|j|☆Diegoelsocorrista
|j|☆Chutdon
|html|DiegoelsocorristaChutdon    
|uhtml|bestof|Game 1 of a best-of-3
|t:|1757667708
|gametype|doubles
|player|p1|Diegoelsocorrista|blaine-lgpe|1078
|player|p2|Chutdon|170|1000
|gen|9
|tier|[Gen 9] VGC 2025 Reg H (Bo3)
|rated|
|rule|Species Clause: Limit one of each Pokémon
|rule|Item Clause: Limit 1 of each item
|clearpoke
|poke|p1|Archaludon, L50, M|
|poke|p1|Rillaboom, L50, M|
|poke|p1|Basculegion, L50, M|
|poke|p1|Kingambit, L50, F|
|poke|p1|Pelipper, L50, M|
|poke|p1|Electabuzz, L50, M|
|poke|p2|Indeedee-F, L50, F|
|poke|p2|Ursaluna, L50, M|
|poke|p2|Annihilape, L50, M|
|poke|p2|Maushold-Four, L50|
|poke|p2|Incineroar, L50, F|
|poke|p2|Whimsicott, L50, F|
|teampreview|4
|showteam|p1|Archaludon||AssaultVest|Stamina|ElectroShot,DracoMeteor,FlashCannon,BodyPress|||M|||50|,,,,,Fairy]Rillaboom||LoadedDice|GrassySurge|BulletSeed,GrassyGlide,FakeOut,Uturn|||M|||50|,,,,,Fire]Basculegion||ChoiceBand|SwiftSwim|WaveCrash,LastRespects,FlipTurn,AquaJet|||M|||50|,,,,,Grass]Kingambit||BlackGlasses|Defiant|KowtowCleave,SuckerPunch,SwordsDance,Protect|||F|||50|,,,,,Dark]Pelipper||FocusSash|Drizzle|WeatherBall,Hurricane,Tailwind,Protect|||M|||50|,,,,,Ghost]Electabuzz||Eviolite|VitalSpirit|Electroweb,Taunt,FollowMe,Protect|||M|||50|,,,,,Ghost
|showteam|p2|Indeedee-F||ColburBerry|PsychicSurge|AlluringVoice,TrickRoom,HelpingHand,FollowMe|||F|||50|,,,,,Fairy]Ursaluna||FlameOrb|Guts|Facade,Protect,StompingTantrum,FocusPunch|||M|||50|,,,,,Ghost]Annihilape||Leftovers|Defiant|CloseCombat,RageFist,BulkUp,Protect|||M|||50|,,,,,Ghost]Maushold-Four||SafetyGoggles|FriendGuard|BeatUp,FollowMe,Protect,PopulationBomb||||||50|,,,,,Ghost]Incineroar||RockyHelmet|Intimidate|KnockOff,PartingShot,FakeOut,FlareBlitz|||F|||50|,,,,,Ghost]Whimsicott||FocusSash|Prankster|Tailwind,Encore,Taunt,Moonblast|||F|||50|,,,,,Ghost
|
|t:|1757667738
|teamsize|p1|4
|teamsize|p2|4
|start
|switch|p1a: Rillaboom|Rillaboom, L50, M|100/100
|switch|p1b: Archaludon|Archaludon, L50, M, shiny|100/100
|switch|p2a: Maushold|Maushold-Four, L50|100/100
|switch|p2b: Annihilape|Annihilape, L50, M, shiny|100/100
|-fieldstart|move: Grassy Terrain|[from] ability: Grassy Surge|[of] p1a: Rillaboom
|turn|1
|
|t:|1757667761
|move|p2a: Maushold|Follow Me|p2a: Maushold
|-singleturn|p2a: Maushold|move: Follow Me
|move|p1a: Rillaboom|Bullet Seed|p2a: Maushold
|-damage|p2a: Maushold|81/100
|-damage|p2a: Maushold|59/100
|-damage|p2a: Maushold|38/100
|-damage|p2a: Maushold|15/100
|-damage|p2a: Maushold|0 fnt
|faint|p2a: Maushold
|-hitcount|p2: Maushold|5
|move|p1b: Archaludon|Body Press|p2b: Annihilape
|-immune|p2b: Annihilape
|move|p2b: Annihilape|Bulk Up|p2b: Annihilape
|-boost|p2b: Annihilape|atk|1
|-boost|p2b: Annihilape|def|1
|
|upkeep
|
|t:|1757667780
|switch|p2a: Incineroar|Incineroar, L50, F|100/100
|-ability|p2a: Incineroar|Intimidate|boost
|-unboost|p1a: Rillaboom|atk|1
|-unboost|p1b: Archaludon|atk|1
|turn|2
|
|t:|1757667796
|switch|p1b: Basculegion|Basculegion, L50, M|100/100
|move|p2a: Incineroar|Fake Out|p1a: Rillaboom
|-damage|p1a: Rillaboom|90/100
|cant|p1a: Rillaboom|flinch
|move|p2b: Annihilape|Close Combat|p1b: Basculegion
|-immune|p1b: Basculegion
|
|-heal|p1a: Rillaboom|96/100|[from] Grassy Terrain
|upkeep
|turn|3
|
|t:|1757667846
|switch|p1a: Pelipper|Pelipper, L50, M|100/100
|-weather|RainDance|[from] ability: Drizzle|[of] p1a: Pelipper
|switch|p2a: Whimsicott|Whimsicott, L50, F, shiny|100/100
|move|p1b: Basculegion|Wave Crash|p2b: Annihilape
|-damage|p2b: Annihilape|27/100
|-damage|p1b: Basculegion|75/100|[from] Recoil
|move|p2b: Annihilape|Rage Fist|p1b: Basculegion
|-supereffective|p1b: Basculegion
|-damage|p1b: Basculegion|0 fnt
|faint|p1b: Basculegion
|
|-weather|RainDance|[upkeep]
|-heal|p2b: Annihilape|33/100|[from] Grassy Terrain
|-heal|p2b: Annihilape|39/100|[from] item: Leftovers
|upkeep
|
|t:|1757667871
|switch|p1b: Rillaboom|Rillaboom, L50, M|96/100
|turn|4
|
|t:|1757667882
|switch|p1a: Archaludon|Archaludon, L50, M, shiny|100/100
|move|p2b: Annihilape|Protect|p2b: Annihilape
|-singleturn|p2b: Annihilape|Protect
|move|p2a: Whimsicott|Tailwind|p2a: Whimsicott
|-sidestart|p2: Chutdon|move: Tailwind
|move|p1b: Rillaboom|Bullet Seed|p1a: Archaludon
|-resisted|p1a: Archaludon
|-damage|p1a: Archaludon|98/100
|-ability|p1a: Archaludon|Stamina|boost
|-boost|p1a: Archaludon|def|1
|-resisted|p1a: Archaludon
|-damage|p1a: Archaludon|96/100
|-ability|p1a: Archaludon|Stamina|boost
|-boost|p1a: Archaludon|def|1
|-resisted|p1a: Archaludon
|-damage|p1a: Archaludon|94/100
|-ability|p1a: Archaludon|Stamina|boost
|-boost|p1a: Archaludon|def|1
|-resisted|p1a: Archaludon
|-damage|p1a: Archaludon|93/100
|-ability|p1a: Archaludon|Stamina|boost
|-boost|p1a: Archaludon|def|1
|-hitcount|p1a: Archaludon|4
|
|-weather|RainDance|[upkeep]
|-heal|p2b: Annihilape|45/100|[from] Grassy Terrain
|-heal|p2b: Annihilape|51/100|[from] item: Leftovers
|-heal|p1b: Rillaboom|100/100|[from] Grassy Terrain
|-heal|p1a: Archaludon|99/100|[from] Grassy Terrain
|upkeep
|turn|5
|
|t:|1757667931
|move|p2b: Annihilape|Protect|p2b: Annihilape
|-singleturn|p2b: Annihilape|Protect
|move|p2a: Whimsicott|Encore|p1b: Rillaboom
|-start|p1b: Rillaboom|Encore
|move|p1b: Rillaboom|Bullet Seed|p1a: Archaludon
|-resisted|p1a: Archaludon
|-damage|p1a: Archaludon|98/100
|-ability|p1a: Archaludon|Stamina|boost
|-boost|p1a: Archaludon|def|1
|-resisted|p1a: Archaludon
|-damage|p1a: Archaludon|97/100
|-ability|p1a: Archaludon|Stamina|boost
|-boost|p1a: Archaludon|def|1
|-resisted|p1a: Archaludon
|-damage|p1a: Archaludon|97/100
|-resisted|p1a: Archaludon
|-damage|p1a: Archaludon|96/100
|-resisted|p1a: Archaludon
|-damage|p1a: Archaludon|96/100
|-hitcount|p1a: Archaludon|5
|move|p1a: Archaludon|Electro Shot||[still]
|-prepare|p1a: Archaludon|Electro Shot
|-boost|p1a: Archaludon|spa|1
|-anim|p1a: Archaludon|Electro Shot|p2b: Annihilape
|-activate|p2b: Annihilape|move: Protect
|
|-weather|RainDance|[upkeep]
|-heal|p2b: Annihilape|57/100|[from] Grassy Terrain
|-heal|p2b: Annihilape|63/100|[from] item: Leftovers
|-heal|p1a: Archaludon|100/100|[from] Grassy Terrain
|-fieldend|move: Grassy Terrain
|upkeep
|turn|6
|inactive|Battle timer is ON: inactive players will automatically lose when time's up. (requested by Diegoelsocorrista)
|
|t:|1757667987
|switch|p2a: Incineroar|Incineroar, L50, F|100/100
|-ability|p2a: Incineroar|Intimidate|boost
|-unboost|p1a: Archaludon|atk|1
|-unboost|p1b: Rillaboom|atk|1
|switch|p1b: Pelipper|Pelipper, L50, M|100/100
|move|p2b: Annihilape|Protect||[still]
|-fail|p2b: Annihilape
|move|p1a: Archaludon|Electro Shot||[still]
|-prepare|p1a: Archaludon|Electro Shot
|-boost|p1a: Archaludon|spa|1
|-anim|p1a: Archaludon|Electro Shot|p2b: Annihilape
|-damage|p2b: Annihilape|1/100
|
|-weather|RainDance|[upkeep]
|-heal|p2b: Annihilape|7/100|[from] item: Leftovers
|upkeep
|turn|7
|inactive|Diegoelsocorrista has 30 seconds left.
|
|t:|1757668016
|-terastallize|p2b: Annihilape|Ghost
|move|p2a: Incineroar|Fake Out|p1a: Archaludon
|-resisted|p1a: Archaludon
|-damage|p1a: Archaludon|99/100
|move|p2b: Annihilape|Rage Fist|p1b: Pelipper
|-enditem|p1b: Pelipper|Focus Sash
|-damage|p1b: Pelipper|1/100
|cant|p1a: Archaludon|flinch
|move|p1b: Pelipper|Hurricane|p2b: Annihilape
|-damage|p2b: Annihilape|0 fnt
|faint|p2b: Annihilape
|
|-weather|none
|-sideend|p2: Chutdon|move: Tailwind
|upkeep
|-message|Chutdon forfeited.
|
|win|Diegoelsocorrista
|l|☆Chutdon
|player|p2|
