|j|☆queenghidorah12
|j|☆KodeBeast0526
|html|queenghidorah12KodeBeast0526    
|uhtml|bestof|Game 2 of a best-of-3
|t:|1784320874
|gametype|doubles
|player|p1|queenghidorah12|102|1153
|player|p2|KodeBeast0526|hiker|1220
|gen|9
|tier|[Gen 9 Champions] VGC 2026 Reg M-B (Bo3)
|rated|
|rule|Species Clause: Limit one of each Pokémon
|rule|Item Clause: Limit 1 of each item
|clearpoke
|poke|p1|Toxapex, L50, M|
|poke|p1|Grimmsnarl, L50, M|
|poke|p1|Scovillain, L50, F|
|poke|p1|Snorlax, L50, F|
|poke|p1|Hydreigon, L50, M|
|poke|p1|Charizard, L50, F|
|poke|p2|Aerodactyl, L50, M|
|poke|p2|Kingambit, L50, M|
|poke|p2|Sylveon, L50, M|
|poke|p2|Garchomp, L50, M|
|poke|p2|Charizard, L50, M|
|poke|p2|Incineroar, L50, M|
|teampreview|4
|showteam|p1|Toxapex||SitrusBerry|Regenerator|BanefulBunker,Toxic,Infestation,WideGuard|Bold||M|||50|]Grimmsnarl||LightClay|Prankster|SpiritBreak,Reflect,LightScreen,PartingShot|Careful||M|||50|]Scovillain||Scovillainite|Moody|LeechSeed,Overheat,RagePowder,Protect|Bold||F|||50|]Snorlax||Leftovers|ThickFat|Yawn,Protect,BodySlam,Fissure|Impish||F|||50|]Hydreigon||ChoiceScarf|Levitate|Snarl,DarkPulse,DracoMeteor,HeatWave|Modest||M|||50|]Charizard||CharizarditeY|Blaze|Protect,HeatWave,SolarBeam,WeatherBall|Timid||F|||50|
|showteam|p2|Aerodactyl||Aerodactylite|Unnerve|RockSlide,IceFang,Tailwind,WideGuard|Jolly||M|||50|]Kingambit||FocusSash|Defiant|KowtowCleave,SuckerPunch,IronHead,Protect|Adamant||M|||50|]Sylveon||FairyFeather|Pixilate|Detect,HyperVoice,HyperBeam,QuickAttack|Modest||M|||50|]Garchomp||LifeOrb|RoughSkin|Earthquake,DragonClaw,StompingTantrum,Protect|Jolly||M|||50|]Charizard||CharizarditeY|Blaze|Protect,HeatWave,SolarBeam,WeatherBall|Modest||M|||50|]Incineroar||SitrusBerry|Intimidate|DarkestLariat,FlareBlitz,FakeOut,PartingShot|Impish||M|||50|
|inactive|Battle timer is ON: inactive players will automatically lose when time's up. (requested by queenghidorah12)
|
|t:|1784320921
|teamsize|p1|4
|teamsize|p2|4
|start
|switch|p1a: Alpharius/omega|Scovillain, L50, F|100/100
|switch|p1b: Horus|Grimmsnarl, L50, M|100/100
|switch|p2a: Incineroar|Incineroar, L50, M|100/100
|switch|p2b: Kingambit|Kingambit, L50, M|100/100
|-ability|p2a: Incineroar|Intimidate|boost
|-unboost|p1a: Alpharius/omega|atk|1
|-unboost|p1b: Horus|atk|1
|turn|1
|
|t:|1784320935
|detailschange|p1a: Alpharius/omega|Scovillain-Mega, L50, F
|-mega|p1a: Alpharius/omega|Scovillain|Scovillainite
|move|p2a: Incineroar|Fake Out|p1a: Alpharius/omega
|-damage|p1a: Alpharius/omega|90/100
|-immune|p2a: Incineroar
|move|p1b: Horus|Reflect|p1b: Horus
|-sidestart|p1: queenghidorah12|Reflect
|move|p2b: Kingambit|Iron Head|p1b: Horus
|-supereffective|p1b: Horus|1
|-damage|p1b: Horus|34/100
|cant|p1a: Alpharius/omega|flinch
|
|upkeep
|turn|2
|
|t:|1784320952
|switch|p2b: Charizard|Charizard, L50, M|100/100
|move|p1a: Alpharius/omega|Rage Powder|p1a: Alpharius/omega
|-singleturn|p1a: Alpharius/omega|move: Rage Powder
|move|p1b: Horus|Light Screen|p1b: Horus
|-sidestart|p1: queenghidorah12|move: Light Screen
|move|p2a: Incineroar|Flare Blitz|p1a: Alpharius/omega
|-damage|p1a: Alpharius/omega|61/100
|-immune|p2a: Incineroar
|-damage|p2a: Incineroar|91/100|[from] Recoil
|
|upkeep
|turn|3
|
|t:|1784320967
|switch|p2b: Kingambit|Kingambit, L50, M|100/100
|move|p1b: Horus|Parting Shot|p2b: Kingambit
|-hint|Since gen 7, Dark is immune to Prankster moves.
|-immune|p2b: Kingambit
|move|p1a: Alpharius/omega|Leech Seed|p2a: Incineroar
|-start|p2a: Incineroar|move: Leech Seed
|move|p2a: Incineroar|Flare Blitz|p1a: Alpharius/omega
|-damage|p1a: Alpharius/omega|29/100
|-immune|p2a: Incineroar
|-damage|p2a: Incineroar|82/100|[from] Recoil
|
|-damage|p2a: Incineroar|70/100|[from] Leech Seed|[of] p1a: Alpharius/omega
|-heal|p1a: Alpharius/omega|44/100|[silent]
|upkeep
|turn|4
|
|t:|1784320991
|switch|p1b: Guilliman|Toxapex, L50, M|100/100
|move|p2b: Kingambit|Protect|p2b: Kingambit
|-singleturn|p2b: Kingambit|Protect
|move|p1a: Alpharius/omega|Leech Seed|p2b: Kingambit
|-activate|p2b: Kingambit|move: Protect
|move|p2a: Incineroar|Flare Blitz|p1a: Alpharius/omega
|-damage|p1a: Alpharius/omega|17/100
|-immune|p2a: Incineroar
|-damage|p2a: Incineroar|62/100|[from] Recoil
|
|-damage|p2a: Incineroar|50/100g|[from] Leech Seed|[of] p1a: Alpharius/omega
|-heal|p1a: Alpharius/omega|31/100|[silent]
|upkeep
|turn|5
|inactive|KodeBeast0526 has 30 seconds left.
|
|t:|1784321021
|move|p1a: Alpharius/omega|Protect|p1a: Alpharius/omega
|-singleturn|p1a: Alpharius/omega|Protect
|move|p2b: Kingambit|Sucker Punch||[still]
|-fail|p2b: Kingambit
|move|p2a: Incineroar|Flare Blitz|p1a: Alpharius/omega
|-activate|p1a: Alpharius/omega|move: Protect
|move|p1b: Guilliman|Toxic|p2a: Incineroar
|-status|p2a: Incineroar|tox
|
|-damage|p2a: Incineroar|38/100 tox|[from] Leech Seed|[of] p1a: Alpharius/omega
|-heal|p1a: Alpharius/omega|46/100|[silent]
|-damage|p2a: Incineroar|32/100 tox|[from] psn
|upkeep
|-enditem|p2a: Incineroar|Sitrus Berry|[eat]
|-heal|p2a: Incineroar|56/100 tox|[from] item: Sitrus Berry
|turn|6
|
|t:|1784321044
|move|p2b: Kingambit|Protect|p2b: Kingambit
|-singleturn|p2b: Kingambit|Protect
|move|p1a: Alpharius/omega|Leech Seed|p2b: Kingambit
|-activate|p2b: Kingambit|move: Protect
|move|p2a: Incineroar|Flare Blitz|p1a: Alpharius/omega
|-crit|p1a: Alpharius/omega
|-damage|p1a: Alpharius/omega|0 fnt
|faint|p1a: Alpharius/omega
|-damage|p2a: Incineroar|44/100 tox|[from] Recoil
|move|p1b: Guilliman|Infestation|p2b: Kingambit
|-activate|p2b: Kingambit|move: Protect
|
|-damage|p2a: Incineroar|32/100 tox|[from] psn
|upkeep
|
|t:|1784321052
|switch|p1a: Lion ElJonson|Snorlax, L50, F|100/100
|turn|7
|
|t:|1784321062
|move|p2b: Kingambit|Iron Head|p1b: Guilliman
|-resisted|p1b: Guilliman|1
|-damage|p1b: Guilliman|89/100
|move|p2a: Incineroar|Flare Blitz|p1b: Guilliman
|-resisted|p1b: Guilliman|1
|-damage|p1b: Guilliman|78/100
|-damage|p2a: Incineroar|29/100 tox|[from] Recoil
|move|p1b: Guilliman|Infestation|p2b: Kingambit
|-crit|p2b: Kingambit
|-damage|p2b: Kingambit|94/100
|-activate|p2b: Kingambit|move: Infestation|[of] p1b: Guilliman
|move|p1a: Lion ElJonson|Yawn|p2b: Kingambit
|-start|p2b: Kingambit|move: Yawn|[of] p1a: Lion ElJonson
|
|-damage|p2a: Incineroar|16/100 tox|[from] Leech Seed|[of] p1a: Lion ElJonson
|-damage|p2a: Incineroar|0 fnt|[from] psn
|faint|p2a: Incineroar
|-damage|p2b: Kingambit|82/100|[from] move: Infestation|[partiallytrapped]
|upkeep
|
|t:|1784321073
|switch|p2a: Garchomp|Garchomp, L50, M|100/100
|turn|8
|
|t:|1784321099
|move|p1b: Guilliman|Baneful Bunker|p1b: Guilliman
|-singleturn|p1b: Guilliman|move: Protect
|move|p2a: Garchomp|Stomping Tantrum|p1a: Lion ElJonson
|-damage|p1a: Lion ElJonson|80/100
|-damage|p2a: Garchomp|90/100|[from] item: Life Orb
|move|p2b: Kingambit|Iron Head|p1a: Lion ElJonson
|-damage|p1a: Lion ElJonson|62/100
|cant|p1a: Lion ElJonson|flinch
|
|-heal|p1a: Lion ElJonson|68/100|[from] item: Leftovers
|-damage|p2b: Kingambit|70/100|[from] move: Infestation|[partiallytrapped]
|-end|p2b: Kingambit|move: Yawn|[silent]
|-status|p2b: Kingambit|slp
|-sideend|p1: queenghidorah12|Reflect
|upkeep
|turn|9
|
|t:|1784321122
|switch|p1a: Horus|Grimmsnarl, L50, M|34/100
|cant|p2b: Kingambit|slp
|move|p2a: Garchomp|Earthquake|p1a: Horus|[spread] p2b,p1a,p1b
|-supereffective|p2b: Kingambit|1
|-supereffective|p1b: Guilliman|1
|-damage|p2b: Kingambit|0 fnt
|-damage|p1a: Horus|0 fnt
|-damage|p1b: Guilliman|17/100
|-enditem|p1b: Guilliman|Sitrus Berry|[eat]
|-heal|p1b: Guilliman|42/100|[from] item: Sitrus Berry
|faint|p2b: Kingambit
|faint|p1a: Horus
|-damage|p2a: Garchomp|80/100|[from] item: Life Orb
|move|p1b: Guilliman|Toxic|p2a: Garchomp
|-status|p2a: Garchomp|tox
|
|-damage|p2a: Garchomp|74/100 tox|[from] psn
|-sideend|p1: queenghidorah12|move: Light Screen
|upkeep
|
|t:|1784321138
|switch|p2b: Charizard|Charizard, L50, M|100/100
|switch|p1a: Lion ElJonson|Snorlax, L50, F|68/100
|turn|10
|
|t:|1784321158
|detailschange|p2b: Charizard|Charizard-Mega-Y, L50, M
|-mega|p2b: Charizard|Charizard|Charizardite Y
|-weather|SunnyDay|[from] ability: Drought|[of] p2b: Charizard
|move|p1b: Guilliman|Wide Guard|p1b: Guilliman
|-singleturn|p1b: Guilliman|Wide Guard
|move|p2a: Garchomp|Stomping Tantrum|p1a: Lion ElJonson
|-damage|p1a: Lion ElJonson|32/100
|-damage|p2a: Garchomp|64/100 tox|[from] item: Life Orb
|move|p2b: Charizard|Weather Ball|p1a: Lion ElJonson
|-damage|p1a: Lion ElJonson|7/100
|move|p1a: Lion ElJonson|Yawn|p2b: Charizard
|-start|p2b: Charizard|move: Yawn|[of] p1a: Lion ElJonson
|
|-weather|SunnyDay|[upkeep]
|-heal|p1a: Lion ElJonson|13/100|[from] item: Leftovers
|-damage|p2a: Garchomp|52/100 tox|[from] psn
|upkeep
|turn|11
|
|t:|1784321181
|move|p1b: Guilliman|Baneful Bunker||[still]
|-fail|p1b: Guilliman
|move|p1a: Lion ElJonson|Protect|p1a: Lion ElJonson
|-singleturn|p1a: Lion ElJonson|Protect
|move|p2a: Garchomp|Stomping Tantrum|p1a: Lion ElJonson
|-activate|p1a: Lion ElJonson|move: Protect
|move|p2b: Charizard|Solar Beam||[still]
|-prepare|p2b: Charizard|Solar Beam
|-anim|p2b: Charizard|Solar Beam|p1b: Guilliman
|-damage|p1b: Guilliman|1/100
|
|-weather|SunnyDay|[upkeep]
|-heal|p1a: Lion ElJonson|19/100|[from] item: Leftovers
|-damage|p2a: Garchomp|34/100 tox|[from] psn
|-end|p2b: Charizard|move: Yawn|[silent]
|-status|p2b: Charizard|slp
|upkeep
|turn|12
|
|t:|1784321200
|cant|p2b: Charizard|slp
|move|p1b: Guilliman|Wide Guard|p1b: Guilliman
|-singleturn|p1b: Guilliman|Wide Guard
|move|p2a: Garchomp|Stomping Tantrum|p1a: Lion ElJonson
|-damage|p1a: Lion ElJonson|0 fnt
|faint|p1a: Lion ElJonson
|-damage|p2a: Garchomp|24/100 tox|[from] item: Life Orb
|
|-weather|SunnyDay|[upkeep]
|-damage|p2a: Garchomp|1/100 tox|[from] psn
|upkeep
|turn|13
|
|t:|1784321210
|move|p1b: Guilliman|Baneful Bunker||[still]
|-fail|p1b: Guilliman
|move|p2a: Garchomp|Stomping Tantrum|p1b: Guilliman
|-supereffective|p1b: Guilliman|1
|-damage|p1b: Guilliman|0 fnt
|faint|p1b: Guilliman
|-damage|p2a: Garchomp|0 fnt|[from] item: Life Orb
|faint|p2a: Garchomp
|
|win|KodeBeast0526
