|j|☆kpizzle35
|j|☆MrsMarxy
|html|kpizzle35MrsMarxy    
|uhtml|bestof|Game 2 of a best-of-3
|t:|1785435434
|gametype|doubles
|player|p1|kpizzle35|102|1119
|player|p2|MrsMarxy|bellelba|1093
|gen|9
|tier|[Gen 9 Champions] VGC 2026 Reg M-B (Bo3)
|rated|
|rule|Species Clause: Limit one of each Pokémon
|rule|Item Clause: Limit 1 of each item
|clearpoke
|poke|p1|Torkoal, L50, F|
|poke|p1|Farigiraf, L50, F|
|poke|p1|Avalugg-Hisui, L50, F|
|poke|p1|Mr. Rime, L50, M|
|poke|p1|Chesnaught, L50, F|
|poke|p1|Raichu, L50, F|
|poke|p2|Blaziken, L50, M|
|poke|p2|Ninetales-Alola, L50, M|
|poke|p2|Kingambit, L50, M|
|poke|p2|Basculegion, L50, M|
|poke|p2|Whimsicott, L50, F|
|poke|p2|Glimmora, L50, M|
|teampreview|4
|showteam|p1|Torkoal||Charcoal|Drought|Eruption,WeatherBall,EarthPower,HeatWave|Modest||F|||50|]Farigiraf||LifeOrb|ArmorTail|HyperVoice,DazzlingGleam,TrickRoom,ExpandingForce|Quiet||F|||50|]Avalugg-Hisui||WideLens|Sturdy|MountainGale,RockSlide,WideGuard,BodyPress|Brave||F|||50|]Mr. Rime||IronBall|ScreenCleaner|FreezeDry,PsychicTerrain,FakeOut,Encore|Quiet||M|||50|]Chesnaught||Chesnaughtite|Bulletproof|SpikyShield,Feint,KnockOff,BodyPress|Relaxed||F|||50|]Raichu||RaichuniteY|Static|FakeOut,ZapCannon,FocusBlast,Protect|Hasty||F|||50|
|showteam|p2|Blaziken||Blazikenite|SpeedBoost|AuraSphere,HeatWave,ScorchingSands,Detect|Modest||M|||50|]Ninetales-Alola||LifeOrb|SnowWarning|Blizzard,FreezeDry,Moonblast,Protect|Timid||M|||50|]Kingambit||BlackGlasses|Defiant|SuckerPunch,IronHead,Protect,KowtowCleave|Adamant||M|||50|]Basculegion||ChoiceScarf|Adaptability|LastRespects,WaveCrash,AquaJet,FlipTurn|Jolly||M|||50|]Whimsicott||FocusSash|Prankster|Moonblast,Tailwind,Protect,Encore|Timid||F|||50|]Glimmora||Glimmoranite|ToxicDebris|PowerGem,EarthPower,SludgeBomb,SpikyShield|Modest||M|||50|
|inactive|Battle timer is ON: inactive players will automatically lose when time's up. (requested by MrsMarxy)
|inactive|MrsMarxy has 60 seconds left.
|inactive|MrsMarxy has 30 seconds left.
|
|t:|1785435496
|teamsize|p1|4
|teamsize|p2|4
|start
|switch|p1a: Farigiraf|Farigiraf, L50, F|100/100
|switch|p1b: Mr. Rime|Mr. Rime, L50, M|100/100
|switch|p2a: Basculegion|Basculegion, L50, M|100/100
|switch|p2b: Kingambit|Kingambit, L50, M|100/100
|turn|1
|inactive|MrsMarxy has 30 seconds left.
|
|t:|1785435527
|move|p1b: Mr. Rime|Fake Out|p2b: Kingambit
|-resisted|p2b: Kingambit|1
|-damage|p2b: Kingambit|96/100
|move|p2a: Basculegion|Wave Crash|p1a: Farigiraf
|-damage|p1a: Farigiraf|19/100
|-damage|p2a: Basculegion|69/100|[from] Recoil
|cant|p2b: Kingambit|flinch
|move|p1a: Farigiraf|Trick Room|p1a: Farigiraf
|-fieldstart|move: Trick Room|[of] p1a: Farigiraf
|
|upkeep
|turn|2
|inactive|MrsMarxy has 30 seconds left.
|inactive|MrsMarxy has 20 seconds left.
|inactive|MrsMarxy has 15 seconds left.
|
|t:|1785435571
|move|p1b: Mr. Rime|Freeze-Dry|p2a: Basculegion
|-supereffective|p2a: Basculegion|1
|-damage|p2a: Basculegion|4/100
|move|p1a: Farigiraf|Dazzling Gleam|p2a: Basculegion|[spread] p2a,p2b
|-damage|p2a: Basculegion|0 fnt
|-damage|p2b: Kingambit|67/100
|faint|p2a: Basculegion
|-damage|p1a: Farigiraf|10/100|[from] item: Life Orb
|move|p2b: Kingambit|Iron Head|p1b: Mr. Rime
|-supereffective|p1b: Mr. Rime|1
|-damage|p1b: Mr. Rime|9/100
|
|upkeep
|
|t:|1785435588
|switch|p2a: Blaziken|Blaziken, L50, M|100/100
|turn|3
|inactive|kpizzle35 has 30 seconds left.
|
|t:|1785435621
|detailschange|p2a: Blaziken|Blaziken-Mega, L50, M
|-mega|p2a: Blaziken|Blaziken|Blazikenite
|move|p2a: Blaziken|Detect|p2a: Blaziken
|-singleturn|p2a: Blaziken|Protect
|move|p1b: Mr. Rime|Freeze-Dry|p2b: Kingambit
|-resisted|p2b: Kingambit|1
|-damage|p2b: Kingambit|49/100
|move|p1a: Farigiraf|Expanding Force|p2a: Blaziken
|-activate|p2a: Blaziken|move: Protect
|move|p2b: Kingambit|Kowtow Cleave|p1a: Farigiraf
|-supereffective|p1a: Farigiraf|1
|-damage|p1a: Farigiraf|0 fnt
|faint|p1a: Farigiraf
|
|-ability|p2a: Blaziken|Speed Boost|boost
|-boost|p2a: Blaziken|spe|1
|upkeep
|
|t:|1785435628
|switch|p1a: Chesnaught|Chesnaught, L50, F|100/100
|turn|4
|
|t:|1785435647
|switch|p2b: Ninetales|Ninetales-Alola, L50, M|100/100
|-weather|Snowscape|[from] ability: Snow Warning|[of] p2b: Ninetales
|detailschange|p1a: Chesnaught|Chesnaught-Mega, L50, F
|-mega|p1a: Chesnaught|Chesnaught|Chesnaughtite
|move|p1b: Mr. Rime|Encore|p2a: Blaziken
|-start|p2a: Blaziken|Encore
|move|p2a: Blaziken|Detect||[still]
|-fail|p2a: Blaziken
|move|p1a: Chesnaught|Body Press|p2b: Ninetales
|-damage|p2b: Ninetales|40/100
|
|-weather|Snowscape|[upkeep]
|-ability|p2a: Blaziken|Speed Boost|boost
|-boost|p2a: Blaziken|spe|1
|upkeep
|turn|5
|inactive|kpizzle35 has 30 seconds left.
|inactive|kpizzle35 has 20 seconds left.
|
|t:|1785435684
|switch|p2a: Kingambit|Kingambit, L50, M|49/100
|move|p2b: Ninetales|Protect|p2b: Ninetales
|-singleturn|p2b: Ninetales|Protect
|move|p1b: Mr. Rime|Freeze-Dry|p2b: Ninetales
|-activate|p2b: Ninetales|move: Protect
|move|p1a: Chesnaught|Body Press|p2b: Ninetales
|-activate|p2b: Ninetales|move: Protect
|
|-weather|Snowscape|[upkeep]
|-fieldend|move: Trick Room
|upkeep
|turn|6
|inactive|MrsMarxy has 30 seconds left.
|inactive|MrsMarxy has 20 seconds left.
|
|t:|1785435722
|move|p1a: Chesnaught|Spiky Shield|p1a: Chesnaught
|-singleturn|p1a: Chesnaught|move: Protect
|move|p2b: Ninetales|Blizzard|p1b: Mr. Rime|[spread] p1b
|-activate|p1a: Chesnaught|move: Protect
|-resisted|p1b: Mr. Rime|1
|-damage|p1b: Mr. Rime|0 fnt
|faint|p1b: Mr. Rime
|-damage|p2b: Ninetales|30/100|[from] item: Life Orb
|move|p2a: Kingambit|Kowtow Cleave|p1a: Chesnaught
|-activate|p1a: Chesnaught|move: Protect
|-damage|p2a: Kingambit|36/100|[from] Spiky Shield|[of] p1a: Chesnaught
|
|-weather|Snowscape|[upkeep]
|upkeep
|
|t:|1785435730
|switch|p1b: Avalugg|Avalugg-Hisui, L50, F|100/100
|turn|7
|
|t:|1785435753
|move|p1b: Avalugg|Wide Guard|p1b: Avalugg
|-singleturn|p1b: Avalugg|Wide Guard
|move|p2b: Ninetales|Moonblast|p1a: Chesnaught
|-supereffective|p1a: Chesnaught|1
|-damage|p1a: Chesnaught|20/100r
|-damage|p2b: Ninetales|20/100r|[from] item: Life Orb
|move|p2a: Kingambit|Kowtow Cleave|p1a: Chesnaught
|-resisted|p1a: Chesnaught|1
|-damage|p1a: Chesnaught|7/100
|move|p1a: Chesnaught|Body Press|p2b: Ninetales
|-damage|p2b: Ninetales|0 fnt
|faint|p2b: Ninetales
|
|-weather|Snowscape|[upkeep]
|upkeep
|
|t:|1785435765
|switch|p2b: Blaziken|Blaziken-Mega, L50, M|100/100
|turn|8
|
|t:|1785435774
|move|p1a: Chesnaught|Spiky Shield|p1a: Chesnaught
|-singleturn|p1a: Chesnaught|move: Protect
|move|p2a: Kingambit|Sucker Punch||[still]
|-fail|p2a: Kingambit
|move|p2b: Blaziken|Aura Sphere|p1b: Avalugg
|-supereffective|p1b: Avalugg|2
|-ability|p1b: Avalugg|Sturdy
|-damage|p1b: Avalugg|1/100
|move|p1b: Avalugg|Body Press|p2b: Blaziken
|-damage|p2b: Blaziken|55/100
|
|-weather|none
|-ability|p2b: Blaziken|Speed Boost|boost
|-boost|p2b: Blaziken|spe|1
|upkeep
|turn|9
|
|t:|1785435792
|move|p1a: Chesnaught|Feint|p2b: Blaziken
|-damage|p2b: Blaziken|42/100
|move|p2a: Kingambit|Sucker Punch||[still]
|-fail|p2a: Kingambit
|move|p2b: Blaziken|Aura Sphere|p1b: Avalugg
|-supereffective|p1b: Avalugg|2
|-damage|p1b: Avalugg|0 fnt
|faint|p1b: Avalugg
|
|-ability|p2b: Blaziken|Speed Boost|boost
|-boost|p2b: Blaziken|spe|1
|upkeep
|turn|10
|-message|kpizzle35 forfeited.
|raw|kpizzle35's rating: 1119 → 1092(-27 for losing)
|raw|MrsMarxy's rating: 1093 → 1121(+28 for winning)
|
|win|MrsMarxy
|l|☆kpizzle35
|player|p1|
