|j|☆homerj71
|j|☆dripminister1
|html|homerj71dripminister1    
|uhtml|bestof|Game 3 of a best-of-3
|t:|1783884582
|gametype|doubles
|player|p1|homerj71|169|1249
|player|p2|dripminister1|2|1325
|gen|9
|tier|[Gen 9 Champions] VGC 2026 Reg M-B (Bo3)
|rated|
|rule|Species Clause: Limit one of each Pokémon
|rule|Item Clause: Limit 1 of each item
|clearpoke
|poke|p1|Sneasler, L50, F|
|poke|p1|Sinistcha, L50|
|poke|p1|Incineroar, L50, F|
|poke|p1|Kingambit, L50, M|
|poke|p1|Delphox, L50, F|
|poke|p1|Floette-Eternal, L50, F|
|poke|p2|Swampert, L50, M, shiny|
|poke|p2|Gholdengo, L50|
|poke|p2|Archaludon, L50, F, shiny|
|poke|p2|Pelipper, L50, F|
|poke|p2|Grimmsnarl, L50, M|
|poke|p2|Sinistcha-Masterpiece, L50|
|teampreview|4
|showteam|p1|Sneasler||FocusSash|PoisonTouch|QuickGuard,FakeOut,DireClaw,CloseCombat|Jolly||F|||50|]Sinistcha||OccaBerry|Hospitality|Protect,RagePowder,MatchaGotcha,TrickRoom|Relaxed|||||50|]Incineroar||SitrusBerry|Intimidate|FakeOut,FlareBlitz,ThroatChop,PartingShot|Careful||F|||50|]Kingambit||BlackGlasses|Defiant|KowtowCleave,SwordsDance,SuckerPunch,Protect|Adamant||M|||50|]Delphox||Delphoxite|Blaze|Protect,NastyPlot,HeatWave,Psyshock|Timid||F|||50|]Floette-Eternal||Floettite|FlowerVeil|Moonblast,CalmMind,Protect,DazzlingGleam|Bold||F|||50|
|showteam|p2|Swampert||Swampertite|Damp|Earthquake,IcePunch,WaveCrash,Protect|Adamant||M|||50|]Gholdengo||LifeOrb|GoodasGold|MakeItRain,ShadowBall,NastyPlot,Protect|Modest|||||50|]Archaludon||Leftovers|Stamina|ElectroShot,DragonPulse,FlashCannon,Protect|Modest||F|||50|]Pelipper||SitrusBerry|Drizzle|Hurricane,Tailwind,WeatherBall,WideGuard|Bold||F|||50|]Grimmsnarl||LightClay|Prankster|Reflect,LightScreen,FoulPlay,PartingShot|Careful||M|||50|]Sinistcha-Masterpiece||CobaBerry|Hospitality|Protect,RagePowder,MatchaGotcha,LifeDew|Bold|||||50|
|inactive|Battle timer is ON: inactive players will automatically lose when time's up. (requested by dripminister1)
|inactive|homerj71 also wants the timer to be on.
|
|t:|1783884597
|teamsize|p1|4
|teamsize|p2|4
|start
|switch|p1a: Kingambit|Kingambit, L50, M|100/100
|switch|p1b: Floette|Floette-Eternal, L50, F|100/100
|switch|p2a: Pelipper|Pelipper, L50, F|100/100
|switch|p2b: Archaludon|Archaludon, L50, F, shiny|100/100
|-weather|RainDance|[from] ability: Drizzle|[of] p2a: Pelipper
|turn|1
|
|t:|1783884615
|detailschange|p1b: Floette|Floette-Mega, L50, F
|-mega|p1b: Floette|Floette|Floettite
|-ability|p1b: Floette|Fairy Aura
|move|p1a: Kingambit|Sucker Punch|p2b: Archaludon
|-damage|p2b: Archaludon|60/100
|-ability|p2b: Archaludon|Stamina|boost
|-boost|p2b: Archaludon|def|1
|move|p1b: Floette|Moonblast|p2b: Archaludon
|-damage|p2b: Archaludon|0 fnt
|faint|p2b: Archaludon
|move|p2a: Pelipper|Weather Ball|p1b: Floette
|-damage|p1b: Floette|58/100
|
|-weather|RainDance|[upkeep]
|upkeep
|
|t:|1783884629
|switch|p2b: Swampert|Swampert, L50, M, shiny|100/100
|turn|2
|
|t:|1783884643
|switch|p1b: Incineroar|Incineroar, L50, F|100/100
|-ability|p1b: Incineroar|Intimidate|boost
|-unboost|p2a: Pelipper|atk|1
|-unboost|p2b: Swampert|atk|1
|detailschange|p2b: Swampert|Swampert-Mega, L50, M, shiny
|-mega|p2b: Swampert|Swampert|Swampertite
|move|p1a: Kingambit|Sucker Punch|p2b: Swampert
|-damage|p2b: Swampert|57/100
|move|p2b: Swampert|Earthquake|p1b: Incineroar|[spread] p1a,p1b
|-immune|p2a: Pelipper
|-supereffective|p1a: Kingambit|1
|-supereffective|p1b: Incineroar|1
|-damage|p1a: Kingambit|55/100
|-damage|p1b: Incineroar|42/100
|-enditem|p1b: Incineroar|Sitrus Berry|[eat]
|-heal|p1b: Incineroar|67/100|[from] item: Sitrus Berry
|move|p2a: Pelipper|Weather Ball|p1a: Kingambit
|-damage|p1a: Kingambit|1/100
|
|-weather|RainDance|[upkeep]
|upkeep
|turn|3
|
|t:|1783884667
|move|p2b: Swampert|Protect|p2b: Swampert
|-singleturn|p2b: Swampert|Protect
|move|p1b: Incineroar|Fake Out|p2b: Swampert
|-activate|p2b: Swampert|move: Protect
|move|p1a: Kingambit|Sucker Punch||[still]
|-fail|p1a: Kingambit
|move|p2a: Pelipper|Weather Ball|p1a: Kingambit
|-damage|p1a: Kingambit|0 fnt
|faint|p1a: Kingambit
|
|-weather|RainDance|[upkeep]
|upkeep
|
|t:|1783884671
|switch|p1a: Sinistcha|Sinistcha, L50|100/100
|-heal|p1b: Incineroar|92/100|[from] ability: Hospitality|[of] p1a: Sinistcha
|turn|4
|
|t:|1783884684
|switch|p2b: Gholdengo|Gholdengo, L50|100/100
|move|p1b: Incineroar|Parting Shot|p2b: Gholdengo
|-immune|p2b: Gholdengo|[from] ability: Good as Gold
|move|p2a: Pelipper|Tailwind|p2a: Pelipper
|-sidestart|p2: dripminister1|move: Tailwind
|move|p1a: Sinistcha|Matcha Gotcha|p2b: Gholdengo|[spread] p2a,p2b
|-resisted|p2b: Gholdengo|1
|-damage|p2a: Pelipper|71/100
|-damage|p2b: Gholdengo|86/100
|
|-weather|RainDance|[upkeep]
|upkeep
|turn|5
|
|t:|1783884701
|move|p1a: Sinistcha|Rage Powder|p1a: Sinistcha
|-singleturn|p1a: Sinistcha|move: Rage Powder
|move|p2b: Gholdengo|Shadow Ball|p1a: Sinistcha
|-supereffective|p1a: Sinistcha|1
|-damage|p1a: Sinistcha|0 fnt
|faint|p1a: Sinistcha
|-damage|p2b: Gholdengo|76/100|[from] item: Life Orb
|move|p2a: Pelipper|Hurricane|p1b: Incineroar
|-damage|p1b: Incineroar|61/100
|-start|p1b: Incineroar|confusion
|-activate|p1b: Incineroar|confusion
|move|p1b: Incineroar|Throat Chop|p2b: Gholdengo
|-supereffective|p2b: Gholdengo|1
|-crit|p2b: Gholdengo
|-damage|p2b: Gholdengo|0 fnt
|faint|p2b: Gholdengo
|
|-weather|none
|upkeep
|
|t:|1783884716
|switch|p2b: Swampert|Swampert-Mega, L50, M, shiny|57/100
|switch|p1a: Floette|Floette-Mega, L50, F|58/100
|-ability|p1a: Floette|Fairy Aura
|turn|6
|
|t:|1783884726
|move|p2b: Swampert|Earthquake|p1b: Incineroar|[spread] p1a,p1b
|-immune|p2a: Pelipper
|-supereffective|p1b: Incineroar|1
|-damage|p1a: Floette|18/100
|-damage|p1b: Incineroar|0 fnt
|faint|p1b: Incineroar
|move|p2a: Pelipper|Hurricane|p1a: Floette
|-damage|p1a: Floette|0 fnt
|faint|p1a: Floette
|
|win|dripminister1
|raw|homerj71's rating: 1249 → 1229(-20 for losing)
|raw|dripminister1's rating: 1325 → 1341(+16 for winning)
