|j|☆Toxic KIng 22
|j|☆CretaceousDraconid
|html|Toxic KIng 22CretaceousDraconid    
|uhtml|bestof|Game 1 of a best-of-3
|t:|1757834197
|gametype|doubles
|player|p1|Toxic KIng 22|169|1237
|player|p2|CretaceousDraconid|zinnia-masters|1233
|gen|9
|tier|[Gen 9] VGC 2025 Reg H (Bo3)
|rated|
|rule|Species Clause: Limit one of each Pokémon
|rule|Item Clause: Limit 1 of each item
|clearpoke
|poke|p1|Kingambit, L50, F|
|poke|p1|Rillaboom, L50, F|
|poke|p1|Electabuzz, L50, M|
|poke|p1|Volcarona, L50, M|
|poke|p1|Sneasler, L50, M|
|poke|p1|Dragonite, L50, F|
|poke|p2|Whimsicott, L50, F|
|poke|p2|Incineroar, L50, M|
|poke|p2|Salamence, L50, M|
|poke|p2|Garchomp, L50, F|
|poke|p2|Sneasler, L50, F|
|poke|p2|Ninetales-Alola, L50, M|
|teampreview|4
|showteam|p1|Kingambit||Leftovers|Defiant|KowtowCleave,SuckerPunch,SwordsDance,Protect|||F|||50|,,,,,Water]Rillaboom||AssaultVest|GrassySurge|FakeOut,GrassyGlide,HighHorsepower,WoodHammer|||F|||50|,,,,,Fire]Electabuzz||Eviolite|VitalSpirit|FollowMe,Electroweb,Taunt,Protect|||M|||50|,,,,,Ghost]Volcarona||CovertCloak|FlameBody|TeraBlast,HeatWave,QuiverDance,Protect|||M|||50|,,,,,Fairy]Sneasler||FocusSash|PoisonTouch|FakeOut,DireClaw,CloseCombat,Protect|||M|||50|,,,,,Stellar]Dragonite||LoadedDice|Multiscale|ScaleShot,Haze,ExtremeSpeed,Protect|||F|||50|,,,,,Fairy
|showteam|p2|Whimsicott||CovertCloak|Prankster|Tailwind,Moonblast,Encore,Taunt|||F|||50|,,,,,Water]Incineroar||SafetyGoggles|Intimidate|FakeOut,Taunt,PartingShot,KnockOff|||M|||50|,,,,,Ghost]Salamence||ChoiceSpecs|Intimidate|Hurricane,HeatWave,DracoMeteor,HydroPump|||M|||50|,,,,,Fire]Garchomp||LoadedDice|RoughSkin|StompingTantrum,Earthquake,ScaleShot,Protect|||F|||50|,,,,,Ghost]Sneasler||FocusSash|PoisonTouch|DireClaw,CloseCombat,Coaching,Protect|||F|||50|,,,,,Fairy]Ninetales-Alola||NeverMeltIce|SnowWarning|FreezeDry,Blizzard,AuroraVeil,Protect|||M|||50|,,,,,Ghost
|inactive|Battle timer is ON: inactive players will automatically lose when time's up. (requested by Toxic KIng 22)
|
|t:|1757834236
|teamsize|p1|4
|teamsize|p2|4
|start
|switch|p1a: Sneasler|Sneasler, L50, M|100/100
|switch|p1b: Volcarona|Volcarona, L50, M, shiny|100/100
|switch|p2a: Garchomp|Garchomp, L50, F|100/100
|switch|p2b: TheFuckYouGuy|Sneasler, L50, F|100/100
|turn|1
|
|t:|1757834248
|-terastallize|p2a: Garchomp|Ghost
|move|p2b: TheFuckYouGuy|Protect|p2b: TheFuckYouGuy
|-singleturn|p2b: TheFuckYouGuy|Protect
|move|p1a: Sneasler|Fake Out|p2a: Garchomp
|-immune|p2a: Garchomp
|move|p2a: Garchomp|Earthquake|p1b: Volcarona|[spread] p1a,p1b
|-activate|p2b: TheFuckYouGuy|move: Protect
|-supereffective|p1a: Sneasler
|-enditem|p1a: Sneasler|Focus Sash
|-damage|p1a: Sneasler|1/100
|-damage|p1b: Volcarona|54/100
|move|p1b: Volcarona|Quiver Dance|p1b: Volcarona
|-boost|p1b: Volcarona|spa|1
|-boost|p1b: Volcarona|spd|1
|-boost|p1b: Volcarona|spe|1
|
|upkeep
|turn|2
|inactive|CretaceousDraconid has 30 seconds left.
|
|t:|1757834282
|move|p1b: Volcarona|Heat Wave|p2a: Garchomp|[spread] p2a,p2b
|-damage|p2a: Garchomp|41/100
|-damage|p2b: TheFuckYouGuy|22/100
|move|p2b: TheFuckYouGuy|Dire Claw|p1b: Volcarona
|-damage|p1b: Volcarona|2/100
|move|p1a: Sneasler|Dire Claw|p2a: Garchomp
|-resisted|p2a: Garchomp
|-damage|p2a: Garchomp|21/100
|-status|p2a: Garchomp|par
|-damage|p1a: Sneasler|0 fnt|[from] ability: Rough Skin|[of] p2a: Garchomp
|faint|p1a: Sneasler
|move|p2a: Garchomp|Scale Shot|p1b: Volcarona
|-damage|p1b: Volcarona|0 fnt
|faint|p1b: Volcarona
|-hitcount|p1: Volcarona|1
|-unboost|p2a: Garchomp|def|1
|-boost|p2a: Garchomp|spe|1
|
|upkeep
|
|t:|1757834297
|switch|p1a: Kingambit|Kingambit, L50, F|100/100
|switch|p1b: Dragonite|Dragonite, L50, F|100/100
|turn|3
|
|t:|1757834331
|switch|p2a: Ninetales|Ninetales-Alola, L50, M|100/100
|-weather|Snowscape|[from] ability: Snow Warning|[of] p2a: Ninetales
|move|p1b: Dragonite|Extreme Speed|p2b: TheFuckYouGuy
|-damage|p2b: TheFuckYouGuy|0 fnt
|faint|p2b: TheFuckYouGuy
|move|p1a: Kingambit|Swords Dance|p1a: Kingambit
|-boost|p1a: Kingambit|atk|2
|
|-weather|Snowscape|[upkeep]
|upkeep
|
|t:|1757834341
|switch|p2b: Garchomp|Garchomp, L50, F, tera:Ghost|21/100 par
|turn|4
|
|t:|1757834352
|-terastallize|p1b: Dragonite|Fairy
|move|p1b: Dragonite|Extreme Speed|p2a: Ninetales
|-damage|p2a: Ninetales|76/100
|move|p1a: Kingambit|Sucker Punch|p2b: Garchomp
|-supereffective|p2b: Garchomp
|-damage|p2b: Garchomp|0 fnt
|-damage|p1a: Kingambit|88/100|[from] ability: Rough Skin|[of] p2b: Garchomp
|faint|p2b: Garchomp
|move|p2a: Ninetales|Aurora Veil|p2a: Ninetales
|-sidestart|p2: CretaceousDraconid|move: Aurora Veil
|
|-weather|Snowscape|[upkeep]
|-heal|p1a: Kingambit|94/100|[from] item: Leftovers
|upkeep
|
|t:|1757834358
|switch|p2b: Salamence|Salamence, L50, M|100/100
|-ability|p2b: Salamence|Intimidate|boost
|-unboost|p1a: Kingambit|atk|1
|-ability|p1a: Kingambit|Defiant|boost
|-boost|p1a: Kingambit|atk|2
|-unboost|p1b: Dragonite|atk|1
|turn|5
|inactive|Toxic KIng 22 has 30 seconds left.
|inactive|Toxic KIng 22 has 20 seconds left.
|
|t:|1757834398
|move|p1b: Dragonite|Extreme Speed|p2b: Salamence
|-damage|p2b: Salamence|82/100
|move|p1a: Kingambit|Sucker Punch|p2b: Salamence
|-damage|p2b: Salamence|0 fnt
|faint|p2b: Salamence
|move|p2a: Ninetales|Blizzard|p1b: Dragonite|[spread] p1a,p1b
|-resisted|p1a: Kingambit
|-damage|p1a: Kingambit|83/100
|-damage|p1b: Dragonite|86/100
|-status|p1a: Kingambit|frz
|
|-weather|Snowscape|[upkeep]
|-heal|p1a: Kingambit|89/100 frz|[from] item: Leftovers
|upkeep
|turn|6
|
|t:|1757834412
|move|p1b: Dragonite|Extreme Speed|p2a: Ninetales
|-damage|p2a: Ninetales|66/100
|move|p2a: Ninetales|Blizzard|p1a: Kingambit|[spread] p1a,p1b
|-resisted|p1a: Kingambit
|-damage|p1a: Kingambit|78/100 frz
|-damage|p1b: Dragonite|53/100
|cant|p1a: Kingambit|frz
|
|-weather|Snowscape|[upkeep]
|-heal|p1a: Kingambit|83/100 frz|[from] item: Leftovers
|upkeep
|turn|7
|
|t:|1757834423
|move|p1b: Dragonite|Protect|p1b: Dragonite
|-singleturn|p1b: Dragonite|Protect
|move|p2a: Ninetales|Blizzard|p1a: Kingambit|[spread] p1a
|-activate|p1b: Dragonite|move: Protect
|-resisted|p1a: Kingambit
|-damage|p1a: Kingambit|70/100 frz
|cant|p1a: Kingambit|frz
|
|-weather|none
|-heal|p1a: Kingambit|76/100 frz|[from] item: Leftovers
|upkeep
|turn|8
|
|t:|1757834438
|move|p1b: Dragonite|Extreme Speed|p2a: Ninetales
|-damage|p2a: Ninetales|50/100
|move|p2a: Ninetales|Freeze-Dry|p1b: Dragonite
|-damage|p1b: Dragonite|24/100
|-status|p1b: Dragonite|frz
|cant|p1a: Kingambit|frz
|
|-heal|p1a: Kingambit|82/100 frz|[from] item: Leftovers
|-sideend|p2: CretaceousDraconid|move: Aurora Veil
|upkeep
|turn|9
|
|t:|1757834450
|-curestatus|p1b: Dragonite|frz|[msg]
|move|p1b: Dragonite|Extreme Speed|p2a: Ninetales
|-damage|p2a: Ninetales|25/100
|move|p2a: Ninetales|Blizzard|p1b: Dragonite|[spread] p1b
|-miss|p2a: Ninetales|p1a: Kingambit
|-damage|p1b: Dragonite|0 fnt
|faint|p1b: Dragonite
|cant|p1a: Kingambit|frz
|
|-heal|p1a: Kingambit|88/100 frz|[from] item: Leftovers
|upkeep
|turn|10
|
|t:|1757834460
|move|p2a: Ninetales|Freeze-Dry|p1a: Kingambit
|-resisted|p1a: Kingambit
|-damage|p1a: Kingambit|77/100 frz
|cant|p1a: Kingambit|frz
|
|-heal|p1a: Kingambit|83/100 frz|[from] item: Leftovers
|upkeep
|turn|11
|
|t:|1757834464
|move|p2a: Ninetales|Freeze-Dry|p1a: Kingambit
|-resisted|p1a: Kingambit
|-damage|p1a: Kingambit|72/100 frz
|-curestatus|p1a: Kingambit|frz|[msg]
|move|p1a: Kingambit|Kowtow Cleave|p2a: Ninetales
|-resisted|p2a: Ninetales
|-damage|p2a: Ninetales|0 fnt
|faint|p2a: Ninetales
|
|win|Toxic KIng 22
||CretaceousDraconid is ready for game 2.
||Toxic KIng 22 is ready for game 2.
|uhtml|next|Next: Game 2 of 3
