|j|☆Dudeguy47
|j|☆spodermees
|html|Dudeguy47spodermees    
|uhtml|bestof|Game 2 of a best-of-3
|t:|1783322472
|gametype|doubles
|player|p1|Dudeguy47|170|1040
|player|p2|spodermees|sailor|1059
|gen|9
|tier|[Gen 9 Champions] VGC 2026 Reg M-B (Bo3)
|rated|
|rule|Species Clause: Limit one of each Pokémon
|rule|Item Clause: Limit 1 of each item
|clearpoke
|poke|p1|Farigiraf, L50, M|
|poke|p1|Raichu, L50, F|
|poke|p1|Torkoal, L50, M|
|poke|p1|Scrafty, L50, F|
|poke|p1|Sylveon, L50, F|
|poke|p1|Basculegion, L50, M|
|poke|p2|Swampert, L50, F|
|poke|p2|Raichu, L50, F|
|poke|p2|Pelipper, L50, F|
|poke|p2|Sableye, L50, M|
|poke|p2|Incineroar, L50, F|
|poke|p2|Archaludon, L50, M|
|teampreview|4
|showteam|p1|Farigiraf||Leftovers|ArmorTail|Psychic,TrickRoom,HelpingHand,Protect|Relaxed||M|||50|]Raichu||RaichuniteY|LightningRod|Protect,ZapCannon,FocusBlast,GrassKnot|Timid||F|||50|]Torkoal||Charcoal|Drought|Eruption,WeatherBall,SolarBeam,Protect|Quiet||M|||50|]Scrafty||Scraftinite|Intimidate|DrainPunch,BulkUp,FakeOut,KnockOff|Adamant||F|||50|]Sylveon||FairyFeather|Pixilate|HyperVoice,Protect,LightScreen,Reflect|Modest||F|||50|]Basculegion||ChoiceScarf|Adaptability|WaveCrash,LastRespects,FlipTurn,IceFang|Jolly||M|||50|
|showteam|p2|Swampert||Swampertite|Damp|WaveCrash,Earthquake,IcePunch,Protect|Adamant||F|||50|]Raichu||RaichuniteY|LightningRod|FakeOut,Protect,ZapCannon,FocusBlast|Hasty||F|||50|]Pelipper||FocusSash|Drizzle|WeatherBall,Hurricane,WideGuard,Tailwind|Modest||F|||50|]Sableye||RoseliBerry|Prankster|RainDance,FakeOut,LightScreen,Reflect|Careful||M|||50|]Incineroar||SitrusBerry|Intimidate|FakeOut,PartingShot,WillOWisp,ThroatChop|Careful||F|||50|]Archaludon||Leftovers|Stamina|ElectroShot,DracoMeteor,FlashCannon,Protect|Modest||M|||50|
|inactive|Battle timer is ON: inactive players will automatically lose when time's up. (requested by spodermees)
|inactive|Dudeguy47 has 60 seconds left.
|
|t:|1783322503
|teamsize|p1|4
|teamsize|p2|4
|start
|switch|p1a: Raichu|Raichu, L50, F|100/100
|switch|p1b: Sylveon|Sylveon, L50, F|100/100
|switch|p2a: Swampert|Swampert, L50, F|100/100
|switch|p2b: Sableye|Sableye, L50, M|100/100
|turn|1
|
|t:|1783322524
|detailschange|p2a: Swampert|Swampert-Mega, L50, F
|-mega|p2a: Swampert|Swampert|Swampertite
|move|p1a: Raichu|Protect|p1a: Raichu
|-singleturn|p1a: Raichu|Protect
|move|p2b: Sableye|Rain Dance|p2b: Sableye
|-weather|RainDance
|move|p2a: Swampert|Earthquake|p1b: Sylveon|[spread] p2b,p1b
|-activate|p1a: Raichu|move: Protect
|-damage|p2b: Sableye|40/100
|-damage|p1b: Sylveon|37/100
|move|p1b: Sylveon|Hyper Voice|p2b: Sableye|[spread] p2a,p2b
|-supereffective|p2b: Sableye|1
|-crit|p2b: Sableye
|-enditem|p2b: Sableye|Roseli Berry|[eat]
|-enditem|p2b: Sableye|Roseli Berry|[weaken]
|-damage|p2a: Swampert|51/100
|-damage|p2b: Sableye|0 fnt
|faint|p2b: Sableye
|
|-weather|RainDance|[upkeep]
|upkeep
|
|t:|1783322528
|switch|p2b: Pelipper|Pelipper, L50, F|100/100
|turn|2
|inactive|Dudeguy47 has 30 seconds left.
|inactive|Dudeguy47 has 20 seconds left.
|inactive|Dudeguy47 has 15 seconds left.
|inactive|Dudeguy47 has 10 seconds left.
|
|t:|1783322577
|switch|p2a: Archaludon|Archaludon, L50, M|100/100
|switch|p1b: Torkoal|Torkoal, L50, M|100/100
|-weather|SunnyDay|[from] ability: Drought|[of] p1b: Torkoal
|detailschange|p1a: Raichu|Raichu-Mega-Y, L50, F
|-mega|p1a: Raichu|Raichu|Raichunite Y
|move|p1a: Raichu|Grass Knot|p2a: Archaludon
|-resisted|p2a: Archaludon|2
|-damage|p2a: Archaludon|91/100
|-ability|p2a: Archaludon|Stamina|boost
|-boost|p2a: Archaludon|def|1
|move|p2b: Pelipper|Tailwind|p2b: Pelipper
|-sidestart|p2: spodermees|move: Tailwind
|
|-weather|SunnyDay|[upkeep]
|-heal|p2a: Archaludon|97/100|[from] item: Leftovers
|upkeep
|turn|3
|
|t:|1783322602
|move|p2a: Archaludon|Draco Meteor|p1a: Raichu
|-damage|p1a: Raichu|1/100
|-unboost|p2a: Archaludon|spa|2
|move|p1a: Raichu|Zap Cannon|p2b: Pelipper
|-supereffective|p2b: Pelipper|2
|-enditem|p2b: Pelipper|Focus Sash
|-damage|p2b: Pelipper|1/100
|-status|p2b: Pelipper|par
|cant|p2b: Pelipper|par
|move|p1b: Torkoal|Weather Ball|p2a: Archaludon
|-damage|p2a: Archaludon|24/100
|-ability|p2a: Archaludon|Stamina|boost
|-boost|p2a: Archaludon|def|1
|
|-weather|SunnyDay|[upkeep]
|-heal|p2a: Archaludon|30/100|[from] item: Leftovers
|upkeep
|turn|4
|
|t:|1783322625
|move|p1a: Raichu|Protect|p1a: Raichu
|-singleturn|p1a: Raichu|Protect
|move|p2a: Archaludon|Flash Cannon|p1a: Raichu
|-activate|p1a: Raichu|move: Protect
|move|p2b: Pelipper|Weather Ball|p1a: Raichu
|-activate|p1a: Raichu|move: Protect
|move|p1b: Torkoal|Eruption|p2b: Pelipper|[spread] p2a,p2b
|-resisted|p2b: Pelipper|1
|-damage|p2a: Archaludon|0 fnt
|-damage|p2b: Pelipper|0 fnt
|faint|p2a: Archaludon
|faint|p2b: Pelipper
|
|-weather|SunnyDay|[upkeep]
|upkeep
|
|t:|1783322627
|switch|p2b: Swampert|Swampert-Mega, L50, F|51/100
|turn|5
|
|t:|1783322646
|switch|p1a: Sylveon|Sylveon, L50, F|37/100
|move|p1b: Torkoal|Protect|p1b: Torkoal
|-singleturn|p1b: Torkoal|Protect
|move|p2b: Swampert|Earthquake|p1b: Torkoal|[spread] p1a
|-activate|p1b: Torkoal|move: Protect
|-damage|p1a: Sylveon|0 fnt
|faint|p1a: Sylveon
|
|-weather|SunnyDay|[upkeep]
|-sideend|p2: spodermees|move: Tailwind
|upkeep
|
|t:|1783322653
|switch|p1a: Raichu|Raichu-Mega-Y, L50, F|1/100
|turn|6
|
|t:|1783322658
|move|p1a: Raichu|Grass Knot|p2b: Swampert
|-supereffective|p2b: Swampert|2
|-damage|p2b: Swampert|0 fnt
|faint|p2b: Swampert
|
|win|Dudeguy47
