|j|☆tempestuwumeow
|j|☆falba
|html|tempestuwumeowfalba    
|uhtml|bestof|Game 1 of a best-of-3
|t:|1786161411
|gametype|doubles
|player|p1|tempestuwumeow|170|
|player|p2|falba|101|
|gen|9
|tier|[Gen 9 Champions] VGC 2026 Reg M-B (Bo3)
|rule|Species Clause: Limit one of each Pokémon
|rule|Item Clause: Limit 1 of each item
|clearpoke
|poke|p1|Delphox, L50, M|
|poke|p1|Toxicroak, L50, M|
|poke|p1|Whimsicott, L50, F|
|poke|p1|Garchomp, L50, M|
|poke|p1|Basculegion, L50, M|
|poke|p1|Vileplume, L50, F|
|poke|p2|Sableye, L50, M|
|poke|p2|Kingambit, L50, F|
|poke|p2|Wyrdeer, L50, F|
|poke|p2|Sylveon, L50, F|
|poke|p2|Staraptor, L50, M|
|poke|p2|Raichu, L50, M|
|teampreview|4
|showteam|p1|Delphox||Delphoxite|Blaze|Protect,HeatWave,NastyPlot,Psychic|Timid||M|||50|]Toxicroak||Leftovers|Anticipation|Taunt,FakeOut,CloseCombat,Protect|Serious||M|||50|]Whimsicott||FocusSash|Prankster|Encore,Tailwind,Protect,Moonblast|Modest||F|||50|]Garchomp||LifeOrb|RoughSkin|Earthquake,DragonClaw,StompingTantrum,Protect|Adamant||M|||50|]Basculegion||MysticWater|Adaptability|Protect,AquaJet,LastRespects,WaveCrash|Jolly||M|||50|]Vileplume||WideLens|Chlorophyll|SleepPowder,SunnyDay,Protect,SludgeBomb|Timid||F|||50|
|showteam|p2|Sableye||LightClay|Prankster|WillOWisp,Reflect,LightScreen,RainDance|Careful||M|||50|]Kingambit||ChopleBerry|Defiant|SuckerPunch,KowtowCleave,IronHead,Protect|Adamant||F|||50|]Wyrdeer||SitrusBerry|Intimidate|SkillSwap,TrickRoom,PsyshieldBash,Protect|Careful||F|||50|]Sylveon||FairyFeather|Pixilate|HyperBeam,HyperVoice,Protect,QuickAttack|Modest||F|||50|]Staraptor||Staraptite|Intimidate|CloseCombat,BraveBird,Protect,Roost|Adamant||M|||50|]Raichu||RaichuniteY|Static|FocusBlast,ZapCannon,FakeOut,Protect|Timid||M|||50|
|j| PuffTheCutie
|inactive|Battle timer is ON: inactive players will automatically lose when time's up. (requested by falba)
|j| tobyga
|j| Potatomonstr
|inactive|tempestuwumeow has 60 seconds left.
|inactive|falba has 60 seconds left.
|j| glaurrosa
|j| BambooCyclone
|inactive|tempestuwumeow has 30 seconds left.
|inactive|falba has 30 seconds left.
|inactive|tempestuwumeow has 20 seconds left.
|inactive|falba has 20 seconds left.
|inactive|tempestuwumeow has 15 seconds left.
|inactive|falba has 15 seconds left.
|inactive|falba has 10 seconds left.
|inactive|falba has 5 seconds left.
|
|t:|1786161502
|teamsize|p1|4
|teamsize|p2|4
|start
|switch|p1a: Delphox|Delphox, L50, M|100/100
|switch|p1b: Garchomp|Garchomp, L50, M|100/100
|switch|p2a: Wyrdeer|Wyrdeer, L50, F|100/100
|switch|p2b: Staraptor|Staraptor, L50, M|100/100
|-ability|p2b: Staraptor|Intimidate|boost
|-unboost|p1a: Delphox|atk|1
|-unboost|p1b: Garchomp|atk|1
|-ability|p2a: Wyrdeer|Intimidate|boost
|-unboost|p1a: Delphox|atk|1
|-unboost|p1b: Garchomp|atk|1
|turn|1
|j| azileme
|inactive|tempestuwumeow has 30 seconds left.
|inactive|falba has 30 seconds left.
|inactive|tempestuwumeow has 20 seconds left.
|inactive|falba has 20 seconds left.
|inactive|tempestuwumeow has 15 seconds left.
|inactive|tempestuwumeow has 10 seconds left.
|
|t:|1786161550
|switch|p1b: Toxicroak|Toxicroak, L50, M|100/100
|-ability|p1b: Toxicroak|Anticipation
|detailschange|p1a: Delphox|Delphox-Mega, L50, M
|-mega|p1a: Delphox|Delphox|Delphoxite
|detailschange|p2b: Staraptor|Staraptor-Mega, L50, M
|-mega|p2b: Staraptor|Staraptor|Staraptite
|move|p2b: Staraptor|Protect|p2b: Staraptor
|-singleturn|p2b: Staraptor|Protect
|move|p1a: Delphox|Heat Wave|p2b: Staraptor|[spread] p2a
|-activate|p2b: Staraptor|move: Protect
|-damage|p2a: Wyrdeer|66/100
|move|p2a: Wyrdeer|Trick Room|p2a: Wyrdeer
|-fieldstart|move: Trick Room|[of] p2a: Wyrdeer
|
|upkeep
|turn|2
|inactive|tempestuwumeow has 30 seconds left.
|inactive|falba has 30 seconds left.
|inactive|falba has 20 seconds left.
|inactive|falba has 15 seconds left.
|
|t:|1786161591
|switch|p2b: Sableye|Sableye, L50, M|100/100
|move|p1b: Toxicroak|Fake Out|p2b: Sableye
|-immune|p2b: Sableye
|move|p2a: Wyrdeer|Psyshield Bash|p1b: Toxicroak
|-supereffective|p1b: Toxicroak|2
|-damage|p1b: Toxicroak|0 fnt
|-boost|p2a: Wyrdeer|def|1
|faint|p1b: Toxicroak
|move|p1a: Delphox|Psychic|p2a: Wyrdeer
|-resisted|p2a: Wyrdeer|1
|-damage|p2a: Wyrdeer|45/100
|-enditem|p2a: Wyrdeer|Sitrus Berry|[eat]
|-heal|p2a: Wyrdeer|70/100|[from] item: Sitrus Berry
|
|upkeep
|c|☆tempestuwumeow|i ralize i may have clicked thwrong move
|inactive|tempestuwumeow has 30 seconds left.
|
|t:|1786161622
|switch|p1b: Basculegion|Basculegion, L50, M|100/100
|turn|3
|c|☆falba|unluck
|inactive|tempestuwumeow has 30 seconds left.
|inactive|falba has 30 seconds left.
|inactive|falba has 20 seconds left.
|inactive|falba has 15 seconds left.
|
|t:|1786161666
|move|p1b: Basculegion|Protect|p1b: Basculegion
|-singleturn|p1b: Basculegion|Protect
|move|p2b: Sableye|Will-O-Wisp|p1b: Basculegion
|-activate|p1b: Basculegion|move: Protect
|move|p2a: Wyrdeer|Psyshield Bash|p1b: Basculegion
|-activate|p1b: Basculegion|move: Protect
|move|p1a: Delphox|Nasty Plot|p1a: Delphox
|-boost|p1a: Delphox|spa|2
|
|upkeep
|turn|4
|inactive|tempestuwumeow has 30 seconds left.
|inactive|tempestuwumeow has 20 seconds left.
|inactive|tempestuwumeow has 15 seconds left.
|
|t:|1786161707
|move|p2b: Sableye|Light Screen|p2b: Sableye
|-sidestart|p2: falba|move: Light Screen
|move|p2a: Wyrdeer|Psyshield Bash|p1b: Basculegion
|-damage|p1b: Basculegion|55/100
|-boost|p2a: Wyrdeer|def|1
|move|p1b: Basculegion|Wave Crash|p2a: Wyrdeer
|-damage|p2a: Wyrdeer|29/100
|-damage|p1b: Basculegion|42/100|[from] Recoil
|move|p1a: Delphox|Nasty Plot|p1a: Delphox
|-boost|p1a: Delphox|spa|2
|
|upkeep
|turn|5
|inactive|tempestuwumeow has 30 seconds left.
|inactive|falba has 30 seconds left.
|inactive|tempestuwumeow has 20 seconds left.
|
|t:|1786161745
|move|p2b: Sableye|Reflect|p2b: Sableye
|-sidestart|p2: falba|Reflect
|move|p2a: Wyrdeer|Psyshield Bash|p1b: Basculegion
|-damage|p1b: Basculegion|0 fnt
|-boost|p2a: Wyrdeer|def|1
|faint|p1b: Basculegion
|move|p1a: Delphox|Heat Wave|p2a: Wyrdeer|[spread] p2b
|-miss|p1a: Delphox|p2a: Wyrdeer
|-damage|p2b: Sableye|1/100
|
|-fieldend|move: Trick Room
|upkeep
|
|t:|1786161749
|switch|p1b: Garchomp|Garchomp, L50, M|100/100
|turn|6
|inactive|falba has 30 seconds left.
|inactive|falba has 20 seconds left.
|inactive|falba has 15 seconds left.
|
|t:|1786161793
|move|p2a: Wyrdeer|Protect|p2a: Wyrdeer
|-singleturn|p2a: Wyrdeer|Protect
|move|p2b: Sableye|Rain Dance|p2b: Sableye
|-weather|RainDance
|move|p1a: Delphox|Heat Wave|p2a: Wyrdeer|[spread] p2b
|-activate|p2a: Wyrdeer|move: Protect
|-damage|p2b: Sableye|0 fnt
|faint|p2b: Sableye
|move|p1b: Garchomp|Earthquake|p2a: Wyrdeer|[spread] 
|-activate|p2a: Wyrdeer|move: Protect
|-immune|p1a: Delphox|[from] ability: Levitate
|
|-weather|RainDance|[upkeep]
|upkeep
|inactive|falba has 30 seconds left.
|
|t:|1786161821
|switch|p2b: Kingambit|Kingambit, L50, F|100/100
|turn|7
|inactive|tempestuwumeow has 30 seconds left.
|
|t:|1786161854
|move|p2b: Kingambit|Protect|p2b: Kingambit
|-singleturn|p2b: Kingambit|Protect
|move|p1a: Delphox|Heat Wave|p2a: Wyrdeer|[spread] p2a
|-activate|p2b: Kingambit|move: Protect
|-damage|p2a: Wyrdeer|0 fnt
|faint|p2a: Wyrdeer
|move|p1b: Garchomp|Stomping Tantrum|p2b: Kingambit
|-activate|p2b: Kingambit|move: Protect
|
|-weather|RainDance|[upkeep]
|upkeep
|
|t:|1786161864
|switch|p2a: Staraptor|Staraptor-Mega, L50, M|100/100
|turn|8
|inactive|tempestuwumeow has 30 seconds left.
|inactive|tempestuwumeow has 20 seconds left.
|
|t:|1786161901
|move|p1a: Delphox|Protect|p1a: Delphox
|-singleturn|p1a: Delphox|Protect
|move|p2b: Kingambit|Sucker Punch||[still]
|-fail|p2b: Kingambit
|move|p2a: Staraptor|Close Combat|p1b: Garchomp
|-damage|p1b: Garchomp|23/100
|-boost|p2a: Staraptor|def|1
|-boost|p2a: Staraptor|spd|1
|-damage|p2a: Staraptor|87/100|[from] ability: Rough Skin|[of] p1b: Garchomp
|move|p1b: Garchomp|Stomping Tantrum|p2b: Kingambit
|-supereffective|p2b: Kingambit|1
|-damage|p2b: Kingambit|44/100
|-damage|p1b: Garchomp|14/100|[from] item: Life Orb
|
|-weather|RainDance|[upkeep]
|upkeep
|turn|9
|inactive|tempestuwumeow has 30 seconds left.
|
|t:|1786161933
|move|p2b: Kingambit|Sucker Punch|p1a: Delphox
|-supereffective|p1a: Delphox|1
|-crit|p1a: Delphox
|-damage|p1a: Delphox|0 fnt
|faint|p1a: Delphox
|move|p2a: Staraptor|Close Combat|p1b: Garchomp
|-damage|p1b: Garchomp|0 fnt
|-boost|p2a: Staraptor|def|1
|-boost|p2a: Staraptor|spd|1
|-damage|p2a: Staraptor|75/100|[from] ability: Rough Skin|[of] p1b: Garchomp
|faint|p1b: Garchomp
|
|win|falba
||falba is ready for game 2.
||tempestuwumeow is ready for game 2.
|uhtml|next|Next: Game 2 of 3
