|j|☆Omarro
|j|☆Divine Monkey King
|html|OmarroDivine Monkey King    
|uhtml|bestof|Game 1 of a best-of-3
|t:|1783172512
|gametype|doubles
|player|p1|Omarro|dragontamer|1183
|player|p2|Divine Monkey King|102|1172
|gen|9
|tier|[Gen 9 Champions] VGC 2026 Reg M-B (Bo3)
|rated|
|rule|Species Clause: Limit one of each Pokémon
|rule|Item Clause: Limit 1 of each item
|clearpoke
|poke|p1|Sneasler, L50, F|
|poke|p1|Talonflame, L50, F|
|poke|p1|Steelix, L50, F|
|poke|p1|Rotom-Wash, L50|
|poke|p1|Tyranitar, L50, M|
|poke|p1|Sinistcha-Masterpiece, L50|
|poke|p2|Tyranitar, L50, M, shiny|
|poke|p2|Aerodactyl, L50, M, shiny|
|poke|p2|Pelipper, L50, M, shiny|
|poke|p2|Basculegion, L50, M, shiny|
|poke|p2|Beedrill, L50, M, shiny|
|poke|p2|Annihilape, L50, M, shiny|
|teampreview|4
|showteam|p1|Sneasler||WhiteHerb|Unburden|Protect,FakeOut,DireClaw,CloseCombat|Adamant||F|||50|]Talonflame||SharpBeak|GaleWings|Protect,Tailwind,WillOWisp,BraveBird|Jolly||F|||50|]Steelix||Steelixite|Sturdy|Protect,WideGuard,HeavySlam,HighHorsepower|Impish||F|||50|]Rotom-Wash||Leftovers|Levitate|LightScreen,WillOWisp,Thunderbolt,HydroPump|Timid|||||50|]Tyranitar||Tyranitarite|SandStream|Protect,DragonDance,KnockOff,RockSlide|Adamant||M|||50|]Sinistcha-Masterpiece||SitrusBerry|Hospitality|Protect,RagePowder,TrickRoom,MatchaGotcha|Relaxed|||||50|
|showteam|p2|Tyranitar||Tyranitarite|SandStream|BrickBreak,KnockOff,Protect,RockSlide|Adamant||M|||50|]Aerodactyl||FocusSash|Unnerve|DualWingbeat,IronHead,Protect,Tailwind|Jolly||M|||50|]Pelipper||WacanBerry|Drizzle|Hurricane,IceBeam,Protect,WeatherBall|Calm||M|||50|]Basculegion||MysticWater|SwiftSwim|AquaJet,FlipTurn,LastRespects,Protect|Adamant||M|||50|]Beedrill||Beedrillite|Sniper|PoisonJab,Protect,Uturn,FellStinger|Jolly||M|||50|]Annihilape||Leftovers|Defiant|BulkUp,DrainPunch,Protect,SeedBomb|Adamant||M|||50|
|inactive|Battle timer is ON: inactive players will automatically lose when time's up. (requested by Omarro)
|inactive|Divine Monkey King has 60 seconds left.
|
|t:|1783172563
|teamsize|p1|4
|teamsize|p2|4
|start
|switch|p1a: Sneasler|Sneasler, L50, F|100/100
|switch|p1b: Rotom|Rotom-Wash, L50|100/100
|switch|p2a: Basculegion|Basculegion, L50, M, shiny|100/100
|switch|p2b: Annihilape|Annihilape, L50, M, shiny|100/100
|turn|1
|
|t:|1783172585
|move|p1a: Sneasler|Dire Claw|p2a: Basculegion
|-resisted|p2a: Basculegion|1
|-damage|p2a: Basculegion|71/100
|move|p1b: Rotom|Thunderbolt|p2a: Basculegion
|-supereffective|p2a: Basculegion|1
|-damage|p2a: Basculegion|0 fnt
|faint|p2a: Basculegion
|move|p2b: Annihilape|Bulk Up|p2b: Annihilape
|-boost|p2b: Annihilape|atk|1
|-boost|p2b: Annihilape|def|1
|
|upkeep
|
|t:|1783172595
|switch|p2a: Aerodactyl|Aerodactyl, L50, M, shiny|100/100
|-ability|p2a: Aerodactyl|Unnerve
|turn|2
|
|t:|1783172605
|move|p1a: Sneasler|Protect|p1a: Sneasler
|-singleturn|p1a: Sneasler|Protect
|move|p2a: Aerodactyl|Dual Wingbeat|p1a: Sneasler
|-activate|p1a: Sneasler|move: Protect
|move|p1b: Rotom|Will-O-Wisp|p2b: Annihilape
|-status|p2b: Annihilape|brn
|move|p2b: Annihilape|Drain Punch|p1b: Rotom
|-damage|p1b: Rotom|59/100
|
|-heal|p1b: Rotom|64/100|[from] item: Leftovers
|-damage|p2b: Annihilape|94/100 brn|[from] brn
|upkeep
|turn|3
|
|t:|1783172628
|move|p2a: Aerodactyl|Dual Wingbeat|p1a: Sneasler
|-supereffective|p1a: Sneasler|1
|-damage|p1a: Sneasler|35/100
|-supereffective|p1a: Sneasler|1
|-crit|p1a: Sneasler
|-damage|p1a: Sneasler|0 fnt
|faint|p1a: Sneasler
|-hitcount|p1: Sneasler|2
|move|p1b: Rotom|Will-O-Wisp|p2a: Aerodactyl
|-status|p2a: Aerodactyl|brn
|move|p2b: Annihilape|Drain Punch|p1b: Rotom
|-damage|p1b: Rotom|24/100
|-heal|p2b: Annihilape|100/100 brn|[from] drain|[of] p1b: Rotom
|
|-heal|p1b: Rotom|29/100|[from] item: Leftovers
|-damage|p2a: Aerodactyl|94/100 brn|[from] brn
|-damage|p2b: Annihilape|94/100 brn|[from] brn
|upkeep
|
|t:|1783172648
|switch|p1a: Steelix|Steelix, L50, F|100/100
|turn|4
|
|t:|1783172665
|detailschange|p1a: Steelix|Steelix-Mega, L50, F
|-mega|p1a: Steelix|Steelix|Steelixite
|move|p1a: Steelix|Protect|p1a: Steelix
|-singleturn|p1a: Steelix|Protect
|move|p2a: Aerodactyl|Dual Wingbeat|p1b: Rotom
|-resisted|p1b: Rotom|1
|-damage|p1b: Rotom|23/100
|-resisted|p1b: Rotom|1
|-damage|p1b: Rotom|18/100
|-hitcount|p1b: Rotom|2
|move|p1b: Rotom|Thunderbolt|p2a: Aerodactyl
|-supereffective|p2a: Aerodactyl|1
|-damage|p2a: Aerodactyl|0 fnt
|faint|p2a: Aerodactyl
|move|p2b: Annihilape|Drain Punch|p1b: Rotom
|-damage|p1b: Rotom|0 fnt
|-heal|p2b: Annihilape|99/100 brn|[from] drain|[of] p1b: Rotom
|faint|p1b: Rotom
|
|-heal|p2b: Annihilape|100/100 brn|[from] item: Leftovers
|-damage|p2b: Annihilape|94/100 brn|[from] brn
|upkeep
|
|t:|1783172686
|switch|p2a: Tyranitar|Tyranitar, L50, M, shiny|100/100
|switch|p1b: Tyranitar|Tyranitar, L50, M|100/100
|-weather|Sandstorm|[from] ability: Sand Stream|[of] p1b: Tyranitar
|turn|5
|
|t:|1783172697
|detailschange|p2a: Tyranitar|Tyranitar-Mega, L50, M, shiny
|-mega|p2a: Tyranitar|Tyranitar|Tyranitarite
|move|p1b: Tyranitar|Protect|p1b: Tyranitar
|-singleturn|p1b: Tyranitar|Protect
|move|p2b: Annihilape|Drain Punch|p1b: Tyranitar
|-activate|p1b: Tyranitar|move: Protect
|move|p2a: Tyranitar|Brick Break|p1a: Steelix
|-supereffective|p1a: Steelix|1
|-damage|p1a: Steelix|75/100
|move|p1a: Steelix|Heavy Slam|p2b: Annihilape
|-damage|p2b: Annihilape|49/100 brn
|
|-weather|Sandstorm|[upkeep]
|-damage|p2b: Annihilape|43/100 brn|[from] Sandstorm
|-heal|p2b: Annihilape|49/100 brn|[from] item: Leftovers
|-damage|p2b: Annihilape|43/100 brn|[from] brn
|upkeep
|turn|6
|
|t:|1783172720
|move|p1b: Tyranitar|Protect||[still]
|-fail|p1b: Tyranitar
|move|p2b: Annihilape|Drain Punch|p1b: Tyranitar
|-supereffective|p1b: Tyranitar|2
|-damage|p1b: Tyranitar|12/100
|-heal|p2b: Annihilape|85/100 brn|[from] drain|[of] p1b: Tyranitar
|move|p2a: Tyranitar|Brick Break|p1a: Steelix
|-supereffective|p1a: Steelix|1
|-damage|p1a: Steelix|46/100
|move|p1a: Steelix|Heavy Slam|p2b: Annihilape
|-damage|p2b: Annihilape|40/100 brn
|
|-weather|Sandstorm|[upkeep]
|-damage|p2b: Annihilape|34/100 brn|[from] Sandstorm
|-heal|p2b: Annihilape|40/100 brn|[from] item: Leftovers
|-damage|p2b: Annihilape|34/100 brn|[from] brn
|upkeep
|turn|7
|inactive|Omarro has 30 seconds left.
|inactive|Omarro has 20 seconds left.
|
|t:|1783172758
|move|p1a: Steelix|Protect|p1a: Steelix
|-singleturn|p1a: Steelix|Protect
|move|p2b: Annihilape|Drain Punch|p1a: Steelix
|-activate|p1a: Steelix|move: Protect
|move|p1b: Tyranitar|Dragon Dance|p1b: Tyranitar
|-boost|p1b: Tyranitar|atk|1
|-boost|p1b: Tyranitar|spe|1
|move|p2a: Tyranitar|Rock Slide|p1a: Steelix|[spread] p1b
|-activate|p1a: Steelix|move: Protect
|-damage|p1b: Tyranitar|0 fnt
|faint|p1b: Tyranitar
|
|-weather|Sandstorm|[upkeep]
|-damage|p2b: Annihilape|28/100 brn|[from] Sandstorm
|-heal|p2b: Annihilape|34/100 brn|[from] item: Leftovers
|-damage|p2b: Annihilape|28/100 brn|[from] brn
|upkeep
|turn|8
|
|t:|1783172777
|move|p2b: Annihilape|Drain Punch|p1a: Steelix
|-supereffective|p1a: Steelix|1
|-damage|p1a: Steelix|22/100
|-heal|p2b: Annihilape|38/100 brn|[from] drain|[of] p1a: Steelix
|move|p2a: Tyranitar|Brick Break|p1a: Steelix
|-supereffective|p1a: Steelix|1
|-damage|p1a: Steelix|0 fnt
|faint|p1a: Steelix
|
|win|Divine Monkey King
||Divine Monkey King is ready for game 2.
||Omarro is ready for game 2.
|uhtml|next|Next: Game 2 of 3
|l|☆Omarro
|player|p1|
