|j|‽EDJPP
|j|☆Jakobtc
|html|EDJPPJakobtc    
|uhtml|bestof|Game 1 of a best-of-3
|t:|1784508607
|gametype|doubles
|player|p1|EDJPP|265|1072
|player|p2|Jakobtc|riley|1106
|gen|9
|tier|[Gen 9 Champions] VGC 2026 Reg M-B (Bo3)
|rated|
|rule|Species Clause: Limit one of each Pokémon
|rule|Item Clause: Limit 1 of each item
|clearpoke
|poke|p1|Froslass, L50, F|
|poke|p1|Lycanroc-Dusk, L50, M|
|poke|p1|Talonflame, L50, M|
|poke|p1|Rotom-Mow, L50|
|poke|p1|Sneasler, L50, F|
|poke|p1|Garchomp, L50, M|
|poke|p2|Zoroark-Hisui, L50, M|
|poke|p2|Charizard, L50, F|
|poke|p2|Whimsicott, L50, F|
|poke|p2|Gholdengo, L50|
|poke|p2|Incineroar, L50, F|
|poke|p2|Dragonite, L50, F|
|teampreview|4
|showteam|p1|Froslass||Froslassite|CursedBody|Blizzard,Protect,ShadowBall,AuroraVeil|Timid||F|||50|]Lycanroc-Dusk||ExpertBelt|ToughClaws|Accelerock,CloseCombat,Protect,Trailblaze|Adamant||M|||50|]Talonflame|||GaleWings|Tailwind,Protect,FlareBlitz,Acrobatics|Jolly||M|||50|]Rotom-Mow||SitrusBerry|Levitate|WillOWisp,Protect,Thunderbolt,LeafStorm|Timid|||||50|]Sneasler||WhiteHerb|Unburden|CloseCombat,FakeOut,DireClaw,Protect|Jolly||F|||50|]Garchomp||ChoiceScarf|RoughSkin|Earthquake,DragonClaw,RockSlide,StompingTantrum|Jolly||M|||50|
|showteam|p2|Zoroark-Hisui||FocusSash|Illusion|BitterMalice,IcyWind,Taunt,Protect|Timid||M|||50|]Charizard||CharizarditeY|Blaze|HeatWave,WeatherBall,SolarBeam,Protect|Modest||F|||50|]Whimsicott||MentalHerb|Prankster|Moonblast,Tailwind,FakeTears,Encore|Timid||F|||50|]Gholdengo||MetalCoat|GoodasGold|MakeItRain,ShadowBall,NastyPlot,Protect|Modest|||||50|]Incineroar||SitrusBerry|Intimidate|FakeOut,FlareBlitz,DarkestLariat,PartingShot|Adamant||F|||50|]Dragonite||DragonFang|Multiscale|ScaleShot,ExtremeSpeed,LowKick,Protect|Adamant||F|||50|
|inactive|Battle timer is ON: inactive players will automatically lose when time's up. (requested by Jakobtc)
|inactive|EDJPP has 60 seconds left.
|
|t:|1784508667
|teamsize|p1|4
|teamsize|p2|4
|start
|switch|p1a: Lycanroc|Lycanroc-Dusk, L50, M|100/100
|switch|p1b: Sneasler|Sneasler, L50, F|100/100
|switch|p2a: Charizard|Charizard, L50, F|100/100
|switch|p2b: Gholdengo|Gholdengo, L50|100/100
|turn|1
|
|t:|1784508685
|move|p1a: Lycanroc|Protect|p1a: Lycanroc
|-singleturn|p1a: Lycanroc|Protect
|move|p1b: Sneasler|Fake Out|p2a: Charizard
|-immune|p2a: Charizard
|move|p2a: Charizard|Bitter Malice|p1a: Lycanroc
|-activate|p1a: Lycanroc|move: Protect
|move|p2b: Gholdengo|Nasty Plot|p2b: Gholdengo
|-boost|p2b: Gholdengo|spa|2
|
|upkeep
|turn|2
|
|t:|1784508699
|switch|p1a: Garchomp|Garchomp, L50, M|100/100
|move|p1b: Sneasler|Dire Claw|p2a: Charizard
|-resisted|p2a: Charizard|1
|-damage|p2a: Charizard|54/100
|replace|p2a: Zoroark|Zoroark-Hisui, L50, M
|-end|p2a: Zoroark|Illusion
|move|p2a: Zoroark|Icy Wind|p1a: Garchomp|[spread] p1b
|-miss|p2a: Zoroark|p1a: Garchomp
|-damage|p1b: Sneasler|78/100
|-unboost|p1b: Sneasler|spe|1
|-enditem|p1b: Sneasler|White Herb
|-clearnegativeboost|p1b: Sneasler|[silent]
|move|p2b: Gholdengo|Make It Rain|p1b: Sneasler|[spread] p1a,p1b
|-damage|p1a: Garchomp|0 fnt
|-damage|p1b: Sneasler|0 fnt
|-unboost|p2b: Gholdengo|spa|2
|faint|p1a: Garchomp
|faint|p1b: Sneasler
|
|upkeep
|
|t:|1784508702
|switch|p1b: Talonflame|Talonflame, L50, M|100/100
|switch|p1a: Lycanroc|Lycanroc-Dusk, L50, M|100/100
|turn|3
|inactive|Jakobtc has 30 seconds left.
|
|t:|1784508733
|move|p1a: Lycanroc|Accelerock|p2a: Zoroark
|-damage|p2a: Zoroark|6/100
|move|p1b: Talonflame|Flare Blitz|p2b: Gholdengo
|-supereffective|p2b: Gholdengo|1
|-damage|p2b: Gholdengo|0 fnt
|faint|p2b: Gholdengo
|-damage|p1b: Talonflame|65/100|[from] Recoil
|move|p2a: Zoroark|Bitter Malice|p1a: Lycanroc
|-damage|p1a: Lycanroc|46/100
|-unboost|p1a: Lycanroc|atk|1
|
|upkeep
|
|t:|1784508746
|switch|p2b: Whimsicott|Whimsicott, L50, F|100/100
|turn|4
|
|t:|1784508764
|move|p2a: Zoroark|Protect|p2a: Zoroark
|-singleturn|p2a: Zoroark|Protect
|move|p2b: Whimsicott|Tailwind|p2b: Whimsicott
|-sidestart|p2: Jakobtc|move: Tailwind
|move|p1a: Lycanroc|Accelerock|p2a: Zoroark
|-activate|p2a: Zoroark|move: Protect
|move|p1b: Talonflame|Acrobatics|p2b: Whimsicott
|-supereffective|p2b: Whimsicott|1
|-damage|p2b: Whimsicott|11/100
|
|upkeep
|turn|5
|
|t:|1784508780
|move|p1a: Lycanroc|Protect|p1a: Lycanroc
|-singleturn|p1a: Lycanroc|Protect
|move|p2a: Zoroark|Bitter Malice|p1b: Talonflame
|-damage|p1b: Talonflame|10/100
|-unboost|p1b: Talonflame|atk|1
|move|p2b: Whimsicott|Moonblast|p1a: Lycanroc
|-activate|p1a: Lycanroc|move: Protect
|move|p1b: Talonflame|Tailwind|p1b: Talonflame
|-sidestart|p1: EDJPP|move: Tailwind
|
|upkeep
|turn|6
|
|t:|1784508805
|move|p2a: Zoroark|Protect|p2a: Zoroark
|-singleturn|p2a: Zoroark|Protect
|move|p2b: Whimsicott|Encore|p1a: Lycanroc
|-start|p1a: Lycanroc|Encore
|move|p1a: Lycanroc|Protect||[still]
|-fail|p1a: Lycanroc
|move|p1b: Talonflame|Acrobatics|p2a: Zoroark
|-activate|p2a: Zoroark|move: Protect
|
|upkeep
|turn|7
|
|t:|1784508816
|move|p1a: Lycanroc|Protect|p1a: Lycanroc
|-singleturn|p1a: Lycanroc|Protect
|move|p1b: Talonflame|Acrobatics|p2a: Zoroark
|-damage|p2a: Zoroark|0 fnt
|faint|p2a: Zoroark
|move|p2b: Whimsicott|Moonblast|p1a: Lycanroc
|-activate|p1a: Lycanroc|move: Protect
|
|-sideend|p2: Jakobtc|move: Tailwind
|upkeep
|
|t:|1784508824
|switch|p2a: Charizard|Charizard, L50, F|100/100
|turn|8
|
|t:|1784508832
|detailschange|p2a: Charizard|Charizard-Mega-Y, L50, F
|-mega|p2a: Charizard|Charizard|Charizardite Y
|-weather|SunnyDay|[from] ability: Drought|[of] p2a: Charizard
|move|p1a: Lycanroc|Protect|p1a: Lycanroc
|-singleturn|p1a: Lycanroc|Protect
|move|p2b: Whimsicott|Tailwind|p2b: Whimsicott
|-sidestart|p2: Jakobtc|move: Tailwind
|move|p1b: Talonflame|Acrobatics|p2b: Whimsicott
|-supereffective|p2b: Whimsicott|1
|-damage|p2b: Whimsicott|0 fnt
|faint|p2b: Whimsicott
|move|p2a: Charizard|Heat Wave|p1b: Talonflame|[spread] 
|-activate|p1a: Lycanroc|move: Protect
|-miss|p2a: Charizard|p1b: Talonflame
|
|-weather|SunnyDay|[upkeep]
|-end|p1a: Lycanroc|Encore
|-sideend|p1: EDJPP|move: Tailwind
|upkeep
|turn|9
|
|t:|1784508848
|move|p1a: Lycanroc|Accelerock|p2a: Charizard
|-supereffective|p2a: Charizard|2
|-damage|p2a: Charizard|0 fnt
|faint|p2a: Charizard
|
|win|EDJPP
