|j|☆drumer sama
|j|☆testdigi
|html|drumer samatestdigi    
|uhtml|bestof|Game 1 of a best-of-3
|t:|1784308929
|gametype|doubles
|player|p1|drumer sama|170|1070
|player|p2|testdigi|1|1087
|gen|9
|tier|[Gen 9 Champions] VGC 2026 Reg M-B (Bo3)
|rated|
|rule|Species Clause: Limit one of each Pokémon
|rule|Item Clause: Limit 1 of each item
|clearpoke
|poke|p1|Lucario, L50, M|
|poke|p1|Sinistcha, L50|
|poke|p1|Incineroar, L50, F|
|poke|p1|Basculegion, L50, M|
|poke|p1|Whimsicott, L50, M|
|poke|p1|Greninja, L50, F|
|poke|p2|Sneasler, L50, M|
|poke|p2|Delphox, L50, F, shiny|
|poke|p2|Kingambit, L50, M, shiny|
|poke|p2|Sinistcha, L50|
|poke|p2|Incineroar, L50, F|
|poke|p2|Blastoise, L50, M|
|teampreview|4
|showteam|p1|Lucario||Lucarionite|InnerFocus|Detect,AuraSphere,FlashCannon,ShadowBall|Timid||M|||50|]Sinistcha||SitrusBerry|Hospitality|LifeDew,MatchaGotcha,TrickRoom,RagePowder|Bold|||||50|]Incineroar||ShucaBerry|Intimidate|FakeOut,FlareBlitz,PartingShot,ThroatChop|Careful||F|||50|]Basculegion||ChoiceScarf|Adaptability|WaveCrash,PsychicFangs,LastRespects,AquaJet|Adamant||M|||50|]Whimsicott||FocusSash|Prankster|Encore,Moonblast,Tailwind,HelpingHand|Timid||M|||50|]Greninja||LifeOrb|Protean|GrassKnot,RockSlide,IceBeam,DarkPulse|Naive||F|||50|
|showteam|p2|Sneasler||FocusSash|PoisonTouch|PoisonJab,QuickGuard,CloseCombat,FakeOut|Jolly||M|||50|]Delphox||Delphoxite|Blaze|HeatWave,Psychic,NastyPlot,Protect|Timid||F|||50|]Kingambit||LifeOrb|Defiant|KowtowCleave,SuckerPunch,SwordsDance,Protect|Adamant||M|||50|]Sinistcha||ColburBerry|Hospitality|MatchaGotcha,RagePowder,TrickRoom,Protect|Bold|||||50|]Incineroar||SitrusBerry|Intimidate|FlareBlitz,HelpingHand,PartingShot,FakeOut|Impish||F|||50|]Blastoise||Blastoisinite|RainDish|WaterSpout,DarkPulse,ShellSmash,Protect|Modest||M|||50|
|
|t:|1784308964
|teamsize|p1|4
|teamsize|p2|4
|start
|switch|p1a: Whimsicott|Whimsicott, L50, M|100/100
|switch|p1b: Lucario|Lucario, L50, M|100/100
|switch|p2a: Sneasler|Sneasler, L50, M|100/100
|switch|p2b: Blastoise|Blastoise, L50, M|100/100
|turn|1
|
|t:|1784309007
|switch|p2a: Incineroar|Incineroar, L50, F|100/100
|-ability|p2a: Incineroar|Intimidate|boost
|-unboost|p1a: Whimsicott|atk|1
|-fail|p1b: Lucario|unboost|Attack|[from] ability: Inner Focus|[of] p1b: Lucario
|switch|p1a: Basculegion|Basculegion, L50, M|100/100
|detailschange|p1b: Lucario|Lucario-Mega, L50, M
|-mega|p1b: Lucario|Lucario|Lucarionite
|detailschange|p2b: Blastoise|Blastoise-Mega, L50, M
|-mega|p2b: Blastoise|Blastoise|Blastoisinite
|move|p1b: Lucario|Aura Sphere|p2b: Blastoise
|-damage|p2b: Blastoise|42/100
|move|p2b: Blastoise|Shell Smash|p2b: Blastoise
|-unboost|p2b: Blastoise|def|1
|-unboost|p2b: Blastoise|spd|1
|-boost|p2b: Blastoise|atk|2
|-boost|p2b: Blastoise|spa|2
|-boost|p2b: Blastoise|spe|2
|
|upkeep
|turn|2
|
|t:|1784309032
|move|p2b: Blastoise|Protect|p2b: Blastoise
|-singleturn|p2b: Blastoise|Protect
|move|p1b: Lucario|Detect|p1b: Lucario
|-singleturn|p1b: Lucario|Protect
|move|p1a: Basculegion|Aqua Jet|p2b: Blastoise
|-activate|p2b: Blastoise|move: Protect
|move|p2a: Incineroar|Flare Blitz|p1b: Lucario
|-activate|p1b: Lucario|move: Protect
|
|upkeep
|turn|3
|
|t:|1784309044
|switch|p2a: Sinistcha|Sinistcha, L50|100/100
|-heal|p2b: Blastoise|67/100|[from] ability: Hospitality|[of] p2a: Sinistcha
|move|p1a: Basculegion|Aqua Jet|p2b: Blastoise
|-resisted|p2b: Blastoise|1
|-damage|p2b: Blastoise|46/100
|move|p2b: Blastoise|Dark Pulse|p1a: Basculegion
|-supereffective|p1a: Basculegion|1
|-damage|p1a: Basculegion|0 fnt
|faint|p1a: Basculegion
|move|p1b: Lucario|Aura Sphere|p2a: Sinistcha
|-immune|p2a: Sinistcha
|
|upkeep
|
|t:|1784309056
|switch|p1a: Whimsicott|Whimsicott, L50, M|100/100
|turn|4
|
|t:|1784309072
|switch|p2a: Incineroar|Incineroar, L50, F|100/100
|-ability|p2a: Incineroar|Intimidate|boost
|-unboost|p1a: Whimsicott|atk|1
|-unboost|p1b: Lucario|atk|1
|move|p2b: Blastoise|Protect|p2b: Blastoise
|-singleturn|p2b: Blastoise|Protect
|move|p1a: Whimsicott|Encore|p2b: Blastoise
|-activate|p2b: Blastoise|move: Protect
|move|p1b: Lucario|Shadow Ball|p2a: Incineroar
|-resisted|p2a: Incineroar|1
|-damage|p2a: Incineroar|87/100
|
|upkeep
|turn|5
|
|t:|1784309093
|move|p2a: Incineroar|Fake Out|p1a: Whimsicott
|-damage|p1a: Whimsicott|87/100
|cant|p1a: Whimsicott|flinch
|move|p2b: Blastoise|Water Spout|p1a: Whimsicott|[spread] p1a,p1b
|-resisted|p1a: Whimsicott|1
|-damage|p1a: Whimsicott|40/100
|-damage|p1b: Lucario|0 fnt
|faint|p1b: Lucario
|
|upkeep
|
|t:|1784309102
|switch|p1b: Greninja|Greninja, L50, F|100/100
|turn|6
|
|t:|1784309112
|move|p1a: Whimsicott|Helping Hand|p1b: Greninja
|-singleturn|p1b: Greninja|Helping Hand|[of] p1a: Whimsicott
|move|p2b: Blastoise|Protect|p2b: Blastoise
|-singleturn|p2b: Blastoise|Protect
|move|p1b: Greninja|Grass Knot|p2b: Blastoise
|-start|p1b: Greninja|typechange|Grass|[from] ability: Protean
|-activate|p2b: Blastoise|move: Protect
|move|p2a: Incineroar|Parting Shot|p1b: Greninja
|-unboost|p1b: Greninja|atk|1
|-unboost|p1b: Greninja|spa|1
|
|t:|1784309121
|switch|p2a: Sneasler|Sneasler, L50, M|100/100|[from] Parting Shot
|
|upkeep
|turn|7
|-message|drumer sama forfeited.
|raw|drumer sama's rating: 1070 → 1051(-19 for losing)
|raw|testdigi's rating: 1087 → 1113(+26 for winning)
|
|win|testdigi
