|j|☆syshj
|j|☆kingtob
|html|syshjkingtob    
|uhtml|bestof|Game 1 of a best-of-3
|t:|1785080175
|gametype|doubles
|player|p1|syshj|dawn|1214
|player|p2|kingtob|1|1101
|gen|9
|tier|[Gen 9 Champions] VGC 2026 Reg M-B (Bo3)
|rated|
|rule|Species Clause: Limit one of each Pokémon
|rule|Item Clause: Limit 1 of each item
|clearpoke
|poke|p1|Delphox, L50, M|
|poke|p1|Sinistcha, L50|
|poke|p1|Sneasler, L50, F|
|poke|p1|Milotic, L50, F|
|poke|p1|Floette-Eternal, L50, F|
|poke|p1|Incineroar, L50, M|
|poke|p2|Greninja, L50, F|
|poke|p2|Scizor, L50, M, shiny|
|poke|p2|Tsareena, L50, F, shiny|
|poke|p2|Volcarona, L50, M|
|poke|p2|Ninetales-Alola, L50, M|
|poke|p2|Sneasler, L50, F|
|teampreview|4
|showteam|p1|Delphox||Delphoxite|Magician|HeatWave,Psychic,Protect,NastyPlot|Timid||M|||50|]Sinistcha||KasibBerry|Hospitality|LifeDew,RagePowder,MatchaGotcha,Protect|Bold|||||50|]Sneasler||FocusSash|Unburden|CloseCombat,DireClaw,QuickGuard,FakeOut|Jolly||F|||50|]Milotic||Leftovers|Competitive|Hypnosis,Protect,Coil,MuddyWater|Calm||F|||50|]Floette-Eternal||Floettite|FlowerVeil|CalmMind,Moonblast,Protect,DazzlingGleam|Modest||F|||50|]Incineroar||SitrusBerry|Intimidate|FlareBlitz,DarkestLariat,PartingShot,FakeOut|Impish||M|||50|
|showteam|p2|Greninja||Greninjite|Protean|Blizzard,Surf,Protect,DarkPulse|Timid||F|||50|]Scizor||Scizorite|Technician|BulletPunch,Protect,SwordsDance,CloseCombat|Adamant||M|||50|]Tsareena||FocusSash|QueenlyMajesty|TropKick,HelpingHand,Taunt,Protect|Adamant||F|||50|]Volcarona||SitrusBerry|FlameBody|Tailwind,FieryDance,QuiverDance,GigaDrain|Modest||M|||50|]Ninetales-Alola||LightClay|SnowWarning|AuroraVeil,Blizzard,Encore,Moonblast|Modest||M|||50|]Sneasler||WhiteHerb|Unburden|DireClaw,FakeOut,Protect,CloseCombat|Jolly||F|||50|
|
|t:|1785080237
|teamsize|p1|4
|teamsize|p2|4
|start
|switch|p1a: Delphox|Delphox, L50, M|100/100
|switch|p1b: Sneasler|Sneasler, L50, F|100/100
|switch|p2a: Sneasler|Sneasler, L50, F|100/100
|switch|p2b: Volcarona|Volcarona, L50, M|100/100
|turn|1
|inactive|Battle timer is ON: inactive players will automatically lose when time's up. (requested by syshj)
|
|t:|1785080283
|detailschange|p1a: Delphox|Delphox-Mega, L50, M
|-mega|p1a: Delphox|Delphox|Delphoxite
|move|p1b: Sneasler|Quick Guard|p1b: Sneasler
|-singleturn|p1b: Sneasler|Quick Guard
|move|p2a: Sneasler|Fake Out|p1a: Delphox
|-activate|p1a: Delphox|move: Quick Guard
|move|p1a: Delphox|Heat Wave|p2a: Sneasler|[spread] p2a,p2b
|-damage|p2a: Sneasler|40/100
|-damage|p2b: Volcarona|54/100
|move|p2b: Volcarona|Tailwind|p2b: Volcarona
|-sidestart|p2: kingtob|move: Tailwind
|
|upkeep
|turn|2
|inactive|kingtob has 30 seconds left.
|
|t:|1785080309
|move|p2a: Sneasler|Dire Claw|p1a: Delphox
|-damage|p1a: Delphox|48/100
|move|p2b: Volcarona|Fiery Dance|p1b: Sneasler
|-damage|p1b: Sneasler|31/100
|-boost|p2b: Volcarona|spa|1
|move|p1a: Delphox|Psychic|p2b: Volcarona
|-damage|p2b: Volcarona|0 fnt
|faint|p2b: Volcarona
|move|p1b: Sneasler|Dire Claw|p2a: Sneasler
|-resisted|p2a: Sneasler|1
|-damage|p2a: Sneasler|1/100
|
|upkeep
|
|t:|1785080326
|switch|p2b: Ninetales|Ninetales-Alola, L50, M|100/100
|-weather|Snowscape|[from] ability: Snow Warning|[of] p2b: Ninetales
|turn|3
|
|t:|1785080338
|switch|p1a: Incineroar|Incineroar, L50, M|100/100
|-ability|p1a: Incineroar|Intimidate|boost
|-unboost|p2a: Sneasler|atk|1
|-unboost|p2b: Ninetales|atk|1
|-enditem|p2a: Sneasler|White Herb
|-clearnegativeboost|p2a: Sneasler|[silent]
|switch|p1b: Milotic|Milotic, L50, F|100/100
|move|p2a: Sneasler|Protect|p2a: Sneasler
|-singleturn|p2a: Sneasler|Protect
|move|p2b: Ninetales|Aurora Veil|p2b: Ninetales
|-sidestart|p2: kingtob|move: Aurora Veil
|
|-weather|Snowscape|[upkeep]
|upkeep
|turn|4
|inactive|kingtob has 30 seconds left.
|inactive|kingtob has 20 seconds left.
|
|t:|1785080374
|move|p1a: Incineroar|Fake Out|p2a: Sneasler
|-damage|p2a: Sneasler|0 fnt
|faint|p2a: Sneasler
|move|p2b: Ninetales|Moonblast|p1b: Milotic
|-damage|p1b: Milotic|73/100
|move|p1b: Milotic|Coil|p1b: Milotic
|-boost|p1b: Milotic|atk|1
|-boost|p1b: Milotic|def|1
|-boost|p1b: Milotic|accuracy|1
|
|-weather|Snowscape|[upkeep]
|-heal|p1b: Milotic|79/100|[from] item: Leftovers
|-sideend|p2: kingtob|move: Tailwind
|upkeep
|
|t:|1785080384
|switch|p2a: Greninja|Greninja, L50, F|100/100
|turn|5
|
|t:|1785080405
|detailschange|p2a: Greninja|Greninja-Mega, L50, F
|-mega|p2a: Greninja|Greninja|Greninjite
|move|p2a: Greninja|Surf|p1a: Incineroar|[spread] p2b,p1a,p1b
|-start|p2a: Greninja|typechange|Water|[from] ability: Protean
|-supereffective|p1a: Incineroar|1
|-resisted|p1b: Milotic|1
|-damage|p2b: Ninetales|73/100
|-damage|p1a: Incineroar|45/100
|-damage|p1b: Milotic|67/100
|-enditem|p1a: Incineroar|Sitrus Berry|[eat]
|-heal|p1a: Incineroar|70/100|[from] item: Sitrus Berry
|move|p2b: Ninetales|Moonblast|p1b: Milotic
|-damage|p1b: Milotic|40/100
|move|p1b: Milotic|Hypnosis|p2a: Greninja
|-status|p2a: Greninja|slp|[from] move: Hypnosis
|move|p1a: Incineroar|Parting Shot|p2a: Greninja
|-unboost|p2a: Greninja|atk|1
|-unboost|p2a: Greninja|spa|1
|
|t:|1785080419
|switch|p1a: Delphox|Delphox-Mega, L50, M|48/100|[from] Parting Shot
|
|-weather|Snowscape|[upkeep]
|-heal|p1b: Milotic|46/100|[from] item: Leftovers
|upkeep
|turn|6
|
|t:|1785080435
|switch|p1b: Incineroar|Incineroar, L50, M|70/100
|-ability|p1b: Incineroar|Intimidate|boost
|-unboost|p2a: Greninja|atk|1
|-unboost|p2b: Ninetales|atk|1
|cant|p2a: Greninja|slp
|move|p1a: Delphox|Psychic|p2a: Greninja
|-damage|p2a: Greninja|49/100 slp
|move|p2b: Ninetales|Blizzard|p1b: Incineroar|[spread] p1a,p1b
|-resisted|p1a: Delphox|1
|-resisted|p1b: Incineroar|1
|-damage|p1a: Delphox|34/100
|-damage|p1b: Incineroar|55/100
|
|-weather|Snowscape|[upkeep]
|upkeep
|turn|7
|
|t:|1785080449
|move|p1b: Incineroar|Fake Out|p2a: Greninja
|-damage|p2a: Greninja|39/100 slp
|cant|p2a: Greninja|slp
|move|p1a: Delphox|Heat Wave|p2b: Ninetales|[spread] p2a,p2b
|-resisted|p2a: Greninja|1
|-supereffective|p2b: Ninetales|1
|-damage|p2a: Greninja|21/100 slp
|-damage|p2b: Ninetales|12/100
|move|p2b: Ninetales|Blizzard|p1b: Incineroar|[spread] p1a,p1b
|-resisted|p1a: Delphox|1
|-resisted|p1b: Incineroar|1
|-damage|p1a: Delphox|20/100r
|-damage|p1b: Incineroar|41/100
|
|-weather|none
|upkeep
|turn|8
|
|t:|1785080468
|move|p1a: Delphox|Protect|p1a: Delphox
|-singleturn|p1a: Delphox|Protect
|-curestatus|p2a: Greninja|slp|[msg]
|move|p2a: Greninja|Surf|p1a: Delphox|[spread] p2b,p1b
|-activate|p1a: Delphox|move: Protect
|-supereffective|p1b: Incineroar|1
|-damage|p2b: Ninetales|0 fnt
|-damage|p1b: Incineroar|0 fnt
|faint|p2b: Ninetales
|faint|p1b: Incineroar
|
|upkeep
|
|t:|1785080473
|switch|p1b: Sneasler|Sneasler, L50, F|31/100
|turn|9
|
|t:|1785080485
|switch|p1a: Milotic|Milotic, L50, F|46/100
|move|p1b: Sneasler|Fake Out|p2a: Greninja
|-damage|p2a: Greninja|7/100
|cant|p2a: Greninja|flinch
|
|-heal|p1a: Milotic|52/100|[from] item: Leftovers
|upkeep
|turn|10
|
|t:|1785080497
|switch|p1b: Delphox|Delphox-Mega, L50, M|20/100r
|move|p1a: Milotic|Protect|p1a: Milotic
|-singleturn|p1a: Milotic|Protect
|move|p2a: Greninja|Surf|p1b: Delphox|[spread] p1b
|-activate|p1a: Milotic|move: Protect
|-supereffective|p1b: Delphox|1
|-damage|p1b: Delphox|0 fnt
|faint|p1b: Delphox
|
|-heal|p1a: Milotic|58/100|[from] item: Leftovers
|-sideend|p2: kingtob|move: Aurora Veil
|upkeep
|
|t:|1785080500
|switch|p1b: Sneasler|Sneasler, L50, F|31/100
|turn|11
|
|t:|1785080514
|move|p2a: Greninja|Protect|p2a: Greninja
|-singleturn|p2a: Greninja|Protect
|move|p1b: Sneasler|Fake Out|p2a: Greninja
|-activate|p2a: Greninja|move: Protect
|move|p1a: Milotic|Coil|p1a: Milotic
|-boost|p1a: Milotic|atk|1
|-boost|p1a: Milotic|def|1
|-boost|p1a: Milotic|accuracy|1
|
|-heal|p1a: Milotic|64/100|[from] item: Leftovers
|upkeep
|turn|12
|
|t:|1785080530
|move|p2a: Greninja|Blizzard|p1a: Milotic|[spread] p1b
|-miss|p2a: Greninja|p1a: Milotic
|-crit|p1b: Sneasler
|-damage|p1b: Sneasler|0 fnt
|faint|p1b: Sneasler
|move|p1a: Milotic|Muddy Water|p2a: Greninja
|-resisted|p2a: Greninja|1
|-damage|p2a: Greninja|0 fnt
|faint|p2a: Greninja
|
|win|syshj
||syshj is ready for game 2.
|inactive|kingtob has 30 seconds to confirm battle start!
|l|☆kingtob
|player|p2|
|inactive|kingtob has 20 seconds to confirm battle start!
|inactive|kingtob has 10 seconds to confirm battle start!
|uhtml|next|Next: Game 2 of 3
