|j|☆eklyst
|j|☆Magicalarcher57
|html|eklystMagicalarcher57    
|uhtml|bestof|Game 2 of a best-of-3
|t:|1783999202
|gametype|doubles
|player|p1|eklyst|pokemaniac|1179
|player|p2|Magicalarcher57|265|1185
|gen|9
|tier|[Gen 9 Champions] VGC 2026 Reg M-B (Bo3)
|rated|
|rule|Species Clause: Limit one of each Pokémon
|rule|Item Clause: Limit 1 of each item
|clearpoke
|poke|p1|Metagross, L50|
|poke|p1|Floette-Eternal, L50, F|
|poke|p1|Garchomp, L50, M|
|poke|p1|Aerodactyl, L50, F|
|poke|p1|Sinistcha, L50|
|poke|p1|Incineroar, L50, M|
|poke|p2|Garchomp, L50, F|
|poke|p2|Basculegion, L50, M|
|poke|p2|Whimsicott, L50, M|
|poke|p2|Glimmora, L50, F|
|poke|p2|Staraptor, L50, M|
|poke|p2|Tsareena, L50, F|
|teampreview|4
|showteam|p1|Metagross||Metagrossite|ClearBody|IronHead,BulletPunch,PsychicFangs,Protect|Adamant|||||50|]Floette-Eternal||Floettite|FlowerVeil|Moonblast,DazzlingGleam,CalmMind,Protect|Modest||F|||50|]Garchomp||LifeOrb|RoughSkin|RockSlide,StompingTantrum,DragonClaw,Protect|Jolly||M|||50|]Aerodactyl||FocusSash|Unnerve|RockSlide,DualWingbeat,Tailwind,Protect|Jolly||F|||50|]Sinistcha||KasibBerry|Hospitality|MatchaGotcha,TrickRoom,RagePowder,Protect|Relaxed|||||50|]Incineroar||SitrusBerry|Intimidate|FakeOut,FlareBlitz,ThroatChop,PartingShot|Adamant||M|||50|
|showteam|p2|Garchomp||SitrusBerry|RoughSkin|Earthquake,DragonClaw,Protect,StompingTantrum|Jolly||F|||50|]Basculegion||ChoiceScarf|Adaptability|WaveCrash,LastRespects,AquaJet,FlipTurn|Jolly||M|||50|]Whimsicott||FocusSash|Prankster|Tailwind,Moonblast,Encore,Protect|Timid||M|||50|]Glimmora||LifeOrb|ToxicDebris|PowerGem,EarthPower,SludgeBomb,SpikyShield|Timid||F|||50|]Staraptor||Staraptite|Intimidate|CloseCombat,BraveBird,Protect,Roost|Adamant||M|||50|]Tsareena||WideLens|QueenlyMajesty|Taunt,PowerWhip,TripleAxel,Protect|Adamant||F|||50|
|inactive|Battle timer is ON: inactive players will automatically lose when time's up. (requested by eklyst)
|
|t:|1783999227
|teamsize|p1|4
|teamsize|p2|4
|start
|switch|p1a: Aerodactyl|Aerodactyl, L50, F|100/100
|switch|p1b: Floette|Floette-Eternal, L50, F|100/100
|switch|p2a: Tsareena|Tsareena, L50, F|100/100
|switch|p2b: Basculegion|Basculegion, L50, M|100/100
|-ability|p1a: Aerodactyl|Unnerve
|turn|1
|
|t:|1783999248
|detailschange|p1b: Floette|Floette-Mega, L50, F
|-mega|p1b: Floette|Floette|Floettite
|-ability|p1b: Floette|Fairy Aura
|move|p2b: Basculegion|Flip Turn|p1b: Floette
|-damage|p1b: Floette|61/100
|inactive|Magicalarcher57 has 30 seconds left.
|
|t:|1783999282
|switch|p2b: Glimmora|Glimmora, L50, F|100/100|[from] Flip Turn
|move|p1a: Aerodactyl|Tailwind|p1a: Aerodactyl
|-sidestart|p1: eklyst|move: Tailwind
|move|p1b: Floette|Calm Mind|p1b: Floette
|-boost|p1b: Floette|spa|1
|-boost|p1b: Floette|spd|1
|move|p2a: Tsareena|Triple Axel|p1a: Aerodactyl
|-supereffective|p1a: Aerodactyl|1
|-damage|p1a: Aerodactyl|74/100
|-supereffective|p1a: Aerodactyl|1
|-damage|p1a: Aerodactyl|29/100
|-supereffective|p1a: Aerodactyl|1
|-damage|p1a: Aerodactyl|0 fnt
|faint|p1a: Aerodactyl
|-hitcount|p1: Aerodactyl|3
|
|upkeep
|
|t:|1783999296
|switch|p1a: Garchomp|Garchomp, L50, M|100/100
|turn|2
|
|t:|1783999317
|move|p1a: Garchomp|Protect|p1a: Garchomp
|-singleturn|p1a: Garchomp|Protect
|move|p2b: Glimmora|Spiky Shield|p2b: Glimmora
|-singleturn|p2b: Glimmora|move: Protect
|move|p1b: Floette|Dazzling Gleam|p2a: Tsareena|[spread] p2a
|-activate|p2b: Glimmora|move: Protect
|-damage|p2a: Tsareena|18/100
|move|p2a: Tsareena|Triple Axel|p1a: Garchomp
|-activate|p1a: Garchomp|move: Protect
|
|upkeep
|turn|3
|
|t:|1783999328
|switch|p2b: Whimsicott|Whimsicott, L50, M|100/100
|move|p2a: Tsareena|Protect|p2a: Tsareena
|-singleturn|p2a: Tsareena|Protect
|move|p1a: Garchomp|Stomping Tantrum|p2b: Whimsicott
|-resisted|p2b: Whimsicott|1
|-damage|p2b: Whimsicott|64/100
|-damage|p1a: Garchomp|90/100|[from] item: Life Orb
|move|p1b: Floette|Dazzling Gleam|p2a: Tsareena|[spread] p2b
|-activate|p2a: Tsareena|move: Protect
|-damage|p2b: Whimsicott|0 fnt
|faint|p2b: Whimsicott
|
|upkeep
|
|t:|1783999334
|switch|p2b: Glimmora|Glimmora, L50, F|100/100
|turn|4
|
|t:|1783999343
|move|p2b: Glimmora|Spiky Shield|p2b: Glimmora
|-singleturn|p2b: Glimmora|move: Protect
|move|p1a: Garchomp|Stomping Tantrum|p2b: Glimmora
|-activate|p2b: Glimmora|move: Protect
|-damage|p1a: Garchomp|77/100|[from] Spiky Shield|[of] p2b: Glimmora
|move|p1b: Floette|Dazzling Gleam|p2a: Tsareena|[spread] p2a
|-activate|p2b: Glimmora|move: Protect
|-damage|p2a: Tsareena|0 fnt
|faint|p2a: Tsareena
|
|-sideend|p1: eklyst|move: Tailwind
|upkeep
|
|t:|1783999351
|switch|p2a: Basculegion|Basculegion, L50, M|100/100
|turn|5
|
|t:|1783999364
|switch|p1a: Sinistcha|Sinistcha, L50|100/100
|-heal|p1b: Floette|86/100|[from] ability: Hospitality|[of] p1a: Sinistcha
|move|p1b: Floette|Protect|p1b: Floette
|-singleturn|p1b: Floette|Protect
|move|p2a: Basculegion|Last Respects|p1a: Sinistcha
|-supereffective|p1a: Sinistcha|1
|-enditem|p1a: Sinistcha|Kasib Berry|[eat]
|-enditem|p1a: Sinistcha|Kasib Berry|[weaken]
|-damage|p1a: Sinistcha|19/100
|move|p2b: Glimmora|Sludge Bomb|p1b: Floette
|-activate|p1b: Floette|move: Protect
|
|upkeep
|turn|6
|inactive|Magicalarcher57 has 30 seconds left.
|
|t:|1783999389
|move|p1a: Sinistcha|Rage Powder|p1a: Sinistcha
|-singleturn|p1a: Sinistcha|move: Rage Powder
|move|p2a: Basculegion|Last Respects|p1a: Sinistcha
|-supereffective|p1a: Sinistcha|1
|-damage|p1a: Sinistcha|0 fnt
|faint|p1a: Sinistcha
|move|p2b: Glimmora|Sludge Bomb|p1b: Floette
|-supereffective|p1b: Floette|1
|-damage|p1b: Floette|25/100
|-damage|p2b: Glimmora|90/100|[from] item: Life Orb
|move|p1b: Floette|Moonblast|p2a: Basculegion
|-damage|p2a: Basculegion|0 fnt
|faint|p2a: Basculegion
|
|upkeep
|-message|Magicalarcher57 forfeited.
|raw|eklyst's rating: 1179 → 1204(+25 for winning)
|raw|Magicalarcher57's rating: 1185 → 1160(-25 for losing)
|
|win|eklyst
|l|☆Magicalarcher57
|player|p2|
