|j|☆PuniHina
|j|☆awif34
|html|PuniHinaawif34    
|uhtml|bestof|Game 1 of a best-of-3
|t:|1783315131
|gametype|doubles
|player|p1|PuniHina|lacey|1103
|player|p2|awif34|170|1000
|gen|9
|tier|[Gen 9 Champions] VGC 2026 Reg M-B (Bo3)
|rated|
|rule|Species Clause: Limit one of each Pokémon
|rule|Item Clause: Limit 1 of each item
|clearpoke
|poke|p1|Meganium, L50, F, shiny|
|poke|p1|Altaria, L50, M|
|poke|p1|Scrafty, L50, M|
|poke|p1|Gholdengo, L50|
|poke|p1|Basculegion, L50, M|
|poke|p1|Garchomp, L50, M|
|poke|p2|Staraptor, L50, M, shiny|
|poke|p2|Grimmsnarl, L50, M|
|poke|p2|Garchomp, L50, F|
|poke|p2|Basculegion, L50, M|
|poke|p2|Kangaskhan, L50, F|
|poke|p2|Floette-Eternal, L50, F|
|teampreview|4
|showteam|p1|Meganium||Meganiumite|LeafGuard|SolarBeam,DazzlingGleam,Protect,WeatherBall|Modest||F|||50|]Altaria||RoseliBerry|CloudNine|BraveBird,Roost,Tailwind,WillOWisp|Impish||M|||50|]Scrafty||Scraftinite|Intimidate|CloseCombat,KnockOff,FakeOut,Protect|Careful||M|||50|]Gholdengo||MetalCoat|GoodasGold|MakeItRain,ShadowBall,NastyPlot,Protect|Modest|||||50|]Basculegion||SitrusBerry|Adaptability|WaveCrash,LastRespects,AquaJet,Protect|Adamant||M|||50|]Garchomp||LifeOrb|RoughSkin|StompingTantrum,DragonClaw,RockSlide,Protect|Jolly||M|||50|
|showteam|p2|Staraptor||Staraptite|Intimidate|CloseCombat,BraveBird,Protect,QuickAttack|Jolly||M|||50|]Grimmsnarl||SitrusBerry|Prankster|FakeOut,PartingShot,FakeTears,SpiritBreak|Adamant||M|||50|]Garchomp||LifeOrb|RoughSkin|Earthquake,RockSlide,BreakingSwipe,Protect|Jolly||F|||50|]Basculegion||ChoiceScarf|Adaptability|AquaJet,FlipTurn,LastRespects,Liquidation|Jolly||M|||50|]Kangaskhan||SilkScarf|Scrappy|FakeOut,LastResort|Jolly||F|||50|]Floette-Eternal||Floettite|FlowerVeil|CalmMind,LightofRuin,MistyTerrain,Psychic|Timid||F|||50|
|
|t:|1783315167
|teamsize|p1|4
|teamsize|p2|4
|start
|switch|p1a: Altaria|Altaria, L50, M|100/100
|switch|p1b: Scrafty|Scrafty, L50, M|100/100
|switch|p2a: Floette|Floette-Eternal, L50, F|100/100
|switch|p2b: Basculegion|Basculegion, L50, M|100/100
|-ability|p1a: Altaria|Cloud Nine
|-ability|p1b: Scrafty|Intimidate|boost
|-unboost|p2a: Floette|atk|1
|-unboost|p2b: Basculegion|atk|1
|turn|1
|inactive|Battle timer is ON: inactive players will automatically lose when time's up. (requested by PuniHina)
|
|t:|1783315214
|detailschange|p2a: Floette|Floette-Mega, L50, F
|-mega|p2a: Floette|Floette|Floettite
|-ability|p2a: Floette|Fairy Aura
|detailschange|p1b: Scrafty|Scrafty-Mega, L50, M
|-mega|p1b: Scrafty|Scrafty|Scraftinite
|-ability|p1b: Scrafty|Intimidate|boost
|-unboost|p2a: Floette|atk|1
|-unboost|p2b: Basculegion|atk|1
|move|p1b: Scrafty|Fake Out|p2a: Floette
|-damage|p2a: Floette|84/100
|move|p2b: Basculegion|Flip Turn|p1a: Altaria
|-resisted|p1a: Altaria|1
|-damage|p1a: Altaria|91/100
|
|t:|1783315225
|switch|p2b: Kangaskhan|Kangaskhan, L50, F|100/100|[from] Flip Turn
|cant|p2a: Floette|flinch
|move|p1a: Altaria|Tailwind|p1a: Altaria
|-sidestart|p1: PuniHina|move: Tailwind
|
|upkeep
|turn|2
|
|t:|1783315235
|switch|p1a: Gholdengo|Gholdengo, L50|100/100
|switch|p1b: Basculegion|Basculegion, L50, M|100/100
|move|p2b: Kangaskhan|Fake Out|p1a: Gholdengo
|-resisted|p1a: Gholdengo|1
|-damage|p1a: Gholdengo|90/100
|move|p2a: Floette|Light of Ruin|p1b: Basculegion
|-damage|p1b: Basculegion|0 fnt
|faint|p1b: Basculegion
|-damage|p2a: Floette|11/100|[from] Recoil
|
|upkeep
|
|t:|1783315248
|switch|p1b: Scrafty|Scrafty-Mega, L50, M|100/100
|-ability|p1b: Scrafty|Intimidate|boost
|-unboost|p2a: Floette|atk|1
|-fail|p2b: Kangaskhan|unboost|Attack|[from] ability: Scrappy|[of] p2b: Kangaskhan
|turn|3
|
|t:|1783315266
|switch|p2a: Basculegion|Basculegion, L50, M|100/100
|move|p1a: Gholdengo|Make It Rain|p2a: Basculegion|[spread] p2a,p2b
|-resisted|p2a: Basculegion|1
|-crit|p2a: Basculegion
|-damage|p2a: Basculegion|49/100
|-damage|p2b: Kangaskhan|30/100
|-unboost|p1a: Gholdengo|spa|2
|move|p1b: Scrafty|Close Combat|p2b: Kangaskhan
|-supereffective|p2b: Kangaskhan|1
|-damage|p2b: Kangaskhan|0 fnt
|-unboost|p1b: Scrafty|def|1
|-unboost|p1b: Scrafty|spd|1
|faint|p2b: Kangaskhan
|
|upkeep
|
|t:|1783315282
|switch|p2b: Garchomp|Garchomp, L50, F|100/100
|turn|4
|
|t:|1783315305
|switch|p1a: Altaria|Altaria, L50, M|91/100
|-ability|p1a: Altaria|Cloud Nine
|move|p2b: Garchomp|Protect|p2b: Garchomp
|-singleturn|p2b: Garchomp|Protect
|move|p2a: Basculegion|Last Respects|p1a: Altaria
|-damage|p1a: Altaria|31/100
|move|p1b: Scrafty|Knock Off|p2a: Basculegion
|-supereffective|p2a: Basculegion|1
|-damage|p2a: Basculegion|0 fnt
|-enditem|p2a: Basculegion|Choice Scarf|[from] move: Knock Off|[of] p1b: Scrafty
|faint|p2a: Basculegion
|
|-sideend|p1: PuniHina|move: Tailwind
|upkeep
|
|t:|1783315317
|switch|p2a: Floette|Floette-Mega, L50, F|11/100
|-ability|p2a: Floette|Fairy Aura
|turn|5
|
|t:|1783315338
|switch|p1b: Gholdengo|Gholdengo, L50|90/100
|move|p2b: Garchomp|Breaking Swipe|p1a: Altaria|[spread] p1a,p1b
|-supereffective|p1a: Altaria|1
|-resisted|p1b: Gholdengo|1
|-damage|p1a: Altaria|0 fnt
|-damage|p1b: Gholdengo|76/100
|-unboost|p1b: Gholdengo|atk|1
|faint|p1a: Altaria
|-damage|p2b: Garchomp|90/100|[from] item: Life Orb
|move|p2a: Floette|Light of Ruin|p1b: Gholdengo
|-resisted|p1b: Gholdengo|1
|-damage|p1b: Gholdengo|21/100
|-damage|p2a: Floette|0 fnt|[from] Recoil
|faint|p2a: Floette
|
|upkeep
|
|t:|1783315352
|switch|p1a: Scrafty|Scrafty-Mega, L50, M|100/100
|-ability|p1a: Scrafty|Intimidate|boost
|-unboost|p2b: Garchomp|atk|1
|turn|6
|
|t:|1783315364
|move|p1b: Gholdengo|Protect|p1b: Gholdengo
|-singleturn|p1b: Gholdengo|Protect
|move|p2b: Garchomp|Earthquake|p1b: Gholdengo|[spread] p1a
|-activate|p1b: Gholdengo|move: Protect
|-damage|p1a: Scrafty|73/100
|-damage|p2b: Garchomp|80/100|[from] item: Life Orb
|move|p1a: Scrafty|Knock Off|p2b: Garchomp
|-damage|p2b: Garchomp|39/100
|-damage|p1a: Scrafty|61/100|[from] ability: Rough Skin|[of] p2b: Garchomp
|-enditem|p2b: Garchomp|Life Orb|[from] move: Knock Off|[of] p1a: Scrafty
|
|upkeep
|turn|7
|
|t:|1783315377
|move|p1b: Gholdengo|Protect||[still]
|-fail|p1b: Gholdengo
|move|p2b: Garchomp|Earthquake|p1a: Scrafty|[spread] p1a,p1b
|-supereffective|p1b: Gholdengo|1
|-damage|p1a: Scrafty|39/100
|-damage|p1b: Gholdengo|0 fnt
|faint|p1b: Gholdengo
|move|p1a: Scrafty|Close Combat|p2b: Garchomp
|-damage|p2b: Garchomp|0 fnt
|-unboost|p1a: Scrafty|def|1
|-unboost|p1a: Scrafty|spd|1
|-damage|p1a: Scrafty|26/100|[from] ability: Rough Skin|[of] p2b: Garchomp
|faint|p2b: Garchomp
|
|win|PuniHina
||PuniHina is ready for game 2.
||awif34 is ready for game 2.
|uhtml|next|Next: Game 2 of 3
|l|☆awif34
|player|p2|
