|j|☆tunezalcuadrado
|j|☆mew mew season 2
|html|tunezalcuadradomew mew season 2    
|uhtml|bestof|Game 2 of a best-of-3
|t:|1782474440
|gametype|doubles
|player|p1|tunezalcuadrado|lucas|1174
|player|p2|mew mew season 2|miku-psychic|1158
|gen|9
|tier|[Gen 9 Champions] VGC 2026 Reg M-B (Bo3)
|rated|
|rule|Species Clause: Limit one of each Pokémon
|rule|Item Clause: Limit 1 of each item
|clearpoke
|poke|p1|Swampert, L50, F|
|poke|p1|Pelipper, L50, M|
|poke|p1|Garchomp, L50, F|
|poke|p1|Venusaur, L50, M|
|poke|p1|Grimmsnarl, L50, M|
|poke|p1|Sylveon, L50, F|
|poke|p2|Floette-Eternal, L50, F|
|poke|p2|Delphox, L50, M|
|poke|p2|Kingambit, L50, F|
|poke|p2|Sneasler, L50, M|
|poke|p2|Sinistcha, L50|
|poke|p2|Incineroar, L50, M|
|teampreview|4
|showteam|p1|Swampert||Swampertite|Damp|Protect,Earthquake,IcePunch,Liquidation|Adamant||F|||50|]Pelipper||FocusSash|Drizzle|Protect,WeatherBall,Hurricane,Tailwind|Modest||M|||50|]Garchomp||ChoiceScarf|RoughSkin|RockTomb,Earthquake,StompingTantrum,DragonClaw|Adamant||F|||50|]Venusaur||Venusaurite|Chlorophyll|Protect,LeechSeed,SludgeBomb,GigaDrain|Modest||M|||50|]Grimmsnarl||LightClay|Prankster|Reflect,LightScreen,FoulPlay,PartingShot|Careful||M|||50|]Sylveon||FairyFeather|Pixilate|Detect,HyperBeam,HyperVoice,QuickAttack|Modest||F|||50|
|showteam|p2|Floette-Eternal||Floettite|FlowerVeil|Protect,CalmMind,DazzlingGleam,DrainingKiss|Modest||F|||50|]Delphox||Delphoxite|Blaze|HeatWave,Psychic,NastyPlot,Protect|Timid||M|||50|]Kingambit||BlackGlasses|Defiant|SuckerPunch,KowtowCleave,SwordsDance,Protect|Adamant||F|||50|]Sneasler||FocusSash|PoisonTouch|FakeOut,PoisonJab,CloseCombat,QuickGuard|Jolly||M|||50|]Sinistcha||KasibBerry|Hospitality|MatchaGotcha,RagePowder,LifeDew,TrickRoom|Bold|||||50|]Incineroar||SitrusBerry|Intimidate|FakeOut,FlareBlitz,ThroatChop,PartingShot|Bold||M|||50|
|inactive|Battle timer is ON: inactive players will automatically lose when time's up. (requested by tunezalcuadrado)
|
|t:|1782474453
|teamsize|p1|4
|teamsize|p2|4
|start
|switch|p1a: Swampert|Swampert, L50, F|100/100
|switch|p1b: Pelipper|Pelipper, L50, M|100/100
|switch|p2a: Sneasler|Sneasler, L50, M|100/100
|switch|p2b: Incineroar|Incineroar, L50, M|100/100
|-weather|RainDance|[from] ability: Drizzle|[of] p1b: Pelipper
|-ability|p2b: Incineroar|Intimidate|boost
|-unboost|p1a: Swampert|atk|1
|-unboost|p1b: Pelipper|atk|1
|turn|1
|
|t:|1782474472
|detailschange|p1a: Swampert|Swampert-Mega, L50, F
|-mega|p1a: Swampert|Swampert|Swampertite
|move|p2a: Sneasler|Fake Out|p1a: Swampert
|-damage|p1a: Swampert|89/100
|cant|p1a: Swampert|flinch
|move|p1b: Pelipper|Tailwind|p1b: Pelipper
|-sidestart|p1: tunezalcuadrado|move: Tailwind
|move|p2b: Incineroar|Parting Shot|p1b: Pelipper
|-unboost|p1b: Pelipper|atk|1
|-unboost|p1b: Pelipper|spa|1
|
|t:|1782474485
|switch|p2b: Sinistcha|Sinistcha, L50|100/100|[from] Parting Shot
|
|-weather|RainDance|[upkeep]
|upkeep
|turn|2
|
|t:|1782474499
|switch|p1a: Garchomp|Garchomp, L50, F|100/100
|move|p1b: Pelipper|Hurricane|p2b: Sinistcha
|-supereffective|p2b: Sinistcha|1
|-damage|p2b: Sinistcha|28/100
|-start|p2b: Sinistcha|confusion
|move|p2a: Sneasler|Poison Jab|p1b: Pelipper
|-damage|p1b: Pelipper|47/100
|-status|p1b: Pelipper|psn|[from] ability: Poison Touch|[of] p2a: Sneasler
|-activate|p2b: Sinistcha|confusion
|move|p2b: Sinistcha|Matcha Gotcha|p1a: Garchomp|[spread] p1a,p1b
|-damage|p1a: Garchomp|76/100
|-heal|p2b: Sinistcha|41/100|[from] drain|[of] p1a: Garchomp
|-damage|p1b: Pelipper|1/100 psn
|-heal|p2b: Sinistcha|58/100|[from] drain|[of] p1b: Pelipper
|
|-weather|RainDance|[upkeep]
|-damage|p1b: Pelipper|0 fnt|[from] psn
|faint|p1b: Pelipper
|upkeep
|inactive|tunezalcuadrado has 30 seconds left.
|
|t:|1782474526
|switch|p1b: Sylveon|Sylveon, L50, F|100/100
|turn|3
|
|t:|1782474546
|switch|p2a: Incineroar|Incineroar, L50, M|100/100
|-ability|p2a: Incineroar|Intimidate|boost
|-unboost|p1a: Garchomp|atk|1
|-unboost|p1b: Sylveon|atk|1
|move|p1a: Garchomp|Dragon Claw|p2b: Sinistcha
|-damage|p2b: Sinistcha|35/100
|move|p1b: Sylveon|Hyper Voice|p2a: Incineroar|[spread] p2a,p2b
|-crit|p2b: Sinistcha
|-damage|p2a: Incineroar|56/100
|-damage|p2b: Sinistcha|0 fnt
|faint|p2b: Sinistcha
|
|-weather|RainDance|[upkeep]
|upkeep
|
|t:|1782474554
|switch|p2b: Sneasler|Sneasler, L50, M|100/100
|turn|4
|
|t:|1782474579
|move|p2b: Sneasler|Fake Out|p1b: Sylveon
|-damage|p1b: Sylveon|83/100
|move|p2a: Incineroar|Fake Out|p1a: Garchomp
|-damage|p1a: Garchomp|68/100
|-damage|p2a: Incineroar|43/100|[from] ability: Rough Skin|[of] p1a: Garchomp
|-enditem|p2a: Incineroar|Sitrus Berry|[eat]
|-heal|p2a: Incineroar|68/100|[from] item: Sitrus Berry
|cant|p1a: Garchomp|flinch
|cant|p1b: Sylveon|flinch
|
|-weather|RainDance|[upkeep]
|-sideend|p1: tunezalcuadrado|move: Tailwind
|upkeep
|turn|5
|inactive|tunezalcuadrado has 30 seconds left.
|
|t:|1782474608
|switch|p1b: Swampert|Swampert-Mega, L50, F|89/100
|move|p1a: Garchomp|Dragon Claw|p2a: Incineroar
|-damage|p2a: Incineroar|47/100
|move|p2b: Sneasler|Poison Jab|p1b: Swampert
|-resisted|p1b: Swampert|1
|-damage|p1b: Swampert|73/100
|-status|p1b: Swampert|psn
|move|p2a: Incineroar|Parting Shot|p1a: Garchomp
|-unboost|p1a: Garchomp|atk|1
|-unboost|p1a: Garchomp|spa|1
|
|t:|1782474618
|switch|p2a: Floette|Floette-Eternal, L50, F|100/100|[from] Parting Shot
|
|-weather|none
|-damage|p1b: Swampert|61/100 psn|[from] psn
|upkeep
|turn|6
|
|t:|1782474632
|switch|p2b: Incineroar|Incineroar, L50, M|47/100
|-ability|p2b: Incineroar|Intimidate|boost
|-unboost|p1a: Garchomp|atk|1
|-unboost|p1b: Swampert|atk|1
|detailschange|p2a: Floette|Floette-Mega, L50, F
|-mega|p2a: Floette|Floette|Floettite
|-ability|p2a: Floette|Fairy Aura
|move|p1a: Garchomp|Dragon Claw|p2b: Incineroar
|-damage|p2b: Incineroar|34/100
|move|p2a: Floette|Calm Mind|p2a: Floette
|-boost|p2a: Floette|spa|1
|-boost|p2a: Floette|spd|1
|move|p1b: Swampert|Earthquake|p2b: Incineroar|[spread] p1a,p2a,p2b
|-supereffective|p2b: Incineroar|1
|-damage|p1a: Garchomp|43/100
|-damage|p2a: Floette|72/100
|-damage|p2b: Incineroar|0 fnt
|faint|p2b: Incineroar
|
|-damage|p1b: Swampert|49/100 psn|[from] psn
|upkeep
|
|t:|1782474638
|switch|p2b: Sneasler|Sneasler, L50, M|100/100
|turn|7
|
|t:|1782474661
|switch|p1a: Sylveon|Sylveon, L50, F|83/100
|move|p2b: Sneasler|Fake Out|p1a: Sylveon
|-damage|p1a: Sylveon|67/100
|move|p2a: Floette|Dazzling Gleam|p1a: Sylveon|[spread] p1a,p1b
|-damage|p1a: Sylveon|10/100
|-damage|p1b: Swampert|0 fnt
|faint|p1b: Swampert
|
|upkeep
|
|t:|1782474671
|switch|p1b: Garchomp|Garchomp, L50, F|43/100
|turn|8
|
|t:|1782474693
|move|p1a: Sylveon|Quick Attack|p2b: Sneasler
|-damage|p2b: Sneasler|68/100
|move|p1b: Garchomp|Earthquake|p2b: Sneasler|[spread] p1a,p2a,p2b
|-supereffective|p2b: Sneasler|1
|-damage|p1a: Sylveon|0 fnt
|-damage|p2a: Floette|31/100
|-damage|p2b: Sneasler|0 fnt
|faint|p1a: Sylveon
|faint|p2b: Sneasler
|move|p2a: Floette|Dazzling Gleam|p1b: Garchomp
|-supereffective|p1b: Garchomp|1
|-damage|p1b: Garchomp|0 fnt
|faint|p1b: Garchomp
|
|win|mew mew season 2
