|j|☆MetalBlackKnight
|j|☆JareMase
|html|MetalBlackKnightJareMase    
|uhtml|bestof|Game 2 of a best-of-3
|t:|1786103142
|gametype|doubles
|player|p1|MetalBlackKnight|cynthia|1240
|player|p2|JareMase|266|1244
|gen|9
|tier|[Gen 9 Champions] VGC 2026 Reg M-B (Bo3)
|rated|
|rule|Species Clause: Limit one of each Pokémon
|rule|Item Clause: Limit 1 of each item
|clearpoke
|poke|p1|Charizard, L50, F|
|poke|p1|Whimsicott, L50, M|
|poke|p1|Garchomp, L50, F|
|poke|p1|Basculegion, L50, M|
|poke|p1|Incineroar, L50, F|
|poke|p1|Farigiraf, L50, F|
|poke|p2|Scrafty, L50, F|
|poke|p2|Talonflame, L50, M|
|poke|p2|Glimmora, L50, M|
|poke|p2|Metagross, L50|
|poke|p2|Ninetales-Alola, L50, F|
|poke|p2|Farigiraf, L50, F|
|teampreview|4
|showteam|p1|Charizard||CharizarditeY|Blaze|WeatherBall,HeatWave,SolarBeam,Protect|Modest||F|||50|]Whimsicott||CobaBerry|Prankster|Tailwind,Encore,Moonblast,Protect|Timid||M|||50|]Garchomp||LifeOrb|RoughSkin|Earthquake,DragonClaw,RockTomb,Protect|Jolly||F|||50|]Basculegion||ChoiceScarf|Adaptability|WaveCrash,LastRespects,FlipTurn,AquaJet|Jolly||M|||50|]Incineroar||SitrusBerry|Intimidate|FakeOut,FlareBlitz,DarkestLariat,PartingShot|Impish||F|||50|]Farigiraf||ColburBerry|ArmorTail|Psychic,HelpingHand,Protect,Roar|Bold||F|||50|
|showteam|p2|Scrafty||Scraftinite|Intimidate|CloseCombat,KnockOff,FakeOut,RockSlide|Adamant||F|||50|]Talonflame||SharpBeak|GaleWings|Protect,Tailwind,DualWingbeat,FlareBlitz|Jolly||M|||50|]Glimmora||FocusSash|ToxicDebris|SpikyShield,EarthPower,SludgeBomb,PowerGem|Modest||M|||50|]Metagross||Metagrossite|ClearBody|Protect,HardPress,PsychicFangs,StompingTantrum|Jolly|||||50|]Ninetales-Alola||NeverMeltIce|SnowWarning|Protect,Encore,FreezeDry,Blizzard|Timid||F|||50|]Farigiraf||SitrusBerry|ArmorTail|Protect,HelpingHand,Roar,Psychic|Bold||F|||50|
|
|t:|1786103190
|teamsize|p1|4
|teamsize|p2|4
|start
|switch|p1a: Incineroar|Incineroar, L50, F|100/100
|switch|p1b: Basculegion|Basculegion, L50, M|100/100
|switch|p2a: Talonflame|Talonflame, L50, M|100/100
|switch|p2b: Ninetales|Ninetales-Alola, L50, F|100/100
|-weather|Snowscape|[from] ability: Snow Warning|[of] p2b: Ninetales
|-ability|p1a: Incineroar|Intimidate|boost
|-unboost|p2a: Talonflame|atk|1
|-unboost|p2b: Ninetales|atk|1
|turn|1
|
|t:|1786103205
|move|p2a: Talonflame|Protect|p2a: Talonflame
|-singleturn|p2a: Talonflame|Protect
|move|p1b: Basculegion|Flip Turn|p2b: Ninetales
|-damage|p2b: Ninetales|62/100
|
|t:|1786103211
|switch|p1b: Charizard|Charizard, L50, F|100/100|[from] Flip Turn
|move|p2b: Ninetales|Freeze-Dry|p1b: Charizard
|-damage|p1b: Charizard|67/100
|move|p1a: Incineroar|Flare Blitz|p2b: Ninetales
|-supereffective|p2b: Ninetales|1
|-damage|p2b: Ninetales|0 fnt
|faint|p2b: Ninetales
|-damage|p1a: Incineroar|82/100|[from] Recoil
|
|-weather|Snowscape|[upkeep]
|upkeep
|
|t:|1786103218
|switch|p2b: Scrafty|Scrafty, L50, F|100/100
|-ability|p2b: Scrafty|Intimidate|boost
|-unboost|p1a: Incineroar|atk|1
|-unboost|p1b: Charizard|atk|1
|turn|2
|
|t:|1786103233
|detailschange|p2b: Scrafty|Scrafty-Mega, L50, F
|-mega|p2b: Scrafty|Scrafty|Scraftinite
|-ability|p2b: Scrafty|Intimidate|boost
|-unboost|p1a: Incineroar|atk|1
|-unboost|p1b: Charizard|atk|1
|move|p1b: Charizard|Protect|p1b: Charizard
|-singleturn|p1b: Charizard|Protect
|move|p2a: Talonflame|Tailwind|p2a: Talonflame
|-sidestart|p2: JareMase|move: Tailwind
|move|p2b: Scrafty|Rock Slide|p1a: Incineroar|[spread] p1a
|-activate|p1b: Charizard|move: Protect
|-supereffective|p1a: Incineroar|1
|-damage|p1a: Incineroar|44/100
|-enditem|p1a: Incineroar|Sitrus Berry|[eat]
|-heal|p1a: Incineroar|68/100|[from] item: Sitrus Berry
|move|p1a: Incineroar|Parting Shot|p2a: Talonflame
|-unboost|p2a: Talonflame|atk|1
|-unboost|p2a: Talonflame|spa|1
|
|t:|1786103247
|switch|p1a: Whimsicott|Whimsicott, L50, M|100/100|[from] Parting Shot
|
|-weather|Snowscape|[upkeep]
|upkeep
|turn|3
|
|t:|1786103265
|switch|p2b: Glimmora|Glimmora, L50, M|100/100
|switch|p1b: Incineroar|Incineroar, L50, F|68/100
|-ability|p1b: Incineroar|Intimidate|boost
|-unboost|p2a: Talonflame|atk|1
|-unboost|p2b: Glimmora|atk|1
|move|p2a: Talonflame|Dual Wingbeat|p1a: Whimsicott
|-supereffective|p1a: Whimsicott|1
|-crit|p1a: Whimsicott
|-enditem|p1a: Whimsicott|Coba Berry|[eat]
|-enditem|p1a: Whimsicott|Coba Berry|[weaken]
|-damage|p1a: Whimsicott|59/100
|-supereffective|p1a: Whimsicott|1
|-damage|p1a: Whimsicott|36/100
|-hitcount|p1a: Whimsicott|2
|move|p1a: Whimsicott|Moonblast|p2b: Glimmora
|-resisted|p2b: Glimmora|1
|-damage|p2b: Glimmora|78/100
|
|-weather|Snowscape|[upkeep]
|upkeep
|turn|4
|
|t:|1786103282
|switch|p2a: Scrafty|Scrafty-Mega, L50, F|100/100
|-ability|p2a: Scrafty|Intimidate|boost
|-unboost|p1a: Whimsicott|atk|1
|-unboost|p1b: Incineroar|atk|1
|move|p1b: Incineroar|Fake Out|p2a: Scrafty
|-damage|p2a: Scrafty|93/100
|move|p1a: Whimsicott|Tailwind|p1a: Whimsicott
|-sidestart|p1: MetalBlackKnight|move: Tailwind
|move|p2b: Glimmora|Earth Power|p1b: Incineroar
|-supereffective|p1b: Incineroar|1
|-damage|p1b: Incineroar|6/100
|
|-weather|Snowscape|[upkeep]
|upkeep
|turn|5
|
|t:|1786103299
|switch|p2b: Talonflame|Talonflame, L50, M|100/100
|switch|p1b: Charizard|Charizard, L50, F|67/100
|move|p2a: Scrafty|Fake Out|p1a: Whimsicott
|-damage|p1a: Whimsicott|10/100
|cant|p1a: Whimsicott|flinch
|
|-weather|none
|-sideend|p2: JareMase|move: Tailwind
|upkeep
|turn|6
|
|t:|1786103318
|switch|p1a: Incineroar|Incineroar, L50, F|6/100
|-ability|p1a: Incineroar|Intimidate|boost
|-unboost|p2a: Scrafty|atk|1
|-unboost|p2b: Talonflame|atk|1
|detailschange|p1b: Charizard|Charizard-Mega-Y, L50, F
|-mega|p1b: Charizard|Charizard|Charizardite Y
|-weather|SunnyDay|[from] ability: Drought|[of] p1b: Charizard
|move|p2b: Talonflame|Dual Wingbeat|p1a: Incineroar
|-damage|p1a: Incineroar|0 fnt
|faint|p1a: Incineroar
|-hitcount|p1: Incineroar|1
|move|p1b: Charizard|Heat Wave|p2a: Scrafty|[spread] p2a,p2b
|-resisted|p2b: Talonflame|1
|-damage|p2a: Scrafty|41/100
|-damage|p2b: Talonflame|50/100g
|-status|p2a: Scrafty|brn
|move|p2a: Scrafty|Rock Slide|p1b: Charizard
|-supereffective|p1b: Charizard|2
|-damage|p1b: Charizard|24/100
|
|-weather|SunnyDay|[upkeep]
|-damage|p2a: Scrafty|36/100 brn|[from] brn
|upkeep
|c|☆JareMase|wow
|c|☆JareMase|crazy burn lol
|
|t:|1786103335
|switch|p1a: Basculegion|Basculegion, L50, M|100/100
|turn|7
|
|t:|1786103341
|move|p2b: Talonflame|Protect|p2b: Talonflame
|-singleturn|p2b: Talonflame|Protect
|move|p1a: Basculegion|Flip Turn|p2b: Talonflame
|-activate|p2b: Talonflame|move: Protect
|move|p1b: Charizard|Heat Wave|p2a: Scrafty|[spread] 
|-activate|p2b: Talonflame|move: Protect
|-miss|p1b: Charizard|p2a: Scrafty
|move|p2a: Scrafty|Knock Off|p1a: Basculegion
|-supereffective|p1a: Basculegion|1
|-crit|p1a: Basculegion
|-damage|p1a: Basculegion|0 fnt
|-enditem|p1a: Basculegion|Choice Scarf|[from] move: Knock Off|[of] p2a: Scrafty
|faint|p1a: Basculegion
|
|-weather|SunnyDay|[upkeep]
|-damage|p2a: Scrafty|30/100 brn|[from] brn
|-sideend|p1: MetalBlackKnight|move: Tailwind
|upkeep
|
|t:|1786103349
|switch|p1a: Whimsicott|Whimsicott, L50, M|10/100
|turn|8
|c|☆MetalBlackKnight|yeah but the miss
|
|t:|1786103374
|move|p1a: Whimsicott|Tailwind|p1a: Whimsicott
|-sidestart|p1: MetalBlackKnight|move: Tailwind
|move|p1b: Charizard|Heat Wave|p2a: Scrafty|[spread] p2a,p2b
|-resisted|p2b: Talonflame|1
|-damage|p2a: Scrafty|0 fnt
|-damage|p2b: Talonflame|6/100
|faint|p2a: Scrafty
|move|p2b: Talonflame|Tailwind|p2b: Talonflame
|-sidestart|p2: JareMase|move: Tailwind
|
|-weather|SunnyDay|[upkeep]
|upkeep
|
|t:|1786103379
|switch|p2a: Glimmora|Glimmora, L50, M|78/100
|turn|9
|
|t:|1786103402
|move|p2a: Glimmora|Spiky Shield|p2a: Glimmora
|-singleturn|p2a: Glimmora|move: Protect
|move|p1a: Whimsicott|Encore|p2b: Talonflame
|-start|p2b: Talonflame|Encore
|move|p2b: Talonflame|Tailwind||[still]
|-fail|p2b: Talonflame
|move|p1b: Charizard|Weather Ball|p2a: Glimmora
|-activate|p2a: Glimmora|move: Protect
|
|-weather|SunnyDay|[upkeep]
|upkeep
|turn|10
|
|t:|1786103411
|move|p1a: Whimsicott|Encore|p2a: Glimmora
|-start|p2a: Glimmora|Encore
|move|p2a: Glimmora|Spiky Shield||[still]
|-fail|p2a: Glimmora
|move|p2b: Talonflame|Tailwind||[still]
|-fail|p2b: Talonflame
|move|p1b: Charizard|Weather Ball|p2b: Talonflame
|-resisted|p2b: Talonflame|1
|-damage|p2b: Talonflame|0 fnt
|faint|p2b: Talonflame
|
|-weather|none
|upkeep
|turn|11
|c|☆JareMase|i forgot you could do that
|
|t:|1786103424
|move|p2a: Glimmora|Spiky Shield|p2a: Glimmora
|-singleturn|p2a: Glimmora|move: Protect
|move|p1a: Whimsicott|Moonblast|p2a: Glimmora
|-activate|p2a: Glimmora|move: Protect
|move|p1b: Charizard|Solar Beam||[still]
|-prepare|p1b: Charizard|Solar Beam
|
|-sideend|p1: MetalBlackKnight|move: Tailwind
|-sideend|p2: JareMase|move: Tailwind
|upkeep
|turn|12
|c|☆JareMase|that was so risky lol
|
|t:|1786103433
|move|p2a: Glimmora|Spiky Shield|p2a: Glimmora
|-singleturn|p2a: Glimmora|move: Protect
|move|p1a: Whimsicott|Moonblast|p2a: Glimmora
|-activate|p2a: Glimmora|move: Protect
|move|p1b: Charizard|Solar Beam|p2a: Glimmora|[from] lockedmove
|-activate|p2a: Glimmora|move: Protect
|
|-end|p2a: Glimmora|Encore
|upkeep
|turn|13
|
|t:|1786103438
|move|p2a: Glimmora|Spiky Shield||[still]
|-fail|p2a: Glimmora
|move|p1a: Whimsicott|Encore|p2a: Glimmora
|-start|p2a: Glimmora|Encore
|move|p1b: Charizard|Heat Wave|p2a: Glimmora
|-resisted|p2a: Glimmora|1
|-damage|p2a: Glimmora|43/100
|
|upkeep
|turn|14
|
|t:|1786103446
|move|p2a: Glimmora|Spiky Shield|p2a: Glimmora
|-singleturn|p2a: Glimmora|move: Protect
|move|p1a: Whimsicott|Moonblast|p2a: Glimmora
|-activate|p2a: Glimmora|move: Protect
|move|p1b: Charizard|Solar Beam||[still]
|-prepare|p1b: Charizard|Solar Beam
|
|upkeep
|turn|15
|
|t:|1786103452
|move|p2a: Glimmora|Spiky Shield||[still]
|-fail|p2a: Glimmora
|move|p1a: Whimsicott|Tailwind|p1a: Whimsicott
|-sidestart|p1: MetalBlackKnight|move: Tailwind
|move|p1b: Charizard|Solar Beam|p2a: Glimmora|[from] lockedmove
|-damage|p2a: Glimmora|0 fnt
|faint|p2a: Glimmora
|
|win|MetalBlackKnight
