|j|☆Staryu360
|j|☆hpeezy
|html|Staryu360hpeezy    
|uhtml|bestof|Game 2 of a best-of-3
|t:|1783631533
|gametype|doubles
|player|p1|Staryu360|170|1094
|player|p2|hpeezy|169|1017
|gen|9
|tier|[Gen 9 Champions] VGC 2026 Reg M-B (Bo3)
|rated|
|rule|Species Clause: Limit one of each Pokémon
|rule|Item Clause: Limit 1 of each item
|clearpoke
|poke|p1|Incineroar, L50, F|
|poke|p1|Aerodactyl, L50, F|
|poke|p1|Floette-Eternal, L50, F|
|poke|p1|Sinistcha, L50|
|poke|p1|Toxicroak, L50, M|
|poke|p1|Swampert, L50, F|
|poke|p2|Sableye, L50, M|
|poke|p2|Raichu, L50, M|
|poke|p2|Ninetales-Alola, L50, F|
|poke|p2|Sneasler, L50, M|
|poke|p2|Starmie, L50|
|poke|p2|Tinkaton, L50, F|
|teampreview|4
|showteam|p1|Incineroar||SitrusBerry|Intimidate|FakeOut,FlareBlitz,ThroatChop,PartingShot|Careful||F|||50|]Aerodactyl||Aerodactylite|Unnerve|DualWingbeat,Tailwind,Protect,RockSlide|Jolly||F|||50|]Floette-Eternal||Floettite|FlowerVeil|Moonblast,DazzlingGleam,CalmMind,Protect|Modest||F|||50|]Sinistcha||ColburBerry|Hospitality|RagePowder,Protect,MatchaGotcha,TrickRoom|Calm|||||50|]Toxicroak||FocusSash|DrySkin|FakeOut,CloseCombat,PoisonJab,SuckerPunch|Adamant||M|||50|]Swampert||LifeOrb|Torrent|Protect,Surf,EarthPower,IceBeam|Modest||F|||50|
|showteam|p2|Sableye||RoseliBerry|Prankster|Quash,FakeOut,Encore,RainDance|Impish||M|||50|]Raichu||RaichuniteY|LightningRod|ZapCannon,FocusBlast,GrassKnot,Protect|Hasty||M|||50|]Ninetales-Alola||LightClay|SnowWarning|Blizzard,AuroraVeil,Protect,DarkPulse|Timid||F|||50|]Sneasler||ExpertBelt|PoisonTouch|DireClaw,CloseCombat,Protect,FakeOut|Jolly||M|||50|]Starmie||Starminite|Analytic|HydroPump,IceBeam,FlashCannon,Protect|Timid|||||50|]Tinkaton||Leftovers|MoldBreaker|FakeOut,SkillSwap,GigatonHammer,WoodHammer|Jolly||F|||50|
|inactive|Battle timer is ON: inactive players will automatically lose when time's up. (requested by hpeezy)
|inactive|Staryu360 has 60 seconds left.
|
|t:|1783631569
|teamsize|p1|4
|teamsize|p2|4
|start
|switch|p1a: Incineroar|Incineroar, L50, F|100/100
|switch|p1b: Swampert|Swampert, L50, F|100/100
|switch|p2a: Sableye|Sableye, L50, M|100/100
|switch|p2b: Starmie|Starmie, L50|100/100
|-ability|p1a: Incineroar|Intimidate|boost
|-unboost|p2a: Sableye|atk|1
|-unboost|p2b: Starmie|atk|1
|turn|1
|inactive|Staryu360 has 30 seconds left.
|inactive|hpeezy has 30 seconds left.
|
|t:|1783631598
|switch|p1b: Toxicroak|Toxicroak, L50, M|100/100
|move|p2b: Starmie|Protect|p2b: Starmie
|-singleturn|p2b: Starmie|Protect
|move|p1a: Incineroar|Fake Out|p2b: Starmie
|-activate|p2b: Starmie|move: Protect
|move|p2a: Sableye|Fake Out|p1b: Toxicroak
|-damage|p1b: Toxicroak|92/100
|
|upkeep
|turn|2
|inactive|hpeezy has 30 seconds left.
|inactive|hpeezy has 20 seconds left.
|inactive|hpeezy has 15 seconds left.
|inactive|hpeezy has 10 seconds left.
|
|t:|1783631646
|switch|p2b: Sneasler|Sneasler, L50, M|100/100
|move|p1b: Toxicroak|Fake Out|p2b: Sneasler
|-damage|p2b: Sneasler|78/100
|move|p2a: Sableye|Quash|p1a: Incineroar
|-hint|Since gen 7, Dark is immune to Prankster moves.
|-immune|p1a: Incineroar
|move|p1a: Incineroar|Throat Chop|p2b: Sneasler
|-resisted|p2b: Sneasler|1
|-damage|p2b: Sneasler|51/100
|-start|p2b: Sneasler|Throat Chop|[silent]
|
|upkeep
|turn|3
|
|t:|1783631663
|switch|p1a: Sinistcha|Sinistcha, L50|100/100
|-heal|p1b: Toxicroak|100/100|[from] ability: Hospitality|[of] p1a: Sinistcha
|move|p1b: Toxicroak|Sucker Punch|p2b: Sneasler
|-resisted|p2b: Sneasler|1
|-damage|p2b: Sneasler|31/100
|move|p2a: Sableye|Encore|p1b: Toxicroak
|-start|p1b: Toxicroak|Encore
|move|p2b: Sneasler|Dire Claw|p1a: Sinistcha
|-damage|p1a: Sinistcha|62/100
|-status|p1a: Sinistcha|psn
|
|-damage|p1a: Sinistcha|50/100g psn|[from] psn
|-end|p2b: Sneasler|Throat Chop|[silent]
|upkeep
|turn|4
|
|t:|1783631685
|switch|p1b: Incineroar|Incineroar, L50, F|100/100
|-ability|p1b: Incineroar|Intimidate|boost
|-unboost|p2a: Sableye|atk|1
|-unboost|p2b: Sneasler|atk|1
|move|p2a: Sableye|Quash|p1b: Incineroar
|-hint|Since gen 7, Dark is immune to Prankster moves.
|-immune|p1b: Incineroar
|move|p2b: Sneasler|Dire Claw|p1a: Sinistcha
|-damage|p1a: Sinistcha|26/100 psn
|move|p1a: Sinistcha|Matcha Gotcha|p2a: Sableye|[spread] p2a,p2b
|-resisted|p2b: Sneasler|1
|-damage|p2a: Sableye|61/100
|-heal|p1a: Sinistcha|43/100 psn|[from] drain|[of] p2a: Sableye
|-damage|p2b: Sneasler|14/100
|-heal|p1a: Sinistcha|51/100 psn|[from] drain|[of] p2b: Sneasler
|
|-damage|p1a: Sinistcha|38/100 psn|[from] psn
|upkeep
|turn|5
|
|t:|1783631706
|move|p2b: Sneasler|Protect|p2b: Sneasler
|-singleturn|p2b: Sneasler|Protect
|move|p1b: Incineroar|Fake Out|p2b: Sneasler
|-activate|p2b: Sneasler|move: Protect
|move|p2a: Sableye|Quash|p1a: Sinistcha
|-activate|p1a: Sinistcha|move: Quash
|move|p1a: Sinistcha|Matcha Gotcha|p2b: Sneasler|[spread] p2a
|-activate|p2b: Sneasler|move: Protect
|-damage|p2a: Sableye|25/100
|-heal|p1a: Sinistcha|55/100 psn|[from] drain|[of] p2a: Sableye
|-status|p2a: Sableye|brn
|
|-damage|p1a: Sinistcha|42/100 psn|[from] psn
|-damage|p2a: Sableye|19/100 brn|[from] brn
|upkeep
|turn|6
|
|t:|1783631727
|switch|p1b: Toxicroak|Toxicroak, L50, M|100/100
|move|p2a: Sableye|Quash|p1a: Sinistcha
|-activate|p1a: Sinistcha|move: Quash
|move|p2b: Sneasler|Dire Claw|p1a: Sinistcha
|-damage|p1a: Sinistcha|19/100 psn
|move|p1a: Sinistcha|Matcha Gotcha|p2b: Sneasler|[spread] p2a,p2b
|-resisted|p2b: Sneasler|1
|-damage|p2a: Sableye|0 fnt
|-heal|p1a: Sinistcha|28/100 psn|[from] drain|[of] p2a: Sableye
|-damage|p2b: Sneasler|0 fnt
|-heal|p1a: Sinistcha|34/100 psn|[from] drain|[of] p2b: Sneasler
|faint|p2a: Sableye
|faint|p2b: Sneasler
|
|-damage|p1a: Sinistcha|22/100 psn|[from] psn
|upkeep
|
|t:|1783631735
|switch|p2b: Starmie|Starmie, L50|100/100
|switch|p2a: Tinkaton|Tinkaton, L50, F|100/100
|-ability|p2a: Tinkaton|Mold Breaker
|turn|7
|inactive|Staryu360 has 30 seconds left.
|
|t:|1783631766
|switch|p1a: Incineroar|Incineroar, L50, F|100/100
|-ability|p1a: Incineroar|Intimidate|boost
|-unboost|p2a: Tinkaton|atk|1
|-unboost|p2b: Starmie|atk|1
|move|p2b: Starmie|Protect|p2b: Starmie
|-singleturn|p2b: Starmie|Protect
|move|p1b: Toxicroak|Fake Out|p2b: Starmie
|-activate|p2b: Starmie|move: Protect
|move|p2a: Tinkaton|Skill Swap|p1b: Toxicroak
|-activate|p2a: Tinkaton|Skill Swap|Dry Skin|Mold Breaker|[of] p1b: Toxicroak
|-ability|p1b: Toxicroak|Mold Breaker
|
|upkeep
|turn|8
|inactive|Staryu360 has 30 seconds left.
|
|t:|1783631795
|detailschange|p2b: Starmie|Starmie-Mega, L50
|-mega|p2b: Starmie|Starmie|Starminite
|move|p1a: Incineroar|Fake Out|p2b: Starmie
|-damage|p2b: Starmie|86/100
|move|p1b: Toxicroak|Sucker Punch|p2b: Starmie
|-supereffective|p2b: Starmie|1
|-damage|p2b: Starmie|23/100
|cant|p2b: Starmie|flinch
|move|p2a: Tinkaton|Gigaton Hammer|p1b: Toxicroak
|-damage|p1b: Toxicroak|46/100
|
|upkeep
|turn|9
|-message|hpeezy forfeited.
|
|win|Staryu360
|raw|Staryu360's rating: 1094 → 1114(+20 for winning)
|raw|hpeezy's rating: 1017 → 1007(-10 for losing)
|l|☆hpeezy
|player|p2|
