|j|☆k1ngm3
|j|☆breloomb01
|html|k1ngm3breloomb01    
|uhtml|bestof|Game 2 of a best-of-3
|t:|1785356491
|gametype|doubles
|player|p1|k1ngm3|dragontamer|1133
|player|p2|breloomb01|roughneck|1197
|gen|9
|tier|[Gen 9 Champions] VGC 2026 Reg M-B (Bo3)
|rated|
|rule|Species Clause: Limit one of each Pokémon
|rule|Item Clause: Limit 1 of each item
|clearpoke
|poke|p1|Venusaur, L50, F|
|poke|p1|Torkoal, L50, F|
|poke|p1|Charizard, L50, M|
|poke|p1|Garchomp, L50, M|
|poke|p1|Metagross, L50|
|poke|p1|Blastoise, L50, F|
|poke|p2|Floette-Eternal, L50, F|
|poke|p2|Incineroar, L50, F|
|poke|p2|Sinistcha, L50|
|poke|p2|Garchomp, L50, F|
|poke|p2|Sneasler, L50, M|
|poke|p2|Rotom-Wash, L50|
|teampreview|4
|showteam|p1|Venusaur||FocusSash|Chlorophyll|SleepPowder,EarthPower,GigaDrain,SludgeBomb|Modest||F|||50|]Torkoal||Charcoal|Drought|HeatWave,EarthPower,AncientPower,Protect|Modest||F|||50|]Charizard||CharizarditeY|Blaze|HeatWave,Protect,WeatherBall,SolarBeam|Timid||M|||50|]Garchomp||LifeOrb|RoughSkin|SwordsDance,Earthquake,RockSlide,PoisonJab|Jolly||M|||50|]Metagross||Metagrossite|ClearBody|BulletPunch,IcePunch,MeteorMash,PsychicFangs|Jolly|||||50|]Blastoise||Blastoisinite|Torrent|AuraSphere,HydroPump,DarkPulse,IcyWind|Modest||F|||50|
|showteam|p2|Floette-Eternal||Floettite|FlowerVeil|DrainingKiss,DazzlingGleam,CalmMind,Protect|Modest||F|||50|]Incineroar||SitrusBerry|Intimidate|FakeOut,FlareBlitz,ThroatChop,PartingShot|Careful||F|||50|]Sinistcha||KasibBerry|Hospitality|Protect,RagePowder,MatchaGotcha,TrickRoom|Calm|||||50|]Garchomp||LifeOrb|RoughSkin|Earthquake,DragonClaw,RockSlide,Protect|Jolly||F|||50|]Sneasler||FocusSash|PoisonTouch|FakeOut,DireClaw,CloseCombat,Protect|Jolly||M|||50|]Rotom-Wash||Leftovers|Levitate|HydroPump,Protect,WillOWisp,Electroweb|Bold|||||50|
|inactive|Battle timer is ON: inactive players will automatically lose when time's up. (requested by k1ngm3)
|
|t:|1785356519
|teamsize|p1|4
|teamsize|p2|4
|start
|switch|p1a: Charizard|Charizard, L50, M|100/100
|switch|p1b: Venusaur|Venusaur, L50, F|100/100
|switch|p2a: Garchomp|Garchomp, L50, F|100/100
|switch|p2b: Rotom|Rotom-Wash, L50|100/100
|turn|1
|inactive|k1ngm3 has 30 seconds left.
|
|t:|1785356547
|detailschange|p1a: Charizard|Charizard-Mega-Y, L50, M
|-mega|p1a: Charizard|Charizard|Charizardite Y
|-weather|SunnyDay|[from] ability: Drought|[of] p1a: Charizard
|move|p1a: Charizard|Protect|p1a: Charizard
|-singleturn|p1a: Charizard|Protect
|move|p1b: Venusaur|Sleep Powder|p2a: Garchomp
|-status|p2a: Garchomp|slp|[from] move: Sleep Powder
|cant|p2a: Garchomp|slp
|move|p2b: Rotom|Electroweb|p1b: Venusaur|[spread] p1b
|-activate|p1a: Charizard|move: Protect
|-resisted|p1b: Venusaur|1
|-crit|p1b: Venusaur
|-damage|p1b: Venusaur|86/100
|-unboost|p1b: Venusaur|spe|1
|
|-weather|SunnyDay|[upkeep]
|upkeep
|turn|2
|inactive|k1ngm3 has 30 seconds left.
|
|t:|1785356575
|move|p1b: Venusaur|Giga Drain|p2b: Rotom
|-supereffective|p2b: Rotom|1
|-damage|p2b: Rotom|28/100
|-heal|p1b: Venusaur|100/100|[from] drain|[of] p2b: Rotom
|cant|p2a: Garchomp|slp
|move|p1a: Charizard|Solar Beam||[still]
|-prepare|p1a: Charizard|Solar Beam
|-anim|p1a: Charizard|Solar Beam|p2b: Rotom
|-supereffective|p2b: Rotom|1
|-damage|p2b: Rotom|0 fnt
|faint|p2b: Rotom
|
|-weather|SunnyDay|[upkeep]
|upkeep
|
|t:|1785356585
|switch|p2b: Incineroar|Incineroar, L50, F|100/100
|-ability|p2b: Incineroar|Intimidate|boost
|-unboost|p1a: Charizard|atk|1
|-unboost|p1b: Venusaur|atk|1
|turn|3
|
|t:|1785356605
|switch|p1a: Garchomp|Garchomp, L50, M|100/100
|switch|p2b: Floette|Floette-Eternal, L50, F|100/100
|move|p1b: Venusaur|Sleep Powder|p2b: Floette|[miss]
|-miss|p1b: Venusaur|p2b: Floette
|-curestatus|p2a: Garchomp|slp|[msg]
|move|p2a: Garchomp|Rock Slide|p1a: Garchomp|[spread] p1b
|-miss|p2a: Garchomp|p1a: Garchomp
|-damage|p1b: Venusaur|64/100
|-damage|p2a: Garchomp|90/100|[from] item: Life Orb
|
|-weather|SunnyDay|[upkeep]
|upkeep
|turn|4
|inactive|k1ngm3 has 30 seconds left.
|
|t:|1785356632
|switch|p2a: Incineroar|Incineroar, L50, F|100/100
|-ability|p2a: Incineroar|Intimidate|boost
|-unboost|p1a: Garchomp|atk|1
|-unboost|p1b: Venusaur|atk|1
|switch|p1a: Metagross|Metagross, L50|100/100
|move|p2b: Floette|Protect|p2b: Floette
|-singleturn|p2b: Floette|Protect
|move|p1b: Venusaur|Sleep Powder|p2b: Floette
|-activate|p2b: Floette|move: Protect
|
|-weather|SunnyDay|[upkeep]
|upkeep
|turn|5
|inactive|k1ngm3 has 30 seconds left.
|
|t:|1785356666
|switch|p2b: Garchomp|Garchomp, L50, F|90/100
|move|p1a: Metagross|Bullet Punch|p2b: Garchomp
|-crit|p2b: Garchomp
|-damage|p2b: Garchomp|59/100
|-damage|p1a: Metagross|87/100|[from] ability: Rough Skin|[of] p2b: Garchomp
|move|p1b: Venusaur|Sleep Powder|p2a: Incineroar|[miss]
|-miss|p1b: Venusaur|p2a: Incineroar
|move|p2a: Incineroar|Flare Blitz|p1a: Metagross
|-supereffective|p1a: Metagross|1
|-damage|p1a: Metagross|0 fnt
|faint|p1a: Metagross
|-damage|p2a: Incineroar|77/100|[from] Recoil
|
|-weather|none
|upkeep
|
|t:|1785356680
|switch|p1a: Charizard|Charizard-Mega-Y, L50, M|100/100
|-weather|SunnyDay|[from] ability: Drought|[of] p1a: Charizard
|turn|6
|
|t:|1785356696
|move|p1a: Charizard|Protect|p1a: Charizard
|-singleturn|p1a: Charizard|Protect
|move|p1b: Venusaur|Sleep Powder|p2a: Incineroar|[miss]
|-miss|p1b: Venusaur|p2a: Incineroar
|move|p2b: Garchomp|Rock Slide|p1a: Charizard|[spread] p1b
|-activate|p1a: Charizard|move: Protect
|-damage|p1b: Venusaur|31/100
|-damage|p2b: Garchomp|49/100|[from] item: Life Orb
|move|p2a: Incineroar|Parting Shot|p1a: Charizard
|-activate|p1a: Charizard|move: Protect
|
|-weather|SunnyDay|[upkeep]
|upkeep
|turn|7
|
|t:|1785356717
|switch|p1b: Garchomp|Garchomp, L50, M|100/100
|move|p2b: Garchomp|Rock Slide|p1b: Garchomp|[spread] p1a,p1b
|-supereffective|p1a: Charizard|2
|-resisted|p1b: Garchomp|1
|-damage|p1a: Charizard|0 fnt
|-damage|p1b: Garchomp|86/100
|faint|p1a: Charizard
|-damage|p2b: Garchomp|39/100|[from] item: Life Orb
|move|p2a: Incineroar|Parting Shot|p1b: Garchomp
|-unboost|p1b: Garchomp|atk|1
|-unboost|p1b: Garchomp|spa|1
|
|t:|1785356720
|switch|p2a: Floette|Floette-Eternal, L50, F|100/100|[from] Parting Shot
|
|-weather|SunnyDay|[upkeep]
|upkeep
|
|t:|1785356730
|switch|p1a: Venusaur|Venusaur, L50, F|31/100
|turn|8
|
|t:|1785356739
|switch|p2b: Incineroar|Incineroar, L50, F|77/100
|-ability|p2b: Incineroar|Intimidate|boost
|-unboost|p1a: Venusaur|atk|1
|-unboost|p1b: Garchomp|atk|1
|move|p2a: Floette|Protect|p2a: Floette
|-singleturn|p2a: Floette|Protect
|move|p1a: Venusaur|Sludge Bomb|p2a: Floette
|-activate|p2a: Floette|move: Protect
|move|p1b: Garchomp|Rock Slide|p2b: Incineroar|[spread] p2b
|-activate|p2a: Floette|move: Protect
|-supereffective|p2b: Incineroar|1
|-damage|p2b: Incineroar|56/100
|-damage|p1b: Garchomp|76/100|[from] item: Life Orb
|
|-weather|SunnyDay|[upkeep]
|upkeep
|turn|9
|
|t:|1785356762
|detailschange|p2a: Floette|Floette-Mega, L50, F
|-mega|p2a: Floette|Floette|Floettite
|-ability|p2a: Floette|Fairy Aura
|move|p2b: Incineroar|Fake Out|p1a: Venusaur
|-damage|p1a: Venusaur|17/100
|cant|p1a: Venusaur|flinch
|move|p1b: Garchomp|Swords Dance|p1b: Garchomp
|-boost|p1b: Garchomp|atk|2
|move|p2a: Floette|Calm Mind|p2a: Floette
|-boost|p2a: Floette|spa|1
|-boost|p2a: Floette|spd|1
|
|-weather|SunnyDay|[upkeep]
|upkeep
|turn|10
|
|t:|1785356782
|move|p2a: Floette|Protect|p2a: Floette
|-singleturn|p2a: Floette|Protect
|move|p1a: Venusaur|Sleep Powder|p2a: Floette
|-activate|p2a: Floette|move: Protect
|move|p1b: Garchomp|Poison Jab|p2a: Floette
|-activate|p2a: Floette|move: Protect
|move|p2b: Incineroar|Parting Shot|p1b: Garchomp
|-unboost|p1b: Garchomp|atk|1
|-unboost|p1b: Garchomp|spa|1
|
|t:|1785356789
|switch|p2b: Garchomp|Garchomp, L50, F|39/100|[from] Parting Shot
|
|-weather|none
|upkeep
|turn|11
|
|t:|1785356799
|switch|p2b: Incineroar|Incineroar, L50, F|56/100
|-ability|p2b: Incineroar|Intimidate|boost
|-unboost|p1a: Venusaur|atk|1
|-unboost|p1b: Garchomp|atk|1
|move|p1b: Garchomp|Rock Slide|p2b: Incineroar|[spread] p2a,p2b
|-supereffective|p2b: Incineroar|1
|-damage|p2a: Floette|86/100
|-damage|p2b: Incineroar|34/100
|-enditem|p2b: Incineroar|Sitrus Berry|[eat]
|-heal|p2b: Incineroar|59/100|[from] item: Sitrus Berry
|-damage|p1b: Garchomp|67/100|[from] item: Life Orb
|move|p1a: Venusaur|Earth Power|p2b: Incineroar
|-supereffective|p2b: Incineroar|1
|-damage|p2b: Incineroar|15/100
|cant|p2a: Floette|flinch
|
|upkeep
|turn|12
|inactive|k1ngm3 has 30 seconds left.
|
|t:|1785356831
|move|p2b: Incineroar|Fake Out|p1a: Venusaur
|-damage|p1a: Venusaur|3/100
|move|p1b: Garchomp|Rock Slide|p2b: Incineroar|[spread] p2a,p2b
|-supereffective|p2b: Incineroar|1
|-damage|p2a: Floette|71/100
|-damage|p2b: Incineroar|0 fnt
|faint|p2b: Incineroar
|-damage|p1b: Garchomp|57/100|[from] item: Life Orb
|cant|p1a: Venusaur|flinch
|move|p2a: Floette|Draining Kiss|p1b: Garchomp
|-supereffective|p1b: Garchomp|1
|-damage|p1b: Garchomp|0 fnt
|-heal|p2a: Floette|100/100|[from] drain|[of] p1b: Garchomp
|-damage|p2a: Floette|87/100|[from] ability: Rough Skin|[of] p1b: Garchomp
|faint|p1b: Garchomp
|
|upkeep
|
|t:|1785356834
|switch|p2b: Garchomp|Garchomp, L50, F|39/100
|turn|13
|
|t:|1785356848
|move|p2b: Garchomp|Dragon Claw|p1a: Venusaur
|-damage|p1a: Venusaur|0 fnt
|faint|p1a: Venusaur
|-damage|p2b: Garchomp|29/100|[from] item: Life Orb
|
|win|breloomb01
|raw|k1ngm3's rating: 1133 → 1113(-20 for losing)
|raw|breloomb01's rating: 1197 → 1217(+20 for winning)
|c|☆breloomb01|Ggs
