|j|☆swag morra
|j|☆DeewompostYT
|html|swag morraDeewompostYT    
|uhtml|bestof|Game 2 of a best-of-3
|t:|1756755245
|gametype|doubles
|player|p1|swag morra|266|1208
|player|p2|DeewompostYT|candice|1248
|gen|9
|tier|[Gen 9] VGC 2025 Reg H (Bo3)
|rated|
|rule|Species Clause: Limit one of each Pokémon
|rule|Item Clause: Limit 1 of each item
|clearpoke
|poke|p1|Pelipper, L50, M|
|poke|p1|Rillaboom, L50, M|
|poke|p1|Archaludon, L50, M|
|poke|p1|Basculegion, L50, M|
|poke|p1|Gallade, L50, M|
|poke|p1|Incineroar, L50, F|
|poke|p2|Indeedee, L50, M|
|poke|p2|Sneasler, L50, M|
|poke|p2|Whimsicott, L50, M|
|poke|p2|Ursaluna-Bloodmoon, L50, M|
|poke|p2|Electabuzz, L50, M|
|poke|p2|Dragonite, L50, F|
|teampreview|4
|showteam|p1|Pelipper||FocusSash|Drizzle|Hurricane,WeatherBall,Tailwind,Protect|||M|||50|,,,,,Ghost]Rillaboom||MiracleSeed|GrassySurge|WoodHammer,GrassyGlide,FakeOut,Protect|||M|||50|,,,,,Grass]Archaludon||AssaultVest|Stamina|ElectroShot,BodyPress,FlashCannon,DracoMeteor|||M|||50|,,,,,Grass]Basculegion||LifeOrb|SwiftSwim|LastRespects,WaveCrash,AquaJet,Protect|||M|||50|,,,,,Ghost]Gallade||ChoiceScarf|Sharpness|Trick,PsychoCut,SacredSword,NightSlash|||M|||50|,,,,,Ghost]Incineroar||SitrusBerry|Intimidate|FakeOut,KnockOff,FlareBlitz,PartingShot|||F|||50|,,,,,Grass
|showteam|p2|Indeedee||FocusSash|PsychicSurge|ExpandingForce,TrickRoom,Imprison,Protect|||M|||50|,,,,,Psychic]Sneasler||PsychicSeed|Unburden|DireClaw,CloseCombat,ThroatChop,Protect|||M|||50|,,,,,Stellar]Whimsicott||CovertCloak|Prankster|Tailwind,HelpingHand,Moonblast,Protect|||M|||50|,,,,,Dark]Ursaluna-Bloodmoon||LifeOrb|MindsEye|HyperVoice,EarthPower,BloodMoon,Protect|||M|||50|,,,,,Ghost]Electabuzz||Eviolite|VitalSpirit|FollowMe,Electroweb,Taunt,Protect|||M|||50|,,,,,Grass]Dragonite||LoadedDice|InnerFocus|ScaleShot,Haze,Tailwind,Protect|||F|||50|,,,,,Dragon
|
|t:|1756755256
|teamsize|p1|4
|teamsize|p2|4
|start
|switch|p1a: Pelipper|Pelipper, L50, M|100/100
|switch|p1b: Basculegion|Basculegion, L50, M|100/100
|switch|p2a: Ursaluna|Ursaluna-Bloodmoon, L50, M|100/100
|switch|p2b: Electabuzz|Electabuzz, L50, M|100/100
|-weather|RainDance|[from] ability: Drizzle|[of] p1a: Pelipper
|turn|1
|
|t:|1756755273
|-terastallize|p2b: Electabuzz|Grass
|move|p2b: Electabuzz|Follow Me|p2b: Electabuzz
|-singleturn|p2b: Electabuzz|move: Follow Me
|move|p1b: Basculegion|Wave Crash|p2b: Electabuzz
|-resisted|p2b: Electabuzz
|-damage|p2b: Electabuzz|48/100
|-damage|p1b: Basculegion|85/100|[from] Recoil
|-damage|p1b: Basculegion|76/100|[from] item: Life Orb
|move|p1a: Pelipper|Tailwind|p1a: Pelipper
|-sidestart|p1: swag morra|move: Tailwind
|move|p2a: Ursaluna|Blood Moon|p1b: Basculegion
|-damage|p1b: Basculegion|0 fnt
|faint|p1b: Basculegion
|-damage|p2a: Ursaluna|91/100|[from] item: Life Orb
|
|-weather|RainDance|[upkeep]
|upkeep
|
|t:|1756755286
|switch|p1b: Rillaboom|Rillaboom, L50, M|100/100
|-fieldstart|move: Grassy Terrain|[from] ability: Grassy Surge|[of] p1b: Rillaboom
|turn|2
|
|t:|1756755294
|-terastallize|p1b: Rillaboom|Grass
|move|p2b: Electabuzz|Protect|p2b: Electabuzz
|-singleturn|p2b: Electabuzz|Protect
|move|p2a: Ursaluna|Protect|p2a: Ursaluna
|-singleturn|p2a: Ursaluna|Protect
|move|p1a: Pelipper|Hurricane|p2b: Electabuzz
|-activate|p2b: Electabuzz|move: Protect
|move|p1b: Rillaboom|Wood Hammer|p2a: Ursaluna
|-activate|p2a: Ursaluna|move: Protect
|
|-weather|RainDance|[upkeep]
|-heal|p2b: Electabuzz|54/100|[from] Grassy Terrain
|-heal|p2a: Ursaluna|97/100|[from] Grassy Terrain
|upkeep
|turn|3
|
|t:|1756755336
|switch|p2a: Sneasler|Sneasler, L50, M|100/100
|move|p2b: Electabuzz|Follow Me|p2b: Electabuzz
|-singleturn|p2b: Electabuzz|move: Follow Me
|move|p1a: Pelipper|Hurricane|p2b: Electabuzz
|-supereffective|p2b: Electabuzz
|-damage|p2b: Electabuzz|0 fnt
|faint|p2b: Electabuzz
|move|p1b: Rillaboom|Wood Hammer|p2a: Sneasler
|-resisted|p2a: Sneasler
|-damage|p2a: Sneasler|2/100
|-damage|p1b: Rillaboom|76/100|[from] Recoil
|
|-weather|RainDance|[upkeep]
|-heal|p1b: Rillaboom|82/100|[from] Grassy Terrain
|-heal|p2a: Sneasler|8/100|[from] Grassy Terrain
|upkeep
|
|t:|1756755349
|switch|p2b: Indeedee|Indeedee, L50, M|100/100
|-fieldstart|move: Psychic Terrain|[from] ability: Psychic Surge|[of] p2b: Indeedee
|-enditem|p2a: Sneasler|Psychic Seed
|-boost|p2a: Sneasler|spd|1|[from] item: Psychic Seed
|turn|4
|
|t:|1756755364
|switch|p1b: Archaludon|Archaludon, L50, M|100/100
|move|p2a: Sneasler|Dire Claw|p1b: Archaludon
|-immune|p1b: Archaludon
|move|p1a: Pelipper|Weather Ball|p2a: Sneasler
|-crit|p2a: Sneasler
|-damage|p2a: Sneasler|0 fnt
|faint|p2a: Sneasler
|move|p2b: Indeedee|Expanding Force|p1a: Pelipper|[spread] p1a,p1b
|-resisted|p1b: Archaludon
|-damage|p1a: Pelipper|12/100
|-damage|p1b: Archaludon|82/100
|-ability|p1b: Archaludon|Stamina|boost
|-boost|p1b: Archaludon|def|1
|
|-weather|RainDance|[upkeep]
|-sideend|p1: swag morra|move: Tailwind
|upkeep
|
|t:|1756755372
|switch|p2a: Ursaluna|Ursaluna-Bloodmoon, L50, M|97/100
|turn|5
|
|t:|1756755392
|move|p1a: Pelipper|Protect|p1a: Pelipper
|-singleturn|p1a: Pelipper|Protect
|move|p2a: Ursaluna|Protect|p2a: Ursaluna
|-singleturn|p2a: Ursaluna|Protect
|move|p1b: Archaludon|Electro Shot||[still]
|-prepare|p1b: Archaludon|Electro Shot
|-boost|p1b: Archaludon|spa|1
|-anim|p1b: Archaludon|Electro Shot|p2b: Indeedee
|-damage|p2b: Indeedee|12/100
|move|p2b: Indeedee|Trick Room|p2b: Indeedee
|-fieldstart|move: Trick Room|[of] p2b: Indeedee
|
|-weather|none
|upkeep
|turn|6
|
|t:|1756755408
|move|p2a: Ursaluna|Earth Power|p1b: Archaludon
|-supereffective|p1b: Archaludon
|-damage|p1b: Archaludon|0 fnt
|faint|p1b: Archaludon
|-damage|p2a: Ursaluna|87/100|[from] item: Life Orb
|move|p1a: Pelipper|Weather Ball|p2b: Indeedee
|-damage|p2b: Indeedee|0 fnt
|faint|p2b: Indeedee
|
|upkeep
|
|t:|1756755412
|switch|p1b: Rillaboom|Rillaboom, L50, M, tera:Grass|82/100
|-fieldstart|move: Grassy Terrain|[from] ability: Grassy Surge|[of] p1b: Rillaboom
|turn|7
|
|t:|1756755422
|move|p2a: Ursaluna|Protect|p2a: Ursaluna
|-singleturn|p2a: Ursaluna|Protect
|move|p1b: Rillaboom|Fake Out|p2a: Ursaluna
|-activate|p2a: Ursaluna|move: Protect
|move|p1a: Pelipper|Hurricane|p2a: Ursaluna
|-activate|p2a: Ursaluna|move: Protect
|
|-heal|p2a: Ursaluna|93/100|[from] Grassy Terrain
|-heal|p1b: Rillaboom|88/100|[from] Grassy Terrain
|upkeep
|turn|8
|
|t:|1756755430
|move|p1b: Rillaboom|Grassy Glide|p2a: Ursaluna
|-supereffective|p2a: Ursaluna
|-damage|p2a: Ursaluna|3/100
|move|p2a: Ursaluna|Blood Moon|p1b: Rillaboom
|-damage|p1b: Rillaboom|0 fnt
|faint|p1b: Rillaboom
|-damage|p2a: Ursaluna|0 fnt|[from] item: Life Orb
|faint|p2a: Ursaluna
|
|win|swag morra
||swag morra is ready for game 3.
||DeewompostYT is ready for game 3.
|uhtml|next|Next: Game 3 of 3
|l|☆swag morra
|player|p1|
