|j|☆endertytar
|j|☆Darkan33
|html|endertytarDarkan33    
|uhtml|bestof|Game 1 of a best-of-3
|t:|1757017946
|gametype|doubles
|player|p1|endertytar|hugh|1143
|player|p2|Darkan33|veteran|1165
|gen|9
|tier|[Gen 9] VGC 2025 Reg H (Bo3)
|rated|
|rule|Species Clause: Limit one of each Pokémon
|rule|Item Clause: Limit 1 of each item
|clearpoke
|poke|p1|Tyranitar, L50, F|
|poke|p1|Dondozo, L50, F|
|poke|p1|Sneasler, L50, F|
|poke|p1|Gholdengo, L50|
|poke|p1|Indeedee, L50, M|
|poke|p1|Volcarona, L50, M|
|poke|p2|Hydreigon, L50, M|
|poke|p2|Ursaluna, L50, F|
|poke|p2|Gholdengo, L50|
|poke|p2|Incineroar, L50, F|
|poke|p2|Amoonguss, L50, M|
|poke|p2|Porygon2, L50|
|teampreview|4
|showteam|p1|Tyranitar||ClearAmulet|SandStream|Protect,DragonDance,RockSlide,KnockOff|||F|||50|,,,,,Ghost]Dondozo||Leftovers|Unaware|Protect,Yawn,Liquidation,Substitute|||F|||50|,,,,,Grass]Sneasler||PsychicSeed|Unburden|CloseCombat,DireClaw,Coaching,Protect|||F|||50|,,,,,Dark]Gholdengo||MetalCoat|GoodasGold|Protect,NastyPlot,ShadowBall,MakeItRain||||||50|,,,,,Steel]Indeedee||ChoiceScarf|PsychicSurge|Trick,ExpandingForce,TrickRoom,Protect|||M|||50|,,,,,Psychic]Volcarona||SitrusBerry|FlameBody|Tailwind,FieryDance,StruggleBug,RagePowder|||M|||50|,,,,,Grass
|showteam|p2|Hydreigon||SafetyGoggles|Levitate|DracoMeteor,Snarl,Protect,Tailwind|||M|||50|,,,,,Fire]Ursaluna||FlameOrb|Guts|HeadlongRush,Facade,Protect,Earthquake|||F|||50|,,,,,Ghost]Gholdengo||LifeOrb|GoodasGold|MakeItRain,ShadowBall,Protect,NastyPlot||||||50|,,,,,Water]Incineroar||MirrorHerb|Intimidate|FakeOut,KnockOff,FlareBlitz,PartingShot|||F|||50|,,,,,Ghost]Amoonguss||SitrusBerry|Regenerator|Spore,RagePowder,Protect,PollenPuff|||M|||50|,,,,,Fairy]Porygon2||Eviolite|Download|TrickRoom,IceBeam,TeraBlast,Recover||||||50|,,,,,Fighting
|inactive|Battle timer is ON: inactive players will automatically lose when time's up. (requested by endertytar)
|
|t:|1757017986
|teamsize|p1|4
|teamsize|p2|4
|start
|switch|p1a: Indeedee|Indeedee, L50, M|100/100
|switch|p1b: Dondozo|Dondozo, L50, F|100/100
|switch|p2a: Hydreigon|Hydreigon, L50, M, shiny|100/100
|switch|p2b: Incineroar|Incineroar, L50, F, shiny|100/100
|-fieldstart|move: Psychic Terrain|[from] ability: Psychic Surge|[of] p1a: Indeedee
|-ability|p2b: Incineroar|Intimidate|boost
|-unboost|p1a: Indeedee|atk|1
|-unboost|p1b: Dondozo|atk|1
|turn|1
|inactive|endertytar has 30 seconds left.
|inactive|Darkan33 has 30 seconds left.
|inactive|endertytar has 20 seconds left.
|inactive|Darkan33 has 20 seconds left.
|
|t:|1757018023
|move|p1a: Indeedee|Trick|p2b: Incineroar
|-activate|p1a: Indeedee|move: Trick|[of] p2b: Incineroar
|-item|p2b: Incineroar|Choice Scarf|[from] move: Trick
|-item|p1a: Indeedee|Mirror Herb|[from] move: Trick
|move|p2a: Hydreigon|Snarl|p1b: Dondozo|[spread] p1a,p1b
|-supereffective|p1a: Indeedee
|-crit|p1a: Indeedee
|-damage|p1a: Indeedee|11/100
|-damage|p1b: Dondozo|84/100
|-unboost|p1a: Indeedee|spa|1
|-unboost|p1b: Dondozo|spa|1
|move|p2b: Incineroar|Knock Off|p1a: Indeedee
|-supereffective|p1a: Indeedee
|-damage|p1a: Indeedee|0 fnt
|-enditem|p1a: Indeedee|Mirror Herb|[from] move: Knock Off|[of] p2b: Incineroar
|faint|p1a: Indeedee
|move|p1b: Dondozo|Yawn|p2a: Hydreigon
|-start|p2a: Hydreigon|move: Yawn|[of] p1b: Dondozo
|
|-heal|p1b: Dondozo|90/100|[from] item: Leftovers
|upkeep
|
|t:|1757018038
|switch|p1a: Tyranitar|Tyranitar, L50, F|100/100
|-weather|Sandstorm|[from] ability: Sand Stream|[of] p1a: Tyranitar
|turn|2
|inactive|Darkan33 has 30 seconds left.
|inactive|Darkan33 has 20 seconds left.
|
|t:|1757018074
|switch|p2a: Toti|Ursaluna, L50, F|100/100
|move|p2b: Incineroar|Knock Off|p1a: Tyranitar
|-resisted|p1a: Tyranitar
|-damage|p1a: Tyranitar|84/100
|-enditem|p1a: Tyranitar|Clear Amulet|[from] move: Knock Off|[of] p2b: Incineroar
|move|p1a: Tyranitar|Dragon Dance|p1a: Tyranitar
|-boost|p1a: Tyranitar|atk|1
|-boost|p1a: Tyranitar|spe|1
|move|p1b: Dondozo|Yawn|p2a: Toti
|-start|p2a: Toti|move: Yawn|[of] p1b: Dondozo
|
|-weather|Sandstorm|[upkeep]
|-damage|p2b: Incineroar|95/100|[from] Sandstorm
|-damage|p1b: Dondozo|84/100|[from] Sandstorm
|-heal|p1b: Dondozo|90/100|[from] item: Leftovers
|-status|p2a: Toti|brn|[from] item: Flame Orb
|upkeep
|turn|3
|inactive|endertytar has 30 seconds left.
|
|t:|1757018109
|switch|p2b: Hydreigon|Hydreigon, L50, M, shiny|100/100
|move|p1a: Tyranitar|Knock Off|p2a: Toti
|-damage|p2a: Toti|34/100 brn
|-enditem|p2a: Toti|Flame Orb|[from] move: Knock Off|[of] p1a: Tyranitar
|move|p2a: Toti|Headlong Rush|p1a: Tyranitar
|-supereffective|p1a: Tyranitar
|-damage|p1a: Tyranitar|0 fnt
|-unboost|p2a: Toti|def|1
|-unboost|p2a: Toti|spd|1
|faint|p1a: Tyranitar
|move|p1b: Dondozo|Liquidation|p2a: Toti
|-supereffective|p2a: Toti
|-damage|p2a: Toti|0 fnt
|faint|p2a: Toti
|
|-weather|Sandstorm|[upkeep]
|-damage|p1b: Dondozo|84/100|[from] Sandstorm
|-heal|p1b: Dondozo|90/100|[from] item: Leftovers
|upkeep
|
|t:|1757018118
|switch|p1a: Volcarona|Volcarona, L50, M|100/100
|switch|p2a: Gholdengo|Gholdengo, L50|100/100
|turn|4
|
|t:|1757018128
|-terastallize|p2a: Gholdengo|Water
|move|p1a: Volcarona|Fiery Dance|p2a: Gholdengo
|-resisted|p2a: Gholdengo
|-damage|p2a: Gholdengo|80/100
|-boost|p1a: Volcarona|spa|1
|move|p2b: Hydreigon|Snarl|p1a: Volcarona|[spread] p1a
|-miss|p2b: Hydreigon|p1b: Dondozo
|-damage|p1a: Volcarona|82/100
|-unboost|p1a: Volcarona|spa|1
|move|p2a: Gholdengo|Nasty Plot|p2a: Gholdengo
|-boost|p2a: Gholdengo|spa|2
|move|p1b: Dondozo|Yawn|p2b: Hydreigon
|-start|p2b: Hydreigon|move: Yawn|[of] p1b: Dondozo
|
|-weather|Sandstorm|[upkeep]
|-damage|p1a: Volcarona|75/100|[from] Sandstorm
|-damage|p2a: Gholdengo|74/100|[from] Sandstorm
|-damage|p1b: Dondozo|84/100|[from] Sandstorm
|-heal|p1b: Dondozo|90/100|[from] item: Leftovers
|upkeep
|turn|5
|inactive|Darkan33 has 30 seconds left.
|inactive|Darkan33 has 20 seconds left.
|
|t:|1757018166
|switch|p2b: Incineroar|Incineroar, L50, F, shiny|95/100
|-ability|p2b: Incineroar|Intimidate|boost
|-unboost|p1a: Volcarona|atk|1
|-unboost|p1b: Dondozo|atk|1
|move|p1a: Volcarona|Struggle Bug|p2b: Incineroar|[spread] p2a,p2b
|-damage|p2a: Gholdengo|55/100
|-damage|p2b: Incineroar|78/100
|-unboost|p2a: Gholdengo|spa|1
|-unboost|p2b: Incineroar|spa|1
|move|p2a: Gholdengo|Shadow Ball|p1a: Volcarona
|-damage|p1a: Volcarona|6/100
|-unboost|p1a: Volcarona|spd|1
|-enditem|p1a: Volcarona|Sitrus Berry|[eat]
|-heal|p1a: Volcarona|31/100|[from] item: Sitrus Berry
|-damage|p2a: Gholdengo|46/100|[from] item: Life Orb
|move|p1b: Dondozo|Liquidation|p2b: Incineroar
|-supereffective|p2b: Incineroar
|-damage|p2b: Incineroar|56/100
|-unboost|p2b: Incineroar|def|1
|
|-weather|Sandstorm|[upkeep]
|-damage|p1a: Volcarona|25/100|[from] Sandstorm
|-damage|p2a: Gholdengo|39/100|[from] Sandstorm
|-damage|p2b: Incineroar|50/100|[from] Sandstorm
|-damage|p1b: Dondozo|84/100|[from] Sandstorm
|-heal|p1b: Dondozo|90/100|[from] item: Leftovers
|-fieldend|move: Psychic Terrain
|upkeep
|turn|6
|inactive|endertytar has 30 seconds left.
|inactive|Darkan33 has 30 seconds left.
|
|t:|1757018194
|move|p2b: Incineroar|Fake Out|p1a: Volcarona
|-damage|p1a: Volcarona|12/100
|cant|p1a: Volcarona|flinch
|move|p2a: Gholdengo|Shadow Ball|p1a: Volcarona
|-damage|p1a: Volcarona|0 fnt
|faint|p1a: Volcarona
|-damage|p2a: Gholdengo|30/100|[from] item: Life Orb
|move|p1b: Dondozo|Liquidation|p2a: Gholdengo
|-resisted|p2a: Gholdengo
|-damage|p2a: Gholdengo|22/100
|
|-weather|none
|-heal|p1b: Dondozo|96/100|[from] item: Leftovers
|upkeep
|turn|7
|
|t:|1757018209
|switch|p2b: Hydreigon|Hydreigon, L50, M, shiny|100/100
|move|p2a: Gholdengo|Shadow Ball|p1b: Dondozo
|-damage|p1b: Dondozo|51/100
|-damage|p2a: Gholdengo|12/100|[from] item: Life Orb
|move|p1b: Dondozo|Yawn|p2b: Hydreigon
|-start|p2b: Hydreigon|move: Yawn|[of] p1b: Dondozo
|
|-heal|p1b: Dondozo|57/100|[from] item: Leftovers
|upkeep
|turn|8
|-message|endertytar forfeited.
|
|win|Darkan33
|l|☆endertytar
|player|p1|
