|j|☆takuabionicle
|j|☆TeyOnTheRox
|html|takuabionicleTeyOnTheRox    
|uhtml|bestof|Game 1 of a best-of-3
|t:|1757727516
|gametype|doubles
|player|p1|takuabionicle|lillie-z|1128
|player|p2|TeyOnTheRox|benga|1054
|gen|9
|tier|[Gen 9] VGC 2025 Reg H (Bo3)
|rated|
|rule|Species Clause: Limit one of each Pokémon
|rule|Item Clause: Limit 1 of each item
|clearpoke
|poke|p1|Kommo-o, L50, M|
|poke|p1|Volcarona, L50, M|
|poke|p1|Clefable, L50, M|
|poke|p1|Rillaboom, L50, F|
|poke|p1|Grimmsnarl, L50, M|
|poke|p1|Salamence, L50, M|
|poke|p2|Tyranitar, L50, F|
|poke|p2|Excadrill, L50, M|
|poke|p2|Sneasler, L50, M|
|poke|p2|Indeedee, L50, M|
|poke|p2|Corviknight, L50, M|
|poke|p2|Annihilape, L50, M|
|teampreview|4
|showteam|p1|Kommo-o||ThroatSpray|Overcoat|ClangingScales,ClangorousSoul,Protect,Flamethrower|||M|||50|,,,,,Steel]Volcarona||Leftovers|FlameBody|QuiverDance,Protect,GigaDrain,FieryDance|||M|||50|,,,,,Grass]Clefable||SafetyGoggles|Unaware|FollowMe,HealPulse,Protect,Moonblast|||M|||50|,,,,,Water]Rillaboom||AssaultVest|GrassySurge|WoodHammer,GrassyGlide,FakeOut,HighHorsepower|||F|||50|,,,,,Grass]Grimmsnarl||LightClay|Prankster|Reflect,LightScreen,ThunderWave,SpiritBreak|||M|||50|,,,,,Ghost]Salamence||ClearAmulet|Intimidate|Tailwind,TeraBlast,DragonClaw,IronHead|||M|||50|,,,,,Water
|showteam|p2|Tyranitar||AssaultVest|SandStream|RockSlide,KnockOff,TeraBlast,LowKick|||F|||50|,,,,,Flying]Excadrill||FocusSash|SandRush|IronHead,HighHorsepower,Earthquake,Protect|||M|||50|,,,,,Stellar]Sneasler||PsychicSeed|Unburden|DireClaw,CloseCombat,ThroatChop,Protect|||M|||50|,,,,,Dark]Indeedee||ChoiceScarf|PsychicSurge|ExpandingForce,TeraBlast,Protect,Trick|||M|||50|,,,,,Psychic]Corviknight||Leftovers|MirrorArmor|BraveBird,BulkUp,Roost,Tailwind|||M|||50|,,,,,Dragon]Annihilape||SafetyGoggles|Defiant|CloseCombat,FinalGambit,RageFist,Taunt|||M|||50|,,,,,Water
|inactive|Battle timer is ON: inactive players will automatically lose when time's up. (requested by takuabionicle)
|inactive|TeyOnTheRox has 60 seconds left.
|inactive|TeyOnTheRox has 30 seconds left.
|
|t:|1757727657
|teamsize|p1|4
|teamsize|p2|4
|start
|switch|p1a: Rillaboom|Rillaboom, L50, F|100/100
|switch|p1b: Salamence|Salamence, L50, M|100/100
|switch|p2a: Doc Hudson|Tyranitar, L50, F, shiny|100/100
|switch|p2b: Toe Mater|Excadrill, L50, M|100/100
|-ability|p1b: Salamence|Intimidate|boost
|-unboost|p2a: Doc Hudson|atk|1
|-unboost|p2b: Toe Mater|atk|1
|-weather|Sandstorm|[from] ability: Sand Stream|[of] p2a: Doc Hudson
|-fieldstart|move: Grassy Terrain|[from] ability: Grassy Surge|[of] p1a: Rillaboom
|turn|1
|inactive|takuabionicle has 30 seconds left.
|inactive|TeyOnTheRox has 30 seconds left.
|inactive|TeyOnTheRox has 20 seconds left.
|inactive|TeyOnTheRox has 15 seconds left.
|inactive|TeyOnTheRox has 10 seconds left.
|inactive|TeyOnTheRox has 5 seconds left.
|
|t:|1757727708
|switch|p2b: Cars I|Indeedee, L50, M, shiny|100/100
|-fieldstart|move: Psychic Terrain|[from] ability: Psychic Surge|[of] p2b: Cars I
|move|p1a: Rillaboom|Fake Out|p2a: Doc Hudson
|-activate|p2a: Doc Hudson|move: Psychic Terrain
|move|p1b: Salamence|Tailwind|p1b: Salamence
|-sidestart|p1: takuabionicle|move: Tailwind
|move|p2a: Doc Hudson|Rock Slide|p1b: Salamence|[spread] p1a,p1b
|-supereffective|p1b: Salamence
|-damage|p1a: Rillaboom|82/100
|-damage|p1b: Salamence|37/100
|
|-weather|Sandstorm|[upkeep]
|-damage|p1b: Salamence|31/100|[from] Sandstorm
|-damage|p2b: Cars I|95/100|[from] Sandstorm
|-damage|p1a: Rillaboom|76/100|[from] Sandstorm
|upkeep
|turn|2
|inactive|takuabionicle has 30 seconds left.
|inactive|TeyOnTheRox has 30 seconds left.
|inactive|takuabionicle has 20 seconds left.
|inactive|TeyOnTheRox has 20 seconds left.
|inactive|TeyOnTheRox has 15 seconds left.
|inactive|TeyOnTheRox has 10 seconds left.
|inactive|TeyOnTheRox has 5 seconds left.
|
|t:|1757727761
|switch|p1a: Grimmsnarl|Grimmsnarl, L50, M|100/100
|-terastallize|p2a: Doc Hudson|Flying
|move|p1b: Salamence|Iron Head|p2a: Doc Hudson
|-damage|p2a: Doc Hudson|72/100
|move|p2b: Cars I|Expanding Force|p1a: Grimmsnarl|[spread] p1b
|-immune|p1a: Grimmsnarl
|-damage|p1b: Salamence|0 fnt
|faint|p1b: Salamence
|move|p2a: Doc Hudson|Tera Blast|p1a: Grimmsnarl|[anim] Tera Blast Flying
|-damage|p1a: Grimmsnarl|66/100
|
|-weather|Sandstorm|[upkeep]
|-damage|p2b: Cars I|89/100|[from] Sandstorm
|-damage|p1a: Grimmsnarl|60/100|[from] Sandstorm
|-damage|p2a: Doc Hudson|66/100|[from] Sandstorm
|upkeep
|
|t:|1757727779
|switch|p1b: Rillaboom|Rillaboom, L50, F|76/100
|-fieldstart|move: Grassy Terrain|[from] ability: Grassy Surge|[of] p1b: Rillaboom
|turn|3
|
|t:|1757727797
|switch|p2b: Lightnin'|Sneasler, L50, M|100/100
|move|p1b: Rillaboom|Fake Out|p2a: Doc Hudson
|-damage|p2a: Doc Hudson|53/100
|move|p1a: Grimmsnarl|Light Screen|p1a: Grimmsnarl
|-sidestart|p1: takuabionicle|move: Light Screen
|cant|p2a: Doc Hudson|flinch
|
|-weather|Sandstorm|[upkeep]
|-damage|p1b: Rillaboom|70/100|[from] Sandstorm
|-damage|p2b: Lightnin'|95/100|[from] Sandstorm
|-damage|p1a: Grimmsnarl|54/100|[from] Sandstorm
|-damage|p2a: Doc Hudson|47/100|[from] Sandstorm
|-heal|p1b: Rillaboom|76/100|[from] Grassy Terrain
|-heal|p2b: Lightnin'|100/100|[from] Grassy Terrain
|-heal|p1a: Grimmsnarl|60/100|[from] Grassy Terrain
|upkeep
|turn|4
|
|t:|1757727820
|switch|p2a: Cars I|Indeedee, L50, M, shiny|89/100
|-fieldstart|move: Psychic Terrain|[from] ability: Psychic Surge|[of] p2a: Cars I
|-enditem|p2b: Lightnin'|Psychic Seed
|-boost|p2b: Lightnin'|spd|1|[from] item: Psychic Seed
|move|p1a: Grimmsnarl|Reflect|p1a: Grimmsnarl
|-sidestart|p1: takuabionicle|Reflect
|move|p2b: Lightnin'|Dire Claw|p1b: Rillaboom
|-supereffective|p1b: Rillaboom
|-damage|p1b: Rillaboom|18/100
|move|p1b: Rillaboom|High Horsepower|p2b: Lightnin'
|-supereffective|p2b: Lightnin'
|-damage|p2b: Lightnin'|0 fnt
|faint|p2b: Lightnin'
|
|-weather|Sandstorm|[upkeep]
|-damage|p2a: Cars I|83/100|[from] Sandstorm
|-damage|p1b: Rillaboom|12/100|[from] Sandstorm
|-damage|p1a: Grimmsnarl|54/100|[from] Sandstorm
|-sideend|p1: takuabionicle|move: Tailwind
|upkeep
|
|t:|1757727835
|switch|p2b: Toe Mater|Excadrill, L50, M|100/100
|turn|5
|
|t:|1757727849
|move|p1a: Grimmsnarl|Thunder Wave|p2a: Cars I
|-activate|p2a: Cars I|move: Psychic Terrain
|move|p2b: Toe Mater|Iron Head|p1a: Grimmsnarl
|-supereffective|p1a: Grimmsnarl
|-damage|p1a: Grimmsnarl|0 fnt
|faint|p1a: Grimmsnarl
|move|p2a: Cars I|Expanding Force|p1b: Rillaboom
|-damage|p1b: Rillaboom|0 fnt
|faint|p1b: Rillaboom
|
|-weather|none
|upkeep
|
|t:|1757727855
|switch|p1b: Volcarona|Volcarona, L50, M|100/100
|turn|6
|
|t:|1757727874
|-terastallize|p1b: Volcarona|Grass
|move|p2a: Cars I|Expanding Force|p1b: Volcarona
|-damage|p1b: Volcarona|57/100
|move|p1b: Volcarona|Giga Drain|p2a: Cars I
|-damage|p2a: Cars I|25/100
|-heal|p1b: Volcarona|77/100|[from] drain|[of] p2a: Cars I
|move|p2b: Toe Mater|High Horsepower|p1b: Volcarona
|-resisted|p1b: Volcarona
|-damage|p1b: Volcarona|52/100
|-status|p2b: Toe Mater|brn|[from] ability: Flame Body|[of] p1b: Volcarona
|
|-heal|p1b: Volcarona|58/100|[from] item: Leftovers
|-damage|p2b: Toe Mater|95/100 brn|[from] brn
|upkeep
|turn|7
|
|t:|1757727899
|move|p2a: Cars I|Expanding Force|p1b: Volcarona
|-damage|p1b: Volcarona|10/100
|move|p1b: Volcarona|Quiver Dance|p1b: Volcarona
|-boost|p1b: Volcarona|spa|1
|-boost|p1b: Volcarona|spd|1
|-boost|p1b: Volcarona|spe|1
|move|p2b: Toe Mater|Iron Head|p1b: Volcarona
|-damage|p1b: Volcarona|0 fnt
|faint|p1b: Volcarona
|
|win|TeyOnTheRox
