|j|☆imptumnus
|j|☆jomivgc
|html|imptumnusjomivgc    
|uhtml|bestof|Game 1 of a best-of-3
|t:|1784222271
|gametype|doubles
|player|p1|imptumnus|marlon|1147
|player|p2|jomivgc|falkner-gen2|1222
|gen|9
|tier|[Gen 9 Champions] VGC 2026 Reg M-B (Bo3)
|rated|
|rule|Species Clause: Limit one of each Pokémon
|rule|Item Clause: Limit 1 of each item
|clearpoke
|poke|p1|Milotic, L50, M, shiny|
|poke|p1|Incineroar, L50, M|
|poke|p1|Sinistcha, L50|
|poke|p1|Ceruledge, L50, M|
|poke|p1|Mawile, L50, M|
|poke|p1|Raichu, L50, F|
|poke|p2|Charizard, L50, F|
|poke|p2|Pelipper, L50, M|
|poke|p2|Archaludon, L50, M|
|poke|p2|Grimmsnarl, L50, M|
|poke|p2|Basculegion, L50, M|
|poke|p2|Venusaur, L50, M|
|teampreview|4
|showteam|p1|Milotic||Leftovers|Competitive|Protect,MuddyWater,Hypnosis,Coil|Bold||M|||50|]Incineroar||SitrusBerry|Intimidate|FlareBlitz,FakeOut,PartingShot,ThroatChop|Careful||M|||50|]Sinistcha||KasibBerry|Hospitality|MatchaGotcha,LifeDew,TrickRoom,RagePowder|Bold|||||50|]Ceruledge||ColburBerry|FlashFire|BitterBlade,BulkUp,Protect,ShadowSneak|Adamant||M|||50|]Mawile||Mawilite|HyperCutter|PlayRough,IronHead,SuckerPunch,Protect|Brave||M|||50|]Raichu||RaichuniteY|LightningRod|FakeOut,FocusBlast,ZapCannon,Protect|Timid||F|||50|
|showteam|p2|Charizard||CharizarditeY|Blaze|Protect,HeatWave,SolarBeam,WeatherBall|Modest||F|||50|]Pelipper||SitrusBerry|Drizzle|Hurricane,WeatherBall,Tailwind,WideGuard|Modest||M|||50|]Archaludon||Leftovers|Stamina|ElectroShot,FlashCannon,Protect,DragonPulse|Calm||M|||50|]Grimmsnarl||LightClay|Prankster|LightScreen,PartingShot,Reflect,SpiritBreak|Careful||M|||50|]Basculegion||ChoiceScarf|Adaptability|LastRespects,AquaJet,WaveCrash,FlipTurn|Adamant||M|||50|]Venusaur||FocusSash|Chlorophyll|SludgeBomb,Protect,EarthPower,SleepPowder|Modest||M|||50|
|inactive|Battle timer is ON: inactive players will automatically lose when time's up. (requested by jomivgc)
|c|☆imptumnus|glhf
|c|☆jomivgc|u2
|inactive|imptumnus has 60 seconds left.
|
|t:|1784222327
|teamsize|p1|4
|teamsize|p2|4
|start
|switch|p1a: Sinistcha|Sinistcha, L50|100/100
|switch|p1b: Incineroar|Incineroar, L50, M|100/100
|switch|p2a: Charizard|Charizard, L50, F|100/100
|switch|p2b: Venusaur|Venusaur, L50, M|100/100
|-ability|p1b: Incineroar|Intimidate|boost
|-unboost|p2a: Charizard|atk|1
|-unboost|p2b: Venusaur|atk|1
|turn|1
|inactive|imptumnus has 30 seconds left.
|
|t:|1784222354
|detailschange|p2a: Charizard|Charizard-Mega-Y, L50, F
|-mega|p2a: Charizard|Charizard|Charizardite Y
|-weather|SunnyDay|[from] ability: Drought|[of] p2a: Charizard
|move|p1b: Incineroar|Fake Out|p2a: Charizard
|-damage|p2a: Charizard|88/100
|move|p2b: Venusaur|Sleep Powder|p1b: Incineroar
|-status|p1b: Incineroar|slp|[from] move: Sleep Powder
|cant|p2a: Charizard|flinch
|move|p1a: Sinistcha|Trick Room|p1a: Sinistcha
|-fieldstart|move: Trick Room|[of] p1a: Sinistcha
|
|-weather|SunnyDay|[upkeep]
|upkeep
|turn|2
|inactive|imptumnus has 30 seconds left.
|
|t:|1784222383
|cant|p1b: Incineroar|slp
|move|p1a: Sinistcha|Matcha Gotcha|p2b: Venusaur|[spread] p2a,p2b
|-resisted|p2a: Charizard|2
|-resisted|p2b: Venusaur|2
|-damage|p2a: Charizard|83/100
|-damage|p2b: Venusaur|93/100
|move|p2a: Charizard|Weather Ball|p1a: Sinistcha
|-supereffective|p1a: Sinistcha|1
|-damage|p1a: Sinistcha|0 fnt
|faint|p1a: Sinistcha
|move|p2b: Venusaur|Earth Power|p1b: Incineroar
|-supereffective|p1b: Incineroar|1
|-damage|p1b: Incineroar|57/100 slp
|
|-weather|SunnyDay|[upkeep]
|upkeep
|
|t:|1784222399
|switch|p1a: Raichu|Raichu, L50, F|100/100
|turn|3
|
|t:|1784222413
|move|p1a: Raichu|Fake Out|p2a: Charizard
|-damage|p2a: Charizard|75/100
|-curestatus|p1b: Incineroar|slp|[msg]
|move|p1b: Incineroar|Flare Blitz|p2b: Venusaur
|-supereffective|p2b: Venusaur|1
|-damage|p2b: Venusaur|0 fnt
|faint|p2b: Venusaur
|-damage|p1b: Incineroar|33/100|[from] Recoil
|-enditem|p1b: Incineroar|Sitrus Berry|[eat]
|-heal|p1b: Incineroar|57/100|[from] item: Sitrus Berry
|cant|p2a: Charizard|flinch
|
|-weather|SunnyDay|[upkeep]
|upkeep
|
|t:|1784222436
|switch|p2b: Archaludon|Archaludon, L50, M|100/100
|turn|4
|inactive|imptumnus has 30 seconds left.
|
|t:|1784222463
|move|p1a: Raichu|Protect|p1a: Raichu
|-singleturn|p1a: Raichu|Protect
|move|p1b: Incineroar|Throat Chop|p2a: Charizard
|-damage|p2a: Charizard|39/100
|-start|p2a: Charizard|Throat Chop|[silent]
|move|p2b: Archaludon|Dragon Pulse|p1a: Raichu
|-activate|p1a: Raichu|move: Protect
|move|p2a: Charizard|Heat Wave|p1b: Incineroar|[spread] p1b
|-activate|p1a: Raichu|move: Protect
|-resisted|p1b: Incineroar|1
|-damage|p1b: Incineroar|35/100
|
|-weather|SunnyDay|[upkeep]
|upkeep
|turn|5
|
|t:|1784222485
|switch|p1a: Milotic|Milotic, L50, M, shiny|100/100
|move|p1b: Incineroar|Throat Chop|p2a: Charizard
|-damage|p2a: Charizard|3/100
|move|p2b: Archaludon|Dragon Pulse|p1b: Incineroar
|-damage|p1b: Incineroar|9/100
|move|p2a: Charizard|Weather Ball|p1a: Milotic
|-resisted|p1a: Milotic|1
|-damage|p1a: Milotic|66/100
|
|-weather|none
|-heal|p1a: Milotic|72/100|[from] item: Leftovers
|-end|p2a: Charizard|Throat Chop|[silent]
|-fieldend|move: Trick Room
|upkeep
|turn|6
|inactive|imptumnus has 30 seconds left.
|
|t:|1784222519
|switch|p2a: Pelipper|Pelipper, L50, M|100/100
|-weather|RainDance|[from] ability: Drizzle|[of] p2a: Pelipper
|switch|p1b: Raichu|Raichu, L50, F|100/100
|move|p1a: Milotic|Protect|p1a: Milotic
|-singleturn|p1a: Milotic|Protect
|move|p2b: Archaludon|Electro Shot||[still]
|-activate|p1b: Raichu|ability: Lightning Rod
|-prepare|p2b: Archaludon|Electro Shot
|-boost|p2b: Archaludon|spa|1
|-anim|p2b: Archaludon|Electro Shot|p1b: Raichu
|-ability|p1b: Raichu|Lightning Rod|boost
|-boost|p1b: Raichu|spa|1
|
|-weather|RainDance|[upkeep]
|-heal|p1a: Milotic|78/100|[from] item: Leftovers
|upkeep
|turn|7
|inactive|jomivgc has 30 seconds left.
|
|t:|1784222551
|detailschange|p1b: Raichu|Raichu-Mega-Y, L50, F
|-mega|p1b: Raichu|Raichu|Raichunite Y
|move|p1b: Raichu|Focus Blast|p2b: Archaludon
|-supereffective|p2b: Archaludon|1
|-damage|p2b: Archaludon|0 fnt
|faint|p2b: Archaludon
|move|p1a: Milotic|Coil|p1a: Milotic
|-boost|p1a: Milotic|atk|1
|-boost|p1a: Milotic|def|1
|-boost|p1a: Milotic|accuracy|1
|move|p2a: Pelipper|Tailwind|p2a: Pelipper
|-sidestart|p2: jomivgc|move: Tailwind
|
|-weather|RainDance|[upkeep]
|-heal|p1a: Milotic|84/100|[from] item: Leftovers
|upkeep
|
|t:|1784222559
|switch|p2b: Charizard|Charizard-Mega-Y, L50, F|3/100
|-weather|SunnyDay|[from] ability: Drought|[of] p2b: Charizard
|turn|8
|
|t:|1784222581
|move|p2b: Charizard|Weather Ball|p1b: Raichu
|-damage|p1b: Raichu|0 fnt
|faint|p1b: Raichu
|move|p2a: Pelipper|Weather Ball|p1a: Milotic
|-resisted|p1a: Milotic|1
|-damage|p1a: Milotic|69/100
|move|p1a: Milotic|Muddy Water|p2a: Pelipper|[spread] p2a,p2b
|-resisted|p2a: Pelipper|1
|-supereffective|p2b: Charizard|1
|-damage|p2a: Pelipper|92/100
|-damage|p2b: Charizard|0 fnt
|faint|p2b: Charizard
|
|-weather|SunnyDay|[upkeep]
|-heal|p1a: Milotic|75/100|[from] item: Leftovers
|upkeep
|-message|jomivgc forfeited.
|
|win|imptumnus
