|j|☆Neomega03
|j|☆teyvgc
|html|Neomega03teyvgc    
|uhtml|bestof|Game 1 of a best-of-3
|t:|1782530334
|gametype|doubles
|player|p1|Neomega03|nate|1093
|player|p2|teyvgc|rood|1157
|gen|9
|tier|[Gen 9 Champions] VGC 2026 Reg M-B (Bo3)
|rated|
|rule|Species Clause: Limit one of each Pokémon
|rule|Item Clause: Limit 1 of each item
|clearpoke
|poke|p1|Garchomp, L50, M|
|poke|p1|Sceptile, L50, M|
|poke|p1|Hatterene, L50, F|
|poke|p1|Corviknight, L50, M|
|poke|p1|Rotom-Heat, L50|
|poke|p1|Quaquaval, L50, M|
|poke|p2|Houndstone, L50, M|
|poke|p2|Tyranitar, L50, F|
|poke|p2|Rotom-Wash, L50|
|poke|p2|Incineroar, L50, M|
|poke|p2|Farigiraf, L50, F, shiny|
|poke|p2|Garchomp, L50, F, shiny|
|teampreview|4
|showteam|p1|Garchomp||FocusSash|RoughSkin|SwordsDance,Earthquake,DragonClaw,IronHead|Jolly||M|||50|]Sceptile||Sceptilite|Overgrow|EnergyBall,EarthPower,DragonPulse,Detect|Timid||M|||50|]Hatterene||LifeOrb|MagicBounce|CalmMind,DazzlingGleam,GigaDrain,Psychic|Modest||F|||50|]Corviknight||Leftovers|MirrorArmor|DrillPeck,IronHead,BodyPress,BulkUp|Adamant||M|||50|]Rotom-Heat||ChoiceScarf|Levitate|Discharge,DarkPulse,Overheat,Thunderbolt|Timid|||||50|]Quaquaval||MuscleBand|Moxie|AquaStep,CloseCombat,IceSpinner,Uturn|Jolly||M|||50|
|showteam|p2|Houndstone||FocusSash|SandRush|Poltergeist,ShadowSneak,LastRespects,Protect|Adamant||M|||50|]Tyranitar||Tyranitarite|SandStream|RockSlide,KnockOff,LowKick,Protect|Adamant||F|||50|]Rotom-Wash||Leftovers|Levitate|LightScreen,HydroPump,VoltSwitch,WillOWisp|Bold|||||50|]Incineroar||PasshoBerry|Intimidate|FlareBlitz,DarkestLariat,FakeOut,PartingShot|Adamant||M|||50|]Farigiraf||TwistedSpoon|ArmorTail|HyperVoice,TwinBeam,TrickRoom,HelpingHand|Quiet||F|||50|]Garchomp||Garchompite|RoughSkin|StompingTantrum,DragonClaw,Earthquake,Protect|Adamant||F|||50|
|j| tyho45
|
|t:|1782530355
|teamsize|p1|4
|teamsize|p2|4
|start
|switch|p1a: Garchomp|Garchomp, L50, M|100/100
|switch|p1b: Quaquaval|Quaquaval, L50, M|100/100
|switch|p2a: Incineroar|Incineroar, L50, M|100/100
|switch|p2b: Farigiraf|Farigiraf, L50, F, shiny|100/100
|-ability|p2a: Incineroar|Intimidate|boost
|-unboost|p1a: Garchomp|atk|1
|-unboost|p1b: Quaquaval|atk|1
|turn|1
|inactive|Battle timer is ON: inactive players will automatically lose when time's up. (requested by Neomega03)
|
|t:|1782530372
|move|p2a: Incineroar|Fake Out|p1a: Garchomp
|-damage|p1a: Garchomp|85/100
|-damage|p2a: Incineroar|87/100|[from] ability: Rough Skin|[of] p1a: Garchomp
|cant|p1a: Garchomp|flinch
|move|p1b: Quaquaval|Aqua Step|p2a: Incineroar
|-supereffective|p2a: Incineroar|1
|-enditem|p2a: Incineroar|Passho Berry|[eat]
|-enditem|p2a: Incineroar|Passho Berry|[weaken]
|-damage|p2a: Incineroar|58/100
|-boost|p1b: Quaquaval|spe|1
|move|p2b: Farigiraf|Trick Room|p2b: Farigiraf
|-fieldstart|move: Trick Room|[of] p2b: Farigiraf
|
|upkeep
|turn|2
|
|t:|1782530394
|switch|p1b: Rotom|Rotom-Heat, L50|100/100
|move|p2b: Farigiraf|Twin Beam|p1b: Rotom
|-damage|p1b: Rotom|71/100
|-damage|p1b: Rotom|43/100
|-hitcount|p1b: Rotom|2
|move|p2a: Incineroar|Parting Shot|p1a: Garchomp
|-unboost|p1a: Garchomp|atk|1
|-unboost|p1a: Garchomp|spa|1
|
|t:|1782530402
|switch|p2a: Garchomp|Garchomp, L50, F, shiny|100/100|[from] Parting Shot
|move|p1a: Garchomp|Earthquake|p2b: Farigiraf|[spread] p2a,p2b
|-immune|p1b: Rotom|[from] ability: Levitate
|-damage|p2a: Garchomp|80/100
|-damage|p2b: Farigiraf|79/100
|
|upkeep
|turn|3
|inactive|Neomega03 has 30 seconds left.
|inactive|Neomega03 has 20 seconds left.
|l| tyho45
|
|t:|1782530442
|switch|p1a: Sceptile|Sceptile, L50, M|100/100
|detailschange|p2a: Garchomp|Garchomp-Mega, L50, F, shiny
|-mega|p2a: Garchomp|Garchomp|Garchompite
|move|p2b: Farigiraf|Twin Beam|p1b: Rotom
|-damage|p1b: Rotom|11/100
|-damage|p1b: Rotom|0 fnt
|faint|p1b: Rotom
|-hitcount|p1: Rotom|2
|move|p2a: Garchomp|Dragon Claw|p1a: Sceptile
|-damage|p1a: Sceptile|2/100
|
|upkeep
|
|t:|1782530454
|switch|p1b: Quaquaval|Quaquaval, L50, M|100/100
|turn|4
|
|t:|1782530471
|move|p1a: Sceptile|Detect|p1a: Sceptile
|-singleturn|p1a: Sceptile|Protect
|move|p2b: Farigiraf|Twin Beam|p1b: Quaquaval
|-supereffective|p1b: Quaquaval|1
|-damage|p1b: Quaquaval|39/100
|-supereffective|p1b: Quaquaval|1
|-damage|p1b: Quaquaval|0 fnt
|faint|p1b: Quaquaval
|-hitcount|p1: Quaquaval|2
|move|p2a: Garchomp|Dragon Claw|p1a: Sceptile
|-activate|p1a: Sceptile|move: Protect
|
|upkeep
|
|t:|1782530482
|switch|p1b: Garchomp|Garchomp, L50, M|85/100
|turn|5
|
|t:|1782530495
|move|p1a: Sceptile|Detect||[still]
|-fail|p1a: Sceptile
|move|p2b: Farigiraf|Twin Beam|p1a: Sceptile
|-damage|p1a: Sceptile|0 fnt
|faint|p1a: Sceptile
|-hitcount|p1: Sceptile|1
|move|p2a: Garchomp|Dragon Claw|p1b: Garchomp
|-supereffective|p1b: Garchomp|1
|-damage|p1b: Garchomp|0 fnt
|-damage|p2a: Garchomp|68/100|[from] ability: Rough Skin|[of] p1b: Garchomp
|faint|p1b: Garchomp
|
|win|teyvgc
