|j|☆SamKagami
|j|☆theminesoftagawa
|html|SamKagamitheminesoftagawa    
|uhtml|bestof|Game 1 of a best-of-3
|t:|1757001867
|gametype|doubles
|player|p1|SamKagami|unknown|
|player|p2|theminesoftagawa|2|
|gen|9
|tier|[Gen 9] VGC 2025 Reg H (Bo3)
|rule|Species Clause: Limit one of each Pokémon
|rule|Item Clause: Limit 1 of each item
|clearpoke
|poke|p1|Rillaboom, L50, F|
|poke|p1|Sneasler, L50, M|
|poke|p1|Dragonite, L50, M|
|poke|p1|Ceruledge, L50, M|
|poke|p1|Electabuzz, L50, M|
|poke|p1|Primarina, L50, M|
|poke|p2|Jumpluff, L50, F|
|poke|p2|Typhlosion-Hisui, L50, M|
|poke|p2|Annihilape, L50, M|
|poke|p2|Torkoal, L50, F|
|poke|p2|Rillaboom, L50, M|
|poke|p2|Porygon2, L50|
|teampreview|4
|showteam|p1|Rillaboom||AssaultVest|GrassySurge|FakeOut,WoodHammer,HighHorsepower,Uturn|||F|||50|,,,,,Fire]Sneasler||GrassySeed|Unburden|Coaching,DireClaw,CloseCombat,Protect|||M|||50|,,,,,Stellar]Dragonite||LoadedDice|InnerFocus|Protect,Haze,ScaleShot,ExtremeSpeed|||M|||50|,,,,,Fairy]Ceruledge||ClearAmulet|FlashFire|Protect,BitterBlade,BulkUp,ShadowSneak|||M|||50|,,,,,Grass]Electabuzz||Eviolite|VitalSpirit|Electroweb,FollowMe,Protect,Taunt|||M|||50|,,,,,Ghost]Primarina||Leftovers|LiquidVoice|CalmMind,HyperVoice,Moonblast,Protect|||M|||50|,,,,,Poison
|showteam|p2|Jumpluff||CovertCloak|Chlorophyll|SleepPowder,Tailwind,RagePowder,PollenPuff|||F|||50|,,,,,Dark]Typhlosion-Hisui||ChoiceSpecs|Frisk|Eruption,HeatWave,ShadowBall,TeraBlast|||M|||50|,,,,,Stellar]Annihilape||SitrusBerry|Defiant|CloseCombat,Protect,FinalGambit,RageFist|||M|||50|,,,,,Fire]Torkoal||EjectPack|Drought|Protect,HelpingHand,Overheat,BurningJealousy|||F|||50|,,,,,Grass]Rillaboom||MiracleSeed|GrassySurge|FakeOut,GrassyGlide,HighHorsepower,WoodHammer|||M|||50|,,,,,Dragon]Porygon2||Eviolite|Download|Thunderbolt,IceBeam,Recover,TrickRoom||||||50|,,,,,Ghost
|c|☆theminesoftagawa|glhf
|c|☆SamKagami|u2!
|
|t:|1757001920
|teamsize|p1|4
|teamsize|p2|4
|start
|switch|p1a: Ceruledge|Ceruledge, L50, M|100/100
|switch|p1b: Electabuzz|Electabuzz, L50, M|100/100
|switch|p2a: Jumpluff|Jumpluff, L50, F, shiny|100/100
|switch|p2b: Torkoal|Torkoal, L50, F, shiny|100/100
|-weather|SunnyDay|[from] ability: Drought|[of] p2b: Torkoal
|turn|1
|
|t:|1757001951
|move|p1b: Electabuzz|Follow Me|p1b: Electabuzz
|-singleturn|p1b: Electabuzz|move: Follow Me
|move|p2a: Jumpluff|Pollen Puff|p1b: Electabuzz
|-damage|p1b: Electabuzz|90/100
|move|p1a: Ceruledge|Bulk Up|p1a: Ceruledge
|-boost|p1a: Ceruledge|atk|1
|-boost|p1a: Ceruledge|def|1
|move|p2b: Torkoal|Overheat|p1b: Electabuzz
|-damage|p1b: Electabuzz|43/100
|-unboost|p2b: Torkoal|spa|2
|-enditem|p2b: Torkoal|Eject Pack
|
|t:|1757001965
|switch|p2b: Typhlosion|Typhlosion-Hisui, L50, M, shiny|100/100
|-item|p1a: Ceruledge|Clear Amulet|[from] ability: Frisk|[of] p2b: Typhlosion
|-item|p1b: Electabuzz|Eviolite|[from] ability: Frisk|[of] p2b: Typhlosion
|
|-weather|SunnyDay|[upkeep]
|upkeep
|turn|2
|
|t:|1757002000
|-terastallize|p2a: Jumpluff|Dark
|move|p2a: Jumpluff|Rage Powder|p2a: Jumpluff
|-singleturn|p2a: Jumpluff|move: Rage Powder
|move|p1b: Electabuzz|Follow Me|p1b: Electabuzz
|-singleturn|p1b: Electabuzz|move: Follow Me
|move|p1a: Ceruledge|Shadow Sneak|p2a: Jumpluff
|-resisted|p2a: Jumpluff
|-damage|p2a: Jumpluff|82/100
|move|p2b: Typhlosion|Shadow Ball|p1b: Electabuzz
|-damage|p1b: Electabuzz|0 fnt
|faint|p1b: Electabuzz
|
|-weather|SunnyDay|[upkeep]
|upkeep
|
|t:|1757002018
|switch|p1b: Rillaboom|Rillaboom, L50, F|100/100
|-fieldstart|move: Grassy Terrain|[from] ability: Grassy Surge|[of] p1b: Rillaboom
|turn|3
|
|t:|1757002048
|switch|p2b: Porygon2|Porygon2, L50, shiny|100/100
|-ability|p2b: Porygon2|Download|boost
|-boost|p2b: Porygon2|spa|1
|-terastallize|p1a: Ceruledge|Grass
|move|p1a: Ceruledge|Shadow Sneak|p2b: Porygon2
|-immune|p2b: Porygon2
|move|p2a: Jumpluff|Sleep Powder|p1a: Ceruledge
|-immune|p1a: Ceruledge
|move|p1b: Rillaboom|U-turn|p2a: Jumpluff
|-supereffective|p2a: Jumpluff
|-damage|p2a: Jumpluff|21/100
|
|t:|1757002059
|switch|p1b: Dragonite|Dragonite, L50, M|100/100|[from] U-turn
|
|-weather|SunnyDay|[upkeep]
|-heal|p2a: Jumpluff|27/100|[from] Grassy Terrain
|upkeep
|turn|4
|
|t:|1757002079
|switch|p2a: Typhlosion|Typhlosion-Hisui, L50, M, shiny|100/100
|-item|p1a: Ceruledge|Clear Amulet|[from] ability: Frisk|[of] p2a: Typhlosion
|-item|p1b: Dragonite|Loaded Dice|[from] ability: Frisk|[of] p2a: Typhlosion
|move|p1b: Dragonite|Extreme Speed|p2a: Typhlosion
|-immune|p2a: Typhlosion
|move|p1a: Ceruledge|Bitter Blade|p2b: Porygon2
|-damage|p2b: Porygon2|48/100
|move|p2b: Porygon2|Trick Room|p2b: Porygon2
|-fieldstart|move: Trick Room|[of] p2b: Porygon2
|
|-weather|SunnyDay|[upkeep]
|-heal|p2b: Porygon2|55/100|[from] Grassy Terrain
|upkeep
|turn|5
|
|t:|1757002106
|switch|p2a: Jumpluff|Jumpluff, L50, F, shiny, tera:Dark|27/100
|move|p1b: Dragonite|Extreme Speed|p2b: Porygon2
|-damage|p2b: Porygon2|39/100
|move|p2b: Porygon2|Ice Beam|p1a: Ceruledge
|-supereffective|p1a: Ceruledge
|-damage|p1a: Ceruledge|44/100
|move|p1a: Ceruledge|Bitter Blade|p2b: Porygon2
|-damage|p2b: Porygon2|0 fnt
|-heal|p1a: Ceruledge|65/100|[from] drain|[of] p2b: Porygon2
|faint|p2b: Porygon2
|
|-weather|none
|-heal|p1a: Ceruledge|71/100|[from] Grassy Terrain
|-heal|p2a: Jumpluff|33/100|[from] Grassy Terrain
|upkeep
|
|t:|1757002116
|switch|p2b: Torkoal|Torkoal, L50, F, shiny|100/100
|-weather|SunnyDay|[from] ability: Drought|[of] p2b: Torkoal
|turn|6
|-message|theminesoftagawa forfeited.
|
|win|SamKagami
