|j|☆Kizukato
|j|☆wingblade33
|html|Kizukatowingblade33    
|uhtml|bestof|Game 1 of a best-of-3
|t:|1782393097
|gametype|doubles
|player|p1|Kizukato|cynthia|1139
|player|p2|wingblade33|101|1155
|gen|9
|tier|[Gen 9 Champions] VGC 2026 Reg M-B (Bo3)
|rated|
|rule|Species Clause: Limit one of each Pokémon
|rule|Item Clause: Limit 1 of each item
|clearpoke
|poke|p1|Gengar, L50, M, shiny|
|poke|p1|Incineroar, L50, F|
|poke|p1|Sneasler, L50, M|
|poke|p1|Floette-Eternal, L50, F|
|poke|p1|Kingambit, L50, M|
|poke|p1|Kommo-o, L50, M|
|poke|p2|Staraptor, L50, F|
|poke|p2|Whimsicott, L50, F|
|poke|p2|Garchomp, L50, F|
|poke|p2|Charizard, L50, F|
|poke|p2|Gholdengo, L50|
|poke|p2|Basculegion, L50, M|
|teampreview|4
|showteam|p1|Gengar||Gengarite|CursedBody|ShadowBall,PerishSong,Disable,Protect|Modest||M|||50|]Incineroar||PasshoBerry|Intimidate|Protect,FlareBlitz,PartingShot,FakeOut|Relaxed||F|||50|]Sneasler||WhiteHerb|Unburden|FakeOut,Protect,CloseCombat,DireClaw|Adamant||M|||50|]Floette-Eternal||Floettite|FlowerVeil|Protect,Moonblast,LightofRuin,DazzlingGleam|Timid||F|||50|]Kingambit||BlackGlasses|Defiant|KowtowCleave,SuckerPunch,Protect,SwordsDance|Adamant||M|||50|]Kommo-o||Leftovers|Soundproof|ClangingScales,AuraSphere,ClangorousSoul,Protect|Modest||M|||50|
|showteam|p2|Staraptor||Staraptite|Intimidate|BraveBird,CloseCombat,Protect,Roost|Jolly||F|||50|]Whimsicott||FocusSash|Prankster|Moonblast,Tailwind,Charm,Encore|Timid||F|||50|]Garchomp||LifeOrb|RoughSkin|Protect,Earthquake,DragonClaw,RockSlide|Jolly||F|||50|]Charizard||CharizarditeY|Blaze|HeatWave,WeatherBall,SolarBeam,Protect|Modest||F|||50|]Gholdengo||Leftovers|GoodasGold|MakeItRain,ShadowBall,NastyPlot,Protect|Modest|||||50|]Basculegion||MysticWater|Adaptability|WaveCrash,AquaJet,LastRespects,Protect|Adamant||M|||50|
|inactive|Battle timer is ON: inactive players will automatically lose when time's up. (requested by Kizukato)
|inactive|Kizukato has 60 seconds left.
|inactive|wingblade33 has 60 seconds left.
|inactive|wingblade33 has 30 seconds left.
|
|t:|1782393161
|teamsize|p1|4
|teamsize|p2|4
|start
|switch|p1a: Gengar|Gengar, L50, M, shiny|100/100
|switch|p1b: Kingambit|Kingambit, L50, M|100/100
|switch|p2a: Gholdengo|Gholdengo, L50|100/100
|switch|p2b: Basculegion|Basculegion, L50, M|100/100
|turn|1
|inactive|wingblade33 has 30 seconds left.
|inactive|wingblade33 has 20 seconds left.
|inactive|wingblade33 has 15 seconds left.
|
|t:|1782393203
|switch|p2b: Garchomp|Garchomp, L50, F|100/100
|detailschange|p1a: Gengar|Gengar-Mega, L50, M, shiny
|-mega|p1a: Gengar|Gengar|Gengarite
|move|p1a: Gengar|Protect|p1a: Gengar
|-singleturn|p1a: Gengar|Protect
|move|p2a: Gholdengo|Protect|p2a: Gholdengo
|-singleturn|p2a: Gholdengo|Protect
|move|p1b: Kingambit|Swords Dance|p1b: Kingambit
|-boost|p1b: Kingambit|atk|2
|
|upkeep
|turn|2
|inactive|Kizukato has 30 seconds left.
|inactive|wingblade33 has 30 seconds left.
|inactive|Kizukato has 20 seconds left.
|inactive|Kizukato has 15 seconds left.
|inactive|Kizukato has 10 seconds left.
|
|t:|1782393249
|switch|p1a: Incineroar|Incineroar, L50, F|100/100
|-ability|p1a: Incineroar|Intimidate|boost
|-unboost|p2a: Gholdengo|atk|1
|-unboost|p2b: Garchomp|atk|1
|move|p1b: Kingambit|Protect|p1b: Kingambit
|-singleturn|p1b: Kingambit|Protect
|move|p2b: Garchomp|Dragon Claw|p1a: Incineroar
|-damage|p1a: Incineroar|76/100
|-damage|p2b: Garchomp|90/100|[from] item: Life Orb
|move|p2a: Gholdengo|Shadow Ball|p1a: Incineroar
|-resisted|p1a: Incineroar|1
|-damage|p1a: Incineroar|55/100
|-unboost|p1a: Incineroar|spd|1
|
|upkeep
|turn|3
|inactive|wingblade33 has 30 seconds left.
|inactive|wingblade33 has 20 seconds left.
|inactive|wingblade33 has 15 seconds left.
|inactive|wingblade33 has 10 seconds left.
|
|t:|1782393295
|move|p1a: Incineroar|Fake Out|p2b: Garchomp
|-damage|p2b: Garchomp|80/100
|-damage|p1a: Incineroar|43/100|[from] ability: Rough Skin|[of] p2b: Garchomp
|cant|p2b: Garchomp|flinch
|move|p2a: Gholdengo|Make It Rain|p1b: Kingambit|[spread] p1a,p1b
|-resisted|p1a: Incineroar|1
|-resisted|p1b: Kingambit|1
|-damage|p1a: Incineroar|13/100
|-damage|p1b: Kingambit|79/100
|-unboost|p2a: Gholdengo|spa|2
|move|p1b: Kingambit|Swords Dance|p1b: Kingambit
|-boost|p1b: Kingambit|atk|2
|
|upkeep
|turn|4
|inactive|wingblade33 has 30 seconds left.
|
|t:|1782393328
|switch|p2b: Charizard|Charizard, L50, F|100/100
|switch|p1a: Gengar|Gengar-Mega, L50, M, shiny|100/100
|move|p1b: Kingambit|Sucker Punch||[still]
|-fail|p1b: Kingambit
|move|p2a: Gholdengo|Make It Rain|p1a: Gengar|[spread] p1b
|-miss|p2a: Gholdengo|p1a: Gengar
|-resisted|p1b: Kingambit|1
|-damage|p1b: Kingambit|67/100
|-unboost|p2a: Gholdengo|spa|2
|
|upkeep
|turn|5
|
|t:|1782393351
|switch|p2a: Basculegion|Basculegion, L50, M|100/100
|detailschange|p2b: Charizard|Charizard-Mega-Y, L50, F
|-mega|p2b: Charizard|Charizard|Charizardite Y
|-weather|SunnyDay|[from] ability: Drought|[of] p2b: Charizard
|move|p2b: Charizard|Protect|p2b: Charizard
|-singleturn|p2b: Charizard|Protect
|move|p1b: Kingambit|Sucker Punch||[still]
|-fail|p1b: Kingambit
|move|p1a: Gengar|Shadow Ball|p2a: Basculegion
|-supereffective|p2a: Basculegion|1
|-damage|p2a: Basculegion|0 fnt
|faint|p2a: Basculegion
|
|-weather|SunnyDay|[upkeep]
|upkeep
|
|t:|1782393364
|switch|p2a: Garchomp|Garchomp, L50, F|80/100
|turn|6
|
|t:|1782393384
|move|p1a: Gengar|Protect|p1a: Gengar
|-singleturn|p1a: Gengar|Protect
|move|p1b: Kingambit|Protect|p1b: Kingambit
|-singleturn|p1b: Kingambit|Protect
|move|p2a: Garchomp|Earthquake|p1a: Gengar|[spread] 
|-activate|p1a: Gengar|move: Protect
|-activate|p1b: Kingambit|move: Protect
|-immune|p2b: Charizard
|move|p2b: Charizard|Heat Wave|p1b: Kingambit|[spread] 
|-activate|p1a: Gengar|move: Protect
|-activate|p1b: Kingambit|move: Protect
|
|-weather|SunnyDay|[upkeep]
|upkeep
|turn|7
|inactive|Kizukato has 30 seconds left.
|inactive|Kizukato has 20 seconds left.
|inactive|Kizukato has 15 seconds left.
|inactive|Kizukato has 10 seconds left.
|
|t:|1782393429
|move|p1b: Kingambit|Sucker Punch|p2b: Charizard
|-damage|p2b: Charizard|0 fnt
|faint|p2b: Charizard
|move|p2a: Garchomp|Earthquake|p1a: Gengar|[spread] p1a,p1b
|-supereffective|p1a: Gengar|1
|-supereffective|p1b: Kingambit|1
|-damage|p1a: Gengar|6/100
|-damage|p1b: Kingambit|0 fnt
|faint|p1b: Kingambit
|-damage|p2a: Garchomp|70/100|[from] item: Life Orb
|move|p1a: Gengar|Disable|p2a: Garchomp
|-start|p2a: Garchomp|Disable|Earthquake
|
|-weather|SunnyDay|[upkeep]
|upkeep
|
|t:|1782393444
|switch|p2b: Gholdengo|Gholdengo, L50|100/100
|switch|p1b: Incineroar|Incineroar, L50, F|13/100
|-ability|p1b: Incineroar|Intimidate|boost
|-unboost|p2a: Garchomp|atk|1
|-unboost|p2b: Gholdengo|atk|1
|turn|8
|
|t:|1782393466
|move|p1b: Incineroar|Fake Out|p2a: Garchomp
|-damage|p2a: Garchomp|58/100
|-damage|p1b: Incineroar|1/100|[from] ability: Rough Skin|[of] p2a: Garchomp
|cant|p2a: Garchomp|flinch
|move|p1a: Gengar|Perish Song|p1a: Gengar
|-start|p1a: Gengar|perish3|[silent]
|-start|p1b: Incineroar|perish3|[silent]
|-start|p2a: Garchomp|perish3|[silent]
|-immune|p2b: Gholdengo|[from] ability: Good as Gold
|-fieldactivate|move: Perish Song
|move|p2b: Gholdengo|Make It Rain|p1b: Incineroar|[spread] p1a,p1b
|-resisted|p1b: Incineroar|1
|-damage|p1a: Gengar|0 fnt
|-damage|p1b: Incineroar|0 fnt
|-unboost|p2b: Gholdengo|spa|2
|faint|p1a: Gengar
|faint|p1b: Incineroar
|
|-weather|SunnyDay|[upkeep]
|-start|p2a: Garchomp|perish3
|upkeep
|
|t:|1782393481
|switch|p1b: Kommo-o|Kommo-o, L50, M|100/100
|turn|9
|
|t:|1782393498
|move|p1b: Kommo-o|Protect|p1b: Kommo-o
|-singleturn|p1b: Kommo-o|Protect
|move|p2a: Garchomp|Dragon Claw|p1b: Kommo-o
|-activate|p1b: Kommo-o|move: Protect
|move|p2b: Gholdengo|Nasty Plot|p2b: Gholdengo
|-boost|p2b: Gholdengo|spa|2
|
|-weather|none
|-start|p2a: Garchomp|perish2
|upkeep
|turn|10
|
|t:|1782393505
|move|p2a: Garchomp|Dragon Claw|p1b: Kommo-o
|-supereffective|p1b: Kommo-o|1
|-damage|p1b: Kommo-o|32/100
|-damage|p2a: Garchomp|48/100|[from] item: Life Orb
|move|p1b: Kommo-o|Clangorous Soul||[still]
|-fail|p1b: Kommo-o
|move|p2b: Gholdengo|Nasty Plot|p2b: Gholdengo
|-boost|p2b: Gholdengo|spa|2
|
|-heal|p1b: Kommo-o|38/100|[from] item: Leftovers
|-start|p2a: Garchomp|perish1
|upkeep
|turn|11
|inactive|Kizukato has 30 seconds left.
|inactive|Kizukato has 20 seconds left.
|inactive|Kizukato has 15 seconds left.
|inactive|Kizukato has 10 seconds left.
|inactive|Kizukato has 5 seconds left.
|
|t:|1782393560
|move|p2a: Garchomp|Dragon Claw|p1b: Kommo-o
|-supereffective|p1b: Kommo-o|1
|-damage|p1b: Kommo-o|0 fnt
|faint|p1b: Kommo-o
|-damage|p2a: Garchomp|38/100|[from] item: Life Orb
|
|win|wingblade33
||wingblade33 is ready for game 2.
|inactive|Kizukato has 30 seconds to confirm battle start!
|inactive|Kizukato has 20 seconds to confirm battle start!
||Kizukato is ready for game 2.
|uhtml|next|Next: Game 2 of 3
|l|☆Kizukato
|player|p1|
