|j|☆llufamistica
|j|☆Camerupt4Ever
|html|llufamisticaCamerupt4Ever    
|uhtml|bestof|Game 3 of a best-of-3
|t:|1756325054
|gametype|doubles
|player|p1|llufamistica|101|1135
|player|p2|Camerupt4Ever|102|1069
|gen|9
|tier|[Gen 9] VGC 2025 Reg H (Bo3)
|rated|
|rule|Species Clause: Limit one of each Pokémon
|rule|Item Clause: Limit 1 of each item
|clearpoke
|poke|p1|Murkrow, L50, M|
|poke|p1|Garchomp, L50, M|
|poke|p1|Toxtricity, L50, M|
|poke|p1|Zoroark-Hisui, L50, F|
|poke|p1|Indeedee-F, L50, F|
|poke|p1|Annihilape, L50, F|
|poke|p2|Wyrdeer, L50, F|
|poke|p2|Indeedee-F, L50, F|
|poke|p2|Annihilape, L50, F|
|poke|p2|Torkoal, L50, F|
|poke|p2|Delphox, L50, F|
|poke|p2|Kingambit, L50, F|
|teampreview|4
|showteam|p1|Murkrow||Eviolite|Prankster|Tailwind,BraveBird,Quash,Haze|||M|||50|,,,,,Ghost]Garchomp||LifeOrb|RoughSkin|Earthquake,IronHead,RockSlide,Protect|||M|||50|,,,,,Steel]Toxtricity||ChoiceSpecs|PunkRock|Boomburst,Overdrive,VoltSwitch,SludgeBomb|||M|||50|,,,,,Normal]Zoroark-Hisui||FocusSash|Illusion|ShadowBall,Protect,HyperVoice,NastyPlot|||F|||50|,,,,,Stellar]Indeedee-F||SafetyGoggles|Synchronize|FollowMe,HelpingHand,FakeOut,ShadowBall|||F|||50|,,,,,Ghost]Annihilape||ChoiceScarf|Defiant|FinalGambit,HelpingHand,ShadowClaw,CloseCombat|||F|||50|,,,,,Grass
|showteam|p2|Wyrdeer||Leftovers|Intimidate|Protect,TrickRoom,ExpandingForce,EarthPower|||F|||50|,,,,,Ground]Indeedee-F||RockyHelmet|PsychicSurge|Imprison,FollowMe,TrickRoom,Psychic|||F|||50|,,,,,Grass]Annihilape||SafetyGoggles|Defiant|DrainPunch,Taunt,RageFist,Protect|||F|||50|,,,,,Fire]Torkoal||Charcoal|Drought|Eruption,HelpingHand,Protect,WeatherBall|||F|||50|,,,,,Grass]Delphox||ChoiceScarf|Blaze|HeatWave,ExpandingForce,DazzlingGleam,Flamethrower|||F|||50|,,,,,Fairy]Kingambit||AssaultVest|Defiant|KowtowCleave,SuckerPunch,IronHead,LowKick|||F|||50|,,,,,Poison
|inactive|Battle timer is ON: inactive players will automatically lose when time's up. (requested by llufamistica)
|
|t:|1756325081
|teamsize|p1|4
|teamsize|p2|4
|start
|switch|p1a: Toxtricity|Toxtricity, L50, M, shiny|100/100
|switch|p1b: Indeedee|Indeedee-F, L50, F|100/100
|switch|p2a: Torkoal|Torkoal, L50, F|100/100
|switch|p2b: Delphox|Delphox, L50, F|100/100
|-weather|SunnyDay|[from] ability: Drought|[of] p2a: Torkoal
|turn|1
|inactive|llufamistica has 30 seconds left.
|inactive|Camerupt4Ever has 30 seconds left.
|
|t:|1756325109
|-terastallize|p1b: Indeedee|Ghost
|move|p2a: Torkoal|Helping Hand|p2b: Delphox
|-singleturn|p2b: Delphox|Helping Hand|[of] p2a: Torkoal
|move|p1b: Indeedee|Fake Out|p2b: Delphox
|-damage|p2b: Delphox|88/100
|cant|p2b: Delphox|flinch
|move|p1a: Toxtricity|Boomburst|p2a: Torkoal|[spread] p2a,p2b
|-immune|p1b: Indeedee
|-damage|p2a: Torkoal|24/100
|-damage|p2b: Delphox|14/100
|
|-weather|SunnyDay|[upkeep]
|upkeep
|turn|2
|inactive|llufamistica has 30 seconds left.
|inactive|llufamistica has 20 seconds left.
|inactive|llufamistica has 15 seconds left.
|inactive|llufamistica has 10 seconds left.
|
|t:|1756325156
|switch|p1a: Garchomp|Garchomp, L50, M, shiny|100/100
|switch|p1b: Garchomp|Garchomp, L50, M, shiny|100/100
|move|p2a: Torkoal|Helping Hand|p2b: Delphox
|-singleturn|p2b: Delphox|Helping Hand|[of] p2a: Torkoal
|move|p2b: Delphox|Heat Wave|p1a: Garchomp|[spread] p1a,p1b
|-resisted|p1b: Garchomp
|-enditem|p1a: Garchomp|Focus Sash
|-damage|p1a: Garchomp|1/100
|-damage|p1b: Garchomp|32/100
|replace|p1a: Zoroark|Zoroark-Hisui, L50, F, shiny
|-end|p1a: Zoroark|Illusion
|
|-weather|SunnyDay|[upkeep]
|upkeep
|turn|3
|inactive|llufamistica has 30 seconds left.
|inactive|Camerupt4Ever has 30 seconds left.
|inactive|llufamistica has 20 seconds left.
|
|t:|1756325201
|move|p2a: Torkoal|Helping Hand|p2b: Delphox
|-singleturn|p2b: Delphox|Helping Hand|[of] p2a: Torkoal
|move|p1a: Zoroark|Protect|p1a: Zoroark
|-singleturn|p1a: Zoroark|Protect
|move|p2b: Delphox|Heat Wave|p1b: Garchomp|[spread] p1b
|-activate|p1a: Zoroark|move: Protect
|-resisted|p1b: Garchomp
|-damage|p1b: Garchomp|0 fnt
|faint|p1b: Garchomp
|
|-weather|SunnyDay|[upkeep]
|upkeep
|
|t:|1756325222
|switch|p1b: Indeedee|Indeedee-F, L50, F, tera:Ghost|100/100
|turn|4
|
|t:|1756325229
|switch|p2a: Indeedee|Indeedee-F, L50, F|100/100
|-fieldstart|move: Psychic Terrain|[from] ability: Psychic Surge|[of] p2a: Indeedee
|move|p1b: Indeedee|Fake Out|p2b: Delphox
|-activate|p2b: Delphox|move: Psychic Terrain
|move|p2b: Delphox|Heat Wave|p1a: Zoroark|[spread] p1a,p1b
|-damage|p1a: Zoroark|0 fnt
|-damage|p1b: Indeedee|20/100
|faint|p1a: Zoroark
|
|-weather|SunnyDay|[upkeep]
|upkeep
|
|t:|1756325237
|switch|p1a: Toxtricity|Toxtricity, L50, M, shiny|100/100
|turn|5
|
|t:|1756325247
|move|p1b: Indeedee|Helping Hand|p1a: Toxtricity
|-singleturn|p1a: Toxtricity|Helping Hand|[of] p1b: Indeedee
|move|p2a: Indeedee|Follow Me|p2a: Indeedee
|-singleturn|p2a: Indeedee|move: Follow Me
|move|p2b: Delphox|Heat Wave|p1a: Toxtricity|[spread] p1b
|-miss|p2b: Delphox|p1a: Toxtricity
|-damage|p1b: Indeedee|0 fnt
|faint|p1b: Indeedee
|move|p1a: Toxtricity|Boomburst|p2a: Indeedee|[spread] p2a,p2b
|-damage|p2a: Indeedee|10/100
|-damage|p2b: Delphox|0 fnt
|faint|p2b: Delphox
|
|-weather|none
|upkeep
|
|t:|1756325262
|switch|p2b: Wyrdeer|Wyrdeer, L50, F|100/100
|-ability|p2b: Wyrdeer|Intimidate|boost
|-unboost|p1a: Toxtricity|atk|1
|turn|6
|
|t:|1756325269
|move|p1a: Toxtricity|Boomburst|p2a: Indeedee|[spread] p2a,p2b
|-damage|p2a: Indeedee|0 fnt
|-damage|p2b: Wyrdeer|35/100
|faint|p2a: Indeedee
|move|p2b: Wyrdeer|Expanding Force|p1a: Toxtricity
|-supereffective|p1a: Toxtricity
|-damage|p1a: Toxtricity|0 fnt
|faint|p1a: Toxtricity
|
|win|Camerupt4Ever
|raw|llufamistica's rating: 1135 → 1105(-30 for losing)
|raw|Camerupt4Ever's rating: 1069 → 1104(+35 for winning)
|l|☆llufamistica
|player|p1|
