|j|☆LewBoiiiiiii
|j|☆TheKingsSnorlax
|html|LewBoiiiiiiiTheKingsSnorlax    
|uhtml|bestof|Game 2 of a best-of-3
|t:|1783625936
|gametype|doubles
|player|p1|LewBoiiiiiii|2|
|player|p2|TheKingsSnorlax|266|
|gen|9
|tier|[Gen 9 Champions] VGC 2026 Reg M-B (Bo3)
|rule|Species Clause: Limit one of each Pokémon
|rule|Item Clause: Limit 1 of each item
|clearpoke
|poke|p1|Floette-Eternal, L50, F|
|poke|p1|Gallade, L50, M|
|poke|p1|Toxicroak, L50, M|
|poke|p1|Umbreon, L50, F|
|poke|p1|Oranguru, L50, M|
|poke|p1|Empoleon, L50, M|
|poke|p2|Sinistcha, L50|
|poke|p2|Snorlax, L50, F|
|poke|p2|Archaludon, L50, M|
|poke|p2|Pelipper, L50, F|
|poke|p2|Pidgeot, L50, M|
|poke|p2|Meowstic, L50, M|
|teampreview|4
|showteam|p1|Floette-Eternal||Floettite|FlowerVeil|Moonblast,DazzlingGleam,LightofRuin,Protect|Modest||F|||50|]Gallade||LifeOrb|Sharpness|SacredSword,PsychoCut,NightSlash,Protect|Quiet||M|||50|]Toxicroak||FocusSash|DrySkin|FakeOut,Taunt,KnockOff,CloseCombat|Jolly||M|||50|]Umbreon||Leftovers|InnerFocus|FoulPlay,SunnyDay,Yawn,Moonlight|Impish||F|||50|]Oranguru||MentalHerb|InnerFocus|Psychic,TrickRoom,Instruct,Protect|Sassy||M|||50|]Empoleon||WideLens|Competitive|HydroPump,FlashCannon,IceBeam,Protect|Quiet||M|||50|
|showteam|p2|Sinistcha||YacheBerry|Hospitality|MatchaGotcha,RagePowder,LifeDew,TrickRoom|Calm|||||50|]Snorlax||SitrusBerry|ThickFat|Protect,BodySlam,BellyDrum,HighHorsepower|Relaxed||F|||50|]Archaludon||Leftovers|Stamina|Protect,AuraSphere,ElectroShot,FlashCannon|Calm||M|||50|]Pelipper||DampRock|Drizzle|Hurricane,Protect,Tailwind,WeatherBall|Modest||F|||50|]Pidgeot||Pidgeotite|KeenEye|Protect,Tailwind,Hurricane,RainDance|Timid||M|||50|]Meowstic||LightClay|Prankster|LightScreen,Reflect,ThunderWave,RainDance|Bold||M|||50|
|
|t:|1783626009
|teamsize|p1|4
|teamsize|p2|4
|start
|switch|p1a: Floette|Floette-Eternal, L50, F|100/100
|switch|p1b: Toxicroak|Toxicroak, L50, M|100/100
|switch|p2a: Pelipper|Pelipper, L50, F|100/100
|switch|p2b: Meowstic|Meowstic, L50, M|100/100
|-weather|RainDance|[from] ability: Drizzle|[of] p2a: Pelipper
|turn|1
|l|☆LewBoiiiiiii
|player|p1|
|j|☆LewBoiiiiiii
|player|p1|LewBoiiiiiii|2|
|j| rat2
|
|t:|1783626052
|detailschange|p1a: Floette|Floette-Mega, L50, F
|-mega|p1a: Floette|Floette|Floettite
|-ability|p1a: Floette|Fairy Aura
|move|p1b: Toxicroak|Fake Out|p2a: Pelipper
|-crit|p2a: Pelipper
|-damage|p2a: Pelipper|79/100
|move|p2b: Meowstic|Light Screen|p2b: Meowstic
|-sidestart|p2: TheKingsSnorlax|move: Light Screen
|move|p1a: Floette|Moonblast|p2b: Meowstic
|-damage|p2b: Meowstic|46/100
|cant|p2a: Pelipper|flinch
|
|-weather|RainDance|[upkeep]
|upkeep
|turn|2
|
|t:|1783626097
|move|p2b: Meowstic|Thunder Wave|p1a: Floette
|-status|p1a: Floette|par
|move|p1b: Toxicroak|Knock Off|p2b: Meowstic
|-supereffective|p2b: Meowstic|1
|-damage|p2b: Meowstic|0 fnt
|-enditem|p2b: Meowstic|Light Clay|[from] move: Knock Off|[of] p1b: Toxicroak
|faint|p2b: Meowstic
|move|p2a: Pelipper|Hurricane|p1b: Toxicroak
|-supereffective|p1b: Toxicroak|1
|-enditem|p1b: Toxicroak|Focus Sash
|-damage|p1b: Toxicroak|1/100
|move|p1a: Floette|Moonblast|p2a: Pelipper
|-damage|p2a: Pelipper|1/100
|
|-weather|RainDance|[upkeep]
|-heal|p1b: Toxicroak|13/100|[from] ability: Dry Skin
|upkeep
|
|t:|1783626113
|switch|p2b: Archaludon|Archaludon, L50, M|100/100
|turn|3
|
|t:|1783626151
|move|p1b: Toxicroak|Knock Off|p2a: Pelipper
|-damage|p2a: Pelipper|0 fnt
|-enditem|p2a: Pelipper|Damp Rock|[from] move: Knock Off|[of] p1b: Toxicroak
|faint|p2a: Pelipper
|move|p2b: Archaludon|Electro Shot||[still]
|-prepare|p2b: Archaludon|Electro Shot
|-boost|p2b: Archaludon|spa|1
|-anim|p2b: Archaludon|Electro Shot|p1b: Toxicroak
|-damage|p1b: Toxicroak|0 fnt
|faint|p1b: Toxicroak
|cant|p1a: Floette|par
|
|-weather|RainDance|[upkeep]
|upkeep
|
|t:|1783626166
|switch|p1b: Umbreon|Umbreon, L50, F|100/100
|switch|p2a: Sinistcha|Sinistcha, L50|100/100
|turn|4
|
|t:|1783626201
|cant|p1a: Floette|par
|move|p2a: Sinistcha|Rage Powder|p2a: Sinistcha
|-singleturn|p2a: Sinistcha|move: Rage Powder
|move|p2b: Archaludon|Electro Shot||[still]
|-prepare|p2b: Archaludon|Electro Shot
|-boost|p2b: Archaludon|spa|1
|-anim|p2b: Archaludon|Electro Shot|p1b: Umbreon
|-damage|p1b: Umbreon|49/100
|move|p1b: Umbreon|Yawn|p2a: Sinistcha
|-start|p2a: Sinistcha|move: Yawn|[of] p1b: Umbreon
|
|-weather|RainDance|[upkeep]
|-heal|p1b: Umbreon|54/100|[from] item: Leftovers
|upkeep
|turn|5
|
|t:|1783626235
|move|p2b: Archaludon|Electro Shot||[still]
|-prepare|p2b: Archaludon|Electro Shot
|-boost|p2b: Archaludon|spa|1
|-anim|p2b: Archaludon|Electro Shot|p1b: Umbreon
|-damage|p1b: Umbreon|0 fnt
|faint|p1b: Umbreon
|move|p2a: Sinistcha|Matcha Gotcha|p1a: Floette
|-damage|p1a: Floette|77/100 par
|cant|p1a: Floette|par
|
|-weather|RainDance|[upkeep]
|-end|p2a: Sinistcha|move: Yawn|[silent]
|-status|p2a: Sinistcha|slp
|upkeep
|
|t:|1783626247
|switch|p1b: Gallade|Gallade, L50, M|100/100
|turn|6
|
|t:|1783626259
|move|p2b: Archaludon|Protect|p2b: Archaludon
|-singleturn|p2b: Archaludon|Protect
|move|p1b: Gallade|Protect|p1b: Gallade
|-singleturn|p1b: Gallade|Protect
|cant|p2a: Sinistcha|slp
|move|p1a: Floette|Light of Ruin|p2b: Archaludon
|-activate|p2b: Archaludon|move: Protect
|
|-weather|RainDance|[upkeep]
|upkeep
|turn|7
|
|t:|1783626287
|cant|p2a: Sinistcha|slp
|move|p2b: Archaludon|Flash Cannon|p1b: Gallade
|-damage|p1b: Gallade|20/100y
|move|p1b: Gallade|Night Slash|p2a: Sinistcha
|-supereffective|p2a: Sinistcha|1
|-damage|p2a: Sinistcha|10/100 slp
|-damage|p1b: Gallade|11/100|[from] item: Life Orb
|move|p1a: Floette|Light of Ruin|p2b: Archaludon
|-crit|p2b: Archaludon
|-damage|p2b: Archaludon|0 fnt
|faint|p2b: Archaludon
|-damage|p1a: Floette|23/100 par|[from] Recoil
|
|-weather|RainDance|[upkeep]
|upkeep
|turn|8
|
|t:|1783626308
|-curestatus|p2a: Sinistcha|slp|[msg]
|move|p2a: Sinistcha|Matcha Gotcha|p1b: Gallade|[spread] p1a,p1b
|-damage|p1a: Floette|4/100 par
|-heal|p2a: Sinistcha|20/100y|[from] drain|[of] p1a: Floette
|-damage|p1b: Gallade|0 fnt
|-heal|p2a: Sinistcha|25/100|[from] drain|[of] p1b: Gallade
|faint|p1b: Gallade
|move|p1a: Floette|Moonblast|p2a: Sinistcha
|-damage|p2a: Sinistcha|0 fnt
|faint|p2a: Sinistcha
|
|win|LewBoiiiiiii
|inactive|LewBoiiiiiii has 30 seconds to confirm battle start!
|inactive|TheKingsSnorlax has 30 seconds to confirm battle start!
||LewBoiiiiiii is ready for game 3.
|l| rat2
||TheKingsSnorlax is ready for game 3.
|uhtml|next|Next: Game 3 of 3
|j| rat2
|l| rat2
|l|☆TheKingsSnorlax
|player|p2|
