|j|☆PigsPigsPigsPigs
|j|☆MidoMidori
|html|PigsPigsPigsPigsMidoMidori    
|uhtml|bestof|Game 2 of a best-of-3
|t:|1756646355
|gametype|doubles
|player|p1|PigsPigsPigsPigs|marley|1243
|player|p2|MidoMidori|roxanne-gen6|1253
|gen|9
|tier|[Gen 9] VGC 2025 Reg H (Bo3)
|rated|
|rule|Species Clause: Limit one of each Pokémon
|rule|Item Clause: Limit 1 of each item
|clearpoke
|poke|p1|Garchomp, L50, F|
|poke|p1|Maushold-Four, L50|
|poke|p1|Whimsicott, L50, F|
|poke|p1|Volcarona, L50, M|
|poke|p1|Rillaboom, L50, M|
|poke|p1|Gholdengo, L50|
|poke|p2|Sneasler, L50, M|
|poke|p2|Indeedee, L50, M|
|poke|p2|Volcarona, L50, F|
|poke|p2|Ursaluna-Bloodmoon, L50, M|
|poke|p2|Annihilape, L50, M|
|poke|p2|Tyranitar, L50, M|
|teampreview|4
|showteam|p1|Garchomp||ClearAmulet|RoughSkin|DragonClaw,SwordsDance,StompingTantrum,Protect|||F|||50|,,,,,Fire]Maushold-Four||WideLens|Technician|PopulationBomb,Taunt,FollowMe,Protect||||||50|,,,,,Normal]Whimsicott||CovertCloak|Prankster|Tailwind,Encore,Moonblast,Protect|||F|||50|,,,,,Dark]Volcarona||RockyHelmet|FlameBody|FieryDance,Protect,QuiverDance,GigaDrain|||M|||50|,,,,,Grass]Rillaboom||AssaultVest|GrassySurge|FakeOut,WoodHammer,Uturn,KnockOff|||M|||50|,,,,,Poison]Gholdengo||LifeOrb|GoodasGold|MakeItRain,ShadowBall,Protect,NastyPlot||||||50|,,,,,Dragon
|showteam|p2|Sneasler||PsychicSeed|Unburden|CloseCombat,DireClaw,ThroatChop,Protect|||M|||50|,,,,,Dark]Indeedee||FocusSash|PsychicSurge|ExpandingForce,TeraBlast,TrickRoom,Protect|||M|||50|,,,,,Fighting]Volcarona||SitrusBerry|FlameBody|Overheat,StruggleBug,RagePowder,Tailwind|||F|||50|,,,,,Grass]Ursaluna-Bloodmoon||LifeOrb|MindsEye|BloodMoon,HyperVoice,EarthPower,Protect|||M|||50|,,,,,Normal]Annihilape||SafetyGoggles|Defiant|CloseCombat,RageFist,Taunt,FinalGambit|||M|||50|,,,,,Fairy]Tyranitar||AssaultVest|SandStream|RockSlide,KnockOff,TeraBlast,LowKick|||M|||50|,,,,,Flying
|
|t:|1756646407
|teamsize|p1|4
|teamsize|p2|4
|start
|switch|p1a: Rillaboom|Rillaboom, L50, M|100/100
|switch|p1b: Gholdengo|Gholdengo, L50|100/100
|switch|p2a: Volcarona|Volcarona, L50, F|100/100
|switch|p2b: Ursaluna|Ursaluna-Bloodmoon, L50, M|100/100
|-fieldstart|move: Grassy Terrain|[from] ability: Grassy Surge|[of] p1a: Rillaboom
|turn|1
|
|t:|1756646431
|-terastallize|p1b: Gholdengo|Dragon
|-terastallize|p2b: Ursaluna|Normal
|move|p1a: Rillaboom|Fake Out|p2b: Ursaluna
|-damage|p2b: Ursaluna|88/100
|move|p2a: Volcarona|Struggle Bug|p1b: Gholdengo|[spread] p1a,p1b
|-supereffective|p1a: Rillaboom
|-damage|p1a: Rillaboom|76/100
|-damage|p1b: Gholdengo|86/100
|-unboost|p1a: Rillaboom|spa|1
|-unboost|p1b: Gholdengo|spa|1
|move|p1b: Gholdengo|Nasty Plot|p1b: Gholdengo
|-boost|p1b: Gholdengo|spa|2
|cant|p2b: Ursaluna|flinch
|
|-heal|p1a: Rillaboom|82/100|[from] Grassy Terrain
|-heal|p1b: Gholdengo|92/100|[from] Grassy Terrain
|-heal|p2b: Ursaluna|94/100|[from] Grassy Terrain
|upkeep
|turn|2
|
|t:|1756646473
|move|p2a: Volcarona|Tailwind|p2a: Volcarona
|-sidestart|p2: MidoMidori|move: Tailwind
|move|p2b: Ursaluna|Hyper Voice|p1b: Gholdengo|[spread] p1a,p1b
|-damage|p1a: Rillaboom|34/100
|-damage|p1b: Gholdengo|29/100
|-damage|p2b: Ursaluna|84/100|[from] item: Life Orb
|move|p1a: Rillaboom|U-turn|p2b: Ursaluna
|-damage|p2b: Ursaluna|64/100
|
|t:|1756646483
|switch|p1a: Maushold|Maushold-Four, L50|100/100|[from] U-turn
|move|p1b: Gholdengo|Make It Rain|p2b: Ursaluna|[spread] p2a,p2b
|-resisted|p2a: Volcarona
|-damage|p2a: Volcarona|55/100
|-damage|p2b: Ursaluna|0 fnt
|-unboost|p1b: Gholdengo|spa|1
|faint|p2b: Ursaluna
|-damage|p1b: Gholdengo|20/100|[from] item: Life Orb
|
|-heal|p2a: Volcarona|62/100|[from] Grassy Terrain
|-heal|p1b: Gholdengo|26/100|[from] Grassy Terrain
|upkeep
|
|t:|1756646488
|switch|p2b: Sneasler|Sneasler, L50, M|100/100
|turn|3
|
|t:|1756646509
|move|p1a: Maushold|Protect|p1a: Maushold
|-singleturn|p1a: Maushold|Protect
|move|p2b: Sneasler|Close Combat|p1a: Maushold
|-activate|p1a: Maushold|move: Protect
|move|p2a: Volcarona|Overheat|p1b: Gholdengo
|-resisted|p1b: Gholdengo
|-damage|p1b: Gholdengo|0 fnt
|-unboost|p2a: Volcarona|spa|2
|faint|p1b: Gholdengo
|
|-heal|p2a: Volcarona|68/100|[from] Grassy Terrain
|upkeep
|
|t:|1756646518
|switch|p1b: Garchomp|Garchomp, L50, F|100/100
|turn|4
|
|t:|1756646531
|switch|p1a: Rillaboom|Rillaboom, L50, M|34/100
|move|p2a: Volcarona|Rage Powder|p2a: Volcarona
|-singleturn|p2a: Volcarona|move: Rage Powder
|move|p2b: Sneasler|Close Combat|p1a: Rillaboom
|-damage|p1a: Rillaboom|0 fnt
|-unboost|p2b: Sneasler|def|1
|-unboost|p2b: Sneasler|spd|1
|faint|p1a: Rillaboom
|move|p1b: Garchomp|Stomping Tantrum|p2a: Volcarona
|-damage|p2a: Volcarona|19/100
|-status|p1b: Garchomp|brn|[from] ability: Flame Body|[of] p2a: Volcarona
|-enditem|p2a: Volcarona|Sitrus Berry|[eat]
|-heal|p2a: Volcarona|44/100|[from] item: Sitrus Berry
|
|-heal|p2a: Volcarona|50/100|[from] Grassy Terrain
|-damage|p1b: Garchomp|95/100 brn|[from] brn
|upkeep
|
|t:|1756646542
|switch|p1a: Maushold|Maushold-Four, L50|100/100
|turn|5
|
|t:|1756646551
|move|p1a: Maushold|Protect|p1a: Maushold
|-singleturn|p1a: Maushold|Protect
|move|p1b: Garchomp|Protect|p1b: Garchomp
|-singleturn|p1b: Garchomp|Protect
|move|p2a: Volcarona|Rage Powder|p2a: Volcarona
|-singleturn|p2a: Volcarona|move: Rage Powder
|move|p2b: Sneasler|Close Combat|p1a: Maushold
|-activate|p1a: Maushold|move: Protect
|
|-heal|p2a: Volcarona|57/100|[from] Grassy Terrain
|-heal|p1b: Garchomp|100/100 brn|[from] Grassy Terrain
|-damage|p1b: Garchomp|95/100 brn|[from] brn
|-sideend|p2: MidoMidori|move: Tailwind
|-fieldend|move: Grassy Terrain
|upkeep
|turn|6
|
|t:|1756646566
|switch|p2a: Indeedee|Indeedee, L50, M|100/100
|-fieldstart|move: Psychic Terrain|[from] ability: Psychic Surge|[of] p2a: Indeedee
|-enditem|p2b: Sneasler|Psychic Seed
|-boost|p2b: Sneasler|spd|1|[from] item: Psychic Seed
|move|p2b: Sneasler|Close Combat|p1a: Maushold
|-supereffective|p1a: Maushold
|-damage|p1a: Maushold|0 fnt
|-unboost|p2b: Sneasler|def|1
|-unboost|p2b: Sneasler|spd|1
|faint|p1a: Maushold
|move|p1b: Garchomp|Stomping Tantrum|p2b: Sneasler
|-supereffective|p2b: Sneasler
|-damage|p2b: Sneasler|0 fnt
|faint|p2b: Sneasler
|
|-damage|p1b: Garchomp|89/100 brn|[from] brn
|upkeep
|
|t:|1756646569
|switch|p2b: Volcarona|Volcarona, L50, F|57/100
|turn|7
|
|t:|1756646580
|move|p2b: Volcarona|Tailwind|p2b: Volcarona
|-sidestart|p2: MidoMidori|move: Tailwind
|move|p2a: Indeedee|Expanding Force|p1b: Garchomp
|-damage|p1b: Garchomp|20/100 brn
|move|p1b: Garchomp|Stomping Tantrum|p2a: Indeedee
|-damage|p2a: Indeedee|60/100
|
|-damage|p1b: Garchomp|14/100 brn|[from] brn
|upkeep
|turn|8
|
|t:|1756646589
|move|p2b: Volcarona|Struggle Bug|p1b: Garchomp
|-damage|p1b: Garchomp|0 fnt
|faint|p1b: Garchomp
|
|win|MidoMidori
|raw|PigsPigsPigsPigs's rating: 1243 → 1219(-24 for losing)
|raw|MidoMidori's rating: 1253 → 1277(+24 for winning)
|l|☆PigsPigsPigsPigs
|player|p1|
