|j|‽tkwime
|j|☆naytea
|html|tkwimenaytea    
|uhtml|bestof|Game 3 of a best-of-3
|t:|1757630739
|gametype|doubles
|player|p1|tkwime|artist-gen4|1088
|player|p2|naytea|iris-gen5bw2|1052
|gen|9
|tier|[Gen 9] VGC 2025 Reg H (Bo3)
|rated|
|rule|Species Clause: Limit one of each Pokémon
|rule|Item Clause: Limit 1 of each item
|clearpoke
|poke|p1|Archaludon, L50, M|
|poke|p1|Pelipper, L50, F|
|poke|p1|Sinistcha, L50|
|poke|p1|Ursaluna, L50, M|
|poke|p1|Dragonite, L50, M|
|poke|p1|Gholdengo, L50|
|poke|p2|Rillaboom, L50, F|
|poke|p2|Kingambit, L50, M|
|poke|p2|Sneasler, L50, F|
|poke|p2|Dragonite, L50, F|
|poke|p2|Magmar, L50, F|
|poke|p2|Dondozo, L50, F|
|teampreview|4
|showteam|p1|Archaludon||AssaultVest|Stamina|FlashCannon,ElectroShot,BodyPress,DracoMeteor|||M|||50|,,,,,Bug]Pelipper||FocusSash|Drizzle|Hurricane,Tailwind,MuddyWater,WideGuard|||F|||50|,,,,,Ghost]Sinistcha||SitrusBerry|Hospitality|MatchaGotcha,LifeDew,TrickRoom,RagePowder||||||50|,,,,,Dark]Ursaluna||FlameOrb|Guts|HammerArm,Earthquake,Facade,Protect|||M|||50|,,,,,Bug]Dragonite||LoadedDice|InnerFocus|Haze,ScaleShot,Tailwind,Protect|||M|||50|,,,,,Fairy]Gholdengo||ChoiceScarf|GoodasGold|MakeItRain,ShadowBall,Trick,TeraBlast||||||50|,,,,,Water
|showteam|p2|Rillaboom||AssaultVest|GrassySurge|WoodHammer,GrassyGlide,HighHorsepower,FakeOut|||F|||50|,,,,,Water]Kingambit||BlackGlasses|Defiant|KowtowCleave,SuckerPunch,SwordsDance,Protect|||M|||50|,,,,,Ghost]Sneasler||FocusSash|Unburden|DireClaw,CloseCombat,Coaching,Protect|||F|||50|,,,,,Stellar]Dragonite||LoadedDice|Multiscale|ScaleShot,ExtremeSpeed,Haze,Protect|||F|||50|,,,,,Fairy]Magmar||Eviolite|VitalSpirit|Overheat,WillOWisp,FollowMe,Protect|||F|||50|,,,,,Ghost]Dondozo||Leftovers|Unaware|Liquidation,Fissure,Yawn,Protect|||F|||50|,,,,,Bug
|inactive|Battle timer is ON: inactive players will automatically lose when time's up. (requested by naytea)
|inactive|tkwime has 60 seconds left.
|
|t:|1757630804
|teamsize|p1|4
|teamsize|p2|4
|start
|switch|p1a: Ursaluna|Ursaluna, L50, M|100/100
|switch|p1b: Gholdengo|Gholdengo, L50|100/100
|switch|p2a: Sneasler|Sneasler, L50, F|100/100
|switch|p2b: Kingambit|Kingambit, L50, M|100/100
|turn|1
|
|t:|1757630827
|move|p1a: Ursaluna|Protect|p1a: Ursaluna
|-singleturn|p1a: Ursaluna|Protect
|move|p1b: Gholdengo|Trick|p2b: Kingambit
|-activate|p1b: Gholdengo|move: Trick|[of] p2b: Kingambit
|-item|p2b: Kingambit|Choice Scarf|[from] move: Trick
|-item|p1b: Gholdengo|Black Glasses|[from] move: Trick
|move|p2a: Sneasler|Close Combat|p1a: Ursaluna
|-activate|p1a: Ursaluna|move: Protect
|move|p2b: Kingambit|Kowtow Cleave|p1b: Gholdengo
|-supereffective|p1b: Gholdengo
|-damage|p1b: Gholdengo|0 fnt
|faint|p1b: Gholdengo
|
|-status|p1a: Ursaluna|brn|[from] item: Flame Orb
|upkeep
|
|t:|1757630846
|switch|p1b: Pelipper|Pelipper, L50, F|100/100
|-weather|RainDance|[from] ability: Drizzle|[of] p1b: Pelipper
|turn|2
|
|t:|1757630869
|switch|p2b: Dondozo|Dondozo, L50, F|100/100
|-terastallize|p1a: Ursaluna|Bug
|move|p2a: Sneasler|Close Combat|p1a: Ursaluna
|-resisted|p1a: Ursaluna
|-damage|p1a: Ursaluna|74/100 brn
|-unboost|p2a: Sneasler|def|1
|-unboost|p2a: Sneasler|spd|1
|move|p1b: Pelipper|Tailwind|p1b: Pelipper
|-sidestart|p1: tkwime|move: Tailwind
|move|p1a: Ursaluna|Earthquake|p2b: Dondozo|[spread] p2a,p2b
|-immune|p1b: Pelipper
|-supereffective|p2a: Sneasler
|-enditem|p2a: Sneasler|Focus Sash
|-damage|p2a: Sneasler|1/100
|-damage|p2b: Dondozo|63/100
|
|-weather|RainDance|[upkeep]
|-heal|p2b: Dondozo|69/100|[from] item: Leftovers
|-damage|p1a: Ursaluna|68/100 brn|[from] brn
|upkeep
|turn|3
|inactive|tkwime has 30 seconds left.
|inactive|tkwime has 20 seconds left.
|inactive|tkwime has 15 seconds left.
|inactive|tkwime has 10 seconds left.
|
|t:|1757630915
|move|p2a: Sneasler|Coaching|p2b: Dondozo
|-boost|p2b: Dondozo|atk|1
|-boost|p2b: Dondozo|def|1
|move|p1b: Pelipper|Muddy Water|p2b: Dondozo|[spread] p2a,p2b
|-resisted|p2b: Dondozo
|-damage|p2a: Sneasler|0 fnt
|-damage|p2b: Dondozo|54/100
|faint|p2a: Sneasler
|move|p1a: Ursaluna|Facade|p2b: Dondozo
|-damage|p2b: Dondozo|0 fnt
|faint|p2b: Dondozo
|
|-weather|RainDance|[upkeep]
|-damage|p1a: Ursaluna|62/100 brn|[from] brn
|upkeep
|
|t:|1757630925
|switch|p2a: Magmar|Magmar, L50, F|100/100
|switch|p2b: Kingambit|Kingambit, L50, M|100/100
|turn|4
|inactive|tkwime has 30 seconds left.
|
|t:|1757630957
|-terastallize|p2a: Magmar|Ghost
|move|p2a: Magmar|Follow Me|p2a: Magmar
|-singleturn|p2a: Magmar|move: Follow Me
|move|p1b: Pelipper|Muddy Water|p2b: Kingambit|[spread] p2a,p2b
|-damage|p2a: Magmar|69/100
|-damage|p2b: Kingambit|60/100
|-unboost|p2b: Kingambit|accuracy|1
|-ability|p2b: Kingambit|Defiant|boost
|-boost|p2b: Kingambit|atk|2
|move|p2b: Kingambit|Kowtow Cleave|p1a: Ursaluna
|-damage|p1a: Ursaluna|0 fnt
|faint|p1a: Ursaluna
|
|-weather|RainDance|[upkeep]
|upkeep
|
|t:|1757630969
|switch|p1a: Sinistcha|Sinistcha, L50|100/100
|turn|5
|
|t:|1757630985
|move|p2a: Magmar|Follow Me|p2a: Magmar
|-singleturn|p2a: Magmar|move: Follow Me
|move|p1b: Pelipper|Muddy Water|p2a: Magmar|[spread] p2a,p2b
|-damage|p2a: Magmar|37/100
|-damage|p2b: Kingambit|20/100
|move|p1a: Sinistcha|Matcha Gotcha|p2b: Kingambit|[spread] p2a,p2b
|-resisted|p2b: Kingambit
|-damage|p2a: Magmar|20/100
|-damage|p2b: Kingambit|8/100
|move|p2b: Kingambit|Kowtow Cleave|p1b: Pelipper
|-enditem|p1b: Pelipper|Focus Sash
|-damage|p1b: Pelipper|1/100
|
|-weather|RainDance|[upkeep]
|-sideend|p1: tkwime|move: Tailwind
|upkeep
|turn|6
|
|t:|1757631005
|move|p2a: Magmar|Follow Me|p2a: Magmar
|-singleturn|p2a: Magmar|move: Follow Me
|move|p1a: Sinistcha|Rage Powder|p1a: Sinistcha
|-singleturn|p1a: Sinistcha|move: Rage Powder
|move|p1b: Pelipper|Muddy Water|p2a: Magmar|[spread] p2a,p2b
|-damage|p2a: Magmar|0 fnt
|-damage|p2b: Kingambit|0 fnt
|faint|p2a: Magmar
|faint|p2b: Kingambit
|
|win|tkwime
|raw|tkwime's rating: 1088 → 1112(+24 for winning)
|raw|naytea's rating: 1052 → 1036(-16 for losing)
|c|☆naytea|gg
|l|☆naytea
|player|p2|
|l|‽tkwime
|player|p1|
|j|‽tkwime
|player|p1|tkwime|artist-gen4|
