|j|☆francoilforteprep
|j|☆Yubay Chocolate
|html|francoilforteprepYubay Chocolate    
|uhtml|bestof|Game 2 of a best-of-3
|t:|1756281003
|gametype|doubles
|player|p1|francoilforteprep|101|1110
|player|p2|Yubay Chocolate|kieran-champion|1095
|gen|9
|tier|[Gen 9] VGC 2025 Reg H (Bo3)
|rated|
|rule|Species Clause: Limit one of each Pokémon
|rule|Item Clause: Limit 1 of each item
|clearpoke
|poke|p1|Toxapex, L50, M|
|poke|p1|Chesnaught, L50, F|
|poke|p1|Grimmsnarl, L50, M|
|poke|p1|Incineroar, L50, F|
|poke|p1|Dondozo, L50, F|
|poke|p1|Tatsugiri-Droopy, L50, F|
|poke|p2|Dragonite, L50, M|
|poke|p2|Volcarona, L50, F|
|poke|p2|Sneasler, L50, M|
|poke|p2|Rillaboom, L50, M|
|poke|p2|Electabuzz, L50, M|
|poke|p2|Kingambit, L50, M|
|teampreview|4
|showteam|p1|Toxapex||BlackSludge|Regenerator|Toxic,BanefulBunker,Infestation,Recover|||M|||50|,,,,,Ghost]Chesnaught||Leftovers|Bulletproof|SpikyShield,LeechSeed,KnockOff,DrainPunch|||F|||50|,,,,,Water]Grimmsnarl||LightClay|Prankster|PartingShot,LightScreen,Reflect,SpiritBreak|||M|||50|,,,,,Ghost]Incineroar||SafetyGoggles|Intimidate|FlareBlitz,KnockOff,FakeOut,PartingShot|||F|||50|,,,,,Ghost]Dondozo||SitrusBerry|Unaware|OrderUp,Fissure,Rest,SleepTalk|||F|||50|,,,,,Poison]Tatsugiri-Droopy||FocusSash|Commander|DracoMeteor,MuddyWater,Taunt,Protect|||F|||50|,,,,,Stellar
|showteam|p2|Dragonite||LoadedDice|Multiscale|ScaleShot,ExtremeSpeed,Haze,Protect|||M|||50|,,,,,Fairy]Volcarona||CovertCloak|FlameBody|HeatWave,TeraBlast,QuiverDance,Protect|||F|||50|,,,,,Fairy]Sneasler||FocusSash|Unburden|CloseCombat,DireClaw,Coaching,Protect|||M|||50|,,,,,Stellar]Rillaboom||AssaultVest|GrassySurge|WoodHammer,GrassyGlide,HighHorsepower,FakeOut|||M|||50|,,,,,Water]Electabuzz||Eviolite|VitalSpirit|Electroweb,FollowMe,Taunt,Protect|||M|||50|,,,,,Ghost]Kingambit||BlackGlasses|Defiant|KowtowCleave,SuckerPunch,SwordsDance,Protect|||M|||50|,,,,,Dark
|inactive|Battle timer is ON: inactive players will automatically lose when time's up. (requested by Yubay Chocolate)
|
|t:|1756281027
|teamsize|p1|4
|teamsize|p2|4
|start
|switch|p1a: Toxapex|Toxapex, L50, M|100/100
|switch|p1b: Chesnaught|Chesnaught, L50, F|100/100
|switch|p2a: Dragonite|Dragonite, L50, M|100/100
|switch|p2b: Sneasler|Sneasler, L50, M|100/100
|turn|1
|
|t:|1756281040
|move|p2b: Sneasler|Coaching|p2a: Dragonite
|-boost|p2a: Dragonite|atk|1
|-boost|p2a: Dragonite|def|1
|move|p2a: Dragonite|Scale Shot|p1a: Toxapex
|-damage|p1a: Toxapex|81/100
|-damage|p1a: Toxapex|64/100
|-damage|p1a: Toxapex|44/100
|-damage|p1a: Toxapex|27/100
|-hitcount|p1a: Toxapex|4
|-unboost|p2a: Dragonite|def|1
|-boost|p2a: Dragonite|spe|1
|move|p1b: Chesnaught|Knock Off|p2a: Dragonite
|-damage|p2a: Dragonite|87/100
|-enditem|p2a: Dragonite|Loaded Dice|[from] move: Knock Off|[of] p1b: Chesnaught
|move|p1a: Toxapex|Toxic|p2a: Dragonite
|-status|p2a: Dragonite|tox
|
|-heal|p1a: Toxapex|32/100|[from] item: Black Sludge
|-damage|p2a: Dragonite|81/100 tox|[from] psn
|upkeep
|turn|2
|inactive|francoilforteprep has 30 seconds left.
|inactive|Yubay Chocolate has 30 seconds left.
|inactive|francoilforteprep has 20 seconds left.
|inactive|francoilforteprep has 15 seconds left.
|inactive|francoilforteprep has 10 seconds left.
|
|t:|1756281085
|move|p1a: Toxapex|Baneful Bunker|p1a: Toxapex
|-singleturn|p1a: Toxapex|move: Protect
|move|p2a: Dragonite|Scale Shot|p1a: Toxapex
|-activate|p1a: Toxapex|move: Protect
|move|p2b: Sneasler|Dire Claw|p1b: Chesnaught
|-supereffective|p1b: Chesnaught
|-damage|p1b: Chesnaught|35/100
|-status|p1b: Chesnaught|slp
|cant|p1b: Chesnaught|slp
|
|-heal|p1b: Chesnaught|41/100 slp|[from] item: Leftovers
|-heal|p1a: Toxapex|38/100|[from] item: Black Sludge
|-damage|p2a: Dragonite|69/100 tox|[from] psn
|upkeep
|turn|3
|
|t:|1756281107
|switch|p1b: Tatsugiri|Tatsugiri-Droopy, L50, F|100/100
|switch|p1a: Dondozo|Dondozo, L50, F|100/100
|-activate|p1b: Tatsugiri|ability: Commander|[of] p1a: Dondozo
|-boost|p1a: Dondozo|atk|2
|-boost|p1a: Dondozo|spa|2
|-boost|p1a: Dondozo|spe|2
|-boost|p1a: Dondozo|def|2
|-boost|p1a: Dondozo|spd|2
|move|p2a: Dragonite|Scale Shot|p1a: Dondozo
|-damage|p1a: Dondozo|95/100
|-damage|p1a: Dondozo|90/100
|-damage|p1a: Dondozo|86/100
|-damage|p1a: Dondozo|81/100
|-hitcount|p1a: Dondozo|4
|-unboost|p2a: Dragonite|def|1
|-boost|p2a: Dragonite|spe|1
|move|p2b: Sneasler|Dire Claw|p1b: Tatsugiri|[miss]
|-miss|p2b: Sneasler|p1b: Tatsugiri
|
|-damage|p2a: Dragonite|51/100 tox|[from] psn
|upkeep
|turn|4
|inactive|francoilforteprep has 30 seconds left.
|inactive|francoilforteprep has 20 seconds left.
|
|t:|1756281145
|move|p2a: Dragonite|Haze|p2a: Dragonite
|-clearallboost
|move|p2b: Sneasler|Dire Claw|p1a: Dondozo
|-damage|p1a: Dondozo|57/100
|move|p1a: Dondozo|Order Up|p2b: Sneasler
|-damage|p2b: Sneasler|69/100
|-boost|p1a: Dondozo|def|1
|
|-damage|p2a: Dragonite|27/100 tox|[from] psn
|upkeep
|turn|5
|
|t:|1756281165
|move|p2b: Sneasler|Dire Claw|p1a: Dondozo
|-damage|p1a: Dondozo|41/100
|-status|p1a: Dondozo|par
|-enditem|p1a: Dondozo|Sitrus Berry|[eat]
|-heal|p1a: Dondozo|65/100 par|[from] item: Sitrus Berry
|move|p2a: Dragonite|Haze|p2a: Dragonite
|-clearallboost
|move|p1a: Dondozo|Rest|p1a: Dondozo
|-status|p1a: Dondozo|slp|[from] move: Rest
|-heal|p1a: Dondozo|100/100 slp|[silent]
|
|-damage|p2a: Dragonite|0 fnt|[from] psn
|faint|p2a: Dragonite
|upkeep
|
|t:|1756281176
|switch|p2a: Rillaboom|Rillaboom, L50, M|100/100
|-fieldstart|move: Grassy Terrain|[from] ability: Grassy Surge|[of] p2a: Rillaboom
|turn|6
|
|t:|1756281184
|-terastallize|p1a: Dondozo|Poison
|move|p2a: Rillaboom|Fake Out|p1a: Dondozo
|-damage|p1a: Dondozo|92/100 slp
|move|p2b: Sneasler|Coaching|p2a: Rillaboom
|-boost|p2a: Rillaboom|atk|1
|-boost|p2a: Rillaboom|def|1
|cant|p1a: Dondozo|slp
|cant|p1a: Dondozo|flinch
|
|-heal|p2b: Sneasler|75/100|[from] Grassy Terrain
|-heal|p1a: Dondozo|98/100 slp|[from] Grassy Terrain
|upkeep
|turn|7
|
|t:|1756281198
|move|p2b: Sneasler|Coaching|p2a: Rillaboom
|-boost|p2a: Rillaboom|atk|1
|-boost|p2a: Rillaboom|def|1
|move|p2a: Rillaboom|High Horsepower|p1a: Dondozo
|-supereffective|p1a: Dondozo
|-damage|p1a: Dondozo|59/100 slp
|cant|p1a: Dondozo|slp
|move|p1a: Dondozo|Sleep Talk|p1a: Dondozo
|move|p1a: Dondozo|Fissure|p2b: Sneasler|[from] move: Sleep Talk|[miss]
|-miss|p1a: Dondozo|p2b: Sneasler
|
|-heal|p2b: Sneasler|81/100|[from] Grassy Terrain
|-heal|p1a: Dondozo|65/100 slp|[from] Grassy Terrain
|upkeep
|turn|8
|
|t:|1756281213
|move|p2b: Sneasler|Coaching|p2a: Rillaboom
|-boost|p2a: Rillaboom|atk|1
|-boost|p2a: Rillaboom|def|1
|move|p2a: Rillaboom|High Horsepower|p1a: Dondozo
|-supereffective|p1a: Dondozo
|-damage|p1a: Dondozo|26/100 slp
|-curestatus|p1a: Dondozo|slp|[msg]
|move|p1a: Dondozo|Sleep Talk||[still]
|-fail|p1a: Dondozo
|
|-heal|p2b: Sneasler|86/100|[from] Grassy Terrain
|-heal|p1a: Dondozo|32/100|[from] Grassy Terrain
|upkeep
|turn|9
|
|t:|1756281230
|move|p2b: Sneasler|Coaching|p2a: Rillaboom
|-boost|p2a: Rillaboom|atk|1
|-boost|p2a: Rillaboom|def|1
|move|p2a: Rillaboom|High Horsepower|p1a: Dondozo
|-supereffective|p1a: Dondozo
|-damage|p1a: Dondozo|0 fnt
|faint|p1a: Dondozo
|
|-heal|p2b: Sneasler|92/100|[from] Grassy Terrain
|upkeep
|
|t:|1756281238
|switch|p1a: Chesnaught|Chesnaught, L50, F|41/100 slp
|turn|10
|
|t:|1756281257
|move|p2a: Rillaboom|Grassy Glide|p1b: Tatsugiri
|-enditem|p1b: Tatsugiri|Focus Sash
|-damage|p1b: Tatsugiri|1/100
|move|p2b: Sneasler|Dire Claw|p1a: Chesnaught
|-supereffective|p1a: Chesnaught
|-damage|p1a: Chesnaught|0 fnt
|faint|p1a: Chesnaught
|move|p1b: Tatsugiri|Draco Meteor|p2a: Rillaboom|[miss]
|-miss|p1b: Tatsugiri|p2a: Rillaboom
|
|-heal|p2b: Sneasler|98/100|[from] Grassy Terrain
|-heal|p1b: Tatsugiri|7/100|[from] Grassy Terrain
|-fieldend|move: Grassy Terrain
|upkeep
|-message|francoilforteprep forfeited.
|
|win|Yubay Chocolate
|raw|francoilforteprep's rating: 1110 → 1084(-26 for losing)
|raw|Yubay Chocolate's rating: 1095 → 1122(+27 for winning)
