|j|☆bagarresinge
|j|☆Kyuriam
|html|bagarresingeKyuriam    
|uhtml|bestof|Game 2 of a best-of-3
|t:|1756497794
|gametype|doubles
|player|p1|bagarresinge|harlequin|1174
|player|p2|Kyuriam|n|1165
|gen|9
|tier|[Gen 9] VGC 2025 Reg H (Bo3)
|rated|
|rule|Species Clause: Limit one of each Pokémon
|rule|Item Clause: Limit 1 of each item
|clearpoke
|poke|p1|Incineroar, L50, F|
|poke|p1|Gholdengo, L50|
|poke|p1|Amoonguss, L50, F|
|poke|p1|Hydreigon, L50, F|
|poke|p1|Porygon2, L50|
|poke|p1|Ursaluna, L50, F|
|poke|p2|Rillaboom, L50, F|
|poke|p2|Incineroar, L50, M|
|poke|p2|Primarina, L50, M|
|poke|p2|Corviknight, L50, M|
|poke|p2|Gholdengo, L50|
|poke|p2|Perrserker, L50, M|
|teampreview|4
|showteam|p1|Incineroar||SitrusBerry|Intimidate|KnockOff,FakeOut,FlareBlitz,PartingShot|||F|||50|,,,,,Ghost]Gholdengo||MetalCoat|GoodasGold|Protect,NastyPlot,MakeItRain,ShadowBall||||||50|,,,,,Water]Amoonguss||RockyHelmet|Regenerator|Spore,RagePowder,PollenPuff,Protect|||F|||50|,,,,,Fairy]Hydreigon||SafetyGoggles|Levitate|DracoMeteor,Snarl,Tailwind,Protect|||F|||50|,,,,,Ghost]Porygon2||Eviolite|Download|Recover,IceBeam,TeraBlast,TrickRoom||||||50|,,,,,Fighting]Ursaluna||FlameOrb|Guts|Earthquake,Facade,HeadlongRush,Protect|||F|||50|,,,,,Ghost
|showteam|p2|Rillaboom||AssaultVest|GrassySurge|GrassPledge,GrassyGlide,StompingTantrum,FakeOut|||F|||50|,,,,,Ground]Incineroar||SafetyGoggles|Intimidate|FirePledge,ScorchingSands,TemperFlare,PartingShot|||M|||50|,,,,,Ghost]Primarina||ThroatSpray|LiquidVoice|WaterPledge,HyperVoice,Moonblast,Protect|||M|||50|,,,,,Poison]Corviknight||Leftovers|MirrorArmor|IronHead,BodyPress,BulkUp,Protect|||M|||50|,,,,,Dragon]Gholdengo||ChoiceScarf|GoodasGold|MakeItRain,ShadowBall,Thunderbolt,PowerGem||||||50|,,,,,Steel]Perrserker||FocusSash|SteelySpirit|IronHead,CloseCombat,FakeOut,Protect|||M|||50|,,,,,Ghost
|inactive|Battle timer is ON: inactive players will automatically lose when time's up. (requested by Kyuriam)
|inactive|bagarresinge has 60 seconds left.
|
|t:|1756497850
|teamsize|p1|4
|teamsize|p2|4
|start
|switch|p1a: Incineroar|Incineroar, L50, F, shiny|100/100
|switch|p1b: Hydreigon|Hydreigon, L50, F|100/100
|switch|p2a: Rillaboom|Rillaboom, L50, F|100/100
|switch|p2b: Primarina|Primarina, L50, M|100/100
|-fieldstart|move: Grassy Terrain|[from] ability: Grassy Surge|[of] p2a: Rillaboom
|-ability|p1a: Incineroar|Intimidate|boost
|-unboost|p2a: Rillaboom|atk|1
|-unboost|p2b: Primarina|atk|1
|turn|1
|inactive|Kyuriam has 30 seconds left.
|
|t:|1756497876
|move|p2a: Rillaboom|Fake Out|p1a: Incineroar
|-damage|p1a: Incineroar|94/100
|cant|p1a: Incineroar|flinch
|move|p1b: Hydreigon|Snarl|p2a: Rillaboom|[spread] p2a,p2b
|-resisted|p2b: Primarina
|-damage|p2a: Rillaboom|89/100
|-damage|p2b: Primarina|93/100
|-unboost|p2a: Rillaboom|spa|1
|-unboost|p2b: Primarina|spa|1
|move|p2b: Primarina|Hyper Voice|p1b: Hydreigon|[spread] p1a,p1b
|-supereffective|p1a: Incineroar
|-resisted|p1b: Hydreigon
|-damage|p1a: Incineroar|60/100
|-damage|p1b: Hydreigon|90/100
|-enditem|p2b: Primarina|Throat Spray
|-boost|p2b: Primarina|spa|1|[from] item: Throat Spray
|
|-heal|p2a: Rillaboom|95/100|[from] Grassy Terrain
|-heal|p1a: Incineroar|66/100|[from] Grassy Terrain
|-heal|p2b: Primarina|99/100|[from] Grassy Terrain
|upkeep
|turn|2
|inactive|bagarresinge has 30 seconds left.
|
|t:|1756497904
|move|p1b: Hydreigon|Protect|p1b: Hydreigon
|-singleturn|p1b: Hydreigon|Protect
|move|p2a: Rillaboom|Grass Pledge|p1a: Incineroar
|-waiting|p2a: Rillaboom|p2b: Primarina
|move|p2b: Primarina|Water Pledge|p1a: Incineroar|[from] move: Grass Pledge
|-combine
|-resisted|p1a: Incineroar
|-damage|p1a: Incineroar|27/100
|-sidestart|p1: bagarresinge|Grass Pledge
|-enditem|p1a: Incineroar|Sitrus Berry|[eat]
|-heal|p1a: Incineroar|52/100|[from] item: Sitrus Berry
|move|p1a: Incineroar|Parting Shot|p2a: Rillaboom
|-unboost|p2a: Rillaboom|atk|1
|-unboost|p2a: Rillaboom|spa|1
|
|t:|1756497918
|switch|p1a: Porygon2|Porygon2, L50|100/100|[from] Parting Shot
|-ability|p1a: Porygon2|Download|boost
|-boost|p1a: Porygon2|atk|1
|
|-heal|p2a: Rillaboom|100/100|[from] Grassy Terrain
|-heal|p2b: Primarina|100/100|[from] Grassy Terrain
|upkeep
|turn|3
|
|t:|1756497931
|switch|p1b: Incineroar|Incineroar, L50, F, shiny|52/100
|-ability|p1b: Incineroar|Intimidate|boost
|-unboost|p2a: Rillaboom|atk|1
|-unboost|p2b: Primarina|atk|1
|move|p2a: Rillaboom|Stomping Tantrum|p1a: Porygon2
|-damage|p1a: Porygon2|88/100
|move|p2b: Primarina|Moonblast|p1b: Incineroar
|-damage|p1b: Incineroar|17/100
|-unboost|p1b: Incineroar|spa|1
|move|p1a: Porygon2|Trick Room|p1a: Porygon2
|-fieldstart|move: Trick Room|[of] p1a: Porygon2
|
|-heal|p1a: Porygon2|94/100|[from] Grassy Terrain
|-heal|p1b: Incineroar|23/100|[from] Grassy Terrain
|upkeep
|turn|4
|inactive|bagarresinge has 30 seconds left.
|inactive|bagarresinge has 20 seconds left.
|inactive|bagarresinge has 15 seconds left.
|
|t:|1756497976
|switch|p2a: Perrserker|Perrserker, L50, M|100/100
|move|p1a: Porygon2|Tera Blast|p2b: Primarina
|-damage|p2b: Primarina|70/100
|move|p1b: Incineroar|Flare Blitz|p2a: Perrserker
|-supereffective|p2a: Perrserker
|-enditem|p2a: Perrserker|Focus Sash
|-damage|p2a: Perrserker|1/100
|-damage|p1b: Incineroar|0 fnt|[from] Recoil
|faint|p1b: Incineroar
|move|p2b: Primarina|Hyper Voice|p1a: Porygon2
|-damage|p1a: Porygon2|68/100
|
|-heal|p1a: Porygon2|74/100|[from] Grassy Terrain
|-heal|p2b: Primarina|76/100|[from] Grassy Terrain
|-heal|p2a: Perrserker|7/100|[from] Grassy Terrain
|upkeep
|
|t:|1756497994
|switch|p1b: Ursaluna|Ursaluna, L50, F|100/100
|turn|5
|
|t:|1756498006
|move|p1b: Ursaluna|Protect|p1b: Ursaluna
|-singleturn|p1b: Ursaluna|Protect
|move|p2a: Perrserker|Fake Out|p1b: Ursaluna
|-activate|p1b: Ursaluna|move: Protect
|move|p1a: Porygon2|Tera Blast|p2b: Primarina
|-damage|p2b: Primarina|45/100
|move|p2b: Primarina|Moonblast|p1a: Porygon2
|-damage|p1a: Porygon2|47/100
|
|-heal|p1a: Porygon2|53/100|[from] Grassy Terrain
|-heal|p2b: Primarina|51/100|[from] Grassy Terrain
|-heal|p2a: Perrserker|14/100|[from] Grassy Terrain
|-sideend|p1: bagarresinge|Grass Pledge
|-fieldend|move: Grassy Terrain
|-status|p1b: Ursaluna|brn|[from] item: Flame Orb
|upkeep
|turn|6
|inactive|bagarresinge has 30 seconds left.
|inactive|bagarresinge has 20 seconds left.
|inactive|bagarresinge has 15 seconds left.
|
|t:|1756498048
|switch|p1a: Hydreigon|Hydreigon, L50, F|90/100
|-terastallize|p1b: Ursaluna|Ghost
|move|p2b: Primarina|Protect|p2b: Primarina
|-singleturn|p2b: Primarina|Protect
|move|p2a: Perrserker|Protect|p2a: Perrserker
|-singleturn|p2a: Perrserker|Protect
|move|p1b: Ursaluna|Earthquake|p2b: Primarina|[spread] 
|-activate|p2a: Perrserker|move: Protect
|-activate|p2b: Primarina|move: Protect
|-immune|p1a: Hydreigon|[from] ability: Levitate
|
|-damage|p1b: Ursaluna|94/100 brn|[from] brn
|upkeep
|turn|7
|
|t:|1756498066
|switch|p2a: Rillaboom|Rillaboom, L50, F|100/100
|-fieldstart|move: Grassy Terrain|[from] ability: Grassy Surge|[of] p2a: Rillaboom
|move|p1a: Hydreigon|Protect|p1a: Hydreigon
|-singleturn|p1a: Hydreigon|Protect
|move|p2b: Primarina|Moonblast|p1a: Hydreigon
|-activate|p1a: Hydreigon|move: Protect
|move|p1b: Ursaluna|Earthquake|p2a: Rillaboom|[spread] p2a,p2b
|-activate|p1a: Hydreigon|move: Protect
|-resisted|p2a: Rillaboom
|-damage|p2a: Rillaboom|85/100
|-damage|p2b: Primarina|17/100
|
|-heal|p2b: Primarina|23/100|[from] Grassy Terrain
|-heal|p1b: Ursaluna|100/100 brn|[from] Grassy Terrain
|-heal|p2a: Rillaboom|91/100|[from] Grassy Terrain
|-damage|p1b: Ursaluna|94/100 brn|[from] brn
|-fieldend|move: Trick Room
|upkeep
|turn|8
|inactive|bagarresinge has 30 seconds left.
|inactive|Kyuriam has 30 seconds left.
|
|t:|1756498097
|move|p2b: Primarina|Protect|p2b: Primarina
|-singleturn|p2b: Primarina|Protect
|move|p2a: Rillaboom|Grassy Glide|p1b: Ursaluna
|-damage|p1b: Ursaluna|69/100 brn
|move|p1a: Hydreigon|Tailwind|p1a: Hydreigon
|-sidestart|p1: bagarresinge|move: Tailwind
|move|p1b: Ursaluna|Earthquake|p2a: Rillaboom|[spread] p2a
|-activate|p2b: Primarina|move: Protect
|-immune|p1a: Hydreigon|[from] ability: Levitate
|-resisted|p2a: Rillaboom
|-damage|p2a: Rillaboom|75/100
|
|-heal|p1b: Ursaluna|75/100 brn|[from] Grassy Terrain
|-heal|p2a: Rillaboom|82/100|[from] Grassy Terrain
|-heal|p2b: Primarina|29/100|[from] Grassy Terrain
|-damage|p1b: Ursaluna|69/100 brn|[from] brn
|upkeep
|turn|9
|
|t:|1756498118
|move|p1a: Hydreigon|Snarl|p2b: Primarina|[spread] p2a,p2b
|-resisted|p2b: Primarina
|-damage|p2a: Rillaboom|69/100
|-damage|p2b: Primarina|21/100
|-unboost|p2a: Rillaboom|spa|1
|-unboost|p2b: Primarina|spa|1
|move|p1b: Ursaluna|Facade|p2a: Rillaboom
|-damage|p2a: Rillaboom|0 fnt
|faint|p2a: Rillaboom
|move|p2b: Primarina|Water Pledge|p1b: Ursaluna
|-damage|p1b: Ursaluna|45/100 brn
|
|-heal|p1b: Ursaluna|51/100 brn|[from] Grassy Terrain
|-heal|p2b: Primarina|27/100|[from] Grassy Terrain
|-damage|p1b: Ursaluna|45/100 brn|[from] brn
|upkeep
|
|t:|1756498129
|switch|p2a: Perrserker|Perrserker, L50, M|14/100
|turn|10
|
|t:|1756498142
|move|p2a: Perrserker|Protect|p2a: Perrserker
|-singleturn|p2a: Perrserker|Protect
|move|p2b: Primarina|Protect|p2b: Primarina
|-singleturn|p2b: Primarina|Protect
|move|p1a: Hydreigon|Snarl|p2b: Primarina|[spread] 
|-activate|p2a: Perrserker|move: Protect
|-activate|p2b: Primarina|move: Protect
|move|p1b: Ursaluna|Facade|p2a: Perrserker
|-activate|p2a: Perrserker|move: Protect
|
|-heal|p1b: Ursaluna|51/100 brn|[from] Grassy Terrain
|-heal|p2a: Perrserker|20/100|[from] Grassy Terrain
|-heal|p2b: Primarina|33/100|[from] Grassy Terrain
|-damage|p1b: Ursaluna|45/100 brn|[from] brn
|upkeep
|turn|11
|
|t:|1756498156
|move|p1a: Hydreigon|Draco Meteor|p2a: Perrserker
|-resisted|p2a: Perrserker
|-damage|p2a: Perrserker|0 fnt
|-unboost|p1a: Hydreigon|spa|2
|faint|p2a: Perrserker
|move|p1b: Ursaluna|Facade|p2b: Primarina
|-damage|p2b: Primarina|0 fnt
|faint|p2b: Primarina
|
|-heal|p1b: Ursaluna|51/100 brn|[from] Grassy Terrain
|-damage|p1b: Ursaluna|45/100 brn|[from] brn
|-sideend|p1: bagarresinge|move: Tailwind
|-fieldend|move: Grassy Terrain
|upkeep
|
|t:|1756498163
|switch|p2b: Gholdengo|Gholdengo, L50|100/100
|turn|12
|
|t:|1756498184
|-terastallize|p2b: Gholdengo|Steel
|move|p1b: Ursaluna|Protect|p1b: Ursaluna
|-singleturn|p1b: Ursaluna|Protect
|move|p2b: Gholdengo|Make It Rain|p1b: Ursaluna|[spread] p1a
|-activate|p1b: Ursaluna|move: Protect
|-damage|p1a: Hydreigon|25/100
|-unboost|p2b: Gholdengo|spa|1
|move|p1a: Hydreigon|Snarl|p2b: Gholdengo
|-damage|p2b: Gholdengo|86/100
|-unboost|p2b: Gholdengo|spa|1
|
|-damage|p1b: Ursaluna|39/100 brn|[from] brn
|upkeep
|turn|13
|inactive|bagarresinge has 30 seconds left.
|
|t:|1756498213
|move|p2b: Gholdengo|Make It Rain|p1b: Ursaluna|[spread] p1a,p1b
|-damage|p1a: Hydreigon|0 fnt
|-damage|p1b: Ursaluna|4/100 brn
|-unboost|p2b: Gholdengo|spa|1
|faint|p1a: Hydreigon
|move|p1b: Ursaluna|Headlong Rush|p2b: Gholdengo
|-supereffective|p2b: Gholdengo
|-damage|p2b: Gholdengo|0 fnt
|-unboost|p1b: Ursaluna|def|1
|-unboost|p1b: Ursaluna|spd|1
|faint|p2b: Gholdengo
|
|win|bagarresinge
|raw|bagarresinge's rating: 1174 → 1198(+24 for winning)
|raw|Kyuriam's rating: 1165 → 1141(-24 for losing)
