|j|‽Pecurto23
|j|☆nikolasnaiz
|html|Pecurto23nikolasnaiz    
|uhtml|bestof|Game 2 of a best-of-3
|t:|1755949198
|gametype|doubles
|player|p1|Pecurto23|1|1290
|player|p2|nikolasnaiz|larry|1333
|gen|9
|tier|[Gen 9] VGC 2025 Reg H (Bo3)
|rated|
|rule|Species Clause: Limit one of each Pokémon
|rule|Item Clause: Limit 1 of each item
|clearpoke
|poke|p1|Ursaluna, L50, M|
|poke|p1|Jumpluff, L50, M|
|poke|p1|Charizard, L50, F|
|poke|p1|Torkoal, L50, M|
|poke|p1|Incineroar, L50, M|
|poke|p1|Porygon2, L50|
|poke|p2|Dragonite, L50, F|
|poke|p2|Ursaluna-Bloodmoon, L50, M|
|poke|p2|Annihilape, L50, F|
|poke|p2|Volcarona, L50, F|
|poke|p2|Rillaboom, L50, F|
|poke|p2|Incineroar, L50, M|
|teampreview|4
|showteam|p1|Ursaluna||FlameOrb|Guts|HeadlongRush,Facade,Earthquake,Protect|||M|||50|,,,,,Ghost]Jumpluff||CovertCloak|Chlorophyll|SleepPowder,SunnyDay,Tailwind,RagePowder|||M|||50|,,,,,Water]Charizard||ChoiceSpecs|SolarPower|AirSlash,HeatWave,Overheat,WeatherBall|||F|||50|,,,,,Ghost]Torkoal||EjectPack|Drought|Protect,Eruption,Overheat,HelpingHand|||M|||50|,,,,,Fire]Incineroar||SitrusBerry|Intimidate|PartingShot,FlareBlitz,KnockOff,FakeOut|||M|||50|,,,,,Ghost]Porygon2||Eviolite|Download|TeraBlast,IceBeam,Recover,TrickRoom||||||50|,,,,,Fighting
|showteam|p2|Dragonite||LoadedDice|Multiscale|Protect,ScaleShot,Tailwind,Haze|||F|||50|,,,,,Steel]Ursaluna-Bloodmoon||FocusSash|MindsEye|Protect,BloodMoon,EarthPower,HyperVoice|||M|||50|,,,,,Normal]Annihilape||LumBerry|Defiant|Protect,RageFist,CloseCombat,Taunt|||F|||50|,,,,,Fire]Volcarona||CovertCloak|FlameBody|Protect,QuiverDance,HeatWave,TeraBlast|||F|||50|,,,,,Fairy]Rillaboom||AssaultVest|GrassySurge|FakeOut,WoodHammer,GrassyGlide,HighHorsepower|||F|||50|,,,,,Fire]Incineroar||SafetyGoggles|Intimidate|FakeOut,PartingShot,FlareBlitz,KnockOff|||M|||50|,,,,,Ghost
|inactive|Battle timer is ON: inactive players will automatically lose when time's up. (requested by nikolasnaiz)
|
|t:|1755949228
|teamsize|p1|4
|teamsize|p2|4
|start
|switch|p1a: Jumpluff|Jumpluff, L50, M|100/100
|switch|p1b: Charizard|Charizard, L50, F|100/100
|switch|p2a: Incineroar|Incineroar, L50, M, shiny|100/100
|switch|p2b: Annihilape|Annihilape, L50, F, shiny|100/100
|-ability|p2a: Incineroar|Intimidate|boost
|-unboost|p1a: Jumpluff|atk|1
|-unboost|p1b: Charizard|atk|1
|turn|1
|inactive|Pecurto23 has 30 seconds left.
|inactive|Pecurto23 has 20 seconds left.
|inactive|Pecurto23 has 15 seconds left.
|inactive|Pecurto23 has 10 seconds left.
|
|t:|1755949273
|switch|p1a: Torkoal|Torkoal, L50, M|100/100
|-weather|SunnyDay|[from] ability: Drought|[of] p1a: Torkoal
|move|p2a: Incineroar|Fake Out|p1b: Charizard
|-damage|p1b: Charizard|85/100
|cant|p1b: Charizard|flinch
|move|p2b: Annihilape|Taunt|p1a: Torkoal
|-start|p1a: Torkoal|move: Taunt
|
|-weather|SunnyDay|[upkeep]
|-damage|p1b: Charizard|73/100|[from] ability: Solar Power|[of] p1b: Charizard
|upkeep
|turn|2
|inactive|Pecurto23 has 30 seconds left.
|
|t:|1755949299
|switch|p1b: Jumpluff|Jumpluff, L50, M|100/100
|move|p2b: Annihilape|Protect|p2b: Annihilape
|-singleturn|p2b: Annihilape|Protect
|move|p2a: Incineroar|Flare Blitz|p1b: Jumpluff
|-supereffective|p1b: Jumpluff
|-damage|p1b: Jumpluff|0 fnt
|faint|p1b: Jumpluff
|-damage|p2a: Incineroar|70/100|[from] Recoil
|move|p1a: Torkoal|Eruption|p2b: Annihilape|[spread] p2a
|-activate|p2b: Annihilape|move: Protect
|-resisted|p2a: Incineroar
|-damage|p2a: Incineroar|42/100
|
|-weather|SunnyDay|[upkeep]
|upkeep
|
|t:|1755949317
|switch|p1b: Charizard|Charizard, L50, F|73/100
|turn|3
|
|t:|1755949332
|-terastallize|p2b: Annihilape|Fire
|move|p1b: Charizard|Heat Wave|p2a: Incineroar|[spread] p2a,p2b
|-resisted|p2a: Incineroar
|-resisted|p2b: Annihilape
|-damage|p2a: Incineroar|0 fnt
|-damage|p2b: Annihilape|49/100
|faint|p2a: Incineroar
|move|p2b: Annihilape|Rage Fist|p1b: Charizard
|-damage|p1b: Charizard|12/100
|move|p1a: Torkoal|Eruption|p2b: Annihilape
|-resisted|p2b: Annihilape
|-damage|p2b: Annihilape|5/100
|
|-weather|SunnyDay|[upkeep]
|-damage|p1b: Charizard|0 fnt|[from] ability: Solar Power|[of] p1b: Charizard
|faint|p1b: Charizard
|-end|p1a: Torkoal|move: Taunt
|upkeep
|
|t:|1755949346
|switch|p1b: Ursaluna|Ursaluna, L50, M|100/100
|switch|p2a: Dragonite|Dragonite, L50, F, shiny|100/100
|turn|4
|inactive|Pecurto23 has 30 seconds left.
|inactive|nikolasnaiz has 30 seconds left.
|
|t:|1755949393
|move|p2b: Annihilape|Rage Fist|p1a: Torkoal
|-damage|p1a: Torkoal|58/100
|move|p2a: Dragonite|Scale Shot|p1a: Torkoal|[miss]
|-miss|p2a: Dragonite|p1a: Torkoal
|move|p1b: Ursaluna|Facade|p2a: Dragonite
|-damage|p2a: Dragonite|76/100
|move|p1a: Torkoal|Eruption|p2a: Dragonite|[spread] p2a,p2b
|-resisted|p2a: Dragonite
|-resisted|p2b: Annihilape
|-damage|p2a: Dragonite|55/100
|-damage|p2b: Annihilape|0 fnt
|faint|p2b: Annihilape
|
|-weather|SunnyDay|[upkeep]
|-status|p1b: Ursaluna|brn|[from] item: Flame Orb
|upkeep
|
|t:|1755949401
|switch|p2b: Ursaluna|Ursaluna-Bloodmoon, L50, M|100/100
|turn|5
|inactive|Pecurto23 has 30 seconds left.
|inactive|nikolasnaiz has 30 seconds left.
|inactive|Pecurto23 has 20 seconds left.
|
|t:|1755949437
|move|p2a: Dragonite|Scale Shot|p1b: Ursaluna
|-damage|p1b: Ursaluna|87/100 brn
|-damage|p1b: Ursaluna|74/100 brn
|-damage|p1b: Ursaluna|60/100 brn
|-damage|p1b: Ursaluna|47/100 brn
|-hitcount|p1b: Ursaluna|4
|-unboost|p2a: Dragonite|def|1
|-boost|p2a: Dragonite|spe|1
|move|p2b: Ursaluna|Earth Power|p1a: Torkoal
|-supereffective|p1a: Torkoal
|-damage|p1a: Torkoal|0 fnt
|faint|p1a: Torkoal
|move|p1b: Ursaluna|Facade|p2b: Ursaluna
|-damage|p2b: Ursaluna|4/100
|
|-weather|none
|-damage|p1b: Ursaluna|41/100 brn|[from] brn
|upkeep
|turn|6
|inactive|nikolasnaiz has 30 seconds left.
|
|t:|1755949463
|move|p2a: Dragonite|Scale Shot|p1b: Ursaluna
|-damage|p1b: Ursaluna|28/100 brn
|-damage|p1b: Ursaluna|17/100 brn
|-damage|p1b: Ursaluna|3/100 brn
|-damage|p1b: Ursaluna|0 fnt
|faint|p1b: Ursaluna
|-hitcount|p1: Ursaluna|4
|
|win|nikolasnaiz
|raw|Pecurto23's rating: 1290 → 1268(-22 for losing)
|raw|nikolasnaiz's rating: 1333 → 1351(+18 for winning)
|l|‽Pecurto23
|player|p1|
|l|☆nikolasnaiz
|player|p2|
|j|☆nikolasnaiz
|player|p2|nikolasnaiz|larry|
