|j|☆Goat Pincurchin
|j|☆elmono11
|html|Goat Pincurchinelmono11    
|uhtml|bestof|Game 3 of a best-of-3
|t:|1756631115
|gametype|doubles
|player|p1|Goat Pincurchin|ghetsis|1316
|player|p2|elmono11|ghetsis|1300
|gen|9
|tier|[Gen 9] VGC 2025 Reg H (Bo3)
|rated|
|rule|Species Clause: Limit one of each Pokémon
|rule|Item Clause: Limit 1 of each item
|clearpoke
|poke|p1|Sneasler, L50, F|
|poke|p1|Rillaboom, L50, F|
|poke|p1|Dragapult, L50, M|
|poke|p1|Gholdengo, L50|
|poke|p1|Primarina, L50, M|
|poke|p1|Magmar, L50, F|
|poke|p2|Gholdengo, L50|
|poke|p2|Sneasler, L50, M|
|poke|p2|Rillaboom, L50, M|
|poke|p2|Dragonite, L50, M|
|poke|p2|Ninetales-Alola, L50, M|
|poke|p2|Arcanine-Hisui, L50, M|
|teampreview|4
|showteam|p1|Sneasler||FocusSash|Unburden|DireClaw,CloseCombat,Protect,FakeOut|||F|||50|,,,,,Stellar]Rillaboom||AssaultVest|GrassySurge|FakeOut,WoodHammer,GrassyGlide,HighHorsepower|||F|||50|,,,,,Fire]Dragapult||ChoiceBand|ClearBody|DragonDarts,Outrage,PhantomForce,Uturn|||M|||50|,,,,,Dragon]Gholdengo||LifeOrb|GoodasGold|MakeItRain,ShadowBall,Protect,NastyPlot||||||50|,,,,,Steel]Primarina||SitrusBerry|LiquidVoice|HyperVoice,Moonblast,Protect,IcyWind|||M|||50|,,,,,Poison]Magmar||Eviolite|VitalSpirit|Overheat,WillOWisp,Taunt,FollowMe|||F|||50|,,,,,Grass
|showteam|p2|Gholdengo||GrassySeed|GoodasGold|NastyPlot,MakeItRain,ShadowBall,Protect||||||50|,,,,,Water]Sneasler||WhiteHerb|Unburden|CloseCombat,DireClaw,Coaching,Protect|||M|||50|,,,,,Ghost]Rillaboom||AssaultVest|GrassySurge|FakeOut,GrassyGlide,DrumBeating,HighHorsepower|||M|||50|,,,,,Fire]Dragonite||LoadedDice|Multiscale|ScaleShot,IceSpinner,Haze,Protect|||M|||50|,,,,,Steel]Ninetales-Alola||FocusSash|SnowWarning|Blizzard,IcyWind,Encore,AuroraVeil|||M|||50|,,,,,Ghost]Arcanine-Hisui||ClearAmulet|Intimidate|RockSlide,FlareBlitz,ExtremeSpeed,Protect|||M|||50|,,,,,Water
|inactive|Battle timer is ON: inactive players will automatically lose when time's up. (requested by elmono11)
|inactive|Goat Pincurchin also wants the timer to be on.
|inactive|Goat Pincurchin has 60 seconds left.
|inactive|Goat Pincurchin has 30 seconds left.
|inactive|Goat Pincurchin has 20 seconds left.
|inactive|Goat Pincurchin has 15 seconds left.
|inactive|Goat Pincurchin has 10 seconds left.
|
|t:|1756631199
|teamsize|p1|4
|teamsize|p2|4
|start
|switch|p1a: Magmar|Magmar, L50, F|100/100
|switch|p1b: Gholdengo|Gholdengo, L50|100/100
|switch|p2a: Gholdengo|Gholdengo, L50|100/100
|switch|p2b: Rillaboom|Rillaboom, L50, M|100/100
|-fieldstart|move: Grassy Terrain|[from] ability: Grassy Surge|[of] p2b: Rillaboom
|-enditem|p2a: Gholdengo|Grassy Seed
|-boost|p2a: Gholdengo|def|1|[from] item: Grassy Seed
|turn|1
|inactive|elmono11 has 30 seconds left.
|inactive|elmono11 has 20 seconds left.
|inactive|elmono11 has 15 seconds left.
|
|t:|1756631240
|-terastallize|p2a: Gholdengo|Water
|move|p2b: Rillaboom|Drum Beating|p1b: Gholdengo
|-resisted|p1b: Gholdengo
|-damage|p1b: Gholdengo|75/100
|-unboost|p1b: Gholdengo|spe|1
|move|p1a: Magmar|Will-O-Wisp|p2b: Rillaboom
|-status|p2b: Rillaboom|brn
|move|p2a: Gholdengo|Nasty Plot|p2a: Gholdengo
|-boost|p2a: Gholdengo|spa|2
|move|p1b: Gholdengo|Nasty Plot|p1b: Gholdengo
|-boost|p1b: Gholdengo|spa|2
|
|-heal|p1b: Gholdengo|81/100|[from] Grassy Terrain
|-damage|p2b: Rillaboom|95/100 brn|[from] brn
|upkeep
|turn|2
|inactive|elmono11 has 30 seconds left.
|
|t:|1756631268
|switch|p2b: Ninetales|Ninetales-Alola, L50, M|100/100
|-weather|Snowscape|[from] ability: Snow Warning|[of] p2b: Ninetales
|-terastallize|p1b: Gholdengo|Steel
|move|p2a: Gholdengo|Protect|p2a: Gholdengo
|-singleturn|p2a: Gholdengo|Protect
|move|p1a: Magmar|Follow Me|p1a: Magmar
|-singleturn|p1a: Magmar|move: Follow Me
|move|p1b: Gholdengo|Make It Rain|p2b: Ninetales|[spread] p2b
|-activate|p2a: Gholdengo|move: Protect
|-supereffective|p2b: Ninetales
|-enditem|p2b: Ninetales|Focus Sash
|-damage|p2b: Ninetales|1/100
|-unboost|p1b: Gholdengo|spa|1
|-damage|p1b: Gholdengo|71/100|[from] item: Life Orb
|
|-weather|Snowscape|[upkeep]
|-heal|p2b: Ninetales|7/100|[from] Grassy Terrain
|-heal|p1b: Gholdengo|77/100|[from] Grassy Terrain
|upkeep
|turn|3
|
|t:|1756631291
|move|p1a: Magmar|Follow Me|p1a: Magmar
|-singleturn|p1a: Magmar|move: Follow Me
|move|p2b: Ninetales|Aurora Veil|p2b: Ninetales
|-sidestart|p2: elmono11|move: Aurora Veil
|move|p2a: Gholdengo|Nasty Plot|p2a: Gholdengo
|-boost|p2a: Gholdengo|spa|2
|move|p1b: Gholdengo|Shadow Ball|p2a: Gholdengo
|-damage|p2a: Gholdengo|48/100
|-damage|p1b: Gholdengo|67/100|[from] item: Life Orb
|
|-weather|Snowscape|[upkeep]
|-heal|p2b: Ninetales|13/100|[from] Grassy Terrain
|-heal|p2a: Gholdengo|54/100|[from] Grassy Terrain
|-heal|p1b: Gholdengo|73/100|[from] Grassy Terrain
|upkeep
|turn|4
|
|t:|1756631308
|move|p1a: Magmar|Follow Me|p1a: Magmar
|-singleturn|p1a: Magmar|move: Follow Me
|move|p2b: Ninetales|Blizzard|p1a: Magmar|[spread] p1a,p1b
|-resisted|p1a: Magmar
|-resisted|p1b: Gholdengo
|-damage|p1a: Magmar|88/100
|-damage|p1b: Gholdengo|54/100
|move|p2a: Gholdengo|Make It Rain|p1b: Gholdengo|[spread] p1a,p1b
|-resisted|p1a: Magmar
|-resisted|p1b: Gholdengo
|-damage|p1a: Magmar|39/100
|-damage|p1b: Gholdengo|0 fnt
|-unboost|p2a: Gholdengo|spa|1
|faint|p1b: Gholdengo
|
|-weather|Snowscape|[upkeep]
|-heal|p2b: Ninetales|19/100|[from] Grassy Terrain
|-heal|p1a: Magmar|45/100|[from] Grassy Terrain
|-heal|p2a: Gholdengo|60/100|[from] Grassy Terrain
|upkeep
|
|t:|1756631324
|switch|p1b: Primarina|Primarina, L50, M|100/100
|turn|5
|
|t:|1756631341
|move|p1a: Magmar|Follow Me|p1a: Magmar
|-singleturn|p1a: Magmar|move: Follow Me
|move|p2b: Ninetales|Blizzard|p1b: Primarina|[spread] p1a,p1b
|-resisted|p1a: Magmar
|-resisted|p1b: Primarina
|-damage|p1a: Magmar|32/100
|-damage|p1b: Primarina|86/100
|move|p2a: Gholdengo|Make It Rain|p1a: Magmar|[spread] p1a,p1b
|-resisted|p1a: Magmar
|-damage|p1a: Magmar|0 fnt
|-damage|p1b: Primarina|0 fnt
|-unboost|p2a: Gholdengo|spa|1
|faint|p1a: Magmar
|faint|p1b: Primarina
|
|-weather|Snowscape|[upkeep]
|-heal|p2b: Ninetales|25/100|[from] Grassy Terrain
|-heal|p2a: Gholdengo|67/100|[from] Grassy Terrain
|-fieldend|move: Grassy Terrain
|upkeep
|
|t:|1756631351
|switch|p1b: Dragapult|Dragapult, L50, M|100/100
|turn|6
|
|t:|1756631364
|move|p1b: Dragapult|Phantom Force||[still]
|-prepare|p1b: Dragapult|Phantom Force
|move|p2b: Ninetales|Blizzard|p1b: Dragapult|[miss]
|-miss|p2b: Ninetales|p1b: Dragapult
|move|p2a: Gholdengo|Shadow Ball|p1b: Dragapult|[miss]
|-miss|p2a: Gholdengo|p1b: Dragapult
|
|-weather|none
|upkeep
|turn|7
|
|t:|1756631375
|switch|p2b: Rillaboom|Rillaboom, L50, M|95/100 brn
|-fieldstart|move: Grassy Terrain|[from] ability: Grassy Surge|[of] p2b: Rillaboom
|move|p1b: Dragapult|Phantom Force|p2a: Gholdengo|[from] lockedmove
|-damage|p2a: Gholdengo|36/100
|move|p2a: Gholdengo|Shadow Ball|p1b: Dragapult
|-supereffective|p1b: Dragapult
|-damage|p1b: Dragapult|0 fnt
|faint|p1b: Dragapult
|
|win|elmono11
|raw|Goat Pincurchin's rating: 1316 → 1295(-21 for losing)
|raw|elmono11's rating: 1300 → 1326(+26 for winning)
|l|☆Goat Pincurchin
|player|p1|
