|j|☆JoshSketch
|j|☆ZXMaverickHunter
|html|JoshSketchZXMaverickHunter    
|uhtml|bestof|Game 2 of a best-of-3
|t:|1756569649
|gametype|doubles
|player|p1|JoshSketch|101|1052
|player|p2|ZXMaverickHunter|flint|1121
|gen|9
|tier|[Gen 9] VGC 2025 Reg H (Bo3)
|rated|
|rule|Species Clause: Limit one of each Pokémon
|rule|Item Clause: Limit 1 of each item
|clearpoke
|poke|p1|Gholdengo, L50|
|poke|p1|Archaludon, L50, M|
|poke|p1|Pelipper, L50, M|
|poke|p1|Annihilape, L50, M|
|poke|p1|Maushold, L50|
|poke|p1|Basculegion, L50, M|
|poke|p2|Rillaboom, L50, F|
|poke|p2|Dragonite, L50, F|
|poke|p2|Sneasler, L50, F|
|poke|p2|Ninetales-Alola, L50, M|
|poke|p2|Kingambit, L50, M|
|poke|p2|Magmar, L50, M|
|teampreview|4
|showteam|p1|Gholdengo||LifeOrb|GoodasGold|Protect,NastyPlot,MakeItRain,ShadowBall||||||50|,,,,,Water]Archaludon||AssaultVest|Stamina|BodyPress,ElectroShot,FlashCannon,DracoMeteor|||M|||50|,,,,,Fighting]Pelipper||FocusSash|Drizzle|Tailwind,Hurricane,WeatherBall,Protect|||M|||50|,,,,,Grass]Annihilape||SafetyGoggles|Defiant|RageFist,BulkUp,CloseCombat,Protect|||M|||50|,,,,,Fairy]Maushold||WideLens|FriendGuard|BeatUp,FollowMe,Protect,Taunt||||||50|,,,,,Normal]Basculegion||ChoiceBand|SwiftSwim|WaveCrash,AquaJet,LastRespects,FlipTurn|||M|||50|,,,,,Grass
|showteam|p2|Rillaboom||AssaultVest|GrassySurge|WoodHammer,GrassyGlide,HighHorsepower,FakeOut|||F|||50|,,,,,Fire]Dragonite||LoadedDice|Multiscale|Protect,ScaleShot,LowKick,Haze|||F|||50|,,,,,Fairy]Sneasler||WhiteHerb|Unburden|Protect,DireClaw,CloseCombat,Coaching|||F|||50|,,,,,Ghost]Ninetales-Alola||ChoiceSpecs|SnowWarning|Blizzard,IcyWind,Moonblast,FreezeDry|||M|||50|,,,,,Ghost]Kingambit||SafetyGoggles|Defiant|Protect,KowtowCleave,SuckerPunch,SwordsDance|||M|||50|,,,,,Dark]Magmar||Eviolite|VitalSpirit|Protect,FollowMe,Overheat,WillOWisp|||M|||50|,,,,,Dragon
|inactive|Battle timer is ON: inactive players will automatically lose when time's up. (requested by ZXMaverickHunter)
|
|t:|1756569684
|teamsize|p1|4
|teamsize|p2|4
|start
|switch|p1a: Pelipper|Pelipper, L50, M|100/100
|switch|p1b: Archaludon|Archaludon, L50, M|100/100
|switch|p2a: 90% = 50%|Dragonite, L50, F, shiny|100/100
|switch|p2b: Noah's BFF|Sneasler, L50, F, shiny|100/100
|-weather|RainDance|[from] ability: Drizzle|[of] p1a: Pelipper
|turn|1
|inactive|ZXMaverickHunter has 30 seconds left.
|inactive|JoshSketch has 30 seconds left.
|inactive|ZXMaverickHunter has 20 seconds left.
|inactive|JoshSketch has 20 seconds left.
|inactive|ZXMaverickHunter has 15 seconds left.
|inactive|JoshSketch has 15 seconds left.
|inactive|ZXMaverickHunter has 10 seconds left.
|inactive|JoshSketch has 10 seconds left.
|inactive|ZXMaverickHunter has 5 seconds left.
|inactive|JoshSketch has 5 seconds left.
|
|t:|1756569744
|move|p2b: Noah's BFF|Close Combat|p1b: Archaludon
|-supereffective|p1b: Archaludon
|-damage|p1b: Archaludon|11/100
|-unboost|p2b: Noah's BFF|def|1
|-unboost|p2b: Noah's BFF|spd|1
|-ability|p1b: Archaludon|Stamina|boost
|-boost|p1b: Archaludon|def|1
|-enditem|p2b: Noah's BFF|White Herb
|-clearnegativeboost|p2b: Noah's BFF|[silent]
|move|p2a: 90% = 50%|Scale Shot|p1a: Pelipper
|-damage|p1a: Pelipper|81/100
|-damage|p1a: Pelipper|61/100
|-damage|p1a: Pelipper|42/100
|-damage|p1a: Pelipper|22/100
|-hitcount|p1a: Pelipper|4
|-unboost|p2a: 90% = 50%|def|1
|-boost|p2a: 90% = 50%|spe|1
|move|p1a: Pelipper|Tailwind|p1a: Pelipper
|-sidestart|p1: JoshSketch|move: Tailwind
|move|p1b: Archaludon|Body Press|p2a: 90% = 50%
|-resisted|p2a: 90% = 50%
|-damage|p2a: 90% = 50%|86/100
|
|-weather|RainDance|[upkeep]
|upkeep
|turn|2
|inactive|ZXMaverickHunter has 30 seconds left.
|inactive|ZXMaverickHunter has 20 seconds left.
|inactive|ZXMaverickHunter has 15 seconds left.
|inactive|ZXMaverickHunter has 10 seconds left.
|
|t:|1756569790
|-terastallize|p2a: 90% = 50%|Fairy
|move|p2b: Noah's BFF|Dire Claw|p1a: Pelipper
|-damage|p1a: Pelipper|0 fnt
|faint|p1a: Pelipper
|move|p1b: Archaludon|Electro Shot||[still]
|-prepare|p1b: Archaludon|Electro Shot
|-boost|p1b: Archaludon|spa|1
|-anim|p1b: Archaludon|Electro Shot|p2a: 90% = 50%
|-damage|p2a: 90% = 50%|2/100
|move|p2a: 90% = 50%|Scale Shot|p1b: Archaludon
|-damage|p1b: Archaludon|5/100
|-ability|p1b: Archaludon|Stamina|boost
|-boost|p1b: Archaludon|def|1
|-damage|p1b: Archaludon|0 fnt
|faint|p1b: Archaludon
|-hitcount|p1: Archaludon|2
|-unboost|p2a: 90% = 50%|def|1
|-boost|p2a: 90% = 50%|spe|1
|
|-weather|RainDance|[upkeep]
|upkeep
|
|t:|1756569802
|switch|p1a: Basculegion|Basculegion, L50, M, shiny|100/100
|switch|p1b: Gholdengo|Gholdengo, L50|100/100
|turn|3
|inactive|ZXMaverickHunter has 30 seconds left.
|inactive|ZXMaverickHunter has 20 seconds left.
|inactive|ZXMaverickHunter has 15 seconds left.
|
|t:|1756569845
|move|p2b: Noah's BFF|Protect|p2b: Noah's BFF
|-singleturn|p2b: Noah's BFF|Protect
|move|p1a: Basculegion|Aqua Jet|p2b: Noah's BFF
|-activate|p2b: Noah's BFF|move: Protect
|move|p1b: Gholdengo|Make It Rain|p2b: Noah's BFF|[spread] p2a
|-activate|p2b: Noah's BFF|move: Protect
|-supereffective|p2a: 90% = 50%
|-damage|p2a: 90% = 50%|0 fnt
|-unboost|p1b: Gholdengo|spa|1
|faint|p2a: 90% = 50%
|-damage|p1b: Gholdengo|91/100|[from] item: Life Orb
|
|-weather|RainDance|[upkeep]
|upkeep
|
|t:|1756569861
|switch|p2a: Kingambling|Kingambit, L50, M, shiny|100/100
|turn|4
|inactive|ZXMaverickHunter has 30 seconds left.
|
|t:|1756569887
|switch|p2b: Hi peli|Ninetales-Alola, L50, M, shiny|100/100
|-weather|Snowscape|[from] ability: Snow Warning|[of] p2b: Hi peli
|-terastallize|p1a: Basculegion|Grass
|move|p1a: Basculegion|Aqua Jet|p2a: Kingambling
|-damage|p2a: Kingambling|77/100
|move|p1b: Gholdengo|Nasty Plot|p1b: Gholdengo
|-boost|p1b: Gholdengo|spa|2
|move|p2a: Kingambling|Kowtow Cleave|p1a: Basculegion
|-damage|p1a: Basculegion|43/100
|
|-weather|Snowscape|[upkeep]
|-sideend|p1: JoshSketch|move: Tailwind
|upkeep
|turn|5
|
|t:|1756569907
|move|p1a: Basculegion|Aqua Jet|p2b: Hi peli
|-damage|p2b: Hi peli|70/100
|move|p2a: Kingambling|Sucker Punch|p1b: Gholdengo
|-supereffective|p1b: Gholdengo
|-damage|p1b: Gholdengo|0 fnt
|faint|p1b: Gholdengo
|move|p2b: Hi peli|Blizzard|p1a: Basculegion
|-supereffective|p1a: Basculegion
|-damage|p1a: Basculegion|0 fnt
|faint|p1a: Basculegion
|
|win|ZXMaverickHunter
|raw|JoshSketch's rating: 1052 → 1038(-14 for losing)
|raw|ZXMaverickHunter's rating: 1121 → 1141(+20 for winning)
|l|☆JoshSketch
|player|p1|
