|j|☆RoadToWorlds44
|j|☆chefbenboyrd
|html|RoadToWorlds44chefbenboyrd    
|uhtml|bestof|Game 2 of a best-of-3
|t:|1756390424
|gametype|doubles
|player|p1|RoadToWorlds44|266|1236
|player|p2|chefbenboyrd|roughneck|1163
|gen|9
|tier|[Gen 9] VGC 2025 Reg H (Bo3)
|rated|
|rule|Species Clause: Limit one of each Pokémon
|rule|Item Clause: Limit 1 of each item
|clearpoke
|poke|p1|Kingambit, L50, F|
|poke|p1|Rillaboom, L50, F|
|poke|p1|Electabuzz, L50, M|
|poke|p1|Volcarona, L50, F|
|poke|p1|Sneasler, L50, F|
|poke|p1|Dragapult, L50, M|
|poke|p2|Whimsicott, L50, M|
|poke|p2|Hydreigon, L50, M|
|poke|p2|Grimmsnarl, L50, M|
|poke|p2|Incineroar, L50, M|
|poke|p2|Gholdengo, L50|
|poke|p2|Annihilape, L50, M|
|teampreview|4
|showteam|p1|Kingambit||BlackGlasses|Defiant|KowtowCleave,SuckerPunch,SwordsDance,Protect|||F|||50|,,,,,Dark]Rillaboom||AssaultVest|GrassySurge|WoodHammer,GrassyGlide,HighHorsepower,FakeOut|||F|||50|,,,,,Fire]Electabuzz||Eviolite|VitalSpirit|FollowMe,Thunderbolt,Taunt,Protect|||M|||50|,,,,,Ghost]Volcarona||Leftovers|FlameBody|QuiverDance,HeatWave,TeraBlast,Protect|||F|||50|,,,,,Fairy]Sneasler||FocusSash|Unburden|CloseCombat,DireClaw,FakeOut,Protect|||F|||50|,,,,,Stellar]Dragapult||ChoiceBand|ClearBody|Outrage,DragonDarts,Uturn,PhantomForce|||M|||50|,,,,,Dragon
|showteam|p2|Whimsicott||FocusSash|Prankster|SunnyDay,Encore,Tailwind,Moonblast|||M|||50|,,,,,Ghost]Hydreigon||ChoiceSpecs|Levitate|HeatWave,DracoMeteor,Snarl,DarkPulse|||M|||50|,,,,,Fire]Grimmsnarl||LightClay|Prankster|SpiritBreak,Reflect,LightScreen,ThunderWave|||M|||50|,,,,,Steel]Incineroar||SafetyGoggles|Intimidate|KnockOff,FakeOut,PartingShot,FlareBlitz|||M|||50|,,,,,Ghost]Gholdengo||LifeOrb|GoodasGold|Protect,MakeItRain,ShadowBall,NastyPlot||||||50|,,,,,Water]Annihilape||SitrusBerry|Defiant|Protect,Taunt,RageFist,DrainPunch|||M|||50|,,,,,Fairy
|inactive|Battle timer is ON: inactive players will automatically lose when time's up. (requested by chefbenboyrd)
|
|t:|1756390472
|teamsize|p1|4
|teamsize|p2|4
|start
|switch|p1a: Volcarona|Volcarona, L50, F|100/100
|switch|p1b: Electabuzz|Electabuzz, L50, M|100/100
|switch|p2a: Grimmsnarl|Grimmsnarl, L50, M|100/100
|switch|p2b: Gholdengo|Gholdengo, L50|100/100
|turn|1
|
|t:|1756390489
|switch|p2b: Incineroar|Incineroar, L50, M|100/100
|-ability|p2b: Incineroar|Intimidate|boost
|-unboost|p1a: Volcarona|atk|1
|-unboost|p1b: Electabuzz|atk|1
|move|p1b: Electabuzz|Follow Me|p1b: Electabuzz
|-singleturn|p1b: Electabuzz|move: Follow Me
|move|p2a: Grimmsnarl|Light Screen|p2a: Grimmsnarl
|-sidestart|p2: chefbenboyrd|move: Light Screen
|move|p1a: Volcarona|Quiver Dance|p1a: Volcarona
|-boost|p1a: Volcarona|spa|1
|-boost|p1a: Volcarona|spd|1
|-boost|p1a: Volcarona|spe|1
|
|upkeep
|turn|2
|
|t:|1756390510
|move|p1b: Electabuzz|Follow Me|p1b: Electabuzz
|-singleturn|p1b: Electabuzz|move: Follow Me
|move|p1a: Volcarona|Quiver Dance|p1a: Volcarona
|-boost|p1a: Volcarona|spa|1
|-boost|p1a: Volcarona|spd|1
|-boost|p1a: Volcarona|spe|1
|move|p2b: Incineroar|Knock Off|p1b: Electabuzz
|-damage|p1b: Electabuzz|65/100
|-enditem|p1b: Electabuzz|Eviolite|[from] move: Knock Off|[of] p2b: Incineroar
|move|p2a: Grimmsnarl|Spirit Break|p1b: Electabuzz
|-damage|p1b: Electabuzz|29/100
|-unboost|p1b: Electabuzz|spa|1
|
|upkeep
|turn|3
|inactive|RoadToWorlds44 has 30 seconds left.
|inactive|RoadToWorlds44 has 20 seconds left.
|inactive|RoadToWorlds44 has 15 seconds left.
|
|t:|1756390552
|move|p1b: Electabuzz|Protect|p1b: Electabuzz
|-singleturn|p1b: Electabuzz|Protect
|move|p1a: Volcarona|Quiver Dance|p1a: Volcarona
|-boost|p1a: Volcarona|spa|1
|-boost|p1a: Volcarona|spd|1
|-boost|p1a: Volcarona|spe|1
|move|p2b: Incineroar|Flare Blitz|p1a: Volcarona
|-damage|p1a: Volcarona|43/100
|-damage|p2b: Incineroar|82/100|[from] Recoil
|move|p2a: Grimmsnarl|Spirit Break|p1a: Volcarona
|-resisted|p1a: Volcarona
|-damage|p1a: Volcarona|27/100
|-unboost|p1a: Volcarona|spa|1
|-status|p2a: Grimmsnarl|brn|[from] ability: Flame Body|[of] p1a: Volcarona
|
|-heal|p1a: Volcarona|33/100|[from] item: Leftovers
|-damage|p2a: Grimmsnarl|95/100 brn|[from] brn
|upkeep
|turn|4
|inactive|RoadToWorlds44 has 30 seconds left.
|inactive|chefbenboyrd has 30 seconds left.
|inactive|RoadToWorlds44 has 20 seconds left.
|inactive|RoadToWorlds44 has 15 seconds left.
|inactive|RoadToWorlds44 has 10 seconds left.
|
|t:|1756390602
|move|p1b: Electabuzz|Follow Me|p1b: Electabuzz
|-singleturn|p1b: Electabuzz|move: Follow Me
|move|p1a: Volcarona|Heat Wave|p2a: Grimmsnarl|[spread] p2a,p2b
|-resisted|p2b: Incineroar
|-damage|p2a: Grimmsnarl|55/100 brn
|-damage|p2b: Incineroar|58/100
|move|p2b: Incineroar|Flare Blitz|p1b: Electabuzz
|-damage|p1b: Electabuzz|0 fnt
|faint|p1b: Electabuzz
|-damage|p2b: Incineroar|50/100|[from] Recoil
|move|p2a: Grimmsnarl|Spirit Break|p1a: Volcarona
|-resisted|p1a: Volcarona
|-damage|p1a: Volcarona|24/100
|-unboost|p1a: Volcarona|spa|1
|
|-heal|p1a: Volcarona|31/100|[from] item: Leftovers
|-damage|p2a: Grimmsnarl|49/100 brn|[from] brn
|upkeep
|inactive|RoadToWorlds44 has 30 seconds left.
|
|t:|1756390630
|switch|p1b: Rillaboom|Rillaboom, L50, F|100/100
|-fieldstart|move: Grassy Terrain|[from] ability: Grassy Surge|[of] p1b: Rillaboom
|turn|5
|inactive|RoadToWorlds44 has 30 seconds left.
|inactive|RoadToWorlds44 has 20 seconds left.
|inactive|RoadToWorlds44 has 15 seconds left.
|inactive|RoadToWorlds44 has 10 seconds left.
|inactive|RoadToWorlds44 has 5 seconds left.
|
|t:|1756390681
|-terastallize|p1a: Volcarona|Fairy
|-terastallize|p2b: Incineroar|Ghost
|move|p1b: Rillaboom|Grassy Glide|p2b: Incineroar
|-damage|p2b: Incineroar|15/100
|move|p2a: Grimmsnarl|Thunder Wave|p1a: Volcarona
|-status|p1a: Volcarona|par
|cant|p1a: Volcarona|par
|move|p2b: Incineroar|Flare Blitz|p1a: Volcarona
|-damage|p1a: Volcarona|0 fnt
|faint|p1a: Volcarona
|-damage|p2b: Incineroar|5/100|[from] Recoil
|
|-heal|p2b: Incineroar|11/100|[from] Grassy Terrain
|-heal|p2a: Grimmsnarl|55/100 brn|[from] Grassy Terrain
|-damage|p2a: Grimmsnarl|49/100 brn|[from] brn
|upkeep
|
|t:|1756390693
|switch|p1a: Sneasler|Sneasler, L50, F|100/100
|turn|6
|inactive|RoadToWorlds44 has 30 seconds left.
|inactive|RoadToWorlds44 has 20 seconds left.
|inactive|RoadToWorlds44 has 15 seconds left.
|inactive|RoadToWorlds44 has 10 seconds left.
|
|t:|1756390740
|switch|p2b: Annihilape|Annihilape, L50, M|100/100
|move|p1a: Sneasler|Fake Out|p2a: Grimmsnarl
|-damage|p2a: Grimmsnarl|33/100 brn
|move|p1b: Rillaboom|Grassy Glide|p2b: Annihilape
|-damage|p2b: Annihilape|61/100
|cant|p2a: Grimmsnarl|flinch
|
|-heal|p2b: Annihilape|67/100|[from] Grassy Terrain
|-heal|p2a: Grimmsnarl|39/100 brn|[from] Grassy Terrain
|-damage|p2a: Grimmsnarl|33/100 brn|[from] brn
|upkeep
|turn|7
|
|t:|1756390761
|move|p2b: Annihilape|Protect|p2b: Annihilape
|-singleturn|p2b: Annihilape|Protect
|move|p2a: Grimmsnarl|Reflect|p2a: Grimmsnarl
|-sidestart|p2: chefbenboyrd|Reflect
|move|p1a: Sneasler|Dire Claw|p2b: Annihilape
|-activate|p2b: Annihilape|move: Protect
|move|p1b: Rillaboom|Wood Hammer|p2b: Annihilape
|-activate|p2b: Annihilape|move: Protect
|
|-heal|p2b: Annihilape|73/100|[from] Grassy Terrain
|-heal|p2a: Grimmsnarl|39/100 brn|[from] Grassy Terrain
|-damage|p2a: Grimmsnarl|33/100 brn|[from] brn
|upkeep
|turn|8
|
|t:|1756390779
|switch|p2a: Incineroar|Incineroar, L50, M, tera:Ghost|11/100
|-ability|p2a: Incineroar|Intimidate|boost
|-unboost|p1a: Sneasler|atk|1
|-unboost|p1b: Rillaboom|atk|1
|move|p1a: Sneasler|Protect|p1a: Sneasler
|-singleturn|p1a: Sneasler|Protect
|move|p2b: Annihilape|Drain Punch|p1a: Sneasler
|-activate|p1a: Sneasler|move: Protect
|move|p1b: Rillaboom|Wood Hammer|p2a: Incineroar
|-damage|p2a: Incineroar|0 fnt
|faint|p2a: Incineroar
|-damage|p1b: Rillaboom|97/100|[from] Recoil
|
|-heal|p2b: Annihilape|79/100|[from] Grassy Terrain
|-heal|p1b: Rillaboom|100/100|[from] Grassy Terrain
|-sideend|p2: chefbenboyrd|move: Light Screen
|upkeep
|
|t:|1756390793
|switch|p2a: Grimmsnarl|Grimmsnarl, L50, M|33/100 brn
|turn|9
|
|t:|1756390817
|move|p2a: Grimmsnarl|Thunder Wave|p1a: Sneasler
|-status|p1a: Sneasler|par
|move|p2b: Annihilape|Drain Punch|p1a: Sneasler
|-resisted|p1a: Sneasler
|-damage|p1a: Sneasler|74/100 par
|-heal|p2b: Annihilape|89/100|[from] drain|[of] p1a: Sneasler
|move|p1b: Rillaboom|Wood Hammer|p2b: Annihilape
|-damage|p2b: Annihilape|52/100
|-damage|p1b: Rillaboom|88/100|[from] Recoil
|cant|p1a: Sneasler|par
|
|-heal|p2b: Annihilape|58/100|[from] Grassy Terrain
|-heal|p1b: Rillaboom|94/100|[from] Grassy Terrain
|-heal|p1a: Sneasler|80/100 par|[from] Grassy Terrain
|-heal|p2a: Grimmsnarl|39/100 brn|[from] Grassy Terrain
|-damage|p2a: Grimmsnarl|33/100 brn|[from] brn
|-fieldend|move: Grassy Terrain
|upkeep
|turn|10
|inactive|RoadToWorlds44 has 30 seconds left.
|
|t:|1756390851
|move|p1a: Sneasler|Protect|p1a: Sneasler
|-singleturn|p1a: Sneasler|Protect
|move|p2a: Grimmsnarl|Thunder Wave|p1b: Rillaboom
|-status|p1b: Rillaboom|par
|move|p2b: Annihilape|Rage Fist|p1a: Sneasler
|-activate|p1a: Sneasler|move: Protect
|move|p1b: Rillaboom|Wood Hammer|p2a: Grimmsnarl
|-damage|p2a: Grimmsnarl|4/100 brn
|-damage|p1b: Rillaboom|84/100 par|[from] Recoil
|
|-damage|p2a: Grimmsnarl|0 fnt|[from] brn
|faint|p2a: Grimmsnarl
|upkeep
|
|t:|1756390864
|switch|p2a: Gholdengo|Gholdengo, L50|100/100
|turn|11
|
|t:|1756390875
|move|p2b: Annihilape|Rage Fist|p1a: Sneasler
|-damage|p1a: Sneasler|0 fnt
|faint|p1a: Sneasler
|move|p2a: Gholdengo|Nasty Plot|p2a: Gholdengo
|-boost|p2a: Gholdengo|spa|2
|cant|p1b: Rillaboom|par
|
|upkeep
|turn|12
|
|t:|1756390886
|move|p2b: Annihilape|Rage Fist|p1b: Rillaboom
|-crit|p1b: Rillaboom
|-damage|p1b: Rillaboom|0 fnt
|faint|p1b: Rillaboom
|
|win|chefbenboyrd
|raw|RoadToWorlds44's rating: 1236 → 1206(-30 for losing)
|raw|chefbenboyrd's rating: 1163 → 1193(+30 for winning)
|l|☆RoadToWorlds44
|player|p1|
|c|☆chefbenboyrd|Gg!!
