|j|☆bujero
|j|☆Akuma_0o
|html|bujeroAkuma_0o    
|uhtml|bestof|Game 1 of a best-of-3
|t:|1756507016
|gametype|doubles
|player|p1|bujero|265|
|player|p2|Akuma_0o|red|
|gen|9
|tier|[Gen 9] VGC 2025 Reg H (Bo3)
|rule|Species Clause: Limit one of each Pokémon
|rule|Item Clause: Limit 1 of each item
|clearpoke
|poke|p1|Rillaboom, L50, M|
|poke|p1|Kingambit, L50, M|
|poke|p1|Sneasler, L50, M|
|poke|p1|Electabuzz, L50, M|
|poke|p1|Dragonite, L50, M|
|poke|p1|Volcarona, L50, M|
|poke|p2|Indeedee, L50, M|
|poke|p2|Sneasler, L50, M|
|poke|p2|Ninetales-Alola, L50, M|
|poke|p2|Basculegion, L50, M|
|poke|p2|Kilowattrel, L50, M|
|poke|p2|Ursaluna-Bloodmoon, L50, M|
|teampreview|4
|showteam|p1|Rillaboom||AssaultVest|GrassySurge|FakeOut,WoodHammer,HighHorsepower,GrassyGlide|||M|||50|,,,,,Fire]Kingambit||BlackGlasses|Defiant|KowtowCleave,SuckerPunch,SwordsDance,Protect|||M|||50|,,,,,Dark]Sneasler||GrassySeed|Unburden|CloseCombat,DireClaw,Protect,Coaching|||M|||50|,,,,,Stellar]Electabuzz||Eviolite|VitalSpirit|Electroweb,Taunt,FollowMe,Protect|||M|||50|,,,,,Dragon]Dragonite||LoadedDice|Multiscale|ScaleShot,Tailwind,Protect,Haze|||M|||50|,,,,,Fairy]Volcarona||CovertCloak|FlameBody|QuiverDance,TeraBlast,HeatWave,Protect|||M|||50|,,,,,Fairy
|showteam|p2|Indeedee||TwistedSpoon|PsychicSurge|ExpandingForce,DazzlingGleam,Imprison,TrickRoom|||M|||50|,,,,,Fairy]Sneasler||PsychicSeed|Unburden|DireClaw,CloseCombat,ThroatChop,Protect|||M|||50|,,,,,Dark]Ninetales-Alola||LifeOrb|SnowWarning|Blizzard,FreezeDry,Encore,Protect|||M|||50|,,,,,Ghost]Basculegion||ChoiceScarf|Adaptability|WaveCrash,LastRespects,AquaJet,FlipTurn|||M|||50|,,,,,Grass]Kilowattrel||FocusSash|Competitive|Thunderbolt,AirSlash,Tailwind,Protect|||M|||50|,,,,,Ghost]Ursaluna-Bloodmoon||AssaultVest|MindsEye|BloodMoon,HyperVoice,EarthPower,VacuumWave|||M|||50|,,,,,Water
|c|☆bujero|Glhf
|inactive|Battle timer is ON: inactive players will automatically lose when time's up. (requested by bujero)
|c|☆Akuma_0o|gh
|
|t:|1756507042
|teamsize|p1|4
|teamsize|p2|4
|start
|switch|p1a: Volcarona|Volcarona, L50, M|100/100
|switch|p1b: Electabuzz|Electabuzz, L50, M, shiny|100/100
|switch|p2a: Sneasler|Sneasler, L50, M|100/100
|switch|p2b: Basculegion|Basculegion, L50, M, shiny|100/100
|turn|1
|c|☆Akuma_0o|jsjs es que no se decir buena suerte asi que buena suerte sjjsjssj
|inactive|Akuma_0o has 30 seconds left.
|inactive|Akuma_0o has 20 seconds left.
|
|t:|1756507078
|move|p1b: Electabuzz|Follow Me|p1b: Electabuzz
|-singleturn|p1b: Electabuzz|move: Follow Me
|move|p2b: Basculegion|Flip Turn|p1b: Electabuzz
|-damage|p1b: Electabuzz|62/100
|
|t:|1756507100
|switch|p2b: Ninetales|Ninetales-Alola, L50, M, shiny|100/100|[from] Flip Turn
|-weather|Snowscape|[from] ability: Snow Warning|[of] p2b: Ninetales
|move|p2a: Sneasler|Dire Claw|p1b: Electabuzz
|-damage|p1b: Electabuzz|21/100
|-status|p1b: Electabuzz|psn
|move|p1a: Volcarona|Quiver Dance|p1a: Volcarona
|-boost|p1a: Volcarona|spa|1
|-boost|p1a: Volcarona|spd|1
|-boost|p1a: Volcarona|spe|1
|
|-weather|Snowscape|[upkeep]
|-damage|p1b: Electabuzz|9/100 psn|[from] psn
|upkeep
|turn|2
|inactive|Akuma_0o has 30 seconds left.
|
|t:|1756507129
|move|p2b: Ninetales|Protect|p2b: Ninetales
|-singleturn|p2b: Ninetales|Protect
|move|p1b: Electabuzz|Follow Me|p1b: Electabuzz
|-singleturn|p1b: Electabuzz|move: Follow Me
|move|p1a: Volcarona|Heat Wave|p2a: Sneasler|[spread] p2a
|-activate|p2b: Ninetales|move: Protect
|-damage|p2a: Sneasler|32/100
|move|p2a: Sneasler|Dire Claw|p1b: Electabuzz
|-damage|p1b: Electabuzz|0 fnt
|faint|p1b: Electabuzz
|
|-weather|Snowscape|[upkeep]
|upkeep
|
|t:|1756507142
|switch|p1b: Kingambit|Kingambit, L50, M, shiny|100/100
|turn|3
|inactive|Akuma_0o has 30 seconds left.
|inactive|Akuma_0o has 20 seconds left.
|
|t:|1756507180
|switch|p2b: Indeedee|Indeedee, L50, M|100/100
|-fieldstart|move: Psychic Terrain|[from] ability: Psychic Surge|[of] p2b: Indeedee
|-enditem|p2a: Sneasler|Psychic Seed
|-boost|p2a: Sneasler|spd|1|[from] item: Psychic Seed
|move|p1b: Kingambit|Protect|p1b: Kingambit
|-singleturn|p1b: Kingambit|Protect
|move|p2a: Sneasler|Close Combat|p1b: Kingambit
|-activate|p1b: Kingambit|move: Protect
|move|p1a: Volcarona|Heat Wave|p2b: Indeedee|[spread] p2a,p2b
|-damage|p2a: Sneasler|0 fnt
|-damage|p2b: Indeedee|29/100
|faint|p2a: Sneasler
|
|-weather|Snowscape|[upkeep]
|upkeep
|l|☆bujero
|inactive|bujero disconnected and has 300 seconds to reconnect!
|player|p1|
|
|t:|1756507196
|switch|p2a: Basculegion|Basculegion, L50, M, shiny|100/100
|turn|4
|j|☆bujero
|inactive|bujero reconnected and has 55 seconds left.
|player|p1|bujero|265|
|
|t:|1756507216
|switch|p1b: Rillaboom|Rillaboom, L50, M, shiny|100/100
|-fieldstart|move: Grassy Terrain|[from] ability: Grassy Surge|[of] p1b: Rillaboom
|move|p1a: Volcarona|Protect|p1a: Volcarona
|-singleturn|p1a: Volcarona|Protect
|move|p2a: Basculegion|Wave Crash|p1a: Volcarona
|-activate|p1a: Volcarona|move: Protect
|move|p2b: Indeedee|Expanding Force|p1a: Volcarona
|-activate|p1a: Volcarona|move: Protect
|
|-weather|Snowscape|[upkeep]
|-heal|p2b: Indeedee|35/100|[from] Grassy Terrain
|upkeep
|turn|5
|
|t:|1756507230
|switch|p2b: Ninetales|Ninetales-Alola, L50, M, shiny|100/100
|-terastallize|p2a: Basculegion|Grass
|move|p1b: Rillaboom|Grassy Glide|p2a: Basculegion
|-resisted|p2a: Basculegion
|-damage|p2a: Basculegion|79/100
|move|p1a: Volcarona|Heat Wave|p2b: Ninetales|[spread] p2b
|-miss|p1a: Volcarona|p2a: Basculegion
|-supereffective|p2b: Ninetales
|-damage|p2b: Ninetales|0 fnt
|faint|p2b: Ninetales
|move|p2a: Basculegion|Wave Crash|p1a: Volcarona
|-supereffective|p1a: Volcarona
|-damage|p1a: Volcarona|0 fnt
|faint|p1a: Volcarona
|-damage|p2a: Basculegion|47/100|[from] Recoil
|
|-weather|none
|-heal|p2a: Basculegion|53/100|[from] Grassy Terrain
|upkeep
|
|t:|1756507243
|switch|p2b: Indeedee|Indeedee, L50, M|35/100
|switch|p1a: Kingambit|Kingambit, L50, M, shiny|100/100
|-fieldstart|move: Psychic Terrain|[from] ability: Psychic Surge|[of] p2b: Indeedee
|turn|6
|
|t:|1756507262
|move|p1a: Kingambit|Protect|p1a: Kingambit
|-singleturn|p1a: Kingambit|Protect
|move|p2a: Basculegion|Wave Crash|p1a: Kingambit
|-activate|p1a: Kingambit|move: Protect
|move|p2b: Indeedee|Expanding Force|p1a: Kingambit|[spread] p1b
|-activate|p1a: Kingambit|move: Protect
|-crit|p1b: Rillaboom
|-damage|p1b: Rillaboom|31/100
|move|p1b: Rillaboom|Wood Hammer|p2b: Indeedee
|-damage|p2b: Indeedee|0 fnt
|faint|p2b: Indeedee
|-damage|p1b: Rillaboom|23/100|[from] Recoil
|
|upkeep
|turn|7
|
|t:|1756507273
|-terastallize|p1a: Kingambit|Dark
|move|p2a: Basculegion|Wave Crash|p1a: Kingambit
|-damage|p1a: Kingambit|53/100
|-damage|p2a: Basculegion|37/100|[from] Recoil
|move|p1b: Rillaboom|Wood Hammer|p2a: Basculegion
|-resisted|p2a: Basculegion
|-damage|p2a: Basculegion|0 fnt
|faint|p2a: Basculegion
|-damage|p1b: Rillaboom|12/100|[from] Recoil
|
|win|bujero
|c|☆Akuma_0o|gg
|c|☆bujero|Gg
||bujero is ready for game 2.
||Akuma_0o is ready for game 2.
|uhtml|next|Next: Game 2 of 3
|l|☆bujero
|player|p1|
|j|☆bujero
|player|p1|bujero|265|
