|j|☆RICHARDHAVOC
|j|☆CorkscrewRacer
|html|RICHARDHAVOCCorkscrewRacer    
|uhtml|bestof|Game 3 of a best-of-3
|t:|1756440761
|gametype|doubles
|player|p1|RICHARDHAVOC|102|1249
|player|p2|CorkscrewRacer|102|1111
|gen|9
|tier|[Gen 9] VGC 2025 Reg H (Bo3)
|rated|
|rule|Species Clause: Limit one of each Pokémon
|rule|Item Clause: Limit 1 of each item
|clearpoke
|poke|p1|Whimsicott, L50, M|
|poke|p1|Garchomp, L50, M|
|poke|p1|Gholdengo, L50|
|poke|p1|Incineroar, L50, M|
|poke|p1|Dragonite, L50, M|
|poke|p1|Sneasler, L50, F|
|poke|p2|Sneasler, L50, M|
|poke|p2|Dragapult, L50, F|
|poke|p2|Dondozo, L50, M|
|poke|p2|Tatsugiri, L50, F|
|poke|p2|Incineroar, L50, F|
|poke|p2|Rillaboom, L50, M|
|teampreview|4
|showteam|p1|Whimsicott||FocusSash|Prankster|Moonblast,Tailwind,Encore,Protect|||M|||50|,,,,,Ghost]Garchomp||LifeOrb|RoughSkin|Earthquake,DragonClaw,StompingTantrum,Protect|||M|||50|,,,,,Ground]Gholdengo||ChoiceSpecs|GoodasGold|MakeItRain,ShadowBall,Trick,Protect||||||50|,,,,,Flying]Incineroar||SafetyGoggles|Intimidate|FakeOut,FlareBlitz,KnockOff,PartingShot|||M|||50|,,,,,Ghost]Dragonite||ChoiceBand|InnerFocus|ExtremeSpeed,AerialAce,IceSpinner,Outrage|||M|||50|,,,,,Normal]Sneasler||WhiteHerb|Unburden|FakeOut,DireClaw,CloseCombat,Protect|||F|||50|,,,,,Stellar
|showteam|p2|Sneasler||GrassySeed|Unburden|DireClaw,CloseCombat,Protect,FakeOut|||M|||50|,,,,,Ghost]Dragapult||ChoiceBand|ClearBody|DragonDarts,Outrage,PhantomForce,Uturn|||F|||50|,,,,,Dragon]Dondozo||Leftovers|Unaware|WaveCrash,HeavySlam,OrderUp,Protect|||M|||50|,,,,,Grass]Tatsugiri||LifeOrb|Commander|DracoMeteor,MuddyWater,IcyWind,Protect|||F|||50|,,,,,Stellar]Incineroar||AssaultVest|Intimidate|FakeOut,FlareBlitz,KnockOff,Uturn|||F|||50|,,,,,Ghost]Rillaboom||MiracleSeed|GrassySurge|GrassyGlide,WoodHammer,FakeOut,Taunt|||M|||50|,,,,,Fire
|j| BLiiNDProdiigy
|
|t:|1756440807
|teamsize|p1|4
|teamsize|p2|4
|start
|switch|p1a: Whimsicott|Whimsicott, L50, M, shiny|100/100
|switch|p1b: Garchomp|Garchomp, L50, M, shiny|100/100
|switch|p2a: Dragapult|Dragapult, L50, F|100/100
|switch|p2b: Dondozo|Dondozo, L50, M|100/100
|turn|1
|
|t:|1756440833
|switch|p2a: Tatsugiri|Tatsugiri, L50, F|100/100
|-activate|p2a: Tatsugiri|ability: Commander|[of] p2b: Dondozo
|-boost|p2b: Dondozo|atk|2
|-boost|p2b: Dondozo|spa|2
|-boost|p2b: Dondozo|spe|2
|-boost|p2b: Dondozo|def|2
|-boost|p2b: Dondozo|spd|2
|move|p1a: Whimsicott|Protect|p1a: Whimsicott
|-singleturn|p1a: Whimsicott|Protect
|move|p1b: Garchomp|Protect|p1b: Garchomp
|-singleturn|p1b: Garchomp|Protect
|move|p2b: Dondozo|Wave Crash|p1b: Garchomp
|-activate|p1b: Garchomp|move: Protect
|
|upkeep
|turn|2
|
|t:|1756440875
|switch|p1b: Incineroar|Incineroar, L50, M, shiny|100/100
|-ability|p1b: Incineroar|Intimidate|boost
|-unboost|p2a: Tatsugiri|atk|1
|-unboost|p2b: Dondozo|atk|1
|move|p1a: Whimsicott|Tailwind|p1a: Whimsicott
|-sidestart|p1: RICHARDHAVOC|move: Tailwind
|move|p2b: Dondozo|Wave Crash|p1b: Incineroar
|-supereffective|p1b: Incineroar
|-damage|p1b: Incineroar|0 fnt
|faint|p1b: Incineroar
|-damage|p2b: Dondozo|71/100|[from] Recoil
|
|-heal|p2b: Dondozo|77/100|[from] item: Leftovers
|upkeep
|
|t:|1756440892
|switch|p1b: Garchomp|Garchomp, L50, M, shiny|100/100
|turn|3
|
|t:|1756440901
|move|p1b: Garchomp|Protect|p1b: Garchomp
|-singleturn|p1b: Garchomp|Protect
|move|p1a: Whimsicott|Moonblast|p2b: Dondozo
|-damage|p2b: Dondozo|58/100
|move|p2b: Dondozo|Wave Crash|p1b: Garchomp
|-activate|p1b: Garchomp|move: Protect
|
|-heal|p2b: Dondozo|65/100|[from] item: Leftovers
|upkeep
|turn|4
|
|t:|1756440916
|move|p1a: Whimsicott|Moonblast|p2b: Dondozo
|-damage|p2b: Dondozo|45/100
|move|p1b: Garchomp|Dragon Claw|p2b: Dondozo
|-damage|p2b: Dondozo|26/100
|-damage|p1b: Garchomp|91/100|[from] item: Life Orb
|move|p2b: Dondozo|Order Up|p1b: Garchomp
|-supereffective|p1b: Garchomp
|-damage|p1b: Garchomp|14/100
|-boost|p2b: Dondozo|atk|1
|
|-heal|p2b: Dondozo|32/100|[from] item: Leftovers
|upkeep
|turn|5
|
|t:|1756440934
|switch|p1b: Gholdengo|Gholdengo, L50, shiny|100/100
|move|p1a: Whimsicott|Encore|p2b: Dondozo
|-start|p2b: Dondozo|Encore
|move|p2b: Dondozo|Order Up|p1b: Gholdengo
|-resisted|p1b: Gholdengo
|-damage|p1b: Gholdengo|74/100
|-boost|p2b: Dondozo|atk|1
|
|-heal|p2b: Dondozo|38/100|[from] item: Leftovers
|-sideend|p1: RICHARDHAVOC|move: Tailwind
|upkeep
|turn|6
|
|t:|1756440980
|move|p1a: Whimsicott|Tailwind|p1a: Whimsicott
|-sidestart|p1: RICHARDHAVOC|move: Tailwind
|move|p1b: Gholdengo|Shadow Ball|p2b: Dondozo
|-damage|p2b: Dondozo|4/100
|move|p2b: Dondozo|Order Up|p1b: Gholdengo
|-resisted|p1b: Gholdengo
|-damage|p1b: Gholdengo|35/100
|-boost|p2b: Dondozo|atk|1
|
|-heal|p2b: Dondozo|11/100|[from] item: Leftovers
|upkeep
|turn|7
|
|t:|1756440998
|move|p1a: Whimsicott|Moonblast|p2b: Dondozo
|-damage|p2b: Dondozo|0 fnt
|faint|p2b: Dondozo
|move|p1b: Gholdengo|Shadow Ball|p2a: Tatsugiri
|-damage|p2a: Tatsugiri|14/100
|-unboost|p2a: Tatsugiri|spd|1
|
|upkeep
|
|t:|1756441009
|switch|p2b: Incineroar|Incineroar, L50, F|100/100
|-ability|p2b: Incineroar|Intimidate|boost
|-unboost|p1a: Whimsicott|atk|1
|-unboost|p1b: Gholdengo|atk|1
|turn|8
|
|t:|1756441041
|move|p2a: Tatsugiri|Protect|p2a: Tatsugiri
|-singleturn|p2a: Tatsugiri|Protect
|move|p1a: Whimsicott|Moonblast|p2b: Incineroar
|-damage|p2b: Incineroar|81/100
|move|p1b: Gholdengo|Shadow Ball|p2a: Tatsugiri
|-activate|p2a: Tatsugiri|move: Protect
|move|p2b: Incineroar|Flare Blitz|p1a: Whimsicott
|-supereffective|p1a: Whimsicott
|-enditem|p1a: Whimsicott|Focus Sash
|-damage|p1a: Whimsicott|1/100
|-damage|p2b: Incineroar|58/100|[from] Recoil
|
|upkeep
|turn|9
|
|t:|1756441059
|move|p1a: Whimsicott|Protect|p1a: Whimsicott
|-singleturn|p1a: Whimsicott|Protect
|move|p1b: Gholdengo|Shadow Ball|p2a: Tatsugiri
|-damage|p2a: Tatsugiri|0 fnt
|faint|p2a: Tatsugiri
|move|p2b: Incineroar|Knock Off|p1b: Gholdengo
|-supereffective|p1b: Gholdengo
|-damage|p1b: Gholdengo|0 fnt
|-enditem|p1b: Gholdengo|Choice Specs|[from] move: Knock Off|[of] p2b: Incineroar
|faint|p1b: Gholdengo
|
|-sideend|p1: RICHARDHAVOC|move: Tailwind
|upkeep
|
|t:|1756441073
|switch|p1b: Garchomp|Garchomp, L50, M, shiny|14/100
|switch|p2a: Dragapult|Dragapult, L50, F|100/100
|turn|10
|c| BLiiNDProdiigy|Jesus, the suspense is killing me
|inactive|Battle timer is ON: inactive players will automatically lose when time's up. (requested by CorkscrewRacer)
|
|t:|1756441194
|-terastallize|p1b: Garchomp|Ground
|-terastallize|p2b: Incineroar|Ghost
|move|p1a: Whimsicott|Tailwind|p1a: Whimsicott
|-sidestart|p1: RICHARDHAVOC|move: Tailwind
|move|p1b: Garchomp|Stomping Tantrum|p2b: Incineroar
|-damage|p2b: Incineroar|0 fnt
|faint|p2b: Incineroar
|-damage|p1b: Garchomp|4/100|[from] item: Life Orb
|move|p2a: Dragapult|U-turn|p1b: Garchomp
|-damage|p1b: Garchomp|0 fnt
|-damage|p2a: Dragapult|88/100|[from] ability: Rough Skin|[of] p1b: Garchomp
|faint|p1b: Garchomp
|
|upkeep
|turn|11
|
|t:|1756441213
|move|p1a: Whimsicott|Moonblast|p2a: Dragapult
|-supereffective|p2a: Dragapult
|-damage|p2a: Dragapult|0 fnt
|faint|p2a: Dragapult
|
|win|RICHARDHAVOC
|raw|RICHARDHAVOC's rating: 1249 → 1265(+16 for winning)
|raw|CorkscrewRacer's rating: 1111 → 1095(-16 for losing)
|c|☆RICHARDHAVOC|ggs
|c|☆RICHARDHAVOC|wp
|c|☆CorkscrewRacer|U2
|l| BLiiNDProdiigy
