|j|☆playboyCardi
|j|☆Ecthalloween
|html|playboyCardiEcthalloween    
|uhtml|bestof|Game 2 of a best-of-3
|t:|1757860376
|gametype|doubles
|player|p1|playboyCardi|dragontamer|1040
|player|p2|Ecthalloween|shauntal|1041
|gen|9
|tier|[Gen 9] VGC 2025 Reg H (Bo3)
|rated|
|rule|Species Clause: Limit one of each Pokémon
|rule|Item Clause: Limit 1 of each item
|clearpoke
|poke|p1|Torkoal, L50, M|
|poke|p1|Lilligant-Hisui, L50, F|
|poke|p1|Charizard, L50, F|
|poke|p1|Ninetales, L50, F|
|poke|p1|Ursaluna-Bloodmoon, L50, M|
|poke|p1|Exeggutor, L50, F|
|poke|p2|Dusclops, L50, F|
|poke|p2|Noivern, L50, M|
|poke|p2|Muk-Alola, L50, F|
|poke|p2|Incineroar, L50, M|
|poke|p2|Sinistcha, L50|
|poke|p2|Araquanid, L50, M|
|teampreview|4
|showteam|p1|Torkoal||WeaknessPolicy|Drought|Eruption,HeatWave,Protect,HelpingHand|||M|||50|,,,,,Fire]Lilligant-Hisui||FocusSash|Chlorophyll|AfterYou,SolarBlade,SleepPowder,Protect|||F|||50|,,,,,Grass]Charizard||Charcoal|SolarPower|HeatWave,TeraBlast,AirSlash,Protect|||F|||50|,,,,,Fire]Ninetales||EjectPack|Drought|Howl,HelpingHand,Encore,Overheat|||F|||50|,,,,,Fire]Ursaluna-Bloodmoon||ThroatSpray|MindsEye|HyperVoice,BloodMoon,VacuumWave,EarthPower|||M|||50|,,,,,Ground]Exeggutor||AguavBerry|Harvest|TrickRoom,SolarBeam,Psychic,SludgeBomb|||F|||50|,,,,,Grass
|showteam|p2|Dusclops||Eviolite|Frisk|NightShade,TrickRoom,PainSplit,WillOWisp|||F|||50|,,,,,Normal]Noivern||EjectPack|Infiltrator|DracoMeteor,Boomburst,Flamethrower,Protect|||M|||50|,,,,,Normal]Muk-Alola||AssaultVest|PoisonTouch|PoisonJab,KnockOff,DrainPunch,ClearSmog|||F|||50|,,,,,Flying]Incineroar||SafetyGoggles|Intimidate|KnockOff,Taunt,FakeOut,PartingShot|||M|||50|,,,,,Grass]Sinistcha||Leftovers|Hospitality|MatchaGotcha,Scald,LifeDew,RagePowder||||||50|,,,,,Water]Araquanid||ClearAmulet|WaterBubble|Lunge,Liquidation,WideGuard,Protect|||M|||50|,,,,,Water
|inactive|Battle timer is ON: inactive players will automatically lose when time's up. (requested by playboyCardi)
|
|t:|1757860399
|teamsize|p1|4
|teamsize|p2|4
|start
|switch|p1a: Ninetales|Ninetales, L50, F|100/100
|switch|p1b: Exeggutor|Exeggutor, L50, F|100/100
|switch|p2a: Incineroar|Incineroar, L50, M|100/100
|switch|p2b: Noivern|Noivern, L50, M|100/100
|-weather|SunnyDay|[from] ability: Drought|[of] p1a: Ninetales
|-ability|p2a: Incineroar|Intimidate|boost
|-unboost|p1a: Ninetales|atk|1
|-unboost|p1b: Exeggutor|atk|1
|-enditem|p1a: Ninetales|Eject Pack
|
|t:|1757860411
|switch|p1a: Ursaluna|Ursaluna-Bloodmoon, L50, M|100/100
|turn|1
|inactive|Ecthalloween has 30 seconds left.
|
|t:|1757860437
|move|p2a: Incineroar|Fake Out|p1a: Ursaluna
|-damage|p1a: Ursaluna|93/100
|move|p2b: Noivern|Flamethrower|p1b: Exeggutor
|-supereffective|p1b: Exeggutor
|-damage|p1b: Exeggutor|7/100
|-enditem|p1b: Exeggutor|Aguav Berry|[eat]
|-heal|p1b: Exeggutor|41/100|[from] item: Aguav Berry
|cant|p1a: Ursaluna|flinch
|move|p1b: Exeggutor|Trick Room|p1b: Exeggutor
|-fieldstart|move: Trick Room|[of] p1b: Exeggutor
|
|-weather|SunnyDay|[upkeep]
|-item|p1b: Exeggutor|Aguav Berry|[from] ability: Harvest
|upkeep
|turn|2
|
|t:|1757860460
|-terastallize|p2a: Incineroar|Grass
|move|p2b: Noivern|Protect|p2b: Noivern
|-singleturn|p2b: Noivern|Protect
|move|p1b: Exeggutor|Psychic|p2b: Noivern
|-activate|p2b: Noivern|move: Protect
|move|p1a: Ursaluna|Hyper Voice|p2b: Noivern|[spread] p2a
|-activate|p2b: Noivern|move: Protect
|-damage|p2a: Incineroar|67/100
|-enditem|p1a: Ursaluna|Throat Spray
|-boost|p1a: Ursaluna|spa|1|[from] item: Throat Spray
|move|p2a: Incineroar|Knock Off|p1a: Ursaluna
|-damage|p1a: Ursaluna|76/100
|
|-weather|SunnyDay|[upkeep]
|upkeep
|turn|3
|inactive|Ecthalloween has 30 seconds left.
|
|t:|1757860485
|switch|p2a: Muk|Muk-Alola, L50, F|100/100
|move|p1b: Exeggutor|Sludge Bomb|p2a: Muk
|-resisted|p2a: Muk
|-crit|p2a: Muk
|-damage|p2a: Muk|88/100
|move|p1a: Ursaluna|Blood Moon|p2b: Noivern
|-damage|p2b: Noivern|0 fnt
|faint|p2b: Noivern
|
|-weather|SunnyDay|[upkeep]
|upkeep
|
|t:|1757860501
|switch|p2b: Incineroar|Incineroar, L50, M, tera:Grass|67/100
|-ability|p2b: Incineroar|Intimidate|boost
|-unboost|p1a: Ursaluna|atk|1
|-unboost|p1b: Exeggutor|atk|1
|turn|4
|
|t:|1757860512
|move|p2b: Incineroar|Fake Out|p1a: Ursaluna
|-damage|p1a: Ursaluna|69/100
|move|p1b: Exeggutor|Sludge Bomb|p2b: Incineroar
|-supereffective|p2b: Incineroar
|-damage|p2b: Incineroar|10/100
|-status|p2b: Incineroar|psn
|move|p2a: Muk|Knock Off|p1b: Exeggutor
|-supereffective|p1b: Exeggutor
|-damage|p1b: Exeggutor|0 fnt
|-enditem|p1b: Exeggutor|Aguav Berry|[from] move: Knock Off|[of] p2a: Muk
|faint|p1b: Exeggutor
|cant|p1a: Ursaluna|flinch
|
|-weather|SunnyDay|[upkeep]
|-damage|p2b: Incineroar|0 fnt|[from] psn
|faint|p2b: Incineroar
|upkeep
|
|t:|1757860531
|switch|p1b: Torkoal|Torkoal, L50, M|100/100
|switch|p2b: Araquanid|Araquanid, L50, M, shiny|100/100
|turn|5
|inactive|Ecthalloween has 30 seconds left.
|inactive|playboyCardi has 30 seconds left.
|
|t:|1757860568
|move|p2b: Araquanid|Protect|p2b: Araquanid
|-singleturn|p2b: Araquanid|Protect
|move|p1b: Torkoal|Eruption|p2a: Muk|[spread] p2a
|-activate|p2b: Araquanid|move: Protect
|-damage|p2a: Muk|56/100
|move|p2a: Muk|Clear Smog|p1a: Ursaluna
|-resisted|p1a: Ursaluna
|-damage|p1a: Ursaluna|63/100
|-clearboost|p1a: Ursaluna
|move|p1a: Ursaluna|Earth Power|p2a: Muk
|-supereffective|p2a: Muk
|-damage|p2a: Muk|10/100
|
|-weather|none
|-fieldend|move: Trick Room
|upkeep
|turn|6
|inactive|Ecthalloween has 30 seconds left.
|
|t:|1757860595
|switch|p1b: Ninetales|Ninetales, L50, F|100/100
|-weather|SunnyDay|[from] ability: Drought|[of] p1b: Ninetales
|move|p1a: Ursaluna|Blood Moon|p2b: Araquanid
|-damage|p2b: Araquanid|38/100
|move|p2a: Muk|Knock Off|p1b: Ninetales
|-damage|p1b: Ninetales|70/100
|move|p2b: Araquanid|Liquidation|p1a: Ursaluna
|-supereffective|p1a: Ursaluna
|-damage|p1a: Ursaluna|16/100
|
|-weather|SunnyDay|[upkeep]
|upkeep
|turn|7
|inactive|playboyCardi has 30 seconds left.
|inactive|Ecthalloween has 30 seconds left.
|
|t:|1757860626
|move|p2b: Araquanid|Wide Guard|p2b: Araquanid
|-singleturn|p2b: Araquanid|Wide Guard
|move|p1b: Ninetales|Overheat|p2b: Araquanid
|-damage|p2b: Araquanid|13/100
|-unboost|p1b: Ninetales|spa|2
|move|p1a: Ursaluna|Earth Power|p2a: Muk
|-supereffective|p2a: Muk
|-damage|p2a: Muk|0 fnt
|faint|p2a: Muk
|
|-weather|SunnyDay|[upkeep]
|upkeep
|turn|8
|inactive|playboyCardi has 30 seconds left.
|
|t:|1757860655
|move|p1b: Ninetales|Encore|p2b: Araquanid
|-start|p2b: Araquanid|Encore
|move|p1a: Ursaluna|Blood Moon|p2b: Araquanid
|-damage|p2b: Araquanid|0 fnt
|faint|p2b: Araquanid
|
|win|playboyCardi
|l|☆Ecthalloween
|player|p2|
||playboyCardi is ready for game 3.
|inactive|Ecthalloween has 30 seconds to confirm battle start!
||Ecthalloween is ready for game 3.
|uhtml|next|Next: Game 3 of 3
