|j|☆RamiM50
|j|☆ttvmoxiie
|html|RamiM50ttvmoxiie    
|uhtml|bestof|Game 1 of a best-of-3
|t:|1757842272
|gametype|doubles
|player|p1|RamiM50|dragontamer|1235
|player|p2|ttvmoxiie|steven|1173
|gen|9
|tier|[Gen 9] VGC 2025 Reg H (Bo3)
|rated|
|rule|Species Clause: Limit one of each Pokémon
|rule|Item Clause: Limit 1 of each item
|clearpoke
|poke|p1|Rillaboom, L50, F|
|poke|p1|Primarina, L50, M|
|poke|p1|Incineroar, L50, M|
|poke|p1|Volcarona, L50, F|
|poke|p1|Zoroark-Hisui, L50, M|
|poke|p1|Sinistcha, L50|
|poke|p2|Dragonite, L50, F|
|poke|p2|Gholdengo, L50|
|poke|p2|Rillaboom, L50, F|
|poke|p2|Ursaluna-Bloodmoon, L50, M|
|poke|p2|Annihilape, L50, M|
|poke|p2|Maushold-Four, L50|
|teampreview|4
|showteam|p1|Rillaboom||FocusSash|GrassySurge|DrumBeating,GrassPledge,FakeOut,KnockOff|||F|||50|,,,,,Fire]Primarina||LifeOrb|LiquidVoice|Protect,HyperVoice,WaterPledge,Moonblast|||M|||50|,,,,,Poison]Incineroar||SafetyGoggles|Intimidate|KnockOff,FlareBlitz,FakeOut,PartingShot|||M|||50|,,,,,Ghost]Volcarona||GrassySeed|FlameBody|Protect,QuiverDance,FieryDance,GigaDrain|||F|||50|,,,,,Grass]Zoroark-Hisui||ChoiceSpecs|Illusion|HyperVoice,ShadowBall,TeraBlast,Psychic|||M|||50|,,,,,Fighting]Sinistcha||SitrusBerry|Hospitality|MatchaGotcha,TrickRoom,RagePowder,LifeDew||||||50|,,,,,Fire
|showteam|p2|Dragonite||LoadedDice|Multiscale|Haze,Protect,Tailwind,ScaleShot|||F|||50|,,,,,Fairy]Gholdengo||LifeOrb|GoodasGold|Protect,NastyPlot,MakeItRain,ShadowBall||||||50|,,,,,Water]Rillaboom||MiracleSeed|GrassySurge|GrassyGlide,WoodHammer,FakeOut,HighHorsepower|||F|||50|,,,,,Fire]Ursaluna-Bloodmoon||AssaultVest|MindsEye|BloodMoon,HyperVoice,EarthPower,VacuumWave|||M|||50|,,,,,Water]Annihilape||SitrusBerry|Defiant|RageFist,DrainPunch,BulkUp,Protect|||M|||50|,,,,,Fire]Maushold-Four||FocusSash|FriendGuard|SuperFang,FollowMe,BeatUp,Protect||||||50|,,,,,Ghost
|
|t:|1757842315
|teamsize|p1|4
|teamsize|p2|4
|start
|switch|p1a: Rillaboom|Rillaboom, L50, F|100/100
|switch|p1b: Primarina|Primarina, L50, M|100/100
|switch|p2a: Gholdengo|Gholdengo, L50|100/100
|switch|p2b: Maushold|Maushold-Four, L50|100/100
|-fieldstart|move: Grassy Terrain|[from] ability: Grassy Surge|[of] p1a: Rillaboom
|turn|1
|inactive|Battle timer is ON: inactive players will automatically lose when time's up. (requested by ttvmoxiie)
|inactive|RamiM50 has 60 seconds left.
|
|t:|1757842348
|move|p2b: Maushold|Super Fang|p1a: Rillaboom|[miss]
|-miss|p2b: Maushold|p1a: Rillaboom
|move|p1a: Rillaboom|Grass Pledge|p2a: Gholdengo
|-waiting|p1a: Rillaboom|p1b: Primarina
|move|p1b: Primarina|Water Pledge|p2a: Gholdengo|[from] move: Grass Pledge
|-combine
|-resisted|p2a: Gholdengo
|-damage|p2a: Gholdengo|55/100
|-sidestart|p2: ttvmoxiie|Grass Pledge
|-damage|p1b: Primarina|91/100|[from] item: Life Orb
|move|p2a: Gholdengo|Nasty Plot|p2a: Gholdengo
|-boost|p2a: Gholdengo|spa|2
|
|-heal|p1b: Primarina|97/100|[from] Grassy Terrain
|-heal|p2a: Gholdengo|61/100|[from] Grassy Terrain
|upkeep
|turn|2
|inactive|RamiM50 has 30 seconds left.
|inactive|RamiM50 has 20 seconds left.
|inactive|RamiM50 has 15 seconds left.
|inactive|RamiM50 has 10 seconds left.
|
|t:|1757842397
|move|p2b: Maushold|Follow Me|p2b: Maushold
|-singleturn|p2b: Maushold|move: Follow Me
|move|p1a: Rillaboom|Knock Off|p2b: Maushold
|-damage|p2b: Maushold|63/100
|-enditem|p2b: Maushold|Focus Sash|[from] move: Knock Off|[of] p1a: Rillaboom
|move|p1b: Primarina|Hyper Voice|p2a: Gholdengo|[spread] p2a,p2b
|-damage|p2a: Gholdengo|27/100
|-damage|p2b: Maushold|4/100
|-damage|p1b: Primarina|87/100|[from] item: Life Orb
|move|p2a: Gholdengo|Nasty Plot|p2a: Gholdengo
|-boost|p2a: Gholdengo|spa|2
|
|-heal|p1b: Primarina|93/100|[from] Grassy Terrain
|-heal|p2b: Maushold|10/100|[from] Grassy Terrain
|-heal|p2a: Gholdengo|33/100|[from] Grassy Terrain
|upkeep
|turn|3
|inactive|RamiM50 has 30 seconds left.
|
|t:|1757842427
|move|p2b: Maushold|Protect|p2b: Maushold
|-singleturn|p2b: Maushold|Protect
|move|p2a: Gholdengo|Protect|p2a: Gholdengo
|-singleturn|p2a: Gholdengo|Protect
|move|p1a: Rillaboom|Drum Beating|p2b: Maushold
|-activate|p2b: Maushold|move: Protect
|move|p1b: Primarina|Moonblast|p2a: Gholdengo
|-activate|p2a: Gholdengo|move: Protect
|
|-heal|p1b: Primarina|99/100|[from] Grassy Terrain
|-heal|p2b: Maushold|16/100|[from] Grassy Terrain
|-heal|p2a: Gholdengo|40/100|[from] Grassy Terrain
|upkeep
|turn|4
|
|t:|1757842450
|move|p1b: Primarina|Protect|p1b: Primarina
|-singleturn|p1b: Primarina|Protect
|move|p2b: Maushold|Follow Me|p2b: Maushold
|-singleturn|p2b: Maushold|move: Follow Me
|move|p1a: Rillaboom|Drum Beating|p2b: Maushold
|-damage|p2b: Maushold|0 fnt
|faint|p2b: Maushold
|move|p2a: Gholdengo|Make It Rain|p1b: Primarina|[spread] p1a
|-activate|p1b: Primarina|move: Protect
|-enditem|p1a: Rillaboom|Focus Sash
|-damage|p1a: Rillaboom|1/100
|-unboost|p2a: Gholdengo|spa|1
|-damage|p2a: Gholdengo|30/100|[from] item: Life Orb
|
|-heal|p1a: Rillaboom|7/100|[from] Grassy Terrain
|-heal|p1b: Primarina|100/100|[from] Grassy Terrain
|-heal|p2a: Gholdengo|36/100|[from] Grassy Terrain
|-sideend|p2: ttvmoxiie|Grass Pledge
|upkeep
|
|t:|1757842466
|switch|p2b: Rillaboom|Rillaboom, L50, F|100/100
|turn|5
|inactive|RamiM50 has 30 seconds left.
|inactive|RamiM50 has 20 seconds left.
|inactive|RamiM50 has 15 seconds left.
|
|t:|1757842508
|switch|p1a: Volcarona|Volcarona, L50, F|100/100
|-enditem|p1a: Volcarona|Grassy Seed
|-boost|p1a: Volcarona|def|1|[from] item: Grassy Seed
|switch|p1b: Incineroar|Incineroar, L50, M|100/100
|-ability|p1b: Incineroar|Intimidate|boost
|-unboost|p2a: Gholdengo|atk|1
|-unboost|p2b: Rillaboom|atk|1
|move|p2b: Rillaboom|Fake Out|p1b: Incineroar
|-damage|p1b: Incineroar|91/100
|move|p2a: Gholdengo|Make It Rain|p1a: Volcarona|[spread] p1a,p1b
|-resisted|p1a: Volcarona
|-resisted|p1b: Incineroar
|-damage|p1a: Volcarona|35/100
|-damage|p1b: Incineroar|35/100
|-unboost|p2a: Gholdengo|spa|1
|-damage|p2a: Gholdengo|26/100|[from] item: Life Orb
|
|-heal|p1a: Volcarona|42/100|[from] Grassy Terrain
|-heal|p2a: Gholdengo|32/100|[from] Grassy Terrain
|-heal|p1b: Incineroar|41/100|[from] Grassy Terrain
|-fieldend|move: Grassy Terrain
|upkeep
|turn|6
|inactive|RamiM50 has 30 seconds left.
|inactive|RamiM50 has 20 seconds left.
|inactive|ttvmoxiie has 30 seconds left.
|inactive|RamiM50 has 15 seconds left.
|inactive|RamiM50 has 10 seconds left.
|inactive|ttvmoxiie has 20 seconds left.
|inactive|RamiM50 has 5 seconds left.
|inactive|ttvmoxiie has 15 seconds left.
|inactive|ttvmoxiie has 10 seconds left.
|
|t:|1757842568
|-terastallize|p2a: Gholdengo|Water
|move|p1b: Incineroar|Fake Out|p2a: Gholdengo
|-damage|p2a: Gholdengo|22/100
|move|p1a: Volcarona|Fiery Dance|p2b: Rillaboom
|-supereffective|p2b: Rillaboom
|-damage|p2b: Rillaboom|11/100
|cant|p2a: Gholdengo|flinch
|move|p2b: Rillaboom|High Horsepower|p1a: Volcarona
|-damage|p1a: Volcarona|25/100
|-status|p2b: Rillaboom|brn|[from] ability: Flame Body|[of] p1a: Volcarona
|
|-damage|p2b: Rillaboom|5/100 brn|[from] brn
|upkeep
|turn|7
|inactive|RamiM50 has 30 seconds left.
|
|t:|1757842594
|move|p1a: Volcarona|Giga Drain|p2a: Gholdengo
|-supereffective|p2a: Gholdengo
|-damage|p2a: Gholdengo|0 fnt
|-heal|p1a: Volcarona|36/100|[from] drain|[of] p2a: Gholdengo
|faint|p2a: Gholdengo
|move|p2b: Rillaboom|High Horsepower|p1b: Incineroar
|-supereffective|p1b: Incineroar
|-damage|p1b: Incineroar|18/100
|move|p1b: Incineroar|Parting Shot|p2b: Rillaboom
|-unboost|p2b: Rillaboom|atk|1
|-unboost|p2b: Rillaboom|spa|1
|
|t:|1757842605
|switch|p1b: Rillaboom|Rillaboom, L50, F|7/100|[from] Parting Shot
|-fieldstart|move: Grassy Terrain|[from] ability: Grassy Surge|[of] p1b: Rillaboom
|
|-heal|p1b: Rillaboom|14/100|[from] Grassy Terrain
|-heal|p1a: Volcarona|42/100|[from] Grassy Terrain
|-heal|p2b: Rillaboom|11/100 brn|[from] Grassy Terrain
|-damage|p2b: Rillaboom|5/100 brn|[from] brn
|upkeep
|
|t:|1757842612
|switch|p2a: Ursaluna|Ursaluna-Bloodmoon, L50, M|100/100
|turn|8
|
|t:|1757842627
|move|p1b: Rillaboom|Fake Out|p2a: Ursaluna
|-damage|p2a: Ursaluna|91/100
|move|p2b: Rillaboom|Grassy Glide|p1b: Rillaboom
|-resisted|p1b: Rillaboom
|-damage|p1b: Rillaboom|7/100
|move|p1a: Volcarona|Giga Drain|p2a: Ursaluna
|-supereffective|p2a: Ursaluna
|-damage|p2a: Ursaluna|50/100
|-heal|p1a: Volcarona|66/100|[from] drain|[of] p2a: Ursaluna
|cant|p2a: Ursaluna|flinch
|
|-heal|p1b: Rillaboom|13/100|[from] Grassy Terrain
|-heal|p1a: Volcarona|72/100|[from] Grassy Terrain
|-heal|p2b: Rillaboom|11/100 brn|[from] Grassy Terrain
|-heal|p2a: Ursaluna|55/100|[from] Grassy Terrain
|-damage|p2b: Rillaboom|5/100 brn|[from] brn
|upkeep
|turn|9
|
|t:|1757842651
|-terastallize|p1a: Volcarona|Grass
|move|p1b: Rillaboom|Drum Beating|p2a: Ursaluna
|-supereffective|p2a: Ursaluna
|-damage|p2a: Ursaluna|0 fnt
|faint|p2a: Ursaluna
|move|p1a: Volcarona|Giga Drain|p2b: Rillaboom
|-resisted|p2b: Rillaboom
|-damage|p2b: Rillaboom|0 fnt
|-heal|p1a: Volcarona|75/100|[from] drain|[of] p2b: Rillaboom
|faint|p2b: Rillaboom
|
|win|RamiM50
