|j|☆Testing987654
|j|☆eviovulpix
|html|Testing987654eviovulpix    
|uhtml|bestof|Game 3 of a best-of-3
|t:|1782321047
|gametype|doubles
|player|p1|Testing987654|170|
|player|p2|eviovulpix|101|
|gen|9
|tier|[Gen 9 Champions] VGC 2026 Reg M-B (Bo3)
|rule|Species Clause: Limit one of each Pokémon
|rule|Item Clause: Limit 1 of each item
|clearpoke
|poke|p1|Staraptor, L50, M|
|poke|p1|Grimmsnarl, L50, M|
|poke|p1|Incineroar, L50, M|
|poke|p1|Sinistcha, L50|
|poke|p1|Toxapex, L50, F|
|poke|p1|Raichu, L50, M|
|poke|p2|Mawile, L50, F, shiny|
|poke|p2|Pelipper, L50, F, shiny|
|poke|p2|Archaludon, L50, M, shiny|
|poke|p2|Sinistcha, L50, shiny|
|poke|p2|Swampert, L50, F, shiny|
|poke|p2|Farigiraf, L50, F, shiny|
|teampreview|4
|showteam|p1|Staraptor||Staraptite|Intimidate|CloseCombat,DualWingbeat,Protect,Roost|Jolly||M|||50|]Grimmsnarl||LightClay|Prankster|Reflect,LightScreen,PartingShot,SpiritBreak|Careful||M|||50|]Incineroar||SitrusBerry|Intimidate|FakeOut,PartingShot,FlareBlitz,Protect|Careful||M|||50|]Sinistcha||KasibBerry|Hospitality|RagePowder,MatchaGotcha,Protect,ShadowBall|Bold|||||50|]Toxapex||Leftovers|Regenerator|Toxic,BanefulBunker,Infestation,Recover|Calm||F|||50|]Raichu||FocusSash|LightningRod|FakeOut,Protect,GrassKnot,Thunderbolt|Mild||M|||50|
|showteam|p2|Mawile||Mawilite|HyperCutter|IronHead,PlayRough,RockSlide,Protect|Adamant||F|||50|]Pelipper||FocusSash|Drizzle|WeatherBall,Hurricane,Tailwind,Protect|Modest||F|||50|]Archaludon||Leftovers|Stamina|ElectroShot,FlashCannon,DragonPulse,Protect|Modest||M|||50|]Sinistcha||KasibBerry|Hospitality|ShadowBall,RagePowder,MatchaGotcha,TrickRoom|Bold|||||50|]Swampert||Swampertite|Torrent|IcePunch,HighHorsepower,WaveCrash,Protect|Adamant||F|||50|]Farigiraf||SitrusBerry|ArmorTail|TrickRoom,Thunderbolt,TwinBeam,HelpingHand|Modest||F|||50|
|inactive|Battle timer is ON: inactive players will automatically lose when time's up. (requested by eviovulpix)
|
|t:|1782321078
|teamsize|p1|4
|teamsize|p2|4
|start
|switch|p1a: Grimmsnarl|Grimmsnarl, L50, M|100/100
|switch|p1b: Raichu|Raichu, L50, M|100/100
|switch|p2a: Pelipper|Pelipper, L50, F, shiny|100/100
|switch|p2b: Farigiraf|Farigiraf, L50, F, shiny|100/100
|-weather|RainDance|[from] ability: Drizzle|[of] p2a: Pelipper
|turn|1
|
|t:|1782321101
|switch|p2a: Swampert|Swampert, L50, F, shiny|100/100
|move|p1a: Grimmsnarl|Light Screen|p1a: Grimmsnarl
|-sidestart|p1: Testing987654|move: Light Screen
|move|p1b: Raichu|Thunderbolt|p2b: Farigiraf
|-damage|p2b: Farigiraf|61/100
|move|p2b: Farigiraf|Twin Beam|p1b: Raichu
|-damage|p1b: Raichu|79/100
|-damage|p1b: Raichu|60/100
|-hitcount|p1b: Raichu|2
|
|-weather|RainDance|[upkeep]
|upkeep
|turn|2
|
|t:|1782321132
|switch|p1b: Incineroar|Incineroar, L50, M|100/100
|-ability|p1b: Incineroar|Intimidate|boost
|-unboost|p2a: Swampert|atk|1
|-unboost|p2b: Farigiraf|atk|1
|switch|p2a: Mawile|Mawile, L50, F, shiny|100/100
|move|p1a: Grimmsnarl|Reflect|p1a: Grimmsnarl
|-sidestart|p1: Testing987654|Reflect
|move|p2b: Farigiraf|Trick Room|p2b: Farigiraf
|-fieldstart|move: Trick Room|[of] p2b: Farigiraf
|
|-weather|RainDance|[upkeep]
|upkeep
|turn|3
|
|t:|1782321148
|move|p2b: Farigiraf|Helping Hand|p2a: Mawile
|-singleturn|p2a: Mawile|Helping Hand|[of] p2b: Farigiraf
|move|p1b: Incineroar|Parting Shot|p2a: Mawile
|-fail|p2a: Mawile|unboost|Attack|[from] ability: Hyper Cutter|[of] p2a: Mawile
|-unboost|p2a: Mawile|spa|1
|
|t:|1782321153
|switch|p1b: Staraptor|Staraptor, L50, M|100/100|[from] Parting Shot
|-ability|p1b: Staraptor|Intimidate|boost
|-fail|p2a: Mawile|unboost|Attack|[from] ability: Hyper Cutter|[of] p2a: Mawile
|-unboost|p2b: Farigiraf|atk|1
|move|p1a: Grimmsnarl|Spirit Break|p2b: Farigiraf
|-damage|p2b: Farigiraf|36/100
|-unboost|p2b: Farigiraf|spa|1
|-enditem|p2b: Farigiraf|Sitrus Berry|[eat]
|-heal|p2b: Farigiraf|60/100|[from] item: Sitrus Berry
|move|p2a: Mawile|Rock Slide|p1b: Staraptor|[spread] p1a,p1b
|-supereffective|p1b: Staraptor|1
|-damage|p1a: Grimmsnarl|83/100
|-damage|p1b: Staraptor|67/100
|
|-weather|RainDance|[upkeep]
|upkeep
|turn|4
|inactive|Testing987654 has 30 seconds left.
|inactive|Testing987654 has 20 seconds left.
|inactive|Testing987654 has 15 seconds left.
|inactive|Testing987654 has 10 seconds left.
|
|t:|1782321198
|switch|p2b: Pelipper|Pelipper, L50, F, shiny|100/100
|detailschange|p2a: Mawile|Mawile-Mega, L50, F, shiny
|-mega|p2a: Mawile|Mawile|Mawilite
|detailschange|p1b: Staraptor|Staraptor-Mega, L50, M
|-mega|p1b: Staraptor|Staraptor|Staraptite
|move|p1b: Staraptor|Protect|p1b: Staraptor
|-singleturn|p1b: Staraptor|Protect
|move|p1a: Grimmsnarl|Parting Shot|p2a: Mawile
|-unboost|p2a: Mawile|atk|1
|-unboost|p2a: Mawile|spa|1
|
|t:|1782321201
|switch|p1a: Incineroar|Incineroar, L50, M|100/100|[from] Parting Shot
|-ability|p1a: Incineroar|Intimidate|boost
|-unboost|p2a: Mawile|atk|1
|-unboost|p2b: Pelipper|atk|1
|move|p2a: Mawile|Play Rough|p1b: Staraptor
|-activate|p1b: Staraptor|move: Protect
|
|-weather|RainDance|[upkeep]
|upkeep
|turn|5
|
|t:|1782321224
|switch|p2b: Farigiraf|Farigiraf, L50, F, shiny|60/100
|move|p1a: Incineroar|Parting Shot|p1b: Staraptor
|-boost|p1b: Staraptor|atk|1
|-boost|p1b: Staraptor|spa|1
|
|t:|1782321234
|switch|p1a: Grimmsnarl|Grimmsnarl, L50, M|83/100|[from] Parting Shot
|move|p2a: Mawile|Play Rough|p1b: Staraptor
|-supereffective|p1b: Staraptor|1
|-damage|p1b: Staraptor|21/100
|move|p1b: Staraptor|Close Combat|p2a: Mawile
|-damage|p2a: Mawile|15/100
|-boost|p1b: Staraptor|def|1
|-boost|p1b: Staraptor|spd|1
|
|-weather|none
|upkeep
|turn|6
|
|t:|1782321262
|switch|p1a: Raichu|Raichu, L50, M|60/100
|switch|p2a: Pelipper|Pelipper, L50, F, shiny|100/100
|-weather|RainDance|[from] ability: Drizzle|[of] p2a: Pelipper
|move|p1b: Staraptor|Protect|p1b: Staraptor
|-singleturn|p1b: Staraptor|Protect
|move|p2b: Farigiraf|Thunderbolt|p1a: Raichu
|-activate|p1a: Raichu|ability: Lightning Rod
|-ability|p1a: Raichu|Lightning Rod|boost
|-boost|p1a: Raichu|spa|1
|
|-weather|RainDance|[upkeep]
|-fieldend|move: Trick Room
|upkeep
|turn|7
|
|t:|1782321281
|move|p1b: Staraptor|Roost|p1b: Staraptor
|-heal|p1b: Staraptor|71/100
|-singleturn|p1b: Staraptor|move: Roost
|move|p1a: Raichu|Thunderbolt|p2a: Pelipper
|-supereffective|p2a: Pelipper|2
|-enditem|p2a: Pelipper|Focus Sash
|-damage|p2a: Pelipper|1/100
|move|p2a: Pelipper|Tailwind|p2a: Pelipper
|-sidestart|p2: eviovulpix|move: Tailwind
|move|p2b: Farigiraf|Trick Room|p2b: Farigiraf
|-fieldstart|move: Trick Room|[of] p2b: Farigiraf
|
|-weather|RainDance|[upkeep]
|upkeep
|turn|8
|
|t:|1782321300
|switch|p2a: Swampert|Swampert, L50, F, shiny|100/100
|move|p2b: Farigiraf|Twin Beam|p1b: Staraptor
|-supereffective|p1b: Staraptor|1
|-damage|p1b: Staraptor|54/100
|-supereffective|p1b: Staraptor|1
|-damage|p1b: Staraptor|38/100
|-hitcount|p1b: Staraptor|2
|move|p1a: Raichu|Grass Knot|p2a: Swampert
|-supereffective|p2a: Swampert|2
|-damage|p2a: Swampert|0 fnt
|faint|p2a: Swampert
|move|p1b: Staraptor|Close Combat|p2b: Farigiraf
|-damage|p2b: Farigiraf|0 fnt
|-boost|p1b: Staraptor|def|1
|-boost|p1b: Staraptor|spd|1
|faint|p2b: Farigiraf
|
|-weather|RainDance|[upkeep]
|-sideend|p1: Testing987654|move: Light Screen
|upkeep
|
|t:|1782321313
|switch|p2b: Pelipper|Pelipper, L50, F, shiny|1/100
|switch|p2a: Mawile|Mawile-Mega, L50, F, shiny|15/100
|turn|9
|
|t:|1782321334
|move|p1a: Raichu|Thunderbolt|p2b: Pelipper
|-supereffective|p2b: Pelipper|2
|-damage|p2b: Pelipper|0 fnt
|faint|p2b: Pelipper
|move|p1b: Staraptor|Close Combat|p2a: Mawile
|-damage|p2a: Mawile|0 fnt
|-boost|p1b: Staraptor|def|1
|-boost|p1b: Staraptor|spd|1
|faint|p2a: Mawile
|
|win|Testing987654
|c|☆eviovulpix|gg
|c|☆Testing987654|gg
|l|☆eviovulpix
|player|p2|
|l|☆Testing987654
|player|p1|
|j|☆eviovulpix
|player|p2|eviovulpix|101|
