|j|☆SacredZzz
|j|☆Declan777
|html|SacredZzzDeclan777    
|uhtml|bestof|Game 3 of a best-of-3
|t:|1784056603
|gametype|doubles
|player|p1|SacredZzz|cynthia-gen4|1069
|player|p2|Declan777|unknown|1150
|gen|9
|tier|[Gen 9 Champions] VGC 2026 Reg M-B (Bo3)
|rated|
|rule|Species Clause: Limit one of each Pokémon
|rule|Item Clause: Limit 1 of each item
|clearpoke
|poke|p1|Zoroark-Hisui, L50, F|
|poke|p1|Kangaskhan, L50, F|
|poke|p1|Whimsicott, L50, M|
|poke|p1|Gholdengo, L50|
|poke|p1|Incineroar, L50, F|
|poke|p1|Raichu, L50, F|
|poke|p2|Ampharos, L50, F|
|poke|p2|Sinistcha, L50|
|poke|p2|Metagross, L50, shiny|
|poke|p2|Toxapex, L50, M|
|poke|p2|Pelipper, L50, M|
|poke|p2|Tauros-Paldea-Aqua, L50, M|
|teampreview|4
|showteam|p1|Zoroark-Hisui||FocusSash|Illusion|IcyWind,BitterMalice,Protect,Taunt|Timid||F|||50|]Kangaskhan||Kangaskhanite|EarlyBird|FakeOut,DoubleEdge,DrainPunch,SuckerPunch|Adamant||F|||50|]Whimsicott||KebiaBerry|Prankster|Tailwind,Tickle,Encore,Moonblast|Timid||M|||50|]Gholdengo||LifeOrb|GoodasGold|NastyPlot,ShadowBall,Protect,MakeItRain|Timid|||||50|]Incineroar||ChopleBerry|Intimidate|FakeOut,FlareBlitz,CloseCombat,ThroatChop|Adamant||F|||50|]Raichu||RaichuniteY|Static|VoltSwitch,FocusBlast,ZapCannon,Protect|Timid||F|||50|
|showteam|p2|Ampharos||Ampharosite|Static|CottonGuard,Thunderbolt,DragonPulse,Protect|Modest||F|||50|]Sinistcha||SitrusBerry|Hospitality|TrickRoom,MatchaGotcha,RagePowder,Protect|Bold|||||50|]Metagross||Metagrossite|ClearBody|IronHead,BulletPunch,PsychicFangs,Protect|Jolly|||||50|]Toxapex||Leftovers|Regenerator|Toxic,BanefulBunker,Infestation,WideGuard|Sassy||M|||50|]Pelipper||FocusSash|Drizzle|WeatherBall,Hurricane,IceBeam,Protect|Modest||M|||50|]Tauros-Paldea-Aqua||LifeOrb|Intimidate|AquaJet,CloseCombat,WaveCrash,Protect|Jolly||M|||50|
|inactive|Battle timer is ON: inactive players will automatically lose when time's up. (requested by Declan777)
|
|t:|1784056645
|teamsize|p1|4
|teamsize|p2|4
|start
|switch|p1a: Kangaskhan|Kangaskhan, L50, F|100/100
|switch|p1b: Whimsicott|Whimsicott, L50, M|100/100
|switch|p2a: Metagross|Metagross, L50, shiny|100/100
|switch|p2b: Tauros|Tauros-Paldea-Aqua, L50, M|100/100
|-ability|p2b: Tauros|Intimidate|boost
|-unboost|p1a: Kangaskhan|atk|1
|-unboost|p1b: Whimsicott|atk|1
|turn|1
|inactive|SacredZzz has 30 seconds left.
|inactive|Declan777 has 30 seconds left.
|inactive|SacredZzz has 20 seconds left.
|
|t:|1784056685
|switch|p1b: Incineroar|Incineroar, L50, F|100/100
|-ability|p1b: Incineroar|Intimidate|boost
|-fail|p2a: Metagross|unboost|[from] ability: Clear Body|[of] p2a: Metagross
|-unboost|p2b: Tauros|atk|1
|detailschange|p2a: Metagross|Metagross-Mega, L50, shiny
|-mega|p2a: Metagross|Metagross|Metagrossite
|move|p1a: Kangaskhan|Fake Out|p2b: Tauros
|-damage|p2b: Tauros|84/100
|move|p2a: Metagross|Bullet Punch|p1b: Incineroar
|-resisted|p1b: Incineroar|1
|-damage|p1b: Incineroar|86/100
|cant|p2b: Tauros|flinch
|
|upkeep
|turn|2
|inactive|SacredZzz has 30 seconds left.
|inactive|Declan777 has 30 seconds left.
|inactive|Declan777 has 20 seconds left.
|inactive|SacredZzz has 20 seconds left.
|inactive|Declan777 has 15 seconds left.
|inactive|SacredZzz has 15 seconds left.
|inactive|SacredZzz has 10 seconds left.
|
|t:|1784056736
|switch|p2a: Pelipper|Pelipper, L50, M|100/100
|-weather|RainDance|[from] ability: Drizzle|[of] p2a: Pelipper
|detailschange|p1a: Kangaskhan|Kangaskhan-Mega, L50, F
|-mega|p1a: Kangaskhan|Kangaskhan|Kangaskhanite
|move|p1b: Incineroar|Fake Out|p2b: Tauros
|-damage|p2b: Tauros|69/100
|cant|p2b: Tauros|flinch
|move|p1a: Kangaskhan|Drain Punch|p2a: Pelipper
|-resisted|p2a: Pelipper|1
|-damage|p2a: Pelipper|89/100
|-resisted|p2a: Pelipper|1
|-damage|p2a: Pelipper|86/100
|-hitcount|p2a: Pelipper|2
|
|-weather|RainDance|[upkeep]
|upkeep
|turn|3
|inactive|SacredZzz has 30 seconds left.
|inactive|Declan777 has 30 seconds left.
|inactive|SacredZzz has 20 seconds left.
|inactive|Declan777 has 20 seconds left.
|
|t:|1784056776
|switch|p1a: Whimsicott|Whimsicott, L50, M|100/100
|switch|p2a: Sinistcha|Sinistcha, L50|100/100
|-heal|p2b: Tauros|94/100|[from] ability: Hospitality|[of] p2a: Sinistcha
|switch|p1b: Whimsicott|Whimsicott, L50, M|100/100
|move|p2b: Tauros|Wave Crash|p1b: Whimsicott
|-resisted|p1b: Whimsicott|1
|-damage|p1b: Whimsicott|47/100
|-damage|p2b: Tauros|77/100|[from] Recoil
|-damage|p2b: Tauros|67/100|[from] item: Life Orb
|
|-weather|RainDance|[upkeep]
|upkeep
|turn|4
|inactive|SacredZzz has 30 seconds left.
|inactive|Declan777 has 30 seconds left.
|inactive|SacredZzz has 20 seconds left.
|inactive|Declan777 has 20 seconds left.
|
|t:|1784056813
|move|p2b: Tauros|Aqua Jet|p1a: Whimsicott
|-damage|p1a: Whimsicott|46/100
|replace|p1a: Zoroark|Zoroark-Hisui, L50, F
|-end|p1a: Zoroark|Illusion
|-damage|p2b: Tauros|57/100|[from] item: Life Orb
|move|p1b: Whimsicott|Moonblast|p2b: Tauros
|-supereffective|p2b: Tauros|1
|-damage|p2b: Tauros|0 fnt
|faint|p2b: Tauros
|move|p1a: Zoroark|Taunt|p2a: Sinistcha
|-start|p2a: Sinistcha|move: Taunt
|cant|p2a: Sinistcha|move: Taunt|Trick Room
|
|-weather|RainDance|[upkeep]
|upkeep
|
|t:|1784056832
|switch|p2b: Metagross|Metagross-Mega, L50, shiny|100/100
|turn|5
|inactive|SacredZzz has 30 seconds left.
|
|t:|1784056865
|switch|p1b: Incineroar|Incineroar, L50, F|86/100
|-ability|p1b: Incineroar|Intimidate|boost
|-unboost|p2a: Sinistcha|atk|1
|-unboost|p2b: Metagross|atk|1
|switch|p2a: Pelipper|Pelipper, L50, M|86/100
|move|p2b: Metagross|Bullet Punch|p1a: Zoroark
|-damage|p1a: Zoroark|3/100
|move|p1a: Zoroark|Bitter Malice|p2b: Metagross
|-supereffective|p2b: Metagross|1
|-crit|p2b: Metagross
|-damage|p2b: Metagross|0 fnt
|faint|p2b: Metagross
|
|-weather|RainDance|[upkeep]
|upkeep
|
|t:|1784056869
|switch|p2b: Sinistcha|Sinistcha, L50|100/100
|-heal|p2a: Pelipper|100/100|[from] ability: Hospitality|[of] p2b: Sinistcha
|turn|6
|inactive|SacredZzz has 30 seconds left.
|inactive|Declan777 has 30 seconds left.
|
|t:|1784056907
|move|p1b: Incineroar|Fake Out|p2a: Pelipper
|-damage|p2a: Pelipper|83/100
|move|p1a: Zoroark|Bitter Malice|p2b: Sinistcha
|-supereffective|p2b: Sinistcha|1
|-damage|p2b: Sinistcha|21/100
|-unboost|p2b: Sinistcha|atk|1
|-enditem|p2b: Sinistcha|Sitrus Berry|[eat]
|-heal|p2b: Sinistcha|46/100|[from] item: Sitrus Berry
|cant|p2a: Pelipper|flinch
|move|p2b: Sinistcha|Trick Room|p2b: Sinistcha
|-fieldstart|move: Trick Room|[of] p2b: Sinistcha
|
|-weather|none
|upkeep
|turn|7
|
|t:|1784056931
|switch|p1b: Whimsicott|Whimsicott, L50, M|47/100
|move|p2b: Sinistcha|Matcha Gotcha|p1b: Whimsicott|[spread] p1a,p1b
|-resisted|p1b: Whimsicott|1
|-damage|p1a: Zoroark|0 fnt
|-heal|p2b: Sinistcha|47/100|[from] drain|[of] p1a: Zoroark
|-damage|p1b: Whimsicott|32/100
|-heal|p2b: Sinistcha|53/100|[from] drain|[of] p1b: Whimsicott
|-status|p1b: Whimsicott|brn
|faint|p1a: Zoroark
|move|p2a: Pelipper|Hurricane|p1b: Whimsicott|[miss]
|-miss|p2a: Pelipper|p1b: Whimsicott
|
|-damage|p1b: Whimsicott|26/100 brn|[from] brn
|upkeep
|
|t:|1784056952
|switch|p1a: Incineroar|Incineroar, L50, F|86/100
|-ability|p1a: Incineroar|Intimidate|boost
|-unboost|p2a: Pelipper|atk|1
|-unboost|p2b: Sinistcha|atk|1
|turn|8
|inactive|SacredZzz has 30 seconds left.
|
|t:|1784056983
|move|p1a: Incineroar|Throat Chop|p2b: Sinistcha
|-supereffective|p2b: Sinistcha|1
|-damage|p2b: Sinistcha|0 fnt
|faint|p2b: Sinistcha
|move|p2a: Pelipper|Hurricane|p1a: Incineroar
|-damage|p1a: Incineroar|43/100
|move|p1b: Whimsicott|Moonblast|p2a: Pelipper
|-damage|p2a: Pelipper|35/100
|
|-damage|p1b: Whimsicott|20/100y brn|[from] brn
|upkeep
|turn|9
|inactive|Declan777 has 30 seconds left.
|
|t:|1784057010
|move|p1a: Incineroar|Throat Chop|p2a: Pelipper
|-damage|p2a: Pelipper|0 fnt
|faint|p2a: Pelipper
|
|win|SacredZzz
|raw|SacredZzz's rating: 1069 → 1105(+36 for winning)
|raw|Declan777's rating: 1150 → 1119(-31 for losing)
