|j|☆Br1_lore
|j|☆Orion11Vgc
|html|Br1_loreOrion11Vgc    
|uhtml|bestof|Game 1 of a best-of-3
|t:|1782307543
|gametype|doubles
|player|p1|Br1_lore|101|1123
|player|p2|Orion11Vgc|lucas|1159
|gen|9
|tier|[Gen 9 Champions] VGC 2026 Reg M-B (Bo3)
|rated|
|rule|Species Clause: Limit one of each Pokémon
|rule|Item Clause: Limit 1 of each item
|clearpoke
|poke|p1|Metagross, L50|
|poke|p1|Hydreigon, L50, F|
|poke|p1|Sneasler, L50, F|
|poke|p1|Lycanroc-Dusk, L50, M|
|poke|p1|Talonflame, L50, F|
|poke|p1|Basculegion, L50, M|
|poke|p2|Metagross, L50|
|poke|p2|Sneasler, L50, F|
|poke|p2|Incineroar, L50, M|
|poke|p2|Hydreigon, L50, M|
|poke|p2|Aerodactyl, L50, M|
|poke|p2|Floette-Eternal, L50, F|
|teampreview|4
|showteam|p1|Metagross||Metagrossite|ClearBody|BulletPunch,PsychicFangs,BodyPress,Protect|Adamant|||||50|]Hydreigon||ChoiceScarf|Levitate|DragonPulse,EarthPower,Flamethrower,DarkPulse|Timid||F|||50|]Sneasler||WhiteHerb|Unburden|CloseCombat,FakeOut,DireClaw,Protect|Adamant||F|||50|]Lycanroc-Dusk||FocusSash|ToughClaws|Accelerock,CloseCombat,RockSlide,Protect|Jolly||M|||50|]Talonflame||ChartiBerry|GaleWings|BraveBird,Tailwind,RainDance,WillOWisp|Jolly||F|||50|]Basculegion||LifeOrb|SwiftSwim|AquaJet,LastRespects,Protect,WaveCrash|Adamant||M|||50|
|showteam|p2|Metagross||Metagrossite|ClearBody|IronHead,PsychicFangs,BodyPress,Protect|Jolly|||||50|]Sneasler||WhiteHerb|Unburden|FakeOut,CloseCombat,DireClaw,Coaching|Jolly||F|||50|]Incineroar||PasshoBerry|Intimidate|FakeOut,FlareBlitz,ThroatChop,PartingShot|Careful||M|||50|]Hydreigon||ChoiceScarf|Levitate|DracoMeteor,DarkPulse,Snarl,Flamethrower|Modest||M|||50|]Aerodactyl||FocusSash|Unnerve|RockSlide,Tailwind,DualWingbeat,WideGuard|Jolly||M|||50|]Floette-Eternal||Floettite|FlowerVeil|DrainingKiss,DazzlingGleam,CalmMind,Protect|Modest||F|||50|
|inactive|Battle timer is ON: inactive players will automatically lose when time's up. (requested by Orion11Vgc)
|inactive|Br1_lore has 60 seconds left.
|inactive|Orion11Vgc has 60 seconds left.
|
|t:|1782307598
|teamsize|p1|4
|teamsize|p2|4
|start
|switch|p1a: Sneasler|Sneasler, L50, F|100/100
|switch|p1b: Metagross|Metagross, L50|100/100
|switch|p2a: Hydreigon|Hydreigon, L50, M|100/100
|switch|p2b: Sneasler|Sneasler, L50, F|100/100
|turn|1
|inactive|Orion11Vgc has 30 seconds left.
|
|t:|1782307628
|switch|p2a: Metagross|Metagross, L50|100/100
|detailschange|p1b: Metagross|Metagross-Mega, L50
|-mega|p1b: Metagross|Metagross|Metagrossite
|move|p1a: Sneasler|Fake Out|p2a: Metagross
|-resisted|p2a: Metagross|1
|-damage|p2a: Metagross|95/100
|move|p2b: Sneasler|Coaching|p2a: Metagross
|-boost|p2a: Metagross|atk|1
|-boost|p2a: Metagross|def|1
|move|p1b: Metagross|Psychic Fangs|p2b: Sneasler
|-supereffective|p2b: Sneasler|2
|-damage|p2b: Sneasler|0 fnt
|faint|p2b: Sneasler
|
|upkeep
|
|t:|1782307645
|switch|p2b: Incineroar|Incineroar, L50, M|100/100
|-ability|p2b: Incineroar|Intimidate|boost
|-unboost|p1a: Sneasler|atk|1
|-unboost|p1b: Metagross|atk|1
|-enditem|p1a: Sneasler|White Herb
|-clearnegativeboost|p1a: Sneasler|[silent]
|turn|2
|inactive|Orion11Vgc has 30 seconds left.
|inactive|Orion11Vgc has 20 seconds left.
|
|t:|1782307683
|detailschange|p2a: Metagross|Metagross-Mega, L50
|-mega|p2a: Metagross|Metagross|Metagrossite
|move|p1a: Sneasler|Protect|p1a: Sneasler
|-singleturn|p1a: Sneasler|Protect
|move|p1b: Metagross|Protect|p1b: Metagross
|-singleturn|p1b: Metagross|Protect
|move|p2b: Incineroar|Fake Out|p1b: Metagross
|-activate|p1b: Metagross|move: Protect
|move|p2a: Metagross|Body Press|p1b: Metagross
|-activate|p1b: Metagross|move: Protect
|
|upkeep
|turn|3
|
|t:|1782307702
|move|p1a: Sneasler|Close Combat|p2a: Metagross
|-damage|p2a: Metagross|65/100
|-unboost|p1a: Sneasler|def|1
|-unboost|p1a: Sneasler|spd|1
|move|p2a: Metagross|Psychic Fangs|p1a: Sneasler
|-supereffective|p1a: Sneasler|2
|-damage|p1a: Sneasler|0 fnt
|faint|p1a: Sneasler
|move|p1b: Metagross|Body Press|p2b: Incineroar
|-supereffective|p2b: Incineroar|1
|-damage|p2b: Incineroar|40/100
|move|p2b: Incineroar|Parting Shot|p1b: Metagross
|-unboost|p1b: Metagross|atk|1
|-unboost|p1b: Metagross|spa|1
|
|t:|1782307716
|switch|p2b: Hydreigon|Hydreigon, L50, M|100/100|[from] Parting Shot
|
|upkeep
|
|t:|1782307726
|switch|p1a: Talonflame|Talonflame, L50, F|100/100
|turn|4
|
|t:|1782307747
|switch|p2b: Incineroar|Incineroar, L50, M|40/100
|-ability|p2b: Incineroar|Intimidate|boost
|-unboost|p1a: Talonflame|atk|1
|-unboost|p1b: Metagross|atk|1
|move|p1a: Talonflame|Tailwind|p1a: Talonflame
|-sidestart|p1: Br1_lore|move: Tailwind
|move|p1b: Metagross|Bullet Punch|p2b: Incineroar
|-resisted|p2b: Incineroar|1
|-damage|p2b: Incineroar|35/100
|move|p2a: Metagross|Psychic Fangs|p1a: Talonflame
|-damage|p1a: Talonflame|0 fnt
|faint|p1a: Talonflame
|
|upkeep
|
|t:|1782307759
|switch|p1a: Basculegion|Basculegion, L50, M|100/100
|turn|5
|inactive|Orion11Vgc has 30 seconds left.
|inactive|Orion11Vgc has 20 seconds left.
|inactive|Orion11Vgc has 15 seconds left.
|
|t:|1782307801
|move|p2b: Incineroar|Fake Out|p1b: Metagross
|-resisted|p1b: Metagross|1
|-damage|p1b: Metagross|96/100
|cant|p1b: Metagross|flinch
|move|p1a: Basculegion|Last Respects|p2a: Metagross
|-supereffective|p2a: Metagross|1
|-damage|p2a: Metagross|0 fnt
|faint|p2a: Metagross
|-damage|p1a: Basculegion|90/100|[from] item: Life Orb
|
|upkeep
|
|t:|1782307812
|switch|p2a: Hydreigon|Hydreigon, L50, M|100/100
|turn|6
|
|t:|1782307834
|move|p1b: Metagross|Body Press|p2a: Hydreigon
|-supereffective|p2a: Hydreigon|1
|-crit|p2a: Hydreigon
|-damage|p2a: Hydreigon|0 fnt
|faint|p2a: Hydreigon
|move|p1a: Basculegion|Wave Crash|p2b: Incineroar
|-supereffective|p2b: Incineroar|1
|-crit|p2b: Incineroar
|-enditem|p2b: Incineroar|Passho Berry|[eat]
|-enditem|p2b: Incineroar|Passho Berry|[weaken]
|-damage|p2b: Incineroar|0 fnt
|faint|p2b: Incineroar
|-damage|p1a: Basculegion|79/100|[from] Recoil
|-damage|p1a: Basculegion|69/100|[from] item: Life Orb
|
|win|Br1_lore
||Orion11Vgc is ready for game 2.
|inactive|Br1_lore has 30 seconds to confirm battle start!
||Br1_lore is ready for game 2.
|uhtml|next|Next: Game 2 of 3
|l|☆Orion11Vgc
|player|p2|
