|j|☆natsukivgc
|j|☆MrsMarxy
|html|natsukivgcMrsMarxy    
|uhtml|bestof|Game 1 of a best-of-3
|t:|1785684659
|gametype|doubles
|player|p1|natsukivgc|265|1231
|player|p2|MrsMarxy|bellelba|1088
|gen|9
|tier|[Gen 9 Champions] VGC 2026 Reg M-B (Bo3)
|rated|
|rule|Species Clause: Limit one of each Pokémon
|rule|Item Clause: Limit 1 of each item
|clearpoke
|poke|p1|Garchomp, L50, M|
|poke|p1|Charizard, L50, M|
|poke|p1|Kingambit, L50, F|
|poke|p1|Basculegion, L50, M|
|poke|p1|Whimsicott, L50, F|
|poke|p1|Floette-Eternal, L50, F|
|poke|p2|Blaziken, L50, F|
|poke|p2|Ninetales-Alola, L50, F|
|poke|p2|Kingambit, L50, M|
|poke|p2|Basculegion, L50, M|
|poke|p2|Whimsicott, L50, F|
|poke|p2|Aerodactyl, L50, F|
|teampreview|4
|showteam|p1|Garchomp||SitrusBerry|RoughSkin|RockSlide,DragonTail,StompingTantrum,PoisonJab|Adamant||M|||50|]Charizard||CharizarditeY|Blaze|HeatWave,SolarBeam,WeatherBall,Protect|Modest||M|||50|]Kingambit||LifeOrb|Defiant|KowtowCleave,IronHead,SuckerPunch,LowKick|Adamant||F|||50|]Basculegion||ChoiceScarf|Adaptability|LastRespects,WaveCrash,FlipTurn,AquaJet|Jolly||M|||50|]Whimsicott||FocusSash|Prankster|Tailwind,Moonblast,Encore,Protect|Timid||F|||50|]Floette-Eternal||Floettite|FlowerVeil|DazzlingGleam,Moonblast,LightofRuin,Protect|Modest||F|||50|
|showteam|p2|Blaziken||Blazikenite|Blaze|Protect,AuraSphere,ScorchingSands,HeatWave|Modest||F|||50|]Ninetales-Alola||LifeOrb|SnowWarning|Blizzard,FreezeDry,Moonblast,Protect|Timid||F|||50|]Kingambit||BlackGlasses|Defiant|SuckerPunch,IronHead,Protect,KowtowCleave|Adamant||M|||50|]Basculegion||ChoiceScarf|Adaptability|LastRespects,WaveCrash,AquaJet,FlipTurn|Jolly||M|||50|]Whimsicott||FocusSash|Prankster|Moonblast,Tailwind,Protect,Encore|Timid||F|||50|]Aerodactyl||Aerodactylite|Unnerve|RockSlide,DualWingbeat,WideGuard,Taunt|Jolly||F|||50|
|inactive|Battle timer is ON: inactive players will automatically lose when time's up. (requested by MrsMarxy)
|inactive|natsukivgc has 60 seconds left.
|inactive|MrsMarxy has 60 seconds left.
|inactive|natsukivgc has 30 seconds left.
|inactive|MrsMarxy has 30 seconds left.
|inactive|natsukivgc has 20 seconds left.
|inactive|MrsMarxy has 20 seconds left.
|
|t:|1785684734
|teamsize|p1|4
|teamsize|p2|4
|start
|switch|p1a: Basculegion|Basculegion, L50, M|100/100
|switch|p1b: Whimsicott|Whimsicott, L50, F|100/100
|switch|p2a: Whimsicott|Whimsicott, L50, F|100/100
|switch|p2b: Aerodactyl|Aerodactyl, L50, F|100/100
|-ability|p2b: Aerodactyl|Unnerve
|turn|1
|inactive|MrsMarxy has 30 seconds left.
|
|t:|1785684767
|move|p1b: Whimsicott|Protect|p1b: Whimsicott
|-singleturn|p1b: Whimsicott|Protect
|move|p2a: Whimsicott|Tailwind|p2a: Whimsicott
|-sidestart|p2: MrsMarxy|move: Tailwind
|move|p2b: Aerodactyl|Dual Wingbeat|p1b: Whimsicott
|-activate|p1b: Whimsicott|move: Protect
|move|p1a: Basculegion|Flip Turn|p2a: Whimsicott
|-resisted|p2a: Whimsicott|1
|-damage|p2a: Whimsicott|72/100
|inactive|natsukivgc has 30 seconds left.
|
|t:|1785684796
|switch|p1a: Garchomp|Garchomp, L50, M|100/100|[from] Flip Turn
|
|upkeep
|turn|2
|
|t:|1785684827
|switch|p1b: Charizard|Charizard, L50, M|100/100
|move|p2a: Whimsicott|Encore||[still]
|-fail|p2a: Whimsicott
|move|p2b: Aerodactyl|Rock Slide|p1a: Garchomp|[spread] p1b
|-miss|p2b: Aerodactyl|p1a: Garchomp
|-supereffective|p1b: Charizard|2
|-damage|p1b: Charizard|7/100
|move|p1a: Garchomp|Rock Slide|p2b: Aerodactyl|[spread] p2b
|-miss|p1a: Garchomp|p2a: Whimsicott
|-supereffective|p2b: Aerodactyl|1
|-damage|p2b: Aerodactyl|32/100
|
|upkeep
|turn|3
|
|t:|1785684846
|detailschange|p1b: Charizard|Charizard-Mega-Y, L50, M
|-mega|p1b: Charizard|Charizard|Charizardite Y
|-weather|SunnyDay|[from] ability: Drought|[of] p1b: Charizard
|move|p1b: Charizard|Protect|p1b: Charizard
|-singleturn|p1b: Charizard|Protect
|move|p2b: Aerodactyl|Rock Slide|p1b: Charizard|[spread] p1a
|-activate|p1b: Charizard|move: Protect
|-resisted|p1a: Garchomp|1
|-damage|p1a: Garchomp|89/100
|move|p2a: Whimsicott|Moonblast|p1a: Garchomp
|-supereffective|p1a: Garchomp|1
|-crit|p1a: Garchomp
|-damage|p1a: Garchomp|0 fnt
|faint|p1a: Garchomp
|
|-weather|SunnyDay|[upkeep]
|upkeep
|
|t:|1785684861
|switch|p1a: Whimsicott|Whimsicott, L50, F|100/100
|turn|4
|
|t:|1785684876
|move|p1a: Whimsicott|Tailwind|p1a: Whimsicott
|-sidestart|p1: natsukivgc|move: Tailwind
|move|p2b: Aerodactyl|Rock Slide|p1a: Whimsicott|[spread] p1a,p1b
|-supereffective|p1b: Charizard|2
|-damage|p1a: Whimsicott|61/100
|-damage|p1b: Charizard|0 fnt
|faint|p1b: Charizard
|move|p2a: Whimsicott|Moonblast|p1a: Whimsicott
|-damage|p1a: Whimsicott|1/100
|
|-weather|SunnyDay|[upkeep]
|-sideend|p2: MrsMarxy|move: Tailwind
|upkeep
|
|t:|1785684886
|switch|p1b: Basculegion|Basculegion, L50, M|100/100
|turn|5
|
|t:|1785684903
|move|p2a: Whimsicott|Tailwind|p2a: Whimsicott
|-sidestart|p2: MrsMarxy|move: Tailwind
|move|p1b: Basculegion|Last Respects|p2a: Whimsicott
|-damage|p2a: Whimsicott|0 fnt
|faint|p2a: Whimsicott
|move|p2b: Aerodactyl|Taunt|p1a: Whimsicott
|-start|p1a: Whimsicott|move: Taunt
|move|p1a: Whimsicott|Moonblast|p2b: Aerodactyl
|-damage|p2b: Aerodactyl|0 fnt
|faint|p2b: Aerodactyl
|
|-weather|SunnyDay|[upkeep]
|upkeep
|
|t:|1785684912
|switch|p2b: Basculegion|Basculegion, L50, M|100/100
|switch|p2a: Blaziken|Blaziken, L50, F|100/100
|turn|6
|
|t:|1785684931
|move|p2a: Blaziken|Protect|p2a: Blaziken
|-singleturn|p2a: Blaziken|Protect
|move|p1b: Basculegion|Last Respects|p2b: Basculegion
|-supereffective|p2b: Basculegion|1
|-damage|p2b: Basculegion|0 fnt
|faint|p2b: Basculegion
|move|p1a: Whimsicott|Moonblast|p2a: Blaziken
|-activate|p2a: Blaziken|move: Protect
|
|-weather|SunnyDay|[upkeep]
|upkeep
|turn|7
|
|t:|1785684947
|detailschange|p2a: Blaziken|Blaziken-Mega, L50, F
|-mega|p2a: Blaziken|Blaziken|Blazikenite
|move|p1b: Basculegion|Last Respects|p2a: Blaziken
|-damage|p2a: Blaziken|0 fnt
|faint|p2a: Blaziken
|
|win|natsukivgc
