|j|☆aqueousbloop
|j|☆atmhools1
|html|aqueousbloopatmhools1    
|uhtml|bestof|Game 1 of a best-of-3
|t:|1756276176
|gametype|doubles
|player|p1|aqueousbloop|102|1070
|player|p2|atmhools1|169|1089
|gen|9
|tier|[Gen 9] VGC 2025 Reg H (Bo3)
|rated|
|rule|Species Clause: Limit one of each Pokémon
|rule|Item Clause: Limit 1 of each item
|clearpoke
|poke|p1|Sneasler, L50, F|
|poke|p1|Basculegion, L50, M|
|poke|p1|Pelipper, L50, M|
|poke|p1|Indeedee-F, L50, F|
|poke|p1|Lurantis, L50, F|
|poke|p1|Hatterene, L50, F|
|poke|p2|Torkoal, L50, M|
|poke|p2|Indeedee-F, L50, F|
|poke|p2|Annihilape, L50, F|
|poke|p2|Amoonguss, L50, F|
|poke|p2|Ursaluna, L50, F|
|poke|p2|Rillaboom, L50, F|
|teampreview|4
|showteam|p1|Sneasler||SafetyGoggles|PoisonTouch|ThroatChop,CloseCombat,DireClaw,FakeOut|||F|||50|,,,,,Dark]Basculegion||ChoiceBand|SwiftSwim|FlipTurn,WaveCrash,LastRespects,AquaJet|||M|||50|,,,,,Grass]Pelipper||FocusSash|Drizzle|Hurricane,WeatherBall,WideGuard,Protect|||M|||50|,,,,,Ghost]Indeedee-F||PsychicSeed|PsychicSurge|TrickRoom,FollowMe,HelpingHand,Psychic|||F|||50|,,,,,Fairy]Lurantis||AssaultVest|Contrary|Superpower,LeafBlade,KnockOff,LeechLife|||F|||50|,,,,,Poison]Hatterene||LifeOrb|MagicBounce|TrickRoom,ExpandingForce,DazzlingGleam,Protect|||F|||50|,,,,,Psychic
|showteam|p2|Torkoal||Charcoal|Drought|Eruption,EarthPower,Flamethrower,Protect|||M|||50|,,,,,Grass]Indeedee-F||PsychicSeed|PsychicSurge|DazzlingGleam,HelpingHand,TrickRoom,FollowMe|||F|||50|,,,,,Flying]Annihilape||ChoiceScarf|Defiant|RageFist,DrainPunch,CloseCombat,FinalGambit|||F|||50|,,,,,Grass]Amoonguss||MentalHerb|Regenerator|PollenPuff,Spore,RagePowder,ClearSmog|||F|||50|,,,,,Dark]Ursaluna||FlameOrb|Guts|Facade,HeadlongRush,BulkUp,Protect|||F|||50|,,,,,Ghost]Rillaboom||AssaultVest|GrassySurge|WoodHammer,GrassyGlide,Uturn,FakeOut|||F|||50|,,,,,Fire
|inactive|Battle timer is ON: inactive players will automatically lose when time's up. (requested by atmhools1)
|
|t:|1756276190
|teamsize|p1|4
|teamsize|p2|4
|start
|switch|p1a: Lurantis|Lurantis, L50, F|100/100
|switch|p1b: Sneasler|Sneasler, L50, F|100/100
|switch|p2a: Annihilape|Annihilape, L50, F|100/100
|switch|p2b: Rillaboom|Rillaboom, L50, F|100/100
|-fieldstart|move: Grassy Terrain|[from] ability: Grassy Surge|[of] p2b: Rillaboom
|turn|1
|inactive|aqueousbloop has 30 seconds left.
|
|t:|1756276216
|switch|p2b: Indeedee|Indeedee-F, L50, F|100/100
|-fieldstart|move: Psychic Terrain|[from] ability: Psychic Surge|[of] p2b: Indeedee
|-enditem|p2b: Indeedee|Psychic Seed
|-boost|p2b: Indeedee|spd|1|[from] item: Psychic Seed
|-terastallize|p2a: Annihilape|Grass
|-terastallize|p1a: Lurantis|Poison
|move|p2a: Annihilape|Drain Punch|p1b: Sneasler
|-resisted|p1b: Sneasler
|-damage|p1b: Sneasler|68/100
|move|p1b: Sneasler|Dire Claw|p2b: Indeedee
|-damage|p2b: Indeedee|51/100
|-status|p2b: Indeedee|par
|move|p1a: Lurantis|Knock Off|p2a: Annihilape
|-damage|p2a: Annihilape|65/100
|-enditem|p2a: Annihilape|Choice Scarf|[from] move: Knock Off|[of] p1a: Lurantis
|
|upkeep
|turn|2
|inactive|aqueousbloop has 30 seconds left.
|inactive|atmhools1 has 30 seconds left.
|
|t:|1756276243
|move|p1b: Sneasler|Dire Claw|p2a: Annihilape
|-supereffective|p2a: Annihilape
|-damage|p2a: Annihilape|0 fnt
|faint|p2a: Annihilape
|cant|p2b: Indeedee|par
|move|p1a: Lurantis|Leech Life|p2b: Indeedee
|-supereffective|p2b: Indeedee
|-damage|p2b: Indeedee|0 fnt
|faint|p2b: Indeedee
|
|upkeep
|
|t:|1756276248
|switch|p2a: Rillaboom|Rillaboom, L50, F|100/100
|switch|p2b: Torkoal|Torkoal, L50, M|100/100
|-fieldstart|move: Grassy Terrain|[from] ability: Grassy Surge|[of] p2a: Rillaboom
|-weather|SunnyDay|[from] ability: Drought|[of] p2b: Torkoal
|turn|3
|inactive|aqueousbloop has 30 seconds left.
|
|t:|1756276280
|move|p2a: Rillaboom|Fake Out|p1b: Sneasler
|-damage|p1b: Sneasler|46/100
|cant|p1b: Sneasler|flinch
|move|p1a: Lurantis|Superpower|p2b: Torkoal
|-damage|p2b: Torkoal|71/100
|-boost|p1a: Lurantis|atk|1
|-boost|p1a: Lurantis|def|1
|move|p2b: Torkoal|Eruption|p1a: Lurantis|[spread] p1a,p1b
|-damage|p1a: Lurantis|60/100
|-damage|p1b: Sneasler|0 fnt
|faint|p1b: Sneasler
|
|-weather|SunnyDay|[upkeep]
|-heal|p1a: Lurantis|66/100|[from] Grassy Terrain
|-heal|p2b: Torkoal|76/100|[from] Grassy Terrain
|upkeep
|
|t:|1756276294
|switch|p1b: Pelipper|Pelipper, L50, M|100/100
|-weather|RainDance|[from] ability: Drizzle|[of] p1b: Pelipper
|turn|4
|
|t:|1756276304
|move|p2b: Torkoal|Protect|p2b: Torkoal
|-singleturn|p2b: Torkoal|Protect
|move|p2a: Rillaboom|Wood Hammer|p1b: Pelipper
|-damage|p1b: Pelipper|20/100
|-damage|p2a: Rillaboom|79/100|[from] Recoil
|move|p1b: Pelipper|Weather Ball|p2b: Torkoal
|-activate|p2b: Torkoal|move: Protect
|move|p1a: Lurantis|Superpower|p2a: Rillaboom
|-damage|p2a: Rillaboom|27/100
|-boost|p1a: Lurantis|atk|1
|-boost|p1a: Lurantis|def|1
|
|-weather|RainDance|[upkeep]
|-heal|p2a: Rillaboom|32/100|[from] Grassy Terrain
|-heal|p1a: Lurantis|72/100|[from] Grassy Terrain
|-heal|p2b: Torkoal|82/100|[from] Grassy Terrain
|upkeep
|turn|5
|inactive|aqueousbloop has 30 seconds left.
|inactive|aqueousbloop has 20 seconds left.
|
|t:|1756276343
|move|p1b: Pelipper|Protect|p1b: Pelipper
|-singleturn|p1b: Pelipper|Protect
|move|p2a: Rillaboom|Grassy Glide|p1b: Pelipper
|-activate|p1b: Pelipper|move: Protect
|move|p1a: Lurantis|Superpower|p2b: Torkoal
|-damage|p2b: Torkoal|18/100
|-boost|p1a: Lurantis|atk|1
|-boost|p1a: Lurantis|def|1
|move|p2b: Torkoal|Earth Power|p1a: Lurantis
|-supereffective|p1a: Lurantis
|-damage|p1a: Lurantis|33/100
|-boost|p1a: Lurantis|spd|1
|
|-weather|RainDance|[upkeep]
|-heal|p2a: Rillaboom|38/100|[from] Grassy Terrain
|-heal|p1a: Lurantis|40/100|[from] Grassy Terrain
|-heal|p2b: Torkoal|24/100|[from] Grassy Terrain
|upkeep
|turn|6
|inactive|aqueousbloop has 30 seconds left.
|
|t:|1756276376
|move|p1b: Pelipper|Wide Guard|p1b: Pelipper
|-singleturn|p1b: Pelipper|Wide Guard
|move|p2a: Rillaboom|Grassy Glide|p1b: Pelipper
|-damage|p1b: Pelipper|0 fnt
|faint|p1b: Pelipper
|move|p1a: Lurantis|Leech Life|p2a: Rillaboom
|-supereffective|p2a: Rillaboom
|-damage|p2a: Rillaboom|0 fnt
|-heal|p1a: Lurantis|62/100|[from] drain|[of] p2a: Rillaboom
|faint|p2a: Rillaboom
|move|p2b: Torkoal|Earth Power|p1a: Lurantis
|-supereffective|p1a: Lurantis
|-damage|p1a: Lurantis|37/100
|
|-weather|RainDance|[upkeep]
|-heal|p1a: Lurantis|43/100|[from] Grassy Terrain
|-heal|p2b: Torkoal|30/100|[from] Grassy Terrain
|upkeep
|-message|atmhools1 forfeited.
|
|win|aqueousbloop
|l|☆atmhools1
|player|p2|
||atmhools1 is ready for game 2.
||aqueousbloop is ready for game 2.
|uhtml|next|Next: Game 2 of 3
