|j|☆MarkusVgc
|j|☆efwefwefwefweifier
|html|MarkusVgcefwefwefwefweifier    
|uhtml|bestof|Game 1 of a best-of-3
|t:|1784174566
|gametype|doubles
|player|p1|MarkusVgc|marshal|1114
|player|p2|efwefwefwefweifier|clown|1192
|gen|9
|tier|[Gen 9 Champions] VGC 2026 Reg M-B (Bo3)
|rated|
|rule|Species Clause: Limit one of each Pokémon
|rule|Item Clause: Limit 1 of each item
|clearpoke
|poke|p1|Charizard, L50, F|
|poke|p1|Metagross, L50|
|poke|p1|Garchomp, L50, M|
|poke|p1|Hydreigon, L50, F|
|poke|p1|Whimsicott, L50, M|
|poke|p1|Basculegion, L50, M|
|poke|p2|Armarouge, L50, M|
|poke|p2|Sinistcha, L50|
|poke|p2|Floette-Eternal, L50, F|
|poke|p2|Incineroar, L50, F, shiny|
|poke|p2|Sneasler, L50, F|
|poke|p2|Hydreigon, L50, M|
|teampreview|4
|showteam|p1|Charizard||CharizarditeY|Blaze|HeatWave,WeatherBall,SolarBeam,Protect|Timid||F|||50|]Metagross||Metagrossite|ClearBody|IronHead,PsychicFangs,IcePunch,Protect|Jolly|||||50|]Garchomp||LifeOrb|RoughSkin|StompingTantrum,Earthquake,RockSlide,Protect|Jolly||M|||50|]Hydreigon||HabanBerry|Levitate|DarkPulse,DracoMeteor,HeatWave,Protect|Modest||F|||50|]Whimsicott||FocusSash|Prankster|Moonblast,Tailwind,LightScreen,Tickle|Timid||M|||50|]Basculegion||ChoiceScarf|Adaptability|WaveCrash,FlipTurn,AquaJet,LastRespects|Adamant||M|||50|
|showteam|p2|Armarouge||ColburBerry|FlashFire|HeatWave,Psychic,CalmMind,Protect|Modest||M|||50|]Sinistcha||KasibBerry|Hospitality|MatchaGotcha,RagePowder,LifeDew,TrickRoom|Calm|||||50|]Floette-Eternal||Floettite|FlowerVeil|DazzlingGleam,DrainingKiss,CalmMind,Protect|Modest||F|||50|]Incineroar||SitrusBerry|Intimidate|FlareBlitz,DarkestLariat,FakeOut,PartingShot|Impish||F|||50|]Sneasler||FocusSash|PoisonTouch|CloseCombat,PoisonJab,FakeOut,QuickGuard|Jolly||F|||50|]Hydreigon||ChoiceScarf|Levitate|DracoMeteor,DarkPulse,Snarl,EarthPower|Modest||M|||50|
|inactive|Battle timer is ON: inactive players will automatically lose when time's up. (requested by efwefwefwefweifier)
|inactive|efwefwefwefweifier has 60 seconds left.
|
|t:|1784174625
|teamsize|p1|4
|teamsize|p2|4
|start
|switch|p1a: Metagross|Metagross, L50|100/100
|switch|p1b: Whimsicott|Whimsicott, L50, M|100/100
|switch|p2a: Pasta Blasta|Armarouge, L50, M|100/100
|switch|p2b: Merry Berry|Incineroar, L50, F, shiny|100/100
|-ability|p2b: Merry Berry|Intimidate|boost
|-fail|p1a: Metagross|unboost|[from] ability: Clear Body|[of] p1a: Metagross
|-unboost|p1b: Whimsicott|atk|1
|turn|1
|inactive|MarkusVgc has 30 seconds left.
|
|t:|1784174650
|switch|p1a: Garchomp|Garchomp, L50, M|100/100
|move|p1b: Whimsicott|Light Screen|p1b: Whimsicott
|-sidestart|p1: MarkusVgc|move: Light Screen
|move|p2a: Pasta Blasta|Calm Mind|p2a: Pasta Blasta
|-boost|p2a: Pasta Blasta|spa|1
|-boost|p2a: Pasta Blasta|spd|1
|move|p2b: Merry Berry|Parting Shot|p1a: Garchomp
|-unboost|p1a: Garchomp|atk|1
|-unboost|p1a: Garchomp|spa|1
|
|t:|1784174670
|switch|p2b: Spinny Sinny|Sinistcha, L50|100/100|[from] Parting Shot
|
|upkeep
|turn|2
|inactive|efwefwefwefweifier has 30 seconds left.
|inactive|efwefwefwefweifier has 20 seconds left.
|inactive|efwefwefwefweifier has 15 seconds left.
|inactive|efwefwefwefweifier has 10 seconds left.
|
|t:|1784174716
|switch|p2b: Merry Berry|Incineroar, L50, F, shiny|100/100
|-ability|p2b: Merry Berry|Intimidate|boost
|-unboost|p1a: Garchomp|atk|1
|-unboost|p1b: Whimsicott|atk|1
|move|p2a: Pasta Blasta|Protect|p2a: Pasta Blasta
|-singleturn|p2a: Pasta Blasta|Protect
|move|p1b: Whimsicott|Tailwind|p1b: Whimsicott
|-sidestart|p1: MarkusVgc|move: Tailwind
|move|p1a: Garchomp|Earthquake|p2b: Merry Berry|[spread] p1b,p2b
|-activate|p2a: Pasta Blasta|move: Protect
|-resisted|p1b: Whimsicott|1
|-supereffective|p2b: Merry Berry|1
|-damage|p1b: Whimsicott|81/100
|-damage|p2b: Merry Berry|65/100
|-damage|p1a: Garchomp|90/100|[from] item: Life Orb
|
|upkeep
|turn|3
|inactive|MarkusVgc has 30 seconds left.
|inactive|efwefwefwefweifier has 30 seconds left.
|inactive|MarkusVgc has 20 seconds left.
|inactive|MarkusVgc has 15 seconds left.
|inactive|MarkusVgc has 10 seconds left.
|inactive|MarkusVgc has 5 seconds left.
|
|t:|1784174767
|switch|p1b: Basculegion|Basculegion, L50, M|100/100
|move|p2b: Merry Berry|Fake Out|p1a: Garchomp
|-damage|p1a: Garchomp|79/100
|-damage|p2b: Merry Berry|52/100|[from] ability: Rough Skin|[of] p1a: Garchomp
|cant|p1a: Garchomp|flinch
|move|p2a: Pasta Blasta|Heat Wave|p1a: Garchomp|[spread] p1a,p1b
|-resisted|p1a: Garchomp|1
|-resisted|p1b: Basculegion|1
|-damage|p1a: Garchomp|57/100
|-damage|p1b: Basculegion|78/100
|
|upkeep
|turn|4
|inactive|MarkusVgc has 30 seconds left.
|inactive|efwefwefwefweifier has 30 seconds left.
|inactive|MarkusVgc has 20 seconds left.
|
|t:|1784174805
|switch|p1a: Whimsicott|Whimsicott, L50, M|81/100
|move|p2a: Pasta Blasta|Protect|p2a: Pasta Blasta
|-singleturn|p2a: Pasta Blasta|Protect
|move|p1b: Basculegion|Flip Turn|p2b: Merry Berry
|-supereffective|p2b: Merry Berry|1
|-damage|p2b: Merry Berry|0 fnt
|faint|p2b: Merry Berry
|
|t:|1784174819
|switch|p1b: Garchomp|Garchomp, L50, M|57/100|[from] Flip Turn
|
|upkeep
|
|t:|1784174821
|switch|p2b: Spinny Sinny|Sinistcha, L50|100/100
|turn|5
|
|t:|1784174846
|switch|p2a: Flowa Powa|Floette-Eternal, L50, F|100/100
|move|p1a: Whimsicott|Moonblast|p2b: Spinny Sinny
|-damage|p2b: Spinny Sinny|69/100
|move|p1b: Garchomp|Earthquake|p2a: Flowa Powa|[spread] p1a,p2a,p2b
|-resisted|p1a: Whimsicott|1
|-resisted|p2b: Spinny Sinny|1
|-damage|p1a: Whimsicott|46/100
|-damage|p2a: Flowa Powa|33/100
|-damage|p2b: Spinny Sinny|45/100
|-damage|p1b: Garchomp|48/100|[from] item: Life Orb
|move|p2b: Spinny Sinny|Trick Room|p2b: Spinny Sinny
|-fieldstart|move: Trick Room|[of] p2b: Spinny Sinny
|
|-sideend|p1: MarkusVgc|move: Light Screen
|-sideend|p1: MarkusVgc|move: Tailwind
|upkeep
|turn|6
|
|t:|1784174868
|switch|p1b: Metagross|Metagross, L50|100/100
|detailschange|p2a: Flowa Powa|Floette-Mega, L50, F
|-mega|p2a: Flowa Powa|Floette|Floettite
|-ability|p2a: Flowa Powa|Fairy Aura
|move|p1a: Whimsicott|Light Screen|p1a: Whimsicott
|-sidestart|p1: MarkusVgc|move: Light Screen
|move|p2b: Spinny Sinny|Life Dew|p2b: Spinny Sinny|[spread] p2a,p2b
|-heal|p2a: Flowa Powa|58/100
|-heal|p2b: Spinny Sinny|70/100
|move|p2a: Flowa Powa|Dazzling Gleam|p1a: Whimsicott|[spread] p1a,p1b
|-resisted|p1b: Metagross|1
|-damage|p1a: Whimsicott|1/100
|-damage|p1b: Metagross|82/100
|
|upkeep
|turn|7
|inactive|MarkusVgc has 30 seconds left.
|inactive|efwefwefwefweifier has 30 seconds left.
|
|t:|1784174898
|detailschange|p1b: Metagross|Metagross-Mega, L50
|-mega|p1b: Metagross|Metagross|Metagrossite
|move|p2b: Spinny Sinny|Rage Powder|p2b: Spinny Sinny
|-singleturn|p2b: Spinny Sinny|move: Rage Powder
|move|p1a: Whimsicott|Tickle|p2a: Flowa Powa
|-unboost|p2a: Flowa Powa|atk|1
|-unboost|p2a: Flowa Powa|def|1
|move|p2a: Flowa Powa|Dazzling Gleam|p1b: Metagross|[spread] p1a,p1b
|-resisted|p1b: Metagross|1
|-damage|p1a: Whimsicott|0 fnt
|-damage|p1b: Metagross|68/100
|faint|p1a: Whimsicott
|move|p1b: Metagross|Iron Head|p2b: Spinny Sinny
|-damage|p2b: Spinny Sinny|15/100
|
|upkeep
|
|t:|1784174915
|switch|p1a: Garchomp|Garchomp, L50, M|48/100
|turn|8
|
|t:|1784174937
|move|p1a: Garchomp|Protect|p1a: Garchomp
|-singleturn|p1a: Garchomp|Protect
|move|p2b: Spinny Sinny|Rage Powder|p2b: Spinny Sinny
|-singleturn|p2b: Spinny Sinny|move: Rage Powder
|move|p2a: Flowa Powa|Dazzling Gleam|p1a: Garchomp|[spread] p1b
|-activate|p1a: Garchomp|move: Protect
|-resisted|p1b: Metagross|1
|-damage|p1b: Metagross|53/100
|move|p1b: Metagross|Iron Head|p2b: Spinny Sinny
|-damage|p2b: Spinny Sinny|0 fnt
|faint|p2b: Spinny Sinny
|
|upkeep
|
|t:|1784174946
|switch|p2b: Pasta Blasta|Armarouge, L50, M|100/100
|turn|9
|inactive|MarkusVgc has 30 seconds left.
|
|t:|1784174978
|move|p1a: Garchomp|Protect||[still]
|-fail|p1a: Garchomp
|move|p1b: Metagross|Protect|p1b: Metagross
|-singleturn|p1b: Metagross|Protect
|move|p2b: Pasta Blasta|Heat Wave|p1b: Metagross|[spread] p1a
|-activate|p1b: Metagross|move: Protect
|-resisted|p1a: Garchomp|1
|-damage|p1a: Garchomp|32/100
|move|p2a: Flowa Powa|Dazzling Gleam|p1b: Metagross|[spread] p1a
|-activate|p1b: Metagross|move: Protect
|-supereffective|p1a: Garchomp|1
|-damage|p1a: Garchomp|0 fnt
|faint|p1a: Garchomp
|
|-fieldend|move: Trick Room
|upkeep
|
|t:|1784174994
|switch|p1a: Basculegion|Basculegion, L50, M|78/100
|turn|10
|
|t:|1784175017
|move|p1a: Basculegion|Last Respects|p2b: Pasta Blasta
|-supereffective|p2b: Pasta Blasta|1
|-damage|p2b: Pasta Blasta|0 fnt
|faint|p2b: Pasta Blasta
|move|p1b: Metagross|Iron Head|p2a: Flowa Powa
|-supereffective|p2a: Flowa Powa|1
|-damage|p2a: Flowa Powa|0 fnt
|faint|p2a: Flowa Powa
|
|win|MarkusVgc
||efwefwefwefweifier is ready for game 2.
|inactive|MarkusVgc has 30 seconds to confirm battle start!
|inactive|MarkusVgc has 20 seconds to confirm battle start!
|l|☆MarkusVgc
|player|p1|
|inactive|MarkusVgc has 10 seconds to confirm battle start!
||MarkusVgc is ready for game 2.
|uhtml|next|Next: Game 2 of 3
