|j|â˜†Shitfuckerreturns2
|j|â˜†Wayne4Life
|html|Shitfuckerreturns2Wayne4Life    
|uhtml|bestof|Game 2 of a best-of-3
|t:|1784927994
|gametype|doubles
|player|p1|Shitfuckerreturns2|harlequin|
|player|p2|Wayne4Life|unknown|
|gen|9
|tier|[Gen 9 Champions] VGC 2026 Reg M-B (Bo3)
|rule|Species Clause: Limit one of each PokÃ©mon
|rule|Item Clause: Limit 1 of each item
|clearpoke
|poke|p1|Falinks, L50|
|poke|p1|Audino, L50, F|
|poke|p1|Maushold-Four, L50, shiny|
|poke|p1|Scrafty, L50, F, shiny|
|poke|p1|Archaludon, L50, F|
|poke|p1|Staraptor, L50, F|
|poke|p2|Heracross, L50, M, shiny|
|poke|p2|Milotic, L50, F, shiny|
|poke|p2|Talonflame, L50, M|
|poke|p2|Garchomp, L50, M|
|poke|p2|Absol, L50, F|
|poke|p2|Gholdengo, L50|
|teampreview|4
|showteam|p1|Falinks||Falinksite|Defiant|NoRetreat,Protect,RockSlide,HighHorsepower|Adamant|||||50|]Audino||ChoiceScarf|Healer|SimpleBeam,HealPulse,AfterYou,Encore|Timid||F|||50|]Maushold-Four||WideLens|Technician|PopulationBomb,FollowMe,Protect,TidyUp|Jolly|||||50|]Scrafty||Scraftinite|Intimidate|FakeOut,Coaching,KnockOff,DrainPunch|Careful||F|||50|]Archaludon||SitrusBerry|Stamina|ElectroShot,DragonPulse,FlashCannon,AuraSphere|Modest||F|||50|]Staraptor||FocusSash|Intimidate|Tailwind,Uturn,RainDance,GigaImpact|Jolly||F|||50|
|showteam|p2|Heracross||Heracronite|Guts|Protect,CloseCombat,RockBlast,PinMissile|Adamant||M|||50|]Milotic||Leftovers|Competitive|IceBeam,Scald,Protect,AlluringVoice|Modest||F|||50|]Talonflame||FocusSash|GaleWings|FlareBlitz,Tailwind,QuickGuard,BraveBird|Jolly||M|||50|]Garchomp||ChoiceScarf|RoughSkin|IronHead,Earthquake,DragonClaw,RockSlide|Adamant||M|||50|]Absol||Absolite|Justified|CloseCombat,PlayRough,ThroatChop,SuckerPunch|Jolly||F|||50|]Gholdengo||LifeOrb|GoodasGold|MakeItRain,ShadowBall,Thunderbolt,Protect|Modest|||||50|
|j| guxueprimalblade
|j| HEROBREIN9
|j| hakoryu
|j| Someoneofficial
|
|t:|1784928023
|teamsize|p1|4
|teamsize|p2|4
|start
|switch|p1a: why|Staraptor, L50, F|100/100
|switch|p1b: Dumb idiot|Scrafty, L50, F, shiny|100/100
|switch|p2a: Asuna|Milotic, L50, F, shiny|100/100
|switch|p2b: Hercules|Heracross, L50, M, shiny|100/100
|-ability|p1a: why|Intimidate|boost
|-unboost|p2a: Asuna|atk|1
|-ability|p2a: Asuna|Competitive|boost
|-boost|p2a: Asuna|spa|2
|-unboost|p2b: Hercules|atk|1
|-ability|p1b: Dumb idiot|Intimidate|boost
|-unboost|p2a: Asuna|atk|1
|-ability|p2a: Asuna|Competitive|boost
|-boost|p2a: Asuna|spa|2
|-unboost|p2b: Hercules|atk|1
|turn|1
|c|â˜†Shitfuckerreturns2|call me
|c| HEROBREIN9|mommy milotic
|
|t:|1784928054
|detailschange|p2b: Hercules|Heracross-Mega, L50, M, shiny
|-mega|p2b: Hercules|Heracross|Heracronite
|detailschange|p1b: Dumb idiot|Scrafty-Mega, L50, F, shiny
|-mega|p1b: Dumb idiot|Scrafty|Scraftinite
|-ability|p1b: Dumb idiot|Intimidate|boost
|-unboost|p2a: Asuna|atk|1
|-ability|p2a: Asuna|Competitive|boost
|-boost|p2a: Asuna|spa|2
|-unboost|p2b: Hercules|atk|1
|move|p2b: Hercules|Protect|p2b: Hercules
|-singleturn|p2b: Hercules|Protect
|move|p1b: Dumb idiot|Fake Out|p2a: Asuna
|-damage|p2a: Asuna|88/100
|move|p1a: why|Tailwind|p1a: why
|-sidestart|p1: Shitfuckerreturns2|move: Tailwind
|cant|p2a: Asuna|flinch
|
|-heal|p2a: Asuna|94/100|[from] item: Leftovers
|upkeep
|turn|2
|
|t:|1784928113
|switch|p2b: Icarus|Talonflame, L50, M|100/100
|move|p2a: Asuna|Protect|p2a: Asuna
|-singleturn|p2a: Asuna|Protect
|move|p1a: why|Rain Dance|p1a: why
|-weather|RainDance
|move|p1b: Dumb idiot|Knock Off|p2a: Asuna
|-activate|p2a: Asuna|move: Protect
|
|-weather|RainDance|[upkeep]
|-heal|p2a: Asuna|100/100|[from] item: Leftovers
|upkeep
|turn|3
|c|â˜†Shitfuckerreturns2|call me thinker the way i press buttons
|
|t:|1784928139
|move|p2b: Icarus|Tailwind|p2b: Icarus
|-sidestart|p2: Wayne4Life|move: Tailwind
|move|p1a: why|Giga Impact|p2a: Asuna
|-damage|p2a: Asuna|27/100
|-mustrecharge|p1a: why
|move|p2a: Asuna|Alluring Voice|p1b: Dumb idiot
|-supereffective|p1b: Dumb idiot|2
|-damage|p1b: Dumb idiot|0 fnt
|faint|p1b: Dumb idiot
|
|-weather|RainDance|[upkeep]
|-heal|p2a: Asuna|33/100|[from] item: Leftovers
|upkeep
|
|t:|1784928154
|switch|p1b: Maushold-Six-Seven|Maushold-Four, L50, shiny|100/100
|turn|4
|
|t:|1784928172
|move|p1b: Maushold-Six-Seven|Protect|p1b: Maushold-Six-Seven
|-singleturn|p1b: Maushold-Six-Seven|Protect
|move|p2a: Asuna|Protect|p2a: Asuna
|-singleturn|p2a: Asuna|Protect
|move|p2b: Icarus|Brave Bird|p1a: why
|-damage|p1a: why|32/100
|-damage|p2b: Icarus|76/100|[from] Recoil
|cant|p1a: why|recharge
|
|-weather|RainDance|[upkeep]
|-heal|p2a: Asuna|39/100|[from] item: Leftovers
|-sideend|p1: Shitfuckerreturns2|move: Tailwind
|upkeep
|turn|5
|
|t:|1784928204
|move|p1b: Maushold-Six-Seven|Follow Me|p1b: Maushold-Six-Seven
|-singleturn|p1b: Maushold-Six-Seven|move: Follow Me
|move|p2b: Icarus|Brave Bird|p1b: Maushold-Six-Seven
|-damage|p1b: Maushold-Six-Seven|41/100
|-damage|p2b: Icarus|54/100|[from] Recoil
|move|p2a: Asuna|Scald|p1b: Maushold-Six-Seven
|-damage|p1b: Maushold-Six-Seven|0 fnt
|faint|p1b: Maushold-Six-Seven
|move|p1a: why|Giga Impact|p2a: Asuna
|-damage|p2a: Asuna|0 fnt
|-mustrecharge|p1a: why
|faint|p2a: Asuna
|
|-weather|RainDance|[upkeep]
|upkeep
|
|t:|1784928215
|switch|p1b: That bridge i hate|Archaludon, L50, F|100/100
|switch|p2a: Hercules|Heracross-Mega, L50, M, shiny|100/100
|turn|6
|
|t:|1784928224
|move|p2b: Icarus|Brave Bird|p1a: why
|-damage|p1a: why|0 fnt
|faint|p1a: why
|-damage|p2b: Icarus|43/100|[from] Recoil
|move|p2a: Hercules|Close Combat|p1b: That bridge i hate
|-supereffective|p1b: That bridge i hate|1
|-damage|p1b: That bridge i hate|0 fnt
|-unboost|p2a: Hercules|def|1
|-unboost|p2a: Hercules|spd|1
|faint|p1b: That bridge i hate
|
|win|Wayne4Life
