|j|☆bankaimike
|j|☆ShinkaiEx
|html|bankaimikeShinkaiEx    
|uhtml|bestof|Game 1 of a best-of-3
|t:|1757635430
|gametype|doubles
|player|p1|bankaimike|alder|
|player|p2|ShinkaiEx|102|
|gen|9
|tier|[Gen 9] VGC 2025 Reg H (Bo3)
|rule|Species Clause: Limit one of each Pokémon
|rule|Item Clause: Limit 1 of each item
|clearpoke
|poke|p1|Haxorus, L50, M|
|poke|p1|Dondozo, L50, M|
|poke|p1|Tatsugiri, L50, F|
|poke|p1|Indeedee, L50, M|
|poke|p1|Sneasler, L50, F|
|poke|p1|Dragapult, L50, F|
|poke|p2|Excadrill, L50, F|
|poke|p2|Tyranitar, L50, M|
|poke|p2|Sneasler, L50, F|
|poke|p2|Indeedee, L50, M|
|poke|p2|Corviknight, L50, M|
|poke|p2|Annihilape, L50, F|
|teampreview|4
|showteam|p1|Haxorus||LoadedDice|Rivalry|ScaleShot,CloseCombat,Crunch,Protect|||M|||50|,,,,,Steel]Dondozo||CovertCloak|Unaware|TeraBlast,BodyPress,WaveCrash,Protect|||M|||50|,,,,,Poison]Tatsugiri||ChoiceScarf|Commander|MuddyWater,DragonPulse,DracoMeteor,IcyWind|||F|||50|,,,,,Steel]Indeedee||LifeOrb|PsychicSurge|ExpandingForce,HelpingHand,ShadowBall,Protect|||M|||50|,,,,,Psychic]Sneasler||PsychicSeed|Unburden|ThroatChop,DireClaw,CloseCombat,Protect|||F|||50|,,,,,Dark]Dragapult||ChoiceBand|ClearBody|DragonDarts,Uturn,Outrage,PhantomForce|||F|||50|,,,,,Dragon
|showteam|p2|Excadrill||FocusSash|SandRush|IronHead,HighHorsepower,Earthquake,Protect|||F|||50|,,,,,Stellar]Tyranitar||AssaultVest|SandStream|RockSlide,KnockOff,TeraBlast,LowKick|||M|||50|,,,,,Flying]Sneasler||PsychicSeed|Unburden|DireClaw,CloseCombat,ThroatChop,Protect|||F|||50|,,,,,Dark]Indeedee||ChoiceScarf|PsychicSurge|ExpandingForce,TeraBlast,HelpingHand,TrickRoom|||M|||50|,,,,,Psychic]Corviknight||Leftovers|MirrorArmor|BraveBird,BulkUp,Roost,Tailwind|||M|||50|,,,,,Dragon]Annihilape||SafetyGoggles|Defiant|CloseCombat,FinalGambit,RageFist,Taunt|||F|||50|,,,,,Water
|
|t:|1757635505
|teamsize|p1|4
|teamsize|p2|4
|start
|switch|p1a: Dondozo|Dondozo, L50, M|100/100
|switch|p1b: Dragapult|Dragapult, L50, F|100/100
|switch|p2a: Excadrill|Excadrill, L50, F, shiny|100/100
|switch|p2b: Tyranitar|Tyranitar, L50, M, shiny|100/100
|-weather|Sandstorm|[from] ability: Sand Stream|[of] p2b: Tyranitar
|turn|1
|
|t:|1757635566
|switch|p2a: Corviknight|Corviknight, L50, M|100/100
|-terastallize|p2b: Tyranitar|Flying
|move|p1a: Dondozo|Protect|p1a: Dondozo
|-singleturn|p1a: Dondozo|Protect
|move|p1b: Dragapult|U-turn|p2b: Tyranitar
|-resisted|p2b: Tyranitar
|-damage|p2b: Tyranitar|86/100
|
|t:|1757635574
|switch|p1b: Haxorus|Haxorus, L50, M|100/100|[from] U-turn
|move|p2b: Tyranitar|Knock Off|p1a: Dondozo
|-activate|p1a: Dondozo|move: Protect
|
|-weather|Sandstorm|[upkeep]
|-damage|p1b: Haxorus|95/100|[from] Sandstorm
|-damage|p2b: Tyranitar|80/100|[from] Sandstorm
|-damage|p1a: Dondozo|94/100|[from] Sandstorm
|upkeep
|turn|2
|
|t:|1757635595
|switch|p1b: Tatsugiri|Tatsugiri, L50, F|100/100
|-activate|p1b: Tatsugiri|ability: Commander|[of] p1a: Dondozo
|-boost|p1a: Dondozo|atk|2
|-boost|p1a: Dondozo|spa|2
|-boost|p1a: Dondozo|spe|2
|-boost|p1a: Dondozo|def|2
|-boost|p1a: Dondozo|spd|2
|move|p1a: Dondozo|Wave Crash|p2b: Tyranitar
|-damage|p2b: Tyranitar|0 fnt
|faint|p2b: Tyranitar
|-damage|p1a: Dondozo|74/100|[from] Recoil
|move|p2a: Corviknight|Tailwind|p2a: Corviknight
|-sidestart|p2: ShinkaiEx|move: Tailwind
|
|-weather|Sandstorm|[upkeep]
|-damage|p1b: Tatsugiri|95/100|[from] Sandstorm
|-damage|p1a: Dondozo|67/100|[from] Sandstorm
|upkeep
|
|t:|1757635607
|switch|p2b: Indeedee|Indeedee, L50, M, shiny|100/100
|-fieldstart|move: Psychic Terrain|[from] ability: Psychic Surge|[of] p2b: Indeedee
|turn|3
|
|t:|1757635623
|move|p2b: Indeedee|Expanding Force|p1a: Dondozo|[spread] p1a
|-miss|p2b: Indeedee|p1b: Tatsugiri
|-damage|p1a: Dondozo|44/100
|move|p2a: Corviknight|Brave Bird|p1a: Dondozo
|-damage|p1a: Dondozo|30/100
|-damage|p2a: Corviknight|95/100|[from] Recoil
|move|p1a: Dondozo|Wave Crash|p2b: Indeedee
|-damage|p2b: Indeedee|0 fnt
|faint|p2b: Indeedee
|-damage|p1a: Dondozo|11/100|[from] Recoil
|
|-weather|Sandstorm|[upkeep]
|-damage|p1b: Tatsugiri|89/100|[from] Sandstorm
|-damage|p1a: Dondozo|5/100|[from] Sandstorm
|-heal|p2a: Corviknight|100/100|[from] item: Leftovers
|upkeep
|
|t:|1757635633
|switch|p2b: Excadrill|Excadrill, L50, F, shiny|100/100
|turn|4
|
|t:|1757635645
|move|p1a: Dondozo|Protect|p1a: Dondozo
|-singleturn|p1a: Dondozo|Protect
|move|p2b: Excadrill|Earthquake|p1a: Dondozo|[spread] 
|-miss|p2b: Excadrill|p1b: Tatsugiri
|-activate|p1a: Dondozo|move: Protect
|-immune|p2a: Corviknight
|move|p2a: Corviknight|Bulk Up|p2a: Corviknight
|-boost|p2a: Corviknight|atk|1
|-boost|p2a: Corviknight|def|1
|
|-weather|Sandstorm|[upkeep]
|-damage|p1b: Tatsugiri|84/100|[from] Sandstorm
|-damage|p1a: Dondozo|0 fnt|[from] Sandstorm
|faint|p1a: Dondozo
|upkeep
|
|t:|1757635663
|switch|p1a: Haxorus|Haxorus, L50, M|95/100
|turn|5
|
|t:|1757635690
|move|p1a: Haxorus|Protect|p1a: Haxorus
|-singleturn|p1a: Haxorus|Protect
|move|p2b: Excadrill|Earthquake|p1b: Tatsugiri|[spread] p1b
|-activate|p1a: Haxorus|move: Protect
|-immune|p2a: Corviknight
|-damage|p1b: Tatsugiri|0 fnt
|faint|p1b: Tatsugiri
|move|p2a: Corviknight|Brave Bird|p1a: Haxorus
|-activate|p1a: Haxorus|move: Protect
|
|-weather|none
|-sideend|p2: ShinkaiEx|move: Tailwind
|upkeep
|
|t:|1757635700
|switch|p1b: Dragapult|Dragapult, L50, F|100/100
|turn|6
|
|t:|1757635716
|-terastallize|p1b: Dragapult|Dragon
|move|p2b: Excadrill|Protect|p2b: Excadrill
|-singleturn|p2b: Excadrill|Protect
|move|p1b: Dragapult|Dragon Darts|p2a: Corviknight
|-resisted|p2a: Corviknight
|-damage|p2a: Corviknight|87/100
|-anim|p1b: Dragapult|Dragon Darts|p2a: Corviknight
|-resisted|p2a: Corviknight
|-damage|p2a: Corviknight|73/100
|move|p1a: Haxorus|Close Combat|p2b: Excadrill
|-activate|p2b: Excadrill|move: Protect
|move|p2a: Corviknight|Tailwind|p2a: Corviknight
|-sidestart|p2: ShinkaiEx|move: Tailwind
|
|-heal|p2a: Corviknight|79/100|[from] item: Leftovers
|upkeep
|turn|7
|
|t:|1757635783
|move|p2b: Excadrill|Earthquake|p1a: Haxorus|[spread] p1a,p1b
|-immune|p2a: Corviknight
|-crit|p1a: Haxorus
|-damage|p1a: Haxorus|12/100
|-damage|p1b: Dragapult|40/100
|move|p1b: Dragapult|Dragon Darts|p2a: Corviknight
|-resisted|p2a: Corviknight
|-damage|p2a: Corviknight|64/100
|-anim|p1b: Dragapult|Dragon Darts|p2b: Excadrill
|-resisted|p2b: Excadrill
|-damage|p2b: Excadrill|65/100
|move|p2a: Corviknight|Brave Bird|p1b: Dragapult
|-damage|p1b: Dragapult|0 fnt
|faint|p1b: Dragapult
|-damage|p2a: Corviknight|54/100|[from] Recoil
|move|p1a: Haxorus|Close Combat|p2a: Corviknight
|-crit|p2a: Corviknight
|-damage|p2a: Corviknight|0 fnt
|-unboost|p1a: Haxorus|def|1
|-unboost|p1a: Haxorus|spd|1
|faint|p2a: Corviknight
|
|-fieldend|move: Psychic Terrain
|upkeep
|turn|8
|
|t:|1757635803
|move|p1a: Haxorus|Protect|p1a: Haxorus
|-singleturn|p1a: Haxorus|Protect
|move|p2b: Excadrill|Iron Head|p1a: Haxorus
|-activate|p1a: Haxorus|move: Protect
|
|upkeep
|turn|9
|
|t:|1757635805
|move|p1a: Haxorus|Protect||[still]
|-fail|p1a: Haxorus
|move|p2b: Excadrill|Iron Head|p1a: Haxorus
|-damage|p1a: Haxorus|0 fnt
|faint|p1a: Haxorus
|
|win|ShinkaiEx
||bankaimike is ready for game 2.
|inactive|ShinkaiEx has 30 seconds to confirm battle start!
|inactive|ShinkaiEx has 20 seconds to confirm battle start!
|inactive|ShinkaiEx has 10 seconds to confirm battle start!
||ShinkaiEx is ready for game 2.
|uhtml|next|Next: Game 2 of 3
