|j|☆Duyheeee
|j|☆Moonlight Flutter
|html|DuyheeeeMoonlight Flutter    
|uhtml|bestof|Game 1 of a best-of-3
|t:|1782478288
|gametype|doubles
|player|p1|Duyheeee|lass|
|player|p2|Moonlight Flutter|miku-flying|
|gen|9
|tier|[Gen 9 Champions] VGC 2026 Reg M-B (Bo3)
|rule|Species Clause: Limit one of each Pokémon
|rule|Item Clause: Limit 1 of each item
|clearpoke
|poke|p1|Staraptor, L50, M|
|poke|p1|Camerupt, L50, M|
|poke|p1|Farigiraf, L50, M|
|poke|p1|Kingambit, L50, F|
|poke|p1|Hatterene, L50, F|
|poke|p1|Scrafty, L50, F|
|poke|p2|Sinistcha, L50|
|poke|p2|Incineroar, L50, M|
|poke|p2|Milotic, L50, F|
|poke|p2|Raichu, L50, F|
|poke|p2|Ceruledge, L50, M|
|poke|p2|Mawile, L50, M|
|teampreview|4
|showteam|p1|Staraptor||ChoiceScarf|Reckless|FinalGambit,Uturn,BraveBird,CloseCombat|Jolly||M|||50|]Camerupt||Cameruptite|MagmaArmor|Eruption,EarthPower,Protect,HeatWave|Quiet||M|||50|]Farigiraf||SitrusBerry|ArmorTail|Psychic,TrickRoom,HelpingHand,GrassKnot|Sassy||M|||50|]Kingambit||BlackGlasses|Defiant|KowtowCleave,IronHead,SuckerPunch,LowKick|Brave||F|||50|]Hatterene||LifeOrb|MagicBounce|Protect,Psychic,TrickRoom,DazzlingGleam|Quiet||F|||50|]Scrafty||Scraftinite|Intimidate|CloseCombat,KnockOff,FakeOut,Taunt|Brave||F|||50|
|showteam|p2|Sinistcha||KasibBerry|Hospitality|MatchaGotcha,LifeDew,RagePowder,Protect|Relaxed|||||50|]Incineroar||SitrusBerry|Intimidate|FlareBlitz,ThroatChop,FakeOut,PartingShot|Impish||M|||50|]Milotic||Leftovers|Competitive|MuddyWater,Coil,Hypnosis,Protect|Calm||F|||50|]Raichu||RaichuniteY|LightningRod|ZapCannon,FocusBlast,FakeOut,Protect|Timid||F|||50|]Ceruledge||ColburBerry|FlashFire|BitterBlade,ShadowSneak,BulkUp,Protect|Adamant||M|||50|]Mawile||Mawilite|HyperCutter|PlayRough,SuckerPunch,SwordsDance,Protect|Adamant||M|||50|
|
|t:|1782478318
|teamsize|p1|4
|teamsize|p2|4
|start
|switch|p1a: Farigiraf|Farigiraf, L50, M|100/100
|switch|p1b: Staraptor|Staraptor, L50, M|100/100
|switch|p2a: Milotic|Milotic, L50, F|100/100
|switch|p2b: Ceruledge|Ceruledge, L50, M|100/100
|turn|1
|
|t:|1782478337
|move|p2a: Milotic|Protect|p2a: Milotic
|-singleturn|p2a: Milotic|Protect
|move|p1b: Staraptor|Final Gambit|p2a: Milotic
|-activate|p2a: Milotic|move: Protect
|move|p2b: Ceruledge|Bulk Up|p2b: Ceruledge
|-boost|p2b: Ceruledge|atk|1
|-boost|p2b: Ceruledge|def|1
|move|p1a: Farigiraf|Grass Knot|p2a: Milotic
|-activate|p2a: Milotic|move: Protect
|
|upkeep
|turn|2
|
|t:|1782478354
|switch|p2a: Incineroar|Incineroar, L50, M|100/100
|-ability|p2a: Incineroar|Intimidate|boost
|-unboost|p1a: Farigiraf|atk|1
|-unboost|p1b: Staraptor|atk|1
|move|p1b: Staraptor|Final Gambit|p2a: Incineroar
|-damage|p2a: Incineroar|4/100
|-enditem|p2a: Incineroar|Sitrus Berry|[eat]
|-heal|p2a: Incineroar|29/100|[from] item: Sitrus Berry
|faint|p1b: Staraptor
|move|p2b: Ceruledge|Bitter Blade|p1a: Farigiraf
|-damage|p1a: Farigiraf|34/100
|-enditem|p1a: Farigiraf|Sitrus Berry|[eat]
|-heal|p1a: Farigiraf|59/100|[from] item: Sitrus Berry
|move|p1a: Farigiraf|Trick Room|p1a: Farigiraf
|-fieldstart|move: Trick Room|[of] p1a: Farigiraf
|
|upkeep
|
|t:|1782478367
|switch|p1b: Camerupt|Camerupt, L50, M|100/100
|turn|3
|
|t:|1782478372
|detailschange|p1b: Camerupt|Camerupt-Mega, L50, M
|-mega|p1b: Camerupt|Camerupt|Cameruptite
|move|p1a: Farigiraf|Helping Hand|p1b: Camerupt
|-singleturn|p1b: Camerupt|Helping Hand|[of] p1a: Farigiraf
|move|p2b: Ceruledge|Protect|p2b: Ceruledge
|-singleturn|p2b: Ceruledge|Protect
|move|p1b: Camerupt|Earth Power|p2a: Incineroar
|-supereffective|p2a: Incineroar|1
|-damage|p2a: Incineroar|0 fnt
|faint|p2a: Incineroar
|
|upkeep
|
|t:|1782478379
|switch|p2a: Milotic|Milotic, L50, F|100/100
|turn|4
|
|t:|1782478394
|move|p1b: Camerupt|Earth Power|p2a: Milotic
|-damage|p2a: Milotic|50/100g
|move|p1a: Farigiraf|Grass Knot|p2a: Milotic
|-supereffective|p2a: Milotic|1
|-damage|p2a: Milotic|19/100
|move|p2a: Milotic|Coil|p2a: Milotic
|-boost|p2a: Milotic|atk|1
|-boost|p2a: Milotic|def|1
|-boost|p2a: Milotic|accuracy|1
|move|p2b: Ceruledge|Bitter Blade|p1a: Farigiraf
|-damage|p1a: Farigiraf|3/100
|
|-heal|p2a: Milotic|25/100|[from] item: Leftovers
|upkeep
|turn|5
|
|t:|1782478406
|move|p2a: Milotic|Protect|p2a: Milotic
|-singleturn|p2a: Milotic|Protect
|move|p2b: Ceruledge|Protect|p2b: Ceruledge
|-singleturn|p2b: Ceruledge|Protect
|move|p1b: Camerupt|Earth Power|p2b: Ceruledge
|-activate|p2b: Ceruledge|move: Protect
|move|p1a: Farigiraf|Grass Knot|p2a: Milotic
|-activate|p2a: Milotic|move: Protect
|
|-heal|p2a: Milotic|31/100|[from] item: Leftovers
|upkeep
|turn|6
|
|t:|1782478413
|switch|p2a: Mawile|Mawile, L50, M|100/100
|move|p2b: Ceruledge|Protect||[still]
|-fail|p2b: Ceruledge
|move|p1b: Camerupt|Earth Power|p2b: Ceruledge
|-supereffective|p2b: Ceruledge|1
|-damage|p2b: Ceruledge|0 fnt
|faint|p2b: Ceruledge
|move|p1a: Farigiraf|Grass Knot|p2a: Mawile
|-resisted|p2a: Mawile|1
|-damage|p2a: Mawile|92/100
|
|-fieldend|move: Trick Room
|upkeep
|
|t:|1782478417
|switch|p2b: Milotic|Milotic, L50, F|31/100
|turn|7
|
|t:|1782478424
|detailschange|p2a: Mawile|Mawile-Mega, L50, M
|-mega|p2a: Mawile|Mawile|Mawilite
|move|p2b: Milotic|Muddy Water|p1a: Farigiraf|[spread] p1a
|-miss|p2b: Milotic|p1b: Camerupt
|-damage|p1a: Farigiraf|0 fnt
|faint|p1a: Farigiraf
|move|p2a: Mawile|Play Rough|p1b: Camerupt
|-resisted|p1b: Camerupt|1
|-damage|p1b: Camerupt|61/100
|move|p1b: Camerupt|Earth Power|p2a: Mawile
|-supereffective|p2a: Mawile|1
|-damage|p2a: Mawile|0 fnt
|faint|p2a: Mawile
|
|-heal|p2b: Milotic|37/100|[from] item: Leftovers
|upkeep
|
|t:|1782478427
|switch|p1a: Kingambit|Kingambit, L50, F|100/100
|turn|8
|
|t:|1782478436
|move|p2b: Milotic|Protect|p2b: Milotic
|-singleturn|p2b: Milotic|Protect
|move|p1a: Kingambit|Kowtow Cleave|p2b: Milotic
|-activate|p2b: Milotic|move: Protect
|move|p1b: Camerupt|Earth Power|p2b: Milotic
|-activate|p2b: Milotic|move: Protect
|
|-heal|p2b: Milotic|43/100|[from] item: Leftovers
|upkeep
|turn|9
|
|t:|1782478440
|move|p2b: Milotic|Muddy Water|p1b: Camerupt|[spread] p1a,p1b
|-supereffective|p1b: Camerupt|2
|-damage|p1a: Kingambit|81/100
|-damage|p1b: Camerupt|0 fnt
|-unboost|p1a: Kingambit|accuracy|1
|-ability|p1a: Kingambit|Defiant|boost
|-boost|p1a: Kingambit|atk|2
|faint|p1b: Camerupt
|move|p1a: Kingambit|Kowtow Cleave|p2b: Milotic
|-damage|p2b: Milotic|0 fnt
|faint|p2b: Milotic
|
|win|Duyheeee
||Moonlight Flutter is ready for game 2.
||Duyheeee is ready for game 2.
|uhtml|next|Next: Game 2 of 3
|l|☆Duyheeee
|player|p1|
