|j|☆ToastedArt
|j|☆ursamajor404
|html|ToastedArtursamajor404    
|uhtml|bestof|Game 1 of a best-of-3
|t:|1785284372
|gametype|doubles
|player|p1|ToastedArt|iris|1035
|player|p2|ursamajor404|unknownf|1000
|gen|9
|tier|[Gen 9 Champions] VGC 2026 Reg M-B (Bo3)
|rated|
|rule|Species Clause: Limit one of each Pokémon
|rule|Item Clause: Limit 1 of each item
|clearpoke
|poke|p1|Delphox, L50, M|
|poke|p1|Incineroar, L50, F|
|poke|p1|Sneasler, L50, M|
|poke|p1|Sinistcha, L50|
|poke|p1|Maushold, L50|
|poke|p1|Eelektross, L50, F|
|poke|p2|Blaziken, L50, F|
|poke|p2|Froslass, L50, F|
|poke|p2|Kingambit, L50, F|
|poke|p2|Dragonite, L50, F|
|poke|p2|Toxapex, L50, F|
|poke|p2|Sneasler, L50, F|
|teampreview|4
|showteam|p1|Delphox||Delphoxite|Blaze|HeatWave,Psychic,NastyPlot,Protect|Modest||M|||50|]Incineroar||PasshoBerry|Intimidate|PartingShot,FakeOut,ThroatChop,FlareBlitz|Careful||F|||50|]Sneasler||FocusSash|PoisonTouch|PoisonJab,CloseCombat,FakeOut,Coaching|Adamant||M|||50|]Sinistcha||KasibBerry|Hospitality|MatchaGotcha,RagePowder,LifeDew,Protect|Bold|||||50|]Maushold||ChopleBerry|FriendGuard|FollowMe,SuperFang,Feint,Protect|Impish|||||50|]Eelektross||Eelektrossite|Levitate|DrainPunch,ThunderPunch,Coil,Protect|Adamant||F|||50|
|showteam|p2|Blaziken||Blazikenite|SpeedBoost|FlareBlitz,CloseCombat,RockSlide,Protect|Adamant||F|||50|]Froslass||Froslassite|CursedBody|Blizzard,ShadowBall,AuroraVeil,Protect|Timid||F|||50|]Kingambit||BlackGlasses|Defiant|KowtowCleave,IronHead,SuckerPunch,Protect|Adamant||F|||50|]Dragonite||LifeOrb|InnerFocus|DragonClaw,LowKick,ExtremeSpeed,Protect|Adamant||F|||50|]Toxapex||Leftovers|Regenerator|Toxic,Infestation,BanefulBunker,WideGuard|Bold||F|||50|]Sneasler||FocusSash|PoisonTouch|FakeOut,PoisonJab,CloseCombat,Protect|Jolly||F|||50|
|inactive|Battle timer is ON: inactive players will automatically lose when time's up. (requested by ToastedArt)
|c|☆ursamajor404|glhf
|inactive|ursamajor404 has 60 seconds left.
|inactive|ursamajor404 has 30 seconds left.
|inactive|ursamajor404 has 20 seconds left.
|
|t:|1785284446
|teamsize|p1|4
|teamsize|p2|4
|start
|switch|p1a: Sneasler|Sneasler, L50, M|100/100
|switch|p1b: Eelektross|Eelektross, L50, F|100/100
|switch|p2a: Kingambit|Kingambit, L50, F|100/100
|switch|p2b: Dragonite|Dragonite, L50, F|100/100
|turn|1
|inactive|ursamajor404 has 30 seconds left.
|
|t:|1785284474
|switch|p2a: Toxapex|Toxapex, L50, F|100/100
|detailschange|p1b: Eelektross|Eelektross-Mega, L50, F
|-mega|p1b: Eelektross|Eelektross|Eelektrossite
|move|p1a: Sneasler|Coaching|p1b: Eelektross
|-boost|p1b: Eelektross|atk|1
|-boost|p1b: Eelektross|def|1
|move|p1b: Eelektross|Coil|p1b: Eelektross
|-boost|p1b: Eelektross|atk|1
|-boost|p1b: Eelektross|def|1
|-boost|p1b: Eelektross|accuracy|1
|move|p2b: Dragonite|Dragon Claw|p1a: Sneasler
|-enditem|p1a: Sneasler|Focus Sash
|-damage|p1a: Sneasler|1/100
|-damage|p2b: Dragonite|90/100|[from] item: Life Orb
|
|upkeep
|turn|2
|inactive|ursamajor404 has 30 seconds left.
|
|t:|1785284504
|move|p1a: Sneasler|Coaching|p1b: Eelektross
|-boost|p1b: Eelektross|atk|1
|-boost|p1b: Eelektross|def|1
|move|p1b: Eelektross|Thunder Punch|p2a: Toxapex
|-supereffective|p2a: Toxapex|1
|-damage|p2a: Toxapex|0 fnt
|faint|p2a: Toxapex
|-ability|p1b: Eelektross|Eelevate|boost
|-boost|p1b: Eelektross|atk|1
|move|p2b: Dragonite|Dragon Claw|p1a: Sneasler
|-damage|p1a: Sneasler|0 fnt
|faint|p1a: Sneasler
|-damage|p2b: Dragonite|80/100|[from] item: Life Orb
|
|upkeep
|
|t:|1785284517
|switch|p1a: Sinistcha|Sinistcha, L50|100/100
|switch|p2a: Kingambit|Kingambit, L50, F|100/100
|turn|3
|
|t:|1785284528
|switch|p2b: Blaziken|Blaziken, L50, F|100/100
|move|p1a: Sinistcha|Protect|p1a: Sinistcha
|-singleturn|p1a: Sinistcha|Protect
|move|p2a: Kingambit|Protect|p2a: Kingambit
|-singleturn|p2a: Kingambit|Protect
|move|p1b: Eelektross|Drain Punch|p2a: Kingambit
|-activate|p2a: Kingambit|move: Protect
|
|upkeep
|turn|4
|inactive|ursamajor404 has 30 seconds left.
|inactive|ursamajor404 has 20 seconds left.
|inactive|ursamajor404 has 15 seconds left.
|
|t:|1785284570
|switch|p1a: Incineroar|Incineroar, L50, F|100/100
|-ability|p1a: Incineroar|Intimidate|boost
|-unboost|p2a: Kingambit|atk|1
|-ability|p2a: Kingambit|Defiant|boost
|-boost|p2a: Kingambit|atk|2
|-unboost|p2b: Blaziken|atk|1
|switch|p2a: Dragonite|Dragonite, L50, F|80/100
|detailschange|p2b: Blaziken|Blaziken-Mega, L50, F
|-mega|p2b: Blaziken|Blaziken|Blazikenite
|move|p2b: Blaziken|Flare Blitz|p1a: Incineroar
|-resisted|p1a: Incineroar|1
|-damage|p1a: Incineroar|74/100
|-damage|p2b: Blaziken|89/100|[from] Recoil
|move|p1b: Eelektross|Drain Punch|p2a: Dragonite
|-resisted|p2a: Dragonite|1
|-damage|p2a: Dragonite|43/100
|
|-ability|p2b: Blaziken|Speed Boost|boost
|-boost|p2b: Blaziken|spe|1
|upkeep
|turn|5
|inactive|ToastedArt has 30 seconds left.
|inactive|ursamajor404 has 30 seconds left.
|inactive|ursamajor404 has 20 seconds left.
|
|t:|1785284608
|switch|p2b: Kingambit|Kingambit, L50, F|100/100
|move|p1b: Eelektross|Drain Punch|p2b: Kingambit
|-supereffective|p2b: Kingambit|2
|-damage|p2b: Kingambit|0 fnt
|faint|p2b: Kingambit
|-ability|p1b: Eelektross|Eelevate|boost
|-boost|p1b: Eelektross|atk|1
|move|p2a: Dragonite|Dragon Claw|p1b: Eelektross
|-damage|p1b: Eelektross|74/100
|-damage|p2a: Dragonite|34/100|[from] item: Life Orb
|move|p1a: Incineroar|Parting Shot|p2a: Dragonite
|-unboost|p2a: Dragonite|atk|1
|-unboost|p2a: Dragonite|spa|1
|
|t:|1785284621
|switch|p1a: Sinistcha|Sinistcha, L50|100/100|[from] Parting Shot
|-heal|p1b: Eelektross|99/100|[from] ability: Hospitality|[of] p1a: Sinistcha
|
|upkeep
|
|t:|1785284626
|switch|p2b: Blaziken|Blaziken-Mega, L50, F|89/100
|turn|6
|
|t:|1785284639
|switch|p1a: Incineroar|Incineroar, L50, F|74/100
|-ability|p1a: Incineroar|Intimidate|boost
|-fail|p2a: Dragonite|unboost|Attack|[from] ability: Inner Focus|[of] p2a: Dragonite
|-unboost|p2b: Blaziken|atk|1
|move|p2a: Dragonite|Extreme Speed|p1b: Eelektross
|-damage|p1b: Eelektross|85/100
|-damage|p2a: Dragonite|24/100|[from] item: Life Orb
|move|p2b: Blaziken|Flare Blitz|p1a: Incineroar
|-resisted|p1a: Incineroar|1
|-damage|p1a: Incineroar|50/100g
|-damage|p2b: Blaziken|80/100|[from] Recoil
|move|p1b: Eelektross|Thunder Punch|p2a: Dragonite
|-damage|p2a: Dragonite|0 fnt
|faint|p2a: Dragonite
|-ability|p1b: Eelektross|Eelevate|boost
|-boost|p1b: Eelektross|atk|1
|
|-ability|p2b: Blaziken|Speed Boost|boost
|-boost|p2b: Blaziken|spe|1
|upkeep
|turn|7
|
|t:|1785284660
|move|p1a: Incineroar|Fake Out|p2b: Blaziken
|-damage|p2b: Blaziken|67/100
|cant|p2b: Blaziken|flinch
|move|p1b: Eelektross|Drain Punch|p2b: Blaziken
|-damage|p2b: Blaziken|0 fnt
|-heal|p1b: Eelektross|100/100|[from] drain|[of] p2b: Blaziken
|faint|p2b: Blaziken
|
|win|ToastedArt
