|j|☆syshj
|j|☆monsoonisbest
|html|syshjmonsoonisbest    
|uhtml|bestof|Game 1 of a best-of-3
|t:|1784449062
|gametype|doubles
|player|p1|syshj|dawn|1262
|player|p2|monsoonisbest|1|1235
|gen|9
|tier|[Gen 9 Champions] VGC 2026 Reg M-B (Bo3)
|rated|
|rule|Species Clause: Limit one of each Pokémon
|rule|Item Clause: Limit 1 of each item
|clearpoke
|poke|p1|Audino, L50, M|
|poke|p1|Overqwil, L50, M|
|poke|p1|Metagross, L50|
|poke|p1|Whimsicott, L50, M|
|poke|p1|Zoroark-Hisui, L50, F|
|poke|p1|Sableye, L50, F|
|poke|p2|Gengar, L50, F|
|poke|p2|Swampert, L50, F|
|poke|p2|Incineroar, L50, F|
|poke|p2|Politoed, L50, M|
|poke|p2|Archaludon, L50, F|
|poke|p2|Vivillon-Monsoon, L50, F|
|teampreview|4
|showteam|p1|Audino||MentalHerb|Healer|SimpleBeam,HealPulse,Protect,TrickRoom|Relaxed||M|||50|]Overqwil||Leftovers|PoisonPoint|ThroatChop,Stockpile,SwordsDance,Minimize|Relaxed||M|||50|]Metagross||Metagrossite|ClearBody|PsychicFangs,BodyPress,PsychUp,Protect|Jolly|||||50|]Whimsicott||LifeOrb|Prankster|Memento,SunnyDay,LightScreen,GrassKnot|Modest||M|||50|]Zoroark-Hisui||FocusSash|Illusion|RainDance,WillOWisp,Taunt,Memento|Hasty||F|||50|]Sableye||LightClay|Prankster|Reflect,LightScreen,RainDance,Taunt|Careful||F|||50|
|showteam|p2|Gengar||Gengarite|CursedBody|ShadowBall,PerishSong,SludgeBomb,Protect|Timid||F|||50|]Swampert||Swampertite|Damp|WaveCrash,Earthquake,IcePunch,Protect|Adamant||F|||50|]Incineroar||PasshoBerry|Intimidate|ThroatChop,PartingShot,FakeOut,Protect|Sassy||F|||50|]Politoed||SitrusBerry|Drizzle|WeatherBall,PerishSong,Encore,Protect|Calm||M|||50|]Archaludon||Leftovers|Stamina|DragonPulse,FlashCannon,ElectroShot,Protect|Bold||F|||50|]Vivillon-Monsoon||FocusSash|CompoundEyes|Hurricane,SleepPowder,RagePowder,Protect|Timid||F|||50|
|
|t:|1784449088
|teamsize|p1|4
|teamsize|p2|4
|start
|switch|p1a: Audino|Audino, L50, M|100/100
|switch|p1b: Metagross|Metagross, L50|100/100
|switch|p2a: Swampert|Swampert, L50, F|100/100
|switch|p2b: Vivillon|Vivillon-Monsoon, L50, F|100/100
|turn|1
|
|t:|1784449120
|detailschange|p2a: Swampert|Swampert-Mega, L50, F
|-mega|p2a: Swampert|Swampert|Swampertite
|move|p1b: Metagross|Taunt|p2b: Vivillon
|-start|p2b: Vivillon|move: Taunt
|cant|p2b: Vivillon|move: Taunt|Sleep Powder
|move|p2a: Swampert|Earthquake|p1a: Audino|[spread] p1a,p1b
|-immune|p2b: Vivillon
|-damage|p1a: Audino|65/100
|-damage|p1b: Metagross|1/100
|replace|p1b: Zoroark|Zoroark-Hisui, L50, F
|-end|p1b: Zoroark|Illusion
|move|p1a: Audino|Trick Room|p1a: Audino
|-fieldstart|move: Trick Room|[of] p1a: Audino
|
|upkeep
|turn|2
|
|t:|1784449134
|move|p1a: Audino|Protect|p1a: Audino
|-singleturn|p1a: Audino|Protect
|move|p2a: Swampert|Earthquake|p1a: Audino|[spread] p1b
|-activate|p1a: Audino|move: Protect
|-immune|p2b: Vivillon
|-damage|p1b: Zoroark|0 fnt
|faint|p1b: Zoroark
|move|p2b: Vivillon|Hurricane|p1a: Audino
|-activate|p1a: Audino|move: Protect
|
|upkeep
|
|t:|1784449136
|switch|p1b: Overqwil|Overqwil, L50, M|100/100
|turn|3
|
|t:|1784449150
|move|p1a: Audino|Simple Beam|p1b: Overqwil
|-ability|p1b: Overqwil|Simple|Poison Point|[from] move: Simple Beam
|move|p1b: Overqwil|Minimize|p1b: Overqwil
|-boost|p1b: Overqwil|evasion|4
|move|p2a: Swampert|Earthquake|p1b: Overqwil|[spread] p1a
|-immune|p2b: Vivillon
|-miss|p2a: Swampert|p1b: Overqwil
|-damage|p1a: Audino|34/100
|move|p2b: Vivillon|Hurricane|p1a: Audino
|-damage|p1a: Audino|0 fnt
|faint|p1a: Audino
|
|-end|p2b: Vivillon|move: Taunt
|upkeep
|
|t:|1784449152
|switch|p1a: Metagross|Metagross, L50|100/100
|turn|4
|
|t:|1784449177
|move|p1b: Overqwil|Swords Dance|p1b: Overqwil
|-boost|p1b: Overqwil|atk|4
|move|p2a: Swampert|Earthquake|p1a: Metagross|[spread] p1a,p1b
|-immune|p2b: Vivillon
|-supereffective|p1a: Metagross|1
|-supereffective|p1b: Overqwil|1
|-damage|p1a: Metagross|31/100
|-damage|p1b: Overqwil|17/100
|move|p1a: Metagross|Psych Up|p1b: Overqwil
|-copyboost|p1a: Metagross|p1b: Overqwil|[from] move: Psych Up
|move|p2b: Vivillon|Sleep Powder|p1a: Metagross|[miss]
|-miss|p2b: Vivillon|p1a: Metagross
|
|-heal|p1b: Overqwil|23/100|[from] item: Leftovers
|upkeep
|turn|5
|
|t:|1784449189
|detailschange|p1a: Metagross|Metagross-Mega, L50
|-mega|p1a: Metagross|Metagross|Metagrossite
|move|p2b: Vivillon|Rage Powder|p2b: Vivillon
|-singleturn|p2b: Vivillon|move: Rage Powder
|move|p1b: Overqwil|Throat Chop|p2b: Vivillon
|-enditem|p2b: Vivillon|Focus Sash
|-damage|p2b: Vivillon|1/100
|-start|p2b: Vivillon|Throat Chop|[silent]
|move|p2a: Swampert|Earthquake|p1b: Overqwil|[spread] p1b
|-immune|p2b: Vivillon
|-miss|p2a: Swampert|p1a: Metagross
|-supereffective|p1b: Overqwil|1
|-damage|p1b: Overqwil|0 fnt
|faint|p1b: Overqwil
|move|p1a: Metagross|Psychic Fangs|p2b: Vivillon
|-damage|p2b: Vivillon|0 fnt
|faint|p2b: Vivillon
|
|-fieldend|move: Trick Room
|upkeep
|
|t:|1784449202
|switch|p2b: Politoed|Politoed, L50, M|100/100
|-weather|RainDance|[from] ability: Drizzle|[of] p2b: Politoed
|turn|6
|
|t:|1784449214
|move|p2a: Swampert|Wave Crash|p1a: Metagross
|-damage|p1a: Metagross|0 fnt
|faint|p1a: Metagross
|-damage|p2a: Swampert|89/100|[from] Recoil
|
|win|monsoonisbest
