|j|☆Brutalandathebozz
|j|☆doingVGCthings
|html|BrutalandathebozzdoingVGCthings    
|uhtml|bestof|Game 1 of a best-of-3
|t:|1756212295
|gametype|doubles
|player|p1|Brutalandathebozz|170|1166
|player|p2|doingVGCthings|swimmer-gen4dp|1269
|gen|9
|tier|[Gen 9] VGC 2025 Reg H (Bo3)
|rated|
|rule|Species Clause: Limit one of each Pokémon
|rule|Item Clause: Limit 1 of each item
|clearpoke
|poke|p1|Salamence, L50, M|
|poke|p1|Sneasler, L50, F|
|poke|p1|Kingambit, L50, F|
|poke|p1|Primarina, L50, M|
|poke|p1|Electabuzz, L50, M|
|poke|p1|Rillaboom, L50, F|
|poke|p2|Volcarona, L50, M|
|poke|p2|Electabuzz, L50, F|
|poke|p2|Tyranitar, L50, F|
|poke|p2|Amoonguss, L50, M|
|poke|p2|Annihilape, L50, M|
|poke|p2|Mamoswine, L50, F|
|teampreview|4
|showteam|p1|Salamence||LifeOrb|Intimidate|DualWingbeat,DracoMeteor,Protect,Tailwind|||M|||50|,,,,,Stellar]Sneasler||FocusSash|PoisonTouch|FakeOut,CloseCombat,DireClaw,Protect|||F|||50|,,,,,Ghost]Kingambit||BlackGlasses|Defiant|KowtowCleave,SuckerPunch,Protect,SwordsDance|||F|||50|,,,,,Dark]Primarina||SitrusBerry|LiquidVoice|HyperVoice,Moonblast,Protect,Haze|||M|||50|,,,,,Poison]Electabuzz||Eviolite|VitalSpirit|Protect,Taunt,FollowMe,Electroweb|||M|||50|,,,,,Ghost]Rillaboom||AssaultVest|GrassySurge|WoodHammer,GrassyGlide,FakeOut,HighHorsepower|||F|||50|,,,,,Fire
|showteam|p2|Volcarona||CovertCloak|FlameBody|Protect,HeatWave,GigaDrain,QuiverDance|||M|||50|,,,,,Grass]Electabuzz||Eviolite|VitalSpirit|Protect,Electroweb,Taunt,FollowMe|||F|||50|,,,,,Ghost]Tyranitar||AssaultVest|SandStream|RockSlide,KnockOff,LowKick,TeraBlast|||F|||50|,,,,,Flying]Amoonguss||SitrusBerry|Regenerator|Protect,PollenPuff,Spore,RagePowder|||M|||50|,,,,,Fairy]Annihilape||SafetyGoggles|Defiant|Protect,RageFist,CloseCombat,Coaching|||M|||50|,,,,,Water]Mamoswine||FocusSash|Oblivious|Protect,IcicleCrash,HighHorsepower,IceShard|||F|||50|,,,,,Stellar
|inactive|Battle timer is ON: inactive players will automatically lose when time's up. (requested by doingVGCthings)
|inactive|Brutalandathebozz has 60 seconds left.
|inactive|doingVGCthings has 60 seconds left.
|inactive|Brutalandathebozz has 30 seconds left.
|inactive|doingVGCthings has 30 seconds left.
|inactive|doingVGCthings has 20 seconds left.
|
|t:|1756212366
|teamsize|p1|4
|teamsize|p2|4
|start
|switch|p1a: Sneasler|Sneasler, L50, F|100/100
|switch|p1b: Primarina|Primarina, L50, M|100/100
|switch|p2a: Tyranitar|Tyranitar, L50, F|100/100
|switch|p2b: Annihilape|Annihilape, L50, M|100/100
|-weather|Sandstorm|[from] ability: Sand Stream|[of] p2a: Tyranitar
|turn|1
|inactive|doingVGCthings has 30 seconds left.
|
|t:|1756212391
|switch|p2a: Amoonguss|Amoonguss, L50, M|100/100
|move|p1a: Sneasler|Fake Out|p2a: Amoonguss
|-damage|p2a: Amoonguss|89/100
|move|p2b: Annihilape|Coaching|p2a: Amoonguss
|-boost|p2a: Amoonguss|atk|1
|-boost|p2a: Amoonguss|def|1
|move|p1b: Primarina|Moonblast|p2b: Annihilape
|-supereffective|p2b: Annihilape
|-damage|p2b: Annihilape|8/100
|
|-weather|Sandstorm|[upkeep]
|-damage|p1a: Sneasler|95/100|[from] Sandstorm
|-damage|p1b: Primarina|95/100|[from] Sandstorm
|-damage|p2a: Amoonguss|83/100|[from] Sandstorm
|upkeep
|turn|2
|
|t:|1756212414
|switch|p2b: Volcarona|Volcarona, L50, M|100/100
|move|p1a: Sneasler|Protect|p1a: Sneasler
|-singleturn|p1a: Sneasler|Protect
|move|p1b: Primarina|Hyper Voice|p2b: Volcarona|[spread] p2a,p2b
|-resisted|p2a: Amoonguss
|-supereffective|p2b: Volcarona
|-damage|p2a: Amoonguss|68/100
|-damage|p2b: Volcarona|39/100
|move|p2a: Amoonguss|Spore|p1b: Primarina
|-status|p1b: Primarina|slp|[from] move: Spore
|
|-weather|Sandstorm|[upkeep]
|-damage|p1a: Sneasler|89/100|[from] Sandstorm
|-damage|p2b: Volcarona|33/100|[from] Sandstorm
|-damage|p1b: Primarina|89/100 slp|[from] Sandstorm
|-damage|p2a: Amoonguss|62/100|[from] Sandstorm
|upkeep
|turn|3
|
|t:|1756212431
|move|p2a: Amoonguss|Rage Powder|p2a: Amoonguss
|-singleturn|p2a: Amoonguss|move: Rage Powder
|move|p1a: Sneasler|Dire Claw|p2a: Amoonguss
|-damage|p2a: Amoonguss|40/100
|-enditem|p2a: Amoonguss|Sitrus Berry|[eat]
|-heal|p2a: Amoonguss|64/100|[from] item: Sitrus Berry
|move|p2b: Volcarona|Quiver Dance|p2b: Volcarona
|-boost|p2b: Volcarona|spa|1
|-boost|p2b: Volcarona|spd|1
|-boost|p2b: Volcarona|spe|1
|cant|p1b: Primarina|slp
|
|-weather|Sandstorm|[upkeep]
|-damage|p2b: Volcarona|27/100|[from] Sandstorm
|-damage|p1a: Sneasler|83/100|[from] Sandstorm
|-damage|p1b: Primarina|83/100 slp|[from] Sandstorm
|-damage|p2a: Amoonguss|58/100|[from] Sandstorm
|upkeep
|turn|4
|
|t:|1756212451
|move|p2b: Volcarona|Giga Drain|p1b: Primarina
|-supereffective|p1b: Primarina
|-damage|p1b: Primarina|17/100 slp
|-heal|p2b: Volcarona|65/100|[from] drain|[of] p1b: Primarina
|-enditem|p1b: Primarina|Sitrus Berry|[eat]
|-heal|p1b: Primarina|41/100 slp|[from] item: Sitrus Berry
|move|p1a: Sneasler|Dire Claw|p2b: Volcarona
|-crit|p2b: Volcarona
|-damage|p2b: Volcarona|0 fnt
|faint|p2b: Volcarona
|cant|p1b: Primarina|slp
|move|p2a: Amoonguss|Spore|p1a: Sneasler
|-status|p1a: Sneasler|slp|[from] move: Spore
|
|-weather|Sandstorm|[upkeep]
|-damage|p1a: Sneasler|77/100 slp|[from] Sandstorm
|-damage|p1b: Primarina|35/100 slp|[from] Sandstorm
|-damage|p2a: Amoonguss|53/100|[from] Sandstorm
|upkeep
|
|t:|1756212468
|switch|p2b: Annihilape|Annihilape, L50, M|8/100
|turn|5
|
|t:|1756212480
|cant|p1a: Sneasler|slp
|move|p2b: Annihilape|Rage Fist|p1b: Primarina
|-damage|p1b: Primarina|0 fnt
|faint|p1b: Primarina
|move|p2a: Amoonguss|Pollen Puff|p2b: Annihilape
|-heal|p2b: Annihilape|58/100
|
|-weather|none
|upkeep
|
|t:|1756212486
|switch|p1b: Kingambit|Kingambit, L50, F|100/100
|turn|6
|
|t:|1756212502
|-terastallize|p1b: Kingambit|Dark
|cant|p1a: Sneasler|slp
|move|p2b: Annihilape|Rage Fist|p1a: Sneasler
|-damage|p1a: Sneasler|5/100 slp
|move|p1b: Kingambit|Kowtow Cleave|p2b: Annihilape
|-damage|p2b: Annihilape|0 fnt
|faint|p2b: Annihilape
|move|p2a: Amoonguss|Spore|p1b: Kingambit
|-status|p1b: Kingambit|slp|[from] move: Spore
|
|upkeep
|
|t:|1756212514
|switch|p2b: Tyranitar|Tyranitar, L50, F|100/100
|-weather|Sandstorm|[from] ability: Sand Stream|[of] p2b: Tyranitar
|turn|7
|
|t:|1756212535
|switch|p1a: Salamence|Salamence, L50, M|100/100
|-ability|p1a: Salamence|Intimidate|boost
|-unboost|p2a: Amoonguss|atk|1
|-unboost|p2b: Tyranitar|atk|1
|-terastallize|p2b: Tyranitar|Flying
|cant|p1b: Kingambit|slp
|move|p2a: Amoonguss|Rage Powder|p2a: Amoonguss
|-singleturn|p2a: Amoonguss|move: Rage Powder
|move|p2b: Tyranitar|Rock Slide|p1b: Kingambit|[spread] p1a,p1b
|-supereffective|p1a: Salamence
|-damage|p1a: Salamence|61/100
|-damage|p1b: Kingambit|83/100 slp
|
|-weather|Sandstorm|[upkeep]
|-damage|p1a: Salamence|55/100|[from] Sandstorm
|-damage|p2b: Tyranitar|95/100|[from] Sandstorm
|-damage|p1b: Kingambit|77/100 slp|[from] Sandstorm
|-damage|p2a: Amoonguss|47/100|[from] Sandstorm
|upkeep
|turn|8
|inactive|doingVGCthings has 30 seconds left.
|
|t:|1756212562
|move|p2a: Amoonguss|Protect|p2a: Amoonguss
|-singleturn|p2a: Amoonguss|Protect
|move|p1a: Salamence|Dual Wingbeat|p2a: Amoonguss
|-activate|p2a: Amoonguss|move: Protect
|move|p2b: Tyranitar|Rock Slide|p1b: Kingambit|[spread] p1a,p1b
|-supereffective|p1a: Salamence
|-damage|p1a: Salamence|16/100
|-damage|p1b: Kingambit|60/100 slp
|cant|p1b: Kingambit|slp
|
|-weather|Sandstorm|[upkeep]
|-damage|p1a: Salamence|10/100|[from] Sandstorm
|-damage|p2b: Tyranitar|89/100|[from] Sandstorm
|-damage|p1b: Kingambit|54/100 slp|[from] Sandstorm
|-damage|p2a: Amoonguss|41/100|[from] Sandstorm
|upkeep
|turn|9
|inactive|doingVGCthings has 30 seconds left.
|
|t:|1756212590
|move|p1a: Salamence|Dual Wingbeat|p2a: Amoonguss|[miss]
|-miss|p1a: Salamence|p2a: Amoonguss
|move|p2b: Tyranitar|Rock Slide|p1a: Salamence|[spread] p1a,p1b
|-supereffective|p1a: Salamence
|-crit|p1b: Kingambit
|-damage|p1a: Salamence|0 fnt
|-damage|p1b: Kingambit|16/100 slp
|faint|p1a: Salamence
|cant|p1b: Kingambit|slp
|move|p2a: Amoonguss|Spore|p1b: Kingambit
|-fail|p1b: Kingambit|slp
|
|-weather|Sandstorm|[upkeep]
|-damage|p2b: Tyranitar|83/100|[from] Sandstorm
|-damage|p1b: Kingambit|10/100 slp|[from] Sandstorm
|-damage|p2a: Amoonguss|35/100|[from] Sandstorm
|upkeep
|
|t:|1756212601
|switch|p1a: Sneasler|Sneasler, L50, F|5/100 slp
|turn|10
|
|t:|1756212615
|move|p2a: Amoonguss|Protect|p2a: Amoonguss
|-singleturn|p2a: Amoonguss|Protect
|cant|p1a: Sneasler|slp
|move|p2b: Tyranitar|Rock Slide|p1b: Kingambit|[spread] p1a,p1b
|-resisted|p1a: Sneasler
|-damage|p1a: Sneasler|0 fnt
|-damage|p1b: Kingambit|0 fnt
|faint|p1a: Sneasler
|faint|p1b: Kingambit
|
|win|doingVGCthings
||Brutalandathebozz is ready for game 2.
||Brutalandathebozz is ready for game 2.
||doingVGCthings is ready for game 2.
|uhtml|next|Next: Game 2 of 3
|l|☆Brutalandathebozz
|player|p1|
|j|☆Brutalandathebozz
|player|p1|Brutalandathebozz|170|
|l|☆Brutalandathebozz
|player|p1|
