|j|☆Gengarlover1234
|j|☆echoes630
|html|Gengarlover1234echoes630    
|uhtml|bestof|Game 1 of a best-of-3
|t:|1786012050
|gametype|doubles
|player|p1|Gengarlover1234|266|1282
|player|p2|echoes630|101|1278
|gen|9
|tier|[Gen 9 Champions] VGC 2026 Reg M-B (Bo3)
|rated|
|rule|Species Clause: Limit one of each Pokémon
|rule|Item Clause: Limit 1 of each item
|clearpoke
|poke|p1|Gengar, L50, M, shiny|
|poke|p1|Incineroar, L50, M|
|poke|p1|Politoed, L50, M, shiny|
|poke|p1|Vivillon-Pokeball, L50, F|
|poke|p1|Basculegion, L50, M, shiny|
|poke|p1|Kommo-o, L50, F, shiny|
|poke|p2|Farigiraf, L50, F|
|poke|p2|Torkoal, L50, M|
|poke|p2|Pyroar, L50, F|
|poke|p2|Vileplume, L50, F|
|poke|p2|Scrafty, L50, F|
|poke|p2|Basculegion, L50, M|
|teampreview|4
|showteam|p1|Gengar||Gengarite|CursedBody|ShadowBall,PerishSong,SludgeBomb,Protect|Timid||M|||50|]Incineroar||PasshoBerry|Intimidate|ThroatChop,PartingShot,FakeOut,Protect|Sassy||M|||50|]Politoed||SitrusBerry|Drizzle|WeatherBall,PerishSong,Protect,HelpingHand|Bold||M|||50|]Vivillon-Pokeball||FocusSash|CompoundEyes|Hurricane,RagePowder,SleepPowder,Protect|Timid||F|||50|]Basculegion||LifeOrb|SwiftSwim|LastRespects,WaveCrash,AquaJet,Protect|Adamant||M|||50|]Kommo-o||Leftovers|Soundproof|ClangingScales,AuraSphere,ClangorousSoul,Protect|Modest||F|||50|
|showteam|p2|Farigiraf||ColburBerry|ArmorTail|Psychic,HelpingHand,TrickRoom,Protect|Relaxed||F|||50|]Torkoal||Charcoal|Drought|Eruption,HeatWave,WeatherBall,EarthPower|Quiet||M|||50|]Pyroar||Pyroarite|Unnerve|HeatWave,Overheat,SolarBeam,Protect|Timid||F|||50|]Vileplume||FocusSash|Chlorophyll|LeafStorm,SleepPowder,AfterYou,Protect|Timid||F|||50|]Scrafty||Scraftinite|Intimidate|FakeOut,KnockOff,CloseCombat,Snarl|Adamant||F|||50|]Basculegion||ChoiceScarf|Adaptability|LastRespects,WaveCrash,FlipTurn,AquaJet|Jolly||M|||50|
|
|t:|1786012096
|teamsize|p1|4
|teamsize|p2|4
|start
|switch|p1a: Gengar|Gengar, L50, M, shiny|100/100
|switch|p1b: Kommo-o|Kommo-o, L50, F, shiny|100/100
|switch|p2a: Scrafty|Scrafty, L50, F|100/100
|switch|p2b: Farigiraf|Farigiraf, L50, F|100/100
|-ability|p2a: Scrafty|Intimidate|boost
|-unboost|p1a: Gengar|atk|1
|-unboost|p1b: Kommo-o|atk|1
|turn|1
|inactive|Battle timer is ON: inactive players will automatically lose when time's up. (requested by Gengarlover1234)
|
|t:|1786012121
|switch|p1a: Incineroar|Incineroar, L50, M|100/100
|-ability|p1a: Incineroar|Intimidate|boost
|-unboost|p2a: Scrafty|atk|1
|-unboost|p2b: Farigiraf|atk|1
|move|p2a: Scrafty|Fake Out|p1b: Kommo-o
|-damage|p1b: Kommo-o|92/100
|cant|p1b: Kommo-o|flinch
|move|p2b: Farigiraf|Trick Room|p2b: Farigiraf
|-fieldstart|move: Trick Room|[of] p2b: Farigiraf
|
|-heal|p1b: Kommo-o|98/100|[from] item: Leftovers
|upkeep
|turn|2
|inactive|Gengarlover1234 has 30 seconds left.
|
|t:|1786012154
|switch|p2a: Basculegion|Basculegion, L50, M|100/100
|move|p2b: Farigiraf|Psychic|p1b: Kommo-o
|-supereffective|p1b: Kommo-o|1
|-damage|p1b: Kommo-o|30/100
|move|p1a: Incineroar|Parting Shot|p2a: Basculegion
|-unboost|p2a: Basculegion|atk|1
|-unboost|p2a: Basculegion|spa|1
|
|t:|1786012161
|switch|p1a: Gengar|Gengar, L50, M, shiny|100/100|[from] Parting Shot
|move|p1b: Kommo-o|Aura Sphere|p2a: Basculegion
|-immune|p2a: Basculegion
|
|-heal|p1b: Kommo-o|35/100|[from] item: Leftovers
|upkeep
|turn|3
|
|t:|1786012173
|switch|p1b: Incineroar|Incineroar, L50, M|100/100
|-ability|p1b: Incineroar|Intimidate|boost
|-unboost|p2a: Basculegion|atk|1
|-unboost|p2b: Farigiraf|atk|1
|switch|p2a: Scrafty|Scrafty, L50, F|100/100
|-ability|p2a: Scrafty|Intimidate|boost
|-unboost|p1a: Gengar|atk|1
|-unboost|p1b: Incineroar|atk|1
|detailschange|p1a: Gengar|Gengar-Mega, L50, M, shiny
|-mega|p1a: Gengar|Gengar|Gengarite
|move|p2b: Farigiraf|Psychic|p1b: Incineroar
|-immune|p1b: Incineroar
|move|p1a: Gengar|Perish Song|p1a: Gengar
|-start|p1a: Gengar|perish3|[silent]
|-start|p1b: Incineroar|perish3|[silent]
|-start|p2a: Scrafty|perish3|[silent]
|-start|p2b: Farigiraf|perish3|[silent]
|-fieldactivate|move: Perish Song
|
|-start|p2b: Farigiraf|perish3
|-start|p1b: Incineroar|perish3
|-start|p2a: Scrafty|perish3
|-start|p1a: Gengar|perish3
|upkeep
|turn|4
|
|t:|1786012201
|move|p2b: Farigiraf|Helping Hand|p2a: Scrafty
|-singleturn|p2a: Scrafty|Helping Hand|[of] p2b: Farigiraf
|move|p1b: Incineroar|Protect|p1b: Incineroar
|-singleturn|p1b: Incineroar|Protect
|move|p1a: Gengar|Protect|p1a: Gengar
|-singleturn|p1a: Gengar|Protect
|move|p2a: Scrafty|Close Combat|p1b: Incineroar
|-activate|p1b: Incineroar|move: Protect
|
|-start|p2b: Farigiraf|perish2
|-start|p1b: Incineroar|perish2
|-start|p2a: Scrafty|perish2
|-start|p1a: Gengar|perish2
|upkeep
|turn|5
|
|t:|1786012217
|switch|p1a: Politoed|Politoed, L50, M, shiny|100/100
|-weather|RainDance|[from] ability: Drizzle|[of] p1a: Politoed
|move|p1b: Incineroar|Parting Shot|p2a: Scrafty
|-unboost|p2a: Scrafty|atk|1
|-unboost|p2a: Scrafty|spa|1
|
|t:|1786012226
|switch|p1b: Kommo-o|Kommo-o, L50, F, shiny|35/100|[from] Parting Shot
|move|p2b: Farigiraf|Psychic|p1a: Politoed
|-damage|p1a: Politoed|69/100
|move|p2a: Scrafty|Knock Off|p1a: Politoed
|-damage|p1a: Politoed|41/100
|-enditem|p1a: Politoed|Sitrus Berry|[from] move: Knock Off|[of] p2a: Scrafty
|
|-weather|RainDance|[upkeep]
|-heal|p1b: Kommo-o|41/100|[from] item: Leftovers
|-start|p2b: Farigiraf|perish1
|-start|p2a: Scrafty|perish1
|-fieldend|move: Trick Room
|upkeep
|turn|6
|inactive|Gengarlover1234 has 30 seconds left.
|
|t:|1786012258
|switch|p1b: Gengar|Gengar-Mega, L50, M, shiny|100/100
|switch|p2a: Vileplume|Vileplume, L50, F|100/100
|switch|p2b: Basculegion|Basculegion, L50, M|100/100
|move|p1a: Politoed|Perish Song|p1a: Politoed
|-start|p1a: Politoed|perish3|[silent]
|-start|p1b: Gengar|perish3|[silent]
|-start|p2a: Vileplume|perish3|[silent]
|-start|p2b: Basculegion|perish3|[silent]
|-fieldactivate|move: Perish Song
|
|-weather|RainDance|[upkeep]
|-start|p2b: Basculegion|perish3
|-start|p1b: Gengar|perish3
|-start|p2a: Vileplume|perish3
|-start|p1a: Politoed|perish3
|upkeep
|turn|7
|inactive|Gengarlover1234 has 30 seconds left.
|inactive|Gengarlover1234 has 20 seconds left.
|
|t:|1786012297
|switch|p1a: Incineroar|Incineroar, L50, M|100/100
|-ability|p1a: Incineroar|Intimidate|boost
|-unboost|p2a: Vileplume|atk|1
|-unboost|p2b: Basculegion|atk|1
|move|p1b: Gengar|Protect|p1b: Gengar
|-singleturn|p1b: Gengar|Protect
|move|p2b: Basculegion|Flip Turn|p1b: Gengar
|-activate|p1b: Gengar|move: Protect
|move|p2a: Vileplume|Sleep Powder|p1a: Incineroar
|-status|p1a: Incineroar|slp|[from] move: Sleep Powder
|
|-weather|RainDance|[upkeep]
|-start|p2b: Basculegion|perish2
|-start|p1b: Gengar|perish2
|-start|p2a: Vileplume|perish2
|upkeep
|turn|8
|
|t:|1786012320
|move|p2b: Basculegion|Flip Turn|p1b: Gengar
|-damage|p1b: Gengar|57/100
|
|t:|1786012323
|switch|p2b: Scrafty|Scrafty, L50, F|100/100|[from] Flip Turn
|-ability|p2b: Scrafty|Intimidate|boost
|-unboost|p1a: Incineroar|atk|1
|-unboost|p1b: Gengar|atk|1
|move|p1b: Gengar|Sludge Bomb|p2b: Scrafty
|-damage|p2b: Scrafty|50/100g
|move|p2a: Vileplume|Sleep Powder|p1b: Gengar
|-status|p1b: Gengar|slp|[from] move: Sleep Powder
|cant|p1a: Incineroar|slp
|
|-weather|RainDance|[upkeep]
|-start|p1b: Gengar|perish1
|-start|p2a: Vileplume|perish1
|upkeep
|turn|9
|inactive|Gengarlover1234 has 30 seconds left.
|inactive|Gengarlover1234 has 20 seconds left.
|inactive|Gengarlover1234 has 15 seconds left.
|
|t:|1786012367
|switch|p1b: Kommo-o|Kommo-o, L50, F, shiny|41/100
|detailschange|p2b: Scrafty|Scrafty-Mega, L50, F
|-mega|p2b: Scrafty|Scrafty|Scraftinite
|-ability|p2b: Scrafty|Intimidate|boost
|-unboost|p1a: Incineroar|atk|1
|-unboost|p1b: Kommo-o|atk|1
|move|p2a: Vileplume|Sleep Powder|p1b: Kommo-o
|-status|p1b: Kommo-o|slp|[from] move: Sleep Powder
|move|p2b: Scrafty|Knock Off|p1b: Kommo-o
|-resisted|p1b: Kommo-o|1
|-damage|p1b: Kommo-o|15/100 slp
|-enditem|p1b: Kommo-o|Leftovers|[from] move: Knock Off|[of] p2b: Scrafty
|-curestatus|p1a: Incineroar|slp|[msg]
|move|p1a: Incineroar|Parting Shot|p2b: Scrafty
|-unboost|p2b: Scrafty|atk|1
|-unboost|p2b: Scrafty|spa|1
|
|t:|1786012388
|switch|p1a: Politoed|Politoed, L50, M, shiny|41/100|[from] Parting Shot
|
|-weather|none
|-start|p2a: Vileplume|perish0
|upkeep
|faint|p2a: Vileplume
|
|t:|1786012391
|switch|p2a: Basculegion|Basculegion, L50, M|100/100
|turn|10
|-message|Gengarlover1234 forfeited.
|
|win|echoes630
||Gengarlover1234 is ready for game 2.
||echoes630 is ready for game 2.
|uhtml|next|Next: Game 2 of 3
