|j|☆caballero plateado
|j|☆Muffinking25
|html|caballero plateadoMuffinking25    
|uhtml|bestof|Game 1 of a best-of-3
|t:|1785610424
|gametype|doubles
|player|p1|caballero plateado|169|1000
|player|p2|Muffinking25|1|1053
|gen|9
|tier|[Gen 9 Champions] VGC 2026 Reg M-B (Bo3)
|rated|
|rule|Species Clause: Limit one of each Pokémon
|rule|Item Clause: Limit 1 of each item
|clearpoke
|poke|p1|Dragonite, L50, M|
|poke|p1|Sylveon, L50, F|
|poke|p1|Slowking, L50, M|
|poke|p1|Crabominable, L50, M|
|poke|p1|Torkoal, L50, F|
|poke|p1|Tsareena, L50, F|
|poke|p2|Decidueye-Hisui, L50, F|
|poke|p2|Camerupt, L50, F|
|poke|p2|Farigiraf, L50, F|
|poke|p2|Mawile, L50, M|
|poke|p2|Vanilluxe, L50, M|
|poke|p2|Incineroar, L50, M|
|teampreview|4
|showteam|p1|Dragonite||LumBerry|InnerFocus|IronHead,LowKick,Tailwind,ExtremeSpeed|Adamant||M|||50|]Sylveon||FairyFeather|Pixilate|HyperVoice,HelpingHand,Detect,Moonblast|Calm||F|||50|]Slowking||SitrusBerry|Oblivious|ChillyReception,TrickRoom,SlackOff,Scald|Rash||M|||50|]Crabominable||Crabominite|HyperCutter|IceHammer,MachPunch,Protect,DrainPunch|Adamant||M|||50|]Torkoal||Charcoal|Drought|Eruption,WeatherBall,Protect,EarthPower|Quiet||F|||50|]Tsareena||FocusBand|QueenlyMajesty|TropKick,Protect,LowKick,HelpingHand|Adamant||F|||50|
|showteam|p2|Decidueye-Hisui||ScopeLens|Scrappy|Protect,LeafBlade,Uturn,TripleArrows|Adamant||F|||50|]Camerupt||Cameruptite|SolidRock|Protect,EarthPower,HeatWave,AncientPower|Quiet||F|||50|]Farigiraf||SitrusBerry|ArmorTail|PsychicFangs,HyperVoice,HelpingHand,TrickRoom|Relaxed||F|||50|]Mawile||Mawilite|HyperCutter|Protect,IronHead,PlayRough,SuckerPunch|Brave||M|||50|]Vanilluxe||NeverMeltIce|SnowWarning|Protect,Blizzard,FreezeDry,IceShard|Quiet||M|||50|]Incineroar||WhiteHerb|Intimidate|FlareBlitz,CloseCombat,DarkestLariat,FakeOut|Brave||M|||50|
|inactive|Battle timer is ON: inactive players will automatically lose when time's up. (requested by caballero plateado)
|
|t:|1785610450
|teamsize|p1|4
|teamsize|p2|4
|start
|switch|p1a: Tsareena|Tsareena, L50, F|100/100
|switch|p1b: Crabominable|Crabominable, L50, M|100/100
|switch|p2a: Farigiraf|Farigiraf, L50, F|100/100
|switch|p2b: Incineroar|Incineroar, L50, M|100/100
|-ability|p2b: Incineroar|Intimidate|boost
|-unboost|p1a: Tsareena|atk|1
|-fail|p1b: Crabominable|unboost|Attack|[from] ability: Hyper Cutter|[of] p1b: Crabominable
|turn|1
|inactive|caballero plateado has 30 seconds left.
|
|t:|1785610483
|detailschange|p1b: Crabominable|Crabominable-Mega, L50, M
|-mega|p1b: Crabominable|Crabominable|Crabominite
|move|p1a: Tsareena|Helping Hand|p1b: Crabominable
|-singleturn|p1b: Crabominable|Helping Hand|[of] p1a: Tsareena
|move|p2b: Incineroar|Flare Blitz|p1a: Tsareena
|-supereffective|p1a: Tsareena|1
|-activate|p1a: Tsareena|item: Focus Band
|-damage|p1a: Tsareena|1/100
|-damage|p2b: Incineroar|65/100|[from] Recoil
|move|p1b: Crabominable|Ice Hammer|p2a: Farigiraf
|-damage|p2a: Farigiraf|0 fnt
|-unboost|p1b: Crabominable|spe|1
|faint|p2a: Farigiraf
|
|upkeep
|
|t:|1785610500
|switch|p2a: Camerupt|Camerupt, L50, F|100/100
|turn|2
|
|t:|1785610525
|detailschange|p2a: Camerupt|Camerupt-Mega, L50, F
|-mega|p2a: Camerupt|Camerupt|Cameruptite
|move|p1a: Tsareena|Helping Hand|p1b: Crabominable
|-singleturn|p1b: Crabominable|Helping Hand|[of] p1a: Tsareena
|move|p1b: Crabominable|Mach Punch|p2b: Incineroar
|-supereffective|p2b: Incineroar|1
|-damage|p2b: Incineroar|0 fnt
|faint|p2b: Incineroar
|move|p2a: Camerupt|Heat Wave|p1a: Tsareena|[spread] p1a,p1b
|-supereffective|p1a: Tsareena|1
|-supereffective|p1b: Crabominable|1
|-damage|p1a: Tsareena|0 fnt
|-damage|p1b: Crabominable|23/100
|faint|p1a: Tsareena
|
|upkeep
|
|t:|1785610549
|switch|p1a: Slowking|Slowking, L50, M|100/100
|switch|p2b: Vanilluxe|Vanilluxe, L50, M|100/100
|-weather|Snowscape|[from] ability: Snow Warning|[of] p2b: Vanilluxe
|turn|3
|
|t:|1785610573
|move|p2a: Camerupt|Protect|p2a: Camerupt
|-singleturn|p2a: Camerupt|Protect
|move|p1b: Crabominable|Protect|p1b: Crabominable
|-singleturn|p1b: Crabominable|Protect
|move|p2b: Vanilluxe|Freeze-Dry|p1a: Slowking
|-supereffective|p1a: Slowking|1
|-damage|p1a: Slowking|39/100
|-enditem|p1a: Slowking|Sitrus Berry|[eat]
|-heal|p1a: Slowking|64/100|[from] item: Sitrus Berry
|move|p1a: Slowking|Scald|p2a: Camerupt
|-activate|p2a: Camerupt|move: Protect
|
|-weather|Snowscape|[upkeep]
|upkeep
|turn|4
|inactive|caballero plateado has 30 seconds left.
|
|t:|1785610600
|move|p1b: Crabominable|Mach Punch|p2b: Vanilluxe
|-supereffective|p2b: Vanilluxe|1
|-damage|p2b: Vanilluxe|42/100
|move|p2b: Vanilluxe|Blizzard|p1a: Slowking|[spread] p1a,p1b
|-resisted|p1a: Slowking|1
|-resisted|p1b: Crabominable|1
|-damage|p1a: Slowking|45/100
|-damage|p1b: Crabominable|6/100
|move|p1a: Slowking|Scald|p2a: Camerupt
|-supereffective|p2a: Camerupt|2
|-damage|p2a: Camerupt|0 fnt
|faint|p2a: Camerupt
|
|-weather|Snowscape|[upkeep]
|upkeep
|turn|5
|
|t:|1785610621
|move|p2b: Vanilluxe|Ice Shard|p1b: Crabominable
|-resisted|p1b: Crabominable|1
|-damage|p1b: Crabominable|2/100
|move|p1b: Crabominable|Mach Punch|p2b: Vanilluxe
|-supereffective|p2b: Vanilluxe|1
|-damage|p2b: Vanilluxe|0 fnt
|faint|p2b: Vanilluxe
|
|win|caballero plateado
||Muffinking25 is ready for game 2.
|inactive|caballero plateado has 30 seconds to confirm battle start!
