|j|☆sum1dum
|j|☆BigWy2000
|html|sum1dumBigWy2000    
|uhtml|bestof|Game 1 of a best-of-3
|t:|1782959049
|gametype|doubles
|player|p1|sum1dum|rosa|1110
|player|p2|BigWy2000|169|1048
|gen|9
|tier|[Gen 9 Champions] VGC 2026 Reg M-B (Bo3)
|rated|
|rule|Species Clause: Limit one of each Pokémon
|rule|Item Clause: Limit 1 of each item
|clearpoke
|poke|p1|Gliscor, L50, F|
|poke|p1|Primarina, L50, F|
|poke|p1|Metagross, L50|
|poke|p1|Ninetales-Alola, L50, M|
|poke|p1|Incineroar, L50, F|
|poke|p1|Sinistcha, L50|
|poke|p2|Charizard, L50, F|
|poke|p2|Garchomp, L50, F|
|poke|p2|Rotom-Wash, L50|
|poke|p2|Torkoal, L50, M|
|poke|p2|Incineroar, L50, M|
|poke|p2|Venusaur, L50, F|
|teampreview|4
|showteam|p1|Gliscor||LifeOrb|HyperCutter|DualWingbeat,HighHorsepower,Protect,RockSlide|Jolly||F|||50|]Primarina||Leftovers|LiquidVoice|CalmMind,HyperVoice,Moonblast,Protect|Modest||F|||50|]Metagross||Metagrossite|ClearBody|BulletPunch,IronHead,Protect,PsychicFangs|Jolly|||||50|]Ninetales-Alola||LightClay|SnowWarning|AuroraVeil,FreezeDry,Moonblast,Protect|Timid||M|||50|]Incineroar||ChopleBerry|Intimidate|FakeOut,FlareBlitz,DarkestLariat,PartingShot|Impish||F|||50|]Sinistcha||SitrusBerry|Hospitality|MatchaGotcha,Protect,LifeDew,RagePowder|Bold|||||50|
|showteam|p2|Charizard||CharizarditeY|Blaze|HeatWave,Overheat,SolarBeam,Protect|Timid||F|||50|]Garchomp||ChoiceScarf|RoughSkin|Earthquake,RockSlide,DragonClaw,IronHead|Jolly||F|||50|]Rotom-Wash||Magnet|Levitate|Thunderbolt,HydroPump,WillOWisp,Protect|Calm|||||50|]Torkoal||Charcoal|Drought|Eruption,HeatWave,Protect,EarthPower|Modest||M|||50|]Incineroar||SitrusBerry|Intimidate|FakeOut,FlareBlitz,PartingShot,Taunt|Adamant||M|||50|]Venusaur||FocusSash|Chlorophyll|SleepPowder,SludgeBomb,GigaDrain,Protect|Modest||F|||50|
|inactive|Battle timer is ON: inactive players will automatically lose when time's up. (requested by sum1dum)
|inactive|sum1dum has 60 seconds left.
|
|t:|1782959091
|teamsize|p1|4
|teamsize|p2|4
|start
|switch|p1a: Justice|Incineroar, L50, F|100/100
|switch|p1b: Patience|Primarina, L50, F|100/100
|switch|p2a: Torkoal|Torkoal, L50, M|100/100
|switch|p2b: Venusaur|Venusaur, L50, F|100/100
|-ability|p1a: Justice|Intimidate|boost
|-unboost|p2a: Torkoal|atk|1
|-unboost|p2b: Venusaur|atk|1
|-weather|SunnyDay|[from] ability: Drought|[of] p2a: Torkoal
|turn|1
|
|t:|1782959115
|switch|p1b: Integrity|Ninetales-Alola, L50, M|100/100
|-weather|Snowscape|[from] ability: Snow Warning|[of] p1b: Integrity
|move|p2b: Venusaur|Protect|p2b: Venusaur
|-singleturn|p2b: Venusaur|Protect
|move|p1a: Justice|Fake Out|p2b: Venusaur
|-activate|p2b: Venusaur|move: Protect
|move|p2a: Torkoal|Earth Power|p1a: Justice
|-supereffective|p1a: Justice|1
|-damage|p1a: Justice|60/100
|
|-weather|Snowscape|[upkeep]
|upkeep
|turn|2
|
|t:|1782959133
|switch|p1b: Patience|Primarina, L50, F|100/100
|switch|p2b: Garchomp|Garchomp, L50, F|100/100
|move|p2a: Torkoal|Protect|p2a: Torkoal
|-singleturn|p2a: Torkoal|Protect
|move|p1a: Justice|Flare Blitz|p2b: Garchomp
|-resisted|p2b: Garchomp|1
|-damage|p2b: Garchomp|74/100
|-damage|p1a: Justice|48/100|[from] ability: Rough Skin|[of] p2b: Garchomp
|-damage|p1a: Justice|40/100|[from] Recoil
|
|-weather|Snowscape|[upkeep]
|upkeep
|turn|3
|inactive|BigWy2000 has 30 seconds left.
|
|t:|1782959158
|switch|p1a: Bravery|Gliscor, L50, F|100/100
|move|p2b: Garchomp|Rock Slide|p1a: Bravery|[spread] p1a
|-miss|p2b: Garchomp|p1b: Patience
|-damage|p1a: Bravery|80/100
|move|p1b: Patience|Hyper Voice|p2a: Torkoal|[spread] p2a,p2b
|-supereffective|p2a: Torkoal|1
|-damage|p2a: Torkoal|11/100
|-damage|p2b: Garchomp|36/100
|move|p2a: Torkoal|Heat Wave|p1a: Bravery|[spread] p1a,p1b
|-resisted|p1b: Patience|1
|-damage|p1a: Bravery|30/100
|-damage|p1b: Patience|83/100
|-status|p1b: Patience|brn
|
|-weather|Snowscape|[upkeep]
|-heal|p1b: Patience|89/100 brn|[from] item: Leftovers
|-damage|p1b: Patience|83/100 brn|[from] brn
|upkeep
|turn|4
|
|t:|1782959181
|move|p1a: Bravery|Protect|p1a: Bravery
|-singleturn|p1a: Bravery|Protect
|move|p2b: Garchomp|Rock Slide|p1a: Bravery|[spread] p1b
|-activate|p1a: Bravery|move: Protect
|-damage|p1b: Patience|65/100 brn
|cant|p1b: Patience|flinch
|move|p2a: Torkoal|Heat Wave|p1b: Patience|[spread] 
|-activate|p1a: Bravery|move: Protect
|-miss|p2a: Torkoal|p1b: Patience
|
|-weather|Snowscape|[upkeep]
|-heal|p1b: Patience|71/100 brn|[from] item: Leftovers
|-damage|p1b: Patience|65/100 brn|[from] brn
|upkeep
|turn|5
|
|t:|1782959201
|switch|p1a: Justice|Incineroar, L50, F|40/100
|-ability|p1a: Justice|Intimidate|boost
|-unboost|p2a: Torkoal|atk|1
|-unboost|p2b: Garchomp|atk|1
|move|p2b: Garchomp|Rock Slide|p1a: Justice|[spread] p1a,p1b
|-supereffective|p1a: Justice|1
|-damage|p1a: Justice|20/100y
|-damage|p1b: Patience|52/100 brn
|cant|p1b: Patience|flinch
|move|p2a: Torkoal|Heat Wave|p1b: Patience|[spread] p1a,p1b
|-resisted|p1a: Justice|1
|-resisted|p1b: Patience|1
|-damage|p1a: Justice|5/100
|-damage|p1b: Patience|37/100 brn
|
|-weather|none
|-heal|p1b: Patience|43/100 brn|[from] item: Leftovers
|-damage|p1b: Patience|37/100 brn|[from] brn
|upkeep
|turn|6
|
|t:|1782959222
|switch|p2b: Venusaur|Venusaur, L50, F|100/100
|move|p2a: Torkoal|Protect|p2a: Torkoal
|-singleturn|p2a: Torkoal|Protect
|move|p1a: Justice|Fake Out|p2b: Venusaur
|-damage|p2b: Venusaur|84/100
|move|p1b: Patience|Hyper Voice|p2a: Torkoal|[spread] p2b
|-activate|p2a: Torkoal|move: Protect
|-resisted|p2b: Venusaur|1
|-damage|p2b: Venusaur|65/100
|
|-heal|p1b: Patience|43/100 brn|[from] item: Leftovers
|-damage|p1b: Patience|37/100 brn|[from] brn
|upkeep
|turn|7
|
|t:|1782959242
|move|p1b: Patience|Protect|p1b: Patience
|-singleturn|p1b: Patience|Protect
|move|p2b: Venusaur|Giga Drain|p1b: Patience
|-activate|p1b: Patience|move: Protect
|move|p1a: Justice|Darkest Lariat|p2b: Venusaur
|-damage|p2b: Venusaur|21/100
|move|p2a: Torkoal|Earth Power|p1a: Justice
|-supereffective|p1a: Justice|1
|-damage|p1a: Justice|0 fnt
|faint|p1a: Justice
|
|-heal|p1b: Patience|43/100 brn|[from] item: Leftovers
|-damage|p1b: Patience|37/100 brn|[from] brn
|upkeep
|
|t:|1782959246
|switch|p1a: Integrity|Ninetales-Alola, L50, M|100/100
|-weather|Snowscape|[from] ability: Snow Warning|[of] p1a: Integrity
|turn|8
|
|t:|1782959260
|move|p1a: Integrity|Freeze-Dry|p2b: Venusaur
|-supereffective|p2b: Venusaur|1
|-damage|p2b: Venusaur|0 fnt
|faint|p2b: Venusaur
|move|p1b: Patience|Hyper Voice|p2a: Torkoal
|-supereffective|p2a: Torkoal|1
|-damage|p2a: Torkoal|0 fnt
|faint|p2a: Torkoal
|
|-weather|Snowscape|[upkeep]
|-heal|p1b: Patience|43/100 brn|[from] item: Leftovers
|-damage|p1b: Patience|37/100 brn|[from] brn
|upkeep
|
|t:|1782959270
|switch|p2b: Charizard|Charizard, L50, F|100/100
|switch|p2a: Garchomp|Garchomp, L50, F|36/100
|turn|9
|
|t:|1782959288
|switch|p1a: Bravery|Gliscor, L50, F|30/100
|move|p2a: Garchomp|Earthquake|p1a: Bravery|[spread] p1b
|-immune|p2b: Charizard
|-immune|p1a: Bravery
|-damage|p1b: Patience|1/100 brn
|move|p2b: Charizard|Heat Wave|p1b: Patience|[spread] p1a,p1b
|-resisted|p1b: Patience|1
|-damage|p1a: Bravery|0 fnt
|-damage|p1b: Patience|0 fnt
|faint|p1a: Bravery
|faint|p1b: Patience
|
|-weather|Snowscape|[upkeep]
|upkeep
|-message|sum1dum forfeited.
|
|win|BigWy2000
