|j|☆red john7777
|j|☆Data.log V.S!
|html|red john7777Data.log V.S!    
|uhtml|bestof|Game 1 of a best-of-3
|t:|1756938419
|gametype|doubles
|player|p1|red john7777|ghetsis-gen5bw|1000
|player|p2|Data.log V.S!|nurse|1000
|gen|9
|tier|[Gen 9] VGC 2025 Reg H (Bo3)
|rated|
|rule|Species Clause: Limit one of each Pokémon
|rule|Item Clause: Limit 1 of each item
|clearpoke
|poke|p1|Annihilape, L50, M|
|poke|p1|Ursaluna, L50, M|
|poke|p1|Porygon2, L50|
|poke|p1|Incineroar, L50, M|
|poke|p1|Torkoal, L50, F|
|poke|p1|Charizard, L50, F|
|poke|p2|Pelipper, L50, M|
|poke|p2|Archaludon, L50, M|
|poke|p2|Basculegion, L50, M|
|poke|p2|Rillaboom, L50, M|
|poke|p2|Sneasler, L50, M|
|poke|p2|Clawitzer, L50, F|
|teampreview|4
|showteam|p1|Annihilape||FocusSash|Defiant|Coaching,Protect,HelpingHand,CrossChop|||M|||50|,,,,,Fighting]Ursaluna||FlameOrb|Guts|Facade,Protect,Crunch,HighHorsepower|||M|||50|,,,,,Fairy]Porygon2||Eviolite|Download|TrickRoom,Protect,IceBeam,Recover||||||50|,,,,,Normal]Incineroar||SitrusBerry|Intimidate|PartingShot,Protect,FlareBlitz,FakeOut|||M|||50|,,,,,Fire]Torkoal||LifeOrb|Drought|Eruption,HeatWave,Protect,HelpingHand|||F|||50|,,,,,Fire]Charizard||ChoiceSpecs|SolarPower|HeatWave,AirSlash,SolarBeam,DragonPulse|||F|||50|,,,,,Stellar
|showteam|p2|Pelipper||FocusSash|Drizzle|WeatherBall,Hurricane,Tailwind,WideGuard|||M|||50|,,,,,Grass]Archaludon||AssaultVest|Stamina|BodyPress,DracoMeteor,ElectroShot,FlashCannon|||M|||50|,,,,,Flying]Basculegion||ChoiceBand|SwiftSwim|FlipTurn,WaveCrash,LastRespects,AquaJet|||M|||50|,,,,,Grass]Rillaboom||MiracleSeed|GrassySurge|WoodHammer,GrassyGlide,FakeOut,Uturn|||M|||50|,,,,,Fire]Sneasler||GrassySeed|Unburden|DireClaw,CloseCombat,Protect,FakeOut|||M|||50|,,,,,Stellar]Clawitzer||ChoiceSpecs|MegaLauncher|AuraSphere,DarkPulse,WaterPulse,DragonPulse|||F|||50|,,,,,Water
|inactive|Battle timer is ON: inactive players will automatically lose when time's up. (requested by red john7777)
|inactive|Data.log V.S! has 60 seconds left.
|
|t:|1756938478
|teamsize|p1|4
|teamsize|p2|4
|start
|switch|p1a: Incineroar|Incineroar, L50, M|100/100
|switch|p1b: Porygon2|Porygon2, L50|100/100
|switch|p2a: Rillaboom|Rillaboom, L50, M|100/100
|switch|p2b: Clawitzer|Clawitzer, L50, F|100/100
|-fieldstart|move: Grassy Terrain|[from] ability: Grassy Surge|[of] p2a: Rillaboom
|-ability|p1a: Incineroar|Intimidate|boost
|-unboost|p2a: Rillaboom|atk|1
|-unboost|p2b: Clawitzer|atk|1
|-ability|p1b: Porygon2|Download|boost
|-boost|p1b: Porygon2|spa|1
|turn|1
|
|t:|1756938502
|move|p2a: Rillaboom|Fake Out|p1a: Incineroar
|-damage|p1a: Incineroar|92/100
|move|p1b: Porygon2|Ice Beam|p2a: Rillaboom
|-supereffective|p2a: Rillaboom
|-damage|p2a: Rillaboom|6/100
|cant|p1a: Incineroar|flinch
|move|p2b: Clawitzer|Water Pulse|p1a: Incineroar
|-supereffective|p1a: Incineroar
|-damage|p1a: Incineroar|0 fnt
|faint|p1a: Incineroar
|
|-heal|p2a: Rillaboom|12/100|[from] Grassy Terrain
|upkeep
|
|t:|1756938513
|switch|p1a: Ursaluna|Ursaluna, L50, M|100/100
|turn|2
|
|t:|1756938526
|move|p1a: Ursaluna|Protect|p1a: Ursaluna
|-singleturn|p1a: Ursaluna|Protect
|move|p2a: Rillaboom|U-turn|p1b: Porygon2
|-damage|p1b: Porygon2|90/100
|
|t:|1756938531
|switch|p2a: Pelipper|Pelipper, L50, M|100/100|[from] U-turn
|-weather|RainDance|[from] ability: Drizzle|[of] p2a: Pelipper
|move|p2b: Clawitzer|Water Pulse|p1a: Ursaluna
|-activate|p1a: Ursaluna|move: Protect
|move|p1b: Porygon2|Trick Room|p1b: Porygon2
|-fieldstart|move: Trick Room|[of] p1b: Porygon2
|
|-weather|RainDance|[upkeep]
|-heal|p1b: Porygon2|96/100|[from] Grassy Terrain
|-status|p1a: Ursaluna|brn|[from] item: Flame Orb
|upkeep
|turn|3
|inactive|red john7777 has 30 seconds left.
|inactive|Data.log V.S! has 30 seconds left.
|
|t:|1756938557
|-terastallize|p1a: Ursaluna|Fairy
|move|p2b: Clawitzer|Water Pulse|p1a: Ursaluna
|-damage|p1a: Ursaluna|16/100 brn
|move|p1a: Ursaluna|Facade|p2b: Clawitzer
|-damage|p2b: Clawitzer|0 fnt
|faint|p2b: Clawitzer
|move|p1b: Porygon2|Ice Beam|p2a: Pelipper
|-crit|p2a: Pelipper
|-enditem|p2a: Pelipper|Focus Sash
|-damage|p2a: Pelipper|1/100
|move|p2a: Pelipper|Weather Ball|p1b: Porygon2
|-damage|p1b: Porygon2|51/100
|
|-weather|RainDance|[upkeep]
|-heal|p1a: Ursaluna|21/100 brn|[from] Grassy Terrain
|-heal|p1b: Porygon2|57/100|[from] Grassy Terrain
|-damage|p1a: Ursaluna|16/100 brn|[from] brn
|upkeep
|
|t:|1756938569
|switch|p2b: Rillaboom|Rillaboom, L50, M|12/100
|turn|4
|
|t:|1756938586
|move|p1a: Ursaluna|Protect|p1a: Ursaluna
|-singleturn|p1a: Ursaluna|Protect
|move|p2b: Rillaboom|Fake Out|p1a: Ursaluna
|-activate|p1a: Ursaluna|move: Protect
|move|p1b: Porygon2|Ice Beam|p2a: Pelipper
|-damage|p2a: Pelipper|0 fnt
|faint|p2a: Pelipper
|
|-weather|RainDance|[upkeep]
|-heal|p1a: Ursaluna|21/100 brn|[from] Grassy Terrain
|-heal|p1b: Porygon2|64/100|[from] Grassy Terrain
|-heal|p2b: Rillaboom|18/100|[from] Grassy Terrain
|-damage|p1a: Ursaluna|16/100 brn|[from] brn
|upkeep
|
|t:|1756938588
|switch|p2a: Basculegion|Basculegion, L50, M|100/100
|turn|5
|
|t:|1756938604
|move|p2b: Rillaboom|Grassy Glide|p1b: Porygon2
|-damage|p1b: Porygon2|36/100
|move|p2a: Basculegion|Aqua Jet|p1a: Ursaluna
|-damage|p1a: Ursaluna|0 fnt
|faint|p1a: Ursaluna
|move|p1b: Porygon2|Ice Beam|p2a: Basculegion
|-resisted|p2a: Basculegion
|-damage|p2a: Basculegion|79/100
|
|-weather|RainDance|[upkeep]
|-heal|p1b: Porygon2|42/100|[from] Grassy Terrain
|-heal|p2b: Rillaboom|24/100|[from] Grassy Terrain
|-heal|p2a: Basculegion|85/100|[from] Grassy Terrain
|-fieldend|move: Grassy Terrain
|upkeep
|
|t:|1756938613
|switch|p1a: Annihilape|Annihilape, L50, M|100/100
|turn|6
|
|t:|1756938622
|move|p2a: Basculegion|Aqua Jet|p1a: Annihilape
|-damage|p1a: Annihilape|55/100
|move|p1b: Porygon2|Recover|p1b: Porygon2
|-heal|p1b: Porygon2|93/100
|move|p1a: Annihilape|Cross Chop|p2a: Basculegion
|-immune|p2a: Basculegion
|move|p2b: Rillaboom|Grassy Glide|p1a: Annihilape
|-damage|p1a: Annihilape|23/100
|
|-weather|none
|-fieldend|move: Trick Room
|upkeep
|turn|7
|
|t:|1756938645
|-terastallize|p2b: Rillaboom|Fire
|move|p1a: Annihilape|Protect|p1a: Annihilape
|-singleturn|p1a: Annihilape|Protect
|move|p2a: Basculegion|Aqua Jet|p1a: Annihilape
|-activate|p1a: Annihilape|move: Protect
|move|p2b: Rillaboom|Wood Hammer|p1b: Porygon2
|-damage|p1b: Porygon2|45/100
|-damage|p2b: Rillaboom|10/100|[from] Recoil
|move|p1b: Porygon2|Ice Beam|p2b: Rillaboom
|-resisted|p2b: Rillaboom
|-damage|p2b: Rillaboom|0 fnt
|faint|p2b: Rillaboom
|
|upkeep
|turn|8
|
|t:|1756938665
|move|p1a: Annihilape|Protect||[still]
|-fail|p1a: Annihilape
|move|p2a: Basculegion|Aqua Jet|p1b: Porygon2
|-damage|p1b: Porygon2|26/100
|move|p1b: Porygon2|Recover|p1b: Porygon2
|-heal|p1b: Porygon2|76/100
|
|upkeep
|turn|9
|
|t:|1756938675
|move|p1a: Annihilape|Helping Hand|p1b: Porygon2
|-singleturn|p1b: Porygon2|Helping Hand|[of] p1a: Annihilape
|move|p2a: Basculegion|Aqua Jet|p1b: Porygon2
|-damage|p1b: Porygon2|58/100
|move|p1b: Porygon2|Ice Beam|p2a: Basculegion
|-resisted|p2a: Basculegion
|-damage|p2a: Basculegion|55/100
|
|upkeep
|turn|10
|
|t:|1756938685
|move|p2a: Basculegion|Aqua Jet|p1a: Annihilape
|-damage|p1a: Annihilape|0 fnt
|faint|p1a: Annihilape
|move|p1b: Porygon2|Ice Beam|p2a: Basculegion
|-resisted|p2a: Basculegion
|-damage|p2a: Basculegion|34/100
|
|upkeep
|turn|11
|
|t:|1756938692
|move|p2a: Basculegion|Aqua Jet|p1b: Porygon2
|-crit|p1b: Porygon2
|-damage|p1b: Porygon2|32/100
|move|p1b: Porygon2|Ice Beam|p2a: Basculegion
|-resisted|p2a: Basculegion
|-damage|p2a: Basculegion|13/100
|
|upkeep
|turn|12
|
|t:|1756938695
|move|p2a: Basculegion|Aqua Jet|p1b: Porygon2
|-damage|p1b: Porygon2|12/100
|move|p1b: Porygon2|Recover|p1b: Porygon2
|-heal|p1b: Porygon2|62/100
|
|upkeep
|turn|13
|
|t:|1756938700
|move|p2a: Basculegion|Aqua Jet|p1b: Porygon2
|-damage|p1b: Porygon2|44/100
|move|p1b: Porygon2|Ice Beam|p2a: Basculegion
|-resisted|p2a: Basculegion
|-damage|p2a: Basculegion|0 fnt
|faint|p2a: Basculegion
|
|win|red john7777
||red john7777 is ready for game 2.
||Data.log V.S! is ready for game 2.
|uhtml|next|Next: Game 2 of 3
|l|☆red john7777
|player|p1|
