|j|☆maish
|j|☆cylinder commune
|html|maishcylinder commune    
|uhtml|bestof|Game 2 of a best-of-3
|t:|1755893942
|gametype|doubles
|player|p1|maish|roxie|1184
|player|p2|cylinder commune|zinzolin|1219
|gen|9
|tier|[Gen 9] VGC 2025 Reg H (Bo3)
|rated|
|rule|Species Clause: Limit one of each Pokémon
|rule|Item Clause: Limit 1 of each item
|clearpoke
|poke|p1|Charizard, L50, F|
|poke|p1|Torkoal, L50, M|
|poke|p1|Porygon2, L50|
|poke|p1|Incineroar, L50, M|
|poke|p1|Jumpluff, L50, M|
|poke|p1|Ursaluna, L50, M|
|poke|p2|Tyranitar, L50, F|
|poke|p2|Amoonguss, L50, M|
|poke|p2|Basculegion, L50, M|
|poke|p2|Glimmora, L50, M|
|poke|p2|Talonflame, L50, F|
|poke|p2|Garchomp, L50, M|
|teampreview|4
|showteam|p1|Charizard||ChoiceSpecs|SolarPower|HeatWave,Overheat,WeatherBall,AirSlash|||F|||50|,,,,,Ghost]Torkoal||EjectPack|Drought|Eruption,Overheat,HelpingHand,Protect|||M|||50|,,,,,Fire]Porygon2||Eviolite|Download|TeraBlast,IceBeam,Recover,TrickRoom||||||50|,,,,,Fighting]Incineroar||SitrusBerry|Intimidate|FlareBlitz,KnockOff,FakeOut,PartingShot|||M|||50|,,,,,Ghost]Jumpluff||CovertCloak|Chlorophyll|SleepPowder,SunnyDay,RagePowder,Tailwind|||M|||50|,,,,,Water]Ursaluna||FlameOrb|Guts|HeadlongRush,Facade,Earthquake,Protect|||M|||50|,,,,,Ghost
|showteam|p2|Tyranitar||AssaultVest|SandStream|RockSlide,KnockOff,LowKick,TeraBlast|||F|||50|,,,,,Flying]Amoonguss||CovertCloak|Regenerator|Spore,RagePowder,SludgeBomb,Protect|||M|||50|,,,,,Water]Basculegion||ChoiceScarf|Adaptability|WaveCrash,AquaJet,LastRespects,FlipTurn|||M|||50|,,,,,Water]Glimmora||FocusSash|ToxicDebris|PowerGem,EarthPower,SludgeBomb,SpikyShield|||M|||50|,,,,,Grass]Talonflame||SafetyGoggles|GaleWings|BraveBird,Tailwind,FeatherDance,Protect|||F|||50|,,,,,Flying]Garchomp||LifeOrb|SandVeil|Earthquake,StompingTantrum,DragonClaw,Protect|||M|||50|,,,,,Steel
|inactive|Battle timer is ON: inactive players will automatically lose when time's up. (requested by maish)
|
|t:|1755893970
|teamsize|p1|4
|teamsize|p2|4
|start
|switch|p1a: Porygon2|Porygon2, L50|100/100
|switch|p1b: Incineroar|Incineroar, L50, M|100/100
|switch|p2a: Amoonguss|Amoonguss, L50, M|100/100
|switch|p2b: Garchomp|Garchomp, L50, M|100/100
|-ability|p1b: Incineroar|Intimidate|boost
|-unboost|p2a: Amoonguss|atk|1
|-unboost|p2b: Garchomp|atk|1
|-ability|p1a: Porygon2|Download|boost
|-boost|p1a: Porygon2|spa|1
|turn|1
|inactive|cylinder commune has 30 seconds left.
|
|t:|1755894003
|switch|p2b: Tyranitar|Tyranitar, L50, F|100/100
|-weather|Sandstorm|[from] ability: Sand Stream|[of] p2b: Tyranitar
|move|p1b: Incineroar|Flare Blitz|p2a: Amoonguss
|-supereffective|p2a: Amoonguss
|-damage|p2a: Amoonguss|20/100
|-damage|p1b: Incineroar|72/100|[from] Recoil
|move|p1a: Porygon2|Ice Beam|p2a: Amoonguss
|-supereffective|p2a: Amoonguss
|-damage|p2a: Amoonguss|0 fnt
|faint|p2a: Amoonguss
|
|-weather|Sandstorm|[upkeep]
|-damage|p1b: Incineroar|66/100|[from] Sandstorm
|-damage|p1a: Porygon2|94/100|[from] Sandstorm
|upkeep
|
|t:|1755894013
|switch|p2a: Talonflame|Talonflame, L50, F|100/100
|turn|2
|
|t:|1755894025
|-terastallize|p2b: Tyranitar|Flying
|move|p2a: Talonflame|Brave Bird|p1a: Porygon2
|-damage|p1a: Porygon2|71/100
|-damage|p2a: Talonflame|92/100|[from] Recoil
|move|p1b: Incineroar|Knock Off|p2b: Tyranitar
|-damage|p2b: Tyranitar|71/100
|-enditem|p2b: Tyranitar|Assault Vest|[from] move: Knock Off|[of] p1b: Incineroar
|move|p2b: Tyranitar|Tera Blast|p1a: Porygon2|[anim] Tera Blast Flying
|-damage|p1a: Porygon2|44/100
|move|p1a: Porygon2|Trick Room|p1a: Porygon2
|-fieldstart|move: Trick Room|[of] p1a: Porygon2
|
|-weather|Sandstorm|[upkeep]
|-damage|p2b: Tyranitar|65/100|[from] Sandstorm
|-damage|p1a: Porygon2|38/100|[from] Sandstorm
|-damage|p1b: Incineroar|60/100|[from] Sandstorm
|upkeep
|turn|3
|
|t:|1755894047
|move|p2b: Tyranitar|Knock Off|p1a: Porygon2
|-crit|p1a: Porygon2
|-damage|p1a: Porygon2|0 fnt
|-enditem|p1a: Porygon2|Eviolite|[from] move: Knock Off|[of] p2b: Tyranitar
|faint|p1a: Porygon2
|move|p1b: Incineroar|Knock Off|p2a: Talonflame
|-damage|p2a: Talonflame|42/100
|-enditem|p2a: Talonflame|Safety Goggles|[from] move: Knock Off|[of] p1b: Incineroar
|move|p2a: Talonflame|Feather Dance|p1b: Incineroar
|-unboost|p1b: Incineroar|atk|2
|
|-weather|Sandstorm|[upkeep]
|-damage|p2b: Tyranitar|59/100|[from] Sandstorm
|-damage|p1b: Incineroar|54/100|[from] Sandstorm
|-damage|p2a: Talonflame|36/100|[from] Sandstorm
|upkeep
|
|t:|1755894058
|switch|p1a: Torkoal|Torkoal, L50, M|100/100
|-weather|SunnyDay|[from] ability: Drought|[of] p1a: Torkoal
|turn|4
|
|t:|1755894063
|switch|p2b: Garchomp|Garchomp, L50, M|100/100
|switch|p1b: Ursaluna|Ursaluna, L50, M|100/100
|-terastallize|p1a: Torkoal|Fire
|move|p2a: Talonflame|Protect|p2a: Talonflame
|-singleturn|p2a: Talonflame|Protect
|move|p1a: Torkoal|Eruption|p2b: Garchomp|[spread] p2b
|-activate|p2a: Talonflame|move: Protect
|-resisted|p2b: Garchomp
|-damage|p2b: Garchomp|42/100
|
|-weather|SunnyDay|[upkeep]
|-status|p1b: Ursaluna|brn|[from] item: Flame Orb
|upkeep
|turn|5
|
|t:|1755894087
|switch|p2a: Tyranitar|Tyranitar, L50, F, tera:Flying|59/100
|-weather|Sandstorm|[from] ability: Sand Stream|[of] p2a: Tyranitar
|move|p1a: Torkoal|Eruption|p2b: Garchomp|[spread] p2a
|-miss|p1a: Torkoal|p2b: Garchomp
|-damage|p2a: Tyranitar|4/100
|move|p1b: Ursaluna|Facade|p2b: Garchomp
|-damage|p2b: Garchomp|0 fnt
|faint|p2b: Garchomp
|
|-weather|Sandstorm|[upkeep]
|-damage|p1a: Torkoal|94/100|[from] Sandstorm
|-damage|p2a: Tyranitar|0 fnt|[from] Sandstorm
|faint|p2a: Tyranitar
|-damage|p1b: Ursaluna|95/100 brn|[from] brn
|upkeep
|-message|cylinder commune forfeited.
|raw|maish's rating: 1184 → 1212(+28 for winning)
|raw|cylinder commune's rating: 1219 → 1191(-28 for losing)
|
|win|maish
