|j|☆xxxPlayer5xxx
|j|☆cerealesistaken
|html|xxxPlayer5xxxcerealesistaken    
|uhtml|bestof|Game 3 of a best-of-3
|t:|1755289288
|gametype|doubles
|player|p1|xxxPlayer5xxx|169|1232
|player|p2|cerealesistaken|266|1400
|gen|9
|tier|[Gen 9] VGC 2025 Reg H (Bo3)
|rated|
|rule|Species Clause: Limit one of each Pokémon
|rule|Item Clause: Limit 1 of each item
|clearpoke
|poke|p1|Corviknight, L50, M|
|poke|p1|Palafin, L50, F|
|poke|p1|Amoonguss, L50, M|
|poke|p1|Incineroar, L50, M|
|poke|p1|Archaludon, L50, M|
|poke|p1|Chandelure, L50, M|
|poke|p2|Ursaluna-Bloodmoon, L50, M|
|poke|p2|Gholdengo, L50|
|poke|p2|Incineroar, L50, M|
|poke|p2|Clefable, L50, F|
|poke|p2|Dragonite, L50, F|
|poke|p2|Annihilape, L50, F|
|teampreview|4
|showteam|p1|Corviknight||Leftovers|MirrorArmor|BraveBird,BodyPress,Roost,BulkUp|||M|||50|,,,,,Dragon]Palafin||ChoiceBand|ZerotoHero|JetPunch,WaveCrash,FlipTurn,CloseCombat|||F|||50|,,,,,Water]Amoonguss||SitrusBerry|Regenerator|RagePowder,Spore,SludgeBomb,Protect|||M|||50|,,,,,Water]Incineroar||AssaultVest|Intimidate|KnockOff,FakeOut,Snarl,Uturn|||M|||50|,,,,,Grass]Archaludon||PowerHerb|Stalwart|ElectroShot,DragonPulse,Thunderbolt,Protect|||M|||50|,,,,,Electric]Chandelure||ChoiceScarf|FlashFire|HeatWave,ShadowBall,EnergyBall,Flamethrower|||M|||50|,,,,,Grass
|showteam|p2|Ursaluna-Bloodmoon||AssaultVest|MindsEye|HyperVoice,EarthPower,BloodMoon,VacuumWave|||M|||50|,,,,,Water]Gholdengo||LifeOrb|GoodasGold|MakeItRain,ShadowBall,NastyPlot,Protect||||||50|,,,,,Water]Incineroar||SafetyGoggles|Intimidate|FlareBlitz,KnockOff,PartingShot,FakeOut|||M|||50|,,,,,Ghost]Clefable||SitrusBerry|Unaware|Moonblast,MistyTerrain,FollowMe,Protect|||F|||50|,,,,,Water]Dragonite||LoadedDice|Multiscale|ScaleShot,Tailwind,Haze,Protect|||F|||50|,,,,,Steel]Annihilape||FocusSash|Defiant|CloseCombat,RageFist,Coaching,FinalGambit|||F|||50|,,,,,Grass
|inactive|Battle timer is ON: inactive players will automatically lose when time's up. (requested by xxxPlayer5xxx)
|
|t:|1755289320
|teamsize|p1|4
|teamsize|p2|4
|start
|switch|p1a: Palafin|Palafin, L50, F|100/100
|switch|p1b: Archaludon|Archaludon, L50, M|100/100
|switch|p2a: Dragonite|Dragonite, L50, F|100/100
|switch|p2b: Ursaluna|Ursaluna-Bloodmoon, L50, M|100/100
|turn|1
|
|t:|1755289342
|detailschange|p1a: Palafin|Palafin-Hero, L50, F
|switch|p1a: Amoonguss|Amoonguss, L50, M|100/100
|switch|p1b: Corviknight|Corviknight, L50, M|100/100
|-terastallize|p2b: Ursaluna|Water
|move|p2a: Dragonite|Scale Shot|p1a: Amoonguss|[miss]
|-miss|p2a: Dragonite|p1a: Amoonguss
|move|p2b: Ursaluna|Earth Power|p1b: Corviknight
|-immune|p1b: Corviknight
|
|upkeep
|turn|2
|
|t:|1755289360
|switch|p2a: Gholdengo|Gholdengo, L50|100/100
|switch|p2b: Incineroar|Incineroar, L50, M|100/100
|-ability|p2b: Incineroar|Intimidate|boost
|-unboost|p1a: Amoonguss|atk|1
|-ability|p1b: Corviknight|Mirror Armor
|-unboost|p2b: Incineroar|atk|1
|move|p1b: Corviknight|Body Press|p2a: Gholdengo
|-immune|p2a: Gholdengo
|move|p1a: Amoonguss|Spore|p2a: Gholdengo
|-immune|p2a: Gholdengo|[from] ability: Good as Gold
|
|upkeep
|turn|3
|
|t:|1755289377
|switch|p1a: Archaludon|Archaludon, L50, M|100/100
|move|p2a: Gholdengo|Nasty Plot|p2a: Gholdengo
|-boost|p2a: Gholdengo|spa|2
|move|p2b: Incineroar|Knock Off|p1a: Archaludon
|-damage|p1a: Archaludon|77/100
|-enditem|p1a: Archaludon|Power Herb|[from] move: Knock Off|[of] p2b: Incineroar
|move|p1b: Corviknight|Body Press|p2b: Incineroar
|-supereffective|p2b: Incineroar
|-damage|p2b: Incineroar|53/100
|
|upkeep
|turn|4
|inactive|xxxPlayer5xxx has 30 seconds left.
|inactive|xxxPlayer5xxx has 20 seconds left.
|inactive|xxxPlayer5xxx has 15 seconds left.
|
|t:|1755289417
|switch|p2b: Dragonite|Dragonite, L50, F|100/100
|move|p1a: Archaludon|Dragon Pulse|p2b: Dragonite
|-supereffective|p2b: Dragonite
|-damage|p2b: Dragonite|58/100
|move|p2a: Gholdengo|Shadow Ball|p1a: Archaludon
|-damage|p1a: Archaludon|0 fnt
|faint|p1a: Archaludon
|-damage|p2a: Gholdengo|91/100|[from] item: Life Orb
|move|p1b: Corviknight|Body Press|p2b: Dragonite
|-resisted|p2b: Dragonite
|-damage|p2b: Dragonite|44/100
|
|upkeep
|
|t:|1755289426
|switch|p1a: Palafin|Palafin-Hero, L50, F|100/100
|-activate|p1a: Palafin|ability: Zero to Hero
|turn|5
|
|t:|1755289438
|-terastallize|p1a: Palafin|Water
|move|p2a: Gholdengo|Protect|p2a: Gholdengo
|-singleturn|p2a: Gholdengo|Protect
|move|p1a: Palafin|Wave Crash|p2b: Dragonite
|-resisted|p2b: Dragonite
|-damage|p2b: Dragonite|0 fnt
|faint|p2b: Dragonite
|-damage|p1a: Palafin|87/100|[from] Recoil
|move|p1b: Corviknight|Bulk Up|p1b: Corviknight
|-boost|p1b: Corviknight|atk|1
|-boost|p1b: Corviknight|def|1
|
|upkeep
|
|t:|1755289443
|switch|p2b: Incineroar|Incineroar, L50, M|53/100
|-ability|p2b: Incineroar|Intimidate|boost
|-unboost|p1a: Palafin|atk|1
|-ability|p1b: Corviknight|Mirror Armor
|-unboost|p2b: Incineroar|atk|1
|turn|6
|
|t:|1755289462
|switch|p1a: Amoonguss|Amoonguss, L50, M|100/100
|switch|p2b: Ursaluna|Ursaluna-Bloodmoon, L50, M, tera:Water|100/100
|move|p2a: Gholdengo|Shadow Ball|p1b: Corviknight
|-damage|p1b: Corviknight|13/100
|-damage|p2a: Gholdengo|82/100|[from] item: Life Orb
|move|p1b: Corviknight|Body Press|p2b: Ursaluna
|-damage|p2b: Ursaluna|74/100
|
|-heal|p1b: Corviknight|19/100|[from] item: Leftovers
|upkeep
|turn|7
|
|t:|1755289476
|move|p1a: Amoonguss|Rage Powder|p1a: Amoonguss
|-singleturn|p1a: Amoonguss|move: Rage Powder
|move|p2a: Gholdengo|Make It Rain|p1a: Amoonguss|[spread] p1a,p1b
|-resisted|p1b: Corviknight
|-damage|p1a: Amoonguss|17/100
|-damage|p1b: Corviknight|0 fnt
|-unboost|p2a: Gholdengo|spa|1
|-enditem|p1a: Amoonguss|Sitrus Berry|[eat]
|-heal|p1a: Amoonguss|42/100|[from] item: Sitrus Berry
|faint|p1b: Corviknight
|-damage|p2a: Gholdengo|72/100|[from] item: Life Orb
|move|p2b: Ursaluna|Blood Moon|p1a: Amoonguss
|-damage|p1a: Amoonguss|0 fnt
|faint|p1a: Amoonguss
|
|upkeep
|
|t:|1755289480
|switch|p1b: Palafin|Palafin-Hero, L50, F, tera:Water|87/100
|turn|8
|
|t:|1755289504
|move|p1b: Palafin|Wave Crash|p2b: Ursaluna
|-resisted|p2b: Ursaluna
|-damage|p2b: Ursaluna|17/100
|-damage|p1b: Palafin|65/100|[from] Recoil
|move|p2a: Gholdengo|Shadow Ball|p1b: Palafin
|-damage|p1b: Palafin|0 fnt
|faint|p1b: Palafin
|-damage|p2a: Gholdengo|63/100|[from] item: Life Orb
|
|win|cerealesistaken
|raw|xxxPlayer5xxx's rating: 1232 → 1218(-14 for losing)
|raw|cerealesistaken's rating: 1400 → 1411(+11 for winning)
|l|☆xxxPlayer5xxx
|player|p1|
