|j|☆andiom123
|j|☆h0000n
|html|andiom123h0000n    
|uhtml|bestof|Game 3 of a best-of-3
|t:|1785369260
|gametype|doubles
|player|p1|andiom123|red|1229
|player|p2|h0000n|hoopster|1106
|gen|9
|tier|[Gen 9 Champions] VGC 2026 Reg M-B (Bo3)
|rated|
|rule|Species Clause: Limit one of each Pokémon
|rule|Item Clause: Limit 1 of each item
|clearpoke
|poke|p1|Incineroar, L50, M|
|poke|p1|Farigiraf, L50, M|
|poke|p1|Sylveon, L50, M|
|poke|p1|Torkoal, L50, M|
|poke|p1|Kangaskhan, L50, F|
|poke|p1|Mudsdale, L50, M|
|poke|p2|Kingambit, L50, M|
|poke|p2|Farigiraf, L50, F|
|poke|p2|Basculegion, L50, M|
|poke|p2|Corviknight, L50, F|
|poke|p2|Tyranitar, L50, M|
|poke|p2|Floette-Eternal, L50, F|
|teampreview|4
|showteam|p1|Incineroar||MuscleBand|Intimidate|ThroatChop,FlareBlitz,FakeOut,PartingShot|Brave||M|||50|]Farigiraf||SitrusBerry|ArmorTail|FoulPlay,PsychicNoise,TrickRoom,HelpingHand|Relaxed||M|||50|]Sylveon||FairyFeather|Pixilate|HyperVoice,HyperBeam,Yawn,Detect|Modest||M|||50|]Torkoal||Charcoal|Drought|Eruption,EarthPower,Flamethrower,Protect|Quiet||M|||50|]Kangaskhan||Kangaskhanite|Scrappy|DoubleEdge,FakeOut,IcePunch,HammerArm|Brave||F|||50|]Mudsdale||LifeOrb|InnerFocus|HighHorsepower,Earthquake,RockSlide,HeavySlam|Brave||M|||50|
|showteam|p2|Kingambit||LifeOrb|Defiant|KowtowCleave,SwordsDance,SuckerPunch,Protect|Adamant||M|||50|]Farigiraf||SitrusBerry|ArmorTail|Psychic,HelpingHand,HyperVoice,TrickRoom|Quiet||F|||50|]Basculegion||ChoiceScarf|SwiftSwim|WaveCrash,AquaJet,LastRespects,FlipTurn|Adamant||M|||50|]Corviknight||Leftovers|MirrorArmor|BodyPress,BulkUp,BraveBird,Tailwind|Adamant||F|||50|]Tyranitar||Tyranitarite|SandStream|LowKick,RockSlide,KnockOff,Protect|Adamant||M|||50|]Floette-Eternal||Floettite|FlowerVeil|Moonblast,DazzlingGleam,Protect,CalmMind|Timid||F|||50|
|
|t:|1785369287
|teamsize|p1|4
|teamsize|p2|4
|start
|switch|p1a: Farigiraf|Farigiraf, L50, M|100/100
|switch|p1b: Kangaskhan|Kangaskhan, L50, F|100/100
|switch|p2a: Farigiraf|Farigiraf, L50, F|100/100
|switch|p2b: Tyranitar|Tyranitar, L50, M|100/100
|-weather|Sandstorm|[from] ability: Sand Stream|[of] p2b: Tyranitar
|turn|1
|
|t:|1785369305
|switch|p2b: Basculegion|Basculegion, L50, M|100/100
|detailschange|p1b: Kangaskhan|Kangaskhan-Mega, L50, F
|-mega|p1b: Kangaskhan|Kangaskhan|Kangaskhanite
|move|p1b: Kangaskhan|Hammer Arm|p2b: Basculegion
|-immune|p2b: Basculegion
|move|p1a: Farigiraf|Foul Play|p2a: Farigiraf
|-supereffective|p2a: Farigiraf|1
|-damage|p2a: Farigiraf|56/100
|move|p2a: Farigiraf|Trick Room|p2a: Farigiraf
|-fieldstart|move: Trick Room|[of] p2a: Farigiraf
|
|-weather|Sandstorm|[upkeep]
|-damage|p2a: Farigiraf|50/100g|[from] Sandstorm
|-damage|p1a: Farigiraf|93/100|[from] Sandstorm
|-damage|p1b: Kangaskhan|93/100|[from] Sandstorm
|-damage|p2b: Basculegion|93/100|[from] Sandstorm
|upkeep
|turn|2
|
|t:|1785369332
|move|p2a: Farigiraf|Helping Hand|p2b: Basculegion
|-singleturn|p2b: Basculegion|Helping Hand|[of] p2a: Farigiraf
|move|p1a: Farigiraf|Foul Play|p2b: Basculegion
|-supereffective|p2b: Basculegion|1
|-damage|p2b: Basculegion|10/100
|move|p1b: Kangaskhan|Double-Edge|p2a: Farigiraf
|-damage|p2a: Farigiraf|0 fnt
|faint|p2a: Farigiraf
|-damage|p1b: Kangaskhan|75/100|[from] Recoil
|move|p2b: Basculegion|Wave Crash|p1b: Kangaskhan
|-damage|p1b: Kangaskhan|0 fnt
|faint|p1b: Kangaskhan
|-damage|p2b: Basculegion|0 fnt|[from] Recoil
|faint|p2b: Basculegion
|
|-weather|Sandstorm|[upkeep]
|-damage|p1a: Farigiraf|87/100|[from] Sandstorm
|upkeep
|
|t:|1785369368
|switch|p2a: Tyranitar|Tyranitar, L50, M|100/100
|switch|p1b: Sylveon|Sylveon, L50, M|100/100
|switch|p2b: Kingambit|Kingambit, L50, M|100/100
|turn|3
|
|t:|1785369382
|move|p1a: Farigiraf|Helping Hand|p1b: Sylveon
|-singleturn|p1b: Sylveon|Helping Hand|[of] p1a: Farigiraf
|move|p2b: Kingambit|Sucker Punch||[still]
|cant|p1a: Farigiraf|ability: Armor Tail|Sucker Punch|[of] p2b: Kingambit
|move|p1b: Sylveon|Hyper Voice|p2a: Tyranitar|[spread] p2a,p2b
|-supereffective|p2a: Tyranitar|1
|-damage|p2a: Tyranitar|24/100
|-damage|p2b: Kingambit|31/100
|move|p2a: Tyranitar|Rock Slide|p1a: Farigiraf|[spread] p1a,p1b
|-damage|p1a: Farigiraf|64/100
|-damage|p1b: Sylveon|69/100
|
|-weather|Sandstorm|[upkeep]
|-damage|p1a: Farigiraf|58/100|[from] Sandstorm
|-damage|p1b: Sylveon|63/100|[from] Sandstorm
|upkeep
|turn|4
|
|t:|1785369406
|move|p1a: Farigiraf|Helping Hand|p1b: Sylveon
|-singleturn|p1b: Sylveon|Helping Hand|[of] p1a: Farigiraf
|move|p2b: Kingambit|Protect|p2b: Kingambit
|-singleturn|p2b: Kingambit|Protect
|move|p2a: Tyranitar|Protect|p2a: Tyranitar
|-singleturn|p2a: Tyranitar|Protect
|move|p1b: Sylveon|Hyper Voice|p2b: Kingambit|[spread] 
|-activate|p2a: Tyranitar|move: Protect
|-activate|p2b: Kingambit|move: Protect
|
|-weather|Sandstorm|[upkeep]
|-damage|p1a: Farigiraf|51/100|[from] Sandstorm
|-damage|p1b: Sylveon|57/100|[from] Sandstorm
|upkeep
|turn|5
|
|t:|1785369424
|move|p1a: Farigiraf|Helping Hand|p1b: Sylveon
|-singleturn|p1b: Sylveon|Helping Hand|[of] p1a: Farigiraf
|move|p2b: Kingambit|Kowtow Cleave|p1a: Farigiraf
|-supereffective|p1a: Farigiraf|1
|-damage|p1a: Farigiraf|0 fnt
|faint|p1a: Farigiraf
|-damage|p2b: Kingambit|21/100|[from] item: Life Orb
|move|p1b: Sylveon|Hyper Voice|p2a: Tyranitar|[spread] p2a,p2b
|-supereffective|p2a: Tyranitar|1
|-damage|p2a: Tyranitar|0 fnt
|-damage|p2b: Kingambit|0 fnt
|faint|p2a: Tyranitar
|faint|p2b: Kingambit
|
|win|andiom123
|raw|andiom123's rating: 1229 → 1246(+17 for winning)
|raw|h0000n's rating: 1106 → 1089(-17 for losing)
|l|☆h0000n
|player|p2|
