|j|☆beeetch
|j|☆raksbachtesting2
|html|beeetchraksbachtesting2    
|uhtml|bestof|Game 1 of a best-of-3
|t:|1785164741
|gametype|doubles
|player|p1|beeetch|170|1165
|player|p2|raksbachtesting2|doubleteam|1108
|gen|9
|tier|[Gen 9 Champions] VGC 2026 Reg M-B (Bo3)
|rated|
|rule|Species Clause: Limit one of each Pokémon
|rule|Item Clause: Limit 1 of each item
|clearpoke
|poke|p1|Tyranitar, L50, F|
|poke|p1|Excadrill, L50, M|
|poke|p1|Milotic, L50, M|
|poke|p1|Sinistcha, L50|
|poke|p1|Staraptor, L50, F|
|poke|p1|Gholdengo, L50|
|poke|p2|Sinistcha, L50|
|poke|p2|Garchomp, L50, F, shiny|
|poke|p2|Sneasler, L50, M, shiny|
|poke|p2|Floette-Eternal, L50, F|
|poke|p2|Incineroar, L50, F, shiny|
|poke|p2|Kingambit, L50, M, shiny|
|teampreview|4
|showteam|p1|Tyranitar||Tyranitarite|SandStream|KnockOff,RockSlide,LowKick,Protect|Jolly||F|||50|]Excadrill||FocusSash|SandRush|HighHorsepower,IronHead,RockSlide,Protect|Adamant||M|||50|]Milotic||SitrusBerry|Competitive|Scald,IcyWind,IceBeam,Protect|Calm||M|||50|]Sinistcha||ColburBerry|Hospitality|MatchaGotcha,ShadowBall,Protect,RagePowder|Bold|||||50|]Staraptor||Staraptite|Intimidate|CloseCombat,BraveBird,Tailwind,Protect|Jolly||F|||50|]Gholdengo||LifeOrb|GoodasGold|MakeItRain,ShadowBall,NastyPlot,Protect|Modest|||||50|
|showteam|p2|Sinistcha||SitrusBerry|Hospitality|MatchaGotcha,RagePowder,Protect,TrickRoom|Bold|||||50|]Garchomp||Garchompite|RoughSkin|StompingTantrum,Earthquake,RockSlide,Protect|Adamant||F|||50|]Sneasler||FocusSash|Unburden|CloseCombat,DireClaw,FakeOut,Coaching|Jolly||M|||50|]Floette-Eternal||Floettite|FlowerVeil|DazzlingGleam,DrainingKiss,CalmMind,Protect|Timid||F|||50|]Incineroar||Leftovers|Intimidate|FakeOut,FlareBlitz,PartingShot,HelpingHand|Sassy||F|||50|]Kingambit||ChopleBerry|Defiant|KowtowCleave,SuckerPunch,IronHead,Protect|Adamant||M|||50|
|inactive|Battle timer is ON: inactive players will automatically lose when time's up. (requested by raksbachtesting2)
|inactive|beeetch has 60 seconds left.
|
|t:|1785164772
|teamsize|p1|4
|teamsize|p2|4
|start
|switch|p1a: Milotic|Milotic, L50, M|100/100
|switch|p1b: Staraptor|Staraptor, L50, F|100/100
|switch|p2a: Sneasler|Sneasler, L50, M, shiny|100/100
|switch|p2b: Floette|Floette-Eternal, L50, F|100/100
|-ability|p1b: Staraptor|Intimidate|boost
|-unboost|p2a: Sneasler|atk|1
|-unboost|p2b: Floette|atk|1
|turn|1
|
|t:|1785164791
|switch|p1b: Tyranitar|Tyranitar, L50, F|100/100
|-weather|Sandstorm|[from] ability: Sand Stream|[of] p1b: Tyranitar
|detailschange|p2b: Floette|Floette-Mega, L50, F
|-mega|p2b: Floette|Floette|Floettite
|-ability|p2b: Floette|Fairy Aura
|move|p2a: Sneasler|Fake Out|p1a: Milotic
|-damage|p1a: Milotic|90/100
|move|p2b: Floette|Calm Mind|p2b: Floette
|-boost|p2b: Floette|spa|1
|-boost|p2b: Floette|spd|1
|cant|p1a: Milotic|flinch
|
|-weather|Sandstorm|[upkeep]
|-damage|p2a: Sneasler|94/100|[from] Sandstorm
|-damage|p2b: Floette|94/100|[from] Sandstorm
|-damage|p1a: Milotic|84/100|[from] Sandstorm
|upkeep
|turn|2
|inactive|raksbachtesting2 has 30 seconds left.
|inactive|raksbachtesting2 has 20 seconds left.
|
|t:|1785164828
|switch|p1b: Staraptor|Staraptor, L50, F|100/100
|-ability|p1b: Staraptor|Intimidate|boost
|-unboost|p2a: Sneasler|atk|1
|-unboost|p2b: Floette|atk|1
|move|p2a: Sneasler|Close Combat|p1a: Milotic
|-damage|p1a: Milotic|55/100
|-unboost|p2a: Sneasler|def|1
|-unboost|p2a: Sneasler|spd|1
|move|p2b: Floette|Dazzling Gleam|p1b: Staraptor|[spread] p1a,p1b
|-damage|p1a: Milotic|11/100
|-damage|p1b: Staraptor|0 fnt
|-enditem|p1a: Milotic|Sitrus Berry|[eat]
|-heal|p1a: Milotic|36/100|[from] item: Sitrus Berry
|faint|p1b: Staraptor
|move|p1a: Milotic|Icy Wind|p2a: Sneasler|[spread] p2a,p2b
|-damage|p2a: Sneasler|73/100
|-damage|p2b: Floette|88/100
|-unboost|p2a: Sneasler|spe|1
|-unboost|p2b: Floette|spe|1
|
|-weather|Sandstorm|[upkeep]
|-damage|p2a: Sneasler|67/100|[from] Sandstorm
|-damage|p1a: Milotic|30/100|[from] Sandstorm
|-damage|p2b: Floette|82/100|[from] Sandstorm
|upkeep
|
|t:|1785164844
|switch|p1b: Excadrill|Excadrill, L50, M|100/100
|turn|3
|
|t:|1785164867
|switch|p2a: Sinistcha|Sinistcha, L50|100/100
|-heal|p2b: Floette|100/100|[from] ability: Hospitality|[of] p2a: Sinistcha
|move|p2b: Floette|Protect|p2b: Floette
|-singleturn|p2b: Floette|Protect
|move|p1b: Excadrill|Iron Head|p2b: Floette
|-activate|p2b: Floette|move: Protect
|move|p1a: Milotic|Scald|p2a: Sinistcha
|-resisted|p2a: Sinistcha|1
|-damage|p2a: Sinistcha|85/100
|-status|p2a: Sinistcha|brn
|
|-weather|Sandstorm|[upkeep]
|-damage|p1a: Milotic|24/100|[from] Sandstorm
|-damage|p2b: Floette|94/100|[from] Sandstorm
|-damage|p2a: Sinistcha|79/100 brn|[from] Sandstorm
|-damage|p2a: Sinistcha|73/100 brn|[from] brn
|upkeep
|turn|4
|
|t:|1785164888
|move|p1b: Excadrill|Protect|p1b: Excadrill
|-singleturn|p1b: Excadrill|Protect
|move|p2a: Sinistcha|Rage Powder|p2a: Sinistcha
|-singleturn|p2a: Sinistcha|move: Rage Powder
|move|p1a: Milotic|Ice Beam|p2a: Sinistcha
|-supereffective|p2a: Sinistcha|1
|-damage|p2a: Sinistcha|33/100 brn
|-enditem|p2a: Sinistcha|Sitrus Berry|[eat]
|-heal|p2a: Sinistcha|57/100 brn|[from] item: Sitrus Berry
|move|p2b: Floette|Dazzling Gleam|p1a: Milotic|[spread] p1a
|-activate|p1b: Excadrill|move: Protect
|-damage|p1a: Milotic|0 fnt
|faint|p1a: Milotic
|
|-weather|Sandstorm|[upkeep]
|-damage|p2b: Floette|88/100|[from] Sandstorm
|-damage|p2a: Sinistcha|51/100 brn|[from] Sandstorm
|-damage|p2a: Sinistcha|45/100 brn|[from] brn
|upkeep
|
|t:|1785164900
|switch|p1a: Tyranitar|Tyranitar, L50, F|100/100
|turn|5
|
|t:|1785164908
|switch|p2a: Incineroar|Incineroar, L50, F, shiny|100/100
|-ability|p2a: Incineroar|Intimidate|boost
|-unboost|p1a: Tyranitar|atk|1
|-unboost|p1b: Excadrill|atk|1
|move|p2b: Floette|Protect|p2b: Floette
|-singleturn|p2b: Floette|Protect
|move|p1b: Excadrill|Rock Slide|p2b: Floette|[spread] p2a
|-activate|p2b: Floette|move: Protect
|-supereffective|p2a: Incineroar|1
|-damage|p2a: Incineroar|75/100
|move|p1a: Tyranitar|Knock Off|p2a: Incineroar
|-resisted|p2a: Incineroar|1
|-damage|p2a: Incineroar|61/100
|-enditem|p2a: Incineroar|Leftovers|[from] move: Knock Off|[of] p1a: Tyranitar
|
|-weather|none
|upkeep
|turn|6
|
|t:|1785164931
|detailschange|p1a: Tyranitar|Tyranitar-Mega, L50, F
|-mega|p1a: Tyranitar|Tyranitar|Tyranitarite
|-weather|Sandstorm|[from] ability: Sand Stream|[of] p1a: Tyranitar
|move|p2a: Incineroar|Fake Out|p1b: Excadrill
|-resisted|p1b: Excadrill|1
|-damage|p1b: Excadrill|93/100
|cant|p1b: Excadrill|flinch
|move|p1a: Tyranitar|Rock Slide|p2a: Incineroar|[spread] p2a,p2b
|-supereffective|p2a: Incineroar|1
|-damage|p2a: Incineroar|27/100
|-damage|p2b: Floette|60/100
|move|p2b: Floette|Draining Kiss|p1a: Tyranitar
|-supereffective|p1a: Tyranitar|1
|-damage|p1a: Tyranitar|36/100
|-heal|p2b: Floette|100/100|[from] drain|[of] p1a: Tyranitar
|
|-weather|Sandstorm|[upkeep]
|-damage|p2b: Floette|94/100|[from] Sandstorm
|-damage|p2a: Incineroar|21/100|[from] Sandstorm
|upkeep
|turn|7
|inactive|raksbachtesting2 has 30 seconds left.
|inactive|raksbachtesting2 has 20 seconds left.
|
|t:|1785164967
|switch|p2a: Sinistcha|Sinistcha, L50|45/100 brn
|-heal|p2b: Floette|100/100|[from] ability: Hospitality|[of] p2a: Sinistcha
|move|p2b: Floette|Protect|p2b: Floette
|-singleturn|p2b: Floette|Protect
|move|p1b: Excadrill|High Horsepower|p2a: Sinistcha
|-resisted|p2a: Sinistcha|1
|-crit|p2a: Sinistcha
|-damage|p2a: Sinistcha|11/100 brn
|move|p1a: Tyranitar|Rock Slide|p2b: Floette|[spread] 
|-activate|p2b: Floette|move: Protect
|-miss|p1a: Tyranitar|p2a: Sinistcha
|
|-weather|Sandstorm|[upkeep]
|-damage|p2b: Floette|94/100|[from] Sandstorm
|-damage|p2a: Sinistcha|5/100 brn|[from] Sandstorm
|-damage|p2a: Sinistcha|0 fnt|[from] brn
|faint|p2a: Sinistcha
|upkeep
|
|t:|1785164987
|switch|p2a: Incineroar|Incineroar, L50, F, shiny|21/100
|-ability|p2a: Incineroar|Intimidate|boost
|-unboost|p1a: Tyranitar|atk|1
|-unboost|p1b: Excadrill|atk|1
|turn|8
|
|t:|1785164999
|move|p2a: Incineroar|Fake Out|p1b: Excadrill
|-resisted|p1b: Excadrill|1
|-damage|p1b: Excadrill|85/100
|cant|p1b: Excadrill|flinch
|move|p1a: Tyranitar|Rock Slide|p2a: Incineroar|[spread] p2a,p2b
|-supereffective|p2a: Incineroar|1
|-damage|p2a: Incineroar|0 fnt
|-damage|p2b: Floette|71/100
|faint|p2a: Incineroar
|move|p2b: Floette|Dazzling Gleam|p1b: Excadrill|[spread] p1a,p1b
|-supereffective|p1a: Tyranitar|1
|-resisted|p1b: Excadrill|1
|-damage|p1a: Tyranitar|0 fnt
|-damage|p1b: Excadrill|35/100
|faint|p1a: Tyranitar
|
|-weather|Sandstorm|[upkeep]
|-damage|p2b: Floette|65/100|[from] Sandstorm
|upkeep
|
|t:|1785165013
|switch|p2a: Sneasler|Sneasler, L50, M, shiny|67/100
|turn|9
|
|t:|1785165019
|move|p2a: Sneasler|Fake Out|p1b: Excadrill
|-resisted|p1b: Excadrill|1
|-damage|p1b: Excadrill|26/100
|cant|p1b: Excadrill|flinch
|move|p2b: Floette|Draining Kiss|p1b: Excadrill
|-resisted|p1b: Excadrill|1
|-damage|p1b: Excadrill|0 fnt
|-heal|p2b: Floette|90/100|[from] drain|[of] p1b: Excadrill
|faint|p1b: Excadrill
|
|win|raksbachtesting2
