|j|☆elmono11
|j|☆il mule
|html|elmono11il mule    
|uhtml|bestof|Game 3 of a best-of-3
|t:|1785610132
|gametype|doubles
|player|p1|elmono11|101|1396
|player|p2|il mule|102|1544
|gen|9
|tier|[Gen 9 Champions] VGC 2026 Reg M-B (Bo3)
|rated|
|rule|Species Clause: Limit one of each Pokémon
|rule|Item Clause: Limit 1 of each item
|clearpoke
|poke|p1|Charizard, L50, F|
|poke|p1|Floette-Eternal, L50, F|
|poke|p1|Garchomp, L50, F|
|poke|p1|Kingambit, L50, M|
|poke|p1|Basculegion, L50, M|
|poke|p1|Whimsicott, L50, M|
|poke|p2|Excadrill, L50, M|
|poke|p2|Tyranitar, L50, M|
|poke|p2|Sneasler, L50, M|
|poke|p2|Incineroar, L50, F|
|poke|p2|Delphox, L50, M|
|poke|p2|Sinistcha, L50|
|teampreview|4
|showteam|p1|Charizard||CharizarditeY|Blaze|HeatWave,WeatherBall,SolarBeam,Protect|Modest||F|||50|]Floette-Eternal||Floettite|FlowerVeil|Moonblast,DazzlingGleam,LightofRuin,Protect|Modest||F|||50|]Garchomp||LifeOrb|RoughSkin|Earthquake,DragonClaw,RockSlide,Protect|Jolly||F|||50|]Kingambit||BlackGlasses|Defiant|KowtowCleave,SuckerPunch,IronHead,Protect|Adamant||M|||50|]Basculegion||MysticWater|Adaptability|WaveCrash,LastRespects,AquaJet,Protect|Adamant||M|||50|]Whimsicott||FocusSash|Prankster|Moonblast,Tailwind,Encore,Protect|Timid||M|||50|
|showteam|p2|Excadrill||FocusSash|SandRush|HighHorsepower,IronHead,RockSlide,Protect|Adamant||M|||50|]Tyranitar||Tyranitarite|SandStream|KnockOff,RockSlide,DragonDance,Protect|Jolly||M|||50|]Sneasler||WhiteHerb|Unburden|CloseCombat,DireClaw,Coaching,FakeOut|Jolly||M|||50|]Incineroar||SitrusBerry|Intimidate|FlareBlitz,HelpingHand,PartingShot,FakeOut|Impish||F|||50|]Delphox||Delphoxite|Blaze|HeatWave,Psychic,NastyPlot,Protect|Timid||M|||50|]Sinistcha||KasibBerry|Hospitality|ShadowBall,MatchaGotcha,RagePowder,Protect|Bold|||||50|
|inactive|Battle timer is ON: inactive players will automatically lose when time's up. (requested by elmono11)
|inactive|elmono11 has 60 seconds left.
|inactive|elmono11 has 30 seconds left.
|inactive|elmono11 has 20 seconds left.
|
|t:|1785610209
|teamsize|p1|4
|teamsize|p2|4
|start
|switch|p1a: Kingambit|Kingambit, L50, M|100/100
|switch|p1b: Garchomp|Garchomp, L50, F|100/100
|switch|p2a: Sneasler|Sneasler, L50, M|100/100
|switch|p2b: Quando provo|Tyranitar, L50, M|100/100
|-weather|Sandstorm|[from] ability: Sand Stream|[of] p2b: Quando provo
|turn|1
|
|t:|1785610228
|switch|p1a: Whimsicott|Whimsicott, L50, M|100/100
|detailschange|p2b: Quando provo|Tyranitar-Mega, L50, M
|-mega|p2b: Quando provo|Tyranitar|Tyranitarite
|move|p2a: Sneasler|Fake Out|p1b: Garchomp
|-damage|p1b: Garchomp|88/100
|-damage|p2a: Sneasler|87/100|[from] ability: Rough Skin|[of] p1b: Garchomp
|cant|p1b: Garchomp|flinch
|move|p2b: Quando provo|Dragon Dance|p2b: Quando provo
|-boost|p2b: Quando provo|atk|1
|-boost|p2b: Quando provo|spe|1
|
|-weather|Sandstorm|[upkeep]
|-damage|p2a: Sneasler|81/100|[from] Sandstorm
|-damage|p1a: Whimsicott|94/100|[from] Sandstorm
|upkeep
|turn|2
|
|t:|1785610241
|switch|p2a: Sidy|Incineroar, L50, F|100/100
|-ability|p2a: Sidy|Intimidate|boost
|-unboost|p1a: Whimsicott|atk|1
|-unboost|p1b: Garchomp|atk|1
|move|p1a: Whimsicott|Tailwind|p1a: Whimsicott
|-sidestart|p1: elmono11|move: Tailwind
|move|p1b: Garchomp|Earthquake|p2b: Quando provo|[spread] p1a,p2a,p2b
|-resisted|p1a: Whimsicott|1
|-supereffective|p2a: Sidy|1
|-supereffective|p2b: Quando provo|1
|-damage|p1a: Whimsicott|71/100
|-damage|p2a: Sidy|52/100
|-damage|p2b: Quando provo|59/100
|-damage|p1b: Garchomp|78/100|[from] item: Life Orb
|move|p2b: Quando provo|Rock Slide|p1a: Whimsicott|[spread] p1a,p1b
|-resisted|p1b: Garchomp|1
|-damage|p1a: Whimsicott|2/100
|-damage|p1b: Garchomp|56/100
|
|-weather|Sandstorm|[upkeep]
|-damage|p1a: Whimsicott|0 fnt|[from] Sandstorm
|-damage|p2a: Sidy|46/100|[from] Sandstorm
|-enditem|p2a: Sidy|Sitrus Berry|[eat]
|-heal|p2a: Sidy|71/100|[from] item: Sitrus Berry
|faint|p1a: Whimsicott
|upkeep
|
|t:|1785610249
|switch|p1a: Basculegion|Basculegion, L50, M|100/100
|turn|3
|inactive|elmono11 has 30 seconds left.
|
|t:|1785610279
|switch|p1b: Kingambit|Kingambit, L50, M|100/100
|switch|p2a: Sinistcha|Sinistcha, L50|100/100
|-heal|p2b: Quando provo|84/100|[from] ability: Hospitality|[of] p2a: Sinistcha
|move|p2b: Quando provo|Protect|p2b: Quando provo
|-singleturn|p2b: Quando provo|Protect
|move|p1a: Basculegion|Wave Crash|p2b: Quando provo
|-activate|p2b: Quando provo|move: Protect
|
|-weather|Sandstorm|[upkeep]
|-damage|p1a: Basculegion|93/100|[from] Sandstorm
|-damage|p2a: Sinistcha|93/100|[from] Sandstorm
|upkeep
|turn|4
|inactive|elmono11 has 30 seconds left.
|
|t:|1785610309
|move|p1a: Basculegion|Protect|p1a: Basculegion
|-singleturn|p1a: Basculegion|Protect
|move|p2a: Sinistcha|Rage Powder|p2a: Sinistcha
|-singleturn|p2a: Sinistcha|move: Rage Powder
|move|p2b: Quando provo|Knock Off|p1a: Basculegion
|-activate|p1a: Basculegion|move: Protect
|move|p1b: Kingambit|Iron Head|p2a: Sinistcha
|-damage|p2a: Sinistcha|56/100
|
|-weather|Sandstorm|[upkeep]
|-damage|p1a: Basculegion|87/100|[from] Sandstorm
|-damage|p2a: Sinistcha|50/100g|[from] Sandstorm
|upkeep
|turn|5
|inactive|elmono11 has 30 seconds left.
|inactive|elmono11 has 20 seconds left.
|
|t:|1785610349
|move|p1a: Basculegion|Protect|p1a: Basculegion
|-singleturn|p1a: Basculegion|Protect
|move|p2a: Sinistcha|Rage Powder|p2a: Sinistcha
|-singleturn|p2a: Sinistcha|move: Rage Powder
|move|p2b: Quando provo|Knock Off|p1a: Basculegion
|-activate|p1a: Basculegion|move: Protect
|move|p1b: Kingambit|Kowtow Cleave|p2a: Sinistcha
|-supereffective|p2a: Sinistcha|1
|-damage|p2a: Sinistcha|0 fnt
|faint|p2a: Sinistcha
|
|-weather|none
|-sideend|p1: elmono11|move: Tailwind
|upkeep
|
|t:|1785610353
|switch|p2a: Sneasler|Sneasler, L50, M|81/100
|turn|6
|inactive|elmono11 has 30 seconds left.
|inactive|elmono11 has 20 seconds left.
|inactive|elmono11 has 15 seconds left.
|inactive|elmono11 has 10 seconds left.
|
|t:|1785610400
|move|p1a: Basculegion|Aqua Jet|p2a: Sneasler
|-damage|p2a: Sneasler|43/100
|move|p1b: Kingambit|Sucker Punch|p2a: Sneasler
|-resisted|p2a: Sneasler|1
|-damage|p2a: Sneasler|9/100
|move|p2b: Quando provo|Knock Off|p1a: Basculegion
|-supereffective|p1a: Basculegion|1
|-damage|p1a: Basculegion|0 fnt
|-enditem|p1a: Basculegion|Mystic Water|[from] move: Knock Off|[of] p2b: Quando provo
|faint|p1a: Basculegion
|move|p2a: Sneasler|Close Combat|p1b: Kingambit
|-supereffective|p1b: Kingambit|2
|-damage|p1b: Kingambit|0 fnt
|-unboost|p2a: Sneasler|def|1
|-unboost|p2a: Sneasler|spd|1
|faint|p1b: Kingambit
|-enditem|p2a: Sneasler|White Herb
|-clearnegativeboost|p2a: Sneasler|[silent]
|
|upkeep
|-message|elmono11 forfeited.
|
|win|il mule
|raw|elmono11's rating: 1396 → 1384(-12 for losing)
|raw|il mule's rating: 1544 → 1556(+12 for winning)
