|j|☆Seven_Summits
|j|☆jknkj
|html|Seven_Summitsjknkj    
|uhtml|bestof|Game 1 of a best-of-3
|t:|1782535640
|gametype|doubles
|player|p1|Seven_Summits|birdkeeper-gen4dp|1040
|player|p2|jknkj|giovanni|1040
|gen|9
|tier|[Gen 9 Champions] VGC 2026 Reg M-B (Bo3)
|rated|
|rule|Species Clause: Limit one of each Pokémon
|rule|Item Clause: Limit 1 of each item
|clearpoke
|poke|p1|Floette-Eternal, L50, F|
|poke|p1|Incineroar, L50, M|
|poke|p1|Sinistcha, L50|
|poke|p1|Delphox, L50, M|
|poke|p1|Kingambit, L50, F|
|poke|p1|Sneasler, L50, F|
|poke|p2|Pyroar, L50, F|
|poke|p2|Ninetales, L50, F|
|poke|p2|Farigiraf, L50, F|
|poke|p2|Basculegion, L50, M|
|poke|p2|Sceptile, L50, F|
|poke|p2|Toxapex, L50, F|
|teampreview|4
|showteam|p1|Floette-Eternal||Floettite|FlowerVeil|Protect,CalmMind,DazzlingGleam,Moonblast|Modest||F|||50|]Incineroar||SitrusBerry|Intimidate|FakeOut,PartingShot,FlareBlitz,HelpingHand|Careful||M|||50|]Sinistcha||KasibBerry|Hospitality|Protect,TrickRoom,RagePowder,LeafStorm|Bold|||||50|]Delphox||Delphoxite|Blaze|HeatWave,Psyshock,NastyPlot,Protect|Timid||M|||50|]Kingambit||BlackGlasses|Defiant|Protect,SwordsDance,SuckerPunch,KowtowCleave|Adamant||F|||50|]Sneasler||FocusSash|PoisonTouch|FakeOut,DireClaw,CloseCombat,QuickGuard|Jolly||F|||50|
|showteam|p2|Pyroar||Pyroarite|Moxie|HeatWave,Protect,HyperVoice,Overheat|Timid||F|||50|]Ninetales||FocusSash|Drought|SolarBeam,WeatherBall,Protect,WillOWisp|Timid||F|||50|]Farigiraf||Leftovers|ArmorTail|Reflect,Psychic,Roar,Protect|Calm||F|||50|]Basculegion||ChoiceScarf|Adaptability|LastRespects,WaveCrash,FlipTurn,PhantomForce|Jolly||M|||50|]Sceptile||Sceptilite|Overgrow|Detect,GigaDrain,DragonPulse,Substitute|Timid||F|||50|]Toxapex||SitrusBerry|Regenerator|BanefulBunker,Toxic,WideGuard,Infestation|Sassy||F|||50|
|
|t:|1782535700
|teamsize|p1|4
|teamsize|p2|4
|start
|switch|p1a: Delphox|Delphox, L50, M|100/100
|switch|p1b: Sneasler|Sneasler, L50, F|100/100
|switch|p2a: Farigiraf|Farigiraf, L50, F|100/100
|switch|p2b: Basculegion|Basculegion, L50, M|100/100
|turn|1
|
|t:|1782535723
|switch|p1a: Incineroar|Incineroar, L50, M|100/100
|-ability|p1a: Incineroar|Intimidate|boost
|-unboost|p2a: Farigiraf|atk|1
|-unboost|p2b: Basculegion|atk|1
|move|p2b: Basculegion|Wave Crash|p1a: Incineroar
|-supereffective|p1a: Incineroar|1
|-damage|p1a: Incineroar|14/100
|-enditem|p1a: Incineroar|Sitrus Berry|[eat]
|-heal|p1a: Incineroar|39/100|[from] item: Sitrus Berry
|-damage|p2b: Basculegion|71/100|[from] Recoil
|move|p1b: Sneasler|Close Combat|p2a: Farigiraf
|-damage|p2a: Farigiraf|38/100
|-unboost|p1b: Sneasler|def|1
|-unboost|p1b: Sneasler|spd|1
|-status|p2a: Farigiraf|psn|[from] ability: Poison Touch|[of] p1b: Sneasler
|move|p2a: Farigiraf|Psychic|p1b: Sneasler
|-supereffective|p1b: Sneasler|2
|-enditem|p1b: Sneasler|Focus Sash
|-damage|p1b: Sneasler|1/100
|
|-heal|p2a: Farigiraf|44/100 psn|[from] item: Leftovers
|-damage|p2a: Farigiraf|32/100 psn|[from] psn
|upkeep
|turn|2
|
|t:|1782535774
|switch|p2b: Toxapex|Toxapex, L50, F|100/100
|switch|p1b: Kingambit|Kingambit, L50, F|100/100
|move|p2a: Farigiraf|Protect|p2a: Farigiraf
|-singleturn|p2a: Farigiraf|Protect
|move|p1a: Incineroar|Parting Shot|p2b: Toxapex
|-unboost|p2b: Toxapex|atk|1
|-unboost|p2b: Toxapex|spa|1
|
|t:|1782535785
|switch|p1a: Delphox|Delphox, L50, M|100/100|[from] Parting Shot
|
|-heal|p2a: Farigiraf|38/100 psn|[from] item: Leftovers
|-damage|p2a: Farigiraf|26/100 psn|[from] psn
|upkeep
|turn|3
|
|t:|1782535802
|detailschange|p1a: Delphox|Delphox-Mega, L50, M
|-mega|p1a: Delphox|Delphox|Delphoxite
|move|p1a: Delphox|Nasty Plot|p1a: Delphox
|-boost|p1a: Delphox|spa|2
|move|p2a: Farigiraf|Reflect|p2a: Farigiraf
|-sidestart|p2: jknkj|Reflect
|move|p1b: Kingambit|Kowtow Cleave|p2a: Farigiraf
|-supereffective|p2a: Farigiraf|1
|-damage|p2a: Farigiraf|0 fnt
|faint|p2a: Farigiraf
|move|p2b: Toxapex|Toxic|p1a: Delphox
|-status|p1a: Delphox|tox
|
|-damage|p1a: Delphox|94/100 tox|[from] psn
|upkeep
|
|t:|1782535813
|switch|p2a: Basculegion|Basculegion, L50, M|71/100
|turn|4
|
|t:|1782535825
|move|p1a: Delphox|Protect|p1a: Delphox
|-singleturn|p1a: Delphox|Protect
|move|p2a: Basculegion|Wave Crash|p1a: Delphox
|-activate|p1a: Delphox|move: Protect
|move|p1b: Kingambit|Swords Dance|p1b: Kingambit
|-boost|p1b: Kingambit|atk|2
|move|p2b: Toxapex|Infestation|p1b: Kingambit
|-damage|p1b: Kingambit|98/100
|-activate|p1b: Kingambit|move: Infestation|[of] p2b: Toxapex
|
|-damage|p1a: Delphox|82/100 tox|[from] psn
|-damage|p1b: Kingambit|85/100|[from] move: Infestation|[partiallytrapped]
|upkeep
|turn|5
|
|t:|1782535845
|switch|p2a: Sceptile|Sceptile, L50, F|100/100
|move|p2b: Toxapex|Baneful Bunker|p2b: Toxapex
|-singleturn|p2b: Toxapex|move: Protect
|move|p1b: Kingambit|Sucker Punch||[still]
|-fail|p1b: Kingambit
|move|p1a: Delphox|Psyshock|p2b: Toxapex
|-activate|p2b: Toxapex|move: Protect
|
|-damage|p1a: Delphox|64/100 tox|[from] psn
|-damage|p1b: Kingambit|73/100|[from] move: Infestation|[partiallytrapped]
|upkeep
|turn|6
|inactive|Battle timer is ON: inactive players will automatically lose when time's up. (requested by Seven_Summits)
|
|t:|1782535894
|detailschange|p2a: Sceptile|Sceptile-Mega, L50, F
|-mega|p2a: Sceptile|Sceptile|Sceptilite
|move|p2a: Sceptile|Dragon Pulse|p1a: Delphox
|-damage|p1a: Delphox|18/100 tox
|move|p1a: Delphox|Psyshock|p2b: Toxapex
|-supereffective|p2b: Toxapex|1
|-damage|p2b: Toxapex|0 fnt
|faint|p2b: Toxapex
|move|p1b: Kingambit|Kowtow Cleave|p2a: Sceptile
|-damage|p2a: Sceptile|0 fnt
|faint|p2a: Sceptile
|
|-damage|p1a: Delphox|0 fnt|[from] psn
|faint|p1a: Delphox
|-end|p1b: Kingambit|Infestation|[partiallytrapped]|[silent]
|upkeep
|
|t:|1782535913
|switch|p1a: Incineroar|Incineroar, L50, M|39/100
|switch|p2b: Basculegion|Basculegion, L50, M|71/100
|-ability|p1a: Incineroar|Intimidate|boost
|-unboost|p2b: Basculegion|atk|1
|turn|7
|
|t:|1782535923
|move|p1a: Incineroar|Helping Hand|p1b: Kingambit
|-singleturn|p1b: Kingambit|Helping Hand|[of] p1a: Incineroar
|move|p1b: Kingambit|Sucker Punch|p2b: Basculegion
|-supereffective|p2b: Basculegion|1
|-damage|p2b: Basculegion|0 fnt
|faint|p2b: Basculegion
|
|win|Seven_Summits
|l|☆jknkj
|player|p2|
|raw|Seven_Summits's rating: 1040 → 1074(+34 for winning)
|raw|jknkj's rating: 1040 → 1024(-16 for losing)
