|j|☆EepyBumbleBee
|j|☆Adriatic Tides
|html|EepyBumbleBeeAdriatic Tides    
|uhtml|bestof|Game 2 of a best-of-3
|t:|1784773514
|gametype|doubles
|player|p1|EepyBumbleBee|hilbert|1108
|player|p2|Adriatic Tides|leon|1169
|gen|9
|tier|[Gen 9 Champions] VGC 2026 Reg M-B (Bo3)
|rated|
|rule|Species Clause: Limit one of each Pokémon
|rule|Item Clause: Limit 1 of each item
|clearpoke
|poke|p1|Swampert, L50, F|
|poke|p1|Sableye, L50, F|
|poke|p1|Samurott-Hisui, L50, F|
|poke|p1|Pelipper, L50, F, shiny|
|poke|p1|Sinistcha, L50|
|poke|p1|Ninetales-Alola, L50, F|
|poke|p2|Tyranitar, L50, F|
|poke|p2|Excadrill, L50, M|
|poke|p2|Delphox, L50, F|
|poke|p2|Sinistcha, L50|
|poke|p2|Rotom-Wash, L50|
|poke|p2|Incineroar, L50, F|
|teampreview|4
|showteam|p1|Swampert||Swampertite|Damp|WaveCrash,Earthquake,Protect,IcePunch|Adamant||F|||50|]Sableye||RoseliBerry|Prankster|RainDance,Encore,Gravity,KnockOff|Relaxed||F|||50|]Samurott-Hisui||ChoiceScarf|Sharpness|AerialAce,AquaCutter,CeaselessEdge,FlipTurn|Jolly||F|||50|]Pelipper||DampRock|Drizzle|Tailwind,Hurricane,WeatherBall,Protect|Bold||F|||50|]Sinistcha||BigRoot|Hospitality|MatchaGotcha,Imprison,TrickRoom,ShadowBall|Modest|||||50|]Ninetales-Alola||BrightPowder|SnowCloak|Moonblast,FreezeDry,DazzlingGleam,Protect|Timid||F|||50|
|showteam|p2|Tyranitar||Tyranitarite|SandStream|KnockOff,RockSlide,Protect,LowKick|Adamant||F|||50|]Excadrill||FocusSash|SandRush|Protect,Earthquake,IronHead,RockSlide|Adamant||M|||50|]Delphox||Delphoxite|Blaze|NastyPlot,HeatWave,Psyshock,Protect|Timid||F|||50|]Sinistcha||ColburBerry|Hospitality|TrickRoom,MatchaGotcha,Protect,RagePowder|Bold|||||50|]Rotom-Wash||Leftovers|Levitate|Electroweb,HydroPump,Protect,Thunderbolt|Modest|||||50|]Incineroar||SitrusBerry|Intimidate|FakeOut,FlareBlitz,PartingShot,ThroatChop|Careful||F|||50|
|
|t:|1784773543
|teamsize|p1|4
|teamsize|p2|4
|start
|switch|p1a: Figs|Sableye, L50, F|100/100
|switch|p1b: Roxie!|Samurott-Hisui, L50, F|100/100
|switch|p2a: Delphox|Delphox, L50, F|100/100
|switch|p2b: Sinistcha|Sinistcha, L50|100/100
|turn|1
|
|t:|1784773561
|switch|p2a: Rotom|Rotom-Wash, L50|100/100
|move|p1a: Figs|Gravity|p1a: Figs
|-fieldstart|move: Gravity
|move|p1b: Roxie!|Ceaseless Edge|p2b: Sinistcha
|-supereffective|p2b: Sinistcha|1
|-enditem|p2b: Sinistcha|Colbur Berry|[eat]
|-enditem|p2b: Sinistcha|Colbur Berry|[weaken]
|-damage|p2b: Sinistcha|69/100
|-sidestart|p2: Adriatic Tides|Spikes
|move|p2b: Sinistcha|Matcha Gotcha|p1b: Roxie!|[spread] p1a,p1b
|-supereffective|p1b: Roxie!|1
|-damage|p1a: Figs|61/100
|-heal|p2b: Sinistcha|85/100|[from] drain|[of] p1a: Figs
|-damage|p1b: Roxie!|20/100y
|-heal|p2b: Sinistcha|100/100|[from] drain|[of] p1b: Roxie!
|-status|p1b: Roxie!|brn
|
|-damage|p1b: Roxie!|14/100 brn|[from] brn
|upkeep
|turn|2
|
|t:|1784773606
|move|p2b: Sinistcha|Protect|p2b: Sinistcha
|-singleturn|p2b: Sinistcha|Protect
|move|p1b: Roxie!|Ceaseless Edge|p2b: Sinistcha
|-activate|p2b: Sinistcha|move: Protect
|move|p2a: Rotom|Electroweb|p1b: Roxie!|[spread] p1a,p1b
|-supereffective|p1b: Roxie!|1
|-damage|p1a: Figs|32/100
|-damage|p1b: Roxie!|0 fnt
|-unboost|p1a: Figs|spe|1
|faint|p1b: Roxie!
|move|p1a: Figs|Knock Off|p2b: Sinistcha
|-activate|p2b: Sinistcha|move: Protect
|
|upkeep
|
|t:|1784773619
|switch|p1b: Mama|Sinistcha, L50|100/100
|-heal|p1a: Figs|57/100|[from] ability: Hospitality|[of] p1b: Mama
|turn|3
|l|☆Adriatic Tides
|player|p2|
|
|t:|1784773651
|switch|p2b: Tyranitar|Tyranitar, L50, F|100/100
|-damage|p2b: Tyranitar|87/100|[from] Spikes
|-weather|Sandstorm|[from] ability: Sand Stream|[of] p2b: Tyranitar
|move|p2a: Rotom|Thunderbolt|p1a: Figs
|-damage|p1a: Figs|0 fnt
|faint|p1a: Figs
|move|p1b: Mama|Shadow Ball|p2b: Tyranitar
|-resisted|p2b: Tyranitar|1
|-damage|p2b: Tyranitar|75/100
|
|-weather|Sandstorm|[upkeep]
|-damage|p2a: Rotom|94/100|[from] Sandstorm
|-damage|p1b: Mama|93/100|[from] Sandstorm
|-heal|p2a: Rotom|100/100|[from] item: Leftovers
|upkeep
|j|☆Adriatic Tides
|player|p2|Adriatic Tides|leon|
|
|t:|1784773664
|switch|p1a: Terra|Swampert, L50, F|100/100
|turn|4
|
|t:|1784773685
|switch|p2a: Sinistcha|Sinistcha, L50|100/100
|-damage|p2a: Sinistcha|87/100|[from] Spikes
|-heal|p2b: Tyranitar|100/100|[from] ability: Hospitality|[of] p2a: Sinistcha
|detailschange|p1a: Terra|Swampert-Mega, L50, F
|-mega|p1a: Terra|Swampert|Swampertite
|detailschange|p2b: Tyranitar|Tyranitar-Mega, L50, F
|-mega|p2b: Tyranitar|Tyranitar|Tyranitarite
|move|p1a: Terra|Earthquake|p2b: Tyranitar|[spread] p1b,p2a,p2b
|-resisted|p1b: Mama|1
|-resisted|p2a: Sinistcha|1
|-crit|p2a: Sinistcha
|-supereffective|p2b: Tyranitar|1
|-crit|p2b: Tyranitar
|-damage|p1b: Mama|71/100
|-damage|p2a: Sinistcha|61/100
|-damage|p2b: Tyranitar|7/100
|move|p2b: Tyranitar|Knock Off|p1a: Terra
|-damage|p1a: Terra|57/100
|move|p1b: Mama|Shadow Ball|p2a: Sinistcha
|-supereffective|p2a: Sinistcha|1
|-damage|p2a: Sinistcha|0 fnt
|faint|p2a: Sinistcha
|
|-weather|Sandstorm|[upkeep]
|-damage|p1b: Mama|65/100|[from] Sandstorm
|upkeep
|
|t:|1784773703
|switch|p2a: Rotom|Rotom-Wash, L50|100/100
|-damage|p2a: Rotom|87/100|[from] Spikes
|turn|5
|
|t:|1784773737
|move|p2b: Tyranitar|Protect|p2b: Tyranitar
|-singleturn|p2b: Tyranitar|Protect
|move|p2a: Rotom|Hydro Pump|p1a: Terra
|-damage|p1a: Terra|19/100
|move|p1a: Terra|Earthquake|p2a: Rotom|[spread] p1b,p2a
|-activate|p2b: Tyranitar|move: Protect
|-resisted|p1b: Mama|1
|-supereffective|p2a: Rotom|1
|-damage|p1b: Mama|43/100
|-damage|p2a: Rotom|0 fnt
|faint|p2a: Rotom
|move|p1b: Mama|Trick Room|p1b: Mama
|-fieldstart|move: Trick Room|[of] p1b: Mama
|
|-weather|Sandstorm|[upkeep]
|-damage|p1b: Mama|37/100|[from] Sandstorm
|-fieldend|move: Gravity
|upkeep
|
|t:|1784773746
|switch|p2a: Delphox|Delphox, L50, F|100/100
|-damage|p2a: Delphox|87/100|[from] Spikes
|turn|6
|
|t:|1784773777
|move|p2b: Tyranitar|Protect|p2b: Tyranitar
|-singleturn|p2b: Tyranitar|Protect
|move|p1b: Mama|Matcha Gotcha|p2a: Delphox|[spread] p2a
|-activate|p2b: Tyranitar|move: Protect
|-resisted|p2a: Delphox|1
|-damage|p2a: Delphox|67/100
|-heal|p1b: Mama|48/100|[from] drain|[of] p2a: Delphox
|move|p1a: Terra|Wave Crash|p2a: Delphox
|-supereffective|p2a: Delphox|1
|-damage|p2a: Delphox|0 fnt
|faint|p2a: Delphox
|-damage|p1a: Terra|0 fnt|[from] Recoil
|faint|p1a: Terra
|
|-weather|Sandstorm|[upkeep]
|-damage|p1b: Mama|42/100|[from] Sandstorm
|upkeep
|turn|7
|
|t:|1784773793
|move|p1b: Mama|Matcha Gotcha|p2b: Tyranitar
|-supereffective|p2b: Tyranitar|1
|-damage|p2b: Tyranitar|0 fnt
|-heal|p1b: Mama|47/100|[from] drain|[of] p2b: Tyranitar
|faint|p2b: Tyranitar
|
|win|EepyBumbleBee
||Adriatic Tides is ready for game 3.
|inactive|EepyBumbleBee has 30 seconds to confirm battle start!
|inactive|EepyBumbleBee has 20 seconds to confirm battle start!
||EepyBumbleBee is ready for game 3.
|uhtml|next|Next: Game 3 of 3
|l|☆EepyBumbleBee
|player|p1|
