|j|☆ApostrofoRosaVGC
|j|☆ikeer.ros
|html|ApostrofoRosaVGCikeer.ros    
|uhtml|bestof|Game 1 of a best-of-3
|t:|1756212138
|gametype|doubles
|player|p1|ApostrofoRosaVGC|170|1289
|player|p2|ikeer.ros|brawly|1182
|gen|9
|tier|[Gen 9] VGC 2025 Reg H (Bo3)
|rated|
|rule|Species Clause: Limit one of each Pokémon
|rule|Item Clause: Limit 1 of each item
|clearpoke
|poke|p1|Gholdengo, L50|
|poke|p1|Sneasler, L50, M|
|poke|p1|Ursaluna-Bloodmoon, L50, M|
|poke|p1|Dragonite, L50, M|
|poke|p1|Incineroar, L50, M|
|poke|p1|Amoonguss, L50, M|
|poke|p2|Kilowattrel, L50, M|
|poke|p2|Gholdengo, L50|
|poke|p2|Ursaluna, L50, F|
|poke|p2|Incineroar, L50, M|
|poke|p2|Dragonite, L50, M|
|poke|p2|Electabuzz, L50, M|
|teampreview|4
|showteam|p1|Gholdengo||LifeOrb|GoodasGold|MakeItRain,ShadowBall,NastyPlot,Protect||||||50|,,,,,Water]Sneasler||FocusSash|Unburden|CloseCombat,DireClaw,ThroatChop,Protect|||M|||50|,,,,,Stellar]Ursaluna-Bloodmoon||AssaultVest|MindsEye|EarthPower,BloodMoon,HyperVoice,VacuumWave|||M|||50|,,,,,Water]Dragonite||LoadedDice|Multiscale|ScaleShot,Tailwind,Haze,Protect|||M|||50|,,,,,Fairy]Incineroar||SafetyGoggles|Intimidate|FlareBlitz,KnockOff,FakeOut,PartingShot|||M|||50|,,,,,Ghost]Amoonguss||SitrusBerry|Regenerator|PollenPuff,Spore,RagePowder,Protect|||M|||50|,,,,,Psychic
|showteam|p2|Kilowattrel||FocusSash|Competitive|Tailwind,Protect,Thunderbolt,AirSlash|||M|||50|,,,,,Ghost]Gholdengo||LifeOrb|GoodasGold|NastyPlot,Protect,ShadowBall,MakeItRain||||||50|,,,,,Dragon]Ursaluna||FlameOrb|Guts|Earthquake,Protect,Facade,HeadlongRush|||F|||50|,,,,,Ghost]Incineroar||RockyHelmet|Intimidate|PartingShot,FlareBlitz,KnockOff,FakeOut|||M|||50|,,,,,Bug]Dragonite||LoadedDice|Multiscale|ScaleShot,IceSpinner,Haze,Protect|||M|||50|,,,,,Fairy]Electabuzz||Eviolite|VitalSpirit|Electroweb,Taunt,FollowMe,Protect|||M|||50|,,,,,Dragon
|inactive|Battle timer is ON: inactive players will automatically lose when time's up. (requested by ikeer.ros)
|inactive|ApostrofoRosaVGC has 60 seconds left.
|
|t:|1756212194
|teamsize|p1|4
|teamsize|p2|4
|start
|switch|p1a: Dragonite|Dragonite, L50, M|100/100
|switch|p1b: Ursaluna|Ursaluna-Bloodmoon, L50, M|100/100
|switch|p2a: PP|Kilowattrel, L50, M, shiny|100/100
|switch|p2b: Psoe|Gholdengo, L50|100/100
|turn|1
|inactive|ikeer.ros has 30 seconds left.
|
|t:|1756212226
|-terastallize|p2b: Psoe|Dragon
|move|p2a: PP|Thunderbolt|p1a: Dragonite
|-damage|p1a: Dragonite|78/100
|move|p2b: Psoe|Make It Rain|p1a: Dragonite|[spread] p1a,p1b
|-damage|p1a: Dragonite|11/100
|-damage|p1b: Ursaluna|61/100
|-unboost|p2b: Psoe|spa|1
|-damage|p2b: Psoe|91/100|[from] item: Life Orb
|move|p1a: Dragonite|Scale Shot|p2a: PP
|-damage|p2a: PP|74/100
|-damage|p2a: PP|45/100
|-damage|p2a: PP|18/100
|-damage|p2a: PP|0 fnt
|faint|p2a: PP
|-hitcount|p2: PP|4
|-unboost|p1a: Dragonite|def|1
|-boost|p1a: Dragonite|spe|1
|move|p1b: Ursaluna|Earth Power|p2b: Psoe
|-damage|p2b: Psoe|37/100
|
|upkeep
|
|t:|1756212242
|switch|p2a: podemos|Incineroar, L50, M, shiny|100/100
|-ability|p2a: podemos|Intimidate|boost
|-unboost|p1a: Dragonite|atk|1
|-unboost|p1b: Ursaluna|atk|1
|turn|2
|
|t:|1756212261
|move|p1a: Dragonite|Protect|p1a: Dragonite
|-singleturn|p1a: Dragonite|Protect
|move|p2a: podemos|Fake Out|p1a: Dragonite
|-activate|p1a: Dragonite|move: Protect
|move|p2b: Psoe|Make It Rain|p1a: Dragonite|[spread] p1b
|-activate|p1a: Dragonite|move: Protect
|-damage|p1b: Ursaluna|34/100
|-unboost|p2b: Psoe|spa|1
|-damage|p2b: Psoe|27/100|[from] item: Life Orb
|move|p1b: Ursaluna|Earth Power|p2a: podemos
|-supereffective|p2a: podemos
|-damage|p2a: podemos|15/100
|
|upkeep
|turn|3
|
|t:|1756212283
|switch|p2a: sumar|Ursaluna, L50, F, shiny|100/100
|move|p2b: Psoe|Protect|p2b: Psoe
|-singleturn|p2b: Psoe|Protect
|move|p1b: Ursaluna|Vacuum Wave|p2a: sumar
|-supereffective|p2a: sumar
|-damage|p2a: sumar|72/100
|move|p1a: Dragonite|Scale Shot|p2b: Psoe
|-activate|p2b: Psoe|move: Protect
|
|-status|p2a: sumar|brn|[from] item: Flame Orb
|upkeep
|turn|4
|
|t:|1756212297
|switch|p2b: podemos|Incineroar, L50, M, shiny|15/100
|-ability|p2b: podemos|Intimidate|boost
|-unboost|p1a: Dragonite|atk|1
|-unboost|p1b: Ursaluna|atk|1
|move|p2a: sumar|Protect|p2a: sumar
|-singleturn|p2a: sumar|Protect
|move|p1a: Dragonite|Scale Shot|p2b: podemos
|-damage|p2b: podemos|8/100
|-damage|p2b: podemos|2/100
|-damage|p2b: podemos|0 fnt
|faint|p2b: podemos
|-hitcount|p2: podemos|3
|-unboost|p1a: Dragonite|def|1
|-boost|p1a: Dragonite|spe|1
|move|p1b: Ursaluna|Blood Moon|p2a: sumar
|-activate|p2a: sumar|move: Protect
|
|-damage|p2a: sumar|66/100 brn|[from] brn
|upkeep
|
|t:|1756212311
|switch|p2b: Psoe|Gholdengo, L50, tera:Dragon|27/100
|turn|5
|
|t:|1756212323
|move|p1a: Dragonite|Protect|p1a: Dragonite
|-singleturn|p1a: Dragonite|Protect
|move|p2b: Psoe|Protect|p2b: Psoe
|-singleturn|p2b: Psoe|Protect
|move|p2a: sumar|Facade|p1a: Dragonite
|-activate|p1a: Dragonite|move: Protect
|move|p1b: Ursaluna|Hyper Voice|p2a: sumar|[spread] p2a
|-activate|p2b: Psoe|move: Protect
|-damage|p2a: sumar|32/100 brn
|
|-damage|p2a: sumar|26/100 brn|[from] brn
|upkeep
|turn|6
|-message|ikeer.ros forfeited.
|
|win|ApostrofoRosaVGC
|l|☆ikeer.ros
|player|p2|
||ikeer.ros is ready for game 2.
