|j|☆atahualpamaia
|j|☆lexerthanatauros
|html|atahualpamaialexerthanatauros    
|uhtml|bestof|Game 1 of a best-of-3
|t:|1756994772
|gametype|doubles
|player|p1|atahualpamaia|lucas|1006
|player|p2|lexerthanatauros|lucas|1000
|gen|9
|tier|[Gen 9] VGC 2025 Reg H (Bo3)
|rated|
|rule|Species Clause: Limit one of each Pokémon
|rule|Item Clause: Limit 1 of each item
|clearpoke
|poke|p1|Dragonite, L50, F|
|poke|p1|Ursaluna-Bloodmoon, L50, M|
|poke|p1|Sneasler, L50, F|
|poke|p1|Braviary, L50, M|
|poke|p1|Whimsicott, L50, M|
|poke|p1|Farigiraf, L50, M|
|poke|p2|Blastoise, L50, M|
|poke|p2|Pelipper, L50, M|
|poke|p2|Beartic, L50, F|
|poke|p2|Pachirisu, L50, M|
|poke|p2|Rillaboom, L50, M|
|poke|p2|Basculegion, L50, M|
|teampreview|4
|showteam|p1|Dragonite||LoadedDice|Multiscale|ScaleShot,IcePunch,StompingTantrum,Protect|||F|||50|,,,,,Steel]Ursaluna-Bloodmoon||SitrusBerry|MindsEye|BloodMoon,EarthPower,HyperVoice,Protect|||M|||50|,,,,,Ghost]Sneasler||WhiteHerb|Unburden|CloseCombat,DireClaw,ThroatChop,Protect|||F|||50|,,,,,Ghost]Braviary||LifeOrb|Defiant|BraveBird,CloseCombat,HelpingHand,Protect|||M|||50|,,,,,Flying]Whimsicott||FocusSash|Prankster|Moonblast,Taunt,Tailwind,Protect|||M|||50|,,,,,Ghost]Farigiraf||ThroatSpray|ArmorTail|HyperVoice,HelpingHand,TrickRoom,Protect|||M|||50|,,,,,Water
|showteam|p2|Blastoise||MysticWater|Torrent|HydroCannon,WaterSpout,IcyWind,Protect|||M|||50|,,,,,Water]Pelipper||FocusSash|Drizzle|Hurricane,Tailwind,WideGuard,WeatherBall|||M|||50|,,,,,Ghost]Beartic||LifeOrb|SwiftSwim|Liquidation,IcicleCrash,CloseCombat,Protect|||F|||50|,,,,,Fighting]Pachirisu||SitrusBerry|VoltAbsorb|SuperFang,Nuzzle,FollowMe,HelpingHand|||M|||50|,,,,,Ghost]Rillaboom||MiracleSeed|GrassySurge|FakeOut,GrassyGlide,WoodHammer,Protect|||M|||50|,,,,,Grass]Basculegion||ChoiceScarf|Adaptability|FlipTurn,WaveCrash,LastRespects,AquaJet|||M|||50|,,,,,Water
|inactive|Battle timer is ON: inactive players will automatically lose when time's up. (requested by atahualpamaia)
|inactive|atahualpamaia has 60 seconds left.
|inactive|lexerthanatauros has 60 seconds left.
|inactive|lexerthanatauros has 30 seconds left.
|inactive|lexerthanatauros has 20 seconds left.
|inactive|lexerthanatauros has 15 seconds left.
|inactive|lexerthanatauros has 10 seconds left.
|inactive|lexerthanatauros has 5 seconds left.
|
|t:|1756994864
|teamsize|p1|4
|teamsize|p2|4
|start
|switch|p1a: Farigiraf|Farigiraf, L50, M|100/100
|switch|p1b: Dragonite|Dragonite, L50, F|100/100
|switch|p2a: Blastoise|Blastoise, L50, M|100/100
|switch|p2b: Pelipper|Pelipper, L50, M|100/100
|-weather|RainDance|[from] ability: Drizzle|[of] p2b: Pelipper
|turn|1
|inactive|atahualpamaia has 30 seconds left.
|inactive|lexerthanatauros has 30 seconds left.
|inactive|lexerthanatauros has 20 seconds left.
|inactive|lexerthanatauros has 15 seconds left.
|
|t:|1756994905
|-terastallize|p1a: Farigiraf|Water
|move|p1b: Dragonite|Scale Shot|p2b: Pelipper
|-damage|p2b: Pelipper|80/100
|-damage|p2b: Pelipper|62/100
|-damage|p2b: Pelipper|41/100
|-damage|p2b: Pelipper|23/100
|-hitcount|p2b: Pelipper|4
|-unboost|p1b: Dragonite|def|1
|-boost|p1b: Dragonite|spe|1
|move|p2b: Pelipper|Weather Ball|p1a: Farigiraf
|-resisted|p1a: Farigiraf
|-damage|p1a: Farigiraf|74/100
|move|p2a: Blastoise|Hydro Cannon|p1a: Farigiraf
|-resisted|p1a: Farigiraf
|-damage|p1a: Farigiraf|23/100
|-mustrecharge|p2a: Blastoise
|move|p1a: Farigiraf|Hyper Voice|p2a: Blastoise|[spread] p2a,p2b
|-crit|p2a: Blastoise
|-damage|p2a: Blastoise|58/100
|-damage|p2b: Pelipper|0 fnt
|faint|p2b: Pelipper
|-enditem|p1a: Farigiraf|Throat Spray
|-boost|p1a: Farigiraf|spa|1|[from] item: Throat Spray
|
|-weather|RainDance|[upkeep]
|upkeep
|
|t:|1756994924
|switch|p2b: Pachirisu|Pachirisu, L50, M|100/100
|turn|2
|
|t:|1756994947
|move|p1a: Farigiraf|Helping Hand|p1b: Dragonite
|-singleturn|p1b: Dragonite|Helping Hand|[of] p1a: Farigiraf
|move|p1b: Dragonite|Scale Shot|p2a: Blastoise
|-damage|p2a: Blastoise|38/100
|-damage|p2a: Blastoise|15/100
|-damage|p2a: Blastoise|0 fnt
|faint|p2a: Blastoise
|-hitcount|p2: Blastoise|3
|-unboost|p1b: Dragonite|def|1
|-boost|p1b: Dragonite|spe|1
|move|p2b: Pachirisu|Nuzzle|p1b: Dragonite
|-damage|p1b: Dragonite|96/100
|-status|p1b: Dragonite|par
|
|-weather|RainDance|[upkeep]
|upkeep
|
|t:|1756994954
|switch|p2a: Beartic|Beartic, L50, F|100/100
|turn|3
|
|t:|1756994975
|move|p1a: Farigiraf|Helping Hand|p1b: Dragonite
|-singleturn|p1b: Dragonite|Helping Hand|[of] p1a: Farigiraf
|move|p2a: Beartic|Icicle Crash|p1b: Dragonite
|-supereffective|p1b: Dragonite
|-damage|p1b: Dragonite|0 fnt
|faint|p1b: Dragonite
|-damage|p2a: Beartic|91/100|[from] item: Life Orb
|move|p2b: Pachirisu|Nuzzle|p1a: Farigiraf
|-supereffective|p1a: Farigiraf
|-damage|p1a: Farigiraf|16/100
|-status|p1a: Farigiraf|par
|
|-weather|RainDance|[upkeep]
|upkeep
|
|t:|1756994990
|switch|p1b: Braviary|Braviary, L50, M|100/100
|turn|4
|
|t:|1756995008
|move|p2b: Pachirisu|Follow Me|p2b: Pachirisu
|-singleturn|p2b: Pachirisu|move: Follow Me
|move|p2a: Beartic|Liquidation|p1a: Farigiraf
|-resisted|p1a: Farigiraf
|-damage|p1a: Farigiraf|0 fnt
|faint|p1a: Farigiraf
|-damage|p2a: Beartic|81/100|[from] item: Life Orb
|move|p1b: Braviary|Close Combat|p2b: Pachirisu
|-damage|p2b: Pachirisu|49/100
|-unboost|p1b: Braviary|def|1
|-unboost|p1b: Braviary|spd|1
|-enditem|p2b: Pachirisu|Sitrus Berry|[eat]
|-heal|p2b: Pachirisu|74/100|[from] item: Sitrus Berry
|-damage|p1b: Braviary|91/100|[from] item: Life Orb
|
|-weather|RainDance|[upkeep]
|upkeep
|
|t:|1756995022
|switch|p1a: Ursaluna|Ursaluna-Bloodmoon, L50, M|100/100
|turn|5
|
|t:|1756995037
|-terastallize|p2a: Beartic|Fighting
|move|p1b: Braviary|Protect|p1b: Braviary
|-singleturn|p1b: Braviary|Protect
|move|p1a: Ursaluna|Protect|p1a: Ursaluna
|-singleturn|p1a: Ursaluna|Protect
|move|p2b: Pachirisu|Follow Me|p2b: Pachirisu
|-singleturn|p2b: Pachirisu|move: Follow Me
|move|p2a: Beartic|Close Combat|p1a: Ursaluna
|-activate|p1a: Ursaluna|move: Protect
|
|-weather|none
|upkeep
|turn|6
|
|t:|1756995059
|move|p2b: Pachirisu|Follow Me|p2b: Pachirisu
|-singleturn|p2b: Pachirisu|move: Follow Me
|move|p2a: Beartic|Icicle Crash|p1b: Braviary|[miss]
|-miss|p2a: Beartic|p1b: Braviary
|move|p1b: Braviary|Brave Bird|p2b: Pachirisu
|-resisted|p2b: Pachirisu
|-damage|p2b: Pachirisu|35/100
|-damage|p1b: Braviary|80/100|[from] Recoil
|-damage|p1b: Braviary|70/100|[from] item: Life Orb
|move|p1a: Ursaluna|Earth Power|p2b: Pachirisu
|-supereffective|p2b: Pachirisu
|-damage|p2b: Pachirisu|0 fnt
|faint|p2b: Pachirisu
|
|upkeep
|turn|7
|
|t:|1756995083
|move|p2a: Beartic|Icicle Crash|p1b: Braviary
|-supereffective|p1b: Braviary
|-damage|p1b: Braviary|0 fnt
|faint|p1b: Braviary
|-damage|p2a: Beartic|71/100|[from] item: Life Orb
|move|p1a: Ursaluna|Blood Moon|p2a: Beartic
|-damage|p2a: Beartic|0 fnt
|faint|p2a: Beartic
|
|win|atahualpamaia
|inactive|atahualpamaia has 30 seconds to confirm battle start!
|inactive|lexerthanatauros has 30 seconds to confirm battle start!
|l|☆lexerthanatauros
|player|p2|
||lexerthanatauros is ready for game 2.
||atahualpamaia is ready for game 2.
|uhtml|next|Next: Game 2 of 3
