|j|☆Pelosis
|j|☆B33 R33tt4
|html|PelosisB33 R33tt4    
|uhtml|bestof|Game 2 of a best-of-3
|t:|1784125421
|gametype|doubles
|player|p1|Pelosis|101|1087
|player|p2|B33 R33tt4|266|1131
|gen|9
|tier|[Gen 9 Champions] VGC 2026 Reg M-B (Bo3)
|rated|
|rule|Species Clause: Limit one of each Pokémon
|rule|Item Clause: Limit 1 of each item
|clearpoke
|poke|p1|Mawile, L50, F|
|poke|p1|Farigiraf, L50, F|
|poke|p1|Incineroar, L50, M|
|poke|p1|Torkoal, L50, F|
|poke|p1|Venusaur, L50, F|
|poke|p1|Scrafty, L50, F|
|poke|p2|Blaziken, L50, M|
|poke|p2|Whimsicott, L50, M|
|poke|p2|Kingambit, L50, M|
|poke|p2|Basculegion, L50, M|
|poke|p2|Sylveon, L50, M|
|poke|p2|Raichu, L50, M|
|teampreview|4
|showteam|p1|Mawile||Mawilite|HyperCutter|Protect,PlayRough,SwordsDance,SuckerPunch|Brave||F|||50|]Farigiraf||SitrusBerry|ArmorTail|TrickRoom,TwinBeam,Thunderbolt,HelpingHand|Quiet||F|||50|]Incineroar||WhiteHerb|Intimidate|FakeOut,CloseCombat,FlareBlitz,ThroatChop|Brave||M|||50|]Torkoal||Charcoal|Drought|Protect,Eruption,HeatWave,WeatherBall|Quiet||F|||50|]Venusaur||FocusSash|Chlorophyll|SleepPowder,EarthPower,EnergyBall,SludgeBomb|Modest||F|||50|]Scrafty||Scraftinite|Intimidate|FakeOut,CloseCombat,KnockOff,IcePunch|Brave||F|||50|
|showteam|p2|Blaziken||Blazikenite|SpeedBoost|FlareBlitz,CloseCombat,Protect,RockSlide|Adamant||M|||50|]Whimsicott||FocusSash|Prankster|Moonblast,Tailwind,Encore,Protect|Timid||M|||50|]Kingambit||LifeOrb|Defiant|KowtowCleave,Protect,IronHead,SuckerPunch|Adamant||M|||50|]Basculegion||ChoiceScarf|Adaptability|WaveCrash,FlipTurn,LastRespects,AquaJet|Jolly||M|||50|]Sylveon||FairyFeather|Pixilate|HyperVoice,Moonblast,HelpingHand,Protect|Modest||M|||50|]Raichu||RaichuniteY|LightningRod|ZapCannon,FocusBlast,GrassKnot,Protect|Timid||M|||50|
|inactive|Battle timer is ON: inactive players will automatically lose when time's up. (requested by Pelosis)
|inactive|B33 R33tt4 has 60 seconds left.
|
|t:|1784125456
|teamsize|p1|4
|teamsize|p2|4
|start
|switch|p1a: Farigiraf|Farigiraf, L50, F|100/100
|switch|p1b: Venusaur|Venusaur, L50, F|100/100
|switch|p2a: Kingambit|Kingambit, L50, M|100/100
|switch|p2b: Sylveon|Sylveon, L50, M|100/100
|turn|1
|
|t:|1784125478
|switch|p1a: Torkoal|Torkoal, L50, F|100/100
|-weather|SunnyDay|[from] ability: Drought|[of] p1a: Torkoal
|move|p2b: Sylveon|Helping Hand|p2a: Kingambit
|-singleturn|p2a: Kingambit|Helping Hand|[of] p2b: Sylveon
|move|p1b: Venusaur|Sleep Powder|p2b: Sylveon
|-status|p2b: Sylveon|slp|[from] move: Sleep Powder
|move|p2a: Kingambit|Kowtow Cleave|p1a: Torkoal
|-damage|p1a: Torkoal|31/100
|-damage|p2a: Kingambit|90/100|[from] item: Life Orb
|
|-weather|SunnyDay|[upkeep]
|upkeep
|turn|2
|
|t:|1784125497
|cant|p2b: Sylveon|slp
|move|p2a: Kingambit|Protect|p2a: Kingambit
|-singleturn|p2a: Kingambit|Protect
|move|p1b: Venusaur|Sleep Powder|p2a: Kingambit
|-activate|p2a: Kingambit|move: Protect
|move|p1a: Torkoal|Heat Wave|p2b: Sylveon|[spread] 
|-activate|p2a: Kingambit|move: Protect
|-miss|p1a: Torkoal|p2b: Sylveon
|
|-weather|SunnyDay|[upkeep]
|upkeep
|turn|3
|
|t:|1784125511
|switch|p2a: Whimsicott|Whimsicott, L50, M|100/100
|switch|p1a: Mawile|Mawile, L50, F|100/100
|move|p1b: Venusaur|Sleep Powder|p2a: Whimsicott
|-immune|p2a: Whimsicott
|cant|p2b: Sylveon|slp
|
|-weather|SunnyDay|[upkeep]
|upkeep
|turn|4
|
|t:|1784125526
|detailschange|p1a: Mawile|Mawile-Mega, L50, F
|-mega|p1a: Mawile|Mawile|Mawilite
|move|p2a: Whimsicott|Encore|p1b: Venusaur
|-start|p1b: Venusaur|Encore
|move|p1b: Venusaur|Sleep Powder|p2b: Sylveon
|-fail|p2b: Sylveon|slp
|-curestatus|p2b: Sylveon|slp|[msg]
|move|p2b: Sylveon|Moonblast|p1a: Mawile
|-resisted|p1a: Mawile|1
|-damage|p1a: Mawile|67/100
|move|p1a: Mawile|Swords Dance|p1a: Mawile
|-boost|p1a: Mawile|atk|2
|
|-weather|SunnyDay|[upkeep]
|upkeep
|turn|5
|
|t:|1784125543
|switch|p1b: Farigiraf|Farigiraf, L50, F|100/100
|move|p2a: Whimsicott|Moonblast|p1a: Mawile
|-resisted|p1a: Mawile|1
|-damage|p1a: Mawile|48/100
|move|p2b: Sylveon|Hyper Voice|p1a: Mawile|[spread] p1a,p1b
|-resisted|p1a: Mawile|1
|-crit|p1b: Farigiraf
|-damage|p1a: Mawile|19/100
|-damage|p1b: Farigiraf|30/100
|-enditem|p1b: Farigiraf|Sitrus Berry|[eat]
|-heal|p1b: Farigiraf|55/100|[from] item: Sitrus Berry
|move|p1a: Mawile|Play Rough|p2b: Sylveon|[miss]
|-miss|p1a: Mawile|p2b: Sylveon
|
|-weather|none
|upkeep
|turn|6
|inactive|Pelosis has 30 seconds left.
|inactive|Pelosis has 20 seconds left.
|inactive|Pelosis has 15 seconds left.
|inactive|Pelosis has 10 seconds left.
|
|t:|1784125593
|move|p1a: Mawile|Protect|p1a: Mawile
|-singleturn|p1a: Mawile|Protect
|move|p2a: Whimsicott|Moonblast|p1b: Farigiraf
|-damage|p1b: Farigiraf|23/100
|move|p2b: Sylveon|Hyper Voice|p1b: Farigiraf|[spread] p1b
|-activate|p1a: Mawile|move: Protect
|-damage|p1b: Farigiraf|0 fnt
|faint|p1b: Farigiraf
|
|upkeep
|
|t:|1784125605
|switch|p1b: Venusaur|Venusaur, L50, F|100/100
|turn|7
|
|t:|1784125614
|switch|p1a: Torkoal|Torkoal, L50, F|31/100
|-weather|SunnyDay|[from] ability: Drought|[of] p1a: Torkoal
|move|p2b: Sylveon|Protect|p2b: Sylveon
|-singleturn|p2b: Sylveon|Protect
|move|p2a: Whimsicott|Tailwind|p2a: Whimsicott
|-sidestart|p2: B33 R33tt4|move: Tailwind
|move|p1b: Venusaur|Sludge Bomb|p2a: Whimsicott
|-supereffective|p2a: Whimsicott|2
|-enditem|p2a: Whimsicott|Focus Sash
|-damage|p2a: Whimsicott|1/100
|-status|p2a: Whimsicott|psn
|
|-weather|SunnyDay|[upkeep]
|-damage|p2a: Whimsicott|0 fnt|[from] psn
|faint|p2a: Whimsicott
|upkeep
|
|t:|1784125627
|switch|p2a: Blaziken|Blaziken, L50, M|100/100
|turn|8
|inactive|Pelosis has 30 seconds left.
|
|t:|1784125653
|move|p2a: Blaziken|Protect|p2a: Blaziken
|-singleturn|p2a: Blaziken|Protect
|move|p1b: Venusaur|Sleep Powder|p2a: Blaziken
|-activate|p2a: Blaziken|move: Protect
|move|p2b: Sylveon|Hyper Voice|p1a: Torkoal|[spread] p1a,p1b
|-resisted|p1a: Torkoal|1
|-resisted|p1b: Venusaur|1
|-damage|p1a: Torkoal|1/100
|-damage|p1b: Venusaur|74/100
|move|p1a: Torkoal|Weather Ball|p2b: Sylveon
|-damage|p2b: Sylveon|38/100
|
|-weather|SunnyDay|[upkeep]
|-ability|p2a: Blaziken|Speed Boost|boost
|-boost|p2a: Blaziken|spe|1
|upkeep
|turn|9
|
|t:|1784125674
|detailschange|p2a: Blaziken|Blaziken-Mega, L50, M
|-mega|p2a: Blaziken|Blaziken|Blazikenite
|move|p2a: Blaziken|Flare Blitz|p1b: Venusaur
|-supereffective|p1b: Venusaur|1
|-damage|p1b: Venusaur|0 fnt
|faint|p1b: Venusaur
|-damage|p2a: Blaziken|75/100|[from] Recoil
|move|p2b: Sylveon|Hyper Voice|p1a: Torkoal
|-resisted|p1a: Torkoal|1
|-damage|p1a: Torkoal|0 fnt
|faint|p1a: Torkoal
|
|-weather|SunnyDay|[upkeep]
|-ability|p2a: Blaziken|Speed Boost|boost
|-boost|p2a: Blaziken|spe|1
|upkeep
|c|☆Pelosis|gg
|
|t:|1784125688
|switch|p1b: Mawile|Mawile-Mega, L50, F|19/100
|turn|10
|
|t:|1784125701
|move|p2b: Sylveon|Helping Hand|p2a: Blaziken
|-singleturn|p2a: Blaziken|Helping Hand|[of] p2b: Sylveon
|move|p1b: Mawile|Sucker Punch|p2a: Blaziken
|-resisted|p2a: Blaziken|1
|-crit|p2a: Blaziken
|-damage|p2a: Blaziken|29/100
|move|p2a: Blaziken|Flare Blitz|p1b: Mawile
|-supereffective|p1b: Mawile|1
|-damage|p1b: Mawile|0 fnt
|faint|p1b: Mawile
|-damage|p2a: Blaziken|22/100|[from] Recoil
|
|win|B33 R33tt4
||B33 R33tt4 is ready for game 3.
|inactive|Pelosis has 30 seconds to confirm battle start!
||Pelosis is ready for game 3.
|uhtml|next|Next: Game 3 of 3
