|j|☆Invoker Kuzan
|j|☆sybe123
|html|Invoker Kuzansybe123    
|uhtml|bestof|Game 1 of a best-of-3
|t:|1756318969
|gametype|doubles
|player|p1|Invoker Kuzan|marnie-masters3|1183
|player|p2|sybe123|170|1180
|gen|9
|tier|[Gen 9] VGC 2025 Reg H (Bo3)
|rated|
|rule|Species Clause: Limit one of each Pokémon
|rule|Item Clause: Limit 1 of each item
|clearpoke
|poke|p1|Indeedee-F, L50, F|
|poke|p1|Hatterene, L50, F|
|poke|p1|Gallade, L50, M|
|poke|p1|Ursaluna, L50, M|
|poke|p1|Lilligant-Hisui, L50, F|
|poke|p1|Torkoal, L50, M|
|poke|p2|Sneasler, L50, M|
|poke|p2|Dragapult, L50, M|
|poke|p2|Primarina, L50, M|
|poke|p2|Rillaboom, L50, F|
|poke|p2|Kingambit, L50, M|
|poke|p2|Magmar, L50, F|
|teampreview|4
|showteam|p1|Indeedee-F||PsychicSeed|PsychicSurge|TrickRoom,FollowMe,HelpingHand,DazzlingGleam|||F|||50|,,,,,Fire]Hatterene||LifeOrb|MagicBounce|ExpandingForce,TrickRoom,DazzlingGleam,Protect|||F|||50|,,,,,Psychic]Gallade||ClearAmulet|Sharpness|PsychoCut,TrickRoom,SacredSword,WideGuard|||M|||50|,,,,,Grass]Ursaluna||FlameOrb|Guts|HeadlongRush,Facade,SwordsDance,Protect|||M|||50|,,,,,Ghost]Lilligant-Hisui||FocusSash|Chlorophyll|SolarBlade,SleepPowder,CloseCombat,AfterYou|||F|||50|,,,,,Ghost]Torkoal||ChoiceSpecs|Drought|Eruption,HeatWave,WeatherBall,EarthPower|||M|||50|,,,,,Fire
|showteam|p2|Sneasler||FocusSash|Unburden|CloseCombat,DireClaw,FakeOut,Protect|||M|||50|,,,,,Stellar]Dragapult||ChoiceBand|ClearBody|DragonDarts,TeraBlast,PhantomForce,Uturn|||M|||50|,,,,,Ghost]Primarina||SitrusBerry|LiquidVoice|HyperVoice,Moonblast,Haze,Protect|||M|||50|,,,,,Water]Rillaboom||AssaultVest|GrassySurge|WoodHammer,GrassyGlide,HighHorsepower,FakeOut|||F|||50|,,,,,Fire]Kingambit||BlackGlasses|Defiant|KowtowCleave,SuckerPunch,SwordsDance,Protect|||M|||50|,,,,,Ghost]Magmar||Eviolite|VitalSpirit|Overheat,WillOWisp,FollowMe,Protect|||F|||50|,,,,,Ghost
|inactive|Battle timer is ON: inactive players will automatically lose when time's up. (requested by sybe123)
|inactive|sybe123 has 60 seconds left.
|
|t:|1756319004
|teamsize|p1|4
|teamsize|p2|4
|start
|switch|p1a: Indeedee|Indeedee-F, L50, F, shiny|100/100
|switch|p1b: Gallade|Gallade, L50, M, shiny|100/100
|switch|p2a: Magmar|Magmar, L50, F|100/100
|switch|p2b: Dragapult|Dragapult, L50, M|100/100
|-fieldstart|move: Psychic Terrain|[from] ability: Psychic Surge|[of] p1a: Indeedee
|-enditem|p1a: Indeedee|Psychic Seed
|-boost|p1a: Indeedee|spd|1|[from] item: Psychic Seed
|turn|1
|inactive|sybe123 has 30 seconds left.
|inactive|sybe123 has 20 seconds left.
|
|t:|1756319042
|move|p1a: Indeedee|Follow Me|p1a: Indeedee
|-singleturn|p1a: Indeedee|move: Follow Me
|move|p2b: Dragapult|Dragon Darts|p1a: Indeedee
|-damage|p1a: Indeedee|65/100
|-anim|p2b: Dragapult|Dragon Darts|p1a: Indeedee
|-damage|p1a: Indeedee|26/100
|move|p2a: Magmar|Overheat|p1a: Indeedee
|-damage|p1a: Indeedee|0 fnt
|-unboost|p2a: Magmar|spa|2
|faint|p1a: Indeedee
|move|p1b: Gallade|Trick Room|p1b: Gallade
|-fieldstart|move: Trick Room|[of] p1b: Gallade
|
|upkeep
|
|t:|1756319052
|switch|p1a: Torkoal|Torkoal, L50, M, shiny|100/100
|-weather|SunnyDay|[from] ability: Drought|[of] p1a: Torkoal
|turn|2
|
|t:|1756319074
|switch|p1b: Ursaluna|Ursaluna, L50, M, shiny|100/100
|-terastallize|p1a: Torkoal|Fire
|move|p1a: Torkoal|Eruption|p2b: Dragapult|[spread] p2a,p2b
|-resisted|p2a: Magmar
|-resisted|p2b: Dragapult
|-damage|p2a: Magmar|40/100
|-damage|p2b: Dragapult|2/100
|move|p2a: Magmar|Will-O-Wisp|p1b: Ursaluna
|-status|p1b: Ursaluna|brn
|move|p2b: Dragapult|Dragon Darts|p1a: Torkoal
|-damage|p1a: Torkoal|71/100
|-anim|p2b: Dragapult|Dragon Darts|p1b: Ursaluna
|-damage|p1b: Ursaluna|71/100 brn
|
|-weather|SunnyDay|[upkeep]
|-damage|p1b: Ursaluna|65/100 brn|[from] brn
|upkeep
|turn|3
|inactive|sybe123 has 30 seconds left.
|
|t:|1756319100
|move|p2a: Magmar|Protect|p2a: Magmar
|-singleturn|p2a: Magmar|Protect
|move|p1a: Torkoal|Eruption|p2b: Dragapult|[spread] p2b
|-activate|p2a: Magmar|move: Protect
|-resisted|p2b: Dragapult
|-damage|p2b: Dragapult|0 fnt
|faint|p2b: Dragapult
|move|p1b: Ursaluna|Facade|p2a: Magmar
|-activate|p2a: Magmar|move: Protect
|
|-weather|SunnyDay|[upkeep]
|-damage|p1b: Ursaluna|59/100 brn|[from] brn
|upkeep
|
|t:|1756319118
|switch|p2b: Primarina|Primarina, L50, M|100/100
|turn|4
|
|t:|1756319121
|move|p2a: Magmar|Follow Me|p2a: Magmar
|-singleturn|p2a: Magmar|move: Follow Me
|move|p1a: Torkoal|Eruption|p2b: Primarina|[spread] p2a,p2b
|-resisted|p2a: Magmar
|-resisted|p2b: Primarina
|-damage|p2a: Magmar|3/100
|-damage|p2b: Primarina|58/100
|move|p1b: Ursaluna|Facade|p2a: Magmar
|-damage|p2a: Magmar|0 fnt
|faint|p2a: Magmar
|move|p2b: Primarina|Hyper Voice|p1b: Ursaluna|[spread] p1a,p1b
|-supereffective|p1a: Torkoal
|-supereffective|p1b: Ursaluna
|-damage|p1a: Torkoal|29/100
|-damage|p1b: Ursaluna|31/100 brn
|
|-weather|SunnyDay|[upkeep]
|-damage|p1b: Ursaluna|25/100 brn|[from] brn
|upkeep
|
|t:|1756319133
|switch|p2a: Kingambit|Kingambit, L50, M|100/100
|turn|5
|
|t:|1756319148
|switch|p1a: Gallade|Gallade, L50, M, shiny|100/100
|move|p2b: Primarina|Protect|p2b: Primarina
|-singleturn|p2b: Primarina|Protect
|move|p2a: Kingambit|Protect|p2a: Kingambit
|-singleturn|p2a: Kingambit|Protect
|move|p1b: Ursaluna|Facade|p2b: Primarina
|-activate|p2b: Primarina|move: Protect
|
|-weather|SunnyDay|[upkeep]
|-damage|p1b: Ursaluna|19/100 brn|[from] brn
|-fieldend|move: Trick Room
|-fieldend|move: Psychic Terrain
|upkeep
|turn|6
|inactive|sybe123 has 30 seconds left.
|inactive|Invoker Kuzan has 30 seconds left.
|
|t:|1756319181
|-terastallize|p2a: Kingambit|Ghost
|move|p1a: Gallade|Psycho Cut|p2b: Primarina
|-damage|p2b: Primarina|0 fnt
|faint|p2b: Primarina
|move|p2a: Kingambit|Swords Dance|p2a: Kingambit
|-boost|p2a: Kingambit|atk|2
|move|p1b: Ursaluna|Headlong Rush|p2a: Kingambit
|-damage|p2a: Kingambit|7/100
|-unboost|p1b: Ursaluna|def|1
|-unboost|p1b: Ursaluna|spd|1
|
|-weather|none
|-damage|p1b: Ursaluna|14/100 brn|[from] brn
|upkeep
|turn|7
|-message|sybe123 forfeited.
|
|win|Invoker Kuzan
|l|☆sybe123
|player|p2|
||Invoker Kuzan is ready for game 2.
||sybe123 is ready for game 2.
|uhtml|next|Next: Game 2 of 3
