|j|☆Tartali
|j|☆Cyberpeacock4
|html|TartaliCyberpeacock4    
|uhtml|bestof|Game 1 of a best-of-3
|t:|1757208465
|gametype|doubles
|player|p1|Tartali|2|1089
|player|p2|Cyberpeacock4|falkner|1025
|gen|9
|tier|[Gen 9] VGC 2025 Reg H (Bo3)
|rated|
|rule|Species Clause: Limit one of each Pokémon
|rule|Item Clause: Limit 1 of each item
|clearpoke
|poke|p1|Tyranitar, L50, M|
|poke|p1|Lycanroc, L50, F|
|poke|p1|Farigiraf, L50, F|
|poke|p1|Rillaboom, L50, F|
|poke|p1|Incineroar, L50, F|
|poke|p1|Ursaluna, L50, M|
|poke|p2|Ursaluna, L50, F|
|poke|p2|Torkoal, L50, F|
|poke|p2|Oranguru, L50, M|
|poke|p2|Indeedee-F, L50, F|
|poke|p2|Tyranitar, L50, F|
|poke|p2|Annihilape, L50, M|
|teampreview|4
|showteam|p1|Tyranitar||AssaultVest|SandStream|RockSlide,TeraBlast,LowKick,KnockOff|||M|||50|,,,,,Flying]Lycanroc||FocusSash|SandRush|RockSlide,CloseCombat,Endeavor,Endure|||F|||50|,,,,,Ghost]Farigiraf||ThroatSpray|ArmorTail|HyperVoice,Psychic,TrickRoom,Protect|||F|||50|,,,,,Water]Rillaboom||MiracleSeed|GrassySurge|FakeOut,DrumBeating,GrassyGlide,Uturn|||F|||50|,,,,,Fire]Incineroar||SafetyGoggles|Intimidate|FakeOut,FlareBlitz,DarkestLariat,PartingShot|||F|||50|,,,,,Psychic]Ursaluna||FlameOrb|Guts|Facade,HeadlongRush,Earthquake,Protect|||M|||50|,,,,,Poison
|showteam|p2|Ursaluna||FlameOrb|Guts|Earthquake,HeadlongRush,Protect,Facade|||F|||50|,,,,,Ghost]Torkoal||ChoiceSpecs|Drought|Eruption,Overheat,ClearSmog,SolarBeam|||F|||50|,,,,,Fire]Oranguru||MentalHerb|InnerFocus|TrickRoom,Instruct,Protect,Encore|||M|||50|,,,,,Grass]Indeedee-F||SafetyGoggles|PsychicSurge|FollowMe,FakeOut,TrickRoom,Psyshock|||F|||50|,,,,,Fairy]Tyranitar||AssaultVest|SandStream|RockSlide,KnockOff,IcePunch,ThunderPunch|||F|||50|,,,,,Rock]Annihilape||ChoiceScarf|Defiant|FinalGambit,RageFist,Uturn,CloseCombat|||M|||50|,,,,,Water
|
|t:|1757208529
|teamsize|p1|4
|teamsize|p2|4
|start
|switch|p1a: Farigiraf|Farigiraf, L50, F|100/100
|switch|p1b: Lycanroc|Lycanroc, L50, F|100/100
|switch|p2a: Oranguru|Oranguru, L50, M|100/100
|switch|p2b: Annihilape|Annihilape, L50, M|100/100
|turn|1
|
|t:|1757208549
|move|p2b: Annihilape|Final Gambit|p1a: Farigiraf
|-damage|p1a: Farigiraf|17/100
|faint|p2b: Annihilape
|move|p1b: Lycanroc|Rock Slide|p2a: Oranguru
|-damage|p2a: Oranguru|66/100
|move|p1a: Farigiraf|Trick Room|p1a: Farigiraf
|-fieldstart|move: Trick Room|[of] p1a: Farigiraf
|move|p2a: Oranguru|Trick Room|p2a: Oranguru
|-fieldend|move: Trick Room
|
|upkeep
|
|t:|1757208558
|switch|p2b: Torkoal|Torkoal, L50, F|100/100
|-weather|SunnyDay|[from] ability: Drought|[of] p2b: Torkoal
|turn|2
|
|t:|1757208574
|-terastallize|p2b: Torkoal|Fire
|move|p1b: Lycanroc|Close Combat|p2a: Oranguru
|-damage|p2a: Oranguru|35/100
|-unboost|p1b: Lycanroc|def|1
|-unboost|p1b: Lycanroc|spd|1
|move|p1a: Farigiraf|Hyper Voice|p2b: Torkoal|[spread] p2a,p2b
|-damage|p2a: Oranguru|11/100
|-damage|p2b: Torkoal|55/100
|-enditem|p1a: Farigiraf|Throat Spray
|-boost|p1a: Farigiraf|spa|1|[from] item: Throat Spray
|move|p2a: Oranguru|Instruct||[still]
|-fail|p2a: Oranguru
|move|p2b: Torkoal|Eruption|p1a: Farigiraf|[spread] p1a,p1b
|-resisted|p1b: Lycanroc
|-damage|p1a: Farigiraf|0 fnt
|-damage|p1b: Lycanroc|1/100
|faint|p1a: Farigiraf
|
|-weather|SunnyDay|[upkeep]
|upkeep
|
|t:|1757208592
|switch|p1a: Ursaluna|Ursaluna, L50, M, shiny|100/100
|turn|3
|
|t:|1757208606
|move|p1b: Lycanroc|Endeavor|p2b: Torkoal
|-damage|p2b: Torkoal|1/100
|move|p1a: Ursaluna|Facade|p2a: Oranguru
|-damage|p2a: Oranguru|0 fnt
|faint|p2a: Oranguru
|move|p2b: Torkoal|Eruption|p1b: Lycanroc|[spread] p1a,p1b
|-resisted|p1b: Lycanroc
|-damage|p1a: Ursaluna|99/100
|-damage|p1b: Lycanroc|0 fnt
|faint|p1b: Lycanroc
|
|-weather|SunnyDay|[upkeep]
|-status|p1a: Ursaluna|brn|[from] item: Flame Orb
|upkeep
|
|t:|1757208620
|switch|p1b: Incineroar|Incineroar, L50, F|100/100
|switch|p2a: Ursaluna|Ursaluna, L50, F|100/100
|-ability|p1b: Incineroar|Intimidate|boost
|-unboost|p2a: Ursaluna|atk|1
|-unboost|p2b: Torkoal|atk|1
|turn|4
|
|t:|1757208637
|move|p1b: Incineroar|Fake Out|p2a: Ursaluna
|-damage|p2a: Ursaluna|92/100
|cant|p2a: Ursaluna|flinch
|move|p1a: Ursaluna|Facade|p2b: Torkoal
|-damage|p2b: Torkoal|0 fnt
|faint|p2b: Torkoal
|
|-weather|SunnyDay|[upkeep]
|-damage|p1a: Ursaluna|94/100 brn|[from] brn
|-status|p2a: Ursaluna|brn|[from] item: Flame Orb
|upkeep
|turn|5
|
|t:|1757208659
|-terastallize|p1b: Incineroar|Psychic
|move|p1b: Incineroar|Flare Blitz|p2a: Ursaluna
|-damage|p2a: Ursaluna|43/100 brn
|-damage|p1b: Incineroar|81/100|[from] Recoil
|move|p2a: Ursaluna|Facade|p1a: Ursaluna
|-damage|p1a: Ursaluna|31/100 brn
|move|p1a: Ursaluna|Facade|p2a: Ursaluna
|-damage|p2a: Ursaluna|0 fnt
|faint|p2a: Ursaluna
|
|win|Tartali
|inactive|Tartali has 30 seconds to confirm battle start!
|inactive|Cyberpeacock4 has 30 seconds to confirm battle start!
|l|☆Tartali
|player|p1|
|l|☆Cyberpeacock4
|player|p2|
||Tartali is ready for game 2.
||Cyberpeacock4 is ready for game 2.
|uhtml|next|Next: Game 2 of 3
|j|☆Tartali
|player|p1|Tartali|2|
