|j|☆AdvaiLuffy
|j|‽EDJPP
|html|AdvaiLuffyEDJPP    
|uhtml|bestof|Game 1 of a best-of-3
|t:|1785871908
|gametype|doubles
|player|p1|AdvaiLuffy|red|1193
|player|p2|EDJPP|volkner|1050
|gen|9
|tier|[Gen 9 Champions] VGC 2026 Reg M-B (Bo3)
|rated|
|rule|Species Clause: Limit one of each Pokémon
|rule|Item Clause: Limit 1 of each item
|clearpoke
|poke|p1|Raichu, L50, F|
|poke|p1|Basculegion, L50, M|
|poke|p1|Whimsicott, L50, M|
|poke|p1|Garchomp, L50, F|
|poke|p1|Gholdengo, L50|
|poke|p1|Sylveon, L50, M|
|poke|p2|Froslass, L50, F|
|poke|p2|Lycanroc-Dusk, L50, F|
|poke|p2|Sneasler, L50, F|
|poke|p2|Corviknight, L50, M|
|poke|p2|Garchomp, L50, M|
|poke|p2|Tsareena, L50, F|
|teampreview|4
|showteam|p1|Raichu||RaichuniteY|LightningRod|Protect,ZapCannon,FocusBlast,FakeOut|Modest||F|||50|]Basculegion||MysticWater|Adaptability|Protect,WaveCrash,LastRespects,AquaJet|Adamant||M|||50|]Whimsicott||FocusSash|Prankster|Protect,Moonblast,Tailwind,Encore|Timid||M|||50|]Garchomp||SitrusBerry|RoughSkin|StompingTantrum,RockSlide,DragonClaw,Protect|Adamant||F|||50|]Gholdengo||LifeOrb|GoodasGold|Protect,MakeItRain,ShadowBall,NastyPlot|Modest|||||50|]Sylveon||FairyFeather|Pixilate|Protect,HyperVoice,HyperBeam,Moonblast|Modest||M|||50|
|showteam|p2|Froslass||Froslassite|SnowCloak|Blizzard,Protect,ShadowBall,AuroraVeil|Timid||F|||50|]Lycanroc-Dusk||ExpertBelt|ToughClaws|Accelerock,CloseCombat,Protect,SuckerPunch|Adamant||F|||50|]Sneasler||WhiteHerb|Unburden|CloseCombat,FakeOut,DireClaw,Protect|Jolly||F|||50|]Corviknight||Leftovers|MirrorArmor|BraveBird,Tailwind,IronHead,Roost|Adamant||M|||50|]Garchomp||ChoiceScarf|RoughSkin|StompingTantrum,DragonClaw,RockTomb,IronHead|Jolly||M|||50|]Tsareena||WideLens|QueenlyMajesty|Taunt,HighJumpKick,PowerWhip,Protect|Jolly||F|||50|
|inactive|Battle timer is ON: inactive players will automatically lose when time's up. (requested by EDJPP)
|inactive|AdvaiLuffy also wants the timer to be on.
|inactive|AdvaiLuffy has 60 seconds left.
|inactive|EDJPP has 60 seconds left.
|
|t:|1785871946
|teamsize|p1|4
|teamsize|p2|4
|start
|switch|p1a: Raichu|Raichu, L50, F|100/100
|switch|p1b: Whimsicott|Whimsicott, L50, M|100/100
|switch|p2a: Corviknight|Corviknight, L50, M|100/100
|switch|p2b: Sneasler|Sneasler, L50, F|100/100
|turn|1
|inactive|EDJPP has 30 seconds left.
|inactive|EDJPP has 20 seconds left.
|inactive|EDJPP has 15 seconds left.
|
|t:|1785871990
|detailschange|p1a: Raichu|Raichu-Mega-Y, L50, F
|-mega|p1a: Raichu|Raichu|Raichunite Y
|move|p2b: Sneasler|Fake Out|p1a: Raichu
|-damage|p1a: Raichu|73/100
|move|p1b: Whimsicott|Tailwind|p1b: Whimsicott
|-sidestart|p1: AdvaiLuffy|move: Tailwind
|cant|p1a: Raichu|flinch
|move|p2a: Corviknight|Iron Head|p1b: Whimsicott
|-supereffective|p1b: Whimsicott|1
|-damage|p1b: Whimsicott|8/100
|
|upkeep
|turn|2
|
|t:|1785872003
|switch|p2a: Tsareena|Tsareena, L50, F|100/100
|move|p1b: Whimsicott|Encore||[still]
|cant|p2a: Tsareena|ability: Queenly Majesty|Encore|[of] p1b: Whimsicott
|move|p1a: Raichu|Zap Cannon|p2a: Tsareena
|-resisted|p2a: Tsareena|1
|-damage|p2a: Tsareena|53/100
|-status|p2a: Tsareena|par
|move|p2b: Sneasler|Close Combat|p1a: Raichu
|-damage|p1a: Raichu|0 fnt
|-unboost|p2b: Sneasler|def|1
|-unboost|p2b: Sneasler|spd|1
|faint|p1a: Raichu
|-enditem|p2b: Sneasler|White Herb
|-clearnegativeboost|p2b: Sneasler|[silent]
|
|upkeep
|
|t:|1785872019
|switch|p1a: Sylveon|Sylveon, L50, M|100/100
|turn|3
|inactive|EDJPP has 30 seconds left.
|inactive|EDJPP has 20 seconds left.
|
|t:|1785872057
|move|p2b: Sneasler|Protect|p2b: Sneasler
|-singleturn|p2b: Sneasler|Protect
|move|p1b: Whimsicott|Moonblast|p2b: Sneasler
|-activate|p2b: Sneasler|move: Protect
|move|p1a: Sylveon|Hyper Voice|p2a: Tsareena|[spread] p2a
|-activate|p2b: Sneasler|move: Protect
|-damage|p2a: Tsareena|0 fnt
|faint|p2a: Tsareena
|
|upkeep
|
|t:|1785872068
|switch|p2a: Corviknight|Corviknight, L50, M|100/100
|turn|4
|
|t:|1785872076
|move|p1b: Whimsicott|Encore|p2b: Sneasler
|-start|p2b: Sneasler|Encore
|move|p2b: Sneasler|Protect||[still]
|-fail|p2b: Sneasler
|move|p1a: Sylveon|Hyper Beam|p2a: Corviknight
|-resisted|p2a: Corviknight|1
|-damage|p2a: Corviknight|53/100
|-mustrecharge|p1a: Sylveon
|move|p2a: Corviknight|Tailwind|p2a: Corviknight
|-sidestart|p2: EDJPP|move: Tailwind
|
|-heal|p2a: Corviknight|59/100|[from] item: Leftovers
|-sideend|p1: AdvaiLuffy|move: Tailwind
|upkeep
|turn|5
|
|t:|1785872088
|move|p2b: Sneasler|Protect|p2b: Sneasler
|-singleturn|p2b: Sneasler|Protect
|move|p1b: Whimsicott|Encore|p2a: Corviknight
|-start|p2a: Corviknight|Encore
|move|p2a: Corviknight|Tailwind||[still]
|-fail|p2a: Corviknight
|cant|p1a: Sylveon|recharge
|
|-heal|p2a: Corviknight|65/100|[from] item: Leftovers
|upkeep
|turn|6
|
|t:|1785872102
|switch|p2a: Garchomp|Garchomp, L50, M|100/100
|move|p2b: Sneasler|Protect||[still]
|-fail|p2b: Sneasler
|move|p1b: Whimsicott|Tailwind|p1b: Whimsicott
|-sidestart|p1: AdvaiLuffy|move: Tailwind
|move|p1a: Sylveon|Hyper Voice|p2a: Garchomp|[spread] p2a,p2b
|-supereffective|p2a: Garchomp|1
|-damage|p2a: Garchomp|9/100
|-damage|p2b: Sneasler|43/100
|
|-end|p2b: Sneasler|Encore
|upkeep
|turn|7
|
|t:|1785872117
|move|p1b: Whimsicott|Encore|p2b: Sneasler
|-start|p2b: Sneasler|Encore
|move|p2b: Sneasler|Protect|p2b: Sneasler
|-singleturn|p2b: Sneasler|Protect
|move|p2a: Garchomp|Iron Head|p1a: Sylveon
|-supereffective|p1a: Sylveon|1
|-damage|p1a: Sylveon|33/100
|move|p1a: Sylveon|Hyper Voice|p2a: Garchomp|[spread] p2a
|-activate|p2b: Sneasler|move: Protect
|-supereffective|p2a: Garchomp|1
|-damage|p2a: Garchomp|0 fnt
|faint|p2a: Garchomp
|
|-sideend|p2: EDJPP|move: Tailwind
|upkeep
|
|t:|1785872120
|switch|p2a: Corviknight|Corviknight, L50, M|65/100
|turn|8
|
|t:|1785872135
|move|p2b: Sneasler|Protect||[still]
|-fail|p2b: Sneasler
|move|p1b: Whimsicott|Moonblast|p2a: Corviknight
|-resisted|p2a: Corviknight|1
|-damage|p2a: Corviknight|48/100
|move|p1a: Sylveon|Hyper Beam|p2a: Corviknight
|-resisted|p2a: Corviknight|1
|-damage|p2a: Corviknight|8/100
|-mustrecharge|p1a: Sylveon
|move|p2a: Corviknight|Iron Head|p1a: Sylveon
|-supereffective|p1a: Sylveon|1
|-damage|p1a: Sylveon|0 fnt
|faint|p1a: Sylveon
|
|-heal|p2a: Corviknight|14/100|[from] item: Leftovers
|upkeep
|
|t:|1785872147
|switch|p1a: Garchomp|Garchomp, L50, F|100/100
|turn|9
|
|t:|1785872158
|move|p2b: Sneasler|Protect|p2b: Sneasler
|-singleturn|p2b: Sneasler|Protect
|move|p1b: Whimsicott|Moonblast|p2a: Corviknight
|-resisted|p2a: Corviknight|1
|-damage|p2a: Corviknight|0 fnt
|faint|p2a: Corviknight
|move|p1a: Garchomp|Stomping Tantrum|p2b: Sneasler
|-activate|p2b: Sneasler|move: Protect
|
|-end|p2b: Sneasler|Encore
|-sideend|p1: AdvaiLuffy|move: Tailwind
|upkeep
|turn|10
|
|t:|1785872171
|move|p1b: Whimsicott|Encore|p2b: Sneasler
|-start|p2b: Sneasler|Encore
|move|p2b: Sneasler|Protect||[still]
|-fail|p2b: Sneasler
|move|p1a: Garchomp|Stomping Tantrum|p2b: Sneasler
|-supereffective|p2b: Sneasler|1
|-damage|p2b: Sneasler|0 fnt
|faint|p2b: Sneasler
|
|win|AdvaiLuffy
||AdvaiLuffy is ready for game 2.
