|j|☆marin le paon
|j|☆CaratroncoSun
|html|marin le paonCaratroncoSun    
|uhtml|bestof|Game 1 of a best-of-3
|t:|1784131335
|gametype|doubles
|player|p1|marin le paon|170|1142
|player|p2|CaratroncoSun|juan|1307
|gen|9
|tier|[Gen 9 Champions] VGC 2026 Reg M-B (Bo3)
|rated|
|rule|Species Clause: Limit one of each Pokémon
|rule|Item Clause: Limit 1 of each item
|clearpoke
|poke|p1|Scizor, L50, F|
|poke|p1|Tyranitar, L50, M|
|poke|p1|Rotom-Mow, L50|
|poke|p1|Sylveon, L50, M|
|poke|p1|Volcarona, L50, M|
|poke|p1|Annihilape, L50, F|
|poke|p2|Charizard, L50, M, shiny|
|poke|p2|Venusaur, L50, M, shiny|
|poke|p2|Whimsicott, L50, M, shiny|
|poke|p2|Basculegion, L50, M|
|poke|p2|Tyranitar, L50, F|
|poke|p2|Mamoswine, L50, F|
|teampreview|4
|showteam|p1|Scizor||Scizorite|Technician|BulletPunch,BugBite,SwordsDance,Protect|Adamant||F|||50|]Tyranitar||Tyranitarite|SandStream|RockSlide,Crunch,DragonDance,Protect|Jolly||M|||50|]Rotom-Mow||ExpertBelt|Levitate|Thunderbolt,LeafStorm,Electroweb,Protect|Modest|||||50|]Sylveon||FairyFeather|Pixilate|HyperVoice,HyperBeam,QuickAttack,Detect|Modest||M|||50|]Volcarona||PasshoBerry|FlameBody|Overheat,StruggleBug,RagePowder,Tailwind|Bold||M|||50|]Annihilape||ChoiceScarf|Defiant|CloseCombat,RageFist,IcePunch,Uturn|Jolly||F|||50|
|showteam|p2|Charizard||CharizarditeY|Blaze|Protect,SolarBeam,HeatWave,AirSlash|Modest||M|||50|]Venusaur||WideLens|Chlorophyll|Protect,GigaDrain,EarthPower,SleepPowder|Modest||M|||50|]Whimsicott||FocusSash|Prankster|Protect,Moonblast,Tailwind,Encore|Timid||M|||50|]Basculegion||MysticWater|Adaptability|Protect,AquaJet,WaveCrash,LastRespects|Adamant||M|||50|]Tyranitar||Tyranitarite|SandStream|Protect,RockSlide,KnockOff,LowKick|Adamant||F|||50|]Mamoswine||LifeOrb|Oblivious|Protect,HighHorsepower,RockSlide,IceShard|Adamant||F|||50|
|inactive|Battle timer is ON: inactive players will automatically lose when time's up. (requested by marin le paon)
|inactive|marin le paon has 60 seconds left.
|inactive|CaratroncoSun has 60 seconds left.
|
|t:|1784131389
|teamsize|p1|4
|teamsize|p2|4
|start
|switch|p1a: Tyranitar|Tyranitar, L50, M|100/100
|switch|p1b: Volcarona|Volcarona, L50, M|100/100
|switch|p2a: Charizard|Charizard, L50, M, shiny|100/100
|switch|p2b: Venusaur|Venusaur, L50, M, shiny|100/100
|-weather|Sandstorm|[from] ability: Sand Stream|[of] p1a: Tyranitar
|turn|1
|inactive|marin le paon has 30 seconds left.
|
|t:|1784131417
|move|p2a: Charizard|Protect|p2a: Charizard
|-singleturn|p2a: Charizard|Protect
|move|p1a: Tyranitar|Protect|p1a: Tyranitar
|-singleturn|p1a: Tyranitar|Protect
|move|p1b: Volcarona|Overheat|p2b: Venusaur
|-supereffective|p2b: Venusaur|1
|-damage|p2b: Venusaur|0 fnt
|-unboost|p1b: Volcarona|spa|2
|faint|p2b: Venusaur
|
|-weather|Sandstorm|[upkeep]
|-damage|p2a: Charizard|94/100|[from] Sandstorm
|-damage|p1b: Volcarona|94/100|[from] Sandstorm
|upkeep
|
|t:|1784131436
|switch|p2b: Basculegion|Basculegion, L50, M|100/100
|turn|2
|inactive|CaratroncoSun has 30 seconds left.
|
|t:|1784131462
|switch|p2a: Whimsicott|Whimsicott, L50, M, shiny|100/100
|switch|p1a: Rotom|Rotom-Mow, L50|100/100
|move|p1b: Volcarona|Tailwind|p1b: Volcarona
|-sidestart|p1: marin le paon|move: Tailwind
|move|p2b: Basculegion|Last Respects|p1b: Volcarona
|-damage|p1b: Volcarona|31/100
|
|-weather|Sandstorm|[upkeep]
|-damage|p1a: Rotom|94/100|[from] Sandstorm
|-damage|p1b: Volcarona|25/100|[from] Sandstorm
|-damage|p2a: Whimsicott|94/100|[from] Sandstorm
|-damage|p2b: Basculegion|93/100|[from] Sandstorm
|upkeep
|turn|3
|inactive|marin le paon has 30 seconds left.
|
|t:|1784131490
|switch|p1b: Annihilape|Annihilape, L50, F|100/100
|move|p2b: Basculegion|Protect|p2b: Basculegion
|-singleturn|p2b: Basculegion|Protect
|move|p1a: Rotom|Electroweb|p2b: Basculegion|[spread] p2a
|-activate|p2b: Basculegion|move: Protect
|-resisted|p2a: Whimsicott|1
|-damage|p2a: Whimsicott|79/100
|-unboost|p2a: Whimsicott|spe|1
|move|p2a: Whimsicott|Moonblast|p1a: Rotom
|-damage|p1a: Rotom|57/100
|
|-weather|Sandstorm|[upkeep]
|-damage|p1b: Annihilape|94/100|[from] Sandstorm
|-damage|p1a: Rotom|51/100|[from] Sandstorm
|-damage|p2a: Whimsicott|73/100|[from] Sandstorm
|-damage|p2b: Basculegion|87/100|[from] Sandstorm
|upkeep
|turn|4
|
|t:|1784131510
|move|p2a: Whimsicott|Tailwind|p2a: Whimsicott
|-sidestart|p2: CaratroncoSun|move: Tailwind
|move|p1b: Annihilape|Rage Fist|p2b: Basculegion
|-supereffective|p2b: Basculegion|1
|-damage|p2b: Basculegion|29/100
|move|p1a: Rotom|Thunderbolt|p2b: Basculegion
|-supereffective|p2b: Basculegion|1
|-damage|p2b: Basculegion|0 fnt
|faint|p2b: Basculegion
|
|-weather|Sandstorm|[upkeep]
|-damage|p1b: Annihilape|88/100|[from] Sandstorm
|-damage|p1a: Rotom|45/100|[from] Sandstorm
|-damage|p2a: Whimsicott|67/100|[from] Sandstorm
|upkeep
|
|t:|1784131522
|switch|p2b: Charizard|Charizard, L50, M, shiny|94/100
|turn|5
|
|t:|1784131538
|switch|p1b: Volcarona|Volcarona, L50, M|25/100
|move|p1a: Rotom|Protect|p1a: Rotom
|-singleturn|p1a: Rotom|Protect
|move|p2b: Charizard|Heat Wave|p1a: Rotom|[spread] p1b
|-activate|p1a: Rotom|move: Protect
|-damage|p1b: Volcarona|0 fnt
|faint|p1b: Volcarona
|move|p2a: Whimsicott|Moonblast|p1a: Rotom
|-activate|p1a: Rotom|move: Protect
|
|-weather|none
|-sideend|p1: marin le paon|move: Tailwind
|upkeep
|
|t:|1784131561
|switch|p1b: Tyranitar|Tyranitar, L50, M|100/100
|-weather|Sandstorm|[from] ability: Sand Stream|[of] p1b: Tyranitar
|turn|6
|
|t:|1784131576
|move|p1b: Tyranitar|Protect|p1b: Tyranitar
|-singleturn|p1b: Tyranitar|Protect
|move|p2b: Charizard|Heat Wave|p1b: Tyranitar|[spread] p1a
|-activate|p1b: Tyranitar|move: Protect
|-supereffective|p1a: Rotom|1
|-damage|p1a: Rotom|0 fnt
|faint|p1a: Rotom
|move|p2a: Whimsicott|Moonblast|p1b: Tyranitar
|-activate|p1b: Tyranitar|move: Protect
|
|-weather|Sandstorm|[upkeep]
|-damage|p2b: Charizard|88/100|[from] Sandstorm
|-damage|p2a: Whimsicott|61/100|[from] Sandstorm
|upkeep
|
|t:|1784131585
|switch|p1a: Annihilape|Annihilape, L50, F|88/100
|turn|7
|
|t:|1784131599
|detailschange|p1b: Tyranitar|Tyranitar-Mega, L50, M
|-mega|p1b: Tyranitar|Tyranitar|Tyranitarite
|move|p2b: Charizard|Air Slash|p1a: Annihilape
|-supereffective|p1a: Annihilape|1
|-damage|p1a: Annihilape|25/100
|move|p2a: Whimsicott|Moonblast|p1a: Annihilape
|-supereffective|p1a: Annihilape|1
|-damage|p1a: Annihilape|0 fnt
|faint|p1a: Annihilape
|move|p1b: Tyranitar|Dragon Dance|p1b: Tyranitar
|-boost|p1b: Tyranitar|atk|1
|-boost|p1b: Tyranitar|spe|1
|
|-weather|Sandstorm|[upkeep]
|-damage|p2b: Charizard|82/100|[from] Sandstorm
|-damage|p2a: Whimsicott|55/100|[from] Sandstorm
|-sideend|p2: CaratroncoSun|move: Tailwind
|upkeep
|turn|8
|
|t:|1784131616
|detailschange|p2b: Charizard|Charizard-Mega-Y, L50, M, shiny
|-mega|p2b: Charizard|Charizard|Charizardite Y
|-weather|SunnyDay|[from] ability: Drought|[of] p2b: Charizard
|move|p2a: Whimsicott|Tailwind|p2a: Whimsicott
|-sidestart|p2: CaratroncoSun|move: Tailwind
|move|p2b: Charizard|Solar Beam||[still]
|-prepare|p2b: Charizard|Solar Beam
|-anim|p2b: Charizard|Solar Beam|p1b: Tyranitar
|-supereffective|p1b: Tyranitar|1
|-damage|p1b: Tyranitar|14/100
|move|p1b: Tyranitar|Rock Slide|p2a: Whimsicott|[spread] p2a,p2b
|-supereffective|p2b: Charizard|2
|-damage|p2a: Whimsicott|0 fnt
|-damage|p2b: Charizard|0 fnt
|faint|p2a: Whimsicott
|faint|p2b: Charizard
|
|win|marin le paon
