|j|☆alexander1111
|j|☆ohmelia
|html|alexander1111ohmelia    
|uhtml|bestof|Game 1 of a best-of-3
|t:|1783472235
|gametype|doubles
|player|p1|alexander1111|preschooler|
|player|p2|ohmelia|bugcatcher-gen4dp|
|gen|9
|tier|[Gen 9 Champions] VGC 2026 Reg M-B (Bo3)
|rule|Species Clause: Limit one of each Pokémon
|rule|Item Clause: Limit 1 of each item
|clearpoke
|poke|p1|Milotic, L50, M|
|poke|p1|Maushold-Four, L50|
|poke|p1|Charizard, L50, F, shiny|
|poke|p1|Whimsicott, L50, F, shiny|
|poke|p1|Kingambit, L50, F|
|poke|p1|Garchomp, L50, M|
|poke|p2|Grimmsnarl, L50, M|
|poke|p2|Floette-Eternal, L50, F|
|poke|p2|Kingambit, L50, F|
|poke|p2|Basculegion, L50, M|
|poke|p2|Charizard, L50, M|
|poke|p2|Garchomp, L50, M|
|teampreview|4
|showteam|p1|Milotic||SitrusBerry|Competitive|Scald,IceBeam,HelpingHand,Protect|Modest||M|||50|]Maushold-Four||WideLens|Technician|PopulationBomb,FollowMe,Protect,SunnyDay|Jolly|||||50|]Charizard||CharizarditeY|Blaze|SolarBeam,HeatWave,WeatherBall,Protect|Timid||F|||50|]Whimsicott||FocusSash|Prankster|Tailwind,Moonblast,Protect,Encore|Timid||F|||50|]Kingambit||ChopleBerry|Defiant|KowtowCleave,SuckerPunch,IronHead,LowKick|Adamant||F|||50|]Garchomp||LifeOrb|RoughSkin|RockSlide,Earthquake,DragonClaw,Protect|Jolly||M|||50|
|showteam|p2|Grimmsnarl||LightClay|Prankster|SpiritBreak,Reflect,LightScreen,PartingShot|Careful||M|||50|]Floette-Eternal||Floettite|FlowerVeil|CalmMind,DrainingKiss,DazzlingGleam,Protect|Timid||F|||50|]Kingambit||ChopleBerry|Defiant|KowtowCleave,LowKick,SuckerPunch,Protect|Brave||F|||50|]Basculegion||ChoiceScarf|Adaptability|WaveCrash,LastRespects,AquaJet,FlipTurn|Jolly||M|||50|]Charizard||CharizarditeY|Blaze|WeatherBall,HeatWave,SolarBeam,Protect|Modest||M|||50|]Garchomp||LifeOrb|RoughSkin|DragonClaw,Earthquake,RockSlide,Protect|Jolly||M|||50|
|
|t:|1783472271
|teamsize|p1|4
|teamsize|p2|4
|start
|switch|p1a: Milotic|Milotic, L50, M|100/100
|switch|p1b: Whimsicott|Whimsicott, L50, F, shiny|100/100
|switch|p2a: Grimmsnarl|Grimmsnarl, L50, M|100/100
|switch|p2b: Kingambit|Kingambit, L50, F|100/100
|turn|1
|
|t:|1783472324
|switch|p2b: Charizard|Charizard, L50, M|100/100
|move|p2a: Grimmsnarl|Light Screen|p2a: Grimmsnarl
|-sidestart|p2: ohmelia|move: Light Screen
|move|p1b: Whimsicott|Moonblast|p2a: Grimmsnarl
|-supereffective|p2a: Grimmsnarl|1
|-damage|p2a: Grimmsnarl|55/100
|move|p1a: Milotic|Scald|p2b: Charizard
|-supereffective|p2b: Charizard|1
|-damage|p2b: Charizard|49/100
|
|upkeep
|turn|2
|
|t:|1783472366
|detailschange|p2b: Charizard|Charizard-Mega-Y, L50, M
|-mega|p2b: Charizard|Charizard|Charizardite Y
|-weather|SunnyDay|[from] ability: Drought|[of] p2b: Charizard
|move|p1b: Whimsicott|Tailwind|p1b: Whimsicott
|-sidestart|p1: alexander1111|move: Tailwind
|move|p1a: Milotic|Scald|p2b: Charizard
|-supereffective|p2b: Charizard|1
|-damage|p2b: Charizard|28/100
|move|p2b: Charizard|Heat Wave|p1b: Whimsicott|[spread] p1a,p1b
|-resisted|p1a: Milotic|1
|-supereffective|p1b: Whimsicott|1
|-damage|p1a: Milotic|78/100
|-enditem|p1b: Whimsicott|Focus Sash
|-damage|p1b: Whimsicott|1/100
|move|p2a: Grimmsnarl|Spirit Break|p1b: Whimsicott
|-damage|p1b: Whimsicott|0 fnt
|faint|p1b: Whimsicott
|
|-weather|SunnyDay|[upkeep]
|upkeep
|
|t:|1783472383
|switch|p1b: Maushold|Maushold-Four, L50|100/100
|turn|3
|
|t:|1783472404
|switch|p2b: Garchomp|Garchomp, L50, M|100/100
|move|p2a: Grimmsnarl|Reflect|p2a: Grimmsnarl
|-sidestart|p2: ohmelia|Reflect
|move|p1b: Maushold|Population Bomb|p2b: Garchomp
|-damage|p2b: Garchomp|92/100
|-damage|p1b: Maushold|88/100|[from] ability: Rough Skin|[of] p2b: Garchomp
|-damage|p2b: Garchomp|85/100
|-damage|p1b: Maushold|76/100|[from] ability: Rough Skin|[of] p2b: Garchomp
|-damage|p2b: Garchomp|78/100
|-damage|p1b: Maushold|64/100|[from] ability: Rough Skin|[of] p2b: Garchomp
|-damage|p2b: Garchomp|70/100
|-damage|p1b: Maushold|52/100|[from] ability: Rough Skin|[of] p2b: Garchomp
|-damage|p2b: Garchomp|63/100
|-damage|p1b: Maushold|40/100|[from] ability: Rough Skin|[of] p2b: Garchomp
|-damage|p2b: Garchomp|55/100
|-damage|p1b: Maushold|28/100|[from] ability: Rough Skin|[of] p2b: Garchomp
|-damage|p2b: Garchomp|48/100
|-damage|p1b: Maushold|16/100|[from] ability: Rough Skin|[of] p2b: Garchomp
|-damage|p2b: Garchomp|42/100
|-damage|p1b: Maushold|4/100|[from] ability: Rough Skin|[of] p2b: Garchomp
|-damage|p2b: Garchomp|34/100
|-damage|p1b: Maushold|0 fnt|[from] ability: Rough Skin|[of] p2b: Garchomp
|faint|p1b: Maushold
|-hitcount|p2b: Garchomp|9
|move|p1a: Milotic|Scald|p2a: Grimmsnarl
|-damage|p2a: Grimmsnarl|44/100
|
|-weather|SunnyDay|[upkeep]
|upkeep
|
|t:|1783472435
|switch|p1b: Kingambit|Kingambit, L50, F|100/100
|turn|4
|
|t:|1783472509
|move|p2a: Grimmsnarl|Light Screen||[still]
|-fail|p2a: Grimmsnarl
|move|p1a: Milotic|Ice Beam|p2b: Garchomp
|-supereffective|p2b: Garchomp|2
|-damage|p2b: Garchomp|0 fnt
|faint|p2b: Garchomp
|move|p1b: Kingambit|Low Kick|p2a: Grimmsnarl
|-damage|p2a: Grimmsnarl|26/100
|
|-weather|SunnyDay|[upkeep]
|upkeep
|
|t:|1783472555
|switch|p2b: Charizard|Charizard-Mega-Y, L50, M|28/100
|turn|5
|
|t:|1783472596
|switch|p2a: Kingambit|Kingambit, L50, F|100/100
|move|p1b: Kingambit|Sucker Punch|p2b: Charizard
|-damage|p2b: Charizard|1/100
|move|p1a: Milotic|Scald|p2a: Kingambit
|-damage|p2a: Kingambit|88/100
|-status|p2a: Kingambit|brn
|move|p2b: Charizard|Solar Beam||[still]
|-prepare|p2b: Charizard|Solar Beam
|-anim|p2b: Charizard|Solar Beam|p1a: Milotic
|-supereffective|p1a: Milotic|1
|-damage|p1a: Milotic|16/100
|-enditem|p1a: Milotic|Sitrus Berry|[eat]
|-heal|p1a: Milotic|41/100|[from] item: Sitrus Berry
|
|-weather|SunnyDay|[upkeep]
|-damage|p2a: Kingambit|83/100 brn|[from] brn
|-sideend|p1: alexander1111|move: Tailwind
|upkeep
|turn|6
|
|t:|1783472691
|move|p1a: Milotic|Protect|p1a: Milotic
|-singleturn|p1a: Milotic|Protect
|move|p1b: Kingambit|Sucker Punch|p2b: Charizard
|-damage|p2b: Charizard|0 fnt
|faint|p2b: Charizard
|move|p2a: Kingambit|Low Kick|p1b: Kingambit
|-supereffective|p1b: Kingambit|2
|-enditem|p1b: Kingambit|Chople Berry|[eat]
|-enditem|p1b: Kingambit|Chople Berry|[weaken]
|-damage|p1b: Kingambit|72/100
|
|-weather|none
|-damage|p2a: Kingambit|77/100 brn|[from] brn
|upkeep
|
|t:|1783472699
|switch|p2b: Grimmsnarl|Grimmsnarl, L50, M|26/100
|turn|7
|
|t:|1783472777
|move|p1a: Milotic|Scald|p2a: Kingambit
|-damage|p2a: Kingambit|55/100 brn
|move|p2b: Grimmsnarl|Spirit Break|p1b: Kingambit
|-damage|p1b: Kingambit|50/100g
|-unboost|p1b: Kingambit|spa|1
|-ability|p1b: Kingambit|Defiant|boost
|-boost|p1b: Kingambit|atk|2
|move|p1b: Kingambit|Low Kick|p2a: Kingambit
|-supereffective|p2a: Kingambit|2
|-enditem|p2a: Kingambit|Chople Berry|[eat]
|-enditem|p2a: Kingambit|Chople Berry|[weaken]
|-damage|p2a: Kingambit|0 fnt
|faint|p2a: Kingambit
|
|upkeep
|turn|8
|
|t:|1783472813
|move|p1b: Kingambit|Sucker Punch|p2b: Grimmsnarl
|-resisted|p2b: Grimmsnarl|2
|-damage|p2b: Grimmsnarl|13/100
|move|p1a: Milotic|Scald|p2b: Grimmsnarl
|-damage|p2b: Grimmsnarl|0 fnt
|faint|p2b: Grimmsnarl
|
|win|alexander1111
||alexander1111 is ready for game 2.
||ohmelia is ready for game 2.
|uhtml|next|Next: Game 2 of 3
|l|☆ohmelia
|player|p2|
