|j|☆irongiant9214
|j|☆Choco Meteor
|html|irongiant9214Choco Meteor    
|uhtml|bestof|Game 2 of a best-of-3
|t:|1785883544
|gametype|doubles
|player|p1|irongiant9214|1|1178
|player|p2|Choco Meteor|scientistf|1049
|gen|9
|tier|[Gen 9 Champions] VGC 2026 Reg M-B (Bo3)
|rated|
|rule|Species Clause: Limit one of each Pokémon
|rule|Item Clause: Limit 1 of each item
|clearpoke
|poke|p1|Whimsicott, L50, F, shiny|
|poke|p1|Kingambit, L50, F|
|poke|p1|Garchomp, L50, F, shiny|
|poke|p1|Charizard, L50, F|
|poke|p1|Floette-Eternal, L50, F|
|poke|p1|Basculegion, L50, M|
|poke|p2|Goodra, L50, F, shiny|
|poke|p2|Pelipper, L50, F|
|poke|p2|Meganium, L50, F, shiny|
|poke|p2|Incineroar, L50, F|
|poke|p2|Lopunny, L50, F, shiny|
|poke|p2|Pikachu, L50, F|
|teampreview|4
|showteam|p1|Whimsicott||FocusSash|Prankster|Moonblast,Tailwind,Encore,Protect|Timid||F|||50|]Kingambit||ChopleBerry|Defiant|SuckerPunch,LowKick,IronHead,KowtowCleave|Adamant||F|||50|]Garchomp||LifeOrb|RoughSkin|RockSlide,DragonClaw,Earthquake,Protect|Jolly||F|||50|]Charizard||CharizarditeY|Blaze|HeatWave,WeatherBall,SolarBeam,Protect|Modest||F|||50|]Floette-Eternal||Floettite|FlowerVeil|DazzlingGleam,Moonblast,HelpingHand,Protect|Timid||F|||50|]Basculegion||MysticWater|Adaptability|AquaJet,WaveCrash,LastRespects,Protect|Adamant||M|||50|
|showteam|p2|Goodra||Leftovers|Hydration|DracoMeteor,IceBeam,Protect,LifeDew|Calm||F|||50|]Pelipper||FocusSash|Drizzle|WideGuard,Tailwind,WeatherBall,Hurricane|Modest||F|||50|]Meganium||Meganiumite|LeafGuard|DazzlingGleam,SolarBeam,WeatherBall|Modest||F|||50|]Incineroar||SitrusBerry|Intimidate|FakeOut,FlareBlitz,PartingShot,DarkestLariat|Adamant||F|||50|]Lopunny||Lopunnite|Limber|FakeOut,Uturn,CloseCombat,Protect|Jolly||F|||50|]Pikachu||LightBall|LightningRod|FakeOut,VoltSwitch,Thunder,Protect|Timid||F|||50|
|
|t:|1785883562
|teamsize|p1|4
|teamsize|p2|4
|start
|switch|p1a: Whimsicott|Whimsicott, L50, F, shiny|100/100
|switch|p1b: Basculegion|Basculegion, L50, M|100/100
|switch|p2a: Pelipper|Pelipper, L50, F|100/100
|switch|p2b: Incineroar|Incineroar, L50, F|100/100
|-weather|RainDance|[from] ability: Drizzle|[of] p2a: Pelipper
|-ability|p2b: Incineroar|Intimidate|boost
|-unboost|p1a: Whimsicott|atk|1
|-unboost|p1b: Basculegion|atk|1
|turn|1
|
|t:|1785883583
|switch|p2b: Meganium|Meganium, L50, F, shiny|100/100
|move|p1a: Whimsicott|Protect|p1a: Whimsicott
|-singleturn|p1a: Whimsicott|Protect
|move|p1b: Basculegion|Wave Crash|p2b: Meganium
|-resisted|p2b: Meganium|1
|-damage|p2b: Meganium|54/100
|-damage|p1b: Basculegion|85/100|[from] Recoil
|move|p2a: Pelipper|Tailwind|p2a: Pelipper
|-sidestart|p2: Choco Meteor|move: Tailwind
|
|-weather|RainDance|[upkeep]
|upkeep
|turn|2
|
|t:|1785883606
|switch|p1b: Floette|Floette-Eternal, L50, F|100/100
|detailschange|p2b: Meganium|Meganium-Mega, L50, F, shiny
|-mega|p2b: Meganium|Meganium|Meganiumite
|move|p1a: Whimsicott|Tailwind|p1a: Whimsicott
|-sidestart|p1: irongiant9214|move: Tailwind
|move|p2b: Meganium|Solar Beam||[still]
|-prepare|p2b: Meganium|Solar Beam
|-activate|p2b: Meganium|ability: Mega Sol
|-anim|p2b: Meganium|Solar Beam|p1b: Floette
|-damage|p1b: Floette|29/100
|move|p2a: Pelipper|Hurricane|p1a: Whimsicott
|-supereffective|p1a: Whimsicott|1
|-enditem|p1a: Whimsicott|Focus Sash
|-damage|p1a: Whimsicott|1/100
|-start|p1a: Whimsicott|confusion
|
|-weather|RainDance|[upkeep]
|upkeep
|turn|3
|
|t:|1785883644
|detailschange|p1b: Floette|Floette-Mega, L50, F
|-mega|p1b: Floette|Floette|Floettite
|-ability|p1b: Floette|Fairy Aura
|move|p2a: Pelipper|Wide Guard|p2a: Pelipper
|-singleturn|p2a: Pelipper|Wide Guard
|-activate|p1a: Whimsicott|confusion
|move|p1a: Whimsicott|Moonblast|p2a: Pelipper
|-damage|p2a: Pelipper|37/100
|move|p1b: Floette|Moonblast|p2a: Pelipper
|-damage|p2a: Pelipper|0 fnt
|faint|p2a: Pelipper
|move|p2b: Meganium|Dazzling Gleam|p1b: Floette|[spread] p1a,p1b
|-damage|p1a: Whimsicott|0 fnt
|-damage|p1b: Floette|0 fnt
|faint|p1a: Whimsicott
|faint|p1b: Floette
|
|-weather|RainDance|[upkeep]
|upkeep
|
|t:|1785883661
|switch|p1a: Garchomp|Garchomp, L50, F, shiny|100/100
|switch|p1b: Basculegion|Basculegion, L50, M|85/100
|switch|p2a: Goodra|Goodra, L50, F, shiny|100/100
|turn|4
|
|t:|1785883675
|switch|p2b: Incineroar|Incineroar, L50, F|100/100
|-ability|p2b: Incineroar|Intimidate|boost
|-unboost|p1a: Garchomp|atk|1
|-unboost|p1b: Basculegion|atk|1
|move|p1a: Garchomp|Protect|p1a: Garchomp
|-singleturn|p1a: Garchomp|Protect
|move|p1b: Basculegion|Last Respects|p2b: Incineroar
|-resisted|p2b: Incineroar|1
|-damage|p2b: Incineroar|69/100
|move|p2a: Goodra|Draco Meteor|p1a: Garchomp
|-activate|p1a: Garchomp|move: Protect
|
|-weather|RainDance|[upkeep]
|-sideend|p2: Choco Meteor|move: Tailwind
|upkeep
|turn|5
|
|t:|1785883689
|move|p1a: Garchomp|Dragon Claw|p2a: Goodra
|-supereffective|p2a: Goodra|1
|-damage|p2a: Goodra|23/100
|-damage|p1a: Garchomp|90/100|[from] item: Life Orb
|move|p1b: Basculegion|Wave Crash|p2b: Incineroar
|-supereffective|p2b: Incineroar|1
|-damage|p2b: Incineroar|0 fnt
|faint|p2b: Incineroar
|-damage|p1b: Basculegion|62/100|[from] Recoil
|move|p2a: Goodra|Draco Meteor|p1a: Garchomp
|-supereffective|p1a: Garchomp|1
|-damage|p1a: Garchomp|0 fnt
|-unboost|p2a: Goodra|spa|2
|faint|p1a: Garchomp
|
|-weather|none
|-heal|p2a: Goodra|29/100|[from] item: Leftovers
|-sideend|p1: irongiant9214|move: Tailwind
|upkeep
|
|t:|1785883708
|switch|p2b: Meganium|Meganium-Mega, L50, F, shiny|54/100
|turn|6
|
|t:|1785883718
|move|p1b: Basculegion|Last Respects|p2b: Meganium
|-damage|p2b: Meganium|0 fnt
|faint|p2b: Meganium
|move|p2a: Goodra|Draco Meteor|p1b: Basculegion
|-damage|p1b: Basculegion|34/100
|-unboost|p2a: Goodra|spa|2
|
|-heal|p2a: Goodra|35/100|[from] item: Leftovers
|upkeep
|turn|7
|
|t:|1785883726
|move|p2a: Goodra|Protect|p2a: Goodra
|-singleturn|p2a: Goodra|Protect
|move|p1b: Basculegion|Last Respects|p2a: Goodra
|-activate|p2a: Goodra|move: Protect
|
|-heal|p2a: Goodra|41/100|[from] item: Leftovers
|upkeep
|turn|8
|
|t:|1785883734
|move|p1b: Basculegion|Last Respects|p2a: Goodra
|-damage|p2a: Goodra|0 fnt
|faint|p2a: Goodra
|
|win|irongiant9214
|raw|irongiant9214's rating: 1178 → 1194(+16 for winning)
|raw|Choco Meteor's rating: 1049 → 1038(-11 for losing)
|l|☆Choco Meteor
|player|p2|
