|j|☆UmamusumeDerby
|j|☆parkertrainingarc
|html|UmamusumeDerbyparkertrainingarc    
|uhtml|bestof|Game 3 of a best-of-3
|t:|1757809476
|gametype|doubles
|player|p1|UmamusumeDerby|bugcatcher-gen4dp|1228
|player|p2|parkertrainingarc|lady|1269
|gen|9
|tier|[Gen 9] VGC 2025 Reg H (Bo3)
|rated|
|rule|Species Clause: Limit one of each Pokémon
|rule|Item Clause: Limit 1 of each item
|clearpoke
|poke|p1|Ninetales-Alola, L50, F|
|poke|p1|Archaludon, L50, F|
|poke|p1|Dragapult, L50, F|
|poke|p1|Sneasler, L50, M|
|poke|p1|Incineroar, L50, F|
|poke|p1|Amoonguss, L50, M|
|poke|p2|Sneasler, L50, M|
|poke|p2|Indeedee, L50, M|
|poke|p2|Volcarona, L50, M|
|poke|p2|Ursaluna-Bloodmoon, L50, M|
|poke|p2|Annihilape, L50, F|
|poke|p2|Tyranitar, L50, M|
|teampreview|4
|showteam|p1|Ninetales-Alola||CovertCloak|SnowWarning|IcyWind,AuroraVeil,Blizzard,FreezeDry|||F|||50|,,,,,Water]Archaludon||PowerHerb|Sturdy|ElectroShot,DracoMeteor,Thunderbolt,Protect|||F|||50|,,,,,Electric]Dragapult||ChoiceBand|ClearBody|DragonDarts,Outrage,PhantomForce,Uturn|||F|||50|,,,,,Dragon]Sneasler||FocusSash|PoisonTouch|FakeOut,DireClaw,CloseCombat,Protect|||M|||50|,,,,,Ghost]Incineroar||AssaultVest|Intimidate|FlareBlitz,KnockOff,Uturn,FakeOut|||F|||50|,,,,,Bug]Amoonguss||MentalHerb|Regenerator|Protect,PollenPuff,Spore,RagePowder|||M|||50|,,,,,Water
|showteam|p2|Sneasler||PsychicSeed|Unburden|CloseCombat,DireClaw,ThroatChop,Protect|||M|||50|,,,,,Dark]Indeedee||ChoiceScarf|PsychicSurge|ExpandingForce,TeraBlast,Trick,Protect|||M|||50|,,,,,Psychic]Volcarona||SitrusBerry|FlameBody|Overheat,StruggleBug,RagePowder,Tailwind|||M|||50|,,,,,Dragon]Ursaluna-Bloodmoon||LifeOrb|MindsEye|BloodMoon,HyperVoice,EarthPower,Protect|||M|||50|,,,,,Normal]Annihilape||SafetyGoggles|Defiant|CloseCombat,RageFist,Taunt,FinalGambit|||F|||50|,,,,,Fairy]Tyranitar||AssaultVest|SandStream|RockSlide,KnockOff,TeraBlast,LowKick|||M|||50|,,,,,Flying
|
|t:|1757809487
|teamsize|p1|4
|teamsize|p2|4
|start
|switch|p1a: Dragapult|Dragapult, L50, F|100/100
|switch|p1b: Sneasler|Sneasler, L50, M|100/100
|switch|p2a: Aldehydes|Volcarona, L50, M|100/100
|switch|p2b: Porcelain Hands|Annihilape, L50, F, shiny|100/100
|turn|1
|
|t:|1757809500
|-terastallize|p1a: Dragapult|Dragon
|move|p1a: Dragapult|Outrage|p2b: Porcelain Hands
|-damage|p2b: Porcelain Hands|0 fnt
|faint|p2b: Porcelain Hands
|move|p1b: Sneasler|Dire Claw|p2a: Aldehydes
|-damage|p2a: Aldehydes|52/100
|-status|p1b: Sneasler|brn|[from] ability: Flame Body|[of] p2a: Aldehydes
|move|p2a: Aldehydes|Tailwind|p2a: Aldehydes
|-sidestart|p2: parkertrainingarc|move: Tailwind
|
|-damage|p1b: Sneasler|95/100 brn|[from] brn
|upkeep
|
|t:|1757809513
|switch|p2b: Meanie|Indeedee, L50, M|100/100
|-fieldstart|move: Psychic Terrain|[from] ability: Psychic Surge|[of] p2b: Meanie
|turn|2
|
|t:|1757809525
|switch|p1b: Incineroar|Incineroar, L50, F|100/100
|-ability|p1b: Incineroar|Intimidate|boost
|-unboost|p2a: Aldehydes|atk|1
|-unboost|p2b: Meanie|atk|1
|move|p2b: Meanie|Expanding Force|p1a: Dragapult|[spread] p1a
|-immune|p1b: Incineroar
|-damage|p1a: Dragapult|25/100
|move|p2a: Aldehydes|Overheat|p1a: Dragapult
|-resisted|p1a: Dragapult
|-damage|p1a: Dragapult|0 fnt
|-unboost|p2a: Aldehydes|spa|2
|faint|p1a: Dragapult
|
|upkeep
|
|t:|1757809529
|switch|p1a: Archaludon|Archaludon, L50, F, shiny|100/100
|turn|3
|
|t:|1757809552
|switch|p2b: HornetDisaster|Sneasler, L50, M|100/100
|-enditem|p2b: HornetDisaster|Psychic Seed
|-boost|p2b: HornetDisaster|spd|1|[from] item: Psychic Seed
|move|p2a: Aldehydes|Struggle Bug|p1b: Incineroar|[spread] p1a,p1b
|-resisted|p1a: Archaludon
|-crit|p1b: Incineroar
|-damage|p1a: Archaludon|94/100
|-damage|p1b: Incineroar|86/100
|-unboost|p1a: Archaludon|spa|1
|-unboost|p1b: Incineroar|spa|1
|move|p1a: Archaludon|Draco Meteor|p2b: HornetDisaster
|-damage|p2b: HornetDisaster|57/100
|-unboost|p1a: Archaludon|spa|2
|move|p1b: Incineroar|U-turn|p2b: HornetDisaster
|-resisted|p2b: HornetDisaster
|-damage|p2b: HornetDisaster|48/100
|
|t:|1757809557
|switch|p1b: Sneasler|Sneasler, L50, M|95/100 brn|[from] U-turn
|
|-damage|p1b: Sneasler|89/100 brn|[from] brn
|upkeep
|turn|4
|
|t:|1757809576
|switch|p1a: Incineroar|Incineroar, L50, F|86/100
|-ability|p1a: Incineroar|Intimidate|boost
|-unboost|p2a: Aldehydes|atk|1
|-unboost|p2b: HornetDisaster|atk|1
|move|p2b: HornetDisaster|Close Combat|p1a: Incineroar
|-supereffective|p1a: Incineroar
|-damage|p1a: Incineroar|4/100
|-unboost|p2b: HornetDisaster|def|1
|-unboost|p2b: HornetDisaster|spd|1
|move|p2a: Aldehydes|Struggle Bug|p1a: Incineroar|[spread] p1a,p1b
|-resisted|p1b: Sneasler
|-damage|p1a: Incineroar|0 fnt
|-damage|p1b: Sneasler|86/100 brn
|-unboost|p1b: Sneasler|spa|1
|faint|p1a: Incineroar
|move|p1b: Sneasler|Dire Claw|p2a: Aldehydes
|-damage|p2a: Aldehydes|25/100
|-enditem|p2a: Aldehydes|Sitrus Berry|[eat]
|-heal|p2a: Aldehydes|50/100|[from] item: Sitrus Berry
|
|-damage|p1b: Sneasler|80/100 brn|[from] brn
|-sideend|p2: parkertrainingarc|move: Tailwind
|upkeep
|
|t:|1757809586
|switch|p1a: Archaludon|Archaludon, L50, F, shiny|94/100
|turn|5
|
|t:|1757809593
|move|p2b: HornetDisaster|Close Combat|p1a: Archaludon
|-supereffective|p1a: Archaludon
|-damage|p1a: Archaludon|14/100
|-unboost|p2b: HornetDisaster|def|1
|-unboost|p2b: HornetDisaster|spd|1
|move|p1b: Sneasler|Dire Claw|p2a: Aldehydes
|-damage|p2a: Aldehydes|22/100
|-status|p2a: Aldehydes|par
|move|p1a: Archaludon|Electro Shot||[still]
|-prepare|p1a: Archaludon|Electro Shot
|-boost|p1a: Archaludon|spa|1
|-enditem|p1a: Archaludon|Power Herb
|-anim|p1a: Archaludon|Electro Shot|p2b: HornetDisaster
|-damage|p2b: HornetDisaster|0 fnt
|faint|p2b: HornetDisaster
|cant|p2a: Aldehydes|par
|
|-damage|p1b: Sneasler|75/100 brn|[from] brn
|upkeep
|-message|UmamusumeDerby forfeited.
|
|win|parkertrainingarc
|raw|UmamusumeDerby's rating: 1228 → 1206(-22 for losing)
|raw|parkertrainingarc's rating: 1269 → 1291(+22 for winning)
