|j|☆KermitDaPoligoat
|j|☆MarkusVgc
|html|KermitDaPoligoatMarkusVgc    
|uhtml|bestof|Game 3 of a best-of-3
|t:|1784676261
|gametype|doubles
|player|p1|KermitDaPoligoat|giovanni|1078
|player|p2|MarkusVgc|marshal|1076
|gen|9
|tier|[Gen 9 Champions] VGC 2026 Reg M-B (Bo3)
|rated|
|rule|Species Clause: Limit one of each Pokémon
|rule|Item Clause: Limit 1 of each item
|clearpoke
|poke|p1|Tyranitar, L50, F|
|poke|p1|Excadrill, L50, M|
|poke|p1|Staraptor, L50, M|
|poke|p1|Gholdengo, L50|
|poke|p1|Sinistcha, L50|
|poke|p1|Milotic, L50, M|
|poke|p2|Lucario, L50, M|
|poke|p2|Froslass, L50, F|
|poke|p2|Garchomp, L50, F|
|poke|p2|Sylveon, L50, F|
|poke|p2|Aerodactyl, L50, F|
|poke|p2|Milotic, L50, F|
|teampreview|4
|showteam|p1|Tyranitar||Tyranitarite|SandStream|RockSlide,KnockOff,Protect,HighHorsepower|Jolly||F|||50|]Excadrill||FocusSash|SandRush|IronHead,Earthquake,RockSlide,Protect|Jolly||M|||50|]Staraptor||Staraptite|Intimidate|Tailwind,BraveBird,CloseCombat,Protect|Jolly||M|||50|]Gholdengo||LifeOrb|GoodasGold|MakeItRain,NastyPlot,ShadowBall,Protect|Modest|||||50|]Sinistcha||ColburBerry|Hospitality|MatchaGotcha,Protect,ShadowBall,RagePowder|Bold|||||50|]Milotic||SitrusBerry|Competitive|Scald,IcyWind,Protect,Haze|Calm||M|||50|
|showteam|p2|Lucario||Lucarionite|InnerFocus|CloseCombat,MeteorMash,BulletPunch,Protect|Jolly||M|||50|]Froslass||Froslassite|SnowCloak|Blizzard,ShadowBall,Thunderbolt,Protect|Timid||F|||50|]Garchomp||LifeOrb|RoughSkin|DragonClaw,Earthquake,RockSlide,Protect|Jolly||F|||50|]Sylveon||FairyFeather|Pixilate|HyperVoice,HyperBeam,HelpingHand,Detect|Modest||F|||50|]Aerodactyl||FocusSash|Unnerve|RockSlide,DualWingbeat,Tailwind,Protect|Jolly||F|||50|]Milotic||Leftovers|Competitive|Scald,IcyWind,HelpingHand,Protect|Calm||F|||50|
|inactive|Battle timer is ON: inactive players will automatically lose when time's up. (requested by KermitDaPoligoat)
|inactive|MarkusVgc has 60 seconds left.
|inactive|MarkusVgc has 30 seconds left.
|inactive|MarkusVgc has 20 seconds left.
|inactive|MarkusVgc has 15 seconds left.
|inactive|MarkusVgc has 10 seconds left.
|
|t:|1784676346
|teamsize|p1|4
|teamsize|p2|4
|start
|switch|p1a: Staraptor|Staraptor, L50, M|100/100
|switch|p1b: Gholdengo|Gholdengo, L50|100/100
|switch|p2a: Aerodactyl|Aerodactyl, L50, F|100/100
|switch|p2b: Garchomp|Garchomp, L50, F|100/100
|-ability|p2a: Aerodactyl|Unnerve
|-ability|p1a: Staraptor|Intimidate|boost
|-unboost|p2a: Aerodactyl|atk|1
|-unboost|p2b: Garchomp|atk|1
|turn|1
|inactive|MarkusVgc has 30 seconds left.
|inactive|KermitDaPoligoat has 30 seconds left.
|inactive|KermitDaPoligoat has 20 seconds left.
|
|t:|1784676391
|detailschange|p1a: Staraptor|Staraptor-Mega, L50, M
|-mega|p1a: Staraptor|Staraptor|Staraptite
|move|p2a: Aerodactyl|Tailwind|p2a: Aerodactyl
|-sidestart|p2: MarkusVgc|move: Tailwind
|move|p2b: Garchomp|Earthquake|p1b: Gholdengo|[spread] p1b
|-immune|p2a: Aerodactyl
|-immune|p1a: Staraptor
|-supereffective|p1b: Gholdengo|1
|-damage|p1b: Gholdengo|40/100
|-damage|p2b: Garchomp|90/100|[from] item: Life Orb
|move|p1a: Staraptor|Tailwind|p1a: Staraptor
|-sidestart|p1: KermitDaPoligoat|move: Tailwind
|move|p1b: Gholdengo|Make It Rain|p2b: Garchomp|[spread] p2a,p2b
|-supereffective|p2a: Aerodactyl|1
|-enditem|p2a: Aerodactyl|Focus Sash
|-damage|p2a: Aerodactyl|1/100
|-damage|p2b: Garchomp|26/100
|-unboost|p1b: Gholdengo|spa|2
|-damage|p1b: Gholdengo|31/100|[from] item: Life Orb
|
|upkeep
|turn|2
|inactive|KermitDaPoligoat has 30 seconds left.
|inactive|MarkusVgc has 30 seconds left.
|inactive|MarkusVgc has 20 seconds left.
|
|t:|1784676428
|move|p2b: Garchomp|Protect|p2b: Garchomp
|-singleturn|p2b: Garchomp|Protect
|move|p2a: Aerodactyl|Dual Wingbeat|p1a: Staraptor
|-supereffective|p1a: Staraptor|1
|-damage|p1a: Staraptor|77/100
|-supereffective|p1a: Staraptor|1
|-damage|p1a: Staraptor|54/100
|-hitcount|p1a: Staraptor|2
|move|p1a: Staraptor|Close Combat|p2a: Aerodactyl
|-damage|p2a: Aerodactyl|0 fnt
|-boost|p1a: Staraptor|def|1
|-boost|p1a: Staraptor|spd|1
|faint|p2a: Aerodactyl
|move|p1b: Gholdengo|Shadow Ball|p2b: Garchomp
|-activate|p2b: Garchomp|move: Protect
|
|upkeep
|
|t:|1784676449
|switch|p2a: Sylveon|Sylveon, L50, F|100/100
|turn|3
|
|t:|1784676469
|switch|p1b: Sinistcha|Sinistcha, L50|100/100
|-heal|p1a: Staraptor|79/100|[from] ability: Hospitality|[of] p1b: Sinistcha
|move|p1a: Staraptor|Protect|p1a: Staraptor
|-singleturn|p1a: Staraptor|Protect
|move|p2b: Garchomp|Dragon Claw|p1a: Staraptor
|-activate|p1a: Staraptor|move: Protect
|move|p2a: Sylveon|Hyper Voice|p1a: Staraptor|[spread] p1b
|-activate|p1a: Staraptor|move: Protect
|-damage|p1b: Sinistcha|49/100
|
|upkeep
|turn|4
|inactive|KermitDaPoligoat has 30 seconds left.
|inactive|MarkusVgc has 30 seconds left.
|inactive|MarkusVgc has 20 seconds left.
|
|t:|1784676505
|move|p1a: Staraptor|Close Combat|p2b: Garchomp
|-damage|p2b: Garchomp|0 fnt
|-boost|p1a: Staraptor|def|1
|-boost|p1a: Staraptor|spd|1
|-damage|p1a: Staraptor|67/100|[from] ability: Rough Skin|[of] p2b: Garchomp
|faint|p2b: Garchomp
|move|p2a: Sylveon|Hyper Voice|p1a: Staraptor|[spread] p1a,p1b
|-supereffective|p1a: Staraptor|1
|-damage|p1a: Staraptor|22/100
|-damage|p1b: Sinistcha|5/100
|move|p1b: Sinistcha|Shadow Ball|p2a: Sylveon
|-damage|p2a: Sylveon|73/100
|
|-sideend|p1: KermitDaPoligoat|move: Tailwind
|-sideend|p2: MarkusVgc|move: Tailwind
|upkeep
|
|t:|1784676520
|switch|p2b: Lucario|Lucario, L50, M|100/100
|turn|5
|
|t:|1784676539
|move|p2b: Lucario|Protect|p2b: Lucario
|-singleturn|p2b: Lucario|Protect
|move|p1b: Sinistcha|Protect|p1b: Sinistcha
|-singleturn|p1b: Sinistcha|Protect
|move|p1a: Staraptor|Close Combat|p2b: Lucario
|-activate|p2b: Lucario|move: Protect
|move|p2a: Sylveon|Hyper Voice|p1b: Sinistcha|[spread] p1a
|-activate|p1b: Sinistcha|move: Protect
|-supereffective|p1a: Staraptor|1
|-damage|p1a: Staraptor|0 fnt
|faint|p1a: Staraptor
|
|upkeep
|
|t:|1784676551
|switch|p1a: Gholdengo|Gholdengo, L50|31/100
|turn|6
|
|t:|1784676565
|switch|p1b: Tyranitar|Tyranitar, L50, F|100/100
|-weather|Sandstorm|[from] ability: Sand Stream|[of] p1b: Tyranitar
|detailschange|p2b: Lucario|Lucario-Mega, L50, M
|-mega|p2b: Lucario|Lucario|Lucarionite
|move|p2b: Lucario|Bullet Punch|p1b: Tyranitar
|-supereffective|p1b: Tyranitar|1
|-damage|p1b: Tyranitar|47/100
|move|p1a: Gholdengo|Make It Rain|p2a: Sylveon|[spread] p2a,p2b
|-supereffective|p2a: Sylveon|1
|-resisted|p2b: Lucario|1
|-damage|p2a: Sylveon|0 fnt
|-damage|p2b: Lucario|53/100
|-unboost|p1a: Gholdengo|spa|2
|faint|p2a: Sylveon
|-damage|p1a: Gholdengo|21/100|[from] item: Life Orb
|
|-weather|Sandstorm|[upkeep]
|upkeep
|turn|7
|
|t:|1784676585
|switch|p1a: Sinistcha|Sinistcha, L50|5/100
|-heal|p1b: Tyranitar|72/100|[from] ability: Hospitality|[of] p1a: Sinistcha
|move|p2b: Lucario|Meteor Mash|p1a: Sinistcha
|-damage|p1a: Sinistcha|0 fnt
|faint|p1a: Sinistcha
|move|p1b: Tyranitar|High Horsepower|p2b: Lucario
|-supereffective|p2b: Lucario|1
|-damage|p2b: Lucario|0 fnt
|faint|p2b: Lucario
|
|win|KermitDaPoligoat
|raw|KermitDaPoligoat's rating: 1078 → 1106(+28 for winning)
|raw|MarkusVgc's rating: 1076 → 1055(-21 for losing)
