|j|☆HelhiemFiend
|j|☆CrazyyBoi
|html|HelhiemFiendCrazyyBoi    
|uhtml|bestof|Game 2 of a best-of-3
|t:|1757206544
|gametype|doubles
|player|p1|HelhiemFiend|265|1160
|player|p2|CrazyyBoi|102|1223
|gen|9
|tier|[Gen 9] VGC 2025 Reg H (Bo3)
|rated|
|rule|Species Clause: Limit one of each Pokémon
|rule|Item Clause: Limit 1 of each item
|clearpoke
|poke|p1|Sneasler, L50, M|
|poke|p1|Dragapult, L50, M|
|poke|p1|Kingambit, L50, F|
|poke|p1|Rillaboom, L50, F|
|poke|p1|Gholdengo, L50|
|poke|p1|Volcarona, L50, F|
|poke|p2|Maushold-Four, L50|
|poke|p2|Sableye, L50, F|
|poke|p2|Sinistcha, L50|
|poke|p2|Kommo-o, L50, F|
|poke|p2|Incineroar, L50, M|
|poke|p2|Primarina, L50, F|
|teampreview|4
|showteam|p1|Sneasler||FocusSash|Unburden|DireClaw,CloseCombat,FakeOut,Protect|||M|||50|,,,,,Stellar]Dragapult||ChoiceBand|ClearBody|DragonDarts,TeraBlast,PhantomForce,Uturn|||M|||50|,,,,,Ghost]Kingambit||SafetyGoggles|Defiant|KowtowCleave,SuckerPunch,SwordsDance,Protect|||F|||50|,,,,,Dark]Rillaboom||AssaultVest|GrassySurge|WoodHammer,GrassyGlide,FakeOut,Uturn|||F|||50|,,,,,Fire]Gholdengo||LifeOrb|GoodasGold|MakeItRain,ShadowBall,NastyPlot,Protect||||||50|,,,,,Dragon]Volcarona||CovertCloak|FlameBody|FieryDance,TeraBlast,QuiverDance,Protect|||F|||50|,,,,,Rock
|showteam|p2|Maushold-Four||WideLens|Technician|Protect,PopulationBomb,Bite,FollowMe||||||50|,,,,,Poison]Sableye||FocusSash|Prankster|FakeOut,Quash,Disable,Encore|||F|||50|,,,,,Grass]Sinistcha||MentalHerb|Hospitality|RagePowder,MatchaGotcha,LifeDew,Protect||||||50|,,,,,Fire]Kommo-o||ThroatSpray|Overcoat|ClangorousSoul,ClangingScales,Protect,AuraSphere|||F|||50|,,,,,Steel]Incineroar||SafetyGoggles|Intimidate|FakeOut,PartingShot,KnockOff,Taunt|||M|||50|,,,,,Ghost]Primarina||LifeOrb|LiquidVoice|HyperVoice,Moonblast,PerishSong,Protect|||F|||50|,,,,,Dragon
|inactive|Battle timer is ON: inactive players will automatically lose when time's up. (requested by HelhiemFiend)
|
|t:|1757206564
|teamsize|p1|4
|teamsize|p2|4
|start
|switch|p1a: Earhart|Dragapult, L50, M|100/100
|switch|p1b: Snake Eyes|Sneasler, L50, M|100/100
|switch|p2a: Sableye|Sableye, L50, F|100/100
|switch|p2b: Primarina|Primarina, L50, F|100/100
|turn|1
|inactive|HelhiemFiend has 30 seconds left.
|
|t:|1757206592
|switch|p1a: Donkey Kong|Rillaboom, L50, F|100/100
|-fieldstart|move: Grassy Terrain|[from] ability: Grassy Surge|[of] p1a: Donkey Kong
|switch|p1b: Big Gamba|Kingambit, L50, F|100/100
|move|p2b: Primarina|Protect|p2b: Primarina
|-singleturn|p2b: Primarina|Protect
|move|p2a: Sableye|Fake Out|p1b: Big Gamba
|-resisted|p1b: Big Gamba
|-damage|p1b: Big Gamba|98/100
|
|-heal|p1b: Big Gamba|100/100|[from] Grassy Terrain
|upkeep
|turn|2
|inactive|HelhiemFiend has 30 seconds left.
|
|t:|1757206618
|switch|p2b: Kommo-o|Kommo-o, L50, F|100/100
|switch|p2a: Sinistcha|Sinistcha, L50|100/100
|move|p1a: Donkey Kong|Fake Out|p2b: Kommo-o
|-damage|p2b: Kommo-o|90/100
|move|p1b: Big Gamba|Swords Dance|p1b: Big Gamba
|-boost|p1b: Big Gamba|atk|2
|
|-heal|p2b: Kommo-o|96/100|[from] Grassy Terrain
|upkeep
|turn|3
|inactive|HelhiemFiend has 30 seconds left.
|
|t:|1757206651
|-terastallize|p1b: Big Gamba|Dark
|move|p2a: Sinistcha|Protect|p2a: Sinistcha
|-singleturn|p2a: Sinistcha|Protect
|move|p1a: Donkey Kong|U-turn|p2a: Sinistcha
|-activate|p2a: Sinistcha|move: Protect
|move|p2b: Kommo-o|Aura Sphere|p1b: Big Gamba
|-supereffective|p1b: Big Gamba
|-damage|p1b: Big Gamba|35/100
|move|p1b: Big Gamba|Kowtow Cleave|p2b: Kommo-o
|-resisted|p2b: Kommo-o
|-damage|p2b: Kommo-o|43/100
|
|-heal|p2b: Kommo-o|49/100|[from] Grassy Terrain
|-heal|p1b: Big Gamba|41/100|[from] Grassy Terrain
|upkeep
|turn|4
|
|t:|1757206675
|move|p1b: Big Gamba|Protect|p1b: Big Gamba
|-singleturn|p1b: Big Gamba|Protect
|move|p2a: Sinistcha|Rage Powder|p2a: Sinistcha
|-singleturn|p2a: Sinistcha|move: Rage Powder
|move|p1a: Donkey Kong|U-turn|p2a: Sinistcha
|-damage|p2a: Sinistcha|84/100
|
|t:|1757206682
|switch|p1a: Snake Eyes|Sneasler, L50, M|100/100|[from] U-turn
|move|p2b: Kommo-o|Aura Sphere|p1b: Big Gamba
|-activate|p1b: Big Gamba|move: Protect
|
|-heal|p2b: Kommo-o|55/100|[from] Grassy Terrain
|-heal|p2a: Sinistcha|90/100|[from] Grassy Terrain
|-heal|p1b: Big Gamba|47/100|[from] Grassy Terrain
|upkeep
|turn|5
|
|t:|1757206698
|move|p2b: Kommo-o|Protect|p2b: Kommo-o
|-singleturn|p2b: Kommo-o|Protect
|move|p1a: Snake Eyes|Fake Out|p2b: Kommo-o
|-activate|p2b: Kommo-o|move: Protect
|move|p2a: Sinistcha|Life Dew|p2a: Sinistcha|[spread] p2a,p2b
|-heal|p2a: Sinistcha|100/100
|-heal|p2b: Kommo-o|80/100
|move|p1b: Big Gamba|Swords Dance|p1b: Big Gamba
|-boost|p1b: Big Gamba|atk|2
|
|-heal|p2b: Kommo-o|86/100|[from] Grassy Terrain
|-heal|p1b: Big Gamba|54/100|[from] Grassy Terrain
|-fieldend|move: Grassy Terrain
|upkeep
|turn|6
|
|t:|1757206716
|switch|p1a: Donkey Kong|Rillaboom, L50, F|100/100
|-fieldstart|move: Grassy Terrain|[from] ability: Grassy Surge|[of] p1a: Donkey Kong
|move|p1b: Big Gamba|Protect|p1b: Big Gamba
|-singleturn|p1b: Big Gamba|Protect
|move|p2a: Sinistcha|Rage Powder|p2a: Sinistcha
|-singleturn|p2a: Sinistcha|move: Rage Powder
|move|p2b: Kommo-o|Aura Sphere|p1b: Big Gamba
|-activate|p1b: Big Gamba|move: Protect
|
|-heal|p2b: Kommo-o|92/100|[from] Grassy Terrain
|-heal|p1b: Big Gamba|60/100|[from] Grassy Terrain
|upkeep
|turn|7
|
|t:|1757206736
|move|p2b: Kommo-o|Protect|p2b: Kommo-o
|-singleturn|p2b: Kommo-o|Protect
|move|p2a: Sinistcha|Protect|p2a: Sinistcha
|-singleturn|p2a: Sinistcha|Protect
|move|p1a: Donkey Kong|Fake Out|p2b: Kommo-o
|-activate|p2b: Kommo-o|move: Protect
|move|p1b: Big Gamba|Swords Dance|p1b: Big Gamba
|-boost|p1b: Big Gamba|atk|2
|
|-heal|p2b: Kommo-o|98/100|[from] Grassy Terrain
|-heal|p1b: Big Gamba|66/100|[from] Grassy Terrain
|upkeep
|turn|8
|c|☆HelhiemFiend|at this point i gotta
|
|t:|1757206748
|move|p2a: Sinistcha|Rage Powder|p2a: Sinistcha
|-singleturn|p2a: Sinistcha|move: Rage Powder
|move|p1b: Big Gamba|Sucker Punch|p2b: Kommo-o
|-resisted|p2b: Kommo-o
|-damage|p2b: Kommo-o|14/100
|move|p1a: Donkey Kong|U-turn|p2a: Sinistcha
|-damage|p2a: Sinistcha|85/100
|
|t:|1757206759
|switch|p1a: Snake Eyes|Sneasler, L50, M|100/100|[from] U-turn
|move|p2b: Kommo-o|Aura Sphere|p1b: Big Gamba
|-supereffective|p1b: Big Gamba
|-damage|p1b: Big Gamba|0 fnt
|faint|p1b: Big Gamba
|
|-heal|p2b: Kommo-o|20/100|[from] Grassy Terrain
|-heal|p2a: Sinistcha|91/100|[from] Grassy Terrain
|upkeep
|c|☆CrazyyBoi|I forgot about safety goggles lol
|
|t:|1757206770
|switch|p1b: Earhart|Dragapult, L50, M|100/100
|turn|9
|
|t:|1757206781
|switch|p1a: Donkey Kong|Rillaboom, L50, F|100/100
|move|p2b: Kommo-o|Protect|p2b: Kommo-o
|-singleturn|p2b: Kommo-o|Protect
|move|p2a: Sinistcha|Protect|p2a: Sinistcha
|-singleturn|p2a: Sinistcha|Protect
|move|p1b: Earhart|Phantom Force||[still]
|-prepare|p1b: Earhart|Phantom Force
|
|-heal|p2b: Kommo-o|26/100|[from] Grassy Terrain
|-heal|p2a: Sinistcha|97/100|[from] Grassy Terrain
|upkeep
|turn|10
|
|t:|1757206805
|move|p1b: Earhart|Phantom Force|p2a: Sinistcha|[from] lockedmove
|-supereffective|p2a: Sinistcha
|-crit|p2a: Sinistcha
|-damage|p2a: Sinistcha|0 fnt
|faint|p2a: Sinistcha
|move|p1a: Donkey Kong|Wood Hammer|p2b: Kommo-o
|-resisted|p2b: Kommo-o
|-damage|p2b: Kommo-o|0 fnt
|faint|p2b: Kommo-o
|-damage|p1a: Donkey Kong|93/100|[from] Recoil
|
|-heal|p1a: Donkey Kong|99/100|[from] Grassy Terrain
|-fieldend|move: Grassy Terrain
|upkeep
|
|t:|1757206813
|switch|p2b: Primarina|Primarina, L50, F|100/100
|switch|p2a: Sableye|Sableye, L50, F|100/100
|turn|11
|
|t:|1757206834
|move|p2a: Sableye|Fake Out|p1a: Donkey Kong
|-damage|p1a: Donkey Kong|91/100
|move|p1b: Earhart|Phantom Force||[still]
|-prepare|p1b: Earhart|Phantom Force
|cant|p1a: Donkey Kong|flinch
|move|p2b: Primarina|Hyper Voice|p1b: Earhart|[spread] p1a
|-miss|p2b: Primarina|p1b: Earhart
|-resisted|p1a: Donkey Kong
|-damage|p1a: Donkey Kong|73/100
|-damage|p2b: Primarina|91/100|[from] item: Life Orb
|
|upkeep
|turn|12
|inactive|CrazyyBoi has 30 seconds left.
|
|t:|1757206863
|-terastallize|p2b: Primarina|Dragon
|move|p2a: Sableye|Encore|p1a: Donkey Kong
|-start|p1a: Donkey Kong|Encore
|move|p1b: Earhart|Phantom Force|p2b: Primarina|[from] lockedmove
|-damage|p2b: Primarina|3/100
|move|p1a: Donkey Kong|Wood Hammer|p2b: Primarina
|-resisted|p2b: Primarina
|-damage|p2b: Primarina|0 fnt
|faint|p2b: Primarina
|-damage|p1a: Donkey Kong|72/100|[from] Recoil
|
|upkeep
|turn|13
|-message|CrazyyBoi forfeited.
|raw|HelhiemFiend's rating: 1160 → 1189(+29 for winning)
|raw|CrazyyBoi's rating: 1223 → 1194(-29 for losing)
|
|win|HelhiemFiend
|c|☆CrazyyBoi|Gg
|l|☆CrazyyBoi
|player|p2|
|c|☆HelhiemFiend|gg
