|j|☆Trestkon
|j|☆furretusedpunch
|html|Trestkonfurretusedpunch    
|uhtml|bestof|Game 1 of a best-of-3
|t:|1757827023
|gametype|doubles
|player|p1|Trestkon|102|1316
|player|p2|furretusedpunch|lacey|1330
|gen|9
|tier|[Gen 9] VGC 2025 Reg H (Bo3)
|rated|
|rule|Species Clause: Limit one of each Pokémon
|rule|Item Clause: Limit 1 of each item
|clearpoke
|poke|p1|Indeedee-F, L50, F|
|poke|p1|Gallade, L50, M|
|poke|p1|Torkoal, L50, F|
|poke|p1|Kingambit, L50, F|
|poke|p1|Armarouge, L50, M|
|poke|p1|Exeggutor, L50, F|
|poke|p2|Gholdengo, L50|
|poke|p2|Sneasler, L50, M|
|poke|p2|Rillaboom, L50, M|
|poke|p2|Dragonite, L50, F|
|poke|p2|Ninetales-Alola, L50, F|
|poke|p2|Incineroar, L50, M|
|teampreview|4
|showteam|p1|Indeedee-F||SafetyGoggles|PsychicSurge|FollowMe,Psychic,HelpingHand,TrickRoom|||F|||50|,,,,,Fairy]Gallade||ClearAmulet|Sharpness|PsychoCut,SacredSword,WideGuard,TrickRoom|||M|||50|,,,,,Steel]Torkoal||Charcoal|Drought|Eruption,WeatherBall,ClearSmog,Protect|||F|||50|,,,,,Fire]Kingambit||BlackGlasses|Defiant|SwordsDance,KowtowCleave,LowKick,Protect|||F|||50|,,,,,Dark]Armarouge||PowerHerb|FlashFire|ArmorCannon,ExpandingForce,MeteorBeam,TrickRoom|||M|||50|,,,,,Grass]Exeggutor||FocusSash|Chlorophyll|TrickRoom,ExpandingForce,EnergyBall,SleepPowder|||F|||50|,,,,,Psychic
|showteam|p2|Gholdengo||LifeOrb|GoodasGold|NastyPlot,MakeItRain,ShadowBall,Protect||||||50|,,,,,Water]Sneasler||WhiteHerb|Unburden|CloseCombat,DireClaw,Coaching,Protect|||M|||50|,,,,,Ghost]Rillaboom||AssaultVest|GrassySurge|FakeOut,GrassyGlide,DrumBeating,HighHorsepower|||M|||50|,,,,,Fire]Dragonite||LoadedDice|Multiscale|ScaleShot,StompingTantrum,Tailwind,Protect|||F|||50|,,,,,Ground]Ninetales-Alola||FocusSash|SnowWarning|IcyWind,Encore,FreezeDry,Blizzard|||F|||50|,,,,,Ghost]Incineroar||SitrusBerry|Intimidate|FlareBlitz,KnockOff,FakeOut,PartingShot|||M|||50|,,,,,Ghost
|
|t:|1757827105
|teamsize|p1|4
|teamsize|p2|4
|start
|switch|p1a: Dermezel|Indeedee-F, L50, F|100/100
|switch|p1b: Rockman.EXE|Armarouge, L50, M|100/100
|switch|p2a: Gholdengo|Gholdengo, L50|100/100
|switch|p2b: Incineroar|Incineroar, L50, M|100/100
|-ability|p2b: Incineroar|Intimidate|boost
|-unboost|p1a: Dermezel|atk|1
|-unboost|p1b: Rockman.EXE|atk|1
|-fieldstart|move: Psychic Terrain|[from] ability: Psychic Surge|[of] p1a: Dermezel
|turn|1
|
|t:|1757827163
|switch|p2a: Rillaboom|Rillaboom, L50, M|100/100
|-fieldstart|move: Grassy Terrain|[from] ability: Grassy Surge|[of] p2a: Rillaboom
|move|p2b: Incineroar|Fake Out|p1b: Rockman.EXE
|-damage|p1b: Rockman.EXE|90/100
|cant|p1b: Rockman.EXE|flinch
|move|p1a: Dermezel|Trick Room|p1a: Dermezel
|-fieldstart|move: Trick Room|[of] p1a: Dermezel
|
|-heal|p1b: Rockman.EXE|96/100|[from] Grassy Terrain
|upkeep
|turn|2
|
|t:|1757827200
|switch|p1a: Dr. Love|Torkoal, L50, F|100/100
|-weather|SunnyDay|[from] ability: Drought|[of] p1a: Dr. Love
|-terastallize|p1b: Rockman.EXE|Grass
|move|p2a: Rillaboom|Fake Out|p1b: Rockman.EXE
|-damage|p1b: Rockman.EXE|84/100
|cant|p1b: Rockman.EXE|flinch
|move|p2b: Incineroar|Knock Off|p1b: Rockman.EXE
|-damage|p1b: Rockman.EXE|47/100
|-enditem|p1b: Rockman.EXE|Power Herb|[from] move: Knock Off|[of] p2b: Incineroar
|
|-weather|SunnyDay|[upkeep]
|-heal|p1b: Rockman.EXE|53/100|[from] Grassy Terrain
|upkeep
|turn|3
|
|t:|1757827222
|switch|p1b: Kingambit|Kingambit, L50, F|100/100
|-terastallize|p2a: Rillaboom|Fire
|move|p1a: Dr. Love|Eruption|p2b: Incineroar|[spread] p2a,p2b
|-resisted|p2a: Rillaboom
|-resisted|p2b: Incineroar
|-damage|p2a: Rillaboom|65/100
|-damage|p2b: Incineroar|62/100
|move|p2b: Incineroar|Parting Shot|p1a: Dr. Love
|-unboost|p1a: Dr. Love|atk|1
|-unboost|p1a: Dr. Love|spa|1
|
|t:|1757827237
|switch|p2b: Dragonite|Dragonite, L50, F|100/100|[from] Parting Shot
|move|p2a: Rillaboom|High Horsepower|p1a: Dr. Love
|-supereffective|p1a: Dr. Love
|-damage|p1a: Dr. Love|58/100
|
|-weather|SunnyDay|[upkeep]
|-heal|p1a: Dr. Love|64/100|[from] Grassy Terrain
|-heal|p2a: Rillaboom|71/100|[from] Grassy Terrain
|upkeep
|turn|4
|
|t:|1757827262
|switch|p1a: Dermezel|Indeedee-F, L50, F|100/100
|-fieldstart|move: Psychic Terrain|[from] ability: Psychic Surge|[of] p1a: Dermezel
|move|p1b: Kingambit|Swords Dance|p1b: Kingambit
|-boost|p1b: Kingambit|atk|2
|move|p2b: Dragonite|Stomping Tantrum|p1a: Dermezel
|-damage|p1a: Dermezel|73/100
|move|p2a: Rillaboom|High Horsepower|p1a: Dermezel
|-damage|p1a: Dermezel|46/100
|
|-weather|SunnyDay|[upkeep]
|upkeep
|turn|5
|
|t:|1757827292
|switch|p2a: Incineroar|Incineroar, L50, M|62/100
|-ability|p2a: Incineroar|Intimidate|boost
|-unboost|p1a: Dermezel|atk|1
|-unboost|p1b: Kingambit|atk|1
|-ability|p1b: Kingambit|Defiant|boost
|-boost|p1b: Kingambit|atk|2
|move|p2b: Dragonite|Protect|p2b: Dragonite
|-singleturn|p2b: Dragonite|Protect
|move|p1a: Dermezel|Follow Me|p1a: Dermezel
|-singleturn|p1a: Dermezel|move: Follow Me
|move|p1b: Kingambit|Kowtow Cleave|p2a: Incineroar
|-resisted|p2a: Incineroar
|-damage|p2a: Incineroar|0 fnt
|faint|p2a: Incineroar
|
|-weather|SunnyDay|[upkeep]
|-fieldend|move: Trick Room
|upkeep
|
|t:|1757827295
|switch|p2a: Rillaboom|Rillaboom, L50, M, tera:Fire|71/100
|-fieldstart|move: Grassy Terrain|[from] ability: Grassy Surge|[of] p2a: Rillaboom
|turn|6
|
|t:|1757827318
|move|p1b: Kingambit|Protect|p1b: Kingambit
|-singleturn|p1b: Kingambit|Protect
|move|p2a: Rillaboom|Fake Out|p1b: Kingambit
|-activate|p1b: Kingambit|move: Protect
|move|p2b: Dragonite|Scale Shot|p1a: Dermezel
|-damage|p1a: Dermezel|30/100
|-damage|p1a: Dermezel|16/100
|-damage|p1a: Dermezel|2/100
|-damage|p1a: Dermezel|0 fnt
|faint|p1a: Dermezel
|-hitcount|p1: Dermezel|4
|-unboost|p2b: Dragonite|def|1
|-boost|p2b: Dragonite|spe|1
|
|-weather|none
|-heal|p2a: Rillaboom|77/100|[from] Grassy Terrain
|upkeep
|
|t:|1757827348
|switch|p1a: Rockman.EXE|Armarouge, L50, M, tera:Grass|53/100
|turn|7
|
|t:|1757827359
|switch|p1a: Dr. Love|Torkoal, L50, F|64/100
|-weather|SunnyDay|[from] ability: Drought|[of] p1a: Dr. Love
|move|p2b: Dragonite|Scale Shot|p1a: Dr. Love
|-damage|p1a: Dr. Love|53/100
|-damage|p1a: Dr. Love|42/100
|-damage|p1a: Dr. Love|32/100
|-damage|p1a: Dr. Love|21/100
|-hitcount|p1a: Dr. Love|4
|-unboost|p2b: Dragonite|def|1
|-boost|p2b: Dragonite|spe|1
|move|p2a: Rillaboom|High Horsepower|p1b: Kingambit
|-supereffective|p1b: Kingambit
|-damage|p1b: Kingambit|55/100
|move|p1b: Kingambit|Kowtow Cleave|p2b: Dragonite
|-damage|p2b: Dragonite|0 fnt
|faint|p2b: Dragonite
|
|-weather|SunnyDay|[upkeep]
|-heal|p2a: Rillaboom|83/100|[from] Grassy Terrain
|-heal|p1b: Kingambit|61/100|[from] Grassy Terrain
|-heal|p1a: Dr. Love|27/100|[from] Grassy Terrain
|upkeep
|
|t:|1757827363
|switch|p2b: Gholdengo|Gholdengo, L50|100/100
|turn|8
|
|t:|1757827405
|switch|p1a: Rockman.EXE|Armarouge, L50, M, tera:Grass|53/100
|move|p2a: Rillaboom|High Horsepower|p1b: Kingambit
|-supereffective|p1b: Kingambit
|-damage|p1b: Kingambit|15/100
|move|p2b: Gholdengo|Make It Rain|p1b: Kingambit|[spread] p1a,p1b
|-resisted|p1b: Kingambit
|-damage|p1a: Rockman.EXE|0 fnt
|-damage|p1b: Kingambit|0 fnt
|-unboost|p2b: Gholdengo|spa|1
|faint|p1a: Rockman.EXE
|faint|p1b: Kingambit
|-damage|p2b: Gholdengo|91/100|[from] item: Life Orb
|
|-weather|SunnyDay|[upkeep]
|-heal|p2a: Rillaboom|89/100|[from] Grassy Terrain
|-heal|p2b: Gholdengo|97/100|[from] Grassy Terrain
|upkeep
|-message|Trestkon forfeited.
|
|win|furretusedpunch
