|j|☆Potyxxx30
|j|☆bartcr0987
|html|Potyxxx30bartcr0987    
|uhtml|bestof|Game 2 of a best-of-3
|t:|1783623115
|gametype|doubles
|player|p1|Potyxxx30|266|
|player|p2|bartcr0987|1|
|gen|9
|tier|[Gen 9 Champions] VGC 2026 Reg M-B (Bo3)
|rule|Species Clause: Limit one of each Pokémon
|rule|Item Clause: Limit 1 of each item
|clearpoke
|poke|p1|Raichu, L50, F|
|poke|p1|Mamoswine, L50, M|
|poke|p1|Sylveon, L50, F|
|poke|p1|Corviknight, L50, F|
|poke|p1|Basculegion, L50, M|
|poke|p1|Tyranitar, L50, M|
|poke|p2|Charizard, L50, M, shiny|
|poke|p2|Sneasler, L50, M, shiny|
|poke|p2|Floette-Eternal, L50, F|
|poke|p2|Kingambit, L50, F, shiny|
|poke|p2|Basculegion, L50, M|
|poke|p2|Farigiraf, L50, F|
|teampreview|4
|showteam|p1|Raichu||RaichuniteY|LightningRod|ZapCannon,FocusBlast,FakeOut,Protect|Timid||F|||50|]Mamoswine||LifeOrb|Oblivious|HighHorsepower,IcicleCrash,IceShard,Protect|Adamant||M|||50|]Sylveon||FairyFeather|Pixilate|QuickAttack,Protect,HyperVoice,Yawn|Modest||F|||50|]Corviknight||Leftovers|MirrorArmor|IronHead,BraveBird,Tailwind,Protect|Careful||F|||50|]Basculegion||MysticWater|Adaptability|LastRespects,WaveCrash,AquaJet,Protect|Adamant||M|||50|]Tyranitar||FocusSash|SandStream|RockSlide,Protect,KnockOff,Superpower|Adamant||M|||50|
|showteam|p2|Charizard||CharizarditeY|SolarPower|HeatWave,SolarBeam,WeatherBall,Protect|Timid||M|||50|]Sneasler||FocusSash|PoisonTouch|DireClaw,CloseCombat,Protect,FakeOut|Jolly||M|||50|]Floette-Eternal||Floettite|FlowerVeil|Moonblast,DazzlingGleam,LightofRuin,Protect|Modest||F|||50|]Kingambit||BlackGlasses|Defiant|KowtowCleave,SuckerPunch,SwordsDance,Protect|Adamant||F|||50|]Basculegion||ChoiceScarf|Adaptability|LastRespects,WaveCrash,AquaJet,FlipTurn|Jolly||M|||50|]Farigiraf||SitrusBerry|ArmorTail|TrickRoom,FoulPlay,Psychic,RainDance|Bold||F|||50|
|inactive|Battle timer is ON: inactive players will automatically lose when time's up. (requested by Potyxxx30)
|
|t:|1783623130
|teamsize|p1|4
|teamsize|p2|4
|start
|switch|p1a: Raichu|Raichu, L50, F|100/100
|switch|p1b: Mamoswine|Mamoswine, L50, M|100/100
|switch|p2a: Sneasler|Sneasler, L50, M, shiny|100/100
|switch|p2b: Kingambit|Kingambit, L50, F, shiny|100/100
|turn|1
|
|t:|1783623151
|detailschange|p1a: Raichu|Raichu-Mega-Y, L50, F
|-mega|p1a: Raichu|Raichu|Raichunite Y
|move|p2b: Kingambit|Protect|p2b: Kingambit
|-singleturn|p2b: Kingambit|Protect
|move|p1a: Raichu|Focus Blast|p2b: Kingambit
|-activate|p2b: Kingambit|move: Protect
|move|p2a: Sneasler|Close Combat|p1a: Raichu
|-damage|p1a: Raichu|0 fnt
|-unboost|p2a: Sneasler|def|1
|-unboost|p2a: Sneasler|spd|1
|faint|p1a: Raichu
|move|p1b: Mamoswine|High Horsepower|p2a: Sneasler
|-supereffective|p2a: Sneasler|1
|-enditem|p2a: Sneasler|Focus Sash
|-damage|p2a: Sneasler|1/100
|-damage|p1b: Mamoswine|90/100|[from] item: Life Orb
|
|upkeep
|
|t:|1783623168
|switch|p1a: Tyranitar|Tyranitar, L50, M|100/100
|-weather|Sandstorm|[from] ability: Sand Stream|[of] p1a: Tyranitar
|turn|2
|
|t:|1783623181
|move|p1b: Mamoswine|Ice Shard|p2a: Sneasler
|-damage|p2a: Sneasler|0 fnt
|faint|p2a: Sneasler
|-damage|p1b: Mamoswine|80/100|[from] item: Life Orb
|move|p1a: Tyranitar|Superpower|p2b: Kingambit
|-supereffective|p2b: Kingambit|2
|-damage|p2b: Kingambit|0 fnt
|-unboost|p1a: Tyranitar|atk|1
|-unboost|p1a: Tyranitar|def|1
|faint|p2b: Kingambit
|
|-weather|Sandstorm|[upkeep]
|upkeep
|
|t:|1783623185
|switch|p2a: Charizard|Charizard, L50, M, shiny|100/100
|switch|p2b: Oscar|Basculegion, L50, M|100/100
|turn|3
|inactive|Potyxxx30 has 30 seconds left.
|inactive|bartcr0987 has 30 seconds left.
|inactive|Potyxxx30 has 20 seconds left.
|inactive|bartcr0987 has 20 seconds left.
|inactive|bartcr0987 has 15 seconds left.
|inactive|bartcr0987 has 10 seconds left.
|
|t:|1783623233
|switch|p1a: Corviknight|Corviknight, L50, F|100/100
|detailschange|p2a: Charizard|Charizard-Mega-Y, L50, M, shiny
|-mega|p2a: Charizard|Charizard|Charizardite Y
|-weather|SunnyDay|[from] ability: Drought|[of] p2a: Charizard
|move|p1b: Mamoswine|Ice Shard|p2a: Charizard
|-damage|p2a: Charizard|55/100
|-damage|p1b: Mamoswine|71/100|[from] item: Life Orb
|move|p2b: Oscar|Wave Crash|p1a: Corviknight
|-damage|p1a: Corviknight|71/100
|-damage|p2b: Oscar|90/100|[from] Recoil
|move|p2a: Charizard|Heat Wave|p1a: Corviknight|[spread] p1a,p1b
|-supereffective|p1a: Corviknight|1
|-supereffective|p1b: Mamoswine|1
|-damage|p1a: Corviknight|0 fnt
|-damage|p1b: Mamoswine|0 fnt
|faint|p1a: Corviknight
|faint|p1b: Mamoswine
|
|-weather|SunnyDay|[upkeep]
|upkeep
|
|t:|1783623251
|switch|p1b: Tyranitar|Tyranitar, L50, M|100/100
|-weather|Sandstorm|[from] ability: Sand Stream|[of] p1b: Tyranitar
|turn|4
|
|t:|1783623264
|move|p2a: Charizard|Protect|p2a: Charizard
|-singleturn|p2a: Charizard|Protect
|move|p2b: Oscar|Wave Crash|p1b: Tyranitar
|-supereffective|p1b: Tyranitar|1
|-enditem|p1b: Tyranitar|Focus Sash
|-damage|p1b: Tyranitar|1/100
|-damage|p2b: Oscar|61/100|[from] Recoil
|move|p1b: Tyranitar|Rock Slide|p2a: Charizard|[spread] p2b
|-activate|p2a: Charizard|move: Protect
|-damage|p2b: Oscar|16/100
|
|-weather|Sandstorm|[upkeep]
|-damage|p2b: Oscar|10/100|[from] Sandstorm
|-damage|p2a: Charizard|50/100y|[from] Sandstorm
|upkeep
|turn|5
|
|t:|1783623278
|move|p1b: Tyranitar|Protect|p1b: Tyranitar
|-singleturn|p1b: Tyranitar|Protect
|move|p2b: Oscar|Wave Crash|p1b: Tyranitar
|-activate|p1b: Tyranitar|move: Protect
|move|p2a: Charizard|Weather Ball|p1b: Tyranitar
|-activate|p1b: Tyranitar|move: Protect
|
|-weather|Sandstorm|[upkeep]
|-damage|p2b: Oscar|4/100|[from] Sandstorm
|-damage|p2a: Charizard|44/100|[from] Sandstorm
|upkeep
|turn|6
|
|t:|1783623291
|move|p2b: Oscar|Wave Crash|p1b: Tyranitar
|-supereffective|p1b: Tyranitar|1
|-damage|p1b: Tyranitar|0 fnt
|faint|p1b: Tyranitar
|-damage|p2b: Oscar|4/100|[from] Recoil
|
|win|bartcr0987
||bartcr0987 is ready for game 3.
||Potyxxx30 is ready for game 3.
|uhtml|next|Next: Game 3 of 3
