|j|☆ultraclaw1
|j|☆failandimprove3
|html|ultraclaw1failandimprove3    
|uhtml|bestof|Game 1 of a best-of-3
|t:|1784025394
|gametype|doubles
|player|p1|ultraclaw1|brycenman|1426
|player|p2|failandimprove3|2|1417
|gen|9
|tier|[Gen 9 Champions] VGC 2026 Reg M-B (Bo3)
|rated|
|rule|Species Clause: Limit one of each Pokémon
|rule|Item Clause: Limit 1 of each item
|clearpoke
|poke|p1|Maushold, L50|
|poke|p1|Kingambit, L50, F|
|poke|p1|Garchomp, L50, M|
|poke|p1|Basculegion, L50, M|
|poke|p1|Talonflame, L50, F|
|poke|p1|Floette-Eternal, L50, F|
|poke|p2|Charizard, L50, M|
|poke|p2|Floette-Eternal, L50, F|
|poke|p2|Garchomp, L50, F|
|poke|p2|Kingambit, L50, M|
|poke|p2|Basculegion, L50, M|
|poke|p2|Whimsicott, L50, F|
|teampreview|4
|showteam|p1|Maushold||FocusSash|FriendGuard|SuperFang,Feint,FollowMe,Protect|Timid|||||50|]Kingambit||ChopleBerry|Defiant|KowtowCleave,SuckerPunch,LowKick,IronHead|Adamant||F|||50|]Garchomp||LifeOrb|RoughSkin|RockSlide,Earthquake,DragonClaw,Protect|Jolly||M|||50|]Basculegion||MysticWater|Adaptability|WaveCrash,LastRespects,AquaJet,Protect|Adamant||M|||50|]Talonflame||SharpBeak|GaleWings|QuickGuard,DualWingbeat,Tailwind,Protect|Jolly||F|||50|]Floette-Eternal||Floettite|FlowerVeil|LightofRuin,Protect,Moonblast,DazzlingGleam|Modest||F|||50|
|showteam|p2|Charizard||CharizarditeY|Blaze|HeatWave,WeatherBall,SolarBeam,Protect|Modest||M|||50|]Floette-Eternal||Floettite|FlowerVeil|Moonblast,DazzlingGleam,LightofRuin,Protect|Timid||F|||50|]Garchomp||LifeOrb|RoughSkin|Earthquake,DragonClaw,RockSlide,Protect|Jolly||F|||50|]Kingambit||OccaBerry|Defiant|KowtowCleave,SuckerPunch,IronHead,LowKick|Adamant||M|||50|]Basculegion||MysticWater|Adaptability|WaveCrash,LastRespects,AquaJet,Protect|Adamant||M|||50|]Whimsicott||FocusSash|Prankster|Moonblast,Tailwind,Encore,Protect|Timid||F|||50|
|inactive|Battle timer is ON: inactive players will automatically lose when time's up. (requested by failandimprove3)
|inactive|ultraclaw1 also wants the timer to be on.
|inactive|ultraclaw1 has 60 seconds left.
|inactive|failandimprove3 has 60 seconds left.
|inactive|failandimprove3 has 30 seconds left.
|inactive|failandimprove3 has 20 seconds left.
|inactive|failandimprove3 has 15 seconds left.
|
|t:|1784025472
|teamsize|p1|4
|teamsize|p2|4
|start
|switch|p1a: Garchomp|Garchomp, L50, M|100/100
|switch|p1b: Talonflame|Talonflame, L50, F|100/100
|switch|p2a: Basculegion|Basculegion, L50, M|100/100
|switch|p2b: Whimsicott|Whimsicott, L50, F|100/100
|turn|1
|inactive|failandimprove3 has 30 seconds left.
|
|t:|1784025498
|switch|p2b: Garchomp|Garchomp, L50, F|100/100
|move|p1b: Talonflame|Dual Wingbeat|p2b: Garchomp
|-damage|p2b: Garchomp|80/100
|-damage|p1b: Talonflame|87/100|[from] ability: Rough Skin|[of] p2b: Garchomp
|-damage|p2b: Garchomp|62/100
|-damage|p1b: Talonflame|75/100|[from] ability: Rough Skin|[of] p2b: Garchomp
|-hitcount|p2b: Garchomp|2
|move|p1a: Garchomp|Earthquake|p2b: Garchomp|[spread] p2a,p2b
|-immune|p1b: Talonflame
|-damage|p2a: Basculegion|50/100g
|-damage|p2b: Garchomp|14/100
|-damage|p1a: Garchomp|90/100|[from] item: Life Orb
|move|p2a: Basculegion|Wave Crash|p1a: Garchomp
|-damage|p1a: Garchomp|0 fnt
|-damage|p2a: Basculegion|38/100|[from] ability: Rough Skin|[of] p1a: Garchomp
|faint|p1a: Garchomp
|-damage|p2a: Basculegion|10/100|[from] Recoil
|
|upkeep
|
|t:|1784025505
|switch|p1a: Floette|Floette-Eternal, L50, F|100/100
|turn|2
|inactive|failandimprove3 has 30 seconds left.
|inactive|failandimprove3 has 20 seconds left.
|inactive|failandimprove3 has 15 seconds left.
|inactive|failandimprove3 has 10 seconds left.
|
|t:|1784025554
|detailschange|p1a: Floette|Floette-Mega, L50, F
|-mega|p1a: Floette|Floette|Floettite
|-ability|p1a: Floette|Fairy Aura
|move|p2b: Garchomp|Protect|p2b: Garchomp
|-singleturn|p2b: Garchomp|Protect
|move|p2a: Basculegion|Aqua Jet|p1b: Talonflame
|-supereffective|p1b: Talonflame|1
|-damage|p1b: Talonflame|0 fnt
|faint|p1b: Talonflame
|move|p1a: Floette|Dazzling Gleam|p2b: Garchomp|[spread] p2a
|-activate|p2b: Garchomp|move: Protect
|-damage|p2a: Basculegion|0 fnt
|faint|p2a: Basculegion
|
|upkeep
|
|t:|1784025562
|switch|p1b: Basculegion|Basculegion, L50, M|100/100
|switch|p2a: Whimsicott|Whimsicott, L50, F|100/100
|turn|3
|
|t:|1784025571
|move|p2a: Whimsicott|Protect|p2a: Whimsicott
|-singleturn|p2a: Whimsicott|Protect
|move|p2b: Garchomp|Earthquake|p1b: Basculegion|[spread] p1a,p1b
|-activate|p2a: Whimsicott|move: Protect
|-damage|p1a: Floette|29/100
|-damage|p1b: Basculegion|42/100
|-damage|p2b: Garchomp|4/100|[from] item: Life Orb
|move|p1a: Floette|Dazzling Gleam|p2a: Whimsicott|[spread] p2b
|-activate|p2a: Whimsicott|move: Protect
|-supereffective|p2b: Garchomp|1
|-damage|p2b: Garchomp|0 fnt
|faint|p2b: Garchomp
|move|p1b: Basculegion|Last Respects|p2a: Whimsicott
|-activate|p2a: Whimsicott|move: Protect
|
|upkeep
|
|t:|1784025579
|switch|p2b: Charizard|Charizard, L50, M|100/100
|turn|4
|
|t:|1784025590
|detailschange|p2b: Charizard|Charizard-Mega-Y, L50, M
|-mega|p2b: Charizard|Charizard|Charizardite Y
|-weather|SunnyDay|[from] ability: Drought|[of] p2b: Charizard
|move|p1a: Floette|Protect|p1a: Floette
|-singleturn|p1a: Floette|Protect
|move|p2a: Whimsicott|Moonblast|p1a: Floette
|-activate|p1a: Floette|move: Protect
|move|p2b: Charizard|Solar Beam||[still]
|-prepare|p2b: Charizard|Solar Beam
|-anim|p2b: Charizard|Solar Beam|p1b: Basculegion
|-supereffective|p1b: Basculegion|1
|-damage|p1b: Basculegion|0 fnt
|faint|p1b: Basculegion
|
|-weather|SunnyDay|[upkeep]
|upkeep
|turn|5
|-message|ultraclaw1 forfeited.
|
|win|failandimprove3
