|j|☆DrinksPhatetic
|j|☆ursear_vgc
|html|DrinksPhateticursear_vgc    
|uhtml|bestof|Game 2 of a best-of-3
|t:|1784365803
|gametype|doubles
|player|p1|DrinksPhatetic|acetrainer-gen4dp|1078
|player|p2|ursear_vgc|giovanni|1156
|gen|9
|tier|[Gen 9 Champions] VGC 2026 Reg M-B (Bo3)
|rated|
|rule|Species Clause: Limit one of each Pokémon
|rule|Item Clause: Limit 1 of each item
|clearpoke
|poke|p1|Venusaur, L50, M|
|poke|p1|Milotic, L50, F|
|poke|p1|Sableye, L50, M|
|poke|p1|Sylveon, L50, F|
|poke|p1|Kleavor, L50, M|
|poke|p1|Hydreigon, L50, M|
|poke|p2|Charizard, L50, M|
|poke|p2|Farigiraf, L50, F|
|poke|p2|Venusaur, L50, M|
|poke|p2|Garchomp, L50, F|
|poke|p2|Incineroar, L50, M|
|poke|p2|Sylveon, L50, M|
|teampreview|4
|showteam|p1|Venusaur||Venusaurite|Chlorophyll|EarthPower,GigaDrain,SludgeBomb,Protect|Modest||M|||50|]Milotic||Leftovers|Competitive|Protect,Scald,IceBeam,Recover|Bold||F|||50|]Sableye||LightClay|Prankster|Disable,FakeOut,Reflect,LightScreen|Calm||M|||50|]Sylveon||FairyFeather|Pixilate|HyperBeam,QuickAttack,HyperVoice,Protect|Modest||F|||50|]Kleavor||FocusSash|Sharpness|StoneAxe,XScissor,Tailwind,Protect|Jolly||M|||50|]Hydreigon||ChoiceScarf|Levitate|DragonPulse,DarkPulse,HeatWave,FlashCannon|Modest||M|||50|
|showteam|p2|Charizard||CharizarditeY|Blaze|HeatWave,WeatherBall,SolarBeam,Protect|Modest||M|||50|]Farigiraf||ColburBerry|ArmorTail|Psychic,Thunderbolt,HelpingHand,TrickRoom|Bold||F|||50|]Venusaur||FocusSash|Chlorophyll|LeafStorm,SludgeBomb,SleepPowder,Protect|Modest||M|||50|]Garchomp||LifeOrb|RoughSkin|RockSlide,DragonClaw,Earthquake,Protect|Jolly||F|||50|]Incineroar||SitrusBerry|Intimidate|FlareBlitz,DarkestLariat,PartingShot,FakeOut|Impish||M|||50|]Sylveon||FairyFeather|Pixilate|HyperVoice,HyperBeam,QuickAttack,Protect|Modest||M|||50|
|
|t:|1784365834
|teamsize|p1|4
|teamsize|p2|4
|start
|switch|p1a: Kleavor|Kleavor, L50, M|100/100
|switch|p1b: Milotic|Milotic, L50, F|100/100
|switch|p2a: Charizard|Charizard, L50, M|100/100
|switch|p2b: Venusaur|Venusaur, L50, M|100/100
|turn|1
|inactive|Battle timer is ON: inactive players will automatically lose when time's up. (requested by ursear_vgc)
|
|t:|1784365863
|switch|p1b: Sableye|Sableye, L50, M|100/100
|detailschange|p2a: Charizard|Charizard-Mega-Y, L50, M
|-mega|p2a: Charizard|Charizard|Charizardite Y
|-weather|SunnyDay|[from] ability: Drought|[of] p2a: Charizard
|move|p2b: Venusaur|Sleep Powder|p1a: Kleavor
|-status|p1a: Kleavor|slp|[from] move: Sleep Powder
|cant|p1a: Kleavor|slp
|move|p2a: Charizard|Solar Beam||[still]
|-prepare|p2a: Charizard|Solar Beam
|-anim|p2a: Charizard|Solar Beam|p1b: Sableye
|-damage|p1b: Sableye|45/100
|
|-weather|SunnyDay|[upkeep]
|upkeep
|turn|2
|inactive|ursear_vgc has 30 seconds left.
|inactive|ursear_vgc has 20 seconds left.
|
|t:|1784365903
|move|p1b: Sableye|Disable|p2b: Venusaur
|-start|p2b: Venusaur|Disable|Sleep Powder
|move|p2b: Venusaur|Leaf Storm|p1b: Sableye
|-damage|p1b: Sableye|0 fnt
|-unboost|p2b: Venusaur|spa|2
|faint|p1b: Sableye
|-curestatus|p1a: Kleavor|slp|[msg]
|move|p1a: Kleavor|Stone Axe|p2a: Charizard
|-supereffective|p2a: Charizard|2
|-damage|p2a: Charizard|0 fnt
|-sidestart|p2: ursear_vgc|move: Stealth Rock
|faint|p2a: Charizard
|
|-weather|SunnyDay|[upkeep]
|upkeep
|
|t:|1784365923
|switch|p2a: Sylveon|Sylveon, L50, M|100/100
|switch|p1b: Venusaur|Venusaur, L50, M|100/100
|-damage|p2a: Sylveon|87/100|[from] Stealth Rock
|turn|3
|inactive|ursear_vgc has 30 seconds left.
|
|t:|1784365953
|detailschange|p1b: Venusaur|Venusaur-Mega, L50, M
|-mega|p1b: Venusaur|Venusaur|Venusaurite
|move|p1a: Kleavor|Protect|p1a: Kleavor
|-singleturn|p1a: Kleavor|Protect
|move|p2b: Venusaur|Sludge Bomb|p1b: Venusaur
|-damage|p1b: Venusaur|80/100
|move|p1b: Venusaur|Sludge Bomb|p2a: Sylveon
|-supereffective|p2a: Sylveon|1
|-crit|p2a: Sylveon
|-damage|p2a: Sylveon|0 fnt
|faint|p2a: Sylveon
|
|-weather|SunnyDay|[upkeep]
|upkeep
|
|t:|1784365965
|switch|p2a: Garchomp|Garchomp, L50, F|100/100
|-damage|p2a: Garchomp|94/100|[from] Stealth Rock
|turn|4
|
|t:|1784365977
|move|p2b: Venusaur|Protect|p2b: Venusaur
|-singleturn|p2b: Venusaur|Protect
|move|p2a: Garchomp|Earthquake|p1a: Kleavor|[spread] p1a,p1b
|-activate|p2b: Venusaur|move: Protect
|-crit|p1a: Kleavor
|-enditem|p1a: Kleavor|Focus Sash
|-damage|p1a: Kleavor|1/100
|-damage|p1b: Venusaur|39/100
|-damage|p2a: Garchomp|84/100|[from] item: Life Orb
|move|p1a: Kleavor|X-Scissor|p2b: Venusaur
|-activate|p2b: Venusaur|move: Protect
|move|p1b: Venusaur|Giga Drain|p2a: Garchomp
|-damage|p2a: Garchomp|35/100
|-heal|p1b: Venusaur|65/100|[from] drain|[of] p2a: Garchomp
|
|-weather|SunnyDay|[upkeep]
|upkeep
|turn|5
|
|t:|1784366001
|move|p1a: Kleavor|Protect|p1a: Kleavor
|-singleturn|p1a: Kleavor|Protect
|move|p1b: Venusaur|Protect|p1b: Venusaur
|-singleturn|p1b: Venusaur|Protect
|move|p2b: Venusaur|Sludge Bomb|p1b: Venusaur
|-activate|p1b: Venusaur|move: Protect
|move|p2a: Garchomp|Earthquake|p1a: Kleavor|[spread] p2b
|-activate|p1a: Kleavor|move: Protect
|-activate|p1b: Venusaur|move: Protect
|-damage|p2b: Venusaur|36/100
|-damage|p2a: Garchomp|25/100|[from] item: Life Orb
|
|-weather|none
|-end|p2b: Venusaur|Disable
|upkeep
|turn|6
|inactive|ursear_vgc has 30 seconds left.
|
|t:|1784366027
|switch|p1a: Milotic|Milotic, L50, F|100/100
|move|p2b: Venusaur|Protect|p2b: Venusaur
|-singleturn|p2b: Venusaur|Protect
|move|p2a: Garchomp|Earthquake|p1a: Milotic|[spread] p1a,p1b
|-activate|p2b: Venusaur|move: Protect
|-damage|p1a: Milotic|63/100
|-damage|p1b: Venusaur|24/100
|-damage|p2a: Garchomp|16/100|[from] item: Life Orb
|move|p1b: Venusaur|Giga Drain|p2a: Garchomp
|-damage|p2a: Garchomp|0 fnt
|-heal|p1b: Venusaur|32/100|[from] drain|[of] p2a: Garchomp
|faint|p2a: Garchomp
|
|-heal|p1a: Milotic|70/100|[from] item: Leftovers
|upkeep
|turn|7
|
|t:|1784366043
|move|p2b: Venusaur|Leaf Storm|p1a: Milotic
|-supereffective|p1a: Milotic|1
|-damage|p1a: Milotic|20/100y
|-unboost|p2b: Venusaur|spa|2
|move|p1b: Venusaur|Sludge Bomb|p2b: Venusaur
|-damage|p2b: Venusaur|0 fnt
|faint|p2b: Venusaur
|
|win|DrinksPhatetic
||DrinksPhatetic is ready for game 3.
|inactive|ursear_vgc has 30 seconds to confirm battle start!
||ursear_vgc is ready for game 3.
|uhtml|next|Next: Game 3 of 3
|l|☆DrinksPhatetic
|player|p1|
