|j|☆Fell Blue
|j|☆moreduck
|html|Fell Bluemoreduck    
|uhtml|bestof|Game 2 of a best-of-3
|t:|1782434273
|gametype|doubles
|player|p1|Fell Blue|gwynn|
|player|p2|moreduck|169|
|gen|9
|tier|[Gen 9 Champions] VGC 2026 Reg M-B (Bo3)
|rule|Species Clause: Limit one of each Pokémon
|rule|Item Clause: Limit 1 of each item
|clearpoke
|poke|p1|Mawile, L50, F|
|poke|p1|Gyarados, L50, M|
|poke|p1|Farigiraf, L50, F|
|poke|p1|Torkoal, L50, M|
|poke|p1|Kangaskhan, L50, F|
|poke|p1|Basculegion, L50, M|
|poke|p2|Palafin, L50, M|
|poke|p2|Espathra, L50, M|
|poke|p2|Primarina, L50, M|
|poke|p2|Sinistcha, L50|
|poke|p2|Eelektross, L50, F|
|poke|p2|Hydreigon, L50, M|
|teampreview|4
|showteam|p1|Mawile||Mawilite|HyperCutter|PlayRough,SuckerPunch,Protect,IronHead|Adamant||F|||50|]Gyarados||ExpertBelt|Intimidate|PowerWhip,IceFang,Protect,StoneEdge|Adamant||M|||50|]Farigiraf||SitrusBerry|ArmorTail|HelpingHand,PsychicFangs,TrickRoom,Protect|Adamant||F|||50|]Torkoal||Charcoal|Drought|Eruption,WeatherBall,Protect,HeatWave|Quiet||M|||50|]Kangaskhan||SilkScarf|Scrappy|FakeOut,LastResort|Brave||F|||50|]Basculegion||FocusSash|Adaptability|AquaJet,Protect,LastRespects,Liquidation|Adamant||M|||50|
|showteam|p2|Palafin||MysticWater|ZerotoHero|WaveCrash,DrainPunch,JetPunch,Protect|Adamant||M|||50|]Espathra||SitrusBerry|SpeedBoost|LuminaCrash,Protect,CalmMind,BatonPass|Timid||M|||50|]Primarina||Leftovers|LiquidVoice|Protect,CalmMind,Moonblast,HyperVoice|Modest||M|||50|]Sinistcha||CobaBerry|Hospitality|MatchaGotcha,LifeDew,RagePowder,Protect|Bold|||||50|]Eelektross||Eelektrossite|Levitate|GigaDrain,Thunderbolt,Flamethrower,Protect|Modest||F|||50|]Hydreigon||ChoiceScarf|Levitate|DarkPulse,EarthPower,DracoMeteor,Snarl|Modest||M|||50|
|inactive|Battle timer is ON: inactive players will automatically lose when time's up. (requested by moreduck)
|
|t:|1782434285
|teamsize|p1|4
|teamsize|p2|4
|start
|switch|p1a: Farigiraf|Farigiraf, L50, F|100/100
|switch|p1b: child services|Kangaskhan, L50, F|100/100
|switch|p2a: mermaid|Primarina, L50, M|100/100
|switch|p2b: draco meteor|Hydreigon, L50, M|100/100
|turn|1
|
|t:|1782434294
|switch|p2b: please dont die|Eelektross, L50, F|100/100
|move|p1b: child services|Fake Out|p2b: please dont die
|-damage|p2b: please dont die|72/100
|move|p2a: mermaid|Calm Mind|p2a: mermaid
|-boost|p2a: mermaid|spa|1
|-boost|p2a: mermaid|spd|1
|move|p1a: Farigiraf|Trick Room|p1a: Farigiraf
|-fieldstart|move: Trick Room|[of] p1a: Farigiraf
|
|upkeep
|turn|2
|inactive|moreduck has 30 seconds left.
|inactive|Fell Blue has 30 seconds left.
|inactive|moreduck has 20 seconds left.
|
|t:|1782434330
|detailschange|p2b: please dont die|Eelektross-Mega, L50, F
|-mega|p2b: please dont die|Eelektross|Eelektrossite
|move|p1a: Farigiraf|Helping Hand|p1b: child services
|-singleturn|p1b: child services|Helping Hand|[of] p1a: Farigiraf
|move|p2b: please dont die|Protect|p2b: please dont die
|-singleturn|p2b: please dont die|Protect
|move|p2a: mermaid|Hyper Voice|p1b: child services|[spread] p1a,p1b
|-damage|p1a: Farigiraf|54/100
|-damage|p1b: child services|54/100
|move|p1b: child services|Last Resort|p2a: mermaid
|-damage|p2a: mermaid|0 fnt
|faint|p2a: mermaid
|
|upkeep
|
|t:|1782434336
|switch|p2a: tea chump|Sinistcha, L50|100/100
|-heal|p2b: please dont die|96/100|[from] ability: Hospitality|[of] p2a: tea chump
|turn|3
|inactive|moreduck has 30 seconds left.
|
|t:|1782434363
|move|p1a: Farigiraf|Helping Hand|p1b: child services
|-singleturn|p1b: child services|Helping Hand|[of] p1a: Farigiraf
|move|p2a: tea chump|Rage Powder|p2a: tea chump
|-singleturn|p2a: tea chump|move: Rage Powder
|move|p1b: child services|Last Resort|p2a: tea chump
|-damage|p2a: tea chump|10/100
|move|p2b: please dont die|Thunderbolt|p1b: child services
|-damage|p1b: child services|0 fnt
|faint|p1b: child services
|-ability|p2b: please dont die|Eelevate|boost
|-boost|p2b: please dont die|spa|1
|
|upkeep
|
|t:|1782434371
|switch|p1b: i click heatwave|Torkoal, L50, M|100/100
|-weather|SunnyDay|[from] ability: Drought|[of] p1b: i click heatwave
|turn|4
|
|t:|1782434381
|move|p1a: Farigiraf|Helping Hand|p1b: i click heatwave
|-singleturn|p1b: i click heatwave|Helping Hand|[of] p1a: Farigiraf
|move|p2a: tea chump|Protect|p2a: tea chump
|-singleturn|p2a: tea chump|Protect
|move|p2b: please dont die|Protect|p2b: please dont die
|-singleturn|p2b: please dont die|Protect
|move|p1b: i click heatwave|Eruption|p2b: please dont die|[spread] 
|-activate|p2a: tea chump|move: Protect
|-activate|p2b: please dont die|move: Protect
|
|-weather|SunnyDay|[upkeep]
|upkeep
|turn|5
|
|t:|1782434391
|move|p1a: Farigiraf|Helping Hand|p1b: i click heatwave
|-singleturn|p1b: i click heatwave|Helping Hand|[of] p1a: Farigiraf
|move|p2a: tea chump|Protect||[still]
|-fail|p2a: tea chump
|move|p2b: please dont die|Protect|p2b: please dont die
|-singleturn|p2b: please dont die|Protect
|move|p1b: i click heatwave|Eruption|p2b: please dont die|[spread] p2a
|-activate|p2b: please dont die|move: Protect
|-supereffective|p2a: tea chump|1
|-damage|p2a: tea chump|0 fnt
|faint|p2a: tea chump
|
|-weather|SunnyDay|[upkeep]
|-fieldend|move: Trick Room
|upkeep
|
|t:|1782434396
|switch|p2a: draco meteor|Hydreigon, L50, M|100/100
|turn|6
|inactive|moreduck has 30 seconds left.
|
|t:|1782434426
|move|p1a: Farigiraf|Protect|p1a: Farigiraf
|-singleturn|p1a: Farigiraf|Protect
|move|p2a: draco meteor|Earth Power|p1b: i click heatwave
|-supereffective|p1b: i click heatwave|1
|-damage|p1b: i click heatwave|6/100
|move|p2b: please dont die|Thunderbolt|p1b: i click heatwave
|-damage|p1b: i click heatwave|0 fnt
|faint|p1b: i click heatwave
|-ability|p2b: please dont die|Eelevate|boost
|-boost|p2b: please dont die|spa|1
|
|-weather|SunnyDay|[upkeep]
|upkeep
|
|t:|1782434433
|switch|p1b: Veyle|Mawile, L50, F|100/100
|turn|7
|
|t:|1782434457
|detailschange|p1b: Veyle|Mawile-Mega, L50, F
|-mega|p1b: Veyle|Mawile|Mawilite
|move|p1a: Farigiraf|Helping Hand|p1b: Veyle
|-singleturn|p1b: Veyle|Helping Hand|[of] p1a: Farigiraf
|move|p1b: Veyle|Sucker Punch|p2b: please dont die
|-damage|p2b: please dont die|7/100
|move|p2a: draco meteor|Earth Power|p1a: Farigiraf
|-damage|p1a: Farigiraf|21/100
|-enditem|p1a: Farigiraf|Sitrus Berry|[eat]
|-heal|p1a: Farigiraf|46/100|[from] item: Sitrus Berry
|move|p2b: please dont die|Flamethrower|p1a: Farigiraf
|-damage|p1a: Farigiraf|0 fnt
|faint|p1a: Farigiraf
|-ability|p2b: please dont die|Eelevate|boost
|-boost|p2b: please dont die|spa|1
|
|-weather|SunnyDay|[upkeep]
|upkeep
|turn|8
|
|t:|1782434472
|move|p2b: please dont die|Protect|p2b: please dont die
|-singleturn|p2b: please dont die|Protect
|move|p1b: Veyle|Protect|p1b: Veyle
|-singleturn|p1b: Veyle|Protect
|move|p2a: draco meteor|Earth Power|p1b: Veyle
|-activate|p1b: Veyle|move: Protect
|
|-weather|none
|upkeep
|turn|9
|
|t:|1782434481
|move|p2b: please dont die|Protect|p2b: please dont die
|-singleturn|p2b: please dont die|Protect
|move|p2a: draco meteor|Earth Power|p1b: Veyle
|-supereffective|p1b: Veyle|1
|-damage|p1b: Veyle|18/100
|move|p1b: Veyle|Play Rough|p2a: draco meteor
|-supereffective|p2a: draco meteor|2
|-damage|p2a: draco meteor|0 fnt
|faint|p2a: draco meteor
|
|upkeep
|turn|10
|
|t:|1782434502
|move|p2b: please dont die|Protect||[still]
|-fail|p2b: please dont die
|move|p1b: Veyle|Sucker Punch||[still]
|-fail|p1b: Veyle
|
|upkeep
|turn|11
|
|t:|1782434505
|move|p2b: please dont die|Protect|p2b: please dont die
|-singleturn|p2b: please dont die|Protect
|move|p1b: Veyle|Protect||[still]
|-fail|p1b: Veyle
|
|upkeep
|turn|12
|
|t:|1782434509
|move|p2b: please dont die|Protect||[still]
|-fail|p2b: please dont die
|move|p1b: Veyle|Sucker Punch||[still]
|-fail|p1b: Veyle
|
|upkeep
|turn|13
|
|t:|1782434514
|move|p1b: Veyle|Protect|p1b: Veyle
|-singleturn|p1b: Veyle|Protect
|move|p2b: please dont die|Thunderbolt|p1b: Veyle
|-activate|p1b: Veyle|move: Protect
|
|upkeep
|turn|14
|
|t:|1782434519
|move|p1b: Veyle|Sucker Punch|p2b: please dont die
|-damage|p2b: please dont die|0 fnt
|faint|p2b: please dont die
|
|win|Fell Blue
|l|☆moreduck
|player|p2|
|j|☆moreduck
|player|p2|moreduck|169|
