|j|☆TheLeoj
|j|☆GS Barnabe
|html|TheLeojGS Barnabe    
|uhtml|bestof|Game 3 of a best-of-3
|t:|1783988312
|gametype|doubles
|player|p1|TheLeoj|1|
|player|p2|GS Barnabe|barry|
|gen|9
|tier|[Gen 9 Champions] VGC 2026 Reg M-B (Bo3)
|rule|Species Clause: Limit one of each Pokémon
|rule|Item Clause: Limit 1 of each item
|clearpoke
|poke|p1|Politoed, L50, M, shiny|
|poke|p1|Incineroar, L50, M, shiny|
|poke|p1|Gengar, L50, F, shiny|
|poke|p1|Archaludon, L50, F, shiny|
|poke|p1|Swampert, L50, F, shiny|
|poke|p1|Vivillon-Elegant, L50, F, shiny|
|poke|p2|Aerodactyl, L50, M|
|poke|p2|Floette-Eternal, L50, F|
|poke|p2|Tyranitar, L50, F|
|poke|p2|Houndstone, L50, M|
|poke|p2|Decidueye-Hisui, L50, M|
|poke|p2|Metagross, L50|
|teampreview|4
|showteam|p1|Politoed||SitrusBerry|Drizzle|WeatherBall,Encore,PerishSong,Protect|Calm||M|||50|]Incineroar||PasshoBerry|Intimidate|ThroatChop,FakeOut,PartingShot,Protect|Sassy||M|||50|]Gengar||Gengarite|CursedBody|ShadowBall,SludgeBomb,PerishSong,Protect|Timid||F|||50|]Archaludon||Leftovers|Stamina|ElectroShot,FlashCannon,DragonPulse,Protect|Bold||F|||50|]Swampert||Swampertite|Torrent|WaveCrash,Earthquake,IcePunch,Protect|Adamant||F|||50|]Vivillon-Elegant||FocusSash|CompoundEyes|Hurricane,SleepPowder,RagePowder,Protect|Timid||F|||50|
|showteam|p2|Aerodactyl||FocusSash|Unnerve|RockSlide,Tailwind,WideGuard,Protect|Jolly||M|||50|]Floette-Eternal||Floettite|FlowerVeil|LightofRuin,DazzlingGleam,Moonblast,Protect|Modest||F|||50|]Tyranitar||ChoiceScarf|SandStream|RockSlide,KnockOff,HighHorsepower,LowKick|Jolly||F|||50|]Houndstone||SitrusBerry|SandRush|LastRespects,WillOWisp,AllySwitch,Protect|Adamant||M|||50|]Decidueye-Hisui||ScopeLens|Scrappy|LeafBlade,TripleArrows,SuckerPunch,Protect|Adamant||M|||50|]Metagross||Metagrossite|ClearBody|IronHead,PsychicFangs,IcePunch,Protect|Adamant|||||50|
|inactive|Battle timer is ON: inactive players will automatically lose when time's up. (requested by TheLeoj)
|inactive|TheLeoj has 60 seconds left.
|inactive|GS Barnabe has 60 seconds left.
|inactive|GS Barnabe has 30 seconds left.
|inactive|GS Barnabe has 20 seconds left.
|inactive|GS Barnabe has 15 seconds left.
|inactive|GS Barnabe has 10 seconds left.
|
|t:|1783988397
|teamsize|p1|4
|teamsize|p2|4
|start
|switch|p1a: Gengar|Gengar, L50, F, shiny|100/100
|switch|p1b: Vivillon|Vivillon-Elegant, L50, F, shiny|100/100
|switch|p2a: Aerodactyl|Aerodactyl, L50, M|100/100
|switch|p2b: Decidueye|Decidueye-Hisui, L50, M|100/100
|-ability|p2a: Aerodactyl|Unnerve
|turn|1
|
|t:|1783988422
|switch|p2b: Tyranitar|Tyranitar, L50, F|100/100
|-weather|Sandstorm|[from] ability: Sand Stream|[of] p2b: Tyranitar
|detailschange|p1a: Gengar|Gengar-Mega, L50, F, shiny
|-mega|p1a: Gengar|Gengar|Gengarite
|move|p1a: Gengar|Perish Song|p1a: Gengar
|-start|p1a: Gengar|perish3|[silent]
|-start|p1b: Vivillon|perish3|[silent]
|-start|p2a: Aerodactyl|perish3|[silent]
|-start|p2b: Tyranitar|perish3|[silent]
|-fieldactivate|move: Perish Song
|move|p2a: Aerodactyl|Rock Slide|p1b: Vivillon|[spread] p1a,p1b
|-supereffective|p1b: Vivillon|2
|-damage|p1a: Gengar|56/100
|-enditem|p1b: Vivillon|Focus Sash
|-damage|p1b: Vivillon|1/100
|move|p1b: Vivillon|Sleep Powder|p2b: Tyranitar
|-status|p2b: Tyranitar|slp|[from] move: Sleep Powder
|
|-weather|Sandstorm|[upkeep]
|-damage|p1a: Gengar|50/100g|[from] Sandstorm
|-damage|p1b: Vivillon|0 fnt|[from] Sandstorm
|faint|p1b: Vivillon
|-start|p1a: Gengar|perish3
|-start|p2a: Aerodactyl|perish3
|-start|p2b: Tyranitar|perish3
|upkeep
|
|t:|1783988442
|switch|p1b: Politoed|Politoed, L50, M, shiny|100/100
|-weather|RainDance|[from] ability: Drizzle|[of] p1b: Politoed
|turn|2
|
|t:|1783988467
|move|p1a: Gengar|Sludge Bomb|p2a: Aerodactyl
|-resisted|p2a: Aerodactyl|1
|-damage|p2a: Aerodactyl|62/100
|-status|p2a: Aerodactyl|psn
|move|p2a: Aerodactyl|Tailwind|p2a: Aerodactyl
|-sidestart|p2: GS Barnabe|move: Tailwind
|cant|p2b: Tyranitar|slp
|move|p1b: Politoed|Weather Ball|p2a: Aerodactyl
|-supereffective|p2a: Aerodactyl|1
|-damage|p2a: Aerodactyl|0 fnt
|faint|p2a: Aerodactyl
|
|-weather|RainDance|[upkeep]
|-start|p2b: Tyranitar|perish2
|-start|p1a: Gengar|perish2
|upkeep
|
|t:|1783988483
|switch|p2a: Floette|Floette-Eternal, L50, F|100/100
|turn|3
|
|t:|1783988496
|detailschange|p2a: Floette|Floette-Mega, L50, F
|-mega|p2a: Floette|Floette|Floettite
|-ability|p2a: Floette|Fairy Aura
|move|p1a: Gengar|Protect|p1a: Gengar
|-singleturn|p1a: Gengar|Protect
|cant|p2b: Tyranitar|slp
|move|p2a: Floette|Dazzling Gleam|p1a: Gengar|[spread] p1b
|-activate|p1a: Gengar|move: Protect
|-damage|p1b: Politoed|60/100
|move|p1b: Politoed|Perish Song|p1b: Politoed
|-start|p1b: Politoed|perish3|[silent]
|-start|p2a: Floette|perish3|[silent]
|-fieldactivate|move: Perish Song
|
|-weather|RainDance|[upkeep]
|-start|p2b: Tyranitar|perish1
|-start|p2a: Floette|perish3
|-start|p1a: Gengar|perish1
|-start|p1b: Politoed|perish3
|upkeep
|turn|4
|inactive|TheLeoj has 30 seconds left.
|inactive|GS Barnabe has 30 seconds left.
|
|t:|1783988526
|switch|p1a: Archaludon|Archaludon, L50, F, shiny|100/100
|move|p1b: Politoed|Protect|p1b: Politoed
|-singleturn|p1b: Politoed|Protect
|-curestatus|p2b: Tyranitar|slp|[msg]
|move|p2b: Tyranitar|Rock Slide|p1b: Politoed|[spread] p1a
|-activate|p1b: Politoed|move: Protect
|-resisted|p1a: Archaludon|1
|-damage|p1a: Archaludon|90/100
|-ability|p1a: Archaludon|Stamina|boost
|-boost|p1a: Archaludon|def|1
|move|p2a: Floette|Dazzling Gleam|p1b: Politoed|[spread] p1a
|-activate|p1b: Politoed|move: Protect
|-damage|p1a: Archaludon|46/100
|-ability|p1a: Archaludon|Stamina|boost
|-boost|p1a: Archaludon|def|1
|
|-weather|RainDance|[upkeep]
|-heal|p1a: Archaludon|52/100|[from] item: Leftovers
|-start|p2b: Tyranitar|perish0
|-start|p2a: Floette|perish2
|faint|p2b: Tyranitar
|-start|p1b: Politoed|perish2
|upkeep
|
|t:|1783988547
|switch|p2b: Decidueye|Decidueye-Hisui, L50, M|100/100
|turn|5
|inactive|TheLeoj has 30 seconds left.
|
|t:|1783988577
|move|p2a: Floette|Moonblast|p1b: Politoed
|-crit|p1b: Politoed
|-damage|p1b: Politoed|0 fnt
|faint|p1b: Politoed
|move|p2b: Decidueye|Triple Arrows|p1a: Archaludon
|-supereffective|p1a: Archaludon|1
|-damage|p1a: Archaludon|22/100
|-unboost|p1a: Archaludon|def|1
|-ability|p1a: Archaludon|Stamina|boost
|-boost|p1a: Archaludon|def|1
|move|p1a: Archaludon|Flash Cannon|p2a: Floette
|-supereffective|p2a: Floette|1
|-damage|p2a: Floette|38/100
|
|-weather|RainDance|[upkeep]
|-heal|p1a: Archaludon|28/100|[from] item: Leftovers
|-start|p2a: Floette|perish1
|-sideend|p2: GS Barnabe|move: Tailwind
|upkeep
|
|t:|1783988592
|switch|p1b: Gengar|Gengar-Mega, L50, F, shiny|50/100g
|turn|6
|inactive|GS Barnabe has 30 seconds left.
|
|t:|1783988618
|move|p1b: Gengar|Protect|p1b: Gengar
|-singleturn|p1b: Gengar|Protect
|move|p1a: Archaludon|Protect|p1a: Archaludon
|-singleturn|p1a: Archaludon|Protect
|move|p2b: Decidueye|Sucker Punch||[still]
|-fail|p2b: Decidueye
|move|p2a: Floette|Dazzling Gleam|p1a: Archaludon|[spread] 
|-activate|p1a: Archaludon|move: Protect
|-activate|p1b: Gengar|move: Protect
|
|-weather|none
|-heal|p1a: Archaludon|34/100|[from] item: Leftovers
|-start|p2a: Floette|perish0
|faint|p2a: Floette
|upkeep
|turn|7
|
|t:|1783988637
|move|p1b: Gengar|Sludge Bomb|p2b: Decidueye
|-supereffective|p2b: Decidueye|1
|-damage|p2b: Decidueye|0 fnt
|faint|p2b: Decidueye
|
|win|TheLeoj
