|j|☆reuman
|j|☆Mestremarkusme
|html|reumanMestremarkusme    
|uhtml|bestof|Game 2 of a best-of-3
|t:|1785147600
|gametype|doubles
|player|p1|reuman|lucas|1138
|player|p2|Mestremarkusme|hiker-gen4|1145
|gen|9
|tier|[Gen 9 Champions] VGC 2026 Reg M-B (Bo3)
|rated|
|rule|Species Clause: Limit one of each Pokémon
|rule|Item Clause: Limit 1 of each item
|clearpoke
|poke|p1|Whimsicott, L50, M, shiny|
|poke|p1|Metagross, L50, shiny|
|poke|p1|Gengar, L50, F, shiny|
|poke|p1|Rotom-Mow, L50|
|poke|p1|Ninetales-Alola, L50, M|
|poke|p1|Garchomp, L50, M|
|poke|p2|Incineroar, L50, M|
|poke|p2|Kingambit, L50, M|
|poke|p2|Sinistcha, L50|
|poke|p2|Sneasler, L50, M|
|poke|p2|Blastoise, L50, F|
|poke|p2|Delphox, L50, F|
|teampreview|4
|showteam|p1|Whimsicott||FocusSash|Prankster|Tailwind,Encore,Protect,Moonblast|Bold||M|||50|]Metagross||Metagrossite|ClearBody|BodyPress,BulletPunch,Protect,PsychicFangs|Adamant|||||50|]Gengar||Gengarite|CursedBody|ShadowBall,FocusBlast,Protect,SludgeWave|Timid||F|||50|]Rotom-Mow||BrightPowder|Levitate|Thunderbolt,LeafStorm,WillOWisp,Protect|Calm|||||50|]Ninetales-Alola||ChoiceScarf|SnowWarning|Blizzard,Moonblast,DazzlingGleam,FreezeDry|Timid||M|||50|]Garchomp||LifeOrb|RoughSkin|StompingTantrum,DragonClaw,Protect,RockSlide|Jolly||M|||50|
|showteam|p2|Incineroar||SitrusBerry|Intimidate|FakeOut,FlareBlitz,ThroatChop,PartingShot|Impish||M|||50|]Kingambit||BlackGlasses|Defiant|KowtowCleave,SuckerPunch,SwordsDance,Protect|Adamant||M|||50|]Sinistcha||OccaBerry|Hospitality|MatchaGotcha,RagePowder,TrickRoom,Protect|Relaxed|||||50|]Sneasler||FocusSash|PoisonTouch|FakeOut,CloseCombat,PoisonJab,QuickGuard|Jolly||M|||50|]Blastoise||Blastoisinite|RainDish|WaterSpout,DarkPulse,ShellSmash,Protect|Modest||F|||50|]Delphox||Delphoxite|Blaze|HeatWave,Psychic,NastyPlot,Protect|Timid||F|||50|
|inactive|Battle timer is ON: inactive players will automatically lose when time's up. (requested by reuman)
|inactive|reuman has 60 seconds left.
|
|t:|1785147643
|teamsize|p1|4
|teamsize|p2|4
|start
|switch|p1a: Garchomp|Garchomp, L50, M|100/100
|switch|p1b: Gengar|Gengar, L50, F, shiny|100/100
|switch|p2a: Incineroar|Incineroar, L50, M|100/100
|switch|p2b: Delphox|Delphox, L50, F|100/100
|-ability|p2a: Incineroar|Intimidate|boost
|-unboost|p1a: Garchomp|atk|1
|-unboost|p1b: Gengar|atk|1
|turn|1
|inactive|Mestremarkusme has 30 seconds left.
|inactive|Mestremarkusme has 20 seconds left.
|inactive|Mestremarkusme has 15 seconds left.
|inactive|Mestremarkusme has 10 seconds left.
|
|t:|1785147691
|detailschange|p1b: Gengar|Gengar-Mega, L50, F, shiny
|-mega|p1b: Gengar|Gengar|Gengarite
|detailschange|p2b: Delphox|Delphox-Mega, L50, F
|-mega|p2b: Delphox|Delphox|Delphoxite
|move|p2a: Incineroar|Fake Out|p1a: Garchomp
|-damage|p1a: Garchomp|90/100
|-damage|p2a: Incineroar|87/100|[from] ability: Rough Skin|[of] p1a: Garchomp
|move|p1b: Gengar|Shadow Ball|p2b: Delphox
|-supereffective|p2b: Delphox|1
|-damage|p2b: Delphox|12/100
|-unboost|p2b: Delphox|spd|1
|move|p2b: Delphox|Psychic|p1b: Gengar
|-supereffective|p1b: Gengar|1
|-crit|p1b: Gengar
|-damage|p1b: Gengar|0 fnt
|faint|p1b: Gengar
|cant|p1a: Garchomp|flinch
|
|upkeep
|
|t:|1785147712
|switch|p1b: Whimsicott|Whimsicott, L50, M, shiny|100/100
|turn|2
|
|t:|1785147728
|move|p2b: Delphox|Protect|p2b: Delphox
|-singleturn|p2b: Delphox|Protect
|move|p1b: Whimsicott|Tailwind|p1b: Whimsicott
|-sidestart|p1: reuman|move: Tailwind
|move|p1a: Garchomp|Rock Slide|p2b: Delphox|[spread] p2a
|-activate|p2b: Delphox|move: Protect
|-supereffective|p2a: Incineroar|1
|-damage|p2a: Incineroar|59/100
|-damage|p1a: Garchomp|80/100|[from] item: Life Orb
|move|p2a: Incineroar|Parting Shot|p1a: Garchomp
|-unboost|p1a: Garchomp|atk|1
|-unboost|p1a: Garchomp|spa|1
|
|t:|1785147741
|switch|p2a: Sinistcha|Sinistcha, L50|100/100|[from] Parting Shot
|-heal|p2b: Delphox|37/100|[from] ability: Hospitality|[of] p2a: Sinistcha
|
|upkeep
|turn|3
|inactive|Mestremarkusme has 30 seconds left.
|
|t:|1785147766
|switch|p2b: Incineroar|Incineroar, L50, M|59/100
|-ability|p2b: Incineroar|Intimidate|boost
|-unboost|p1a: Garchomp|atk|1
|-unboost|p1b: Whimsicott|atk|1
|move|p1b: Whimsicott|Encore|p2b: Incineroar
|-hint|Since gen 7, Dark is immune to Prankster moves.
|-immune|p2b: Incineroar
|move|p1a: Garchomp|Rock Slide|p2a: Sinistcha|[spread] p2a
|-miss|p1a: Garchomp|p2b: Incineroar
|-damage|p2a: Sinistcha|92/100
|-damage|p1a: Garchomp|70/100|[from] item: Life Orb
|cant|p2a: Sinistcha|flinch
|
|upkeep
|turn|4
|
|t:|1785147789
|switch|p1a: Ninetales|Ninetales-Alola, L50, M|100/100
|-weather|Snowscape|[from] ability: Snow Warning|[of] p1a: Ninetales
|move|p1b: Whimsicott|Moonblast|p2b: Incineroar
|-damage|p2b: Incineroar|35/100
|-enditem|p2b: Incineroar|Sitrus Berry|[eat]
|-heal|p2b: Incineroar|59/100|[from] item: Sitrus Berry
|move|p2b: Incineroar|Parting Shot|p1a: Ninetales
|-unboost|p1a: Ninetales|atk|1
|-unboost|p1a: Ninetales|spa|1
|
|t:|1785147805
|switch|p2b: Kingambit|Kingambit, L50, M|100/100|[from] Parting Shot
|move|p2a: Sinistcha|Trick Room|p2a: Sinistcha
|-fieldstart|move: Trick Room|[of] p2a: Sinistcha
|
|-weather|Snowscape|[upkeep]
|upkeep
|turn|5
|
|t:|1785147822
|switch|p2a: Incineroar|Incineroar, L50, M|59/100
|-ability|p2a: Incineroar|Intimidate|boost
|-unboost|p1a: Ninetales|atk|1
|-unboost|p1b: Whimsicott|atk|1
|move|p2b: Kingambit|Swords Dance|p2b: Kingambit
|-boost|p2b: Kingambit|atk|2
|move|p1b: Whimsicott|Moonblast|p2b: Kingambit
|-damage|p2b: Kingambit|76/100
|move|p1a: Ninetales|Dazzling Gleam|p2b: Kingambit|[spread] p2a,p2b
|-damage|p2a: Incineroar|46/100
|-damage|p2b: Kingambit|65/100
|
|-weather|Snowscape|[upkeep]
|-sideend|p1: reuman|move: Tailwind
|upkeep
|turn|6
|inactive|reuman has 30 seconds left.
|
|t:|1785147849
|move|p2a: Incineroar|Fake Out|p1b: Whimsicott
|-damage|p1b: Whimsicott|88/100
|move|p2b: Kingambit|Kowtow Cleave|p1a: Ninetales
|-resisted|p1a: Ninetales|1
|-damage|p1a: Ninetales|53/100
|cant|p1b: Whimsicott|flinch
|move|p1a: Ninetales|Dazzling Gleam|p2a: Incineroar|[spread] p2a,p2b
|-damage|p2a: Incineroar|33/100
|-damage|p2b: Kingambit|53/100
|
|-weather|Snowscape|[upkeep]
|upkeep
|turn|7
|inactive|Mestremarkusme has 30 seconds left.
|
|t:|1785147883
|move|p1b: Whimsicott|Protect|p1b: Whimsicott
|-singleturn|p1b: Whimsicott|Protect
|move|p2b: Kingambit|Kowtow Cleave|p1a: Ninetales
|-resisted|p1a: Ninetales|1
|-damage|p1a: Ninetales|4/100
|move|p2a: Incineroar|Flare Blitz|p1b: Whimsicott
|-activate|p1b: Whimsicott|move: Protect
|move|p1a: Ninetales|Dazzling Gleam|p2b: Kingambit|[spread] p2a,p2b
|-damage|p2a: Incineroar|18/100
|-damage|p2b: Kingambit|41/100
|
|-weather|Snowscape|[upkeep]
|upkeep
|turn|8
|
|t:|1785147908
|switch|p1b: Garchomp|Garchomp, L50, M|70/100
|move|p2b: Kingambit|Kowtow Cleave|p1a: Ninetales
|-resisted|p1a: Ninetales|1
|-damage|p1a: Ninetales|0 fnt
|faint|p1a: Ninetales
|move|p2a: Incineroar|Flare Blitz|p1b: Garchomp
|-resisted|p1b: Garchomp|1
|-damage|p1b: Garchomp|47/100
|-damage|p2a: Incineroar|5/100|[from] ability: Rough Skin|[of] p1b: Garchomp
|-damage|p2a: Incineroar|0 fnt|[from] Recoil
|faint|p2a: Incineroar
|
|-weather|none
|-fieldend|move: Trick Room
|upkeep
|
|t:|1785147921
|switch|p1a: Whimsicott|Whimsicott, L50, M, shiny|88/100
|switch|p2a: Sinistcha|Sinistcha, L50|92/100
|-heal|p2b: Kingambit|65/100|[from] ability: Hospitality|[of] p2a: Sinistcha
|turn|9
|inactive|reuman has 30 seconds left.
|
|t:|1785147949
|move|p2b: Kingambit|Sucker Punch|p1b: Garchomp
|-damage|p1b: Garchomp|0 fnt
|-damage|p2b: Kingambit|53/100|[from] ability: Rough Skin|[of] p1b: Garchomp
|faint|p1b: Garchomp
|move|p1a: Whimsicott|Moonblast|p2b: Kingambit
|-damage|p2b: Kingambit|31/100
|move|p2a: Sinistcha|Trick Room|p2a: Sinistcha
|-fieldstart|move: Trick Room|[of] p2a: Sinistcha
|
|upkeep
|turn|10
|
|t:|1785147961
|move|p2b: Kingambit|Kowtow Cleave|p1a: Whimsicott
|-resisted|p1a: Whimsicott|1
|-damage|p1a: Whimsicott|31/100
|move|p2a: Sinistcha|Matcha Gotcha|p1a: Whimsicott|[miss]
|-miss|p2a: Sinistcha|p1a: Whimsicott
|move|p1a: Whimsicott|Moonblast|p2b: Kingambit
|-damage|p2b: Kingambit|9/100
|-unboost|p2b: Kingambit|spa|1
|-ability|p2b: Kingambit|Defiant|boost
|-boost|p2b: Kingambit|atk|2
|
|upkeep
|turn|11
|
|t:|1785147968
|move|p1a: Whimsicott|Protect|p1a: Whimsicott
|-singleturn|p1a: Whimsicott|Protect
|move|p2b: Kingambit|Kowtow Cleave|p1a: Whimsicott
|-activate|p1a: Whimsicott|move: Protect
|move|p2a: Sinistcha|Matcha Gotcha|p1a: Whimsicott
|-activate|p1a: Whimsicott|move: Protect
|
|upkeep
|turn|12
|
|t:|1785147977
|move|p2b: Kingambit|Kowtow Cleave|p1a: Whimsicott
|-resisted|p1a: Whimsicott|1
|-damage|p1a: Whimsicott|0 fnt
|faint|p1a: Whimsicott
|
|win|Mestremarkusme
|raw|reuman's rating: 1138 → 1114(-24 for losing)
|raw|Mestremarkusme's rating: 1145 → 1169(+24 for winning)
