|j|☆Extroier
|j|☆LetherOCE
|html|ExtroierLetherOCE    
|uhtml|bestof|Game 3 of a best-of-3
|t:|1757737262
|gametype|doubles
|player|p1|Extroier|266|1047
|player|p2|LetherOCE|steven|1132
|gen|9
|tier|[Gen 9] VGC 2025 Reg H (Bo3)
|rated|
|rule|Species Clause: Limit one of each Pokémon
|rule|Item Clause: Limit 1 of each item
|clearpoke
|poke|p1|Tyranitar, L50, M|
|poke|p1|Excadrill, L50, M|
|poke|p1|Incineroar, L50, M|
|poke|p1|Rillaboom, L50, F|
|poke|p1|Haunter, L50, F|
|poke|p1|Gholdengo, L50|
|poke|p2|Sneasler, L50, M|
|poke|p2|Garchomp, L50, M|
|poke|p2|Corviknight, L50, M|
|poke|p2|Volcarona, L50, F|
|poke|p2|Primarina, L50, M|
|poke|p2|Rillaboom, L50, F|
|teampreview|4
|showteam|p1|Tyranitar||ChoiceScarf|SandStream|FirePunch,RockSlide,BrickBreak,Crunch|||M|||50|,,,,,Flying]Excadrill||ChoiceBand|SandRush|Earthquake,IronHead,XScissor,TeraBlast|||M|||50|,,,,,Water]Incineroar||SafetyGoggles|Intimidate|FlareBlitz,Protect,FakeOut,PartingShot|||M|||50|,,,,,Ghost]Rillaboom||CovertCloak|GrassySurge|FakeOut,WoodHammer,GrassyGlide,Protect|||F|||50|,,,,,Ground]Haunter||LifeOrb|Levitate|ShadowBall,DestinyBond,DazzlingGleam,SludgeWave|||F|||50|,,,,,Poison]Gholdengo||ChoiceSpecs|GoodasGold|MakeItRain,NastyPlot,Protect,Thunderbolt||||||50|,,,,,Fire
|showteam|p2|Sneasler||FocusSash|PoisonTouch|FakeOut,DireClaw,CloseCombat,Coaching|||M|||50|,,,,,Ghost]Garchomp||LifeOrb|RoughSkin|Protect,SwordsDance,StompingTantrum,DragonClaw|||M|||50|,,,,,Fairy]Corviknight||Leftovers|MirrorArmor|BraveBird,BodyPress,BulkUp,Roost|||M|||50|,,,,,Dragon]Volcarona||SafetyGoggles|FlameBody|FieryDance,Tailwind,RagePowder,StruggleBug|||F|||50|,,,,,Steel]Primarina||SitrusBerry|LiquidVoice|Protect,HyperVoice,Moonblast,Haze|||M|||50|,,,,,Poison]Rillaboom||AssaultVest|GrassySurge|FakeOut,GrassyGlide,HighHorsepower,WoodHammer|||F|||50|,,,,,Fire
|inactive|Battle timer is ON: inactive players will automatically lose when time's up. (requested by Extroier)
|inactive|LetherOCE has 60 seconds left.
|
|t:|1757737302
|teamsize|p1|4
|teamsize|p2|4
|start
|switch|p1a: Tyranitar|Tyranitar, L50, M|100/100
|switch|p1b: Incineroar|Incineroar, L50, M|100/100
|switch|p2a: Sneasler|Sneasler, L50, M|100/100
|switch|p2b: Garchomp|Garchomp, L50, M|100/100
|-weather|Sandstorm|[from] ability: Sand Stream|[of] p1a: Tyranitar
|-ability|p1b: Incineroar|Intimidate|boost
|-unboost|p2a: Sneasler|atk|1
|-unboost|p2b: Garchomp|atk|1
|turn|1
|inactive|Extroier has 30 seconds left.
|
|t:|1757737335
|-terastallize|p1a: Tyranitar|Flying
|move|p2a: Sneasler|Fake Out|p1b: Incineroar
|-damage|p1b: Incineroar|91/100
|move|p1a: Tyranitar|Rock Slide|p2a: Sneasler|[spread] p2a,p2b
|-resisted|p2a: Sneasler
|-resisted|p2b: Garchomp
|-damage|p2a: Sneasler|77/100
|-damage|p2b: Garchomp|86/100
|move|p2b: Garchomp|Swords Dance|p2b: Garchomp
|-boost|p2b: Garchomp|atk|2
|cant|p1b: Incineroar|flinch
|
|-weather|Sandstorm|[upkeep]
|-damage|p2a: Sneasler|71/100|[from] Sandstorm
|-damage|p1a: Tyranitar|95/100|[from] Sandstorm
|upkeep
|turn|2
|
|t:|1757737353
|switch|p2a: Corviknight|Corviknight, L50, M|100/100
|move|p1a: Tyranitar|Rock Slide|p2a: Corviknight|[spread] p2a,p2b
|-resisted|p2b: Garchomp
|-damage|p2a: Corviknight|75/100
|-damage|p2b: Garchomp|70/100
|move|p2b: Garchomp|Dragon Claw|p1a: Tyranitar
|-damage|p1a: Tyranitar|25/100
|-damage|p2b: Garchomp|61/100|[from] item: Life Orb
|move|p1b: Incineroar|Parting Shot|p2b: Garchomp
|-unboost|p2b: Garchomp|atk|1
|-unboost|p2b: Garchomp|spa|1
|
|t:|1757737370
|switch|p1b: Haunter|Haunter, L50, F|100/100|[from] Parting Shot
|
|-weather|Sandstorm|[upkeep]
|-damage|p1a: Tyranitar|19/100|[from] Sandstorm
|-damage|p1b: Haunter|95/100|[from] Sandstorm
|-heal|p2a: Corviknight|82/100|[from] item: Leftovers
|upkeep
|turn|3
|inactive|LetherOCE has 30 seconds left.
|inactive|LetherOCE has 20 seconds left.
|
|t:|1757737407
|move|p1a: Tyranitar|Rock Slide|p2b: Garchomp|[spread] p2a,p2b
|-resisted|p2b: Garchomp
|-damage|p2a: Corviknight|55/100
|-damage|p2b: Garchomp|45/100
|move|p2b: Garchomp|Dragon Claw|p1a: Tyranitar
|-crit|p1a: Tyranitar
|-damage|p1a: Tyranitar|0 fnt
|faint|p1a: Tyranitar
|-damage|p2b: Garchomp|36/100|[from] item: Life Orb
|move|p1b: Haunter|Dazzling Gleam|p2b: Garchomp|[spread] p2a,p2b
|-resisted|p2a: Corviknight
|-supereffective|p2b: Garchomp
|-damage|p2a: Corviknight|46/100
|-damage|p2b: Garchomp|0 fnt
|faint|p2b: Garchomp
|-damage|p1b: Haunter|85/100|[from] item: Life Orb
|cant|p2a: Corviknight|flinch
|
|-weather|Sandstorm|[upkeep]
|-damage|p1b: Haunter|79/100|[from] Sandstorm
|-heal|p2a: Corviknight|52/100|[from] item: Leftovers
|upkeep
|
|t:|1757737427
|switch|p2b: Volcarona|Volcarona, L50, F|100/100
|switch|p1a: Excadrill|Excadrill, L50, M|100/100
|turn|4
|
|t:|1757737441
|move|p1a: Excadrill|Earthquake|p2b: Volcarona|[spread] p2b
|-immune|p1b: Haunter|[from] ability: Levitate
|-immune|p2a: Corviknight
|-damage|p2b: Volcarona|25/100
|move|p1b: Haunter|Shadow Ball|p2a: Corviknight
|-damage|p2a: Corviknight|13/100
|-ability|p2a: Corviknight|Mirror Armor
|-unboost|p1b: Haunter|spd|1
|-damage|p1b: Haunter|69/100|[from] item: Life Orb
|move|p2b: Volcarona|Fiery Dance|p1b: Haunter
|-damage|p1b: Haunter|0 fnt
|faint|p1b: Haunter
|move|p2a: Corviknight|Roost|p2a: Corviknight
|-heal|p2a: Corviknight|63/100
|-singleturn|p2a: Corviknight|move: Roost
|
|-weather|Sandstorm|[upkeep]
|-heal|p2a: Corviknight|69/100|[from] item: Leftovers
|upkeep
|
|t:|1757737456
|switch|p1b: Incineroar|Incineroar, L50, M|91/100
|-ability|p1b: Incineroar|Intimidate|boost
|-ability|p2a: Corviknight|Mirror Armor
|-unboost|p1b: Incineroar|atk|1
|-unboost|p2b: Volcarona|atk|1
|turn|5
|
|t:|1757737482
|move|p1a: Excadrill|Earthquake|p2b: Volcarona|[spread] p1b,p2b
|-immune|p2a: Corviknight
|-supereffective|p1b: Incineroar
|-damage|p1b: Incineroar|0 fnt
|-damage|p2b: Volcarona|0 fnt
|faint|p1b: Incineroar
|faint|p2b: Volcarona
|move|p2a: Corviknight|Roost|p2a: Corviknight
|-heal|p2a: Corviknight|100/100
|-singleturn|p2a: Corviknight|move: Roost
|
|-weather|none
|upkeep
|
|t:|1757737491
|switch|p2b: Sneasler|Sneasler, L50, M|71/100
|turn|6
|
|t:|1757737496
|move|p2b: Sneasler|Close Combat|p1a: Excadrill
|-supereffective|p1a: Excadrill
|-damage|p1a: Excadrill|0 fnt
|-unboost|p2b: Sneasler|def|1
|-unboost|p2b: Sneasler|spd|1
|faint|p1a: Excadrill
|
|win|LetherOCE
|raw|Extroier's rating: 1047 → 1034(-13 for losing)
|raw|LetherOCE's rating: 1132 → 1151(+19 for winning)
|l|☆LetherOCE
|player|p2|
