|j|☆mariocansado
|j|☆erik311
|html|mariocansadoerik311    
|uhtml|bestof|Game 2 of a best-of-3
|t:|1756578399
|gametype|doubles
|player|p1|mariocansado|arven-s|1156
|player|p2|erik311|calem-masters|1184
|gen|9
|tier|[Gen 9] VGC 2025 Reg H (Bo3)
|rated|
|rule|Species Clause: Limit one of each Pokémon
|rule|Item Clause: Limit 1 of each item
|clearpoke
|poke|p1|Incineroar, L50, M|
|poke|p1|Rillaboom, L50, F|
|poke|p1|Primarina, L50, F|
|poke|p1|Dragapult, L50, F|
|poke|p1|Electabuzz, L50, M|
|poke|p1|Volcarona, L50, F|
|poke|p2|Volcarona, L50, F|
|poke|p2|Kingambit, L50, M|
|poke|p2|Dragonite, L50, M|
|poke|p2|Sneasler, L50, M|
|poke|p2|Rillaboom, L50, F|
|poke|p2|Electabuzz, L50, M|
|teampreview|4
|showteam|p1|Incineroar||SafetyGoggles|Intimidate|FakeOut,FlareBlitz,KnockOff,PartingShot|||M|||50|,,,,,Ghost]Rillaboom||AssaultVest|GrassySurge|FakeOut,WoodHammer,Uturn,HighHorsepower|||F|||50|,,,,,Fire]Primarina||SitrusBerry|LiquidVoice|HyperVoice,Moonblast,Haze,Protect|||F|||50|,,,,,Poison]Dragapult||ChoiceBand|ClearBody|DragonDarts,DragonClaw,PhantomForce,Uturn|||F|||50|,,,,,Dragon]Electabuzz||Eviolite|VitalSpirit|Electroweb,Taunt,FollowMe,Protect|||M|||50|,,,,,Ghost]Volcarona||Leftovers|FlameBody|HeatWave,QuiverDance,Protect,GigaDrain|||F|||50|,,,,,Grass
|showteam|p2|Volcarona||Leftovers|FlameBody|HeatWave,TeraBlast,QuiverDance,Protect|||F|||50|,,,,,Fairy]Kingambit||BlackGlasses|Defiant|KowtowCleave,SuckerPunch,SwordsDance,Protect|||M|||50|,,,,,Ghost]Dragonite||LoadedDice|Multiscale|ScaleShot,ExtremeSpeed,Haze,Protect|||M|||50|,,,,,Normal]Sneasler||FocusSash|PoisonTouch|CloseCombat,DireClaw,FakeOut,Coaching|||M|||50|,,,,,Stellar]Rillaboom||AssaultVest|GrassySurge|WoodHammer,GrassyGlide,HighHorsepower,FakeOut|||F|||50|,,,,,Fire]Electabuzz||Eviolite|VitalSpirit|Thunderbolt,Taunt,FollowMe,Protect|||M|||50|,,,,,Ghost
|inactive|Battle timer is ON: inactive players will automatically lose when time's up. (requested by erik311)
|
|t:|1756578438
|teamsize|p1|4
|teamsize|p2|4
|start
|switch|p1a: Electabuzz|Electabuzz, L50, M|100/100
|switch|p1b: Volcarona|Volcarona, L50, F|100/100
|switch|p2a: Electabuzz|Electabuzz, L50, M|100/100
|switch|p2b: Volcarona|Volcarona, L50, F|100/100
|turn|1
|
|t:|1756578449
|move|p1a: Electabuzz|Electroweb|p2a: Electabuzz|[spread] p2a,p2b
|-resisted|p2a: Electabuzz
|-damage|p2a: Electabuzz|95/100
|-damage|p2b: Volcarona|87/100
|-unboost|p2a: Electabuzz|spe|1
|-unboost|p2b: Volcarona|spe|1
|move|p1b: Volcarona|Quiver Dance|p1b: Volcarona
|-boost|p1b: Volcarona|spa|1
|-boost|p1b: Volcarona|spd|1
|-boost|p1b: Volcarona|spe|1
|move|p2b: Volcarona|Quiver Dance|p2b: Volcarona
|-boost|p2b: Volcarona|spa|1
|-boost|p2b: Volcarona|spd|1
|-boost|p2b: Volcarona|spe|1
|move|p2a: Electabuzz|Taunt|p1a: Electabuzz
|-start|p1a: Electabuzz|move: Taunt
|
|-heal|p2b: Volcarona|93/100|[from] item: Leftovers
|upkeep
|turn|2
|
|t:|1756578471
|move|p1b: Volcarona|Quiver Dance|p1b: Volcarona
|-boost|p1b: Volcarona|spa|1
|-boost|p1b: Volcarona|spd|1
|-boost|p1b: Volcarona|spe|1
|move|p1a: Electabuzz|Electroweb|p2a: Electabuzz|[spread] p2a,p2b
|-resisted|p2a: Electabuzz
|-damage|p2a: Electabuzz|89/100
|-damage|p2b: Volcarona|83/100
|-unboost|p2a: Electabuzz|spe|1
|-unboost|p2b: Volcarona|spe|1
|move|p2b: Volcarona|Quiver Dance|p2b: Volcarona
|-boost|p2b: Volcarona|spa|1
|-boost|p2b: Volcarona|spd|1
|-boost|p2b: Volcarona|spe|1
|move|p2a: Electabuzz|Taunt|p1b: Volcarona
|-start|p1b: Volcarona|move: Taunt
|
|-heal|p2b: Volcarona|89/100|[from] item: Leftovers
|upkeep
|turn|3
|
|t:|1756578492
|switch|p1a: Incineroar|Incineroar, L50, M|100/100
|-ability|p1a: Incineroar|Intimidate|boost
|-unboost|p2a: Electabuzz|atk|1
|-unboost|p2b: Volcarona|atk|1
|move|p1b: Volcarona|Heat Wave|p2b: Volcarona|[spread] p2a,p2b
|-damage|p2a: Electabuzz|30/100
|-damage|p2b: Volcarona|55/100
|move|p2b: Volcarona|Quiver Dance|p2b: Volcarona
|-boost|p2b: Volcarona|spa|1
|-boost|p2b: Volcarona|spd|1
|-boost|p2b: Volcarona|spe|1
|move|p2a: Electabuzz|Thunderbolt|p1b: Volcarona
|-damage|p1b: Volcarona|87/100
|
|-heal|p1b: Volcarona|94/100|[from] item: Leftovers
|-heal|p2b: Volcarona|61/100|[from] item: Leftovers
|upkeep
|turn|4
|
|t:|1756578508
|move|p2b: Volcarona|Protect|p2b: Volcarona
|-singleturn|p2b: Volcarona|Protect
|move|p1b: Volcarona|Heat Wave|p2a: Electabuzz|[spread] p2a
|-activate|p2b: Volcarona|move: Protect
|-damage|p2a: Electabuzz|0 fnt
|faint|p2a: Electabuzz
|move|p1a: Incineroar|Flare Blitz|p2b: Volcarona
|-activate|p2b: Volcarona|move: Protect
|
|-heal|p1b: Volcarona|99/100|[from] item: Leftovers
|-heal|p2b: Volcarona|68/100|[from] item: Leftovers
|upkeep
|
|t:|1756578520
|switch|p2a: Sneasler|Sneasler, L50, M|100/100
|turn|5
|
|t:|1756578533
|-terastallize|p1a: Incineroar|Ghost
|move|p2a: Sneasler|Fake Out|p1b: Volcarona
|-damage|p1b: Volcarona|83/100
|cant|p1b: Volcarona|flinch
|move|p2b: Volcarona|Heat Wave|p1b: Volcarona|[spread] p1a,p1b
|-damage|p1a: Incineroar|23/100
|-damage|p1b: Volcarona|44/100
|move|p1a: Incineroar|Flare Blitz|p2b: Volcarona
|-damage|p2b: Volcarona|2/100
|-damage|p1a: Incineroar|3/100|[from] Recoil
|
|-heal|p1b: Volcarona|50/100|[from] item: Leftovers
|-heal|p2b: Volcarona|8/100|[from] item: Leftovers
|-end|p1b: Volcarona|move: Taunt
|upkeep
|turn|6
|
|t:|1756578555
|switch|p1a: Primarina|Primarina, L50, F|100/100
|move|p1b: Volcarona|Protect|p1b: Volcarona
|-singleturn|p1b: Volcarona|Protect
|move|p2b: Volcarona|Protect|p2b: Volcarona
|-singleturn|p2b: Volcarona|Protect
|move|p2a: Sneasler|Dire Claw|p1b: Volcarona
|-activate|p1b: Volcarona|move: Protect
|
|-heal|p1b: Volcarona|56/100|[from] item: Leftovers
|-heal|p2b: Volcarona|15/100|[from] item: Leftovers
|upkeep
|turn|7
|
|t:|1756578576
|move|p1b: Volcarona|Heat Wave|p2a: Sneasler|[spread] p2a,p2b
|-enditem|p2a: Sneasler|Focus Sash
|-damage|p2a: Sneasler|1/100
|-damage|p2b: Volcarona|0 fnt
|faint|p2b: Volcarona
|move|p2a: Sneasler|Dire Claw|p1a: Primarina
|-supereffective|p1a: Primarina
|-damage|p1a: Primarina|7/100
|-enditem|p1a: Primarina|Sitrus Berry|[eat]
|-heal|p1a: Primarina|31/100|[from] item: Sitrus Berry
|move|p1a: Primarina|Moonblast|p2a: Sneasler
|-damage|p2a: Sneasler|0 fnt
|faint|p2a: Sneasler
|
|-heal|p1b: Volcarona|62/100|[from] item: Leftovers
|upkeep
|-message|erik311 forfeited.
|
|win|mariocansado
|raw|mariocansado's rating: 1156 → 1183(+27 for winning)
|raw|erik311's rating: 1184 → 1157(-27 for losing)
|l|☆erik311
|player|p2|
