|j|☆monsoonisbest
|j|☆Olvidonaaaa
|html|monsoonisbestOlvidonaaaa    
|uhtml|bestof|Game 3 of a best-of-3
|t:|1783086106
|gametype|doubles
|player|p1|monsoonisbest|101|1214
|player|p2|Olvidonaaaa|1|1320
|gen|9
|tier|[Gen 9 Champions] VGC 2026 Reg M-B (Bo3)
|rated|
|rule|Species Clause: Limit one of each Pokémon
|rule|Item Clause: Limit 1 of each item
|clearpoke
|poke|p1|Swampert, L50, M|
|poke|p1|Pelipper, L50, M|
|poke|p1|Archaludon, L50, M|
|poke|p1|Sinistcha, L50|
|poke|p1|Kingambit, L50, F|
|poke|p1|Grimmsnarl, L50, M|
|poke|p2|Blastoise, L50, M|
|poke|p2|Kingambit, L50, F|
|poke|p2|Sinistcha, L50|
|poke|p2|Incineroar, L50, F|
|poke|p2|Sneasler, L50, F|
|poke|p2|Floette-Eternal, L50, F|
|teampreview|4
|showteam|p1|Swampert||Swampertite|Torrent|WaveCrash,Earthquake,IcePunch,Protect|Adamant||M|||50|]Pelipper||SitrusBerry|Drizzle|WeatherBall,Hurricane,WideGuard,Tailwind|Modest||M|||50|]Archaludon||Leftovers|Stamina|ElectroShot,DragonPulse,FlashCannon,Protect|Modest||M|||50|]Sinistcha||KasibBerry|Hospitality|MatchaGotcha,RagePowder,TrickRoom,Protect|Bold|||||50|]Kingambit||ChopleBerry|Defiant|KowtowCleave,SuckerPunch,LowKick,Protect|Adamant||F|||50|]Grimmsnarl||LightClay|Prankster|SpiritBreak,Reflect,LightScreen,PartingShot|Careful||M|||50|
|showteam|p2|Blastoise||Blastoisinite|Torrent|WaterSpout,DarkPulse,ShellSmash,Protect|Calm||M|||50|]Kingambit||LifeOrb|Defiant|KowtowCleave,Protect,SuckerPunch,SwordsDance|Adamant||F|||50|]Sinistcha||OccaBerry|Hospitality|MatchaGotcha,Protect,TrickRoom,RagePowder|Bold|||||50|]Incineroar||SitrusBerry|Intimidate|FakeOut,PartingShot,FlareBlitz,HelpingHand|Calm||F|||50|]Sneasler||FocusSash|PoisonTouch|CloseCombat,DireClaw,FakeOut,QuickGuard|Jolly||F|||50|]Floette-Eternal||Floettite|FlowerVeil|Moonblast,CalmMind,Protect,DazzlingGleam|Modest||F|||50|
|
|t:|1783086130
|teamsize|p1|4
|teamsize|p2|4
|start
|switch|p1a: Pelipper|Pelipper, L50, M|100/100
|switch|p1b: Sinistcha|Sinistcha, L50|100/100
|switch|p2a: Floette|Floette-Eternal, L50, F|100/100
|switch|p2b: Sneasler|Sneasler, L50, F|100/100
|-weather|RainDance|[from] ability: Drizzle|[of] p1a: Pelipper
|turn|1
|
|t:|1783086150
|switch|p2b: Incineroar|Incineroar, L50, F|100/100
|-ability|p2b: Incineroar|Intimidate|boost
|-unboost|p1a: Pelipper|atk|1
|-unboost|p1b: Sinistcha|atk|1
|detailschange|p2a: Floette|Floette-Mega, L50, F
|-mega|p2a: Floette|Floette|Floettite
|-ability|p2a: Floette|Fairy Aura
|move|p1a: Pelipper|Wide Guard|p1a: Pelipper
|-singleturn|p1a: Pelipper|Wide Guard
|move|p2a: Floette|Calm Mind|p2a: Floette
|-boost|p2a: Floette|spa|1
|-boost|p2a: Floette|spd|1
|move|p1b: Sinistcha|Trick Room|p1b: Sinistcha
|-fieldstart|move: Trick Room|[of] p1b: Sinistcha
|
|-weather|RainDance|[upkeep]
|upkeep
|turn|2
|
|t:|1783086180
|switch|p2b: Sinistcha|Sinistcha, L50|100/100
|move|p1b: Sinistcha|Matcha Gotcha|p2a: Floette|[spread] p2a,p2b
|-resisted|p2b: Sinistcha|1
|-damage|p2a: Floette|87/100
|-damage|p2b: Sinistcha|87/100
|move|p1a: Pelipper|Weather Ball|p2b: Sinistcha
|-resisted|p2b: Sinistcha|1
|-damage|p2b: Sinistcha|58/100
|move|p2a: Floette|Moonblast|p1a: Pelipper
|-damage|p1a: Pelipper|0 fnt
|faint|p1a: Pelipper
|
|-weather|RainDance|[upkeep]
|upkeep
|
|t:|1783086185
|switch|p1a: Kingambit|Kingambit, L50, F|100/100
|turn|3
|
|t:|1783086201
|move|p2b: Sinistcha|Rage Powder|p2b: Sinistcha
|-singleturn|p2b: Sinistcha|move: Rage Powder
|move|p1a: Kingambit|Kowtow Cleave|p2b: Sinistcha
|-supereffective|p2b: Sinistcha|1
|-damage|p2b: Sinistcha|0 fnt
|faint|p2b: Sinistcha
|move|p2a: Floette|Moonblast|p1a: Kingambit
|-damage|p1a: Kingambit|0 fnt
|faint|p1a: Kingambit
|move|p1b: Sinistcha|Trick Room|p1b: Sinistcha
|-fieldend|move: Trick Room
|
|-weather|RainDance|[upkeep]
|upkeep
|
|t:|1783086215
|switch|p2b: Incineroar|Incineroar, L50, F|100/100
|switch|p1a: Swampert|Swampert, L50, M|100/100
|-ability|p2b: Incineroar|Intimidate|boost
|-unboost|p1a: Swampert|atk|1
|-unboost|p1b: Sinistcha|atk|1
|turn|4
|
|t:|1783086226
|move|p1a: Swampert|Protect|p1a: Swampert
|-singleturn|p1a: Swampert|Protect
|move|p2b: Incineroar|Fake Out|p1a: Swampert
|-activate|p1a: Swampert|move: Protect
|move|p2a: Floette|Dazzling Gleam|p1a: Swampert|[spread] p1b
|-activate|p1a: Swampert|move: Protect
|-damage|p1b: Sinistcha|38/100
|move|p1b: Sinistcha|Matcha Gotcha|p2a: Floette|[spread] p2a,p2b
|-resisted|p2b: Incineroar|1
|-crit|p2b: Incineroar
|-damage|p2a: Floette|74/100
|-heal|p1b: Sinistcha|44/100|[from] drain|[of] p2a: Floette
|-damage|p2b: Incineroar|83/100
|-heal|p1b: Sinistcha|54/100|[from] drain|[of] p2b: Incineroar
|-status|p2a: Floette|brn
|
|-weather|RainDance|[upkeep]
|-damage|p2a: Floette|68/100 brn|[from] brn
|upkeep
|turn|5
|
|t:|1783086248
|switch|p2b: Sneasler|Sneasler, L50, F|100/100
|detailschange|p1a: Swampert|Swampert-Mega, L50, M
|-mega|p1a: Swampert|Swampert|Swampertite
|move|p2a: Floette|Protect|p2a: Floette
|-singleturn|p2a: Floette|Protect
|move|p1a: Swampert|Earthquake|p2b: Sneasler|[spread] p1b,p2b
|-activate|p2a: Floette|move: Protect
|-resisted|p1b: Sinistcha|1
|-supereffective|p2b: Sneasler|1
|-damage|p1b: Sinistcha|41/100
|-enditem|p2b: Sneasler|Focus Sash
|-damage|p2b: Sneasler|1/100
|move|p1b: Sinistcha|Trick Room|p1b: Sinistcha
|-fieldstart|move: Trick Room|[of] p1b: Sinistcha
|
|-weather|none
|-damage|p2a: Floette|62/100 brn|[from] brn
|upkeep
|turn|6
|
|t:|1783086267
|move|p2b: Sneasler|Fake Out|p1a: Swampert
|-damage|p1a: Swampert|87/100
|move|p1b: Sinistcha|Matcha Gotcha|p2b: Sneasler|[spread] p2a,p2b
|-crit|p2a: Floette
|-resisted|p2b: Sneasler|1
|-damage|p2a: Floette|33/100 brn
|-heal|p1b: Sinistcha|55/100|[from] drain|[of] p2a: Floette
|-damage|p2b: Sneasler|0 fnt
|-heal|p1b: Sinistcha|55/100|[from] drain|[of] p2b: Sneasler
|faint|p2b: Sneasler
|cant|p1a: Swampert|flinch
|move|p2a: Floette|Moonblast|p1b: Sinistcha
|-damage|p1b: Sinistcha|0 fnt
|faint|p1b: Sinistcha
|
|-damage|p2a: Floette|27/100 brn|[from] brn
|upkeep
|
|t:|1783086286
|switch|p2b: Incineroar|Incineroar, L50, F|83/100
|-ability|p2b: Incineroar|Intimidate|boost
|-unboost|p1a: Swampert|atk|1
|turn|7
|
|t:|1783086304
|move|p1a: Swampert|Protect|p1a: Swampert
|-singleturn|p1a: Swampert|Protect
|move|p2b: Incineroar|Fake Out|p1a: Swampert
|-activate|p1a: Swampert|move: Protect
|move|p2a: Floette|Moonblast|p1a: Swampert
|-activate|p1a: Swampert|move: Protect
|
|-damage|p2a: Floette|21/100 brn|[from] brn
|upkeep
|turn|8
|
|t:|1783086317
|move|p2a: Floette|Protect|p2a: Floette
|-singleturn|p2a: Floette|Protect
|move|p2b: Incineroar|Flare Blitz|p1a: Swampert
|-resisted|p1a: Swampert|1
|-damage|p1a: Swampert|67/100
|-damage|p2b: Incineroar|77/100|[from] Recoil
|move|p1a: Swampert|Earthquake|p2a: Floette|[spread] p2b
|-activate|p2a: Floette|move: Protect
|-supereffective|p2b: Incineroar|1
|-damage|p2b: Incineroar|35/100
|-enditem|p2b: Incineroar|Sitrus Berry|[eat]
|-heal|p2b: Incineroar|59/100|[from] item: Sitrus Berry
|
|-damage|p2a: Floette|15/100 brn|[from] brn
|upkeep
|turn|9
|
|t:|1783086332
|move|p2a: Floette|Protect|p2a: Floette
|-singleturn|p2a: Floette|Protect
|move|p2b: Incineroar|Flare Blitz|p1a: Swampert
|-resisted|p1a: Swampert|1
|-damage|p1a: Swampert|50/100g
|-damage|p2b: Incineroar|54/100|[from] Recoil
|move|p1a: Swampert|Earthquake|p2b: Incineroar|[spread] p2b
|-activate|p2a: Floette|move: Protect
|-supereffective|p2b: Incineroar|1
|-damage|p2b: Incineroar|12/100
|
|-damage|p2a: Floette|9/100 brn|[from] brn
|-fieldend|move: Trick Room
|upkeep
|turn|10
|
|t:|1783086346
|move|p1a: Swampert|Protect|p1a: Swampert
|-singleturn|p1a: Swampert|Protect
|move|p2a: Floette|Moonblast|p1a: Swampert
|-activate|p1a: Swampert|move: Protect
|move|p2b: Incineroar|Flare Blitz|p1a: Swampert
|-activate|p1a: Swampert|move: Protect
|
|-damage|p2a: Floette|3/100 brn|[from] brn
|upkeep
|turn|11
|
|t:|1783086357
|move|p1a: Swampert|Protect||[still]
|-fail|p1a: Swampert
|move|p2a: Floette|Moonblast|p1a: Swampert
|-damage|p1a: Swampert|0 fnt
|faint|p1a: Swampert
|
|win|Olvidonaaaa
|raw|monsoonisbest's rating: 1214 → 1196(-18 for losing)
|raw|Olvidonaaaa's rating: 1320 → 1334(+14 for winning)
