|j|☆jackpaulsartre33
|j|☆paralyze u
|html|jackpaulsartre33paralyze u    
|uhtml|bestof|Game 2 of a best-of-3
|t:|1785443904
|gametype|doubles
|player|p1|jackpaulsartre33|102|1103
|player|p2|paralyze u|2|1211
|gen|9
|tier|[Gen 9 Champions] VGC 2026 Reg M-B (Bo3)
|rated|
|rule|Species Clause: Limit one of each Pokémon
|rule|Item Clause: Limit 1 of each item
|clearpoke
|poke|p1|Gengar, L50, M|
|poke|p1|Incineroar, L50, F|
|poke|p1|Ninetales-Alola, L50, F|
|poke|p1|Garchomp, L50, F|
|poke|p1|Kingambit, L50, M|
|poke|p1|Charizard, L50, M|
|poke|p2|Gardevoir, L50, M, shiny|
|poke|p2|Basculegion, L50, M|
|poke|p2|Talonflame, L50, M|
|poke|p2|Maushold, L50|
|poke|p2|Kingambit, L50, M|
|poke|p2|Kommo-o, L50, M|
|teampreview|4
|showteam|p1|Gengar||Gengarite|CursedBody|Protect,ShadowBall,SludgeBomb,PerishSong|Timid||M|||50|]Incineroar||SitrusBerry|Intimidate|Protect,PartingShot,ThroatChop,FakeOut|Impish||F|||50|]Ninetales-Alola||NeverMeltIce|SnowWarning|Protect,Blizzard,FreezeDry,IcyWind|Timid||F|||50|]Garchomp||LifeOrb|RoughSkin|Protect,DragonClaw,StompingTantrum,RockSlide|Jolly||F|||50|]Kingambit||FocusSash|Defiant|Protect,KowtowCleave,SuckerPunch,LowKick|Adamant||M|||50|]Charizard||CharizarditeY|Blaze|Protect,HeatWave,SolarBeam,WeatherBall|Modest||M|||50|
|showteam|p2|Gardevoir||Gardevoirite|Trace|HyperVoice,Psychic,Thunderbolt,Protect|Modest||M|||50|]Basculegion||ChoiceScarf|Adaptability|WaveCrash,LastRespects,FlipTurn,AquaJet|Jolly||M|||50|]Talonflame||SharpBeak|GaleWings|DualWingbeat,FlareBlitz,Tailwind,Protect|Jolly||M|||50|]Maushold||FocusSash|FriendGuard|SuperFang,Feint,FollowMe,Protect|Jolly|||||50|]Kingambit||ExpertBelt|Defiant|KowtowCleave,SuckerPunch,IronHead,LowKick|Jolly||M|||50|]Kommo-o||LifeOrb|Soundproof|ClangingScales,DracoMeteor,AuraSphere,Protect|Modest||M|||50|
|j| Agent_999_999
|inactive|Battle timer is ON: inactive players will automatically lose when time's up. (requested by jackpaulsartre33)
|
|t:|1785443939
|teamsize|p1|4
|teamsize|p2|4
|start
|switch|p1a: Charizard|Charizard, L50, M|100/100
|switch|p1b: Kingambit|Kingambit, L50, M|100/100
|switch|p2a: Kommo-o|Kommo-o, L50, M|100/100
|switch|p2b: Maushold|Maushold, L50|100/100
|turn|1
|inactive|paralyze u has 30 seconds left.
|inactive|paralyze u has 20 seconds left.
|inactive|paralyze u has 15 seconds left.
|inactive|paralyze u has 10 seconds left.
|inactive|paralyze u has 5 seconds left.
|
|t:|1785443994
|detailschange|p1a: Charizard|Charizard-Mega-Y, L50, M
|-mega|p1a: Charizard|Charizard|Charizardite Y
|-weather|SunnyDay|[from] ability: Drought|[of] p1a: Charizard
|move|p2b: Maushold|Super Fang|p1a: Charizard|[miss]
|-miss|p2b: Maushold|p1a: Charizard
|move|p2a: Kommo-o|Aura Sphere|p1b: Kingambit
|-supereffective|p1b: Kingambit|2
|-enditem|p1b: Kingambit|Focus Sash
|-damage|p1b: Kingambit|1/100
|-damage|p2a: Kommo-o|90/100|[from] item: Life Orb
|move|p1a: Charizard|Heat Wave|p2a: Kommo-o|[spread] p2a,p2b
|-resisted|p2a: Kommo-o|1
|-damage|p2a: Kommo-o|66/100
|-damage|p2b: Maushold|25/100
|-status|p2a: Kommo-o|brn
|move|p1b: Kingambit|Low Kick|p2a: Kommo-o
|-damage|p2a: Kommo-o|45/100 brn
|
|-weather|SunnyDay|[upkeep]
|-damage|p2a: Kommo-o|39/100 brn|[from] brn
|upkeep
|turn|2
|inactive|jackpaulsartre33 has 30 seconds left.
|inactive|jackpaulsartre33 has 20 seconds left.
|inactive|jackpaulsartre33 has 15 seconds left.
|
|t:|1785444037
|switch|p1b: Ninetales|Ninetales-Alola, L50, F|100/100
|-weather|Snowscape|[from] ability: Snow Warning|[of] p1b: Ninetales
|move|p2b: Maushold|Feint|p1b: Ninetales
|-damage|p1b: Ninetales|92/100
|move|p2a: Kommo-o|Draco Meteor|p1a: Charizard
|-damage|p1a: Charizard|31/100
|-unboost|p2a: Kommo-o|spa|2
|-damage|p2a: Kommo-o|29/100 brn|[from] item: Life Orb
|move|p1a: Charizard|Heat Wave|p2b: Maushold|[spread] p2a,p2b
|-resisted|p2a: Kommo-o|1
|-damage|p2a: Kommo-o|11/100 brn
|-damage|p2b: Maushold|0 fnt
|faint|p2b: Maushold
|
|-weather|Snowscape|[upkeep]
|-damage|p2a: Kommo-o|5/100 brn|[from] brn
|upkeep
|
|t:|1785444054
|switch|p2b: Gardevoir|Gardevoir, L50, M, shiny|100/100
|-ability|p2b: Gardevoir|Snow Warning|Trace|[from] ability: Trace|[of] p1b: Ninetales
|turn|3
|
|t:|1785444078
|detailschange|p2b: Gardevoir|Gardevoir-Mega, L50, M, shiny
|-mega|p2b: Gardevoir|Gardevoir|Gardevoirite
|move|p1b: Ninetales|Protect|p1b: Ninetales
|-singleturn|p1b: Ninetales|Protect
|move|p1a: Charizard|Protect|p1a: Charizard
|-singleturn|p1a: Charizard|Protect
|move|p2b: Gardevoir|Hyper Voice|p1a: Charizard|[spread] 
|-activate|p1a: Charizard|move: Protect
|-activate|p1b: Ninetales|move: Protect
|move|p2a: Kommo-o|Clanging Scales|p1a: Charizard|[spread] 
|-activate|p1a: Charizard|move: Protect
|-activate|p1b: Ninetales|move: Protect
|
|-weather|Snowscape|[upkeep]
|-damage|p2a: Kommo-o|0 fnt|[from] brn
|faint|p2a: Kommo-o
|upkeep
|
|t:|1785444085
|switch|p2a: Basculegion|Basculegion, L50, M|100/100
|turn|4
|inactive|jackpaulsartre33 has 30 seconds left.
|inactive|paralyze u has 30 seconds left.
|inactive|jackpaulsartre33 has 20 seconds left.
|inactive|paralyze u has 20 seconds left.
|inactive|jackpaulsartre33 has 15 seconds left.
|inactive|jackpaulsartre33 has 10 seconds left.
|inactive|jackpaulsartre33 has 5 seconds left.
|
|t:|1785444137
|switch|p1a: Garchomp|Garchomp, L50, F|100/100
|move|p2a: Basculegion|Last Respects|p1b: Ninetales
|-damage|p1b: Ninetales|14/100
|move|p1b: Ninetales|Freeze-Dry|p2a: Basculegion
|-supereffective|p2a: Basculegion|1
|-damage|p2a: Basculegion|26/100
|move|p2b: Gardevoir|Hyper Voice|p1a: Garchomp|[spread] p1a,p1b
|-supereffective|p1a: Garchomp|1
|-damage|p1a: Garchomp|0 fnt
|-damage|p1b: Ninetales|0 fnt
|faint|p1a: Garchomp
|faint|p1b: Ninetales
|
|-weather|Snowscape|[upkeep]
|upkeep
|
|t:|1785444151
|switch|p1b: Kingambit|Kingambit, L50, M|1/100
|switch|p1a: Charizard|Charizard-Mega-Y, L50, M|31/100
|-weather|SunnyDay|[from] ability: Drought|[of] p1a: Charizard
|turn|5
|inactive|paralyze u has 30 seconds left.
|
|t:|1785444183
|move|p1a: Charizard|Protect|p1a: Charizard
|-singleturn|p1a: Charizard|Protect
|move|p1b: Kingambit|Sucker Punch|p2a: Basculegion
|-supereffective|p2a: Basculegion|1
|-damage|p2a: Basculegion|0 fnt
|faint|p2a: Basculegion
|move|p2b: Gardevoir|Hyper Voice|p1a: Charizard|[spread] p1b
|-activate|p1a: Charizard|move: Protect
|-damage|p1b: Kingambit|0 fnt
|faint|p1b: Kingambit
|
|-weather|SunnyDay|[upkeep]
|upkeep
|turn|6
|
|t:|1785444205
|move|p2b: Gardevoir|Protect|p2b: Gardevoir
|-singleturn|p2b: Gardevoir|Protect
|move|p1a: Charizard|Solar Beam||[still]
|-prepare|p1a: Charizard|Solar Beam
|-anim|p1a: Charizard|Solar Beam|p2b: Gardevoir
|-activate|p2b: Gardevoir|move: Protect
|
|-weather|SunnyDay|[upkeep]
|upkeep
|turn|7
|
|t:|1785444215
|move|p2b: Gardevoir|Thunderbolt|p1a: Charizard
|-supereffective|p1a: Charizard|1
|-damage|p1a: Charizard|0 fnt
|faint|p1a: Charizard
|
|win|paralyze u
||paralyze u is ready for game 3.
||jackpaulsartre33 is ready for game 3.
|uhtml|next|Next: Game 3 of 3
|l| Agent_999_999
