|j|☆rodry3
|j|☆exessvgc
|html|rodry3exessvgc    
|uhtml|bestof|Game 2 of a best-of-3
|t:|1783360170
|gametype|doubles
|player|p1|rodry3|roxie|1112
|player|p2|exessvgc|102|1233
|gen|9
|tier|[Gen 9 Champions] VGC 2026 Reg M-B (Bo3)
|rated|
|rule|Species Clause: Limit one of each Pokémon
|rule|Item Clause: Limit 1 of each item
|clearpoke
|poke|p1|Blastoise, L50, F|
|poke|p1|Sableye, L50, F|
|poke|p1|Sneasler, L50, F|
|poke|p1|Espathra, L50, M|
|poke|p1|Archaludon, L50, F|
|poke|p1|Sinistcha, L50|
|poke|p2|Charizard, L50, F|
|poke|p2|Sneasler, L50, F|
|poke|p2|Farigiraf, L50, F|
|poke|p2|Aerodactyl, L50, M|
|poke|p2|Sylveon, L50, M|
|poke|p2|Venusaur, L50, F|
|teampreview|4
|showteam|p1|Blastoise||Blastoisinite|RainDish|WaterSpout,DarkPulse,ShellSmash,FakeOut|Modest||F|||50|]Sableye||MentalHerb|Prankster|Reflect,LightScreen,RainDance,WillOWisp|Sassy||F|||50|]Sneasler||WhiteHerb|Unburden|DireClaw,CloseCombat,FakeOut,Protect|Jolly||F|||50|]Espathra||SitrusBerry|SpeedBoost|LuminaCrash,CalmMind,BatonPass,Protect|Timid||M|||50|]Archaludon||Leftovers|Stamina|Protect,ElectroShot,DragonPulse,FlashCannon|Modest||F|||50|]Sinistcha||KasibBerry|Hospitality|MatchaGotcha,LifeDew,RagePowder,PsychUp|Bold|||||50|
|showteam|p2|Charizard||CharizarditeX|Blaze|DragonDance,DragonClaw,FlareBlitz,Protect|Jolly||F|||50|]Sneasler||WhiteHerb|Unburden|FakeOut,Protect,CloseCombat,DireClaw|Jolly||F|||50|]Farigiraf||SitrusBerry|ArmorTail|TrickRoom,PsychicNoise,HelpingHand,Thunderbolt|Bold||F|||50|]Aerodactyl||FocusSash|Unnerve|RockSlide,Tailwind,SunnyDay,Taunt|Jolly||M|||50|]Sylveon||FairyFeather|Pixilate|HyperVoice,HyperBeam,Protect,ShadowBall|Modest||M|||50|]Venusaur||WideLens|Chlorophyll|SludgeBomb,EarthPower,SleepPowder,Protect|Modest||F|||50|
|inactive|Battle timer is ON: inactive players will automatically lose when time's up. (requested by rodry3)
|
|t:|1783360184
|teamsize|p1|4
|teamsize|p2|4
|start
|switch|p1a: Sableye|Sableye, L50, F|100/100
|switch|p1b: Blastoise|Blastoise, L50, F|100/100
|switch|p2a: DINOSAUVO|Aerodactyl, L50, M|100/100
|switch|p2b: Marianela|Sylveon, L50, M|100/100
|-ability|p2a: DINOSAUVO|Unnerve
|turn|1
|inactive|exessvgc has 30 seconds left.
|inactive|exessvgc has 20 seconds left.
|
|t:|1783360220
|detailschange|p1b: Blastoise|Blastoise-Mega, L50, F
|-mega|p1b: Blastoise|Blastoise|Blastoisinite
|move|p1a: Sableye|Rain Dance|p1a: Sableye
|-weather|RainDance
|move|p2a: DINOSAUVO|Taunt|p1b: Blastoise
|-start|p1b: Blastoise|move: Taunt
|move|p1b: Blastoise|Water Spout|p2a: DINOSAUVO|[spread] p2a,p2b
|-supereffective|p2a: DINOSAUVO|1
|-enditem|p2a: DINOSAUVO|Focus Sash
|-damage|p2a: DINOSAUVO|1/100
|-damage|p2b: Marianela|19/100
|move|p2b: Marianela|Hyper Beam|p1b: Blastoise
|-damage|p1b: Blastoise|0 fnt
|-mustrecharge|p2b: Marianela
|faint|p1b: Blastoise
|
|-weather|RainDance|[upkeep]
|upkeep
|
|t:|1783360233
|switch|p1b: Archaludon|Archaludon, L50, F|100/100
|turn|2
|
|t:|1783360244
|move|p1a: Sableye|Will-O-Wisp|p2a: DINOSAUVO
|-status|p2a: DINOSAUVO|brn
|move|p2a: DINOSAUVO|Sunny Day|p2a: DINOSAUVO
|-weather|SunnyDay
|move|p1b: Archaludon|Electro Shot||[still]
|-prepare|p1b: Archaludon|Electro Shot
|-boost|p1b: Archaludon|spa|1
|cant|p2b: Marianela|recharge
|
|-weather|SunnyDay|[upkeep]
|-damage|p2a: DINOSAUVO|0 fnt|[from] brn
|faint|p2a: DINOSAUVO
|upkeep
|
|t:|1783360255
|switch|p2a: Frank|Venusaur, L50, F|100/100
|turn|3
|
|t:|1783360269
|move|p1a: Sableye|Rain Dance|p1a: Sableye
|-weather|RainDance
|move|p2a: Frank|Sleep Powder|p1b: Archaludon|[miss]
|-miss|p2a: Frank|p1b: Archaludon
|move|p1b: Archaludon|Electro Shot|p2b: Marianela|[from] lockedmove
|-damage|p2b: Marianela|0 fnt
|faint|p2b: Marianela
|
|-weather|RainDance|[upkeep]
|upkeep
|
|t:|1783360282
|switch|p2b: LA GIRAFFA|Farigiraf, L50, F|100/100
|turn|4
|
|t:|1783360296
|move|p1a: Sableye|Light Screen|p1a: Sableye
|-sidestart|p1: rodry3|move: Light Screen
|move|p2a: Frank|Sleep Powder|p1b: Archaludon
|-status|p1b: Archaludon|slp|[from] move: Sleep Powder
|cant|p1b: Archaludon|slp
|move|p2b: LA GIRAFFA|Thunderbolt|p1a: Sableye
|-damage|p1a: Sableye|82/100
|
|-weather|RainDance|[upkeep]
|upkeep
|turn|5
|
|t:|1783360318
|move|p2b: LA GIRAFFA|Helping Hand|p2a: Frank
|-singleturn|p2a: Frank|Helping Hand|[of] p2b: LA GIRAFFA
|move|p1a: Sableye|Will-O-Wisp||[still]
|cant|p2b: LA GIRAFFA|ability: Armor Tail|Will-O-Wisp|[of] p1a: Sableye
|move|p2a: Frank|Earth Power|p1b: Archaludon
|-supereffective|p1b: Archaludon|1
|-damage|p1b: Archaludon|37/100 slp
|-ability|p1b: Archaludon|Stamina|boost
|-boost|p1b: Archaludon|def|1
|cant|p1b: Archaludon|slp
|
|-weather|RainDance|[upkeep]
|-heal|p1b: Archaludon|43/100 slp|[from] item: Leftovers
|upkeep
|turn|6
|
|t:|1783360333
|switch|p1a: Sneasler|Sneasler, L50, F|100/100
|move|p2b: LA GIRAFFA|Helping Hand|p2a: Frank
|-singleturn|p2a: Frank|Helping Hand|[of] p2b: LA GIRAFFA
|move|p2a: Frank|Earth Power|p1b: Archaludon
|-supereffective|p1b: Archaludon|1
|-damage|p1b: Archaludon|0 fnt
|faint|p1b: Archaludon
|
|-weather|RainDance|[upkeep]
|upkeep
|
|t:|1783360340
|switch|p1b: Sableye|Sableye, L50, F|82/100
|turn|7
|
|t:|1783360353
|move|p1b: Sableye|Will-O-Wisp||[still]
|cant|p2b: LA GIRAFFA|ability: Armor Tail|Will-O-Wisp|[of] p1b: Sableye
|move|p1a: Sneasler|Close Combat|p2b: LA GIRAFFA
|-damage|p2b: LA GIRAFFA|49/100
|-unboost|p1a: Sneasler|def|1
|-unboost|p1a: Sneasler|spd|1
|-enditem|p2b: LA GIRAFFA|Sitrus Berry|[eat]
|-heal|p2b: LA GIRAFFA|74/100|[from] item: Sitrus Berry
|-enditem|p1a: Sneasler|White Herb
|-clearnegativeboost|p1a: Sneasler|[silent]
|move|p2a: Frank|Sleep Powder|p1b: Sableye|[miss]
|-miss|p2a: Frank|p1b: Sableye
|move|p2b: LA GIRAFFA|Psychic Noise|p1a: Sneasler
|-supereffective|p1a: Sneasler|2
|-damage|p1a: Sneasler|1/100
|-start|p1a: Sneasler|move: Heal Block
|
|-weather|none
|upkeep
|turn|8
|-message|rodry3 forfeited.
|
|win|exessvgc
|raw|rodry3's rating: 1112 → 1095(-17 for losing)
|raw|exessvgc's rating: 1233 → 1250(+17 for winning)
|l|☆rodry3
|player|p1|
