|j|‽Dogshocker
|j|☆TheLambasEffigy
|html|DogshockerTheLambasEffigy    
|uhtml|bestof|Game 1 of a best-of-3
|t:|1782419177
|gametype|doubles
|player|p1|Dogshocker|cynthia-gen4|1023
|player|p2|TheLambasEffigy|2|1000
|gen|9
|tier|[Gen 9 Champions] VGC 2026 Reg M-B (Bo3)
|rated|
|rule|Species Clause: Limit one of each Pokémon
|rule|Item Clause: Limit 1 of each item
|clearpoke
|poke|p1|Dragalge, L50, M|
|poke|p1|Hatterene, L50, F|
|poke|p1|Primarina, L50, M|
|poke|p1|Kingambit, L50, M|
|poke|p1|Crabominable, L50, M|
|poke|p1|Aegislash, L50, M|
|poke|p2|Floette-Eternal, L50, F|
|poke|p2|Aerodactyl, L50, M|
|poke|p2|Tinkaton, L50, F|
|poke|p2|Kingambit, L50, M|
|poke|p2|Basculegion, L50, M|
|poke|p2|Sneasler, L50, F|
|teampreview|4
|showteam|p1|Dragalge||Dragalgite|PoisonPoint|SludgeBomb,Protect,DragonPulse,ShadowBall|Relaxed||M|||50|]Hatterene||MentalHerb|MagicBounce|TrickRoom,Protect,DazzlingGleam,Psychic|Sassy||F|||50|]Primarina||MysticWater|LiquidVoice|HyperVoice,PsychicNoise,DazzlingGleam,Protect|Quiet||M|||50|]Kingambit||BlackGlasses|Defiant|SuckerPunch,KowtowCleave,Protect,SwordsDance|Brave||M|||50|]Crabominable||Crabominite|IronFist|IceHammer,DrainPunch,ThunderPunch,Protect|Brave||M|||50|]Aegislash||SitrusBerry|StanceChange|KingsShield,FlashCannon,ShadowBall,WideGuard|Calm||M|||50|
|showteam|p2|Floette-Eternal||Floettite|FlowerVeil|GigaDrain,DazzlingGleam,Protect,CalmMind|Bold||F|||50|]Aerodactyl||Aerodactylite|Unnerve|Tailwind,DualWingbeat,Protect,RockSlide|Jolly||M|||50|]Tinkaton||OccaBerry|MoldBreaker|FakeOut,Encore,Protect,GigatonHammer|Jolly||F|||50|]Kingambit||BlackGlasses|Defiant|KowtowCleave,SuckerPunch,SwordsDance,Protect|Adamant||M|||50|]Basculegion||MysticWater|Adaptability|LastRespects,WaveCrash,AquaJet,Protect|Adamant||M|||50|]Sneasler||WhiteHerb|Unburden|Protect,DireClaw,FakeOut,CloseCombat|Jolly||F|||50|
|inactive|Battle timer is ON: inactive players will automatically lose when time's up. (requested by Dogshocker)
|inactive|TheLambasEffigy has 60 seconds left.
|
|t:|1782419229
|teamsize|p1|4
|teamsize|p2|4
|start
|switch|p1a: Hatterene|Hatterene, L50, F|100/100
|switch|p1b: Primarina|Primarina, L50, M|100/100
|switch|p2a: Tinkaton|Tinkaton, L50, F|100/100
|switch|p2b: Sneasler|Sneasler, L50, F|100/100
|-ability|p2a: Tinkaton|Mold Breaker
|turn|1
|
|t:|1782419249
|move|p1b: Primarina|Protect|p1b: Primarina
|-singleturn|p1b: Primarina|Protect
|move|p1a: Hatterene|Protect|p1a: Hatterene
|-singleturn|p1a: Hatterene|Protect
|move|p2b: Sneasler|Fake Out|p1b: Primarina
|-activate|p1b: Primarina|move: Protect
|move|p2a: Tinkaton|Gigaton Hammer|p1a: Hatterene
|-activate|p1a: Hatterene|move: Protect
|
|upkeep
|turn|2
|
|t:|1782419263
|move|p2b: Sneasler|Dire Claw|p1a: Hatterene
|-supereffective|p1a: Hatterene|1
|-damage|p1a: Hatterene|8/100
|-status|p1a: Hatterene|par
|move|p2a: Tinkaton|Encore|p1b: Primarina
|-start|p1b: Primarina|Encore
|move|p1b: Primarina|Protect|p1b: Primarina
|-singleturn|p1b: Primarina|Protect
|move|p1a: Hatterene|Trick Room|p1a: Hatterene
|-fieldstart|move: Trick Room|[of] p1a: Hatterene
|
|upkeep
|turn|3
|
|t:|1782419285
|switch|p1b: Aegislash|Aegislash, L50, M|100/100
|move|p2b: Sneasler|Protect|p2b: Sneasler
|-singleturn|p2b: Sneasler|Protect
|move|p1a: Hatterene|Psychic|p2b: Sneasler
|-activate|p2b: Sneasler|move: Protect
|move|p2a: Tinkaton|Gigaton Hammer|p1a: Hatterene
|-supereffective|p1a: Hatterene|1
|-damage|p1a: Hatterene|0 fnt
|faint|p1a: Hatterene
|
|upkeep
|
|t:|1782419293
|switch|p1a: Primarina|Primarina, L50, M|100/100
|turn|4
|
|t:|1782419303
|switch|p2b: Kingambit|Kingambit, L50, M|100/100
|move|p2a: Tinkaton|Protect|p2a: Tinkaton
|-singleturn|p2a: Tinkaton|Protect
|move|p1a: Primarina|Hyper Voice|p2b: Kingambit|[spread] p2b
|-activate|p2a: Tinkaton|move: Protect
|-damage|p2b: Kingambit|56/100
|-formechange|p1b: Aegislash|Aegislash-Blade|
|move|p1b: Aegislash|Shadow Ball|p2b: Kingambit
|-resisted|p2b: Kingambit|1
|-damage|p2b: Kingambit|37/100
|-unboost|p2b: Kingambit|spd|1
|-ability|p2b: Kingambit|Defiant|boost
|-boost|p2b: Kingambit|atk|2
|
|upkeep
|turn|5
|
|t:|1782419323
|-formechange|p1b: Aegislash|Aegislash|
|move|p1b: Aegislash|King's Shield|p1b: Aegislash
|-singleturn|p1b: Aegislash|Protect
|move|p2b: Kingambit|Sucker Punch||[still]
|-fail|p2b: Kingambit
|move|p1a: Primarina|Hyper Voice|p2a: Tinkaton|[spread] p2a,p2b
|-damage|p2a: Tinkaton|57/100
|-damage|p2b: Kingambit|0 fnt
|faint|p2b: Kingambit
|move|p2a: Tinkaton|Gigaton Hammer|p1a: Primarina
|-damage|p1a: Primarina|43/100
|
|upkeep
|
|t:|1782419329
|switch|p2b: Sneasler|Sneasler, L50, F|100/100
|turn|6
|
|t:|1782419342
|move|p1a: Primarina|Protect|p1a: Primarina
|-singleturn|p1a: Primarina|Protect
|move|p2b: Sneasler|Fake Out|p1a: Primarina
|-activate|p1a: Primarina|move: Protect
|-formechange|p1b: Aegislash|Aegislash-Blade|
|move|p1b: Aegislash|Shadow Ball|p2b: Sneasler
|-damage|p2b: Sneasler|49/100
|move|p2a: Tinkaton|Encore|p1b: Aegislash
|-start|p1b: Aegislash|Encore
|
|-fieldend|move: Trick Room
|upkeep
|turn|7
|
|t:|1782419361
|switch|p2a: Floette|Floette-Eternal, L50, F|100/100
|move|p2b: Sneasler|Dire Claw|p1a: Primarina
|-supereffective|p1a: Primarina|1
|-damage|p1a: Primarina|0 fnt
|faint|p1a: Primarina
|move|p1b: Aegislash|Shadow Ball|p2b: Sneasler
|-damage|p2b: Sneasler|1/100
|
|upkeep
|
|t:|1782419370
|switch|p1a: Dragalge|Dragalge, L50, M|100/100
|turn|8
|
|t:|1782419380
|detailschange|p2a: Floette|Floette-Mega, L50, F
|-mega|p2a: Floette|Floette|Floettite
|-ability|p2a: Floette|Fairy Aura
|detailschange|p1a: Dragalge|Dragalge-Mega, L50, M
|-mega|p1a: Dragalge|Dragalge|Dragalgite
|move|p2b: Sneasler|Close Combat|p1a: Dragalge
|-resisted|p1a: Dragalge|1
|-damage|p1a: Dragalge|74/100
|-unboost|p2b: Sneasler|def|1
|-unboost|p2b: Sneasler|spd|1
|-enditem|p2b: Sneasler|White Herb
|-clearnegativeboost|p2b: Sneasler|[silent]
|move|p2a: Floette|Calm Mind|p2a: Floette
|-boost|p2a: Floette|spa|1
|-boost|p2a: Floette|spd|1
|move|p1b: Aegislash|Shadow Ball|p2b: Sneasler
|-damage|p2b: Sneasler|0 fnt
|faint|p2b: Sneasler
|move|p1a: Dragalge|Sludge Bomb|p2a: Floette
|-supereffective|p2a: Floette|1
|-damage|p2a: Floette|45/100
|
|upkeep
|
|t:|1782419394
|switch|p2b: Tinkaton|Tinkaton, L50, F|57/100
|-ability|p2b: Tinkaton|Mold Breaker
|turn|9
|
|t:|1782419410
|move|p2b: Tinkaton|Gigaton Hammer|p1a: Dragalge
|-damage|p1a: Dragalge|30/100
|move|p2a: Floette|Dazzling Gleam|p1a: Dragalge|[spread] p1a,p1b
|-resisted|p1b: Aegislash|1
|-damage|p1a: Dragalge|0 fnt
|-damage|p1b: Aegislash|56/100
|faint|p1a: Dragalge
|move|p1b: Aegislash|Shadow Ball|p2a: Floette
|-damage|p2a: Floette|23/100
|
|-end|p1b: Aegislash|Encore
|upkeep
|turn|10
|
|t:|1782419425
|move|p2b: Tinkaton|Encore|p1b: Aegislash
|-start|p1b: Aegislash|Encore
|move|p2a: Floette|Dazzling Gleam|p1b: Aegislash
|-resisted|p1b: Aegislash|1
|-damage|p1b: Aegislash|5/100
|-enditem|p1b: Aegislash|Sitrus Berry|[eat]
|-heal|p1b: Aegislash|30/100|[from] item: Sitrus Berry
|move|p1b: Aegislash|Shadow Ball|p2b: Tinkaton
|-damage|p2b: Tinkaton|26/100
|
|upkeep
|turn|11
|
|t:|1782419436
|move|p2b: Tinkaton|Gigaton Hammer|p1b: Aegislash
|-resisted|p1b: Aegislash|1
|-damage|p1b: Aegislash|0 fnt
|faint|p1b: Aegislash
|
|win|TheLambasEffigy
||TheLambasEffigy is ready for game 2.
|l|‽Dogshocker
|player|p1|
||Dogshocker is ready for game 2.
|uhtml|next|Next: Game 2 of 3
