|j|☆jvbkbufohl v
|j|☆Chelicerate1
|html|jvbkbufohl vChelicerate1    
|uhtml|bestof|Game 1 of a best-of-3
|t:|1783261483
|gametype|doubles
|player|p1|jvbkbufohl v|1|1068
|player|p2|Chelicerate1|ethan|1137
|gen|9
|tier|[Gen 9 Champions] VGC 2026 Reg M-B (Bo3)
|rated|
|rule|Species Clause: Limit one of each Pokémon
|rule|Item Clause: Limit 1 of each item
|clearpoke
|poke|p1|Archaludon, L50, F|
|poke|p1|Swampert, L50, F|
|poke|p1|Pelipper, L50, M|
|poke|p1|Farigiraf, L50, M|
|poke|p1|Metagross, L50|
|poke|p1|Grimmsnarl, L50, M|
|poke|p2|Charizard, L50, M, shiny|
|poke|p2|Gholdengo, L50, shiny|
|poke|p2|Incineroar, L50, M, shiny|
|poke|p2|Floette-Eternal, L50, F|
|poke|p2|Sinistcha-Masterpiece, L50, shiny|
|poke|p2|Garchomp, L50, M, shiny|
|teampreview|4
|showteam|p1|Archaludon||Leftovers|Stamina|ElectroShot,DracoMeteor,Protect,DarkPulse|Modest||F|||50|]Swampert||Swampertite|Damp|HighHorsepower,IcePunch,WaveCrash,Protect|Adamant||F|||50|]Pelipper||DampRock|Drizzle|Hurricane,WideGuard,Protect,WeatherBall|Modest||M|||50|]Farigiraf||MentalHerb|ArmorTail|TrickRoom,DazzlingGleam,HyperVoice,Protect|Sassy||M|||50|]Metagross||Metagrossite|ClearBody|BulletPunch,Protect,IronHead,PsychicFangs|Jolly|||||50|]Grimmsnarl||LightClay|Prankster|SpiritBreak,Reflect,PartingShot,LightScreen|Careful||M|||50|
|showteam|p2|Charizard||CharizarditeY|SolarPower|HeatWave,WeatherBall,SolarBeam,Protect|Modest||M|||50|]Gholdengo||ChoiceScarf|GoodasGold|MakeItRain,Psychic,ShadowBall,Trick|Timid|||||50|]Incineroar||SitrusBerry|Intimidate|FakeOut,ThroatChop,PartingShot,FlareBlitz|Careful||M|||50|]Floette-Eternal||Floettite|FlowerVeil|Moonblast,DazzlingGleam,CalmMind,Protect|Modest||F|||50|]Sinistcha-Masterpiece||KasibBerry|Hospitality|MatchaGotcha,RagePowder,LifeDew,Protect|Bold|||||50|]Garchomp||LifeOrb|RoughSkin|DragonClaw,RockSlide,Earthquake,Protect|Adamant||M|||50|
|inactive|Battle timer is ON: inactive players will automatically lose when time's up. (requested by Chelicerate1)
|
|t:|1783261502
|teamsize|p1|4
|teamsize|p2|4
|start
|switch|p1a: Swampert|Swampert, L50, F|100/100
|switch|p1b: Grimmsnarl|Grimmsnarl, L50, M|100/100
|switch|p2a: Charizard|Charizard, L50, M, shiny|100/100
|switch|p2b: Incineroar|Incineroar, L50, M, shiny|100/100
|-ability|p2b: Incineroar|Intimidate|boost
|-unboost|p1a: Swampert|atk|1
|-unboost|p1b: Grimmsnarl|atk|1
|turn|1
|
|t:|1783261526
|detailschange|p2a: Charizard|Charizard-Mega-Y, L50, M, shiny
|-mega|p2a: Charizard|Charizard|Charizardite Y
|-weather|SunnyDay|[from] ability: Drought|[of] p2a: Charizard
|move|p1a: Swampert|Protect|p1a: Swampert
|-singleturn|p1a: Swampert|Protect
|move|p2b: Incineroar|Fake Out|p1b: Grimmsnarl
|-damage|p1b: Grimmsnarl|87/100
|cant|p1b: Grimmsnarl|flinch
|move|p2a: Charizard|Weather Ball|p1b: Grimmsnarl
|-damage|p1b: Grimmsnarl|20/100y
|
|-weather|SunnyDay|[upkeep]
|upkeep
|turn|2
|
|t:|1783261544
|switch|p2a: Sinistcha|Sinistcha-Masterpiece, L50, shiny|100/100
|switch|p1a: Archaludon|Archaludon, L50, F|100/100
|move|p1b: Grimmsnarl|Parting Shot|p2a: Sinistcha
|-unboost|p2a: Sinistcha|atk|1
|-unboost|p2a: Sinistcha|spa|1
|
|t:|1783261555
|switch|p1b: Swampert|Swampert, L50, F|100/100|[from] Parting Shot
|move|p2b: Incineroar|Parting Shot|p1a: Archaludon
|-unboost|p1a: Archaludon|atk|1
|-unboost|p1a: Archaludon|spa|1
|
|t:|1783261560
|switch|p2b: Garchomp|Garchomp, L50, M, shiny|100/100|[from] Parting Shot
|
|-weather|SunnyDay|[upkeep]
|upkeep
|turn|3
|
|t:|1783261570
|switch|p1a: Pelipper|Pelipper, L50, M|100/100
|-weather|RainDance|[from] ability: Drizzle|[of] p1a: Pelipper
|move|p1b: Swampert|Protect|p1b: Swampert
|-singleturn|p1b: Swampert|Protect
|move|p2b: Garchomp|Earthquake|p1a: Pelipper|[spread] p2a
|-activate|p1b: Swampert|move: Protect
|-immune|p1a: Pelipper
|-resisted|p2a: Sinistcha|1
|-damage|p2a: Sinistcha|77/100
|-damage|p2b: Garchomp|90/100|[from] item: Life Orb
|move|p2a: Sinistcha|Life Dew|p2a: Sinistcha|[spread] p2a,p2b
|-heal|p2a: Sinistcha|100/100
|-heal|p2b: Garchomp|100/100
|
|-weather|RainDance|[upkeep]
|upkeep
|turn|4
|inactive|jvbkbufohl v has 30 seconds left.
|
|t:|1783261596
|switch|p2a: Charizard|Charizard-Mega-Y, L50, M, shiny|100/100
|-weather|SunnyDay|[from] ability: Drought|[of] p2a: Charizard
|switch|p1a: Grimmsnarl|Grimmsnarl, L50, M|20/100y
|detailschange|p1b: Swampert|Swampert-Mega, L50, F
|-mega|p1b: Swampert|Swampert|Swampertite
|move|p2b: Garchomp|Earthquake|p1a: Grimmsnarl|[spread] p1a,p1b
|-immune|p2a: Charizard
|-damage|p1a: Grimmsnarl|0 fnt
|-damage|p1b: Swampert|52/100
|faint|p1a: Grimmsnarl
|-damage|p2b: Garchomp|90/100|[from] item: Life Orb
|move|p1b: Swampert|Ice Punch|p2b: Garchomp
|-supereffective|p2b: Garchomp|2
|-damage|p2b: Garchomp|0 fnt
|-damage|p1b: Swampert|40/100|[from] ability: Rough Skin|[of] p2b: Garchomp
|faint|p2b: Garchomp
|
|-weather|SunnyDay|[upkeep]
|upkeep
|
|t:|1783261617
|switch|p2b: Incineroar|Incineroar, L50, M, shiny|100/100
|switch|p1a: Pelipper|Pelipper, L50, M|100/100
|-ability|p2b: Incineroar|Intimidate|boost
|-unboost|p1a: Pelipper|atk|1
|-unboost|p1b: Swampert|atk|1
|-weather|RainDance|[from] ability: Drizzle|[of] p1a: Pelipper
|turn|5
|
|t:|1783261633
|switch|p2a: Sinistcha|Sinistcha-Masterpiece, L50, shiny|100/100
|move|p2b: Incineroar|Fake Out|p1a: Pelipper
|-damage|p1a: Pelipper|89/100
|move|p1b: Swampert|Wave Crash|p2b: Incineroar
|-supereffective|p2b: Incineroar|1
|-damage|p2b: Incineroar|0 fnt
|faint|p2b: Incineroar
|-damage|p1b: Swampert|7/100|[from] Recoil
|cant|p1a: Pelipper|flinch
|
|-weather|RainDance|[upkeep]
|upkeep
|
|t:|1783261644
|switch|p2b: Charizard|Charizard-Mega-Y, L50, M, shiny|100/100
|-weather|SunnyDay|[from] ability: Drought|[of] p2b: Charizard
|turn|6
|
|t:|1783261653
|switch|p1a: Archaludon|Archaludon, L50, F|100/100
|move|p1b: Swampert|Protect|p1b: Swampert
|-singleturn|p1b: Swampert|Protect
|move|p2b: Charizard|Weather Ball|p1b: Swampert
|-activate|p1b: Swampert|move: Protect
|move|p2a: Sinistcha|Matcha Gotcha|p1b: Swampert|[spread] p1a
|-activate|p1b: Swampert|move: Protect
|-resisted|p1a: Archaludon|2
|-damage|p1a: Archaludon|94/100
|-ability|p1a: Archaludon|Stamina|boost
|-boost|p1a: Archaludon|def|1
|
|-weather|SunnyDay|[upkeep]
|-heal|p1a: Archaludon|100/100|[from] item: Leftovers
|upkeep
|turn|7
|
|t:|1783261673
|switch|p1a: Pelipper|Pelipper, L50, M|89/100
|-weather|RainDance|[from] ability: Drizzle|[of] p1a: Pelipper
|move|p2a: Sinistcha|Rage Powder|p2a: Sinistcha
|-singleturn|p2a: Sinistcha|move: Rage Powder
|move|p1b: Swampert|Wave Crash|p2a: Sinistcha
|-resisted|p2a: Sinistcha|1
|-damage|p2a: Sinistcha|71/100
|-damage|p1b: Swampert|0 fnt|[from] Recoil
|faint|p1b: Swampert
|move|p2b: Charizard|Heat Wave|p1a: Pelipper
|-resisted|p1a: Pelipper|1
|-damage|p1a: Pelipper|70/100
|
|-weather|RainDance|[upkeep]
|upkeep
|
|t:|1783261686
|switch|p1b: Archaludon|Archaludon, L50, F|100/100
|turn|8
|
|t:|1783261691
|move|p2b: Charizard|Protect|p2b: Charizard
|-singleturn|p2b: Charizard|Protect
|move|p2a: Sinistcha|Protect|p2a: Sinistcha
|-singleturn|p2a: Sinistcha|Protect
|move|p1b: Archaludon|Electro Shot||[still]
|-prepare|p1b: Archaludon|Electro Shot
|-boost|p1b: Archaludon|spa|1
|-anim|p1b: Archaludon|Electro Shot|p2b: Charizard
|-activate|p2b: Charizard|move: Protect
|move|p1a: Pelipper|Hurricane|p2a: Sinistcha
|-activate|p2a: Sinistcha|move: Protect
|
|-weather|RainDance|[upkeep]
|upkeep
|turn|9
|
|t:|1783261707
|move|p2a: Sinistcha|Rage Powder|p2a: Sinistcha
|-singleturn|p2a: Sinistcha|move: Rage Powder
|move|p2b: Charizard|Heat Wave|p1b: Archaludon|[spread] p1b
|-miss|p2b: Charizard|p1a: Pelipper
|-damage|p1b: Archaludon|80/100
|-ability|p1b: Archaludon|Stamina|boost
|-boost|p1b: Archaludon|def|1
|move|p1b: Archaludon|Electro Shot||[still]
|-prepare|p1b: Archaludon|Electro Shot
|-boost|p1b: Archaludon|spa|1
|-anim|p1b: Archaludon|Electro Shot|p2a: Sinistcha
|-resisted|p2a: Sinistcha|1
|-damage|p2a: Sinistcha|14/100
|move|p1a: Pelipper|Hurricane|p2a: Sinistcha
|-supereffective|p2a: Sinistcha|1
|-damage|p2a: Sinistcha|0 fnt
|faint|p2a: Sinistcha
|
|-weather|RainDance|[upkeep]
|-heal|p1b: Archaludon|86/100|[from] item: Leftovers
|upkeep
|turn|10
|inactive|jvbkbufohl v has 30 seconds left.
|
|t:|1783261740
|move|p2b: Charizard|Heat Wave|p1b: Archaludon|[spread] p1a,p1b
|-resisted|p1a: Pelipper|1
|-damage|p1a: Pelipper|56/100
|-damage|p1b: Archaludon|65/100
|-ability|p1b: Archaludon|Stamina|boost
|-boost|p1b: Archaludon|def|1
|move|p1b: Archaludon|Electro Shot||[still]
|-prepare|p1b: Archaludon|Electro Shot
|-boost|p1b: Archaludon|spa|1
|-anim|p1b: Archaludon|Electro Shot|p2b: Charizard
|-supereffective|p2b: Charizard|1
|-damage|p2b: Charizard|0 fnt
|faint|p2b: Charizard
|
|win|jvbkbufohl v
||jvbkbufohl v is ready for game 2.
