|j|☆lolgz
|j|☆compton crackhouse
|html|lolgzcompton crackhouse    
|uhtml|bestof|Game 1 of a best-of-3
|t:|1782193938
|gametype|doubles
|player|p1|lolgz|dawn|1191
|player|p2|compton crackhouse|hanbei-conquest|1121
|gen|9
|tier|[Gen 9 Champions] VGC 2026 Reg M-B (Bo3)
|rated|
|rule|Species Clause: Limit one of each Pokémon
|rule|Item Clause: Limit 1 of each item
|clearpoke
|poke|p1|Torkoal, L50, F|
|poke|p1|Vileplume, L50, F|
|poke|p1|Farigiraf, L50, F|
|poke|p1|Scrafty, L50, M|
|poke|p1|Gallade, L50, M|
|poke|p1|Mawile, L50, F|
|poke|p2|Raichu, L50, F|
|poke|p2|Sinistcha, L50|
|poke|p2|Sceptile, L50, F|
|poke|p2|Basculegion, L50, M|
|poke|p2|Incineroar, L50, F|
|poke|p2|Decidueye-Hisui, L50, M|
|teampreview|4
|showteam|p1|Torkoal||Charcoal|Drought|Eruption,WeatherBall,EarthPower,Protect|Quiet||F|||50|]Vileplume||FocusSash|Chlorophyll|EnergyBall,SludgeBomb,SleepPowder,AfterYou|Timid||F|||50|]Farigiraf||SitrusBerry|ArmorTail|TrickRoom,Protect,Psychic,HelpingHand|Bold||F|||50|]Scrafty||Scraftinite|Intimidate|CloseCombat,KnockOff,FakeOut,RockSlide|Brave||M|||50|]Gallade||IronBall|Sharpness|SacredSword,PsychoCut,WideGuard,TrickRoom|Brave||M|||50|]Mawile||Mawilite|Intimidate|SuckerPunch,PlayRough,SwordsDance,Protect|Brave||F|||50|
|showteam|p2|Raichu||RaichuniteX|LightningRod|RisingVoltage,VoltTackle,PlayRough,Protect|Hasty||F|||50|]Sinistcha||KasibBerry|Hospitality|MatchaGotcha,RagePowder,StrengthSap,Protect|Bold|||||50|]Sceptile||Sceptilite|Overgrow|EnergyBall,DragonPulse,EarthPower,Protect|Timid||F|||50|]Basculegion||ChoiceScarf|Adaptability|WaveCrash,LastRespects,FlipTurn,AquaJet|Jolly||M|||50|]Incineroar||SitrusBerry|Intimidate|FlareBlitz,FakeOut,PartingShot,WillOWisp|Careful||F|||50|]Decidueye-Hisui||FocusSash|Scrappy|TripleArrows,Tailwind,Protect,ShadowSneak|Impish||M|||50|
|inactive|Battle timer is ON: inactive players will automatically lose when time's up. (requested by lolgz)
|inactive|lolgz has 60 seconds left.
|
|t:|1782193980
|teamsize|p1|4
|teamsize|p2|4
|start
|switch|p1a: Vileplume|Vileplume, L50, F|100/100
|switch|p1b: Torkoal|Torkoal, L50, F|100/100
|switch|p2a: Raichu|Raichu, L50, F|100/100
|switch|p2b: Incineroar|Incineroar, L50, F|100/100
|-ability|p2b: Incineroar|Intimidate|boost
|-unboost|p1a: Vileplume|atk|1
|-unboost|p1b: Torkoal|atk|1
|-weather|SunnyDay|[from] ability: Drought|[of] p1b: Torkoal
|turn|1
|inactive|lolgz has 30 seconds left.
|
|t:|1782194011
|move|p2a: Raichu|Protect|p2a: Raichu
|-singleturn|p2a: Raichu|Protect
|move|p1b: Torkoal|Protect|p1b: Torkoal
|-singleturn|p1b: Torkoal|Protect
|move|p2b: Incineroar|Fake Out|p1a: Vileplume
|-damage|p1a: Vileplume|84/100
|cant|p1a: Vileplume|flinch
|
|-weather|SunnyDay|[upkeep]
|upkeep
|turn|2
|
|t:|1782194018
|switch|p2a: Basculegion|Basculegion, L50, M|100/100
|switch|p1b: Farigiraf|Farigiraf, L50, F|100/100
|move|p1a: Vileplume|Sleep Powder|p2b: Incineroar
|-status|p2b: Incineroar|slp|[from] move: Sleep Powder
|cant|p2b: Incineroar|slp
|
|-weather|SunnyDay|[upkeep]
|upkeep
|turn|3
|
|t:|1782194026
|move|p1a: Vileplume|Energy Ball|p2a: Basculegion
|-supereffective|p2a: Basculegion|1
|-damage|p2a: Basculegion|4/100
|move|p2a: Basculegion|Flip Turn|p1a: Vileplume
|-resisted|p1a: Vileplume|1
|-damage|p1a: Vileplume|73/100
|
|t:|1782194031
|switch|p2a: Raichu|Raichu, L50, F|100/100|[from] Flip Turn
|-curestatus|p2b: Incineroar|slp|[msg]
|move|p2b: Incineroar|Flare Blitz|p1a: Vileplume
|-supereffective|p1a: Vileplume|1
|-damage|p1a: Vileplume|0 fnt
|faint|p1a: Vileplume
|-damage|p2b: Incineroar|81/100|[from] Recoil
|move|p1b: Farigiraf|Trick Room|p1b: Farigiraf
|-fieldstart|move: Trick Room|[of] p1b: Farigiraf
|
|-weather|SunnyDay|[upkeep]
|upkeep
|
|t:|1782194034
|switch|p1a: Torkoal|Torkoal, L50, F|100/100
|turn|4
|
|t:|1782194040
|move|p1b: Farigiraf|Helping Hand|p1a: Torkoal
|-singleturn|p1a: Torkoal|Helping Hand|[of] p1b: Farigiraf
|move|p2a: Raichu|Protect|p2a: Raichu
|-singleturn|p2a: Raichu|Protect
|move|p1a: Torkoal|Eruption|p2b: Incineroar|[spread] p2b
|-activate|p2a: Raichu|move: Protect
|-resisted|p2b: Incineroar|1
|-damage|p2b: Incineroar|35/100
|-enditem|p2b: Incineroar|Sitrus Berry|[eat]
|-heal|p2b: Incineroar|59/100|[from] item: Sitrus Berry
|move|p2b: Incineroar|Parting Shot|p1a: Torkoal
|-unboost|p1a: Torkoal|atk|1
|-unboost|p1a: Torkoal|spa|1
|
|t:|1782194046
|switch|p2b: Basculegion|Basculegion, L50, M|4/100|[from] Parting Shot
|
|-weather|SunnyDay|[upkeep]
|upkeep
|turn|5
|
|t:|1782194054
|detailschange|p2a: Raichu|Raichu-Mega-X, L50, F
|-mega|p2a: Raichu|Raichu|Raichunite X
|-fieldstart|move: Electric Terrain|[from] ability: Electric Surge|[of] p2a: Raichu
|move|p2b: Basculegion|Aqua Jet||[still]
|cant|p1b: Farigiraf|ability: Armor Tail|Aqua Jet|[of] p2b: Basculegion
|move|p1a: Torkoal|Eruption|p2b: Basculegion|[spread] p2a,p2b
|-resisted|p2b: Basculegion|1
|-damage|p2a: Raichu|19/100
|-damage|p2b: Basculegion|0 fnt
|faint|p2b: Basculegion
|move|p1b: Farigiraf|Psychic|p2a: Raichu
|-damage|p2a: Raichu|0 fnt
|faint|p2a: Raichu
|
|-weather|none
|upkeep
|
|t:|1782194059
|switch|p2b: Incineroar|Incineroar, L50, F|59/100
|switch|p2a: Sinistcha|Sinistcha, L50|100/100
|-ability|p2b: Incineroar|Intimidate|boost
|-unboost|p1a: Torkoal|atk|1
|-unboost|p1b: Farigiraf|atk|1
|-heal|p2b: Incineroar|84/100|[from] ability: Hospitality|[of] p2a: Sinistcha
|turn|6
|-message|compton crackhouse forfeited.
|
|win|lolgz
|l|☆compton crackhouse
|player|p2|
