|j|☆Shepz
|j|☆Milesymiles
|html|ShepzMilesymiles    
|uhtml|bestof|Game 3 of a best-of-3
|t:|1785176785
|gametype|doubles
|player|p1|Shepz|bellelba|1222
|player|p2|Milesymiles|veteran|1166
|gen|9
|tier|[Gen 9 Champions] VGC 2026 Reg M-B (Bo3)
|rated|
|rule|Species Clause: Limit one of each Pokémon
|rule|Item Clause: Limit 1 of each item
|clearpoke
|poke|p1|Dragonite, L50, M|
|poke|p1|Pelipper, L50, M|
|poke|p1|Basculegion, L50, M|
|poke|p1|Sneasler, L50, F|
|poke|p1|Archaludon, L50, M|
|poke|p1|Meganium, L50, F|
|poke|p2|Chandelure, L50, M|
|poke|p2|Staraptor, L50, F|
|poke|p2|Vanilluxe, L50, F, shiny|
|poke|p2|Grimmsnarl, L50, M|
|poke|p2|Excadrill, L50, M|
|poke|p2|Rotom-Wash, L50, shiny|
|teampreview|4
|showteam|p1|Dragonite||Dragoninite|Multiscale|Hurricane,DragonPulse,Thunder,Protect|Modest||M|||50|]Pelipper||FocusSash|Drizzle|WeatherBall,Hurricane,WideGuard,Protect|Modest||M|||50|]Basculegion||MysticWater|SwiftSwim|WaveCrash,AquaJet,LastRespects,Protect|Adamant||M|||50|]Sneasler||WhiteHerb|Unburden|FakeOut,DireClaw,CloseCombat,Protect|Adamant||F|||50|]Archaludon||ChoiceScarf|Stamina|ElectroShot,FlashCannon,DragonPulse,Snarl|Modest||M|||50|]Meganium||Meganiumite|Overgrow|SolarBeam,DazzlingGleam,EarthPower,Protect|Modest||F|||50|
|showteam|p2|Chandelure||FocusSash|FlashFire|HeatWave,ShadowBall,TrickRoom,Protect|Modest||M|||50|]Staraptor||Staraptite|Intimidate|Tailwind,Roost,CloseCombat,BraveBird|Adamant||F|||50|]Vanilluxe||LightClay|SnowWarning|FreezeDry,Blizzard,AuroraVeil,Protect|Calm||F|||50|]Grimmsnarl||RoseliBerry|Prankster|FakeOut,PartingShot,SpiritBreak,LightScreen|Adamant||M|||50|]Excadrill||Excadrite|MoldBreaker|Earthquake,IronHead,Protect,RockSlide|Jolly||M|||50|]Rotom-Wash||Magnet|Levitate|Thunderbolt,Electroweb,WillOWisp,HydroPump|Modest|||||50|
|j| tedidn
|l| tedidn
|inactive|Battle timer is ON: inactive players will automatically lose when time's up. (requested by Shepz)
|
|t:|1785176817
|teamsize|p1|4
|teamsize|p2|4
|start
|switch|p1a: Dragonite|Dragonite, L50, M|100/100
|switch|p1b: Sneasler|Sneasler, L50, F|100/100
|switch|p2a: Chandelure|Chandelure, L50, M|100/100
|switch|p2b: Rotom|Rotom-Wash, L50, shiny|100/100
|turn|1
|inactive|Milesymiles has 30 seconds left.
|inactive|Shepz has 30 seconds left.
|
|t:|1785176851
|move|p1b: Sneasler|Fake Out|p2b: Rotom
|-damage|p2b: Rotom|82/100
|move|p1a: Dragonite|Dragon Pulse|p2a: Chandelure
|-damage|p2a: Chandelure|50/100g
|cant|p2b: Rotom|flinch
|move|p2a: Chandelure|Shadow Ball|p1b: Sneasler
|-damage|p1b: Sneasler|40/100
|
|upkeep
|turn|2
|
|t:|1785176867
|move|p1b: Sneasler|Protect|p1b: Sneasler
|-singleturn|p1b: Sneasler|Protect
|move|p2a: Chandelure|Protect|p2a: Chandelure
|-singleturn|p2a: Chandelure|Protect
|move|p1a: Dragonite|Dragon Pulse|p2a: Chandelure
|-activate|p2a: Chandelure|move: Protect
|move|p2b: Rotom|Electroweb|p1a: Dragonite|[spread] p1a
|-activate|p1b: Sneasler|move: Protect
|-damage|p1a: Dragonite|88/100
|-unboost|p1a: Dragonite|spe|1
|
|upkeep
|turn|3
|inactive|Shepz has 30 seconds left.
|inactive|Shepz has 20 seconds left.
|inactive|Shepz has 15 seconds left.
|inactive|Shepz has 10 seconds left.
|
|t:|1785176913
|switch|p1b: Pelipper|Pelipper, L50, M|100/100
|-weather|RainDance|[from] ability: Drizzle|[of] p1b: Pelipper
|detailschange|p1a: Dragonite|Dragonite-Mega, L50, M
|-mega|p1a: Dragonite|Dragonite|Dragoninite
|move|p2b: Rotom|Electroweb|p1b: Pelipper|[spread] p1a,p1b
|-supereffective|p1b: Pelipper|2
|-damage|p1a: Dragonite|67/100
|-enditem|p1b: Pelipper|Focus Sash
|-damage|p1b: Pelipper|1/100
|-unboost|p1a: Dragonite|spe|1
|-unboost|p1b: Pelipper|spe|1
|move|p2a: Chandelure|Heat Wave|p1a: Dragonite|[spread] p1a,p1b
|-resisted|p1a: Dragonite|1
|-resisted|p1b: Pelipper|1
|-damage|p1a: Dragonite|59/100
|-damage|p1b: Pelipper|0 fnt
|faint|p1b: Pelipper
|move|p1a: Dragonite|Hurricane|p2b: Rotom
|-resisted|p2b: Rotom|1
|-damage|p2b: Rotom|47/100
|
|-weather|RainDance|[upkeep]
|upkeep
|
|t:|1785176932
|switch|p1b: Sneasler|Sneasler, L50, F|40/100
|turn|4
|
|t:|1785176954
|move|p1b: Sneasler|Close Combat|p2b: Rotom
|-damage|p2b: Rotom|0 fnt
|-unboost|p1b: Sneasler|def|1
|-unboost|p1b: Sneasler|spd|1
|faint|p2b: Rotom
|-enditem|p1b: Sneasler|White Herb
|-clearnegativeboost|p1b: Sneasler|[silent]
|move|p1a: Dragonite|Hurricane|p2a: Chandelure
|-damage|p2a: Chandelure|0 fnt
|faint|p2a: Chandelure
|
|-weather|RainDance|[upkeep]
|upkeep
|
|t:|1785176974
|switch|p2b: Staraptor|Staraptor, L50, F|100/100
|switch|p2a: Vanilluxe|Vanilluxe, L50, F, shiny|100/100
|-ability|p2b: Staraptor|Intimidate|boost
|-unboost|p1a: Dragonite|atk|1
|-unboost|p1b: Sneasler|atk|1
|-weather|Snowscape|[from] ability: Snow Warning|[of] p2a: Vanilluxe
|turn|5
|
|t:|1785176997
|detailschange|p2b: Staraptor|Staraptor-Mega, L50, F
|-mega|p2b: Staraptor|Staraptor|Staraptite
|move|p1a: Dragonite|Protect|p1a: Dragonite
|-singleturn|p1a: Dragonite|Protect
|move|p1b: Sneasler|Close Combat|p2a: Vanilluxe
|-supereffective|p2a: Vanilluxe|1
|-damage|p2a: Vanilluxe|24/100
|-unboost|p1b: Sneasler|def|1
|-unboost|p1b: Sneasler|spd|1
|move|p2b: Staraptor|Close Combat|p1a: Dragonite
|-activate|p1a: Dragonite|move: Protect
|move|p2a: Vanilluxe|Aurora Veil|p2a: Vanilluxe
|-sidestart|p2: Milesymiles|move: Aurora Veil
|
|-weather|Snowscape|[upkeep]
|upkeep
|turn|6
|inactive|Shepz has 30 seconds left.
|
|t:|1785177027
|move|p2a: Vanilluxe|Protect|p2a: Vanilluxe
|-singleturn|p2a: Vanilluxe|Protect
|move|p1b: Sneasler|Dire Claw|p2b: Staraptor
|-damage|p2b: Staraptor|79/100
|-status|p2b: Staraptor|psn
|move|p2b: Staraptor|Tailwind|p2b: Staraptor
|-sidestart|p2: Milesymiles|move: Tailwind
|move|p1a: Dragonite|Dragon Pulse|p2b: Staraptor
|-damage|p2b: Staraptor|46/100 psn
|
|-weather|Snowscape|[upkeep]
|-damage|p2b: Staraptor|33/100 psn|[from] psn
|upkeep
|turn|7
|
|t:|1785177047
|move|p1a: Dragonite|Protect|p1a: Dragonite
|-singleturn|p1a: Dragonite|Protect
|move|p1b: Sneasler|Close Combat|p2a: Vanilluxe
|-supereffective|p2a: Vanilluxe|1
|-damage|p2a: Vanilluxe|0 fnt
|-unboost|p1b: Sneasler|def|1
|-unboost|p1b: Sneasler|spd|1
|faint|p2a: Vanilluxe
|move|p2b: Staraptor|Close Combat|p1b: Sneasler
|-resisted|p1b: Sneasler|1
|-damage|p1b: Sneasler|0 fnt
|-boost|p2b: Staraptor|def|1
|-boost|p2b: Staraptor|spd|1
|faint|p1b: Sneasler
|
|-weather|Snowscape|[upkeep]
|-damage|p2b: Staraptor|21/100 psn|[from] psn
|upkeep
|j| tedidn
|
|t:|1785177061
|switch|p1b: Basculegion|Basculegion, L50, M|100/100
|turn|8
|
|t:|1785177074
|move|p2b: Staraptor|Brave Bird|p1b: Basculegion
|-damage|p1b: Basculegion|7/100
|-damage|p2b: Staraptor|0 fnt|[from] Recoil
|faint|p2b: Staraptor
|
|win|Shepz
|raw|Shepz's rating: 1222 → 1243(+21 for winning)
|raw|Milesymiles's rating: 1166 → 1145(-21 for losing)
