|j|☆Cr4fter_
|j|☆lunodira
|html|Cr4fter_lunodira    
|uhtml|bestof|Game 2 of a best-of-3
|t:|1783891597
|gametype|doubles
|player|p1|Cr4fter_|hiker-gen4|1125
|player|p2|lunodira|grimsley|1152
|gen|9
|tier|[Gen 9 Champions] VGC 2026 Reg M-B (Bo3)
|rated|
|rule|Species Clause: Limit one of each Pokémon
|rule|Item Clause: Limit 1 of each item
|clearpoke
|poke|p1|Pyroar, L50, M|
|poke|p1|Ninetales, L50, F|
|poke|p1|Whimsicott, L50, M|
|poke|p1|Sylveon, L50, M|
|poke|p1|Basculegion, L50, M|
|poke|p1|Farigiraf, L50, F|
|poke|p2|Blastoise, L50, M|
|poke|p2|Incineroar, L50, M|
|poke|p2|Sneasler, L50, M|
|poke|p2|Kingambit, L50, M|
|poke|p2|Sinistcha, L50|
|poke|p2|Floette-Eternal, L50, F|
|teampreview|4
|showteam|p1|Pyroar||Pyroarite|Unnerve|HeatWave,Overheat,SolarBeam,Protect|Timid||M|||50|]Ninetales||ChoiceScarf|Drought|HeatWave,FakeTears,Overheat,SolarBeam|Timid||F|||50|]Whimsicott||FocusSash|Prankster|Moonblast,Tailwind,SunnyDay,Protect|Timid||M|||50|]Sylveon||FairyFeather|Pixilate|Detect,Moonblast,HyperVoice,QuickAttack|Modest||M|||50|]Basculegion||LifeOrb|Adaptability|WaveCrash,LastRespects,AquaJet,Protect|Adamant||M|||50|]Farigiraf||SitrusBerry|ArmorTail|Psychic,Thunderbolt,TrickRoom,HelpingHand|Bold||F|||50|
|showteam|p2|Blastoise||Blastoisinite|RainDish|WaterSpout,DarkPulse,Protect,ShellSmash|Modest||M|||50|]Incineroar||SitrusBerry|Intimidate|FlareBlitz,FakeOut,HelpingHand,PartingShot|Careful||M|||50|]Sneasler||FocusSash|PoisonTouch|FakeOut,CloseCombat,PoisonJab,RockTomb|Jolly||M|||50|]Kingambit||LifeOrb|Defiant|SuckerPunch,Protect,KowtowCleave,SwordsDance|Adamant||M|||50|]Sinistcha||OccaBerry|Hospitality|MatchaGotcha,Protect,RagePowder,TrickRoom|Relaxed|||||50|]Floette-Eternal||Floettite|Symbiosis|CalmMind,DrainingKiss,DazzlingGleam,Protect|Modest||F|||50|
|inactive|Battle timer is ON: inactive players will automatically lose when time's up. (requested by Cr4fter_)
|
|t:|1783891643
|teamsize|p1|4
|teamsize|p2|4
|start
|switch|p1a: Pyroar|Pyroar, L50, M|100/100
|switch|p1b: Farigiraf|Farigiraf, L50, F|100/100
|switch|p2a: Blastoise|Blastoise, L50, M|100/100
|switch|p2b: Sneasler|Sneasler, L50, M|100/100
|-ability|p1a: Pyroar|Unnerve
|turn|1
|inactive|Cr4fter_ has 30 seconds left.
|inactive|lunodira has 30 seconds left.
|inactive|Cr4fter_ has 20 seconds left.
|inactive|lunodira has 20 seconds left.
|inactive|Cr4fter_ has 15 seconds left.
|inactive|lunodira has 15 seconds left.
|inactive|Cr4fter_ has 10 seconds left.
|inactive|lunodira has 10 seconds left.
|inactive|lunodira has 5 seconds left.
|
|t:|1783891698
|detailschange|p1a: Pyroar|Pyroar-Mega, L50, M
|-mega|p1a: Pyroar|Pyroar|Pyroarite
|detailschange|p2a: Blastoise|Blastoise-Mega, L50, M
|-mega|p2a: Blastoise|Blastoise|Blastoisinite
|move|p1a: Pyroar|Protect|p1a: Pyroar
|-singleturn|p1a: Pyroar|Protect
|move|p2b: Sneasler|Close Combat|p1a: Pyroar
|-activate|p1a: Pyroar|move: Protect
|move|p2a: Blastoise|Dark Pulse|p1b: Farigiraf
|-supereffective|p1b: Farigiraf|1
|-damage|p1b: Farigiraf|17/100
|-enditem|p1b: Farigiraf|Sitrus Berry|[eat]
|-heal|p1b: Farigiraf|42/100|[from] item: Sitrus Berry
|move|p1b: Farigiraf|Thunderbolt|p2a: Blastoise
|-supereffective|p2a: Blastoise|1
|-damage|p2a: Blastoise|56/100
|
|upkeep
|turn|2
|inactive|Cr4fter_ has 30 seconds left.
|
|t:|1783891725
|switch|p1a: Basculegion|Basculegion, L50, M|100/100
|move|p2b: Sneasler|Close Combat|p1a: Basculegion
|-immune|p1a: Basculegion
|move|p2a: Blastoise|Dark Pulse|p1b: Farigiraf
|-supereffective|p1b: Farigiraf|1
|-damage|p1b: Farigiraf|0 fnt
|faint|p1b: Farigiraf
|
|upkeep
|
|t:|1783891735
|switch|p1b: Ninetales|Ninetales, L50, F|100/100
|-weather|SunnyDay|[from] ability: Drought|[of] p1b: Ninetales
|turn|3
|inactive|lunodira has 30 seconds left.
|inactive|lunodira has 20 seconds left.
|inactive|lunodira has 15 seconds left.
|inactive|lunodira has 10 seconds left.
|
|t:|1783891782
|switch|p2a: Incineroar|Incineroar, L50, M|100/100
|-ability|p2a: Incineroar|Intimidate|boost
|-unboost|p1a: Basculegion|atk|1
|-unboost|p1b: Ninetales|atk|1
|move|p1b: Ninetales|Heat Wave|p2b: Sneasler|[spread] p2a,p2b
|-resisted|p2a: Incineroar|1
|-crit|p2b: Sneasler
|-damage|p2a: Incineroar|83/100
|-damage|p2b: Sneasler|18/100
|move|p2b: Sneasler|Poison Jab|p1a: Basculegion
|-resisted|p1a: Basculegion|1
|-damage|p1a: Basculegion|78/100
|-status|p1a: Basculegion|psn
|move|p1a: Basculegion|Last Respects|p2b: Sneasler
|-damage|p2b: Sneasler|0 fnt
|faint|p2b: Sneasler
|-damage|p1a: Basculegion|68/100 psn|[from] item: Life Orb
|
|-weather|SunnyDay|[upkeep]
|-damage|p1a: Basculegion|56/100 psn|[from] psn
|upkeep
|
|t:|1783891795
|switch|p2b: Blastoise|Blastoise-Mega, L50, M|56/100
|turn|4
|inactive|lunodira has 30 seconds left.
|inactive|lunodira has 20 seconds left.
|inactive|lunodira has 15 seconds left.
|inactive|lunodira has 10 seconds left.
|inactive|lunodira has 5 seconds left.
|
|t:|1783891846
|move|p2b: Blastoise|Protect|p2b: Blastoise
|-singleturn|p2b: Blastoise|Protect
|move|p1b: Ninetales|Heat Wave|p2a: Incineroar|[spread] p2a
|-activate|p2b: Blastoise|move: Protect
|-resisted|p2a: Incineroar|1
|-damage|p2a: Incineroar|67/100
|move|p1a: Basculegion|Last Respects|p2b: Blastoise
|-activate|p2b: Blastoise|move: Protect
|move|p2a: Incineroar|Parting Shot|p1b: Ninetales
|-unboost|p1b: Ninetales|atk|1
|-unboost|p1b: Ninetales|spa|1
|
|t:|1783891855
|switch|p2a: Sinistcha|Sinistcha, L50|100/100|[from] Parting Shot
|-heal|p2b: Blastoise|81/100|[from] ability: Hospitality|[of] p2a: Sinistcha
|
|-weather|SunnyDay|[upkeep]
|-damage|p1a: Basculegion|44/100 psn|[from] psn
|upkeep
|turn|5
|
|t:|1783891875
|move|p2a: Sinistcha|Rage Powder|p2a: Sinistcha
|-singleturn|p2a: Sinistcha|move: Rage Powder
|move|p1b: Ninetales|Heat Wave|p2b: Blastoise|[spread] p2a,p2b
|-supereffective|p2a: Sinistcha|1
|-enditem|p2a: Sinistcha|Occa Berry|[eat]
|-enditem|p2a: Sinistcha|Occa Berry|[weaken]
|-resisted|p2b: Blastoise|1
|-damage|p2a: Sinistcha|74/100
|-damage|p2b: Blastoise|67/100
|-status|p2b: Blastoise|brn
|move|p2b: Blastoise|Shell Smash|p2b: Blastoise
|-unboost|p2b: Blastoise|def|1
|-unboost|p2b: Blastoise|spd|1
|-boost|p2b: Blastoise|atk|2
|-boost|p2b: Blastoise|spa|2
|-boost|p2b: Blastoise|spe|2
|move|p1a: Basculegion|Last Respects|p2a: Sinistcha
|-supereffective|p2a: Sinistcha|1
|-crit|p2a: Sinistcha
|-damage|p2a: Sinistcha|0 fnt
|faint|p2a: Sinistcha
|-damage|p1a: Basculegion|35/100 psn|[from] item: Life Orb
|
|-weather|SunnyDay|[upkeep]
|-damage|p1a: Basculegion|23/100 psn|[from] psn
|-damage|p2b: Blastoise|62/100 brn|[from] brn
|upkeep
|
|t:|1783891883
|switch|p2a: Incineroar|Incineroar, L50, M|67/100
|-ability|p2a: Incineroar|Intimidate|boost
|-unboost|p1a: Basculegion|atk|1
|-unboost|p1b: Ninetales|atk|1
|turn|6
|inactive|Cr4fter_ has 30 seconds left.
|inactive|lunodira has 30 seconds left.
|
|t:|1783891913
|move|p2a: Incineroar|Fake Out|p1b: Ninetales
|-damage|p1b: Ninetales|81/100
|move|p1a: Basculegion|Aqua Jet|p2a: Incineroar
|-supereffective|p2a: Incineroar|1
|-damage|p2a: Incineroar|51/100
|-damage|p1a: Basculegion|13/100 psn|[from] item: Life Orb
|move|p2b: Blastoise|Water Spout|p1b: Ninetales|[spread] p1a,p1b
|-resisted|p1a: Basculegion|1
|-supereffective|p1b: Ninetales|1
|-damage|p1a: Basculegion|0 fnt
|-damage|p1b: Ninetales|0 fnt
|faint|p1a: Basculegion
|faint|p1b: Ninetales
|
|-weather|SunnyDay|[upkeep]
|-damage|p2b: Blastoise|56/100 brn|[from] brn
|upkeep
|
|t:|1783891926
|switch|p1b: Pyroar|Pyroar-Mega, L50, M|100/100
|turn|7
|
|t:|1783891940
|move|p2a: Incineroar|Helping Hand|p2b: Blastoise
|-singleturn|p2b: Blastoise|Helping Hand|[of] p2a: Incineroar
|move|p2b: Blastoise|Water Spout|p1b: Pyroar
|-supereffective|p1b: Pyroar|1
|-damage|p1b: Pyroar|0 fnt
|faint|p1b: Pyroar
|
|win|lunodira
|raw|Cr4fter_'s rating: 1125 → 1102(-23 for losing)
|raw|lunodira's rating: 1152 → 1175(+23 for winning)
|l|☆Cr4fter_
|player|p1|
