|j|☆neilodcs
|j|☆bleepbopboop
|html|neilodcsbleepbopboop    
|uhtml|bestof|Game 2 of a best-of-3
|t:|1756503443
|gametype|doubles
|player|p1|neilodcs|102|1041
|player|p2|bleepbopboop|ethan|1000
|gen|9
|tier|[Gen 9] VGC 2025 Reg H (Bo3)
|rated|
|rule|Species Clause: Limit one of each Pokémon
|rule|Item Clause: Limit 1 of each item
|clearpoke
|poke|p1|Ursaluna-Bloodmoon, L50, M|
|poke|p1|Gholdengo, L50|
|poke|p1|Amoonguss, L50, M|
|poke|p1|Incineroar, L50, M|
|poke|p1|Dragapult, L50, M|
|poke|p1|Sneasler, L50, M|
|poke|p2|Kingambit, L50, M|
|poke|p2|Garchomp, L50, M|
|poke|p2|Dragonite, L50, M|
|poke|p2|Typhlosion-Hisui, L50, M|
|poke|p2|Jumpluff, L50, M|
|poke|p2|Torkoal, L50, F|
|teampreview|4
|showteam|p1|Ursaluna-Bloodmoon||AssaultVest|MindsEye|BloodMoon,HyperVoice,EarthPower,VacuumWave|||M|||50|,,,,,Normal]Gholdengo||LifeOrb|GoodasGold|MakeItRain,ShadowBall,NastyPlot,Protect||||||50|,,,,,Water]Amoonguss||SitrusBerry|Regenerator|Spore,RagePowder,PollenPuff,Protect|||M|||50|,,,,,Water]Incineroar||SafetyGoggles|Intimidate|KnockOff,FakeOut,PartingShot,FlareBlitz|||M|||50|,,,,,Ghost]Dragapult||ChoiceBand|ClearBody|DragonDarts,TeraBlast,PhantomForce,Uturn|||M|||50|,,,,,Ghost]Sneasler||FocusSash|PoisonTouch|CloseCombat,DireClaw,ThroatChop,FakeOut|||M|||50|,,,,,Dark
|showteam|p2|Kingambit||AssaultVest|Defiant|IronHead,SuckerPunch,Assurance,LowKick|||M|||50|,,,,,Flying]Garchomp||LifeOrb|RoughSkin|DragonClaw,StompingTantrum,Earthquake,Protect|||M|||50|,,,,,Fire]Dragonite||LoadedDice|Multiscale|ScaleShot,ExtremeSpeed,IceSpinner,Protect|||M|||50|,,,,,Fairy]Typhlosion-Hisui||ChoiceSpecs|Blaze|Eruption,HeatWave,ShadowBall,Overheat|||M|||50|,,,,,Fire]Jumpluff||CovertCloak|Chlorophyll|LeafStorm,SleepPowder,Encore,Tailwind|||M|||50|,,,,,Poison]Torkoal||EjectPack|Drought|Overheat,BurningJealousy,HelpingHand,Protect|||F|||50|,,,,,Flying
|
|t:|1756503500
|teamsize|p1|4
|teamsize|p2|4
|start
|switch|p1a: Dragapult|Dragapult, L50, M|100/100
|switch|p1b: Sneasler|Sneasler, L50, M|100/100
|switch|p2a: Jumpluff|Jumpluff, L50, M, shiny|100/100
|switch|p2b: Torkoal|Torkoal, L50, F, shiny|100/100
|-weather|SunnyDay|[from] ability: Drought|[of] p2b: Torkoal
|turn|1
|
|t:|1756503533
|move|p2a: Jumpluff|Tailwind|p2a: Jumpluff
|-sidestart|p2: bleepbopboop|move: Tailwind
|move|p1a: Dragapult|U-turn|p2a: Jumpluff
|-damage|p2a: Jumpluff|53/100
|
|t:|1756503536
|switch|p1a: Incineroar|Incineroar, L50, M|100/100|[from] U-turn
|-ability|p1a: Incineroar|Intimidate|boost
|-unboost|p2a: Jumpluff|atk|1
|-unboost|p2b: Torkoal|atk|1
|-enditem|p2b: Torkoal|Eject Pack
|
|t:|1756503543
|switch|p2b: Typhlosion|Typhlosion-Hisui, L50, M, shiny|100/100
|move|p1b: Sneasler|Dire Claw|p2a: Jumpluff
|-supereffective|p2a: Jumpluff
|-damage|p2a: Jumpluff|0 fnt
|faint|p2a: Jumpluff
|
|-weather|SunnyDay|[upkeep]
|upkeep
|
|t:|1756503551
|switch|p2a: Torkoal|Torkoal, L50, F, shiny|100/100
|turn|2
|
|t:|1756503567
|-terastallize|p2b: Typhlosion|Fire
|move|p2a: Torkoal|Helping Hand|p2b: Typhlosion
|-singleturn|p2b: Typhlosion|Helping Hand|[of] p2a: Torkoal
|move|p2b: Typhlosion|Eruption|p1b: Sneasler|[spread] p1a,p1b
|-resisted|p1a: Incineroar
|-damage|p1a: Incineroar|0 fnt
|-enditem|p1b: Sneasler|Focus Sash
|-damage|p1b: Sneasler|1/100
|faint|p1a: Incineroar
|move|p1b: Sneasler|Throat Chop|p2b: Typhlosion
|-damage|p2b: Typhlosion|61/100
|-start|p2b: Typhlosion|Throat Chop|[silent]
|
|-weather|SunnyDay|[upkeep]
|upkeep
|
|t:|1756503581
|switch|p1a: Ursaluna|Ursaluna-Bloodmoon, L50, M|100/100
|turn|3
|
|t:|1756503594
|switch|p1b: Dragapult|Dragapult, L50, M|100/100
|-terastallize|p1a: Ursaluna|Normal
|move|p2b: Typhlosion|Eruption|p1b: Dragapult|[spread] p1a,p1b
|-resisted|p1b: Dragapult
|-damage|p1a: Ursaluna|39/100
|-damage|p1b: Dragapult|31/100
|move|p2a: Torkoal|Burning Jealousy|p1b: Dragapult|[spread] p1a,p1b
|-resisted|p1b: Dragapult
|-damage|p1a: Ursaluna|16/100
|-damage|p1b: Dragapult|11/100
|move|p1a: Ursaluna|Hyper Voice|p2a: Torkoal|[spread] p2a,p2b
|-damage|p2a: Torkoal|39/100
|-damage|p2b: Typhlosion|0 fnt
|faint|p2b: Typhlosion
|
|-weather|SunnyDay|[upkeep]
|upkeep
|
|t:|1756503610
|switch|p2b: Dragonite|Dragonite, L50, M, shiny|100/100
|turn|4
|
|t:|1756503648
|switch|p1b: Sneasler|Sneasler, L50, M|1/100
|move|p2b: Dragonite|Extreme Speed|p1a: Ursaluna
|-damage|p1a: Ursaluna|0 fnt
|faint|p1a: Ursaluna
|move|p2a: Torkoal|Burning Jealousy|p1b: Sneasler
|-damage|p1b: Sneasler|0 fnt
|faint|p1b: Sneasler
|
|-weather|SunnyDay|[upkeep]
|-sideend|p2: bleepbopboop|move: Tailwind
|upkeep
|
|t:|1756503654
|switch|p1b: Dragapult|Dragapult, L50, M|11/100
|turn|5
|
|t:|1756503664
|move|p1b: Dragapult|Dragon Darts|p2b: Dragonite
|-supereffective|p2b: Dragonite
|-damage|p2b: Dragonite|63/100
|-anim|p1b: Dragapult|Dragon Darts|p2a: Torkoal
|-damage|p2a: Torkoal|7/100
|move|p2b: Dragonite|Ice Spinner|p1b: Dragapult
|-supereffective|p1b: Dragapult
|-damage|p1b: Dragapult|0 fnt
|faint|p1b: Dragapult
|
|win|bleepbopboop
||neilodcs is ready for game 3.
