|j|☆upoiuz
|j|☆raksbachtesting1
|html|upoiuzraksbachtesting1    
|uhtml|bestof|Game 1 of a best-of-3
|t:|1785228562
|gametype|doubles
|player|p1|upoiuz|hilbert|1226
|player|p2|raksbachtesting1|doubleteam|1147
|gen|9
|tier|[Gen 9 Champions] VGC 2026 Reg M-B (Bo3)
|rated|
|rule|Species Clause: Limit one of each Pokémon
|rule|Item Clause: Limit 1 of each item
|clearpoke
|poke|p1|Incineroar, L50, F, shiny|
|poke|p1|Archaludon, L50, F, shiny|
|poke|p1|Pelipper, L50, M|
|poke|p1|Meganium, L50, F, shiny|
|poke|p1|Garchomp, L50, M, shiny|
|poke|p1|Swampert, L50, F|
|poke|p2|Charizard, L50, F|
|poke|p2|Garchomp, L50, M|
|poke|p2|Incineroar, L50, M|
|poke|p2|Venusaur, L50, M|
|poke|p2|Toxapex, L50, F|
|poke|p2|Sylveon, L50, M|
|teampreview|4
|showteam|p1|Incineroar||SitrusBerry|Intimidate|FakeOut,PartingShot,FlareBlitz,ThroatChop|Calm||F|||50|]Archaludon||WhiteHerb|Stamina|DracoMeteor,ElectroShot,FlashCannon,Protect|Modest||F|||50|]Pelipper||Leftovers|Drizzle|Hurricane,Tailwind,Protect,MuddyWater|Timid||M|||50|]Meganium||Meganiumite|Overgrow|WeatherBall,SolarBeam,Protect,DazzlingGleam|Modest||F|||50|]Garchomp||ChoiceScarf|RoughSkin|DragonClaw,StompingTantrum,Earthquake,RockSlide|Jolly||M|||50|]Swampert||Swampertite|Torrent|Earthquake,WaveCrash,IcePunch,Protect|Adamant||F|||50|
|showteam|p2|Charizard||CharizarditeY|SolarPower|WeatherBall,HeatWave,AncientPower,Protect|Modest||F|||50|]Garchomp||ChoiceScarf|RoughSkin|RockSlide,DragonClaw,Earthquake,StompingTantrum|Adamant||M|||50|]Incineroar||SitrusBerry|Intimidate|FlareBlitz,FakeOut,DarkestLariat,PartingShot|Impish||M|||50|]Venusaur||LifeOrb|Chlorophyll|SludgeBomb,LeafStorm,EarthPower,Protect|Modest||M|||50|]Toxapex||Leftovers|Regenerator|Infestation,Toxic,WideGuard,BanefulBunker|Bold||F|||50|]Sylveon||FairyFeather|Pixilate|HyperVoice,QuickAttack,Yawn,Detect|Modest||M|||50|
|inactive|Battle timer is ON: inactive players will automatically lose when time's up. (requested by raksbachtesting1)
|inactive|upoiuz also wants the timer to be on.
|inactive|upoiuz has 60 seconds left.
|inactive|raksbachtesting1 has 60 seconds left.
|
|t:|1785228601
|teamsize|p1|4
|teamsize|p2|4
|start
|switch|p1a: Archaludon|Archaludon, L50, F, shiny|100/100
|switch|p1b: Swampert|Swampert, L50, F|100/100
|switch|p2a: Garchomp|Garchomp, L50, M|100/100
|switch|p2b: Incineroar|Incineroar, L50, M|100/100
|-ability|p2b: Incineroar|Intimidate|boost
|-unboost|p1a: Archaludon|atk|1
|-unboost|p1b: Swampert|atk|1
|-enditem|p1a: Archaludon|White Herb
|-clearnegativeboost|p1a: Archaludon|[silent]
|turn|1
|
|t:|1785228620
|switch|p2a: Charizard|Charizard, L50, F|100/100
|detailschange|p1b: Swampert|Swampert-Mega, L50, F
|-mega|p1b: Swampert|Swampert|Swampertite
|move|p1a: Archaludon|Protect|p1a: Archaludon
|-singleturn|p1a: Archaludon|Protect
|move|p1b: Swampert|Ice Punch|p2a: Charizard
|-damage|p2a: Charizard|79/100
|move|p2b: Incineroar|Parting Shot|p1a: Archaludon
|-activate|p1a: Archaludon|move: Protect
|
|upkeep
|turn|2
|
|t:|1785228641
|switch|p1b: Garchomp|Garchomp, L50, M, shiny|100/100
|move|p2a: Charizard|Protect|p2a: Charizard
|-singleturn|p2a: Charizard|Protect
|move|p1a: Archaludon|Draco Meteor|p2a: Charizard
|-activate|p2a: Charizard|move: Protect
|move|p2b: Incineroar|Parting Shot|p1a: Archaludon
|-unboost|p1a: Archaludon|atk|1
|-unboost|p1a: Archaludon|spa|1
|
|t:|1785228651
|switch|p2b: Venusaur|Venusaur, L50, M|100/100|[from] Parting Shot
|
|upkeep
|turn|3
|
|t:|1785228663
|switch|p2a: Incineroar|Incineroar, L50, M|100/100
|-ability|p2a: Incineroar|Intimidate|boost
|-unboost|p1a: Archaludon|atk|1
|-unboost|p1b: Garchomp|atk|1
|move|p1a: Archaludon|Protect|p1a: Archaludon
|-singleturn|p1a: Archaludon|Protect
|move|p1b: Garchomp|Rock Slide|p2a: Incineroar|[spread] p2a,p2b
|-supereffective|p2a: Incineroar|1
|-damage|p2a: Incineroar|81/100
|-damage|p2b: Venusaur|83/100
|move|p2b: Venusaur|Earth Power|p1a: Archaludon
|-activate|p1a: Archaludon|move: Protect
|
|upkeep
|turn|4
|
|t:|1785228681
|switch|p1a: Swampert|Swampert-Mega, L50, F|100/100
|move|p2b: Venusaur|Protect|p2b: Venusaur
|-singleturn|p2b: Venusaur|Protect
|move|p1b: Garchomp|Rock Slide|p2a: Incineroar|[spread] p2a
|-activate|p2b: Venusaur|move: Protect
|-supereffective|p2a: Incineroar|1
|-damage|p2a: Incineroar|61/100
|move|p2a: Incineroar|Parting Shot|p1b: Garchomp
|-unboost|p1b: Garchomp|atk|1
|-unboost|p1b: Garchomp|spa|1
|
|t:|1785228693
|switch|p2a: Garchomp|Garchomp, L50, M|100/100|[from] Parting Shot
|
|upkeep
|turn|5
|
|t:|1785228707
|switch|p1b: Pelipper|Pelipper, L50, M|100/100
|-weather|RainDance|[from] ability: Drizzle|[of] p1b: Pelipper
|move|p1a: Swampert|Ice Punch|p2b: Venusaur
|-supereffective|p2b: Venusaur|1
|-damage|p2b: Venusaur|11/100
|move|p2a: Garchomp|Dragon Claw|p1b: Pelipper
|-damage|p1b: Pelipper|42/100
|move|p2b: Venusaur|Leaf Storm|p1a: Swampert
|-supereffective|p1a: Swampert|2
|-damage|p1a: Swampert|0 fnt
|-unboost|p2b: Venusaur|spa|2
|faint|p1a: Swampert
|-damage|p2b: Venusaur|2/100|[from] item: Life Orb
|
|-weather|RainDance|[upkeep]
|-heal|p1b: Pelipper|48/100|[from] item: Leftovers
|upkeep
|
|t:|1785228724
|switch|p1a: Garchomp|Garchomp, L50, M, shiny|100/100
|turn|6
|
|t:|1785228742
|switch|p2a: Incineroar|Incineroar, L50, M|61/100
|-ability|p2a: Incineroar|Intimidate|boost
|-unboost|p1a: Garchomp|atk|1
|-unboost|p1b: Pelipper|atk|1
|move|p1a: Garchomp|Dragon Claw|p2a: Incineroar
|-damage|p2a: Incineroar|41/100
|-enditem|p2a: Incineroar|Sitrus Berry|[eat]
|-heal|p2a: Incineroar|66/100|[from] item: Sitrus Berry
|move|p1b: Pelipper|Muddy Water|p2b: Venusaur|[spread] p2a,p2b
|-supereffective|p2a: Incineroar|1
|-resisted|p2b: Venusaur|1
|-damage|p2a: Incineroar|0 fnt
|-damage|p2b: Venusaur|0 fnt
|faint|p2a: Incineroar
|faint|p2b: Venusaur
|
|-weather|RainDance|[upkeep]
|-heal|p1b: Pelipper|54/100|[from] item: Leftovers
|upkeep
|
|t:|1785228756
|switch|p2b: Charizard|Charizard, L50, F|79/100
|switch|p2a: Garchomp|Garchomp, L50, M|100/100
|turn|7
|
|t:|1785228781
|switch|p1a: Archaludon|Archaludon, L50, F, shiny|100/100
|move|p1b: Pelipper|Protect|p1b: Pelipper
|-singleturn|p1b: Pelipper|Protect
|move|p2a: Garchomp|Earthquake|p1b: Pelipper|[spread] p1a
|-activate|p1b: Pelipper|move: Protect
|-immune|p2b: Charizard
|-supereffective|p1a: Archaludon|1
|-damage|p1a: Archaludon|36/100
|-ability|p1a: Archaludon|Stamina|boost
|-boost|p1a: Archaludon|def|1
|move|p2b: Charizard|Ancient Power|p1b: Pelipper
|-activate|p1b: Pelipper|move: Protect
|
|-weather|RainDance|[upkeep]
|-heal|p1b: Pelipper|59/100|[from] item: Leftovers
|upkeep
|turn|8
|
|t:|1785228804
|switch|p1b: Garchomp|Garchomp, L50, M, shiny|100/100
|move|p2b: Charizard|Protect|p2b: Charizard
|-singleturn|p2b: Charizard|Protect
|move|p1a: Archaludon|Protect|p1a: Archaludon
|-singleturn|p1a: Archaludon|Protect
|move|p2a: Garchomp|Earthquake|p1b: Garchomp|[spread] p1b
|-activate|p2b: Charizard|move: Protect
|-activate|p1a: Archaludon|move: Protect
|-damage|p1b: Garchomp|55/100
|
|-weather|RainDance|[upkeep]
|upkeep
|turn|9
|
|t:|1785228826
|detailschange|p2b: Charizard|Charizard-Mega-Y, L50, F
|-mega|p2b: Charizard|Charizard|Charizardite Y
|-weather|SunnyDay|[from] ability: Drought|[of] p2b: Charizard
|move|p1b: Garchomp|Dragon Claw|p2a: Garchomp
|-supereffective|p2a: Garchomp|1
|-damage|p2a: Garchomp|24/100
|-damage|p1b: Garchomp|43/100|[from] ability: Rough Skin|[of] p2a: Garchomp
|move|p2a: Garchomp|Earthquake|p1b: Garchomp|[spread] p1a,p1b
|-immune|p2b: Charizard
|-supereffective|p1a: Archaludon|1
|-damage|p1a: Archaludon|0 fnt
|-damage|p1b: Garchomp|1/100
|faint|p1a: Archaludon
|move|p2b: Charizard|Heat Wave|p1b: Garchomp
|-resisted|p1b: Garchomp|1
|-crit|p1b: Garchomp
|-damage|p1b: Garchomp|0 fnt
|faint|p1b: Garchomp
|
|-weather|SunnyDay|[upkeep]
|upkeep
|
|t:|1785228844
|switch|p1a: Pelipper|Pelipper, L50, M|59/100
|-weather|RainDance|[from] ability: Drizzle|[of] p1a: Pelipper
|turn|10
|
|t:|1785228852
|move|p2a: Garchomp|Earthquake|p1a: Pelipper|[spread] 
|-immune|p2b: Charizard
|-immune|p1a: Pelipper
|move|p1a: Pelipper|Muddy Water|p2a: Garchomp|[spread] p2a,p2b
|-supereffective|p2b: Charizard|1
|-damage|p2a: Garchomp|0 fnt
|-damage|p2b: Charizard|3/100
|faint|p2a: Garchomp
|move|p2b: Charizard|Ancient Power|p1a: Pelipper
|-supereffective|p1a: Pelipper|1
|-damage|p1a: Pelipper|0 fnt
|faint|p1a: Pelipper
|
|win|raksbachtesting1
