|j|☆Caloteiros VGC
|j|☆MugiwaraLux
|html|Caloteiros VGCMugiwaraLux    
|uhtml|bestof|Game 2 of a best-of-3
|t:|1785877727
|gametype|doubles
|player|p1|Caloteiros VGC|morty|1234
|player|p2|MugiwaraLux|cynthia-masters4|1365
|gen|9
|tier|[Gen 9 Champions] VGC 2026 Reg M-B (Bo3)
|rated|
|rule|Species Clause: Limit one of each Pokémon
|rule|Item Clause: Limit 1 of each item
|clearpoke
|poke|p1|Raichu, L50, F|
|poke|p1|Sinistcha, L50|
|poke|p1|Incineroar, L50, F|
|poke|p1|Sylveon, L50, M|
|poke|p1|Hydreigon, L50, F|
|poke|p1|Metagross, L50|
|poke|p2|Garchomp, L50, F|
|poke|p2|Venusaur, L50, F|
|poke|p2|Incineroar, L50, F|
|poke|p2|Charizard, L50, F|
|poke|p2|Toxapex, L50, F|
|poke|p2|Annihilape, L50, M|
|teampreview|4
|showteam|p1|Raichu||RaichuniteY|LightningRod|ZapCannon,FocusBlast,FakeOut,Protect|Timid||F|||50|]Sinistcha||SitrusBerry|Hospitality|MatchaGotcha,RagePowder,TrickRoom,Protect|Bold|||||50|]Incineroar||ShucaBerry|Intimidate|FlareBlitz,DarkestLariat,PartingShot,FakeOut|Careful||F|||50|]Sylveon||FairyFeather|Pixilate|HyperVoice,Moonblast,CalmMind,Protect|Modest||M|||50|]Hydreigon||ChoiceScarf|Levitate|DracoMeteor,DarkPulse,EarthPower,Snarl|Modest||F|||50|]Metagross||Metagrossite|ClearBody|HardPress,BodyPress,PsychicFangs,Protect|Adamant|||||50|
|showteam|p2|Garchomp||ChoiceScarf|RoughSkin|Earthquake,RockSlide,DragonClaw,StompingTantrum|Adamant||F|||50|]Venusaur||LifeOrb|Chlorophyll|SludgeBomb,LeafStorm,EarthPower,Protect|Modest||F|||50|]Incineroar||SitrusBerry|Intimidate|FakeOut,FlareBlitz,ThroatChop,PartingShot|Impish||F|||50|]Charizard||CharizarditeY|Blaze|HeatWave,WeatherBall,Protect,HelpingHand|Modest||F|||50|]Toxapex||Leftovers|Regenerator|Infestation,Toxic,WideGuard,BanefulBunker|Impish||F|||50|]Annihilape||FocusSash|Defiant|CloseCombat,PhantomForce,RockTomb,Protect|Jolly||M|||50|
|inactive|Battle timer is ON: inactive players will automatically lose when time's up. (requested by MugiwaraLux)
|inactive|Caloteiros VGC also wants the timer to be on.
|inactive|Caloteiros VGC has 60 seconds left.
|
|t:|1785877784
|teamsize|p1|4
|teamsize|p2|4
|start
|switch|p1a: Raichu|Raichu, L50, F|100/100
|switch|p1b: Hydreigon|Hydreigon, L50, F|100/100
|switch|p2a: Venusaur|Venusaur, L50, F|100/100
|switch|p2b: Charizard|Charizard, L50, F|100/100
|turn|1
|
|t:|1785877798
|switch|p1a: Incineroar|Incineroar, L50, F|100/100
|-ability|p1a: Incineroar|Intimidate|boost
|-unboost|p2a: Venusaur|atk|1
|-unboost|p2b: Charizard|atk|1
|detailschange|p2b: Charizard|Charizard-Mega-Y, L50, F
|-mega|p2b: Charizard|Charizard|Charizardite Y
|-weather|SunnyDay|[from] ability: Drought|[of] p2b: Charizard
|move|p2b: Charizard|Helping Hand|p2a: Venusaur
|-singleturn|p2a: Venusaur|Helping Hand|[of] p2b: Charizard
|move|p2a: Venusaur|Earth Power|p1a: Incineroar
|-supereffective|p1a: Incineroar|1
|-enditem|p1a: Incineroar|Shuca Berry|[eat]
|-enditem|p1a: Incineroar|Shuca Berry|[weaken]
|-damage|p1a: Incineroar|61/100
|-damage|p2a: Venusaur|90/100|[from] item: Life Orb
|move|p1b: Hydreigon|Snarl|p2a: Venusaur|[spread] p2a,p2b
|-damage|p2a: Venusaur|63/100
|-damage|p2b: Charizard|80/100
|-unboost|p2a: Venusaur|spa|1
|-unboost|p2b: Charizard|spa|1
|
|-weather|SunnyDay|[upkeep]
|upkeep
|turn|2
|inactive|Caloteiros VGC has 30 seconds left.
|
|t:|1785877823
|switch|p2a: Incineroar|Incineroar, L50, F|100/100
|-ability|p2a: Incineroar|Intimidate|boost
|-unboost|p1a: Incineroar|atk|1
|-unboost|p1b: Hydreigon|atk|1
|switch|p2b: Garchomp|Garchomp, L50, F|100/100
|move|p1b: Hydreigon|Snarl|p2a: Incineroar|[spread] p2a,p2b
|-resisted|p2a: Incineroar|1
|-damage|p2a: Incineroar|90/100
|-damage|p2b: Garchomp|75/100
|-unboost|p2a: Incineroar|spa|1
|-unboost|p2b: Garchomp|spa|1
|move|p1a: Incineroar|Parting Shot|p2b: Garchomp
|-unboost|p2b: Garchomp|atk|1
|-unboost|p2b: Garchomp|spa|1
|
|t:|1785877833
|switch|p1a: Raichu|Raichu, L50, F|100/100|[from] Parting Shot
|
|-weather|SunnyDay|[upkeep]
|upkeep
|turn|3
|
|t:|1785877848
|switch|p2b: Venusaur|Venusaur, L50, F|63/100
|switch|p1b: Incineroar|Incineroar, L50, F|61/100
|-ability|p1b: Incineroar|Intimidate|boost
|-unboost|p2a: Incineroar|atk|1
|-unboost|p2b: Venusaur|atk|1
|detailschange|p1a: Raichu|Raichu-Mega-Y, L50, F
|-mega|p1a: Raichu|Raichu|Raichunite Y
|move|p2a: Incineroar|Fake Out|p1a: Raichu
|-damage|p1a: Raichu|89/100
|cant|p1a: Raichu|flinch
|
|-weather|SunnyDay|[upkeep]
|upkeep
|turn|4
|
|t:|1785877868
|switch|p2a: Garchomp|Garchomp, L50, F|75/100
|move|p1b: Incineroar|Fake Out|p2b: Venusaur
|-damage|p2b: Venusaur|50/100g
|cant|p2b: Venusaur|flinch
|move|p1a: Raichu|Focus Blast|p2a: Garchomp
|-damage|p2a: Garchomp|34/100
|
|-weather|SunnyDay|[upkeep]
|upkeep
|turn|5
|
|t:|1785877882
|switch|p2b: Charizard|Charizard-Mega-Y, L50, F|80/100
|switch|p1b: Hydreigon|Hydreigon, L50, F|100/100
|move|p1a: Raichu|Protect|p1a: Raichu
|-singleturn|p1a: Raichu|Protect
|move|p2a: Garchomp|Earthquake|p1b: Hydreigon|[spread] 
|-activate|p1a: Raichu|move: Protect
|-immune|p2b: Charizard
|-immune|p1b: Hydreigon|[from] ability: Levitate
|
|-weather|none
|upkeep
|turn|6
|inactive|Caloteiros VGC has 30 seconds left.
|
|t:|1785877917
|switch|p2a: Incineroar|Incineroar, L50, F|90/100
|-ability|p2a: Incineroar|Intimidate|boost
|-unboost|p1a: Raichu|atk|1
|-unboost|p1b: Hydreigon|atk|1
|switch|p1a: Incineroar|Incineroar, L50, F|61/100
|-ability|p1a: Incineroar|Intimidate|boost
|-unboost|p2a: Incineroar|atk|1
|-unboost|p2b: Charizard|atk|1
|move|p2b: Charizard|Protect|p2b: Charizard
|-singleturn|p2b: Charizard|Protect
|move|p1b: Hydreigon|Dark Pulse|p2a: Incineroar
|-resisted|p2a: Incineroar|1
|-damage|p2a: Incineroar|71/100
|
|upkeep
|turn|7
|
|t:|1785877936
|move|p1b: Hydreigon|Dark Pulse|p2b: Charizard
|-damage|p2b: Charizard|37/100
|cant|p2b: Charizard|flinch
|move|p1a: Incineroar|Parting Shot|p2b: Charizard
|-unboost|p2b: Charizard|atk|1
|-unboost|p2b: Charizard|spa|1
|
|t:|1785877950
|switch|p1a: Raichu|Raichu-Mega-Y, L50, F|89/100|[from] Parting Shot
|move|p2a: Incineroar|Parting Shot|p1a: Raichu
|-unboost|p1a: Raichu|atk|1
|-unboost|p1a: Raichu|spa|1
|
|t:|1785877953
|switch|p2a: Garchomp|Garchomp, L50, F|34/100|[from] Parting Shot
|
|upkeep
|turn|8
|
|t:|1785877976
|switch|p2a: Incineroar|Incineroar, L50, F|71/100
|-ability|p2a: Incineroar|Intimidate|boost
|-unboost|p1a: Raichu|atk|1
|-unboost|p1b: Hydreigon|atk|1
|switch|p1b: Incineroar|Incineroar, L50, F|61/100
|-ability|p1b: Incineroar|Intimidate|boost
|-unboost|p2a: Incineroar|atk|1
|-unboost|p2b: Charizard|atk|1
|switch|p2b: Venusaur|Venusaur, L50, F|50/100g
|move|p1a: Raichu|Zap Cannon|p2b: Venusaur
|-resisted|p2b: Venusaur|1
|-damage|p2b: Venusaur|28/100
|-status|p2b: Venusaur|par
|
|upkeep
|turn|9
|inactive|Caloteiros VGC has 30 seconds left.
|
|t:|1785878007
|switch|p2b: Charizard|Charizard-Mega-Y, L50, F|37/100
|-weather|SunnyDay|[from] ability: Drought|[of] p2b: Charizard
|move|p1a: Raichu|Protect|p1a: Raichu
|-singleturn|p1a: Raichu|Protect
|move|p1b: Incineroar|Parting Shot|p2b: Charizard
|-unboost|p2b: Charizard|atk|1
|-unboost|p2b: Charizard|spa|1
|
|t:|1785878019
|switch|p1b: Hydreigon|Hydreigon, L50, F|100/100|[from] Parting Shot
|move|p2a: Incineroar|Parting Shot|p1a: Raichu
|-activate|p1a: Raichu|move: Protect
|
|-weather|SunnyDay|[upkeep]
|upkeep
|turn|10
|
|t:|1785878030
|switch|p2b: Venusaur|Venusaur, L50, F|28/100 par
|move|p1b: Hydreigon|Earth Power|p2a: Incineroar
|-supereffective|p2a: Incineroar|1
|-damage|p2a: Incineroar|12/100
|-enditem|p2a: Incineroar|Sitrus Berry|[eat]
|-heal|p2a: Incineroar|37/100|[from] item: Sitrus Berry
|move|p1a: Raichu|Zap Cannon|p2b: Venusaur
|-resisted|p2b: Venusaur|1
|-damage|p2b: Venusaur|6/100 par
|move|p2a: Incineroar|Flare Blitz|p1a: Raichu
|-damage|p1a: Raichu|18/100
|-damage|p2a: Incineroar|17/100|[from] Recoil
|
|-weather|SunnyDay|[upkeep]
|upkeep
|turn|11
|inactive|Caloteiros VGC has 30 seconds left.
|
|t:|1785878062
|switch|p2a: Charizard|Charizard-Mega-Y, L50, F|37/100
|move|p1b: Hydreigon|Earth Power|p2b: Venusaur
|-damage|p2b: Venusaur|0 fnt
|faint|p2b: Venusaur
|move|p1a: Raichu|Focus Blast|p2a: Charizard
|-resisted|p2a: Charizard|1
|-damage|p2a: Charizard|24/100
|
|-weather|SunnyDay|[upkeep]
|upkeep
|
|t:|1785878075
|switch|p2b: Garchomp|Garchomp, L50, F|34/100
|turn|12
|
|t:|1785878081
|switch|p1a: Incineroar|Incineroar, L50, F|61/100
|-ability|p1a: Incineroar|Intimidate|boost
|-unboost|p2a: Charizard|atk|1
|-unboost|p2b: Garchomp|atk|1
|move|p2b: Garchomp|Rock Slide|p1a: Incineroar|[spread] p1a,p1b
|-supereffective|p1a: Incineroar|1
|-damage|p1a: Incineroar|35/100
|-damage|p1b: Hydreigon|82/100
|move|p1b: Hydreigon|Earth Power|p2b: Garchomp
|-damage|p2b: Garchomp|0 fnt
|faint|p2b: Garchomp
|move|p2a: Charizard|Weather Ball|p1b: Hydreigon
|-resisted|p1b: Hydreigon|1
|-damage|p1b: Hydreigon|31/100
|
|-weather|SunnyDay|[upkeep]
|upkeep
|
|t:|1785878087
|switch|p2b: Incineroar|Incineroar, L50, F|17/100
|-ability|p2b: Incineroar|Intimidate|boost
|-unboost|p1a: Incineroar|atk|1
|-unboost|p1b: Hydreigon|atk|1
|turn|13
|-message|MugiwaraLux forfeited.
|
|win|Caloteiros VGC
|raw|Caloteiros VGC's rating: 1234 → 1268(+34 for winning)
|raw|MugiwaraLux's rating: 1365 → 1338(-27 for losing)
|c|☆MugiwaraLux|gg
