|j|☆scizormetimbers07
|j|☆lootlock
|html|scizormetimbers07lootlock    
|uhtml|bestof|Game 2 of a best-of-3
|t:|1784501938
|gametype|doubles
|player|p1|scizormetimbers07|gambler|
|player|p2|lootlock|ghetsis|
|gen|9
|tier|[Gen 9 Champions] VGC 2026 Reg M-B (Bo3)
|rule|Species Clause: Limit one of each Pokémon
|rule|Item Clause: Limit 1 of each item
|clearpoke
|poke|p1|Absol, L50, M|
|poke|p1|Kangaskhan, L50, F, shiny|
|poke|p1|Whimsicott, L50, M, shiny|
|poke|p1|Sinistcha, L50|
|poke|p1|Infernape, L50, M, shiny|
|poke|p1|Mudsdale, L50, F|
|poke|p2|Annihilape, L50, M, shiny|
|poke|p2|Maushold, L50, shiny|
|poke|p2|Farigiraf, L50, F, shiny|
|poke|p2|Zoroark-Hisui, L50, M, shiny|
|poke|p2|Alakazam, L50, M, shiny|
|poke|p2|Dragonite, L50, M, shiny|
|teampreview|4
|showteam|p1|Absol||ScopeLens|SuperLuck|KnockOff,PsychoCut,ShadowClaw,NightSlash|Jolly||M|||50|]Kangaskhan||Kangaskhanite|Scrappy|BodySlam,FakeOut,DrainPunch,ShadowClaw|Adamant||F|||50|]Whimsicott||FocusSash|Prankster|DazzlingGleam,Encore,Tailwind,GigaDrain|Calm||M|||50|]Sinistcha||Leftovers|Hospitality|ShadowBall,MatchaGotcha,RagePowder,LifeDew|Calm|||||50|]Infernape||ShellBell|IronFist|DrainPunch,FakeOut,MachPunch,ThunderPunch|Adamant||M|||50|]Mudsdale||SitrusBerry|Stamina|BodyPress,RockSlide,IronDefense,HighHorsepower|Sassy||F|||50|
|showteam|p2|Annihilape||SitrusBerry|Defiant|RageFist,DrainPunch,ShadowClaw,IcePunch|Quirky||M|||50|]Maushold||FocusSash|FriendGuard|FollowMe,Protect,BabyDollEyes,BeatUp|Serious|||||50|]Farigiraf||QuickClaw|ArmorTail|TwinBeam,DazzlingGleam,TrickRoom,Psychic|Serious||F|||50|]Zoroark-Hisui||LifeOrb|Illusion|IcyWind,ShadowBall,Flamethrower,WillOWisp|Serious||M|||50|]Alakazam||Alakazite|InnerFocus|CalmMind,Psychic,FocusBlast,Psyshock|Serious||M|||50|]Dragonite||Dragoninite|Multiscale|DracoMeteor,ExtremeSpeed,Thunder,Flamethrower|Serious||M|||50|
|
|t:|1784501979
|teamsize|p1|4
|teamsize|p2|4
|start
|switch|p1a: Whimsicott|Whimsicott, L50, M, shiny|100/100
|switch|p1b: Absol|Absol, L50, M|100/100
|switch|p2a: Farigiraf|Farigiraf, L50, F, shiny|100/100
|switch|p2b: Dragonite|Dragonite, L50, M, shiny|100/100
|turn|1
|-activate|p2a: Farigiraf|item: Quick Claw
|
|t:|1784502003
|move|p1a: Whimsicott|Tailwind|p1a: Whimsicott
|-sidestart|p1: scizormetimbers07|move: Tailwind
|move|p1b: Absol|Night Slash|p2a: Farigiraf
|-supereffective|p2a: Farigiraf|1
|-crit|p2a: Farigiraf
|-damage|p2a: Farigiraf|0 fnt
|faint|p2a: Farigiraf
|move|p2b: Dragonite|Icy Wind|p1a: Whimsicott|[spread] p1a,p1b
|-supereffective|p1a: Whimsicott|1
|-damage|p1a: Whimsicott|59/100
|-damage|p1b: Absol|67/100
|-unboost|p1a: Whimsicott|spe|1
|-unboost|p1b: Absol|spe|1
|-damage|p2b: Dragonite|90/100|[from] item: Life Orb
|
|upkeep
|
|t:|1784502021
|switch|p2a: Dragonite|Dragonite, L50, M, shiny|100/100
|turn|2
|
|t:|1784502047
|detailschange|p2a: Dragonite|Dragonite-Mega, L50, M, shiny
|-mega|p2a: Dragonite|Dragonite|Dragoninite
|move|p1a: Whimsicott|Dazzling Gleam|p2a: Dragonite|[spread] p2a,p2b
|-supereffective|p2a: Dragonite|1
|-damage|p2a: Dragonite|83/100
|-damage|p2b: Dragonite|63/100
|replace|p2b: Zoroark|Zoroark-Hisui, L50, M, shiny
|-end|p2b: Zoroark|Illusion
|move|p1b: Absol|Night Slash|p2b: Zoroark
|-supereffective|p2b: Zoroark|1
|-crit|p2b: Zoroark
|-damage|p2b: Zoroark|0 fnt
|faint|p2b: Zoroark
|move|p2a: Dragonite|Flamethrower|p1a: Whimsicott
|-supereffective|p1a: Whimsicott|1
|-damage|p1a: Whimsicott|0 fnt
|faint|p1a: Whimsicott
|
|upkeep
|
|t:|1784502064
|switch|p1a: Sinistcha|Sinistcha, L50|100/100
|switch|p2b: Maushold|Maushold, L50, shiny|100/100
|-heal|p1b: Absol|92/100|[from] ability: Hospitality|[of] p1a: Sinistcha
|turn|3
|
|t:|1784502088
|move|p1a: Sinistcha|Matcha Gotcha|p2b: Maushold|[spread] p2a
|-miss|p1a: Sinistcha|p2b: Maushold
|-resisted|p2a: Dragonite|2
|-damage|p2a: Dragonite|79/100
|move|p1b: Absol|Night Slash|p2a: Dragonite
|-crit|p2a: Dragonite
|-damage|p2a: Dragonite|39/100
|move|p2b: Maushold|Beat Up|p1a: Sinistcha
|-supereffective|p1a: Sinistcha|1
|-damage|p1a: Sinistcha|93/100
|-supereffective|p1a: Sinistcha|1
|-damage|p1a: Sinistcha|88/100
|-hitcount|p1a: Sinistcha|2
|move|p2a: Dragonite|Flamethrower|p1a: Sinistcha
|-supereffective|p1a: Sinistcha|1
|-damage|p1a: Sinistcha|25/100
|
|-heal|p1a: Sinistcha|32/100|[from] item: Leftovers
|upkeep
|turn|4
|
|t:|1784502126
|move|p2b: Maushold|Baby-Doll Eyes|p1b: Absol
|-unboost|p1b: Absol|atk|1
|move|p1a: Sinistcha|Matcha Gotcha|p2b: Maushold|[spread] p2a,p2b
|-resisted|p2a: Dragonite|2
|-damage|p2a: Dragonite|35/100
|-heal|p1a: Sinistcha|34/100|[from] drain|[of] p2a: Dragonite
|-damage|p2b: Maushold|77/100
|-heal|p1a: Sinistcha|45/100|[from] drain|[of] p2b: Maushold
|-status|p2a: Dragonite|brn
|move|p1b: Absol|Night Slash|p2a: Dragonite
|-crit|p2a: Dragonite
|-damage|p2a: Dragonite|0 fnt
|faint|p2a: Dragonite
|
|-heal|p1a: Sinistcha|51/100|[from] item: Leftovers
|-sideend|p1: scizormetimbers07|move: Tailwind
|upkeep
|turn|5
|
|t:|1784502153
|move|p2b: Maushold|Beat Up|p1a: Sinistcha
|-supereffective|p1a: Sinistcha|1
|-damage|p1a: Sinistcha|47/100
|-hitcount|p1a: Sinistcha|1
|move|p1a: Sinistcha|Life Dew|p1a: Sinistcha|[spread] p1a,p1b
|-heal|p1a: Sinistcha|72/100
|-heal|p1b: Absol|100/100
|move|p1b: Absol|Knock Off|p2b: Maushold
|-crit|p2b: Maushold
|-damage|p2b: Maushold|0 fnt
|-enditem|p2b: Maushold|Focus Sash|[from] move: Knock Off|[of] p1b: Absol
|faint|p2b: Maushold
|
|win|scizormetimbers07
|inactive|scizormetimbers07 has 30 seconds to confirm battle start!
|inactive|lootlock has 30 seconds to confirm battle start!
||scizormetimbers07 is ready for game 3.
|inactive|lootlock has 20 seconds to confirm battle start!
|l|☆lootlock
|player|p2|
|inactive|lootlock has 10 seconds to confirm battle start!
|uhtml|next|Next: Game 3 of 3
