|j|☆a15003606
|j|☆Br1_lore
|html|a15003606Br1_lore    
|uhtml|bestof|Game 3 of a best-of-3
|t:|1785356229
|gametype|doubles
|player|p1|a15003606|ethan|1128
|player|p2|Br1_lore|101|1115
|gen|9
|tier|[Gen 9 Champions] VGC 2026 Reg M-B (Bo3)
|rated|
|rule|Species Clause: Limit one of each Pokémon
|rule|Item Clause: Limit 1 of each item
|clearpoke
|poke|p1|Tyranitar, L50, F|
|poke|p1|Excadrill, L50, M|
|poke|p1|Gholdengo, L50|
|poke|p1|Staraptor, L50, M|
|poke|p1|Sinistcha, L50|
|poke|p1|Milotic, L50, F|
|poke|p2|Metagross, L50|
|poke|p2|Hydreigon, L50, F|
|poke|p2|Sneasler, L50, M|
|poke|p2|Aerodactyl, L50, F|
|poke|p2|Sylveon, L50, M|
|poke|p2|Decidueye-Hisui, L50, M|
|teampreview|4
|showteam|p1|Tyranitar||Tyranitarite|SandStream|RockSlide,KnockOff,DragonDance,Protect|Adamant||F|||50|]Excadrill||FocusSash|SandRush|Earthquake,IronHead,RockSlide,Protect|Jolly||M|||50|]Gholdengo||LifeOrb|GoodasGold|MakeItRain,ShadowBall,NastyPlot,Protect|Serious|||||50|]Staraptor||Staraptite|Intimidate|CloseCombat,BraveBird,BlazeKick,Protect|Jolly||M|||50|]Sinistcha||SitrusBerry|Hospitality|MatchaGotcha,RagePowder,TrickRoom,StrengthSap|Bold|||||50|]Milotic||Leftovers|Competitive|MuddyWater,Coil,Hypnosis,Recover|Bold||F|||50|
|showteam|p2|Metagross||Metagrossite|ClearBody|IronHead,PsychicFangs,StompingTantrum,Protect|Jolly|||||50|]Hydreigon||LifeOrb|Levitate|Protect,DragonPulse,HeatWave,DarkPulse|Modest||F|||50|]Sneasler||WhiteHerb|Unburden|CloseCombat,DireClaw,FakeOut,Protect|Adamant||M|||50|]Aerodactyl||FocusSash|Unnerve|DualWingbeat,Protect,Tailwind,RockSlide|Jolly||F|||50|]Sylveon||FairyFeather|Pixilate|HyperVoice,QuickAttack,HyperBeam,Detect|Modest||M|||50|]Decidueye-Hisui||ScopeLens|Scrappy|Haze,Protect,TripleArrows,LeafBlade|Adamant||M|||50|
|inactive|Battle timer is ON: inactive players will automatically lose when time's up. (requested by a15003606)
|inactive|Br1_lore has 60 seconds left.
|inactive|Br1_lore has 30 seconds left.
|inactive|Br1_lore has 20 seconds left.
|inactive|Br1_lore has 15 seconds left.
|
|t:|1785356308
|teamsize|p1|4
|teamsize|p2|4
|start
|switch|p1a: Staraptor|Staraptor, L50, M|100/100
|switch|p1b: Excadrill|Excadrill, L50, M|100/100
|switch|p2a: Sneasler|Sneasler, L50, M|100/100
|switch|p2b: Aerodactyl|Aerodactyl, L50, F|100/100
|-ability|p2b: Aerodactyl|Unnerve
|-ability|p1a: Staraptor|Intimidate|boost
|-unboost|p2a: Sneasler|atk|1
|-unboost|p2b: Aerodactyl|atk|1
|-enditem|p2a: Sneasler|White Herb
|-clearnegativeboost|p2a: Sneasler|[silent]
|turn|1
|inactive|a15003606 has 30 seconds left.
|inactive|Br1_lore has 30 seconds left.
|inactive|a15003606 has 20 seconds left.
|inactive|Br1_lore has 20 seconds left.
|
|t:|1785356345
|switch|p1a: Gholdengo|Gholdengo, L50|100/100
|move|p2a: Sneasler|Close Combat|p1b: Excadrill
|-supereffective|p1b: Excadrill|1
|-enditem|p1b: Excadrill|Focus Sash
|-damage|p1b: Excadrill|1/100
|-unboost|p2a: Sneasler|def|1
|-unboost|p2a: Sneasler|spd|1
|move|p2b: Aerodactyl|Tailwind|p2b: Aerodactyl
|-sidestart|p2: Br1_lore|move: Tailwind
|move|p1b: Excadrill|Iron Head|p2b: Aerodactyl
|-supereffective|p2b: Aerodactyl|1
|-enditem|p2b: Aerodactyl|Focus Sash
|-damage|p2b: Aerodactyl|1/100
|
|upkeep
|turn|2
|inactive|a15003606 has 30 seconds left.
|inactive|Br1_lore has 30 seconds left.
|inactive|Br1_lore has 20 seconds left.
|
|t:|1785356383
|switch|p2a: Decidueye|Decidueye-Hisui, L50, M|100/100
|move|p1b: Excadrill|Protect|p1b: Excadrill
|-singleturn|p1b: Excadrill|Protect
|move|p2b: Aerodactyl|Rock Slide|p1b: Excadrill|[spread] p1a
|-activate|p1b: Excadrill|move: Protect
|-resisted|p1a: Gholdengo|1
|-damage|p1a: Gholdengo|91/100
|move|p1a: Gholdengo|Nasty Plot|p1a: Gholdengo
|-boost|p1a: Gholdengo|spa|2
|
|upkeep
|turn|3
|
|t:|1785356398
|switch|p1b: Sinistcha|Sinistcha, L50|100/100
|-heal|p1a: Gholdengo|100/100|[from] ability: Hospitality|[of] p1b: Sinistcha
|move|p1a: Gholdengo|Protect|p1a: Gholdengo
|-singleturn|p1a: Gholdengo|Protect
|move|p2b: Aerodactyl|Rock Slide|p1a: Gholdengo|[spread] 
|-activate|p1a: Gholdengo|move: Protect
|-miss|p2b: Aerodactyl|p1b: Sinistcha
|move|p2a: Decidueye|Triple Arrows|p1a: Gholdengo
|-activate|p1a: Gholdengo|move: Protect
|
|upkeep
|turn|4
|
|t:|1785356413
|move|p2b: Aerodactyl|Protect|p2b: Aerodactyl
|-singleturn|p2b: Aerodactyl|Protect
|move|p2a: Decidueye|Triple Arrows|p1a: Gholdengo
|-supereffective|p1a: Gholdengo|1
|-crit|p1a: Gholdengo
|-damage|p1a: Gholdengo|0 fnt
|faint|p1a: Gholdengo
|move|p1b: Sinistcha|Matcha Gotcha|p2a: Decidueye|[spread] p2a
|-activate|p2b: Aerodactyl|move: Protect
|-resisted|p2a: Decidueye|1
|-damage|p2a: Decidueye|87/100
|-status|p2a: Decidueye|brn
|
|-damage|p2a: Decidueye|81/100 brn|[from] brn
|-sideend|p2: Br1_lore|move: Tailwind
|upkeep
|
|t:|1785356427
|switch|p1a: Staraptor|Staraptor, L50, M|100/100
|-ability|p1a: Staraptor|Intimidate|boost
|-fail|p2a: Decidueye|unboost|Attack|[from] ability: Scrappy|[of] p2a: Decidueye
|-unboost|p2b: Aerodactyl|atk|1
|turn|5
|inactive|Br1_lore has 30 seconds left.
|
|t:|1785356458
|detailschange|p1a: Staraptor|Staraptor-Mega, L50, M
|-mega|p1a: Staraptor|Staraptor|Staraptite
|move|p2b: Aerodactyl|Dual Wingbeat|p1b: Sinistcha
|-supereffective|p1b: Sinistcha|1
|-crit|p1b: Sinistcha
|-damage|p1b: Sinistcha|55/100
|-supereffective|p1b: Sinistcha|1
|-damage|p1b: Sinistcha|41/100
|-hitcount|p1b: Sinistcha|2
|move|p1a: Staraptor|Close Combat|p2b: Aerodactyl
|-damage|p2b: Aerodactyl|0 fnt
|-boost|p1a: Staraptor|def|1
|-boost|p1a: Staraptor|spd|1
|-enditem|p1b: Sinistcha|Sitrus Berry|[eat]
|-heal|p1b: Sinistcha|66/100|[from] item: Sitrus Berry
|faint|p2b: Aerodactyl
|move|p1b: Sinistcha|Matcha Gotcha|p2a: Decidueye
|-resisted|p2a: Decidueye|1
|-damage|p2a: Decidueye|66/100 brn
|-heal|p1b: Sinistcha|74/100|[from] drain|[of] p2a: Decidueye
|move|p2a: Decidueye|Triple Arrows|p1b: Sinistcha
|-damage|p1b: Sinistcha|55/100
|
|-damage|p2a: Decidueye|60/100 brn|[from] brn
|upkeep
|inactive|Br1_lore has 30 seconds left.
|
|t:|1785356485
|switch|p2b: Sylveon|Sylveon, L50, M|100/100
|turn|6
|
|t:|1785356498
|move|p1a: Staraptor|Protect|p1a: Staraptor
|-singleturn|p1a: Staraptor|Protect
|move|p2b: Sylveon|Hyper Voice|p1b: Sinistcha|[spread] p1b
|-activate|p1a: Staraptor|move: Protect
|-damage|p1b: Sinistcha|8/100
|move|p1b: Sinistcha|Strength Sap|p2a: Decidueye
|-unboost|p2a: Decidueye|atk|1
|-heal|p1b: Sinistcha|100/100
|move|p2a: Decidueye|Haze|p2a: Decidueye
|-clearallboost
|
|-damage|p2a: Decidueye|53/100 brn|[from] brn
|upkeep
|turn|7
|
|t:|1785356522
|move|p1a: Staraptor|Brave Bird|p2b: Sylveon
|-damage|p2b: Sylveon|29/100
|-damage|p1a: Staraptor|72/100|[from] Recoil
|move|p2b: Sylveon|Hyper Voice|p1b: Sinistcha|[spread] p1a,p1b
|-supereffective|p1a: Staraptor|1
|-damage|p1a: Staraptor|0 fnt
|-damage|p1b: Sinistcha|53/100
|faint|p1a: Staraptor
|move|p1b: Sinistcha|Matcha Gotcha|p2b: Sylveon|[spread] p2a,p2b
|-resisted|p2a: Decidueye|1
|-damage|p2a: Decidueye|43/100 brn
|-heal|p1b: Sinistcha|60/100|[from] drain|[of] p2a: Decidueye
|-damage|p2b: Sylveon|11/100
|-heal|p1b: Sinistcha|69/100|[from] drain|[of] p2b: Sylveon
|move|p2a: Decidueye|Triple Arrows|p1b: Sinistcha
|-damage|p1b: Sinistcha|52/100
|-unboost|p1b: Sinistcha|def|1
|
|-damage|p2a: Decidueye|36/100 brn|[from] brn
|upkeep
|
|t:|1785356529
|switch|p1a: Excadrill|Excadrill, L50, M|1/100
|turn|8
|
|t:|1785356554
|move|p1a: Excadrill|Protect|p1a: Excadrill
|-singleturn|p1a: Excadrill|Protect
|move|p2b: Sylveon|Detect|p2b: Sylveon
|-singleturn|p2b: Sylveon|Protect
|move|p1b: Sinistcha|Matcha Gotcha|p2b: Sylveon|[spread] p2a
|-activate|p2b: Sylveon|move: Protect
|-resisted|p2a: Decidueye|1
|-damage|p2a: Decidueye|25/100 brn
|-heal|p1b: Sinistcha|59/100|[from] drain|[of] p2a: Decidueye
|move|p2a: Decidueye|Triple Arrows|p1a: Excadrill
|-activate|p1a: Excadrill|move: Protect
|
|-damage|p2a: Decidueye|18/100 brn|[from] brn
|upkeep
|turn|9
|
|t:|1785356572
|move|p1a: Excadrill|Protect||[still]
|-fail|p1a: Excadrill
|move|p2b: Sylveon|Hyper Voice|p1b: Sinistcha|[spread] p1a,p1b
|-resisted|p1a: Excadrill|1
|-damage|p1a: Excadrill|0 fnt
|-damage|p1b: Sinistcha|14/100
|faint|p1a: Excadrill
|move|p1b: Sinistcha|Matcha Gotcha|p2a: Decidueye|[spread] p2a,p2b
|-resisted|p2a: Decidueye|1
|-damage|p2a: Decidueye|8/100 brn
|-heal|p1b: Sinistcha|20/100y|[from] drain|[of] p2a: Decidueye
|-damage|p2b: Sylveon|0 fnt
|-heal|p1b: Sinistcha|26/100|[from] drain|[of] p2b: Sylveon
|faint|p2b: Sylveon
|move|p2a: Decidueye|Triple Arrows|p1b: Sinistcha
|-damage|p1b: Sinistcha|0 fnt
|faint|p1b: Sinistcha
|
|win|Br1_lore
|raw|a15003606's rating: 1128 → 1102(-26 for losing)
|raw|Br1_lore's rating: 1115 → 1141(+26 for winning)
|l|☆a15003606
|player|p1|
|l|☆Br1_lore
|player|p2|
|j|☆Br1_lore
|player|p2|Br1_lore|101|
