|j|☆HunTerDx36
|j|☆clarocojones
|html|HunTerDx36clarocojones    
|uhtml|bestof|Game 2 of a best-of-3
|t:|1786120995
|gametype|doubles
|player|p1|HunTerDx36|cynthia|1172
|player|p2|clarocojones|striker|1338
|gen|9
|tier|[Gen 9 Champions] VGC 2026 Reg M-B (Bo3)
|rated|
|rule|Species Clause: Limit one of each Pokémon
|rule|Item Clause: Limit 1 of each item
|clearpoke
|poke|p1|Swampert, L50, M|
|poke|p1|Pelipper, L50, M|
|poke|p1|Sinistcha-Masterpiece, L50|
|poke|p1|Gholdengo, L50|
|poke|p1|Grimmsnarl, L50, M|
|poke|p1|Mawile, L50, M|
|poke|p2|Floette-Eternal, L50, F|
|poke|p2|Incineroar, L50, F, shiny|
|poke|p2|Sinistcha-Masterpiece, L50, shiny|
|poke|p2|Milotic, L50, F|
|poke|p2|Raichu, L50, M|
|poke|p2|Ceruledge, L50, F|
|teampreview|4
|showteam|p1|Swampert||Swampertite|Torrent|WaveCrash,HighHorsepower,IcePunch,Protect|Adamant||M|||50|]Pelipper||DampRock|Drizzle|WeatherBall,IceBeam,Tailwind,Protect|Bold||M|||50|]Sinistcha-Masterpiece||Leftovers|Hospitality|MatchaGotcha,TrickRoom,RagePowder,Protect|Bold|||||50|]Gholdengo||ColburBerry|GoodasGold|MakeItRain,ShadowBall,NastyPlot,Protect|Bold|||||50|]Grimmsnarl||LightClay|Prankster|SpiritBreak,FakeOut,Reflect,LightScreen|Adamant||M|||50|]Mawile||Mawilite|Intimidate|PlayRough,IronHead,KnockOff,Protect|Adamant||M|||50|
|showteam|p2|Floette-Eternal||Floettite|FlowerVeil|Moonblast,DazzlingGleam,CalmMind,Protect|Modest||F|||50|]Incineroar||SitrusBerry|Intimidate|FakeOut,PartingShot,ThroatChop,FlareBlitz|Careful||F|||50|]Sinistcha-Masterpiece||KasibBerry|Hospitality|MatchaGotcha,LifeDew,RagePowder,TrickRoom|Bold|||||50|]Milotic||Leftovers|Competitive|MuddyWater,Coil,Hypnosis,Recover|Calm||F|||50|]Raichu||RaichuniteY|Static|FakeOut,ZapCannon,FocusBlast,Protect|Timid||M|||50|]Ceruledge||ColburBerry|FlashFire|BitterBlade,ShadowSneak,BulkUp,Protect|Adamant||F|||50|
|inactive|Battle timer is ON: inactive players will automatically lose when time's up. (requested by clarocojones)
|
|t:|1786121020
|teamsize|p1|4
|teamsize|p2|4
|start
|switch|p1a: Pelipper|Pelipper, L50, M|100/100
|switch|p1b: Gholdengo|Gholdengo, L50|100/100
|switch|p2a: Friends Take|Incineroar, L50, F, shiny|100/100
|switch|p2b: Milotic|Milotic, L50, F|100/100
|-ability|p2a: Friends Take|Intimidate|boost
|-unboost|p1a: Pelipper|atk|1
|-unboost|p1b: Gholdengo|atk|1
|-weather|RainDance|[from] ability: Drizzle|[of] p1a: Pelipper
|turn|1
|
|t:|1786121041
|move|p2a: Friends Take|Fake Out|p1a: Pelipper
|-damage|p1a: Pelipper|90/100
|move|p2b: Milotic|Coil|p2b: Milotic
|-boost|p2b: Milotic|atk|1
|-boost|p2b: Milotic|def|1
|-boost|p2b: Milotic|accuracy|1
|move|p1b: Gholdengo|Nasty Plot|p1b: Gholdengo
|-boost|p1b: Gholdengo|spa|2
|cant|p1a: Pelipper|flinch
|
|-weather|RainDance|[upkeep]
|upkeep
|turn|2
|
|t:|1786121061
|move|p2b: Milotic|Muddy Water|p1b: Gholdengo|[spread] p1a,p1b
|-resisted|p1a: Pelipper|1
|-damage|p1a: Pelipper|70/100
|-damage|p1b: Gholdengo|67/100
|move|p1b: Gholdengo|Nasty Plot|p1b: Gholdengo
|-boost|p1b: Gholdengo|spa|2
|move|p2a: Friends Take|Parting Shot|p1a: Pelipper
|-unboost|p1a: Pelipper|atk|1
|-unboost|p1a: Pelipper|spa|1
|
|t:|1786121071
|switch|p2a: Felicidad|Floette-Eternal, L50, F|100/100|[from] Parting Shot
|move|p1a: Pelipper|Tailwind|p1a: Pelipper
|-sidestart|p1: HunTerDx36|move: Tailwind
|
|-weather|RainDance|[upkeep]
|upkeep
|turn|3
|
|t:|1786121089
|switch|p1a: Sinistcha|Sinistcha-Masterpiece, L50|100/100
|-heal|p1b: Gholdengo|92/100|[from] ability: Hospitality|[of] p1a: Sinistcha
|switch|p2a: Friends Take|Incineroar, L50, F, shiny|100/100
|-ability|p2a: Friends Take|Intimidate|boost
|-unboost|p1a: Sinistcha|atk|1
|-unboost|p1b: Gholdengo|atk|1
|move|p1b: Gholdengo|Protect|p1b: Gholdengo
|-singleturn|p1b: Gholdengo|Protect
|move|p2b: Milotic|Muddy Water|p1a: Sinistcha|[spread] p1a
|-activate|p1b: Gholdengo|move: Protect
|-resisted|p1a: Sinistcha|1
|-damage|p1a: Sinistcha|79/100
|
|-weather|RainDance|[upkeep]
|-heal|p1a: Sinistcha|85/100|[from] item: Leftovers
|upkeep
|turn|4
|inactive|HunTerDx36 has 30 seconds left.
|inactive|HunTerDx36 has 20 seconds left.
|
|t:|1786121129
|move|p1b: Gholdengo|Shadow Ball|p2b: Milotic
|-damage|p2b: Milotic|27/100
|move|p1a: Sinistcha|Matcha Gotcha|p2b: Milotic|[spread] p2a,p2b
|-resisted|p2a: Friends Take|1
|-supereffective|p2b: Milotic|1
|-crit|p2b: Milotic
|-damage|p2a: Friends Take|89/100
|-heal|p1a: Sinistcha|92/100|[from] drain|[of] p2a: Friends Take
|-damage|p2b: Milotic|0 fnt
|-heal|p1a: Sinistcha|100/100|[from] drain|[of] p2b: Milotic
|faint|p2b: Milotic
|move|p2a: Friends Take|Throat Chop|p1b: Gholdengo
|-supereffective|p1b: Gholdengo|1
|-enditem|p1b: Gholdengo|Colbur Berry|[eat]
|-enditem|p1b: Gholdengo|Colbur Berry|[weaken]
|-damage|p1b: Gholdengo|64/100
|-start|p1b: Gholdengo|Throat Chop|[silent]
|
|-weather|RainDance|[upkeep]
|upkeep
|
|t:|1786121145
|switch|p2b: DON JULIO|Sinistcha-Masterpiece, L50, shiny|100/100
|-heal|p2a: Friends Take|100/100|[from] ability: Hospitality|[of] p2b: DON JULIO
|turn|5
|
|t:|1786121159
|move|p1a: Sinistcha|Rage Powder|p1a: Sinistcha
|-singleturn|p1a: Sinistcha|move: Rage Powder
|move|p1b: Gholdengo|Shadow Ball|p2b: DON JULIO
|-supereffective|p2b: DON JULIO|1
|-enditem|p2b: DON JULIO|Kasib Berry|[eat]
|-enditem|p2b: DON JULIO|Kasib Berry|[weaken]
|-damage|p2b: DON JULIO|0 fnt
|faint|p2b: DON JULIO
|move|p2a: Friends Take|Throat Chop|p1a: Sinistcha
|-supereffective|p1a: Sinistcha|1
|-damage|p1a: Sinistcha|46/100
|-start|p1a: Sinistcha|Throat Chop|[silent]
|
|-weather|RainDance|[upkeep]
|-heal|p1a: Sinistcha|52/100|[from] item: Leftovers
|-end|p1b: Gholdengo|Throat Chop|[silent]
|-sideend|p1: HunTerDx36|move: Tailwind
|upkeep
|
|t:|1786121164
|switch|p2b: Felicidad|Floette-Eternal, L50, F|100/100
|turn|6
|
|t:|1786121181
|move|p2b: Felicidad|Protect|p2b: Felicidad
|-singleturn|p2b: Felicidad|Protect
|move|p1a: Sinistcha|Rage Powder|p1a: Sinistcha
|-singleturn|p1a: Sinistcha|move: Rage Powder
|move|p1b: Gholdengo|Shadow Ball|p2b: Felicidad
|-activate|p2b: Felicidad|move: Protect
|move|p2a: Friends Take|Throat Chop|p1a: Sinistcha
|-supereffective|p1a: Sinistcha|1
|-damage|p1a: Sinistcha|1/100
|
|-weather|RainDance|[upkeep]
|-heal|p1a: Sinistcha|6/100|[from] item: Leftovers
|-end|p1a: Sinistcha|Throat Chop|[silent]
|upkeep
|turn|7
|
|t:|1786121203
|detailschange|p2b: Felicidad|Floette-Mega, L50, F
|-mega|p2b: Felicidad|Floette|Floettite
|-ability|p2b: Felicidad|Fairy Aura
|move|p1b: Gholdengo|Protect|p1b: Gholdengo
|-singleturn|p1b: Gholdengo|Protect
|move|p2b: Felicidad|Dazzling Gleam|p1a: Sinistcha|[spread] p1a
|-activate|p1b: Gholdengo|move: Protect
|-damage|p1a: Sinistcha|0 fnt
|faint|p1a: Sinistcha
|move|p2a: Friends Take|Throat Chop|p1b: Gholdengo
|-activate|p1b: Gholdengo|move: Protect
|
|-weather|RainDance|[upkeep]
|upkeep
|
|t:|1786121218
|switch|p1a: Mawile|Mawile, L50, M|100/100
|-ability|p1a: Mawile|Intimidate|boost
|-unboost|p2a: Friends Take|atk|1
|-unboost|p2b: Felicidad|atk|1
|turn|8
|
|t:|1786121236
|detailschange|p1a: Mawile|Mawile-Mega, L50, M
|-mega|p1a: Mawile|Mawile|Mawilite
|move|p2b: Felicidad|Protect|p2b: Felicidad
|-singleturn|p2b: Felicidad|Protect
|move|p1b: Gholdengo|Shadow Ball|p2b: Felicidad
|-activate|p2b: Felicidad|move: Protect
|move|p2a: Friends Take|Throat Chop|p1b: Gholdengo
|-supereffective|p1b: Gholdengo|1
|-damage|p1b: Gholdengo|24/100
|-start|p1b: Gholdengo|Throat Chop|[silent]
|move|p1a: Mawile|Play Rough|p2a: Friends Take|[miss]
|-miss|p1a: Mawile|p2a: Friends Take
|
|-weather|none
|upkeep
|turn|9
|
|t:|1786121257
|move|p1b: Gholdengo|Protect|p1b: Gholdengo
|-singleturn|p1b: Gholdengo|Protect
|move|p2b: Felicidad|Dazzling Gleam|p1a: Mawile|[spread] p1a
|-activate|p1b: Gholdengo|move: Protect
|-resisted|p1a: Mawile|1
|-damage|p1a: Mawile|71/100
|move|p2a: Friends Take|Flare Blitz|p1a: Mawile
|-supereffective|p1a: Mawile|1
|-damage|p1a: Mawile|22/100
|-damage|p2a: Friends Take|88/100|[from] Recoil
|move|p1a: Mawile|Play Rough|p2a: Friends Take
|-damage|p2a: Friends Take|0 fnt
|faint|p2a: Friends Take
|
|-end|p1b: Gholdengo|Throat Chop|[silent]
|upkeep
|turn|10
|inactive|HunTerDx36 has 30 seconds left.
|
|t:|1786121283
|move|p2b: Felicidad|Dazzling Gleam|p1a: Mawile|[spread] p1a,p1b
|-resisted|p1a: Mawile|1
|-resisted|p1b: Gholdengo|1
|-damage|p1a: Mawile|0 fnt
|-damage|p1b: Gholdengo|4/100
|faint|p1a: Mawile
|move|p1b: Gholdengo|Make It Rain|p2b: Felicidad
|-supereffective|p2b: Felicidad|1
|-damage|p2b: Felicidad|0 fnt
|-unboost|p1b: Gholdengo|spa|2
|faint|p2b: Felicidad
|
|win|HunTerDx36
