|j|☆Artsy_Snail
|j|☆Xalvadore
|html|Artsy_SnailXalvadore    
|uhtml|bestof|Game 1 of a best-of-3
|t:|1783041154
|gametype|doubles
|player|p1|Artsy_Snail|cyclistf-gen4|
|player|p2|Xalvadore|102|
|gen|9
|tier|[Gen 9 Champions] VGC 2026 Reg M-B (Bo3)
|rule|Species Clause: Limit one of each Pokémon
|rule|Item Clause: Limit 1 of each item
|clearpoke
|poke|p1|Meganium, L50, F|
|poke|p1|Dragonite, L50, M|
|poke|p1|Scovillain, L50, F|
|poke|p1|Aromatisse, L50, M|
|poke|p1|Politoed, L50, F|
|poke|p1|Gholdengo, L50|
|poke|p2|Raichu, L50, M|
|poke|p2|Krookodile, L50, M|
|poke|p2|Pelipper, L50, M|
|poke|p2|Swampert, L50, F|
|poke|p2|Tauros-Paldea-Blaze, L50, M|
|poke|p2|Gyarados, L50, M|
|teampreview|4
|showteam|p1|Meganium||Meganiumite|Overgrow|SolarBeam,WeatherBall,EarthPower,Protect|Quiet||F|||50|]Dragonite||ChoiceScarf|InnerFocus|Hurricane,IceBeam,DracoMeteor,SunnyDay|Modest||M|||50|]Scovillain||FocusSash|Chlorophyll|LeafStorm,Overheat,Endeavor,RagePowder|Timid||F|||50|]Aromatisse||SitrusBerry|AromaVeil|TrickRoom,AllySwitch,Moonblast,Disable|Relaxed||M|||50|]Politoed||LifeOrb|Drizzle|WeatherBall,IceBeam,Protect,Encore|Quiet||F|||50|]Gholdengo||SpellTag|GoodasGold|Thunderbolt,MakeItRain,ShadowBall,Protect|Quiet|||||50|
|showteam|p2|Raichu||FocusSash|LightningRod|FakeOut,Nuzzle,Encore,VoltSwitch|Timid||M|||50|]Krookodile||ChoiceScarf|Intimidate|HighHorsepower,KnockOff,RockSlide,Earthquake|Jolly||M|||50|]Pelipper||DampRock|Drizzle|WeatherBall,Hurricane,Tailwind,Protect|Bold||M|||50|]Swampert||Swampertite|Torrent|WaveCrash,Earthquake,IcePunch,Protect|Adamant||F|||50|]Tauros-Paldea-Blaze||WhiteHerb|Intimidate|CloseCombat,HighHorsepower,FlareBlitz,Protect|Jolly||M|||50|]Gyarados||SitrusBerry|Intimidate|Waterfall,IceFang,IcyWind,Protect|Jolly||M|||50|
|inactive|Battle timer is ON: inactive players will automatically lose when time's up. (requested by Artsy_Snail)
|inactive|Xalvadore has 60 seconds left.
|inactive|Xalvadore has 30 seconds left.
|
|t:|1783041224
|teamsize|p1|4
|teamsize|p2|4
|start
|switch|p1a: Scovillain|Scovillain, L50, F|100/100
|switch|p1b: Aromatisse|Aromatisse, L50, M|100/100
|switch|p2a: Raichu|Raichu, L50, M|100/100
|switch|p2b: Tauros|Tauros-Paldea-Blaze, L50, M|100/100
|-ability|p2b: Tauros|Intimidate|boost
|-unboost|p1a: Scovillain|atk|1
|-unboost|p1b: Aromatisse|atk|1
|turn|1
|inactive|Xalvadore has 30 seconds left.
|j| frosteefromyt
|
|t:|1783041261
|move|p2a: Raichu|Fake Out|p1b: Aromatisse
|-damage|p1b: Aromatisse|94/100
|move|p1a: Scovillain|Rage Powder|p1a: Scovillain
|-singleturn|p1a: Scovillain|move: Rage Powder
|move|p2b: Tauros|Close Combat|p1a: Scovillain
|-enditem|p1a: Scovillain|Focus Sash
|-damage|p1a: Scovillain|1/100
|-unboost|p2b: Tauros|def|1
|-unboost|p2b: Tauros|spd|1
|-enditem|p2b: Tauros|White Herb
|-clearnegativeboost|p2b: Tauros|[silent]
|cant|p1b: Aromatisse|flinch
|
|upkeep
|turn|2
|inactive|Xalvadore has 30 seconds left.
|
|t:|1783041288
|move|p2a: Raichu|Volt Switch|p1a: Scovillain
|-resisted|p1a: Scovillain|1
|-damage|p1a: Scovillain|0 fnt
|faint|p1a: Scovillain
|
|t:|1783041296
|switch|p2a: Gyarados|Gyarados, L50, M|100/100|[from] Volt Switch
|-ability|p2a: Gyarados|Intimidate|boost
|-unboost|p1b: Aromatisse|atk|1
|move|p2b: Tauros|Flare Blitz|p1b: Aromatisse
|-damage|p1b: Aromatisse|50/100g
|-damage|p2b: Tauros|80/100|[from] Recoil
|move|p1b: Aromatisse|Trick Room|p1b: Aromatisse
|-fieldstart|move: Trick Room|[of] p1b: Aromatisse
|
|upkeep
|
|t:|1783041306
|switch|p1a: Gholdengo|Gholdengo, L50|100/100
|turn|3
|
|t:|1783041318
|move|p2a: Gyarados|Protect|p2a: Gyarados
|-singleturn|p2a: Gyarados|Protect
|move|p2b: Tauros|Protect|p2b: Tauros
|-singleturn|p2b: Tauros|Protect
|move|p1b: Aromatisse|Ally Switch|p1b: Aromatisse
|swap|p1b: Aromatisse|0|[from] move: Ally Switch
|move|p1b: Gholdengo|Thunderbolt|p2a: Gyarados
|-activate|p2a: Gyarados|move: Protect
|
|upkeep
|turn|4
|inactive|Artsy_Snail has 30 seconds left.
|
|t:|1783041349
|switch|p2a: Raichu|Raichu, L50, M|100/100
|move|p1a: Aromatisse|Moonblast|p2b: Tauros
|-damage|p2b: Tauros|26/100
|move|p1b: Gholdengo|Shadow Ball|p2b: Tauros
|-damage|p2b: Tauros|0 fnt
|faint|p2b: Tauros
|
|upkeep
|
|t:|1783041361
|switch|p2b: Pelipper|Pelipper, L50, M|100/100
|-weather|RainDance|[from] ability: Drizzle|[of] p2b: Pelipper
|turn|5
|
|t:|1783041376
|move|p1a: Aromatisse|Ally Switch|p1a: Aromatisse
|swap|p1a: Aromatisse|1|[from] move: Ally Switch
|move|p2b: Pelipper|Weather Ball|p1b: Aromatisse
|-damage|p1b: Aromatisse|1/100
|-enditem|p1b: Aromatisse|Sitrus Berry|[eat]
|-heal|p1b: Aromatisse|26/100|[from] item: Sitrus Berry
|move|p1a: Gholdengo|Thunderbolt|p2a: Raichu
|-activate|p2a: Raichu|ability: Lightning Rod
|-ability|p2a: Raichu|Lightning Rod|boost
|-boost|p2a: Raichu|spa|1
|move|p2a: Raichu|Nuzzle|p1a: Gholdengo
|-damage|p1a: Gholdengo|94/100
|-status|p1a: Gholdengo|par
|
|-weather|RainDance|[upkeep]
|upkeep
|turn|6
|inactive|Artsy_Snail has 30 seconds left.
|inactive|Xalvadore has 30 seconds left.
|inactive|Artsy_Snail has 20 seconds left.
|inactive|Artsy_Snail has 15 seconds left.
|inactive|Artsy_Snail has 10 seconds left.
|
|t:|1783041424
|move|p1b: Aromatisse|Disable|p2b: Pelipper
|-start|p2b: Pelipper|Disable|Weather Ball
|cant|p1a: Gholdengo|par
|cant|p2b: Pelipper|Disable|Weather Ball
|move|p2a: Raichu|Volt Switch|p1b: Aromatisse
|-damage|p1b: Aromatisse|0 fnt
|faint|p1b: Aromatisse
|
|t:|1783041433
|switch|p2a: Gyarados|Gyarados, L50, M|100/100|[from] Volt Switch
|-ability|p2a: Gyarados|Intimidate|boost
|-unboost|p1a: Gholdengo|atk|1
|
|-weather|RainDance|[upkeep]
|-fieldend|move: Trick Room
|upkeep
|
|t:|1783041438
|switch|p1b: Meganium|Meganium, L50, F|100/100
|turn|7
|inactive|Xalvadore has 30 seconds left.
|
|t:|1783041478
|detailschange|p1b: Meganium|Meganium-Mega, L50, F
|-mega|p1b: Meganium|Meganium|Meganiumite
|move|p2b: Pelipper|Protect|p2b: Pelipper
|-singleturn|p2b: Pelipper|Protect
|move|p2a: Gyarados|Waterfall|p1a: Gholdengo
|-damage|p1a: Gholdengo|40/100 par
|move|p1b: Meganium|Solar Beam||[still]
|-prepare|p1b: Meganium|Solar Beam
|-activate|p1b: Meganium|ability: Mega Sol
|-anim|p1b: Meganium|Solar Beam|p2a: Gyarados
|-damage|p2a: Gyarados|29/100
|-enditem|p2a: Gyarados|Sitrus Berry|[eat]
|-heal|p2a: Gyarados|53/100|[from] item: Sitrus Berry
|move|p1a: Gholdengo|Shadow Ball|p2b: Pelipper
|-activate|p2b: Pelipper|move: Protect
|
|-weather|RainDance|[upkeep]
|upkeep
|turn|8
|inactive|Artsy_Snail has 30 seconds left.
|
|t:|1783041506
|move|p2a: Gyarados|Waterfall|p1a: Gholdengo
|-damage|p1a: Gholdengo|0 fnt
|faint|p1a: Gholdengo
|move|p1b: Meganium|Solar Beam||[still]
|-prepare|p1b: Meganium|Solar Beam
|-activate|p1b: Meganium|ability: Mega Sol
|-anim|p1b: Meganium|Solar Beam|p2a: Gyarados
|-damage|p2a: Gyarados|0 fnt
|faint|p2a: Gyarados
|move|p2b: Pelipper|Hurricane|p1b: Meganium
|-supereffective|p1b: Meganium|1
|-crit|p1b: Meganium
|-damage|p1b: Meganium|1/100
|
|-weather|RainDance|[upkeep]
|upkeep
|
|t:|1783041519
|switch|p2a: Raichu|Raichu, L50, M|100/100
|turn|9
|
|t:|1783041523
|move|p2a: Raichu|Fake Out|p1b: Meganium
|-damage|p1b: Meganium|0 fnt
|faint|p1b: Meganium
|
|win|Xalvadore
|c|☆Xalvadore|gg
||Artsy_Snail is ready for game 2.
||Xalvadore is ready for game 2.
|uhtml|next|Next: Game 2 of 3
|l| frosteefromyt
