|j|☆beast656545
|j|☆jajahyr
|html|beast656545jajahyr    
|uhtml|bestof|Game 2 of a best-of-3
|t:|1782956545
|gametype|doubles
|player|p1|beast656545|firebreather|1068
|player|p2|jajahyr|1|1000
|gen|9
|tier|[Gen 9 Champions] VGC 2026 Reg M-B (Bo3)
|rated|
|rule|Species Clause: Limit one of each Pokémon
|rule|Item Clause: Limit 1 of each item
|clearpoke
|poke|p1|Tinkaton, L50, F|
|poke|p1|Gholdengo, L50|
|poke|p1|Dragonite, L50, M|
|poke|p1|Aerodactyl, L50, F|
|poke|p1|Grimmsnarl, L50, M|
|poke|p1|Rotom-Wash, L50|
|poke|p2|Farigiraf, L50, M, shiny|
|poke|p2|Sylveon, L50, F, shiny|
|poke|p2|Pyroar, L50, F, shiny|
|poke|p2|Ninetales, L50, F, shiny|
|poke|p2|Venusaur, L50, M, shiny|
|poke|p2|Scrafty, L50, M, shiny|
|teampreview|4
|showteam|p1|Tinkaton||SitrusBerry|MoldBreaker|PlayRough,GigatonHammer,HelpingHand,FakeOut|Impish||F|||50|]Gholdengo||ChoiceScarf|GoodasGold|PowerGem,ShadowBall,MakeItRain,Thunderbolt|Modest|||||50|]Dragonite||Dragoninite|Multiscale|DracoMeteor,Tailwind,Haze,Thunderbolt|Modest||M|||50|]Aerodactyl||Aerodactylite|RockHead|Tailwind,DualWingbeat,RockSlide,Protect|Jolly||F|||50|]Grimmsnarl||LightClay|Prankster|LightScreen,Reflect,PartingShot,SpiritBreak|Careful||M|||50|]Rotom-Wash||Leftovers|Levitate|FoulPlay,HydroPump,Protect,WillOWisp|Calm|||||50|
|showteam|p2|Farigiraf||SitrusBerry|ArmorTail|TrickRoom,Psychic,Imprison,HelpingHand|Bold||M|||50|]Sylveon||FairyFeather|Pixilate|HyperBeam,HyperVoice,QuickAttack,Detect|Modest||F|||50|]Pyroar||Pyroarite|Moxie|HeatWave,Protect,SolarBeam,ScorchingSands|Timid||F|||50|]Ninetales||ChoiceScarf|Drought|HeatWave,SolarBeam,Overheat,FakeTears|Modest||F|||50|]Venusaur||LifeOrb|Chlorophyll|SludgeBomb,Protect,GigaDrain,SleepPowder|Modest||M|||50|]Scrafty||Scraftinite|Intimidate|KnockOff,FakeOut,DrainPunch,IcePunch|Adamant||M|||50|
|
|t:|1782956594
|teamsize|p1|4
|teamsize|p2|4
|start
|switch|p1a: Aerodactyl|Aerodactyl, L50, F|100/100
|switch|p1b: Tinkaton|Tinkaton, L50, F|100/100
|switch|p2a: Scrafty|Scrafty, L50, M, shiny|100/100
|switch|p2b: Farigiraf|Farigiraf, L50, M, shiny|100/100
|-ability|p1b: Tinkaton|Mold Breaker
|-ability|p2a: Scrafty|Intimidate|boost
|-unboost|p1a: Aerodactyl|atk|1
|-unboost|p1b: Tinkaton|atk|1
|turn|1
|
|t:|1782956617
|switch|p1a: Gholdengo|Gholdengo, L50|100/100
|detailschange|p2a: Scrafty|Scrafty-Mega, L50, M, shiny
|-mega|p2a: Scrafty|Scrafty|Scraftinite
|-ability|p2a: Scrafty|Intimidate|boost
|-unboost|p1a: Gholdengo|atk|1
|-unboost|p1b: Tinkaton|atk|1
|move|p1b: Tinkaton|Fake Out|p2b: Farigiraf
|-damage|p2b: Farigiraf|96/100
|move|p2a: Scrafty|Fake Out|p1b: Tinkaton
|-resisted|p1b: Tinkaton|1
|-damage|p1b: Tinkaton|93/100
|cant|p2b: Farigiraf|flinch
|
|upkeep
|turn|2
|
|t:|1782956633
|move|p1b: Tinkaton|Helping Hand|p1a: Gholdengo
|-singleturn|p1a: Gholdengo|Helping Hand|[of] p1b: Tinkaton
|move|p2b: Farigiraf|Helping Hand|p2a: Scrafty
|-singleturn|p2a: Scrafty|Helping Hand|[of] p2b: Farigiraf
|move|p1a: Gholdengo|Make It Rain|p2b: Farigiraf|[spread] p2a,p2b
|-damage|p2a: Scrafty|40/100
|-damage|p2b: Farigiraf|17/100
|-unboost|p1a: Gholdengo|spa|2
|-enditem|p2b: Farigiraf|Sitrus Berry|[eat]
|-heal|p2b: Farigiraf|42/100|[from] item: Sitrus Berry
|move|p2a: Scrafty|Knock Off|p1a: Gholdengo
|-supereffective|p1a: Gholdengo|1
|-damage|p1a: Gholdengo|0 fnt
|-enditem|p1a: Gholdengo|Choice Scarf|[from] move: Knock Off|[of] p2a: Scrafty
|faint|p1a: Gholdengo
|
|upkeep
|
|t:|1782956651
|switch|p1a: Aerodactyl|Aerodactyl, L50, F|100/100
|turn|3
|
|t:|1782956664
|move|p2b: Farigiraf|Helping Hand|p2a: Scrafty
|-singleturn|p2a: Scrafty|Helping Hand|[of] p2b: Farigiraf
|move|p1a: Aerodactyl|Dual Wingbeat|p2a: Scrafty
|-supereffective|p2a: Scrafty|1
|-damage|p2a: Scrafty|8/100
|-supereffective|p2a: Scrafty|1
|-damage|p2a: Scrafty|0 fnt
|faint|p2a: Scrafty
|-hitcount|p2: Scrafty|2
|move|p1b: Tinkaton|Gigaton Hammer|p2b: Farigiraf
|-damage|p2b: Farigiraf|23/100
|
|upkeep
|
|t:|1782956669
|switch|p2a: Ninetales|Ninetales, L50, F, shiny|100/100
|-weather|SunnyDay|[from] ability: Drought|[of] p2a: Ninetales
|turn|4
|
|t:|1782956681
|detailschange|p1a: Aerodactyl|Aerodactyl-Mega, L50, F
|-mega|p1a: Aerodactyl|Aerodactyl|Aerodactylite
|move|p1b: Tinkaton|Helping Hand|p1a: Aerodactyl
|-singleturn|p1a: Aerodactyl|Helping Hand|[of] p1b: Tinkaton
|move|p2b: Farigiraf|Helping Hand|p2a: Ninetales
|-singleturn|p2a: Ninetales|Helping Hand|[of] p2b: Farigiraf
|move|p2a: Ninetales|Heat Wave|p1b: Tinkaton|[spread] p1a,p1b
|-resisted|p1a: Aerodactyl|1
|-supereffective|p1b: Tinkaton|1
|-damage|p1a: Aerodactyl|61/100
|-damage|p1b: Tinkaton|0 fnt
|faint|p1b: Tinkaton
|move|p1a: Aerodactyl|Rock Slide|p2a: Ninetales|[spread] p2a,p2b
|-supereffective|p2a: Ninetales|1
|-damage|p2a: Ninetales|0 fnt
|-damage|p2b: Farigiraf|0 fnt
|faint|p2a: Ninetales
|faint|p2b: Farigiraf
|
|-weather|SunnyDay|[upkeep]
|upkeep
|
|t:|1782956699
|switch|p2a: Venusaur|Venusaur, L50, M, shiny|100/100
|switch|p1b: Rotom|Rotom-Wash, L50|100/100
|turn|5
|
|t:|1782956710
|move|p2a: Venusaur|Sleep Powder|p1a: Aerodactyl
|-status|p1a: Aerodactyl|slp|[from] move: Sleep Powder
|cant|p1a: Aerodactyl|slp
|move|p1b: Rotom|Will-O-Wisp|p2a: Venusaur
|-status|p2a: Venusaur|brn
|
|-weather|SunnyDay|[upkeep]
|-damage|p2a: Venusaur|94/100 brn|[from] brn
|upkeep
|turn|6
|
|t:|1782956723
|move|p2a: Venusaur|Giga Drain|p1b: Rotom
|-supereffective|p1b: Rotom|1
|-damage|p1b: Rotom|14/100
|-heal|p2a: Venusaur|100/100 brn|[from] drain|[of] p1b: Rotom
|-damage|p2a: Venusaur|90/100 brn|[from] item: Life Orb
|-curestatus|p1a: Aerodactyl|slp|[msg]
|move|p1a: Aerodactyl|Dual Wingbeat|p2a: Venusaur|[miss]
|-miss|p1a: Aerodactyl|p2a: Venusaur
|move|p1b: Rotom|Foul Play|p2a: Venusaur
|-damage|p2a: Venusaur|70/100 brn
|
|-weather|SunnyDay|[upkeep]
|-heal|p1b: Rotom|19/100|[from] item: Leftovers
|-damage|p2a: Venusaur|64/100 brn|[from] brn
|upkeep
|turn|7
|
|t:|1782956759
|move|p1b: Rotom|Protect|p1b: Rotom
|-singleturn|p1b: Rotom|Protect
|move|p2a: Venusaur|Giga Drain|p1b: Rotom
|-activate|p1b: Rotom|move: Protect
|move|p1a: Aerodactyl|Dual Wingbeat|p2a: Venusaur
|-supereffective|p2a: Venusaur|1
|-damage|p2a: Venusaur|0 fnt
|faint|p2a: Venusaur
|-hitcount|p2: Venusaur|1
|
|win|beast656545
||jajahyr is ready for game 3.
||beast656545 is ready for game 3.
|uhtml|next|Next: Game 3 of 3
|l|☆jajahyr
|player|p2|
