|j|☆robotarmadillo
|j|☆irishshyguy
|html|robotarmadilloirishshyguy    
|uhtml|bestof|Game 3 of a best-of-3
|t:|1782740766
|gametype|doubles
|player|p1|robotarmadillo|hiker-gen4|
|player|p2|irishshyguy|ninjaboy|
|gen|9
|tier|[Gen 9 Champions] VGC 2026 Reg M-B (Bo3)
|rule|Species Clause: Limit one of each Pokémon
|rule|Item Clause: Limit 1 of each item
|clearpoke
|poke|p1|Tyranitar, L50, F|
|poke|p1|Garchomp, L50, F|
|poke|p1|Skarmory, L50, M|
|poke|p1|Meowscarada, L50, F|
|poke|p1|Ditto, L50|
|poke|p1|Alcremie-Rainbow-Swirl, L50, F|
|poke|p2|Sableye, L50, F|
|poke|p2|Gengar, L50, M|
|poke|p2|Ninetales-Alola, L50, M|
|poke|p2|Tauros-Paldea-Aqua, L50, M|
|poke|p2|Samurott-Hisui, L50, F|
|poke|p2|Rhyperior, L50, F|
|teampreview|4
|showteam|p1|Tyranitar||Tyranitarite|SandStream|RockSlide,KnockOff,Superpower,Protect|Adamant||F|||50|]Garchomp||LifeOrb|RoughSkin|Earthquake,DragonClaw,Protect,IronHead|Jolly||F|||50|]Skarmory||ShedShell|Sturdy|Tailwind,BraveBird,IronDefense,BodyPress|Careful||M|||50|]Meowscarada||FocusSash|Protean|KnockOff,FlowerTrick,Protect,ShadowClaw|Jolly||F|||50|]Ditto||ChoiceScarf|Imposter|Transform|Bold|||||50|]Alcremie-Rainbow-Swirl|||AromaVeil|Decorate,DazzlingGleam,HelpingHand,Protect|Calm||F|||50|
|showteam|p2|Sableye||FocusSash|Prankster|FakeOut,Quash,WillOWisp,Protect|Careful||F|||50|]Gengar||Gengarite|CursedBody|PerishSong,Protect,ShadowBall,SludgeBomb|Bold||M|||50|]Ninetales-Alola||LightClay|SnowWarning|AuroraVeil,Protect,Blizzard,Moonblast|Timid||M|||50|]Tauros-Paldea-Aqua||SitrusBerry|Intimidate|WaveCrash,CloseCombat,RagingBull,Protect|Jolly||M|||50|]Samurott-Hisui||Leftovers|Sharpness|CeaselessEdge,RazorShell,AquaJet,Protect|Jolly||F|||50|]Rhyperior||HardStone|SolidRock|HighHorsepower,RockSlide,IcePunch,Protect|Adamant||F|||50|
|
|t:|1782741019
|teamsize|p1|4
|teamsize|p2|4
|start
|switch|p1a: Garchomp|Garchomp, L50, F|100/100
|switch|p1b: Skarmory|Skarmory, L50, M|100/100
|switch|p2a: Gengar|Gengar, L50, M|100/100
|switch|p2b: Ninetales|Ninetales-Alola, L50, M|100/100
|-weather|Snowscape|[from] ability: Snow Warning|[of] p2b: Ninetales
|turn|1
|
|t:|1782741095
|detailschange|p2a: Gengar|Gengar-Mega, L50, M
|-mega|p2a: Gengar|Gengar|Gengarite
|move|p2a: Gengar|Protect|p2a: Gengar
|-singleturn|p2a: Gengar|Protect
|move|p2b: Ninetales|Blizzard|p1b: Skarmory|[spread] p1a,p1b
|-supereffective|p1a: Garchomp|2
|-damage|p1a: Garchomp|0 fnt
|-damage|p1b: Skarmory|68/100
|faint|p1a: Garchomp
|move|p1b: Skarmory|Tailwind|p1b: Skarmory
|-sidestart|p1: robotarmadillo|move: Tailwind
|
|-weather|Snowscape|[upkeep]
|upkeep
|
|t:|1782741177
|switch|p1a: Tyranitar|Tyranitar, L50, F|100/100
|-weather|Sandstorm|[from] ability: Sand Stream|[of] p1a: Tyranitar
|turn|2
|
|t:|1782741377
|detailschange|p1a: Tyranitar|Tyranitar-Mega, L50, F
|-mega|p1a: Tyranitar|Tyranitar|Tyranitarite
|move|p1a: Tyranitar|Rock Slide|p2b: Ninetales|[spread] p2a
|-miss|p1a: Tyranitar|p2b: Ninetales
|-damage|p2a: Gengar|56/100
|move|p1b: Skarmory|Brave Bird|p2b: Ninetales
|-damage|p2b: Ninetales|44/100
|-damage|p1b: Skarmory|52/100|[from] Recoil
|move|p2b: Ninetales|Moonblast|p1a: Tyranitar
|-supereffective|p1a: Tyranitar|1
|-damage|p1a: Tyranitar|65/100
|-unboost|p1a: Tyranitar|spa|1
|cant|p2a: Gengar|flinch
|
|-weather|Sandstorm|[upkeep]
|-damage|p2b: Ninetales|38/100|[from] Sandstorm
|-damage|p2a: Gengar|50/100g|[from] Sandstorm
|upkeep
|turn|3
|
|t:|1782741593
|move|p2a: Gengar|Protect|p2a: Gengar
|-singleturn|p2a: Gengar|Protect
|move|p1a: Tyranitar|Rock Slide|p2b: Ninetales|[spread] p2b
|-activate|p2a: Gengar|move: Protect
|-supereffective|p2b: Ninetales|1
|-damage|p2b: Ninetales|0 fnt
|faint|p2b: Ninetales
|move|p1b: Skarmory|Brave Bird|p2a: Gengar
|-activate|p2a: Gengar|move: Protect
|
|-weather|Sandstorm|[upkeep]
|-damage|p2a: Gengar|44/100|[from] Sandstorm
|upkeep
|
|t:|1782741690
|switch|p2b: Tauros|Tauros-Paldea-Aqua, L50, M|100/100
|-ability|p2b: Tauros|Intimidate|boost
|-unboost|p1a: Tyranitar|atk|1
|-unboost|p1b: Skarmory|atk|1
|turn|4
|
|t:|1782741768
|move|p1a: Tyranitar|Knock Off|p2a: Gengar
|-supereffective|p2a: Gengar|1
|-damage|p2a: Gengar|0 fnt
|faint|p2a: Gengar
|move|p1b: Skarmory|Brave Bird|p2b: Tauros
|-supereffective|p2b: Tauros|1
|-damage|p2b: Tauros|44/100
|-enditem|p2b: Tauros|Sitrus Berry|[eat]
|-heal|p2b: Tauros|68/100|[from] item: Sitrus Berry
|-damage|p1b: Skarmory|36/100|[from] Recoil
|move|p2b: Tauros|Close Combat|p1a: Tyranitar
|-supereffective|p1a: Tyranitar|2
|-damage|p1a: Tyranitar|0 fnt
|-unboost|p2b: Tauros|def|1
|-unboost|p2b: Tauros|spd|1
|faint|p1a: Tyranitar
|
|-weather|Sandstorm|[upkeep]
|-damage|p2b: Tauros|62/100|[from] Sandstorm
|-sideend|p1: robotarmadillo|move: Tailwind
|upkeep
|
|t:|1782741790
|switch|p2a: Samurott|Samurott-Hisui, L50, F|100/100
|switch|p1a: Meowscarada|Meowscarada, L50, F|100/100
|turn|5
|
|t:|1782741936
|move|p1a: Meowscarada|Flower Trick|p2b: Tauros
|-start|p1a: Meowscarada|typechange|Grass|[from] ability: Protean
|-supereffective|p2b: Tauros|1
|-crit|p2b: Tauros
|-damage|p2b: Tauros|0 fnt
|faint|p2b: Tauros
|move|p2a: Samurott|Ceaseless Edge|p1b: Skarmory
|-damage|p1b: Skarmory|1/100
|-sidestart|p1: robotarmadillo|Spikes
|move|p1b: Skarmory|Body Press|p2a: Samurott
|-supereffective|p2a: Samurott|1
|-damage|p2a: Samurott|36/100
|
|-weather|Sandstorm|[upkeep]
|-damage|p1a: Meowscarada|94/100|[from] Sandstorm
|-damage|p2a: Samurott|30/100|[from] Sandstorm
|-heal|p2a: Samurott|36/100|[from] item: Leftovers
|upkeep
|turn|6
|
|t:|1782742073
|move|p2a: Samurott|Aqua Jet|p1b: Skarmory
|-damage|p1b: Skarmory|0 fnt
|faint|p1b: Skarmory
|move|p1a: Meowscarada|Flower Trick|p2a: Samurott
|-supereffective|p2a: Samurott|1
|-crit|p2a: Samurott
|-damage|p2a: Samurott|0 fnt
|faint|p2a: Samurott
|
|win|robotarmadillo
