|j|☆guiltypleasure06
|j|☆spongebob601
|html|guiltypleasure06spongebob601    
|uhtml|bestof|Game 1 of a best-of-3
|t:|1757253680
|gametype|doubles
|player|p1|guiltypleasure06|pokefan|1150
|player|p2|spongebob601|169|1157
|gen|9
|tier|[Gen 9] VGC 2025 Reg H (Bo3)
|rated|
|rule|Species Clause: Limit one of each Pokémon
|rule|Item Clause: Limit 1 of each item
|clearpoke
|poke|p1|Sneasler, L50, M|
|poke|p1|Dondozo, L50, M|
|poke|p1|Magmar, L50, M|
|poke|p1|Rillaboom, L50, M|
|poke|p1|Dragonite, L50, F|
|poke|p1|Kingambit, L50, M|
|poke|p2|Garganacl, L50, M|
|poke|p2|Dondozo, L50, M|
|poke|p2|Sneasler, L50, F|
|poke|p2|Gholdengo, L50|
|poke|p2|Ninetales-Alola, L50, F|
|poke|p2|Incineroar, L50, F|
|teampreview|4
|showteam|p1|Sneasler||FocusSash|Unburden|CloseCombat,DireClaw,Coaching,Protect|||M|||50|,,,,,Stellar]Dondozo||Leftovers|Unaware|Liquidation,Yawn,Fissure,Protect|||M|||50|,,,,,Fire]Magmar||Eviolite|VitalSpirit|Overheat,WillOWisp,FollowMe,Protect|||M|||50|,,,,,Dragon]Rillaboom||AssaultVest|GrassySurge|WoodHammer,GrassyGlide,Uturn,FakeOut|||M|||50|,,,,,Fire]Dragonite||LoadedDice|Multiscale|ExtremeSpeed,ScaleShot,LowKick,Protect|||F|||50|,,,,,Fairy]Kingambit||BlackGlasses|Defiant|Protect,SwordsDance,SuckerPunch,KowtowCleave|||M|||50|,,,,,Dark
|showteam|p2|Garganacl||MarangaBerry|PurifyingSalt|SaltCure,Recover,StealthRock,Protect|||M|||50|,,,,,Flying]Dondozo||Leftovers|Unaware|Liquidation,Yawn,Curse,Protect|||M|||50|,,,,,Poison]Sneasler||FocusSash|PoisonTouch|DireClaw,CloseCombat,Coaching,FakeOut|||F|||50|,,,,,Ghost]Gholdengo||ChoiceScarf|GoodasGold|MakeItRain,Trick,ShadowBall,PowerGem||||||50|,,,,,Steel]Ninetales-Alola||NeverMeltIce|SnowWarning|Blizzard,AuroraVeil,FreezeDry,Protect|||F|||50|,,,,,Ice]Incineroar||AssaultVest|Intimidate|FlareBlitz,KnockOff,FakeOut,DrainPunch|||F|||50|,,,,,Grass
|inactive|Battle timer is ON: inactive players will automatically lose when time's up. (requested by spongebob601)
|
|t:|1757253726
|teamsize|p1|4
|teamsize|p2|4
|start
|switch|p1a: Kingambit|Kingambit, L50, M, shiny|100/100
|switch|p1b: Rillaboom|Rillaboom, L50, M|100/100
|switch|p2a: Ninetales|Ninetales-Alola, L50, F|100/100
|switch|p2b: Incineroar|Incineroar, L50, F|100/100
|-weather|Snowscape|[from] ability: Snow Warning|[of] p2a: Ninetales
|-fieldstart|move: Grassy Terrain|[from] ability: Grassy Surge|[of] p1b: Rillaboom
|-ability|p2b: Incineroar|Intimidate|boost
|-unboost|p1a: Kingambit|atk|1
|-ability|p1a: Kingambit|Defiant|boost
|-boost|p1a: Kingambit|atk|2
|-unboost|p1b: Rillaboom|atk|1
|turn|1
|inactive|guiltypleasure06 has 30 seconds left.
|inactive|guiltypleasure06 has 20 seconds left.
|
|t:|1757253763
|move|p1b: Rillaboom|Fake Out|p2b: Incineroar
|-damage|p2b: Incineroar|92/100
|cant|p2b: Incineroar|flinch
|move|p2a: Ninetales|Aurora Veil|p2a: Ninetales
|-sidestart|p2: spongebob601|move: Aurora Veil
|move|p1a: Kingambit|Swords Dance|p1a: Kingambit
|-boost|p1a: Kingambit|atk|2
|
|-weather|Snowscape|[upkeep]
|-heal|p2b: Incineroar|98/100|[from] Grassy Terrain
|upkeep
|turn|2
|
|t:|1757253778
|switch|p1b: Magmar|Magmar, L50, M|100/100
|move|p1a: Kingambit|Protect|p1a: Kingambit
|-singleturn|p1a: Kingambit|Protect
|move|p2a: Ninetales|Blizzard|p1a: Kingambit|[spread] p1b
|-activate|p1a: Kingambit|move: Protect
|-resisted|p1b: Magmar
|-damage|p1b: Magmar|86/100
|move|p2b: Incineroar|Drain Punch|p1a: Kingambit
|-activate|p1a: Kingambit|move: Protect
|
|-weather|Snowscape|[upkeep]
|-heal|p1b: Magmar|92/100|[from] Grassy Terrain
|-heal|p2b: Incineroar|100/100|[from] Grassy Terrain
|upkeep
|turn|3
|inactive|guiltypleasure06 has 30 seconds left.
|inactive|spongebob601 has 30 seconds left.
|inactive|guiltypleasure06 has 20 seconds left.
|
|t:|1757253815
|-terastallize|p1a: Kingambit|Dark
|move|p2a: Ninetales|Blizzard|p1b: Magmar|[spread] p1a,p1b
|-resisted|p1b: Magmar
|-damage|p1a: Kingambit|65/100
|-damage|p1b: Magmar|77/100
|-status|p1b: Magmar|frz
|cant|p1b: Magmar|frz
|move|p1a: Kingambit|Kowtow Cleave|p2b: Incineroar
|-resisted|p2b: Incineroar
|-damage|p2b: Incineroar|43/100
|move|p2b: Incineroar|Knock Off|p1b: Magmar
|-damage|p1b: Magmar|37/100 frz
|-enditem|p1b: Magmar|Eviolite|[from] move: Knock Off|[of] p2b: Incineroar
|
|-weather|Snowscape|[upkeep]
|-heal|p1b: Magmar|43/100 frz|[from] Grassy Terrain
|-heal|p1a: Kingambit|71/100|[from] Grassy Terrain
|-heal|p2b: Incineroar|49/100|[from] Grassy Terrain
|upkeep
|turn|4
|inactive|guiltypleasure06 has 30 seconds left.
|inactive|spongebob601 has 30 seconds left.
|inactive|guiltypleasure06 has 20 seconds left.
|inactive|spongebob601 has 20 seconds left.
|inactive|guiltypleasure06 has 15 seconds left.
|inactive|guiltypleasure06 has 10 seconds left.
|inactive|guiltypleasure06 has 5 seconds left.
|
|t:|1757253865
|move|p2a: Ninetales|Blizzard|p1a: Kingambit|[spread] p1a,p1b
|-resisted|p1b: Magmar
|-damage|p1a: Kingambit|36/100
|-damage|p1b: Magmar|20/100 frz
|-curestatus|p1b: Magmar|frz|[msg]
|move|p1b: Magmar|Overheat|p2a: Ninetales
|-supereffective|p2a: Ninetales
|-damage|p2a: Ninetales|25/100
|-unboost|p1b: Magmar|spa|2
|move|p1a: Kingambit|Kowtow Cleave|p2b: Incineroar
|-resisted|p2b: Incineroar
|-damage|p2b: Incineroar|0 fnt
|faint|p2b: Incineroar
|
|-weather|Snowscape|[upkeep]
|-heal|p2a: Ninetales|31/100|[from] Grassy Terrain
|-heal|p1b: Magmar|26/100|[from] Grassy Terrain
|-heal|p1a: Kingambit|41/100|[from] Grassy Terrain
|upkeep
|
|t:|1757253885
|switch|p2b: Sneasler|Sneasler, L50, F|100/100
|turn|5
|
|t:|1757253894
|switch|p1b: Dondozo|Dondozo, L50, M|100/100
|move|p1a: Kingambit|Protect|p1a: Kingambit
|-singleturn|p1a: Kingambit|Protect
|move|p2b: Sneasler|Fake Out|p1b: Dondozo
|-damage|p1b: Dondozo|92/100
|move|p2a: Ninetales|Blizzard|p1b: Dondozo|[spread] p1b
|-activate|p1a: Kingambit|move: Protect
|-resisted|p1b: Dondozo
|-crit|p1b: Dondozo
|-damage|p1b: Dondozo|71/100
|-status|p1b: Dondozo|frz
|
|-weather|none
|-heal|p2a: Ninetales|37/100|[from] Grassy Terrain
|-heal|p1a: Kingambit|47/100|[from] Grassy Terrain
|-heal|p1b: Dondozo|78/100 frz|[from] Grassy Terrain
|-heal|p1b: Dondozo|84/100 frz|[from] item: Leftovers
|-sideend|p2: spongebob601|move: Aurora Veil
|-fieldend|move: Grassy Terrain
|upkeep
|turn|6
|c|☆guiltypleasure06|MAN
|c|☆guiltypleasure06|REALLY
|inactive|guiltypleasure06 has 30 seconds left.
|c|☆guiltypleasure06|10&
|c|☆guiltypleasure06|2 in the Same Match
|inactive|guiltypleasure06 has 20 seconds left.
|inactive|guiltypleasure06 has 15 seconds left.
|inactive|guiltypleasure06 has 10 seconds left.
|inactive|guiltypleasure06 has 5 seconds left.
|
|t:|1757253946
|move|p1a: Kingambit|Sucker Punch|p2b: Sneasler
|-resisted|p2b: Sneasler
|-enditem|p2b: Sneasler|Focus Sash
|-damage|p2b: Sneasler|1/100
|move|p2b: Sneasler|Close Combat|p1a: Kingambit
|-supereffective|p1a: Kingambit
|-damage|p1a: Kingambit|0 fnt
|-unboost|p2b: Sneasler|def|1
|-unboost|p2b: Sneasler|spd|1
|faint|p1a: Kingambit
|move|p2a: Ninetales|Blizzard|p1b: Dondozo
|-resisted|p1b: Dondozo
|-damage|p1b: Dondozo|64/100 frz
|cant|p1b: Dondozo|frz
|
|-heal|p1b: Dondozo|71/100 frz|[from] item: Leftovers
|upkeep
|
|t:|1757253961
|switch|p1a: Rillaboom|Rillaboom, L50, M|100/100
|-fieldstart|move: Grassy Terrain|[from] ability: Grassy Surge|[of] p1a: Rillaboom
|turn|7
|
|t:|1757253981
|move|p1a: Rillaboom|Grassy Glide|p2b: Sneasler
|-resisted|p2b: Sneasler
|-damage|p2b: Sneasler|0 fnt
|faint|p2b: Sneasler
|move|p2a: Ninetales|Blizzard|p1a: Rillaboom|[spread] p1a
|-miss|p2a: Ninetales|p1b: Dondozo
|-supereffective|p1a: Rillaboom
|-damage|p1a: Rillaboom|45/100
|cant|p1b: Dondozo|frz
|
|-heal|p2a: Ninetales|43/100|[from] Grassy Terrain
|-heal|p1a: Rillaboom|51/100|[from] Grassy Terrain
|-heal|p1b: Dondozo|77/100 frz|[from] Grassy Terrain
|-heal|p1b: Dondozo|83/100 frz|[from] item: Leftovers
|upkeep
|
|t:|1757253995
|switch|p2b: Garganacl|Garganacl, L50, M|100/100
|turn|8
|
|t:|1757254010
|-terastallize|p2b: Garganacl|Flying
|move|p2a: Ninetales|Blizzard|p1b: Dondozo|[spread] p1a,p1b
|-supereffective|p1a: Rillaboom
|-resisted|p1b: Dondozo
|-damage|p1a: Rillaboom|1/100
|-damage|p1b: Dondozo|68/100 frz
|move|p1a: Rillaboom|Wood Hammer|p2b: Garganacl
|-resisted|p2b: Garganacl
|-damage|p2b: Garganacl|76/100
|-damage|p1a: Rillaboom|0 fnt|[from] Recoil
|faint|p1a: Rillaboom
|cant|p1b: Dondozo|frz
|move|p2b: Garganacl|Salt Cure|p1b: Dondozo
|-damage|p1b: Dondozo|60/100 frz
|-start|p1b: Dondozo|Salt Cure
|
|-heal|p2a: Ninetales|49/100|[from] Grassy Terrain
|-heal|p1b: Dondozo|66/100 frz|[from] Grassy Terrain
|-heal|p1b: Dondozo|73/100 frz|[from] item: Leftovers
|-damage|p1b: Dondozo|48/100 frz|[from] Salt Cure
|upkeep
|
|t:|1757254027
|switch|p1a: Magmar|Magmar, L50, M|26/100
|turn|9
|
|t:|1757254037
|move|p2a: Ninetales|Freeze-Dry|p1b: Dondozo
|-supereffective|p1b: Dondozo
|-damage|p1b: Dondozo|0 fnt
|faint|p1b: Dondozo
|move|p1a: Magmar|Overheat|p2a: Ninetales
|-supereffective|p2a: Ninetales
|-damage|p2a: Ninetales|0 fnt
|-unboost|p1a: Magmar|spa|2
|faint|p2a: Ninetales
|move|p2b: Garganacl|Salt Cure|p1a: Magmar
|-supereffective|p1a: Magmar
|-damage|p1a: Magmar|0 fnt
|faint|p1a: Magmar
|
|win|spongebob601
||guiltypleasure06 is ready for game 2.
|inactive|spongebob601 has 30 seconds to confirm battle start!
||spongebob601 is ready for game 2.
|uhtml|next|Next: Game 2 of 3
