|j|☆cantchat_sorry
|j|☆elmono11
|html|cantchat_sorryelmono11    
|uhtml|bestof|Game 2 of a best-of-3
|t:|1785610825
|gametype|doubles
|player|p1|cantchat_sorry|clair|1219
|player|p2|elmono11|101|1384
|gen|9
|tier|[Gen 9 Champions] VGC 2026 Reg M-B (Bo3)
|rated|
|rule|Species Clause: Limit one of each Pokémon
|rule|Item Clause: Limit 1 of each item
|clearpoke
|poke|p1|Garchomp, L50, M|
|poke|p1|Tyranitar, L50, F|
|poke|p1|Corviknight, L50, M, shiny|
|poke|p1|Milotic, L50, F|
|poke|p1|Sinistcha, L50|
|poke|p1|Ceruledge, L50, F|
|poke|p2|Charizard, L50, M|
|poke|p2|Floette-Eternal, L50, F|
|poke|p2|Garchomp, L50, F|
|poke|p2|Kingambit, L50, M|
|poke|p2|Basculegion, L50, M|
|poke|p2|Whimsicott, L50, F|
|teampreview|4
|showteam|p1|Garchomp||Garchompite|RoughSkin|EarthPower,DracoMeteor,PowerGem,Protect|Modest||M|||50|]Tyranitar||ChoiceScarf|SandStream|KnockOff,RockSlide,IcePunch,LowKick|Jolly||F|||50|]Corviknight||LifeOrb|MirrorArmor|BraveBird,IronHead,Tailwind,Protect|Jolly||M|||50|]Milotic||SitrusBerry|Competitive|Scald,IcyWind,Haze,Protect|Bold||F|||50|]Sinistcha||KasibBerry|Hospitality|MatchaGotcha,RagePowder,TrickRoom,Protect|Bold|||||50|]Ceruledge||ColburBerry|FlashFire|BitterBlade,ShadowSneak,BulkUp,Protect|Adamant||F|||50|
|showteam|p2|Charizard||CharizarditeY|Blaze|HeatWave,WeatherBall,SolarBeam,Protect|Modest||M|||50|]Floette-Eternal||Floettite|FlowerVeil|Moonblast,DazzlingGleam,LightofRuin,Protect|Modest||F|||50|]Garchomp||LifeOrb|RoughSkin|Earthquake,DragonClaw,RockSlide,Protect|Jolly||F|||50|]Kingambit||BlackGlasses|Defiant|KowtowCleave,SuckerPunch,IronHead,Protect|Adamant||M|||50|]Basculegion||MysticWater|Adaptability|WaveCrash,LastRespects,AquaJet,Protect|Adamant||M|||50|]Whimsicott||FocusSash|Prankster|Moonblast,Tailwind,Encore,Protect|Timid||F|||50|
|inactive|Battle timer is ON: inactive players will automatically lose when time's up. (requested by elmono11)
|inactive|elmono11 has 60 seconds left.
|
|t:|1785610871
|teamsize|p1|4
|teamsize|p2|4
|start
|switch|p1a: Tyranitar|Tyranitar, L50, F|100/100
|switch|p1b: Corviknight|Corviknight, L50, M, shiny|100/100
|switch|p2a: Garchomp|Garchomp, L50, F|100/100
|switch|p2b: Floette|Floette-Eternal, L50, F|100/100
|-weather|Sandstorm|[from] ability: Sand Stream|[of] p1a: Tyranitar
|turn|1
|inactive|cantchat_sorry has 30 seconds left.
|inactive|elmono11 has 30 seconds left.
|inactive|cantchat_sorry has 20 seconds left.
|inactive|cantchat_sorry has 15 seconds left.
|inactive|cantchat_sorry has 10 seconds left.
|inactive|cantchat_sorry has 5 seconds left.
|
|t:|1785610926
|switch|p2a: Whimsicott|Whimsicott, L50, F|100/100
|switch|p2b: Basculegion|Basculegion, L50, M|100/100
|move|p1a: Tyranitar|Knock Off|p2b: Basculegion
|-supereffective|p2b: Basculegion|1
|-damage|p2b: Basculegion|8/100
|-enditem|p2b: Basculegion|Mystic Water|[from] move: Knock Off|[of] p1a: Tyranitar
|move|p1b: Corviknight|Brave Bird|p2b: Basculegion
|-damage|p2b: Basculegion|0 fnt
|faint|p2b: Basculegion
|-damage|p1b: Corviknight|96/100|[from] Recoil
|-damage|p1b: Corviknight|87/100|[from] item: Life Orb
|
|-weather|Sandstorm|[upkeep]
|-damage|p2a: Whimsicott|94/100|[from] Sandstorm
|upkeep
|inactive|elmono11 has 30 seconds left.
|
|t:|1785610952
|switch|p2b: Garchomp|Garchomp, L50, F|100/100
|turn|2
|
|t:|1785610965
|move|p2a: Whimsicott|Tailwind|p2a: Whimsicott
|-sidestart|p2: elmono11|move: Tailwind
|move|p2b: Garchomp|Rock Slide|p1b: Corviknight|[spread] p1a,p1b
|-damage|p1a: Tyranitar|77/100
|-damage|p1b: Corviknight|63/100
|-damage|p2b: Garchomp|90/100|[from] item: Life Orb
|cant|p1a: Tyranitar|flinch
|move|p1b: Corviknight|Tailwind|p1b: Corviknight
|-sidestart|p1: cantchat_sorry|move: Tailwind
|
|-weather|Sandstorm|[upkeep]
|-damage|p2a: Whimsicott|88/100|[from] Sandstorm
|upkeep
|turn|3
|inactive|cantchat_sorry has 30 seconds left.
|
|t:|1785610997
|switch|p1b: Garchomp|Garchomp, L50, M|100/100
|move|p2a: Whimsicott|Encore||[still]
|-fail|p2a: Whimsicott
|move|p1a: Tyranitar|Knock Off|p2b: Garchomp
|-damage|p2b: Garchomp|32/100
|-damage|p1a: Tyranitar|65/100|[from] ability: Rough Skin|[of] p2b: Garchomp
|-enditem|p2b: Garchomp|Life Orb|[from] move: Knock Off|[of] p1a: Tyranitar
|move|p2b: Garchomp|Earthquake|p1a: Tyranitar|[spread] p2a,p1a,p1b
|-resisted|p2a: Whimsicott|1
|-supereffective|p1a: Tyranitar|1
|-damage|p2a: Whimsicott|59/100
|-damage|p1a: Tyranitar|0 fnt
|-damage|p1b: Garchomp|63/100
|faint|p1a: Tyranitar
|
|-weather|Sandstorm|[upkeep]
|-damage|p2a: Whimsicott|53/100|[from] Sandstorm
|upkeep
|
|t:|1785611012
|switch|p1a: Corviknight|Corviknight, L50, M, shiny|63/100
|turn|4
|
|t:|1785611019
|move|p2a: Whimsicott|Protect|p2a: Whimsicott
|-singleturn|p2a: Whimsicott|Protect
|move|p1b: Garchomp|Protect|p1b: Garchomp
|-singleturn|p1b: Garchomp|Protect
|move|p2b: Garchomp|Rock Slide|p1a: Corviknight|[spread] 
|-activate|p1b: Garchomp|move: Protect
|-miss|p2b: Garchomp|p1a: Corviknight
|move|p1a: Corviknight|Brave Bird|p2a: Whimsicott
|-activate|p2a: Whimsicott|move: Protect
|
|-weather|Sandstorm|[upkeep]
|-damage|p2a: Whimsicott|47/100|[from] Sandstorm
|upkeep
|turn|5
|inactive|cantchat_sorry has 30 seconds left.
|inactive|elmono11 has 30 seconds left.
|
|t:|1785611046
|switch|p1b: Ceruledge|Ceruledge, L50, F|100/100
|move|p2a: Whimsicott|Protect||[still]
|-fail|p2a: Whimsicott
|move|p2b: Garchomp|Rock Slide|p1a: Corviknight|[spread] p1a,p1b
|-supereffective|p1b: Ceruledge|1
|-damage|p1a: Corviknight|43/100
|-damage|p1b: Ceruledge|58/100
|move|p1a: Corviknight|Brave Bird|p2b: Garchomp
|-damage|p2b: Garchomp|0 fnt
|-damage|p1a: Corviknight|31/100|[from] ability: Rough Skin|[of] p2b: Garchomp
|faint|p2b: Garchomp
|-damage|p1a: Corviknight|20/100y|[from] Recoil
|-damage|p1a: Corviknight|10/100|[from] item: Life Orb
|
|-weather|none
|-sideend|p1: cantchat_sorry|move: Tailwind
|-sideend|p2: elmono11|move: Tailwind
|upkeep
|
|t:|1785611052
|switch|p2b: Floette|Floette-Eternal, L50, F|100/100
|turn|6
|
|t:|1785611077
|detailschange|p2b: Floette|Floette-Mega, L50, F
|-mega|p2b: Floette|Floette|Floettite
|-ability|p2b: Floette|Fairy Aura
|move|p2a: Whimsicott|Moonblast|p1a: Corviknight
|-resisted|p1a: Corviknight|1
|-damage|p1a: Corviknight|0 fnt
|faint|p1a: Corviknight
|move|p2b: Floette|Light of Ruin|p1b: Ceruledge
|-resisted|p1b: Ceruledge|1
|-damage|p1b: Ceruledge|0 fnt
|faint|p1b: Ceruledge
|-damage|p2b: Floette|66/100|[from] Recoil
|
|upkeep
|-message|cantchat_sorry forfeited.
|
|win|elmono11
|raw|cantchat_sorry's rating: 1219 → 1205(-14 for losing)
|raw|elmono11's rating: 1384 → 1395(+11 for winning)
