|j|â˜†KilamanolaVGC
|j|â˜†t3hsleepyshuckle
|html|KilamanolaVGCt3hsleepyshuckle    
|uhtml|bestof|Game 1 of a best-of-3
|t:|1757786492
|gametype|doubles
|player|p1|KilamanolaVGC|169|1196
|player|p2|t3hsleepyshuckle|bugcatcher-gen4dp|1189
|gen|9
|tier|[Gen 9] VGC 2025 Reg H (Bo3)
|rated|
|rule|Species Clause: Limit one of each PokÃ©mon
|rule|Item Clause: Limit 1 of each item
|clearpoke
|poke|p1|Weezing-Galar, L50, F|
|poke|p1|Slaking, L50, M|
|poke|p1|Mamoswine, L50, F|
|poke|p1|Kilowattrel, L50, M|
|poke|p1|Dondozo, L50, M|
|poke|p1|Tatsugiri, L50, M|
|poke|p2|Indeedee, L50, M|
|poke|p2|Sneasler, L50, M|
|poke|p2|Excadrill, L50, M|
|poke|p2|Tyranitar, L50, F|
|poke|p2|Dragonite, L50, F|
|poke|p2|Amoonguss, L50, M|
|teampreview|4
|showteam|p1|Weezing-Galar||CovertCloak|NeutralizingGas|StrangeSteam,WillOWisp,Taunt,Protect|||F|||50|,,,,,Water]Slaking||LifeOrb|Truant|DoubleEdge,SuckerPunch,HighHorsepower,Protect|||M|||50|,,,,,Ghost]Mamoswine||FocusSash|Oblivious|IcicleCrash,IceShard,Earthquake,Protect|||F|||50|,,,,,Ghost]Kilowattrel||ChoiceSpecs|Competitive|Thunderbolt,Discharge,AirSlash,VoltSwitch|||M|||50|,,,,,Ghost]Dondozo||Leftovers|Unaware|WaveCrash,HeavySlam,OrderUp,Protect|||M|||50|,,,,,Grass]Tatsugiri||AbilityShield|Commander|MuddyWater,DragonPulse,DracoMeteor,Protect|||M|||50|,,,,,Steel
|showteam|p2|Indeedee||ChoiceScarf|PsychicSurge|ExpandingForce,TeraBlast,Protect,Trick|||M|||50|,,,,,Psychic]Sneasler||WhiteHerb|Unburden|FakeOut,DireClaw,CloseCombat,Coaching|||M|||50|,,,,,Flying]Excadrill||FocusSash|SandRush|Protect,IronHead,Earthquake,SwordsDance|||M|||50|,,,,,Ground]Tyranitar||SitrusBerry|SandStream|RockSlide,KnockOff,Protect,TeraBlast|||F|||50|,,,,,Flying]Dragonite||AssaultVest|InnerFocus|LowKick,ExtremeSpeed,StompingTantrum,Outrage|||F|||50|,,,,,Normal]Amoonguss||RockyHelmet|Regenerator|PollenPuff,ClearSmog,Spore,RagePowder|||M|||50|,,,,,Dark
|inactive|Battle timer is ON: inactive players will automatically lose when time's up. (requested by KilamanolaVGC)
|inactive|t3hsleepyshuckle has 60 seconds left.
|inactive|t3hsleepyshuckle has 30 seconds left.
|inactive|t3hsleepyshuckle has 20 seconds left.
|inactive|t3hsleepyshuckle has 15 seconds left.
|inactive|t3hsleepyshuckle has 10 seconds left.
|c|â˜†KilamanolaVGC|...
|c|â˜†KilamanolaVGC|...
|c|â˜†KilamanolaVGC|...
|c|â˜†KilamanolaVGC|...
|c|â˜†KilamanolaVGC|...
|
|t:|1757786578
|teamsize|p1|4
|teamsize|p2|4
|start
|switch|p1a: Slaking|Slaking, L50, M, shiny|100/100
|switch|p1b: Weezing|Weezing-Galar, L50, F, shiny|100/100
|switch|p2a: Excadrill|Excadrill, L50, M|100/100
|switch|p2b: Sneasler|Sneasler, L50, M|100/100
|-ability|p1b: Weezing|Neutralizing Gas
|turn|1
|c|â˜†KilamanolaVGC|...
|inactive|t3hsleepyshuckle has 30 seconds left.
|inactive|KilamanolaVGC has 30 seconds left.
|inactive|t3hsleepyshuckle has 20 seconds left.
|
|t:|1757786616
|-terastallize|p1b: Weezing|Water
|move|p1a: Slaking|Protect|p1a: Slaking
|-singleturn|p1a: Slaking|Protect
|move|p2b: Sneasler|Dire Claw|p1b: Weezing
|-damage|p1b: Weezing|65/100
|move|p2a: Excadrill|Iron Head|p1b: Weezing
|-resisted|p1b: Weezing
|-damage|p1b: Weezing|48/100
|move|p1b: Weezing|Will-O-Wisp|p2a: Excadrill
|-status|p2a: Excadrill|brn
|
|-damage|p2a: Excadrill|95/100 brn|[from] brn
|upkeep
|turn|2
|inactive|t3hsleepyshuckle has 30 seconds left.
|inactive|KilamanolaVGC has 30 seconds left.
|inactive|t3hsleepyshuckle has 20 seconds left.
|inactive|t3hsleepyshuckle has 15 seconds left.
|inactive|t3hsleepyshuckle has 10 seconds left.
|
|t:|1757786664
|move|p2a: Excadrill|Protect|p2a: Excadrill
|-singleturn|p2a: Excadrill|Protect
|move|p2b: Sneasler|Close Combat|p1a: Slaking
|-supereffective|p1a: Slaking
|-damage|p1a: Slaking|6/100
|-unboost|p2b: Sneasler|def|1
|-unboost|p2b: Sneasler|spd|1
|-enditem|p2b: Sneasler|White Herb
|-clearnegativeboost|p2b: Sneasler|[silent]
|move|p1a: Slaking|High Horsepower|p2a: Excadrill
|-activate|p2a: Excadrill|move: Protect
|move|p1b: Weezing|Will-O-Wisp|p2b: Sneasler
|-status|p2b: Sneasler|brn
|
|-damage|p2b: Sneasler|95/100 brn|[from] brn
|-damage|p2a: Excadrill|89/100 brn|[from] brn
|upkeep
|turn|3
|inactive|t3hsleepyshuckle has 30 seconds left.
|inactive|t3hsleepyshuckle has 20 seconds left.
|inactive|t3hsleepyshuckle has 15 seconds left.
|
|t:|1757786708
|switch|p2b: Amoonguss|Amoonguss, L50, M|100/100
|switch|p1a: Tatsugiri|Tatsugiri, L50, M, shiny|100/100
|-end|p1b: Weezing|ability: Neutralizing Gas
|switch|p1b: Dondozo|Dondozo, L50, M, shiny|100/100
|-activate|p1a: Tatsugiri|ability: Commander|[of] p1b: Dondozo
|-boost|p1b: Dondozo|atk|2
|-boost|p1b: Dondozo|spa|2
|-boost|p1b: Dondozo|spe|2
|-boost|p1b: Dondozo|def|2
|-boost|p1b: Dondozo|spd|2
|move|p2a: Excadrill|Earthquake|p1a: Tatsugiri|[spread] p2b,p1b
|-miss|p2a: Excadrill|p1a: Tatsugiri
|-damage|p2b: Amoonguss|85/100
|-damage|p1b: Dondozo|94/100
|
|-heal|p1b: Dondozo|99/100|[from] item: Leftovers
|-damage|p2a: Excadrill|83/100 brn|[from] brn
|upkeep
|turn|4
|inactive|t3hsleepyshuckle has 30 seconds left.
|inactive|t3hsleepyshuckle has 20 seconds left.
|
|t:|1757786743
|move|p1b: Dondozo|Protect|p1b: Dondozo
|-singleturn|p1b: Dondozo|Protect
|move|p2a: Excadrill|Swords Dance|p2a: Excadrill
|-boost|p2a: Excadrill|atk|2
|move|p2b: Amoonguss|Spore|p1b: Dondozo
|-activate|p1b: Dondozo|move: Protect
|
|-heal|p1b: Dondozo|100/100|[from] item: Leftovers
|-damage|p2a: Excadrill|77/100 brn|[from] brn
|upkeep
|turn|5
|
|t:|1757786760
|move|p2a: Excadrill|Protect|p2a: Excadrill
|-singleturn|p2a: Excadrill|Protect
|move|p1b: Dondozo|Heavy Slam|p2b: Amoonguss
|-damage|p2b: Amoonguss|32/100
|-damage|p1b: Dondozo|84/100|[from] item: Rocky Helmet|[of] p2b: Amoonguss
|move|p2b: Amoonguss|Spore|p1b: Dondozo
|-status|p1b: Dondozo|slp|[from] move: Spore
|
|-heal|p1b: Dondozo|90/100 slp|[from] item: Leftovers
|-damage|p2a: Excadrill|71/100 brn|[from] brn
|upkeep
|turn|6
|
|t:|1757786779
|cant|p1b: Dondozo|slp
|move|p2a: Excadrill|Swords Dance|p2a: Excadrill
|-boost|p2a: Excadrill|atk|2
|move|p2b: Amoonguss|Clear Smog|p1b: Dondozo
|-damage|p1b: Dondozo|83/100 slp
|-clearboost|p1b: Dondozo
|
|-heal|p1b: Dondozo|89/100 slp|[from] item: Leftovers
|-damage|p2a: Excadrill|65/100 brn|[from] brn
|upkeep
|turn|7
|
|t:|1757786802
|move|p2b: Amoonguss|Rage Powder|p2b: Amoonguss
|-singleturn|p2b: Amoonguss|move: Rage Powder
|move|p2a: Excadrill|Swords Dance|p2a: Excadrill
|-boost|p2a: Excadrill|atk|2
|-curestatus|p1b: Dondozo|slp|[msg]
|move|p1b: Dondozo|Order Up|p2b: Amoonguss
|-damage|p2b: Amoonguss|12/100
|-boost|p1b: Dondozo|atk|1
|
|-heal|p1b: Dondozo|96/100|[from] item: Leftovers
|-damage|p2a: Excadrill|59/100 brn|[from] brn
|upkeep
|turn|8
|
|t:|1757786822
|move|p2b: Amoonguss|Rage Powder|p2b: Amoonguss
|-singleturn|p2b: Amoonguss|move: Rage Powder
|move|p2a: Excadrill|Iron Head|p1b: Dondozo
|-resisted|p1b: Dondozo
|-damage|p1b: Dondozo|88/100
|move|p1b: Dondozo|Order Up|p2b: Amoonguss
|-damage|p2b: Amoonguss|0 fnt
|faint|p2b: Amoonguss
|-boost|p1b: Dondozo|atk|1
|
|-heal|p1b: Dondozo|94/100|[from] item: Leftovers
|-damage|p2a: Excadrill|53/100 brn|[from] brn
|upkeep
|inactive|t3hsleepyshuckle has 30 seconds left.
|
|t:|1757786851
|switch|p2b: Tyranitar|Tyranitar, L50, F|100/100
|-weather|Sandstorm|[from] ability: Sand Stream|[of] p2b: Tyranitar
|turn|9
|
|t:|1757786875
|-terastallize|p2b: Tyranitar|Flying
|move|p2a: Excadrill|Earthquake|p1b: Dondozo|[spread] p1b
|-miss|p2a: Excadrill|p1a: Tatsugiri
|-immune|p2b: Tyranitar
|-damage|p1b: Dondozo|80/100
|move|p2b: Tyranitar|Knock Off|p1b: Dondozo
|-damage|p1b: Dondozo|41/100
|-enditem|p1b: Dondozo|Leftovers|[from] move: Knock Off|[of] p2b: Tyranitar
|move|p1b: Dondozo|Wave Crash|p2b: Tyranitar
|-damage|p2b: Tyranitar|14/100
|-enditem|p2b: Tyranitar|Sitrus Berry|[eat]
|-heal|p2b: Tyranitar|39/100|[from] item: Sitrus Berry
|-damage|p1b: Dondozo|15/100|[from] Recoil
|
|-weather|Sandstorm|[upkeep]
|-damage|p1a: Tatsugiri|95/100|[from] Sandstorm
|-damage|p2b: Tyranitar|33/100|[from] Sandstorm
|-damage|p1b: Dondozo|9/100|[from] Sandstorm
|-damage|p2a: Excadrill|47/100 brn|[from] brn
|upkeep
|turn|10
|inactive|t3hsleepyshuckle has 30 seconds left.
|inactive|t3hsleepyshuckle has 20 seconds left.
|
|t:|1757786911
|move|p2a: Excadrill|Earthquake|p1a: Tatsugiri|[spread] p1b
|-miss|p2a: Excadrill|p1a: Tatsugiri
|-immune|p2b: Tyranitar
|-damage|p1b: Dondozo|0 fnt
|faint|p1b: Dondozo
|move|p2b: Tyranitar|Tera Blast|p1a: Tatsugiri|[anim] Tera Blast Flying
|-damage|p1a: Tatsugiri|34/100
|
|-weather|Sandstorm|[upkeep]
|-damage|p1a: Tatsugiri|28/100|[from] Sandstorm
|-damage|p2b: Tyranitar|27/100|[from] Sandstorm
|-damage|p2a: Excadrill|41/100 brn|[from] brn
|upkeep
|
|t:|1757786914
|switch|p1b: Slaking|Slaking, L50, M, shiny|6/100
|turn|11
|
|t:|1757786933
|move|p1b: Slaking|Sucker Punch|p2a: Excadrill
|-damage|p2a: Excadrill|0 fnt
|faint|p2a: Excadrill
|-damage|p1b: Slaking|0 fnt|[from] item: Life Orb
|faint|p1b: Slaking
|move|p1a: Tatsugiri|Dragon Pulse|p2b: Tyranitar
|-damage|p2b: Tyranitar|0 fnt
|faint|p2b: Tyranitar
|
|-weather|Sandstorm|[upkeep]
|-damage|p1a: Tatsugiri|23/100|[from] Sandstorm
|upkeep
|
|t:|1757786946
|switch|p2a: Sneasler|Sneasler, L50, M|95/100 brn
|switch|p1b: Weezing|Weezing-Galar, L50, F, shiny, tera:Water|48/100
|-ability|p1b: Weezing|Neutralizing Gas
|-block|p1a: Tatsugiri|item: Ability Shield
|turn|12
|
|t:|1757786967
|move|p2a: Sneasler|Dire Claw|p1a: Tatsugiri
|-damage|p1a: Tatsugiri|0 fnt
|faint|p1a: Tatsugiri
|move|p1b: Weezing|Strange Steam|p2a: Sneasler
|-damage|p2a: Sneasler|59/100 brn
|-start|p2a: Sneasler|confusion
|
|-weather|Sandstorm|[upkeep]
|-damage|p2a: Sneasler|53/100 brn|[from] Sandstorm
|-damage|p1b: Weezing|42/100|[from] Sandstorm
|-damage|p2a: Sneasler|48/100 brn|[from] brn
|upkeep
|turn|13
|
|t:|1757786981
|-activate|p2a: Sneasler|confusion
|move|p2a: Sneasler|Dire Claw|p1b: Weezing
|-damage|p1b: Weezing|26/100
|move|p1b: Weezing|Strange Steam|p2a: Sneasler
|-damage|p2a: Sneasler|12/100 brn
|
|-weather|none
|-damage|p2a: Sneasler|6/100 brn|[from] brn
|upkeep
|turn|14
|
|t:|1757786992
|move|p1b: Weezing|Protect|p1b: Weezing
|-singleturn|p1b: Weezing|Protect
|-end|p2a: Sneasler|confusion
|move|p2a: Sneasler|Close Combat|p1b: Weezing
|-activate|p1b: Weezing|move: Protect
|
|-damage|p2a: Sneasler|0 fnt|[from] brn
|faint|p2a: Sneasler
|
|win|KilamanolaVGC
||KilamanolaVGC is ready for game 2.
|inactive|t3hsleepyshuckle has 30 seconds to confirm battle start!
