|j|☆EddyG_7889
|j|☆Mero_deando
|html|EddyG_7889Mero_deando    
|uhtml|bestof|Game 2 of a best-of-3
|t:|1785465362
|gametype|doubles
|player|p1|EddyG_7889|elesa|
|player|p2|Mero_deando|lady-gen4|
|gen|9
|tier|[Gen 9 Champions] VGC 2026 Reg M-B (Bo3)
|rule|Species Clause: Limit one of each Pokémon
|rule|Item Clause: Limit 1 of each item
|clearpoke
|poke|p1|Lucario, L50, F|
|poke|p1|Sableye, L50, M|
|poke|p1|Lycanroc-Dusk, L50, M|
|poke|p1|Luxray, L50, M|
|poke|p1|Hydreigon, L50, F|
|poke|p1|Talonflame, L50, F|
|poke|p2|Delphox, L50, M|
|poke|p2|Whimsicott, L50, F|
|poke|p2|Alcremie, L50, F|
|poke|p2|Ceruledge, L50, F|
|poke|p2|Pangoro, L50, F|
|poke|p2|Mimikyu, L50, F|
|teampreview|4
|showteam|p1|Lucario||Lucarionite|InnerFocus|CloseCombat,MeteorMash,Protect,Crunch|Jolly||F|||50|]Sableye||SitrusBerry|Prankster|Reflect,KnockOff,Encore,LightScreen|Impish||M|||50|]Lycanroc-Dusk||LifeOrb|ToughClaws|RockSlide,Accelerock,CloseCombat,Protect|Jolly||M|||50|]Luxray||ShucaBerry|Intimidate|Superpower,HelpingHand,Protect,WildCharge|Careful||M|||50|]Hydreigon||FocusSash|Levitate|EarthPower,DracoMeteor,DarkPulse,Protect|Timid||F|||50|]Talonflame|||GaleWings|Acrobatics,Tailwind,FlareBlitz,Uturn|Jolly||F|||50|
|showteam|p2|Delphox||Delphoxite|Blaze|HeatWave,Psychic,Encore,Protect|Timid||M|||50|]Whimsicott||FocusSash|Prankster|Moonblast,Tailwind,SunnyDay,Protect|Timid||F|||50|]Alcremie||SitrusBerry|SweetVeil|Decorate,DazzlingGleam,HelpingHand,Protect|Calm||F|||50|]Ceruledge||ColburBerry|FlashFire|BitterBlade,ShadowSneak,BulkUp,Protect|Adamant||F|||50|]Pangoro||CobaBerry|Scrappy|StormThrow,KnockOff,RockSlide,Detect|Adamant||F|||50|]Mimikyu||LifeOrb|Disguise|TrickRoom,PlayRough,WoodHammer,Taunt|Adamant||F|||50|
|
|t:|1785465385
|teamsize|p1|4
|teamsize|p2|4
|start
|switch|p1a: Carlota|Talonflame, L50, F|100/100
|switch|p1b: Like a rock|Lycanroc-Dusk, L50, M|100/100
|switch|p2a: Made N China|Pangoro, L50, F|100/100
|switch|p2b: Kyubei|Mimikyu, L50, F|100/100
|turn|1
|
|t:|1785465411
|move|p1a: Carlota|Acrobatics|p2b: Kyubei
|-activate|p2b: Kyubei|ability: Disguise
|-damage|p2b: Kyubei|100/100
|detailschange|p2b: Kyubei|Mimikyu-Busted, L50, F
|-damage|p2b: Kyubei|87/100|[from] pokemon: Mimikyu-Busted
|move|p1b: Like a rock|Rock Slide|p2a: Made N China|[spread] p2a,p2b
|-resisted|p2a: Made N China|1
|-damage|p2a: Made N China|80/100
|-damage|p2b: Kyubei|36/100
|-damage|p1b: Like a rock|90/100|[from] item: Life Orb
|move|p2a: Made N China|Storm Throw|p1b: Like a rock
|-supereffective|p1b: Like a rock|1
|-crit|p1b: Like a rock
|-damage|p1b: Like a rock|0 fnt
|faint|p1b: Like a rock
|cant|p2b: Kyubei|flinch
|
|upkeep
|
|t:|1785465430
|switch|p1b: Lukas|Lucario, L50, F|100/100
|turn|2
|
|t:|1785465483
|detailschange|p1b: Lukas|Lucario-Mega, L50, F
|-mega|p1b: Lukas|Lucario|Lucarionite
|move|p1a: Carlota|Acrobatics|p2b: Kyubei
|-damage|p2b: Kyubei|0 fnt
|faint|p2b: Kyubei
|move|p1b: Lukas|Close Combat|p2a: Made N China
|-supereffective|p2a: Made N China|1
|-damage|p2a: Made N China|0 fnt
|-unboost|p1b: Lukas|def|1
|-unboost|p1b: Lukas|spd|1
|faint|p2a: Made N China
|
|upkeep
|
|t:|1785465494
|switch|p2b: Do machete|Ceruledge, L50, F|100/100
|switch|p2a: Madoka|Delphox, L50, M|100/100
|turn|3
|
|t:|1785465520
|detailschange|p2a: Madoka|Delphox-Mega, L50, M
|-mega|p2a: Madoka|Delphox|Delphoxite
|move|p1a: Carlota|Tailwind|p1a: Carlota
|-sidestart|p1: EddyG_7889|move: Tailwind
|move|p2b: Do machete|Shadow Sneak|p1a: Carlota
|-damage|p1a: Carlota|63/100
|move|p1b: Lukas|Crunch|p2a: Madoka
|-supereffective|p2a: Madoka|1
|-crit|p2a: Madoka
|-damage|p2a: Madoka|0 fnt
|faint|p2a: Madoka
|
|upkeep
|turn|4
|
|t:|1785465539
|move|p1a: Carlota|U-turn|p2b: Do machete
|-resisted|p2b: Do machete|2
|-damage|p2b: Do machete|94/100
|
|t:|1785465541
|switch|p1a: Negreiron|Hydreigon, L50, F|100/100|[from] U-turn
|move|p1b: Lukas|Crunch|p2b: Do machete
|-supereffective|p2b: Do machete|1
|-enditem|p2b: Do machete|Colbur Berry|[eat]
|-enditem|p2b: Do machete|Colbur Berry|[weaken]
|-damage|p2b: Do machete|57/100
|move|p2b: Do machete|Bitter Blade|p1b: Lukas
|-supereffective|p1b: Lukas|1
|-damage|p1b: Lukas|0 fnt
|-heal|p2b: Do machete|98/100|[from] drain|[of] p1b: Lukas
|faint|p1b: Lukas
|
|upkeep
|
|t:|1785465550
|switch|p1b: Carlota|Talonflame, L50, F|63/100
|turn|5
|
|t:|1785465561
|move|p2b: Do machete|Shadow Sneak|p1b: Carlota
|-damage|p1b: Carlota|30/100
|move|p1b: Carlota|Acrobatics|p2b: Do machete
|-damage|p2b: Do machete|52/100
|move|p1a: Negreiron|Dark Pulse|p2b: Do machete
|-supereffective|p2b: Do machete|1
|-damage|p2b: Do machete|0 fnt
|faint|p2b: Do machete
|
|win|EddyG_7889
|l|☆EddyG_7889
|player|p1|
|l|☆Mero_deando
|player|p2|
|j|☆EddyG_7889
|player|p1|EddyG_7889|elesa|
