|j|☆MarkusVgc
|j|☆efwefwefwefweifier
|html|MarkusVgcefwefwefwefweifier    
|uhtml|bestof|Game 2 of a best-of-3
|t:|1784175049
|gametype|doubles
|player|p1|MarkusVgc|marshal|1114
|player|p2|efwefwefwefweifier|clown|1192
|gen|9
|tier|[Gen 9 Champions] VGC 2026 Reg M-B (Bo3)
|rated|
|rule|Species Clause: Limit one of each Pokémon
|rule|Item Clause: Limit 1 of each item
|clearpoke
|poke|p1|Charizard, L50, F|
|poke|p1|Metagross, L50|
|poke|p1|Garchomp, L50, F|
|poke|p1|Hydreigon, L50, M|
|poke|p1|Whimsicott, L50, M|
|poke|p1|Basculegion, L50, M|
|poke|p2|Armarouge, L50, F|
|poke|p2|Sinistcha, L50|
|poke|p2|Floette-Eternal, L50, F|
|poke|p2|Incineroar, L50, F, shiny|
|poke|p2|Sneasler, L50, M|
|poke|p2|Hydreigon, L50, M|
|teampreview|4
|showteam|p1|Charizard||CharizarditeY|Blaze|HeatWave,WeatherBall,SolarBeam,Protect|Timid||F|||50|]Metagross||Metagrossite|ClearBody|IronHead,PsychicFangs,IcePunch,Protect|Jolly|||||50|]Garchomp||LifeOrb|RoughSkin|StompingTantrum,Earthquake,RockSlide,Protect|Jolly||F|||50|]Hydreigon||HabanBerry|Levitate|DarkPulse,DracoMeteor,HeatWave,Protect|Modest||M|||50|]Whimsicott||FocusSash|Prankster|Moonblast,Tailwind,LightScreen,Tickle|Timid||M|||50|]Basculegion||ChoiceScarf|Adaptability|WaveCrash,FlipTurn,AquaJet,LastRespects|Adamant||M|||50|
|showteam|p2|Armarouge||ColburBerry|FlashFire|HeatWave,Psychic,CalmMind,Protect|Modest||F|||50|]Sinistcha||KasibBerry|Hospitality|MatchaGotcha,RagePowder,LifeDew,TrickRoom|Calm|||||50|]Floette-Eternal||Floettite|FlowerVeil|DazzlingGleam,DrainingKiss,CalmMind,Protect|Modest||F|||50|]Incineroar||SitrusBerry|Intimidate|FlareBlitz,DarkestLariat,FakeOut,PartingShot|Impish||F|||50|]Sneasler||FocusSash|PoisonTouch|CloseCombat,PoisonJab,FakeOut,QuickGuard|Jolly||M|||50|]Hydreigon||ChoiceScarf|Levitate|DracoMeteor,DarkPulse,Snarl,EarthPower|Modest||M|||50|
|inactive|Battle timer is ON: inactive players will automatically lose when time's up. (requested by efwefwefwefweifier)
|
|t:|1784175076
|teamsize|p1|4
|teamsize|p2|4
|start
|switch|p1a: Hydreigon|Hydreigon, L50, M|100/100
|switch|p1b: Metagross|Metagross, L50|100/100
|switch|p2a: Pasta Blasta|Armarouge, L50, F|100/100
|switch|p2b: Bartholomews|Hydreigon, L50, M|100/100
|turn|1
|
|t:|1784175100
|switch|p1b: Basculegion|Basculegion, L50, M|100/100
|move|p1a: Hydreigon|Protect|p1a: Hydreigon
|-singleturn|p1a: Hydreigon|Protect
|move|p2b: Bartholomews|Snarl|p1a: Hydreigon|[spread] p1b
|-activate|p1a: Hydreigon|move: Protect
|-supereffective|p1b: Basculegion|1
|-damage|p1b: Basculegion|44/100
|-unboost|p1b: Basculegion|spa|1
|move|p2a: Pasta Blasta|Calm Mind|p2a: Pasta Blasta
|-boost|p2a: Pasta Blasta|spa|1
|-boost|p2a: Pasta Blasta|spd|1
|
|upkeep
|turn|2
|inactive|MarkusVgc has 30 seconds left.
|inactive|MarkusVgc has 20 seconds left.
|
|t:|1784175139
|move|p1b: Basculegion|Aqua Jet|p2a: Pasta Blasta
|-supereffective|p2a: Pasta Blasta|1
|-damage|p2a: Pasta Blasta|52/100
|move|p2b: Bartholomews|Snarl|p1b: Basculegion|[spread] p1a,p1b
|-resisted|p1a: Hydreigon|1
|-supereffective|p1b: Basculegion|1
|-damage|p1a: Hydreigon|85/100
|-damage|p1b: Basculegion|0 fnt
|-unboost|p1a: Hydreigon|spa|1
|faint|p1b: Basculegion
|move|p1a: Hydreigon|Dark Pulse|p2a: Pasta Blasta
|-supereffective|p2a: Pasta Blasta|1
|-enditem|p2a: Pasta Blasta|Colbur Berry|[eat]
|-enditem|p2a: Pasta Blasta|Colbur Berry|[weaken]
|-damage|p2a: Pasta Blasta|28/100
|move|p2a: Pasta Blasta|Heat Wave|p1a: Hydreigon
|-resisted|p1a: Hydreigon|1
|-damage|p1a: Hydreigon|38/100
|
|upkeep
|inactive|MarkusVgc has 30 seconds left.
|inactive|MarkusVgc has 20 seconds left.
|
|t:|1784175178
|switch|p1b: Whimsicott|Whimsicott, L50, M|100/100
|turn|3
|
|t:|1784175193
|switch|p2b: Spinny Sinny|Sinistcha, L50|100/100
|-heal|p2a: Pasta Blasta|53/100|[from] ability: Hospitality|[of] p2b: Spinny Sinny
|switch|p1a: Metagross|Metagross, L50|100/100
|move|p2a: Pasta Blasta|Protect|p2a: Pasta Blasta
|-singleturn|p2a: Pasta Blasta|Protect
|move|p1b: Whimsicott|Tailwind|p1b: Whimsicott
|-sidestart|p1: MarkusVgc|move: Tailwind
|
|upkeep
|turn|4
|inactive|MarkusVgc has 30 seconds left.
|inactive|MarkusVgc has 20 seconds left.
|
|t:|1784175232
|detailschange|p1a: Metagross|Metagross-Mega, L50
|-mega|p1a: Metagross|Metagross|Metagrossite
|move|p2b: Spinny Sinny|Rage Powder|p2b: Spinny Sinny
|-singleturn|p2b: Spinny Sinny|move: Rage Powder
|move|p1b: Whimsicott|Light Screen|p1b: Whimsicott
|-sidestart|p1: MarkusVgc|move: Light Screen
|move|p1a: Metagross|Ice Punch|p2b: Spinny Sinny
|-supereffective|p2b: Spinny Sinny|1
|-damage|p2b: Spinny Sinny|38/100
|move|p2a: Pasta Blasta|Heat Wave|p1b: Whimsicott|[spread] p1a,p1b
|-supereffective|p1a: Metagross|1
|-supereffective|p1b: Whimsicott|1
|-damage|p1a: Metagross|21/100
|-enditem|p1b: Whimsicott|Focus Sash
|-damage|p1b: Whimsicott|1/100
|
|upkeep
|turn|5
|inactive|MarkusVgc has 30 seconds left.
|inactive|MarkusVgc has 20 seconds left.
|inactive|MarkusVgc has 15 seconds left.
|inactive|MarkusVgc has 10 seconds left.
|
|t:|1784175280
|switch|p2b: Merry Berry|Incineroar, L50, F, shiny|100/100
|-ability|p2b: Merry Berry|Intimidate|boost
|-unboost|p1a: Metagross|atk|1
|-unboost|p1b: Whimsicott|atk|1
|move|p1b: Whimsicott|Tickle|p2a: Pasta Blasta
|-unboost|p2a: Pasta Blasta|atk|1
|-unboost|p2a: Pasta Blasta|def|1
|move|p1a: Metagross|Iron Head|p2a: Pasta Blasta
|-resisted|p2a: Pasta Blasta|1
|-damage|p2a: Pasta Blasta|27/100
|move|p2a: Pasta Blasta|Calm Mind|p2a: Pasta Blasta
|-boost|p2a: Pasta Blasta|spa|1
|-boost|p2a: Pasta Blasta|spd|1
|
|upkeep
|turn|6
|inactive|MarkusVgc has 30 seconds left.
|
|t:|1784175308
|switch|p1b: Hydreigon|Hydreigon, L50, M|38/100
|move|p1a: Metagross|Protect|p1a: Metagross
|-singleturn|p1a: Metagross|Protect
|move|p2a: Pasta Blasta|Protect|p2a: Pasta Blasta
|-singleturn|p2a: Pasta Blasta|Protect
|move|p2b: Merry Berry|Parting Shot|p1a: Metagross
|-activate|p1a: Metagross|move: Protect
|
|-sideend|p1: MarkusVgc|move: Tailwind
|upkeep
|turn|7
|
|t:|1784175329
|switch|p1a: Whimsicott|Whimsicott, L50, M|1/100
|switch|p2b: Spinny Sinny|Sinistcha, L50|38/100
|-heal|p2a: Pasta Blasta|52/100|[from] ability: Hospitality|[of] p2b: Spinny Sinny
|move|p1b: Hydreigon|Dark Pulse|p2a: Pasta Blasta
|-supereffective|p2a: Pasta Blasta|1
|-damage|p2a: Pasta Blasta|4/100
|move|p2a: Pasta Blasta|Heat Wave|p1b: Hydreigon|[spread] p1a,p1b
|-supereffective|p1a: Whimsicott|1
|-resisted|p1b: Hydreigon|1
|-damage|p1a: Whimsicott|0 fnt
|-damage|p1b: Hydreigon|5/100
|faint|p1a: Whimsicott
|
|upkeep
|
|t:|1784175345
|switch|p1a: Metagross|Metagross-Mega, L50|21/100
|turn|8
|
|t:|1784175358
|switch|p2b: Merry Berry|Incineroar, L50, F, shiny|100/100
|-ability|p2b: Merry Berry|Intimidate|boost
|-unboost|p1a: Metagross|atk|1
|-unboost|p1b: Hydreigon|atk|1
|move|p2a: Pasta Blasta|Protect|p2a: Pasta Blasta
|-singleturn|p2a: Pasta Blasta|Protect
|move|p1a: Metagross|Ice Punch|p2b: Merry Berry
|-resisted|p2b: Merry Berry|1
|-damage|p2b: Merry Berry|90/100
|-status|p2b: Merry Berry|frz
|move|p1b: Hydreigon|Dark Pulse|p2a: Pasta Blasta
|-activate|p2a: Pasta Blasta|move: Protect
|
|-sideend|p1: MarkusVgc|move: Light Screen
|upkeep
|turn|9
|
|t:|1784175379
|move|p1a: Metagross|Iron Head|p2b: Merry Berry
|-resisted|p2b: Merry Berry|1
|-damage|p2b: Merry Berry|76/100 frz
|move|p1b: Hydreigon|Dark Pulse|p2a: Pasta Blasta
|-supereffective|p2a: Pasta Blasta|1
|-damage|p2a: Pasta Blasta|0 fnt
|faint|p2a: Pasta Blasta
|-curestatus|p2b: Merry Berry|frz|[from] move: Flare Blitz
|move|p2b: Merry Berry|Flare Blitz|p1a: Metagross
|-supereffective|p1a: Metagross|1
|-damage|p1a: Metagross|0 fnt
|faint|p1a: Metagross
|-damage|p2b: Merry Berry|70/100|[from] Recoil
|
|upkeep
|
|t:|1784175392
|switch|p2a: Bartholomews|Hydreigon, L50, M|100/100
|turn|10
|inactive|MarkusVgc has 30 seconds left.
|inactive|MarkusVgc has 20 seconds left.
|inactive|MarkusVgc has 15 seconds left.
|-message|MarkusVgc forfeited.
|
|win|efwefwefwefweifier
|l|☆MarkusVgc
|player|p1|
|j|☆MarkusVgc
|player|p1|MarkusVgc|marshal|
|l|☆MarkusVgc
|player|p1|
|inactive|MarkusVgc has 30 seconds to confirm battle start!
|inactive|efwefwefwefweifier has 30 seconds to confirm battle start!
||efwefwefwefweifier is ready for game 3.
||MarkusVgc is ready for game 3.
|uhtml|next|Next: Game 3 of 3
