|j|☆Damipro21
|j|☆TenkiBD
|html|Damipro21TenkiBD    
|uhtml|bestof|Game 2 of a best-of-3
|t:|1785009458
|gametype|doubles
|player|p1|Damipro21|lucas|1134
|player|p2|TenkiBD|lucas|1158
|gen|9
|tier|[Gen 9 Champions] VGC 2026 Reg M-B (Bo3)
|rated|
|rule|Species Clause: Limit one of each Pokémon
|rule|Item Clause: Limit 1 of each item
|clearpoke
|poke|p1|Gengar, L50, F|
|poke|p1|Swampert, L50, F|
|poke|p1|Incineroar, L50, M|
|poke|p1|Politoed, L50, F|
|poke|p1|Archaludon, L50, M|
|poke|p1|Vivillon, L50, F|
|poke|p2|Charizard, L50, M|
|poke|p2|Floette-Eternal, L50, F|
|poke|p2|Garchomp, L50, M|
|poke|p2|Whimsicott, L50, F|
|poke|p2|Basculegion, L50, M|
|poke|p2|Kingambit, L50, M|
|teampreview|4
|showteam|p1|Gengar||Gengarite|CursedBody|ShadowBall,PerishSong,SludgeBomb,Protect|Timid||F|||50|]Swampert||Swampertite|Torrent|WaveCrash,Earthquake,IcePunch,Protect|Adamant||F|||50|]Incineroar||PasshoBerry|Intimidate|ThroatChop,PartingShot,FakeOut,Protect|Sassy||M|||50|]Politoed||SitrusBerry|Drizzle|WeatherBall,PerishSong,Encore,Protect|Calm||F|||50|]Archaludon||Leftovers|Stamina|DragonPulse,FlashCannon,ElectroShot,Protect|Bold||M|||50|]Vivillon||FocusSash|CompoundEyes|Hurricane,SleepPowder,RagePowder,Protect|Timid||F|||50|
|showteam|p2|Charizard||CharizarditeY|Blaze|HeatWave,SolarBeam,WeatherBall,Protect|Modest||M|||50|]Floette-Eternal||Floettite|FlowerVeil|Moonblast,DazzlingGleam,LightofRuin,Protect|Modest||F|||50|]Garchomp||LifeOrb|RoughSkin|DragonClaw,Earthquake,Protect,RockSlide|Jolly||M|||50|]Whimsicott||FocusSash|Prankster|Moonblast,Tailwind,Encore,Protect|Timid||F|||50|]Basculegion||MysticWater|Adaptability|WaveCrash,LastRespects,AquaJet,Protect|Adamant||M|||50|]Kingambit||BlackGlasses|Defiant|KowtowCleave,Protect,SuckerPunch,IronHead|Adamant||M|||50|
|inactive|Battle timer is ON: inactive players will automatically lose when time's up. (requested by Damipro21)
|
|t:|1785009495
|teamsize|p1|4
|teamsize|p2|4
|start
|switch|p1a: Gengar|Gengar, L50, F|100/100
|switch|p1b: Incineroar|Incineroar, L50, M|100/100
|switch|p2a: Whimsicott|Whimsicott, L50, F|100/100
|switch|p2b: Kingambit|Kingambit, L50, M|100/100
|-ability|p1b: Incineroar|Intimidate|boost
|-unboost|p2a: Whimsicott|atk|1
|-unboost|p2b: Kingambit|atk|1
|-ability|p2b: Kingambit|Defiant|boost
|-boost|p2b: Kingambit|atk|2
|turn|1
|
|t:|1785009510
|switch|p2b: Basculegion|Basculegion, L50, M|100/100
|detailschange|p1a: Gengar|Gengar-Mega, L50, F
|-mega|p1a: Gengar|Gengar|Gengarite
|move|p1b: Incineroar|Fake Out|p2b: Basculegion
|-immune|p2b: Basculegion
|move|p2a: Whimsicott|Moonblast|p1b: Incineroar
|-damage|p1b: Incineroar|72/100
|move|p1a: Gengar|Perish Song|p1a: Gengar
|-start|p1a: Gengar|perish3|[silent]
|-start|p1b: Incineroar|perish3|[silent]
|-start|p2a: Whimsicott|perish3|[silent]
|-start|p2b: Basculegion|perish3|[silent]
|-fieldactivate|move: Perish Song
|
|-start|p2a: Whimsicott|perish3
|-start|p1a: Gengar|perish3
|-start|p2b: Basculegion|perish3
|-start|p1b: Incineroar|perish3
|upkeep
|turn|2
|inactive|TenkiBD has 30 seconds left.
|
|t:|1785009536
|move|p1a: Gengar|Protect|p1a: Gengar
|-singleturn|p1a: Gengar|Protect
|move|p1b: Incineroar|Protect|p1b: Incineroar
|-singleturn|p1b: Incineroar|Protect
|move|p2a: Whimsicott|Moonblast|p1b: Incineroar
|-activate|p1b: Incineroar|move: Protect
|move|p2b: Basculegion|Wave Crash|p1b: Incineroar
|-activate|p1b: Incineroar|move: Protect
|
|-start|p2a: Whimsicott|perish2
|-start|p1a: Gengar|perish2
|-start|p2b: Basculegion|perish2
|-start|p1b: Incineroar|perish2
|upkeep
|turn|3
|inactive|Damipro21 has 30 seconds left.
|inactive|Damipro21 has 20 seconds left.
|
|t:|1785009572
|switch|p1a: Vivillon|Vivillon, L50, F|100/100
|move|p2a: Whimsicott|Moonblast|p1b: Incineroar
|-damage|p1b: Incineroar|43/100
|move|p2b: Basculegion|Wave Crash|p1b: Incineroar
|-supereffective|p1b: Incineroar|1
|-enditem|p1b: Incineroar|Passho Berry|[eat]
|-enditem|p1b: Incineroar|Passho Berry|[weaken]
|-damage|p1b: Incineroar|0 fnt
|faint|p1b: Incineroar
|-damage|p2b: Basculegion|85/100|[from] Recoil
|
|-start|p2a: Whimsicott|perish1
|-start|p2b: Basculegion|perish1
|upkeep
|
|t:|1785009587
|switch|p1b: Gengar|Gengar-Mega, L50, F|100/100
|turn|4
|
|t:|1785009611
|switch|p2b: Kingambit|Kingambit, L50, M|100/100
|move|p2a: Whimsicott|Tailwind|p2a: Whimsicott
|-sidestart|p2: TenkiBD|move: Tailwind
|move|p1b: Gengar|Shadow Ball|p2b: Kingambit
|-resisted|p2b: Kingambit|1
|-damage|p2b: Kingambit|79/100
|move|p1a: Vivillon|Hurricane|p2b: Kingambit
|-resisted|p2b: Kingambit|1
|-damage|p2b: Kingambit|58/100
|
|-start|p2a: Whimsicott|perish0
|faint|p2a: Whimsicott
|upkeep
|
|t:|1785009633
|switch|p2a: Charizard|Charizard, L50, M|100/100
|turn|5
|
|t:|1785009657
|move|p2b: Kingambit|Protect|p2b: Kingambit
|-singleturn|p2b: Kingambit|Protect
|move|p1a: Vivillon|Rage Powder|p1a: Vivillon
|-singleturn|p1a: Vivillon|move: Rage Powder
|move|p2a: Charizard|Heat Wave|p1b: Gengar|[spread] p1a,p1b
|-supereffective|p1a: Vivillon|1
|-enditem|p1a: Vivillon|Focus Sash
|-damage|p1a: Vivillon|1/100
|-damage|p1b: Gengar|69/100
|move|p1b: Gengar|Perish Song|p1b: Gengar
|-start|p1a: Vivillon|perish3|[silent]
|-start|p1b: Gengar|perish3|[silent]
|-start|p2a: Charizard|perish3|[silent]
|-start|p2b: Kingambit|perish3|[silent]
|-fieldactivate|move: Perish Song
|
|-start|p2a: Charizard|perish3
|-start|p1b: Gengar|perish3
|-start|p1a: Vivillon|perish3
|-start|p2b: Kingambit|perish3
|upkeep
|turn|6
|
|t:|1785009675
|move|p1b: Gengar|Protect|p1b: Gengar
|-singleturn|p1b: Gengar|Protect
|move|p1a: Vivillon|Protect|p1a: Vivillon
|-singleturn|p1a: Vivillon|Protect
|move|p2a: Charizard|Heat Wave|p1a: Vivillon|[spread] 
|-activate|p1a: Vivillon|move: Protect
|-activate|p1b: Gengar|move: Protect
|move|p2b: Kingambit|Kowtow Cleave|p1b: Gengar
|-activate|p1b: Gengar|move: Protect
|
|-start|p2a: Charizard|perish2
|-start|p1b: Gengar|perish2
|-start|p1a: Vivillon|perish2
|-start|p2b: Kingambit|perish2
|upkeep
|turn|7
|inactive|Damipro21 has 30 seconds left.
|inactive|TenkiBD has 30 seconds left.
|inactive|Damipro21 has 20 seconds left.
|inactive|TenkiBD has 20 seconds left.
|
|t:|1785009717
|detailschange|p2a: Charizard|Charizard-Mega-Y, L50, M
|-mega|p2a: Charizard|Charizard|Charizardite Y
|-weather|SunnyDay|[from] ability: Drought|[of] p2a: Charizard
|move|p1b: Gengar|Protect|p1b: Gengar
|-singleturn|p1b: Gengar|Protect
|move|p1a: Vivillon|Protect|p1a: Vivillon
|-singleturn|p1a: Vivillon|Protect
|move|p2a: Charizard|Heat Wave|p1a: Vivillon|[spread] 
|-activate|p1a: Vivillon|move: Protect
|-activate|p1b: Gengar|move: Protect
|move|p2b: Kingambit|Kowtow Cleave|p1b: Gengar
|-activate|p1b: Gengar|move: Protect
|
|-weather|SunnyDay|[upkeep]
|-start|p2a: Charizard|perish1
|-start|p1b: Gengar|perish1
|-start|p1a: Vivillon|perish1
|-start|p2b: Kingambit|perish1
|-sideend|p2: TenkiBD|move: Tailwind
|upkeep
|turn|8
|inactive|Damipro21 has 30 seconds left.
|inactive|TenkiBD has 30 seconds left.
|inactive|TenkiBD has 20 seconds left.
|inactive|TenkiBD has 15 seconds left.
|
|t:|1785009758
|switch|p1b: Politoed|Politoed, L50, F|100/100
|-weather|RainDance|[from] ability: Drizzle|[of] p1b: Politoed
|move|p1a: Vivillon|Protect||[still]
|-fail|p1a: Vivillon
|move|p2a: Charizard|Heat Wave|p1b: Politoed|[spread] p1a,p1b
|-supereffective|p1a: Vivillon|1
|-resisted|p1b: Politoed|1
|-damage|p1a: Vivillon|0 fnt
|-damage|p1b: Politoed|92/100
|faint|p1a: Vivillon
|move|p2b: Kingambit|Kowtow Cleave|p1b: Politoed
|-damage|p1b: Politoed|40/100
|-enditem|p1b: Politoed|Sitrus Berry|[eat]
|-heal|p1b: Politoed|65/100|[from] item: Sitrus Berry
|
|-weather|RainDance|[upkeep]
|-start|p2a: Charizard|perish0
|-start|p2b: Kingambit|perish0
|upkeep
|faint|p2a: Charizard
|faint|p2b: Kingambit
|
|t:|1785009774
|switch|p1a: Gengar|Gengar-Mega, L50, F|69/100
|switch|p2b: Basculegion|Basculegion, L50, M|85/100
|turn|9
|
|t:|1785009787
|move|p2b: Basculegion|Aqua Jet|p1a: Gengar
|-damage|p1a: Gengar|13/100
|move|p1a: Gengar|Shadow Ball|p2b: Basculegion
|-supereffective|p2b: Basculegion|1
|-damage|p2b: Basculegion|4/100
|-unboost|p2b: Basculegion|spd|1
|move|p1b: Politoed|Weather Ball|p2b: Basculegion
|-resisted|p2b: Basculegion|1
|-damage|p2b: Basculegion|0 fnt
|faint|p2b: Basculegion
|
|win|Damipro21
||TenkiBD is ready for game 3.
|inactive|Damipro21 has 30 seconds to confirm battle start!
|inactive|Damipro21 has 20 seconds to confirm battle start!
|inactive|Damipro21 has 10 seconds to confirm battle start!
||Damipro21 is ready for game 3.
|uhtml|next|Next: Game 3 of 3
