|j|☆Axo of DOOM
|j|☆exessvgc
|html|Axo of DOOMexessvgc    
|uhtml|bestof|Game 2 of a best-of-3
|t:|1784928556
|gametype|doubles
|player|p1|Axo of DOOM|crasherwake|1318
|player|p2|exessvgc|2|1391
|gen|9
|tier|[Gen 9 Champions] VGC 2026 Reg M-B (Bo3)
|rated|
|rule|Species Clause: Limit one of each Pokémon
|rule|Item Clause: Limit 1 of each item
|clearpoke
|poke|p1|Sinistcha, L50, shiny|
|poke|p1|Incineroar, L50, M|
|poke|p1|Milotic, L50, F, shiny|
|poke|p1|Raichu, L50, F|
|poke|p1|Floette-Eternal, L50, F|
|poke|p1|Ceruledge, L50, M, shiny|
|poke|p2|Farigiraf, L50, F, shiny|
|poke|p2|Aerodactyl, L50, M, shiny|
|poke|p2|Kingambit, L50, M, shiny|
|poke|p2|Garchomp, L50, M, shiny|
|poke|p2|Charizard, L50, M, shiny|
|poke|p2|Ninetales-Alola, L50, F|
|teampreview|4
|showteam|p1|Sinistcha||KasibBerry|Hospitality|MatchaGotcha,LifeDew,RagePowder,Protect|Relaxed|||||50|]Incineroar||SitrusBerry|Intimidate|FlareBlitz,ThroatChop,FakeOut,PartingShot|Impish||M|||50|]Milotic||Leftovers|Competitive|MuddyWater,Coil,Hypnosis,Protect|Calm||F|||50|]Raichu||RaichuniteY|LightningRod|ZapCannon,FocusBlast,FakeOut,Protect|Timid||F|||50|]Floette-Eternal||Floettite|FlowerVeil|DazzlingGleam,DrainingKiss,CalmMind,Protect|Timid||F|||50|]Ceruledge||ColburBerry|FlashFire|BitterBlade,ShadowSneak,BulkUp,Protect|Adamant||M|||50|
|showteam|p2|Farigiraf||SitrusBerry|ArmorTail|TrickRoom,TwinBeam,HelpingHand,Thunderbolt|Bold||F|||50|]Aerodactyl||Aerodactylite|Unnerve|RockSlide,Protect,Tailwind,Taunt|Jolly||M|||50|]Kingambit||FocusSash|Defiant|IronHead,SuckerPunch,LowKick,Protect|Adamant||M|||50|]Garchomp||LifeOrb|RoughSkin|DragonClaw,Earthquake,StompingTantrum,Protect|Adamant||M|||50|]Charizard||CharizarditeY|Blaze|WeatherBall,HeatWave,SolarBeam,Protect|Modest||M|||50|]Ninetales-Alola||NeverMeltIce|SnowWarning|Blizzard,FreezeDry,Moonblast,Protect|Timid||F|||50|
|inactive|Battle timer is ON: inactive players will automatically lose when time's up. (requested by Axo of DOOM)
|inactive|exessvgc has 60 seconds left.
|inactive|exessvgc has 30 seconds left.
|inactive|exessvgc has 20 seconds left.
|inactive|exessvgc has 15 seconds left.
|inactive|exessvgc has 10 seconds left.
|inactive|exessvgc has 5 seconds left.
|
|t:|1784928662
|teamsize|p1|4
|teamsize|p2|4
|start
|switch|p1a: Milotic|Milotic, L50, F, shiny|100/100
|switch|p1b: Incineroar|Incineroar, L50, M|100/100
|switch|p2a: FONO DALFONICO|Charizard, L50, M, shiny|100/100
|switch|p2b: DINOSAUVO|Aerodactyl, L50, M, shiny|100/100
|-ability|p2b: DINOSAUVO|Unnerve
|-ability|p1b: Incineroar|Intimidate|boost
|-unboost|p2a: FONO DALFONICO|atk|1
|-unboost|p2b: DINOSAUVO|atk|1
|turn|1
|inactive|Axo of DOOM has 30 seconds left.
|inactive|Axo of DOOM has 20 seconds left.
|
|t:|1784928700
|switch|p1a: Ceruledge|Ceruledge, L50, M, shiny|100/100
|detailschange|p2a: FONO DALFONICO|Charizard-Mega-Y, L50, M, shiny
|-mega|p2a: FONO DALFONICO|Charizard|Charizardite Y
|-weather|SunnyDay|[from] ability: Drought|[of] p2a: FONO DALFONICO
|move|p2b: DINOSAUVO|Taunt|p1b: Incineroar
|-start|p1b: Incineroar|move: Taunt
|move|p2a: FONO DALFONICO|Solar Beam||[still]
|-prepare|p2a: FONO DALFONICO|Solar Beam
|-anim|p2a: FONO DALFONICO|Solar Beam|p1a: Ceruledge
|-resisted|p1a: Ceruledge|1
|-damage|p1a: Ceruledge|75/100
|cant|p1b: Incineroar|move: Taunt|Parting Shot
|
|-weather|SunnyDay|[upkeep]
|upkeep
|turn|2
|inactive|Axo of DOOM has 30 seconds left.
|inactive|exessvgc has 30 seconds left.
|inactive|exessvgc has 20 seconds left.
|inactive|exessvgc has 15 seconds left.
|inactive|exessvgc has 10 seconds left.
|inactive|exessvgc has 5 seconds left.
|
|t:|1784928750
|switch|p1b: Sinistcha|Sinistcha, L50, shiny|100/100
|-heal|p1a: Ceruledge|100/100|[from] ability: Hospitality|[of] p1b: Sinistcha
|move|p2b: DINOSAUVO|Rock Slide|p1a: Ceruledge|[spread] p1a,p1b
|-supereffective|p1a: Ceruledge|1
|-crit|p1a: Ceruledge
|-damage|p1a: Ceruledge|23/100
|-damage|p1b: Sinistcha|84/100
|move|p2a: FONO DALFONICO|Solar Beam||[still]
|-prepare|p2a: FONO DALFONICO|Solar Beam
|-anim|p2a: FONO DALFONICO|Solar Beam|p1b: Sinistcha
|-resisted|p1b: Sinistcha|1
|-damage|p1b: Sinistcha|64/100
|move|p1a: Ceruledge|Bitter Blade|p2b: DINOSAUVO
|-resisted|p2b: DINOSAUVO|1
|-damage|p2b: DINOSAUVO|43/100
|-heal|p1a: Ceruledge|48/100|[from] drain|[of] p2b: DINOSAUVO
|
|-weather|SunnyDay|[upkeep]
|upkeep
|turn|3
|inactive|Axo of DOOM has 30 seconds left.
|inactive|exessvgc has 30 seconds left.
|inactive|Axo of DOOM has 20 seconds left.
|inactive|Axo of DOOM has 15 seconds left.
|inactive|Axo of DOOM has 10 seconds left.
|
|t:|1784928798
|switch|p1b: Incineroar|Incineroar, L50, M|100/100
|-ability|p1b: Incineroar|Intimidate|boost
|-unboost|p2a: FONO DALFONICO|atk|1
|-unboost|p2b: DINOSAUVO|atk|1
|move|p2b: DINOSAUVO|Protect|p2b: DINOSAUVO
|-singleturn|p2b: DINOSAUVO|Protect
|move|p1a: Ceruledge|Protect|p1a: Ceruledge
|-singleturn|p1a: Ceruledge|Protect
|move|p2a: FONO DALFONICO|Weather Ball|p1b: Incineroar
|-resisted|p1b: Incineroar|1
|-crit|p1b: Incineroar
|-damage|p1b: Incineroar|40/100
|
|-weather|SunnyDay|[upkeep]
|upkeep
|turn|4
|inactive|exessvgc has 30 seconds left.
|inactive|exessvgc has 20 seconds left.
|
|t:|1784928834
|switch|p2a: LA GIRAFFA|Farigiraf, L50, F, shiny|100/100
|move|p1b: Incineroar|Fake Out||[still]
|cant|p2a: LA GIRAFFA|ability: Armor Tail|Fake Out|[of] p1b: Incineroar
|move|p2b: DINOSAUVO|Rock Slide|p1a: Ceruledge|[spread] p1a,p1b
|-supereffective|p1a: Ceruledge|1
|-supereffective|p1b: Incineroar|1
|-damage|p1a: Ceruledge|18/100
|-damage|p1b: Incineroar|22/100
|move|p1a: Ceruledge|Bulk Up|p1a: Ceruledge
|-boost|p1a: Ceruledge|atk|1
|-boost|p1a: Ceruledge|def|1
|
|-weather|SunnyDay|[upkeep]
|upkeep
|turn|5
|inactive|exessvgc has 30 seconds left.
|
|t:|1784928867
|switch|p1b: Sinistcha|Sinistcha, L50, shiny|64/100
|-heal|p1a: Ceruledge|43/100|[from] ability: Hospitality|[of] p1b: Sinistcha
|switch|p2a: FONO DALFONICO|Charizard-Mega-Y, L50, M, shiny|100/100
|move|p2b: DINOSAUVO|Taunt|p1b: Sinistcha
|-start|p1b: Sinistcha|move: Taunt
|move|p1a: Ceruledge|Bitter Blade|p2a: FONO DALFONICO
|-resisted|p2a: FONO DALFONICO|1
|-damage|p2a: FONO DALFONICO|47/100
|-heal|p1a: Ceruledge|67/100|[from] drain|[of] p2a: FONO DALFONICO
|
|-weather|none
|upkeep
|turn|6
|inactive|Axo of DOOM has 30 seconds left.
|inactive|exessvgc has 30 seconds left.
|
|t:|1784928901
|switch|p1b: Milotic|Milotic, L50, F, shiny|100/100
|move|p2b: DINOSAUVO|Rock Slide|p1b: Milotic|[spread] p1a,p1b
|-supereffective|p1a: Ceruledge|1
|-damage|p1a: Ceruledge|48/100
|-damage|p1b: Milotic|90/100
|move|p2a: FONO DALFONICO|Heat Wave|p1a: Ceruledge|[spread] p1b
|-start|p1a: Ceruledge|ability: Flash Fire
|-resisted|p1b: Milotic|1
|-damage|p1b: Milotic|78/100
|move|p1a: Ceruledge|Bitter Blade|p2b: DINOSAUVO
|-resisted|p2b: DINOSAUVO|1
|-damage|p2b: DINOSAUVO|0 fnt
|-heal|p1a: Ceruledge|67/100|[from] drain|[of] p2b: DINOSAUVO
|faint|p2b: DINOSAUVO
|
|-heal|p1b: Milotic|84/100|[from] item: Leftovers
|upkeep
|
|t:|1784928916
|switch|p2b: NO METEO PLS|Ninetales-Alola, L50, F|100/100
|-weather|Snowscape|[from] ability: Snow Warning|[of] p2b: NO METEO PLS
|turn|7
|
|t:|1784928939
|switch|p2a: LA GIRAFFA|Farigiraf, L50, F, shiny|100/100
|move|p2b: NO METEO PLS|Protect|p2b: NO METEO PLS
|-singleturn|p2b: NO METEO PLS|Protect
|move|p1a: Ceruledge|Bitter Blade|p2b: NO METEO PLS
|-activate|p2b: NO METEO PLS|move: Protect
|move|p1b: Milotic|Coil|p1b: Milotic
|-boost|p1b: Milotic|atk|1
|-boost|p1b: Milotic|def|1
|-boost|p1b: Milotic|accuracy|1
|
|-weather|Snowscape|[upkeep]
|-heal|p1b: Milotic|90/100|[from] item: Leftovers
|upkeep
|turn|8
|inactive|exessvgc has 30 seconds left.
|
|t:|1784928973
|move|p2a: LA GIRAFFA|Helping Hand|p2b: NO METEO PLS
|-singleturn|p2b: NO METEO PLS|Helping Hand|[of] p2a: LA GIRAFFA
|move|p1b: Milotic|Protect|p1b: Milotic
|-singleturn|p1b: Milotic|Protect
|move|p2b: NO METEO PLS|Blizzard|p1b: Milotic|[spread] p1a
|-activate|p1b: Milotic|move: Protect
|-resisted|p1a: Ceruledge|1
|-damage|p1a: Ceruledge|40/100
|-status|p1a: Ceruledge|frz
|cant|p1a: Ceruledge|frz
|
|-weather|Snowscape|[upkeep]
|-heal|p1b: Milotic|96/100|[from] item: Leftovers
|upkeep
|turn|9
|inactive|Axo of DOOM has 30 seconds left.
|inactive|exessvgc has 30 seconds left.
|inactive|Axo of DOOM has 20 seconds left.
|inactive|Axo of DOOM has 15 seconds left.
|inactive|Axo of DOOM has 10 seconds left.
|inactive|Axo of DOOM has 5 seconds left.
|
|t:|1784929023
|move|p2a: LA GIRAFFA|Helping Hand|p2b: NO METEO PLS
|-singleturn|p2b: NO METEO PLS|Helping Hand|[of] p2a: LA GIRAFFA
|move|p2b: NO METEO PLS|Freeze-Dry|p1b: Milotic
|-supereffective|p1b: Milotic|1
|-damage|p1b: Milotic|39/100
|-curestatus|p1a: Ceruledge|frz|[msg]
|move|p1a: Ceruledge|Bitter Blade|p2b: NO METEO PLS
|-supereffective|p2b: NO METEO PLS|1
|-damage|p2b: NO METEO PLS|0 fnt
|-heal|p1a: Ceruledge|84/100|[from] drain|[of] p2b: NO METEO PLS
|faint|p2b: NO METEO PLS
|move|p1b: Milotic|Hypnosis|p2a: LA GIRAFFA
|-status|p2a: LA GIRAFFA|slp|[from] move: Hypnosis
|
|-weather|Snowscape|[upkeep]
|-heal|p1b: Milotic|45/100|[from] item: Leftovers
|upkeep
|inactive|exessvgc has 30 seconds left.
|-message|exessvgc forfeited.
|
|win|Axo of DOOM
|l|☆exessvgc
|player|p2|
||Axo of DOOM is ready for game 3.
||exessvgc is ready for game 3.
|uhtml|next|Next: Game 3 of 3
|l|☆Axo of DOOM
|player|p1|
|j|☆exessvgc
|player|p2|exessvgc|2|
