|j|☆SapoWitch
|j|☆bunbun04
|html|SapoWitchbunbun04    
|uhtml|bestof|Game 1 of a best-of-3
|t:|1783803191
|gametype|doubles
|player|p1|SapoWitch|rocketgruntf|
|player|p2|bunbun04|selene-masters2|
|gen|9
|tier|[Gen 9 Champions] VGC 2026 Reg M-B (Bo3)
|rule|Species Clause: Limit one of each Pokémon
|rule|Item Clause: Limit 1 of each item
|clearpoke
|poke|p1|Sneasler, L50, M|
|poke|p1|Ninetales-Alola, L50, F|
|poke|p1|Meowscarada, L50, M|
|poke|p1|Scrafty, L50, F|
|poke|p1|Feraligatr, L50, M|
|poke|p1|Corviknight, L50, M|
|poke|p2|Sableye, L50, M|
|poke|p2|Krookodile, L50, F|
|poke|p2|Gardevoir, L50, M, shiny|
|poke|p2|Dragalge, L50, M|
|poke|p2|Basculegion, L50, M, shiny|
|poke|p2|Armarouge, L50, M|
|teampreview|4
|showteam|p1|Sneasler||WhiteHerb|Unburden|DireClaw,FakeOut,CloseCombat,Protect|Jolly||M|||50|]Ninetales-Alola||LightClay|SnowWarning|AuroraVeil,DazzlingGleam,FreezeDry,IcyWind|Serious||F|||50|]Meowscarada||ChoiceScarf|Protean|FlowerTrick,KnockOff,TripleAxel,PlayRough|Adamant||M|||50|]Scrafty||Leftovers|Intimidate|FakeOut,KnockOff,Protect,CloseCombat|Adamant||F|||50|]Feraligatr||Feraligite|SheerForce|DragonDance,Liquidation,BodySlam,Protect|Adamant||M|||50|]Corviknight||SitrusBerry|Unnerve|Tailwind,Taunt,BraveBird,Roost|Impish||M|||50|
|showteam|p2|Sableye||SitrusBerry|Prankster|RainDance,Quash,FakeOut,DazzlingGleam|Impish||M|||50|]Krookodile||LifeOrb|Intimidate|Superpower,RockSlide,Protect,ThunderFang|Adamant||F|||50|]Gardevoir||DampRock|Telepathy|RainDance,TrickRoom,Moonblast,Protect|Calm||M|||50|]Dragalge||Dragalgite|Adaptability|Protect,DracoMeteor,HydroPump,Thunder|Bold||M|||50|]Basculegion||MysticWater|SwiftSwim|LastRespects,Protect,WaveCrash,FlipTurn|Adamant||M|||50|]Armarouge||Leftovers|FlashFire|ArmorCannon,AuraSphere,TrickRoom,Protect|Bold||M|||50|
|
|t:|1783803279
|teamsize|p1|4
|teamsize|p2|4
|start
|switch|p1a: Pants McGee|Scrafty, L50, F|100/100
|switch|p1b: Joker Persona5|Meowscarada, L50, M|100/100
|switch|p2a: wragh|Sableye, L50, M|100/100
|switch|p2b: Kombu|Dragalge, L50, M|100/100
|-ability|p1a: Pants McGee|Intimidate|boost
|-unboost|p2a: wragh|atk|1
|-unboost|p2b: Kombu|atk|1
|turn|1
|
|t:|1783803342
|detailschange|p2b: Kombu|Dragalge-Mega, L50, M
|-mega|p2b: Kombu|Dragalge|Dragalgite
|move|p2b: Kombu|Protect|p2b: Kombu
|-singleturn|p2b: Kombu|Protect
|move|p1b: Joker Persona5|Triple Axel|p2b: Kombu
|-start|p1b: Joker Persona5|typechange|Ice|[from] ability: Protean
|-activate|p2b: Kombu|move: Protect
|move|p1a: Pants McGee|Knock Off|p2a: wragh
|-damage|p2a: wragh|54/100
|-enditem|p2a: wragh|Sitrus Berry|[from] move: Knock Off|[of] p1a: Pants McGee
|move|p2a: wragh|Dazzling Gleam|p1b: Joker Persona5|[spread] p1a,p1b
|-supereffective|p1a: Pants McGee|2
|-damage|p1a: Pants McGee|67/100
|-damage|p1b: Joker Persona5|86/100
|
|-heal|p1a: Pants McGee|73/100|[from] item: Leftovers
|upkeep
|turn|2
|
|t:|1783803411
|move|p2a: wragh|Rain Dance|p2a: wragh
|-weather|RainDance
|move|p1b: Joker Persona5|Triple Axel|p2b: Kombu
|-supereffective|p2b: Kombu|1
|-damage|p2b: Kombu|84/100
|-supereffective|p2b: Kombu|1
|-damage|p2b: Kombu|52/100
|-supereffective|p2b: Kombu|1
|-damage|p2b: Kombu|10/100
|-hitcount|p2b: Kombu|3
|move|p1a: Pants McGee|Knock Off|p2a: wragh
|-damage|p2a: wragh|21/100
|move|p2b: Kombu|Draco Meteor|p1b: Joker Persona5
|-damage|p1b: Joker Persona5|0 fnt
|-unboost|p2b: Kombu|spa|2
|faint|p1b: Joker Persona5
|
|-weather|RainDance|[upkeep]
|-heal|p1a: Pants McGee|79/100|[from] item: Leftovers
|upkeep
|
|t:|1783803428
|switch|p1b: No Rain For You|Ninetales-Alola, L50, F|100/100
|-weather|Snowscape|[from] ability: Snow Warning|[of] p1b: No Rain For You
|turn|3
|
|t:|1783803447
|-heal|p2b: Kombu|43/100|[from] ability: Regenerator|[silent]
|switch|p2b: trans rights|Gardevoir, L50, M, shiny|100/100
|move|p2a: wragh|Quash|p1b: No Rain For You
|-activate|p1b: No Rain For You|move: Quash
|move|p1a: Pants McGee|Knock Off|p2b: trans rights
|-damage|p2b: trans rights|34/100
|-enditem|p2b: trans rights|Damp Rock|[from] move: Knock Off|[of] p1a: Pants McGee
|move|p1b: No Rain For You|Dazzling Gleam|p2a: wragh|[spread] p2a,p2b
|-supereffective|p2a: wragh|1
|-damage|p2a: wragh|0 fnt
|-damage|p2b: trans rights|22/100
|faint|p2a: wragh
|
|-weather|Snowscape|[upkeep]
|-heal|p1a: Pants McGee|84/100|[from] item: Leftovers
|upkeep
|
|t:|1783803463
|switch|p2a: Kombu|Dragalge-Mega, L50, M|43/100
|turn|4
|
|t:|1783803482
|move|p2a: Kombu|Protect|p2a: Kombu
|-singleturn|p2a: Kombu|Protect
|move|p1b: No Rain For You|Aurora Veil|p1b: No Rain For You
|-sidestart|p1: SapoWitch|move: Aurora Veil
|move|p2b: trans rights|Rain Dance|p2b: trans rights
|-weather|RainDance
|move|p1a: Pants McGee|Knock Off|p2b: trans rights
|-damage|p2b: trans rights|0 fnt
|faint|p2b: trans rights
|
|-weather|RainDance|[upkeep]
|-heal|p1a: Pants McGee|90/100|[from] item: Leftovers
|upkeep
|
|t:|1783803491
|switch|p2b: Salmon|Basculegion, L50, M, shiny|100/100
|turn|5
|
|t:|1783803507
|move|p2b: Salmon|Last Respects|p1a: Pants McGee
|-resisted|p1a: Pants McGee|1
|-damage|p1a: Pants McGee|68/100
|move|p1b: No Rain For You|Freeze-Dry|p2b: Salmon
|-supereffective|p2b: Salmon|1
|-crit|p2b: Salmon
|-damage|p2b: Salmon|20/100y
|move|p1a: Pants McGee|Knock Off|p2b: Salmon
|-supereffective|p2b: Salmon|1
|-crit|p2b: Salmon
|-damage|p2b: Salmon|0 fnt
|-enditem|p2b: Salmon|Mystic Water|[from] move: Knock Off|[of] p1a: Pants McGee
|faint|p2b: Salmon
|move|p2a: Kombu|Thunder|p1b: No Rain For You
|-crit|p1b: No Rain For You
|-damage|p1b: No Rain For You|47/100
|
|-weather|RainDance|[upkeep]
|-heal|p1a: Pants McGee|73/100|[from] item: Leftovers
|upkeep
|turn|6
|
|t:|1783803527
|move|p1b: No Rain For You|Freeze-Dry|p2a: Kombu
|-supereffective|p2a: Kombu|1
|-damage|p2a: Kombu|15/100
|move|p1a: Pants McGee|Knock Off|p2a: Kombu
|-damage|p2a: Kombu|0 fnt
|faint|p2a: Kombu
|
|win|SapoWitch
||bunbun04 is ready for game 2.
