|j|☆bioraza
|j|☆Antongod21
|html|biorazaAntongod21    
|uhtml|bestof|Game 2 of a best-of-3
|t:|1783024533
|gametype|doubles
|player|p1|bioraza|n-masters|1095
|player|p2|Antongod21|266|1077
|gen|9
|tier|[Gen 9 Champions] VGC 2026 Reg M-B (Bo3)
|rated|
|rule|Species Clause: Limit one of each Pokémon
|rule|Item Clause: Limit 1 of each item
|clearpoke
|poke|p1|Aerodactyl, L50, F|
|poke|p1|Gholdengo, L50|
|poke|p1|Scovillain, L50, F|
|poke|p1|Incineroar, L50, F|
|poke|p1|Sylveon, L50, F|
|poke|p1|Kommo-o, L50, M|
|poke|p2|Sylveon, L50, F|
|poke|p2|Incineroar, L50, M|
|poke|p2|Aerodactyl, L50, F|
|poke|p2|Charizard, L50, F|
|poke|p2|Metagross, L50|
|poke|p2|Garchomp, L50, F|
|teampreview|4
|showteam|p1|Aerodactyl||Aerodactylite|Unnerve|RockSlide,Tailwind,DualWingbeat,Protect|Jolly||F|||50|]Gholdengo||MetalCoat|GoodasGold|MakeItRain,NastyPlot,ShadowBall,Protect|Timid|||||50|]Scovillain||Scovillainite|Moody|Overheat,GigaDrain,RagePowder,Protect|Calm||F|||50|]Incineroar||SitrusBerry|Intimidate|FakeOut,ThroatChop,FlareBlitz,PartingShot|Careful||F|||50|]Sylveon||LifeOrb|Pixilate|HyperVoice,HyperBeam,QuickAttack,Detect|Modest||F|||50|]Kommo-o||Leftovers|Soundproof|Protect,ClangorousSoul,ClangingScales,AuraSphere|Timid||M|||50|
|showteam|p2|Sylveon||FairyFeather|Pixilate|HyperBeam,QuickAttack,Detect,HyperVoice|Modest||F|||50|]Incineroar||SitrusBerry|Intimidate|FlareBlitz,DarkestLariat,FakeOut,PartingShot|Careful||M|||50|]Aerodactyl||FocusSash|Unnerve|Protect,Tailwind,DualWingbeat,RockSlide|Jolly||F|||50|]Charizard||CharizarditeY|Blaze|Protect,HeatWave,SolarBeam,WeatherBall|Modest||F|||50|]Metagross||Metagrossite|ClearBody|BulletPunch,BodyPress,PsychicFangs,Protect|Adamant|||||50|]Garchomp||LifeOrb|RoughSkin|Protect,RockSlide,Earthquake,DragonClaw|Jolly||F|||50|
|inactive|Battle timer is ON: inactive players will automatically lose when time's up. (requested by bioraza)
|
|t:|1783024558
|teamsize|p1|4
|teamsize|p2|4
|start
|switch|p1a: Incineroar|Incineroar, L50, F|100/100
|switch|p1b: Gholdengo|Gholdengo, L50|100/100
|switch|p2a: Garchomp|Garchomp, L50, F|100/100
|switch|p2b: Incineroar|Incineroar, L50, M|100/100
|-ability|p1a: Incineroar|Intimidate|boost
|-unboost|p2a: Garchomp|atk|1
|-unboost|p2b: Incineroar|atk|1
|-ability|p2b: Incineroar|Intimidate|boost
|-unboost|p1a: Incineroar|atk|1
|-unboost|p1b: Gholdengo|atk|1
|turn|1
|
|t:|1783024582
|switch|p1b: Aerodactyl|Aerodactyl, L50, F|100/100
|-ability|p1b: Aerodactyl|Unnerve
|move|p1a: Incineroar|Fake Out|p2b: Incineroar
|-damage|p2b: Incineroar|93/100
|cant|p2b: Incineroar|flinch
|move|p2a: Garchomp|Earthquake|p1a: Incineroar|[spread] p2b,p1a
|-immune|p1b: Aerodactyl
|-supereffective|p2b: Incineroar|1
|-supereffective|p1a: Incineroar|1
|-damage|p2b: Incineroar|39/100
|-damage|p1a: Incineroar|40/100
|-enditem|p1a: Incineroar|Sitrus Berry|[eat]
|-heal|p1a: Incineroar|65/100|[from] item: Sitrus Berry
|-damage|p2a: Garchomp|90/100|[from] item: Life Orb
|
|upkeep
|turn|2
|inactive|Antongod21 has 30 seconds left.
|
|t:|1783024607
|detailschange|p1b: Aerodactyl|Aerodactyl-Mega, L50, F
|-mega|p1b: Aerodactyl|Aerodactyl|Aerodactylite
|-enditem|p2b: Incineroar|Sitrus Berry|[eat]
|-heal|p2b: Incineroar|64/100|[from] item: Sitrus Berry
|move|p1b: Aerodactyl|Rock Slide|p2a: Garchomp|[spread] p2a,p2b
|-resisted|p2a: Garchomp|1
|-supereffective|p2b: Incineroar|1
|-damage|p2a: Garchomp|76/100
|-damage|p2b: Incineroar|12/100
|cant|p2a: Garchomp|flinch
|move|p1a: Incineroar|Parting Shot|p2a: Garchomp
|-unboost|p2a: Garchomp|atk|1
|-unboost|p2a: Garchomp|spa|1
|
|t:|1783024630
|switch|p1a: Kommo-o|Kommo-o, L50, M|100/100|[from] Parting Shot
|move|p2b: Incineroar|Parting Shot|p1b: Aerodactyl
|-unboost|p1b: Aerodactyl|atk|1
|-unboost|p1b: Aerodactyl|spa|1
|
|t:|1783024636
|switch|p2b: Metagross|Metagross, L50|100/100|[from] Parting Shot
|
|upkeep
|turn|3
|
|t:|1783024658
|switch|p2a: Sylveon|Sylveon, L50, F|100/100
|switch|p1a: Incineroar|Incineroar, L50, F|65/100
|-ability|p1a: Incineroar|Intimidate|boost
|-unboost|p2a: Sylveon|atk|1
|-fail|p2b: Metagross|unboost|[from] ability: Clear Body|[of] p2b: Metagross
|detailschange|p2b: Metagross|Metagross-Mega, L50
|-mega|p2b: Metagross|Metagross|Metagrossite
|move|p1b: Aerodactyl|Protect|p1b: Aerodactyl
|-singleturn|p1b: Aerodactyl|Protect
|move|p2b: Metagross|Psychic Fangs|p1a: Incineroar
|-immune|p1a: Incineroar
|
|upkeep
|turn|4
|inactive|bioraza has 30 seconds left.
|
|t:|1783024691
|move|p1a: Incineroar|Fake Out|p2b: Metagross
|-resisted|p2b: Metagross|1
|-damage|p2b: Metagross|96/100
|cant|p2b: Metagross|flinch
|move|p1b: Aerodactyl|Tailwind|p1b: Aerodactyl
|-sidestart|p1: bioraza|move: Tailwind
|move|p2a: Sylveon|Hyper Voice|p1b: Aerodactyl|[spread] p1a,p1b
|-crit|p1a: Incineroar
|-crit|p1b: Aerodactyl
|-damage|p1a: Incineroar|6/100
|-damage|p1b: Aerodactyl|12/100
|
|upkeep
|turn|5
|inactive|bioraza has 30 seconds left.
|
|t:|1783024717
|move|p2b: Metagross|Bullet Punch|p1b: Aerodactyl
|-supereffective|p1b: Aerodactyl|1
|-damage|p1b: Aerodactyl|0 fnt
|faint|p1b: Aerodactyl
|move|p2a: Sylveon|Quick Attack|p1a: Incineroar
|-damage|p1a: Incineroar|0 fnt
|faint|p1a: Incineroar
|
|upkeep
|
|t:|1783024723
|switch|p1b: Kommo-o|Kommo-o, L50, M|100/100
|switch|p1a: Gholdengo|Gholdengo, L50|100/100
|turn|6
|
|t:|1783024747
|switch|p2a: Incineroar|Incineroar, L50, M|12/100
|-ability|p2a: Incineroar|Intimidate|boost
|-unboost|p1a: Gholdengo|atk|1
|-unboost|p1b: Kommo-o|atk|1
|move|p1b: Kommo-o|Protect|p1b: Kommo-o
|-singleturn|p1b: Kommo-o|Protect
|move|p1a: Gholdengo|Shadow Ball|p2b: Metagross
|-supereffective|p2b: Metagross|1
|-damage|p2b: Metagross|6/100
|move|p2b: Metagross|Psychic Fangs|p1b: Kommo-o
|-activate|p1b: Kommo-o|move: Protect
|
|upkeep
|turn|7
|inactive|Antongod21 has 30 seconds left.
|
|t:|1783024773
|move|p2b: Metagross|Protect|p2b: Metagross
|-singleturn|p2b: Metagross|Protect
|move|p1b: Kommo-o|Clangorous Soul|p1b: Kommo-o
|-boost|p1b: Kommo-o|atk|1
|-boost|p1b: Kommo-o|def|1
|-boost|p1b: Kommo-o|spa|1
|-boost|p1b: Kommo-o|spd|1
|-boost|p1b: Kommo-o|spe|1
|-damage|p1b: Kommo-o|67/100
|move|p1a: Gholdengo|Make It Rain|p2a: Incineroar|[spread] p2a
|-activate|p2b: Metagross|move: Protect
|-resisted|p2a: Incineroar|1
|-damage|p2a: Incineroar|0 fnt
|-unboost|p1a: Gholdengo|spa|2
|faint|p2a: Incineroar
|
|-heal|p1b: Kommo-o|73/100|[from] item: Leftovers
|-sideend|p1: bioraza|move: Tailwind
|upkeep
|
|t:|1783024789
|switch|p2a: Garchomp|Garchomp, L50, F|76/100
|turn|8
|
|t:|1783024802
|switch|p2a: Sylveon|Sylveon, L50, F|100/100
|move|p1b: Kommo-o|Clanging Scales|p2a: Sylveon|[spread] p2b
|-immune|p2a: Sylveon
|-resisted|p2b: Metagross|1
|-damage|p2b: Metagross|0 fnt
|faint|p2b: Metagross
|-unboost|p1b: Kommo-o|def|1
|move|p1a: Gholdengo|Nasty Plot|p1a: Gholdengo
|-boost|p1a: Gholdengo|spa|2
|
|-heal|p1b: Kommo-o|79/100|[from] item: Leftovers
|upkeep
|
|t:|1783024815
|switch|p2b: Garchomp|Garchomp, L50, F|76/100
|turn|9
|
|t:|1783024828
|move|p1b: Kommo-o|Protect|p1b: Kommo-o
|-singleturn|p1b: Kommo-o|Protect
|move|p1a: Gholdengo|Protect|p1a: Gholdengo
|-singleturn|p1a: Gholdengo|Protect
|move|p2b: Garchomp|Rock Slide|p1a: Gholdengo|[spread] 
|-activate|p1a: Gholdengo|move: Protect
|-activate|p1b: Kommo-o|move: Protect
|move|p2a: Sylveon|Hyper Beam|p1b: Kommo-o
|-activate|p1b: Kommo-o|move: Protect
|
|-heal|p1b: Kommo-o|85/100|[from] item: Leftovers
|upkeep
|turn|10
|
|t:|1783024845
|move|p1b: Kommo-o|Clanging Scales|p2b: Garchomp|[spread] p2b
|-immune|p2a: Sylveon
|-supereffective|p2b: Garchomp|1
|-damage|p2b: Garchomp|0 fnt
|faint|p2b: Garchomp
|-unboost|p1b: Kommo-o|def|1
|move|p1a: Gholdengo|Make It Rain|p2a: Sylveon
|-supereffective|p2a: Sylveon|1
|-damage|p2a: Sylveon|0 fnt
|-unboost|p1a: Gholdengo|spa|2
|faint|p2a: Sylveon
|
|win|bioraza
|raw|bioraza's rating: 1095 → 1119(+24 for winning)
|raw|Antongod21's rating: 1077 → 1057(-20 for losing)
