|j|☆joepoopgaming
|j|☆hypergamer_2422
|html|joepoopgaminghypergamer_2422    
|uhtml|bestof|Game 2 of a best-of-3
|t:|1783379002
|gametype|doubles
|player|p1|joepoopgaming|1|
|player|p2|hypergamer_2422|pokemaniac|
|gen|9
|tier|[Gen 9 Champions] VGC 2026 Reg M-B (Bo3)
|rule|Species Clause: Limit one of each Pokémon
|rule|Item Clause: Limit 1 of each item
|clearpoke
|poke|p1|Pelipper, L50, F, shiny|
|poke|p1|Beedrill, L50, F|
|poke|p1|Archaludon, L50, F, shiny|
|poke|p1|Sinistcha-Masterpiece, L50, shiny|
|poke|p1|Scizor, L50, F, shiny|
|poke|p1|Sneasler, L50, F, shiny|
|poke|p2|Staraptor, L50, F|
|poke|p2|Ditto, L50|
|poke|p2|Grimmsnarl, L50, M|
|poke|p2|Garchomp, L50, F|
|poke|p2|Goodra-Hisui, L50, M|
|poke|p2|Espathra, L50, M|
|teampreview|4
|showteam|p1|Pelipper||WacanBerry|Drizzle|Tailwind,Hurricane,WeatherBall,Protect|Timid||F|||50|]Beedrill||Beedrillite|Sniper|Lunge,PoisonJab,Uturn,Protect|Adamant||F|||50|]Archaludon||LifeOrb|Stamina|ElectroShot,FlashCannon,DracoMeteor,Protect|Modest||F|||50|]Sinistcha-Masterpiece||SitrusBerry|Hospitality|RagePowder,MatchaGotcha,ShadowBall,Protect|Modest|||||50|]Scizor||Scizorite|Technician|BulletPunch,Lunge,CloseCombat,Protect|Adamant||F|||50|]Sneasler||FocusSash|Unburden|FakeOut,CloseCombat,DireClaw,Protect|Adamant||F|||50|
|showteam|p2|Staraptor||Staraptite|Intimidate|CloseCombat,Facade,Protect,BraveBird|Jolly||F|||50|]Ditto||FocusSash|Imposter|Transform|Relaxed|||||50|]Grimmsnarl||LightClay|Prankster|FakeOut,LightScreen,Reflect,FoulPlay|Careful||M|||50|]Garchomp||ChoiceScarf|RoughSkin|Outrage,Earthquake,StoneEdge,BodySlam|Jolly||F|||50|]Goodra-Hisui||QuickClaw|Gooey|Rest,SleepTalk,FireBlast,FlashCannon|Modest||M|||50|]Espathra||LifeOrb|SpeedBoost|LuminaCrash,CalmMind,ShadowBall,Uturn|Modest||M|||50|
|j| Jneli53
|l| Jneli53
|j| Jneli53
|
|t:|1783379038
|teamsize|p1|4
|teamsize|p2|4
|start
|switch|p1a: pepper|Pelipper, L50, F, shiny|100/100
|switch|p1b: a big bite|Archaludon, L50, F, shiny|100/100
|switch|p2a: Espathra|Espathra, L50, M|100/100
|switch|p2b: Grimmsnarl|Grimmsnarl, L50, M|100/100
|-weather|RainDance|[from] ability: Drizzle|[of] p1a: pepper
|turn|1
|l| Jneli53
|
|t:|1783379066
|move|p2b: Grimmsnarl|Light Screen|p2b: Grimmsnarl
|-sidestart|p2: hypergamer_2422|move: Light Screen
|move|p2a: Espathra|Calm Mind|p2a: Espathra
|-boost|p2a: Espathra|spa|1
|-boost|p2a: Espathra|spd|1
|move|p1b: a big bite|Electro Shot||[still]
|-prepare|p1b: a big bite|Electro Shot
|-boost|p1b: a big bite|spa|1
|-anim|p1b: a big bite|Electro Shot|p2a: Espathra
|-damage|p2a: Espathra|44/100
|-damage|p1b: a big bite|90/100|[from] item: Life Orb
|move|p1a: pepper|Tailwind|p1a: pepper
|-sidestart|p1: joepoopgaming|move: Tailwind
|
|-weather|RainDance|[upkeep]
|-ability|p2a: Espathra|Speed Boost|boost
|-boost|p2a: Espathra|spe|1
|upkeep
|turn|2
|j| Jneli53
|
|t:|1783379093
|move|p2b: Grimmsnarl|Reflect|p2b: Grimmsnarl
|-sidestart|p2: hypergamer_2422|Reflect
|move|p1b: a big bite|Electro Shot||[still]
|-prepare|p1b: a big bite|Electro Shot
|-boost|p1b: a big bite|spa|1
|-anim|p1b: a big bite|Electro Shot|p2a: Espathra
|-damage|p2a: Espathra|0 fnt
|faint|p2a: Espathra
|-damage|p1b: a big bite|80/100|[from] item: Life Orb
|move|p1a: pepper|Hurricane|p2b: Grimmsnarl
|-damage|p2b: Grimmsnarl|77/100
|-start|p2b: Grimmsnarl|confusion
|
|-weather|RainDance|[upkeep]
|upkeep
|
|t:|1783379109
|switch|p2a: Garchomp|Garchomp, L50, F|100/100
|turn|3
|
|t:|1783379132
|move|p1b: a big bite|Draco Meteor|p2a: Garchomp
|-supereffective|p2a: Garchomp|1
|-damage|p2a: Garchomp|0 fnt
|-unboost|p1b: a big bite|spa|2
|faint|p2a: Garchomp
|-damage|p1b: a big bite|71/100|[from] item: Life Orb
|move|p1a: pepper|Hurricane|p2b: Grimmsnarl
|-damage|p2b: Grimmsnarl|52/100
|-activate|p2b: Grimmsnarl|confusion
|move|p2b: Grimmsnarl|Foul Play|p1a: pepper
|-damage|p1a: pepper|77/100
|
|-weather|RainDance|[upkeep]
|upkeep
|
|t:|1783379145
|switch|p2a: Staraptor|Staraptor, L50, F|100/100
|-ability|p2a: Staraptor|Intimidate|boost
|-unboost|p1a: pepper|atk|1
|-unboost|p1b: a big bite|atk|1
|turn|4
|
|t:|1783379160
|detailschange|p2a: Staraptor|Staraptor-Mega, L50, F
|-mega|p2a: Staraptor|Staraptor|Staraptite
|move|p1b: a big bite|Electro Shot||[still]
|-prepare|p1b: a big bite|Electro Shot
|-boost|p1b: a big bite|spa|1
|-anim|p1b: a big bite|Electro Shot|p2a: Staraptor
|-supereffective|p2a: Staraptor|1
|-damage|p2a: Staraptor|0 fnt
|faint|p2a: Staraptor
|-damage|p1b: a big bite|61/100|[from] item: Life Orb
|move|p1a: pepper|Hurricane|p2b: Grimmsnarl
|-damage|p2b: Grimmsnarl|31/100
|-end|p2b: Grimmsnarl|confusion
|move|p2b: Grimmsnarl|Foul Play|p1a: pepper
|-damage|p1a: pepper|61/100
|
|-weather|RainDance|[upkeep]
|-sideend|p1: joepoopgaming|move: Tailwind
|upkeep
|turn|5
|
|t:|1783379177
|move|p1b: a big bite|Flash Cannon|p2b: Grimmsnarl
|-supereffective|p2b: Grimmsnarl|1
|-damage|p2b: Grimmsnarl|0 fnt
|faint|p2b: Grimmsnarl
|-damage|p1b: a big bite|52/100|[from] item: Life Orb
|
|win|joepoopgaming
|c|☆hypergamer_2422|gg
|c|☆joepoopgaming|gg
|l|☆hypergamer_2422
|player|p2|
