|j|☆danicruz.music
|j|☆CianMck18
|html|danicruz.musicCianMck18    
|uhtml|bestof|Game 1 of a best-of-3
|t:|1757712608
|gametype|doubles
|player|p1|danicruz.music|whitney|1214
|player|p2|CianMck18|266|1213
|gen|9
|tier|[Gen 9] VGC 2025 Reg H (Bo3)
|rated|
|rule|Species Clause: Limit one of each Pokémon
|rule|Item Clause: Limit 1 of each item
|clearpoke
|poke|p1|Dondozo, L50, M|
|poke|p1|Tatsugiri-Stretchy, L50, M|
|poke|p1|Pelipper, L50, M|
|poke|p1|Archaludon, L50, M|
|poke|p1|Weezing-Galar, L50, M|
|poke|p1|Dragapult, L50, M|
|poke|p2|Incineroar, L50, F|
|poke|p2|Porygon2, L50|
|poke|p2|Amoonguss, L50, F|
|poke|p2|Ursaluna, L50, M|
|poke|p2|Gholdengo, L50|
|poke|p2|Flamigo, L50, F|
|teampreview|4
|showteam|p1|Dondozo||Leftovers|Unaware|WaveCrash,Earthquake,OrderUp,Protect|||M|||50|,,,,,Ground]Tatsugiri-Stretchy||FocusSash|Commander|DragonPulse,MirrorCoat,MuddyWater,IcyWind|||M|||50|,,,,,Fairy]Pelipper||CovertCloak|Drizzle|Hurricane,WeatherBall,WideGuard,Tailwind|||M|||50|,,,,,Fire]Archaludon||PowerHerb|Stalwart|ElectroShot,FlashCannon,DracoMeteor,Protect|||M|||50|,,,,,Electric]Weezing-Galar||RockyHelmet|NeutralizingGas|DazzlingGleam,PoisonGas,SludgeBomb,Protect|||M|||50|,,,,,Flying]Dragapult||LifeOrb|ClearBody|DragonDarts,Protect,PhantomForce,TeraBlast|||M|||50|,,,,,Fighting
|showteam|p2|Incineroar||SafetyGoggles|Intimidate|KnockOff,FlareBlitz,PartingShot,FakeOut|||F|||50|,,,,,Grass]Porygon2||Eviolite|Download|TeraBlast,IceBeam,Recover,TrickRoom||||||50|,,,,,Fighting]Amoonguss||MentalHerb|Regenerator|Spore,RagePowder,PollenPuff,SludgeBomb|||F|||50|,,,,,Water]Ursaluna||FlameOrb|Guts|Facade,HeadlongRush,Earthquake,Protect|||M|||50|,,,,,Normal]Gholdengo||LifeOrb|GoodasGold|MakeItRain,ShadowBall,NastyPlot,Protect||||||50|,,,,,Dragon]Flamigo||FocusSash|Scrappy|CloseCombat,BraveBird,WideGuard,Protect|||F|||50|,,,,,Ghost
|inactive|Battle timer is ON: inactive players will automatically lose when time's up. (requested by danicruz.music)
|inactive|CianMck18 has 60 seconds left.
|
|t:|1757712642
|teamsize|p1|4
|teamsize|p2|4
|start
|switch|p1a: Pelipper|Pelipper, L50, M|100/100
|switch|p1b: Archaludon|Archaludon, L50, M|100/100
|switch|p2a: Amoonguss|Amoonguss, L50, F, shiny|100/100
|switch|p2b: Gholdengo|Gholdengo, L50, shiny|100/100
|-weather|RainDance|[from] ability: Drizzle|[of] p1a: Pelipper
|turn|1
|
|t:|1757712658
|-terastallize|p1b: Archaludon|Electric
|-terastallize|p2a: Amoonguss|Water
|move|p2b: Gholdengo|Shadow Ball|p1a: Pelipper
|-damage|p1a: Pelipper|25/100
|-damage|p2b: Gholdengo|91/100|[from] item: Life Orb
|move|p1b: Archaludon|Electro Shot||[still]
|-prepare|p1b: Archaludon|Electro Shot
|-boost|p1b: Archaludon|spa|1
|-anim|p1b: Archaludon|Electro Shot|p2a: Amoonguss
|-supereffective|p2a: Amoonguss
|-damage|p2a: Amoonguss|0 fnt
|faint|p2a: Amoonguss
|move|p1a: Pelipper|Hurricane|p2b: Gholdengo
|-resisted|p2b: Gholdengo
|-damage|p2b: Gholdengo|65/100
|-start|p2b: Gholdengo|confusion
|
|-weather|RainDance|[upkeep]
|upkeep
|
|t:|1757712672
|switch|p2a: Ursaluna|Ursaluna, L50, M, shiny|100/100
|turn|2
|
|t:|1757712676
|-activate|p2b: Gholdengo|confusion
|move|p2b: Gholdengo|Shadow Ball|p1a: Pelipper
|-crit|p1a: Pelipper
|-damage|p1a: Pelipper|0 fnt
|faint|p1a: Pelipper
|-damage|p2b: Gholdengo|56/100|[from] item: Life Orb
|move|p1b: Archaludon|Electro Shot||[still]
|-prepare|p1b: Archaludon|Electro Shot
|-boost|p1b: Archaludon|spa|1
|-anim|p1b: Archaludon|Electro Shot|p2b: Gholdengo
|-damage|p2b: Gholdengo|0 fnt
|faint|p2b: Gholdengo
|move|p2a: Ursaluna|Headlong Rush|p1b: Archaludon
|-supereffective|p1b: Archaludon
|-damage|p1b: Archaludon|0 fnt
|-unboost|p2a: Ursaluna|def|1
|-unboost|p2a: Ursaluna|spd|1
|faint|p1b: Archaludon
|
|-weather|RainDance|[upkeep]
|-status|p2a: Ursaluna|brn|[from] item: Flame Orb
|upkeep
|
|t:|1757712684
|switch|p2b: Incineroar|Incineroar, L50, F, shiny|100/100
|switch|p1b: Tatsugiri|Tatsugiri-Stretchy, L50, M|100/100
|switch|p1a: Dondozo|Dondozo, L50, M|100/100
|-ability|p2b: Incineroar|Intimidate|boost
|-unboost|p1a: Dondozo|atk|1
|-unboost|p1b: Tatsugiri|atk|1
|-activate|p1b: Tatsugiri|ability: Commander|[of] p1a: Dondozo
|-boost|p1a: Dondozo|atk|2
|-boost|p1a: Dondozo|spa|2
|-boost|p1a: Dondozo|spe|2
|-boost|p1a: Dondozo|def|2
|-boost|p1a: Dondozo|spd|2
|turn|3
|
|t:|1757712691
|move|p1a: Dondozo|Protect|p1a: Dondozo
|-singleturn|p1a: Dondozo|Protect
|move|p2b: Incineroar|Fake Out|p1a: Dondozo
|-activate|p1a: Dondozo|move: Protect
|move|p2a: Ursaluna|Facade|p1a: Dondozo
|-activate|p1a: Dondozo|move: Protect
|
|-weather|RainDance|[upkeep]
|-damage|p2a: Ursaluna|95/100 brn|[from] brn
|upkeep
|turn|4
|
|t:|1757712698
|move|p2a: Ursaluna|Protect|p2a: Ursaluna
|-singleturn|p2a: Ursaluna|Protect
|move|p1a: Dondozo|Wave Crash|p2a: Ursaluna
|-activate|p2a: Ursaluna|move: Protect
|move|p2b: Incineroar|Parting Shot|p1a: Dondozo
|-unboost|p1a: Dondozo|atk|1
|-unboost|p1a: Dondozo|spa|1
|
|-weather|RainDance|[upkeep]
|-damage|p2a: Ursaluna|89/100 brn|[from] brn
|upkeep
|turn|5
|
|t:|1757712709
|move|p2a: Ursaluna|Protect||[still]
|-fail|p2a: Ursaluna
|move|p1a: Dondozo|Wave Crash|p2a: Ursaluna
|-supereffective|p2a: Ursaluna
|-damage|p2a: Ursaluna|0 fnt
|faint|p2a: Ursaluna
|-damage|p1a: Dondozo|75/100|[from] Recoil
|move|p2b: Incineroar|Parting Shot|p1a: Dondozo
|-unboost|p1a: Dondozo|atk|1
|-unboost|p1a: Dondozo|spa|1
|
|-weather|none
|-heal|p1a: Dondozo|81/100|[from] item: Leftovers
|upkeep
|turn|6
|
|t:|1757712716
|move|p1a: Dondozo|Wave Crash|p2b: Incineroar
|-supereffective|p2b: Incineroar
|-damage|p2b: Incineroar|29/100
|-damage|p1a: Dondozo|64/100|[from] Recoil
|move|p2b: Incineroar|Knock Off|p1a: Dondozo
|-damage|p1a: Dondozo|50/100
|-enditem|p1a: Dondozo|Leftovers|[from] move: Knock Off|[of] p2b: Incineroar
|
|upkeep
|turn|7
|-message|CianMck18 forfeited.
|
|win|danicruz.music
|l|☆CianMck18
|player|p2|
||CianMck18 is ready for game 2.
|l|☆danicruz.music
|player|p1|
||danicruz.music is ready for game 2.
|uhtml|next|Next: Game 2 of 3
