|j|☆lakaka siuuu
|j|☆ViviCUT
|html|lakaka siuuuViviCUT    
|uhtml|bestof|Game 2 of a best-of-3
|t:|1782297976
|gametype|doubles
|player|p1|lakaka siuuu|266|1243
|player|p2|ViviCUT|266|1396
|gen|9
|tier|[Gen 9 Champions] VGC 2026 Reg M-B (Bo3)
|rated|
|rule|Species Clause: Limit one of each Pokémon
|rule|Item Clause: Limit 1 of each item
|clearpoke
|poke|p1|Floette-Eternal, L50, F|
|poke|p1|Sinistcha, L50|
|poke|p1|Incineroar, L50, M|
|poke|p1|Delphox, L50, M|
|poke|p1|Kingambit, L50, M|
|poke|p1|Sneasler, L50, M|
|poke|p2|Floette-Eternal, L50, F|
|poke|p2|Charizard, L50, F|
|poke|p2|Basculegion, L50, M|
|poke|p2|Garchomp, L50, M|
|poke|p2|Whimsicott, L50, M|
|poke|p2|Kingambit, L50, M|
|teampreview|4
|showteam|p1|Floette-Eternal||Floettite|FlowerVeil|Moonblast,DazzlingGleam,CalmMind,Protect|Modest||F|||50|]Sinistcha||ColburBerry|Hospitality|MatchaGotcha,RagePowder,Protect,TrickRoom|Bold|||||50|]Incineroar||SitrusBerry|Intimidate|FlareBlitz,PartingShot,FakeOut,HelpingHand|Careful||M|||50|]Delphox||Delphoxite|Blaze|HeatWave,Psyshock,NastyPlot,Protect|Timid||M|||50|]Kingambit||BlackGlasses|Defiant|KowtowCleave,SuckerPunch,SwordsDance,Protect|Adamant||M|||50|]Sneasler||FocusSash|Unburden|CloseCombat,DireClaw,FakeOut,QuickGuard|Jolly||M|||50|
|showteam|p2|Floette-Eternal||Floettite|FlowerVeil|DazzlingGleam,Protect,Moonblast,LightofRuin|Modest||F|||50|]Charizard||CharizarditeY|SolarPower|Protect,SolarBeam,WeatherBall,HeatWave|Modest||F|||50|]Basculegion||ChoiceScarf|Adaptability|FlipTurn,WaveCrash,LastRespects,AquaJet|Jolly||M|||50|]Garchomp||LifeOrb|RoughSkin|Protect,Earthquake,DragonClaw,RockSlide|Jolly||M|||50|]Whimsicott||FocusSash|Prankster|Moonblast,Encore,Protect,Tailwind|Timid||M|||50|]Kingambit||BlackGlasses|Defiant|Protect,KowtowCleave,IronHead,SuckerPunch|Adamant||M|||50|
|inactive|Battle timer is ON: inactive players will automatically lose when time's up. (requested by ViviCUT)
|
|t:|1782298015
|teamsize|p1|4
|teamsize|p2|4
|start
|switch|p1a: Gradisce|Incineroar, L50, M|100/100
|switch|p1b: Apache Kid|Kingambit, L50, M|100/100
|switch|p2a: Whimsicott|Whimsicott, L50, M|100/100
|switch|p2b: Floette|Floette-Eternal, L50, F|100/100
|-ability|p1a: Gradisce|Intimidate|boost
|-block|p2a: Whimsicott|ability: Flower Veil|[of] p2b: Floette
|-unboost|p2b: Floette|atk|1
|turn|1
|inactive|lakaka siuuu has 30 seconds left.
|inactive|lakaka siuuu has 20 seconds left.
|
|t:|1782298054
|detailschange|p2b: Floette|Floette-Mega, L50, F
|-mega|p2b: Floette|Floette|Floettite
|-ability|p2b: Floette|Fairy Aura
|move|p1a: Gradisce|Fake Out|p2b: Floette
|-damage|p2b: Floette|87/100
|move|p2a: Whimsicott|Moonblast|p1b: Apache Kid
|-damage|p1b: Apache Kid|54/100
|cant|p2b: Floette|flinch
|move|p1b: Apache Kid|Swords Dance|p1b: Apache Kid
|-boost|p1b: Apache Kid|atk|2
|
|upkeep
|turn|2
|
|t:|1782298078
|move|p2a: Whimsicott|Protect|p2a: Whimsicott
|-singleturn|p2a: Whimsicott|Protect
|move|p2b: Floette|Protect|p2b: Floette
|-singleturn|p2b: Floette|Protect
|move|p1b: Apache Kid|Protect|p1b: Apache Kid
|-singleturn|p1b: Apache Kid|Protect
|move|p1a: Gradisce|Flare Blitz|p2b: Floette
|-activate|p2b: Floette|move: Protect
|
|upkeep
|turn|3
|inactive|ViviCUT has 30 seconds left.
|inactive|lakaka siuuu has 30 seconds left.
|inactive|ViviCUT has 20 seconds left.
|inactive|lakaka siuuu has 20 seconds left.
|inactive|ViviCUT has 15 seconds left.
|inactive|lakaka siuuu has 15 seconds left.
|
|t:|1782298131
|switch|p1b: Il Conto?|Sinistcha, L50|100/100
|move|p2a: Whimsicott|Moonblast|p1a: Gradisce
|-damage|p1a: Gradisce|66/100
|move|p2b: Floette|Moonblast|p1b: Il Conto?
|-damage|p1b: Il Conto?|30/100
|move|p1a: Gradisce|Parting Shot|p2b: Floette
|-unboost|p2b: Floette|atk|1
|-unboost|p2b: Floette|spa|1
|
|t:|1782298141
|switch|p1a: Vigile|Sneasler, L50, M|100/100|[from] Parting Shot
|
|upkeep
|turn|4
|inactive|ViviCUT has 30 seconds left.
|
|t:|1782298167
|move|p1b: Il Conto?|Protect|p1b: Il Conto?
|-singleturn|p1b: Il Conto?|Protect
|move|p2a: Whimsicott|Tailwind|p2a: Whimsicott
|-sidestart|p2: ViviCUT|move: Tailwind
|move|p2b: Floette|Dazzling Gleam|p1b: Il Conto?|[spread] p1a
|-activate|p1b: Il Conto?|move: Protect
|-crit|p1a: Vigile
|-enditem|p1a: Vigile|Focus Sash
|-damage|p1a: Vigile|1/100
|move|p1a: Vigile|Dire Claw|p2b: Floette
|-supereffective|p2b: Floette|1
|-damage|p2b: Floette|0 fnt
|faint|p2b: Floette
|
|upkeep
|
|t:|1782298182
|switch|p2b: Basculegion|Basculegion, L50, M|100/100
|turn|5
|
|t:|1782298202
|move|p1b: Il Conto?|Rage Powder|p1b: Il Conto?
|-singleturn|p1b: Il Conto?|move: Rage Powder
|move|p2b: Basculegion|Flip Turn|p1b: Il Conto?
|-resisted|p1b: Il Conto?|1
|-damage|p1b: Il Conto?|14/100
|
|t:|1782298207
|switch|p2b: Kingambit|Kingambit, L50, M|100/100|[from] Flip Turn
|move|p1a: Vigile|Dire Claw|p2a: Whimsicott
|-supereffective|p2a: Whimsicott|2
|-enditem|p2a: Whimsicott|Focus Sash
|-damage|p2a: Whimsicott|1/100
|-status|p2a: Whimsicott|slp
|cant|p2a: Whimsicott|slp
|
|upkeep
|turn|6
|inactive|lakaka siuuu has 30 seconds left.
|inactive|ViviCUT has 30 seconds left.
|
|t:|1782298242
|switch|p2a: Basculegion|Basculegion, L50, M|100/100
|move|p2b: Kingambit|Protect|p2b: Kingambit
|-singleturn|p2b: Kingambit|Protect
|move|p1b: Il Conto?|Rage Powder|p1b: Il Conto?
|-singleturn|p1b: Il Conto?|move: Rage Powder
|move|p1a: Vigile|Close Combat|p2b: Kingambit
|-activate|p2b: Kingambit|move: Protect
|
|upkeep
|turn|7
|
|t:|1782298258
|switch|p2b: Whimsicott|Whimsicott, L50, M|1/100 slp
|move|p1b: Il Conto?|Rage Powder|p1b: Il Conto?
|-singleturn|p1b: Il Conto?|move: Rage Powder
|move|p2a: Basculegion|Last Respects|p1b: Il Conto?
|-supereffective|p1b: Il Conto?|1
|-damage|p1b: Il Conto?|0 fnt
|faint|p1b: Il Conto?
|move|p1a: Vigile|Close Combat|p2b: Whimsicott
|-resisted|p2b: Whimsicott|1
|-damage|p2b: Whimsicott|0 fnt
|-unboost|p1a: Vigile|def|1
|-unboost|p1a: Vigile|spd|1
|faint|p2b: Whimsicott
|
|-sideend|p2: ViviCUT|move: Tailwind
|upkeep
|
|t:|1782298266
|switch|p2b: Kingambit|Kingambit, L50, M|100/100
|switch|p1b: Apache Kid|Kingambit, L50, M|54/100
|turn|8
|inactive|lakaka siuuu has 30 seconds left.
|
|t:|1782298300
|move|p1b: Apache Kid|Sucker Punch|p2a: Basculegion
|-supereffective|p2a: Basculegion|1
|-damage|p2a: Basculegion|0 fnt
|faint|p2a: Basculegion
|move|p1a: Vigile|Close Combat|p2b: Kingambit
|-supereffective|p2b: Kingambit|2
|-damage|p2b: Kingambit|0 fnt
|-unboost|p1a: Vigile|def|1
|-unboost|p1a: Vigile|spd|1
|faint|p2b: Kingambit
|
|win|lakaka siuuu
|raw|lakaka siuuu's rating: 1243 → 1278(+35 for winning)
|raw|ViviCUT's rating: 1396 → 1368(-28 for losing)
|l|☆ViviCUT
|player|p2|
|c|☆lakaka siuuu|gg
