|j|☆merr123
|j|☆LastHorzion
|html|merr123LastHorzion    
|uhtml|bestof|Game 2 of a best-of-3
|t:|1756867988
|gametype|doubles
|player|p1|merr123|sisandbro|1167
|player|p2|LastHorzion|steven|1241
|gen|9
|tier|[Gen 9] VGC 2025 Reg H (Bo3)
|rated|
|rule|Species Clause: Limit one of each Pokémon
|rule|Item Clause: Limit 1 of each item
|clearpoke
|poke|p1|Sneasler, L50, M|
|poke|p1|Gholdengo, L50|
|poke|p1|Amoonguss, L50, F|
|poke|p1|Incineroar, L50, M|
|poke|p1|Ursaluna-Bloodmoon, L50, M|
|poke|p1|Farigiraf, L50, M|
|poke|p2|Sneasler, L50, M|
|poke|p2|Ursaluna-Bloodmoon, L50, M|
|poke|p2|Whimsicott, L50, M|
|poke|p2|Typhlosion-Hisui, L50, M|
|poke|p2|Indeedee, L50, M|
|poke|p2|Dragapult, L50, F|
|teampreview|4
|showteam|p1|Sneasler||ClearAmulet|PoisonTouch|FakeOut,CloseCombat,DireClaw,Protect|||M|||50|,,,,,Water]Gholdengo||LifeOrb|GoodasGold|NastyPlot,MakeItRain,ShadowBall,Protect||||||50|,,,,,Water]Amoonguss||MentalHerb|Regenerator|Spore,RagePowder,PollenPuff,Protect|||F|||50|,,,,,Water]Incineroar||SafetyGoggles|Intimidate|FakeOut,FlareBlitz,KnockOff,PartingShot|||M|||50|,,,,,Ghost]Ursaluna-Bloodmoon||SilkScarf|MindsEye|CalmMind,EarthPower,BloodMoon,Protect|||M|||50|,,,,,Poison]Farigiraf||ThroatSpray|ArmorTail|HyperVoice,Psychic,TrickRoom,Protect|||M|||50|,,,,,Dragon
|showteam|p2|Sneasler||PsychicSeed|Unburden|CloseCombat,DireClaw,ThroatChop,Protect|||M|||50|,,,,,Dark]Ursaluna-Bloodmoon||LifeOrb|MindsEye|BloodMoon,EarthPower,HyperVoice,Protect|||M|||50|,,,,,Ghost]Whimsicott||CovertCloak|Prankster|Tailwind,Moonblast,Encore,SunnyDay|||M|||50|,,,,,Water]Typhlosion-Hisui||ChoiceScarf|Blaze|Eruption,ShadowBall,HeatWave,Overheat|||M|||50|,,,,,Fire]Indeedee||FocusSash|PsychicSurge|ExpandingForce,TeraBlast,Imprison,TrickRoom|||M|||50|,,,,,Ground]Dragapult||ChoiceBand|ClearBody|DragonDarts,Uturn,PhantomForce,Outrage|||F|||50|,,,,,Dragon
|inactive|Battle timer is ON: inactive players will automatically lose when time's up. (requested by LastHorzion)
|inactive|merr123 also wants the timer to be on.
|inactive|merr123 has 60 seconds left.
|inactive|merr123 has 30 seconds left.
|inactive|merr123 has 20 seconds left.
|inactive|merr123 has 15 seconds left.
|inactive|merr123 has 10 seconds left.
|inactive|merr123 has 5 seconds left.
|
|t:|1756868074
|teamsize|p1|4
|teamsize|p2|4
|start
|switch|p1a: Farigiraf|Farigiraf, L50, M|100/100
|switch|p1b: Gholdengo|Gholdengo, L50|100/100
|switch|p2a: Ursaluna|Ursaluna-Bloodmoon, L50, M|100/100
|switch|p2b: Dragapult|Dragapult, L50, F, shiny|100/100
|turn|1
|inactive|merr123 has 30 seconds left.
|inactive|LastHorzion has 30 seconds left.
|
|t:|1756868107
|-terastallize|p2b: Dragapult|Dragon
|move|p1a: Farigiraf|Protect|p1a: Farigiraf
|-singleturn|p1a: Farigiraf|Protect
|move|p2b: Dragapult|Dragon Darts|p1b: Gholdengo
|-resisted|p1b: Gholdengo
|-damage|p1b: Gholdengo|75/100
|-anim|p2b: Dragapult|Dragon Darts|p1b: Gholdengo
|-resisted|p1b: Gholdengo
|-damage|p1b: Gholdengo|51/100
|move|p1b: Gholdengo|Make It Rain|p2a: Ursaluna|[spread] p2a,p2b
|-damage|p2a: Ursaluna|8/100
|-damage|p2b: Dragapult|7/100
|-unboost|p1b: Gholdengo|spa|1
|-damage|p1b: Gholdengo|41/100|[from] item: Life Orb
|move|p2a: Ursaluna|Earth Power|p1b: Gholdengo
|-supereffective|p1b: Gholdengo
|-damage|p1b: Gholdengo|0 fnt
|faint|p1b: Gholdengo
|-damage|p2a: Ursaluna|0 fnt|[from] item: Life Orb
|faint|p2a: Ursaluna
|
|upkeep
|inactive|merr123 has 30 seconds left.
|inactive|merr123 has 20 seconds left.
|
|t:|1756868142
|switch|p1b: Incineroar|Incineroar, L50, M|100/100
|switch|p2a: Indeedee|Indeedee, L50, M, shiny|100/100
|-fieldstart|move: Psychic Terrain|[from] ability: Psychic Surge|[of] p2a: Indeedee
|-ability|p1b: Incineroar|Intimidate|boost
|-unboost|p2a: Indeedee|atk|1
|-fail|p2b: Dragapult|unboost|[from] ability: Clear Body|[of] p2b: Dragapult
|turn|2
|
|t:|1756868150
|move|p2b: Dragapult|Dragon Darts|p1a: Farigiraf
|-damage|p1a: Farigiraf|51/100
|-anim|p2b: Dragapult|Dragon Darts|p1b: Incineroar
|-damage|p1b: Incineroar|50/100
|move|p2a: Indeedee|Imprison|p2a: Indeedee
|-start|p2a: Indeedee|move: Imprison
|move|p1b: Incineroar|Knock Off|p2a: Indeedee
|-supereffective|p2a: Indeedee
|-enditem|p2a: Indeedee|Focus Sash
|-damage|p2a: Indeedee|1/100
|move|p1a: Farigiraf|Hyper Voice|p2b: Dragapult|[spread] p2a,p2b
|-damage|p2a: Indeedee|0 fnt
|-damage|p2b: Dragapult|0 fnt
|faint|p2a: Indeedee
|faint|p2b: Dragapult
|-enditem|p1a: Farigiraf|Throat Spray
|-boost|p1a: Farigiraf|spa|1|[from] item: Throat Spray
|
|upkeep
|
|t:|1756868162
|switch|p2b: Sneasler|Sneasler, L50, M|100/100
|-enditem|p2b: Sneasler|Psychic Seed
|-boost|p2b: Sneasler|spd|1|[from] item: Psychic Seed
|turn|3
|inactive|merr123 has 30 seconds left.
|
|t:|1756868188
|move|p2b: Sneasler|Throat Chop|p1a: Farigiraf
|-supereffective|p1a: Farigiraf
|-damage|p1a: Farigiraf|0 fnt
|faint|p1a: Farigiraf
|move|p1b: Incineroar|Parting Shot|p2b: Sneasler
|-unboost|p2b: Sneasler|atk|1
|-unboost|p2b: Sneasler|spa|1
|
|t:|1756868190
|switch|p1b: Ursaluna|Ursaluna-Bloodmoon, L50, M|100/100|[from] Parting Shot
|
|upkeep
|
|t:|1756868192
|switch|p1a: Incineroar|Incineroar, L50, M|50/100
|-ability|p1a: Incineroar|Intimidate|boost
|-unboost|p2b: Sneasler|atk|1
|turn|4
|
|t:|1756868200
|-terastallize|p1b: Ursaluna|Poison
|move|p2b: Sneasler|Protect|p2b: Sneasler
|-singleturn|p2b: Sneasler|Protect
|move|p1b: Ursaluna|Earth Power|p2b: Sneasler
|-activate|p2b: Sneasler|move: Protect
|move|p1a: Incineroar|Flare Blitz|p2b: Sneasler
|-activate|p2b: Sneasler|move: Protect
|
|upkeep
|turn|5
|
|t:|1756868212
|move|p2b: Sneasler|Dire Claw|p1b: Ursaluna
|-resisted|p1b: Ursaluna
|-damage|p1b: Ursaluna|93/100
|move|p1b: Ursaluna|Earth Power|p2b: Sneasler
|-supereffective|p2b: Sneasler
|-damage|p2b: Sneasler|15/100
|move|p1a: Incineroar|Flare Blitz|p2b: Sneasler
|-damage|p2b: Sneasler|0 fnt
|faint|p2b: Sneasler
|-damage|p1a: Incineroar|46/100|[from] Recoil
|
|win|merr123
|raw|merr123's rating: 1167 → 1197(+30 for winning)
|raw|LastHorzion's rating: 1241 → 1211(-30 for losing)
