|j|☆A Regu1ar Guy
|j|☆FerdiVGC
|html|A Regu1ar GuyFerdiVGC    
|uhtml|bestof|Game 2 of a best-of-3
|t:|1755117945
|gametype|doubles
|player|p1|A Regu1ar Guy|elesa|1388
|player|p2|FerdiVGC|170|1383
|gen|9
|tier|[Gen 9] VGC 2025 Reg H (Bo3)
|rated|
|rule|Species Clause: Limit one of each Pokémon
|rule|Item Clause: Limit 1 of each item
|clearpoke
|poke|p1|Volcarona, L50, M|
|poke|p1|Rillaboom, L50, F|
|poke|p1|Electabuzz, L50, F|
|poke|p1|Primarina, L50, F|
|poke|p1|Incineroar, L50, M|
|poke|p1|Dragapult, L50, F|
|poke|p2|Dondozo, L50, F|
|poke|p2|Tatsugiri, L50, M|
|poke|p2|Glimmora, L50, F|
|poke|p2|Rillaboom, L50, F|
|poke|p2|Sneasler, L50, M|
|poke|p2|Volcarona, L50, M|
|teampreview|4
|showteam|p1|Volcarona||GrassySeed|FlameBody|HeatWave,GigaDrain,QuiverDance,Protect|||M|||50|,,,,,Grass]Rillaboom||AssaultVest|GrassySurge|FakeOut,WoodHammer,GrassyGlide,HighHorsepower|||F|||50|,,,,,Fire]Electabuzz||Eviolite|VitalSpirit|Thunderbolt,FollowMe,Taunt,Protect|||F|||50|,,,,,Ghost]Primarina||ThroatSpray|LiquidVoice|HyperVoice,Moonblast,Haze,Protect|||F|||50|,,,,,Poison]Incineroar||SafetyGoggles|Intimidate|FakeOut,KnockOff,FlareBlitz,PartingShot|||M|||50|,,,,,Ghost]Dragapult||ChoiceBand|ClearBody|DragonDarts,PhantomForce,Outrage,Uturn|||F|||50|,,,,,Dragon
|showteam|p2|Dondozo||CovertCloak|Unaware|WaveCrash,OrderUp,HeavySlam,Protect|||F|||50|,,,,,Steel]Tatsugiri||FocusSash|Commander|DracoMeteor,MuddyWater,Taunt,Protect|||M|||50|,,,,,Stellar]Glimmora||PowerHerb|ToxicDebris|MeteorBeam,SludgeBomb,EarthPower,SpikyShield|||F|||50|,,,,,Grass]Rillaboom||AssaultVest|GrassySurge|WoodHammer,GrassyGlide,FakeOut,HighHorsepower|||F|||50|,,,,,Fire]Sneasler||GrassySeed|Unburden|CloseCombat,DireClaw,Coaching,Protect|||M|||50|,,,,,Stellar]Volcarona||SitrusBerry|FlameBody|FieryDance,TeraBlast,WillOWisp,Tailwind|||M|||50|,,,,,Fairy
|inactive|Battle timer is ON: inactive players will automatically lose when time's up. (requested by FerdiVGC)
|
|t:|1755117974
|teamsize|p1|4
|teamsize|p2|4
|start
|switch|p1a: Volcarona|Volcarona, L50, M, shiny|100/100
|switch|p1b: Dragapult|Dragapult, L50, F|100/100
|switch|p2a: Glimmora|Glimmora, L50, F|100/100
|switch|p2b: Rillaboom|Rillaboom, L50, F|100/100
|-fieldstart|move: Grassy Terrain|[from] ability: Grassy Surge|[of] p2b: Rillaboom
|-enditem|p1a: Volcarona|Grassy Seed
|-boost|p1a: Volcarona|def|1|[from] item: Grassy Seed
|turn|1
|
|t:|1755117996
|-terastallize|p1b: Dragapult|Dragon
|move|p1a: Volcarona|Protect|p1a: Volcarona
|-singleturn|p1a: Volcarona|Protect
|move|p2b: Rillaboom|Fake Out|p1a: Volcarona
|-activate|p1a: Volcarona|move: Protect
|move|p1b: Dragapult|Outrage|p2b: Rillaboom
|-damage|p2b: Rillaboom|0 fnt
|faint|p2b: Rillaboom
|move|p2a: Glimmora|Meteor Beam||[still]
|-prepare|p2a: Glimmora|Meteor Beam
|-boost|p2a: Glimmora|spa|1
|-enditem|p2a: Glimmora|Power Herb
|-anim|p2a: Glimmora|Meteor Beam|p1b: Dragapult
|-damage|p1b: Dragapult|0 fnt
|faint|p1b: Dragapult
|
|upkeep
|
|t:|1755118020
|switch|p1b: Incineroar|Incineroar, L50, M|100/100
|switch|p2b: Tatsugiri|Tatsugiri, L50, M|100/100
|-ability|p1b: Incineroar|Intimidate|boost
|-unboost|p2a: Glimmora|atk|1
|-unboost|p2b: Tatsugiri|atk|1
|turn|2
|
|t:|1755118038
|move|p2b: Tatsugiri|Protect|p2b: Tatsugiri
|-singleturn|p2b: Tatsugiri|Protect
|move|p1b: Incineroar|Fake Out|p2a: Glimmora
|-resisted|p2a: Glimmora
|-damage|p2a: Glimmora|94/100
|-activate|p2a: Glimmora|ability: Toxic Debris
|-sidestart|p1: A Regu1ar Guy|move: Toxic Spikes
|cant|p2a: Glimmora|flinch
|move|p1a: Volcarona|Quiver Dance|p1a: Volcarona
|-boost|p1a: Volcarona|spa|1
|-boost|p1a: Volcarona|spd|1
|-boost|p1a: Volcarona|spe|1
|
|-heal|p2a: Glimmora|99/100|[from] Grassy Terrain
|upkeep
|turn|3
|inactive|FerdiVGC has 30 seconds left.
|
|t:|1755118072
|-terastallize|p2b: Tatsugiri|Stellar
|move|p1a: Volcarona|Giga Drain|p2a: Glimmora
|-damage|p2a: Glimmora|31/100
|move|p2a: Glimmora|Sludge Bomb|p1a: Volcarona
|-damage|p1a: Volcarona|59/100
|-status|p1a: Volcarona|psn
|move|p2b: Tatsugiri|Muddy Water|p1b: Incineroar|[spread] p1a,p1b
|-supereffective|p1a: Volcarona
|-supereffective|p1b: Incineroar
|-damage|p1a: Volcarona|3/100 psn
|-damage|p1b: Incineroar|16/100
|-unboost|p1a: Volcarona|accuracy|1
|move|p1b: Incineroar|Knock Off|p2a: Glimmora
|-damage|p2a: Glimmora|0 fnt
|-activate|p2a: Glimmora|ability: Toxic Debris
|-sidestart|p1: A Regu1ar Guy|move: Toxic Spikes
|faint|p2a: Glimmora
|
|-heal|p1a: Volcarona|9/100 psn|[from] Grassy Terrain
|-heal|p1b: Incineroar|22/100|[from] Grassy Terrain
|-damage|p1a: Volcarona|0 fnt|[from] psn
|faint|p1a: Volcarona
|upkeep
|
|t:|1755118085
|switch|p2a: Dondozo|Dondozo, L50, F|100/100
|switch|p1a: Primarina|Primarina, L50, F|100/100
|-status|p1a: Primarina|tox
|-activate|p2b: Tatsugiri|ability: Commander|[of] p2a: Dondozo
|-boost|p2a: Dondozo|atk|2
|-boost|p2a: Dondozo|spa|2
|-boost|p2a: Dondozo|spe|2
|-boost|p2a: Dondozo|def|2
|-boost|p2a: Dondozo|spd|2
|turn|4
|
|t:|1755118091
|move|p2a: Dondozo|Heavy Slam|p1a: Primarina
|-damage|p1a: Primarina|10/100 tox
|move|p1a: Primarina|Haze|p1a: Primarina
|-clearallboost
|move|p1b: Incineroar|Parting Shot|p2a: Dondozo
|-unboost|p2a: Dondozo|atk|1
|-unboost|p2a: Dondozo|spa|1
|
|-heal|p1b: Incineroar|28/100|[from] Grassy Terrain
|-heal|p1a: Primarina|16/100 tox|[from] Grassy Terrain
|-damage|p1a: Primarina|10/100 tox|[from] psn
|upkeep
|turn|5
|
|t:|1755118098
|move|p2a: Dondozo|Protect|p2a: Dondozo
|-singleturn|p2a: Dondozo|Protect
|move|p1a: Primarina|Hyper Voice|p2a: Dondozo|[spread] 
|-miss|p1a: Primarina|p2b: Tatsugiri
|-activate|p2a: Dondozo|move: Protect
|move|p1b: Incineroar|Knock Off|p2a: Dondozo
|-activate|p2a: Dondozo|move: Protect
|
|-heal|p1b: Incineroar|34/100|[from] Grassy Terrain
|-heal|p1a: Primarina|16/100 tox|[from] Grassy Terrain
|-damage|p1a: Primarina|4/100 tox|[from] psn
|-fieldend|move: Grassy Terrain
|upkeep
|turn|6
|
|t:|1755118123
|move|p1a: Primarina|Hyper Voice|p2b: Tatsugiri|[spread] p2a
|-miss|p1a: Primarina|p2b: Tatsugiri
|-resisted|p2a: Dondozo
|-damage|p2a: Dondozo|81/100
|-enditem|p1a: Primarina|Throat Spray
|-boost|p1a: Primarina|spa|1|[from] item: Throat Spray
|move|p1b: Incineroar|Knock Off|p2a: Dondozo
|-damage|p2a: Dondozo|53/100
|-enditem|p2a: Dondozo|Covert Cloak|[from] move: Knock Off|[of] p1b: Incineroar
|move|p2a: Dondozo|Wave Crash|p1b: Incineroar
|-supereffective|p1b: Incineroar
|-damage|p1b: Incineroar|0 fnt
|faint|p1b: Incineroar
|-damage|p2a: Dondozo|43/100|[from] Recoil
|
|-damage|p1a: Primarina|0 fnt|[from] psn
|faint|p1a: Primarina
|
|win|FerdiVGC
|raw|A Regu1ar Guy's rating: 1388 → 1368(-20 for losing)
|raw|FerdiVGC's rating: 1383 → 1403(+20 for winning)
|l|☆A Regu1ar Guy
|player|p1|
