|j|☆Chaoticfarmer
|j|☆C.blaze
|html|ChaoticfarmerC.blaze    
|uhtml|bestof|Game 1 of a best-of-3
|t:|1757905284
|gametype|doubles
|player|p1|Chaoticfarmer|norman|1423
|player|p2|C.blaze|101|1408
|gen|9
|tier|[Gen 9] VGC 2025 Reg H (Bo3)
|rated|
|rule|Species Clause: Limit one of each Pokémon
|rule|Item Clause: Limit 1 of each item
|clearpoke
|poke|p1|Rillaboom, L50, M|
|poke|p1|Pelipper, L50, F|
|poke|p1|Sneasler, L50, F|
|poke|p1|Cetitan, L50, M|
|poke|p1|Malamar, L50, F|
|poke|p1|Ursaluna-Bloodmoon, L50, M|
|poke|p2|Tyranitar, L50, M|
|poke|p2|Gholdengo, L50|
|poke|p2|Dragonite, L50, F|
|poke|p2|Amoonguss, L50, M|
|poke|p2|Porygon2, L50|
|poke|p2|Tauros-Paldea-Blaze, L50, M|
|teampreview|4
|showteam|p1|Rillaboom||AssaultVest|GrassySurge|FakeOut,GrassyGlide,WoodHammer,Uturn|||M|||50|,,,,,Fire]Pelipper||FocusSash|Drizzle|Tailwind,Hurricane,WideGuard,WeatherBall|||F|||50|,,,,,Ghost]Sneasler||GrassySeed|Unburden|CloseCombat,DireClaw,ThroatChop,Protect|||F|||50|,,,,,Dark]Cetitan||LifeOrb|SheerForce|IcicleCrash,Liquidation,IceShard,Protect|||M|||50|,,,,,Water]Malamar||CovertCloak|Contrary|TopsyTurvy,KnockOff,Superpower,TrickRoom|||F|||50|,,,,,Steel]Ursaluna-Bloodmoon||SafetyGoggles|MindsEye|BloodMoon,TeraBlast,EarthPower,Protect|||M|||50|,,,,,Electric
|showteam|p2|Tyranitar||AssaultVest|SandStream|RockSlide,KnockOff,TeraBlast,LowKick|||M|||50|,,,,,Flying]Gholdengo||LifeOrb|GoodasGold|MakeItRain,ShadowBall,Protect,NastyPlot||||||50|,,,,,Water]Dragonite||LoadedDice|Multiscale|ScaleShot,Haze,Protect,Tailwind|||F|||50|,,,,,Fairy]Amoonguss||MentalHerb|Regenerator|ClearSmog,PollenPuff,Spore,RagePowder|||M|||50|,,,,,Water]Porygon2||Eviolite|Download|TeraBlast,IceBeam,Recover,TrickRoom||||||50|,,,,,Fighting]Tauros-Paldea-Blaze||SafetyGoggles|Intimidate|RagingBull,WillOWisp,Protect,CloseCombat|||M|||50|,,,,,Water
|inactive|Battle timer is ON: inactive players will automatically lose when time's up. (requested by Chaoticfarmer)
|inactive|Chaoticfarmer has 60 seconds left.
|inactive|C.blaze has 60 seconds left.
|
|t:|1757905330
|teamsize|p1|4
|teamsize|p2|4
|start
|switch|p1a: Malamar|Malamar, L50, F|100/100
|switch|p1b: Rillaboom|Rillaboom, L50, M|100/100
|switch|p2a: Tauros|Tauros-Paldea-Blaze, L50, M|100/100
|switch|p2b: Dragonite|Dragonite, L50, F|100/100
|-ability|p2a: Tauros|Intimidate|boost
|-boost|p1a: Malamar|atk|1
|-unboost|p1b: Rillaboom|atk|1
|-fieldstart|move: Grassy Terrain|[from] ability: Grassy Surge|[of] p1b: Rillaboom
|turn|1
|
|t:|1757905348
|move|p1b: Rillaboom|Fake Out|p2a: Tauros
|-damage|p2a: Tauros|89/100
|cant|p2a: Tauros|flinch
|move|p2b: Dragonite|Haze|p2b: Dragonite
|-clearallboost
|move|p1a: Malamar|Trick Room|p1a: Malamar
|-fieldstart|move: Trick Room|[of] p1a: Malamar
|
|-heal|p2a: Tauros|95/100|[from] Grassy Terrain
|upkeep
|turn|2
|
|t:|1757905368
|move|p1a: Malamar|Knock Off|p2b: Dragonite
|-crit|p2b: Dragonite
|-damage|p2b: Dragonite|71/100
|-enditem|p2b: Dragonite|Loaded Dice|[from] move: Knock Off|[of] p1a: Malamar
|move|p1b: Rillaboom|U-turn|p2a: Tauros
|-resisted|p2a: Tauros
|-damage|p2a: Tauros|88/100
|
|t:|1757905377
|switch|p1b: Pelipper|Pelipper, L50, F|100/100|[from] U-turn
|-weather|RainDance|[from] ability: Drizzle|[of] p1b: Pelipper
|move|p2b: Dragonite|Scale Shot|p1b: Pelipper
|-damage|p1b: Pelipper|82/100
|-damage|p1b: Pelipper|62/100
|-hitcount|p1b: Pelipper|2
|-unboost|p2b: Dragonite|def|1
|-boost|p2b: Dragonite|spe|1
|move|p2a: Tauros|Will-O-Wisp|p1a: Malamar
|-status|p1a: Malamar|brn
|
|-weather|RainDance|[upkeep]
|-heal|p2a: Tauros|94/100|[from] Grassy Terrain
|-damage|p1a: Malamar|94/100 brn|[from] brn
|upkeep
|turn|3
|
|t:|1757905397
|move|p2a: Tauros|Protect|p2a: Tauros
|-singleturn|p2a: Tauros|Protect
|move|p1a: Malamar|Superpower|p2b: Dragonite
|-resisted|p2b: Dragonite
|-damage|p2b: Dragonite|59/100
|-boost|p1a: Malamar|atk|1
|-boost|p1a: Malamar|def|1
|move|p1b: Pelipper|Hurricane|p2a: Tauros
|-activate|p2a: Tauros|move: Protect
|move|p2b: Dragonite|Scale Shot|p1b: Pelipper
|-damage|p1b: Pelipper|42/100
|-damage|p1b: Pelipper|25/100
|-hitcount|p1b: Pelipper|2
|-unboost|p2b: Dragonite|def|1
|-boost|p2b: Dragonite|spe|1
|
|-weather|RainDance|[upkeep]
|-heal|p1a: Malamar|100/100 brn|[from] Grassy Terrain
|-heal|p2a: Tauros|99/100|[from] Grassy Terrain
|-damage|p1a: Malamar|94/100 brn|[from] brn
|upkeep
|turn|4
|
|t:|1757905417
|switch|p2a: Gholdengo|Gholdengo, L50|100/100
|move|p1a: Malamar|Superpower|p2a: Gholdengo
|-immune|p2a: Gholdengo
|move|p1b: Pelipper|Hurricane|p2b: Dragonite
|-damage|p2b: Dragonite|7/100
|move|p2b: Dragonite|Scale Shot|p1b: Pelipper
|-damage|p1b: Pelipper|7/100
|-damage|p1b: Pelipper|0 fnt
|faint|p1b: Pelipper
|-hitcount|p1: Pelipper|2
|-unboost|p2b: Dragonite|def|1
|-boost|p2b: Dragonite|spe|1
|
|-weather|RainDance|[upkeep]
|-heal|p1a: Malamar|100/100 brn|[from] Grassy Terrain
|-damage|p1a: Malamar|94/100 brn|[from] brn
|upkeep
|
|t:|1757905435
|switch|p1b: Ursaluna|Ursaluna-Bloodmoon, L50, M|100/100
|turn|5
|
|t:|1757905443
|move|p2a: Gholdengo|Protect|p2a: Gholdengo
|-singleturn|p2a: Gholdengo|Protect
|move|p2b: Dragonite|Protect|p2b: Dragonite
|-singleturn|p2b: Dragonite|Protect
|move|p1b: Ursaluna|Earth Power|p2a: Gholdengo
|-activate|p2a: Gholdengo|move: Protect
|move|p1a: Malamar|Knock Off|p2b: Dragonite
|-activate|p2b: Dragonite|move: Protect
|
|-weather|RainDance|[upkeep]
|-heal|p1a: Malamar|100/100 brn|[from] Grassy Terrain
|-damage|p1a: Malamar|94/100 brn|[from] brn
|-fieldend|move: Trick Room
|-fieldend|move: Grassy Terrain
|upkeep
|turn|6
|
|t:|1757905459
|move|p1b: Ursaluna|Protect|p1b: Ursaluna
|-singleturn|p1b: Ursaluna|Protect
|move|p2b: Dragonite|Haze|p2b: Dragonite
|-clearallboost
|move|p2a: Gholdengo|Make It Rain|p1b: Ursaluna|[spread] p1a
|-activate|p1b: Ursaluna|move: Protect
|-damage|p1a: Malamar|12/100 brn
|-unboost|p2a: Gholdengo|spa|1
|-damage|p2a: Gholdengo|91/100|[from] item: Life Orb
|move|p1a: Malamar|Trick Room|p1a: Malamar
|-fieldstart|move: Trick Room|[of] p1a: Malamar
|
|-weather|none
|-damage|p1a: Malamar|6/100 brn|[from] brn
|upkeep
|turn|7
|
|t:|1757905477
|move|p2a: Gholdengo|Protect|p2a: Gholdengo
|-singleturn|p2a: Gholdengo|Protect
|move|p2b: Dragonite|Protect|p2b: Dragonite
|-singleturn|p2b: Dragonite|Protect
|move|p1b: Ursaluna|Earth Power|p2a: Gholdengo
|-activate|p2a: Gholdengo|move: Protect
|move|p1a: Malamar|Knock Off|p2b: Dragonite
|-activate|p2b: Dragonite|move: Protect
|
|-damage|p1a: Malamar|0 fnt|[from] brn
|faint|p1a: Malamar
|upkeep
|
|t:|1757905482
|switch|p1a: Rillaboom|Rillaboom, L50, M|100/100
|-fieldstart|move: Grassy Terrain|[from] ability: Grassy Surge|[of] p1a: Rillaboom
|turn|8
|
|t:|1757905495
|move|p1b: Ursaluna|Earth Power|p2a: Gholdengo
|-supereffective|p2a: Gholdengo
|-damage|p2a: Gholdengo|0 fnt
|faint|p2a: Gholdengo
|move|p1a: Rillaboom|Wood Hammer|p2b: Dragonite
|-resisted|p2b: Dragonite
|-damage|p2b: Dragonite|0 fnt
|faint|p2b: Dragonite
|-damage|p1a: Rillaboom|98/100|[from] Recoil
|
|-heal|p1a: Rillaboom|100/100|[from] Grassy Terrain
|upkeep
|
|t:|1757905501
|switch|p2a: Tauros|Tauros-Paldea-Blaze, L50, M|99/100
|switch|p2b: Tyranitar|Tyranitar, L50, M|100/100
|-weather|Sandstorm|[from] ability: Sand Stream|[of] p2b: Tyranitar
|-ability|p2a: Tauros|Intimidate|boost
|-unboost|p1a: Rillaboom|atk|1
|-unboost|p1b: Ursaluna|atk|1
|turn|9
|
|t:|1757905524
|-terastallize|p2b: Tyranitar|Flying
|-terastallize|p1b: Ursaluna|Electric
|move|p2a: Tauros|Protect|p2a: Tauros
|-singleturn|p2a: Tauros|Protect
|move|p2b: Tyranitar|Knock Off|p1b: Ursaluna
|-damage|p1b: Ursaluna|55/100
|-enditem|p1b: Ursaluna|Safety Goggles|[from] move: Knock Off|[of] p2b: Tyranitar
|move|p1b: Ursaluna|Earth Power|p2a: Tauros
|-activate|p2a: Tauros|move: Protect
|move|p1a: Rillaboom|Wood Hammer|p2b: Tyranitar
|-resisted|p2b: Tyranitar
|-damage|p2b: Tyranitar|80/100
|-damage|p1a: Rillaboom|93/100|[from] Recoil
|
|-weather|Sandstorm|[upkeep]
|-damage|p2b: Tyranitar|74/100|[from] Sandstorm
|-damage|p1b: Ursaluna|50/100|[from] Sandstorm
|-damage|p1a: Rillaboom|87/100|[from] Sandstorm
|-heal|p1b: Ursaluna|55/100|[from] Grassy Terrain
|-heal|p1a: Rillaboom|93/100|[from] Grassy Terrain
|-heal|p2a: Tauros|100/100|[from] Grassy Terrain
|upkeep
|turn|10
|
|t:|1757905543
|move|p2b: Tyranitar|Rock Slide|p1a: Rillaboom|[spread] p1a,p1b
|-damage|p1a: Rillaboom|60/100
|-damage|p1b: Ursaluna|32/100
|move|p1b: Ursaluna|Earth Power|p2a: Tauros
|-supereffective|p2a: Tauros
|-damage|p2a: Tauros|0 fnt
|faint|p2a: Tauros
|move|p1a: Rillaboom|Wood Hammer|p2b: Tyranitar
|-resisted|p2b: Tyranitar
|-damage|p2b: Tyranitar|53/100
|-damage|p1a: Rillaboom|52/100|[from] Recoil
|
|-weather|Sandstorm|[upkeep]
|-damage|p2b: Tyranitar|47/100|[from] Sandstorm
|-damage|p1b: Ursaluna|26/100|[from] Sandstorm
|-damage|p1a: Rillaboom|47/100|[from] Sandstorm
|-heal|p1b: Ursaluna|32/100|[from] Grassy Terrain
|-heal|p1a: Rillaboom|52/100|[from] Grassy Terrain
|-fieldend|move: Trick Room
|upkeep
|turn|11
|
|t:|1757905558
|move|p1a: Rillaboom|Wood Hammer|p2b: Tyranitar
|-resisted|p2b: Tyranitar
|-crit|p2b: Tyranitar
|-damage|p2b: Tyranitar|0 fnt
|faint|p2b: Tyranitar
|-damage|p1a: Rillaboom|35/100|[from] Recoil
|
|win|Chaoticfarmer
||C.blaze is ready for game 2.
||Chaoticfarmer is ready for game 2.
|uhtml|next|Next: Game 2 of 3
