|j|☆GubGubFan
|j|☆Jillyboy
|html|GubGubFanJillyboy    
|uhtml|bestof|Game 1 of a best-of-3
|t:|1757133153
|gametype|doubles
|player|p1|GubGubFan|gladion-stance|1127
|player|p2|Jillyboy|102|1005
|gen|9
|tier|[Gen 9] VGC 2025 Reg H (Bo3)
|rated|
|rule|Species Clause: Limit one of each Pokémon
|rule|Item Clause: Limit 1 of each item
|clearpoke
|poke|p1|Tyranitar, L50, F|
|poke|p1|Excadrill, L50, F|
|poke|p1|Basculegion, L50, M|
|poke|p1|Incineroar, L50, M|
|poke|p1|Volcarona, L50, M|
|poke|p1|Dragonite, L50, F|
|poke|p2|Tyranitar, L50, F|
|poke|p2|Electabuzz, L50, M|
|poke|p2|Indeedee, L50, M|
|poke|p2|Excadrill, L50, F|
|poke|p2|Sneasler, L50, F|
|poke|p2|Corviknight, L50, M|
|teampreview|4
|showteam|p1|Tyranitar||AssaultVest|SandStream|RockSlide,KnockOff,LowKick,TeraBlast|||F|||50|,,,,,Flying]Excadrill||FocusSash|SandRush|Earthquake,HighHorsepower,IronHead,Protect|||F|||50|,,,,,Ground]Basculegion||ChoiceScarf|Adaptability|WaveCrash,FlipTurn,AquaJet,LastRespects|||M|||50|,,,,,Grass]Incineroar||SafetyGoggles|Intimidate|FakeOut,KnockOff,PartingShot,FlareBlitz|||M|||50|,,,,,Ghost]Volcarona||Leftovers|FlameBody|HeatWave,QuiverDance,TeraBlast,Protect|||M|||50|,,,,,Fairy]Dragonite||LoadedDice|Multiscale|Protect,Tailwind,ScaleShot,Haze|||F|||50|,,,,,Fairy
|showteam|p2|Tyranitar||AssaultVest|SandStream|RockSlide,KnockOff,LowKick,TeraBlast|||F|||50|,,,,,Flying]Electabuzz||Eviolite|VitalSpirit|Electroweb,FollowMe,Protect,Thunderbolt|||M|||50|,,,,,Flying]Indeedee||ChoiceScarf|PsychicSurge|ExpandingForce,TeraBlast,TrickRoom,Protect|||M|||50|,,,,,Psychic]Excadrill||FocusSash|SandRush|Earthquake,IronHead,SwordsDance,Protect|||F|||50|,,,,,Ground]Sneasler||WhiteHerb|PoisonTouch|FakeOut,CloseCombat,DireClaw,ThroatChop|||F|||50|,,,,,Flying]Corviknight||PsychicSeed|MirrorArmor|BraveBird,PowerTrip,BulkUp,Roost|||M|||50|,,,,,Water
|inactive|Battle timer is ON: inactive players will automatically lose when time's up. (requested by Jillyboy)
|
|t:|1757133230
|teamsize|p1|4
|teamsize|p2|4
|start
|switch|p1a: Incineroar|Incineroar, L50, M|100/100
|switch|p1b: Basculegion|Basculegion, L50, M|100/100
|switch|p2a: Corviknight|Corviknight, L50, M|100/100
|switch|p2b: Electabuzz|Electabuzz, L50, M|100/100
|-ability|p1a: Incineroar|Intimidate|boost
|-ability|p2a: Corviknight|Mirror Armor
|-unboost|p1a: Incineroar|atk|1
|-unboost|p2b: Electabuzz|atk|1
|turn|1
|
|t:|1757133252
|move|p2b: Electabuzz|Follow Me|p2b: Electabuzz
|-singleturn|p2b: Electabuzz|move: Follow Me
|move|p1b: Basculegion|Flip Turn|p2b: Electabuzz
|-damage|p2b: Electabuzz|74/100
|
|t:|1757133267
|switch|p1b: Tyranitar|Tyranitar, L50, F|100/100|[from] Flip Turn
|-weather|Sandstorm|[from] ability: Sand Stream|[of] p1b: Tyranitar
|move|p1a: Incineroar|Knock Off|p2b: Electabuzz
|-damage|p2b: Electabuzz|56/100
|-enditem|p2b: Electabuzz|Eviolite|[from] move: Knock Off|[of] p1a: Incineroar
|move|p2a: Corviknight|Bulk Up|p2a: Corviknight
|-boost|p2a: Corviknight|atk|1
|-boost|p2a: Corviknight|def|1
|
|-weather|Sandstorm|[upkeep]
|-damage|p2b: Electabuzz|50/100|[from] Sandstorm
|upkeep
|turn|2
|
|t:|1757133290
|-terastallize|p2a: Corviknight|Water
|move|p2b: Electabuzz|Protect|p2b: Electabuzz
|-singleturn|p2b: Electabuzz|Protect
|move|p1a: Incineroar|Flare Blitz|p2a: Corviknight
|-resisted|p2a: Corviknight
|-damage|p2a: Corviknight|93/100
|-damage|p1a: Incineroar|98/100|[from] Recoil
|move|p1b: Tyranitar|Rock Slide|p2b: Electabuzz|[spread] p2a
|-activate|p2b: Electabuzz|move: Protect
|-damage|p2a: Corviknight|78/100
|cant|p2a: Corviknight|flinch
|
|-weather|Sandstorm|[upkeep]
|-damage|p2b: Electabuzz|45/100|[from] Sandstorm
|-damage|p2a: Corviknight|72/100|[from] Sandstorm
|upkeep
|turn|3
|inactive|Jillyboy has 30 seconds left.
|
|t:|1757133320
|switch|p2b: Excadrill|Excadrill, L50, F|100/100
|move|p1a: Incineroar|Knock Off|p2a: Corviknight
|-damage|p2a: Corviknight|61/100
|-enditem|p2a: Corviknight|Psychic Seed|[from] move: Knock Off|[of] p1a: Incineroar
|move|p1b: Tyranitar|Rock Slide|p2b: Excadrill|[spread] p2a,p2b
|-resisted|p2b: Excadrill
|-damage|p2a: Corviknight|47/100
|-damage|p2b: Excadrill|88/100
|move|p2a: Corviknight|Brave Bird|p1a: Incineroar
|-damage|p1a: Incineroar|53/100
|-damage|p2a: Corviknight|32/100|[from] Recoil
|
|-weather|Sandstorm|[upkeep]
|-damage|p2a: Corviknight|26/100|[from] Sandstorm
|upkeep
|turn|4
|inactive|GubGubFan has 30 seconds left.
|inactive|Jillyboy has 30 seconds left.
|inactive|GubGubFan has 20 seconds left.
|inactive|GubGubFan has 15 seconds left.
|inactive|GubGubFan has 10 seconds left.
|inactive|GubGubFan has 5 seconds left.
|
|t:|1757133371
|switch|p1a: Volcarona|Volcarona, L50, M|100/100
|-terastallize|p1b: Tyranitar|Flying
|move|p2b: Excadrill|Iron Head|p1b: Tyranitar
|-damage|p1b: Tyranitar|64/100
|move|p1b: Tyranitar|Low Kick|p2b: Excadrill
|-supereffective|p2b: Excadrill
|-damage|p2b: Excadrill|15/100
|move|p2a: Corviknight|Roost|p2a: Corviknight
|-heal|p2a: Corviknight|77/100
|
|-weather|Sandstorm|[upkeep]
|-damage|p1a: Volcarona|94/100|[from] Sandstorm
|-damage|p1b: Tyranitar|58/100|[from] Sandstorm
|-damage|p2a: Corviknight|71/100|[from] Sandstorm
|-heal|p1a: Volcarona|100/100|[from] item: Leftovers
|upkeep
|turn|5
|inactive|Jillyboy has 30 seconds left.
|
|t:|1757133402
|move|p2b: Excadrill|Iron Head|p1a: Volcarona
|-resisted|p1a: Volcarona
|-damage|p1a: Volcarona|77/100
|cant|p1a: Volcarona|flinch
|move|p1b: Tyranitar|Tera Blast|p2a: Corviknight|[anim] Tera Blast Flying
|-damage|p2a: Corviknight|49/100
|move|p2a: Corviknight|Brave Bird|p1a: Volcarona
|-supereffective|p1a: Volcarona
|-damage|p1a: Volcarona|0 fnt
|-status|p2a: Corviknight|brn|[from] ability: Flame Body|[of] p1a: Volcarona
|faint|p1a: Volcarona
|-damage|p2a: Corviknight|25/100 brn|[from] Recoil
|
|-weather|none
|-damage|p2a: Corviknight|20/100 brn|[from] brn
|upkeep
|
|t:|1757133412
|switch|p1a: Basculegion|Basculegion, L50, M|100/100
|turn|6
|inactive|Jillyboy has 30 seconds left.
|
|t:|1757133444
|switch|p2a: Tyranitar|Tyranitar, L50, F|100/100
|-weather|Sandstorm|[from] ability: Sand Stream|[of] p2a: Tyranitar
|move|p2b: Excadrill|Protect|p2b: Excadrill
|-singleturn|p2b: Excadrill|Protect
|move|p1a: Basculegion|Flip Turn|p2b: Excadrill
|-activate|p2b: Excadrill|move: Protect
|move|p1b: Tyranitar|Tera Blast|p2a: Tyranitar|[anim] Tera Blast Flying
|-resisted|p2a: Tyranitar
|-damage|p2a: Tyranitar|80/100
|
|-weather|Sandstorm|[upkeep]
|-damage|p1a: Basculegion|94/100|[from] Sandstorm
|-damage|p1b: Tyranitar|53/100|[from] Sandstorm
|upkeep
|turn|7
|inactive|Jillyboy has 30 seconds left.
|
|t:|1757133472
|switch|p1a: Incineroar|Incineroar, L50, M|53/100
|-ability|p1a: Incineroar|Intimidate|boost
|-unboost|p2a: Tyranitar|atk|1
|-unboost|p2b: Excadrill|atk|1
|move|p2b: Excadrill|Iron Head|p1a: Incineroar
|-resisted|p1a: Incineroar
|-damage|p1a: Incineroar|42/100
|move|p2a: Tyranitar|Knock Off|p1a: Incineroar
|-resisted|p1a: Incineroar
|-damage|p1a: Incineroar|26/100
|-enditem|p1a: Incineroar|Safety Goggles|[from] move: Knock Off|[of] p2a: Tyranitar
|move|p1b: Tyranitar|Low Kick|p2a: Tyranitar
|-supereffective|p2a: Tyranitar
|-damage|p2a: Tyranitar|0 fnt
|faint|p2a: Tyranitar
|
|-weather|Sandstorm|[upkeep]
|-damage|p1a: Incineroar|20/100|[from] Sandstorm
|-damage|p1b: Tyranitar|47/100|[from] Sandstorm
|upkeep
|
|t:|1757133487
|switch|p2a: Corviknight|Corviknight, L50, M, tera:Water|20/100 brn
|turn|8
|
|t:|1757133498
|move|p1a: Incineroar|Fake Out|p2a: Corviknight
|-damage|p2a: Corviknight|12/100 brn
|move|p2b: Excadrill|Earthquake|p1a: Incineroar|[spread] p2a,p1a
|-immune|p1b: Tyranitar
|-supereffective|p1a: Incineroar
|-damage|p2a: Corviknight|0 fnt
|-damage|p1a: Incineroar|0 fnt
|faint|p2a: Corviknight
|faint|p1a: Incineroar
|move|p1b: Tyranitar|Tera Blast|p2b: Excadrill|[anim] Tera Blast Flying
|-resisted|p2b: Excadrill
|-damage|p2b: Excadrill|0 fnt
|faint|p2b: Excadrill
|
|-weather|Sandstorm|[upkeep]
|-damage|p1b: Tyranitar|41/100|[from] Sandstorm
|upkeep
|
|t:|1757133508
|switch|p2b: Electabuzz|Electabuzz, L50, M|45/100
|switch|p1a: Basculegion|Basculegion, L50, M|94/100
|turn|9
|
|t:|1757133522
|move|p1a: Basculegion|Last Respects|p2b: Electabuzz
|-damage|p2b: Electabuzz|0 fnt
|faint|p2b: Electabuzz
|
|win|GubGubFan
|l|☆Jillyboy
|player|p2|
||GubGubFan is ready for game 2.
|inactive|Jillyboy has 30 seconds to confirm battle start!
|inactive|Jillyboy has 20 seconds to confirm battle start!
|inactive|Jillyboy has 10 seconds to confirm battle start!
|uhtml|next|Next: Game 2 of 3
