|j|☆LetherOCE
|j|☆BerryCekodok
|html|LetherOCEBerryCekodok    
|uhtml|bestof|Game 2 of a best-of-3
|t:|1757739139
|gametype|doubles
|player|p1|LetherOCE|steven|1151
|player|p2|BerryCekodok|pokefan|1129
|gen|9
|tier|[Gen 9] VGC 2025 Reg H (Bo3)
|rated|
|rule|Species Clause: Limit one of each Pokémon
|rule|Item Clause: Limit 1 of each item
|clearpoke
|poke|p1|Sneasler, L50, M|
|poke|p1|Garchomp, L50, M|
|poke|p1|Corviknight, L50, M|
|poke|p1|Volcarona, L50, M|
|poke|p1|Primarina, L50, F|
|poke|p1|Rillaboom, L50, M|
|poke|p2|Porygon2, L50|
|poke|p2|Ursaluna, L50, F|
|poke|p2|Incineroar, L50, F|
|poke|p2|Amoonguss, L50, F|
|poke|p2|Gholdengo, L50|
|poke|p2|Flamigo, L50, F|
|teampreview|4
|showteam|p1|Sneasler||FocusSash|PoisonTouch|FakeOut,DireClaw,CloseCombat,Coaching|||M|||50|,,,,,Ghost]Garchomp||LifeOrb|RoughSkin|Protect,SwordsDance,StompingTantrum,DragonClaw|||M|||50|,,,,,Fairy]Corviknight||Leftovers|MirrorArmor|BraveBird,BodyPress,BulkUp,Roost|||M|||50|,,,,,Dragon]Volcarona||SafetyGoggles|FlameBody|FieryDance,Tailwind,RagePowder,StruggleBug|||M|||50|,,,,,Steel]Primarina||SitrusBerry|LiquidVoice|Protect,HyperVoice,Moonblast,Haze|||F|||50|,,,,,Poison]Rillaboom||AssaultVest|GrassySurge|FakeOut,GrassyGlide,HighHorsepower,WoodHammer|||M|||50|,,,,,Fire
|showteam|p2|Porygon2||Eviolite|Download|TeraBlast,IceBeam,TrickRoom,Recover||||||50|,,,,,Fighting]Ursaluna||FlameOrb|Guts|Facade,HeadlongRush,Earthquake,Protect|||F|||50|,,,,,Ghost]Incineroar||SafetyGoggles|Intimidate|FlareBlitz,KnockOff,FakeOut,PartingShot|||F|||50|,,,,,Ghost]Amoonguss||SitrusBerry|Regenerator|PollenPuff,Protect,Spore,RagePowder|||F|||50|,,,,,Fairy]Gholdengo||LifeOrb|GoodasGold|MakeItRain,ShadowBall,Protect,NastyPlot||||||50|,,,,,Dragon]Flamigo||FocusSash|Scrappy|CloseCombat,DualWingbeat,Detect,WideGuard|||F|||50|,,,,,Stellar
|
|t:|1757739169
|teamsize|p1|4
|teamsize|p2|4
|start
|switch|p1a: Sneasler|Sneasler, L50, M|100/100
|switch|p1b: Corviknight|Corviknight, L50, M|100/100
|switch|p2a: Bling|Gholdengo, L50|100/100
|switch|p2b: Squishy|Porygon2, L50|100/100
|-ability|p2b: Squishy|Download|boost
|-boost|p2b: Squishy|atk|1
|turn|1
|
|t:|1757739218
|switch|p1b: Volcarona|Volcarona, L50, M|100/100
|move|p1a: Sneasler|Dire Claw|p2b: Squishy
|-damage|p2b: Squishy|73/100
|-status|p2b: Squishy|slp
|move|p2a: Bling|Nasty Plot|p2a: Bling
|-boost|p2a: Bling|spa|2
|cant|p2b: Squishy|slp
|
|upkeep
|turn|2
|
|t:|1757739262
|switch|p2b: Hunter|Incineroar, L50, F|100/100
|-ability|p2b: Hunter|Intimidate|boost
|-unboost|p1a: Sneasler|atk|1
|-unboost|p1b: Volcarona|atk|1
|move|p1a: Sneasler|Close Combat|p2b: Hunter
|-supereffective|p2b: Hunter
|-damage|p2b: Hunter|22/100
|-unboost|p1a: Sneasler|def|1
|-unboost|p1a: Sneasler|spd|1
|-status|p2b: Hunter|psn|[from] ability: Poison Touch|[of] p1a: Sneasler
|move|p2a: Bling|Shadow Ball|p1b: Volcarona
|-damage|p1b: Volcarona|12/100
|-unboost|p1b: Volcarona|spd|1
|-damage|p2a: Bling|91/100|[from] item: Life Orb
|move|p1b: Volcarona|Fiery Dance|p2a: Bling
|-supereffective|p2a: Bling
|-damage|p2a: Bling|9/100
|-boost|p1b: Volcarona|spa|1
|
|-damage|p2b: Hunter|10/100 psn|[from] psn
|upkeep
|turn|3
|
|t:|1757739299
|switch|p1a: Primarina|Primarina, L50, F|100/100
|move|p2b: Hunter|Fake Out|p1a: Primarina
|-damage|p1a: Primarina|88/100
|move|p2a: Bling|Make It Rain|p1a: Primarina|[spread] p1a,p1b
|-resisted|p1b: Volcarona
|-damage|p1a: Primarina|0 fnt
|-damage|p1b: Volcarona|0 fnt
|-unboost|p2a: Bling|spa|1
|faint|p1a: Primarina
|faint|p1b: Volcarona
|-damage|p2a: Bling|0 fnt|[from] item: Life Orb
|faint|p2a: Bling
|
|-damage|p2b: Hunter|0 fnt|[from] psn
|faint|p2b: Hunter
|upkeep
|
|t:|1757739315
|switch|p2a: Squishy|Porygon2, L50|73/100 slp
|switch|p1b: Sneasler|Sneasler, L50, M|100/100
|switch|p2b: Bearfoot|Ursaluna, L50, F|100/100
|switch|p1a: Corviknight|Corviknight, L50, M|100/100
|-ability|p2a: Squishy|Download|boost
|-boost|p2a: Squishy|atk|1
|turn|4
|
|t:|1757739336
|move|p2b: Bearfoot|Protect|p2b: Bearfoot
|-singleturn|p2b: Bearfoot|Protect
|move|p1b: Sneasler|Coaching|p1a: Corviknight
|-boost|p1a: Corviknight|atk|1
|-boost|p1a: Corviknight|def|1
|move|p1a: Corviknight|Bulk Up|p1a: Corviknight
|-boost|p1a: Corviknight|atk|1
|-boost|p1a: Corviknight|def|1
|cant|p2a: Squishy|slp
|
|-status|p2b: Bearfoot|brn|[from] item: Flame Orb
|upkeep
|turn|5
|
|t:|1757739369
|-terastallize|p2b: Bearfoot|Ghost
|move|p1b: Sneasler|Close Combat|p2a: Squishy
|-supereffective|p2a: Squishy
|-damage|p2a: Squishy|0 fnt
|-unboost|p1b: Sneasler|def|1
|-unboost|p1b: Sneasler|spd|1
|faint|p2a: Squishy
|move|p1a: Corviknight|Brave Bird|p2b: Bearfoot
|-damage|p2b: Bearfoot|39/100 brn
|-damage|p1a: Corviknight|77/100|[from] Recoil
|move|p2b: Bearfoot|Facade|p1b: Sneasler
|-enditem|p1b: Sneasler|Focus Sash
|-damage|p1b: Sneasler|1/100
|
|-heal|p1a: Corviknight|83/100|[from] item: Leftovers
|-damage|p2b: Bearfoot|33/100 brn|[from] brn
|upkeep
|turn|6
|-message|BerryCekodok forfeited.
|raw|LetherOCE's rating: 1151 → 1174(+23 for winning)
|raw|BerryCekodok's rating: 1129 → 1106(-23 for losing)
|
|win|LetherOCE
|l|☆BerryCekodok
|player|p2|
|l|☆LetherOCE
|player|p1|
