|j|☆franklin777
|j|☆GS Barnabe
|html|franklin777GS Barnabe    
|uhtml|bestof|Game 3 of a best-of-3
|t:|1785723771
|gametype|doubles
|player|p1|franklin777|170|1211
|player|p2|GS Barnabe|265|1327
|gen|9
|tier|[Gen 9 Champions] VGC 2026 Reg M-B (Bo3)
|rated|
|rule|Species Clause: Limit one of each Pokémon
|rule|Item Clause: Limit 1 of each item
|clearpoke
|poke|p1|Charizard, L50, F, shiny|
|poke|p1|Kingambit, L50, M|
|poke|p1|Basculegion, L50, M, shiny|
|poke|p1|Maushold, L50|
|poke|p1|Ninetales-Alola, L50, M, shiny|
|poke|p1|Gyarados, L50, F, shiny|
|poke|p2|Clefable, L50, M|
|poke|p2|Tyranitar, L50, F|
|poke|p2|Garchomp, L50, M|
|poke|p2|Gholdengo, L50|
|poke|p2|Rotom-Wash, L50|
|poke|p2|Aerodactyl, L50, F|
|teampreview|4
|showteam|p1|Charizard||CharizarditeX|Blaze|DragonDance,Protect,DragonClaw,FlareBlitz|Adamant||F|||50|]Kingambit||BlackGlasses|Defiant|KowtowCleave,IronHead,SuckerPunch,Protect|Adamant||M|||50|]Basculegion||ChoiceScarf|Adaptability|FlipTurn,LastRespects,WaveCrash,AquaJet|Jolly||M|||50|]Maushold||WideLens|Technician|PopulationBomb,Encore,Protect,FollowMe|Jolly|||||50|]Ninetales-Alola||LightClay|SnowWarning|AuroraVeil,Disable,Blizzard,Protect|Timid||M|||50|]Gyarados||Leftovers|Intimidate|Waterfall,ThunderWave,Taunt,HelpingHand|Careful||F|||50|
|showteam|p2|Clefable||SitrusBerry|Unaware|Moonblast,HelpingHand,FollowMe,Protect|Bold||M|||50|]Tyranitar||ChoiceScarf|SandStream|RockSlide,KnockOff,IcePunch,Superpower|Jolly||F|||50|]Garchomp||Garchompite|SandVeil|DracoMeteor,EarthPower,PowerGem,Protect|Modest||M|||50|]Gholdengo||LifeOrb|GoodasGold|MakeItRain,ShadowBall,NastyPlot,Protect|Modest|||||50|]Rotom-Wash||Leftovers|Levitate|HydroPump,VoltSwitch,WillOWisp,Protect|Calm|||||50|]Aerodactyl||Aerodactylite|RockHead|RockSlide,DualWingbeat,Tailwind,Protect|Jolly||F|||50|
|inactive|Battle timer is ON: inactive players will automatically lose when time's up. (requested by franklin777)
|
|t:|1785723801
|teamsize|p1|4
|teamsize|p2|4
|start
|switch|p1a: Kingambit|Kingambit, L50, M|100/100
|switch|p1b: Basculegion|Basculegion, L50, M, shiny|100/100
|switch|p2a: Aerodactyl|Aerodactyl, L50, F|100/100
|switch|p2b: Rotom|Rotom-Wash, L50|100/100
|turn|1
|inactive|GS Barnabe has 30 seconds left.
|
|t:|1785723834
|move|p2a: Aerodactyl|Protect|p2a: Aerodactyl
|-singleturn|p2a: Aerodactyl|Protect
|move|p1b: Basculegion|Flip Turn|p2b: Rotom
|-resisted|p2b: Rotom|1
|-damage|p2b: Rotom|79/100
|
|t:|1785723840
|switch|p1b: Ninetales|Ninetales-Alola, L50, M, shiny|100/100|[from] Flip Turn
|-weather|Snowscape|[from] ability: Snow Warning|[of] p1b: Ninetales
|move|p2b: Rotom|Volt Switch|p1b: Ninetales
|-damage|p1b: Ninetales|75/100
|
|t:|1785723850
|switch|p2b: Tyranitar|Tyranitar, L50, F|100/100|[from] Volt Switch
|-weather|Sandstorm|[from] ability: Sand Stream|[of] p2b: Tyranitar
|move|p1a: Kingambit|Iron Head|p2a: Aerodactyl
|-activate|p2a: Aerodactyl|move: Protect
|
|-weather|Sandstorm|[upkeep]
|-damage|p1b: Ninetales|69/100|[from] Sandstorm
|upkeep
|turn|2
|
|t:|1785723868
|switch|p1b: Charizard|Charizard, L50, F, shiny|100/100
|switch|p1a: Basculegion|Basculegion, L50, M, shiny|100/100
|detailschange|p2a: Aerodactyl|Aerodactyl-Mega, L50, F
|-mega|p2a: Aerodactyl|Aerodactyl|Aerodactylite
|move|p2a: Aerodactyl|Tailwind|p2a: Aerodactyl
|-sidestart|p2: GS Barnabe|move: Tailwind
|move|p2b: Tyranitar|Superpower|p1a: Basculegion
|-immune|p1a: Basculegion
|
|-weather|Sandstorm|[upkeep]
|-damage|p1a: Basculegion|93/100|[from] Sandstorm
|-damage|p1b: Charizard|94/100|[from] Sandstorm
|upkeep
|turn|3
|inactive|GS Barnabe has 30 seconds left.
|
|t:|1785723900
|switch|p2b: Rotom|Rotom-Wash, L50|79/100
|detailschange|p1b: Charizard|Charizard-Mega-X, L50, F, shiny
|-mega|p1b: Charizard|Charizard|Charizardite X
|move|p2a: Aerodactyl|Rock Slide|p1a: Basculegion|[spread] p1a,p1b
|-crit|p1a: Basculegion
|-supereffective|p1b: Charizard|1
|-damage|p1a: Basculegion|41/100
|-damage|p1b: Charizard|34/100
|move|p1a: Basculegion|Wave Crash|p2a: Aerodactyl
|-supereffective|p2a: Aerodactyl|1
|-damage|p2a: Aerodactyl|0 fnt
|faint|p2a: Aerodactyl
|-damage|p1a: Basculegion|13/100|[from] Recoil
|cant|p1b: Charizard|flinch
|
|-weather|Sandstorm|[upkeep]
|-damage|p2b: Rotom|73/100|[from] Sandstorm
|-damage|p1a: Basculegion|7/100|[from] Sandstorm
|-damage|p1b: Charizard|29/100|[from] Sandstorm
|-heal|p2b: Rotom|79/100|[from] item: Leftovers
|upkeep
|inactive|GS Barnabe has 30 seconds left.
|
|t:|1785723926
|switch|p2a: Gholdengo|Gholdengo, L50|100/100
|turn|4
|inactive|GS Barnabe has 30 seconds left.
|
|t:|1785723952
|switch|p1a: Kingambit|Kingambit, L50, M|100/100
|move|p1b: Charizard|Protect|p1b: Charizard
|-singleturn|p1b: Charizard|Protect
|move|p2b: Rotom|Volt Switch|p1a: Kingambit
|-damage|p1a: Kingambit|73/100
|
|t:|1785723960
|switch|p2b: Tyranitar|Tyranitar, L50, F|100/100|[from] Volt Switch
|move|p2a: Gholdengo|Nasty Plot|p2a: Gholdengo
|-boost|p2a: Gholdengo|spa|2
|
|-weather|Sandstorm|[upkeep]
|-damage|p1b: Charizard|23/100|[from] Sandstorm
|upkeep
|turn|5
|
|t:|1785723981
|switch|p1b: Basculegion|Basculegion, L50, M, shiny|7/100
|move|p1a: Kingambit|Protect|p1a: Kingambit
|-singleturn|p1a: Kingambit|Protect
|move|p2b: Tyranitar|Superpower|p1a: Kingambit
|-activate|p1a: Kingambit|move: Protect
|move|p2a: Gholdengo|Make It Rain|p1b: Basculegion|[spread] p1b
|-activate|p1a: Kingambit|move: Protect
|-resisted|p1b: Basculegion|1
|-damage|p1b: Basculegion|0 fnt
|-unboost|p2a: Gholdengo|spa|2
|faint|p1b: Basculegion
|-damage|p2a: Gholdengo|90/100|[from] item: Life Orb
|
|-weather|none
|-sideend|p2: GS Barnabe|move: Tailwind
|upkeep
|
|t:|1785724001
|switch|p1b: Charizard|Charizard-Mega-X, L50, F, shiny|23/100
|turn|6
|
|t:|1785724011
|switch|p2a: Rotom|Rotom-Wash, L50|79/100
|switch|p1a: Ninetales|Ninetales-Alola, L50, M, shiny|69/100
|-weather|Snowscape|[from] ability: Snow Warning|[of] p1a: Ninetales
|move|p2b: Tyranitar|Superpower|p1a: Ninetales
|-damage|p1a: Ninetales|34/100
|-unboost|p2b: Tyranitar|atk|1
|-unboost|p2b: Tyranitar|def|1
|move|p1b: Charizard|Flare Blitz|p2a: Rotom
|-resisted|p2a: Rotom|1
|-damage|p2a: Rotom|34/100
|-damage|p1b: Charizard|8/100|[from] Recoil
|
|-weather|Snowscape|[upkeep]
|-heal|p2a: Rotom|40/100|[from] item: Leftovers
|upkeep
|turn|7
|inactive|GS Barnabe has 30 seconds left.
|inactive|GS Barnabe has 20 seconds left.
|
|t:|1785724047
|switch|p2b: Gholdengo|Gholdengo, L50|90/100
|switch|p1a: Kingambit|Kingambit, L50, M|73/100
|move|p1b: Charizard|Dragon Claw|p2a: Rotom
|-damage|p2a: Rotom|0 fnt
|faint|p2a: Rotom
|
|-weather|Snowscape|[upkeep]
|upkeep
|
|t:|1785724058
|switch|p2a: Tyranitar|Tyranitar, L50, F|100/100
|-weather|Sandstorm|[from] ability: Sand Stream|[of] p2a: Tyranitar
|turn|8
|j| ImYeicob
|n| ImYeicob|imyeicob
|n| ImYeicob|imyeicob
|
|t:|1785724073
|move|p1a: Kingambit|Protect|p1a: Kingambit
|-singleturn|p1a: Kingambit|Protect
|move|p2a: Tyranitar|Superpower|p1a: Kingambit
|-activate|p1a: Kingambit|move: Protect
|move|p1b: Charizard|Flare Blitz|p2b: Gholdengo
|-supereffective|p2b: Gholdengo|1
|-damage|p2b: Gholdengo|0 fnt
|faint|p2b: Gholdengo
|-damage|p1b: Charizard|0 fnt|[from] Recoil
|faint|p1b: Charizard
|
|-weather|Sandstorm|[upkeep]
|upkeep
|
|t:|1785724075
|switch|p1b: Ninetales|Ninetales-Alola, L50, M, shiny|34/100
|-weather|Snowscape|[from] ability: Snow Warning|[of] p1b: Ninetales
|turn|9
|
|t:|1785724088
|move|p1a: Kingambit|Protect||[still]
|-fail|p1a: Kingambit
|move|p2a: Tyranitar|Superpower|p1a: Kingambit
|-supereffective|p1a: Kingambit|2
|-damage|p1a: Kingambit|0 fnt
|-unboost|p2a: Tyranitar|atk|1
|-unboost|p2a: Tyranitar|def|1
|faint|p1a: Kingambit
|move|p1b: Ninetales|Disable|p2a: Tyranitar
|-start|p2a: Tyranitar|Disable|Superpower
|
|-weather|Snowscape|[upkeep]
|upkeep
|turn|10
|
|t:|1785724104
|-activate|p2a: Tyranitar|move: Struggle
|move|p2a: Tyranitar|Struggle|p1b: Ninetales
|-damage|p1b: Ninetales|24/100
|-damage|p2a: Tyranitar|74/100|[from] recoil
|move|p1b: Ninetales|Aurora Veil|p1b: Ninetales
|-sidestart|p1: franklin777|move: Aurora Veil
|
|-weather|Snowscape|[upkeep]
|upkeep
|turn|11
|
|t:|1785724113
|-activate|p2a: Tyranitar|move: Struggle
|move|p2a: Tyranitar|Struggle|p1b: Ninetales
|-damage|p1b: Ninetales|17/100
|-damage|p2a: Tyranitar|49/100|[from] recoil
|move|p1b: Ninetales|Blizzard|p2a: Tyranitar
|-damage|p2a: Tyranitar|13/100
|
|-weather|Snowscape|[upkeep]
|upkeep
|turn|12
|
|t:|1785724124
|-activate|p2a: Tyranitar|move: Struggle
|move|p2a: Tyranitar|Struggle|p1b: Ninetales
|-damage|p1b: Ninetales|10/100
|-damage|p2a: Tyranitar|0 fnt|[from] recoil
|faint|p2a: Tyranitar
|
|win|franklin777
|raw|franklin777's rating: 1211 → 1244(+33 for winning)
|raw|GS Barnabe's rating: 1327 → 1301(-26 for losing)
