|j|☆Pelosis
|j|☆aztral09
|html|Pelosisaztral09    
|uhtml|bestof|Game 1 of a best-of-3
|t:|1784315037
|gametype|doubles
|player|p1|Pelosis|266|1092
|player|p2|aztral09|170|1119
|gen|9
|tier|[Gen 9 Champions] VGC 2026 Reg M-B (Bo3)
|rated|
|rule|Species Clause: Limit one of each Pokémon
|rule|Item Clause: Limit 1 of each item
|clearpoke
|poke|p1|Mawile, L50, M|
|poke|p1|Farigiraf, L50, M|
|poke|p1|Incineroar, L50, F|
|poke|p1|Torkoal, L50, M|
|poke|p1|Venusaur, L50, M|
|poke|p1|Scrafty, L50, F|
|poke|p2|Aerodactyl, L50, F, shiny|
|poke|p2|Scrafty, L50, F|
|poke|p2|Farigiraf, L50, F|
|poke|p2|Sylveon, L50, M|
|poke|p2|Annihilape, L50, F|
|poke|p2|Sinistcha, L50|
|teampreview|4
|showteam|p1|Mawile||Mawilite|HyperCutter|Protect,PlayRough,RockSlide,SuckerPunch|Brave||M|||50|]Farigiraf||SitrusBerry|ArmorTail|TrickRoom,TwinBeam,Thunderbolt,HelpingHand|Quiet||M|||50|]Incineroar||WhiteHerb|Intimidate|FakeOut,CloseCombat,FlareBlitz,DarkestLariat|Brave||F|||50|]Torkoal||Charcoal|Drought|Protect,Eruption,HeatWave,WeatherBall|Quiet||M|||50|]Venusaur||FocusSash|Chlorophyll|SleepPowder,EarthPower,EnergyBall,SludgeBomb|Modest||M|||50|]Scrafty||Scraftinite|Intimidate|FakeOut,CloseCombat,KnockOff,IcePunch|Brave||F|||50|
|showteam|p2|Aerodactyl||Aerodactylite|Unnerve|RockSlide,Tailwind,IronHead,DualWingbeat|Adamant||F|||50|]Scrafty||Scraftinite|Intimidate|FakeOut,CloseCombat,KnockOff,Detect|Brave||F|||50|]Farigiraf||SitrusBerry|ArmorTail|Psychic,Thunderbolt,TrickRoom,Protect|Modest||F|||50|]Sylveon||FairyFeather|Pixilate|DrainingKiss,HyperVoice,QuickAttack,Detect|Quiet||M|||50|]Annihilape||FocusSash|Defiant|PhantomForce,DrainPunch,RockTomb,Protect|Jolly||F|||50|]Sinistcha||Leftovers|Hospitality|RagePowder,MatchaGotcha,LifeDew,Protect|Modest|||||50|
|inactive|Battle timer is ON: inactive players will automatically lose when time's up. (requested by aztral09)
|inactive|Pelosis has 60 seconds left.
|
|t:|1784315080
|teamsize|p1|4
|teamsize|p2|4
|start
|switch|p1a: Farigiraf|Farigiraf, L50, M|100/100
|switch|p1b: Incineroar|Incineroar, L50, F|100/100
|switch|p2a: Annihilape|Annihilape, L50, F|100/100
|switch|p2b: Aerodactyl|Aerodactyl, L50, F, shiny|100/100
|-ability|p2b: Aerodactyl|Unnerve
|-ability|p1b: Incineroar|Intimidate|boost
|-unboost|p2a: Annihilape|atk|1
|-ability|p2a: Annihilape|Defiant|boost
|-boost|p2a: Annihilape|atk|2
|-unboost|p2b: Aerodactyl|atk|1
|turn|1
|
|t:|1784315106
|detailschange|p2b: Aerodactyl|Aerodactyl-Mega, L50, F, shiny
|-mega|p2b: Aerodactyl|Aerodactyl|Aerodactylite
|move|p1b: Incineroar|Fake Out|p2b: Aerodactyl
|-resisted|p2b: Aerodactyl|1
|-damage|p2b: Aerodactyl|91/100
|cant|p2b: Aerodactyl|flinch
|move|p2a: Annihilape|Drain Punch|p1a: Farigiraf
|-damage|p1a: Farigiraf|45/100
|-enditem|p1a: Farigiraf|Sitrus Berry|[eat]
|-heal|p1a: Farigiraf|70/100|[from] item: Sitrus Berry
|move|p1a: Farigiraf|Trick Room|p1a: Farigiraf
|-fieldstart|move: Trick Room|[of] p1a: Farigiraf
|
|upkeep
|turn|2
|inactive|Pelosis has 30 seconds left.
|inactive|aztral09 has 30 seconds left.
|inactive|Pelosis has 20 seconds left.
|inactive|Pelosis has 15 seconds left.
|inactive|Pelosis has 10 seconds left.
|
|t:|1784315153
|move|p1b: Incineroar|Flare Blitz|p2b: Aerodactyl
|-resisted|p2b: Aerodactyl|1
|-damage|p2b: Aerodactyl|52/100
|-damage|p1b: Incineroar|89/100|[from] Recoil
|move|p1a: Farigiraf|Thunderbolt|p2b: Aerodactyl
|-supereffective|p2b: Aerodactyl|1
|-damage|p2b: Aerodactyl|0 fnt
|faint|p2b: Aerodactyl
|move|p2a: Annihilape|Phantom Force||[still]
|-prepare|p2a: Annihilape|Phantom Force
|
|upkeep
|
|t:|1784315165
|switch|p2b: Sylveon|Sylveon, L50, M|100/100
|turn|3
|
|t:|1784315181
|switch|p1a: Torkoal|Torkoal, L50, M|100/100
|-weather|SunnyDay|[from] ability: Drought|[of] p1a: Torkoal
|move|p2b: Sylveon|Hyper Voice|p1a: Torkoal|[spread] p1a,p1b
|-resisted|p1a: Torkoal|1
|-damage|p1a: Torkoal|66/100
|-damage|p1b: Incineroar|41/100
|move|p1b: Incineroar|Flare Blitz|p2b: Sylveon
|-damage|p2b: Sylveon|0 fnt
|faint|p2b: Sylveon
|-damage|p1b: Incineroar|8/100|[from] Recoil
|move|p2a: Annihilape|Phantom Force|p1b: Incineroar|[from] lockedmove
|-resisted|p1b: Incineroar|1
|-damage|p1b: Incineroar|0 fnt
|faint|p1b: Incineroar
|
|-weather|SunnyDay|[upkeep]
|upkeep
|
|t:|1784315197
|switch|p1b: Mawile|Mawile, L50, M|100/100
|switch|p2b: Scrafty|Scrafty, L50, F|100/100
|-ability|p2b: Scrafty|Intimidate|boost
|-unboost|p1a: Torkoal|atk|1
|-fail|p1b: Mawile|unboost|Attack|[from] ability: Hyper Cutter|[of] p1b: Mawile
|turn|4
|
|t:|1784315217
|switch|p1b: Farigiraf|Farigiraf, L50, M|70/100
|move|p2b: Scrafty|Fake Out||[still]
|cant|p1b: Farigiraf|ability: Armor Tail|Fake Out|[of] p2b: Scrafty
|move|p1a: Torkoal|Eruption|p2a: Annihilape|[spread] p2a,p2b
|-crit|p2b: Scrafty
|-damage|p2a: Annihilape|39/100
|-damage|p2b: Scrafty|23/100
|move|p2a: Annihilape|Phantom Force||[still]
|-prepare|p2a: Annihilape|Phantom Force
|
|-weather|SunnyDay|[upkeep]
|upkeep
|turn|5
|
|t:|1784315235
|move|p1a: Torkoal|Protect|p1a: Torkoal
|-singleturn|p1a: Torkoal|Protect
|move|p2b: Scrafty|Detect|p2b: Scrafty
|-singleturn|p2b: Scrafty|Protect
|move|p1b: Farigiraf|Thunderbolt|p2b: Scrafty
|-activate|p2b: Scrafty|move: Protect
|move|p2a: Annihilape|Phantom Force|p1a: Torkoal|[from] lockedmove
|-activate|p1a: Torkoal|move: Phantom Force|[broken]
|-damage|p1a: Torkoal|18/100
|
|-weather|SunnyDay|[upkeep]
|-fieldend|move: Trick Room
|upkeep
|turn|6
|inactive|Pelosis has 30 seconds left.
|inactive|aztral09 has 30 seconds left.
|
|t:|1784315262
|move|p2a: Annihilape|Drain Punch|p1a: Torkoal
|-damage|p1a: Torkoal|0 fnt
|-heal|p2a: Annihilape|48/100|[from] drain|[of] p1a: Torkoal
|faint|p1a: Torkoal
|move|p1b: Farigiraf|Thunderbolt|p2b: Scrafty
|-damage|p2b: Scrafty|1/100
|move|p2b: Scrafty|Knock Off|p1b: Farigiraf
|-supereffective|p1b: Farigiraf|1
|-damage|p1b: Farigiraf|18/100
|
|-weather|SunnyDay|[upkeep]
|upkeep
|
|t:|1784315272
|switch|p1a: Mawile|Mawile, L50, M|100/100
|turn|7
|
|t:|1784315291
|detailschange|p1a: Mawile|Mawile-Mega, L50, M
|-mega|p1a: Mawile|Mawile|Mawilite
|move|p1a: Mawile|Sucker Punch|p2a: Annihilape
|-damage|p2a: Annihilape|3/100
|move|p2a: Annihilape|Drain Punch|p1b: Farigiraf
|-damage|p1b: Farigiraf|0 fnt
|-heal|p2a: Annihilape|15/100|[from] drain|[of] p1b: Farigiraf
|faint|p1b: Farigiraf
|move|p2b: Scrafty|Close Combat|p1a: Mawile
|-damage|p1a: Mawile|49/100
|-unboost|p2b: Scrafty|def|1
|-unboost|p2b: Scrafty|spd|1
|
|-weather|none
|upkeep
|turn|8
|
|t:|1784315306
|move|p2a: Annihilape|Protect|p2a: Annihilape
|-singleturn|p2a: Annihilape|Protect
|move|p2b: Scrafty|Detect|p2b: Scrafty
|-singleturn|p2b: Scrafty|Protect
|move|p1a: Mawile|Sucker Punch||[still]
|-fail|p1a: Mawile
|
|upkeep
|turn|9
|
|t:|1784315322
|move|p1a: Mawile|Sucker Punch|p2a: Annihilape
|-damage|p2a: Annihilape|0 fnt
|faint|p2a: Annihilape
|move|p2b: Scrafty|Close Combat|p1a: Mawile
|-damage|p1a: Mawile|0 fnt
|-unboost|p2b: Scrafty|def|1
|-unboost|p2b: Scrafty|spd|1
|faint|p1a: Mawile
|
|win|aztral09
