|j|☆Hllday
|j|☆arlostanley
|html|Hlldayarlostanley    
|uhtml|bestof|Game 2 of a best-of-3
|t:|1757020892
|gametype|doubles
|player|p1|Hllday|265|
|player|p2|arlostanley|266|
|gen|9
|tier|[Gen 9] VGC 2025 Reg H (Bo3)
|rule|Species Clause: Limit one of each Pokémon
|rule|Item Clause: Limit 1 of each item
|clearpoke
|poke|p1|Murkrow, L50, F|
|poke|p1|Typhlosion-Hisui, L50, F|
|poke|p1|Indeedee, L50, M|
|poke|p1|Sneasler, L50, M|
|poke|p1|Kingambit, L50, M|
|poke|p1|Garchomp, L50, M|
|poke|p2|Pawmot, L50, F|
|poke|p2|Rillaboom, L50, F|
|poke|p2|Talonflame, L50, F|
|poke|p2|Dragonite, L50, M|
|poke|p2|Gholdengo, L50|
|poke|p2|Ursaluna-Bloodmoon, L50, M|
|teampreview|4
|showteam|p1|Murkrow||Eviolite|Prankster|Tailwind,SunnyDay,Haze,FoulPlay|||F|||50|,,,,,Ghost]Typhlosion-Hisui||Charcoal|Blaze|Eruption,ShadowBall,HeatWave,Protect|||F|||50|,,,,,Fire]Indeedee||FocusSash|PsychicSurge|Imprison,TrickRoom,ExpandingForce,TeraBlast|||M|||50|,,,,,Fighting]Sneasler||PsychicSeed|Unburden|Protect,CloseCombat,DireClaw,Acrobatics|||M|||50|,,,,,Flying]Kingambit||AssaultVest|Defiant|KowtowCleave,SuckerPunch,IronHead,LowKick|||M|||50|,,,,,Bug]Garchomp||LifeOrb|RoughSkin|Earthquake,Protect,DragonClaw,StompingTantrum|||M|||50|,,,,,Fire
|showteam|p2|Pawmot||FocusSash|VoltAbsorb|FakeOut,DoubleShock,CloseCombat,RevivalBlessing|||F|||50|,,,,,Stellar]Rillaboom||LifeOrb|GrassySurge|FakeOut,GrassyGlide,HighHorsepower,Protect|||F|||50|,,,,,Fire]Talonflame||CovertCloak|GaleWings|Tailwind,BraveBird,FlareBlitz,Taunt|||F|||50|,,,,,Grass]Dragonite||LoadedDice|Multiscale|ScaleShot,IceSpinner,Haze,Protect|||M|||50|,,,,,Fairy]Gholdengo||ChoiceSpecs|GoodasGold|MakeItRain,ShadowBall,PowerGem,Trick||||||50|,,,,,Steel]Ursaluna-Bloodmoon||AssaultVest|MindsEye|BloodMoon,EarthPower,HyperVoice,VacuumWave|||M|||50|,,,,,Normal
|c|☆Hllday|You got so unlucky with the misses
|c|☆arlostanley|I didn’t understand the turn 1 switch
|
|t:|1757020962
|teamsize|p1|4
|teamsize|p2|4
|start
|switch|p1a: Indeedee|Indeedee, L50, M|100/100
|switch|p1b: Sneasler|Sneasler, L50, M|100/100
|switch|p2a: Talonflame|Talonflame, L50, F|100/100
|switch|p2b: Gholdengo|Gholdengo, L50|100/100
|-fieldstart|move: Psychic Terrain|[from] ability: Psychic Surge|[of] p1a: Indeedee
|-enditem|p1b: Sneasler|Psychic Seed
|-boost|p1b: Sneasler|spd|1|[from] item: Psychic Seed
|turn|1
|c|☆arlostanley|The hh miss was unfortunate but you played insane
|
|t:|1757021020
|-terastallize|p2b: Gholdengo|Steel
|move|p1b: Sneasler|Dire Claw|p2a: Talonflame
|-damage|p2a: Talonflame|35/100
|move|p2a: Talonflame|Flare Blitz|p1a: Indeedee
|-damage|p1a: Indeedee|8/100
|-status|p1a: Indeedee|brn
|-damage|p2a: Talonflame|8/100|[from] Recoil
|move|p1a: Indeedee|Expanding Force|p2a: Talonflame|[spread] p2a,p2b
|-resisted|p2b: Gholdengo
|-damage|p2a: Talonflame|0 fnt
|-damage|p2b: Gholdengo|72/100
|faint|p2a: Talonflame
|move|p2b: Gholdengo|Make It Rain|p1b: Sneasler|[spread] p1a,p1b
|-damage|p1a: Indeedee|0 fnt
|-damage|p1b: Sneasler|10/100
|-unboost|p2b: Gholdengo|spa|1
|faint|p1a: Indeedee
|
|upkeep
|
|t:|1757021060
|switch|p2a: Rillaboom|Rillaboom, L50, F|100/100
|switch|p1a: Typhlosion|Typhlosion-Hisui, L50, F|100/100
|-fieldstart|move: Grassy Terrain|[from] ability: Grassy Surge|[of] p2a: Rillaboom
|turn|2
|
|t:|1757021083
|move|p1b: Sneasler|Protect|p1b: Sneasler
|-singleturn|p1b: Sneasler|Protect
|move|p2a: Rillaboom|Grassy Glide|p1a: Typhlosion
|-resisted|p1a: Typhlosion
|-damage|p1a: Typhlosion|61/100
|-damage|p2a: Rillaboom|91/100|[from] item: Life Orb
|move|p1a: Typhlosion|Heat Wave|p2b: Gholdengo|[spread] p2b
|-miss|p1a: Typhlosion|p2a: Rillaboom
|-supereffective|p2b: Gholdengo
|-damage|p2b: Gholdengo|0 fnt
|faint|p2b: Gholdengo
|
|-heal|p1b: Sneasler|16/100|[from] Grassy Terrain
|-heal|p1a: Typhlosion|67/100|[from] Grassy Terrain
|-heal|p2a: Rillaboom|97/100|[from] Grassy Terrain
|upkeep
|
|t:|1757021098
|switch|p2b: Pawmot|Pawmot, L50, F, shiny|100/100
|turn|3
|
|t:|1757021148
|switch|p1b: Kingambit|Kingambit, L50, M|100/100
|move|p2a: Rillaboom|Grassy Glide|p1b: Kingambit
|-resisted|p1b: Kingambit
|-damage|p1b: Kingambit|80/100
|-damage|p2a: Rillaboom|87/100|[from] item: Life Orb
|move|p2b: Pawmot|Revival Blessing|p2b: Pawmot
|
|t:|1757021160
|-heal|p2: Talonflame|50/100|[from] move: Revival Blessing
|move|p1a: Typhlosion|Heat Wave|p2b: Pawmot|[spread] p2b
|-miss|p1a: Typhlosion|p2a: Rillaboom
|-damage|p2b: Pawmot|27/100
|
|-heal|p2b: Pawmot|33/100|[from] Grassy Terrain
|-heal|p1a: Typhlosion|73/100|[from] Grassy Terrain
|-heal|p2a: Rillaboom|93/100|[from] Grassy Terrain
|-heal|p1b: Kingambit|85/100|[from] Grassy Terrain
|upkeep
|turn|4
|
|t:|1757021196
|-terastallize|p1a: Typhlosion|Fire
|move|p2a: Rillaboom|Protect|p2a: Rillaboom
|-singleturn|p2a: Rillaboom|Protect
|move|p1b: Kingambit|Sucker Punch|p2b: Pawmot
|-resisted|p2b: Pawmot
|-damage|p2b: Pawmot|2/100
|move|p2b: Pawmot|Close Combat|p1b: Kingambit
|-supereffective|p1b: Kingambit
|-damage|p1b: Kingambit|0 fnt
|-unboost|p2b: Pawmot|def|1
|-unboost|p2b: Pawmot|spd|1
|faint|p1b: Kingambit
|move|p1a: Typhlosion|Heat Wave|p2b: Pawmot|[spread] p2b
|-activate|p2a: Rillaboom|move: Protect
|-damage|p2b: Pawmot|0 fnt
|faint|p2b: Pawmot
|
|-heal|p1a: Typhlosion|80/100|[from] Grassy Terrain
|-heal|p2a: Rillaboom|99/100|[from] Grassy Terrain
|upkeep
|
|t:|1757021218
|switch|p2b: Talonflame|Talonflame, L50, F|50/100
|switch|p1b: Sneasler|Sneasler, L50, M|16/100
|turn|5
|
|t:|1757021252
|move|p1b: Sneasler|Protect|p1b: Sneasler
|-singleturn|p1b: Sneasler|Protect
|move|p2a: Rillaboom|Grassy Glide|p1b: Sneasler
|-activate|p1b: Sneasler|move: Protect
|move|p2b: Talonflame|Brave Bird|p1a: Typhlosion
|-damage|p1a: Typhlosion|8/100
|-damage|p2b: Talonflame|28/100|[from] Recoil
|move|p1a: Typhlosion|Heat Wave|p2a: Rillaboom|[spread] p2a
|-miss|p1a: Typhlosion|p2b: Talonflame
|-supereffective|p2a: Rillaboom
|-damage|p2a: Rillaboom|0 fnt
|faint|p2a: Rillaboom
|
|-heal|p1b: Sneasler|22/100|[from] Grassy Terrain
|-heal|p1a: Typhlosion|14/100|[from] Grassy Terrain
|upkeep
|turn|6
|
|t:|1757021277
|move|p2b: Talonflame|Brave Bird|p1b: Sneasler
|-supereffective|p1b: Sneasler
|-damage|p1b: Sneasler|0 fnt
|faint|p1b: Sneasler
|-damage|p2b: Talonflame|21/100|[from] Recoil
|move|p1a: Typhlosion|Heat Wave|p2b: Talonflame
|-resisted|p2b: Talonflame
|-damage|p2b: Talonflame|0 fnt
|faint|p2b: Talonflame
|
|win|Hllday
