|j|☆nbadrose2
|j|☆TailwindMakeItRain
|html|nbadrose2TailwindMakeItRain    
|uhtml|bestof|Game 1 of a best-of-3
|t:|1757645383
|gametype|doubles
|player|p1|nbadrose2|bea|1401
|player|p2|TailwindMakeItRain|iris|1505
|gen|9
|tier|[Gen 9] VGC 2025 Reg H (Bo3)
|rated|
|rule|Species Clause: Limit one of each Pokémon
|rule|Item Clause: Limit 1 of each item
|clearpoke
|poke|p1|Dragonite, L50, M|
|poke|p1|Ursaluna-Bloodmoon, L50, M|
|poke|p1|Gholdengo, L50|
|poke|p1|Sneasler, L50, M|
|poke|p1|Incineroar, L50, M|
|poke|p1|Amoonguss, L50, M|
|poke|p2|Ursaluna-Bloodmoon, L50, M|
|poke|p2|Rillaboom, L50, F|
|poke|p2|Incineroar, L50, F|
|poke|p2|Dragonite, L50, M|
|poke|p2|Sneasler, L50, F|
|poke|p2|Annihilape, L50, F|
|teampreview|4
|showteam|p1|Dragonite||LoadedDice|Multiscale|ScaleShot,Tailwind,Haze,Protect|||M|||50|,,,,,Fairy]Ursaluna-Bloodmoon||AssaultVest|MindsEye|EarthPower,HyperVoice,BloodMoon,VacuumWave|||M|||50|,,,,,Water]Gholdengo||LifeOrb|GoodasGold|MakeItRain,ShadowBall,NastyPlot,Protect||||||50|,,,,,Water]Sneasler||WhiteHerb|Unburden|DireClaw,CloseCombat,ThroatChop,Protect|||M|||50|,,,,,Dark]Incineroar||SafetyGoggles|Intimidate|FakeOut,KnockOff,FlareBlitz,PartingShot|||M|||50|,,,,,Ghost]Amoonguss||MentalHerb|Regenerator|Spore,RagePowder,SludgeBomb,Protect|||M|||50|,,,,,Water
|showteam|p2|Ursaluna-Bloodmoon||Leftovers|MindsEye|BloodMoon,EarthPower,CalmMind,Protect|||M|||50|,,,,,Water]Rillaboom||AssaultVest|GrassySurge|DrumBeating,GrassyGlide,HighHorsepower,FakeOut|||F|||50|,,,,,Fire]Incineroar||SitrusBerry|Intimidate|PartingShot,FlareBlitz,KnockOff,FakeOut|||F|||50|,,,,,Ghost]Dragonite||LoadedDice|Multiscale|ScaleShot,ExtremeSpeed,Haze,Protect|||M|||50|,,,,,Fairy]Sneasler||GrassySeed|Unburden|DireClaw,CloseCombat,Acrobatics,Protect|||F|||50|,,,,,Flying]Annihilape||SafetyGoggles|Defiant|RageFist,CloseCombat,FinalGambit,Coaching|||F|||50|,,,,,Fire
|inactive|Battle timer is ON: inactive players will automatically lose when time's up. (requested by nbadrose2)
|inactive|nbadrose2 has 60 seconds left.
|inactive|TailwindMakeItRain has 60 seconds left.
|
|t:|1757645433
|teamsize|p1|4
|teamsize|p2|4
|start
|switch|p1a: Gholdengo|Gholdengo, L50|100/100
|switch|p1b: Sneasler|Sneasler, L50, M|100/100
|switch|p2a: Ursaluna|Ursaluna-Bloodmoon, L50, M|100/100
|switch|p2b: Annihilape|Annihilape, L50, F|100/100
|turn|1
|inactive|nbadrose2 has 30 seconds left.
|inactive|TailwindMakeItRain has 30 seconds left.
|inactive|TailwindMakeItRain has 20 seconds left.
|inactive|nbadrose2 has 20 seconds left.
|
|t:|1757645474
|move|p2a: Ursaluna|Protect|p2a: Ursaluna
|-singleturn|p2a: Ursaluna|Protect
|move|p1b: Sneasler|Close Combat|p2a: Ursaluna
|-activate|p2a: Ursaluna|move: Protect
|move|p2b: Annihilape|Coaching|p2a: Ursaluna
|-boost|p2a: Ursaluna|atk|1
|-boost|p2a: Ursaluna|def|1
|move|p1a: Gholdengo|Shadow Ball|p2a: Ursaluna
|-activate|p2a: Ursaluna|move: Protect
|
|upkeep
|turn|2
|
|t:|1757645492
|switch|p2b: Rillaboom|Rillaboom, L50, F|100/100
|-fieldstart|move: Grassy Terrain|[from] ability: Grassy Surge|[of] p2b: Rillaboom
|-terastallize|p2a: Ursaluna|Water
|move|p1a: Gholdengo|Protect|p1a: Gholdengo
|-singleturn|p1a: Gholdengo|Protect
|move|p1b: Sneasler|Close Combat|p2a: Ursaluna
|-damage|p2a: Ursaluna|69/100
|-unboost|p1b: Sneasler|def|1
|-unboost|p1b: Sneasler|spd|1
|-enditem|p1b: Sneasler|White Herb
|-clearnegativeboost|p1b: Sneasler|[silent]
|move|p2a: Ursaluna|Earth Power|p1a: Gholdengo
|-activate|p1a: Gholdengo|move: Protect
|
|-heal|p2a: Ursaluna|75/100|[from] Grassy Terrain
|-heal|p2a: Ursaluna|81/100|[from] item: Leftovers
|upkeep
|turn|3
|inactive|nbadrose2 has 30 seconds left.
|
|t:|1757645521
|switch|p1b: Incineroar|Incineroar, L50, M|100/100
|-ability|p1b: Incineroar|Intimidate|boost
|-unboost|p2a: Ursaluna|atk|1
|-unboost|p2b: Rillaboom|atk|1
|switch|p1a: Ursaluna|Ursaluna-Bloodmoon, L50, M|100/100
|move|p2b: Rillaboom|Fake Out|p1b: Incineroar
|-damage|p1b: Incineroar|93/100
|move|p2a: Ursaluna|Earth Power|p1a: Ursaluna
|-damage|p1a: Ursaluna|67/100
|-unboost|p1a: Ursaluna|spd|1
|
|-heal|p2a: Ursaluna|88/100|[from] Grassy Terrain
|-heal|p2a: Ursaluna|94/100|[from] item: Leftovers
|-heal|p1b: Incineroar|99/100|[from] Grassy Terrain
|-heal|p1a: Ursaluna|73/100|[from] Grassy Terrain
|upkeep
|turn|4
|inactive|nbadrose2 has 30 seconds left.
|
|t:|1757645549
|switch|p2b: Incineroar|Incineroar, L50, F|100/100
|-ability|p2b: Incineroar|Intimidate|boost
|-unboost|p1a: Ursaluna|atk|1
|-unboost|p1b: Incineroar|atk|1
|switch|p1a: Gholdengo|Gholdengo, L50|100/100
|move|p2a: Ursaluna|Calm Mind|p2a: Ursaluna
|-boost|p2a: Ursaluna|spa|1
|-boost|p2a: Ursaluna|spd|1
|move|p1b: Incineroar|Parting Shot|p2a: Ursaluna
|-unboost|p2a: Ursaluna|atk|1
|-unboost|p2a: Ursaluna|spa|1
|
|t:|1757645560
|switch|p1b: Sneasler|Sneasler, L50, M|100/100|[from] Parting Shot
|
|-heal|p2a: Ursaluna|99/100|[from] Grassy Terrain
|-heal|p2a: Ursaluna|100/100|[from] item: Leftovers
|upkeep
|turn|5
|inactive|TailwindMakeItRain has 30 seconds left.
|inactive|nbadrose2 has 30 seconds left.
|
|t:|1757645600
|move|p1a: Gholdengo|Protect|p1a: Gholdengo
|-singleturn|p1a: Gholdengo|Protect
|move|p2b: Incineroar|Fake Out|p1b: Sneasler
|-damage|p1b: Sneasler|81/100
|cant|p1b: Sneasler|flinch
|move|p2a: Ursaluna|Calm Mind|p2a: Ursaluna
|-boost|p2a: Ursaluna|spa|1
|-boost|p2a: Ursaluna|spd|1
|
|-heal|p1b: Sneasler|87/100|[from] Grassy Terrain
|upkeep
|turn|6
|
|t:|1757645610
|switch|p1a: Ursaluna|Ursaluna-Bloodmoon, L50, M|73/100
|move|p1b: Sneasler|Close Combat|p2b: Incineroar
|-supereffective|p2b: Incineroar
|-damage|p2b: Incineroar|0 fnt
|-unboost|p1b: Sneasler|def|1
|-unboost|p1b: Sneasler|spd|1
|faint|p2b: Incineroar
|move|p2a: Ursaluna|Earth Power|p1a: Ursaluna
|-damage|p1a: Ursaluna|27/100
|
|-heal|p1b: Sneasler|93/100|[from] Grassy Terrain
|-heal|p1a: Ursaluna|33/100|[from] Grassy Terrain
|-fieldend|move: Grassy Terrain
|upkeep
|
|t:|1757645628
|switch|p2b: Annihilape|Annihilape, L50, F|100/100
|turn|7
|inactive|nbadrose2 has 30 seconds left.
|
|t:|1757645657
|-terastallize|p1a: Ursaluna|Water
|move|p1b: Sneasler|Throat Chop|p2b: Annihilape
|-damage|p2b: Annihilape|66/100
|-start|p2b: Annihilape|Throat Chop|[silent]
|move|p2b: Annihilape|Rage Fist|p1b: Sneasler
|-damage|p1b: Sneasler|0 fnt
|faint|p1b: Sneasler
|move|p2a: Ursaluna|Earth Power|p1a: Ursaluna
|-damage|p1a: Ursaluna|0 fnt
|faint|p1a: Ursaluna
|
|upkeep
|-message|nbadrose2 forfeited.
|
|win|TailwindMakeItRain
||nbadrose2 is ready for game 2.
||TailwindMakeItRain is ready for game 2.
|uhtml|next|Next: Game 2 of 3
