|j|☆TORVEX
|j|☆UndeadParadox
|html|TORVEXUndeadParadox    
|uhtml|bestof|Game 1 of a best-of-3
|t:|1756789899
|gametype|doubles
|player|p1|TORVEX|acetrainer-gen4dp|1197
|player|p2|UndeadParadox|guitarist|1251
|gen|9
|tier|[Gen 9] VGC 2025 Reg H (Bo3)
|rated|
|rule|Species Clause: Limit one of each Pokémon
|rule|Item Clause: Limit 1 of each item
|clearpoke
|poke|p1|Incineroar, L50, F|
|poke|p1|Sinistcha, L50|
|poke|p1|Garchomp, L50, M|
|poke|p1|Pelipper, L50, M|
|poke|p1|Palafin, L50, M|
|poke|p1|Archaludon, L50, F|
|poke|p2|Sneasler, L50, F|
|poke|p2|Rillaboom, L50, M|
|poke|p2|Incineroar, L50, M|
|poke|p2|Gholdengo, L50|
|poke|p2|Hydreigon, L50, F|
|poke|p2|Gengar, L50, F|
|teampreview|4
|showteam|p1|Incineroar||SafetyGoggles|Intimidate|FakeOut,WillOWisp,KnockOff,PartingShot|||F|||50|,,,,,Grass]Sinistcha||BigRoot|Hospitality|Protect,RagePowder,MatchaGotcha,Hex||||||50|,,,,,Fire]Garchomp||LoadedDice|RoughSkin|Protect,ScaleShot,StompingTantrum,SwordsDance|||M|||50|,,,,,Steel]Pelipper||RockyHelmet|Drizzle|Protect,Tailwind,WeatherBall,Hurricane|||M|||50|,,,,,Ghost]Palafin||MysticWater|ZerotoHero|Protect,WaveCrash,JetPunch,DrainPunch|||M|||50|,,,,,Water]Archaludon||AssaultVest|Stamina|DragonPulse,FlashCannon,ElectroShot,BodyPress|||F|||50|,,,,,Grass
|showteam|p2|Sneasler||GrassySeed|Unburden|CloseCombat,DireClaw,Acrobatics,Protect|||F|||50|,,,,,Flying]Rillaboom||AssaultVest|GrassySurge|WoodHammer,GrassyGlide,FakeOut,HighHorsepower|||M|||50|,,,,,Fire]Incineroar||SafetyGoggles|Intimidate|FlareBlitz,KnockOff,PartingShot,FakeOut|||M|||50|,,,,,Ghost]Gholdengo||MetalCoat|GoodasGold|Protect,MakeItRain,ShadowBall,NastyPlot||||||50|,,,,,Water]Hydreigon||LifeOrb|Levitate|Flamethrower,DracoMeteor,DarkPulse,Protect|||F|||50|,,,,,Fire]Gengar||FocusSash|CursedBody|ShadowBall,Haze,Taunt,IcyWind|||F|||50|,,,,,Ghost
|inactive|Battle timer is ON: inactive players will automatically lose when time's up. (requested by TORVEX)
|
|t:|1756789928
|teamsize|p1|4
|teamsize|p2|4
|start
|switch|p1a: Garchomp|Garchomp, L50, M|100/100
|switch|p1b: Palafin|Palafin, L50, M|100/100
|switch|p2a: Incineroar|Incineroar, L50, M, shiny|100/100
|switch|p2b: Gholdengo|Gholdengo, L50, shiny|100/100
|-ability|p2a: Incineroar|Intimidate|boost
|-unboost|p1a: Garchomp|atk|1
|-unboost|p1b: Palafin|atk|1
|turn|1
|
|t:|1756789945
|detailschange|p1b: Palafin|Palafin-Hero, L50, M
|switch|p1b: Incineroar|Incineroar, L50, F|100/100
|-ability|p1b: Incineroar|Intimidate|boost
|-unboost|p2a: Incineroar|atk|1
|-unboost|p2b: Gholdengo|atk|1
|move|p2a: Incineroar|Fake Out|p1a: Garchomp
|-damage|p1a: Garchomp|93/100
|-damage|p2a: Incineroar|88/100|[from] ability: Rough Skin|[of] p1a: Garchomp
|cant|p1a: Garchomp|flinch
|move|p2b: Gholdengo|Nasty Plot|p2b: Gholdengo
|-boost|p2b: Gholdengo|spa|2
|
|upkeep
|turn|2
|
|t:|1756789964
|move|p1a: Garchomp|Protect|p1a: Garchomp
|-singleturn|p1a: Garchomp|Protect
|move|p2b: Gholdengo|Protect|p2b: Gholdengo
|-singleturn|p2b: Gholdengo|Protect
|move|p2a: Incineroar|Parting Shot|p1a: Garchomp
|-activate|p1a: Garchomp|move: Protect
|move|p1b: Incineroar|Knock Off|p2b: Gholdengo
|-activate|p2b: Gholdengo|move: Protect
|
|upkeep
|turn|3
|
|t:|1756789978
|-terastallize|p1a: Garchomp|Steel
|-terastallize|p2b: Gholdengo|Water
|move|p1a: Garchomp|Swords Dance|p1a: Garchomp
|-boost|p1a: Garchomp|atk|2
|move|p2b: Gholdengo|Make It Rain|p1b: Incineroar|[spread] p1a,p1b
|-resisted|p1a: Garchomp
|-resisted|p1b: Incineroar
|-damage|p1a: Garchomp|34/100
|-damage|p1b: Incineroar|55/100
|-unboost|p2b: Gholdengo|spa|1
|move|p2a: Incineroar|Parting Shot|p1b: Incineroar
|-unboost|p1b: Incineroar|atk|1
|-unboost|p1b: Incineroar|spa|1
|
|t:|1756789992
|switch|p2a: Sneasler|Sneasler, L50, F, shiny|100/100|[from] Parting Shot
|move|p1b: Incineroar|Knock Off|p2b: Gholdengo
|-damage|p2b: Gholdengo|69/100
|-enditem|p2b: Gholdengo|Metal Coat|[from] move: Knock Off|[of] p1b: Incineroar
|
|upkeep
|turn|4
|
|t:|1756790008
|switch|p1b: Sinistcha|Sinistcha, L50|100/100
|-heal|p1a: Garchomp|59/100|[from] ability: Hospitality|[of] p1b: Sinistcha
|move|p1a: Garchomp|Protect|p1a: Garchomp
|-singleturn|p1a: Garchomp|Protect
|move|p2a: Sneasler|Close Combat|p1b: Sinistcha
|-immune|p1b: Sinistcha
|move|p2b: Gholdengo|Make It Rain|p1a: Garchomp|[spread] p1b
|-activate|p1a: Garchomp|move: Protect
|-damage|p1b: Sinistcha|0 fnt
|-unboost|p2b: Gholdengo|spa|1
|faint|p1b: Sinistcha
|
|upkeep
|
|t:|1756790024
|switch|p1b: Incineroar|Incineroar, L50, F|55/100
|-ability|p1b: Incineroar|Intimidate|boost
|-unboost|p2a: Sneasler|atk|1
|-unboost|p2b: Gholdengo|atk|1
|turn|5
|
|t:|1756790037
|switch|p2a: Incineroar|Incineroar, L50, M, shiny|88/100
|-ability|p2a: Incineroar|Intimidate|boost
|-unboost|p1a: Garchomp|atk|1
|-unboost|p1b: Incineroar|atk|1
|move|p1b: Incineroar|Fake Out|p2a: Incineroar
|-damage|p2a: Incineroar|82/100
|move|p1a: Garchomp|Stomping Tantrum|p2b: Gholdengo
|-damage|p2b: Gholdengo|28/100
|move|p2b: Gholdengo|Nasty Plot|p2b: Gholdengo
|-boost|p2b: Gholdengo|spa|2
|
|upkeep
|turn|6
|
|t:|1756790057
|move|p1a: Garchomp|Protect|p1a: Garchomp
|-singleturn|p1a: Garchomp|Protect
|move|p2a: Incineroar|Fake Out|p1a: Garchomp
|-activate|p1a: Garchomp|move: Protect
|move|p2b: Gholdengo|Make It Rain|p1b: Incineroar|[spread] p1b
|-activate|p1a: Garchomp|move: Protect
|-resisted|p1b: Incineroar
|-damage|p1b: Incineroar|17/100
|-unboost|p2b: Gholdengo|spa|1
|move|p1b: Incineroar|Knock Off|p2b: Gholdengo
|-damage|p2b: Gholdengo|8/100
|
|upkeep
|turn|7
|
|t:|1756790071
|move|p1a: Garchomp|Stomping Tantrum|p2b: Gholdengo
|-damage|p2b: Gholdengo|0 fnt
|faint|p2b: Gholdengo
|move|p2a: Incineroar|Parting Shot|p1a: Garchomp
|-unboost|p1a: Garchomp|atk|1
|-unboost|p1a: Garchomp|spa|1
|
|t:|1756790076
|switch|p2a: Rillaboom|Rillaboom, L50, M|100/100|[from] Parting Shot
|-fieldstart|move: Grassy Terrain|[from] ability: Grassy Surge|[of] p2a: Rillaboom
|move|p1b: Incineroar|Parting Shot|p2a: Rillaboom
|-unboost|p2a: Rillaboom|atk|1
|-unboost|p2a: Rillaboom|spa|1
|
|t:|1756790080
|switch|p1b: Palafin|Palafin-Hero, L50, M|100/100|[from] Parting Shot
|-activate|p1b: Palafin|ability: Zero to Hero
|
|-heal|p1a: Garchomp|65/100|[from] Grassy Terrain
|upkeep
|
|t:|1756790088
|switch|p2b: Incineroar|Incineroar, L50, M, shiny|82/100
|-ability|p2b: Incineroar|Intimidate|boost
|-unboost|p1a: Garchomp|atk|1
|-unboost|p1b: Palafin|atk|1
|turn|8
|
|t:|1756790099
|switch|p1b: Incineroar|Incineroar, L50, F|17/100
|-ability|p1b: Incineroar|Intimidate|boost
|-unboost|p2a: Rillaboom|atk|1
|-unboost|p2b: Incineroar|atk|1
|move|p2b: Incineroar|Fake Out|p1a: Garchomp
|-resisted|p1a: Garchomp
|-damage|p1a: Garchomp|61/100
|-damage|p2b: Incineroar|69/100|[from] ability: Rough Skin|[of] p1a: Garchomp
|cant|p1a: Garchomp|flinch
|move|p2a: Rillaboom|Wood Hammer|p1b: Incineroar
|-resisted|p1b: Incineroar
|-damage|p1b: Incineroar|0 fnt
|faint|p1b: Incineroar
|-damage|p2a: Rillaboom|95/100|[from] Recoil
|
|-heal|p1a: Garchomp|67/100|[from] Grassy Terrain
|-heal|p2a: Rillaboom|100/100|[from] Grassy Terrain
|-heal|p2b: Incineroar|75/100|[from] Grassy Terrain
|upkeep
|
|t:|1756790109
|switch|p1b: Palafin|Palafin-Hero, L50, M|100/100
|turn|9
|
|t:|1756790116
|move|p1b: Palafin|Jet Punch|p2b: Incineroar
|-supereffective|p2b: Incineroar
|-damage|p2b: Incineroar|0 fnt
|faint|p2b: Incineroar
|move|p1a: Garchomp|Swords Dance|p1a: Garchomp
|-boost|p1a: Garchomp|atk|2
|move|p2a: Rillaboom|Wood Hammer|p1b: Palafin
|-supereffective|p1b: Palafin
|-damage|p1b: Palafin|23/100
|-damage|p2a: Rillaboom|77/100|[from] Recoil
|
|-heal|p1a: Garchomp|73/100|[from] Grassy Terrain
|-heal|p1b: Palafin|29/100|[from] Grassy Terrain
|-heal|p2a: Rillaboom|83/100|[from] Grassy Terrain
|upkeep
|
|t:|1756790123
|switch|p2b: Sneasler|Sneasler, L50, F, shiny|100/100
|-enditem|p2b: Sneasler|Grassy Seed
|-boost|p2b: Sneasler|def|1|[from] item: Grassy Seed
|turn|10
|
|t:|1756790137
|move|p2b: Sneasler|Protect|p2b: Sneasler
|-singleturn|p2b: Sneasler|Protect
|move|p1b: Palafin|Protect|p1b: Palafin
|-singleturn|p1b: Palafin|Protect
|move|p2a: Rillaboom|Grassy Glide|p1b: Palafin
|-activate|p1b: Palafin|move: Protect
|move|p1a: Garchomp|Scale Shot|p2a: Rillaboom
|-damage|p2a: Rillaboom|69/100
|-damage|p2a: Rillaboom|56/100
|-damage|p2a: Rillaboom|44/100
|-damage|p2a: Rillaboom|32/100
|-damage|p2a: Rillaboom|18/100
|-hitcount|p2a: Rillaboom|5
|-unboost|p1a: Garchomp|def|1
|-boost|p1a: Garchomp|spe|1
|
|-heal|p1a: Garchomp|79/100|[from] Grassy Terrain
|-heal|p1b: Palafin|35/100|[from] Grassy Terrain
|-heal|p2a: Rillaboom|24/100|[from] Grassy Terrain
|upkeep
|turn|11
|inactive|UndeadParadox has 30 seconds left.
|
|t:|1756790170
|move|p1b: Palafin|Jet Punch|p2b: Sneasler
|-damage|p2b: Sneasler|41/100
|move|p2b: Sneasler|Close Combat|p1a: Garchomp
|-supereffective|p1a: Garchomp
|-damage|p1a: Garchomp|0 fnt
|-unboost|p2b: Sneasler|def|1
|-unboost|p2b: Sneasler|spd|1
|-damage|p2b: Sneasler|29/100|[from] ability: Rough Skin|[of] p1a: Garchomp
|faint|p1a: Garchomp
|move|p2a: Rillaboom|Wood Hammer|p1b: Palafin
|-supereffective|p1b: Palafin
|-damage|p1b: Palafin|0 fnt
|faint|p1b: Palafin
|-damage|p2a: Rillaboom|14/100|[from] Recoil
|
|win|UndeadParadox
|l|☆TORVEX
|player|p1|
||UndeadParadox is ready for game 2.
||TORVEX is ready for game 2.
|uhtml|next|Next: Game 2 of 3
