|j|☆Money03
|j|☆TheMochiMan
|html|Money03TheMochiMan    
|uhtml|bestof|Game 1 of a best-of-3
|t:|1757193722
|gametype|doubles
|player|p1|Money03|wattson|1326
|player|p2|TheMochiMan|doctor|1358
|gen|9
|tier|[Gen 9] VGC 2025 Reg H (Bo3)
|rated|
|rule|Species Clause: Limit one of each Pokémon
|rule|Item Clause: Limit 1 of each item
|clearpoke
|poke|p1|Arcanine-Hisui, L50, M|
|poke|p1|Rillaboom, L50, M|
|poke|p1|Dragonite, L50, F|
|poke|p1|Sneasler, L50, F|
|poke|p1|Ninetales-Alola, L50, F|
|poke|p1|Gholdengo, L50|
|poke|p2|Ursaluna, L50, F|
|poke|p2|Jumpluff, L50, F|
|poke|p2|Charizard, L50, F|
|poke|p2|Torkoal, L50, M|
|poke|p2|Incineroar, L50, F|
|poke|p2|Porygon2, L50|
|teampreview|4
|showteam|p1|Arcanine-Hisui||ClearAmulet|Intimidate|FlareBlitz,RockSlide,ExtremeSpeed,Protect|||M|||50|,,,,,Water]Rillaboom||AssaultVest|GrassySurge|DrumBeating,GrassyGlide,HighHorsepower,FakeOut|||M|||50|,,,,,Fire]Dragonite||LoadedDice|Multiscale|ScaleShot,StompingTantrum,Tailwind,Protect|||F|||50|,,,,,Ground]Sneasler||WhiteHerb|Unburden|DireClaw,CloseCombat,Coaching,Protect|||F|||50|,,,,,Ghost]Ninetales-Alola||FocusSash|SnowWarning|Blizzard,Encore,IcyWind,AuroraVeil|||F|||50|,,,,,Ghost]Gholdengo||GrassySeed|GoodasGold|MakeItRain,ShadowBall,NastyPlot,Protect||||||50|,,,,,Water
|showteam|p2|Ursaluna||FlameOrb|Guts|HeadlongRush,Facade,Earthquake,Protect|||F|||50|,,,,,Ghost]Jumpluff||CovertCloak|Chlorophyll|SleepPowder,SunnyDay,Tailwind,RagePowder|||F|||50|,,,,,Water]Charizard||ChoiceSpecs|SolarPower|AirSlash,HeatWave,Overheat,WeatherBall|||F|||50|,,,,,Ghost]Torkoal||EjectPack|Drought|HelpingHand,Eruption,Overheat,Protect|||M|||50|,,,,,Fire]Incineroar||SitrusBerry|Intimidate|FlareBlitz,KnockOff,PartingShot,FakeOut|||F|||50|,,,,,Ghost]Porygon2||Eviolite|Download|TeraBlast,IceBeam,Recover,TrickRoom||||||50|,,,,,Fighting
|inactive|Battle timer is ON: inactive players will automatically lose when time's up. (requested by Money03)
|inactive|Money03 has 60 seconds left.
|
|t:|1757193783
|teamsize|p1|4
|teamsize|p2|4
|start
|switch|p1a: Sneasler|Sneasler, L50, F|100/100
|switch|p1b: Arcanine|Arcanine-Hisui, L50, M|100/100
|switch|p2a: Gainesville|Charizard, L50, F|100/100
|switch|p2b: Dandelion|Jumpluff, L50, F|100/100
|-ability|p1b: Arcanine|Intimidate|boost
|-unboost|p2a: Gainesville|atk|1
|-unboost|p2b: Dandelion|atk|1
|turn|1
|inactive|Money03 has 30 seconds left.
|inactive|TheMochiMan has 30 seconds left.
|
|t:|1757193823
|-terastallize|p2b: Dandelion|Water
|move|p1a: Sneasler|Dire Claw|p2b: Dandelion
|-damage|p2b: Dandelion|45/100
|move|p2b: Dandelion|Sleep Powder|p1b: Arcanine|[miss]
|-miss|p2b: Dandelion|p1b: Arcanine
|move|p2a: Gainesville|Air Slash|p1a: Sneasler
|-supereffective|p1a: Sneasler
|-damage|p1a: Sneasler|0 fnt
|faint|p1a: Sneasler
|move|p1b: Arcanine|Rock Slide|p2b: Dandelion|[spread] p2a,p2b
|-supereffective|p2a: Gainesville
|-damage|p2a: Gainesville|0 fnt
|-damage|p2b: Dandelion|12/100
|faint|p2a: Gainesville
|
|upkeep
|
|t:|1757193837
|switch|p1a: Dragonite|Dragonite, L50, F|100/100
|switch|p2a: Brown bear|Ursaluna, L50, F|100/100
|turn|2
|inactive|Money03 has 30 seconds left.
|
|t:|1757193868
|-terastallize|p1b: Arcanine|Water
|move|p1b: Arcanine|Extreme Speed|p2b: Dandelion
|-damage|p2b: Dandelion|0 fnt
|faint|p2b: Dandelion
|move|p1a: Dragonite|Scale Shot|p2a: Brown bear
|-crit|p2a: Brown bear
|-damage|p2a: Brown bear|83/100
|-damage|p2a: Brown bear|71/100
|-damage|p2a: Brown bear|60/100
|-damage|p2a: Brown bear|49/100
|-damage|p2a: Brown bear|37/100
|-hitcount|p2a: Brown bear|5
|-unboost|p1a: Dragonite|def|1
|-boost|p1a: Dragonite|spe|1
|move|p2a: Brown bear|Headlong Rush|p1b: Arcanine
|-damage|p1b: Arcanine|6/100
|-unboost|p2a: Brown bear|def|1
|-unboost|p2a: Brown bear|spd|1
|
|-status|p2a: Brown bear|brn|[from] item: Flame Orb
|upkeep
|
|t:|1757193873
|switch|p2b: Tony’s family|Porygon2, L50|100/100
|-ability|p2b: Tony’s family|Download|boost
|-boost|p2b: Tony’s family|atk|1
|turn|3
|inactive|Money03 has 30 seconds left.
|inactive|Money03 has 20 seconds left.
|
|t:|1757193911
|switch|p1b: Rillaboom|Rillaboom, L50, M|100/100
|-fieldstart|move: Grassy Terrain|[from] ability: Grassy Surge|[of] p1b: Rillaboom
|move|p1a: Dragonite|Scale Shot|p2b: Tony’s family
|-damage|p2b: Tony’s family|91/100
|-damage|p2b: Tony’s family|83/100
|-damage|p2b: Tony’s family|74/100
|-damage|p2b: Tony’s family|65/100
|-hitcount|p2b: Tony’s family|4
|-unboost|p1a: Dragonite|def|1
|-boost|p1a: Dragonite|spe|1
|move|p2a: Brown bear|Facade|p1a: Dragonite
|-damage|p1a: Dragonite|0 fnt
|faint|p1a: Dragonite
|move|p2b: Tony’s family|Trick Room|p2b: Tony’s family
|-fieldstart|move: Trick Room|[of] p2b: Tony’s family
|
|-heal|p2b: Tony’s family|71/100|[from] Grassy Terrain
|-heal|p2a: Brown bear|43/100 brn|[from] Grassy Terrain
|-damage|p2a: Brown bear|37/100 brn|[from] brn
|upkeep
|
|t:|1757193930
|switch|p1a: Arcanine|Arcanine-Hisui, L50, M, tera:Water|6/100
|-ability|p1a: Arcanine|Intimidate|boost
|-unboost|p2a: Brown bear|atk|1
|-unboost|p2b: Tony’s family|atk|1
|turn|4
|
|t:|1757193948
|move|p1b: Rillaboom|Fake Out|p2b: Tony’s family
|-damage|p2b: Tony’s family|64/100
|move|p1a: Arcanine|Extreme Speed|p2a: Brown bear
|-damage|p2a: Brown bear|7/100 brn
|cant|p2b: Tony’s family|flinch
|move|p2a: Brown bear|Facade|p1b: Rillaboom
|-crit|p1b: Rillaboom
|-damage|p1b: Rillaboom|0 fnt
|faint|p1b: Rillaboom
|
|-heal|p2b: Tony’s family|70/100|[from] Grassy Terrain
|-heal|p2a: Brown bear|13/100 brn|[from] Grassy Terrain
|-heal|p1a: Arcanine|12/100|[from] Grassy Terrain
|-damage|p2a: Brown bear|7/100 brn|[from] brn
|upkeep
|turn|5
|
|t:|1757193973
|move|p2b: Tony’s family|Tera Blast|p1a: Arcanine
|-damage|p1a: Arcanine|0 fnt
|faint|p1a: Arcanine
|
|win|TheMochiMan
||TheMochiMan is ready for game 2.
||Money03 is ready for game 2.
|uhtml|next|Next: Game 2 of 3
