|j|☆Juiceman19
|j|☆ashwino
|html|Juiceman19ashwino    
|uhtml|bestof|Game 2 of a best-of-3
|t:|1783562063
|gametype|doubles
|player|p1|Juiceman19|102|
|player|p2|ashwino|266|
|gen|9
|tier|[Gen 9 Champions] VGC 2026 Reg M-B (Bo3)
|rule|Species Clause: Limit one of each Pokémon
|rule|Item Clause: Limit 1 of each item
|clearpoke
|poke|p1|Sinistcha, L50|
|poke|p1|Mawile, L50, F|
|poke|p1|Oranguru, L50, F|
|poke|p1|Tyranitar, L50, M|
|poke|p1|Skeledirge, L50, M|
|poke|p1|Rotom-Wash, L50|
|poke|p2|Froslass, L50, F, shiny|
|poke|p2|Kingambit, L50, M|
|poke|p2|Scovillain, L50, F|
|poke|p2|Arcanine-Hisui, L50, M|
|poke|p2|Garchomp, L50, M|
|poke|p2|Gallade, L50, M, shiny|
|teampreview|4
|showteam|p1|Sinistcha||YacheBerry|Hospitality|MatchaGotcha,TrickRoom,RagePowder,Protect|Serious|||||50|]Mawile||Mawilite|HyperCutter|PlayRough,SuckerPunch,IronHead,Protect|Brave||F|||50|]Oranguru||ColburBerry|InnerFocus|Psychic,Instruct,Encore,TrickRoom|Sassy||F|||50|]Tyranitar||Tyranitarite|SandStream|RockSlide,Protect,KnockOff,LowKick|Adamant||M|||50|]Skeledirge||Leftovers|Unaware|TorchSong,ShadowBall,Protect,SlackOff|Relaxed||M|||50|]Rotom-Wash||SitrusBerry|Levitate|Thunderbolt,VoltSwitch,Protect,HydroPump|Modest|||||50|
|showteam|p2|Froslass||Froslassite|CursedBody|Protect,Blizzard,AuroraVeil,ShadowBall|Bold||F|||50|]Kingambit||ChopleBerry|Defiant|KowtowCleave,IronHead,SwordsDance,Protect|Adamant||M|||50|]Scovillain||SitrusBerry|Insomnia|RagePowder,Overheat,WorrySeed,Protect|Bold||F|||50|]Arcanine-Hisui||LifeOrb|Intimidate|FlareBlitz,ExtremeSpeed,RockSlide,Protect|Adamant||M|||50|]Garchomp||Garchompite|RoughSkin|Protect,StompingTantrum,DragonTail,RockSlide|Adamant||M|||50|]Gallade||FocusSash|Sharpness|TrickRoom,Imprison,SacredSword,Protect|Jolly||M|||50|
|inactive|Battle timer is ON: inactive players will automatically lose when time's up. (requested by ashwino)
|inactive|Juiceman19 has 60 seconds left.
|inactive|ashwino has 60 seconds left.
|
|t:|1783562128
|teamsize|p1|4
|teamsize|p2|4
|start
|switch|p1a: Sinistcha|Sinistcha, L50|100/100
|switch|p1b: Oranguru|Oranguru, L50, F|100/100
|switch|p2a: Scovillain|Scovillain, L50, F|100/100
|switch|p2b: Arcanine|Arcanine-Hisui, L50, M|100/100
|-ability|p2b: Arcanine|Intimidate|boost
|-unboost|p1a: Sinistcha|atk|1
|-fail|p1b: Oranguru|unboost|Attack|[from] ability: Inner Focus|[of] p1b: Oranguru
|turn|1
|inactive|ashwino has 30 seconds left.
|
|t:|1783562156
|move|p1a: Sinistcha|Rage Powder|p1a: Sinistcha
|-singleturn|p1a: Sinistcha|move: Rage Powder
|move|p2b: Arcanine|Flare Blitz|p1a: Sinistcha
|-supereffective|p1a: Sinistcha|1
|-damage|p1a: Sinistcha|0 fnt
|faint|p1a: Sinistcha
|-damage|p2b: Arcanine|70/100|[from] Recoil
|-damage|p2b: Arcanine|60/100|[from] item: Life Orb
|move|p2a: Scovillain|Overheat|p1b: Oranguru
|-damage|p1b: Oranguru|70/100
|-unboost|p2a: Scovillain|spa|2
|move|p1b: Oranguru|Trick Room|p1b: Oranguru
|-fieldstart|move: Trick Room|[of] p1b: Oranguru
|
|upkeep
|
|t:|1783562169
|switch|p1a: Mawile|Mawile, L50, F|100/100
|turn|2
|
|t:|1783562181
|move|p1a: Mawile|Protect|p1a: Mawile
|-singleturn|p1a: Mawile|Protect
|move|p2a: Scovillain|Rage Powder|p2a: Scovillain
|-singleturn|p2a: Scovillain|move: Rage Powder
|move|p1b: Oranguru|Psychic|p2a: Scovillain
|-damage|p2a: Scovillain|56/100
|move|p2b: Arcanine|Flare Blitz|p1a: Mawile
|-activate|p1a: Mawile|move: Protect
|
|upkeep
|turn|3
|inactive|Juiceman19 has 30 seconds left.
|inactive|Juiceman19 has 20 seconds left.
|
|t:|1783562219
|switch|p1a: Skeledirge|Skeledirge, L50, M|100/100
|move|p2a: Scovillain|Rage Powder|p2a: Scovillain
|-singleturn|p2a: Scovillain|move: Rage Powder
|move|p1b: Oranguru|Psychic|p2a: Scovillain
|-damage|p2a: Scovillain|11/100
|-enditem|p2a: Scovillain|Sitrus Berry|[eat]
|-heal|p2a: Scovillain|36/100|[from] item: Sitrus Berry
|move|p2b: Arcanine|Flare Blitz|p1a: Skeledirge
|-resisted|p1a: Skeledirge|1
|-crit|p1a: Skeledirge
|-damage|p1a: Skeledirge|61/100
|-damage|p2b: Arcanine|47/100|[from] Recoil
|-damage|p2b: Arcanine|37/100|[from] item: Life Orb
|
|-heal|p1a: Skeledirge|67/100|[from] item: Leftovers
|upkeep
|turn|4
|inactive|ashwino has 30 seconds left.
|
|t:|1783562251
|move|p2a: Scovillain|Protect|p2a: Scovillain
|-singleturn|p2a: Scovillain|Protect
|move|p1b: Oranguru|Instruct|p2b: Arcanine
|-singleturn|p2b: Arcanine|move: Instruct|[of] p1b: Oranguru
|move|p2b: Arcanine|Flare Blitz|p1a: Skeledirge
|-resisted|p1a: Skeledirge|1
|-damage|p1a: Skeledirge|43/100
|-damage|p2b: Arcanine|29/100|[from] Recoil
|-damage|p2b: Arcanine|19/100|[from] item: Life Orb
|move|p1a: Skeledirge|Shadow Ball|p2b: Arcanine
|-damage|p2b: Arcanine|0 fnt
|faint|p2b: Arcanine
|
|-heal|p1a: Skeledirge|49/100|[from] item: Leftovers
|upkeep
|
|t:|1783562273
|switch|p2b: Gallade|Gallade, L50, M, shiny|100/100
|turn|5
|
|t:|1783562288
|switch|p2a: Kingambit|Kingambit, L50, M|100/100
|move|p1b: Oranguru|Instruct|p1a: Skeledirge
|-singleturn|p1a: Skeledirge|move: Instruct|[of] p1b: Oranguru
|move|p1a: Skeledirge|Shadow Ball|p2b: Gallade
|-supereffective|p2b: Gallade|1
|-damage|p2b: Gallade|33/100
|move|p1a: Skeledirge|Shadow Ball|p2b: Gallade
|-supereffective|p2b: Gallade|1
|-damage|p2b: Gallade|0 fnt
|faint|p2b: Gallade
|
|-heal|p1a: Skeledirge|55/100|[from] item: Leftovers
|-fieldend|move: Trick Room
|upkeep
|
|t:|1783562301
|switch|p2b: Scovillain|Scovillain, L50, F|36/100
|turn|6
|
|t:|1783562326
|move|p1a: Skeledirge|Protect|p1a: Skeledirge
|-singleturn|p1a: Skeledirge|Protect
|move|p2b: Scovillain|Overheat|p1b: Oranguru
|-damage|p1b: Oranguru|41/100
|-unboost|p2b: Scovillain|spa|2
|move|p2a: Kingambit|Kowtow Cleave|p1a: Skeledirge
|-activate|p1a: Skeledirge|move: Protect
|move|p1b: Oranguru|Trick Room|p1b: Oranguru
|-fieldstart|move: Trick Room|[of] p1b: Oranguru
|
|-heal|p1a: Skeledirge|62/100|[from] item: Leftovers
|upkeep
|turn|7
|inactive|ashwino has 30 seconds left.
|inactive|ashwino has 20 seconds left.
|
|t:|1783562361
|move|p2b: Scovillain|Protect|p2b: Scovillain
|-singleturn|p2b: Scovillain|Protect
|move|p2a: Kingambit|Kowtow Cleave|p1a: Skeledirge
|-supereffective|p1a: Skeledirge|1
|-damage|p1a: Skeledirge|0 fnt
|faint|p1a: Skeledirge
|move|p1b: Oranguru|Instruct|p1: Skeledirge|[notarget]
|-fail|p1b: Oranguru
|
|upkeep
|
|t:|1783562369
|switch|p1a: Mawile|Mawile, L50, F|100/100
|turn|8
|inactive|Juiceman19 has 30 seconds left.
|inactive|ashwino has 30 seconds left.
|inactive|Juiceman19 has 20 seconds left.
|inactive|Juiceman19 has 15 seconds left.
|inactive|Juiceman19 has 10 seconds left.
|inactive|Juiceman19 has 5 seconds left.
|
|t:|1783562420
|detailschange|p1a: Mawile|Mawile-Mega, L50, F
|-mega|p1a: Mawile|Mawile|Mawilite
|move|p1a: Mawile|Play Rough|p2a: Kingambit|[miss]
|-miss|p1a: Mawile|p2a: Kingambit
|move|p2a: Kingambit|Kowtow Cleave|p1b: Oranguru
|-supereffective|p1b: Oranguru|1
|-enditem|p1b: Oranguru|Colbur Berry|[eat]
|-enditem|p1b: Oranguru|Colbur Berry|[weaken]
|-damage|p1b: Oranguru|0 fnt
|faint|p1b: Oranguru
|move|p2b: Scovillain|Overheat|p1a: Mawile
|-supereffective|p1a: Mawile|1
|-damage|p1a: Mawile|38/100
|-unboost|p2b: Scovillain|spa|2
|
|upkeep
|turn|9
|inactive|ashwino has 30 seconds left.
|
|t:|1783562449
|move|p2b: Scovillain|Rage Powder|p2b: Scovillain
|-singleturn|p2b: Scovillain|move: Rage Powder
|move|p1a: Mawile|Sucker Punch||[still]
|-fail|p1a: Mawile
|move|p2a: Kingambit|Iron Head|p1a: Mawile
|-damage|p1a: Mawile|0 fnt
|faint|p1a: Mawile
|
|win|ashwino
|c|☆ashwino|ggs
|c|☆Juiceman19|ggs
|l|☆ashwino
|player|p2|
|j|☆ashwino
|player|p2|ashwino|266|
