|j|☆CretaceousDraconid
|j|☆luckstat10
|html|CretaceousDraconidluckstat10    
|uhtml|bestof|Game 2 of a best-of-3
|t:|1757906462
|gametype|doubles
|player|p1|CretaceousDraconid|zinnia-masters|1133
|player|p2|luckstat10|dawn|1137
|gen|9
|tier|[Gen 9] VGC 2025 Reg H (Bo3)
|rated|
|rule|Species Clause: Limit one of each Pokémon
|rule|Item Clause: Limit 1 of each item
|clearpoke
|poke|p1|Rillaboom, L50, M|
|poke|p1|Arcanine-Hisui, L50, M|
|poke|p1|Salamence, L50, F|
|poke|p1|Garchomp, L50, M|
|poke|p1|Sneasler, L50, M|
|poke|p1|Kingambit, L50, M|
|poke|p2|Rillaboom, L50, M|
|poke|p2|Volcarona, L50, F|
|poke|p2|Incineroar, L50, M|
|poke|p2|Ninetales-Alola, L50, F|
|poke|p2|Annihilape, L50, M|
|poke|p2|Milotic, L50, F|
|teampreview|4
|showteam|p1|Rillaboom||AssaultVest|GrassySurge|FakeOut,HighHorsepower,GrassyGlide,WoodHammer|||M|||50|,,,,,Fire]Arcanine-Hisui||ClearAmulet|Intimidate|ExtremeSpeed,RockSlide,FlareBlitz,Protect|||M|||50|,,,,,Normal]Salamence||CovertCloak|Intimidate|Hurricane,Tailwind,DracoMeteor,Protect|||F|||50|,,,,,Steel]Garchomp||LoadedDice|RoughSkin|StompingTantrum,Earthquake,ScaleShot,Protect|||M|||50|,,,,,Fairy]Sneasler||FocusSash|PoisonTouch|DireClaw,CloseCombat,Coaching,Protect|||M|||50|,,,,,Fairy]Kingambit||BlackGlasses|Defiant|KowtowCleave,LowKick,SuckerPunch,Protect|||M|||50|,,,,,Dark
|showteam|p2|Rillaboom||AssaultVest|GrassySurge|FakeOut,WoodHammer,GrassyGlide,HighHorsepower|||M|||50|,,,,,Fire]Volcarona||GrassySeed|FlameBody|QuiverDance,HeatWave,GigaDrain,Protect|||F|||50|,,,,,Grass]Incineroar||SafetyGoggles|Intimidate|FakeOut,KnockOff,FlareBlitz,Taunt|||M|||50|,,,,,Ghost]Ninetales-Alola||CovertCloak|SnowWarning|AuroraVeil,Blizzard,Moonblast,Protect|||F|||50|,,,,,Poison]Annihilape||Leftovers|Defiant|BulkUp,RageFist,DrainPunch,Protect|||M|||50|,,,,,Water]Milotic||FlameOrb|MarvelScale|Scald,IcyWind,Haze,Recover|||F|||50|,,,,,Dragon
|
|t:|1757906494
|teamsize|p1|4
|teamsize|p2|4
|start
|switch|p1a: Salamence|Salamence, L50, F|100/100
|switch|p1b: TheFuckYouGuy|Sneasler, L50, M|100/100
|switch|p2a: Annihilape|Annihilape, L50, M, shiny|100/100
|switch|p2b: Esdeath|Ninetales-Alola, L50, F|100/100
|-weather|Snowscape|[from] ability: Snow Warning|[of] p2b: Esdeath
|-ability|p1a: Salamence|Intimidate|boost
|-unboost|p2a: Annihilape|atk|1
|-ability|p2a: Annihilape|Defiant|boost
|-boost|p2a: Annihilape|atk|2
|-unboost|p2b: Esdeath|atk|1
|turn|1
|
|t:|1757906514
|switch|p2a: Milotic|Milotic, L50, F, shiny|100/100
|move|p1b: TheFuckYouGuy|Dire Claw|p2b: Esdeath
|-supereffective|p2b: Esdeath
|-damage|p2b: Esdeath|28/100
|move|p2b: Esdeath|Aurora Veil|p2b: Esdeath
|-sidestart|p2: luckstat10|move: Aurora Veil
|move|p1a: Salamence|Tailwind|p1a: Salamence
|-sidestart|p1: CretaceousDraconid|move: Tailwind
|
|-weather|Snowscape|[upkeep]
|-status|p2a: Milotic|brn|[from] item: Flame Orb
|upkeep
|turn|2
|
|t:|1757906564
|switch|p2b: Mittens|Incineroar, L50, M, shiny|100/100
|-ability|p2b: Mittens|Intimidate|boost
|-unboost|p1a: Salamence|atk|1
|-unboost|p1b: TheFuckYouGuy|atk|1
|move|p1b: TheFuckYouGuy|Close Combat|p2b: Mittens
|-supereffective|p2b: Mittens
|-damage|p2b: Mittens|60/100
|-unboost|p1b: TheFuckYouGuy|def|1
|-unboost|p1b: TheFuckYouGuy|spd|1
|move|p1a: Salamence|Hurricane|p2a: Milotic
|-damage|p2a: Milotic|72/100 brn
|move|p2a: Milotic|Scald|p1b: TheFuckYouGuy
|-damage|p1b: TheFuckYouGuy|30/100
|
|-weather|Snowscape|[upkeep]
|-damage|p2a: Milotic|66/100 brn|[from] brn
|upkeep
|turn|3
|
|t:|1757906586
|switch|p1a: Rillaboom|Rillaboom, L50, M|100/100
|-fieldstart|move: Grassy Terrain|[from] ability: Grassy Surge|[of] p1a: Rillaboom
|move|p1b: TheFuckYouGuy|Coaching|p1a: Rillaboom
|-boost|p1a: Rillaboom|atk|1
|-boost|p1a: Rillaboom|def|1
|move|p2a: Milotic|Icy Wind|p1b: TheFuckYouGuy|[spread] p1a
|-miss|p2a: Milotic|p1b: TheFuckYouGuy
|-supereffective|p1a: Rillaboom
|-damage|p1a: Rillaboom|87/100
|-unboost|p1a: Rillaboom|spe|1
|move|p2b: Mittens|Flare Blitz|p1a: Rillaboom
|-supereffective|p1a: Rillaboom
|-damage|p1a: Rillaboom|25/100
|-damage|p2b: Mittens|40/100|[from] Recoil
|
|-weather|Snowscape|[upkeep]
|-heal|p1b: TheFuckYouGuy|36/100|[from] Grassy Terrain
|-heal|p1a: Rillaboom|31/100|[from] Grassy Terrain
|-heal|p2a: Milotic|72/100 brn|[from] Grassy Terrain
|-heal|p2b: Mittens|46/100|[from] Grassy Terrain
|-damage|p2a: Milotic|66/100 brn|[from] brn
|upkeep
|turn|4
|
|t:|1757906621
|-terastallize|p1a: Rillaboom|Fire
|-terastallize|p2a: Milotic|Dragon
|move|p1b: TheFuckYouGuy|Close Combat|p2a: Milotic
|-damage|p2a: Milotic|52/100 brn
|-unboost|p1b: TheFuckYouGuy|def|1
|-unboost|p1b: TheFuckYouGuy|spd|1
|move|p1a: Rillaboom|Wood Hammer|p2a: Milotic
|-resisted|p2a: Milotic
|-damage|p2a: Milotic|30/100 brn
|-damage|p1a: Rillaboom|24/100|[from] Recoil
|move|p2a: Milotic|Scald|p1b: TheFuckYouGuy
|-damage|p1b: TheFuckYouGuy|0 fnt
|faint|p1b: TheFuckYouGuy
|move|p2b: Mittens|Flare Blitz|p1a: Rillaboom
|-resisted|p1a: Rillaboom
|-damage|p1a: Rillaboom|10/100
|-damage|p2b: Mittens|41/100|[from] Recoil
|
|-weather|Snowscape|[upkeep]
|-heal|p1a: Rillaboom|15/100|[from] Grassy Terrain
|-heal|p2a: Milotic|36/100 brn|[from] Grassy Terrain
|-heal|p2b: Mittens|47/100|[from] Grassy Terrain
|-damage|p2a: Milotic|30/100 brn|[from] brn
|-sideend|p1: CretaceousDraconid|move: Tailwind
|upkeep
|
|t:|1757906634
|switch|p1b: Salamence|Salamence, L50, F|100/100
|-ability|p1b: Salamence|Intimidate|boost
|-unboost|p2a: Milotic|atk|1
|-unboost|p2b: Mittens|atk|1
|turn|5
|
|t:|1757906654
|switch|p2a: Esdeath|Ninetales-Alola, L50, F|28/100
|move|p1b: Salamence|Tailwind|p1b: Salamence
|-sidestart|p1: CretaceousDraconid|move: Tailwind
|move|p1a: Rillaboom|High Horsepower|p2b: Mittens
|-supereffective|p2b: Mittens
|-damage|p2b: Mittens|0 fnt
|faint|p2b: Mittens
|
|-weather|none
|-heal|p2a: Esdeath|34/100|[from] Grassy Terrain
|-heal|p1a: Rillaboom|21/100|[from] Grassy Terrain
|-sideend|p2: luckstat10|move: Aurora Veil
|upkeep
|
|t:|1757906664
|switch|p2b: Milotic|Milotic, L50, F, shiny, tera:Dragon|30/100 brn
|turn|6
|
|t:|1757906686
|switch|p2a: Annihilape|Annihilape, L50, M, shiny|100/100
|move|p1a: Rillaboom|Grassy Glide|p2a: Annihilape
|-damage|p2a: Annihilape|45/100
|move|p1b: Salamence|Hurricane|p2b: Milotic
|-damage|p2b: Milotic|0 fnt
|faint|p2b: Milotic
|
|-heal|p2a: Annihilape|51/100|[from] Grassy Terrain
|-heal|p2a: Annihilape|58/100|[from] item: Leftovers
|-heal|p1a: Rillaboom|27/100|[from] Grassy Terrain
|upkeep
|
|t:|1757906694
|switch|p2b: Esdeath|Ninetales-Alola, L50, F|34/100
|-weather|Snowscape|[from] ability: Snow Warning|[of] p2b: Esdeath
|turn|7
|
|t:|1757906708
|move|p1a: Rillaboom|Grassy Glide|p2b: Esdeath
|-damage|p2b: Esdeath|0 fnt
|faint|p2b: Esdeath
|move|p1b: Salamence|Hurricane|p2a: Annihilape
|-supereffective|p2a: Annihilape
|-damage|p2a: Annihilape|0 fnt
|faint|p2a: Annihilape
|
|win|CretaceousDraconid
|raw|CretaceousDraconid's rating: 1133 → 1158(+25 for winning)
|raw|luckstat10's rating: 1137 → 1112(-25 for losing)
|l|☆luckstat10
|player|p2|
