|j|☆palle synchro
|j|☆lryuzaki13
|html|palle synchrolryuzaki13    
|uhtml|bestof|Game 1 of a best-of-3
|t:|1785852626
|gametype|doubles
|player|p1|palle synchro|ethan|1421
|player|p2|lryuzaki13|n|1441
|gen|9
|tier|[Gen 9 Champions] VGC 2026 Reg M-B (Bo3)
|rated|
|rule|Species Clause: Limit one of each Pokémon
|rule|Item Clause: Limit 1 of each item
|clearpoke
|poke|p1|Whimsicott, L50, F|
|poke|p1|Basculegion, L50, M|
|poke|p1|Kingambit, L50, F|
|poke|p1|Floette-Eternal, L50, F|
|poke|p1|Garchomp, L50, M|
|poke|p1|Charizard, L50, F|
|poke|p2|Sneasler, L50, M, shiny|
|poke|p2|Floette-Eternal, L50, F|
|poke|p2|Kingambit, L50, M, shiny|
|poke|p2|Whimsicott, L50, F, shiny|
|poke|p2|Garchomp, L50, M, shiny|
|poke|p2|Basculegion, L50, M, shiny|
|teampreview|4
|showteam|p1|Whimsicott||FocusSash|Prankster|Protect,Moonblast,Tailwind,Encore|Timid||F|||50|]Basculegion||MysticWater|Adaptability|WaveCrash,Protect,LastRespects,AquaJet|Adamant||M|||50|]Kingambit||ChopleBerry|Defiant|KowtowCleave,LowKick,SuckerPunch,IronHead|Adamant||F|||50|]Floette-Eternal||Floettite|FlowerVeil|Moonblast,DazzlingGleam,LightofRuin,Protect|Modest||F|||50|]Garchomp||LifeOrb|RoughSkin|Protect,StompingTantrum,DragonClaw,RockSlide|Jolly||M|||50|]Charizard||CharizarditeY|Blaze|HeatWave,SolarBeam,WeatherBall,Protect|Modest||F|||50|
|showteam|p2|Sneasler||WhiteHerb|Unburden|CloseCombat,GunkShot,FakeOut,Protect|Jolly||M|||50|]Floette-Eternal||Floettite|FlowerVeil|DazzlingGleam,LightofRuin,Moonblast,Protect|Timid||F|||50|]Kingambit||BlackGlasses|Defiant|KowtowCleave,SuckerPunch,SwordsDance,Protect|Adamant||M|||50|]Whimsicott||MentalHerb|Prankster|Encore,Moonblast,Protect,Tailwind|Timid||F|||50|]Garchomp||LifeOrb|RoughSkin|Earthquake,Protect,RockSlide,StompingTantrum|Jolly||M|||50|]Basculegion||FocusSash|Adaptability|LastRespects,Liquidation,AquaJet,Protect|Adamant||M|||50|
|inactive|Battle timer is ON: inactive players will automatically lose when time's up. (requested by palle synchro)
|
|t:|1785852672
|teamsize|p1|4
|teamsize|p2|4
|start
|switch|p1a: Whimsicott|Whimsicott, L50, F|100/100
|switch|p1b: Basculegion|Basculegion, L50, M|100/100
|switch|p2a: Bishop|Whimsicott, L50, F, shiny|100/100
|switch|p2b: Rook|Sneasler, L50, M, shiny|100/100
|turn|1
|
|t:|1785852693
|move|p1a: Whimsicott|Tailwind|p1a: Whimsicott
|-sidestart|p1: palle synchro|move: Tailwind
|move|p1b: Basculegion|Wave Crash|p2b: Rook
|-damage|p2b: Rook|0 fnt
|faint|p2b: Rook
|-damage|p1b: Basculegion|74/100|[from] Recoil
|move|p2a: Bishop|Moonblast|p1a: Whimsicott
|-crit|p1a: Whimsicott
|-damage|p1a: Whimsicott|7/100
|
|upkeep
|
|t:|1785852706
|switch|p2b: Knight|Garchomp, L50, M, shiny|100/100
|turn|2
|
|t:|1785852717
|move|p2b: Knight|Protect|p2b: Knight
|-singleturn|p2b: Knight|Protect
|move|p1a: Whimsicott|Encore|p2a: Bishop
|-start|p2a: Bishop|Encore
|-enditem|p2a: Bishop|Mental Herb
|-end|p2a: Bishop|Encore
|move|p2a: Bishop|Encore||[still]
|-fail|p2a: Bishop
|move|p1b: Basculegion|Last Respects|p2a: Bishop
|-crit|p2a: Bishop
|-damage|p2a: Bishop|32/100
|
|upkeep
|turn|3
|
|t:|1785852730
|switch|p2b: Pawn|Basculegion, L50, M, shiny|100/100
|move|p1a: Whimsicott|Encore||[still]
|-fail|p1a: Whimsicott
|move|p2a: Bishop|Tailwind|p2a: Bishop
|-sidestart|p2: lryuzaki13|move: Tailwind
|move|p1b: Basculegion|Last Respects|p2a: Bishop
|-damage|p2a: Bishop|0 fnt
|faint|p2a: Bishop
|
|upkeep
|
|t:|1785852735
|switch|p2a: Knight|Garchomp, L50, M, shiny|100/100
|turn|4
|inactive|lryuzaki13 has 30 seconds left.
|
|t:|1785852762
|move|p1a: Whimsicott|Protect|p1a: Whimsicott
|-singleturn|p1a: Whimsicott|Protect
|move|p1b: Basculegion|Aqua Jet|p2b: Pawn
|-resisted|p2b: Pawn|1
|-damage|p2b: Pawn|80/100
|move|p2a: Knight|Stomping Tantrum|p1a: Whimsicott
|-activate|p1a: Whimsicott|move: Protect
|move|p2b: Pawn|Last Respects|p1b: Basculegion
|-supereffective|p1b: Basculegion|1
|-damage|p1b: Basculegion|0 fnt
|faint|p1b: Basculegion
|
|-sideend|p1: palle synchro|move: Tailwind
|upkeep
|
|t:|1785852774
|switch|p1b: Floette|Floette-Eternal, L50, F|100/100
|turn|5
|
|t:|1785852787
|detailschange|p1b: Floette|Floette-Mega, L50, F
|-mega|p1b: Floette|Floette|Floettite
|-ability|p1b: Floette|Fairy Aura
|move|p2a: Knight|Protect|p2a: Knight
|-singleturn|p2a: Knight|Protect
|move|p2b: Pawn|Aqua Jet|p1a: Whimsicott
|-resisted|p1a: Whimsicott|1
|-damage|p1a: Whimsicott|0 fnt
|faint|p1a: Whimsicott
|move|p1b: Floette|Moonblast|p2b: Pawn
|-damage|p2b: Pawn|0 fnt
|faint|p2b: Pawn
|
|upkeep
|
|t:|1785852794
|switch|p1a: Garchomp|Garchomp, L50, M|100/100
|turn|6
|
|t:|1785852805
|move|p1a: Garchomp|Protect|p1a: Garchomp
|-singleturn|p1a: Garchomp|Protect
|move|p1b: Floette|Protect|p1b: Floette
|-singleturn|p1b: Floette|Protect
|move|p2a: Knight|Rock Slide|p1a: Garchomp|[spread] 
|-activate|p1a: Garchomp|move: Protect
|-activate|p1b: Floette|move: Protect
|
|-sideend|p2: lryuzaki13|move: Tailwind
|upkeep
|turn|7
|
|t:|1785852809
|move|p1a: Garchomp|Dragon Claw|p2a: Knight
|-supereffective|p2a: Knight|1
|-damage|p2a: Knight|0 fnt
|-damage|p1a: Garchomp|87/100|[from] ability: Rough Skin|[of] p2a: Knight
|faint|p2a: Knight
|-damage|p1a: Garchomp|77/100|[from] item: Life Orb
|
|win|palle synchro
