|j|☆Isam_26011
|j|☆Pickle315
|html|Isam_26011Pickle315    
|uhtml|bestof|Game 1 of a best-of-3
|t:|1756952992
|gametype|doubles
|player|p1|Isam_26011|n|1083
|player|p2|Pickle315|hilbert|1040
|gen|9
|tier|[Gen 9] VGC 2025 Reg H (Bo3)
|rated|
|rule|Species Clause: Limit one of each Pokémon
|rule|Item Clause: Limit 1 of each item
|clearpoke
|poke|p1|Indeedee-F, L50, F|
|poke|p1|Hatterene, L50, F|
|poke|p1|Gallade, L50, M|
|poke|p1|Ursaluna, L50, M|
|poke|p1|Sunflora, L50, M|
|poke|p1|Torkoal, L50, M|
|poke|p2|Torkoal, L50, F|
|poke|p2|Amoonguss, L50, M|
|poke|p2|Charizard, L50, F|
|poke|p2|Kingambit, L50, M|
|poke|p2|Rillaboom, L50, M|
|poke|p2|Dragapult, L50, F|
|teampreview|4
|showteam|p1|Indeedee-F||PsychicSeed|PsychicSurge|TrickRoom,FollowMe,HelpingHand,DazzlingGleam|||F|||50|,,,,,Fire]Hatterene||LifeOrb|MagicBounce|ExpandingForce,TrickRoom,DazzlingGleam,Protect|||F|||50|,,,,,Psychic]Gallade||ClearAmulet|Sharpness|PsychoCut,TrickRoom,SacredSword,WideGuard|||M|||50|,,,,,Grass]Ursaluna||FlameOrb|Guts|HeadlongRush,Facade,SwordsDance,Protect|||M|||50|,,,,,Ghost]Sunflora||AssaultVest|SolarPower|EnergyBall,WeatherBall,SludgeBomb,EarthPower|||M|||50|,,,,,Fire]Torkoal||ChoiceSpecs|Drought|Eruption,HeatWave,WeatherBall,EarthPower|||M|||50|,,,,,Fire
|showteam|p2|Torkoal||SafetyGoggles|Drought|BodyPress,HeatWave,HelpingHand,WillOWisp|||F|||50|,,,,,Fighting]Amoonguss||RockyHelmet|Regenerator|PollenPuff,RagePowder,Spore,Synthesis|||M|||50|,,,,,Water]Charizard||LifeOrb|SolarPower|TeraBlast,HeatWave,Protect,SolarBeam|||F|||50|,,,,,Flying]Kingambit||AssaultVest|Defiant|KowtowCleave,IronHead,SuckerPunch,BrickBreak|||M|||50|,,,,,Ghost]Rillaboom||SitrusBerry|GrassySurge|HighHorsepower,GrassyGlide,SolarBlade,FakeOut|||M|||50|,,,,,Electric]Dragapult||ColburBerry|ClearBody|SunnyDay,Protect,DracoMeteor,Thunderbolt|||F|||50|,,,,,Steel
|c|☆Isam_26011|Hi
|c|☆Pickle315|hi
|c|☆Isam_26011|How are u? :D
|c|☆Pickle315|im alright, i just made a stupid mistake in my last game
|c|☆Pickle315|wbu
|
|t:|1756953039
|teamsize|p1|4
|teamsize|p2|4
|start
|switch|p1a: Paty|Indeedee-F, L50, F, shiny|100/100
|switch|p1b: Acelga|Hatterene, L50, F, shiny|100/100
|switch|p2a: Torkoal|Torkoal, L50, F|100/100
|switch|p2b: Charizard|Charizard, L50, F|100/100
|-fieldstart|move: Psychic Terrain|[from] ability: Psychic Surge|[of] p1a: Paty
|-enditem|p1a: Paty|Psychic Seed
|-boost|p1a: Paty|spd|1|[from] item: Psychic Seed
|-weather|SunnyDay|[from] ability: Drought|[of] p2a: Torkoal
|turn|1
|
|t:|1756953053
|-terastallize|p1a: Paty|Fire
|move|p2a: Torkoal|Helping Hand|p2b: Charizard
|-singleturn|p2b: Charizard|Helping Hand|[of] p2a: Torkoal
|move|p1b: Acelga|Protect|p1b: Acelga
|-singleturn|p1b: Acelga|Protect
|move|p2b: Charizard|Heat Wave|p1b: Acelga|[spread] p1a
|-activate|p1b: Acelga|move: Protect
|-resisted|p1a: Paty
|-damage|p1a: Paty|54/100
|-damage|p2b: Charizard|91/100|[from] item: Life Orb
|move|p1a: Paty|Trick Room|p1a: Paty
|-fieldstart|move: Trick Room|[of] p1a: Paty
|
|-weather|SunnyDay|[upkeep]
|-damage|p2b: Charizard|78/100|[from] ability: Solar Power|[of] p2b: Charizard
|upkeep
|turn|2
|
|t:|1756953072
|move|p1a: Paty|Helping Hand|p1b: Acelga
|-singleturn|p1b: Acelga|Helping Hand|[of] p1a: Paty
|move|p2b: Charizard|Protect|p2b: Charizard
|-singleturn|p2b: Charizard|Protect
|move|p2a: Torkoal|Body Press|p1a: Paty
|-damage|p1a: Paty|24/100
|move|p1b: Acelga|Expanding Force|p2a: Torkoal|[spread] p2a
|-activate|p2b: Charizard|move: Protect
|-damage|p2a: Torkoal|0 fnt
|faint|p2a: Torkoal
|-damage|p1b: Acelga|91/100|[from] item: Life Orb
|
|-weather|SunnyDay|[upkeep]
|-damage|p2b: Charizard|66/100|[from] ability: Solar Power|[of] p2b: Charizard
|upkeep
|
|t:|1756953088
|switch|p2a: Rillaboom|Rillaboom, L50, M|100/100
|-fieldstart|move: Grassy Terrain|[from] ability: Grassy Surge|[of] p2a: Rillaboom
|turn|3
|c|☆Isam_26011|I have to play on Saturday in a league and I am practicing, the power of God Sunflora will be demonstrated.
|
|t:|1756953157
|switch|p1a: Mbappe|Torkoal, L50, M, shiny|100/100
|move|p1b: Acelga|Protect|p1b: Acelga
|-singleturn|p1b: Acelga|Protect
|move|p2a: Rillaboom|Fake Out|p1b: Acelga
|-activate|p1b: Acelga|move: Protect
|move|p2b: Charizard|Heat Wave|p1b: Acelga|[spread] p1a
|-activate|p1b: Acelga|move: Protect
|-resisted|p1a: Mbappe
|-damage|p1a: Mbappe|31/100
|-damage|p2b: Charizard|56/100|[from] item: Life Orb
|
|-weather|SunnyDay|[upkeep]
|-damage|p2b: Charizard|44/100|[from] ability: Solar Power|[of] p2b: Charizard
|-heal|p1a: Mbappe|37/100|[from] Grassy Terrain
|-heal|p1b: Acelga|97/100|[from] Grassy Terrain
|upkeep
|turn|4
|
|t:|1756953199
|switch|p2a: Kingambit|Kingambit, L50, M|100/100
|move|p2b: Charizard|Protect|p2b: Charizard
|-singleturn|p2b: Charizard|Protect
|move|p1a: Mbappe|Weather Ball|p2a: Kingambit
|-supereffective|p2a: Kingambit
|-damage|p2a: Kingambit|0 fnt
|faint|p2a: Kingambit
|move|p1b: Acelga|Expanding Force|p2b: Charizard
|-activate|p2b: Charizard|move: Protect
|
|-weather|SunnyDay|[upkeep]
|-damage|p2b: Charizard|32/100|[from] ability: Solar Power|[of] p2b: Charizard
|-heal|p1a: Mbappe|43/100|[from] Grassy Terrain
|-heal|p1b: Acelga|100/100|[from] Grassy Terrain
|upkeep
|
|t:|1756953213
|switch|p2a: Rillaboom|Rillaboom, L50, M|100/100
|turn|5
|
|t:|1756953236
|switch|p1a: Paty|Indeedee-F, L50, F, shiny, tera:Fire|24/100
|-fieldstart|move: Psychic Terrain|[from] ability: Psychic Surge|[of] p1a: Paty
|move|p1b: Acelga|Protect|p1b: Acelga
|-singleturn|p1b: Acelga|Protect
|move|p2a: Rillaboom|Fake Out|p1b: Acelga
|-activate|p1b: Acelga|move: Psychic Terrain
|move|p2b: Charizard|Heat Wave|p1a: Paty|[spread] p1a
|-activate|p1b: Acelga|move: Protect
|-resisted|p1a: Paty
|-damage|p1a: Paty|0 fnt
|faint|p1a: Paty
|-damage|p2b: Charizard|22/100|[from] item: Life Orb
|
|-weather|none
|-fieldend|move: Trick Room
|upkeep
|
|t:|1756953258
|switch|p1a: GOD|Sunflora, L50, M|100/100
|turn|6
|c|☆Pickle315|you shouldnt have protected with psy terrain
|c|☆Pickle315|i was expecting to lose'
|c|☆Pickle315|and my mouth is bleeding rn
|
|t:|1756953279
|move|p2b: Charizard|Heat Wave|p1a: GOD|[spread] p1a,p1b
|-supereffective|p1a: GOD
|-damage|p1a: GOD|34/100
|-damage|p1b: Acelga|51/100
|-damage|p2b: Charizard|12/100|[from] item: Life Orb
|move|p2a: Rillaboom|Grassy Glide|p1b: Acelga
|-crit|p1b: Acelga
|-damage|p1b: Acelga|7/100
|move|p1a: GOD|Sludge Bomb|p2b: Charizard
|-damage|p2b: Charizard|0 fnt
|faint|p2b: Charizard
|move|p1b: Acelga|Trick Room|p1b: Acelga
|-fieldstart|move: Trick Room|[of] p1b: Acelga
|
|upkeep
|turn|7
|
|t:|1756953300
|move|p1b: Acelga|Expanding Force|p2a: Rillaboom
|-damage|p2a: Rillaboom|0 fnt
|faint|p2a: Rillaboom
|-damage|p1b: Acelga|0 fnt|[from] item: Life Orb
|faint|p1b: Acelga
|
|win|Isam_26011
|c|☆Isam_26011|GOD SUNFLORA.
|inactive|Isam_26011 has 30 seconds to confirm battle start!
|inactive|Pickle315 has 30 seconds to confirm battle start!
||Isam_26011 is ready for game 2.
|inactive|Pickle315 has 20 seconds to confirm battle start!
||Pickle315 is ready for game 2.
|uhtml|next|Next: Game 2 of 3
