|j|☆joseanfox
|j|☆lettitripppp
|html|joseanfoxlettitripppp    
|uhtml|bestof|Game 2 of a best-of-3
|t:|1783027798
|gametype|doubles
|player|p1|joseanfox|dawn|1114
|player|p2|lettitripppp|lucas|1166
|gen|9
|tier|[Gen 9 Champions] VGC 2026 Reg M-B (Bo3)
|rated|
|rule|Species Clause: Limit one of each Pokémon
|rule|Item Clause: Limit 1 of each item
|clearpoke
|poke|p1|Staraptor, L50, F|
|poke|p1|Sinistcha, L50|
|poke|p1|Archaludon, L50, F|
|poke|p1|Raichu, L50, F|
|poke|p1|Pelipper, L50, M|
|poke|p1|Grimmsnarl, L50, M|
|poke|p2|Charizard, L50, M|
|poke|p2|Floette-Eternal, L50, F|
|poke|p2|Basculegion, L50, M, shiny|
|poke|p2|Garchomp, L50, M|
|poke|p2|Whimsicott, L50, M, shiny|
|poke|p2|Kingambit, L50, F|
|teampreview|4
|showteam|p1|Staraptor||Staraptite|Intimidate|CloseCombat,Roost,Protect,BraveBird|Adamant||F|||50|]Sinistcha||FocusSash|Hospitality|MatchaGotcha,ShadowBall,RagePowder,StrengthSap|Modest|||||50|]Archaludon||QuickClaw|Sturdy|AuraSphere,ElectroShot,FlashCannon,DracoMeteor|Timid||F|||50|]Raichu||RaichuniteX|LightningRod|FakeOut,BrickBreak,VoltTackle,VoltSwitch|Jolly||F|||50|]Pelipper||DampRock|Drizzle|WeatherBall,WideGuard,Hurricane,Tailwind|Serious||M|||50|]Grimmsnarl||LightClay|Prankster|LightScreen,Reflect,PartingShot,SpiritBreak|Relaxed||M|||50|
|showteam|p2|Charizard||CharizarditeY|Blaze|WeatherBall,SolarBeam,HeatWave,Protect|Modest||M|||50|]Floette-Eternal||Floettite|FlowerVeil|DazzlingGleam,LightofRuin,Moonblast,Protect|Timid||F|||50|]Basculegion||MysticWater|Adaptability|LastRespects,WaveCrash,AquaJet,Protect|Adamant||M|||50|]Garchomp||LifeOrb|RoughSkin|DragonClaw,Earthquake,RockSlide,Protect|Jolly||M|||50|]Whimsicott||FocusSash|Prankster|Moonblast,Tailwind,Encore,Protect|Timid||M|||50|]Kingambit||ChopleBerry|Defiant|KowtowCleave,SuckerPunch,IronHead,LowKick|Adamant||F|||50|
|inactive|Battle timer is ON: inactive players will automatically lose when time's up. (requested by lettitripppp)
|
|t:|1783027816
|teamsize|p1|4
|teamsize|p2|4
|start
|switch|p1a: Salchipapa|Archaludon, L50, F|100/100
|switch|p1b: Veil|Pelipper, L50, M|100/100
|switch|p2a: RUINOUS LIGHT|Floette-Eternal, L50, F|100/100
|switch|p2b: LETS GO GO|Whimsicott, L50, M, shiny|100/100
|-weather|RainDance|[from] ability: Drizzle|[of] p1b: Veil
|turn|1
|
|t:|1783027835
|detailschange|p2a: RUINOUS LIGHT|Floette-Mega, L50, F
|-mega|p2a: RUINOUS LIGHT|Floette|Floettite
|-ability|p2a: RUINOUS LIGHT|Fairy Aura
|move|p1b: Veil|Wide Guard|p1b: Veil
|-singleturn|p1b: Veil|Wide Guard
|move|p2b: LETS GO GO|Moonblast|p1a: Salchipapa
|-damage|p1a: Salchipapa|46/100
|move|p2a: RUINOUS LIGHT|Moonblast|p1a: Salchipapa
|-damage|p1a: Salchipapa|0 fnt
|faint|p1a: Salchipapa
|
|-weather|RainDance|[upkeep]
|upkeep
|
|t:|1783027852
|switch|p1a: Persida|Raichu, L50, F|100/100
|turn|2
|
|t:|1783027868
|detailschange|p1a: Persida|Raichu-Mega-X, L50, F
|-mega|p1a: Persida|Raichu|Raichunite X
|-fieldstart|move: Electric Terrain|[from] ability: Electric Surge|[of] p1a: Persida
|move|p1a: Persida|Fake Out|p2a: RUINOUS LIGHT
|-damage|p2a: RUINOUS LIGHT|78/100
|move|p2b: LETS GO GO|Encore|p1b: Veil
|-start|p1b: Veil|Encore
|move|p1b: Veil|Wide Guard|p1b: Veil
|-singleturn|p1b: Veil|Wide Guard
|cant|p2a: RUINOUS LIGHT|flinch
|
|-weather|RainDance|[upkeep]
|upkeep
|turn|3
|
|t:|1783027887
|switch|p1b: Mate|Sinistcha, L50|100/100
|move|p2a: RUINOUS LIGHT|Protect|p2a: RUINOUS LIGHT
|-singleturn|p2a: RUINOUS LIGHT|Protect
|move|p2b: LETS GO GO|Tailwind|p2b: LETS GO GO
|-sidestart|p2: lettitripppp|move: Tailwind
|move|p1a: Persida|Volt Tackle|p2a: RUINOUS LIGHT
|-activate|p2a: RUINOUS LIGHT|move: Protect
|
|-weather|RainDance|[upkeep]
|upkeep
|turn|4
|
|t:|1783027906
|move|p1b: Mate|Rage Powder|p1b: Mate
|-singleturn|p1b: Mate|move: Rage Powder
|move|p2b: LETS GO GO|Moonblast|p1a: Persida
|-damage|p1a: Persida|43/100
|move|p2a: RUINOUS LIGHT|Dazzling Gleam|p1b: Mate|[spread] p1a,p1b
|-damage|p1a: Persida|0 fnt
|-damage|p1b: Mate|55/100
|faint|p1a: Persida
|
|-weather|RainDance|[upkeep]
|upkeep
|
|t:|1783027925
|switch|p1a: Veil|Pelipper, L50, M|100/100
|turn|5
|
|t:|1783027940
|move|p2b: LETS GO GO|Moonblast|p1a: Veil
|-damage|p1a: Veil|55/100
|move|p2a: RUINOUS LIGHT|Moonblast|p1b: Mate
|-damage|p1b: Mate|0 fnt
|faint|p1b: Mate
|move|p1a: Veil|Tailwind|p1a: Veil
|-sidestart|p1: joseanfox|move: Tailwind
|
|-weather|RainDance|[upkeep]
|upkeep
|turn|6
|
|t:|1783027953
|move|p2b: LETS GO GO|Encore|p1a: Veil
|-start|p1a: Veil|Encore
|move|p2a: RUINOUS LIGHT|Light of Ruin|p1a: Veil
|-damage|p1a: Veil|0 fnt
|faint|p1a: Veil
|-damage|p2a: RUINOUS LIGHT|48/100|[from] Recoil
|
|win|lettitripppp
|raw|joseanfox's rating: 1114 → 1093(-21 for losing)
|raw|lettitripppp's rating: 1166 → 1187(+21 for winning)
