|j|☆lorenzopoke
|j|☆LuxCux
|html|lorenzopokeLuxCux    
|uhtml|bestof|Game 2 of a best-of-3
|t:|1784156433
|gametype|doubles
|player|p1|lorenzopoke|red|1099
|player|p2|LuxCux|1|1000
|gen|9
|tier|[Gen 9 Champions] VGC 2026 Reg M-B (Bo3)
|rated|
|rule|Species Clause: Limit one of each Pokémon
|rule|Item Clause: Limit 1 of each item
|clearpoke
|poke|p1|Staraptor, L50, F|
|poke|p1|Farigiraf, L50, M|
|poke|p1|Sylveon, L50, M|
|poke|p1|Torkoal, L50, M|
|poke|p1|Ampharos, L50, M|
|poke|p1|Kangaskhan, L50, F|
|poke|p2|Raichu, L50, M, shiny|
|poke|p2|Luxray, L50, F, shiny|
|poke|p2|Ninetales-Alola, L50, F|
|poke|p2|Whimsicott, L50, M|
|poke|p2|Incineroar, L50, F|
|poke|p2|Swampert, L50, M|
|teampreview|4
|showteam|p1|Staraptor||ChoiceScarf|Intimidate|BraveBird,CloseCombat,Uturn,FinalGambit|Jolly||F|||50|]Farigiraf||SitrusBerry|ArmorTail|HelpingHand,TwinBeam,Thunderbolt,TrickRoom|Sassy||M|||50|]Sylveon||FairyFeather|Pixilate|HyperVoice,QuickAttack,HyperBeam,Detect|Quiet||M|||50|]Torkoal||Charcoal|Drought|Eruption,WeatherBall,HeatWave,Protect|Quiet||M|||50|]Ampharos||Ampharosite|Static|Thunderbolt,DragonPulse,PowerGem,Protect|Quiet||M|||50|]Kangaskhan||Kangaskhanite|Scrappy|HammerArm,FakeOut,DoubleEdge,RockTomb|Adamant||F|||50|
|showteam|p2|Raichu||RaichuniteX|Static|FakeOut,HelpingHand,Protect,VoltTackle|Adamant||M|||50|]Luxray||SitrusBerry|Intimidate|IceFang,RisingVoltage,Protect,Snarl|Modest||F|||50|]Ninetales-Alola||FocusSash|SnowWarning|Blizzard,FreezeDry,Protect,NastyPlot|Timid||F|||50|]Whimsicott||FairyFeather|Prankster|Moonblast,EnergyBall,Tailwind,Protect|Modest||M|||50|]Incineroar||PasshoBerry|Intimidate|FakeOut,FlareBlitz,PartingShot,ThroatChop|Careful||F|||50|]Swampert||MysticWater|Torrent|KnockOff,WaveCrash,WideGuard,PoisonJab|Adamant||M|||50|
|
|t:|1784156477
|teamsize|p1|4
|teamsize|p2|4
|start
|switch|p1a: Staraptor|Staraptor, L50, F|100/100
|switch|p1b: Farigiraf|Farigiraf, L50, M|100/100
|switch|p2a: Raichu|Raichu, L50, M, shiny|100/100
|switch|p2b: Luxray|Luxray, L50, F, shiny|100/100
|-ability|p1a: Staraptor|Intimidate|boost
|-unboost|p2a: Raichu|atk|1
|-unboost|p2b: Luxray|atk|1
|-ability|p2b: Luxray|Intimidate|boost
|-unboost|p1a: Staraptor|atk|1
|-unboost|p1b: Farigiraf|atk|1
|turn|1
|
|t:|1784156499
|move|p2a: Raichu|Protect|p2a: Raichu
|-singleturn|p2a: Raichu|Protect
|move|p2b: Luxray|Protect|p2b: Luxray
|-singleturn|p2b: Luxray|Protect
|move|p1a: Staraptor|Final Gambit|p2a: Raichu
|-activate|p2a: Raichu|move: Protect
|move|p1b: Farigiraf|Trick Room|p1b: Farigiraf
|-fieldstart|move: Trick Room|[of] p1b: Farigiraf
|
|upkeep
|turn|2
|
|t:|1784156537
|detailschange|p2a: Raichu|Raichu-Mega-X, L50, M, shiny
|-mega|p2a: Raichu|Raichu|Raichunite X
|-fieldstart|move: Electric Terrain|[from] ability: Electric Surge|[of] p2a: Raichu
|move|p2a: Raichu|Helping Hand|p2b: Luxray
|-singleturn|p2b: Luxray|Helping Hand|[of] p2a: Raichu
|move|p1b: Farigiraf|Twin Beam|p2b: Luxray
|-damage|p2b: Luxray|83/100
|-damage|p2b: Luxray|65/100
|-hitcount|p2b: Luxray|2
|move|p2b: Luxray|Rising Voltage|p1a: Staraptor
|-supereffective|p1a: Staraptor|1
|-damage|p1a: Staraptor|0 fnt
|faint|p1a: Staraptor
|
|upkeep
|
|t:|1784156587
|switch|p1a: Torkoal|Torkoal, L50, M|100/100
|-weather|SunnyDay|[from] ability: Drought|[of] p1a: Torkoal
|turn|3
|
|t:|1784156630
|switch|p2b: Swampert|Swampert, L50, M|100/100
|switch|p2a: Incineroar|Incineroar, L50, F|100/100
|-ability|p2a: Incineroar|Intimidate|boost
|-unboost|p1a: Torkoal|atk|1
|-unboost|p1b: Farigiraf|atk|1
|move|p1b: Farigiraf|Helping Hand|p1a: Torkoal
|-singleturn|p1a: Torkoal|Helping Hand|[of] p1b: Farigiraf
|move|p1a: Torkoal|Eruption|p2a: Incineroar|[spread] p2a,p2b
|-resisted|p2a: Incineroar|1
|-resisted|p2b: Swampert|1
|-damage|p2a: Incineroar|50/100y
|-damage|p2b: Swampert|41/100
|
|-weather|SunnyDay|[upkeep]
|upkeep
|turn|4
|
|t:|1784156656
|move|p2b: Swampert|Wide Guard|p2b: Swampert
|-singleturn|p2b: Swampert|Wide Guard
|move|p1a: Torkoal|Eruption|p2a: Incineroar|[spread] 
|-activate|p2a: Incineroar|move: Wide Guard
|-activate|p2b: Swampert|move: Wide Guard
|move|p1b: Farigiraf|Thunderbolt|p2a: Incineroar
|-damage|p2a: Incineroar|29/100
|move|p2a: Incineroar|Parting Shot|p1a: Torkoal
|-unboost|p1a: Torkoal|atk|1
|-unboost|p1a: Torkoal|spa|1
|
|t:|1784156668
|switch|p2a: Luxray|Luxray, L50, F, shiny|65/100|[from] Parting Shot
|-ability|p2a: Luxray|Intimidate|boost
|-unboost|p1a: Torkoal|atk|1
|-unboost|p1b: Farigiraf|atk|1
|
|-weather|SunnyDay|[upkeep]
|upkeep
|turn|5
|
|t:|1784156682
|move|p2b: Swampert|Wide Guard|p2b: Swampert
|-singleturn|p2b: Swampert|Wide Guard
|move|p1a: Torkoal|Eruption|p2a: Luxray|[spread] 
|-activate|p2a: Luxray|move: Wide Guard
|-activate|p2b: Swampert|move: Wide Guard
|move|p1b: Farigiraf|Twin Beam|p2a: Luxray
|-damage|p2a: Luxray|46/100
|-enditem|p2a: Luxray|Sitrus Berry|[eat]
|-heal|p2a: Luxray|71/100|[from] item: Sitrus Berry
|-damage|p2a: Luxray|51/100
|-hitcount|p2a: Luxray|2
|move|p2a: Luxray|Rising Voltage|p1a: Torkoal
|-hint|Rising Voltage's BP doubled on grounded target.
|-damage|p1a: Torkoal|0 fnt
|faint|p1a: Torkoal
|
|-weather|SunnyDay|[upkeep]
|-fieldend|move: Trick Room
|upkeep
|
|t:|1784156695
|switch|p1a: Ampharos|Ampharos, L50, M|100/100
|turn|6
|
|t:|1784156726
|detailschange|p1a: Ampharos|Ampharos-Mega, L50, M
|-mega|p1a: Ampharos|Ampharos|Ampharosite
|-ability|p1a: Ampharos|Mold Breaker
|move|p2a: Luxray|Rising Voltage|p1b: Farigiraf
|-hint|Rising Voltage's BP doubled on grounded target.
|-damage|p1b: Farigiraf|40/100
|-enditem|p1b: Farigiraf|Sitrus Berry|[eat]
|-heal|p1b: Farigiraf|65/100|[from] item: Sitrus Berry
|move|p2b: Swampert|Poison Jab|p1a: Ampharos
|-damage|p1a: Ampharos|74/100
|-status|p1a: Ampharos|psn
|move|p1b: Farigiraf|Twin Beam|p2b: Swampert
|-damage|p2b: Swampert|25/100
|-damage|p2b: Swampert|10/100
|-hitcount|p2b: Swampert|2
|move|p1a: Ampharos|Dragon Pulse|p2b: Swampert
|-damage|p2b: Swampert|0 fnt
|faint|p2b: Swampert
|
|-weather|SunnyDay|[upkeep]
|-damage|p1a: Ampharos|61/100 psn|[from] psn
|-fieldend|move: Electric Terrain
|upkeep
|
|t:|1784156753
|switch|p2b: Raichu|Raichu-Mega-X, L50, M, shiny|100/100
|-fieldstart|move: Electric Terrain|[from] ability: Electric Surge|[of] p2b: Raichu
|turn|7
|
|t:|1784156798
|move|p2b: Raichu|Volt Tackle|p1b: Farigiraf
|-damage|p1b: Farigiraf|0 fnt
|faint|p1b: Farigiraf
|-damage|p2b: Raichu|63/100|[from] Recoil
|move|p2a: Luxray|Snarl|p1a: Ampharos
|-damage|p1a: Ampharos|47/100 psn
|-unboost|p1a: Ampharos|spa|1
|move|p1a: Ampharos|Dragon Pulse|p2a: Luxray
|-damage|p2a: Luxray|4/100
|
|-weather|none
|-damage|p1a: Ampharos|35/100 psn|[from] psn
|upkeep
|turn|8
|
|t:|1784156812
|move|p2b: Raichu|Helping Hand|p2a: Luxray
|-singleturn|p2a: Luxray|Helping Hand|[of] p2b: Raichu
|move|p2a: Luxray|Ice Fang|p1a: Ampharos
|-supereffective|p1a: Ampharos|1
|-damage|p1a: Ampharos|0 fnt
|faint|p1a: Ampharos
|
|win|LuxCux
|raw|lorenzopoke's rating: 1099 → 1067(-32 for losing)
|raw|LuxCux's rating: 1000 → 1051(+51 for winning)
