|j|☆GS Barnabe
|j|☆macrameee
|html|GS Barnabemacrameee    
|uhtml|bestof|Game 2 of a best-of-3
|t:|1785593550
|gametype|doubles
|player|p1|GS Barnabe|2|1193
|player|p2|macrameee|roark|1258
|gen|9
|tier|[Gen 9 Champions] VGC 2026 Reg M-B (Bo3)
|rated|
|rule|Species Clause: Limit one of each Pokémon
|rule|Item Clause: Limit 1 of each item
|clearpoke
|poke|p1|Meowstic, L50, M|
|poke|p1|Tyranitar, L50, F|
|poke|p1|Scovillain, L50, M|
|poke|p1|Houndstone, L50, M|
|poke|p1|Rotom-Wash, L50|
|poke|p1|Aerodactyl, L50, F|
|poke|p2|Kingambit, L50, F|
|poke|p2|Floette-Eternal, L50, F|
|poke|p2|Arcanine-Hisui, L50, F, shiny|
|poke|p2|Whimsicott, L50, M|
|poke|p2|Dragonite, L50, M, shiny|
|poke|p2|Basculegion, L50, M|
|teampreview|4
|showteam|p1|Meowstic||LightClay|Prankster|FakeOut,Reflect,LightScreen,PsychicNoise|Bold||M|||50|]Tyranitar||ChoiceScarf|SandStream|RockSlide,KnockOff,IcePunch,Superpower|Jolly||F|||50|]Scovillain||Scovillainite|Moody|Overheat,LeechSeed,RagePowder,Protect|Calm||M|||50|]Houndstone||SitrusBerry|SandRush|LastRespects,Disable,AllySwitch,Protect|Adamant||M|||50|]Rotom-Wash||Leftovers|Levitate|HydroPump,VoltSwitch,WillOWisp,Protect|Calm|||||50|]Aerodactyl||Aerodactylite|RockHead|RockSlide,DualWingbeat,Tailwind,Protect|Jolly||F|||50|
|showteam|p2|Kingambit||ChopleBerry|Defiant|Protect,KowtowCleave,IronHead,SuckerPunch|Adamant||F|||50|]Floette-Eternal||Floettite|FlowerVeil|Protect,Moonblast,DazzlingGleam,LightofRuin|Modest||F|||50|]Arcanine-Hisui||SitrusBerry|Intimidate|Protect,RockSlide,FlareBlitz,Howl|Adamant||F|||50|]Whimsicott||FocusSash|Prankster|Protect,Tailwind,Moonblast,Encore|Modest||M|||50|]Dragonite||DragonFang|InnerFocus|Protect,ExtremeSpeed,DragonClaw,LowKick|Adamant||M|||50|]Basculegion||ChoiceScarf|Adaptability|WaveCrash,AquaJet,FlipTurn,LastRespects|Jolly||M|||50|
|inactive|Battle timer is ON: inactive players will automatically lose when time's up. (requested by GS Barnabe)
|
|t:|1785593595
|teamsize|p1|4
|teamsize|p2|4
|start
|switch|p1a: Scovillain|Scovillain, L50, M|100/100
|switch|p1b: Meowstic|Meowstic, L50, M|100/100
|switch|p2a: Floette|Floette-Eternal, L50, F|100/100
|switch|p2b: Whimsicott|Whimsicott, L50, M|100/100
|turn|1
|inactive|macrameee has 30 seconds left.
|inactive|macrameee has 20 seconds left.
|inactive|macrameee has 15 seconds left.
|inactive|macrameee has 10 seconds left.
|inactive|macrameee has 5 seconds left.
|
|t:|1785593645
|detailschange|p2a: Floette|Floette-Mega, L50, F
|-mega|p2a: Floette|Floette|Floettite
|-ability|p2a: Floette|Fairy Aura
|detailschange|p1a: Scovillain|Scovillain-Mega, L50, M
|-mega|p1a: Scovillain|Scovillain|Scovillainite
|move|p1b: Meowstic|Fake Out|p2b: Whimsicott
|-damage|p2b: Whimsicott|91/100
|cant|p2b: Whimsicott|flinch
|move|p2a: Floette|Moonblast|p1b: Meowstic
|-damage|p1b: Meowstic|15/100
|move|p1a: Scovillain|Overheat|p2b: Whimsicott
|-supereffective|p2b: Whimsicott|1
|-damage|p2b: Whimsicott|0 fnt
|-unboost|p1a: Scovillain|spa|2
|faint|p2b: Whimsicott
|
|upkeep
|
|t:|1785593669
|switch|p2b: Basculegion|Basculegion, L50, M|100/100
|turn|2
|
|t:|1785593684
|move|p1a: Scovillain|Rage Powder|p1a: Scovillain
|-singleturn|p1a: Scovillain|move: Rage Powder
|move|p2b: Basculegion|Aqua Jet|p1a: Scovillain
|-damage|p1a: Scovillain|76/100
|-status|p2b: Basculegion|brn|[from] ability: Spicy Spray|[of] p1a: Scovillain
|move|p1b: Meowstic|Light Screen|p1b: Meowstic
|-sidestart|p1: GS Barnabe|move: Light Screen
|move|p2a: Floette|Light of Ruin|p1a: Scovillain
|-resisted|p1a: Scovillain|1
|-damage|p1a: Scovillain|39/100
|-status|p2a: Floette|brn|[from] ability: Spicy Spray|[of] p1a: Scovillain
|-damage|p2a: Floette|78/100 brn|[from] Recoil
|
|-damage|p2b: Basculegion|93/100 brn|[from] brn
|-damage|p2a: Floette|72/100 brn|[from] brn
|upkeep
|turn|3
|inactive|GS Barnabe has 30 seconds left.
|
|t:|1785593712
|move|p2b: Basculegion|Aqua Jet|p1b: Meowstic
|-damage|p1b: Meowstic|2/100
|move|p1b: Meowstic|Reflect|p1b: Meowstic
|-sidestart|p1: GS Barnabe|Reflect
|move|p2a: Floette|Moonblast|p1a: Scovillain
|-resisted|p1a: Scovillain|1
|-damage|p1a: Scovillain|11/100
|move|p1a: Scovillain|Leech Seed|p2a: Floette
|-start|p2a: Floette|move: Leech Seed
|
|-damage|p2a: Floette|60/100 brn|[from] Leech Seed|[of] p1a: Scovillain
|-heal|p1a: Scovillain|22/100|[silent]
|-damage|p2b: Basculegion|87/100 brn|[from] brn
|-damage|p2a: Floette|54/100 brn|[from] brn
|upkeep
|turn|4
|
|t:|1785593734
|move|p1a: Scovillain|Protect|p1a: Scovillain
|-singleturn|p1a: Scovillain|Protect
|move|p2b: Basculegion|Aqua Jet|p1a: Scovillain
|-activate|p1a: Scovillain|move: Protect
|move|p2a: Floette|Dazzling Gleam|p1a: Scovillain|[spread] p1b
|-activate|p1a: Scovillain|move: Protect
|-damage|p1b: Meowstic|0 fnt
|faint|p1b: Meowstic
|
|-damage|p2a: Floette|43/100 brn|[from] Leech Seed|[of] p1a: Scovillain
|-heal|p1a: Scovillain|32/100|[silent]
|-damage|p2b: Basculegion|81/100 brn|[from] brn
|-damage|p2a: Floette|37/100 brn|[from] brn
|upkeep
|
|t:|1785593751
|switch|p1b: Tyranitar|Tyranitar, L50, F|100/100
|-weather|Sandstorm|[from] ability: Sand Stream|[of] p1b: Tyranitar
|turn|5
|
|t:|1785593769
|switch|p2b: Kingambit|Kingambit, L50, F|100/100
|move|p1a: Scovillain|Rage Powder|p1a: Scovillain
|-singleturn|p1a: Scovillain|move: Rage Powder
|move|p1b: Tyranitar|Rock Slide|p2b: Kingambit|[spread] p2a,p2b
|-resisted|p2b: Kingambit|1
|-damage|p2a: Floette|0 fnt
|-damage|p2b: Kingambit|88/100
|faint|p2a: Floette
|
|-weather|Sandstorm|[upkeep]
|-damage|p1a: Scovillain|26/100|[from] Sandstorm
|upkeep
|
|t:|1785593777
|switch|p2a: Basculegion|Basculegion, L50, M|81/100 brn
|turn|6
|inactive|GS Barnabe has 30 seconds left.
|
|t:|1785593808
|switch|p1b: Houndstone|Houndstone, L50, M|100/100
|move|p2a: Basculegion|Last Respects|p1a: Scovillain
|-damage|p1a: Scovillain|0 fnt
|faint|p1a: Scovillain
|move|p2b: Kingambit|Iron Head|p1b: Houndstone
|-damage|p1b: Houndstone|71/100
|
|-weather|Sandstorm|[upkeep]
|-damage|p2a: Basculegion|75/100 brn|[from] Sandstorm
|-damage|p2a: Basculegion|69/100 brn|[from] brn
|upkeep
|
|t:|1785593821
|switch|p1a: Tyranitar|Tyranitar, L50, F|100/100
|turn|7
|inactive|macrameee has 30 seconds left.
|
|t:|1785593850
|move|p2b: Kingambit|Sucker Punch|p1b: Houndstone
|-supereffective|p1b: Houndstone|1
|-damage|p1b: Houndstone|18/100
|-enditem|p1b: Houndstone|Sitrus Berry|[eat]
|-heal|p1b: Houndstone|43/100|[from] item: Sitrus Berry
|move|p1b: Houndstone|Last Respects|p2a: Basculegion
|-supereffective|p2a: Basculegion|1
|-damage|p2a: Basculegion|0 fnt
|faint|p2a: Basculegion
|move|p1a: Tyranitar|Superpower|p2b: Kingambit
|-supereffective|p2b: Kingambit|2
|-enditem|p2b: Kingambit|Chople Berry|[eat]
|-enditem|p2b: Kingambit|Chople Berry|[weaken]
|-damage|p2b: Kingambit|28/100
|-unboost|p1a: Tyranitar|atk|1
|-unboost|p1a: Tyranitar|def|1
|
|-weather|Sandstorm|[upkeep]
|upkeep
|turn|8
|
|t:|1785593875
|move|p1b: Houndstone|Disable|p2b: Kingambit
|-start|p2b: Kingambit|Disable|Sucker Punch
|move|p1a: Tyranitar|Superpower|p2b: Kingambit
|-supereffective|p2b: Kingambit|2
|-crit|p2b: Kingambit
|-damage|p2b: Kingambit|0 fnt
|-unboost|p1a: Tyranitar|atk|1
|-unboost|p1a: Tyranitar|def|1
|faint|p2b: Kingambit
|
|win|GS Barnabe
|raw|GS Barnabe's rating: 1193 → 1223(+30 for winning)
|raw|macrameee's rating: 1258 → 1228(-30 for losing)
