|j|☆leons husband
|j|☆DINOLONK
|html|leons husbandDINOLONK    
|uhtml|bestof|Game 2 of a best-of-3
|t:|1782577728
|gametype|doubles
|player|p1|leons husband|scientistf|1250
|player|p2|DINOLONK|parasollady-gen4|1168
|gen|9
|tier|[Gen 9 Champions] VGC 2026 Reg M-B (Bo3)
|rated|
|rule|Species Clause: Limit one of each Pokémon
|rule|Item Clause: Limit 1 of each item
|clearpoke
|poke|p1|Charizard, L50, M, shiny|
|poke|p1|Floette-Eternal, L50, F|
|poke|p1|Whimsicott, L50, M, shiny|
|poke|p1|Garchomp, L50, F, shiny|
|poke|p1|Basculegion, L50, M, shiny|
|poke|p1|Kingambit, L50, F, shiny|
|poke|p2|Hydreigon, L50, M|
|poke|p2|Garchomp, L50, F|
|poke|p2|Metagross, L50|
|poke|p2|Charizard, L50, F|
|poke|p2|Grimmsnarl, L50, M|
|poke|p2|Toxapex, L50, F|
|teampreview|4
|showteam|p1|Charizard||CharizarditeY|Blaze|HeatWave,WeatherBall,SolarBeam,Protect|Modest||M|||50|]Floette-Eternal||Floettite|FlowerVeil|LightofRuin,Moonblast,DazzlingGleam,Protect|Modest||F|||50|]Whimsicott||FairyFeather|Prankster|Tailwind,Encore,Moonblast,Protect|Modest||M|||50|]Garchomp||LifeOrb|RoughSkin|DragonClaw,Protect,Earthquake,RockSlide|Adamant||F|||50|]Basculegion||FocusSash|Adaptability|Liquidation,Protect,AquaJet,LastRespects|Adamant||M|||50|]Kingambit||BlackGlasses|Defiant|SuckerPunch,KowtowCleave,IronHead,Protect|Adamant||F|||50|
|showteam|p2|Hydreigon||ChoiceScarf|Levitate|HeatWave,DarkPulse,DracoMeteor,Snarl|Modest||M|||50|]Garchomp||SitrusBerry|RoughSkin|Earthquake,RockSlide,DragonClaw,Protect|Adamant||F|||50|]Metagross||Metagrossite|ClearBody|IronHead,HammerArm,BulletPunch,Protect|Adamant|||||50|]Charizard||CharizarditeY|Blaze|Protect,HeatWave,SolarBeam,WeatherBall|Timid||F|||50|]Grimmsnarl||RoseliBerry|Prankster|FakeOut,FoulPlay,Reflect,PartingShot|Sassy||M|||50|]Toxapex||Leftovers|Regenerator|Infestation,Toxic,BanefulBunker,WideGuard|Bold||F|||50|
|inactive|Battle timer is ON: inactive players will automatically lose when time's up. (requested by DINOLONK)
|
|t:|1782577741
|teamsize|p1|4
|teamsize|p2|4
|start
|switch|p1a: Garchomp|Garchomp, L50, F, shiny|100/100
|switch|p1b: Cait Sith|Whimsicott, L50, M, shiny|100/100
|switch|p2a: Charizard|Charizard, L50, F|100/100
|switch|p2b: Grimmsnarl|Grimmsnarl, L50, M|100/100
|turn|1
|
|t:|1782577755
|detailschange|p2a: Charizard|Charizard-Mega-Y, L50, F
|-mega|p2a: Charizard|Charizard|Charizardite Y
|-weather|SunnyDay|[from] ability: Drought|[of] p2a: Charizard
|move|p1b: Cait Sith|Protect|p1b: Cait Sith
|-singleturn|p1b: Cait Sith|Protect
|move|p1a: Garchomp|Protect|p1a: Garchomp
|-singleturn|p1a: Garchomp|Protect
|move|p2b: Grimmsnarl|Fake Out|p1a: Garchomp
|-activate|p1a: Garchomp|move: Protect
|move|p2a: Charizard|Heat Wave|p1a: Garchomp|[spread] 
|-activate|p1a: Garchomp|move: Protect
|-activate|p1b: Cait Sith|move: Protect
|
|-weather|SunnyDay|[upkeep]
|upkeep
|turn|2
|
|t:|1782577766
|move|p2b: Grimmsnarl|Reflect|p2b: Grimmsnarl
|-sidestart|p2: DINOLONK|Reflect
|move|p2a: Charizard|Heat Wave|p1b: Cait Sith|[spread] p1a,p1b
|-resisted|p1a: Garchomp|1
|-supereffective|p1b: Cait Sith|1
|-damage|p1a: Garchomp|71/100
|-damage|p1b: Cait Sith|0 fnt
|faint|p1b: Cait Sith
|move|p1a: Garchomp|Rock Slide|p2b: Grimmsnarl|[spread] p2a,p2b
|-supereffective|p2a: Charizard|2
|-damage|p2a: Charizard|21/100
|-damage|p2b: Grimmsnarl|82/100
|-damage|p1a: Garchomp|61/100|[from] item: Life Orb
|
|-weather|SunnyDay|[upkeep]
|upkeep
|
|t:|1782577790
|switch|p1b: mimi|Floette-Eternal, L50, F|100/100
|turn|3
|
|t:|1782577798
|detailschange|p1b: mimi|Floette-Mega, L50, F
|-mega|p1b: mimi|Floette|Floettite
|-ability|p1b: mimi|Fairy Aura
|move|p1a: Garchomp|Protect|p1a: Garchomp
|-singleturn|p1a: Garchomp|Protect
|move|p2b: Grimmsnarl|Parting Shot|p1b: mimi
|-unboost|p1b: mimi|atk|1
|-unboost|p1b: mimi|spa|1
|
|t:|1782577802
|switch|p2b: Toxapex|Toxapex, L50, F|100/100|[from] Parting Shot
|move|p2a: Charizard|Solar Beam||[still]
|-prepare|p2a: Charizard|Solar Beam
|-anim|p2a: Charizard|Solar Beam|p1a: Garchomp
|-activate|p1a: Garchomp|move: Protect
|move|p1b: mimi|Dazzling Gleam|p2a: Charizard|[spread] p2a,p2b
|-resisted|p2a: Charizard|1
|-resisted|p2b: Toxapex|1
|-damage|p2a: Charizard|6/100
|-damage|p2b: Toxapex|87/100
|
|-weather|SunnyDay|[upkeep]
|-heal|p2b: Toxapex|93/100|[from] item: Leftovers
|upkeep
|turn|4
|
|t:|1782577809
|switch|p1b: Samuel Ayers|Basculegion, L50, M, shiny|100/100
|move|p2a: Charizard|Solar Beam||[still]
|-prepare|p2a: Charizard|Solar Beam
|-anim|p2a: Charizard|Solar Beam|p1a: Garchomp
|-damage|p1a: Garchomp|17/100
|move|p1a: Garchomp|Dragon Claw|p2a: Charizard
|-damage|p2a: Charizard|0 fnt
|faint|p2a: Charizard
|-damage|p1a: Garchomp|8/100|[from] item: Life Orb
|move|p2b: Toxapex|Toxic|p1b: Samuel Ayers
|-status|p1b: Samuel Ayers|tox
|
|-weather|SunnyDay|[upkeep]
|-heal|p2b: Toxapex|99/100|[from] item: Leftovers
|-damage|p1b: Samuel Ayers|93/100 tox|[from] psn
|upkeep
|
|t:|1782577814
|switch|p2a: Grimmsnarl|Grimmsnarl, L50, M|82/100
|turn|5
|
|t:|1782577821
|move|p1b: Samuel Ayers|Protect|p1b: Samuel Ayers
|-singleturn|p1b: Samuel Ayers|Protect
|move|p2a: Grimmsnarl|Fake Out|p1a: Garchomp
|-damage|p1a: Garchomp|0 fnt
|-damage|p2a: Grimmsnarl|69/100|[from] ability: Rough Skin|[of] p1a: Garchomp
|faint|p1a: Garchomp
|move|p2b: Toxapex|Infestation|p1b: Samuel Ayers
|-activate|p1b: Samuel Ayers|move: Protect
|
|-weather|none
|-heal|p2b: Toxapex|100/100|[from] item: Leftovers
|-damage|p1b: Samuel Ayers|81/100 tox|[from] psn
|upkeep
|
|t:|1782577822
|switch|p1a: mimi|Floette-Mega, L50, F|100/100
|-ability|p1a: mimi|Fairy Aura
|turn|6
|
|t:|1782577832
|move|p1b: Samuel Ayers|Last Respects|p2b: Toxapex
|-damage|p2b: Toxapex|56/100
|move|p1a: mimi|Moonblast|p2a: Grimmsnarl
|-supereffective|p2a: Grimmsnarl|1
|-enditem|p2a: Grimmsnarl|Roseli Berry|[eat]
|-enditem|p2a: Grimmsnarl|Roseli Berry|[weaken]
|-damage|p2a: Grimmsnarl|0 fnt
|faint|p2a: Grimmsnarl
|move|p2b: Toxapex|Toxic|p1a: mimi
|-status|p1a: mimi|tox
|
|-heal|p2b: Toxapex|61/100|[from] item: Leftovers
|-damage|p1b: Samuel Ayers|63/100 tox|[from] psn
|-damage|p1a: mimi|93/100 tox|[from] psn
|-sideend|p2: DINOLONK|Reflect
|upkeep
|
|t:|1782577835
|switch|p2a: Garchomp|Garchomp, L50, F|100/100
|turn|7
|
|t:|1782577848
|move|p2a: Garchomp|Protect|p2a: Garchomp
|-singleturn|p2a: Garchomp|Protect
|move|p2b: Toxapex|Baneful Bunker|p2b: Toxapex
|-singleturn|p2b: Toxapex|move: Protect
|move|p1b: Samuel Ayers|Last Respects|p2b: Toxapex
|-activate|p2b: Toxapex|move: Protect
|move|p1a: mimi|Moonblast|p2a: Garchomp
|-activate|p2a: Garchomp|move: Protect
|
|-heal|p2b: Toxapex|67/100|[from] item: Leftovers
|-damage|p1b: Samuel Ayers|39/100 tox|[from] psn
|-damage|p1a: mimi|81/100 tox|[from] psn
|upkeep
|turn|8
|
|t:|1782577862
|move|p2b: Toxapex|Wide Guard|p2b: Toxapex
|-singleturn|p2b: Toxapex|Wide Guard
|move|p2a: Garchomp|Earthquake|p1a: mimi|[spread] p1a,p1b
|-activate|p2b: Toxapex|move: Wide Guard
|-crit|p1a: mimi
|-damage|p1a: mimi|17/100 tox
|-damage|p1b: Samuel Ayers|0 fnt
|faint|p1b: Samuel Ayers
|move|p1a: mimi|Moonblast|p2a: Garchomp
|-supereffective|p2a: Garchomp|1
|-damage|p2a: Garchomp|0 fnt
|faint|p2a: Garchomp
|
|-heal|p2b: Toxapex|73/100|[from] item: Leftovers
|-damage|p1a: mimi|0 fnt|[from] psn
|faint|p1a: mimi
|
|win|DINOLONK
|raw|leons husband's rating: 1250 → 1219(-31 for losing)
|raw|DINOLONK's rating: 1168 → 1199(+31 for winning)
