|j|☆Pati_Patout
|j|☆blackstorm games
|html|Pati_Patoutblackstorm games    
|uhtml|bestof|Game 2 of a best-of-3
|t:|1756842573
|gametype|doubles
|player|p1|Pati_Patout|unknown|1185
|player|p2|blackstorm games|266|1153
|gen|9
|tier|[Gen 9] VGC 2025 Reg H (Bo3)
|rated|
|rule|Species Clause: Limit one of each Pokémon
|rule|Item Clause: Limit 1 of each item
|clearpoke
|poke|p1|Incineroar, L50, M|
|poke|p1|Gholdengo, L50|
|poke|p1|Archaludon, L50, F|
|poke|p1|Pelipper, L50, M|
|poke|p1|Basculegion, L50, M|
|poke|p1|Amoonguss, L50, M|
|poke|p2|Dragonite, L50, F|
|poke|p2|Pelipper, L50, M|
|poke|p2|Gholdengo, L50|
|poke|p2|Archaludon, L50, M|
|poke|p2|Sinistcha, L50|
|poke|p2|Ursaluna, L50, F|
|teampreview|4
|showteam|p1|Incineroar||SafetyGoggles|Intimidate|FlareBlitz,KnockOff,PartingShot,FakeOut|||M|||50|,,,,,Ghost]Gholdengo||LifeOrb|GoodasGold|MakeItRain,ShadowBall,NastyPlot,Protect||||||50|,,,,,Water]Archaludon||AssaultVest|Stamina|FlashCannon,DracoMeteor,BodyPress,ElectroShot|||F|||50|,,,,,Grass]Pelipper||FocusSash|Drizzle|Protect,WeatherBall,Hurricane,Tailwind|||M|||50|,,,,,Ghost]Basculegion||ChoiceBand|SwiftSwim|WaveCrash,LastRespects,AquaJet,FlipTurn|||M|||50|,,,,,Grass]Amoonguss||SitrusBerry|Regenerator|PollenPuff,Spore,RagePowder,Protect|||M|||50|,,,,,Psychic
|showteam|p2|Dragonite||LoadedDice|Multiscale|ScaleShot,Tailwind,Haze,Protect|||F|||50|,,,,,Fairy]Pelipper||FocusSash|Drizzle|Hurricane,Tailwind,WeatherBall,Protect|||M|||50|,,,,,Ghost]Gholdengo||LifeOrb|GoodasGold|MakeItRain,ShadowBall,NastyPlot,Protect||||||50|,,,,,Water]Archaludon||AssaultVest|Stamina|ElectroShot,BodyPress,DracoMeteor,Snarl|||M|||50|,,,,,Fighting]Sinistcha||SitrusBerry|Hospitality|MatchaGotcha,LifeDew,RagePowder,TrickRoom||||||50|,,,,,Dark]Ursaluna||FlameOrb|Guts|HeadlongRush,Earthquake,Facade,Protect|||F|||50|,,,,,Ghost
|
|t:|1756842607
|teamsize|p1|4
|teamsize|p2|4
|start
|switch|p1a: Incineroar|Incineroar, L50, M|100/100
|switch|p1b: Gholdengo|Gholdengo, L50|100/100
|switch|p2a: Ursaluna|Ursaluna, L50, F|100/100
|switch|p2b: Pelipper|Pelipper, L50, M|100/100
|-weather|RainDance|[from] ability: Drizzle|[of] p2b: Pelipper
|-ability|p1a: Incineroar|Intimidate|boost
|-unboost|p2a: Ursaluna|atk|1
|-unboost|p2b: Pelipper|atk|1
|turn|1
|
|t:|1756842634
|switch|p1a: Basculegion|Basculegion, L50, M|100/100
|-terastallize|p2b: Pelipper|Ghost
|move|p2a: Ursaluna|Protect|p2a: Ursaluna
|-singleturn|p2a: Ursaluna|Protect
|move|p1b: Gholdengo|Nasty Plot|p1b: Gholdengo
|-boost|p1b: Gholdengo|spa|2
|move|p2b: Pelipper|Tailwind|p2b: Pelipper
|-sidestart|p2: blackstorm games|move: Tailwind
|
|-weather|RainDance|[upkeep]
|-status|p2a: Ursaluna|brn|[from] item: Flame Orb
|upkeep
|turn|2
|inactive|Battle timer is ON: inactive players will automatically lose when time's up. (requested by blackstorm games)
|
|t:|1756842701
|switch|p2a: Sinistcha|Sinistcha, L50|100/100
|switch|p1b: Incineroar|Incineroar, L50, M|100/100
|-ability|p1b: Incineroar|Intimidate|boost
|-unboost|p2a: Sinistcha|atk|1
|-unboost|p2b: Pelipper|atk|1
|move|p1a: Basculegion|Flip Turn|p2a: Sinistcha
|-resisted|p2a: Sinistcha
|-damage|p2a: Sinistcha|71/100
|
|t:|1756842711
|switch|p1a: Gholdengo|Gholdengo, L50|100/100|[from] Flip Turn
|move|p2b: Pelipper|Weather Ball|p1b: Incineroar
|-supereffective|p1b: Incineroar
|-damage|p1b: Incineroar|0 fnt
|faint|p1b: Incineroar
|
|-weather|RainDance|[upkeep]
|upkeep
|
|t:|1756842730
|switch|p1b: Pelipper|Pelipper, L50, M|100/100
|turn|3
|
|t:|1756842746
|move|p2b: Pelipper|Weather Ball|p1a: Gholdengo
|-damage|p1a: Gholdengo|29/100
|move|p2a: Sinistcha|Matcha Gotcha|p1b: Pelipper|[spread] p1a,p1b
|-resisted|p1a: Gholdengo
|-damage|p1a: Gholdengo|15/100
|-heal|p2a: Sinistcha|77/100|[from] drain|[of] p1a: Gholdengo
|-damage|p1b: Pelipper|60/100
|-heal|p2a: Sinistcha|93/100|[from] drain|[of] p1b: Pelipper
|-status|p1b: Pelipper|brn
|move|p1a: Gholdengo|Make It Rain|p2b: Pelipper|[spread] p2a,p2b
|-damage|p2a: Sinistcha|44/100
|-enditem|p2b: Pelipper|Focus Sash
|-damage|p2b: Pelipper|1/100
|-unboost|p1a: Gholdengo|spa|1
|-enditem|p2a: Sinistcha|Sitrus Berry|[eat]
|-heal|p2a: Sinistcha|69/100|[from] item: Sitrus Berry
|-damage|p1a: Gholdengo|5/100|[from] item: Life Orb
|move|p1b: Pelipper|Tailwind|p1b: Pelipper
|-sidestart|p1: Pati_Patout|move: Tailwind
|
|-weather|RainDance|[upkeep]
|-damage|p1b: Pelipper|54/100 brn|[from] brn
|upkeep
|turn|4
|inactive|blackstorm games has 30 seconds left.
|
|t:|1756842779
|switch|p2b: Archaludon|Archaludon, L50, M|100/100
|move|p1a: Gholdengo|Make It Rain|p2b: Archaludon|[spread] p2a,p2b
|-resisted|p2b: Archaludon
|-damage|p2a: Sinistcha|35/100
|-damage|p2b: Archaludon|84/100
|-unboost|p1a: Gholdengo|spa|1
|-ability|p2b: Archaludon|Stamina|boost
|-boost|p2b: Archaludon|def|1
|-damage|p1a: Gholdengo|0 fnt|[from] item: Life Orb
|faint|p1a: Gholdengo
|move|p1b: Pelipper|Hurricane|p2a: Sinistcha
|-supereffective|p2a: Sinistcha
|-damage|p2a: Sinistcha|0 fnt
|faint|p2a: Sinistcha
|
|-weather|RainDance|[upkeep]
|-damage|p1b: Pelipper|48/100 brn|[from] brn
|-sideend|p2: blackstorm games|move: Tailwind
|upkeep
|
|t:|1756842798
|switch|p1a: Basculegion|Basculegion, L50, M|100/100
|switch|p2a: Pelipper|Pelipper, L50, M, tera:Ghost|1/100
|turn|5
|inactive|Pati_Patout has 30 seconds left.
|
|t:|1756842823
|move|p1a: Basculegion|Last Respects|p2b: Archaludon
|-damage|p2b: Archaludon|24/100
|-ability|p2b: Archaludon|Stamina|boost
|-boost|p2b: Archaludon|def|1
|move|p1b: Pelipper|Hurricane|p2b: Archaludon
|-resisted|p2b: Archaludon
|-damage|p2b: Archaludon|5/100
|-ability|p2b: Archaludon|Stamina|boost
|-boost|p2b: Archaludon|def|1
|move|p2a: Pelipper|Hurricane|p1a: Basculegion
|-damage|p1a: Basculegion|45/100
|move|p2b: Archaludon|Electro Shot||[still]
|-prepare|p2b: Archaludon|Electro Shot
|-boost|p2b: Archaludon|spa|1
|-anim|p2b: Archaludon|Electro Shot|p1a: Basculegion
|-supereffective|p1a: Basculegion
|-damage|p1a: Basculegion|0 fnt
|faint|p1a: Basculegion
|
|-weather|none
|-damage|p1b: Pelipper|42/100 brn|[from] brn
|upkeep
|turn|6
|
|t:|1756842848
|move|p2a: Pelipper|Protect|p2a: Pelipper
|-singleturn|p2a: Pelipper|Protect
|move|p1b: Pelipper|Hurricane|p2b: Archaludon|[miss]
|-miss|p1b: Pelipper|p2b: Archaludon
|move|p2b: Archaludon|Draco Meteor|p1b: Pelipper|[miss]
|-miss|p2b: Archaludon|p1b: Pelipper
|
|-damage|p1b: Pelipper|36/100 brn|[from] brn
|-sideend|p1: Pati_Patout|move: Tailwind
|upkeep
|turn|7
|
|t:|1756842867
|move|p1b: Pelipper|Hurricane|p2a: Pelipper
|-damage|p2a: Pelipper|0 fnt
|faint|p2a: Pelipper
|move|p2b: Archaludon|Draco Meteor|p1b: Pelipper|[miss]
|-miss|p2b: Archaludon|p1b: Pelipper
|
|-damage|p1b: Pelipper|30/100 brn|[from] brn
|upkeep
|
|t:|1756842874
|switch|p2a: Ursaluna|Ursaluna, L50, F|100/100 brn
|turn|8
|
|t:|1756842880
|-terastallize|p1b: Pelipper|Ghost
|move|p1b: Pelipper|Hurricane|p2a: Ursaluna
|-damage|p2a: Ursaluna|53/100 brn
|-start|p2a: Ursaluna|confusion
|move|p2b: Archaludon|Draco Meteor|p1b: Pelipper|[miss]
|-miss|p2b: Archaludon|p1b: Pelipper
|-activate|p2a: Ursaluna|confusion
|-damage|p2a: Ursaluna|38/100 brn|[from] confusion
|
|-damage|p1b: Pelipper|24/100 brn|[from] brn
|-damage|p2a: Ursaluna|32/100 brn|[from] brn
|upkeep
|turn|9
|c|☆Pati_Patout|no way
|
|t:|1756842903
|move|p1b: Pelipper|Hurricane|p2b: Archaludon
|-resisted|p2b: Archaludon
|-damage|p2b: Archaludon|0 fnt
|faint|p2b: Archaludon
|-activate|p2a: Ursaluna|confusion
|move|p2a: Ursaluna|Headlong Rush|p1b: Pelipper
|-damage|p1b: Pelipper|0 fnt
|-unboost|p2a: Ursaluna|def|1
|-unboost|p2a: Ursaluna|spd|1
|faint|p1b: Pelipper
|
|win|blackstorm games
|raw|Pati_Patout's rating: 1185 → 1158(-27 for losing)
|raw|blackstorm games's rating: 1153 → 1180(+27 for winning)
|l|☆Pati_Patout
|player|p1|
