|j|☆nastynye
|j|☆lootlock
|html|nastynyelootlock    
|uhtml|bestof|Game 2 of a best-of-3
|t:|1783724842
|gametype|doubles
|player|p1|nastynye|pokemonranger-gen4|
|player|p2|lootlock|ghetsis|
|gen|9
|tier|[Gen 9 Champions] VGC 2026 Reg M-B (Bo3)
|rule|Species Clause: Limit one of each Pokémon
|rule|Item Clause: Limit 1 of each item
|clearpoke
|poke|p1|Aggron, L50, F, shiny|
|poke|p1|Sneasler, L50, M|
|poke|p1|Scizor, L50, M|
|poke|p1|Garchomp, L50, F, shiny|
|poke|p1|Weavile, L50, M, shiny|
|poke|p1|Dragapult, L50, M, shiny|
|poke|p2|Annihilape, L50, M, shiny|
|poke|p2|Maushold, L50, shiny|
|poke|p2|Farigiraf, L50, F, shiny|
|poke|p2|Zoroark-Hisui, L50, M, shiny|
|poke|p2|Alakazam, L50, M, shiny|
|poke|p2|Dragonite, L50, M, shiny|
|teampreview|4
|showteam|p1|Aggron||Aggronite|HeavyMetal|HeavySlam,Earthquake,BodyPress,Outrage|Adamant||F|||50|]Sneasler||WhiteHerb|Unburden|CloseCombat,FakeOut,Protect,XScissor|Adamant||M|||50|]Scizor||OccaBerry|Technician|CloseCombat,BulletPunch,BugBite,AerialAce|Adamant||M|||50|]Garchomp||Leftovers|RoughSkin|Protect,Earthquake,DragonTail,IronHead|Jolly||F|||50|]Weavile||LifeOrb|Pickpocket|FakeOut,KnockOff,IceShard,PoisonJab|Jolly||M|||50|]Dragapult||ExpertBelt|ClearBody|Outrage,Fly,BodySlam,SuckerPunch|Jolly||M|||50|
|showteam|p2|Annihilape||SitrusBerry|Defiant|RageFist,DrainPunch,ShadowClaw,IcePunch|Quirky||M|||50|]Maushold||FocusSash|FriendGuard|FollowMe,Protect,BabyDollEyes,BeatUp|Serious|||||50|]Farigiraf||QuickClaw|ArmorTail|TwinBeam,DazzlingGleam,TrickRoom,Psychic|Serious||F|||50|]Zoroark-Hisui||LifeOrb|Illusion|IcyWind,ShadowBall,Flamethrower,WillOWisp|Serious||M|||50|]Alakazam||Alakazite|InnerFocus|CalmMind,Psychic,FocusBlast,Psyshock|Serious||M|||50|]Dragonite||Dragoninite|Multiscale|DracoMeteor,ExtremeSpeed,Thunder,Flamethrower|Serious||M|||50|
|inactive|Battle timer is ON: inactive players will automatically lose when time's up. (requested by nastynye)
|
|t:|1783724867
|teamsize|p1|4
|teamsize|p2|4
|start
|switch|p1a: ActualGlassCannon|Weavile, L50, M, shiny|100/100
|switch|p1b: SneazyFBaby|Sneasler, L50, M|100/100
|switch|p2a: Farigiraf|Farigiraf, L50, F, shiny|100/100
|switch|p2b: Dragonite|Dragonite, L50, M, shiny|100/100
|turn|1
|inactive|lootlock has 30 seconds left.
|
|t:|1783724894
|move|p1a: ActualGlassCannon|Fake Out||[still]
|cant|p2a: Farigiraf|ability: Armor Tail|Fake Out|[of] p1a: ActualGlassCannon
|move|p1b: SneazyFBaby|Fake Out||[still]
|cant|p2a: Farigiraf|ability: Armor Tail|Fake Out|[of] p1b: SneazyFBaby
|move|p2b: Dragonite|Flamethrower|p1a: ActualGlassCannon
|-supereffective|p1a: ActualGlassCannon|1
|-crit|p1a: ActualGlassCannon
|-damage|p1a: ActualGlassCannon|0 fnt
|faint|p1a: ActualGlassCannon
|-damage|p2b: Dragonite|90/100|[from] item: Life Orb
|move|p2a: Farigiraf|Trick Room|p2a: Farigiraf
|-fieldstart|move: Trick Room|[of] p2a: Farigiraf
|
|upkeep
|
|t:|1783724907
|switch|p1a: Sinnoh'sPlague|Garchomp, L50, F, shiny|100/100
|turn|2
|
|t:|1783724927
|move|p1b: SneazyFBaby|Protect|p1b: SneazyFBaby
|-singleturn|p1b: SneazyFBaby|Protect
|move|p2a: Farigiraf|Twin Beam|p1b: SneazyFBaby
|-activate|p1b: SneazyFBaby|move: Protect
|move|p2b: Dragonite|Icy Wind|p1b: SneazyFBaby|[spread] p1a
|-activate|p1b: SneazyFBaby|move: Protect
|-supereffective|p1a: Sinnoh'sPlague|2
|-damage|p1a: Sinnoh'sPlague|27/100
|-unboost|p1a: Sinnoh'sPlague|spe|1
|-damage|p2b: Dragonite|80/100|[from] item: Life Orb
|move|p1a: Sinnoh'sPlague|Dragon Tail|p2b: Dragonite
|-damage|p2b: Dragonite|26/100
|replace|p2b: Zoroark|Zoroark-Hisui, L50, M, shiny
|-end|p2b: Zoroark|Illusion
|drag|p2b: Annihilape|Annihilape, L50, M, shiny|100/100
|
|-heal|p1a: Sinnoh'sPlague|32/100|[from] item: Leftovers
|upkeep
|turn|3
|inactive|nastynye has 30 seconds left.
|inactive|lootlock has 30 seconds left.
|
|t:|1783724958
|switch|p1b: Mr. Krabs|Scizor, L50, M|100/100
|move|p2a: Farigiraf|Dazzling Gleam|p1b: Mr. Krabs|[spread] p1a,p1b
|-supereffective|p1a: Sinnoh'sPlague|1
|-resisted|p1b: Mr. Krabs|1
|-crit|p1b: Mr. Krabs
|-damage|p1a: Sinnoh'sPlague|0 fnt
|-damage|p1b: Mr. Krabs|85/100
|faint|p1a: Sinnoh'sPlague
|move|p2b: Annihilape|Ice Punch|p1b: Mr. Krabs
|-resisted|p1b: Mr. Krabs|1
|-damage|p1b: Mr. Krabs|72/100
|-status|p1b: Mr. Krabs|frz
|
|upkeep
|
|t:|1783724972
|switch|p1a: SneazyFBaby|Sneasler, L50, M|100/100
|turn|4
|-activate|p2a: Farigiraf|item: Quick Claw
|
|t:|1783724993
|move|p2a: Farigiraf|Twin Beam|p1a: SneazyFBaby
|-supereffective|p1a: SneazyFBaby|2
|-damage|p1a: SneazyFBaby|1/100
|-supereffective|p1a: SneazyFBaby|2
|-crit|p1a: SneazyFBaby
|-damage|p1a: SneazyFBaby|0 fnt
|faint|p1a: SneazyFBaby
|-hitcount|p1: SneazyFBaby|2
|cant|p1b: Mr. Krabs|frz
|move|p2b: Annihilape|Ice Punch|p1b: Mr. Krabs
|-resisted|p1b: Mr. Krabs|1
|-damage|p1b: Mr. Krabs|57/100 frz
|
|upkeep
|turn|5
|
|t:|1783725017
|switch|p2a: Dragonite|Dragonite, L50, M, shiny|100/100
|cant|p1b: Mr. Krabs|frz
|move|p2b: Annihilape|Drain Punch|p1b: Mr. Krabs
|-damage|p1b: Mr. Krabs|17/100 frz
|
|-fieldend|move: Trick Room
|upkeep
|turn|6
|
|t:|1783725034
|-curestatus|p1b: Mr. Krabs|frz|[msg]
|move|p1b: Mr. Krabs|Bullet Punch|p2a: Dragonite
|-damage|p2a: Dragonite|80/100
|move|p2b: Annihilape|Ice Punch|p1b: Mr. Krabs
|-resisted|p1b: Mr. Krabs|1
|-damage|p1b: Mr. Krabs|3/100
|move|p2a: Dragonite|Flamethrower|p1b: Mr. Krabs
|-supereffective|p1b: Mr. Krabs|2
|-crit|p1b: Mr. Krabs
|-enditem|p1b: Mr. Krabs|Occa Berry|[eat]
|-enditem|p1b: Mr. Krabs|Occa Berry|[weaken]
|-damage|p1b: Mr. Krabs|0 fnt
|faint|p1b: Mr. Krabs
|
|win|lootlock
