|j|☆Luke693VGC
|j|☆Skyline67
|html|Luke693VGCSkyline67    
|uhtml|bestof|Game 3 of a best-of-3
|t:|1756835726
|gametype|doubles
|player|p1|Luke693VGC|cyclist-gen4|
|player|p2|Skyline67|acetrainer-gen4dp|
|gen|9
|tier|[Gen 9] VGC 2025 Reg H (Bo3)
|rule|Species Clause: Limit one of each Pokémon
|rule|Item Clause: Limit 1 of each item
|clearpoke
|poke|p1|Archaludon, L50, F|
|poke|p1|Pelipper, L50, F|
|poke|p1|Basculegion, L50, M|
|poke|p1|Amoonguss, L50, F|
|poke|p1|Incineroar, L50, M|
|poke|p1|Gholdengo, L50|
|poke|p2|Sneasler, L50, F|
|poke|p2|Kingambit, L50, M|
|poke|p2|Rillaboom, L50, F|
|poke|p2|Baxcalibur, L50, F|
|poke|p2|Volcarona, L50, F|
|poke|p2|Palafin, L50, M|
|teampreview|4
|showteam|p1|Archaludon||AssaultVest|Stamina|DragonPulse,ElectroShot,FlashCannon,BodyPress|||F|||50|,,,,,Bug]Pelipper||FocusSash|Drizzle|WeatherBall,Hurricane,Tailwind,Protect|||F|||50|,,,,,Ground]Basculegion||ChoiceBand|SwiftSwim|WaveCrash,LastRespects,AquaJet,FlipTurn|||M|||50|,,,,,Grass]Amoonguss||CovertCloak|Regenerator|PollenPuff,RagePowder,Spore,Protect|||F|||50|,,,,,Water]Incineroar||SafetyGoggles|Intimidate|KnockOff,FakeOut,PartingShot,Taunt|||M|||50|,,,,,Ghost]Gholdengo||LifeOrb|GoodasGold|MakeItRain,ShadowBall,NastyPlot,Protect||||||50|,,,,,Water
|showteam|p2|Sneasler||FocusSash|PoisonTouch|Protect,Coaching,DireClaw,CloseCombat|||F|||50|,,,,,Stellar]Kingambit||SafetyGoggles|Defiant|Protect,SwordsDance,KowtowCleave,SuckerPunch|||M|||50|,,,,,Ghost]Rillaboom||AssaultVest|GrassySurge|FakeOut,GrassyGlide,HighHorsepower,WoodHammer|||F|||50|,,,,,Water]Baxcalibur||LoadedDice|ThermalExchange|Protect,IceShard,ScaleShot,IcicleSpear|||F|||50|,,,,,Ghost]Volcarona||SitrusBerry|FlameBody|StruggleBug,RagePowder,Overheat,Tailwind|||F|||50|,,,,,Grass]Palafin||ClearAmulet|ZerotoHero|JetPunch,WaveCrash,Haze,Protect|||M|||50|,,,,,Grass
|
|t:|1756835800
|teamsize|p1|4
|teamsize|p2|4
|start
|switch|p1a: Amoonguss|Amoonguss, L50, F|100/100
|switch|p1b: Gholdengo|Gholdengo, L50|100/100
|switch|p2a: Rillaboom|Rillaboom, L50, F|100/100
|switch|p2b: Palafin|Palafin, L50, M|100/100
|-fieldstart|move: Grassy Terrain|[from] ability: Grassy Surge|[of] p2a: Rillaboom
|turn|1
|
|t:|1756835856
|detailschange|p2b: Palafin|Palafin-Hero, L50, M
|switch|p2b: Sneasler|Sneasler, L50, F|100/100
|move|p1b: Gholdengo|Nasty Plot|p1b: Gholdengo
|-boost|p1b: Gholdengo|spa|2
|move|p2a: Rillaboom|High Horsepower|p1b: Gholdengo
|-supereffective|p1b: Gholdengo
|-damage|p1b: Gholdengo|29/100
|move|p1a: Amoonguss|Spore|p2b: Sneasler
|-status|p2b: Sneasler|slp|[from] move: Spore
|
|-heal|p1b: Gholdengo|35/100|[from] Grassy Terrain
|upkeep
|turn|2
|
|t:|1756835888
|cant|p2b: Sneasler|slp
|move|p1b: Gholdengo|Shadow Ball|p2a: Rillaboom
|-damage|p2a: Rillaboom|13/100
|-unboost|p2a: Rillaboom|spd|1
|-damage|p1b: Gholdengo|26/100|[from] item: Life Orb
|move|p2a: Rillaboom|High Horsepower|p1b: Gholdengo
|-supereffective|p1b: Gholdengo
|-damage|p1b: Gholdengo|0 fnt
|faint|p1b: Gholdengo
|move|p1a: Amoonguss|Pollen Puff|p1: Gholdengo|[notarget]
|-fail|p1a: Amoonguss
|
|-heal|p2a: Rillaboom|19/100|[from] Grassy Terrain
|upkeep
|
|t:|1756835905
|switch|p1b: Pelipper|Pelipper, L50, F|100/100
|-weather|RainDance|[from] ability: Drizzle|[of] p1b: Pelipper
|turn|3
|
|t:|1756835939
|move|p1a: Amoonguss|Rage Powder|p1a: Amoonguss
|-singleturn|p1a: Amoonguss|move: Rage Powder
|move|p2a: Rillaboom|Grassy Glide|p1b: Pelipper
|-damage|p1b: Pelipper|51/100
|-curestatus|p2b: Sneasler|slp|[msg]
|move|p2b: Sneasler|Dire Claw|p1a: Amoonguss
|-damage|p1a: Amoonguss|67/100
|move|p1b: Pelipper|Tailwind|p1b: Pelipper
|-sidestart|p1: Luke693VGC|move: Tailwind
|
|-weather|RainDance|[upkeep]
|-heal|p2a: Rillaboom|25/100|[from] Grassy Terrain
|-heal|p1a: Amoonguss|73/100|[from] Grassy Terrain
|upkeep
|turn|4
|
|t:|1756835981
|move|p1b: Pelipper|Protect|p1b: Pelipper
|-singleturn|p1b: Pelipper|Protect
|move|p2a: Rillaboom|Grassy Glide|p1b: Pelipper
|-activate|p1b: Pelipper|move: Protect
|move|p2b: Sneasler|Coaching|p2a: Rillaboom
|-boost|p2a: Rillaboom|atk|1
|-boost|p2a: Rillaboom|def|1
|move|p1a: Amoonguss|Spore|p2b: Sneasler
|-status|p2b: Sneasler|slp|[from] move: Spore
|
|-weather|RainDance|[upkeep]
|-heal|p2a: Rillaboom|32/100|[from] Grassy Terrain
|-heal|p1a: Amoonguss|79/100|[from] Grassy Terrain
|upkeep
|turn|5
|
|t:|1756836011
|move|p2a: Rillaboom|Grassy Glide|p1b: Pelipper
|-damage|p1b: Pelipper|0 fnt
|faint|p1b: Pelipper
|cant|p2b: Sneasler|slp
|move|p1a: Amoonguss|Pollen Puff|p1: Pelipper|[notarget]
|-fail|p1a: Amoonguss
|
|-weather|RainDance|[upkeep]
|-heal|p2a: Rillaboom|38/100|[from] Grassy Terrain
|-heal|p1a: Amoonguss|85/100|[from] Grassy Terrain
|-fieldend|move: Grassy Terrain
|upkeep
|
|t:|1756836021
|switch|p1b: Archaludon|Archaludon, L50, F|100/100
|turn|6
|
|t:|1756836037
|switch|p2a: Baxcalibur|Baxcalibur, L50, F|100/100
|move|p1b: Archaludon|Electro Shot||[still]
|-prepare|p1b: Archaludon|Electro Shot
|-boost|p1b: Archaludon|spa|1
|-anim|p1b: Archaludon|Electro Shot|p2b: Sneasler
|-damage|p2b: Sneasler|7/100 slp
|cant|p2b: Sneasler|slp
|move|p1a: Amoonguss|Pollen Puff|p2b: Sneasler
|-resisted|p2b: Sneasler
|-damage|p2b: Sneasler|1/100 slp
|
|-weather|RainDance|[upkeep]
|-sideend|p1: Luke693VGC|move: Tailwind
|upkeep
|turn|7
|
|t:|1756836074
|cant|p2b: Sneasler|slp
|move|p2a: Baxcalibur|Icicle Spear|p1a: Amoonguss
|-supereffective|p1a: Amoonguss
|-damage|p1a: Amoonguss|59/100
|-supereffective|p1a: Amoonguss
|-damage|p1a: Amoonguss|34/100
|-supereffective|p1a: Amoonguss
|-damage|p1a: Amoonguss|9/100
|-supereffective|p1a: Amoonguss
|-damage|p1a: Amoonguss|0 fnt
|faint|p1a: Amoonguss
|-hitcount|p1: Amoonguss|4
|move|p1b: Archaludon|Electro Shot||[still]
|-prepare|p1b: Archaludon|Electro Shot
|-boost|p1b: Archaludon|spa|1
|-anim|p1b: Archaludon|Electro Shot|p2b: Sneasler
|-damage|p2b: Sneasler|0 fnt
|faint|p2b: Sneasler
|
|-weather|none
|upkeep
|
|t:|1756836106
|switch|p2b: Palafin|Palafin-Hero, L50, M|100/100
|-activate|p2b: Palafin|ability: Zero to Hero
|turn|8
|
|t:|1756836120
|-terastallize|p1b: Archaludon|Bug
|move|p2a: Baxcalibur|Protect|p2a: Baxcalibur
|-singleturn|p2a: Baxcalibur|Protect
|move|p2b: Palafin|Haze|p2b: Palafin
|-clearallboost
|move|p1b: Archaludon|Dragon Pulse|p2a: Baxcalibur
|-activate|p2a: Baxcalibur|move: Protect
|
|upkeep
|turn|9
|
|t:|1756836141
|move|p2b: Palafin|Wave Crash|p1b: Archaludon
|-damage|p1b: Archaludon|54/100
|-ability|p1b: Archaludon|Stamina|boost
|-boost|p1b: Archaludon|def|1
|-damage|p2b: Palafin|85/100|[from] Recoil
|move|p2a: Baxcalibur|Icicle Spear|p1b: Archaludon
|-damage|p1b: Archaludon|46/100
|-ability|p1b: Archaludon|Stamina|boost
|-boost|p1b: Archaludon|def|1
|-damage|p1b: Archaludon|41/100
|-ability|p1b: Archaludon|Stamina|boost
|-boost|p1b: Archaludon|def|1
|-damage|p1b: Archaludon|36/100
|-ability|p1b: Archaludon|Stamina|boost
|-boost|p1b: Archaludon|def|1
|-damage|p1b: Archaludon|32/100
|-ability|p1b: Archaludon|Stamina|boost
|-boost|p1b: Archaludon|def|1
|-damage|p1b: Archaludon|29/100
|-ability|p1b: Archaludon|Stamina|boost
|-boost|p1b: Archaludon|def|1
|-hitcount|p1b: Archaludon|5
|move|p1b: Archaludon|Dragon Pulse|p2a: Baxcalibur
|-supereffective|p2a: Baxcalibur
|-damage|p2a: Baxcalibur|16/100
|
|upkeep
|turn|10
|
|t:|1756836171
|move|p2b: Palafin|Haze|p2b: Palafin
|-clearallboost
|move|p2a: Baxcalibur|Icicle Spear|p1b: Archaludon
|-damage|p1b: Archaludon|19/100
|-ability|p1b: Archaludon|Stamina|boost
|-boost|p1b: Archaludon|def|1
|-damage|p1b: Archaludon|12/100
|-ability|p1b: Archaludon|Stamina|boost
|-boost|p1b: Archaludon|def|1
|-damage|p1b: Archaludon|7/100
|-ability|p1b: Archaludon|Stamina|boost
|-boost|p1b: Archaludon|def|1
|-damage|p1b: Archaludon|3/100
|-ability|p1b: Archaludon|Stamina|boost
|-boost|p1b: Archaludon|def|1
|-damage|p1b: Archaludon|0 fnt
|faint|p1b: Archaludon
|-hitcount|p1: Archaludon|5
|
|win|Skyline67
