|j|☆the winking dol
|j|☆GoldenPants03
|html|the winking dolGoldenPants03    
|uhtml|bestof|Game 3 of a best-of-3
|t:|1756325269
|gametype|doubles
|player|p1|the winking dol|dawn|1082
|player|p2|GoldenPants03|101|1205
|gen|9
|tier|[Gen 9] VGC 2025 Reg H (Bo3)
|rated|
|rule|Species Clause: Limit one of each Pokémon
|rule|Item Clause: Limit 1 of each item
|clearpoke
|poke|p1|Rillaboom, L50, F|
|poke|p1|Glimmora, L50, F|
|poke|p1|Farigiraf, L50, M|
|poke|p1|Tyranitar, L50, M|
|poke|p1|Kommo-o, L50, F|
|poke|p1|Gholdengo, L50|
|poke|p2|Indeedee-F, L50, F|
|poke|p2|Hatterene, L50, F|
|poke|p2|Gallade, L50, M|
|poke|p2|Ursaluna, L50, F|
|poke|p2|Torkoal, L50, F|
|poke|p2|Lilligant-Hisui, L50, F|
|teampreview|4
|showteam|p1|Rillaboom||MiracleSeed|GrassySurge|WoodHammer,GrassyGlide,HighHorsepower,FakeOut|||F|||50|,,,,,Poison]Glimmora||LifeOrb|ToxicDebris|PowerGem,EarthPower,SludgeWave,SpikyShield|||F|||50|,,,,,Ghost]Farigiraf||SitrusBerry|ArmorTail|Psychic,HyperVoice,FoulPlay,TrickRoom|||M|||50|,,,,,Dark]Tyranitar||AssaultVest|SandStream|RockSlide,KnockOff,LowKick,TeraBlast|||M|||50|,,,,,Ghost]Kommo-o||Leftovers|Overcoat|ClangingScales,AuraSphere,Flamethrower,ClangorousSoul|||F|||50|,,,,,Steel]Gholdengo||ChoiceScarf|GoodasGold|MakeItRain,ShadowBall,Trick,Protect||||||50|,,,,,Steel
|showteam|p2|Indeedee-F||PsychicSeed|PsychicSurge|FollowMe,TrickRoom,HelpingHand,DazzlingGleam|||F|||50|,,,,,Fire]Hatterene||LifeOrb|MagicBounce|TrickRoom,Protect,DazzlingGleam,ExpandingForce|||F|||50|,,,,,Psychic]Gallade||ClearAmulet|Sharpness|TrickRoom,SacredSword,WideGuard,PsychoCut|||M|||50|,,,,,Grass]Ursaluna||FlameOrb|Guts|Facade,SwordsDance,HeadlongRush,Protect|||F|||50|,,,,,Ghost]Torkoal||ChoiceSpecs|Drought|Eruption,HeatWave,WeatherBall,EarthPower|||F|||50|,,,,,Fire]Lilligant-Hisui||FocusSash|Chlorophyll|AfterYou,LeafBlade,SleepPowder,CloseCombat|||F|||50|,,,,,Ghost
|inactive|Battle timer is ON: inactive players will automatically lose when time's up. (requested by the winking dol)
|inactive|the winking dol has 60 seconds left.
|inactive|the winking dol has 30 seconds left.
|inactive|the winking dol has 20 seconds left.
|inactive|the winking dol has 15 seconds left.
|
|t:|1756325350
|teamsize|p1|4
|teamsize|p2|4
|start
|switch|p1a: Glimmora|Glimmora, L50, F|100/100
|switch|p1b: Farigiraf|Farigiraf, L50, M|100/100
|switch|p2a: Torkoal|Torkoal, L50, F|100/100
|switch|p2b: Lilligant|Lilligant-Hisui, L50, F|100/100
|-weather|SunnyDay|[from] ability: Drought|[of] p2a: Torkoal
|turn|1
|inactive|the winking dol has 30 seconds left.
|inactive|GoldenPants03 has 30 seconds left.
|inactive|GoldenPants03 has 20 seconds left.
|inactive|GoldenPants03 has 15 seconds left.
|
|t:|1756325392
|switch|p1b: Tyranitar|Tyranitar, L50, M|100/100
|-weather|Sandstorm|[from] ability: Sand Stream|[of] p1b: Tyranitar
|-terastallize|p1a: Glimmora|Ghost
|move|p2b: Lilligant|After You|p2a: Torkoal
|-activate|p2a: Torkoal|move: After You
|move|p2a: Torkoal|Earth Power|p1a: Glimmora
|-damage|p1a: Glimmora|54/100
|move|p1a: Glimmora|Power Gem|p2a: Torkoal
|-supereffective|p2a: Torkoal
|-damage|p2a: Torkoal|0 fnt
|faint|p2a: Torkoal
|-damage|p1a: Glimmora|44/100|[from] item: Life Orb
|
|-weather|Sandstorm|[upkeep]
|-damage|p2b: Lilligant|94/100|[from] Sandstorm
|-damage|p1a: Glimmora|38/100|[from] Sandstorm
|upkeep
|
|t:|1756325406
|switch|p2a: Ursaluna|Ursaluna, L50, F|100/100
|turn|2
|inactive|the winking dol has 30 seconds left.
|inactive|GoldenPants03 has 30 seconds left.
|inactive|the winking dol has 20 seconds left.
|inactive|the winking dol has 15 seconds left.
|inactive|GoldenPants03 has 20 seconds left.
|inactive|the winking dol has 10 seconds left.
|inactive|the winking dol has 5 seconds left.
|
|t:|1756325459
|move|p2b: Lilligant|Leaf Blade|p1a: Glimmora
|-crit|p1a: Glimmora
|-damage|p1a: Glimmora|0 fnt
|-activate|p1a: Glimmora|ability: Toxic Debris
|-sidestart|p2: GoldenPants03|move: Toxic Spikes
|faint|p1a: Glimmora
|move|p1b: Tyranitar|Knock Off|p2a: Ursaluna
|-damage|p2a: Ursaluna|61/100
|-enditem|p2a: Ursaluna|Flame Orb|[from] move: Knock Off|[of] p1b: Tyranitar
|move|p2a: Ursaluna|Headlong Rush|p1b: Tyranitar
|-supereffective|p1b: Tyranitar
|-damage|p1b: Tyranitar|0 fnt
|-unboost|p2a: Ursaluna|def|1
|-unboost|p2a: Ursaluna|spd|1
|faint|p1b: Tyranitar
|
|-weather|Sandstorm|[upkeep]
|-damage|p2b: Lilligant|88/100|[from] Sandstorm
|upkeep
|
|t:|1756325477
|switch|p1a: Farigiraf|Farigiraf, L50, M|100/100
|switch|p1b: Rillaboom|Rillaboom, L50, F|100/100
|-fieldstart|move: Grassy Terrain|[from] ability: Grassy Surge|[of] p1b: Rillaboom
|turn|3
|inactive|GoldenPants03 has 30 seconds left.
|inactive|GoldenPants03 has 20 seconds left.
|
|t:|1756325517
|switch|p2a: Indeedee|Indeedee-F, L50, F|100/100
|-status|p2a: Indeedee|psn
|-fieldstart|move: Psychic Terrain|[from] ability: Psychic Surge|[of] p2a: Indeedee
|-enditem|p2a: Indeedee|Psychic Seed
|-boost|p2a: Indeedee|spd|1|[from] item: Psychic Seed
|move|p2b: Lilligant|Sleep Powder|p1a: Farigiraf
|-status|p1a: Farigiraf|slp|[from] move: Sleep Powder
|move|p1b: Rillaboom|Wood Hammer|p2a: Indeedee
|-damage|p2a: Indeedee|33/100 psn
|-damage|p1b: Rillaboom|80/100|[from] Recoil
|cant|p1a: Farigiraf|slp
|
|-weather|Sandstorm|[upkeep]
|-damage|p2b: Lilligant|82/100|[from] Sandstorm
|-damage|p1b: Rillaboom|74/100|[from] Sandstorm
|-damage|p2a: Indeedee|26/100 psn|[from] Sandstorm
|-damage|p1a: Farigiraf|94/100 slp|[from] Sandstorm
|-damage|p2a: Indeedee|14/100 psn|[from] psn
|upkeep
|turn|4
|inactive|the winking dol has 30 seconds left.
|inactive|GoldenPants03 has 30 seconds left.
|
|t:|1756325547
|move|p2a: Indeedee|Helping Hand|p2b: Lilligant
|-singleturn|p2b: Lilligant|Helping Hand|[of] p2a: Indeedee
|move|p2b: Lilligant|Close Combat|p1b: Rillaboom
|-damage|p1b: Rillaboom|0 fnt
|-unboost|p2b: Lilligant|def|1
|-unboost|p2b: Lilligant|spd|1
|faint|p1b: Rillaboom
|cant|p1a: Farigiraf|slp
|
|-weather|Sandstorm|[upkeep]
|-damage|p2b: Lilligant|76/100|[from] Sandstorm
|-damage|p2a: Indeedee|8/100 psn|[from] Sandstorm
|-damage|p1a: Farigiraf|88/100 slp|[from] Sandstorm
|-damage|p2a: Indeedee|0 fnt|[from] psn
|faint|p2a: Indeedee
|upkeep
|
|t:|1756325559
|switch|p2a: Ursaluna|Ursaluna, L50, F|61/100
|-status|p2a: Ursaluna|psn
|turn|5
|inactive|the winking dol has 30 seconds left.
|inactive|the winking dol has 20 seconds left.
|inactive|GoldenPants03 has 30 seconds left.
|inactive|the winking dol has 15 seconds left.
|inactive|the winking dol has 10 seconds left.
|
|t:|1756325608
|-terastallize|p2b: Lilligant|Ghost
|move|p2b: Lilligant|Close Combat|p1a: Farigiraf
|-damage|p1a: Farigiraf|43/100 slp
|-unboost|p2b: Lilligant|def|1
|-unboost|p2b: Lilligant|spd|1
|-enditem|p1a: Farigiraf|Sitrus Berry|[eat]
|-heal|p1a: Farigiraf|68/100 slp|[from] item: Sitrus Berry
|-curestatus|p1a: Farigiraf|slp|[msg]
|move|p1a: Farigiraf|Hyper Voice|p2b: Lilligant|[spread] p2a
|-immune|p2b: Lilligant
|-damage|p2a: Ursaluna|39/100 psn
|move|p2a: Ursaluna|Facade|p1a: Farigiraf
|-damage|p1a: Farigiraf|0 fnt
|faint|p1a: Farigiraf
|
|win|GoldenPants03
|raw|the winking dol's rating: 1082 → 1067(-15 for losing)
|raw|GoldenPants03's rating: 1205 → 1222(+17 for winning)
|c|☆the winking dol|gg
