|j|☆Helmet User
|j|☆myshirtisdirty
|html|Helmet Usermyshirtisdirty    
|uhtml|bestof|Game 1 of a best-of-3
|t:|1756990383
|gametype|doubles
|player|p1|Helmet User|dawn|1064
|player|p2|myshirtisdirty|266|1074
|gen|9
|tier|[Gen 9] VGC 2025 Reg H (Bo3)
|rated|
|rule|Species Clause: Limit one of each Pokémon
|rule|Item Clause: Limit 1 of each item
|clearpoke
|poke|p1|Whimsicott, L50, M|
|poke|p1|Clawitzer, L50, M|
|poke|p1|Sneasler, L50, M|
|poke|p1|Incineroar, L50, M|
|poke|p1|Kingambit, L50, M|
|poke|p1|Rillaboom, L50, M|
|poke|p2|Sneasler, L50, M|
|poke|p2|Incineroar, L50, M|
|poke|p2|Garchomp, L50, M|
|poke|p2|Ninetales-Alola, L50, F|
|poke|p2|Gallade, L50, M|
|poke|p2|Indeedee-F, L50, F|
|teampreview|4
|showteam|p1|Whimsicott||CovertCloak|Prankster|Moonblast,FakeTears,Tailwind,Encore|||M|||50|,,,,,Grass]Clawitzer||LifeOrb|MegaLauncher|WaterPulse,DarkPulse,AuraSphere,Protect|||M|||50|,,,,,Stellar]Sneasler||FocusSash|Unburden|CloseCombat,FakeOut,DireClaw,Protect|||M|||50|,,,,,Stellar]Incineroar||SitrusBerry|Intimidate|KnockOff,FlareBlitz,PartingShot,FakeOut|||M|||50|,,,,,Fire]Kingambit||BlackGlasses|Defiant|KowtowCleave,SwordsDance,SuckerPunch,Protect|||M|||50|,,,,,Dark]Rillaboom||AssaultVest|GrassySurge|WoodHammer,Uturn,GrassyGlide,FakeOut|||M|||50|,,,,,Fire
|showteam|p2|Sneasler||PsychicSeed|Unburden|Protect,CloseCombat,DireClaw,ThroatChop|||M|||50|,,,,,Grass]Incineroar||SitrusBerry|Intimidate|FakeOut,FlareBlitz,KnockOff,PartingShot|||M|||50|,,,,,Ghost]Garchomp||LifeOrb|RoughSkin|RockSlide,ScaleShot,StompingTantrum,Protect|||M|||50|,,,,,Fairy]Ninetales-Alola||CovertCloak|SnowWarning|FreezeDry,Protect,Blizzard,AuroraVeil|||F|||50|,,,,,Water]Gallade||ClearAmulet|Sharpness|PsychoCut,SacredSword,TrickRoom,WideGuard|||M|||50|,,,,,Steel]Indeedee-F||SafetyGoggles|PsychicSurge|DazzlingGleam,HelpingHand,TrickRoom,FollowMe|||F|||50|,,,,,Water
|inactive|Battle timer is ON: inactive players will automatically lose when time's up. (requested by Helmet User)
|inactive|myshirtisdirty has 60 seconds left.
|
|t:|1756990434
|teamsize|p1|4
|teamsize|p2|4
|start
|switch|p1a: Whimsicott|Whimsicott, L50, M|100/100
|switch|p1b: Rillaboom|Rillaboom, L50, M|100/100
|switch|p2a: Gallade|Gallade, L50, M, shiny|100/100
|switch|p2b: Incineroar|Incineroar, L50, M|100/100
|-fieldstart|move: Grassy Terrain|[from] ability: Grassy Surge|[of] p1b: Rillaboom
|-ability|p2b: Incineroar|Intimidate|boost
|-unboost|p1a: Whimsicott|atk|1
|-unboost|p1b: Rillaboom|atk|1
|turn|1
|
|t:|1756990453
|move|p1a: Whimsicott|Moonblast|p2a: Gallade
|-supereffective|p2a: Gallade
|-damage|p2a: Gallade|42/100
|move|p1b: Rillaboom|Wood Hammer|p2a: Gallade
|-damage|p2a: Gallade|0 fnt
|faint|p2a: Gallade
|-damage|p1b: Rillaboom|89/100|[from] Recoil
|move|p2b: Incineroar|Flare Blitz|p1a: Whimsicott
|-supereffective|p1a: Whimsicott
|-damage|p1a: Whimsicott|0 fnt
|faint|p1a: Whimsicott
|-damage|p2b: Incineroar|78/100|[from] Recoil
|
|-heal|p1b: Rillaboom|95/100|[from] Grassy Terrain
|-heal|p2b: Incineroar|84/100|[from] Grassy Terrain
|upkeep
|
|t:|1756990469
|switch|p1a: Clawitzer|Clawitzer, L50, M, shiny|100/100
|switch|p2a: Ninetales|Ninetales-Alola, L50, F|100/100
|-weather|Snowscape|[from] ability: Snow Warning|[of] p2a: Ninetales
|turn|2
|
|t:|1756990481
|move|p2a: Ninetales|Aurora Veil|p2a: Ninetales
|-sidestart|p2: myshirtisdirty|move: Aurora Veil
|move|p1a: Clawitzer|Water Pulse|p2b: Incineroar
|-supereffective|p2b: Incineroar
|-damage|p2b: Incineroar|13/100
|-enditem|p2b: Incineroar|Sitrus Berry|[eat]
|-heal|p2b: Incineroar|38/100|[from] item: Sitrus Berry
|-damage|p1a: Clawitzer|91/100|[from] item: Life Orb
|move|p1b: Rillaboom|U-turn|p2a: Ninetales
|-resisted|p2a: Ninetales
|-damage|p2a: Ninetales|97/100
|
|t:|1756990493
|switch|p1b: Sneasler|Sneasler, L50, M|100/100|[from] U-turn
|move|p2b: Incineroar|Parting Shot|p1b: Sneasler
|-unboost|p1b: Sneasler|atk|1
|-unboost|p1b: Sneasler|spa|1
|
|t:|1756990504
|switch|p2b: Garchomp|Garchomp, L50, M|100/100|[from] Parting Shot
|
|-weather|Snowscape|[upkeep]
|-heal|p2a: Ninetales|100/100|[from] Grassy Terrain
|-heal|p1a: Clawitzer|97/100|[from] Grassy Terrain
|upkeep
|turn|3
|
|t:|1756990517
|-terastallize|p2b: Garchomp|Fairy
|move|p1a: Clawitzer|Protect|p1a: Clawitzer
|-singleturn|p1a: Clawitzer|Protect
|move|p1b: Sneasler|Dire Claw|p2a: Ninetales
|-supereffective|p2a: Ninetales
|-damage|p2a: Ninetales|71/100
|move|p2a: Ninetales|Freeze-Dry|p1a: Clawitzer
|-activate|p1a: Clawitzer|move: Protect
|move|p2b: Garchomp|Scale Shot|p1b: Sneasler
|-damage|p1b: Sneasler|70/100
|-damage|p1b: Sneasler|39/100
|-damage|p1b: Sneasler|8/100
|-hitcount|p1b: Sneasler|3
|-unboost|p2b: Garchomp|def|1
|-boost|p2b: Garchomp|spe|1
|-damage|p2b: Garchomp|91/100|[from] item: Life Orb
|
|-weather|Snowscape|[upkeep]
|-heal|p2b: Garchomp|97/100|[from] Grassy Terrain
|-heal|p1b: Sneasler|13/100|[from] Grassy Terrain
|-heal|p2a: Ninetales|77/100|[from] Grassy Terrain
|-heal|p1a: Clawitzer|100/100|[from] Grassy Terrain
|upkeep
|turn|4
|inactive|Helmet User has 30 seconds left.
|
|t:|1756990542
|move|p1b: Sneasler|Protect|p1b: Sneasler
|-singleturn|p1b: Sneasler|Protect
|move|p2b: Garchomp|Rock Slide|p1a: Clawitzer|[spread] 
|-activate|p1b: Sneasler|move: Protect
|-miss|p2b: Garchomp|p1a: Clawitzer
|move|p2a: Ninetales|Freeze-Dry|p1a: Clawitzer
|-supereffective|p1a: Clawitzer
|-damage|p1a: Clawitzer|51/100
|move|p1a: Clawitzer|Water Pulse|p2b: Garchomp
|-damage|p2b: Garchomp|52/100
|-damage|p1a: Clawitzer|41/100|[from] item: Life Orb
|
|-weather|Snowscape|[upkeep]
|-heal|p2b: Garchomp|58/100|[from] Grassy Terrain
|-heal|p1b: Sneasler|19/100|[from] Grassy Terrain
|-heal|p2a: Ninetales|84/100|[from] Grassy Terrain
|-heal|p1a: Clawitzer|47/100|[from] Grassy Terrain
|upkeep
|turn|5
|inactive|myshirtisdirty has 30 seconds left.
|
|t:|1756990569
|switch|p1b: Rillaboom|Rillaboom, L50, M|95/100
|switch|p2a: Incineroar|Incineroar, L50, M|38/100
|-ability|p2a: Incineroar|Intimidate|boost
|-unboost|p1a: Clawitzer|atk|1
|-unboost|p1b: Rillaboom|atk|1
|move|p1a: Clawitzer|Protect|p1a: Clawitzer
|-singleturn|p1a: Clawitzer|Protect
|move|p2b: Garchomp|Rock Slide|p1b: Rillaboom|[spread] p1b
|-activate|p1a: Clawitzer|move: Protect
|-crit|p1b: Rillaboom
|-damage|p1b: Rillaboom|56/100
|-damage|p2b: Garchomp|49/100|[from] item: Life Orb
|
|-weather|Snowscape|[upkeep]
|-heal|p2b: Garchomp|55/100|[from] Grassy Terrain
|-heal|p1a: Clawitzer|54/100|[from] Grassy Terrain
|-heal|p1b: Rillaboom|62/100|[from] Grassy Terrain
|-heal|p2a: Incineroar|44/100|[from] Grassy Terrain
|-fieldend|move: Grassy Terrain
|upkeep
|turn|6
|
|t:|1756990588
|move|p1b: Rillaboom|Fake Out|p2b: Garchomp
|-damage|p2b: Garchomp|44/100
|-damage|p1b: Rillaboom|50/100|[from] ability: Rough Skin|[of] p2b: Garchomp
|move|p2a: Incineroar|Fake Out|p1a: Clawitzer
|-damage|p1a: Clawitzer|37/100
|cant|p2b: Garchomp|flinch
|cant|p1a: Clawitzer|flinch
|
|-weather|none
|-sideend|p2: myshirtisdirty|move: Aurora Veil
|upkeep
|turn|7
|inactive|myshirtisdirty has 30 seconds left.
|
|t:|1756990619
|move|p2b: Garchomp|Protect|p2b: Garchomp
|-singleturn|p2b: Garchomp|Protect
|move|p1a: Clawitzer|Protect|p1a: Clawitzer
|-singleturn|p1a: Clawitzer|Protect
|move|p1b: Rillaboom|U-turn|p2a: Incineroar
|-damage|p2a: Incineroar|28/100
|
|t:|1756990626
|switch|p1b: Sneasler|Sneasler, L50, M|19/100|[from] U-turn
|move|p2a: Incineroar|Flare Blitz|p1b: Sneasler
|-damage|p1b: Sneasler|0 fnt
|faint|p1b: Sneasler
|-damage|p2a: Incineroar|23/100|[from] Recoil
|
|upkeep
|
|t:|1756990631
|switch|p1b: Rillaboom|Rillaboom, L50, M|50/100
|-fieldstart|move: Grassy Terrain|[from] ability: Grassy Surge|[of] p1b: Rillaboom
|turn|8
|inactive|myshirtisdirty has 30 seconds left.
|
|t:|1756990661
|switch|p2a: Ninetales|Ninetales-Alola, L50, F|84/100
|-weather|Snowscape|[from] ability: Snow Warning|[of] p2a: Ninetales
|move|p1b: Rillaboom|Fake Out|p2b: Garchomp
|-damage|p2b: Garchomp|23/100
|-damage|p1b: Rillaboom|38/100|[from] ability: Rough Skin|[of] p2b: Garchomp
|cant|p2b: Garchomp|flinch
|move|p1a: Clawitzer|Water Pulse|p2a: Ninetales
|-damage|p2a: Ninetales|22/100
|-damage|p1a: Clawitzer|28/100|[from] item: Life Orb
|
|-weather|Snowscape|[upkeep]
|-heal|p2b: Garchomp|29/100|[from] Grassy Terrain
|-heal|p2a: Ninetales|28/100|[from] Grassy Terrain
|-heal|p1a: Clawitzer|34/100|[from] Grassy Terrain
|-heal|p1b: Rillaboom|44/100|[from] Grassy Terrain
|upkeep
|turn|9
|
|t:|1756990684
|move|p1b: Rillaboom|Grassy Glide|p2a: Ninetales
|-damage|p2a: Ninetales|0 fnt
|faint|p2a: Ninetales
|move|p2b: Garchomp|Rock Slide|p1a: Clawitzer|[spread] p1b
|-miss|p2b: Garchomp|p1a: Clawitzer
|-damage|p1b: Rillaboom|20/100
|-damage|p2b: Garchomp|19/100|[from] item: Life Orb
|move|p1a: Clawitzer|Water Pulse|p2b: Garchomp
|-damage|p2b: Garchomp|0 fnt
|faint|p2b: Garchomp
|-damage|p1a: Clawitzer|25/100|[from] item: Life Orb
|
|-weather|Snowscape|[upkeep]
|-heal|p1a: Clawitzer|31/100|[from] Grassy Terrain
|-heal|p1b: Rillaboom|26/100|[from] Grassy Terrain
|upkeep
|
|t:|1756990693
|switch|p2b: Incineroar|Incineroar, L50, M|23/100
|-ability|p2b: Incineroar|Intimidate|boost
|-unboost|p1a: Clawitzer|atk|1
|-unboost|p1b: Rillaboom|atk|1
|turn|10
|
|t:|1756990702
|move|p1a: Clawitzer|Protect|p1a: Clawitzer
|-singleturn|p1a: Clawitzer|Protect
|move|p1b: Rillaboom|Wood Hammer|p2b: Incineroar
|-resisted|p2b: Incineroar
|-damage|p2b: Incineroar|0 fnt
|faint|p2b: Incineroar
|-damage|p1b: Rillaboom|19/100|[from] Recoil
|
|win|Helmet User
||myshirtisdirty is ready for game 2.
