|j|☆new mental
|j|☆lokito777
|html|new mentallokito777    
|uhtml|bestof|Game 2 of a best-of-3
|t:|1784461444
|gametype|doubles
|player|p1|new mental|volkner|1187
|player|p2|lokito777|169|1320
|gen|9
|tier|[Gen 9 Champions] VGC 2026 Reg M-B (Bo3)
|rated|
|rule|Species Clause: Limit one of each Pokémon
|rule|Item Clause: Limit 1 of each item
|clearpoke
|poke|p1|Aerodactyl, L50, M|
|poke|p1|Garchomp, L50, F|
|poke|p1|Kingambit, L50, F|
|poke|p1|Charizard, L50, F|
|poke|p1|Sylveon, L50, F|
|poke|p1|Farigiraf, L50, M|
|poke|p2|Floette-Eternal, L50, F|
|poke|p2|Incineroar, L50, F|
|poke|p2|Sinistcha, L50|
|poke|p2|Delphox, L50, M|
|poke|p2|Milotic, L50, M|
|poke|p2|Sneasler, L50, M|
|teampreview|4
|showteam|p1|Aerodactyl||Aerodactylite|Unnerve|IceFang,RockSlide,Tailwind,DualWingbeat|Jolly||M|||50|]Garchomp||LifeOrb|RoughSkin|DragonClaw,RockSlide,Earthquake,Protect|Jolly||F|||50|]Kingambit||FocusSash|Defiant|SuckerPunch,KowtowCleave,IronHead,LowKick|Adamant||F|||50|]Charizard||CharizarditeY|SolarPower|Protect,WeatherBall,HeatWave,SolarBeam|Modest||F|||50|]Sylveon||FairyFeather|Pixilate|Protect,HyperVoice,HyperBeam,QuickAttack|Modest||F|||50|]Farigiraf||SitrusBerry|ArmorTail|TrickRoom,Thunderbolt,Roar,Psychic|Bold||M|||50|
|showteam|p2|Floette-Eternal||Floettite|FlowerVeil|CalmMind,DrainingKiss,DazzlingGleam,Protect|Modest||F|||50|]Incineroar||PasshoBerry|Intimidate|PartingShot,FakeOut,ThroatChop,FlareBlitz|Impish||F|||50|]Sinistcha||SitrusBerry|Hospitality|RagePowder,TrickRoom,LeafStorm,Protect|Bold|||||50|]Delphox||Delphoxite|Blaze|NastyPlot,HeatWave,Psychic,Protect|Timid||M|||50|]Milotic||Leftovers|Competitive|MuddyWater,Hypnosis,Coil,Protect|Calm||M|||50|]Sneasler||FocusSash|PoisonTouch|PoisonJab,FakeOut,CloseCombat,QuickGuard|Jolly||M|||50|
|c|☆lokito777|Wp
|
|t:|1784461465
|teamsize|p1|4
|teamsize|p2|4
|start
|switch|p1a: Aerodactyl|Aerodactyl, L50, M|100/100
|switch|p1b: Kingambit|Kingambit, L50, F|100/100
|switch|p2a: Incineroar|Incineroar, L50, F|100/100
|switch|p2b: Milotic|Milotic, L50, M|100/100
|-ability|p1a: Aerodactyl|Unnerve
|-ability|p2a: Incineroar|Intimidate|boost
|-unboost|p1a: Aerodactyl|atk|1
|-unboost|p1b: Kingambit|atk|1
|-ability|p1b: Kingambit|Defiant|boost
|-boost|p1b: Kingambit|atk|2
|turn|1
|
|t:|1784461494
|switch|p1b: Farigiraf|Farigiraf, L50, M|100/100
|detailschange|p1a: Aerodactyl|Aerodactyl-Mega, L50, M
|-mega|p1a: Aerodactyl|Aerodactyl|Aerodactylite
|move|p2a: Incineroar|Fake Out||[still]
|cant|p1b: Farigiraf|ability: Armor Tail|Fake Out|[of] p2a: Incineroar
|move|p1a: Aerodactyl|Rock Slide|p2a: Incineroar|[spread] p2a,p2b
|-supereffective|p2a: Incineroar|1
|-damage|p2a: Incineroar|76/100
|-damage|p2b: Milotic|82/100
|cant|p2b: Milotic|flinch
|
|-heal|p2b: Milotic|89/100|[from] item: Leftovers
|upkeep
|turn|2
|c|☆lokito777|WoW
|c|☆lokito777|Amazing player
|
|t:|1784461528
|move|p1a: Aerodactyl|Tailwind|p1a: Aerodactyl
|-sidestart|p1: new mental|move: Tailwind
|move|p1b: Farigiraf|Thunderbolt|p2b: Milotic
|-supereffective|p2b: Milotic|1
|-damage|p2b: Milotic|62/100
|move|p2b: Milotic|Coil|p2b: Milotic
|-boost|p2b: Milotic|atk|1
|-boost|p2b: Milotic|def|1
|-boost|p2b: Milotic|accuracy|1
|move|p2a: Incineroar|Parting Shot|p1b: Farigiraf
|-unboost|p1b: Farigiraf|atk|1
|-unboost|p1b: Farigiraf|spa|1
|inactive|Battle timer is ON: inactive players will automatically lose when time's up. (requested by new mental)
|
|t:|1784461564
|switch|p2a: Delphox|Delphox, L50, M|100/100|[from] Parting Shot
|
|-heal|p2b: Milotic|68/100|[from] item: Leftovers
|upkeep
|turn|3
|
|t:|1784461583
|switch|p2a: Incineroar|Incineroar, L50, F|76/100
|-ability|p2a: Incineroar|Intimidate|boost
|-unboost|p1a: Aerodactyl|atk|1
|-unboost|p1b: Farigiraf|atk|1
|move|p1a: Aerodactyl|Rock Slide|p2b: Milotic|[spread] p2a
|-miss|p1a: Aerodactyl|p2b: Milotic
|-supereffective|p2a: Incineroar|1
|-damage|p2a: Incineroar|57/100
|move|p2b: Milotic|Coil|p2b: Milotic
|-boost|p2b: Milotic|atk|1
|-boost|p2b: Milotic|def|1
|-boost|p2b: Milotic|accuracy|1
|move|p1b: Farigiraf|Roar|p2b: Milotic
|drag|p2b: Sneasler|Sneasler, L50, M|100/100
|
|upkeep
|turn|4
|
|t:|1784461607
|move|p1a: Aerodactyl|Rock Slide|p2b: Sneasler|[spread] p2a,p2b
|-supereffective|p2a: Incineroar|1
|-resisted|p2b: Sneasler|1
|-damage|p2a: Incineroar|39/100
|-damage|p2b: Sneasler|90/100
|move|p2b: Sneasler|Close Combat|p1b: Farigiraf
|-damage|p1b: Farigiraf|49/100
|-unboost|p2b: Sneasler|def|1
|-unboost|p2b: Sneasler|spd|1
|-enditem|p1b: Farigiraf|Sitrus Berry|[eat]
|-heal|p1b: Farigiraf|74/100|[from] item: Sitrus Berry
|move|p1b: Farigiraf|Psychic|p2b: Sneasler
|-supereffective|p2b: Sneasler|2
|-damage|p2b: Sneasler|0 fnt
|faint|p2b: Sneasler
|move|p2a: Incineroar|Parting Shot|p1b: Farigiraf
|-unboost|p1b: Farigiraf|atk|1
|-unboost|p1b: Farigiraf|spa|1
|
|t:|1784461615
|switch|p2a: Milotic|Milotic, L50, M|68/100|[from] Parting Shot
|
|-heal|p2a: Milotic|74/100|[from] item: Leftovers
|upkeep
|
|t:|1784461617
|switch|p2b: Delphox|Delphox, L50, M|100/100
|turn|5
|
|t:|1784461629
|switch|p1a: Sylveon|Sylveon, L50, F|100/100
|detailschange|p2b: Delphox|Delphox-Mega, L50, M
|-mega|p2b: Delphox|Delphox|Delphoxite
|move|p2b: Delphox|Nasty Plot|p2b: Delphox
|-boost|p2b: Delphox|spa|2
|move|p2a: Milotic|Coil|p2a: Milotic
|-boost|p2a: Milotic|atk|1
|-boost|p2a: Milotic|def|1
|-boost|p2a: Milotic|accuracy|1
|move|p1b: Farigiraf|Trick Room|p1b: Farigiraf
|-fieldstart|move: Trick Room|[of] p1b: Farigiraf
|
|-heal|p2a: Milotic|80/100|[from] item: Leftovers
|-sideend|p1: new mental|move: Tailwind
|upkeep
|turn|6
|inactive|lokito777 has 30 seconds left.
|inactive|lokito777 has 20 seconds left.
|inactive|lokito777 has 15 seconds left.
|inactive|lokito777 has 10 seconds left.
|inactive|lokito777 has 5 seconds left.
|
|t:|1784461680
|move|p1a: Sylveon|Hyper Voice|p2a: Milotic|[spread] p2a,p2b
|-resisted|p2b: Delphox|1
|-damage|p2a: Milotic|52/100
|-damage|p2b: Delphox|76/100
|move|p2a: Milotic|Hypnosis|p1b: Farigiraf
|-status|p1b: Farigiraf|slp|[from] move: Hypnosis
|move|p2b: Delphox|Heat Wave|p1a: Sylveon|[spread] p1a,p1b
|-damage|p1a: Sylveon|33/100
|-damage|p1b: Farigiraf|6/100 slp
|cant|p1b: Farigiraf|slp
|
|-heal|p2a: Milotic|59/100|[from] item: Leftovers
|upkeep
|turn|7
|
|t:|1784461695
|move|p1a: Sylveon|Hyper Beam|p2a: Milotic
|-damage|p2a: Milotic|0 fnt
|-mustrecharge|p1a: Sylveon
|faint|p2a: Milotic
|move|p2b: Delphox|Heat Wave|p1b: Farigiraf|[spread] p1a,p1b
|-damage|p1a: Sylveon|0 fnt
|-damage|p1b: Farigiraf|0 fnt
|faint|p1a: Sylveon
|faint|p1b: Farigiraf
|
|upkeep
|
|t:|1784461698
|switch|p1b: Kingambit|Kingambit, L50, F|100/100
|switch|p1a: Aerodactyl|Aerodactyl-Mega, L50, M|100/100
|switch|p2a: Incineroar|Incineroar, L50, F|39/100
|-ability|p2a: Incineroar|Intimidate|boost
|-unboost|p1a: Aerodactyl|atk|1
|-unboost|p1b: Kingambit|atk|1
|-ability|p1b: Kingambit|Defiant|boost
|-boost|p1b: Kingambit|atk|2
|turn|8
|
|t:|1784461717
|move|p2a: Incineroar|Fake Out|p1b: Kingambit
|-resisted|p1b: Kingambit|1
|-damage|p1b: Kingambit|95/100
|cant|p1b: Kingambit|flinch
|move|p2b: Delphox|Heat Wave|p1b: Kingambit|[spread] p1a,p1b
|-resisted|p1a: Aerodactyl|1
|-supereffective|p1b: Kingambit|1
|-damage|p1a: Aerodactyl|59/100
|-damage|p1b: Kingambit|0 fnt
|faint|p1b: Kingambit
|move|p1a: Aerodactyl|Rock Slide|p2b: Delphox|[spread] 
|-miss|p1a: Aerodactyl|p2a: Incineroar
|-miss|p1a: Aerodactyl|p2b: Delphox
|
|upkeep
|turn|9
|
|t:|1784461734
|move|p2a: Incineroar|Throat Chop|p1a: Aerodactyl
|-damage|p1a: Aerodactyl|26/100
|-start|p1a: Aerodactyl|Throat Chop|[silent]
|move|p2b: Delphox|Psychic|p1a: Aerodactyl
|-damage|p1a: Aerodactyl|0 fnt
|faint|p1a: Aerodactyl
|
|win|lokito777
