|j|â˜†Meshowu
|j|â˜†Alottalotta
|html|MeshowuAlottalotta    
|uhtml|bestof|Game 1 of a best-of-3
|t:|1785689947
|gametype|doubles
|player|p1|Meshowu|170|
|player|p2|Alottalotta|101|
|gen|9
|tier|[Gen 9 Champions] VGC 2026 Reg M-B (Bo3)
|rule|Species Clause: Limit one of each PokÃ©mon
|rule|Item Clause: Limit 1 of each item
|clearpoke
|poke|p1|Gardevoir, L50, F|
|poke|p1|Froslass, L50, F|
|poke|p1|Maushold-Four, L50|
|poke|p1|Tinkaton, L50, F|
|poke|p1|Dragapult, L50, F|
|poke|p1|Ceruledge, L50, F|
|poke|p2|Aegislash, L50, F|
|poke|p2|Arcanine, L50, F|
|poke|p2|Mimikyu, L50, F|
|poke|p2|Lycanroc, L50, M|
|poke|p2|Farigiraf, L50, M|
|poke|p2|Slowbro, L50, M|
|teampreview|4
|showteam|p1|Gardevoir||Gardevoirite|Synchronize|HyperVoice,Protect,IcyWind,Encore|Timid||F|||50|]Froslass||Froslassite|SnowCloak|Blizzard,AuroraVeil,ChillingWater,Protect|Timid||F|||50|]Maushold-Four||MentalHerb|FriendGuard|Taunt,Protect,FollowMe,ShadowClaw|Jolly|||||50|]Tinkaton||ExpertBelt|MoldBreaker|FakeOut,Protect,GigatonHammer,Bulldoze|Jolly||F|||50|]Dragapult||LifeOrb|ClearBody|Curse,DragonDarts,SteelWing,Outrage|Jolly||F|||50|]Ceruledge||FocusSash|FlashFire|BitterBlade,AllySwitch,Protect,IronHead|Adamant||F|||50|
|showteam|p2|Aegislash||Leftovers|StanceChange|KingsShield,GyroBall,ShadowSneak,SwordsDance|Brave||F|||50|]Arcanine||SitrusBerry|Intimidate|ExtremeSpeed,MorningSun,PsychicFangs,FlareBlitz|Adamant||F|||50|]Mimikyu||FocusSash|Disguise|TrickRoom,SwordsDance,ShadowSneak,PlayRough|Brave||F|||50|]Lycanroc||BlackGlasses|Steadfast|SwordsDance,Accelerock,SuckerPunch,StompingTantrum|Jolly||M|||50|]Farigiraf||ExpertBelt|ArmorTail|TrickRoom,HyperVoice,Psychic,HelpingHand|Sassy||M|||50|]Slowbro||Slowbronite|Regenerator|Rest,SleepTalk,CalmMind,Scald|Relaxed||M|||50|
|j| discogreg
|inactive|Battle timer is ON: inactive players will automatically lose when time's up. (requested by Meshowu)
|inactive|Meshowu has 60 seconds left.
|inactive|Alottalotta has 60 seconds left.
|c| discogreg|sup fellas
|c| discogreg|remember to not look at each other's team sheets
|inactive|Meshowu has 30 seconds left.
|inactive|Alottalotta has 30 seconds left.
|inactive|Meshowu has 20 seconds left.
|inactive|Alottalotta has 20 seconds left.
|inactive|Meshowu has 15 seconds left.
|inactive|Alottalotta has 15 seconds left.
|inactive|Meshowu has 10 seconds left.
|inactive|Meshowu has 5 seconds left.
|n|â˜†Meshowu|meshowu
|
|t:|1785690069
|teamsize|p1|4
|teamsize|p2|4
|start
|switch|p1a: Got It|Gardevoir, L50, F|100/100
|switch|p1b: Finally|Froslass, L50, F|100/100
|switch|p2a: Aegislash|Aegislash, L50, F|100/100
|switch|p2b: Lycanroc|Lycanroc, L50, M|100/100
|turn|1
|inactive|Meshowu has 30 seconds left.
|inactive|Alottalotta has 30 seconds left.
|inactive|Meshowu has 20 seconds left.
|inactive|Alottalotta has 20 seconds left.
|inactive|Meshowu has 15 seconds left.
|
|t:|1785690110
|detailschange|p1b: Finally|Froslass-Mega, L50, F
|-mega|p1b: Finally|Froslass|Froslassite
|-weather|Snowscape|[from] ability: Snow Warning|[of] p1b: Finally
|move|p1a: Got It|Protect|p1a: Got It
|-singleturn|p1a: Got It|Protect
|move|p2b: Lycanroc|Sucker Punch||[still]
|-fail|p2b: Lycanroc
|move|p1b: Finally|Aurora Veil|p1b: Finally
|-sidestart|p1: Meshowu|move: Aurora Veil
|-formechange|p2a: Aegislash|Aegislash-Blade|
|move|p2a: Aegislash|Gyro Ball|p1a: Got It
|-activate|p1a: Got It|move: Protect
|
|-weather|Snowscape|[upkeep]
|upkeep
|turn|2
|inactive|Meshowu has 30 seconds left.
|inactive|Meshowu has 20 seconds left.
|inactive|Meshowu has 15 seconds left.
|
|t:|1785690152
|switch|p1a: Completed|Tinkaton, L50, F|100/100
|-ability|p1a: Completed|Mold Breaker
|-formechange|p2a: Aegislash|Aegislash|
|move|p2a: Aegislash|King's Shield|p2a: Aegislash
|-singleturn|p2a: Aegislash|Protect
|move|p1b: Finally|Blizzard|p2a: Aegislash|[spread] p2b
|-activate|p2a: Aegislash|move: Protect
|-damage|p2b: Lycanroc|24/100
|move|p2b: Lycanroc|Swords Dance|p2b: Lycanroc
|-boost|p2b: Lycanroc|atk|2
|
|-weather|Snowscape|[upkeep]
|upkeep
|turn|3
|inactive|Meshowu has 30 seconds left.
|inactive|Alottalotta has 30 seconds left.
|
|t:|1785690181
|move|p1a: Completed|Fake Out|p2a: Aegislash
|-immune|p2a: Aegislash
|move|p2b: Lycanroc|Accelerock|p1b: Finally
|-supereffective|p1b: Finally|1
|-damage|p1b: Finally|44/100
|move|p1b: Finally|Blizzard|p2a: Aegislash|[spread] p2a,p2b
|-resisted|p2a: Aegislash|1
|-damage|p2a: Aegislash|81/100
|-damage|p2b: Lycanroc|0 fnt
|-status|p2a: Aegislash|frz
|faint|p2b: Lycanroc
|-curestatus|p2a: Aegislash|frz|[msg]
|-formechange|p2a: Aegislash|Aegislash-Blade|
|move|p2a: Aegislash|Gyro Ball|p1a: Completed
|-damage|p1a: Completed|68/100
|
|-weather|Snowscape|[upkeep]
|-heal|p2a: Aegislash|87/100|[from] item: Leftovers
|upkeep
|
|t:|1785690205
|switch|p2b: Mimikyu|Mimikyu, L50, F|100/100
|turn|4
|c|â˜†Meshowu|that was the most unlucky into lucky into unlucky that I've ever seen
|inactive|Meshowu has 30 seconds left.
|inactive|Alottalotta has 30 seconds left.
|
|t:|1785690239
|-formechange|p2a: Aegislash|Aegislash|
|move|p2a: Aegislash|King's Shield|p2a: Aegislash
|-singleturn|p2a: Aegislash|Protect
|move|p1b: Finally|Chilling Water|p2a: Aegislash
|-activate|p2a: Aegislash|move: Protect
|move|p1a: Completed|Gigaton Hammer|p2b: Mimikyu
|-supereffective|p2b: Mimikyu|1
|-crit|p2b: Mimikyu
|-enditem|p2b: Mimikyu|Focus Sash
|-damage|p2b: Mimikyu|1/100
|move|p2b: Mimikyu|Swords Dance|p2b: Mimikyu
|-boost|p2b: Mimikyu|atk|2
|
|-weather|Snowscape|[upkeep]
|-heal|p2a: Aegislash|93/100|[from] item: Leftovers
|upkeep
|turn|5
|c| discogreg|holy shit
|c| discogreg|mold breaker
|inactive|Meshowu has 30 seconds left.
|c|â˜†Meshowu|mold breaker GOATED
|inactive|Meshowu has 20 seconds left.
|c|â˜†Meshowu|I realized that as I was looking through the sheet and popped off
|inactive|Meshowu has 15 seconds left.
|inactive|Meshowu has 10 seconds left.
|
|t:|1785690285
|move|p2b: Mimikyu|Shadow Sneak|p1b: Finally
|-supereffective|p1b: Finally|1
|-damage|p1b: Finally|0 fnt
|faint|p1b: Finally
|move|p1a: Completed|Bulldoze|p2b: Mimikyu|[spread] p2a,p2b
|-supereffective|p2a: Aegislash|1
|-damage|p2a: Aegislash|71/100
|-damage|p2b: Mimikyu|0 fnt
|-unboost|p2a: Aegislash|spe|1
|faint|p2b: Mimikyu
|-formechange|p2a: Aegislash|Aegislash-Blade|
|move|p2a: Aegislash|Gyro Ball|p1a: Completed
|-damage|p1a: Completed|22/100
|
|-weather|none
|-heal|p2a: Aegislash|77/100|[from] item: Leftovers
|-sideend|p1: Meshowu|move: Aurora Veil
|upkeep
|c|â˜†Meshowu|I hate this fucking pokemon bro
|inactive|Meshowu has 30 seconds left.
|
|t:|1785690320
|switch|p1b: Got It|Gardevoir, L50, F|100/100
|switch|p2b: Slowbro|Slowbro, L50, M|100/100
|turn|6
|
|t:|1785690340
|detailschange|p2b: Slowbro|Slowbro-Mega, L50, M
|-mega|p2b: Slowbro|Slowbro|Slowbronite
|-formechange|p2a: Aegislash|Aegislash|
|move|p2a: Aegislash|King's Shield|p2a: Aegislash
|-singleturn|p2a: Aegislash|Protect
|move|p1a: Completed|Bulldoze|p2b: Slowbro|[spread] p1b,p2b
|-activate|p2a: Aegislash|move: Protect
|-damage|p1b: Got It|81/100
|-damage|p2b: Slowbro|95/100
|-unboost|p1b: Got It|spe|1
|-unboost|p2b: Slowbro|spe|1
|move|p1b: Got It|Encore|p2a: Aegislash
|-start|p2a: Aegislash|Encore
|move|p2b: Slowbro|Calm Mind|p2b: Slowbro
|-boost|p2b: Slowbro|spa|1
|-boost|p2b: Slowbro|spd|1
|
|-heal|p2a: Aegislash|83/100|[from] item: Leftovers
|upkeep
|turn|7
|inactive|Meshowu has 30 seconds left.
|inactive|Alottalotta has 30 seconds left.
|inactive|Meshowu has 20 seconds left.
|inactive|Alottalotta has 20 seconds left.
|inactive|Meshowu has 15 seconds left.
|inactive|Meshowu has 10 seconds left.
|
|t:|1785690387
|switch|p1b: Finished|Maushold-Four, L50|100/100
|move|p2a: Aegislash|King's Shield||[still]
|-fail|p2a: Aegislash
|move|p1a: Completed|Bulldoze|p2a: Aegislash|[spread] p1b,p2a,p2b
|-supereffective|p2a: Aegislash|1
|-damage|p1b: Finished|84/100
|-damage|p2a: Aegislash|62/100
|-damage|p2b: Slowbro|91/100
|-unboost|p1b: Finished|spe|1
|-unboost|p2a: Aegislash|spe|1
|-unboost|p2b: Slowbro|spe|1
|move|p2b: Slowbro|Scald|p1b: Finished
|-damage|p1b: Finished|19/100
|-status|p1b: Finished|brn
|
|-heal|p2a: Aegislash|68/100|[from] item: Leftovers
|-damage|p1b: Finished|13/100 brn|[from] brn
|upkeep
|turn|8
|
|t:|1785690410
|move|p2a: Aegislash|King's Shield|p2a: Aegislash
|-singleturn|p2a: Aegislash|Protect
|move|p1a: Completed|Gigaton Hammer|p2b: Slowbro
|-resisted|p2b: Slowbro|1
|-damage|p2b: Slowbro|78/100
|move|p1b: Finished|Shadow Claw|p2a: Aegislash
|-activate|p2a: Aegislash|move: Protect
|-unboost|p1b: Finished|atk|1
|move|p2b: Slowbro|Calm Mind|p2b: Slowbro
|-boost|p2b: Slowbro|spa|1
|-boost|p2b: Slowbro|spd|1
|
|-heal|p2a: Aegislash|74/100|[from] item: Leftovers
|-damage|p1b: Finished|7/100 brn|[from] brn
|upkeep
|turn|9
|c|â˜†Meshowu|misunderstood encore, totally thought that protect would fail guaranteed :/
|inactive|Meshowu has 30 seconds left.
|inactive|Alottalotta has 30 seconds left.
|c| discogreg|it failed last turn
|
|t:|1785690440
|move|p2a: Aegislash|King's Shield||[still]
|-fail|p2a: Aegislash
|move|p1a: Completed|Bulldoze|p2b: Slowbro|[spread] p1b,p2a,p2b
|-supereffective|p2a: Aegislash|1
|-crit|p2a: Aegislash
|-damage|p1b: Finished|0 fnt
|-damage|p2a: Aegislash|41/100
|-damage|p2b: Slowbro|73/100
|-unboost|p2a: Aegislash|spe|1
|-unboost|p2b: Slowbro|spe|1
|faint|p1b: Finished
|move|p2b: Slowbro|Scald|p1a: Completed
|-damage|p1a: Completed|0 fnt
|faint|p1a: Completed
|
|-heal|p2a: Aegislash|47/100|[from] item: Leftovers
|-end|p2a: Aegislash|Encore
|upkeep
|c|â˜†Meshowu|ya I thought it would fail again :sweat:
|
|t:|1785690456
|switch|p1a: Got It|Gardevoir, L50, F|81/100
|turn|10
|c|â˜†Alottalotta|Woof\
|c| discogreg|protect is only more likely to fail if it was used the previous turn successfully
|c|â˜†Alottalotta|I was sweating for sure
|inactive|Alottalotta has 30 seconds left.
|
|t:|1785690489
|move|p1a: Got It|Hyper Voice|p2a: Aegislash|[spread] p2b
|-immune|p2a: Aegislash
|-damage|p2b: Slowbro|60/100
|-formechange|p2a: Aegislash|Aegislash-Blade|
|move|p2a: Aegislash|Gyro Ball|p1a: Got It
|-supereffective|p1a: Got It|1
|-crit|p1a: Got It
|-damage|p1a: Got It|0 fnt
|faint|p1a: Got It
|
|win|Alottalotta
||Meshowu is ready for game 2.
||Alottalotta is ready for game 2.
|uhtml|next|Next: Game 2 of 3
|c| discogreg|it's also never guaranteed to fail, the odds just go down increasingly (starting at 2/3 chance to fail after being used successfully)
|l| discogreg
|l|â˜†Meshowu
|player|p1|
|j| discogreg
|l|â˜†Alottalotta
|player|p2|
