|j|☆Picoti
|j|☆prod_axel
|html|Picotiprod_axel    
|uhtml|bestof|Game 2 of a best-of-3
|t:|1785941820
|gametype|doubles
|player|p1|Picoti|266|1172
|player|p2|prod_axel|170|1221
|gen|9
|tier|[Gen 9 Champions] VGC 2026 Reg M-B (Bo3)
|rated|
|rule|Species Clause: Limit one of each Pokémon
|rule|Item Clause: Limit 1 of each item
|clearpoke
|poke|p1|Araquanid, L50, M|
|poke|p1|Farigiraf, L50, F|
|poke|p1|Camerupt, L50, F|
|poke|p1|Heliolisk, L50, M|
|poke|p1|Victreebel, L50, M|
|poke|p1|Mimikyu, L50, F|
|poke|p2|Charizard, L50, F|
|poke|p2|Garchomp, L50, F|
|poke|p2|Floette-Eternal, L50, F|
|poke|p2|Kingambit, L50, F|
|poke|p2|Whimsicott, L50, F|
|poke|p2|Basculegion, L50, M|
|teampreview|4
|showteam|p1|Araquanid||MysticWater|WaterBubble|WideGuard,Liquidation,LeechLife,Protect|Brave||M|||50|]Farigiraf||SitrusBerry|ArmorTail|TwinBeam,Thunderbolt,TrickRoom,Protect|Calm||F|||50|]Camerupt||Cameruptite|MagmaArmor|HeatWave,AncientPower,EarthPower,Protect|Quiet||F|||50|]Heliolisk||LifeOrb|DrySkin|DragonPulse,AllySwitch,Thunderbolt,Protect|Quiet||M|||50|]Victreebel||Victreebelite|Chlorophyll|SludgeBomb,EnergyBall,SleepPowder,StrengthSap|Modest||M|||50|]Mimikyu||MentalHerb|Disguise|ShadowSneak,TrickRoom,DrainPunch,PlayRough|Brave||F|||50|
|showteam|p2|Charizard||CharizarditeY|Blaze|HeatWave,WeatherBall,SolarBeam,Protect|Modest||F|||50|]Garchomp||LifeOrb|SandVeil|StompingTantrum,DragonClaw,RockSlide,Protect|Jolly||F|||50|]Floette-Eternal||Floettite|FlowerVeil|Moonblast,DazzlingGleam,LightofRuin,Protect|Modest||F|||50|]Kingambit||ChopleBerry|Defiant|KowtowCleave,SuckerPunch,IronHead,LowKick|Adamant||F|||50|]Whimsicott||FocusSash|Prankster|Moonblast,Tailwind,Encore,Protect|Timid||F|||50|]Basculegion||MysticWater|SwiftSwim|WaveCrash,AquaJet,LastRespects,Protect|Adamant||M|||50|
|inactive|Battle timer is ON: inactive players will automatically lose when time's up. (requested by prod_axel)
|
|t:|1785941854
|teamsize|p1|4
|teamsize|p2|4
|start
|switch|p1a: Farigiraf|Farigiraf, L50, F|100/100
|switch|p1b: Victreebel|Victreebel, L50, M|100/100
|switch|p2a: Garchomp|Garchomp, L50, F|100/100
|switch|p2b: Floette|Floette-Eternal, L50, F|100/100
|turn|1
|
|t:|1785941875
|detailschange|p2b: Floette|Floette-Mega, L50, F
|-mega|p2b: Floette|Floette|Floettite
|-ability|p2b: Floette|Fairy Aura
|move|p2a: Garchomp|Dragon Claw|p1a: Farigiraf
|-damage|p1a: Farigiraf|52/100
|-damage|p2a: Garchomp|90/100|[from] item: Life Orb
|move|p2b: Floette|Light of Ruin|p1a: Farigiraf
|-damage|p1a: Farigiraf|0 fnt
|faint|p1a: Farigiraf
|-damage|p2b: Floette|62/100|[from] Recoil
|move|p1b: Victreebel|Strength Sap|p2a: Garchomp
|-unboost|p2a: Garchomp|atk|1
|
|upkeep
|
|t:|1785941891
|switch|p1a: Mimikyu|Mimikyu, L50, F|100/100
|turn|2
|
|t:|1785941903
|switch|p2b: Kingambit|Kingambit, L50, F|100/100
|move|p2a: Garchomp|Rock Slide|p1a: Mimikyu|[spread] p1a
|-miss|p2a: Garchomp|p1b: Victreebel
|-activate|p1a: Mimikyu|ability: Disguise
|-damage|p1a: Mimikyu|100/100
|detailschange|p1a: Mimikyu|Mimikyu-Busted, L50, F
|-damage|p1a: Mimikyu|87/100|[from] pokemon: Mimikyu-Busted
|-damage|p2a: Garchomp|80/100|[from] item: Life Orb
|move|p1b: Victreebel|Sludge Bomb|p2b: Kingambit
|-immune|p2b: Kingambit
|move|p1a: Mimikyu|Trick Room|p1a: Mimikyu
|-fieldstart|move: Trick Room|[of] p1a: Mimikyu
|
|upkeep
|turn|3
|
|t:|1785941921
|switch|p2a: Floette|Floette-Mega, L50, F|62/100
|-ability|p2a: Floette|Fairy Aura
|move|p2b: Kingambit|Iron Head|p1a: Mimikyu
|-supereffective|p1a: Mimikyu|1
|-damage|p1a: Mimikyu|0 fnt
|faint|p1a: Mimikyu
|move|p1b: Victreebel|Energy Ball|p2b: Kingambit
|-resisted|p2b: Kingambit|1
|-damage|p2b: Kingambit|80/100
|
|upkeep
|
|t:|1785941927
|switch|p1a: Camerupt|Camerupt, L50, F|100/100
|turn|4
|
|t:|1785941946
|detailschange|p1a: Camerupt|Camerupt-Mega, L50, F
|-mega|p1a: Camerupt|Camerupt|Cameruptite
|move|p2a: Floette|Protect|p2a: Floette
|-singleturn|p2a: Floette|Protect
|move|p2b: Kingambit|Sucker Punch|p1b: Victreebel
|-crit|p1b: Victreebel
|-damage|p1b: Victreebel|14/100
|move|p1a: Camerupt|Heat Wave|p2a: Floette|[spread] p2b
|-activate|p2a: Floette|move: Protect
|-supereffective|p2b: Kingambit|1
|-damage|p2b: Kingambit|0 fnt
|faint|p2b: Kingambit
|move|p1b: Victreebel|Sludge Bomb|p2a: Floette
|-activate|p2a: Floette|move: Protect
|
|upkeep
|
|t:|1785941962
|switch|p2b: Garchomp|Garchomp, L50, F|80/100
|turn|5
|
|t:|1785941975
|move|p1a: Camerupt|Earth Power|p2a: Floette
|-damage|p2a: Floette|6/100
|move|p1b: Victreebel|Strength Sap|p2b: Garchomp
|-unboost|p2b: Garchomp|atk|1
|-heal|p1b: Victreebel|100/100
|move|p2a: Floette|Dazzling Gleam|p1a: Camerupt|[spread] p1a,p1b
|-resisted|p1a: Camerupt|1
|-resisted|p1b: Victreebel|1
|-damage|p1a: Camerupt|78/100
|-damage|p1b: Victreebel|68/100
|move|p2b: Garchomp|Dragon Claw|p1b: Victreebel
|-damage|p1b: Victreebel|22/100
|-damage|p2b: Garchomp|71/100|[from] item: Life Orb
|
|upkeep
|turn|6
|
|t:|1785941988
|move|p2a: Floette|Protect|p2a: Floette
|-singleturn|p2a: Floette|Protect
|move|p2b: Garchomp|Protect|p2b: Garchomp
|-singleturn|p2b: Garchomp|Protect
|move|p1a: Camerupt|Heat Wave|p2b: Garchomp|[spread] 
|-activate|p2a: Floette|move: Protect
|-activate|p2b: Garchomp|move: Protect
|move|p1b: Victreebel|Strength Sap|p2a: Floette
|-activate|p2a: Floette|move: Protect
|
|-fieldend|move: Trick Room
|upkeep
|turn|7
|
|t:|1785941998
|move|p1a: Camerupt|Protect|p1a: Camerupt
|-singleturn|p1a: Camerupt|Protect
|move|p2b: Garchomp|Stomping Tantrum|p1a: Camerupt
|-activate|p1a: Camerupt|move: Protect
|move|p2a: Floette|Moonblast|p1b: Victreebel
|-resisted|p1b: Victreebel|1
|-damage|p1b: Victreebel|0 fnt
|faint|p1b: Victreebel
|
|upkeep
|turn|8
|
|t:|1785942010
|move|p2b: Garchomp|Stomping Tantrum|p1a: Camerupt
|-supereffective|p1a: Camerupt|1
|-damage|p1a: Camerupt|10/100
|-damage|p2b: Garchomp|61/100|[from] item: Life Orb
|move|p2a: Floette|Light of Ruin|p1a: Camerupt|[miss]
|-miss|p2a: Floette|p1a: Camerupt
|move|p1a: Camerupt|Heat Wave|p2a: Floette|[spread] p2a,p2b
|-resisted|p2b: Garchomp|1
|-damage|p2a: Floette|0 fnt
|-damage|p2b: Garchomp|32/100
|faint|p2a: Floette
|
|upkeep
|
|t:|1785942017
|switch|p2a: Basculegion|Basculegion, L50, M|100/100
|turn|9
|
|t:|1785942021
|move|p2a: Basculegion|Aqua Jet|p1a: Camerupt
|-supereffective|p1a: Camerupt|2
|-damage|p1a: Camerupt|0 fnt
|faint|p1a: Camerupt
|
|win|prod_axel
