|j|☆gianfrixiz
|j|☆spellbreakvgc
|html|gianfrixizspellbreakvgc    
|uhtml|bestof|Game 1 of a best-of-3
|t:|1756993629
|gametype|doubles
|player|p1|gianfrixiz|102|1057
|player|p2|spellbreakvgc|lance|1138
|gen|9
|tier|[Gen 9] VGC 2025 Reg H (Bo3)
|rated|
|rule|Species Clause: Limit one of each Pokémon
|rule|Item Clause: Limit 1 of each item
|clearpoke
|poke|p1|Kingambit, L50, F|
|poke|p1|Rillaboom, L50, F|
|poke|p1|Electabuzz, L50, M|
|poke|p1|Dragapult, L50, M|
|poke|p1|Volcarona, L50, M|
|poke|p1|Tauros-Paldea-Aqua, L50, M|
|poke|p2|Baxcalibur, L50, F|
|poke|p2|Kingambit, L50, M|
|poke|p2|Volcarona, L50, M|
|poke|p2|Dondozo, L50, M|
|poke|p2|Sneasler, L50, F|
|poke|p2|Rillaboom, L50, M|
|teampreview|4
|showteam|p1|Kingambit||BlackGlasses|Defiant|Protect,KowtowCleave,SuckerPunch,SwordsDance|||F|||50|,,,,,Dark]Rillaboom||AssaultVest|GrassySurge|WoodHammer,GrassyGlide,Uturn,FakeOut|||F|||50|,,,,,Fire]Electabuzz||Eviolite|VitalSpirit|Protect,Thunderbolt,HelpingHand,FollowMe|||M|||50|,,,,,Ghost]Dragapult||ChoiceSpecs|ClearBody|DracoMeteor,ShadowBall,FireBlast,Uturn|||M|||50|,,,,,Ghost]Volcarona||CovertCloak|FlameBody|Tailwind,HeatWave,GigaDrain,QuiverDance|||M|||50|,,,,,Dragon]Tauros-Paldea-Aqua||MirrorHerb|Intimidate|Protect,WaveCrash,CloseCombat,AquaJet|||M|||50|,,,,,Water
|showteam|p2|Baxcalibur||LoadedDice|ThermalExchange|Protect,IcicleSpear,ScaleShot,IceShard|||F|||50|,,,,,Ghost]Kingambit||SafetyGoggles|Defiant|Protect,KowtowCleave,SuckerPunch,SwordsDance|||M|||50|,,,,,Ghost]Volcarona||CovertCloak|FlameBody|HeatWave,TeraBlast,QuiverDance,RagePowder|||M|||50|,,,,,Fairy]Dondozo||Leftovers|Unaware|Protect,Liquidation,Yawn,Fissure|||M|||50|,,,,,Poison]Sneasler||FocusSash|Unburden|Protect,CloseCombat,DireClaw,Coaching|||F|||50|,,,,,Stellar]Rillaboom||AssaultVest|GrassySurge|WoodHammer,GrassyGlide,FakeOut,HighHorsepower|||M|||50|,,,,,Water
|inactive|Battle timer is ON: inactive players will automatically lose when time's up. (requested by gianfrixiz)
|
|t:|1756993726
|teamsize|p1|4
|teamsize|p2|4
|start
|switch|p1a: Heimlich|Volcarona, L50, M, shiny|100/100
|switch|p1b: Trunkmeister|Rillaboom, L50, F, shiny|100/100
|switch|p2a: Volcarona|Volcarona, L50, M|100/100
|switch|p2b: Kingambit|Kingambit, L50, M|100/100
|-fieldstart|move: Grassy Terrain|[from] ability: Grassy Surge|[of] p1b: Trunkmeister
|turn|1
|inactive|spellbreakvgc has 30 seconds left.
|inactive|spellbreakvgc has 20 seconds left.
|inactive|spellbreakvgc has 15 seconds left.
|inactive|spellbreakvgc has 10 seconds left.
|inactive|spellbreakvgc has 5 seconds left.
|
|t:|1756993776
|switch|p2b: Rillaboom|Rillaboom, L50, M|100/100
|move|p1a: Heimlich|Tailwind|p1a: Heimlich
|-sidestart|p1: gianfrixiz|move: Tailwind
|move|p1b: Trunkmeister|U-turn|p2b: Rillaboom
|-supereffective|p2b: Rillaboom
|-damage|p2b: Rillaboom|49/100
|
|t:|1756993785
|switch|p1b: Pultimore|Dragapult, L50, M, shiny|100/100|[from] U-turn
|move|p2a: Volcarona|Quiver Dance|p2a: Volcarona
|-boost|p2a: Volcarona|spa|1
|-boost|p2a: Volcarona|spd|1
|-boost|p2a: Volcarona|spe|1
|
|-heal|p2b: Rillaboom|55/100|[from] Grassy Terrain
|upkeep
|turn|2
|
|t:|1756993805
|-terastallize|p2a: Volcarona|Fairy
|move|p2b: Rillaboom|Fake Out|p1a: Heimlich
|-damage|p1a: Heimlich|83/100
|move|p1b: Pultimore|U-turn|p2b: Rillaboom
|-supereffective|p2b: Rillaboom
|-damage|p2b: Rillaboom|22/100
|
|t:|1756993815
|switch|p1b: Trunkmeister|Rillaboom, L50, F, shiny|100/100|[from] U-turn
|move|p1a: Heimlich|Heat Wave|p2b: Rillaboom|[spread] p2a
|-miss|p1a: Heimlich|p2b: Rillaboom
|-damage|p2a: Volcarona|79/100
|move|p2a: Volcarona|Quiver Dance|p2a: Volcarona
|-boost|p2a: Volcarona|spa|1
|-boost|p2a: Volcarona|spd|1
|-boost|p2a: Volcarona|spe|1
|
|-heal|p1a: Heimlich|89/100|[from] Grassy Terrain
|-heal|p2a: Volcarona|85/100|[from] Grassy Terrain
|-heal|p2b: Rillaboom|28/100|[from] Grassy Terrain
|upkeep
|turn|3
|inactive|spellbreakvgc has 30 seconds left.
|
|t:|1756993848
|switch|p2b: Dondozo|Dondozo, L50, M|100/100
|move|p1a: Heimlich|Heat Wave|p2a: Volcarona|[spread] p2a,p2b
|-resisted|p2b: Dondozo
|-damage|p2a: Volcarona|69/100
|-damage|p2b: Dondozo|88/100
|move|p2a: Volcarona|Quiver Dance|p2a: Volcarona
|-boost|p2a: Volcarona|spa|1
|-boost|p2a: Volcarona|spd|1
|-boost|p2a: Volcarona|spe|1
|move|p1b: Trunkmeister|U-turn|p2a: Volcarona
|-resisted|p2a: Volcarona
|-damage|p2a: Volcarona|57/100
|-status|p1b: Trunkmeister|brn|[from] ability: Flame Body|[of] p2a: Volcarona
|
|t:|1756993862
|switch|p1b: Litofsky|Electabuzz, L50, M, shiny|100/100|[from] U-turn
|
|-heal|p2a: Volcarona|63/100|[from] Grassy Terrain
|-heal|p1a: Heimlich|95/100|[from] Grassy Terrain
|-heal|p2b: Dondozo|95/100|[from] Grassy Terrain
|-heal|p2b: Dondozo|100/100|[from] item: Leftovers
|upkeep
|turn|4
|
|t:|1756993879
|move|p2a: Volcarona|Heat Wave|p1b: Litofsky|[spread] p1a,p1b
|-damage|p1a: Heimlich|17/100
|-damage|p1b: Litofsky|36/100
|move|p1a: Heimlich|Giga Drain|p2a: Volcarona
|-damage|p2a: Volcarona|50/100
|-heal|p1a: Heimlich|24/100|[from] drain|[of] p2a: Volcarona
|move|p1b: Litofsky|Thunderbolt|p2b: Dondozo
|-supereffective|p2b: Dondozo
|-damage|p2b: Dondozo|60/100
|move|p2b: Dondozo|Fissure|p1a: Heimlich|[miss]
|-miss|p2b: Dondozo|p1a: Heimlich
|
|-heal|p2a: Volcarona|56/100|[from] Grassy Terrain
|-heal|p1a: Heimlich|30/100|[from] Grassy Terrain
|-heal|p1b: Litofsky|41/100|[from] Grassy Terrain
|-heal|p2b: Dondozo|66/100|[from] Grassy Terrain
|-heal|p2b: Dondozo|72/100|[from] item: Leftovers
|-sideend|p1: gianfrixiz|move: Tailwind
|upkeep
|turn|5
|inactive|spellbreakvgc has 30 seconds left.
|
|t:|1756993911
|move|p2a: Volcarona|Heat Wave|p1a: Heimlich|[spread] p1a,p1b
|-damage|p1a: Heimlich|0 fnt
|-damage|p1b: Litofsky|0 fnt
|faint|p1a: Heimlich
|faint|p1b: Litofsky
|move|p2b: Dondozo|Fissure|p1: Heimlich|[notarget]
|-fail|p2b: Dondozo
|
|-heal|p2a: Volcarona|62/100|[from] Grassy Terrain
|-heal|p2b: Dondozo|79/100|[from] Grassy Terrain
|-heal|p2b: Dondozo|85/100|[from] item: Leftovers
|-fieldend|move: Grassy Terrain
|upkeep
|
|t:|1756993916
|switch|p1a: Trunkmeister|Rillaboom, L50, F, shiny|100/100 brn
|switch|p1b: Pultimore|Dragapult, L50, M, shiny|100/100
|-fieldstart|move: Grassy Terrain|[from] ability: Grassy Surge|[of] p1a: Trunkmeister
|turn|6
|inactive|spellbreakvgc has 30 seconds left.
|
|t:|1756993952
|-terastallize|p1b: Pultimore|Ghost
|move|p2b: Dondozo|Protect|p2b: Dondozo
|-singleturn|p2b: Dondozo|Protect
|move|p1a: Trunkmeister|Grassy Glide|p2b: Dondozo
|-activate|p2b: Dondozo|move: Protect
|move|p2a: Volcarona|Tera Blast|p1b: Pultimore|[anim] Tera Blast Fairy
|-damage|p1b: Pultimore|0 fnt
|faint|p1b: Pultimore
|
|-heal|p2a: Volcarona|69/100|[from] Grassy Terrain
|-heal|p2b: Dondozo|91/100|[from] Grassy Terrain
|-heal|p2b: Dondozo|97/100|[from] item: Leftovers
|-damage|p1a: Trunkmeister|95/100 brn|[from] brn
|upkeep
|turn|7
|
|t:|1756993971
|move|p2a: Volcarona|Heat Wave|p1a: Trunkmeister
|-supereffective|p1a: Trunkmeister
|-damage|p1a: Trunkmeister|0 fnt
|faint|p1a: Trunkmeister
|
|win|spellbreakvgc
|l|☆gianfrixiz
|player|p1|
||spellbreakvgc is ready for game 2.
||gianfrixiz is ready for game 2.
|uhtml|next|Next: Game 2 of 3
