|j|☆Sapitoch 4
|j|☆mechabicho_14
|html|Sapitoch 4mechabicho_14    
|uhtml|bestof|Game 1 of a best-of-3
|t:|1782271800
|gametype|doubles
|player|p1|Sapitoch 4|102|1199
|player|p2|mechabicho_14|265|1174
|gen|9
|tier|[Gen 9 Champions] VGC 2026 Reg M-B (Bo3)
|rated|
|rule|Species Clause: Limit one of each Pokémon
|rule|Item Clause: Limit 1 of each item
|clearpoke
|poke|p1|Gengar, L50, M|
|poke|p1|Incineroar, L50, F|
|poke|p1|Samurott-Hisui, L50, M|
|poke|p1|Dragonite, L50, F|
|poke|p1|Ninetales-Alola, L50, F|
|poke|p1|Gholdengo, L50|
|poke|p2|Pelipper, L50, M|
|poke|p2|Archaludon, L50, M|
|poke|p2|Glimmora, L50, F|
|poke|p2|Sinistcha, L50|
|poke|p2|Swampert, L50, M|
|poke|p2|Talonflame, L50, F|
|teampreview|4
|showteam|p1|Gengar||Gengarite|CursedBody|ShadowBall,SludgeBomb,Protect,Disable|Timid||M|||50|]Incineroar||SitrusBerry|Intimidate|FlareBlitz,PartingShot,FakeOut,Protect|Impish||F|||50|]Samurott-Hisui||ChopleBerry|Sharpness|NightSlash,SacredSword,SuckerPunch,Detect|Jolly||M|||50|]Dragonite||DragonFang|Multiscale|DragonClaw,LowKick,ExtremeSpeed,Protect|Adamant||F|||50|]Ninetales-Alola||FocusSash|SnowWarning|Blizzard,FreezeDry,Encore,Protect|Timid||F|||50|]Gholdengo||ChoiceScarf|GoodasGold|MakeItRain,ShadowBall,Trick,PowerGem|Modest|||||50|
|showteam|p2|Pelipper||LifeOrb|Drizzle|Protect,Hurricane,WeatherBall,MuddyWater|Modest||M|||50|]Archaludon||Leftovers|Stamina|Protect,ElectroShot,FlashCannon,DracoMeteor|Modest||M|||50|]Glimmora||Glimmoranite|ToxicDebris|SpikyShield,PowerGem,EarthPower,SludgeBomb|Modest||F|||50|]Sinistcha||SitrusBerry|Hospitality|LifeDew,RagePowder,TrickRoom,MatchaGotcha|Bold|||||50|]Swampert||Swampertite|Torrent|Protect,WaveCrash,Earthquake,IcePunch|Jolly||M|||50|]Talonflame||SharpBeak|GaleWings|Protect,Tailwind,RainDance,BraveBird|Jolly||F|||50|
|inactive|Battle timer is ON: inactive players will automatically lose when time's up. (requested by mechabicho_14)
|
|t:|1782271843
|teamsize|p1|4
|teamsize|p2|4
|start
|switch|p1a: Incineroar|Incineroar, L50, F|100/100
|switch|p1b: Gengar|Gengar, L50, M|100/100
|switch|p2a: Archaludon|Archaludon, L50, M|100/100
|switch|p2b: Talonflame|Talonflame, L50, F|100/100
|-ability|p1a: Incineroar|Intimidate|boost
|-unboost|p2a: Archaludon|atk|1
|-unboost|p2b: Talonflame|atk|1
|turn|1
|inactive|Sapitoch 4 has 30 seconds left.
|inactive|mechabicho_14 has 30 seconds left.
|inactive|Sapitoch 4 has 20 seconds left.
|
|t:|1782271881
|switch|p2a: Swampert|Swampert, L50, M|100/100
|detailschange|p1b: Gengar|Gengar-Mega, L50, M
|-mega|p1b: Gengar|Gengar|Gengarite
|move|p2b: Talonflame|Protect|p2b: Talonflame
|-singleturn|p2b: Talonflame|Protect
|move|p1a: Incineroar|Fake Out|p2b: Talonflame
|-activate|p2b: Talonflame|move: Protect
|move|p1b: Gengar|Sludge Bomb|p2b: Talonflame
|-activate|p2b: Talonflame|move: Protect
|
|upkeep
|turn|2
|inactive|Sapitoch 4 has 30 seconds left.
|
|t:|1782271914
|detailschange|p2a: Swampert|Swampert-Mega, L50, M
|-mega|p2a: Swampert|Swampert|Swampertite
|move|p1b: Gengar|Protect|p1b: Gengar
|-singleturn|p1b: Gengar|Protect
|move|p2b: Talonflame|Tailwind|p2b: Talonflame
|-sidestart|p2: mechabicho_14|move: Tailwind
|move|p2a: Swampert|Wave Crash|p1a: Incineroar
|-supereffective|p1a: Incineroar|1
|-damage|p1a: Incineroar|1/100
|-enditem|p1a: Incineroar|Sitrus Berry|[eat]
|-heal|p1a: Incineroar|26/100|[from] item: Sitrus Berry
|-damage|p2a: Swampert|64/100|[from] Recoil
|move|p1a: Incineroar|Parting Shot|p2a: Swampert
|-unboost|p2a: Swampert|atk|1
|-unboost|p2a: Swampert|spa|1
|
|t:|1782271932
|switch|p1a: Ninetales|Ninetales-Alola, L50, F|100/100|[from] Parting Shot
|-weather|Snowscape|[from] ability: Snow Warning|[of] p1a: Ninetales
|
|-weather|Snowscape|[upkeep]
|upkeep
|turn|3
|
|t:|1782271940
|move|p2b: Talonflame|Rain Dance|p2b: Talonflame
|-weather|RainDance
|move|p2a: Swampert|Earthquake|p1a: Ninetales|[spread] p1a,p1b
|-immune|p2b: Talonflame
|-supereffective|p1b: Gengar|1
|-damage|p1a: Ninetales|55/100
|-damage|p1b: Gengar|38/100
|move|p1b: Gengar|Sludge Bomb|p2b: Talonflame
|-damage|p2b: Talonflame|25/100
|-status|p2b: Talonflame|psn
|move|p1a: Ninetales|Freeze-Dry|p2a: Swampert
|-supereffective|p2a: Swampert|2
|-damage|p2a: Swampert|0 fnt
|faint|p2a: Swampert
|
|-weather|RainDance|[upkeep]
|-damage|p2b: Talonflame|13/100 psn|[from] psn
|upkeep
|
|t:|1782271951
|switch|p2a: Archaludon|Archaludon, L50, M|100/100
|turn|4
|inactive|Sapitoch 4 has 30 seconds left.
|inactive|Sapitoch 4 has 20 seconds left.
|inactive|Sapitoch 4 has 15 seconds left.
|
|t:|1782271993
|move|p1b: Gengar|Protect|p1b: Gengar
|-singleturn|p1b: Gengar|Protect
|move|p2b: Talonflame|Brave Bird|p1b: Gengar
|-activate|p1b: Gengar|move: Protect
|move|p2a: Archaludon|Electro Shot||[still]
|-prepare|p2a: Archaludon|Electro Shot
|-boost|p2a: Archaludon|spa|1
|-anim|p2a: Archaludon|Electro Shot|p1a: Ninetales
|-damage|p1a: Ninetales|0 fnt
|faint|p1a: Ninetales
|
|-weather|RainDance|[upkeep]
|-damage|p2b: Talonflame|1/100 psn|[from] psn
|upkeep
|
|t:|1782272015
|switch|p1a: Incineroar|Incineroar, L50, F|26/100
|-ability|p1a: Incineroar|Intimidate|boost
|-unboost|p2a: Archaludon|atk|1
|-unboost|p2b: Talonflame|atk|1
|turn|5
|
|t:|1782272020
|switch|p1b: Gholdengo|Gholdengo, L50|100/100
|move|p1a: Incineroar|Fake Out|p2a: Archaludon
|-resisted|p2a: Archaludon|1
|-damage|p2a: Archaludon|96/100
|-ability|p2a: Archaludon|Stamina|boost
|-boost|p2a: Archaludon|def|1
|move|p2b: Talonflame|Brave Bird|p1b: Gholdengo
|-resisted|p1b: Gholdengo|1
|-crit|p1b: Gholdengo
|-damage|p1b: Gholdengo|56/100
|-damage|p2b: Talonflame|0 fnt|[from] Recoil
|faint|p2b: Talonflame
|cant|p2a: Archaludon|flinch
|
|-weather|RainDance|[upkeep]
|-heal|p2a: Archaludon|100/100|[from] item: Leftovers
|-sideend|p2: mechabicho_14|move: Tailwind
|upkeep
|
|t:|1782272029
|switch|p2b: Pelipper|Pelipper, L50, M|100/100
|turn|6
|inactive|Sapitoch 4 has 30 seconds left.
|inactive|Sapitoch 4 has 20 seconds left.
|inactive|Sapitoch 4 has 15 seconds left.
|
|t:|1782272073
|move|p1b: Gholdengo|Shadow Ball|p2b: Pelipper
|-damage|p2b: Pelipper|31/100
|-unboost|p2b: Pelipper|spd|1
|move|p2a: Archaludon|Electro Shot||[still]
|-prepare|p2a: Archaludon|Electro Shot
|-boost|p2a: Archaludon|spa|1
|-anim|p2a: Archaludon|Electro Shot|p1b: Gholdengo
|-damage|p1b: Gholdengo|0 fnt
|faint|p1b: Gholdengo
|move|p2b: Pelipper|Muddy Water|p1a: Incineroar
|-supereffective|p1a: Incineroar|1
|-damage|p1a: Incineroar|0 fnt
|faint|p1a: Incineroar
|-damage|p2b: Pelipper|21/100|[from] item: Life Orb
|
|-weather|RainDance|[upkeep]
|upkeep
|
|t:|1782272077
|switch|p1b: Gengar|Gengar-Mega, L50, M|38/100
|turn|7
|
|t:|1782272087
|move|p1b: Gengar|Shadow Ball|p2b: Pelipper
|-damage|p2b: Pelipper|0 fnt
|faint|p2b: Pelipper
|move|p2a: Archaludon|Flash Cannon|p1b: Gengar
|-damage|p1b: Gengar|0 fnt
|faint|p1b: Gengar
|
|win|mechabicho_14
|l|☆mechabicho_14
|player|p2|
||mechabicho_14 is ready for game 2.
