|j|☆DilluVGC
|j|☆Light0z
|html|DilluVGCLight0z    
|uhtml|bestof|Game 3 of a best-of-3
|t:|1784125488
|gametype|doubles
|player|p1|DilluVGC|byron|1207
|player|p2|Light0z|blue-gen2|1478
|gen|9
|tier|[Gen 9 Champions] VGC 2026 Reg M-B (Bo3)
|rated|
|rule|Species Clause: Limit one of each Pokémon
|rule|Item Clause: Limit 1 of each item
|clearpoke
|poke|p1|Delphox, L50, F|
|poke|p1|Sneasler, L50, M|
|poke|p1|Incineroar, L50, F|
|poke|p1|Sinistcha, L50|
|poke|p1|Blastoise, L50, F|
|poke|p1|Kingambit, L50, M, shiny|
|poke|p2|Raichu, L50, M|
|poke|p2|Kingambit, L50, M, shiny|
|poke|p2|Basculegion, L50, M|
|poke|p2|Aerodactyl, L50, F|
|poke|p2|Farigiraf, L50, F|
|poke|p2|Sylveon, L50, M, shiny|
|teampreview|4
|showteam|p1|Delphox||Delphoxite|Blaze|HeatWave,Psyshock,NastyPlot,Protect|Timid||F|||50|]Sneasler||FocusSash|PoisonTouch|QuickGuard,FakeOut,PoisonJab,CloseCombat|Jolly||M|||50|]Incineroar||SitrusBerry|Intimidate|FakeOut,PartingShot,HelpingHand,FlareBlitz|Impish||F|||50|]Sinistcha||OccaBerry|Hospitality|MatchaGotcha,RagePowder,TrickRoom,Protect|Bold|||||50|]Blastoise||Blastoisinite|RainDish|WaterSpout,DarkPulse,ShellSmash,Protect|Modest||F|||50|]Kingambit||BlackGlasses|Defiant|Protect,SwordsDance,KowtowCleave,SuckerPunch|Adamant||M|||50|
|showteam|p2|Raichu||RaichuniteY|LightningRod|ZapCannon,FocusBlast,FakeOut,Protect|Timid||M|||50|]Kingambit||FocusSash|Defiant|KowtowCleave,SuckerPunch,IronHead,LowKick|Adamant||M|||50|]Basculegion||MysticWater|Adaptability|LastRespects,WaveCrash,AquaJet,Protect|Adamant||M|||50|]Aerodactyl||Aerodactylite|Unnerve|RockSlide,DualWingbeat,Tailwind,IceFang|Jolly||F|||50|]Farigiraf||SitrusBerry|ArmorTail|Psychic,HelpingHand,TrickRoom,Protect|Bold||F|||50|]Sylveon||FairyFeather|Pixilate|HyperVoice,HyperBeam,QuickAttack,Protect|Modest||M|||50|
|
|t:|1784125499
|teamsize|p1|4
|teamsize|p2|4
|start
|switch|p1a: Aldo Raine|Blastoise, L50, F|100/100
|switch|p1b: Maj. Warren|Sneasler, L50, M|100/100
|switch|p2a: Raichu|Raichu, L50, M|100/100
|switch|p2b: Sylveon|Sylveon, L50, M, shiny|100/100
|turn|1
|
|t:|1784125518
|detailschange|p2a: Raichu|Raichu-Mega-Y, L50, M
|-mega|p2a: Raichu|Raichu|Raichunite Y
|detailschange|p1a: Aldo Raine|Blastoise-Mega, L50, F
|-mega|p1a: Aldo Raine|Blastoise|Blastoisinite
|move|p1b: Maj. Warren|Fake Out|p2a: Raichu
|-damage|p2a: Raichu|77/100
|cant|p2a: Raichu|flinch
|move|p1a: Aldo Raine|Shell Smash|p1a: Aldo Raine
|-unboost|p1a: Aldo Raine|def|1
|-unboost|p1a: Aldo Raine|spd|1
|-boost|p1a: Aldo Raine|atk|2
|-boost|p1a: Aldo Raine|spa|2
|-boost|p1a: Aldo Raine|spe|2
|move|p2b: Sylveon|Hyper Voice|p1a: Aldo Raine|[spread] p1a,p1b
|-damage|p1a: Aldo Raine|26/100
|-damage|p1b: Maj. Warren|34/100
|
|upkeep
|turn|2
|
|t:|1784125544
|move|p2b: Sylveon|Protect|p2b: Sylveon
|-singleturn|p2b: Sylveon|Protect
|move|p1a: Aldo Raine|Dark Pulse|p2a: Raichu
|-damage|p2a: Raichu|0 fnt
|faint|p2a: Raichu
|move|p1b: Maj. Warren|Poison Jab|p2b: Sylveon
|-activate|p2b: Sylveon|move: Protect
|
|upkeep
|
|t:|1784125550
|switch|p2a: Basculegion|Basculegion, L50, M|100/100
|turn|3
|
|t:|1784125559
|move|p2a: Basculegion|Aqua Jet|p1b: Maj. Warren
|-damage|p1b: Maj. Warren|0 fnt
|faint|p1b: Maj. Warren
|move|p1a: Aldo Raine|Dark Pulse|p2a: Basculegion
|-supereffective|p2a: Basculegion|1
|-damage|p2a: Basculegion|0 fnt
|faint|p2a: Basculegion
|move|p2b: Sylveon|Hyper Voice|p1a: Aldo Raine
|-crit|p1a: Aldo Raine
|-damage|p1a: Aldo Raine|0 fnt
|faint|p1a: Aldo Raine
|
|upkeep
|
|t:|1784125570
|switch|p1b: Chris Mannix|Incineroar, L50, F|100/100
|switch|p1a: The Hangman|Kingambit, L50, M, shiny|100/100
|switch|p2a: Kingambit|Kingambit, L50, M, shiny|100/100
|-ability|p1b: Chris Mannix|Intimidate|boost
|-unboost|p2a: Kingambit|atk|1
|-ability|p2a: Kingambit|Defiant|boost
|-boost|p2a: Kingambit|atk|2
|-unboost|p2b: Sylveon|atk|1
|turn|4
|
|t:|1784125593
|move|p1a: The Hangman|Sucker Punch|p2a: Kingambit
|-resisted|p2a: Kingambit|1
|-damage|p2a: Kingambit|77/100
|move|p2a: Kingambit|Low Kick|p1b: Chris Mannix
|-supereffective|p1b: Chris Mannix|1
|-damage|p1b: Chris Mannix|31/100
|-enditem|p1b: Chris Mannix|Sitrus Berry|[eat]
|-heal|p1b: Chris Mannix|56/100|[from] item: Sitrus Berry
|move|p2b: Sylveon|Hyper Voice|p1b: Chris Mannix|[spread] p1a,p1b
|-damage|p1a: The Hangman|54/100
|-damage|p1b: Chris Mannix|14/100
|move|p1b: Chris Mannix|Flare Blitz|p2a: Kingambit
|-supereffective|p2a: Kingambit|1
|-damage|p2a: Kingambit|0 fnt
|faint|p2a: Kingambit
|-damage|p1b: Chris Mannix|0 fnt|[from] Recoil
|faint|p1b: Chris Mannix
|
|upkeep
|turn|5
|
|t:|1784125611
|move|p1a: The Hangman|Sucker Punch|p2b: Sylveon
|-resisted|p2b: Sylveon|1
|-damage|p2b: Sylveon|74/100
|move|p2b: Sylveon|Hyper Voice|p1a: The Hangman
|-damage|p1a: The Hangman|0 fnt
|faint|p1a: The Hangman
|
|win|Light0z
|raw|DilluVGC's rating: 1207 → 1198(-9 for losing)
|raw|Light0z's rating: 1478 → 1485(+7 for winning)
