|j|☆psychic system
|j|☆Er Yayo
|html|psychic systemEr Yayo    
|uhtml|bestof|Game 3 of a best-of-3
|t:|1756834775
|gametype|doubles
|player|p1|psychic system|lucas|1050
|player|p2|Er Yayo|170|1158
|gen|9
|tier|[Gen 9] VGC 2025 Reg H (Bo3)
|rated|
|rule|Species Clause: Limit one of each Pokémon
|rule|Item Clause: Limit 1 of each item
|clearpoke
|poke|p1|Milotic, L50, M|
|poke|p1|Florges, L50, F|
|poke|p1|Amoonguss, L50, F|
|poke|p1|Kingambit, L50, M|
|poke|p1|Typhlosion-Hisui, L50, M|
|poke|p1|Kilowattrel, L50, M|
|poke|p2|Porygon2, L50|
|poke|p2|Charizard, L50, M|
|poke|p2|Jumpluff, L50, M|
|poke|p2|Torkoal, L50, M|
|poke|p2|Ursaluna, L50, M|
|poke|p2|Incineroar, L50, F|
|teampreview|4
|showteam|p1|Milotic||AssaultVest|Competitive|Scald,MuddyWater,IcyWind,MirrorCoat|||M|||50|,,,,,Grass]Florges||Leftovers|FlowerVeil|CalmMind,Moonblast,SkillSwap,Protect|||F|||50|,,,,,Poison]Amoonguss||SitrusBerry|Regenerator|ClearSmog,Spore,PollenPuff,RagePowder|||F|||50|,,,,,Water]Kingambit||BlackGlasses|Defiant|Protect,KowtowCleave,SuckerPunch,SwordsDance|||M|||50|,,,,,Dark]Typhlosion-Hisui||ChoiceScarf|Blaze|Eruption,HeatWave,ShadowBall,FocusBlast|||M|||50|,,,,,Fire]Kilowattrel||FocusSash|WindPower|Thunderbolt,AirSlash,Tailwind,Protect|||M|||50|,,,,,Ghost
|showteam|p2|Porygon2||Eviolite|Download|TeraBlast,IceBeam,TrickRoom,Recover||||||50|,,,,,Fighting]Charizard||ChoiceSpecs|SolarPower|HeatWave,Overheat,WeatherBall,AirSlash|||M|||50|,,,,,Ghost]Jumpluff||CovertCloak|Chlorophyll|Tailwind,SleepPowder,SunnyDay,RagePowder|||M|||50|,,,,,Dark]Torkoal||EjectPack|Drought|Eruption,Overheat,HelpingHand,Protect|||M|||50|,,,,,Fire]Ursaluna||FlameOrb|Guts|Facade,HeadlongRush,Earthquake,Protect|||M|||50|,,,,,Ghost]Incineroar||SitrusBerry|Intimidate|FlareBlitz,KnockOff,PartingShot,FakeOut|||F|||50|,,,,,Ghost
|inactive|Battle timer is ON: inactive players will automatically lose when time's up. (requested by psychic system)
|inactive|psychic system has 60 seconds left.
|inactive|Er Yayo has 60 seconds left.
|
|t:|1756834822
|teamsize|p1|4
|teamsize|p2|4
|start
|switch|p1a: Florges|Florges, L50, F|100/100
|switch|p1b: Typhlosion|Typhlosion-Hisui, L50, M|100/100
|switch|p2a: Jumpluff|Jumpluff, L50, M|100/100
|switch|p2b: Torkoal|Torkoal, L50, M|100/100
|-weather|SunnyDay|[from] ability: Drought|[of] p2b: Torkoal
|turn|1
|
|t:|1756834839
|move|p2a: Jumpluff|Tailwind|p2a: Jumpluff
|-sidestart|p2: Er Yayo|move: Tailwind
|move|p1b: Typhlosion|Eruption|p2b: Torkoal|[spread] p2a,p2b
|-supereffective|p2a: Jumpluff
|-resisted|p2b: Torkoal
|-crit|p2b: Torkoal
|-damage|p2a: Jumpluff|0 fnt
|-damage|p2b: Torkoal|14/100
|faint|p2a: Jumpluff
|move|p1a: Florges|Calm Mind|p1a: Florges
|-boost|p1a: Florges|spa|1
|-boost|p1a: Florges|spd|1
|move|p2b: Torkoal|Overheat|p1b: Typhlosion
|-resisted|p1b: Typhlosion
|-damage|p1b: Typhlosion|50/100
|-unboost|p2b: Torkoal|spa|2
|-enditem|p2b: Torkoal|Eject Pack
|
|t:|1756834852
|switch|p2b: Ursaluna|Ursaluna, L50, M|100/100
|
|-weather|SunnyDay|[upkeep]
|-status|p2b: Ursaluna|brn|[from] item: Flame Orb
|upkeep
|
|t:|1756834857
|switch|p2a: Charizard|Charizard, L50, M|100/100
|turn|2
|
|t:|1756834874
|move|p1a: Florges|Protect|p1a: Florges
|-singleturn|p1a: Florges|Protect
|move|p2a: Charizard|Heat Wave|p1a: Florges|[spread] p1b
|-activate|p1a: Florges|move: Protect
|-resisted|p1b: Typhlosion
|-damage|p1b: Typhlosion|0 fnt
|faint|p1b: Typhlosion
|move|p2b: Ursaluna|Earthquake|p1a: Florges|[spread] 
|-activate|p1a: Florges|move: Protect
|-immune|p2a: Charizard
|
|-weather|SunnyDay|[upkeep]
|-damage|p2a: Charizard|88/100|[from] ability: Solar Power|[of] p2a: Charizard
|-damage|p2b: Ursaluna|95/100 brn|[from] brn
|upkeep
|inactive|psychic system has 30 seconds left.
|inactive|psychic system has 20 seconds left.
|inactive|psychic system has 15 seconds left.
|inactive|psychic system has 10 seconds left.
|inactive|psychic system has 5 seconds left.
|
|t:|1756834926
|switch|p1b: Kingambit|Kingambit, L50, M|100/100
|turn|3
|
|t:|1756834935
|-terastallize|p1b: Kingambit|Dark
|move|p1b: Kingambit|Sucker Punch|p2a: Charizard
|-damage|p2a: Charizard|0 fnt
|faint|p2a: Charizard
|move|p2b: Ursaluna|Facade|p1a: Florges
|-damage|p1a: Florges|0 fnt
|faint|p1a: Florges
|
|-weather|SunnyDay|[upkeep]
|-damage|p2b: Ursaluna|89/100 brn|[from] brn
|upkeep
|
|t:|1756834946
|switch|p2a: Torkoal|Torkoal, L50, M|14/100
|switch|p1a: Amoonguss|Amoonguss, L50, F|100/100
|turn|4
|inactive|psychic system has 30 seconds left.
|inactive|Er Yayo has 30 seconds left.
|inactive|psychic system has 20 seconds left.
|inactive|psychic system has 15 seconds left.
|inactive|psychic system has 10 seconds left.
|
|t:|1756834993
|-terastallize|p2a: Torkoal|Fire
|move|p2b: Ursaluna|Protect|p2b: Ursaluna
|-singleturn|p2b: Ursaluna|Protect
|move|p1b: Kingambit|Sucker Punch||[still]
|-fail|p1b: Kingambit
|move|p2a: Torkoal|Overheat|p1b: Kingambit
|-damage|p1b: Kingambit|0 fnt
|-unboost|p2a: Torkoal|spa|2
|faint|p1b: Kingambit
|move|p1a: Amoonguss|Spore|p2a: Torkoal
|-status|p2a: Torkoal|slp|[from] move: Spore
|
|-weather|SunnyDay|[upkeep]
|-damage|p2b: Ursaluna|83/100 brn|[from] brn
|-sideend|p2: Er Yayo|move: Tailwind
|upkeep
|turn|5
|
|t:|1756835014
|move|p2b: Ursaluna|Facade|p1a: Amoonguss
|-damage|p1a: Amoonguss|7/100
|-enditem|p1a: Amoonguss|Sitrus Berry|[eat]
|-heal|p1a: Amoonguss|32/100|[from] item: Sitrus Berry
|move|p1a: Amoonguss|Clear Smog|p2b: Ursaluna
|-resisted|p2b: Ursaluna
|-damage|p2b: Ursaluna|75/100 brn
|-clearboost|p2b: Ursaluna
|cant|p2a: Torkoal|slp
|
|-weather|none
|-damage|p2b: Ursaluna|70/100 brn|[from] brn
|upkeep
|turn|6
|-message|psychic system forfeited.
|
|win|Er Yayo
|raw|psychic system's rating: 1050 → 1038(-12 for losing)
|raw|Er Yayo's rating: 1158 → 1175(+17 for winning)
|l|☆Er Yayo
|player|p2|
