|j|☆Guiltypleasure06
|j|☆ComeonGum
|html|Guiltypleasure06ComeonGum    
|uhtml|bestof|Game 1 of a best-of-3
|t:|1756295363
|gametype|doubles
|player|p1|Guiltypleasure06|2|1136
|player|p2|ComeonGum|policeman|1037
|gen|9
|tier|[Gen 9] VGC 2025 Reg H (Bo3)
|rated|
|rule|Species Clause: Limit one of each Pokémon
|rule|Item Clause: Limit 1 of each item
|clearpoke
|poke|p1|Sneasler, L50, F|
|poke|p1|Dondozo, L50, F|
|poke|p1|Magmar, L50, M|
|poke|p1|Rillaboom, L50, M|
|poke|p1|Dragonite, L50, F|
|poke|p1|Kingambit, L50, M|
|poke|p2|Rillaboom, L50, M|
|poke|p2|Tyranitar, L50, F|
|poke|p2|Whimsicott, L50, F|
|poke|p2|Electabuzz, L50, M|
|poke|p2|Arcanine, L50, F|
|poke|p2|Chandelure, L50, M|
|teampreview|4
|showteam|p1|Sneasler||FocusSash|Unburden|CloseCombat,DireClaw,Coaching,Protect|||F|||50|,,,,,Stellar]Dondozo||Leftovers|Unaware|Liquidation,Yawn,Protect,Fissure|||F|||50|,,,,,Fire]Magmar||Eviolite|VitalSpirit|Overheat,WillOWisp,FollowMe,Protect|||M|||50|,,,,,Dragon]Rillaboom||AssaultVest|GrassySurge|WoodHammer,GrassyGlide,Uturn,FakeOut|||M|||50|,,,,,Fire]Dragonite||LoadedDice|Multiscale|ExtremeSpeed,ScaleShot,LowKick,Protect|||F|||50|,,,,,Fairy]Kingambit||BlackGlasses|Defiant|Protect,SwordsDance,SuckerPunch,KowtowCleave|||M|||50|,,,,,Dark
|showteam|p2|Rillaboom||AssaultVest|GrassySurge|FakeOut,Uturn,GrassyGlide,WoodHammer|||M|||50|,,,,,Water]Tyranitar||ClearAmulet|SandStream|Protect,RockSlide,Crunch,DragonDance|||F|||50|,,,,,Ghost]Whimsicott||CovertCloak|Prankster|Tailwind,Encore,Protect,HelpingHand|||F|||50|,,,,,Grass]Electabuzz||Eviolite|Static|FollowMe,ThunderWave,Protect,Electroweb|||M|||50|,,,,,Electric]Arcanine||LumBerry|Intimidate|ExtremeSpeed,PlayRough,CloseCombat,FlareBlitz|||F|||50|,,,,,Fairy]Chandelure||ChoiceSpecs|FlameBody|ShadowBall,HeatWave,EnergyBall,DarkPulse|||M|||50|,,,,,Fire
|
|t:|1756295403
|teamsize|p1|4
|teamsize|p2|4
|start
|switch|p1a: Sneasler|Sneasler, L50, F|100/100
|switch|p1b: Dragonite|Dragonite, L50, F|100/100
|switch|p2a: Whimsicott|Whimsicott, L50, F|100/100
|switch|p2b: Arcanine|Arcanine, L50, F|100/100
|-ability|p2b: Arcanine|Intimidate|boost
|-unboost|p1a: Sneasler|atk|1
|-unboost|p1b: Dragonite|atk|1
|turn|1
|
|t:|1756295426
|-terastallize|p2b: Arcanine|Fairy
|move|p2a: Whimsicott|Tailwind|p2a: Whimsicott
|-sidestart|p2: ComeonGum|move: Tailwind
|move|p2b: Arcanine|Play Rough|p1b: Dragonite
|-supereffective|p1b: Dragonite
|-damage|p1b: Dragonite|54/100
|-unboost|p1b: Dragonite|atk|1
|move|p1a: Sneasler|Dire Claw|p2a: Whimsicott
|-supereffective|p2a: Whimsicott
|-damage|p2a: Whimsicott|0 fnt
|faint|p2a: Whimsicott
|move|p1b: Dragonite|Scale Shot|p2b: Arcanine
|-immune|p2b: Arcanine
|
|upkeep
|
|t:|1756295439
|switch|p2a: Rillaboom|Rillaboom, L50, M|100/100
|-fieldstart|move: Grassy Terrain|[from] ability: Grassy Surge|[of] p2a: Rillaboom
|turn|2
|
|t:|1756295451
|switch|p1b: Rillaboom|Rillaboom, L50, M|100/100
|move|p1a: Sneasler|Protect|p1a: Sneasler
|-singleturn|p1a: Sneasler|Protect
|move|p2a: Rillaboom|Fake Out|p1a: Sneasler
|-activate|p1a: Sneasler|move: Protect
|move|p2b: Arcanine|Play Rough|p1b: Rillaboom
|-damage|p1b: Rillaboom|58/100
|
|-heal|p1b: Rillaboom|63/100|[from] Grassy Terrain
|upkeep
|turn|3
|
|t:|1756295476
|switch|p2b: Tyranitar|Tyranitar, L50, F|100/100
|-weather|Sandstorm|[from] ability: Sand Stream|[of] p2b: Tyranitar
|move|p1b: Rillaboom|Fake Out|p2a: Rillaboom
|-damage|p2a: Rillaboom|84/100
|cant|p2a: Rillaboom|flinch
|move|p1a: Sneasler|Dire Claw|p2b: Tyranitar
|-resisted|p2b: Tyranitar
|-damage|p2b: Tyranitar|87/100
|-status|p2b: Tyranitar|par
|
|-weather|Sandstorm|[upkeep]
|-damage|p2a: Rillaboom|78/100|[from] Sandstorm
|-damage|p1a: Sneasler|95/100|[from] Sandstorm
|-damage|p1b: Rillaboom|58/100|[from] Sandstorm
|-heal|p2a: Rillaboom|84/100|[from] Grassy Terrain
|-heal|p1a: Sneasler|100/100|[from] Grassy Terrain
|-heal|p1b: Rillaboom|63/100|[from] Grassy Terrain
|-heal|p2b: Tyranitar|93/100 par|[from] Grassy Terrain
|upkeep
|turn|4
|
|t:|1756295506
|move|p1a: Sneasler|Protect|p1a: Sneasler
|-singleturn|p1a: Sneasler|Protect
|move|p2a: Rillaboom|Wood Hammer|p1b: Rillaboom
|-resisted|p1b: Rillaboom
|-damage|p1b: Rillaboom|29/100
|-damage|p2a: Rillaboom|71/100|[from] Recoil
|move|p1b: Rillaboom|U-turn|p2a: Rillaboom
|-supereffective|p2a: Rillaboom
|-damage|p2a: Rillaboom|16/100
|
|t:|1756295516
|switch|p1b: Dragonite|Dragonite, L50, F|54/100|[from] U-turn
|move|p2b: Tyranitar|Rock Slide|p1a: Sneasler|[spread] 
|-activate|p1a: Sneasler|move: Protect
|-miss|p2b: Tyranitar|p1b: Dragonite
|
|-weather|Sandstorm|[upkeep]
|-damage|p2a: Rillaboom|10/100|[from] Sandstorm
|-damage|p1a: Sneasler|95/100|[from] Sandstorm
|-damage|p1b: Dragonite|47/100|[from] Sandstorm
|-heal|p2a: Rillaboom|16/100|[from] Grassy Terrain
|-heal|p1a: Sneasler|100/100|[from] Grassy Terrain
|-heal|p2b: Tyranitar|99/100 par|[from] Grassy Terrain
|-sideend|p2: ComeonGum|move: Tailwind
|upkeep
|turn|5
|
|t:|1756295533
|move|p2a: Rillaboom|Grassy Glide|p1b: Dragonite
|-resisted|p1b: Dragonite
|-damage|p1b: Dragonite|39/100
|move|p1a: Sneasler|Dire Claw|p2a: Rillaboom
|-supereffective|p2a: Rillaboom
|-damage|p2a: Rillaboom|0 fnt
|faint|p2a: Rillaboom
|move|p1b: Dragonite|Low Kick|p2b: Tyranitar
|-supereffective|p2b: Tyranitar
|-damage|p2b: Tyranitar|0 fnt
|faint|p2b: Tyranitar
|
|-weather|Sandstorm|[upkeep]
|-damage|p1a: Sneasler|95/100|[from] Sandstorm
|-damage|p1b: Dragonite|33/100|[from] Sandstorm
|-heal|p1a: Sneasler|100/100|[from] Grassy Terrain
|upkeep
|
|t:|1756295547
|switch|p2b: Arcanine|Arcanine, L50, F, tera:Fairy|100/100
|-ability|p2b: Arcanine|Intimidate|boost
|-unboost|p1a: Sneasler|atk|1
|-unboost|p1b: Dragonite|atk|1
|turn|6
|
|t:|1756295573
|switch|p1a: Dondozo|Dondozo, L50, F|100/100
|move|p1b: Dragonite|Protect|p1b: Dragonite
|-singleturn|p1b: Dragonite|Protect
|move|p2b: Arcanine|Flare Blitz|p1a: Dondozo
|-resisted|p1a: Dondozo
|-damage|p1a: Dondozo|82/100
|-damage|p2b: Arcanine|91/100|[from] Recoil
|
|-weather|Sandstorm|[upkeep]
|-damage|p2b: Arcanine|85/100|[from] Sandstorm
|-damage|p1b: Dragonite|27/100|[from] Sandstorm
|-damage|p1a: Dondozo|76/100|[from] Sandstorm
|-heal|p2b: Arcanine|91/100|[from] Grassy Terrain
|-heal|p1a: Dondozo|82/100|[from] Grassy Terrain
|-heal|p1a: Dondozo|88/100|[from] item: Leftovers
|-fieldend|move: Grassy Terrain
|upkeep
|turn|7
|-message|ComeonGum forfeited.
|
|win|Guiltypleasure06
|l|☆ComeonGum
|player|p2|
||ComeonGum is ready for game 2.
||Guiltypleasure06 is ready for game 2.
|uhtml|next|Next: Game 2 of 3
|l|☆Guiltypleasure06
|player|p1|
|j|☆Guiltypleasure06
|player|p1|Guiltypleasure06|2|
