|j|☆sandy ghost 5
|j|☆EnvySenpai
|html|sandy ghost 5EnvySenpai    
|uhtml|bestof|Game 1 of a best-of-3
|t:|1756985050
|gametype|doubles
|player|p1|sandy ghost 5|baker|1322
|player|p2|EnvySenpai|miku-ground|1078
|gen|9
|tier|[Gen 9] VGC 2025 Reg H (Bo3)
|rated|
|rule|Species Clause: Limit one of each Pokémon
|rule|Item Clause: Limit 1 of each item
|clearpoke
|poke|p1|Tyranitar, L50, M|
|poke|p1|Excadrill, L50, F|
|poke|p1|Sinistcha-Masterpiece, L50|
|poke|p1|Salamence, L50, M|
|poke|p1|Blaziken, L50, M|
|poke|p1|Bruxish, L50, F|
|poke|p2|Incineroar, L50, M|
|poke|p2|Amoonguss, L50, M|
|poke|p2|Mismagius, L50, M|
|poke|p2|Ursaluna, L50, M|
|poke|p2|Gothitelle, L50, M|
|poke|p2|Torkoal, L50, M|
|teampreview|4
|showteam|p1|Tyranitar||ClearAmulet|SandStream|RockSlide,KnockOff,DragonDance,Protect|||M|||50|,,,,,Grass]Excadrill||AssaultVest|SandRush|Earthquake,IronHead,HighHorsepower,RockSlide|||F|||50|,,,,,Ghost]Sinistcha-Masterpiece||SitrusBerry|Hospitality|ShadowBall,MatchaGotcha,RagePowder,Protect||||||50|,,,,,Dark]Salamence||LifeOrb|Intimidate|DracoMeteor,AirSlash,Protect,Tailwind|||M|||50|,,,,,Ghost]Blaziken||CovertCloak|SpeedBoost|AuraSphere,HeatWave,Coaching,WillOWisp|||M|||50|,,,,,Dragon]Bruxish||ChoiceScarf|Dazzling|PsychicFangs,FlipTurn,WaveCrash,SuperFang|||F|||50|,,,,,Water
|showteam|p2|Incineroar||SafetyGoggles|Intimidate|FakeOut,KnockOff,FlareBlitz,PartingShot|||M|||50|,,,,,Ghost]Amoonguss||EjectButton|Regenerator|RagePowder,Spore,PollenPuff,Protect|||M|||50|,,,,,Water]Mismagius||FocusSash|Levitate|ShadowBall,TrickRoom,PerishSong,Protect|||M|||50|,,,,,Fairy]Ursaluna||FlameOrb|Guts|Facade,Earthquake,HeadlongRush,Protect|||M|||50|,,,,,Ghost]Gothitelle||SitrusBerry|ShadowTag|FakeOut,Psychic,Taunt,Protect|||M|||50|,,,,,Dark]Torkoal||Charcoal|Drought|Eruption,HeatWave,Overheat,Protect|||M|||50|,,,,,Grass
|inactive|Battle timer is ON: inactive players will automatically lose when time's up. (requested by EnvySenpai)
|inactive|sandy ghost 5 has 60 seconds left.
|inactive|EnvySenpai has 60 seconds left.
|inactive|sandy ghost 5 has 30 seconds left.
|
|t:|1756985116
|teamsize|p1|4
|teamsize|p2|4
|start
|switch|p1a: Bruxish|Bruxish, L50, F|100/100
|switch|p1b: Tyranitar|Tyranitar, L50, M|100/100
|switch|p2a: Nya|Incineroar, L50, M, shiny|100/100
|switch|p2b: Budget Flutter|Mismagius, L50, M, shiny|100/100
|-weather|Sandstorm|[from] ability: Sand Stream|[of] p1b: Tyranitar
|-ability|p2a: Nya|Intimidate|boost
|-unboost|p1a: Bruxish|atk|1
|-fail|p1b: Tyranitar|unboost|[from] item: Clear Amulet|[of] p1b: Tyranitar
|turn|1
|
|t:|1756985136
|move|p1a: Bruxish|Flip Turn|p2b: Budget Flutter
|-damage|p2b: Budget Flutter|60/100
|
|t:|1756985141
|switch|p1a: Salamence|Salamence, L50, M|100/100|[from] Flip Turn
|-ability|p1a: Salamence|Intimidate|boost
|-unboost|p2a: Nya|atk|1
|-unboost|p2b: Budget Flutter|atk|1
|move|p1b: Tyranitar|Rock Slide|p2a: Nya|[spread] 
|-miss|p1b: Tyranitar|p2a: Nya
|-miss|p1b: Tyranitar|p2b: Budget Flutter
|move|p2a: Nya|Parting Shot|p1a: Salamence
|-unboost|p1a: Salamence|atk|1
|-unboost|p1a: Salamence|spa|1
|inactive|EnvySenpai has 30 seconds left.
|
|t:|1756985171
|switch|p2a: Torky|Torkoal, L50, M, shiny|100/100|[from] Parting Shot
|-weather|SunnyDay|[from] ability: Drought|[of] p2a: Torky
|move|p2b: Budget Flutter|Trick Room|p2b: Budget Flutter
|-fieldstart|move: Trick Room|[of] p2b: Budget Flutter
|
|-weather|SunnyDay|[upkeep]
|upkeep
|turn|2
|inactive|EnvySenpai has 30 seconds left.
|inactive|EnvySenpai has 20 seconds left.
|inactive|EnvySenpai has 15 seconds left.
|
|t:|1756985212
|switch|p1a: Bruxish|Bruxish, L50, F|100/100
|move|p2a: Torky|Eruption|p1b: Tyranitar|[spread] p1a,p1b
|-resisted|p1a: Bruxish
|-resisted|p1b: Tyranitar
|-damage|p1a: Bruxish|33/100
|-damage|p1b: Tyranitar|54/100
|move|p1b: Tyranitar|Knock Off|p2a: Torky
|-damage|p2a: Torky|56/100
|-enditem|p2a: Torky|Charcoal|[from] move: Knock Off|[of] p1b: Tyranitar
|move|p2b: Budget Flutter|Shadow Ball|p1a: Bruxish
|-supereffective|p1a: Bruxish
|-damage|p1a: Bruxish|0 fnt
|faint|p1a: Bruxish
|
|-weather|SunnyDay|[upkeep]
|upkeep
|
|t:|1756985226
|switch|p1a: Puppet|Sinistcha-Masterpiece, L50|100/100
|-heal|p1b: Tyranitar|79/100|[from] ability: Hospitality|[of] p1a: Puppet
|turn|3
|
|t:|1756985234
|switch|p1a: Salamence|Salamence, L50, M|100/100
|-ability|p1a: Salamence|Intimidate|boost
|-unboost|p2a: Torky|atk|1
|-unboost|p2b: Budget Flutter|atk|1
|move|p2a: Torky|Heat Wave|p1b: Tyranitar|[spread] p1a,p1b
|-resisted|p1a: Salamence
|-resisted|p1b: Tyranitar
|-damage|p1a: Salamence|72/100
|-damage|p1b: Tyranitar|58/100
|move|p1b: Tyranitar|Rock Slide|p2a: Torky|[spread] p2a,p2b
|-supereffective|p2a: Torky
|-crit|p2a: Torky
|-damage|p2a: Torky|0 fnt
|-damage|p2b: Budget Flutter|0 fnt
|faint|p2a: Torky
|faint|p2b: Budget Flutter
|
|-weather|SunnyDay|[upkeep]
|upkeep
|
|t:|1756985248
|switch|p2a: Nya|Incineroar, L50, M, shiny|100/100
|switch|p2b: Nuh Uh|Gothitelle, L50, M, shiny|100/100
|-ability|p2a: Nya|Intimidate|boost
|-unboost|p1a: Salamence|atk|1
|-fail|p1b: Tyranitar|unboost|[from] item: Clear Amulet|[of] p1b: Tyranitar
|turn|4
|
|t:|1756985264
|move|p1b: Tyranitar|Protect|p1b: Tyranitar
|-singleturn|p1b: Tyranitar|Protect
|move|p1a: Salamence|Protect|p1a: Salamence
|-singleturn|p1a: Salamence|Protect
|move|p2a: Nya|Fake Out|p1b: Tyranitar
|-activate|p1b: Tyranitar|move: Protect
|move|p2b: Nuh Uh|Psychic|p1a: Salamence
|-activate|p1a: Salamence|move: Protect
|
|-weather|SunnyDay|[upkeep]
|upkeep
|turn|5
|
|t:|1756985279
|-terastallize|p2a: Nya|Ghost
|move|p2b: Nuh Uh|Psychic|p1a: Salamence
|-damage|p1a: Salamence|37/100
|move|p2a: Nya|Flare Blitz|p1a: Salamence
|-resisted|p1a: Salamence
|-damage|p1a: Salamence|0 fnt
|faint|p1a: Salamence
|-damage|p2a: Nya|91/100|[from] Recoil
|move|p1b: Tyranitar|Rock Slide|p2b: Nuh Uh|[spread] p2a,p2b
|-damage|p2a: Nya|69/100
|-damage|p2b: Nuh Uh|67/100
|
|-weather|none
|-fieldend|move: Trick Room
|upkeep
|
|t:|1756985289
|switch|p1a: Puppet|Sinistcha-Masterpiece, L50|100/100
|-heal|p1b: Tyranitar|83/100|[from] ability: Hospitality|[of] p1a: Puppet
|turn|6
|
|t:|1756985300
|move|p1b: Tyranitar|Knock Off|p2a: Nya
|-supereffective|p2a: Nya
|-damage|p2a: Nya|0 fnt
|-enditem|p2a: Nya|Safety Goggles|[from] move: Knock Off|[of] p1b: Tyranitar
|faint|p2a: Nya
|move|p1a: Puppet|Shadow Ball|p2b: Nuh Uh
|-supereffective|p2b: Nuh Uh
|-damage|p2b: Nuh Uh|12/100
|-unboost|p2b: Nuh Uh|spd|1
|-enditem|p2b: Nuh Uh|Sitrus Berry|[eat]
|-heal|p2b: Nuh Uh|37/100|[from] item: Sitrus Berry
|move|p2b: Nuh Uh|Taunt|p1a: Puppet
|-start|p1a: Puppet|move: Taunt
|
|upkeep
|turn|7
|-message|EnvySenpai forfeited.
|
|win|sandy ghost 5
|l|☆EnvySenpai
|player|p2|
||sandy ghost 5 is ready for game 2.
||EnvySenpai is ready for game 2.
|uhtml|next|Next: Game 2 of 3
