|j|☆Trestkon
|j|☆Bread248
|html|TrestkonBread248    
|uhtml|bestof|Game 3 of a best-of-3
|t:|1756608772
|gametype|doubles
|player|p1|Trestkon|265|1247
|player|p2|Bread248|170|1384
|gen|9
|tier|[Gen 9] VGC 2025 Reg H (Bo3)
|rated|
|rule|Species Clause: Limit one of each Pokémon
|rule|Item Clause: Limit 1 of each item
|clearpoke
|poke|p1|Indeedee-F, L50, F|
|poke|p1|Gallade, L50, M|
|poke|p1|Torkoal, L50, F|
|poke|p1|Ursaluna-Bloodmoon, L50, M|
|poke|p1|Armarouge, L50, M|
|poke|p1|Incineroar, L50, M|
|poke|p2|Ursaluna-Bloodmoon, L50, M|
|poke|p2|Incineroar, L50, F|
|poke|p2|Dragonite, L50, M|
|poke|p2|Rillaboom, L50, M|
|poke|p2|Gholdengo, L50|
|poke|p2|Annihilape, L50, F|
|teampreview|4
|showteam|p1|Indeedee-F||SafetyGoggles|PsychicSurge|FollowMe,Psychic,HelpingHand,TrickRoom|||F|||50|,,,,,Fairy]Gallade||ClearAmulet|Sharpness|PsychoCut,SacredSword,WideGuard,TrickRoom|||M|||50|,,,,,Steel]Torkoal||Charcoal|Drought|Eruption,WeatherBall,ClearSmog,Protect|||F|||50|,,,,,Fire]Ursaluna-Bloodmoon||ThroatSpray|MindsEye|EarthPower,HyperVoice,BloodMoon,Protect|||M|||50|,,,,,Normal]Armarouge||PowerHerb|FlashFire|ArmorCannon,ExpandingForce,MeteorBeam,TrickRoom|||M|||50|,,,,,Grass]Incineroar||RockyHelmet|Intimidate|FakeOut,FlareBlitz,KnockOff,PartingShot|||M|||50|,,,,,Ghost
|showteam|p2|Ursaluna-Bloodmoon||FocusSash|MindsEye|BloodMoon,HyperVoice,EarthPower,Protect|||M|||50|,,,,,Normal]Incineroar||SafetyGoggles|Intimidate|FlareBlitz,KnockOff,PartingShot,FakeOut|||F|||50|,,,,,Ghost]Dragonite||LoadedDice|Multiscale|ScaleShot,Tailwind,Protect,Haze|||M|||50|,,,,,Fairy]Rillaboom||AssaultVest|GrassySurge|WoodHammer,FakeOut,GrassyGlide,HighHorsepower|||M|||50|,,,,,Fire]Gholdengo||LifeOrb|GoodasGold|MakeItRain,ShadowBall,NastyPlot,Protect||||||50|,,,,,Water]Annihilape||LumBerry|Defiant|CloseCombat,RageFist,Taunt,Coaching|||F|||50|,,,,,Fire
|inactive|Battle timer is ON: inactive players will automatically lose when time's up. (requested by Bread248)
|
|t:|1756608801
|teamsize|p1|4
|teamsize|p2|4
|start
|switch|p1a: Dermezel|Indeedee-F, L50, F|100/100
|switch|p1b: Ronin|Gallade, L50, M|100/100
|switch|p2a: Incineroar|Incineroar, L50, F|100/100
|switch|p2b: Ursaluna|Ursaluna-Bloodmoon, L50, M|100/100
|-ability|p2a: Incineroar|Intimidate|boost
|-unboost|p1a: Dermezel|atk|1
|-fail|p1b: Ronin|unboost|[from] item: Clear Amulet|[of] p1b: Ronin
|-fieldstart|move: Psychic Terrain|[from] ability: Psychic Surge|[of] p1a: Dermezel
|turn|1
|inactive|Trestkon has 30 seconds left.
|
|t:|1756608826
|switch|p2b: Rillaboom|Rillaboom, L50, M|100/100
|-fieldstart|move: Grassy Terrain|[from] ability: Grassy Surge|[of] p2b: Rillaboom
|move|p2a: Incineroar|Fake Out|p1b: Ronin
|-damage|p1b: Ronin|84/100
|move|p1a: Dermezel|Follow Me|p1a: Dermezel
|-singleturn|p1a: Dermezel|move: Follow Me
|cant|p1b: Ronin|flinch
|
|-heal|p1b: Ronin|90/100|[from] Grassy Terrain
|upkeep
|turn|2
|
|t:|1756608846
|move|p2b: Rillaboom|Fake Out|p1b: Ronin
|-damage|p1b: Ronin|69/100
|move|p2a: Incineroar|Parting Shot|p1a: Dermezel
|-unboost|p1a: Dermezel|atk|1
|-unboost|p1a: Dermezel|spa|1
|
|t:|1756608850
|switch|p2a: Gholdengo|Gholdengo, L50|100/100|[from] Parting Shot
|cant|p1b: Ronin|flinch
|move|p1a: Dermezel|Trick Room|p1a: Dermezel
|-fieldstart|move: Trick Room|[of] p1a: Dermezel
|
|-heal|p1b: Ronin|75/100|[from] Grassy Terrain
|upkeep
|turn|3
|
|t:|1756608866
|switch|p1a: Dr. Love|Torkoal, L50, F|100/100
|-weather|SunnyDay|[from] ability: Drought|[of] p1a: Dr. Love
|switch|p2b: Incineroar|Incineroar, L50, F|100/100
|-ability|p2b: Incineroar|Intimidate|boost
|-unboost|p1a: Dr. Love|atk|1
|-fail|p1b: Ronin|unboost|[from] item: Clear Amulet|[of] p1b: Ronin
|move|p1b: Ronin|Sacred Sword|p2b: Incineroar
|-supereffective|p2b: Incineroar
|-damage|p2b: Incineroar|0 fnt
|faint|p2b: Incineroar
|move|p2a: Gholdengo|Nasty Plot|p2a: Gholdengo
|-boost|p2a: Gholdengo|spa|2
|
|-weather|SunnyDay|[upkeep]
|-heal|p1b: Ronin|80/100|[from] Grassy Terrain
|upkeep
|
|t:|1756608889
|switch|p2b: Rillaboom|Rillaboom, L50, M|100/100
|turn|4
|inactive|Trestkon has 30 seconds left.
|
|t:|1756608914
|switch|p1a: Dermezel|Indeedee-F, L50, F|100/100
|-fieldstart|move: Psychic Terrain|[from] ability: Psychic Surge|[of] p1a: Dermezel
|switch|p2b: Ursaluna|Ursaluna-Bloodmoon, L50, M|100/100
|-terastallize|p2a: Gholdengo|Water
|move|p1b: Ronin|Psycho Cut|p2a: Gholdengo
|-damage|p2a: Gholdengo|25/100
|move|p2a: Gholdengo|Make It Rain|p1a: Dermezel|[spread] p1a,p1b
|-damage|p1a: Dermezel|0 fnt
|-damage|p1b: Ronin|0 fnt
|-unboost|p2a: Gholdengo|spa|1
|faint|p1a: Dermezel
|faint|p1b: Ronin
|-damage|p2a: Gholdengo|15/100|[from] item: Life Orb
|
|-weather|SunnyDay|[upkeep]
|upkeep
|
|t:|1756608927
|switch|p1b: Ursaluna|Ursaluna-Bloodmoon, L50, M|100/100
|switch|p1a: Dr. Love|Torkoal, L50, F|100/100
|turn|5
|
|t:|1756608948
|-terastallize|p1b: Ursaluna|Normal
|move|p2a: Gholdengo|Protect|p2a: Gholdengo
|-singleturn|p2a: Gholdengo|Protect
|move|p1a: Dr. Love|Eruption|p2a: Gholdengo|[spread] p2b
|-activate|p2a: Gholdengo|move: Protect
|-enditem|p2b: Ursaluna|Focus Sash
|-damage|p2b: Ursaluna|1/100
|move|p1b: Ursaluna|Hyper Voice|p2a: Gholdengo|[spread] p2b
|-activate|p2a: Gholdengo|move: Protect
|-damage|p2b: Ursaluna|0 fnt
|faint|p2b: Ursaluna
|-enditem|p1b: Ursaluna|Throat Spray
|-boost|p1b: Ursaluna|spa|1|[from] item: Throat Spray
|
|-weather|SunnyDay|[upkeep]
|upkeep
|
|t:|1756608959
|switch|p2b: Rillaboom|Rillaboom, L50, M|100/100
|-fieldstart|move: Grassy Terrain|[from] ability: Grassy Surge|[of] p2b: Rillaboom
|turn|6
|
|t:|1756608972
|move|p2a: Gholdengo|Protect||[still]
|-fail|p2a: Gholdengo
|move|p2b: Rillaboom|Fake Out|p1a: Dr. Love
|-damage|p1a: Dr. Love|90/100
|cant|p1a: Dr. Love|flinch
|move|p1b: Ursaluna|Hyper Voice|p2a: Gholdengo|[spread] p2a,p2b
|-damage|p2a: Gholdengo|0 fnt
|-damage|p2b: Rillaboom|47/100
|faint|p2a: Gholdengo
|
|-weather|SunnyDay|[upkeep]
|-heal|p1a: Dr. Love|97/100|[from] Grassy Terrain
|-heal|p2b: Rillaboom|53/100|[from] Grassy Terrain
|-fieldend|move: Trick Room
|upkeep
|turn|7
|-message|Bread248 forfeited.
|
|win|Trestkon
|raw|Trestkon's rating: 1247 → 1281(+34 for winning)
|raw|Bread248's rating: 1384 → 1356(-28 for losing)
