|j|☆Maziii
|j|☆Zero_blazeVGC
|html|MaziiiZero_blazeVGC    
|uhtml|bestof|Game 2 of a best-of-3
|t:|1756002245
|gametype|doubles
|player|p1|Maziii|gentleman-gen4|1155
|player|p2|Zero_blazeVGC|alder|1289
|gen|9
|tier|[Gen 9] VGC 2025 Reg H (Bo3)
|rated|
|rule|Species Clause: Limit one of each Pokémon
|rule|Item Clause: Limit 1 of each item
|clearpoke
|poke|p1|Tyranitar, L50, F|
|poke|p1|Electabuzz, L50, F|
|poke|p1|Annihilape, L50, F|
|poke|p1|Ursaluna-Bloodmoon, L50, M|
|poke|p1|Primarina, L50, F|
|poke|p1|Gholdengo, L50|
|poke|p2|Gholdengo, L50|
|poke|p2|Pelipper, L50, M|
|poke|p2|Basculegion, L50, M|
|poke|p2|Amoonguss, L50, F|
|poke|p2|Archaludon, L50, M|
|poke|p2|Incineroar, L50, M|
|teampreview|4
|showteam|p1|Tyranitar||ClearAmulet|SandStream|Protect,DragonDance,RockSlide,KnockOff|||F|||50|,,,,,Grass]Electabuzz||Eviolite|VitalSpirit|FollowMe,HelpingHand,Protect,Electroweb|||F|||50|,,,,,Ghost]Annihilape||FocusSash|Defiant|Protect,Coaching,CloseCombat,RageFist|||F|||50|,,,,,Stellar]Ursaluna-Bloodmoon||AssaultVest|MindsEye|BloodMoon,HyperVoice,EarthPower,VacuumWave|||M|||50|,,,,,Normal]Primarina||MysticWater|LiquidVoice|Haze,Protect,HyperVoice,Moonblast|||F|||50|,,,,,Water]Gholdengo||ChoiceSpecs|GoodasGold|Trick,ShadowBall,MakeItRain,Protect||||||50|,,,,,Grass
|showteam|p2|Gholdengo||LifeOrb|GoodasGold|Protect,NastyPlot,MakeItRain,ShadowBall||||||50|,,,,,Water]Pelipper||FocusSash|Drizzle|Protect,Tailwind,WeatherBall,Hurricane|||M|||50|,,,,,Stellar]Basculegion||ChoiceBand|SwiftSwim|AquaJet,WaveCrash,FlipTurn,LastRespects|||M|||50|,,,,,Fairy]Amoonguss||SitrusBerry|Regenerator|PollenPuff,Spore,RagePowder,Protect|||F|||50|,,,,,Fairy]Archaludon||AssaultVest|Stamina|ElectroShot,Snarl,FlashCannon,BodyPress|||M|||50|,,,,,Bug]Incineroar||SafetyGoggles|Intimidate|FakeOut,KnockOff,PartingShot,Taunt|||M|||50|,,,,,Ghost
|inactive|Battle timer is ON: inactive players will automatically lose when time's up. (requested by Maziii)
|inactive|Maziii has 60 seconds left.
|inactive|Zero_blazeVGC has 60 seconds left.
|
|t:|1756002295
|teamsize|p1|4
|teamsize|p2|4
|start
|switch|p1a: Electabuzz|Electabuzz, L50, F|100/100
|switch|p1b: Tyranitar|Tyranitar, L50, F|100/100
|switch|p2a: Omega|Gholdengo, L50|100/100
|switch|p2b: Berry Delite|Pelipper, L50, M|100/100
|-weather|RainDance|[from] ability: Drizzle|[of] p2b: Berry Delite
|-weather|Sandstorm|[from] ability: Sand Stream|[of] p1b: Tyranitar
|turn|1
|inactive|Maziii has 30 seconds left.
|inactive|Zero_blazeVGC has 30 seconds left.
|
|t:|1756002324
|switch|p2b: Metalman|Archaludon, L50, M|100/100
|-terastallize|p1b: Tyranitar|Grass
|move|p2a: Omega|Make It Rain|p1a: Electabuzz|[spread] p1a,p1b
|-resisted|p1a: Electabuzz
|-damage|p1a: Electabuzz|78/100
|-damage|p1b: Tyranitar|47/100
|-unboost|p2a: Omega|spa|1
|-damage|p2a: Omega|91/100|[from] item: Life Orb
|move|p1a: Electabuzz|Electroweb|p2a: Omega|[spread] p2a,p2b
|-resisted|p2b: Metalman
|-damage|p2a: Omega|74/100
|-damage|p2b: Metalman|95/100
|-unboost|p2a: Omega|spe|1
|-unboost|p2b: Metalman|spe|1
|-ability|p2b: Metalman|Stamina|boost
|-boost|p2b: Metalman|def|1
|move|p1b: Tyranitar|Dragon Dance|p1b: Tyranitar
|-boost|p1b: Tyranitar|atk|1
|-boost|p1b: Tyranitar|spe|1
|
|-weather|Sandstorm|[upkeep]
|-damage|p1b: Tyranitar|42/100|[from] Sandstorm
|-damage|p1a: Electabuzz|73/100|[from] Sandstorm
|upkeep
|turn|2
|inactive|Zero_blazeVGC has 30 seconds left.
|inactive|Zero_blazeVGC has 20 seconds left.
|
|t:|1756002359
|switch|p2a: Berry Delite|Pelipper, L50, M|100/100
|-weather|RainDance|[from] ability: Drizzle|[of] p2a: Berry Delite
|move|p1a: Electabuzz|Follow Me|p1a: Electabuzz
|-singleturn|p1a: Electabuzz|move: Follow Me
|move|p1b: Tyranitar|Knock Off|p2a: Berry Delite
|-enditem|p2a: Berry Delite|Focus Sash
|-damage|p2a: Berry Delite|1/100
|move|p2b: Metalman|Electro Shot||[still]
|-prepare|p2b: Metalman|Electro Shot
|-boost|p2b: Metalman|spa|1
|-anim|p2b: Metalman|Electro Shot|p1a: Electabuzz
|-resisted|p1a: Electabuzz
|-damage|p1a: Electabuzz|52/100
|
|-weather|RainDance|[upkeep]
|upkeep
|turn|3
|
|t:|1756002384
|move|p2a: Berry Delite|Protect|p2a: Berry Delite
|-singleturn|p2a: Berry Delite|Protect
|move|p1b: Tyranitar|Rock Slide|p2a: Berry Delite|[spread] p2b
|-activate|p2a: Berry Delite|move: Protect
|-resisted|p2b: Metalman
|-damage|p2b: Metalman|84/100
|-ability|p2b: Metalman|Stamina|boost
|-boost|p2b: Metalman|def|1
|move|p1a: Electabuzz|Electroweb|p2b: Metalman|[spread] p2b
|-activate|p2a: Berry Delite|move: Protect
|-resisted|p2b: Metalman
|-damage|p2b: Metalman|78/100
|-unboost|p2b: Metalman|spe|1
|-ability|p2b: Metalman|Stamina|boost
|-boost|p2b: Metalman|def|1
|move|p2b: Metalman|Electro Shot||[still]
|-prepare|p2b: Metalman|Electro Shot
|-boost|p2b: Metalman|spa|1
|-anim|p2b: Metalman|Electro Shot|p1b: Tyranitar
|-resisted|p1b: Tyranitar
|-damage|p1b: Tyranitar|8/100
|
|-weather|RainDance|[upkeep]
|upkeep
|turn|4
|inactive|Maziii has 30 seconds left.
|inactive|Zero_blazeVGC has 30 seconds left.
|
|t:|1756002413
|move|p2a: Berry Delite|Protect|p2a: Berry Delite
|-singleturn|p2a: Berry Delite|Protect
|move|p1a: Electabuzz|Follow Me|p1a: Electabuzz
|-singleturn|p1a: Electabuzz|move: Follow Me
|move|p1b: Tyranitar|Rock Slide|p2a: Berry Delite|[spread] p2b
|-activate|p2a: Berry Delite|move: Protect
|-resisted|p2b: Metalman
|-damage|p2b: Metalman|72/100
|-ability|p2b: Metalman|Stamina|boost
|-boost|p2b: Metalman|def|1
|move|p2b: Metalman|Body Press|p1a: Electabuzz
|-damage|p1a: Electabuzz|0 fnt
|faint|p1a: Electabuzz
|
|-weather|RainDance|[upkeep]
|upkeep
|
|t:|1756002420
|switch|p1a: Ursaluna|Ursaluna-Bloodmoon, L50, M|100/100
|turn|5
|
|t:|1756002443
|move|p1b: Tyranitar|Rock Slide|p2a: Berry Delite|[spread] p2a,p2b
|-supereffective|p2a: Berry Delite
|-resisted|p2b: Metalman
|-damage|p2a: Berry Delite|0 fnt
|-damage|p2b: Metalman|66/100
|-ability|p2b: Metalman|Stamina|boost
|-boost|p2b: Metalman|def|1
|faint|p2a: Berry Delite
|move|p1a: Ursaluna|Blood Moon|p2b: Metalman
|-resisted|p2b: Metalman
|-crit|p2b: Metalman
|-damage|p2b: Metalman|13/100
|-ability|p2b: Metalman|Stamina|boost
|-boost|p2b: Metalman|def|1
|move|p2b: Metalman|Body Press|p1a: Ursaluna
|-supereffective|p1a: Ursaluna
|-damage|p1a: Ursaluna|0 fnt
|faint|p1a: Ursaluna
|
|-weather|RainDance|[upkeep]
|upkeep
|inactive|Zero_blazeVGC has 30 seconds left.
|
|t:|1756002470
|switch|p2a: Omega|Gholdengo, L50|74/100
|switch|p1a: Annihilape|Annihilape, L50, F|100/100
|turn|6
|inactive|Maziii has 30 seconds left.
|inactive|Maziii has 20 seconds left.
|
|t:|1756002505
|-terastallize|p2a: Omega|Water
|move|p1b: Tyranitar|Knock Off|p2a: Omega
|-damage|p2a: Omega|0 fnt
|-enditem|p2a: Omega|Life Orb|[from] move: Knock Off|[of] p1b: Tyranitar
|faint|p2a: Omega
|move|p1a: Annihilape|Close Combat|p2b: Metalman
|-supereffective|p2b: Metalman
|-damage|p2b: Metalman|0 fnt
|-unboost|p1a: Annihilape|def|1
|-unboost|p1a: Annihilape|spd|1
|faint|p2b: Metalman
|
|-weather|none
|upkeep
|
|t:|1756002514
|switch|p2b: Oogie Boogie|Basculegion, L50, M|100/100
|turn|7
|
|t:|1756002529
|move|p1b: Tyranitar|Knock Off|p2b: Oogie Boogie
|-supereffective|p2b: Oogie Boogie
|-crit|p2b: Oogie Boogie
|-damage|p2b: Oogie Boogie|0 fnt
|-enditem|p2b: Oogie Boogie|Choice Band|[from] move: Knock Off|[of] p1b: Tyranitar
|faint|p2b: Oogie Boogie
|
|win|Maziii
|raw|Maziii's rating: 1155 → 1189(+34 for winning)
|raw|Zero_blazeVGC's rating: 1289 → 1255(-34 for losing)
