|j|☆asmodeo666
|j|☆gundi8
|html|asmodeo666gundi8    
|uhtml|bestof|Game 1 of a best-of-3
|t:|1757685421
|gametype|doubles
|player|p1|asmodeo666|266|1153
|player|p2|gundi8|ethan-gen2|1124
|gen|9
|tier|[Gen 9] VGC 2025 Reg H (Bo3)
|rated|
|rule|Species Clause: Limit one of each Pokémon
|rule|Item Clause: Limit 1 of each item
|clearpoke
|poke|p1|Malamar, L50, M|
|poke|p1|Incineroar, L50, F|
|poke|p1|Rillaboom, L50, F|
|poke|p1|Sinistcha, L50|
|poke|p1|Dragonite, L50, F|
|poke|p1|Basculegion, L50, M|
|poke|p2|Garchomp, L50, M|
|poke|p2|Jumpluff, L50, F|
|poke|p2|Torkoal, L50, M|
|poke|p2|Dragonite, L50, F|
|poke|p2|Kingambit, L50, F|
|poke|p2|Typhlosion-Hisui, L50, M|
|teampreview|4
|showteam|p1|Malamar||Leftovers|Contrary|Superpower,KnockOff,TrickRoom,Protect|||M|||50|,,,,,Steel]Incineroar||SafetyGoggles|Intimidate|FakeOut,FlareBlitz,KnockOff,PartingShot|||F|||50|,,,,,Ghost]Rillaboom||AssaultVest|GrassySurge|FakeOut,GrassyGlide,WoodHammer,Uturn|||F|||50|,,,,,Fire]Sinistcha||MentalHerb|Hospitality|MatchaGotcha,RagePowder,TrickRoom,Protect||||||50|,,,,,Water]Dragonite||LoadedDice|Multiscale|ScaleShot,StompingTantrum,Tailwind,Protect|||F|||50|,,,,,Steel]Basculegion||ChoiceScarf|Adaptability|WaveCrash,FlipTurn,AquaJet,LastRespects|||M|||50|,,,,,Water
|showteam|p2|Garchomp||LifeOrb|RoughSkin|DragonClaw,StompingTantrum,Earthquake,Protect|||M|||50|,,,,,Fire]Jumpluff||CovertCloak|Chlorophyll|SunnyDay,SleepPowder,Encore,Tailwind|||F|||50|,,,,,Dark]Torkoal||EjectPack|Drought|Overheat,BurningJealousy,HelpingHand,Protect|||M|||50|,,,,,Flying]Dragonite||LoadedDice|InnerFocus|ScaleShot,Tailwind,Haze,Protect|||F|||50|,,,,,Fairy]Kingambit||AssaultVest|Defiant|IronHead,SuckerPunch,TeraBlast,LowKick|||F|||50|,,,,,Flying]Typhlosion-Hisui||ChoiceSpecs|Blaze|Eruption,ShadowBall,HeatWave,Overheat|||M|||50|,,,,,Fire
|inactive|Battle timer is ON: inactive players will automatically lose when time's up. (requested by gundi8)
|
|t:|1757685451
|teamsize|p1|4
|teamsize|p2|4
|start
|switch|p1a: Malamar|Malamar, L50, M|100/100
|switch|p1b: Incineroar|Incineroar, L50, F|100/100
|switch|p2a: Torkoal|Torkoal, L50, M, shiny|100/100
|switch|p2b: Typhlosion|Typhlosion-Hisui, L50, M|100/100
|-ability|p1b: Incineroar|Intimidate|boost
|-unboost|p2a: Torkoal|atk|1
|-unboost|p2b: Typhlosion|atk|1
|-weather|SunnyDay|[from] ability: Drought|[of] p2a: Torkoal
|-enditem|p2a: Torkoal|Eject Pack
|
|t:|1757685460
|switch|p2a: Kingambit|Kingambit, L50, F|100/100
|turn|1
|inactive|gundi8 has 30 seconds left.
|inactive|gundi8 has 20 seconds left.
|
|t:|1757685496
|move|p1a: Malamar|Protect|p1a: Malamar
|-singleturn|p1a: Malamar|Protect
|move|p2b: Typhlosion|Eruption|p1a: Malamar|[spread] p1b
|-activate|p1a: Malamar|move: Protect
|-resisted|p1b: Incineroar
|-damage|p1b: Incineroar|44/100
|move|p1b: Incineroar|Knock Off|p2b: Typhlosion
|-supereffective|p2b: Typhlosion
|-damage|p2b: Typhlosion|0 fnt
|-enditem|p2b: Typhlosion|Choice Specs|[from] move: Knock Off|[of] p1b: Incineroar
|faint|p2b: Typhlosion
|move|p2a: Kingambit|Low Kick|p1b: Incineroar
|-supereffective|p1b: Incineroar
|-damage|p1b: Incineroar|0 fnt
|faint|p1b: Incineroar
|
|-weather|SunnyDay|[upkeep]
|upkeep
|
|t:|1757685516
|switch|p2b: Garchomp|Garchomp, L50, M|100/100
|switch|p1b: Dragonite|Dragonite, L50, F|100/100
|turn|2
|inactive|gundi8 has 30 seconds left.
|
|t:|1757685542
|-terastallize|p2a: Kingambit|Flying
|move|p2b: Garchomp|Earthquake|p1b: Dragonite|[spread] p1a
|-immune|p2a: Kingambit
|-immune|p1b: Dragonite
|-damage|p1a: Malamar|44/100
|-damage|p2b: Garchomp|91/100|[from] item: Life Orb
|move|p1b: Dragonite|Scale Shot|p2b: Garchomp
|-supereffective|p2b: Garchomp
|-damage|p2b: Garchomp|62/100
|-supereffective|p2b: Garchomp
|-damage|p2b: Garchomp|33/100
|-supereffective|p2b: Garchomp
|-damage|p2b: Garchomp|6/100
|-supereffective|p2b: Garchomp
|-damage|p2b: Garchomp|0 fnt
|faint|p2b: Garchomp
|-hitcount|p2: Garchomp|4
|-unboost|p1b: Dragonite|def|1
|-boost|p1b: Dragonite|spe|1
|move|p1a: Malamar|Superpower|p2a: Kingambit
|-resisted|p2a: Kingambit
|-damage|p2a: Kingambit|88/100
|-boost|p1a: Malamar|atk|1
|-boost|p1a: Malamar|def|1
|move|p2a: Kingambit|Tera Blast|p1a: Malamar|[anim] Tera Blast Flying
|-damage|p1a: Malamar|13/100
|
|-weather|SunnyDay|[upkeep]
|-heal|p1a: Malamar|19/100|[from] item: Leftovers
|upkeep
|
|t:|1757685557
|switch|p2b: Torkoal|Torkoal, L50, M, shiny|100/100
|turn|3
|inactive|gundi8 has 30 seconds left.
|
|t:|1757685590
|move|p2a: Kingambit|Sucker Punch|p1a: Malamar
|-damage|p1a: Malamar|0 fnt
|faint|p1a: Malamar
|move|p1b: Dragonite|Scale Shot|p2a: Kingambit
|-damage|p2a: Kingambit|77/100
|-damage|p2a: Kingambit|65/100
|-damage|p2a: Kingambit|54/100
|-damage|p2a: Kingambit|43/100
|-damage|p2a: Kingambit|31/100
|-hitcount|p2a: Kingambit|5
|-unboost|p1b: Dragonite|def|1
|-boost|p1b: Dragonite|spe|1
|move|p2b: Torkoal|Burning Jealousy|p1b: Dragonite
|-resisted|p1b: Dragonite
|-damage|p1b: Dragonite|90/100
|-status|p1b: Dragonite|brn
|
|-weather|SunnyDay|[upkeep]
|-damage|p1b: Dragonite|84/100 brn|[from] brn
|upkeep
|
|t:|1757685602
|switch|p1a: Basculegion|Basculegion, L50, M|100/100
|turn|4
|
|t:|1757685618
|-terastallize|p1a: Basculegion|Water
|move|p2a: Kingambit|Sucker Punch|p1a: Basculegion
|-damage|p1a: Basculegion|48/100
|move|p1b: Dragonite|Stomping Tantrum|p2b: Torkoal
|-supereffective|p2b: Torkoal
|-damage|p2b: Torkoal|79/100
|move|p1a: Basculegion|Wave Crash|p2a: Kingambit
|-damage|p2a: Kingambit|0 fnt
|faint|p2a: Kingambit
|-damage|p1a: Basculegion|38/100|[from] Recoil
|move|p2b: Torkoal|Burning Jealousy|p1a: Basculegion|[spread] p1a,p1b
|-resisted|p1a: Basculegion
|-resisted|p1b: Dragonite
|-damage|p1a: Basculegion|23/100
|-damage|p1b: Dragonite|70/100 brn
|
|-weather|SunnyDay|[upkeep]
|-damage|p1b: Dragonite|64/100 brn|[from] brn
|upkeep
|turn|5
|
|t:|1757685642
|move|p1b: Dragonite|Stomping Tantrum|p2b: Torkoal
|-supereffective|p2b: Torkoal
|-damage|p2b: Torkoal|57/100
|move|p1a: Basculegion|Wave Crash|p2b: Torkoal
|-supereffective|p2b: Torkoal
|-damage|p2b: Torkoal|0 fnt
|faint|p2b: Torkoal
|-damage|p1a: Basculegion|6/100|[from] Recoil
|
|win|asmodeo666
