|j|☆GaliVGC
|j|☆Roadtonr1
|html|GaliVGCRoadtonr1    
|uhtml|bestof|Game 1 of a best-of-3
|t:|1782484333
|gametype|doubles
|player|p1|GaliVGC|2|1114
|player|p2|Roadtonr1|2|1077
|gen|9
|tier|[Gen 9 Champions] VGC 2026 Reg M-B (Bo3)
|rated|
|rule|Species Clause: Limit one of each Pokémon
|rule|Item Clause: Limit 1 of each item
|clearpoke
|poke|p1|Eelektross, L50, M|
|poke|p1|Garchomp, L50, M|
|poke|p1|Talonflame, L50, M|
|poke|p1|Incineroar, L50, F|
|poke|p1|Sinistcha, L50|
|poke|p1|Floette-Eternal, L50, F|
|poke|p2|Incineroar, L50, M|
|poke|p2|Raichu, L50, M|
|poke|p2|Milotic, L50, F|
|poke|p2|Farigiraf, L50, F|
|poke|p2|Torkoal, L50, M|
|poke|p2|Vileplume, L50, F, shiny|
|teampreview|4
|showteam|p1|Eelektross||Eelektrossite|Levitate|Discharge,GrassKnot,Protect,Thunderbolt|Modest||M|||50|]Garchomp||LifeOrb|RoughSkin|Earthquake,DragonClaw,Protect,RockSlide|Adamant||M|||50|]Talonflame||WideLens|GaleWings|DualWingbeat,Tailwind,Protect,WillOWisp|Jolly||M|||50|]Incineroar||ChopleBerry|Intimidate|PartingShot,FakeOut,ThroatChop,FlareBlitz|Impish||F|||50|]Sinistcha||SitrusBerry|Hospitality|MatchaGotcha,RagePowder,Protect,TrickRoom|Calm|||||50|]Floette-Eternal||Floettite|FlowerVeil|Moonblast,DazzlingGleam,CalmMind,Protect|Modest||F|||50|
|showteam|p2|Incineroar||SitrusBerry|Intimidate|FlareBlitz,ThroatChop,FakeOut,PartingShot|Impish||M|||50|]Raichu||RaichuniteY|LightningRod|ZapCannon,FocusBlast,FakeOut,Protect|Timid||M|||50|]Milotic||Leftovers|Competitive|MuddyWater,Protect,Coil,Hypnosis|Calm||F|||50|]Farigiraf||ColburBerry|ArmorTail|HyperVoice,Psychic,Protect,TrickRoom|Quiet||F|||50|]Torkoal||Charcoal|Drought|Eruption,WeatherBall,HeatWave,Protect|Quiet||M|||50|]Vileplume||FocusSash|Chlorophyll|SludgeBomb,Protect,SleepPowder,AfterYou|Timid||F|||50|
|
|t:|1782484374
|teamsize|p1|4
|teamsize|p2|4
|start
|switch|p1a: Garchomp|Garchomp, L50, M|100/100
|switch|p1b: Talonflame|Talonflame, L50, M|100/100
|switch|p2a: Farigiraf|Farigiraf, L50, F|100/100
|switch|p2b: Incineroar|Incineroar, L50, M|100/100
|-ability|p2b: Incineroar|Intimidate|boost
|-unboost|p1a: Garchomp|atk|1
|-unboost|p1b: Talonflame|atk|1
|turn|1
|
|t:|1782484395
|switch|p1b: Floette|Floette-Eternal, L50, F|100/100
|move|p2b: Incineroar|Fake Out|p1a: Garchomp
|-damage|p1a: Garchomp|89/100
|-damage|p2b: Incineroar|87/100|[from] ability: Rough Skin|[of] p1a: Garchomp
|cant|p1a: Garchomp|flinch
|move|p2a: Farigiraf|Trick Room|p2a: Farigiraf
|-fieldstart|move: Trick Room|[of] p2a: Farigiraf
|
|upkeep
|turn|2
|
|t:|1782484411
|detailschange|p1b: Floette|Floette-Mega, L50, F
|-mega|p1b: Floette|Floette|Floettite
|-ability|p1b: Floette|Fairy Aura
|move|p2a: Farigiraf|Hyper Voice|p1b: Floette|[spread] p1a,p1b
|-damage|p1a: Garchomp|58/100
|-damage|p1b: Floette|74/100
|move|p2b: Incineroar|Flare Blitz|p1a: Garchomp
|-resisted|p1a: Garchomp|1
|-damage|p1a: Garchomp|37/100
|-status|p1a: Garchomp|brn
|-damage|p2b: Incineroar|75/100|[from] ability: Rough Skin|[of] p1a: Garchomp
|-damage|p2b: Incineroar|68/100|[from] Recoil
|move|p1b: Floette|Calm Mind|p1b: Floette
|-boost|p1b: Floette|spa|1
|-boost|p1b: Floette|spd|1
|move|p1a: Garchomp|Rock Slide|p2b: Incineroar|[spread] p2a,p2b
|-supereffective|p2b: Incineroar|1
|-damage|p2a: Farigiraf|90/100
|-damage|p2b: Incineroar|54/100
|-damage|p1a: Garchomp|27/100 brn|[from] item: Life Orb
|
|-damage|p1a: Garchomp|21/100 brn|[from] brn
|upkeep
|turn|3
|
|t:|1782484427
|switch|p1a: Sinistcha|Sinistcha, L50|100/100
|-heal|p1b: Floette|99/100|[from] ability: Hospitality|[of] p1a: Sinistcha
|move|p2a: Farigiraf|Hyper Voice|p1b: Floette|[spread] p1b
|-immune|p1a: Sinistcha
|-damage|p1b: Floette|81/100
|move|p2b: Incineroar|Flare Blitz|p1b: Floette
|-damage|p1b: Floette|33/100
|-damage|p2b: Incineroar|42/100|[from] Recoil
|-enditem|p2b: Incineroar|Sitrus Berry|[eat]
|-heal|p2b: Incineroar|66/100|[from] item: Sitrus Berry
|move|p1b: Floette|Dazzling Gleam|p2a: Farigiraf|[spread] p2a,p2b
|-crit|p2b: Incineroar
|-damage|p2a: Farigiraf|25/100
|-damage|p2b: Incineroar|0 fnt
|faint|p2b: Incineroar
|
|upkeep
|
|t:|1782484432
|switch|p2b: Torkoal|Torkoal, L50, M|100/100
|-weather|SunnyDay|[from] ability: Drought|[of] p2b: Torkoal
|turn|4
|
|t:|1782484444
|move|p1b: Floette|Protect|p1b: Floette
|-singleturn|p1b: Floette|Protect
|move|p2b: Torkoal|Eruption|p1a: Sinistcha|[spread] p1a
|-activate|p1b: Floette|move: Protect
|-supereffective|p1a: Sinistcha|1
|-damage|p1a: Sinistcha|0 fnt
|faint|p1a: Sinistcha
|move|p2a: Farigiraf|Hyper Voice|p1b: Floette
|-activate|p1b: Floette|move: Protect
|
|-weather|SunnyDay|[upkeep]
|upkeep
|
|t:|1782484462
|switch|p1a: Garchomp|Garchomp, L50, M|21/100 brn
|turn|5
|
|t:|1782484467
|switch|p1b: Talonflame|Talonflame, L50, M|100/100
|move|p2b: Torkoal|Eruption|p1b: Talonflame|[spread] p1a,p1b
|-resisted|p1a: Garchomp|1
|-resisted|p1b: Talonflame|1
|-damage|p1a: Garchomp|0 fnt
|-damage|p1b: Talonflame|38/100
|faint|p1a: Garchomp
|move|p2a: Farigiraf|Hyper Voice|p1b: Talonflame
|-damage|p1b: Talonflame|0 fnt
|faint|p1b: Talonflame
|
|-weather|SunnyDay|[upkeep]
|-fieldend|move: Trick Room
|upkeep
|
|t:|1782484473
|switch|p1b: Floette|Floette-Mega, L50, F|33/100
|-ability|p1b: Floette|Fairy Aura
|turn|6
|
|t:|1782484479
|move|p1b: Floette|Dazzling Gleam|p2a: Farigiraf|[spread] p2a,p2b
|-resisted|p2b: Torkoal|1
|-damage|p2a: Farigiraf|0 fnt
|-damage|p2b: Torkoal|64/100
|faint|p2a: Farigiraf
|move|p2b: Torkoal|Weather Ball|p1b: Floette
|-damage|p1b: Floette|0 fnt
|faint|p1b: Floette
|
|win|Roadtonr1
