|j|☆dogecoine
|j|☆FunkleVGC
|html|dogecoineFunkleVGC    
|uhtml|bestof|Game 1 of a best-of-3
|t:|1784301720
|gametype|doubles
|player|p1|dogecoine|workerice|1060
|player|p2|FunkleVGC|fisherman-gen4|1040
|gen|9
|tier|[Gen 9 Champions] VGC 2026 Reg M-B (Bo3)
|rated|
|rule|Species Clause: Limit one of each Pokémon
|rule|Item Clause: Limit 1 of each item
|clearpoke
|poke|p1|Ninetales-Alola, L50, M|
|poke|p1|Mawile, L50, F|
|poke|p1|Gengar, L50, M|
|poke|p1|Lycanroc-Dusk, L50, M|
|poke|p1|Empoleon, L50, M, shiny|
|poke|p1|Clefable, L50, M, shiny|
|poke|p2|Froslass, L50, F, shiny|
|poke|p2|Scovillain, L50, F, shiny|
|poke|p2|Lycanroc-Dusk, L50, M, shiny|
|poke|p2|Kingambit, L50, F, shiny|
|poke|p2|Basculegion, L50, M, shiny|
|poke|p2|Sneasler, L50, M, shiny|
|teampreview|4
|showteam|p1|Ninetales-Alola||NeverMeltIce|SnowWarning|AuroraVeil,Blizzard,FreezeDry,Protect|Timid||M|||50|]Mawile||Mawilite|Intimidate|PlayRough,BrickBreak,IronHead,SuckerPunch|Adamant||F|||50|]Gengar||FocusSash|CursedBody|SludgeBomb,ShadowBall,Psychic,Taunt|Timid||M|||50|]Lycanroc-Dusk||LifeOrb|ToughClaws|RockSlide,CloseCombat,Accelerock,PsychicFangs|Adamant||M|||50|]Empoleon||MetalCoat|Competitive|FlashCannon,Surf,VacuumWave,Protect|Modest||M|||50|]Clefable||SitrusBerry|Unaware|DazzlingGleam,FollowMe,HelpingHand,Flamethrower|Bold||M|||50|
|showteam|p2|Froslass||Froslassite|CursedBody|Blizzard,ShadowBall,AuroraVeil,Protect|Modest||F|||50|]Scovillain||Scovillainite|Moody|Flamethrower,GigaDrain,RagePowder,Protect|Bold||F|||50|]Lycanroc-Dusk||FocusSash|ToughClaws|RockSlide,CloseCombat,Accelerock,Protect|Adamant||M|||50|]Kingambit||LifeOrb|Defiant|KowtowCleave,SuckerPunch,SwordsDance,Protect|Adamant||F|||50|]Basculegion||SitrusBerry|Adaptability|WaveCrash,LastRespects,AquaJet,Protect|Adamant||M|||50|]Sneasler||WhiteHerb|Unburden|GunkShot,CloseCombat,FakeOut,Protect|Adamant||M|||50|
|inactive|Battle timer is ON: inactive players will automatically lose when time's up. (requested by dogecoine)
|inactive|FunkleVGC has 60 seconds left.
|
|t:|1784301836
|teamsize|p1|4
|teamsize|p2|4
|start
|switch|p1a: Empoleon|Empoleon, L50, M, shiny|100/100
|switch|p1b: Gengar|Gengar, L50, M|100/100
|switch|p2a: Kingambit|Kingambit, L50, F, shiny|100/100
|switch|p2b: Scovillain|Scovillain, L50, F, shiny|100/100
|turn|1
|inactive|FunkleVGC has 30 seconds left.
|inactive|FunkleVGC has 20 seconds left.
|inactive|FunkleVGC has 15 seconds left.
|
|t:|1784301881
|detailschange|p2b: Scovillain|Scovillain-Mega, L50, F, shiny
|-mega|p2b: Scovillain|Scovillain|Scovillainite
|move|p1a: Empoleon|Vacuum Wave|p2a: Kingambit
|-supereffective|p2a: Kingambit|2
|-damage|p2a: Kingambit|49/100
|move|p1b: Gengar|Sludge Bomb|p2b: Scovillain
|-supereffective|p2b: Scovillain|1
|-damage|p2b: Scovillain|0 fnt
|-status|p1b: Gengar|brn|[from] ability: Spicy Spray|[of] p2b: Scovillain
|faint|p2b: Scovillain
|move|p2a: Kingambit|Swords Dance|p2a: Kingambit
|-boost|p2a: Kingambit|atk|2
|
|-damage|p1b: Gengar|94/100 brn|[from] brn
|upkeep
|
|t:|1784301898
|switch|p2b: Basculegion|Basculegion, L50, M, shiny|100/100
|turn|2
|
|t:|1784301908
|move|p1a: Empoleon|Vacuum Wave|p2a: Kingambit
|-supereffective|p2a: Kingambit|2
|-damage|p2a: Kingambit|0 fnt
|faint|p2a: Kingambit
|move|p1b: Gengar|Shadow Ball|p2b: Basculegion
|-supereffective|p2b: Basculegion|1
|-damage|p2b: Basculegion|8/100
|-enditem|p2b: Basculegion|Sitrus Berry|[eat]
|-heal|p2b: Basculegion|33/100|[from] item: Sitrus Berry
|move|p2b: Basculegion|Last Respects|p1b: Gengar
|-supereffective|p1b: Gengar|1
|-damage|p1b: Gengar|0 fnt
|faint|p1b: Gengar
|
|upkeep
|
|t:|1784301929
|switch|p1b: Mawile|Mawile, L50, F|100/100
|switch|p2a: Sneasler|Sneasler, L50, M, shiny|100/100
|-ability|p1b: Mawile|Intimidate|boost
|-unboost|p2a: Sneasler|atk|1
|-unboost|p2b: Basculegion|atk|1
|-enditem|p2a: Sneasler|White Herb
|-clearnegativeboost|p2a: Sneasler|[silent]
|turn|3
|
|t:|1784301953
|switch|p1b: Lycanroc|Lycanroc-Dusk, L50, M|100/100
|move|p1a: Empoleon|Protect|p1a: Empoleon
|-singleturn|p1a: Empoleon|Protect
|move|p2a: Sneasler|Close Combat|p1a: Empoleon
|-activate|p1a: Empoleon|move: Protect
|move|p2b: Basculegion|Last Respects|p1b: Lycanroc
|-damage|p1b: Lycanroc|0 fnt
|faint|p1b: Lycanroc
|
|upkeep
|
|t:|1784301963
|switch|p1b: Mawile|Mawile, L50, F|100/100
|-ability|p1b: Mawile|Intimidate|boost
|-unboost|p2a: Sneasler|atk|1
|-unboost|p2b: Basculegion|atk|1
|turn|4
|inactive|dogecoine has 30 seconds left.
|
|t:|1784301990
|detailschange|p1b: Mawile|Mawile-Mega, L50, F
|-mega|p1b: Mawile|Mawile|Mawilite
|move|p2b: Basculegion|Protect|p2b: Basculegion
|-singleturn|p2b: Basculegion|Protect
|move|p1b: Mawile|Sucker Punch||[still]
|-fail|p1b: Mawile
|move|p2a: Sneasler|Close Combat|p1a: Empoleon
|-supereffective|p1a: Empoleon|1
|-damage|p1a: Empoleon|27/100
|-unboost|p2a: Sneasler|def|1
|-unboost|p2a: Sneasler|spd|1
|move|p1a: Empoleon|Flash Cannon|p2a: Sneasler
|-damage|p2a: Sneasler|13/100
|
|upkeep
|turn|5
|-message|FunkleVGC forfeited.
|
|win|dogecoine
