|j|鈽唌inecraftaviral
|j|鈽咲ecimi
|html|minecraftaviralDecimi    
|uhtml|bestof|Game 1 of a best-of-3
|t:|1785424367
|gametype|doubles
|player|p1|minecraftaviral|170|
|player|p2|Decimi|miku-flying|
|gen|9
|tier|[Gen 9 Champions] VGC 2026 Reg M-B (Bo3)
|rule|Species Clause: Limit one of each Pok茅mon
|rule|Item Clause: Limit 1 of each item
|clearpoke
|poke|p1|Malamar, L50, M|
|poke|p1|Maushold, L50|
|poke|p1|Mawile, L50, F|
|poke|p1|Sinistcha, L50|
|poke|p1|Whimsicott, L50, M|
|poke|p1|Incineroar, L50, M|
|poke|p2|Delphox, L50, M, shiny|
|poke|p2|Incineroar, L50, F, shiny|
|poke|p2|Sinistcha-Masterpiece, L50, shiny|
|poke|p2|Sableye, L50, M, shiny|
|poke|p2|Archaludon, L50, F, shiny|
|poke|p2|Swampert, L50, M, shiny|
|teampreview|4
|showteam|p1|Malamar||Malamarite|Contrary|Superpower,KnockOff,TrickRoom,Protect|Adamant||M|||50|]Maushold||WideLens|Technician|PopulationBomb,FollowMe,Feint,Protect|Jolly|||||50|]Mawile||Mawilite|HyperCutter|PlayRough,RockSlide,SuckerPunch,Protect|Brave||F|||50|]Sinistcha||ColburBerry|Hospitality|MatchaGotcha,LifeDew,RagePowder,Protect|Calm|||||50|]Whimsicott||FocusSash|Prankster|Moonblast,Tailwind,Charm,FakeTears|Modest||M|||50|]Incineroar||LifeOrb|Intimidate|FlareBlitz,DarkestLariat,PartingShot,FakeOut|Brave||M|||50|
|showteam|p2|Delphox||Delphoxite|Blaze|HeatWave,Psychic,Protect,DazzlingGleam|Timid||M|||50|]Incineroar||ExpertBelt|Intimidate|FlareBlitz,DarkestLariat,PartingShot,FakeOut|Adamant||F|||50|]Sinistcha-Masterpiece||SitrusBerry|Hospitality|MatchaGotcha,ShadowBall,LifeDew,RagePowder|Modest|||||50|]Sableye||LightClay|Prankster|SunnyDay,LightScreen,Reflect,RainDance|Calm||M|||50|]Archaludon||Leftovers|Stamina|ElectroShot,FlashCannon,DragonPulse,AuraSphere|Modest||F|||50|]Swampert||Swampertite|Torrent|IcePunch,WaveCrash,Protect,HighHorsepower|Adamant||M|||50|
|inactive|Battle timer is ON: inactive players will automatically lose when time's up. (requested by Decimi)
|j| boicer
|c| boicer|馃憖
|inactiveoff|Battle timer is now OFF.
|j| silas_nc
|c| boicer|yay mawile
|c| boicer|i love mawile
|c| silas_nc|( 汀掳 蜏蕱 汀掳)
|c|鈽唌inecraftaviral|uhmm
|c|鈽咲ecimi|hi
|c|鈽唌inecraftaviral|hi
|c|鈽咲ecimi|I wonder what lead I鈥檓 gonna pick
|c|鈽唌inecraftaviral|samee
|
|t:|1785424495
|teamsize|p1|4
|teamsize|p2|4
|start
|switch|p1a: Malamar|Malamar, L50, M|100/100
|switch|p1b: Whimsicott|Whimsicott, L50, M|100/100
|switch|p2a: Distress|Sableye, L50, M, shiny|100/100
|switch|p2b: Blue Blood|Archaludon, L50, F, shiny|100/100
|turn|1
|c| boicer|kosas team looks so scary compared to mogus'
|
|t:|1785424528
|switch|p2b: Flower Rhythm|Sinistcha-Masterpiece, L50, shiny|100/100
|move|p1a: Malamar|Protect|p1a: Malamar
|-singleturn|p1a: Malamar|Protect
|move|p1b: Whimsicott|Tailwind|p1b: Whimsicott
|-sidestart|p1: minecraftaviral|move: Tailwind
|move|p2a: Distress|Reflect|p2a: Distress
|-sidestart|p2: Decimi|Reflect
|
|upkeep
|turn|2
|
|t:|1785424545
|switch|p2b: Virtual Angel|Swampert, L50, M, shiny|100/100
|detailschange|p1a: Malamar|Malamar-Mega, L50, M
|-mega|p1a: Malamar|Malamar|Malamarite
|move|p1b: Whimsicott|Charm|p1a: Malamar
|-boost|p1a: Malamar|atk|2
|move|p2a: Distress|Rain Dance|p2a: Distress
|-weather|RainDance
|move|p1a: Malamar|Knock Off|p2b: Virtual Angel
|-damage|p2b: Virtual Angel|56/100
|
|-weather|RainDance|[upkeep]
|upkeep
|turn|3
|c| boicer|gulp
|
|t:|1785424567
|switch|p1b: Incineroar|Incineroar, L50, M|100/100
|-ability|p1b: Incineroar|Intimidate|boost
|-unboost|p2a: Distress|atk|1
|-unboost|p2b: Virtual Angel|atk|1
|switch|p2a: Flower Rhythm|Sinistcha-Masterpiece, L50, shiny|100/100
|-heal|p2b: Virtual Angel|81/100|[from] ability: Hospitality|[of] p2a: Flower Rhythm
|detailschange|p2b: Virtual Angel|Swampert-Mega, L50, M, shiny
|-mega|p2b: Virtual Angel|Swampert|Swampertite
|move|p1a: Malamar|Protect|p1a: Malamar
|-singleturn|p1a: Malamar|Protect
|move|p2b: Virtual Angel|Wave Crash|p1a: Malamar
|-activate|p1a: Malamar|move: Protect
|
|-weather|RainDance|[upkeep]
|upkeep
|turn|4
|
|t:|1785424601
|switch|p2a: Distress|Sableye, L50, M, shiny|100/100
|move|p1b: Incineroar|Fake Out|p2b: Virtual Angel
|-damage|p2b: Virtual Angel|70/100
|-damage|p1b: Incineroar|90/100|[from] item: Life Orb
|cant|p2b: Virtual Angel|flinch
|move|p1a: Malamar|Knock Off|p2a: Distress
|-damage|p2a: Distress|10/100
|-enditem|p2a: Distress|Light Clay|[from] move: Knock Off|[of] p1a: Malamar
|
|-weather|RainDance|[upkeep]
|-sideend|p1: minecraftaviral|move: Tailwind
|upkeep
|turn|5
|
|t:|1785424625
|switch|p1b: Whimsicott|Whimsicott, L50, M|100/100
|switch|p2a: Flower Rhythm|Sinistcha-Masterpiece, L50, shiny|100/100
|-heal|p2b: Virtual Angel|95/100|[from] ability: Hospitality|[of] p2a: Flower Rhythm
|move|p2b: Virtual Angel|Wave Crash|p1b: Whimsicott
|-resisted|p1b: Whimsicott|1
|-damage|p1b: Whimsicott|52/100
|-damage|p2b: Virtual Angel|80/100|[from] Recoil
|move|p1a: Malamar|Trick Room|p1a: Malamar
|-fieldstart|move: Trick Room|[of] p1a: Malamar
|
|-weather|RainDance|[upkeep]
|upkeep
|turn|6
|
|t:|1785424658
|switch|p2a: Blue Blood|Archaludon, L50, F, shiny|100/100
|switch|p1b: Incineroar|Incineroar, L50, M|90/100
|-ability|p1b: Incineroar|Intimidate|boost
|-unboost|p2a: Blue Blood|atk|1
|-unboost|p2b: Virtual Angel|atk|1
|move|p2b: Virtual Angel|Protect|p2b: Virtual Angel
|-singleturn|p2b: Virtual Angel|Protect
|move|p1a: Malamar|Knock Off|p2a: Blue Blood
|-damage|p2a: Blue Blood|53/100
|-ability|p2a: Blue Blood|Stamina|boost
|-boost|p2a: Blue Blood|def|1
|-enditem|p2a: Blue Blood|Leftovers|[from] move: Knock Off|[of] p1a: Malamar
|
|-weather|none
|upkeep
|turn|7
|j| spek70
|
|t:|1785424693
|switch|p2b: Flower Rhythm|Sinistcha-Masterpiece, L50, shiny|100/100
|-heal|p2a: Blue Blood|78/100|[from] ability: Hospitality|[of] p2b: Flower Rhythm
|move|p1b: Incineroar|Parting Shot|p1a: Malamar
|-boost|p1a: Malamar|atk|1
|-boost|p1a: Malamar|spa|1
|
|t:|1785424703
|switch|p1b: Whimsicott|Whimsicott, L50, M|52/100|[from] Parting Shot
|move|p2a: Blue Blood|Dragon Pulse|p1a: Malamar
|-damage|p1a: Malamar|60/100
|move|p1a: Malamar|Superpower|p2a: Blue Blood
|-supereffective|p2a: Blue Blood|1
|-damage|p2a: Blue Blood|20/100y
|-boost|p1a: Malamar|atk|1
|-boost|p1a: Malamar|def|1
|-ability|p2a: Blue Blood|Stamina|boost
|-boost|p2a: Blue Blood|def|1
|
|upkeep
|turn|8
|
|t:|1785424740
|move|p2b: Flower Rhythm|Rage Powder|p2b: Flower Rhythm
|-singleturn|p2b: Flower Rhythm|move: Rage Powder
|move|p1b: Whimsicott|Fake Tears|p1a: Malamar
|-boost|p1a: Malamar|spd|2
|move|p2a: Blue Blood|Flash Cannon|p1b: Whimsicott
|-supereffective|p1b: Whimsicott|1
|-damage|p1b: Whimsicott|0 fnt
|faint|p1b: Whimsicott
|move|p1a: Malamar|Knock Off|p2b: Flower Rhythm
|-supereffective|p2b: Flower Rhythm|1
|-damage|p2b: Flower Rhythm|0 fnt
|-enditem|p2b: Flower Rhythm|Sitrus Berry|[from] move: Knock Off|[of] p1a: Malamar
|faint|p2b: Flower Rhythm
|
|-sideend|p2: Decimi|Reflect
|upkeep
|
|t:|1785424756
|switch|p2b: Distress|Sableye, L50, M, shiny|10/100
|switch|p1b: Incineroar|Incineroar, L50, M|90/100
|-ability|p1b: Incineroar|Intimidate|boost
|-unboost|p2a: Blue Blood|atk|1
|-unboost|p2b: Distress|atk|1
|turn|9
|c| boicer|holy fuckin malamar
|c|鈽唌inecraftaviral|thats why hes the goat
|l| boicer
|c|鈽咲ecimi|well this is a bad look
|j| boicer
|
|t:|1785424799
|move|p2b: Distress|Rain Dance|p2b: Distress
|-weather|RainDance
|move|p1b: Incineroar|Darkest Lariat|p2a: Blue Blood
|-damage|p2a: Blue Blood|0 fnt
|faint|p2a: Blue Blood
|-damage|p1b: Incineroar|80/100|[from] item: Life Orb
|move|p1a: Malamar|Knock Off|p2b: Distress
|-damage|p2b: Distress|0 fnt
|faint|p2b: Distress
|
|-weather|RainDance|[upkeep]
|-fieldend|move: Trick Room
|upkeep
|c| boicer|why is malamars sprite bugged
|c|鈽唌inecraftaviral|idk
|
|t:|1785424810
|switch|p2b: Virtual Angel|Swampert-Mega, L50, M, shiny|80/100
|turn|10
|
|t:|1785424819
|switch|p1b: Maushold|Maushold, L50|100/100
|move|p2b: Virtual Angel|Protect|p2b: Virtual Angel
|-singleturn|p2b: Virtual Angel|Protect
|move|p1a: Malamar|Protect||[still]
|-fail|p1a: Malamar
|
|-weather|RainDance|[upkeep]
|upkeep
|turn|11
|c| boicer|that malamar is genuinely a boss fight
|c|鈽唌inecraftaviral|hmm
|c|鈽唌inecraftaviral|im kinda confused
|c|鈽唌inecraftaviral|my protect failed right?
|c|鈽咲ecimi|yuh
|
|t:|1785424854
|move|p1b: Maushold|Follow Me|p1b: Maushold
|-singleturn|p1b: Maushold|move: Follow Me
|move|p2b: Virtual Angel|Wave Crash|p1b: Maushold
|-damage|p1b: Maushold|0 fnt
|faint|p1b: Maushold
|-damage|p2b: Virtual Angel|52/100|[from] Recoil
|move|p1a: Malamar|Superpower|p2b: Virtual Angel
|-crit|p2b: Virtual Angel
|-damage|p2b: Virtual Angel|0 fnt
|-boost|p1a: Malamar|atk|1
|-boost|p1a: Malamar|def|1
|faint|p2b: Virtual Angel
|
|win|minecraftaviral
|c| boicer|whyd it failm actually
|c|鈽咲ecimi|Well
|c|鈽咲ecimi|I predicted that
|inactive|minecraftaviral has 30 seconds to confirm battle start!
|inactive|Decimi has 30 seconds to confirm battle start!
