|j|☆Mythicallegand
|j|☆x-3 demon
|html|Mythicallegandx-3 demon    
|uhtml|bestof|Game 2 of a best-of-3
|t:|1756772236
|gametype|doubles
|player|p1|Mythicallegand|iris|1145
|player|p2|x-3 demon|boarder-gen2|1170
|gen|9
|tier|[Gen 9] VGC 2025 Reg H (Bo3)
|rated|
|rule|Species Clause: Limit one of each Pokémon
|rule|Item Clause: Limit 1 of each item
|clearpoke
|poke|p1|Typhlosion-Hisui, L50, M|
|poke|p1|Garchomp, L50, M|
|poke|p1|Whimsicott, L50, F|
|poke|p1|Farigiraf, L50, F|
|poke|p1|Archaludon, L50, F|
|poke|p1|Talonflame, L50, M|
|poke|p2|Dragonite, L50, F|
|poke|p2|Sinistcha, L50|
|poke|p2|Ursaluna, L50, F|
|poke|p2|Gholdengo, L50|
|poke|p2|Incineroar, L50, M|
|poke|p2|Ninetales-Alola, L50, F|
|teampreview|4
|showteam|p1|Typhlosion-Hisui||ChoiceSpecs|Blaze|Eruption,ShadowBall,Overheat,HeatWave|||M|||50|,,,,,Grass]Garchomp||ClearAmulet|RoughSkin|StompingTantrum,Earthquake,Protect,DragonClaw|||M|||50|,,,,,Ground]Whimsicott||FocusSash|Prankster|Tailwind,Moonblast,Encore,FakeTears|||F|||50|,,,,,Ghost]Farigiraf||ThroatSpray|ArmorTail|Psychic,HyperVoice,TrickRoom,Imprison|||F|||50|,,,,,Fairy]Archaludon||PowerHerb|Sturdy|ElectroShot,Protect,FlashCannon,DragonPulse|||F|||50|,,,,,Fairy]Talonflame||ChoiceBand|GaleWings|DualWingbeat,BraveBird,Uturn,TemperFlare|||M|||50|,,,,,Ghost
|showteam|p2|Dragonite||LoadedDice|Multiscale|ScaleShot,Haze,Tailwind,Protect|||F|||50|,,,,,Fairy]Sinistcha||SitrusBerry|Hospitality|MatchaGotcha,LifeDew,RagePowder,TrickRoom||||||50|,,,,,Water]Ursaluna||FlameOrb|Guts|HeadlongRush,Earthquake,Facade,Protect|||F|||50|,,,,,Ghost]Gholdengo||LifeOrb|GoodasGold|MakeItRain,ShadowBall,NastyPlot,Protect||||||50|,,,,,Water]Incineroar||AssaultVest|Intimidate|FlareBlitz,KnockOff,FakeOut,Uturn|||M|||50|,,,,,Grass]Ninetales-Alola||FocusSash|SnowWarning|IcyWind,FreezeDry,Encore,AuroraVeil|||F|||50|,,,,,Ghost
|
|t:|1756772259
|teamsize|p1|4
|teamsize|p2|4
|start
|switch|p1a: Typhlosion|Typhlosion-Hisui, L50, M|100/100
|switch|p1b: Whimsicott|Whimsicott, L50, F|100/100
|switch|p2a: Sinistcha|Sinistcha, L50|100/100
|switch|p2b: Incineroar|Incineroar, L50, M|100/100
|-ability|p2b: Incineroar|Intimidate|boost
|-unboost|p1a: Typhlosion|atk|1
|-unboost|p1b: Whimsicott|atk|1
|turn|1
|
|t:|1756772287
|-terastallize|p1a: Typhlosion|Grass
|-terastallize|p2a: Sinistcha|Water
|move|p1b: Whimsicott|Fake Tears|p2a: Sinistcha
|-unboost|p2a: Sinistcha|spd|2
|move|p1a: Typhlosion|Shadow Ball|p2a: Sinistcha
|-crit|p2a: Sinistcha
|-damage|p2a: Sinistcha|0 fnt
|faint|p2a: Sinistcha
|move|p2b: Incineroar|U-turn|p1b: Whimsicott
|-damage|p1b: Whimsicott|69/100
|
|t:|1756772298
|switch|p2b: Dragonite|Dragonite, L50, F|100/100|[from] U-turn
|
|upkeep
|
|t:|1756772307
|switch|p2a: Incineroar|Incineroar, L50, M|100/100
|-ability|p2a: Incineroar|Intimidate|boost
|-unboost|p1a: Typhlosion|atk|1
|-unboost|p1b: Whimsicott|atk|1
|turn|2
|
|t:|1756772317
|switch|p1a: Farigiraf|Farigiraf, L50, F|100/100
|move|p2b: Dragonite|Protect|p2b: Dragonite
|-singleturn|p2b: Dragonite|Protect
|move|p1b: Whimsicott|Fake Tears|p2b: Dragonite
|-activate|p2b: Dragonite|move: Protect
|move|p2a: Incineroar|Flare Blitz|p1b: Whimsicott
|-supereffective|p1b: Whimsicott
|-damage|p1b: Whimsicott|0 fnt
|faint|p1b: Whimsicott
|-damage|p2a: Incineroar|84/100|[from] Recoil
|
|upkeep
|
|t:|1756772332
|switch|p1b: Archaludon|Archaludon, L50, F|100/100
|turn|3
|
|t:|1756772358
|move|p1b: Archaludon|Electro Shot||[still]
|-prepare|p1b: Archaludon|Electro Shot
|-boost|p1b: Archaludon|spa|1
|-enditem|p1b: Archaludon|Power Herb
|-anim|p1b: Archaludon|Electro Shot|p2a: Incineroar
|-damage|p2a: Incineroar|45/100
|move|p2b: Dragonite|Scale Shot|p1a: Farigiraf
|-damage|p1a: Farigiraf|87/100
|-damage|p1a: Farigiraf|74/100
|-damage|p1a: Farigiraf|60/100
|-damage|p1a: Farigiraf|46/100
|-damage|p1a: Farigiraf|33/100
|-hitcount|p1a: Farigiraf|5
|-unboost|p2b: Dragonite|def|1
|-boost|p2b: Dragonite|spe|1
|move|p2a: Incineroar|U-turn|p1a: Farigiraf
|-supereffective|p1a: Farigiraf
|-damage|p1a: Farigiraf|0 fnt
|faint|p1a: Farigiraf
|
|t:|1756772375
|switch|p2a: Ursaluna|Ursaluna, L50, F, shiny|100/100|[from] U-turn
|
|-status|p2a: Ursaluna|brn|[from] item: Flame Orb
|upkeep
|
|t:|1756772379
|switch|p1a: Typhlosion|Typhlosion-Hisui, L50, M, tera:Grass|100/100
|turn|4
|
|t:|1756772412
|move|p2b: Dragonite|Tailwind|p2b: Dragonite
|-sidestart|p2: x-3 demon|move: Tailwind
|move|p2a: Ursaluna|Facade|p1a: Typhlosion
|-damage|p1a: Typhlosion|0 fnt
|faint|p1a: Typhlosion
|move|p1b: Archaludon|Dragon Pulse|p2a: Ursaluna
|-damage|p2a: Ursaluna|29/100 brn
|
|-damage|p2a: Ursaluna|24/100 brn|[from] brn
|upkeep
|turn|5
|-message|Mythicallegand forfeited.
|
|win|x-3 demon
|l|☆Mythicallegand
|player|p1|
|j|☆Mythicallegand
|player|p1|Mythicallegand|iris|
||x-3 demon is ready for game 3.
||Mythicallegand is ready for game 3.
|uhtml|next|Next: Game 3 of 3
|l|☆Mythicallegand
|player|p1|
