|j|☆Maffles
|j|☆CaratroncoSun
|html|MafflesCaratroncoSun    
|uhtml|bestof|Game 2 of a best-of-3
|t:|1784127645
|gametype|doubles
|player|p1|Maffles|2|1363
|player|p2|CaratroncoSun|juan|1269
|gen|9
|tier|[Gen 9 Champions] VGC 2026 Reg M-B (Bo3)
|rated|
|rule|Species Clause: Limit one of each Pokémon
|rule|Item Clause: Limit 1 of each item
|clearpoke
|poke|p1|Glimmora, L50, F|
|poke|p1|Houndstone, L50, F|
|poke|p1|Tyranitar, L50, F|
|poke|p1|Kommo-o, L50, F|
|poke|p1|Farigiraf, L50, M|
|poke|p1|Orthworm, L50, F|
|poke|p2|Charizard, L50, F, shiny|
|poke|p2|Venusaur, L50, F, shiny|
|poke|p2|Whimsicott, L50, F, shiny|
|poke|p2|Basculegion, L50, M|
|poke|p2|Tyranitar, L50, M|
|poke|p2|Mamoswine, L50, F|
|teampreview|4
|showteam|p1|Glimmora||Glimmoranite|ToxicDebris|PowerGem,SludgeWave,EarthPower,SpikyShield|Timid||F|||50|]Houndstone||LifeOrb|SandRush|LastRespects,BodyPress,WillOWisp,Protect|Adamant||F|||50|]Tyranitar||Tyranitarite|SandStream|KnockOff,RockSlide,DragonDance,Protect|Adamant||F|||50|]Kommo-o||ExpertBelt|Overcoat|ClangingScales,AuraSphere,FlashCannon,Protect|Timid||F|||50|]Farigiraf||ColburBerry|ArmorTail|TwinBeam,Roar,TrickRoom,AllySwitch|Sassy||M|||50|]Orthworm||SitrusBerry|EarthEater|HeavySlam,StompingTantrum,ShedTail,Protect|Sassy||F|||50|
|showteam|p2|Charizard||CharizarditeY|Blaze|Protect,SolarBeam,HeatWave,AirSlash|Modest||F|||50|]Venusaur||WideLens|Chlorophyll|Protect,GigaDrain,EarthPower,SleepPowder|Modest||F|||50|]Whimsicott||FocusSash|Prankster|Protect,Moonblast,Tailwind,Encore|Timid||F|||50|]Basculegion||MysticWater|Adaptability|Protect,AquaJet,WaveCrash,LastRespects|Adamant||M|||50|]Tyranitar||Tyranitarite|SandStream|Protect,RockSlide,KnockOff,LowKick|Adamant||M|||50|]Mamoswine||LifeOrb|Oblivious|Protect,HighHorsepower,StoneEdge,IceShard|Adamant||F|||50|
|
|t:|1784127658
|teamsize|p1|4
|teamsize|p2|4
|start
|switch|p1a: Kommo-o|Kommo-o, L50, F|100/100
|switch|p1b: Tyranitar|Tyranitar, L50, F|100/100
|switch|p2a: Whimsicott|Whimsicott, L50, F, shiny|100/100
|switch|p2b: Mamoswine|Mamoswine, L50, F|100/100
|-weather|Sandstorm|[from] ability: Sand Stream|[of] p1b: Tyranitar
|turn|1
|
|t:|1784127670
|switch|p1b: Orthworm|Orthworm, L50, F|100/100
|move|p2a: Whimsicott|Moonblast|p1a: Kommo-o
|-supereffective|p1a: Kommo-o|2
|-damage|p1a: Kommo-o|0 fnt
|faint|p1a: Kommo-o
|move|p2b: Mamoswine|High Horsepower|p1b: Orthworm
|-immune|p1b: Orthworm|[from] ability: Earth Eater
|
|-weather|Sandstorm|[upkeep]
|-damage|p2a: Whimsicott|94/100|[from] Sandstorm
|upkeep
|
|t:|1784127678
|switch|p1a: Houndstone|Houndstone, L50, F|100/100
|turn|2
|
|t:|1784127698
|move|p2a: Whimsicott|Tailwind|p2a: Whimsicott
|-sidestart|p2: CaratroncoSun|move: Tailwind
|move|p2b: Mamoswine|High Horsepower|p1a: Houndstone
|-damage|p1a: Houndstone|20/100y
|-damage|p2b: Mamoswine|90/100|[from] item: Life Orb
|move|p1a: Houndstone|Last Respects|p2b: Mamoswine
|-damage|p2b: Mamoswine|19/100
|-damage|p1a: Houndstone|10/100|[from] item: Life Orb
|move|p1b: Orthworm|Heavy Slam|p2a: Whimsicott
|-supereffective|p2a: Whimsicott|1
|-damage|p2a: Whimsicott|0 fnt
|faint|p2a: Whimsicott
|
|-weather|Sandstorm|[upkeep]
|upkeep
|
|t:|1784127714
|switch|p2a: Charizard|Charizard, L50, F, shiny|100/100
|turn|3
|
|t:|1784127733
|move|p1a: Houndstone|Protect|p1a: Houndstone
|-singleturn|p1a: Houndstone|Protect
|move|p2b: Mamoswine|Ice Shard|p1a: Houndstone
|-activate|p1a: Houndstone|move: Protect
|move|p2a: Charizard|Heat Wave|p1a: Houndstone|[spread] p1b
|-activate|p1a: Houndstone|move: Protect
|-supereffective|p1b: Orthworm|1
|-damage|p1b: Orthworm|34/100
|-enditem|p1b: Orthworm|Sitrus Berry|[eat]
|-heal|p1b: Orthworm|59/100|[from] item: Sitrus Berry
|move|p1b: Orthworm|Stomping Tantrum|p2b: Mamoswine
|-damage|p2b: Mamoswine|0 fnt
|faint|p2b: Mamoswine
|
|-weather|Sandstorm|[upkeep]
|-damage|p2a: Charizard|94/100|[from] Sandstorm
|upkeep
|
|t:|1784127750
|switch|p2b: Venusaur|Venusaur, L50, F, shiny|100/100
|turn|4
|
|t:|1784127760
|switch|p1a: Tyranitar|Tyranitar, L50, F|100/100
|move|p2a: Charizard|Heat Wave|p1b: Orthworm|[spread] p1b
|-miss|p2a: Charizard|p1a: Tyranitar
|-supereffective|p1b: Orthworm|1
|-damage|p1b: Orthworm|0 fnt
|faint|p1b: Orthworm
|move|p2b: Venusaur|Giga Drain|p1a: Tyranitar
|-supereffective|p1a: Tyranitar|1
|-crit|p1a: Tyranitar
|-damage|p1a: Tyranitar|38/100
|
|-weather|Sandstorm|[upkeep]
|-damage|p2a: Charizard|88/100|[from] Sandstorm
|-damage|p2b: Venusaur|93/100|[from] Sandstorm
|upkeep
|
|t:|1784127766
|switch|p1b: Houndstone|Houndstone, L50, F|10/100
|turn|5
|
|t:|1784127794
|move|p1b: Houndstone|Protect|p1b: Houndstone
|-singleturn|p1b: Houndstone|Protect
|move|p1a: Tyranitar|Protect|p1a: Tyranitar
|-singleturn|p1a: Tyranitar|Protect
|move|p2a: Charizard|Air Slash|p1b: Houndstone
|-activate|p1b: Houndstone|move: Protect
|move|p2b: Venusaur|Giga Drain|p1a: Tyranitar
|-activate|p1a: Tyranitar|move: Protect
|
|-weather|none
|-sideend|p2: CaratroncoSun|move: Tailwind
|upkeep
|turn|6
|
|t:|1784127810
|detailschange|p1a: Tyranitar|Tyranitar-Mega, L50, F
|-mega|p1a: Tyranitar|Tyranitar|Tyranitarite
|-weather|Sandstorm|[from] ability: Sand Stream|[of] p1a: Tyranitar
|move|p2a: Charizard|Protect|p2a: Charizard
|-singleturn|p2a: Charizard|Protect
|move|p2b: Venusaur|Protect|p2b: Venusaur
|-singleturn|p2b: Venusaur|Protect
|move|p1b: Houndstone|Last Respects|p2a: Charizard
|-activate|p2a: Charizard|move: Protect
|move|p1a: Tyranitar|Rock Slide|p2a: Charizard|[spread] 
|-activate|p2a: Charizard|move: Protect
|-activate|p2b: Venusaur|move: Protect
|
|-weather|Sandstorm|[upkeep]
|-damage|p2a: Charizard|82/100|[from] Sandstorm
|-damage|p2b: Venusaur|87/100|[from] Sandstorm
|upkeep
|turn|7
|-message|Maffles forfeited.
|
|win|CaratroncoSun
|raw|Maffles's rating: 1363 → 1338(-25 for losing)
|raw|CaratroncoSun's rating: 1269 → 1301(+32 for winning)
