|j|☆NoitUK_VGC
|j|☆tmmc01
|html|NoitUK_VGCtmmc01    
|uhtml|bestof|Game 2 of a best-of-3
|t:|1784834736
|gametype|doubles
|player|p1|NoitUK_VGC|102|1152
|player|p2|tmmc01|artist|1150
|gen|9
|tier|[Gen 9 Champions] VGC 2026 Reg M-B (Bo3)
|rated|
|rule|Species Clause: Limit one of each Pokémon
|rule|Item Clause: Limit 1 of each item
|clearpoke
|poke|p1|Gengar, L50, F|
|poke|p1|Ninetales-Alola, L50, F|
|poke|p1|Incineroar, L50, F|
|poke|p1|Kingambit, L50, F|
|poke|p1|Staraptor, L50, F|
|poke|p1|Garchomp, L50, F|
|poke|p2|Aromatisse, L50, F|
|poke|p2|Farigiraf, L50, F|
|poke|p2|Toxapex, L50, M|
|poke|p2|Sinistcha, L50|
|poke|p2|Blaziken, L50, M|
|poke|p2|Kingambit, L50, M|
|teampreview|4
|showteam|p1|Gengar||Gengarite|CursedBody|ShadowBall,SludgeBomb,Protect,PerishSong|Timid||F|||50|]Ninetales-Alola||NeverMeltIce|SnowWarning|Blizzard,Encore,Protect,Disable|Timid||F|||50|]Incineroar||SitrusBerry|Intimidate|FlareBlitz,PartingShot,Protect,FakeOut|Relaxed||F|||50|]Kingambit||BlackGlasses|Defiant|KowtowCleave,SuckerPunch,Protect,LowKick|Adamant||F|||50|]Staraptor||ChoiceScarf|Intimidate|FinalGambit,CloseCombat,BraveBird,Uturn|Jolly||F|||50|]Garchomp||LifeOrb|RoughSkin|Protect,RockSlide,StompingTantrum,DragonClaw|Adamant||F|||50|
|showteam|p2|Aromatisse||SitrusBerry|AromaVeil|TrickRoom,FakeTears,Reflect,LightScreen|Relaxed||F|||50|]Farigiraf||ColburBerry|ArmorTail|NastyPlot,TrickRoom,TwinBeam,Thunderbolt|Modest||F|||50|]Toxapex||Leftovers|Regenerator|BanefulBunker,Toxic,Infestation,WideGuard|Sassy||M|||50|]Sinistcha||KasibBerry|Hospitality|RagePowder,MatchaGotcha,LifeDew,Protect|Calm|||||50|]Blaziken||Blazikenite|SpeedBoost|SwordsDance,Protect,CloseCombat,FlareBlitz|Adamant||M|||50|]Kingambit||BlackGlasses|Defiant|SwordsDance,Protect,KowtowCleave,SuckerPunch|Brave||M|||50|
|inactive|Battle timer is ON: inactive players will automatically lose when time's up. (requested by NoitUK_VGC)
|
|t:|1784834771
|teamsize|p1|4
|teamsize|p2|4
|start
|switch|p1a: Gengar|Gengar, L50, F|100/100
|switch|p1b: Staraptor|Staraptor, L50, F|100/100
|switch|p2a: Blaziken|Blaziken, L50, M|100/100
|switch|p2b: Kingambit|Kingambit, L50, M|100/100
|-ability|p1b: Staraptor|Intimidate|boost
|-unboost|p2a: Blaziken|atk|1
|-unboost|p2b: Kingambit|atk|1
|-ability|p2b: Kingambit|Defiant|boost
|-boost|p2b: Kingambit|atk|2
|turn|1
|
|t:|1784834793
|switch|p2a: Sinistcha|Sinistcha, L50|100/100
|switch|p2b: Farigiraf|Farigiraf, L50, F|100/100
|detailschange|p1a: Gengar|Gengar-Mega, L50, F
|-mega|p1a: Gengar|Gengar|Gengarite
|move|p1a: Gengar|Protect|p1a: Gengar
|-singleturn|p1a: Gengar|Protect
|move|p1b: Staraptor|Final Gambit|p2a: Sinistcha
|-immune|p2a: Sinistcha
|
|upkeep
|turn|2
|
|t:|1784834809
|switch|p1b: Kingambit|Kingambit, L50, F|100/100
|move|p2a: Sinistcha|Rage Powder|p2a: Sinistcha
|-singleturn|p2a: Sinistcha|move: Rage Powder
|move|p1a: Gengar|Perish Song|p1a: Gengar
|-start|p1a: Gengar|perish3|[silent]
|-start|p1b: Kingambit|perish3|[silent]
|-start|p2a: Sinistcha|perish3|[silent]
|-start|p2b: Farigiraf|perish3|[silent]
|-fieldactivate|move: Perish Song
|move|p2b: Farigiraf|Nasty Plot|p2b: Farigiraf
|-boost|p2b: Farigiraf|spa|2
|
|-start|p1a: Gengar|perish3
|-start|p2b: Farigiraf|perish3
|-start|p2a: Sinistcha|perish3
|-start|p1b: Kingambit|perish3
|upkeep
|turn|3
|
|t:|1784834825
|move|p1a: Gengar|Protect|p1a: Gengar
|-singleturn|p1a: Gengar|Protect
|move|p1b: Kingambit|Protect|p1b: Kingambit
|-singleturn|p1b: Kingambit|Protect
|move|p2a: Sinistcha|Rage Powder|p2a: Sinistcha
|-singleturn|p2a: Sinistcha|move: Rage Powder
|move|p2b: Farigiraf|Nasty Plot|p2b: Farigiraf
|-boost|p2b: Farigiraf|spa|2
|
|-start|p1a: Gengar|perish2
|-start|p2b: Farigiraf|perish2
|-start|p2a: Sinistcha|perish2
|-start|p1b: Kingambit|perish2
|upkeep
|turn|4
|
|t:|1784834846
|switch|p1a: Incineroar|Incineroar, L50, F|100/100
|-ability|p1a: Incineroar|Intimidate|boost
|-unboost|p2a: Sinistcha|atk|1
|-unboost|p2b: Farigiraf|atk|1
|move|p2a: Sinistcha|Rage Powder|p2a: Sinistcha
|-singleturn|p2a: Sinistcha|move: Rage Powder
|move|p2b: Farigiraf|Twin Beam|p1a: Incineroar
|-immune|p1a: Incineroar
|move|p1b: Kingambit|Kowtow Cleave|p2a: Sinistcha
|-supereffective|p2a: Sinistcha|1
|-damage|p2a: Sinistcha|0 fnt
|faint|p2a: Sinistcha
|
|-start|p2b: Farigiraf|perish1
|-start|p1b: Kingambit|perish1
|upkeep
|
|t:|1784834852
|switch|p2a: Blaziken|Blaziken, L50, M|100/100
|turn|5
|
|t:|1784834869
|switch|p2b: Kingambit|Kingambit, L50, M|100/100
|switch|p1b: Staraptor|Staraptor, L50, F|100/100
|-ability|p1b: Staraptor|Intimidate|boost
|-unboost|p2a: Blaziken|atk|1
|-unboost|p2b: Kingambit|atk|1
|-ability|p2b: Kingambit|Defiant|boost
|-boost|p2b: Kingambit|atk|2
|detailschange|p2a: Blaziken|Blaziken-Mega, L50, M
|-mega|p2a: Blaziken|Blaziken|Blazikenite
|move|p2a: Blaziken|Swords Dance|p2a: Blaziken
|-boost|p2a: Blaziken|atk|2
|move|p1a: Incineroar|Parting Shot|p2a: Blaziken
|-unboost|p2a: Blaziken|atk|1
|-unboost|p2a: Blaziken|spa|1
|
|t:|1784834887
|switch|p1a: Kingambit|Kingambit, L50, F|100/100|[from] Parting Shot
|
|-ability|p2a: Blaziken|Speed Boost|boost
|-boost|p2a: Blaziken|spe|1
|upkeep
|turn|6
|inactive|NoitUK_VGC has 30 seconds left.
|
|t:|1784834914
|move|p2a: Blaziken|Protect|p2a: Blaziken
|-singleturn|p2a: Blaziken|Protect
|move|p1a: Kingambit|Protect|p1a: Kingambit
|-singleturn|p1a: Kingambit|Protect
|move|p2b: Kingambit|Protect|p2b: Kingambit
|-singleturn|p2b: Kingambit|Protect
|move|p1b: Staraptor|Brave Bird|p2a: Blaziken
|-activate|p2a: Blaziken|move: Protect
|
|-ability|p2a: Blaziken|Speed Boost|boost
|-boost|p2a: Blaziken|spe|1
|upkeep
|turn|7
|
|t:|1784834935
|switch|p1a: Gengar|Gengar-Mega, L50, F|100/100
|move|p2b: Kingambit|Sucker Punch|p1b: Staraptor
|-damage|p1b: Staraptor|6/100
|move|p2a: Blaziken|Close Combat|p1a: Gengar
|-immune|p1a: Gengar
|move|p1b: Staraptor|Brave Bird|p2a: Blaziken
|-supereffective|p2a: Blaziken|1
|-damage|p2a: Blaziken|0 fnt
|faint|p2a: Blaziken
|-damage|p1b: Staraptor|0 fnt|[from] Recoil
|faint|p1b: Staraptor
|
|upkeep
|
|t:|1784834948
|switch|p1b: Kingambit|Kingambit, L50, F|100/100
|switch|p2a: Farigiraf|Farigiraf, L50, F|100/100
|turn|8
|
|t:|1784834963
|move|p2b: Kingambit|Protect|p2b: Kingambit
|-singleturn|p2b: Kingambit|Protect
|move|p1a: Gengar|Perish Song|p1a: Gengar
|-start|p1a: Gengar|perish3|[silent]
|-start|p1b: Kingambit|perish3|[silent]
|-start|p2a: Farigiraf|perish3|[silent]
|-start|p2b: Kingambit|perish3|[silent]
|-fieldactivate|move: Perish Song
|move|p2a: Farigiraf|Nasty Plot|p2a: Farigiraf
|-boost|p2a: Farigiraf|spa|2
|move|p1b: Kingambit|Low Kick|p2b: Kingambit
|-activate|p2b: Kingambit|move: Protect
|
|-start|p1a: Gengar|perish3
|-start|p2a: Farigiraf|perish3
|-start|p1b: Kingambit|perish3
|-start|p2b: Kingambit|perish3
|upkeep
|turn|9
|-message|tmmc01 forfeited.
|raw|NoitUK_VGC's rating: 1152 → 1177(+25 for winning)
|raw|tmmc01's rating: 1150 → 1125(-25 for losing)
|
|win|NoitUK_VGC
|l|☆tmmc01
|player|p2|
