|j|☆fpahstkxkd
|j|☆mikelpoyarzabal
|html|fpahstkxkdmikelpoyarzabal    
|uhtml|bestof|Game 1 of a best-of-3
|t:|1785843651
|gametype|doubles
|player|p1|fpahstkxkd|170|1280
|player|p2|mikelpoyarzabal|arven-s|1335
|gen|9
|tier|[Gen 9 Champions] VGC 2026 Reg M-B (Bo3)
|rated|
|rule|Species Clause: Limit one of each Pokémon
|rule|Item Clause: Limit 1 of each item
|clearpoke
|poke|p1|Staraptor, L50, M|
|poke|p1|Garchomp, L50, M|
|poke|p1|Whimsicott, L50, M|
|poke|p1|Delphox, L50, M|
|poke|p1|Glimmora, L50, M|
|poke|p1|Kingambit, L50, M|
|poke|p2|Gengar, L50, M|
|poke|p2|Swampert, L50, M|
|poke|p2|Incineroar, L50, F|
|poke|p2|Politoed, L50, M|
|poke|p2|Archaludon, L50, M|
|poke|p2|Vivillon, L50, M|
|teampreview|4
|showteam|p1|Staraptor||Staraptite|Intimidate|Protect,Roost,CloseCombat,BraveBird|Jolly||M|||50|]Garchomp||LifeOrb|RoughSkin|Protect,RockSlide,Earthquake,DragonClaw|Jolly||M|||50|]Whimsicott||OccaBerry|Prankster|Moonblast,Tailwind,Charm,LightScreen|Timid||M|||50|]Delphox||Delphoxite|Magician|Protect,Psychic,HeatWave,Substitute|Timid||M|||50|]Glimmora||FocusSash|ToxicDebris|SpikyShield,SludgeBomb,EarthPower,PowerGem|Timid||M|||50|]Kingambit||ChopleBerry|Defiant|SuckerPunch,LowKick,IronHead,KowtowCleave|Adamant||M|||50|
|showteam|p2|Gengar||Gengarite|CursedBody|ShadowBall,SludgeBomb,Protect,PerishSong|Timid||M|||50|]Swampert||Swampertite|Torrent|WaveCrash,Earthquake,IcePunch,Protect|Adamant||M|||50|]Incineroar||PasshoBerry|Intimidate|ThroatChop,PartingShot,FakeOut,Protect|Sassy||F|||50|]Politoed||SitrusBerry|Drizzle|WeatherBall,PerishSong,Encore,Protect|Calm||M|||50|]Archaludon||Leftovers|Stamina|DragonPulse,FlashCannon,ElectroShot,Protect|Bold||M|||50|]Vivillon||FocusSash|CompoundEyes|Hurricane,SleepPowder,RagePowder,Protect|Timid||M|||50|
|inactive|Battle timer is ON: inactive players will automatically lose when time's up. (requested by mikelpoyarzabal)
|inactive|fpahstkxkd also wants the timer to be on.
|inactive|fpahstkxkd has 60 seconds left.
|inactive|mikelpoyarzabal has 60 seconds left.
|inactive|mikelpoyarzabal has 30 seconds left.
|
|t:|1785843715
|teamsize|p1|4
|teamsize|p2|4
|start
|switch|p1a: Garchomp|Garchomp, L50, M|100/100
|switch|p1b: Staraptor|Staraptor, L50, M|100/100
|switch|p2a: Gengar|Gengar, L50, M|100/100
|switch|p2b: Incineroar|Incineroar, L50, F|100/100
|-ability|p1b: Staraptor|Intimidate|boost
|-unboost|p2a: Gengar|atk|1
|-unboost|p2b: Incineroar|atk|1
|-ability|p2b: Incineroar|Intimidate|boost
|-unboost|p1a: Garchomp|atk|1
|-unboost|p1b: Staraptor|atk|1
|turn|1
|
|t:|1785843729
|detailschange|p1b: Staraptor|Staraptor-Mega, L50, M
|-mega|p1b: Staraptor|Staraptor|Staraptite
|detailschange|p2a: Gengar|Gengar-Mega, L50, M
|-mega|p2a: Gengar|Gengar|Gengarite
|move|p2b: Incineroar|Fake Out|p1a: Garchomp
|-damage|p1a: Garchomp|92/100
|-damage|p2b: Incineroar|87/100|[from] ability: Rough Skin|[of] p1a: Garchomp
|move|p2a: Gengar|Perish Song|p2a: Gengar
|-start|p1a: Garchomp|perish3|[silent]
|-start|p1b: Staraptor|perish3|[silent]
|-start|p2a: Gengar|perish3|[silent]
|-start|p2b: Incineroar|perish3|[silent]
|-fieldactivate|move: Perish Song
|move|p1b: Staraptor|Close Combat|p2b: Incineroar
|-supereffective|p2b: Incineroar|1
|-damage|p2b: Incineroar|27/100
|-boost|p1b: Staraptor|def|1
|-boost|p1b: Staraptor|spd|1
|cant|p1a: Garchomp|flinch
|
|-start|p2a: Gengar|perish3
|-start|p1b: Staraptor|perish3
|-start|p1a: Garchomp|perish3
|-start|p2b: Incineroar|perish3
|upkeep
|turn|2
|
|t:|1785843744
|move|p2a: Gengar|Protect|p2a: Gengar
|-singleturn|p2a: Gengar|Protect
|move|p2b: Incineroar|Protect|p2b: Incineroar
|-singleturn|p2b: Incineroar|Protect
|move|p1b: Staraptor|Close Combat|p2b: Incineroar
|-activate|p2b: Incineroar|move: Protect
|move|p1a: Garchomp|Earthquake|p2b: Incineroar|[spread] 
|-activate|p2a: Gengar|move: Protect
|-activate|p2b: Incineroar|move: Protect
|-immune|p1b: Staraptor
|
|-start|p2a: Gengar|perish2
|-start|p1b: Staraptor|perish2
|-start|p1a: Garchomp|perish2
|-start|p2b: Incineroar|perish2
|upkeep
|turn|3
|
|t:|1785843759
|switch|p2a: Politoed|Politoed, L50, M|100/100
|-weather|RainDance|[from] ability: Drizzle|[of] p2a: Politoed
|move|p1b: Staraptor|Close Combat|p2a: Politoed
|-damage|p2a: Politoed|61/100
|-boost|p1b: Staraptor|def|1
|-boost|p1b: Staraptor|spd|1
|move|p1a: Garchomp|Earthquake|p2a: Politoed|[spread] p2a,p2b
|-immune|p1b: Staraptor
|-supereffective|p2b: Incineroar|1
|-damage|p2a: Politoed|28/100
|-damage|p2b: Incineroar|0 fnt
|-enditem|p2a: Politoed|Sitrus Berry|[eat]
|-heal|p2a: Politoed|53/100|[from] item: Sitrus Berry
|faint|p2b: Incineroar
|-damage|p1a: Garchomp|83/100|[from] item: Life Orb
|
|-weather|RainDance|[upkeep]
|-start|p1b: Staraptor|perish1
|-start|p1a: Garchomp|perish1
|upkeep
|
|t:|1785843770
|switch|p2b: Gengar|Gengar-Mega, L50, M|100/100
|turn|4
|
|t:|1785843779
|move|p2b: Gengar|Protect|p2b: Gengar
|-singleturn|p2b: Gengar|Protect
|move|p2a: Politoed|Protect|p2a: Politoed
|-singleturn|p2a: Politoed|Protect
|move|p1b: Staraptor|Brave Bird|p2b: Gengar
|-activate|p2b: Gengar|move: Protect
|move|p1a: Garchomp|Earthquake|p2b: Gengar|[spread] 
|-activate|p2a: Politoed|move: Protect
|-activate|p2b: Gengar|move: Protect
|-immune|p1b: Staraptor
|
|-weather|RainDance|[upkeep]
|-start|p1b: Staraptor|perish0
|-start|p1a: Garchomp|perish0
|faint|p1b: Staraptor
|faint|p1a: Garchomp
|upkeep
|
|t:|1785843781
|switch|p1b: Glimmora|Glimmora, L50, M|100/100
|switch|p1a: Whimsicott|Whimsicott, L50, M|100/100
|turn|5
|
|t:|1785843789
|move|p1a: Whimsicott|Tailwind|p1a: Whimsicott
|-sidestart|p1: fpahstkxkd|move: Tailwind
|move|p1b: Glimmora|Earth Power|p2b: Gengar
|-supereffective|p2b: Gengar|1
|-damage|p2b: Gengar|30/100
|move|p2b: Gengar|Perish Song|p2b: Gengar
|-start|p1a: Whimsicott|perish3|[silent]
|-start|p1b: Glimmora|perish3|[silent]
|-start|p2a: Politoed|perish3|[silent]
|-start|p2b: Gengar|perish3|[silent]
|-fieldactivate|move: Perish Song
|move|p2a: Politoed|Perish Song||[still]
|-fail|p2a: Politoed
|
|-weather|RainDance|[upkeep]
|-start|p1a: Whimsicott|perish3
|-start|p1b: Glimmora|perish3
|-start|p2b: Gengar|perish3
|-start|p2a: Politoed|perish3
|upkeep
|turn|6
|-message|fpahstkxkd forfeited.
|
|win|mikelpoyarzabal
