|j|☆ToastedArt
|j|☆beegmitch
|html|ToastedArtbeegmitch    
|uhtml|bestof|Game 1 of a best-of-3
|t:|1784479295
|gametype|doubles
|player|p1|ToastedArt|iris|1063
|player|p2|beegmitch|2|1014
|gen|9
|tier|[Gen 9 Champions] VGC 2026 Reg M-B (Bo3)
|rated|
|rule|Species Clause: Limit one of each Pokémon
|rule|Item Clause: Limit 1 of each item
|clearpoke
|poke|p1|Falinks, L50, shiny|
|poke|p1|Incineroar, L50, M|
|poke|p1|Vanilluxe, L50, M, shiny|
|poke|p1|Basculegion, L50, M, shiny|
|poke|p1|Sneasler, L50, F|
|poke|p1|Dragonite, L50, M, shiny|
|poke|p2|Metagross, L50|
|poke|p2|Politoed, L50, F|
|poke|p2|Aerodactyl, L50, M|
|poke|p2|Skeledirge, L50, M|
|poke|p2|Sableye, L50, F|
|poke|p2|Archaludon, L50, M|
|teampreview|4
|showteam|p1|Falinks||Falinksite|Defiant|NoRetreat,CloseCombat,RockSlide,Protect|Adamant|||||50|]Incineroar||Charcoal|Intimidate|FlareBlitz,ThroatChop,FakeOut,PartingShot|Adamant||M|||50|]Vanilluxe||ChoiceScarf|SnowWarning|Blizzard,FreezeDry,IcyWind,SheerCold|Modest||M|||50|]Basculegion||SitrusBerry|Adaptability|WaveCrash,LastRespects,AquaJet,Protect|Adamant||M|||50|]Sneasler||FocusSash|PoisonTouch|PoisonJab,CloseCombat,FakeOut,Coaching|Jolly||F|||50|]Dragonite||DragonFang|Multiscale|DragonClaw,ExtremeSpeed,LowKick,Tailwind|Adamant||M|||50|
|showteam|p2|Metagross||Metagrossite|ClearBody|MeteorMash,PsychicFangs,Protect,Agility|Adamant|||||50|]Politoed||SitrusBerry|Drizzle|PerishSong,WeatherBall,IceBeam,Encore|Calm||F|||50|]Aerodactyl||FocusSash|Unnerve|Tailwind,RockSlide,WideGuard,DualWingbeat|Jolly||M|||50|]Skeledirge||Leftovers|Unaware|TorchSong,ShadowBall,Yawn,Protect|Bold||M|||50|]Sableye||FairyFeather|Prankster|Quash,FakeOut,Encore,Disable|Impish||F|||50|]Archaludon||ChopleBerry|Stalwart|ElectroShot,FlashCannon,Protect,DragonPulse|Modest||M|||50|
|inactive|Battle timer is ON: inactive players will automatically lose when time's up. (requested by ToastedArt)
|
|t:|1784479322
|teamsize|p1|4
|teamsize|p2|4
|start
|switch|p1a: Basculegion|Basculegion, L50, M, shiny|100/100
|switch|p1b: Sneasler|Sneasler, L50, F|100/100
|switch|p2a: Skeledirge|Skeledirge, L50, M|100/100
|switch|p2b: Aerodactyl|Aerodactyl, L50, M|100/100
|-ability|p2b: Aerodactyl|Unnerve
|turn|1
|
|t:|1784479337
|switch|p2b: Sableye|Sableye, L50, F|100/100
|move|p1b: Sneasler|Fake Out|p2b: Sableye
|-immune|p2b: Sableye
|move|p1a: Basculegion|Wave Crash|p2a: Skeledirge
|-supereffective|p2a: Skeledirge|1
|-damage|p2a: Skeledirge|0 fnt
|faint|p2a: Skeledirge
|-damage|p1a: Basculegion|65/100|[from] Recoil
|
|upkeep
|
|t:|1784479346
|switch|p2a: Aerodactyl|Aerodactyl, L50, M|100/100
|-ability|p2a: Aerodactyl|Unnerve
|turn|2
|
|t:|1784479361
|switch|p1b: Dragonite|Dragonite, L50, M, shiny|100/100
|move|p1a: Basculegion|Protect|p1a: Basculegion
|-singleturn|p1a: Basculegion|Protect
|move|p2b: Sableye|Encore||[still]
|-fail|p2b: Sableye
|move|p2a: Aerodactyl|Tailwind|p2a: Aerodactyl
|-sidestart|p2: beegmitch|move: Tailwind
|
|upkeep
|turn|3
|
|t:|1784479376
|switch|p1a: Sneasler|Sneasler, L50, F|100/100
|move|p2b: Sableye|Encore||[still]
|-fail|p2b: Sableye
|move|p2a: Aerodactyl|Rock Slide|p1a: Sneasler|[spread] p1a,p1b
|-resisted|p1a: Sneasler|1
|-crit|p1a: Sneasler
|-supereffective|p1b: Dragonite|1
|-damage|p1a: Sneasler|67/100
|-damage|p1b: Dragonite|69/100
|move|p1b: Dragonite|Tailwind|p1b: Dragonite
|-sidestart|p1: ToastedArt|move: Tailwind
|
|upkeep
|turn|4
|inactive|beegmitch has 30 seconds left.
|
|t:|1784479402
|switch|p1b: Basculegion|Basculegion, L50, M, shiny|65/100
|switch|p2b: Metagross|Metagross, L50|100/100
|move|p2a: Aerodactyl|Dual Wingbeat|p1a: Sneasler
|-supereffective|p1a: Sneasler|1
|-damage|p1a: Sneasler|9/100
|-supereffective|p1a: Sneasler|1
|-crit|p1a: Sneasler
|-damage|p1a: Sneasler|0 fnt
|faint|p1a: Sneasler
|-hitcount|p1: Sneasler|2
|
|upkeep
|
|t:|1784479416
|switch|p1a: Dragonite|Dragonite, L50, M, shiny|69/100
|turn|5
|
|t:|1784479436
|detailschange|p2b: Metagross|Metagross-Mega, L50
|-mega|p2b: Metagross|Metagross|Metagrossite
|move|p2b: Metagross|Protect|p2b: Metagross
|-singleturn|p2b: Metagross|Protect
|move|p2a: Aerodactyl|Rock Slide|p1a: Dragonite|[spread] p1a,p1b
|-supereffective|p1a: Dragonite|1
|-damage|p1a: Dragonite|11/100
|-damage|p1b: Basculegion|34/100
|cant|p1a: Dragonite|flinch
|move|p1b: Basculegion|Last Respects|p2a: Aerodactyl
|-enditem|p2a: Aerodactyl|Focus Sash
|-damage|p2a: Aerodactyl|1/100
|
|-sideend|p2: beegmitch|move: Tailwind
|upkeep
|turn|6
|
|t:|1784479452
|move|p1a: Dragonite|Extreme Speed|p2a: Aerodactyl
|-resisted|p2a: Aerodactyl|1
|-damage|p2a: Aerodactyl|0 fnt
|-enditem|p1b: Basculegion|Sitrus Berry|[eat]
|-heal|p1b: Basculegion|59/100|[from] item: Sitrus Berry
|faint|p2a: Aerodactyl
|move|p1b: Basculegion|Last Respects|p2b: Metagross
|-supereffective|p2b: Metagross|1
|-damage|p2b: Metagross|0 fnt
|faint|p2b: Metagross
|
|-sideend|p1: ToastedArt|move: Tailwind
|upkeep
|
|t:|1784479455
|switch|p2b: Sableye|Sableye, L50, F|100/100
|turn|7
|
|t:|1784479463
|move|p2b: Sableye|Fake Out|p1a: Dragonite
|-damage|p1a: Dragonite|2/100
|cant|p1a: Dragonite|flinch
|move|p1b: Basculegion|Last Respects|p2b: Sableye
|-damage|p2b: Sableye|37/100
|
|upkeep
|turn|8
|
|t:|1784479473
|move|p2b: Sableye|Encore|p1a: Dragonite
|-start|p1a: Dragonite|Encore
|move|p1a: Dragonite|Extreme Speed|p2b: Sableye
|-immune|p2b: Sableye
|move|p1b: Basculegion|Last Respects|p2b: Sableye
|-damage|p2b: Sableye|0 fnt
|faint|p2b: Sableye
|
|win|ToastedArt
