|j|â˜†eevee1ynn
|j|â˜†Shmon
|html|eevee1ynnShmon    
|uhtml|bestof|Game 1 of a best-of-3
|t:|1785951736
|gametype|doubles
|player|p1|eevee1ynn|irida-masters2|
|player|p2|Shmon|102|
|gen|9
|tier|[Gen 9 Champions] VGC 2026 Reg M-B (Bo3)
|rule|Species Clause: Limit one of each PokÃ©mon
|rule|Item Clause: Limit 1 of each item
|clearpoke
|poke|p1|Raichu, L50, F|
|poke|p1|Talonflame, L50, F|
|poke|p1|Maushold, L50|
|poke|p1|Kommo-o, L50, M|
|poke|p1|Tsareena, L50, F|
|poke|p1|Delphox, L50, M|
|poke|p2|Tyranitar, L50, M|
|poke|p2|Staraptor, L50, F|
|poke|p2|Gholdengo, L50|
|poke|p2|Excadrill, L50, F|
|poke|p2|Sinistcha, L50|
|poke|p2|Milotic, L50, F|
|teampreview|4
|showteam|p1|Raichu||RaichuniteY|LightningRod|Protect,ZapCannon,FocusBlast,FakeOut|Timid||F|||50|]Talonflame||SharpBeak|GaleWings|QuickGuard,DualWingbeat,Feint,Tailwind|Jolly||F|||50|]Maushold||FocusSash|FriendGuard|Protect,SuperFang,Encore,FollowMe|Timid|||||50|]Kommo-o||LifeOrb|Overcoat|Protect,AuraSphere,ClangingScales,VacuumWave|Modest||M|||50|]Tsareena||WideLens|QueenlyMajesty|Protect,PowerWhip,TripleAxel,Taunt|Adamant||F|||50|]Delphox||Delphoxite|Blaze|Protect,HeatWave,Psychic,Substitute|Timid||M|||50|
|showteam|p2|Tyranitar||Tyranitarite|SandStream|KnockOff,RockSlide,Protect,LowKick|Jolly||M|||50|]Staraptor||Staraptite|Intimidate|DualWingbeat,CloseCombat,Protect,Tailwind|Jolly||F|||50|]Gholdengo||LifeOrb|GoodasGold|MakeItRain,NastyPlot,Protect,ShadowBall|Timid|||||50|]Excadrill||FocusSash|SandRush|HighHorsepower,IronHead,RockSlide,Protect|Adamant||F|||50|]Sinistcha||ColburBerry|Hospitality|MatchaGotcha,RagePowder,TrickRoom,Protect|Calm|||||50|]Milotic||SitrusBerry|Competitive|Scald,IcyWind,Protect,IceBeam|Modest||F|||50|
|c|â˜†eevee1ynn|glhf
|c|â˜†Shmon|Gl hf
|
|t:|1785951795
|teamsize|p1|4
|teamsize|p2|4
|start
|switch|p1a: Kommo-o|Kommo-o, L50, M|100/100
|switch|p1b: Talonflame|Talonflame, L50, F|100/100
|switch|p2a: Sinistcha|Sinistcha, L50|100/100
|switch|p2b: Gholdengo|Gholdengo, L50|100/100
|turn|1
|
|t:|1785951816
|move|p1b: Talonflame|Dual Wingbeat|p2a: Sinistcha
|-supereffective|p2a: Sinistcha|1
|-damage|p2a: Sinistcha|66/100
|-supereffective|p2a: Sinistcha|1
|-damage|p2a: Sinistcha|29/100
|-hitcount|p2a: Sinistcha|2
|move|p2b: Gholdengo|Nasty Plot|p2b: Gholdengo
|-boost|p2b: Gholdengo|spa|2
|move|p1a: Kommo-o|Clanging Scales|p2b: Gholdengo|[spread] p2a,p2b
|-resisted|p2b: Gholdengo|1
|-damage|p2a: Sinistcha|0 fnt
|-damage|p2b: Gholdengo|73/100
|faint|p2a: Sinistcha
|-unboost|p1a: Kommo-o|def|1
|-damage|p1a: Kommo-o|90/100|[from] item: Life Orb
|
|upkeep
|
|t:|1785951824
|switch|p2a: Milotic|Milotic, L50, F|100/100
|turn|2
|
|t:|1785951844
|move|p1b: Talonflame|Tailwind|p1b: Talonflame
|-sidestart|p1: eevee1ynn|move: Tailwind
|move|p1a: Kommo-o|Clanging Scales|p2a: Milotic|[spread] p2a,p2b
|-resisted|p2b: Gholdengo|1
|-crit|p2b: Gholdengo
|-damage|p2a: Milotic|60/100
|-damage|p2b: Gholdengo|36/100
|-unboost|p1a: Kommo-o|def|1
|-damage|p1a: Kommo-o|80/100|[from] item: Life Orb
|move|p2b: Gholdengo|Make It Rain|p1b: Talonflame|[spread] p1a,p1b
|-resisted|p1b: Talonflame|1
|-damage|p1a: Kommo-o|0 fnt
|-damage|p1b: Talonflame|10/100
|-unboost|p2b: Gholdengo|spa|2
|faint|p1a: Kommo-o
|-damage|p2b: Gholdengo|26/100|[from] item: Life Orb
|move|p2a: Milotic|Scald|p1b: Talonflame
|-supereffective|p1b: Talonflame|1
|-damage|p1b: Talonflame|0 fnt
|faint|p1b: Talonflame
|
|upkeep
|
|t:|1785951854
|switch|p1b: Raichu|Raichu, L50, F|100/100
|switch|p1a: Tsareena|Tsareena, L50, F|100/100
|turn|3
|
|t:|1785951864
|detailschange|p1b: Raichu|Raichu-Mega-Y, L50, F
|-mega|p1b: Raichu|Raichu|Raichunite Y
|move|p2b: Gholdengo|Protect|p2b: Gholdengo
|-singleturn|p2b: Gholdengo|Protect
|move|p1b: Raichu|Zap Cannon|p2b: Gholdengo
|-activate|p2b: Gholdengo|move: Protect
|move|p1a: Tsareena|Power Whip|p2a: Milotic
|-supereffective|p2a: Milotic|1
|-damage|p2a: Milotic|0 fnt
|faint|p2a: Milotic
|
|upkeep
|
|t:|1785951866
|switch|p2a: Tyranitar|Tyranitar, L50, M|100/100
|-weather|Sandstorm|[from] ability: Sand Stream|[of] p2a: Tyranitar
|turn|4
|
|t:|1785951876
|detailschange|p2a: Tyranitar|Tyranitar-Mega, L50, M
|-mega|p2a: Tyranitar|Tyranitar|Tyranitarite
|move|p1b: Raichu|Zap Cannon|p2b: Gholdengo
|-damage|p2b: Gholdengo|0 fnt
|faint|p2b: Gholdengo
|move|p1a: Tsareena|Power Whip|p2a: Tyranitar
|-supereffective|p2a: Tyranitar|1
|-damage|p2a: Tyranitar|21/100
|move|p2a: Tyranitar|Knock Off|p1b: Raichu
|-damage|p1b: Raichu|44/100
|
|-weather|Sandstorm|[upkeep]
|-damage|p1b: Raichu|38/100|[from] Sandstorm
|-damage|p1a: Tsareena|94/100|[from] Sandstorm
|upkeep
|turn|5
|
|t:|1785951887
|move|p1b: Raichu|Focus Blast|p2a: Tyranitar
|-supereffective|p2a: Tyranitar|2
|-damage|p2a: Tyranitar|0 fnt
|faint|p2a: Tyranitar
|
|win|eevee1ynn
