|j|☆blfuller_4
|j|☆Imaginary Iris
|html|blfuller_4Imaginary Iris    
|uhtml|bestof|Game 1 of a best-of-3
|t:|1757817273
|gametype|doubles
|player|p1|blfuller_4|skyla|1154
|player|p2|Imaginary Iris|lady|1211
|gen|9
|tier|[Gen 9] VGC 2025 Reg H (Bo3)
|rated|
|rule|Species Clause: Limit one of each Pokémon
|rule|Item Clause: Limit 1 of each item
|clearpoke
|poke|p1|Incineroar, L50, M|
|poke|p1|Jumpluff, L50, F|
|poke|p1|Torkoal, L50, F|
|poke|p1|Porygon2, L50|
|poke|p1|Ursaluna, L50, F|
|poke|p1|Typhlosion-Hisui, L50, M|
|poke|p2|Ninetales-Alola, L50, F|
|poke|p2|Ursaluna-Bloodmoon, L50, M|
|poke|p2|Talonflame, L50, F|
|poke|p2|Gholdengo, L50|
|poke|p2|Rillaboom, L50, F|
|poke|p2|Annihilape, L50, F|
|teampreview|4
|showteam|p1|Incineroar||SitrusBerry|Intimidate|FlareBlitz,KnockOff,PartingShot,FakeOut|||M|||50|,,,,,Ghost]Jumpluff||CovertCloak|Chlorophyll|SleepPowder,Tailwind,RagePowder,SunnyDay|||F|||50|,,,,,Water]Torkoal||EjectPack|Drought|Overheat,HelpingHand,Eruption,Protect|||F|||50|,,,,,Fire]Porygon2||Eviolite|Download|IceBeam,TeraBlast,TrickRoom,Recover||||||50|,,,,,Fighting]Ursaluna||FlameOrb|Guts|HeadlongRush,Earthquake,Facade,Protect|||F|||50|,,,,,Ghost]Typhlosion-Hisui||ChoiceSpecs|Blaze|Eruption,Overheat,HeatWave,ShadowBall|||M|||50|,,,,,Fire
|showteam|p2|Ninetales-Alola||FocusSash|SnowWarning|Blizzard,AuroraVeil,FreezeDry,IcicleSpear|||F|||50|,,,,,Ghost]Ursaluna-Bloodmoon||SilkScarf|MindsEye|Protect,BloodMoon,EarthPower,HyperVoice|||M|||50|,,,,,Normal]Talonflame||CovertCloak|GaleWings|BraveBird,Tailwind,Taunt,WillOWisp|||F|||50|,,,,,Ghost]Gholdengo||LifeOrb|GoodasGold|Protect,MakeItRain,NastyPlot,ShadowBall||||||50|,,,,,Water]Rillaboom||LoadedDice|GrassySurge|BulletSeed,FakeOut,GrassyGlide,HighHorsepower|||F|||50|,,,,,Stellar]Annihilape||Leftovers|Defiant|Protect,BulkUp,DrainPunch,RageFist|||F|||50|,,,,,Fire
|
|t:|1757817352
|teamsize|p1|4
|teamsize|p2|4
|start
|switch|p1a: Torkoal|Torkoal, L50, F|100/100
|switch|p1b: Jumpluff|Jumpluff, L50, F|100/100
|switch|p2a: Talonflame|Talonflame, L50, F|100/100
|switch|p2b: Gholdengo|Gholdengo, L50|100/100
|-weather|SunnyDay|[from] ability: Drought|[of] p1a: Torkoal
|turn|1
|
|t:|1757817381
|-terastallize|p1b: Jumpluff|Water
|move|p2b: Gholdengo|Protect|p2b: Gholdengo
|-singleturn|p2b: Gholdengo|Protect
|move|p2a: Talonflame|Tailwind|p2a: Talonflame
|-sidestart|p2: Imaginary Iris|move: Tailwind
|move|p1b: Jumpluff|Sleep Powder|p2a: Talonflame
|-status|p2a: Talonflame|slp|[from] move: Sleep Powder
|move|p1a: Torkoal|Overheat|p2b: Gholdengo
|-activate|p2b: Gholdengo|move: Protect
|
|-weather|SunnyDay|[upkeep]
|upkeep
|turn|2
|
|t:|1757817420
|-terastallize|p2b: Gholdengo|Water
|cant|p2a: Talonflame|slp
|move|p1b: Jumpluff|Tailwind|p1b: Jumpluff
|-sidestart|p1: blfuller_4|move: Tailwind
|move|p2b: Gholdengo|Shadow Ball|p1a: Torkoal
|-damage|p1a: Torkoal|29/100
|-damage|p2b: Gholdengo|91/100|[from] item: Life Orb
|move|p1a: Torkoal|Overheat|p2b: Gholdengo|[miss]
|-miss|p1a: Torkoal|p2b: Gholdengo
|
|-weather|SunnyDay|[upkeep]
|upkeep
|turn|3
|
|t:|1757817450
|switch|p1a: Incineroar|Incineroar, L50, M|100/100
|-ability|p1a: Incineroar|Intimidate|boost
|-unboost|p2a: Talonflame|atk|1
|-unboost|p2b: Gholdengo|atk|1
|move|p1b: Jumpluff|Sleep Powder|p2a: Talonflame
|-fail|p2a: Talonflame|slp
|cant|p2a: Talonflame|slp
|move|p2b: Gholdengo|Make It Rain|p1a: Incineroar|[spread] p1a,p1b
|-resisted|p1a: Incineroar
|-resisted|p1b: Jumpluff
|-damage|p1a: Incineroar|70/100
|-damage|p1b: Jumpluff|69/100
|-unboost|p2b: Gholdengo|spa|1
|-damage|p2b: Gholdengo|82/100|[from] item: Life Orb
|
|-weather|SunnyDay|[upkeep]
|upkeep
|turn|4
|
|t:|1757817474
|move|p1b: Jumpluff|Sleep Powder|p2a: Talonflame|[miss]
|-miss|p1b: Jumpluff|p2a: Talonflame
|-curestatus|p2a: Talonflame|slp|[msg]
|move|p2a: Talonflame|Taunt|p1b: Jumpluff
|-start|p1b: Jumpluff|move: Taunt
|move|p2b: Gholdengo|Nasty Plot|p2b: Gholdengo
|-boost|p2b: Gholdengo|spa|2
|move|p1a: Incineroar|Knock Off|p2b: Gholdengo
|-damage|p2b: Gholdengo|37/100
|-enditem|p2b: Gholdengo|Life Orb|[from] move: Knock Off|[of] p1a: Incineroar
|
|-weather|SunnyDay|[upkeep]
|-sideend|p2: Imaginary Iris|move: Tailwind
|upkeep
|turn|5
|
|t:|1757817495
|switch|p1b: Torkoal|Torkoal, L50, F|29/100
|move|p2b: Gholdengo|Protect|p2b: Gholdengo
|-singleturn|p2b: Gholdengo|Protect
|move|p2a: Talonflame|Tailwind|p2a: Talonflame
|-sidestart|p2: Imaginary Iris|move: Tailwind
|move|p1a: Incineroar|Knock Off|p2a: Talonflame
|-damage|p2a: Talonflame|34/100
|-enditem|p2a: Talonflame|Covert Cloak|[from] move: Knock Off|[of] p1a: Incineroar
|
|-weather|none
|-sideend|p1: blfuller_4|move: Tailwind
|upkeep
|turn|6
|
|t:|1757817512
|switch|p1b: Jumpluff|Jumpluff, L50, F, tera:Water|69/100
|move|p2a: Talonflame|Brave Bird|p1a: Incineroar
|-crit|p1a: Incineroar
|-damage|p1a: Incineroar|3/100
|-enditem|p1a: Incineroar|Sitrus Berry|[eat]
|-heal|p1a: Incineroar|28/100|[from] item: Sitrus Berry
|-damage|p2a: Talonflame|5/100|[from] Recoil
|move|p2b: Gholdengo|Make It Rain|p1a: Incineroar|[spread] p1a,p1b
|-resisted|p1a: Incineroar
|-resisted|p1b: Jumpluff
|-damage|p1a: Incineroar|0 fnt
|-damage|p1b: Jumpluff|31/100
|-unboost|p2b: Gholdengo|spa|1
|faint|p1a: Incineroar
|
|upkeep
|
|t:|1757817527
|switch|p1a: Torkoal|Torkoal, L50, F|29/100
|-weather|SunnyDay|[from] ability: Drought|[of] p1a: Torkoal
|turn|7
|
|t:|1757817543
|switch|p2a: Ninetales|Ninetales-Alola, L50, F, shiny|100/100
|-weather|Snowscape|[from] ability: Snow Warning|[of] p2a: Ninetales
|switch|p1b: Typhlosion|Typhlosion-Hisui, L50, M|100/100
|move|p2b: Gholdengo|Shadow Ball|p1b: Typhlosion
|-supereffective|p1b: Typhlosion
|-damage|p1b: Typhlosion|0 fnt
|faint|p1b: Typhlosion
|move|p1a: Torkoal|Overheat|p2a: Ninetales
|-supereffective|p2a: Ninetales
|-enditem|p2a: Ninetales|Focus Sash
|-damage|p2a: Ninetales|1/100
|-unboost|p1a: Torkoal|spa|2
|-enditem|p1a: Torkoal|Eject Pack
|
|t:|1757817557
|switch|p1a: Jumpluff|Jumpluff, L50, F, tera:Water|31/100
|
|-weather|Snowscape|[upkeep]
|upkeep
|
|t:|1757817559
|switch|p1b: Torkoal|Torkoal, L50, F|29/100
|-weather|SunnyDay|[from] ability: Drought|[of] p1b: Torkoal
|turn|8
|
|t:|1757817572
|move|p2a: Ninetales|Freeze-Dry|p1b: Torkoal
|-resisted|p1b: Torkoal
|-damage|p1b: Torkoal|12/100
|move|p1a: Jumpluff|Tailwind|p1a: Jumpluff
|-sidestart|p1: blfuller_4|move: Tailwind
|move|p2b: Gholdengo|Shadow Ball|p1b: Torkoal
|-damage|p1b: Torkoal|0 fnt
|faint|p1b: Torkoal
|
|-weather|SunnyDay|[upkeep]
|-sideend|p2: Imaginary Iris|move: Tailwind
|upkeep
|turn|9
|-message|blfuller_4 forfeited.
|
|win|Imaginary Iris
|l|☆blfuller_4
|player|p1|
