|j|☆Pokeventurer
|j|☆mr no sauce
|html|Pokeventurermr no sauce    
|uhtml|bestof|Game 1 of a best-of-3
|t:|1757907816
|gametype|doubles
|player|p1|Pokeventurer|266|1210
|player|p2|mr no sauce|courtney|1252
|gen|9
|tier|[Gen 9] VGC 2025 Reg H (Bo3)
|rated|
|rule|Species Clause: Limit one of each Pokémon
|rule|Item Clause: Limit 1 of each item
|clearpoke
|poke|p1|Incineroar, L50, M|
|poke|p1|Ursaluna-Bloodmoon, L50, M|
|poke|p1|Gholdengo, L50|
|poke|p1|Dragonite, L50, M|
|poke|p1|Sneasler, L50, F|
|poke|p1|Amoonguss, L50, F|
|poke|p2|Archaludon, L50, F|
|poke|p2|Pelipper, L50, F|
|poke|p2|Ursaluna, L50, M|
|poke|p2|Sinistcha, L50|
|poke|p2|Dragonite, L50, M|
|poke|p2|Annihilape, L50, F|
|teampreview|4
|showteam|p1|Incineroar||SafetyGoggles|Intimidate|FlareBlitz,KnockOff,PartingShot,FakeOut|||M|||50|,,,,,Ghost]Ursaluna-Bloodmoon||AssaultVest|MindsEye|HyperVoice,BloodMoon,EarthPower,VacuumWave|||M|||50|,,,,,Water]Gholdengo||LifeOrb|GoodasGold|MakeItRain,ShadowBall,NastyPlot,Protect||||||50|,,,,,Water]Dragonite||LoadedDice|InnerFocus|ScaleShot,Tailwind,Haze,ExtremeSpeed|||M|||50|,,,,,Fairy]Sneasler||FocusSash|Unburden|CloseCombat,DireClaw,FakeOut,Feint|||F|||50|,,,,,Stellar]Amoonguss||CovertCloak|Regenerator|PollenPuff,RagePowder,Spore,Protect|||F|||50|,,,,,Water
|showteam|p2|Archaludon||AssaultVest|Stamina|ElectroShot,FlashCannon,BodyPress,Snarl|||F|||50|,,,,,Fighting]Pelipper||FocusSash|Drizzle|Hurricane,WeatherBall,Tailwind,Protect|||F|||50|,,,,,Ghost]Ursaluna||FlameOrb|Guts|HeadlongRush,Facade,Earthquake,Protect|||M|||50|,,,,,Ghost]Sinistcha||MentalHerb|Hospitality|MatchaGotcha,TrickRoom,RagePowder,LifeDew||||||50|,,,,,Steel]Dragonite||LoadedDice|Multiscale|ScaleShot,Tailwind,Haze,Protect|||M|||50|,,,,,Steel]Annihilape||SafetyGoggles|Defiant|CloseCombat,RageFist,Coaching,FinalGambit|||F|||50|,,,,,Fire
|inactive|Battle timer is ON: inactive players will automatically lose when time's up. (requested by Pokeventurer)
|inactive|Pokeventurer has 60 seconds left.
|
|t:|1757907871
|teamsize|p1|4
|teamsize|p2|4
|start
|switch|p1a: Gholdengo|Gholdengo, L50|100/100
|switch|p1b: Sneasler|Sneasler, L50, F|100/100
|switch|p2a: Archaludon|Archaludon, L50, F|100/100
|switch|p2b: Sinistcha|Sinistcha, L50|100/100
|turn|1
|
|t:|1757907895
|-terastallize|p2b: Sinistcha|Steel
|move|p1b: Sneasler|Close Combat|p2a: Archaludon
|-supereffective|p2a: Archaludon
|-damage|p2a: Archaludon|0 fnt
|-unboost|p1b: Sneasler|def|1
|-unboost|p1b: Sneasler|spd|1
|faint|p2a: Archaludon
|move|p1a: Gholdengo|Shadow Ball|p2b: Sinistcha
|-damage|p2b: Sinistcha|49/100
|-damage|p1a: Gholdengo|91/100|[from] item: Life Orb
|move|p2b: Sinistcha|Trick Room|p2b: Sinistcha
|-fieldstart|move: Trick Room|[of] p2b: Sinistcha
|
|upkeep
|
|t:|1757907904
|switch|p2a: Ursaluna|Ursaluna, L50, M|100/100
|turn|2
|inactive|Pokeventurer has 30 seconds left.
|inactive|mr no sauce has 30 seconds left.
|inactive|Pokeventurer has 20 seconds left.
|
|t:|1757907940
|switch|p1b: Dragonite|Dragonite, L50, M|100/100
|-terastallize|p1a: Gholdengo|Water
|move|p2b: Sinistcha|Matcha Gotcha|p1a: Gholdengo|[spread] p1a
|-miss|p2b: Sinistcha|p1b: Dragonite
|-supereffective|p1a: Gholdengo
|-damage|p1a: Gholdengo|39/100
|-heal|p2b: Sinistcha|75/100|[from] drain|[of] p1a: Gholdengo
|move|p2a: Ursaluna|Facade|p1b: Dragonite
|-damage|p1b: Dragonite|59/100
|move|p1a: Gholdengo|Shadow Ball|p2b: Sinistcha
|-damage|p2b: Sinistcha|25/100
|-unboost|p2b: Sinistcha|spd|1
|-damage|p1a: Gholdengo|29/100|[from] item: Life Orb
|
|-status|p2a: Ursaluna|brn|[from] item: Flame Orb
|upkeep
|turn|3
|
|t:|1757907963
|move|p1a: Gholdengo|Protect|p1a: Gholdengo
|-singleturn|p1a: Gholdengo|Protect
|move|p2b: Sinistcha|Matcha Gotcha|p1b: Dragonite|[spread] p1b
|-activate|p1a: Gholdengo|move: Protect
|-resisted|p1b: Dragonite
|-damage|p1b: Dragonite|53/100
|-heal|p2b: Sinistcha|28/100|[from] drain|[of] p1b: Dragonite
|move|p2a: Ursaluna|Facade|p1b: Dragonite
|-damage|p1b: Dragonite|0 fnt
|faint|p1b: Dragonite
|
|-damage|p2a: Ursaluna|95/100 brn|[from] brn
|upkeep
|
|t:|1757907978
|switch|p1b: Ursaluna|Ursaluna-Bloodmoon, L50, M|100/100
|turn|4
|inactive|mr no sauce has 30 seconds left.
|
|t:|1757908004
|switch|p2b: Pelipper|Pelipper, L50, F|100/100
|-weather|RainDance|[from] ability: Drizzle|[of] p2b: Pelipper
|move|p1b: Ursaluna|Vacuum Wave|p2b: Pelipper
|-resisted|p2b: Pelipper
|-damage|p2b: Pelipper|87/100
|move|p2a: Ursaluna|Earthquake|p1b: Ursaluna|[spread] p1a,p1b
|-immune|p2b: Pelipper
|-crit|p1a: Gholdengo
|-damage|p1a: Gholdengo|0 fnt
|-damage|p1b: Ursaluna|53/100
|faint|p1a: Gholdengo
|
|-weather|RainDance|[upkeep]
|-damage|p2a: Ursaluna|89/100 brn|[from] brn
|upkeep
|
|t:|1757908018
|switch|p1a: Sneasler|Sneasler, L50, F|100/100
|turn|5
|
|t:|1757908033
|move|p1a: Sneasler|Fake Out|p2a: Ursaluna
|-damage|p2a: Ursaluna|77/100 brn
|move|p1b: Ursaluna|Blood Moon|p2b: Pelipper
|-damage|p2b: Pelipper|0 fnt
|faint|p2b: Pelipper
|cant|p2a: Ursaluna|flinch
|
|-weather|RainDance|[upkeep]
|-damage|p2a: Ursaluna|71/100 brn|[from] brn
|-fieldend|move: Trick Room
|upkeep
|
|t:|1757908039
|switch|p2b: Sinistcha|Sinistcha, L50, tera:Steel|28/100
|-heal|p2a: Ursaluna|96/100 brn|[from] ability: Hospitality|[of] p2b: Sinistcha
|turn|6
|inactive|mr no sauce has 30 seconds left.
|
|t:|1757908067
|move|p2b: Sinistcha|Rage Powder|p2b: Sinistcha
|-singleturn|p2b: Sinistcha|move: Rage Powder
|move|p1a: Sneasler|Close Combat|p2b: Sinistcha
|-supereffective|p2b: Sinistcha
|-damage|p2b: Sinistcha|0 fnt
|-unboost|p1a: Sneasler|def|1
|-unboost|p1a: Sneasler|spd|1
|faint|p2b: Sinistcha
|move|p2a: Ursaluna|Earthquake|p1b: Ursaluna|[spread] p1a,p1b
|-supereffective|p1a: Sneasler
|-enditem|p1a: Sneasler|Focus Sash
|-damage|p1a: Sneasler|1/100
|-damage|p1b: Ursaluna|6/100
|move|p1b: Ursaluna|Hyper Voice|p2a: Ursaluna
|-damage|p2a: Ursaluna|49/100 brn
|
|-weather|RainDance|[upkeep]
|-damage|p2a: Ursaluna|44/100 brn|[from] brn
|upkeep
|turn|7
|
|t:|1757908078
|move|p1b: Ursaluna|Vacuum Wave|p2a: Ursaluna
|-supereffective|p2a: Ursaluna
|-damage|p2a: Ursaluna|16/100 brn
|move|p1a: Sneasler|Close Combat|p2a: Ursaluna
|-supereffective|p2a: Ursaluna
|-damage|p2a: Ursaluna|0 fnt
|-unboost|p1a: Sneasler|def|1
|-unboost|p1a: Sneasler|spd|1
|faint|p2a: Ursaluna
|
|win|Pokeventurer
||mr no sauce is ready for game 2.
