|j|☆frogsmokinablunt
|j|☆dresovense
|html|frogsmokinabluntdresovense    
|uhtml|bestof|Game 3 of a best-of-3
|t:|1783354068
|gametype|doubles
|player|p1|frogsmokinablunt|ingo|
|player|p2|dresovense|skier|
|gen|9
|tier|[Gen 9 Champions] VGC 2026 Reg M-B (Bo3)
|rule|Species Clause: Limit one of each Pokémon
|rule|Item Clause: Limit 1 of each item
|clearpoke
|poke|p1|Sneasler, L50, M|
|poke|p1|Glimmora, L50, F|
|poke|p1|Talonflame, L50, F|
|poke|p1|Froslass, L50, F|
|poke|p1|Azumarill, L50, F|
|poke|p1|Mamoswine, L50, M|
|poke|p2|Jolteon, L50, M|
|poke|p2|Charizard, L50, M|
|poke|p2|Garchomp, L50, F|
|poke|p2|Skarmory, L50, F|
|poke|p2|Kangaskhan, L50, F|
|poke|p2|Aegislash, L50, M|
|teampreview|4
|showteam|p1|Sneasler||WhiteHerb|Unburden|FakeOut,DireClaw,CloseCombat,RockSlide|Adamant||M|||50|]Glimmora||Glimmoranite|ToxicDebris|SludgeWave,EarthPower,PowerGem,Protect|Timid||F|||50|]Talonflame||FocusSash|FlameBody|FlareBlitz,BraveBird,Protect,Tailwind|Jolly||F|||50|]Froslass||Froslassite|SnowCloak|AuroraVeil,Protect,Blizzard,ShadowBall|Modest||F|||50|]Azumarill||LifeOrb|HugePower|AquaJet,PlayRough,Liquidation,BellyDrum|Adamant||F|||50|]Mamoswine||ChoiceScarf|ThickFat|IcicleCrash,HighHorsepower,RockSlide,KnockOff|Jolly||M|||50|
|showteam|p2|Jolteon||FocusSash|VoltAbsorb|Electroweb,Detect,SunnyDay,FakeTears|Timid||M|||50|]Charizard||CharizarditeY|Blaze|HeatWave,Protect,ScorchingSands,SolarBeam|Modest||M|||50|]Garchomp||Garchompite|RoughSkin|Earthquake,StompingTantrum,RockSlide,Protect|Jolly||F|||50|]Skarmory||Leftovers|Sturdy|Tailwind,Feint,DualWingbeat,IronHead|Adamant||F|||50|]Kangaskhan||SilkScarf|Scrappy|FakeOut,DoubleEdge,Earthquake,RockSlide|Adamant||F|||50|]Aegislash||KasibBerry|StanceChange|BrickBreak,KingsShield,Poltergeist,ShadowSneak|Adamant||M|||50|
|inactive|Battle timer is ON: inactive players will automatically lose when time's up. (requested by dresovense)
|j| Goblinwaltz
|inactiveoff|Battle timer is now OFF.
|l| Goblinwaltz
|j| Goblinwaltz
|
|t:|1783354176
|teamsize|p1|4
|teamsize|p2|4
|start
|switch|p1a: Talonflame|Talonflame, L50, F|100/100
|switch|p1b: Mamoswine|Mamoswine, L50, M|100/100
|switch|p2a: Charizard|Charizard, L50, M|100/100
|switch|p2b: Jolteon|Jolteon, L50, M|100/100
|turn|1
|
|t:|1783354209
|detailschange|p2a: Charizard|Charizard-Mega-Y, L50, M
|-mega|p2a: Charizard|Charizard|Charizardite Y
|-weather|SunnyDay|[from] ability: Drought|[of] p2a: Charizard
|move|p1a: Talonflame|Protect|p1a: Talonflame
|-singleturn|p1a: Talonflame|Protect
|move|p1b: Mamoswine|Rock Slide|p2a: Charizard|[spread] p2a,p2b
|-supereffective|p2a: Charizard|2
|-crit|p2b: Jolteon
|-damage|p2a: Charizard|15/100
|-damage|p2b: Jolteon|45/100
|move|p2b: Jolteon|Electroweb|p1a: Talonflame|[spread] 
|-activate|p1a: Talonflame|move: Protect
|-immune|p1b: Mamoswine
|move|p2a: Charizard|Solar Beam||[still]
|-prepare|p2a: Charizard|Solar Beam
|-anim|p2a: Charizard|Solar Beam|p1b: Mamoswine
|-supereffective|p1b: Mamoswine|1
|-damage|p1b: Mamoswine|0 fnt
|faint|p1b: Mamoswine
|
|-weather|SunnyDay|[upkeep]
|upkeep
|l| Goblinwaltz
|j| Goblinwaltz
|
|t:|1783354228
|switch|p1b: Sneasler|Sneasler, L50, M|100/100
|turn|2
|
|t:|1783354264
|switch|p2b: Garchomp|Garchomp, L50, F|100/100
|move|p2a: Charizard|Protect|p2a: Charizard
|-singleturn|p2a: Charizard|Protect
|move|p1b: Sneasler|Fake Out|p2b: Garchomp
|-damage|p2b: Garchomp|84/100
|-damage|p1b: Sneasler|87/100|[from] ability: Rough Skin|[of] p2b: Garchomp
|move|p1a: Talonflame|Tailwind|p1a: Talonflame
|-sidestart|p1: frogsmokinablunt|move: Tailwind
|
|-weather|SunnyDay|[upkeep]
|upkeep
|turn|3
|l| Goblinwaltz
|
|t:|1783354299
|move|p1a: Talonflame|Brave Bird|p2b: Garchomp
|-damage|p2b: Garchomp|37/100
|-damage|p1a: Talonflame|87/100|[from] ability: Rough Skin|[of] p2b: Garchomp
|-damage|p1a: Talonflame|69/100|[from] Recoil
|move|p1b: Sneasler|Rock Slide|p2a: Charizard|[spread] p2a,p2b
|-supereffective|p2a: Charizard|2
|-resisted|p2b: Garchomp|1
|-damage|p2a: Charizard|0 fnt
|-damage|p2b: Garchomp|25/100
|faint|p2a: Charizard
|move|p2b: Garchomp|Earthquake|p1b: Sneasler|[spread] p1b
|-immune|p1a: Talonflame
|-supereffective|p1b: Sneasler|1
|-damage|p1b: Sneasler|0 fnt
|faint|p1b: Sneasler
|
|-weather|SunnyDay|[upkeep]
|upkeep
|
|t:|1783354315
|switch|p1b: Glimmora|Glimmora, L50, F|100/100
|switch|p2a: Kangaskhan|Kangaskhan, L50, F|100/100
|turn|4
|j| Goblinwaltz
|
|t:|1783354385
|detailschange|p1b: Glimmora|Glimmora-Mega, L50, F
|-mega|p1b: Glimmora|Glimmora|Glimmoranite
|move|p1a: Talonflame|Flare Blitz|p2a: Kangaskhan
|-damage|p2a: Kangaskhan|30/100
|-damage|p1a: Talonflame|37/100|[from] Recoil
|move|p1b: Glimmora|Earth Power|p2b: Garchomp
|-damage|p2b: Garchomp|0 fnt
|faint|p2b: Garchomp
|move|p2a: Kangaskhan|Earthquake|p1b: Glimmora|[spread] p1b
|-immune|p1a: Talonflame
|-supereffective|p1b: Glimmora|2
|-damage|p1b: Glimmora|1/100
|
|-weather|SunnyDay|[upkeep]
|upkeep
|l| Goblinwaltz
|
|t:|1783354400
|switch|p2b: Jolteon|Jolteon, L50, M|45/100
|turn|5
|j| Goblinwaltz
|
|t:|1783354456
|move|p2b: Jolteon|Detect|p2b: Jolteon
|-singleturn|p2b: Jolteon|Protect
|move|p1a: Talonflame|Flare Blitz|p2a: Kangaskhan
|-damage|p2a: Kangaskhan|0 fnt
|faint|p2a: Kangaskhan
|-damage|p1a: Talonflame|23/100|[from] Recoil
|move|p1b: Glimmora|Earth Power|p2b: Jolteon
|-activate|p2b: Jolteon|move: Protect
|
|-weather|none
|-sideend|p1: frogsmokinablunt|move: Tailwind
|upkeep
|turn|6
|
|t:|1783354470
|move|p1a: Talonflame|Flare Blitz|p2b: Jolteon
|-damage|p2b: Jolteon|0 fnt
|faint|p2b: Jolteon
|-damage|p1a: Talonflame|9/100|[from] Recoil
|
|win|frogsmokinablunt
|c|☆frogsmokinablunt|ggs
|c|☆dresovense|ggs
|l| Goblinwaltz
