|j|☆ElTortacolis
|j|☆underlinegui
|html|ElTortacolisunderlinegui    
|uhtml|bestof|Game 2 of a best-of-3
|t:|1784162053
|gametype|doubles
|player|p1|ElTortacolis|li|1000
|player|p2|underlinegui|266|1118
|gen|9
|tier|[Gen 9 Champions] VGC 2026 Reg M-B (Bo3)
|rated|
|rule|Species Clause: Limit one of each Pokémon
|rule|Item Clause: Limit 1 of each item
|clearpoke
|poke|p1|Scolipede, L50, F|
|poke|p1|Maushold-Four, L50|
|poke|p1|Furfrou-Dandy, L50, F, shiny|
|poke|p1|Farigiraf, L50, M|
|poke|p1|Gallade, L50, M|
|poke|p1|Sinistcha, L50|
|poke|p2|Swampert, L50, F|
|poke|p2|Mawile, L50, M|
|poke|p2|Pelipper, L50, M|
|poke|p2|Archaludon, L50, F|
|poke|p2|Grimmsnarl, L50, M|
|poke|p2|Farigiraf, L50, F|
|teampreview|4
|showteam|p1|Scolipede||FocusSash|SpeedBoost|BatonPass,SwordsDance,Protect,PoisonJab|Jolly||F|||50|]Maushold-Four||WideLens|Technician|FollowMe,RainDance,PopulationBomb,Protect|Careful|||||50|]Furfrou-Dandy||LifeOrb|FurCoat|CottonGuard,DoubleEdge,IceFang,WildCharge|Careful||F|||50|]Farigiraf||SitrusBerry|ArmorTail|TrickRoom,EnergyBall,Thunderbolt,Psychic|Quiet||M|||50|]Gallade||Galladite|Steadfast|PsychUp,Earthquake,DrainPunch,KnockOff|Adamant||M|||50|]Sinistcha||Leftovers|Hospitality|RagePowder,MatchaGotcha,LifeDew,TrickRoom|Quiet|||||50|
|showteam|p2|Swampert||Swampertite|Damp|Protect,IcePunch,WaveCrash,Earthquake|Adamant||F|||50|]Mawile||Mawilite|Intimidate|Protect,RockSlide,IronHead,PlayRough|Adamant||M|||50|]Pelipper||FocusSash|Drizzle|Tailwind,WideGuard,WeatherBall,Hurricane|Modest||M|||50|]Archaludon||Leftovers|Stamina|Protect,ElectroShot,FlashCannon,DragonPulse|Modest||F|||50|]Grimmsnarl||RoseliBerry|Prankster|FakeOut,FoulPlay,PartingShot,LightScreen|Careful||M|||50|]Farigiraf||SitrusBerry|ArmorTail|HelpingHand,TrickRoom,Psychic,Thunderbolt|Bold||F|||50|
|inactive|Battle timer is ON: inactive players will automatically lose when time's up. (requested by underlinegui)
|
|t:|1784162066
|teamsize|p1|4
|teamsize|p2|4
|start
|switch|p1a: Scolipede|Scolipede, L50, F|100/100
|switch|p1b: Maushold|Maushold-Four, L50|100/100
|switch|p2a: Grimmsnarl|Grimmsnarl, L50, M|100/100
|switch|p2b: Pelipper|Pelipper, L50, M|100/100
|-weather|RainDance|[from] ability: Drizzle|[of] p2b: Pelipper
|turn|1
|
|t:|1784162087
|switch|p2b: Archaludon|Archaludon, L50, F|100/100
|move|p1a: Scolipede|Protect|p1a: Scolipede
|-singleturn|p1a: Scolipede|Protect
|move|p2a: Grimmsnarl|Fake Out|p1a: Scolipede
|-activate|p1a: Scolipede|move: Protect
|move|p1b: Maushold|Population Bomb|p2b: Archaludon
|-resisted|p2b: Archaludon|1
|-damage|p2b: Archaludon|95/100
|-ability|p2b: Archaludon|Stamina|boost
|-boost|p2b: Archaludon|def|1
|-resisted|p2b: Archaludon|1
|-damage|p2b: Archaludon|92/100
|-ability|p2b: Archaludon|Stamina|boost
|-boost|p2b: Archaludon|def|1
|-resisted|p2b: Archaludon|1
|-damage|p2b: Archaludon|91/100
|-ability|p2b: Archaludon|Stamina|boost
|-boost|p2b: Archaludon|def|1
|-resisted|p2b: Archaludon|1
|-damage|p2b: Archaludon|89/100
|-ability|p2b: Archaludon|Stamina|boost
|-boost|p2b: Archaludon|def|1
|-resisted|p2b: Archaludon|1
|-damage|p2b: Archaludon|88/100
|-ability|p2b: Archaludon|Stamina|boost
|-boost|p2b: Archaludon|def|1
|-resisted|p2b: Archaludon|1
|-damage|p2b: Archaludon|87/100
|-ability|p2b: Archaludon|Stamina|boost
|-boost|p2b: Archaludon|def|1
|-resisted|p2b: Archaludon|1
|-damage|p2b: Archaludon|86/100
|-resisted|p2b: Archaludon|1
|-damage|p2b: Archaludon|85/100
|-resisted|p2b: Archaludon|1
|-damage|p2b: Archaludon|84/100
|-resisted|p2b: Archaludon|1
|-damage|p2b: Archaludon|83/100
|-hitcount|p2b: Archaludon|10
|
|-weather|RainDance|[upkeep]
|-heal|p2b: Archaludon|89/100|[from] item: Leftovers
|-ability|p1a: Scolipede|Speed Boost|boost
|-boost|p1a: Scolipede|spe|1
|upkeep
|turn|2
|
|t:|1784162104
|move|p1b: Maushold|Follow Me|p1b: Maushold
|-singleturn|p1b: Maushold|move: Follow Me
|move|p2a: Grimmsnarl|Parting Shot|p1b: Maushold
|-unboost|p1b: Maushold|atk|1
|-unboost|p1b: Maushold|spa|1
|
|t:|1784162109
|switch|p2a: Mawile|Mawile, L50, M|100/100|[from] Parting Shot
|-ability|p2a: Mawile|Intimidate|boost
|-unboost|p1a: Scolipede|atk|1
|-unboost|p1b: Maushold|atk|1
|move|p1a: Scolipede|Swords Dance|p1a: Scolipede
|-boost|p1a: Scolipede|atk|2
|move|p2b: Archaludon|Electro Shot||[still]
|-prepare|p2b: Archaludon|Electro Shot
|-boost|p2b: Archaludon|spa|1
|-anim|p2b: Archaludon|Electro Shot|p1b: Maushold
|-damage|p1b: Maushold|35/100
|
|-weather|RainDance|[upkeep]
|-heal|p2b: Archaludon|95/100|[from] item: Leftovers
|-ability|p1a: Scolipede|Speed Boost|boost
|-boost|p1a: Scolipede|spe|1
|upkeep
|turn|3
|inactive|ElTortacolis has 30 seconds left.
|
|t:|1784162138
|detailschange|p2a: Mawile|Mawile-Mega, L50, M
|-mega|p2a: Mawile|Mawile|Mawilite
|move|p1b: Maushold|Follow Me|p1b: Maushold
|-singleturn|p1b: Maushold|move: Follow Me
|move|p1a: Scolipede|Baton Pass|p1a: Scolipede
|
|t:|1784162143
|switch|p1a: Furfrou|Furfrou-Dandy, L50, F, shiny|100/100|[from] Baton Pass
|move|p2b: Archaludon|Electro Shot||[still]
|-prepare|p2b: Archaludon|Electro Shot
|-boost|p2b: Archaludon|spa|1
|-anim|p2b: Archaludon|Electro Shot|p1b: Maushold
|-damage|p1b: Maushold|0 fnt
|faint|p1b: Maushold
|move|p2a: Mawile|Rock Slide|p1a: Furfrou
|-damage|p1a: Furfrou|58/100
|
|-weather|RainDance|[upkeep]
|-heal|p2b: Archaludon|100/100|[from] item: Leftovers
|upkeep
|
|t:|1784162157
|switch|p1b: Gallade|Gallade, L50, M|100/100
|turn|4
|
|t:|1784162165
|detailschange|p1b: Gallade|Gallade-Mega, L50, M
|-mega|p1b: Gallade|Gallade|Galladite
|move|p2a: Mawile|Protect|p2a: Mawile
|-singleturn|p2a: Mawile|Protect
|move|p1a: Furfrou|Cotton Guard|p1a: Furfrou
|-boost|p1a: Furfrou|def|3
|move|p1b: Gallade|Psych Up|p1a: Furfrou
|-copyboost|p1b: Gallade|p1a: Furfrou|[from] move: Psych Up
|move|p2b: Archaludon|Electro Shot||[still]
|-prepare|p2b: Archaludon|Electro Shot
|-boost|p2b: Archaludon|spa|1
|-anim|p2b: Archaludon|Electro Shot|p1b: Gallade
|-damage|p1b: Gallade|0 fnt
|faint|p1b: Gallade
|
|-weather|RainDance|[upkeep]
|upkeep
|
|t:|1784162179
|switch|p1b: Scolipede|Scolipede, L50, F|100/100
|turn|5
|-message|ElTortacolis forfeited.
|raw|ElTortacolis's rating: 1000 → 1000(+0 for losing)
|raw|underlinegui's rating: 1118 → 1135(+17 for winning)
|
|win|underlinegui
|l|☆ElTortacolis
|player|p1|
