|j|☆TonyPajamas17
|j|☆ImOnX6Pace!
|html|TonyPajamas17ImOnX6Pace!    
|uhtml|bestof|Game 3 of a best-of-3
|t:|1757721720
|gametype|doubles
|player|p1|TonyPajamas17|ingo|1248
|player|p2|ImOnX6Pace!|1|1126
|gen|9
|tier|[Gen 9] VGC 2025 Reg H (Bo3)
|rated|
|rule|Species Clause: Limit one of each Pokémon
|rule|Item Clause: Limit 1 of each item
|clearpoke
|poke|p1|Tyranitar, L50, M|
|poke|p1|Excadrill, L50, F|
|poke|p1|Indeedee, L50, M|
|poke|p1|Sneasler, L50, F|
|poke|p1|Kilowattrel, L50, F|
|poke|p1|Bronzong, L50|
|poke|p2|Smeargle, L50, F|
|poke|p2|Archaludon, L50, F|
|poke|p2|Pelipper, L50, F|
|poke|p2|Inteleon, L50, F|
|poke|p2|Sneasler, L50, M|
|poke|p2|Rillaboom, L50, F|
|teampreview|4
|showteam|p1|Tyranitar||AssaultVest|SandStream|RockSlide,TeraBlast,LowKick,KnockOff|||M|||50|,,,,,Flying]Excadrill||FocusSash|SandRush|Earthquake,IronHead,Protect,HighHorsepower|||F|||50|,,,,,Ghost]Indeedee||ChoiceScarf|PsychicSurge|ExpandingForce,TeraBlast,Trick,ShadowBall|||M|||50|,,,,,Fighting]Sneasler||PsychicSeed|Unburden|CloseCombat,Protect,ThroatChop,DireClaw|||F|||50|,,,,,Dark]Kilowattrel||LifeOrb|Competitive|Discharge,Protect,Thunderbolt,AirSlash|||F|||50|,,,,,Ghost]Bronzong||CovertCloak|Levitate|TrickRoom,Imprison,Protect,BodyPress||||||50|,,,,,Rock
|showteam|p2|Smeargle||FocusSash|Moody|FakeOut,Spore,WaterShuriken,FollowMe|||F|||50|,,,,,Ghost]Archaludon||AssaultVest|Stamina|BodyPress,ElectroShot,DracoMeteor,FlashCannon|||F|||50|,,,,,Grass]Pelipper||CovertCloak|Drizzle|Tailwind,Protect,WeatherBall,Hurricane|||F|||50|,,,,,Ground]Inteleon||ScopeLens|Sniper|SnipeShot,IceBeam,Haze,Protect|||F|||50|,,,,,Water]Sneasler||GrassySeed|Unburden|DireClaw,CloseCombat,ThroatChop,Protect|||M|||50|,,,,,Stellar]Rillaboom||MiracleSeed|GrassySurge|FakeOut,Uturn,WoodHammer,GrassyGlide|||F|||50|,,,,,Fire
|inactive|Battle timer is ON: inactive players will automatically lose when time's up. (requested by ImOnX6Pace!)
|
|t:|1757721754
|teamsize|p1|4
|teamsize|p2|4
|start
|switch|p1a: Kilowattrel|Kilowattrel, L50, F|100/100
|switch|p1b: Sneasler|Sneasler, L50, F, shiny|100/100
|switch|p2a: Smeargle|Smeargle, L50, F|100/100
|switch|p2b: Archaludon|Archaludon, L50, F|100/100
|turn|1
|
|t:|1757721777
|move|p2a: Smeargle|Water Shuriken|p2b: Archaludon
|-resisted|p2b: Archaludon
|-damage|p2b: Archaludon|99/100
|-ability|p2b: Archaludon|Stamina|boost
|-boost|p2b: Archaludon|def|1
|-resisted|p2b: Archaludon
|-damage|p2b: Archaludon|99/100
|-ability|p2b: Archaludon|Stamina|boost
|-boost|p2b: Archaludon|def|1
|-resisted|p2b: Archaludon
|-damage|p2b: Archaludon|99/100
|-ability|p2b: Archaludon|Stamina|boost
|-boost|p2b: Archaludon|def|1
|-hitcount|p2b: Archaludon|3
|move|p1a: Kilowattrel|Thunderbolt|p2a: Smeargle
|-enditem|p2a: Smeargle|Focus Sash
|-damage|p2a: Smeargle|1/100
|-damage|p1a: Kilowattrel|91/100|[from] item: Life Orb
|move|p1b: Sneasler|Dire Claw|p2a: Smeargle
|-damage|p2a: Smeargle|0 fnt
|faint|p2a: Smeargle
|move|p2b: Archaludon|Body Press|p1b: Sneasler
|-resisted|p1b: Sneasler
|-damage|p1b: Sneasler|44/100
|
|upkeep
|
|t:|1757721798
|switch|p2a: Rillaboom|Rillaboom, L50, F|100/100
|-fieldstart|move: Grassy Terrain|[from] ability: Grassy Surge|[of] p2a: Rillaboom
|turn|2
|inactive|TonyPajamas17 has 30 seconds left.
|
|t:|1757721824
|-terastallize|p2a: Rillaboom|Fire
|move|p1b: Sneasler|Protect|p1b: Sneasler
|-singleturn|p1b: Sneasler|Protect
|move|p1a: Kilowattrel|Air Slash|p2a: Rillaboom
|-damage|p2a: Rillaboom|56/100
|-damage|p1a: Kilowattrel|81/100|[from] item: Life Orb
|cant|p2a: Rillaboom|flinch
|move|p2b: Archaludon|Body Press|p1b: Sneasler
|-activate|p1b: Sneasler|move: Protect
|
|-heal|p1b: Sneasler|50/100|[from] Grassy Terrain
|-heal|p2a: Rillaboom|62/100|[from] Grassy Terrain
|-heal|p2b: Archaludon|100/100|[from] Grassy Terrain
|upkeep
|turn|3
|
|t:|1757721844
|move|p2a: Rillaboom|Grassy Glide|p1b: Sneasler
|-resisted|p1b: Sneasler
|-damage|p1b: Sneasler|9/100
|move|p1a: Kilowattrel|Thunderbolt|p2a: Rillaboom
|-damage|p2a: Rillaboom|3/100
|-damage|p1a: Kilowattrel|72/100|[from] item: Life Orb
|move|p1b: Sneasler|Close Combat|p2b: Archaludon
|-supereffective|p2b: Archaludon
|-damage|p2b: Archaludon|67/100
|-unboost|p1b: Sneasler|def|1
|-unboost|p1b: Sneasler|spd|1
|-ability|p2b: Archaludon|Stamina|boost
|-boost|p2b: Archaludon|def|1
|move|p2b: Archaludon|Body Press|p1b: Sneasler
|-resisted|p1b: Sneasler
|-damage|p1b: Sneasler|0 fnt
|faint|p1b: Sneasler
|
|-heal|p2a: Rillaboom|9/100|[from] Grassy Terrain
|-heal|p2b: Archaludon|73/100|[from] Grassy Terrain
|upkeep
|
|t:|1757721863
|switch|p1b: Excadrill|Excadrill, L50, F|100/100
|turn|4
|
|t:|1757721869
|move|p1b: Excadrill|Protect|p1b: Excadrill
|-singleturn|p1b: Excadrill|Protect
|move|p2a: Rillaboom|Grassy Glide|p1a: Kilowattrel
|-resisted|p1a: Kilowattrel
|-damage|p1a: Kilowattrel|32/100
|move|p1a: Kilowattrel|Thunderbolt|p2a: Rillaboom
|-damage|p2a: Rillaboom|0 fnt
|faint|p2a: Rillaboom
|-damage|p1a: Kilowattrel|23/100|[from] item: Life Orb
|move|p2b: Archaludon|Draco Meteor|p1a: Kilowattrel
|-damage|p1a: Kilowattrel|0 fnt
|-unboost|p2b: Archaludon|spa|2
|faint|p1a: Kilowattrel
|
|-heal|p2b: Archaludon|79/100|[from] Grassy Terrain
|upkeep
|
|t:|1757721884
|switch|p1a: Tyranitar|Tyranitar, L50, M, shiny|100/100
|switch|p2a: Inteleon|Inteleon, L50, F|100/100
|-weather|Sandstorm|[from] ability: Sand Stream|[of] p1a: Tyranitar
|turn|5
|inactive|TonyPajamas17 has 30 seconds left.
|
|t:|1757721911
|-terastallize|p1b: Excadrill|Ghost
|move|p1b: Excadrill|High Horsepower|p2b: Archaludon
|-supereffective|p2b: Archaludon
|-damage|p2b: Archaludon|57/100
|-ability|p2b: Archaludon|Stamina|boost
|-boost|p2b: Archaludon|def|1
|move|p2a: Inteleon|Snipe Shot|p1a: Tyranitar
|-supereffective|p1a: Tyranitar
|-damage|p1a: Tyranitar|66/100
|move|p2b: Archaludon|Body Press|p1b: Excadrill
|-immune|p1b: Excadrill
|move|p1a: Tyranitar|Knock Off|p2a: Inteleon
|-damage|p2a: Inteleon|12/100
|-enditem|p2a: Inteleon|Scope Lens|[from] move: Knock Off|[of] p1a: Tyranitar
|
|-weather|Sandstorm|[upkeep]
|-damage|p2a: Inteleon|6/100|[from] Sandstorm
|-heal|p2a: Inteleon|12/100|[from] Grassy Terrain
|-heal|p2b: Archaludon|63/100|[from] Grassy Terrain
|-heal|p1a: Tyranitar|71/100|[from] Grassy Terrain
|upkeep
|turn|6
|inactive|TonyPajamas17 has 30 seconds left.
|
|t:|1757721940
|move|p2a: Inteleon|Protect|p2a: Inteleon
|-singleturn|p2a: Inteleon|Protect
|move|p1b: Excadrill|Iron Head|p2a: Inteleon
|-activate|p2a: Inteleon|move: Protect
|move|p2b: Archaludon|Body Press|p1a: Tyranitar
|-supereffective|p1a: Tyranitar
|-damage|p1a: Tyranitar|0 fnt
|faint|p1a: Tyranitar
|
|-weather|Sandstorm|[upkeep]
|-damage|p2a: Inteleon|6/100|[from] Sandstorm
|-heal|p2a: Inteleon|12/100|[from] Grassy Terrain
|-heal|p2b: Archaludon|69/100|[from] Grassy Terrain
|-fieldend|move: Grassy Terrain
|upkeep
|turn|7
|
|t:|1757721961
|move|p1b: Excadrill|Earthquake|p2b: Archaludon|[spread] p2a,p2b
|-supereffective|p2b: Archaludon
|-damage|p2a: Inteleon|0 fnt
|-damage|p2b: Archaludon|54/100
|-ability|p2b: Archaludon|Stamina|boost
|-boost|p2b: Archaludon|def|1
|faint|p2a: Inteleon
|move|p2b: Archaludon|Electro Shot||[still]
|-prepare|p2b: Archaludon|Electro Shot
|-boost|p2b: Archaludon|spa|1
|
|-weather|Sandstorm|[upkeep]
|upkeep
|turn|8
|
|t:|1757721970
|move|p1b: Excadrill|Protect|p1b: Excadrill
|-singleturn|p1b: Excadrill|Protect
|move|p2b: Archaludon|Electro Shot|p1b: Excadrill|[from] lockedmove
|-activate|p1b: Excadrill|move: Protect
|
|-weather|Sandstorm|[upkeep]
|upkeep
|turn|9
|
|t:|1757721985
|move|p1b: Excadrill|Earthquake|p2b: Archaludon
|-supereffective|p2b: Archaludon
|-damage|p2b: Archaludon|34/100
|move|p2b: Archaludon|Flash Cannon|p1b: Excadrill
|-damage|p1b: Excadrill|68/100
|
|-weather|none
|upkeep
|turn|10
|
|t:|1757721992
|move|p1b: Excadrill|Earthquake|p2b: Archaludon
|-supereffective|p2b: Archaludon
|-damage|p2b: Archaludon|15/100
|move|p2b: Archaludon|Draco Meteor|p1b: Excadrill
|-damage|p1b: Excadrill|23/100
|-unboost|p2b: Archaludon|spa|2
|
|upkeep
|turn|11
|
|t:|1757721999
|move|p1b: Excadrill|Earthquake|p2b: Archaludon
|-supereffective|p2b: Archaludon
|-damage|p2b: Archaludon|0 fnt
|faint|p2b: Archaludon
|
|win|TonyPajamas17
|raw|TonyPajamas17's rating: 1248 → 1265(+17 for winning)
|raw|ImOnX6Pace!'s rating: 1126 → 1109(-17 for losing)
|l|☆ImOnX6Pace!
|player|p2|
|l|☆TonyPajamas17
|player|p1|
