|j|☆pepethegoatscrote
|j|☆eklyst
|html|pepethegoatscroteeklyst    
|uhtml|bestof|Game 2 of a best-of-3
|t:|1783197635
|gametype|doubles
|player|p1|pepethegoatscrote|170|1165
|player|p2|eklyst|pokemaniac|1069
|gen|9
|tier|[Gen 9 Champions] VGC 2026 Reg M-B (Bo3)
|rated|
|rule|Species Clause: Limit one of each Pokémon
|rule|Item Clause: Limit 1 of each item
|clearpoke
|poke|p1|Charizard, L50, M, shiny|
|poke|p1|Ninetales-Alola, L50, F|
|poke|p1|Kingambit, L50, F|
|poke|p1|Milotic, L50, M|
|poke|p1|Sinistcha, L50|
|poke|p1|Sneasler, L50, M|
|poke|p2|Metagross, L50|
|poke|p2|Floette-Eternal, L50, F|
|poke|p2|Garchomp, L50, M|
|poke|p2|Aerodactyl, L50, F|
|poke|p2|Sinistcha, L50|
|poke|p2|Incineroar, L50, F|
|teampreview|4
|showteam|p1|Charizard||CharizarditeX|Blaze|FlareBlitz,WillOWisp,Roost,Protect|Jolly||M|||50|]Ninetales-Alola||NeverMeltIce|SnowWarning|FreezeDry,IcyWind,AuroraVeil,Blizzard|Timid||F|||50|]Kingambit||BlackGlasses|Defiant|KowtowCleave,SuckerPunch,IronHead,LowKick|Adamant||F|||50|]Milotic||Leftovers|Competitive|Scald,Recover,Haze,Protect|Modest||M|||50|]Sinistcha||SitrusBerry|Hospitality|MatchaGotcha,LifeDew,RagePowder,TrickRoom|Calm|||||50|]Sneasler||WhiteHerb|Unburden|FakeOut,CloseCombat,DireClaw,Protect|Adamant||M|||50|
|showteam|p2|Metagross||Metagrossite|ClearBody|IronHead,BulletPunch,PsychicFangs,Protect|Adamant|||||50|]Floette-Eternal||Floettite|FlowerVeil|Moonblast,DazzlingGleam,CalmMind,Protect|Modest||F|||50|]Garchomp||LifeOrb|RoughSkin|RockSlide,StompingTantrum,DragonClaw,Protect|Jolly||M|||50|]Aerodactyl||FocusSash|Unnerve|RockSlide,DualWingbeat,Tailwind,Protect|Jolly||F|||50|]Sinistcha||KasibBerry|Hospitality|MatchaGotcha,TrickRoom,RagePowder,Protect|Relaxed|||||50|]Incineroar||SitrusBerry|Intimidate|FakeOut,FlareBlitz,ThroatChop,PartingShot|Adamant||F|||50|
|inactive|Battle timer is ON: inactive players will automatically lose when time's up. (requested by eklyst)
|inactive|pepethegoatscrote has 60 seconds left.
|inactive|eklyst has 60 seconds left.
|inactive|eklyst has 30 seconds left.
|inactive|eklyst has 20 seconds left.
|
|t:|1783197707
|teamsize|p1|4
|teamsize|p2|4
|start
|switch|p1a: Ninetales|Ninetales-Alola, L50, F|100/100
|switch|p1b: Sneasler|Sneasler, L50, M|100/100
|switch|p2a: Metagross|Metagross, L50|100/100
|switch|p2b: Garchomp|Garchomp, L50, M|100/100
|-weather|Snowscape|[from] ability: Snow Warning|[of] p1a: Ninetales
|turn|1
|
|t:|1783197730
|detailschange|p2a: Metagross|Metagross-Mega, L50
|-mega|p2a: Metagross|Metagross|Metagrossite
|move|p2b: Garchomp|Protect|p2b: Garchomp
|-singleturn|p2b: Garchomp|Protect
|move|p1b: Sneasler|Fake Out|p2a: Metagross
|-resisted|p2a: Metagross|1
|-damage|p2a: Metagross|94/100
|move|p1a: Ninetales|Aurora Veil|p1a: Ninetales
|-sidestart|p1: pepethegoatscrote|move: Aurora Veil
|cant|p2a: Metagross|flinch
|
|-weather|Snowscape|[upkeep]
|upkeep
|turn|2
|
|t:|1783197741
|switch|p2b: Floette|Floette-Eternal, L50, F|100/100
|move|p1b: Sneasler|Protect|p1b: Sneasler
|-singleturn|p1b: Sneasler|Protect
|move|p1a: Ninetales|Icy Wind|p2a: Metagross|[spread] p2a,p2b
|-resisted|p2a: Metagross|1
|-damage|p2a: Metagross|87/100
|-damage|p2b: Floette|88/100
|-unboost|p2a: Metagross|spe|1
|-unboost|p2b: Floette|spe|1
|move|p2a: Metagross|Iron Head|p1a: Ninetales
|-supereffective|p1a: Ninetales|2
|-damage|p1a: Ninetales|0 fnt
|faint|p1a: Ninetales
|
|-weather|Snowscape|[upkeep]
|upkeep
|
|t:|1783197753
|switch|p1a: Charizard|Charizard, L50, M, shiny|100/100
|turn|3
|
|t:|1783197761
|switch|p2b: Garchomp|Garchomp, L50, M|100/100
|detailschange|p1a: Charizard|Charizard-Mega-X, L50, M, shiny
|-mega|p1a: Charizard|Charizard|Charizardite X
|move|p2a: Metagross|Bullet Punch|p1b: Sneasler
|-damage|p1b: Sneasler|63/100
|move|p1b: Sneasler|Dire Claw|p2b: Garchomp
|-resisted|p2b: Garchomp|1
|-damage|p2b: Garchomp|76/100
|-damage|p1b: Sneasler|51/100|[from] ability: Rough Skin|[of] p2b: Garchomp
|move|p1a: Charizard|Flare Blitz|p2a: Metagross
|-supereffective|p2a: Metagross|1
|-damage|p2a: Metagross|0 fnt
|faint|p2a: Metagross
|-damage|p1a: Charizard|71/100|[from] Recoil
|
|-weather|Snowscape|[upkeep]
|upkeep
|
|t:|1783197777
|switch|p2a: Aerodactyl|Aerodactyl, L50, F|100/100
|-ability|p2a: Aerodactyl|Unnerve
|turn|4
|inactive|pepethegoatscrote has 30 seconds left.
|
|t:|1783197802
|move|p1b: Sneasler|Protect|p1b: Sneasler
|-singleturn|p1b: Sneasler|Protect
|move|p2a: Aerodactyl|Tailwind|p2a: Aerodactyl
|-sidestart|p2: eklyst|move: Tailwind
|move|p2b: Garchomp|Stomping Tantrum|p1b: Sneasler
|-activate|p1b: Sneasler|move: Protect
|move|p1a: Charizard|Will-O-Wisp|p2b: Garchomp|[miss]
|-miss|p1a: Charizard|p2b: Garchomp
|
|-weather|Snowscape|[upkeep]
|upkeep
|turn|5
|
|t:|1783197817
|switch|p1b: Kingambit|Kingambit, L50, F|100/100
|move|p2a: Aerodactyl|Dual Wingbeat|p1b: Kingambit
|-resisted|p1b: Kingambit|1
|-crit|p1b: Kingambit
|-damage|p1b: Kingambit|89/100
|-resisted|p1b: Kingambit|1
|-damage|p1b: Kingambit|85/100
|-hitcount|p1b: Kingambit|2
|move|p2b: Garchomp|Stomping Tantrum|p1a: Charizard
|-supereffective|p1a: Charizard|1
|-damage|p1a: Charizard|5/100
|-damage|p2b: Garchomp|66/100|[from] item: Life Orb
|move|p1a: Charizard|Will-O-Wisp|p2b: Garchomp
|-status|p2b: Garchomp|brn
|
|-weather|none
|-damage|p2b: Garchomp|60/100 brn|[from] brn
|-sideend|p1: pepethegoatscrote|move: Aurora Veil
|upkeep
|turn|6
|inactive|pepethegoatscrote has 30 seconds left.
|
|t:|1783197846
|move|p1a: Charizard|Protect|p1a: Charizard
|-singleturn|p1a: Charizard|Protect
|move|p2a: Aerodactyl|Dual Wingbeat|p1a: Charizard
|-activate|p1a: Charizard|move: Protect
|move|p2b: Garchomp|Stomping Tantrum|p1b: Kingambit
|-supereffective|p1b: Kingambit|1
|-damage|p1b: Kingambit|47/100
|-damage|p2b: Garchomp|50/100g brn|[from] item: Life Orb
|move|p1b: Kingambit|Iron Head|p2a: Aerodactyl
|-supereffective|p2a: Aerodactyl|1
|-enditem|p2a: Aerodactyl|Focus Sash
|-damage|p2a: Aerodactyl|1/100
|
|-damage|p2b: Garchomp|44/100 brn|[from] brn
|upkeep
|turn|7
|
|t:|1783197866
|move|p2a: Aerodactyl|Protect|p2a: Aerodactyl
|-singleturn|p2a: Aerodactyl|Protect
|move|p1b: Kingambit|Sucker Punch|p2b: Garchomp
|-damage|p2b: Garchomp|0 fnt
|-damage|p1b: Kingambit|35/100|[from] ability: Rough Skin|[of] p2b: Garchomp
|faint|p2b: Garchomp
|move|p1a: Charizard|Roost|p1a: Charizard
|-heal|p1a: Charizard|55/100
|-singleturn|p1a: Charizard|move: Roost
|
|-sideend|p2: eklyst|move: Tailwind
|upkeep
|
|t:|1783197874
|switch|p2b: Floette|Floette-Eternal, L50, F|88/100
|turn|8
|inactive|pepethegoatscrote has 30 seconds left.
|
|t:|1783197901
|switch|p1b: Sneasler|Sneasler, L50, M|51/100
|move|p2a: Aerodactyl|Tailwind|p2a: Aerodactyl
|-sidestart|p2: eklyst|move: Tailwind
|move|p2b: Floette|Dazzling Gleam|p1b: Sneasler|[spread] p1a,p1b
|-damage|p1a: Charizard|21/100
|-damage|p1b: Sneasler|6/100
|move|p1a: Charizard|Flare Blitz|p2b: Floette
|-damage|p2b: Floette|14/100
|-damage|p1a: Charizard|0 fnt|[from] Recoil
|faint|p1a: Charizard
|
|upkeep
|
|t:|1783197911
|switch|p1a: Kingambit|Kingambit, L50, F|35/100
|turn|9
|
|t:|1783197924
|move|p2a: Aerodactyl|Protect|p2a: Aerodactyl
|-singleturn|p2a: Aerodactyl|Protect
|move|p2b: Floette|Protect|p2b: Floette
|-singleturn|p2b: Floette|Protect
|move|p1b: Sneasler|Fake Out|p2b: Floette
|-activate|p2b: Floette|move: Protect
|move|p1a: Kingambit|Sucker Punch||[still]
|-fail|p1a: Kingambit
|
|upkeep
|turn|10
|
|t:|1783197946
|move|p1a: Kingambit|Sucker Punch||[still]
|-fail|p1a: Kingambit
|move|p2a: Aerodactyl|Rock Slide|p1b: Sneasler|[spread] p1a,p1b
|-resisted|p1a: Kingambit|1
|-resisted|p1b: Sneasler|1
|-damage|p1a: Kingambit|26/100
|-damage|p1b: Sneasler|0 fnt
|faint|p1b: Sneasler
|move|p2b: Floette|Calm Mind|p2b: Floette
|-boost|p2b: Floette|spa|1
|-boost|p2b: Floette|spd|1
|
|upkeep
|turn|11
|
|t:|1783197959
|move|p1a: Kingambit|Sucker Punch|p2b: Floette
|-resisted|p2b: Floette|1
|-crit|p2b: Floette
|-damage|p2b: Floette|0 fnt
|faint|p2b: Floette
|move|p2a: Aerodactyl|Rock Slide|p1a: Kingambit
|-resisted|p1a: Kingambit|1
|-damage|p1a: Kingambit|13/100
|
|-sideend|p2: eklyst|move: Tailwind
|upkeep
|turn|12
|
|t:|1783197967
|move|p1a: Kingambit|Sucker Punch|p2a: Aerodactyl
|-damage|p2a: Aerodactyl|0 fnt
|faint|p2a: Aerodactyl
|
|win|pepethegoatscrote
|raw|pepethegoatscrote's rating: 1165 → 1183(+18 for winning)
|raw|eklyst's rating: 1069 → 1054(-15 for losing)
|l|☆pepethegoatscrote
|player|p1|
