|j|☆Wizardo22
|j|☆Devxp
|html|Wizardo22Devxp    
|uhtml|bestof|Game 2 of a best-of-3
|t:|1785120973
|gametype|doubles
|player|p1|Wizardo22|lance|
|player|p2|Devxp|266|
|gen|9
|tier|[Gen 9 Champions] VGC 2026 Reg M-B (Bo3)
|rule|Species Clause: Limit one of each Pokémon
|rule|Item Clause: Limit 1 of each item
|clearpoke
|poke|p1|Kleavor, L50, M|
|poke|p1|Aromatisse, L50, F|
|poke|p1|Camerupt, L50, F|
|poke|p1|Raichu, L50, F|
|poke|p1|Heliolisk, L50, M|
|poke|p1|Torkoal, L50, F|
|poke|p2|Staraptor, L50, M, shiny|
|poke|p2|Ninetales-Alola, L50, F, shiny|
|poke|p2|Typhlosion-Hisui, L50, F|
|poke|p2|Raichu, L50, F, shiny|
|poke|p2|Greninja, L50, F|
|poke|p2|Lycanroc-Dusk, L50, F|
|teampreview|4
|showteam|p1|Kleavor||FocusSash|SheerForce|RockSlide,Lunge,Protect,Tailwind|Adamant||M|||50|]Aromatisse||BabiriBerry|AromaVeil|Moonblast,Encore,HelpingHand,TrickRoom|Bold||F|||50|]Camerupt||Cameruptite|MagmaArmor|Eruption,HeatWave,EarthPower,Protect|Modest||F|||50|]Raichu||RaichuniteX|Static|RisingVoltage,HelpingHand,Protect,FakeOut|Timid||F|||50|]Heliolisk||LifeOrb|SolarPower|RisingVoltage,HyperVoice,WeatherBall,Protect|Quiet||M|||50|]Torkoal||Charcoal|Drought|Eruption,HeatWave,HelpingHand,Protect|Modest||F|||50|
|showteam|p2|Staraptor||Staraptite|Intimidate|CloseCombat,FinalGambit,Protect,BlazeKick|Jolly||M|||50|]Ninetales-Alola||LightClay|SnowWarning|AuroraVeil,Blizzard,FreezeDry,Protect|Timid||F|||50|]Typhlosion-Hisui||LifeOrb|Frisk|HeatWave,Protect,ShadowBall,Overheat|Timid||F|||50|]Raichu||FocusSash|Static|FakeOut,GrassKnot,Nuzzle,VoltTackle|Jolly||F|||50|]Greninja||Greninjite|Protean|WaterShuriken,HydroPump,IceBeam,Protect|Timid||F|||50|]Lycanroc-Dusk||HardStone|ToughClaws|RockSlide,Trailblaze,CloseCombat,Accelerock|Jolly||F|||50|
|
|t:|1785121013
|teamsize|p1|4
|teamsize|p2|4
|start
|switch|p1a: Aromatisse|Aromatisse, L50, F|100/100
|switch|p1b: Raichu|Raichu, L50, F|100/100
|switch|p2a: Ninetales|Ninetales-Alola, L50, F, shiny|100/100
|switch|p2b: Staraptor|Staraptor, L50, M, shiny|100/100
|-weather|Snowscape|[from] ability: Snow Warning|[of] p2a: Ninetales
|-ability|p2b: Staraptor|Intimidate|boost
|-unboost|p1a: Aromatisse|atk|1
|-unboost|p1b: Raichu|atk|1
|turn|1
|
|t:|1785121049
|move|p2b: Staraptor|Protect|p2b: Staraptor
|-singleturn|p2b: Staraptor|Protect
|move|p1b: Raichu|Fake Out|p2a: Ninetales
|-damage|p2a: Ninetales|94/100
|cant|p2a: Ninetales|flinch
|move|p1a: Aromatisse|Trick Room|p1a: Aromatisse
|-fieldstart|move: Trick Room|[of] p1a: Aromatisse
|
|-weather|Snowscape|[upkeep]
|upkeep
|turn|2
|
|t:|1785121110
|switch|p2b: Typhlosion|Typhlosion-Hisui, L50, F|100/100
|-item|p1a: Aromatisse|Babiri Berry|[from] ability: Frisk|[of] p2b: Typhlosion
|-item|p1b: Raichu|Raichunite X|[from] ability: Frisk|[of] p2b: Typhlosion
|detailschange|p1b: Raichu|Raichu-Mega-X, L50, F
|-mega|p1b: Raichu|Raichu|Raichunite X
|-fieldstart|move: Electric Terrain|[from] ability: Electric Surge|[of] p1b: Raichu
|move|p1a: Aromatisse|Encore||[still]
|-fail|p1a: Aromatisse
|move|p2a: Ninetales|Aurora Veil|p2a: Ninetales
|-sidestart|p2: Devxp|move: Aurora Veil
|move|p1b: Raichu|Rising Voltage|p2a: Ninetales
|-hint|Rising Voltage's BP doubled on grounded target.
|-damage|p2a: Ninetales|36/100
|
|-weather|Snowscape|[upkeep]
|upkeep
|turn|3
|
|t:|1785121172
|switch|p1a: Torkoal|Torkoal, L50, F|100/100
|-weather|SunnyDay|[from] ability: Drought|[of] p1a: Torkoal
|move|p2a: Ninetales|Protect|p2a: Ninetales
|-singleturn|p2a: Ninetales|Protect
|move|p2b: Typhlosion|Heat Wave|p1b: Raichu|[spread] p1a,p1b
|-resisted|p1a: Torkoal|1
|-damage|p1a: Torkoal|52/100
|-damage|p1b: Raichu|13/100
|-damage|p2b: Typhlosion|90/100|[from] item: Life Orb
|move|p1b: Raichu|Rising Voltage|p2a: Ninetales
|-activate|p2a: Ninetales|move: Protect
|
|-weather|SunnyDay|[upkeep]
|upkeep
|turn|4
|
|t:|1785121203
|switch|p2a: Lycanroc|Lycanroc-Dusk, L50, F|100/100
|move|p1b: Raichu|Helping Hand|p1a: Torkoal
|-singleturn|p1a: Torkoal|Helping Hand|[of] p1b: Raichu
|move|p1a: Torkoal|Heat Wave|p2b: Typhlosion|[spread] p2a,p2b
|-resisted|p2a: Lycanroc|1
|-resisted|p2b: Typhlosion|1
|-damage|p2a: Lycanroc|58/100
|-damage|p2b: Typhlosion|51/100
|move|p2b: Typhlosion|Heat Wave|p1b: Raichu|[spread] 
|-miss|p2b: Typhlosion|p1a: Torkoal
|-miss|p2b: Typhlosion|p1b: Raichu
|
|-weather|SunnyDay|[upkeep]
|upkeep
|turn|5
|c|☆Wizardo22|That sucks man
|
|t:|1785121234
|move|p1b: Raichu|Protect|p1b: Raichu
|-singleturn|p1b: Raichu|Protect
|move|p2a: Lycanroc|Accelerock|p1b: Raichu
|-activate|p1b: Raichu|move: Protect
|move|p1a: Torkoal|Heat Wave|p2a: Lycanroc|[spread] p2a,p2b
|-resisted|p2a: Lycanroc|1
|-resisted|p2b: Typhlosion|1
|-damage|p2a: Lycanroc|28/100
|-damage|p2b: Typhlosion|26/100
|move|p2b: Typhlosion|Overheat|p1a: Torkoal
|-resisted|p1a: Torkoal|1
|-damage|p1a: Torkoal|0 fnt
|-unboost|p2b: Typhlosion|spa|2
|faint|p1a: Torkoal
|-damage|p2b: Typhlosion|16/100|[from] item: Life Orb
|
|-weather|SunnyDay|[upkeep]
|-fieldend|move: Trick Room
|upkeep
|
|t:|1785121299
|switch|p1a: Aromatisse|Aromatisse, L50, F|100/100
|turn|6
|
|t:|1785121313
|switch|p1b: Camerupt|Camerupt, L50, F|100/100
|move|p2a: Lycanroc|Accelerock|p1b: Camerupt
|-crit|p1b: Camerupt
|-damage|p1b: Camerupt|35/100
|move|p2b: Typhlosion|Overheat|p1a: Aromatisse
|-damage|p1a: Aromatisse|41/100
|-unboost|p2b: Typhlosion|spa|2
|-damage|p2b: Typhlosion|6/100|[from] item: Life Orb
|move|p1a: Aromatisse|Moonblast|p2a: Lycanroc
|-damage|p2a: Lycanroc|0 fnt
|faint|p2a: Lycanroc
|
|-weather|SunnyDay|[upkeep]
|-fieldend|move: Electric Terrain
|upkeep
|
|t:|1785121332
|switch|p2a: Staraptor|Staraptor, L50, M, shiny|100/100
|-ability|p2a: Staraptor|Intimidate|boost
|-unboost|p1a: Aromatisse|atk|1
|-unboost|p1b: Camerupt|atk|1
|turn|7
|
|t:|1785121370
|move|p1b: Camerupt|Protect|p1b: Camerupt
|-singleturn|p1b: Camerupt|Protect
|move|p2a: Staraptor|Close Combat|p1b: Camerupt
|-activate|p1b: Camerupt|move: Protect
|move|p2b: Typhlosion|Overheat|p1a: Aromatisse
|-damage|p1a: Aromatisse|1/100
|-unboost|p2b: Typhlosion|spa|2
|-damage|p2b: Typhlosion|0 fnt|[from] item: Life Orb
|faint|p2b: Typhlosion
|move|p1a: Aromatisse|Moonblast|p2a: Staraptor
|-damage|p2a: Staraptor|69/100
|
|-weather|none
|upkeep
|
|t:|1785121382
|switch|p2b: Ninetales|Ninetales-Alola, L50, F, shiny|36/100
|-weather|Snowscape|[from] ability: Snow Warning|[of] p2b: Ninetales
|turn|8
|
|t:|1785121396
|detailschange|p2a: Staraptor|Staraptor-Mega, L50, M, shiny
|-mega|p2a: Staraptor|Staraptor|Staraptite
|move|p2a: Staraptor|Close Combat|p1b: Camerupt
|-crit|p1b: Camerupt
|-damage|p1b: Camerupt|0 fnt
|-boost|p2a: Staraptor|def|1
|-boost|p2a: Staraptor|spd|1
|faint|p1b: Camerupt
|move|p2b: Ninetales|Blizzard|p1a: Aromatisse
|-damage|p1a: Aromatisse|0 fnt
|faint|p1a: Aromatisse
|
|-weather|Snowscape|[upkeep]
|upkeep
|
|t:|1785121428
|switch|p1b: Raichu|Raichu-Mega-X, L50, F|13/100
|-fieldstart|move: Electric Terrain|[from] ability: Electric Surge|[of] p1b: Raichu
|turn|9
|
|t:|1785121447
|move|p1b: Raichu|Rising Voltage|p2b: Ninetales
|-hint|Rising Voltage's BP doubled on grounded target.
|-damage|p2b: Ninetales|0 fnt
|faint|p2b: Ninetales
|move|p2a: Staraptor|Close Combat|p1b: Raichu
|-damage|p1b: Raichu|0 fnt
|-boost|p2a: Staraptor|def|1
|-boost|p2a: Staraptor|spd|1
|faint|p1b: Raichu
|
|win|Devxp
||Wizardo22 is ready for game 3.
||Devxp is ready for game 3.
|uhtml|next|Next: Game 3 of 3
