|j|☆Crying Flurmels
|j|☆achiphoond
|html|Crying Flurmelsachiphoond    
|uhtml|bestof|Game 1 of a best-of-3
|t:|1756925585
|gametype|doubles
|player|p1|Crying Flurmels|102|
|player|p2|achiphoond|1|
|gen|9
|tier|[Gen 9] VGC 2025 Reg H (Bo3)
|rule|Species Clause: Limit one of each Pokémon
|rule|Item Clause: Limit 1 of each item
|clearpoke
|poke|p1|Murkrow, L50, F|
|poke|p1|Volcarona, L50, M|
|poke|p1|Sneasler, L50, M|
|poke|p1|Kingambit, L50, M|
|poke|p1|Dragonite, L50, M|
|poke|p1|Rillaboom, L50, F|
|poke|p2|Gholdengo, L50|
|poke|p2|Sneasler, L50, M|
|poke|p2|Rillaboom, L50, F|
|poke|p2|Dragonite, L50, F|
|poke|p2|Ninetales-Alola, L50, M|
|poke|p2|Arcanine-Hisui, L50, F|
|teampreview|4
|showteam|p1|Murkrow||Eviolite|Prankster|FoulPlay,Tailwind,Haze,SunnyDay|||F|||50|,,,,,Ghost]Volcarona||CovertCloak|FlameBody|HeatWave,TeraBlast,QuiverDance,Protect|||M|||50|,,,,,Water]Sneasler||GrassySeed|Unburden|DireClaw,CloseCombat,Protect,Coaching|||M|||50|,,,,,Stellar]Kingambit||BlackGlasses|Defiant|KowtowCleave,SuckerPunch,SwordsDance,Protect|||M|||50|,,,,,Dark]Dragonite||ChoiceBand|InnerFocus|Outrage,StompingTantrum,LowKick,ExtremeSpeed|||M|||50|,,,,,Normal]Rillaboom||MiracleSeed|GrassySurge|WoodHammer,GrassyGlide,Uturn,FakeOut|||F|||50|,,,,,Fire
|showteam|p2|Gholdengo||GrassySeed|GoodasGold|NastyPlot,MakeItRain,ShadowBall,Protect||||||50|,,,,,Water]Sneasler||WhiteHerb|Unburden|CloseCombat,DireClaw,Coaching,Protect|||M|||50|,,,,,Ghost]Rillaboom||AssaultVest|GrassySurge|FakeOut,GrassyGlide,DrumBeating,HighHorsepower|||F|||50|,,,,,Fire]Dragonite||LoadedDice|Multiscale|ScaleShot,StompingTantrum,Tailwind,Protect|||F|||50|,,,,,Ground]Ninetales-Alola||FocusSash|SnowWarning|Blizzard,IcyWind,Encore,AuroraVeil|||M|||50|,,,,,Ghost]Arcanine-Hisui||ClearAmulet|Intimidate|RockSlide,FlareBlitz,ExtremeSpeed,Protect|||F|||50|,,,,,Water
|inactive|Battle timer is ON: inactive players will automatically lose when time's up. (requested by achiphoond)
|c|☆Crying Flurmels|glhf
|c|☆achiphoond|glhf
|inactive|achiphoond has 60 seconds left.
|inactive|achiphoond has 30 seconds left.
|inactive|achiphoond has 20 seconds left.
|inactive|achiphoond has 15 seconds left.
|inactive|achiphoond has 10 seconds left.
|inactive|achiphoond has 5 seconds left.
|
|t:|1756925673
|teamsize|p1|4
|teamsize|p2|4
|start
|switch|p1a: Volcarona|Volcarona, L50, M|100/100
|switch|p1b: Rillaboom|Rillaboom, L50, F, shiny|100/100
|switch|p2a: Sneasler|Sneasler, L50, M|100/100
|switch|p2b: Dragonite|Dragonite, L50, F|100/100
|-fieldstart|move: Grassy Terrain|[from] ability: Grassy Surge|[of] p1b: Rillaboom
|turn|1
|
|t:|1756925693
|move|p1b: Rillaboom|Fake Out|p2b: Dragonite
|-damage|p2b: Dragonite|92/100
|move|p2a: Sneasler|Coaching|p2b: Dragonite
|-boost|p2b: Dragonite|atk|1
|-boost|p2b: Dragonite|def|1
|move|p1a: Volcarona|Quiver Dance|p1a: Volcarona
|-boost|p1a: Volcarona|spa|1
|-boost|p1a: Volcarona|spd|1
|-boost|p1a: Volcarona|spe|1
|cant|p2b: Dragonite|flinch
|
|upkeep
|turn|2
|
|t:|1756925706
|move|p1b: Rillaboom|Grassy Glide|p2a: Sneasler
|-resisted|p2a: Sneasler
|-damage|p2a: Sneasler|72/100
|move|p1a: Volcarona|Heat Wave|p2b: Dragonite|[spread] p2a,p2b
|-resisted|p2b: Dragonite
|-damage|p2a: Sneasler|11/100
|-damage|p2b: Dragonite|65/100
|-status|p2b: Dragonite|brn
|move|p2a: Sneasler|Coaching|p2b: Dragonite
|-boost|p2b: Dragonite|atk|1
|-boost|p2b: Dragonite|def|1
|move|p2b: Dragonite|Scale Shot|p1a: Volcarona
|-damage|p1a: Volcarona|84/100
|-damage|p1a: Volcarona|68/100
|-damage|p1a: Volcarona|52/100
|-damage|p1a: Volcarona|36/100
|-hitcount|p1a: Volcarona|4
|-unboost|p2b: Dragonite|def|1
|-boost|p2b: Dragonite|spe|1
|
|-heal|p1a: Volcarona|43/100|[from] Grassy Terrain
|-heal|p2a: Sneasler|17/100|[from] Grassy Terrain
|-damage|p2b: Dragonite|59/100 brn|[from] brn
|upkeep
|turn|3
|inactive|Crying Flurmels has 30 seconds left.
|inactive|achiphoond has 30 seconds left.
|
|t:|1756925738
|move|p1a: Volcarona|Protect|p1a: Volcarona
|-singleturn|p1a: Volcarona|Protect
|move|p2a: Sneasler|Protect|p2a: Sneasler
|-singleturn|p2a: Sneasler|Protect
|move|p1b: Rillaboom|Grassy Glide|p2a: Sneasler
|-activate|p2a: Sneasler|move: Protect
|move|p2b: Dragonite|Tailwind|p2b: Dragonite
|-sidestart|p2: achiphoond|move: Tailwind
|
|-heal|p2a: Sneasler|23/100|[from] Grassy Terrain
|-heal|p1a: Volcarona|49/100|[from] Grassy Terrain
|-damage|p2b: Dragonite|53/100 brn|[from] brn
|upkeep
|turn|4
|
|t:|1756925757
|switch|p2a: Gholdengo|Gholdengo, L50|100/100
|-enditem|p2a: Gholdengo|Grassy Seed
|-boost|p2a: Gholdengo|def|1|[from] item: Grassy Seed
|switch|p1a: Kingambit|Kingambit, L50, M, shiny|100/100
|move|p1b: Rillaboom|Grassy Glide|p2a: Gholdengo
|-resisted|p2a: Gholdengo
|-damage|p2a: Gholdengo|86/100
|move|p2b: Dragonite|Scale Shot|p1a: Kingambit
|-resisted|p1a: Kingambit
|-damage|p1a: Kingambit|95/100
|-resisted|p1a: Kingambit
|-damage|p1a: Kingambit|89/100
|-resisted|p1a: Kingambit
|-damage|p1a: Kingambit|83/100
|-resisted|p1a: Kingambit
|-damage|p1a: Kingambit|77/100
|-resisted|p1a: Kingambit
|-damage|p1a: Kingambit|70/100
|-hitcount|p1a: Kingambit|5
|-unboost|p2b: Dragonite|def|1
|-boost|p2b: Dragonite|spe|1
|
|-heal|p2a: Gholdengo|93/100|[from] Grassy Terrain
|-heal|p1a: Kingambit|76/100|[from] Grassy Terrain
|-damage|p2b: Dragonite|47/100 brn|[from] brn
|upkeep
|turn|5
|inactive|Crying Flurmels has 30 seconds left.
|inactive|achiphoond has 30 seconds left.
|inactive|achiphoond has 20 seconds left.
|inactive|achiphoond has 15 seconds left.
|inactive|achiphoond has 10 seconds left.
|
|t:|1756925804
|-terastallize|p1a: Kingambit|Dark
|move|p1a: Kingambit|Sucker Punch|p2b: Dragonite
|-damage|p2b: Dragonite|0 fnt
|faint|p2b: Dragonite
|move|p2a: Gholdengo|Nasty Plot|p2a: Gholdengo
|-boost|p2a: Gholdengo|spa|2
|move|p1b: Rillaboom|Wood Hammer|p2a: Gholdengo
|-resisted|p2a: Gholdengo
|-damage|p2a: Gholdengo|61/100
|-damage|p1b: Rillaboom|91/100|[from] Recoil
|
|-heal|p2a: Gholdengo|68/100|[from] Grassy Terrain
|-heal|p1b: Rillaboom|97/100|[from] Grassy Terrain
|-heal|p1a: Kingambit|82/100|[from] Grassy Terrain
|-fieldend|move: Grassy Terrain
|upkeep
|
|t:|1756925824
|switch|p2b: Sneasler|Sneasler, L50, M|23/100
|turn|6
|
|t:|1756925845
|switch|p1b: Volcarona|Volcarona, L50, M|49/100
|-terastallize|p2a: Gholdengo|Water
|move|p1a: Kingambit|Protect|p1a: Kingambit
|-singleturn|p1a: Kingambit|Protect
|move|p2b: Sneasler|Dire Claw|p1b: Volcarona
|-damage|p1b: Volcarona|0 fnt
|-status|p2b: Sneasler|brn|[from] ability: Flame Body|[of] p1b: Volcarona
|faint|p1b: Volcarona
|move|p2a: Gholdengo|Make It Rain|p1a: Kingambit
|-activate|p1a: Kingambit|move: Protect
|
|-damage|p2b: Sneasler|17/100 brn|[from] brn
|-sideend|p2: achiphoond|move: Tailwind
|upkeep
|
|t:|1756925854
|switch|p1b: Rillaboom|Rillaboom, L50, F, shiny|97/100
|-fieldstart|move: Grassy Terrain|[from] ability: Grassy Surge|[of] p1b: Rillaboom
|turn|7
|inactive|Crying Flurmels has 30 seconds left.
|inactive|achiphoond has 30 seconds left.
|inactive|achiphoond has 20 seconds left.
|
|t:|1756925914
|move|p2a: Gholdengo|Protect|p2a: Gholdengo
|-singleturn|p2a: Gholdengo|Protect
|move|p1b: Rillaboom|Grassy Glide|p2a: Gholdengo
|-activate|p2a: Gholdengo|move: Protect
|move|p1a: Kingambit|Sucker Punch|p2b: Sneasler
|-resisted|p2b: Sneasler
|-damage|p2b: Sneasler|0 fnt
|faint|p2b: Sneasler
|
|-heal|p2a: Gholdengo|74/100|[from] Grassy Terrain
|-heal|p1b: Rillaboom|100/100|[from] Grassy Terrain
|-heal|p1a: Kingambit|88/100|[from] Grassy Terrain
|upkeep
|
|t:|1756925921
|switch|p2b: Arcanine|Arcanine-Hisui, L50, F|100/100
|-ability|p2b: Arcanine|Intimidate|boost
|-unboost|p1a: Kingambit|atk|1
|-ability|p1a: Kingambit|Defiant|boost
|-boost|p1a: Kingambit|atk|2
|-unboost|p1b: Rillaboom|atk|1
|turn|8
|inactive|Crying Flurmels has 30 seconds left.
|inactive|achiphoond has 30 seconds left.
|
|t:|1756925953
|move|p2a: Gholdengo|Protect||[still]
|-fail|p2a: Gholdengo
|move|p1b: Rillaboom|Grassy Glide|p2a: Gholdengo
|-supereffective|p2a: Gholdengo
|-crit|p2a: Gholdengo
|-damage|p2a: Gholdengo|0 fnt
|faint|p2a: Gholdengo
|move|p1a: Kingambit|Sucker Punch|p2b: Arcanine
|-damage|p2b: Arcanine|0 fnt
|faint|p2b: Arcanine
|
|win|Crying Flurmels
||achiphoond is ready for game 2.
||Crying Flurmels is ready for game 2.
|uhtml|next|Next: Game 2 of 3
|l|☆achiphoond
|player|p2|
