|j|☆Stagzy
|j|☆MrPhoenixGC
|html|StagzyMrPhoenixGC    
|uhtml|bestof|Game 3 of a best-of-3
|t:|1783475374
|gametype|doubles
|player|p1|Stagzy|170|1134
|player|p2|MrPhoenixGC|steven|1141
|gen|9
|tier|[Gen 9 Champions] VGC 2026 Reg M-B (Bo3)
|rated|
|rule|Species Clause: Limit one of each Pokémon
|rule|Item Clause: Limit 1 of each item
|clearpoke
|poke|p1|Altaria, L50, M, shiny|
|poke|p1|Scizor, L50, F|
|poke|p1|Sylveon, L50, F|
|poke|p1|Samurott-Hisui, L50, M|
|poke|p1|Kangaskhan, L50, F|
|poke|p1|Glimmora, L50, M|
|poke|p2|Charizard, L50, M|
|poke|p2|Kingambit, L50, F|
|poke|p2|Sylveon, L50, M|
|poke|p2|Garchomp, L50, M|
|poke|p2|Aerodactyl, L50, M|
|poke|p2|Farigiraf, L50, F|
|teampreview|4
|showteam|p1|Altaria||FocusSash|CloudNine|WillOWisp,Tailwind,BraveBird,Protect|Impish||M|||50|]Scizor||Scizorite|Technician|Trailblaze,BulletPunch,CloseCombat,SwordsDance|Adamant||F|||50|]Sylveon||FairyFeather|Pixilate|QuickAttack,Protect,HyperVoice,Yawn|Modest||F|||50|]Samurott-Hisui||LifeOrb|Sharpness|CeaselessEdge,AquaCutter,NightSlash,SacredSword|Adamant||M|||50|]Kangaskhan||SilkScarf|Scrappy|FakeOut,LastResort|Adamant||F|||50|]Glimmora||ChoiceScarf|ToxicDebris|PowerGem,EarthPower,SludgeBomb,EnergyBall|Modest||M|||50|
|showteam|p2|Charizard||CharizarditeY|SolarPower|Protect,HeatWave,SolarBeam,WeatherBall|Modest||M|||50|]Kingambit||FocusSash|Defiant|IronHead,SuckerPunch,KowtowCleave,LowKick|Adamant||F|||50|]Sylveon||FairyFeather|Pixilate|Detect,HyperVoice,HyperBeam,QuickAttack|Modest||M|||50|]Garchomp||LifeOrb|RoughSkin|Protect,DragonClaw,Earthquake,RockSlide|Jolly||M|||50|]Aerodactyl||Aerodactylite|Unnerve|IceFang,RockSlide,Tailwind,DualWingbeat|Jolly||M|||50|]Farigiraf||SitrusBerry|ArmorTail|TrickRoom,Psychic,Thunderbolt,Protect|Bold||F|||50|
|
|t:|1783475403
|teamsize|p1|4
|teamsize|p2|4
|start
|switch|p1a: Scizor|Scizor, L50, F|100/100
|switch|p1b: Kangaskhan|Kangaskhan, L50, F|100/100
|switch|p2a: Aerodactyl|Aerodactyl, L50, M|100/100
|switch|p2b: Kingambit|Kingambit, L50, F|100/100
|-ability|p2a: Aerodactyl|Unnerve
|turn|1
|
|t:|1783475453
|detailschange|p2a: Aerodactyl|Aerodactyl-Mega, L50, M
|-mega|p2a: Aerodactyl|Aerodactyl|Aerodactylite
|detailschange|p1a: Scizor|Scizor-Mega, L50, F
|-mega|p1a: Scizor|Scizor|Scizorite
|move|p1b: Kangaskhan|Fake Out|p2b: Kingambit
|-resisted|p2b: Kingambit|1
|-damage|p2b: Kingambit|90/100
|move|p2a: Aerodactyl|Tailwind|p2a: Aerodactyl
|-sidestart|p2: MrPhoenixGC|move: Tailwind
|cant|p2b: Kingambit|flinch
|move|p1a: Scizor|Swords Dance|p1a: Scizor
|-boost|p1a: Scizor|atk|2
|
|upkeep
|turn|2
|
|t:|1783475501
|move|p2a: Aerodactyl|Rock Slide|p1b: Kangaskhan|[spread] p1a,p1b
|-damage|p1a: Scizor|79/100
|-damage|p1b: Kangaskhan|73/100
|move|p2b: Kingambit|Low Kick|p1b: Kangaskhan
|-supereffective|p1b: Kangaskhan|1
|-damage|p1b: Kangaskhan|10/100
|move|p1b: Kangaskhan|Last Resort|p2a: Aerodactyl
|-resisted|p2a: Aerodactyl|1
|-damage|p2a: Aerodactyl|59/100
|move|p1a: Scizor|Close Combat|p2b: Kingambit
|-supereffective|p2b: Kingambit|2
|-crit|p2b: Kingambit
|-damage|p2b: Kingambit|0 fnt
|-unboost|p1a: Scizor|def|1
|-unboost|p1a: Scizor|spd|1
|faint|p2b: Kingambit
|
|upkeep
|
|t:|1783475517
|switch|p2b: Farigiraf|Farigiraf, L50, F|100/100
|turn|3
|
|t:|1783475532
|move|p1a: Scizor|Bullet Punch||[still]
|cant|p2b: Farigiraf|ability: Armor Tail|Bullet Punch|[of] p1a: Scizor
|move|p2a: Aerodactyl|Rock Slide|p1a: Scizor|[spread] p1b
|-miss|p2a: Aerodactyl|p1a: Scizor
|-damage|p1b: Kangaskhan|0 fnt
|faint|p1b: Kangaskhan
|move|p2b: Farigiraf|Thunderbolt|p1a: Scizor
|-damage|p1a: Scizor|42/100
|
|upkeep
|
|t:|1783475567
|switch|p1b: Sylveon|Sylveon, L50, F|100/100
|turn|4
|
|t:|1783475595
|switch|p1a: Samurott|Samurott-Hisui, L50, M|100/100
|move|p2a: Aerodactyl|Rock Slide|p1a: Samurott|[spread] p1a,p1b
|-damage|p1a: Samurott|62/100
|-damage|p1b: Sylveon|71/100
|move|p2b: Farigiraf|Thunderbolt|p1a: Samurott
|-supereffective|p1a: Samurott|1
|-damage|p1a: Samurott|0 fnt
|faint|p1a: Samurott
|move|p1b: Sylveon|Yawn|p2b: Farigiraf
|-start|p2b: Farigiraf|move: Yawn|[of] p1b: Sylveon
|
|-sideend|p2: MrPhoenixGC|move: Tailwind
|upkeep
|
|t:|1783475605
|switch|p1a: Scizor|Scizor-Mega, L50, F|42/100
|turn|5
|
|t:|1783475628
|move|p2a: Aerodactyl|Tailwind|p2a: Aerodactyl
|-sidestart|p2: MrPhoenixGC|move: Tailwind
|move|p2b: Farigiraf|Thunderbolt|p1a: Scizor
|-damage|p1a: Scizor|20/100y
|move|p1a: Scizor|Close Combat|p2b: Farigiraf
|-damage|p2b: Farigiraf|61/100
|-unboost|p1a: Scizor|def|1
|-unboost|p1a: Scizor|spd|1
|move|p1b: Sylveon|Hyper Voice|p2a: Aerodactyl|[spread] p2a,p2b
|-damage|p2a: Aerodactyl|6/100
|-damage|p2b: Farigiraf|12/100
|-enditem|p2b: Farigiraf|Sitrus Berry|[eat]
|-heal|p2b: Farigiraf|37/100|[from] item: Sitrus Berry
|
|-end|p2b: Farigiraf|move: Yawn|[silent]
|-status|p2b: Farigiraf|slp
|upkeep
|turn|6
|
|t:|1783475653
|move|p1b: Sylveon|Quick Attack||[still]
|cant|p2b: Farigiraf|ability: Armor Tail|Quick Attack|[of] p1b: Sylveon
|move|p2a: Aerodactyl|Rock Slide|p1a: Scizor|[spread] p1a,p1b
|-damage|p1a: Scizor|0 fnt
|-damage|p1b: Sylveon|39/100
|faint|p1a: Scizor
|cant|p2b: Farigiraf|slp
|
|upkeep
|turn|7
|-message|Stagzy forfeited.
|
|win|MrPhoenixGC
|raw|Stagzy's rating: 1134 → 1110(-24 for losing)
|raw|MrPhoenixGC's rating: 1141 → 1165(+24 for winning)
|l|☆Stagzy
|player|p1|
