|j|☆molder
|j|☆CheekyCow
|html|molderCheekyCow    
|uhtml|bestof|Game 1 of a best-of-3
|t:|1783375786
|gametype|doubles
|player|p1|molder|101|
|player|p2|CheekyCow|worker|
|gen|9
|tier|[Gen 9 Champions] VGC 2026 Reg M-B (Bo3)
|rule|Species Clause: Limit one of each Pokémon
|rule|Item Clause: Limit 1 of each item
|clearpoke
|poke|p1|Gardevoir, L50, F, shiny|
|poke|p1|Incineroar, L50, F|
|poke|p1|Serperior, L50, F|
|poke|p1|Kangaskhan, L50, F|
|poke|p1|Noivern, L50, M|
|poke|p1|Machamp, L50, M|
|poke|p2|Palafin, L50, F|
|poke|p2|Sableye, L50, F|
|poke|p2|Scizor, L50, M|
|poke|p2|Meganium, L50, F|
|poke|p2|Pelipper, L50, M|
|poke|p2|Greninja, L50, F|
|teampreview|4
|showteam|p1|Gardevoir||Gardevoirite|Trace|HyperVoice,Psychic,Protect,MysticalFire|Modest||F|||50|]Incineroar||ChopleBerry|Intimidate|FakeOut,FlareBlitz,PartingShot,Protect|Careful||F|||50|]Serperior||MiracleSeed|Contrary|LeafStorm,Glare,Substitute,Protect|Timid||F|||50|]Kangaskhan||SilkScarf|Scrappy|FakeOut,LastResort|Jolly||F|||50|]Noivern||FocusSash|Frisk|Hurricane,DracoMeteor,Tailwind,Protect|Modest||M|||50|]Machamp||SitrusBerry|NoGuard|QuickGuard,PoisonJab,DrainPunch,BulkUp|Adamant||M|||50|
|showteam|p2|Palafin||ChoiceScarf|ZerotoHero|WaveCrash,CloseCombat,FlipTurn,IcePunch|Jolly||F|||50|]Sableye||LightClay|Prankster|RainDance,Reflect,LightScreen,KnockOff|Impish||F|||50|]Scizor||Leftovers|Technician|BugBite,BulletPunch,SwordsDance,DualWingbeat|Adamant||M|||50|]Meganium||Meganiumite|Overgrow|DazzlingGleam,EarthPower,Synthesis,SolarBeam|Timid||F|||50|]Pelipper||FocusSash|Drizzle|Hurricane,WeatherBall,Tailwind,Uturn|Modest||M|||50|]Greninja||LifeOrb|Protean|IceBeam,WaterShuriken,Protect,Uturn|Timid||F|||50|
|c|☆CheekyCow|glhf!
|c|☆molder|glhfffff
|c|☆molder|hmm
|c|☆molder|what happens now
|c|☆molder|i consulted the sacred texts (the carrabba's menu)
|c|☆molder|and they said you are cooked btw
|c|☆CheekyCow|mr krabs if he was jacking off: agagagag spongeboy me bob im about to cum!
|
|t:|1783375906
|teamsize|p1|4
|teamsize|p2|4
|start
|switch|p1a: Mamma Mia|Kangaskhan, L50, F|100/100
|switch|p1b: Batman|Noivern, L50, M|100/100
|switch|p2a: Dr. Mantis|Scizor, L50, M|100/100
|switch|p2b: fllapy bird :)|Pelipper, L50, M|100/100
|-item|p2a: Dr. Mantis|Leftovers|[from] ability: Frisk|[of] p1b: Batman
|-item|p2b: fllapy bird :)|Focus Sash|[from] ability: Frisk|[of] p1b: Batman
|-weather|RainDance|[from] ability: Drizzle|[of] p2b: fllapy bird :)
|turn|1
|
|t:|1783375925
|move|p1a: Mamma Mia|Fake Out|p2b: fllapy bird :)
|-damage|p2b: fllapy bird :)|76/100
|move|p1b: Batman|Tailwind|p1b: Batman
|-sidestart|p1: molder|move: Tailwind
|move|p2a: Dr. Mantis|Swords Dance|p2a: Dr. Mantis
|-boost|p2a: Dr. Mantis|atk|2
|cant|p2b: fllapy bird :)|flinch
|
|-weather|RainDance|[upkeep]
|upkeep
|turn|2
|c|☆molder|ill sponge your bob just to get ya to shut up
|
|t:|1783375949
|switch|p2b: MC Chris|Greninja, L50, F|100/100
|move|p2a: Dr. Mantis|Bullet Punch|p1a: Mamma Mia
|-damage|p1a: Mamma Mia|12/100
|move|p1b: Batman|Hurricane|p2a: Dr. Mantis
|-damage|p2a: Dr. Mantis|38/100
|-start|p2a: Dr. Mantis|confusion
|move|p1a: Mamma Mia|Last Resort|p2a: Dr. Mantis
|-resisted|p2a: Dr. Mantis|1
|-damage|p2a: Dr. Mantis|5/100
|
|-weather|RainDance|[upkeep]
|-heal|p2a: Dr. Mantis|11/100|[from] item: Leftovers
|upkeep
|turn|3
|
|t:|1783375982
|-activate|p2a: Dr. Mantis|confusion
|-damage|p2a: Dr. Mantis|0 fnt|[from] confusion
|faint|p2a: Dr. Mantis
|move|p1b: Batman|Hurricane|p2b: MC Chris
|-damage|p2b: MC Chris|14/100
|move|p1a: Mamma Mia|Last Resort|p2b: MC Chris
|-damage|p2b: MC Chris|0 fnt
|faint|p2b: MC Chris
|
|-weather|RainDance|[upkeep]
|upkeep
|c|☆molder|i am a god
|
|t:|1783375992
|switch|p2b: Mega Gogurt|Meganium, L50, F|100/100
|switch|p2a: fllapy bird :)|Pelipper, L50, M|76/100
|turn|4
|c|☆molder|this whole season i am apparently just cheesing people
|
|t:|1783376012
|detailschange|p2b: Mega Gogurt|Meganium-Mega, L50, F
|-mega|p2b: Mega Gogurt|Meganium|Meganiumite
|move|p1b: Batman|Protect|p1b: Batman
|-singleturn|p1b: Batman|Protect
|move|p1a: Mamma Mia|Last Resort|p2a: fllapy bird :)
|-damage|p2a: fllapy bird :)|1/100
|move|p2b: Mega Gogurt|Dazzling Gleam|p1b: Batman|[spread] p1a
|-activate|p1b: Batman|move: Protect
|-damage|p1a: Mamma Mia|0 fnt
|faint|p1a: Mamma Mia
|move|p2a: fllapy bird :)|Tailwind|p2a: fllapy bird :)
|-sidestart|p2: CheekyCow|move: Tailwind
|
|-weather|RainDance|[upkeep]
|-sideend|p1: molder|move: Tailwind
|upkeep
|
|t:|1783376029
|switch|p1a: Mystery|Gardevoir, L50, F, shiny|100/100
|-ability|p1a: Mystery|Mega Sol|Trace|[from] ability: Trace|[of] p2b: Mega Gogurt
|turn|5
|
|t:|1783376044
|detailschange|p1a: Mystery|Gardevoir-Mega, L50, F, shiny
|-mega|p1a: Mystery|Gardevoir|Gardevoirite
|move|p2b: Mega Gogurt|Solar Beam||[still]
|-prepare|p2b: Mega Gogurt|Solar Beam
|-activate|p2b: Mega Gogurt|ability: Mega Sol
|-anim|p2b: Mega Gogurt|Solar Beam|p1a: Mystery
|-damage|p1a: Mystery|49/100
|move|p1b: Batman|Tailwind|p1b: Batman
|-sidestart|p1: molder|move: Tailwind
|move|p1a: Mystery|Hyper Voice|p2a: fllapy bird :)|[spread] p2a,p2b
|-damage|p2a: fllapy bird :)|0 fnt
|-damage|p2b: Mega Gogurt|47/100
|faint|p2a: fllapy bird :)
|
|-weather|none
|upkeep
|turn|6
|
|t:|1783376060
|move|p1b: Batman|Hurricane|p2b: Mega Gogurt
|-supereffective|p2b: Mega Gogurt|1
|-damage|p2b: Mega Gogurt|0 fnt
|faint|p2b: Mega Gogurt
|
|win|molder
||CheekyCow is ready for game 2.
|c|☆molder|gg, onto g2
