|j|☆AzureTheTimeblind
|j|☆hdavid264
|html|AzureTheTimeblindhdavid264    
|uhtml|bestof|Game 1 of a best-of-3
|t:|1757776713
|gametype|doubles
|player|p1|AzureTheTimeblind|1|1130
|player|p2|hdavid264|hilbert|1063
|gen|9
|tier|[Gen 9] VGC 2025 Reg H (Bo3)
|rated|
|rule|Species Clause: Limit one of each Pokémon
|rule|Item Clause: Limit 1 of each item
|clearpoke
|poke|p1|Gholdengo, L50|
|poke|p1|Rillaboom, L50, F|
|poke|p1|Pelipper, L50, F|
|poke|p1|Archaludon, L50, F|
|poke|p1|Basculegion, L50, M|
|poke|p1|Smeargle, L50, M|
|poke|p2|Amoonguss, L50, F|
|poke|p2|Gastrodon-East, L50, M|
|poke|p2|Politoed, L50, M|
|poke|p2|Pelipper, L50, M|
|poke|p2|Araquanid, L50, F|
|poke|p2|Rotom-Wash, L50|
|teampreview|4
|showteam|p1|Gholdengo||LifeOrb|GoodasGold|NastyPlot,MakeItRain,ShadowBall,Protect||||||50|,,,,,Water]Rillaboom||GrassySeed|GrassySurge|FakeOut,WoodHammer,HighHorsepower,GrassyGlide|||F|||50|,,,,,Fire]Pelipper||CovertCloak|Drizzle|Hurricane,WeatherBall,Tailwind,Protect|||F|||50|,,,,,Ghost]Archaludon||AssaultVest|Stamina|ElectroShot,FlashCannon,DracoMeteor,Protect|||F|||50|,,,,,Electric]Basculegion||ChoiceBand|SwiftSwim|AquaJet,WaveCrash,LastRespects,FlipTurn|||M|||50|,,,,,Water]Smeargle||FocusSash|Moody|FollowMe,Spore,FakeOut,Ruination|||M|||50|,,,,,Ghost
|showteam|p2|Amoonguss||RockyHelmet|Regenerator|PollenPuff,RagePowder,Spore,ClearSmog|||F|||50|,,,,,Water]Gastrodon-East||ClearAmulet|StormDrain|Recover,IceBeam,HydroPump,EarthPower|||M|||50|,,,,,Fire]Politoed||SafetyGoggles|Drizzle|HelpingHand,PerishSong,WeatherBall,Protect|||M|||50|,,,,,Water]Pelipper||DampRock|Drizzle|RainDance,Tailwind,Hurricane,Surf|||M|||50|,,,,,Water]Araquanid||SitrusBerry|WaterBubble|StickyWeb,HydroPump,Infestation,AquaRing|||F|||50|,,,,,Water]Rotom-Wash||CovertCloak|Levitate|ChargeBeam,HydroPump,Protect,VoltSwitch||||||50|,,,,,Electric
|inactive|Battle timer is ON: inactive players will automatically lose when time's up. (requested by hdavid264)
|inactive|AzureTheTimeblind also wants the timer to be on.
|inactive|hdavid264 has 60 seconds left.
|
|t:|1757776767
|teamsize|p1|4
|teamsize|p2|4
|start
|switch|p1a: Smeargle|Smeargle, L50, M|100/100
|switch|p1b: Archaludon|Archaludon, L50, F|100/100
|switch|p2a: Amoonguss|Amoonguss, L50, F|100/100
|switch|p2b: Araquanid|Araquanid, L50, F|100/100
|turn|1
|inactive|AzureTheTimeblind has 30 seconds left.
|inactive|hdavid264 has 30 seconds left.
|
|t:|1757776798
|switch|p1b: Pelipper|Pelipper, L50, F|100/100
|-weather|RainDance|[from] ability: Drizzle|[of] p1b: Pelipper
|move|p1a: Smeargle|Fake Out|p2b: Araquanid
|-damage|p2b: Araquanid|96/100
|move|p2a: Amoonguss|Rage Powder|p2a: Amoonguss
|-singleturn|p2a: Amoonguss|move: Rage Powder
|cant|p2b: Araquanid|flinch
|
|-weather|RainDance|[upkeep]
|-ability|p1a: Smeargle|Moody|boost
|-boost|p1a: Smeargle|spe|2
|-unboost|p1a: Smeargle|spa|1
|upkeep
|turn|2
|inactive|AzureTheTimeblind has 30 seconds left.
|
|t:|1757776827
|-terastallize|p2a: Amoonguss|Water
|move|p1a: Smeargle|Follow Me|p1a: Smeargle
|-singleturn|p1a: Smeargle|move: Follow Me
|move|p2a: Amoonguss|Rage Powder|p2a: Amoonguss
|-singleturn|p2a: Amoonguss|move: Rage Powder
|move|p1b: Pelipper|Hurricane|p2a: Amoonguss
|-crit|p2a: Amoonguss
|-damage|p2a: Amoonguss|49/100
|move|p2b: Araquanid|Aqua Ring|p2b: Araquanid
|-start|p2b: Araquanid|Aqua Ring
|
|-weather|RainDance|[upkeep]
|-heal|p2b: Araquanid|100/100|[from] Aqua Ring
|-ability|p1a: Smeargle|Moody|boost
|-boost|p1a: Smeargle|spe|2
|-unboost|p1a: Smeargle|spd|1
|upkeep
|turn|3
|
|t:|1757776848
|switch|p2a: Gastrodon|Gastrodon-East, L50, M|100/100
|move|p1a: Smeargle|Follow Me|p1a: Smeargle
|-singleturn|p1a: Smeargle|move: Follow Me
|move|p1b: Pelipper|Hurricane|p2a: Gastrodon
|-damage|p2a: Gastrodon|55/100
|move|p2b: Araquanid|Sticky Web|p1b: Pelipper
|-sidestart|p1: AzureTheTimeblind|move: Sticky Web
|
|-weather|RainDance|[upkeep]
|-ability|p1a: Smeargle|Moody|boost
|-boost|p1a: Smeargle|spd|2
|-unboost|p1a: Smeargle|atk|1
|upkeep
|turn|4
|inactive|AzureTheTimeblind has 30 seconds left.
|
|t:|1757776873
|move|p1a: Smeargle|Spore|p2a: Gastrodon
|-status|p2a: Gastrodon|slp|[from] move: Spore
|move|p1b: Pelipper|Hurricane|p2b: Araquanid
|-supereffective|p2b: Araquanid
|-damage|p2b: Araquanid|20/100
|-enditem|p2b: Araquanid|Sitrus Berry|[eat]
|-heal|p2b: Araquanid|45/100|[from] item: Sitrus Berry
|move|p2b: Araquanid|Hydro Pump|p2a: Gastrodon
|-activate|p2a: Gastrodon|ability: Storm Drain
|-ability|p2a: Gastrodon|Storm Drain|boost
|-boost|p2a: Gastrodon|spa|1
|cant|p2a: Gastrodon|slp
|
|-weather|RainDance|[upkeep]
|-heal|p2b: Araquanid|51/100|[from] Aqua Ring
|-ability|p1a: Smeargle|Moody|boost
|-boost|p1a: Smeargle|spe|2
|-unboost|p1a: Smeargle|spa|1
|upkeep
|turn|5
|inactive|AzureTheTimeblind has 30 seconds left.
|
|t:|1757776902
|move|p1a: Smeargle|Ruination|p2a: Gastrodon
|-damage|p2a: Gastrodon|28/100 slp
|move|p1b: Pelipper|Hurricane|p2b: Araquanid
|-supereffective|p2b: Araquanid
|-damage|p2b: Araquanid|0 fnt
|faint|p2b: Araquanid
|-curestatus|p2a: Gastrodon|slp|[msg]
|move|p2a: Gastrodon|Recover|p2a: Gastrodon
|-heal|p2a: Gastrodon|78/100
|
|-weather|none
|-ability|p1a: Smeargle|Moody|boost
|-boost|p1a: Smeargle|spd|2
|-unboost|p1a: Smeargle|spe|1
|upkeep
|
|t:|1757776913
|switch|p2b: Rotom|Rotom-Wash, L50|100/100
|turn|6
|
|t:|1757776925
|switch|p1b: Archaludon|Archaludon, L50, F|100/100
|-activate|p1b: Archaludon|move: Sticky Web
|-unboost|p1b: Archaludon|spe|1
|move|p1a: Smeargle|Spore|p2a: Gastrodon
|-status|p2a: Gastrodon|slp|[from] move: Spore
|move|p2b: Rotom|Charge Beam|p1b: Archaludon
|-resisted|p1b: Archaludon
|-damage|p1b: Archaludon|89/100
|-boost|p2b: Rotom|spa|1
|-ability|p1b: Archaludon|Stamina|boost
|-boost|p1b: Archaludon|def|1
|cant|p2a: Gastrodon|slp
|
|-ability|p1a: Smeargle|Moody|boost
|-boost|p1a: Smeargle|spd|2
|-unboost|p1a: Smeargle|spe|1
|upkeep
|turn|7
|inactive|AzureTheTimeblind has 30 seconds left.
|inactive|hdavid264 has 30 seconds left.
|
|t:|1757776956
|-terastallize|p1b: Archaludon|Electric
|move|p1a: Smeargle|Spore|p2b: Rotom
|-status|p2b: Rotom|slp|[from] move: Spore
|cant|p2b: Rotom|slp
|move|p1b: Archaludon|Electro Shot||[still]
|-prepare|p1b: Archaludon|Electro Shot
|-boost|p1b: Archaludon|spa|1
|-curestatus|p2a: Gastrodon|slp|[msg]
|move|p2a: Gastrodon|Recover|p2a: Gastrodon
|-heal|p2a: Gastrodon|100/100
|
|-ability|p1a: Smeargle|Moody|boost
|-boost|p1a: Smeargle|spe|2
|-unboost|p1a: Smeargle|def|1
|upkeep
|turn|8
|
|t:|1757776974
|cant|p2b: Rotom|slp
|move|p1a: Smeargle|Spore|p2a: Gastrodon
|-status|p2a: Gastrodon|slp|[from] move: Spore
|move|p1b: Archaludon|Electro Shot|p2b: Rotom|[from] lockedmove
|-damage|p2b: Rotom|0 fnt
|faint|p2b: Rotom
|cant|p2a: Gastrodon|slp
|
|-ability|p1a: Smeargle|Moody|boost
|-boost|p1a: Smeargle|def|2
|-unboost|p1a: Smeargle|spe|1
|upkeep
|-message|hdavid264 forfeited.
|
|win|AzureTheTimeblind
|l|☆hdavid264
|player|p2|
||AzureTheTimeblind is ready for game 2.
|inactive|hdavid264 has 30 seconds to confirm battle start!
|inactive|hdavid264 has 20 seconds to confirm battle start!
|inactive|hdavid264 has 10 seconds to confirm battle start!
|uhtml|next|Next: Game 2 of 3
|l|☆AzureTheTimeblind
|player|p1|
