|j|☆Bruthathechosen
|j|☆Mortipherus
|html|BruthathechosenMortipherus    
|uhtml|bestof|Game 2 of a best-of-3
|t:|1756659987
|gametype|doubles
|player|p1|Bruthathechosen|lady-gen4|1109
|player|p2|Mortipherus|biker-gen4|1170
|gen|9
|tier|[Gen 9] VGC 2025 Reg H (Bo3)
|rated|
|rule|Species Clause: Limit one of each Pokémon
|rule|Item Clause: Limit 1 of each item
|clearpoke
|poke|p1|Hydreigon, L50, M|
|poke|p1|Feraligatr, L50, F|
|poke|p1|Ursaluna-Bloodmoon, L50, M|
|poke|p1|Sneasler, L50, F|
|poke|p1|Electabuzz, L50, M|
|poke|p1|Sinistcha-Masterpiece, L50|
|poke|p2|Hydrapple, L50, F|
|poke|p2|Arcanine-Hisui, L50, F|
|poke|p2|Gholdengo, L50|
|poke|p2|Electabuzz, L50, M|
|poke|p2|Indeedee, L50, M|
|poke|p2|Sneasler, L50, M|
|teampreview|4
|showteam|p1|Hydreigon||SitrusBerry|Levitate|Snarl,DracoMeteor,Tailwind,Protect|||M|||50|,,,,,Ghost]Feraligatr||LifeOrb|SheerForce|Liquidation,Crunch,Protect|||F|||50|,,,,,Grass]Ursaluna-Bloodmoon||AssaultVest|MindsEye|BloodMoon,HyperVoice,EarthPower,VacuumWave|||M|||50|,,,,,Ghost]Sneasler||FocusSash|Unburden|FakeOut,DireClaw,CloseCombat,Coaching|||F|||50|,,,,,Stellar]Electabuzz||Eviolite|VitalSpirit|Thunderbolt,FollowMe,Taunt,Protect|||M|||50|,,,,,Ghost]Sinistcha-Masterpiece||RockyHelmet|Hospitality|MatchaGotcha,TrickRoom,StrengthSap,Protect||||||50|,,,,,Water
|showteam|p2|Hydrapple||AssaultVest|Regenerator|FickleBeam,EnergyBall,EarthPower,BreakingSwipe|||F|||50|,,,,,Ground]Arcanine-Hisui||ClearAmulet|Intimidate|Protect,ExtremeSpeed,FlareBlitz,RockSlide|||F|||50|,,,,,Grass]Gholdengo||LifeOrb|GoodasGold|Protect,NastyPlot,MakeItRain,ShadowBall||||||50|,,,,,Flying]Electabuzz||Eviolite|VitalSpirit|Protect,FollowMe,Taunt,Electroweb|||M|||50|,,,,,Dragon]Indeedee||FocusSash|PsychicSurge|Protect,TrickRoom,ExpandingForce,TeraBlast|||M|||50|,,,,,Ground]Sneasler||PsychicSeed|Unburden|Protect,ThroatChop,DireClaw,CloseCombat|||M|||50|,,,,,Dark
|
|t:|1756660018
|teamsize|p1|4
|teamsize|p2|4
|start
|switch|p1a: Feraligatr|Feraligatr, L50, F|100/100
|switch|p1b: Hydreigon|Hydreigon, L50, M|100/100
|switch|p2a: Indeedee|Indeedee, L50, M|100/100
|switch|p2b: Sneasler|Sneasler, L50, M|100/100
|-fieldstart|move: Psychic Terrain|[from] ability: Psychic Surge|[of] p2a: Indeedee
|-enditem|p2b: Sneasler|Psychic Seed
|-boost|p2b: Sneasler|spd|1|[from] item: Psychic Seed
|turn|1
|
|t:|1756660040
|-terastallize|p1b: Hydreigon|Ghost
|move|p2b: Sneasler|Dire Claw|p1a: Feraligatr
|-damage|p1a: Feraligatr|62/100
|move|p2a: Indeedee|Expanding Force|p1a: Feraligatr|[spread] p1a,p1b
|-damage|p1a: Feraligatr|4/100
|-damage|p1b: Hydreigon|42/100
|-enditem|p1b: Hydreigon|Sitrus Berry|[eat]
|-heal|p1b: Hydreigon|67/100|[from] item: Sitrus Berry
|move|p1b: Hydreigon|Tailwind|p1b: Hydreigon
|-sidestart|p1: Bruthathechosen|move: Tailwind
|move|p1a: Feraligatr|Crunch|p2a: Indeedee
|-supereffective|p2a: Indeedee
|-enditem|p2a: Indeedee|Focus Sash
|-damage|p2a: Indeedee|1/100
|
|upkeep
|turn|2
|
|t:|1756660060
|switch|p1a: Sinistcha|Sinistcha-Masterpiece, L50|100/100
|-heal|p1b: Hydreigon|92/100|[from] ability: Hospitality|[of] p1a: Sinistcha
|move|p2b: Sneasler|Throat Chop|p1b: Hydreigon
|-supereffective|p1b: Hydreigon
|-damage|p1b: Hydreigon|34/100
|-start|p1b: Hydreigon|Throat Chop|[silent]
|cant|p1b: Hydreigon|move: Throat Chop
|move|p2a: Indeedee|Expanding Force|p1a: Sinistcha|[spread] p1a,p1b
|-damage|p1a: Sinistcha|47/100
|-damage|p1b: Hydreigon|0 fnt
|faint|p1b: Hydreigon
|
|upkeep
|
|t:|1756660069
|switch|p1b: Sneasler|Sneasler, L50, F|100/100
|turn|3
|
|t:|1756660084
|move|p1b: Sneasler|Dire Claw|p2a: Indeedee
|-damage|p2a: Indeedee|0 fnt
|faint|p2a: Indeedee
|move|p2b: Sneasler|Dire Claw|p1b: Sneasler
|-resisted|p1b: Sneasler
|-damage|p1b: Sneasler|66/100
|-status|p1b: Sneasler|par
|move|p1a: Sinistcha|Strength Sap|p2b: Sneasler
|-unboost|p2b: Sneasler|atk|1
|-heal|p1a: Sinistcha|100/100
|
|upkeep
|
|t:|1756660102
|switch|p2a: Arcanine|Arcanine-Hisui, L50, F|100/100
|-ability|p2a: Arcanine|Intimidate|boost
|-unboost|p1a: Sinistcha|atk|1
|-unboost|p1b: Sneasler|atk|1
|turn|4
|
|t:|1756660117
|switch|p2b: Hydrapple|Hydrapple, L50, F|100/100
|move|p2a: Arcanine|Protect|p2a: Arcanine
|-singleturn|p2a: Arcanine|Protect
|move|p1b: Sneasler|Coaching|p1a: Sinistcha
|-boost|p1a: Sinistcha|atk|1
|-boost|p1a: Sinistcha|def|1
|move|p1a: Sinistcha|Trick Room|p1a: Sinistcha
|-fieldstart|move: Trick Room|[of] p1a: Sinistcha
|
|-sideend|p1: Bruthathechosen|move: Tailwind
|upkeep
|turn|5
|
|t:|1756660142
|switch|p1a: Feraligatr|Feraligatr, L50, F|4/100
|move|p2b: Hydrapple|Earth Power|p1b: Sneasler
|-supereffective|p1b: Sneasler
|-damage|p1b: Sneasler|0 fnt
|faint|p1b: Sneasler
|move|p2a: Arcanine|Flare Blitz|p1a: Feraligatr
|-resisted|p1a: Feraligatr
|-damage|p1a: Feraligatr|0 fnt
|faint|p1a: Feraligatr
|-damage|p2a: Arcanine|99/100|[from] Recoil
|
|-fieldend|move: Psychic Terrain
|upkeep
|
|t:|1756660149
|switch|p1b: Sinistcha|Sinistcha-Masterpiece, L50|100/100
|turn|6
|-message|Bruthathechosen forfeited.
|
|win|Mortipherus
||Bruthathechosen is ready for game 3.
|inactive|Mortipherus has 30 seconds to confirm battle start!
