|j|‽Sushi Bum
|j|☆mew mew season 2
|html|Sushi Bummew mew season 2    
|uhtml|bestof|Game 2 of a best-of-3
|t:|1782645800
|gametype|doubles
|player|p1|Sushi Bum|beni-ninja|1146
|player|p2|mew mew season 2|miku-psychic|1244
|gen|9
|tier|[Gen 9 Champions] VGC 2026 Reg M-B (Bo3)
|rated|
|rule|Species Clause: Limit one of each Pokémon
|rule|Item Clause: Limit 1 of each item
|clearpoke
|poke|p1|Talonflame, L50, F|
|poke|p1|Grimmsnarl, L50, M|
|poke|p1|Raichu, L50, F|
|poke|p1|Heliolisk, L50, F|
|poke|p1|Venusaur, L50, F|
|poke|p1|Mamoswine, L50, M|
|poke|p2|Floette-Eternal, L50, F|
|poke|p2|Delphox, L50, F|
|poke|p2|Kingambit, L50, F|
|poke|p2|Sneasler, L50, F|
|poke|p2|Sinistcha, L50|
|poke|p2|Incineroar, L50, F|
|teampreview|4
|showteam|p1|Talonflame||SharpBeak|GaleWings|BraveBird,Taunt,Tailwind,UpperHand|Adamant||F|||50|]Grimmsnarl||LightClay|Prankster|PartingShot,SpiritBreak,LightScreen,Reflect|Adamant||M|||50|]Raichu||RaichuniteY|LightningRod|ZapCannon,GrassKnot,FocusBlast,Protect|Timid||F|||50|]Heliolisk||ExpertBelt|DrySkin|Thunderbolt,HyperVoice,Protect,WeatherBall|Timid||F|||50|]Venusaur||LifeOrb|Chlorophyll|SludgeBomb,SleepPowder,GigaDrain,EarthPower|Timid||F|||50|]Mamoswine||FocusSash|Oblivious|StompingTantrum,IceShard,IcicleCrash,Protect|Jolly||M|||50|
|showteam|p2|Floette-Eternal||Floettite|FlowerVeil|Protect,CalmMind,DazzlingGleam,DrainingKiss|Modest||F|||50|]Delphox||Delphoxite|Blaze|HeatWave,Psychic,NastyPlot,Protect|Timid||F|||50|]Kingambit||BlackGlasses|Defiant|SuckerPunch,KowtowCleave,SwordsDance,Protect|Adamant||F|||50|]Sneasler||FocusSash|PoisonTouch|FakeOut,PoisonJab,CloseCombat,QuickGuard|Jolly||F|||50|]Sinistcha||KasibBerry|Hospitality|MatchaGotcha,RagePowder,LifeDew,TrickRoom|Calm|||||50|]Incineroar||SitrusBerry|Intimidate|FakeOut,FlareBlitz,ThroatChop,PartingShot|Bold||F|||50|
|
|t:|1782645835
|teamsize|p1|4
|teamsize|p2|4
|start
|switch|p1a: Talonflame|Talonflame, L50, F|100/100
|switch|p1b: Raichu|Raichu, L50, F|100/100
|switch|p2a: Delphox|Delphox, L50, F|100/100
|switch|p2b: Incineroar|Incineroar, L50, F|100/100
|-ability|p2b: Incineroar|Intimidate|boost
|-unboost|p1a: Talonflame|atk|1
|-unboost|p1b: Raichu|atk|1
|turn|1
|
|t:|1782645873
|detailschange|p1b: Raichu|Raichu-Mega-Y, L50, F
|-mega|p1b: Raichu|Raichu|Raichunite Y
|detailschange|p2a: Delphox|Delphox-Mega, L50, F
|-mega|p2a: Delphox|Delphox|Delphoxite
|move|p1a: Talonflame|Upper Hand|p2b: Incineroar
|-supereffective|p2b: Incineroar|1
|-damage|p2b: Incineroar|80/100
|cant|p2b: Incineroar|flinch
|move|p2a: Delphox|Heat Wave|p1b: Raichu|[spread] p1a,p1b
|-resisted|p1a: Talonflame|1
|-damage|p1a: Talonflame|72/100
|-damage|p1b: Raichu|36/100
|move|p1b: Raichu|Zap Cannon|p2a: Delphox
|-damage|p2a: Delphox|26/100
|-status|p2a: Delphox|par
|
|upkeep
|turn|2
|inactive|Battle timer is ON: inactive players will automatically lose when time's up. (requested by Sushi Bum)
|
|t:|1782645925
|switch|p2a: Sinistcha|Sinistcha, L50|100/100
|-heal|p2b: Incineroar|100/100|[from] ability: Hospitality|[of] p2a: Sinistcha
|move|p1b: Raichu|Zap Cannon|p2b: Incineroar
|-crit|p2b: Incineroar
|-damage|p2b: Incineroar|0 fnt
|faint|p2b: Incineroar
|move|p1a: Talonflame|Brave Bird|p2a: Sinistcha
|-supereffective|p2a: Sinistcha|1
|-damage|p2a: Sinistcha|28/100
|-damage|p1a: Talonflame|45/100|[from] Recoil
|
|upkeep
|
|t:|1782645935
|switch|p2b: Kingambit|Kingambit, L50, F|100/100
|turn|3
|inactive|mew mew season 2 has 30 seconds left.
|inactive|mew mew season 2 has 20 seconds left.
|inactive|mew mew season 2 has 15 seconds left.
|
|t:|1782645978
|move|p1b: Raichu|Protect|p1b: Raichu
|-singleturn|p1b: Raichu|Protect
|move|p2a: Sinistcha|Rage Powder|p2a: Sinistcha
|-singleturn|p2a: Sinistcha|move: Rage Powder
|move|p2b: Kingambit|Sucker Punch||[still]
|-fail|p2b: Kingambit
|move|p1a: Talonflame|Taunt|p2a: Sinistcha
|-start|p2a: Sinistcha|move: Taunt
|
|upkeep
|turn|4
|
|t:|1782645997
|move|p2b: Kingambit|Protect|p2b: Kingambit
|-singleturn|p2b: Kingambit|Protect
|move|p1a: Talonflame|Upper Hand||[still]
|-fail|p1a: Talonflame
|move|p1b: Raichu|Focus Blast|p2b: Kingambit
|-activate|p2b: Kingambit|move: Protect
|move|p2a: Sinistcha|Matcha Gotcha|p1a: Talonflame|[spread] p1b
|-miss|p2a: Sinistcha|p1a: Talonflame
|-damage|p1b: Raichu|0 fnt
|-heal|p2a: Sinistcha|42/100|[from] drain|[of] p1b: Raichu
|faint|p1b: Raichu
|
|upkeep
|
|t:|1782646003
|switch|p1b: Venusaur|Venusaur, L50, F|100/100
|turn|5
|
|t:|1782646023
|switch|p2a: Delphox|Delphox-Mega, L50, F|26/100 par
|move|p1a: Talonflame|Brave Bird|p2a: Delphox
|-crit|p2a: Delphox
|-damage|p2a: Delphox|0 fnt
|faint|p2a: Delphox
|-damage|p1a: Talonflame|35/100|[from] Recoil
|move|p1b: Venusaur|Sleep Powder|p2b: Kingambit
|-status|p2b: Kingambit|slp|[from] move: Sleep Powder
|cant|p2b: Kingambit|slp
|
|upkeep
|
|t:|1782646035
|switch|p2a: Sinistcha|Sinistcha, L50|42/100
|turn|6
|inactive|Sushi Bum has 30 seconds left.
|
|t:|1782646062
|move|p2a: Sinistcha|Rage Powder|p2a: Sinistcha
|-singleturn|p2a: Sinistcha|move: Rage Powder
|move|p1a: Talonflame|Brave Bird|p2a: Sinistcha
|-supereffective|p2a: Sinistcha|1
|-damage|p2a: Sinistcha|0 fnt
|faint|p2a: Sinistcha
|-damage|p1a: Talonflame|19/100|[from] Recoil
|move|p1b: Venusaur|Earth Power|p2b: Kingambit
|-supereffective|p2b: Kingambit|1
|-damage|p2b: Kingambit|32/100 slp
|-damage|p1b: Venusaur|90/100|[from] item: Life Orb
|cant|p2b: Kingambit|slp
|
|upkeep
|turn|7
|
|t:|1782646082
|move|p1a: Talonflame|Taunt|p2b: Kingambit
|-start|p2b: Kingambit|move: Taunt
|move|p1b: Venusaur|Earth Power|p2b: Kingambit
|-supereffective|p2b: Kingambit|1
|-damage|p2b: Kingambit|0 fnt
|faint|p2b: Kingambit
|-damage|p1b: Venusaur|80/100|[from] item: Life Orb
|
|win|Sushi Bum
|raw|Sushi Bum's rating: 1127 → 1160(+33 for winning)
|raw|mew mew season 2's rating: 1244 → 1211(-33 for losing)
