|j|☆godoftoasty
|j|☆JumpayGreen
|html|godoftoastyJumpayGreen    
|uhtml|bestof|Game 2 of a best-of-3
|t:|1783527090
|gametype|doubles
|player|p1|godoftoasty|265|1164
|player|p2|JumpayGreen|101|1044
|gen|9
|tier|[Gen 9 Champions] VGC 2026 Reg M-B (Bo3)
|rated|
|rule|Species Clause: Limit one of each Pokémon
|rule|Item Clause: Limit 1 of each item
|clearpoke
|poke|p1|Gengar, L50, M, shiny|
|poke|p1|Incineroar, L50, M|
|poke|p1|Garchomp, L50, M|
|poke|p1|Rotom-Wash, L50, shiny|
|poke|p1|Grimmsnarl, L50, M, shiny|
|poke|p1|Floette-Eternal, L50, F|
|poke|p2|Grimmsnarl, L50, M|
|poke|p2|Gardevoir, L50, F|
|poke|p2|Tyranitar, L50, F|
|poke|p2|Rotom-Mow, L50|
|poke|p2|Sceptile, L50, M|
|poke|p2|Araquanid, L50, F|
|teampreview|4
|showteam|p1|Gengar||Gengarite|CursedBody|ShadowBall,SludgeBomb,PerishSong,Protect|Timid||M|||50|]Incineroar||SitrusBerry|Intimidate|FakeOut,PartingShot,Protect,FlareBlitz|Impish||M|||50|]Garchomp||LifeOrb|RoughSkin|ScaleShot,StompingTantrum,RockSlide,Protect|Adamant||M|||50|]Rotom-Wash||Leftovers|Levitate|HydroPump,VoltSwitch,WillOWisp,Protect|Bold|||||50|]Grimmsnarl||LightClay|Prankster|FakeOut,PartingShot,Reflect,SpiritBreak|Careful||M|||50|]Floette-Eternal||Floettite|FlowerVeil|CalmMind,DazzlingGleam,DrainingKiss,Protect|Timid||F|||50|
|showteam|p2|Grimmsnarl||LightClay|Prankster|LightScreen,Reflect,ScaryFace,SuckerPunch|Impish||M|||50|]Gardevoir||Gardevoirite|Telepathy|HyperVoice,Protect,MysticalFire,Psychic|Modest||F|||50|]Tyranitar||LifeOrb|SandStream|RockSlide,DragonDance,Protect,IcePunch|Adamant||F|||50|]Rotom-Mow||ChoiceScarf|Levitate|Discharge,LeafStorm,ShadowBall,Thunderbolt|Timid|||||50|]Sceptile||Sceptilite|Overgrow|LeafStorm,EarthPower,DragonPulse,VacuumWave|Serious||M|||50|]Araquanid||MysticWater|WaterBubble|Liquidation,WideGuard,LeechLife,Protect|Brave||F|||50|
|l|☆godoftoasty
|player|p1|
|j|☆godoftoasty
|player|p1|godoftoasty|265|
|
|t:|1783527147
|teamsize|p1|4
|teamsize|p2|4
|start
|switch|p1a: Floette|Floette-Eternal, L50, F|100/100
|switch|p1b: Incineroar|Incineroar, L50, M|100/100
|switch|p2a: Sceptile|Sceptile, L50, M|100/100
|switch|p2b: LiterallyMe|Rotom-Mow, L50|100/100
|-ability|p1b: Incineroar|Intimidate|boost
|-unboost|p2a: Sceptile|atk|1
|-unboost|p2b: LiterallyMe|atk|1
|turn|1
|
|t:|1783527161
|detailschange|p2a: Sceptile|Sceptile-Mega, L50, M
|-mega|p2a: Sceptile|Sceptile|Sceptilite
|detailschange|p1a: Floette|Floette-Mega, L50, F
|-mega|p1a: Floette|Floette|Floettite
|-ability|p1a: Floette|Fairy Aura
|move|p1b: Incineroar|Fake Out|p2b: LiterallyMe
|-damage|p2b: LiterallyMe|86/100
|cant|p2b: LiterallyMe|flinch
|move|p2a: Sceptile|Earth Power|p1b: Incineroar
|-supereffective|p1b: Incineroar|1
|-damage|p1b: Incineroar|43/100
|-enditem|p1b: Incineroar|Sitrus Berry|[eat]
|-heal|p1b: Incineroar|68/100|[from] item: Sitrus Berry
|move|p1a: Floette|Calm Mind|p1a: Floette
|-boost|p1a: Floette|spa|1
|-boost|p1a: Floette|spd|1
|
|upkeep
|turn|2
|
|t:|1783527189
|switch|p1b: Garchomp|Garchomp, L50, M|100/100
|move|p2b: LiterallyMe|Discharge|p1b: Garchomp|[spread] p1a
|-ability|p2a: Sceptile|Lightning Rod|boost
|-boost|p2a: Sceptile|spa|1
|-immune|p1b: Garchomp
|-damage|p1a: Floette|87/100
|move|p2a: Sceptile|Earth Power|p1b: Garchomp
|-damage|p1b: Garchomp|46/100
|move|p1a: Floette|Dazzling Gleam|p2b: LiterallyMe|[spread] p2a,p2b
|-supereffective|p2a: Sceptile|1
|-damage|p2a: Sceptile|0 fnt
|-damage|p2b: LiterallyMe|10/100
|faint|p2a: Sceptile
|
|upkeep
|
|t:|1783527212
|switch|p2a: InBetween|Araquanid, L50, F|100/100
|turn|3
|
|t:|1783527224
|switch|p2b: Tyranitar|Tyranitar, L50, F|100/100
|-weather|Sandstorm|[from] ability: Sand Stream|[of] p2b: Tyranitar
|move|p1b: Garchomp|Protect|p1b: Garchomp
|-singleturn|p1b: Garchomp|Protect
|move|p1a: Floette|Draining Kiss|p2b: Tyranitar
|-supereffective|p2b: Tyranitar|1
|-damage|p2b: Tyranitar|33/100
|-heal|p1a: Floette|100/100|[from] drain|[of] p2b: Tyranitar
|move|p2a: InBetween|Liquidation|p1b: Garchomp
|-activate|p1b: Garchomp|move: Protect
|
|-weather|Sandstorm|[upkeep]
|-damage|p1a: Floette|94/100|[from] Sandstorm
|-damage|p2a: InBetween|94/100|[from] Sandstorm
|upkeep
|turn|4
|
|t:|1783527243
|move|p1a: Floette|Draining Kiss|p2b: Tyranitar
|-supereffective|p2b: Tyranitar|1
|-damage|p2b: Tyranitar|0 fnt
|-heal|p1a: Floette|100/100|[from] drain|[of] p2b: Tyranitar
|faint|p2b: Tyranitar
|move|p1b: Garchomp|Rock Slide|p2a: InBetween
|-supereffective|p2a: InBetween|1
|-damage|p2a: InBetween|12/100
|-damage|p1b: Garchomp|36/100|[from] item: Life Orb
|move|p2a: InBetween|Liquidation|p1a: Floette
|-damage|p1a: Floette|6/100
|
|-weather|Sandstorm|[upkeep]
|-damage|p1a: Floette|1/100|[from] Sandstorm
|-damage|p2a: InBetween|6/100|[from] Sandstorm
|upkeep
|
|t:|1783527256
|switch|p2b: LiterallyMe|Rotom-Mow, L50|10/100
|turn|5
|
|t:|1783527267
|move|p2b: LiterallyMe|Shadow Ball|p1b: Garchomp
|-crit|p1b: Garchomp
|-damage|p1b: Garchomp|1/100
|move|p1a: Floette|Dazzling Gleam|p2a: InBetween|[spread] p2a,p2b
|-damage|p2a: InBetween|0 fnt
|-damage|p2b: LiterallyMe|0 fnt
|faint|p2a: InBetween
|faint|p2b: LiterallyMe
|
|win|godoftoasty
||godoftoasty is ready for game 3.
||JumpayGreen is ready for game 3.
|uhtml|next|Next: Game 3 of 3
|l|☆godoftoasty
|player|p1|
