|j|â˜†DeewompostYT
|j|â˜†Koraidon goat
|html|DeewompostYTKoraidon goat    
|uhtml|bestof|Game 3 of a best-of-3
|t:|1783306424
|gametype|doubles
|player|p1|DeewompostYT|guitarist|1265
|player|p2|Koraidon goat|drayden|1219
|gen|9
|tier|[Gen 9 Champions] VGC 2026 Reg M-B (Bo3)
|rated|
|rule|Species Clause: Limit one of each PokÃ©mon
|rule|Item Clause: Limit 1 of each item
|clearpoke
|poke|p1|Scovillain, L50, F|
|poke|p1|Grimmsnarl, L50, M|
|poke|p1|Basculegion, L50, M|
|poke|p1|Kingambit, L50, F|
|poke|p1|Garchomp, L50, M|
|poke|p1|Floette-Eternal, L50, F|
|poke|p2|Incineroar, L50, M|
|poke|p2|Ceruledge, L50, F|
|poke|p2|Milotic, L50, M|
|poke|p2|Floette-Eternal, L50, F|
|poke|p2|Sinistcha-Masterpiece, L50|
|poke|p2|Raichu, L50, M|
|teampreview|4
|showteam|p1|Scovillain||Scovillainite|Moody|RagePowder,Flamethrower,GigaDrain,Protect|Calm||F|||50|]Grimmsnarl||LightClay|Prankster|LightScreen,Reflect,SpiritBreak,PartingShot|Careful||M|||50|]Basculegion||MysticWater|Adaptability|WaveCrash,LastRespects,AquaJet,Protect|Adamant||M|||50|]Kingambit||BlackGlasses|Defiant|KowtowCleave,SuckerPunch,IronHead,Protect|Brave||F|||50|]Garchomp||LifeOrb|RoughSkin|Earthquake,DragonClaw,RockSlide,Protect|Jolly||M|||50|]Floette-Eternal||Floettite|FlowerVeil|DrainingKiss,CalmMind,Moonblast,Protect|Modest||F|||50|
|showteam|p2|Incineroar||SitrusBerry|Intimidate|FakeOut,ThroatChop,FlareBlitz,PartingShot|Impish||M|||50|]Ceruledge||ColburBerry|FlashFire|Protect,ShadowSneak,BitterBlade,BulkUp|Adamant||F|||50|]Milotic||Leftovers|Competitive|Hypnosis,Coil,Protect,MuddyWater|Bold||M|||50|]Floette-Eternal||Floettite|FlowerVeil|Protect,DazzlingGleam,CalmMind,DrainingKiss|Timid||F|||50|]Sinistcha-Masterpiece||KasibBerry|Hospitality|Protect,MatchaGotcha,RagePowder,LifeDew|Calm|||||50|]Raichu||RaichuniteY|LightningRod|ZapCannon,FocusBlast,FakeOut,Protect|Timid||M|||50|
|inactive|Battle timer is ON: inactive players will automatically lose when time's up. (requested by Koraidon goat)
|inactive|DeewompostYT has 60 seconds left.
|
|t:|1783306458
|teamsize|p1|4
|teamsize|p2|4
|start
|switch|p1a: Basculegion|Basculegion, L50, M|100/100
|switch|p1b: Scovillain|Scovillain, L50, F|100/100
|switch|p2a: Floette|Floette-Eternal, L50, F|100/100
|switch|p2b: Ceruledge|Ceruledge, L50, F|100/100
|turn|1
|
|t:|1783306478
|detailschange|p2a: Floette|Floette-Mega, L50, F
|-mega|p2a: Floette|Floette|Floettite
|-ability|p2a: Floette|Fairy Aura
|detailschange|p1b: Scovillain|Scovillain-Mega, L50, F
|-mega|p1b: Scovillain|Scovillain|Scovillainite
|move|p2a: Floette|Protect|p2a: Floette
|-singleturn|p2a: Floette|Protect
|move|p2b: Ceruledge|Protect|p2b: Ceruledge
|-singleturn|p2b: Ceruledge|Protect
|move|p1b: Scovillain|Rage Powder|p1b: Scovillain
|-singleturn|p1b: Scovillain|move: Rage Powder
|move|p1a: Basculegion|Wave Crash|p2b: Ceruledge
|-activate|p2b: Ceruledge|move: Protect
|
|upkeep
|turn|2
|inactive|DeewompostYT has 30 seconds left.
|inactive|Koraidon goat has 30 seconds left.
|inactive|DeewompostYT has 20 seconds left.
|inactive|DeewompostYT has 15 seconds left.
|inactive|DeewompostYT has 10 seconds left.
|
|t:|1783306527
|switch|p2b: Sinistcha|Sinistcha-Masterpiece, L50|100/100
|move|p1b: Scovillain|Rage Powder|p1b: Scovillain
|-singleturn|p1b: Scovillain|move: Rage Powder
|move|p2a: Floette|Calm Mind|p2a: Floette
|-boost|p2a: Floette|spa|1
|-boost|p2a: Floette|spd|1
|move|p1a: Basculegion|Wave Crash|p2a: Floette
|-damage|p2a: Floette|0 fnt
|faint|p2a: Floette
|-damage|p1a: Basculegion|76/100|[from] Recoil
|
|upkeep
|c|â˜†DeewompostYT|Oh
|c|â˜†DeewompostYT|Cool
|
|t:|1783306544
|switch|p2a: Ceruledge|Ceruledge, L50, F|100/100
|turn|3
|
|t:|1783306551
|switch|p1a: Garchomp|Garchomp, L50, M|100/100
|move|p2b: Sinistcha|Protect|p2b: Sinistcha
|-singleturn|p2b: Sinistcha|Protect
|move|p2a: Ceruledge|Bulk Up|p2a: Ceruledge
|-boost|p2a: Ceruledge|atk|1
|-boost|p2a: Ceruledge|def|1
|move|p1b: Scovillain|Flamethrower|p2b: Sinistcha
|-activate|p2b: Sinistcha|move: Protect
|
|upkeep
|turn|4
|
|t:|1783306574
|switch|p2b: Milotic|Milotic, L50, M|100/100
|move|p2a: Ceruledge|Protect|p2a: Ceruledge
|-singleturn|p2a: Ceruledge|Protect
|move|p1b: Scovillain|Protect|p1b: Scovillain
|-singleturn|p1b: Scovillain|Protect
|move|p1a: Garchomp|Earthquake|p2a: Ceruledge|[spread] p2b
|-activate|p1b: Scovillain|move: Protect
|-activate|p2a: Ceruledge|move: Protect
|-damage|p2b: Milotic|56/100
|-damage|p1a: Garchomp|90/100|[from] item: Life Orb
|
|-heal|p2b: Milotic|62/100|[from] item: Leftovers
|upkeep
|turn|5
|
|t:|1783306592
|move|p1a: Garchomp|Rock Slide|p2b: Milotic|[spread] p2a,p2b
|-supereffective|p2a: Ceruledge|1
|-damage|p2a: Ceruledge|62/100
|-damage|p2b: Milotic|40/100
|-damage|p1a: Garchomp|80/100|[from] item: Life Orb
|cant|p2a: Ceruledge|flinch
|cant|p2b: Milotic|flinch
|move|p1b: Scovillain|Giga Drain|p2b: Milotic
|-supereffective|p2b: Milotic|1
|-damage|p2b: Milotic|0 fnt
|faint|p2b: Milotic
|
|upkeep
|c|â˜†DeewompostYT|Oh
|c|â˜†DeewompostYT|Cool
|
|t:|1783306612
|switch|p2b: Sinistcha|Sinistcha-Masterpiece, L50|100/100
|-heal|p2a: Ceruledge|87/100|[from] ability: Hospitality|[of] p2b: Sinistcha
|turn|6
|
|t:|1783306624
|move|p1a: Garchomp|Rock Slide|p2b: Sinistcha|[spread] p2a,p2b
|-supereffective|p2a: Ceruledge|1
|-damage|p2a: Ceruledge|47/100
|-damage|p2b: Sinistcha|78/100
|-damage|p1a: Garchomp|70/100|[from] item: Life Orb
|move|p2a: Ceruledge|Bitter Blade|p1b: Scovillain
|-damage|p1b: Scovillain|25/100
|-heal|p2a: Ceruledge|82/100|[from] drain|[of] p1b: Scovillain
|-immune|p2a: Ceruledge
|move|p1b: Scovillain|Flamethrower|p2b: Sinistcha
|-supereffective|p2b: Sinistcha|1
|-damage|p2b: Sinistcha|2/100
|-status|p2b: Sinistcha|brn
|cant|p2b: Sinistcha|flinch
|
|-damage|p2b: Sinistcha|0 fnt|[from] brn
|faint|p2b: Sinistcha
|upkeep
|turn|7
|c|â˜†DeewompostYT|I'm not gonna say it
|inactive|DeewompostYT has 30 seconds left.
|-message|Koraidon goat forfeited.
|
|win|DeewompostYT
|raw|DeewompostYT's rating: 1265 → 1287(+22 for winning)
|raw|Koraidon goat's rating: 1219 → 1197(-22 for losing)
|l|â˜†Koraidon goat
|player|p2|
