|j|☆raksbach
|j|☆Rexar.Deco
|html|raksbachRexar.Deco    
|uhtml|bestof|Game 2 of a best-of-3
|t:|1782468753
|gametype|doubles
|player|p1|raksbach|170|1110
|player|p2|Rexar.Deco|1|1119
|gen|9
|tier|[Gen 9 Champions] VGC 2026 Reg M-B (Bo3)
|rated|
|rule|Species Clause: Limit one of each Pokémon
|rule|Item Clause: Limit 1 of each item
|clearpoke
|poke|p1|Swampert, L50, F|
|poke|p1|Pelipper, L50, F|
|poke|p1|Archaludon, L50, M|
|poke|p1|Venusaur, L50, F|
|poke|p1|Gholdengo, L50|
|poke|p1|Grimmsnarl, L50, M|
|poke|p2|Sneasler, L50, M|
|poke|p2|Ninetales-Alola, L50, F|
|poke|p2|Kingambit, L50, M|
|poke|p2|Meganium, L50, M|
|poke|p2|Aerodactyl, L50, F|
|poke|p2|Froslass, L50, F|
|teampreview|4
|showteam|p1|Swampert||Swampertite|Damp|WaveCrash,Earthquake,IcePunch,Protect|Adamant||F|||50|]Pelipper||SitrusBerry|Drizzle|Hurricane,WeatherBall,WideGuard,Tailwind|Bold||F|||50|]Archaludon||Leftovers|Stamina|DragonPulse,FlashCannon,ElectroShot,Protect|Modest||M|||50|]Venusaur||Venusaurite|Chlorophyll|SludgeBomb,GigaDrain,EarthPower,Protect|Modest||F|||50|]Gholdengo||LifeOrb|GoodasGold|MakeItRain,ShadowBall,NastyPlot,Protect|Timid|||||50|]Grimmsnarl||LightClay|Prankster|FoulPlay,Reflect,LightScreen,PartingShot|Careful||M|||50|
|showteam|p2|Sneasler||WhiteHerb|Unburden|CloseCombat,DireClaw,FakeOut,Protect|Jolly||M|||50|]Ninetales-Alola||ChoiceScarf|SnowWarning|IcyWind,Blizzard,Moonblast,FreezeDry|Timid||F|||50|]Kingambit||LifeOrb|Defiant|SuckerPunch,KowtowCleave,IronHead,LowKick|Adamant||M|||50|]Meganium||Meganiumite|Overgrow|SolarBeam,WeatherBall,DazzlingGleam,Protect|Modest||M|||50|]Aerodactyl||FocusSash|Unnerve|RockSlide,Tailwind,DualWingbeat,WideGuard|Jolly||F|||50|]Froslass||Froslassite|SnowCloak|Blizzard,ShadowBall,AuroraVeil,Protect|Modest||F|||50|
|inactive|Battle timer is ON: inactive players will automatically lose when time's up. (requested by raksbach)
|inactive|raksbach has 60 seconds left.
|
|t:|1782468798
|teamsize|p1|4
|teamsize|p2|4
|start
|switch|p1a: Swampert|Swampert, L50, F|100/100
|switch|p1b: Grimmsnarl|Grimmsnarl, L50, M|100/100
|switch|p2a: Sneasler|Sneasler, L50, M|100/100
|switch|p2b: Ninetales|Ninetales-Alola, L50, F|100/100
|-weather|Snowscape|[from] ability: Snow Warning|[of] p2b: Ninetales
|turn|1
|inactive|Rexar.Deco has 30 seconds left.
|
|t:|1782468826
|move|p1a: Swampert|Protect|p1a: Swampert
|-singleturn|p1a: Swampert|Protect
|move|p1b: Grimmsnarl|Light Screen|p1b: Grimmsnarl
|-sidestart|p1: raksbach|move: Light Screen
|move|p2b: Ninetales|Blizzard|p1b: Grimmsnarl|[spread] p1b
|-activate|p1a: Swampert|move: Protect
|-damage|p1b: Grimmsnarl|80/100
|move|p2a: Sneasler|Dire Claw|p1b: Grimmsnarl
|-supereffective|p1b: Grimmsnarl|1
|-damage|p1b: Grimmsnarl|0 fnt
|faint|p1b: Grimmsnarl
|
|-weather|Snowscape|[upkeep]
|upkeep
|
|t:|1782468837
|switch|p1b: Pelipper|Pelipper, L50, F|100/100
|-weather|RainDance|[from] ability: Drizzle|[of] p1b: Pelipper
|turn|2
|inactive|Rexar.Deco has 30 seconds left.
|
|t:|1782468864
|detailschange|p1a: Swampert|Swampert-Mega, L50, F
|-mega|p1a: Swampert|Swampert|Swampertite
|move|p2a: Sneasler|Protect|p2a: Sneasler
|-singleturn|p2a: Sneasler|Protect
|move|p2b: Ninetales|Blizzard|p1a: Swampert|[spread] p1b
|-miss|p2b: Ninetales|p1a: Swampert
|-damage|p1b: Pelipper|77/100
|move|p1a: Swampert|Earthquake|p2a: Sneasler|[spread] p2b
|-activate|p2a: Sneasler|move: Protect
|-immune|p1b: Pelipper
|-damage|p2b: Ninetales|29/100
|move|p1b: Pelipper|Tailwind|p1b: Pelipper
|-sidestart|p1: raksbach|move: Tailwind
|
|-weather|RainDance|[upkeep]
|upkeep
|turn|3
|inactive|Rexar.Deco has 30 seconds left.
|
|t:|1782468891
|move|p1a: Swampert|Earthquake|p2b: Ninetales|[spread] p2a,p2b
|-immune|p1b: Pelipper
|-supereffective|p2a: Sneasler|1
|-crit|p2b: Ninetales
|-damage|p2a: Sneasler|0 fnt
|-damage|p2b: Ninetales|0 fnt
|faint|p2a: Sneasler
|faint|p2b: Ninetales
|move|p1b: Pelipper|Weather Ball|p2: Sneasler|[notarget]
|-fail|p1b: Pelipper
|
|-weather|RainDance|[upkeep]
|upkeep
|
|t:|1782468900
|switch|p2a: Kingambit|Kingambit, L50, M|100/100
|switch|p2b: Meganium|Meganium, L50, M|100/100
|turn|4
|
|t:|1782468921
|detailschange|p2b: Meganium|Meganium-Mega, L50, M
|-mega|p2b: Meganium|Meganium|Meganiumite
|move|p1a: Swampert|Earthquake|p2a: Kingambit|[spread] p2a,p2b
|-immune|p1b: Pelipper
|-supereffective|p2a: Kingambit|1
|-resisted|p2b: Meganium|1
|-damage|p2a: Kingambit|24/100
|-damage|p2b: Meganium|73/100
|move|p1b: Pelipper|Hurricane|p2b: Meganium
|-supereffective|p2b: Meganium|1
|-damage|p2b: Meganium|3/100
|move|p2b: Meganium|Solar Beam||[still]
|-prepare|p2b: Meganium|Solar Beam
|-activate|p2b: Meganium|ability: Mega Sol
|-anim|p2b: Meganium|Solar Beam|p1a: Swampert
|-supereffective|p1a: Swampert|2
|-damage|p1a: Swampert|0 fnt
|faint|p1a: Swampert
|move|p2a: Kingambit|Kowtow Cleave|p1b: Pelipper
|-damage|p1b: Pelipper|19/100
|-enditem|p1b: Pelipper|Sitrus Berry|[eat]
|-heal|p1b: Pelipper|43/100|[from] item: Sitrus Berry
|-damage|p2a: Kingambit|14/100|[from] item: Life Orb
|
|-weather|RainDance|[upkeep]
|upkeep
|
|t:|1782468937
|switch|p1a: Gholdengo|Gholdengo, L50|100/100
|turn|5
|
|t:|1782468954
|move|p1a: Gholdengo|Protect|p1a: Gholdengo
|-singleturn|p1a: Gholdengo|Protect
|move|p2b: Meganium|Protect|p2b: Meganium
|-singleturn|p2b: Meganium|Protect
|move|p2a: Kingambit|Sucker Punch|p1b: Pelipper
|-damage|p1b: Pelipper|0 fnt
|faint|p1b: Pelipper
|-damage|p2a: Kingambit|5/100|[from] item: Life Orb
|
|-weather|RainDance|[upkeep]
|-sideend|p1: raksbach|move: Tailwind
|upkeep
|turn|6
|
|t:|1782468977
|move|p2a: Kingambit|Sucker Punch|p1a: Gholdengo
|-supereffective|p1a: Gholdengo|1
|-damage|p1a: Gholdengo|0 fnt
|faint|p1a: Gholdengo
|-damage|p2a: Kingambit|0 fnt|[from] item: Life Orb
|faint|p2a: Kingambit
|
|win|Rexar.Deco
