|j|☆Pumpkinman
|j|☆harlocker
|html|Pumpkinmanharlocker    
|uhtml|bestof|Game 1 of a best-of-3
|t:|1757166885
|gametype|doubles
|player|p1|Pumpkinman|cyclist-gen4|1170
|player|p2|harlocker|argenta|1000
|gen|9
|tier|[Gen 9] VGC 2025 Reg H (Bo3)
|rated|
|rule|Species Clause: Limit one of each Pokémon
|rule|Item Clause: Limit 1 of each item
|clearpoke
|poke|p1|Charizard, L50, M|
|poke|p1|Torkoal, L50, F|
|poke|p1|Porygon2, L50|
|poke|p1|Incineroar, L50, M|
|poke|p1|Jumpluff, L50, F|
|poke|p1|Ursaluna, L50, F|
|poke|p2|Brionne, L50, F|
|poke|p2|Gastrodon-East, L50, F|
|poke|p2|Gothitelle, L50, F|
|poke|p2|Persian-Alola, L50, F|
|poke|p2|Altaria, L50, F|
|poke|p2|Kommo-o, L50, F|
|teampreview|4
|showteam|p1|Charizard||ChoiceSpecs|SolarPower|HeatWave,Overheat,WeatherBall,AirSlash|||M|||50|,,,,,Ghost]Torkoal||EjectPack|Drought|Eruption,Overheat,HelpingHand,Protect|||F|||50|,,,,,Fire]Porygon2||Eviolite|Download|TeraBlast,IceBeam,Recover,TrickRoom||||||50|,,,,,Fighting]Incineroar||SitrusBerry|Intimidate|FlareBlitz,KnockOff,FakeOut,PartingShot|||M|||50|,,,,,Ghost]Jumpluff||CovertCloak|Chlorophyll|SleepPowder,SunnyDay,RagePowder,Tailwind|||F|||50|,,,,,Water]Ursaluna||FlameOrb|Guts|HeadlongRush,Facade,Earthquake,Protect|||F|||50|,,,,,Ghost
|showteam|p2|Brionne||Eviolite|LiquidVoice|PerishSong,Protect,HyperVoice,FlipTurn|||F|||50|,,,,,Ground]Gastrodon-East||SitrusBerry|StormDrain|Recover,AcidArmor,IceBeam,Protect|||F|||50|,,,,,Water]Gothitelle||ColburBerry|ShadowTag|Protect,FakeOut,DarkPulse,PsychicTerrain|||F|||50|,,,,,Dark]Persian-Alola||ChoiceScarf|FurCoat|Snarl,PartingShot,HyperVoice,BurningJealousy|||F|||50|,,,,,Dark]Altaria||Leftovers|CloudNine|PerishSong,Roost,Protect,DragonCheer|||F|||50|,,,,,Flying]Kommo-o||FocusSash|Soundproof|Earthquake,ClangorousSoul,Protect,ClangingScales|||F|||50|,,,,,Dragon
|inactive|Battle timer is ON: inactive players will automatically lose when time's up. (requested by Pumpkinman)
|inactive|Pumpkinman has 60 seconds left.
|
|t:|1757166932
|teamsize|p1|4
|teamsize|p2|4
|start
|switch|p1a: Incineroar|Incineroar, L50, M|100/100
|switch|p1b: Porygon2|Porygon2, L50|100/100
|switch|p2a: Brionne|Brionne, L50, F|100/100
|switch|p2b: Kommo-o|Kommo-o, L50, F|100/100
|-ability|p1a: Incineroar|Intimidate|boost
|-unboost|p2a: Brionne|atk|1
|-unboost|p2b: Kommo-o|atk|1
|-ability|p1b: Porygon2|Download|boost
|-boost|p1b: Porygon2|spa|1
|turn|1
|inactive|Pumpkinman has 30 seconds left.
|inactive|Pumpkinman has 20 seconds left.
|
|t:|1757166970
|move|p2b: Kommo-o|Protect|p2b: Kommo-o
|-singleturn|p2b: Kommo-o|Protect
|move|p2a: Brionne|Protect|p2a: Brionne
|-singleturn|p2a: Brionne|Protect
|move|p1a: Incineroar|Fake Out|p2a: Brionne
|-activate|p2a: Brionne|move: Protect
|move|p1b: Porygon2|Tera Blast|p2a: Brionne
|-activate|p2a: Brionne|move: Protect
|
|upkeep
|turn|2
|inactive|Pumpkinman has 30 seconds left.
|
|t:|1757166999
|move|p1a: Incineroar|Knock Off|p2a: Brionne
|-damage|p2a: Brionne|66/100
|-enditem|p2a: Brionne|Eviolite|[from] move: Knock Off|[of] p1a: Incineroar
|move|p2b: Kommo-o|Clangorous Soul|p2b: Kommo-o
|-boost|p2b: Kommo-o|atk|1
|-boost|p2b: Kommo-o|def|1
|-boost|p2b: Kommo-o|spa|1
|-boost|p2b: Kommo-o|spd|1
|-boost|p2b: Kommo-o|spe|1
|-damage|p2b: Kommo-o|68/100
|move|p1b: Porygon2|Tera Blast|p2a: Brionne
|-damage|p2a: Brionne|1/100
|move|p2a: Brionne|Perish Song|p2a: Brionne
|-start|p1a: Incineroar|perish3|[silent]
|-start|p1b: Porygon2|perish3|[silent]
|-start|p2a: Brionne|perish3|[silent]
|-immune|p2b: Kommo-o|[from] ability: Soundproof
|-fieldactivate|move: Perish Song
|
|-start|p1a: Incineroar|perish3
|-start|p1b: Porygon2|perish3
|-start|p2a: Brionne|perish3
|upkeep
|turn|3
|inactive|Pumpkinman has 30 seconds left.
|inactive|harlocker has 30 seconds left.
|inactive|Pumpkinman has 20 seconds left.
|inactive|Pumpkinman has 15 seconds left.
|
|t:|1757167041
|switch|p2a: Gothitelle|Gothitelle, L50, F|100/100
|move|p2b: Kommo-o|Protect|p2b: Kommo-o
|-singleturn|p2b: Kommo-o|Protect
|move|p1a: Incineroar|Parting Shot|p2b: Kommo-o
|-activate|p2b: Kommo-o|move: Protect
|move|p1b: Porygon2|Trick Room|p1b: Porygon2
|-fieldstart|move: Trick Room|[of] p1b: Porygon2
|
|-start|p1b: Porygon2|perish2
|-start|p1a: Incineroar|perish2
|upkeep
|turn|4
|inactive|Pumpkinman has 30 seconds left.
|inactive|harlocker has 30 seconds left.
|inactive|Pumpkinman has 20 seconds left.
|inactive|Pumpkinman has 15 seconds left.
|inactive|Pumpkinman has 10 seconds left.
|
|t:|1757167090
|move|p2a: Gothitelle|Fake Out|p1a: Incineroar
|-crit|p1a: Incineroar
|-damage|p1a: Incineroar|93/100
|move|p1b: Porygon2|Tera Blast|p2b: Kommo-o
|-damage|p2b: Kommo-o|35/100
|cant|p1a: Incineroar|flinch
|move|p2b: Kommo-o|Earthquake|p1a: Incineroar|[spread] p2a,p1a,p1b
|-supereffective|p1a: Incineroar
|-damage|p2a: Gothitelle|79/100
|-damage|p1a: Incineroar|47/100
|-damage|p1b: Porygon2|84/100
|-enditem|p1a: Incineroar|Sitrus Berry|[eat]
|-heal|p1a: Incineroar|72/100|[from] item: Sitrus Berry
|
|-start|p1b: Porygon2|perish1
|-start|p1a: Incineroar|perish1
|upkeep
|turn|5
|c|☆harlocker|you`ll not scape
|inactive|Pumpkinman has 30 seconds left.
|inactive|Pumpkinman has 20 seconds left.
|
|t:|1757167129
|move|p2a: Gothitelle|Protect|p2a: Gothitelle
|-singleturn|p2a: Gothitelle|Protect
|move|p2b: Kommo-o|Protect|p2b: Kommo-o
|-singleturn|p2b: Kommo-o|Protect
|move|p1b: Porygon2|Tera Blast|p2b: Kommo-o
|-activate|p2b: Kommo-o|move: Protect
|move|p1a: Incineroar|Parting Shot|p2b: Kommo-o
|-activate|p2b: Kommo-o|move: Protect
|
|-start|p1b: Porygon2|perish0
|-start|p1a: Incineroar|perish0
|faint|p1b: Porygon2
|faint|p1a: Incineroar
|upkeep
|
|t:|1757167131
|switch|p1b: Torkoal|Torkoal, L50, F|100/100
|switch|p1a: Ursaluna|Ursaluna, L50, F|100/100
|-weather|SunnyDay|[from] ability: Drought|[of] p1b: Torkoal
|turn|6
|inactive|Pumpkinman has 30 seconds left.
|
|t:|1757167157
|switch|p2a: Gastrodon|Gastrodon-East, L50, F|100/100
|move|p1b: Torkoal|Eruption|p2b: Kommo-o|[spread] p2a,p2b
|-resisted|p2a: Gastrodon
|-resisted|p2b: Kommo-o
|-damage|p2a: Gastrodon|70/100
|-damage|p2b: Kommo-o|13/100
|move|p1a: Ursaluna|Facade|p2b: Kommo-o
|-damage|p2b: Kommo-o|0 fnt
|faint|p2b: Kommo-o
|
|-weather|SunnyDay|[upkeep]
|-status|p1a: Ursaluna|brn|[from] item: Flame Orb
|upkeep
|
|t:|1757167169
|switch|p2b: Brionne|Brionne, L50, F|1/100
|turn|7
|
|t:|1757167182
|move|p1b: Torkoal|Eruption|p2a: Gastrodon|[spread] p2a,p2b
|-resisted|p2a: Gastrodon
|-resisted|p2b: Brionne
|-damage|p2a: Gastrodon|40/100
|-damage|p2b: Brionne|0 fnt
|-enditem|p2a: Gastrodon|Sitrus Berry|[eat]
|-heal|p2a: Gastrodon|65/100|[from] item: Sitrus Berry
|faint|p2b: Brionne
|move|p2a: Gastrodon|Ice Beam|p1a: Ursaluna
|-supereffective|p1a: Ursaluna
|-damage|p1a: Ursaluna|65/100 brn
|move|p1a: Ursaluna|Facade|p2a: Gastrodon
|-damage|p2a: Gastrodon|0 fnt
|faint|p2a: Gastrodon
|
|-weather|SunnyDay|[upkeep]
|-damage|p1a: Ursaluna|59/100 brn|[from] brn
|-fieldend|move: Trick Room
|upkeep
|
|t:|1757167192
|switch|p2b: Gothitelle|Gothitelle, L50, F|79/100
|turn|8
|
|t:|1757167200
|move|p1a: Ursaluna|Facade|p2b: Gothitelle
|-damage|p2b: Gothitelle|0 fnt
|faint|p2b: Gothitelle
|
|win|Pumpkinman
||Pumpkinman is ready for game 2.
||harlocker is ready for game 2.
|uhtml|next|Next: Game 2 of 3
|l|☆harlocker
|player|p2|
