|j|☆benjitulio
|j|☆ultearssugardaddy
|html|benjitulioultearssugardaddy    
|uhtml|bestof|Game 2 of a best-of-3
|t:|1783209995
|gametype|doubles
|player|p1|benjitulio|wattson|1000
|player|p2|ultearssugardaddy|blue|1027
|gen|9
|tier|[Gen 9 Champions] VGC 2026 Reg M-B (Bo3)
|rated|
|rule|Species Clause: Limit one of each Pokémon
|rule|Item Clause: Limit 1 of each item
|clearpoke
|poke|p1|Maushold-Four, L50|
|poke|p1|Incineroar, L50, F|
|poke|p1|Metagross, L50|
|poke|p1|Aerodactyl, L50, F|
|poke|p1|Primarina, L50, F|
|poke|p1|Sinistcha, L50|
|poke|p2|Archaludon, L50, F|
|poke|p2|Dragonite, L50, F|
|poke|p2|Dragapult, L50, M|
|poke|p2|Blaziken, L50, F|
|poke|p2|Sneasler, L50, F|
|poke|p2|Basculegion, L50, M|
|teampreview|4
|showteam|p1|Maushold-Four||FocusSash|FriendGuard|FollowMe,RainDance,PopulationBomb,SuperFang|Jolly|||||50|]Incineroar||ChopleBerry|Intimidate|FakeOut,FlareBlitz,PartingShot,DarkestLariat|Impish||F|||50|]Metagross||Metagrossite|ClearBody|IronHead,Protect,PsychicFangs,Earthquake|Adamant|||||50|]Aerodactyl||FocusBand|Unnerve|RockSlide,Protect,Tailwind,IceFang|Jolly||F|||50|]Primarina||ChoiceScarf|LiquidVoice|HyperVoice,HydroPump,IcyWind,Moonblast|Modest||F|||50|]Sinistcha||Leftovers|Hospitality|MatchaGotcha,LifeDew,ShadowBall,RagePowder|Calm|||||50|
|showteam|p2|Archaludon||Leftovers|Stamina|DragonPulse,ElectroShot,SteelBeam,DarkPulse|Timid||F|||50|]Dragonite||ExpertBelt|Multiscale|DragonTail,Earthquake,ExtremeSpeed,DragonDance|Adamant||F|||50|]Dragapult||FocusSash|ClearBody|DragonDarts,BatonPass,PhantomForce,DragonDance|Adamant||M|||50|]Blaziken||Blazikenite|SpeedBoost|FlareBlitz,SwordsDance,Protect,BatonPass|Adamant||F|||50|]Sneasler||WhiteHerb|PoisonTouch|CloseCombat,DireClaw,Uturn,LashOut|Jolly||F|||50|]Basculegion||LifeOrb|Adaptability|AquaJet,LastRespects,RainDance,WaveCrash|Adamant||M|||50|
|inactive|Battle timer is ON: inactive players will automatically lose when time's up. (requested by ultearssugardaddy)
|
|t:|1783210014
|teamsize|p1|4
|teamsize|p2|4
|start
|switch|p1a: Primarina|Primarina, L50, F|100/100
|switch|p1b: Incineroar|Incineroar, L50, F|100/100
|switch|p2a: Sneasler|Sneasler, L50, F|100/100
|switch|p2b: Basculegion|Basculegion, L50, M|100/100
|-ability|p1b: Incineroar|Intimidate|boost
|-unboost|p2a: Sneasler|atk|1
|-unboost|p2b: Basculegion|atk|1
|-enditem|p2a: Sneasler|White Herb
|-clearnegativeboost|p2a: Sneasler|[silent]
|turn|1
|inactive|benjitulio has 30 seconds left.
|
|t:|1783210042
|move|p1b: Incineroar|Fake Out|p2a: Sneasler
|-damage|p2a: Sneasler|80/100
|cant|p2a: Sneasler|flinch
|move|p1a: Primarina|Hyper Voice|p2a: Sneasler|[spread] p2a,p2b
|-resisted|p2b: Basculegion|1
|-damage|p2a: Sneasler|28/100
|-damage|p2b: Basculegion|80/100
|move|p2b: Basculegion|Rain Dance|p2b: Basculegion
|-weather|RainDance
|
|-weather|RainDance|[upkeep]
|upkeep
|turn|2
|
|t:|1783210068
|switch|p1a: Metagross|Metagross, L50|100/100
|move|p2a: Sneasler|Close Combat|p1b: Incineroar
|-supereffective|p1b: Incineroar|1
|-enditem|p1b: Incineroar|Chople Berry|[eat]
|-enditem|p1b: Incineroar|Chople Berry|[weaken]
|-damage|p1b: Incineroar|49/100
|-unboost|p2a: Sneasler|def|1
|-unboost|p2a: Sneasler|spd|1
|-status|p1b: Incineroar|psn|[from] ability: Poison Touch|[of] p2a: Sneasler
|move|p1b: Incineroar|Darkest Lariat|p2b: Basculegion
|-supereffective|p2b: Basculegion|1
|-damage|p2b: Basculegion|5/100
|move|p2b: Basculegion|Wave Crash|p1b: Incineroar
|-supereffective|p1b: Incineroar|1
|-damage|p1b: Incineroar|0 fnt
|faint|p1b: Incineroar
|-damage|p2b: Basculegion|0 fnt|[from] Recoil
|faint|p2b: Basculegion
|
|-weather|RainDance|[upkeep]
|upkeep
|
|t:|1783210089
|switch|p1b: Aerodactyl|Aerodactyl, L50, F|100/100
|switch|p2b: Archaludon|Archaludon, L50, F|100/100
|-ability|p1b: Aerodactyl|Unnerve
|turn|3
|
|t:|1783210101
|detailschange|p1a: Metagross|Metagross-Mega, L50
|-mega|p1a: Metagross|Metagross|Metagrossite
|move|p1b: Aerodactyl|Tailwind|p1b: Aerodactyl
|-sidestart|p1: benjitulio|move: Tailwind
|move|p1a: Metagross|Earthquake|p2a: Sneasler|[spread] p2a,p2b
|-immune|p1b: Aerodactyl
|-supereffective|p2a: Sneasler|1
|-supereffective|p2b: Archaludon|1
|-damage|p2a: Sneasler|0 fnt
|-damage|p2b: Archaludon|46/100
|-ability|p2b: Archaludon|Stamina|boost
|-boost|p2b: Archaludon|def|1
|faint|p2a: Sneasler
|move|p2b: Archaludon|Electro Shot||[still]
|-prepare|p2b: Archaludon|Electro Shot
|-boost|p2b: Archaludon|spa|1
|-anim|p2b: Archaludon|Electro Shot|p1b: Aerodactyl
|-supereffective|p1b: Aerodactyl|1
|-damage|p1b: Aerodactyl|0 fnt
|faint|p1b: Aerodactyl
|
|-weather|RainDance|[upkeep]
|-heal|p2b: Archaludon|52/100|[from] item: Leftovers
|upkeep
|
|t:|1783210117
|switch|p1b: Primarina|Primarina, L50, F|100/100
|switch|p2a: Dragonite|Dragonite, L50, F|100/100
|turn|4
|
|t:|1783210126
|move|p1b: Primarina|Moonblast|p2b: Archaludon
|-damage|p2b: Archaludon|0 fnt
|faint|p2b: Archaludon
|move|p1a: Metagross|Iron Head|p2a: Dragonite
|-damage|p2a: Dragonite|67/100
|cant|p2a: Dragonite|flinch
|
|-weather|RainDance|[upkeep]
|upkeep
|turn|5
|
|t:|1783210139
|move|p1b: Primarina|Moonblast|p2a: Dragonite
|-supereffective|p2a: Dragonite|1
|-damage|p2a: Dragonite|0 fnt
|faint|p2a: Dragonite
|
|win|benjitulio
|raw|benjitulio's rating: 1000 → 1043(+43 for winning)
|raw|ultearssugardaddy's rating: 1027 → 1012(-15 for losing)
