|j|☆master 792
|j|☆ManLiker
|html|master 792ManLiker    
|uhtml|bestof|Game 1 of a best-of-3
|t:|1783789803
|gametype|doubles
|player|p1|master 792|red|1052
|player|p2|ManLiker|266|1000
|gen|9
|tier|[Gen 9 Champions] VGC 2026 Reg M-B (Bo3)
|rated|
|rule|Species Clause: Limit one of each Pokémon
|rule|Item Clause: Limit 1 of each item
|clearpoke
|poke|p1|Blastoise, L50, F|
|poke|p1|Incineroar, L50, M|
|poke|p1|Kingambit, L50, F|
|poke|p1|Sneasler, L50, M|
|poke|p1|Sinistcha, L50|
|poke|p1|Delphox, L50, M|
|poke|p2|Ninetales-Alola, L50, F|
|poke|p2|Scrafty, L50, M|
|poke|p2|Ceruledge, L50, M|
|poke|p2|Whimsicott, L50, F|
|poke|p2|Espathra, L50, F|
|poke|p2|Lopunny, L50, F|
|teampreview|4
|showteam|p1|Blastoise||Blastoisinite|RainDish|ShellSmash,WaterSpout,DarkPulse,Protect|Modest||F|||50|]Incineroar||SitrusBerry|Intimidate|FlareBlitz,FakeOut,PartingShot,HelpingHand|Impish||M|||50|]Kingambit||BlackGlasses|Defiant|KowtowCleave,Protect,SwordsDance,SuckerPunch|Adamant||F|||50|]Sneasler||FocusSash|PoisonTouch|DireClaw,CloseCombat,FakeOut,QuickGuard|Jolly||M|||50|]Sinistcha||OccaBerry|Hospitality|MatchaGotcha,Protect,TrickRoom,RagePowder|Bold|||||50|]Delphox||Delphoxite|Blaze|HeatWave,Psyshock,NastyPlot,Protect|Timid||M|||50|
|showteam|p2|Ninetales-Alola||NeverMeltIce|SnowWarning|FreezeDry,Protect,AuroraVeil,Moonblast|Timid||F|||50|]Scrafty||Scraftinite|Intimidate|DrainPunch,KnockOff,Protect,SwordsDance|Adamant||M|||50|]Ceruledge||Charcoal|FlashFire|BitterBlade,Protect,BulkUp,ShadowSneak|Adamant||M|||50|]Whimsicott||FocusSash|Prankster|Tailwind,EnergyBall,Charm,Protect|Bold||F|||50|]Espathra||Leftovers|SpeedBoost|LuminaCrash,Protect,CalmMind,FlashCannon|Modest||F|||50|]Lopunny||Lopunnite|CuteCharm|FakeOut,CloseCombat,MachPunch,GigaImpact|Jolly||F|||50|
|
|t:|1783789830
|teamsize|p1|4
|teamsize|p2|4
|start
|switch|p1a: Blastoise|Blastoise, L50, F|100/100
|switch|p1b: Sinistcha|Sinistcha, L50|100/100
|switch|p2a: Ninetales|Ninetales-Alola, L50, F|100/100
|switch|p2b: Lopunny|Lopunny, L50, F|100/100
|-weather|Snowscape|[from] ability: Snow Warning|[of] p2a: Ninetales
|turn|1
|
|t:|1783789845
|detailschange|p2b: Lopunny|Lopunny-Mega, L50, F
|-mega|p2b: Lopunny|Lopunny|Lopunnite
|move|p1a: Blastoise|Protect|p1a: Blastoise
|-singleturn|p1a: Blastoise|Protect
|move|p1b: Sinistcha|Protect|p1b: Sinistcha
|-singleturn|p1b: Sinistcha|Protect
|move|p2b: Lopunny|Fake Out|p1b: Sinistcha
|-activate|p1b: Sinistcha|move: Protect
|move|p2a: Ninetales|Aurora Veil|p2a: Ninetales
|-sidestart|p2: ManLiker|move: Aurora Veil
|
|-weather|Snowscape|[upkeep]
|upkeep
|turn|2
|
|t:|1783789889
|detailschange|p1a: Blastoise|Blastoise-Mega, L50, F
|-mega|p1a: Blastoise|Blastoise|Blastoisinite
|move|p1b: Sinistcha|Rage Powder|p1b: Sinistcha
|-singleturn|p1b: Sinistcha|move: Rage Powder
|move|p2b: Lopunny|Giga Impact|p1b: Sinistcha
|-damage|p1b: Sinistcha|32/100
|-mustrecharge|p2b: Lopunny
|move|p2a: Ninetales|Freeze-Dry|p1b: Sinistcha
|-supereffective|p1b: Sinistcha|1
|-damage|p1b: Sinistcha|0 fnt
|faint|p1b: Sinistcha
|move|p1a: Blastoise|Shell Smash|p1a: Blastoise
|-unboost|p1a: Blastoise|def|1
|-unboost|p1a: Blastoise|spd|1
|-boost|p1a: Blastoise|atk|2
|-boost|p1a: Blastoise|spa|2
|-boost|p1a: Blastoise|spe|2
|
|-weather|Snowscape|[upkeep]
|upkeep
|
|t:|1783789901
|switch|p1b: Incineroar|Incineroar, L50, M|100/100
|-ability|p1b: Incineroar|Intimidate|boost
|-unboost|p2a: Ninetales|atk|1
|-fail|p2b: Lopunny|unboost|Attack|[from] ability: Scrappy|[of] p2b: Lopunny
|turn|3
|
|t:|1783789914
|move|p2a: Ninetales|Protect|p2a: Ninetales
|-singleturn|p2a: Ninetales|Protect
|move|p1b: Incineroar|Fake Out|p2a: Ninetales
|-activate|p2a: Ninetales|move: Protect
|move|p1a: Blastoise|Shell Smash|p1a: Blastoise
|-unboost|p1a: Blastoise|def|1
|-unboost|p1a: Blastoise|spd|1
|-boost|p1a: Blastoise|atk|2
|-boost|p1a: Blastoise|spa|2
|-boost|p1a: Blastoise|spe|2
|cant|p2b: Lopunny|recharge
|
|-weather|Snowscape|[upkeep]
|upkeep
|turn|4
|
|t:|1783789946
|move|p1b: Incineroar|Helping Hand|p1a: Blastoise
|-singleturn|p1a: Blastoise|Helping Hand|[of] p1b: Incineroar
|move|p1a: Blastoise|Water Spout|p2b: Lopunny|[spread] p2a,p2b
|-damage|p2a: Ninetales|0 fnt
|-damage|p2b: Lopunny|0 fnt
|faint|p2a: Ninetales
|faint|p2b: Lopunny
|
|-weather|Snowscape|[upkeep]
|upkeep
|
|t:|1783789954
|switch|p2b: Whimsicott|Whimsicott, L50, F|100/100
|switch|p2a: Ceruledge|Ceruledge, L50, M|100/100
|turn|5
|
|t:|1783789972
|move|p2b: Whimsicott|Tailwind|p2b: Whimsicott
|-sidestart|p2: ManLiker|move: Tailwind
|move|p2a: Ceruledge|Shadow Sneak|p1a: Blastoise
|-damage|p1a: Blastoise|55/100
|move|p1a: Blastoise|Water Spout|p2b: Whimsicott|[spread] p2a,p2b
|-supereffective|p2a: Ceruledge|1
|-resisted|p2b: Whimsicott|1
|-damage|p2a: Ceruledge|0 fnt
|-damage|p2b: Whimsicott|53/100
|faint|p2a: Ceruledge
|move|p1b: Incineroar|Parting Shot|p2b: Whimsicott
|-unboost|p2b: Whimsicott|atk|1
|-unboost|p2b: Whimsicott|spa|1
|
|t:|1783789980
|switch|p1b: Kingambit|Kingambit, L50, F|100/100|[from] Parting Shot
|
|-weather|none
|-sideend|p2: ManLiker|move: Aurora Veil
|upkeep
|turn|6
|
|t:|1783789986
|switch|p1a: Incineroar|Incineroar, L50, M|100/100
|-ability|p1a: Incineroar|Intimidate|boost
|-unboost|p2b: Whimsicott|atk|1
|move|p2b: Whimsicott|Energy Ball|p1a: Incineroar
|-resisted|p1a: Incineroar|1
|-damage|p1a: Incineroar|91/100
|move|p1b: Kingambit|Swords Dance|p1b: Kingambit
|-boost|p1b: Kingambit|atk|2
|
|upkeep
|turn|7
|
|t:|1783789993
|move|p1b: Kingambit|Sucker Punch|p2b: Whimsicott
|-resisted|p2b: Whimsicott|1
|-damage|p2b: Whimsicott|10/100
|move|p2b: Whimsicott|Energy Ball|p1a: Incineroar
|-resisted|p1a: Incineroar|1
|-damage|p1a: Incineroar|82/100
|-unboost|p1a: Incineroar|spd|1
|move|p1a: Incineroar|Flare Blitz|p2b: Whimsicott
|-supereffective|p2b: Whimsicott|1
|-crit|p2b: Whimsicott
|-damage|p2b: Whimsicott|0 fnt
|faint|p2b: Whimsicott
|-damage|p1a: Incineroar|79/100|[from] Recoil
|
|win|master 792
||ManLiker is ready for game 2.
||master 792 is ready for game 2.
|uhtml|next|Next: Game 2 of 3
|l|☆ManLiker
|player|p2|
