|j|☆ChocoHammy
|j|☆morphiusdoorphius
|html|ChocoHammymorphiusdoorphius      
|uhtml|bestof|Game 3 of a best-of-5
|t:|1784682632
|gametype|doubles
|player|p1|ChocoHammy|169|
|player|p2|morphiusdoorphius|linebacker|
|gen|9
|tier|[Gen 9 Champions] VGC 2026 Reg M-B (Bo3)
|rule|Species Clause: Limit one of each Pokémon
|rule|Item Clause: Limit 1 of each item
|raw|1 custom rule: !! Best Of = 5
|clearpoke
|poke|p1|Aurorus, L50, F|
|poke|p1|Ceruledge, L50, F|
|poke|p1|Clefable, L50, M|
|poke|p1|Tauros-Paldea-Blaze, L50, M|
|poke|p1|Garchomp, L50, M|
|poke|p1|Golurk, L50|
|poke|p2|Charizard, L50, F|
|poke|p2|Talonflame, L50, M|
|poke|p2|Primarina, L50, F|
|poke|p2|Kingambit, L50, F|
|poke|p2|Kleavor, L50, M|
|poke|p2|Scrafty, L50, F|
|teampreview|4
|showteam|p1|Aurorus||ChopleBerry|SnowWarning|Blizzard,AncientPower,EarthPower,Protect|Modest||F|||50|]Ceruledge||ColburBerry|FlashFire|BitterBlade,ShadowSneak,BulkUp,Protect|Adamant||F|||50|]Clefable||Clefablite|Unaware|Moonblast,Encore,FollowMe,Protect|Bold||M|||50|]Tauros-Paldea-Blaze||FocusSash|Intimidate|CloseCombat,FlareBlitz,WillOWisp,Protect|Adamant||M|||50|]Garchomp||ChoiceScarf|RoughSkin|Earthquake,DragonClaw,RockSlide,StompingTantrum|Jolly||M|||50|]Golurk||Golurkite|IronFist|HeadlongRush,Poltergeist,IcePunch,Protect|Adamant|||||50|
|showteam|p2|Charizard||CharizarditeY|Blaze|HeatWave,Protect,WeatherBall,SolarBeam|Modest||F|||50|]Talonflame||FocusSash|GaleWings|Tailwind,Protect,FlareBlitz,BraveBird|Jolly||M|||50|]Primarina||MysticWater|LiquidVoice|IceBeam,Moonblast,Protect,HyperVoice|Naive||F|||50|]Kingambit||ChopleBerry|Defiant|IronHead,Protect,SuckerPunch,SwordsDance|Adamant||F|||50|]Kleavor||WideLens|Sharpness|StoneAxe,XScissor,RockSlide,Protect|Adamant||M|||50|]Scrafty||Scraftinite|Intimidate|SuperFang,FakeOut,Protect,CloseCombat|Adamant||F|||50|
|j| budster16
|j| Youax55
|
|t:|1784682726
|teamsize|p1|4
|teamsize|p2|4
|start
|switch|p1a: Clefable|Clefable, L50, M|100/100
|switch|p1b: Garchomp|Garchomp, L50, M|100/100
|switch|p2a: Talonflame|Talonflame, L50, M|100/100
|switch|p2b: Kleavor|Kleavor, L50, M|100/100
|turn|1
|j| InfiniKnight
|j| Dylan Jenson
|
|t:|1784682823
|switch|p1a: Tauros|Tauros-Paldea-Blaze, L50, M|100/100
|-ability|p1a: Tauros|Intimidate|boost
|-unboost|p2a: Talonflame|atk|1
|-unboost|p2b: Kleavor|atk|1
|move|p2a: Talonflame|Tailwind|p2a: Talonflame
|-sidestart|p2: morphiusdoorphius|move: Tailwind
|move|p2b: Kleavor|Stone Axe|p1a: Tauros
|-damage|p1a: Tauros|54/100
|-sidestart|p1: ChocoHammy|move: Stealth Rock
|move|p1b: Garchomp|Rock Slide|p2a: Talonflame|[spread] p2a
|-miss|p1b: Garchomp|p2b: Kleavor
|-supereffective|p2a: Talonflame|2
|-enditem|p2a: Talonflame|Focus Sash
|-damage|p2a: Talonflame|1/100
|
|upkeep
|turn|2
|
|t:|1784682969
|move|p2a: Talonflame|Brave Bird|p1b: Garchomp
|-damage|p1b: Garchomp|72/100
|-damage|p2a: Talonflame|0 fnt|[from] ability: Rough Skin|[of] p1b: Garchomp
|faint|p2a: Talonflame
|move|p2b: Kleavor|X-Scissor|p1b: Garchomp
|-damage|p1b: Garchomp|28/100
|-damage|p2b: Kleavor|87/100|[from] ability: Rough Skin|[of] p1b: Garchomp
|move|p1b: Garchomp|Rock Slide|p2b: Kleavor
|-supereffective|p2b: Kleavor|1
|-damage|p2b: Kleavor|19/100
|move|p1a: Tauros|Close Combat|p2b: Kleavor
|-damage|p2b: Kleavor|0 fnt
|-unboost|p1a: Tauros|def|1
|-unboost|p1a: Tauros|spd|1
|faint|p2b: Kleavor
|
|upkeep
|
|t:|1784682986
|switch|p2a: Primarina|Primarina, L50, F|100/100
|switch|p2b: Kingambit|Kingambit, L50, F|100/100
|turn|3
|l| Dylan Jenson
|
|t:|1784683055
|switch|p1b: Clefable|Clefable, L50, M|100/100
|-damage|p1b: Clefable|87/100|[from] Stealth Rock
|move|p1a: Tauros|Protect|p1a: Tauros
|-singleturn|p1a: Tauros|Protect
|move|p2a: Primarina|Hyper Voice|p1a: Tauros|[spread] p1b
|-activate|p1a: Tauros|move: Protect
|-damage|p1b: Clefable|50/100g
|move|p2b: Kingambit|Swords Dance|p2b: Kingambit
|-boost|p2b: Kingambit|atk|2
|
|upkeep
|turn|4
|j| Dylan Jenson
|
|t:|1784683153
|move|p1a: Tauros|Protect||[still]
|-fail|p1a: Tauros
|move|p2b: Kingambit|Protect|p2b: Kingambit
|-singleturn|p2b: Kingambit|Protect
|move|p1b: Clefable|Protect|p1b: Clefable
|-singleturn|p1b: Clefable|Protect
|move|p2a: Primarina|Hyper Voice|p1b: Clefable|[spread] p1a
|-activate|p1b: Clefable|move: Protect
|-supereffective|p1a: Tauros|1
|-damage|p1a: Tauros|0 fnt
|faint|p1a: Tauros
|
|-sideend|p2: morphiusdoorphius|move: Tailwind
|upkeep
|
|t:|1784683167
|switch|p1a: Garchomp|Garchomp, L50, M|28/100
|-damage|p1a: Garchomp|22/100|[from] Stealth Rock
|turn|5
|
|t:|1784683306
|detailschange|p1b: Clefable|Clefable-Mega, L50, M
|-mega|p1b: Clefable|Clefable|Clefablite
|move|p1a: Garchomp|Earthquake|p2a: Primarina|[spread] p2a,p2b
|-immune|p1b: Clefable
|-supereffective|p2b: Kingambit|1
|-damage|p2a: Primarina|40/100
|-damage|p2b: Kingambit|46/100
|move|p2a: Primarina|Hyper Voice|p1b: Clefable|[spread] p1a,p1b
|-damage|p1a: Garchomp|0 fnt
|-damage|p1b: Clefable|20/100y
|faint|p1a: Garchomp
|move|p1b: Clefable|Moonblast|p2a: Primarina
|-damage|p2a: Primarina|0 fnt
|faint|p2a: Primarina
|move|p2b: Kingambit|Iron Head|p1b: Clefable
|-supereffective|p1b: Clefable|1
|-damage|p1b: Clefable|0 fnt
|faint|p1b: Clefable
|
|upkeep
|
|t:|1784683322
|switch|p1a: Ceruledge|Ceruledge, L50, F|100/100
|-damage|p1a: Ceruledge|75/100|[from] Stealth Rock
|turn|6
|
|t:|1784683453
|move|p2b: Kingambit|Protect|p2b: Kingambit
|-singleturn|p2b: Kingambit|Protect
|move|p1a: Ceruledge|Bulk Up|p1a: Ceruledge
|-boost|p1a: Ceruledge|atk|1
|-boost|p1a: Ceruledge|def|1
|
|upkeep
|turn|7
|
|t:|1784683481
|move|p2b: Kingambit|Sucker Punch|p1a: Ceruledge
|-supereffective|p1a: Ceruledge|1
|-crit|p1a: Ceruledge
|-enditem|p1a: Ceruledge|Colbur Berry|[eat]
|-enditem|p1a: Ceruledge|Colbur Berry|[weaken]
|-damage|p1a: Ceruledge|0 fnt
|faint|p1a: Ceruledge
|
|win|morphiusdoorphius
