|j|☆uglybeast
|j|☆goldenb00t
|html|uglybeastgoldenb00t    
|uhtml|bestof|Game 2 of a best-of-3
|t:|1755441823
|gametype|doubles
|player|p1|uglybeast|lucas|1244
|player|p2|goldenb00t|scientist|1201
|gen|9
|tier|[Gen 9] VGC 2025 Reg H (Bo3)
|rated|
|rule|Species Clause: Limit one of each Pokémon
|rule|Item Clause: Limit 1 of each item
|clearpoke
|poke|p1|Volcarona, L50, F|
|poke|p1|Samurott-Hisui, L50, M|
|poke|p1|Gholdengo, L50|
|poke|p1|Sneasler, L50, F|
|poke|p1|Ursaluna-Bloodmoon, L50, M|
|poke|p1|Indeedee, L50, M|
|poke|p2|Volcarona, L50, M|
|poke|p2|Rillaboom, L50, M|
|poke|p2|Sneasler, L50, M|
|poke|p2|Kingambit, L50, M|
|poke|p2|Electabuzz, L50, M|
|poke|p2|Dragonite, L50, M|
|teampreview|4
|showteam|p1|Volcarona||SitrusBerry|FlameBody|FieryDance,StruggleBug,Tailwind,RagePowder|||F|||50|,,,,,Dragon]Samurott-Hisui||AssaultVest|Sharpness|AquaCutter,SacredSword,SuckerPunch,FlipTurn|||M|||50|,,,,,Poison]Gholdengo||Leftovers|GoodasGold|MakeItRain,ShadowBall,NastyPlot,Protect||||||50|,,,,,Water]Sneasler||PsychicSeed|Unburden|DireClaw,CloseCombat,ThroatChop,Protect|||F|||50|,,,,,Dark]Ursaluna-Bloodmoon||LifeOrb|MindsEye|BloodMoon,HyperVoice,EarthPower,Protect|||M|||50|,,,,,Normal]Indeedee||FocusSash|PsychicSurge|ExpandingForce,TeraBlast,Imprison,TrickRoom|||M|||50|,,,,,Fighting
|showteam|p2|Volcarona||Leftovers|FlameBody|HeatWave,GigaDrain,QuiverDance,Protect|||M|||50|,,,,,Grass]Rillaboom||AssaultVest|GrassySurge|WoodHammer,GrassyGlide,FakeOut,Uturn|||M|||50|,,,,,Fire]Sneasler||FocusSash|Unburden|DireClaw,CloseCombat,FakeOut,Protect|||M|||50|,,,,,Stellar]Kingambit||BlackGlasses|Defiant|KowtowCleave,SuckerPunch,SwordsDance,Protect|||M|||50|,,,,,Dark]Electabuzz||Eviolite|VitalSpirit|FollowMe,Protect,Electroweb,Taunt|||M|||50|,,,,,Ghost]Dragonite||LoadedDice|Multiscale|ScaleShot,Protect,Haze,ExtremeSpeed|||M|||50|,,,,,Fairy
|inactive|Battle timer is ON: inactive players will automatically lose when time's up. (requested by goldenb00t)
|inactive|uglybeast has 60 seconds left.
|
|t:|1755441875
|teamsize|p1|4
|teamsize|p2|4
|start
|switch|p1a: Salmonella|Volcarona, L50, F, shiny|100/100
|switch|p1b: Tyrotrela|Gholdengo, L50, shiny|100/100
|switch|p2a: Volcarona|Volcarona, L50, M|100/100
|switch|p2b: Rillaboom|Rillaboom, L50, M, shiny|100/100
|-fieldstart|move: Grassy Terrain|[from] ability: Grassy Surge|[of] p2b: Rillaboom
|turn|1
|inactive|uglybeast has 30 seconds left.
|inactive|goldenb00t has 30 seconds left.
|inactive|goldenb00t has 20 seconds left.
|inactive|goldenb00t has 15 seconds left.
|
|t:|1755441920
|-terastallize|p2b: Rillaboom|Fire
|move|p1b: Tyrotrela|Protect|p1b: Tyrotrela
|-singleturn|p1b: Tyrotrela|Protect
|move|p2b: Rillaboom|Fake Out|p1a: Salmonella
|-damage|p1a: Salmonella|88/100
|move|p2a: Volcarona|Quiver Dance|p2a: Volcarona
|-boost|p2a: Volcarona|spa|1
|-boost|p2a: Volcarona|spd|1
|-boost|p2a: Volcarona|spe|1
|cant|p1a: Salmonella|flinch
|
|-heal|p1a: Salmonella|94/100|[from] Grassy Terrain
|upkeep
|turn|2
|inactive|uglybeast has 30 seconds left.
|inactive|uglybeast has 20 seconds left.
|inactive|uglybeast has 15 seconds left.
|
|t:|1755441962
|switch|p1b: Job Application|Indeedee, L50, M, shiny|100/100
|-fieldstart|move: Psychic Terrain|[from] ability: Psychic Surge|[of] p1b: Job Application
|move|p2a: Volcarona|Heat Wave|p1b: Job Application|[spread] p1a,p1b
|-damage|p1a: Salmonella|45/100
|-damage|p1b: Job Application|28/100
|-enditem|p1a: Salmonella|Sitrus Berry|[eat]
|-heal|p1a: Salmonella|70/100|[from] item: Sitrus Berry
|move|p1a: Salmonella|Tailwind|p1a: Salmonella
|-sidestart|p1: uglybeast|move: Tailwind
|move|p2b: Rillaboom|U-turn|p1b: Job Application
|-supereffective|p1b: Job Application
|-damage|p1b: Job Application|0 fnt
|faint|p1b: Job Application
|
|t:|1755441979
|switch|p2b: Sneasler|Sneasler, L50, M|100/100|[from] U-turn
|
|upkeep
|
|t:|1755441984
|switch|p1b: Gillette|Samurott-Hisui, L50, M, shiny|100/100
|turn|3
|inactive|uglybeast has 30 seconds left.
|inactive|uglybeast has 20 seconds left.
|
|t:|1755442023
|move|p2a: Volcarona|Protect|p2a: Volcarona
|-singleturn|p2a: Volcarona|Protect
|move|p2b: Sneasler|Protect|p2b: Sneasler
|-singleturn|p2b: Sneasler|Protect
|move|p1a: Salmonella|Fiery Dance|p2b: Sneasler
|-activate|p2b: Sneasler|move: Protect
|move|p1b: Gillette|Aqua Cutter|p2b: Sneasler
|-activate|p2b: Sneasler|move: Protect
|
|upkeep
|turn|4
|inactive|goldenb00t has 30 seconds left.
|inactive|goldenb00t has 20 seconds left.
|inactive|goldenb00t has 15 seconds left.
|
|t:|1755442065
|-terastallize|p1b: Gillette|Poison
|move|p1a: Salmonella|Struggle Bug|p2b: Sneasler|[spread] p2a,p2b
|-resisted|p2a: Volcarona
|-resisted|p2b: Sneasler
|-damage|p2a: Volcarona|95/100
|-damage|p2b: Sneasler|95/100
|-unboost|p2a: Volcarona|spa|1
|-unboost|p2b: Sneasler|spa|1
|move|p2a: Volcarona|Giga Drain|p1b: Gillette
|-resisted|p1b: Gillette
|-damage|p1b: Gillette|89/100
|-heal|p2a: Volcarona|100/100|[from] drain|[of] p1b: Gillette
|move|p1b: Gillette|Aqua Cutter|p2a: Volcarona
|-supereffective|p2a: Volcarona
|-damage|p2a: Volcarona|0 fnt
|faint|p2a: Volcarona
|move|p2b: Sneasler|Dire Claw|p1a: Salmonella
|-damage|p1a: Salmonella|29/100
|-status|p1a: Salmonella|psn
|-status|p2b: Sneasler|brn|[from] ability: Flame Body|[of] p1a: Salmonella
|
|-damage|p1a: Salmonella|17/100 psn|[from] psn
|-damage|p2b: Sneasler|89/100 brn|[from] brn
|upkeep
|
|t:|1755442073
|switch|p2a: Rillaboom|Rillaboom, L50, M, shiny, tera:Fire|100/100
|-fieldstart|move: Grassy Terrain|[from] ability: Grassy Surge|[of] p2a: Rillaboom
|turn|5
|inactive|uglybeast has 30 seconds left.
|inactive|uglybeast has 20 seconds left.
|inactive|uglybeast has 15 seconds left.
|
|t:|1755442115
|switch|p1b: Tyrotrela|Gholdengo, L50, shiny|100/100
|move|p2a: Rillaboom|Fake Out|p1b: Tyrotrela
|-immune|p1b: Tyrotrela
|move|p1a: Salmonella|Fiery Dance|p2b: Sneasler
|-damage|p2b: Sneasler|38/100 brn
|-boost|p1a: Salmonella|spa|1
|move|p2b: Sneasler|Dire Claw|p1a: Salmonella
|-damage|p1a: Salmonella|0 fnt
|faint|p1a: Salmonella
|
|-heal|p2b: Sneasler|44/100 brn|[from] Grassy Terrain
|-damage|p2b: Sneasler|38/100 brn|[from] brn
|-sideend|p1: uglybeast|move: Tailwind
|upkeep
|
|t:|1755442128
|switch|p1a: Gillette|Samurott-Hisui, L50, M, shiny, tera:Poison|89/100
|turn|6
|
|t:|1755442141
|move|p2b: Sneasler|Dire Claw|p1a: Gillette
|-resisted|p1a: Gillette
|-damage|p1a: Gillette|78/100
|move|p1b: Tyrotrela|Nasty Plot|p1b: Tyrotrela
|-boost|p1b: Tyrotrela|spa|2
|move|p1a: Gillette|Aqua Cutter|p2a: Rillaboom
|-supereffective|p2a: Rillaboom
|-damage|p2a: Rillaboom|1/100
|move|p2a: Rillaboom|Wood Hammer|p1a: Gillette
|-resisted|p1a: Gillette
|-damage|p1a: Gillette|31/100
|-damage|p2a: Rillaboom|0 fnt|[from] Recoil
|faint|p2a: Rillaboom
|
|-heal|p2b: Sneasler|44/100 brn|[from] Grassy Terrain
|-heal|p1a: Gillette|37/100|[from] Grassy Terrain
|-damage|p2b: Sneasler|38/100 brn|[from] brn
|upkeep
|
|t:|1755442147
|switch|p2a: Kingambit|Kingambit, L50, M|100/100
|turn|7
|
|t:|1755442174
|move|p2a: Kingambit|Protect|p2a: Kingambit
|-singleturn|p2a: Kingambit|Protect
|move|p1a: Gillette|Sucker Punch||[still]
|-fail|p1a: Gillette
|move|p2b: Sneasler|Dire Claw|p1a: Gillette
|-resisted|p1a: Gillette
|-damage|p1a: Gillette|25/100
|-status|p1a: Gillette|slp
|move|p1b: Tyrotrela|Make It Rain|p2a: Kingambit|[spread] p2b
|-activate|p2a: Kingambit|move: Protect
|-damage|p2b: Sneasler|0 fnt
|-unboost|p1b: Tyrotrela|spa|1
|faint|p2b: Sneasler
|
|-heal|p1a: Gillette|31/100 slp|[from] Grassy Terrain
|upkeep
|turn|8
|
|t:|1755442192
|move|p1b: Tyrotrela|Protect|p1b: Tyrotrela
|-singleturn|p1b: Tyrotrela|Protect
|cant|p1a: Gillette|slp
|move|p2a: Kingambit|Kowtow Cleave|p1a: Gillette
|-damage|p1a: Gillette|0 fnt
|faint|p1a: Gillette
|
|upkeep
|turn|9
|
|t:|1755442200
|move|p2a: Kingambit|Sucker Punch|p1b: Tyrotrela
|-supereffective|p1b: Tyrotrela
|-damage|p1b: Tyrotrela|0 fnt
|faint|p1b: Tyrotrela
|
|win|goldenb00t
|raw|uglybeast's rating: 1244 → 1216(-28 for losing)
|raw|goldenb00t's rating: 1201 → 1229(+28 for winning)
|l|☆goldenb00t
|player|p2|
|l|☆uglybeast
|player|p1|
|j|☆uglybeast
|player|p1|uglybeast|lucas|
