|j|☆Wild Card Kid
|j|☆teyvgc
|html|Wild Card Kidteyvgc    
|uhtml|bestof|Game 1 of a best-of-3
|t:|1782404423
|gametype|doubles
|player|p1|Wild Card Kid|pokemaniac|1085
|player|p2|teyvgc|rood|1168
|gen|9
|tier|[Gen 9 Champions] VGC 2026 Reg M-B (Bo3)
|rated|
|rule|Species Clause: Limit one of each Pokémon
|rule|Item Clause: Limit 1 of each item
|clearpoke
|poke|p1|Raichu, L50, M|
|poke|p1|Farigiraf, L50, M, shiny|
|poke|p1|Palafin, L50, F|
|poke|p1|Whimsicott, L50, M|
|poke|p1|Incineroar, L50, M|
|poke|p1|Mawile, L50, F|
|poke|p2|Dragalge, L50, F, shiny|
|poke|p2|Gholdengo, L50|
|poke|p2|Staraptor, L50, M, shiny|
|poke|p2|Whimsicott, L50, F, shiny|
|poke|p2|Incineroar, L50, M, shiny|
|poke|p2|Farigiraf, L50, F, shiny|
|teampreview|4
|showteam|p1|Raichu||RaichuniteY|LightningRod|FocusBlast,ZapCannon,FakeOut,Protect|Modest||M|||50|]Farigiraf||Leftovers|ArmorTail|Thunderbolt,TrickRoom,Psychic,Protect|Quiet||M|||50|]Palafin|||ZerotoHero|FlipTurn,Protect,WaveCrash,Taunt|Jolly||F|||50|]Whimsicott||FocusSash|Prankster|Tailwind,Encore,Moonblast,Protect|Calm||M|||50|]Incineroar||ChestoBerry|Intimidate|Protect,PartingShot,FakeOut,FlareBlitz|Jolly||M|||50|]Mawile||Mawilite|Intimidate|ThunderPunch,IronHead,PlayRough,Protect|Adamant||F|||50|
|showteam|p2|Dragalge||Dragalgite|PoisonPoint|DracoMeteor,SludgeBomb,DragonPulse,Protect|Calm||F|||50|]Gholdengo||MetalCoat|GoodasGold|MakeItRain,Protect,NastyPlot,ShadowBall|Modest|||||50|]Staraptor||Staraptite|Intimidate|CloseCombat,DualWingbeat,Roost,Protect|Jolly||M|||50|]Whimsicott||FocusSash|Prankster|Tailwind,Charm,Moonblast,Protect|Timid||F|||50|]Incineroar||Charcoal|Intimidate|FakeOut,FlareBlitz,DarkestLariat,PartingShot|Adamant||M|||50|]Farigiraf||SitrusBerry|ArmorTail|TrickRoom,TwinBeam,Thunderbolt,Protect|Quiet||F|||50|
|
|t:|1782404468
|teamsize|p1|4
|teamsize|p2|4
|start
|switch|p1a: Farigiraf|Farigiraf, L50, M, shiny|100/100
|switch|p1b: Incineroar|Incineroar, L50, M|100/100
|switch|p2a: DJ Dan|Incineroar, L50, M, shiny|100/100
|switch|p2b: Sam Bankman|Gholdengo, L50|100/100
|-ability|p1b: Incineroar|Intimidate|boost
|-unboost|p2a: DJ Dan|atk|1
|-unboost|p2b: Sam Bankman|atk|1
|-ability|p2a: DJ Dan|Intimidate|boost
|-unboost|p1a: Farigiraf|atk|1
|-unboost|p1b: Incineroar|atk|1
|turn|1
|inactive|Battle timer is ON: inactive players will automatically lose when time's up. (requested by Wild Card Kid)
|
|t:|1782404491
|move|p2b: Sam Bankman|Nasty Plot|p2b: Sam Bankman
|-boost|p2b: Sam Bankman|spa|2
|move|p1b: Incineroar|Flare Blitz|p2b: Sam Bankman
|-supereffective|p2b: Sam Bankman|1
|-damage|p2b: Sam Bankman|40/100
|-damage|p1b: Incineroar|81/100|[from] Recoil
|move|p2a: DJ Dan|Parting Shot|p1a: Farigiraf
|-unboost|p1a: Farigiraf|atk|1
|-unboost|p1a: Farigiraf|spa|1
|
|t:|1782404505
|switch|p2a: Staraptor|Staraptor, L50, M, shiny|100/100|[from] Parting Shot
|-ability|p2a: Staraptor|Intimidate|boost
|-unboost|p1a: Farigiraf|atk|1
|-unboost|p1b: Incineroar|atk|1
|move|p1a: Farigiraf|Trick Room|p1a: Farigiraf
|-fieldstart|move: Trick Room|[of] p1a: Farigiraf
|
|upkeep
|turn|2
|
|t:|1782404527
|detailschange|p2a: Staraptor|Staraptor-Mega, L50, M, shiny
|-mega|p2a: Staraptor|Staraptor|Staraptite
|move|p1a: Farigiraf|Thunderbolt|p2a: Staraptor
|-supereffective|p2a: Staraptor|1
|-damage|p2a: Staraptor|51/100
|move|p1b: Incineroar|Flare Blitz|p2b: Sam Bankman
|-supereffective|p2b: Sam Bankman|1
|-damage|p2b: Sam Bankman|0 fnt
|faint|p2b: Sam Bankman
|-damage|p1b: Incineroar|68/100|[from] Recoil
|move|p2a: Staraptor|Close Combat|p1b: Incineroar
|-supereffective|p1b: Incineroar|1
|-damage|p1b: Incineroar|0 fnt
|-boost|p2a: Staraptor|def|1
|-boost|p2a: Staraptor|spd|1
|faint|p1b: Incineroar
|
|upkeep
|
|t:|1782404542
|switch|p1b: Mawile|Mawile, L50, F|100/100
|switch|p2b: DJ Dan|Incineroar, L50, M, shiny|100/100
|-ability|p2b: DJ Dan|Intimidate|boost
|-unboost|p1a: Farigiraf|atk|1
|-unboost|p1b: Mawile|atk|1
|-ability|p1b: Mawile|Intimidate|boost
|-boost|p2a: Staraptor|atk|1
|-unboost|p2b: DJ Dan|atk|1
|turn|3
|inactive|teyvgc has 30 seconds left.
|
|t:|1782404570
|detailschange|p1b: Mawile|Mawile-Mega, L50, F
|-mega|p1b: Mawile|Mawile|Mawilite
|move|p1b: Mawile|Protect|p1b: Mawile
|-singleturn|p1b: Mawile|Protect
|move|p2a: Staraptor|Protect|p2a: Staraptor
|-singleturn|p2a: Staraptor|Protect
|move|p1a: Farigiraf|Thunderbolt|p2a: Staraptor
|-activate|p2a: Staraptor|move: Protect
|move|p2b: DJ Dan|Parting Shot|p1a: Farigiraf
|-unboost|p1a: Farigiraf|atk|1
|-unboost|p1a: Farigiraf|spa|1
|
|t:|1782404580
|switch|p2b: Middle Finger|Whimsicott, L50, F, shiny|100/100|[from] Parting Shot
|
|upkeep
|turn|4
|
|t:|1782404591
|switch|p2b: DJ Dan|Incineroar, L50, M, shiny|100/100
|-ability|p2b: DJ Dan|Intimidate|boost
|-unboost|p1a: Farigiraf|atk|1
|-unboost|p1b: Mawile|atk|1
|move|p1a: Farigiraf|Thunderbolt|p2a: Staraptor
|-supereffective|p2a: Staraptor|1
|-damage|p2a: Staraptor|27/100
|move|p1b: Mawile|Thunder Punch|p2a: Staraptor
|-supereffective|p2a: Staraptor|1
|-damage|p2a: Staraptor|0 fnt
|faint|p2a: Staraptor
|
|upkeep
|
|t:|1782404609
|switch|p2a: Middle Finger|Whimsicott, L50, F, shiny|100/100
|turn|5
|-message|teyvgc forfeited.
|
|win|Wild Card Kid
