|j|☆r4ka
|j|☆dogggybears
|html|r4kadogggybears    
|uhtml|bestof|Game 2 of a best-of-3
|t:|1757187592
|gametype|doubles
|player|p1|r4ka|101|1297
|player|p2|dogggybears|roxie|1242
|gen|9
|tier|[Gen 9] VGC 2025 Reg H (Bo3)
|rated|
|rule|Species Clause: Limit one of each Pokémon
|rule|Item Clause: Limit 1 of each item
|clearpoke
|poke|p1|Rillaboom, L50, M|
|poke|p1|Dragonite, L50, M|
|poke|p1|Sneasler, L50, F|
|poke|p1|Kingambit, L50, F|
|poke|p1|Electabuzz, L50, M|
|poke|p1|Volcarona, L50, M|
|poke|p2|Sneasler, L50, M|
|poke|p2|Indeedee, L50, M|
|poke|p2|Volcarona, L50, F|
|poke|p2|Ursaluna-Bloodmoon, L50, M|
|poke|p2|Annihilape, L50, F|
|poke|p2|Tyranitar, L50, M|
|teampreview|4
|showteam|p1|Rillaboom||AssaultVest|GrassySurge|FakeOut,HighHorsepower,WoodHammer,GrassyGlide|||M|||50|,,,,,Fire]Dragonite||LoadedDice|Multiscale|ExtremeSpeed,ScaleShot,Protect,Haze|||M|||50|,,,,,Steel]Sneasler||FocusSash|PoisonTouch|DireClaw,CloseCombat,FakeOut,Coaching|||F|||50|,,,,,Stellar]Kingambit||BlackGlasses|Defiant|KowtowCleave,SuckerPunch,SwordsDance,Protect|||F|||50|,,,,,Ghost]Electabuzz||Eviolite|VitalSpirit|Thunderbolt,Taunt,Protect,FollowMe|||M|||50|,,,,,Ghost]Volcarona||Leftovers|FlameBody|HeatWave,TeraBlast,QuiverDance,Protect|||M|||50|,,,,,Fairy
|showteam|p2|Sneasler||PsychicSeed|Unburden|CloseCombat,DireClaw,ThroatChop,Protect|||M|||50|,,,,,Dark]Indeedee||ChoiceScarf|PsychicSurge|ExpandingForce,TeraBlast,Trick,Protect|||M|||50|,,,,,Psychic]Volcarona||SitrusBerry|FlameBody|Overheat,StruggleBug,RagePowder,Tailwind|||F|||50|,,,,,Grass]Ursaluna-Bloodmoon||LifeOrb|MindsEye|BloodMoon,HyperVoice,EarthPower,Protect|||M|||50|,,,,,Normal]Annihilape||SafetyGoggles|Defiant|CloseCombat,RageFist,Taunt,FinalGambit|||F|||50|,,,,,Fairy]Tyranitar||AssaultVest|SandStream|RockSlide,KnockOff,TeraBlast,LowKick|||M|||50|,,,,,Flying
|
|t:|1757187618
|teamsize|p1|4
|teamsize|p2|4
|start
|switch|p1a: Sneasler|Sneasler, L50, F|100/100
|switch|p1b: Kingambit|Kingambit, L50, F, shiny|100/100
|switch|p2a: Volcarona|Volcarona, L50, F|100/100
|switch|p2b: Tyranitar|Tyranitar, L50, M|100/100
|-weather|Sandstorm|[from] ability: Sand Stream|[of] p2b: Tyranitar
|turn|1
|
|t:|1757187650
|-terastallize|p1b: Kingambit|Ghost
|move|p1a: Sneasler|Fake Out|p2b: Tyranitar
|-resisted|p2b: Tyranitar
|-damage|p2b: Tyranitar|95/100
|move|p2a: Volcarona|Tailwind|p2a: Volcarona
|-sidestart|p2: dogggybears|move: Tailwind
|cant|p2b: Tyranitar|flinch
|move|p1b: Kingambit|Swords Dance|p1b: Kingambit
|-boost|p1b: Kingambit|atk|2
|
|-weather|Sandstorm|[upkeep]
|-damage|p2a: Volcarona|94/100|[from] Sandstorm
|-damage|p1a: Sneasler|95/100|[from] Sandstorm
|-damage|p1b: Kingambit|95/100|[from] Sandstorm
|upkeep
|turn|2
|
|t:|1757187666
|switch|p1a: Electabuzz|Electabuzz, L50, M|100/100
|move|p1b: Kingambit|Protect|p1b: Kingambit
|-singleturn|p1b: Kingambit|Protect
|move|p2a: Volcarona|Overheat|p1a: Electabuzz
|-damage|p1a: Electabuzz|53/100
|-unboost|p2a: Volcarona|spa|2
|move|p2b: Tyranitar|Knock Off|p1a: Electabuzz
|-damage|p1a: Electabuzz|12/100
|-enditem|p1a: Electabuzz|Eviolite|[from] move: Knock Off|[of] p2b: Tyranitar
|
|-weather|Sandstorm|[upkeep]
|-damage|p2a: Volcarona|88/100|[from] Sandstorm
|-damage|p1a: Electabuzz|6/100|[from] Sandstorm
|-damage|p1b: Kingambit|89/100|[from] Sandstorm
|upkeep
|turn|3
|
|t:|1757187692
|move|p1a: Electabuzz|Follow Me|p1a: Electabuzz
|-singleturn|p1a: Electabuzz|move: Follow Me
|move|p2a: Volcarona|Overheat|p1a: Electabuzz
|-damage|p1a: Electabuzz|0 fnt
|-unboost|p2a: Volcarona|spa|2
|faint|p1a: Electabuzz
|move|p2b: Tyranitar|Knock Off|p1b: Kingambit
|-supereffective|p1b: Kingambit
|-damage|p1b: Kingambit|12/100
|-enditem|p1b: Kingambit|Black Glasses|[from] move: Knock Off|[of] p2b: Tyranitar
|move|p1b: Kingambit|Kowtow Cleave|p2b: Tyranitar
|-resisted|p2b: Tyranitar
|-damage|p2b: Tyranitar|52/100
|
|-weather|Sandstorm|[upkeep]
|-damage|p2a: Volcarona|82/100|[from] Sandstorm
|-damage|p1b: Kingambit|6/100|[from] Sandstorm
|upkeep
|
|t:|1757187706
|switch|p1a: Rillaboom|Rillaboom, L50, M|100/100
|-fieldstart|move: Grassy Terrain|[from] ability: Grassy Surge|[of] p1a: Rillaboom
|turn|4
|
|t:|1757187728
|move|p1a: Rillaboom|Fake Out|p2a: Volcarona
|-damage|p2a: Volcarona|65/100
|move|p1b: Kingambit|Sucker Punch|p2b: Tyranitar
|-resisted|p2b: Tyranitar
|-damage|p2b: Tyranitar|15/100
|cant|p2a: Volcarona|flinch
|move|p2b: Tyranitar|Knock Off|p1a: Rillaboom
|-damage|p1a: Rillaboom|51/100
|-enditem|p1a: Rillaboom|Assault Vest|[from] move: Knock Off|[of] p2b: Tyranitar
|
|-weather|Sandstorm|[upkeep]
|-damage|p2a: Volcarona|59/100|[from] Sandstorm
|-damage|p1a: Rillaboom|46/100|[from] Sandstorm
|-damage|p1b: Kingambit|0 fnt|[from] Sandstorm
|faint|p1b: Kingambit
|-heal|p2a: Volcarona|65/100|[from] Grassy Terrain
|-heal|p2b: Tyranitar|20/100|[from] Grassy Terrain
|-heal|p1a: Rillaboom|51/100|[from] Grassy Terrain
|-sideend|p2: dogggybears|move: Tailwind
|upkeep
|
|t:|1757187743
|switch|p1b: Sneasler|Sneasler, L50, F|95/100
|turn|5
|
|t:|1757187761
|move|p1b: Sneasler|Dire Claw|p2a: Volcarona
|-damage|p2a: Volcarona|18/100
|-status|p1b: Sneasler|brn|[from] ability: Flame Body|[of] p2a: Volcarona
|-status|p2a: Volcarona|psn|[from] ability: Poison Touch|[of] p1b: Sneasler
|-enditem|p2a: Volcarona|Sitrus Berry|[eat]
|-heal|p2a: Volcarona|43/100 psn|[from] item: Sitrus Berry
|move|p2a: Volcarona|Overheat|p1b: Sneasler
|-crit|p1b: Sneasler
|-damage|p1b: Sneasler|0 fnt
|-unboost|p2a: Volcarona|spa|2
|faint|p1b: Sneasler
|move|p1a: Rillaboom|Wood Hammer|p2a: Volcarona
|-resisted|p2a: Volcarona
|-crit|p2a: Volcarona
|-damage|p2a: Volcarona|7/100 psn
|-damage|p1a: Rillaboom|41/100|[from] Recoil
|move|p2b: Tyranitar|Rock Slide|p1a: Rillaboom
|-damage|p1a: Rillaboom|0 fnt
|faint|p1a: Rillaboom
|
|win|dogggybears
||r4ka is ready for game 3.
|inactive|dogggybears has 30 seconds to confirm battle start!
||dogggybears is ready for game 3.
|uhtml|next|Next: Game 3 of 3
