|j|☆Esponjo
|j|☆ineedapea
|html|Esponjoineedapea    
|uhtml|bestof|Game 2 of a best-of-3
|t:|1785903400
|gametype|doubles
|player|p1|Esponjo|265|1043
|player|p2|ineedapea|red|1000
|gen|9
|tier|[Gen 9 Champions] VGC 2026 Reg M-B (Bo3)
|rated|
|rule|Species Clause: Limit one of each Pokémon
|rule|Item Clause: Limit 1 of each item
|clearpoke
|poke|p1|Staraptor, L50, M|
|poke|p1|Arcanine-Hisui, L50, M|
|poke|p1|Kingambit, L50, F|
|poke|p1|Raichu, L50, F|
|poke|p1|Farigiraf, L50, M|
|poke|p1|Sylveon, L50, F|
|poke|p2|Garchomp, L50, M|
|poke|p2|Tyranitar, L50, F|
|poke|p2|Basculegion, L50, M|
|poke|p2|Corviknight, L50, M|
|poke|p2|Scizor, L50, F|
|poke|p2|Sneasler, L50, F|
|teampreview|4
|showteam|p1|Staraptor||Staraptite|Intimidate|DualWingbeat,CloseCombat,Tailwind,Protect|Jolly||M|||50|]Arcanine-Hisui||FocusSash|RockHead|FlareBlitz,HeadSmash,ExtremeSpeed,Protect|Jolly||M|||50|]Kingambit||LifeOrb|Defiant|KowtowCleave,SuckerPunch,SwordsDance,Protect|Adamant||F|||50|]Raichu||RaichuniteY|LightningRod|ZapCannon,FocusBlast,FakeOut,Protect|Modest||F|||50|]Farigiraf||SitrusBerry|ArmorTail|Psychic,HelpingHand,TrickRoom,Protect|Bold||M|||50|]Sylveon||FairyFeather|Pixilate|HyperVoice,HyperBeam,QuickAttack,Detect|Modest||F|||50|
|showteam|p2|Garchomp||Garchompite|SandVeil|DragonPulse,EarthPower,PowerGem,Protect|Modest||M|||50|]Tyranitar||ChoiceScarf|SandStream|IcePunch,KnockOff,RockSlide,LowKick|Adamant||F|||50|]Basculegion||SitrusBerry|Adaptability|AquaJet,LastRespects,WaveCrash,Protect|Adamant||M|||50|]Corviknight||Leftovers|MirrorArmor|BraveBird,IronHead,Tailwind,Protect|Careful||M|||50|]Scizor||LifeOrb|Technician|SwordsDance,BugBite,Protect,BulletPunch|Adamant||F|||50|]Sneasler||FocusSash|PoisonTouch|DireClaw,CloseCombat,UpperHand,FakeOut|Jolly||F|||50|
|inactive|Battle timer is ON: inactive players will automatically lose when time's up. (requested by Esponjo)
|
|t:|1785903429
|teamsize|p1|4
|teamsize|p2|4
|start
|switch|p1a: Raichu|Raichu, L50, F|100/100
|switch|p1b: Farigiraf|Farigiraf, L50, M|100/100
|switch|p2a: kyle|Sneasler, L50, F|100/100
|switch|p2b: balls|Corviknight, L50, M|100/100
|turn|1
|
|t:|1785903451
|switch|p2a: Tar|Tyranitar, L50, F|100/100
|-weather|Sandstorm|[from] ability: Sand Stream|[of] p2a: Tar
|move|p2b: balls|Protect|p2b: balls
|-singleturn|p2b: balls|Protect
|move|p1a: Raichu|Fake Out|p2b: balls
|-activate|p2b: balls|move: Protect
|move|p1b: Farigiraf|Trick Room|p1b: Farigiraf
|-fieldstart|move: Trick Room|[of] p1b: Farigiraf
|
|-weather|Sandstorm|[upkeep]
|-damage|p1b: Farigiraf|93/100|[from] Sandstorm
|-damage|p1a: Raichu|94/100|[from] Sandstorm
|upkeep
|turn|2
|inactive|Esponjo has 30 seconds left.
|
|t:|1785903477
|detailschange|p1a: Raichu|Raichu-Mega-Y, L50, F
|-mega|p1a: Raichu|Raichu|Raichunite Y
|move|p1b: Farigiraf|Psychic|p2b: balls
|-resisted|p2b: balls|1
|-damage|p2b: balls|85/100
|-ability|p2b: balls|Mirror Armor
|-unboost|p1b: Farigiraf|spd|1
|move|p2b: balls|Brave Bird|p1b: Farigiraf
|-damage|p1b: Farigiraf|54/100
|-damage|p2b: balls|70/100|[from] Recoil
|move|p2a: Tar|Knock Off|p1b: Farigiraf
|-supereffective|p1b: Farigiraf|1
|-damage|p1b: Farigiraf|0 fnt
|-enditem|p1b: Farigiraf|Sitrus Berry|[from] move: Knock Off|[of] p2a: Tar
|faint|p1b: Farigiraf
|move|p1a: Raichu|Focus Blast|p2a: Tar
|-supereffective|p2a: Tar|2
|-damage|p2a: Tar|0 fnt
|faint|p2a: Tar
|
|-weather|Sandstorm|[upkeep]
|-damage|p1a: Raichu|88/100|[from] Sandstorm
|-heal|p2b: balls|75/100|[from] item: Leftovers
|upkeep
|
|t:|1785903498
|switch|p1b: Sylveon|Sylveon, L50, F|100/100
|switch|p2a: Gigan|Scizor, L50, F|100/100
|turn|3
|
|t:|1785903515
|switch|p1b: Kingambit|Kingambit, L50, F|100/100
|move|p2b: balls|Protect|p2b: balls
|-singleturn|p2b: balls|Protect
|move|p1a: Raichu|Protect|p1a: Raichu
|-singleturn|p1a: Raichu|Protect
|move|p2a: Gigan|Bullet Punch|p1b: Kingambit
|-resisted|p1b: Kingambit|1
|-damage|p1b: Kingambit|85/100
|-damage|p2a: Gigan|90/100|[from] item: Life Orb
|
|-weather|Sandstorm|[upkeep]
|-damage|p1a: Raichu|82/100|[from] Sandstorm
|-heal|p2b: balls|81/100|[from] item: Leftovers
|upkeep
|turn|4
|inactive|Esponjo has 30 seconds left.
|inactive|ineedapea has 30 seconds left.
|
|t:|1785903542
|switch|p2b: kyle|Sneasler, L50, F|100/100
|move|p1b: Kingambit|Sucker Punch|p2a: Gigan
|-damage|p2a: Gigan|27/100
|-damage|p1b: Kingambit|75/100|[from] item: Life Orb
|move|p2a: Gigan|Bug Bite|p1a: Raichu
|-damage|p1a: Raichu|0 fnt
|faint|p1a: Raichu
|-damage|p2a: Gigan|18/100|[from] item: Life Orb
|
|-weather|Sandstorm|[upkeep]
|-damage|p2b: kyle|94/100|[from] Sandstorm
|upkeep
|
|t:|1785903553
|switch|p1a: Sylveon|Sylveon, L50, F|100/100
|turn|5
|
|t:|1785903561
|move|p1a: Sylveon|Detect|p1a: Sylveon
|-singleturn|p1a: Sylveon|Protect
|move|p2b: kyle|Fake Out|p1b: Kingambit
|-resisted|p1b: Kingambit|1
|-damage|p1b: Kingambit|70/100
|cant|p1b: Kingambit|flinch
|move|p2a: Gigan|Bullet Punch|p1a: Sylveon
|-activate|p1a: Sylveon|move: Protect
|
|-weather|none
|-fieldend|move: Trick Room
|upkeep
|turn|6
|
|t:|1785903582
|move|p2b: kyle|Upper Hand|p1b: Kingambit
|-supereffective|p1b: Kingambit|2
|-damage|p1b: Kingambit|0 fnt
|faint|p1b: Kingambit
|move|p2a: Gigan|Bullet Punch|p1a: Sylveon
|-supereffective|p1a: Sylveon|1
|-damage|p1a: Sylveon|13/100
|-damage|p2a: Gigan|8/100|[from] item: Life Orb
|move|p1a: Sylveon|Hyper Beam|p2b: kyle
|-damage|p2b: kyle|0 fnt
|-mustrecharge|p1a: Sylveon
|faint|p2b: kyle
|
|upkeep
|
|t:|1785903594
|switch|p2b: balls|Corviknight, L50, M|81/100
|turn|7
|
|t:|1785903600
|move|p2a: Gigan|Bullet Punch|p1a: Sylveon
|-supereffective|p1a: Sylveon|1
|-crit|p1a: Sylveon
|-damage|p1a: Sylveon|0 fnt
|faint|p1a: Sylveon
|-damage|p2a: Gigan|0 fnt|[from] item: Life Orb
|faint|p2a: Gigan
|
|win|ineedapea
|raw|Esponjo's rating: 1043 → 1025(-18 for losing)
|raw|ineedapea's rating: 1000 → 1045(+45 for winning)
