|j|☆thurhenk
|j|☆bbmijo
|html|thurhenkbbmijo    
|uhtml|bestof|Game 3 of a best-of-3
|t:|1785451476
|gametype|doubles
|player|p1|thurhenk|koga|
|player|p2|bbmijo|1|
|gen|9
|tier|[Gen 9 Champions] VGC 2026 Reg M-B (Bo3)
|rule|Species Clause: Limit one of each Pokémon
|rule|Item Clause: Limit 1 of each item
|clearpoke
|poke|p1|Blaziken, L50, M|
|poke|p1|Kingambit, L50, M|
|poke|p1|Basculegion, L50, M|
|poke|p1|Ninetales-Alola, L50, F|
|poke|p1|Gengar, L50, F|
|poke|p1|Incineroar, L50, F|
|poke|p2|Charizard, L50, M|
|poke|p2|Farigiraf, L50, F|
|poke|p2|Venusaur, L50, F|
|poke|p2|Dragonite, L50, F|
|poke|p2|Incineroar, L50, M|
|poke|p2|Grimmsnarl, L50, M|
|teampreview|4
|showteam|p1|Blaziken||Blazikenite|SpeedBoost|CloseCombat,RockSlide,FlareBlitz,Detect|Adamant||M|||50|]Kingambit||LifeOrb|Defiant|KowtowCleave,SuckerPunch,Protect,IronHead|Adamant||M|||50|]Basculegion||FocusSash|Adaptability|Liquidation,LastRespects,AquaJet,Protect|Adamant||M|||50|]Ninetales-Alola||NeverMeltIce|SnowWarning|Blizzard,FreezeDry,Encore,Protect|Timid||F|||50|]Gengar||Gengarite|CursedBody|ShadowBall,Disable,PerishSong,Protect|Modest||F|||50|]Incineroar||PasshoBerry|Intimidate|FakeOut,PartingShot,FlareBlitz,Protect|Relaxed||F|||50|
|showteam|p2|Charizard||CharizarditeY|Blaze|HeatWave,WeatherBall,SolarBeam,Protect|Modest||M|||50|]Farigiraf||ColburBerry|ArmorTail|Psychic,Thunderbolt,HelpingHand,TrickRoom|Modest||F|||50|]Venusaur||FocusSash|Chlorophyll|LeafStorm,SludgeBomb,SleepPowder,Protect|Modest||F|||50|]Dragonite||Dragoninite|Multiscale|IceBeam,Hurricane,DracoMeteor,Roost|Modest||F|||50|]Incineroar||SitrusBerry|Intimidate|FlareBlitz,DarkestLariat,PartingShot,FakeOut|Careful||M|||50|]Grimmsnarl||LightClay|Prankster|LightScreen,Reflect,PartingShot,SpiritBreak|Careful||M|||50|
|j| KniY
|inactive|Battle timer is ON: inactive players will automatically lose when time's up. (requested by thurhenk)
|
|t:|1785451501
|teamsize|p1|4
|teamsize|p2|4
|start
|switch|p1a: Blaziken|Blaziken, L50, M|100/100
|switch|p1b: Kingambit|Kingambit, L50, M|100/100
|switch|p2a: Grimmsnarl|Grimmsnarl, L50, M|100/100
|switch|p2b: Farigiraf|Farigiraf, L50, F|100/100
|turn|1
|inactive|thurhenk has 30 seconds left.
|
|t:|1785451528
|detailschange|p1a: Blaziken|Blaziken-Mega, L50, M
|-mega|p1a: Blaziken|Blaziken|Blazikenite
|move|p2a: Grimmsnarl|Reflect|p2a: Grimmsnarl
|-sidestart|p2: bbmijo|Reflect
|move|p1a: Blaziken|Close Combat|p2b: Farigiraf
|-damage|p2b: Farigiraf|42/100
|-unboost|p1a: Blaziken|def|1
|-unboost|p1a: Blaziken|spd|1
|move|p2b: Farigiraf|Psychic|p1a: Blaziken
|-supereffective|p1a: Blaziken|1
|-damage|p1a: Blaziken|0 fnt
|faint|p1a: Blaziken
|move|p1b: Kingambit|Kowtow Cleave|p2b: Farigiraf
|-supereffective|p2b: Farigiraf|1
|-crit|p2b: Farigiraf
|-enditem|p2b: Farigiraf|Colbur Berry|[eat]
|-enditem|p2b: Farigiraf|Colbur Berry|[weaken]
|-damage|p2b: Farigiraf|0 fnt
|faint|p2b: Farigiraf
|-damage|p1b: Kingambit|90/100|[from] item: Life Orb
|
|upkeep
|inactive|bbmijo has 30 seconds left.
|
|t:|1785451554
|switch|p1a: Basculegion|Basculegion, L50, M|100/100
|switch|p2b: Dragonite|Dragonite, L50, F|100/100
|turn|2
|inactive|bbmijo has 30 seconds left.
|
|t:|1785451583
|detailschange|p2b: Dragonite|Dragonite-Mega, L50, F
|-mega|p2b: Dragonite|Dragonite|Dragoninite
|move|p1a: Basculegion|Protect|p1a: Basculegion
|-singleturn|p1a: Basculegion|Protect
|move|p2b: Dragonite|Hurricane|p1a: Basculegion
|-activate|p1a: Basculegion|move: Protect
|move|p2a: Grimmsnarl|Spirit Break|p1a: Basculegion
|-activate|p1a: Basculegion|move: Protect
|move|p1b: Kingambit|Iron Head|p2a: Grimmsnarl
|-supereffective|p2a: Grimmsnarl|1
|-damage|p2a: Grimmsnarl|6/100
|-damage|p1b: Kingambit|80/100|[from] item: Life Orb
|
|upkeep
|turn|3
|
|t:|1785451600
|switch|p1a: Ninetales|Ninetales-Alola, L50, F|100/100
|-weather|Snowscape|[from] ability: Snow Warning|[of] p1a: Ninetales
|move|p2a: Grimmsnarl|Parting Shot|p1a: Ninetales
|-unboost|p1a: Ninetales|atk|1
|-unboost|p1a: Ninetales|spa|1
|
|t:|1785451602
|switch|p2a: Incineroar|Incineroar, L50, M|100/100|[from] Parting Shot
|-ability|p2a: Incineroar|Intimidate|boost
|-unboost|p1a: Ninetales|atk|1
|-unboost|p1b: Kingambit|atk|1
|-ability|p1b: Kingambit|Defiant|boost
|-boost|p1b: Kingambit|atk|2
|move|p1b: Kingambit|Sucker Punch||[still]
|-fail|p1b: Kingambit
|move|p2b: Dragonite|Hurricane|p1a: Ninetales
|-damage|p1a: Ninetales|25/100
|-start|p1a: Ninetales|confusion
|
|-weather|Snowscape|[upkeep]
|upkeep
|turn|4
|
|t:|1785451619
|-activate|p1a: Ninetales|confusion
|move|p1a: Ninetales|Protect|p1a: Ninetales
|-singleturn|p1a: Ninetales|Protect
|move|p2a: Incineroar|Fake Out|p1a: Ninetales
|-activate|p1a: Ninetales|move: Protect
|move|p2b: Dragonite|Hurricane|p1b: Kingambit
|-resisted|p1b: Kingambit|1
|-damage|p1b: Kingambit|46/100
|move|p1b: Kingambit|Kowtow Cleave|p2b: Dragonite
|-damage|p2b: Dragonite|72/100
|-damage|p1b: Kingambit|36/100|[from] item: Life Orb
|
|-weather|Snowscape|[upkeep]
|upkeep
|turn|5
|inactive|thurhenk has 30 seconds left.
|
|t:|1785451644
|switch|p2b: Grimmsnarl|Grimmsnarl, L50, M|6/100
|-end|p1a: Ninetales|confusion
|move|p1a: Ninetales|Encore|p2a: Incineroar
|-start|p2a: Incineroar|Encore
|move|p2a: Incineroar|Fake Out||[still]
|-hint|Fake Out only works on your first turn out.
|-fail|p2a: Incineroar
|move|p1b: Kingambit|Kowtow Cleave|p2b: Grimmsnarl
|-resisted|p2b: Grimmsnarl|2
|-damage|p2b: Grimmsnarl|0 fnt
|faint|p2b: Grimmsnarl
|-damage|p1b: Kingambit|27/100|[from] item: Life Orb
|
|-weather|Snowscape|[upkeep]
|upkeep
|
|t:|1785451649
|switch|p2b: Dragonite|Dragonite-Mega, L50, F|72/100
|turn|6
|
|t:|1785451668
|move|p1a: Ninetales|Blizzard|p2b: Dragonite|[spread] p2a,p2b
|-resisted|p2a: Incineroar|1
|-supereffective|p2b: Dragonite|2
|-damage|p2a: Incineroar|92/100
|-damage|p2b: Dragonite|3/100
|move|p2b: Dragonite|Hurricane|p1b: Kingambit
|-resisted|p1b: Kingambit|1
|-crit|p1b: Kingambit
|-damage|p1b: Kingambit|0 fnt
|faint|p1b: Kingambit
|-activate|p2a: Incineroar|move: Struggle
|move|p2a: Incineroar|Struggle|p1a: Ninetales
|-damage|p1a: Ninetales|11/100
|-damage|p2a: Incineroar|67/100|[from] recoil
|
|-weather|Snowscape|[upkeep]
|upkeep
|
|t:|1785451675
|switch|p1b: Basculegion|Basculegion, L50, M|100/100
|turn|7
|
|t:|1785451680
|move|p1a: Ninetales|Blizzard|p2a: Incineroar|[spread] p2a,p2b
|-resisted|p2a: Incineroar|1
|-supereffective|p2b: Dragonite|2
|-damage|p2a: Incineroar|59/100
|-damage|p2b: Dragonite|0 fnt
|faint|p2b: Dragonite
|move|p1b: Basculegion|Liquidation|p2a: Incineroar
|-supereffective|p2a: Incineroar|1
|-damage|p2a: Incineroar|0 fnt
|faint|p2a: Incineroar
|
|win|thurhenk
|c|☆thurhenk|ggwp
|c|☆bbmijo|gg
|c|☆thurhenk|joga mt
|l|☆thurhenk
|player|p1|
|l|☆bbmijo
|player|p2|
