|j|☆Person_McSomeone
|j|☆sassylime
|html|Person_McSomeonesassylime    
|uhtml|bestof|Game 1 of a best-of-3
|t:|1784448674
|gametype|doubles
|player|p1|Person_McSomeone|miku-psychic|1096
|player|p2|sassylime|pokemonbreeder|1109
|gen|9
|tier|[Gen 9 Champions] VGC 2026 Reg M-B (Bo3)
|rated|
|rule|Species Clause: Limit one of each Pokémon
|rule|Item Clause: Limit 1 of each item
|clearpoke
|poke|p1|Swampert, L50, M|
|poke|p1|Garchomp, L50, F|
|poke|p1|Pelipper, L50, M|
|poke|p1|Archaludon, L50, M|
|poke|p1|Venusaur, L50, M|
|poke|p1|Grimmsnarl, L50, M|
|poke|p2|Garchomp, L50, M|
|poke|p2|Rotom-Wash, L50|
|poke|p2|Froslass, L50, F|
|poke|p2|Grimmsnarl, L50, M|
|poke|p2|Incineroar, L50, F|
|poke|p2|Metagross, L50|
|teampreview|4
|showteam|p1|Swampert||Swampertite|Damp|IcePunch,WaveCrash,HighHorsepower,Protect|Adamant||M|||50|]Garchomp||ChoiceScarf|RoughSkin|DragonClaw,StompingTantrum,RockSlide,Liquidation|Adamant||F|||50|]Pelipper||FocusSash|Drizzle|Tailwind,WeatherBall,Hurricane,Protect|Timid||M|||50|]Archaludon||Magnet|Sturdy|ElectroShot,DracoMeteor,AuraSphere,Protect|Timid||M|||50|]Venusaur||Venusaurite|Chlorophyll|EarthPower,GigaDrain,LeechSeed,Protect|Modest||M|||50|]Grimmsnarl||LightClay|Prankster|PartingShot,Reflect,LightScreen,SpiritBreak|Impish||M|||50|
|showteam|p2|Garchomp||FocusSash|RoughSkin|Earthquake,Protect,RockSlide,DragonClaw|Jolly||M|||50|]Rotom-Wash||ExpertBelt|Levitate|EerieImpulse,HydroPump,VoltSwitch,WillOWisp|Timid|||||50|]Froslass||Froslassite|SnowCloak|ShadowBall,IceShard,Blizzard,Protect|Hasty||F|||50|]Grimmsnarl||SitrusBerry|Prankster|SpiritBreak,PartingShot,LightScreen,Reflect|Careful||M|||50|]Incineroar||ChopleBerry|Intimidate|FlareBlitz,PartingShot,FakeOut,Protect|Careful||F|||50|]Metagross||Metagrossite|ClearBody|BulletPunch,HammerArm,PsychicFangs,IronHead|Jolly|||||50|
|inactive|Battle timer is ON: inactive players will automatically lose when time's up. (requested by Person_McSomeone)
|inactive|sassylime has 60 seconds left.
|
|t:|1784448720
|teamsize|p1|4
|teamsize|p2|4
|start
|switch|p1a: Grimmsnarl|Grimmsnarl, L50, M|100/100
|switch|p1b: Venusaur|Venusaur, L50, M|100/100
|switch|p2a: Rotom|Rotom-Wash, L50|100/100
|switch|p2b: Froslass|Froslass, L50, F|100/100
|turn|1
|
|t:|1784448742
|detailschange|p2b: Froslass|Froslass-Mega, L50, F
|-mega|p2b: Froslass|Froslass|Froslassite
|-weather|Snowscape|[from] ability: Snow Warning|[of] p2b: Froslass
|detailschange|p1b: Venusaur|Venusaur-Mega, L50, M
|-mega|p1b: Venusaur|Venusaur|Venusaurite
|move|p1a: Grimmsnarl|Light Screen|p1a: Grimmsnarl
|-sidestart|p1: Person_McSomeone|move: Light Screen
|move|p2b: Froslass|Blizzard|p1a: Grimmsnarl|[spread] p1a,p1b
|-crit|p1a: Grimmsnarl
|-supereffective|p1b: Venusaur|1
|-damage|p1a: Grimmsnarl|31/100
|-damage|p1b: Venusaur|73/100
|move|p2a: Rotom|Eerie Impulse|p1b: Venusaur
|-unboost|p1b: Venusaur|spa|2
|move|p1b: Venusaur|Leech Seed|p2b: Froslass
|-start|p2b: Froslass|move: Leech Seed
|
|-weather|Snowscape|[upkeep]
|-damage|p2b: Froslass|87/100|[from] Leech Seed|[of] p1b: Venusaur
|-heal|p1b: Venusaur|83/100|[silent]
|upkeep
|turn|2
|
|t:|1784448767
|move|p1a: Grimmsnarl|Parting Shot|p2b: Froslass
|-unboost|p2b: Froslass|atk|1
|-unboost|p2b: Froslass|spa|1
|
|t:|1784448771
|switch|p1a: Pelipper|Pelipper, L50, M|100/100|[from] Parting Shot
|-weather|RainDance|[from] ability: Drizzle|[of] p1a: Pelipper
|move|p2b: Froslass|Blizzard|p1a: Pelipper|[spread] p1a,p1b
|-supereffective|p1b: Venusaur|1
|-damage|p1a: Pelipper|66/100
|-damage|p1b: Venusaur|65/100
|move|p2a: Rotom|Volt Switch|p1a: Pelipper
|-supereffective|p1a: Pelipper|2
|-damage|p1a: Pelipper|0 fnt
|faint|p1a: Pelipper
|
|t:|1784448788
|switch|p2a: Garchomp|Garchomp, L50, M|100/100|[from] Volt Switch
|move|p1b: Venusaur|Leech Seed|p2a: Garchomp
|-start|p2a: Garchomp|move: Leech Seed
|
|-weather|RainDance|[upkeep]
|-damage|p2b: Froslass|75/100|[from] Leech Seed|[of] p1b: Venusaur
|-heal|p1b: Venusaur|75/100|[silent]
|-damage|p2a: Garchomp|87/100|[from] Leech Seed|[of] p1b: Venusaur
|-heal|p1b: Venusaur|87/100|[silent]
|upkeep
|
|t:|1784448793
|switch|p1a: Garchomp|Garchomp, L50, F|100/100
|turn|3
|
|t:|1784448805
|switch|p2b: Incineroar|Incineroar, L50, F|100/100
|-ability|p2b: Incineroar|Intimidate|boost
|-unboost|p1a: Garchomp|atk|1
|-unboost|p1b: Venusaur|atk|1
|move|p2a: Garchomp|Protect|p2a: Garchomp
|-singleturn|p2a: Garchomp|Protect
|move|p1a: Garchomp|Dragon Claw|p2a: Garchomp
|-activate|p2a: Garchomp|move: Protect
|move|p1b: Venusaur|Giga Drain|p2b: Incineroar
|-resisted|p2b: Incineroar|1
|-damage|p2b: Incineroar|93/100
|-heal|p1b: Venusaur|90/100|[from] drain|[of] p2b: Incineroar
|
|-weather|RainDance|[upkeep]
|-damage|p2a: Garchomp|75/100|[from] Leech Seed|[of] p1b: Venusaur
|-heal|p1b: Venusaur|100/100|[silent]
|upkeep
|turn|4
|
|t:|1784448823
|switch|p1a: Grimmsnarl|Grimmsnarl, L50, M|31/100
|move|p2b: Incineroar|Fake Out|p1a: Grimmsnarl
|-damage|p1a: Grimmsnarl|21/100
|move|p2a: Garchomp|Dragon Claw|p1a: Grimmsnarl
|-immune|p1a: Grimmsnarl
|move|p1b: Venusaur|Leech Seed|p2b: Incineroar
|-start|p2b: Incineroar|move: Leech Seed
|
|-weather|RainDance|[upkeep]
|-damage|p2a: Garchomp|62/100|[from] Leech Seed|[of] p1b: Venusaur
|-damage|p2b: Incineroar|81/100|[from] Leech Seed|[of] p1b: Venusaur
|upkeep
|turn|5
|
|t:|1784448841
|move|p2b: Incineroar|Protect|p2b: Incineroar
|-singleturn|p2b: Incineroar|Protect
|move|p1a: Grimmsnarl|Reflect|p1a: Grimmsnarl
|-sidestart|p1: Person_McSomeone|Reflect
|move|p2a: Garchomp|Earthquake|p1b: Venusaur|[spread] p1a,p1b
|-activate|p2b: Incineroar|move: Protect
|-damage|p1a: Grimmsnarl|0 fnt
|-damage|p1b: Venusaur|81/100
|faint|p1a: Grimmsnarl
|move|p1b: Venusaur|Earth Power|p2b: Incineroar
|-activate|p2b: Incineroar|move: Protect
|
|-weather|RainDance|[upkeep]
|-damage|p2a: Garchomp|50/100g|[from] Leech Seed|[of] p1b: Venusaur
|-heal|p1b: Venusaur|94/100|[silent]
|-damage|p2b: Incineroar|69/100|[from] Leech Seed|[of] p1b: Venusaur
|-heal|p1b: Venusaur|100/100|[silent]
|upkeep
|
|t:|1784448846
|switch|p1a: Garchomp|Garchomp, L50, F|100/100
|turn|6
|
|t:|1784448863
|switch|p2a: Froslass|Froslass-Mega, L50, F|75/100
|-weather|Snowscape|[from] ability: Snow Warning|[of] p2a: Froslass
|move|p1a: Garchomp|Rock Slide|p2b: Incineroar|[spread] p2a,p2b
|-supereffective|p2a: Froslass|1
|-supereffective|p2b: Incineroar|1
|-damage|p2a: Froslass|22/100
|-damage|p2b: Incineroar|23/100
|move|p1b: Venusaur|Giga Drain|p2a: Froslass
|-damage|p2a: Froslass|0 fnt
|faint|p2a: Froslass
|move|p2b: Incineroar|Parting Shot|p1a: Garchomp
|-unboost|p1a: Garchomp|atk|1
|-unboost|p1a: Garchomp|spa|1
|
|t:|1784448887
|switch|p2b: Garchomp|Garchomp, L50, M|50/100g|[from] Parting Shot
|
|-weather|Snowscape|[upkeep]
|upkeep
|
|t:|1784448892
|switch|p2a: Incineroar|Incineroar, L50, F|23/100
|-ability|p2a: Incineroar|Intimidate|boost
|-unboost|p1a: Garchomp|atk|1
|-unboost|p1b: Venusaur|atk|1
|turn|7
|
|t:|1784448901
|move|p2a: Incineroar|Fake Out|p1b: Venusaur
|-damage|p1b: Venusaur|95/100
|move|p1a: Garchomp|Rock Slide|p2a: Incineroar|[spread] p2a,p2b
|-supereffective|p2a: Incineroar|1
|-resisted|p2b: Garchomp|1
|-damage|p2a: Incineroar|1/100
|-damage|p2b: Garchomp|45/100
|move|p2b: Garchomp|Dragon Claw|p1a: Garchomp
|-supereffective|p1a: Garchomp|1
|-damage|p1a: Garchomp|48/100
|-damage|p2b: Garchomp|32/100|[from] ability: Rough Skin|[of] p1a: Garchomp
|cant|p1b: Venusaur|flinch
|
|-weather|Snowscape|[upkeep]
|upkeep
|turn|8
|
|t:|1784448916
|move|p1a: Garchomp|Rock Slide|p2a: Incineroar|[spread] p2a,p2b
|-supereffective|p2a: Incineroar|1
|-resisted|p2b: Garchomp|1
|-damage|p2a: Incineroar|0 fnt
|-damage|p2b: Garchomp|28/100
|faint|p2a: Incineroar
|move|p2b: Garchomp|Dragon Claw|p1a: Garchomp
|-supereffective|p1a: Garchomp|1
|-damage|p1a: Garchomp|0 fnt
|-damage|p2b: Garchomp|15/100|[from] ability: Rough Skin|[of] p1a: Garchomp
|faint|p1a: Garchomp
|move|p1b: Venusaur|Leech Seed|p2b: Garchomp
|-start|p2b: Garchomp|move: Leech Seed
|
|-weather|Snowscape|[upkeep]
|-damage|p2b: Garchomp|3/100|[from] Leech Seed|[of] p1b: Venusaur
|-heal|p1b: Venusaur|100/100|[silent]
|-sideend|p1: Person_McSomeone|move: Light Screen
|upkeep
|
|t:|1784448920
|switch|p2a: Rotom|Rotom-Wash, L50|100/100
|turn|9
|
|t:|1784448944
|move|p2b: Garchomp|Rock Slide|p1b: Venusaur|[miss]
|-miss|p2b: Garchomp|p1b: Venusaur
|move|p2a: Rotom|Volt Switch|p1b: Venusaur
|-resisted|p1b: Venusaur|1
|-damage|p1b: Venusaur|87/100
|move|p1b: Venusaur|Leech Seed|p2a: Rotom
|-start|p2a: Rotom|move: Leech Seed
|
|-weather|Snowscape|[upkeep]
|-damage|p2b: Garchomp|0 fnt|[from] Leech Seed|[of] p1b: Venusaur
|-heal|p1b: Venusaur|90/100|[silent]
|faint|p2b: Garchomp
|-damage|p2a: Rotom|87/100|[from] Leech Seed|[of] p1b: Venusaur
|-heal|p1b: Venusaur|98/100|[silent]
|upkeep
|turn|10
|-message|sassylime forfeited.
|
|win|Person_McSomeone
|l|☆sassylime
|player|p2|
|raw|Person_McSomeone's rating: 1096 → 1123(+27 for winning)
|raw|sassylime's rating: 1109 → 1083(-26 for losing)
