|j|☆pantalonesHat
|j|☆PoppaTubb
|html|pantalonesHatPoppaTubb    
|uhtml|bestof|Game 1 of a best-of-3
|t:|1757743000
|gametype|doubles
|player|p1|pantalonesHat|swimmer-gen4dp|1060
|player|p2|PoppaTubb|bugsy|1035
|gen|9
|tier|[Gen 9] VGC 2025 Reg H (Bo3)
|rated|
|rule|Species Clause: Limit one of each Pokémon
|rule|Item Clause: Limit 1 of each item
|clearpoke
|poke|p1|Archaludon, L50, F|
|poke|p1|Gholdengo, L50|
|poke|p1|Incineroar, L50, F|
|poke|p1|Overqwil, L50, M|
|poke|p1|Pelipper, L50, M|
|poke|p1|Amoonguss, L50, M|
|poke|p2|Dondozo, L50, F|
|poke|p2|Tatsugiri, L50, M|
|poke|p2|Incineroar, L50, F|
|poke|p2|Rillaboom, L50, F|
|poke|p2|Dragonite, L50, F|
|poke|p2|Gholdengo, L50|
|teampreview|4
|showteam|p1|Archaludon||AssaultVest|Stamina|BodyPress,DragonPulse,ElectroShot,FlashCannon|||F|||50|,,,,,Grass]Gholdengo||LifeOrb|GoodasGold|MakeItRain,ShadowBall,NastyPlot,Protect||||||50|,,,,,Water]Incineroar||SafetyGoggles|Intimidate|KnockOff,Taunt,PartingShot,FakeOut|||F|||50|,,,,,Fire]Overqwil||ClearAmulet|SwiftSwim|GunkShot,SwordsDance,Liquidation,Protect|||M|||50|,,,,,Water]Pelipper||CovertCloak|Drizzle|WeatherBall,Hurricane,Protect,Tailwind|||M|||50|,,,,,Ground]Amoonguss||MentalHerb|Regenerator|Spore,RagePowder,Protect,ClearSmog|||M|||50|,,,,,Water
|showteam|p2|Dondozo||CovertCloak|WaterVeil|WaveCrash,TeraBlast,BodyPress,OrderUp|||F|||50|,,,,,Poison]Tatsugiri||FocusSash|Commander|MuddyWater,DracoMeteor,IcyWind,Protect|||M|||50|,,,,,Fairy]Incineroar||SitrusBerry|Intimidate|FakeOut,FlareBlitz,KnockOff,Taunt|||F|||50|,,,,,Ghost]Rillaboom||AssaultVest|GrassySurge|FakeOut,WoodHammer,Uturn,GrassyGlide|||F|||50|,,,,,Water]Dragonite||LoadedDice|Multiscale|ScaleShot,ExtremeSpeed,Tailwind,Protect|||F|||50|,,,,,Fairy]Gholdengo||ChoiceSpecs|GoodasGold|MakeItRain,ShadowBall,Trick,DazzlingGleam||||||50|,,,,,Water
|inactive|Battle timer is ON: inactive players will automatically lose when time's up. (requested by PoppaTubb)
|
|t:|1757743031
|teamsize|p1|4
|teamsize|p2|4
|start
|switch|p1a: Amoonguss|Amoonguss, L50, M, shiny|100/100
|switch|p1b: Archaludon|Archaludon, L50, F|100/100
|switch|p2a: Dragonite|Dragonite, L50, F|100/100
|switch|p2b: Gholdengo|Gholdengo, L50|100/100
|turn|1
|inactive|PoppaTubb has 30 seconds left.
|
|t:|1757743056
|move|p2b: Gholdengo|Make It Rain|p1a: Amoonguss|[spread] p1a,p1b
|-resisted|p1b: Archaludon
|-damage|p1a: Amoonguss|44/100
|-damage|p1b: Archaludon|75/100
|-unboost|p2b: Gholdengo|spa|1
|-ability|p1b: Archaludon|Stamina|boost
|-boost|p1b: Archaludon|def|1
|move|p1b: Archaludon|Dragon Pulse|p2a: Dragonite
|-supereffective|p2a: Dragonite
|-damage|p2a: Dragonite|69/100
|move|p2a: Dragonite|Tailwind|p2a: Dragonite
|-sidestart|p2: PoppaTubb|move: Tailwind
|move|p1a: Amoonguss|Spore|p2a: Dragonite
|-status|p2a: Dragonite|slp|[from] move: Spore
|
|upkeep
|turn|2
|inactive|pantalonesHat has 30 seconds left.
|
|t:|1757743082
|switch|p1a: Pelipper|Pelipper, L50, M|100/100
|-weather|RainDance|[from] ability: Drizzle|[of] p1a: Pelipper
|move|p2b: Gholdengo|Make It Rain|p1b: Archaludon|[spread] p1a,p1b
|-resisted|p1a: Pelipper
|-resisted|p1b: Archaludon
|-damage|p1a: Pelipper|68/100
|-damage|p1b: Archaludon|58/100
|-unboost|p2b: Gholdengo|spa|1
|-ability|p1b: Archaludon|Stamina|boost
|-boost|p1b: Archaludon|def|1
|cant|p2a: Dragonite|slp
|move|p1b: Archaludon|Electro Shot||[still]
|-prepare|p1b: Archaludon|Electro Shot
|-boost|p1b: Archaludon|spa|1
|-anim|p1b: Archaludon|Electro Shot|p2b: Gholdengo
|-damage|p2b: Gholdengo|34/100
|
|-weather|RainDance|[upkeep]
|upkeep
|turn|3
|inactive|pantalonesHat has 30 seconds left.
|inactive|PoppaTubb has 30 seconds left.
|
|t:|1757743111
|switch|p2b: Tatsugiri|Tatsugiri, L50, M|100/100
|cant|p2a: Dragonite|slp
|move|p1a: Pelipper|Tailwind|p1a: Pelipper
|-sidestart|p1: pantalonesHat|move: Tailwind
|move|p1b: Archaludon|Dragon Pulse|p2a: Dragonite
|-supereffective|p2a: Dragonite
|-damage|p2a: Dragonite|0 fnt
|faint|p2a: Dragonite
|
|-weather|RainDance|[upkeep]
|upkeep
|
|t:|1757743122
|switch|p2a: Dondozo|Dondozo, L50, F|100/100
|-activate|p2b: Tatsugiri|ability: Commander|[of] p2a: Dondozo
|-boost|p2a: Dondozo|atk|2
|-boost|p2a: Dondozo|spa|2
|-boost|p2a: Dondozo|spe|2
|-boost|p2a: Dondozo|def|2
|-boost|p2a: Dondozo|spd|2
|turn|4
|inactive|pantalonesHat has 30 seconds left.
|
|t:|1757743149
|switch|p1a: Amoonguss|Amoonguss, L50, M, shiny|77/100
|move|p1b: Archaludon|Electro Shot||[still]
|-prepare|p1b: Archaludon|Electro Shot
|-boost|p1b: Archaludon|spa|1
|-anim|p1b: Archaludon|Electro Shot|p2a: Dondozo
|-supereffective|p2a: Dondozo
|-damage|p2a: Dondozo|30/100
|move|p2a: Dondozo|Body Press|p1b: Archaludon
|-supereffective|p1b: Archaludon
|-damage|p1b: Archaludon|33/100
|-ability|p1b: Archaludon|Stamina|boost
|-boost|p1b: Archaludon|def|1
|
|-weather|RainDance|[upkeep]
|-sideend|p2: PoppaTubb|move: Tailwind
|upkeep
|turn|5
|
|t:|1757743168
|move|p1a: Amoonguss|Rage Powder|p1a: Amoonguss
|-singleturn|p1a: Amoonguss|move: Rage Powder
|move|p1b: Archaludon|Electro Shot||[still]
|-prepare|p1b: Archaludon|Electro Shot
|-boost|p1b: Archaludon|spa|1
|-anim|p1b: Archaludon|Electro Shot|p2a: Dondozo
|-supereffective|p2a: Dondozo
|-damage|p2a: Dondozo|0 fnt
|faint|p2a: Dondozo
|
|-weather|RainDance|[upkeep]
|upkeep
|-message|PoppaTubb forfeited.
|
|win|pantalonesHat
|l|☆PoppaTubb
|player|p2|
|raw|pantalonesHat's rating: 1060 → 1089(+29 for winning)
|raw|PoppaTubb's rating: 1035 → 1021(-14 for losing)
