|j|☆srTerror
|j|☆hugoggg
|html|srTerrorhugoggg    
|uhtml|bestof|Game 1 of a best-of-3
|t:|1786099582
|gametype|doubles
|player|p1|srTerror|170|1166
|player|p2|hugoggg|170|1195
|gen|9
|tier|[Gen 9 Champions] VGC 2026 Reg M-B (Bo3)
|rated|
|rule|Species Clause: Limit one of each Pokémon
|rule|Item Clause: Limit 1 of each item
|clearpoke
|poke|p1|Aerodactyl, L50, M|
|poke|p1|Metagross, L50|
|poke|p1|Kommo-o, L50, F|
|poke|p1|Kingambit, L50, M|
|poke|p1|Basculegion, L50, M|
|poke|p1|Sneasler, L50, M|
|poke|p2|Froslass, L50, F|
|poke|p2|Dragonite, L50, F, shiny|
|poke|p2|Sneasler, L50, M|
|poke|p2|Arcanine-Hisui, L50, F|
|poke|p2|Gholdengo, L50|
|poke|p2|Kingambit, L50, M|
|teampreview|4
|showteam|p1|Aerodactyl||FocusSash|Unnerve|RockSlide,IceFang,Tailwind,WideGuard|Jolly||M|||50|]Metagross||Metagrossite|ClearBody|PsychicFangs,IronHead,BulletPunch,Protect|Jolly|||||50|]Kommo-o||LifeOrb|Overcoat|ClangingScales,AuraSphere,VacuumWave,Protect|Modest||F|||50|]Kingambit||OccaBerry|Defiant|KowtowCleave,SuckerPunch,LowKick,Protect|Adamant||M|||50|]Basculegion||ChoiceScarf|Adaptability|WaveCrash,LastRespects,AquaJet,FlipTurn|Jolly||M|||50|]Sneasler||WhiteHerb|Unburden|FakeOut,DireClaw,CloseCombat,RockTomb|Jolly||M|||50|
|showteam|p2|Froslass||Froslassite|CursedBody|Blizzard,ShadowBall,AuroraVeil,Protect|Modest||F|||50|]Dragonite||DragonFang|Multiscale|ScaleShot,Haze,Tailwind,Protect|Adamant||F|||50|]Sneasler||WhiteHerb|Unburden|CloseCombat,GunkShot,FakeOut,Protect|Adamant||M|||50|]Arcanine-Hisui||FocusSash|RockHead|HeadSmash,FlareBlitz,ExtremeSpeed,Protect|Adamant||F|||50|]Gholdengo||ChoiceScarf|GoodasGold|MakeItRain,ShadowBall,PowerGem,Trick|Modest|||||50|]Kingambit||LifeOrb|Defiant|KowtowCleave,SuckerPunch,SwordsDance,Protect|Adamant||M|||50|
|inactive|Battle timer is ON: inactive players will automatically lose when time's up. (requested by srTerror)
|inactive|srTerror has 60 seconds left.
|inactive|hugoggg has 60 seconds left.
|
|t:|1786099642
|teamsize|p1|4
|teamsize|p2|4
|start
|switch|p1a: Aerodactyl|Aerodactyl, L50, M|100/100
|switch|p1b: Metagross|Metagross, L50|100/100
|switch|p2a: Rollin girl|Dragonite, L50, F, shiny|100/100
|switch|p2b: Streetcat|Sneasler, L50, M|100/100
|-ability|p1a: Aerodactyl|Unnerve
|turn|1
|inactive|hugoggg has 30 seconds left.
|
|t:|1786099669
|detailschange|p1b: Metagross|Metagross-Mega, L50
|-mega|p1b: Metagross|Metagross|Metagrossite
|move|p2b: Streetcat|Fake Out|p1a: Aerodactyl
|-resisted|p1a: Aerodactyl|1
|-damage|p1a: Aerodactyl|89/100
|cant|p1a: Aerodactyl|flinch
|move|p1b: Metagross|Psychic Fangs|p2b: Streetcat
|-supereffective|p2b: Streetcat|2
|-damage|p2b: Streetcat|0 fnt
|faint|p2b: Streetcat
|move|p2a: Rollin girl|Tailwind|p2a: Rollin girl
|-sidestart|p2: hugoggg|move: Tailwind
|
|upkeep
|
|t:|1786099687
|switch|p2b: Ghost rule|Froslass, L50, F|100/100
|turn|2
|
|t:|1786099696
|detailschange|p2b: Ghost rule|Froslass-Mega, L50, F
|-mega|p2b: Ghost rule|Froslass|Froslassite
|-weather|Snowscape|[from] ability: Snow Warning|[of] p2b: Ghost rule
|move|p1a: Aerodactyl|Wide Guard|p1a: Aerodactyl
|-singleturn|p1a: Aerodactyl|Wide Guard
|move|p2b: Ghost rule|Shadow Ball|p1b: Metagross
|-supereffective|p1b: Metagross|1
|-damage|p1b: Metagross|7/100
|-unboost|p1b: Metagross|spd|1
|move|p2a: Rollin girl|Scale Shot|p1a: Aerodactyl
|-damage|p1a: Aerodactyl|59/100
|-damage|p1a: Aerodactyl|30/100
|-damage|p1a: Aerodactyl|3/100
|-damage|p1a: Aerodactyl|0 fnt
|faint|p1a: Aerodactyl
|-hitcount|p1: Aerodactyl|4
|-unboost|p2a: Rollin girl|def|1
|-boost|p2a: Rollin girl|spe|1
|move|p1b: Metagross|Iron Head|p2b: Ghost rule
|-supereffective|p2b: Ghost rule|1
|-damage|p2b: Ghost rule|0 fnt
|faint|p2b: Ghost rule
|
|-weather|Snowscape|[upkeep]
|upkeep
|
|t:|1786099718
|switch|p1a: Kingambit|Kingambit, L50, M|100/100
|switch|p2b: Animal|Arcanine-Hisui, L50, F|100/100
|turn|3
|
|t:|1786099727
|move|p1b: Metagross|Protect|p1b: Metagross
|-singleturn|p1b: Metagross|Protect
|move|p1a: Kingambit|Protect|p1a: Kingambit
|-singleturn|p1a: Kingambit|Protect
|move|p2a: Rollin girl|Scale Shot|p1b: Metagross
|-activate|p1b: Metagross|move: Protect
|move|p2b: Animal|Flare Blitz|p1a: Kingambit
|-activate|p1a: Kingambit|move: Protect
|
|-weather|Snowscape|[upkeep]
|upkeep
|turn|4
|
|t:|1786099743
|move|p1b: Metagross|Bullet Punch|p2b: Animal
|-damage|p2b: Animal|63/100
|move|p1a: Kingambit|Sucker Punch|p2b: Animal
|-damage|p2b: Animal|8/100
|move|p2a: Rollin girl|Scale Shot|p1b: Metagross
|-resisted|p1b: Metagross|1
|-damage|p1b: Metagross|1/100
|-resisted|p1b: Metagross|1
|-damage|p1b: Metagross|0 fnt
|faint|p1b: Metagross
|-hitcount|p1: Metagross|2
|-unboost|p2a: Rollin girl|def|1
|-boost|p2a: Rollin girl|spe|1
|move|p2b: Animal|Flare Blitz|p1a: Kingambit
|-supereffective|p1a: Kingambit|1
|-enditem|p1a: Kingambit|Occa Berry|[eat]
|-enditem|p1a: Kingambit|Occa Berry|[weaken]
|-damage|p1a: Kingambit|48/100
|
|-weather|Snowscape|[upkeep]
|-sideend|p2: hugoggg|move: Tailwind
|upkeep
|
|t:|1786099756
|switch|p1b: Kommo-o|Kommo-o, L50, F|100/100
|turn|5
|inactive|srTerror has 30 seconds left.
|
|t:|1786099785
|move|p2b: Animal|Protect|p2b: Animal
|-singleturn|p2b: Animal|Protect
|move|p1a: Kingambit|Sucker Punch||[still]
|-fail|p1a: Kingambit
|move|p2a: Rollin girl|Haze|p2a: Rollin girl
|-clearallboost
|move|p1b: Kommo-o|Clanging Scales|p2a: Rollin girl|[spread] p2a
|-activate|p2b: Animal|move: Protect
|-supereffective|p2a: Rollin girl|1
|-damage|p2a: Rollin girl|44/100
|-unboost|p1b: Kommo-o|def|1
|-damage|p1b: Kommo-o|90/100|[from] item: Life Orb
|
|-weather|Snowscape|[upkeep]
|upkeep
|turn|6
|
|t:|1786099809
|move|p2b: Animal|Extreme Speed|p1a: Kingambit
|-resisted|p1a: Kingambit|1
|-damage|p1a: Kingambit|36/100
|move|p1a: Kingambit|Sucker Punch||[still]
|-fail|p1a: Kingambit
|move|p1b: Kommo-o|Clanging Scales|p2a: Rollin girl|[spread] p2a,p2b
|-supereffective|p2a: Rollin girl|1
|-damage|p2a: Rollin girl|0 fnt
|-damage|p2b: Animal|0 fnt
|faint|p2a: Rollin girl
|faint|p2b: Animal
|-damage|p1b: Kommo-o|80/100|[from] item: Life Orb
|
|win|srTerror
||srTerror is ready for game 2.
||hugoggg is ready for game 2.
|uhtml|next|Next: Game 2 of 3
