|j|☆rodry3
|j|☆Dr. Toughlove
|html|rodry3Dr. Toughlove    
|uhtml|bestof|Game 1 of a best-of-3
|t:|1783550680
|gametype|doubles
|player|p1|rodry3|roxie|1161
|player|p2|Dr. Toughlove|hiker-gen4|1082
|gen|9
|tier|[Gen 9 Champions] VGC 2026 Reg M-B (Bo3)
|rated|
|rule|Species Clause: Limit one of each Pokémon
|rule|Item Clause: Limit 1 of each item
|clearpoke
|poke|p1|Charizard, L50, F|
|poke|p1|Sneasler, L50, M|
|poke|p1|Incineroar, L50, M|
|poke|p1|Sinistcha, L50|
|poke|p1|Milotic, L50, F|
|poke|p1|Chimecho, L50, M|
|poke|p2|Aerodactyl, L50, F|
|poke|p2|Basculegion, L50, M|
|poke|p2|Garchomp, L50, F|
|poke|p2|Rotom-Heat, L50|
|poke|p2|Sceptile, L50, M|
|poke|p2|Sylveon, L50, F|
|teampreview|4
|showteam|p1|Charizard||CharizarditeX|SolarPower|FlareBlitz,DragonClaw,DragonDance,Protect|Adamant||F|||50|]Sneasler||FocusSash|Unburden|FakeOut,CloseCombat,DireClaw,Protect|Naive||M|||50|]Incineroar||SitrusBerry|Intimidate|FakeOut,PartingShot,HelpingHand,FlareBlitz|Careful||M|||50|]Sinistcha||ColburBerry|Hospitality|MatchaGotcha,RagePowder,TrickRoom,Protect|Bold|||||50|]Milotic||Leftovers|Competitive|MuddyWater,Coil,Hypnosis,Protect|Calm||F|||50|]Chimecho||Chimechite|Levitate|FlashCannon,Psychic,CalmMind,Protect|Modest||M|||50|
|showteam|p2|Aerodactyl||Aerodactylite|Unnerve|Protect,Tailwind,RockSlide,DualWingbeat|Jolly||F|||50|]Basculegion||MysticWater|SwiftSwim|Protect,AquaJet,WaveCrash,LastRespects|Adamant||M|||50|]Garchomp||LifeOrb|RoughSkin|Protect,RockSlide,DragonClaw,Earthquake|Jolly||F|||50|]Rotom-Heat||ChoiceScarf|Levitate|Overheat,Thunderbolt,VoltSwitch,Discharge|Timid|||||50|]Sceptile||Sceptilite|Overgrow|Detect,EnergyBall,DragonPulse,EarthPower|Timid||M|||50|]Sylveon||FairyFeather|Pixilate|Detect,QuickAttack,HyperVoice,HyperBeam|Modest||F|||50|
|inactive|Battle timer is ON: inactive players will automatically lose when time's up. (requested by rodry3)
|inactive|rodry3 has 60 seconds left.
|
|t:|1783550725
|teamsize|p1|4
|teamsize|p2|4
|start
|switch|p1a: Sneasler|Sneasler, L50, M|100/100
|switch|p1b: Incineroar|Incineroar, L50, M|100/100
|switch|p2a: Basculegion|Basculegion, L50, M|100/100
|switch|p2b: Rotom|Rotom-Heat, L50|100/100
|-ability|p1b: Incineroar|Intimidate|boost
|-unboost|p2a: Basculegion|atk|1
|-unboost|p2b: Rotom|atk|1
|turn|1
|
|t:|1783550748
|switch|p1b: Sinistcha|Sinistcha, L50|100/100
|move|p1a: Sneasler|Fake Out|p2b: Rotom
|-damage|p2b: Rotom|81/100
|cant|p2b: Rotom|flinch
|move|p2a: Basculegion|Wave Crash|p1b: Sinistcha
|-resisted|p1b: Sinistcha|1
|-damage|p1b: Sinistcha|80/100
|-damage|p2a: Basculegion|94/100|[from] Recoil
|
|upkeep
|turn|2
|
|t:|1783550772
|switch|p1a: Incineroar|Incineroar, L50, M|100/100
|-ability|p1a: Incineroar|Intimidate|boost
|-unboost|p2a: Basculegion|atk|1
|-unboost|p2b: Rotom|atk|1
|move|p1b: Sinistcha|Protect|p1b: Sinistcha
|-singleturn|p1b: Sinistcha|Protect
|move|p2b: Rotom|Overheat|p1b: Sinistcha
|-activate|p1b: Sinistcha|move: Protect
|move|p2a: Basculegion|Wave Crash|p1b: Sinistcha
|-activate|p1b: Sinistcha|move: Protect
|
|upkeep
|turn|3
|
|t:|1783550787
|switch|p2a: Garchomp|Garchomp, L50, F|100/100
|move|p1a: Incineroar|Fake Out|p2b: Rotom
|-damage|p2b: Rotom|67/100
|cant|p2b: Rotom|flinch
|move|p1b: Sinistcha|Matcha Gotcha|p2b: Rotom|[spread] p2a,p2b
|-resisted|p2b: Rotom|1
|-damage|p2a: Garchomp|75/100
|-heal|p1b: Sinistcha|93/100|[from] drain|[of] p2a: Garchomp
|-damage|p2b: Rotom|49/100
|-heal|p1b: Sinistcha|100/100|[from] drain|[of] p2b: Rotom
|
|upkeep
|turn|4
|
|t:|1783550810
|move|p1b: Sinistcha|Protect|p1b: Sinistcha
|-singleturn|p1b: Sinistcha|Protect
|move|p2b: Rotom|Overheat|p1b: Sinistcha
|-activate|p1b: Sinistcha|move: Protect
|move|p2a: Garchomp|Earthquake|p1a: Incineroar|[spread] p1a
|-activate|p1b: Sinistcha|move: Protect
|-immune|p2b: Rotom|[from] ability: Levitate
|-supereffective|p1a: Incineroar|1
|-damage|p1a: Incineroar|7/100
|-enditem|p1a: Incineroar|Sitrus Berry|[eat]
|-heal|p1a: Incineroar|32/100|[from] item: Sitrus Berry
|-damage|p2a: Garchomp|65/100|[from] item: Life Orb
|move|p1a: Incineroar|Parting Shot|p2a: Garchomp
|-unboost|p2a: Garchomp|atk|1
|-unboost|p2a: Garchomp|spa|1
|
|t:|1783550826
|switch|p1a: Sneasler|Sneasler, L50, M|100/100|[from] Parting Shot
|
|upkeep
|turn|5
|
|t:|1783550831
|switch|p2b: Aerodactyl|Aerodactyl, L50, F|100/100
|-ability|p2b: Aerodactyl|Unnerve
|move|p2a: Garchomp|Protect|p2a: Garchomp
|-singleturn|p2a: Garchomp|Protect
|move|p1a: Sneasler|Fake Out|p2b: Aerodactyl
|-resisted|p2b: Aerodactyl|1
|-damage|p2b: Aerodactyl|89/100
|move|p1b: Sinistcha|Matcha Gotcha|p2a: Garchomp|[spread] p2b
|-activate|p2a: Garchomp|move: Protect
|-damage|p2b: Aerodactyl|59/100
|
|upkeep
|turn|6
|inactive|rodry3 has 30 seconds left.
|inactive|rodry3 has 20 seconds left.
|inactive|rodry3 has 15 seconds left.
|inactive|rodry3 has 10 seconds left.
|
|t:|1783550877
|switch|p1a: Incineroar|Incineroar, L50, M|32/100
|-ability|p1a: Incineroar|Intimidate|boost
|-unboost|p2a: Garchomp|atk|1
|-unboost|p2b: Aerodactyl|atk|1
|detailschange|p2b: Aerodactyl|Aerodactyl-Mega, L50, F
|-mega|p2b: Aerodactyl|Aerodactyl|Aerodactylite
|move|p1b: Sinistcha|Protect|p1b: Sinistcha
|-singleturn|p1b: Sinistcha|Protect
|move|p2b: Aerodactyl|Dual Wingbeat|p1b: Sinistcha
|-activate|p1b: Sinistcha|move: Protect
|move|p2a: Garchomp|Earthquake|p1b: Sinistcha|[spread] p1a
|-activate|p1b: Sinistcha|move: Protect
|-immune|p2b: Aerodactyl
|-supereffective|p1a: Incineroar|1
|-damage|p1a: Incineroar|0 fnt
|faint|p1a: Incineroar
|-damage|p2a: Garchomp|55/100|[from] item: Life Orb
|
|upkeep
|
|t:|1783550888
|switch|p1a: Sneasler|Sneasler, L50, M|100/100
|turn|7
|
|t:|1783550896
|switch|p2b: Rotom|Rotom-Heat, L50|49/100
|move|p2a: Garchomp|Protect|p2a: Garchomp
|-singleturn|p2a: Garchomp|Protect
|move|p1a: Sneasler|Fake Out|p2b: Rotom
|-damage|p2b: Rotom|31/100
|move|p1b: Sinistcha|Matcha Gotcha|p2a: Garchomp|[spread] p2b
|-activate|p2a: Garchomp|move: Protect
|-resisted|p2b: Rotom|1
|-damage|p2b: Rotom|15/100
|
|upkeep
|turn|8
|inactive|rodry3 has 30 seconds left.
|inactive|rodry3 has 20 seconds left.
|inactive|rodry3 has 15 seconds left.
|inactive|rodry3 has 10 seconds left.
|
|t:|1783550942
|move|p1b: Sinistcha|Protect|p1b: Sinistcha
|-singleturn|p1b: Sinistcha|Protect
|move|p2b: Rotom|Volt Switch|p1a: Sneasler
|-damage|p1a: Sneasler|55/100
|
|t:|1783550948
|switch|p2b: Aerodactyl|Aerodactyl-Mega, L50, F|59/100|[from] Volt Switch
|move|p1a: Sneasler|Close Combat|p2b: Aerodactyl
|-damage|p2b: Aerodactyl|0 fnt
|-unboost|p1a: Sneasler|def|1
|-unboost|p1a: Sneasler|spd|1
|faint|p2b: Aerodactyl
|move|p2a: Garchomp|Earthquake|p1a: Sneasler|[spread] p1a
|-activate|p1b: Sinistcha|move: Protect
|-supereffective|p1a: Sneasler|1
|-damage|p1a: Sneasler|0 fnt
|faint|p1a: Sneasler
|-damage|p2a: Garchomp|45/100|[from] item: Life Orb
|
|upkeep
|
|t:|1783550961
|switch|p2b: Rotom|Rotom-Heat, L50|15/100
|switch|p1a: Charizard|Charizard, L50, F|100/100
|turn|9
|inactive|rodry3 has 30 seconds left.
|
|t:|1783550986
|detailschange|p1a: Charizard|Charizard-Mega-X, L50, F
|-mega|p1a: Charizard|Charizard|Charizardite X
|move|p2b: Rotom|Overheat|p1b: Sinistcha
|-supereffective|p1b: Sinistcha|1
|-damage|p1b: Sinistcha|0 fnt
|-unboost|p2b: Rotom|spa|2
|faint|p1b: Sinistcha
|move|p2a: Garchomp|Rock Slide|p1a: Charizard|[miss]
|-miss|p2a: Garchomp|p1a: Charizard
|move|p1a: Charizard|Dragon Dance|p1a: Charizard
|-boost|p1a: Charizard|atk|1
|-boost|p1a: Charizard|spe|1
|
|upkeep
|turn|10
|inactive|rodry3 has 30 seconds left.
|inactive|rodry3 has 20 seconds left.
|inactive|rodry3 has 15 seconds left.
|
|t:|1783551032
|switch|p2b: Basculegion|Basculegion, L50, M|94/100
|move|p1a: Charizard|Dragon Claw|p2b: Basculegion
|-damage|p2b: Basculegion|11/100
|move|p2a: Garchomp|Dragon Claw|p1a: Charizard
|-supereffective|p1a: Charizard|1
|-damage|p1a: Charizard|53/100
|-damage|p2a: Garchomp|36/100|[from] item: Life Orb
|
|upkeep
|turn|11
|
|t:|1783551049
|move|p2b: Basculegion|Aqua Jet|p1a: Charizard
|-damage|p1a: Charizard|33/100
|move|p1a: Charizard|Dragon Claw|p2b: Basculegion
|-damage|p2b: Basculegion|0 fnt
|faint|p2b: Basculegion
|move|p2a: Garchomp|Dragon Claw|p1a: Charizard
|-supereffective|p1a: Charizard|1
|-damage|p1a: Charizard|0 fnt
|faint|p1a: Charizard
|-damage|p2a: Garchomp|26/100|[from] item: Life Orb
|
|win|Dr. Toughlove
||rodry3 is ready for game 2.
||Dr. Toughlove is ready for game 2.
|uhtml|next|Next: Game 2 of 3
