|j|☆sorecruiser
|j|☆xx_junior_rx7_xx
|html|sorecruiserxx_junior_rx7_xx    
|uhtml|bestof|Game 1 of a best-of-3
|t:|1756528222
|gametype|doubles
|player|p1|sorecruiser|furisodegirl-black|1040
|player|p2|xx_junior_rx7_xx|2|1070
|gen|9
|tier|[Gen 9] VGC 2025 Reg H (Bo3)
|rated|
|rule|Species Clause: Limit one of each Pokémon
|rule|Item Clause: Limit 1 of each item
|clearpoke
|poke|p1|Clefable, L50, F|
|poke|p1|Garchomp, L50, M|
|poke|p1|Whimsicott, L50, M|
|poke|p1|Hydreigon, L50, M|
|poke|p1|Annihilape, L50, F|
|poke|p1|Gholdengo, L50|
|poke|p2|Tyranitar, L50, F|
|poke|p2|Excadrill, L50, F|
|poke|p2|Magmar, L50, F|
|poke|p2|Sneasler, L50, M|
|poke|p2|Corviknight, L50, F|
|poke|p2|Indeedee, L50, M|
|teampreview|4
|showteam|p1|Clefable||SitrusBerry|Unaware|FollowMe,Moonblast,MistyTerrain,Protect|||F|||50|,,,,,Water]Garchomp||LifeOrb|RoughSkin|StompingTantrum,DragonClaw,Earthquake,Protect|||M|||50|,,,,,Ground]Whimsicott||FocusSash|Prankster|Moonblast,Encore,Tailwind,SunnyDay|||M|||50|,,,,,Ghost]Hydreigon||ChoiceSpecs|Levitate|DarkPulse,DracoMeteor,Snarl,HeatWave|||M|||50|,,,,,Fire]Annihilape||Leftovers|Defiant|RageFist,DrainPunch,BulkUp,Protect|||F|||50|,,,,,Water]Gholdengo||IronPlate|GoodasGold|MakeItRain,ShadowBall,NastyPlot,Protect||||||50|,,,,,Steel
|showteam|p2|Tyranitar||AssaultVest|SandStream|RockSlide,KnockOff,LowKick,TeraBlast|||F|||50|,,,,,Flying]Excadrill||FocusSash|SandRush|EarthPower,IronHead,SwordsDance,Protect|||F|||50|,,,,,Ground]Magmar||Eviolite|VitalSpirit|Protect,HelpingHand,FollowMe,HeatWave|||F|||50|,,,,,Ghost]Sneasler||WhiteHerb|Unburden|FakeOut,CloseCombat,DireClaw,Coaching|||M|||50|,,,,,Flying]Corviknight||PsychicSeed|MirrorArmor|BraveBird,PowerTrip,BulkUp,Roost|||F|||50|,,,,,Water]Indeedee||ChoiceScarf|PsychicSurge|ExpandingForce,TeraBlast,Trick,Protect|||M|||50|,,,,,Psychic
|inactive|Battle timer is ON: inactive players will automatically lose when time's up. (requested by xx_junior_rx7_xx)
|c|☆xx_junior_rx7_xx|gg
|c|☆sorecruiser|lmao
|c|☆xx_junior_rx7_xx|hello
|
|t:|1756528378
|teamsize|p1|4
|teamsize|p2|4
|start
|switch|p1a: Whimsicott|Whimsicott, L50, M|100/100
|switch|p1b: Annihilape|Annihilape, L50, F|100/100
|switch|p2a: Indeedee|Indeedee, L50, M|100/100
|switch|p2b: Sneasler|Sneasler, L50, M|100/100
|-fieldstart|move: Psychic Terrain|[from] ability: Psychic Surge|[of] p2a: Indeedee
|turn|1
|inactive|sorecruiser has 30 seconds left.
|inactive|xx_junior_rx7_xx has 30 seconds left.
|
|t:|1756528406
|-terastallize|p1b: Annihilape|Water
|move|p1a: Whimsicott|Tailwind|p1a: Whimsicott
|-sidestart|p1: sorecruiser|move: Tailwind
|move|p1b: Annihilape|Bulk Up|p1b: Annihilape
|-boost|p1b: Annihilape|atk|1
|-boost|p1b: Annihilape|def|1
|move|p2a: Indeedee|Trick|p1a: Whimsicott
|-activate|p2a: Indeedee|move: Trick|[of] p1a: Whimsicott
|-item|p1a: Whimsicott|Choice Scarf|[from] move: Trick
|-item|p2a: Indeedee|Focus Sash|[from] move: Trick
|move|p2b: Sneasler|Dire Claw|p1b: Annihilape
|-damage|p1b: Annihilape|73/100
|
|-heal|p1b: Annihilape|79/100|[from] item: Leftovers
|upkeep
|turn|2
|inactive|sorecruiser has 30 seconds left.
|inactive|xx_junior_rx7_xx has 30 seconds left.
|inactive|sorecruiser has 20 seconds left.
|inactive|sorecruiser has 15 seconds left.
|
|t:|1756528448
|switch|p1a: Gholdengo|Gholdengo, L50|100/100
|switch|p2a: Magmar|Magmar, L50, F|100/100
|move|p1b: Annihilape|Drain Punch|p2a: Magmar
|-damage|p2a: Magmar|60/100
|-heal|p1b: Annihilape|96/100|[from] drain|[of] p2a: Magmar
|move|p2b: Sneasler|Dire Claw|p1b: Annihilape
|-damage|p1b: Annihilape|64/100
|-status|p1b: Annihilape|psn
|
|-heal|p1b: Annihilape|70/100 psn|[from] item: Leftovers
|-damage|p1b: Annihilape|58/100 psn|[from] psn
|upkeep
|turn|3
|inactive|sorecruiser has 30 seconds left.
|inactive|xx_junior_rx7_xx has 30 seconds left.
|
|t:|1756528481
|switch|p2b: Corviknight|Corviknight, L50, F|100/100
|-enditem|p2b: Corviknight|Psychic Seed
|-boost|p2b: Corviknight|spd|1|[from] item: Psychic Seed
|-terastallize|p2a: Magmar|Ghost
|move|p1a: Gholdengo|Make It Rain|p2b: Corviknight|[spread] p2a,p2b
|-resisted|p2b: Corviknight
|-damage|p2a: Magmar|24/100
|-damage|p2b: Corviknight|84/100
|-unboost|p1a: Gholdengo|spa|1
|move|p1b: Annihilape|Rage Fist|p2a: Magmar
|-supereffective|p2a: Magmar
|-damage|p2a: Magmar|0 fnt
|faint|p2a: Magmar
|
|-heal|p1b: Annihilape|64/100 psn|[from] item: Leftovers
|-damage|p1b: Annihilape|51/100 psn|[from] psn
|upkeep
|
|t:|1756528504
|switch|p2a: Indeedee|Indeedee, L50, M|100/100
|turn|4
|inactive|sorecruiser has 30 seconds left.
|inactive|sorecruiser has 20 seconds left.
|inactive|sorecruiser has 15 seconds left.
|
|t:|1756528549
|move|p2a: Indeedee|Protect|p2a: Indeedee
|-singleturn|p2a: Indeedee|Protect
|move|p1a: Gholdengo|Nasty Plot|p1a: Gholdengo
|-boost|p1a: Gholdengo|spa|2
|move|p1b: Annihilape|Drain Punch|p2a: Indeedee
|-activate|p2a: Indeedee|move: Protect
|move|p2b: Corviknight|Bulk Up|p2b: Corviknight
|-boost|p2b: Corviknight|atk|1
|-boost|p2b: Corviknight|def|1
|
|-heal|p1b: Annihilape|58/100 psn|[from] item: Leftovers
|-damage|p1b: Annihilape|45/100 psn|[from] psn
|-sideend|p1: sorecruiser|move: Tailwind
|upkeep
|turn|5
|
|t:|1756528572
|move|p2a: Indeedee|Expanding Force|p1b: Annihilape|[spread] p1a,p1b
|-resisted|p1a: Gholdengo
|-damage|p1a: Gholdengo|72/100
|-damage|p1b: Annihilape|0 fnt
|faint|p1b: Annihilape
|move|p1a: Gholdengo|Make It Rain|p2b: Corviknight|[spread] p2a,p2b
|-resisted|p2b: Corviknight
|-enditem|p2a: Indeedee|Focus Sash
|-damage|p2a: Indeedee|1/100
|-damage|p2b: Corviknight|58/100
|-unboost|p1a: Gholdengo|spa|1
|move|p2b: Corviknight|Power Trip|p1a: Gholdengo
|-supereffective|p1a: Gholdengo
|-damage|p1a: Gholdengo|13/100
|
|-fieldend|move: Psychic Terrain
|upkeep
|
|t:|1756528589
|switch|p1b: Whimsicott|Whimsicott, L50, M|100/100
|turn|6
|inactive|sorecruiser has 30 seconds left.
|inactive|sorecruiser has 20 seconds left.
|
|t:|1756528629
|switch|p1a: Clefable|Clefable, L50, F|100/100
|move|p1b: Whimsicott|Moonblast|p2a: Indeedee
|-damage|p2a: Indeedee|0 fnt
|faint|p2a: Indeedee
|move|p2b: Corviknight|Roost|p2b: Corviknight
|-heal|p2b: Corviknight|100/100
|-singleturn|p2b: Corviknight|move: Roost
|
|upkeep
|c|☆xx_junior_rx7_xx|gg
|
|t:|1756528639
|switch|p2a: Sneasler|Sneasler, L50, M|100/100
|turn|7
|
|t:|1756528651
|move|p1b: Whimsicott|Moonblast|p2a: Sneasler
|-damage|p2a: Sneasler|54/100
|move|p2a: Sneasler|Coaching|p2b: Corviknight
|-boost|p2b: Corviknight|atk|1
|-boost|p2b: Corviknight|def|1
|move|p2b: Corviknight|Power Trip|p1a: Clefable
|-resisted|p1a: Clefable
|-damage|p1a: Clefable|88/100
|move|p1a: Clefable|Moonblast|p2a: Sneasler
|-damage|p2a: Sneasler|7/100
|
|upkeep
|turn|8
|inactive|sorecruiser has 30 seconds left.
|
|t:|1756528684
|move|p1b: Whimsicott|Moonblast|p2a: Sneasler
|-damage|p2a: Sneasler|0 fnt
|faint|p2a: Sneasler
|move|p2b: Corviknight|Bulk Up|p2b: Corviknight
|-boost|p2b: Corviknight|atk|1
|-boost|p2b: Corviknight|def|1
|move|p1a: Clefable|Moonblast|p2b: Corviknight
|-resisted|p2b: Corviknight
|-damage|p2b: Corviknight|85/100
|-ability|p2b: Corviknight|Mirror Armor
|-unboost|p1a: Clefable|spa|1
|
|upkeep
|turn|9
|inactive|sorecruiser has 30 seconds left.
|
|t:|1756528717
|move|p1a: Clefable|Follow Me|p1a: Clefable
|-singleturn|p1a: Clefable|move: Follow Me
|move|p1b: Whimsicott|Moonblast|p2b: Corviknight
|-resisted|p2b: Corviknight
|-damage|p2b: Corviknight|73/100
|move|p2b: Corviknight|Power Trip|p1a: Clefable
|-resisted|p1a: Clefable
|-damage|p1a: Clefable|71/100
|
|upkeep
|turn|10
|c|☆sorecruiser|gg
|
|t:|1756528729
|move|p1a: Clefable|Follow Me|p1a: Clefable
|-singleturn|p1a: Clefable|move: Follow Me
|move|p1b: Whimsicott|Moonblast|p2b: Corviknight
|-resisted|p2b: Corviknight
|-damage|p2b: Corviknight|63/100
|-ability|p2b: Corviknight|Mirror Armor
|-unboost|p1b: Whimsicott|spa|1
|move|p2b: Corviknight|Power Trip|p1a: Clefable
|-resisted|p1a: Clefable
|-damage|p1a: Clefable|55/100
|
|upkeep
|turn|11
|
|t:|1756528740
|switch|p1b: Gholdengo|Gholdengo, L50|13/100
|move|p1a: Clefable|Follow Me|p1a: Clefable
|-singleturn|p1a: Clefable|move: Follow Me
|move|p2b: Corviknight|Power Trip|p1a: Clefable
|-resisted|p1a: Clefable
|-damage|p1a: Clefable|38/100
|-enditem|p1a: Clefable|Sitrus Berry|[eat]
|-heal|p1a: Clefable|63/100|[from] item: Sitrus Berry
|
|upkeep
|turn|12
|
|t:|1756528760
|move|p1a: Clefable|Follow Me|p1a: Clefable
|-singleturn|p1a: Clefable|move: Follow Me
|move|p1b: Gholdengo|Nasty Plot|p1b: Gholdengo
|-boost|p1b: Gholdengo|spa|2
|move|p2b: Corviknight|Power Trip|p1a: Clefable
|-resisted|p1a: Clefable
|-damage|p1a: Clefable|46/100
|
|upkeep
|turn|13
|
|t:|1756528770
|move|p1a: Clefable|Follow Me|p1a: Clefable
|-singleturn|p1a: Clefable|move: Follow Me
|move|p1b: Gholdengo|Shadow Ball|p2b: Corviknight
|-damage|p2b: Corviknight|12/100
|move|p2b: Corviknight|Brave Bird|p1a: Clefable
|-damage|p1a: Clefable|4/100
|-damage|p2b: Corviknight|0 fnt|[from] Recoil
|faint|p2b: Corviknight
|
|win|sorecruiser
||xx_junior_rx7_xx is ready for game 2.
