|j|☆SFmrmimers
|j|☆mil0battles
|html|SFmrmimersmil0battles    
|uhtml|bestof|Game 2 of a best-of-3
|t:|1756528697
|gametype|doubles
|player|p1|SFmrmimers|n|1109
|player|p2|mil0battles|pokemonranger-gen4|1139
|gen|9
|tier|[Gen 9] VGC 2025 Reg H (Bo3)
|rated|
|rule|Species Clause: Limit one of each Pokémon
|rule|Item Clause: Limit 1 of each item
|clearpoke
|poke|p1|Sneasler, L50, M|
|poke|p1|Kingambit, L50, M|
|poke|p1|Rillaboom, L50, M|
|poke|p1|Basculegion, L50, M|
|poke|p1|Magmar, L50, F|
|poke|p1|Ninetales-Alola, L50, F|
|poke|p2|Inteleon, L50, F|
|poke|p2|Maushold-Four, L50|
|poke|p2|Pelipper, L50, F|
|poke|p2|Archaludon, L50, F|
|poke|p2|Basculegion, L50, M|
|poke|p2|Sneasler, L50, F|
|teampreview|4
|showteam|p1|Sneasler||FocusSash|PoisonTouch|DireClaw,CloseCombat,FakeOut,Protect|||M|||50|,,,,,Ghost]Kingambit||BlackGlasses|Defiant|KowtowCleave,SuckerPunch,SwordsDance,Protect|||M|||50|,,,,,Fire]Rillaboom||AssaultVest|GrassySurge|FakeOut,Uturn,GrassyGlide,WoodHammer|||M|||50|,,,,,Fire]Basculegion||ChoiceScarf|Adaptability|WaveCrash,LastRespects,TeraBlast,FlipTurn|||M|||50|,,,,,Fairy]Magmar||Eviolite|VitalSpirit|FollowMe,HeatWave,Taunt,Protect|||F|||50|,,,,,Ghost]Ninetales-Alola||NeverMeltIce|SnowWarning|Blizzard,FreezeDry,Encore,Protect|||F|||50|,,,,,Ghost
|showteam|p2|Inteleon||MysticWater|Sniper|SnipeShot,IceBeam,Haze,Protect|||F|||50|,,,,,Water]Maushold-Four||WideLens|Technician|PopulationBomb,Taunt,FollowMe,Protect||||||50|,,,,,Ghost]Pelipper||FocusSash|Drizzle|Tailwind,Protect,WeatherBall,Hurricane|||F|||50|,,,,,Ghost]Archaludon||AssaultVest|Stamina|ElectroShot,FlashCannon,BodyPress,DracoMeteor|||F|||50|,,,,,Grass]Basculegion||ChoiceBand|SwiftSwim|WaveCrash,LastRespects,FlipTurn,AquaJet|||M|||50|,,,,,Grass]Sneasler||WhiteHerb|Unburden|DireClaw,CloseCombat,FakeOut,Protect|||F|||50|,,,,,Stellar
|inactive|Battle timer is ON: inactive players will automatically lose when time's up. (requested by mil0battles)
|
|t:|1756528740
|teamsize|p1|4
|teamsize|p2|4
|start
|switch|p1a: Rillaboom|Rillaboom, L50, M|100/100
|switch|p1b: Kingambit|Kingambit, L50, M, shiny|100/100
|switch|p2a: Maushold|Maushold-Four, L50|100/100
|switch|p2b: Archaludon|Archaludon, L50, F|100/100
|-fieldstart|move: Grassy Terrain|[from] ability: Grassy Surge|[of] p1a: Rillaboom
|turn|1
|
|t:|1756528761
|-terastallize|p2a: Maushold|Ghost
|move|p2a: Maushold|Population Bomb|p2b: Archaludon
|-resisted|p2b: Archaludon
|-damage|p2b: Archaludon|97/100
|-ability|p2b: Archaludon|Stamina|boost
|-boost|p2b: Archaludon|def|1
|-resisted|p2b: Archaludon
|-damage|p2b: Archaludon|94/100
|-ability|p2b: Archaludon|Stamina|boost
|-boost|p2b: Archaludon|def|1
|-resisted|p2b: Archaludon
|-damage|p2b: Archaludon|93/100
|-ability|p2b: Archaludon|Stamina|boost
|-boost|p2b: Archaludon|def|1
|-resisted|p2b: Archaludon
|-damage|p2b: Archaludon|91/100
|-ability|p2b: Archaludon|Stamina|boost
|-boost|p2b: Archaludon|def|1
|-resisted|p2b: Archaludon
|-damage|p2b: Archaludon|90/100
|-ability|p2b: Archaludon|Stamina|boost
|-boost|p2b: Archaludon|def|1
|-resisted|p2b: Archaludon
|-damage|p2b: Archaludon|89/100
|-ability|p2b: Archaludon|Stamina|boost
|-boost|p2b: Archaludon|def|1
|-resisted|p2b: Archaludon
|-damage|p2b: Archaludon|88/100
|-resisted|p2b: Archaludon
|-damage|p2b: Archaludon|87/100
|-resisted|p2b: Archaludon
|-damage|p2b: Archaludon|86/100
|-resisted|p2b: Archaludon
|-damage|p2b: Archaludon|85/100
|-hitcount|p2b: Archaludon|10
|move|p1a: Rillaboom|U-turn|p2a: Maushold
|-resisted|p2a: Maushold
|-damage|p2a: Maushold|81/100
|inactive|SFmrmimers has 30 seconds left.
|inactive|SFmrmimers has 20 seconds left.
|inactive|SFmrmimers has 15 seconds left.
|
|t:|1756528804
|switch|p1a: Ninetales|Ninetales-Alola, L50, F, shiny|100/100|[from] U-turn
|-weather|Snowscape|[from] ability: Snow Warning|[of] p1a: Ninetales
|move|p2b: Archaludon|Body Press|p1b: Kingambit
|-supereffective|p1b: Kingambit
|-damage|p1b: Kingambit|0 fnt
|faint|p1b: Kingambit
|
|-weather|Snowscape|[upkeep]
|-heal|p2a: Maushold|87/100|[from] Grassy Terrain
|-heal|p2b: Archaludon|91/100|[from] Grassy Terrain
|upkeep
|
|t:|1756528815
|switch|p1b: Rillaboom|Rillaboom, L50, M|100/100
|turn|2
|
|t:|1756528825
|-terastallize|p1a: Ninetales|Ghost
|move|p2a: Maushold|Protect|p2a: Maushold
|-singleturn|p2a: Maushold|Protect
|move|p1b: Rillaboom|Fake Out|p2b: Archaludon
|-resisted|p2b: Archaludon
|-damage|p2b: Archaludon|90/100
|move|p1a: Ninetales|Blizzard|p2b: Archaludon|[spread] p2b
|-activate|p2a: Maushold|move: Protect
|-damage|p2b: Archaludon|65/100
|cant|p2b: Archaludon|flinch
|
|-weather|Snowscape|[upkeep]
|-heal|p2a: Maushold|93/100|[from] Grassy Terrain
|-heal|p2b: Archaludon|71/100|[from] Grassy Terrain
|upkeep
|turn|3
|
|t:|1756528842
|move|p2a: Maushold|Population Bomb|p1b: Rillaboom
|-damage|p1b: Rillaboom|89/100
|-damage|p1b: Rillaboom|77/100
|-damage|p1b: Rillaboom|67/100
|-damage|p1b: Rillaboom|57/100
|-damage|p1b: Rillaboom|46/100
|-damage|p1b: Rillaboom|36/100
|-crit|p1b: Rillaboom
|-damage|p1b: Rillaboom|19/100
|-damage|p1b: Rillaboom|9/100
|-damage|p1b: Rillaboom|0 fnt
|faint|p1b: Rillaboom
|-hitcount|p1: Rillaboom|9
|move|p1a: Ninetales|Blizzard|p2b: Archaludon|[spread] p2a,p2b
|-damage|p2a: Maushold|38/100
|-damage|p2b: Archaludon|43/100
|move|p2b: Archaludon|Flash Cannon|p1a: Ninetales
|-damage|p1a: Ninetales|60/100
|
|-weather|Snowscape|[upkeep]
|-heal|p2a: Maushold|44/100|[from] Grassy Terrain
|-heal|p1a: Ninetales|66/100|[from] Grassy Terrain
|-heal|p2b: Archaludon|49/100|[from] Grassy Terrain
|upkeep
|
|t:|1756528863
|switch|p1b: Sneasler|Sneasler, L50, M|100/100
|turn|4
|
|t:|1756528870
|switch|p2a: Pelipper|Pelipper, L50, F|100/100
|-weather|RainDance|[from] ability: Drizzle|[of] p2a: Pelipper
|move|p1b: Sneasler|Close Combat|p2b: Archaludon
|-supereffective|p2b: Archaludon
|-damage|p2b: Archaludon|30/100
|-unboost|p1b: Sneasler|def|1
|-unboost|p1b: Sneasler|spd|1
|move|p1a: Ninetales|Blizzard|p2b: Archaludon|[spread] p2b
|-miss|p1a: Ninetales|p2a: Pelipper
|-damage|p2b: Archaludon|5/100
|move|p2b: Archaludon|Electro Shot||[still]
|-prepare|p2b: Archaludon|Electro Shot
|-boost|p2b: Archaludon|spa|1
|-anim|p2b: Archaludon|Electro Shot|p1a: Ninetales
|-damage|p1a: Ninetales|0 fnt
|faint|p1a: Ninetales
|
|-weather|RainDance|[upkeep]
|-heal|p2b: Archaludon|11/100|[from] Grassy Terrain
|upkeep
|turn|5
|inactive|mil0battles has 30 seconds left.
|
|t:|1756528896
|move|p1b: Sneasler|Close Combat|p2b: Archaludon
|-supereffective|p2b: Archaludon
|-damage|p2b: Archaludon|0 fnt
|-unboost|p1b: Sneasler|def|1
|-unboost|p1b: Sneasler|spd|1
|faint|p2b: Archaludon
|move|p2a: Pelipper|Tailwind|p2a: Pelipper
|-sidestart|p2: mil0battles|move: Tailwind
|
|-weather|RainDance|[upkeep]
|-fieldend|move: Grassy Terrain
|upkeep
|
|t:|1756528899
|switch|p2b: Maushold|Maushold-Four, L50, tera:Ghost|44/100
|turn|6
|
|t:|1756528907
|move|p2b: Maushold|Population Bomb|p1b: Sneasler
|-damage|p1b: Sneasler|64/100
|-damage|p1b: Sneasler|29/100
|-damage|p1b: Sneasler|0 fnt
|faint|p1b: Sneasler
|-hitcount|p1: Sneasler|3
|
|win|mil0battles
||SFmrmimers is ready for game 3.
