|j|☆slaurel
|j|☆chamoy-pt2
|html|slaurelchamoy-pt2    
|uhtml|bestof|Game 2 of a best-of-3
|t:|1785176356
|gametype|doubles
|player|p1|slaurel|steven|1051
|player|p2|chamoy-pt2|sabrina|1076
|gen|9
|tier|[Gen 9 Champions] VGC 2026 Reg M-B (Bo3)
|rated|
|rule|Species Clause: Limit one of each Pokémon
|rule|Item Clause: Limit 1 of each item
|clearpoke
|poke|p1|Charizard, L50, F|
|poke|p1|Floette-Eternal, L50, F|
|poke|p1|Incineroar, L50, F|
|poke|p1|Sinistcha-Masterpiece, L50|
|poke|p1|Garchomp, L50, F|
|poke|p1|Sneasler, L50, M|
|poke|p2|Aerodactyl, L50, M|
|poke|p2|Sylveon, L50, M|
|poke|p2|Incineroar, L50, F|
|poke|p2|Basculegion, L50, M|
|poke|p2|Venusaur, L50, M|
|poke|p2|Infernape, L50, F|
|teampreview|4
|showteam|p1|Charizard||CharizarditeY|Blaze|HeatWave,Protect,WeatherBall,SolarBeam|Timid||F|||50|]Floette-Eternal||Floettite|FlowerVeil|Moonblast,CalmMind,Protect,DazzlingGleam|Timid||F|||50|]Incineroar||SitrusBerry|Intimidate|FakeOut,FlareBlitz,ThroatChop,PartingShot|Careful||F|||50|]Sinistcha-Masterpiece||KasibBerry|Hospitality|MatchaGotcha,Protect,RagePowder,LifeDew|Bold|||||50|]Garchomp||LifeOrb|RoughSkin|Earthquake,Protect,RockSlide,DragonClaw|Jolly||F|||50|]Sneasler||WhiteHerb|Unburden|DireClaw,Protect,CloseCombat,FakeOut|Jolly||M|||50|
|showteam|p2|Aerodactyl||Aerodactylite|Unnerve|RockSlide,Protect,DualWingbeat,Tailwind|Jolly||M|||50|]Sylveon||FairyFeather|Pixilate|HyperVoice,HyperBeam,QuickAttack,Protect|Modest||M|||50|]Incineroar||ChopleBerry|Intimidate|ThroatChop,FlareBlitz,PartingShot,FakeOut|Careful||F|||50|]Basculegion||SitrusBerry|Adaptability|LastRespects,WaveCrash,Protect,AquaJet|Jolly||M|||50|]Venusaur||Venusaurite|Chlorophyll|Protect,EarthPower,SludgeBomb,GigaDrain|Modest||M|||50|]Infernape||FocusSash|IronFist|FakeOut,WillOWisp,CloseCombat,FirePunch|Jolly||F|||50|
|
|t:|1785176367
|teamsize|p1|4
|teamsize|p2|4
|start
|switch|p1a: Sneasler|Sneasler, L50, M|100/100
|switch|p1b: Garchomp|Garchomp, L50, F|100/100
|switch|p2a: Infernape|Infernape, L50, F|100/100
|switch|p2b: Venusaur|Venusaur, L50, M|100/100
|turn|1
|
|t:|1785176385
|switch|p1a: Charizard|Charizard, L50, F|100/100
|switch|p2a: Aerodactyl|Aerodactyl, L50, M|100/100
|-ability|p2a: Aerodactyl|Unnerve
|detailschange|p2b: Venusaur|Venusaur-Mega, L50, M
|-mega|p2b: Venusaur|Venusaur|Venusaurite
|move|p1b: Garchomp|Earthquake|p2a: Aerodactyl|[spread] p2b
|-immune|p1a: Charizard
|-immune|p2a: Aerodactyl
|-damage|p2b: Venusaur|60/100
|-damage|p1b: Garchomp|90/100|[from] item: Life Orb
|move|p2b: Venusaur|Giga Drain|p1b: Garchomp
|-damage|p1b: Garchomp|46/100
|-heal|p2b: Venusaur|82/100|[from] drain|[of] p1b: Garchomp
|
|upkeep
|turn|2
|
|t:|1785176412
|switch|p1a: Incineroar|Incineroar, L50, F|100/100
|-ability|p1a: Incineroar|Intimidate|boost
|-unboost|p2a: Aerodactyl|atk|1
|-unboost|p2b: Venusaur|atk|1
|move|p2a: Aerodactyl|Tailwind|p2a: Aerodactyl
|-sidestart|p2: chamoy-pt2|move: Tailwind
|move|p2b: Venusaur|Giga Drain|p1b: Garchomp
|-damage|p1b: Garchomp|1/100
|-heal|p2b: Venusaur|100/100|[from] drain|[of] p1b: Garchomp
|move|p1b: Garchomp|Rock Slide|p2a: Aerodactyl|[spread] p2a,p2b
|-supereffective|p2a: Aerodactyl|1
|-damage|p2a: Aerodactyl|22/100
|-damage|p2b: Venusaur|81/100
|-damage|p1b: Garchomp|0 fnt|[from] item: Life Orb
|faint|p1b: Garchomp
|
|upkeep
|
|t:|1785176427
|switch|p1b: Charizard|Charizard, L50, F|100/100
|turn|3
|
|t:|1785176432
|detailschange|p1b: Charizard|Charizard-Mega-Y, L50, F
|-mega|p1b: Charizard|Charizard|Charizardite Y
|-weather|SunnyDay|[from] ability: Drought|[of] p1b: Charizard
|move|p2a: Aerodactyl|Protect|p2a: Aerodactyl
|-singleturn|p2a: Aerodactyl|Protect
|move|p2b: Venusaur|Protect|p2b: Venusaur
|-singleturn|p2b: Venusaur|Protect
|move|p1a: Incineroar|Fake Out|p2a: Aerodactyl
|-activate|p2a: Aerodactyl|move: Protect
|move|p1b: Charizard|Weather Ball|p2b: Venusaur
|-activate|p2b: Venusaur|move: Protect
|
|-weather|SunnyDay|[upkeep]
|upkeep
|turn|4
|
|t:|1785176451
|move|p1b: Charizard|Protect|p1b: Charizard
|-singleturn|p1b: Charizard|Protect
|move|p2a: Aerodactyl|Rock Slide|p1b: Charizard|[spread] 
|-activate|p1b: Charizard|move: Protect
|-miss|p2a: Aerodactyl|p1a: Incineroar
|move|p2b: Venusaur|Earth Power|p1a: Incineroar
|-supereffective|p1a: Incineroar|1
|-damage|p1a: Incineroar|52/100
|move|p1a: Incineroar|Parting Shot|p2a: Aerodactyl
|-unboost|p2a: Aerodactyl|atk|1
|-unboost|p2a: Aerodactyl|spa|1
|
|t:|1785176462
|switch|p1a: Sneasler|Sneasler, L50, M|100/100|[from] Parting Shot
|
|-weather|SunnyDay|[upkeep]
|upkeep
|turn|5
|
|t:|1785176474
|switch|p2a: Infernape|Infernape, L50, F|100/100
|switch|p1a: Incineroar|Incineroar, L50, F|52/100
|-ability|p1a: Incineroar|Intimidate|boost
|-unboost|p2a: Infernape|atk|1
|-unboost|p2b: Venusaur|atk|1
|move|p2b: Venusaur|Earth Power|p1a: Incineroar
|-supereffective|p1a: Incineroar|1
|-damage|p1a: Incineroar|4/100
|-enditem|p1a: Incineroar|Sitrus Berry|[eat]
|-heal|p1a: Incineroar|29/100|[from] item: Sitrus Berry
|move|p1b: Charizard|Heat Wave|p2a: Infernape|[spread] p2a,p2b
|-resisted|p2a: Infernape|1
|-supereffective|p2b: Venusaur|1
|-damage|p2a: Infernape|48/100
|-damage|p2b: Venusaur|29/100
|
|-weather|SunnyDay|[upkeep]
|-sideend|p2: chamoy-pt2|move: Tailwind
|upkeep
|turn|6
|
|t:|1785176511
|switch|p2b: Aerodactyl|Aerodactyl, L50, M|22/100
|-ability|p2b: Aerodactyl|Unnerve
|switch|p1a: Sneasler|Sneasler, L50, M|100/100
|move|p2a: Infernape|Fake Out|p1b: Charizard
|-damage|p1b: Charizard|87/100
|cant|p1b: Charizard|flinch
|
|-weather|SunnyDay|[upkeep]
|upkeep
|turn|7
|
|t:|1785176528
|move|p2b: Aerodactyl|Protect|p2b: Aerodactyl
|-singleturn|p2b: Aerodactyl|Protect
|move|p1a: Sneasler|Fake Out|p2b: Aerodactyl
|-activate|p2b: Aerodactyl|move: Protect
|move|p2a: Infernape|Close Combat|p1a: Sneasler
|-resisted|p1a: Sneasler|1
|-damage|p1a: Sneasler|68/100
|-unboost|p2a: Infernape|def|1
|-unboost|p2a: Infernape|spd|1
|move|p1b: Charizard|Heat Wave|p2b: Aerodactyl|[spread] p2a
|-activate|p2b: Aerodactyl|move: Protect
|-resisted|p2a: Infernape|1
|-damage|p2a: Infernape|0 fnt
|faint|p2a: Infernape
|
|-weather|none
|upkeep
|
|t:|1785176541
|switch|p2a: Sylveon|Sylveon, L50, M|100/100
|turn|8
|
|t:|1785176563
|switch|p1b: Incineroar|Incineroar, L50, F|29/100
|-ability|p1b: Incineroar|Intimidate|boost
|-unboost|p2a: Sylveon|atk|1
|-unboost|p2b: Aerodactyl|atk|1
|move|p2b: Aerodactyl|Tailwind|p2b: Aerodactyl
|-sidestart|p2: chamoy-pt2|move: Tailwind
|move|p2a: Sylveon|Hyper Beam|p1a: Sneasler|[miss]
|-miss|p2a: Sylveon|p1a: Sneasler
|move|p1a: Sneasler|Dire Claw|p2a: Sylveon
|-supereffective|p2a: Sylveon|1
|-damage|p2a: Sylveon|0 fnt
|faint|p2a: Sylveon
|
|upkeep
|
|t:|1785176574
|switch|p2a: Venusaur|Venusaur-Mega, L50, M|29/100
|turn|9
|
|t:|1785176598
|move|p1a: Sneasler|Protect|p1a: Sneasler
|-singleturn|p1a: Sneasler|Protect
|move|p1b: Incineroar|Fake Out|p2b: Aerodactyl
|-resisted|p2b: Aerodactyl|1
|-damage|p2b: Aerodactyl|14/100
|cant|p2b: Aerodactyl|flinch
|move|p2a: Venusaur|Sludge Bomb|p1b: Incineroar
|-damage|p1b: Incineroar|0 fnt
|faint|p1b: Incineroar
|
|upkeep
|
|t:|1785176607
|switch|p1b: Charizard|Charizard-Mega-Y, L50, F|87/100
|-weather|SunnyDay|[from] ability: Drought|[of] p1b: Charizard
|turn|10
|
|t:|1785176618
|move|p1b: Charizard|Protect|p1b: Charizard
|-singleturn|p1b: Charizard|Protect
|move|p2b: Aerodactyl|Rock Slide|p1b: Charizard|[spread] p1a
|-activate|p1b: Charizard|move: Protect
|-resisted|p1a: Sneasler|1
|-damage|p1a: Sneasler|55/100
|move|p2a: Venusaur|Earth Power|p1a: Sneasler
|-supereffective|p1a: Sneasler|1
|-damage|p1a: Sneasler|0 fnt
|faint|p1a: Sneasler
|
|-weather|SunnyDay|[upkeep]
|upkeep
|turn|11
|
|t:|1785176630
|move|p1b: Charizard|Protect||[still]
|-fail|p1b: Charizard
|move|p2b: Aerodactyl|Rock Slide|p1b: Charizard
|-supereffective|p1b: Charizard|2
|-damage|p1b: Charizard|0 fnt
|faint|p1b: Charizard
|
|win|chamoy-pt2
||chamoy-pt2 is ready for game 3.
||slaurel is ready for game 3.
|uhtml|next|Next: Game 3 of 3
|j| tedidn
