|j|☆Zacharykeith
|j|☆Gremmble
|html|ZacharykeithGremmble    
|uhtml|bestof|Game 2 of a best-of-3
|t:|1756257013
|gametype|doubles
|player|p1|Zacharykeith|fisherman-gen4|1025
|player|p2|Gremmble|n|1059
|gen|9
|tier|[Gen 9] VGC 2025 Reg H (Bo3)
|rated|
|rule|Species Clause: Limit one of each Pokémon
|rule|Item Clause: Limit 1 of each item
|clearpoke
|poke|p1|Rillaboom, L50, M|
|poke|p1|Chandelure, L50, F|
|poke|p1|Electabuzz, L50, M|
|poke|p1|Kingambit, L50, M|
|poke|p1|Primarina, L50, M|
|poke|p1|Dragapult, L50, M|
|poke|p2|Garchomp, L50, M|
|poke|p2|Tyranitar, L50, M|
|poke|p2|Kilowattrel, L50, M|
|poke|p2|Incineroar, L50, M|
|poke|p2|Amoonguss, L50, F|
|poke|p2|Gholdengo, L50|
|teampreview|4
|showteam|p1|Rillaboom||AssaultVest|GrassySurge|FakeOut,GrassyGlide,WoodHammer,HighHorsepower|||M|||50|,,,,,Fire]Chandelure||FocusSash|FlashFire|HeatWave,ShadowBall,TrickRoom,Protect|||F|||50|,,,,,Grass]Electabuzz||Eviolite|VitalSpirit|VoltSwitch,Electroweb,FollowMe,Taunt|||M|||50|,,,,,Ghost]Kingambit||BlackGlasses|Defiant|SuckerPunch,KowtowCleave,SwordsDance,Protect|||M|||50|,,,,,Dark]Primarina||ThroatSpray|LiquidVoice|HyperVoice,Moonblast,Haze,Protect|||M|||50|,,,,,Steel]Dragapult||ChoiceBand|ClearBody|DragonDarts,PhantomForce,Uturn,Outrage|||M|||50|,,,,,Dragon
|showteam|p2|Garchomp||LifeOrb|SandVeil|Earthquake,DragonClaw,Protect,SwordsDance|||M|||50|,,,,,Steel]Tyranitar||AssaultVest|SandStream|RockSlide,KnockOff,LowKick,TeraBlast|||M|||50|,,,,,Flying]Kilowattrel||FocusSash|Competitive|Protect,Thunderbolt,AirSlash,Tailwind|||M|||50|,,,,,Ghost]Incineroar||SafetyGoggles|Intimidate|FakeOut,PartingShot,FlareBlitz,KnockOff|||M|||50|,,,,,Ghost]Amoonguss||SitrusBerry|Regenerator|PollenPuff,RagePowder,Spore,Protect|||F|||50|,,,,,Water]Gholdengo||ChoiceScarf|GoodasGold|MakeItRain,ShadowBall,Trick,Protect||||||50|,,,,,Water
|inactive|Battle timer is ON: inactive players will automatically lose when time's up. (requested by Zacharykeith)
|
|t:|1756257060
|teamsize|p1|4
|teamsize|p2|4
|start
|switch|p1a: Primarina|Primarina, L50, M|100/100
|switch|p1b: Rillaboom|Rillaboom, L50, M|100/100
|switch|p2a: Garchomp|Garchomp, L50, M|100/100
|switch|p2b: Kilowattrel|Kilowattrel, L50, M|100/100
|-fieldstart|move: Grassy Terrain|[from] ability: Grassy Surge|[of] p1b: Rillaboom
|turn|1
|inactive|Zacharykeith has 30 seconds left.
|inactive|Gremmble has 30 seconds left.
|inactive|Gremmble has 20 seconds left.
|inactive|Gremmble has 15 seconds left.
|inactive|Gremmble has 10 seconds left.
|
|t:|1756257106
|move|p2a: Garchomp|Protect|p2a: Garchomp
|-singleturn|p2a: Garchomp|Protect
|move|p2b: Kilowattrel|Tailwind|p2b: Kilowattrel
|-sidestart|p2: Gremmble|move: Tailwind
|move|p1b: Rillaboom|Wood Hammer|p2b: Kilowattrel
|-resisted|p2b: Kilowattrel
|-damage|p2b: Kilowattrel|26/100
|-damage|p1b: Rillaboom|83/100|[from] Recoil
|move|p1a: Primarina|Hyper Voice|p2a: Garchomp|[spread] p2b
|-activate|p2a: Garchomp|move: Protect
|-damage|p2b: Kilowattrel|0 fnt
|faint|p2b: Kilowattrel
|-enditem|p1a: Primarina|Throat Spray
|-boost|p1a: Primarina|spa|1|[from] item: Throat Spray
|
|-heal|p1b: Rillaboom|89/100|[from] Grassy Terrain
|upkeep
|inactive|Gremmble has 30 seconds left.
|
|t:|1756257139
|switch|p2b: Amoonguss|Amoonguss, L50, F|100/100
|turn|2
|
|t:|1756257164
|move|p2b: Amoonguss|Rage Powder|p2b: Amoonguss
|-singleturn|p2b: Amoonguss|move: Rage Powder
|move|p2a: Garchomp|Swords Dance|p2a: Garchomp
|-boost|p2a: Garchomp|atk|2
|move|p1b: Rillaboom|High Horsepower|p2b: Amoonguss
|-damage|p2b: Amoonguss|72/100
|move|p1a: Primarina|Hyper Voice|p2a: Garchomp|[spread] p2a,p2b
|-resisted|p2b: Amoonguss
|-damage|p2a: Garchomp|50/100
|-damage|p2b: Amoonguss|54/100
|
|-heal|p2a: Garchomp|56/100|[from] Grassy Terrain
|-heal|p1b: Rillaboom|95/100|[from] Grassy Terrain
|-heal|p2b: Amoonguss|60/100|[from] Grassy Terrain
|upkeep
|turn|3
|inactive|Gremmble has 30 seconds left.
|inactive|Gremmble has 20 seconds left.
|
|t:|1756257204
|move|p1b: Rillaboom|Grassy Glide|p2a: Garchomp
|-damage|p2a: Garchomp|19/100
|move|p2a: Garchomp|Dragon Claw|p1b: Rillaboom
|-damage|p1b: Rillaboom|0 fnt
|faint|p1b: Rillaboom
|-damage|p2a: Garchomp|9/100|[from] item: Life Orb
|move|p1a: Primarina|Hyper Voice|p2b: Amoonguss|[spread] p2a,p2b
|-resisted|p2b: Amoonguss
|-damage|p2a: Garchomp|0 fnt
|-damage|p2b: Amoonguss|41/100
|-enditem|p2b: Amoonguss|Sitrus Berry|[eat]
|-heal|p2b: Amoonguss|66/100|[from] item: Sitrus Berry
|faint|p2a: Garchomp
|move|p2b: Amoonguss|Pollen Puff|p2: Garchomp|[notarget]
|-fail|p2b: Amoonguss
|
|-heal|p2b: Amoonguss|72/100|[from] Grassy Terrain
|upkeep
|
|t:|1756257223
|switch|p2a: Tyranitar|Tyranitar, L50, M|100/100
|switch|p1b: Electabuzz|Electabuzz, L50, M|100/100
|-weather|Sandstorm|[from] ability: Sand Stream|[of] p2a: Tyranitar
|turn|4
|inactive|Gremmble has 30 seconds left.
|inactive|Gremmble has 20 seconds left.
|
|t:|1756257262
|-terastallize|p2a: Tyranitar|Flying
|move|p1b: Electabuzz|Follow Me|p1b: Electabuzz
|-singleturn|p1b: Electabuzz|move: Follow Me
|move|p2a: Tyranitar|Rock Slide|p1a: Primarina|[spread] p1a,p1b
|-damage|p1a: Primarina|66/100
|-damage|p1b: Electabuzz|78/100
|move|p1a: Primarina|Hyper Voice|p2b: Amoonguss|[spread] p2a,p2b
|-resisted|p2b: Amoonguss
|-damage|p2a: Tyranitar|75/100
|-damage|p2b: Amoonguss|54/100
|move|p2b: Amoonguss|Spore|p1b: Electabuzz
|-immune|p1b: Electabuzz|[from] ability: Vital Spirit
|
|-weather|Sandstorm|[upkeep]
|-damage|p2a: Tyranitar|70/100|[from] Sandstorm
|-damage|p1b: Electabuzz|72/100|[from] Sandstorm
|-damage|p1a: Primarina|60/100|[from] Sandstorm
|-damage|p2b: Amoonguss|48/100|[from] Sandstorm
|-heal|p1b: Electabuzz|78/100|[from] Grassy Terrain
|-heal|p1a: Primarina|66/100|[from] Grassy Terrain
|-heal|p2b: Amoonguss|54/100|[from] Grassy Terrain
|-sideend|p2: Gremmble|move: Tailwind
|upkeep
|turn|5
|inactive|Zacharykeith has 30 seconds left.
|inactive|Zacharykeith has 20 seconds left.
|inactive|Zacharykeith has 15 seconds left.
|inactive|Zacharykeith has 10 seconds left.
|inactive|Zacharykeith has 5 seconds left.
|
|t:|1756257317
|move|p1b: Electabuzz|Volt Switch|p2a: Tyranitar
|-supereffective|p2a: Tyranitar
|-damage|p2a: Tyranitar|43/100
|
|t:|1756257321
|switch|p1b: Dragapult|Dragapult, L50, M|100/100|[from] Volt Switch
|move|p1a: Primarina|Hyper Voice|p2a: Tyranitar|[spread] p2a,p2b
|-resisted|p2b: Amoonguss
|-damage|p2a: Tyranitar|13/100
|-damage|p2b: Amoonguss|38/100
|move|p2a: Tyranitar|Rock Slide|p1a: Primarina|[spread] p1a,p1b
|-damage|p1a: Primarina|35/100
|-damage|p1b: Dragapult|53/100
|move|p2b: Amoonguss|Pollen Puff|p2a: Tyranitar
|-heal|p2a: Tyranitar|63/100
|
|-weather|Sandstorm|[upkeep]
|-damage|p1b: Dragapult|47/100|[from] Sandstorm
|-damage|p1a: Primarina|29/100|[from] Sandstorm
|-damage|p2a: Tyranitar|57/100|[from] Sandstorm
|-damage|p2b: Amoonguss|32/100|[from] Sandstorm
|-heal|p1b: Dragapult|53/100|[from] Grassy Terrain
|-heal|p1a: Primarina|35/100|[from] Grassy Terrain
|-heal|p2b: Amoonguss|38/100|[from] Grassy Terrain
|-fieldend|move: Grassy Terrain
|upkeep
|turn|6
|
|t:|1756257344
|-terastallize|p1b: Dragapult|Dragon
|move|p2b: Amoonguss|Rage Powder|p2b: Amoonguss
|-singleturn|p2b: Amoonguss|move: Rage Powder
|move|p1b: Dragapult|Dragon Darts|p2b: Amoonguss
|-damage|p2b: Amoonguss|0 fnt
|faint|p2b: Amoonguss
|move|p1a: Primarina|Hyper Voice|p2a: Tyranitar
|-damage|p2a: Tyranitar|21/100
|move|p2a: Tyranitar|Rock Slide|p1b: Dragapult|[spread] p1a
|-miss|p2a: Tyranitar|p1b: Dragapult
|-damage|p1a: Primarina|3/100
|
|-weather|Sandstorm|[upkeep]
|-damage|p1b: Dragapult|47/100|[from] Sandstorm
|-damage|p1a: Primarina|0 fnt|[from] Sandstorm
|-damage|p2a: Tyranitar|15/100|[from] Sandstorm
|faint|p1a: Primarina
|upkeep
|
|t:|1756257364
|switch|p1a: Electabuzz|Electabuzz, L50, M|78/100
|turn|7
|-message|Gremmble forfeited.
|
|win|Zacharykeith
|raw|Zacharykeith's rating: 1025 → 1065(+40 for winning)
|raw|Gremmble's rating: 1059 → 1038(-21 for losing)
