|j|☆rillaboom0623
|j|☆HalcyonJon
|html|rillaboom0623HalcyonJon    
|uhtml|bestof|Game 2 of a best-of-3
|t:|1757925535
|gametype|doubles
|player|p1|rillaboom0623|rosa|1094
|player|p2|HalcyonJon|pokemonbreeder|1223
|gen|9
|tier|[Gen 9] VGC 2025 Reg H (Bo3)
|rated|
|rule|Species Clause: Limit one of each Pokémon
|rule|Item Clause: Limit 1 of each item
|clearpoke
|poke|p1|Annihilape, L50, M|
|poke|p1|Maushold-Four, L50|
|poke|p1|Gholdengo, L50|
|poke|p1|Rillaboom, L50, F|
|poke|p1|Dragonite, L50, M|
|poke|p1|Ninetales-Alola, L50, F|
|poke|p2|Meowstic-F, L50, F|
|poke|p2|Indeedee-F, L50, F|
|poke|p2|Decidueye-Hisui, L50, F|
|poke|p2|Sneasler, L50, F|
|poke|p2|Tyranitar, L50, F|
|poke|p2|Exeggutor-Alola, L50, F|
|teampreview|4
|showteam|p1|Annihilape||SitrusBerry|Defiant|BulkUp,DrainPunch,RageFist,Protect|||M|||50|,,,,,Fairy]Maushold-Four||FocusSash|FriendGuard|SuperFang,BeatUp,FollowMe,Protect||||||50|,,,,,Ghost]Gholdengo||LifeOrb|GoodasGold|MakeItRain,ShadowBall,NastyPlot,Protect||||||50|,,,,,Water]Rillaboom||AssaultVest|GrassySurge|GrassyGlide,WoodHammer,HighHorsepower,FakeOut|||F|||50|,,,,,Ghost]Dragonite||LoadedDice|Multiscale|ScaleShot,ExtremeSpeed,Haze,Protect|||M|||50|,,,,,Steel]Ninetales-Alola||NeverMeltIce|SnowWarning|Blizzard,Encore,Protect,IcyWind|||F|||50|,,,,,Water
|showteam|p2|Meowstic-F||FocusSash|Competitive|ExpandingForce,TeraBlast,NastyPlot,Protect|||F|||50|,,,,,Ground]Indeedee-F||RockyHelmet|PsychicSurge|Psychic,FollowMe,HelpingHand,TrickRoom|||F|||50|,,,,,Fairy]Decidueye-Hisui||ScopeLens|Scrappy|TripleArrows,LeafBlade,Haze,Tailwind|||F|||50|,,,,,Rock]Sneasler||PsychicSeed|Unburden|CloseCombat,DireClaw,SwordsDance,Protect|||F|||50|,,,,,Rock]Tyranitar||AssaultVest|SandStream|KnockOff,RockSlide,TeraBlast,LowKick|||F|||50|,,,,,Flying]Exeggutor-Alola||SitrusBerry|Harvest|DracoMeteor,EnergyBall,Flamethrower,TrickRoom|||F|||50|,,,,,Fire
|inactive|Battle timer is ON: inactive players will automatically lose when time's up. (requested by rillaboom0623)
|
|t:|1757925564
|teamsize|p1|4
|teamsize|p2|4
|start
|switch|p1a: Dragonite|Dragonite, L50, M|100/100
|switch|p1b: Gholdengo|Gholdengo, L50|100/100
|switch|p2a: Exeggutor|Exeggutor-Alola, L50, F|100/100
|switch|p2b: Indeedee|Indeedee-F, L50, F|100/100
|-fieldstart|move: Psychic Terrain|[from] ability: Psychic Surge|[of] p2b: Indeedee
|turn|1
|
|t:|1757925584
|-terastallize|p2a: Exeggutor|Fire
|move|p2b: Indeedee|Follow Me|p2b: Indeedee
|-singleturn|p2b: Indeedee|move: Follow Me
|move|p1a: Dragonite|Scale Shot|p2b: Indeedee|[miss]
|-miss|p1a: Dragonite|p2b: Indeedee
|move|p1b: Gholdengo|Nasty Plot|p1b: Gholdengo
|-boost|p1b: Gholdengo|spa|2
|move|p2a: Exeggutor|Trick Room|p2a: Exeggutor
|-fieldstart|move: Trick Room|[of] p2a: Exeggutor
|
|upkeep
|turn|2
|inactive|rillaboom0623 has 30 seconds left.
|inactive|HalcyonJon has 30 seconds left.
|inactive|HalcyonJon has 20 seconds left.
|inactive|HalcyonJon has 15 seconds left.
|
|t:|1757925625
|switch|p1a: Rillaboom|Rillaboom, L50, F|100/100
|-fieldstart|move: Grassy Terrain|[from] ability: Grassy Surge|[of] p1a: Rillaboom
|-terastallize|p1b: Gholdengo|Water
|move|p2a: Exeggutor|Energy Ball|p1b: Gholdengo
|-supereffective|p1b: Gholdengo
|-damage|p1b: Gholdengo|0 fnt
|faint|p1b: Gholdengo
|move|p2b: Indeedee|Psychic|p1a: Rillaboom
|-damage|p1a: Rillaboom|82/100
|
|-heal|p1a: Rillaboom|87/100|[from] Grassy Terrain
|upkeep
|
|t:|1757925638
|switch|p1b: Annihilape|Annihilape, L50, M|100/100
|turn|3
|
|t:|1757925655
|move|p1a: Rillaboom|Fake Out|p2a: Exeggutor
|-damage|p2a: Exeggutor|87/100
|cant|p2a: Exeggutor|flinch
|move|p2b: Indeedee|Psychic|p1b: Annihilape
|-supereffective|p1b: Annihilape
|-damage|p1b: Annihilape|41/100
|-enditem|p1b: Annihilape|Sitrus Berry|[eat]
|-heal|p1b: Annihilape|66/100|[from] item: Sitrus Berry
|move|p1b: Annihilape|Bulk Up|p1b: Annihilape
|-boost|p1b: Annihilape|atk|1
|-boost|p1b: Annihilape|def|1
|
|-heal|p2a: Exeggutor|93/100|[from] Grassy Terrain
|-heal|p1a: Rillaboom|93/100|[from] Grassy Terrain
|-heal|p1b: Annihilape|72/100|[from] Grassy Terrain
|upkeep
|turn|4
|inactive|HalcyonJon has 30 seconds left.
|
|t:|1757925688
|switch|p1a: Dragonite|Dragonite, L50, M|100/100
|move|p2b: Indeedee|Helping Hand|p2a: Exeggutor
|-singleturn|p2a: Exeggutor|Helping Hand|[of] p2b: Indeedee
|move|p1b: Annihilape|Protect|p1b: Annihilape
|-singleturn|p1b: Annihilape|Protect
|move|p2a: Exeggutor|Flamethrower|p1a: Dragonite
|-resisted|p1a: Dragonite
|-damage|p1a: Dragonite|82/100
|
|-heal|p2a: Exeggutor|99/100|[from] Grassy Terrain
|-heal|p1b: Annihilape|78/100|[from] Grassy Terrain
|upkeep
|turn|5
|
|t:|1757925712
|move|p2a: Exeggutor|Flamethrower|p1b: Annihilape
|-damage|p1b: Annihilape|27/100
|move|p2b: Indeedee|Psychic|p1b: Annihilape
|-supereffective|p1b: Annihilape
|-damage|p1b: Annihilape|0 fnt
|faint|p1b: Annihilape
|move|p1a: Dragonite|Scale Shot|p2a: Exeggutor
|-damage|p2a: Exeggutor|84/100
|-damage|p2a: Exeggutor|68/100
|-damage|p2a: Exeggutor|53/100
|-damage|p2a: Exeggutor|40/100
|-enditem|p2a: Exeggutor|Sitrus Berry|[eat]
|-heal|p2a: Exeggutor|64/100|[from] item: Sitrus Berry
|-hitcount|p2a: Exeggutor|4
|-unboost|p1a: Dragonite|def|1
|-boost|p1a: Dragonite|spe|1
|
|-heal|p2a: Exeggutor|70/100|[from] Grassy Terrain
|-fieldend|move: Trick Room
|-item|p2a: Exeggutor|Sitrus Berry|[from] ability: Harvest
|upkeep
|
|t:|1757925718
|switch|p1b: Rillaboom|Rillaboom, L50, F|93/100
|turn|6
|inactive|HalcyonJon has 30 seconds left.
|inactive|HalcyonJon has 20 seconds left.
|
|t:|1757925753
|switch|p2a: Decidueye|Decidueye-Hisui, L50, F|100/100
|move|p1b: Rillaboom|Fake Out|p2a: Decidueye
|-damage|p2a: Decidueye|89/100
|move|p1a: Dragonite|Scale Shot|p2a: Decidueye
|-crit|p2a: Decidueye
|-damage|p2a: Decidueye|69/100
|-damage|p2a: Decidueye|55/100
|-damage|p2a: Decidueye|41/100
|-damage|p2a: Decidueye|27/100
|-damage|p2a: Decidueye|14/100
|-hitcount|p2a: Decidueye|5
|-unboost|p1a: Dragonite|def|1
|-boost|p1a: Dragonite|spe|1
|move|p2b: Indeedee|Trick Room|p2b: Indeedee
|-fieldstart|move: Trick Room|[of] p2b: Indeedee
|
|-heal|p2a: Decidueye|20/100|[from] Grassy Terrain
|-heal|p1b: Rillaboom|99/100|[from] Grassy Terrain
|-fieldend|move: Grassy Terrain
|upkeep
|turn|7
|inactive|HalcyonJon has 30 seconds left.
|inactive|HalcyonJon has 20 seconds left.
|
|t:|1757925791
|move|p1a: Dragonite|Extreme Speed|p2a: Decidueye
|-damage|p2a: Decidueye|0 fnt
|faint|p2a: Decidueye
|move|p2b: Indeedee|Psychic|p1a: Dragonite
|-damage|p1a: Dragonite|50/100
|move|p1b: Rillaboom|Wood Hammer|p2b: Indeedee
|-damage|p2b: Indeedee|37/100
|-damage|p1b: Rillaboom|83/100|[from] item: Rocky Helmet|[of] p2b: Indeedee
|-damage|p1b: Rillaboom|65/100|[from] Recoil
|
|upkeep
|
|t:|1757925805
|switch|p2a: Exeggutor|Exeggutor-Alola, L50, F, tera:Fire|70/100
|turn|8
|
|t:|1757925815
|move|p2b: Indeedee|Follow Me|p2b: Indeedee
|-singleturn|p2b: Indeedee|move: Follow Me
|move|p2a: Exeggutor|Flamethrower|p1b: Rillaboom
|-supereffective|p1b: Rillaboom
|-damage|p1b: Rillaboom|0 fnt
|faint|p1b: Rillaboom
|move|p1a: Dragonite|Scale Shot|p2b: Indeedee
|-damage|p2b: Indeedee|23/100
|-damage|p2b: Indeedee|9/100
|-crit|p2b: Indeedee
|-damage|p2b: Indeedee|0 fnt
|faint|p2b: Indeedee
|-hitcount|p2: Indeedee|3
|-unboost|p1a: Dragonite|def|1
|-boost|p1a: Dragonite|spe|1
|
|upkeep
|
|t:|1757925829
|switch|p2b: Tyranitar|Tyranitar, L50, F|100/100
|-weather|Sandstorm|[from] ability: Sand Stream|[of] p2b: Tyranitar
|turn|9
|
|t:|1757925837
|move|p1a: Dragonite|Protect|p1a: Dragonite
|-singleturn|p1a: Dragonite|Protect
|move|p2a: Exeggutor|Draco Meteor|p1a: Dragonite
|-activate|p1a: Dragonite|move: Protect
|move|p2b: Tyranitar|Rock Slide|p1a: Dragonite
|-activate|p1a: Dragonite|move: Protect
|
|-weather|Sandstorm|[upkeep]
|-damage|p2a: Exeggutor|64/100|[from] Sandstorm
|-damage|p1a: Dragonite|44/100|[from] Sandstorm
|upkeep
|turn|10
|-message|rillaboom0623 forfeited.
|
|win|HalcyonJon
|l|☆rillaboom0623
|player|p1|
||rillaboom0623 is ready for game 3.
||HalcyonJon is ready for game 3.
|uhtml|next|Next: Game 3 of 3
|l|☆HalcyonJon
|player|p2|
