|j|☆beeetch
|j|☆Stelvius
|html|beeetchStelvius    
|uhtml|bestof|Game 3 of a best-of-3
|t:|1755955094
|gametype|doubles
|player|p1|beeetch|beauty-gen4dp|1198
|player|p2|Stelvius|170|1166
|gen|9
|tier|[Gen 9] VGC 2025 Reg H (Bo3)
|rated|
|rule|Species Clause: Limit one of each Pokémon
|rule|Item Clause: Limit 1 of each item
|clearpoke
|poke|p1|Toedscruel, L50, M|
|poke|p1|Weezing-Galar, L50, F|
|poke|p1|Corviknight, L50, M|
|poke|p1|Pawmot, L50, M|
|poke|p1|Garchomp, L50, F|
|poke|p1|Typhlosion-Hisui, L50, F|
|poke|p2|Dragapult, L50, F|
|poke|p2|Sylveon, L50, F|
|poke|p2|Tauros-Paldea-Aqua, L50, M|
|poke|p2|Maushold, L50|
|poke|p2|Talonflame, L50, F|
|poke|p2|Gholdengo, L50|
|teampreview|4
|showteam|p1|Toedscruel||CovertCloak|MyceliumMight|Spore,EarthPower,AcidSpray,RagePowder|||M|||50|,,,,,Water]Weezing-Galar||ChoiceSpecs|NeutralizingGas|DazzlingGleam,SludgeBomb,StrangeSteam,Flamethrower|||F|||50|,,,,,Fire]Corviknight||SitrusBerry|MirrorArmor|Protect,Tailwind,Roost,BraveBird|||M|||50|,,,,,Dragon]Pawmot||FocusSash|NaturalCure|Protect,CloseCombat,DoubleShock,FakeOut|||M|||50|,,,,,Electric]Garchomp||LifeOrb|RoughSkin|Protect,Earthquake,DragonClaw,StompingTantrum|||F|||50|,,,,,Ground]Typhlosion-Hisui||ChoiceScarf|Blaze|Eruption,SleepTalk,HeatWave,ShadowBall|||F|||50|,,,,,Fire
|showteam|p2|Dragapult||WeaknessPolicy|ClearBody|DragonDarts,PhantomForce,TeraBlast,Protect|||F|||50|,,,,,Stellar]Sylveon||ThroatSpray|Pixilate|HyperVoice,Yawn,QuickAttack,Protect|||F|||50|,,,,,Fairy]Tauros-Paldea-Aqua||MirrorHerb|Intimidate|WaveCrash,CloseCombat,AquaJet,Protect|||M|||50|,,,,,Water]Maushold||SafetyGoggles|FriendGuard|SuperFang,FollowMe,Taunt,Encore||||||50|,,,,,Ghost]Talonflame||SharpBeak|GaleWings|DualWingbeat,WillOWisp,Tailwind,Protect|||F|||50|,,,,,Flying]Gholdengo||Leftovers|GoodasGold|MakeItRain,ShadowBall,NastyPlot,Protect||||||50|,,,,,Dragon
|inactive|Battle timer is ON: inactive players will automatically lose when time's up. (requested by Stelvius)
|inactive|Stelvius has 60 seconds left.
|
|t:|1755955144
|teamsize|p1|4
|teamsize|p2|4
|start
|switch|p1a: Pawmot|Pawmot, L50, M|100/100
|switch|p1b: Weezing|Weezing-Galar, L50, F|100/100
|switch|p2a: Dragapult|Dragapult, L50, F|100/100
|switch|p2b: Sylveon|Sylveon, L50, F|100/100
|-ability|p1b: Weezing|Neutralizing Gas
|turn|1
|
|t:|1755955165
|-terastallize|p2a: Dragapult|Stellar
|-terastallize|p1a: Pawmot|Electric
|move|p2a: Dragapult|Dragon Darts|p1a: Pawmot
|-damage|p1a: Pawmot|50/100
|-anim|p2a: Dragapult|Dragon Darts|p1a: Pawmot
|-damage|p1a: Pawmot|0 fnt
|faint|p1a: Pawmot
|move|p1b: Weezing|Dazzling Gleam|p2b: Sylveon|[spread] p2a,p2b
|-supereffective|p2a: Dragapult
|-damage|p2a: Dragapult|9/100
|-damage|p2b: Sylveon|77/100
|-enditem|p2a: Dragapult|Weakness Policy
|-boost|p2a: Dragapult|atk|2|[from] item: Weakness Policy
|-boost|p2a: Dragapult|spa|2|[from] item: Weakness Policy
|move|p2b: Sylveon|Yawn|p1b: Weezing
|-start|p1b: Weezing|move: Yawn|[of] p2b: Sylveon
|
|upkeep
|
|t:|1755955179
|switch|p1a: Corviknight|Corviknight, L50, M|100/100
|turn|2
|
|t:|1755955201
|switch|p2b: Talonflame|Talonflame, L50, F|100/100
|move|p2a: Dragapult|Protect|p2a: Dragapult
|-singleturn|p2a: Dragapult|Protect
|move|p1a: Corviknight|Brave Bird|p2a: Dragapult
|-activate|p2a: Dragapult|move: Protect
|move|p1b: Weezing|Dazzling Gleam|p2a: Dragapult|[spread] p2b
|-activate|p2a: Dragapult|move: Protect
|-resisted|p2b: Talonflame
|-damage|p2b: Talonflame|73/100
|
|-end|p1b: Weezing|move: Yawn|[silent]
|-status|p1b: Weezing|slp
|upkeep
|turn|3
|
|t:|1755955220
|move|p2a: Dragapult|Phantom Force||[still]
|-prepare|p2a: Dragapult|Phantom Force
|move|p2b: Talonflame|Tailwind|p2b: Talonflame
|-sidestart|p2: Stelvius|move: Tailwind
|move|p1a: Corviknight|Brave Bird|p2a: Dragapult|[miss]
|-miss|p1a: Corviknight|p2a: Dragapult
|cant|p1b: Weezing|slp
|
|upkeep
|turn|4
|
|t:|1755955234
|switch|p2b: Gholdengo|Gholdengo, L50|100/100
|move|p2a: Dragapult|Phantom Force|p1a: Corviknight|[from] lockedmove
|-damage|p1a: Corviknight|5/100
|-enditem|p1a: Corviknight|Sitrus Berry|[eat]
|-heal|p1a: Corviknight|30/100|[from] item: Sitrus Berry
|move|p1a: Corviknight|Tailwind|p1a: Corviknight
|-sidestart|p1: beeetch|move: Tailwind
|cant|p1b: Weezing|slp
|
|upkeep
|turn|5
|
|t:|1755955254
|move|p2a: Dragapult|Protect|p2a: Dragapult
|-singleturn|p2a: Dragapult|Protect
|move|p1a: Corviknight|Protect|p1a: Corviknight
|-singleturn|p1a: Corviknight|Protect
|move|p2b: Gholdengo|Nasty Plot|p2b: Gholdengo
|-boost|p2b: Gholdengo|spa|2
|-curestatus|p1b: Weezing|slp|[msg]
|move|p1b: Weezing|Dazzling Gleam|p2a: Dragapult|[spread] p2b
|-activate|p2a: Dragapult|move: Protect
|-resisted|p2b: Gholdengo
|-damage|p2b: Gholdengo|82/100
|
|-heal|p2b: Gholdengo|88/100|[from] item: Leftovers
|upkeep
|turn|6
|
|t:|1755955277
|move|p2a: Dragapult|Phantom Force||[still]
|-prepare|p2a: Dragapult|Phantom Force
|move|p2b: Gholdengo|Shadow Ball|p1a: Corviknight
|-damage|p1a: Corviknight|0 fnt
|faint|p1a: Corviknight
|move|p1b: Weezing|Dazzling Gleam|p2a: Dragapult|[spread] p2b
|-miss|p1b: Weezing|p2a: Dragapult
|-resisted|p2b: Gholdengo
|-damage|p2b: Gholdengo|69/100
|
|-heal|p2b: Gholdengo|75/100|[from] item: Leftovers
|-sideend|p2: Stelvius|move: Tailwind
|upkeep
|
|t:|1755955282
|switch|p1a: Garchomp|Garchomp, L50, F|100/100
|turn|7
|
|t:|1755955295
|move|p2b: Gholdengo|Protect|p2b: Gholdengo
|-singleturn|p2b: Gholdengo|Protect
|move|p1a: Garchomp|Stomping Tantrum|p2b: Gholdengo
|-activate|p2b: Gholdengo|move: Protect
|move|p2a: Dragapult|Phantom Force|p1b: Weezing|[from] lockedmove
|-damage|p1b: Weezing|19/100
|move|p1b: Weezing|Dazzling Gleam|p2a: Dragapult|[spread] p2a
|-activate|p2b: Gholdengo|move: Protect
|-supereffective|p2a: Dragapult
|-damage|p2a: Dragapult|0 fnt
|faint|p2a: Dragapult
|
|-heal|p2b: Gholdengo|82/100|[from] item: Leftovers
|-sideend|p1: beeetch|move: Tailwind
|upkeep
|
|t:|1755955312
|switch|p2a: Talonflame|Talonflame, L50, F|73/100
|turn|8
|
|t:|1755955317
|move|p2a: Talonflame|Tailwind|p2a: Talonflame
|-sidestart|p2: Stelvius|move: Tailwind
|move|p2b: Gholdengo|Make It Rain|p1a: Garchomp|[spread] p1a,p1b
|-supereffective|p1b: Weezing
|-damage|p1a: Garchomp|0 fnt
|-damage|p1b: Weezing|0 fnt
|-unboost|p2b: Gholdengo|spa|1
|faint|p1a: Garchomp
|faint|p1b: Weezing
|-end|p1b: Weezing|ability: Neutralizing Gas
|
|win|Stelvius
|raw|beeetch's rating: 1198 → 1171(-27 for losing)
|raw|Stelvius's rating: 1166 → 1193(+27 for winning)
