|j|☆UtsuruK
|j|☆DibraldinhoVGC
|html|UtsuruKDibraldinhoVGC    
|uhtml|bestof|Game 2 of a best-of-3
|t:|1784681261
|gametype|doubles
|player|p1|UtsuruK|depotagent|
|player|p2|DibraldinhoVGC|1|
|gen|9
|tier|[Gen 9 Champions] VGC 2026 Reg M-B (Bo3)
|rule|Species Clause: Limit one of each Pokémon
|rule|Item Clause: Limit 1 of each item
|clearpoke
|poke|p1|Farigiraf, L50, F|
|poke|p1|Dragalge, L50, F|
|poke|p1|Mawile, L50, M|
|poke|p1|Incineroar, L50, F|
|poke|p1|Sinistcha, L50|
|poke|p1|Camerupt, L50, M|
|poke|p2|Grimmsnarl, L50, M, shiny|
|poke|p2|Pelipper, L50, M|
|poke|p2|Archaludon, L50, M|
|poke|p2|Venusaur, L50, F|
|poke|p2|Charizard, L50, M, shiny|
|poke|p2|Basculegion, L50, M|
|teampreview|4
|showteam|p1|Farigiraf||ColburBerry|ArmorTail|TrickRoom,TwinBeam,Thunderbolt,HelpingHand|Relaxed||F|||50|]Dragalge||LifeOrb|Adaptability|DracoMeteor,SludgeBomb,FlipTurn,Protect|Quiet||F|||50|]Mawile||Mawilite|HyperCutter|PlayRough,SuckerPunch,IronHead,Protect|Brave||M|||50|]Incineroar||ChopleBerry|Intimidate|FlareBlitz,FakeOut,PartingShot,Snarl|Sassy||F|||50|]Sinistcha||CobaBerry|Hospitality|MatchaGotcha,RagePowder,LifeDew,TrickRoom|Relaxed|||||50|]Camerupt||Cameruptite|SolidRock|AncientPower,EarthPower,HeatWave,Protect|Modest||M|||50|
|showteam|p2|Grimmsnarl||LightClay|Prankster|SpiritBreak,PartingShot,Reflect,LightScreen|Sassy||M|||50|]Pelipper||SitrusBerry|Drizzle|Hurricane,WeatherBall,Tailwind,WideGuard|Modest||M|||50|]Archaludon||Leftovers|Stamina|ElectroShot,DragonPulse,FlashCannon,Protect|Modest||M|||50|]Venusaur||FocusSash|Chlorophyll|SludgeBomb,EarthPower,SleepPowder,Protect|Modest||F|||50|]Charizard||CharizarditeY|Blaze|HeatWave,WeatherBall,SolarBeam,Protect|Modest||M|||50|]Basculegion||ChoiceScarf|Adaptability|WaveCrash,LastRespects,FlipTurn,AquaJet|Jolly||M|||50|
|
|t:|1784681300
|teamsize|p1|4
|teamsize|p2|4
|start
|switch|p1a: Farigiraf|Farigiraf, L50, F|100/100
|switch|p1b: Camerupt|Camerupt, L50, M|100/100
|switch|p2a: Charizard|Charizard, L50, M, shiny|100/100
|switch|p2b: Venusaur|Venusaur, L50, F|100/100
|turn|1
|
|t:|1784681337
|detailschange|p2a: Charizard|Charizard-Mega-Y, L50, M, shiny
|-mega|p2a: Charizard|Charizard|Charizardite Y
|-weather|SunnyDay|[from] ability: Drought|[of] p2a: Charizard
|detailschange|p1b: Camerupt|Camerupt-Mega, L50, M
|-mega|p1b: Camerupt|Camerupt|Cameruptite
|move|p2b: Venusaur|Sludge Bomb|p1a: Farigiraf
|-damage|p1a: Farigiraf|62/100
|move|p2a: Charizard|Weather Ball|p1a: Farigiraf
|-damage|p1a: Farigiraf|0 fnt
|faint|p1a: Farigiraf
|move|p1b: Camerupt|Ancient Power|p2a: Charizard
|-supereffective|p2a: Charizard|2
|-damage|p2a: Charizard|0 fnt
|faint|p2a: Charizard
|
|-weather|SunnyDay|[upkeep]
|upkeep
|
|t:|1784681353
|switch|p2a: Pelipper|Pelipper, L50, M|100/100
|switch|p1a: Dragalge|Dragalge, L50, F|100/100
|-weather|RainDance|[from] ability: Drizzle|[of] p2a: Pelipper
|turn|2
|
|t:|1784681375
|switch|p2a: Grimmsnarl|Grimmsnarl, L50, M, shiny|100/100
|move|p1b: Camerupt|Protect|p1b: Camerupt
|-singleturn|p1b: Camerupt|Protect
|move|p2b: Venusaur|Earth Power|p1a: Dragalge
|-supereffective|p1a: Dragalge|1
|-damage|p1a: Dragalge|44/100
|move|p1a: Dragalge|Sludge Bomb|p2a: Grimmsnarl
|-supereffective|p2a: Grimmsnarl|1
|-damage|p2a: Grimmsnarl|0 fnt
|faint|p2a: Grimmsnarl
|-damage|p1a: Dragalge|34/100|[from] item: Life Orb
|
|-weather|RainDance|[upkeep]
|upkeep
|
|t:|1784681387
|switch|p2a: Pelipper|Pelipper, L50, M|100/100
|turn|3
|
|t:|1784681400
|switch|p1b: Sinistcha|Sinistcha, L50|100/100
|-heal|p1a: Dragalge|59/100|[from] ability: Hospitality|[of] p1b: Sinistcha
|move|p2b: Venusaur|Earth Power|p1a: Dragalge
|-supereffective|p1a: Dragalge|1
|-damage|p1a: Dragalge|4/100
|move|p2a: Pelipper|Weather Ball|p1b: Sinistcha
|-resisted|p1b: Sinistcha|1
|-damage|p1b: Sinistcha|69/100
|move|p1a: Dragalge|Draco Meteor|p2a: Pelipper
|-damage|p2a: Pelipper|0 fnt
|-unboost|p1a: Dragalge|spa|2
|faint|p2a: Pelipper
|-damage|p1a: Dragalge|0 fnt|[from] item: Life Orb
|faint|p1a: Dragalge
|
|-weather|RainDance|[upkeep]
|upkeep
|
|t:|1784681417
|switch|p1a: Camerupt|Camerupt-Mega, L50, M|100/100
|turn|4
|
|t:|1784681425
|move|p1a: Camerupt|Protect|p1a: Camerupt
|-singleturn|p1a: Camerupt|Protect
|move|p2b: Venusaur|Earth Power|p1a: Camerupt
|-activate|p1a: Camerupt|move: Protect
|move|p1b: Sinistcha|Trick Room|p1b: Sinistcha
|-fieldstart|move: Trick Room|[of] p1b: Sinistcha
|
|-weather|RainDance|[upkeep]
|upkeep
|turn|5
|
|t:|1784681437
|move|p1b: Sinistcha|Rage Powder|p1b: Sinistcha
|-singleturn|p1b: Sinistcha|move: Rage Powder
|move|p1a: Camerupt|Earth Power|p2b: Venusaur
|-damage|p2b: Venusaur|24/100
|move|p2b: Venusaur|Earth Power|p1a: Camerupt
|-supereffective|p1a: Camerupt|1
|-damage|p1a: Camerupt|44/100
|
|-weather|RainDance|[upkeep]
|upkeep
|turn|6
|
|t:|1784681448
|move|p1a: Camerupt|Earth Power|p2b: Venusaur
|-damage|p2b: Venusaur|0 fnt
|faint|p2b: Venusaur
|
|win|UtsuruK
|c|☆DibraldinhoVGC|mandou bem demais
