|j|☆Bonome Negrata
|j|☆xNimxZ
|html|Bonome NegrataxNimxZ    
|uhtml|bestof|Game 3 of a best-of-3
|t:|1783534840
|gametype|doubles
|player|p1|Bonome Negrata|burglar|
|player|p2|xNimxZ|guzma|
|gen|9
|tier|[Gen 9 Champions] VGC 2026 Reg M-B (Bo3)
|rule|Species Clause: Limit one of each Pokémon
|rule|Item Clause: Limit 1 of each item
|clearpoke
|poke|p1|Staraptor, L50, F|
|poke|p1|Mawile, L50, F|
|poke|p1|Farigiraf, L50, F|
|poke|p1|Gholdengo, L50|
|poke|p1|Grimmsnarl, L50, M|
|poke|p1|Diggersby, L50, F|
|poke|p2|Sylveon, L50, M|
|poke|p2|Incineroar, L50, F|
|poke|p2|Aerodactyl, L50, F|
|poke|p2|Charizard, L50, M|
|poke|p2|Metagross, L50|
|poke|p2|Garchomp, L50, M|
|teampreview|4
|showteam|p1|Staraptor||Staraptite|Intimidate|BraveBird,CloseCombat,Roost,Protect|Jolly||F|||50|]Mawile||Mawilite|Intimidate|IronHead,BrickBreak,SuckerPunch,SwordsDance|Brave||F|||50|]Farigiraf||ColburBerry|ArmorTail|TwinBeam,Thunderbolt,HelpingHand,TrickRoom|Relaxed||F|||50|]Gholdengo||LifeOrb|GoodasGold|ShadowBall,MakeItRain,PowerGem,Protect|Modest|||||50|]Grimmsnarl||RoseliBerry|Prankster|SpiritBreak,Taunt,FakeOut,PartingShot|Careful||M|||50|]Diggersby||ChoiceScarf|HugePower|HighHorsepower,IcePunch,RockTomb,FoulPlay|Jolly||F|||50|
|showteam|p2|Sylveon||FairyFeather|Pixilate|Detect,HyperVoice,HyperBeam,QuickAttack|Modest||M|||50|]Incineroar||SitrusBerry|Intimidate|FakeOut,DarkestLariat,FlareBlitz,PartingShot|Careful||F|||50|]Aerodactyl||FocusSash|Unnerve|Protect,Tailwind,DualWingbeat,RockSlide|Jolly||F|||50|]Charizard||CharizarditeY|Blaze|Protect,HeatWave,SolarBeam,WeatherBall|Modest||M|||50|]Metagross||Metagrossite|ClearBody|BulletPunch,BodyPress,PsychicFangs,Protect|Adamant|||||50|]Garchomp||LifeOrb|RoughSkin|Protect,RockSlide,Earthquake,DragonClaw|Jolly||M|||50|
|inactive|Battle timer is ON: inactive players will automatically lose when time's up. (requested by xNimxZ)
|inactive|Bonome Negrata also wants the timer to be on.
|
|t:|1783534867
|teamsize|p1|4
|teamsize|p2|4
|start
|switch|p1a: Staraptor|Staraptor, L50, F|100/100
|switch|p1b: Diggersby|Diggersby, L50, F|100/100
|switch|p2a: Charizard|Charizard, L50, M|100/100
|switch|p2b: Sylveon|Sylveon, L50, M|100/100
|-ability|p1a: Staraptor|Intimidate|boost
|-unboost|p2a: Charizard|atk|1
|-unboost|p2b: Sylveon|atk|1
|turn|1
|
|t:|1783534887
|switch|p2b: Incineroar|Incineroar, L50, F|100/100
|-ability|p2b: Incineroar|Intimidate|boost
|-unboost|p1a: Staraptor|atk|1
|-unboost|p1b: Diggersby|atk|1
|detailschange|p1a: Staraptor|Staraptor-Mega, L50, F
|-mega|p1a: Staraptor|Staraptor|Staraptite
|move|p2a: Charizard|Protect|p2a: Charizard
|-singleturn|p2a: Charizard|Protect
|move|p1b: Diggersby|High Horsepower|p2b: Incineroar
|-supereffective|p2b: Incineroar|1
|-damage|p2b: Incineroar|34/100
|-enditem|p2b: Incineroar|Sitrus Berry|[eat]
|-heal|p2b: Incineroar|59/100|[from] item: Sitrus Berry
|move|p1a: Staraptor|Brave Bird|p2a: Charizard
|-activate|p2a: Charizard|move: Protect
|
|upkeep
|turn|2
|inactive|Bonome Negrata has 30 seconds left.
|
|t:|1783534916
|switch|p1a: Grimmsnarl|Grimmsnarl, L50, M|100/100
|detailschange|p2a: Charizard|Charizard-Mega-Y, L50, M
|-mega|p2a: Charizard|Charizard|Charizardite Y
|-weather|SunnyDay|[from] ability: Drought|[of] p2a: Charizard
|move|p2b: Incineroar|Fake Out|p1a: Grimmsnarl
|-crit|p1a: Grimmsnarl
|-damage|p1a: Grimmsnarl|83/100
|move|p1b: Diggersby|High Horsepower|p2b: Incineroar
|-supereffective|p2b: Incineroar|1
|-damage|p2b: Incineroar|0 fnt
|faint|p2b: Incineroar
|move|p2a: Charizard|Heat Wave|p1b: Diggersby|[spread] p1a
|-miss|p2a: Charizard|p1b: Diggersby
|-crit|p1a: Grimmsnarl
|-damage|p1a: Grimmsnarl|7/100
|
|-weather|SunnyDay|[upkeep]
|upkeep
|
|t:|1783534940
|switch|p2b: Aerodactyl|Aerodactyl, L50, F|100/100
|-ability|p2b: Aerodactyl|Unnerve
|turn|3
|
|t:|1783534957
|switch|p1b: Mawile|Mawile, L50, F|100/100
|-ability|p1b: Mawile|Intimidate|boost
|-unboost|p2a: Charizard|atk|1
|-unboost|p2b: Aerodactyl|atk|1
|move|p1a: Grimmsnarl|Fake Out|p2b: Aerodactyl
|-resisted|p2b: Aerodactyl|1
|-damage|p2b: Aerodactyl|91/100
|cant|p2b: Aerodactyl|flinch
|move|p2a: Charizard|Heat Wave|p1a: Grimmsnarl|[spread] p1a,p1b
|-supereffective|p1b: Mawile|1
|-damage|p1a: Grimmsnarl|0 fnt
|-damage|p1b: Mawile|0 fnt
|faint|p1a: Grimmsnarl
|faint|p1b: Mawile
|
|-weather|SunnyDay|[upkeep]
|upkeep
|
|t:|1783534968
|switch|p1a: Diggersby|Diggersby, L50, F|100/100
|switch|p1b: Staraptor|Staraptor-Mega, L50, F|100/100
|turn|4
|
|t:|1783534981
|move|p2b: Aerodactyl|Protect|p2b: Aerodactyl
|-singleturn|p2b: Aerodactyl|Protect
|move|p2a: Charizard|Protect|p2a: Charizard
|-singleturn|p2a: Charizard|Protect
|move|p1a: Diggersby|Rock Tomb|p2a: Charizard
|-activate|p2a: Charizard|move: Protect
|move|p1b: Staraptor|Close Combat|p2b: Aerodactyl
|-activate|p2b: Aerodactyl|move: Protect
|
|-weather|SunnyDay|[upkeep]
|upkeep
|turn|5
|
|t:|1783534998
|switch|p2a: Sylveon|Sylveon, L50, M|100/100
|move|p1a: Diggersby|Rock Tomb|p2a: Sylveon
|-damage|p2a: Sylveon|71/100
|-unboost|p2a: Sylveon|spe|1
|move|p2b: Aerodactyl|Tailwind|p2b: Aerodactyl
|-sidestart|p2: xNimxZ|move: Tailwind
|move|p1b: Staraptor|Close Combat|p2b: Aerodactyl
|-damage|p2b: Aerodactyl|0 fnt
|-boost|p1b: Staraptor|def|1
|-boost|p1b: Staraptor|spd|1
|faint|p2b: Aerodactyl
|
|-weather|SunnyDay|[upkeep]
|upkeep
|
|t:|1783535008
|switch|p2b: Charizard|Charizard-Mega-Y, L50, M|100/100
|turn|6
|inactive|Bonome Negrata has 30 seconds left.
|inactive|Bonome Negrata has 20 seconds left.
|
|t:|1783535047
|move|p2b: Charizard|Solar Beam||[still]
|-prepare|p2b: Charizard|Solar Beam
|-anim|p2b: Charizard|Solar Beam|p1a: Diggersby
|-supereffective|p1a: Diggersby|1
|-damage|p1a: Diggersby|0 fnt
|faint|p1a: Diggersby
|move|p1b: Staraptor|Brave Bird|p2b: Charizard
|-damage|p2b: Charizard|36/100
|-damage|p1b: Staraptor|80/100|[from] Recoil
|move|p2a: Sylveon|Hyper Voice|p1b: Staraptor
|-supereffective|p1b: Staraptor|1
|-damage|p1b: Staraptor|0 fnt
|faint|p1b: Staraptor
|
|win|xNimxZ
|c|☆xNimxZ|ggwp
|l|☆xNimxZ
|player|p2|
