|j|☆MidoMidori
|j|☆A Regu1ar Guy
|html|MidoMidoriA Regu1ar Guy    
|uhtml|bestof|Game 3 of a best-of-3
|t:|1756645158
|gametype|doubles
|player|p1|MidoMidori|roxanne-gen6|1236
|player|p2|A Regu1ar Guy|elesa|1455
|gen|9
|tier|[Gen 9] VGC 2025 Reg H (Bo3)
|rated|
|rule|Species Clause: Limit one of each Pokémon
|rule|Item Clause: Limit 1 of each item
|clearpoke
|poke|p1|Sneasler, L50, F|
|poke|p1|Indeedee, L50, M|
|poke|p1|Volcarona, L50, M|
|poke|p1|Ursaluna-Bloodmoon, L50, M|
|poke|p1|Annihilape, L50, F|
|poke|p1|Tyranitar, L50, M|
|poke|p2|Volcarona, L50, M|
|poke|p2|Rillaboom, L50, F|
|poke|p2|Electabuzz, L50, M|
|poke|p2|Tauros-Paldea-Aqua, L50, M|
|poke|p2|Dragonite, L50, M|
|poke|p2|Ninetales-Alola, L50, F|
|teampreview|4
|showteam|p1|Sneasler||PsychicSeed|Unburden|CloseCombat,DireClaw,ThroatChop,Protect|||F|||50|,,,,,Dark]Indeedee||FocusSash|PsychicSurge|ExpandingForce,TeraBlast,TrickRoom,Protect|||M|||50|,,,,,Fighting]Volcarona||SitrusBerry|FlameBody|Overheat,StruggleBug,RagePowder,Tailwind|||M|||50|,,,,,Grass]Ursaluna-Bloodmoon||LifeOrb|MindsEye|BloodMoon,HyperVoice,EarthPower,Protect|||M|||50|,,,,,Normal]Annihilape||SafetyGoggles|Defiant|CloseCombat,RageFist,Taunt,FinalGambit|||F|||50|,,,,,Fairy]Tyranitar||AssaultVest|SandStream|RockSlide,KnockOff,TeraBlast,LowKick|||M|||50|,,,,,Flying
|showteam|p2|Volcarona||GrassySeed|FlameBody|HeatWave,GigaDrain,QuiverDance,Protect|||M|||50|,,,,,Grass]Rillaboom||AssaultVest|GrassySurge|FakeOut,WoodHammer,GrassyGlide,HighHorsepower|||F|||50|,,,,,Fire]Electabuzz||Eviolite|VitalSpirit|Thunderbolt,FollowMe,Taunt,Protect|||M|||50|,,,,,Ghost]Tauros-Paldea-Aqua||MirrorHerb|Intimidate|WaveCrash,AquaJet,CloseCombat,Protect|||M|||50|,,,,,Water]Dragonite||LoadedDice|Multiscale|ScaleShot,ExtremeSpeed,Haze,Protect|||M|||50|,,,,,Fairy]Ninetales-Alola||FocusSash|SnowWarning|Blizzard,IcyWind,Mist,AuroraVeil|||F|||50|,,,,,Ghost
|j| Arkhept
|
|t:|1756645166
|teamsize|p1|4
|teamsize|p2|4
|start
|switch|p1a: Sneasler|Sneasler, L50, F|100/100
|switch|p1b: Indeedee|Indeedee, L50, M|100/100
|switch|p2a: Volcarona|Volcarona, L50, M, shiny|100/100
|switch|p2b: Rillaboom|Rillaboom, L50, F|100/100
|-fieldstart|move: Psychic Terrain|[from] ability: Psychic Surge|[of] p1b: Indeedee
|-enditem|p1a: Sneasler|Psychic Seed
|-boost|p1a: Sneasler|spd|1|[from] item: Psychic Seed
|-fieldstart|move: Grassy Terrain|[from] ability: Grassy Surge|[of] p2b: Rillaboom
|-enditem|p2a: Volcarona|Grassy Seed
|-boost|p2a: Volcarona|def|1|[from] item: Grassy Seed
|turn|1
|
|t:|1756645173
|switch|p1b: Volcarona|Volcarona, L50, M|100/100
|move|p2b: Rillaboom|Fake Out|p1b: Volcarona
|-damage|p1b: Volcarona|83/100
|-status|p2b: Rillaboom|brn|[from] ability: Flame Body|[of] p1b: Volcarona
|move|p1a: Sneasler|Dire Claw|p2b: Rillaboom
|-supereffective|p2b: Rillaboom
|-damage|p2b: Rillaboom|24/100 brn
|move|p2a: Volcarona|Quiver Dance|p2a: Volcarona
|-boost|p2a: Volcarona|spa|1
|-boost|p2a: Volcarona|spd|1
|-boost|p2a: Volcarona|spe|1
|
|-heal|p1b: Volcarona|89/100|[from] Grassy Terrain
|-heal|p2b: Rillaboom|30/100 brn|[from] Grassy Terrain
|-damage|p2b: Rillaboom|24/100 brn|[from] brn
|upkeep
|turn|2
|
|t:|1756645188
|move|p2b: Rillaboom|Grassy Glide|p1a: Sneasler
|-resisted|p1a: Sneasler
|-damage|p1a: Sneasler|84/100
|move|p1a: Sneasler|Dire Claw|p2a: Volcarona
|-damage|p2a: Volcarona|66/100
|-status|p2a: Volcarona|par
|move|p1b: Volcarona|Struggle Bug|p2b: Rillaboom|[spread] p2a,p2b
|-resisted|p2a: Volcarona
|-supereffective|p2b: Rillaboom
|-damage|p2a: Volcarona|61/100 par
|-damage|p2b: Rillaboom|0 fnt
|-unboost|p2a: Volcarona|spa|1
|faint|p2b: Rillaboom
|move|p2a: Volcarona|Quiver Dance|p2a: Volcarona
|-boost|p2a: Volcarona|spa|1
|-boost|p2a: Volcarona|spd|1
|-boost|p2a: Volcarona|spe|1
|
|-heal|p1a: Sneasler|90/100|[from] Grassy Terrain
|-heal|p1b: Volcarona|95/100|[from] Grassy Terrain
|-heal|p2a: Volcarona|67/100 par|[from] Grassy Terrain
|upkeep
|
|t:|1756645194
|switch|p2b: Tauros|Tauros-Paldea-Aqua, L50, M|100/100
|-ability|p2b: Tauros|Intimidate|boost
|-unboost|p1a: Sneasler|atk|1
|-unboost|p1b: Volcarona|atk|1
|turn|3
|
|t:|1756645198
|-terastallize|p2b: Tauros|Water
|move|p1a: Sneasler|Protect|p1a: Sneasler
|-singleturn|p1a: Sneasler|Protect
|move|p1b: Volcarona|Tailwind|p1b: Volcarona
|-sidestart|p1: MidoMidori|move: Tailwind
|move|p2b: Tauros|Wave Crash|p1b: Volcarona
|-supereffective|p1b: Volcarona
|-damage|p1b: Volcarona|0 fnt
|faint|p1b: Volcarona
|-damage|p2b: Tauros|65/100|[from] Recoil
|move|p2a: Volcarona|Heat Wave|p1a: Sneasler
|-activate|p1a: Sneasler|move: Protect
|
|-heal|p1a: Sneasler|96/100|[from] Grassy Terrain
|-heal|p2b: Tauros|71/100|[from] Grassy Terrain
|-heal|p2a: Volcarona|73/100 par|[from] Grassy Terrain
|upkeep
|
|t:|1756645207
|switch|p1b: Tyranitar|Tyranitar, L50, M|100/100
|-weather|Sandstorm|[from] ability: Sand Stream|[of] p1b: Tyranitar
|turn|4
|
|t:|1756645229
|-terastallize|p1b: Tyranitar|Flying
|move|p2a: Volcarona|Protect|p2a: Volcarona
|-singleturn|p2a: Volcarona|Protect
|move|p1a: Sneasler|Close Combat|p2b: Tauros
|-damage|p2b: Tauros|18/100
|-unboost|p1a: Sneasler|def|1
|-unboost|p1a: Sneasler|spd|1
|move|p1b: Tyranitar|Rock Slide|p2a: Volcarona|[spread] p2b
|-activate|p2a: Volcarona|move: Protect
|-crit|p2b: Tauros
|-damage|p2b: Tauros|0 fnt
|faint|p2b: Tauros
|
|-weather|Sandstorm|[upkeep]
|-damage|p1a: Sneasler|90/100|[from] Sandstorm
|-damage|p1b: Tyranitar|95/100|[from] Sandstorm
|-damage|p2a: Volcarona|67/100 par|[from] Sandstorm
|-heal|p1a: Sneasler|96/100|[from] Grassy Terrain
|-heal|p2a: Volcarona|73/100 par|[from] Grassy Terrain
|upkeep
|
|t:|1756645236
|switch|p2b: Ninetales|Ninetales-Alola, L50, F|100/100
|-weather|Snowscape|[from] ability: Snow Warning|[of] p2b: Ninetales
|turn|5
|
|t:|1756645240
|move|p1a: Sneasler|Dire Claw|p2b: Ninetales
|-supereffective|p2b: Ninetales
|-damage|p2b: Ninetales|43/100
|-status|p2b: Ninetales|psn
|move|p1b: Tyranitar|Rock Slide|p2a: Volcarona|[spread] p2b
|-miss|p1b: Tyranitar|p2a: Volcarona
|-supereffective|p2b: Ninetales
|-damage|p2b: Ninetales|0 fnt
|faint|p2b: Ninetales
|move|p2a: Volcarona|Heat Wave|p1b: Tyranitar|[spread] p1a,p1b
|-damage|p1a: Sneasler|15/100
|-damage|p1b: Tyranitar|59/100
|-status|p1b: Tyranitar|brn
|
|-weather|Snowscape|[upkeep]
|-heal|p1a: Sneasler|20/100|[from] Grassy Terrain
|-heal|p2a: Volcarona|80/100 par|[from] Grassy Terrain
|-damage|p1b: Tyranitar|54/100 brn|[from] brn
|-fieldend|move: Grassy Terrain
|upkeep
|turn|6
|
|t:|1756645253
|move|p2a: Volcarona|Protect|p2a: Volcarona
|-singleturn|p2a: Volcarona|Protect
|move|p1a: Sneasler|Dire Claw|p2a: Volcarona
|-activate|p2a: Volcarona|move: Protect
|move|p1b: Tyranitar|Rock Slide|p2a: Volcarona
|-activate|p2a: Volcarona|move: Protect
|
|-weather|Snowscape|[upkeep]
|-damage|p1b: Tyranitar|48/100 brn|[from] brn
|-sideend|p1: MidoMidori|move: Tailwind
|upkeep
|turn|7
|
|t:|1756645256
|move|p1a: Sneasler|Dire Claw|p2a: Volcarona
|-damage|p2a: Volcarona|57/100 par
|move|p2a: Volcarona|Heat Wave|p1a: Sneasler|[spread] p1a,p1b
|-damage|p1a: Sneasler|0 fnt
|-damage|p1b: Tyranitar|15/100 brn
|faint|p1a: Sneasler
|move|p1b: Tyranitar|Rock Slide|p2a: Volcarona
|-supereffective|p2a: Volcarona
|-damage|p2a: Volcarona|0 fnt
|faint|p2a: Volcarona
|
|win|MidoMidori
|raw|MidoMidori's rating: 1236 → 1275(+39 for winning)
|raw|A Regu1ar Guy's rating: 1455 → 1424(-31 for losing)
|l|☆A Regu1ar Guy
|player|p2|
