|j|☆DrakyPana
|j|☆DonVGC
|html|DrakyPanaDonVGC    
|uhtml|bestof|Game 3 of a best-of-3
|t:|1757647033
|gametype|doubles
|player|p1|DrakyPana|266|
|player|p2|DonVGC|265|
|gen|9
|tier|[Gen 9] VGC 2025 Reg H (Bo3)
|rule|Species Clause: Limit one of each Pokémon
|rule|Item Clause: Limit 1 of each item
|clearpoke
|poke|p1|Porygon2, L50|
|poke|p1|Incineroar, L50, F|
|poke|p1|Ursaluna, L50, M|
|poke|p1|Amoonguss, L50, F|
|poke|p1|Gholdengo, L50|
|poke|p1|Dragonite, L50, F|
|poke|p2|Clodsire, L50, M|
|poke|p2|Rillaboom, L50, F|
|poke|p2|Pelipper, L50, M|
|poke|p2|Archaludon, L50, M|
|poke|p2|Talonflame, L50, F|
|poke|p2|Kingdra, L50, F|
|teampreview|4
|showteam|p1|Porygon2||Eviolite|Download|TeraBlast,IceBeam,Recover,TrickRoom||||||50|,,,,,Fighting]Incineroar||SafetyGoggles|Intimidate|FlareBlitz,FakeOut,KnockOff,PartingShot|||F|||50|,,,,,Ghost]Ursaluna||FlameOrb|Guts|HeadlongRush,Facade,Earthquake,Protect|||M|||50|,,,,,Ghost]Amoonguss||SitrusBerry|Regenerator|PollenPuff,Spore,RagePowder,Protect|||F|||50|,,,,,Water]Gholdengo||LifeOrb|GoodasGold|MakeItRain,ShadowBall,NastyPlot,Protect||||||50|,,,,,Water]Dragonite||LoadedDice|Multiscale|ScaleShot,Haze,Tailwind,Protect|||F|||50|,,,,,Steel
|showteam|p2|Clodsire||FigyBerry|WaterAbsorb|Yawn,HighHorsepower,HelpingHand,Recover|||M|||50|,,,,,Grass]Rillaboom||AssaultVest|GrassySurge|FakeOut,HammerArm,GrassyGlide,WoodHammer|||F|||50|,,,,,Grass]Pelipper||FocusSash|Drizzle|Protect,Tailwind,Hurricane,WeatherBall|||M|||50|,,,,,Flying]Archaludon||PowerHerb|Stamina|AuraSphere,ElectroShot,FlashCannon,DracoMeteor|||M|||50|,,,,,Fighting]Talonflame||ChoiceBand|GaleWings|BraveBird,Uturn,FlareBlitz,Feint|||F|||50|,,,,,Flying]Kingdra||LifeOrb|SwiftSwim|MuddyWater,WeatherBall,Protect,DracoMeteor|||F|||50|,,,,,Water
|j| Cyan_Streamz
|j| Ragnix
|
|t:|1757647052
|teamsize|p1|4
|teamsize|p2|4
|start
|switch|p1a: Amoonguss|Amoonguss, L50, F|100/100
|switch|p1b: Ursaluna|Ursaluna, L50, M|100/100
|switch|p2a: Pelipper|Pelipper, L50, M|100/100
|switch|p2b: Kingdra|Kingdra, L50, F|100/100
|-weather|RainDance|[from] ability: Drizzle|[of] p2a: Pelipper
|turn|1
|
|t:|1757647076
|-terastallize|p2b: Kingdra|Water
|move|p1b: Ursaluna|Protect|p1b: Ursaluna
|-singleturn|p1b: Ursaluna|Protect
|move|p1a: Amoonguss|Protect|p1a: Amoonguss
|-singleturn|p1a: Amoonguss|Protect
|move|p2b: Kingdra|Muddy Water|p1b: Ursaluna|[spread] 
|-activate|p1a: Amoonguss|move: Protect
|-activate|p1b: Ursaluna|move: Protect
|move|p2a: Pelipper|Hurricane|p1a: Amoonguss
|-activate|p1a: Amoonguss|move: Protect
|
|-weather|RainDance|[upkeep]
|-status|p1b: Ursaluna|brn|[from] item: Flame Orb
|upkeep
|turn|2
|
|t:|1757647117
|-terastallize|p1b: Ursaluna|Ghost
|move|p1a: Amoonguss|Rage Powder|p1a: Amoonguss
|-singleturn|p1a: Amoonguss|move: Rage Powder
|move|p2b: Kingdra|Muddy Water|p1a: Amoonguss|[spread] p1a
|-miss|p2b: Kingdra|p1b: Ursaluna
|-resisted|p1a: Amoonguss
|-damage|p1a: Amoonguss|67/100
|-damage|p2b: Kingdra|91/100|[from] item: Life Orb
|move|p2a: Pelipper|Hurricane|p1a: Amoonguss
|-supereffective|p1a: Amoonguss
|-damage|p1a: Amoonguss|0 fnt
|faint|p1a: Amoonguss
|move|p1b: Ursaluna|Facade|p2b: Kingdra
|-damage|p2b: Kingdra|0 fnt
|faint|p2b: Kingdra
|
|-weather|RainDance|[upkeep]
|-damage|p1b: Ursaluna|95/100 brn|[from] brn
|upkeep
|
|t:|1757647137
|switch|p2b: Rillaboom|Rillaboom, L50, F|100/100
|switch|p1a: Gholdengo|Gholdengo, L50|100/100
|-fieldstart|move: Grassy Terrain|[from] ability: Grassy Surge|[of] p2b: Rillaboom
|turn|3
|
|t:|1757647186
|move|p1a: Gholdengo|Nasty Plot|p1a: Gholdengo
|-boost|p1a: Gholdengo|spa|2
|move|p2b: Rillaboom|Wood Hammer|p1b: Ursaluna
|-damage|p1b: Ursaluna|32/100 brn
|-damage|p2b: Rillaboom|76/100|[from] Recoil
|move|p2a: Pelipper|Weather Ball|p1a: Gholdengo
|-damage|p1a: Gholdengo|25/100
|move|p1b: Ursaluna|Facade|p2b: Rillaboom
|-damage|p2b: Rillaboom|0 fnt
|faint|p2b: Rillaboom
|
|-weather|RainDance|[upkeep]
|-heal|p1a: Gholdengo|31/100|[from] Grassy Terrain
|-heal|p1b: Ursaluna|38/100 brn|[from] Grassy Terrain
|-damage|p1b: Ursaluna|32/100 brn|[from] brn
|upkeep
|
|t:|1757647201
|switch|p2b: Archaludon|Archaludon, L50, M|100/100
|turn|4
|
|t:|1757647236
|move|p1a: Gholdengo|Shadow Ball|p2b: Archaludon
|-damage|p2b: Archaludon|0 fnt
|faint|p2b: Archaludon
|-damage|p1a: Gholdengo|22/100|[from] item: Life Orb
|move|p2a: Pelipper|Weather Ball|p1b: Ursaluna
|-damage|p1b: Ursaluna|0 fnt
|faint|p1b: Ursaluna
|
|-weather|RainDance|[upkeep]
|-heal|p1a: Gholdengo|28/100|[from] Grassy Terrain
|upkeep
|
|t:|1757647242
|switch|p1b: Porygon2|Porygon2, L50|100/100
|-ability|p1b: Porygon2|Download|boost
|-boost|p1b: Porygon2|spa|1
|turn|5
|
|t:|1757647257
|move|p1a: Gholdengo|Shadow Ball|p2a: Pelipper
|-enditem|p2a: Pelipper|Focus Sash
|-damage|p2a: Pelipper|1/100
|-damage|p1a: Gholdengo|18/100|[from] item: Life Orb
|move|p2a: Pelipper|Weather Ball|p1a: Gholdengo
|-damage|p1a: Gholdengo|0 fnt
|faint|p1a: Gholdengo
|move|p1b: Porygon2|Ice Beam|p2a: Pelipper
|-damage|p2a: Pelipper|0 fnt
|faint|p2a: Pelipper
|
|win|DrakyPana
