|j|☆ConnerTEP
|j|☆minccino fan
|html|ConnerTEPminccino fan    
|uhtml|bestof|Game 1 of a best-of-3
|t:|1757657286
|gametype|doubles
|player|p1|ConnerTEP|clair-masters|1374
|player|p2|minccino fan|miku-ghost|1307
|gen|9
|tier|[Gen 9] VGC 2025 Reg H (Bo3)
|rated|
|rule|Species Clause: Limit one of each Pokémon
|rule|Item Clause: Limit 1 of each item
|clearpoke
|poke|p1|Tyranitar, L50, M|
|poke|p1|Excadrill, L50, M|
|poke|p1|Volcarona, L50, F|
|poke|p1|Sinistcha, L50|
|poke|p1|Annihilape, L50, M|
|poke|p1|Electabuzz, L50, F|
|poke|p2|Charizard, L50, M|
|poke|p2|Torkoal, L50, M|
|poke|p2|Porygon2, L50|
|poke|p2|Incineroar, L50, M|
|poke|p2|Jumpluff, L50, F|
|poke|p2|Ursaluna, L50, M|
|teampreview|4
|showteam|p1|Tyranitar||AssaultVest|SandStream|RockSlide,KnockOff,TeraBlast,LowKick|||M|||50|,,,,,Flying]Excadrill||FocusSash|SandRush|Earthquake,HighHorsepower,IronHead,Protect|||M|||50|,,,,,Ghost]Volcarona||Leftovers|FlameBody|HeatWave,TeraBlast,QuiverDance,Protect|||F|||50|,,,,,Fairy]Sinistcha||RockyHelmet|Hospitality|MatchaGotcha,StrengthSap,RagePowder,TrickRoom||||||50|,,,,,Dark]Annihilape||SafetyGoggles|Defiant|CloseCombat,FinalGambit,RageFist,Taunt|||M|||50|,,,,,Water]Electabuzz||Eviolite|VitalSpirit|Electroweb,Taunt,FollowMe,Protect|||F|||50|,,,,,Flying
|showteam|p2|Charizard||ChoiceSpecs|SolarPower|HeatWave,Overheat,WeatherBall,AirSlash|||M|||50|,,,,,Ghost]Torkoal||EjectPack|Drought|Eruption,Overheat,HelpingHand,Protect|||M|||50|,,,,,Fire]Porygon2||Eviolite|Download|TeraBlast,IceBeam,Recover,TrickRoom||||||50|,,,,,Fighting]Incineroar||SitrusBerry|Intimidate|FlareBlitz,KnockOff,FakeOut,PartingShot|||M|||50|,,,,,Ghost]Jumpluff||CovertCloak|Chlorophyll|SleepPowder,SunnyDay,RagePowder,Tailwind|||F|||50|,,,,,Water]Ursaluna||FlameOrb|Guts|HeadlongRush,Facade,Earthquake,Protect|||M|||50|,,,,,Ghost
|inactive|Battle timer is ON: inactive players will automatically lose when time's up. (requested by minccino fan)
|inactive|ConnerTEP also wants the timer to be on.
|inactive|minccino fan has 60 seconds left.
|
|t:|1757657342
|teamsize|p1|4
|teamsize|p2|4
|start
|switch|p1a: Annihilape|Annihilape, L50, M|100/100
|switch|p1b: Electabuzz|Electabuzz, L50, F|100/100
|switch|p2a: Jumpluff|Jumpluff, L50, F|100/100
|switch|p2b: Ursaluna|Ursaluna, L50, M|100/100
|turn|1
|inactive|minccino fan has 30 seconds left.
|inactive|minccino fan has 20 seconds left.
|inactive|minccino fan has 15 seconds left.
|inactive|minccino fan has 10 seconds left.
|
|t:|1757657388
|move|p2b: Ursaluna|Protect|p2b: Ursaluna
|-singleturn|p2b: Ursaluna|Protect
|move|p2a: Jumpluff|Tailwind|p2a: Jumpluff
|-sidestart|p2: minccino fan|move: Tailwind
|move|p1b: Electabuzz|Electroweb|p2b: Ursaluna|[spread] p2a
|-activate|p2b: Ursaluna|move: Protect
|-damage|p2a: Jumpluff|86/100
|move|p1a: Annihilape|Final Gambit|p2a: Jumpluff
|-damage|p2a: Jumpluff|0 fnt
|faint|p1a: Annihilape
|faint|p2a: Jumpluff
|
|-status|p2b: Ursaluna|brn|[from] item: Flame Orb
|upkeep
|
|t:|1757657400
|switch|p2a: Porygon2|Porygon2, L50|100/100
|switch|p1a: Tyranitar|Tyranitar, L50, M|100/100
|-ability|p2a: Porygon2|Download|boost
|-boost|p2a: Porygon2|atk|1
|-weather|Sandstorm|[from] ability: Sand Stream|[of] p1a: Tyranitar
|turn|2
|
|t:|1757657414
|-terastallize|p1a: Tyranitar|Flying
|move|p2b: Ursaluna|Earthquake|p1b: Electabuzz|[spread] p2a,p1b
|-immune|p1a: Tyranitar
|-supereffective|p1b: Electabuzz
|-damage|p2a: Porygon2|55/100
|-damage|p1b: Electabuzz|0 fnt
|faint|p1b: Electabuzz
|move|p2a: Porygon2|Ice Beam|p1a: Tyranitar
|-supereffective|p1a: Tyranitar
|-damage|p1a: Tyranitar|64/100
|move|p1a: Tyranitar|Low Kick|p2b: Ursaluna
|-supereffective|p2b: Ursaluna
|-damage|p2b: Ursaluna|34/100 brn
|
|-weather|Sandstorm|[upkeep]
|-damage|p2a: Porygon2|49/100|[from] Sandstorm
|-damage|p1a: Tyranitar|58/100|[from] Sandstorm
|-damage|p2b: Ursaluna|28/100 brn|[from] brn
|upkeep
|
|t:|1757657424
|switch|p1b: Excadrill|Excadrill, L50, M|100/100
|turn|3
|inactive|minccino fan has 30 seconds left.
|inactive|minccino fan has 20 seconds left.
|inactive|minccino fan has 15 seconds left.
|inactive|minccino fan has 10 seconds left.
|inactive|minccino fan has 5 seconds left.
|
|t:|1757657475
|move|p1b: Excadrill|Earthquake|p2b: Ursaluna|[spread] p2a,p2b
|-immune|p1a: Tyranitar
|-damage|p2a: Porygon2|25/100
|-damage|p2b: Ursaluna|0 fnt
|faint|p2b: Ursaluna
|move|p2a: Porygon2|Ice Beam|p1a: Tyranitar
|-supereffective|p1a: Tyranitar
|-damage|p1a: Tyranitar|19/100
|move|p1a: Tyranitar|Rock Slide|p2a: Porygon2
|-damage|p2a: Porygon2|0 fnt
|faint|p2a: Porygon2
|
|-weather|Sandstorm|[upkeep]
|-damage|p1a: Tyranitar|13/100|[from] Sandstorm
|upkeep
|
|t:|1757657477
|switch|p2b: Incineroar|Incineroar, L50, M|100/100
|-ability|p2b: Incineroar|Intimidate|boost
|-unboost|p1a: Tyranitar|atk|1
|-unboost|p1b: Excadrill|atk|1
|turn|4
|
|t:|1757657496
|-terastallize|p2b: Incineroar|Ghost
|move|p1b: Excadrill|High Horsepower|p2b: Incineroar
|-damage|p2b: Incineroar|70/100
|move|p2b: Incineroar|Knock Off|p1a: Tyranitar
|-damage|p1a: Tyranitar|0 fnt
|-enditem|p1a: Tyranitar|Assault Vest|[from] move: Knock Off|[of] p2b: Incineroar
|faint|p1a: Tyranitar
|
|-weather|Sandstorm|[upkeep]
|-damage|p2b: Incineroar|64/100|[from] Sandstorm
|-sideend|p2: minccino fan|move: Tailwind
|upkeep
|turn|5
|
|t:|1757657503
|move|p1b: Excadrill|Protect|p1b: Excadrill
|-singleturn|p1b: Excadrill|Protect
|move|p2b: Incineroar|Flare Blitz|p1b: Excadrill
|-activate|p1b: Excadrill|move: Protect
|
|-weather|Sandstorm|[upkeep]
|-damage|p2b: Incineroar|58/100|[from] Sandstorm
|upkeep
|turn|6
|
|t:|1757657507
|move|p1b: Excadrill|Iron Head|p2b: Incineroar
|-damage|p2b: Incineroar|30/100
|-enditem|p2b: Incineroar|Sitrus Berry|[eat]
|-heal|p2b: Incineroar|55/100|[from] item: Sitrus Berry
|cant|p2b: Incineroar|flinch
|
|-weather|none
|upkeep
|turn|7
|
|t:|1757657511
|move|p1b: Excadrill|Iron Head|p2b: Incineroar
|-damage|p2b: Incineroar|28/100
|cant|p2b: Incineroar|flinch
|
|upkeep
|turn|8
|
|t:|1757657515
|move|p1b: Excadrill|Earthquake|p2b: Incineroar
|-damage|p2b: Incineroar|0 fnt
|faint|p2b: Incineroar
|
|win|ConnerTEP
||ConnerTEP is ready for game 2.
||minccino fan is ready for game 2.
|uhtml|next|Next: Game 2 of 3
|l|☆ConnerTEP
|player|p1|
|l|☆minccino fan
|player|p2|
