|j|☆ScrewSalesman
|j|☆Kahizar
|html|ScrewSalesmanKahizar    
|uhtml|bestof|Game 1 of a best-of-3
|t:|1756432231
|gametype|doubles
|player|p1|ScrewSalesman|cynthia-gen4|1045
|player|p2|Kahizar|265|1038
|gen|9
|tier|[Gen 9] VGC 2025 Reg H (Bo3)
|rated|
|rule|Species Clause: Limit one of each Pokémon
|rule|Item Clause: Limit 1 of each item
|clearpoke
|poke|p1|Porygon2, L50|
|poke|p1|Incineroar, L50, F|
|poke|p1|Ursaluna, L50, M|
|poke|p1|Jumpluff, L50, F|
|poke|p1|Charizard, L50, M|
|poke|p1|Torkoal, L50, F|
|poke|p2|Sylveon, L50, F|
|poke|p2|Arcanine-Hisui, L50, M|
|poke|p2|Rillaboom, L50, M|
|poke|p2|Sneasler, L50, F|
|poke|p2|Gholdengo, L50|
|poke|p2|Murkrow, L50, M|
|teampreview|4
|showteam|p1|Porygon2||Eviolite|Download|TeraBlast,IceBeam,TrickRoom,Recover||||||50|,,,,,Fighting]Incineroar||SitrusBerry|Intimidate|FakeOut,KnockOff,FlareBlitz,PartingShot|||F|||50|,,,,,Ghost]Ursaluna||FlameOrb|Guts|HeadlongRush,Facade,Earthquake,Protect|||M|||50|,,,,,Ghost]Jumpluff||CovertCloak|Chlorophyll|RagePowder,PollenPuff,Tailwind,SleepPowder|||F|||50|,,,,,Water]Charizard||ChoiceSpecs|SolarPower|HeatWave,Overheat,WeatherBall,DragonPulse|||M|||50|,,,,,Ghost]Torkoal||EjectPack|Drought|Overheat,Eruption,HelpingHand,Protect|||F|||50|,,,,,Fire
|showteam|p2|Sylveon||ThroatSpray|Pixilate|HyperVoice,Protect,TeraBlast,CalmMind|||F|||50|,,,,,Ground]Arcanine-Hisui||LifeOrb|Intimidate|RockSlide,FlareBlitz,Protect,ExtremeSpeed|||M|||50|,,,,,Grass]Rillaboom||AssaultVest|GrassySurge|FakeOut,WoodHammer,HighHorsepower,Uturn|||M|||50|,,,,,Grass]Sneasler||GrassySeed|Unburden|DireClaw,CloseCombat,ThroatChop,FakeOut|||F|||50|,,,,,Dark]Gholdengo||ChoiceSpecs|GoodasGold|MakeItRain,ShadowBall,DazzlingGleam,TeraBlast||||||50|,,,,,Water]Murkrow||Eviolite|Prankster|Taunt,Tailwind,Haze,FoulPlay|||M|||50|,,,,,Dark
|inactive|Battle timer is ON: inactive players will automatically lose when time's up. (requested by ScrewSalesman)
|
|t:|1756432259
|teamsize|p1|4
|teamsize|p2|4
|start
|switch|p1a: Charizard|Charizard, L50, M, shiny|100/100
|switch|p1b: Torkoal|Torkoal, L50, F|100/100
|switch|p2a: Sylveon|Sylveon, L50, F|100/100
|switch|p2b: Murkrow|Murkrow, L50, M|100/100
|-weather|SunnyDay|[from] ability: Drought|[of] p1b: Torkoal
|turn|1
|inactive|ScrewSalesman has 30 seconds left.
|
|t:|1756432287
|switch|p2a: Arcanine|Arcanine-Hisui, L50, M|100/100
|-ability|p2a: Arcanine|Intimidate|boost
|-unboost|p1a: Charizard|atk|1
|-unboost|p1b: Torkoal|atk|1
|-enditem|p1b: Torkoal|Eject Pack
|
|t:|1756432291
|switch|p1b: Incineroar|Incineroar, L50, F|100/100
|-ability|p1b: Incineroar|Intimidate|boost
|-unboost|p2a: Arcanine|atk|1
|-unboost|p2b: Murkrow|atk|1
|move|p2b: Murkrow|Tailwind|p2b: Murkrow
|-sidestart|p2: Kahizar|move: Tailwind
|move|p1a: Charizard|Heat Wave|p2a: Arcanine|[spread] p2a,p2b
|-resisted|p2a: Arcanine
|-damage|p2a: Arcanine|65/100
|-damage|p2b: Murkrow|0 fnt
|faint|p2b: Murkrow
|
|-weather|SunnyDay|[upkeep]
|-damage|p1a: Charizard|88/100|[from] ability: Solar Power|[of] p1a: Charizard
|upkeep
|
|t:|1756432305
|switch|p2b: Sneasler|Sneasler, L50, F|100/100
|turn|2
|
|t:|1756432323
|-terastallize|p1a: Charizard|Ghost
|move|p2b: Sneasler|Fake Out|p1b: Incineroar
|-damage|p1b: Incineroar|85/100
|cant|p1b: Incineroar|flinch
|move|p2a: Arcanine|Rock Slide|p1a: Charizard|[spread] p1a,p1b
|-crit|p1a: Charizard
|-supereffective|p1b: Incineroar
|-damage|p1a: Charizard|12/100
|-damage|p1b: Incineroar|45/100
|-enditem|p1b: Incineroar|Sitrus Berry|[eat]
|-heal|p1b: Incineroar|70/100|[from] item: Sitrus Berry
|-damage|p2a: Arcanine|55/100|[from] item: Life Orb
|cant|p1a: Charizard|flinch
|
|-weather|SunnyDay|[upkeep]
|-damage|p1a: Charizard|0 fnt|[from] ability: Solar Power|[of] p1a: Charizard
|faint|p1a: Charizard
|upkeep
|
|t:|1756432338
|switch|p1a: Jumpluff|Jumpluff, L50, F|100/100
|turn|3
|
|t:|1756432350
|move|p1a: Jumpluff|Sleep Powder|p2a: Arcanine
|-status|p2a: Arcanine|slp|[from] move: Sleep Powder
|cant|p2a: Arcanine|slp
|move|p2b: Sneasler|Dire Claw|p1a: Jumpluff
|-supereffective|p1a: Jumpluff
|-damage|p1a: Jumpluff|0 fnt
|faint|p1a: Jumpluff
|move|p1b: Incineroar|Flare Blitz|p2b: Sneasler
|-damage|p2b: Sneasler|0 fnt
|faint|p2b: Sneasler
|-damage|p1b: Incineroar|42/100|[from] Recoil
|
|-weather|SunnyDay|[upkeep]
|upkeep
|
|t:|1756432363
|switch|p1a: Torkoal|Torkoal, L50, F|100/100
|switch|p2b: Sylveon|Sylveon, L50, F|100/100
|turn|4
|
|t:|1756432372
|move|p2b: Sylveon|Protect|p2b: Sylveon
|-singleturn|p2b: Sylveon|Protect
|-curestatus|p2a: Arcanine|slp|[msg]
|move|p2a: Arcanine|Extreme Speed|p1a: Torkoal
|-damage|p1a: Torkoal|84/100
|-damage|p2a: Arcanine|45/100|[from] item: Life Orb
|move|p1b: Incineroar|Knock Off|p2a: Arcanine
|-damage|p2a: Arcanine|0 fnt
|-enditem|p2a: Arcanine|Life Orb|[from] move: Knock Off|[of] p1b: Incineroar
|faint|p2a: Arcanine
|move|p1a: Torkoal|Eruption|p2b: Sylveon
|-activate|p2b: Sylveon|move: Protect
|
|-weather|SunnyDay|[upkeep]
|-sideend|p2: Kahizar|move: Tailwind
|upkeep
|turn|5
|
|t:|1756432390
|-terastallize|p2b: Sylveon|Ground
|move|p1b: Incineroar|Flare Blitz|p2b: Sylveon
|-crit|p2b: Sylveon
|-damage|p2b: Sylveon|0 fnt
|faint|p2b: Sylveon
|-damage|p1b: Incineroar|9/100|[from] Recoil
|
|win|ScrewSalesman
||Kahizar is ready for game 2.
|inactive|ScrewSalesman has 30 seconds to confirm battle start!
||ScrewSalesman is ready for game 2.
|uhtml|next|Next: Game 2 of 3
|l|☆Kahizar
|player|p2|
