|j|☆bushidobayleef
|j|☆Moose32
|html|bushidobayleefMoose32    
|uhtml|bestof|Game 2 of a best-of-3
|t:|1783388839
|gametype|doubles
|player|p1|bushidobayleef|acetrainercouple|
|player|p2|Moose32|tateandliza-gen6|
|gen|9
|tier|[Gen 9 Champions] VGC 2026 Reg M-B (Bo3)
|rule|Species Clause: Limit one of each Pokémon
|rule|Item Clause: Limit 1 of each item
|clearpoke
|poke|p1|Chesnaught, L50, M, shiny|
|poke|p1|Floette-Eternal, L50, F, shiny|
|poke|p1|Gengar, L50, M|
|poke|p1|Empoleon, L50, M|
|poke|p1|Tyranitar, L50, F, shiny|
|poke|p1|Weavile, L50, F|
|poke|p2|Pelipper, L50, M, shiny|
|poke|p2|Beartic, L50, M, shiny|
|poke|p2|Aggron, L50, M|
|poke|p2|Oranguru, L50, M|
|poke|p2|Basculegion-F, L50, F|
|poke|p2|Sylveon, L50, F|
|teampreview|4
|showteam|p1|Chesnaught||Chesnaughtite|Bulletproof|BodyPress,IronDefense,WoodHammer,SpikyShield|Careful||M|||50|]Floette-Eternal||FairyFeather|FlowerVeil|DazzlingGleam,LightofRuin,PollenPuff,Protect|Timid||F|||50|]Gengar||KasibBerry|CursedBody|SludgeBomb,ShadowBall,IcyWind,Protect|Modest||M|||50|]Empoleon||SitrusBerry|Competitive|HydroPump,Yawn,Roost,HelpingHand|Bold||M|||50|]Tyranitar||Tyranitarite|SandStream|RockSlide,KnockOff,Superpower,Protect|Adamant||F|||50|]Weavile||FocusSash|Pickpocket|FakeOut,KnockOff,LowKick,Protect|Adamant||F|||50|
|showteam|p2|Pelipper||FocusSash|Drizzle|WeatherBall,Hurricane,Tailwind,WideGuard|Modest||M|||50|]Beartic||LifeOrb|SwiftSwim|AquaJet,IcePunch,CloseCombat,Protect|Adamant||M|||50|]Aggron||Aggronite|Sturdy|IronHead,BodyPress,IronDefense,Protect|Brave||M|||50|]Oranguru||ColburBerry|InnerFocus|Psychic,Thunderbolt,Instruct,TrickRoom|Quiet||M|||50|]Basculegion-F||ChoiceScarf|Adaptability|MuddyWater,ShadowBall,IceBeam,FlipTurn|Modest||F|||50|]Sylveon||KebiaBerry|Pixilate|Moonblast,HyperVoice,WeatherBall,Detect|Modest||F|||50|
|j| walshy608
|j| Whim5
|j| upfrontsalt
|l| Whim5
|
|t:|1783389057
|teamsize|p1|4
|teamsize|p2|4
|start
|switch|p1a: CAPTAIN CLARK|Chesnaught, L50, M, shiny|100/100
|switch|p1b: ULTIMATE LIFE FORM|Weavile, L50, F|100/100
|switch|p2a: BILLDOZER|Beartic, L50, M, shiny|100/100
|switch|p2b: SUPER BLOOPER|Basculegion-F, L50, F|100/100
|turn|1
|
|t:|1783389157
|detailschange|p1a: CAPTAIN CLARK|Chesnaught-Mega, L50, M, shiny
|-mega|p1a: CAPTAIN CLARK|Chesnaught|Chesnaughtite
|move|p2a: BILLDOZER|Protect|p2a: BILLDOZER
|-singleturn|p2a: BILLDOZER|Protect
|move|p1b: ULTIMATE LIFE FORM|Fake Out|p2a: BILLDOZER
|-activate|p2a: BILLDOZER|move: Protect
|move|p2b: SUPER BLOOPER|Flip Turn|p1b: ULTIMATE LIFE FORM
|-damage|p1b: ULTIMATE LIFE FORM|58/100
|
|t:|1783389166
|switch|p2b: BARREL TRAIN|Pelipper, L50, M, shiny|100/100|[from] Flip Turn
|-weather|RainDance|[from] ability: Drizzle|[of] p2b: BARREL TRAIN
|move|p1a: CAPTAIN CLARK|Wood Hammer|p2b: BARREL TRAIN
|-damage|p2b: BARREL TRAIN|24/100
|-damage|p1a: CAPTAIN CLARK|82/100|[from] Recoil
|
|-weather|RainDance|[upkeep]
|upkeep
|turn|2
|
|t:|1783389457
|switch|p1a: KIRKALICIOUS|Empoleon, L50, M|100/100
|move|p1b: ULTIMATE LIFE FORM|Protect|p1b: ULTIMATE LIFE FORM
|-singleturn|p1b: ULTIMATE LIFE FORM|Protect
|move|p2a: BILLDOZER|Close Combat|p1b: ULTIMATE LIFE FORM
|-activate|p1b: ULTIMATE LIFE FORM|move: Protect
|move|p2b: BARREL TRAIN|Hurricane|p1a: KIRKALICIOUS
|-resisted|p1a: KIRKALICIOUS|1
|-damage|p1a: KIRKALICIOUS|76/100
|
|-weather|RainDance|[upkeep]
|upkeep
|turn|3
|
|t:|1783389732
|switch|p1b: KANE PARSONS|Gengar, L50, M|100/100
|switch|p2b: RAMBI RIDER|Aggron, L50, M|100/100
|move|p2a: BILLDOZER|Close Combat|p1a: KIRKALICIOUS
|-supereffective|p1a: KIRKALICIOUS|1
|-damage|p1a: KIRKALICIOUS|0 fnt
|-unboost|p2a: BILLDOZER|def|1
|-unboost|p2a: BILLDOZER|spd|1
|faint|p1a: KIRKALICIOUS
|-damage|p2a: BILLDOZER|90/100|[from] item: Life Orb
|
|-weather|RainDance|[upkeep]
|upkeep
|
|t:|1783389918
|switch|p1a: CAPTAIN CLARK|Chesnaught-Mega, L50, M, shiny|82/100
|turn|4
|
|t:|1783390098
|detailschange|p2b: RAMBI RIDER|Aggron-Mega, L50, M
|-mega|p2b: RAMBI RIDER|Aggron|Aggronite
|move|p2a: BILLDOZER|Ice Punch|p1b: KANE PARSONS
|-damage|p1b: KANE PARSONS|0 fnt
|faint|p1b: KANE PARSONS
|-damage|p2a: BILLDOZER|80/100|[from] item: Life Orb
|move|p1a: CAPTAIN CLARK|Iron Defense|p1a: CAPTAIN CLARK
|-boost|p1a: CAPTAIN CLARK|def|2
|move|p2b: RAMBI RIDER|Iron Defense|p2b: RAMBI RIDER
|-boost|p2b: RAMBI RIDER|def|2
|
|-weather|RainDance|[upkeep]
|upkeep
|
|t:|1783390125
|switch|p1b: ULTIMATE LIFE FORM|Weavile, L50, F|58/100
|turn|5
|
|t:|1783390494
|move|p1b: ULTIMATE LIFE FORM|Fake Out|p2a: BILLDOZER
|-damage|p2a: BILLDOZER|52/100
|cant|p2a: BILLDOZER|flinch
|move|p1a: CAPTAIN CLARK|Iron Defense|p1a: CAPTAIN CLARK
|-boost|p1a: CAPTAIN CLARK|def|2
|move|p2b: RAMBI RIDER|Body Press|p1b: ULTIMATE LIFE FORM
|-supereffective|p1b: ULTIMATE LIFE FORM|2
|-damage|p1b: ULTIMATE LIFE FORM|0 fnt
|faint|p1b: ULTIMATE LIFE FORM
|
|-weather|none
|upkeep
|turn|6
|
|t:|1783390578
|switch|p2a: SUPER BLOOPER|Basculegion-F, L50, F|100/100
|move|p1a: CAPTAIN CLARK|Body Press|p2b: RAMBI RIDER
|-supereffective|p2b: RAMBI RIDER|1
|-damage|p2b: RAMBI RIDER|50/100g
|move|p2b: RAMBI RIDER|Body Press|p1a: CAPTAIN CLARK
|-damage|p1a: CAPTAIN CLARK|66/100
|
|upkeep
|turn|7
|
|t:|1783390598
|move|p2a: SUPER BLOOPER|Ice Beam|p1a: CAPTAIN CLARK
|-supereffective|p1a: CAPTAIN CLARK|1
|-damage|p1a: CAPTAIN CLARK|31/100
|move|p1a: CAPTAIN CLARK|Body Press|p2b: RAMBI RIDER
|-supereffective|p2b: RAMBI RIDER|1
|-damage|p2b: RAMBI RIDER|0 fnt
|faint|p2b: RAMBI RIDER
|
|upkeep
|
|t:|1783390607
|switch|p2b: BARREL TRAIN|Pelipper, L50, M, shiny|24/100
|-weather|RainDance|[from] ability: Drizzle|[of] p2b: BARREL TRAIN
|turn|8
|c|☆bushidobayleef|hey well we beat the wall at least
|c|☆bushidobayleef|ggs
|
|t:|1783390618
|move|p2a: SUPER BLOOPER|Ice Beam|p1a: CAPTAIN CLARK
|-supereffective|p1a: CAPTAIN CLARK|1
|-damage|p1a: CAPTAIN CLARK|0 fnt
|faint|p1a: CAPTAIN CLARK
|
|win|Moose32
|c|☆Moose32|ggs goats
|c| walshy608|barrel train make it quick
|l| upfrontsalt
|l| walshy608
|l|☆bushidobayleef
|player|p1|
