|j|☆ALXlor
|j|☆Chandeliere
|html|ALXlorChandeliere    
|uhtml|bestof|Game 1 of a best-of-3
|t:|1756687637
|gametype|doubles
|player|p1|ALXlor|169|1142
|player|p2|Chandeliere|ethan|1245
|gen|9
|tier|[Gen 9] VGC 2025 Reg H (Bo3)
|rated|
|rule|Species Clause: Limit one of each Pokémon
|rule|Item Clause: Limit 1 of each item
|clearpoke
|poke|p1|Ursaluna, L50, F|
|poke|p1|Palafin, L50, F|
|poke|p1|Dragapult, L50, M|
|poke|p1|Whimsicott, L50, F|
|poke|p1|Coalossal, L50, F|
|poke|p1|Porygon2, L50|
|poke|p2|Ninetales-Alola, L50, F|
|poke|p2|Gholdengo, L50|
|poke|p2|Garchomp, L50, F|
|poke|p2|Incineroar, L50, F|
|poke|p2|Sneasler, L50, F|
|poke|p2|Corviknight, L50, M|
|teampreview|4
|showteam|p1|Ursaluna||FlameOrb|Guts|Facade,HeadlongRush,Earthquake,Protect|||F|||50|,,,,,Ground]Palafin||ClearAmulet|ZerotoHero|JetPunch,WaveCrash,FlipTurn,Protect|||F|||50|,,,,,Water]Dragapult||FocusSash|ClearBody|DragonDarts,WillOWisp,Surf,ThunderWave|||M|||50|,,,,,Dragon]Whimsicott||CovertCloak|Prankster|Moonblast,Tailwind,Encore,Protect|||F|||50|,,,,,Grass]Coalossal||WeaknessPolicy|SteamEngine|HeatWave,PowerGem,Flamethrower,Protect|||F|||50|,,,,,Fire]Porygon2||Eviolite|Download|TeraBlast,IceBeam,TrickRoom,Recover||||||50|,,,,,Ghost
|showteam|p2|Ninetales-Alola||LightClay|SnowWarning|AuroraVeil,Blizzard,FreezeDry,Protect|||F|||50|,,,,,Ghost]Gholdengo||LifeOrb|GoodasGold|MakeItRain,ShadowBall,NastyPlot,Protect||||||50|,,,,,Water]Garchomp||ClearAmulet|RoughSkin|Earthquake,StompingTantrum,DragonClaw,Protect|||F|||50|,,,,,Ground]Incineroar||SafetyGoggles|Intimidate|FakeOut,KnockOff,FlareBlitz,PartingShot|||F|||50|,,,,,Ghost]Sneasler||WhiteHerb|Unburden|Coaching,CloseCombat,DireClaw,Protect|||F|||50|,,,,,Ghost]Corviknight||SitrusBerry|MirrorArmor|BodyPress,BraveBird,Tailwind,Protect|||M|||50|,,,,,Fire
|inactive|Battle timer is ON: inactive players will automatically lose when time's up. (requested by ALXlor)
|inactive|ALXlor has 60 seconds left.
|inactive|Chandeliere has 60 seconds left.
|
|t:|1756687700
|teamsize|p1|4
|teamsize|p2|4
|start
|switch|p1a: Dragapult|Dragapult, L50, M|100/100
|switch|p1b: Coalossal|Coalossal, L50, F|100/100
|switch|p2a: Sneasler|Sneasler, L50, F|100/100
|switch|p2b: Garchomp|Garchomp, L50, F|100/100
|turn|1
|inactive|ALXlor has 30 seconds left.
|inactive|Chandeliere has 30 seconds left.
|inactive|ALXlor has 20 seconds left.
|inactive|ALXlor has 15 seconds left.
|
|t:|1756687741
|-terastallize|p1b: Coalossal|Fire
|move|p1a: Dragapult|Surf|p2a: Sneasler|[spread] p1b,p2a,p2b
|-supereffective|p1b: Coalossal
|-damage|p1b: Coalossal|76/100
|-damage|p2a: Sneasler|84/100
|-damage|p2b: Garchomp|86/100
|-ability|p1b: Coalossal|Steam Engine|boost
|-boost|p1b: Coalossal|spe|6
|-enditem|p1b: Coalossal|Weakness Policy
|-boost|p1b: Coalossal|atk|2|[from] item: Weakness Policy
|-boost|p1b: Coalossal|spa|2|[from] item: Weakness Policy
|move|p1b: Coalossal|Heat Wave|p2b: Garchomp|[spread] p2a
|-miss|p1b: Coalossal|p2b: Garchomp
|-damage|p2a: Sneasler|0 fnt
|faint|p2a: Sneasler
|move|p2b: Garchomp|Stomping Tantrum|p1b: Coalossal
|-supereffective|p1b: Coalossal
|-damage|p1b: Coalossal|13/100
|
|upkeep
|
|t:|1756687758
|switch|p2a: Incineroar|Incineroar, L50, F|100/100
|-ability|p2a: Incineroar|Intimidate|boost
|-fail|p1a: Dragapult|unboost|[from] ability: Clear Body|[of] p1a: Dragapult
|-unboost|p1b: Coalossal|atk|1
|turn|2
|inactive|Chandeliere has 30 seconds left.
|
|t:|1756687788
|move|p1b: Coalossal|Protect|p1b: Coalossal
|-singleturn|p1b: Coalossal|Protect
|move|p1a: Dragapult|Will-O-Wisp|p2b: Garchomp
|-status|p2b: Garchomp|brn
|move|p2b: Garchomp|Dragon Claw|p1a: Dragapult
|-supereffective|p1a: Dragapult
|-damage|p1a: Dragapult|54/100
|move|p2a: Incineroar|Knock Off|p1a: Dragapult
|-supereffective|p1a: Dragapult
|-damage|p1a: Dragapult|0 fnt
|-enditem|p1a: Dragapult|Focus Sash|[from] move: Knock Off|[of] p2a: Incineroar
|faint|p1a: Dragapult
|
|-damage|p2b: Garchomp|80/100 brn|[from] brn
|upkeep
|
|t:|1756687811
|switch|p1a: Ursaluna|Ursaluna, L50, F|100/100
|turn|3
|
|t:|1756687828
|-terastallize|p2a: Incineroar|Ghost
|move|p1a: Ursaluna|Protect|p1a: Ursaluna
|-singleturn|p1a: Ursaluna|Protect
|move|p1b: Coalossal|Power Gem|p2a: Incineroar
|-damage|p2a: Incineroar|50/100
|move|p2b: Garchomp|Dragon Claw|p1a: Ursaluna
|-activate|p1a: Ursaluna|move: Protect
|move|p2a: Incineroar|Knock Off|p1b: Coalossal
|-damage|p1b: Coalossal|0 fnt
|faint|p1b: Coalossal
|
|-damage|p2b: Garchomp|74/100 brn|[from] brn
|-status|p1a: Ursaluna|brn|[from] item: Flame Orb
|upkeep
|
|t:|1756687845
|switch|p1b: Porygon2|Porygon2, L50|100/100
|-ability|p1b: Porygon2|Download|boost
|-boost|p1b: Porygon2|spa|1
|turn|4
|
|t:|1756687858
|switch|p2a: Corviknight|Corviknight, L50, M|100/100
|move|p2b: Garchomp|Dragon Claw|p1a: Ursaluna
|-damage|p1a: Ursaluna|83/100 brn
|move|p1a: Ursaluna|Facade|p2b: Garchomp
|-damage|p2b: Garchomp|0 fnt
|-damage|p1a: Ursaluna|70/100 brn|[from] ability: Rough Skin|[of] p2b: Garchomp
|faint|p2b: Garchomp
|move|p1b: Porygon2|Trick Room|p1b: Porygon2
|-fieldstart|move: Trick Room|[of] p1b: Porygon2
|
|-damage|p1a: Ursaluna|64/100 brn|[from] brn
|upkeep
|
|t:|1756687870
|switch|p2b: Incineroar|Incineroar, L50, F, tera:Ghost|50/100
|-ability|p2b: Incineroar|Intimidate|boost
|-unboost|p1a: Ursaluna|atk|1
|-unboost|p1b: Porygon2|atk|1
|turn|5
|
|t:|1756687893
|move|p1a: Ursaluna|Protect|p1a: Ursaluna
|-singleturn|p1a: Ursaluna|Protect
|move|p2b: Incineroar|Fake Out|p1b: Porygon2
|-crit|p1b: Porygon2
|-damage|p1b: Porygon2|91/100
|cant|p1b: Porygon2|flinch
|move|p2a: Corviknight|Body Press|p1b: Porygon2
|-supereffective|p1b: Porygon2
|-damage|p1b: Porygon2|65/100
|
|-damage|p1a: Ursaluna|58/100 brn|[from] brn
|upkeep
|turn|6
|
|t:|1756687914
|move|p1b: Porygon2|Recover|p1b: Porygon2
|-heal|p1b: Porygon2|100/100
|move|p1a: Ursaluna|Headlong Rush|p2b: Incineroar
|-damage|p2b: Incineroar|0 fnt
|-unboost|p1a: Ursaluna|def|1
|-unboost|p1a: Ursaluna|spd|1
|faint|p2b: Incineroar
|move|p2a: Corviknight|Body Press|p1a: Ursaluna
|-supereffective|p1a: Ursaluna
|-damage|p1a: Ursaluna|0 fnt
|faint|p1a: Ursaluna
|
|upkeep
|turn|7
|
|t:|1756687938
|move|p1b: Porygon2|Ice Beam|p2a: Corviknight
|-damage|p2a: Corviknight|68/100
|move|p2a: Corviknight|Body Press|p1b: Porygon2
|-supereffective|p1b: Porygon2
|-damage|p1b: Porygon2|71/100
|
|upkeep
|turn|8
|
|t:|1756687957
|move|p1b: Porygon2|Ice Beam|p2a: Corviknight
|-damage|p2a: Corviknight|32/100
|-enditem|p2a: Corviknight|Sitrus Berry|[eat]
|-heal|p2a: Corviknight|57/100|[from] item: Sitrus Berry
|move|p2a: Corviknight|Body Press|p1b: Porygon2
|-supereffective|p1b: Porygon2
|-damage|p1b: Porygon2|44/100
|
|-fieldend|move: Trick Room
|upkeep
|turn|9
|
|t:|1756687974
|move|p2a: Corviknight|Body Press|p1b: Porygon2
|-supereffective|p1b: Porygon2
|-damage|p1b: Porygon2|14/100
|move|p1b: Porygon2|Trick Room|p1b: Porygon2
|-fieldstart|move: Trick Room|[of] p1b: Porygon2
|
|upkeep
|turn|10
|
|t:|1756687980
|move|p1b: Porygon2|Recover|p1b: Porygon2
|-heal|p1b: Porygon2|64/100
|move|p2a: Corviknight|Body Press|p1b: Porygon2
|-supereffective|p1b: Porygon2
|-damage|p1b: Porygon2|35/100
|
|upkeep
|turn|11
|
|t:|1756687988
|move|p2a: Corviknight|Protect|p2a: Corviknight
|-singleturn|p2a: Corviknight|Protect
|move|p1b: Porygon2|Recover|p1b: Porygon2
|-heal|p1b: Porygon2|85/100
|
|upkeep
|turn|12
|
|t:|1756687996
|move|p1b: Porygon2|Ice Beam|p2a: Corviknight
|-damage|p2a: Corviknight|27/100
|move|p2a: Corviknight|Body Press|p1b: Porygon2
|-supereffective|p1b: Porygon2
|-damage|p1b: Porygon2|58/100
|
|upkeep
|turn|13
|
|t:|1756688005
|move|p2a: Corviknight|Protect|p2a: Corviknight
|-singleturn|p2a: Corviknight|Protect
|move|p1b: Porygon2|Recover|p1b: Porygon2
|-heal|p1b: Porygon2|100/100
|
|-fieldend|move: Trick Room
|upkeep
|turn|14
|-message|Chandeliere forfeited.
|
|win|ALXlor
||Chandeliere is ready for game 2.
||ALXlor is ready for game 2.
|uhtml|next|Next: Game 2 of 3
