|j|☆Notaplaceofhonor
|j|☆FALL3N_DWN
|html|NotaplaceofhonorFALL3N_DWN    
|uhtml|bestof|Game 2 of a best-of-3
|t:|1757116592
|gametype|doubles
|player|p1|Notaplaceofhonor|juan-gen3|1155
|player|p2|FALL3N_DWN|carmine-festival|1126
|gen|9
|tier|[Gen 9] VGC 2025 Reg H (Bo3)
|rated|
|rule|Species Clause: Limit one of each Pokémon
|rule|Item Clause: Limit 1 of each item
|clearpoke
|poke|p1|Dondozo, L50, F|
|poke|p1|Tatsugiri, L50, F|
|poke|p1|Glimmora, L50, M|
|poke|p1|Talonflame, L50, F|
|poke|p1|Gholdengo, L50|
|poke|p1|Annihilape, L50, M|
|poke|p2|Electabuzz, L50, F|
|poke|p2|Kingambit, L50, M|
|poke|p2|Volcarona, L50, M|
|poke|p2|Dragonite, L50, F|
|poke|p2|Sneasler, L50, M|
|poke|p2|Rillaboom, L50, M|
|teampreview|4
|showteam|p1|Dondozo||Leftovers|Unaware|Protect,WaveCrash,OrderUp,Earthquake|||F|||50|,,,,,Grass]Tatsugiri||FocusSash|Commander|Protect,DragonPulse,DracoMeteor,MuddyWater|||F|||50|,,,,,Stellar]Glimmora||PowerHerb|ToxicDebris|SpikyShield,MeteorBeam,SludgeBomb,EarthPower|||M|||50|,,,,,Grass]Talonflame||LifeOrb|GaleWings|Protect,Tailwind,BraveBird,FlareBlitz|||F|||50|,,,,,Flying]Gholdengo||ChoiceSpecs|GoodasGold|MakeItRain,ShadowBall,Thunderbolt,Trick||||||50|,,,,,Steel]Annihilape||SafetyGoggles|Defiant|CloseCombat,FinalGambit,RageFist,Taunt|||M|||50|,,,,,Fire
|showteam|p2|Electabuzz||Eviolite|VitalSpirit|FollowMe,Thunderbolt,Taunt,Protect|||F|||50|,,,,,Ghost]Kingambit||BlackGlasses|Defiant|KowtowCleave,SuckerPunch,SwordsDance,Protect|||M|||50|,,,,,Dark]Volcarona||Leftovers|FlameBody|HeatWave,TeraBlast,QuiverDance,Protect|||M|||50|,,,,,Fairy]Dragonite||LoadedDice|Multiscale|ScaleShot,ExtremeSpeed,Haze,Protect|||F|||50|,,,,,Fairy]Sneasler||FocusSash|Unburden|DireClaw,CloseCombat,Coaching,FakeOut|||M|||50|,,,,,Stellar]Rillaboom||AssaultVest|GrassySurge|FakeOut,WoodHammer,GrassyGlide,HighHorsepower|||M|||50|,,,,,Fire
|
|t:|1757116635
|teamsize|p1|4
|teamsize|p2|4
|start
|switch|p1a: Talonflame|Talonflame, L50, F|100/100
|switch|p1b: Glimmora|Glimmora, L50, M|100/100
|switch|p2a: Electabuzz|Electabuzz, L50, F|100/100
|switch|p2b: Kingambit|Kingambit, L50, M|100/100
|turn|1
|
|t:|1757116682
|move|p2a: Electabuzz|Follow Me|p2a: Electabuzz
|-singleturn|p2a: Electabuzz|move: Follow Me
|move|p1a: Talonflame|Flare Blitz|p2a: Electabuzz
|-damage|p2a: Electabuzz|52/100
|-damage|p1a: Talonflame|83/100|[from] Recoil
|-damage|p1a: Talonflame|73/100|[from] item: Life Orb
|move|p1b: Glimmora|Earth Power|p2a: Electabuzz
|-supereffective|p2a: Electabuzz
|-damage|p2a: Electabuzz|6/100
|move|p2b: Kingambit|Swords Dance|p2b: Kingambit
|-boost|p2b: Kingambit|atk|2
|
|upkeep
|turn|2
|
|t:|1757116728
|move|p1b: Glimmora|Spiky Shield|p1b: Glimmora
|-singleturn|p1b: Glimmora|move: Protect
|move|p2b: Kingambit|Protect|p2b: Kingambit
|-singleturn|p2b: Kingambit|Protect
|move|p1a: Talonflame|Flare Blitz|p2b: Kingambit
|-activate|p2b: Kingambit|move: Protect
|move|p2a: Electabuzz|Thunderbolt|p1a: Talonflame
|-supereffective|p1a: Talonflame
|-damage|p1a: Talonflame|0 fnt
|faint|p1a: Talonflame
|
|upkeep
|
|t:|1757116752
|switch|p1a: Gholdengo|Gholdengo, L50|100/100
|turn|3
|
|t:|1757116774
|-terastallize|p1a: Gholdengo|Steel
|-terastallize|p2b: Kingambit|Dark
|move|p2a: Electabuzz|Follow Me|p2a: Electabuzz
|-singleturn|p2a: Electabuzz|move: Follow Me
|move|p1b: Glimmora|Earth Power|p2a: Electabuzz
|-supereffective|p2a: Electabuzz
|-damage|p2a: Electabuzz|0 fnt
|faint|p2a: Electabuzz
|move|p1a: Gholdengo|Trick|p2b: Kingambit
|-activate|p1a: Gholdengo|move: Trick|[of] p2b: Kingambit
|-item|p2b: Kingambit|Choice Specs|[from] move: Trick
|-item|p1a: Gholdengo|Black Glasses|[from] move: Trick
|move|p2b: Kingambit|Kowtow Cleave|p1a: Gholdengo
|-crit|p1a: Gholdengo
|-damage|p1a: Gholdengo|0 fnt
|faint|p1a: Gholdengo
|
|upkeep
|
|t:|1757116809
|switch|p1a: Annihilape|Annihilape, L50, M|100/100
|switch|p2a: Sneasler|Sneasler, L50, M|100/100
|turn|4
|
|t:|1757116853
|move|p2a: Sneasler|Coaching|p2b: Kingambit
|-boost|p2b: Kingambit|atk|1
|-boost|p2b: Kingambit|def|1
|move|p1a: Annihilape|Final Gambit|p2b: Kingambit
|-damage|p2b: Kingambit|0 fnt
|faint|p1a: Annihilape
|faint|p2b: Kingambit
|move|p1b: Glimmora|Meteor Beam||[still]
|-prepare|p1b: Glimmora|Meteor Beam
|-boost|p1b: Glimmora|spa|1
|-enditem|p1b: Glimmora|Power Herb
|-anim|p1b: Glimmora|Meteor Beam|p2a: Sneasler
|-resisted|p2a: Sneasler
|-damage|p2a: Sneasler|31/100
|
|upkeep
|
|t:|1757116859
|switch|p2b: Dragonite|Dragonite, L50, F|100/100
|turn|5
|
|t:|1757116884
|move|p2a: Sneasler|Coaching|p2b: Dragonite
|-boost|p2b: Dragonite|atk|1
|-boost|p2b: Dragonite|def|1
|move|p1b: Glimmora|Earth Power|p2a: Sneasler
|-supereffective|p2a: Sneasler
|-damage|p2a: Sneasler|0 fnt
|faint|p2a: Sneasler
|move|p2b: Dragonite|Scale Shot|p1b: Glimmora
|-damage|p1b: Glimmora|72/100
|-activate|p1b: Glimmora|ability: Toxic Debris
|-sidestart|p2: FALL3N_DWN|move: Toxic Spikes
|-damage|p1b: Glimmora|43/100
|-activate|p1b: Glimmora|ability: Toxic Debris
|-sidestart|p2: FALL3N_DWN|move: Toxic Spikes
|-damage|p1b: Glimmora|17/100
|-damage|p1b: Glimmora|0 fnt
|faint|p1b: Glimmora
|-hitcount|p1: Glimmora|4
|
|win|FALL3N_DWN
|raw|Notaplaceofhonor's rating: 1155 → 1128(-27 for losing)
|raw|FALL3N_DWN's rating: 1126 → 1153(+27 for winning)
