|j|☆JeanChasuble
|j|☆hamstermaniacz
|html|JeanChasublehamstermaniacz    
|uhtml|bestof|Game 1 of a best-of-3
|t:|1757776605
|gametype|doubles
|player|p1|JeanChasuble|cheren-gen5bw2|1198
|player|p2|hamstermaniacz|medium|1317
|gen|9
|tier|[Gen 9] VGC 2025 Reg H (Bo3)
|rated|
|rule|Species Clause: Limit one of each Pokémon
|rule|Item Clause: Limit 1 of each item
|clearpoke
|poke|p1|Porygon2, L50|
|poke|p1|Ursaluna, L50, M|
|poke|p1|Incineroar, L50, M|
|poke|p1|Sneasler, L50, M|
|poke|p1|Hydreigon, L50, M|
|poke|p1|Amoonguss, L50, F|
|poke|p2|Florges, L50, F|
|poke|p2|Rillaboom, L50, F|
|poke|p2|Incineroar, L50, F|
|poke|p2|Tauros-Paldea-Blaze, L50, M|
|poke|p2|Klefki, L50, F|
|poke|p2|Tsareena, L50, F|
|teampreview|4
|showteam|p1|Porygon2||Eviolite|Download|TeraBlast,IceBeam,TrickRoom,Recover||||||50|,,,,,Flying]Ursaluna||FlameOrb|Guts|Facade,Substitute,HeadlongRush,Protect|||M|||50|,,,,,Ghost]Incineroar||RockyHelmet|Intimidate|FlareBlitz,FakeOut,KnockOff,PartingShot|||M|||50|,,,,,Grass]Sneasler||FocusSash|Unburden|CloseCombat,DireClaw,FakeOut,Protect|||M|||50|,,,,,Stellar]Hydreigon||SafetyGoggles|Levitate|DracoMeteor,Snarl,Protect,Tailwind|||M|||50|,,,,,Ghost]Amoonguss||SitrusBerry|Regenerator|SludgeBomb,Spore,RagePowder,Protect|||F|||50|,,,,,Water
|showteam|p2|Florges||Leftovers|FlowerVeil|Moonblast,DazzlingGleam,CalmMind,Protect|||F|||50|,,,,,Grass]Rillaboom||AssaultVest|GrassySurge|FakeOut,DrumBeating,GrassyGlide,HighHorsepower|||F|||50|,,,,,Grass]Incineroar||SafetyGoggles|Intimidate|FakeOut,KnockOff,FlareBlitz,PartingShot|||F|||50|,,,,,Grass]Tauros-Paldea-Blaze||ClearAmulet|Intimidate|RagingBull,CloseCombat,WillOWisp,Protect|||M|||50|,,,,,Psychic]Klefki||LightClay|Prankster|LightScreen,Reflect,TrickRoom,DazzlingGleam|||F|||50|,,,,,Water]Tsareena||ChoiceBand|QueenlyMajesty|PowerWhip,GrassyGlide,Uturn,HighJumpKick|||F|||50|,,,,,Bug
|
|t:|1757776641
|teamsize|p1|4
|teamsize|p2|4
|start
|switch|p1a: Porygon2|Porygon2, L50|100/100
|switch|p1b: Incineroar|Incineroar, L50, M|100/100
|switch|p2a: Florges|Florges, L50, F|100/100
|switch|p2b: Tauros|Tauros-Paldea-Blaze, L50, M|100/100
|-ability|p2b: Tauros|Intimidate|boost
|-unboost|p1a: Porygon2|atk|1
|-unboost|p1b: Incineroar|atk|1
|-ability|p1b: Incineroar|Intimidate|boost
|-unboost|p2a: Florges|atk|1
|-fail|p2b: Tauros|unboost|[from] item: Clear Amulet|[of] p2b: Tauros
|-ability|p1a: Porygon2|Download|boost
|-boost|p1a: Porygon2|atk|1
|turn|1
|
|t:|1757776672
|switch|p2b: Incineroar|Incineroar, L50, F|100/100
|-ability|p2b: Incineroar|Intimidate|boost
|-unboost|p1a: Porygon2|atk|1
|-unboost|p1b: Incineroar|atk|1
|-terastallize|p2a: Florges|Grass
|move|p1b: Incineroar|Fake Out|p2b: Incineroar
|-crit|p2b: Incineroar
|-damage|p2b: Incineroar|85/100
|move|p2a: Florges|Calm Mind|p2a: Florges
|-boost|p2a: Florges|spa|1
|-boost|p2a: Florges|spd|1
|move|p1a: Porygon2|Trick Room|p1a: Porygon2
|-fieldstart|move: Trick Room|[of] p1a: Porygon2
|
|upkeep
|turn|2
|
|t:|1757776688
|move|p1a: Porygon2|Ice Beam|p2a: Florges
|-supereffective|p2a: Florges
|-damage|p2a: Florges|77/100
|move|p2b: Incineroar|Parting Shot|p1b: Incineroar
|-unboost|p1b: Incineroar|atk|1
|-unboost|p1b: Incineroar|spa|1
|
|t:|1757776696
|switch|p2b: Tauros|Tauros-Paldea-Blaze, L50, M|100/100|[from] Parting Shot
|-ability|p2b: Tauros|Intimidate|boost
|-unboost|p1a: Porygon2|atk|1
|-unboost|p1b: Incineroar|atk|1
|move|p1b: Incineroar|Parting Shot|p2a: Florges
|-block|p2a: Florges|ability: Flower Veil|[of] p2a: Florges
|move|p2a: Florges|Calm Mind|p2a: Florges
|-boost|p2a: Florges|spa|1
|-boost|p2a: Florges|spd|1
|
|-heal|p2a: Florges|83/100|[from] item: Leftovers
|upkeep
|turn|3
|
|t:|1757776727
|switch|p1b: Amoonguss|Amoonguss, L50, F|100/100
|switch|p2b: Rillaboom|Rillaboom, L50, F|100/100
|-fieldstart|move: Grassy Terrain|[from] ability: Grassy Surge|[of] p2b: Rillaboom
|move|p1a: Porygon2|Ice Beam|p2a: Florges
|-supereffective|p2a: Florges
|-damage|p2a: Florges|64/100
|move|p2a: Florges|Dazzling Gleam|p1b: Amoonguss|[spread] p1a,p1b
|-resisted|p1b: Amoonguss
|-crit|p1b: Amoonguss
|-damage|p1a: Porygon2|73/100
|-damage|p1b: Amoonguss|76/100
|
|-heal|p1b: Amoonguss|82/100|[from] Grassy Terrain
|-heal|p1a: Porygon2|80/100|[from] Grassy Terrain
|-heal|p2a: Florges|70/100|[from] Grassy Terrain
|-heal|p2a: Florges|76/100|[from] item: Leftovers
|upkeep
|turn|4
|
|t:|1757776751
|-terastallize|p1a: Porygon2|Flying
|move|p2b: Rillaboom|Fake Out|p1b: Amoonguss
|-damage|p1b: Amoonguss|69/100
|cant|p1b: Amoonguss|flinch
|move|p1a: Porygon2|Tera Blast|p2a: Florges|[anim] Tera Blast Flying
|-supereffective|p2a: Florges
|-damage|p2a: Florges|50/100
|move|p2a: Florges|Calm Mind|p2a: Florges
|-boost|p2a: Florges|spa|1
|-boost|p2a: Florges|spd|1
|
|-heal|p1b: Amoonguss|75/100|[from] Grassy Terrain
|-heal|p2a: Florges|56/100|[from] Grassy Terrain
|-heal|p2a: Florges|62/100|[from] item: Leftovers
|upkeep
|turn|5
|
|t:|1757776765
|switch|p2b: Incineroar|Incineroar, L50, F|85/100
|-ability|p2b: Incineroar|Intimidate|boost
|-unboost|p1a: Porygon2|atk|1
|-unboost|p1b: Amoonguss|atk|1
|move|p2a: Florges|Protect|p2a: Florges
|-singleturn|p2a: Florges|Protect
|move|p1b: Amoonguss|Sludge Bomb|p2b: Incineroar
|-damage|p2b: Incineroar|62/100
|-status|p2b: Incineroar|psn
|move|p1a: Porygon2|Tera Blast|p2a: Florges|[anim] Tera Blast Flying
|-activate|p2a: Florges|move: Protect
|
|-heal|p1b: Amoonguss|81/100|[from] Grassy Terrain
|-heal|p2b: Incineroar|68/100 psn|[from] Grassy Terrain
|-heal|p2a: Florges|68/100|[from] Grassy Terrain
|-heal|p2a: Florges|74/100|[from] item: Leftovers
|-damage|p2b: Incineroar|55/100 psn|[from] psn
|-fieldend|move: Trick Room
|upkeep
|turn|6
|
|t:|1757776786
|move|p2b: Incineroar|Fake Out|p1a: Porygon2
|-damage|p1a: Porygon2|71/100
|move|p2a: Florges|Moonblast|p1a: Porygon2
|-damage|p1a: Porygon2|15/100
|move|p1b: Amoonguss|Sludge Bomb|p2a: Florges
|-supereffective|p2a: Florges
|-damage|p2a: Florges|60/100
|cant|p1a: Porygon2|flinch
|
|-heal|p2a: Florges|66/100|[from] Grassy Terrain
|-heal|p2a: Florges|72/100|[from] item: Leftovers
|-heal|p2b: Incineroar|61/100 psn|[from] Grassy Terrain
|-heal|p1b: Amoonguss|87/100|[from] Grassy Terrain
|-damage|p2b: Incineroar|49/100 psn|[from] psn
|upkeep
|turn|7
|
|t:|1757776811
|switch|p1a: Incineroar|Incineroar, L50, M|100/100
|-ability|p1a: Incineroar|Intimidate|boost
|-block|p2a: Florges|ability: Flower Veil|[of] p2a: Florges
|-unboost|p2b: Incineroar|atk|1
|move|p2a: Florges|Dazzling Gleam|p1b: Amoonguss|[spread] p1a,p1b
|-resisted|p1b: Amoonguss
|-damage|p1a: Incineroar|51/100
|-damage|p1b: Amoonguss|63/100
|move|p2b: Incineroar|Flare Blitz|p1b: Amoonguss
|-supereffective|p1b: Amoonguss
|-damage|p1b: Amoonguss|5/100
|-enditem|p1b: Amoonguss|Sitrus Berry|[eat]
|-heal|p1b: Amoonguss|30/100|[from] item: Sitrus Berry
|-damage|p2b: Incineroar|28/100 psn|[from] Recoil
|move|p1b: Amoonguss|Sludge Bomb|p2a: Florges
|-supereffective|p2a: Florges
|-damage|p2a: Florges|58/100
|
|-heal|p2a: Florges|64/100|[from] Grassy Terrain
|-heal|p2a: Florges|70/100|[from] item: Leftovers
|-heal|p1a: Incineroar|57/100|[from] Grassy Terrain
|-heal|p2b: Incineroar|34/100 psn|[from] Grassy Terrain
|-heal|p1b: Amoonguss|36/100|[from] Grassy Terrain
|-damage|p2b: Incineroar|22/100 psn|[from] psn
|-fieldend|move: Grassy Terrain
|upkeep
|turn|8
|
|t:|1757776835
|switch|p1b: Ursaluna|Ursaluna, L50, M|100/100
|move|p1a: Incineroar|Fake Out|p2a: Florges
|-damage|p2a: Florges|59/100
|cant|p2a: Florges|flinch
|move|p2b: Incineroar|Flare Blitz|p1b: Ursaluna
|-damage|p1b: Ursaluna|74/100
|-damage|p2b: Incineroar|12/100 psn|[from] Recoil
|
|-heal|p2a: Florges|65/100|[from] item: Leftovers
|-damage|p2b: Incineroar|0 fnt|[from] psn
|faint|p2b: Incineroar
|-status|p1b: Ursaluna|brn|[from] item: Flame Orb
|upkeep
|
|t:|1757776840
|switch|p2b: Tauros|Tauros-Paldea-Blaze, L50, M|100/100
|-ability|p2b: Tauros|Intimidate|boost
|-unboost|p1a: Incineroar|atk|1
|-unboost|p1b: Ursaluna|atk|1
|turn|9
|
|t:|1757776858
|switch|p1a: Amoonguss|Amoonguss, L50, F|69/100
|move|p1b: Ursaluna|Protect|p1b: Ursaluna
|-singleturn|p1b: Ursaluna|Protect
|move|p2b: Tauros|Close Combat|p1b: Ursaluna
|-activate|p1b: Ursaluna|move: Protect
|move|p2a: Florges|Moonblast|p1a: Amoonguss
|-resisted|p1a: Amoonguss
|-damage|p1a: Amoonguss|36/100
|
|-heal|p2a: Florges|71/100|[from] item: Leftovers
|-damage|p1b: Ursaluna|68/100 brn|[from] brn
|upkeep
|turn|10
|
|t:|1757776874
|move|p1a: Amoonguss|Rage Powder|p1a: Amoonguss
|-singleturn|p1a: Amoonguss|move: Rage Powder
|move|p2b: Tauros|Raging Bull|p1a: Amoonguss
|-supereffective|p1a: Amoonguss
|-damage|p1a: Amoonguss|0 fnt
|faint|p1a: Amoonguss
|move|p2a: Florges|Moonblast|p1b: Ursaluna
|-damage|p1b: Ursaluna|0 fnt
|faint|p1b: Ursaluna
|
|-heal|p2a: Florges|77/100|[from] item: Leftovers
|upkeep
|
|t:|1757776884
|switch|p1b: Porygon2|Porygon2, L50, tera:Flying|15/100
|switch|p1a: Incineroar|Incineroar, L50, M|57/100
|-ability|p1a: Incineroar|Intimidate|boost
|-block|p2a: Florges|ability: Flower Veil|[of] p2a: Florges
|-fail|p2b: Tauros|unboost|[from] item: Clear Amulet|[of] p2b: Tauros
|-ability|p1b: Porygon2|Download|boost
|-boost|p1b: Porygon2|atk|1
|turn|11
|
|t:|1757776899
|move|p1a: Incineroar|Fake Out|p2b: Tauros
|-damage|p2b: Tauros|89/100
|cant|p2b: Tauros|flinch
|move|p2a: Florges|Dazzling Gleam|p1b: Porygon2|[spread] p1a,p1b
|-damage|p1a: Incineroar|7/100
|-damage|p1b: Porygon2|0 fnt
|faint|p1b: Porygon2
|
|-heal|p2a: Florges|83/100|[from] item: Leftovers
|upkeep
|turn|12
|
|t:|1757776907
|move|p1a: Incineroar|Fake Out||[still]
|-hint|Fake Out only works on your first turn out.
|-fail|p1a: Incineroar
|move|p2b: Tauros|Close Combat|p1a: Incineroar
|-supereffective|p1a: Incineroar
|-damage|p1a: Incineroar|0 fnt
|-unboost|p2b: Tauros|def|1
|-unboost|p2b: Tauros|spd|1
|-damage|p2b: Tauros|72/100|[from] item: Rocky Helmet|[of] p1a: Incineroar
|faint|p1a: Incineroar
|
|win|hamstermaniacz
||JeanChasuble is ready for game 2.
||hamstermaniacz is ready for game 2.
|uhtml|next|Next: Game 2 of 3
