|j|☆testdigi
|j|☆Deuz7
|html|testdigiDeuz7    
|uhtml|bestof|Game 2 of a best-of-3
|t:|1785171033
|gametype|doubles
|player|p1|testdigi|169|1159
|player|p2|Deuz7|102|1172
|gen|9
|tier|[Gen 9 Champions] VGC 2026 Reg M-B (Bo3)
|rated|
|rule|Species Clause: Limit one of each Pokémon
|rule|Item Clause: Limit 1 of each item
|clearpoke
|poke|p1|Raichu, L50, M|
|poke|p1|Toxapex, L50, F|
|poke|p1|Mamoswine, L50, F|
|poke|p1|Sylveon, L50, M|
|poke|p1|Corviknight, L50, F|
|poke|p1|Basculegion, L50, M|
|poke|p2|Delphox, L50, M|
|poke|p2|Aerodactyl, L50, M|
|poke|p2|Incineroar, L50, F|
|poke|p2|Sneasler, L50, F|
|poke|p2|Basculegion, L50, M|
|poke|p2|Garchomp, L50, F|
|teampreview|4
|showteam|p1|Raichu||RaichuniteY|LightningRod|ZapCannon,FocusBlast,FakeOut,Protect|Timid||M|||50|]Toxapex||Leftovers|Regenerator|Infestation,Toxic,WideGuard,BanefulBunker|Relaxed||F|||50|]Mamoswine||LifeOrb|Oblivious|StompingTantrum,IceShard,RockSlide,Protect|Adamant||F|||50|]Sylveon||FairyFeather|Pixilate|HyperVoice,QuickAttack,Yawn,Detect|Modest||M|||50|]Corviknight||OccaBerry|MirrorArmor|IronHead,BraveBird,Tailwind,Protect|Adamant||F|||50|]Basculegion||FocusSash|Adaptability|LastRespects,Liquidation,AquaJet,Protect|Jolly||M|||50|
|showteam|p2|Delphox||Delphoxite|Blaze|NastyPlot,HeatWave,Psyshock,Protect|Modest||M|||50|]Aerodactyl||Aerodactylite|RockHead|RockSlide,DualWingbeat,WideGuard,Tailwind|Adamant||M|||50|]Incineroar||SitrusBerry|Intimidate|Roar,DarkestLariat,FakeOut,PartingShot|Impish||F|||50|]Sneasler||FocusSash|PoisonTouch|FakeOut,Protect,CloseCombat,DireClaw|Jolly||F|||50|]Basculegion||ChoiceScarf|Adaptability|AquaJet,LastRespects,WaveCrash,FlipTurn|Adamant||M|||50|]Garchomp||LifeOrb|RoughSkin|Earthquake,ScaleShot,StompingTantrum,Protect|Jolly||F|||50|
|
|t:|1785171064
|teamsize|p1|4
|teamsize|p2|4
|start
|switch|p1a: Mamoswine|Mamoswine, L50, F|100/100
|switch|p1b: Corviknight|Corviknight, L50, F|100/100
|switch|p2a: Garchomp|Garchomp, L50, F|100/100
|switch|p2b: Aerodactyl|Aerodactyl, L50, M|100/100
|turn|1
|
|t:|1785171098
|detailschange|p2b: Aerodactyl|Aerodactyl-Mega, L50, M
|-mega|p2b: Aerodactyl|Aerodactyl|Aerodactylite
|move|p2a: Garchomp|Protect|p2a: Garchomp
|-singleturn|p2a: Garchomp|Protect
|move|p1a: Mamoswine|Ice Shard|p2a: Garchomp
|-activate|p2a: Garchomp|move: Protect
|move|p2b: Aerodactyl|Rock Slide|p1a: Mamoswine|[spread] p1a,p1b
|-damage|p1a: Mamoswine|66/100
|-damage|p1b: Corviknight|73/100
|move|p1b: Corviknight|Tailwind|p1b: Corviknight
|-sidestart|p1: testdigi|move: Tailwind
|
|upkeep
|turn|2
|
|t:|1785171113
|switch|p2a: Incineroar|Incineroar, L50, F|100/100
|-ability|p2a: Incineroar|Intimidate|boost
|-fail|p1a: Mamoswine|unboost|Attack|[from] ability: Oblivious|[of] p1a: Mamoswine
|-ability|p1b: Corviknight|Mirror Armor
|-unboost|p2a: Incineroar|atk|1
|move|p1a: Mamoswine|Ice Shard|p2a: Incineroar
|-resisted|p2a: Incineroar|1
|-damage|p2a: Incineroar|87/100
|-damage|p1a: Mamoswine|56/100|[from] item: Life Orb
|move|p2b: Aerodactyl|Tailwind|p2b: Aerodactyl
|-sidestart|p2: Deuz7|move: Tailwind
|move|p1b: Corviknight|Iron Head|p2b: Aerodactyl
|-supereffective|p2b: Aerodactyl|1
|-damage|p2b: Aerodactyl|22/100
|
|upkeep
|turn|3
|
|t:|1785171135
|move|p1a: Mamoswine|Protect|p1a: Mamoswine
|-singleturn|p1a: Mamoswine|Protect
|move|p2a: Incineroar|Fake Out|p1a: Mamoswine
|-activate|p1a: Mamoswine|move: Protect
|move|p2b: Aerodactyl|Rock Slide|p1b: Corviknight|[spread] 
|-activate|p1a: Mamoswine|move: Protect
|-miss|p2b: Aerodactyl|p1b: Corviknight
|move|p1b: Corviknight|Iron Head|p2b: Aerodactyl
|-supereffective|p2b: Aerodactyl|1
|-damage|p2b: Aerodactyl|0 fnt
|faint|p2b: Aerodactyl
|
|upkeep
|
|t:|1785171151
|switch|p2b: Basculegion|Basculegion, L50, M|100/100
|turn|4
|
|t:|1785171171
|move|p1b: Corviknight|Protect|p1b: Corviknight
|-singleturn|p1b: Corviknight|Protect
|move|p2b: Basculegion|Flip Turn|p1a: Mamoswine
|-supereffective|p1a: Mamoswine|1
|-damage|p1a: Mamoswine|0 fnt
|faint|p1a: Mamoswine
|
|t:|1785171179
|switch|p2b: Garchomp|Garchomp, L50, F|100/100|[from] Flip Turn
|move|p2a: Incineroar|Darkest Lariat|p1b: Corviknight
|-activate|p1b: Corviknight|move: Protect
|
|-sideend|p1: testdigi|move: Tailwind
|upkeep
|
|t:|1785171188
|switch|p1a: Basculegion|Basculegion, L50, M|100/100
|turn|5
|
|t:|1785171199
|move|p1a: Basculegion|Protect|p1a: Basculegion
|-singleturn|p1a: Basculegion|Protect
|move|p2b: Garchomp|Scale Shot|p1a: Basculegion
|-activate|p1a: Basculegion|move: Protect
|move|p2a: Incineroar|Darkest Lariat|p1a: Basculegion
|-activate|p1a: Basculegion|move: Protect
|move|p1b: Corviknight|Tailwind|p1b: Corviknight
|-sidestart|p1: testdigi|move: Tailwind
|
|-sideend|p2: Deuz7|move: Tailwind
|upkeep
|turn|6
|
|t:|1785171222
|move|p2b: Garchomp|Protect|p2b: Garchomp
|-singleturn|p2b: Garchomp|Protect
|move|p1a: Basculegion|Liquidation|p2b: Garchomp
|-activate|p2b: Garchomp|move: Protect
|move|p1b: Corviknight|Brave Bird|p2a: Incineroar
|-damage|p2a: Incineroar|42/100
|-enditem|p2a: Incineroar|Sitrus Berry|[eat]
|-heal|p2a: Incineroar|67/100|[from] item: Sitrus Berry
|-damage|p1b: Corviknight|60/100|[from] Recoil
|move|p2a: Incineroar|Parting Shot|p1a: Basculegion
|-unboost|p1a: Basculegion|atk|1
|-unboost|p1a: Basculegion|spa|1
|
|t:|1785171238
|switch|p2a: Basculegion|Basculegion, L50, M|100/100|[from] Parting Shot
|
|upkeep
|turn|7
|
|t:|1785171259
|switch|p2a: Incineroar|Incineroar, L50, F|67/100
|-ability|p2a: Incineroar|Intimidate|boost
|-unboost|p1a: Basculegion|atk|1
|-ability|p1b: Corviknight|Mirror Armor
|-unboost|p2a: Incineroar|atk|1
|move|p1a: Basculegion|Liquidation|p2b: Garchomp
|-damage|p2b: Garchomp|70/100
|-damage|p1a: Basculegion|87/100|[from] ability: Rough Skin|[of] p2b: Garchomp
|move|p1b: Corviknight|Iron Head|p2a: Incineroar
|-resisted|p2a: Incineroar|1
|-damage|p2a: Incineroar|55/100
|move|p2b: Garchomp|Scale Shot|p1a: Basculegion
|-damage|p1a: Basculegion|65/100
|-damage|p1a: Basculegion|43/100
|-damage|p1a: Basculegion|18/100
|-hitcount|p1a: Basculegion|3
|-unboost|p2b: Garchomp|def|1
|-boost|p2b: Garchomp|spe|1
|-damage|p2b: Garchomp|61/100|[from] item: Life Orb
|
|upkeep
|turn|8
|
|t:|1785171285
|move|p2b: Garchomp|Protect|p2b: Garchomp
|-singleturn|p2b: Garchomp|Protect
|move|p1b: Corviknight|Protect|p1b: Corviknight
|-singleturn|p1b: Corviknight|Protect
|move|p2a: Incineroar|Fake Out|p1b: Corviknight
|-activate|p1b: Corviknight|move: Protect
|move|p1a: Basculegion|Aqua Jet|p2b: Garchomp
|-activate|p2b: Garchomp|move: Protect
|
|-sideend|p1: testdigi|move: Tailwind
|upkeep
|turn|9
|
|t:|1785171304
|move|p1a: Basculegion|Aqua Jet|p2b: Garchomp
|-damage|p2b: Garchomp|42/100
|-damage|p1a: Basculegion|6/100|[from] ability: Rough Skin|[of] p2b: Garchomp
|move|p2b: Garchomp|Scale Shot|p1a: Basculegion
|-damage|p1a: Basculegion|0 fnt
|faint|p1a: Basculegion
|-hitcount|p1: Basculegion|1
|-unboost|p2b: Garchomp|def|1
|-boost|p2b: Garchomp|spe|1
|-damage|p2b: Garchomp|32/100|[from] item: Life Orb
|move|p1b: Corviknight|Tailwind|p1b: Corviknight
|-sidestart|p1: testdigi|move: Tailwind
|move|p2a: Incineroar|Darkest Lariat|p1b: Corviknight
|-damage|p1b: Corviknight|41/100
|
|upkeep
|
|t:|1785171309
|switch|p1a: Raichu|Raichu, L50, M|100/100
|turn|10
|
|t:|1785171326
|detailschange|p1a: Raichu|Raichu-Mega-Y, L50, M
|-mega|p1a: Raichu|Raichu|Raichunite Y
|move|p2b: Garchomp|Protect|p2b: Garchomp
|-singleturn|p2b: Garchomp|Protect
|move|p1a: Raichu|Fake Out|p2b: Garchomp
|-activate|p2b: Garchomp|move: Protect
|move|p1b: Corviknight|Brave Bird|p2a: Incineroar
|-damage|p2a: Incineroar|15/100
|-damage|p1b: Corviknight|31/100|[from] Recoil
|move|p2a: Incineroar|Parting Shot|p1a: Raichu
|-unboost|p1a: Raichu|atk|1
|-unboost|p1a: Raichu|spa|1
|
|t:|1785171339
|switch|p2a: Basculegion|Basculegion, L50, M|100/100|[from] Parting Shot
|
|upkeep
|turn|11
|
|t:|1785171357
|switch|p2a: Incineroar|Incineroar, L50, F|15/100
|-ability|p2a: Incineroar|Intimidate|boost
|-unboost|p1a: Raichu|atk|1
|-ability|p1b: Corviknight|Mirror Armor
|-unboost|p2a: Incineroar|atk|1
|move|p1a: Raichu|Zap Cannon|p2a: Incineroar
|-damage|p2a: Incineroar|0 fnt
|faint|p2a: Incineroar
|move|p2b: Garchomp|Stomping Tantrum|p1a: Raichu
|-supereffective|p1a: Raichu|1
|-crit|p1a: Raichu
|-damage|p1a: Raichu|0 fnt
|faint|p1a: Raichu
|-damage|p2b: Garchomp|23/100|[from] item: Life Orb
|move|p1b: Corviknight|Brave Bird|p2b: Garchomp
|-damage|p2b: Garchomp|0 fnt
|-damage|p1b: Corviknight|19/100|[from] ability: Rough Skin|[of] p2b: Garchomp
|faint|p2b: Garchomp
|-damage|p1b: Corviknight|12/100|[from] Recoil
|
|upkeep
|-message|testdigi forfeited.
|
|win|Deuz7
