|j|☆Interceptor555
|j|☆Shadow of metrunui
|html|Interceptor555Shadow of metrunui    
|uhtml|bestof|Game 1 of a best-of-3
|t:|1756673657
|gametype|doubles
|player|p1|Interceptor555|steven|
|player|p2|Shadow of metrunui|170|
|gen|9
|tier|[Gen 9] VGC 2025 Reg H (Bo3)
|rule|Species Clause: Limit one of each Pokémon
|rule|Item Clause: Limit 1 of each item
|clearpoke
|poke|p1|Gholdengo, L50|
|poke|p1|Tyranitar, L50, M|
|poke|p1|Amoonguss, L50, F|
|poke|p1|Indeedee-F, L50, F|
|poke|p1|Rillaboom, L50, M|
|poke|p1|Armarouge, L50, F|
|poke|p2|Whimsicott, L50, M|
|poke|p2|Hydreigon, L50, M|
|poke|p2|Garchomp, L50, M|
|poke|p2|Mienshao, L50, M|
|poke|p2|Incineroar, L50, M|
|poke|p2|Gholdengo, L50|
|teampreview|4
|showteam|p1|Gholdengo||LifeOrb|GoodasGold|MakeItRain,ShadowBall,Protect,NastyPlot||||||50|,,,,,Steel]Tyranitar||Leftovers|SandStream|DarkPulse,PowerGem,Protect,EarthPower|||M|||50|,,,,,Grass]Amoonguss||SitrusBerry|Regenerator|Spore,RagePowder,Protect,PollenPuff|||F|||50|,,,,,Fire]Indeedee-F||PsychicSeed|PsychicSurge|Imprison,FollowMe,HelpingHand,TrickRoom|||F|||50|,,,,,Dark]Rillaboom||AssaultVest|GrassySurge|FakeOut,WoodHammer,Uturn,GrassyGlide|||M|||50|,,,,,Grass]Armarouge||PowerHerb|FlashFire|MeteorBeam,ArmorCannon,ExpandingForce,Protect|||F|||50|,,,,,Grass
|showteam|p2|Whimsicott||CovertCloak|Prankster|Tailwind,Taunt,Moonblast,Encore|||M|||50|,,,,,Ghost]Hydreigon||SafetyGoggles|Levitate|DracoMeteor,Snarl,Protect,Tailwind|||M|||50|,,,,,Steel]Garchomp||LifeOrb|RoughSkin|Earthquake,StompingTantrum,Protect,DragonClaw|||M|||50|,,,,,Grass]Mienshao||FocusSash|InnerFocus|CloseCombat,FakeOut,IceSpinner,Protect|||M|||50|,,,,,Grass]Incineroar||RockyHelmet|Intimidate|FakeOut,FlareBlitz,KnockOff,PartingShot|||M|||50|,,,,,Ghost]Gholdengo||MetalCoat|GoodasGold|MakeItRain,Protect,ShadowBall,NastyPlot||||||50|,,,,,Steel
|
|t:|1756673741
|teamsize|p1|4
|teamsize|p2|4
|start
|switch|p1a: Tyranitar|Tyranitar, L50, M|100/100
|switch|p1b: Gholdengo|Gholdengo, L50|100/100
|switch|p2a: Mienshao|Mienshao, L50, M|100/100
|switch|p2b: Incineroar|Incineroar, L50, M|100/100
|-ability|p2b: Incineroar|Intimidate|boost
|-unboost|p1a: Tyranitar|atk|1
|-unboost|p1b: Gholdengo|atk|1
|-weather|Sandstorm|[from] ability: Sand Stream|[of] p1a: Tyranitar
|turn|1
|
|t:|1756673785
|switch|p2a: Garchomp|Garchomp, L50, M|100/100
|move|p1b: Gholdengo|Protect|p1b: Gholdengo
|-singleturn|p1b: Gholdengo|Protect
|move|p1a: Tyranitar|Protect|p1a: Tyranitar
|-singleturn|p1a: Tyranitar|Protect
|move|p2b: Incineroar|Fake Out|p1a: Tyranitar
|-activate|p1a: Tyranitar|move: Protect
|
|-weather|Sandstorm|[upkeep]
|-damage|p2b: Incineroar|94/100|[from] Sandstorm
|upkeep
|turn|2
|
|t:|1756673817
|switch|p1b: Rillaboom|Rillaboom, L50, M|100/100
|-fieldstart|move: Grassy Terrain|[from] ability: Grassy Surge|[of] p1b: Rillaboom
|-terastallize|p1a: Tyranitar|Grass
|move|p2a: Garchomp|Earthquake|p1a: Tyranitar|[spread] p2b,p1a,p1b
|-supereffective|p2b: Incineroar
|-resisted|p1a: Tyranitar
|-resisted|p1b: Rillaboom
|-damage|p2b: Incineroar|43/100
|-damage|p1a: Tyranitar|91/100
|-damage|p1b: Rillaboom|89/100
|-damage|p2a: Garchomp|91/100|[from] item: Life Orb
|move|p1a: Tyranitar|Earth Power|p2a: Garchomp
|-damage|p2a: Garchomp|60/100
|move|p2b: Incineroar|Parting Shot|p1b: Rillaboom
|-unboost|p1b: Rillaboom|atk|1
|-unboost|p1b: Rillaboom|spa|1
|
|t:|1756673837
|switch|p2b: Hydreigon|Hydreigon, L50, M|100/100|[from] Parting Shot
|
|-weather|Sandstorm|[upkeep]
|-damage|p1b: Rillaboom|84/100|[from] Sandstorm
|-damage|p1a: Tyranitar|86/100|[from] Sandstorm
|-heal|p2a: Garchomp|66/100|[from] Grassy Terrain
|-heal|p1b: Rillaboom|89/100|[from] Grassy Terrain
|-heal|p1a: Tyranitar|91/100|[from] Grassy Terrain
|-heal|p1a: Tyranitar|97/100|[from] item: Leftovers
|upkeep
|turn|3
|
|t:|1756673880
|move|p2a: Garchomp|Protect|p2a: Garchomp
|-singleturn|p2a: Garchomp|Protect
|move|p1b: Rillaboom|Fake Out|p2b: Hydreigon
|-damage|p2b: Hydreigon|90/100
|cant|p2b: Hydreigon|flinch
|move|p1a: Tyranitar|Dark Pulse|p2a: Garchomp
|-activate|p2a: Garchomp|move: Protect
|
|-weather|Sandstorm|[upkeep]
|-damage|p1b: Rillaboom|84/100|[from] Sandstorm
|-damage|p1a: Tyranitar|91/100|[from] Sandstorm
|-heal|p2a: Garchomp|72/100|[from] Grassy Terrain
|-heal|p1b: Rillaboom|89/100|[from] Grassy Terrain
|-heal|p1a: Tyranitar|97/100|[from] Grassy Terrain
|-heal|p1a: Tyranitar|100/100|[from] item: Leftovers
|upkeep
|turn|4
|
|t:|1756673923
|switch|p2a: Incineroar|Incineroar, L50, M|43/100
|-ability|p2a: Incineroar|Intimidate|boost
|-unboost|p1a: Tyranitar|atk|1
|-unboost|p1b: Rillaboom|atk|1
|move|p2b: Hydreigon|Tailwind|p2b: Hydreigon
|-sidestart|p2: Shadow of metrunui|move: Tailwind
|move|p1b: Rillaboom|Wood Hammer|p2a: Incineroar
|-resisted|p2a: Incineroar
|-damage|p2a: Incineroar|24/100
|-damage|p1b: Rillaboom|73/100|[from] item: Rocky Helmet|[of] p2a: Incineroar
|-damage|p1b: Rillaboom|67/100|[from] Recoil
|move|p1a: Tyranitar|Power Gem|p2b: Hydreigon
|-damage|p2b: Hydreigon|50/100
|
|-weather|Sandstorm|[upkeep]
|-damage|p2a: Incineroar|18/100|[from] Sandstorm
|-damage|p1b: Rillaboom|61/100|[from] Sandstorm
|-damage|p1a: Tyranitar|95/100|[from] Sandstorm
|-heal|p2a: Incineroar|24/100|[from] Grassy Terrain
|-heal|p1b: Rillaboom|67/100|[from] Grassy Terrain
|-heal|p1a: Tyranitar|100/100|[from] Grassy Terrain
|upkeep
|turn|5
|
|t:|1756673966
|move|p1a: Tyranitar|Protect|p1a: Tyranitar
|-singleturn|p1a: Tyranitar|Protect
|move|p2b: Hydreigon|Snarl|p1b: Rillaboom|[spread] p1b
|-activate|p1a: Tyranitar|move: Protect
|-damage|p1b: Rillaboom|54/100
|-unboost|p1b: Rillaboom|spa|1
|move|p2a: Incineroar|Flare Blitz|p1b: Rillaboom
|-supereffective|p1b: Rillaboom
|-damage|p1b: Rillaboom|0 fnt
|faint|p1b: Rillaboom
|-damage|p2a: Incineroar|6/100|[from] Recoil
|
|-weather|none
|-heal|p2a: Incineroar|12/100|[from] Grassy Terrain
|upkeep
|
|t:|1756673987
|switch|p1b: Gholdengo|Gholdengo, L50|100/100
|turn|6
|
|t:|1756674025
|switch|p2a: Garchomp|Garchomp, L50, M|72/100
|switch|p1a: Amoonguss|Amoonguss, L50, F|100/100
|move|p2b: Hydreigon|Protect|p2b: Hydreigon
|-singleturn|p2b: Hydreigon|Protect
|move|p1b: Gholdengo|Make It Rain|p2a: Garchomp|[spread] p2a
|-activate|p2b: Hydreigon|move: Protect
|-damage|p2a: Garchomp|1/100
|-unboost|p1b: Gholdengo|spa|1
|-damage|p1b: Gholdengo|91/100|[from] item: Life Orb
|
|-heal|p2a: Garchomp|7/100|[from] Grassy Terrain
|-heal|p1b: Gholdengo|97/100|[from] Grassy Terrain
|-fieldend|move: Grassy Terrain
|upkeep
|turn|7
|
|t:|1756674066
|switch|p2b: Mienshao|Mienshao, L50, M|100/100
|switch|p1b: Tyranitar|Tyranitar, L50, M, tera:Grass|100/100
|-weather|Sandstorm|[from] ability: Sand Stream|[of] p1b: Tyranitar
|-terastallize|p2a: Garchomp|Grass
|move|p2a: Garchomp|Earthquake|p1a: Amoonguss|[spread] p2b,p1a,p1b
|-resisted|p1b: Tyranitar
|-enditem|p2b: Mienshao|Focus Sash
|-damage|p2b: Mienshao|1/100
|-damage|p1a: Amoonguss|63/100
|-damage|p1b: Tyranitar|79/100
|-damage|p2a: Garchomp|0 fnt|[from] item: Life Orb
|faint|p2a: Garchomp
|move|p1a: Amoonguss|Spore|p2b: Mienshao
|-status|p2b: Mienshao|slp|[from] move: Spore
|
|-weather|Sandstorm|[upkeep]
|-damage|p2b: Mienshao|0 fnt|[from] Sandstorm
|-damage|p1b: Tyranitar|73/100|[from] Sandstorm
|-damage|p1a: Amoonguss|57/100|[from] Sandstorm
|faint|p2b: Mienshao
|-heal|p1b: Tyranitar|79/100|[from] item: Leftovers
|-sideend|p2: Shadow of metrunui|move: Tailwind
|upkeep
|
|t:|1756674087
|switch|p2b: Incineroar|Incineroar, L50, M|12/100
|switch|p2a: Hydreigon|Hydreigon, L50, M|50/100
|-ability|p2b: Incineroar|Intimidate|boost
|-unboost|p1a: Amoonguss|atk|1
|-unboost|p1b: Tyranitar|atk|1
|turn|8
|
|t:|1756674121
|move|p1b: Tyranitar|Protect|p1b: Tyranitar
|-singleturn|p1b: Tyranitar|Protect
|move|p2a: Hydreigon|Tailwind|p2a: Hydreigon
|-sidestart|p2: Shadow of metrunui|move: Tailwind
|move|p2b: Incineroar|Knock Off|p1a: Amoonguss
|-damage|p1a: Amoonguss|20/100
|-enditem|p1a: Amoonguss|Sitrus Berry|[from] move: Knock Off|[of] p2b: Incineroar
|move|p1a: Amoonguss|Pollen Puff|p2a: Hydreigon
|-supereffective|p2a: Hydreigon
|-damage|p2a: Hydreigon|8/100
|
|-weather|Sandstorm|[upkeep]
|-damage|p2b: Incineroar|6/100|[from] Sandstorm
|-damage|p1b: Tyranitar|73/100|[from] Sandstorm
|-damage|p1a: Amoonguss|15/100|[from] Sandstorm
|-heal|p1b: Tyranitar|79/100|[from] item: Leftovers
|upkeep
|turn|9
|
|t:|1756674177
|move|p1a: Amoonguss|Rage Powder|p1a: Amoonguss
|-singleturn|p1a: Amoonguss|move: Rage Powder
|move|p2a: Hydreigon|Draco Meteor|p1b: Tyranitar
|-damage|p1b: Tyranitar|30/100
|-unboost|p2a: Hydreigon|spa|2
|move|p2b: Incineroar|Knock Off|p1a: Amoonguss
|-damage|p1a: Amoonguss|0 fnt
|faint|p1a: Amoonguss
|move|p1b: Tyranitar|Power Gem|p2a: Hydreigon
|-damage|p2a: Hydreigon|0 fnt
|faint|p2a: Hydreigon
|
|-weather|Sandstorm|[upkeep]
|-damage|p2b: Incineroar|0 fnt|[from] Sandstorm
|-damage|p1b: Tyranitar|25/100|[from] Sandstorm
|faint|p2b: Incineroar
|
|win|Interceptor555
|inactive|Interceptor555 has 30 seconds to confirm battle start!
|inactive|Shadow of metrunui has 30 seconds to confirm battle start!
