|j|☆NETDlDO
|j|☆Eggy’sDad
|html|NETDlDOEggy’sDad    
|uhtml|bestof|Game 1 of a best-of-3
|t:|1786106586
|gametype|doubles
|player|p1|NETDlDO|bruno|1097
|player|p2|Eggy’sDad|2|1153
|gen|9
|tier|[Gen 9 Champions] VGC 2026 Reg M-B (Bo3)
|rated|
|rule|Species Clause: Limit one of each Pokémon
|rule|Item Clause: Limit 1 of each item
|clearpoke
|poke|p1|Pelipper, L50, F|
|poke|p1|Metagross, L50|
|poke|p1|Raichu, L50, F|
|poke|p1|Sylveon, L50, F|
|poke|p1|Aerodactyl, L50, F|
|poke|p1|Maushold, L50|
|poke|p2|Gengar, L50, F, shiny|
|poke|p2|Snorlax, L50, M|
|poke|p2|Incineroar, L50, F, shiny|
|poke|p2|Hawlucha, L50, M|
|poke|p2|Politoed, L50, F|
|poke|p2|Sinistcha-Masterpiece, L50|
|teampreview|4
|showteam|p1|Pelipper||DampRock|Drizzle|Hurricane,WeatherBall,Protect,Tailwind|Timid||F|||50|]Metagross||Metagrossite|ClearBody|PsychicFangs,IronHead,BodyPress,Protect|Adamant|||||50|]Raichu||RaichuniteY|Static|FocusBlast,FakeOut,ZapCannon,Protect|Timid||F|||50|]Sylveon||FairyFeather|Pixilate|HyperVoice,HyperBeam,Protect,CalmMind|Modest||F|||50|]Aerodactyl||FocusSash|Unnerve|Tailwind,RockSlide,DualWingbeat,Protect|Jolly||F|||50|]Maushold||WideLens|FriendGuard|PopulationBomb,Taunt,FollowMe,SuperFang|Jolly|||||50|
|showteam|p2|Gengar||Gengarite|CursedBody|PerishSong,ShadowBall,Disable,Protect|Timid||F|||50|]Snorlax||Leftovers|ThickFat|Protect,SmackDown,Stockpile,Fissure|Impish||M|||50|]Incineroar||PasshoBerry|Intimidate|FakeOut,Snarl,PartingShot,WillOWisp|Impish||F|||50|]Hawlucha||Hawluchanite|Limber|Detect,CrossChop,DualWingbeat,Entrainment|Jolly||M|||50|]Politoed||SitrusBerry|Drizzle|WeatherBall,Encore,PerishSong,Protect|Modest||F|||50|]Sinistcha-Masterpiece||FocusSash|Hospitality|MatchaGotcha,RagePowder,TrickRoom,Protect|Bold|||||50|
|
|t:|1786106645
|teamsize|p1|4
|teamsize|p2|4
|start
|switch|p1a: Raichu|Raichu, L50, F|100/100
|switch|p1b: Aerodactyl|Aerodactyl, L50, F|100/100
|switch|p2a: Hawlucha|Hawlucha, L50, M|100/100
|switch|p2b: Incineroar|Incineroar, L50, F, shiny|100/100
|-ability|p1b: Aerodactyl|Unnerve
|-ability|p2b: Incineroar|Intimidate|boost
|-unboost|p1a: Raichu|atk|1
|-unboost|p1b: Aerodactyl|atk|1
|turn|1
|
|t:|1786106679
|switch|p2b: Snorlax|Snorlax, L50, M|100/100
|detailschange|p2a: Hawlucha|Hawlucha-Mega, L50, M
|-mega|p2a: Hawlucha|Hawlucha|Hawluchanite
|detailschange|p1a: Raichu|Raichu-Mega-Y, L50, F
|-mega|p1a: Raichu|Raichu|Raichunite Y
|move|p1a: Raichu|Fake Out|p2b: Snorlax
|-damage|p2b: Snorlax|96/100
|move|p1b: Aerodactyl|Rock Slide|p2a: Hawlucha|[spread] p2a,p2b
|-damage|p2a: Hawlucha|84/100
|-damage|p2b: Snorlax|85/100
|move|p2a: Hawlucha|Entrainment|p2b: Snorlax
|-ability|p2b: Snorlax|No Guard|Thick Fat|[from] move: Entrainment|[of] p2a: Hawlucha
|
|-heal|p2b: Snorlax|91/100|[from] item: Leftovers
|upkeep
|turn|2
|
|t:|1786106716
|switch|p2a: Incineroar|Incineroar, L50, F, shiny|100/100
|-ability|p2a: Incineroar|Intimidate|boost
|-unboost|p1a: Raichu|atk|1
|-unboost|p1b: Aerodactyl|atk|1
|move|p2b: Snorlax|Protect|p2b: Snorlax
|-singleturn|p2b: Snorlax|Protect
|move|p1a: Raichu|Focus Blast|p2b: Snorlax
|-activate|p2b: Snorlax|move: Protect
|move|p1b: Aerodactyl|Rock Slide|p2b: Snorlax|[spread] 
|-activate|p2b: Snorlax|move: Protect
|-miss|p1b: Aerodactyl|p2a: Incineroar
|
|-heal|p2b: Snorlax|97/100|[from] item: Leftovers
|upkeep
|turn|3
|
|t:|1786106761
|move|p1a: Raichu|Protect|p1a: Raichu
|-singleturn|p1a: Raichu|Protect
|move|p2a: Incineroar|Fake Out|p1a: Raichu
|-activate|p1a: Raichu|move: Protect
|move|p1b: Aerodactyl|Rock Slide|p2a: Incineroar|[spread] p2a,p2b
|-supereffective|p2a: Incineroar|1
|-damage|p2a: Incineroar|81/100
|-damage|p2b: Snorlax|89/100
|cant|p2b: Snorlax|flinch
|
|-heal|p2b: Snorlax|95/100|[from] item: Leftovers
|upkeep
|turn|4
|
|t:|1786106828
|move|p1a: Raichu|Focus Blast|p2b: Snorlax
|-supereffective|p2b: Snorlax|1
|-damage|p2b: Snorlax|39/100
|move|p1b: Aerodactyl|Rock Slide|p2a: Incineroar|[spread] p2a,p2b
|-supereffective|p2a: Incineroar|1
|-damage|p2a: Incineroar|64/100
|-damage|p2b: Snorlax|31/100
|move|p2a: Incineroar|Parting Shot|p1a: Raichu
|-unboost|p1a: Raichu|atk|1
|-unboost|p1a: Raichu|spa|1
|
|t:|1786106839
|switch|p2a: Sinistcha|Sinistcha-Masterpiece, L50|100/100|[from] Parting Shot
|-heal|p2b: Snorlax|56/100|[from] ability: Hospitality|[of] p2a: Sinistcha
|move|p2b: Snorlax|Stockpile|p2b: Snorlax
|-start|p2b: Snorlax|stockpile1
|-boost|p2b: Snorlax|def|1
|-boost|p2b: Snorlax|spd|1
|
|-heal|p2b: Snorlax|62/100|[from] item: Leftovers
|upkeep
|turn|5
|
|t:|1786106872
|switch|p2a: Incineroar|Incineroar, L50, F, shiny|64/100
|-ability|p2a: Incineroar|Intimidate|boost
|-unboost|p1a: Raichu|atk|1
|-unboost|p1b: Aerodactyl|atk|1
|move|p2b: Snorlax|Protect|p2b: Snorlax
|-singleturn|p2b: Snorlax|Protect
|move|p1a: Raichu|Focus Blast|p2b: Snorlax
|-activate|p2b: Snorlax|move: Protect
|move|p1b: Aerodactyl|Rock Slide|p2b: Snorlax|[spread] p2a
|-activate|p2b: Snorlax|move: Protect
|-supereffective|p2a: Incineroar|1
|-damage|p2a: Incineroar|48/100
|
|-heal|p2b: Snorlax|68/100|[from] item: Leftovers
|upkeep
|turn|6
|
|t:|1786106899
|switch|p1b: Sylveon|Sylveon, L50, F|100/100
|move|p1a: Raichu|Protect|p1a: Raichu
|-singleturn|p1a: Raichu|Protect
|move|p2a: Incineroar|Fake Out|p1a: Raichu
|-activate|p1a: Raichu|move: Protect
|move|p2b: Snorlax|Smack Down|p1b: Sylveon
|-damage|p1b: Sylveon|82/100
|
|-heal|p2b: Snorlax|75/100|[from] item: Leftovers
|upkeep
|turn|7
|
|t:|1786106943
|switch|p2a: Sinistcha|Sinistcha-Masterpiece, L50|100/100
|-heal|p2b: Snorlax|100/100|[from] ability: Hospitality|[of] p2a: Sinistcha
|move|p1a: Raichu|Focus Blast|p2b: Snorlax
|-supereffective|p2b: Snorlax|1
|-damage|p2b: Snorlax|76/100
|move|p1b: Sylveon|Hyper Voice|p2b: Snorlax|[spread] p2a,p2b
|-damage|p2a: Sinistcha|44/100
|-damage|p2b: Snorlax|56/100
|move|p2b: Snorlax|Smack Down|p1a: Raichu
|-damage|p1a: Raichu|77/100
|
|-heal|p2b: Snorlax|62/100|[from] item: Leftovers
|upkeep
|turn|8
|
|t:|1786106970
|move|p2a: Sinistcha|Rage Powder|p2a: Sinistcha
|-singleturn|p2a: Sinistcha|move: Rage Powder
|move|p1a: Raichu|Focus Blast|p2a: Sinistcha
|-immune|p2a: Sinistcha
|move|p1b: Sylveon|Calm Mind|p1b: Sylveon
|-boost|p1b: Sylveon|spa|1
|-boost|p1b: Sylveon|spd|1
|move|p2b: Snorlax|Fissure|p1a: Raichu
|-damage|p1a: Raichu|0 fnt
|faint|p1a: Raichu
|-ohko
|
|-heal|p2b: Snorlax|69/100|[from] item: Leftovers
|upkeep
|
|t:|1786106984
|switch|p1a: Maushold|Maushold, L50|100/100
|turn|9
|
|t:|1786107014
|switch|p2a: Incineroar|Incineroar, L50, F, shiny|48/100
|-ability|p2a: Incineroar|Intimidate|boost
|-unboost|p1a: Maushold|atk|1
|-unboost|p1b: Sylveon|atk|1
|move|p1b: Sylveon|Protect|p1b: Sylveon
|-singleturn|p1b: Sylveon|Protect
|move|p2b: Snorlax|Protect|p2b: Snorlax
|-singleturn|p2b: Snorlax|Protect
|move|p1a: Maushold|Taunt|p2a: Incineroar
|-start|p2a: Incineroar|move: Taunt
|
|-heal|p2b: Snorlax|75/100|[from] item: Leftovers
|upkeep
|turn|10
|
|t:|1786107035
|switch|p1b: Aerodactyl|Aerodactyl, L50, F|100/100
|-ability|p1b: Aerodactyl|Unnerve
|move|p2a: Incineroar|Fake Out|p1a: Maushold
|-damage|p1a: Maushold|86/100
|cant|p1a: Maushold|flinch
|move|p2b: Snorlax|Fissure|p1b: Aerodactyl
|-immune|p1b: Aerodactyl
|
|-heal|p2b: Snorlax|81/100|[from] item: Leftovers
|upkeep
|turn|11
|
|t:|1786107058
|switch|p2a: Sinistcha|Sinistcha-Masterpiece, L50|44/100
|-heal|p2b: Snorlax|100/100|[from] ability: Hospitality|[of] p2a: Sinistcha
|move|p1b: Aerodactyl|Dual Wingbeat|p2a: Sinistcha
|-supereffective|p2a: Sinistcha|1
|-damage|p2a: Sinistcha|18/100
|-supereffective|p2a: Sinistcha|1
|-crit|p2a: Sinistcha
|-damage|p2a: Sinistcha|0 fnt
|faint|p2a: Sinistcha
|-hitcount|p2: Sinistcha|2
|move|p1a: Maushold|Super Fang|p2b: Snorlax
|-damage|p2b: Snorlax|50/100y
|move|p2b: Snorlax|Fissure|p1a: Maushold
|-damage|p1a: Maushold|0 fnt
|faint|p1a: Maushold
|-ohko
|
|-heal|p2b: Snorlax|56/100|[from] item: Leftovers
|upkeep
|
|t:|1786107083
|switch|p1a: Sylveon|Sylveon, L50, F|82/100
|switch|p2a: Incineroar|Incineroar, L50, F, shiny|48/100
|-ability|p2a: Incineroar|Intimidate|boost
|-unboost|p1a: Sylveon|atk|1
|-unboost|p1b: Aerodactyl|atk|1
|turn|12
|
|t:|1786107104
|move|p1b: Aerodactyl|Protect|p1b: Aerodactyl
|-singleturn|p1b: Aerodactyl|Protect
|move|p1a: Sylveon|Protect|p1a: Sylveon
|-singleturn|p1a: Sylveon|Protect
|move|p2a: Incineroar|Fake Out|p1b: Aerodactyl
|-activate|p1b: Aerodactyl|move: Protect
|move|p2b: Snorlax|Fissure|p1a: Sylveon
|-activate|p1a: Sylveon|move: Protect
|
|-heal|p2b: Snorlax|62/100|[from] item: Leftovers
|upkeep
|turn|13
|
|t:|1786107127
|switch|p2a: Hawlucha|Hawlucha-Mega, L50, M|84/100
|move|p2b: Snorlax|Protect|p2b: Snorlax
|-singleturn|p2b: Snorlax|Protect
|move|p1b: Aerodactyl|Rock Slide|p2b: Snorlax|[spread] p2a
|-activate|p2b: Snorlax|move: Protect
|-damage|p2a: Hawlucha|69/100
|move|p1a: Sylveon|Hyper Beam|p2b: Snorlax
|-activate|p2b: Snorlax|move: Protect
|
|-heal|p2b: Snorlax|68/100|[from] item: Leftovers
|upkeep
|turn|14
|
|t:|1786107153
|switch|p2a: Incineroar|Incineroar, L50, F, shiny|48/100
|-ability|p2a: Incineroar|Intimidate|boost
|-unboost|p1a: Sylveon|atk|1
|-unboost|p1b: Aerodactyl|atk|1
|move|p1a: Sylveon|Protect|p1a: Sylveon
|-singleturn|p1a: Sylveon|Protect
|move|p1b: Aerodactyl|Dual Wingbeat|p2b: Snorlax
|-damage|p2b: Snorlax|63/100
|-damage|p2b: Snorlax|58/100
|-hitcount|p2b: Snorlax|2
|move|p2b: Snorlax|Fissure|p1a: Sylveon
|-activate|p1a: Sylveon|move: Protect
|
|-heal|p2b: Snorlax|65/100|[from] item: Leftovers
|upkeep
|turn|15
|
|t:|1786107186
|move|p2a: Incineroar|Fake Out|p1b: Aerodactyl
|-resisted|p1b: Aerodactyl|1
|-crit|p1b: Aerodactyl
|-damage|p1b: Aerodactyl|86/100
|cant|p1b: Aerodactyl|flinch
|move|p1a: Sylveon|Calm Mind|p1a: Sylveon
|-boost|p1a: Sylveon|spa|1
|-boost|p1a: Sylveon|spd|1
|move|p2b: Snorlax|Fissure|p1a: Sylveon
|-damage|p1a: Sylveon|0 fnt
|faint|p1a: Sylveon
|-ohko
|
|-heal|p2b: Snorlax|71/100|[from] item: Leftovers
|upkeep
|turn|16
|
|t:|1786107209
|move|p1b: Aerodactyl|Dual Wingbeat|p2a: Incineroar
|-damage|p2a: Incineroar|41/100
|-damage|p2a: Incineroar|35/100
|-hitcount|p2a: Incineroar|2
|move|p2a: Incineroar|Parting Shot|p1b: Aerodactyl
|-unboost|p1b: Aerodactyl|atk|1
|-unboost|p1b: Aerodactyl|spa|1
|
|t:|1786107217
|switch|p2a: Hawlucha|Hawlucha-Mega, L50, M|69/100|[from] Parting Shot
|move|p2b: Snorlax|Smack Down|p1b: Aerodactyl
|-supereffective|p1b: Aerodactyl|1
|-damage|p1b: Aerodactyl|43/100
|-start|p1b: Aerodactyl|Smack Down
|
|-heal|p2b: Snorlax|77/100|[from] item: Leftovers
|upkeep
|turn|17
|inactive|Battle timer is ON: inactive players will automatically lose when time's up. (requested by NETDlDO)
|inactive|NETDlDO has 60 seconds left.
|
|t:|1786107260
|switch|p2a: Incineroar|Incineroar, L50, F, shiny|35/100
|-ability|p2a: Incineroar|Intimidate|boost
|-unboost|p1b: Aerodactyl|atk|1
|move|p1b: Aerodactyl|Rock Slide|p2a: Incineroar|[spread] p2a,p2b
|-supereffective|p2a: Incineroar|1
|-damage|p2a: Incineroar|21/100
|-damage|p2b: Snorlax|73/100
|move|p2b: Snorlax|Fissure|p1b: Aerodactyl
|-damage|p1b: Aerodactyl|0 fnt
|faint|p1b: Aerodactyl
|-ohko
|
|win|Eggy’sDad
||NETDlDO is ready for game 2.
||Eggy’sDad is ready for game 2.
|uhtml|next|Next: Game 2 of 3
