|j|☆ming0mang0
|j|☆luckstat10
|html|ming0mang0luckstat10    
|uhtml|bestof|Game 1 of a best-of-3
|t:|1756832143
|gametype|doubles
|player|p1|ming0mang0|harlequin|1028
|player|p2|luckstat10|265|1114
|gen|9
|tier|[Gen 9] VGC 2025 Reg H (Bo3)
|rated|
|rule|Species Clause: Limit one of each Pokémon
|rule|Item Clause: Limit 1 of each item
|clearpoke
|poke|p1|Sneasler, L50, F|
|poke|p1|Indeedee, L50, M|
|poke|p1|Ursaluna-Bloodmoon, L50, M|
|poke|p1|Electabuzz, L50, M|
|poke|p1|Incineroar, L50, F|
|poke|p1|Talonflame, L50, M|
|poke|p2|Rillaboom, L50, M|
|poke|p2|Sneasler, L50, F|
|poke|p2|Gholdengo, L50|
|poke|p2|Volcarona, L50, F|
|poke|p2|Ninetales-Alola, L50, M|
|poke|p2|Incineroar, L50, M|
|teampreview|4
|showteam|p1|Sneasler||PsychicSeed|Unburden|CloseCombat,DireClaw,ThroatChop,Protect|||F|||50|,,,,,Dark]Indeedee||FocusSash|PsychicSurge|ExpandingForce,TrickRoom,HelpingHand,Protect|||M|||50|,,,,,Psychic]Ursaluna-Bloodmoon||LifeOrb|MindsEye|BloodMoon,HyperVoice,EarthPower,Protect|||M|||50|,,,,,Normal]Electabuzz||Eviolite|VitalSpirit|Electroweb,FollowMe,Taunt,Protect|||M|||50|,,,,,Dragon]Incineroar||SafetyGoggles|Intimidate|FlareBlitz,KnockOff,PartingShot,FakeOut|||F|||50|,,,,,Ghost]Talonflame||CovertCloak|GaleWings|FlareBlitz,DualWingbeat,WillOWisp,Tailwind|||M|||50|,,,,,Fairy
|showteam|p2|Rillaboom||AssaultVest|GrassySurge|FakeOut,WoodHammer,GrassyGlide,HighHorsepower|||M|||50|,,,,,Fire]Sneasler||FocusSash|PoisonTouch|FakeOut,CloseCombat,DireClaw,Protect|||F|||50|,,,,,Stellar]Gholdengo||LifeOrb|GoodasGold|NastyPlot,MakeItRain,ShadowBall,Protect||||||50|,,,,,Water]Volcarona||SitrusBerry|FlameBody|QuiverDance,HeatWave,GigaDrain,Protect|||F|||50|,,,,,Grass]Ninetales-Alola||CovertCloak|SnowWarning|Blizzard,IcyWind,Moonblast,Protect|||M|||50|,,,,,Poison]Incineroar||SafetyGoggles|Intimidate|FakeOut,KnockOff,FlareBlitz,Taunt|||M|||50|,,,,,Ghost
|inactive|Battle timer is ON: inactive players will automatically lose when time's up. (requested by ming0mang0)
|
|t:|1756832221
|teamsize|p1|4
|teamsize|p2|4
|start
|switch|p1a: Ursaluna|Ursaluna-Bloodmoon, L50, M|100/100
|switch|p1b: Electabuzz|Electabuzz, L50, M|100/100
|switch|p2a: Mothers|Volcarona, L50, F, shiny|100/100
|switch|p2b: Incineroar|Incineroar, L50, M, shiny|100/100
|-ability|p2b: Incineroar|Intimidate|boost
|-unboost|p1a: Ursaluna|atk|1
|-unboost|p1b: Electabuzz|atk|1
|turn|1
|inactive|ming0mang0 has 30 seconds left.
|
|t:|1756832252
|move|p2b: Incineroar|Fake Out|p1b: Electabuzz
|-damage|p1b: Electabuzz|89/100
|cant|p1b: Electabuzz|flinch
|move|p2a: Mothers|Quiver Dance|p2a: Mothers
|-boost|p2a: Mothers|spa|1
|-boost|p2a: Mothers|spd|1
|-boost|p2a: Mothers|spe|1
|move|p1a: Ursaluna|Earth Power|p2b: Incineroar
|-supereffective|p2b: Incineroar
|-damage|p2b: Incineroar|0 fnt
|faint|p2b: Incineroar
|-damage|p1a: Ursaluna|91/100|[from] item: Life Orb
|
|upkeep
|
|t:|1756832262
|switch|p2b: Koba|Rillaboom, L50, M, shiny|100/100
|-fieldstart|move: Grassy Terrain|[from] ability: Grassy Surge|[of] p2b: Koba
|turn|2
|inactive|ming0mang0 has 30 seconds left.
|inactive|ming0mang0 has 20 seconds left.
|inactive|ming0mang0 has 15 seconds left.
|inactive|ming0mang0 has 10 seconds left.
|inactive|ming0mang0 has 5 seconds left.
|
|t:|1756832312
|move|p1a: Ursaluna|Protect|p1a: Ursaluna
|-singleturn|p1a: Ursaluna|Protect
|move|p2b: Koba|Fake Out|p1a: Ursaluna
|-activate|p1a: Ursaluna|move: Protect
|move|p2a: Mothers|Quiver Dance|p2a: Mothers
|-boost|p2a: Mothers|spa|1
|-boost|p2a: Mothers|spd|1
|-boost|p2a: Mothers|spe|1
|move|p1b: Electabuzz|Electroweb|p2b: Koba|[spread] p2b
|-miss|p1b: Electabuzz|p2a: Mothers
|-resisted|p2b: Koba
|-damage|p2b: Koba|95/100
|-unboost|p2b: Koba|spe|1
|
|-heal|p1b: Electabuzz|95/100|[from] Grassy Terrain
|-heal|p1a: Ursaluna|97/100|[from] Grassy Terrain
|-heal|p2b: Koba|100/100|[from] Grassy Terrain
|upkeep
|turn|3
|inactive|ming0mang0 has 30 seconds left.
|inactive|luckstat10 has 30 seconds left.
|inactive|ming0mang0 has 20 seconds left.
|inactive|luckstat10 has 20 seconds left.
|inactive|ming0mang0 has 15 seconds left.
|inactive|luckstat10 has 15 seconds left.
|inactive|ming0mang0 has 10 seconds left.
|inactive|luckstat10 has 10 seconds left.
|inactive|ming0mang0 has 5 seconds left.
|inactive|luckstat10 has 5 seconds left.
|
|t:|1756832367
|-terastallize|p2a: Mothers|Grass
|move|p2a: Mothers|Heat Wave|p1a: Ursaluna|[spread] p1b
|-miss|p2a: Mothers|p1a: Ursaluna
|-damage|p1b: Electabuzz|24/100
|move|p1b: Electabuzz|Electroweb|p2a: Mothers|[spread] p2a,p2b
|-resisted|p2a: Mothers
|-resisted|p2b: Koba
|-damage|p2a: Mothers|97/100
|-damage|p2b: Koba|95/100
|-unboost|p2a: Mothers|spe|1
|-unboost|p2b: Koba|spe|1
|move|p1a: Ursaluna|Blood Moon|p2a: Mothers
|-damage|p2a: Mothers|50/100
|-enditem|p2a: Mothers|Sitrus Berry|[eat]
|-heal|p2a: Mothers|75/100|[from] item: Sitrus Berry
|-damage|p1a: Ursaluna|87/100|[from] item: Life Orb
|move|p2b: Koba|High Horsepower|p1b: Electabuzz
|-supereffective|p1b: Electabuzz
|-damage|p1b: Electabuzz|0 fnt
|faint|p1b: Electabuzz
|
|-heal|p2a: Mothers|81/100|[from] Grassy Terrain
|-heal|p1a: Ursaluna|93/100|[from] Grassy Terrain
|-heal|p2b: Koba|100/100|[from] Grassy Terrain
|upkeep
|inactive|ming0mang0 has 30 seconds left.
|
|t:|1756832395
|switch|p1b: Sneasler|Sneasler, L50, F|100/100
|turn|4
|
|t:|1756832416
|switch|p1a: Indeedee|Indeedee, L50, M|100/100
|-fieldstart|move: Psychic Terrain|[from] ability: Psychic Surge|[of] p1a: Indeedee
|-enditem|p1b: Sneasler|Psychic Seed
|-boost|p1b: Sneasler|spd|1|[from] item: Psychic Seed
|switch|p2b: Midas|Gholdengo, L50|100/100
|move|p2a: Mothers|Protect|p2a: Mothers
|-singleturn|p2a: Mothers|Protect
|move|p1b: Sneasler|Dire Claw|p2a: Mothers
|-activate|p2a: Mothers|move: Protect
|
|upkeep
|turn|5
|inactive|ming0mang0 has 30 seconds left.
|inactive|luckstat10 has 30 seconds left.
|
|t:|1756832447
|switch|p2b: Koba|Rillaboom, L50, M, shiny|100/100
|-fieldstart|move: Grassy Terrain|[from] ability: Grassy Surge|[of] p2b: Koba
|move|p1a: Indeedee|Helping Hand|p1b: Sneasler
|-singleturn|p1b: Sneasler|Helping Hand|[of] p1a: Indeedee
|move|p1b: Sneasler|Dire Claw|p2a: Mothers
|-supereffective|p2a: Mothers
|-crit|p2a: Mothers
|-damage|p2a: Mothers|0 fnt
|faint|p2a: Mothers
|
|upkeep
|
|t:|1756832457
|switch|p2a: Midas|Gholdengo, L50|100/100
|turn|6
|inactive|ming0mang0 has 30 seconds left.
|inactive|ming0mang0 has 20 seconds left.
|inactive|ming0mang0 has 15 seconds left.
|
|t:|1756832497
|switch|p1a: Ursaluna|Ursaluna-Bloodmoon, L50, M|93/100
|move|p1b: Sneasler|Protect|p1b: Sneasler
|-singleturn|p1b: Sneasler|Protect
|move|p2b: Koba|Fake Out|p1b: Sneasler
|-activate|p1b: Sneasler|move: Protect
|move|p2a: Midas|Nasty Plot|p2a: Midas
|-boost|p2a: Midas|spa|2
|
|-heal|p1a: Ursaluna|99/100|[from] Grassy Terrain
|upkeep
|turn|7
|
|t:|1756832522
|-terastallize|p1b: Sneasler|Dark
|move|p1b: Sneasler|Throat Chop|p2a: Midas
|-supereffective|p2a: Midas
|-damage|p2a: Midas|0 fnt
|faint|p2a: Midas
|move|p2b: Koba|Wood Hammer|p1a: Ursaluna
|-supereffective|p1a: Ursaluna
|-damage|p1a: Ursaluna|0 fnt
|faint|p1a: Ursaluna
|-damage|p2b: Koba|70/100|[from] Recoil
|
|-heal|p2b: Koba|76/100|[from] Grassy Terrain
|upkeep
|
|t:|1756832533
|switch|p1a: Indeedee|Indeedee, L50, M|100/100
|-fieldstart|move: Psychic Terrain|[from] ability: Psychic Surge|[of] p1a: Indeedee
|turn|8
|
|t:|1756832539
|move|p1a: Indeedee|Helping Hand|p1b: Sneasler
|-singleturn|p1b: Sneasler|Helping Hand|[of] p1a: Indeedee
|move|p1b: Sneasler|Dire Claw|p2b: Koba
|-supereffective|p2b: Koba
|-damage|p2b: Koba|0 fnt
|faint|p2b: Koba
|
|win|ming0mang0
||luckstat10 is ready for game 2.
|inactive|ming0mang0 has 30 seconds to confirm battle start!
|inactive|ming0mang0 has 20 seconds to confirm battle start!
|inactive|ming0mang0 has 10 seconds to confirm battle start!
|uhtml|next|Next: Game 2 of 3
|l|☆luckstat10
|player|p2|
|l|☆ming0mang0
|player|p1|
|j|☆ming0mang0
|player|p1|ming0mang0|harlequin|
