|j|☆N0NAME1
|j|‽Voyy12
|html|N0NAME1Voyy12    
|uhtml|bestof|Game 1 of a best-of-3
|t:|1756209581
|gametype|doubles
|player|p1|N0NAME1|steven|1079
|player|p2|Voyy12|170|1036
|gen|9
|tier|[Gen 9] VGC 2025 Reg H (Bo3)
|rated|
|rule|Species Clause: Limit one of each Pokémon
|rule|Item Clause: Limit 1 of each item
|clearpoke
|poke|p1|Dondozo, L50, F|
|poke|p1|Tatsugiri, L50, M|
|poke|p1|Incineroar, L50, M|
|poke|p1|Rillaboom, L50, M|
|poke|p1|Spiritomb, L50, F|
|poke|p1|Dragapult, L50, M|
|poke|p2|Electabuzz, L50, F|
|poke|p2|Kingambit, L50, M|
|poke|p2|Volcarona, L50, M|
|poke|p2|Dragonite, L50, M|
|poke|p2|Sneasler, L50, F|
|poke|p2|Rillaboom, L50, M|
|teampreview|4
|showteam|p1|Dondozo||Leftovers|Unaware|Protect,Yawn,OrderUp,Liquidation|||F|||50|,,,,,Fire]Tatsugiri||ChoiceScarf|Commander|DracoMeteor,HydroPump,DragonCheer,IcyWind|||M|||50|,,,,,Dragon]Incineroar||SafetyGoggles|Intimidate|FakeOut,PartingShot,Taunt,KnockOff|||M|||50|,,,,,Bug]Rillaboom||AssaultVest|GrassySurge|FakeOut,Uturn,GrassyGlide,WoodHammer|||M|||50|,,,,,Water]Spiritomb||SitrusBerry|Infiltrator|TrickRoom,WillOWisp,ShadowBall,Snarl|||F|||50|,,,,,Poison]Dragapult||ChoiceBand|ClearBody|DragonDarts,PhantomForce,Outrage,Uturn|||M|||50|,,,,,Dragon
|showteam|p2|Electabuzz||Eviolite|VitalSpirit|FollowMe,Thunderbolt,Taunt,Protect|||F|||50|,,,,,Ghost]Kingambit||BlackGlasses|Defiant|KowtowCleave,SuckerPunch,SwordsDance,Protect|||M|||50|,,,,,Dark]Volcarona||Leftovers|FlameBody|HeatWave,TeraBlast,QuiverDance,Protect|||M|||50|,,,,,Fairy]Dragonite||LoadedDice|Multiscale|ScaleShot,ExtremeSpeed,Haze,Protect|||M|||50|,,,,,Fairy]Sneasler||FocusSash|Unburden|DireClaw,CloseCombat,Coaching,FakeOut|||F|||50|,,,,,Stellar]Rillaboom||AssaultVest|GrassySurge|FakeOut,WoodHammer,GrassyGlide,HighHorsepower|||M|||50|,,,,,Fire
|inactive|Battle timer is ON: inactive players will automatically lose when time's up. (requested by N0NAME1)
|inactive|N0NAME1 has 60 seconds left.
|inactive|Voyy12 has 60 seconds left.
|
|t:|1756209627
|teamsize|p1|4
|teamsize|p2|4
|start
|switch|p1a: Incineroar|Incineroar, L50, M|100/100
|switch|p1b: Spiritomb|Spiritomb, L50, F|100/100
|switch|p2a: Rillaboom|Rillaboom, L50, M|100/100
|switch|p2b: Volcarona|Volcarona, L50, M|100/100
|-fieldstart|move: Grassy Terrain|[from] ability: Grassy Surge|[of] p2a: Rillaboom
|-ability|p1a: Incineroar|Intimidate|boost
|-unboost|p2a: Rillaboom|atk|1
|-unboost|p2b: Volcarona|atk|1
|turn|1
|inactive|N0NAME1 has 30 seconds left.
|
|t:|1756209653
|move|p2a: Rillaboom|Fake Out|p1a: Incineroar
|-damage|p1a: Incineroar|94/100
|move|p2b: Volcarona|Quiver Dance|p2b: Volcarona
|-boost|p2b: Volcarona|spa|1
|-boost|p2b: Volcarona|spd|1
|-boost|p2b: Volcarona|spe|1
|cant|p1a: Incineroar|flinch
|move|p1b: Spiritomb|Will-O-Wisp|p2a: Rillaboom|[miss]
|-miss|p1b: Spiritomb|p2a: Rillaboom
|
|-heal|p1a: Incineroar|99/100|[from] Grassy Terrain
|upkeep
|turn|2
|inactive|Voyy12 has 30 seconds left.
|
|t:|1756209679
|move|p2b: Volcarona|Quiver Dance|p2b: Volcarona
|-boost|p2b: Volcarona|spa|1
|-boost|p2b: Volcarona|spd|1
|-boost|p2b: Volcarona|spe|1
|move|p2a: Rillaboom|High Horsepower|p1a: Incineroar
|-supereffective|p1a: Incineroar
|-damage|p1a: Incineroar|68/100
|move|p1a: Incineroar|Parting Shot|p2b: Volcarona
|-unboost|p2b: Volcarona|atk|1
|-unboost|p2b: Volcarona|spa|1
|
|t:|1756209687
|switch|p1a: Dondozo|Dondozo, L50, F|100/100|[from] Parting Shot
|move|p1b: Spiritomb|Snarl|p2b: Volcarona|[spread] p2a,p2b
|-damage|p2a: Rillaboom|90/100
|-damage|p2b: Volcarona|94/100
|-unboost|p2a: Rillaboom|spa|1
|-unboost|p2b: Volcarona|spa|1
|
|-heal|p2b: Volcarona|100/100|[from] Grassy Terrain
|-heal|p2a: Rillaboom|96/100|[from] Grassy Terrain
|upkeep
|turn|3
|inactive|Voyy12 has 30 seconds left.
|inactive|Voyy12 has 20 seconds left.
|
|t:|1756209727
|-terastallize|p2b: Volcarona|Fairy
|-terastallize|p1a: Dondozo|Fire
|move|p2b: Volcarona|Tera Blast|p1a: Dondozo|[anim] Tera Blast Fairy
|-resisted|p1a: Dondozo
|-damage|p1a: Dondozo|79/100
|move|p2a: Rillaboom|High Horsepower|p1a: Dondozo|[miss]
|-miss|p2a: Rillaboom|p1a: Dondozo
|move|p1b: Spiritomb|Will-O-Wisp|p2a: Rillaboom
|-status|p2a: Rillaboom|brn
|move|p1a: Dondozo|Yawn|p2b: Volcarona
|-start|p2b: Volcarona|move: Yawn|[of] p1a: Dondozo
|
|-heal|p2a: Rillaboom|100/100 brn|[from] Grassy Terrain
|-heal|p1a: Dondozo|86/100|[from] Grassy Terrain
|-heal|p1a: Dondozo|92/100|[from] item: Leftovers
|-damage|p2a: Rillaboom|95/100 brn|[from] brn
|upkeep
|turn|4
|
|t:|1756209749
|switch|p2b: Dragonite|Dragonite, L50, M|100/100
|switch|p2a: Kingambit|Kingambit, L50, M|100/100
|move|p1a: Dondozo|Protect|p1a: Dondozo
|-singleturn|p1a: Dondozo|Protect
|move|p1b: Spiritomb|Trick Room|p1b: Spiritomb
|-fieldstart|move: Trick Room|[of] p1b: Spiritomb
|
|-heal|p1a: Dondozo|98/100|[from] Grassy Terrain
|-heal|p1a: Dondozo|100/100|[from] item: Leftovers
|upkeep
|turn|5
|inactive|Voyy12 has 30 seconds left.
|
|t:|1756209781
|move|p2b: Dragonite|Extreme Speed|p1a: Dondozo
|-damage|p1a: Dondozo|85/100
|move|p1b: Spiritomb|Will-O-Wisp|p2a: Kingambit
|-status|p2a: Kingambit|brn
|move|p1a: Dondozo|Order Up|p2b: Dragonite
|-supereffective|p2b: Dragonite
|-damage|p2b: Dragonite|81/100
|move|p2a: Kingambit|Kowtow Cleave|p1a: Dondozo
|-damage|p1a: Dondozo|70/100
|
|-heal|p1a: Dondozo|76/100|[from] Grassy Terrain
|-heal|p1a: Dondozo|83/100|[from] item: Leftovers
|-damage|p2a: Kingambit|95/100 brn|[from] brn
|-fieldend|move: Grassy Terrain
|upkeep
|turn|6
|inactive|N0NAME1 has 30 seconds left.
|
|t:|1756209806
|move|p1b: Spiritomb|Will-O-Wisp|p2b: Dragonite
|-status|p2b: Dragonite|brn
|move|p1a: Dondozo|Order Up|p2b: Dragonite
|-supereffective|p2b: Dragonite
|-damage|p2b: Dragonite|35/100 brn
|move|p2a: Kingambit|Swords Dance|p2a: Kingambit
|-boost|p2a: Kingambit|atk|2
|move|p2b: Dragonite|Haze|p2b: Dragonite
|-clearallboost
|
|-heal|p1a: Dondozo|89/100|[from] item: Leftovers
|-damage|p2a: Kingambit|89/100 brn|[from] brn
|-damage|p2b: Dragonite|29/100 brn|[from] brn
|upkeep
|turn|7
|-message|Voyy12 forfeited.
|
|win|N0NAME1
