|j|☆prophetcassandra
|j|☆PrinceFrerin
|html|prophetcassandraPrinceFrerin    
|uhtml|bestof|Game 1 of a best-of-3
|t:|1783786845
|gametype|doubles
|player|p1|prophetcassandra|caitlin|
|player|p2|PrinceFrerin|266|
|gen|9
|tier|[Gen 9 Champions] VGC 2026 Reg M-B (Bo3)
|rule|Species Clause: Limit one of each Pokémon
|rule|Item Clause: Limit 1 of each item
|clearpoke
|poke|p1|Maushold-Four, L50|
|poke|p1|Gholdengo, L50|
|poke|p1|Swampert, L50, M|
|poke|p1|Talonflame, L50, M|
|poke|p1|Drampa, L50, F|
|poke|p1|Venusaur, L50, M|
|poke|p2|Sneasler, L50, F|
|poke|p2|Tauros-Paldea-Aqua, L50, M|
|poke|p2|Slowbro, L50, F|
|poke|p2|Gardevoir, L50, F|
|poke|p2|Metagross, L50|
|poke|p2|Kleavor, L50, M|
|teampreview|4
|showteam|p1|Maushold-Four||WideLens|FriendGuard|PopulationBomb,TidyUp,Crunch,Protect|Naive|||||50|]Gholdengo||LifeOrb|GoodasGold|MakeItRain,NastyPlot,Protect,DazzlingGleam|Modest|||||50|]Swampert||Swampertite|Torrent|Earthquake,HammerArm,FlipTurn,Waterfall|Lax||M|||50|]Talonflame||FocusSash|GaleWings|BraveBird,Roost,Tailwind,BlazeKick|Naive||M|||50|]Drampa||QuickClaw|CloudNine|HyperVoice,GrassKnot,DracoMeteor,ThunderWave|Quiet||F|||50|]Venusaur||Venusaurite|Overgrow|SludgeBomb,EarthPower,SleepPowder,Protect|Timid||M|||50|
|showteam|p2|Sneasler||FocusSash|Unburden|RockSlide,RockTomb,FakeOut,DireClaw|Adamant||F|||50|]Tauros-Paldea-Aqua||LifeOrb|Intimidate|AquaJet,CloseCombat,HighHorsepower,RagingBull|Naughty||M|||50|]Slowbro||SitrusBerry|Regenerator|Scald,IceBeam,NastyPlot,FoulPlay|Modest||F|||50|]Gardevoir||Gardevoirite|Trace|HyperVoice,Protect,CalmMind,Psychic|Quiet||F|||50|]Metagross||Metagrossite|ClearBody|MeteorMash,Protect,ShadowClaw,ThunderPunch|Adamant|||||50|]Kleavor||ChoiceScarf|SheerForce|StoneAxe,NightSlash,BrickBreak,DoubleHit|Adamant||M|||50|
|j| Joey Snowball
|inactive|Battle timer is ON: inactive players will automatically lose when time's up. (requested by prophetcassandra)
|c|☆prophetcassandra|timer mode
|c|☆prophetcassandra|lock in
|
|t:|1783786903
|teamsize|p1|4
|teamsize|p2|4
|start
|switch|p1a: Swampert|Swampert, L50, M|100/100
|switch|p1b: Talonflame|Talonflame, L50, M|100/100
|switch|p2a: Sneasler|Sneasler, L50, F|100/100
|switch|p2b: Tauros|Tauros-Paldea-Aqua, L50, M|100/100
|-ability|p2b: Tauros|Intimidate|boost
|-unboost|p1a: Swampert|atk|1
|-unboost|p1b: Talonflame|atk|1
|turn|1
|inactive|prophetcassandra has 30 seconds left.
|inactive|PrinceFrerin has 30 seconds left.
|inactive|PrinceFrerin has 20 seconds left.
|inactive|PrinceFrerin has 15 seconds left.
|
|t:|1783786944
|switch|p1b: Gholdengo|Gholdengo, L50|100/100
|move|p2a: Sneasler|Fake Out|p1b: Gholdengo
|-immune|p1b: Gholdengo
|move|p2b: Tauros|Close Combat|p1a: Swampert
|-damage|p1a: Swampert|41/100
|-unboost|p2b: Tauros|def|1
|-unboost|p2b: Tauros|spd|1
|-damage|p2b: Tauros|90/100|[from] item: Life Orb
|move|p1a: Swampert|Flip Turn|p2a: Sneasler
|-damage|p2a: Sneasler|73/100
|
|t:|1783786958
|switch|p1a: Talonflame|Talonflame, L50, M|100/100|[from] Flip Turn
|
|upkeep
|turn|2
|inactive|PrinceFrerin has 30 seconds left.
|inactive|PrinceFrerin has 20 seconds left.
|inactive|PrinceFrerin has 15 seconds left.
|
|t:|1783786998
|switch|p2a: Metagross|Metagross, L50|100/100
|move|p1a: Talonflame|Brave Bird|p2b: Tauros
|-supereffective|p2b: Tauros|1
|-damage|p2b: Tauros|0 fnt
|faint|p2b: Tauros
|-damage|p1a: Talonflame|64/100|[from] Recoil
|move|p1b: Gholdengo|Nasty Plot|p1b: Gholdengo
|-boost|p1b: Gholdengo|spa|2
|
|upkeep
|
|t:|1783787012
|switch|p2b: Sneasler|Sneasler, L50, F|73/100
|turn|3
|inactive|prophetcassandra has 30 seconds left.
|
|t:|1783787046
|switch|p1a: Swampert|Swampert, L50, M|41/100
|detailschange|p2a: Metagross|Metagross-Mega, L50
|-mega|p2a: Metagross|Metagross|Metagrossite
|move|p2b: Sneasler|Fake Out|p1a: Swampert
|-damage|p1a: Swampert|29/100
|move|p2a: Metagross|Shadow Claw|p1b: Gholdengo
|-supereffective|p1b: Gholdengo|1
|-damage|p1b: Gholdengo|21/100
|move|p1b: Gholdengo|Make It Rain|p2a: Metagross|[spread] p2a,p2b
|-resisted|p2a: Metagross|1
|-damage|p2a: Metagross|24/100
|-damage|p2b: Sneasler|0 fnt
|-unboost|p1b: Gholdengo|spa|2
|faint|p2b: Sneasler
|-damage|p1b: Gholdengo|11/100|[from] item: Life Orb
|
|upkeep
|
|t:|1783787062
|switch|p2b: Gardevoir|Gardevoir, L50, F|100/100
|-ability|p2b: Gardevoir|Good as Gold|Trace|[from] ability: Trace|[of] p1b: Gholdengo
|turn|4
|inactive|prophetcassandra has 30 seconds left.
|inactive|PrinceFrerin has 30 seconds left.
|
|t:|1783787094
|move|p2a: Metagross|Shadow Claw|p1b: Gholdengo
|-supereffective|p1b: Gholdengo|1
|-damage|p1b: Gholdengo|0 fnt
|faint|p1b: Gholdengo
|move|p2b: Gardevoir|Psychic|p1a: Swampert
|-damage|p1a: Swampert|0 fnt
|faint|p1a: Swampert
|
|upkeep
|
|t:|1783787102
|switch|p1b: Venusaur|Venusaur, L50, M|100/100
|switch|p1a: Talonflame|Talonflame, L50, M|64/100
|turn|5
|inactive|prophetcassandra has 30 seconds left.
|inactive|PrinceFrerin has 30 seconds left.
|inactive|PrinceFrerin has 20 seconds left.
|
|t:|1783787137
|detailschange|p1b: Venusaur|Venusaur-Mega, L50, M
|-mega|p1b: Venusaur|Venusaur|Venusaurite
|move|p1a: Talonflame|Tailwind|p1a: Talonflame
|-sidestart|p1: prophetcassandra|move: Tailwind
|move|p1b: Venusaur|Earth Power|p2a: Metagross
|-supereffective|p2a: Metagross|1
|-damage|p2a: Metagross|0 fnt
|faint|p2a: Metagross
|move|p2b: Gardevoir|Psychic|p1b: Venusaur
|-supereffective|p1b: Venusaur|1
|-damage|p1b: Venusaur|3/100
|
|upkeep
|turn|6
|
|t:|1783787159
|move|p1a: Talonflame|Brave Bird|p2b: Gardevoir
|-damage|p2b: Gardevoir|33/100
|-damage|p1a: Talonflame|39/100|[from] Recoil
|move|p1b: Venusaur|Sludge Bomb|p2b: Gardevoir
|-supereffective|p2b: Gardevoir|1
|-damage|p2b: Gardevoir|0 fnt
|faint|p2b: Gardevoir
|
|win|prophetcassandra
|c|☆prophetcassandra|gg
||prophetcassandra is ready for game 2.
