|j|☆ben harpic
|j|☆Jakobtc
|html|ben harpicJakobtc    
|uhtml|bestof|Game 2 of a best-of-3
|t:|1755923047
|gametype|doubles
|player|p1|ben harpic|102|1242
|player|p2|Jakobtc|riley|1210
|gen|9
|tier|[Gen 9] VGC 2025 Reg H (Bo3)
|rated|
|rule|Species Clause: Limit one of each Pokémon
|rule|Item Clause: Limit 1 of each item
|clearpoke
|poke|p1|Archaludon, L50, F|
|poke|p1|Dragapult, L50, M|
|poke|p1|Rillaboom, L50, F|
|poke|p1|Annihilape, L50, F|
|poke|p1|Maushold-Four, L50|
|poke|p1|Weezing, L50, F|
|poke|p2|Azumarill, L50, F|
|poke|p2|Archaludon, L50, M|
|poke|p2|Pelipper, L50, F|
|poke|p2|Annihilape, L50, M|
|poke|p2|Maushold-Four, L50|
|poke|p2|Rillaboom, L50, F|
|teampreview|4
|showteam|p1|Archaludon||PowerHerb|Stalwart|FlashCannon,Protect,DarkPulse,MeteorBeam|||F|||50|,,,,,Dark]Dragapult||LightClay|ClearBody|DragonDarts,Reflect,LightScreen,ThunderWave|||M|||50|,,,,,Dragon]Rillaboom||MiracleSeed|GrassySurge|WoodHammer,FakeOut,WorrySeed,GrassyGlide|||F|||50|,,,,,Grass]Annihilape||Leftovers|Defiant|RageFist,Protect,BulkUp,DrainPunch|||F|||50|,,,,,Normal]Maushold-Four||WideLens|FriendGuard|PopulationBomb,Protect,Taunt,ThunderWave||||||50|,,,,,Ghost]Weezing||WikiBerry|NeutralizingGas|SludgeBomb,Protect,Taunt,WillOWisp|||F|||50|,,,,,Ghost
|showteam|p2|Azumarill||SitrusBerry|HugePower|AquaJet,PlayRough,BellyDrum,Protect|||F|||50|,,,,,Poison]Archaludon||AssaultVest|Stamina|ElectroShot,DragonPulse,Snarl,BodyPress|||M|||50|,,,,,Bug]Pelipper||FocusSash|Drizzle|WeatherBall,Hurricane,Tailwind,Protect|||F|||50|,,,,,Ghost]Annihilape||Leftovers|Defiant|RageFist,DrainPunch,BulkUp,Protect|||M|||50|,,,,,Fire]Maushold-Four||SafetyGoggles|FriendGuard|FollowMe,BeatUp,Taunt,Protect||||||50|,,,,,Ghost]Rillaboom||MiracleSeed|GrassySurge|FakeOut,GrassyGlide,WoodHammer,HighHorsepower|||F|||50|,,,,,Fire
|inactive|Battle timer is ON: inactive players will automatically lose when time's up. (requested by Jakobtc)
|
|t:|1755923084
|teamsize|p1|4
|teamsize|p2|4
|start
|switch|p1a: Dragapult|Dragapult, L50, M|100/100
|switch|p1b: Archaludon|Archaludon, L50, F|100/100
|switch|p2a: Annihilape|Annihilape, L50, M|100/100
|switch|p2b: Maushold|Maushold-Four, L50|100/100
|turn|1
|
|t:|1755923094
|move|p1a: Dragapult|Thunder Wave|p2b: Maushold
|-status|p2b: Maushold|par
|move|p2a: Annihilape|Rage Fist|p1a: Dragapult
|-supereffective|p1a: Dragapult
|-damage|p1a: Dragapult|38/100
|move|p1b: Archaludon|Meteor Beam||[still]
|-prepare|p1b: Archaludon|Meteor Beam
|-boost|p1b: Archaludon|spa|1
|-enditem|p1b: Archaludon|Power Herb
|-anim|p1b: Archaludon|Meteor Beam|p2b: Maushold
|-damage|p2b: Maushold|32/100 par
|cant|p2b: Maushold|par
|
|upkeep
|turn|2
|
|t:|1755923118
|switch|p1a: Maushold|Maushold-Four, L50|100/100
|move|p2b: Maushold|Protect|p2b: Maushold
|-singleturn|p2b: Maushold|Protect
|move|p2a: Annihilape|Rage Fist|p1a: Maushold
|-immune|p1a: Maushold
|move|p1b: Archaludon|Flash Cannon|p2b: Maushold
|-activate|p2b: Maushold|move: Protect
|
|upkeep
|turn|3
|
|t:|1755923131
|switch|p1a: Dragapult|Dragapult, L50, M|38/100
|switch|p2b: Archaludon|Archaludon, L50, M, shiny|100/100
|move|p2a: Annihilape|Bulk Up|p2a: Annihilape
|-boost|p2a: Annihilape|atk|1
|-boost|p2a: Annihilape|def|1
|move|p1b: Archaludon|Flash Cannon|p2b: Archaludon
|-resisted|p2b: Archaludon
|-damage|p2b: Archaludon|80/100
|-ability|p2b: Archaludon|Stamina|boost
|-boost|p2b: Archaludon|def|1
|
|upkeep
|turn|4
|
|t:|1755923153
|move|p1a: Dragapult|Thunder Wave|p2a: Annihilape
|-status|p2a: Annihilape|par
|move|p2b: Archaludon|Dragon Pulse|p1a: Dragapult
|-supereffective|p1a: Dragapult
|-damage|p1a: Dragapult|0 fnt
|faint|p1a: Dragapult
|move|p1b: Archaludon|Dark Pulse|p2b: Archaludon
|-damage|p2b: Archaludon|51/100
|-ability|p2b: Archaludon|Stamina|boost
|-boost|p2b: Archaludon|def|1
|cant|p2a: Annihilape|par
|
|upkeep
|
|t:|1755923166
|switch|p1a: Annihilape|Annihilape, L50, F|100/100
|turn|5
|
|t:|1755923178
|-terastallize|p2a: Annihilape|Fire
|move|p2b: Archaludon|Dragon Pulse|p1a: Annihilape
|-damage|p1a: Annihilape|70/100
|move|p1a: Annihilape|Bulk Up|p1a: Annihilape
|-boost|p1a: Annihilape|atk|1
|-boost|p1a: Annihilape|def|1
|move|p1b: Archaludon|Meteor Beam||[still]
|-prepare|p1b: Archaludon|Meteor Beam
|-boost|p1b: Archaludon|spa|1
|move|p2a: Annihilape|Drain Punch|p1b: Archaludon
|-supereffective|p1b: Archaludon
|-damage|p1b: Archaludon|16/100
|
|-heal|p1a: Annihilape|76/100|[from] item: Leftovers
|upkeep
|turn|6
|
|t:|1755923200
|move|p2b: Archaludon|Dragon Pulse|p1b: Archaludon
|-damage|p1b: Archaludon|0 fnt
|faint|p1b: Archaludon
|move|p1a: Annihilape|Bulk Up|p1a: Annihilape
|-boost|p1a: Annihilape|atk|1
|-boost|p1a: Annihilape|def|1
|move|p2a: Annihilape|Rage Fist|p1a: Annihilape
|-supereffective|p1a: Annihilape
|-damage|p1a: Annihilape|44/100
|
|-heal|p1a: Annihilape|50/100|[from] item: Leftovers
|upkeep
|
|t:|1755923203
|switch|p1b: Maushold|Maushold-Four, L50|100/100
|turn|7
|
|t:|1755923216
|switch|p2b: Maushold|Maushold-Four, L50|32/100 par
|move|p1b: Maushold|Taunt|p2a: Annihilape
|-start|p2a: Annihilape|move: Taunt
|move|p1a: Annihilape|Drain Punch|p2b: Maushold
|-supereffective|p2b: Maushold
|-damage|p2b: Maushold|0 fnt
|-heal|p1a: Annihilape|63/100|[from] drain|[of] p2b: Maushold
|faint|p2b: Maushold
|move|p2a: Annihilape|Rage Fist|p1a: Annihilape
|-supereffective|p1a: Annihilape
|-damage|p1a: Annihilape|39/100
|
|-heal|p1a: Annihilape|45/100|[from] item: Leftovers
|upkeep
|
|t:|1755923230
|switch|p2b: Pelipper|Pelipper, L50, F|100/100
|-weather|RainDance|[from] ability: Drizzle|[of] p2b: Pelipper
|turn|8
|
|t:|1755923239
|move|p1b: Maushold|Population Bomb|p2b: Pelipper
|-damage|p2b: Pelipper|92/100
|-damage|p2b: Pelipper|83/100
|-damage|p2b: Pelipper|74/100
|-damage|p2b: Pelipper|64/100
|-damage|p2b: Pelipper|56/100
|-crit|p2b: Pelipper
|-damage|p2b: Pelipper|44/100
|-damage|p2b: Pelipper|37/100
|-damage|p2b: Pelipper|28/100
|-damage|p2b: Pelipper|20/100
|-damage|p2b: Pelipper|12/100
|-hitcount|p2b: Pelipper|10
|move|p2b: Pelipper|Tailwind|p2b: Pelipper
|-sidestart|p2: Jakobtc|move: Tailwind
|move|p2a: Annihilape|Drain Punch|p1b: Maushold
|-supereffective|p1b: Maushold
|-damage|p1b: Maushold|0 fnt
|faint|p1b: Maushold
|move|p1a: Annihilape|Rage Fist|p2b: Pelipper
|-damage|p2b: Pelipper|0 fnt
|faint|p2b: Pelipper
|
|-weather|RainDance|[upkeep]
|-heal|p1a: Annihilape|51/100|[from] item: Leftovers
|upkeep
|
|t:|1755923263
|switch|p2b: Archaludon|Archaludon, L50, M, shiny|51/100
|turn|9
|
|t:|1755923267
|move|p2b: Archaludon|Electro Shot||[still]
|-prepare|p2b: Archaludon|Electro Shot
|-boost|p2b: Archaludon|spa|1
|-anim|p2b: Archaludon|Electro Shot|p1a: Annihilape
|-damage|p1a: Annihilape|4/100
|move|p2a: Annihilape|Rage Fist|p1a: Annihilape
|-supereffective|p1a: Annihilape
|-damage|p1a: Annihilape|0 fnt
|faint|p1a: Annihilape
|
|win|Jakobtc
|raw|ben harpic's rating: 1242 → 1215(-27 for losing)
|raw|Jakobtc's rating: 1210 → 1237(+27 for winning)
|l|☆ben harpic
|player|p1|
