|j|☆BasedRen
|j|☆Threazoenine
|html|BasedRenThreazoenine    
|uhtml|bestof|Game 2 of a best-of-3
|t:|1756497719
|gametype|doubles
|player|p1|BasedRen|1|1057
|player|p2|Threazoenine|265|1000
|gen|9
|tier|[Gen 9] VGC 2025 Reg H (Bo3)
|rated|
|rule|Species Clause: Limit one of each Pokémon
|rule|Item Clause: Limit 1 of each item
|clearpoke
|poke|p1|Garchomp, L50, M|
|poke|p1|Blaziken, L50, F|
|poke|p1|Ceruledge, L50, F|
|poke|p1|Primarina, L50, F|
|poke|p1|Murkrow, L50, F|
|poke|p1|Zoroark-Hisui, L50, F|
|poke|p2|Tyranitar, L50, F|
|poke|p2|Excadrill, L50, M|
|poke|p2|Incineroar, L50, M|
|poke|p2|Hydrapple, L50, M|
|poke|p2|Primarina, L50, F|
|poke|p2|Volcarona, L50, M|
|teampreview|4
|showteam|p1|Garchomp||SafetyGoggles|RoughSkin|Earthquake,DragonClaw,Protect,BrickBreak|||M|||50|,,,,,Ground]Blaziken||FocusSash|SpeedBoost|Coaching,Protect,Overheat,AuraSphere|||F|||50|,,,,,Flying]Ceruledge||ClearAmulet|FlashFire|BitterBlade,SolarBlade,ShadowSneak,CloseCombat|||F|||50|,,,,,Grass]Primarina||ThroatSpray|LiquidVoice|Moonblast,HyperVoice,MistyTerrain,Protect|||F|||50|,,,,,Fairy]Murkrow||Eviolite|Prankster|Tailwind,FoulPlay,Haze,SunnyDay|||F|||50|,,,,,Ghost]Zoroark-Hisui||ChoiceSpecs|Illusion|BitterMalice,HyperVoice,HyperBeam,FocusBlast|||F|||50|,,,,,Normal
|showteam|p2|Tyranitar||AssaultVest|SandStream|KnockOff,RockSlide,TeraBlast,LowKick|||F|||50|,,,,,Flying]Excadrill||ClearAmulet|SandRush|IronHead,SwordsDance,Protect,HighHorsepower|||M|||50|,,,,,Ghost]Incineroar||SafetyGoggles|Intimidate|KnockOff,FlareBlitz,PartingShot,FakeOut|||M|||50|,,,,,Ghost]Hydrapple||Leftovers|Regenerator|FickleBeam,Yawn,PollenPuff,GigaDrain|||M|||50|,,,,,Fairy]Primarina||ThroatSpray|LiquidVoice|HyperVoice,Moonblast,Protect,Haze|||F|||50|,,,,,Dragon]Volcarona||RockyHelmet|FlameBody|HeatWave,QuiverDance,Protect,GigaDrain|||M|||50|,,,,,Grass
|inactive|Battle timer is ON: inactive players will automatically lose when time's up. (requested by BasedRen)
|
|t:|1756497741
|teamsize|p1|4
|teamsize|p2|4
|start
|switch|p1a: Blaziken|Blaziken, L50, F, shiny|100/100
|switch|p1b: Murkrow|Murkrow, L50, F|100/100
|switch|p2a: Volcarona|Volcarona, L50, M|100/100
|switch|p2b: Incineroar|Incineroar, L50, M|100/100
|-ability|p2b: Incineroar|Intimidate|boost
|-unboost|p1a: Blaziken|atk|1
|-unboost|p1b: Murkrow|atk|1
|turn|1
|
|t:|1756497760
|move|p2b: Incineroar|Fake Out|p1a: Blaziken
|-immune|p1a: Blaziken
|move|p1a: Blaziken|Focus Blast|p2b: Incineroar|[miss]
|-miss|p1a: Blaziken|p2b: Incineroar
|move|p2a: Volcarona|Quiver Dance|p2a: Volcarona
|-boost|p2a: Volcarona|spa|1
|-boost|p2a: Volcarona|spd|1
|-boost|p2a: Volcarona|spe|1
|move|p1b: Murkrow|Foul Play|p2b: Incineroar
|-resisted|p2b: Incineroar
|-damage|p2b: Incineroar|84/100
|
|upkeep
|turn|2
|
|t:|1756497780
|switch|p2b: Primarina|Primarina, L50, F|100/100
|move|p1b: Murkrow|Haze|p1b: Murkrow
|-clearallboost
|move|p1a: Blaziken|Focus Blast|p2b: Primarina
|-resisted|p2b: Primarina
|-damage|p2b: Primarina|75/100
|move|p2a: Volcarona|Quiver Dance|p2a: Volcarona
|-boost|p2a: Volcarona|spa|1
|-boost|p2a: Volcarona|spd|1
|-boost|p2a: Volcarona|spe|1
|
|upkeep
|turn|3
|inactive|Threazoenine has 30 seconds left.
|
|t:|1756497805
|switch|p1a: Blaziken|Blaziken, L50, F, shiny|100/100
|move|p1b: Murkrow|Haze|p1b: Murkrow
|-clearallboost
|move|p2a: Volcarona|Heat Wave|p1b: Murkrow|[spread] p1a,p1b
|-resisted|p1a: Blaziken
|-damage|p1a: Blaziken|74/100
|-damage|p1b: Murkrow|57/100
|-status|p1b: Murkrow|brn
|move|p2b: Primarina|Moonblast|p1b: Murkrow
|-supereffective|p1b: Murkrow
|-damage|p1b: Murkrow|0 fnt
|faint|p1b: Murkrow
|
|upkeep
|
|t:|1756497822
|switch|p1b: Ceruledge|Ceruledge, L50, F|100/100
|turn|4
|
|t:|1756497847
|switch|p2a: Incineroar|Incineroar, L50, M|84/100
|-ability|p2a: Incineroar|Intimidate|boost
|-unboost|p1a: Blaziken|atk|1
|-unboost|p1b: Ceruledge|atk|1
|-terastallize|p1b: Ceruledge|Normal
|move|p1b: Ceruledge|Hyper Voice|p2b: Primarina|[spread] p2a,p2b
|-damage|p2a: Incineroar|33/100
|-damage|p2b: Primarina|17/100
|move|p1a: Blaziken|Overheat|p2a: Incineroar
|-resisted|p2a: Incineroar
|-damage|p2a: Incineroar|11/100
|-unboost|p1a: Blaziken|spa|2
|move|p2b: Primarina|Hyper Voice|p1a: Blaziken|[spread] p1a,p1b
|-supereffective|p1a: Blaziken
|-damage|p1a: Blaziken|0 fnt
|-damage|p1b: Ceruledge|22/100
|replace|p1b: Zoroark|Zoroark-Hisui, L50, F, shiny
|-end|p1b: Zoroark|Illusion
|faint|p1a: Blaziken
|-enditem|p2b: Primarina|Throat Spray
|-boost|p2b: Primarina|spa|1|[from] item: Throat Spray
|
|upkeep
|
|t:|1756497862
|switch|p1a: Ceruledge|Ceruledge, L50, F|100/100
|turn|5
|
|t:|1756497872
|move|p2a: Incineroar|Fake Out|p1b: Zoroark
|-damage|p1b: Zoroark|0 fnt
|faint|p1b: Zoroark
|move|p1a: Ceruledge|Shadow Sneak|p2b: Primarina
|-crit|p2b: Primarina
|-damage|p2b: Primarina|0 fnt
|faint|p2b: Primarina
|
|upkeep
|
|t:|1756497878
|switch|p2b: Tyranitar|Tyranitar, L50, F|100/100
|-weather|Sandstorm|[from] ability: Sand Stream|[of] p2b: Tyranitar
|turn|6
|
|t:|1756497883
|move|p1a: Ceruledge|Close Combat|p2b: Tyranitar
|-supereffective|p2b: Tyranitar
|-damage|p2b: Tyranitar|0 fnt
|-unboost|p1a: Ceruledge|def|1
|-unboost|p1a: Ceruledge|spd|1
|faint|p2b: Tyranitar
|move|p2a: Incineroar|Knock Off|p1a: Ceruledge
|-supereffective|p1a: Ceruledge
|-damage|p1a: Ceruledge|0 fnt
|-enditem|p1a: Ceruledge|Clear Amulet|[from] move: Knock Off|[of] p2a: Incineroar
|faint|p1a: Ceruledge
|
|win|Threazoenine
|raw|BasedRen's rating: 1057 → 1035(-22 for losing)
|raw|Threazoenine's rating: 1000 → 1047(+47 for winning)
|l|☆BasedRen
|player|p1|
