|j|☆herlum
|j|☆CuboX11n
|html|herlumCuboX11n    
|uhtml|bestof|Game 1 of a best-of-3
|t:|1757843175
|gametype|doubles
|player|p1|herlum|2|1242
|player|p2|CuboX11n|crasherwake|1239
|gen|9
|tier|[Gen 9] VGC 2025 Reg H (Bo3)
|rated|
|rule|Species Clause: Limit one of each Pokémon
|rule|Item Clause: Limit 1 of each item
|clearpoke
|poke|p1|Ursaluna-Bloodmoon, L50, M|
|poke|p1|Sneasler, L50, F|
|poke|p1|Rillaboom, L50, M|
|poke|p1|Ninetales-Alola, L50, M|
|poke|p1|Kingambit, L50, F|
|poke|p1|Electabuzz, L50, F|
|poke|p2|Tyranitar, L50, M|
|poke|p2|Garchomp, L50, M|
|poke|p2|Basculegion, L50, M|
|poke|p2|Volcarona, L50, M|
|poke|p2|Amoonguss, L50, F|
|poke|p2|Grimmsnarl, L50, M|
|teampreview|4
|showteam|p1|Ursaluna-Bloodmoon||LifeOrb|MindsEye|BloodMoon,HyperVoice,EarthPower,Protect|||M|||50|,,,,,Normal]Sneasler||GrassySeed|Unburden|DireClaw,CloseCombat,Acrobatics,Protect|||F|||50|,,,,,Flying]Rillaboom||AssaultVest|GrassySurge|WoodHammer,Uturn,GrassyGlide,FakeOut|||M|||50|,,,,,Fire]Ninetales-Alola||LightClay|SnowWarning|AuroraVeil,Blizzard,Protect,IcyWind|||M|||50|,,,,,Ghost]Kingambit||BlackGlasses|Defiant|KowtowCleave,SuckerPunch,SwordsDance,Protect|||F|||50|,,,,,Dark]Electabuzz||Eviolite|VitalSpirit|FollowMe,Taunt,HelpingHand,Thunderbolt|||F|||50|,,,,,Dragon
|showteam|p2|Tyranitar||AssaultVest|SandStream|LowKick,TeraBlast,RockSlide,KnockOff|||M|||50|,,,,,Flying]Garchomp||BrightPowder|SandVeil|StompingTantrum,DragonClaw,SwordsDance,Protect|||M|||50|,,,,,Poison]Basculegion||ChoiceScarf|Adaptability|LastRespects,WaveCrash,FlipTurn,AquaJet|||M|||50|,,,,,Water]Volcarona||Leftovers|FlameBody|HeatWave,GigaDrain,QuiverDance,Protect|||M|||50|,,,,,Grass]Amoonguss||SitrusBerry|Regenerator|Spore,RagePowder,LeafStorm,ClearSmog|||F|||50|,,,,,Steel]Grimmsnarl||LightClay|Prankster|ThunderWave,LightScreen,Reflect,SpiritBreak|||M|||50|,,,,,Water
|inactive|Battle timer is ON: inactive players will automatically lose when time's up. (requested by herlum)
|inactive|herlum has 60 seconds left.
|inactive|CuboX11n has 60 seconds left.
|
|t:|1757843239
|teamsize|p1|4
|teamsize|p2|4
|start
|switch|p1a: Rillaboom|Rillaboom, L50, M|100/100
|switch|p1b: Sneasler|Sneasler, L50, F|100/100
|switch|p2a: Volcarona|Volcarona, L50, M|100/100
|switch|p2b: Grimmsnarl|Grimmsnarl, L50, M, shiny|100/100
|-fieldstart|move: Grassy Terrain|[from] ability: Grassy Surge|[of] p1a: Rillaboom
|-enditem|p1b: Sneasler|Grassy Seed
|-boost|p1b: Sneasler|def|1|[from] item: Grassy Seed
|turn|1
|inactive|herlum has 30 seconds left.
|
|t:|1757843268
|-terastallize|p1b: Sneasler|Flying
|move|p2a: Volcarona|Protect|p2a: Volcarona
|-singleturn|p2a: Volcarona|Protect
|move|p2b: Grimmsnarl|Reflect|p2b: Grimmsnarl
|-sidestart|p2: CuboX11n|Reflect
|move|p1b: Sneasler|Acrobatics|p2a: Volcarona
|-activate|p2a: Volcarona|move: Protect
|move|p1a: Rillaboom|Wood Hammer|p2a: Volcarona
|-activate|p2a: Volcarona|move: Protect
|
|upkeep
|turn|2
|inactive|CuboX11n has 30 seconds left.
|
|t:|1757843294
|move|p2b: Grimmsnarl|Thunder Wave|p1b: Sneasler
|-status|p1b: Sneasler|par
|move|p1b: Sneasler|Acrobatics|p2a: Volcarona
|-supereffective|p2a: Volcarona
|-damage|p2a: Volcarona|23/100
|move|p2a: Volcarona|Quiver Dance|p2a: Volcarona
|-boost|p2a: Volcarona|spa|1
|-boost|p2a: Volcarona|spd|1
|-boost|p2a: Volcarona|spe|1
|move|p1a: Rillaboom|U-turn|p2a: Volcarona
|-resisted|p2a: Volcarona
|-damage|p2a: Volcarona|14/100
|
|t:|1757843307
|switch|p1a: Electabuzz|Electabuzz, L50, F|100/100|[from] U-turn
|
|-heal|p2a: Volcarona|20/100|[from] Grassy Terrain
|-heal|p2a: Volcarona|26/100|[from] item: Leftovers
|upkeep
|turn|3
|
|t:|1757843328
|move|p2a: Volcarona|Protect|p2a: Volcarona
|-singleturn|p2a: Volcarona|Protect
|move|p1a: Electabuzz|Follow Me|p1a: Electabuzz
|-singleturn|p1a: Electabuzz|move: Follow Me
|move|p2b: Grimmsnarl|Light Screen|p2b: Grimmsnarl
|-sidestart|p2: CuboX11n|move: Light Screen
|move|p1b: Sneasler|Dire Claw|p2b: Grimmsnarl
|-supereffective|p2b: Grimmsnarl
|-damage|p2b: Grimmsnarl|45/100
|-status|p2b: Grimmsnarl|par
|
|-heal|p2a: Volcarona|32/100|[from] Grassy Terrain
|-heal|p2a: Volcarona|39/100|[from] item: Leftovers
|-heal|p2b: Grimmsnarl|50/100 par|[from] Grassy Terrain
|upkeep
|turn|4
|inactive|CuboX11n has 30 seconds left.
|
|t:|1757843355
|move|p2a: Volcarona|Heat Wave|p1b: Sneasler|[spread] p1a,p1b
|-damage|p1a: Electabuzz|63/100
|-damage|p1b: Sneasler|20/100 par
|cant|p1b: Sneasler|par
|move|p1a: Electabuzz|Thunderbolt|p2b: Grimmsnarl
|-damage|p2b: Grimmsnarl|32/100 par
|move|p2b: Grimmsnarl|Spirit Break|p1b: Sneasler
|-damage|p1b: Sneasler|0 fnt
|faint|p1b: Sneasler
|
|-heal|p2a: Volcarona|45/100|[from] Grassy Terrain
|-heal|p2a: Volcarona|51/100|[from] item: Leftovers
|-heal|p1a: Electabuzz|69/100|[from] Grassy Terrain
|-heal|p2b: Grimmsnarl|38/100 par|[from] Grassy Terrain
|upkeep
|
|t:|1757843375
|switch|p1b: Ursaluna|Ursaluna-Bloodmoon, L50, M|100/100
|turn|5
|
|t:|1757843386
|move|p2a: Volcarona|Protect|p2a: Volcarona
|-singleturn|p2a: Volcarona|Protect
|move|p1a: Electabuzz|Follow Me|p1a: Electabuzz
|-singleturn|p1a: Electabuzz|move: Follow Me
|move|p1b: Ursaluna|Blood Moon|p2a: Volcarona
|-activate|p2a: Volcarona|move: Protect
|move|p2b: Grimmsnarl|Spirit Break|p1a: Electabuzz
|-damage|p1a: Electabuzz|39/100
|-unboost|p1a: Electabuzz|spa|1
|
|-heal|p2a: Volcarona|57/100|[from] Grassy Terrain
|-heal|p2a: Volcarona|64/100|[from] item: Leftovers
|-heal|p1a: Electabuzz|45/100|[from] Grassy Terrain
|-heal|p2b: Grimmsnarl|44/100 par|[from] Grassy Terrain
|-fieldend|move: Grassy Terrain
|upkeep
|turn|6
|-message|herlum forfeited.
|
|win|CuboX11n
||herlum is ready for game 2.
||CuboX11n is ready for game 2.
|uhtml|next|Next: Game 2 of 3
