|j|☆SlipperyDanger
|j|☆solarflare11821
|html|SlipperyDangersolarflare11821    
|uhtml|bestof|Game 2 of a best-of-3
|t:|1783536069
|gametype|doubles
|player|p1|SlipperyDanger|cynthia-gen4|
|player|p2|solarflare11821|benga|
|gen|9
|tier|[Gen 9 Champions] VGC 2026 Reg M-B (Bo3)
|rule|Species Clause: Limit one of each Pokémon
|rule|Item Clause: Limit 1 of each item
|clearpoke
|poke|p1|Blastoise, L50, M|
|poke|p1|Sableye, L50, M|
|poke|p1|Maushold, L50|
|poke|p1|Farigiraf, L50, F|
|poke|p1|Mawile, L50, F|
|poke|p1|Incineroar, L50, M|
|poke|p2|Blastoise, L50, M|
|poke|p2|Delphox, L50, M|
|poke|p2|Sinistcha, L50|
|poke|p2|Incineroar, L50, F|
|poke|p2|Sneasler, L50, M|
|poke|p2|Kingambit, L50, M|
|teampreview|4
|showteam|p1|Blastoise||Blastoisinite|RainDish|WaterSpout,DarkPulse,ShellSmash,Protect|Modest||M|||50|]Sableye||RoseliBerry|Prankster|RainDance,Encore,Disable,FakeOut|Calm||M|||50|]Maushold||FocusSash|FriendGuard|FollowMe,RainDance,Feint,Protect|Jolly|||||50|]Farigiraf||LifeOrb|ArmorTail|HyperVoice,Psychic,TrickRoom,HelpingHand|Quiet||F|||50|]Mawile||Mawilite|HyperCutter|PlayRough,IronHead,SuckerPunch,Protect|Adamant||F|||50|]Incineroar||WhiteHerb|Intimidate|FlareBlitz,DarkestLariat,CloseCombat,FakeOut|Adamant||M|||50|
|showteam|p2|Blastoise||Blastoisinite|Torrent|Protect,WaterSpout,ShellSmash,DarkPulse|Modest||M|||50|]Delphox||Delphoxite|Blaze|Protect,HeatWave,NastyPlot,Psychic|Timid||M|||50|]Sinistcha||KasibBerry|Hospitality|Protect,MatchaGotcha,LifeDew,RagePowder|Bold|||||50|]Incineroar||PasshoBerry|Intimidate|FakeOut,FlareBlitz,PartingShot,DarkestLariat|Impish||F|||50|]Sneasler||FocusSash|PoisonTouch|FakeOut,CloseCombat,QuickGuard,PoisonJab|Jolly||M|||50|]Kingambit||BlackGlasses|Defiant|Protect,KowtowCleave,SwordsDance,SuckerPunch|Adamant||M|||50|
|inactive|Battle timer is ON: inactive players will automatically lose when time's up. (requested by solarflare11821)
|inactive|SlipperyDanger has 60 seconds left.
|
|t:|1783536160
|teamsize|p1|4
|teamsize|p2|4
|start
|switch|p1a: Farigiraf|Farigiraf, L50, F|100/100
|switch|p1b: Maushold|Maushold, L50|100/100
|switch|p2a: Blastoise|Blastoise, L50, M|100/100
|switch|p2b: Sneasler|Sneasler, L50, M|100/100
|turn|1
|c|☆solarflare11821|cool leadd
|inactive|solarflare11821 has 30 seconds left.
|inactive|solarflare11821 has 20 seconds left.
|inactive|solarflare11821 has 15 seconds left.
|c|☆SlipperyDanger|Tyty
|
|t:|1783536202
|switch|p2b: Kingambit|Kingambit, L50, M|100/100
|detailschange|p2a: Blastoise|Blastoise-Mega, L50, M
|-mega|p2a: Blastoise|Blastoise|Blastoisinite
|move|p1b: Maushold|Follow Me|p1b: Maushold
|-singleturn|p1b: Maushold|move: Follow Me
|move|p2a: Blastoise|Water Spout|p1b: Maushold|[spread] p1a,p1b
|-damage|p1a: Farigiraf|53/100
|-damage|p1b: Maushold|18/100
|move|p1a: Farigiraf|Trick Room|p1a: Farigiraf
|-fieldstart|move: Trick Room|[of] p1a: Farigiraf
|
|upkeep
|turn|2
|inactive|solarflare11821 has 30 seconds left.
|inactive|SlipperyDanger has 30 seconds left.
|inactive|solarflare11821 has 20 seconds left.
|inactive|solarflare11821 has 15 seconds left.
|inactive|solarflare11821 has 10 seconds left.
|
|t:|1783536247
|move|p1b: Maushold|Follow Me|p1b: Maushold
|-singleturn|p1b: Maushold|move: Follow Me
|move|p1a: Farigiraf|Psychic|p2a: Blastoise
|-damage|p2a: Blastoise|50/100y
|-damage|p1a: Farigiraf|43/100|[from] item: Life Orb
|move|p2b: Kingambit|Kowtow Cleave|p1b: Maushold
|-damage|p1b: Maushold|0 fnt
|faint|p1b: Maushold
|move|p2a: Blastoise|Dark Pulse|p1a: Farigiraf
|-supereffective|p1a: Farigiraf|1
|-damage|p1a: Farigiraf|0 fnt
|faint|p1a: Farigiraf
|
|upkeep
|
|t:|1783536254
|switch|p1a: Incineroar|Incineroar, L50, M|100/100
|switch|p1b: Mawile|Mawile, L50, F|100/100
|-ability|p1a: Incineroar|Intimidate|boost
|-unboost|p2a: Blastoise|atk|1
|-unboost|p2b: Kingambit|atk|1
|-ability|p2b: Kingambit|Defiant|boost
|-boost|p2b: Kingambit|atk|2
|turn|3
|inactive|solarflare11821 has 30 seconds left.
|inactive|solarflare11821 has 20 seconds left.
|inactive|solarflare11821 has 15 seconds left.
|inactive|solarflare11821 has 10 seconds left.
|
|t:|1783536302
|switch|p2a: Sneasler|Sneasler, L50, M|100/100
|detailschange|p1b: Mawile|Mawile-Mega, L50, F
|-mega|p1b: Mawile|Mawile|Mawilite
|move|p2b: Kingambit|Protect|p2b: Kingambit
|-singleturn|p2b: Kingambit|Protect
|move|p1b: Mawile|Play Rough|p2a: Sneasler|[miss]
|-miss|p1b: Mawile|p2a: Sneasler
|move|p1a: Incineroar|Close Combat|p2a: Sneasler
|-resisted|p2a: Sneasler|1
|-damage|p2a: Sneasler|66/100
|-unboost|p1a: Incineroar|def|1
|-unboost|p1a: Incineroar|spd|1
|-enditem|p1a: Incineroar|White Herb
|-clearnegativeboost|p1a: Incineroar|[silent]
|
|upkeep
|turn|4
|c|☆SlipperyDanger|Damnit
|c|☆SlipperyDanger|Read that too
|inactive|SlipperyDanger has 30 seconds left.
|inactive|solarflare11821 has 30 seconds left.
|inactive|SlipperyDanger has 20 seconds left.
|inactive|solarflare11821 has 20 seconds left.
|inactive|solarflare11821 has 15 seconds left.
|inactive|solarflare11821 has 10 seconds left.
|
|t:|1783536352
|move|p2a: Sneasler|Fake Out|p1a: Incineroar
|-damage|p1a: Incineroar|85/100
|move|p1b: Mawile|Play Rough|p2a: Sneasler
|-damage|p2a: Sneasler|0 fnt
|faint|p2a: Sneasler
|move|p2b: Kingambit|Kowtow Cleave|p1b: Mawile
|-resisted|p1b: Mawile|1
|-damage|p1b: Mawile|56/100
|cant|p1a: Incineroar|flinch
|
|upkeep
|
|t:|1783536364
|switch|p2a: Incineroar|Incineroar, L50, F|100/100
|-ability|p2a: Incineroar|Intimidate|boost
|-unboost|p1a: Incineroar|atk|1
|-unboost|p1b: Mawile|atk|1
|turn|5
|inactive|solarflare11821 has 30 seconds left.
|
|t:|1783536397
|move|p2a: Incineroar|Fake Out|p1a: Incineroar
|-damage|p1a: Incineroar|75/100
|move|p1b: Mawile|Play Rough|p2a: Incineroar
|-damage|p2a: Incineroar|56/100
|move|p2b: Kingambit|Kowtow Cleave|p1a: Incineroar
|-resisted|p1a: Incineroar|1
|-damage|p1a: Incineroar|30/100
|cant|p1a: Incineroar|flinch
|
|-fieldend|move: Trick Room
|upkeep
|turn|6
|
|t:|1783536417
|move|p1b: Mawile|Protect|p1b: Mawile
|-singleturn|p1b: Mawile|Protect
|move|p2a: Incineroar|Flare Blitz|p1b: Mawile
|-activate|p1b: Mawile|move: Protect
|move|p1a: Incineroar|Close Combat|p2a: Incineroar
|-supereffective|p2a: Incineroar|1
|-crit|p2a: Incineroar
|-damage|p2a: Incineroar|0 fnt
|-unboost|p1a: Incineroar|def|1
|-unboost|p1a: Incineroar|spd|1
|faint|p2a: Incineroar
|move|p2b: Kingambit|Kowtow Cleave|p1a: Incineroar
|-resisted|p1a: Incineroar|1
|-damage|p1a: Incineroar|0 fnt
|faint|p1a: Incineroar
|
|upkeep
|
|t:|1783536432
|switch|p2a: Blastoise|Blastoise-Mega, L50, M|50/100y
|turn|7
|
|t:|1783536453
|move|p1b: Mawile|Sucker Punch|p2a: Blastoise
|-damage|p2a: Blastoise|18/100
|move|p2a: Blastoise|Water Spout|p1b: Mawile
|-damage|p1b: Mawile|38/100
|move|p2b: Kingambit|Kowtow Cleave|p1b: Mawile
|-resisted|p1b: Mawile|1
|-damage|p1b: Mawile|0 fnt
|faint|p1b: Mawile
|
|win|solarflare11821
|c|☆SlipperyDanger|Gg
|c|☆solarflare11821|ggwp
|l|☆SlipperyDanger
|player|p1|
