|j|☆kimu dora
|j|☆yamamagames
|html|kimu dorayamamagames    
|uhtml|bestof|Game 3 of a best-of-3
|t:|1785995180
|gametype|doubles
|player|p1|kimu dora|170|1173
|player|p2|yamamagames|red|1163
|gen|9
|tier|[Gen 9 Champions] VGC 2026 Reg M-B (Bo3)
|rated|
|rule|Species Clause: Limit one of each Pokémon
|rule|Item Clause: Limit 1 of each item
|clearpoke
|poke|p1|Raichu, L50, M|
|poke|p1|Sylveon, L50, M|
|poke|p1|Farigiraf, L50, M|
|poke|p1|Staraptor, L50, M|
|poke|p1|Arcanine-Hisui, L50, F|
|poke|p1|Kingambit, L50, M|
|poke|p2|Raichu, L50, F|
|poke|p2|Jolteon, L50, F|
|poke|p2|Ninetales-Alola, L50, F|
|poke|p2|Talonflame, L50, M|
|poke|p2|Floette-Eternal, L50, F|
|poke|p2|Meowscarada, L50, F|
|teampreview|4
|showteam|p1|Raichu||RaichuniteY|LightningRod|ZapCannon,FocusBlast,FakeOut,Protect|Timid||M|||50|]Sylveon||FairyFeather|Pixilate|HyperVoice,QuickAttack,HyperBeam,Detect|Modest||M|||50|]Farigiraf||SitrusBerry|ArmorTail|HelpingHand,TrickRoom,Psychic,Protect|Calm||M|||50|]Staraptor||Staraptite|Intimidate|DualWingbeat,CloseCombat,Tailwind,Protect|Jolly||M|||50|]Arcanine-Hisui||FocusSash|RockHead|FlareBlitz,HeadSmash,ExtremeSpeed,Protect|Jolly||F|||50|]Kingambit||LifeOrb|Defiant|KowtowCleave,SuckerPunch,SwordsDance,Protect|Adamant||M|||50|
|showteam|p2|Raichu||RaichuniteX|Static|RisingVoltage,VoltSwitch,FakeOut,Protect|Timid||F|||50|]Jolteon||FocusSash|VoltAbsorb|RisingVoltage,VoltSwitch,WeatherBall,Protect|Timid||F|||50|]Ninetales-Alola||NeverMeltIce|SnowWarning|Blizzard,FreezeDry,AuroraVeil,Protect|Timid||F|||50|]Talonflame||LifeOrb|GaleWings|BraveBird,Tailwind,FlareBlitz,Protect|Jolly||M|||50|]Floette-Eternal||Floettite|FlowerVeil|LightofRuin,Moonblast,DazzlingGleam,Protect|Modest||F|||50|]Meowscarada||ChoiceScarf|Protean|FlowerTrick,SuckerPunch,KnockOff,BrickBreak|Jolly||F|||50|
|
|t:|1785995203
|teamsize|p1|4
|teamsize|p2|4
|start
|switch|p1a: Sylveon|Sylveon, L50, M|100/100
|switch|p1b: Arcanine|Arcanine-Hisui, L50, F|100/100
|switch|p2a: Floette|Floette-Eternal, L50, F|100/100
|switch|p2b: Meowscarada|Meowscarada, L50, F|100/100
|turn|1
|inactive|Battle timer is ON: inactive players will automatically lose when time's up. (requested by yamamagames)
|
|t:|1785995213
|detailschange|p2a: Floette|Floette-Mega, L50, F
|-mega|p2a: Floette|Floette|Floettite
|-ability|p2a: Floette|Fairy Aura
|move|p1b: Arcanine|Protect|p1b: Arcanine
|-singleturn|p1b: Arcanine|Protect
|move|p2b: Meowscarada|Flower Trick|p1a: Sylveon
|-start|p2b: Meowscarada|typechange|Grass|[from] ability: Protean
|-crit|p1a: Sylveon
|-damage|p1a: Sylveon|48/100
|move|p2a: Floette|Dazzling Gleam|p1b: Arcanine|[spread] p1a
|-activate|p1b: Arcanine|move: Protect
|-damage|p1a: Sylveon|12/100
|move|p1a: Sylveon|Hyper Voice|p2b: Meowscarada|[spread] p2a,p2b
|-damage|p2a: Floette|54/100
|-damage|p2b: Meowscarada|10/100
|
|upkeep
|turn|2
|
|t:|1785995231
|move|p1a: Sylveon|Quick Attack|p2b: Meowscarada
|-damage|p2b: Meowscarada|0 fnt
|faint|p2b: Meowscarada
|move|p1b: Arcanine|Head Smash|p2a: Floette|[miss]
|-miss|p1b: Arcanine|p2a: Floette
|move|p2a: Floette|Dazzling Gleam|p1a: Sylveon|[spread] p1a,p1b
|-resisted|p1b: Arcanine|1
|-damage|p1a: Sylveon|0 fnt
|-damage|p1b: Arcanine|68/100
|faint|p1a: Sylveon
|
|upkeep
|
|t:|1785995244
|switch|p2b: Talonflame|Talonflame, L50, M|100/100
|switch|p1a: Raichu|Raichu, L50, M|100/100
|turn|3
|
|t:|1785995263
|detailschange|p1a: Raichu|Raichu-Mega-Y, L50, M
|-mega|p1a: Raichu|Raichu|Raichunite Y
|move|p2b: Talonflame|Protect|p2b: Talonflame
|-singleturn|p2b: Talonflame|Protect
|move|p2a: Floette|Protect|p2a: Floette
|-singleturn|p2a: Floette|Protect
|move|p1a: Raichu|Zap Cannon|p2b: Talonflame
|-activate|p2b: Talonflame|move: Protect
|move|p1b: Arcanine|Flare Blitz|p2a: Floette
|-activate|p2a: Floette|move: Protect
|
|upkeep
|turn|4
|
|t:|1785995285
|move|p2b: Talonflame|Tailwind|p2b: Talonflame
|-sidestart|p2: yamamagames|move: Tailwind
|move|p2a: Floette|Moonblast|p1a: Raichu
|-damage|p1a: Raichu|0 fnt
|faint|p1a: Raichu
|move|p1b: Arcanine|Head Smash|p2a: Floette
|-damage|p2a: Floette|0 fnt
|faint|p2a: Floette
|
|upkeep
|
|t:|1785995293
|switch|p1a: Farigiraf|Farigiraf, L50, M|100/100
|switch|p2a: Raichu|Raichu, L50, F|100/100
|turn|5
|
|t:|1785995304
|move|p1b: Arcanine|Protect|p1b: Arcanine
|-singleturn|p1b: Arcanine|Protect
|move|p2b: Talonflame|Flare Blitz|p1b: Arcanine
|-activate|p1b: Arcanine|move: Protect
|move|p2a: Raichu|Rising Voltage|p1b: Arcanine
|-activate|p1b: Arcanine|move: Protect
|move|p1a: Farigiraf|Trick Room|p1a: Farigiraf
|-fieldstart|move: Trick Room|[of] p1a: Farigiraf
|
|upkeep
|turn|6
|
|t:|1785995321
|move|p2b: Talonflame|Protect|p2b: Talonflame
|-singleturn|p2b: Talonflame|Protect
|move|p1a: Farigiraf|Psychic|p2b: Talonflame
|-activate|p2b: Talonflame|move: Protect
|move|p1b: Arcanine|Flare Blitz|p2a: Raichu
|-damage|p2a: Raichu|0 fnt
|-status|p1b: Arcanine|par|[from] ability: Static|[of] p2a: Raichu
|faint|p2a: Raichu
|
|upkeep
|turn|7
|
|t:|1785995334
|move|p1b: Arcanine|Extreme Speed|p2b: Talonflame
|-crit|p2b: Talonflame
|-damage|p2b: Talonflame|43/100
|move|p1a: Farigiraf|Psychic|p2b: Talonflame
|-damage|p2b: Talonflame|0 fnt
|faint|p2b: Talonflame
|
|win|kimu dora
