|j|‽SomeKidJon
|j|☆ground tera
|html|SomeKidJonground tera    
|uhtml|bestof|Game 3 of a best-of-3
|t:|1784310373
|gametype|doubles
|player|p1|SomeKidJon|scientistf|1231
|player|p2|ground tera|2|1247
|gen|9
|tier|[Gen 9 Champions] VGC 2026 Reg M-B (Bo3)
|rated|
|rule|Species Clause: Limit one of each Pokémon
|rule|Item Clause: Limit 1 of each item
|clearpoke
|poke|p1|Dragonite, L50, M|
|poke|p1|Chandelure, L50, M|
|poke|p1|Sylveon, L50, M|
|poke|p1|Tsareena, L50, F|
|poke|p1|Kingambit, L50, F|
|poke|p1|Samurott-Hisui, L50, F|
|poke|p2|Archaludon, L50, F|
|poke|p2|Basculegion, L50, M|
|poke|p2|Charizard, L50, F|
|poke|p2|Grimmsnarl, L50, M|
|poke|p2|Pelipper, L50, M|
|poke|p2|Venusaur, L50, F|
|teampreview|4
|showteam|p1|Dragonite||ChartiBerry|Multiscale|ScaleShot,Tailwind,Protect,ExtremeSpeed|Adamant||M|||50|]Chandelure||Chandelurite|FlashFire|HeatWave,ShadowBall,Protect,TrickRoom|Modest||M|||50|]Sylveon||FairyFeather|Pixilate|QuickAttack,Detect,HyperVoice,HyperBeam|Modest||M|||50|]Tsareena||WideLens|QueenlyMajesty|TripleAxel,PowerWhip,PlayRough,Protect|Adamant||F|||50|]Kingambit||FocusSash|Defiant|LowKick,SuckerPunch,IronHead,KowtowCleave|Adamant||F|||50|]Samurott-Hisui||LifeOrb|Sharpness|Protect,SacredSword,AquaCutter,SuckerPunch|Adamant||F|||50|
|showteam|p2|Archaludon||Leftovers|Stamina|FlashCannon,DragonPulse,ElectroShot,Protect|Calm||F|||50|]Basculegion||ChoiceScarf|Adaptability|WaveCrash,AquaJet,LastRespects,FlipTurn|Jolly||M|||50|]Charizard||CharizarditeY|Blaze|HeatWave,WeatherBall,SolarBeam,Protect|Modest||F|||50|]Grimmsnarl||LightClay|Prankster|SpiritBreak,Reflect,LightScreen,PartingShot|Sassy||M|||50|]Pelipper||SitrusBerry|Drizzle|WeatherBall,Hurricane,Tailwind,WideGuard|Modest||M|||50|]Venusaur||FocusSash|Chlorophyll|SludgeBomb,EarthPower,SleepPowder,Protect|Modest||F|||50|
|inactive|Battle timer is ON: inactive players will automatically lose when time's up. (requested by ground tera)
|
|t:|1784310396
|teamsize|p1|4
|teamsize|p2|4
|start
|switch|p1a: Dragonite|Dragonite, L50, M|100/100
|switch|p1b: Chandelure|Chandelure, L50, M|100/100
|switch|p2a: Charizard|Charizard, L50, F|100/100
|switch|p2b: Archaludon|Archaludon, L50, F|100/100
|turn|1
|
|t:|1784310406
|detailschange|p2a: Charizard|Charizard-Mega-Y, L50, F
|-mega|p2a: Charizard|Charizard|Charizardite Y
|-weather|SunnyDay|[from] ability: Drought|[of] p2a: Charizard
|detailschange|p1b: Chandelure|Chandelure-Mega, L50, M
|-mega|p1b: Chandelure|Chandelure|Chandelurite
|move|p2b: Archaludon|Protect|p2b: Archaludon
|-singleturn|p2b: Archaludon|Protect
|move|p2a: Charizard|Heat Wave|p1a: Dragonite|[spread] p1a,p1b
|-resisted|p1a: Dragonite|1
|-resisted|p1b: Chandelure|1
|-damage|p1a: Dragonite|82/100
|-damage|p1b: Chandelure|66/100
|move|p1b: Chandelure|Heat Wave|p2a: Charizard|[spread] p2a
|-activate|p2b: Archaludon|move: Protect
|-resisted|p2a: Charizard|1
|-damage|p2a: Charizard|66/100
|move|p1a: Dragonite|Scale Shot|p2a: Charizard
|-damage|p2a: Charizard|50/100g
|-damage|p2a: Charizard|36/100
|-hitcount|p2a: Charizard|2
|-unboost|p1a: Dragonite|def|1
|-boost|p1a: Dragonite|spe|1
|
|-weather|SunnyDay|[upkeep]
|upkeep
|turn|2
|
|t:|1784310430
|switch|p2a: Pelipper|Pelipper, L50, M|100/100
|-weather|RainDance|[from] ability: Drizzle|[of] p2a: Pelipper
|move|p1a: Dragonite|Tailwind|p1a: Dragonite
|-sidestart|p1: SomeKidJon|move: Tailwind
|move|p1b: Chandelure|Shadow Ball|p2a: Pelipper
|-crit|p2a: Pelipper
|-damage|p2a: Pelipper|0 fnt
|faint|p2a: Pelipper
|move|p2b: Archaludon|Electro Shot||[still]
|-prepare|p2b: Archaludon|Electro Shot
|-boost|p2b: Archaludon|spa|1
|-anim|p2b: Archaludon|Electro Shot|p1b: Chandelure
|-damage|p1b: Chandelure|10/100
|
|-weather|RainDance|[upkeep]
|upkeep
|
|t:|1784310449
|switch|p2a: Venusaur|Venusaur, L50, F|100/100
|turn|3
|
|t:|1784310458
|move|p2a: Venusaur|Protect|p2a: Venusaur
|-singleturn|p2a: Venusaur|Protect
|move|p1a: Dragonite|Scale Shot|p2a: Venusaur
|-activate|p2a: Venusaur|move: Protect
|move|p1b: Chandelure|Heat Wave|p2b: Archaludon|[spread] p2b
|-activate|p2a: Venusaur|move: Protect
|-damage|p2b: Archaludon|79/100
|-ability|p2b: Archaludon|Stamina|boost
|-boost|p2b: Archaludon|def|1
|move|p2b: Archaludon|Electro Shot||[still]
|-prepare|p2b: Archaludon|Electro Shot
|-boost|p2b: Archaludon|spa|1
|-anim|p2b: Archaludon|Electro Shot|p1b: Chandelure
|-crit|p1b: Chandelure
|-damage|p1b: Chandelure|0 fnt
|faint|p1b: Chandelure
|
|-weather|RainDance|[upkeep]
|-heal|p2b: Archaludon|85/100|[from] item: Leftovers
|upkeep
|
|t:|1784310467
|switch|p1b: Kingambit|Kingambit, L50, F|100/100
|turn|4
|
|t:|1784310472
|move|p1a: Dragonite|Scale Shot|p2a: Venusaur|[miss]
|-miss|p1a: Dragonite|p2a: Venusaur
|move|p1b: Kingambit|Kowtow Cleave|p2a: Venusaur
|-damage|p2a: Venusaur|38/100
|move|p2a: Venusaur|Sleep Powder|p1b: Kingambit|[miss]
|-miss|p2a: Venusaur|p1b: Kingambit
|move|p2b: Archaludon|Dragon Pulse|p1a: Dragonite
|-supereffective|p1a: Dragonite|1
|-damage|p1a: Dragonite|0 fnt
|faint|p1a: Dragonite
|
|-weather|RainDance|[upkeep]
|-heal|p2b: Archaludon|91/100|[from] item: Leftovers
|upkeep
|
|t:|1784310474
|switch|p1a: Tsareena|Tsareena, L50, F|100/100
|turn|5
|
|t:|1784310493
|move|p2a: Venusaur|Protect|p2a: Venusaur
|-singleturn|p2a: Venusaur|Protect
|move|p2b: Archaludon|Protect|p2b: Archaludon
|-singleturn|p2b: Archaludon|Protect
|move|p1b: Kingambit|Low Kick|p2b: Archaludon
|-activate|p2b: Archaludon|move: Protect
|move|p1a: Tsareena|Triple Axel|p2a: Venusaur
|-activate|p2a: Venusaur|move: Protect
|
|-weather|RainDance|[upkeep]
|-heal|p2b: Archaludon|97/100|[from] item: Leftovers
|-sideend|p1: SomeKidJon|move: Tailwind
|upkeep
|turn|6
|
|t:|1784310514
|move|p1a: Tsareena|Protect|p1a: Tsareena
|-singleturn|p1a: Tsareena|Protect
|move|p2a: Venusaur|Sleep Powder|p1b: Kingambit
|-status|p1b: Kingambit|slp|[from] move: Sleep Powder
|move|p2b: Archaludon|Electro Shot||[still]
|-prepare|p2b: Archaludon|Electro Shot
|-boost|p2b: Archaludon|spa|1
|-anim|p2b: Archaludon|Electro Shot|p1b: Kingambit
|-damage|p1b: Kingambit|6/100 slp
|cant|p1b: Kingambit|slp
|
|-weather|none
|-heal|p2b: Archaludon|100/100|[from] item: Leftovers
|upkeep
|turn|7
|-message|SomeKidJon forfeited.
|raw|SomeKidJon's rating: 1231 → 1207(-24 for losing)
|raw|ground tera's rating: 1247 → 1271(+24 for winning)
|
|win|ground tera
