|j|â˜†ZilverZurfer
|j|â˜†Truevillany123
|html|ZilverZurferTruevillany123    
|uhtml|bestof|Game 3 of a best-of-3
|t:|1757703864
|gametype|doubles
|player|p1|ZilverZurfer|169|1177
|player|p2|Truevillany123|1|1139
|gen|9
|tier|[Gen 9] VGC 2025 Reg H (Bo3)
|rated|
|rule|Species Clause: Limit one of each PokÃ©mon
|rule|Item Clause: Limit 1 of each item
|clearpoke
|poke|p1|Torkoal, L50, F|
|poke|p1|Lilligant-Hisui, L50, F|
|poke|p1|Indeedee-F, L50, F|
|poke|p1|Hatterene, L50, F|
|poke|p1|Gallade, L50, M|
|poke|p1|Ursaluna, L50, M|
|poke|p2|Dragonite, L50, M|
|poke|p2|Ursaluna-Bloodmoon, L50, M|
|poke|p2|Gholdengo, L50|
|poke|p2|Annihilape, L50, F|
|poke|p2|Ninetales-Alola, L50, F|
|poke|p2|Rillaboom, L50, F|
|teampreview|4
|showteam|p1|Torkoal||ChoiceSpecs|Drought|Eruption,HeatWave,EarthPower,WeatherBall|||F|||50|,,,,,Fire]Lilligant-Hisui||FocusSash|Chlorophyll|Protect,AfterYou,CloseCombat,SolarBlade|||F|||50|,,,,,Ghost]Indeedee-F||PsychicSeed|PsychicSurge|Psychic,HelpingHand,TrickRoom,FollowMe|||F|||50|,,,,,Water]Hatterene||LifeOrb|MagicBounce|Protect,ExpandingForce,DazzlingGleam,TrickRoom|||F|||50|,,,,,Fire]Gallade||ClearAmulet|Sharpness|SacredSword,PsychoCut,TrickRoom,WideGuard|||M|||50|,,,,,Grass]Ursaluna||FlameOrb|Guts|Protect,HeadlongRush,Earthquake,Facade|||M|||50|,,,,,Ghost
|showteam|p2|Dragonite||LoadedDice|Multiscale|ScaleShot,Protect,Haze,Tailwind|||M|||50|,,,,,Fairy]Ursaluna-Bloodmoon||LifeOrb|MindsEye|BloodMoon,HyperVoice,EarthPower,Protect|||M|||50|,,,,,Normal]Gholdengo||ChoiceSpecs|GoodasGold|MakeItRain,ShadowBall,PowerGem,Trick||||||50|,,,,,Steel]Annihilape||SitrusBerry|Defiant|DrainPunch,RageFist,Protect,BulkUp|||F|||50|,,,,,Fire]Ninetales-Alola||FocusSash|SnowWarning|FreezeDry,AuroraVeil,Encore,IcicleSpear|||F|||50|,,,,,Ghost]Rillaboom||AssaultVest|GrassySurge|FakeOut,WoodHammer,HighHorsepower,Uturn|||F|||50|,,,,,Fire
|
|t:|1757703906
|teamsize|p1|4
|teamsize|p2|4
|start
|switch|p1a: Torkoal|Torkoal, L50, F|100/100
|switch|p1b: Indeedee|Indeedee-F, L50, F|100/100
|switch|p2a: Dragonite|Dragonite, L50, M, shiny|100/100
|switch|p2b: Ninetales|Ninetales-Alola, L50, F|100/100
|-weather|Snowscape|[from] ability: Snow Warning|[of] p2b: Ninetales
|-fieldstart|move: Psychic Terrain|[from] ability: Psychic Surge|[of] p1b: Indeedee
|-enditem|p1b: Indeedee|Psychic Seed
|-boost|p1b: Indeedee|spd|1|[from] item: Psychic Seed
|-weather|SunnyDay|[from] ability: Drought|[of] p1a: Torkoal
|turn|1
|
|t:|1757703951
|switch|p1a: Hatterene|Hatterene, L50, F|100/100
|move|p2b: Ninetales|Freeze-Dry|p1a: Hatterene
|-damage|p1a: Hatterene|72/100
|move|p2a: Dragonite|Scale Shot|p1a: Hatterene
|-immune|p1a: Hatterene
|move|p1b: Indeedee|Trick Room|p1b: Indeedee
|-fieldstart|move: Trick Room|[of] p1b: Indeedee
|
|-weather|SunnyDay|[upkeep]
|upkeep
|turn|2
|
|t:|1757703972
|switch|p2b: Rillaboom|Rillaboom, L50, F|100/100
|-fieldstart|move: Grassy Terrain|[from] ability: Grassy Surge|[of] p2b: Rillaboom
|move|p1b: Indeedee|Helping Hand|p1a: Hatterene
|-singleturn|p1a: Hatterene|Helping Hand|[of] p1b: Indeedee
|move|p2a: Dragonite|Protect|p2a: Dragonite
|-singleturn|p2a: Dragonite|Protect
|move|p1a: Hatterene|Dazzling Gleam|p2a: Dragonite|[spread] p2b
|-activate|p2a: Dragonite|move: Protect
|-damage|p2b: Rillaboom|40/100
|-damage|p1a: Hatterene|63/100|[from] item: Life Orb
|
|-weather|SunnyDay|[upkeep]
|-heal|p1a: Hatterene|68/100|[from] Grassy Terrain
|-heal|p2b: Rillaboom|46/100|[from] Grassy Terrain
|upkeep
|turn|3
|
|t:|1757703999
|switch|p1b: Lilligant|Lilligant-Hisui, L50, F|100/100
|switch|p2a: Ninetales|Ninetales-Alola, L50, F|100/100
|-weather|Snowscape|[from] ability: Snow Warning|[of] p2a: Ninetales
|move|p1a: Hatterene|Protect|p1a: Hatterene
|-singleturn|p1a: Hatterene|Protect
|move|p2b: Rillaboom|Wood Hammer|p1b: Lilligant
|-resisted|p1b: Lilligant
|-crit|p1b: Lilligant
|-enditem|p1b: Lilligant|Focus Sash
|-damage|p1b: Lilligant|1/100
|-damage|p2b: Rillaboom|21/100|[from] Recoil
|
|-weather|Snowscape|[upkeep]
|-heal|p1a: Hatterene|74/100|[from] Grassy Terrain
|-heal|p2b: Rillaboom|27/100|[from] Grassy Terrain
|-heal|p1b: Lilligant|7/100|[from] Grassy Terrain
|upkeep
|turn|4
|
|t:|1757704048
|switch|p2b: Gholdengo|Gholdengo, L50|100/100
|switch|p1b: Torkoal|Torkoal, L50, F|100/100
|-weather|SunnyDay|[from] ability: Drought|[of] p1b: Torkoal
|move|p1a: Hatterene|Dazzling Gleam|p2b: Gholdengo|[spread] p2a,p2b
|-resisted|p2b: Gholdengo
|-damage|p2a: Ninetales|44/100
|-damage|p2b: Gholdengo|74/100
|-damage|p1a: Hatterene|65/100|[from] item: Life Orb
|move|p2a: Ninetales|Freeze-Dry|p1a: Hatterene
|-damage|p1a: Hatterene|36/100
|
|-weather|SunnyDay|[upkeep]
|-heal|p1a: Hatterene|41/100|[from] Grassy Terrain
|-heal|p2b: Gholdengo|80/100|[from] Grassy Terrain
|-heal|p2a: Ninetales|50/100|[from] Grassy Terrain
|upkeep
|turn|5
|inactive|Battle timer is ON: inactive players will automatically lose when time's up. (requested by ZilverZurfer)
|c|â˜†Truevillany123|gg
|c|â˜†Truevillany123|man hate this tema
|inactive|Truevillany123 has 60 seconds left.
|
|t:|1757704079
|switch|p1a: Lilligant|Lilligant-Hisui, L50, F|7/100
|switch|p2b: Dragonite|Dragonite, L50, M, shiny|100/100
|switch|p2a: Rillaboom|Rillaboom, L50, F|27/100
|move|p1b: Torkoal|Eruption|p2a: Rillaboom|[spread] p2a,p2b
|-supereffective|p2a: Rillaboom
|-crit|p2a: Rillaboom
|-resisted|p2b: Dragonite
|-damage|p2a: Rillaboom|0 fnt
|-damage|p2b: Dragonite|69/100
|faint|p2a: Rillaboom
|
|-weather|SunnyDay|[upkeep]
|-heal|p1a: Lilligant|14/100|[from] Grassy Terrain
|-fieldend|move: Trick Room
|upkeep
|
|t:|1757704089
|switch|p2a: Ninetales|Ninetales-Alola, L50, F|50/100
|-weather|Snowscape|[from] ability: Snow Warning|[of] p2a: Ninetales
|turn|6
|inactive|ZilverZurfer has 30 seconds left.
|inactive|Truevillany123 has 30 seconds left.
|
|t:|1757704135
|-terastallize|p1b: Torkoal|Fire
|move|p2a: Ninetales|Freeze-Dry|p1a: Lilligant
|-supereffective|p1a: Lilligant
|-damage|p1a: Lilligant|0 fnt
|faint|p1a: Lilligant
|move|p2b: Dragonite|Scale Shot|p1b: Torkoal
|-damage|p1b: Torkoal|89/100
|-damage|p1b: Torkoal|77/100
|-damage|p1b: Torkoal|65/100
|-damage|p1b: Torkoal|52/100
|-crit|p1b: Torkoal
|-damage|p1b: Torkoal|36/100
|-hitcount|p1b: Torkoal|5
|-unboost|p2b: Dragonite|def|1
|-boost|p2b: Dragonite|spe|1
|move|p1b: Torkoal|Eruption|p2b: Dragonite|[spread] p2a,p2b
|-supereffective|p2a: Ninetales
|-resisted|p2b: Dragonite
|-damage|p2a: Ninetales|0 fnt
|-damage|p2b: Dragonite|53/100
|faint|p2a: Ninetales
|
|-weather|Snowscape|[upkeep]
|-heal|p1b: Torkoal|42/100|[from] Grassy Terrain
|-fieldend|move: Grassy Terrain
|upkeep
|
|t:|1757704152
|switch|p2a: Gholdengo|Gholdengo, L50|80/100
|switch|p1a: Indeedee|Indeedee-F, L50, F|100/100
|-fieldstart|move: Psychic Terrain|[from] ability: Psychic Surge|[of] p1a: Indeedee
|turn|7
|
|t:|1757704174
|switch|p1b: Hatterene|Hatterene, L50, F|41/100
|-terastallize|p2a: Gholdengo|Steel
|move|p2b: Dragonite|Scale Shot|p1a: Indeedee|[miss]
|-miss|p2b: Dragonite|p1a: Indeedee
|move|p2a: Gholdengo|Make It Rain|p1a: Indeedee|[spread] p1a,p1b
|-supereffective|p1b: Hatterene
|-damage|p1a: Indeedee|9/100
|-damage|p1b: Hatterene|0 fnt
|-unboost|p2a: Gholdengo|spa|1
|faint|p1b: Hatterene
|move|p1a: Indeedee|Trick Room|p1a: Indeedee
|-fieldstart|move: Trick Room|[of] p1a: Indeedee
|
|-weather|Snowscape|[upkeep]
|upkeep
|
|t:|1757704183
|switch|p1b: Torkoal|Torkoal, L50, F, tera:Fire|42/100
|-weather|SunnyDay|[from] ability: Drought|[of] p1b: Torkoal
|turn|8
|c|â˜†Truevillany123|'FUCK gg
|
|t:|1757704195
|move|p1a: Indeedee|Helping Hand|p1b: Torkoal
|-singleturn|p1b: Torkoal|Helping Hand|[of] p1a: Indeedee
|move|p1b: Torkoal|Heat Wave|p2a: Gholdengo|[spread] p2a
|-miss|p1b: Torkoal|p2b: Dragonite
|-supereffective|p2a: Gholdengo
|-damage|p2a: Gholdengo|0 fnt
|faint|p2a: Gholdengo
|move|p2b: Dragonite|Scale Shot|p1a: Indeedee
|-damage|p1a: Indeedee|0 fnt
|faint|p1a: Indeedee
|-hitcount|p1: Indeedee|1
|-unboost|p2b: Dragonite|def|1
|-boost|p2b: Dragonite|spe|1
|
|-weather|SunnyDay|[upkeep]
|upkeep
|turn|9
|
|t:|1757704212
|move|p1b: Torkoal|Heat Wave|p2b: Dragonite
|-resisted|p2b: Dragonite
|-damage|p2b: Dragonite|0 fnt
|faint|p2b: Dragonite
|
|win|ZilverZurfer
|raw|ZilverZurfer's rating: 1177 → 1199(+22 for winning)
|raw|Truevillany123's rating: 1139 → 1117(-22 for losing)
