|j|☆mil0battles
|j|☆psyspammer69
|html|mil0battlespsyspammer69    
|uhtml|bestof|Game 3 of a best-of-3
|t:|1754780938
|gametype|doubles
|player|p1|mil0battles|pokemonranger-gen4|1144
|player|p2|psyspammer69|n|1305
|gen|9
|tier|[Gen 9] VGC 2025 Reg H (Bo3)
|rated|
|rule|Species Clause: Limit one of each Pokémon
|rule|Item Clause: Limit 1 of each item
|clearpoke
|poke|p1|Inteleon, L50, M|
|poke|p1|Maushold-Four, L50|
|poke|p1|Sneasler, L50, M|
|poke|p1|Rillaboom, L50, F|
|poke|p1|Pelipper, L50, F|
|poke|p1|Archaludon, L50, M|
|poke|p2|Annihilape, L50, F|
|poke|p2|Incineroar, L50, F|
|poke|p2|Amoonguss, L50, M|
|poke|p2|Gholdengo, L50|
|poke|p2|Sneasler, L50, M|
|teampreview|4
|showteam|p1|Inteleon||ScopeLens|Sniper|SnipeShot,IceBeam,Haze,Protect|||M|||50|,,,,,Water]Maushold-Four||WideLens|Technician|PopulationBomb,Taunt,FollowMe,Protect||||||50|,,,,,Ghost]Sneasler||GrassySeed|Unburden|DireClaw,CloseCombat,FakeOut,Protect|||M|||50|,,,,,Stellar]Rillaboom||MiracleSeed|GrassySurge|FakeOut,Uturn,WoodHammer,GrassyGlide|||F|||50|,,,,,Fire]Pelipper||FocusSash|Drizzle|Tailwind,Protect,WeatherBall,Hurricane|||F|||50|,,,,,Ghost]Archaludon||AssaultVest|Stamina|ElectroShot,FlashCannon,BodyPress,DracoMeteor|||M|||50|,,,,,Grass
|showteam|p2|Annihilape||SafetyGoggles|Defiant|RageFist,CloseCombat,BulkUp,Protect|||F|||50|,,,,,Water]Incineroar||AssaultVest|Intimidate|FakeOut,KnockOff,FlareBlitz,Uturn|||F|||50|,,,,,Grass]Amoonguss||MentalHerb|Regenerator|Spore,RagePowder,SludgeBomb,PollenPuff|||M|||50|,,,,,Water]Gholdengo||ChoiceSpecs|GoodasGold|MakeItRain,ShadowBall,Trick,NastyPlot||||||50|,,,,,Steel]Sneasler||FocusSash|PoisonTouch|FakeOut,DireClaw,CloseCombat,Protect|||M|||50|,,,,,Fighting
|inactive|Battle timer is ON: inactive players will automatically lose when time's up. (requested by mil0battles)
|
|t:|1754780964
|teamsize|p1|4
|teamsize|p2|4
|start
|switch|p1a: Maushold|Maushold-Four, L50|100/100
|switch|p1b: Archaludon|Archaludon, L50, M|100/100
|switch|p2a: Annihilape|Annihilape, L50, F|100/100
|switch|p2b: Incineroar|Incineroar, L50, F|100/100
|-ability|p2b: Incineroar|Intimidate|boost
|-unboost|p1a: Maushold|atk|1
|-unboost|p1b: Archaludon|atk|1
|turn|1
|
|t:|1754780972
|-terastallize|p1a: Maushold|Ghost
|move|p1a: Maushold|Population Bomb|p1b: Archaludon
|-resisted|p1b: Archaludon
|-damage|p1b: Archaludon|98/100
|-ability|p1b: Archaludon|Stamina|boost
|-boost|p1b: Archaludon|def|1
|-resisted|p1b: Archaludon
|-damage|p1b: Archaludon|96/100
|-ability|p1b: Archaludon|Stamina|boost
|-boost|p1b: Archaludon|def|1
|-resisted|p1b: Archaludon
|-damage|p1b: Archaludon|95/100
|-ability|p1b: Archaludon|Stamina|boost
|-boost|p1b: Archaludon|def|1
|-resisted|p1b: Archaludon
|-damage|p1b: Archaludon|94/100
|-ability|p1b: Archaludon|Stamina|boost
|-boost|p1b: Archaludon|def|1
|-resisted|p1b: Archaludon
|-damage|p1b: Archaludon|93/100
|-ability|p1b: Archaludon|Stamina|boost
|-boost|p1b: Archaludon|def|1
|-resisted|p1b: Archaludon
|-damage|p1b: Archaludon|92/100
|-ability|p1b: Archaludon|Stamina|boost
|-boost|p1b: Archaludon|def|1
|-resisted|p1b: Archaludon
|-damage|p1b: Archaludon|92/100
|-resisted|p1b: Archaludon
|-damage|p1b: Archaludon|91/100
|-resisted|p1b: Archaludon
|-damage|p1b: Archaludon|91/100
|-resisted|p1b: Archaludon
|-damage|p1b: Archaludon|90/100
|-hitcount|p1b: Archaludon|10
|move|p2b: Incineroar|Knock Off|p1b: Archaludon
|-damage|p1b: Archaludon|84/100
|-enditem|p1b: Archaludon|Assault Vest|[from] move: Knock Off|[of] p2b: Incineroar
|move|p2a: Annihilape|Close Combat|p1a: Maushold
|-immune|p1a: Maushold
|move|p1b: Archaludon|Body Press|p2b: Incineroar
|-supereffective|p2b: Incineroar
|-damage|p2b: Incineroar|0 fnt
|faint|p2b: Incineroar
|
|upkeep
|
|t:|1754780977
|switch|p2b: Gholdengo|Gholdengo, L50|100/100
|turn|2
|inactive|mil0battles has 30 seconds left.
|inactive|mil0battles has 20 seconds left.
|inactive|mil0battles has 15 seconds left.
|inactive|mil0battles has 10 seconds left.
|inactive|mil0battles has 5 seconds left.
|inactive|psyspammer69 has 30 seconds left.
|
|t:|1754781034
|move|p1a: Maushold|Population Bomb|p2b: Gholdengo
|-immune|p2b: Gholdengo
|move|p2b: Gholdengo|Shadow Ball|p1b: Archaludon
|-damage|p1b: Archaludon|24/100
|move|p2a: Annihilape|Bulk Up|p2a: Annihilape
|-boost|p2a: Annihilape|atk|1
|-boost|p2a: Annihilape|def|1
|move|p1b: Archaludon|Draco Meteor|p2b: Gholdengo
|-resisted|p2b: Gholdengo
|-damage|p2b: Gholdengo|70/100
|-unboost|p1b: Archaludon|spa|2
|
|upkeep
|turn|3
|
|t:|1754781051
|move|p1a: Maushold|Population Bomb|p2a: Annihilape
|-immune|p2a: Annihilape
|move|p2b: Gholdengo|Shadow Ball|p1b: Archaludon
|-damage|p1b: Archaludon|0 fnt
|faint|p1b: Archaludon
|move|p2a: Annihilape|Rage Fist|p1a: Maushold
|-supereffective|p1a: Maushold
|-damage|p1a: Maushold|0 fnt
|faint|p1a: Maushold
|
|upkeep
|
|t:|1754781054
|switch|p1a: Pelipper|Pelipper, L50, F|100/100
|switch|p1b: Inteleon|Inteleon, L50, M|100/100
|-weather|RainDance|[from] ability: Drizzle|[of] p1a: Pelipper
|turn|4
|inactive|psyspammer69 has 30 seconds left.
|
|t:|1754781081
|-terastallize|p2a: Annihilape|Water
|move|p1b: Inteleon|Snipe Shot|p2b: Gholdengo
|-crit|p2b: Gholdengo
|-damage|p2b: Gholdengo|0 fnt
|faint|p2b: Gholdengo
|move|p2a: Annihilape|Rage Fist|p1a: Pelipper
|-damage|p1a: Pelipper|53/100
|move|p1a: Pelipper|Hurricane|p2a: Annihilape
|-damage|p2a: Annihilape|57/100
|-start|p2a: Annihilape|confusion
|
|-weather|RainDance|[upkeep]
|upkeep
|
|t:|1754781087
|switch|p2b: Amoonguss|Amoonguss, L50, M|100/100
|turn|5
|inactive|psyspammer69 has 30 seconds left.
|
|t:|1754781116
|move|p2b: Amoonguss|Rage Powder|p2b: Amoonguss
|-singleturn|p2b: Amoonguss|move: Rage Powder
|move|p1b: Inteleon|Snipe Shot|p2a: Annihilape
|-resisted|p2a: Annihilape
|-damage|p2a: Annihilape|30/100
|-activate|p2a: Annihilape|confusion
|-damage|p2a: Annihilape|16/100|[from] confusion
|move|p1a: Pelipper|Hurricane|p2b: Amoonguss
|-supereffective|p2b: Amoonguss
|-damage|p2b: Amoonguss|27/100
|
|-weather|RainDance|[upkeep]
|upkeep
|turn|6
|-message|psyspammer69 forfeited.
|
|win|mil0battles
|raw|mil0battles's rating: 1144 → 1180(+36 for winning)
|raw|psyspammer69's rating: 1305 → 1276(-29 for losing)
|l|☆psyspammer69
|player|p2|
