|j|☆figglewiggle
|j|☆nootbaar
|html|figglewigglenootbaar    
|uhtml|bestof|Game 2 of a best-of-3
|t:|1784689092
|gametype|doubles
|player|p1|figglewiggle|102|1181
|player|p2|nootbaar|101|1273
|gen|9
|tier|[Gen 9 Champions] VGC 2026 Reg M-B (Bo3)
|rated|
|rule|Species Clause: Limit one of each Pokémon
|rule|Item Clause: Limit 1 of each item
|clearpoke
|poke|p1|Hydreigon, L50, F|
|poke|p1|Sneasler, L50, F|
|poke|p1|Froslass, L50, F|
|poke|p1|Ceruledge, L50, M|
|poke|p1|Milotic, L50, F|
|poke|p1|Maushold-Four, L50|
|poke|p2|Tyranitar, L50, M|
|poke|p2|Excadrill, L50, F|
|poke|p2|Milotic, L50, M|
|poke|p2|Sinistcha, L50|
|poke|p2|Staraptor, L50, M|
|poke|p2|Gholdengo, L50|
|teampreview|4
|showteam|p1|Hydreigon||ChoiceScarf|Levitate|DracoMeteor,EarthPower,DarkPulse,Snarl|Modest||F|||50|]Sneasler||FocusSash|PoisonTouch|FakeOut,PoisonJab,CloseCombat,Protect|Jolly||F|||50|]Froslass||Froslassite|SnowCloak|Blizzard,ShadowBall,AuroraVeil,Protect|Timid||F|||50|]Ceruledge||ColburBerry|FlashFire|BulkUp,BitterBlade,ShadowSneak,Protect|Adamant||M|||50|]Milotic||Leftovers|Competitive|Coil,Hypnosis,MuddyWater,Recover|Calm||F|||50|]Maushold-Four||WideLens|Technician|PopulationBomb,FollowMe,Encore,Protect|Jolly|||||50|
|showteam|p2|Tyranitar||Tyranitarite|SandStream|Protect,HighHorsepower,KnockOff,RockSlide|Jolly||M|||50|]Excadrill||FocusSash|SandRush|Protect,RockSlide,Earthquake,IronHead|Jolly||F|||50|]Milotic||SitrusBerry|Competitive|Protect,Haze,IcyWind,Scald|Calm||M|||50|]Sinistcha||ColburBerry|Hospitality|Protect,RagePowder,MatchaGotcha,ShadowBall|Bold|||||50|]Staraptor||Staraptite|Intimidate|Protect,Tailwind,BraveBird,CloseCombat|Jolly||M|||50|]Gholdengo||LifeOrb|GoodasGold|Protect,NastyPlot,ShadowBall,MakeItRain|Modest|||||50|
|inactive|Battle timer is ON: inactive players will automatically lose when time's up. (requested by nootbaar)
|inactive|figglewiggle also wants the timer to be on.
|inactive|figglewiggle has 60 seconds left.
|inactive|figglewiggle has 30 seconds left.
|
|t:|1784689161
|teamsize|p1|4
|teamsize|p2|4
|start
|switch|p1a: Hydreigon|Hydreigon, L50, F|100/100
|switch|p1b: Froslass|Froslass, L50, F|100/100
|switch|p2a: Gholdengo|Gholdengo, L50|100/100
|switch|p2b: Tyranitar|Tyranitar, L50, M|100/100
|-weather|Sandstorm|[from] ability: Sand Stream|[of] p2b: Tyranitar
|turn|1
|inactive|figglewiggle has 30 seconds left.
|inactive|nootbaar has 30 seconds left.
|inactive|figglewiggle has 20 seconds left.
|inactive|figglewiggle has 15 seconds left.
|
|t:|1784689203
|detailschange|p2b: Tyranitar|Tyranitar-Mega, L50, M
|-mega|p2b: Tyranitar|Tyranitar|Tyranitarite
|move|p1b: Froslass|Protect|p1b: Froslass
|-singleturn|p1b: Froslass|Protect
|move|p1a: Hydreigon|Dark Pulse|p2a: Gholdengo
|-supereffective|p2a: Gholdengo|1
|-damage|p2a: Gholdengo|17/100
|move|p2b: Tyranitar|Knock Off|p1a: Hydreigon
|-resisted|p1a: Hydreigon|1
|-damage|p1a: Hydreigon|65/100
|-enditem|p1a: Hydreigon|Choice Scarf|[from] move: Knock Off|[of] p2b: Tyranitar
|move|p2a: Gholdengo|Make It Rain|p1a: Hydreigon|[spread] p1a
|-activate|p1b: Froslass|move: Protect
|-damage|p1a: Hydreigon|0 fnt
|-unboost|p2a: Gholdengo|spa|2
|faint|p1a: Hydreigon
|-damage|p2a: Gholdengo|7/100|[from] item: Life Orb
|
|-weather|Sandstorm|[upkeep]
|-damage|p1b: Froslass|93/100|[from] Sandstorm
|upkeep
|
|t:|1784689224
|switch|p1a: Sneasler|Sneasler, L50, F|100/100
|turn|2
|
|t:|1784689245
|switch|p2b: Sinistcha|Sinistcha, L50|100/100
|-heal|p2a: Gholdengo|32/100|[from] ability: Hospitality|[of] p2b: Sinistcha
|move|p2a: Gholdengo|Protect|p2a: Gholdengo
|-singleturn|p2a: Gholdengo|Protect
|move|p1a: Sneasler|Close Combat|p2b: Sinistcha
|-immune|p2b: Sinistcha
|move|p1b: Froslass|Shadow Ball|p2a: Gholdengo
|-activate|p2a: Gholdengo|move: Protect
|
|-weather|Sandstorm|[upkeep]
|-damage|p1a: Sneasler|94/100|[from] Sandstorm
|-damage|p1b: Froslass|87/100|[from] Sandstorm
|-damage|p2b: Sinistcha|94/100|[from] Sandstorm
|upkeep
|turn|3
|inactive|figglewiggle has 30 seconds left.
|
|t:|1784689280
|detailschange|p1b: Froslass|Froslass-Mega, L50, F
|-mega|p1b: Froslass|Froslass|Froslassite
|-weather|Snowscape|[from] ability: Snow Warning|[of] p1b: Froslass
|move|p2b: Sinistcha|Rage Powder|p2b: Sinistcha
|-singleturn|p2b: Sinistcha|move: Rage Powder
|move|p1a: Sneasler|Poison Jab|p2b: Sinistcha
|-damage|p2b: Sinistcha|61/100
|-status|p2b: Sinistcha|psn|[from] ability: Poison Touch|[of] p1a: Sneasler
|move|p1b: Froslass|Blizzard|p2b: Sinistcha|[spread] p2a,p2b
|-resisted|p2a: Gholdengo|1
|-supereffective|p2b: Sinistcha|1
|-damage|p2a: Gholdengo|10/100
|-damage|p2b: Sinistcha|0 fnt
|faint|p2b: Sinistcha
|move|p2a: Gholdengo|Make It Rain|p1a: Sneasler|[spread] p1a,p1b
|-supereffective|p1b: Froslass|1
|-damage|p1a: Sneasler|59/100
|-damage|p1b: Froslass|20/100y
|-unboost|p2a: Gholdengo|spa|2
|-damage|p2a: Gholdengo|1/100|[from] item: Life Orb
|
|-weather|Snowscape|[upkeep]
|upkeep
|
|t:|1784689300
|switch|p2b: Excadrill|Excadrill, L50, F|100/100
|turn|4
|
|t:|1784689324
|switch|p1b: Milotic|Milotic, L50, F|100/100
|switch|p2a: Tyranitar|Tyranitar-Mega, L50, M|100/100
|-weather|Sandstorm|[from] ability: Sand Stream|[of] p2a: Tyranitar
|move|p1a: Sneasler|Protect|p1a: Sneasler
|-singleturn|p1a: Sneasler|Protect
|move|p2b: Excadrill|Earthquake|p1a: Sneasler|[spread] p2a,p1b
|-activate|p1a: Sneasler|move: Protect
|-supereffective|p2a: Tyranitar|1
|-damage|p2a: Tyranitar|50/100y
|-damage|p1b: Milotic|62/100
|
|-weather|Sandstorm|[upkeep]
|-damage|p1a: Sneasler|53/100|[from] Sandstorm
|-damage|p1b: Milotic|56/100|[from] Sandstorm
|-heal|p1b: Milotic|62/100|[from] item: Leftovers
|upkeep
|turn|5
|inactive|figglewiggle has 30 seconds left.
|inactive|nootbaar has 30 seconds left.
|inactive|figglewiggle has 20 seconds left.
|inactive|nootbaar has 20 seconds left.
|inactive|figglewiggle has 15 seconds left.
|inactive|figglewiggle has 10 seconds left.
|inactive|figglewiggle has 5 seconds left.
|inactive|nootbaar has 15 seconds left.
|inactive|nootbaar has 10 seconds left.
|
|t:|1784689383
|switch|p1a: Froslass|Froslass-Mega, L50, F|20/100y
|-weather|Snowscape|[from] ability: Snow Warning|[of] p1a: Froslass
|move|p2b: Excadrill|Protect|p2b: Excadrill
|-singleturn|p2b: Excadrill|Protect
|move|p2a: Tyranitar|High Horsepower|p1a: Froslass
|-damage|p1a: Froslass|0 fnt
|faint|p1a: Froslass
|move|p1b: Milotic|Muddy Water|p2b: Excadrill|[spread] p2a
|-activate|p2b: Excadrill|move: Protect
|-supereffective|p2a: Tyranitar|1
|-damage|p2a: Tyranitar|12/100
|-unboost|p2a: Tyranitar|accuracy|1
|
|-weather|Snowscape|[upkeep]
|-heal|p1b: Milotic|68/100|[from] item: Leftovers
|upkeep
|
|t:|1784689399
|switch|p1a: Sneasler|Sneasler, L50, F|53/100
|turn|6
|
|t:|1784689408
|switch|p2a: Gholdengo|Gholdengo, L50|1/100
|move|p1a: Sneasler|Close Combat|p2b: Excadrill
|-supereffective|p2b: Excadrill|1
|-enditem|p2b: Excadrill|Focus Sash
|-damage|p2b: Excadrill|1/100
|-unboost|p1a: Sneasler|def|1
|-unboost|p1a: Sneasler|spd|1
|move|p2b: Excadrill|Earthquake|p1a: Sneasler|[spread] p2a,p1a,p1b
|-supereffective|p2a: Gholdengo|1
|-supereffective|p1a: Sneasler|1
|-crit|p1a: Sneasler
|-damage|p2a: Gholdengo|0 fnt
|-damage|p1a: Sneasler|0 fnt
|-damage|p1b: Milotic|34/100
|faint|p2a: Gholdengo
|faint|p1a: Sneasler
|move|p1b: Milotic|Muddy Water|p2b: Excadrill
|-supereffective|p2b: Excadrill|1
|-damage|p2b: Excadrill|0 fnt
|faint|p2b: Excadrill
|
|-weather|Snowscape|[upkeep]
|-heal|p1b: Milotic|40/100|[from] item: Leftovers
|upkeep
|
|t:|1784689420
|switch|p2b: Tyranitar|Tyranitar-Mega, L50, M|12/100
|-weather|Sandstorm|[from] ability: Sand Stream|[of] p2b: Tyranitar
|turn|7
|
|t:|1784689436
|move|p2b: Tyranitar|Knock Off|p1b: Milotic
|-damage|p1b: Milotic|0 fnt
|-enditem|p1b: Milotic|Leftovers|[from] move: Knock Off|[of] p2b: Tyranitar
|faint|p1b: Milotic
|
|win|nootbaar
|raw|figglewiggle's rating: 1181 → 1162(-19 for losing)
|raw|nootbaar's rating: 1273 → 1292(+19 for winning)
