|j|☆Wanderer DJ
|j|☆lrav1567
|html|Wanderer DJlrav1567    
|uhtml|bestof|Game 2 of a best-of-3
|t:|1757702860
|gametype|doubles
|player|p1|Wanderer DJ|veteran|
|player|p2|lrav1567|volkner|
|gen|9
|tier|[Gen 9] VGC 2025 Reg H (Bo3)
|rule|Species Clause: Limit one of each Pokémon
|rule|Item Clause: Limit 1 of each item
|clearpoke
|poke|p1|Toxapex, L50, F|
|poke|p1|Muk-Alola, L50, M|
|poke|p1|Sneasler, L50, M|
|poke|p1|Amoonguss, L50, M|
|poke|p1|Gengar, L50, F|
|poke|p1|Slowbro-Galar, L50, M|
|poke|p2|Sneasler, L50, F|
|poke|p2|Salazzle, L50, F|
|poke|p2|Weezing-Galar, L50, F|
|poke|p2|Gengar, L50, F|
|poke|p2|Arbok, L50, M|
|poke|p2|Overqwil, L50, M|
|teampreview|4
|showteam|p1|Toxapex||BlackSludge|Merciless|Infestation,Venoshock,Recover,BanefulBunker|||F|||50|,,,,,Poison]Muk-Alola||BlackGlasses|PoisonTouch|ShadowSneak,KnockOff,Curse,MeanLook|||M|||50|,,,,,Ghost]Sneasler||RoomService|PoisonTouch|CloseCombat,DireClaw,ThroatChop,TeraBlast|||M|||50|,,,,,Ice]Amoonguss||BigRoot|EffectSpore|GigaDrain,Spore,Hex,Venoshock|||M|||50|,,,,,Ghost]Gengar||FocusSash|CursedBody|PerishSong,Protect,Thunder,TrickRoom|||F|||50|,,,,,Ghost]Slowbro-Galar||EjectButton|QuickDraw|Toxic,ShellSideArm,DrainPunch,ZenHeadbutt|||M|||50|,,,,,Dark
|showteam|p2|Sneasler||KingsRock|PoisonTouch|FakeOut,Fling,DireClaw,CloseCombat|||F|||50|,,,,,Fighting]Salazzle||FocusSash|Corrosion|PoisonGas,HeatWave,Encore,DragonTail|||F|||50|,,,,,Poison]Weezing-Galar||BlackSludge|NeutralizingGas|ClearSmog,WillOWisp,PainSplit,StrangeSteam|||F|||50|,,,,,Poison]Gengar||LifeOrb|CursedBody|ShadowBall,Imprison,Venoshock,PsychicNoise|||F|||50|,,,,,Dark]Arbok||ClearAmulet|Intimidate|Coil,Trailblaze,BodySlam,PoisonFang|||M|||50|,,,,,Poison]Overqwil||LoadedDice|Intimidate|SwordsDance,ScaleShot,GunkShot,AquaJet|||M|||50|,,,,,Dragon
|
|t:|1757702893
|teamsize|p1|4
|teamsize|p2|4
|start
|switch|p1a: Slowbro|Slowbro-Galar, L50, M|100/100
|switch|p1b: Gengar|Gengar, L50, F|100/100
|switch|p2a: Salazzle|Salazzle, L50, F|100/100
|switch|p2b: Sneasler|Sneasler, L50, F|100/100
|turn|1
|
|t:|1757702915
|move|p2b: Sneasler|Fling|p1b: Gengar
|-supereffective|p1b: Gengar
|-damage|p1b: Gengar|67/100
|-start|p2b: Sneasler|Disable|Fling|[from] ability: Cursed Body|[of] p1b: Gengar
|-enditem|p2b: Sneasler|King's Rock|[from] move: Fling
|move|p2a: Salazzle|Poison Gas|p1b: Gengar|[spread] p1a,p1b
|-status|p1a: Slowbro|psn
|-status|p1b: Gengar|psn
|move|p1a: Slowbro|Zen Headbutt|p2b: Sneasler
|-supereffective|p2b: Sneasler
|-damage|p2b: Sneasler|0 fnt
|faint|p2b: Sneasler
|cant|p1b: Gengar|flinch
|
|-damage|p1b: Gengar|55/100 psn|[from] psn
|-damage|p1a: Slowbro|88/100 psn|[from] psn
|upkeep
|
|t:|1757702930
|switch|p2b: Overqwil|Overqwil, L50, M|100/100
|-ability|p2b: Overqwil|Intimidate|boost
|-unboost|p1a: Slowbro|atk|1
|-unboost|p1b: Gengar|atk|1
|turn|2
|-activate|p1a: Slowbro|ability: Quick Draw
|
|t:|1757702944
|move|p1a: Slowbro|Zen Headbutt|p2a: Salazzle
|-supereffective|p2a: Salazzle
|-damage|p2a: Salazzle|9/100
|move|p2b: Overqwil|Swords Dance|p2b: Overqwil
|-boost|p2b: Overqwil|atk|2
|move|p2a: Salazzle|Dragon Tail|p1a: Slowbro
|-damage|p1a: Slowbro|79/100 psn
|drag|p1a: Toxapex|Toxapex, L50, F|100/100
|move|p1b: Gengar|Trick Room|p1b: Gengar
|-fieldstart|move: Trick Room|[of] p1b: Gengar
|
|-damage|p1b: Gengar|43/100 psn|[from] psn
|upkeep
|turn|3
|
|t:|1757702966
|move|p1a: Toxapex|Venoshock|p2a: Salazzle
|-resisted|p2a: Salazzle
|-damage|p2a: Salazzle|0 fnt
|faint|p2a: Salazzle
|move|p2b: Overqwil|Scale Shot|p1a: Toxapex
|-damage|p1a: Toxapex|88/100
|-damage|p1a: Toxapex|76/100
|-damage|p1a: Toxapex|62/100
|-damage|p1a: Toxapex|49/100
|-hitcount|p1a: Toxapex|4
|-unboost|p2b: Overqwil|def|1
|-boost|p2b: Overqwil|spe|1
|move|p1b: Gengar|Thunder|p2b: Overqwil
|-damage|p2b: Overqwil|68/100
|-status|p2b: Overqwil|par
|
|-heal|p1a: Toxapex|55/100|[from] item: Black Sludge
|-damage|p1b: Gengar|31/100 psn|[from] psn
|upkeep
|
|t:|1757702970
|switch|p2a: Arbok|Arbok, L50, M|100/100
|-ability|p2a: Arbok|Intimidate|boost
|-unboost|p1a: Toxapex|atk|1
|-unboost|p1b: Gengar|atk|1
|turn|4
|
|t:|1757702999
|-terastallize|p2b: Overqwil|Dragon
|move|p1a: Toxapex|Infestation|p2b: Overqwil
|-damage|p2b: Overqwil|64/100 par
|-activate|p2b: Overqwil|move: Infestation|[of] p1a: Toxapex
|move|p2b: Overqwil|Scale Shot|p1a: Toxapex
|-damage|p1a: Toxapex|38/100
|-damage|p1a: Toxapex|19/100
|-crit|p1a: Toxapex
|-damage|p1a: Toxapex|0 fnt
|faint|p1a: Toxapex
|-hitcount|p1: Toxapex|3
|-unboost|p2b: Overqwil|def|1
|-boost|p2b: Overqwil|spe|1
|move|p2a: Arbok|Coil|p2a: Arbok
|-boost|p2a: Arbok|atk|1
|-boost|p2a: Arbok|def|1
|-boost|p2a: Arbok|accuracy|1
|move|p1b: Gengar|Perish Song|p1b: Gengar
|-start|p1b: Gengar|perish3|[silent]
|-start|p2a: Arbok|perish3|[silent]
|-start|p2b: Overqwil|perish3|[silent]
|-fieldactivate|move: Perish Song
|
|-damage|p1b: Gengar|19/100 psn|[from] psn
|-end|p2b: Overqwil|Infestation|[partiallytrapped]|[silent]
|-start|p2a: Arbok|perish3
|-start|p2b: Overqwil|perish3
|-start|p1b: Gengar|perish3
|upkeep
|
|t:|1757703022
|switch|p1a: Amoonguss|Amoonguss, L50, M, shiny|100/100
|turn|5
|
|t:|1757703065
|move|p1b: Gengar|Protect|p1b: Gengar
|-singleturn|p1b: Gengar|Protect
|move|p1a: Amoonguss|Spore|p2a: Arbok
|-status|p2a: Arbok|slp|[from] move: Spore
|cant|p2a: Arbok|slp
|move|p2b: Overqwil|Scale Shot|p1a: Amoonguss
|-damage|p1a: Amoonguss|83/100
|-damage|p1a: Amoonguss|67/100
|-damage|p1a: Amoonguss|51/100
|-damage|p1a: Amoonguss|34/100
|-damage|p1a: Amoonguss|17/100
|-hitcount|p1a: Amoonguss|5
|-unboost|p2b: Overqwil|def|1
|-boost|p2b: Overqwil|spe|1
|
|-damage|p1b: Gengar|7/100 psn|[from] psn
|-start|p2a: Arbok|perish2
|-start|p1b: Gengar|perish2
|-start|p2b: Overqwil|perish2
|upkeep
|turn|6
|
|t:|1757703098
|-terastallize|p1a: Amoonguss|Ghost
|cant|p2b: Overqwil|par
|move|p1a: Amoonguss|Hex|p2b: Overqwil
|-damage|p2b: Overqwil|15/100 par
|cant|p2a: Arbok|slp
|move|p1b: Gengar|Thunder|p2b: Overqwil
|-resisted|p2b: Overqwil
|-damage|p2b: Overqwil|0 fnt
|faint|p2b: Overqwil
|
|-damage|p1b: Gengar|0 fnt|[from] psn
|faint|p1b: Gengar
|-start|p2a: Arbok|perish1
|-fieldend|move: Trick Room
|upkeep
|c|☆lrav1567|gg
|c|☆Wanderer DJ|gg
|
|t:|1757703115
|switch|p1b: Slowbro|Slowbro-Galar, L50, M|79/100 psn
|turn|7
|
|t:|1757703123
|-curestatus|p2a: Arbok|slp|[msg]
|move|p2a: Arbok|Body Slam|p1b: Slowbro
|-damage|p1b: Slowbro|49/100 psn
|move|p1a: Amoonguss|Hex|p2a: Arbok
|-damage|p2a: Arbok|62/100
|move|p1b: Slowbro|Zen Headbutt|p2a: Arbok
|-supereffective|p2a: Arbok
|-damage|p2a: Arbok|2/100
|
|-damage|p1b: Slowbro|36/100 psn|[from] psn
|-start|p2a: Arbok|perish0
|upkeep
|faint|p2a: Arbok
|
|win|Wanderer DJ
