|j|☆AltForRandomTeams
|j|☆ToshiVGC
|html|AltForRandomTeamsToshiVGC    
|uhtml|bestof|Game 1 of a best-of-3
|t:|1756367605
|gametype|doubles
|player|p1|AltForRandomTeams|kieran-champion|1047
|player|p2|ToshiVGC|elesa|1051
|gen|9
|tier|[Gen 9] VGC 2025 Reg H (Bo3)
|rated|
|rule|Species Clause: Limit one of each Pokémon
|rule|Item Clause: Limit 1 of each item
|clearpoke
|poke|p1|Pikachu, L50, F|
|poke|p1|Murkrow, L50, M|
|poke|p1|Gyarados, L50, M|
|poke|p1|Zoroark-Hisui, L50, M|
|poke|p1|Maushold, L50|
|poke|p1|Volcarona, L50, M|
|poke|p2|Annihilape, L50, M|
|poke|p2|Baxcalibur, L50, F|
|poke|p2|Ninetales-Alola, L50, M|
|poke|p2|Sinistcha, L50|
|poke|p2|Sneasler, L50, F|
|poke|p2|Indeedee, L50, M|
|teampreview|4
|showteam|p1|Pikachu||FocusSash|LightningRod|FakeOut,Nuzzle,Endeavor,Feint|||F|||50|,,,,,Ghost]Murkrow||Eviolite|Prankster|Haze,FoulPlay,Quash,Tailwind|||M|||50|,,,,,Ghost]Gyarados||ClearAmulet|Intimidate|Waterfall,TeraBlast,DragonDance,Protect|||M|||50|,,,,,Flying]Zoroark-Hisui||ChoiceSpecs|Illusion|HyperVoice,ShadowBall,Flamethrower,TeraBlast|||M|||50|,,,,,Dark]Maushold||WideLens|Technician|PopulationBomb,FakeTears,FollowMe,Protect||||||50|,,,,,Normal]Volcarona||Leftovers|FlameBody|HeatWave,GigaDrain,QuiverDance,Protect|||M|||50|,,,,,Grass
|showteam|p2|Annihilape||SafetyGoggles|Defiant|Taunt,DrainPunch,RageFist,BulkUp|||M|||50|,,,,,Fairy]Baxcalibur||LoadedDice|ThermalExchange|IcicleSpear,ScaleShot,Protect,HighHorsepower|||F|||50|,,,,,Ghost]Ninetales-Alola||FocusSash|SnowWarning|AuroraVeil,Protect,Blizzard,Moonblast|||M|||50|,,,,,Water]Sinistcha||SitrusBerry|Hospitality|MatchaGotcha,LifeDew,RagePowder,TrickRoom||||||50|,,,,,Dark]Sneasler||PsychicSeed|Unburden|DireClaw,Protect,CloseCombat,ThroatChop|||F|||50|,,,,,Dark]Indeedee||ChoiceScarf|PsychicSurge|ExpandingForce,TeraBlast,Trick,Protect|||M|||50|,,,,,Psychic
|inactive|Battle timer is ON: inactive players will automatically lose when time's up. (requested by AltForRandomTeams)
|inactive|AltForRandomTeams has 60 seconds left.
|inactive|ToshiVGC has 60 seconds left.
|
|t:|1756367663
|teamsize|p1|4
|teamsize|p2|4
|start
|switch|p1a: Pikachu|Pikachu, L50, F|100/100
|switch|p1b: Volcarona|Volcarona, L50, M|100/100
|switch|p2a: Baxcalibur|Baxcalibur, L50, F, shiny|100/100
|switch|p2b: Ninetales|Ninetales-Alola, L50, M, shiny|100/100
|-weather|Snowscape|[from] ability: Snow Warning|[of] p2b: Ninetales
|turn|1
|inactive|ToshiVGC has 30 seconds left.
|inactive|ToshiVGC has 20 seconds left.
|
|t:|1756367700
|-terastallize|p2a: Baxcalibur|Ghost
|move|p1b: Volcarona|Hyper Voice|p2b: Ninetales|[spread] p2b
|-immune|p2a: Baxcalibur
|-damage|p2b: Ninetales|34/100
|move|p2b: Ninetales|Aurora Veil|p2b: Ninetales
|-sidestart|p2: ToshiVGC|move: Aurora Veil
|move|p1a: Pikachu|Nuzzle|p2a: Baxcalibur
|-damage|p2a: Baxcalibur|96/100
|-status|p2a: Baxcalibur|par
|cant|p2a: Baxcalibur|par
|
|-weather|Snowscape|[upkeep]
|upkeep
|turn|2
|inactive|ToshiVGC has 30 seconds left.
|inactive|ToshiVGC has 20 seconds left.
|inactive|ToshiVGC has 15 seconds left.
|inactive|ToshiVGC has 10 seconds left.
|
|t:|1756367747
|switch|p1b: Gyarados|Gyarados, L50, M, shiny|100/100
|-ability|p1b: Gyarados|Intimidate|boost
|-unboost|p2a: Baxcalibur|atk|1
|-unboost|p2b: Ninetales|atk|1
|cant|p2a: Baxcalibur|par
|move|p2b: Ninetales|Blizzard|p1a: Pikachu|[spread] p1a,p1b
|-enditem|p1a: Pikachu|Focus Sash
|-damage|p1a: Pikachu|2/100
|-damage|p1b: Gyarados|71/100
|move|p1a: Pikachu|Nuzzle|p2b: Ninetales
|-damage|p2b: Ninetales|29/100
|-status|p2b: Ninetales|par
|
|-weather|Snowscape|[upkeep]
|upkeep
|turn|3
|inactive|ToshiVGC has 30 seconds left.
|
|t:|1756367773
|switch|p2a: Sinistcha|Sinistcha, L50, shiny|100/100
|-heal|p2b: Ninetales|54/100 par|[from] ability: Hospitality|[of] p2a: Sinistcha
|move|p2b: Ninetales|Protect|p2b: Ninetales
|-singleturn|p2b: Ninetales|Protect
|move|p1a: Pikachu|Endeavor|p2b: Ninetales
|-activate|p2b: Ninetales|move: Protect
|move|p1b: Gyarados|Waterfall|p2b: Ninetales
|-activate|p2b: Ninetales|move: Protect
|
|-weather|Snowscape|[upkeep]
|upkeep
|turn|4
|
|t:|1756367795
|move|p2a: Sinistcha|Rage Powder|p2a: Sinistcha
|-singleturn|p2a: Sinistcha|move: Rage Powder
|move|p1a: Pikachu|Nuzzle|p2a: Sinistcha
|-resisted|p2a: Sinistcha
|-damage|p2a: Sinistcha|99/100
|-status|p2a: Sinistcha|par
|move|p1b: Gyarados|Dragon Dance|p1b: Gyarados
|-boost|p1b: Gyarados|atk|1
|-boost|p1b: Gyarados|spe|1
|move|p2b: Ninetales|Blizzard|p1a: Pikachu|[spread] p1a,p1b
|-damage|p1a: Pikachu|0 fnt
|-damage|p1b: Gyarados|40/100
|faint|p1a: Pikachu
|
|-weather|Snowscape|[upkeep]
|upkeep
|
|t:|1756367809
|switch|p1a: Volcarona|Volcarona, L50, M|100/100
|turn|5
|
|t:|1756367827
|switch|p2a: Baxcalibur|Baxcalibur, L50, F, shiny, tera:Ghost|96/100 par
|move|p1b: Gyarados|Protect|p1b: Gyarados
|-singleturn|p1b: Gyarados|Protect
|cant|p2b: Ninetales|par
|move|p1a: Volcarona|Quiver Dance|p1a: Volcarona
|-boost|p1a: Volcarona|spa|1
|-boost|p1a: Volcarona|spd|1
|-boost|p1a: Volcarona|spe|1
|
|-weather|none
|-sideend|p2: ToshiVGC|move: Aurora Veil
|upkeep
|turn|6
|inactive|ToshiVGC has 30 seconds left.
|
|t:|1756367852
|move|p1a: Volcarona|Heat Wave|p2b: Ninetales|[spread] p2a,p2b
|-supereffective|p2b: Ninetales
|-damage|p2a: Baxcalibur|33/100 par
|-damage|p2b: Ninetales|0 fnt
|-ability|p2a: Baxcalibur|Thermal Exchange|boost
|-boost|p2a: Baxcalibur|atk|1
|faint|p2b: Ninetales
|move|p1b: Gyarados|Waterfall|p2a: Baxcalibur
|-damage|p2a: Baxcalibur|0 fnt
|faint|p2a: Baxcalibur
|
|upkeep
|
|t:|1756367861
|switch|p2b: Annihilape|Annihilape, L50, M, shiny|100/100
|switch|p2a: Sinistcha|Sinistcha, L50, shiny|99/100 par
|turn|7
|
|t:|1756367881
|-terastallize|p1b: Gyarados|Flying
|move|p1a: Volcarona|Heat Wave|p2b: Annihilape|[spread] p2a
|-miss|p1a: Volcarona|p2b: Annihilape
|-supereffective|p2a: Sinistcha
|-damage|p2a: Sinistcha|0 fnt
|faint|p2a: Sinistcha
|move|p1b: Gyarados|Tera Blast|p2b: Annihilape|[anim] Tera Blast Flying
|-supereffective|p2b: Annihilape
|-damage|p2b: Annihilape|0 fnt
|faint|p2b: Annihilape
|
|win|AltForRandomTeams
|inactive|AltForRandomTeams has 30 seconds to confirm battle start!
|inactive|ToshiVGC has 30 seconds to confirm battle start!
|l|☆ToshiVGC
|player|p2|
||ToshiVGC is ready for game 2.
||AltForRandomTeams is ready for game 2.
|uhtml|next|Next: Game 2 of 3
|l|☆AltForRandomTeams
|player|p1|
|j|☆AltForRandomTeams
|player|p1|AltForRandomTeams|kieran-champion|
