|j|Ōśåfiredestroyrr
|j|Ōśåtilremo
|html|firedestroyrrtilremo    
|uhtml|bestof|Game 1 of a best-of-3
|t:|1784149567
|gametype|doubles
|player|p1|firedestroyrr|proton|
|player|p2|tilremo|101|
|gen|9
|tier|[Gen 9 Champions] VGC 2026 Reg M-B (Bo3)
|rule|Species Clause: Limit one of each Pok├®mon
|rule|Item Clause: Limit 1 of each item
|clearpoke
|poke|p1|Snorlax, L50, F|
|poke|p1|Hawlucha, L50, M|
|poke|p1|Gengar, L50, F|
|poke|p1|Sinistcha, L50|
|poke|p1|Incineroar, L50, F|
|poke|p1|Slowbro-Galar, L50, F|
|poke|p2|Garchomp, L50, M|
|poke|p2|Eelektross, L50, F|
|poke|p2|Lopunny, L50, F|
|poke|p2|Skarmory, L50, M|
|poke|p2|Hatterene, L50, F|
|poke|p2|Trevenant, L50, M, shiny|
|teampreview|4
|showteam|p1|Snorlax||Leftovers|ThickFat|Fissure,BodyPress,Stockpile,Protect|Impish||F|||50|]Hawlucha||Hawluchanite|Limber|CrossChop,BraveBird,Entrainment,Protect|Jolly||M|||50|]Gengar||Gengarite|CursedBody|ShadowBall,Disable,PerishSong,Protect|Timid||F|||50|]Sinistcha||KasibBerry|Hospitality|MatchaGotcha,ShadowBall,RagePowder,TrickRoom|Relaxed|||||50|]Incineroar||PasshoBerry|Intimidate|ThroatChop,PartingShot,FakeOut,Protect|Jolly||F|||50|]Slowbro-Galar||QuickClaw|QuickDraw|ShellSideArm,IceBeam,Psychic,Protect|Quiet||F|||50|
|showteam|p2|Garchomp||ChoiceScarf|RoughSkin|Earthquake,StompingTantrum,AerialAce,BrickBreak|Adamant||M|||50|]Eelektross||Eelektrossite|Levitate|Discharge,VoltSwitch,MuddyWater,Protect|Timid||F|||50|]Lopunny||Lopunnite|CuteCharm|CloseCombat,Uturn,FakeOut,Encore|Jolly||F|||50|]Skarmory||Leftovers|Sturdy|DrillPeck,BodyPress,Tailwind,IronDefense|Adamant||M|||50|]Hatterene||FairyFeather|MagicBounce|DazzlingGleam,Psyshock,LifeDew,Protect|Relaxed||F|||50|]Trevenant||KasibBerry|Frisk|Poltergeist,DrainPunch,HornLeech,TrickRoom|Brave||M|||50|
|c|Ōśåtilremo|Okay I'm going to trust you not to look at the open team sheet
|c|Ōśåfiredestroyrr|i wont
|c|Ōśåfiredestroyrr|im honorable
|
|t:|1784149687
|teamsize|p1|4
|teamsize|p2|4
|start
|switch|p1a: Snorlax|Snorlax, L50, F|100/100
|switch|p1b: Incineroar|Incineroar, L50, F|100/100
|switch|p2a: Haland|Trevenant, L50, M, shiny|100/100
|switch|p2b: Lola|Lopunny, L50, F|100/100
|-ability|p1b: Incineroar|Intimidate|boost
|-unboost|p2a: Haland|atk|1
|-unboost|p2b: Lola|atk|1
|-item|p1a: Snorlax|Leftovers|[from] ability: Frisk|[of] p2a: Haland
|-item|p1b: Incineroar|Passho Berry|[from] ability: Frisk|[of] p2a: Haland
|turn|1
|
|t:|1784149763
|move|p2b: Lola|Fake Out|p1b: Incineroar
|-damage|p1b: Incineroar|89/100
|cant|p1b: Incineroar|flinch
|move|p2a: Haland|Drain Punch|p1a: Snorlax
|-supereffective|p1a: Snorlax|1
|-damage|p1a: Snorlax|76/100
|move|p1a: Snorlax|Stockpile|p1a: Snorlax
|-start|p1a: Snorlax|stockpile1
|-boost|p1a: Snorlax|def|1
|-boost|p1a: Snorlax|spd|1
|
|-heal|p1a: Snorlax|82/100|[from] item: Leftovers
|upkeep
|turn|2
|
|t:|1784149788
|detailschange|p2b: Lola|Lopunny-Mega, L50, F
|-mega|p2b: Lola|Lopunny|Lopunnite
|move|p2b: Lola|Encore|p1a: Snorlax
|-start|p1a: Snorlax|Encore
|move|p1b: Incineroar|Parting Shot|p2b: Lola
|-unboost|p2b: Lola|atk|1
|-unboost|p2b: Lola|spa|1
|
|t:|1784149800
|switch|p1b: Hawlucha|Hawlucha, L50, M|100/100|[from] Parting Shot
|move|p2a: Haland|Drain Punch|p1b: Hawlucha
|-resisted|p1b: Hawlucha|1
|-damage|p1b: Hawlucha|89/100
|move|p1a: Snorlax|Stockpile|p1a: Snorlax
|-start|p1a: Snorlax|stockpile2
|-boost|p1a: Snorlax|def|1
|-boost|p1a: Snorlax|spd|1
|
|-heal|p1a: Snorlax|88/100|[from] item: Leftovers
|upkeep
|turn|3
|
|t:|1784149829
|detailschange|p1b: Hawlucha|Hawlucha-Mega, L50, M
|-mega|p1b: Hawlucha|Hawlucha|Hawluchanite
|move|p2b: Lola|U-turn|p1b: Hawlucha
|-resisted|p1b: Hawlucha|2
|-damage|p1b: Hawlucha|86/100
|
|t:|1784149833
|switch|p2b: Marcos|Skarmory, L50, M|100/100|[from] U-turn
|move|p1b: Hawlucha|Entrainment|p1a: Snorlax
|-ability|p1a: Snorlax|No Guard|Thick Fat|[from] move: Entrainment|[of] p1b: Hawlucha
|move|p2a: Haland|Poltergeist|p1b: Hawlucha
|-activate|p1b: Hawlucha|move: Poltergeist|Hawluchanite
|-damage|p1b: Hawlucha|52/100
|move|p1a: Snorlax|Stockpile|p1a: Snorlax
|-start|p1a: Snorlax|stockpile3
|-boost|p1a: Snorlax|def|1
|-boost|p1a: Snorlax|spd|1
|
|-heal|p1a: Snorlax|94/100|[from] item: Leftovers
|upkeep
|turn|4
|
|t:|1784149850
|move|p1b: Hawlucha|Brave Bird|p2a: Haland
|-supereffective|p2a: Haland|1
|-damage|p2a: Haland|0 fnt
|faint|p2a: Haland
|-damage|p1b: Hawlucha|18/100|[from] Recoil
|move|p2b: Marcos|Iron Defense|p2b: Marcos
|-boost|p2b: Marcos|def|2
|move|p1a: Snorlax|Stockpile||[still]
|-fail|p1a: Snorlax
|
|-heal|p1a: Snorlax|100/100|[from] item: Leftovers
|-end|p1a: Snorlax|Encore
|upkeep
|
|t:|1784149864
|switch|p2a: Lola|Lopunny-Mega, L50, F|100/100
|turn|5
|
|t:|1784149875
|move|p2a: Lola|Encore|p1a: Snorlax
|-start|p1a: Snorlax|Encore
|move|p1b: Hawlucha|Brave Bird|p2a: Lola
|-supereffective|p2a: Lola|1
|-damage|p2a: Lola|0 fnt
|faint|p2a: Lola
|-damage|p1b: Hawlucha|0 fnt|[from] Recoil
|faint|p1b: Hawlucha
|move|p2b: Marcos|Iron Defense|p2b: Marcos
|-boost|p2b: Marcos|def|2
|move|p1a: Snorlax|Stockpile||[still]
|-fail|p1a: Snorlax
|
|upkeep
|
|t:|1784149896
|switch|p2a: Zeva|Hatterene, L50, F|100/100
|switch|p1b: Incineroar|Incineroar, L50, F|89/100
|-ability|p1b: Incineroar|Intimidate|boost
|-unboost|p2a: Zeva|atk|1
|-unboost|p2b: Marcos|atk|1
|turn|6
|j| 282839393m
|
|t:|1784149910
|move|p2a: Zeva|Protect|p2a: Zeva
|-singleturn|p2a: Zeva|Protect
|move|p1b: Incineroar|Fake Out|p2b: Marcos
|-resisted|p2b: Marcos|1
|-damage|p2b: Marcos|98/100
|cant|p2b: Marcos|flinch
|move|p1a: Snorlax|Stockpile||[still]
|-fail|p1a: Snorlax
|
|-heal|p2b: Marcos|100/100|[from] item: Leftovers
|upkeep
|turn|7
|
|t:|1784149934
|move|p1b: Incineroar|Throat Chop|p2b: Marcos
|-damage|p2b: Marcos|90/100
|-start|p2b: Marcos|Throat Chop|[silent]
|move|p2b: Marcos|Iron Defense|p2b: Marcos
|-boost|p2b: Marcos|def|2
|move|p1a: Snorlax|Stockpile||[still]
|-fail|p1a: Snorlax
|move|p2a: Zeva|Psyshock|p1a: Snorlax
|-damage|p1a: Snorlax|91/100
|
|-heal|p2b: Marcos|96/100|[from] item: Leftovers
|-heal|p1a: Snorlax|97/100|[from] item: Leftovers
|-end|p1a: Snorlax|Encore
|upkeep
|turn|8
|
|t:|1784149949
|move|p2a: Zeva|Protect|p2a: Zeva
|-singleturn|p2a: Zeva|Protect
|move|p1b: Incineroar|Throat Chop|p2b: Marcos
|-damage|p2b: Marcos|90/100
|move|p2b: Marcos|Body Press|p1a: Snorlax
|-supereffective|p1a: Snorlax|1
|-damage|p1a: Snorlax|49/100
|move|p1a: Snorlax|Fissure|p2a: Zeva
|-activate|p2a: Zeva|move: Protect
|
|-heal|p2b: Marcos|96/100|[from] item: Leftovers
|-heal|p1a: Snorlax|55/100|[from] item: Leftovers
|-end|p2b: Marcos|Throat Chop|[silent]
|upkeep
|turn|9
|
|t:|1784149966
|move|p1b: Incineroar|Throat Chop|p2b: Marcos
|-damage|p2b: Marcos|90/100
|-start|p2b: Marcos|Throat Chop|[silent]
|move|p2b: Marcos|Body Press|p1a: Snorlax
|-supereffective|p1a: Snorlax|1
|-damage|p1a: Snorlax|5/100
|move|p1a: Snorlax|Fissure|p2a: Zeva
|-damage|p2a: Zeva|0 fnt
|faint|p2a: Zeva
|-ohko
|
|-heal|p2b: Marcos|96/100|[from] item: Leftovers
|-heal|p1a: Snorlax|11/100|[from] item: Leftovers
|upkeep
|turn|10
|
|t:|1784149982
|move|p1a: Snorlax|Protect|p1a: Snorlax
|-singleturn|p1a: Snorlax|Protect
|move|p1b: Incineroar|Throat Chop|p2b: Marcos
|-damage|p2b: Marcos|90/100
|move|p2b: Marcos|Body Press|p1a: Snorlax
|-activate|p1a: Snorlax|move: Protect
|
|-heal|p2b: Marcos|96/100|[from] item: Leftovers
|-heal|p1a: Snorlax|17/100|[from] item: Leftovers
|-end|p2b: Marcos|Throat Chop|[silent]
|upkeep
|turn|11
|
|t:|1784150000
|switch|p1b: Slowbro|Slowbro-Galar, L50, F|100/100
|move|p2b: Marcos|Body Press|p1a: Snorlax
|-supereffective|p1a: Snorlax|1
|-damage|p1a: Snorlax|0 fnt
|faint|p1a: Snorlax
|
|-heal|p2b: Marcos|100/100|[from] item: Leftovers
|upkeep
|c| 282839393m|Bro wyd
|
|t:|1784150005
|switch|p1a: Incineroar|Incineroar, L50, F|89/100
|-ability|p1a: Incineroar|Intimidate|boost
|-unboost|p2b: Marcos|atk|1
|turn|12
|-activate|p1b: Slowbro|ability: Quick Draw
|
|t:|1784150040
|move|p1a: Incineroar|Fake Out|p2b: Marcos
|-resisted|p2b: Marcos|1
|-damage|p2b: Marcos|98/100
|move|p1b: Slowbro|Ice Beam|p2b: Marcos
|-damage|p2b: Marcos|55/100
|cant|p2b: Marcos|flinch
|
|-heal|p2b: Marcos|61/100|[from] item: Leftovers
|upkeep
|turn|13
|
|t:|1784150053
|move|p1a: Incineroar|Throat Chop|p2b: Marcos
|-damage|p2b: Marcos|55/100
|-start|p2b: Marcos|Throat Chop|[silent]
|move|p2b: Marcos|Body Press|p1a: Incineroar
|-supereffective|p1a: Incineroar|1
|-crit|p1a: Incineroar
|-damage|p1a: Incineroar|0 fnt
|faint|p1a: Incineroar
|move|p1b: Slowbro|Ice Beam|p2b: Marcos
|-damage|p2b: Marcos|15/100
|
|-heal|p2b: Marcos|21/100|[from] item: Leftovers
|upkeep
|turn|14
|
|t:|1784150065
|move|p2b: Marcos|Body Press|p1b: Slowbro
|-resisted|p1b: Slowbro|2
|-damage|p1b: Slowbro|78/100
|move|p1b: Slowbro|Ice Beam|p2b: Marcos
|-damage|p2b: Marcos|0 fnt
|faint|p2b: Marcos
|
|win|firedestroyrr
|inactive|firedestroyrr has 30 seconds to confirm battle start!
|inactive|tilremo has 30 seconds to confirm battle start!
||tilremo is ready for game 2.
||firedestroyrr is ready for game 2.
|uhtml|next|Next: Game 2 of 3
