|j|☆HADES055
|j|☆Capitan-N
|html|HADES055Capitan-N    
|uhtml|bestof|Game 2 of a best-of-3
|t:|1757739512
|gametype|doubles
|player|p1|HADES055|pokemaniac|1143
|player|p2|Capitan-N|n|1105
|gen|9
|tier|[Gen 9] VGC 2025 Reg H (Bo3)
|rated|
|rule|Species Clause: Limit one of each Pokémon
|rule|Item Clause: Limit 1 of each item
|clearpoke
|poke|p1|Gholdengo, L50|
|poke|p1|Sneasler, L50, M|
|poke|p1|Rillaboom, L50, F|
|poke|p1|Dragonite, L50, M|
|poke|p1|Ninetales-Alola, L50, F|
|poke|p1|Arcanine-Hisui, L50, M|
|poke|p2|Morpeko, L50, M|
|poke|p2|Toucannon, L50, F|
|poke|p2|Tinkaton, L50, F|
|poke|p2|Arcanine, L50, M|
|poke|p2|Dragonite, L50, M|
|poke|p2|Annihilape, L50, F|
|teampreview|4
|showteam|p1|Gholdengo||GrassySeed|GoodasGold|NastyPlot,MakeItRain,ShadowBall,Protect||||||50|,,,,,Water]Sneasler||WhiteHerb|Unburden|CloseCombat,DireClaw,Coaching,Protect|||M|||50|,,,,,Ghost]Rillaboom||AssaultVest|GrassySurge|FakeOut,GrassyGlide,DrumBeating,HighHorsepower|||F|||50|,,,,,Fire]Dragonite||LoadedDice|Multiscale|ScaleShot,StompingTantrum,Tailwind,Protect|||M|||50|,,,,,Ground]Ninetales-Alola||FocusSash|SnowWarning|Blizzard,IcyWind,Encore,AuroraVeil|||F|||50|,,,,,Ghost]Arcanine-Hisui||ClearAmulet|Intimidate|RockSlide,FlareBlitz,ExtremeSpeed,Protect|||M|||50|,,,,,Water
|showteam|p2|Morpeko||FocusSash|HungerSwitch|AuraWheel,FakeOut,Protect,Taunt|||M|||50|,,,,,Ghost]Toucannon||CovertCloak|SkillLink|BeakBlast,BulletSeed,Protect,RockBlast|||F|||50|,,,,,Grass]Tinkaton||ClearAmulet|MoldBreaker|KnockOff,Protect,GigatonHammer,PlayRough|||F|||50|,,,,,Dark]Arcanine||AssaultVest|Intimidate|Flamethrower,ScorchingSands,DragonPulse,Snarl|||M|||50|,,,,,Dragon]Dragonite||LoadedDice|InnerFocus|Protect,ScaleShot,StompingTantrum,Encore|||M|||50|,,,,,Fairy]Annihilape||ChoiceScarf|Defiant|CloseCombat,PhantomForce,Uturn,FinalGambit|||F|||50|,,,,,Fire
|inactive|Battle timer is ON: inactive players will automatically lose when time's up. (requested by HADES055)
|inactive|Capitan-N has 60 seconds left.
|
|t:|1757739551
|teamsize|p1|4
|teamsize|p2|4
|start
|switch|p1a: Sneasler|Sneasler, L50, M|100/100
|switch|p1b: Dragonite|Dragonite, L50, M|100/100
|switch|p2a: Annihilape|Annihilape, L50, F, shiny|100/100
|switch|p2b: Morpeko|Morpeko, L50, M, shiny|100/100
|turn|1
|inactive|Capitan-N has 30 seconds left.
|inactive|Capitan-N has 20 seconds left.
|
|t:|1757739590
|-terastallize|p2b: Morpeko|Ghost
|move|p1a: Sneasler|Protect|p1a: Sneasler
|-singleturn|p1a: Sneasler|Protect
|move|p1b: Dragonite|Protect|p1b: Dragonite
|-singleturn|p1b: Dragonite|Protect
|move|p2a: Annihilape|Final Gambit|p1b: Dragonite
|-activate|p1b: Dragonite|move: Protect
|move|p2b: Morpeko|Aura Wheel|p1a: Sneasler
|-activate|p1a: Sneasler|move: Protect
|
|upkeep
|turn|2
|inactive|HADES055 has 30 seconds left.
|inactive|Capitan-N has 30 seconds left.
|
|t:|1757739625
|switch|p2a: Arcanine|Arcanine, L50, M|100/100
|-ability|p2a: Arcanine|Intimidate|boost
|-unboost|p1a: Sneasler|atk|1
|-unboost|p1b: Dragonite|atk|1
|-enditem|p1a: Sneasler|White Herb
|-clearnegativeboost|p1a: Sneasler|[silent]
|switch|p1b: Gholdengo|Gholdengo, L50|100/100
|move|p1a: Sneasler|Dire Claw|p2a: Arcanine
|-damage|p2a: Arcanine|59/100
|-status|p2a: Arcanine|par
|move|p2b: Morpeko|Aura Wheel|p1b: Gholdengo
|-damage|p1b: Gholdengo|53/100
|-boost|p2b: Morpeko|spe|1
|
|upkeep
|turn|3
|inactive|HADES055 has 30 seconds left.
|inactive|Capitan-N has 30 seconds left.
|inactive|HADES055 has 20 seconds left.
|inactive|HADES055 has 15 seconds left.
|
|t:|1757739668
|move|p1a: Sneasler|Dire Claw|p2b: Morpeko
|-resisted|p2b: Morpeko
|-damage|p2b: Morpeko|61/100
|move|p2b: Morpeko|Aura Wheel|p1b: Gholdengo
|-damage|p1b: Gholdengo|9/100
|-boost|p2b: Morpeko|spe|1
|move|p1b: Gholdengo|Nasty Plot|p1b: Gholdengo
|-boost|p1b: Gholdengo|spa|2
|move|p2a: Arcanine|Flamethrower|p1a: Sneasler
|-damage|p1a: Sneasler|65/100
|
|upkeep
|turn|4
|inactive|HADES055 has 30 seconds left.
|
|t:|1757739693
|move|p1b: Gholdengo|Protect|p1b: Gholdengo
|-singleturn|p1b: Gholdengo|Protect
|move|p2b: Morpeko|Aura Wheel|p1a: Sneasler
|-damage|p1a: Sneasler|8/100
|-boost|p2b: Morpeko|spe|1
|move|p1a: Sneasler|Dire Claw|p2b: Morpeko
|-resisted|p2b: Morpeko
|-damage|p2b: Morpeko|23/100
|-status|p2b: Morpeko|psn
|cant|p2a: Arcanine|par
|
|-damage|p2b: Morpeko|11/100 psn|[from] psn
|upkeep
|turn|5
|
|t:|1757739711
|switch|p1b: Dragonite|Dragonite, L50, M|100/100
|move|p2b: Morpeko|Aura Wheel|p1b: Dragonite
|-damage|p1b: Dragonite|77/100
|-boost|p2b: Morpeko|spe|1
|move|p1a: Sneasler|Dire Claw|p2a: Arcanine
|-damage|p2a: Arcanine|15/100 par
|move|p2a: Arcanine|Scorching Sands|p1a: Sneasler
|-supereffective|p1a: Sneasler
|-damage|p1a: Sneasler|0 fnt
|faint|p1a: Sneasler
|
|-damage|p2b: Morpeko|0 fnt|[from] psn
|faint|p2b: Morpeko
|upkeep
|
|t:|1757739726
|switch|p2b: Annihilape|Annihilape, L50, F, shiny|100/100
|switch|p1a: Rillaboom|Rillaboom, L50, F|100/100
|-fieldstart|move: Grassy Terrain|[from] ability: Grassy Surge|[of] p1a: Rillaboom
|turn|6
|
|t:|1757739747
|switch|p1a: Gholdengo|Gholdengo, L50|9/100
|-enditem|p1a: Gholdengo|Grassy Seed
|-boost|p1a: Gholdengo|def|1|[from] item: Grassy Seed
|switch|p2a: Toucannon|Toucannon, L50, F, shiny|100/100
|move|p1b: Dragonite|Protect|p1b: Dragonite
|-singleturn|p1b: Dragonite|Protect
|move|p2b: Annihilape|U-turn|p1a: Gholdengo
|-resisted|p1a: Gholdengo
|-damage|p1a: Gholdengo|6/100
|
|t:|1757739758
|switch|p2b: Arcanine|Arcanine, L50, M|15/100 par|[from] U-turn
|-ability|p2b: Arcanine|Intimidate|boost
|-unboost|p1a: Gholdengo|atk|1
|-unboost|p1b: Dragonite|atk|1
|
|-heal|p1a: Gholdengo|12/100|[from] Grassy Terrain
|-heal|p2b: Arcanine|20/100 par|[from] Grassy Terrain
|upkeep
|turn|7
|
|t:|1757739776
|-singleturn|p2a: Toucannon|move: Beak Blast
|move|p1a: Gholdengo|Make It Rain|p2b: Arcanine|[spread] p2a,p2b
|-resisted|p2b: Arcanine
|-damage|p2a: Toucannon|40/100
|-damage|p2b: Arcanine|6/100 par
|-unboost|p1a: Gholdengo|spa|1
|move|p1b: Dragonite|Tailwind|p1b: Dragonite
|-sidestart|p1: HADES055|move: Tailwind
|cant|p2b: Arcanine|par
|move|p2a: Toucannon|Beak Blast|p1b: Dragonite
|-damage|p1b: Dragonite|21/100
|
|-heal|p1a: Gholdengo|18/100|[from] Grassy Terrain
|-heal|p2b: Arcanine|12/100 par|[from] Grassy Terrain
|upkeep
|turn|8
|-message|Capitan-N forfeited.
|
|win|HADES055
|l|☆Capitan-N
|player|p2|
||HADES055 is ready for game 3.
||Capitan-N is ready for game 3.
|uhtml|next|Next: Game 3 of 3
