|j|☆protectthyking34
|j|☆tavinn_n
|html|protectthyking34tavinn_n    
|uhtml|bestof|Game 1 of a best-of-3
|t:|1785083692
|gametype|doubles
|player|p1|protectthyking34|rocketgrunt|1257
|player|p2|tavinn_n|ghetsis|1374
|gen|9
|tier|[Gen 9 Champions] VGC 2026 Reg M-B (Bo3)
|rated|
|rule|Species Clause: Limit one of each Pokémon
|rule|Item Clause: Limit 1 of each item
|clearpoke
|poke|p1|Delphox, L50, F|
|poke|p1|Incineroar, L50, F|
|poke|p1|Sneasler, L50, F|
|poke|p1|Sinistcha, L50|
|poke|p1|Kingambit, L50, F|
|poke|p1|Blastoise, L50, F|
|poke|p2|Tyranitar, L50, F|
|poke|p2|Excadrill, L50, F|
|poke|p2|Milotic, L50, M|
|poke|p2|Sinistcha, L50|
|poke|p2|Staraptor, L50, M|
|poke|p2|Gholdengo, L50|
|teampreview|4
|showteam|p1|Delphox||Delphoxite|Blaze|NastyPlot,Protect,Psyshock,HeatWave|Timid||F|||50|]Incineroar||SitrusBerry|Intimidate|FakeOut,PartingShot,FlareBlitz,DarkestLariat|Impish||F|||50|]Sneasler||FocusSash|PoisonTouch|GunkShot,FakeOut,CloseCombat,QuickGuard|Jolly||F|||50|]Sinistcha||OccaBerry|Hospitality|MatchaGotcha,RagePowder,TrickRoom,Protect|Calm|||||50|]Kingambit||BlackGlasses|Defiant|SuckerPunch,KowtowCleave,LowKick,Protect|Adamant||F|||50|]Blastoise||Blastoisinite|RainDish|ShellSmash,WaterSpout,DarkPulse,Protect|Timid||F|||50|
|showteam|p2|Tyranitar||Tyranitarite|SandStream|KnockOff,RockSlide,HighHorsepower,Protect|Jolly||F|||50|]Excadrill||FocusSash|SandRush|HighHorsepower,IronHead,RockSlide,Protect|Jolly||F|||50|]Milotic||SitrusBerry|Competitive|Scald,IcyWind,Haze,Protect|Calm||M|||50|]Sinistcha||ColburBerry|Hospitality|MatchaGotcha,ShadowBall,Protect,RagePowder|Bold|||||50|]Staraptor||Staraptite|Intimidate|CloseCombat,BraveBird,Tailwind,Protect|Jolly||M|||50|]Gholdengo||LifeOrb|GoodasGold|MakeItRain,ShadowBall,NastyPlot,Protect|Modest|||||50|
|inactive|Battle timer is ON: inactive players will automatically lose when time's up. (requested by tavinn_n)
|
|t:|1785083717
|teamsize|p1|4
|teamsize|p2|4
|start
|switch|p1a: Kingambit|Kingambit, L50, F|100/100
|switch|p1b: Sneasler|Sneasler, L50, F|100/100
|switch|p2a: Staraptor|Staraptor, L50, M|100/100
|switch|p2b: Sinistcha|Sinistcha, L50|100/100
|-ability|p2a: Staraptor|Intimidate|boost
|-unboost|p1a: Kingambit|atk|1
|-ability|p1a: Kingambit|Defiant|boost
|-boost|p1a: Kingambit|atk|2
|-unboost|p1b: Sneasler|atk|1
|turn|1
|
|t:|1785083736
|move|p1a: Kingambit|Protect|p1a: Kingambit
|-singleturn|p1a: Kingambit|Protect
|move|p1b: Sneasler|Gunk Shot|p2b: Sinistcha|[miss]
|-miss|p1b: Sneasler|p2b: Sinistcha
|move|p2a: Staraptor|Tailwind|p2a: Staraptor
|-sidestart|p2: tavinn_n|move: Tailwind
|move|p2b: Sinistcha|Matcha Gotcha|p1a: Kingambit|[spread] 
|-activate|p1a: Kingambit|move: Protect
|-miss|p2b: Sinistcha|p1b: Sneasler
|
|upkeep
|turn|2
|
|t:|1785083756
|switch|p1a: Sinistcha|Sinistcha, L50|100/100
|detailschange|p2a: Staraptor|Staraptor-Mega, L50, M
|-mega|p2a: Staraptor|Staraptor|Staraptite
|move|p2a: Staraptor|Close Combat|p1a: Sinistcha
|-immune|p1a: Sinistcha
|move|p1b: Sneasler|Gunk Shot|p2a: Staraptor|[miss]
|-miss|p1b: Sneasler|p2a: Staraptor
|move|p2b: Sinistcha|Matcha Gotcha|p1b: Sneasler|[spread] p1a,p1b
|-resisted|p1a: Sinistcha|1
|-resisted|p1b: Sneasler|1
|-damage|p1a: Sinistcha|89/100
|-damage|p1b: Sneasler|84/100
|
|upkeep
|turn|3
|
|t:|1785083775
|move|p1a: Sinistcha|Rage Powder|p1a: Sinistcha
|-singleturn|p1a: Sinistcha|move: Rage Powder
|move|p2a: Staraptor|Close Combat|p1a: Sinistcha
|-immune|p1a: Sinistcha
|move|p1b: Sneasler|Gunk Shot|p2a: Staraptor
|-damage|p2a: Staraptor|62/100
|move|p2b: Sinistcha|Shadow Ball|p1a: Sinistcha
|-supereffective|p1a: Sinistcha|1
|-damage|p1a: Sinistcha|25/100
|-unboost|p1a: Sinistcha|spd|1
|
|upkeep
|turn|4
|
|t:|1785083788
|move|p2a: Staraptor|Protect|p2a: Staraptor
|-singleturn|p2a: Staraptor|Protect
|move|p1a: Sinistcha|Rage Powder|p1a: Sinistcha
|-singleturn|p1a: Sinistcha|move: Rage Powder
|move|p1b: Sneasler|Gunk Shot|p2b: Sinistcha
|-damage|p2b: Sinistcha|65/100
|move|p2b: Sinistcha|Shadow Ball|p1a: Sinistcha
|-supereffective|p1a: Sinistcha|1
|-damage|p1a: Sinistcha|0 fnt
|faint|p1a: Sinistcha
|
|-sideend|p2: tavinn_n|move: Tailwind
|upkeep
|
|t:|1785083798
|switch|p1a: Kingambit|Kingambit, L50, F|100/100
|turn|5
|
|t:|1785083810
|switch|p1b: Blastoise|Blastoise, L50, F|100/100
|move|p2a: Staraptor|Close Combat|p1b: Blastoise
|-damage|p1b: Blastoise|35/100
|-boost|p2a: Staraptor|def|1
|-boost|p2a: Staraptor|spd|1
|move|p2b: Sinistcha|Matcha Gotcha|p1a: Kingambit|[spread] p1a,p1b
|-resisted|p1a: Kingambit|1
|-supereffective|p1b: Blastoise|1
|-damage|p1a: Kingambit|88/100
|-heal|p2b: Sinistcha|72/100|[from] drain|[of] p1a: Kingambit
|-damage|p1b: Blastoise|0 fnt
|-heal|p2b: Sinistcha|88/100|[from] drain|[of] p1b: Blastoise
|-status|p1a: Kingambit|brn
|faint|p1b: Blastoise
|move|p1a: Kingambit|Kowtow Cleave|p2b: Sinistcha
|-supereffective|p2b: Sinistcha|1
|-enditem|p2b: Sinistcha|Colbur Berry|[eat]
|-enditem|p2b: Sinistcha|Colbur Berry|[weaken]
|-damage|p2b: Sinistcha|62/100
|
|-damage|p1a: Kingambit|82/100 brn|[from] brn
|upkeep
|-message|protectthyking34 forfeited.
|
|win|tavinn_n
