|j|☆FunkleVGC
|j|☆trevYAH
|html|FunkleVGCtrevYAH    
|uhtml|bestof|Game 2 of a best-of-3
|t:|1784135987
|gametype|doubles
|player|p1|FunkleVGC|fisherman-gen4|
|player|p2|trevYAH|trevor|
|gen|9
|tier|[Gen 9 Champions] VGC 2026 Reg M-B (Bo3)
|rule|Species Clause: Limit one of each Pokémon
|rule|Item Clause: Limit 1 of each item
|clearpoke
|poke|p1|Froslass, L50, F, shiny|
|poke|p1|Scovillain, L50, M, shiny|
|poke|p1|Lycanroc-Dusk, L50, F, shiny|
|poke|p1|Kingambit, L50, F, shiny|
|poke|p1|Basculegion, L50, M, shiny|
|poke|p1|Sneasler, L50, F, shiny|
|poke|p2|Froslass, L50, F|
|poke|p2|Dragonite, L50, M|
|poke|p2|Toxapex, L50, F|
|poke|p2|Sneasler, L50, F|
|poke|p2|Kingambit, L50, M|
|poke|p2|Blaziken, L50, F|
|teampreview|4
|showteam|p1|Froslass||Froslassite|CursedBody|Blizzard,ShadowBall,AuroraVeil,Protect|Modest||F|||50|]Scovillain||Scovillainite|Moody|Flamethrower,GigaDrain,RagePowder,Protect|Bold||M|||50|]Lycanroc-Dusk||FocusSash|ToughClaws|RockSlide,CloseCombat,Accelerock,Protect|Adamant||F|||50|]Kingambit||BlackGlasses|Defiant|KowtowCleave,SuckerPunch,SwordsDance,Protect|Adamant||F|||50|]Basculegion||SitrusBerry|Adaptability|WaveCrash,LastRespects,AquaJet,Protect|Adamant||M|||50|]Sneasler||WhiteHerb|Unburden|GunkShot,CloseCombat,FakeOut,Protect|Adamant||F|||50|
|showteam|p2|Froslass||Froslassite|CursedBody|Blizzard,ShadowBall,AuroraVeil,Protect|Timid||F|||50|]Dragonite||LifeOrb|InnerFocus|DragonClaw,ExtremeSpeed,LowKick,Protect|Adamant||M|||50|]Toxapex||Leftovers|Regenerator|Infestation,Toxic,WideGuard,BanefulBunker|Impish||F|||50|]Sneasler||FocusSash|PoisonTouch|CloseCombat,PoisonJab,FakeOut,Protect|Jolly||F|||50|]Kingambit||BlackGlasses|Defiant|KowtowCleave,SwordsDance,SuckerPunch,Protect|Adamant||M|||50|]Blaziken||Blazikenite|SpeedBoost|CloseCombat,FlareBlitz,RockSlide,Protect|Adamant||F|||50|
|
|t:|1784136019
|teamsize|p1|4
|teamsize|p2|4
|start
|switch|p1a: Froslass|Froslass, L50, F, shiny|100/100
|switch|p1b: Sneasler|Sneasler, L50, F, shiny|100/100
|switch|p2a: Froslass|Froslass, L50, F|100/100
|switch|p2b: Dragonite|Dragonite, L50, M|100/100
|turn|1
|l|☆trevYAH
|player|p2|
|j|☆trevYAH
|player|p2|trevYAH|trevor|
|
|t:|1784136066
|switch|p1a: Kingambit|Kingambit, L50, F, shiny|100/100
|detailschange|p2a: Froslass|Froslass-Mega, L50, F
|-mega|p2a: Froslass|Froslass|Froslassite
|-weather|Snowscape|[from] ability: Snow Warning|[of] p2a: Froslass
|move|p2b: Dragonite|Protect|p2b: Dragonite
|-singleturn|p2b: Dragonite|Protect
|move|p2a: Froslass|Shadow Ball|p1a: Kingambit
|-resisted|p1a: Kingambit|1
|-damage|p1a: Kingambit|82/100
|move|p1b: Sneasler|Gunk Shot|p2b: Dragonite
|-activate|p2b: Dragonite|move: Protect
|
|-weather|Snowscape|[upkeep]
|upkeep
|turn|2
|
|t:|1784136094
|move|p1a: Kingambit|Protect|p1a: Kingambit
|-singleturn|p1a: Kingambit|Protect
|move|p2a: Froslass|Aurora Veil|p2a: Froslass
|-sidestart|p2: trevYAH|move: Aurora Veil
|move|p1b: Sneasler|Gunk Shot|p2b: Dragonite
|-damage|p2b: Dragonite|63/100
|move|p2b: Dragonite|Dragon Claw|p1b: Sneasler
|-damage|p1b: Sneasler|26/100
|-damage|p2b: Dragonite|53/100|[from] item: Life Orb
|
|-weather|Snowscape|[upkeep]
|upkeep
|turn|3
|
|t:|1784136111
|switch|p2a: Kingambit|Kingambit, L50, M|100/100
|move|p2b: Dragonite|Extreme Speed|p1b: Sneasler
|-damage|p1b: Sneasler|0 fnt
|faint|p1b: Sneasler
|-damage|p2b: Dragonite|44/100|[from] item: Life Orb
|move|p1a: Kingambit|Kowtow Cleave|p2a: Kingambit
|-resisted|p2a: Kingambit|1
|-crit|p2a: Kingambit
|-damage|p2a: Kingambit|67/100
|
|-weather|Snowscape|[upkeep]
|upkeep
|
|t:|1784136130
|switch|p1b: Froslass|Froslass, L50, F, shiny|100/100
|turn|4
|
|t:|1784136156
|detailschange|p1b: Froslass|Froslass-Mega, L50, F, shiny
|-mega|p1b: Froslass|Froslass|Froslassite
|move|p1b: Froslass|Protect|p1b: Froslass
|-singleturn|p1b: Froslass|Protect
|move|p2a: Kingambit|Sucker Punch||[still]
|-fail|p2a: Kingambit
|move|p2b: Dragonite|Low Kick|p1a: Kingambit
|-supereffective|p1a: Kingambit|2
|-damage|p1a: Kingambit|0 fnt
|faint|p1a: Kingambit
|-damage|p2b: Dragonite|34/100|[from] item: Life Orb
|
|-weather|Snowscape|[upkeep]
|upkeep
|
|t:|1784136165
|switch|p1a: Lycanroc|Lycanroc-Dusk, L50, F, shiny|100/100
|turn|5
|
|t:|1784136200
|move|p2b: Dragonite|Extreme Speed|p1a: Lycanroc
|-resisted|p1a: Lycanroc|1
|-damage|p1a: Lycanroc|66/100
|-damage|p2b: Dragonite|24/100|[from] item: Life Orb
|move|p2a: Kingambit|Sucker Punch|p1a: Lycanroc
|-damage|p1a: Lycanroc|0 fnt
|faint|p1a: Lycanroc
|move|p1b: Froslass|Blizzard|p2a: Kingambit|[spread] p2a,p2b
|-resisted|p2a: Kingambit|1
|-supereffective|p2b: Dragonite|2
|-damage|p2a: Kingambit|54/100
|-damage|p2b: Dragonite|0 fnt
|faint|p2b: Dragonite
|
|-weather|none
|upkeep
|
|t:|1784136209
|switch|p2b: Froslass|Froslass-Mega, L50, F|100/100
|-weather|Snowscape|[from] ability: Snow Warning|[of] p2b: Froslass
|turn|6
|-message|FunkleVGC forfeited.
|
|win|trevYAH
