|j|☆ossigt
|j|☆jonen
|html|ossigtjonen    
|uhtml|bestof|Game 2 of a best-of-3
|t:|1756731263
|gametype|doubles
|player|p1|ossigt|hilbert-wonderlauncher|1153
|player|p2|jonen|ruinmaniac-gen3|1182
|gen|9
|tier|[Gen 9] VGC 2025 Reg H (Bo3)
|rated|
|rule|Species Clause: Limit one of each Pokémon
|rule|Item Clause: Limit 1 of each item
|clearpoke
|poke|p1|Kingambit, L50, F|
|poke|p1|Rillaboom, L50, F|
|poke|p1|Electabuzz, L50, M|
|poke|p1|Dragapult, L50, M|
|poke|p1|Volcarona, L50, M|
|poke|p1|Tauros-Paldea-Aqua, L50, M|
|poke|p2|Garchomp, L50, F|
|poke|p2|Weezing-Galar, L50, F|
|poke|p2|Archaludon, L50, M|
|poke|p2|Gholdengo, L50|
|poke|p2|Talonflame, L50, F|
|poke|p2|Annihilape, L50, F|
|teampreview|4
|showteam|p1|Kingambit||BlackGlasses|Defiant|Protect,KowtowCleave,SuckerPunch,SwordsDance|||F|||50|,,,,,Dark]Rillaboom||AssaultVest|GrassySurge|WoodHammer,GrassyGlide,Uturn,FakeOut|||F|||50|,,,,,Fire]Electabuzz||Eviolite|VitalSpirit|Protect,Thunderbolt,HelpingHand,FollowMe|||M|||50|,,,,,Ghost]Dragapult||ChoiceBand|ClearBody|DragonDarts,PhantomForce,Outrage,Uturn|||M|||50|,,,,,Ghost]Volcarona||CovertCloak|FlameBody|Protect,HeatWave,GigaDrain,QuiverDance|||M|||50|,,,,,Dragon]Tauros-Paldea-Aqua||MirrorHerb|Intimidate|Protect,WaveCrash,CloseCombat,AquaJet|||M|||50|,,,,,Water
|showteam|p2|Garchomp||LifeOrb|RoughSkin|DragonClaw,Earthquake,StompingTantrum,Protect|||F|||50|,,,,,Ground]Weezing-Galar||FocusSash|NeutralizingGas|Protect,SludgeBomb,Taunt,StrangeSteam|||F|||50|,,,,,Flying]Archaludon||PowerHerb|Sturdy|ElectroShot,Thunderbolt,DracoMeteor,Protect|||M|||50|,,,,,Electric]Gholdengo||ChoiceSpecs|GoodasGold|ShadowBall,DazzlingGleam,PowerGem,MakeItRain||||||50|,,,,,Fairy]Talonflame||CovertCloak|GaleWings|Tailwind,DualWingbeat,UpperHand,FlareBlitz|||F|||50|,,,,,Fairy]Annihilape||AssaultVest|Defiant|CloseCombat,RageFist,FinalGambit,IcePunch|||F|||50|,,,,,Grass
|
|t:|1756731284
|teamsize|p1|4
|teamsize|p2|4
|start
|switch|p1a: Electabuzz|Electabuzz, L50, M, shiny|100/100
|switch|p1b: Volcarona|Volcarona, L50, M, shiny|100/100
|switch|p2a: Gholdengo|Gholdengo, L50|100/100
|switch|p2b: Talonflame|Talonflame, L50, F|100/100
|turn|1
|
|t:|1756731306
|move|p2b: Talonflame|Flare Blitz|p1a: Electabuzz
|-damage|p1a: Electabuzz|64/100
|-damage|p2b: Talonflame|87/100|[from] Recoil
|move|p1b: Volcarona|Quiver Dance|p1b: Volcarona
|-boost|p1b: Volcarona|spa|1
|-boost|p1b: Volcarona|spd|1
|-boost|p1b: Volcarona|spe|1
|move|p2a: Gholdengo|Shadow Ball|p1a: Electabuzz
|-damage|p1a: Electabuzz|14/100
|-unboost|p1a: Electabuzz|spd|1
|move|p1a: Electabuzz|Thunderbolt|p2b: Talonflame
|-supereffective|p2b: Talonflame
|-damage|p2b: Talonflame|0 fnt
|faint|p2b: Talonflame
|
|upkeep
|
|t:|1756731310
|switch|p2b: Garchomp|Garchomp, L50, F|100/100
|turn|2
|
|t:|1756731341
|-terastallize|p2a: Gholdengo|Fairy
|move|p1a: Electabuzz|Follow Me|p1a: Electabuzz
|-singleturn|p1a: Electabuzz|move: Follow Me
|move|p1b: Volcarona|Quiver Dance|p1b: Volcarona
|-boost|p1b: Volcarona|spa|1
|-boost|p1b: Volcarona|spd|1
|-boost|p1b: Volcarona|spe|1
|move|p2b: Garchomp|Stomping Tantrum|p1a: Electabuzz
|-supereffective|p1a: Electabuzz
|-damage|p1a: Electabuzz|0 fnt
|faint|p1a: Electabuzz
|-damage|p2b: Garchomp|91/100|[from] item: Life Orb
|move|p2a: Gholdengo|Shadow Ball|p1b: Volcarona
|-damage|p1b: Volcarona|70/100
|
|upkeep
|
|t:|1756731364
|switch|p1a: Dragapult|Dragapult, L50, M, shiny|100/100
|turn|3
|
|t:|1756731392
|switch|p1a: Rillaboom|Rillaboom, L50, F, shiny|100/100
|-fieldstart|move: Grassy Terrain|[from] ability: Grassy Surge|[of] p1a: Rillaboom
|move|p2b: Garchomp|Protect|p2b: Garchomp
|-singleturn|p2b: Garchomp|Protect
|move|p1b: Volcarona|Heat Wave|p2a: Gholdengo|[spread] p2a
|-activate|p2b: Garchomp|move: Protect
|-damage|p2a: Gholdengo|26/100
|move|p2a: Gholdengo|Shadow Ball|p1a: Rillaboom
|-damage|p1a: Rillaboom|58/100
|
|-heal|p1b: Volcarona|77/100|[from] Grassy Terrain
|-heal|p2b: Garchomp|97/100|[from] Grassy Terrain
|-heal|p2a: Gholdengo|32/100|[from] Grassy Terrain
|-heal|p1a: Rillaboom|64/100|[from] Grassy Terrain
|upkeep
|turn|4
|
|t:|1756731415
|switch|p2a: Annihilape|Annihilape, L50, F|100/100
|move|p1a: Rillaboom|Grassy Glide|p2b: Garchomp
|-damage|p2b: Garchomp|62/100
|-damage|p1a: Rillaboom|52/100|[from] ability: Rough Skin|[of] p2b: Garchomp
|move|p1b: Volcarona|Heat Wave|p2a: Annihilape|[spread] p2a,p2b
|-crit|p2a: Annihilape
|-resisted|p2b: Garchomp
|-damage|p2a: Annihilape|25/100
|-damage|p2b: Garchomp|21/100
|move|p2b: Garchomp|Dragon Claw|p1b: Volcarona
|-damage|p1b: Volcarona|7/100
|-damage|p2b: Garchomp|11/100|[from] item: Life Orb
|
|-heal|p1b: Volcarona|13/100|[from] Grassy Terrain
|-heal|p2b: Garchomp|17/100|[from] Grassy Terrain
|-heal|p2a: Annihilape|31/100|[from] Grassy Terrain
|-heal|p1a: Rillaboom|58/100|[from] Grassy Terrain
|upkeep
|turn|5
|
|t:|1756731442
|move|p1a: Rillaboom|Grassy Glide|p2a: Annihilape
|-damage|p2a: Annihilape|0 fnt
|faint|p2a: Annihilape
|move|p1b: Volcarona|Heat Wave|p2b: Garchomp
|-resisted|p2b: Garchomp
|-damage|p2b: Garchomp|0 fnt
|faint|p2b: Garchomp
|
|-heal|p1b: Volcarona|19/100|[from] Grassy Terrain
|-heal|p1a: Rillaboom|63/100|[from] Grassy Terrain
|upkeep
|
|t:|1756731446
|switch|p2b: Gholdengo|Gholdengo, L50, tera:Fairy|32/100
|turn|6
|
|t:|1756731458
|move|p1a: Rillaboom|Grassy Glide|p2b: Gholdengo
|-damage|p2b: Gholdengo|0 fnt
|faint|p2b: Gholdengo
|
|win|ossigt
|raw|ossigt's rating: 1153 → 1180(+27 for winning)
|raw|jonen's rating: 1182 → 1155(-27 for losing)
|l|☆jonen
|player|p2|
