|j|☆abadanriyi92
|j|☆TransGirlChomp1
|html|abadanriyi92TransGirlChomp1    
|uhtml|bestof|Game 2 of a best-of-3
|t:|1784339390
|gametype|doubles
|player|p1|abadanriyi92|scientist|1213
|player|p2|TransGirlChomp1|skierf|1196
|gen|9
|tier|[Gen 9 Champions] VGC 2026 Reg M-B (Bo3)
|rated|
|rule|Species Clause: Limit one of each Pokémon
|rule|Item Clause: Limit 1 of each item
|clearpoke
|poke|p1|Gengar, L50, M|
|poke|p1|Archaludon, L50, M|
|poke|p1|Politoed, L50, F|
|poke|p1|Swampert, L50, M|
|poke|p1|Vivillon-Fancy, L50, M|
|poke|p1|Incineroar, L50, F|
|poke|p2|Garchomp, L50, F|
|poke|p2|Tyranitar, L50, M|
|poke|p2|Gholdengo, L50|
|poke|p2|Venusaur, L50, F|
|poke|p2|Incineroar, L50, M|
|poke|p2|Milotic, L50, F|
|teampreview|4
|showteam|p1|Gengar||Gengarite|CursedBody|ShadowBall,SludgeBomb,PerishSong,Protect|Modest||M|||50|]Archaludon||Leftovers|Stamina|ElectroShot,DragonPulse,FlashCannon,Protect|Bold||M|||50|]Politoed||SitrusBerry|Drizzle|WeatherBall,Hypnosis,PerishSong,Protect|Calm||F|||50|]Swampert||Swampertite|Torrent|WaveCrash,Earthquake,IcePunch,Protect|Adamant||M|||50|]Vivillon-Fancy||FocusSash|CompoundEyes|Hurricane,SleepPowder,RagePowder,Protect|Timid||M|||50|]Incineroar||PasshoBerry|Intimidate|ThroatChop,FakeOut,PartingShot,Protect|Impish||F|||50|
|showteam|p2|Garchomp||Garchompite|SandVeil|EarthPower,DragonPulse,PowerGem,Protect|Modest||F|||50|]Tyranitar||ChoiceScarf|SandStream|RockSlide,KnockOff,LowKick,IcyWind|Quirky||M|||50|]Gholdengo||LifeOrb|GoodasGold|MakeItRain,ShadowBall,NastyPlot,Protect|Modest|||||50|]Venusaur||Venusaurite|Chlorophyll|GigaDrain,SludgeBomb,LeechSeed,Protect|Modest||F|||50|]Incineroar||PasshoBerry|Intimidate|FakeOut,FlareBlitz,ThroatChop,PartingShot|Careful||M|||50|]Milotic||Leftovers|Competitive|Scald,IcyWind,Haze,Protect|Modest||F|||50|
|inactive|Battle timer is ON: inactive players will automatically lose when time's up. (requested by TransGirlChomp1)
|
|t:|1784339418
|teamsize|p1|4
|teamsize|p2|4
|start
|switch|p1a: Swampert|Swampert, L50, M|100/100
|switch|p1b: Vivillon|Vivillon-Fancy, L50, M|100/100
|switch|p2a: Garchomp|Garchomp, L50, F|100/100
|switch|p2b: Tyranitar|Tyranitar, L50, M|100/100
|-weather|Sandstorm|[from] ability: Sand Stream|[of] p2b: Tyranitar
|turn|1
|inactive|abadanriyi92 has 30 seconds left.
|inactive|TransGirlChomp1 has 30 seconds left.
|inactive|abadanriyi92 has 20 seconds left.
|inactive|TransGirlChomp1 has 20 seconds left.
|inactive|abadanriyi92 has 15 seconds left.
|inactive|abadanriyi92 has 10 seconds left.
|
|t:|1784339464
|detailschange|p2a: Garchomp|Garchomp-Mega, L50, F
|-mega|p2a: Garchomp|Garchomp|Garchompite
|detailschange|p1a: Swampert|Swampert-Mega, L50, M
|-mega|p1a: Swampert|Swampert|Swampertite
|move|p2a: Garchomp|Protect|p2a: Garchomp
|-singleturn|p2a: Garchomp|Protect
|move|p1b: Vivillon|Rage Powder|p1b: Vivillon
|-singleturn|p1b: Vivillon|move: Rage Powder
|move|p2b: Tyranitar|Rock Slide|p1b: Vivillon|[spread] p1a
|-miss|p2b: Tyranitar|p1b: Vivillon
|-resisted|p1a: Swampert|1
|-damage|p1a: Swampert|85/100
|move|p1a: Swampert|Earthquake|p2b: Tyranitar|[spread] p2b
|-activate|p2a: Garchomp|move: Protect
|-immune|p1b: Vivillon
|-supereffective|p2b: Tyranitar|1
|-damage|p2b: Tyranitar|11/100
|
|-weather|Sandstorm|[upkeep]
|-damage|p1b: Vivillon|94/100|[from] Sandstorm
|upkeep
|turn|2
|inactive|abadanriyi92 has 30 seconds left.
|inactive|abadanriyi92 has 20 seconds left.
|inactive|abadanriyi92 has 15 seconds left.
|inactive|abadanriyi92 has 10 seconds left.
|
|t:|1784339512
|switch|p2a: Incineroar|Incineroar, L50, M|100/100
|-ability|p2a: Incineroar|Intimidate|boost
|-unboost|p1a: Swampert|atk|1
|-unboost|p1b: Vivillon|atk|1
|move|p2b: Tyranitar|Rock Slide|p1a: Swampert|[spread] p1b
|-miss|p2b: Tyranitar|p1a: Swampert
|-supereffective|p1b: Vivillon|2
|-damage|p1b: Vivillon|0 fnt
|faint|p1b: Vivillon
|move|p1a: Swampert|Earthquake|p2a: Incineroar|[spread] p2a,p2b
|-supereffective|p2a: Incineroar|1
|-supereffective|p2b: Tyranitar|1
|-damage|p2a: Incineroar|49/100
|-damage|p2b: Tyranitar|0 fnt
|faint|p2b: Tyranitar
|
|-weather|Sandstorm|[upkeep]
|-damage|p2a: Incineroar|43/100|[from] Sandstorm
|upkeep
|inactive|abadanriyi92 has 30 seconds left.
|
|t:|1784339538
|switch|p1b: Archaludon|Archaludon, L50, M|100/100
|switch|p2b: Garchomp|Garchomp-Mega, L50, F|100/100
|turn|3
|
|t:|1784339558
|switch|p1a: Politoed|Politoed, L50, F|100/100
|-weather|RainDance|[from] ability: Drizzle|[of] p1a: Politoed
|switch|p2a: Gholdengo|Gholdengo, L50|100/100
|move|p2b: Garchomp|Earth Power|p1b: Archaludon
|-supereffective|p1b: Archaludon|1
|-damage|p1b: Archaludon|10/100
|-ability|p1b: Archaludon|Stamina|boost
|-boost|p1b: Archaludon|def|1
|move|p1b: Archaludon|Electro Shot||[still]
|-prepare|p1b: Archaludon|Electro Shot
|-boost|p1b: Archaludon|spa|1
|-anim|p1b: Archaludon|Electro Shot|p2a: Gholdengo
|-crit|p2a: Gholdengo
|-damage|p2a: Gholdengo|16/100
|
|-weather|RainDance|[upkeep]
|-heal|p1b: Archaludon|16/100|[from] item: Leftovers
|upkeep
|turn|4
|inactive|abadanriyi92 has 30 seconds left.
|inactive|TransGirlChomp1 has 30 seconds left.
|inactive|abadanriyi92 has 20 seconds left.
|inactive|abadanriyi92 has 15 seconds left.
|
|t:|1784339599
|move|p1b: Archaludon|Protect|p1b: Archaludon
|-singleturn|p1b: Archaludon|Protect
|move|p2b: Garchomp|Earth Power|p1b: Archaludon
|-activate|p1b: Archaludon|move: Protect
|move|p2a: Gholdengo|Shadow Ball|p1a: Politoed
|-damage|p1a: Politoed|56/100
|-unboost|p1a: Politoed|spd|1
|-damage|p2a: Gholdengo|7/100|[from] item: Life Orb
|move|p1a: Politoed|Weather Ball|p2a: Gholdengo
|-damage|p2a: Gholdengo|0 fnt
|faint|p2a: Gholdengo
|
|-weather|RainDance|[upkeep]
|-heal|p1b: Archaludon|22/100|[from] item: Leftovers
|upkeep
|
|t:|1784339603
|switch|p2a: Incineroar|Incineroar, L50, M|43/100
|-ability|p2a: Incineroar|Intimidate|boost
|-unboost|p1a: Politoed|atk|1
|-unboost|p1b: Archaludon|atk|1
|turn|5
|inactive|abadanriyi92 has 30 seconds left.
|inactive|TransGirlChomp1 has 30 seconds left.
|inactive|abadanriyi92 has 20 seconds left.
|inactive|TransGirlChomp1 has 20 seconds left.
|inactive|abadanriyi92 has 15 seconds left.
|inactive|TransGirlChomp1 has 15 seconds left.
|inactive|abadanriyi92 has 10 seconds left.
|inactive|TransGirlChomp1 has 10 seconds left.
|
|t:|1784339656
|move|p2a: Incineroar|Fake Out|p1b: Archaludon
|-resisted|p1b: Archaludon|1
|-damage|p1b: Archaludon|20/100y
|-ability|p1b: Archaludon|Stamina|boost
|-boost|p1b: Archaludon|def|1
|move|p2b: Garchomp|Earth Power|p1a: Politoed
|-damage|p1a: Politoed|5/100
|-enditem|p1a: Politoed|Sitrus Berry|[eat]
|-heal|p1a: Politoed|30/100|[from] item: Sitrus Berry
|cant|p1b: Archaludon|flinch
|move|p1a: Politoed|Weather Ball|p2a: Incineroar
|-supereffective|p2a: Incineroar|1
|-enditem|p2a: Incineroar|Passho Berry|[eat]
|-enditem|p2a: Incineroar|Passho Berry|[weaken]
|-damage|p2a: Incineroar|6/100
|
|-weather|RainDance|[upkeep]
|-heal|p1b: Archaludon|26/100|[from] item: Leftovers
|upkeep
|turn|6
|inactive|abadanriyi92 has 30 seconds left.
|
|t:|1784339686
|move|p2b: Garchomp|Earth Power|p1b: Archaludon
|-supereffective|p1b: Archaludon|1
|-damage|p1b: Archaludon|0 fnt
|faint|p1b: Archaludon
|move|p1a: Politoed|Weather Ball|p2b: Garchomp
|-damage|p2b: Garchomp|49/100
|move|p2a: Incineroar|Throat Chop|p1a: Politoed
|-damage|p1a: Politoed|2/100
|-start|p1a: Politoed|Throat Chop|[silent]
|
|-weather|RainDance|[upkeep]
|upkeep
|
|t:|1784339697
|switch|p1b: Swampert|Swampert-Mega, L50, M|85/100
|turn|7
|
|t:|1784339708
|move|p2b: Garchomp|Protect|p2b: Garchomp
|-singleturn|p2b: Garchomp|Protect
|move|p1b: Swampert|Ice Punch|p2b: Garchomp
|-activate|p2b: Garchomp|move: Protect
|move|p1a: Politoed|Weather Ball|p2a: Incineroar
|-supereffective|p2a: Incineroar|1
|-damage|p2a: Incineroar|0 fnt
|faint|p2a: Incineroar
|
|-weather|none
|-end|p1a: Politoed|Throat Chop|[silent]
|upkeep
|turn|8
|
|t:|1784339723
|move|p2b: Garchomp|Earth Power|p1b: Swampert
|-crit|p1b: Swampert
|-damage|p1b: Swampert|20/100y
|move|p1b: Swampert|Ice Punch|p2b: Garchomp
|-supereffective|p2b: Garchomp|2
|-damage|p2b: Garchomp|0 fnt
|faint|p2b: Garchomp
|
|win|abadanriyi92
||TransGirlChomp1 is ready for game 3.
|inactive|abadanriyi92 has 30 seconds to confirm battle start!
||abadanriyi92 is ready for game 3.
|uhtml|next|Next: Game 3 of 3
