|j|☆pink spoon
|j|☆PizzaSanwitch
|html|pink spoonPizzaSanwitch    
|uhtml|bestof|Game 2 of a best-of-3
|t:|1784843538
|gametype|doubles
|player|p1|pink spoon|parasollady|1142
|player|p2|PizzaSanwitch|1|1204
|gen|9
|tier|[Gen 9 Champions] VGC 2026 Reg M-B (Bo3)
|rated|
|rule|Species Clause: Limit one of each Pokémon
|rule|Item Clause: Limit 1 of each item
|clearpoke
|poke|p1|Floette-Eternal, L50, F|
|poke|p1|Ceruledge, L50, M|
|poke|p1|Whimsicott, L50, F|
|poke|p1|Samurott-Hisui, L50, F|
|poke|p1|Sneasler, L50, M|
|poke|p1|Charizard, L50, F|
|poke|p2|Pelipper, L50, F|
|poke|p2|Archaludon, L50, M|
|poke|p2|Venusaur, L50, M|
|poke|p2|Basculegion, L50, M|
|poke|p2|Grimmsnarl, L50, M|
|poke|p2|Charizard, L50, M|
|teampreview|4
|showteam|p1|Floette-Eternal||Floettite|FlowerVeil|Moonblast,LightofRuin,DazzlingGleam,Protect|Timid||F|||50|]Ceruledge||LifeOrb|FlashFire|Poltergeist,BitterBlade,ShadowSneak,Protect|Adamant||M|||50|]Whimsicott||FocusSash|Prankster|Moonblast,Tailwind,SunnyDay,Protect|Timid||F|||50|]Samurott-Hisui||BlackGlasses|Sharpness|NightSlash,SacredSword,SuckerPunch,Detect|Adamant||F|||50|]Sneasler||WhiteHerb|Unburden|CloseCombat,DireClaw,Coaching,Protect|Jolly||M|||50|]Charizard||CharizarditeY|Blaze|HeatWave,SolarBeam,WeatherBall,Protect|Modest||F|||50|
|showteam|p2|Pelipper||SitrusBerry|Drizzle|WeatherBall,Hurricane,Tailwind,Protect|Modest||F|||50|]Archaludon||Leftovers|Stamina|ElectroShot,FlashCannon,DragonPulse,Protect|Modest||M|||50|]Venusaur||Venusaurite|Chlorophyll|GigaDrain,SludgeBomb,EarthPower,Protect|Modest||M|||50|]Basculegion||ChoiceScarf|Adaptability|WaveCrash,LastRespects,AquaJet,FlipTurn|Jolly||M|||50|]Grimmsnarl||LightClay|Prankster|SpiritBreak,Reflect,LightScreen,PartingShot|Sassy||M|||50|]Charizard||CharizarditeY|SolarPower|HeatWave,WeatherBall,Hurricane,Protect|Modest||M|||50|
|
|t:|1784843574
|teamsize|p1|4
|teamsize|p2|4
|start
|switch|p1a: Ceruledge|Ceruledge, L50, M|100/100
|switch|p1b: Whimsicott|Whimsicott, L50, F|100/100
|switch|p2a: Basculegion|Basculegion, L50, M|100/100
|switch|p2b: Pelipper|Pelipper, L50, F|100/100
|-weather|RainDance|[from] ability: Drizzle|[of] p2b: Pelipper
|turn|1
|
|t:|1784843602
|move|p1b: Whimsicott|Sunny Day|p1b: Whimsicott
|-weather|SunnyDay
|move|p2a: Basculegion|Flip Turn|p1a: Ceruledge
|-supereffective|p1a: Ceruledge|1
|-damage|p1a: Ceruledge|49/100
|
|t:|1784843610
|switch|p2a: Archaludon|Archaludon, L50, M|100/100|[from] Flip Turn
|move|p1a: Ceruledge|Poltergeist|p2a: Archaludon
|-activate|p2a: Archaludon|move: Poltergeist|Leftovers
|-damage|p2a: Archaludon|46/100
|-ability|p2a: Archaludon|Stamina|boost
|-boost|p2a: Archaludon|def|1
|-damage|p1a: Ceruledge|39/100|[from] item: Life Orb
|move|p2b: Pelipper|Tailwind|p2b: Pelipper
|-sidestart|p2: PizzaSanwitch|move: Tailwind
|
|-weather|SunnyDay|[upkeep]
|-heal|p2a: Archaludon|52/100|[from] item: Leftovers
|upkeep
|turn|2
|
|t:|1784843637
|switch|p2b: Basculegion|Basculegion, L50, M|100/100
|switch|p1a: Floette|Floette-Eternal, L50, F|100/100
|move|p2a: Archaludon|Dragon Pulse|p1a: Floette
|-immune|p1a: Floette
|move|p1b: Whimsicott|Moonblast|p2b: Basculegion
|-damage|p2b: Basculegion|59/100
|
|-weather|SunnyDay|[upkeep]
|-heal|p2a: Archaludon|58/100|[from] item: Leftovers
|upkeep
|turn|3
|
|t:|1784843664
|switch|p2a: Pelipper|Pelipper, L50, F|100/100
|-weather|RainDance|[from] ability: Drizzle|[of] p2a: Pelipper
|detailschange|p1a: Floette|Floette-Mega, L50, F
|-mega|p1a: Floette|Floette|Floettite
|-ability|p1a: Floette|Fairy Aura
|move|p1b: Whimsicott|Tailwind|p1b: Whimsicott
|-sidestart|p1: pink spoon|move: Tailwind
|move|p2b: Basculegion|Wave Crash|p1a: Floette
|-damage|p1a: Floette|0 fnt
|faint|p1a: Floette
|-damage|p2b: Basculegion|33/100|[from] Recoil
|
|-weather|RainDance|[upkeep]
|upkeep
|
|t:|1784843674
|switch|p1a: Samurott|Samurott-Hisui, L50, F|100/100
|turn|4
|
|t:|1784843727
|switch|p2b: Charizard|Charizard, L50, M|100/100
|move|p1b: Whimsicott|Moonblast|p2a: Pelipper
|-damage|p2a: Pelipper|54/100
|move|p1a: Samurott|Night Slash|p2a: Pelipper
|-damage|p2a: Pelipper|0 fnt
|faint|p2a: Pelipper
|
|-weather|RainDance|[upkeep]
|-sideend|p2: PizzaSanwitch|move: Tailwind
|upkeep
|
|t:|1784843737
|switch|p2a: Archaludon|Archaludon, L50, M|58/100
|turn|5
|
|t:|1784843774
|switch|p1b: Ceruledge|Ceruledge, L50, M|39/100
|detailschange|p2b: Charizard|Charizard-Mega-Y, L50, M
|-mega|p2b: Charizard|Charizard|Charizardite Y
|-weather|SunnyDay|[from] ability: Drought|[of] p2b: Charizard
|move|p2a: Archaludon|Protect|p2a: Archaludon
|-singleturn|p2a: Archaludon|Protect
|move|p1a: Samurott|Sacred Sword|p2a: Archaludon
|-activate|p2a: Archaludon|move: Protect
|move|p2b: Charizard|Heat Wave|p1b: Ceruledge|[spread] p1a
|-start|p1b: Ceruledge|ability: Flash Fire
|-resisted|p1a: Samurott|1
|-damage|p1a: Samurott|63/100
|
|-weather|SunnyDay|[upkeep]
|-heal|p2a: Archaludon|64/100|[from] item: Leftovers
|upkeep
|turn|6
|
|t:|1784843796
|switch|p2a: Basculegion|Basculegion, L50, M|33/100
|move|p1b: Ceruledge|Bitter Blade|p2a: Basculegion
|-resisted|p2a: Basculegion|1
|-damage|p2a: Basculegion|0 fnt
|-heal|p1b: Ceruledge|60/100|[from] drain|[of] p2a: Basculegion
|faint|p2a: Basculegion
|-damage|p1b: Ceruledge|51/100|[from] item: Life Orb
|move|p1a: Samurott|Sacred Sword|p2b: Charizard
|-resisted|p2b: Charizard|1
|-damage|p2b: Charizard|76/100
|move|p2b: Charizard|Weather Ball|p1a: Samurott
|-resisted|p1a: Samurott|1
|-damage|p1a: Samurott|17/100
|
|-weather|SunnyDay|[upkeep]
|-sideend|p1: pink spoon|move: Tailwind
|upkeep
|
|t:|1784843802
|switch|p2a: Archaludon|Archaludon, L50, M|64/100
|turn|7
|
|t:|1784843825
|move|p1a: Samurott|Sucker Punch|p2b: Charizard
|-damage|p2b: Charizard|35/100
|move|p2b: Charizard|Weather Ball|p1a: Samurott
|-resisted|p1a: Samurott|1
|-damage|p1a: Samurott|0 fnt
|faint|p1a: Samurott
|move|p1b: Ceruledge|Bitter Blade|p2a: Archaludon
|-damage|p2a: Archaludon|0 fnt
|-heal|p1b: Ceruledge|91/100|[from] drain|[of] p2a: Archaludon
|faint|p2a: Archaludon
|-damage|p1b: Ceruledge|82/100|[from] item: Life Orb
|
|-weather|SunnyDay|[upkeep]
|upkeep
|
|t:|1784843834
|switch|p1a: Whimsicott|Whimsicott, L50, F|100/100
|turn|8
|-message|PizzaSanwitch forfeited.
|
|win|pink spoon
|raw|pink spoon's rating: 1142 → 1171(+29 for winning)
|raw|PizzaSanwitch's rating: 1204 → 1175(-29 for losing)
|l|☆pink spoon
|player|p1|
