|j|☆rillaboom0623
|j|☆Wezly_ME
|html|rillaboom0623Wezly_ME    
|uhtml|bestof|Game 3 of a best-of-3
|t:|1757736483
|gametype|doubles
|player|p1|rillaboom0623|rosa|1082
|player|p2|Wezly_ME|palmer|1096
|gen|9
|tier|[Gen 9] VGC 2025 Reg H (Bo3)
|rated|
|rule|Species Clause: Limit one of each Pokémon
|rule|Item Clause: Limit 1 of each item
|clearpoke
|poke|p1|Incineroar, L50, F|
|poke|p1|Ninetales-Alola, L50, M|
|poke|p1|Dragapult, L50, M|
|poke|p1|Magmar, L50, F|
|poke|p1|Kingambit, L50, F|
|poke|p1|Basculegion, L50, M|
|poke|p2|Ursaluna-Bloodmoon, L50, M|
|poke|p2|Sinistcha, L50|
|poke|p2|Smeargle, L50, M|
|poke|p2|Sneasler, L50, M|
|poke|p2|Bellibolt, L50, M|
|poke|p2|Farigiraf, L50, F|
|teampreview|4
|showteam|p1|Incineroar||AssaultVest|Intimidate|FlareBlitz,KnockOff,FakeOut,Uturn|||F|||50|,,,,,Ghost]Ninetales-Alola||NeverMeltIce|SnowWarning|Blizzard,Encore,Protect,Moonblast|||M|||50|,,,,,Water]Dragapult||ChoiceBand|ClearBody|Outrage,DragonDarts,PhantomForce,Uturn|||M|||50|,,,,,Dragon]Magmar||Eviolite|VitalSpirit|Overheat,HelpingHand,Protect,FollowMe|||F|||50|,,,,,Ghost]Kingambit||BlackGlasses|Defiant|SuckerPunch,KowtowCleave,IronHead,Protect|||F|||50|,,,,,Dark]Basculegion||ChoiceScarf|MoldBreaker|WaveCrash,FlipTurn,LastRespects,AquaJet|||M|||50|,,,,,Water
|showteam|p2|Ursaluna-Bloodmoon||AssaultVest|MindsEye|BloodMoon,HyperVoice,EarthPower,Moonblast|||M|||50|,,,,,Fairy]Sinistcha||Leftovers|Hospitality|Protect,LifeDew,ShadowBall,MatchaGotcha||||||50|,,,,,Water]Smeargle||FocusSash|Moody|FakeOut,FollowMe,Decorate,Spore|||M|||50|,,,,,Ghost]Sneasler||NormalGem|Unburden|FakeOut,NightSlash,DireClaw,CloseCombat|||M|||50|,,,,,Flying]Bellibolt||BigRoot|Electromorphosis|ParabolicCharge,AcidSpray,Soak,Protect|||M|||50|,,,,,Grass]Farigiraf||RockyHelmet|ArmorTail|Protect,TrickRoom,HyperVoice,Psychic|||F|||50|,,,,,Water
|inactive|Battle timer is ON: inactive players will automatically lose when time's up. (requested by Wezly_ME)
|inactive|rillaboom0623 also wants the timer to be on.
|
|t:|1757736499
|teamsize|p1|4
|teamsize|p2|4
|start
|switch|p1a: Ninetales|Ninetales-Alola, L50, M|100/100
|switch|p1b: Dragapult|Dragapult, L50, M|100/100
|switch|p2a: Ursaluna|Ursaluna-Bloodmoon, L50, M|100/100
|switch|p2b: Farigiraf|Farigiraf, L50, F|100/100
|-weather|Snowscape|[from] ability: Snow Warning|[of] p1a: Ninetales
|turn|1
|inactive|Wezly_ME has 30 seconds left.
|
|t:|1757736528
|-terastallize|p1b: Dragapult|Dragon
|-terastallize|p2a: Ursaluna|Fairy
|move|p1b: Dragapult|Dragon Darts|p2b: Farigiraf
|-damage|p2b: Farigiraf|47/100
|-anim|p1b: Dragapult|Dragon Darts|p2b: Farigiraf
|-damage|p2b: Farigiraf|0 fnt
|faint|p2b: Farigiraf
|move|p1a: Ninetales|Blizzard|p2a: Ursaluna
|-damage|p2a: Ursaluna|67/100
|move|p2a: Ursaluna|Blood Moon|p1a: Ninetales
|-damage|p1a: Ninetales|4/100
|
|-weather|Snowscape|[upkeep]
|upkeep
|
|t:|1757736543
|switch|p2b: Smeargle|Smeargle, L50, M|100/100
|turn|2
|
|t:|1757736565
|switch|p1b: Incineroar|Incineroar, L50, F|100/100
|-ability|p1b: Incineroar|Intimidate|boost
|-unboost|p2a: Ursaluna|atk|1
|-unboost|p2b: Smeargle|atk|1
|move|p1a: Ninetales|Protect|p1a: Ninetales
|-singleturn|p1a: Ninetales|Protect
|move|p2b: Smeargle|Fake Out|p1a: Ninetales
|-activate|p1a: Ninetales|move: Protect
|move|p2a: Ursaluna|Moonblast|p1b: Incineroar
|-damage|p1b: Incineroar|66/100
|
|-weather|Snowscape|[upkeep]
|-ability|p2b: Smeargle|Moody|boost
|-boost|p2b: Smeargle|spe|2
|-unboost|p2b: Smeargle|spa|1
|upkeep
|turn|3
|
|t:|1757736586
|move|p1b: Incineroar|Fake Out|p2b: Smeargle
|-damage|p2b: Smeargle|63/100
|cant|p2b: Smeargle|flinch
|move|p1a: Ninetales|Blizzard|p2a: Ursaluna|[spread] p2a,p2b
|-damage|p2a: Ursaluna|41/100
|-damage|p2b: Smeargle|0 fnt
|faint|p2b: Smeargle
|move|p2a: Ursaluna|Hyper Voice|p1b: Incineroar|[spread] p1a,p1b
|-damage|p1a: Ninetales|0 fnt
|-damage|p1b: Incineroar|43/100
|faint|p1a: Ninetales
|
|-weather|Snowscape|[upkeep]
|upkeep
|
|t:|1757736597
|switch|p1a: Dragapult|Dragapult, L50, M, tera:Dragon|100/100
|switch|p2b: Sneasler|Sneasler, L50, M|100/100
|turn|4
|
|t:|1757736606
|switch|p1a: Basculegion|Basculegion, L50, M|100/100
|-ability|p1a: Basculegion|Mold Breaker
|move|p2b: Sneasler|Fake Out|p1b: Incineroar
|-enditem|p2b: Sneasler|Normal Gem|[from] gem
|-damage|p1b: Incineroar|26/100
|cant|p1b: Incineroar|flinch
|move|p2a: Ursaluna|Moonblast|p1a: Basculegion
|-damage|p1a: Basculegion|41/100
|
|-weather|Snowscape|[upkeep]
|upkeep
|turn|5
|inactive|rillaboom0623 has 30 seconds left.
|inactive|rillaboom0623 has 20 seconds left.
|
|t:|1757736642
|move|p2b: Sneasler|Close Combat|p1b: Incineroar
|-supereffective|p1b: Incineroar
|-damage|p1b: Incineroar|0 fnt
|-unboost|p2b: Sneasler|def|1
|-unboost|p2b: Sneasler|spd|1
|faint|p1b: Incineroar
|move|p1a: Basculegion|Wave Crash|p2a: Ursaluna
|-damage|p2a: Ursaluna|2/100
|-damage|p1a: Basculegion|28/100|[from] Recoil
|move|p2a: Ursaluna|Hyper Voice|p1a: Basculegion
|-damage|p1a: Basculegion|0 fnt
|faint|p1a: Basculegion
|
|-weather|none
|upkeep
|
|t:|1757736645
|switch|p1a: Dragapult|Dragapult, L50, M, tera:Dragon|100/100
|turn|6
|
|t:|1757736662
|move|p2b: Sneasler|Dire Claw|p1a: Dragapult
|-damage|p1a: Dragapult|41/100
|-status|p1a: Dragapult|par
|move|p1a: Dragapult|Phantom Force||[still]
|-prepare|p1a: Dragapult|Phantom Force
|move|p2a: Ursaluna|Moonblast|p1a: Dragapult|[miss]
|-miss|p2a: Ursaluna|p1a: Dragapult
|
|upkeep
|turn|7
|-message|rillaboom0623 forfeited.
|
|win|Wezly_ME
|raw|rillaboom0623's rating: 1082 → 1061(-21 for losing)
|raw|Wezly_ME's rating: 1096 → 1121(+25 for winning)
|l|☆rillaboom0623
|player|p1|
|l|☆Wezly_ME
|player|p2|
|j|☆rillaboom0623
|player|p1|rillaboom0623|rosa|
|l|☆rillaboom0623
|player|p1|
