|j|☆Goat Pincurchin
|j|☆omega gio
|html|Goat Pincurchinomega gio    
|uhtml|bestof|Game 2 of a best-of-3
|t:|1755732596
|gametype|doubles
|player|p1|Goat Pincurchin|ghetsis|1324
|player|p2|omega gio|steven|1433
|gen|9
|tier|[Gen 9] VGC 2025 Reg H (Bo3)
|rated|
|rule|Species Clause: Limit one of each Pokémon
|rule|Item Clause: Limit 1 of each item
|clearpoke
|poke|p1|Jumpluff, L50, M|
|poke|p1|Torkoal, L50, F|
|poke|p1|Porygon2, L50|
|poke|p1|Ursaluna, L50, F|
|poke|p1|Incineroar, L50, M|
|poke|p1|Charizard, L50, M|
|poke|p2|Whimsicott, L50, F|
|poke|p2|Dragonite, L50, F|
|poke|p2|Incineroar, L50, F|
|poke|p2|Gholdengo, L50|
|poke|p2|Garchomp, L50, M|
|poke|p2|Sneasler, L50, M|
|teampreview|4
|showteam|p1|Jumpluff||CovertCloak|Chlorophyll|RagePowder,SunnyDay,SleepPowder,Tailwind|||M|||50|,,,,,Water]Torkoal||EjectPack|Drought|Overheat,HelpingHand,Eruption,Protect|||F|||50|,,,,,Fire]Porygon2||Eviolite|Download|TeraBlast,IceBeam,TrickRoom,Recover||||||50|,,,,,Fighting]Ursaluna||FlameOrb|Guts|Protect,Facade,HeadlongRush,Earthquake|||F|||50|,,,,,Ghost]Incineroar||AssaultVest|Intimidate|FlareBlitz,KnockOff,Uturn,FakeOut|||M|||50|,,,,,Grass]Charizard||ChoiceSpecs|SolarPower|HeatWave,WeatherBall,AirSlash,DragonPulse|||M|||50|,,,,,Ghost
|showteam|p2|Whimsicott||FocusSash|Prankster|Moonblast,Encore,Tailwind,Protect|||F|||50|,,,,,Ghost]Dragonite||ChoiceBand|InnerFocus|ExtremeSpeed,Outrage,IceSpinner,StompingTantrum|||F|||50|,,,,,Normal]Incineroar||AssaultVest|Intimidate|FakeOut,FlareBlitz,KnockOff,Uturn|||F|||50|,,,,,Ghost]Gholdengo||ChoiceSpecs|GoodasGold|MakeItRain,ShadowBall,Trick,Protect||||||50|,,,,,Steel]Garchomp||LifeOrb|RoughSkin|Earthquake,StompingTantrum,DragonClaw,Protect|||M|||50|,,,,,Ground]Sneasler||WhiteHerb|Unburden|FakeOut,CloseCombat,DireClaw,Protect|||M|||50|,,,,,Stellar
|inactive|Battle timer is ON: inactive players will automatically lose when time's up. (requested by omega gio)
|inactive|Goat Pincurchin also wants the timer to be on.
|
|t:|1755732620
|teamsize|p1|4
|teamsize|p2|4
|start
|switch|p1a: Charizard|Charizard, L50, M|100/100
|switch|p1b: Jumpluff|Jumpluff, L50, M|100/100
|switch|p2a: Dragonite|Dragonite, L50, F|100/100
|switch|p2b: Sneasler|Sneasler, L50, M|100/100
|turn|1
|
|t:|1755732633
|-terastallize|p1a: Charizard|Ghost
|move|p1b: Jumpluff|Sunny Day|p1b: Jumpluff
|-weather|SunnyDay
|move|p2b: Sneasler|Dire Claw|p1b: Jumpluff
|-supereffective|p1b: Jumpluff
|-damage|p1b: Jumpluff|0 fnt
|faint|p1b: Jumpluff
|move|p1a: Charizard|Heat Wave|p2b: Sneasler|[spread] p2a,p2b
|-resisted|p2a: Dragonite
|-damage|p2a: Dragonite|47/100
|-damage|p2b: Sneasler|0 fnt
|faint|p2b: Sneasler
|move|p2a: Dragonite|Outrage|p1a: Charizard
|-damage|p1a: Charizard|0 fnt
|faint|p1a: Charizard
|
|-weather|SunnyDay|[upkeep]
|upkeep
|
|t:|1755732646
|switch|p1b: Ursaluna|Ursaluna, L50, F|100/100
|switch|p2b: Gholdengo|Gholdengo, L50|100/100
|switch|p1a: Torkoal|Torkoal, L50, F|100/100
|turn|2
|
|t:|1755732657
|switch|p2b: Incineroar|Incineroar, L50, F|100/100
|-ability|p2b: Incineroar|Intimidate|boost
|-unboost|p1a: Torkoal|atk|1
|-unboost|p1b: Ursaluna|atk|1
|move|p1a: Torkoal|Protect|p1a: Torkoal
|-singleturn|p1a: Torkoal|Protect
|move|p2a: Dragonite|Outrage|p1a: Torkoal|[from] lockedmove
|-activate|p1a: Torkoal|move: Protect
|-start|p2a: Dragonite|confusion|[fatigue]
|move|p1b: Ursaluna|Headlong Rush|p2b: Incineroar
|-supereffective|p2b: Incineroar
|-damage|p2b: Incineroar|4/100
|-unboost|p1b: Ursaluna|def|1
|-unboost|p1b: Ursaluna|spd|1
|
|-weather|SunnyDay|[upkeep]
|-status|p1b: Ursaluna|brn|[from] item: Flame Orb
|upkeep
|turn|3
|
|t:|1755732677
|switch|p2a: Gholdengo|Gholdengo, L50|100/100
|move|p2b: Incineroar|Fake Out|p1a: Torkoal
|-damage|p1a: Torkoal|90/100
|move|p1b: Ursaluna|Facade|p2a: Gholdengo
|-immune|p2a: Gholdengo
|cant|p1a: Torkoal|flinch
|
|-weather|SunnyDay|[upkeep]
|-damage|p1b: Ursaluna|95/100 brn|[from] brn
|upkeep
|turn|4
|
|t:|1755732693
|-terastallize|p2a: Gholdengo|Steel
|move|p1b: Ursaluna|Protect|p1b: Ursaluna
|-singleturn|p1b: Ursaluna|Protect
|move|p2a: Gholdengo|Make It Rain|p1a: Torkoal|[spread] p1a
|-activate|p1b: Ursaluna|move: Protect
|-resisted|p1a: Torkoal
|-damage|p1a: Torkoal|21/100
|-unboost|p2a: Gholdengo|spa|1
|move|p2b: Incineroar|Knock Off|p1a: Torkoal
|-damage|p1a: Torkoal|0 fnt
|-enditem|p1a: Torkoal|Eject Pack|[from] move: Knock Off|[of] p2b: Incineroar
|faint|p1a: Torkoal
|
|-weather|SunnyDay|[upkeep]
|-damage|p1b: Ursaluna|89/100 brn|[from] brn
|upkeep
|turn|5
|
|t:|1755732706
|move|p2a: Gholdengo|Make It Rain|p1b: Ursaluna
|-damage|p1b: Ursaluna|0 fnt
|-unboost|p2a: Gholdengo|spa|1
|faint|p1b: Ursaluna
|
|win|omega gio
|raw|Goat Pincurchin's rating: 1324 → 1310(-14 for losing)
|raw|omega gio's rating: 1433 → 1447(+14 for winning)
|l|☆omega gio
|player|p2|
