|j|☆Crystneel
|j|☆mousse Maracuja
|html|Crystneelmousse Maracuja    
|uhtml|bestof|Game 3 of a best-of-3
|t:|1757167204
|gametype|doubles
|player|p1|Crystneel|ethan|1181
|player|p2|mousse Maracuja|265|1237
|gen|9
|tier|[Gen 9] VGC 2025 Reg H (Bo3)
|rated|
|rule|Species Clause: Limit one of each Pokémon
|rule|Item Clause: Limit 1 of each item
|clearpoke
|poke|p1|Volcarona, L50, M|
|poke|p1|Electabuzz, L50, F|
|poke|p1|Sneasler, L50, M|
|poke|p1|Rillaboom, L50, F|
|poke|p1|Dragonite, L50, F|
|poke|p1|Ursaluna-Bloodmoon, L50, M|
|poke|p2|Gastrodon-East, L50, F|
|poke|p2|Incineroar, L50, F|
|poke|p2|Sneasler, L50, F|
|poke|p2|Dragonite, L50, M|
|poke|p2|Gholdengo, L50|
|poke|p2|Rillaboom, L50, M|
|teampreview|4
|showteam|p1|Volcarona||Leftovers|FlameBody|FieryDance,QuiverDance,GigaDrain,Protect|||M|||50|,,,,,Water]Electabuzz||Eviolite|Static|FollowMe,Electroweb,VoltSwitch,Taunt|||F|||50|,,,,,Fairy]Sneasler||GrassySeed|Unburden|DireClaw,CloseCombat,ThroatChop,Protect|||M|||50|,,,,,Dark]Rillaboom||AssaultVest|GrassySurge|FakeOut,GrassyGlide,WoodHammer,Uturn|||F|||50|,,,,,Fire]Dragonite||LoadedDice|Multiscale|ExtremeSpeed,ScaleShot,IceSpinner,LowKick|||F|||50|,,,,,Normal]Ursaluna-Bloodmoon||ThroatSpray|MindsEye|BloodMoon,HyperVoice,EarthPower,Protect|||M|||50|,,,,,Poison
|showteam|p2|Gastrodon-East||CovertCloak|StormDrain|IceBeam,EarthPower,Recover,Protect|||F|||50|,,,,,Fairy]Incineroar||AssaultVest|Intimidate|FlareBlitz,KnockOff,Uturn,FakeOut|||F|||50|,,,,,Ghost]Sneasler||FocusSash|PoisonTouch|DireClaw,CloseCombat,Coaching,Protect|||F|||50|,,,,,Ghost]Dragonite||LoadedDice|Multiscale|ScaleShot,ExtremeSpeed,Haze,Protect|||M|||50|,,,,,Fairy]Gholdengo||LifeOrb|GoodasGold|MakeItRain,ShadowBall,NastyPlot,Protect||||||50|,,,,,Water]Rillaboom||MiracleSeed|GrassySurge|WoodHammer,GrassyGlide,HighHorsepower,Protect|||M|||50|,,,,,Fire
|inactive|Battle timer is ON: inactive players will automatically lose when time's up. (requested by Crystneel)
|
|t:|1757167235
|teamsize|p1|4
|teamsize|p2|4
|start
|switch|p1a: Volcarona|Volcarona, L50, M|100/100
|switch|p1b: Rillaboom|Rillaboom, L50, F|100/100
|switch|p2a: Gholdengo|Gholdengo, L50|100/100
|switch|p2b: Dragonite|Dragonite, L50, M|100/100
|-fieldstart|move: Grassy Terrain|[from] ability: Grassy Surge|[of] p1b: Rillaboom
|turn|1
|inactive|mousse Maracuja has 30 seconds left.
|
|t:|1757167260
|move|p2a: Gholdengo|Protect|p2a: Gholdengo
|-singleturn|p2a: Gholdengo|Protect
|move|p1b: Rillaboom|Fake Out|p2b: Dragonite
|-damage|p2b: Dragonite|93/100
|move|p1a: Volcarona|Fiery Dance|p2a: Gholdengo
|-activate|p2a: Gholdengo|move: Protect
|cant|p2b: Dragonite|flinch
|
|upkeep
|turn|2
|
|t:|1757167277
|switch|p1b: Electabuzz|Electabuzz, L50, F|100/100
|-terastallize|p2a: Gholdengo|Water
|move|p2a: Gholdengo|Shadow Ball|p1a: Volcarona
|-damage|p1a: Volcarona|59/100
|-damage|p2a: Gholdengo|91/100|[from] item: Life Orb
|move|p1a: Volcarona|Fiery Dance|p2a: Gholdengo
|-resisted|p2a: Gholdengo
|-damage|p2a: Gholdengo|70/100
|move|p2b: Dragonite|Scale Shot|p1a: Volcarona
|-damage|p1a: Volcarona|42/100
|-damage|p1a: Volcarona|22/100
|-damage|p1a: Volcarona|4/100
|-damage|p1a: Volcarona|0 fnt
|faint|p1a: Volcarona
|-hitcount|p1: Volcarona|4
|-unboost|p2b: Dragonite|def|1
|-boost|p2b: Dragonite|spe|1
|
|-heal|p2a: Gholdengo|76/100|[from] Grassy Terrain
|upkeep
|
|t:|1757167294
|switch|p1a: Sneasler|Sneasler, L50, M|100/100
|-enditem|p1a: Sneasler|Grassy Seed
|-boost|p1a: Sneasler|def|1|[from] item: Grassy Seed
|turn|3
|
|t:|1757167310
|move|p2b: Dragonite|Protect|p2b: Dragonite
|-singleturn|p2b: Dragonite|Protect
|move|p1b: Electabuzz|Follow Me|p1b: Electabuzz
|-singleturn|p1b: Electabuzz|move: Follow Me
|move|p1a: Sneasler|Dire Claw|p2b: Dragonite
|-activate|p2b: Dragonite|move: Protect
|move|p2a: Gholdengo|Shadow Ball|p1b: Electabuzz
|-damage|p1b: Electabuzz|69/100
|-unboost|p1b: Electabuzz|spd|1
|-damage|p2a: Gholdengo|66/100|[from] item: Life Orb
|
|-heal|p2a: Gholdengo|72/100|[from] Grassy Terrain
|-heal|p1b: Electabuzz|74/100|[from] Grassy Terrain
|upkeep
|turn|4
|
|t:|1757167329
|move|p1a: Sneasler|Dire Claw|p2b: Dragonite
|-damage|p2b: Dragonite|20/100
|move|p2b: Dragonite|Scale Shot|p1a: Sneasler
|-damage|p1a: Sneasler|84/100
|-damage|p1a: Sneasler|68/100
|-damage|p1a: Sneasler|50/100
|-damage|p1a: Sneasler|33/100
|-hitcount|p1a: Sneasler|4
|-unboost|p2b: Dragonite|def|1
|-boost|p2b: Dragonite|spe|1
|move|p2a: Gholdengo|Shadow Ball|p1a: Sneasler
|-damage|p1a: Sneasler|0 fnt
|faint|p1a: Sneasler
|-damage|p2a: Gholdengo|63/100|[from] item: Life Orb
|move|p1b: Electabuzz|Volt Switch|p2a: Gholdengo
|-supereffective|p2a: Gholdengo
|-damage|p2a: Gholdengo|6/100
|
|t:|1757167342
|switch|p1b: Rillaboom|Rillaboom, L50, F|100/100|[from] Volt Switch
|
|-heal|p2a: Gholdengo|12/100|[from] Grassy Terrain
|upkeep
|
|t:|1757167345
|switch|p1a: Electabuzz|Electabuzz, L50, F|74/100
|turn|5
|
|t:|1757167361
|switch|p2a: Incineroar|Incineroar, L50, F|100/100
|-ability|p2a: Incineroar|Intimidate|boost
|-unboost|p1a: Electabuzz|atk|1
|-unboost|p1b: Rillaboom|atk|1
|move|p2b: Dragonite|Protect|p2b: Dragonite
|-singleturn|p2b: Dragonite|Protect
|move|p1b: Rillaboom|Fake Out|p2a: Incineroar
|-damage|p2a: Incineroar|91/100
|move|p1a: Electabuzz|Electroweb|p2a: Incineroar|[spread] p2a
|-activate|p2b: Dragonite|move: Protect
|-damage|p2a: Incineroar|81/100
|-unboost|p2a: Incineroar|spe|1
|
|-heal|p1a: Electabuzz|80/100|[from] Grassy Terrain
|-heal|p2a: Incineroar|88/100|[from] Grassy Terrain
|-fieldend|move: Grassy Terrain
|upkeep
|turn|6
|
|t:|1757167386
|-terastallize|p1a: Electabuzz|Fairy
|move|p1a: Electabuzz|Follow Me|p1a: Electabuzz
|-singleturn|p1a: Electabuzz|move: Follow Me
|move|p2b: Dragonite|Scale Shot|p1a: Electabuzz
|-immune|p1a: Electabuzz
|move|p1b: Rillaboom|Wood Hammer|p2b: Dragonite
|-resisted|p2b: Dragonite
|-damage|p2b: Dragonite|0 fnt
|faint|p2b: Dragonite
|-damage|p1b: Rillaboom|95/100|[from] Recoil
|move|p2a: Incineroar|Flare Blitz|p1a: Electabuzz
|-damage|p1a: Electabuzz|25/100
|-damage|p2a: Incineroar|71/100|[from] Recoil
|
|upkeep
|
|t:|1757167399
|switch|p2b: Gholdengo|Gholdengo, L50, tera:Water|12/100
|turn|7
|
|t:|1757167422
|move|p2b: Gholdengo|Make It Rain|p1b: Rillaboom|[spread] p1a,p1b
|-supereffective|p1a: Electabuzz
|-damage|p1a: Electabuzz|0 fnt
|-damage|p1b: Rillaboom|51/100
|-unboost|p2b: Gholdengo|spa|1
|faint|p1a: Electabuzz
|-damage|p2b: Gholdengo|2/100|[from] item: Life Orb
|move|p1b: Rillaboom|Wood Hammer|p2b: Gholdengo
|-supereffective|p2b: Gholdengo
|-damage|p2b: Gholdengo|0 fnt
|faint|p2b: Gholdengo
|-damage|p1b: Rillaboom|50/100|[from] Recoil
|move|p2a: Incineroar|Flare Blitz|p1b: Rillaboom
|-supereffective|p1b: Rillaboom
|-damage|p1b: Rillaboom|0 fnt
|faint|p1b: Rillaboom
|-damage|p2a: Incineroar|54/100|[from] Recoil
|
|win|mousse Maracuja
|raw|Crystneel's rating: 1181 → 1160(-21 for losing)
|raw|mousse Maracuja's rating: 1237 → 1258(+21 for winning)
|l|☆Crystneel
|player|p1|
|j|☆Crystneel
|player|p1|Crystneel|ethan|
|l|☆mousse Maracuja
|player|p2|
|l|☆Crystneel
|player|p1|
|j|☆Crystneel
|player|p1|Crystneel|ethan|
