|j|☆nikolasnaiz
|j|☆vassa777_vgc
|html|nikolasnaizvassa777_vgc    
|uhtml|bestof|Game 1 of a best-of-3
|t:|1756825474
|gametype|doubles
|player|p1|nikolasnaiz|larry|1276
|player|p2|vassa777_vgc|miku-ghost|1262
|gen|9
|tier|[Gen 9] VGC 2025 Reg H (Bo3)
|rated|
|rule|Species Clause: Limit one of each Pokémon
|rule|Item Clause: Limit 1 of each item
|clearpoke
|poke|p1|Dragonite, L50, F|
|poke|p1|Ursaluna-Bloodmoon, L50, M|
|poke|p1|Annihilape, L50, M|
|poke|p1|Volcarona, L50, M|
|poke|p1|Rillaboom, L50, F|
|poke|p1|Incineroar, L50, M|
|poke|p2|Sneasler, L50, F|
|poke|p2|Primarina, L50, F|
|poke|p2|Kingambit, L50, M|
|poke|p2|Rillaboom, L50, M|
|poke|p2|Electabuzz, L50, M|
|poke|p2|Dragapult, L50, M|
|teampreview|4
|showteam|p1|Dragonite||LoadedDice|Multiscale|Protect,ScaleShot,Tailwind,Haze|||F|||50|,,,,,Steel]Ursaluna-Bloodmoon||FocusSash|MindsEye|Protect,BloodMoon,EarthPower,HyperVoice|||M|||50|,,,,,Normal]Annihilape||LumBerry|Defiant|Protect,RageFist,CloseCombat,Taunt|||M|||50|,,,,,Fire]Volcarona||CovertCloak|FlameBody|Protect,QuiverDance,HeatWave,TeraBlast|||M|||50|,,,,,Fairy]Rillaboom||AssaultVest|GrassySurge|FakeOut,WoodHammer,GrassyGlide,HighHorsepower|||F|||50|,,,,,Fire]Incineroar||SafetyGoggles|Intimidate|FakeOut,PartingShot,FlareBlitz,KnockOff|||M|||50|,,,,,Ghost
|showteam|p2|Sneasler||FocusSash|PoisonTouch|DireClaw,CloseCombat,Protect,FakeOut|||F|||50|,,,,,Stellar]Primarina||ThroatSpray|LiquidVoice|Protect,HyperVoice,Moonblast,Haze|||F|||50|,,,,,Poison]Kingambit||BlackGlasses|Defiant|KowtowCleave,SwordsDance,SuckerPunch,Protect|||M|||50|,,,,,Dark]Rillaboom||AssaultVest|GrassySurge|WoodHammer,Uturn,GrassyGlide,FakeOut|||M|||50|,,,,,Fire]Electabuzz||Eviolite|VitalSpirit|Electroweb,Taunt,Protect,FollowMe|||M|||50|,,,,,Fairy]Dragapult||ChoiceBand|ClearBody|DragonDarts,Uturn,PhantomForce,Outrage|||M|||50|,,,,,Dragon
|inactive|Battle timer is ON: inactive players will automatically lose when time's up. (requested by nikolasnaiz)
|inactive|vassa777_vgc has 60 seconds left.
|
|t:|1756825510
|teamsize|p1|4
|teamsize|p2|4
|start
|switch|p1a: Incineroar|Incineroar, L50, M, shiny|100/100
|switch|p1b: Dragonite|Dragonite, L50, F, shiny|100/100
|switch|p2a: Primarina|Primarina, L50, F, shiny|100/100
|switch|p2b: Electabuzz|Electabuzz, L50, M|100/100
|-ability|p1a: Incineroar|Intimidate|boost
|-unboost|p2a: Primarina|atk|1
|-unboost|p2b: Electabuzz|atk|1
|turn|1
|inactive|nikolasnaiz has 30 seconds left.
|inactive|nikolasnaiz has 20 seconds left.
|inactive|nikolasnaiz has 15 seconds left.
|
|t:|1756825552
|-terastallize|p2b: Electabuzz|Fairy
|move|p1a: Incineroar|Fake Out|p2a: Primarina
|-damage|p2a: Primarina|87/100
|move|p2b: Electabuzz|Electroweb|p1b: Dragonite|[spread] p1a,p1b
|-damage|p1a: Incineroar|88/100
|-damage|p1b: Dragonite|93/100
|-unboost|p1a: Incineroar|spe|1
|-unboost|p1b: Dragonite|spe|1
|cant|p2a: Primarina|flinch
|move|p1b: Dragonite|Scale Shot|p2b: Electabuzz
|-immune|p2b: Electabuzz
|
|upkeep
|turn|2
|
|t:|1756825564
|move|p2b: Electabuzz|Electroweb|p1b: Dragonite|[spread] p1a,p1b
|-damage|p1a: Incineroar|77/100
|-damage|p1b: Dragonite|79/100
|-unboost|p1a: Incineroar|spe|1
|-unboost|p1b: Dragonite|spe|1
|move|p2a: Primarina|Hyper Voice|p1b: Dragonite|[spread] p1a,p1b
|-supereffective|p1a: Incineroar
|-resisted|p1b: Dragonite
|-damage|p1a: Incineroar|19/100
|-damage|p1b: Dragonite|60/100
|-enditem|p2a: Primarina|Throat Spray
|-boost|p2a: Primarina|spa|1|[from] item: Throat Spray
|move|p1b: Dragonite|Tailwind|p1b: Dragonite
|-sidestart|p1: nikolasnaiz|move: Tailwind
|move|p1a: Incineroar|Parting Shot|p2a: Primarina
|-unboost|p2a: Primarina|atk|1
|-unboost|p2a: Primarina|spa|1
|
|t:|1756825579
|switch|p1a: Rillaboom|Rillaboom, L50, F|100/100|[from] Parting Shot
|-fieldstart|move: Grassy Terrain|[from] ability: Grassy Surge|[of] p1a: Rillaboom
|
|-heal|p2a: Primarina|92/100|[from] Grassy Terrain
|upkeep
|turn|3
|
|t:|1756825591
|switch|p2b: Sneasler|Sneasler, L50, F, shiny|100/100
|switch|p1b: Incineroar|Incineroar, L50, M, shiny|19/100
|-ability|p1b: Incineroar|Intimidate|boost
|-unboost|p2a: Primarina|atk|1
|-unboost|p2b: Sneasler|atk|1
|move|p2a: Primarina|Protect|p2a: Primarina
|-singleturn|p2a: Primarina|Protect
|move|p1a: Rillaboom|Wood Hammer|p2b: Sneasler
|-resisted|p2b: Sneasler
|-damage|p2b: Sneasler|34/100
|-damage|p1a: Rillaboom|84/100|[from] Recoil
|
|-heal|p1a: Rillaboom|90/100|[from] Grassy Terrain
|-heal|p1b: Incineroar|25/100|[from] Grassy Terrain
|-heal|p2b: Sneasler|40/100|[from] Grassy Terrain
|-heal|p2a: Primarina|98/100|[from] Grassy Terrain
|upkeep
|turn|4
|
|t:|1756825607
|move|p1b: Incineroar|Fake Out|p2b: Sneasler
|-damage|p2b: Sneasler|22/100
|cant|p2b: Sneasler|flinch
|move|p1a: Rillaboom|Wood Hammer|p2a: Primarina
|-supereffective|p2a: Primarina
|-damage|p2a: Primarina|0 fnt
|faint|p2a: Primarina
|-damage|p1a: Rillaboom|60/100|[from] Recoil
|
|-heal|p1a: Rillaboom|66/100|[from] Grassy Terrain
|-heal|p1b: Incineroar|31/100|[from] Grassy Terrain
|-heal|p2b: Sneasler|27/100|[from] Grassy Terrain
|upkeep
|
|t:|1756825620
|switch|p2a: Dragapult|Dragapult, L50, M, shiny|100/100
|turn|5
|
|t:|1756825632
|move|p1a: Rillaboom|Wood Hammer|p2b: Sneasler
|-resisted|p2b: Sneasler
|-damage|p2b: Sneasler|0 fnt
|faint|p2b: Sneasler
|-damage|p1a: Rillaboom|59/100|[from] Recoil
|move|p2a: Dragapult|Dragon Darts|p1b: Incineroar
|-damage|p1b: Incineroar|0 fnt
|-anim|p2a: Dragapult|Dragon Darts|p1a: Rillaboom
|-damage|p1a: Rillaboom|25/100
|faint|p1b: Incineroar
|
|-heal|p1a: Rillaboom|31/100|[from] Grassy Terrain
|-sideend|p1: nikolasnaiz|move: Tailwind
|upkeep
|
|t:|1756825649
|switch|p2b: Electabuzz|Electabuzz, L50, M, tera:Fairy|100/100
|switch|p1b: Volcarona|Volcarona, L50, M|100/100
|turn|6
|-message|vassa777_vgc forfeited.
|
|win|nikolasnaiz
|l|☆vassa777_vgc
|player|p2|
||vassa777_vgc is ready for game 2.
