|j|‽vilan333
|j|☆Vugatti
|html|vilan333Vugatti    
|uhtml|bestof|Game 3 of a best-of-3
|t:|1757081713
|gametype|doubles
|player|p1|vilan333|101|1183
|player|p2|Vugatti|101|1223
|gen|9
|tier|[Gen 9] VGC 2025 Reg H (Bo3)
|rated|
|rule|Species Clause: Limit one of each Pokémon
|rule|Item Clause: Limit 1 of each item
|clearpoke
|poke|p1|Sneasler, L50, M|
|poke|p1|Indeedee, L50, M|
|poke|p1|Ursaluna-Bloodmoon, L50, M|
|poke|p1|Electabuzz, L50, M|
|poke|p1|Talonflame, L50, M|
|poke|p1|Incineroar, L50, M|
|poke|p2|Gallade, L50, M|
|poke|p2|Ursaluna, L50, M|
|poke|p2|Torkoal, L50, F|
|poke|p2|Indeedee-F, L50, F|
|poke|p2|Hatterene, L50, F|
|poke|p2|Maushold, L50|
|teampreview|4
|showteam|p1|Sneasler||PsychicSeed|Unburden|Protect,CloseCombat,DireClaw,ThroatChop|||M|||50|,,,,,Dark]Indeedee||FocusSash|PsychicSurge|Protect,TrickRoom,ExpandingForce,TeraBlast|||M|||50|,,,,,Fighting]Ursaluna-Bloodmoon||LifeOrb|MindsEye|Protect,HyperVoice,BloodMoon,EarthPower|||M|||50|,,,,,Normal]Electabuzz||Eviolite|VitalSpirit|Electroweb,Protect,Taunt,FollowMe|||M|||50|,,,,,Ghost]Talonflame||CovertCloak|GaleWings|Tailwind,WillOWisp,DualWingbeat,FlareBlitz|||M|||50|,,,,,Fairy]Incineroar||SafetyGoggles|Intimidate|FakeOut,KnockOff,PartingShot,FlareBlitz|||M|||50|,,,,,Ghost
|showteam|p2|Gallade||ClearAmulet|Sharpness|SacredSword,PsychoCut,WideGuard,TrickRoom|||M|||50|,,,,,Grass]Ursaluna||FlameOrb|Guts|Facade,HeadlongRush,Protect,Earthquake|||M|||50|,,,,,Ghost]Torkoal||ChoiceSpecs|Drought|Eruption,WeatherBall,HeatWave,EarthPower|||F|||50|,,,,,Fire]Indeedee-F||PsychicSeed|PsychicSurge|FollowMe,TrickRoom,Psychic,HelpingHand|||F|||50|,,,,,Water]Hatterene||LifeOrb|MagicBounce|ExpandingForce,DazzlingGleam,TeraBlast,TrickRoom|||F|||50|,,,,,Fire]Maushold||WideLens|Technician|PopulationBomb,Taunt,FollowMe,Protect||||||50|,,,,,Poison
|
|t:|1757081733
|teamsize|p1|4
|teamsize|p2|4
|start
|switch|p1a: Indeedee|Indeedee, L50, M|100/100
|switch|p1b: Ursaluna|Ursaluna-Bloodmoon, L50, M|100/100
|switch|p2a: Maushold|Maushold, L50|100/100
|switch|p2b: Indeedee|Indeedee-F, L50, F|100/100
|-fieldstart|move: Psychic Terrain|[from] ability: Psychic Surge|[of] p1a: Indeedee
|-enditem|p2b: Indeedee|Psychic Seed
|-boost|p2b: Indeedee|spd|1|[from] item: Psychic Seed
|turn|1
|
|t:|1757081754
|switch|p1a: Incineroar|Incineroar, L50, M|100/100
|-ability|p1a: Incineroar|Intimidate|boost
|-unboost|p2a: Maushold|atk|1
|-unboost|p2b: Indeedee|atk|1
|-terastallize|p1b: Ursaluna|Normal
|move|p2a: Maushold|Population Bomb|p1a: Incineroar
|-damage|p1a: Incineroar|94/100
|-damage|p1a: Incineroar|86/100
|-damage|p1a: Incineroar|79/100
|-damage|p1a: Incineroar|72/100
|-damage|p1a: Incineroar|65/100
|-damage|p1a: Incineroar|57/100
|-damage|p1a: Incineroar|50/100
|-damage|p1a: Incineroar|42/100
|-damage|p1a: Incineroar|34/100
|-damage|p1a: Incineroar|27/100
|-hitcount|p1a: Incineroar|10
|move|p1b: Ursaluna|Hyper Voice|p2b: Indeedee|[spread] p2a,p2b
|-damage|p2a: Maushold|0 fnt
|-damage|p2b: Indeedee|55/100
|faint|p2a: Maushold
|-damage|p1b: Ursaluna|91/100|[from] item: Life Orb
|move|p2b: Indeedee|Trick Room|p2b: Indeedee
|-fieldstart|move: Trick Room|[of] p2b: Indeedee
|
|upkeep
|
|t:|1757081779
|switch|p2a: Gallade|Gallade, L50, M|100/100
|turn|2
|
|t:|1757081788
|move|p1b: Ursaluna|Protect|p1b: Ursaluna
|-singleturn|p1b: Ursaluna|Protect
|move|p2b: Indeedee|Follow Me|p2b: Indeedee
|-singleturn|p2b: Indeedee|move: Follow Me
|move|p2a: Gallade|Sacred Sword|p1b: Ursaluna
|-activate|p1b: Ursaluna|move: Protect
|move|p1a: Incineroar|Knock Off|p2b: Indeedee
|-supereffective|p2b: Indeedee
|-damage|p2b: Indeedee|0 fnt
|faint|p2b: Indeedee
|
|upkeep
|
|t:|1757081791
|switch|p2b: Ursaluna|Ursaluna, L50, M|100/100
|turn|3
|
|t:|1757081810
|switch|p1b: Sneasler|Sneasler, L50, M|100/100
|-enditem|p1b: Sneasler|Psychic Seed
|-boost|p1b: Sneasler|spd|1|[from] item: Psychic Seed
|-terastallize|p2a: Gallade|Grass
|move|p2b: Ursaluna|Earthquake|p1a: Incineroar|[spread] p2a,p1a,p1b
|-resisted|p2a: Gallade
|-supereffective|p1a: Incineroar
|-supereffective|p1b: Sneasler
|-crit|p1b: Sneasler
|-damage|p2a: Gallade|67/100
|-damage|p1a: Incineroar|0 fnt
|-damage|p1b: Sneasler|0 fnt
|faint|p1a: Incineroar
|faint|p1b: Sneasler
|move|p2a: Gallade|Sacred Sword|p1: Incineroar|[notarget]
|-fail|p2a: Gallade
|
|-status|p2b: Ursaluna|brn|[from] item: Flame Orb
|upkeep
|
|t:|1757081827
|switch|p1a: Ursaluna|Ursaluna-Bloodmoon, L50, M, tera:Normal|91/100
|switch|p1b: Indeedee|Indeedee, L50, M|100/100
|turn|4
|
|t:|1757081844
|move|p1a: Ursaluna|Protect|p1a: Ursaluna
|-singleturn|p1a: Ursaluna|Protect
|move|p2b: Ursaluna|Facade|p1b: Indeedee
|-enditem|p1b: Indeedee|Focus Sash
|-damage|p1b: Indeedee|1/100
|move|p2a: Gallade|Sacred Sword|p1a: Ursaluna
|-activate|p1a: Ursaluna|move: Protect
|move|p1b: Indeedee|Trick Room|p1b: Indeedee
|-fieldend|move: Trick Room
|
|-damage|p2b: Ursaluna|95/100 brn|[from] brn
|upkeep
|turn|5
|
|t:|1757081880
|move|p2b: Ursaluna|Protect|p2b: Ursaluna
|-singleturn|p2b: Ursaluna|Protect
|move|p1b: Indeedee|Expanding Force|p2b: Ursaluna|[spread] p2a
|-activate|p2b: Ursaluna|move: Protect
|-damage|p2a: Gallade|22/100
|move|p1a: Ursaluna|Blood Moon|p2b: Ursaluna
|-activate|p2b: Ursaluna|move: Protect
|move|p2a: Gallade|Sacred Sword|p1a: Ursaluna
|-supereffective|p1a: Ursaluna
|-damage|p1a: Ursaluna|0 fnt
|faint|p1a: Ursaluna
|
|-damage|p2b: Ursaluna|89/100 brn|[from] brn
|-fieldend|move: Psychic Terrain
|upkeep
|turn|6
|
|t:|1757081900
|move|p1b: Indeedee|Expanding Force|p2a: Gallade
|-damage|p2a: Gallade|0 fnt
|faint|p2a: Gallade
|move|p2b: Ursaluna|Facade|p1b: Indeedee
|-damage|p1b: Indeedee|0 fnt
|faint|p1b: Indeedee
|
|win|Vugatti
|raw|vilan333's rating: 1183 → 1161(-22 for losing)
|raw|Vugatti's rating: 1223 → 1245(+22 for winning)
|l|‽vilan333
|player|p1|
|l|☆Vugatti
|player|p2|
|j|‽vilan333
|player|p1|vilan333|101|
