|j|☆Saicam16
|j|☆nicoledollanganger
|html|Saicam16nicoledollanganger    
|uhtml|bestof|Game 1 of a best-of-3
|t:|1783974152
|gametype|doubles
|player|p1|Saicam16|266|1111
|player|p2|nicoledollanganger|lady|1047
|gen|9
|tier|[Gen 9 Champions] VGC 2026 Reg M-B (Bo3)
|rated|
|rule|Species Clause: Limit one of each Pokémon
|rule|Item Clause: Limit 1 of each item
|clearpoke
|poke|p1|Farigiraf, L50, M|
|poke|p1|Incineroar, L50, M, shiny|
|poke|p1|Froslass, L50, F|
|poke|p1|Primarina, L50, F|
|poke|p1|Sneasler, L50, M|
|poke|p1|Kingambit, L50, M|
|poke|p2|Audino, L50, M, shiny|
|poke|p2|Espeon, L50, M|
|poke|p2|Alcremie-Ruby-Cream, L50, F|
|poke|p2|Florges-Yellow, L50, F, shiny|
|poke|p2|Klefki, L50, F, shiny|
|poke|p2|Sinistcha, L50|
|teampreview|4
|showteam|p1|Farigiraf||ColburBerry|SapSipper|FoulPlay,Protect,TrickRoom,Psychic|Modest||M|||50|]Incineroar||SitrusBerry|Intimidate|FakeOut,FlareBlitz,DarkestLariat,PartingShot|Careful||M|||50|]Froslass||Froslassite|CursedBody|Protect,ShadowBall,IceBeam,Thunderbolt|Timid||F|||50|]Primarina||MysticWater|LiquidVoice|HyperVoice,Moonblast,Haze,Protect|Modest||F|||50|]Sneasler||FocusSash|Unburden|Protect,DireClaw,Uturn,CloseCombat|Adamant||M|||50|]Kingambit||BlackGlasses|Defiant|KowtowCleave,LowKick,SuckerPunch,Protect|Adamant||M|||50|
|showteam|p2|Audino||Audinite|Regenerator|DrainingKiss,IcyWind,SimpleBeam,CalmMind|Bold||M|||50|]Espeon||WiseGlasses|MagicBounce|Psychic,DrainingKiss,PsychUp,BatonPass|Modest||M|||50|]Alcremie-Ruby-Cream||Leftovers|SweetVeil|DrainingKiss,PsychUp,Decorate,HelpingHand|Serious||F|||50|]Florges-Yellow||ChoiceScarf|FlowerVeil|MistyExplosion,MistyTerrain|Modest||F|||50|]Klefki||LifeOrb|Prankster|FlashCannon,DazzlingGleam,PsychUp,Protect|Serious||F|||50|]Sinistcha||MentalHerb|Hospitality|LifeDew,RagePowder,MatchaGotcha,PsychUp|Serious|||||50|
|inactive|Battle timer is ON: inactive players will automatically lose when time's up. (requested by Saicam16)
|
|t:|1783974189
|teamsize|p1|4
|teamsize|p2|4
|start
|switch|p1a: Froslass|Froslass, L50, F|100/100
|switch|p1b: Sneasler|Sneasler, L50, M|100/100
|switch|p2a: Audino|Audino, L50, M, shiny|100/100
|switch|p2b: Espeon|Espeon, L50, M|100/100
|turn|1
|inactive|Saicam16 has 30 seconds left.
|
|t:|1783974224
|detailschange|p1a: Froslass|Froslass-Mega, L50, F
|-mega|p1a: Froslass|Froslass|Froslassite
|-weather|Snowscape|[from] ability: Snow Warning|[of] p1a: Froslass
|detailschange|p2a: Audino|Audino-Mega, L50, M, shiny
|-mega|p2a: Audino|Audino|Audinite
|move|p1a: Froslass|Shadow Ball|p2b: Espeon
|-supereffective|p2b: Espeon|1
|-damage|p2b: Espeon|18/100
|move|p1b: Sneasler|Close Combat|p2a: Audino
|-crit|p2a: Audino
|-damage|p2a: Audino|40/100
|-unboost|p1b: Sneasler|def|1
|-unboost|p1b: Sneasler|spd|1
|move|p2b: Espeon|Psychic|p1b: Sneasler
|-supereffective|p1b: Sneasler|2
|-enditem|p1b: Sneasler|Focus Sash
|-damage|p1b: Sneasler|1/100
|move|p2a: Audino|Simple Beam|p2b: Espeon
|move|p2b: Espeon|Simple Beam|p2a: Audino|[from] ability: Magic Bounce
|-ability|p2a: Audino|Simple|Healer|[from] move: Simple Beam
|
|-weather|Snowscape|[upkeep]
|upkeep
|turn|2
|inactive|Saicam16 has 30 seconds left.
|inactive|nicoledollanganger has 30 seconds left.
|
|t:|1783974253
|switch|p2b: Sinistcha|Sinistcha, L50|100/100
|-heal|p2a: Audino|64/100|[from] ability: Hospitality|[of] p2b: Sinistcha
|move|p1b: Sneasler|Dire Claw|p2a: Audino
|-supereffective|p2a: Audino|1
|-damage|p2a: Audino|11/100
|move|p1a: Froslass|Shadow Ball|p2b: Sinistcha
|-supereffective|p2b: Sinistcha|1
|-damage|p2b: Sinistcha|0 fnt
|faint|p2b: Sinistcha
|move|p2a: Audino|Calm Mind|p2a: Audino
|-boost|p2a: Audino|spa|2
|-boost|p2a: Audino|spd|2
|
|-weather|Snowscape|[upkeep]
|upkeep
|
|t:|1783974269
|switch|p2b: Klefki|Klefki, L50, F, shiny|100/100
|turn|3
|
|t:|1783974290
|move|p2b: Klefki|Psych Up|p2a: Audino
|-copyboost|p2b: Klefki|p2a: Audino|[from] move: Psych Up
|move|p1b: Sneasler|Dire Claw|p2a: Audino
|-supereffective|p2a: Audino|1
|-damage|p2a: Audino|0 fnt
|faint|p2a: Audino
|move|p1a: Froslass|Thunderbolt|p2b: Klefki
|-damage|p2b: Klefki|80/100
|
|-weather|Snowscape|[upkeep]
|upkeep
|
|t:|1783974300
|switch|p2a: Espeon|Espeon, L50, M|18/100
|turn|4
|
|t:|1783974318
|move|p1b: Sneasler|U-turn|p2b: Klefki
|-resisted|p2b: Klefki|2
|-damage|p2b: Klefki|72/100
|
|t:|1783974322
|switch|p1b: Primarina|Primarina, L50, F|100/100|[from] U-turn
|move|p1a: Froslass|Shadow Ball|p2a: Espeon
|-supereffective|p2a: Espeon|1
|-damage|p2a: Espeon|0 fnt
|faint|p2a: Espeon
|move|p2b: Klefki|Dazzling Gleam|p1b: Primarina|[spread] p1a,p1b
|-damage|p1a: Froslass|31/100
|-damage|p1b: Primarina|49/100
|-damage|p2b: Klefki|62/100|[from] item: Life Orb
|
|-weather|Snowscape|[upkeep]
|upkeep
|turn|5
|
|t:|1783974340
|move|p1a: Froslass|Protect|p1a: Froslass
|-singleturn|p1a: Froslass|Protect
|move|p2b: Klefki|Dazzling Gleam|p1a: Froslass|[spread] p1b
|-activate|p1a: Froslass|move: Protect
|-damage|p1b: Primarina|3/100
|-damage|p2b: Klefki|53/100|[from] item: Life Orb
|move|p1b: Primarina|Haze|p1b: Primarina
|-clearallboost
|
|-weather|none
|upkeep
|turn|6
|
|t:|1783974355
|move|p1a: Froslass|Thunderbolt|p2b: Klefki
|-damage|p2b: Klefki|12/100
|move|p2b: Klefki|Dazzling Gleam|p1a: Froslass|[spread] p1a,p1b
|-damage|p1a: Froslass|0 fnt
|-damage|p1b: Primarina|0 fnt
|faint|p1a: Froslass
|faint|p1b: Primarina
|-damage|p2b: Klefki|3/100|[from] item: Life Orb
|
|upkeep
|
|t:|1783974364
|switch|p1a: Sneasler|Sneasler, L50, M|1/100
|switch|p1b: Farigiraf|Farigiraf, L50, M|100/100
|turn|7
|
|t:|1783974376
|move|p1a: Sneasler|U-turn|p2b: Klefki
|-resisted|p2b: Klefki|2
|-damage|p2b: Klefki|0 fnt
|faint|p2b: Klefki
|
|win|Saicam16
|c|☆nicoledollanganger|i like to party and play
