|j|☆MammaMiaPik
|j|☆Soxoskzkxn
|html|MammaMiaPikSoxoskzkxn    
|uhtml|bestof|Game 1 of a best-of-3
|t:|1783443975
|gametype|doubles
|player|p1|MammaMiaPik|1|1049
|player|p2|Soxoskzkxn|101|1000
|gen|9
|tier|[Gen 9 Champions] VGC 2026 Reg M-B (Bo3)
|rated|
|rule|Species Clause: Limit one of each Pokémon
|rule|Item Clause: Limit 1 of each item
|clearpoke
|poke|p1|Raichu, L50, F|
|poke|p1|Ninetales-Alola, L50, M|
|poke|p1|Sneasler, L50, F|
|poke|p1|Gholdengo, L50|
|poke|p1|Garchomp, L50, M|
|poke|p1|Staraptor, L50, M|
|poke|p2|Victreebel, L50, F, shiny|
|poke|p2|Maushold, L50|
|poke|p2|Whimsicott, L50, F, shiny|
|poke|p2|Farigiraf, L50, M, shiny|
|poke|p2|Torkoal, L50, F|
|poke|p2|Raichu, L50, M, shiny|
|teampreview|4
|showteam|p1|Raichu||RaichuniteY|Static|ZapCannon,GrassKnot,FocusBlast,Protect|Timid||F|||50|]Ninetales-Alola||ChoiceScarf|SnowWarning|IcyWind,Blizzard,FreezeDry,Moonblast|Modest||M|||50|]Sneasler||FocusSash|PoisonTouch|FakeOut,PoisonJab,CloseCombat,QuickGuard|Jolly||F|||50|]Gholdengo||SitrusBerry|GoodasGold|MakeItRain,Hex,NastyPlot,Protect|Modest|||||50|]Garchomp||LifeOrb|RoughSkin|RockSlide,DragonClaw,Earthquake,Protect|Jolly||M|||50|]Staraptor||Staraptite|Intimidate|BraveBird,CloseCombat,Tailwind,Protect|Jolly||M|||50|
|showteam|p2|Victreebel||Victreebelite|Chlorophyll|GigaDrain,SludgeBomb,StrengthSap,Protect|Modest||F|||50|]Maushold||WideLens|Technician|PopulationBomb,FollowMe,AfterYou,Protect|Jolly|||||50|]Whimsicott||FocusSash|Prankster|Moonblast,Tailwind,SunnyDay,Encore|Timid||F|||50|]Farigiraf||MentalHerb|ArmorTail|PsychicFangs,HyperVoice,TrickRoom,Protect|Bold||M|||50|]Torkoal||Charcoal|Drought|Eruption,HeatWave,EarthPower,Protect|Quiet||F|||50|]Raichu||RaichuniteY|LightningRod|ZapCannon,FocusBlast,FakeOut,Protect|Timid||M|||50|
|inactive|Battle timer is ON: inactive players will automatically lose when time's up. (requested by Soxoskzkxn)
|
|t:|1783444051
|teamsize|p1|4
|teamsize|p2|4
|start
|switch|p1a: Raichu|Raichu, L50, F|100/100
|switch|p1b: Sneasler|Sneasler, L50, F|100/100
|switch|p2a: Victreebel|Victreebel, L50, F, shiny|100/100
|switch|p2b: Maushold|Maushold, L50|100/100
|turn|1
|inactive|MammaMiaPik has 30 seconds left.
|inactive|Soxoskzkxn has 30 seconds left.
|inactive|MammaMiaPik has 20 seconds left.
|
|t:|1783444087
|detailschange|p1a: Raichu|Raichu-Mega-Y, L50, F
|-mega|p1a: Raichu|Raichu|Raichunite Y
|detailschange|p2a: Victreebel|Victreebel-Mega, L50, F, shiny
|-mega|p2a: Victreebel|Victreebel|Victreebelite
|move|p2b: Maushold|Protect|p2b: Maushold
|-singleturn|p2b: Maushold|Protect
|move|p2a: Victreebel|Protect|p2a: Victreebel
|-singleturn|p2a: Victreebel|Protect
|move|p1a: Raichu|Zap Cannon|p2a: Victreebel
|-activate|p2a: Victreebel|move: Protect
|move|p1b: Sneasler|Close Combat|p2b: Maushold
|-activate|p2b: Maushold|move: Protect
|
|upkeep
|turn|2
|inactive|Soxoskzkxn has 30 seconds left.
|inactive|Soxoskzkxn has 20 seconds left.
|inactive|Soxoskzkxn has 15 seconds left.
|inactive|Soxoskzkxn has 10 seconds left.
|inactive|Soxoskzkxn has 5 seconds left.
|
|t:|1783444142
|move|p1a: Raichu|Focus Blast|p2b: Maushold
|-supereffective|p2b: Maushold|1
|-damage|p2b: Maushold|0 fnt
|faint|p2b: Maushold
|move|p1b: Sneasler|Poison Jab|p2a: Victreebel
|-damage|p2a: Victreebel|54/100
|move|p2a: Victreebel|Giga Drain|p1a: Raichu
|-damage|p1a: Raichu|35/100
|-heal|p2a: Victreebel|81/100|[from] drain|[of] p1a: Raichu
|
|upkeep
|
|t:|1783444154
|switch|p2b: Farigiraf|Farigiraf, L50, M, shiny|100/100
|turn|3
|
|t:|1783444176
|switch|p1a: Gholdengo|Gholdengo, L50|100/100
|move|p1b: Sneasler|Poison Jab|p2b: Farigiraf
|-damage|p2b: Farigiraf|70/100
|-status|p2b: Farigiraf|psn
|move|p2a: Victreebel|Strength Sap|p1b: Sneasler
|-unboost|p1b: Sneasler|atk|1
|-heal|p2a: Victreebel|100/100
|move|p2b: Farigiraf|Trick Room|p2b: Farigiraf
|-fieldstart|move: Trick Room|[of] p2b: Farigiraf
|
|-damage|p2b: Farigiraf|58/100 psn|[from] psn
|upkeep
|turn|4
|inactive|Soxoskzkxn has 30 seconds left.
|
|t:|1783444208
|switch|p2b: Torkoal|Torkoal, L50, F|100/100
|-weather|SunnyDay|[from] ability: Drought|[of] p2b: Torkoal
|switch|p1b: Garchomp|Garchomp, L50, M|100/100
|move|p2a: Victreebel|Giga Drain|p1a: Gholdengo
|-resisted|p1a: Gholdengo|1
|-crit|p1a: Gholdengo
|-damage|p1a: Gholdengo|65/100
|move|p1a: Gholdengo|Nasty Plot|p1a: Gholdengo
|-boost|p1a: Gholdengo|spa|2
|
|-weather|SunnyDay|[upkeep]
|upkeep
|turn|5
|
|t:|1783444232
|move|p1a: Gholdengo|Protect|p1a: Gholdengo
|-singleturn|p1a: Gholdengo|Protect
|move|p2b: Torkoal|Eruption|p1b: Garchomp|[spread] p1b
|-activate|p1a: Gholdengo|move: Protect
|-resisted|p1b: Garchomp|1
|-damage|p1b: Garchomp|50/100g
|move|p2a: Victreebel|Giga Drain|p1b: Garchomp
|-damage|p1b: Garchomp|4/100
|move|p1b: Garchomp|Earthquake|p2a: Victreebel|[spread] p2a,p2b
|-activate|p1a: Gholdengo|move: Protect
|-supereffective|p2b: Torkoal|1
|-damage|p2a: Victreebel|42/100
|-damage|p2b: Torkoal|24/100
|-damage|p1b: Garchomp|0 fnt|[from] item: Life Orb
|faint|p1b: Garchomp
|
|-weather|SunnyDay|[upkeep]
|upkeep
|
|t:|1783444248
|switch|p1b: Sneasler|Sneasler, L50, F|100/100
|turn|6
|inactive|MammaMiaPik has 30 seconds left.
|
|t:|1783444283
|switch|p2a: Farigiraf|Farigiraf, L50, M, shiny|58/100 psn
|move|p2b: Torkoal|Heat Wave|p1a: Gholdengo|[spread] p1a,p1b
|-supereffective|p1a: Gholdengo|1
|-crit|p1b: Sneasler
|-damage|p1a: Gholdengo|0 fnt
|-enditem|p1b: Sneasler|Focus Sash
|-damage|p1b: Sneasler|1/100
|faint|p1a: Gholdengo
|move|p1b: Sneasler|Poison Jab|p2b: Torkoal
|-damage|p2b: Torkoal|0 fnt
|faint|p2b: Torkoal
|
|-weather|SunnyDay|[upkeep]
|-damage|p2a: Farigiraf|46/100 psn|[from] psn
|upkeep
|
|t:|1783444300
|switch|p2b: Victreebel|Victreebel-Mega, L50, F, shiny|42/100
|switch|p1a: Raichu|Raichu-Mega-Y, L50, F|35/100
|turn|7
|
|t:|1783444315
|move|p1a: Raichu|Protect|p1a: Raichu
|-singleturn|p1a: Raichu|Protect
|move|p2a: Farigiraf|Hyper Voice|p1a: Raichu|[spread] p1b
|-activate|p1a: Raichu|move: Protect
|-damage|p1b: Sneasler|0 fnt
|faint|p1b: Sneasler
|move|p2b: Victreebel|Strength Sap|p2a: Farigiraf
|-unboost|p2a: Farigiraf|atk|1
|-heal|p2b: Victreebel|95/100
|
|-weather|SunnyDay|[upkeep]
|-damage|p2a: Farigiraf|33/100 psn|[from] psn
|-fieldend|move: Trick Room
|upkeep
|turn|8
|-message|MammaMiaPik forfeited.
|
|win|Soxoskzkxn
