|j|☆ghhbbj
|j|☆x-demon18
|html|ghhbbjx-demon18    
|uhtml|bestof|Game 2 of a best-of-3
|t:|1784171818
|gametype|doubles
|player|p1|ghhbbj|roxie|1213
|player|p2|x-demon18|lucas|1188
|gen|9
|tier|[Gen 9 Champions] VGC 2026 Reg M-B (Bo3)
|rated|
|rule|Species Clause: Limit one of each Pokémon
|rule|Item Clause: Limit 1 of each item
|clearpoke
|poke|p1|Kingambit, L50, M|
|poke|p1|Garchomp, L50, M|
|poke|p1|Aerodactyl, L50, M|
|poke|p1|Charizard, L50, M|
|poke|p1|Farigiraf, L50, F|
|poke|p1|Sylveon, L50, F|
|poke|p2|Incineroar, L50, F|
|poke|p2|Rotom-Wash, L50|
|poke|p2|Venusaur, L50, F|
|poke|p2|Garchomp, L50, M|
|poke|p2|Corviknight, L50, F|
|poke|p2|Sylveon, L50, F|
|teampreview|4
|showteam|p1|Kingambit||BlackGlasses|Defiant|KowtowCleave,Protect,IronHead,SuckerPunch|Adamant||M|||50|]Garchomp||LifeOrb|RoughSkin|RockSlide,Earthquake,DragonClaw,Protect|Jolly||M|||50|]Aerodactyl||FocusSash|Unnerve|RockSlide,IceFang,DualWingbeat,Tailwind|Jolly||M|||50|]Charizard||CharizarditeY|Blaze|HeatWave,SolarBeam,WeatherBall,Protect|Modest||M|||50|]Farigiraf||SitrusBerry|ArmorTail|TrickRoom,PsychicFangs,GrassKnot,TwinBeam|Bold||F|||50|]Sylveon||FairyFeather|Pixilate|HyperVoice,HyperBeam,Yawn,Protect|Modest||F|||50|
|showteam|p2|Incineroar||ExpertBelt|Intimidate|FakeOut,TemperFlare,ThroatChop,PartingShot|Adamant||F|||50|]Rotom-Wash||SitrusBerry|Levitate|HydroPump,Electroweb,WillOWisp,VoltSwitch|Calm|||||50|]Venusaur||Venusaurite|Chlorophyll|GigaDrain,SludgeBomb,EarthPower,Protect|Modest||F|||50|]Garchomp||LifeOrb|RoughSkin|RockSlide,DragonClaw,StompingTantrum,Protect|Jolly||M|||50|]Corviknight||OccaBerry|MirrorArmor|Tailwind,BraveBird,IronHead,BodyPress|Careful||F|||50|]Sylveon||FairyFeather|Pixilate|HyperVoice,QuickAttack,Yawn,Detect|Modest||F|||50|
|inactive|Battle timer is ON: inactive players will automatically lose when time's up. (requested by ghhbbj)
|
|t:|1784171841
|teamsize|p1|4
|teamsize|p2|4
|start
|switch|p1a: Sylveon|Sylveon, L50, F|100/100
|switch|p1b: Charizard|Charizard, L50, M|100/100
|switch|p2a: Griffith|Corviknight, L50, F|100/100
|switch|p2b: Wolverine|Incineroar, L50, F|100/100
|-ability|p2b: Wolverine|Intimidate|boost
|-unboost|p1a: Sylveon|atk|1
|-unboost|p1b: Charizard|atk|1
|turn|1
|
|t:|1784171865
|switch|p1a: Farigiraf|Farigiraf, L50, F|100/100
|detailschange|p1b: Charizard|Charizard-Mega-Y, L50, M
|-mega|p1b: Charizard|Charizard|Charizardite Y
|-weather|SunnyDay|[from] ability: Drought|[of] p1b: Charizard
|move|p1b: Charizard|Heat Wave|p2b: Wolverine|[spread] p2a,p2b
|-supereffective|p2a: Griffith|1
|-enditem|p2a: Griffith|Occa Berry|[eat]
|-enditem|p2a: Griffith|Occa Berry|[weaken]
|-resisted|p2b: Wolverine|1
|-damage|p2a: Griffith|39/100
|-damage|p2b: Wolverine|68/100
|move|p2a: Griffith|Tailwind|p2a: Griffith
|-sidestart|p2: x-demon18|move: Tailwind
|move|p2b: Wolverine|Throat Chop|p1a: Farigiraf
|-supereffective|p1a: Farigiraf|1
|-damage|p1a: Farigiraf|38/100
|-start|p1a: Farigiraf|Throat Chop|[silent]
|-enditem|p1a: Farigiraf|Sitrus Berry|[eat]
|-heal|p1a: Farigiraf|63/100|[from] item: Sitrus Berry
|
|-weather|SunnyDay|[upkeep]
|upkeep
|turn|2
|inactive|x-demon18 has 30 seconds left.
|inactive|ghhbbj has 30 seconds left.
|
|t:|1784171899
|switch|p1a: Garchomp|Garchomp, L50, M|100/100
|move|p2a: Griffith|Iron Head|p1a: Garchomp
|-damage|p1a: Garchomp|68/100
|-damage|p2a: Griffith|27/100|[from] ability: Rough Skin|[of] p1a: Garchomp
|move|p2b: Wolverine|Throat Chop|p1a: Garchomp
|-damage|p1a: Garchomp|32/100
|-start|p1a: Garchomp|Throat Chop|[silent]
|-damage|p2b: Wolverine|56/100|[from] ability: Rough Skin|[of] p1a: Garchomp
|move|p1b: Charizard|Heat Wave|p2a: Griffith|[spread] p2b
|-miss|p1b: Charizard|p2a: Griffith
|-resisted|p2b: Wolverine|1
|-damage|p2b: Wolverine|27/100
|
|-weather|SunnyDay|[upkeep]
|upkeep
|turn|3
|
|t:|1784171920
|switch|p2b: HydroVolt|Rotom-Wash, L50|100/100
|move|p1a: Garchomp|Protect|p1a: Garchomp
|-singleturn|p1a: Garchomp|Protect
|move|p2a: Griffith|Iron Head|p1a: Garchomp
|-activate|p1a: Garchomp|move: Protect
|move|p1b: Charizard|Heat Wave|p2a: Griffith|[spread] p2b
|-miss|p1b: Charizard|p2a: Griffith
|-resisted|p2b: HydroVolt|1
|-damage|p2b: HydroVolt|67/100
|
|-weather|SunnyDay|[upkeep]
|-end|p1a: Garchomp|Throat Chop|[silent]
|upkeep
|turn|4
|inactive|ghhbbj has 30 seconds left.
|inactive|x-demon18 has 30 seconds left.
|
|t:|1784171949
|switch|p2a: Wolverine|Incineroar, L50, F|27/100
|-ability|p2a: Wolverine|Intimidate|boost
|-unboost|p1a: Garchomp|atk|1
|-unboost|p1b: Charizard|atk|1
|switch|p1a: Farigiraf|Farigiraf, L50, F|63/100
|move|p1b: Charizard|Protect|p1b: Charizard
|-singleturn|p1b: Charizard|Protect
|move|p2b: HydroVolt|Volt Switch|p1b: Charizard
|-activate|p1b: Charizard|move: Protect
|
|-weather|SunnyDay|[upkeep]
|-sideend|p2: x-demon18|move: Tailwind
|upkeep
|turn|5
|inactive|ghhbbj has 30 seconds left.
|inactive|ghhbbj has 20 seconds left.
|inactive|x-demon18 has 30 seconds left.
|
|t:|1784171985
|switch|p1a: Sylveon|Sylveon, L50, F|100/100
|move|p1b: Charizard|Solar Beam||[still]
|-prepare|p1b: Charizard|Solar Beam
|-anim|p1b: Charizard|Solar Beam|p2b: HydroVolt
|-supereffective|p2b: HydroVolt|1
|-damage|p2b: HydroVolt|0 fnt
|faint|p2b: HydroVolt
|move|p2a: Wolverine|Throat Chop|p1a: Sylveon
|-resisted|p1a: Sylveon|1
|-damage|p1a: Sylveon|75/100
|-start|p1a: Sylveon|Throat Chop|[silent]
|
|-weather|none
|upkeep
|
|t:|1784171998
|switch|p2b: Berserk|Garchomp, L50, M|100/100
|turn|6
|
|t:|1784172016
|switch|p1b: Garchomp|Garchomp, L50, M|32/100
|move|p2b: Berserk|Protect|p2b: Berserk
|-singleturn|p2b: Berserk|Protect
|move|p1a: Sylveon|Protect|p1a: Sylveon
|-singleturn|p1a: Sylveon|Protect
|move|p2a: Wolverine|Parting Shot|p1a: Sylveon
|-activate|p1a: Sylveon|move: Protect
|
|-end|p1a: Sylveon|Throat Chop|[silent]
|upkeep
|turn|7
|
|t:|1784172038
|switch|p2b: Griffith|Corviknight, L50, F|27/100
|move|p1b: Garchomp|Dragon Claw|p2b: Griffith
|-resisted|p2b: Griffith|1
|-crit|p2b: Griffith
|-damage|p2b: Griffith|0 fnt
|faint|p2b: Griffith
|-damage|p1b: Garchomp|22/100|[from] item: Life Orb
|move|p1a: Sylveon|Hyper Voice|p2a: Wolverine
|-damage|p2a: Wolverine|0 fnt
|faint|p2a: Wolverine
|
|upkeep
|
|t:|1784172052
|switch|p2b: Berserk|Garchomp, L50, M|100/100
|turn|8
|
|t:|1784172060
|move|p1b: Garchomp|Dragon Claw|p2b: Berserk
|-supereffective|p2b: Berserk|1
|-damage|p2b: Berserk|0 fnt
|-damage|p1b: Garchomp|10/100|[from] ability: Rough Skin|[of] p2b: Berserk
|faint|p2b: Berserk
|-damage|p1b: Garchomp|1/100|[from] item: Life Orb
|
|win|ghhbbj
|raw|ghhbbj's rating: 1213 → 1236(+23 for winning)
|raw|x-demon18's rating: 1188 → 1165(-23 for losing)
