|j|☆sturmkitten69
|j|☆holo-lyte
|html|sturmkitten69holo-lyte    
|uhtml|bestof|Game 2 of a best-of-3
|t:|1784700814
|gametype|doubles
|player|p1|sturmkitten69|fisherman-gen4|1135
|player|p2|holo-lyte|avery|1172
|gen|9
|tier|[Gen 9 Champions] VGC 2026 Reg M-B (Bo3)
|rated|
|rule|Species Clause: Limit one of each Pokémon
|rule|Item Clause: Limit 1 of each item
|clearpoke
|poke|p1|Incineroar, L50, M, shiny|
|poke|p1|Rotom-Wash, L50, shiny|
|poke|p1|Delphox, L50, M|
|poke|p1|Altaria, L50, M|
|poke|p1|Sinistcha, L50|
|poke|p1|Chesnaught, L50, M, shiny|
|poke|p2|Garchomp, L50, F|
|poke|p2|Dragapult, L50, M|
|poke|p2|Lycanroc-Dusk, L50, M, shiny|
|poke|p2|Eelektross, L50, F|
|poke|p2|Whimsicott, L50, M|
|poke|p2|Blaziken, L50, F|
|teampreview|4
|showteam|p1|Incineroar||PasshoBerry|Intimidate|FakeOut,PartingShot,ThroatChop,FlareBlitz|Impish||M|||50|]Rotom-Wash||ChoiceScarf|Levitate|VoltSwitch,Electroweb,WillOWisp,HydroPump|Timid|||||50|]Delphox||Delphoxite|Blaze|HeatWave,CalmMind,Psychic,Protect|Timid||M|||50|]Altaria||RoseliBerry|CloudNine|Tailwind,Roost,WillOWisp,DragonPulse|Bold||M|||50|]Sinistcha||SitrusBerry|Hospitality|Protect,RagePowder,LifeDew,MatchaGotcha|Bold|||||50|]Chesnaught||Leftovers|Bulletproof|WideGuard,BodyPress,WoodHammer,SpikyShield|Impish||M|||50|
|showteam|p2|Garchomp||Metronome|RoughSkin|IronHead,Earthquake,Outrage,DragonTail|Jolly||F|||50|]Dragapult||ExpertBelt|Infiltrator|PhantomForce,DragonDarts,WillOWisp,PsychicFangs|Jolly||M|||50|]Lycanroc-Dusk||LifeOrb|ToughClaws|RockSlide,Crunch,Accelerock,DrillRun|Jolly||M|||50|]Eelektross||Eelektrossite|Levitate|AcidSpray,Flamethrower,GigaDrain,Discharge|Modest||F|||50|]Whimsicott||FocusSash|Prankster|Encore,Taunt,Tailwind,DazzlingGleam|Timid||M|||50|]Blaziken||Blazikenite|SpeedBoost|AuraSphere,HeatWave,ScorchingSands,Protect|Modest||F|||50|
|inactive|Battle timer is ON: inactive players will automatically lose when time's up. (requested by holo-lyte)
|inactive|sturmkitten69 has 60 seconds left.
|
|t:|1784700846
|teamsize|p1|4
|teamsize|p2|4
|start
|switch|p1a: Incineroar|Incineroar, L50, M, shiny|100/100
|switch|p1b: Delphox|Delphox, L50, M|100/100
|switch|p2a: Whimsicott|Whimsicott, L50, M|100/100
|switch|p2b: Blaziken|Blaziken, L50, F|100/100
|-ability|p1a: Incineroar|Intimidate|boost
|-unboost|p2a: Whimsicott|atk|1
|-unboost|p2b: Blaziken|atk|1
|turn|1
|inactive|holo-lyte has 30 seconds left.
|
|t:|1784700878
|detailschange|p1b: Delphox|Delphox-Mega, L50, M
|-mega|p1b: Delphox|Delphox|Delphoxite
|move|p2b: Blaziken|Protect|p2b: Blaziken
|-singleturn|p2b: Blaziken|Protect
|move|p2a: Whimsicott|Taunt|p1b: Delphox
|-start|p1b: Delphox|move: Taunt
|cant|p1b: Delphox|move: Taunt|Calm Mind
|move|p1a: Incineroar|Flare Blitz|p2a: Whimsicott
|-supereffective|p2a: Whimsicott|1
|-enditem|p2a: Whimsicott|Focus Sash
|-damage|p2a: Whimsicott|1/100
|-damage|p1a: Incineroar|77/100|[from] Recoil
|
|-ability|p2b: Blaziken|Speed Boost|boost
|-boost|p2b: Blaziken|spe|1
|upkeep
|turn|2
|inactive|sturmkitten69 has 30 seconds left.
|
|t:|1784700904
|detailschange|p2b: Blaziken|Blaziken-Mega, L50, F
|-mega|p2b: Blaziken|Blaziken|Blazikenite
|move|p2a: Whimsicott|Tailwind|p2a: Whimsicott
|-sidestart|p2: holo-lyte|move: Tailwind
|move|p2b: Blaziken|Aura Sphere|p1a: Incineroar
|-supereffective|p1a: Incineroar|1
|-damage|p1a: Incineroar|0 fnt
|faint|p1a: Incineroar
|move|p1b: Delphox|Psychic|p2b: Blaziken
|-supereffective|p2b: Blaziken|1
|-damage|p2b: Blaziken|2/100
|
|-ability|p2b: Blaziken|Speed Boost|boost
|-boost|p2b: Blaziken|spe|1
|upkeep
|
|t:|1784700919
|switch|p1a: Chesnaught|Chesnaught, L50, M, shiny|100/100
|turn|3
|
|t:|1784700941
|move|p1a: Chesnaught|Wide Guard|p1a: Chesnaught
|-singleturn|p1a: Chesnaught|Wide Guard
|move|p2a: Whimsicott|Taunt|p1a: Chesnaught
|-start|p1a: Chesnaught|move: Taunt
|move|p2b: Blaziken|Heat Wave|p1b: Delphox|[spread] 
|-activate|p1a: Chesnaught|move: Wide Guard
|-activate|p1b: Delphox|move: Wide Guard
|move|p1b: Delphox|Heat Wave|p2a: Whimsicott|[spread] p2a,p2b
|-supereffective|p2a: Whimsicott|1
|-resisted|p2b: Blaziken|1
|-crit|p2b: Blaziken
|-damage|p2a: Whimsicott|0 fnt
|-damage|p2b: Blaziken|0 fnt
|faint|p2a: Whimsicott
|faint|p2b: Blaziken
|
|-end|p1b: Delphox|move: Taunt
|upkeep
|
|t:|1784700946
|switch|p2a: Eelektross|Eelektross, L50, F|100/100
|switch|p2b: Dragapult|Dragapult, L50, M|100/100
|turn|4
|inactive|sturmkitten69 has 30 seconds left.
|c|☆holo-lyte|kinda forgot wide guard goes first
|inactive|sturmkitten69 has 20 seconds left.
|inactive|sturmkitten69 has 15 seconds left.
|
|t:|1784700990
|switch|p1a: Sinistcha|Sinistcha, L50|100/100
|move|p2b: Dragapult|Phantom Force||[still]
|-prepare|p2b: Dragapult|Phantom Force
|move|p1b: Delphox|Psychic|p2a: Eelektross
|-damage|p2a: Eelektross|49/100
|move|p2a: Eelektross|Flamethrower|p1a: Sinistcha
|-supereffective|p1a: Sinistcha|1
|-damage|p1a: Sinistcha|38/100
|-enditem|p1a: Sinistcha|Sitrus Berry|[eat]
|-heal|p1a: Sinistcha|62/100|[from] item: Sitrus Berry
|
|upkeep
|turn|5
|
|t:|1784701006
|switch|p1b: Chesnaught|Chesnaught, L50, M, shiny|100/100
|move|p2b: Dragapult|Phantom Force|p1b: Chesnaught|[from] lockedmove
|-damage|p1b: Chesnaught|73/100
|move|p2a: Eelektross|Flamethrower|p1a: Sinistcha
|-supereffective|p1a: Sinistcha|1
|-damage|p1a: Sinistcha|1/100
|move|p1a: Sinistcha|Matcha Gotcha|p2a: Eelektross|[spread] p2a,p2b
|-crit|p2a: Eelektross
|-resisted|p2b: Dragapult|1
|-damage|p2a: Eelektross|9/100
|-heal|p1a: Sinistcha|22/100|[from] drain|[of] p2a: Eelektross
|-damage|p2b: Dragapult|83/100
|-heal|p1a: Sinistcha|30/100|[from] drain|[of] p2b: Dragapult
|
|-heal|p1b: Chesnaught|79/100|[from] item: Leftovers
|-sideend|p2: holo-lyte|move: Tailwind
|upkeep
|turn|6
|inactive|sturmkitten69 has 30 seconds left.
|inactive|sturmkitten69 has 20 seconds left.
|
|t:|1784701045
|move|p2b: Dragapult|Phantom Force||[still]
|-prepare|p2b: Dragapult|Phantom Force
|move|p1a: Sinistcha|Matcha Gotcha|p2b: Dragapult|[spread] p2a
|-miss|p1a: Sinistcha|p2b: Dragapult
|-damage|p2a: Eelektross|0 fnt
|-heal|p1a: Sinistcha|35/100|[from] drain|[of] p2a: Eelektross
|faint|p2a: Eelektross
|move|p1b: Chesnaught|Wood Hammer|p2b: Dragapult|[miss]
|-miss|p1b: Chesnaught|p2b: Dragapult
|
|-heal|p1b: Chesnaught|85/100|[from] item: Leftovers
|upkeep
|turn|7
|inactive|sturmkitten69 has 30 seconds left.
|
|t:|1784701076
|switch|p1a: Delphox|Delphox-Mega, L50, M|100/100
|move|p2b: Dragapult|Phantom Force|p1a: Delphox|[from] lockedmove
|-supereffective|p1a: Delphox|1
|-damage|p1a: Delphox|0 fnt
|faint|p1a: Delphox
|move|p1b: Chesnaught|Wood Hammer|p2b: Dragapult
|-resisted|p2b: Dragapult|1
|-damage|p2b: Dragapult|52/100
|-damage|p1b: Chesnaught|77/100|[from] Recoil
|
|-heal|p1b: Chesnaught|83/100|[from] item: Leftovers
|upkeep
|
|t:|1784701087
|switch|p1a: Sinistcha|Sinistcha, L50|35/100
|-heal|p1b: Chesnaught|100/100|[from] ability: Hospitality|[of] p1a: Sinistcha
|turn|8
|
|t:|1784701109
|move|p2b: Dragapult|Phantom Force||[still]
|-prepare|p2b: Dragapult|Phantom Force
|move|p1a: Sinistcha|Life Dew||[still]|[spread] p1a,p1b
|-heal|p1a: Sinistcha|61/100
|-fail|p1b: Chesnaught|heal
|move|p1b: Chesnaught|Wood Hammer|p2b: Dragapult|[miss]
|-miss|p1b: Chesnaught|p2b: Dragapult
|
|upkeep
|turn|9
|inactive|sturmkitten69 has 30 seconds left.
|inactive|sturmkitten69 has 20 seconds left.
|
|t:|1784701149
|move|p2b: Dragapult|Phantom Force|p1a: Sinistcha|[from] lockedmove
|-supereffective|p1a: Sinistcha|1
|-damage|p1a: Sinistcha|0 fnt
|faint|p1a: Sinistcha
|move|p1b: Chesnaught|Wood Hammer|p2b: Dragapult
|-resisted|p2b: Dragapult|1
|-damage|p2b: Dragapult|24/100
|-damage|p1b: Chesnaught|91/100|[from] Recoil
|
|-heal|p1b: Chesnaught|97/100|[from] item: Leftovers
|upkeep
|turn|10
|inactive|sturmkitten69 has 30 seconds left.
|
|t:|1784701177
|move|p1b: Chesnaught|Spiky Shield|p1b: Chesnaught
|-singleturn|p1b: Chesnaught|move: Protect
|move|p2b: Dragapult|Will-O-Wisp|p1b: Chesnaught
|-activate|p1b: Chesnaught|move: Protect
|
|-heal|p1b: Chesnaught|100/100|[from] item: Leftovers
|upkeep
|turn|11
|
|t:|1784701186
|move|p2b: Dragapult|Will-O-Wisp|p1b: Chesnaught|[miss]
|-miss|p2b: Dragapult|p1b: Chesnaught
|move|p1b: Chesnaught|Wood Hammer|p2b: Dragapult
|-resisted|p2b: Dragapult|1
|-damage|p2b: Dragapult|0 fnt
|faint|p2b: Dragapult
|-damage|p1b: Chesnaught|93/100|[from] Recoil
|
|win|sturmkitten69
|raw|sturmkitten69's rating: 1135 → 1163(+28 for winning)
|raw|holo-lyte's rating: 1172 → 1144(-28 for losing)
|c|☆sturmkitten69|gg
|l|☆holo-lyte
|player|p2|
