|j|☆iliasdelm
|j|☆cereales raton
|html|iliasdelmcereales raton    
|uhtml|bestof|Game 1 of a best-of-3
|t:|1756972764
|gametype|doubles
|player|p1|iliasdelm|gambler|1180
|player|p2|cereales raton|169|1226
|gen|9
|tier|[Gen 9] VGC 2025 Reg H (Bo3)
|rated|
|rule|Species Clause: Limit one of each Pokémon
|rule|Item Clause: Limit 1 of each item
|clearpoke
|poke|p1|Primarina, L50, F|
|poke|p1|Incineroar, L50, F|
|poke|p1|Gholdengo, L50|
|poke|p1|Ursaluna, L50, M|
|poke|p1|Amoonguss, L50, M|
|poke|p1|Porygon2, L50|
|poke|p2|Gholdengo, L50|
|poke|p2|Maushold-Four, L50|
|poke|p2|Ursaluna-Bloodmoon, L50, M|
|poke|p2|Dragonite, L50, F|
|poke|p2|Annihilape, L50, F|
|poke|p2|Rillaboom, L50, F|
|teampreview|4
|showteam|p1|Primarina||ThroatSpray|LiquidVoice|HyperVoice,Moonblast,Haze,Protect|||F|||50|,,,,,Poison]Incineroar||AssaultVest|Intimidate|FlareBlitz,KnockOff,FakeOut,Uturn|||F|||50|,,,,,Grass]Gholdengo||LifeOrb|GoodasGold|MakeItRain,ShadowBall,NastyPlot,Protect||||||50|,,,,,Water]Ursaluna||FlameOrb|Guts|Facade,HeadlongRush,Protect,Substitute|||M|||50|,,,,,Ghost]Amoonguss||SitrusBerry|Regenerator|PollenPuff,Spore,RagePowder,GigaDrain|||M|||50|,,,,,Electric]Porygon2||Eviolite|Download|IceBeam,TeraBlast,Recover,TrickRoom||||||50|,,,,,Fighting
|showteam|p2|Gholdengo||LifeOrb|GoodasGold|MakeItRain,ShadowBall,NastyPlot,Protect||||||50|,,,,,Water]Maushold-Four||FocusSash|FriendGuard|SuperFang,BeatUp,FollowMe,Protect||||||50|,,,,,Ghost]Ursaluna-Bloodmoon||AssaultVest|MindsEye|BloodMoon,EarthPower,HyperVoice,VacuumWave|||M|||50|,,,,,Water]Dragonite||LoadedDice|Multiscale|ScaleShot,Tailwind,Haze,Protect|||F|||50|,,,,,Fairy]Annihilape||SitrusBerry|Defiant|DrainPunch,RageFist,BulkUp,Protect|||F|||50|,,,,,Fire]Rillaboom||MiracleSeed|GrassySurge|WoodHammer,GrassyGlide,HighHorsepower,FakeOut|||F|||50|,,,,,Fire
|
|t:|1756972814
|teamsize|p1|4
|teamsize|p2|4
|start
|switch|p1a: Primarina|Primarina, L50, F|100/100
|switch|p1b: Porygon2|Porygon2, L50|100/100
|switch|p2a: Annihilape|Annihilape, L50, F|100/100
|switch|p2b: Rillaboom|Rillaboom, L50, F|100/100
|-fieldstart|move: Grassy Terrain|[from] ability: Grassy Surge|[of] p2b: Rillaboom
|-ability|p1b: Porygon2|Download|boost
|-boost|p1b: Porygon2|spa|1
|turn|1
|inactive|Battle timer is ON: inactive players will automatically lose when time's up. (requested by cereales raton)
|
|t:|1756972831
|move|p1a: Primarina|Protect|p1a: Primarina
|-singleturn|p1a: Primarina|Protect
|move|p2b: Rillaboom|Fake Out|p1b: Porygon2
|-damage|p1b: Porygon2|92/100
|move|p2a: Annihilape|Bulk Up|p2a: Annihilape
|-boost|p2a: Annihilape|atk|1
|-boost|p2a: Annihilape|def|1
|cant|p1b: Porygon2|flinch
|
|-heal|p1b: Porygon2|98/100|[from] Grassy Terrain
|upkeep
|turn|2
|
|t:|1756972853
|-terastallize|p1a: Primarina|Poison
|move|p2a: Annihilape|Drain Punch|p1b: Porygon2
|-supereffective|p1b: Porygon2
|-damage|p1b: Porygon2|40/100
|move|p2b: Rillaboom|Wood Hammer|p1a: Primarina
|-resisted|p1a: Primarina
|-damage|p1a: Primarina|49/100
|-damage|p2b: Rillaboom|84/100|[from] Recoil
|move|p1a: Primarina|Moonblast|p2a: Annihilape
|-supereffective|p2a: Annihilape
|-damage|p2a: Annihilape|10/100
|-enditem|p2a: Annihilape|Sitrus Berry|[eat]
|-heal|p2a: Annihilape|35/100|[from] item: Sitrus Berry
|move|p1b: Porygon2|Trick Room|p1b: Porygon2
|-fieldstart|move: Trick Room|[of] p1b: Porygon2
|
|-heal|p1b: Porygon2|46/100|[from] Grassy Terrain
|-heal|p1a: Primarina|55/100|[from] Grassy Terrain
|-heal|p2b: Rillaboom|90/100|[from] Grassy Terrain
|-heal|p2a: Annihilape|41/100|[from] Grassy Terrain
|upkeep
|turn|3
|inactive|cereales raton has 30 seconds left.
|
|t:|1756972882
|switch|p2b: Ursaluna|Ursaluna-Bloodmoon, L50, M|100/100
|move|p2a: Annihilape|Protect|p2a: Annihilape
|-singleturn|p2a: Annihilape|Protect
|move|p1b: Porygon2|Ice Beam|p2a: Annihilape
|-activate|p2a: Annihilape|move: Protect
|move|p1a: Primarina|Hyper Voice|p2a: Annihilape|[spread] p2b
|-activate|p2a: Annihilape|move: Protect
|-supereffective|p2b: Ursaluna
|-damage|p2b: Ursaluna|59/100
|-enditem|p1a: Primarina|Throat Spray
|-boost|p1a: Primarina|spa|1|[from] item: Throat Spray
|
|-heal|p1b: Porygon2|52/100|[from] Grassy Terrain
|-heal|p2b: Ursaluna|65/100|[from] Grassy Terrain
|-heal|p1a: Primarina|60/100|[from] Grassy Terrain
|-heal|p2a: Annihilape|48/100|[from] Grassy Terrain
|upkeep
|turn|4
|
|t:|1756972898
|switch|p1b: Ursaluna|Ursaluna, L50, M|100/100
|-terastallize|p2a: Annihilape|Fire
|move|p1a: Primarina|Protect|p1a: Primarina
|-singleturn|p1a: Primarina|Protect
|move|p2b: Ursaluna|Earth Power|p1a: Primarina
|-activate|p1a: Primarina|move: Protect
|move|p2a: Annihilape|Drain Punch|p1b: Ursaluna
|-supereffective|p1b: Ursaluna
|-damage|p1b: Ursaluna|34/100
|-heal|p2a: Annihilape|86/100|[from] drain|[of] p1b: Ursaluna
|
|-heal|p1b: Ursaluna|40/100|[from] Grassy Terrain
|-heal|p2b: Ursaluna|71/100|[from] Grassy Terrain
|-heal|p1a: Primarina|66/100|[from] Grassy Terrain
|-heal|p2a: Annihilape|92/100|[from] Grassy Terrain
|-status|p1b: Ursaluna|brn|[from] item: Flame Orb
|upkeep
|turn|5
|inactive|iliasdelm has 30 seconds left.
|inactive|iliasdelm has 20 seconds left.
|inactive|cereales raton has 30 seconds left.
|
|t:|1756972935
|move|p2a: Annihilape|Protect|p2a: Annihilape
|-singleturn|p2a: Annihilape|Protect
|move|p1b: Ursaluna|Facade|p2b: Ursaluna
|-damage|p2b: Ursaluna|0 fnt
|faint|p2b: Ursaluna
|move|p1a: Primarina|Hyper Voice|p2a: Annihilape
|-activate|p2a: Annihilape|move: Protect
|
|-heal|p1b: Ursaluna|46/100 brn|[from] Grassy Terrain
|-heal|p1a: Primarina|72/100|[from] Grassy Terrain
|-heal|p2a: Annihilape|98/100|[from] Grassy Terrain
|-damage|p1b: Ursaluna|40/100 brn|[from] brn
|-fieldend|move: Grassy Terrain
|upkeep
|
|t:|1756972942
|switch|p2b: Rillaboom|Rillaboom, L50, F|90/100
|-fieldstart|move: Grassy Terrain|[from] ability: Grassy Surge|[of] p2b: Rillaboom
|turn|6
|
|t:|1756972956
|move|p2b: Rillaboom|Fake Out|p1b: Ursaluna
|-damage|p1b: Ursaluna|30/100 brn
|cant|p1b: Ursaluna|flinch
|move|p1a: Primarina|Hyper Voice|p2b: Rillaboom|[spread] p2a,p2b
|-supereffective|p2a: Annihilape
|-resisted|p2b: Rillaboom
|-damage|p2a: Annihilape|6/100
|-damage|p2b: Rillaboom|62/100
|move|p2a: Annihilape|Rage Fist|p1a: Primarina
|-damage|p1a: Primarina|0 fnt
|faint|p1a: Primarina
|
|-heal|p1b: Ursaluna|36/100 brn|[from] Grassy Terrain
|-heal|p2b: Rillaboom|68/100|[from] Grassy Terrain
|-heal|p2a: Annihilape|12/100|[from] Grassy Terrain
|-damage|p1b: Ursaluna|30/100 brn|[from] brn
|-fieldend|move: Trick Room
|upkeep
|
|t:|1756972964
|switch|p1a: Incineroar|Incineroar, L50, F|100/100
|-ability|p1a: Incineroar|Intimidate|boost
|-unboost|p2a: Annihilape|atk|1
|-ability|p2a: Annihilape|Defiant|boost
|-boost|p2a: Annihilape|atk|2
|-unboost|p2b: Rillaboom|atk|1
|turn|7
|
|t:|1756972984
|switch|p1b: Porygon2|Porygon2, L50|52/100
|-ability|p1b: Porygon2|Download|boost
|-boost|p1b: Porygon2|spa|1
|move|p2a: Annihilape|Drain Punch|p1a: Incineroar
|-supereffective|p1a: Incineroar
|-damage|p1a: Incineroar|0 fnt
|-heal|p2a: Annihilape|61/100|[from] drain|[of] p1a: Incineroar
|faint|p1a: Incineroar
|move|p2b: Rillaboom|Wood Hammer|p1b: Porygon2
|-damage|p1b: Porygon2|13/100
|-damage|p2b: Rillaboom|55/100|[from] Recoil
|
|-heal|p2a: Annihilape|67/100|[from] Grassy Terrain
|-heal|p2b: Rillaboom|61/100|[from] Grassy Terrain
|-heal|p1b: Porygon2|18/100|[from] Grassy Terrain
|upkeep
|-message|iliasdelm forfeited.
|
|win|cereales raton
