|j|☆GIRLHELL1998
|j|☆Monkeydes
|html|GIRLHELL1998Monkeydes    
|uhtml|bestof|Game 3 of a best-of-3
|t:|1756240469
|gametype|doubles
|player|p1|GIRLHELL1998|roxie|1127
|player|p2|Monkeydes|265|1131
|gen|9
|tier|[Gen 9] VGC 2025 Reg H (Bo3)
|rated|
|rule|Species Clause: Limit one of each Pokémon
|rule|Item Clause: Limit 1 of each item
|clearpoke
|poke|p1|Ursaluna, L50, F|
|poke|p1|Kilowattrel, L50, F|
|poke|p1|Gholdengo, L50|
|poke|p1|Incineroar, L50, M|
|poke|p1|Amoonguss, L50, F|
|poke|p1|Porygon2, L50|
|poke|p2|Sneasler, L50, M|
|poke|p2|Dragapult, L50, F|
|poke|p2|Primarina, L50, F|
|poke|p2|Kingambit, L50, F|
|poke|p2|Magmar, L50, F|
|poke|p2|Rillaboom, L50, M|
|teampreview|4
|showteam|p1|Ursaluna||FlameOrb|Guts|Facade,HeadlongRush,Earthquake,Protect|||F|||50|,,,,,Fairy]Kilowattrel||FocusSash|Competitive|Thunderbolt,AirSlash,Tailwind,Protect|||F|||50|,,,,,Ghost]Gholdengo||LifeOrb|GoodasGold|MakeItRain,ShadowBall,NastyPlot,Protect||||||50|,,,,,Flying]Incineroar||AssaultVest|Intimidate|KnockOff,FlareBlitz,Uturn,FakeOut|||M|||50|,,,,,Grass]Amoonguss||SitrusBerry|Regenerator|Spore,RagePowder,SludgeBomb,Protect|||F|||50|,,,,,Water]Porygon2||Eviolite|Download|TeraBlast,IceBeam,Recover,TrickRoom||||||50|,,,,,Fighting
|showteam|p2|Sneasler||FocusSash|PoisonTouch|DireClaw,CloseCombat,FakeOut,Protect|||M|||50|,,,,,Stellar]Dragapult||ChoiceBand|ClearBody|DragonDarts,PhantomForce,Outrage,Uturn|||F|||50|,,,,,Dragon]Primarina||ThroatSpray|LiquidVoice|HyperVoice,Moonblast,Haze,Protect|||F|||50|,,,,,Poison]Kingambit||BlackGlasses|Defiant|KowtowCleave,SuckerPunch,SwordsDance,Protect|||F|||50|,,,,,Dark]Magmar||Eviolite|VitalSpirit|FollowMe,Overheat,WillOWisp,Protect|||F|||50|,,,,,Ghost]Rillaboom||AssaultVest|GrassySurge|FakeOut,WoodHammer,GrassyGlide,HighHorsepower|||M|||50|,,,,,Fire
|inactive|Battle timer is ON: inactive players will automatically lose when time's up. (requested by GIRLHELL1998)
|inactive|GIRLHELL1998 has 60 seconds left.
|inactive|Monkeydes has 60 seconds left.
|inactive|GIRLHELL1998 has 30 seconds left.
|inactive|GIRLHELL1998 has 20 seconds left.
|inactive|GIRLHELL1998 has 15 seconds left.
|
|t:|1756240553
|teamsize|p1|4
|teamsize|p2|4
|start
|switch|p1a: Big Bird|Kilowattrel, L50, F|100/100
|switch|p1b: 뽀록나|Amoonguss, L50, F, shiny|100/100
|switch|p2a: Magmar|Magmar, L50, F|100/100
|switch|p2b: Dragapult|Dragapult, L50, F|100/100
|turn|1
|inactive|GIRLHELL1998 has 30 seconds left.
|inactive|Monkeydes has 30 seconds left.
|inactive|GIRLHELL1998 has 20 seconds left.
|
|t:|1756240591
|-terastallize|p2b: Dragapult|Dragon
|move|p2a: Magmar|Follow Me|p2a: Magmar
|-singleturn|p2a: Magmar|move: Follow Me
|move|p1b: 뽀록나|Rage Powder|p1b: 뽀록나
|-singleturn|p1b: 뽀록나|move: Rage Powder
|move|p2b: Dragapult|Dragon Darts|p1b: 뽀록나
|-damage|p1b: 뽀록나|59/100
|-anim|p2b: Dragapult|Dragon Darts|p1b: 뽀록나
|-damage|p1b: 뽀록나|19/100
|-enditem|p1b: 뽀록나|Sitrus Berry|[eat]
|-heal|p1b: 뽀록나|44/100|[from] item: Sitrus Berry
|move|p1a: Big Bird|Tailwind|p1a: Big Bird
|-sidestart|p1: GIRLHELL1998|move: Tailwind
|
|upkeep
|turn|2
|inactive|GIRLHELL1998 has 30 seconds left.
|inactive|Monkeydes has 30 seconds left.
|
|t:|1756240624
|switch|p1b: Pumpy the Grumpy|Incineroar, L50, M, shiny|100/100
|-ability|p1b: Pumpy the Grumpy|Intimidate|boost
|-unboost|p2a: Magmar|atk|1
|-fail|p2b: Dragapult|unboost|[from] ability: Clear Body|[of] p2b: Dragapult
|move|p1a: Big Bird|Air Slash|p2b: Dragapult
|-damage|p2b: Dragapult|53/100
|move|p2b: Dragapult|Dragon Darts|p1a: Big Bird
|-damage|p1a: Big Bird|8/100
|-anim|p2b: Dragapult|Dragon Darts|p1b: Pumpy the Grumpy
|-crit|p1b: Pumpy the Grumpy
|-damage|p1b: Pumpy the Grumpy|20/100
|move|p2a: Magmar|Will-O-Wisp|p1a: Big Bird
|-status|p1a: Big Bird|brn
|
|-damage|p1a: Big Bird|2/100 brn|[from] brn
|upkeep
|turn|3
|inactive|GIRLHELL1998 has 30 seconds left.
|inactive|Monkeydes has 30 seconds left.
|
|t:|1756240651
|move|p1b: Pumpy the Grumpy|Fake Out|p2b: Dragapult
|-damage|p2b: Dragapult|36/100
|move|p2a: Magmar|Follow Me|p2a: Magmar
|-singleturn|p2a: Magmar|move: Follow Me
|move|p1a: Big Bird|Air Slash|p2a: Magmar
|-damage|p2a: Magmar|75/100
|cant|p2b: Dragapult|flinch
|
|-damage|p1a: Big Bird|0 fnt|[from] brn
|faint|p1a: Big Bird
|upkeep
|
|t:|1756240662
|switch|p1a: Dinko|Ursaluna, L50, F|100/100
|turn|4
|
|t:|1756240671
|switch|p1b: 뽀록나|Amoonguss, L50, F, shiny|77/100
|move|p2a: Magmar|Follow Me|p2a: Magmar
|-singleturn|p2a: Magmar|move: Follow Me
|move|p2b: Dragapult|Dragon Darts|p1a: Dinko
|-damage|p1a: Dinko|62/100
|-anim|p2b: Dragapult|Dragon Darts|p1b: 뽀록나
|-damage|p1b: 뽀록나|34/100
|move|p1a: Dinko|Earthquake|p2b: Dragapult|[spread] p1b,p2a,p2b
|-supereffective|p2a: Magmar
|-damage|p1b: 뽀록나|0 fnt
|-damage|p2a: Magmar|0 fnt
|-damage|p2b: Dragapult|0 fnt
|faint|p1b: 뽀록나
|faint|p2a: Magmar
|faint|p2b: Dragapult
|
|-sideend|p1: GIRLHELL1998|move: Tailwind
|-status|p1a: Dinko|brn|[from] item: Flame Orb
|upkeep
|
|t:|1756240686
|switch|p2b: Sneasler|Sneasler, L50, M|100/100
|switch|p2a: Kingambit|Kingambit, L50, F|100/100
|switch|p1b: Pumpy the Grumpy|Incineroar, L50, M, shiny|20/100
|-ability|p1b: Pumpy the Grumpy|Intimidate|boost
|-unboost|p2a: Kingambit|atk|1
|-ability|p2a: Kingambit|Defiant|boost
|-boost|p2a: Kingambit|atk|2
|-unboost|p2b: Sneasler|atk|1
|turn|5
|
|t:|1756240708
|-terastallize|p1a: Dinko|Fairy
|move|p2b: Sneasler|Protect|p2b: Sneasler
|-singleturn|p2b: Sneasler|Protect
|move|p2a: Kingambit|Protect|p2a: Kingambit
|-singleturn|p2a: Kingambit|Protect
|move|p1b: Pumpy the Grumpy|Fake Out|p2a: Kingambit
|-activate|p2a: Kingambit|move: Protect
|move|p1a: Dinko|Earthquake|p2a: Kingambit|[spread] p1b
|-activate|p2a: Kingambit|move: Protect
|-activate|p2b: Sneasler|move: Protect
|-supereffective|p1b: Pumpy the Grumpy
|-damage|p1b: Pumpy the Grumpy|0 fnt
|faint|p1b: Pumpy the Grumpy
|
|-damage|p1a: Dinko|56/100 brn|[from] brn
|upkeep
|turn|6
|-message|GIRLHELL1998 forfeited.
|
|win|Monkeydes
|raw|GIRLHELL1998's rating: 1127 → 1102(-25 for losing)
|raw|Monkeydes's rating: 1131 → 1156(+25 for winning)
|l|☆GIRLHELL1998
|player|p1|
|j|☆GIRLHELL1998
|player|p1|GIRLHELL1998|roxie|
