|j|☆Milesmate1998
|j|☆TeyVgc
|html|Milesmate1998TeyVgc    
|uhtml|bestof|Game 2 of a best-of-3
|t:|1784061085
|gametype|doubles
|player|p1|Milesmate1998|veteran|1119
|player|p2|TeyVgc|rood|1231
|gen|9
|tier|[Gen 9 Champions] VGC 2026 Reg M-B (Bo3)
|rated|
|rule|Species Clause: Limit one of each Pokémon
|rule|Item Clause: Limit 1 of each item
|clearpoke
|poke|p1|Tinkaton, L50, F|
|poke|p1|Chandelure, L50, M|
|poke|p1|Mamoswine, L50, M|
|poke|p1|Staraptor, L50, F|
|poke|p1|Rotom-Wash, L50, shiny|
|poke|p1|Vanilluxe, L50, F|
|poke|p2|Raichu, L50, M|
|poke|p2|Sinistcha, L50|
|poke|p2|Ceruledge, L50, F|
|poke|p2|Milotic, L50, F|
|poke|p2|Incineroar, L50, M|
|poke|p2|Floette-Eternal, L50, F|
|teampreview|4
|showteam|p1|Tinkaton||WhiteHerb|MoldBreaker|FakeOut,GigatonHammer,HelpingHand,BabyDollEyes|Adamant||F|||50|]Chandelure||Chandelurite|FlashFire|HeatWave,ShadowBall,TrickRoom,EnergyBall|Modest||M|||50|]Mamoswine||FocusSash|Oblivious|Earthquake,IceShard,Protect,RockSlide|Adamant||M|||50|]Staraptor||Staraptite|Intimidate|Tailwind,Protect,CloseCombat,BraveBird|Adamant||F|||50|]Rotom-Wash||Magnet|Levitate|Discharge,VoltSwitch,WillOWisp,Thunderbolt|Modest|||||50|]Vanilluxe||LightClay|SnowWarning|FreezeDry,Blizzard,AuroraVeil,Protect|Calm||F|||50|
|showteam|p2|Raichu||RaichuniteY|LightningRod|ZapCannon,FocusBlast,FakeOut,Protect|Timid||M|||50|]Sinistcha||KasibBerry|Hospitality|MatchaGotcha,Protect,RagePowder,TrickRoom|Relaxed|||||50|]Ceruledge||ColburBerry|FlashFire|BitterBlade,ShadowSneak,BulkUp,Protect|Adamant||F|||50|]Milotic||Leftovers|Competitive|MuddyWater,Coil,Hypnosis,Recover|Calm||F|||50|]Incineroar||SitrusBerry|Intimidate|FlareBlitz,ThroatChop,FakeOut,PartingShot|Impish||M|||50|]Floette-Eternal||Floettite|FlowerVeil|CalmMind,Protect,Moonblast,DazzlingGleam|Modest||F|||50|
|
|t:|1784061116
|teamsize|p1|4
|teamsize|p2|4
|start
|switch|p1a: Rotom|Rotom-Wash, L50, shiny|100/100
|switch|p1b: Mamoswine|Mamoswine, L50, M|100/100
|switch|p2a: Incineroar|Incineroar, L50, M|100/100
|switch|p2b: Floette|Floette-Eternal, L50, F|100/100
|-ability|p2a: Incineroar|Intimidate|boost
|-unboost|p1a: Rotom|atk|1
|-fail|p1b: Mamoswine|unboost|Attack|[from] ability: Oblivious|[of] p1b: Mamoswine
|turn|1
|
|t:|1784061136
|detailschange|p2b: Floette|Floette-Mega, L50, F
|-mega|p2b: Floette|Floette|Floettite
|-ability|p2b: Floette|Fairy Aura
|move|p2a: Incineroar|Fake Out|p1b: Mamoswine
|-damage|p1b: Mamoswine|89/100
|move|p2b: Floette|Calm Mind|p2b: Floette
|-boost|p2b: Floette|spa|1
|-boost|p2b: Floette|spd|1
|move|p1a: Rotom|Discharge|p2b: Floette|[spread] p2a,p2b
|-immune|p1b: Mamoswine
|-damage|p2a: Incineroar|66/100
|-damage|p2b: Floette|83/100
|cant|p1b: Mamoswine|flinch
|
|upkeep
|turn|2
|
|t:|1784061161
|switch|p2a: Sinistcha|Sinistcha, L50|100/100
|-heal|p2b: Floette|100/100|[from] ability: Hospitality|[of] p2a: Sinistcha
|move|p2b: Floette|Dazzling Gleam|p1a: Rotom|[spread] p1a,p1b
|-damage|p1a: Rotom|27/100
|-damage|p1b: Mamoswine|13/100
|move|p1a: Rotom|Discharge|p2a: Sinistcha|[spread] p2a,p2b
|-immune|p1b: Mamoswine
|-resisted|p2a: Sinistcha|1
|-damage|p2a: Sinistcha|84/100
|-damage|p2b: Floette|85/100
|move|p1b: Mamoswine|Earthquake|p2b: Floette|[spread] p2a,p2b
|-immune|p1a: Rotom|[from] ability: Levitate
|-resisted|p2a: Sinistcha|1
|-crit|p2a: Sinistcha
|-damage|p2a: Sinistcha|57/100
|-damage|p2b: Floette|46/100
|
|upkeep
|turn|3
|
|t:|1784061179
|switch|p2a: Incineroar|Incineroar, L50, M|66/100
|-ability|p2a: Incineroar|Intimidate|boost
|-unboost|p1a: Rotom|atk|1
|-fail|p1b: Mamoswine|unboost|Attack|[from] ability: Oblivious|[of] p1b: Mamoswine
|move|p1b: Mamoswine|Ice Shard|p2a: Incineroar
|-resisted|p2a: Incineroar|1
|-damage|p2a: Incineroar|57/100
|move|p2b: Floette|Dazzling Gleam|p1a: Rotom|[spread] p1a,p1b
|-damage|p1a: Rotom|0 fnt
|-damage|p1b: Mamoswine|0 fnt
|faint|p1a: Rotom
|faint|p1b: Mamoswine
|
|upkeep
|
|t:|1784061182
|switch|p1a: Tinkaton|Tinkaton, L50, F|100/100
|switch|p1b: Chandelure|Chandelure, L50, M|100/100
|-ability|p1a: Tinkaton|Mold Breaker
|turn|4
|
|t:|1784061213
|switch|p2b: Sinistcha|Sinistcha, L50|57/100
|-heal|p2a: Incineroar|82/100|[from] ability: Hospitality|[of] p2b: Sinistcha
|detailschange|p1b: Chandelure|Chandelure-Mega, L50, M
|-mega|p1b: Chandelure|Chandelure|Chandelurite
|move|p1a: Tinkaton|Fake Out|p2a: Incineroar
|-damage|p2a: Incineroar|74/100
|move|p1b: Chandelure|Heat Wave|p2b: Sinistcha|[spread] p2a,p2b
|-resisted|p2a: Incineroar|1
|-supereffective|p2b: Sinistcha|1
|-crit|p2b: Sinistcha
|-damage|p2a: Incineroar|52/100
|-damage|p2b: Sinistcha|0 fnt
|faint|p2b: Sinistcha
|cant|p2a: Incineroar|flinch
|
|upkeep
|
|t:|1784061222
|switch|p2b: Ceruledge|Ceruledge, L50, F|100/100
|turn|5
|
|t:|1784061248
|move|p2b: Ceruledge|Protect|p2b: Ceruledge
|-singleturn|p2b: Ceruledge|Protect
|move|p1a: Tinkaton|Baby-Doll Eyes|p2a: Incineroar
|-unboost|p2a: Incineroar|atk|1
|move|p1b: Chandelure|Shadow Ball|p2b: Ceruledge
|-activate|p2b: Ceruledge|move: Protect
|move|p2a: Incineroar|Parting Shot|p1b: Chandelure
|-unboost|p1b: Chandelure|atk|1
|-unboost|p1b: Chandelure|spa|1
|
|t:|1784061258
|switch|p2a: Floette|Floette-Mega, L50, F|46/100|[from] Parting Shot
|-ability|p2a: Floette|Fairy Aura
|
|upkeep
|turn|6
|
|t:|1784061269
|switch|p2a: Incineroar|Incineroar, L50, M|52/100
|-ability|p2a: Incineroar|Intimidate|boost
|-unboost|p1a: Tinkaton|atk|1
|-unboost|p1b: Chandelure|atk|1
|-enditem|p1a: Tinkaton|White Herb
|-clearnegativeboost|p1a: Tinkaton|[silent]
|move|p1a: Tinkaton|Baby-Doll Eyes|p2b: Ceruledge
|-unboost|p2b: Ceruledge|atk|1
|move|p2b: Ceruledge|Bitter Blade|p1a: Tinkaton
|-supereffective|p1a: Tinkaton|1
|-damage|p1a: Tinkaton|27/100
|move|p1b: Chandelure|Trick Room|p1b: Chandelure
|-fieldstart|move: Trick Room|[of] p1b: Chandelure
|
|upkeep
|turn|7
|
|t:|1784061289
|move|p2a: Incineroar|Fake Out|p1a: Tinkaton
|-resisted|p1a: Tinkaton|1
|-damage|p1a: Tinkaton|21/100
|cant|p1a: Tinkaton|flinch
|move|p2b: Ceruledge|Bulk Up|p2b: Ceruledge
|-boost|p2b: Ceruledge|atk|1
|-boost|p2b: Ceruledge|def|1
|move|p1b: Chandelure|Heat Wave|p2b: Ceruledge|[spread] p2a
|-start|p2b: Ceruledge|ability: Flash Fire
|-resisted|p2a: Incineroar|1
|-damage|p2a: Incineroar|40/100
|-enditem|p2a: Incineroar|Sitrus Berry|[eat]
|-heal|p2a: Incineroar|65/100|[from] item: Sitrus Berry
|
|upkeep
|turn|8
|-message|Milesmate1998 forfeited.
|
|win|TeyVgc
