|j|☆zileu
|j|☆Govek314
|html|zileuGovek314    
|uhtml|bestof|Game 3 of a best-of-3
|t:|1784810682
|gametype|doubles
|player|p1|zileu|cyclist-gen4|1150
|player|p2|Govek314|169|1040
|gen|9
|tier|[Gen 9 Champions] VGC 2026 Reg M-B (Bo3)
|rated|
|rule|Species Clause: Limit one of each Pokémon
|rule|Item Clause: Limit 1 of each item
|clearpoke
|poke|p1|Froslass, L50, F|
|poke|p1|Sneasler, L50, M|
|poke|p1|Basculegion, L50, M|
|poke|p1|Kingambit, L50, F|
|poke|p1|Aerodactyl, L50, F|
|poke|p1|Garchomp, L50, M|
|poke|p2|Tyranitar, L50, M|
|poke|p2|Excadrill, L50, M|
|poke|p2|Milotic, L50, M|
|poke|p2|Sinistcha, L50|
|poke|p2|Staraptor, L50, M|
|poke|p2|Gholdengo, L50|
|teampreview|4
|showteam|p1|Froslass||Froslassite|SnowCloak|Blizzard,ShadowBall,AuroraVeil,Protect|Timid||F|||50|]Sneasler||WhiteHerb|Unburden|CloseCombat,DireClaw,FakeOut,Protect|Adamant||M|||50|]Basculegion||SitrusBerry|Adaptability|LastRespects,WaveCrash,AquaJet,Protect|Adamant||M|||50|]Kingambit||BlackGlasses|Defiant|KowtowCleave,SuckerPunch,IronHead,Protect|Adamant||F|||50|]Aerodactyl||FocusSash|Unnerve|RockSlide,DualWingbeat,Tailwind,Protect|Jolly||F|||50|]Garchomp||LifeOrb|RoughSkin|DragonClaw,RockSlide,Earthquake,Protect|Jolly||M|||50|
|showteam|p2|Tyranitar||Tyranitarite|SandStream|KnockOff,RockSlide,HighHorsepower,Protect|Jolly||M|||50|]Excadrill||FocusSash|SandRush|Earthquake,IronHead,RockSlide,Protect|Adamant||M|||50|]Milotic||SitrusBerry|Competitive|Scald,IcyWind,Haze,Protect|Calm||M|||50|]Sinistcha||ColburBerry|Hospitality|MatchaGotcha,ShadowBall,Protect,RagePowder|Bold|||||50|]Staraptor||Staraptite|Intimidate|CloseCombat,BraveBird,Tailwind,Protect|Jolly||M|||50|]Gholdengo||LifeOrb|GoodasGold|MakeItRain,ShadowBall,NastyPlot,Protect|Modest|||||50|
|inactive|Battle timer is ON: inactive players will automatically lose when time's up. (requested by zileu)
|inactive|Govek314 has 60 seconds left.
|
|t:|1784810730
|teamsize|p1|4
|teamsize|p2|4
|start
|switch|p1a: Aerodactyl|Aerodactyl, L50, F|100/100
|switch|p1b: Garchomp|Garchomp, L50, M|100/100
|switch|p2a: Staraptor|Staraptor, L50, M|100/100
|switch|p2b: Milotic|Milotic, L50, M|100/100
|-ability|p1a: Aerodactyl|Unnerve
|-ability|p2a: Staraptor|Intimidate|boost
|-unboost|p1a: Aerodactyl|atk|1
|-unboost|p1b: Garchomp|atk|1
|turn|1
|inactive|Govek314 has 30 seconds left.
|inactive|Govek314 has 20 seconds left.
|inactive|Govek314 has 15 seconds left.
|
|t:|1784810772
|switch|p1b: Froslass|Froslass, L50, F|100/100
|detailschange|p2a: Staraptor|Staraptor-Mega, L50, M
|-mega|p2a: Staraptor|Staraptor|Staraptite
|move|p1a: Aerodactyl|Dual Wingbeat|p2a: Staraptor
|-supereffective|p2a: Staraptor|1
|-damage|p2a: Staraptor|77/100
|-supereffective|p2a: Staraptor|1
|-damage|p2a: Staraptor|55/100
|-hitcount|p2a: Staraptor|2
|move|p2a: Staraptor|Tailwind|p2a: Staraptor
|-sidestart|p2: Govek314|move: Tailwind
|move|p2b: Milotic|Icy Wind|p1a: Aerodactyl|[spread] p1a,p1b
|-supereffective|p1a: Aerodactyl|1
|-resisted|p1b: Froslass|1
|-damage|p1a: Aerodactyl|69/100
|-damage|p1b: Froslass|92/100
|-unboost|p1a: Aerodactyl|spe|1
|-unboost|p1b: Froslass|spe|1
|
|upkeep
|turn|2
|inactive|Govek314 has 30 seconds left.
|
|t:|1784810803
|detailschange|p1b: Froslass|Froslass-Mega, L50, F
|-mega|p1b: Froslass|Froslass|Froslassite
|-weather|Snowscape|[from] ability: Snow Warning|[of] p1b: Froslass
|move|p2a: Staraptor|Close Combat|p1a: Aerodactyl
|-damage|p1a: Aerodactyl|0 fnt
|-boost|p2a: Staraptor|def|1
|-boost|p2a: Staraptor|spd|1
|faint|p1a: Aerodactyl
|move|p2b: Milotic|Scald|p1b: Froslass
|-damage|p1b: Froslass|61/100
|move|p1b: Froslass|Blizzard|p2a: Staraptor|[spread] p2a,p2b
|-supereffective|p2a: Staraptor|1
|-resisted|p2b: Milotic|1
|-damage|p2a: Staraptor|1/100
|-damage|p2b: Milotic|85/100
|
|-weather|Snowscape|[upkeep]
|upkeep
|
|t:|1784810817
|switch|p1a: Kingambit|Kingambit, L50, F|100/100
|turn|3
|
|t:|1784810830
|move|p2a: Staraptor|Protect|p2a: Staraptor
|-singleturn|p2a: Staraptor|Protect
|move|p1a: Kingambit|Sucker Punch||[still]
|-fail|p1a: Kingambit
|move|p2b: Milotic|Scald|p1a: Kingambit
|-damage|p1a: Kingambit|73/100
|move|p1b: Froslass|Aurora Veil|p1b: Froslass
|-sidestart|p1: zileu|move: Aurora Veil
|
|-weather|Snowscape|[upkeep]
|upkeep
|turn|4
|
|t:|1784810847
|move|p1a: Kingambit|Sucker Punch|p2a: Staraptor
|-resisted|p2a: Staraptor|1
|-damage|p2a: Staraptor|0 fnt
|faint|p2a: Staraptor
|move|p2b: Milotic|Scald|p1a: Kingambit
|-damage|p1a: Kingambit|54/100
|-status|p1a: Kingambit|brn
|move|p1b: Froslass|Shadow Ball|p2b: Milotic
|-damage|p2b: Milotic|55/100
|
|-weather|Snowscape|[upkeep]
|-damage|p1a: Kingambit|48/100 brn|[from] brn
|-sideend|p2: Govek314|move: Tailwind
|upkeep
|
|t:|1784810866
|switch|p2a: Excadrill|Excadrill, L50, M|100/100
|turn|5
|
|t:|1784810882
|switch|p2b: Tyranitar|Tyranitar, L50, M|100/100
|-weather|Sandstorm|[from] ability: Sand Stream|[of] p2b: Tyranitar
|move|p2a: Excadrill|Iron Head|p1b: Froslass
|-supereffective|p1b: Froslass|1
|-damage|p1b: Froslass|0 fnt
|faint|p1b: Froslass
|move|p1a: Kingambit|Kowtow Cleave|p2b: Tyranitar
|-resisted|p2b: Tyranitar|1
|-damage|p2b: Tyranitar|88/100
|
|-weather|Sandstorm|[upkeep]
|-damage|p1a: Kingambit|42/100 brn|[from] brn
|upkeep
|
|t:|1784810888
|switch|p1b: Garchomp|Garchomp, L50, M|100/100
|turn|6
|
|t:|1784810899
|move|p2b: Tyranitar|Protect|p2b: Tyranitar
|-singleturn|p2b: Tyranitar|Protect
|move|p1a: Kingambit|Protect|p1a: Kingambit
|-singleturn|p1a: Kingambit|Protect
|move|p2a: Excadrill|Earthquake|p1a: Kingambit|[spread] p1b
|-activate|p2b: Tyranitar|move: Protect
|-activate|p1a: Kingambit|move: Protect
|-damage|p1b: Garchomp|70/100
|move|p1b: Garchomp|Earthquake|p2b: Tyranitar|[spread] p2a
|-activate|p1a: Kingambit|move: Protect
|-activate|p2b: Tyranitar|move: Protect
|-supereffective|p2a: Excadrill|1
|-enditem|p2a: Excadrill|Focus Sash
|-damage|p2a: Excadrill|1/100
|-damage|p1b: Garchomp|60/100|[from] item: Life Orb
|
|-weather|Sandstorm|[upkeep]
|-damage|p1a: Kingambit|36/100 brn|[from] brn
|upkeep
|turn|7
|
|t:|1784810921
|move|p2a: Excadrill|Protect|p2a: Excadrill
|-singleturn|p2a: Excadrill|Protect
|move|p1a: Kingambit|Sucker Punch||[still]
|-fail|p1a: Kingambit
|move|p1b: Garchomp|Dragon Claw|p2b: Tyranitar
|-damage|p2b: Tyranitar|43/100
|-damage|p1b: Garchomp|50/100g|[from] item: Life Orb
|move|p2b: Tyranitar|High Horsepower|p1a: Kingambit
|-supereffective|p1a: Kingambit|1
|-damage|p1a: Kingambit|3/100 brn
|
|-weather|Sandstorm|[upkeep]
|-damage|p1a: Kingambit|0 fnt|[from] brn
|faint|p1a: Kingambit
|-sideend|p1: zileu|move: Aurora Veil
|upkeep
|turn|8
|
|t:|1784810942
|move|p2a: Excadrill|Iron Head|p1b: Garchomp
|-damage|p1b: Garchomp|3/100
|-damage|p2a: Excadrill|0 fnt|[from] ability: Rough Skin|[of] p1b: Garchomp
|faint|p2a: Excadrill
|move|p1b: Garchomp|Earthquake|p2b: Tyranitar
|-supereffective|p2b: Tyranitar|1
|-damage|p2b: Tyranitar|0 fnt
|faint|p2b: Tyranitar
|-damage|p1b: Garchomp|0 fnt|[from] item: Life Orb
|faint|p1b: Garchomp
|
|win|Govek314
|raw|zileu's rating: 1150 → 1117(-33 for losing)
|raw|Govek314's rating: 1040 → 1084(+44 for winning)
|l|☆zileu
|player|p1|
