|j|☆ThePrinceofNT
|j|☆Lemon Creamery
|html|ThePrinceofNTLemon Creamery    
|uhtml|bestof|Game 2 of a best-of-3
|t:|1782188863
|gametype|doubles
|player|p1|ThePrinceofNT|266|1142
|player|p2|Lemon Creamery|169|1113
|gen|9
|tier|[Gen 9 Champions] VGC 2026 Reg M-B (Bo3)
|rated|
|rule|Species Clause: Limit one of each Pokémon
|rule|Item Clause: Limit 1 of each item
|clearpoke
|poke|p1|Pyroar, L50, M|
|poke|p1|Whimsicott, L50, F|
|poke|p1|Farigiraf, L50, F|
|poke|p1|Torkoal, L50, M|
|poke|p1|Sneasler, L50, M|
|poke|p1|Mawile, L50, F|
|poke|p2|Whimsicott, L50, F, shiny|
|poke|p2|Froslass, L50, F|
|poke|p2|Garchomp, L50, M|
|poke|p2|Incineroar, L50, M|
|poke|p2|Sneasler, L50, F, shiny|
|poke|p2|Tsareena, L50, F|
|teampreview|4
|showteam|p1|Pyroar||Pyroarite|Rivalry|HeatWave,Overheat,SolarBeam,Protect|Modest||M|||50|]Whimsicott||FocusSash|Prankster|SunnyDay,Tailwind,Moonblast,Protect|Modest||F|||50|]Farigiraf||SitrusBerry|ArmorTail|HelpingHand,TrickRoom,TwinBeam,Thunderbolt|Bold||F|||50|]Torkoal||Charcoal|Drought|HeatWave,HelpingHand,Protect,Eruption|Quiet||M|||50|]Sneasler||WhiteHerb|Unburden|CloseCombat,GunkShot,Protect,FakeOut|Adamant||M|||50|]Mawile||Mawilite|Intimidate|SwordsDance,PlayRough,IronHead,Protect|Brave||F|||50|
|showteam|p2|Whimsicott||MentalHerb|Prankster|Tailwind,Moonblast,Encore,Protect|Timid||F|||50|]Froslass||Froslassite|CursedBody|Blizzard,AuroraVeil,ShadowBall,Protect|Timid||F|||50|]Garchomp||LifeOrb|RoughSkin|RockSlide,Earthquake,DragonClaw,Protect|Jolly||M|||50|]Incineroar||SitrusBerry|Intimidate|FakeOut,PartingShot,FlareBlitz,ThroatChop|Adamant||M|||50|]Sneasler||WhiteHerb|Unburden|CloseCombat,DireClaw,FakeOut,Protect|Jolly||F|||50|]Tsareena|||QueenlyMajesty|KnockOff,TropKick,ZenHeadbutt,Uturn|Adamant||F|||50|
|inactive|Battle timer is ON: inactive players will automatically lose when time's up. (requested by ThePrinceofNT)
|
|t:|1782188883
|teamsize|p1|4
|teamsize|p2|4
|start
|switch|p1a: Farigiraf|Farigiraf, L50, F|100/100
|switch|p1b: Sneasler|Sneasler, L50, M|100/100
|switch|p2a: Incineroar|Incineroar, L50, M|100/100
|switch|p2b: Froslass|Froslass, L50, F|100/100
|-ability|p2a: Incineroar|Intimidate|boost
|-unboost|p1a: Farigiraf|atk|1
|-unboost|p1b: Sneasler|atk|1
|-enditem|p1b: Sneasler|White Herb
|-clearnegativeboost|p1b: Sneasler|[silent]
|turn|1
|
|t:|1782188904
|detailschange|p2b: Froslass|Froslass-Mega, L50, F
|-mega|p2b: Froslass|Froslass|Froslassite
|-weather|Snowscape|[from] ability: Snow Warning|[of] p2b: Froslass
|move|p1b: Sneasler|Close Combat|p2a: Incineroar
|-supereffective|p2a: Incineroar|1
|-damage|p2a: Incineroar|0 fnt
|-unboost|p1b: Sneasler|def|1
|-unboost|p1b: Sneasler|spd|1
|faint|p2a: Incineroar
|move|p2b: Froslass|Blizzard|p1b: Sneasler|[spread] p1a,p1b
|-damage|p1a: Farigiraf|53/100
|-damage|p1b: Sneasler|14/100
|-status|p1a: Farigiraf|frz
|cant|p1a: Farigiraf|frz
|
|-weather|Snowscape|[upkeep]
|upkeep
|
|t:|1782188918
|switch|p2a: Whimsicott|Whimsicott, L50, F, shiny|100/100
|turn|2
|
|t:|1782188924
|move|p2a: Whimsicott|Tailwind|p2a: Whimsicott
|-sidestart|p2: Lemon Creamery|move: Tailwind
|move|p2b: Froslass|Blizzard|p1a: Farigiraf|[spread] p1a,p1b
|-damage|p1a: Farigiraf|11/100 frz
|-damage|p1b: Sneasler|0 fnt
|-enditem|p1a: Farigiraf|Sitrus Berry|[eat]
|-heal|p1a: Farigiraf|35/100 frz|[from] item: Sitrus Berry
|faint|p1b: Sneasler
|cant|p1a: Farigiraf|frz
|
|-weather|Snowscape|[upkeep]
|upkeep
|
|t:|1782188937
|switch|p1b: Mawile|Mawile, L50, F|100/100
|-ability|p1b: Mawile|Intimidate|boost
|-unboost|p2a: Whimsicott|atk|1
|-unboost|p2b: Froslass|atk|1
|turn|3
|inactive|Lemon Creamery has 30 seconds left.
|
|t:|1782188965
|switch|p2a: Garchomp|Garchomp, L50, M|100/100
|switch|p1a: Torkoal|Torkoal, L50, M|100/100
|-weather|SunnyDay|[from] ability: Drought|[of] p1a: Torkoal
|detailschange|p1b: Mawile|Mawile-Mega, L50, F
|-mega|p1b: Mawile|Mawile|Mawilite
|move|p2b: Froslass|Protect|p2b: Froslass
|-singleturn|p2b: Froslass|Protect
|move|p1b: Mawile|Iron Head|p2a: Garchomp
|-damage|p2a: Garchomp|24/100
|-damage|p1b: Mawile|87/100|[from] ability: Rough Skin|[of] p2a: Garchomp
|
|-weather|SunnyDay|[upkeep]
|upkeep
|turn|4
|
|t:|1782188989
|switch|p2b: Whimsicott|Whimsicott, L50, F, shiny|100/100
|move|p1b: Mawile|Protect|p1b: Mawile
|-singleturn|p1b: Mawile|Protect
|move|p2a: Garchomp|Earthquake|p1b: Mawile|[spread] p2b,p1a
|-activate|p1b: Mawile|move: Protect
|-resisted|p2b: Whimsicott|1
|-supereffective|p1a: Torkoal|1
|-damage|p2b: Whimsicott|67/100
|-damage|p1a: Torkoal|14/100
|-damage|p2a: Garchomp|15/100|[from] item: Life Orb
|move|p1a: Torkoal|Heat Wave|p2b: Whimsicott|[spread] p2a,p2b
|-resisted|p2a: Garchomp|1
|-supereffective|p2b: Whimsicott|1
|-damage|p2a: Garchomp|0 fnt
|-damage|p2b: Whimsicott|0 fnt
|faint|p2a: Garchomp
|faint|p2b: Whimsicott
|
|-weather|SunnyDay|[upkeep]
|upkeep
|
|t:|1782189009
|switch|p2a: Froslass|Froslass-Mega, L50, F|100/100
|-weather|Snowscape|[from] ability: Snow Warning|[of] p2a: Froslass
|turn|5
|
|t:|1782189018
|switch|p1a: Farigiraf|Farigiraf, L50, F|35/100 frz
|move|p2a: Froslass|Blizzard|p1b: Mawile|[spread] p1a,p1b
|-resisted|p1b: Mawile|1
|-crit|p1b: Mawile
|-damage|p1a: Farigiraf|0 fnt
|-damage|p1b: Mawile|53/100
|faint|p1a: Farigiraf
|move|p1b: Mawile|Iron Head|p2a: Froslass
|-supereffective|p2a: Froslass|1
|-damage|p2a: Froslass|0 fnt
|faint|p2a: Froslass
|
|win|ThePrinceofNT
|raw|ThePrinceofNT's rating: 1142 → 1165(+23 for winning)
|raw|Lemon Creamery's rating: 1113 → 1090(-23 for losing)
|l|☆Lemon Creamery
|player|p2|
