|j|☆B_kck
|j|☆demolition derby 5
|html|B_kckdemolition derby 5    
|uhtml|bestof|Game 1 of a best-of-3
|t:|1757644641
|gametype|doubles
|player|p1|B_kck|giovanni|
|player|p2|demolition derby 5|101|
|gen|9
|tier|[Gen 9] VGC 2025 Reg H (Bo3)
|rule|Species Clause: Limit one of each Pokémon
|rule|Item Clause: Limit 1 of each item
|clearpoke
|poke|p1|Oranguru, L50, M|
|poke|p1|Torkoal, L50, M|
|poke|p1|Gholdengo, L50|
|poke|p1|Talonflame, L50, M|
|poke|p1|Incineroar, L50, F|
|poke|p1|Ursaluna, L50, F|
|poke|p2|Incineroar, L50, F|
|poke|p2|Blastoise, L50, M|
|poke|p2|Dondozo, L50, F|
|poke|p2|Emboar, L50, F|
|poke|p2|Golurk, L50|
|poke|p2|Greninja-*, L50, M|
|teampreview|4
|showteam|p1|Oranguru||RoomService|InnerFocus|TrickRoom,Protect,Reflect,LightScreen|||M|||50|,,,,,Steel]Torkoal||Charcoal|Drought|Eruption,Flamethrower,Protect,ScorchingSands|||M|||50|,,,,,Fire]Gholdengo||ChoiceSpecs|GoodasGold|MakeItRain,ShadowBall,FlashCannon,DazzlingGleam||||||50|,,,,,Steel]Talonflame||SharpBeak|GaleWings|BraveBird,Tailwind,FlareBlitz,Protect|||M|||50|,,,,,Fire]Incineroar||SitrusBerry|Intimidate|PartingShot,KnockOff,FakeOut,HelpingHand|||F|||50|,,,,,Fire]Ursaluna||FlameOrb|Guts|Protect,HeadlongRush,Earthquake,Facade|||F|||50|,,,,,Ground
|showteam|p2|Incineroar||SafetyGoggles|Intimidate|FlareBlitz,CloseCombat,Earthquake,DoubleEdge|||F|||50|,,,,,Fire]Blastoise||AssaultVest|Torrent|HydroPump,AquaJet,Blizzard,BrickBreak|||M|||50|,,,,,Water]Dondozo||ChoiceBand|Unaware|Earthquake,Avalanche,Bulldoze,WaveCrash|||F|||50|,,,,,Water]Emboar||LifeOrb|Reckless|CloseCombat,Earthquake,HighHorsepower,HeavySlam|||F|||50|,,,,,Fire]Golurk||ClearAmulet|IronFist|CloseCombat,Earthquake,ShadowPunch,FirePunch||||||50|,,,,,Ground]Greninja||MysticWater|Torrent|WaterShuriken,NightSlash,Acrobatics,BrickBreak|||M|||50|,,,,,Water
|
|t:|1757644664
|teamsize|p1|4
|teamsize|p2|4
|start
|switch|p1a: Oranguru|Oranguru, L50, M, shiny|100/100
|switch|p1b: Torkoal|Torkoal, L50, M, shiny|100/100
|switch|p2a: Blastoise|Blastoise, L50, M, shiny|100/100
|switch|p2b: Dondozo|Dondozo, L50, F|100/100
|-weather|SunnyDay|[from] ability: Drought|[of] p1b: Torkoal
|turn|1
|
|t:|1757644686
|-terastallize|p2a: Blastoise|Water
|move|p1b: Torkoal|Protect|p1b: Torkoal
|-singleturn|p1b: Torkoal|Protect
|move|p2a: Blastoise|Hydro Pump|p1b: Torkoal
|-activate|p1b: Torkoal|move: Protect
|move|p2b: Dondozo|Wave Crash|p1b: Torkoal
|-activate|p1b: Torkoal|move: Protect
|move|p1a: Oranguru|Trick Room|p1a: Oranguru
|-fieldstart|move: Trick Room|[of] p1a: Oranguru
|-enditem|p1a: Oranguru|Room Service
|-unboost|p1a: Oranguru|spe|1|[from] item: Room Service
|
|-weather|SunnyDay|[upkeep]
|upkeep
|turn|2
|
|t:|1757644711
|switch|p1b: Gholdengo|Gholdengo, L50|100/100
|move|p1a: Oranguru|Reflect|p1a: Oranguru
|-sidestart|p1: B_kck|Reflect
|move|p2b: Dondozo|Wave Crash|p1b: Gholdengo
|-damage|p1b: Gholdengo|75/100
|-damage|p2b: Dondozo|94/100|[from] Recoil
|move|p2a: Blastoise|Hydro Pump|p1b: Gholdengo
|-damage|p1b: Gholdengo|45/100
|
|-weather|SunnyDay|[upkeep]
|upkeep
|turn|3
|
|t:|1757644731
|-terastallize|p1b: Gholdengo|Steel
|move|p1a: Oranguru|Light Screen|p1a: Oranguru
|-sidestart|p1: B_kck|move: Light Screen
|move|p2b: Dondozo|Wave Crash|p1a: Oranguru
|-damage|p1a: Oranguru|71/100
|-damage|p2b: Dondozo|86/100|[from] Recoil
|move|p1b: Gholdengo|Make It Rain|p2b: Dondozo|[spread] p2a,p2b
|-resisted|p2a: Blastoise
|-resisted|p2b: Dondozo
|-damage|p2a: Blastoise|66/100
|-damage|p2b: Dondozo|35/100
|-unboost|p1b: Gholdengo|spa|1
|move|p2a: Blastoise|Brick Break|p1b: Gholdengo
|-sideend|p1: B_kck|Reflect
|-sideend|p1: B_kck|move: Light Screen
|-supereffective|p1b: Gholdengo
|-damage|p1b: Gholdengo|21/100
|
|-weather|SunnyDay|[upkeep]
|upkeep
|turn|4
|
|t:|1757644761
|move|p1a: Oranguru|Reflect|p1a: Oranguru
|-sidestart|p1: B_kck|Reflect
|move|p2b: Dondozo|Wave Crash|p1b: Gholdengo
|-damage|p1b: Gholdengo|0 fnt
|faint|p1b: Gholdengo
|-damage|p2b: Dondozo|30/100|[from] Recoil
|move|p2a: Blastoise|Brick Break|p1a: Oranguru
|-sideend|p1: B_kck|Reflect
|-damage|p1a: Oranguru|57/100
|
|-weather|SunnyDay|[upkeep]
|upkeep
|
|t:|1757644775
|switch|p1b: Ursaluna|Ursaluna, L50, F, shiny|100/100
|turn|5
|
|t:|1757644785
|move|p1a: Oranguru|Protect|p1a: Oranguru
|-singleturn|p1a: Oranguru|Protect
|move|p1b: Ursaluna|Protect|p1b: Ursaluna
|-singleturn|p1b: Ursaluna|Protect
|move|p2b: Dondozo|Wave Crash|p1b: Ursaluna
|-activate|p1b: Ursaluna|move: Protect
|move|p2a: Blastoise|Brick Break|p1b: Ursaluna
|-activate|p1b: Ursaluna|move: Protect
|
|-weather|none
|-fieldend|move: Trick Room
|-status|p1b: Ursaluna|brn|[from] item: Flame Orb
|upkeep
|turn|6
|
|t:|1757644807
|move|p2a: Blastoise|Brick Break|p1b: Ursaluna
|-supereffective|p1b: Ursaluna
|-damage|p1b: Ursaluna|82/100 brn
|move|p2b: Dondozo|Wave Crash|p1b: Ursaluna
|-supereffective|p1b: Ursaluna
|-damage|p1b: Ursaluna|0 fnt
|faint|p1b: Ursaluna
|-damage|p2b: Dondozo|5/100|[from] Recoil
|move|p1a: Oranguru|Trick Room|p1a: Oranguru
|-fieldstart|move: Trick Room|[of] p1a: Oranguru
|
|upkeep
|
|t:|1757644818
|switch|p1b: Torkoal|Torkoal, L50, M, shiny|100/100
|-weather|SunnyDay|[from] ability: Drought|[of] p1b: Torkoal
|turn|7
|
|t:|1757644832
|move|p1b: Torkoal|Eruption|p2b: Dondozo|[spread] p2a,p2b
|-resisted|p2a: Blastoise
|-resisted|p2b: Dondozo
|-damage|p2a: Blastoise|37/100
|-damage|p2b: Dondozo|0 fnt
|faint|p2b: Dondozo
|move|p1a: Oranguru|Reflect|p1a: Oranguru
|-sidestart|p1: B_kck|Reflect
|move|p2a: Blastoise|Hydro Pump|p1b: Torkoal
|-supereffective|p1b: Torkoal
|-damage|p1b: Torkoal|15/100
|
|-weather|SunnyDay|[upkeep]
|upkeep
|
|t:|1757644845
|switch|p2b: Greninja|Greninja, L50, M|100/100
|turn|8
|
|t:|1757644862
|move|p2b: Greninja|Water Shuriken|p1a: Oranguru
|-crit|p1a: Oranguru
|-damage|p1a: Oranguru|53/100
|-damage|p1a: Oranguru|51/100
|-damage|p1a: Oranguru|49/100
|-hitcount|p1a: Oranguru|3
|move|p1b: Torkoal|Flamethrower|p2a: Blastoise
|-resisted|p2a: Blastoise
|-damage|p2a: Blastoise|16/100
|move|p1a: Oranguru|Light Screen|p1a: Oranguru
|-sidestart|p1: B_kck|move: Light Screen
|move|p2a: Blastoise|Hydro Pump|p1b: Torkoal
|-supereffective|p1b: Torkoal
|-damage|p1b: Torkoal|0 fnt
|faint|p1b: Torkoal
|
|-weather|SunnyDay|[upkeep]
|upkeep
|turn|9
|-message|B_kck forfeited.
|
|win|demolition derby 5
|l|☆B_kck
|player|p1|
||B_kck is ready for game 2.
|inactive|demolition derby 5 has 30 seconds to confirm battle start!
||demolition derby 5 is ready for game 2.
|uhtml|next|Next: Game 2 of 3
