|j|☆scizormetimbers07
|j|☆taykheed007
|html|scizormetimbers07taykheed007    
|uhtml|bestof|Game 2 of a best-of-3
|t:|1783908192
|gametype|doubles
|player|p1|scizormetimbers07|gambler|
|player|p2|taykheed007|acetrainer-gen4dp|
|gen|9
|tier|[Gen 9 Champions] VGC 2026 Reg M-B (Bo3)
|rule|Species Clause: Limit one of each Pokémon
|rule|Item Clause: Limit 1 of each item
|clearpoke
|poke|p1|Blastoise, L50, F, shiny|
|poke|p1|Rotom, L50|
|poke|p1|Mudsdale, L50, M|
|poke|p1|Kangaskhan, L50, F, shiny|
|poke|p1|Whimsicott, L50, F|
|poke|p1|Sinistcha, L50, shiny|
|poke|p2|Blaziken, L50, M|
|poke|p2|Torkoal, L50, M|
|poke|p2|Lucario, L50, M|
|poke|p2|Tyranitar, L50, M|
|poke|p2|Rotom-Frost, L50, shiny|
|poke|p2|Greninja, L50, M, shiny|
|teampreview|4
|showteam|p1|Blastoise||Blastoisinite|RainDish|FakeOut,FlashCannon,WaterSpout,AuraSphere|Modest||F|||50|]Rotom||FocusSash|Levitate|Discharge,NastyPlot,Protect,VoltSwitch|Timid|||||50|]Mudsdale||Leftovers|Stamina|BodyPress,Earthquake,HeavySlam,Bulldoze|Impish||M|||50|]Kangaskhan||Kangaskhanite|Scrappy|BodySlam,DrainPunch,FakeOut,DoubleEdge|Jolly||F|||50|]Whimsicott||QuickClaw|Prankster|Moonblast,GigaDrain,Tailwind,FakeTears|Bold||F|||50|]Sinistcha||SitrusBerry|Hospitality|MatchaGotcha,Scald,LifeDew,RagePowder|Modest|||||50|
|showteam|p2|Blaziken||Blazikenite|SpeedBoost|Protect,FirePunch,CloseCombat,KnockOff|Adamant||M|||50|]Torkoal||Charcoal|Drought|Eruption,SelfDestruct,LavaPlume,ScorchingSands|Quiet||M|||50|]Lucario||Lucarionite|InnerFocus|AuraSphere,DarkPulse,FlashCannon,ExtremeSpeed|Hasty||M|||50|]Tyranitar||LifeOrb|SandStream|Earthquake,DragonClaw,RockSlide,KnockOff|Adamant||M|||50|]Rotom-Frost||Leftovers|Levitate|Thunderbolt,NastyPlot,ShadowBall,Reflect|Modest|||||50|]Greninja||Greninjite|Protean|IceBeam,WaterShuriken,SludgeWave,Extrasensory|Timid||M|||50|
|
|t:|1783908243
|teamsize|p1|4
|teamsize|p2|4
|start
|switch|p1a: Kangaskhan|Kangaskhan, L50, F, shiny|100/100
|switch|p1b: Whimsicott|Whimsicott, L50, F|100/100
|switch|p2a: Lucario|Lucario, L50, M|100/100
|switch|p2b: Tyranitar|Tyranitar, L50, M|100/100
|-weather|Sandstorm|[from] ability: Sand Stream|[of] p2b: Tyranitar
|turn|1
|-activate|p1b: Whimsicott|item: Quick Claw
|
|t:|1783908265
|move|p1a: Kangaskhan|Fake Out|p2b: Tyranitar
|-resisted|p2b: Tyranitar|1
|-damage|p2b: Tyranitar|93/100
|move|p2a: Lucario|Extreme Speed|p1b: Whimsicott
|-damage|p1b: Whimsicott|78/100
|move|p1b: Whimsicott|Tailwind|p1b: Whimsicott
|-sidestart|p1: scizormetimbers07|move: Tailwind
|cant|p2b: Tyranitar|flinch
|
|-weather|Sandstorm|[upkeep]
|-damage|p1a: Kangaskhan|93/100|[from] Sandstorm
|-damage|p1b: Whimsicott|72/100|[from] Sandstorm
|upkeep
|turn|2
|
|t:|1783908290
|move|p1b: Whimsicott|Fake Tears|p2a: Lucario
|-unboost|p2a: Lucario|spd|2
|move|p1a: Kangaskhan|Drain Punch|p2b: Tyranitar
|-supereffective|p2b: Tyranitar|2
|-damage|p2b: Tyranitar|26/100
|-heal|p1a: Kangaskhan|100/100|[from] drain|[of] p2b: Tyranitar
|move|p2a: Lucario|Dark Pulse|p1b: Whimsicott
|-resisted|p1b: Whimsicott|1
|-damage|p1b: Whimsicott|56/100
|move|p2b: Tyranitar|Knock Off|p1a: Kangaskhan
|-damage|p1a: Kangaskhan|42/100
|-damage|p2b: Tyranitar|16/100|[from] item: Life Orb
|
|-weather|Sandstorm|[upkeep]
|-damage|p1a: Kangaskhan|36/100|[from] Sandstorm
|-damage|p1b: Whimsicott|50/100g|[from] Sandstorm
|upkeep
|turn|3
|
|t:|1783908321
|detailschange|p1a: Kangaskhan|Kangaskhan-Mega, L50, F, shiny
|-mega|p1a: Kangaskhan|Kangaskhan|Kangaskhanite
|move|p1a: Kangaskhan|Drain Punch|p2a: Lucario
|-supereffective|p2a: Lucario|1
|-damage|p2a: Lucario|6/100
|-heal|p1a: Kangaskhan|73/100|[from] drain|[of] p2a: Lucario
|-supereffective|p2a: Lucario|1
|-damage|p2a: Lucario|0 fnt
|-heal|p1a: Kangaskhan|76/100|[from] drain|[of] p2a: Lucario
|faint|p2a: Lucario
|-hitcount|p2: Lucario|2
|move|p1b: Whimsicott|Moonblast|p2b: Tyranitar
|-supereffective|p2b: Tyranitar|1
|-damage|p2b: Tyranitar|0 fnt
|faint|p2b: Tyranitar
|
|-weather|Sandstorm|[upkeep]
|-damage|p1a: Kangaskhan|70/100|[from] Sandstorm
|-damage|p1b: Whimsicott|44/100|[from] Sandstorm
|upkeep
|
|t:|1783908340
|switch|p2a: Blaziken|Blaziken, L50, M|100/100
|switch|p2b: Torkoal|Torkoal, L50, M|100/100
|-weather|SunnyDay|[from] ability: Drought|[of] p2b: Torkoal
|turn|4
|
|t:|1783908370
|move|p1b: Whimsicott|Fake Tears|p2a: Blaziken
|-unboost|p2a: Blaziken|spd|2
|move|p1a: Kangaskhan|Body Slam|p2b: Torkoal
|-damage|p2b: Torkoal|68/100
|-crit|p2b: Torkoal
|-damage|p2b: Torkoal|56/100
|-status|p2b: Torkoal|par
|-hitcount|p2b: Torkoal|2
|move|p2a: Blaziken|Close Combat|p1a: Kangaskhan
|-supereffective|p1a: Kangaskhan|1
|-damage|p1a: Kangaskhan|0 fnt
|-unboost|p2a: Blaziken|def|1
|-unboost|p2a: Blaziken|spd|1
|faint|p1a: Kangaskhan
|move|p2b: Torkoal|Eruption|p1b: Whimsicott
|-supereffective|p1b: Whimsicott|1
|-damage|p1b: Whimsicott|0 fnt
|faint|p1b: Whimsicott
|
|-weather|SunnyDay|[upkeep]
|-sideend|p1: scizormetimbers07|move: Tailwind
|-ability|p2a: Blaziken|Speed Boost|boost
|-boost|p2a: Blaziken|spe|1
|upkeep
|
|t:|1783908391
|switch|p1a: Mudsdale|Mudsdale, L50, M|100/100
|switch|p1b: Sinistcha|Sinistcha, L50, shiny|100/100
|turn|5
|
|t:|1783908407
|move|p1b: Sinistcha|Rage Powder|p1b: Sinistcha
|-singleturn|p1b: Sinistcha|move: Rage Powder
|move|p2a: Blaziken|Close Combat|p1b: Sinistcha
|-immune|p1b: Sinistcha
|move|p1a: Mudsdale|Bulldoze|p2a: Blaziken|[spread] p1b,p2a,p2b
|-resisted|p1b: Sinistcha|1
|-supereffective|p2a: Blaziken|1
|-supereffective|p2b: Torkoal|1
|-damage|p1b: Sinistcha|91/100
|-damage|p2a: Blaziken|14/100
|-damage|p2b: Torkoal|28/100 par
|-unboost|p1b: Sinistcha|spe|1
|-unboost|p2a: Blaziken|spe|1
|-unboost|p2b: Torkoal|spe|1
|move|p2b: Torkoal|Eruption|p1a: Mudsdale|[spread] p1a,p1b
|-supereffective|p1b: Sinistcha|1
|-damage|p1a: Mudsdale|82/100
|-damage|p1b: Sinistcha|46/100
|-ability|p1a: Mudsdale|Stamina|boost
|-boost|p1a: Mudsdale|def|1
|-enditem|p1b: Sinistcha|Sitrus Berry|[eat]
|-heal|p1b: Sinistcha|71/100|[from] item: Sitrus Berry
|
|-weather|SunnyDay|[upkeep]
|-heal|p1a: Mudsdale|87/100|[from] item: Leftovers
|-ability|p2a: Blaziken|Speed Boost|boost
|-boost|p2a: Blaziken|spe|1
|upkeep
|turn|6
|
|t:|1783908433
|move|p1b: Sinistcha|Rage Powder|p1b: Sinistcha
|-singleturn|p1b: Sinistcha|move: Rage Powder
|move|p2a: Blaziken|Close Combat|p1b: Sinistcha
|-immune|p1b: Sinistcha
|move|p1a: Mudsdale|Bulldoze|p2b: Torkoal|[spread] p1b,p2a,p2b
|-resisted|p1b: Sinistcha|1
|-supereffective|p2a: Blaziken|1
|-supereffective|p2b: Torkoal|1
|-damage|p1b: Sinistcha|62/100
|-damage|p2a: Blaziken|0 fnt
|-damage|p2b: Torkoal|0 fnt
|-unboost|p1b: Sinistcha|spe|1
|faint|p2a: Blaziken
|faint|p2b: Torkoal
|
|win|scizormetimbers07
|l|☆taykheed007
|player|p2|
