|j|â˜†thebeast4895
|j|â˜†sum1dum
|html|thebeast4895sum1dum    
|uhtml|bestof|Game 1 of a best-of-3
|t:|1784046952
|gametype|doubles
|player|p1|thebeast4895|101|1178
|player|p2|sum1dum|rosa|1176
|gen|9
|tier|[Gen 9 Champions] VGC 2026 Reg M-B (Bo3)
|rated|
|rule|Species Clause: Limit one of each PokÃ©mon
|rule|Item Clause: Limit 1 of each item
|clearpoke
|poke|p1|Sinistcha, L50, shiny|
|poke|p1|Drampa, L50, M, shiny|
|poke|p1|Farigiraf, L50, F|
|poke|p1|Staraptor, L50, F|
|poke|p1|Kingambit, L50, F, shiny|
|poke|p1|Milotic, L50, F, shiny|
|poke|p2|Gliscor, L50, F|
|poke|p2|Primarina, L50, F|
|poke|p2|Metagross, L50|
|poke|p2|Ninetales-Alola, L50, F|
|poke|p2|Incineroar, L50, M|
|poke|p2|Sinistcha, L50|
|teampreview|4
|showteam|p1|Sinistcha||SitrusBerry|Hospitality|Protect,MatchaGotcha,RagePowder,TrickRoom|Modest|||||50|]Drampa||Drampanite|CloudNine|Protect,CalmMind,EarthPower,HyperVoice|Quiet||M|||50|]Farigiraf||ColburBerry|ArmorTail|Protect,Psychic,HelpingHand,TrickRoom|Bold||F|||50|]Staraptor||Staraptite|Intimidate|Protect,BraveBird,CloseCombat,Roost|Adamant||F|||50|]Kingambit||FocusSash|Defiant|LowKick,IronHead,KowtowCleave,SuckerPunch|Adamant||F|||50|]Milotic||Leftovers|Competitive|Protect,IceBeam,MuddyWater,Scald|Modest||F|||50|
|showteam|p2|Gliscor||LifeOrb|HyperCutter|DualWingbeat,HighHorsepower,Protect,RockSlide|Jolly||F|||50|]Primarina||Leftovers|LiquidVoice|CalmMind,HyperVoice,Moonblast,Protect|Modest||F|||50|]Metagross||Metagrossite|ClearBody|BulletPunch,IronHead,Protect,PsychicFangs|Jolly|||||50|]Ninetales-Alola||LightClay|SnowWarning|AuroraVeil,FreezeDry,Moonblast,Protect|Timid||F|||50|]Incineroar||ChopleBerry|Intimidate|FakeOut,FlareBlitz,DarkestLariat,PartingShot|Impish||M|||50|]Sinistcha||SitrusBerry|Hospitality|MatchaGotcha,Protect,LifeDew,RagePowder|Bold|||||50|
|inactive|Battle timer is ON: inactive players will automatically lose when time's up. (requested by sum1dum)
|c|â˜†thebeast4895|eeyy
|c|â˜†thebeast4895|im back with smthn new
|c|â˜†thebeast4895|faced u in the tourney in vgc
|inactive|thebeast4895 has 60 seconds left.
|inactive|sum1dum has 60 seconds left.
|
|t:|1784046999
|teamsize|p1|4
|teamsize|p2|4
|start
|switch|p1a: Drampa|Drampa, L50, M, shiny|100/100
|switch|p1b: Farigiraf|Farigiraf, L50, F|100/100
|switch|p2a: Bravery|Gliscor, L50, F|100/100
|switch|p2b: Integrity|Ninetales-Alola, L50, F|100/100
|-weather|Snowscape|[from] ability: Snow Warning|[of] p2b: Integrity
|-ability|p1a: Drampa|Cloud Nine
|turn|1
|c|â˜†sum1dum|I like the new team
|c|â˜†thebeast4895|me to so far
|inactive|sum1dum has 30 seconds left.
|c|â˜†thebeast4895|drampas a bit off
|inactive|sum1dum has 20 seconds left.
|c|â˜†thebeast4895|but it works good into both sun and rain teams
|
|t:|1784047038
|move|p2b: Integrity|Aurora Veil||[still]
|-fail|p2b: Integrity
|move|p2a: Bravery|High Horsepower|p1b: Farigiraf
|-damage|p1b: Farigiraf|58/100
|-damage|p2a: Bravery|90/100|[from] item: Life Orb
|move|p1a: Drampa|Calm Mind|p1a: Drampa
|-boost|p1a: Drampa|spa|1
|-boost|p1a: Drampa|spd|1
|move|p1b: Farigiraf|Trick Room|p1b: Farigiraf
|-fieldstart|move: Trick Room|[of] p1b: Farigiraf
|
|-weather|Snowscape|[upkeep]
|upkeep
|turn|2
|c|â˜†sum1dum|I may be stupid
|c|â˜†thebeast4895|lmao
|
|t:|1784047062
|detailschange|p1a: Drampa|Drampa-Mega, L50, M, shiny
|-mega|p1a: Drampa|Drampa|Drampanite
|move|p1b: Farigiraf|Helping Hand|p1a: Drampa
|-singleturn|p1a: Drampa|Helping Hand|[of] p1b: Farigiraf
|move|p1a: Drampa|Hyper Voice|p2b: Integrity|[spread] p2a,p2b
|-damage|p2a: Bravery|0 fnt
|-damage|p2b: Integrity|0 fnt
|faint|p2a: Bravery
|faint|p2b: Integrity
|
|-weather|Snowscape|[upkeep]
|upkeep
|
|t:|1784047066
|switch|p2a: Patience|Primarina, L50, F|100/100
|switch|p2b: Kindness|Sinistcha, L50|100/100
|turn|3
|c|â˜†thebeast4895|bop
|
|t:|1784047081
|move|p1b: Farigiraf|Helping Hand|p1a: Drampa
|-singleturn|p1a: Drampa|Helping Hand|[of] p1b: Farigiraf
|move|p1a: Drampa|Hyper Voice|p2a: Patience|[spread] p2a
|-immune|p2b: Kindness
|-damage|p2a: Patience|11/100
|move|p2a: Patience|Moonblast|p1a: Drampa
|-supereffective|p1a: Drampa|1
|-crit|p1a: Drampa
|-damage|p1a: Drampa|0 fnt
|faint|p1a: Drampa
|move|p2b: Kindness|Matcha Gotcha|p1b: Farigiraf
|-damage|p1b: Farigiraf|25/100
|
|-weather|Snowscape|[upkeep]
|-heal|p2a: Patience|17/100|[from] item: Leftovers
|upkeep
|c|â˜†thebeast4895|crits insane
|c|â˜†thebeast4895|dang
|
|t:|1784047097
|switch|p1a: Sinistcha|Sinistcha, L50, shiny|100/100
|-heal|p1b: Farigiraf|50/100g|[from] ability: Hospitality|[of] p1a: Sinistcha
|turn|4
|
|t:|1784047102
|move|p2a: Patience|Protect|p2a: Patience
|-singleturn|p2a: Patience|Protect
|move|p1b: Farigiraf|Psychic|p2a: Patience
|-activate|p2a: Patience|move: Protect
|move|p2b: Kindness|Life Dew||[still]|[spread] p2a,p2b
|-heal|p2a: Patience|42/100
|-fail|p2b: Kindness|heal
|move|p1a: Sinistcha|Matcha Gotcha|p2a: Patience|[spread] p2b
|-activate|p2a: Patience|move: Protect
|-resisted|p2b: Kindness|1
|-damage|p2b: Kindness|87/100
|
|-weather|Snowscape|[upkeep]
|-heal|p2a: Patience|48/100|[from] item: Leftovers
|upkeep
|turn|5
|
|t:|1784047110
|move|p1b: Farigiraf|Helping Hand|p1a: Sinistcha
|-singleturn|p1a: Sinistcha|Helping Hand|[of] p1b: Farigiraf
|move|p2a: Patience|Calm Mind|p2a: Patience
|-boost|p2a: Patience|spa|1
|-boost|p2a: Patience|spd|1
|move|p2b: Kindness|Life Dew|p2b: Kindness|[spread] p2a,p2b
|-heal|p2a: Patience|73/100
|-heal|p2b: Kindness|100/100
|move|p1a: Sinistcha|Matcha Gotcha|p2b: Kindness|[spread] p2a,p2b
|-supereffective|p2a: Patience|1
|-resisted|p2b: Kindness|1
|-damage|p2a: Patience|32/100
|-damage|p2b: Kindness|78/100
|-status|p2b: Kindness|brn
|
|-weather|none
|-heal|p2a: Patience|37/100|[from] item: Leftovers
|-damage|p2b: Kindness|72/100 brn|[from] brn
|-fieldend|move: Trick Room
|upkeep
|turn|6
|
|t:|1784047124
|move|p1b: Farigiraf|Helping Hand|p1a: Sinistcha
|-singleturn|p1a: Sinistcha|Helping Hand|[of] p1b: Farigiraf
|move|p2a: Patience|Protect|p2a: Patience
|-singleturn|p2a: Patience|Protect
|move|p1a: Sinistcha|Matcha Gotcha|p2b: Kindness|[spread] p2b
|-activate|p2a: Patience|move: Protect
|-resisted|p2b: Kindness|1
|-damage|p2b: Kindness|51/100 brn
|move|p2b: Kindness|Life Dew|p2b: Kindness|[spread] p2a,p2b
|-heal|p2a: Patience|63/100
|-heal|p2b: Kindness|76/100 brn
|
|-heal|p2a: Patience|68/100|[from] item: Leftovers
|-damage|p2b: Kindness|70/100 brn|[from] brn
|upkeep
|turn|7
|
|t:|1784047137
|move|p1b: Farigiraf|Helping Hand|p1a: Sinistcha
|-singleturn|p1a: Sinistcha|Helping Hand|[of] p1b: Farigiraf
|move|p1a: Sinistcha|Matcha Gotcha|p2a: Patience|[spread] p2b
|-miss|p1a: Sinistcha|p2a: Patience
|-resisted|p2b: Kindness|1
|-damage|p2b: Kindness|51/100 brn
|move|p2b: Kindness|Matcha Gotcha|p1a: Sinistcha|[spread] p1a,p1b
|-resisted|p1a: Sinistcha|1
|-damage|p1a: Sinistcha|88/100
|-heal|p2b: Kindness|56/100 brn|[from] drain|[of] p1a: Sinistcha
|-damage|p1b: Farigiraf|25/100
|-heal|p2b: Kindness|73/100 brn|[from] drain|[of] p1b: Farigiraf
|move|p2a: Patience|Moonblast|p1a: Sinistcha
|-damage|p1a: Sinistcha|19/100
|-enditem|p1a: Sinistcha|Sitrus Berry|[eat]
|-heal|p1a: Sinistcha|43/100|[from] item: Sitrus Berry
|
|-heal|p2a: Patience|74/100|[from] item: Leftovers
|-damage|p2b: Kindness|66/100 brn|[from] brn
|upkeep
|turn|8
|
|t:|1784047157
|move|p1b: Farigiraf|Helping Hand|p1a: Sinistcha
|-singleturn|p1a: Sinistcha|Helping Hand|[of] p1b: Farigiraf
|move|p1a: Sinistcha|Matcha Gotcha|p2b: Kindness|[spread] p2a,p2b
|-supereffective|p2a: Patience|1
|-crit|p2a: Patience
|-resisted|p2b: Kindness|1
|-damage|p2a: Patience|0 fnt
|-heal|p1a: Sinistcha|83/100|[from] drain|[of] p2a: Patience
|-damage|p2b: Kindness|47/100 brn
|-heal|p1a: Sinistcha|93/100|[from] drain|[of] p2b: Kindness
|-enditem|p2b: Kindness|Sitrus Berry|[eat]
|-heal|p2b: Kindness|71/100 brn|[from] item: Sitrus Berry
|faint|p2a: Patience
|move|p2b: Kindness|Matcha Gotcha|p1b: Farigiraf|[spread] p1a,p1b
|-resisted|p1a: Sinistcha|1
|-damage|p1a: Sinistcha|81/100
|-heal|p2b: Kindness|78/100 brn|[from] drain|[of] p1a: Sinistcha
|-damage|p1b: Farigiraf|1/100
|-heal|p2b: Kindness|94/100 brn|[from] drain|[of] p1b: Farigiraf
|
|-damage|p2b: Kindness|88/100 brn|[from] brn
|upkeep
|turn|9
|c|â˜†thebeast4895|crit for a crit ig
|-message|sum1dum forfeited.
|
|win|thebeast4895
