|j|☆lilrainteamwahoo
|j|☆archyx
|html|lilrainteamwahooarchyx    
|uhtml|bestof|Game 3 of a best-of-3
|t:|1757000689
|gametype|doubles
|player|p1|lilrainteamwahoo|baker|1102
|player|p2|archyx|ethan|1213
|gen|9
|tier|[Gen 9] VGC 2025 Reg H (Bo3)
|rated|
|rule|Species Clause: Limit one of each Pokémon
|rule|Item Clause: Limit 1 of each item
|clearpoke
|poke|p1|Archaludon, L50, M|
|poke|p1|Pelipper, L50, M|
|poke|p1|Indeedee, L50, M|
|poke|p1|Amoonguss, L50, F|
|poke|p1|Basculegion, L50, M|
|poke|p1|Hydreigon, L50, F|
|poke|p2|Sneasler, L50, F|
|poke|p2|Indeedee, L50, M|
|poke|p2|Ursaluna-Bloodmoon, L50, M|
|poke|p2|Talonflame, L50, F|
|poke|p2|Electabuzz, L50, M|
|poke|p2|Hydreigon, L50, M|
|teampreview|4
|showteam|p1|Archaludon||AssaultVest|Stamina|ElectroShot,DracoMeteor,BodyPress,FlashCannon|||M|||50|,,,,,Grass]Pelipper||FocusSash|Drizzle|WeatherBall,Hurricane,Tailwind,Protect|||M|||50|,,,,,Ghost]Indeedee||ChoiceScarf|PsychicSurge|ExpandingForce,TeraBlast,Trick,DazzlingGleam|||M|||50|,,,,,Ground]Amoonguss||SitrusBerry|Regenerator|Spore,SludgeBomb,Protect,RagePowder|||F|||50|,,,,,Water]Basculegion||ChoiceBand|SwiftSwim|FlipTurn,WaveCrash,LastRespects,AquaJet|||M|||50|,,,,,Poison]Hydreigon||CovertCloak|Levitate|Taunt,Snarl,DracoMeteor,EarthPower|||F|||50|,,,,,Fairy
|showteam|p2|Sneasler||PsychicSeed|Unburden|Protect,CloseCombat,DireClaw,ThroatChop|||F|||50|,,,,,Dark]Indeedee||FocusSash|PsychicSurge|ExpandingForce,Protect,TrickRoom,HelpingHand|||M|||50|,,,,,Psychic]Ursaluna-Bloodmoon||LifeOrb|MindsEye|Protect,HyperVoice,EarthPower,BloodMoon|||M|||50|,,,,,Normal]Talonflame||CovertCloak|GaleWings|Tailwind,DualWingbeat,Taunt,WillOWisp|||F|||50|,,,,,Stellar]Electabuzz||Eviolite|VitalSpirit|Taunt,FollowMe,Protect,Electroweb|||M|||50|,,,,,Fairy]Hydreigon||ChoiceSpecs|Levitate|HeatWave,DracoMeteor,DarkPulse,Snarl|||M|||50|,,,,,Fire
|
|t:|1757000729
|teamsize|p1|4
|teamsize|p2|4
|start
|switch|p1a: Empire|Basculegion, L50, M|100/100
|switch|p1b: Smellypper|Pelipper, L50, M|100/100
|switch|p2a: Indeedee|Indeedee, L50, M|100/100
|switch|p2b: Sneasler|Sneasler, L50, F|100/100
|-fieldstart|move: Psychic Terrain|[from] ability: Psychic Surge|[of] p2a: Indeedee
|-enditem|p2b: Sneasler|Psychic Seed
|-boost|p2b: Sneasler|spd|1|[from] item: Psychic Seed
|-weather|RainDance|[from] ability: Drizzle|[of] p1b: Smellypper
|turn|1
|inactive|Battle timer is ON: inactive players will automatically lose when time's up. (requested by archyx)
|
|t:|1757000760
|-terastallize|p2a: Indeedee|Psychic
|move|p2b: Sneasler|Dire Claw|p1b: Smellypper
|-damage|p1b: Smellypper|45/100
|-status|p1b: Smellypper|par
|move|p1a: Empire|Wave Crash|p2b: Sneasler
|-damage|p2b: Sneasler|0 fnt
|faint|p2b: Sneasler
|-damage|p1a: Empire|74/100|[from] Recoil
|move|p2a: Indeedee|Expanding Force|p1b: Smellypper|[spread] p1a,p1b
|-crit|p1a: Empire
|-damage|p1a: Empire|0 fnt
|-damage|p1b: Smellypper|0 fnt
|faint|p1a: Empire
|faint|p1b: Smellypper
|
|-weather|RainDance|[upkeep]
|upkeep
|
|t:|1757000784
|switch|p2b: Hydreigon|Hydreigon, L50, M|100/100
|switch|p1a: Arching|Archaludon, L50, M|100/100
|switch|p1b: Piedragon|Hydreigon, L50, F|100/100
|turn|2
|inactive|archyx has 30 seconds left.
|inactive|archyx has 20 seconds left.
|inactive|archyx has 15 seconds left.
|inactive|archyx has 10 seconds left.
|inactive|archyx has 5 seconds left.
|
|t:|1757000837
|-terastallize|p1b: Piedragon|Fairy
|move|p2a: Indeedee|Protect|p2a: Indeedee
|-singleturn|p2a: Indeedee|Protect
|move|p2b: Hydreigon|Draco Meteor|p1b: Piedragon
|-immune|p1b: Piedragon
|move|p1b: Piedragon|Snarl|p2b: Hydreigon|[spread] p2b
|-activate|p2a: Indeedee|move: Protect
|-resisted|p2b: Hydreigon
|-damage|p2b: Hydreigon|90/100
|-unboost|p2b: Hydreigon|spa|1
|move|p1a: Arching|Electro Shot||[still]
|-prepare|p1a: Arching|Electro Shot
|-boost|p1a: Arching|spa|1
|-anim|p1a: Arching|Electro Shot|p2a: Indeedee
|-activate|p2a: Indeedee|move: Protect
|
|-weather|RainDance|[upkeep]
|upkeep
|turn|3
|inactive|archyx has 30 seconds left.
|
|t:|1757000866
|switch|p2b: Electabuzz|Electabuzz, L50, M|100/100
|move|p2a: Indeedee|Expanding Force|p1a: Arching|[spread] p1a,p1b
|-resisted|p1a: Arching
|-damage|p1a: Arching|78/100
|-damage|p1b: Piedragon|22/100
|-ability|p1a: Arching|Stamina|boost
|-boost|p1a: Arching|def|1
|move|p1b: Piedragon|Snarl|p2b: Electabuzz|[spread] p2a,p2b
|-supereffective|p2a: Indeedee
|-damage|p2a: Indeedee|52/100
|-damage|p2b: Electabuzz|86/100
|-unboost|p2a: Indeedee|spa|1
|-unboost|p2b: Electabuzz|spa|1
|move|p1a: Arching|Electro Shot||[still]
|-prepare|p1a: Arching|Electro Shot
|-boost|p1a: Arching|spa|1
|-anim|p1a: Arching|Electro Shot|p2a: Indeedee
|-damage|p2a: Indeedee|0 fnt
|faint|p2a: Indeedee
|
|-weather|RainDance|[upkeep]
|upkeep
|
|t:|1757000883
|switch|p2a: Hydreigon|Hydreigon, L50, M|90/100
|turn|4
|
|t:|1757000900
|move|p2b: Electabuzz|Follow Me|p2b: Electabuzz
|-singleturn|p2b: Electabuzz|move: Follow Me
|move|p2a: Hydreigon|Heat Wave|p1a: Arching|[spread] p1a,p1b
|-damage|p1a: Arching|66/100
|-damage|p1b: Piedragon|3/100
|-ability|p1a: Arching|Stamina|boost
|-boost|p1a: Arching|def|1
|move|p1b: Piedragon|Snarl|p2b: Electabuzz|[spread] p2a,p2b
|-resisted|p2a: Hydreigon
|-damage|p2a: Hydreigon|80/100
|-damage|p2b: Electabuzz|71/100
|-unboost|p2a: Hydreigon|spa|1
|-unboost|p2b: Electabuzz|spa|1
|move|p1a: Arching|Draco Meteor|p2b: Electabuzz
|-damage|p2b: Electabuzz|0 fnt
|-unboost|p1a: Arching|spa|2
|faint|p2b: Electabuzz
|
|-weather|RainDance|[upkeep]
|upkeep
|turn|5
|c|☆lilrainteamwahoo|gg
|
|t:|1757000917
|move|p2a: Hydreigon|Heat Wave|p1b: Piedragon|[spread] p1a,p1b
|-damage|p1a: Arching|59/100
|-damage|p1b: Piedragon|0 fnt
|-ability|p1a: Arching|Stamina|boost
|-boost|p1a: Arching|def|1
|faint|p1b: Piedragon
|move|p1a: Arching|Body Press|p2a: Hydreigon
|-supereffective|p2a: Hydreigon
|-damage|p2a: Hydreigon|0 fnt
|faint|p2a: Hydreigon
|
|win|lilrainteamwahoo
|raw|lilrainteamwahoo's rating: 1102 → 1135(+33 for winning)
|raw|archyx's rating: 1213 → 1180(-33 for losing)
|l|☆archyx
|player|p2|
