|j|☆Park2
|j|☆ZekromAllDay
|html|Park2ZekromAllDay    
|uhtml|bestof|Game 1 of a best-of-3
|t:|1757786153
|gametype|doubles
|player|p1|Park2|1|1340
|player|p2|ZekromAllDay|170|1229
|gen|9
|tier|[Gen 9] VGC 2025 Reg H (Bo3)
|rated|
|rule|Species Clause: Limit one of each Pokémon
|rule|Item Clause: Limit 1 of each item
|clearpoke
|poke|p1|Gholdengo, L50|
|poke|p1|Incineroar, L50, M|
|poke|p1|Pelipper, L50, F|
|poke|p1|Basculegion, L50, M|
|poke|p1|Archaludon, L50, F|
|poke|p1|Amoonguss, L50, F|
|poke|p2|Basculegion, L50, M|
|poke|p2|Dragonite, L50, M|
|poke|p2|Indeedee, L50, M|
|poke|p2|Sneasler, L50, M|
|poke|p2|Volcarona, L50, M|
|poke|p2|Electrode-Hisui, L50|
|teampreview|4
|showteam|p1|Gholdengo||LifeOrb|GoodasGold|MakeItRain,ShadowBall,NastyPlot,Protect||||||50|,,,,,Water]Incineroar||RockyHelmet|Intimidate|KnockOff,Taunt,FakeOut,PartingShot|||M|||50|,,,,,Ghost]Pelipper||FocusSash|Drizzle|Hurricane,WeatherBall,Tailwind,Protect|||F|||50|,,,,,Ground]Basculegion||ChoiceBand|SwiftSwim|WaveCrash,LastRespects,FlipTurn,AquaJet|||M|||50|,,,,,Water]Archaludon||AssaultVest|Stamina|ElectroShot,DragonPulse,FlashCannon,BodyPress|||F|||50|,,,,,Bug]Amoonguss||SitrusBerry|Regenerator|PollenPuff,Protect,RagePowder,Spore|||F|||50|,,,,,Fairy
|showteam|p2|Basculegion||ChoiceScarf|Adaptability|WaveCrash,LastRespects,AquaJet,FlipTurn|||M|||50|,,,,,Grass]Dragonite||LoadedDice|InnerFocus|ScaleShot,Tailwind,Haze,Protect|||M|||50|,,,,,Fairy]Indeedee||FocusSash|PsychicSurge|ExpandingForce,TrickRoom,TeraBlast,Protect|||M|||50|,,,,,Fighting]Sneasler||PsychicSeed|Unburden|CloseCombat,ThroatChop,DireClaw,Protect|||M|||50|,,,,,Dark]Volcarona||CovertCloak|FlameBody|QuiverDance,HeatWave,TeraBlast,Protect|||M|||50|,,,,,Fairy]Electrode-Hisui||SitrusBerry|Soundproof|Electroweb,VoltSwitch,Taunt,Protect||||||50|,,,,,Electric
|inactive|Battle timer is ON: inactive players will automatically lose when time's up. (requested by ZekromAllDay)
|
|t:|1757786212
|teamsize|p1|4
|teamsize|p2|4
|start
|switch|p1a: Basculegion|Basculegion, L50, M|100/100
|switch|p1b: Pelipper|Pelipper, L50, F|100/100
|switch|p2a: Electrode|Electrode-Hisui, L50|100/100
|switch|p2b: Indeedee|Indeedee, L50, M|100/100
|-fieldstart|move: Psychic Terrain|[from] ability: Psychic Surge|[of] p2b: Indeedee
|-weather|RainDance|[from] ability: Drizzle|[of] p1b: Pelipper
|turn|1
|inactive|Park2 has 30 seconds left.
|
|t:|1757786246
|move|p1a: Basculegion|Wave Crash|p2a: Electrode
|-resisted|p2a: Electrode
|-damage|p2a: Electrode|9/100
|-enditem|p2a: Electrode|Sitrus Berry|[eat]
|-heal|p2a: Electrode|34/100|[from] item: Sitrus Berry
|-damage|p1a: Basculegion|75/100|[from] Recoil
|move|p2a: Electrode|Electroweb|p1a: Basculegion|[spread] p1a,p1b
|-supereffective|p1a: Basculegion
|-supereffective|p1b: Pelipper
|-damage|p1a: Basculegion|47/100
|-damage|p1b: Pelipper|9/100
|-unboost|p1a: Basculegion|spe|1
|-unboost|p1b: Pelipper|spe|1
|move|p2b: Indeedee|Expanding Force|p1b: Pelipper|[spread] p1a,p1b
|-damage|p1a: Basculegion|0 fnt
|-damage|p1b: Pelipper|0 fnt
|faint|p1a: Basculegion
|faint|p1b: Pelipper
|
|-weather|RainDance|[upkeep]
|upkeep
|
|t:|1757786256
|switch|p1a: Archaludon|Archaludon, L50, F|100/100
|switch|p1b: Incineroar|Incineroar, L50, M|100/100
|-ability|p1b: Incineroar|Intimidate|boost
|-unboost|p2a: Electrode|atk|1
|-unboost|p2b: Indeedee|atk|1
|turn|2
|inactive|ZekromAllDay has 30 seconds left.
|
|t:|1757786289
|-terastallize|p2b: Indeedee|Fighting
|move|p2a: Electrode|Volt Switch|p1b: Incineroar
|-damage|p1b: Incineroar|84/100
|
|t:|1757786293
|switch|p2a: Sneasler|Sneasler, L50, M|100/100|[from] Volt Switch
|-enditem|p2a: Sneasler|Psychic Seed
|-boost|p2a: Sneasler|spd|1|[from] item: Psychic Seed
|move|p2b: Indeedee|Tera Blast|p1b: Incineroar|[anim] Tera Blast Fighting
|-supereffective|p1b: Incineroar
|-damage|p1b: Incineroar|21/100
|move|p1a: Archaludon|Electro Shot||[still]
|-prepare|p1a: Archaludon|Electro Shot
|-boost|p1a: Archaludon|spa|1
|-anim|p1a: Archaludon|Electro Shot|p2b: Indeedee
|-damage|p2b: Indeedee|17/100
|move|p1b: Incineroar|Knock Off|p2b: Indeedee
|-resisted|p2b: Indeedee
|-damage|p2b: Indeedee|0 fnt
|-enditem|p2b: Indeedee|Focus Sash|[from] move: Knock Off|[of] p1b: Incineroar
|faint|p2b: Indeedee
|
|-weather|RainDance|[upkeep]
|upkeep
|
|t:|1757786307
|switch|p2b: Basculegion|Basculegion, L50, M|100/100
|turn|3
|
|t:|1757786325
|switch|p2b: Electrode|Electrode-Hisui, L50|34/100
|-terastallize|p1a: Archaludon|Bug
|move|p2a: Sneasler|Close Combat|p1b: Incineroar
|-supereffective|p1b: Incineroar
|-damage|p1b: Incineroar|0 fnt
|-unboost|p2a: Sneasler|def|1
|-unboost|p2a: Sneasler|spd|1
|-damage|p2a: Sneasler|84/100|[from] item: Rocky Helmet|[of] p1b: Incineroar
|faint|p1b: Incineroar
|move|p1a: Archaludon|Electro Shot||[still]
|-prepare|p1a: Archaludon|Electro Shot
|-boost|p1a: Archaludon|spa|1
|-anim|p1a: Archaludon|Electro Shot|p2a: Sneasler
|-damage|p2a: Sneasler|0 fnt
|faint|p2a: Sneasler
|
|-weather|RainDance|[upkeep]
|upkeep
|
|t:|1757786342
|switch|p2a: Basculegion|Basculegion, L50, M|100/100
|turn|4
|
|t:|1757786363
|move|p2b: Electrode|Protect|p2b: Electrode
|-singleturn|p2b: Electrode|Protect
|move|p2a: Basculegion|Wave Crash|p1a: Archaludon
|-damage|p1a: Archaludon|3/100
|-ability|p1a: Archaludon|Stamina|boost
|-boost|p1a: Archaludon|def|1
|-damage|p2a: Basculegion|68/100|[from] Recoil
|move|p1a: Archaludon|Electro Shot||[still]
|-prepare|p1a: Archaludon|Electro Shot
|-boost|p1a: Archaludon|spa|1
|-anim|p1a: Archaludon|Electro Shot|p2a: Basculegion
|-supereffective|p2a: Basculegion
|-damage|p2a: Basculegion|0 fnt
|faint|p2a: Basculegion
|
|-weather|RainDance|[upkeep]
|upkeep
|turn|5
|inactive|Park2 has 30 seconds left.
|inactive|Park2 has 20 seconds left.
|inactive|Park2 has 15 seconds left.
|
|t:|1757786407
|move|p2b: Electrode|Volt Switch|p1a: Archaludon
|-damage|p1a: Archaludon|0 fnt
|faint|p1a: Archaludon
|
|win|ZekromAllDay
||Park2 is ready for game 2.
||ZekromAllDay is ready for game 2.
|uhtml|next|Next: Game 2 of 3
