|j|☆Gurrasnurra5
|j|☆new mental
|html|Gurrasnurra5new mental    
|uhtml|bestof|Game 1 of a best-of-3
|t:|1785681457
|gametype|doubles
|player|p1|Gurrasnurra5|170|1397
|player|p2|new mental|volkner|1372
|gen|9
|tier|[Gen 9 Champions] VGC 2026 Reg M-B (Bo3)
|rated|
|rule|Species Clause: Limit one of each Pokémon
|rule|Item Clause: Limit 1 of each item
|clearpoke
|poke|p1|Sinistcha, L50, shiny|
|poke|p1|Garchomp, L50, F, shiny|
|poke|p1|Sneasler, L50, M, shiny|
|poke|p1|Floette-Eternal, L50, F|
|poke|p1|Incineroar, L50, M, shiny|
|poke|p1|Kingambit, L50, F, shiny|
|poke|p2|Charizard, L50, M|
|poke|p2|Garchomp, L50, F|
|poke|p2|Incineroar, L50, F|
|poke|p2|Venusaur, L50, F|
|poke|p2|Toxapex, L50, F|
|poke|p2|Sylveon, L50, F|
|teampreview|4
|showteam|p1|Sinistcha||SitrusBerry|Hospitality|MatchaGotcha,TrickRoom,RagePowder,Protect|Bold|||||50|]Garchomp||Garchompite|RoughSkin|StompingTantrum,Earthquake,RockSlide,Protect|Adamant||F|||50|]Sneasler||FocusSash|Unburden|CloseCombat,DireClaw,FakeOut,Coaching|Jolly||M|||50|]Floette-Eternal||Floettite|FlowerVeil|DazzlingGleam,DrainingKiss,CalmMind,Protect|Timid||F|||50|]Incineroar||Leftovers|Intimidate|FakeOut,FlareBlitz,PartingShot,HelpingHand|Sassy||M|||50|]Kingambit||ChopleBerry|Defiant|KowtowCleave,SuckerPunch,IronHead,Protect|Adamant||F|||50|
|showteam|p2|Charizard||CharizarditeY|Blaze|WeatherBall,HeatWave,AncientPower,Protect|Modest||M|||50|]Garchomp||ChoiceScarf|RoughSkin|RockSlide,DragonClaw,Earthquake,StompingTantrum|Adamant||F|||50|]Incineroar||SitrusBerry|Intimidate|FlareBlitz,FakeOut,DarkestLariat,PartingShot|Impish||F|||50|]Venusaur||LifeOrb|Chlorophyll|SludgeBomb,LeafStorm,EarthPower,Protect|Modest||F|||50|]Toxapex||Leftovers|Regenerator|Infestation,Toxic,WideGuard,BanefulBunker|Bold||F|||50|]Sylveon||FairyFeather|Pixilate|HyperVoice,QuickAttack,Yawn,Detect|Modest||F|||50|
|
|t:|1785681516
|teamsize|p1|4
|teamsize|p2|4
|start
|switch|p1a: Incineroar|Incineroar, L50, M, shiny|100/100
|switch|p1b: Garchomp|Garchomp, L50, F, shiny|100/100
|switch|p2a: Charizard|Charizard, L50, M|100/100
|switch|p2b: Venusaur|Venusaur, L50, F|100/100
|-ability|p1a: Incineroar|Intimidate|boost
|-unboost|p2a: Charizard|atk|1
|-unboost|p2b: Venusaur|atk|1
|turn|1
|
|t:|1785681536
|detailschange|p2a: Charizard|Charizard-Mega-Y, L50, M
|-mega|p2a: Charizard|Charizard|Charizardite Y
|-weather|SunnyDay|[from] ability: Drought|[of] p2a: Charizard
|move|p2a: Charizard|Protect|p2a: Charizard
|-singleturn|p2a: Charizard|Protect
|move|p1a: Incineroar|Fake Out|p2b: Venusaur
|-damage|p2b: Venusaur|86/100
|cant|p2b: Venusaur|flinch
|move|p1b: Garchomp|Rock Slide|p2b: Venusaur|[spread] p2b
|-activate|p2a: Charizard|move: Protect
|-damage|p2b: Venusaur|57/100
|
|-weather|SunnyDay|[upkeep]
|upkeep
|turn|2
|
|t:|1785681548
|switch|p2a: Toxapex|Toxapex, L50, F|100/100
|move|p2b: Venusaur|Protect|p2b: Venusaur
|-singleturn|p2b: Venusaur|Protect
|move|p1b: Garchomp|Rock Slide|p2a: Toxapex|[spread] p2a
|-activate|p2b: Venusaur|move: Protect
|-damage|p2a: Toxapex|84/100
|move|p1a: Incineroar|Flare Blitz|p2b: Venusaur
|-activate|p2b: Venusaur|move: Protect
|
|-weather|SunnyDay|[upkeep]
|-heal|p2a: Toxapex|90/100|[from] item: Leftovers
|upkeep
|turn|3
|
|t:|1785681572
|move|p1a: Incineroar|Helping Hand|p1b: Garchomp
|-singleturn|p1b: Garchomp|Helping Hand|[of] p1a: Incineroar
|move|p2b: Venusaur|Earth Power|p1a: Incineroar
|-supereffective|p1a: Incineroar|1
|-damage|p1a: Incineroar|47/100
|-damage|p2b: Venusaur|47/100|[from] item: Life Orb
|move|p1b: Garchomp|Stomping Tantrum|p2a: Toxapex
|-supereffective|p2a: Toxapex|1
|-damage|p2a: Toxapex|5/100
|move|p2a: Toxapex|Toxic|p1b: Garchomp
|-status|p1b: Garchomp|tox
|
|-weather|SunnyDay|[upkeep]
|-heal|p1a: Incineroar|52/100|[from] item: Leftovers
|-heal|p2a: Toxapex|10/100|[from] item: Leftovers
|-damage|p1b: Garchomp|94/100 tox|[from] psn
|upkeep
|turn|4
|
|t:|1785681592
|move|p1b: Garchomp|Protect|p1b: Garchomp
|-singleturn|p1b: Garchomp|Protect
|move|p2a: Toxapex|Baneful Bunker|p2a: Toxapex
|-singleturn|p2a: Toxapex|move: Protect
|move|p2b: Venusaur|Earth Power|p1a: Incineroar
|-supereffective|p1a: Incineroar|1
|-crit|p1a: Incineroar
|-damage|p1a: Incineroar|0 fnt
|faint|p1a: Incineroar
|-damage|p2b: Venusaur|38/100|[from] item: Life Orb
|
|-weather|SunnyDay|[upkeep]
|-heal|p2a: Toxapex|16/100|[from] item: Leftovers
|-damage|p1b: Garchomp|82/100 tox|[from] psn
|upkeep
|
|t:|1785681596
|switch|p1a: Kingambit|Kingambit, L50, F, shiny|100/100
|turn|5
|
|t:|1785681603
|-heal|p2a: Toxapex|49/100|[from] ability: Regenerator|[silent]
|switch|p2a: Garchomp|Garchomp, L50, F|100/100
|move|p1a: Kingambit|Sucker Punch|p2b: Venusaur
|-damage|p2b: Venusaur|0 fnt
|faint|p2b: Venusaur
|move|p1b: Garchomp|Rock Slide|p2a: Garchomp
|-resisted|p2a: Garchomp|1
|-damage|p2a: Garchomp|86/100
|
|-weather|none
|-damage|p1b: Garchomp|64/100 tox|[from] psn
|upkeep
|
|t:|1785681611
|switch|p2b: Charizard|Charizard-Mega-Y, L50, M|100/100
|-weather|SunnyDay|[from] ability: Drought|[of] p2b: Charizard
|turn|6
|
|t:|1785681628
|move|p1a: Kingambit|Protect|p1a: Kingambit
|-singleturn|p1a: Kingambit|Protect
|move|p2a: Garchomp|Dragon Claw|p1b: Garchomp
|-supereffective|p1b: Garchomp|1
|-damage|p1b: Garchomp|0 fnt
|-damage|p2a: Garchomp|74/100|[from] ability: Rough Skin|[of] p1b: Garchomp
|faint|p1b: Garchomp
|move|p2b: Charizard|Heat Wave|p1a: Kingambit
|-activate|p1a: Kingambit|move: Protect
|
|-weather|SunnyDay|[upkeep]
|upkeep
|
|t:|1785681630
|switch|p1b: Floette|Floette-Eternal, L50, F|100/100
|turn|7
|
|t:|1785681639
|switch|p2a: Toxapex|Toxapex, L50, F|49/100
|detailschange|p1b: Floette|Floette-Mega, L50, F
|-mega|p1b: Floette|Floette|Floettite
|-ability|p1b: Floette|Fairy Aura
|move|p1a: Kingambit|Sucker Punch|p2b: Charizard
|-damage|p2b: Charizard|52/100
|move|p1b: Floette|Calm Mind|p1b: Floette
|-boost|p1b: Floette|spa|1
|-boost|p1b: Floette|spd|1
|move|p2b: Charizard|Heat Wave|p1b: Floette|[spread] p1a,p1b
|-supereffective|p1a: Kingambit|1
|-damage|p1a: Kingambit|0 fnt
|-damage|p1b: Floette|71/100
|faint|p1a: Kingambit
|
|-weather|SunnyDay|[upkeep]
|-heal|p2a: Toxapex|55/100|[from] item: Leftovers
|upkeep
|turn|8
|
|t:|1785681645
|move|p1b: Floette|Protect|p1b: Floette
|-singleturn|p1b: Floette|Protect
|move|p2b: Charizard|Weather Ball|p1b: Floette
|-activate|p1b: Floette|move: Protect
|move|p2a: Toxapex|Toxic|p1b: Floette
|-activate|p1b: Floette|move: Protect
|
|-weather|SunnyDay|[upkeep]
|-heal|p2a: Toxapex|61/100|[from] item: Leftovers
|upkeep
|turn|9
|
|t:|1785681651
|move|p1b: Floette|Dazzling Gleam|p2b: Charizard|[spread] p2a,p2b
|-resisted|p2a: Toxapex|1
|-resisted|p2b: Charizard|1
|-damage|p2a: Toxapex|36/100
|-damage|p2b: Charizard|25/100
|move|p2b: Charizard|Weather Ball|p1b: Floette
|-damage|p1b: Floette|30/100
|move|p2a: Toxapex|Toxic|p1b: Floette
|-status|p1b: Floette|tox
|
|-weather|SunnyDay|[upkeep]
|-heal|p2a: Toxapex|42/100|[from] item: Leftovers
|-damage|p1b: Floette|24/100 tox|[from] psn
|upkeep
|turn|10
|
|t:|1785681655
|-heal|p2a: Toxapex|75/100|[from] ability: Regenerator|[silent]
|switch|p2a: Garchomp|Garchomp, L50, F|74/100
|move|p2b: Charizard|Protect|p2b: Charizard
|-singleturn|p2b: Charizard|Protect
|move|p1b: Floette|Dazzling Gleam|p2b: Charizard|[spread] p2a
|-activate|p2b: Charizard|move: Protect
|-supereffective|p2a: Garchomp|1
|-damage|p2a: Garchomp|0 fnt
|faint|p2a: Garchomp
|
|-weather|none
|-damage|p1b: Floette|12/100 tox|[from] psn
|upkeep
|
|t:|1785681657
|switch|p2a: Toxapex|Toxapex, L50, F|75/100
|turn|11
|
|t:|1785681662
|move|p2a: Toxapex|Baneful Bunker|p2a: Toxapex
|-singleturn|p2a: Toxapex|move: Protect
|move|p1b: Floette|Draining Kiss|p2b: Charizard
|-resisted|p2b: Charizard|1
|-damage|p2b: Charizard|1/100
|-heal|p1b: Floette|29/100 tox|[from] drain|[of] p2b: Charizard
|move|p2b: Charizard|Heat Wave|p1b: Floette
|-damage|p1b: Floette|3/100 tox
|
|-heal|p2a: Toxapex|81/100|[from] item: Leftovers
|-damage|p1b: Floette|0 fnt|[from] psn
|faint|p1b: Floette
|
|win|new mental
