|j|☆R4ka
|j|☆Mamoswinefanboi
|html|R4kaMamoswinefanboi    
|uhtml|bestof|Game 1 of a best-of-3
|t:|1756960431
|gametype|doubles
|player|p1|R4ka|riley|1165
|player|p2|Mamoswinefanboi|1|1422
|gen|9
|tier|[Gen 9] VGC 2025 Reg H (Bo3)
|rated|
|rule|Species Clause: Limit one of each Pokémon
|rule|Item Clause: Limit 1 of each item
|clearpoke
|poke|p1|Volcarona, L50, M|
|poke|p1|Kingambit, L50, F|
|poke|p1|Dragonite, L50, M|
|poke|p1|Sneasler, L50, M|
|poke|p1|Rillaboom, L50, F|
|poke|p1|Electabuzz, L50, F|
|poke|p2|Rillaboom, L50, M|
|poke|p2|Kingambit, L50, M|
|poke|p2|Annihilape, L50, F|
|poke|p2|Dondozo, L50, F|
|poke|p2|Baxcalibur, L50, F|
|poke|p2|Gholdengo, L50|
|teampreview|4
|showteam|p1|Volcarona||Leftovers|FlameBody|HeatWave,TeraBlast,QuiverDance,Protect|||M|||50|,,,,,Fairy]Kingambit||BlackGlasses|Defiant|KowtowCleave,SuckerPunch,SwordsDance,Protect|||F|||50|,,,,,Dark]Dragonite||LoadedDice|Multiscale|ScaleShot,ExtremeSpeed,Haze,Protect|||M|||50|,,,,,Steel]Sneasler||FocusSash|PoisonTouch|CloseCombat,DireClaw,FakeOut,Coaching|||M|||50|,,,,,Stellar]Rillaboom||AssaultVest|GrassySurge|WoodHammer,GrassyGlide,HighHorsepower,FakeOut|||F|||50|,,,,,Fire]Electabuzz||Eviolite|VitalSpirit|Thunderbolt,Taunt,FollowMe,Protect|||F|||50|,,,,,Ghost
|showteam|p2|Rillaboom||AssaultVest|GrassySurge|WoodHammer,GrassyGlide,HighHorsepower,FakeOut|||M|||50|,,,,,Fire]Kingambit||SafetyGoggles|Defiant|KowtowCleave,SuckerPunch,SwordsDance,Protect|||M|||50|,,,,,Fire]Annihilape||FocusSash|Defiant|CloseCombat,RageFist,Coaching,FinalGambit|||F|||50|,,,,,Fairy]Dondozo||Leftovers|Unaware|Protect,WaveCrash,Fissure,Yawn|||F|||50|,,,,,Bug]Baxcalibur||LoadedDice|ThermalExchange|ScaleShot,IcicleSpear,IceShard,Protect|||F|||50|,,,,,Ghost]Gholdengo||ChoiceScarf|GoodasGold|MakeItRain,ShadowBall,SteelBeam,Trick||||||50|,,,,,Steel
|inactive|Battle timer is ON: inactive players will automatically lose when time's up. (requested by R4ka)
|inactive|R4ka has 60 seconds left.
|
|t:|1756960490
|teamsize|p1|4
|teamsize|p2|4
|start
|switch|p1a: Volcarona|Volcarona, L50, M|100/100
|switch|p1b: Electabuzz|Electabuzz, L50, F|100/100
|switch|p2a: Baxcalibur|Baxcalibur, L50, F|100/100
|switch|p2b: Annihilape|Annihilape, L50, F|100/100
|turn|1
|inactive|R4ka has 30 seconds left.
|
|t:|1756960522
|-terastallize|p1b: Electabuzz|Ghost
|move|p1b: Electabuzz|Follow Me|p1b: Electabuzz
|-singleturn|p1b: Electabuzz|move: Follow Me
|move|p2b: Annihilape|Coaching|p2a: Baxcalibur
|-boost|p2a: Baxcalibur|atk|1
|-boost|p2a: Baxcalibur|def|1
|move|p1a: Volcarona|Quiver Dance|p1a: Volcarona
|-boost|p1a: Volcarona|spa|1
|-boost|p1a: Volcarona|spd|1
|-boost|p1a: Volcarona|spe|1
|move|p2a: Baxcalibur|Scale Shot|p1b: Electabuzz
|-damage|p1b: Electabuzz|83/100
|-damage|p1b: Electabuzz|65/100
|-damage|p1b: Electabuzz|47/100
|-damage|p1b: Electabuzz|29/100
|-damage|p1b: Electabuzz|11/100
|-hitcount|p1b: Electabuzz|5
|-unboost|p2a: Baxcalibur|def|1
|-boost|p2a: Baxcalibur|spe|1
|
|upkeep
|turn|2
|inactive|R4ka has 30 seconds left.
|inactive|Mamoswinefanboi has 30 seconds left.
|inactive|R4ka has 20 seconds left.
|
|t:|1756960558
|-terastallize|p2a: Baxcalibur|Ghost
|move|p1b: Electabuzz|Follow Me|p1b: Electabuzz
|-singleturn|p1b: Electabuzz|move: Follow Me
|move|p1a: Volcarona|Heat Wave|p2b: Annihilape|[spread] p2a,p2b
|-damage|p2a: Baxcalibur|48/100
|-damage|p2b: Annihilape|47/100
|-ability|p2a: Baxcalibur|Thermal Exchange|boost
|-boost|p2a: Baxcalibur|atk|1
|move|p2a: Baxcalibur|Scale Shot|p1b: Electabuzz
|-crit|p1b: Electabuzz
|-damage|p1b: Electabuzz|0 fnt
|faint|p1b: Electabuzz
|-hitcount|p1: Electabuzz|1
|-unboost|p2a: Baxcalibur|def|1
|-boost|p2a: Baxcalibur|spe|1
|move|p2b: Annihilape|Rage Fist|p1a: Volcarona
|-damage|p1a: Volcarona|49/100
|-status|p2b: Annihilape|brn|[from] ability: Flame Body|[of] p1a: Volcarona
|
|-heal|p1a: Volcarona|56/100|[from] item: Leftovers
|-damage|p2b: Annihilape|41/100 brn|[from] brn
|upkeep
|inactive|R4ka has 30 seconds left.
|
|t:|1756960584
|switch|p1b: Kingambit|Kingambit, L50, F|100/100
|turn|3
|
|t:|1756960592
|move|p2a: Baxcalibur|Protect|p2a: Baxcalibur
|-singleturn|p2a: Baxcalibur|Protect
|move|p1b: Kingambit|Sucker Punch||[still]
|-fail|p1b: Kingambit
|move|p1a: Volcarona|Heat Wave|p2a: Baxcalibur|[spread] p2b
|-activate|p2a: Baxcalibur|move: Protect
|-damage|p2b: Annihilape|0 fnt
|faint|p2b: Annihilape
|
|-heal|p1a: Volcarona|62/100|[from] item: Leftovers
|upkeep
|
|t:|1756960600
|switch|p2b: Rillaboom|Rillaboom, L50, M|100/100
|-fieldstart|move: Grassy Terrain|[from] ability: Grassy Surge|[of] p2b: Rillaboom
|turn|4
|
|t:|1756960615
|switch|p2a: Dondozo|Dondozo, L50, F|100/100
|move|p1a: Volcarona|Protect|p1a: Volcarona
|-singleturn|p1a: Volcarona|Protect
|move|p1b: Kingambit|Protect|p1b: Kingambit
|-singleturn|p1b: Kingambit|Protect
|move|p2b: Rillaboom|Fake Out|p1b: Kingambit
|-activate|p1b: Kingambit|move: Protect
|
|-heal|p1a: Volcarona|68/100|[from] Grassy Terrain
|-heal|p1a: Volcarona|74/100|[from] item: Leftovers
|upkeep
|turn|5
|inactive|R4ka has 30 seconds left.
|
|t:|1756960641
|move|p1a: Volcarona|Heat Wave|p2a: Dondozo|[spread] p2a,p2b
|-resisted|p2a: Dondozo
|-supereffective|p2b: Rillaboom
|-damage|p2a: Dondozo|88/100
|-damage|p2b: Rillaboom|21/100
|move|p2b: Rillaboom|Wood Hammer|p1a: Volcarona
|-resisted|p1a: Volcarona
|-damage|p1a: Volcarona|50/100
|-status|p2b: Rillaboom|brn|[from] ability: Flame Body|[of] p1a: Volcarona
|-damage|p2b: Rillaboom|15/100 brn|[from] Recoil
|move|p1b: Kingambit|Kowtow Cleave|p2a: Dondozo
|-damage|p2a: Dondozo|52/100
|move|p2a: Dondozo|Wave Crash|p1a: Volcarona
|-supereffective|p1a: Volcarona
|-damage|p1a: Volcarona|0 fnt
|-status|p2a: Dondozo|brn|[from] ability: Flame Body|[of] p1a: Volcarona
|faint|p1a: Volcarona
|-damage|p2a: Dondozo|41/100 brn|[from] Recoil
|
|-heal|p2b: Rillaboom|20/100 brn|[from] Grassy Terrain
|-heal|p2a: Dondozo|47/100 brn|[from] Grassy Terrain
|-heal|p2a: Dondozo|54/100 brn|[from] item: Leftovers
|-damage|p2b: Rillaboom|15/100 brn|[from] brn
|-damage|p2a: Dondozo|47/100 brn|[from] brn
|upkeep
|
|t:|1756960666
|switch|p1a: Dragonite|Dragonite, L50, M|100/100
|turn|6
|
|t:|1756960679
|move|p1a: Dragonite|Scale Shot|p2a: Dondozo|[miss]
|-miss|p1a: Dragonite|p2a: Dondozo
|move|p2b: Rillaboom|Wood Hammer|p1a: Dragonite
|-resisted|p1a: Dragonite
|-damage|p1a: Dragonite|95/100
|-damage|p2b: Rillaboom|13/100 brn|[from] Recoil
|move|p1b: Kingambit|Kowtow Cleave|p2a: Dondozo
|-damage|p2a: Dondozo|11/100 brn
|move|p2a: Dondozo|Yawn|p1b: Kingambit
|-start|p1b: Kingambit|move: Yawn|[of] p2a: Dondozo
|
|-heal|p2b: Rillaboom|19/100 brn|[from] Grassy Terrain
|-heal|p2a: Dondozo|17/100 brn|[from] Grassy Terrain
|-heal|p2a: Dondozo|23/100 brn|[from] item: Leftovers
|-damage|p2b: Rillaboom|13/100 brn|[from] brn
|-damage|p2a: Dondozo|17/100 brn|[from] brn
|upkeep
|turn|7
|inactive|R4ka has 30 seconds left.
|
|t:|1756960711
|switch|p2b: Baxcalibur|Baxcalibur, L50, F, tera:Ghost|48/100
|move|p2a: Dondozo|Protect|p2a: Dondozo
|-singleturn|p2a: Dondozo|Protect
|move|p1a: Dragonite|Scale Shot|p2b: Baxcalibur|[miss]
|-miss|p1a: Dragonite|p2b: Baxcalibur
|move|p1b: Kingambit|Kowtow Cleave|p2a: Dondozo
|-activate|p2a: Dondozo|move: Protect
|
|-heal|p2b: Baxcalibur|54/100|[from] Grassy Terrain
|-heal|p2a: Dondozo|23/100 brn|[from] Grassy Terrain
|-heal|p2a: Dondozo|29/100 brn|[from] item: Leftovers
|-damage|p2a: Dondozo|23/100 brn|[from] brn
|-end|p1b: Kingambit|move: Yawn|[silent]
|-status|p1b: Kingambit|slp
|upkeep
|turn|8
|
|t:|1756960730
|move|p1a: Dragonite|Protect|p1a: Dragonite
|-singleturn|p1a: Dragonite|Protect
|cant|p1b: Kingambit|slp
|move|p2b: Baxcalibur|Scale Shot|p1a: Dragonite
|-activate|p1a: Dragonite|move: Protect
|move|p2a: Dondozo|Yawn|p1a: Dragonite
|-activate|p1a: Dragonite|move: Protect
|
|-heal|p2b: Baxcalibur|60/100|[from] Grassy Terrain
|-heal|p2a: Dondozo|29/100 brn|[from] Grassy Terrain
|-heal|p2a: Dondozo|36/100 brn|[from] item: Leftovers
|-damage|p2a: Dondozo|29/100 brn|[from] brn
|-fieldend|move: Grassy Terrain
|upkeep
|turn|9
|
|t:|1756960759
|move|p1a: Dragonite|Extreme Speed|p2a: Dondozo
|-damage|p2a: Dondozo|11/100 brn
|move|p2b: Baxcalibur|Ice Shard|p1a: Dragonite
|-supereffective|p1a: Dragonite
|-damage|p1a: Dragonite|0 fnt
|faint|p1a: Dragonite
|-curestatus|p1b: Kingambit|slp|[msg]
|move|p1b: Kingambit|Sucker Punch||[still]
|-fail|p1b: Kingambit
|move|p2a: Dondozo|Yawn|p1b: Kingambit
|-start|p1b: Kingambit|move: Yawn|[of] p2a: Dondozo
|
|-heal|p2a: Dondozo|18/100 brn|[from] item: Leftovers
|-damage|p2a: Dondozo|11/100 brn|[from] brn
|upkeep
|turn|10
|inactive|R4ka has 30 seconds left.
|
|t:|1756960788
|move|p2b: Baxcalibur|Protect|p2b: Baxcalibur
|-singleturn|p2b: Baxcalibur|Protect
|move|p2a: Dondozo|Protect|p2a: Dondozo
|-singleturn|p2a: Dondozo|Protect
|move|p1b: Kingambit|Sucker Punch||[still]
|-fail|p1b: Kingambit
|
|-heal|p2a: Dondozo|18/100 brn|[from] item: Leftovers
|-damage|p2a: Dondozo|11/100 brn|[from] brn
|-end|p1b: Kingambit|move: Yawn|[silent]
|-status|p1b: Kingambit|slp
|upkeep
|turn|11
|
|t:|1756960802
|cant|p1b: Kingambit|slp
|move|p2b: Baxcalibur|Scale Shot|p1b: Kingambit
|-resisted|p1b: Kingambit
|-damage|p1b: Kingambit|95/100 slp
|-resisted|p1b: Kingambit
|-damage|p1b: Kingambit|89/100 slp
|-resisted|p1b: Kingambit
|-damage|p1b: Kingambit|84/100 slp
|-resisted|p1b: Kingambit
|-damage|p1b: Kingambit|78/100 slp
|-hitcount|p1b: Kingambit|4
|-unboost|p2b: Baxcalibur|def|1
|-boost|p2b: Baxcalibur|spe|1
|move|p2a: Dondozo|Wave Crash|p1b: Kingambit
|-damage|p1b: Kingambit|62/100 slp
|-damage|p2a: Dondozo|7/100 brn|[from] Recoil
|
|-heal|p2a: Dondozo|13/100 brn|[from] item: Leftovers
|-damage|p2a: Dondozo|7/100 brn|[from] brn
|upkeep
|turn|12
|
|t:|1756960822
|move|p2b: Baxcalibur|Ice Shard|p1b: Kingambit
|-resisted|p1b: Kingambit
|-crit|p1b: Kingambit
|-damage|p1b: Kingambit|48/100 slp
|cant|p1b: Kingambit|slp
|move|p2a: Dondozo|Wave Crash|p1b: Kingambit
|-damage|p1b: Kingambit|31/100 slp
|-damage|p2a: Dondozo|2/100 brn|[from] Recoil
|
|-heal|p2a: Dondozo|9/100 brn|[from] item: Leftovers
|-damage|p2a: Dondozo|2/100 brn|[from] brn
|upkeep
|turn|13
|inactive|Mamoswinefanboi has 30 seconds left.
|
|t:|1756960847
|-curestatus|p1b: Kingambit|slp|[msg]
|move|p1b: Kingambit|Protect|p1b: Kingambit
|-singleturn|p1b: Kingambit|Protect
|move|p2b: Baxcalibur|Scale Shot|p1b: Kingambit
|-activate|p1b: Kingambit|move: Protect
|move|p2a: Dondozo|Yawn|p1b: Kingambit
|-activate|p1b: Kingambit|move: Protect
|
|-heal|p2a: Dondozo|9/100 brn|[from] item: Leftovers
|-damage|p2a: Dondozo|2/100 brn|[from] brn
|upkeep
|turn|14
|
|t:|1756960867
|move|p2b: Baxcalibur|Icicle Spear|p1b: Kingambit
|-resisted|p1b: Kingambit
|-damage|p1b: Kingambit|26/100
|-resisted|p1b: Kingambit
|-damage|p1b: Kingambit|20/100
|-resisted|p1b: Kingambit
|-damage|p1b: Kingambit|14/100
|-resisted|p1b: Kingambit
|-damage|p1b: Kingambit|9/100
|-resisted|p1b: Kingambit
|-damage|p1b: Kingambit|3/100
|-hitcount|p1b: Kingambit|5
|move|p1b: Kingambit|Kowtow Cleave|p2b: Baxcalibur
|-supereffective|p2b: Baxcalibur
|-crit|p2b: Baxcalibur
|-damage|p2b: Baxcalibur|0 fnt
|faint|p2b: Baxcalibur
|move|p2a: Dondozo|Yawn|p1b: Kingambit
|-start|p1b: Kingambit|move: Yawn|[of] p2a: Dondozo
|
|-heal|p2a: Dondozo|9/100 brn|[from] item: Leftovers
|-damage|p2a: Dondozo|2/100 brn|[from] brn
|upkeep
|
|t:|1756960873
|switch|p2b: Rillaboom|Rillaboom, L50, M|13/100 brn
|-fieldstart|move: Grassy Terrain|[from] ability: Grassy Surge|[of] p2b: Rillaboom
|turn|15
|
|t:|1756960891
|move|p1b: Kingambit|Protect|p1b: Kingambit
|-singleturn|p1b: Kingambit|Protect
|move|p2b: Rillaboom|Fake Out|p1b: Kingambit
|-activate|p1b: Kingambit|move: Protect
|move|p2a: Dondozo|Wave Crash|p1b: Kingambit
|-activate|p1b: Kingambit|move: Protect
|
|-heal|p2b: Rillaboom|19/100 brn|[from] Grassy Terrain
|-heal|p1b: Kingambit|9/100|[from] Grassy Terrain
|-heal|p2a: Dondozo|9/100 brn|[from] Grassy Terrain
|-heal|p2a: Dondozo|15/100 brn|[from] item: Leftovers
|-damage|p2b: Rillaboom|13/100 brn|[from] brn
|-damage|p2a: Dondozo|9/100 brn|[from] brn
|-end|p1b: Kingambit|move: Yawn|[silent]
|-status|p1b: Kingambit|slp
|upkeep
|turn|16
|
|t:|1756960907
|cant|p1b: Kingambit|slp
|move|p2b: Rillaboom|Wood Hammer|p1b: Kingambit
|-resisted|p1b: Kingambit
|-damage|p1b: Kingambit|0 fnt
|faint|p1b: Kingambit
|-damage|p2b: Rillaboom|10/100 brn|[from] Recoil
|
|win|Mamoswinefanboi
||Mamoswinefanboi is ready for game 2.
||R4ka is ready for game 2.
|uhtml|next|Next: Game 2 of 3
|l|☆Mamoswinefanboi
|player|p2|
