|j|☆joyfulwizard
|j|☆JayoticNL
|html|joyfulwizardJayoticNL    
|uhtml|bestof|Game 2 of a best-of-3
|t:|1782297950
|gametype|doubles
|player|p1|joyfulwizard|266|1131
|player|p2|JayoticNL|jacinthe|1290
|gen|9
|tier|[Gen 9 Champions] VGC 2026 Reg M-B (Bo3)
|rated|
|rule|Species Clause: Limit one of each Pokémon
|rule|Item Clause: Limit 1 of each item
|clearpoke
|poke|p1|Politoed, L50, F|
|poke|p1|Gengar, L50, F, shiny|
|poke|p1|Sinistcha, L50|
|poke|p1|Incineroar, L50, F|
|poke|p1|Scrafty, L50, F|
|poke|p1|Floette-Eternal, L50, F|
|poke|p2|Whimsicott, L50, F|
|poke|p2|Floette-Eternal, L50, F|
|poke|p2|Staraptor, L50, F|
|poke|p2|Gholdengo, L50|
|poke|p2|Garchomp, L50, M|
|poke|p2|Incineroar, L50, M|
|teampreview|4
|showteam|p1|Politoed||SitrusBerry|Drizzle|Protect,WeatherBall,IcyWind,Encore|Modest||F|||50|]Gengar||Gengarite|CursedBody|PerishSong,ShadowBall,Disable,Protect|Timid||F|||50|]Sinistcha||KasibBerry|Hospitality|MatchaGotcha,TrickRoom,RagePowder,Protect|Modest|||||50|]Incineroar||PasshoBerry|Intimidate|Protect,FakeOut,PartingShot,DarkestLariat|Careful||F|||50|]Scrafty||FocusSash|Intimidate|Protect,FakeOut,KnockOff,CloseCombat|Adamant||F|||50|]Floette-Eternal||Floettite|FlowerVeil|Protect,DrainingKiss,CalmMind,DazzlingGleam|Modest||F|||50|
|showteam|p2|Whimsicott||FocusSash|Prankster|Moonblast,Tailwind,Encore,Protect|Timid||F|||50|]Floette-Eternal||Floettite|FlowerVeil|Moonblast,DazzlingGleam,LightofRuin,Protect|Modest||F|||50|]Staraptor||Staraptite|Intimidate|BraveBird,CloseCombat,Roost,Protect|Jolly||F|||50|]Gholdengo||LifeOrb|GoodasGold|MakeItRain,ShadowBall,PowerGem,Protect|Modest|||||50|]Garchomp||RoseliBerry|RoughSkin|DragonClaw,Earthquake,RockSlide,Protect|Adamant||M|||50|]Incineroar||SitrusBerry|Intimidate|FlareBlitz,DarkestLariat,FakeOut,PartingShot|Adamant||M|||50|
|
|t:|1782298010
|teamsize|p1|4
|teamsize|p2|4
|start
|switch|p1a: Gengar|Gengar, L50, F, shiny|100/100
|switch|p1b: Sinistcha|Sinistcha, L50|100/100
|switch|p2a: Incineroar|Incineroar, L50, M|100/100
|switch|p2b: Gholdengo|Gholdengo, L50|100/100
|-ability|p2a: Incineroar|Intimidate|boost
|-unboost|p1a: Gengar|atk|1
|-unboost|p1b: Sinistcha|atk|1
|turn|1
|
|t:|1782298021
|switch|p1a: Politoed|Politoed, L50, F|100/100
|-weather|RainDance|[from] ability: Drizzle|[of] p1a: Politoed
|move|p2b: Gholdengo|Shadow Ball|p1a: Politoed
|-damage|p1a: Politoed|57/100
|-damage|p2b: Gholdengo|90/100|[from] item: Life Orb
|move|p2a: Incineroar|Darkest Lariat|p1b: Sinistcha
|-supereffective|p1b: Sinistcha|1
|-damage|p1b: Sinistcha|34/100
|move|p1b: Sinistcha|Trick Room|p1b: Sinistcha
|-fieldstart|move: Trick Room|[of] p1b: Sinistcha
|
|-weather|RainDance|[upkeep]
|upkeep
|turn|2
|inactive|Battle timer is ON: inactive players will automatically lose when time's up. (requested by joyfulwizard)
|
|t:|1782298040
|switch|p1b: Incineroar|Incineroar, L50, F|100/100
|-ability|p1b: Incineroar|Intimidate|boost
|-unboost|p2a: Incineroar|atk|1
|-unboost|p2b: Gholdengo|atk|1
|switch|p2a: Garchomp|Garchomp, L50, M|100/100
|move|p1a: Politoed|Weather Ball|p2a: Garchomp
|-damage|p2a: Garchomp|46/100
|move|p2b: Gholdengo|Shadow Ball|p1b: Incineroar
|-resisted|p1b: Incineroar|1
|-damage|p1b: Incineroar|80/100
|-damage|p2b: Gholdengo|80/100|[from] item: Life Orb
|
|-weather|RainDance|[upkeep]
|upkeep
|turn|3
|
|t:|1782298054
|switch|p2b: Staraptor|Staraptor, L50, F|100/100
|-ability|p2b: Staraptor|Intimidate|boost
|-unboost|p1a: Politoed|atk|1
|-unboost|p1b: Incineroar|atk|1
|move|p2a: Garchomp|Protect|p2a: Garchomp
|-singleturn|p2a: Garchomp|Protect
|move|p1b: Incineroar|Darkest Lariat|p2b: Staraptor
|-damage|p2b: Staraptor|71/100
|move|p1a: Politoed|Icy Wind|p2b: Staraptor|[spread] p2b
|-activate|p2a: Garchomp|move: Protect
|-supereffective|p2b: Staraptor|1
|-damage|p2b: Staraptor|41/100
|-unboost|p2b: Staraptor|spe|1
|
|-weather|RainDance|[upkeep]
|upkeep
|turn|4
|
|t:|1782298073
|switch|p2a: Incineroar|Incineroar, L50, M|100/100
|-ability|p2a: Incineroar|Intimidate|boost
|-unboost|p1a: Politoed|atk|1
|-unboost|p1b: Incineroar|atk|1
|detailschange|p2b: Staraptor|Staraptor-Mega, L50, F
|-mega|p2b: Staraptor|Staraptor|Staraptite
|move|p2b: Staraptor|Protect|p2b: Staraptor
|-singleturn|p2b: Staraptor|Protect
|move|p1b: Incineroar|Darkest Lariat|p2a: Incineroar
|-resisted|p2a: Incineroar|1
|-damage|p2a: Incineroar|91/100
|move|p1a: Politoed|Weather Ball|p2b: Staraptor
|-activate|p2b: Staraptor|move: Protect
|
|-weather|RainDance|[upkeep]
|upkeep
|turn|5
|
|t:|1782298089
|switch|p1a: Sinistcha|Sinistcha, L50|34/100
|-heal|p1b: Incineroar|100/100|[from] ability: Hospitality|[of] p1a: Sinistcha
|move|p2a: Incineroar|Fake Out|p1a: Sinistcha
|-immune|p1a: Sinistcha
|move|p1b: Incineroar|Parting Shot|p2a: Incineroar
|-unboost|p2a: Incineroar|atk|1
|-unboost|p2a: Incineroar|spa|1
|
|t:|1782298096
|switch|p1b: Gengar|Gengar, L50, F, shiny|100/100|[from] Parting Shot
|move|p2b: Staraptor|Roost|p2b: Staraptor
|-heal|p2b: Staraptor|91/100
|-singleturn|p2b: Staraptor|move: Roost
|
|-weather|none
|-fieldend|move: Trick Room
|upkeep
|turn|6
|
|t:|1782298110
|detailschange|p1b: Gengar|Gengar-Mega, L50, F, shiny
|-mega|p1b: Gengar|Gengar|Gengarite
|move|p1a: Sinistcha|Rage Powder|p1a: Sinistcha
|-singleturn|p1a: Sinistcha|move: Rage Powder
|move|p1b: Gengar|Perish Song|p1b: Gengar
|-start|p1a: Sinistcha|perish3|[silent]
|-start|p1b: Gengar|perish3|[silent]
|-start|p2a: Incineroar|perish3|[silent]
|-start|p2b: Staraptor|perish3|[silent]
|-fieldactivate|move: Perish Song
|move|p2b: Staraptor|Brave Bird|p1a: Sinistcha
|-supereffective|p1a: Sinistcha|1
|-damage|p1a: Sinistcha|0 fnt
|faint|p1a: Sinistcha
|-damage|p2b: Staraptor|80/100|[from] Recoil
|move|p2a: Incineroar|Darkest Lariat|p1b: Gengar
|-supereffective|p1b: Gengar|1
|-damage|p1b: Gengar|34/100
|
|-start|p1b: Gengar|perish3
|-start|p2b: Staraptor|perish3
|-start|p2a: Incineroar|perish3
|upkeep
|
|t:|1782298131
|switch|p1a: Incineroar|Incineroar, L50, F|100/100
|-ability|p1a: Incineroar|Intimidate|boost
|-unboost|p2a: Incineroar|atk|1
|-boost|p2b: Staraptor|atk|1
|turn|7
|
|t:|1782298137
|move|p1b: Gengar|Protect|p1b: Gengar
|-singleturn|p1b: Gengar|Protect
|move|p1a: Incineroar|Protect|p1a: Incineroar
|-singleturn|p1a: Incineroar|Protect
|move|p2b: Staraptor|Close Combat|p1a: Incineroar
|-activate|p1a: Incineroar|move: Protect
|move|p2a: Incineroar|Parting Shot|p2b: Staraptor
|-boost|p2b: Staraptor|atk|1
|-boost|p2b: Staraptor|spa|1
|
|t:|1782298144
|switch|p2a: Garchomp|Garchomp, L50, M|46/100|[from] Parting Shot
|
|-start|p1b: Gengar|perish2
|-start|p2b: Staraptor|perish2
|upkeep
|turn|8
|
|t:|1782298160
|move|p1a: Incineroar|Protect|p1a: Incineroar
|-singleturn|p1a: Incineroar|Protect
|move|p1b: Gengar|Shadow Ball|p2a: Garchomp
|-damage|p2a: Garchomp|0 fnt
|faint|p2a: Garchomp
|move|p2b: Staraptor|Close Combat|p1a: Incineroar
|-activate|p1a: Incineroar|move: Protect
|
|-start|p1b: Gengar|perish1
|-start|p2b: Staraptor|perish1
|upkeep
|
|t:|1782298168
|switch|p2a: Gholdengo|Gholdengo, L50|80/100
|turn|9
|
|t:|1782298185
|switch|p1b: Politoed|Politoed, L50, F|57/100
|-weather|RainDance|[from] ability: Drizzle|[of] p1b: Politoed
|move|p1a: Incineroar|Protect||[still]
|-fail|p1a: Incineroar
|move|p2b: Staraptor|Close Combat|p1b: Politoed
|-damage|p1b: Politoed|0 fnt
|-boost|p2b: Staraptor|def|1
|-boost|p2b: Staraptor|spd|1
|faint|p1b: Politoed
|move|p2a: Gholdengo|Shadow Ball|p1a: Incineroar
|-resisted|p1a: Incineroar|1
|-damage|p1a: Incineroar|82/100
|-damage|p2a: Gholdengo|71/100|[from] item: Life Orb
|
|-weather|RainDance|[upkeep]
|-start|p2b: Staraptor|perish0
|upkeep
|faint|p2b: Staraptor
|
|t:|1782298193
|switch|p2b: Incineroar|Incineroar, L50, M|91/100
|switch|p1b: Gengar|Gengar-Mega, L50, F, shiny|34/100
|-ability|p2b: Incineroar|Intimidate|boost
|-unboost|p1a: Incineroar|atk|1
|-unboost|p1b: Gengar|atk|1
|turn|10
|
|t:|1782298203
|move|p1b: Gengar|Protect|p1b: Gengar
|-singleturn|p1b: Gengar|Protect
|move|p2a: Gholdengo|Power Gem|p1a: Incineroar
|-supereffective|p1a: Incineroar|1
|-damage|p1a: Incineroar|26/100
|-damage|p2a: Gholdengo|61/100|[from] item: Life Orb
|move|p2b: Incineroar|Darkest Lariat|p1a: Incineroar
|-resisted|p1a: Incineroar|1
|-damage|p1a: Incineroar|9/100
|move|p1a: Incineroar|Darkest Lariat|p2a: Gholdengo
|-supereffective|p2a: Gholdengo|1
|-damage|p2a: Gholdengo|20/100y
|
|-weather|RainDance|[upkeep]
|upkeep
|turn|11
|
|t:|1782298226
|move|p2a: Gholdengo|Protect|p2a: Gholdengo
|-singleturn|p2a: Gholdengo|Protect
|move|p1a: Incineroar|Protect|p1a: Incineroar
|-singleturn|p1a: Incineroar|Protect
|move|p1b: Gengar|Shadow Ball|p2a: Gholdengo
|-activate|p2a: Gholdengo|move: Protect
|move|p2b: Incineroar|Darkest Lariat|p1b: Gengar
|-supereffective|p1b: Gengar|1
|-damage|p1b: Gengar|0 fnt
|faint|p1b: Gengar
|
|-weather|RainDance|[upkeep]
|upkeep
|turn|12
|-message|joyfulwizard forfeited.
|
|win|JayoticNL
|raw|joyfulwizard's rating: 1131 → 1117(-14 for losing)
|raw|JayoticNL's rating: 1290 → 1304(+14 for winning)
|l|☆joyfulwizard
|player|p1|
|j|☆joyfulwizard
|player|p1|joyfulwizard|266|
