|j|☆wodaiogien
|j|☆sil_shadowx
|html|wodaiogiensil_shadowx    
|uhtml|bestof|Game 1 of a best-of-3
|t:|1782309286
|gametype|doubles
|player|p1|wodaiogien|170|1100
|player|p2|sil_shadowx|n|1145
|gen|9
|tier|[Gen 9 Champions] VGC 2026 Reg M-B (Bo3)
|rated|
|rule|Species Clause: Limit one of each Pokémon
|rule|Item Clause: Limit 1 of each item
|clearpoke
|poke|p1|Ninetales-Alola, L50, M|
|poke|p1|Raichu, L50, F|
|poke|p1|Basculegion, L50, M|
|poke|p1|Incineroar, L50, F|
|poke|p1|Kingambit, L50, F|
|poke|p1|Farigiraf, L50, F|
|poke|p2|Mawile, L50, M, shiny|
|poke|p2|Swampert, L50, M, shiny|
|poke|p2|Sinistcha-Masterpiece, L50|
|poke|p2|Pelipper, L50, M|
|poke|p2|Archaludon, L50, M|
|poke|p2|Basculegion, L50, M|
|teampreview|4
|showteam|p1|Ninetales-Alola||FocusSash|SnowWarning|Blizzard,FreezeDry,Encore,Protect|Timid||M|||50|]Raichu||RaichuniteY|LightningRod|ZapCannon,FocusBlast,FakeOut,Protect|Timid||F|||50|]Basculegion||LifeOrb|Adaptability|WaveCrash,AquaJet,LastRespects,Protect|Adamant||M|||50|]Incineroar||ShucaBerry|Intimidate|FlareBlitz,PartingShot,FakeOut,DarkestLariat|Careful||F|||50|]Kingambit||ChopleBerry|Defiant|KowtowCleave,SuckerPunch,IronHead,LowKick|Adamant||F|||50|]Farigiraf||SitrusBerry|ArmorTail|TwinBeam,TrickRoom,HelpingHand,Protect|Relaxed||F|||50|
|showteam|p2|Mawile||Mawilite|HyperCutter|PlayRough,BrickBreak,SuckerPunch,Protect|Adamant||M|||50|]Swampert||Swampertite|Torrent|WaveCrash,HighHorsepower,IcePunch,Protect|Adamant||M|||50|]Sinistcha-Masterpiece||KasibBerry|Hospitality|MatchaGotcha,RagePowder,TrickRoom,Protect|Bold|||||50|]Pelipper||FocusSash|Drizzle|Tailwind,Hurricane,WeatherBall,Protect|Modest||M|||50|]Archaludon||Leftovers|Stamina|DracoMeteor,ElectroShot,FlashCannon,Protect|Calm||M|||50|]Basculegion||ChoiceScarf|Adaptability|WaveCrash,AquaJet,FlipTurn,LastRespects|Jolly||M|||50|
|inactive|Battle timer is ON: inactive players will automatically lose when time's up. (requested by wodaiogien)
|inactive|sil_shadowx has 60 seconds left.
|
|t:|1782309347
|teamsize|p1|4
|teamsize|p2|4
|start
|switch|p1a: Raichu|Raichu, L50, F|100/100
|switch|p1b: Kingambit|Kingambit, L50, F|100/100
|switch|p2a: Swampert|Swampert, L50, M, shiny|100/100
|switch|p2b: Archaludon|Archaludon, L50, M|100/100
|turn|1
|
|t:|1782309370
|detailschange|p1a: Raichu|Raichu-Mega-Y, L50, F
|-mega|p1a: Raichu|Raichu|Raichunite Y
|move|p2b: Archaludon|Protect|p2b: Archaludon
|-singleturn|p2b: Archaludon|Protect
|move|p2a: Swampert|Protect|p2a: Swampert
|-singleturn|p2a: Swampert|Protect
|move|p1a: Raichu|Fake Out|p2a: Swampert
|-activate|p2a: Swampert|move: Protect
|move|p1b: Kingambit|Low Kick|p2b: Archaludon
|-activate|p2b: Archaludon|move: Protect
|
|upkeep
|turn|2
|
|t:|1782309394
|switch|p1a: Ninetales|Ninetales-Alola, L50, M|100/100
|-weather|Snowscape|[from] ability: Snow Warning|[of] p1a: Ninetales
|switch|p2b: Sinistcha|Sinistcha-Masterpiece, L50|100/100
|detailschange|p2a: Swampert|Swampert-Mega, L50, M, shiny
|-mega|p2a: Swampert|Swampert|Swampertite
|move|p2a: Swampert|High Horsepower|p1a: Ninetales
|-damage|p1a: Ninetales|41/100
|move|p1b: Kingambit|Low Kick|p2b: Sinistcha
|-immune|p2b: Sinistcha
|
|-weather|Snowscape|[upkeep]
|upkeep
|turn|3
|inactive|sil_shadowx has 30 seconds left.
|
|t:|1782309420
|switch|p2b: Pelipper|Pelipper, L50, M|100/100
|-weather|RainDance|[from] ability: Drizzle|[of] p2b: Pelipper
|move|p1a: Ninetales|Protect|p1a: Ninetales
|-singleturn|p1a: Ninetales|Protect
|move|p2a: Swampert|High Horsepower|p1b: Kingambit
|-supereffective|p1b: Kingambit|1
|-damage|p1b: Kingambit|18/100
|move|p1b: Kingambit|Kowtow Cleave|p2b: Pelipper
|-damage|p2b: Pelipper|35/100
|
|-weather|RainDance|[upkeep]
|upkeep
|turn|4
|inactive|wodaiogien has 30 seconds left.
|inactive|sil_shadowx has 30 seconds left.
|
|t:|1782309455
|move|p1b: Kingambit|Sucker Punch|p2a: Swampert
|-damage|p2a: Swampert|67/100
|move|p2a: Swampert|High Horsepower|p1a: Ninetales
|-damage|p1a: Ninetales|0 fnt
|faint|p1a: Ninetales
|move|p2b: Pelipper|Weather Ball|p1b: Kingambit
|-damage|p1b: Kingambit|0 fnt
|faint|p1b: Kingambit
|
|-weather|RainDance|[upkeep]
|upkeep
|
|t:|1782309461
|switch|p1a: Raichu|Raichu-Mega-Y, L50, F|100/100
|switch|p1b: Basculegion|Basculegion, L50, M|100/100
|turn|5
|
|t:|1782309484
|switch|p2a: Archaludon|Archaludon, L50, M|100/100
|move|p1a: Raichu|Fake Out|p2a: Archaludon
|-resisted|p2a: Archaludon|1
|-damage|p2a: Archaludon|96/100
|-ability|p2a: Archaludon|Stamina|boost
|-boost|p2a: Archaludon|def|1
|move|p1b: Basculegion|Aqua Jet|p2b: Pelipper
|-resisted|p2b: Pelipper|1
|-damage|p2b: Pelipper|1/100
|-damage|p1b: Basculegion|90/100|[from] item: Life Orb
|move|p2b: Pelipper|Tailwind|p2b: Pelipper
|-sidestart|p2: sil_shadowx|move: Tailwind
|
|-weather|RainDance|[upkeep]
|-heal|p2a: Archaludon|100/100|[from] item: Leftovers
|upkeep
|turn|6
|
|t:|1782309505
|move|p1b: Basculegion|Aqua Jet|p2b: Pelipper
|-resisted|p2b: Pelipper|1
|-damage|p2b: Pelipper|0 fnt
|faint|p2b: Pelipper
|-damage|p1b: Basculegion|80/100|[from] item: Life Orb
|move|p2a: Archaludon|Draco Meteor|p1a: Raichu
|-damage|p1a: Raichu|33/100
|-unboost|p2a: Archaludon|spa|2
|move|p1a: Raichu|Focus Blast|p2a: Archaludon
|-supereffective|p2a: Archaludon|1
|-damage|p2a: Archaludon|0 fnt
|faint|p2a: Archaludon
|
|-weather|RainDance|[upkeep]
|upkeep
|
|t:|1782309518
|switch|p2b: Sinistcha|Sinistcha-Masterpiece, L50|100/100
|switch|p2a: Swampert|Swampert-Mega, L50, M, shiny|67/100
|-heal|p2a: Swampert|92/100|[from] ability: Hospitality|[of] p2b: Sinistcha
|turn|7
|
|t:|1782309532
|move|p1a: Raichu|Protect|p1a: Raichu
|-singleturn|p1a: Raichu|Protect
|move|p2b: Sinistcha|Rage Powder|p2b: Sinistcha
|-singleturn|p2b: Sinistcha|move: Rage Powder
|move|p2a: Swampert|High Horsepower|p1b: Basculegion
|-damage|p1b: Basculegion|9/100
|move|p1b: Basculegion|Last Respects|p2b: Sinistcha
|-supereffective|p2b: Sinistcha|1
|-enditem|p2b: Sinistcha|Kasib Berry|[eat]
|-enditem|p2b: Sinistcha|Kasib Berry|[weaken]
|-damage|p2b: Sinistcha|0 fnt
|faint|p2b: Sinistcha
|-damage|p1b: Basculegion|0 fnt|[from] item: Life Orb
|faint|p1b: Basculegion
|
|-weather|none
|upkeep
|turn|8
|
|t:|1782309548
|move|p2a: Swampert|High Horsepower|p1a: Raichu
|-supereffective|p1a: Raichu|1
|-damage|p1a: Raichu|0 fnt
|faint|p1a: Raichu
|
|win|sil_shadowx
