|j|â˜†StardragonVGC
|j|â˜†Guiltypleasure06
|html|StardragonVGCGuiltypleasure06    
|uhtml|bestof|Game 2 of a best-of-3
|t:|1756245665
|gametype|doubles
|player|p1|StardragonVGC|burglar|1128
|player|p2|Guiltypleasure06|pokefan|1115
|gen|9
|tier|[Gen 9] VGC 2025 Reg H (Bo3)
|rated|
|rule|Species Clause: Limit one of each PokÃ©mon
|rule|Item Clause: Limit 1 of each item
|clearpoke
|poke|p1|Ursaluna, L50, F|
|poke|p1|Porygon2, L50|
|poke|p1|Incineroar, L50, F|
|poke|p1|Zoroark-Hisui, L50, F|
|poke|p1|Amoonguss, L50, F|
|poke|p1|Volcarona, L50, F|
|poke|p2|Sneasler, L50, M|
|poke|p2|Dondozo, L50, F|
|poke|p2|Magmar, L50, F|
|poke|p2|Rillaboom, L50, M|
|poke|p2|Dragonite, L50, F|
|poke|p2|Kingambit, L50, M|
|teampreview|4
|showteam|p1|Ursaluna||FlameOrb|Guts|HeadlongRush,Facade,Protect,Earthquake|||F|||50|,,,,,Ghost]Porygon2||Eviolite|Download|TrickRoom,IceBeam,Recover,TeraBlast||||||50|,,,,,Fighting]Incineroar||SafetyGoggles|Intimidate|FakeOut,KnockOff,FlareBlitz,PartingShot|||F|||50|,,,,,Ghost]Zoroark-Hisui||FocusSash|Illusion|BitterMalice,KnockOff,Taunt,IcyWind|||F|||50|,,,,,Stellar]Amoonguss||SitrusBerry|Regenerator|Spore,RagePowder,Protect,PollenPuff|||F|||50|,,,,,Water]Volcarona||CovertCloak|FlameBody|HeatWave,StruggleBug,QuiverDance,TeraBlast|||F|||50|,,,,,Fairy
|showteam|p2|Sneasler||FocusSash|Unburden|CloseCombat,DireClaw,Coaching,Protect|||M|||50|,,,,,Stellar]Dondozo||Leftovers|Unaware|Liquidation,Yawn,Fissure,Protect|||F|||50|,,,,,Fire]Magmar||Eviolite|VitalSpirit|Overheat,WillOWisp,FollowMe,Protect|||F|||50|,,,,,Dragon]Rillaboom||AssaultVest|GrassySurge|WoodHammer,GrassyGlide,Uturn,FakeOut|||M|||50|,,,,,Fire]Dragonite||LoadedDice|Multiscale|ExtremeSpeed,ScaleShot,LowKick,Protect|||F|||50|,,,,,Fairy]Kingambit||BlackGlasses|Defiant|Protect,SwordsDance,SuckerPunch,KowtowCleave|||M|||50|,,,,,Dark
|inactive|Battle timer is ON: inactive players will automatically lose when time's up. (requested by StardragonVGC)
|c|â˜†StardragonVGC|absolute robbery
|c|â˜†Guiltypleasure06|yeah
|c|â˜†Guiltypleasure06|Im going to jail myself
|inactive|StardragonVGC has 60 seconds left.
|inactive|Guiltypleasure06 has 60 seconds left.
|
|t:|1756245711
|teamsize|p1|4
|teamsize|p2|4
|start
|switch|p1a: Volcarona|Volcarona, L50, F|100/100
|switch|p1b: Porygon2|Porygon2, L50|100/100
|switch|p2a: Kingambit|Kingambit, L50, M, shiny|100/100
|switch|p2b: Rillaboom|Rillaboom, L50, M|100/100
|-fieldstart|move: Grassy Terrain|[from] ability: Grassy Surge|[of] p2b: Rillaboom
|-ability|p1b: Porygon2|Download|boost
|-boost|p1b: Porygon2|spa|1
|turn|1
|inactive|Guiltypleasure06 has 30 seconds left.
|c|â˜†StardragonVGC|eh, math happens
|inactive|Guiltypleasure06 has 20 seconds left.
|inactive|Guiltypleasure06 has 15 seconds left.
|inactive|Guiltypleasure06 has 10 seconds left.
|inactive|Guiltypleasure06 has 5 seconds left.
|c|â˜†StardragonVGC|wouldn't be a highly picked move on that set if it wasn't good
|
|t:|1756245764
|switch|p1b: Amoonguss|Amoonguss, L50, F|100/100
|-terastallize|p2a: Kingambit|Dark
|move|p2b: Rillaboom|Fake Out|p1b: Amoonguss
|-damage|p1b: Amoonguss|88/100
|move|p1a: Volcarona|Quiver Dance|p1a: Volcarona
|-boost|p1a: Volcarona|spa|1
|-boost|p1a: Volcarona|spd|1
|-boost|p1a: Volcarona|spe|1
|move|p2a: Kingambit|Swords Dance|p2a: Kingambit
|-boost|p2a: Kingambit|atk|2
|
|-heal|p1b: Amoonguss|94/100|[from] Grassy Terrain
|upkeep
|turn|2
|inactive|StardragonVGC has 30 seconds left.
|inactive|Guiltypleasure06 has 30 seconds left.
|
|t:|1756245790
|switch|p2b: Magmar|Magmar, L50, F|100/100
|move|p2a: Kingambit|Protect|p2a: Kingambit
|-singleturn|p2a: Kingambit|Protect
|move|p1b: Amoonguss|Rage Powder|p1b: Amoonguss
|-singleturn|p1b: Amoonguss|move: Rage Powder
|move|p1a: Volcarona|Struggle Bug|p2a: Kingambit|[spread] p2b
|-activate|p2a: Kingambit|move: Protect
|-resisted|p2b: Magmar
|-damage|p2b: Magmar|89/100
|-unboost|p2b: Magmar|spa|1
|
|-heal|p2b: Magmar|95/100|[from] Grassy Terrain
|-heal|p1b: Amoonguss|99/100|[from] Grassy Terrain
|upkeep
|turn|3
|inactive|StardragonVGC has 30 seconds left.
|
|t:|1756245819
|move|p2b: Magmar|Follow Me|p2b: Magmar
|-singleturn|p2b: Magmar|move: Follow Me
|move|p1a: Volcarona|Quiver Dance|p1a: Volcarona
|-boost|p1a: Volcarona|spa|1
|-boost|p1a: Volcarona|spd|1
|-boost|p1a: Volcarona|spe|1
|move|p2a: Kingambit|Kowtow Cleave|p1a: Volcarona
|-damage|p1a: Volcarona|0 fnt
|faint|p1a: Volcarona
|move|p1b: Amoonguss|Spore|p2b: Magmar
|-immune|p2b: Magmar|[from] ability: Vital Spirit
|
|-heal|p2b: Magmar|100/100|[from] Grassy Terrain
|-heal|p1b: Amoonguss|100/100|[from] Grassy Terrain
|upkeep
|
|t:|1756245832
|switch|p1a: Porygon2|Porygon2, L50|100/100
|-ability|p1a: Porygon2|Download|boost
|-boost|p1a: Porygon2|spa|1
|turn|4
|
|t:|1756245844
|-terastallize|p1b: Amoonguss|Water
|move|p2b: Magmar|Follow Me|p2b: Magmar
|-singleturn|p2b: Magmar|move: Follow Me
|move|p1b: Amoonguss|Rage Powder|p1b: Amoonguss
|-singleturn|p1b: Amoonguss|move: Rage Powder
|move|p2a: Kingambit|Kowtow Cleave|p1b: Amoonguss
|-damage|p1b: Amoonguss|0 fnt
|faint|p1b: Amoonguss
|move|p1a: Porygon2|Trick Room|p1a: Porygon2
|-fieldstart|move: Trick Room|[of] p1a: Porygon2
|
|upkeep
|c|â˜†StardragonVGC|honestly
|c|â˜†StardragonVGC|didn't remember that kingambit has such big numbers on that
|
|t:|1756245864
|switch|p1b: Ursaluna|Ursaluna, L50, F|100/100
|turn|5
|
|t:|1756245880
|move|p1b: Ursaluna|Protect|p1b: Ursaluna
|-singleturn|p1b: Ursaluna|Protect
|move|p2b: Magmar|Follow Me|p2b: Magmar
|-singleturn|p2b: Magmar|move: Follow Me
|move|p1a: Porygon2|Tera Blast|p2b: Magmar
|-crit|p2b: Magmar
|-damage|p2b: Magmar|38/100
|move|p2a: Kingambit|Kowtow Cleave|p1a: Porygon2
|-damage|p1a: Porygon2|10/100
|
|-heal|p1a: Porygon2|16/100|[from] Grassy Terrain
|-heal|p2b: Magmar|44/100|[from] Grassy Terrain
|-fieldend|move: Grassy Terrain
|-status|p1b: Ursaluna|brn|[from] item: Flame Orb
|upkeep
|turn|6
|
|t:|1756245898
|switch|p2b: Rillaboom|Rillaboom, L50, M|100/100
|-fieldstart|move: Grassy Terrain|[from] ability: Grassy Surge|[of] p2b: Rillaboom
|move|p2a: Kingambit|Protect|p2a: Kingambit
|-singleturn|p2a: Kingambit|Protect
|move|p1a: Porygon2|Recover|p1a: Porygon2
|-heal|p1a: Porygon2|66/100
|move|p1b: Ursaluna|Earthquake|p2a: Kingambit|[spread] p1a,p2b
|-activate|p2a: Kingambit|move: Protect
|-resisted|p2b: Rillaboom
|-damage|p1a: Porygon2|46/100
|-damage|p2b: Rillaboom|83/100
|
|-heal|p1a: Porygon2|52/100|[from] Grassy Terrain
|-heal|p2b: Rillaboom|89/100|[from] Grassy Terrain
|-damage|p1b: Ursaluna|95/100 brn|[from] brn
|upkeep
|turn|7
|inactive|Guiltypleasure06 has 30 seconds left.
|
|t:|1756245925
|move|p1b: Ursaluna|Protect|p1b: Ursaluna
|-singleturn|p1b: Ursaluna|Protect
|move|p2b: Rillaboom|Fake Out|p1b: Ursaluna
|-activate|p1b: Ursaluna|move: Protect
|move|p2a: Kingambit|Sucker Punch||[still]
|-fail|p2a: Kingambit
|move|p1a: Porygon2|Recover|p1a: Porygon2
|-heal|p1a: Porygon2|100/100
|
|-heal|p1b: Ursaluna|100/100 brn|[from] Grassy Terrain
|-heal|p2b: Rillaboom|95/100|[from] Grassy Terrain
|-damage|p1b: Ursaluna|95/100 brn|[from] brn
|upkeep
|turn|8
|
|t:|1756245944
|move|p2a: Kingambit|Protect|p2a: Kingambit
|-singleturn|p2a: Kingambit|Protect
|move|p2b: Rillaboom|Grassy Glide|p1b: Ursaluna
|-supereffective|p1b: Ursaluna
|-damage|p1b: Ursaluna|37/100 brn
|move|p1a: Porygon2|Ice Beam|p2b: Rillaboom
|-supereffective|p2b: Rillaboom
|-damage|p2b: Rillaboom|39/100
|move|p1b: Ursaluna|Facade|p2a: Kingambit
|-activate|p2a: Kingambit|move: Protect
|
|-heal|p1b: Ursaluna|43/100 brn|[from] Grassy Terrain
|-heal|p2b: Rillaboom|45/100|[from] Grassy Terrain
|-damage|p1b: Ursaluna|37/100 brn|[from] brn
|-fieldend|move: Trick Room
|upkeep
|turn|9
|
|t:|1756245965
|move|p1b: Ursaluna|Protect|p1b: Ursaluna
|-singleturn|p1b: Ursaluna|Protect
|move|p2b: Rillaboom|Grassy Glide|p1b: Ursaluna
|-activate|p1b: Ursaluna|move: Protect
|move|p2a: Kingambit|Kowtow Cleave|p1a: Porygon2
|-damage|p1a: Porygon2|20/100
|move|p1a: Porygon2|Tera Blast|p2a: Kingambit
|-damage|p2a: Kingambit|55/100
|
|-heal|p2b: Rillaboom|51/100|[from] Grassy Terrain
|-heal|p1b: Ursaluna|43/100 brn|[from] Grassy Terrain
|-heal|p2a: Kingambit|60/100|[from] Grassy Terrain
|-heal|p1a: Porygon2|27/100|[from] Grassy Terrain
|-damage|p1b: Ursaluna|37/100 brn|[from] brn
|upkeep
|turn|10
|
|t:|1756245989
|move|p1b: Ursaluna|Protect|p1b: Ursaluna
|-singleturn|p1b: Ursaluna|Protect
|move|p2b: Rillaboom|Grassy Glide|p1b: Ursaluna
|-activate|p1b: Ursaluna|move: Protect
|move|p2a: Kingambit|Kowtow Cleave|p1a: Porygon2
|-damage|p1a: Porygon2|0 fnt
|faint|p1a: Porygon2
|
|-heal|p2b: Rillaboom|57/100|[from] Grassy Terrain
|-heal|p1b: Ursaluna|43/100 brn|[from] Grassy Terrain
|-heal|p2a: Kingambit|66/100|[from] Grassy Terrain
|-damage|p1b: Ursaluna|37/100 brn|[from] brn
|-fieldend|move: Grassy Terrain
|upkeep
|turn|11
|c|â˜†StardragonVGC|ggs
|-message|StardragonVGC forfeited.
|
|win|Guiltypleasure06
|raw|StardragonVGC's rating: 1128 → 1102(-26 for losing)
|raw|Guiltypleasure06's rating: 1115 → 1141(+26 for winning)
|c|â˜†Guiltypleasure06|GG
|l|â˜†StardragonVGC
|player|p1|
