|j|☆INT Shinji
|j|☆Alecat
|html|INT ShinjiAlecat    
|uhtml|bestof|Game 2 of a best-of-3
|t:|1757646728
|gametype|doubles
|player|p1|INT Shinji|hilbert|1262
|player|p2|Alecat|scientistf|1183
|gen|9
|tier|[Gen 9] VGC 2025 Reg H (Bo3)
|rated|
|rule|Species Clause: Limit one of each Pokémon
|rule|Item Clause: Limit 1 of each item
|clearpoke
|poke|p1|Archaludon, L50, F|
|poke|p1|Maushold, L50|
|poke|p1|Annihilape, L50, M|
|poke|p1|Gholdengo, L50|
|poke|p1|Pelipper, L50, M|
|poke|p1|Sinistcha-Masterpiece, L50|
|poke|p2|Sneasler, L50, F|
|poke|p2|Magmar, L50, M|
|poke|p2|Rillaboom, L50, M|
|poke|p2|Espathra, L50, F|
|poke|p2|Kingambit, L50, M|
|poke|p2|Arcanine-Hisui, L50, M|
|teampreview|4
|showteam|p1|Archaludon||AssaultVest|Stamina|ElectroShot,DracoMeteor,FlashCannon,BodyPress|||F|||50|,,,,,Bug]Maushold||WideLens|Technician|PopulationBomb,Protect,BeatUp,Taunt||||||50|,,,,,Ghost]Annihilape||SafetyGoggles|Defiant|CloseCombat,Taunt,RageFist,FinalGambit|||M|||50|,,,,,Fire]Gholdengo||ChoiceScarf|GoodasGold|MakeItRain,ShadowBall,Protect,Trick||||||50|,,,,,Water]Pelipper||FocusSash|Drizzle|MuddyWater,Hurricane,Tailwind,Protect|||M|||50|,,,,,Ghost]Sinistcha-Masterpiece||SitrusBerry|Hospitality|MatchaGotcha,LifeDew,RagePowder,TrickRoom||||||50|,,,,,Dark
|showteam|p2|Sneasler||FocusSash|Unburden|FakeOut,CloseCombat,DireClaw,Coaching|||F|||50|,,,,,Ghost]Magmar||Eviolite|VitalSpirit|FollowMe,HeatWave,Taunt,Protect|||M|||50|,,,,,Dragon]Rillaboom||AssaultVest|GrassySurge|FakeOut,WoodHammer,GrassyGlide,HighHorsepower|||M|||50|,,,,,Fire]Espathra||GrassySeed|SpeedBoost|StoredPower,TeraBlast,CalmMind,Protect|||F|||50|,,,,,Fighting]Kingambit||SafetyGoggles|Defiant|KowtowCleave,SuckerPunch,SwordsDance,Protect|||M|||50|,,,,,Dark]Arcanine-Hisui||LoadedDice|Intimidate|FlareBlitz,RockBlast,ExtremeSpeed,Protect|||M|||50|,,,,,Ghost
|inactive|Battle timer is ON: inactive players will automatically lose when time's up. (requested by Alecat)
|inactive|INT Shinji has 60 seconds left.
|
|t:|1757646759
|teamsize|p1|4
|teamsize|p2|4
|start
|switch|p1a: Pelipper|Pelipper, L50, M|100/100
|switch|p1b: Archaludon|Archaludon, L50, F|100/100
|switch|p2a: Espathra|Espathra, L50, F, shiny|100/100
|switch|p2b: Rillaboom|Rillaboom, L50, M|100/100
|-weather|RainDance|[from] ability: Drizzle|[of] p1a: Pelipper
|-fieldstart|move: Grassy Terrain|[from] ability: Grassy Surge|[of] p2b: Rillaboom
|-enditem|p2a: Espathra|Grassy Seed
|-boost|p2a: Espathra|def|1|[from] item: Grassy Seed
|turn|1
|inactive|Alecat has 30 seconds left.
|
|t:|1757646788
|move|p1b: Archaludon|Electro Shot||[still]
|-prepare|p1b: Archaludon|Electro Shot
|-boost|p1b: Archaludon|spa|1
|-anim|p1b: Archaludon|Electro Shot|p2a: Espathra
|-damage|p2a: Espathra|25/100
|move|p2a: Espathra|Calm Mind|p2a: Espathra
|-boost|p2a: Espathra|spa|1
|-boost|p2a: Espathra|spd|1
|move|p1a: Pelipper|Tailwind|p1a: Pelipper
|-sidestart|p1: INT Shinji|move: Tailwind
|move|p2b: Rillaboom|Wood Hammer|p1a: Pelipper
|-enditem|p1a: Pelipper|Focus Sash
|-damage|p1a: Pelipper|1/100
|-damage|p2b: Rillaboom|79/100|[from] Recoil
|
|-weather|RainDance|[upkeep]
|-heal|p2a: Espathra|31/100|[from] Grassy Terrain
|-heal|p2b: Rillaboom|85/100|[from] Grassy Terrain
|-ability|p2a: Espathra|Speed Boost|boost
|-boost|p2a: Espathra|spe|1
|upkeep
|turn|2
|
|t:|1757646810
|move|p1a: Pelipper|Protect|p1a: Pelipper
|-singleturn|p1a: Pelipper|Protect
|move|p2a: Espathra|Protect|p2a: Espathra
|-singleturn|p2a: Espathra|Protect
|move|p2b: Rillaboom|Grassy Glide|p1a: Pelipper
|-activate|p1a: Pelipper|move: Protect
|move|p1b: Archaludon|Electro Shot||[still]
|-prepare|p1b: Archaludon|Electro Shot
|-boost|p1b: Archaludon|spa|1
|-anim|p1b: Archaludon|Electro Shot|p2a: Espathra
|-activate|p2a: Espathra|move: Protect
|
|-weather|RainDance|[upkeep]
|-heal|p2a: Espathra|37/100|[from] Grassy Terrain
|-heal|p2b: Rillaboom|90/100|[from] Grassy Terrain
|-ability|p2a: Espathra|Speed Boost|boost
|-boost|p2a: Espathra|spe|1
|upkeep
|turn|3
|
|t:|1757646832
|switch|p1a: Sinistcha|Sinistcha-Masterpiece, L50|100/100
|-terastallize|p1b: Archaludon|Bug
|move|p2a: Espathra|Protect||[still]
|-fail|p2a: Espathra
|move|p2b: Rillaboom|Grassy Glide|p1a: Sinistcha
|-resisted|p1a: Sinistcha
|-damage|p1a: Sinistcha|84/100
|move|p1b: Archaludon|Electro Shot||[still]
|-prepare|p1b: Archaludon|Electro Shot
|-boost|p1b: Archaludon|spa|1
|-anim|p1b: Archaludon|Electro Shot|p2a: Espathra
|-damage|p2a: Espathra|0 fnt
|faint|p2a: Espathra
|
|-weather|RainDance|[upkeep]
|-heal|p1a: Sinistcha|90/100|[from] Grassy Terrain
|-heal|p2b: Rillaboom|96/100|[from] Grassy Terrain
|upkeep
|
|t:|1757646853
|switch|p2a: Arcanine|Arcanine-Hisui, L50, M, shiny|100/100
|-ability|p2a: Arcanine|Intimidate|boost
|-unboost|p1a: Sinistcha|atk|1
|-unboost|p1b: Archaludon|atk|1
|turn|4
|
|t:|1757646870
|switch|p2b: Magmar|Magmar, L50, M|100/100
|move|p1a: Sinistcha|Rage Powder|p1a: Sinistcha
|-singleturn|p1a: Sinistcha|move: Rage Powder
|move|p1b: Archaludon|Electro Shot||[still]
|-prepare|p1b: Archaludon|Electro Shot
|-boost|p1b: Archaludon|spa|1
|-anim|p1b: Archaludon|Electro Shot|p2a: Arcanine
|-damage|p2a: Arcanine|0 fnt
|faint|p2a: Arcanine
|
|-weather|RainDance|[upkeep]
|-heal|p1a: Sinistcha|96/100|[from] Grassy Terrain
|-sideend|p1: INT Shinji|move: Tailwind
|upkeep
|
|t:|1757646881
|switch|p2a: Rillaboom|Rillaboom, L50, M|96/100
|turn|5
|
|t:|1757646903
|switch|p1a: Maushold|Maushold, L50|100/100
|move|p2b: Magmar|Heat Wave|p1b: Archaludon|[spread] p1a,p1b
|-supereffective|p1b: Archaludon
|-damage|p1a: Maushold|84/100
|-damage|p1b: Archaludon|84/100
|-ability|p1b: Archaludon|Stamina|boost
|-boost|p1b: Archaludon|def|1
|move|p1b: Archaludon|Electro Shot||[still]
|-prepare|p1b: Archaludon|Electro Shot
|-boost|p1b: Archaludon|spa|1
|-anim|p1b: Archaludon|Electro Shot|p2b: Magmar
|-damage|p2b: Magmar|0 fnt
|faint|p2b: Magmar
|move|p2a: Rillaboom|Wood Hammer|p1a: Maushold
|-damage|p1a: Maushold|0 fnt
|faint|p1a: Maushold
|-damage|p2a: Rillaboom|76/100|[from] Recoil
|
|-weather|none
|-heal|p1b: Archaludon|90/100|[from] Grassy Terrain
|-heal|p2a: Rillaboom|82/100|[from] Grassy Terrain
|-fieldend|move: Grassy Terrain
|upkeep
|
|t:|1757646916
|switch|p1a: Pelipper|Pelipper, L50, M|1/100
|-weather|RainDance|[from] ability: Drizzle|[of] p1a: Pelipper
|turn|6
|
|t:|1757646925
|move|p1b: Archaludon|Flash Cannon|p2a: Rillaboom
|-damage|p2a: Rillaboom|0 fnt
|faint|p2a: Rillaboom
|
|win|INT Shinji
|raw|INT Shinji's rating: 1262 → 1281(+19 for winning)
|raw|Alecat's rating: 1183 → 1164(-19 for losing)
