|j|☆lettitripppp
|j|☆iwillbeausername
|html|lettitrippppiwillbeausername    
|uhtml|bestof|Game 1 of a best-of-3
|t:|1783118240
|gametype|doubles
|player|p1|lettitripppp|lucas|1190
|player|p2|iwillbeausername|101|1094
|gen|9
|tier|[Gen 9 Champions] VGC 2026 Reg M-B (Bo3)
|rated|
|rule|Species Clause: Limit one of each Pokémon
|rule|Item Clause: Limit 1 of each item
|clearpoke
|poke|p1|Charizard, L50, M|
|poke|p1|Floette-Eternal, L50, F|
|poke|p1|Basculegion, L50, M, shiny|
|poke|p1|Garchomp, L50, M|
|poke|p1|Whimsicott, L50, F, shiny|
|poke|p1|Kingambit, L50, F|
|poke|p2|Froslass, L50, F|
|poke|p2|Lopunny, L50, M|
|poke|p2|Ceruledge, L50, M|
|poke|p2|Garchomp, L50, M|
|poke|p2|Incineroar, L50, F|
|poke|p2|Kingambit, L50, M|
|teampreview|4
|showteam|p1|Charizard||CharizarditeY|Blaze|WeatherBall,SolarBeam,HeatWave,Protect|Modest||M|||50|]Floette-Eternal||Floettite|FlowerVeil|DazzlingGleam,LightofRuin,Moonblast,Protect|Timid||F|||50|]Basculegion||MysticWater|Adaptability|LastRespects,WaveCrash,AquaJet,Protect|Adamant||M|||50|]Garchomp||LifeOrb|RoughSkin|DragonClaw,Earthquake,RockSlide,Protect|Jolly||M|||50|]Whimsicott||FocusSash|Prankster|Moonblast,Tailwind,Encore,Protect|Timid||F|||50|]Kingambit||OccaBerry|Defiant|KowtowCleave,SuckerPunch,IronHead,LowKick|Adamant||F|||50|
|showteam|p2|Froslass||Froslassite|SnowCloak|Blizzard,ShadowBall,AuroraVeil,Protect|Timid||F|||50|]Lopunny||Lopunnite|CuteCharm|FakeOut,CloseCombat,Encore,TripleAxel|Jolly||M|||50|]Ceruledge||Leftovers|FlashFire|SwordsDance,BitterBlade,ShadowSneak,Taunt|Jolly||M|||50|]Garchomp||LifeOrb|RoughSkin|Earthquake,StompingTantrum,RockSlide,Protect|Adamant||M|||50|]Incineroar||PasshoBerry|Intimidate|FakeOut,PartingShot,FlareBlitz,ThroatChop|Careful||F|||50|]Kingambit||FocusSash|Defiant|SuckerPunch,KowtowCleave,LowKick,Protect|Jolly||M|||50|
|inactive|Battle timer is ON: inactive players will automatically lose when time's up. (requested by lettitripppp)
|inactive|lettitripppp has 60 seconds left.
|
|t:|1783118270
|teamsize|p1|4
|teamsize|p2|4
|start
|switch|p1a: GHOSTWAVE|Basculegion, L50, M, shiny|100/100
|switch|p1b: LETS GO GO|Whimsicott, L50, F, shiny|100/100
|switch|p2a: Lopunny|Lopunny, L50, M|100/100
|switch|p2b: Kingambit|Kingambit, L50, M|100/100
|turn|1
|
|t:|1783118295
|detailschange|p2a: Lopunny|Lopunny-Mega, L50, M
|-mega|p2a: Lopunny|Lopunny|Lopunnite
|move|p1b: LETS GO GO|Protect|p1b: LETS GO GO
|-singleturn|p1b: LETS GO GO|Protect
|move|p1a: GHOSTWAVE|Protect|p1a: GHOSTWAVE
|-singleturn|p1a: GHOSTWAVE|Protect
|move|p2a: Lopunny|Fake Out|p1b: LETS GO GO
|-activate|p1b: LETS GO GO|move: Protect
|move|p2b: Kingambit|Sucker Punch||[still]
|-fail|p2b: Kingambit
|
|upkeep
|turn|2
|
|t:|1783118307
|switch|p2a: Incineroar|Incineroar, L50, F|100/100
|-ability|p2a: Incineroar|Intimidate|boost
|-unboost|p1a: GHOSTWAVE|atk|1
|-unboost|p1b: LETS GO GO|atk|1
|move|p1b: LETS GO GO|Tailwind|p1b: LETS GO GO
|-sidestart|p1: lettitripppp|move: Tailwind
|move|p2b: Kingambit|Sucker Punch|p1a: GHOSTWAVE
|-supereffective|p1a: GHOSTWAVE|1
|-damage|p1a: GHOSTWAVE|30/100
|move|p1a: GHOSTWAVE|Wave Crash|p2a: Incineroar
|-supereffective|p2a: Incineroar|1
|-enditem|p2a: Incineroar|Passho Berry|[eat]
|-enditem|p2a: Incineroar|Passho Berry|[weaken]
|-damage|p2a: Incineroar|55/100
|-damage|p1a: GHOSTWAVE|16/100|[from] Recoil
|
|upkeep
|turn|3
|
|t:|1783118324
|move|p1b: LETS GO GO|Protect|p1b: LETS GO GO
|-singleturn|p1b: LETS GO GO|Protect
|move|p2a: Incineroar|Fake Out|p1b: LETS GO GO
|-activate|p1b: LETS GO GO|move: Protect
|move|p1a: GHOSTWAVE|Aqua Jet|p2a: Incineroar
|-supereffective|p2a: Incineroar|1
|-damage|p2a: Incineroar|27/100
|move|p2b: Kingambit|Kowtow Cleave|p1a: GHOSTWAVE
|-supereffective|p1a: GHOSTWAVE|1
|-damage|p1a: GHOSTWAVE|0 fnt
|faint|p1a: GHOSTWAVE
|
|upkeep
|
|t:|1783118334
|switch|p1a: RUINOUS LIGHT|Floette-Eternal, L50, F|100/100
|turn|4
|
|t:|1783118345
|detailschange|p1a: RUINOUS LIGHT|Floette-Mega, L50, F
|-mega|p1a: RUINOUS LIGHT|Floette|Floettite
|-ability|p1a: RUINOUS LIGHT|Fairy Aura
|move|p1b: LETS GO GO|Moonblast|p2b: Kingambit
|-damage|p2b: Kingambit|55/100
|move|p1a: RUINOUS LIGHT|Dazzling Gleam|p2a: Incineroar|[spread] p2a,p2b
|-damage|p2a: Incineroar|0 fnt
|-damage|p2b: Kingambit|2/100
|faint|p2a: Incineroar
|move|p2b: Kingambit|Kowtow Cleave|p1b: LETS GO GO
|-resisted|p1b: LETS GO GO|1
|-damage|p1b: LETS GO GO|68/100
|
|upkeep
|
|t:|1783118355
|switch|p2a: Lopunny|Lopunny-Mega, L50, M|100/100
|turn|5
|
|t:|1783118370
|move|p1b: LETS GO GO|Protect|p1b: LETS GO GO
|-singleturn|p1b: LETS GO GO|Protect
|move|p1a: RUINOUS LIGHT|Protect|p1a: RUINOUS LIGHT
|-singleturn|p1a: RUINOUS LIGHT|Protect
|move|p2a: Lopunny|Fake Out|p1b: LETS GO GO
|-activate|p1b: LETS GO GO|move: Protect
|move|p2b: Kingambit|Kowtow Cleave|p1a: RUINOUS LIGHT
|-activate|p1a: RUINOUS LIGHT|move: Protect
|
|-sideend|p1: lettitripppp|move: Tailwind
|upkeep
|turn|6
|
|t:|1783118384
|move|p1b: LETS GO GO|Tailwind|p1b: LETS GO GO
|-sidestart|p1: lettitripppp|move: Tailwind
|move|p2b: Kingambit|Sucker Punch|p1a: RUINOUS LIGHT
|-resisted|p1a: RUINOUS LIGHT|1
|-damage|p1a: RUINOUS LIGHT|74/100
|move|p1a: RUINOUS LIGHT|Dazzling Gleam|p2b: Kingambit|[spread] p2a,p2b
|-supereffective|p2a: Lopunny|1
|-damage|p2a: Lopunny|0 fnt
|-damage|p2b: Kingambit|0 fnt
|faint|p2a: Lopunny
|faint|p2b: Kingambit
|
|upkeep
|
|t:|1783118391
|switch|p2b: Ceruledge|Ceruledge, L50, M|100/100
|turn|7
|
|t:|1783118398
|move|p1b: LETS GO GO|Moonblast|p2b: Ceruledge
|-resisted|p2b: Ceruledge|1
|-damage|p2b: Ceruledge|80/100
|-unboost|p2b: Ceruledge|spa|1
|move|p1a: RUINOUS LIGHT|Light of Ruin|p2b: Ceruledge
|-resisted|p2b: Ceruledge|1
|-damage|p2b: Ceruledge|31/100
|-damage|p1a: RUINOUS LIGHT|46/100|[from] Recoil
|move|p2b: Ceruledge|Bitter Blade|p1b: LETS GO GO
|-supereffective|p1b: LETS GO GO|1
|-damage|p1b: LETS GO GO|0 fnt
|-heal|p2b: Ceruledge|59/100|[from] drain|[of] p1b: LETS GO GO
|faint|p1b: LETS GO GO
|
|-heal|p2b: Ceruledge|65/100|[from] item: Leftovers
|upkeep
|
|t:|1783118405
|switch|p1b: GENERAL BLADUS|Kingambit, L50, F|100/100
|turn|8
|-message|iwillbeausername forfeited.
|
|win|lettitripppp
|l|☆iwillbeausername
|player|p2|
||iwillbeausername is ready for game 2.
