|j|☆Archanile
|j|☆csxdialga
|html|Archanilecsxdialga    
|uhtml|bestof|Game 2 of a best-of-3
|t:|1757926902
|gametype|doubles
|player|p1|Archanile|hilbert|1089
|player|p2|csxdialga|dahlia|1118
|gen|9
|tier|[Gen 9] VGC 2025 Reg H (Bo3)
|rated|
|rule|Species Clause: Limit one of each Pokémon
|rule|Item Clause: Limit 1 of each item
|clearpoke
|poke|p1|Dragonite, L50, F|
|poke|p1|Ursaluna-Bloodmoon, L50, M|
|poke|p1|Gholdengo, L50|
|poke|p1|Maushold-Four, L50|
|poke|p1|Annihilape, L50, F|
|poke|p1|Rillaboom, L50, F|
|poke|p2|Charizard, L50, F|
|poke|p2|Torkoal, L50, M|
|poke|p2|Porygon2, L50|
|poke|p2|Incineroar, L50, F|
|poke|p2|Jumpluff, L50, M|
|poke|p2|Ursaluna, L50, F|
|teampreview|4
|showteam|p1|Dragonite||LoadedDice|Multiscale|ScaleShot,Tailwind,Haze,Protect|||F|||50|,,,,,Fairy]Ursaluna-Bloodmoon||AssaultVest|MindsEye|BloodMoon,EarthPower,HyperVoice,VacuumWave|||M|||50|,,,,,Water]Gholdengo||LifeOrb|GoodasGold|MakeItRain,ShadowBall,NastyPlot,Protect||||||50|,,,,,Dragon]Maushold-Four||FocusSash|FriendGuard|Taunt,FollowMe,BeatUp,Protect||||||50|,,,,,Ghost]Annihilape||SitrusBerry|Defiant|RageFist,DrainPunch,BulkUp,Protect|||F|||50|,,,,,Fire]Rillaboom||MiracleSeed|GrassySurge|WoodHammer,GrassyGlide,HighHorsepower,FakeOut|||F|||50|,,,,,Fire
|showteam|p2|Charizard||ChoiceSpecs|SolarPower|HeatWave,Overheat,WeatherBall,AirSlash|||F|||50|,,,,,Ghost]Torkoal||EjectPack|Drought|Eruption,Overheat,HelpingHand,Protect|||M|||50|,,,,,Fire]Porygon2||Eviolite|Download|TeraBlast,IceBeam,Recover,TrickRoom||||||50|,,,,,Fighting]Incineroar||SitrusBerry|Intimidate|FlareBlitz,KnockOff,FakeOut,PartingShot|||F|||50|,,,,,Ghost]Jumpluff||CovertCloak|Chlorophyll|SleepPowder,SunnyDay,RagePowder,Tailwind|||M|||50|,,,,,Water]Ursaluna||FlameOrb|Guts|HeadlongRush,Facade,Earthquake,Protect|||F|||50|,,,,,Ghost
|inactive|Battle timer is ON: inactive players will automatically lose when time's up. (requested by csxdialga)
|inactive|Archanile has 60 seconds left.
|
|t:|1757926944
|teamsize|p1|4
|teamsize|p2|4
|start
|switch|p1a: Maushold|Maushold-Four, L50|100/100
|switch|p1b: Annihilape|Annihilape, L50, F|100/100
|switch|p2a: Charizard|Charizard, L50, F|100/100
|switch|p2b: Jumpluff|Jumpluff, L50, M|100/100
|turn|1
|inactive|Archanile has 30 seconds left.
|inactive|csxdialga has 30 seconds left.
|inactive|csxdialga has 20 seconds left.
|inactive|csxdialga has 15 seconds left.
|inactive|csxdialga has 10 seconds left.
|inactive|csxdialga has 5 seconds left.
|
|t:|1757926999
|move|p1b: Annihilape|Protect|p1b: Annihilape
|-singleturn|p1b: Annihilape|Protect
|move|p1a: Maushold|Taunt|p2b: Jumpluff
|-start|p2b: Jumpluff|move: Taunt
|cant|p2b: Jumpluff|move: Taunt|Tailwind
|move|p2a: Charizard|Air Slash|p1b: Annihilape
|-activate|p1b: Annihilape|move: Protect
|
|upkeep
|turn|2
|inactive|Archanile has 30 seconds left.
|inactive|Archanile has 20 seconds left.
|
|t:|1757927034
|switch|p2b: Porygon2|Porygon2, L50|100/100
|-ability|p2b: Porygon2|Download|boost
|-boost|p2b: Porygon2|spa|1
|-terastallize|p1b: Annihilape|Fire
|move|p1a: Maushold|Beat Up|p1b: Annihilape
|-damage|p1b: Annihilape|99/100
|-damage|p1b: Annihilape|97/100
|-damage|p1b: Annihilape|94/100
|-damage|p1b: Annihilape|92/100
|-hitcount|p1b: Annihilape|4
|move|p2a: Charizard|Air Slash|p1b: Annihilape
|-damage|p1b: Annihilape|53/100
|cant|p1b: Annihilape|flinch
|
|upkeep
|turn|3
|inactive|Archanile has 30 seconds left.
|inactive|csxdialga has 30 seconds left.
|inactive|Archanile has 20 seconds left.
|
|t:|1757927073
|-terastallize|p2b: Porygon2|Fighting
|move|p1a: Maushold|Taunt|p2b: Porygon2
|-start|p2b: Porygon2|move: Taunt
|move|p2a: Charizard|Air Slash|p1b: Annihilape
|-damage|p1b: Annihilape|20/100
|-enditem|p1b: Annihilape|Sitrus Berry|[eat]
|-heal|p1b: Annihilape|45/100|[from] item: Sitrus Berry
|move|p1b: Annihilape|Rage Fist|p2a: Charizard
|-damage|p2a: Charizard|0 fnt
|faint|p2a: Charizard
|cant|p2b: Porygon2|move: Taunt|Trick Room
|
|upkeep
|
|t:|1757927088
|switch|p2a: Ursaluna|Ursaluna, L50, F|100/100
|turn|4
|inactive|Archanile has 30 seconds left.
|inactive|Archanile has 20 seconds left.
|inactive|Archanile has 15 seconds left.
|
|t:|1757927132
|move|p1a: Maushold|Protect|p1a: Maushold
|-singleturn|p1a: Maushold|Protect
|move|p2a: Ursaluna|Protect|p2a: Ursaluna
|-singleturn|p2a: Ursaluna|Protect
|move|p1b: Annihilape|Drain Punch|p2a: Ursaluna
|-activate|p2a: Ursaluna|move: Protect
|move|p2b: Porygon2|Tera Blast|p1b: Annihilape|[anim] Tera Blast Fighting
|-damage|p1b: Annihilape|7/100
|
|-status|p2a: Ursaluna|brn|[from] item: Flame Orb
|upkeep
|turn|5
|
|t:|1757927154
|move|p1a: Maushold|Follow Me|p1a: Maushold
|-singleturn|p1a: Maushold|move: Follow Me
|move|p1b: Annihilape|Drain Punch|p2a: Ursaluna
|-supereffective|p2a: Ursaluna
|-damage|p2a: Ursaluna|48/100 brn
|-heal|p1b: Annihilape|35/100|[from] drain|[of] p2a: Ursaluna
|move|p2a: Ursaluna|Earthquake|p1a: Maushold|[spread] p2b,p1a,p1b
|-supereffective|p1b: Annihilape
|-damage|p2b: Porygon2|57/100
|-damage|p1a: Maushold|16/100
|-damage|p1b: Annihilape|0 fnt
|faint|p1b: Annihilape
|move|p2b: Porygon2|Tera Blast|p1a: Maushold|[anim] Tera Blast Fighting
|-supereffective|p1a: Maushold
|-crit|p1a: Maushold
|-damage|p1a: Maushold|0 fnt
|faint|p1a: Maushold
|
|-damage|p2a: Ursaluna|43/100 brn|[from] brn
|-end|p2b: Porygon2|move: Taunt
|upkeep
|
|t:|1757927164
|switch|p1a: Rillaboom|Rillaboom, L50, F|100/100
|switch|p1b: Dragonite|Dragonite, L50, F|100/100
|-fieldstart|move: Grassy Terrain|[from] ability: Grassy Surge|[of] p1a: Rillaboom
|turn|6
|inactive|Archanile has 30 seconds left.
|inactive|csxdialga has 30 seconds left.
|inactive|Archanile has 20 seconds left.
|inactive|csxdialga has 20 seconds left.
|inactive|csxdialga has 15 seconds left.
|inactive|csxdialga has 10 seconds left.
|inactive|csxdialga has 5 seconds left.
|
|t:|1757927216
|switch|p2a: Jumpluff|Jumpluff, L50, M|100/100
|move|p1a: Rillaboom|Fake Out|p2b: Porygon2
|-damage|p2b: Porygon2|48/100
|move|p1b: Dragonite|Scale Shot|p2a: Jumpluff
|-crit|p2a: Jumpluff
|-damage|p2a: Jumpluff|73/100
|-damage|p2a: Jumpluff|53/100
|-damage|p2a: Jumpluff|36/100
|-damage|p2a: Jumpluff|16/100
|-hitcount|p2a: Jumpluff|4
|-unboost|p1b: Dragonite|def|1
|-boost|p1b: Dragonite|spe|1
|cant|p2b: Porygon2|flinch
|
|-heal|p2b: Porygon2|54/100|[from] Grassy Terrain
|upkeep
|turn|7
|inactive|Archanile has 30 seconds left.
|inactive|csxdialga has 30 seconds left.
|inactive|Archanile has 20 seconds left.
|inactive|Archanile has 15 seconds left.
|inactive|Archanile has 10 seconds left.
|
|t:|1757927266
|move|p2a: Jumpluff|Rage Powder|p2a: Jumpluff
|-singleturn|p2a: Jumpluff|move: Rage Powder
|move|p1b: Dragonite|Scale Shot|p2a: Jumpluff|[miss]
|-miss|p1b: Dragonite|p2a: Jumpluff
|move|p1a: Rillaboom|Wood Hammer|p2b: Porygon2
|-damage|p2b: Porygon2|0 fnt
|faint|p2b: Porygon2
|-damage|p1a: Rillaboom|83/100|[from] Recoil
|
|-heal|p1a: Rillaboom|89/100|[from] Grassy Terrain
|upkeep
|
|t:|1757927277
|switch|p2b: Ursaluna|Ursaluna, L50, F|43/100 brn
|turn|8
|
|t:|1757927286
|move|p1a: Rillaboom|Grassy Glide|p2b: Ursaluna
|-supereffective|p2b: Ursaluna
|-damage|p2b: Ursaluna|0 fnt
|faint|p2b: Ursaluna
|move|p1b: Dragonite|Scale Shot|p2a: Jumpluff
|-damage|p2a: Jumpluff|0 fnt
|faint|p2a: Jumpluff
|-hitcount|p2: Jumpluff|1
|
|win|Archanile
||csxdialga is ready for game 3.
