|j|☆Crafter568
|j|☆alkdfe
|html|Crafter568alkdfe    
|uhtml|bestof|Game 1 of a best-of-3
|t:|1783453316
|gametype|doubles
|player|p1|Crafter568|hilbert|1112
|player|p2|alkdfe|elesa|1091
|gen|9
|tier|[Gen 9 Champions] VGC 2026 Reg M-B (Bo3)
|rated|
|rule|Species Clause: Limit one of each Pokémon
|rule|Item Clause: Limit 1 of each item
|clearpoke
|poke|p1|Metagross, L50|
|poke|p1|Annihilape, L50, F|
|poke|p1|Blaziken, L50, F|
|poke|p1|Sinistcha, L50|
|poke|p1|Klefki, L50, F|
|poke|p1|Floette-Eternal, L50, F|
|poke|p2|Kingambit, L50, F|
|poke|p2|Charizard, L50, F|
|poke|p2|Aerodactyl, L50, F|
|poke|p2|Farigiraf, L50, F|
|poke|p2|Garchomp, L50, F|
|poke|p2|Sylveon, L50, M|
|teampreview|4
|showteam|p1|Metagross||Metagrossite|ClearBody|IronHead,PsychicFangs,StompingTantrum,Protect|Adamant|||||50|]Annihilape||Leftovers|Defiant|RageFist,DrainPunch,BulkUp,Protect|Adamant||F|||50|]Blaziken||WideLens|SpeedBoost|Overheat,Coaching,WillOWisp,Detect|Timid||F|||50|]Sinistcha||KasibBerry|Hospitality|MatchaGotcha,RagePowder,LifeDew,Protect|Calm|||||50|]Klefki||LightClay|Prankster|ThunderWave,Reflect,LightScreen,RainDance|Bold||F|||50|]Floette-Eternal||Floettite|FlowerVeil|Moonblast,DazzlingGleam,CalmMind,Protect|Timid||F|||50|
|showteam|p2|Kingambit||FocusSash|Defiant|KowtowCleave,IronHead,SuckerPunch,LowKick|Adamant||F|||50|]Charizard||CharizarditeY|Blaze|HeatWave,SolarBeam,WeatherBall,Protect|Modest||F|||50|]Aerodactyl||Aerodactylite|Unnerve|RockSlide,DualWingbeat,IceFang,Tailwind|Jolly||F|||50|]Farigiraf||SitrusBerry|ArmorTail|Psychic,Thunderbolt,TrickRoom,Protect|Bold||F|||50|]Garchomp||LifeOrb|RoughSkin|Earthquake,DragonClaw,StompingTantrum,Protect|Jolly||F|||50|]Sylveon||FairyFeather|Pixilate|HyperVoice,HyperBeam,QuickAttack,Protect|Modest||M|||50|
|inactive|Battle timer is ON: inactive players will automatically lose when time's up. (requested by Crafter568)
|inactive|alkdfe has 60 seconds left.
|inactive|Crafter568 has 60 seconds left.
|
|t:|1783453359
|teamsize|p1|4
|teamsize|p2|4
|start
|switch|p1a: Klefki|Klefki, L50, F|100/100
|switch|p1b: Floette|Floette-Eternal, L50, F|100/100
|switch|p2a: Aerodactyl|Aerodactyl, L50, F|100/100
|switch|p2b: Sylveon|Sylveon, L50, M|100/100
|-ability|p2a: Aerodactyl|Unnerve
|turn|1
|inactive|Crafter568 has 30 seconds left.
|inactive|Crafter568 has 20 seconds left.
|
|t:|1783453396
|detailschange|p1b: Floette|Floette-Mega, L50, F
|-mega|p1b: Floette|Floette|Floettite
|-ability|p1b: Floette|Fairy Aura
|move|p1a: Klefki|Light Screen|p1a: Klefki
|-sidestart|p1: Crafter568|move: Light Screen
|move|p2a: Aerodactyl|Tailwind|p2a: Aerodactyl
|-sidestart|p2: alkdfe|move: Tailwind
|move|p2b: Sylveon|Hyper Voice|p1a: Klefki|[spread] p1a,p1b
|-resisted|p1a: Klefki|1
|-damage|p1a: Klefki|75/100
|-damage|p1b: Floette|61/100
|move|p1b: Floette|Dazzling Gleam|p2b: Sylveon|[spread] p2a,p2b
|-damage|p2a: Aerodactyl|45/100
|-damage|p2b: Sylveon|62/100
|
|upkeep
|turn|2
|inactive|Crafter568 has 30 seconds left.
|
|t:|1783453424
|move|p1b: Floette|Protect|p1b: Floette
|-singleturn|p1b: Floette|Protect
|move|p1a: Klefki|Reflect|p1a: Klefki
|-sidestart|p1: Crafter568|Reflect
|move|p2a: Aerodactyl|Rock Slide|p1a: Klefki|[spread] p1a
|-activate|p1b: Floette|move: Protect
|-resisted|p1a: Klefki|1
|-damage|p1a: Klefki|69/100
|move|p2b: Sylveon|Hyper Voice|p1b: Floette|[spread] p1a
|-activate|p1b: Floette|move: Protect
|-resisted|p1a: Klefki|1
|-damage|p1a: Klefki|42/100
|
|upkeep
|turn|3
|
|t:|1783453441
|switch|p1a: Sinistcha|Sinistcha, L50|100/100
|-heal|p1b: Floette|86/100|[from] ability: Hospitality|[of] p1a: Sinistcha
|move|p2a: Aerodactyl|Rock Slide|p1a: Sinistcha|[spread] p1a,p1b
|-damage|p1a: Sinistcha|87/100
|-damage|p1b: Floette|68/100
|move|p2b: Sylveon|Hyper Beam|p1b: Floette
|-damage|p1b: Floette|0 fnt
|-mustrecharge|p2b: Sylveon
|faint|p1b: Floette
|
|upkeep
|
|t:|1783453453
|switch|p1b: Blaziken|Blaziken, L50, F|100/100
|turn|4
|
|t:|1783453466
|move|p2a: Aerodactyl|Dual Wingbeat|p1a: Sinistcha|[miss]
|-miss|p2a: Aerodactyl|p1a: Sinistcha
|cant|p2b: Sylveon|recharge
|move|p1b: Blaziken|Overheat|p2b: Sylveon
|-damage|p2b: Sylveon|17/100
|-unboost|p1b: Blaziken|spa|2
|move|p1a: Sinistcha|Matcha Gotcha|p2a: Aerodactyl|[spread] p2a,p2b
|-damage|p2a: Aerodactyl|12/100
|-heal|p1a: Sinistcha|100/100|[from] drain|[of] p2a: Aerodactyl
|-damage|p2b: Sylveon|0 fnt
|faint|p2b: Sylveon
|
|-sideend|p2: alkdfe|move: Tailwind
|-ability|p1b: Blaziken|Speed Boost|boost
|-boost|p1b: Blaziken|spe|1
|upkeep
|inactive|alkdfe has 30 seconds left.
|
|t:|1783453493
|switch|p2b: Garchomp|Garchomp, L50, F|100/100
|turn|5
|
|t:|1783453508
|move|p1b: Blaziken|Overheat|p2a: Aerodactyl
|-resisted|p2a: Aerodactyl|1
|-damage|p2a: Aerodactyl|0 fnt
|-unboost|p1b: Blaziken|spa|2
|faint|p2a: Aerodactyl
|move|p2b: Garchomp|Earthquake|p1b: Blaziken|[spread] p1a,p1b
|-resisted|p1a: Sinistcha|1
|-supereffective|p1b: Blaziken|1
|-damage|p1a: Sinistcha|84/100
|-damage|p1b: Blaziken|10/100
|-damage|p2b: Garchomp|90/100|[from] item: Life Orb
|move|p1a: Sinistcha|Matcha Gotcha|p2b: Garchomp
|-damage|p2b: Garchomp|52/100
|-heal|p1a: Sinistcha|100/100|[from] drain|[of] p2b: Garchomp
|
|-ability|p1b: Blaziken|Speed Boost|boost
|-boost|p1b: Blaziken|spe|1
|upkeep
|
|t:|1783453524
|switch|p2a: Charizard|Charizard, L50, F|100/100
|turn|6
|
|t:|1783453542
|detailschange|p2a: Charizard|Charizard-Mega-Y, L50, F
|-mega|p2a: Charizard|Charizard|Charizardite Y
|-weather|SunnyDay|[from] ability: Drought|[of] p2a: Charizard
|move|p1a: Sinistcha|Protect|p1a: Sinistcha
|-singleturn|p1a: Sinistcha|Protect
|move|p1b: Blaziken|Will-O-Wisp|p2b: Garchomp
|-status|p2b: Garchomp|brn
|move|p2b: Garchomp|Earthquake|p1a: Sinistcha|[spread] p1b
|-activate|p1a: Sinistcha|move: Protect
|-immune|p2a: Charizard
|-supereffective|p1b: Blaziken|1
|-crit|p1b: Blaziken
|-damage|p1b: Blaziken|0 fnt
|faint|p1b: Blaziken
|-damage|p2b: Garchomp|43/100 brn|[from] item: Life Orb
|move|p2a: Charizard|Heat Wave|p1a: Sinistcha
|-activate|p1a: Sinistcha|move: Protect
|
|-weather|SunnyDay|[upkeep]
|-damage|p2b: Garchomp|37/100 brn|[from] brn
|upkeep
|
|t:|1783453564
|switch|p1b: Klefki|Klefki, L50, F|42/100
|turn|7
|
|t:|1783453571
|move|p1b: Klefki|Rain Dance|p1b: Klefki
|-weather|RainDance
|move|p2b: Garchomp|Stomping Tantrum|p1b: Klefki
|-supereffective|p1b: Klefki|1
|-damage|p1b: Klefki|13/100
|-damage|p2b: Garchomp|27/100 brn|[from] item: Life Orb
|move|p2a: Charizard|Heat Wave|p1a: Sinistcha|[spread] p1a,p1b
|-supereffective|p1a: Sinistcha|1
|-supereffective|p1b: Klefki|1
|-damage|p1a: Sinistcha|75/100
|-damage|p1b: Klefki|0 fnt
|faint|p1b: Klefki
|move|p1a: Sinistcha|Matcha Gotcha|p2a: Charizard|[spread] p2a,p2b
|-resisted|p2a: Charizard|2
|-crit|p2a: Charizard
|-damage|p2a: Charizard|91/100
|-heal|p1a: Sinistcha|79/100|[from] drain|[of] p2a: Charizard
|-damage|p2b: Garchomp|0 fnt
|-heal|p1a: Sinistcha|94/100|[from] drain|[of] p2b: Garchomp
|faint|p2b: Garchomp
|
|-weather|RainDance|[upkeep]
|upkeep
|turn|8
|
|t:|1783453594
|move|p2a: Charizard|Heat Wave|p1a: Sinistcha
|-supereffective|p1a: Sinistcha|1
|-damage|p1a: Sinistcha|64/100
|move|p1a: Sinistcha|Matcha Gotcha|p2a: Charizard
|-resisted|p2a: Charizard|2
|-damage|p2a: Charizard|85/100
|-heal|p1a: Sinistcha|67/100|[from] drain|[of] p2a: Charizard
|
|-weather|RainDance|[upkeep]
|-sideend|p1: Crafter568|move: Light Screen
|upkeep
|turn|9
|
|t:|1783453604
|move|p2a: Charizard|Heat Wave|p1a: Sinistcha
|-supereffective|p1a: Sinistcha|1
|-damage|p1a: Sinistcha|19/100
|move|p1a: Sinistcha|Matcha Gotcha|p2a: Charizard|[miss]
|-miss|p1a: Sinistcha|p2a: Charizard
|
|-weather|RainDance|[upkeep]
|-sideend|p1: Crafter568|Reflect
|upkeep
|turn|10
|
|t:|1783453614
|move|p2a: Charizard|Heat Wave|p1a: Sinistcha
|-supereffective|p1a: Sinistcha|1
|-damage|p1a: Sinistcha|0 fnt
|faint|p1a: Sinistcha
|
|win|alkdfe
||Crafter568 is ready for game 2.
||alkdfe is ready for game 2.
|uhtml|next|Next: Game 2 of 3
|l|☆Crafter568
|player|p1|
