|j|☆Slafyx
|j|☆jellytelescope
|html|Slafyxjellytelescope    
|uhtml|bestof|Game 3 of a best-of-3
|t:|1783530030
|gametype|doubles
|player|p1|Slafyx|steven|1199
|player|p2|jellytelescope|266|1223
|gen|9
|tier|[Gen 9 Champions] VGC 2026 Reg M-B (Bo3)
|rated|
|rule|Species Clause: Limit one of each Pokémon
|rule|Item Clause: Limit 1 of each item
|clearpoke
|poke|p1|Gengar, L50, F, shiny|
|poke|p1|Swampert, L50, M, shiny|
|poke|p1|Incineroar, L50, M, shiny|
|poke|p1|Politoed, L50, F, shiny|
|poke|p1|Archaludon, L50, F, shiny|
|poke|p1|Vivillon-Elegant, L50, M, shiny|
|poke|p2|Swampert, L50, F|
|poke|p2|Pelipper, L50, M|
|poke|p2|Archaludon, L50, M|
|poke|p2|Sinistcha, L50|
|poke|p2|Metagross, L50|
|poke|p2|Sableye, L50, F|
|teampreview|4
|showteam|p1|Gengar||Gengarite|CursedBody|ShadowBall,SludgeBomb,PerishSong,Protect|Timid||F|||50|]Swampert||Swampertite|Damp|WaveCrash,Earthquake,IcePunch,Protect|Adamant||M|||50|]Incineroar||PasshoBerry|Intimidate|FakeOut,ThroatChop,PartingShot,Protect|Sassy||M|||50|]Politoed||SitrusBerry|Drizzle|WeatherBall,Encore,PerishSong,Protect|Calm||F|||50|]Archaludon||Leftovers|Stamina|DragonPulse,FlashCannon,ElectroShot,Protect|Bold||F|||50|]Vivillon-Elegant||FocusSash|CompoundEyes|Hurricane,SleepPowder,RagePowder,Protect|Timid||M|||50|
|showteam|p2|Swampert||Swampertite|Torrent|Protect,WaveCrash,HighHorsepower,IcePunch|Adamant||F|||50|]Pelipper||FocusSash|Drizzle|Protect,WeatherBall,Hurricane,Tailwind|Timid||M|||50|]Archaludon||Leftovers|Stamina|Protect,ElectroShot,FlashCannon,DragonPulse|Modest||M|||50|]Sinistcha||KasibBerry|Hospitality|MatchaGotcha,RagePowder,Imprison,TrickRoom|Bold|||||50|]Metagross||Metagrossite|ClearBody|Protect,IronHead,PsychicFangs,StompingTantrum|Jolly|||||50|]Sableye||RoseliBerry|Prankster|Reflect,LightScreen,WillOWisp,RainDance|Calm||F|||50|
|inactive|Battle timer is ON: inactive players will automatically lose when time's up. (requested by Slafyx)
|
|t:|1783530044
|teamsize|p1|4
|teamsize|p2|4
|start
|switch|p1a: Swampert|Swampert, L50, M, shiny|100/100
|switch|p1b: Vivillon|Vivillon-Elegant, L50, M, shiny|100/100
|switch|p2a: THE BRIDGE|Archaludon, L50, M|100/100
|switch|p2b: Sableye|Sableye, L50, F|100/100
|turn|1
|
|t:|1783530058
|detailschange|p1a: Swampert|Swampert-Mega, L50, M, shiny
|-mega|p1a: Swampert|Swampert|Swampertite
|move|p1b: Vivillon|Rage Powder|p1b: Vivillon
|-singleturn|p1b: Vivillon|move: Rage Powder
|move|p2b: Sableye|Will-O-Wisp|p1b: Vivillon|[miss]
|-miss|p2b: Sableye|p1b: Vivillon
|move|p1a: Swampert|Earthquake|p2b: Sableye|[spread] p2a,p2b
|-immune|p1b: Vivillon
|-supereffective|p2a: THE BRIDGE|1
|-damage|p2a: THE BRIDGE|25/100
|-damage|p2b: Sableye|31/100
|-ability|p2a: THE BRIDGE|Stamina|boost
|-boost|p2a: THE BRIDGE|def|1
|move|p2a: THE BRIDGE|Dragon Pulse|p1b: Vivillon
|-damage|p1b: Vivillon|27/100
|
|-heal|p2a: THE BRIDGE|31/100|[from] item: Leftovers
|upkeep
|turn|2
|inactive|jellytelescope has 30 seconds left.
|
|t:|1783530087
|switch|p2b: Sinistcha|Sinistcha, L50|100/100
|-heal|p2a: THE BRIDGE|56/100|[from] ability: Hospitality|[of] p2b: Sinistcha
|move|p2a: THE BRIDGE|Protect|p2a: THE BRIDGE
|-singleturn|p2a: THE BRIDGE|Protect
|move|p1b: Vivillon|Rage Powder|p1b: Vivillon
|-singleturn|p1b: Vivillon|move: Rage Powder
|move|p1a: Swampert|Earthquake|p2a: THE BRIDGE|[spread] p2b
|-activate|p2a: THE BRIDGE|move: Protect
|-immune|p1b: Vivillon
|-resisted|p2b: Sinistcha|1
|-damage|p2b: Sinistcha|82/100
|
|-heal|p2a: THE BRIDGE|62/100|[from] item: Leftovers
|upkeep
|turn|3
|
|t:|1783530110
|move|p2b: Sinistcha|Rage Powder|p2b: Sinistcha
|-singleturn|p2b: Sinistcha|move: Rage Powder
|move|p1b: Vivillon|Hurricane|p2b: Sinistcha
|-supereffective|p2b: Sinistcha|1
|-damage|p2b: Sinistcha|0 fnt
|faint|p2b: Sinistcha
|move|p1a: Swampert|Earthquake|p2a: THE BRIDGE|[spread] p2a
|-immune|p1b: Vivillon
|-supereffective|p2a: THE BRIDGE|1
|-damage|p2a: THE BRIDGE|18/100
|-ability|p2a: THE BRIDGE|Stamina|boost
|-boost|p2a: THE BRIDGE|def|1
|move|p2a: THE BRIDGE|Dragon Pulse|p1b: Vivillon
|-crit|p1b: Vivillon
|-damage|p1b: Vivillon|0 fnt
|faint|p1b: Vivillon
|
|-heal|p2a: THE BRIDGE|25/100|[from] item: Leftovers
|upkeep
|
|t:|1783530127
|switch|p1b: Archaludon|Archaludon, L50, F, shiny|100/100
|switch|p2b: Sableye|Sableye, L50, F|31/100
|turn|4
|
|t:|1783530145
|switch|p1a: Incineroar|Incineroar, L50, M, shiny|100/100
|-ability|p1a: Incineroar|Intimidate|boost
|-unboost|p2a: THE BRIDGE|atk|1
|-unboost|p2b: Sableye|atk|1
|move|p2b: Sableye|Will-O-Wisp|p1a: Incineroar
|-immune|p1a: Incineroar
|move|p2a: THE BRIDGE|Dragon Pulse|p1a: Incineroar
|-damage|p1a: Incineroar|71/100
|move|p1b: Archaludon|Dragon Pulse|p2a: THE BRIDGE
|-damage|p2a: THE BRIDGE|0 fnt
|faint|p2a: THE BRIDGE
|
|upkeep
|
|t:|1783530148
|switch|p2a: Swampert|Swampert, L50, F|100/100
|turn|5
|
|t:|1783530162
|switch|p1a: Swampert|Swampert-Mega, L50, M, shiny|100/100
|detailschange|p2a: Swampert|Swampert-Mega, L50, F
|-mega|p2a: Swampert|Swampert|Swampertite
|move|p1b: Archaludon|Protect|p1b: Archaludon
|-singleturn|p1b: Archaludon|Protect
|move|p2b: Sableye|Will-O-Wisp|p1a: Swampert
|-status|p1a: Swampert|brn
|move|p2a: Swampert|High Horsepower|p1b: Archaludon
|-activate|p1b: Archaludon|move: Protect
|
|-damage|p1a: Swampert|93/100 brn|[from] brn
|upkeep
|turn|6
|
|t:|1783530181
|switch|p1b: Incineroar|Incineroar, L50, M, shiny|71/100
|-ability|p1b: Incineroar|Intimidate|boost
|-unboost|p2a: Swampert|atk|1
|-unboost|p2b: Sableye|atk|1
|move|p2b: Sableye|Rain Dance|p2b: Sableye
|-weather|RainDance
|move|p1a: Swampert|Wave Crash|p2a: Swampert
|-damage|p2a: Swampert|51/100
|-damage|p1a: Swampert|76/100 brn|[from] Recoil
|move|p2a: Swampert|Wave Crash|p1a: Swampert
|-damage|p1a: Swampert|9/100 brn
|-damage|p2a: Swampert|30/100|[from] Recoil
|
|-weather|RainDance|[upkeep]
|-damage|p1a: Swampert|3/100 brn|[from] brn
|upkeep
|turn|7
|
|t:|1783530196
|move|p2a: Swampert|Protect|p2a: Swampert
|-singleturn|p2a: Swampert|Protect
|move|p1b: Incineroar|Fake Out|p2a: Swampert
|-activate|p2a: Swampert|move: Protect
|move|p2b: Sableye|Reflect|p2b: Sableye
|-sidestart|p2: jellytelescope|Reflect
|move|p1a: Swampert|Wave Crash|p2b: Sableye
|-damage|p2b: Sableye|0 fnt
|faint|p2b: Sableye
|-damage|p1a: Swampert|0 fnt|[from] Recoil
|faint|p1a: Swampert
|
|-weather|RainDance|[upkeep]
|upkeep
|
|t:|1783530198
|switch|p1a: Archaludon|Archaludon, L50, F, shiny|100/100
|turn|8
|
|t:|1783530211
|move|p2a: Swampert|Wave Crash|p1b: Incineroar
|-supereffective|p1b: Incineroar|1
|-enditem|p1b: Incineroar|Passho Berry|[eat]
|-enditem|p1b: Incineroar|Passho Berry|[weaken]
|-damage|p1b: Incineroar|13/100
|-damage|p2a: Swampert|11/100|[from] Recoil
|move|p1a: Archaludon|Dragon Pulse|p2a: Swampert
|-damage|p2a: Swampert|0 fnt
|faint|p2a: Swampert
|
|win|Slafyx
|raw|Slafyx's rating: 1199 → 1226(+27 for winning)
|raw|jellytelescope's rating: 1223 → 1196(-27 for losing)
