|j|☆XZ_LuxShadow
|j|☆wild2331
|html|XZ_LuxShadowwild2331    
|uhtml|bestof|Game 3 of a best-of-3
|t:|1784880732
|gametype|doubles
|player|p1|XZ_LuxShadow|lucas|1000
|player|p2|wild2331|byron|1035
|gen|9
|tier|[Gen 9 Champions] VGC 2026 Reg M-B (Bo3)
|rated|
|rule|Species Clause: Limit one of each Pokémon
|rule|Item Clause: Limit 1 of each item
|clearpoke
|poke|p1|Staraptor, L50, M|
|poke|p1|Grimmsnarl, L50, M|
|poke|p1|Raichu, L50, F|
|poke|p1|Whimsicott, L50, M|
|poke|p1|Incineroar, L50, F|
|poke|p1|Basculegion, L50, M|
|poke|p2|Charizard, L50, F|
|poke|p2|Eelektross, L50, M|
|poke|p2|Samurott-Hisui, L50, M|
|poke|p2|Mimikyu, L50, F|
|poke|p2|Garchomp, L50, F|
|poke|p2|Scizor, L50, F|
|teampreview|4
|showteam|p1|Staraptor||Staraptite|Intimidate|CloseCombat,BraveBird,Roost,BlazeKick|Adamant||M|||50|]Grimmsnarl||LightClay|Prankster|ScaryFace,PartingShot,SpiritBreak,LightScreen|Careful||M|||50|]Raichu||LifeOrb|LightningRod|Tickle,Thunderbolt,Surf,DazzlingGleam|Timid||F|||50|]Whimsicott||FocusSash|Prankster|FakeTears,Tailwind,GigaDrain,Taunt|Bold||M|||50|]Incineroar||SitrusBerry|Intimidate|FakeOut,PartingShot,FlareBlitz,DarkestLariat|Adamant||F|||50|]Basculegion||ChoiceScarf|Adaptability|WaveCrash,DoubleEdge,FlipTurn,IceFang|Jolly||M|||50|
|showteam|p2|Charizard||CharizarditeY|SolarPower|HeatWave,AncientPower,FireBlast,SolarBeam|Timid||F|||50|]Eelektross||LifeOrb|Levitate|Thunderbolt,Flamethrower,GigaDrain,Protect|Quiet||M|||50|]Samurott-Hisui||ScopeLens|Sharpness|NightSlash,CeaselessEdge,AquaCutter,Protect|Jolly||M|||50|]Mimikyu||MentalHerb|Disguise|PlayRough,TrickRoom,ShadowSneak,Protect|Jolly||F|||50|]Garchomp||ChoiceScarf|RoughSkin|Earthquake,DragonClaw,RockSlide,StompingTantrum|Jolly||F|||50|]Scizor||Scizorite|Technician|BulletPunch,BugBite,SwordsDance,Protect|Adamant||F|||50|
|inactive|Battle timer is ON: inactive players will automatically lose when time's up. (requested by XZ_LuxShadow)
|
|t:|1784880753
|teamsize|p1|4
|teamsize|p2|4
|start
|switch|p1a: Staraptor|Staraptor, L50, M|100/100
|switch|p1b: Basculegion|Basculegion, L50, M|100/100
|switch|p2a: Charizard|Charizard, L50, F|100/100
|switch|p2b: Garchomp|Garchomp, L50, F|100/100
|-ability|p1a: Staraptor|Intimidate|boost
|-unboost|p2a: Charizard|atk|1
|-unboost|p2b: Garchomp|atk|1
|turn|1
|
|t:|1784880773
|switch|p2a: Eelektross|Eelektross, L50, M|100/100
|detailschange|p1a: Staraptor|Staraptor-Mega, L50, M
|-mega|p1a: Staraptor|Staraptor|Staraptite
|move|p2b: Garchomp|Earthquake|p1b: Basculegion|[spread] p1b
|-immune|p2a: Eelektross|[from] ability: Levitate
|-immune|p1a: Staraptor
|-damage|p1b: Basculegion|66/100
|move|p1b: Basculegion|Ice Fang|p2b: Garchomp
|-supereffective|p2b: Garchomp|2
|-damage|p2b: Garchomp|20/100r
|-damage|p1b: Basculegion|54/100|[from] ability: Rough Skin|[of] p2b: Garchomp
|move|p1a: Staraptor|Close Combat|p2a: Eelektross
|-damage|p2a: Eelektross|17/100
|-boost|p1a: Staraptor|def|1
|-boost|p1a: Staraptor|spd|1
|
|upkeep
|turn|2
|inactive|wild2331 has 30 seconds left.
|
|t:|1784880806
|switch|p2b: Samurott|Samurott-Hisui, L50, M|100/100
|move|p1b: Basculegion|Ice Fang|p2b: Samurott
|-resisted|p2b: Samurott|1
|-damage|p2b: Samurott|86/100
|move|p1a: Staraptor|Close Combat|p2a: Eelektross
|-damage|p2a: Eelektross|0 fnt
|-boost|p1a: Staraptor|def|1
|-boost|p1a: Staraptor|spd|1
|faint|p2a: Eelektross
|
|upkeep
|
|t:|1784880817
|switch|p2a: Charizard|Charizard, L50, F|100/100
|turn|3
|
|t:|1784880831
|switch|p1b: Incineroar|Incineroar, L50, F|100/100
|-ability|p1b: Incineroar|Intimidate|boost
|-unboost|p2a: Charizard|atk|1
|-unboost|p2b: Samurott|atk|1
|detailschange|p2a: Charizard|Charizard-Mega-Y, L50, F
|-mega|p2a: Charizard|Charizard|Charizardite Y
|-weather|SunnyDay|[from] ability: Drought|[of] p2a: Charizard
|move|p2a: Charizard|Ancient Power|p1b: Incineroar
|-supereffective|p1b: Incineroar|1
|-damage|p1b: Incineroar|53/100
|move|p1a: Staraptor|Close Combat|p2b: Samurott
|-supereffective|p2b: Samurott|1
|-damage|p2b: Samurott|0 fnt
|-boost|p1a: Staraptor|def|1
|-boost|p1a: Staraptor|spd|1
|faint|p2b: Samurott
|
|-weather|SunnyDay|[upkeep]
|upkeep
|
|t:|1784880847
|switch|p2b: Garchomp|Garchomp, L50, F|20/100r
|turn|4
|
|t:|1784880857
|move|p1b: Incineroar|Fake Out|p2b: Garchomp
|-damage|p2b: Garchomp|6/100
|-damage|p1b: Incineroar|41/100|[from] ability: Rough Skin|[of] p2b: Garchomp
|-enditem|p1b: Incineroar|Sitrus Berry|[eat]
|-heal|p1b: Incineroar|65/100|[from] item: Sitrus Berry
|cant|p2b: Garchomp|flinch
|move|p2a: Charizard|Ancient Power|p1b: Incineroar
|-supereffective|p1b: Incineroar|1
|-damage|p1b: Incineroar|20/100y
|move|p1a: Staraptor|Close Combat|p2a: Charizard
|-resisted|p2a: Charizard|1
|-damage|p2a: Charizard|49/100
|-boost|p1a: Staraptor|def|1
|-boost|p1a: Staraptor|spd|1
|
|-weather|SunnyDay|[upkeep]
|upkeep
|turn|5
|
|t:|1784880880
|move|p2b: Garchomp|Earthquake|p1a: Staraptor|[spread] p1b
|-immune|p2a: Charizard
|-immune|p1a: Staraptor
|-supereffective|p1b: Incineroar|1
|-damage|p1b: Incineroar|0 fnt
|faint|p1b: Incineroar
|move|p2a: Charizard|Ancient Power|p1a: Staraptor
|-damage|p1a: Staraptor|90/100
|move|p1a: Staraptor|Close Combat|p2a: Charizard
|-resisted|p2a: Charizard|1
|-damage|p2a: Charizard|0 fnt
|-boost|p1a: Staraptor|def|1
|-boost|p1a: Staraptor|spd|1
|faint|p2a: Charizard
|
|-weather|SunnyDay|[upkeep]
|upkeep
|
|t:|1784880892
|switch|p1b: Raichu|Raichu, L50, F|100/100
|turn|6
|
|t:|1784880897
|move|p2b: Garchomp|Earthquake|p1b: Raichu|[spread] p1b
|-immune|p1a: Staraptor
|-supereffective|p1b: Raichu|1
|-damage|p1b: Raichu|0 fnt
|faint|p1b: Raichu
|move|p1a: Staraptor|Roost|p1a: Staraptor
|-heal|p1a: Staraptor|100/100
|-singleturn|p1a: Staraptor|move: Roost
|
|-weather|SunnyDay|[upkeep]
|upkeep
|
|t:|1784880900
|switch|p1b: Basculegion|Basculegion, L50, M|54/100
|turn|7
|
|t:|1784880909
|move|p2b: Garchomp|Earthquake|p1a: Staraptor|[spread] p1b
|-immune|p1a: Staraptor
|-damage|p1b: Basculegion|0 fnt
|faint|p1b: Basculegion
|move|p1a: Staraptor|Close Combat|p2b: Garchomp
|-damage|p2b: Garchomp|0 fnt
|-boost|p1a: Staraptor|def|1
|-boost|p1a: Staraptor|spd|1
|-damage|p1a: Staraptor|87/100|[from] ability: Rough Skin|[of] p2b: Garchomp
|faint|p2b: Garchomp
|
|win|XZ_LuxShadow
|raw|XZ_LuxShadow's rating: 1000 → 1044(+44 for winning)
|raw|wild2331's rating: 1035 → 1018(-17 for losing)
|c|☆XZ_LuxShadow|Gg
