|j|☆graal_of_gamers
|j|‽Smimr
|html|graal_of_gamersSmimr    
|uhtml|bestof|Game 1 of a best-of-3
|t:|1786205380
|gametype|doubles
|player|p1|graal_of_gamers|1|
|player|p2|Smimr|richboy-gen4|
|gen|9
|tier|[Gen 9 Champions] VGC 2026 Reg M-B (Bo3)
|rule|Species Clause: Limit one of each Pokémon
|rule|Item Clause: Limit 1 of each item
|clearpoke
|poke|p1|Steelix, L50, M, shiny|
|poke|p1|Slowbro, L50, F, shiny|
|poke|p1|Sylveon, L50, M, shiny|
|poke|p1|Luxray, L50, F, shiny|
|poke|p1|Sableye, L50, M, shiny|
|poke|p1|Mr. Rime, L50, F, shiny|
|poke|p2|Runerigus, L50, F|
|poke|p2|Slowbro, L50, F|
|poke|p2|Emboar, L50, F|
|poke|p2|Abomasnow, L50, M|
|poke|p2|Steelix, L50, F|
|poke|p2|Sableye, L50, F|
|teampreview|4
|showteam|p1|Steelix||Steelixite|Sturdy|HeavySlam,HighHorsepower,BodyPress,Protect|Impish||M|||50|]Slowbro||Slowbronite|Oblivious|HydroPump,SlackOff,Protect,TrickRoom|Relaxed||F|||50|]Sylveon||LifeOrb|Pixilate|HyperVoice,Protect,QuickAttack,CalmMind|Modest||M|||50|]Luxray||Magnet|Intimidate|VoltSwitch,SupercellSlam,Protect,Snarl|Sassy||F|||50|]Sableye||LightClay|Prankster|LightScreen,FakeOut,Encore,FoulPlay|Impish||M|||50|]Mr. Rime||ExpertBelt|ScreenCleaner|FakeOut,FreezeDry,Psychic,Protect|Modest||F|||50|
|showteam|p2|Runerigus||MentalHerb|WanderingSpirit|TrickRoom,Taunt,WillOWisp,Poltergeist|Sassy||F|||50|]Slowbro||Leftovers|Regenerator|TrickRoom,Scald,CalmMind,SlackOff|Relaxed||F|||50|]Emboar||LifeOrb|Reckless|FlareBlitz,CloseCombat,WildCharge,Protect|Brave||F|||50|]Abomasnow||Abomasite|SnowWarning|Blizzard,EarthPower,GigaDrain,Protect|Quiet||M|||50|]Steelix||Steelixite|Sturdy|GyroBall,HighHorsepower,Curse,Protect|Brave||F|||50|]Sableye||LightClay|Prankster|LightScreen,Reflect,Quash,FakeOut|Calm||F|||50|
|
|t:|1786205420
|teamsize|p1|4
|teamsize|p2|4
|start
|switch|p1a: Хатсуке Мику|Sylveon, L50, M, shiny|100/100
|switch|p1b: Мелкий Пиздюк 2.0|Sableye, L50, M, shiny|100/100
|switch|p2a: Slowbro|Slowbro, L50, F|100/100
|switch|p2b: Emboar|Emboar, L50, F|100/100
|turn|1
|
|t:|1786205440
|move|p2b: Emboar|Protect|p2b: Emboar
|-singleturn|p2b: Emboar|Protect
|move|p1b: Мелкий Пиздюк 2.0|Fake Out|p2a: Slowbro
|-damage|p2a: Slowbro|95/100
|move|p1a: Хатсуке Мику|Calm Mind|p1a: Хатсуке Мику
|-boost|p1a: Хатсуке Мику|spa|1
|-boost|p1a: Хатсуке Мику|spd|1
|cant|p2a: Slowbro|flinch
|
|-heal|p2a: Slowbro|100/100|[from] item: Leftovers
|upkeep
|turn|2
|
|t:|1786205448
|switch|p2b: Steelix|Steelix, L50, F|100/100
|move|p1b: Мелкий Пиздюк 2.0|Encore||[still]
|-fail|p1b: Мелкий Пиздюк 2.0
|move|p1a: Хатсуке Мику|Hyper Voice|p2a: Slowbro|[spread] p2a,p2b
|-resisted|p2b: Steelix|1
|-damage|p2a: Slowbro|20/100y
|-damage|p2b: Steelix|43/100
|-damage|p1a: Хатсуке Мику|90/100|[from] item: Life Orb
|move|p2a: Slowbro|Trick Room|p2a: Slowbro
|-fieldstart|move: Trick Room|[of] p2a: Slowbro
|
|-heal|p2a: Slowbro|26/100|[from] item: Leftovers
|upkeep
|turn|3
|j| ido1234567890
|
|t:|1786205472
|detailschange|p2b: Steelix|Steelix-Mega, L50, F
|-mega|p2b: Steelix|Steelix|Steelixite
|move|p1a: Хатсуке Мику|Protect|p1a: Хатсуке Мику
|-singleturn|p1a: Хатсуке Мику|Protect
|move|p2b: Steelix|Gyro Ball|p1a: Хатсуке Мику
|-activate|p1a: Хатсуке Мику|move: Protect
|move|p2a: Slowbro|Slack Off|p2a: Slowbro
|-heal|p2a: Slowbro|76/100
|move|p1b: Мелкий Пиздюк 2.0|Foul Play|p2a: Slowbro
|-supereffective|p2a: Slowbro|1
|-damage|p2a: Slowbro|47/100
|
|-heal|p2a: Slowbro|52/100|[from] item: Leftovers
|upkeep
|turn|4
|
|t:|1786205496
|switch|p1a: Чиловая Выдра|Slowbro, L50, F, shiny|100/100
|move|p1b: Мелкий Пиздюк 2.0|Light Screen|p1b: Мелкий Пиздюк 2.0
|-sidestart|p1: graal_of_gamers|move: Light Screen
|move|p2a: Slowbro|Calm Mind|p2a: Slowbro
|-boost|p2a: Slowbro|spa|1
|-boost|p2a: Slowbro|spd|1
|move|p2b: Steelix|Gyro Ball|p1a: Чиловая Выдра
|-resisted|p1a: Чиловая Выдра|1
|-damage|p1a: Чиловая Выдра|95/100
|
|-heal|p2a: Slowbro|58/100|[from] item: Leftovers
|upkeep
|turn|5
|
|t:|1786205514
|detailschange|p1a: Чиловая Выдра|Slowbro-Mega, L50, F, shiny
|-mega|p1a: Чиловая Выдра|Slowbro|Slowbronite
|move|p1b: Мелкий Пиздюк 2.0|Encore|p2a: Slowbro
|-start|p2a: Slowbro|Encore
|move|p1a: Чиловая Выдра|Hydro Pump|p2b: Steelix
|-supereffective|p2b: Steelix|1
|-damage|p2b: Steelix|0 fnt
|faint|p2b: Steelix
|move|p2a: Slowbro|Calm Mind|p2a: Slowbro
|-boost|p2a: Slowbro|spa|1
|-boost|p2a: Slowbro|spd|1
|
|-heal|p2a: Slowbro|64/100|[from] item: Leftovers
|upkeep
|
|t:|1786205523
|switch|p2b: Abomasnow|Abomasnow, L50, M|100/100
|-weather|Snowscape|[from] ability: Snow Warning|[of] p2b: Abomasnow
|turn|6
|
|t:|1786205530
|switch|p1b: ЛжеНегр|Luxray, L50, F, shiny|100/100
|-ability|p1b: ЛжеНегр|Intimidate|boost
|-unboost|p2a: Slowbro|atk|1
|-unboost|p2b: Abomasnow|atk|1
|move|p1a: Чиловая Выдра|Hydro Pump|p2b: Abomasnow
|-resisted|p2b: Abomasnow|1
|-damage|p2b: Abomasnow|74/100
|move|p2a: Slowbro|Calm Mind|p2a: Slowbro
|-boost|p2a: Slowbro|spa|1
|-boost|p2a: Slowbro|spd|1
|move|p2b: Abomasnow|Giga Drain|p1a: Чиловая Выдра
|-supereffective|p1a: Чиловая Выдра|1
|-damage|p1a: Чиловая Выдра|53/100
|-heal|p2b: Abomasnow|95/100|[from] drain|[of] p1a: Чиловая Выдра
|
|-weather|Snowscape|[upkeep]
|-heal|p2a: Slowbro|70/100|[from] item: Leftovers
|-fieldend|move: Trick Room
|upkeep
|turn|7
|
|t:|1786205571
|move|p1b: ЛжеНегр|Supercell Slam|p2a: Slowbro
|-supereffective|p2a: Slowbro|1
|-damage|p2a: Slowbro|14/100
|move|p2b: Abomasnow|Earth Power|p1b: ЛжеНегр
|-supereffective|p1b: ЛжеНегр|1
|-damage|p1b: ЛжеНегр|69/100
|move|p2a: Slowbro|Calm Mind|p2a: Slowbro
|-boost|p2a: Slowbro|spa|1
|-boost|p2a: Slowbro|spd|1
|move|p1a: Чиловая Выдра|Slack Off|p1a: Чиловая Выдра
|-heal|p1a: Чиловая Выдра|100/100
|
|-weather|Snowscape|[upkeep]
|-heal|p2a: Slowbro|20/100y|[from] item: Leftovers
|-end|p2a: Slowbro|Encore
|upkeep
|turn|8
|
|t:|1786205589
|move|p1b: ЛжеНегр|Supercell Slam|p2a: Slowbro
|-supereffective|p2a: Slowbro|1
|-damage|p2a: Slowbro|0 fnt
|faint|p2a: Slowbro
|move|p2b: Abomasnow|Earth Power|p1b: ЛжеНегр
|-supereffective|p1b: ЛжеНегр|1
|-damage|p1b: ЛжеНегр|39/100
|move|p1a: Чиловая Выдра|Hydro Pump|p2b: Abomasnow
|-resisted|p2b: Abomasnow|1
|-damage|p2b: Abomasnow|71/100
|
|-weather|Snowscape|[upkeep]
|upkeep
|
|t:|1786205598
|switch|p2a: Emboar|Emboar, L50, F|100/100
|turn|9
|
|t:|1786205614
|switch|p1b: Мелкий Пиздюк 2.0|Sableye, L50, M, shiny|100/100
|move|p2a: Emboar|Protect|p2a: Emboar
|-singleturn|p2a: Emboar|Protect
|move|p2b: Abomasnow|Giga Drain|p1a: Чиловая Выдра
|-supereffective|p1a: Чиловая Выдра|1
|-damage|p1a: Чиловая Выдра|61/100
|-heal|p2b: Abomasnow|91/100|[from] drain|[of] p1a: Чиловая Выдра
|move|p1a: Чиловая Выдра|Hydro Pump|p2a: Emboar
|-activate|p2a: Emboar|move: Protect
|
|-weather|Snowscape|[upkeep]
|upkeep
|turn|10
|
|t:|1786205631
|move|p1b: Мелкий Пиздюк 2.0|Fake Out|p2b: Abomasnow
|-damage|p2b: Abomasnow|85/100
|move|p2a: Emboar|Flare Blitz|p1b: Мелкий Пиздюк 2.0
|-damage|p1b: Мелкий Пиздюк 2.0|0 fnt
|faint|p1b: Мелкий Пиздюк 2.0
|-damage|p2a: Emboar|76/100|[from] Recoil
|-damage|p2a: Emboar|66/100|[from] item: Life Orb
|cant|p2b: Abomasnow|flinch
|move|p1a: Чиловая Выдра|Hydro Pump|p2a: Emboar
|-supereffective|p2a: Emboar|1
|-damage|p2a: Emboar|0 fnt
|faint|p2a: Emboar
|
|-weather|none
|upkeep
|
|t:|1786205640
|switch|p1b: Хатсуке Мику|Sylveon, L50, M, shiny|90/100
|turn|11
|
|t:|1786205653
|move|p1b: Хатсуке Мику|Hyper Voice|p2b: Abomasnow
|-damage|p2b: Abomasnow|6/100
|-damage|p1b: Хатсуке Мику|80/100|[from] item: Life Orb
|move|p2b: Abomasnow|Blizzard|p1a: Чиловая Выдра|[spread] p1a
|-miss|p2b: Abomasnow|p1b: Хатсуке Мику
|-resisted|p1a: Чиловая Выдра|1
|-damage|p1a: Чиловая Выдра|50/100g
|move|p1a: Чиловая Выдра|Slack Off|p1a: Чиловая Выдра
|-heal|p1a: Чиловая Выдра|100/100
|
|-sideend|p1: graal_of_gamers|move: Light Screen
|upkeep
|turn|12
|
|t:|1786205661
|move|p1b: Хатсуке Мику|Quick Attack|p2b: Abomasnow
|-damage|p2b: Abomasnow|0 fnt
|faint|p2b: Abomasnow
|-damage|p1b: Хатсуке Мику|70/100|[from] item: Life Orb
|
|win|graal_of_gamers
||Smimr is ready for game 2.
||graal_of_gamers is ready for game 2.
|uhtml|next|Next: Game 2 of 3
|l| ido1234567890
|l|☆graal_of_gamers
|player|p1|
|j|☆graal_of_gamers
|player|p1|graal_of_gamers|1|
