|j|☆Sapphire39
|j|☆uzuki0401
|html|Sapphire39uzuki0401    
|uhtml|bestof|Game 3 of a best-of-3
|t:|1782188884
|gametype|doubles
|player|p1|Sapphire39|rosa|
|player|p2|uzuki0401|will|
|gen|9
|tier|[Gen 9 Champions] VGC 2026 Reg M-B (Bo3)
|rule|Species Clause: Limit one of each Pokémon
|rule|Item Clause: Limit 1 of each item
|clearpoke
|poke|p1|Whimsicott, L50, F|
|poke|p1|Swampert, L50, M|
|poke|p1|Pelipper, L50, M|
|poke|p1|Archaludon, L50, F|
|poke|p1|Basculegion, L50, M|
|poke|p1|Floette-Eternal, L50, F|
|poke|p2|Scrafty, L50, M|
|poke|p2|Staraptor, L50, F|
|poke|p2|Whimsicott, L50, F|
|poke|p2|Torkoal, L50, M|
|poke|p2|Basculegion, L50, M|
|poke|p2|Floette-Eternal, L50, F|
|teampreview|4
|showteam|p1|Whimsicott||CobaBerry|Prankster|Moonblast,Tailwind,Encore,Protect|Bold||F|||50|]Swampert||Swampertite|Damp|WaveCrash,Earthquake,IcePunch,Protect|Adamant||M|||50|]Pelipper||LifeOrb|Drizzle|Hurricane,WeatherBall,Tailwind,Protect|Modest||M|||50|]Archaludon||Leftovers|Stamina|DracoMeteor,FlashCannon,ElectroShot,Protect|Modest||F|||50|]Basculegion||FocusSash|Adaptability|Liquidation,LastRespects,AquaJet,Protect|Adamant||M|||50|]Floette-Eternal||Floettite|FlowerVeil|Moonblast,DazzlingGleam,LightofRuin,Protect|Modest||F|||50|
|showteam|p2|Scrafty||Scraftinite|Intimidate|FakeOut,Protect,KnockOff,CloseCombat|Serious||M|||50|]Staraptor||ChoiceScarf|Intimidate|DoubleEdge,FinalGambit,Uturn,BraveBird|Jolly||F|||50|]Whimsicott||FocusSash|Prankster|Encore,Tailwind,TrickRoom,Moonblast|Modest||F|||50|]Torkoal||Charcoal|Drought|Eruption,HeatWave,SolarBeam,WeatherBall|Quiet||M|||50|]Basculegion|||SwiftSwim|WaveCrash,LastRespects,AquaJet,Protect|Adamant||M|||50|]Floette-Eternal||Floettite|FlowerVeil|Protect,Moonblast,LightofRuin,DazzlingGleam|Modest||F|||50|
|
|t:|1782188928
|teamsize|p1|4
|teamsize|p2|4
|start
|switch|p1a: Whimsicott|Whimsicott, L50, F|100/100
|switch|p1b: Floette|Floette-Eternal, L50, F|100/100
|switch|p2a: Whimsicott|Whimsicott, L50, F|100/100
|switch|p2b: Staraptor|Staraptor, L50, F|100/100
|-ability|p2b: Staraptor|Intimidate|boost
|-block|p1a: Whimsicott|ability: Flower Veil|[of] p1b: Floette
|-unboost|p1b: Floette|atk|1
|turn|1
|
|t:|1782188955
|move|p1b: Floette|Protect|p1b: Floette
|-singleturn|p1b: Floette|Protect
|move|p2a: Whimsicott|Tailwind|p2a: Whimsicott
|-sidestart|p2: uzuki0401|move: Tailwind
|move|p2b: Staraptor|Final Gambit|p1b: Floette
|-activate|p1b: Floette|move: Protect
|move|p1a: Whimsicott|Moonblast|p2b: Staraptor
|-crit|p2b: Staraptor
|-damage|p2b: Staraptor|39/100
|
|upkeep
|turn|2
|
|t:|1782188986
|detailschange|p1b: Floette|Floette-Mega, L50, F
|-mega|p1b: Floette|Floette|Floettite
|-ability|p1b: Floette|Fairy Aura
|move|p2a: Whimsicott|Encore|p1a: Whimsicott
|-start|p1a: Whimsicott|Encore
|move|p2b: Staraptor|Final Gambit|p1b: Floette
|-damage|p1b: Floette|50/100g
|faint|p2b: Staraptor
|move|p1b: Floette|Dazzling Gleam|p2a: Whimsicott
|-damage|p2a: Whimsicott|5/100
|move|p1a: Whimsicott|Moonblast|p2a: Whimsicott
|-damage|p2a: Whimsicott|0 fnt
|faint|p2a: Whimsicott
|
|upkeep
|
|t:|1782189000
|switch|p2b: Basculegion|Basculegion, L50, M|100/100
|switch|p2a: Floette|Floette-Eternal, L50, F|100/100
|turn|3
|
|t:|1782189018
|switch|p1a: Archaludon|Archaludon, L50, F|100/100
|detailschange|p2a: Floette|Floette-Mega, L50, F
|-mega|p2a: Floette|Floette|Floettite
|-ability|p2a: Floette|Fairy Aura
|move|p1b: Floette|Protect|p1b: Floette
|-singleturn|p1b: Floette|Protect
|move|p2a: Floette|Dazzling Gleam|p1b: Floette|[spread] p1a
|-activate|p1b: Floette|move: Protect
|-damage|p1a: Archaludon|54/100
|-ability|p1a: Archaludon|Stamina|boost
|-boost|p1a: Archaludon|def|1
|move|p2b: Basculegion|Last Respects|p1a: Archaludon
|-damage|p1a: Archaludon|17/100
|-ability|p1a: Archaludon|Stamina|boost
|-boost|p1a: Archaludon|def|1
|
|-heal|p1a: Archaludon|23/100|[from] item: Leftovers
|upkeep
|turn|4
|
|t:|1782189061
|move|p1a: Archaludon|Protect|p1a: Archaludon
|-singleturn|p1a: Archaludon|Protect
|move|p2a: Floette|Dazzling Gleam|p1b: Floette|[spread] p1b
|-activate|p1a: Archaludon|move: Protect
|-damage|p1b: Floette|8/100
|move|p2b: Basculegion|Last Respects|p1b: Floette
|-damage|p1b: Floette|0 fnt
|faint|p1b: Floette
|
|-heal|p1a: Archaludon|29/100|[from] item: Leftovers
|-sideend|p2: uzuki0401|move: Tailwind
|upkeep
|
|t:|1782189076
|switch|p1b: Whimsicott|Whimsicott, L50, F|100/100
|turn|5
|
|t:|1782189104
|switch|p1a: Pelipper|Pelipper, L50, M|100/100
|-weather|RainDance|[from] ability: Drizzle|[of] p1a: Pelipper
|move|p1b: Whimsicott|Tailwind|p1b: Whimsicott
|-sidestart|p1: Sapphire39|move: Tailwind
|move|p2b: Basculegion|Last Respects|p1b: Whimsicott
|-damage|p1b: Whimsicott|24/100
|move|p2a: Floette|Dazzling Gleam|p1b: Whimsicott|[spread] p1a,p1b
|-damage|p1a: Pelipper|20/100y
|-damage|p1b: Whimsicott|0 fnt
|faint|p1b: Whimsicott
|
|-weather|RainDance|[upkeep]
|upkeep
|
|t:|1782189116
|switch|p1b: Archaludon|Archaludon, L50, F|29/100
|turn|6
|
|t:|1782189125
|move|p1b: Archaludon|Flash Cannon|p2a: Floette
|-supereffective|p2a: Floette|1
|-damage|p2a: Floette|40/100
|move|p1a: Pelipper|Weather Ball|p2a: Floette
|-damage|p2a: Floette|0 fnt
|faint|p2a: Floette
|-damage|p1a: Pelipper|11/100|[from] item: Life Orb
|move|p2b: Basculegion|Last Respects|p1a: Pelipper
|-damage|p1a: Pelipper|0 fnt
|faint|p1a: Pelipper
|
|-weather|RainDance|[upkeep]
|-heal|p1b: Archaludon|35/100|[from] item: Leftovers
|upkeep
|turn|7
|
|t:|1782189141
|move|p1b: Archaludon|Electro Shot||[still]
|-prepare|p1b: Archaludon|Electro Shot
|-boost|p1b: Archaludon|spa|1
|-anim|p1b: Archaludon|Electro Shot|p2b: Basculegion
|-supereffective|p2b: Basculegion|1
|-damage|p2b: Basculegion|0 fnt
|faint|p2b: Basculegion
|
|win|Sapphire39
