|j|☆howard b real
|j|☆eutherians
|html|howard b realeutherians    
|uhtml|bestof|Game 2 of a best-of-3
|t:|1756993049
|gametype|doubles
|player|p1|howard b real|giovanni|1241
|player|p2|eutherians|1|1299
|gen|9
|tier|[Gen 9] VGC 2025 Reg H (Bo3)
|rated|
|rule|Species Clause: Limit one of each Pokémon
|rule|Item Clause: Limit 1 of each item
|clearpoke
|poke|p1|Volcarona, L50, F|
|poke|p1|Rillaboom, L50, M|
|poke|p1|Electabuzz, L50, M|
|poke|p1|Ursaluna-Bloodmoon, L50, M|
|poke|p1|Sneasler, L50, F|
|poke|p1|Dragonite, L50, F|
|poke|p2|Archaludon, L50, F|
|poke|p2|Pelipper, L50, M|
|poke|p2|Blastoise, L50, M|
|poke|p2|Dragonite, L50, M|
|poke|p2|Sneasler, L50, M|
|poke|p2|Indeedee-F, L50, F|
|teampreview|4
|showteam|p1|Volcarona||GrassySeed|FlameBody|HeatWave,GigaDrain,QuiverDance,Protect|||F|||50|,,,,,Water]Rillaboom||MiracleSeed|GrassySurge|WoodHammer,GrassyGlide,FakeOut,Uturn|||M|||50|,,,,,Grass]Electabuzz||Eviolite|VitalSpirit|Electroweb,FollowMe,Taunt,Protect|||M|||50|,,,,,Dragon]Ursaluna-Bloodmoon||LifeOrb|MindsEye|BloodMoon,HyperVoice,EarthPower,Protect|||M|||50|,,,,,Normal]Sneasler||FocusSash|PoisonTouch|DireClaw,CloseCombat,FakeOut,Protect|||F|||50|,,,,,Ghost]Dragonite||LoadedDice|Multiscale|ScaleShot,Tailwind,Haze,Protect|||F|||50|,,,,,Fairy
|showteam|p2|Archaludon||AssaultVest|Stamina|BodyPress,ElectroShot,DragonPulse,FlashCannon|||F|||50|,,,,,Bug]Pelipper||ChoiceScarf|Drizzle|Hurricane,MuddyWater,Tailwind,HelpingHand|||M|||50|,,,,,Ghost]Blastoise||SplashPlate|Torrent|WaterSpout,WaterPledge,ShellSmash,Protect|||M|||50|,,,,,Water]Dragonite||LoadedDice|Multiscale|ScaleShot,StompingTantrum,Haze,Protect|||M|||50|,,,,,Steel]Sneasler||PsychicSeed|Unburden|DireClaw,CloseCombat,ThroatChop,Protect|||M|||50|,,,,,Dark]Indeedee-F||SafetyGoggles|PsychicSurge|Psychic,Protect,HelpingHand,FollowMe|||F|||50|,,,,,Fairy
|l|☆howard b real
|player|p1|
|l|☆eutherians
|player|p2|
|j|☆eutherians
|player|p2|eutherians|1|
|j|☆howard b real
|player|p1|howard b real|giovanni|
|inactive|Battle timer is ON: inactive players will automatically lose when time's up. (requested by howard b real)
|
|t:|1756993101
|teamsize|p1|4
|teamsize|p2|4
|start
|switch|p1a: Electabuzz|Electabuzz, L50, M|100/100
|switch|p1b: Ursaluna|Ursaluna-Bloodmoon, L50, M|100/100
|switch|p2a: Dragonite|Dragonite, L50, M|100/100
|switch|p2b: Indeedee|Indeedee-F, L50, F|100/100
|-fieldstart|move: Psychic Terrain|[from] ability: Psychic Surge|[of] p2b: Indeedee
|turn|1
|l|☆eutherians
|inactive|eutherians disconnected and has a minute to reconnect!
|player|p2|
|inactive|eutherians has 30 seconds left.
|inactive|eutherians has 20 seconds left.
|j|☆eutherians
|inactive|eutherians reconnected and has 20 seconds left.
|player|p2|eutherians|1|
|inactive|eutherians has 15 seconds left.
|inactive|eutherians has 10 seconds left.
|
|t:|1756993147
|-terastallize|p1b: Ursaluna|Normal
|move|p1a: Electabuzz|Electroweb|p2a: Dragonite|[spread] p2a
|-miss|p1a: Electabuzz|p2b: Indeedee
|-damage|p2a: Dragonite|93/100
|-unboost|p2a: Dragonite|spe|1
|move|p2b: Indeedee|Psychic|p1a: Electabuzz
|-damage|p1a: Electabuzz|67/100
|move|p1b: Ursaluna|Hyper Voice|p2b: Indeedee|[spread] p2a,p2b
|-damage|p2a: Dragonite|21/100
|-damage|p2b: Indeedee|34/100
|-damage|p1b: Ursaluna|91/100|[from] item: Life Orb
|move|p2a: Dragonite|Scale Shot|p1a: Electabuzz
|-damage|p1a: Electabuzz|51/100
|-damage|p1a: Electabuzz|36/100
|-damage|p1a: Electabuzz|22/100
|-damage|p1a: Electabuzz|8/100
|-hitcount|p1a: Electabuzz|4
|-unboost|p2a: Dragonite|def|1
|-boost|p2a: Dragonite|spe|1
|
|upkeep
|turn|2
|inactive|eutherians has 30 seconds left.
|
|t:|1756993179
|move|p2b: Indeedee|Protect|p2b: Indeedee
|-singleturn|p2b: Indeedee|Protect
|move|p1a: Electabuzz|Electroweb|p2a: Dragonite|[spread] p2a
|-activate|p2b: Indeedee|move: Protect
|-damage|p2a: Dragonite|5/100
|-unboost|p2a: Dragonite|spe|1
|move|p1b: Ursaluna|Hyper Voice|p2b: Indeedee|[spread] p2a
|-activate|p2b: Indeedee|move: Protect
|-damage|p2a: Dragonite|0 fnt
|faint|p2a: Dragonite
|-damage|p1b: Ursaluna|81/100|[from] item: Life Orb
|
|upkeep
|
|t:|1756993184
|switch|p2a: Sneasler|Sneasler, L50, M|100/100
|-enditem|p2a: Sneasler|Psychic Seed
|-boost|p2a: Sneasler|spd|1|[from] item: Psychic Seed
|turn|3
|
|t:|1756993194
|move|p1a: Electabuzz|Follow Me|p1a: Electabuzz
|-singleturn|p1a: Electabuzz|move: Follow Me
|move|p2b: Indeedee|Follow Me|p2b: Indeedee
|-singleturn|p2b: Indeedee|move: Follow Me
|move|p2a: Sneasler|Dire Claw|p1a: Electabuzz
|-crit|p1a: Electabuzz
|-damage|p1a: Electabuzz|0 fnt
|faint|p1a: Electabuzz
|move|p1b: Ursaluna|Hyper Voice|p2b: Indeedee|[spread] p2a,p2b
|-damage|p2a: Sneasler|33/100
|-damage|p2b: Indeedee|0 fnt
|faint|p2b: Indeedee
|-damage|p1b: Ursaluna|72/100|[from] item: Life Orb
|
|upkeep
|
|t:|1756993204
|switch|p1a: Dragonite|Dragonite, L50, F|100/100
|switch|p2b: Archaludon|Archaludon, L50, F|100/100
|turn|4
|
|t:|1756993224
|-terastallize|p2b: Archaludon|Bug
|move|p2a: Sneasler|Dire Claw|p1a: Dragonite
|-damage|p1a: Dragonite|74/100
|move|p1a: Dragonite|Scale Shot|p2a: Sneasler
|-damage|p2a: Sneasler|8/100
|-damage|p2a: Sneasler|0 fnt
|faint|p2a: Sneasler
|-hitcount|p2: Sneasler|2
|-unboost|p1a: Dragonite|def|1
|-boost|p1a: Dragonite|spe|1
|move|p2b: Archaludon|Dragon Pulse|p1a: Dragonite
|-supereffective|p1a: Dragonite
|-damage|p1a: Dragonite|0 fnt
|faint|p1a: Dragonite
|move|p1b: Ursaluna|Hyper Voice|p2b: Archaludon
|-damage|p2b: Archaludon|29/100
|-ability|p2b: Archaludon|Stamina|boost
|-boost|p2b: Archaludon|def|1
|-damage|p1b: Ursaluna|62/100|[from] item: Life Orb
|
|upkeep
|
|t:|1756993227
|switch|p1a: Sneasler|Sneasler, L50, F|100/100
|turn|5
|
|t:|1756993237
|move|p1a: Sneasler|Dire Claw|p2b: Archaludon
|-damage|p2b: Archaludon|7/100
|-status|p2b: Archaludon|psn
|-ability|p2b: Archaludon|Stamina|boost
|-boost|p2b: Archaludon|def|1
|move|p2b: Archaludon|Body Press|p1b: Ursaluna
|-supereffective|p1b: Ursaluna
|-damage|p1b: Ursaluna|0 fnt
|faint|p1b: Ursaluna
|
|-damage|p2b: Archaludon|0 fnt|[from] psn
|faint|p2b: Archaludon
|
|win|howard b real
||eutherians is ready for game 3.
