|j|☆TheMochiMan
|j|☆Lightoz
|html|TheMochiManLightoz    
|uhtml|bestof|Game 2 of a best-of-3
|t:|1757256548
|gametype|doubles
|player|p1|TheMochiMan|doctor|1400
|player|p2|Lightoz|blue-gen2|1479
|gen|9
|tier|[Gen 9] VGC 2025 Reg H (Bo3)
|rated|
|rule|Species Clause: Limit one of each Pokémon
|rule|Item Clause: Limit 1 of each item
|clearpoke
|poke|p1|Ursaluna, L50, M|
|poke|p1|Jumpluff, L50, M|
|poke|p1|Charizard, L50, M|
|poke|p1|Torkoal, L50, M|
|poke|p1|Incineroar, L50, F|
|poke|p1|Porygon2, L50|
|poke|p2|Incineroar, L50, M|
|poke|p2|Annihilape, L50, M|
|poke|p2|Dragonite, L50, M|
|poke|p2|Volcarona, L50, F|
|poke|p2|Rillaboom, L50, F|
|poke|p2|Basculegion, L50, M|
|teampreview|4
|showteam|p1|Ursaluna||FlameOrb|Guts|HeadlongRush,Facade,Earthquake,Protect|||M|||50|,,,,,Ghost]Jumpluff||CovertCloak|Chlorophyll|SleepPowder,SunnyDay,Tailwind,RagePowder|||M|||50|,,,,,Water]Charizard||ChoiceSpecs|SolarPower|AirSlash,HeatWave,Overheat,WeatherBall|||M|||50|,,,,,Ghost]Torkoal||EjectPack|Drought|HelpingHand,Eruption,Overheat,Protect|||M|||50|,,,,,Fire]Incineroar||SitrusBerry|Intimidate|FlareBlitz,KnockOff,PartingShot,FakeOut|||F|||50|,,,,,Ghost]Porygon2||Eviolite|Download|TeraBlast,IceBeam,Recover,TrickRoom||||||50|,,,,,Fighting
|showteam|p2|Incineroar||SitrusBerry|Intimidate|FlareBlitz,KnockOff,FakeOut,PartingShot|||M|||50|,,,,,Ghost]Annihilape||SafetyGoggles|Defiant|CloseCombat,RageFist,Coaching,FinalGambit|||M|||50|,,,,,Water]Dragonite||LoadedDice|Multiscale|ScaleShot,SunnyDay,Haze,Protect|||M|||50|,,,,,Fairy]Volcarona||Leftovers|FlameBody|HeatWave,TeraBlast,QuiverDance,Protect|||F|||50|,,,,,Fairy]Rillaboom||AssaultVest|GrassySurge|WoodHammer,GrassyGlide,HighHorsepower,FakeOut|||F|||50|,,,,,Fire]Basculegion||ChoiceScarf|Adaptability|WaveCrash,LastRespects,FlipTurn,AquaJet|||M|||50|,,,,,Water
|
|t:|1757256589
|teamsize|p1|4
|teamsize|p2|4
|start
|switch|p1a: Brown anole|Charizard, L50, M, shiny|100/100
|switch|p1b: Dandelion|Jumpluff, L50, M|100/100
|switch|p2a: Dragonite|Dragonite, L50, M|100/100
|switch|p2b: Basculegion|Basculegion, L50, M|100/100
|turn|1
|
|t:|1757256620
|move|p1b: Dandelion|Rage Powder|p1b: Dandelion
|-singleturn|p1b: Dandelion|move: Rage Powder
|move|p2b: Basculegion|Flip Turn|p1b: Dandelion
|-resisted|p1b: Dandelion
|-damage|p1b: Dandelion|77/100
|
|t:|1757256628
|switch|p2b: Incineroar|Incineroar, L50, M|100/100|[from] Flip Turn
|-ability|p2b: Incineroar|Intimidate|boost
|-unboost|p1a: Brown anole|atk|1
|-unboost|p1b: Dandelion|atk|1
|move|p1a: Brown anole|Heat Wave|p2a: Dragonite|[spread] p2a,p2b
|-resisted|p2a: Dragonite
|-resisted|p2b: Incineroar
|-damage|p2a: Dragonite|89/100
|-damage|p2b: Incineroar|76/100
|move|p2a: Dragonite|Scale Shot|p1b: Dandelion
|-damage|p1b: Dandelion|58/100
|-damage|p1b: Dandelion|39/100
|-damage|p1b: Dandelion|19/100
|-damage|p1b: Dandelion|2/100
|-hitcount|p1b: Dandelion|4
|-unboost|p2a: Dragonite|def|1
|-boost|p2a: Dragonite|spe|1
|
|upkeep
|turn|2
|
|t:|1757256645
|move|p1b: Dandelion|Rage Powder|p1b: Dandelion
|-singleturn|p1b: Dandelion|move: Rage Powder
|move|p2a: Dragonite|Scale Shot|p1b: Dandelion
|-damage|p1b: Dandelion|0 fnt
|faint|p1b: Dandelion
|-hitcount|p1: Dandelion|1
|-unboost|p2a: Dragonite|def|1
|-boost|p2a: Dragonite|spe|1
|move|p1a: Brown anole|Heat Wave|p2b: Incineroar|[spread] p2a,p2b
|-resisted|p2a: Dragonite
|-resisted|p2b: Incineroar
|-damage|p2a: Dragonite|60/100
|-damage|p2b: Incineroar|53/100
|-status|p2a: Dragonite|brn
|move|p2b: Incineroar|Parting Shot|p1a: Brown anole
|-unboost|p1a: Brown anole|atk|1
|-unboost|p1a: Brown anole|spa|1
|
|t:|1757256650
|switch|p2b: Basculegion|Basculegion, L50, M|100/100|[from] Parting Shot
|
|-damage|p2a: Dragonite|54/100 brn|[from] brn
|upkeep
|
|t:|1757256656
|switch|p1b: A duck most fowl|Porygon2, L50|100/100
|-ability|p1b: A duck most fowl|Download|boost
|-boost|p1b: A duck most fowl|atk|1
|turn|3
|
|t:|1757256672
|move|p2a: Dragonite|Scale Shot|p1b: A duck most fowl
|-damage|p1b: A duck most fowl|96/100
|-damage|p1b: A duck most fowl|91/100
|-damage|p1b: A duck most fowl|86/100
|-damage|p1b: A duck most fowl|82/100
|-hitcount|p1b: A duck most fowl|4
|-unboost|p2a: Dragonite|def|1
|-boost|p2a: Dragonite|spe|1
|move|p2b: Basculegion|Flip Turn|p1b: A duck most fowl
|-damage|p1b: A duck most fowl|59/100
|
|t:|1757256674
|switch|p2b: Incineroar|Incineroar, L50, M|53/100|[from] Flip Turn
|-ability|p2b: Incineroar|Intimidate|boost
|-unboost|p1a: Brown anole|atk|1
|-unboost|p1b: A duck most fowl|atk|1
|move|p1a: Brown anole|Heat Wave|p2b: Incineroar|[spread] p2a,p2b
|-resisted|p2a: Dragonite
|-resisted|p2b: Incineroar
|-damage|p2a: Dragonite|35/100 brn
|-damage|p2b: Incineroar|37/100
|-enditem|p2b: Incineroar|Sitrus Berry|[eat]
|-heal|p2b: Incineroar|62/100|[from] item: Sitrus Berry
|move|p1b: A duck most fowl|Trick Room|p1b: A duck most fowl
|-fieldstart|move: Trick Room|[of] p1b: A duck most fowl
|
|-damage|p2a: Dragonite|29/100 brn|[from] brn
|upkeep
|turn|4
|
|t:|1757256703
|switch|p2a: Basculegion|Basculegion, L50, M|100/100
|move|p1b: A duck most fowl|Ice Beam|p2a: Basculegion
|-resisted|p2a: Basculegion
|-damage|p2a: Basculegion|85/100
|move|p2b: Incineroar|Knock Off|p1a: Brown anole
|-damage|p1a: Brown anole|51/100
|-enditem|p1a: Brown anole|Choice Specs|[from] move: Knock Off|[of] p2b: Incineroar
|move|p1a: Brown anole|Heat Wave|p2b: Incineroar|[spread] p2a,p2b
|-resisted|p2a: Basculegion
|-resisted|p2b: Incineroar
|-damage|p2a: Basculegion|72/100
|-damage|p2b: Incineroar|52/100
|
|upkeep
|turn|5
|
|t:|1757256725
|-terastallize|p1b: A duck most fowl|Fighting
|move|p1b: A duck most fowl|Tera Blast|p2b: Incineroar|[anim] Tera Blast Fighting
|-supereffective|p2b: Incineroar
|-damage|p2b: Incineroar|0 fnt
|faint|p2b: Incineroar
|move|p1a: Brown anole|Air Slash|p2a: Basculegion
|-damage|p2a: Basculegion|44/100
|move|p2a: Basculegion|Flip Turn|p1b: A duck most fowl
|-damage|p1b: A duck most fowl|37/100
|
|t:|1757256739
|switch|p2a: Rillaboom|Rillaboom, L50, F, shiny|100/100|[from] Flip Turn
|-fieldstart|move: Grassy Terrain|[from] ability: Grassy Surge|[of] p2a: Rillaboom
|
|-heal|p1b: A duck most fowl|43/100|[from] Grassy Terrain
|upkeep
|
|t:|1757256751
|switch|p2b: Basculegion|Basculegion, L50, M|44/100
|turn|6
|
|t:|1757256765
|move|p2a: Rillaboom|Fake Out|p1b: A duck most fowl
|-damage|p1b: A duck most fowl|34/100
|cant|p1b: A duck most fowl|flinch
|move|p1a: Brown anole|Air Slash|p2a: Rillaboom
|-supereffective|p2a: Rillaboom
|-damage|p2a: Rillaboom|66/100
|move|p2b: Basculegion|Flip Turn|p1b: A duck most fowl
|-damage|p1b: A duck most fowl|12/100
|
|t:|1757256768
|switch|p2b: Dragonite|Dragonite, L50, M|29/100 brn|[from] Flip Turn
|
|-heal|p1b: A duck most fowl|18/100|[from] Grassy Terrain
|-heal|p2a: Rillaboom|72/100|[from] Grassy Terrain
|-damage|p2b: Dragonite|23/100 brn|[from] brn
|upkeep
|turn|7
|
|t:|1757256794
|move|p2a: Rillaboom|Grassy Glide|p1b: A duck most fowl
|-damage|p1b: A duck most fowl|0 fnt
|faint|p1b: A duck most fowl
|move|p2b: Dragonite|Scale Shot|p1a: Brown anole|[miss]
|-miss|p2b: Dragonite|p1a: Brown anole
|move|p1a: Brown anole|Air Slash|p2a: Rillaboom
|-supereffective|p2a: Rillaboom
|-damage|p2a: Rillaboom|36/100
|
|-heal|p2a: Rillaboom|42/100|[from] Grassy Terrain
|-damage|p2b: Dragonite|17/100 brn|[from] brn
|-fieldend|move: Trick Room
|upkeep
|
|t:|1757256797
|switch|p1b: Brown bear|Ursaluna, L50, M|100/100
|turn|8
|
|t:|1757256813
|-terastallize|p2a: Rillaboom|Fire
|move|p1b: Brown bear|Protect|p1b: Brown bear
|-singleturn|p1b: Brown bear|Protect
|move|p1a: Brown anole|Heat Wave|p2b: Dragonite|[spread] p2a,p2b
|-resisted|p2a: Rillaboom
|-resisted|p2b: Dragonite
|-damage|p2a: Rillaboom|34/100
|-damage|p2b: Dragonite|6/100 brn
|move|p2b: Dragonite|Scale Shot|p1a: Brown anole
|-damage|p1a: Brown anole|41/100
|-damage|p1a: Brown anole|29/100
|-crit|p1a: Brown anole
|-damage|p1a: Brown anole|13/100
|-damage|p1a: Brown anole|2/100
|-hitcount|p1a: Brown anole|4
|-unboost|p2b: Dragonite|def|1
|-boost|p2b: Dragonite|spe|1
|move|p2a: Rillaboom|Wood Hammer|p1b: Brown bear
|-activate|p1b: Brown bear|move: Protect
|
|-heal|p2a: Rillaboom|40/100|[from] Grassy Terrain
|-damage|p2b: Dragonite|0 fnt|[from] brn
|faint|p2b: Dragonite
|-status|p1b: Brown bear|brn|[from] item: Flame Orb
|upkeep
|
|t:|1757256817
|switch|p2b: Basculegion|Basculegion, L50, M|44/100
|turn|9
|
|t:|1757256821
|move|p2b: Basculegion|Wave Crash|p1a: Brown anole
|-supereffective|p1a: Brown anole
|-damage|p1a: Brown anole|0 fnt
|faint|p1a: Brown anole
|-damage|p2b: Basculegion|43/100|[from] Recoil
|move|p2a: Rillaboom|Wood Hammer|p1b: Brown bear
|-supereffective|p1b: Brown bear
|-damage|p1b: Brown bear|0 fnt
|faint|p1b: Brown bear
|-damage|p2a: Rillaboom|4/100|[from] Recoil
|
|win|Lightoz
||Lightoz is ready for game 3.
||TheMochiMan is ready for game 3.
|uhtml|next|Next: Game 3 of 3
|l|☆TheMochiMan
|player|p1|
