|j|☆lirtyz0977
|j|☆Broey_jiggs
|html|lirtyz0977Broey_jiggs    
|uhtml|bestof|Game 3 of a best-of-3
|t:|1783087397
|gametype|doubles
|player|p1|lirtyz0977|giovanni|1000
|player|p2|Broey_jiggs|266|1000
|gen|9
|tier|[Gen 9 Champions] VGC 2026 Reg M-B (Bo3)
|rated|
|rule|Species Clause: Limit one of each Pokémon
|rule|Item Clause: Limit 1 of each item
|clearpoke
|poke|p1|Mimikyu, L50, M|
|poke|p1|Dragapult, L50, M|
|poke|p1|Aegislash, L50, M, shiny|
|poke|p1|Gengar, L50, M|
|poke|p1|Golurk, L50|
|poke|p1|Skeledirge, L50, M|
|poke|p2|Toxapex, L50, M|
|poke|p2|Rotom-Wash, L50|
|poke|p2|Corviknight, L50, F|
|poke|p2|Sinistcha-Masterpiece, L50|
|poke|p2|Tyranitar, L50, F|
|poke|p2|Garchomp, L50, M|
|teampreview|4
|showteam|p1|Mimikyu||LifeOrb|Disguise|SwordsDance,ShadowSneak,PlayRough,DrainPunch|Jolly||M|||50|]Dragapult||FocusSash|ClearBody|DragonDance,DragonDarts,PhantomForce,Uturn|Adamant||M|||50|]Aegislash||Leftovers|StanceChange|SwordsDance,KingsShield,ShadowSneak,IronHead|Adamant||M|||50|]Gengar||Gengarite|CursedBody|ShadowBall,SludgeWave,FocusBlast,NastyPlot|Timid||M|||50|]Golurk||Golurkite|IronFist|ShadowPunch,Earthquake,DrainPunch,IcePunch|Adamant|||||50|]Skeledirge||ChoiceScarf|Unaware|TorchSong,AlluringVoice,EarthPower,ShadowBall|Timid||M|||50|
|showteam|p2|Toxapex||Leftovers|Regenerator|Toxic,BanefulBunker,Infestation,Recover|Bold||M|||50|]Rotom-Wash||Magnet|Levitate|HydroPump,Thunderbolt,WillOWisp,Protect|Calm|||||50|]Corviknight||OccaBerry|MirrorArmor|BodyPress,Roost,IronDefense,BraveBird|Careful||F|||50|]Sinistcha-Masterpiece||MiracleSeed|Hospitality|MatchaGotcha,LifeDew,Protect,TrickRoom|Relaxed|||||50|]Tyranitar||Tyranitarite|SandStream|RockSlide,Earthquake,KnockOff,Protect|Adamant||F|||50|]Garchomp||LifeOrb|SandVeil|Earthquake,EarthPower,Protect,DragonClaw|Jolly||M|||50|
|inactive|Battle timer is ON: inactive players will automatically lose when time's up. (requested by lirtyz0977)
|
|t:|1783087425
|teamsize|p1|4
|teamsize|p2|4
|start
|switch|p1a: Romeo|Skeledirge, L50, M|100/100
|switch|p1b: Micheli|Mimikyu, L50, M|100/100
|switch|p2a: Garchomp|Garchomp, L50, M|100/100
|switch|p2b: Sinistcha|Sinistcha-Masterpiece, L50|100/100
|turn|1
|inactive|lirtyz0977 has 30 seconds left.
|
|t:|1783087459
|switch|p2a: Corviknight|Corviknight, L50, F|100/100
|switch|p2b: Toxapex|Toxapex, L50, M|100/100
|move|p1a: Romeo|Torch Song|p2a: Corviknight
|-supereffective|p2a: Corviknight|1
|-enditem|p2a: Corviknight|Occa Berry|[eat]
|-enditem|p2a: Corviknight|Occa Berry|[weaken]
|-damage|p2a: Corviknight|72/100
|-boost|p1a: Romeo|spa|1
|move|p1b: Micheli|Play Rough|p2a: Corviknight
|-resisted|p2a: Corviknight|1
|-damage|p2a: Corviknight|51/100
|-damage|p1b: Micheli|90/100|[from] item: Life Orb
|
|upkeep
|turn|2
|
|t:|1783087483
|switch|p2a: Garchomp|Garchomp, L50, M|100/100
|move|p1a: Romeo|Torch Song|p2a: Garchomp
|-resisted|p2a: Garchomp|1
|-damage|p2a: Garchomp|69/100
|-boost|p1a: Romeo|spa|1
|move|p1b: Micheli|Swords Dance|p1b: Micheli
|-boost|p1b: Micheli|atk|2
|move|p2b: Toxapex|Toxic|p1a: Romeo
|-status|p1a: Romeo|tox
|
|-damage|p1a: Romeo|93/100 tox|[from] psn
|upkeep
|turn|3
|
|t:|1783087503
|move|p2b: Toxapex|Baneful Bunker|p2b: Toxapex
|-singleturn|p2b: Toxapex|move: Protect
|move|p1a: Romeo|Torch Song|p2a: Garchomp
|-resisted|p2a: Garchomp|1
|-damage|p2a: Garchomp|31/100
|-boost|p1a: Romeo|spa|1
|move|p2a: Garchomp|Earthquake|p1a: Romeo|[spread] p1a,p1b
|-activate|p2b: Toxapex|move: Protect
|-supereffective|p1a: Romeo|1
|-damage|p1a: Romeo|2/100 tox
|-activate|p1b: Micheli|ability: Disguise
|-damage|p1b: Micheli|90/100
|detailschange|p1b: Micheli|Mimikyu-Busted, L50, M
|-damage|p1b: Micheli|78/100|[from] pokemon: Mimikyu-Busted
|-damage|p2a: Garchomp|22/100|[from] item: Life Orb
|move|p1b: Micheli|Play Rough|p2a: Garchomp
|-supereffective|p2a: Garchomp|1
|-damage|p2a: Garchomp|0 fnt
|faint|p2a: Garchomp
|-damage|p1b: Micheli|68/100|[from] item: Life Orb
|
|-damage|p1a: Romeo|0 fnt|[from] psn
|faint|p1a: Romeo
|upkeep
|inactive|Broey_jiggs has 30 seconds left.
|
|t:|1783087529
|switch|p2a: Sinistcha|Sinistcha-Masterpiece, L50|100/100
|switch|p1a: Ghoul|Dragapult, L50, M|100/100
|turn|4
|
|t:|1783087537
|move|p1b: Micheli|Shadow Sneak|p2a: Sinistcha
|-supereffective|p2a: Sinistcha|1
|-damage|p2a: Sinistcha|37/100
|-damage|p1b: Micheli|58/100|[from] item: Life Orb
|move|p1a: Ghoul|Dragon Dance|p1a: Ghoul
|-boost|p1a: Ghoul|atk|1
|-boost|p1a: Ghoul|spe|1
|move|p2b: Toxapex|Toxic|p1b: Micheli
|-status|p1b: Micheli|tox
|move|p2a: Sinistcha|Trick Room|p2a: Sinistcha
|-fieldstart|move: Trick Room|[of] p2a: Sinistcha
|
|-damage|p1b: Micheli|52/100 tox|[from] psn
|upkeep
|turn|5
|
|t:|1783087551
|move|p1b: Micheli|Shadow Sneak|p2a: Sinistcha
|-supereffective|p2a: Sinistcha|1
|-damage|p2a: Sinistcha|0 fnt
|faint|p2a: Sinistcha
|-damage|p1b: Micheli|42/100 tox|[from] item: Life Orb
|move|p2b: Toxapex|Toxic|p1a: Ghoul
|-status|p1a: Ghoul|tox
|move|p1a: Ghoul|Dragon Darts|p2b: Toxapex
|-damage|p2b: Toxapex|76/100
|-anim|p1a: Ghoul|Dragon Darts|p2b: Toxapex
|-damage|p2b: Toxapex|49/100
|
|-heal|p2b: Toxapex|55/100|[from] item: Leftovers
|-damage|p1b: Micheli|30/100 tox|[from] psn
|-damage|p1a: Ghoul|93/100 tox|[from] psn
|upkeep
|
|t:|1783087554
|switch|p2a: Corviknight|Corviknight, L50, F|51/100
|turn|6
|
|t:|1783087563
|move|p1b: Micheli|Shadow Sneak|p2a: Corviknight
|-damage|p2a: Corviknight|16/100
|-damage|p1b: Micheli|20/100y tox|[from] item: Life Orb
|move|p2b: Toxapex|Recover|p2b: Toxapex
|-heal|p2b: Toxapex|100/100
|move|p2a: Corviknight|Roost|p2a: Corviknight
|-heal|p2a: Corviknight|66/100
|-singleturn|p2a: Corviknight|move: Roost
|move|p1a: Ghoul|Dragon Darts|p2a: Corviknight
|-resisted|p2a: Corviknight|1
|-crit|p2a: Corviknight
|-damage|p2a: Corviknight|40/100
|-anim|p1a: Ghoul|Dragon Darts|p2b: Toxapex
|-damage|p2b: Toxapex|73/100
|
|-heal|p2b: Toxapex|78/100|[from] item: Leftovers
|-damage|p1b: Micheli|2/100 tox|[from] psn
|-damage|p1a: Ghoul|81/100 tox|[from] psn
|upkeep
|turn|7
|
|t:|1783087583
|move|p1b: Micheli|Shadow Sneak|p2a: Corviknight
|-damage|p2a: Corviknight|7/100
|-damage|p1b: Micheli|0 fnt|[from] item: Life Orb
|faint|p1b: Micheli
|move|p2b: Toxapex|Recover|p2b: Toxapex
|-heal|p2b: Toxapex|100/100
|move|p2a: Corviknight|Roost|p2a: Corviknight
|-heal|p2a: Corviknight|57/100
|-singleturn|p2a: Corviknight|move: Roost
|move|p1a: Ghoul|Dragon Darts|p2a: Corviknight
|-resisted|p2a: Corviknight|1
|-damage|p2a: Corviknight|39/100
|-anim|p1a: Ghoul|Dragon Darts|p2b: Toxapex
|-damage|p2b: Toxapex|75/100
|
|-heal|p2b: Toxapex|80/100|[from] item: Leftovers
|-damage|p1a: Ghoul|63/100 tox|[from] psn
|upkeep
|
|t:|1783087588
|switch|p1b: Nightmare|Gengar, L50, M|100/100
|turn|8
|
|t:|1783087603
|detailschange|p1b: Nightmare|Gengar-Mega, L50, M
|-mega|p1b: Nightmare|Gengar|Gengarite
|move|p2b: Toxapex|Infestation|p1a: Ghoul
|-resisted|p1a: Ghoul|1
|-damage|p1a: Ghoul|61/100 tox
|-activate|p1a: Ghoul|move: Infestation|[of] p2b: Toxapex
|move|p2a: Corviknight|Roost|p2a: Corviknight
|-heal|p2a: Corviknight|89/100
|-singleturn|p2a: Corviknight|move: Roost
|move|p1b: Nightmare|Nasty Plot|p1b: Nightmare
|-boost|p1b: Nightmare|spa|2
|move|p1a: Ghoul|Dragon Darts|p2a: Corviknight
|-resisted|p2a: Corviknight|1
|-damage|p2a: Corviknight|73/100
|-anim|p1a: Ghoul|Dragon Darts|p2b: Toxapex
|-damage|p2b: Toxapex|55/100
|
|-heal|p2b: Toxapex|61/100|[from] item: Leftovers
|-damage|p1a: Ghoul|37/100 tox|[from] psn
|-damage|p1a: Ghoul|25/100 tox|[from] move: Infestation|[partiallytrapped]
|-fieldend|move: Trick Room
|upkeep
|turn|9
|
|t:|1783087618
|move|p2b: Toxapex|Baneful Bunker|p2b: Toxapex
|-singleturn|p2b: Toxapex|move: Protect
|move|p1a: Ghoul|Dragon Darts|p2a: Corviknight
|-resisted|p2a: Corviknight|1
|-damage|p2a: Corviknight|56/100
|-anim|p1a: Ghoul|Dragon Darts|p2a: Corviknight
|-resisted|p2a: Corviknight|1
|-damage|p2a: Corviknight|40/100
|move|p1b: Nightmare|Shadow Ball|p2a: Corviknight
|-damage|p2a: Corviknight|0 fnt
|faint|p2a: Corviknight
|
|-heal|p2b: Toxapex|66/100|[from] item: Leftovers
|-damage|p1a: Ghoul|0 fnt|[from] psn
|faint|p1a: Ghoul
|upkeep
|turn|10
|
|t:|1783087630
|move|p1b: Nightmare|Shadow Ball|p2b: Toxapex
|-damage|p2b: Toxapex|0 fnt
|faint|p2b: Toxapex
|
|win|lirtyz0977
|raw|lirtyz0977's rating: 1000 → 1040(+40 for winning)
|raw|Broey_jiggs's rating: 1000 → 1000(+0 for losing)
