|j|☆Dart00765
|j|☆new mental
|html|Dart00765new mental    
|uhtml|bestof|Game 2 of a best-of-3
|t:|1783253096
|gametype|doubles
|player|p1|Dart00765|1|1204
|player|p2|new mental|volkner|1271
|gen|9
|tier|[Gen 9 Champions] VGC 2026 Reg M-B (Bo3)
|rated|
|rule|Species Clause: Limit one of each Pokémon
|rule|Item Clause: Limit 1 of each item
|clearpoke
|poke|p1|Gengar, L50, M|
|poke|p1|Gholdengo, L50|
|poke|p1|Ninetales-Alola, L50, M|
|poke|p1|Incineroar, L50, F|
|poke|p1|Sceptile, L50, M|
|poke|p1|Rotom-Wash, L50|
|poke|p2|Aerodactyl, L50, M|
|poke|p2|Garchomp, L50, F|
|poke|p2|Kingambit, L50, M|
|poke|p2|Charizard, L50, F|
|poke|p2|Sylveon, L50, F|
|poke|p2|Farigiraf, L50, F|
|teampreview|4
|showteam|p1|Gengar||Gengarite|CursedBody|ShadowBall,Protect,Disable,PerishSong|Serious||M|||50|]Gholdengo||LifeOrb|GoodasGold|MakeItRain,ShadowBall,Protect,NastyPlot|Timid|||||50|]Ninetales-Alola||FocusSash|SnowWarning|AuroraVeil,Blizzard,Protect,Encore|Timid||M|||50|]Incineroar||SitrusBerry|Intimidate|FakeOut,FlareBlitz,PartingShot,Protect|Sassy||F|||50|]Sceptile||Sceptilite|Overgrow|GrassKnot,DragonPulse,Protect,VacuumWave|Timid||M|||50|]Rotom-Wash||ChoiceScarf|Levitate|Discharge,VoltSwitch,HydroPump,WillOWisp|Modest|||||50|
|showteam|p2|Aerodactyl||Aerodactylite|Unnerve|IceFang,RockSlide,Tailwind,DualWingbeat|Jolly||M|||50|]Garchomp||LifeOrb|RoughSkin|DragonClaw,StompingTantrum,Earthquake,Protect|Jolly||F|||50|]Kingambit||FocusSash|Defiant|SuckerPunch,KowtowCleave,IronHead,LowKick|Adamant||M|||50|]Charizard||CharizarditeY|SolarPower|Protect,HeatWave,SolarBeam,WeatherBall|Timid||F|||50|]Sylveon||FairyFeather|Pixilate|Protect,HyperVoice,HyperBeam,QuickAttack|Modest||F|||50|]Farigiraf||SitrusBerry|ArmorTail|TrickRoom,Thunderbolt,Psychic,Roar|Bold||F|||50|
|inactive|Battle timer is ON: inactive players will automatically lose when time's up. (requested by new mental)
|
|t:|1783253142
|teamsize|p1|4
|teamsize|p2|4
|start
|switch|p1a: Rotom|Rotom-Wash, L50|100/100
|switch|p1b: Incineroar|Incineroar, L50, F|100/100
|switch|p2a: Aerodactyl|Aerodactyl, L50, M|100/100
|switch|p2b: Garchomp|Garchomp, L50, F|100/100
|-ability|p2a: Aerodactyl|Unnerve
|-ability|p1b: Incineroar|Intimidate|boost
|-unboost|p2a: Aerodactyl|atk|1
|-unboost|p2b: Garchomp|atk|1
|turn|1
|
|t:|1783253164
|switch|p2a: Kingambit|Kingambit, L50, M|100/100
|move|p1b: Incineroar|Fake Out|p2b: Garchomp
|-damage|p2b: Garchomp|89/100
|-damage|p1b: Incineroar|87/100|[from] ability: Rough Skin|[of] p2b: Garchomp
|move|p1a: Rotom|Volt Switch|p2a: Kingambit
|-damage|p2a: Kingambit|60/100
|
|t:|1783253178
|switch|p1a: Sceptile|Sceptile, L50, M|100/100|[from] Volt Switch
|cant|p2b: Garchomp|flinch
|
|upkeep
|turn|2
|inactive|Dart00765 has 30 seconds left.
|
|t:|1783253210
|switch|p1b: Ninetales|Ninetales-Alola, L50, M|100/100
|-weather|Snowscape|[from] ability: Snow Warning|[of] p1b: Ninetales
|move|p1a: Sceptile|Vacuum Wave|p2a: Kingambit
|-supereffective|p2a: Kingambit|2
|-damage|p2a: Kingambit|1/100
|move|p2b: Garchomp|Dragon Claw|p1a: Sceptile
|-damage|p1a: Sceptile|41/100
|-damage|p2b: Garchomp|79/100|[from] item: Life Orb
|move|p2a: Kingambit|Low Kick|p1b: Ninetales
|-damage|p1b: Ninetales|83/100
|
|-weather|Snowscape|[upkeep]
|upkeep
|turn|3
|
|t:|1783253232
|switch|p2b: Charizard|Charizard, L50, F|100/100
|detailschange|p1a: Sceptile|Sceptile-Mega, L50, M
|-mega|p1a: Sceptile|Sceptile|Sceptilite
|move|p1a: Sceptile|Vacuum Wave|p2a: Kingambit
|-supereffective|p2a: Kingambit|2
|-damage|p2a: Kingambit|0 fnt
|faint|p2a: Kingambit
|move|p1b: Ninetales|Blizzard|p2b: Charizard
|-damage|p2b: Charizard|52/100
|
|-weather|Snowscape|[upkeep]
|upkeep
|
|t:|1783253239
|switch|p2a: Aerodactyl|Aerodactyl, L50, M|100/100
|-ability|p2a: Aerodactyl|Unnerve
|turn|4
|
|t:|1783253259
|switch|p1a: Incineroar|Incineroar, L50, F|87/100
|-ability|p1a: Incineroar|Intimidate|boost
|-unboost|p2a: Aerodactyl|atk|1
|-unboost|p2b: Charizard|atk|1
|detailschange|p2b: Charizard|Charizard-Mega-Y, L50, F
|-mega|p2b: Charizard|Charizard|Charizardite Y
|-weather|SunnyDay|[from] ability: Drought|[of] p2b: Charizard
|move|p1b: Ninetales|Protect|p1b: Ninetales
|-singleturn|p1b: Ninetales|Protect
|move|p2a: Aerodactyl|Tailwind|p2a: Aerodactyl
|-sidestart|p2: new mental|move: Tailwind
|move|p2b: Charizard|Heat Wave|p1a: Incineroar|[spread] p1a
|-activate|p1b: Ninetales|move: Protect
|-resisted|p1a: Incineroar|1
|-damage|p1a: Incineroar|66/100
|
|-weather|SunnyDay|[upkeep]
|upkeep
|turn|5
|
|t:|1783253279
|switch|p2b: Garchomp|Garchomp, L50, F|79/100
|switch|p1b: Rotom|Rotom-Wash, L50|100/100
|move|p1a: Incineroar|Fake Out|p2b: Garchomp
|-damage|p2b: Garchomp|68/100
|-damage|p1a: Incineroar|53/100|[from] ability: Rough Skin|[of] p2b: Garchomp
|move|p2a: Aerodactyl|Rock Slide|p1a: Incineroar|[spread] p1b
|-miss|p2a: Aerodactyl|p1a: Incineroar
|-damage|p1b: Rotom|80/100
|
|-weather|SunnyDay|[upkeep]
|upkeep
|turn|6
|inactive|Dart00765 has 30 seconds left.
|inactive|Dart00765 has 20 seconds left.
|inactive|Dart00765 has 15 seconds left.
|inactive|Dart00765 has 10 seconds left.
|inactive|Dart00765 has 5 seconds left.
|
|t:|1783253331
|move|p1a: Incineroar|Protect|p1a: Incineroar
|-singleturn|p1a: Incineroar|Protect
|move|p2a: Aerodactyl|Rock Slide|p1a: Incineroar|[spread] p1b
|-activate|p1a: Incineroar|move: Protect
|-damage|p1b: Rotom|60/100
|move|p2b: Garchomp|Earthquake|p1b: Rotom|[spread] 
|-activate|p1a: Incineroar|move: Protect
|-immune|p2a: Aerodactyl
|-immune|p1b: Rotom|[from] ability: Levitate
|move|p1b: Rotom|Volt Switch|p2a: Aerodactyl
|-supereffective|p2a: Aerodactyl|1
|-damage|p2a: Aerodactyl|3/100
|inactive|Dart00765 has 30 seconds left.
|
|t:|1783253365
|switch|p1b: Sceptile|Sceptile-Mega, L50, M|41/100|[from] Volt Switch
|
|-weather|SunnyDay|[upkeep]
|upkeep
|turn|7
|
|t:|1783253376
|switch|p2a: Charizard|Charizard-Mega-Y, L50, F|52/100
|switch|p1a: Rotom|Rotom-Wash, L50|60/100
|move|p1b: Sceptile|Vacuum Wave|p2a: Charizard
|-resisted|p2a: Charizard|1
|-damage|p2a: Charizard|45/100
|move|p2b: Garchomp|Earthquake|p1b: Sceptile|[spread] p1b
|-immune|p2a: Charizard
|-immune|p1a: Rotom|[from] ability: Levitate
|-resisted|p1b: Sceptile|1
|-damage|p1b: Sceptile|8/100
|-damage|p2b: Garchomp|58/100|[from] item: Life Orb
|
|-weather|SunnyDay|[upkeep]
|-sideend|p2: new mental|move: Tailwind
|upkeep
|turn|8
|inactive|new mental has 30 seconds left.
|
|t:|1783253402
|switch|p2a: Aerodactyl|Aerodactyl, L50, M|3/100
|-ability|p2a: Aerodactyl|Unnerve
|move|p2b: Garchomp|Protect|p2b: Garchomp
|-singleturn|p2b: Garchomp|Protect
|move|p1a: Rotom|Volt Switch|p1b: Sceptile
|-activate|p1b: Sceptile|ability: Lightning Rod
|-ability|p1b: Sceptile|Lightning Rod|boost
|-boost|p1b: Sceptile|spa|1
|move|p1b: Sceptile|Dragon Pulse|p2b: Garchomp
|-activate|p2b: Garchomp|move: Protect
|
|-weather|none
|upkeep
|turn|9
|
|t:|1783253427
|switch|p1a: Incineroar|Incineroar, L50, F|53/100
|-ability|p1a: Incineroar|Intimidate|boost
|-unboost|p2a: Aerodactyl|atk|1
|-unboost|p2b: Garchomp|atk|1
|move|p1b: Sceptile|Dragon Pulse|p2b: Garchomp
|-supereffective|p2b: Garchomp|1
|-damage|p2b: Garchomp|0 fnt
|faint|p2b: Garchomp
|move|p2a: Aerodactyl|Tailwind|p2a: Aerodactyl
|-sidestart|p2: new mental|move: Tailwind
|
|upkeep
|
|t:|1783253433
|switch|p2b: Charizard|Charizard-Mega-Y, L50, F|45/100
|-weather|SunnyDay|[from] ability: Drought|[of] p2b: Charizard
|turn|10
|
|t:|1783253443
|move|p1a: Incineroar|Fake Out|p2a: Aerodactyl
|-resisted|p2a: Aerodactyl|1
|-damage|p2a: Aerodactyl|0 fnt
|faint|p2a: Aerodactyl
|move|p1b: Sceptile|Vacuum Wave|p2b: Charizard
|-resisted|p2b: Charizard|1
|-damage|p2b: Charizard|36/100
|move|p2b: Charizard|Heat Wave|p1b: Sceptile|[spread] p1b
|-miss|p2b: Charizard|p1a: Incineroar
|-damage|p1b: Sceptile|0 fnt
|faint|p1b: Sceptile
|
|-weather|SunnyDay|[upkeep]
|upkeep
|
|t:|1783253464
|switch|p1b: Rotom|Rotom-Wash, L50|60/100
|turn|11
|
|t:|1783253468
|switch|p1b: Ninetales|Ninetales-Alola, L50, M|83/100
|-weather|Snowscape|[from] ability: Snow Warning|[of] p1b: Ninetales
|move|p2b: Charizard|Solar Beam||[still]
|-prepare|p2b: Charizard|Solar Beam
|move|p1a: Incineroar|Parting Shot|p2b: Charizard
|-unboost|p2b: Charizard|atk|1
|-unboost|p2b: Charizard|spa|1
|-message|new mental forfeited.
|
|win|Dart00765
||new mental is ready for game 3.
||Dart00765 is ready for game 3.
|uhtml|next|Next: Game 3 of 3
