|j|☆LewBoiiiiiii
|j|☆DinisDenis
|html|LewBoiiiiiiiDinisDenis    
|uhtml|bestof|Game 1 of a best-of-3
|t:|1784926976
|gametype|doubles
|player|p1|LewBoiiiiiii|pokemaniac|
|player|p2|DinisDenis|fisherman-gen4|
|gen|9
|tier|[Gen 9 Champions] VGC 2026 Reg M-B (Bo3)
|rule|Species Clause: Limit one of each Pokémon
|rule|Item Clause: Limit 1 of each item
|clearpoke
|poke|p1|Lucario, L50, M|
|poke|p1|Umbreon, L50, M|
|poke|p1|Gallade, L50, M|
|poke|p1|Camerupt, L50, M|
|poke|p1|Hydrapple, L50, F|
|poke|p1|Oranguru, L50, M|
|poke|p2|Lopunny, L50, F|
|poke|p2|Sylveon, L50, M|
|poke|p2|Mudsdale, L50, F|
|poke|p2|Aggron, L50, M|
|poke|p2|Basculegion, L50, M|
|poke|p2|Bellibolt, L50, F|
|teampreview|4
|showteam|p1|Lucario||Lucarionite|Steadfast|CloseCombat,MeteorMash,VacuumWave,Protect|Jolly||M|||50|]Umbreon||SitrusBerry|InnerFocus|FoulPlay,Yawn,ThunderWave,Taunt|Sassy||M|||50|]Gallade||ChoiceScarf|Sharpness|SacredSword,PsychoCut,NightSlash,LeafBlade|Jolly||M|||50|]Camerupt||Cameruptite|SolidRock|HeatWave,EarthPower,AncientPower,Protect|Quiet||M|||50|]Hydrapple||LifeOrb|Regenerator|DracoMeteor,GigaDrain,EarthPower,Protect|Quiet||F|||50|]Oranguru||MentalHerb|InnerFocus|Instruct,Psychic,TrickRoom,Protect|Bold||M|||50|
|showteam|p2|Lopunny||Lopunnite|Limber|CloseCombat,Protect,FakeOut,Encore|Jolly||F|||50|]Sylveon||LifeOrb|Pixilate|HyperVoice,CalmMind,Psyshock,Detect|Modest||M|||50|]Mudsdale||MuscleBand|Stamina|HighHorsepower,BodyPress,Protect,RockSlide|Adamant||F|||50|]Aggron||Aggronite|Sturdy|HeavySlam,Earthquake,Rest,Curse|Adamant||M|||50|]Basculegion||ChoiceScarf|SwiftSwim|LastRespects,AquaJet,WaveCrash,FlipTurn|Jolly||M|||50|]Bellibolt||SitrusBerry|Electromorphosis|Thunderbolt,AcidSpray,SlackOff,Protect|Modest||F|||50|
|j| Ly_likes_Ceruledge
|c| Ly_likes_Ceruledge|penis
|c|☆DinisDenis|wheres the floette
|j| enzothegamer
|l| enzothegamer
|j| enzothegamer
|
|t:|1784927097
|teamsize|p1|4
|teamsize|p2|4
|start
|switch|p1a: Camerupt|Camerupt, L50, M|100/100
|switch|p1b: Oranguru|Oranguru, L50, M|100/100
|switch|p2a: Lopunny|Lopunny, L50, F|100/100
|switch|p2b: Basculegion|Basculegion, L50, M|100/100
|turn|1
|
|t:|1784927151
|switch|p1a: Hydrapple|Hydrapple, L50, F|100/100
|detailschange|p2a: Lopunny|Lopunny-Mega, L50, F
|-mega|p2a: Lopunny|Lopunny|Lopunnite
|move|p2a: Lopunny|Protect|p2a: Lopunny
|-singleturn|p2a: Lopunny|Protect
|move|p2b: Basculegion|Flip Turn|p1a: Hydrapple
|-resisted|p1a: Hydrapple|2
|-damage|p1a: Hydrapple|94/100
|
|t:|1784927161
|switch|p2b: Sylveon|Sylveon, L50, M|100/100|[from] Flip Turn
|move|p1b: Oranguru|Trick Room|p1b: Oranguru
|-fieldstart|move: Trick Room|[of] p1b: Oranguru
|
|upkeep
|turn|2
|
|t:|1784927187
|switch|p1b: Camerupt|Camerupt, L50, M|100/100
|move|p1a: Hydrapple|Draco Meteor|p2a: Lopunny
|-damage|p2a: Lopunny|0 fnt
|-unboost|p1a: Hydrapple|spa|2
|faint|p2a: Lopunny
|-damage|p1a: Hydrapple|84/100|[from] item: Life Orb
|move|p2b: Sylveon|Calm Mind|p2b: Sylveon
|-boost|p2b: Sylveon|spa|1
|-boost|p2b: Sylveon|spd|1
|
|upkeep
|
|t:|1784927210
|switch|p2a: Basculegion|Basculegion, L50, M|100/100
|turn|3
|
|t:|1784927230
|-heal|p1a: Hydrapple|100/100|[from] ability: Regenerator|[silent]
|switch|p1a: Oranguru|Oranguru, L50, M|100/100
|detailschange|p1b: Camerupt|Camerupt-Mega, L50, M
|-mega|p1b: Camerupt|Camerupt|Cameruptite
|move|p1b: Camerupt|Protect|p1b: Camerupt
|-singleturn|p1b: Camerupt|Protect
|move|p2a: Basculegion|Aqua Jet|p1b: Camerupt
|-activate|p1b: Camerupt|move: Protect
|move|p2b: Sylveon|Hyper Voice|p1b: Camerupt|[spread] p1a
|-activate|p1b: Camerupt|move: Protect
|-damage|p1a: Oranguru|38/100
|-damage|p2b: Sylveon|90/100|[from] item: Life Orb
|
|upkeep
|turn|4
|
|t:|1784927256
|switch|p2a: Bellibolt|Bellibolt, L50, F|100/100
|move|p2b: Sylveon|Detect|p2b: Sylveon
|-singleturn|p2b: Sylveon|Protect
|move|p1b: Camerupt|Heat Wave|p2b: Sylveon|[spread] 
|-activate|p2b: Sylveon|move: Protect
|-miss|p1b: Camerupt|p2a: Bellibolt
|move|p1a: Oranguru|Instruct|p1b: Camerupt
|-singleturn|p1b: Camerupt|move: Instruct|[of] p1a: Oranguru
|move|p1b: Camerupt|Heat Wave|p2b: Sylveon|[spread] p2a
|-activate|p2b: Sylveon|move: Protect
|-damage|p2a: Bellibolt|41/100
|-start|p2a: Bellibolt|Charge|Heat Wave|[from] ability: Electromorphosis
|-enditem|p2a: Bellibolt|Sitrus Berry|[eat]
|-heal|p2a: Bellibolt|66/100|[from] item: Sitrus Berry
|
|upkeep
|turn|5
|
|t:|1784927299
|move|p1b: Camerupt|Earth Power|p2b: Sylveon
|-damage|p2b: Sylveon|52/100
|move|p2a: Bellibolt|Thunderbolt|p1a: Oranguru
|-damage|p1a: Oranguru|0 fnt
|faint|p1a: Oranguru
|-end|p2a: Bellibolt|Charge|[silent]
|move|p2b: Sylveon|Psyshock|p1b: Camerupt
|-damage|p1b: Camerupt|50/100g
|-damage|p2b: Sylveon|43/100|[from] item: Life Orb
|
|-fieldend|move: Trick Room
|upkeep
|
|t:|1784927313
|switch|p1a: Gallade|Gallade, L50, M|100/100
|turn|6
|
|t:|1784927394
|move|p1a: Gallade|Psycho Cut|p2b: Sylveon
|-damage|p2b: Sylveon|0 fnt
|faint|p2b: Sylveon
|move|p2a: Bellibolt|Acid Spray|p1b: Camerupt
|-resisted|p1b: Camerupt|1
|-damage|p1b: Camerupt|44/100
|-unboost|p1b: Camerupt|spd|2
|move|p1b: Camerupt|Earth Power|p2a: Bellibolt
|-supereffective|p2a: Bellibolt|1
|-damage|p2a: Bellibolt|0 fnt
|faint|p2a: Bellibolt
|
|upkeep
|
|t:|1784927402
|switch|p2a: Basculegion|Basculegion, L50, M|100/100
|turn|7
|
|t:|1784927414
|move|p1a: Gallade|Psycho Cut|p2a: Basculegion
|-damage|p2a: Basculegion|29/100
|move|p2a: Basculegion|Last Respects|p1a: Gallade
|-supereffective|p1a: Gallade|1
|-damage|p1a: Gallade|0 fnt
|faint|p1a: Gallade
|move|p1b: Camerupt|Earth Power|p2a: Basculegion
|-damage|p2a: Basculegion|0 fnt
|faint|p2a: Basculegion
|
|win|LewBoiiiiiii
|l| enzothegamer
||DinisDenis is ready for game 2.
|inactive|LewBoiiiiiii has 30 seconds to confirm battle start!
||LewBoiiiiiii is ready for game 2.
|uhtml|next|Next: Game 2 of 3
|j| Hugh r
|j| JVoid
|l| Hugh r
