|j|☆Slowjow
|j|☆sheno_lol
|html|Slowjowsheno_lol    
|uhtml|bestof|Game 1 of a best-of-3
|t:|1785432536
|gametype|doubles
|player|p1|Slowjow|102|1000
|player|p2|sheno_lol|266|1000
|gen|9
|tier|[Gen 9 Champions] VGC 2026 Reg M-B (Bo3)
|rated|
|rule|Species Clause: Limit one of each Pokémon
|rule|Item Clause: Limit 1 of each item
|clearpoke
|poke|p1|Scrafty, L50, M|
|poke|p1|Raichu, L50, M|
|poke|p1|Gholdengo, L50|
|poke|p1|Sylveon, L50, M|
|poke|p1|Glimmora, L50, M|
|poke|p1|Altaria, L50, M|
|poke|p2|Scizor, L50, M|
|poke|p2|Charizard, L50, F|
|poke|p2|Venusaur, L50, F|
|poke|p2|Sylveon, L50, F|
|poke|p2|Trevenant, L50, F|
|poke|p2|Dragapult, L50, F|
|teampreview|4
|showteam|p1|Scrafty||Scraftinite|Intimidate|DrainPunch,KnockOff,SwordsDance,FakeOut|Careful||M|||50|]Raichu||RaichuniteY|Static|FakeOut,Encore,ZapCannon,FocusBlast|Timid||M|||50|]Gholdengo||LifeOrb|GoodasGold|MakeItRain,ShadowBall,NastyPlot,Protect|Modest|||||50|]Sylveon||FairyFeather|CuteCharm|HyperVoice,HyperBeam,QuickAttack,Protect|Modest||M|||50|]Glimmora||FocusSash|ToxicDebris|SludgeBomb,PowerGem,EarthPower,SpikyShield|Modest||M|||50|]Altaria||RoseliBerry|CloudNine|BraveBird,Tailwind,WillOWisp,Protect|Bold||M|||50|
|showteam|p2|Scizor||MetalCoat|Technician|BulletPunch,DualWingbeat,CloseCombat,Protect|Adamant||M|||50|]Charizard||CharizarditeY|Blaze|HeatWave,SolarBeam,Protect,AirSlash|Modest||F|||50|]Venusaur||FocusSash|Chlorophyll|SleepPowder,GigaDrain,Protect,SludgeBomb|Modest||F|||50|]Sylveon||FairyFeather|Pixilate|HyperBeam,HyperVoice,Protect,QuickAttack|Sassy||F|||50|]Trevenant||SitrusBerry|Harvest|LeechSeed,HornLeech,ShadowBall,Protect|Sassy||F|||50|]Dragapult||ExpertBelt|ClearBody|DragonDarts,PhantomForce,PsychicFangs,Protect|Jolly||F|||50|
|
|t:|1785432589
|teamsize|p1|4
|teamsize|p2|4
|start
|switch|p1a: Raichu|Raichu, L50, M|100/100
|switch|p1b: Scrafty|Scrafty, L50, M|100/100
|switch|p2a: Charizard|Charizard, L50, F|100/100
|switch|p2b: Venusaur|Venusaur, L50, F|100/100
|-ability|p1b: Scrafty|Intimidate|boost
|-unboost|p2a: Charizard|atk|1
|-unboost|p2b: Venusaur|atk|1
|turn|1
|inactive|Battle timer is ON: inactive players will automatically lose when time's up. (requested by Slowjow)
|
|t:|1785432617
|detailschange|p1a: Raichu|Raichu-Mega-Y, L50, M
|-mega|p1a: Raichu|Raichu|Raichunite Y
|detailschange|p2a: Charizard|Charizard-Mega-Y, L50, F
|-mega|p2a: Charizard|Charizard|Charizardite Y
|-weather|SunnyDay|[from] ability: Drought|[of] p2a: Charizard
|move|p1b: Scrafty|Fake Out|p2b: Venusaur
|-damage|p2b: Venusaur|87/100
|cant|p2b: Venusaur|flinch
|move|p1a: Raichu|Zap Cannon|p2a: Charizard
|-supereffective|p2a: Charizard|1
|-damage|p2a: Charizard|0 fnt
|faint|p2a: Charizard
|
|-weather|SunnyDay|[upkeep]
|upkeep
|
|t:|1785432633
|switch|p2a: Sylveon|Sylveon, L50, F|100/100
|turn|2
|
|t:|1785432652
|switch|p1b: Altaria|Altaria, L50, M|100/100
|-ability|p1b: Altaria|Cloud Nine
|move|p1a: Raichu|Zap Cannon|p2b: Venusaur
|-resisted|p2b: Venusaur|1
|-damage|p2b: Venusaur|57/100
|-status|p2b: Venusaur|par
|move|p2a: Sylveon|Hyper Voice|p1a: Raichu|[spread] p1a,p1b
|-supereffective|p1b: Altaria|1
|-enditem|p1b: Altaria|Roseli Berry|[eat]
|-enditem|p1b: Altaria|Roseli Berry|[weaken]
|-damage|p1a: Raichu|52/100
|-damage|p1b: Altaria|71/100
|move|p2b: Venusaur|Sleep Powder|p1a: Raichu
|-status|p1a: Raichu|slp|[from] move: Sleep Powder
|
|-weather|SunnyDay|[upkeep]
|upkeep
|turn|3
|
|t:|1785432676
|move|p1b: Altaria|Protect|p1b: Altaria
|-singleturn|p1b: Altaria|Protect
|move|p2b: Venusaur|Protect|p2b: Venusaur
|-singleturn|p2b: Venusaur|Protect
|cant|p1a: Raichu|slp
|move|p2a: Sylveon|Hyper Beam|p1b: Altaria
|-activate|p1b: Altaria|move: Protect
|
|-weather|SunnyDay|[upkeep]
|upkeep
|turn|4
|
|t:|1785432694
|switch|p1b: Gholdengo|Gholdengo, L50|100/100
|cant|p1a: Raichu|slp
|move|p2b: Venusaur|Sludge Bomb|p1a: Raichu
|-damage|p1a: Raichu|0 fnt
|faint|p1a: Raichu
|move|p2a: Sylveon|Hyper Beam|p1b: Gholdengo
|-resisted|p1b: Gholdengo|1
|-damage|p1b: Gholdengo|51/100
|-mustrecharge|p2a: Sylveon
|
|-weather|SunnyDay|[upkeep]
|upkeep
|
|t:|1785432708
|switch|p1a: Altaria|Altaria, L50, M|71/100
|-ability|p1a: Altaria|Cloud Nine
|turn|5
|
|t:|1785432731
|move|p1b: Gholdengo|Make It Rain|p2a: Sylveon|[spread] p2a,p2b
|-supereffective|p2a: Sylveon|1
|-damage|p2a: Sylveon|25/100
|-damage|p2b: Venusaur|1/100 par
|-unboost|p1b: Gholdengo|spa|2
|-damage|p1b: Gholdengo|41/100|[from] item: Life Orb
|move|p1a: Altaria|Tailwind|p1a: Altaria
|-sidestart|p1: Slowjow|move: Tailwind
|cant|p2a: Sylveon|recharge
|move|p2b: Venusaur|Sludge Bomb|p1a: Altaria
|-damage|p1a: Altaria|35/100
|-status|p1a: Altaria|psn
|
|-weather|none
|-damage|p1a: Altaria|23/100 psn|[from] psn
|upkeep
|turn|6
|
|t:|1785432755
|move|p2a: Sylveon|Quick Attack|p1a: Altaria
|-supereffective|p1a: Altaria|1
|-damage|p1a: Altaria|0 fnt
|faint|p1a: Altaria
|move|p1b: Gholdengo|Make It Rain|p2a: Sylveon|[spread] p2a,p2b
|-supereffective|p2a: Sylveon|1
|-damage|p2a: Sylveon|0 fnt
|-damage|p2b: Venusaur|0 fnt
|-unboost|p1b: Gholdengo|spa|2
|faint|p2a: Sylveon
|faint|p2b: Venusaur
|-damage|p1b: Gholdengo|31/100|[from] item: Life Orb
|
|upkeep
|inactive|sheno_lol has 30 seconds left.
|
|t:|1785432787
|switch|p1a: Scrafty|Scrafty, L50, M|100/100
|switch|p2b: Dragapult|Dragapult, L50, F|100/100
|-ability|p1a: Scrafty|Intimidate|boost
|-fail|p2b: Dragapult|unboost|[from] ability: Clear Body|[of] p2b: Dragapult
|turn|7
|
|t:|1785432807
|move|p2b: Dragapult|Protect|p2b: Dragapult
|-singleturn|p2b: Dragapult|Protect
|move|p1b: Gholdengo|Shadow Ball|p2b: Dragapult
|-activate|p2b: Dragapult|move: Protect
|move|p1a: Scrafty|Knock Off|p2b: Dragapult
|-activate|p2b: Dragapult|move: Protect
|
|upkeep
|turn|8
|
|t:|1785432820
|move|p1b: Gholdengo|Shadow Ball|p2b: Dragapult
|-supereffective|p2b: Dragapult|1
|-damage|p2b: Dragapult|41/100
|-damage|p1b: Gholdengo|21/100|[from] item: Life Orb
|move|p2b: Dragapult|Phantom Force||[still]
|-prepare|p2b: Dragapult|Phantom Force
|move|p1a: Scrafty|Knock Off|p2b: Dragapult|[miss]
|-miss|p1a: Scrafty|p2b: Dragapult
|
|-sideend|p1: Slowjow|move: Tailwind
|upkeep
|turn|9
|
|t:|1785432834
|move|p2b: Dragapult|Phantom Force|p1b: Gholdengo|[from] lockedmove
|-supereffective|p1b: Gholdengo|1
|-damage|p1b: Gholdengo|0 fnt
|faint|p1b: Gholdengo
|move|p1a: Scrafty|Knock Off|p2b: Dragapult
|-supereffective|p2b: Dragapult|1
|-crit|p2b: Dragapult
|-damage|p2b: Dragapult|0 fnt
|-enditem|p2b: Dragapult|Expert Belt|[from] move: Knock Off|[of] p1a: Scrafty
|faint|p2b: Dragapult
|
|win|Slowjow
|inactive|Slowjow has 30 seconds to confirm battle start!
|inactive|sheno_lol has 30 seconds to confirm battle start!
