|j|☆bigj009
|j|☆PM77Switch
|html|bigj009PM77Switch    
|uhtml|bestof|Game 2 of a best-of-3
|t:|1783721994
|gametype|doubles
|player|p1|bigj009|lucas|1112
|player|p2|PM77Switch|may-masters3|1133
|gen|9
|tier|[Gen 9 Champions] VGC 2026 Reg M-B (Bo3)
|rated|
|rule|Species Clause: Limit one of each Pokémon
|rule|Item Clause: Limit 1 of each item
|clearpoke
|poke|p1|Blastoise, L50, M|
|poke|p1|Maushold, L50|
|poke|p1|Sinistcha, L50|
|poke|p1|Sneasler, L50, F|
|poke|p1|Pelipper, L50, M|
|poke|p1|Incineroar, L50, F|
|poke|p2|Staraptor, L50, M, shiny|
|poke|p2|Farigiraf, L50, M, shiny|
|poke|p2|Charizard, L50, F, shiny|
|poke|p2|Whimsicott, L50, M, shiny|
|poke|p2|Garchomp, L50, M, shiny|
|poke|p2|Gholdengo, L50, shiny|
|teampreview|4
|showteam|p1|Blastoise||Blastoisinite|Torrent|WaterSpout,ShellSmash,DarkPulse,Protect|Modest||M|||50|]Maushold||ChopleBerry|FriendGuard|FollowMe,Feint,Protect,SuperFang|Impish|||||50|]Sinistcha|||Hospitality|MatchaGotcha,RagePowder,TrickRoom,LifeDew|Calm|||||50|]Sneasler||WhiteHerb|Unburden|FakeOut,QuickGuard,Protect,CloseCombat|Jolly||F|||50|]Pelipper||FocusSash|Drizzle|Hurricane,WideGuard,Tailwind,WeatherBall|Modest||M|||50|]Incineroar||PasshoBerry|Intimidate|FakeOut,PartingShot,DarkestLariat,FlareBlitz|Careful||F|||50|
|showteam|p2|Staraptor||Staraptite|Intimidate|DualWingbeat,CloseCombat,BlazeKick,Protect|Jolly||M|||50|]Farigiraf||SitrusBerry|ArmorTail|Psychic,HelpingHand,TrickRoom,Imprison|Bold||M|||50|]Charizard||CharizarditeY|SolarPower|HeatWave,WeatherBall,SolarBeam,Protect|Modest||F|||50|]Whimsicott||FairyFeather|Prankster|Moonblast,Tailwind,SunnyDay,Taunt|Timid||M|||50|]Garchomp||LifeOrb|RoughSkin|StompingTantrum,DragonClaw,RockSlide,Protect|Jolly||M|||50|]Gholdengo||ChoiceScarf|GoodasGold|MakeItRain,ShadowBall,PowerGem,Thunderbolt|Timid|||||50|
|inactive|Battle timer is ON: inactive players will automatically lose when time's up. (requested by PM77Switch)
|inactive|bigj009 has 60 seconds left.
|
|t:|1783722025
|teamsize|p1|4
|teamsize|p2|4
|start
|switch|p1a: Blastoise|Blastoise, L50, M|100/100
|switch|p1b: Incineroar|Incineroar, L50, F|100/100
|switch|p2a: Gholdengo|Gholdengo, L50, shiny|100/100
|switch|p2b: Whimsicott|Whimsicott, L50, M, shiny|100/100
|-ability|p1b: Incineroar|Intimidate|boost
|-unboost|p2a: Gholdengo|atk|1
|-unboost|p2b: Whimsicott|atk|1
|turn|1
|
|t:|1783722048
|switch|p1a: Maushold|Maushold, L50|100/100
|move|p2a: Gholdengo|Power Gem|p1b: Incineroar
|-supereffective|p1b: Incineroar|1
|-damage|p1b: Incineroar|68/100
|move|p2b: Whimsicott|Moonblast|p1b: Incineroar
|-damage|p1b: Incineroar|43/100
|move|p1b: Incineroar|Flare Blitz|p2a: Gholdengo
|-supereffective|p2a: Gholdengo|1
|-crit|p2a: Gholdengo
|-damage|p2a: Gholdengo|0 fnt
|faint|p2a: Gholdengo
|-damage|p1b: Incineroar|17/100|[from] Recoil
|
|upkeep
|
|t:|1783722060
|switch|p2a: Charizard|Charizard, L50, F, shiny|100/100
|turn|2
|
|t:|1783722067
|detailschange|p2a: Charizard|Charizard-Mega-Y, L50, F, shiny
|-mega|p2a: Charizard|Charizard|Charizardite Y
|-weather|SunnyDay|[from] ability: Drought|[of] p2a: Charizard
|move|p1a: Maushold|Protect|p1a: Maushold
|-singleturn|p1a: Maushold|Protect
|move|p2b: Whimsicott|Moonblast|p1a: Maushold
|-activate|p1a: Maushold|move: Protect
|move|p2a: Charizard|Heat Wave|p1b: Incineroar|[spread] p1b
|-activate|p1a: Maushold|move: Protect
|-resisted|p1b: Incineroar|1
|-damage|p1b: Incineroar|1/100
|move|p1b: Incineroar|Parting Shot|p2a: Charizard
|-unboost|p2a: Charizard|atk|1
|-unboost|p2a: Charizard|spa|1
|
|t:|1783722080
|switch|p1b: Blastoise|Blastoise, L50, M|100/100|[from] Parting Shot
|
|-weather|SunnyDay|[upkeep]
|upkeep
|turn|3
|
|t:|1783722093
|switch|p1a: Pelipper|Pelipper, L50, M|100/100
|-weather|RainDance|[from] ability: Drizzle|[of] p1a: Pelipper
|detailschange|p1b: Blastoise|Blastoise-Mega, L50, M
|-mega|p1b: Blastoise|Blastoise|Blastoisinite
|move|p2b: Whimsicott|Moonblast|p1a: Pelipper
|-damage|p1a: Pelipper|29/100
|move|p2a: Charizard|Heat Wave|p1b: Blastoise|[spread] p1a,p1b
|-resisted|p1a: Pelipper|1
|-resisted|p1b: Blastoise|1
|-damage|p1a: Pelipper|17/100
|-damage|p1b: Blastoise|92/100
|move|p1b: Blastoise|Water Spout|p2a: Charizard|[spread] p2a,p2b
|-supereffective|p2a: Charizard|1
|-resisted|p2b: Whimsicott|1
|-damage|p2a: Charizard|0 fnt
|-damage|p2b: Whimsicott|27/100
|faint|p2a: Charizard
|
|-weather|RainDance|[upkeep]
|upkeep
|
|t:|1783722097
|switch|p2a: Garchomp|Garchomp, L50, M, shiny|100/100
|turn|4
|
|t:|1783722112
|switch|p1a: Incineroar|Incineroar, L50, F|1/100
|-ability|p1a: Incineroar|Intimidate|boost
|-unboost|p2a: Garchomp|atk|1
|-unboost|p2b: Whimsicott|atk|1
|move|p1b: Blastoise|Protect|p1b: Blastoise
|-singleturn|p1b: Blastoise|Protect
|move|p2b: Whimsicott|Moonblast|p1a: Incineroar
|-damage|p1a: Incineroar|0 fnt
|faint|p1a: Incineroar
|move|p2a: Garchomp|Dragon Claw|p1b: Blastoise
|-activate|p1b: Blastoise|move: Protect
|
|-weather|RainDance|[upkeep]
|upkeep
|
|t:|1783722121
|switch|p1a: Maushold|Maushold, L50|100/100
|turn|5
|-message|PM77Switch forfeited.
|
|win|bigj009
|l|☆PM77Switch
|player|p2|
|j|☆PM77Switch
|player|p2|PM77Switch|may-masters3|
||bigj009 is ready for game 3.
