|j|☆sbhaga34
|j|☆helio list
|html|sbhaga34helio list    
|uhtml|bestof|Game 1 of a best-of-3
|t:|1784660176
|gametype|doubles
|player|p1|sbhaga34|hugh|1337
|player|p2|helio list|1|1397
|gen|9
|tier|[Gen 9 Champions] VGC 2026 Reg M-B (Bo3)
|rated|
|rule|Species Clause: Limit one of each Pokémon
|rule|Item Clause: Limit 1 of each item
|clearpoke
|poke|p1|Excadrill, L50, M|
|poke|p1|Tyranitar, L50, M|
|poke|p1|Corviknight, L50, M|
|poke|p1|Rotom-Wash, L50|
|poke|p1|Chandelure, L50, M|
|poke|p1|Scovillain, L50, M|
|poke|p2|Garchomp, L50, M|
|poke|p2|Talonflame, L50, M|
|poke|p2|Floette-Eternal, L50, F|
|poke|p2|Basculegion, L50, M|
|poke|p2|Vivillon-Pokeball, L50, M|
|poke|p2|Kingambit, L50, F|
|teampreview|4
|showteam|p1|Excadrill||FocusSash|SandRush|Earthquake,IronHead,SwordsDance,Protect|Adamant||M|||50|]Tyranitar||Tyranitarite|SandStream|RockSlide,KnockOff,LowKick,Protect|Adamant||M|||50|]Corviknight||SharpBeak|MirrorArmor|BraveBird,Tailwind,BulkUp,Roost|Careful||M|||50|]Rotom-Wash||ChoiceScarf|Levitate|VoltSwitch,Thunderbolt,Electroweb,HydroPump|Timid|||||50|]Chandelure||ShucaBerry|FlashFire|HeatWave,ShadowBall,TrickRoom,Protect|Modest||M|||50|]Scovillain||Scovillainite|Chlorophyll|RagePowder,Overheat,GigaDrain,Protect|Calm||M|||50|
|showteam|p2|Garchomp||LifeOrb|RoughSkin|Earthquake,RockSlide,DragonClaw,Protect|Jolly||M|||50|]Talonflame||SharpBeak|GaleWings|DualWingbeat,FlareBlitz,Tailwind,Protect|Jolly||M|||50|]Floette-Eternal||Floettite|FlowerVeil|CalmMind,Protect,LightofRuin,DazzlingGleam|Modest||F|||50|]Basculegion||FocusSash|Adaptability|Liquidation,LastRespects,AquaJet,Protect|Adamant||M|||50|]Vivillon-Pokeball||ChoiceScarf|CompoundEyes|SleepPowder,Tailwind,RagePowder,Hurricane|Timid||M|||50|]Kingambit||OccaBerry|Defiant|SuckerPunch,KowtowCleave,IronHead,Protect|Adamant||F|||50|
|inactive|Battle timer is ON: inactive players will automatically lose when time's up. (requested by helio list)
|inactive|sbhaga34 has 60 seconds left.
|inactive|sbhaga34 has 30 seconds left.
|
|t:|1784660244
|teamsize|p1|4
|teamsize|p2|4
|start
|switch|p1a: Chandelure|Chandelure, L50, M|100/100
|switch|p1b: Scovillain|Scovillain, L50, M|100/100
|switch|p2a: Talonflame|Talonflame, L50, M|100/100
|switch|p2b: Garchomp|Garchomp, L50, M|100/100
|turn|1
|inactive|sbhaga34 has 30 seconds left.
|
|t:|1784660271
|detailschange|p1b: Scovillain|Scovillain-Mega, L50, M
|-mega|p1b: Scovillain|Scovillain|Scovillainite
|move|p1b: Scovillain|Protect|p1b: Scovillain
|-singleturn|p1b: Scovillain|Protect
|move|p2a: Talonflame|Dual Wingbeat|p1b: Scovillain
|-activate|p1b: Scovillain|move: Protect
|move|p2b: Garchomp|Earthquake|p1b: Scovillain|[spread] p1a
|-activate|p1b: Scovillain|move: Protect
|-immune|p2a: Talonflame
|-supereffective|p1a: Chandelure|1
|-enditem|p1a: Chandelure|Shuca Berry|[eat]
|-enditem|p1a: Chandelure|Shuca Berry|[weaken]
|-damage|p1a: Chandelure|41/100
|-damage|p2b: Garchomp|90/100|[from] item: Life Orb
|move|p1a: Chandelure|Trick Room|p1a: Chandelure
|-fieldstart|move: Trick Room|[of] p1a: Chandelure
|
|upkeep
|turn|2
|inactive|sbhaga34 has 30 seconds left.
|
|t:|1784660303
|switch|p1a: Tyranitar|Tyranitar, L50, M|100/100
|-weather|Sandstorm|[from] ability: Sand Stream|[of] p1a: Tyranitar
|move|p1b: Scovillain|Protect||[still]
|-fail|p1b: Scovillain
|move|p2b: Garchomp|Protect|p2b: Garchomp
|-singleturn|p2b: Garchomp|Protect
|move|p2a: Talonflame|Protect||[still]
|-fail|p2a: Talonflame
|
|-weather|Sandstorm|[upkeep]
|-damage|p1b: Scovillain|94/100|[from] Sandstorm
|-damage|p2a: Talonflame|94/100|[from] Sandstorm
|upkeep
|turn|3
|
|t:|1784660315
|move|p1b: Scovillain|Giga Drain|p2b: Garchomp
|-damage|p2b: Garchomp|51/100
|-heal|p1b: Scovillain|100/100|[from] drain|[of] p2b: Garchomp
|move|p1a: Tyranitar|Rock Slide|p2b: Garchomp|[spread] p2b
|-miss|p1a: Tyranitar|p2a: Talonflame
|-resisted|p2b: Garchomp|1
|-damage|p2b: Garchomp|36/100
|cant|p2b: Garchomp|flinch
|move|p2a: Talonflame|Dual Wingbeat|p1b: Scovillain
|-supereffective|p1b: Scovillain|1
|-damage|p1b: Scovillain|63/100
|-immune|p2a: Talonflame
|-supereffective|p1b: Scovillain|1
|-damage|p1b: Scovillain|27/100
|-immune|p2a: Talonflame
|-hitcount|p1b: Scovillain|2
|
|-weather|Sandstorm|[upkeep]
|-damage|p1b: Scovillain|22/100|[from] Sandstorm
|-damage|p2a: Talonflame|88/100|[from] Sandstorm
|upkeep
|turn|4
|
|t:|1784660333
|move|p2b: Garchomp|Protect|p2b: Garchomp
|-singleturn|p2b: Garchomp|Protect
|move|p2a: Talonflame|Protect|p2a: Talonflame
|-singleturn|p2a: Talonflame|Protect
|move|p1b: Scovillain|Giga Drain|p2b: Garchomp
|-activate|p2b: Garchomp|move: Protect
|move|p1a: Tyranitar|Rock Slide|p2b: Garchomp|[spread] 
|-activate|p2a: Talonflame|move: Protect
|-activate|p2b: Garchomp|move: Protect
|
|-weather|Sandstorm|[upkeep]
|-damage|p1b: Scovillain|16/100|[from] Sandstorm
|-damage|p2a: Talonflame|82/100|[from] Sandstorm
|upkeep
|turn|5
|
|t:|1784660346
|move|p1b: Scovillain|Giga Drain|p2b: Garchomp
|-damage|p2b: Garchomp|0 fnt
|-heal|p1b: Scovillain|36/100|[from] drain|[of] p2b: Garchomp
|faint|p2b: Garchomp
|move|p1a: Tyranitar|Rock Slide|p2a: Talonflame
|-supereffective|p2a: Talonflame|2
|-damage|p2a: Talonflame|0 fnt
|faint|p2a: Talonflame
|
|-weather|Sandstorm|[upkeep]
|-damage|p1b: Scovillain|30/100|[from] Sandstorm
|-fieldend|move: Trick Room
|upkeep
|
|t:|1784660349
|switch|p2a: Floette|Floette-Eternal, L50, F|100/100
|switch|p2b: Basculegion|Basculegion, L50, M|100/100
|turn|6
|inactive|sbhaga34 has 30 seconds left.
|
|t:|1784660382
|detailschange|p2a: Floette|Floette-Mega, L50, F
|-mega|p2a: Floette|Floette|Floettite
|-ability|p2a: Floette|Fairy Aura
|move|p2b: Basculegion|Protect|p2b: Basculegion
|-singleturn|p2b: Basculegion|Protect
|move|p1b: Scovillain|Rage Powder|p1b: Scovillain
|-singleturn|p1b: Scovillain|move: Rage Powder
|move|p2a: Floette|Dazzling Gleam|p1a: Tyranitar|[spread] p1a,p1b
|-supereffective|p1a: Tyranitar|1
|-resisted|p1b: Scovillain|1
|-damage|p1a: Tyranitar|46/100
|-damage|p1b: Scovillain|6/100
|-status|p2a: Floette|brn|[from] ability: Spicy Spray|[of] p1b: Scovillain
|move|p1a: Tyranitar|Knock Off|p2b: Basculegion
|-activate|p2b: Basculegion|move: Protect
|
|-weather|none
|-damage|p2a: Floette|94/100 brn|[from] brn
|upkeep
|turn|7
|-message|sbhaga34 forfeited.
|
|win|helio list
