|j|☆song0x00
|j|☆Boyo Mik
|html|song0x00Boyo Mik    
|uhtml|bestof|Game 3 of a best-of-3
|t:|1782569753
|gametype|doubles
|player|p1|song0x00|drayton|1206
|player|p2|Boyo Mik|102|1158
|gen|9
|tier|[Gen 9 Champions] VGC 2026 Reg M-B (Bo3)
|rated|
|rule|Species Clause: Limit one of each Pokémon
|rule|Item Clause: Limit 1 of each item
|clearpoke
|poke|p1|Blaziken, L50, F, shiny|
|poke|p1|Kingambit, L50, F|
|poke|p1|Basculegion, L50, M|
|poke|p1|Ninetales-Alola, L50, F, shiny|
|poke|p1|Gengar, L50, F, shiny|
|poke|p1|Incineroar, L50, F, shiny|
|poke|p2|Pelipper, L50, F|
|poke|p2|Swampert, L50, F|
|poke|p2|Archaludon, L50, F|
|poke|p2|Sinistcha-Masterpiece, L50|
|poke|p2|Grimmsnarl, L50, M|
|poke|p2|Gholdengo, L50|
|teampreview|4
|showteam|p1|Blaziken||Blazikenite|SpeedBoost|CloseCombat,RockSlide,FlareBlitz,Detect|Adamant||F|||50|]Kingambit||LifeOrb|Defiant|KowtowCleave,SuckerPunch,Protect,IronHead|Adamant||F|||50|]Basculegion||FocusSash|Adaptability|Liquidation,LastRespects,AquaJet,Protect|Adamant||M|||50|]Ninetales-Alola||NeverMeltIce|SnowWarning|Blizzard,FreezeDry,Encore,Protect|Timid||F|||50|]Gengar||Gengarite|CursedBody|ShadowBall,Disable,PerishSong,Protect|Modest||F|||50|]Incineroar||PasshoBerry|Intimidate|FakeOut,PartingShot,FlareBlitz,Protect|Relaxed||F|||50|
|showteam|p2|Pelipper||FocusSash|Drizzle|Hurricane,WeatherBall,Tailwind,Protect|Modest||F|||50|]Swampert||Swampertite|Damp|HighHorsepower,WaveCrash,FlipTurn,Protect|Adamant||F|||50|]Archaludon||Leftovers|Stamina|ElectroShot,FlashCannon,DragonPulse,Protect|Calm||F|||50|]Sinistcha-Masterpiece||KasibBerry|Hospitality|LifeDew,TrickRoom,MatchaGotcha,RagePowder|Bold|||||50|]Grimmsnarl||RoseliBerry|Prankster|SpiritBreak,FakeOut,LightScreen,PartingShot|Adamant||M|||50|]Gholdengo||LifeOrb|GoodasGold|ShadowBall,MakeItRain,NastyPlot,Protect|Modest|||||50|
|inactive|Battle timer is ON: inactive players will automatically lose when time's up. (requested by Boyo Mik)
|
|t:|1782569833
|teamsize|p1|4
|teamsize|p2|4
|start
|switch|p1a: Nyx|Incineroar, L50, F, shiny|100/100
|switch|p1b: Orpheus|Kingambit, L50, F|100/100
|switch|p2a: Pelipper|Pelipper, L50, F|100/100
|switch|p2b: Swampert|Swampert, L50, F|100/100
|-weather|RainDance|[from] ability: Drizzle|[of] p2a: Pelipper
|-ability|p1a: Nyx|Intimidate|boost
|-unboost|p2a: Pelipper|atk|1
|-unboost|p2b: Swampert|atk|1
|turn|1
|inactive|song0x00 has 30 seconds left.
|
|t:|1782569865
|detailschange|p2b: Swampert|Swampert-Mega, L50, F
|-mega|p2b: Swampert|Swampert|Swampertite
|move|p1b: Orpheus|Protect|p1b: Orpheus
|-singleturn|p1b: Orpheus|Protect
|move|p1a: Nyx|Fake Out|p2a: Pelipper
|-damage|p2a: Pelipper|85/100
|move|p2b: Swampert|High Horsepower|p1b: Orpheus
|-activate|p1b: Orpheus|move: Protect
|cant|p2a: Pelipper|flinch
|
|-weather|RainDance|[upkeep]
|upkeep
|turn|2
|inactive|song0x00 has 30 seconds left.
|inactive|Boyo Mik has 30 seconds left.
|
|t:|1782569894
|switch|p1b: Aya|Ninetales-Alola, L50, F, shiny|100/100
|-weather|Snowscape|[from] ability: Snow Warning|[of] p1b: Aya
|move|p2b: Swampert|Flip Turn|p1a: Nyx
|-supereffective|p1a: Nyx|1
|-enditem|p1a: Nyx|Passho Berry|[eat]
|-enditem|p1a: Nyx|Passho Berry|[weaken]
|-damage|p1a: Nyx|81/100
|
|t:|1782569903
|switch|p2b: Archaludon|Archaludon, L50, F|100/100|[from] Flip Turn
|move|p2a: Pelipper|Tailwind|p2a: Pelipper
|-sidestart|p2: Boyo Mik|move: Tailwind
|move|p1a: Nyx|Parting Shot|p2b: Archaludon
|-unboost|p2b: Archaludon|atk|1
|-unboost|p2b: Archaludon|spa|1
|
|t:|1782569911
|switch|p1a: Selene|Blaziken, L50, F, shiny|100/100|[from] Parting Shot
|
|-weather|Snowscape|[upkeep]
|upkeep
|turn|3
|inactive|song0x00 has 30 seconds left.
|inactive|Boyo Mik has 30 seconds left.
|inactive|song0x00 has 20 seconds left.
|inactive|Boyo Mik has 20 seconds left.
|inactive|song0x00 has 15 seconds left.
|inactive|Boyo Mik has 15 seconds left.
|
|t:|1782569955
|detailschange|p1a: Selene|Blaziken-Mega, L50, F, shiny
|-mega|p1a: Selene|Blaziken|Blazikenite
|move|p2b: Archaludon|Protect|p2b: Archaludon
|-singleturn|p2b: Archaludon|Protect
|move|p1b: Aya|Protect|p1b: Aya
|-singleturn|p1b: Aya|Protect
|move|p2a: Pelipper|Hurricane|p1a: Selene
|-supereffective|p1a: Selene|1
|-damage|p1a: Selene|0 fnt
|faint|p1a: Selene
|
|-weather|Snowscape|[upkeep]
|upkeep
|
|t:|1782569965
|switch|p1a: Nyx|Incineroar, L50, F, shiny|81/100
|-ability|p1a: Nyx|Intimidate|boost
|-unboost|p2a: Pelipper|atk|1
|-unboost|p2b: Archaludon|atk|1
|turn|4
|c|☆song0x00|gg i think
|
|t:|1782569986
|switch|p2a: Sinistcha|Sinistcha-Masterpiece, L50|100/100
|move|p1a: Nyx|Fake Out|p2b: Archaludon
|-resisted|p2b: Archaludon|1
|-damage|p2b: Archaludon|96/100
|-ability|p2b: Archaludon|Stamina|boost
|-boost|p2b: Archaludon|def|1
|cant|p2b: Archaludon|flinch
|move|p1b: Aya|Freeze-Dry|p2a: Sinistcha
|-supereffective|p2a: Sinistcha|1
|-crit|p2a: Sinistcha
|-damage|p2a: Sinistcha|5/100
|
|-weather|Snowscape|[upkeep]
|-heal|p2b: Archaludon|100/100|[from] item: Leftovers
|upkeep
|turn|5
|inactive|Boyo Mik has 30 seconds left.
|
|t:|1782570016
|move|p1b: Aya|Protect|p1b: Aya
|-singleturn|p1b: Aya|Protect
|move|p2a: Sinistcha|Rage Powder|p2a: Sinistcha
|-singleturn|p2a: Sinistcha|move: Rage Powder
|move|p2b: Archaludon|Flash Cannon|p1b: Aya
|-activate|p1b: Aya|move: Protect
|move|p1a: Nyx|Parting Shot|p2a: Sinistcha
|-unboost|p2a: Sinistcha|atk|1
|-unboost|p2a: Sinistcha|spa|1
|
|t:|1782570023
|switch|p1a: Orpheus|Kingambit, L50, F|100/100|[from] Parting Shot
|
|-weather|Snowscape|[upkeep]
|-sideend|p2: Boyo Mik|move: Tailwind
|upkeep
|turn|6
|
|t:|1782570040
|switch|p1b: Nyx|Incineroar, L50, F, shiny|81/100
|-ability|p1b: Nyx|Intimidate|boost
|-unboost|p2a: Sinistcha|atk|1
|-unboost|p2b: Archaludon|atk|1
|switch|p2a: Pelipper|Pelipper, L50, F|85/100
|-weather|RainDance|[from] ability: Drizzle|[of] p2a: Pelipper
|move|p2b: Archaludon|Electro Shot||[still]
|-prepare|p2b: Archaludon|Electro Shot
|-boost|p2b: Archaludon|spa|1
|-anim|p2b: Archaludon|Electro Shot|p1b: Nyx
|-damage|p1b: Nyx|51/100
|move|p1a: Orpheus|Kowtow Cleave|p2a: Pelipper
|-damage|p2a: Pelipper|0 fnt
|faint|p2a: Pelipper
|-damage|p1a: Orpheus|90/100|[from] item: Life Orb
|
|-weather|RainDance|[upkeep]
|upkeep
|
|t:|1782570059
|switch|p2a: Swampert|Swampert-Mega, L50, F|100/100
|turn|7
|inactive|song0x00 has 30 seconds left.
|inactive|Boyo Mik has 30 seconds left.
|inactive|Boyo Mik has 20 seconds left.
|inactive|song0x00 has 20 seconds left.
|inactive|Boyo Mik has 15 seconds left.
|inactive|Boyo Mik has 10 seconds left.
|
|t:|1782570106
|switch|p1a: Aya|Ninetales-Alola, L50, F, shiny|100/100
|-weather|Snowscape|[from] ability: Snow Warning|[of] p1a: Aya
|move|p1b: Nyx|Fake Out|p2a: Swampert
|-damage|p2a: Swampert|89/100
|cant|p2a: Swampert|flinch
|move|p2b: Archaludon|Flash Cannon|p1b: Nyx
|-resisted|p1b: Nyx|1
|-damage|p1b: Nyx|37/100
|-unboost|p1b: Nyx|spd|1
|
|-weather|Snowscape|[upkeep]
|upkeep
|turn|8
|inactive|song0x00 has 30 seconds left.
|inactive|song0x00 has 20 seconds left.
|inactive|song0x00 has 15 seconds left.
|
|t:|1782570148
|move|p2a: Swampert|Protect|p2a: Swampert
|-singleturn|p2a: Swampert|Protect
|move|p1a: Aya|Freeze-Dry|p2a: Swampert
|-activate|p2a: Swampert|move: Protect
|move|p2b: Archaludon|Flash Cannon|p1a: Aya
|-supereffective|p1a: Aya|2
|-damage|p1a: Aya|0 fnt
|faint|p1a: Aya
|move|p1b: Nyx|Parting Shot|p2b: Archaludon
|-unboost|p2b: Archaludon|atk|1
|-unboost|p2b: Archaludon|spa|1
|
|t:|1782570158
|switch|p1b: Orpheus|Kingambit, L50, F|90/100|[from] Parting Shot
|
|-weather|Snowscape|[upkeep]
|upkeep
|
|t:|1782570161
|switch|p1a: Nyx|Incineroar, L50, F, shiny|37/100
|-ability|p1a: Nyx|Intimidate|boost
|-unboost|p2a: Swampert|atk|1
|-unboost|p2b: Archaludon|atk|1
|turn|9
|inactive|Boyo Mik has 30 seconds left.
|
|t:|1782570193
|switch|p2a: Sinistcha|Sinistcha-Masterpiece, L50|5/100
|move|p2b: Archaludon|Protect|p2b: Archaludon
|-singleturn|p2b: Archaludon|Protect
|move|p1a: Nyx|Fake Out|p2a: Sinistcha
|-immune|p2a: Sinistcha
|move|p1b: Orpheus|Kowtow Cleave|p2a: Sinistcha
|-supereffective|p2a: Sinistcha|1
|-damage|p2a: Sinistcha|0 fnt
|faint|p2a: Sinistcha
|-damage|p1b: Orpheus|80/100|[from] item: Life Orb
|
|-weather|Snowscape|[upkeep]
|upkeep
|
|t:|1782570204
|switch|p2a: Swampert|Swampert-Mega, L50, F|89/100
|turn|10
|
|t:|1782570226
|move|p2a: Swampert|High Horsepower|p1b: Orpheus
|-supereffective|p1b: Orpheus|1
|-damage|p1b: Orpheus|0 fnt
|faint|p1b: Orpheus
|move|p2b: Archaludon|Dragon Pulse|p1a: Nyx
|-damage|p1a: Nyx|16/100
|move|p1a: Nyx|Parting Shot|p2a: Swampert
|-unboost|p2a: Swampert|atk|1
|-unboost|p2a: Swampert|spa|1
|
|-weather|Snowscape|[upkeep]
|upkeep
|turn|11
|
|t:|1782570239
|move|p2a: Swampert|Wave Crash|p1a: Nyx
|-supereffective|p1a: Nyx|1
|-damage|p1a: Nyx|0 fnt
|faint|p1a: Nyx
|-damage|p2a: Swampert|82/100|[from] Recoil
|
|win|Boyo Mik
|raw|song0x00's rating: 1206 → 1178(-28 for losing)
|raw|Boyo Mik's rating: 1158 → 1186(+28 for winning)
|l|☆Boyo Mik
|player|p2|
