|j|☆EgoJJ
|j|☆PigsPigsPigsPigs
|html|EgoJJPigsPigsPigsPigs    
|uhtml|bestof|Game 1 of a best-of-3
|t:|1756838764
|gametype|doubles
|player|p1|EgoJJ|brock|1162
|player|p2|PigsPigsPigsPigs|170|1101
|gen|9
|tier|[Gen 9] VGC 2025 Reg H (Bo3)
|rated|
|rule|Species Clause: Limit one of each Pokémon
|rule|Item Clause: Limit 1 of each item
|clearpoke
|poke|p1|Glimmora, L50, M|
|poke|p1|Tatsugiri, L50, F|
|poke|p1|Dondozo, L50, F|
|poke|p1|Rillaboom, L50, F|
|poke|p1|Volcarona, L50, F|
|poke|p1|Sneasler, L50, M|
|poke|p2|Indeedee-F, L50, F|
|poke|p2|Armarouge, L50, M|
|poke|p2|Annihilape, L50, F|
|poke|p2|Ursaluna-Bloodmoon, L50, M|
|poke|p2|Gallade, L50, M|
|poke|p2|Sneasler, L50, F|
|teampreview|4
|showteam|p1|Glimmora||PowerHerb|ToxicDebris|MeteorBeam,SludgeBomb,EarthPower,SpikyShield|||M|||50|,,,,,Grass]Tatsugiri||FocusSash|Commander|DracoMeteor,MuddyWater,Taunt,Protect|||F|||50|,,,,,Stellar]Dondozo||CovertCloak|Unaware|WaveCrash,OrderUp,HeavySlam,Protect|||F|||50|,,,,,Steel]Rillaboom||AssaultVest|GrassySurge|FakeOut,GrassyGlide,WoodHammer,HighHorsepower|||F|||50|,,,,,Fire]Volcarona||SitrusBerry|FlameBody|FieryDance,TeraBlast,WillOWisp,Tailwind|||F|||50|,,,,,Fairy]Sneasler||GrassySeed|Unburden|DireClaw,CloseCombat,Coaching,Protect|||M|||50|,,,,,Stellar
|showteam|p2|Indeedee-F||FocusSash|PsychicSurge|FollowMe,TrickRoom,HelpingHand,Psychic|||F|||50|,,,,,Ghost]Armarouge||LifeOrb|FlashFire|ExpandingForce,ArmorCannon,WideGuard,TrickRoom|||M|||50|,,,,,Grass]Annihilape||SafetyGoggles|Defiant|Taunt,FinalGambit,CloseCombat,RageFist|||F|||50|,,,,,Steel]Ursaluna-Bloodmoon||AssaultVest|MindsEye|HyperVoice,BloodMoon,EarthPower,VacuumWave|||M|||50|,,,,,Water]Gallade||ClearAmulet|Sharpness|PsychoCut,SacredSword,TrickRoom,WideGuard|||M|||50|,,,,,Grass]Sneasler||PsychicSeed|Unburden|DireClaw,CloseCombat,ThroatChop,Protect|||F|||50|,,,,,Dark
|inactive|Battle timer is ON: inactive players will automatically lose when time's up. (requested by EgoJJ)
|inactive|EgoJJ has 60 seconds left.
|inactive|PigsPigsPigsPigs has 60 seconds left.
|
|t:|1756838810
|teamsize|p1|4
|teamsize|p2|4
|start
|switch|p1a: Tatsugiri|Tatsugiri, L50, F|100/100
|switch|p1b: Sneasler|Sneasler, L50, M|100/100
|switch|p2a: Pomni|Indeedee-F, L50, F|100/100
|switch|p2b: Sneasler|Sneasler, L50, F|100/100
|-fieldstart|move: Psychic Terrain|[from] ability: Psychic Surge|[of] p2a: Pomni
|-enditem|p2b: Sneasler|Psychic Seed
|-boost|p2b: Sneasler|spd|1|[from] item: Psychic Seed
|turn|1
|inactive|EgoJJ has 30 seconds left.
|
|t:|1756838844
|switch|p1a: Rillaboom|Rillaboom, L50, F|100/100
|-fieldstart|move: Grassy Terrain|[from] ability: Grassy Surge|[of] p1a: Rillaboom
|-enditem|p1b: Sneasler|Grassy Seed
|-boost|p1b: Sneasler|def|1|[from] item: Grassy Seed
|move|p2b: Sneasler|Dire Claw|p1b: Sneasler
|-resisted|p1b: Sneasler
|-damage|p1b: Sneasler|80/100
|move|p1b: Sneasler|Dire Claw|p2a: Pomni
|-damage|p2a: Pomni|62/100
|move|p2a: Pomni|Psychic|p1b: Sneasler
|-supereffective|p1b: Sneasler
|-damage|p1b: Sneasler|0 fnt
|faint|p1b: Sneasler
|
|-heal|p2a: Pomni|68/100|[from] Grassy Terrain
|upkeep
|inactive|EgoJJ has 30 seconds left.
|
|t:|1756838872
|switch|p1b: Tatsugiri|Tatsugiri, L50, F|100/100
|turn|2
|inactive|EgoJJ has 30 seconds left.
|
|t:|1756838906
|switch|p2a: Abstracted|Annihilape, L50, F|100/100
|move|p1a: Rillaboom|Fake Out|p2b: Sneasler
|-damage|p2b: Sneasler|76/100
|cant|p2b: Sneasler|flinch
|move|p1b: Tatsugiri|Taunt|p2a: Abstracted
|-start|p2a: Abstracted|move: Taunt
|
|-heal|p2b: Sneasler|82/100|[from] Grassy Terrain
|upkeep
|turn|3
|
|t:|1756838929
|-terastallize|p1a: Rillaboom|Fire
|move|p2b: Sneasler|Dire Claw|p1a: Rillaboom
|-damage|p1a: Rillaboom|62/100
|-status|p1a: Rillaboom|par
|move|p2a: Abstracted|Close Combat|p1a: Rillaboom
|-damage|p1a: Rillaboom|17/100 par
|-unboost|p2a: Abstracted|def|1
|-unboost|p2a: Abstracted|spd|1
|move|p1b: Tatsugiri|Muddy Water|p2b: Sneasler|[spread] p2a,p2b
|-damage|p2a: Abstracted|53/100
|-damage|p2b: Sneasler|49/100
|move|p1a: Rillaboom|High Horsepower|p2b: Sneasler
|-supereffective|p2b: Sneasler
|-damage|p2b: Sneasler|0 fnt
|faint|p2b: Sneasler
|
|-heal|p2a: Abstracted|59/100|[from] Grassy Terrain
|-heal|p1a: Rillaboom|23/100 par|[from] Grassy Terrain
|upkeep
|
|t:|1756838950
|switch|p2b: Zooble|Armarouge, L50, M|100/100
|turn|4
|inactive|EgoJJ has 30 seconds left.
|inactive|EgoJJ has 20 seconds left.
|
|t:|1756838988
|switch|p2a: Pomni|Indeedee-F, L50, F|68/100
|-fieldstart|move: Psychic Terrain|[from] ability: Psychic Surge|[of] p2a: Pomni
|switch|p1a: Dondozo|Dondozo, L50, F|100/100
|-activate|p1b: Tatsugiri|ability: Commander|[of] p1a: Dondozo
|-boost|p1a: Dondozo|atk|2
|-boost|p1a: Dondozo|spa|2
|-boost|p1a: Dondozo|spe|2
|-boost|p1a: Dondozo|def|2
|-boost|p1a: Dondozo|spd|2
|-terastallize|p2b: Zooble|Grass
|move|p2b: Zooble|Expanding Force|p1b: Tatsugiri|[spread] p1a
|-miss|p2b: Zooble|p1b: Tatsugiri
|-damage|p1a: Dondozo|64/100
|-damage|p2b: Zooble|91/100|[from] item: Life Orb
|
|upkeep
|turn|5
|inactive|EgoJJ has 30 seconds left.
|inactive|EgoJJ has 20 seconds left.
|
|t:|1756839026
|move|p2a: Pomni|Helping Hand|p2b: Zooble
|-singleturn|p2b: Zooble|Helping Hand|[of] p2a: Pomni
|move|p1a: Dondozo|Order Up|p2b: Zooble
|-damage|p2b: Zooble|51/100
|-boost|p1a: Dondozo|atk|1
|move|p2b: Zooble|Expanding Force|p1b: Tatsugiri|[spread] p1a
|-miss|p2b: Zooble|p1b: Tatsugiri
|-damage|p1a: Dondozo|4/100
|-damage|p2b: Zooble|41/100|[from] item: Life Orb
|
|upkeep
|turn|6
|
|t:|1756839041
|move|p1a: Dondozo|Order Up|p2b: Zooble
|-damage|p2b: Zooble|0 fnt
|faint|p2b: Zooble
|-boost|p1a: Dondozo|atk|1
|move|p2a: Pomni|Psychic|p1b: Tatsugiri|[miss]
|-miss|p2a: Pomni|p1b: Tatsugiri
|
|upkeep
|
|t:|1756839045
|switch|p2b: Abstracted|Annihilape, L50, F|59/100
|turn|7
|
|t:|1756839065
|move|p1a: Dondozo|Wave Crash|p2b: Abstracted
|-damage|p2b: Abstracted|0 fnt
|faint|p2b: Abstracted
|-damage|p1a: Dondozo|0 fnt|[from] Recoil
|faint|p1a: Dondozo
|move|p2a: Pomni|Psychic|p1b: Tatsugiri
|-damage|p1b: Tatsugiri|53/100
|
|upkeep
|
|t:|1756839068
|switch|p1a: Rillaboom|Rillaboom, L50, F, tera:Fire|23/100 par
|-fieldstart|move: Grassy Terrain|[from] ability: Grassy Surge|[of] p1a: Rillaboom
|turn|8
|
|t:|1756839079
|move|p1a: Rillaboom|Fake Out|p2a: Pomni
|-damage|p2a: Pomni|54/100
|move|p1b: Tatsugiri|Draco Meteor|p2a: Pomni
|-damage|p2a: Pomni|0 fnt
|-unboost|p1b: Tatsugiri|spa|2
|faint|p2a: Pomni
|
|win|EgoJJ
||EgoJJ is ready for game 2.
||PigsPigsPigsPigs is ready for game 2.
|uhtml|next|Next: Game 2 of 3
