|j|☆JustAddBacon
|j|☆pagoose chase
|html|JustAddBaconpagoose chase    
|uhtml|bestof|Game 1 of a best-of-3
|t:|1757630410
|gametype|doubles
|player|p1|JustAddBacon|palmer|1075
|player|p2|pagoose chase|roxanne-gen6|1087
|gen|9
|tier|[Gen 9] VGC 2025 Reg H (Bo3)
|rated|
|rule|Species Clause: Limit one of each Pokémon
|rule|Item Clause: Limit 1 of each item
|clearpoke
|poke|p1|Dragonite, L50, F|
|poke|p1|Sinistcha, L50|
|poke|p1|Rillaboom, L50, M|
|poke|p1|Ursaluna, L50, M|
|poke|p1|Incineroar, L50, M|
|poke|p1|Lucario, L50, M|
|poke|p2|Gliscor, L50, M|
|poke|p2|Tyranitar, L50, F|
|poke|p2|Rillaboom, L50, M|
|poke|p2|Gholdengo, L50|
|poke|p2|Electabuzz, L50, F|
|poke|p2|Sneasler, L50, F|
|teampreview|4
|showteam|p1|Dragonite||Leftovers|Multiscale|Tailwind,Protect,TeraBlast,DragonClaw|||F|||50|,,,,,Flying]Sinistcha||SitrusBerry|Hospitality|LifeDew,MatchaGotcha,RagePowder,TrickRoom||||||50|,,,,,Water]Rillaboom||AssaultVest|GrassySurge|FakeOut,GrassyGlide,Uturn,KnockOff|||M|||50|,,,,,Water]Ursaluna||FlameOrb|Guts|Earthquake,Facade,HeadlongRush,Protect|||M|||50|,,,,,Ghost]Incineroar||SafetyGoggles|Intimidate|FakeOut,PartingShot,KnockOff,FlareBlitz|||M|||50|,,,,,Water]Lucario||EjectPack|InnerFocus|CloseCombat,Coaching,Detect,MeteorMash|||M|||50|,,,,,Ghost
|showteam|p2|Gliscor||ToxicOrb|PoisonHeal|DualWingbeat,HighHorsepower,Tailwind,Protect|||M|||50|,,,,,Water]Tyranitar||AssaultVest|SandStream|RockSlide,KnockOff,LowKick,TeraBlast|||F|||50|,,,,,Flying]Rillaboom||MiracleSeed|GrassySurge|FakeOut,GrassyGlide,WoodHammer,Uturn|||M|||50|,,,,,Fire]Gholdengo||LifeOrb|GoodasGold|MakeItRain,ShadowBall,NastyPlot,Protect||||||50|,,,,,Water]Electabuzz||Eviolite|VitalSpirit|FollowMe,Electroweb,Taunt,Protect|||F|||50|,,,,,Ghost]Sneasler||CovertCloak|Unburden|FakeOut,CloseCombat,DireClaw,Coaching|||F|||50|,,,,,Dark
|
|t:|1757630474
|teamsize|p1|4
|teamsize|p2|4
|start
|switch|p1a: Dragonite|Dragonite, L50, F|100/100
|switch|p1b: Incineroar|Incineroar, L50, M|100/100
|switch|p2a: Sneasler|Sneasler, L50, F|100/100
|switch|p2b: Tyranitar|Tyranitar, L50, F|100/100
|-weather|Sandstorm|[from] ability: Sand Stream|[of] p2b: Tyranitar
|-ability|p1b: Incineroar|Intimidate|boost
|-unboost|p2a: Sneasler|atk|1
|-unboost|p2b: Tyranitar|atk|1
|turn|1
|
|t:|1757630520
|move|p2a: Sneasler|Coaching|p2b: Tyranitar
|-boost|p2b: Tyranitar|atk|1
|-boost|p2b: Tyranitar|def|1
|move|p1a: Dragonite|Tailwind|p1a: Dragonite
|-sidestart|p1: JustAddBacon|move: Tailwind
|move|p1b: Incineroar|Parting Shot|p2a: Sneasler
|-unboost|p2a: Sneasler|atk|1
|-unboost|p2a: Sneasler|spa|1
|inactive|Battle timer is ON: inactive players will automatically lose when time's up. (requested by JustAddBacon)
|
|t:|1757630529
|switch|p1b: Ursaluna|Ursaluna, L50, M|100/100|[from] Parting Shot
|move|p2b: Tyranitar|Rock Slide|p1a: Dragonite|[spread] p1a
|-miss|p2b: Tyranitar|p1b: Ursaluna
|-supereffective|p1a: Dragonite
|-crit|p1a: Dragonite
|-damage|p1a: Dragonite|60/100
|
|-weather|Sandstorm|[upkeep]
|-damage|p1a: Dragonite|54/100|[from] Sandstorm
|-damage|p2a: Sneasler|95/100|[from] Sandstorm
|-heal|p1a: Dragonite|60/100|[from] item: Leftovers
|-status|p1b: Ursaluna|brn|[from] item: Flame Orb
|upkeep
|turn|2
|j| Arkhept
|l| Arkhept
|inactive|JustAddBacon has 30 seconds left.
|inactive|JustAddBacon has 20 seconds left.
|inactive|JustAddBacon has 15 seconds left.
|inactive|JustAddBacon has 10 seconds left.
|inactive|JustAddBacon has 5 seconds left.
|
|t:|1757630581
|-terastallize|p1a: Dragonite|Flying
|-terastallize|p2b: Tyranitar|Flying
|move|p1a: Dragonite|Tera Blast|p2b: Tyranitar|[anim] Tera Blast Flying
|-damage|p2b: Tyranitar|64/100
|move|p1b: Ursaluna|Earthquake|p2a: Sneasler|[spread] p2a
|-immune|p1a: Dragonite
|-immune|p2b: Tyranitar
|-supereffective|p2a: Sneasler
|-damage|p2a: Sneasler|0 fnt
|faint|p2a: Sneasler
|move|p2b: Tyranitar|Rock Slide|p1b: Ursaluna|[spread] p1a,p1b
|-supereffective|p1a: Dragonite
|-resisted|p1b: Ursaluna
|-damage|p1a: Dragonite|2/100
|-damage|p1b: Ursaluna|89/100 brn
|
|-weather|Sandstorm|[upkeep]
|-damage|p1a: Dragonite|0 fnt|[from] Sandstorm
|-damage|p2b: Tyranitar|58/100|[from] Sandstorm
|faint|p1a: Dragonite
|-damage|p1b: Ursaluna|83/100 brn|[from] brn
|upkeep
|
|t:|1757630601
|switch|p2a: Gliscor|Gliscor, L50, M|100/100
|switch|p1a: Incineroar|Incineroar, L50, M|100/100
|-ability|p1a: Incineroar|Intimidate|boost
|-unboost|p2a: Gliscor|atk|1
|-unboost|p2b: Tyranitar|atk|1
|turn|3
|
|t:|1757630614
|switch|p2b: Gholdengo|Gholdengo, L50|100/100
|move|p2a: Gliscor|Protect|p2a: Gliscor
|-singleturn|p2a: Gliscor|Protect
|move|p1a: Incineroar|Knock Off|p2a: Gliscor
|-activate|p2a: Gliscor|move: Protect
|move|p1b: Ursaluna|Facade|p2b: Gholdengo
|-immune|p2b: Gholdengo
|
|-weather|Sandstorm|[upkeep]
|-damage|p1b: Ursaluna|78/100 brn|[from] brn
|-status|p2a: Gliscor|tox|[from] item: Toxic Orb
|upkeep
|turn|4
|inactive|JustAddBacon has 30 seconds left.
|
|t:|1757630640
|switch|p2b: Tyranitar|Tyranitar, L50, F, tera:Flying|58/100
|move|p1a: Incineroar|Knock Off|p2b: Tyranitar
|-damage|p2b: Tyranitar|29/100
|-enditem|p2b: Tyranitar|Assault Vest|[from] move: Knock Off|[of] p1a: Incineroar
|move|p1b: Ursaluna|Facade|p2a: Gliscor
|-damage|p2a: Gliscor|0 fnt
|faint|p2a: Gliscor
|
|-weather|Sandstorm|[upkeep]
|-damage|p2b: Tyranitar|23/100|[from] Sandstorm
|-damage|p1b: Ursaluna|72/100 brn|[from] brn
|-sideend|p1: JustAddBacon|move: Tailwind
|upkeep
|
|t:|1757630645
|switch|p2a: Gholdengo|Gholdengo, L50|100/100
|turn|5
|
|t:|1757630665
|move|p2a: Gholdengo|Make It Rain|p1b: Ursaluna|[spread] p1a,p1b
|-resisted|p1a: Incineroar
|-damage|p1a: Incineroar|74/100
|-damage|p1b: Ursaluna|9/100 brn
|-unboost|p2a: Gholdengo|spa|1
|-damage|p2a: Gholdengo|91/100|[from] item: Life Orb
|move|p2b: Tyranitar|Rock Slide|p1b: Ursaluna|[spread] p1a
|-miss|p2b: Tyranitar|p1b: Ursaluna
|-supereffective|p1a: Incineroar
|-damage|p1a: Incineroar|26/100
|move|p1a: Incineroar|Knock Off|p2a: Gholdengo
|-supereffective|p2a: Gholdengo
|-damage|p2a: Gholdengo|11/100
|-enditem|p2a: Gholdengo|Life Orb|[from] move: Knock Off|[of] p1a: Incineroar
|move|p1b: Ursaluna|Facade|p2b: Tyranitar
|-damage|p2b: Tyranitar|0 fnt
|faint|p2b: Tyranitar
|
|-weather|none
|-damage|p1b: Ursaluna|3/100 brn|[from] brn
|upkeep
|turn|6
|
|t:|1757630686
|move|p2a: Gholdengo|Protect|p2a: Gholdengo
|-singleturn|p2a: Gholdengo|Protect
|move|p1b: Ursaluna|Protect|p1b: Ursaluna
|-singleturn|p1b: Ursaluna|Protect
|move|p1a: Incineroar|Knock Off|p2a: Gholdengo
|-activate|p2a: Gholdengo|move: Protect
|
|-damage|p1b: Ursaluna|0 fnt|[from] brn
|faint|p1b: Ursaluna
|upkeep
|
|t:|1757630694
|switch|p1b: Sinistcha|Sinistcha, L50|100/100
|-heal|p1a: Incineroar|50/100|[from] ability: Hospitality|[of] p1b: Sinistcha
|turn|7
|
|t:|1757630703
|move|p2a: Gholdengo|Make It Rain|p1b: Sinistcha|[spread] p1a,p1b
|-resisted|p1a: Incineroar
|-damage|p1a: Incineroar|38/100
|-damage|p1b: Sinistcha|72/100
|-unboost|p2a: Gholdengo|spa|1
|move|p1b: Sinistcha|Life Dew|p1b: Sinistcha|[spread] p1a,p1b
|-heal|p1a: Incineroar|63/100
|-heal|p1b: Sinistcha|97/100
|move|p1a: Incineroar|Knock Off|p2a: Gholdengo
|-supereffective|p2a: Gholdengo
|-damage|p2a: Gholdengo|0 fnt
|faint|p2a: Gholdengo
|
|win|JustAddBacon
||JustAddBacon is ready for game 2.
||pagoose chase is ready for game 2.
|uhtml|next|Next: Game 2 of 3
