|j|☆jomivgc
|j|☆memeberserk
|html|jomivgcmemeberserk    
|uhtml|bestof|Game 1 of a best-of-3
|t:|1784594075
|gametype|doubles
|player|p1|jomivgc|falkner-gen2|1222
|player|p2|memeberserk|lance|1212
|gen|9
|tier|[Gen 9 Champions] VGC 2026 Reg M-B (Bo3)
|rated|
|rule|Species Clause: Limit one of each Pokémon
|rule|Item Clause: Limit 1 of each item
|clearpoke
|poke|p1|Aerodactyl, L50, M|
|poke|p1|Charizard, L50, M|
|poke|p1|Incineroar, L50, M|
|poke|p1|Kingambit, L50, F|
|poke|p1|Sylveon, L50, M|
|poke|p1|Garchomp, L50, M|
|poke|p2|Raichu, L50, M|
|poke|p2|Corviknight, L50, F|
|poke|p2|Sylveon, L50, M|
|poke|p2|Basculegion, L50, M|
|poke|p2|Mamoswine, L50, F|
|poke|p2|Tyranitar, L50, F|
|teampreview|4
|showteam|p1|Aerodactyl||Aerodactylite|Unnerve|RockSlide,DualWingbeat,WideGuard,Tailwind|Jolly||M|||50|]Charizard||CharizarditeY|Blaze|HeatWave,WeatherBall,SolarBeam,Protect|Modest||M|||50|]Incineroar||SitrusBerry|Intimidate|FlareBlitz,DarkestLariat,FakeOut,PartingShot|Impish||M|||50|]Kingambit||FocusSash|Defiant|KowtowCleave,IronHead,SuckerPunch,LowKick|Adamant||F|||50|]Sylveon||FairyFeather|Pixilate|HyperVoice,HyperBeam,QuickAttack,Detect|Modest||M|||50|]Garchomp||LifeOrb|RoughSkin|Earthquake,DragonClaw,RockSlide,Protect|Jolly||M|||50|
|showteam|p2|Raichu||RaichuniteY|LightningRod|ZapCannon,FocusBlast,FakeOut,Protect|Timid||M|||50|]Corviknight||Leftovers|Unnerve|BraveBird,IronHead,Tailwind,Protect|Careful||F|||50|]Sylveon||FairyFeather|Pixilate|HyperVoice,QuickAttack,Protect,Yawn|Modest||M|||50|]Basculegion||MysticWater|SwiftSwim|WaveCrash,LastRespects,AquaJet,Protect|Adamant||M|||50|]Mamoswine||LifeOrb|Oblivious|HighHorsepower,IceShard,IcicleCrash,Protect|Adamant||F|||50|]Tyranitar||FocusSash|SandStream|RockSlide,KnockOff,Superpower,Protect|Adamant||F|||50|
|inactive|Battle timer is ON: inactive players will automatically lose when time's up. (requested by jomivgc)
|inactive|jomivgc has 60 seconds left.
|inactive|jomivgc has 30 seconds left.
|
|t:|1784594143
|teamsize|p1|4
|teamsize|p2|4
|start
|switch|p1a: Garchomp|Garchomp, L50, M|100/100
|switch|p1b: Aerodactyl|Aerodactyl, L50, M|100/100
|switch|p2a: Raichu|Raichu, L50, M|100/100
|switch|p2b: Mamoswine|Mamoswine, L50, F|100/100
|-ability|p1b: Aerodactyl|Unnerve
|turn|1
|inactive|jomivgc has 30 seconds left.
|inactive|memeberserk has 30 seconds left.
|
|t:|1784594172
|switch|p1a: Incineroar|Incineroar, L50, M|100/100
|-ability|p1a: Incineroar|Intimidate|boost
|-unboost|p2a: Raichu|atk|1
|-fail|p2b: Mamoswine|unboost|Attack|[from] ability: Oblivious|[of] p2b: Mamoswine
|detailschange|p2a: Raichu|Raichu-Mega-Y, L50, M
|-mega|p2a: Raichu|Raichu|Raichunite Y
|move|p2a: Raichu|Fake Out|p1b: Aerodactyl
|-resisted|p1b: Aerodactyl|1
|-damage|p1b: Aerodactyl|96/100
|cant|p1b: Aerodactyl|flinch
|move|p2b: Mamoswine|Icicle Crash|p1b: Aerodactyl
|-supereffective|p1b: Aerodactyl|1
|-damage|p1b: Aerodactyl|0 fnt
|faint|p1b: Aerodactyl
|-damage|p2b: Mamoswine|90/100|[from] item: Life Orb
|
|upkeep
|
|t:|1784594194
|switch|p1b: Charizard|Charizard, L50, M|100/100
|turn|2
|
|t:|1784594212
|detailschange|p1b: Charizard|Charizard-Mega-Y, L50, M
|-mega|p1b: Charizard|Charizard|Charizardite Y
|-weather|SunnyDay|[from] ability: Drought|[of] p1b: Charizard
|move|p2a: Raichu|Protect|p2a: Raichu
|-singleturn|p2a: Raichu|Protect
|move|p2b: Mamoswine|Protect|p2b: Mamoswine
|-singleturn|p2b: Mamoswine|Protect
|move|p1a: Incineroar|Fake Out|p2b: Mamoswine
|-activate|p2b: Mamoswine|move: Protect
|move|p1b: Charizard|Heat Wave|p2b: Mamoswine|[spread] 
|-activate|p2a: Raichu|move: Protect
|-activate|p2b: Mamoswine|move: Protect
|
|-weather|SunnyDay|[upkeep]
|upkeep
|turn|3
|inactive|jomivgc has 30 seconds left.
|
|t:|1784594240
|switch|p2b: Tyranitar|Tyranitar, L50, F|100/100
|-weather|Sandstorm|[from] ability: Sand Stream|[of] p2b: Tyranitar
|switch|p1b: Garchomp|Garchomp, L50, M|100/100
|move|p2a: Raichu|Zap Cannon|p1b: Garchomp
|-immune|p1b: Garchomp
|move|p1a: Incineroar|Flare Blitz|p2a: Raichu
|-damage|p2a: Raichu|18/100
|-damage|p1a: Incineroar|80/100|[from] Recoil
|
|-weather|Sandstorm|[upkeep]
|-damage|p2a: Raichu|12/100|[from] Sandstorm
|-damage|p1a: Incineroar|74/100|[from] Sandstorm
|upkeep
|turn|4
|inactive|jomivgc has 30 seconds left.
|inactive|jomivgc has 20 seconds left.
|
|t:|1784594279
|switch|p2a: Sylveon|Sylveon, L50, M|100/100
|move|p1b: Garchomp|Earthquake|p2b: Tyranitar|[spread] p1a,p2a,p2b
|-supereffective|p1a: Incineroar|1
|-supereffective|p2b: Tyranitar|1
|-damage|p1a: Incineroar|7/100
|-damage|p2a: Sylveon|45/100
|-damage|p2b: Tyranitar|13/100
|-enditem|p1a: Incineroar|Sitrus Berry|[eat]
|-heal|p1a: Incineroar|32/100|[from] item: Sitrus Berry
|-damage|p1b: Garchomp|90/100|[from] item: Life Orb
|move|p2b: Tyranitar|Rock Slide|p1a: Incineroar|[spread] p1a,p1b
|-supereffective|p1a: Incineroar|1
|-resisted|p1b: Garchomp|1
|-damage|p1a: Incineroar|0 fnt
|-damage|p1b: Garchomp|72/100
|faint|p1a: Incineroar
|
|-weather|Sandstorm|[upkeep]
|-damage|p2a: Sylveon|40/100|[from] Sandstorm
|upkeep
|
|t:|1784594292
|switch|p1a: Charizard|Charizard-Mega-Y, L50, M|100/100
|-weather|SunnyDay|[from] ability: Drought|[of] p1a: Charizard
|turn|5
|
|t:|1784594311
|switch|p2b: Raichu|Raichu-Mega-Y, L50, M|12/100
|move|p2a: Sylveon|Protect|p2a: Sylveon
|-singleturn|p2a: Sylveon|Protect
|move|p1b: Garchomp|Earthquake|p2a: Sylveon|[spread] p2b
|-activate|p2a: Sylveon|move: Protect
|-immune|p1a: Charizard
|-supereffective|p2b: Raichu|1
|-damage|p2b: Raichu|0 fnt
|faint|p2b: Raichu
|-damage|p1b: Garchomp|62/100|[from] item: Life Orb
|move|p1a: Charizard|Heat Wave|p2a: Sylveon
|-activate|p2a: Sylveon|move: Protect
|
|-weather|SunnyDay|[upkeep]
|upkeep
|
|t:|1784594328
|switch|p2b: Mamoswine|Mamoswine, L50, F|90/100
|turn|6
|
|t:|1784594341
|switch|p2a: Tyranitar|Tyranitar, L50, F|13/100
|-weather|Sandstorm|[from] ability: Sand Stream|[of] p2a: Tyranitar
|move|p1b: Garchomp|Protect|p1b: Garchomp
|-singleturn|p1b: Garchomp|Protect
|move|p2b: Mamoswine|Protect|p2b: Mamoswine
|-singleturn|p2b: Mamoswine|Protect
|move|p1a: Charizard|Weather Ball|p2b: Mamoswine
|-activate|p2b: Mamoswine|move: Protect
|
|-weather|Sandstorm|[upkeep]
|-damage|p1a: Charizard|93/100|[from] Sandstorm
|upkeep
|turn|7
|inactive|jomivgc has 30 seconds left.
|
|t:|1784594369
|move|p1b: Garchomp|Protect||[still]
|-fail|p1b: Garchomp
|move|p2b: Mamoswine|Ice Shard|p1b: Garchomp
|-supereffective|p1b: Garchomp|2
|-damage|p1b: Garchomp|0 fnt
|faint|p1b: Garchomp
|-damage|p2b: Mamoswine|80/100|[from] item: Life Orb
|move|p1a: Charizard|Heat Wave|p2b: Mamoswine|[spread] p2a,p2b
|-resisted|p2a: Tyranitar|1
|-supereffective|p2b: Mamoswine|1
|-damage|p2a: Tyranitar|0 fnt
|-damage|p2b: Mamoswine|0 fnt
|faint|p2a: Tyranitar
|faint|p2b: Mamoswine
|
|-weather|Sandstorm|[upkeep]
|-damage|p1a: Charizard|87/100|[from] Sandstorm
|upkeep
|
|t:|1784594383
|switch|p2b: Sylveon|Sylveon, L50, M|40/100
|turn|8
|
|t:|1784594387
|move|p1a: Charizard|Weather Ball|p2b: Sylveon
|-damage|p2b: Sylveon|11/100
|move|p2b: Sylveon|Yawn|p1a: Charizard
|-start|p1a: Charizard|move: Yawn|[of] p2b: Sylveon
|
|-weather|Sandstorm|[upkeep]
|-damage|p1a: Charizard|81/100|[from] Sandstorm
|-damage|p2b: Sylveon|5/100|[from] Sandstorm
|upkeep
|turn|9
|
|t:|1784594407
|move|p1a: Charizard|Protect|p1a: Charizard
|-singleturn|p1a: Charizard|Protect
|move|p2b: Sylveon|Protect||[still]
|-fail|p2b: Sylveon
|
|-weather|Sandstorm|[upkeep]
|-damage|p1a: Charizard|75/100|[from] Sandstorm
|-damage|p2b: Sylveon|0 fnt|[from] Sandstorm
|faint|p2b: Sylveon
|
|win|jomivgc
