|j|☆KodeBeast0526
|j|☆Picoti
|html|KodeBeast0526Picoti    
|uhtml|bestof|Game 1 of a best-of-3
|t:|1784481405
|gametype|doubles
|player|p1|KodeBeast0526|hiker|1227
|player|p2|Picoti|2|1131
|gen|9
|tier|[Gen 9 Champions] VGC 2026 Reg M-B (Bo3)
|rated|
|rule|Species Clause: Limit one of each Pokémon
|rule|Item Clause: Limit 1 of each item
|clearpoke
|poke|p1|Aerodactyl, L50, M|
|poke|p1|Kingambit, L50, M|
|poke|p1|Sylveon, L50, M|
|poke|p1|Garchomp, L50, M|
|poke|p1|Charizard, L50, M|
|poke|p1|Farigiraf, L50, M, shiny|
|poke|p2|Araquanid, L50, F|
|poke|p2|Avalugg-Hisui, L50, F|
|poke|p2|Mawile, L50, M|
|poke|p2|Conkeldurr, L50, M|
|poke|p2|Farigiraf, L50, F|
|poke|p2|Armarouge, L50, F|
|teampreview|4
|showteam|p1|Aerodactyl||Aerodactylite|Unnerve|RockSlide,IceFang,Tailwind,WideGuard|Jolly||M|||50|]Kingambit||FocusSash|Defiant|KowtowCleave,SuckerPunch,IronHead,LowKick|Adamant||M|||50|]Sylveon||FairyFeather|Pixilate|Detect,HyperVoice,HyperBeam,QuickAttack|Modest||M|||50|]Garchomp||LifeOrb|RoughSkin|Earthquake,DragonClaw,StompingTantrum,Protect|Jolly||M|||50|]Charizard||CharizarditeY|Blaze|Protect,HeatWave,SolarBeam,WeatherBall|Modest||M|||50|]Farigiraf||SitrusBerry|ArmorTail|Thunderbolt,PsychicNoise,TrickRoom,HelpingHand|Bold||M|||50|
|showteam|p2|Araquanid||MysticWater|WaterBubble|WideGuard,Liquidation,LeechLife,Protect|Brave||F|||50|]Avalugg-Hisui||WideLens|Sturdy|MountainGale,RockSlide,Protect,WideGuard|Brave||F|||50|]Mawile||Mawilite|Intimidate|IronHead,SuckerPunch,PlayRough,Protect|Brave||M|||50|]Conkeldurr||LifeOrb|IronFist|DrainPunch,MachPunch,KnockOff,Protect|Brave||M|||50|]Farigiraf||SitrusBerry|ArmorTail|TwinBeam,Thunderbolt,TrickRoom,Protect|Serious||F|||50|]Armarouge||MentalHerb|FlashFire|HeatWave,Protect,EnergyBall,TrickRoom|Quiet||F|||50|
|inactive|Battle timer is ON: inactive players will automatically lose when time's up. (requested by Picoti)
|
|t:|1784481441
|teamsize|p1|4
|teamsize|p2|4
|start
|switch|p1a: Garchomp|Garchomp, L50, M|100/100
|switch|p1b: Charizard|Charizard, L50, M|100/100
|switch|p2a: Araquanid|Araquanid, L50, F|100/100
|switch|p2b: Armarouge|Armarouge, L50, F|100/100
|turn|1
|
|t:|1784481458
|detailschange|p1b: Charizard|Charizard-Mega-Y, L50, M
|-mega|p1b: Charizard|Charizard|Charizardite Y
|-weather|SunnyDay|[from] ability: Drought|[of] p1b: Charizard
|move|p2b: Armarouge|Protect|p2b: Armarouge
|-singleturn|p2b: Armarouge|Protect
|move|p1a: Garchomp|Stomping Tantrum|p2b: Armarouge
|-activate|p2b: Armarouge|move: Protect
|move|p1b: Charizard|Weather Ball|p2a: Araquanid
|-damage|p2a: Araquanid|64/100
|move|p2a: Araquanid|Liquidation|p1a: Garchomp
|-damage|p1a: Garchomp|58/100
|-damage|p2a: Araquanid|52/100|[from] ability: Rough Skin|[of] p1a: Garchomp
|
|-weather|SunnyDay|[upkeep]
|upkeep
|turn|2
|inactive|Picoti has 30 seconds left.
|
|t:|1784481484
|switch|p2a: Mawile|Mawile, L50, M|100/100
|-ability|p2a: Mawile|Intimidate|boost
|-unboost|p1a: Garchomp|atk|1
|-unboost|p1b: Charizard|atk|1
|move|p1a: Garchomp|Stomping Tantrum|p2b: Armarouge
|-supereffective|p2b: Armarouge|1
|-damage|p2b: Armarouge|31/100
|-damage|p1a: Garchomp|48/100|[from] item: Life Orb
|move|p1b: Charizard|Weather Ball|p2a: Mawile
|-supereffective|p2a: Mawile|1
|-damage|p2a: Mawile|0 fnt
|faint|p2a: Mawile
|move|p2b: Armarouge|Trick Room|p2b: Armarouge
|-fieldstart|move: Trick Room|[of] p2b: Armarouge
|
|-weather|SunnyDay|[upkeep]
|upkeep
|
|t:|1784481497
|switch|p2a: Avalugg|Avalugg-Hisui, L50, F|100/100
|turn|3
|
|t:|1784481507
|move|p2a: Avalugg|Rock Slide|p1b: Charizard|[spread] p1a,p1b
|-resisted|p1a: Garchomp|1
|-supereffective|p1b: Charizard|2
|-damage|p1a: Garchomp|33/100
|-damage|p1b: Charizard|0 fnt
|faint|p1b: Charizard
|move|p2b: Armarouge|Heat Wave|p1a: Garchomp
|-resisted|p1a: Garchomp|1
|-damage|p1a: Garchomp|0 fnt
|faint|p1a: Garchomp
|
|-weather|SunnyDay|[upkeep]
|upkeep
|
|t:|1784481512
|switch|p1b: Sylveon|Sylveon, L50, M|100/100
|switch|p1a: Farigiraf|Farigiraf, L50, M, shiny|100/100
|turn|4
|
|t:|1784481524
|move|p2a: Avalugg|Wide Guard|p2a: Avalugg
|-singleturn|p2a: Avalugg|Wide Guard
|move|p1a: Farigiraf|Thunderbolt|p2b: Armarouge
|-damage|p2b: Armarouge|8/100
|move|p2b: Armarouge|Heat Wave|p1b: Sylveon|[spread] p1a,p1b
|-crit|p1a: Farigiraf
|-damage|p1a: Farigiraf|15/100
|-damage|p1b: Sylveon|51/100
|-enditem|p1a: Farigiraf|Sitrus Berry|[eat]
|-heal|p1a: Farigiraf|40/100|[from] item: Sitrus Berry
|move|p1b: Sylveon|Hyper Beam|p2a: Avalugg
|-ability|p2a: Avalugg|Sturdy
|-damage|p2a: Avalugg|1/100
|-mustrecharge|p1b: Sylveon
|
|-weather|SunnyDay|[upkeep]
|upkeep
|turn|5
|
|t:|1784481538
|move|p2a: Avalugg|Rock Slide|p1b: Sylveon|[spread] p1a,p1b
|-damage|p1a: Farigiraf|13/100
|-damage|p1b: Sylveon|11/100
|move|p1a: Farigiraf|Thunderbolt|p2b: Armarouge
|-damage|p2b: Armarouge|0 fnt
|faint|p2b: Armarouge
|cant|p1b: Sylveon|recharge
|
|-weather|none
|upkeep
|
|t:|1784481547
|switch|p2b: Araquanid|Araquanid, L50, F|52/100
|turn|6
|
|t:|1784481554
|move|p1b: Sylveon|Quick Attack|p2a: Avalugg
|-damage|p2a: Avalugg|0 fnt
|faint|p2a: Avalugg
|move|p2b: Araquanid|Liquidation|p1b: Sylveon
|-damage|p1b: Sylveon|0 fnt
|faint|p1b: Sylveon
|move|p1a: Farigiraf|Thunderbolt|p2b: Araquanid
|-supereffective|p2b: Araquanid|1
|-damage|p2b: Araquanid|16/100
|
|-fieldend|move: Trick Room
|upkeep
|turn|7
|
|t:|1784481558
|move|p1a: Farigiraf|Thunderbolt|p2b: Araquanid
|-supereffective|p2b: Araquanid|1
|-damage|p2b: Araquanid|0 fnt
|faint|p2b: Araquanid
|
|win|KodeBeast0526
|l|☆Picoti
|player|p2|
||KodeBeast0526 is ready for game 2.
||Picoti is ready for game 2.
|uhtml|next|Next: Game 2 of 3
