|j|☆RegiSIXSEVEN
|j|☆goodfish6211
|html|RegiSIXSEVENgoodfish6211    
|uhtml|bestof|Game 2 of a best-of-3
|t:|1784794668
|gametype|doubles
|player|p1|RegiSIXSEVEN|steven|1211
|player|p2|goodfish6211|102|1081
|gen|9
|tier|[Gen 9 Champions] VGC 2026 Reg M-B (Bo3)
|rated|
|rule|Species Clause: Limit one of each Pokémon
|rule|Item Clause: Limit 1 of each item
|clearpoke
|poke|p1|Gengar, L50, M, shiny|
|poke|p1|Swampert, L50, F, shiny|
|poke|p1|Incineroar, L50, F, shiny|
|poke|p1|Politoed, L50, M, shiny|
|poke|p1|Archaludon, L50, M, shiny|
|poke|p1|Vivillon-Elegant, L50, M, shiny|
|poke|p2|Incineroar, L50, F|
|poke|p2|Sneasler, L50, F|
|poke|p2|Whimsicott, L50, M|
|poke|p2|Sinistcha-Masterpiece, L50|
|poke|p2|Tyranitar, L50, F|
|poke|p2|Garchomp, L50, F|
|teampreview|4
|showteam|p1|Gengar||Gengarite|CursedBody|ShadowBall,SludgeBomb,PerishSong,Protect|Timid||M|||50|]Swampert||Swampertite|Damp|WaveCrash,Earthquake,IcePunch,Protect|Adamant||F|||50|]Incineroar||PasshoBerry|Intimidate|FakeOut,ThroatChop,PartingShot,Protect|Sassy||F|||50|]Politoed||SitrusBerry|Drizzle|WeatherBall,Encore,PerishSong,Protect|Calm||M|||50|]Archaludon||Leftovers|Stamina|DragonPulse,FlashCannon,ElectroShot,Protect|Bold||M|||50|]Vivillon-Elegant||FocusSash|CompoundEyes|Hurricane,SleepPowder,RagePowder,Protect|Timid||M|||50|
|showteam|p2|Incineroar||PasshoBerry|Intimidate|FakeOut,FlareBlitz,DarkestLariat,PartingShot|Adamant||F|||50|]Sneasler||WhiteHerb|Unburden|CloseCombat,FakeOut,DireClaw,Protect|Adamant||F|||50|]Whimsicott||FocusSash|Prankster|Tailwind,Moonblast,Encore,Protect|Timid||M|||50|]Sinistcha-Masterpiece||SitrusBerry|Hospitality|MatchaGotcha,TrickRoom,RagePowder,Protect|Bold|||||50|]Tyranitar||Tyranitarite|SandStream|RockSlide,KnockOff,DragonDance,Protect|Adamant||F|||50|]Garchomp||LifeOrb|RoughSkin|DragonClaw,StompingTantrum,RockSlide,Protect|Jolly||F|||50|
|inactive|Battle timer is ON: inactive players will automatically lose when time's up. (requested by goodfish6211)
|inactive|RegiSIXSEVEN also wants the timer to be on.
|
|t:|1784794689
|teamsize|p1|4
|teamsize|p2|4
|start
|switch|p1a: Swampert|Swampert, L50, F, shiny|100/100
|switch|p1b: Incineroar|Incineroar, L50, F, shiny|100/100
|switch|p2a: Sneasler|Sneasler, L50, F|100/100
|switch|p2b: Whimsicott|Whimsicott, L50, M|100/100
|-ability|p1b: Incineroar|Intimidate|boost
|-unboost|p2a: Sneasler|atk|1
|-unboost|p2b: Whimsicott|atk|1
|-enditem|p2a: Sneasler|White Herb
|-clearnegativeboost|p2a: Sneasler|[silent]
|turn|1
|inactive|goodfish6211 has 30 seconds left.
|
|t:|1784794719
|detailschange|p1a: Swampert|Swampert-Mega, L50, F, shiny
|-mega|p1a: Swampert|Swampert|Swampertite
|move|p2a: Sneasler|Fake Out|p1a: Swampert
|-damage|p1a: Swampert|85/100
|move|p1b: Incineroar|Fake Out|p2b: Whimsicott
|-damage|p2b: Whimsicott|83/100
|cant|p2b: Whimsicott|flinch
|cant|p1a: Swampert|flinch
|
|upkeep
|turn|2
|
|t:|1784794743
|switch|p1b: Politoed|Politoed, L50, M, shiny|100/100
|-weather|RainDance|[from] ability: Drizzle|[of] p1b: Politoed
|move|p2b: Whimsicott|Tailwind|p2b: Whimsicott
|-sidestart|p2: goodfish6211|move: Tailwind
|move|p2a: Sneasler|Close Combat|p1b: Politoed
|-damage|p1b: Politoed|38/100
|-unboost|p2a: Sneasler|def|1
|-unboost|p2a: Sneasler|spd|1
|-enditem|p1b: Politoed|Sitrus Berry|[eat]
|-heal|p1b: Politoed|63/100|[from] item: Sitrus Berry
|move|p1a: Swampert|Ice Punch|p2b: Whimsicott
|-supereffective|p2b: Whimsicott|1
|-damage|p2b: Whimsicott|0 fnt
|faint|p2b: Whimsicott
|
|-weather|RainDance|[upkeep]
|upkeep
|
|t:|1784794749
|switch|p2b: Tyranitar|Tyranitar, L50, F|100/100
|-weather|Sandstorm|[from] ability: Sand Stream|[of] p2b: Tyranitar
|turn|3
|
|t:|1784794771
|switch|p1b: Incineroar|Incineroar, L50, F, shiny|100/100
|-ability|p1b: Incineroar|Intimidate|boost
|-unboost|p2a: Sneasler|atk|1
|-unboost|p2b: Tyranitar|atk|1
|detailschange|p2b: Tyranitar|Tyranitar-Mega, L50, F
|-mega|p2b: Tyranitar|Tyranitar|Tyranitarite
|move|p2a: Sneasler|Close Combat|p1a: Swampert
|-damage|p1a: Swampert|39/100
|-unboost|p2a: Sneasler|def|1
|-unboost|p2a: Sneasler|spd|1
|move|p2b: Tyranitar|Dragon Dance|p2b: Tyranitar
|-boost|p2b: Tyranitar|atk|1
|-boost|p2b: Tyranitar|spe|1
|move|p1a: Swampert|Wave Crash|p2a: Sneasler
|-damage|p2a: Sneasler|0 fnt
|faint|p2a: Sneasler
|-damage|p1a: Swampert|10/100|[from] Recoil
|
|-weather|Sandstorm|[upkeep]
|-damage|p1b: Incineroar|94/100|[from] Sandstorm
|upkeep
|
|t:|1784794780
|switch|p2a: Garchomp|Garchomp, L50, F|100/100
|turn|4
|
|t:|1784794799
|move|p2a: Garchomp|Protect|p2a: Garchomp
|-singleturn|p2a: Garchomp|Protect
|move|p1b: Incineroar|Protect|p1b: Incineroar
|-singleturn|p1b: Incineroar|Protect
|move|p2b: Tyranitar|Dragon Dance|p2b: Tyranitar
|-boost|p2b: Tyranitar|atk|1
|-boost|p2b: Tyranitar|spe|1
|move|p1a: Swampert|Earthquake|p2a: Garchomp|[spread] p2b
|-activate|p1b: Incineroar|move: Protect
|-activate|p2a: Garchomp|move: Protect
|-supereffective|p2b: Tyranitar|1
|-damage|p2b: Tyranitar|35/100
|
|-weather|Sandstorm|[upkeep]
|-damage|p1b: Incineroar|88/100|[from] Sandstorm
|upkeep
|turn|5
|
|t:|1784794818
|switch|p1b: Politoed|Politoed, L50, M, shiny|63/100
|-weather|RainDance|[from] ability: Drizzle|[of] p1b: Politoed
|move|p1a: Swampert|Protect|p1a: Swampert
|-singleturn|p1a: Swampert|Protect
|move|p2b: Tyranitar|Rock Slide|p1a: Swampert|[spread] p1b
|-activate|p1a: Swampert|move: Protect
|-damage|p1b: Politoed|15/100
|move|p2a: Garchomp|Stomping Tantrum|p1b: Politoed
|-damage|p1b: Politoed|0 fnt
|faint|p1b: Politoed
|-damage|p2a: Garchomp|90/100|[from] item: Life Orb
|
|-weather|RainDance|[upkeep]
|-sideend|p2: goodfish6211|move: Tailwind
|upkeep
|
|t:|1784794823
|switch|p1b: Incineroar|Incineroar, L50, F, shiny|88/100
|-ability|p1b: Incineroar|Intimidate|boost
|-unboost|p2a: Garchomp|atk|1
|-unboost|p2b: Tyranitar|atk|1
|turn|6
|
|t:|1784794841
|move|p2b: Tyranitar|Protect|p2b: Tyranitar
|-singleturn|p2b: Tyranitar|Protect
|move|p2a: Garchomp|Protect|p2a: Garchomp
|-singleturn|p2a: Garchomp|Protect
|move|p1b: Incineroar|Protect|p1b: Incineroar
|-singleturn|p1b: Incineroar|Protect
|move|p1a: Swampert|Earthquake|p2b: Tyranitar|[spread] 
|-activate|p1b: Incineroar|move: Protect
|-activate|p2a: Garchomp|move: Protect
|-activate|p2b: Tyranitar|move: Protect
|
|-weather|RainDance|[upkeep]
|upkeep
|turn|7
|
|t:|1784794858
|move|p1a: Swampert|Wave Crash|p2a: Garchomp
|-damage|p2a: Garchomp|0 fnt
|-damage|p1a: Swampert|0 fnt|[from] ability: Rough Skin|[of] p2a: Garchomp
|faint|p2a: Garchomp
|faint|p1a: Swampert
|move|p2b: Tyranitar|Rock Slide|p1b: Incineroar
|-supereffective|p1b: Incineroar|1
|-damage|p1b: Incineroar|6/100
|move|p1b: Incineroar|Parting Shot|p2b: Tyranitar
|-unboost|p2b: Tyranitar|atk|1
|-unboost|p2b: Tyranitar|spa|1
|
|t:|1784794861
|switch|p1b: Archaludon|Archaludon, L50, M, shiny|100/100|[from] Parting Shot
|
|-weather|RainDance|[upkeep]
|upkeep
|
|t:|1784794863
|switch|p1a: Incineroar|Incineroar, L50, F, shiny|6/100
|-ability|p1a: Incineroar|Intimidate|boost
|-unboost|p2b: Tyranitar|atk|1
|turn|8
|-message|goodfish6211 forfeited.
|
|win|RegiSIXSEVEN
|raw|RegiSIXSEVEN's rating: 1211 → 1227(+16 for winning)
|raw|goodfish6211's rating: 1081 → 1067(-14 for losing)
|l|☆goodfish6211
|player|p2|
