|j|☆ApolloLou
|j|☆Sub Force
|html|ApolloLouSub Force    
|uhtml|bestof|Game 2 of a best-of-3
|t:|1784243017
|gametype|doubles
|player|p1|ApolloLou|petrel|
|player|p2|Sub Force|byron|
|gen|9
|tier|[Gen 9 Champions] VGC 2026 Reg M-B (Bo3)
|rule|Species Clause: Limit one of each Pokémon
|rule|Item Clause: Limit 1 of each item
|clearpoke
|poke|p1|Blastoise, L50, M|
|poke|p1|Sableye, L50, M|
|poke|p1|Talonflame, L50, M|
|poke|p1|Raichu, L50, F|
|poke|p1|Gengar, L50, M|
|poke|p1|Tauros, L50, M|
|poke|p2|Flapple, L50, M|
|poke|p2|Hydreigon, L50, M|
|poke|p2|Hatterene, L50, F|
|poke|p2|Hawlucha, L50, F|
|poke|p2|Garganacl, L50, M|
|poke|p2|Ariados, L50, M|
|teampreview|4
|showteam|p1|Blastoise||Blastoisinite|Torrent|WaterSpout,WaterPulse,AuraSphere,Protect|Modest||M|||50|]Sableye||Sablenite|Prankster|RainDance,FoulPlay,WillOWisp,Disable|Bold||M|||50|]Talonflame||SharpBeak|GaleWings|Tailwind,Protect,WillOWisp,BraveBird|Adamant||M|||50|]Raichu||Magnet|Static|FakeOut,Encore,VoltSwitch,AlluringVoice|Timid||F|||50|]Gengar||FocusSash|CursedBody|Protect,TrickRoom,Imprison,ShadowBall|Modest||M|||50|]Tauros||ChoiceScarf|Intimidate|WildCharge,HighHorsepower,DoubleEdge,IcyWind|Adamant||M|||50|
|showteam|p2|Flapple||ChoiceScarf|Hustle|GravApple,Outrage,Uturn,SuckerPunch|Jolly||M|||50|]Hydreigon||ChopleBerry|Levitate|Snarl,DracoMeteor,Tailwind,Protect|Timid||M|||50|]Hatterene||KasibBerry|MagicBounce|DazzlingGleam,TrickRoom,Psychic,Gravity|Modest||F|||50|]Hawlucha||Hawluchanite|Limber|BraveBird,QuickGuard,CloseCombat,Detect|Jolly||F|||50|]Garganacl||Leftovers|PurifyingSalt|WideGuard,SaltCure,Recover,RockSlide|Careful||M|||50|]Ariados||ScopeLens|Sniper|CrossPoison,NightSlash,RagePowder,Protect|Adamant||M|||50|
|j| ndjobus
|
|t:|1784243056
|teamsize|p1|4
|teamsize|p2|4
|start
|switch|p1a: Raichu|Raichu, L50, F|100/100
|switch|p1b: Gengar|Gengar, L50, M|100/100
|switch|p2a: Hydreigon|Hydreigon, L50, M|100/100
|switch|p2b: Garganacl|Garganacl, L50, M|100/100
|turn|1
|
|t:|1784243077
|move|p1a: Raichu|Fake Out|p2a: Hydreigon
|-damage|p2a: Hydreigon|92/100
|cant|p2a: Hydreigon|flinch
|move|p1b: Gengar|Shadow Ball|p2b: Garganacl
|-damage|p2b: Garganacl|83/100
|move|p2b: Garganacl|Rock Slide|p1b: Gengar|[spread] p1a,p1b
|-damage|p1a: Raichu|61/100
|-damage|p1b: Gengar|58/100
|
|-heal|p2b: Garganacl|89/100|[from] item: Leftovers
|upkeep
|turn|2
|
|t:|1784243095
|switch|p1b: Blastoise|Blastoise, L50, M|100/100
|move|p1a: Raichu|Alluring Voice|p2a: Hydreigon
|-supereffective|p2a: Hydreigon|2
|-damage|p2a: Hydreigon|17/100
|move|p2a: Hydreigon|Tailwind|p2a: Hydreigon
|-sidestart|p2: Sub Force|move: Tailwind
|move|p2b: Garganacl|Rock Slide|p1b: Blastoise|[spread] p1a,p1b
|-damage|p1a: Raichu|25/100
|-damage|p1b: Blastoise|81/100
|
|-heal|p2b: Garganacl|95/100|[from] item: Leftovers
|upkeep
|turn|3
|
|t:|1784243115
|detailschange|p1b: Blastoise|Blastoise-Mega, L50, M
|-mega|p1b: Blastoise|Blastoise|Blastoisinite
|move|p2a: Hydreigon|Snarl|p1a: Raichu|[spread] p1a,p1b
|-damage|p1a: Raichu|0 fnt
|-damage|p1b: Blastoise|63/100
|-unboost|p1b: Blastoise|spa|1
|faint|p1a: Raichu
|move|p2b: Garganacl|Salt Cure|p1b: Blastoise
|-damage|p1b: Blastoise|50/100g
|-start|p1b: Blastoise|Salt Cure
|move|p1b: Blastoise|Water Spout|p2a: Hydreigon|[spread] p2a,p2b
|-resisted|p2a: Hydreigon|1
|-supereffective|p2b: Garganacl|1
|-damage|p2a: Hydreigon|5/100
|-damage|p2b: Garganacl|65/100
|
|-heal|p2b: Garganacl|71/100|[from] item: Leftovers
|-damage|p1b: Blastoise|38/100|[from] Salt Cure
|upkeep
|
|t:|1784243127
|switch|p1a: Sableye|Sableye, L50, M|100/100
|turn|4
|
|t:|1784243144
|switch|p1b: Gengar|Gengar, L50, M|58/100
|move|p1a: Sableye|Will-O-Wisp|p2b: Garganacl
|-immune|p2b: Garganacl|[from] ability: Purifying Salt
|move|p2a: Hydreigon|Snarl|p1a: Sableye|[spread] p1a,p1b
|-supereffective|p1b: Gengar|1
|-damage|p1a: Sableye|67/100
|-damage|p1b: Gengar|0 fnt
|-unboost|p1a: Sableye|spa|1
|faint|p1b: Gengar
|move|p2b: Garganacl|Rock Slide|p1a: Sableye
|-damage|p1a: Sableye|38/100
|
|-heal|p2b: Garganacl|76/100|[from] item: Leftovers
|upkeep
|
|t:|1784243153
|switch|p1b: Blastoise|Blastoise-Mega, L50, M|38/100
|turn|5
|
|t:|1784243161
|move|p2b: Garganacl|Wide Guard|p2b: Garganacl
|-singleturn|p2b: Garganacl|Wide Guard
|move|p2a: Hydreigon|Snarl|p1a: Sableye|[spread] p1a,p1b
|-damage|p1a: Sableye|7/100
|-damage|p1b: Blastoise|22/100
|-unboost|p1a: Sableye|spa|1
|-unboost|p1b: Blastoise|spa|1
|move|p1b: Blastoise|Water Pulse|p2b: Garganacl
|-supereffective|p2b: Garganacl|1
|-damage|p2b: Garganacl|33/100
|move|p1a: Sableye|Foul Play|p2a: Hydreigon
|-resisted|p2a: Hydreigon|1
|-damage|p2a: Hydreigon|0 fnt
|faint|p2a: Hydreigon
|
|-heal|p2b: Garganacl|39/100|[from] item: Leftovers
|-sideend|p2: Sub Force|move: Tailwind
|upkeep
|
|t:|1784243169
|switch|p2a: Ariados|Ariados, L50, M|100/100
|turn|6
|
|t:|1784243181
|move|p2a: Ariados|Rage Powder|p2a: Ariados
|-singleturn|p2a: Ariados|move: Rage Powder
|move|p1a: Sableye|Rain Dance|p1a: Sableye
|-weather|RainDance
|move|p1b: Blastoise|Water Spout|p2a: Ariados|[spread] p2a,p2b
|-supereffective|p2b: Garganacl|1
|-damage|p2a: Ariados|79/100
|-damage|p2b: Garganacl|18/100
|move|p2b: Garganacl|Rock Slide|p1b: Blastoise|[spread] p1a,p1b
|-damage|p1a: Sableye|0 fnt
|-damage|p1b: Blastoise|3/100
|faint|p1a: Sableye
|
|-weather|RainDance|[upkeep]
|-heal|p2b: Garganacl|24/100|[from] item: Leftovers
|upkeep
|turn|7
|
|t:|1784243193
|move|p2a: Ariados|Rage Powder|p2a: Ariados
|-singleturn|p2a: Ariados|move: Rage Powder
|move|p1b: Blastoise|Water Spout|p2a: Ariados|[spread] p2a,p2b
|-supereffective|p2b: Garganacl|1
|-damage|p2a: Ariados|75/100
|-damage|p2b: Garganacl|21/100
|move|p2b: Garganacl|Salt Cure|p1b: Blastoise
|-damage|p1b: Blastoise|0 fnt
|faint|p1b: Blastoise
|
|win|Sub Force
||Sub Force is ready for game 3.
||ApolloLou is ready for game 3.
|uhtml|next|Next: Game 3 of 3
|l| ndjobus
|l|☆ApolloLou
|player|p1|
