|j|☆Irongiant9214
|j|☆figglewiggle
|html|Irongiant9214figglewiggle    
|uhtml|bestof|Game 2 of a best-of-3
|t:|1784691793
|gametype|doubles
|player|p1|Irongiant9214|101|1163
|player|p2|figglewiggle|102|1154
|gen|9
|tier|[Gen 9 Champions] VGC 2026 Reg M-B (Bo3)
|rated|
|rule|Species Clause: Limit one of each Pokémon
|rule|Item Clause: Limit 1 of each item
|clearpoke
|poke|p1|Charizard, L50, F, shiny|
|poke|p1|Garchomp, L50, F, shiny|
|poke|p1|Incineroar, L50, M, shiny|
|poke|p1|Venusaur, L50, F, shiny|
|poke|p1|Toxapex, L50, M|
|poke|p1|Sylveon, L50, F|
|poke|p2|Hydreigon, L50, F|
|poke|p2|Sneasler, L50, M|
|poke|p2|Charizard, L50, M|
|poke|p2|Whimsicott, L50, M|
|poke|p2|Garchomp, L50, M|
|poke|p2|Basculegion, L50, M|
|teampreview|4
|showteam|p1|Charizard||CharizarditeY|SolarPower|WeatherBall,HeatWave,AncientPower,Protect|Modest||F|||50|]Garchomp||ChoiceScarf|RoughSkin|RockSlide,DragonClaw,Earthquake,StompingTantrum|Adamant||F|||50|]Incineroar||SitrusBerry|Intimidate|FlareBlitz,FakeOut,DarkestLariat,PartingShot|Impish||M|||50|]Venusaur||LifeOrb|Chlorophyll|SludgeBomb,LeafStorm,EarthPower,Protect|Modest||F|||50|]Toxapex||Leftovers|Regenerator|Infestation,Toxic,WideGuard,BanefulBunker|Bold||M|||50|]Sylveon||FairyFeather|Pixilate|HyperVoice,QuickAttack,Yawn,Detect|Modest||F|||50|
|showteam|p2|Hydreigon||ChoiceScarf|Levitate|DracoMeteor,EarthPower,DarkPulse,Snarl|Modest||F|||50|]Sneasler||FocusSash|PoisonTouch|FakeOut,PoisonJab,CloseCombat,Protect|Jolly||M|||50|]Charizard||CharizarditeY|Blaze|HeatWave,WeatherBall,SolarBeam,Protect|Modest||M|||50|]Whimsicott||CobaBerry|Prankster|Moonblast,Encore,Tailwind,Protect|Bold||M|||50|]Garchomp||LifeOrb|RoughSkin|Earthquake,RockSlide,DragonClaw,Protect|Jolly||M|||50|]Basculegion||MysticWater|Adaptability|WaveCrash,AquaJet,LastRespects,Protect|Adamant||M|||50|
|inactive|Battle timer is ON: inactive players will automatically lose when time's up. (requested by figglewiggle)
|inactive|Irongiant9214 has 60 seconds left.
|inactive|figglewiggle has 60 seconds left.
|inactive|Irongiant9214 has 30 seconds left.
|inactive|figglewiggle has 30 seconds left.
|inactive|Irongiant9214 has 20 seconds left.
|inactive|figglewiggle has 20 seconds left.
|inactive|figglewiggle has 15 seconds left.
|
|t:|1784691874
|teamsize|p1|4
|teamsize|p2|4
|start
|switch|p1a: Incineroar|Incineroar, L50, M, shiny|100/100
|switch|p1b: Garchomp|Garchomp, L50, F, shiny|100/100
|switch|p2a: Whimsicott|Whimsicott, L50, M|100/100
|switch|p2b: Basculegion|Basculegion, L50, M|100/100
|-ability|p1a: Incineroar|Intimidate|boost
|-unboost|p2a: Whimsicott|atk|1
|-unboost|p2b: Basculegion|atk|1
|turn|1
|inactive|Irongiant9214 has 30 seconds left.
|inactive|figglewiggle has 30 seconds left.
|inactive|Irongiant9214 has 20 seconds left.
|inactive|figglewiggle has 20 seconds left.
|inactive|figglewiggle has 15 seconds left.
|
|t:|1784691916
|move|p2a: Whimsicott|Protect|p2a: Whimsicott
|-singleturn|p2a: Whimsicott|Protect
|move|p2b: Basculegion|Protect|p2b: Basculegion
|-singleturn|p2b: Basculegion|Protect
|move|p1a: Incineroar|Fake Out|p2a: Whimsicott
|-activate|p2a: Whimsicott|move: Protect
|move|p1b: Garchomp|Dragon Claw|p2b: Basculegion
|-activate|p2b: Basculegion|move: Protect
|
|upkeep
|turn|2
|inactive|figglewiggle has 30 seconds left.
|
|t:|1784691949
|switch|p1b: Charizard|Charizard, L50, F, shiny|100/100
|switch|p1a: Toxapex|Toxapex, L50, M|100/100
|move|p2a: Whimsicott|Moonblast|p1a: Toxapex
|-resisted|p1a: Toxapex|1
|-damage|p1a: Toxapex|88/100
|move|p2b: Basculegion|Wave Crash|p1a: Toxapex
|-resisted|p1a: Toxapex|1
|-damage|p1a: Toxapex|67/100
|-damage|p2b: Basculegion|94/100|[from] Recoil
|
|-heal|p1a: Toxapex|73/100|[from] item: Leftovers
|upkeep
|turn|3
|inactive|figglewiggle has 30 seconds left.
|inactive|figglewiggle has 20 seconds left.
|inactive|figglewiggle has 15 seconds left.
|
|t:|1784691994
|detailschange|p1b: Charizard|Charizard-Mega-Y, L50, F, shiny
|-mega|p1b: Charizard|Charizard|Charizardite Y
|-weather|SunnyDay|[from] ability: Drought|[of] p1b: Charizard
|move|p1b: Charizard|Protect|p1b: Charizard
|-singleturn|p1b: Charizard|Protect
|move|p2b: Basculegion|Protect|p2b: Basculegion
|-singleturn|p2b: Basculegion|Protect
|move|p2a: Whimsicott|Tailwind|p2a: Whimsicott
|-sidestart|p2: figglewiggle|move: Tailwind
|move|p1a: Toxapex|Toxic|p2b: Basculegion
|-activate|p2b: Basculegion|move: Protect
|
|-weather|SunnyDay|[upkeep]
|-heal|p1a: Toxapex|78/100|[from] item: Leftovers
|upkeep
|turn|4
|inactive|figglewiggle has 30 seconds left.
|inactive|Irongiant9214 has 30 seconds left.
|inactive|figglewiggle has 20 seconds left.
|inactive|figglewiggle has 15 seconds left.
|
|t:|1784692037
|switch|p2a: Hydreigon|Hydreigon, L50, F|100/100
|switch|p1b: Garchomp|Garchomp, L50, F, shiny|100/100
|move|p1a: Toxapex|Baneful Bunker|p1a: Toxapex
|-singleturn|p1a: Toxapex|move: Protect
|move|p2b: Basculegion|Wave Crash|p1b: Garchomp
|-damage|p1b: Garchomp|69/100
|-damage|p2b: Basculegion|82/100|[from] ability: Rough Skin|[of] p1b: Garchomp
|-damage|p2b: Basculegion|72/100|[from] Recoil
|
|-weather|SunnyDay|[upkeep]
|-heal|p1a: Toxapex|84/100|[from] item: Leftovers
|upkeep
|turn|5
|inactive|figglewiggle has 30 seconds left.
|inactive|figglewiggle has 20 seconds left.
|inactive|figglewiggle has 15 seconds left.
|inactive|figglewiggle has 10 seconds left.
|
|t:|1784692086
|switch|p1b: Incineroar|Incineroar, L50, M, shiny|100/100
|-ability|p1b: Incineroar|Intimidate|boost
|-unboost|p2a: Hydreigon|atk|1
|-unboost|p2b: Basculegion|atk|1
|switch|p2b: Charizard|Charizard, L50, M|100/100
|move|p2a: Hydreigon|Draco Meteor|p1b: Incineroar
|-damage|p1b: Incineroar|35/100
|-unboost|p2a: Hydreigon|spa|2
|-enditem|p1b: Incineroar|Sitrus Berry|[eat]
|-heal|p1b: Incineroar|60/100|[from] item: Sitrus Berry
|move|p1a: Toxapex|Infestation|p2a: Hydreigon
|-supereffective|p2a: Hydreigon|1
|-damage|p2a: Hydreigon|92/100
|-activate|p2a: Hydreigon|move: Infestation|[of] p1a: Toxapex
|
|-weather|SunnyDay|[upkeep]
|-heal|p1a: Toxapex|90/100|[from] item: Leftovers
|-damage|p2a: Hydreigon|80/100|[from] move: Infestation|[partiallytrapped]
|upkeep
|turn|6
|inactive|Irongiant9214 has 30 seconds left.
|inactive|figglewiggle has 30 seconds left.
|inactive|figglewiggle has 20 seconds left.
|inactive|figglewiggle has 15 seconds left.
|inactive|figglewiggle has 10 seconds left.
|inactive|figglewiggle has 5 seconds left.
|
|t:|1784692137
|detailschange|p2b: Charizard|Charizard-Mega-Y, L50, M
|-mega|p2b: Charizard|Charizard|Charizardite Y
|move|p1b: Incineroar|Fake Out|p2a: Hydreigon
|-damage|p2a: Hydreigon|68/100
|cant|p2a: Hydreigon|flinch
|move|p2b: Charizard|Weather Ball|p1b: Incineroar
|-resisted|p1b: Incineroar|1
|-damage|p1b: Incineroar|21/100
|move|p1a: Toxapex|Toxic|p2b: Charizard
|-status|p2b: Charizard|tox
|
|-weather|SunnyDay|[upkeep]
|-heal|p1a: Toxapex|96/100|[from] item: Leftovers
|-damage|p2b: Charizard|93/100 tox|[from] psn
|-damage|p2a: Hydreigon|55/100|[from] move: Infestation|[partiallytrapped]
|-sideend|p2: figglewiggle|move: Tailwind
|upkeep
|turn|7
|inactive|Irongiant9214 has 30 seconds left.
|inactive|figglewiggle has 30 seconds left.
|
|t:|1784692169
|move|p2a: Hydreigon|Draco Meteor|p1b: Incineroar
|-damage|p1b: Incineroar|0 fnt
|-unboost|p2a: Hydreigon|spa|2
|faint|p1b: Incineroar
|move|p2b: Charizard|Weather Ball|p1a: Toxapex
|-resisted|p1a: Toxapex|1
|-damage|p1a: Toxapex|66/100
|move|p1a: Toxapex|Infestation|p2b: Charizard
|-resisted|p2b: Charizard|2
|-damage|p2b: Charizard|93/100 tox
|-activate|p2b: Charizard|move: Infestation|[of] p1a: Toxapex
|
|-weather|none
|-heal|p1a: Toxapex|71/100|[from] item: Leftovers
|-damage|p2b: Charizard|81/100 tox|[from] psn
|-damage|p2a: Hydreigon|43/100|[from] move: Infestation|[partiallytrapped]
|-damage|p2b: Charizard|69/100 tox|[from] move: Infestation|[partiallytrapped]
|upkeep
|
|t:|1784692184
|switch|p1b: Charizard|Charizard-Mega-Y, L50, F, shiny|100/100
|-weather|SunnyDay|[from] ability: Drought|[of] p1b: Charizard
|turn|8
|j| pandahp
|
|t:|1784692205
|move|p1b: Charizard|Protect|p1b: Charizard
|-singleturn|p1b: Charizard|Protect
|move|p1a: Toxapex|Baneful Bunker|p1a: Toxapex
|-singleturn|p1a: Toxapex|move: Protect
|move|p2a: Hydreigon|Draco Meteor|p1b: Charizard
|-activate|p1b: Charizard|move: Protect
|move|p2b: Charizard|Weather Ball|p1b: Charizard
|-activate|p1b: Charizard|move: Protect
|
|-weather|SunnyDay|[upkeep]
|-heal|p1a: Toxapex|77/100|[from] item: Leftovers
|-damage|p2b: Charizard|51/100 tox|[from] psn
|-damage|p2a: Hydreigon|30/100|[from] move: Infestation|[partiallytrapped]
|-damage|p2b: Charizard|39/100 tox|[from] move: Infestation|[partiallytrapped]
|upkeep
|turn|9
|inactive|Irongiant9214 has 30 seconds left.
|
|t:|1784692233
|move|p2a: Hydreigon|Draco Meteor|p1b: Charizard|[miss]
|-miss|p2a: Hydreigon|p1b: Charizard
|move|p2b: Charizard|Weather Ball|p1b: Charizard
|-resisted|p1b: Charizard|1
|-damage|p1b: Charizard|65/100
|move|p1b: Charizard|Ancient Power|p2b: Charizard
|-supereffective|p2b: Charizard|2
|-damage|p2b: Charizard|0 fnt
|faint|p2b: Charizard
|move|p1a: Toxapex|Toxic|p2a: Hydreigon
|-status|p2a: Hydreigon|tox
|
|-weather|SunnyDay|[upkeep]
|-heal|p1a: Toxapex|83/100|[from] item: Leftovers
|-damage|p2a: Hydreigon|24/100 tox|[from] psn
|-end|p2a: Hydreigon|Infestation|[partiallytrapped]
|upkeep
|
|t:|1784692248
|switch|p2b: Whimsicott|Whimsicott, L50, M|100/100
|turn|10
|inactive|Irongiant9214 has 30 seconds left.
|
|t:|1784692278
|move|p2b: Whimsicott|Encore|p1b: Charizard
|-start|p1b: Charizard|Encore
|move|p2a: Hydreigon|Draco Meteor|p1b: Charizard|[miss]
|-miss|p2a: Hydreigon|p1b: Charizard
|move|p1b: Charizard|Ancient Power|p2b: Whimsicott
|-damage|p2b: Whimsicott|70/100
|move|p1a: Toxapex|Infestation|p2b: Whimsicott
|-damage|p2b: Whimsicott|65/100
|-activate|p2b: Whimsicott|move: Infestation|[of] p1a: Toxapex
|
|-weather|SunnyDay|[upkeep]
|-heal|p1a: Toxapex|89/100|[from] item: Leftovers
|-damage|p2a: Hydreigon|13/100 tox|[from] psn
|-damage|p2b: Whimsicott|53/100|[from] move: Infestation|[partiallytrapped]
|upkeep
|turn|11
|inactive|figglewiggle has 30 seconds left.
|
|t:|1784692305
|move|p2b: Whimsicott|Protect|p2b: Whimsicott
|-singleturn|p2b: Whimsicott|Protect
|move|p1a: Toxapex|Baneful Bunker|p1a: Toxapex
|-singleturn|p1a: Toxapex|move: Protect
|move|p2a: Hydreigon|Draco Meteor|p1b: Charizard
|-damage|p1b: Charizard|44/100
|-unboost|p2a: Hydreigon|spa|2
|move|p1b: Charizard|Ancient Power|p2b: Whimsicott
|-activate|p2b: Whimsicott|move: Protect
|
|-weather|SunnyDay|[upkeep]
|-heal|p1a: Toxapex|94/100|[from] item: Leftovers
|-damage|p2a: Hydreigon|0 fnt|[from] psn
|faint|p2a: Hydreigon
|-damage|p2b: Whimsicott|41/100|[from] move: Infestation|[partiallytrapped]
|upkeep
|
|t:|1784692318
|switch|p2a: Basculegion|Basculegion, L50, M|72/100
|turn|12
|inactive|figglewiggle has 30 seconds left.
|inactive|Irongiant9214 has 30 seconds left.
|inactive|Irongiant9214 has 20 seconds left.
|inactive|Irongiant9214 has 15 seconds left.
|inactive|Irongiant9214 has 10 seconds left.
|
|t:|1784692363
|-heal|p1a: Toxapex|100/100|[from] ability: Regenerator|[silent]
|switch|p1a: Garchomp|Garchomp, L50, F, shiny|69/100
|move|p2b: Whimsicott|Encore||[still]
|-fail|p2b: Whimsicott
|move|p1b: Charizard|Ancient Power|p2a: Basculegion
|-damage|p2a: Basculegion|48/100
|move|p2a: Basculegion|Last Respects|p1b: Charizard
|-damage|p1b: Charizard|0 fnt
|faint|p1b: Charizard
|
|-weather|none
|-end|p2b: Whimsicott|Infestation|[partiallytrapped]|[silent]
|upkeep
|
|t:|1784692373
|switch|p1b: Toxapex|Toxapex, L50, M|100/100
|turn|13
|inactive|figglewiggle has 30 seconds left this turn.
|inactive|Irongiant9214 has 30 seconds left.
|
|t:|1784692407
|move|p2b: Whimsicott|Tailwind|p2b: Whimsicott
|-sidestart|p2: figglewiggle|move: Tailwind
|move|p1a: Garchomp|Stomping Tantrum|p2a: Basculegion
|-damage|p2a: Basculegion|1/100
|move|p2a: Basculegion|Last Respects|p1a: Garchomp
|-damage|p1a: Garchomp|0 fnt
|faint|p1a: Garchomp
|move|p1b: Toxapex|Toxic|p2b: Whimsicott
|-status|p2b: Whimsicott|tox
|
|-damage|p2b: Whimsicott|35/100 tox|[from] psn
|upkeep
|turn|14
|inactive|figglewiggle has 25 seconds left this turn.
|inactive|figglewiggle has 20 seconds left.
|inactive|figglewiggle has 15 seconds left.
|inactive|figglewiggle has 10 seconds left.
|
|t:|1784692426
|move|p1b: Toxapex|Baneful Bunker|p1b: Toxapex
|-singleturn|p1b: Toxapex|move: Protect
|move|p2b: Whimsicott|Moonblast|p1b: Toxapex
|-activate|p1b: Toxapex|move: Protect
|move|p2a: Basculegion|Last Respects|p1b: Toxapex
|-activate|p1b: Toxapex|move: Protect
|
|-damage|p2b: Whimsicott|23/100 tox|[from] psn
|upkeep
|turn|15
|inactive|figglewiggle has 10 seconds left this turn.
|inactive|figglewiggle has 5 seconds left.
|
|t:|1784692439
|move|p2b: Whimsicott|Moonblast|p1b: Toxapex
|-resisted|p1b: Toxapex|1
|-damage|p1b: Toxapex|88/100
|move|p2a: Basculegion|Last Respects|p1b: Toxapex
|-damage|p1b: Toxapex|23/100
|move|p1b: Toxapex|Infestation|p2a: Basculegion
|-resisted|p2a: Basculegion|1
|-damage|p2a: Basculegion|0 fnt
|faint|p2a: Basculegion
|
|-heal|p1b: Toxapex|29/100|[from] item: Leftovers
|-damage|p2b: Whimsicott|5/100 tox|[from] psn
|upkeep
|turn|16
|inactive|figglewiggle has 5 seconds left this turn.
|-message|figglewiggle lost due to inactivity.
|
|win|Irongiant9214
||Irongiant9214 is ready for game 3.
||figglewiggle is ready for game 3.
|uhtml|next|Next: Game 3 of 3
|l| pandahp
