|j|☆2whitefl
|j|‽Inferno prodigy
|html|2whiteflInferno prodigy    
|uhtml|bestof|Game 1 of a best-of-3
|t:|1757820188
|gametype|doubles
|player|p1|2whitefl|blue|1196
|player|p2|Inferno prodigy|101|1307
|gen|9
|tier|[Gen 9] VGC 2025 Reg H (Bo3)
|rated|
|rule|Species Clause: Limit one of each Pokémon
|rule|Item Clause: Limit 1 of each item
|clearpoke
|poke|p1|Archaludon, L50, F|
|poke|p1|Gholdengo, L50|
|poke|p1|Raichu, L50, M|
|poke|p1|Rillaboom, L50, F|
|poke|p1|Annihilape, L50, M|
|poke|p1|Maushold, L50|
|poke|p2|Maushold, L50|
|poke|p2|Annihilape, L50, M|
|poke|p2|Grimmsnarl, L50, M|
|poke|p2|Gholdengo, L50|
|poke|p2|Dragonite, L50, M|
|poke|p2|Ursaluna-Bloodmoon, L50, M|
|teampreview|4
|showteam|p1|Archaludon||AssaultVest|Stamina|BodyPress,Snarl,FlashCannon,DracoMeteor|||F|||50|,,,,,Fighting]Gholdengo||LifeOrb|GoodasGold|MakeItRain,ShadowBall,NastyPlot,Protect||||||50|,,,,,Water]Raichu||FocusSash|Static|FakeOut,Electroweb,Feint,Protect|||M|||50|,,,,,Ghost]Rillaboom||ClearAmulet|GrassySurge|FakeOut,GrassyGlide,HighHorsepower,WoodHammer|||F|||50|,,,,,Fire]Annihilape||Leftovers|Defiant|RageFist,DrainPunch,BulkUp,Protect|||M|||50|,,,,,Fire]Maushold||SafetyGoggles|FriendGuard|SuperFang,BeatUp,FollowMe,Protect||||||50|,,,,,Ghost
|showteam|p2|Maushold||WideLens|FriendGuard|PopulationBomb,BeatUp,Protect,FollowMe||||||50|,,,,,Ghost]Annihilape||SafetyGoggles|Defiant|RageFist,DrainPunch,Protect,BulkUp|||M|||50|,,,,,Fire]Grimmsnarl||LightClay|Prankster|ThunderWave,LightScreen,SpiritBreak,Reflect|||M|||50|,,,,,Ghost]Gholdengo||Leftovers|GoodasGold|MakeItRain,ShadowBall,Protect,NastyPlot||||||50|,,,,,Water]Dragonite||LoadedDice|Multiscale|ScaleShot,Tailwind,ExtremeSpeed,Haze|||M|||50|,,,,,Fairy]Ursaluna-Bloodmoon||AssaultVest|MindsEye|BloodMoon,HyperVoice,VacuumWave,EarthPower|||M|||50|,,,,,Water
|inactive|Battle timer is ON: inactive players will automatically lose when time's up. (requested by 2whitefl)
|inactive|2whitefl has 60 seconds left.
|inactive|Inferno prodigy has 60 seconds left.
|
|t:|1757820245
|teamsize|p1|4
|teamsize|p2|4
|start
|switch|p1a: Annihilape|Annihilape, L50, M|100/100
|switch|p1b: Maushold|Maushold, L50|100/100
|switch|p2a: Grimmsnarl|Grimmsnarl, L50, M|100/100
|switch|p2b: Gholdengo|Gholdengo, L50|100/100
|turn|1
|
|t:|1757820260
|move|p2a: Grimmsnarl|Thunder Wave|p1b: Maushold|[miss]
|-miss|p2a: Grimmsnarl|p1b: Maushold
|move|p1b: Maushold|Beat Up|p1a: Annihilape
|-damage|p1a: Annihilape|99/100
|-damage|p1a: Annihilape|97/100
|-damage|p1a: Annihilape|95/100
|-damage|p1a: Annihilape|93/100
|-hitcount|p1a: Annihilape|4
|move|p1a: Annihilape|Rage Fist|p2b: Gholdengo
|-supereffective|p2b: Gholdengo
|-damage|p2b: Gholdengo|0 fnt
|faint|p2b: Gholdengo
|
|-heal|p1a: Annihilape|99/100|[from] item: Leftovers
|upkeep
|
|t:|1757820267
|switch|p2b: Annihilape|Annihilape, L50, M|100/100
|turn|2
|
|t:|1757820281
|move|p2b: Annihilape|Protect|p2b: Annihilape
|-singleturn|p2b: Annihilape|Protect
|move|p1b: Maushold|Follow Me|p1b: Maushold
|-singleturn|p1b: Maushold|move: Follow Me
|move|p2a: Grimmsnarl|Thunder Wave|p1b: Maushold
|-status|p1b: Maushold|par
|move|p1a: Annihilape|Rage Fist|p2b: Annihilape
|-activate|p2b: Annihilape|move: Protect
|
|-heal|p1a: Annihilape|100/100|[from] item: Leftovers
|upkeep
|turn|3
|inactive|Inferno prodigy has 30 seconds left.
|
|t:|1757820308
|switch|p2b: Maushold|Maushold, L50|100/100
|move|p1b: Maushold|Follow Me|p1b: Maushold
|-singleturn|p1b: Maushold|move: Follow Me
|move|p2a: Grimmsnarl|Thunder Wave|p1b: Maushold
|-fail|p1b: Maushold|par
|move|p1a: Annihilape|Rage Fist|p2b: Maushold
|-immune|p2b: Maushold
|
|upkeep
|turn|4
|
|t:|1757820320
|switch|p1a: Archaludon|Archaludon, L50, F|100/100
|move|p2a: Grimmsnarl|Reflect|p2a: Grimmsnarl
|-sidestart|p2: Inferno prodigy|Reflect
|move|p2b: Maushold|Population Bomb|p1b: Maushold
|-damage|p1b: Maushold|91/100 par
|-damage|p1b: Maushold|81/100 par
|-damage|p1b: Maushold|72/100 par
|-damage|p1b: Maushold|63/100 par
|-damage|p1b: Maushold|54/100 par
|-damage|p1b: Maushold|45/100 par
|-damage|p1b: Maushold|35/100 par
|-damage|p1b: Maushold|26/100 par
|-damage|p1b: Maushold|17/100 par
|-damage|p1b: Maushold|8/100 par
|-hitcount|p1b: Maushold|10
|move|p1b: Maushold|Beat Up|p1a: Archaludon
|-crit|p1a: Archaludon
|-damage|p1a: Archaludon|98/100
|-ability|p1a: Archaludon|Stamina|boost
|-boost|p1a: Archaludon|def|1
|-damage|p1a: Archaludon|98/100
|-ability|p1a: Archaludon|Stamina|boost
|-boost|p1a: Archaludon|def|1
|-damage|p1a: Archaludon|97/100
|-ability|p1a: Archaludon|Stamina|boost
|-boost|p1a: Archaludon|def|1
|-damage|p1a: Archaludon|97/100
|-ability|p1a: Archaludon|Stamina|boost
|-boost|p1a: Archaludon|def|1
|-hitcount|p1a: Archaludon|4
|
|upkeep
|turn|5
|inactive|Inferno prodigy has 30 seconds left.
|
|t:|1757820352
|-terastallize|p2b: Maushold|Ghost
|move|p2a: Grimmsnarl|Thunder Wave|p1a: Archaludon
|-status|p1a: Archaludon|par
|move|p2b: Maushold|Population Bomb|p1b: Maushold
|-damage|p1b: Maushold|0 fnt
|faint|p1b: Maushold
|-hitcount|p1: Maushold|1
|move|p1a: Archaludon|Flash Cannon|p2a: Grimmsnarl
|-supereffective|p2a: Grimmsnarl
|-damage|p2a: Grimmsnarl|53/100
|
|upkeep
|
|t:|1757820364
|switch|p1b: Annihilape|Annihilape, L50, M|100/100
|turn|6
|
|t:|1757820379
|switch|p2a: Annihilape|Annihilape, L50, M|100/100
|move|p2b: Maushold|Beat Up|p2a: Annihilape
|-damage|p2a: Annihilape|98/100
|-damage|p2a: Annihilape|96/100
|-damage|p2a: Annihilape|94/100
|-hitcount|p2a: Annihilape|3
|move|p1b: Annihilape|Rage Fist|p2b: Maushold
|-supereffective|p2b: Maushold
|-damage|p2b: Maushold|0 fnt
|faint|p2b: Maushold
|move|p1a: Archaludon|Body Press|p2a: Annihilape
|-immune|p2a: Annihilape
|
|upkeep
|
|t:|1757820391
|switch|p2b: Grimmsnarl|Grimmsnarl, L50, M|53/100
|turn|7
|inactive|2whitefl has 30 seconds left.
|
|t:|1757820418
|-terastallize|p1a: Archaludon|Fighting
|move|p2b: Grimmsnarl|Light Screen|p2b: Grimmsnarl
|-sidestart|p2: Inferno prodigy|move: Light Screen
|move|p1b: Annihilape|Rage Fist|p2a: Annihilape
|-supereffective|p2a: Annihilape
|-damage|p2a: Annihilape|0 fnt
|faint|p2a: Annihilape
|move|p1a: Archaludon|Body Press|p2b: Grimmsnarl
|-damage|p2b: Grimmsnarl|0 fnt
|faint|p2b: Grimmsnarl
|
|win|2whitefl
|inactive|2whitefl has 30 seconds to confirm battle start!
|inactive|Inferno prodigy has 30 seconds to confirm battle start!
||Inferno prodigy is ready for game 2.
|inactive|2whitefl has 20 seconds to confirm battle start!
|l|‽Inferno prodigy
|player|p2|
||2whitefl is ready for game 2.
|uhtml|next|Next: Game 2 of 3
