|j|☆Foffa
|j|☆Slo-mmo-o
|html|FoffaSlo-mmo-o    
|uhtml|bestof|Game 1 of a best-of-3
|t:|1756906655
|gametype|doubles
|player|p1|Foffa|266|1307
|player|p2|Slo-mmo-o|lucas|1378
|gen|9
|tier|[Gen 9] VGC 2025 Reg H (Bo3)
|rated|
|rule|Species Clause: Limit one of each Pokémon
|rule|Item Clause: Limit 1 of each item
|clearpoke
|poke|p1|Chesnaught, L50, M|
|poke|p1|Ninetales-Alola, L50, F|
|poke|p1|Incineroar, L50, F|
|poke|p1|Gholdengo, L50|
|poke|p1|Garchomp, L50, F|
|poke|p1|Glimmora, L50, M|
|poke|p2|Kommo-o, L50, F|
|poke|p2|Ninetales-Alola, L50, F|
|poke|p2|Rillaboom, L50, M|
|poke|p2|Electabuzz, L50, M|
|poke|p2|Annihilape, L50, M|
|poke|p2|Kingambit, L50, F|
|teampreview|4
|showteam|p1|Chesnaught||Leftovers|Bulletproof|SpikyShield,IronDefense,BodyPress,LeechSeed|||M|||50|,,,,,Steel]Ninetales-Alola||LightClay|SnowWarning|Protect,AuroraVeil,Blizzard,IcyWind|||F|||50|,,,,,Fire]Incineroar||RockyHelmet|Intimidate|FlareBlitz,FakeOut,KnockOff,PartingShot|||F|||50|,,,,,Fairy]Gholdengo||ChoiceScarf|GoodasGold|MakeItRain,ShadowBall,Trick,PowerGem||||||50|,,,,,Steel]Garchomp||ClearAmulet|RoughSkin|DragonClaw,Protect,StompingTantrum,Earthquake|||F|||50|,,,,,Fire]Glimmora||AssaultVest|ToxicDebris|PowerGem,EarthPower,SludgeBomb,MortalSpin|||M|||50|,,,,,Grass
|showteam|p2|Kommo-o||LifeOrb|Soundproof|ClangingScales,AuraSphere,Flamethrower,Protect|||F|||50|,,,,,Fire]Ninetales-Alola||NeverMeltIce|SnowWarning|Blizzard,FreezeDry,Encore,Protect|||F|||50|,,,,,Ice]Rillaboom||AssaultVest|GrassySurge|WoodHammer,GrassyGlide,HighHorsepower,FakeOut|||M|||50|,,,,,Ghost]Electabuzz||Eviolite|VitalSpirit|Electroweb,HelpingHand,FollowMe,Protect|||M|||50|,,,,,Ghost]Annihilape||FocusSash|Defiant|CloseCombat,ShadowClaw,FinalGambit,Taunt|||M|||50|,,,,,Stellar]Kingambit||BlackGlasses|Defiant|KowtowCleave,SuckerPunch,SwordsDance,Protect|||F|||50|,,,,,Dark
|
|t:|1756906710
|teamsize|p1|4
|teamsize|p2|4
|start
|switch|p1a: Chesnaught|Chesnaught, L50, M|100/100
|switch|p1b: Ninetales|Ninetales-Alola, L50, F|100/100
|switch|p2a: Monkey Gong|Rillaboom, L50, M|100/100
|switch|p2b: Kommodo-Moʻo|Kommo-o, L50, F, shiny|100/100
|-weather|Snowscape|[from] ability: Snow Warning|[of] p1b: Ninetales
|-fieldstart|move: Grassy Terrain|[from] ability: Grassy Surge|[of] p2a: Monkey Gong
|turn|1
|
|t:|1756906727
|-terastallize|p2b: Kommodo-Moʻo|Fire
|move|p2a: Monkey Gong|Fake Out|p1b: Ninetales
|-damage|p1b: Ninetales|88/100
|cant|p1b: Ninetales|flinch
|move|p2b: Kommodo-Moʻo|Flamethrower|p1a: Chesnaught
|-supereffective|p1a: Chesnaught
|-damage|p1a: Chesnaught|0 fnt
|faint|p1a: Chesnaught
|-damage|p2b: Kommodo-Moʻo|91/100|[from] item: Life Orb
|
|-weather|Snowscape|[upkeep]
|-heal|p1b: Ninetales|94/100|[from] Grassy Terrain
|-heal|p2b: Kommodo-Moʻo|97/100|[from] Grassy Terrain
|upkeep
|
|t:|1756906739
|switch|p1a: Incineroar|Incineroar, L50, F|100/100
|-ability|p1a: Incineroar|Intimidate|boost
|-unboost|p2a: Monkey Gong|atk|1
|-unboost|p2b: Kommodo-Moʻo|atk|1
|turn|2
|
|t:|1756906748
|switch|p2a: Lumi|Ninetales-Alola, L50, F, shiny|100/100
|move|p1a: Incineroar|Fake Out|p2b: Kommodo-Moʻo
|-damage|p2b: Kommodo-Moʻo|84/100
|move|p1b: Ninetales|Aurora Veil|p1b: Ninetales
|-sidestart|p1: Foffa|move: Aurora Veil
|cant|p2b: Kommodo-Moʻo|flinch
|
|-weather|Snowscape|[upkeep]
|-heal|p1b: Ninetales|100/100|[from] Grassy Terrain
|-heal|p2b: Kommodo-Moʻo|90/100|[from] Grassy Terrain
|upkeep
|turn|3
|
|t:|1756906763
|switch|p1a: Gholdengo|Gholdengo, L50|100/100
|move|p1b: Ninetales|Protect|p1b: Ninetales
|-singleturn|p1b: Ninetales|Protect
|move|p2a: Lumi|Encore|p1a: Gholdengo
|-immune|p1a: Gholdengo|[from] ability: Good as Gold
|move|p2b: Kommodo-Moʻo|Flamethrower|p1b: Ninetales
|-activate|p1b: Ninetales|move: Protect
|
|-weather|Snowscape|[upkeep]
|-heal|p2b: Kommodo-Moʻo|96/100|[from] Grassy Terrain
|upkeep
|turn|4
|
|t:|1756906788
|switch|p1b: Incineroar|Incineroar, L50, F|100/100
|-ability|p1b: Incineroar|Intimidate|boost
|-unboost|p2a: Lumi|atk|1
|-unboost|p2b: Kommodo-Moʻo|atk|1
|switch|p2a: Monkey Gong|Rillaboom, L50, M|100/100
|move|p2b: Kommodo-Moʻo|Protect|p2b: Kommodo-Moʻo
|-singleturn|p2b: Kommodo-Moʻo|Protect
|move|p1a: Gholdengo|Power Gem|p2b: Kommodo-Moʻo
|-activate|p2b: Kommodo-Moʻo|move: Protect
|
|-weather|Snowscape|[upkeep]
|-heal|p2b: Kommodo-Moʻo|100/100|[from] Grassy Terrain
|upkeep
|turn|5
|
|t:|1756906811
|move|p2a: Monkey Gong|Fake Out|p1b: Incineroar
|-crit|p1b: Incineroar
|-damage|p1b: Incineroar|82/100
|-damage|p2a: Monkey Gong|84/100|[from] item: Rocky Helmet|[of] p1b: Incineroar
|cant|p1b: Incineroar|flinch
|move|p1a: Gholdengo|Power Gem|p2b: Kommodo-Moʻo
|-supereffective|p2b: Kommodo-Moʻo
|-damage|p2b: Kommodo-Moʻo|37/100
|move|p2b: Kommodo-Moʻo|Flamethrower|p1a: Gholdengo
|-supereffective|p1a: Gholdengo
|-damage|p1a: Gholdengo|17/100
|-damage|p2b: Kommodo-Moʻo|28/100|[from] item: Life Orb
|
|-weather|none
|-heal|p1a: Gholdengo|23/100|[from] Grassy Terrain
|-heal|p2b: Kommodo-Moʻo|34/100|[from] Grassy Terrain
|-heal|p2a: Monkey Gong|90/100|[from] Grassy Terrain
|-heal|p1b: Incineroar|88/100|[from] Grassy Terrain
|-fieldend|move: Grassy Terrain
|upkeep
|turn|6
|
|t:|1756906840
|switch|p1a: Ninetales|Ninetales-Alola, L50, F|100/100
|-weather|Snowscape|[from] ability: Snow Warning|[of] p1a: Ninetales
|move|p2b: Kommodo-Moʻo|Protect|p2b: Kommodo-Moʻo
|-singleturn|p2b: Kommodo-Moʻo|Protect
|move|p2a: Monkey Gong|High Horsepower|p1a: Ninetales
|-damage|p1a: Ninetales|83/100
|move|p1b: Incineroar|Parting Shot|p2a: Monkey Gong
|-unboost|p2a: Monkey Gong|atk|1
|-unboost|p2a: Monkey Gong|spa|1
|
|t:|1756906851
|switch|p1b: Gholdengo|Gholdengo, L50|23/100|[from] Parting Shot
|
|-weather|Snowscape|[upkeep]
|upkeep
|turn|7
|
|t:|1756906867
|switch|p2b: Lumi|Ninetales-Alola, L50, F, shiny|100/100
|move|p1b: Gholdengo|Shadow Ball|p2b: Lumi
|-damage|p2b: Lumi|49/100
|move|p1a: Ninetales|Blizzard|p2b: Lumi|[spread] p2a,p2b
|-supereffective|p2a: Monkey Gong
|-resisted|p2b: Lumi
|-damage|p2a: Monkey Gong|56/100
|-damage|p2b: Lumi|34/100
|move|p2a: Monkey Gong|High Horsepower|p1b: Gholdengo
|-supereffective|p1b: Gholdengo
|-damage|p1b: Gholdengo|0 fnt
|faint|p1b: Gholdengo
|
|-weather|Snowscape|[upkeep]
|upkeep
|
|t:|1756906876
|switch|p1b: Incineroar|Incineroar, L50, F|88/100
|-ability|p1b: Incineroar|Intimidate|boost
|-unboost|p2a: Monkey Gong|atk|1
|-unboost|p2b: Lumi|atk|1
|turn|8
|
|t:|1756906915
|move|p1a: Ninetales|Aurora Veil||[still]
|-fail|p1a: Ninetales
|move|p2b: Lumi|Blizzard|p1b: Incineroar|[spread] p1a,p1b
|-resisted|p1a: Ninetales
|-resisted|p1b: Incineroar
|-damage|p1a: Ninetales|70/100
|-damage|p1b: Incineroar|76/100
|move|p2a: Monkey Gong|High Horsepower|p1b: Incineroar
|-supereffective|p1b: Incineroar
|-damage|p1b: Incineroar|55/100
|-damage|p2a: Monkey Gong|39/100|[from] item: Rocky Helmet|[of] p1b: Incineroar
|move|p1b: Incineroar|Knock Off|p2a: Monkey Gong
|-damage|p2a: Monkey Gong|0 fnt
|-enditem|p2a: Monkey Gong|Assault Vest|[from] move: Knock Off|[of] p1b: Incineroar
|faint|p2a: Monkey Gong
|
|-weather|Snowscape|[upkeep]
|upkeep
|
|t:|1756906934
|switch|p2a: Kommodo-Moʻo|Kommo-o, L50, F, shiny, tera:Fire|34/100
|turn|9
|
|t:|1756906963
|-terastallize|p1a: Ninetales|Fire
|move|p2a: Kommodo-Moʻo|Protect|p2a: Kommodo-Moʻo
|-singleturn|p2a: Kommodo-Moʻo|Protect
|move|p1a: Ninetales|Blizzard|p2a: Kommodo-Moʻo|[spread] p2b
|-activate|p2a: Kommodo-Moʻo|move: Protect
|-resisted|p2b: Lumi
|-damage|p2b: Lumi|18/100
|move|p2b: Lumi|Encore|p1a: Ninetales
|-start|p1a: Ninetales|Encore
|move|p1b: Incineroar|Knock Off|p2a: Kommodo-Moʻo
|-activate|p2a: Kommodo-Moʻo|move: Protect
|
|-weather|Snowscape|[upkeep]
|-sideend|p1: Foffa|move: Aurora Veil
|upkeep
|turn|10
|
|t:|1756906980
|move|p1a: Ninetales|Blizzard|p2a: Kommodo-Moʻo|[spread] p2a,p2b
|-resisted|p2a: Kommodo-Moʻo
|-resisted|p2b: Lumi
|-damage|p2a: Kommodo-Moʻo|21/100
|-damage|p2b: Lumi|3/100
|move|p2b: Lumi|Blizzard|p1a: Ninetales|[spread] p1a,p1b
|-resisted|p1a: Ninetales
|-resisted|p1b: Incineroar
|-damage|p1a: Ninetales|50/100
|-damage|p1b: Incineroar|37/100
|move|p2a: Kommodo-Moʻo|Aura Sphere|p1b: Incineroar
|-supereffective|p1b: Incineroar
|-damage|p1b: Incineroar|0 fnt
|faint|p1b: Incineroar
|-damage|p2a: Kommodo-Moʻo|11/100|[from] item: Life Orb
|
|-weather|none
|upkeep
|turn|11
|
|t:|1756906994
|move|p1a: Ninetales|Blizzard|p2a: Kommodo-Moʻo|[spread] p2a
|-miss|p1a: Ninetales|p2b: Lumi
|-resisted|p2a: Kommodo-Moʻo
|-damage|p2a: Kommodo-Moʻo|0 fnt
|faint|p2a: Kommodo-Moʻo
|move|p2b: Lumi|Blizzard|p1a: Ninetales
|-resisted|p1a: Ninetales
|-damage|p1a: Ninetales|27/100
|
|upkeep
|
|t:|1756906999
|switch|p2a: Hobo|Annihilape, L50, M, shiny|100/100
|turn|12
|
|t:|1756907004
|move|p1a: Ninetales|Blizzard|p2b: Lumi|[spread] p2a,p2b
|-resisted|p2b: Lumi
|-damage|p2a: Hobo|75/100
|-damage|p2b: Lumi|0 fnt
|faint|p2b: Lumi
|move|p2a: Hobo|Close Combat|p1a: Ninetales
|-damage|p1a: Ninetales|0 fnt
|-unboost|p2a: Hobo|def|1
|-unboost|p2a: Hobo|spd|1
|faint|p1a: Ninetales
|
|win|Slo-mmo-o
||Slo-mmo-o is ready for game 2.
|inactive|Foffa has 30 seconds to confirm battle start!
||Foffa is ready for game 2.
|uhtml|next|Next: Game 2 of 3
