|j|☆Jojo_Z.ro1015
|j|☆goatdengo80
|html|Jojo_Z.ro1015goatdengo80    
|uhtml|bestof|Game 1 of a best-of-3
|t:|1785342503
|gametype|doubles
|player|p1|Jojo_Z.ro1015|riley|1086
|player|p2|goatdengo80|artist|1128
|gen|9
|tier|[Gen 9 Champions] VGC 2026 Reg M-B (Bo3)
|rated|
|rule|Species Clause: Limit one of each Pokémon
|rule|Item Clause: Limit 1 of each item
|clearpoke
|poke|p1|Sceptile, L50, M, shiny|
|poke|p1|Jolteon, L50, M|
|poke|p1|Staraptor, L50, M, shiny|
|poke|p1|Talonflame, L50, M, shiny|
|poke|p1|Sinistcha-Masterpiece, L50|
|poke|p1|Garchomp, L50, M, shiny|
|poke|p2|Floette-Eternal, L50, F|
|poke|p2|Incineroar, L50, F|
|poke|p2|Farigiraf, L50, M|
|poke|p2|Milotic, L50, M|
|poke|p2|Delphox, L50, F|
|poke|p2|Sneasler, L50, F|
|teampreview|4
|showteam|p1|Sceptile||Sceptilite|Unburden|DragonPulse,EnergyBall,Detect,EarthPower|Modest||M|||50|]Jolteon||ChoiceScarf|VoltAbsorb|Protect,Discharge,AlluringVoice,Thunderbolt|Timid||M|||50|]Staraptor||Staraptite|Intimidate|CloseCombat,BraveBird,Tailwind,Roost|Adamant||M|||50|]Talonflame|||GaleWings|Tailwind,Acrobatics,BlazeKick,Protect|Jolly||M|||50|]Sinistcha-Masterpiece||SitrusBerry|Hospitality|StrengthSap,MatchaGotcha,RagePowder,LifeDew|Bold|||||50|]Garchomp||YacheBerry|RoughSkin|DragonClaw,SwordsDance,FireFang,Earthquake|Jolly||M|||50|
|showteam|p2|Floette-Eternal||Floettite|FlowerVeil|DrainingKiss,DazzlingGleam,LightofRuin,Protect|Timid||F|||50|]Incineroar||ChopleBerry|Intimidate|FakeOut,ThroatChop,FlareBlitz,PartingShot|Impish||F|||50|]Farigiraf||SitrusBerry|ArmorTail|TwinBeam,Thunderbolt,Roar,TrickRoom|Quiet||M|||50|]Milotic||Leftovers|Competitive|MuddyWater,Hypnosis,Recover,Coil|Bold||M|||50|]Delphox||Delphoxite|Blaze|HeatWave,Psyshock,NastyPlot,Protect|Timid||F|||50|]Sneasler||WhiteHerb|Unburden|FakeOut,CloseCombat,DireClaw,ThroatChop|Jolly||F|||50|
|inactive|Battle timer is ON: inactive players will automatically lose when time's up. (requested by Jojo_Z.ro1015)
|inactive|goatdengo80 has 60 seconds left.
|
|t:|1785342540
|teamsize|p1|4
|teamsize|p2|4
|start
|switch|p1a: Sceptile|Sceptile, L50, M, shiny|100/100
|switch|p1b: Jolteon|Jolteon, L50, M|100/100
|switch|p2a: Floette|Floette-Eternal, L50, F|100/100
|switch|p2b: Incineroar|Incineroar, L50, F|100/100
|-ability|p2b: Incineroar|Intimidate|boost
|-unboost|p1a: Sceptile|atk|1
|-unboost|p1b: Jolteon|atk|1
|turn|1
|
|t:|1785342558
|detailschange|p1a: Sceptile|Sceptile-Mega, L50, M, shiny
|-mega|p1a: Sceptile|Sceptile|Sceptilite
|detailschange|p2a: Floette|Floette-Mega, L50, F
|-mega|p2a: Floette|Floette|Floettite
|-ability|p2a: Floette|Fairy Aura
|move|p1a: Sceptile|Detect|p1a: Sceptile
|-singleturn|p1a: Sceptile|Protect
|move|p2b: Incineroar|Fake Out|p1b: Jolteon
|-damage|p1b: Jolteon|79/100
|cant|p1b: Jolteon|flinch
|move|p2a: Floette|Dazzling Gleam|p1b: Jolteon|[spread] p1b
|-activate|p1a: Sceptile|move: Protect
|-damage|p1b: Jolteon|16/100
|
|upkeep
|turn|2
|inactive|Jojo_Z.ro1015 has 30 seconds left.
|inactive|goatdengo80 has 30 seconds left.
|
|t:|1785342592
|move|p1b: Jolteon|Discharge|p2b: Incineroar|[spread] p2a,p2b
|-ability|p1a: Sceptile|Lightning Rod|boost
|-boost|p1a: Sceptile|spa|1
|-damage|p2a: Floette|78/100
|-damage|p2b: Incineroar|76/100
|move|p1a: Sceptile|Energy Ball|p2a: Floette
|-crit|p2a: Floette
|-damage|p2a: Floette|0 fnt
|faint|p2a: Floette
|move|p2b: Incineroar|Throat Chop|p1b: Jolteon
|-damage|p1b: Jolteon|0 fnt
|faint|p1b: Jolteon
|
|upkeep
|
|t:|1785342611
|switch|p1b: Garchomp|Garchomp, L50, M, shiny|100/100
|switch|p2a: Sneasler|Sneasler, L50, F|100/100
|turn|3
|
|t:|1785342623
|move|p1a: Sceptile|Detect|p1a: Sceptile
|-singleturn|p1a: Sceptile|Protect
|move|p2a: Sneasler|Fake Out|p1b: Garchomp
|-damage|p1b: Garchomp|84/100
|-damage|p2a: Sneasler|87/100|[from] ability: Rough Skin|[of] p1b: Garchomp
|cant|p1b: Garchomp|flinch
|move|p2b: Incineroar|Parting Shot|p1b: Garchomp
|-unboost|p1b: Garchomp|atk|1
|-unboost|p1b: Garchomp|spa|1
|
|t:|1785342634
|switch|p2b: Farigiraf|Farigiraf, L50, M|100/100|[from] Parting Shot
|
|upkeep
|turn|4
|
|t:|1785342650
|switch|p2a: Incineroar|Incineroar, L50, F|76/100
|-ability|p2a: Incineroar|Intimidate|boost
|-unboost|p1a: Sceptile|atk|1
|-unboost|p1b: Garchomp|atk|1
|move|p1a: Sceptile|Earth Power|p2a: Incineroar
|-supereffective|p2a: Incineroar|1
|-damage|p2a: Incineroar|0 fnt
|faint|p2a: Incineroar
|move|p1b: Garchomp|Swords Dance|p1b: Garchomp
|-boost|p1b: Garchomp|atk|2
|move|p2b: Farigiraf|Roar|p1a: Sceptile
|drag|p1a: Talonflame|Talonflame, L50, M, shiny|100/100
|
|upkeep
|
|t:|1785342664
|switch|p2a: Sneasler|Sneasler, L50, F|87/100
|turn|5
|
|t:|1785342674
|move|p2a: Sneasler|Fake Out|p1a: Talonflame
|-damage|p1a: Talonflame|79/100
|cant|p1a: Talonflame|flinch
|move|p1b: Garchomp|Swords Dance|p1b: Garchomp
|-boost|p1b: Garchomp|atk|2
|move|p2b: Farigiraf|Twin Beam|p1b: Garchomp
|-damage|p1b: Garchomp|63/100
|-damage|p1b: Garchomp|42/100
|-hitcount|p1b: Garchomp|2
|
|upkeep
|turn|6
|
|t:|1785342687
|move|p1a: Talonflame|Acrobatics|p2a: Sneasler
|-supereffective|p2a: Sneasler|1
|-damage|p2a: Sneasler|0 fnt
|faint|p2a: Sneasler
|move|p1b: Garchomp|Earthquake|p2b: Farigiraf|[spread] p2b
|-immune|p1a: Talonflame
|-damage|p2b: Farigiraf|12/100
|-enditem|p2b: Farigiraf|Sitrus Berry|[eat]
|-heal|p2b: Farigiraf|37/100|[from] item: Sitrus Berry
|move|p2b: Farigiraf|Thunderbolt|p1a: Talonflame
|-supereffective|p1a: Talonflame|1
|-damage|p1a: Talonflame|0 fnt
|faint|p1a: Talonflame
|
|upkeep
|
|t:|1785342698
|switch|p1a: Sceptile|Sceptile-Mega, L50, M, shiny|100/100
|turn|7
|-message|goatdengo80 forfeited.
|
|win|Jojo_Z.ro1015
|l|☆goatdengo80
|player|p2|
||goatdengo80 is ready for game 2.
||Jojo_Z.ro1015 is ready for game 2.
|uhtml|next|Next: Game 2 of 3
