|j|☆laufey#1fan
|j|☆MrTedno
|html|laufey#1fanMrTedno    
|uhtml|bestof|Game 1 of a best-of-3
|t:|1756420040
|gametype|doubles
|player|p1|laufey#1fan|lady|1268
|player|p2|MrTedno|barry|1206
|gen|9
|tier|[Gen 9] VGC 2025 Reg H (Bo3)
|rated|
|rule|Species Clause: Limit one of each Pokémon
|rule|Item Clause: Limit 1 of each item
|clearpoke
|poke|p1|Garchomp, L50, F|
|poke|p1|Dragonite, L50, M|
|poke|p1|Ninetales-Alola, L50, F|
|poke|p1|Amoonguss, L50, M|
|poke|p1|Kingambit, L50, M|
|poke|p1|Incineroar, L50, F|
|poke|p2|Dondozo, L50, M|
|poke|p2|Tatsugiri, L50, F|
|poke|p2|Politoed, L50, M|
|poke|p2|Archaludon, L50, M|
|poke|p2|Amoonguss, L50, F|
|poke|p2|Overqwil, L50, M|
|teampreview|4
|showteam|p1|Garchomp||LifeOrb|RoughSkin|StompingTantrum,Protect,DragonClaw,Earthquake|||F|||50|,,,,,Fire]Dragonite||LoadedDice|Multiscale|ScaleShot,Haze,IceSpinner,Protect|||M|||50|,,,,,Fairy]Ninetales-Alola||FocusSash|SnowWarning|FreezeDry,Encore,Protect,Blizzard|||F|||50|,,,,,Ghost]Amoonguss||SitrusBerry|Regenerator|PollenPuff,Protect,RagePowder,Spore|||M|||50|,,,,,Psychic]Kingambit||AssaultVest|Defiant|KowtowCleave,LowKick,IronHead,SuckerPunch|||M|||50|,,,,,Flying]Incineroar||SafetyGoggles|Intimidate|FakeOut,FlareBlitz,PartingShot,KnockOff|||F|||50|,,,,,Bug
|showteam|p2|Dondozo||LifeOrb|Unaware|Surf,Protect,SleepTalk|||M|||50|,,,,,Water]Tatsugiri||FocusSash|Commander|DracoMeteor,Protect,MuddyWater,Taunt|||F|||50|,,,,,Stellar]Politoed||SitrusBerry|Drizzle|WeatherBall,IceBeam,Haze,Protect|||M|||50|,,,,,Steel]Archaludon||AssaultVest|Stamina|BodyPress,ElectroShot,DragonPulse,FlashCannon|||M|||50|,,,,,Grass]Amoonguss||RockyHelmet|Regenerator|Spore,RagePowder,PollenPuff,Protect|||F|||50|,,,,,Fairy]Overqwil||ChoiceBand|SwiftSwim|PoisonJab,ThroatChop,Liquidation,PinMissile|||M|||50|,,,,,Ghost
|c|☆MrTedno|glhf
|inactive|Battle timer is ON: inactive players will automatically lose when time's up. (requested by laufey#1fan)
|
|t:|1756420088
|teamsize|p1|4
|teamsize|p2|4
|start
|switch|p1a: Maracas|Amoonguss, L50, M|100/100
|switch|p1b: Tostada|Incineroar, L50, F|100/100
|switch|p2a: Barnacles|Archaludon, L50, M|100/100
|switch|p2b: Tweak|Politoed, L50, M|100/100
|-weather|RainDance|[from] ability: Drizzle|[of] p2b: Tweak
|-ability|p1b: Tostada|Intimidate|boost
|-unboost|p2a: Barnacles|atk|1
|-unboost|p2b: Tweak|atk|1
|turn|1
|inactive|MrTedno has 30 seconds left.
|
|t:|1756420114
|switch|p1b: Laufey|Ninetales-Alola, L50, F, shiny|100/100
|-weather|Snowscape|[from] ability: Snow Warning|[of] p1b: Laufey
|move|p2a: Barnacles|Electro Shot||[still]
|-prepare|p2a: Barnacles|Electro Shot
|-boost|p2a: Barnacles|spa|1
|move|p2b: Tweak|Weather Ball|p1b: Laufey
|-resisted|p1b: Laufey
|-damage|p1b: Laufey|88/100
|move|p1a: Maracas|Spore|p2a: Barnacles
|-status|p2a: Barnacles|slp|[from] move: Spore
|
|-weather|Snowscape|[upkeep]
|upkeep
|turn|2
|
|t:|1756420134
|switch|p1a: Tostada|Incineroar, L50, F|100/100
|-ability|p1a: Tostada|Intimidate|boost
|-unboost|p2a: Barnacles|atk|1
|-unboost|p2b: Tweak|atk|1
|move|p2b: Tweak|Protect|p2b: Tweak
|-singleturn|p2b: Tweak|Protect
|move|p1b: Laufey|Encore|p2b: Tweak
|-activate|p2b: Tweak|move: Protect
|cant|p2a: Barnacles|slp
|
|-weather|Snowscape|[upkeep]
|upkeep
|turn|3
|
|t:|1756420157
|switch|p1b: Maracas|Amoonguss, L50, M|100/100
|switch|p2b: Turnip|Amoonguss, L50, F|100/100
|-curestatus|p2a: Barnacles|slp|[msg]
|move|p2a: Barnacles|Flash Cannon|p1b: Maracas
|-damage|p1b: Maracas|54/100
|move|p1a: Tostada|Parting Shot|p2a: Barnacles
|-unboost|p2a: Barnacles|atk|1
|-unboost|p2a: Barnacles|spa|1
|
|t:|1756420167
|switch|p1a: Laufey|Ninetales-Alola, L50, F, shiny|88/100|[from] Parting Shot
|
|-weather|Snowscape|[upkeep]
|upkeep
|turn|4
|
|t:|1756420188
|switch|p1a: Tostada|Incineroar, L50, F|100/100
|-ability|p1a: Tostada|Intimidate|boost
|-unboost|p2a: Barnacles|atk|1
|-unboost|p2b: Turnip|atk|1
|switch|p2b: Tweak|Politoed, L50, M|100/100
|-weather|RainDance|[from] ability: Drizzle|[of] p2b: Tweak
|-terastallize|p2a: Barnacles|Grass
|move|p2a: Barnacles|Electro Shot||[still]
|-prepare|p2a: Barnacles|Electro Shot
|-boost|p2a: Barnacles|spa|1
|-anim|p2a: Barnacles|Electro Shot|p1a: Tostada
|-damage|p1a: Tostada|52/100
|move|p1b: Maracas|Spore|p2a: Barnacles
|-immune|p2a: Barnacles
|
|-weather|RainDance|[upkeep]
|upkeep
|turn|5
|inactive|MrTedno has 30 seconds left.
|
|t:|1756420218
|switch|p2b: Turnip|Amoonguss, L50, F|100/100
|switch|p1b: Laufey|Ninetales-Alola, L50, F, shiny|88/100
|-weather|Snowscape|[from] ability: Snow Warning|[of] p1b: Laufey
|move|p1a: Tostada|Fake Out|p2a: Barnacles
|-damage|p2a: Barnacles|90/100
|-ability|p2a: Barnacles|Stamina|boost
|-boost|p2a: Barnacles|def|1
|cant|p2a: Barnacles|flinch
|
|-weather|Snowscape|[upkeep]
|upkeep
|turn|6
|
|t:|1756420239
|switch|p2b: Tweak|Politoed, L50, M|100/100
|-weather|RainDance|[from] ability: Drizzle|[of] p2b: Tweak
|move|p1b: Laufey|Protect|p1b: Laufey
|-singleturn|p1b: Laufey|Protect
|move|p2a: Barnacles|Flash Cannon|p1b: Laufey
|-activate|p1b: Laufey|move: Protect
|move|p1a: Tostada|Parting Shot|p2a: Barnacles
|-unboost|p2a: Barnacles|atk|1
|-unboost|p2a: Barnacles|spa|1
|
|t:|1756420248
|switch|p1a: Maracas|Amoonguss, L50, M|87/100|[from] Parting Shot
|
|-weather|RainDance|[upkeep]
|upkeep
|turn|7
|inactive|MrTedno has 30 seconds left.
|
|t:|1756420277
|move|p1b: Laufey|Blizzard|p2b: Tweak|[spread] p2a,p2b
|-supereffective|p2a: Barnacles
|-resisted|p2b: Tweak
|-damage|p2a: Barnacles|43/100
|-damage|p2b: Tweak|89/100
|-status|p2a: Barnacles|frz
|-ability|p2a: Barnacles|Stamina|boost
|-boost|p2a: Barnacles|def|1
|cant|p2a: Barnacles|frz
|move|p2b: Tweak|Weather Ball|p1b: Laufey
|-damage|p1b: Laufey|26/100
|move|p1a: Maracas|Spore|p2b: Tweak
|-status|p2b: Tweak|slp|[from] move: Spore
|
|-weather|RainDance|[upkeep]
|upkeep
|turn|8
|
|t:|1756420293
|move|p1b: Laufey|Blizzard|p2b: Tweak|[spread] p2a,p2b
|-supereffective|p2a: Barnacles
|-resisted|p2b: Tweak
|-damage|p2a: Barnacles|0 fnt
|-damage|p2b: Tweak|79/100 slp
|faint|p2a: Barnacles
|cant|p2b: Tweak|slp
|move|p1a: Maracas|Pollen Puff|p1b: Laufey
|-heal|p1b: Laufey|76/100
|
|-weather|RainDance|[upkeep]
|upkeep
|-message|MrTedno forfeited.
|
|win|laufey#1fan
||laufey#1fan is ready for game 2.
||MrTedno is ready for game 2.
|uhtml|next|Next: Game 2 of 3
