|j|☆MrPhoenixGC
|j|☆CRISP WHITE SHEETS
|html|MrPhoenixGCCRISP WHITE SHEETS    
|uhtml|bestof|Game 1 of a best-of-3
|t:|1756827612
|gametype|doubles
|player|p1|MrPhoenixGC|steven|1097
|player|p2|CRISP WHITE SHEETS|ghetsis|1197
|gen|9
|tier|[Gen 9] VGC 2025 Reg H (Bo3)
|rated|
|rule|Species Clause: Limit one of each Pokémon
|rule|Item Clause: Limit 1 of each item
|clearpoke
|poke|p1|Gholdengo, L50|
|poke|p1|Pelipper, L50, M|
|poke|p1|Archaludon, L50, F|
|poke|p1|Ursaluna, L50, F|
|poke|p1|Dragonite, L50, F|
|poke|p1|Sinistcha, L50|
|poke|p2|Exeggutor, L50, F|
|poke|p2|Indeedee-F, L50, F|
|poke|p2|Avalugg, L50, F|
|poke|p2|Torkoal, L50, M|
|poke|p2|Sneasler, L50, M|
|poke|p2|Typhlosion-Hisui, L50, F|
|teampreview|4
|showteam|p1|Gholdengo||ChoiceScarf|GoodasGold|MakeItRain,ShadowBall,Trick,Protect||||||50|,,,,,Steel]Pelipper||FocusSash|Drizzle|Protect,MuddyWater,Hurricane,WideGuard|||M|||50|,,,,,Ghost]Archaludon||AssaultVest|Stamina|BodyPress,Snarl,ElectroShot,FlashCannon|||F|||50|,,,,,Bug]Ursaluna||FlameOrb|Guts|Protect,Facade,Earthquake,HeadlongRush|||F|||50|,,,,,Ghost]Dragonite||LoadedDice|Multiscale|ScaleShot,Haze,Tailwind,Protect|||F|||50|,,,,,Fairy]Sinistcha||SitrusBerry|Hospitality|TrickRoom,MatchaGotcha,LifeDew,RagePowder||||||50|,,,,,Dark
|showteam|p2|Exeggutor||FocusSash|Chlorophyll|ExpandingForce,EnergyBall,TrickRoom,Protect|||F|||50|,,,,,Psychic]Indeedee-F||SafetyGoggles|PsychicSurge|FollowMe,HelpingHand,TrickRoom,DazzlingGleam|||F|||50|,,,,,Fairy]Avalugg||LoadedDice|Sturdy|IcicleSpear,BodyPress,WideGuard,Protect|||F|||50|,,,,,Fighting]Torkoal||Charcoal|Drought|Eruption,EarthPower,HelpingHand,Protect|||M|||50|,,,,,Fire]Sneasler||PsychicSeed|Unburden|DireClaw,CloseCombat,ThroatChop,Protect|||M|||50|,,,,,Dark]Typhlosion-Hisui||ChoiceScarf|Frisk|Eruption,HeatWave,ShadowBall,Extrasensory|||F|||50|,,,,,Fire
|j| subhamcheee
|
|t:|1756827670
|teamsize|p1|4
|teamsize|p2|4
|start
|switch|p1a: Ursaluna|Ursaluna, L50, F|100/100
|switch|p1b: Dragonite|Dragonite, L50, F|100/100
|switch|p2a: Anakin|Exeggutor, L50, F|100/100
|switch|p2b: Belle|Indeedee-F, L50, F|100/100
|-fieldstart|move: Psychic Terrain|[from] ability: Psychic Surge|[of] p2b: Belle
|turn|1
|
|t:|1756827720
|move|p1b: Dragonite|Scale Shot|p2a: Anakin
|-damage|p2a: Anakin|83/100
|-damage|p2a: Anakin|65/100
|-damage|p2a: Anakin|49/100
|-damage|p2a: Anakin|33/100
|-hitcount|p2a: Anakin|4
|-unboost|p1b: Dragonite|def|1
|-boost|p1b: Dragonite|spe|1
|move|p2a: Anakin|Expanding Force|p1b: Dragonite|[spread] p1a,p1b
|-damage|p1a: Ursaluna|33/100
|-damage|p1b: Dragonite|65/100
|move|p1a: Ursaluna|Headlong Rush|p2b: Belle
|-damage|p2b: Belle|23/100
|-unboost|p1a: Ursaluna|def|1
|-unboost|p1a: Ursaluna|spd|1
|move|p2b: Belle|Trick Room|p2b: Belle
|-fieldstart|move: Trick Room|[of] p2b: Belle
|
|-status|p1a: Ursaluna|brn|[from] item: Flame Orb
|upkeep
|turn|2
|inactive|Battle timer is ON: inactive players will automatically lose when time's up. (requested by CRISP WHITE SHEETS)
|
|t:|1756827769
|move|p1a: Ursaluna|Protect|p1a: Ursaluna
|-singleturn|p1a: Ursaluna|Protect
|move|p2a: Anakin|Protect|p2a: Anakin
|-singleturn|p2a: Anakin|Protect
|move|p1b: Dragonite|Protect|p1b: Dragonite
|-singleturn|p1b: Dragonite|Protect
|move|p2b: Belle|Dazzling Gleam|p1a: Ursaluna|[spread] 
|-activate|p1a: Ursaluna|move: Protect
|-activate|p1b: Dragonite|move: Protect
|
|-damage|p1a: Ursaluna|26/100 brn|[from] brn
|upkeep
|turn|3
|inactive|MrPhoenixGC has 30 seconds left.
|
|t:|1756827802
|move|p2b: Belle|Dazzling Gleam|p1b: Dragonite|[spread] p1a,p1b
|-supereffective|p1b: Dragonite
|-damage|p1a: Ursaluna|5/100 brn
|-damage|p1b: Dragonite|40/100
|move|p1a: Ursaluna|Facade|p2a: Anakin
|-damage|p2a: Anakin|0 fnt
|faint|p2a: Anakin
|move|p1b: Dragonite|Scale Shot|p2b: Belle
|-damage|p2b: Belle|7/100
|-damage|p2b: Belle|0 fnt
|faint|p2b: Belle
|-hitcount|p2: Belle|2
|-unboost|p1b: Dragonite|def|1
|-boost|p1b: Dragonite|spe|1
|
|-damage|p1a: Ursaluna|0 fnt|[from] brn
|faint|p1a: Ursaluna
|upkeep
|
|t:|1756827819
|switch|p2b: Shellshocker|Torkoal, L50, M|100/100
|switch|p1a: Archaludon|Archaludon, L50, F|100/100
|switch|p2a: Nimitz|Avalugg, L50, F|100/100
|-weather|SunnyDay|[from] ability: Drought|[of] p2b: Shellshocker
|turn|4
|inactive|MrPhoenixGC has 30 seconds left.
|
|t:|1756827851
|switch|p1b: Pelipper|Pelipper, L50, M|100/100
|-weather|RainDance|[from] ability: Drizzle|[of] p1b: Pelipper
|-terastallize|p2a: Nimitz|Fighting
|move|p2b: Shellshocker|Eruption|p1a: Archaludon|[spread] p1a,p1b
|-resisted|p1b: Pelipper
|-damage|p1a: Archaludon|82/100
|-damage|p1b: Pelipper|75/100
|-ability|p1a: Archaludon|Stamina|boost
|-boost|p1a: Archaludon|def|1
|move|p2a: Nimitz|Body Press|p1a: Archaludon
|-supereffective|p1a: Archaludon
|-damage|p1a: Archaludon|32/100
|-ability|p1a: Archaludon|Stamina|boost
|-boost|p1a: Archaludon|def|1
|move|p1a: Archaludon|Snarl|p2b: Shellshocker|[spread] p2a,p2b
|-resisted|p2a: Nimitz
|-damage|p2a: Nimitz|91/100
|-damage|p2b: Shellshocker|86/100
|-unboost|p2a: Nimitz|spa|1
|-unboost|p2b: Shellshocker|spa|1
|
|-weather|RainDance|[upkeep]
|upkeep
|turn|5
|inactive|MrPhoenixGC has 30 seconds left.
|inactive|MrPhoenixGC has 20 seconds left.
|inactive|MrPhoenixGC has 15 seconds left.
|inactive|MrPhoenixGC has 10 seconds left.
|
|t:|1756827899
|move|p2b: Shellshocker|Earth Power|p1a: Archaludon
|-supereffective|p1a: Archaludon
|-damage|p1a: Archaludon|5/100
|-ability|p1a: Archaludon|Stamina|boost
|-boost|p1a: Archaludon|def|1
|move|p2a: Nimitz|Icicle Spear|p1b: Pelipper
|-damage|p1b: Pelipper|59/100
|-damage|p1b: Pelipper|44/100
|-damage|p1b: Pelipper|28/100
|-damage|p1b: Pelipper|14/100
|-hitcount|p1b: Pelipper|4
|move|p1b: Pelipper|Hurricane|p2a: Nimitz
|-supereffective|p2a: Nimitz
|-damage|p2a: Nimitz|0 fnt
|faint|p2a: Nimitz
|move|p1a: Archaludon|Electro Shot||[still]
|-prepare|p1a: Archaludon|Electro Shot
|-boost|p1a: Archaludon|spa|1
|-anim|p1a: Archaludon|Electro Shot|p2b: Shellshocker
|-damage|p2b: Shellshocker|19/100
|
|-weather|RainDance|[upkeep]
|-fieldend|move: Trick Room
|-fieldend|move: Psychic Terrain
|upkeep
|turn|6
|-message|CRISP WHITE SHEETS forfeited.
|
|win|MrPhoenixGC
||CRISP WHITE SHEETS is ready for game 2.
