|j|☆KodeBeast0526
|j|‽TransGirlChomp1
|html|KodeBeast0526TransGirlChomp1    
|uhtml|bestof|Game 3 of a best-of-3
|t:|1785031220
|gametype|doubles
|player|p1|KodeBeast0526|hiker|1199
|player|p2|TransGirlChomp1|skierf|1338
|gen|9
|tier|[Gen 9 Champions] VGC 2026 Reg M-B (Bo3)
|rated|
|rule|Species Clause: Limit one of each Pokémon
|rule|Item Clause: Limit 1 of each item
|clearpoke
|poke|p1|Tyranitar, L50, F|
|poke|p1|Excadrill, L50, M|
|poke|p1|Milotic, L50, F|
|poke|p1|Sinistcha, L50|
|poke|p1|Staraptor, L50, F|
|poke|p1|Gholdengo, L50|
|poke|p2|Garchomp, L50, F|
|poke|p2|Tyranitar, L50, F|
|poke|p2|Gholdengo, L50|
|poke|p2|Venusaur, L50, M|
|poke|p2|Incineroar, L50, F|
|poke|p2|Talonflame, L50, M|
|teampreview|4
|showteam|p1|Tyranitar||Tyranitarite|SandStream|KnockOff,RockSlide,HighHorsepower,Protect|Jolly||F|||50|]Excadrill||FocusSash|SandRush|Earthquake,IronHead,RockSlide,Protect|Adamant||M|||50|]Milotic||SitrusBerry|Competitive|Scald,IcyWind,Haze,Protect|Calm||F|||50|]Sinistcha||ColburBerry|Hospitality|MatchaGotcha,ShadowBall,Protect,RagePowder|Bold|||||50|]Staraptor||Staraptite|Intimidate|CloseCombat,BraveBird,Tailwind,Protect|Jolly||F|||50|]Gholdengo||LifeOrb|GoodasGold|MakeItRain,ShadowBall,NastyPlot,Protect|Modest|||||50|
|showteam|p2|Garchomp||Garchompite|SandVeil|EarthPower,DragonPulse,PowerGem,Protect|Modest||F|||50|]Tyranitar||ChoiceScarf|SandStream|RockSlide,KnockOff,LowKick,IcyWind|Jolly||F|||50|]Gholdengo||LifeOrb|GoodasGold|MakeItRain,ShadowBall,NastyPlot,Protect|Modest|||||50|]Venusaur||Venusaurite|Chlorophyll|GigaDrain,SludgeBomb,EarthPower,Protect|Modest||M|||50|]Incineroar||PasshoBerry|Intimidate|FakeOut,FlareBlitz,ThroatChop,PartingShot|Careful||F|||50|]Talonflame||SharpBeak|GaleWings|BraveBird,FlareBlitz,Tailwind,QuickGuard|Jolly||M|||50|
|inactive|Battle timer is ON: inactive players will automatically lose when time's up. (requested by TransGirlChomp1)
|
|t:|1785031241
|teamsize|p1|4
|teamsize|p2|4
|start
|switch|p1a: Milotic|Milotic, L50, F|100/100
|switch|p1b: Tyranitar|Tyranitar, L50, F|100/100
|switch|p2a: Gholdengo|Gholdengo, L50|100/100
|switch|p2b: Incineroar|Incineroar, L50, F|100/100
|-weather|Sandstorm|[from] ability: Sand Stream|[of] p1b: Tyranitar
|-ability|p2b: Incineroar|Intimidate|boost
|-unboost|p1a: Milotic|atk|1
|-ability|p1a: Milotic|Competitive|boost
|-boost|p1a: Milotic|spa|2
|-unboost|p1b: Tyranitar|atk|1
|turn|1
|
|t:|1785031256
|switch|p2a: Venusaur|Venusaur, L50, M|100/100
|detailschange|p1b: Tyranitar|Tyranitar-Mega, L50, F
|-mega|p1b: Tyranitar|Tyranitar|Tyranitarite
|move|p1b: Tyranitar|Knock Off|p2a: Venusaur
|-damage|p2a: Venusaur|73/100
|move|p1a: Milotic|Scald|p2b: Incineroar
|-supereffective|p2b: Incineroar|1
|-enditem|p2b: Incineroar|Passho Berry|[eat]
|-enditem|p2b: Incineroar|Passho Berry|[weaken]
|-damage|p2b: Incineroar|50/100g
|move|p2b: Incineroar|Parting Shot|p1b: Tyranitar
|-unboost|p1b: Tyranitar|atk|1
|-unboost|p1b: Tyranitar|spa|1
|
|t:|1785031265
|switch|p2b: Gholdengo|Gholdengo, L50|100/100|[from] Parting Shot
|
|-weather|Sandstorm|[upkeep]
|-damage|p1a: Milotic|94/100|[from] Sandstorm
|-damage|p2a: Venusaur|67/100|[from] Sandstorm
|upkeep
|turn|2
|
|t:|1785031282
|switch|p1b: Sinistcha|Sinistcha, L50|100/100
|-heal|p1a: Milotic|100/100|[from] ability: Hospitality|[of] p1b: Sinistcha
|detailschange|p2a: Venusaur|Venusaur-Mega, L50, M
|-mega|p2a: Venusaur|Venusaur|Venusaurite
|move|p2b: Gholdengo|Protect|p2b: Gholdengo
|-singleturn|p2b: Gholdengo|Protect
|move|p1a: Milotic|Icy Wind|p2a: Venusaur|[spread] p2a
|-activate|p2b: Gholdengo|move: Protect
|-supereffective|p2a: Venusaur|1
|-damage|p2a: Venusaur|51/100
|-unboost|p2a: Venusaur|spe|1
|move|p2a: Venusaur|Giga Drain|p1a: Milotic
|-supereffective|p1a: Milotic|1
|-damage|p1a: Milotic|46/100
|-heal|p2a: Venusaur|79/100|[from] drain|[of] p1a: Milotic
|-enditem|p1a: Milotic|Sitrus Berry|[eat]
|-heal|p1a: Milotic|71/100|[from] item: Sitrus Berry
|
|-weather|Sandstorm|[upkeep]
|-damage|p1a: Milotic|65/100|[from] Sandstorm
|-damage|p1b: Sinistcha|94/100|[from] Sandstorm
|-damage|p2a: Venusaur|73/100|[from] Sandstorm
|upkeep
|turn|3
|
|t:|1785031303
|move|p2b: Gholdengo|Nasty Plot|p2b: Gholdengo
|-boost|p2b: Gholdengo|spa|2
|move|p1a: Milotic|Scald|p2b: Gholdengo
|-damage|p2b: Gholdengo|41/100
|move|p1b: Sinistcha|Shadow Ball|p2b: Gholdengo
|-supereffective|p2b: Gholdengo|1
|-damage|p2b: Gholdengo|0 fnt
|faint|p2b: Gholdengo
|move|p2a: Venusaur|Giga Drain|p1a: Milotic
|-supereffective|p1a: Milotic|1
|-damage|p1a: Milotic|10/100
|-heal|p2a: Venusaur|100/100|[from] drain|[of] p1a: Milotic
|
|-weather|Sandstorm|[upkeep]
|-damage|p1a: Milotic|4/100|[from] Sandstorm
|-damage|p1b: Sinistcha|88/100|[from] Sandstorm
|-damage|p2a: Venusaur|94/100|[from] Sandstorm
|upkeep
|
|t:|1785031314
|switch|p2b: Talonflame|Talonflame, L50, M|100/100
|turn|4
|
|t:|1785031329
|switch|p1b: Excadrill|Excadrill, L50, M|100/100
|move|p2b: Talonflame|Tailwind|p2b: Talonflame
|-sidestart|p2: TransGirlChomp1|move: Tailwind
|move|p2a: Venusaur|Giga Drain|p1a: Milotic
|-supereffective|p1a: Milotic|1
|-damage|p1a: Milotic|0 fnt
|-heal|p2a: Venusaur|96/100|[from] drain|[of] p1a: Milotic
|faint|p1a: Milotic
|
|-weather|Sandstorm|[upkeep]
|-damage|p2b: Talonflame|94/100|[from] Sandstorm
|-damage|p2a: Venusaur|90/100|[from] Sandstorm
|upkeep
|
|t:|1785031337
|switch|p1a: Sinistcha|Sinistcha, L50|88/100
|turn|5
|
|t:|1785031345
|switch|p2b: Incineroar|Incineroar, L50, F|50/100g
|-ability|p2b: Incineroar|Intimidate|boost
|-unboost|p1a: Sinistcha|atk|1
|-unboost|p1b: Excadrill|atk|1
|move|p1a: Sinistcha|Rage Powder|p1a: Sinistcha
|-singleturn|p1a: Sinistcha|move: Rage Powder
|move|p1b: Excadrill|Rock Slide|p2a: Venusaur|[spread] p2a,p2b
|-supereffective|p2b: Incineroar|1
|-damage|p2a: Venusaur|79/100
|-damage|p2b: Incineroar|26/100
|move|p2a: Venusaur|Earth Power|p1b: Excadrill
|-supereffective|p1b: Excadrill|1
|-damage|p1b: Excadrill|22/100
|
|-weather|none
|upkeep
|turn|6
|
|t:|1785031357
|switch|p1a: Tyranitar|Tyranitar-Mega, L50, F|100/100
|-weather|Sandstorm|[from] ability: Sand Stream|[of] p1a: Tyranitar
|move|p1b: Excadrill|Rock Slide|p2a: Venusaur|[spread] p2a,p2b
|-supereffective|p2b: Incineroar|1
|-damage|p2a: Venusaur|67/100
|-damage|p2b: Incineroar|0 fnt
|faint|p2b: Incineroar
|cant|p2a: Venusaur|flinch
|
|-weather|Sandstorm|[upkeep]
|-damage|p2a: Venusaur|62/100|[from] Sandstorm
|upkeep
|
|t:|1785031361
|switch|p2b: Talonflame|Talonflame, L50, M|94/100
|turn|7
|
|t:|1785031376
|move|p2b: Talonflame|Flare Blitz|p1b: Excadrill
|-supereffective|p1b: Excadrill|1
|-damage|p1b: Excadrill|0 fnt
|faint|p1b: Excadrill
|-damage|p2b: Talonflame|85/100|[from] Recoil
|move|p2a: Venusaur|Giga Drain|p1a: Tyranitar
|-supereffective|p1a: Tyranitar|1
|-damage|p1a: Tyranitar|59/100
|-heal|p2a: Venusaur|82/100|[from] drain|[of] p1a: Tyranitar
|move|p1a: Tyranitar|Rock Slide|p2b: Talonflame|[spread] p2a,p2b
|-supereffective|p2b: Talonflame|2
|-damage|p2a: Venusaur|58/100
|-damage|p2b: Talonflame|0 fnt
|faint|p2b: Talonflame
|
|-weather|Sandstorm|[upkeep]
|-damage|p2a: Venusaur|52/100|[from] Sandstorm
|-sideend|p2: TransGirlChomp1|move: Tailwind
|upkeep
|
|t:|1785031379
|switch|p1b: Sinistcha|Sinistcha, L50|88/100
|-heal|p1a: Tyranitar|84/100|[from] ability: Hospitality|[of] p1b: Sinistcha
|turn|8
|
|t:|1785031390
|move|p1a: Tyranitar|High Horsepower|p2a: Venusaur|[miss]
|-miss|p1a: Tyranitar|p2a: Venusaur
|move|p1b: Sinistcha|Shadow Ball|p2a: Venusaur
|-damage|p2a: Venusaur|25/100
|move|p2a: Venusaur|Giga Drain|p1a: Tyranitar
|-supereffective|p1a: Tyranitar|1
|-damage|p1a: Tyranitar|40/100
|-heal|p2a: Venusaur|48/100|[from] drain|[of] p1a: Tyranitar
|
|-weather|Sandstorm|[upkeep]
|-damage|p1b: Sinistcha|82/100|[from] Sandstorm
|-damage|p2a: Venusaur|42/100|[from] Sandstorm
|upkeep
|turn|9
|
|t:|1785031398
|move|p1a: Tyranitar|High Horsepower|p2a: Venusaur
|-damage|p2a: Venusaur|15/100
|move|p1b: Sinistcha|Shadow Ball|p2a: Venusaur
|-damage|p2a: Venusaur|0 fnt
|faint|p2a: Venusaur
|
|win|KodeBeast0526
|raw|KodeBeast0526's rating: 1199 → 1234(+35 for winning)
|raw|TransGirlChomp1's rating: 1338 → 1310(-28 for losing)
