|j|☆LukarioVGC
|j|☆recantodanumi
|html|LukarioVGCrecantodanumi    
|uhtml|bestof|Game 3 of a best-of-3
|t:|1757859821
|gametype|doubles
|player|p1|LukarioVGC|steven|1106
|player|p2|recantodanumi|roxie|1076
|gen|9
|tier|[Gen 9] VGC 2025 Reg H (Bo3)
|rated|
|rule|Species Clause: Limit one of each Pokémon
|rule|Item Clause: Limit 1 of each item
|clearpoke
|poke|p1|Sneasler, L50, M|
|poke|p1|Kingambit, L50, M|
|poke|p1|Rillaboom, L50, M|
|poke|p1|Dragonite, L50, M|
|poke|p1|Volcarona, L50, M|
|poke|p1|Electabuzz, L50, M|
|poke|p2|Sneasler, L50, F|
|poke|p2|Ursaluna-Bloodmoon, L50, M|
|poke|p2|Rillaboom, L50, F|
|poke|p2|Gholdengo, L50|
|poke|p2|Porygon2, L50|
|poke|p2|Dragonite, L50, M|
|teampreview|4
|showteam|p1|Sneasler||FocusSash|Unburden|DireClaw,CloseCombat,Coaching,FakeOut|||M|||50|,,,,,Stellar]Kingambit||BlackGlasses|Defiant|KowtowCleave,SwordsDance,SuckerPunch,Protect|||M|||50|,,,,,Dark]Rillaboom||AssaultVest|GrassySurge|FakeOut,WoodHammer,GrassyGlide,HighHorsepower|||M|||50|,,,,,Fire]Dragonite||LoadedDice|Multiscale|ScaleShot,ExtremeSpeed,Haze,Protect|||M|||50|,,,,,Fairy]Volcarona||CovertCloak|FlameBody|HeatWave,TeraBlast,QuiverDance,Protect|||M|||50|,,,,,Fairy]Electabuzz||Eviolite|VitalSpirit|Electroweb,FollowMe,Taunt,Protect|||M|||50|,,,,,Ghost
|showteam|p2|Sneasler||FocusSash|Unburden|CloseCombat,DireClaw,FakeOut,Protect|||F|||50|,,,,,Grass]Ursaluna-Bloodmoon||LifeOrb|MindsEye|HyperVoice,EarthPower,BloodMoon,Protect|||M|||50|,,,,,Ghost]Rillaboom||AssaultVest|GrassySurge|WoodHammer,GrassyGlide,FakeOut,HighHorsepower|||F|||50|,,,,,Fire]Gholdengo||Leftovers|GoodasGold|MakeItRain,ShadowBall,NastyPlot,Protect||||||50|,,,,,Water]Porygon2||Eviolite|Download|TeraBlast,IceBeam,Recover,TrickRoom||||||50|,,,,,Ground]Dragonite||LoadedDice|Multiscale|ScaleShot,Protect,Tailwind,StompingTantrum|||M|||50|,,,,,Steel
|inactive|Battle timer is ON: inactive players will automatically lose when time's up. (requested by recantodanumi)
|inactive|LukarioVGC has 60 seconds left.
|
|t:|1757859854
|teamsize|p1|4
|teamsize|p2|4
|start
|switch|p1a: Sneasler|Sneasler, L50, M|100/100
|switch|p1b: Dragonite|Dragonite, L50, M|100/100
|switch|p2a: LetsGoGamblin|Sneasler, L50, F|100/100
|switch|p2b: Jesonel|Porygon2, L50|100/100
|-ability|p2b: Jesonel|Download|boost
|-boost|p2b: Jesonel|atk|1
|turn|1
|
|t:|1757859869
|move|p2a: LetsGoGamblin|Fake Out|p1a: Sneasler
|-damage|p1a: Sneasler|74/100
|cant|p1a: Sneasler|flinch
|move|p1b: Dragonite|Scale Shot|p2b: Jesonel
|-damage|p2b: Jesonel|92/100
|-damage|p2b: Jesonel|84/100
|-damage|p2b: Jesonel|75/100
|-damage|p2b: Jesonel|68/100
|-hitcount|p2b: Jesonel|4
|-unboost|p1b: Dragonite|def|1
|-boost|p1b: Dragonite|spe|1
|move|p2b: Jesonel|Trick Room|p2b: Jesonel
|-fieldstart|move: Trick Room|[of] p2b: Jesonel
|
|upkeep
|turn|2
|inactive|LukarioVGC has 30 seconds left.
|
|t:|1757859898
|-terastallize|p2b: Jesonel|Ground
|move|p1b: Dragonite|Protect|p1b: Dragonite
|-singleturn|p1b: Dragonite|Protect
|move|p2b: Jesonel|Tera Blast|p1a: Sneasler|[anim] Tera Blast Ground
|-supereffective|p1a: Sneasler
|-damage|p1a: Sneasler|0 fnt
|faint|p1a: Sneasler
|move|p2a: LetsGoGamblin|Dire Claw|p1b: Dragonite
|-activate|p1b: Dragonite|move: Protect
|
|upkeep
|
|t:|1757859908
|switch|p1a: Volcarona|Volcarona, L50, M|100/100
|turn|3
|
|t:|1757859927
|move|p1b: Dragonite|Extreme Speed|p2a: LetsGoGamblin
|-damage|p2a: LetsGoGamblin|48/100
|move|p2b: Jesonel|Ice Beam|p1b: Dragonite
|-supereffective|p1b: Dragonite
|-damage|p1b: Dragonite|48/100
|move|p1a: Volcarona|Quiver Dance|p1a: Volcarona
|-boost|p1a: Volcarona|spa|1
|-boost|p1a: Volcarona|spd|1
|-boost|p1a: Volcarona|spe|1
|move|p2a: LetsGoGamblin|Dire Claw|p1b: Dragonite
|-damage|p1b: Dragonite|0 fnt
|faint|p1b: Dragonite
|
|upkeep
|
|t:|1757859940
|switch|p1b: Kingambit|Kingambit, L50, M, shiny|100/100
|turn|4
|
|t:|1757859951
|move|p1b: Kingambit|Protect|p1b: Kingambit
|-singleturn|p1b: Kingambit|Protect
|move|p2b: Jesonel|Tera Blast|p1b: Kingambit|[anim] Tera Blast Ground
|-activate|p1b: Kingambit|move: Protect
|move|p2a: LetsGoGamblin|Close Combat|p1b: Kingambit
|-activate|p1b: Kingambit|move: Protect
|move|p1a: Volcarona|Quiver Dance|p1a: Volcarona
|-boost|p1a: Volcarona|spa|1
|-boost|p1a: Volcarona|spd|1
|-boost|p1a: Volcarona|spe|1
|
|upkeep
|turn|5
|
|t:|1757859972
|-terastallize|p1b: Kingambit|Dark
|move|p1b: Kingambit|Sucker Punch||[still]
|-fail|p1b: Kingambit
|move|p2b: Jesonel|Recover|p2b: Jesonel
|-heal|p2b: Jesonel|100/100
|move|p2a: LetsGoGamblin|Close Combat|p1b: Kingambit
|-supereffective|p1b: Kingambit
|-damage|p1b: Kingambit|0 fnt
|-unboost|p2a: LetsGoGamblin|def|1
|-unboost|p2a: LetsGoGamblin|spd|1
|faint|p1b: Kingambit
|move|p1a: Volcarona|Heat Wave|p2a: LetsGoGamblin|[spread] p2a,p2b
|-damage|p2a: LetsGoGamblin|0 fnt
|-damage|p2b: Jesonel|56/100
|faint|p2a: LetsGoGamblin
|
|-fieldend|move: Trick Room
|upkeep
|
|t:|1757859986
|switch|p2a: Matryoshka|Rillaboom, L50, F, shiny|100/100
|-fieldstart|move: Grassy Terrain|[from] ability: Grassy Surge|[of] p2a: Matryoshka
|turn|6
|
|t:|1757860002
|move|p1a: Volcarona|Heat Wave|p2a: Matryoshka|[spread] p2a,p2b
|-supereffective|p2a: Matryoshka
|-damage|p2a: Matryoshka|0 fnt
|-damage|p2b: Jesonel|13/100
|faint|p2a: Matryoshka
|move|p2b: Jesonel|Trick Room|p2b: Jesonel
|-fieldstart|move: Trick Room|[of] p2b: Jesonel
|
|-heal|p2b: Jesonel|19/100|[from] Grassy Terrain
|upkeep
|
|t:|1757860005
|switch|p2a: Freddy5Bear|Ursaluna-Bloodmoon, L50, M|100/100
|turn|7
|
|t:|1757860013
|move|p1a: Volcarona|Protect|p1a: Volcarona
|-singleturn|p1a: Volcarona|Protect
|move|p2b: Jesonel|Recover|p2b: Jesonel
|-heal|p2b: Jesonel|69/100
|move|p2a: Freddy5Bear|Blood Moon|p1a: Volcarona
|-activate|p1a: Volcarona|move: Protect
|
|-heal|p2b: Jesonel|75/100|[from] Grassy Terrain
|upkeep
|turn|8
|
|t:|1757860020
|move|p2b: Jesonel|Tera Blast|p1a: Volcarona|[anim] Tera Blast Ground
|-damage|p1a: Volcarona|61/100
|move|p2a: Freddy5Bear|Hyper Voice|p1a: Volcarona
|-damage|p1a: Volcarona|30/100
|-damage|p2a: Freddy5Bear|91/100|[from] item: Life Orb
|move|p1a: Volcarona|Heat Wave|p2b: Jesonel|[spread] p2a,p2b
|-damage|p2a: Freddy5Bear|15/100
|-damage|p2b: Jesonel|34/100
|
|-heal|p2b: Jesonel|40/100|[from] Grassy Terrain
|-heal|p2a: Freddy5Bear|21/100|[from] Grassy Terrain
|-heal|p1a: Volcarona|36/100|[from] Grassy Terrain
|upkeep
|turn|9
|
|t:|1757860034
|move|p2b: Jesonel|Recover|p2b: Jesonel
|-heal|p2b: Jesonel|90/100
|move|p2a: Freddy5Bear|Blood Moon|p1a: Volcarona
|-damage|p1a: Volcarona|0 fnt
|faint|p1a: Volcarona
|-damage|p2a: Freddy5Bear|12/100|[from] item: Life Orb
|
|win|recantodanumi
|raw|LukarioVGC's rating: 1106 → 1079(-27 for losing)
|raw|recantodanumi's rating: 1076 → 1107(+31 for winning)
|l|☆LukarioVGC
|player|p1|
|l|☆recantodanumi
|player|p2|
|j|☆recantodanumi
|player|p2|recantodanumi|roxie|
