|j|☆CSQ17
|j|☆swarley3000
|html|CSQ17swarley3000    
|uhtml|bestof|Game 1 of a best-of-3
|t:|1785869215
|gametype|doubles
|player|p1|CSQ17|266|1419
|player|p2|swarley3000|arven-s|1395
|gen|9
|tier|[Gen 9 Champions] VGC 2026 Reg M-B (Bo3)
|rated|
|rule|Species Clause: Limit one of each Pokémon
|rule|Item Clause: Limit 1 of each item
|clearpoke
|poke|p1|Tyranitar, L50, M|
|poke|p1|Excadrill, L50, F|
|poke|p1|Milotic, L50, F|
|poke|p1|Sinistcha, L50|
|poke|p1|Staraptor, L50, M|
|poke|p1|Gholdengo, L50|
|poke|p2|Whimsicott, L50, F|
|poke|p2|Basculegion, L50, M|
|poke|p2|Kingambit, L50, M|
|poke|p2|Floette-Eternal, L50, F|
|poke|p2|Charizard, L50, M|
|poke|p2|Garchomp, L50, M|
|teampreview|4
|showteam|p1|Tyranitar||Tyranitarite|SandStream|KnockOff,RockSlide,HighHorsepower,Protect|Jolly||M|||50|]Excadrill||FocusSash|SandRush|Earthquake,IronHead,RockSlide,Protect|Adamant||F|||50|]Milotic||SitrusBerry|Competitive|Scald,IcyWind,Haze,Protect|Calm||F|||50|]Sinistcha||ColburBerry|Hospitality|MatchaGotcha,ShadowBall,Protect,RagePowder|Bold|||||50|]Staraptor||Staraptite|Intimidate|CloseCombat,BraveBird,Tailwind,Protect|Jolly||M|||50|]Gholdengo||LifeOrb|GoodasGold|MakeItRain,ShadowBall,NastyPlot,Protect|Modest|||||50|
|showteam|p2|Whimsicott||FocusSash|Prankster|Protect,Moonblast,Encore,Tailwind|Timid||F|||50|]Basculegion||LifeOrb|Adaptability|Protect,WaveCrash,LastRespects,AquaJet|Adamant||M|||50|]Kingambit||BlackGlasses|Defiant|Protect,SuckerPunch,LowKick,KowtowCleave|Adamant||M|||50|]Floette-Eternal||Floettite|FlowerVeil|Protect,Moonblast,DazzlingGleam,LightofRuin|Modest||F|||50|]Charizard||CharizarditeY|Blaze|Protect,HeatWave,WeatherBall,SolarBeam|Modest||M|||50|]Garchomp||SitrusBerry|RoughSkin|PoisonJab,DragonClaw,RockSlide,Earthquake|Adamant||M|||50|
|inactive|Battle timer is ON: inactive players will automatically lose when time's up. (requested by swarley3000)
|inactive|CSQ17 has 60 seconds left.
|inactive|CSQ17 has 30 seconds left.
|inactive|CSQ17 has 20 seconds left.
|inactive|CSQ17 has 15 seconds left.
|
|t:|1785869291
|teamsize|p1|4
|teamsize|p2|4
|start
|switch|p1a: Sinistcha|Sinistcha, L50|100/100
|switch|p1b: Gholdengo|Gholdengo, L50|100/100
|switch|p2a: Floette|Floette-Eternal, L50, F|100/100
|switch|p2b: Kingambit|Kingambit, L50, M|100/100
|turn|1
|inactive|CSQ17 has 30 seconds left.
|inactive|CSQ17 has 20 seconds left.
|inactive|CSQ17 has 15 seconds left.
|inactive|swarley3000 has 30 seconds left.
|
|t:|1785869335
|switch|p1a: Excadrill|Excadrill, L50, F|100/100
|detailschange|p2a: Floette|Floette-Mega, L50, F
|-mega|p2a: Floette|Floette|Floettite
|-ability|p2a: Floette|Fairy Aura
|move|p1b: Gholdengo|Protect|p1b: Gholdengo
|-singleturn|p1b: Gholdengo|Protect
|move|p2a: Floette|Moonblast|p1a: Excadrill
|-resisted|p1a: Excadrill|1
|-damage|p1a: Excadrill|45/100
|move|p2b: Kingambit|Kowtow Cleave|p1b: Gholdengo
|-activate|p1b: Gholdengo|move: Protect
|
|upkeep
|turn|2
|inactive|CSQ17 has 30 seconds left.
|
|t:|1785869365
|switch|p1b: Sinistcha|Sinistcha, L50|100/100
|-heal|p1a: Excadrill|70/100|[from] ability: Hospitality|[of] p1b: Sinistcha
|move|p2b: Kingambit|Sucker Punch|p1a: Excadrill
|-damage|p1a: Excadrill|4/100
|move|p2a: Floette|Moonblast|p1b: Sinistcha
|-damage|p1b: Sinistcha|15/100
|move|p1a: Excadrill|Earthquake|p2a: Floette|[spread] p1b,p2a,p2b
|-resisted|p1b: Sinistcha|1
|-supereffective|p2b: Kingambit|1
|-damage|p1b: Sinistcha|0 fnt
|-damage|p2a: Floette|44/100
|-damage|p2b: Kingambit|35/100
|faint|p1b: Sinistcha
|
|upkeep
|
|t:|1785869388
|switch|p1b: Gholdengo|Gholdengo, L50|100/100
|turn|3
|
|t:|1785869405
|switch|p2a: Garchomp|Garchomp, L50, M|100/100
|move|p1a: Excadrill|Protect|p1a: Excadrill
|-singleturn|p1a: Excadrill|Protect
|move|p2b: Kingambit|Sucker Punch||[still]
|-fail|p2b: Kingambit
|move|p1b: Gholdengo|Nasty Plot|p1b: Gholdengo
|-boost|p1b: Gholdengo|spa|2
|
|upkeep
|turn|4
|inactive|CSQ17 has 30 seconds left.
|inactive|CSQ17 has 20 seconds left.
|
|t:|1785869442
|switch|p1a: Tyranitar|Tyranitar, L50, M|100/100
|-weather|Sandstorm|[from] ability: Sand Stream|[of] p1a: Tyranitar
|move|p2b: Kingambit|Protect|p2b: Kingambit
|-singleturn|p2b: Kingambit|Protect
|move|p2a: Garchomp|Earthquake|p1b: Gholdengo|[spread] p1a,p1b
|-activate|p2b: Kingambit|move: Protect
|-supereffective|p1a: Tyranitar|1
|-supereffective|p1b: Gholdengo|1
|-damage|p1a: Tyranitar|37/100
|-damage|p1b: Gholdengo|35/100
|move|p1b: Gholdengo|Make It Rain|p2a: Garchomp|[spread] p2a
|-activate|p2b: Kingambit|move: Protect
|-damage|p2a: Garchomp|0 fnt
|-unboost|p1b: Gholdengo|spa|2
|faint|p2a: Garchomp
|-damage|p1b: Gholdengo|25/100|[from] item: Life Orb
|
|-weather|Sandstorm|[upkeep]
|upkeep
|
|t:|1785869455
|switch|p2a: Floette|Floette-Mega, L50, F|44/100
|-ability|p2a: Floette|Fairy Aura
|turn|5
|
|t:|1785869479
|detailschange|p1a: Tyranitar|Tyranitar-Mega, L50, M
|-mega|p1a: Tyranitar|Tyranitar|Tyranitarite
|move|p2b: Kingambit|Sucker Punch|p1b: Gholdengo
|-supereffective|p1b: Gholdengo|1
|-damage|p1b: Gholdengo|0 fnt
|faint|p1b: Gholdengo
|move|p2a: Floette|Dazzling Gleam|p1a: Tyranitar
|-supereffective|p1a: Tyranitar|1
|-damage|p1a: Tyranitar|0 fnt
|faint|p1a: Tyranitar
|
|-weather|Sandstorm|[upkeep]
|-damage|p2a: Floette|38/100|[from] Sandstorm
|upkeep
|
|t:|1785869483
|switch|p1b: Excadrill|Excadrill, L50, F|4/100
|turn|6
|
|t:|1785869490
|move|p1b: Excadrill|Protect|p1b: Excadrill
|-singleturn|p1b: Excadrill|Protect
|move|p2b: Kingambit|Sucker Punch||[still]
|-fail|p2b: Kingambit
|move|p2a: Floette|Moonblast|p1b: Excadrill
|-activate|p1b: Excadrill|move: Protect
|
|-weather|Sandstorm|[upkeep]
|-damage|p2a: Floette|33/100|[from] Sandstorm
|upkeep
|turn|7
|j| ido1234567890
|
|t:|1785869497
|move|p2b: Kingambit|Sucker Punch|p1b: Excadrill
|-damage|p1b: Excadrill|0 fnt
|faint|p1b: Excadrill
|
|win|swarley3000
