|j|☆Duyheeee
|j|☆SpeShadow
|html|DuyheeeeSpeShadow    
|uhtml|bestof|Game 2 of a best-of-3
|t:|1757931711
|gametype|doubles
|player|p1|Duyheeee|parasollady|
|player|p2|SpeShadow|hilbert-masters|
|gen|9
|tier|[Gen 9] VGC 2025 Reg H (Bo3)
|rule|Species Clause: Limit one of each Pokémon
|rule|Item Clause: Limit 1 of each item
|clearpoke
|poke|p1|Staraptor, L50, F|
|poke|p1|Garchomp, L50, F|
|poke|p1|Whimsicott, L50, F|
|poke|p1|Typhlosion-Hisui, L50, F|
|poke|p1|Ursaluna-Bloodmoon, L50, M|
|poke|p1|Incineroar, L50, F|
|poke|p2|Scyther, L50, M|
|poke|p2|Garganacl, L50, F|
|poke|p2|Incineroar, L50, F|
|poke|p2|Gholdengo, L50|
|poke|p2|Ninetales-Alola, L50, F|
|poke|p2|Sylveon, L50, F|
|teampreview|4
|showteam|p1|Staraptor||AssaultVest|Intimidate|Acrobatics,DoubleEdge,DualWingbeat,Uturn|||F|||50|,,,,,Ghost]Garchomp||ClearAmulet|RoughSkin|Earthquake,DragonClaw,StompingTantrum,Protect|||F|||50|,,,,,Steel]Whimsicott||CovertCloak|Prankster|Moonblast,Tailwind,SunnyDay,Encore|||F|||50|,,,,,Water]Typhlosion-Hisui||ChoiceSpecs|Blaze|Eruption,HeatWave,Overheat,ShadowBall|||F|||50|,,,,,Fire]Ursaluna-Bloodmoon||LifeOrb|MindsEye|HyperVoice,EarthPower,BloodMoon,Protect|||M|||50|,,,,,Normal]Incineroar||SitrusBerry|Intimidate|FlareBlitz,KnockOff,FakeOut,PartingShot|||F|||50|,,,,,Ghost
|showteam|p2|Scyther||Eviolite|Technician|DualWingbeat,CloseCombat,Uturn,Protect|||M|||50|,,,,,Steel]Garganacl||MarangaBerry|PurifyingSalt|SaltCure,StealthRock,Protect,Recover|||F|||50|,,,,,Flying]Incineroar||SafetyGoggles|Intimidate|FlareBlitz,KnockOff,PartingShot,FakeOut|||F|||50|,,,,,Ghost]Gholdengo||ChoiceScarf|GoodasGold|ShadowBall,MakeItRain,Trick,PowerGem||||||50|,,,,,Steel]Ninetales-Alola||FocusSash|SnowCloak|Blizzard,FreezeDry,AuroraVeil,Protect|||F|||50|,,,,,Ice]Sylveon||ThroatSpray|Pixilate|HyperVoice,Wish,Protect,Yawn|||F|||50|,,,,,Poison
|inactive|Battle timer is ON: inactive players will automatically lose when time's up. (requested by SpeShadow)
|
|t:|1757931742
|teamsize|p1|4
|teamsize|p2|4
|start
|switch|p1a: Whimsicott|Whimsicott, L50, F|100/100
|switch|p1b: Garchomp|Garchomp, L50, F, shiny|100/100
|switch|p2a: Ninetales|Ninetales-Alola, L50, F|100/100
|switch|p2b: Incineroar|Incineroar, L50, F|100/100
|-ability|p2b: Incineroar|Intimidate|boost
|-unboost|p1a: Whimsicott|atk|1
|-fail|p1b: Garchomp|unboost|[from] item: Clear Amulet|[of] p1b: Garchomp
|turn|1
|c|☆Duyheeee|Lộn abi?!!
|c|☆SpeShadow|Choke abi r
|inactive|SpeShadow has 30 seconds left.
|inactive|SpeShadow has 20 seconds left.
|
|t:|1757931780
|move|p1b: Garchomp|Protect|p1b: Garchomp
|-singleturn|p1b: Garchomp|Protect
|move|p1a: Whimsicott|Tailwind|p1a: Whimsicott
|-sidestart|p1: Duyheeee|move: Tailwind
|move|p2a: Ninetales|Blizzard|p1b: Garchomp|[spread] 
|-activate|p1b: Garchomp|move: Protect
|-miss|p2a: Ninetales|p1a: Whimsicott
|move|p2b: Incineroar|Knock Off|p1b: Garchomp
|-activate|p1b: Garchomp|move: Protect
|
|upkeep
|turn|2
|
|t:|1757931800
|-terastallize|p1b: Garchomp|Steel
|move|p1a: Whimsicott|Sunny Day|p1a: Whimsicott
|-weather|SunnyDay
|move|p1b: Garchomp|Earthquake|p2a: Ninetales|[spread] p1a,p2a,p2b
|-resisted|p1a: Whimsicott
|-supereffective|p2b: Incineroar
|-damage|p1a: Whimsicott|73/100
|-damage|p2a: Ninetales|43/100
|-damage|p2b: Incineroar|27/100
|move|p2a: Ninetales|Blizzard|p1a: Whimsicott|[spread] p1a,p1b
|-supereffective|p1a: Whimsicott
|-resisted|p1b: Garchomp
|-damage|p1a: Whimsicott|0 fnt
|-damage|p1b: Garchomp|84/100
|faint|p1a: Whimsicott
|move|p2b: Incineroar|Flare Blitz|p1b: Garchomp
|-supereffective|p1b: Garchomp
|-damage|p1b: Garchomp|0 fnt
|-damage|p2b: Incineroar|15/100|[from] ability: Rough Skin|[of] p1b: Garchomp
|faint|p1b: Garchomp
|-damage|p2b: Incineroar|0 fnt|[from] Recoil
|faint|p2b: Incineroar
|
|-weather|SunnyDay|[upkeep]
|upkeep
|
|t:|1757931817
|switch|p1a: Staraptor|Staraptor, L50, F|100/100
|switch|p1b: Typhlosion|Typhlosion-Hisui, L50, F|100/100
|switch|p2b: Garganacl|Garganacl, L50, F|100/100
|-ability|p1a: Staraptor|Intimidate|boost
|-unboost|p2a: Ninetales|atk|1
|-unboost|p2b: Garganacl|atk|1
|turn|3
|c|☆Duyheeee|Ừ em cũng choke move
|c|☆Duyheeee|=)))
|inactive|Duyheeee has 30 seconds left.
|inactive|SpeShadow has 30 seconds left.
|inactive|Duyheeee has 20 seconds left.
|inactive|SpeShadow has 20 seconds left.
|
|t:|1757931857
|move|p2a: Ninetales|Protect|p2a: Ninetales
|-singleturn|p2a: Ninetales|Protect
|move|p2b: Garganacl|Protect|p2b: Garganacl
|-singleturn|p2b: Garganacl|Protect
|move|p1b: Typhlosion|Eruption|p2a: Ninetales|[spread] 
|-activate|p2a: Ninetales|move: Protect
|-activate|p2b: Garganacl|move: Protect
|move|p1a: Staraptor|Dual Wingbeat|p2b: Garganacl
|-activate|p2b: Garganacl|move: Protect
|
|-weather|SunnyDay|[upkeep]
|upkeep
|turn|4
|
|t:|1757931871
|move|p1b: Typhlosion|Eruption|p2b: Garganacl|[spread] p2a,p2b
|-supereffective|p2a: Ninetales
|-resisted|p2b: Garganacl
|-damage|p2a: Ninetales|0 fnt
|-damage|p2b: Garganacl|61/100
|faint|p2a: Ninetales
|-enditem|p2b: Garganacl|Maranga Berry|[eat]
|-boost|p2b: Garganacl|spd|1|[from] item: Maranga Berry
|move|p1a: Staraptor|Dual Wingbeat|p2b: Garganacl
|-resisted|p2b: Garganacl
|-damage|p2b: Garganacl|55/100
|-resisted|p2b: Garganacl
|-damage|p2b: Garganacl|48/100
|-hitcount|p2b: Garganacl|2
|move|p2b: Garganacl|Recover|p2b: Garganacl
|-heal|p2b: Garganacl|99/100
|
|-weather|SunnyDay|[upkeep]
|-sideend|p1: Duyheeee|move: Tailwind
|upkeep
|
|t:|1757931875
|switch|p2a: Scyther|Scyther, L50, M|100/100
|turn|5
|
|t:|1757931895
|-terastallize|p2b: Garganacl|Flying
|move|p2a: Scyther|Protect|p2a: Scyther
|-singleturn|p2a: Scyther|Protect
|move|p1b: Typhlosion|Eruption|p2a: Scyther|[spread] p2b
|-activate|p2a: Scyther|move: Protect
|-damage|p2b: Garganacl|43/100
|move|p1a: Staraptor|Dual Wingbeat|p2a: Scyther
|-activate|p2a: Scyther|move: Protect
|move|p2b: Garganacl|Salt Cure|p1b: Typhlosion
|-supereffective|p1b: Typhlosion
|-damage|p1b: Typhlosion|68/100
|-start|p1b: Typhlosion|Salt Cure
|
|-weather|SunnyDay|[upkeep]
|-damage|p1b: Typhlosion|56/100|[from] Salt Cure
|upkeep
|turn|6
|l|☆Duyheeee
|inactive|Duyheeee disconnected and has 300 seconds to reconnect!
|player|p1|
|j|☆Duyheeee
|inactive|Duyheeee reconnected and has 35 seconds left.
|player|p1|Duyheeee|parasollady|
|inactive|Duyheeee has 30 seconds left.
|
|t:|1757931934
|move|p2a: Scyther|Dual Wingbeat|p1b: Typhlosion
|-damage|p1b: Typhlosion|17/100
|-damage|p1b: Typhlosion|0 fnt
|faint|p1b: Typhlosion
|-hitcount|p1: Typhlosion|2
|move|p1a: Staraptor|Double-Edge|p2b: Garganacl
|-damage|p2b: Garganacl|7/100
|-damage|p1a: Staraptor|85/100|[from] Recoil
|move|p2b: Garganacl|Salt Cure|p1a: Staraptor
|-supereffective|p1a: Staraptor
|-damage|p1a: Staraptor|61/100
|-start|p1a: Staraptor|Salt Cure
|
|-weather|none
|-damage|p1a: Staraptor|49/100|[from] Salt Cure
|upkeep
|turn|7
|
|t:|1757931954
|move|p2a: Scyther|Dual Wingbeat|p1a: Staraptor|[miss]
|-miss|p2a: Scyther|p1a: Staraptor
|move|p1a: Staraptor|Dual Wingbeat|p2a: Scyther
|-supereffective|p2a: Scyther
|-damage|p2a: Scyther|62/100
|-supereffective|p2a: Scyther
|-damage|p2a: Scyther|25/100
|-hitcount|p2a: Scyther|2
|move|p2b: Garganacl|Recover|p2b: Garganacl
|-heal|p2b: Garganacl|57/100
|
|-damage|p1a: Staraptor|36/100|[from] Salt Cure
|upkeep
|turn|8
|
|t:|1757931963
|move|p2a: Scyther|Close Combat|p1a: Staraptor
|-damage|p1a: Staraptor|0 fnt
|-unboost|p2a: Scyther|def|1
|-unboost|p2a: Scyther|spd|1
|faint|p1a: Staraptor
|
|win|SpeShadow
||SpeShadow is ready for game 3.
||Duyheeee is ready for game 3.
|uhtml|next|Next: Game 3 of 3
