|j|☆zilongkumo
|j|☆Devxp
|html|zilongkumoDevxp    
|uhtml|bestof|Game 1 of a best-of-3
|t:|1783811859
|gametype|doubles
|player|p1|zilongkumo|volkner|
|player|p2|Devxp|169|
|gen|9
|tier|[Gen 9 Champions] VGC 2026 Reg M-B (Bo3)
|rule|Species Clause: Limit one of each Pokémon
|rule|Item Clause: Limit 1 of each item
|clearpoke
|poke|p1|Sandaconda, L50, F, shiny|
|poke|p1|Milotic, L50, F|
|poke|p1|Leafeon, L50, F, shiny|
|poke|p1|Snorlax, L50, M|
|poke|p1|Blastoise, L50, M|
|poke|p1|Dragonite, L50, M|
|poke|p2|Tyranitar, L50, M|
|poke|p2|Excadrill, L50, M, shiny|
|poke|p2|Rotom-Wash, L50, shiny|
|poke|p2|Ceruledge, L50, F|
|poke|p2|Tsareena, L50, F, shiny|
|poke|p2|Gengar, L50, F|
|teampreview|4
|showteam|p1|Sandaconda||FocusSash|SandVeil|Earthquake,Endeavor,Glare,Protect|Jolly||F|||50|]Milotic||Leftovers|Competitive|AlluringVoice,Scald,LifeDew,Protect|Modest||F|||50|]Leafeon||ExpertBelt|Chlorophyll|SunnyDay,LeafBlade,Protect,SwordsDance|Impish||F|||50|]Snorlax||SitrusBerry|Immunity|Rest,BodySlam,SleepTalk,FirePunch|Adamant||M|||50|]Blastoise||KingsRock|RainDish|FakeOut,Liquidation,IceSpinner,RockSlide|Adamant||M|||50|]Dragonite||LifeOrb|Multiscale|ExtremeSpeed,DragonClaw,IceSpinner,RainDance|Jolly||M|||50|
|showteam|p2|Tyranitar||Tyranitarite|SandStream|RockSlide,KnockOff,LowKick,Protect|Adamant||M|||50|]Excadrill||LifeOrb|SandRush|HighHorsepower,IronHead,RockSlide,Protect|Jolly||M|||50|]Rotom-Wash||SitrusBerry|Levitate|HydroPump,Thunderbolt,WillOWisp,Protect|Calm|||||50|]Ceruledge||WhiteHerb|FlashFire|BitterBlade,CloseCombat,Protect,ShadowSneak|Adamant||F|||50|]Tsareena||ChoiceScarf|LeafGuard|TripleAxel,Uturn,HighJumpKick,PowerWhip|Adamant||F|||50|]Gengar||FocusSash|CursedBody|IcyWind,SludgeBomb,ShadowBall,Protect|Timid||F|||50|
|c|☆Devxp|glhf
|c|☆zilongkumo|GLHF!
|
|t:|1783811905
|teamsize|p1|4
|teamsize|p2|4
|start
|switch|p1a: Sahara|Sandaconda, L50, F, shiny|100/100
|switch|p1b: Maple|Leafeon, L50, F, shiny|100/100
|switch|p2a: Tsareena|Tsareena, L50, F, shiny|100/100
|switch|p2b: Ceruledge|Ceruledge, L50, F|100/100
|turn|1
|
|t:|1783811925
|move|p2a: Tsareena|Power Whip|p1a: Sahara
|-supereffective|p1a: Sahara|1
|-enditem|p1a: Sahara|Focus Sash
|-damage|p1a: Sahara|1/100
|move|p2b: Ceruledge|Bitter Blade|p1b: Maple
|-supereffective|p1b: Maple|1
|-damage|p1b: Maple|29/100
|move|p1a: Sahara|Glare|p2a: Tsareena
|-status|p2a: Tsareena|par
|move|p1b: Maple|Swords Dance|p1b: Maple
|-boost|p1b: Maple|atk|2
|
|upkeep
|turn|2
|
|t:|1783811954
|move|p1b: Maple|Protect|p1b: Maple
|-singleturn|p1b: Maple|Protect
|move|p2b: Ceruledge|Shadow Sneak|p1b: Maple
|-activate|p1b: Maple|move: Protect
|move|p1a: Sahara|Endeavor|p2a: Tsareena
|-damage|p2a: Tsareena|1/100 par
|move|p2a: Tsareena|Power Whip|p1a: Sahara
|-supereffective|p1a: Sahara|1
|-damage|p1a: Sahara|0 fnt
|faint|p1a: Sahara
|
|upkeep
|
|t:|1783811965
|switch|p1a: Melody|Milotic, L50, F|100/100
|turn|3
|
|t:|1783811994
|move|p2b: Ceruledge|Protect|p2b: Ceruledge
|-singleturn|p2b: Ceruledge|Protect
|move|p1b: Maple|Leaf Blade|p2b: Ceruledge
|-activate|p2b: Ceruledge|move: Protect
|move|p1a: Melody|Scald|p2b: Ceruledge
|-activate|p2b: Ceruledge|move: Protect
|move|p2a: Tsareena|Power Whip|p1a: Melody
|-supereffective|p1a: Melody|1
|-damage|p1a: Melody|0 fnt
|faint|p1a: Melody
|
|upkeep
|
|t:|1783812006
|switch|p1a: KitKat|Snorlax, L50, M|100/100
|turn|4
|
|t:|1783812031
|move|p1b: Maple|Protect|p1b: Maple
|-singleturn|p1b: Maple|Protect
|move|p2b: Ceruledge|Bitter Blade|p1b: Maple
|-activate|p1b: Maple|move: Protect
|move|p2a: Tsareena|Power Whip|p1a: KitKat
|-damage|p1a: KitKat|45/100
|-enditem|p1a: KitKat|Sitrus Berry|[eat]
|-heal|p1a: KitKat|70/100|[from] item: Sitrus Berry
|move|p1a: KitKat|Body Slam|p2a: Tsareena
|-damage|p2a: Tsareena|0 fnt
|faint|p2a: Tsareena
|
|upkeep
|
|t:|1783812049
|switch|p2a: Excadrill|Excadrill, L50, M, shiny|100/100
|turn|5
|
|t:|1783812071
|move|p2a: Excadrill|High Horsepower|p1a: KitKat
|-damage|p1a: KitKat|14/100
|-damage|p2a: Excadrill|90/100|[from] item: Life Orb
|move|p2b: Ceruledge|Bitter Blade|p1b: Maple
|-supereffective|p1b: Maple|1
|-damage|p1b: Maple|0 fnt
|faint|p1b: Maple
|move|p1a: KitKat|Fire Punch|p2a: Excadrill
|-supereffective|p2a: Excadrill|1
|-damage|p2a: Excadrill|24/100
|
|upkeep
|turn|6
|
|t:|1783812093
|move|p2a: Excadrill|Iron Head|p1a: KitKat
|-damage|p1a: KitKat|0 fnt
|faint|p1a: KitKat
|-damage|p2a: Excadrill|14/100|[from] item: Life Orb
|
|win|Devxp
