|j|鈽咶risk Azzy
|j|鈽哃ittleSunLight
|html|Frisk AzzyLittleSunLight    
|uhtml|bestof|Game 2 of a best-of-3
|t:|1784839164
|gametype|doubles
|player|p1|Frisk Azzy|riley|
|player|p2|LittleSunLight|beauty|
|gen|9
|tier|[Gen 9 Champions] VGC 2026 Reg M-B (Bo3)
|rule|Species Clause: Limit one of each Pok茅mon
|rule|Item Clause: Limit 1 of each item
|clearpoke
|poke|p1|Charizard, L50, M, shiny|
|poke|p1|Venusaur, L50, M|
|poke|p1|Whimsicott, L50, F|
|poke|p1|Luxray, L50, M, shiny|
|poke|p1|Aegislash, L50, M|
|poke|p1|Garchomp, L50, F, shiny|
|poke|p2|Froslass, L50, F|
|poke|p2|Kingambit, L50, M|
|poke|p2|Ninetales-Alola, L50, M|
|poke|p2|Basculegion, L50, M|
|poke|p2|Sneasler, L50, M|
|poke|p2|Dragonite, L50, M, shiny|
|teampreview|4
|showteam|p1|Charizard||CharizarditeY|SolarPower|AirSlash,HeatWave,Protect,SolarBeam|Timid||M|||50|]Venusaur||LifeOrb|Chlorophyll|GigaDrain,Protect,EarthPower,SludgeBomb|Modest||M|||50|]Whimsicott||FocusSash|Prankster|Taunt,Tailwind,SunnyDay,Moonblast|Timid||F|||50|]Luxray||SitrusBerry|Intimidate|WildCharge,Protect,VoltSwitch,Crunch|Sassy||M|||50|]Aegislash||SpellTag|StanceChange|ShadowSneak,KingsShield,WideGuard,IronHead|Adamant||M|||50|]Garchomp||YacheBerry|RoughSkin|DragonClaw,RockSlide,Earthquake,Protect|Jolly||F|||50|
|showteam|p2|Froslass||Froslassite|CursedBody|FrostBreath,Blizzard,ShadowBall,AuroraVeil|Timid||F|||50|]Kingambit||ChopleBerry|Defiant|Protect,IronHead,SuckerPunch,LowKick|Adamant||M|||50|]Ninetales-Alola||FocusSash|SnowWarning|Blizzard,FreezeDry,RainDance,AuroraVeil|Timid||M|||50|]Basculegion||ChoiceScarf|Adaptability|FlipTurn,WaveCrash,AquaJet,LastRespects|Adamant||M|||50|]Sneasler||WhiteHerb|Unburden|Protect,CloseCombat,DireClaw,FakeOut|Jolly||M|||50|]Dragonite||Dragoninite|Multiscale|Protect,Tailwind,DragonPulse,Flamethrower|Modest||M|||50|
|c|鈽哃ittleSunLight|lets gooo!
|
|t:|1784839181
|teamsize|p1|4
|teamsize|p2|4
|start
|switch|p1a: Bow|Garchomp, L50, F, shiny|100/100
|switch|p1b: Dr While|Whimsicott, L50, F|100/100
|switch|p2a: Mochi|Sneasler, L50, M|100/100
|switch|p2b: Glitter!|Dragonite, L50, M, shiny|100/100
|turn|1
|
|t:|1784839220
|detailschange|p2b: Glitter!|Dragonite-Mega, L50, M, shiny
|-mega|p2b: Glitter!|Dragonite|Dragoninite
|move|p2a: Mochi|Fake Out|p1b: Dr While
|-damage|p1b: Dr While|80/100
|cant|p1b: Dr While|flinch
|move|p1a: Bow|Rock Slide|p2a: Mochi|[spread] p2b
|-miss|p1a: Bow|p2a: Mochi
|-supereffective|p2b: Glitter!|1
|-damage|p2b: Glitter!|82/100
|cant|p2b: Glitter!|flinch
|
|upkeep
|turn|2
|
|t:|1784839253
|move|p2a: Mochi|Protect|p2a: Mochi
|-singleturn|p2a: Mochi|Protect
|move|p1b: Dr While|Tailwind|p1b: Dr While
|-sidestart|p1: Frisk Azzy|move: Tailwind
|move|p1a: Bow|Rock Slide|p2a: Mochi|[spread] p2b
|-activate|p2a: Mochi|move: Protect
|-supereffective|p2b: Glitter!|1
|-damage|p2b: Glitter!|41/100
|cant|p2b: Glitter!|flinch
|
|upkeep
|turn|3
|
|t:|1784839274
|switch|p2a: Frisk!|Ninetales-Alola, L50, M|100/100
|-weather|Snowscape|[from] ability: Snow Warning|[of] p2a: Frisk!
|move|p1b: Dr While|Moonblast|p2b: Glitter!
|-supereffective|p2b: Glitter!|1
|-damage|p2b: Glitter!|0 fnt
|faint|p2b: Glitter!
|move|p1a: Bow|Earthquake|p2a: Frisk!|[spread] p1b,p2a
|-resisted|p1b: Dr While|1
|-damage|p1b: Dr While|54/100
|-damage|p2a: Frisk!|63/100
|
|-weather|Snowscape|[upkeep]
|upkeep
|
|t:|1784839287
|switch|p2b: SourPwr|Basculegion, L50, M|100/100
|turn|4
|
|t:|1784839310
|move|p1b: Dr While|Sunny Day|p1b: Dr While
|-weather|SunnyDay
|move|p2b: SourPwr|Aqua Jet|p1a: Bow
|-crit|p1a: Bow
|-damage|p1a: Bow|80/100
|-damage|p2b: SourPwr|87/100|[from] ability: Rough Skin|[of] p1a: Bow
|move|p1a: Bow|Rock Slide|p2b: SourPwr|[spread] p2a,p2b
|-supereffective|p2a: Frisk!|1
|-damage|p2a: Frisk!|8/100
|-damage|p2b: SourPwr|60/100
|cant|p2a: Frisk!|flinch
|
|-weather|SunnyDay|[upkeep]
|upkeep
|turn|5
|c|鈽哃ittleSunLight|wow 3 flinches hahaah
|
|t:|1784839335
|move|p2b: SourPwr|Aqua Jet|p1a: Bow
|-damage|p1a: Bow|66/100
|-damage|p2b: SourPwr|48/100|[from] ability: Rough Skin|[of] p1a: Bow
|move|p1b: Dr While|Moonblast|p2a: Frisk!
|-damage|p2a: Frisk!|0 fnt
|faint|p2a: Frisk!
|move|p1a: Bow|Dragon Claw|p2b: SourPwr
|-damage|p2b: SourPwr|0 fnt
|faint|p2b: SourPwr
|
|-weather|SunnyDay|[upkeep]
|-sideend|p1: Frisk Azzy|move: Tailwind
|upkeep
|
|t:|1784839349
|switch|p2b: Mochi|Sneasler, L50, M|100/100
|turn|6
|
|t:|1784839358
|switch|p1b: Hexcalibern|Aegislash, L50, M|100/100
|move|p2b: Mochi|Dire Claw|p1b: Hexcalibern
|-immune|p1b: Hexcalibern
|move|p1a: Bow|Earthquake|p2b: Mochi|[spread] p1b,p2b
|-supereffective|p1b: Hexcalibern|1
|-supereffective|p2b: Mochi|1
|-damage|p1b: Hexcalibern|32/100
|-damage|p2b: Mochi|0 fnt
|faint|p2b: Mochi
|
|win|Frisk Azzy
|inactive|Frisk Azzy has 30 seconds to confirm battle start!
|inactive|LittleSunLight has 30 seconds to confirm battle start!
|c|鈽哃ittleSunLight|gg!
|c|鈽咶risk Azzy|ggwp
|inactive|Frisk Azzy has 20 seconds to confirm battle start!
|inactive|LittleSunLight has 20 seconds to confirm battle start!
