|j|☆Akram Hamdi
|j|☆VicSaus53
|html|Akram HamdiVicSaus53    
|uhtml|bestof|Game 3 of a best-of-3
|t:|1782641589
|gametype|doubles
|player|p1|Akram Hamdi|bertha|
|player|p2|VicSaus53|giovanni|
|gen|9
|tier|[Gen 9 Champions] VGC 2026 Reg M-B (Bo3)
|rule|Species Clause: Limit one of each Pokémon
|rule|Item Clause: Limit 1 of each item
|clearpoke
|poke|p1|Archaludon, L50, M|
|poke|p1|Pelipper, L50, M|
|poke|p1|Maushold, L50|
|poke|p1|Annihilape, L50, F|
|poke|p1|Sinistcha-Masterpiece, L50|
|poke|p1|Swampert, L50, M|
|poke|p2|Ceruledge, L50, F|
|poke|p2|Kingambit, L50, M|
|poke|p2|Farigiraf, L50, M|
|poke|p2|Falinks, L50|
|poke|p2|Vivillon, L50, F|
|poke|p2|Incineroar, L50, M|
|teampreview|4
|showteam|p1|Archaludon||Magnet|Stamina|ElectroShot,DragonPulse,FlashCannon,Protect|Modest||M|||50|]Pelipper||FocusSash|Drizzle|WeatherBall,Hurricane,Tailwind,Protect|Modest||M|||50|]Maushold||ChopleBerry|FriendGuard|SuperFang,BabyDollEyes,FollowMe,Protect|Timid|||||50|]Annihilape||Leftovers|Defiant|RageFist,DrainPunch,BulkUp,Protect|Adamant||F|||50|]Sinistcha-Masterpiece||ColburBerry|Hospitality|MatchaGotcha,RagePowder,LifeDew,TrickRoom|Relaxed|||||50|]Swampert||Swampertite|Damp|WaveCrash,HighHorsepower,Earthquake,Protect|Adamant||M|||50|
|showteam|p2|Ceruledge||LifeOrb|FlashFire|BitterBlade,ShadowSneak,BulkUp,Protect|Adamant||F|||50|]Kingambit||BlackGlasses|Defiant|KowtowCleave,SuckerPunch,SwordsDance,Protect|Adamant||M|||50|]Farigiraf||ColburBerry|ArmorTail|Psychic,HyperVoice,TrickRoom,Protect|Modest||M|||50|]Falinks||Falinksite|Defiant|CloseCombat,RockSlide,NoRetreat,Protect|Adamant|||||50|]Vivillon||FocusSash|CompoundEyes|Hurricane,SleepPowder,RagePowder,Protect|Timid||F|||50|]Incineroar||SitrusBerry|Intimidate|FlareBlitz,ThroatChop,FakeOut,PartingShot|Impish||M|||50|
|j| YoungMoraNBA
|j| robbie0301
|j| qstnmark
|c| YoungMoraNBA|Ik heb gehoord akram heeft geen saus
|
|t:|1782641659
|teamsize|p1|4
|teamsize|p2|4
|start
|switch|p1a: Swampert|Swampert, L50, M|100/100
|switch|p1b: Pelipper|Pelipper, L50, M|100/100
|switch|p2a: Falinks|Falinks, L50|100/100
|switch|p2b: Vivillon|Vivillon, L50, F|100/100
|-weather|RainDance|[from] ability: Drizzle|[of] p1b: Pelipper
|turn|1
|
|t:|1782641672
|detailschange|p2a: Falinks|Falinks-Mega, L50
|-mega|p2a: Falinks|Falinks|Falinksite
|move|p1a: Swampert|Protect|p1a: Swampert
|-singleturn|p1a: Swampert|Protect
|move|p2b: Vivillon|Sleep Powder|p1b: Pelipper
|-status|p1b: Pelipper|slp|[from] move: Sleep Powder
|move|p2a: Falinks|No Retreat|p2a: Falinks
|-boost|p2a: Falinks|atk|1
|-boost|p2a: Falinks|def|1
|-boost|p2a: Falinks|spa|1
|-boost|p2a: Falinks|spd|1
|-boost|p2a: Falinks|spe|1
|-start|p2a: Falinks|move: No Retreat
|cant|p1b: Pelipper|slp
|
|-weather|RainDance|[upkeep]
|upkeep
|turn|2
|
|t:|1782641688
|detailschange|p1a: Swampert|Swampert-Mega, L50, M
|-mega|p1a: Swampert|Swampert|Swampertite
|move|p1a: Swampert|Wave Crash|p2a: Falinks
|-damage|p2a: Falinks|38/100
|-damage|p1a: Swampert|82/100|[from] Recoil
|move|p2a: Falinks|Rock Slide|p1b: Pelipper|[spread] p1a,p1b
|-resisted|p1a: Swampert|1
|-supereffective|p1b: Pelipper|1
|-damage|p1a: Swampert|70/100
|-damage|p1b: Pelipper|21/100 slp
|move|p2b: Vivillon|Sleep Powder|p1a: Swampert
|-status|p1a: Swampert|slp|[from] move: Sleep Powder
|-curestatus|p1b: Pelipper|slp|[msg]
|move|p1b: Pelipper|Tailwind|p1b: Pelipper
|-sidestart|p1: Akram Hamdi|move: Tailwind
|
|-weather|RainDance|[upkeep]
|upkeep
|turn|3
|
|t:|1782641707
|move|p2b: Vivillon|Rage Powder|p2b: Vivillon
|-singleturn|p2b: Vivillon|move: Rage Powder
|cant|p1a: Swampert|slp
|move|p1b: Pelipper|Hurricane|p2b: Vivillon
|-supereffective|p2b: Vivillon|1
|-enditem|p2b: Vivillon|Focus Sash
|-damage|p2b: Vivillon|1/100
|-start|p2b: Vivillon|confusion
|move|p2a: Falinks|Rock Slide|p1a: Swampert|[spread] p1a,p1b
|-resisted|p1a: Swampert|1
|-supereffective|p1b: Pelipper|1
|-damage|p1a: Swampert|58/100 slp
|-damage|p1b: Pelipper|0 fnt
|faint|p1b: Pelipper
|
|-weather|RainDance|[upkeep]
|upkeep
|
|t:|1782641718
|switch|p1b: Sinistcha|Sinistcha-Masterpiece, L50|100/100
|-heal|p1a: Swampert|82/100 slp|[from] ability: Hospitality|[of] p1b: Sinistcha
|turn|4
|
|t:|1782641724
|switch|p2b: Incineroar|Incineroar, L50, M|100/100
|-ability|p2b: Incineroar|Intimidate|boost
|-unboost|p1a: Swampert|atk|1
|-unboost|p1b: Sinistcha|atk|1
|move|p2a: Falinks|Protect|p2a: Falinks
|-singleturn|p2a: Falinks|Protect
|-curestatus|p1a: Swampert|slp|[msg]
|move|p1a: Swampert|Wave Crash|p2a: Falinks
|-activate|p2a: Falinks|move: Protect
|move|p1b: Sinistcha|Matcha Gotcha|p2b: Incineroar|[spread] 
|-activate|p2a: Falinks|move: Protect
|-miss|p1b: Sinistcha|p2b: Incineroar
|
|-weather|RainDance|[upkeep]
|upkeep
|turn|5
|
|t:|1782641740
|switch|p1a: Annihilape|Annihilape, L50, F|100/100
|move|p2b: Incineroar|Fake Out|p1a: Annihilape
|-immune|p1a: Annihilape
|move|p2a: Falinks|Rock Slide|p1b: Sinistcha|[spread] p1a,p1b
|-resisted|p1a: Annihilape|1
|-damage|p1a: Annihilape|85/100
|-damage|p1b: Sinistcha|74/100
|move|p1b: Sinistcha|Trick Room|p1b: Sinistcha
|-fieldstart|move: Trick Room|[of] p1b: Sinistcha
|
|-weather|none
|-heal|p1a: Annihilape|91/100|[from] item: Leftovers
|-sideend|p1: Akram Hamdi|move: Tailwind
|upkeep
|turn|6
|
|t:|1782641756
|switch|p1b: Swampert|Swampert-Mega, L50, M|82/100
|move|p2b: Incineroar|Flare Blitz|p1b: Swampert
|-resisted|p1b: Swampert|1
|-damage|p1b: Swampert|63/100
|-damage|p2b: Incineroar|93/100|[from] Recoil
|move|p1a: Annihilape|Bulk Up|p1a: Annihilape
|-boost|p1a: Annihilape|atk|1
|-boost|p1a: Annihilape|def|1
|move|p2a: Falinks|Close Combat|p1b: Swampert
|-damage|p1b: Swampert|0 fnt
|-unboost|p2a: Falinks|def|1
|-unboost|p2a: Falinks|spd|1
|faint|p1b: Swampert
|
|-heal|p1a: Annihilape|98/100|[from] item: Leftovers
|upkeep
|
|t:|1782641762
|switch|p1b: Sinistcha|Sinistcha-Masterpiece, L50|74/100
|-heal|p1a: Annihilape|100/100|[from] ability: Hospitality|[of] p1b: Sinistcha
|turn|7
|
|t:|1782641774
|move|p1b: Sinistcha|Life Dew||[still]|[spread] p1a,p1b
|-fail|p1a: Annihilape|heal
|-heal|p1b: Sinistcha|100/100
|move|p2b: Incineroar|Flare Blitz|p1b: Sinistcha
|-supereffective|p1b: Sinistcha|1
|-damage|p1b: Sinistcha|28/100
|-damage|p2b: Incineroar|72/100|[from] Recoil
|move|p1a: Annihilape|Rage Fist|p2a: Falinks
|-damage|p2a: Falinks|0 fnt
|faint|p2a: Falinks
|
|upkeep
|
|t:|1782641790
|switch|p2a: Kingambit|Kingambit, L50, M|100/100
|turn|8
|
|t:|1782641802
|move|p2a: Kingambit|Swords Dance|p2a: Kingambit
|-boost|p2a: Kingambit|atk|2
|move|p1b: Sinistcha|Life Dew||[still]|[spread] p1a,p1b
|-fail|p1a: Annihilape|heal
|-heal|p1b: Sinistcha|53/100
|move|p2b: Incineroar|Flare Blitz|p1b: Sinistcha
|-supereffective|p1b: Sinistcha|1
|-damage|p1b: Sinistcha|0 fnt
|faint|p1b: Sinistcha
|-damage|p2b: Incineroar|57/100|[from] Recoil
|move|p1a: Annihilape|Drain Punch|p2b: Incineroar
|-supereffective|p2b: Incineroar|1
|-damage|p2b: Incineroar|0 fnt
|faint|p2b: Incineroar
|
|upkeep
|
|t:|1782641808
|switch|p2b: Vivillon|Vivillon, L50, F|1/100
|turn|9
|
|t:|1782641814
|move|p2a: Kingambit|Protect|p2a: Kingambit
|-singleturn|p2a: Kingambit|Protect
|move|p2b: Vivillon|Protect|p2b: Vivillon
|-singleturn|p2b: Vivillon|Protect
|move|p1a: Annihilape|Drain Punch|p2a: Kingambit
|-activate|p2a: Kingambit|move: Protect
|
|-fieldend|move: Trick Room
|upkeep
|turn|10
|
|t:|1782641823
|move|p2b: Vivillon|Sleep Powder|p1a: Annihilape
|-status|p1a: Annihilape|slp|[from] move: Sleep Powder
|cant|p1a: Annihilape|slp
|move|p2a: Kingambit|Kowtow Cleave|p1a: Annihilape
|-damage|p1a: Annihilape|23/100 slp
|
|-heal|p1a: Annihilape|29/100 slp|[from] item: Leftovers
|upkeep
|turn|11
|
|t:|1782641832
|move|p2a: Kingambit|Sucker Punch|p1a: Annihilape
|-crit|p1a: Annihilape
|-damage|p1a: Annihilape|0 fnt
|faint|p1a: Annihilape
|
|win|VicSaus53
|c|☆VicSaus53|gg
|l| robbie0301
|l|☆Akram Hamdi
|player|p1|
|l| qstnmark
|j|☆Akram Hamdi
|player|p1|Akram Hamdi|bertha|
|c|☆Akram Hamdi|gg
|l| YoungMoraNBA
|l|☆Akram Hamdi
|player|p1|
