|j|☆Av3z
|j|☆TrevenantHugger
|html|Av3zTrevenantHugger    
|uhtml|bestof|Game 2 of a best-of-3
|t:|1756716678
|gametype|doubles
|player|p1|Av3z|steven|1066
|player|p2|TrevenantHugger|swimmer-gen4dp|1102
|gen|9
|tier|[Gen 9] VGC 2025 Reg H (Bo3)
|rated|
|rule|Species Clause: Limit one of each Pokémon
|rule|Item Clause: Limit 1 of each item
|clearpoke
|poke|p1|Weezing-Galar, L50, F|
|poke|p1|Toedscruel, L50, F|
|poke|p1|Pawmot, L50, F|
|poke|p1|Corviknight, L50, M|
|poke|p1|Typhlosion-Hisui, L50, F|
|poke|p1|Garchomp, L50, M|
|poke|p2|Primarina, L50, F|
|poke|p2|Electabuzz, L50, M|
|poke|p2|Incineroar, L50, M|
|poke|p2|Ursaluna, L50, F|
|poke|p2|Rillaboom, L50, F|
|poke|p2|Ceruledge, L50, M|
|teampreview|4
|showteam|p1|Weezing-Galar||ChoiceSpecs|NeutralizingGas|StrangeSteam,SludgeBomb,DazzlingGleam,Flamethrower|||F|||50|,,,,,Fire]Toedscruel||CovertCloak|MyceliumMight|RagePowder,Spore,EarthPower,AcidSpray|||F|||50|,,,,,Water]Pawmot||FocusSash|NaturalCure|CloseCombat,DoubleShock,Protect,FakeOut|||F|||50|,,,,,Electric]Corviknight||SitrusBerry|MirrorArmor|Roost,Tailwind,BraveBird,Protect|||M|||50|,,,,,Dragon]Typhlosion-Hisui||ChoiceScarf|Blaze|Eruption,HeatWave,ShadowBall,SleepTalk|||F|||50|,,,,,Fire]Garchomp||LifeOrb|RoughSkin|Earthquake,StompingTantrum,DragonClaw,Protect|||M|||50|,,,,,Ground
|showteam|p2|Primarina||Leftovers|LiquidVoice|Protect,HyperVoice,Moonblast,CalmMind|||F|||50|,,,,,Poison]Electabuzz||Eviolite|VitalSpirit|VoltSwitch,Taunt,Electroweb,FollowMe|||M|||50|,,,,,Ghost]Incineroar||SitrusBerry|Intimidate|FakeOut,PartingShot,FlareBlitz,KnockOff|||M|||50|,,,,,Grass]Ursaluna||FlameOrb|Guts|Protect,Facade,HeadlongRush,Earthquake|||F|||50|,,,,,Dark]Rillaboom||AssaultVest|GrassySurge|GrassyGlide,FakeOut,DrumBeating,Uturn|||F|||50|,,,,,Fire]Ceruledge||ClearAmulet|FlashFire|BitterBlade,Protect,ShadowSneak,BulkUp|||M|||50|,,,,,Grass
|inactive|Battle timer is ON: inactive players will automatically lose when time's up. (requested by TrevenantHugger)
|
|t:|1756716702
|teamsize|p1|4
|teamsize|p2|4
|start
|switch|p1a: Paul Heyman|Weezing-Galar, L50, F|100/100
|switch|p1b: Tatum Paxley|Typhlosion-Hisui, L50, F|100/100
|switch|p2a: Rillaboom|Rillaboom, L50, F|100/100
|switch|p2b: Ceruledge|Ceruledge, L50, M|100/100
|-ability|p1a: Paul Heyman|Neutralizing Gas
|turn|1
|inactive|TrevenantHugger has 30 seconds left.
|
|t:|1756716728
|-terastallize|p1b: Tatum Paxley|Fire
|-terastallize|p2a: Rillaboom|Fire
|move|p2b: Ceruledge|Protect|p2b: Ceruledge
|-singleturn|p2b: Ceruledge|Protect
|move|p1b: Tatum Paxley|Eruption|p2b: Ceruledge|[spread] p2a
|-activate|p2b: Ceruledge|move: Protect
|-resisted|p2a: Rillaboom
|-damage|p2a: Rillaboom|78/100
|move|p2a: Rillaboom|Drum Beating|p1b: Tatum Paxley
|-resisted|p1b: Tatum Paxley
|-damage|p1b: Tatum Paxley|73/100
|-unboost|p1b: Tatum Paxley|spe|1
|move|p1a: Paul Heyman|Sludge Bomb|p2b: Ceruledge
|-activate|p2b: Ceruledge|move: Protect
|
|upkeep
|turn|2
|
|t:|1756716746
|move|p1b: Tatum Paxley|Eruption|p2b: Ceruledge|[spread] p2a,p2b
|-resisted|p2a: Rillaboom
|-resisted|p2b: Ceruledge
|-damage|p2a: Rillaboom|62/100
|-damage|p2b: Ceruledge|76/100
|move|p2a: Rillaboom|Drum Beating|p1b: Tatum Paxley
|-resisted|p1b: Tatum Paxley
|-damage|p1b: Tatum Paxley|42/100
|-unboost|p1b: Tatum Paxley|spe|1
|move|p2b: Ceruledge|Bitter Blade|p1a: Paul Heyman
|-damage|p1a: Paul Heyman|63/100
|-heal|p2b: Ceruledge|92/100|[from] drain|[of] p1a: Paul Heyman
|move|p1a: Paul Heyman|Sludge Bomb|p2a: Rillaboom
|-damage|p2a: Rillaboom|24/100
|
|upkeep
|turn|3
|
|t:|1756716763
|move|p1b: Tatum Paxley|Eruption|p2a: Rillaboom|[spread] p2a,p2b
|-resisted|p2a: Rillaboom
|-resisted|p2b: Ceruledge
|-damage|p2a: Rillaboom|15/100
|-damage|p2b: Ceruledge|79/100
|move|p2a: Rillaboom|Grassy Glide|p1a: Paul Heyman
|-resisted|p1a: Paul Heyman
|-damage|p1a: Paul Heyman|50/100
|move|p2b: Ceruledge|Bitter Blade|p1a: Paul Heyman
|-damage|p1a: Paul Heyman|15/100
|-heal|p2b: Ceruledge|93/100|[from] drain|[of] p1a: Paul Heyman
|move|p1a: Paul Heyman|Sludge Bomb|p2a: Rillaboom
|-damage|p2a: Rillaboom|0 fnt
|faint|p2a: Rillaboom
|
|upkeep
|
|t:|1756716778
|switch|p2a: Primarina|Primarina, L50, F|100/100
|turn|4
|
|t:|1756716783
|move|p1b: Tatum Paxley|Eruption|p2a: Primarina|[spread] p2a,p2b
|-resisted|p2a: Primarina
|-resisted|p2b: Ceruledge
|-damage|p2a: Primarina|89/100
|-damage|p2b: Ceruledge|79/100
|move|p2b: Ceruledge|Bulk Up|p2b: Ceruledge
|-boost|p2b: Ceruledge|atk|1
|-boost|p2b: Ceruledge|def|1
|move|p1a: Paul Heyman|Sludge Bomb|p2a: Primarina
|-supereffective|p2a: Primarina
|-damage|p2a: Primarina|0 fnt
|faint|p2a: Primarina
|
|upkeep
|
|t:|1756716794
|switch|p2a: Incineroar|Incineroar, L50, M|100/100
|turn|5
|
|t:|1756716800
|move|p1b: Tatum Paxley|Eruption|p2a: Incineroar|[spread] p2a,p2b
|-resisted|p2a: Incineroar
|-resisted|p2b: Ceruledge
|-damage|p2a: Incineroar|87/100
|-damage|p2b: Ceruledge|66/100
|move|p2b: Ceruledge|Bulk Up|p2b: Ceruledge
|-boost|p2b: Ceruledge|atk|1
|-boost|p2b: Ceruledge|def|1
|move|p1a: Paul Heyman|Sludge Bomb|p2b: Ceruledge
|-resisted|p2b: Ceruledge
|-damage|p2b: Ceruledge|43/100
|-status|p2b: Ceruledge|psn
|move|p2a: Incineroar|Knock Off|p1a: Paul Heyman
|-resisted|p1a: Paul Heyman
|-damage|p1a: Paul Heyman|0 fnt
|-enditem|p1a: Paul Heyman|Choice Specs|[from] move: Knock Off|[of] p2a: Incineroar
|faint|p1a: Paul Heyman
|-end|p1a: Paul Heyman|ability: Neutralizing Gas
|-ability|p2a: Incineroar|Intimidate|boost
|-unboost|p1b: Tatum Paxley|atk|1
|
|-damage|p2b: Ceruledge|31/100 psn|[from] psn
|upkeep
|
|t:|1756716820
|switch|p1a: John Cena|Garchomp, L50, M|100/100
|turn|6
|
|t:|1756716830
|move|p2b: Ceruledge|Protect|p2b: Ceruledge
|-singleturn|p2b: Ceruledge|Protect
|move|p1a: John Cena|Earthquake|p2a: Incineroar|[spread] p1b,p2a
|-activate|p2b: Ceruledge|move: Protect
|-supereffective|p1b: Tatum Paxley
|-supereffective|p2a: Incineroar
|-damage|p1b: Tatum Paxley|0 fnt
|-damage|p2a: Incineroar|13/100
|-enditem|p2a: Incineroar|Sitrus Berry|[eat]
|-heal|p2a: Incineroar|38/100|[from] item: Sitrus Berry
|faint|p1b: Tatum Paxley
|-damage|p1a: John Cena|91/100|[from] item: Life Orb
|move|p2a: Incineroar|Knock Off|p1a: John Cena
|-damage|p1a: John Cena|51/100
|-damage|p2a: Incineroar|26/100|[from] ability: Rough Skin|[of] p1a: John Cena
|-enditem|p1a: John Cena|Life Orb|[from] move: Knock Off|[of] p2a: Incineroar
|
|-damage|p2b: Ceruledge|19/100 psn|[from] psn
|upkeep
|
|t:|1756716846
|switch|p1b: Darby Alin|Corviknight, L50, M|100/100
|turn|7
|
|t:|1756716854
|move|p1b: Darby Alin|Protect|p1b: Darby Alin
|-singleturn|p1b: Darby Alin|Protect
|move|p1a: John Cena|Earthquake|p2b: Ceruledge|[spread] p2a,p2b
|-activate|p1b: Darby Alin|move: Protect
|-supereffective|p2a: Incineroar
|-supereffective|p2b: Ceruledge
|-damage|p2a: Incineroar|0 fnt
|-damage|p2b: Ceruledge|0 fnt
|faint|p2a: Incineroar
|faint|p2b: Ceruledge
|
|win|Av3z
|raw|Av3z's rating: 1066 → 1099(+33 for winning)
|raw|TrevenantHugger's rating: 1102 → 1074(-28 for losing)
|l|☆TrevenantHugger
|player|p2|
