|j|☆3rdPlaceTennis
|j|☆michael skarm
|html|3rdPlaceTennismichael skarm    
|uhtml|bestof|Game 1 of a best-of-3
|t:|1756610216
|gametype|doubles
|player|p1|3rdPlaceTennis|bugcatcher-gen4dp|1127
|player|p2|michael skarm|volkner|1047
|gen|9
|tier|[Gen 9] VGC 2025 Reg H (Bo3)
|rated|
|rule|Species Clause: Limit one of each Pokémon
|rule|Item Clause: Limit 1 of each item
|clearpoke
|poke|p1|Kommo-o, L50, F|
|poke|p1|Gothitelle, L50, M|
|poke|p1|Ninetales-Alola, L50, M|
|poke|p1|Incineroar, L50, M|
|poke|p1|Ursaluna, L50, F|
|poke|p1|Archaludon, L50, M|
|poke|p2|Dondozo, L50, F|
|poke|p2|Tatsugiri, L50, F|
|poke|p2|Annihilape, L50, F|
|poke|p2|Sneasler, L50, M|
|poke|p2|Indeedee, L50, M|
|poke|p2|Dragonite, L50, F|
|teampreview|4
|showteam|p1|Kommo-o||ThroatSpray|Soundproof|ClangingScales,Flamethrower,ClangorousSoul,Protect|||F|||50|,,,,,Fire]Gothitelle||Leftovers|ShadowTag|Protect,Psychic,TrickRoom,FakeOut|||M|||50|,,,,,Water]Ninetales-Alola||FocusSash|SnowWarning|Protect,Encore,Blizzard,IcyWind|||M|||50|,,,,,Ghost]Incineroar||SafetyGoggles|Intimidate|KnockOff,Taunt,FakeOut,PartingShot|||M|||50|,,,,,Ghost]Ursaluna||FlameOrb|Guts|Facade,HeadlongRush,Earthquake,Protect|||F|||50|,,,,,Fairy]Archaludon||PowerHerb|Sturdy|DracoMeteor,ElectroShot,Thunderbolt,Protect|||M|||50|,,,,,Electric
|showteam|p2|Dondozo||Leftovers|Unaware|WaveCrash,OrderUp,Earthquake,Protect|||F|||50|,,,,,Grass]Tatsugiri||LifeOrb|Commander|MuddyWater,IcyWind,SleepTalk,DracoMeteor|||F|||50|,,,,,Ghost]Annihilape||ChoiceScarf|Defiant|FinalGambit,RageFist,CloseCombat,Uturn|||F|||50|,,,,,Water]Sneasler||PsychicSeed|Unburden|DireClaw,CloseCombat,ThroatChop,Protect|||M|||50|,,,,,Dark]Indeedee||FocusSash|PsychicSurge|ExpandingForce,TeraBlast,Imprison,TrickRoom|||M|||50|,,,,,Psychic]Dragonite||LoadedDice|Multiscale|ScaleShot,ExtremeSpeed,Haze,Protect|||F|||50|,,,,,Fairy
|
|t:|1756610307
|teamsize|p1|4
|teamsize|p2|4
|start
|switch|p1a: Incineroar|Incineroar, L50, M|100/100
|switch|p1b: Ninetales|Ninetales-Alola, L50, M|100/100
|switch|p2a: Annihilape|Annihilape, L50, F|100/100
|switch|p2b: Dondozo|Dondozo, L50, F|100/100
|-weather|Snowscape|[from] ability: Snow Warning|[of] p1b: Ninetales
|-ability|p1a: Incineroar|Intimidate|boost
|-unboost|p2a: Annihilape|atk|1
|-ability|p2a: Annihilape|Defiant|boost
|-boost|p2a: Annihilape|atk|2
|-unboost|p2b: Dondozo|atk|1
|turn|1
|
|t:|1756610324
|move|p1a: Incineroar|Fake Out|p2b: Dondozo
|-damage|p2b: Dondozo|92/100
|move|p2a: Annihilape|Close Combat|p1a: Incineroar
|-supereffective|p1a: Incineroar
|-damage|p1a: Incineroar|0 fnt
|-unboost|p2a: Annihilape|def|1
|-unboost|p2a: Annihilape|spd|1
|faint|p1a: Incineroar
|move|p1b: Ninetales|Icy Wind|p2a: Annihilape|[spread] p2a,p2b
|-resisted|p2b: Dondozo
|-crit|p2b: Dondozo
|-damage|p2a: Annihilape|81/100
|-damage|p2b: Dondozo|80/100
|-unboost|p2a: Annihilape|spe|1
|-ability|p2a: Annihilape|Defiant|boost
|-boost|p2a: Annihilape|atk|2
|-unboost|p2b: Dondozo|spe|1
|cant|p2b: Dondozo|flinch
|
|-weather|Snowscape|[upkeep]
|-heal|p2b: Dondozo|86/100|[from] item: Leftovers
|upkeep
|
|t:|1756610337
|switch|p1a: Archaludon|Archaludon, L50, M|100/100
|turn|2
|
|t:|1756610393
|switch|p2b: Indeedee|Indeedee, L50, M|100/100
|-fieldstart|move: Psychic Terrain|[from] ability: Psychic Surge|[of] p2b: Indeedee
|-terastallize|p1a: Archaludon|Electric
|move|p1b: Ninetales|Icy Wind|p2b: Indeedee|[spread] p2a,p2b
|-crit|p2a: Annihilape
|-damage|p2a: Annihilape|47/100
|-damage|p2b: Indeedee|81/100
|-unboost|p2a: Annihilape|spe|1
|-ability|p2a: Annihilape|Defiant|boost
|-boost|p2a: Annihilape|atk|2
|-unboost|p2b: Indeedee|spe|1
|move|p1a: Archaludon|Electro Shot||[still]
|-prepare|p1a: Archaludon|Electro Shot
|-boost|p1a: Archaludon|spa|1
|-enditem|p1a: Archaludon|Power Herb
|-anim|p1a: Archaludon|Electro Shot|p2a: Annihilape
|-damage|p2a: Annihilape|0 fnt
|faint|p2a: Annihilape
|
|-weather|Snowscape|[upkeep]
|upkeep
|
|t:|1756610405
|switch|p2a: Dondozo|Dondozo, L50, F|86/100
|turn|3
|
|t:|1756610432
|switch|p2b: Tatsugiri|Tatsugiri, L50, F|100/100
|-activate|p2b: Tatsugiri|ability: Commander|[of] p2a: Dondozo
|-boost|p2a: Dondozo|atk|2
|-boost|p2a: Dondozo|spa|2
|-boost|p2a: Dondozo|spe|2
|-boost|p2a: Dondozo|def|2
|-boost|p2a: Dondozo|spd|2
|move|p2a: Dondozo|Protect|p2a: Dondozo
|-singleturn|p2a: Dondozo|Protect
|move|p1b: Ninetales|Icy Wind|p2b: Tatsugiri|[spread] 
|-miss|p1b: Ninetales|p2b: Tatsugiri
|-activate|p2a: Dondozo|move: Protect
|move|p1a: Archaludon|Thunderbolt|p2b: Tatsugiri|[miss]
|-miss|p1a: Archaludon|p2b: Tatsugiri
|
|-weather|Snowscape|[upkeep]
|-heal|p2a: Dondozo|93/100|[from] item: Leftovers
|upkeep
|turn|4
|
|t:|1756610450
|-terastallize|p2a: Dondozo|Grass
|move|p1a: Archaludon|Protect|p1a: Archaludon
|-singleturn|p1a: Archaludon|Protect
|move|p1b: Ninetales|Encore|p2a: Dondozo
|-start|p2a: Dondozo|Encore
|move|p2a: Dondozo|Protect||[still]
|-fail|p2a: Dondozo
|
|-weather|Snowscape|[upkeep]
|-heal|p2a: Dondozo|99/100|[from] item: Leftovers
|upkeep
|turn|5
|-message|michael skarm forfeited.
|
|win|3rdPlaceTennis
