|j|☆zephyyyy
|j|☆Theo73
|html|zephyyyyTheo73    
|uhtml|bestof|Game 2 of a best-of-3
|t:|1785240579
|gametype|doubles
|player|p1|zephyyyy|rosa|
|player|p2|Theo73|101|
|gen|9
|tier|[Gen 9 Champions] VGC 2026 Reg M-B (Bo3)
|rule|Species Clause: Limit one of each Pokémon
|rule|Item Clause: Limit 1 of each item
|clearpoke
|poke|p1|Mawile, L50, F|
|poke|p1|Farigiraf, L50, M|
|poke|p1|Conkeldurr, L50, M|
|poke|p1|Primarina, L50, F|
|poke|p1|Sinistcha, L50|
|poke|p1|Torkoal, L50, M|
|poke|p2|Furfrou, L50, M|
|poke|p2|Grimmsnarl, L50, M|
|poke|p2|Volcarona, L50, F|
|poke|p2|Araquanid, L50, M|
|poke|p2|Aggron, L50, M|
|poke|p2|Sneasler, L50, F|
|teampreview|4
|showteam|p1|Mawile||Mawilite|Intimidate|IronHead,PlayRough,SuckerPunch,Protect|Brave||F|||50|]Farigiraf||MentalHerb|ArmorTail|Psychic,Thunderbolt,TrickRoom,Protect|Bold||M|||50|]Conkeldurr||LifeOrb|IronFist|DrainPunch,MachPunch,RockSlide,Detect|Brave||M|||50|]Primarina||Leftovers|LiquidVoice|HyperVoice,Moonblast,IceBeam,Protect|Quiet||F|||50|]Sinistcha||OccaBerry|Hospitality|MatchaGotcha,RagePowder,TrickRoom,LifeDew|Relaxed|||||50|]Torkoal||Charcoal|Drought|Eruption,WeatherBall,EarthPower,Protect|Quiet||M|||50|
|showteam|p2|Furfrou||Leftovers|FurCoat|CottonGuard,Rest,Crunch,LastResort|Careful||M|||50|]Grimmsnarl||LightClay|Prankster|LightScreen,PartingShot,SpiritBreak,FakeOut|Impish||M|||50|]Volcarona||Metronome|FlameBody|FieryDance,QuiverDance,BugBuzz,Protect|Timid||F|||50|]Araquanid||ChartiBerry|WaterBubble|Liquidation,WideGuard,LeechLife,StickyWeb|Impish||M|||50|]Aggron||Aggronite|Sturdy|BodyPress,HeavySlam,Avalanche,Protect|Impish||M|||50|]Sneasler||WhiteHerb|Unburden|FakeOut,CloseCombat,DireClaw,Protect|Jolly||F|||50|
|j| Jblock13
|
|t:|1785240641
|teamsize|p1|4
|teamsize|p2|4
|start
|switch|p1a: Farigiraf|Farigiraf, L50, M|100/100
|switch|p1b: Mawile|Mawile, L50, F|100/100
|switch|p2a: Furfrou|Furfrou, L50, M|100/100
|switch|p2b: Sneasler|Sneasler, L50, F|100/100
|-ability|p1b: Mawile|Intimidate|boost
|-unboost|p2a: Furfrou|atk|1
|-unboost|p2b: Sneasler|atk|1
|-enditem|p2b: Sneasler|White Herb
|-clearnegativeboost|p2b: Sneasler|[silent]
|turn|1
|
|t:|1785240666
|switch|p2a: Araquanid|Araquanid, L50, M|100/100
|detailschange|p1b: Mawile|Mawile-Mega, L50, F
|-mega|p1b: Mawile|Mawile|Mawilite
|move|p2b: Sneasler|Protect|p2b: Sneasler
|-singleturn|p2b: Sneasler|Protect
|move|p1b: Mawile|Protect|p1b: Mawile
|-singleturn|p1b: Mawile|Protect
|move|p1a: Farigiraf|Psychic|p2b: Sneasler
|-activate|p2b: Sneasler|move: Protect
|
|upkeep
|turn|2
|j| ImperialDragonCatC
|
|t:|1785240694
|move|p2a: Araquanid|Wide Guard|p2a: Araquanid
|-singleturn|p2a: Araquanid|Wide Guard
|move|p2b: Sneasler|Close Combat|p1a: Farigiraf
|-damage|p1a: Farigiraf|45/100
|-unboost|p2b: Sneasler|def|1
|-unboost|p2b: Sneasler|spd|1
|move|p1b: Mawile|Play Rough|p2a: Araquanid
|-damage|p2a: Araquanid|24/100
|move|p1a: Farigiraf|Trick Room|p1a: Farigiraf
|-fieldstart|move: Trick Room|[of] p1a: Farigiraf
|
|upkeep
|turn|3
|l| ImperialDragonCatC
|j| ImperialDragonCatC
|
|t:|1785240730
|move|p2a: Araquanid|Liquidation|p1b: Mawile
|-damage|p1b: Mawile|61/100
|move|p1b: Mawile|Play Rough|p2a: Araquanid
|-damage|p2a: Araquanid|0 fnt
|faint|p2a: Araquanid
|move|p1a: Farigiraf|Psychic|p2b: Sneasler
|-supereffective|p2b: Sneasler|2
|-damage|p2b: Sneasler|0 fnt
|faint|p2b: Sneasler
|
|upkeep
|
|t:|1785240740
|switch|p2a: Grimmsnarl|Grimmsnarl, L50, M|100/100
|switch|p2b: Furfrou|Furfrou, L50, M|100/100
|turn|4
|
|t:|1785240757
|move|p2a: Grimmsnarl|Light Screen|p2a: Grimmsnarl
|-sidestart|p2: Theo73|move: Light Screen
|move|p1b: Mawile|Iron Head|p2a: Grimmsnarl
|-supereffective|p2a: Grimmsnarl|1
|-damage|p2a: Grimmsnarl|0 fnt
|faint|p2a: Grimmsnarl
|move|p1a: Farigiraf|Thunderbolt|p2b: Furfrou
|-damage|p2b: Furfrou|83/100
|move|p2b: Furfrou|Crunch|p1a: Farigiraf
|-supereffective|p1a: Farigiraf|1
|-damage|p1a: Farigiraf|18/100
|
|-heal|p2b: Furfrou|89/100|[from] item: Leftovers
|upkeep
|turn|5
|
|t:|1785240784
|switch|p1a: Sinistcha|Sinistcha, L50|100/100
|-heal|p1b: Mawile|86/100|[from] ability: Hospitality|[of] p1a: Sinistcha
|move|p1b: Mawile|Iron Head|p2b: Furfrou
|-damage|p2b: Furfrou|36/100
|move|p2b: Furfrou|Cotton Guard|p2b: Furfrou
|-boost|p2b: Furfrou|def|3
|
|-heal|p2b: Furfrou|43/100|[from] item: Leftovers
|upkeep
|turn|6
|
|t:|1785240797
|move|p1b: Mawile|Iron Head|p2b: Furfrou
|-damage|p2b: Furfrou|24/100
|move|p1a: Sinistcha|Matcha Gotcha|p2b: Furfrou
|-damage|p2b: Furfrou|5/100
|move|p2b: Furfrou|Crunch|p1a: Sinistcha
|-supereffective|p1a: Sinistcha|1
|-damage|p1a: Sinistcha|75/100
|
|-heal|p2b: Furfrou|11/100|[from] item: Leftovers
|-fieldend|move: Trick Room
|upkeep
|turn|7
|
|t:|1785240824
|move|p2b: Furfrou|Rest|p2b: Furfrou
|-status|p2b: Furfrou|slp|[from] move: Rest
|-heal|p2b: Furfrou|100/100 slp|[silent]
|move|p1b: Mawile|Iron Head|p2b: Furfrou
|-damage|p2b: Furfrou|78/100 slp
|move|p1a: Sinistcha|Trick Room|p1a: Sinistcha
|-fieldstart|move: Trick Room|[of] p1a: Sinistcha
|
|-heal|p2b: Furfrou|85/100 slp|[from] item: Leftovers
|upkeep
|turn|8
|
|t:|1785240840
|move|p1b: Mawile|Iron Head|p2b: Furfrou
|-damage|p2b: Furfrou|64/100 slp
|move|p1a: Sinistcha|Matcha Gotcha|p2b: Furfrou
|-damage|p2b: Furfrou|44/100 slp
|-heal|p1a: Sinistcha|85/100|[from] drain|[of] p2b: Furfrou
|cant|p2b: Furfrou|slp
|
|-heal|p2b: Furfrou|50/100g slp|[from] item: Leftovers
|upkeep
|turn|9
|
|t:|1785240855
|move|p1b: Mawile|Iron Head|p2b: Furfrou
|-damage|p2b: Furfrou|31/100 slp
|move|p1a: Sinistcha|Matcha Gotcha|p2b: Furfrou|[miss]
|-miss|p1a: Sinistcha|p2b: Furfrou
|cant|p2b: Furfrou|slp
|
|-heal|p2b: Furfrou|37/100 slp|[from] item: Leftovers
|upkeep
|turn|10
|
|t:|1785240866
|move|p1b: Mawile|Iron Head|p2b: Furfrou
|-damage|p2b: Furfrou|18/100 slp
|move|p1a: Sinistcha|Matcha Gotcha|p2b: Furfrou|[miss]
|-miss|p1a: Sinistcha|p2b: Furfrou
|-curestatus|p2b: Furfrou|slp|[msg]
|cant|p2b: Furfrou|flinch
|
|-heal|p2b: Furfrou|24/100|[from] item: Leftovers
|upkeep
|turn|11
|
|t:|1785240878
|move|p1b: Mawile|Iron Head|p2b: Furfrou
|-damage|p2b: Furfrou|3/100
|move|p1a: Sinistcha|Matcha Gotcha|p2b: Furfrou
|-damage|p2b: Furfrou|0 fnt
|-heal|p1a: Sinistcha|87/100|[from] drain|[of] p2b: Furfrou
|faint|p2b: Furfrou
|
|win|zephyyyy
|l|☆Theo73
|player|p2|
|l|☆zephyyyy
|player|p1|
