|j|☆rodjilius
|j|☆wweewwzz
|html|rodjiliuswweewwzz    
|uhtml|bestof|Game 2 of a best-of-3
|t:|1756411475
|gametype|doubles
|player|p1|rodjilius|unknown|1394
|player|p2|wweewwzz|pokekid|1374
|gen|9
|tier|[Gen 9] VGC 2025 Reg H (Bo3)
|rated|
|rule|Species Clause: Limit one of each Pokémon
|rule|Item Clause: Limit 1 of each item
|clearpoke
|poke|p1|Dragapult, L50, F|
|poke|p1|Sneasler, L50, M|
|poke|p1|Indeedee, L50, M|
|poke|p1|Incineroar, L50, M|
|poke|p1|Typhlosion-Hisui, L50, F|
|poke|p1|Whimsicott, L50, F|
|poke|p2|Gholdengo, L50|
|poke|p2|Incineroar, L50, F|
|poke|p2|Ursaluna, L50, M|
|poke|p2|Sinistcha, L50|
|poke|p2|Sneasler, L50, M|
|poke|p2|Dragonite, L50, F|
|teampreview|4
|showteam|p1|Dragapult||ChoiceBand|ClearBody|DragonDarts,PhantomForce,Uturn,Outrage|||F|||50|,,,,,Dragon]Sneasler||PsychicSeed|Unburden|DireClaw,CloseCombat,Protect,ThroatChop|||M|||50|,,,,,Dark]Indeedee||FocusSash|PsychicSurge|ExpandingForce,Imprison,TeraBlast,TrickRoom|||M|||50|,,,,,Fighting]Incineroar||SafetyGoggles|Intimidate|FakeOut,FlareBlitz,KnockOff,PartingShot|||M|||50|,,,,,Bug]Typhlosion-Hisui||ChoiceSpecs|Blaze|Eruption,HeatWave,ShadowBall,Overheat|||F|||50|,,,,,Fire]Whimsicott||CovertCloak|Prankster|Moonblast,Protect,Tailwind,SunnyDay|||F|||50|,,,,,Steel
|showteam|p2|Gholdengo||LifeOrb|GoodasGold|MakeItRain,ShadowBall,NastyPlot,Protect||||||50|,,,,,Water]Incineroar||AssaultVest|Intimidate|FakeOut,Uturn,KnockOff,FlareBlitz|||F|||50|,,,,,Ghost]Ursaluna||FlameOrb|Guts|Earthquake,Facade,HeadlongRush,Protect|||M|||50|,,,,,Ghost]Sinistcha||SitrusBerry|Hospitality|MatchaGotcha,LifeDew,RagePowder,TrickRoom||||||50|,,,,,Dark]Sneasler||FocusSash|PoisonTouch|DireClaw,CloseCombat,Coaching,Protect|||M|||50|,,,,,Flying]Dragonite||LoadedDice|Multiscale|ScaleShot,Haze,Tailwind,Protect|||F|||50|,,,,,Fairy
|inactive|Battle timer is ON: inactive players will automatically lose when time's up. (requested by rodjilius)
|inactive|wweewwzz also wants the timer to be on.
|inactive|wweewwzz has 60 seconds left.
|
|t:|1756411517
|teamsize|p1|4
|teamsize|p2|4
|start
|switch|p1a: Dragapult|Dragapult, L50, F|100/100
|switch|p1b: Indeedee|Indeedee, L50, M|100/100
|switch|p2a: Sinistcha|Sinistcha, L50|100/100
|switch|p2b: Incineroar|Incineroar, L50, F|100/100
|-fieldstart|move: Psychic Terrain|[from] ability: Psychic Surge|[of] p1b: Indeedee
|-ability|p2b: Incineroar|Intimidate|boost
|-fail|p1a: Dragapult|unboost|[from] ability: Clear Body|[of] p1a: Dragapult
|-unboost|p1b: Indeedee|atk|1
|turn|1
|
|t:|1756411531
|-terastallize|p1a: Dragapult|Dragon
|move|p1a: Dragapult|Outrage|p2a: Sinistcha
|-damage|p2a: Sinistcha|0 fnt
|faint|p2a: Sinistcha
|move|p1b: Indeedee|Imprison|p1b: Indeedee
|-start|p1b: Indeedee|move: Imprison
|move|p2b: Incineroar|Knock Off|p1b: Indeedee
|-supereffective|p1b: Indeedee
|-enditem|p1b: Indeedee|Focus Sash
|-damage|p1b: Indeedee|1/100
|
|upkeep
|
|t:|1756411537
|switch|p2a: Gholdengo|Gholdengo, L50, shiny|100/100
|turn|2
|
|t:|1756411547
|switch|p1b: Incineroar|Incineroar, L50, M|100/100
|-ability|p1b: Incineroar|Intimidate|boost
|-unboost|p2a: Gholdengo|atk|1
|-unboost|p2b: Incineroar|atk|1
|move|p1a: Dragapult|Outrage|p2a: Gholdengo|[from] lockedmove
|-resisted|p2a: Gholdengo
|-damage|p2a: Gholdengo|36/100
|move|p2a: Gholdengo|Shadow Ball|p1a: Dragapult
|-damage|p1a: Dragapult|34/100
|-damage|p2a: Gholdengo|27/100|[from] item: Life Orb
|move|p2b: Incineroar|U-turn|p1b: Incineroar
|-damage|p1b: Incineroar|86/100
|
|t:|1756411550
|switch|p2b: Ursaluna|Ursaluna, L50, M, shiny|100/100|[from] U-turn
|
|-status|p2b: Ursaluna|brn|[from] item: Flame Orb
|upkeep
|turn|3
|inactive|rodjilius has 30 seconds left.
|
|t:|1756411577
|switch|p2a: Incineroar|Incineroar, L50, F|100/100
|-ability|p2a: Incineroar|Intimidate|boost
|-fail|p1a: Dragapult|unboost|[from] ability: Clear Body|[of] p1a: Dragapult
|-unboost|p1b: Incineroar|atk|1
|move|p1a: Dragapult|Outrage|p2b: Ursaluna|[from] lockedmove
|-damage|p2b: Ursaluna|0 fnt
|faint|p2b: Ursaluna
|-start|p1a: Dragapult|confusion|[fatigue]
|move|p1b: Incineroar|Flare Blitz|p2a: Incineroar
|-resisted|p2a: Incineroar
|-damage|p2a: Incineroar|87/100
|-damage|p1b: Incineroar|82/100|[from] Recoil
|
|upkeep
|
|t:|1756411585
|switch|p2b: Gholdengo|Gholdengo, L50, shiny|27/100
|turn|4
|
|t:|1756411598
|switch|p1a: Indeedee|Indeedee, L50, M|1/100
|move|p2b: Gholdengo|Make It Rain|p1b: Incineroar|[spread] p1a,p1b
|-crit|p1a: Indeedee
|-resisted|p1b: Incineroar
|-damage|p1a: Indeedee|0 fnt
|-damage|p1b: Incineroar|56/100
|-unboost|p2b: Gholdengo|spa|1
|faint|p1a: Indeedee
|-damage|p2b: Gholdengo|17/100|[from] item: Life Orb
|move|p1b: Incineroar|Knock Off|p2b: Gholdengo
|-supereffective|p2b: Gholdengo
|-damage|p2b: Gholdengo|0 fnt
|-enditem|p2b: Gholdengo|Life Orb|[from] move: Knock Off|[of] p1b: Incineroar
|faint|p2b: Gholdengo
|move|p2a: Incineroar|Flare Blitz|p1b: Incineroar
|-resisted|p1b: Incineroar
|-damage|p1b: Incineroar|29/100
|-damage|p2a: Incineroar|78/100|[from] Recoil
|
|upkeep
|
|t:|1756411615
|switch|p1a: Dragapult|Dragapult, L50, F, tera:Dragon|34/100
|turn|5
|
|t:|1756411621
|move|p1a: Dragapult|Outrage|p2a: Incineroar
|-damage|p2a: Incineroar|0 fnt
|faint|p2a: Incineroar
|
|win|rodjilius
|raw|rodjilius's rating: 1394 → 1413(+19 for winning)
|raw|wweewwzz's rating: 1374 → 1355(-19 for losing)
|c|☆rodjilius|Gg
|l|☆rodjilius
|player|p1|
|j|☆rodjilius
|player|p1|rodjilius|unknown|
