|j|☆Mclovingods
|j|☆harpdog
|html|Mclovingodsharpdog    
|uhtml|bestof|Game 2 of a best-of-3
|t:|1782255321
|gametype|doubles
|player|p1|Mclovingods|102|1128
|player|p2|harpdog|2|1232
|gen|9
|tier|[Gen 9 Champions] VGC 2026 Reg M-B (Bo3)
|rated|
|rule|Species Clause: Limit one of each Pokémon
|rule|Item Clause: Limit 1 of each item
|clearpoke
|poke|p1|Delphox, L50, M|
|poke|p1|Basculegion, L50, M|
|poke|p1|Sinistcha, L50|
|poke|p1|Incineroar, L50, M|
|poke|p1|Garchomp, L50, F|
|poke|p1|Staraptor, L50, F|
|poke|p2|Raichu, L50, M|
|poke|p2|Pelipper, L50, M|
|poke|p2|Swampert, L50, M|
|poke|p2|Overqwil, L50, F|
|poke|p2|Corviknight, L50, F|
|poke|p2|Kangaskhan, L50, F|
|teampreview|4
|showteam|p1|Delphox||Delphoxite|Blaze|NastyPlot,HeatWave,Psychic,Protect|Timid||M|||50|]Basculegion||MysticWater|Adaptability|WaveCrash,AquaJet,LastRespects,Protect|Jolly||M|||50|]Sinistcha||KasibBerry|Hospitality|MatchaGotcha,RagePowder,Protect,TrickRoom|Calm|||||50|]Incineroar||SitrusBerry|Intimidate|FakeOut,PartingShot,FlareBlitz,DarkestLariat|Careful||M|||50|]Garchomp||LifeOrb|RoughSkin|Earthquake,DragonClaw,RockSlide,Protect|Jolly||F|||50|]Staraptor||Staraptite|Intimidate|CloseCombat,BraveBird,Protect,Uturn|Jolly||F|||50|
|showteam|p2|Raichu||RaichuniteY|LightningRod|FakeOut,FocusBlast,ZapCannon,Protect|Timid||M|||50|]Pelipper||FocusSash|Drizzle|WeatherBall,Hurricane,WideGuard,Protect|Timid||M|||50|]Swampert||Swampertite|Torrent|WaveCrash,Earthquake,HighHorsepower,Protect|Adamant||M|||50|]Overqwil||ShucaBerry|Intimidate|BarbBarrage,ThroatChop,ToxicSpikes,AquaJet|Careful||F|||50|]Corviknight||Leftovers|MirrorArmor|BodyPress,IronDefense,Tailwind,Protect|Careful||F|||50|]Kangaskhan||SilkScarf|Scrappy|FakeOut,LastResort|Adamant||F|||50|
|
|t:|1782255329
|teamsize|p1|4
|teamsize|p2|4
|start
|switch|p1a: Staraptor|Staraptor, L50, F|100/100
|switch|p1b: Sinistcha|Sinistcha, L50|100/100
|switch|p2a: Raichu|Raichu, L50, M|100/100
|switch|p2b: Corviknight|Corviknight, L50, F|100/100
|-ability|p1a: Staraptor|Intimidate|boost
|-unboost|p2a: Raichu|atk|1
|-ability|p2b: Corviknight|Mirror Armor
|-unboost|p1a: Staraptor|atk|1
|turn|1
|
|t:|1782255356
|switch|p1a: Incineroar|Incineroar, L50, M|100/100
|-ability|p1a: Incineroar|Intimidate|boost
|-unboost|p2a: Raichu|atk|1
|-ability|p2b: Corviknight|Mirror Armor
|-unboost|p1a: Incineroar|atk|1
|switch|p2b: Kangaskhan|Kangaskhan, L50, F|100/100
|detailschange|p2a: Raichu|Raichu-Mega-Y, L50, M
|-mega|p2a: Raichu|Raichu|Raichunite Y
|move|p2a: Raichu|Protect|p2a: Raichu
|-singleturn|p2a: Raichu|Protect
|move|p1b: Sinistcha|Matcha Gotcha|p2b: Kangaskhan|[spread] p2b
|-activate|p2a: Raichu|move: Protect
|-damage|p2b: Kangaskhan|70/100
|
|upkeep
|turn|2
|
|t:|1782255374
|move|p2b: Kangaskhan|Fake Out|p1a: Incineroar
|-damage|p1a: Incineroar|78/100
|cant|p1a: Incineroar|flinch
|move|p2a: Raichu|Zap Cannon|p1b: Sinistcha
|-resisted|p1b: Sinistcha|1
|-damage|p1b: Sinistcha|64/100
|-status|p1b: Sinistcha|par
|move|p1b: Sinistcha|Matcha Gotcha|p2b: Kangaskhan|[spread] p2a,p2b
|-damage|p2a: Raichu|57/100
|-heal|p1b: Sinistcha|81/100 par|[from] drain|[of] p2a: Raichu
|-damage|p2b: Kangaskhan|39/100
|-heal|p1b: Sinistcha|98/100 par|[from] drain|[of] p2b: Kangaskhan
|
|upkeep
|turn|3
|
|t:|1782255392
|cant|p1b: Sinistcha|par
|move|p2a: Raichu|Zap Cannon|p1b: Sinistcha
|-resisted|p1b: Sinistcha|1
|-damage|p1b: Sinistcha|64/100 par
|move|p2b: Kangaskhan|Last Resort|p1b: Sinistcha
|-damage|p1b: Sinistcha|0 fnt
|faint|p1b: Sinistcha
|move|p1a: Incineroar|Parting Shot|p2b: Kangaskhan
|-unboost|p2b: Kangaskhan|atk|1
|-unboost|p2b: Kangaskhan|spa|1
|
|t:|1782255398
|switch|p1a: Staraptor|Staraptor, L50, F|100/100|[from] Parting Shot
|-ability|p1a: Staraptor|Intimidate|boost
|-unboost|p2a: Raichu|atk|1
|-fail|p2b: Kangaskhan|unboost|Attack|[from] ability: Scrappy|[of] p2b: Kangaskhan
|
|upkeep
|
|t:|1782255401
|switch|p1b: Incineroar|Incineroar, L50, M|78/100
|-ability|p1b: Incineroar|Intimidate|boost
|-unboost|p2a: Raichu|atk|1
|-fail|p2b: Kangaskhan|unboost|Attack|[from] ability: Scrappy|[of] p2b: Kangaskhan
|turn|4
|
|t:|1782255415
|detailschange|p1a: Staraptor|Staraptor-Mega, L50, F
|-mega|p1a: Staraptor|Staraptor|Staraptite
|move|p2a: Raichu|Protect|p2a: Raichu
|-singleturn|p2a: Raichu|Protect
|move|p1b: Incineroar|Fake Out|p2a: Raichu
|-activate|p2a: Raichu|move: Protect
|move|p1a: Staraptor|Close Combat|p2b: Kangaskhan
|-supereffective|p2b: Kangaskhan|1
|-damage|p2b: Kangaskhan|0 fnt
|-boost|p1a: Staraptor|def|1
|-boost|p1a: Staraptor|spd|1
|faint|p2b: Kangaskhan
|
|upkeep
|
|t:|1782255429
|switch|p2b: Corviknight|Corviknight, L50, F|100/100
|turn|5
|
|t:|1782255448
|switch|p2a: Overqwil|Overqwil, L50, F|100/100
|-ability|p2a: Overqwil|Intimidate|boost
|-boost|p1a: Staraptor|atk|1
|-unboost|p1b: Incineroar|atk|1
|move|p1a: Staraptor|Protect|p1a: Staraptor
|-singleturn|p1a: Staraptor|Protect
|move|p2b: Corviknight|Iron Defense|p2b: Corviknight
|-boost|p2b: Corviknight|def|2
|move|p1b: Incineroar|Parting Shot|p2a: Overqwil
|-unboost|p2a: Overqwil|atk|1
|-unboost|p2a: Overqwil|spa|1
|
|t:|1782255455
|switch|p1b: Basculegion|Basculegion, L50, M|100/100|[from] Parting Shot
|
|upkeep
|turn|6
|
|t:|1782255477
|move|p1a: Staraptor|Close Combat|p2b: Corviknight
|-damage|p2b: Corviknight|61/100
|-boost|p1a: Staraptor|def|1
|-boost|p1a: Staraptor|spd|1
|move|p1b: Basculegion|Wave Crash|p2a: Overqwil
|-damage|p2a: Overqwil|9/100
|-damage|p1b: Basculegion|70/100|[from] Recoil
|move|p2a: Overqwil|Throat Chop|p1b: Basculegion
|-supereffective|p1b: Basculegion|1
|-damage|p1b: Basculegion|9/100
|-start|p1b: Basculegion|Throat Chop|[silent]
|move|p2b: Corviknight|Iron Defense|p2b: Corviknight
|-boost|p2b: Corviknight|def|2
|
|-heal|p2b: Corviknight|67/100|[from] item: Leftovers
|upkeep
|turn|7
|
|t:|1782255494
|move|p1b: Basculegion|Aqua Jet|p2a: Overqwil
|-damage|p2a: Overqwil|0 fnt
|faint|p2a: Overqwil
|move|p1a: Staraptor|Close Combat|p2b: Corviknight
|-damage|p2b: Corviknight|43/100
|-boost|p1a: Staraptor|def|1
|-boost|p1a: Staraptor|spd|1
|move|p2b: Corviknight|Iron Defense|p2b: Corviknight
|-boost|p2b: Corviknight|def|2
|
|-heal|p2b: Corviknight|49/100|[from] item: Leftovers
|-end|p1b: Basculegion|Throat Chop|[silent]
|upkeep
|
|t:|1782255497
|switch|p2a: Raichu|Raichu-Mega-Y, L50, M|57/100
|turn|8
|
|t:|1782255524
|move|p2a: Raichu|Protect|p2a: Raichu
|-singleturn|p2a: Raichu|Protect
|move|p1a: Staraptor|Protect|p1a: Staraptor
|-singleturn|p1a: Staraptor|Protect
|move|p1b: Basculegion|Aqua Jet|p2a: Raichu
|-activate|p2a: Raichu|move: Protect
|move|p2b: Corviknight|Body Press|p1a: Staraptor
|-activate|p1a: Staraptor|move: Protect
|
|-heal|p2b: Corviknight|55/100|[from] item: Leftovers
|upkeep
|turn|9
|
|t:|1782255555
|move|p1b: Basculegion|Aqua Jet|p2a: Raichu
|-damage|p2a: Raichu|0 fnt
|faint|p2a: Raichu
|move|p1a: Staraptor|Close Combat|p2b: Corviknight
|-crit|p2b: Corviknight
|-damage|p2b: Corviknight|0 fnt
|-boost|p1a: Staraptor|def|1
|-boost|p1a: Staraptor|spd|1
|faint|p2b: Corviknight
|
|win|Mclovingods
||Mclovingods is ready for game 3.
||harpdog is ready for game 3.
|uhtml|next|Next: Game 3 of 3
|l|☆harpdog
|player|p2|
