|j|☆MackleMorelull
|j|☆joey
|html|MackleMorelulljoey    
|uhtml|bestof|Game 2 of a best-of-3
|t:|1784404299
|gametype|doubles
|player|p1|MackleMorelull|worker|
|player|p2|joey|#gcplgrapes|
|gen|9
|tier|[Gen 9 Champions] VGC 2026 Reg M-B (Bo3)
|rule|Species Clause: Limit one of each Pokémon
|rule|Item Clause: Limit 1 of each item
|clearpoke
|poke|p1|Sinistcha, L50|
|poke|p1|Klefki, L50, M|
|poke|p1|Azumarill, L50, M|
|poke|p1|Drampa, L50, M|
|poke|p1|Aerodactyl, L50, M|
|poke|p1|Conkeldurr, L50, M|
|poke|p2|Charizard, L50, M|
|poke|p2|Maushold, L50|
|poke|p2|Annihilape, L50, F|
|poke|p2|Simipour, L50, M, shiny|
|poke|p2|Venusaur, L50, M|
|poke|p2|Skarmory, L50, M|
|teampreview|4
|showteam|p1|Sinistcha||SitrusBerry|Hospitality|LifeDew,RagePowder,MatchaGotcha,TrickRoom|Relaxed|||||50|]Klefki||MentalHerb|Prankster|TrickRoom,LightScreen,DrainingKiss,Reflect|Relaxed||M|||50|]Azumarill||ExpertBelt|HugePower|Liquidation,AquaJet,PlayRough,Protect|Adamant||M|||50|]Drampa||Drampanite|CloudNine|DragonPulse,HyperVoice,Protect,EarthPower|Modest||M|||50|]Aerodactyl||Aerodactylite|Unnerve|RockSlide,DualWingbeat,PsychicFangs,WideGuard|Jolly||M|||50|]Conkeldurr||LifeOrb|IronFist|HammerArm,DrainPunch,RockSlide,KnockOff|Adamant||M|||50|
|showteam|p2|Charizard||CharizarditeY|Blaze|HeatWave,WeatherBall,SolarBeam,Protect|Timid||M|||50|]Maushold||WideLens|FriendGuard|BeatUp,PopulationBomb,FollowMe,Protect|Jolly|||||50|]Annihilape||RoseliBerry|Defiant|RageFist,DrainPunch,BulkUp,Protect|Adamant||F|||50|]Simipour||FocusSash|Torrent|FakeOut,Scald,IcyWind,Protect|Timid||M|||50|]Venusaur||LifeOrb|Chlorophyll|SludgeBomb,GigaDrain,EarthPower,Protect|Modest||M|||50|]Skarmory||Skarmorite|KeenEye|IronHead,BraveBird,SwordsDance,Protect|Jolly||M|||50|
|inactive|Battle timer is ON: inactive players will automatically lose when time's up. (requested by joey)
|inactiveoff|Battle timer is now OFF.
|
|t:|1784404332
|teamsize|p1|4
|teamsize|p2|4
|start
|switch|p1a: Great Great Grampa|Aerodactyl, L50, M|100/100
|switch|p1b: Peepaw|Drampa, L50, M|100/100
|switch|p2a: Rizz God|Charizard, L50, M|100/100
|switch|p2b: Vileplumе|Venusaur, L50, M|100/100
|-ability|p1a: Great Great Grampa|Unnerve
|-ability|p1b: Peepaw|Cloud Nine
|turn|1
|
|t:|1784404364
|detailschange|p1a: Great Great Grampa|Aerodactyl-Mega, L50, M
|-mega|p1a: Great Great Grampa|Aerodactyl|Aerodactylite
|detailschange|p2a: Rizz God|Charizard-Mega-Y, L50, M
|-mega|p2a: Rizz God|Charizard|Charizardite Y
|-weather|SunnyDay|[from] ability: Drought|[of] p2a: Rizz God
|move|p2a: Rizz God|Protect|p2a: Rizz God
|-singleturn|p2a: Rizz God|Protect
|move|p1a: Great Great Grampa|Rock Slide|p2a: Rizz God|[spread] p2b
|-activate|p2a: Rizz God|move: Protect
|-damage|p2b: Vileplumе|59/100
|move|p2b: Vileplumе|Giga Drain|p1a: Great Great Grampa
|-damage|p1a: Great Great Grampa|47/100
|-heal|p2b: Vileplumе|85/100|[from] drain|[of] p1a: Great Great Grampa
|-damage|p2b: Vileplumе|76/100|[from] item: Life Orb
|move|p1b: Peepaw|Earth Power|p2b: Vileplumе
|-damage|p2b: Vileplumе|36/100
|-unboost|p2b: Vileplumе|spd|1
|
|-weather|SunnyDay|[upkeep]
|upkeep
|turn|2
|
|t:|1784404421
|switch|p2a: Determinate|Annihilape, L50, F|100/100
|move|p1a: Great Great Grampa|Dual Wingbeat|p2b: Vileplumе
|-supereffective|p2b: Vileplumе|1
|-damage|p2b: Vileplumе|0 fnt
|faint|p2b: Vileplumе
|-hitcount|p2: Vileplumе|1
|move|p1b: Peepaw|Hyper Voice|p2a: Determinate
|-immune|p2a: Determinate
|
|-weather|SunnyDay|[upkeep]
|upkeep
|
|t:|1784404431
|switch|p2b: Incineroаr|Simipour, L50, M, shiny|100/100
|turn|3
|
|t:|1784404450
|switch|p1b: The Drank|Sinistcha, L50|100/100
|-heal|p1a: Great Great Grampa|72/100|[from] ability: Hospitality|[of] p1b: The Drank
|move|p2b: Incineroаr|Fake Out|p1a: Great Great Grampa
|-resisted|p1a: Great Great Grampa|1
|-damage|p1a: Great Great Grampa|67/100
|cant|p1a: Great Great Grampa|flinch
|move|p2a: Determinate|Bulk Up|p2a: Determinate
|-boost|p2a: Determinate|atk|1
|-boost|p2a: Determinate|def|1
|
|-weather|SunnyDay|[upkeep]
|upkeep
|turn|4
|
|t:|1784404476
|move|p1a: Great Great Grampa|Dual Wingbeat|p2a: Determinate
|-supereffective|p2a: Determinate|1
|-damage|p2a: Determinate|60/100
|-supereffective|p2a: Determinate|1
|-damage|p2a: Determinate|20/100y
|-hitcount|p2a: Determinate|2
|move|p2b: Incineroаr|Icy Wind|p1a: Great Great Grampa|[spread] p1a,p1b
|-supereffective|p1a: Great Great Grampa|1
|-supereffective|p1b: The Drank|1
|-damage|p1a: Great Great Grampa|40/100
|-damage|p1b: The Drank|76/100
|-unboost|p1a: Great Great Grampa|spe|1
|-unboost|p1b: The Drank|spe|1
|move|p2a: Determinate|Drain Punch|p1a: Great Great Grampa
|-damage|p1a: Great Great Grampa|0 fnt
|-heal|p2a: Determinate|35/100|[from] drain|[of] p1a: Great Great Grampa
|faint|p1a: Great Great Grampa
|move|p1b: The Drank|Matcha Gotcha|p2b: Incineroаr|[spread] p2b
|-miss|p1b: The Drank|p2a: Determinate
|-supereffective|p2b: Incineroаr|1
|-damage|p2b: Incineroаr|30/100
|-heal|p1b: The Drank|100/100|[from] drain|[of] p2b: Incineroаr
|
|-weather|SunnyDay|[upkeep]
|upkeep
|
|t:|1784404494
|switch|p1a: The Woker|Azumarill, L50, M|100/100
|turn|5
|
|t:|1784404514
|move|p1b: The Drank|Rage Powder|p1b: The Drank
|-singleturn|p1b: The Drank|move: Rage Powder
|move|p2b: Incineroаr|Icy Wind|p1b: The Drank|[spread] p1a,p1b
|-resisted|p1a: The Woker|1
|-supereffective|p1b: The Drank|1
|-damage|p1a: The Woker|95/100
|-damage|p1b: The Drank|73/100
|-unboost|p1a: The Woker|spe|1
|-unboost|p1b: The Drank|spe|1
|move|p2a: Determinate|Rage Fist|p1b: The Drank
|-supereffective|p1b: The Drank|1
|-damage|p1b: The Drank|0 fnt
|faint|p1b: The Drank
|move|p1a: The Woker|Play Rough|p2a: Determinate
|-supereffective|p2a: Determinate|1
|-enditem|p2a: Determinate|Roseli Berry|[eat]
|-enditem|p2a: Determinate|Roseli Berry|[weaken]
|-damage|p2a: Determinate|0 fnt
|faint|p2a: Determinate
|
|-weather|none
|upkeep
|
|t:|1784404530
|switch|p2a: Rizz God|Charizard-Mega-Y, L50, M|100/100
|switch|p1b: Peepaw|Drampa, L50, M|100/100
|-weather|SunnyDay|[from] ability: Drought|[of] p2a: Rizz God
|-ability|p1b: Peepaw|Cloud Nine
|turn|6
|
|t:|1784404580
|move|p1a: The Woker|Aqua Jet|p2a: Rizz God
|-supereffective|p2a: Rizz God|1
|-damage|p2a: Rizz God|2/100
|move|p2b: Incineroаr|Icy Wind|p1b: Peepaw|[spread] p1a,p1b
|-resisted|p1a: The Woker|1
|-supereffective|p1b: Peepaw|1
|-damage|p1a: The Woker|90/100
|-damage|p1b: Peepaw|78/100
|-unboost|p1a: The Woker|spe|1
|-unboost|p1b: Peepaw|spe|1
|move|p2a: Rizz God|Heat Wave|p1b: Peepaw|[spread] p1a,p1b
|-resisted|p1a: The Woker|1
|-resisted|p1b: Peepaw|1
|-damage|p1a: The Woker|68/100
|-damage|p1b: Peepaw|54/100
|move|p1b: Peepaw|Hyper Voice|p2a: Rizz God|[spread] p2a,p2b
|-damage|p2a: Rizz God|0 fnt
|-damage|p2b: Incineroаr|0 fnt
|faint|p2a: Rizz God
|faint|p2b: Incineroаr
|
|win|MackleMorelull
|c|☆joey|gg
