|j|‽jacobeiro
|j|☆Diogada
|html|jacobeiroDiogada    
|uhtml|bestof|Game 1 of a best-of-3
|t:|1785515727
|gametype|doubles
|player|p1|jacobeiro|1|1117
|player|p2|Diogada|2|1000
|gen|9
|tier|[Gen 9 Champions] VGC 2026 Reg M-B (Bo3)
|rated|
|rule|Species Clause: Limit one of each Pokémon
|rule|Item Clause: Limit 1 of each item
|clearpoke
|poke|p1|Incineroar, L50, M|
|poke|p1|Sneasler, L50, M|
|poke|p1|Milotic, L50, F|
|poke|p1|Sinistcha, L50|
|poke|p1|Tyranitar, L50, M|
|poke|p1|Excadrill, L50, F|
|poke|p2|Meowstic, L50, M|
|poke|p2|Milotic, L50, F|
|poke|p2|Weavile, L50, F|
|poke|p2|Garchomp, L50, M|
|poke|p2|Rotom-Wash, L50|
|poke|p2|Gardevoir, L50, F, shiny|
|teampreview|4
|showteam|p1|Incineroar||SitrusBerry|Intimidate|FlareBlitz,PartingShot,DarkestLariat,FakeOut|Adamant||M|||50|]Sneasler||WhiteHerb|Unburden|DireClaw,CloseCombat,FakeOut,Protect|Jolly||M|||50|]Milotic||Leftovers|Competitive|Scald,IcyWind,Recover,Protect|Bold||F|||50|]Sinistcha||MiracleSeed|Hospitality|MatchaGotcha,LifeDew,RagePowder,Protect|Bold|||||50|]Tyranitar||Tyranitarite|SandStream|RockSlide,KnockOff,DragonDance,Protect|Adamant||M|||50|]Excadrill||FocusSash|SandRush|IronHead,Earthquake,RockSlide,Protect|Adamant||F|||50|
|showteam|p2|Meowstic||SitrusBerry|Prankster|FakeOut,PsychicTerrain,ExpandingForce,RainDance|Bold||M|||50|]Milotic||Leftovers|Competitive|Scald,Recover,IcyWind,Protect|Calm||F|||50|]Weavile||FocusSash|Pickpocket|FakeOut,KnockOff,LowKick,IcicleCrash|Jolly||F|||50|]Garchomp||LifeOrb|RoughSkin|Outrage,Earthquake,RockSlide,Protect|Jolly||M|||50|]Rotom-Wash||QuickClaw|Levitate|Thunderbolt,VoltSwitch,HydroPump,Protect|Modest|||||50|]Gardevoir||Gardevoirite|Telepathy|Psychic,HyperVoice,Thunderbolt,Protect|Calm||F|||50|
|inactive|Battle timer is ON: inactive players will automatically lose when time's up. (requested by jacobeiro)
|
|t:|1785515754
|teamsize|p1|4
|teamsize|p2|4
|start
|switch|p1a: Milotic|Milotic, L50, F|100/100
|switch|p1b: Sinistcha|Sinistcha, L50|100/100
|switch|p2a: Milotic|Milotic, L50, F|100/100
|switch|p2b: Weavile|Weavile, L50, F|100/100
|turn|1
|
|t:|1785515768
|move|p2b: Weavile|Knock Off|p1b: Sinistcha
|-supereffective|p1b: Sinistcha|1
|-damage|p1b: Sinistcha|17/100
|-enditem|p1b: Sinistcha|Miracle Seed|[from] move: Knock Off|[of] p2b: Weavile
|move|p2a: Milotic|Icy Wind|p1a: Milotic|[spread] p1a,p1b
|-resisted|p1a: Milotic|1
|-supereffective|p1b: Sinistcha|1
|-damage|p1a: Milotic|96/100
|-damage|p1b: Sinistcha|0 fnt
|-unboost|p1a: Milotic|spe|1
|-ability|p1a: Milotic|Competitive|boost
|-boost|p1a: Milotic|spa|2
|faint|p1b: Sinistcha
|move|p1a: Milotic|Scald|p2b: Weavile
|-damage|p2b: Weavile|22/100
|
|-heal|p1a: Milotic|100/100|[from] item: Leftovers
|upkeep
|
|t:|1785515775
|switch|p1b: Tyranitar|Tyranitar, L50, M|100/100
|-weather|Sandstorm|[from] ability: Sand Stream|[of] p1b: Tyranitar
|turn|2
|
|t:|1785515789
|move|p1b: Tyranitar|Protect|p1b: Tyranitar
|-singleturn|p1b: Tyranitar|Protect
|move|p2b: Weavile|Knock Off|p1a: Milotic
|-damage|p1a: Milotic|61/100
|-enditem|p1a: Milotic|Leftovers|[from] move: Knock Off|[of] p2b: Weavile
|move|p2a: Milotic|Scald|p1b: Tyranitar
|-activate|p1b: Tyranitar|move: Protect
|move|p1a: Milotic|Scald|p2b: Weavile
|-damage|p2b: Weavile|0 fnt
|faint|p2b: Weavile
|
|-weather|Sandstorm|[upkeep]
|-damage|p2a: Milotic|94/100|[from] Sandstorm
|-damage|p1a: Milotic|55/100|[from] Sandstorm
|-heal|p2a: Milotic|100/100|[from] item: Leftovers
|upkeep
|
|t:|1785515809
|switch|p2b: Meowstic|Meowstic, L50, M|100/100
|turn|3
|
|t:|1785515817
|detailschange|p1b: Tyranitar|Tyranitar-Mega, L50, M
|-mega|p1b: Tyranitar|Tyranitar|Tyranitarite
|move|p2b: Meowstic|Fake Out|p1b: Tyranitar
|-resisted|p1b: Tyranitar|1
|-damage|p1b: Tyranitar|98/100
|move|p2a: Milotic|Scald|p1a: Milotic
|-resisted|p1a: Milotic|1
|-damage|p1a: Milotic|44/100
|cant|p1b: Tyranitar|flinch
|move|p1a: Milotic|Scald|p2b: Meowstic
|-damage|p2b: Meowstic|45/100
|-status|p2b: Meowstic|brn
|-enditem|p2b: Meowstic|Sitrus Berry|[eat]
|-heal|p2b: Meowstic|70/100 brn|[from] item: Sitrus Berry
|
|-weather|Sandstorm|[upkeep]
|-damage|p2b: Meowstic|64/100 brn|[from] Sandstorm
|-damage|p2a: Milotic|94/100|[from] Sandstorm
|-damage|p1a: Milotic|38/100|[from] Sandstorm
|-heal|p2a: Milotic|100/100|[from] item: Leftovers
|-damage|p2b: Meowstic|58/100 brn|[from] brn
|upkeep
|turn|4
|inactive|Diogada has 30 seconds left.
|
|t:|1785515844
|move|p2b: Meowstic|Rain Dance|p2b: Meowstic
|-weather|RainDance
|move|p2a: Milotic|Scald|p1b: Tyranitar
|-supereffective|p1b: Tyranitar|1
|-damage|p1b: Tyranitar|28/100
|move|p1b: Tyranitar|Knock Off|p2b: Meowstic
|-supereffective|p2b: Meowstic|1
|-damage|p2b: Meowstic|0 fnt
|faint|p2b: Meowstic
|move|p1a: Milotic|Recover|p1a: Milotic
|-heal|p1a: Milotic|88/100
|
|-weather|RainDance|[upkeep]
|upkeep
|
|t:|1785515855
|switch|p2b: Garchomp|Garchomp, L50, M|100/100
|turn|5
|
|t:|1785515868
|move|p1b: Tyranitar|Protect|p1b: Tyranitar
|-singleturn|p1b: Tyranitar|Protect
|move|p2b: Garchomp|Outrage|p1b: Tyranitar
|-activate|p1b: Tyranitar|move: Protect
|move|p2a: Milotic|Scald|p1a: Milotic
|-resisted|p1a: Milotic|1
|-damage|p1a: Milotic|73/100
|move|p1a: Milotic|Icy Wind|p2b: Garchomp|[spread] p2a,p2b
|-resisted|p2a: Milotic|1
|-supereffective|p2b: Garchomp|2
|-damage|p2a: Milotic|93/100
|-damage|p2b: Garchomp|17/100
|-unboost|p2a: Milotic|spe|1
|-ability|p2a: Milotic|Competitive|boost
|-boost|p2a: Milotic|spa|2
|-unboost|p2b: Garchomp|spe|1
|
|-weather|RainDance|[upkeep]
|-heal|p2a: Milotic|98/100|[from] item: Leftovers
|upkeep
|turn|6
|inactive|Diogada has 30 seconds left.
|j| tedidn
|
|t:|1785515895
|move|p2b: Garchomp|Earthquake|p1b: Tyranitar|[spread] p2a,p1a,p1b
|-supereffective|p1b: Tyranitar|1
|-damage|p2a: Milotic|51/100
|-damage|p1a: Milotic|31/100
|-damage|p1b: Tyranitar|0 fnt
|faint|p1b: Tyranitar
|-damage|p2b: Garchomp|8/100|[from] item: Life Orb
|move|p2a: Milotic|Scald|p1a: Milotic
|-resisted|p1a: Milotic|1
|-damage|p1a: Milotic|1/100
|move|p1a: Milotic|Scald|p2b: Garchomp
|-damage|p2b: Garchomp|0 fnt
|faint|p2b: Garchomp
|
|-weather|RainDance|[upkeep]
|-heal|p2a: Milotic|56/100|[from] item: Leftovers
|upkeep
|
|t:|1785515900
|switch|p1b: Incineroar|Incineroar, L50, M|100/100
|-ability|p1b: Incineroar|Intimidate|boost
|-unboost|p2a: Milotic|atk|1
|-ability|p2a: Milotic|Competitive|boost
|-boost|p2a: Milotic|spa|2
|turn|7
|
|t:|1785515919
|move|p2a: Milotic|Protect|p2a: Milotic
|-singleturn|p2a: Milotic|Protect
|move|p1b: Incineroar|Fake Out|p2a: Milotic
|-activate|p2a: Milotic|move: Protect
|move|p1a: Milotic|Recover|p1a: Milotic
|-heal|p1a: Milotic|51/100
|
|-weather|RainDance|[upkeep]
|-heal|p2a: Milotic|62/100|[from] item: Leftovers
|upkeep
|turn|8
|
|t:|1785515929
|move|p1b: Incineroar|Darkest Lariat|p2a: Milotic
|-damage|p2a: Milotic|28/100
|move|p2a: Milotic|Scald|p1b: Incineroar
|-supereffective|p1b: Incineroar|1
|-damage|p1b: Incineroar|0 fnt
|faint|p1b: Incineroar
|move|p1a: Milotic|Scald|p2a: Milotic
|-resisted|p2a: Milotic|1
|-damage|p2a: Milotic|2/100
|
|-weather|none
|-heal|p2a: Milotic|8/100|[from] item: Leftovers
|upkeep
|turn|9
|
|t:|1785515941
|move|p2a: Milotic|Recover|p2a: Milotic
|-heal|p2a: Milotic|58/100
|move|p1a: Milotic|Scald|p2a: Milotic
|-resisted|p2a: Milotic|1
|-damage|p2a: Milotic|40/100
|-status|p2a: Milotic|brn
|
|-heal|p2a: Milotic|45/100 brn|[from] item: Leftovers
|-damage|p2a: Milotic|40/100 brn|[from] brn
|upkeep
|turn|10
|
|t:|1785515950
|move|p2a: Milotic|Recover|p2a: Milotic
|-heal|p2a: Milotic|90/100 brn
|move|p1a: Milotic|Recover|p1a: Milotic
|-heal|p1a: Milotic|100/100
|
|-heal|p2a: Milotic|95/100 brn|[from] item: Leftovers
|-damage|p2a: Milotic|90/100 brn|[from] brn
|upkeep
|turn|11
|
|t:|1785515959
|move|p1a: Milotic|Protect|p1a: Milotic
|-singleturn|p1a: Milotic|Protect
|move|p2a: Milotic|Scald|p1a: Milotic
|-activate|p1a: Milotic|move: Protect
|
|-heal|p2a: Milotic|95/100 brn|[from] item: Leftovers
|-damage|p2a: Milotic|90/100 brn|[from] brn
|upkeep
|turn|12
|
|t:|1785515967
|move|p2a: Milotic|Scald|p1a: Milotic
|-resisted|p1a: Milotic|1
|-damage|p1a: Milotic|68/100
|-status|p1a: Milotic|brn
|move|p1a: Milotic|Scald|p2a: Milotic
|-resisted|p2a: Milotic|1
|-damage|p2a: Milotic|71/100 brn
|
|-heal|p2a: Milotic|76/100 brn|[from] item: Leftovers
|-damage|p2a: Milotic|71/100 brn|[from] brn
|-damage|p1a: Milotic|62/100 brn|[from] brn
|upkeep
|turn|13
|-message|jacobeiro forfeited.
|
|win|Diogada
