|j|☆hyroshx
|j|☆Semiau
|html|hyroshxSemiau    
|uhtml|bestof|Game 1 of a best-of-3
|t:|1757025304
|gametype|doubles
|player|p1|hyroshx|gambler|1067
|player|p2|Semiau|policeman|1079
|gen|9
|tier|[Gen 9] VGC 2025 Reg H (Bo3)
|rated|
|rule|Species Clause: Limit one of each Pokémon
|rule|Item Clause: Limit 1 of each item
|clearpoke
|poke|p1|Sylveon, L50, F|
|poke|p1|Incineroar, L50, M|
|poke|p1|Falinks, L50|
|poke|p1|Maushold, L50|
|poke|p1|Sinistcha-Masterpiece, L50|
|poke|p1|Whimsicott, L50, F|
|poke|p2|Archaludon, L50, F|
|poke|p2|Maushold, L50|
|poke|p2|Pelipper, L50, M|
|poke|p2|Sinistcha, L50|
|poke|p2|Incineroar, L50, F|
|poke|p2|Grimmsnarl, L50, M|
|teampreview|4
|showteam|p1|Sylveon||LifeOrb|Pixilate|HyperVoice,Protect,Copycat,TeraBlast|||F|||50|,,,,,Fire]Incineroar||SitrusBerry|Intimidate|FakeOut,FlareBlitz,KnockOff,PartingShot|||M|||50|,,,,,Ghost]Falinks||SafetyGoggles|Defiant|RockSlide,Trailblaze,NoRetreat,BrickBreak||||||50|,,,,,Fairy]Maushold||WideLens|Technician|PopulationBomb,Encore,Taunt,FollowMe||||||50|,,,,,Ghost]Sinistcha-Masterpiece||RockyHelmet|Hospitality|MatchaGotcha,RagePowder,ShadowBall,Protect||||||50|,,,,,Grass]Whimsicott||CovertCloak|Prankster|Moonblast,Taunt,Tailwind,Encore|||F|||50|,,,,,Dark
|showteam|p2|Archaludon||Leftovers|Stamina|BodyPress,Protect,Snarl,ElectroShot|||F|||50|,,,,,Fairy]Maushold||WideLens|FriendGuard|FollowMe,PopulationBomb,AfterYou,Encore||||||50|,,,,,Ghost]Pelipper||FocusSash|Drizzle|Hurricane,Surf,Protect,WideGuard|||M|||50|,,,,,Water]Sinistcha||EjectPack|Hospitality|RagePowder,MatchaGotcha,Scald,TrickRoom||||||50|,,,,,Water]Incineroar||AssaultVest|Intimidate|Snarl,Uturn,KnockOff,FakeOut|||F|||50|,,,,,Ghost]Grimmsnarl||CovertCloak|Prankster|LightScreen,Reflect,SpiritBreak,PartingShot|||M|||50|,,,,,Poison
|
|t:|1757025363
|teamsize|p1|4
|teamsize|p2|4
|start
|switch|p1a: Falinks|Falinks, L50|100/100
|switch|p1b: Sylveon|Sylveon, L50, F, shiny|100/100
|switch|p2a: Pelipper|Pelipper, L50, M|100/100
|switch|p2b: Maushold|Maushold, L50|100/100
|-weather|RainDance|[from] ability: Drizzle|[of] p2a: Pelipper
|turn|1
|
|t:|1757025377
|move|p2b: Maushold|Population Bomb|p1b: Sylveon
|-damage|p1b: Sylveon|94/100
|-damage|p1b: Sylveon|88/100
|-damage|p1b: Sylveon|81/100
|-damage|p1b: Sylveon|75/100
|-damage|p1b: Sylveon|68/100
|-damage|p1b: Sylveon|62/100
|-damage|p1b: Sylveon|55/100
|-damage|p1b: Sylveon|49/100
|-damage|p1b: Sylveon|43/100
|-damage|p1b: Sylveon|37/100
|-hitcount|p1b: Sylveon|10
|move|p2a: Pelipper|Hurricane|p1a: Falinks
|-supereffective|p1a: Falinks
|-damage|p1a: Falinks|5/100
|move|p1a: Falinks|No Retreat|p1a: Falinks
|-boost|p1a: Falinks|atk|1
|-boost|p1a: Falinks|def|1
|-boost|p1a: Falinks|spa|1
|-boost|p1a: Falinks|spd|1
|-boost|p1a: Falinks|spe|1
|-start|p1a: Falinks|move: No Retreat
|move|p1b: Sylveon|Copycat|p1b: Sylveon
|move|p1b: Sylveon|No Retreat|p1b: Sylveon|[from] move: Copycat
|-boost|p1b: Sylveon|atk|1
|-boost|p1b: Sylveon|def|1
|-boost|p1b: Sylveon|spa|1
|-boost|p1b: Sylveon|spd|1
|-boost|p1b: Sylveon|spe|1
|-start|p1b: Sylveon|move: No Retreat
|
|-weather|RainDance|[upkeep]
|upkeep
|turn|2
|
|t:|1757025431
|-terastallize|p2b: Maushold|Ghost
|move|p1b: Sylveon|Protect|p1b: Sylveon
|-singleturn|p1b: Sylveon|Protect
|move|p2a: Pelipper|Wide Guard|p2a: Pelipper
|-singleturn|p2a: Pelipper|Wide Guard
|move|p2b: Maushold|Population Bomb|p1b: Sylveon
|-activate|p1b: Sylveon|move: Protect
|move|p1a: Falinks|Rock Slide|p2b: Maushold|[spread] 
|-activate|p2a: Pelipper|move: Wide Guard
|-activate|p2b: Maushold|move: Wide Guard
|
|-weather|RainDance|[upkeep]
|upkeep
|turn|3
|
|t:|1757025450
|switch|p2b: Sinistcha|Sinistcha, L50|100/100
|move|p1a: Falinks|Trailblaze|p2b: Sinistcha
|-resisted|p2b: Sinistcha
|-damage|p2b: Sinistcha|93/100
|-boost|p1a: Falinks|spe|1
|move|p2a: Pelipper|Surf|p1a: Falinks|[spread] p2b,p1a,p1b
|-resisted|p2b: Sinistcha
|-crit|p2b: Sinistcha
|-damage|p2b: Sinistcha|53/100
|-damage|p1a: Falinks|0 fnt
|-damage|p1b: Sylveon|17/100
|faint|p1a: Falinks
|move|p1b: Sylveon|Hyper Voice|p2b: Sinistcha|[spread] p2a,p2b
|-enditem|p2a: Pelipper|Focus Sash
|-damage|p2a: Pelipper|1/100
|-damage|p2b: Sinistcha|0 fnt
|faint|p2b: Sinistcha
|-damage|p1b: Sylveon|7/100|[from] item: Life Orb
|
|-weather|RainDance|[upkeep]
|upkeep
|
|t:|1757025462
|switch|p1a: Sinistcha|Sinistcha-Masterpiece, L50|100/100
|switch|p2b: Maushold|Maushold, L50, tera:Ghost|100/100
|-heal|p1b: Sylveon|32/100|[from] ability: Hospitality|[of] p1a: Sinistcha
|turn|4
|
|t:|1757025494
|move|p2a: Pelipper|Wide Guard|p2a: Pelipper
|-singleturn|p2a: Pelipper|Wide Guard
|move|p1a: Sinistcha|Rage Powder|p1a: Sinistcha
|-singleturn|p1a: Sinistcha|move: Rage Powder
|move|p2b: Maushold|Population Bomb|p1a: Sinistcha
|-immune|p1a: Sinistcha
|move|p1b: Sylveon|Tera Blast|p2a: Pelipper
|-damage|p2a: Pelipper|0 fnt
|faint|p2a: Pelipper
|-damage|p1b: Sylveon|22/100|[from] item: Life Orb
|
|-weather|RainDance|[upkeep]
|upkeep
|
|t:|1757025496
|switch|p2a: Archaludon|Archaludon, L50, F|100/100
|turn|5
|
|t:|1757025532
|move|p1a: Sinistcha|Rage Powder|p1a: Sinistcha
|-singleturn|p1a: Sinistcha|move: Rage Powder
|move|p2b: Maushold|Population Bomb|p1a: Sinistcha
|-immune|p1a: Sinistcha
|move|p1b: Sylveon|Hyper Voice|p2b: Maushold|[spread] p2a,p2b
|-damage|p2a: Archaludon|45/100
|-damage|p2b: Maushold|14/100
|-ability|p2a: Archaludon|Stamina|boost
|-boost|p2a: Archaludon|def|1
|-damage|p1b: Sylveon|12/100|[from] item: Life Orb
|move|p2a: Archaludon|Snarl|p1a: Sinistcha|[spread] p1a,p1b
|-supereffective|p1a: Sinistcha
|-resisted|p1b: Sylveon
|-damage|p1a: Sinistcha|78/100
|-damage|p1b: Sylveon|9/100
|-unboost|p1a: Sinistcha|spa|1
|-unboost|p1b: Sylveon|spa|1
|
|-weather|none
|-heal|p2a: Archaludon|50/100|[from] item: Leftovers
|upkeep
|turn|6
|
|t:|1757025551
|move|p1a: Sinistcha|Rage Powder|p1a: Sinistcha
|-singleturn|p1a: Sinistcha|move: Rage Powder
|move|p2b: Maushold|Population Bomb|p1a: Sinistcha
|-immune|p1a: Sinistcha
|move|p1b: Sylveon|Hyper Voice|p2a: Archaludon|[spread] p2a,p2b
|-damage|p2a: Archaludon|13/100
|-damage|p2b: Maushold|0 fnt
|-ability|p2a: Archaludon|Stamina|boost
|-boost|p2a: Archaludon|def|1
|faint|p2b: Maushold
|-damage|p1b: Sylveon|0 fnt|[from] item: Life Orb
|faint|p1b: Sylveon
|move|p2a: Archaludon|Snarl|p1a: Sinistcha
|-supereffective|p1a: Sinistcha
|-damage|p1a: Sinistcha|49/100
|-unboost|p1a: Sinistcha|spa|1
|
|-heal|p2a: Archaludon|19/100|[from] item: Leftovers
|upkeep
|
|t:|1757025564
|switch|p1b: Incineroar|Incineroar, L50, M|100/100
|-ability|p1b: Incineroar|Intimidate|boost
|-unboost|p2a: Archaludon|atk|1
|turn|7
|
|t:|1757025571
|move|p2a: Archaludon|Protect|p2a: Archaludon
|-singleturn|p2a: Archaludon|Protect
|move|p1a: Sinistcha|Shadow Ball|p2a: Archaludon
|-activate|p2a: Archaludon|move: Protect
|move|p1b: Incineroar|Flare Blitz|p2a: Archaludon
|-activate|p2a: Archaludon|move: Protect
|
|-heal|p2a: Archaludon|25/100|[from] item: Leftovers
|upkeep
|turn|8
|
|t:|1757025582
|move|p2a: Archaludon|Snarl|p1b: Incineroar|[spread] p1a,p1b
|-supereffective|p1a: Sinistcha
|-resisted|p1b: Incineroar
|-damage|p1a: Sinistcha|29/100
|-damage|p1b: Incineroar|96/100
|-unboost|p1a: Sinistcha|spa|1
|-unboost|p1b: Incineroar|spa|1
|move|p1a: Sinistcha|Shadow Ball|p2a: Archaludon
|-damage|p2a: Archaludon|9/100
|-unboost|p2a: Archaludon|spd|1
|-ability|p2a: Archaludon|Stamina|boost
|-boost|p2a: Archaludon|def|1
|move|p1b: Incineroar|Flare Blitz|p2a: Archaludon
|-crit|p2a: Archaludon
|-damage|p2a: Archaludon|0 fnt
|faint|p2a: Archaludon
|-damage|p1b: Incineroar|93/100|[from] Recoil
|
|win|hyroshx
|l|☆Semiau
|player|p2|
|l|☆hyroshx
|player|p1|
||hyroshx is ready for game 2.
|inactive|Semiau has 30 seconds to confirm battle start!
|inactive|Semiau has 20 seconds to confirm battle start!
|inactive|Semiau has 10 seconds to confirm battle start!
|uhtml|next|Next: Game 2 of 3
|j|☆hyroshx
|player|p1|hyroshx|gambler|
