|j|☆ronansting
|j|☆palle synchro
|html|ronanstingpalle synchro    
|uhtml|bestof|Game 2 of a best-of-3
|t:|1754514641
|gametype|doubles
|player|p1|ronansting|baker|1318
|player|p2|palle synchro|volkner|1322
|gen|9
|tier|[Gen 9] VGC 2025 Reg H (Bo3)
|rated|
|rule|Species Clause: Limit one of each Pokémon
|rule|Item Clause: Limit 1 of each item
|clearpoke
|poke|p1|Archaludon, L50, M|
|poke|p1|Pelipper, L50, F|
|poke|p1|Indeedee, L50, M|
|poke|p1|Amoonguss, L50, F|
|poke|p1|Basculegion, L50, M|
|poke|p1|Hydreigon, L50, M|
|poke|p2|Whimsicott, L50, M|
|poke|p2|Dragonite, L50, F|
|poke|p2|Indeedee, L50, M|
|poke|p2|Sneasler, L50, F|
|poke|p2|Ursaluna-Bloodmoon, L50, M|
|poke|p2|Archaludon, L50, M|
|teampreview|4
|showteam|p1|Archaludon||AssaultVest|Stamina|ElectroShot,DracoMeteor,BodyPress,FlashCannon|||M|||50|,,,,,Grass]Pelipper||FocusSash|Drizzle|WeatherBall,Hurricane,Tailwind,Protect|||F|||50|,,,,,Ghost]Indeedee||ChoiceScarf|PsychicSurge|ExpandingForce,TeraBlast,Trick,DazzlingGleam|||M|||50|,,,,,Ground]Amoonguss||SitrusBerry|Regenerator|Spore,SludgeBomb,Protect,RagePowder|||F|||50|,,,,,Water]Basculegion||ChoiceBand|SwiftSwim|FlipTurn,WaveCrash,LastRespects,AquaJet|||M|||50|,,,,,Poison]Hydreigon||CovertCloak|Levitate|Taunt,Snarl,DracoMeteor,EarthPower|||M|||50|,,,,,Fairy
|showteam|p2|Whimsicott||CovertCloak|Prankster|Moonblast,Taunt,Tailwind,FakeTears|||M|||50|,,,,,Water]Dragonite||LoadedDice|Multiscale|ScaleShot,StompingTantrum,Haze,Protect|||F|||50|,,,,,Steel]Indeedee||FocusSash|PsychicSurge|ExpandingForce,TeraBlast,Imprison,TrickRoom|||M|||50|,,,,,Psychic]Sneasler||PsychicSeed|Unburden|CloseCombat,DireClaw,ThroatChop,Protect|||F|||50|,,,,,Dark]Ursaluna-Bloodmoon||LifeOrb|MindsEye|HyperVoice,BloodMoon,EarthPower,Protect|||M|||50|,,,,,Normal]Archaludon||PowerHerb|Stalwart|ElectroShot,DragonPulse,Thunderbolt,Protect|||M|||50|,,,,,Electric
|inactive|Battle timer is ON: inactive players will automatically lose when time's up. (requested by palle synchro)
|inactive|ronansting has 60 seconds left.
|
|t:|1754514690
|teamsize|p1|4
|teamsize|p2|4
|start
|switch|p1a: Empire|Basculegion, L50, M|100/100
|switch|p1b: Schmooner|Amoonguss, L50, F|100/100
|switch|p2a: Whimsicott|Whimsicott, L50, M|100/100
|switch|p2b: Archaludon|Archaludon, L50, M|100/100
|turn|1
|
|t:|1754514705
|switch|p1a: Goodee|Indeedee, L50, M|100/100
|-fieldstart|move: Psychic Terrain|[from] ability: Psychic Surge|[of] p1a: Goodee
|move|p2a: Whimsicott|Taunt|p1b: Schmooner
|-activate|p1b: Schmooner|move: Psychic Terrain
|move|p2b: Archaludon|Electro Shot||[still]
|-prepare|p2b: Archaludon|Electro Shot
|-boost|p2b: Archaludon|spa|1
|-enditem|p2b: Archaludon|Power Herb
|-anim|p2b: Archaludon|Electro Shot|p1a: Goodee
|-damage|p1a: Goodee|0 fnt
|faint|p1a: Goodee
|move|p1b: Schmooner|Sludge Bomb|p2a: Whimsicott
|-supereffective|p2a: Whimsicott
|-damage|p2a: Whimsicott|0 fnt
|faint|p2a: Whimsicott
|
|upkeep
|
|t:|1754514719
|switch|p2a: Indeedee|Indeedee, L50, M|100/100
|switch|p1a: Empire|Basculegion, L50, M|100/100
|turn|2
|
|t:|1754514743
|switch|p1a: Smellypper|Pelipper, L50, F|100/100
|-weather|RainDance|[from] ability: Drizzle|[of] p1a: Smellypper
|-terastallize|p2a: Indeedee|Psychic
|-terastallize|p1b: Schmooner|Water
|move|p2a: Indeedee|Expanding Force|p1b: Schmooner|[spread] p1a,p1b
|-enditem|p1a: Smellypper|Focus Sash
|-damage|p1a: Smellypper|1/100
|-damage|p1b: Schmooner|42/100
|-enditem|p1b: Schmooner|Sitrus Berry|[eat]
|-heal|p1b: Schmooner|67/100|[from] item: Sitrus Berry
|move|p2b: Archaludon|Dragon Pulse|p1b: Schmooner
|-damage|p1b: Schmooner|10/100
|move|p1b: Schmooner|Spore|p2b: Archaludon
|-status|p2b: Archaludon|slp|[from] move: Spore
|
|-weather|RainDance|[upkeep]
|upkeep
|turn|3
|
|t:|1754514762
|move|p1b: Schmooner|Protect|p1b: Schmooner
|-singleturn|p1b: Schmooner|Protect
|move|p2a: Indeedee|Expanding Force|p1b: Schmooner|[spread] p1a
|-activate|p1b: Schmooner|move: Protect
|-damage|p1a: Smellypper|0 fnt
|faint|p1a: Smellypper
|cant|p2b: Archaludon|slp
|
|-weather|RainDance|[upkeep]
|upkeep
|
|t:|1754514763
|switch|p1a: Empire|Basculegion, L50, M|100/100
|turn|4
|
|t:|1754514767
|move|p1b: Schmooner|Protect|p1b: Schmooner
|-singleturn|p1b: Schmooner|Protect
|move|p1a: Empire|Last Respects|p2b: Archaludon
|-damage|p2b: Archaludon|4/100 slp
|move|p2a: Indeedee|Expanding Force|p1a: Empire|[spread] p1a
|-activate|p1b: Schmooner|move: Protect
|-damage|p1a: Empire|23/100
|-curestatus|p2b: Archaludon|slp|[msg]
|move|p2b: Archaludon|Thunderbolt|p1a: Empire
|-supereffective|p1a: Empire
|-damage|p1a: Empire|0 fnt
|faint|p1a: Empire
|
|-weather|RainDance|[upkeep]
|upkeep
|turn|5
|-message|ronansting forfeited.
|
|win|palle synchro
|raw|ronansting's rating: 1318 → 1298(-20 for losing)
|raw|palle synchro's rating: 1322 → 1342(+20 for winning)
