|j|☆DonDeLenguas
|j|☆hgsimon
|html|DonDeLenguashgsimon    
|uhtml|bestof|Game 1 of a best-of-3
|t:|1756230025
|gametype|doubles
|player|p1|DonDeLenguas|169|1169
|player|p2|hgsimon|1|1166
|gen|9
|tier|[Gen 9] VGC 2025 Reg H (Bo3)
|rated|
|rule|Species Clause: Limit one of each Pokémon
|rule|Item Clause: Limit 1 of each item
|clearpoke
|poke|p1|Weezing, L50, F|
|poke|p1|Kilowattrel, L50, M|
|poke|p1|Garchomp, L50, F|
|poke|p1|Magmar, L50, M|
|poke|p1|Kingambit, L50, M|
|poke|p1|Dragonite, L50, F|
|poke|p2|Politoed, L50, M|
|poke|p2|Archaludon, L50, F|
|poke|p2|Weezing-Galar, L50, F|
|poke|p2|Basculegion, L50, M|
|poke|p2|Flamigo, L50, M|
|poke|p2|Incineroar, L50, M|
|teampreview|4
|showteam|p1|Weezing||SitrusBerry|NeutralizingGas|Protect,SludgeBomb,WillOWisp,Taunt|||F|||50|,,,,,Water]Kilowattrel||FocusSash|Competitive|Protect,Tailwind,AirSlash,Thunderbolt|||M|||50|,,,,,Ghost]Garchomp||LifeOrb|RoughSkin|Protect,DragonClaw,StompingTantrum,Earthquake|||F|||50|,,,,,Ground]Magmar||Eviolite|VitalSpirit|Protect,FollowMe,Taunt,Overheat|||M|||50|,,,,,Grass]Kingambit||AssaultVest|Defiant|SuckerPunch,KowtowCleave,IronHead,LowKick|||M|||50|,,,,,Flying]Dragonite||LoadedDice|Multiscale|ScaleShot,Protect,Haze,IronHead|||F|||50|,,,,,Steel
|showteam|p2|Politoed||SitrusBerry|Drizzle|WeatherBall,PerishSong,IcyWind,Protect|||M|||50|,,,,,Dragon]Archaludon||PowerHerb|Sturdy|ElectroShot,FlashCannon,AuraSphere,Protect|||F|||50|,,,,,Grass]Weezing-Galar||RockyHelmet|MistySurge|DazzlingGleam,Taunt,Haze,Protect|||F|||50|,,,,,Dark]Basculegion||MysticWater|SwiftSwim|WaveCrash,FlipTurn,LastRespects,Protect|||M|||50|,,,,,Water]Flamigo||FocusSash|Scrappy|Detect,WideGuard,CloseCombat,DualWingbeat|||M|||50|,,,,,Fighting]Incineroar||AssaultVest|Intimidate|FakeOut,FlareBlitz,KnockOff,Uturn|||M|||50|,,,,,Grass
|inactive|Battle timer is ON: inactive players will automatically lose when time's up. (requested by hgsimon)
|c|☆DonDeLenguas|Where is the overqwill??
|c|☆hgsimon|on the bench
|
|t:|1756230127
|teamsize|p1|4
|teamsize|p2|4
|start
|switch|p1a: Kilowattrel|Kilowattrel, L50, M|100/100
|switch|p1b: Weezing|Weezing, L50, F|100/100
|switch|p2a: Archaludon|Archaludon, L50, F|100/100
|switch|p2b: Flamigo|Flamigo, L50, M|100/100
|-ability|p1b: Weezing|Neutralizing Gas
|turn|1
|inactive|hgsimon has 30 seconds left.
|inactive|hgsimon has 20 seconds left.
|
|t:|1756230166
|move|p2a: Archaludon|Protect|p2a: Archaludon
|-singleturn|p2a: Archaludon|Protect
|move|p1a: Kilowattrel|Tailwind|p1a: Kilowattrel
|-sidestart|p1: DonDeLenguas|move: Tailwind
|move|p1b: Weezing|Will-O-Wisp|p2a: Archaludon
|-activate|p2a: Archaludon|move: Protect
|move|p2b: Flamigo|Close Combat|p1a: Kilowattrel
|-resisted|p1a: Kilowattrel
|-damage|p1a: Kilowattrel|46/100
|-unboost|p2b: Flamigo|def|1
|-unboost|p2b: Flamigo|spd|1
|
|upkeep
|turn|2
|
|t:|1756230184
|move|p1a: Kilowattrel|Air Slash|p2b: Flamigo
|-supereffective|p2b: Flamigo
|-enditem|p2b: Flamigo|Focus Sash
|-damage|p2b: Flamigo|1/100
|move|p1b: Weezing|Will-O-Wisp|p2a: Archaludon|[miss]
|-miss|p1b: Weezing|p2a: Archaludon
|move|p2b: Flamigo|Close Combat|p1a: Kilowattrel
|-resisted|p1a: Kilowattrel
|-damage|p1a: Kilowattrel|0 fnt
|-unboost|p2b: Flamigo|def|1
|-unboost|p2b: Flamigo|spd|1
|faint|p1a: Kilowattrel
|move|p2a: Archaludon|Electro Shot||[still]
|-prepare|p2a: Archaludon|Electro Shot
|-boost|p2a: Archaludon|spa|1
|-enditem|p2a: Archaludon|Power Herb
|-anim|p2a: Archaludon|Electro Shot|p1b: Weezing
|-damage|p1b: Weezing|19/100
|-enditem|p1b: Weezing|Sitrus Berry|[eat]
|-heal|p1b: Weezing|44/100|[from] item: Sitrus Berry
|
|upkeep
|inactive|DonDeLenguas has 30 seconds left.
|
|t:|1756230211
|switch|p1a: Garchomp|Garchomp, L50, F|100/100
|turn|3
|
|t:|1756230230
|-terastallize|p1a: Garchomp|Ground
|move|p1a: Garchomp|Stomping Tantrum|p2a: Archaludon
|-supereffective|p2a: Archaludon
|-damage|p2a: Archaludon|0 fnt
|faint|p2a: Archaludon
|-damage|p1a: Garchomp|91/100|[from] item: Life Orb
|move|p1b: Weezing|Sludge Bomb|p2b: Flamigo
|-damage|p2b: Flamigo|0 fnt
|faint|p2b: Flamigo
|
|upkeep
|
|t:|1756230240
|switch|p2b: Politoed|Politoed, L50, M|100/100
|switch|p2a: Weezing|Weezing-Galar, L50, F|100/100
|turn|4
|
|t:|1756230256
|move|p1b: Weezing|Protect|p1b: Weezing
|-singleturn|p1b: Weezing|Protect
|move|p2a: Weezing|Protect|p2a: Weezing
|-singleturn|p2a: Weezing|Protect
|move|p1a: Garchomp|Earthquake|p2b: Politoed|[spread] p2b
|-activate|p1b: Weezing|move: Protect
|-activate|p2a: Weezing|move: Protect
|-damage|p2b: Politoed|40/100
|-enditem|p2b: Politoed|Sitrus Berry|[eat]
|-heal|p2b: Politoed|64/100|[from] item: Sitrus Berry
|-damage|p1a: Garchomp|81/100|[from] item: Life Orb
|move|p2b: Politoed|Icy Wind|p1a: Garchomp|[spread] p1a
|-activate|p1b: Weezing|move: Protect
|-supereffective|p1a: Garchomp
|-damage|p1a: Garchomp|62/100
|-unboost|p1a: Garchomp|spe|1
|
|-sideend|p1: DonDeLenguas|move: Tailwind
|upkeep
|turn|5
|
|t:|1756230281
|-terastallize|p2a: Weezing|Dark
|move|p1a: Garchomp|Stomping Tantrum|p2a: Weezing
|-damage|p2a: Weezing|52/100
|-damage|p1a: Garchomp|46/100|[from] item: Rocky Helmet|[of] p2a: Weezing
|-damage|p1a: Garchomp|36/100|[from] item: Life Orb
|move|p2b: Politoed|Icy Wind|p1a: Garchomp|[spread] p1a,p1b
|-supereffective|p1a: Garchomp
|-damage|p1a: Garchomp|17/100
|-damage|p1b: Weezing|34/100
|-unboost|p1a: Garchomp|spe|1
|-unboost|p1b: Weezing|spe|1
|move|p2a: Weezing|Dazzling Gleam|p1a: Garchomp|[spread] p1a,p1b
|-resisted|p1b: Weezing
|-damage|p1a: Garchomp|0 fnt
|-damage|p1b: Weezing|22/100
|faint|p1a: Garchomp
|move|p1b: Weezing|Sludge Bomb|p2a: Weezing
|-damage|p2a: Weezing|15/100
|-status|p2a: Weezing|psn
|
|-damage|p2a: Weezing|3/100 psn|[from] psn
|upkeep
|
|t:|1756230288
|switch|p1a: Dragonite|Dragonite, L50, F|100/100
|turn|6
|
|t:|1756230308
|move|p1a: Dragonite|Protect|p1a: Dragonite
|-singleturn|p1a: Dragonite|Protect
|move|p2b: Politoed|Icy Wind|p1b: Weezing|[spread] p1b
|-activate|p1a: Dragonite|move: Protect
|-damage|p1b: Weezing|11/100
|-unboost|p1b: Weezing|spe|1
|move|p2a: Weezing|Dazzling Gleam|p1a: Dragonite|[spread] p1b
|-activate|p1a: Dragonite|move: Protect
|-resisted|p1b: Weezing
|-damage|p1b: Weezing|0 fnt
|faint|p1b: Weezing
|-end|p1b: Weezing|ability: Neutralizing Gas
|-weather|RainDance|[from] ability: Drizzle|[of] p2b: Politoed
|-fieldstart|move: Misty Terrain|[from] ability: Misty Surge|[of] p2a: Weezing
|
|-weather|RainDance|[upkeep]
|-damage|p2a: Weezing|0 fnt|[from] psn
|faint|p2a: Weezing
|upkeep
|turn|7
|
|t:|1756230329
|move|p1a: Dragonite|Scale Shot|p2b: Politoed
|-damage|p2b: Politoed|58/100
|-damage|p2b: Politoed|52/100
|-damage|p2b: Politoed|45/100
|-damage|p2b: Politoed|38/100
|-hitcount|p2b: Politoed|4
|-unboost|p1a: Dragonite|def|1
|-boost|p1a: Dragonite|spe|1
|move|p2b: Politoed|Icy Wind|p1a: Dragonite
|-supereffective|p1a: Dragonite
|-damage|p1a: Dragonite|72/100
|-unboost|p1a: Dragonite|spe|1
|
|-weather|RainDance|[upkeep]
|upkeep
|turn|8
|
|t:|1756230343
|move|p1a: Dragonite|Scale Shot|p2b: Politoed
|-damage|p2b: Politoed|32/100
|-damage|p2b: Politoed|25/100
|-damage|p2b: Politoed|19/100
|-damage|p2b: Politoed|13/100
|-hitcount|p2b: Politoed|4
|-unboost|p1a: Dragonite|def|1
|-boost|p1a: Dragonite|spe|1
|move|p2b: Politoed|Icy Wind|p1a: Dragonite
|-supereffective|p1a: Dragonite
|-damage|p1a: Dragonite|19/100
|-unboost|p1a: Dragonite|spe|1
|
|-weather|RainDance|[upkeep]
|upkeep
|turn|9
|
|t:|1756230358
|move|p1a: Dragonite|Scale Shot|p2b: Politoed
|-damage|p2b: Politoed|6/100
|-damage|p2b: Politoed|0 fnt
|faint|p2b: Politoed
|-hitcount|p2: Politoed|2
|
|win|DonDeLenguas
||DonDeLenguas is ready for game 2.
||hgsimon is ready for game 2.
|uhtml|next|Next: Game 2 of 3
|l|☆hgsimon
|player|p2|
