|j|☆baajando
|j|☆TheParasectKing
|html|baajandoTheParasectKing    
|uhtml|bestof|Game 3 of a best-of-3
|t:|1755475464
|gametype|doubles
|player|p1|baajando|benga|1185
|player|p2|TheParasectKing|acetrainer-gen4dp|1197
|gen|9
|tier|[Gen 9] VGC 2025 Reg H (Bo3)
|rated|
|rule|Species Clause: Limit one of each Pokémon
|rule|Item Clause: Limit 1 of each item
|clearpoke
|poke|p1|Kommo-o, L50, M|
|poke|p1|Incineroar, L50, M|
|poke|p1|Gholdengo, L50|
|poke|p1|Ninetales-Alola, L50, F|
|poke|p1|Amoonguss, L50, F|
|poke|p1|Ursaluna-Bloodmoon, L50, M|
|poke|p2|Gholdengo, L50|
|poke|p2|Amoonguss, L50, M|
|poke|p2|Incineroar, L50, M|
|poke|p2|Glimmora, L50, M|
|poke|p2|Talonflame, L50, M|
|poke|p2|Basculegion, L50, M|
|teampreview|4
|showteam|p1|Kommo-o||SitrusBerry|Overcoat|Protect,ClangorousSoul,ClangingScales,DrainPunch|||M|||50|,,,,,Dark]Incineroar||SafetyGoggles|Intimidate|FakeOut,KnockOff,FlareBlitz,PartingShot|||M|||50|,,,,,Ghost]Gholdengo||ChoiceScarf|GoodasGold|MakeItRain,ShadowBall,Trick,Protect||||||50|,,,,,Steel]Ninetales-Alola||LightClay|SnowWarning|AuroraVeil,Blizzard,Moonblast,Encore|||F|||50|,,,,,Ghost]Amoonguss||CovertCloak|Regenerator|Protect,Spore,PollenPuff,RagePowder|||F|||50|,,,,,Water]Ursaluna-Bloodmoon||AssaultVest|MindsEye|EarthPower,BloodMoon,HyperVoice,VacuumWave|||M|||50|,,,,,Ghost
|showteam|p2|Gholdengo||LifeOrb|GoodasGold|MakeItRain,ShadowBall,NastyPlot,Protect||||||50|,,,,,Steel]Amoonguss||RoomService|Regenerator|Spore,RagePowder,PollenPuff,Protect|||M|||50|,,,,,Water]Incineroar||SafetyGoggles|Intimidate|FakeOut,KnockOff,FlareBlitz,PartingShot|||M|||50|,,,,,Grass]Glimmora||PowerHerb|ToxicDebris|MeteorBeam,EarthPower,SludgeBomb,SpikyShield|||M|||50|,,,,,Ghost]Talonflame||CovertCloak|GaleWings|Tailwind,RainDance,Taunt,BraveBird|||M|||50|,,,,,Flying]Basculegion||ChoiceScarf|Adaptability|WaveCrash,LastRespects,FlipTurn,ScaleShot|||M|||50|,,,,,Dragon
|inactive|Battle timer is ON: inactive players will automatically lose when time's up. (requested by TheParasectKing)
|inactive|TheParasectKing has 60 seconds left.
|
|t:|1755475511
|teamsize|p1|4
|teamsize|p2|4
|start
|switch|p1a: Incineroar|Incineroar, L50, M|100/100
|switch|p1b: Ursaluna|Ursaluna-Bloodmoon, L50, M|100/100
|switch|p2a: Talonflame|Talonflame, L50, M|100/100
|switch|p2b: Basculegion|Basculegion, L50, M|100/100
|-ability|p1a: Incineroar|Intimidate|boost
|-unboost|p2a: Talonflame|atk|1
|-unboost|p2b: Basculegion|atk|1
|turn|1
|
|t:|1755475539
|switch|p1a: Amoonguss|Amoonguss, L50, F|100/100
|-terastallize|p1b: Ursaluna|Ghost
|move|p2a: Talonflame|Tailwind|p2a: Talonflame
|-sidestart|p2: TheParasectKing|move: Tailwind
|move|p2b: Basculegion|Flip Turn|p1a: Amoonguss
|-resisted|p1a: Amoonguss
|-damage|p1a: Amoonguss|89/100
|
|t:|1755475553
|switch|p2b: Gholdengo|Gholdengo, L50|100/100|[from] Flip Turn
|move|p1b: Ursaluna|Earth Power|p2b: Gholdengo
|-supereffective|p2b: Gholdengo
|-damage|p2b: Gholdengo|0 fnt
|faint|p2b: Gholdengo
|
|upkeep
|
|t:|1755475556
|switch|p2b: Glimmora|Glimmora, L50, M, shiny|100/100
|turn|2
|
|t:|1755475579
|switch|p1b: Gholdengo|Gholdengo, L50|100/100
|move|p1a: Amoonguss|Protect|p1a: Amoonguss
|-singleturn|p1a: Amoonguss|Protect
|move|p2a: Talonflame|Brave Bird|p1b: Gholdengo
|-resisted|p1b: Gholdengo
|-damage|p1b: Gholdengo|84/100
|-damage|p2a: Talonflame|95/100|[from] Recoil
|move|p2b: Glimmora|Meteor Beam||[still]
|-prepare|p2b: Glimmora|Meteor Beam
|-boost|p2b: Glimmora|spa|1
|-enditem|p2b: Glimmora|Power Herb
|-anim|p2b: Glimmora|Meteor Beam|p1b: Gholdengo
|-resisted|p1b: Gholdengo
|-damage|p1b: Gholdengo|22/100
|
|upkeep
|turn|3
|inactive|baajando has 30 seconds left.
|inactive|baajando has 20 seconds left.
|inactive|baajando has 15 seconds left.
|
|t:|1755475623
|switch|p1a: Ursaluna|Ursaluna-Bloodmoon, L50, M, tera:Ghost|100/100
|move|p2b: Glimmora|Spiky Shield|p2b: Glimmora
|-singleturn|p2b: Glimmora|move: Protect
|move|p2a: Talonflame|Taunt|p1a: Ursaluna
|-start|p1a: Ursaluna|move: Taunt
|move|p1b: Gholdengo|Make It Rain|p2a: Talonflame|[spread] p2a
|-activate|p2b: Glimmora|move: Protect
|-resisted|p2a: Talonflame
|-damage|p2a: Talonflame|63/100
|-unboost|p1b: Gholdengo|spa|1
|
|upkeep
|turn|4
|inactive|TheParasectKing has 30 seconds left.
|inactive|TheParasectKing has 20 seconds left.
|inactive|TheParasectKing has 15 seconds left.
|
|t:|1755475666
|move|p2a: Talonflame|Rain Dance|p2a: Talonflame
|-weather|RainDance
|move|p2b: Glimmora|Earth Power|p1b: Gholdengo
|-supereffective|p1b: Gholdengo
|-damage|p1b: Gholdengo|0 fnt
|faint|p1b: Gholdengo
|move|p1a: Ursaluna|Earth Power|p2b: Glimmora
|-supereffective|p2b: Glimmora
|-damage|p2b: Glimmora|0 fnt
|faint|p2b: Glimmora
|
|-weather|RainDance|[upkeep]
|-sideend|p2: TheParasectKing|move: Tailwind
|upkeep
|
|t:|1755475688
|switch|p1b: Amoonguss|Amoonguss, L50, F|100/100
|switch|p2b: Basculegion|Basculegion, L50, M|100/100
|turn|5
|
|t:|1755475710
|switch|p1a: Incineroar|Incineroar, L50, M|100/100
|-ability|p1a: Incineroar|Intimidate|boost
|-unboost|p2a: Talonflame|atk|1
|-unboost|p2b: Basculegion|atk|1
|-terastallize|p2a: Talonflame|Flying
|move|p2b: Basculegion|Wave Crash|p1a: Incineroar
|-supereffective|p1a: Incineroar
|-damage|p1a: Incineroar|0 fnt
|faint|p1a: Incineroar
|-damage|p2b: Basculegion|69/100|[from] Recoil
|move|p2a: Talonflame|Brave Bird|p1b: Amoonguss
|-supereffective|p1b: Amoonguss
|-damage|p1b: Amoonguss|44/100
|-damage|p2a: Talonflame|37/100|[from] Recoil
|move|p1b: Amoonguss|Pollen Puff|p1: Incineroar|[notarget]
|-fail|p1b: Amoonguss
|
|-weather|RainDance|[upkeep]
|upkeep
|
|t:|1755475722
|switch|p1a: Ursaluna|Ursaluna-Bloodmoon, L50, M, tera:Ghost|100/100
|turn|6
|
|t:|1755475744
|move|p1b: Amoonguss|Rage Powder|p1b: Amoonguss
|-singleturn|p1b: Amoonguss|move: Rage Powder
|move|p2b: Basculegion|Wave Crash|p1b: Amoonguss
|-resisted|p1b: Amoonguss
|-damage|p1b: Amoonguss|11/100
|-damage|p2b: Basculegion|58/100|[from] Recoil
|move|p2a: Talonflame|Brave Bird|p1b: Amoonguss
|-supereffective|p1b: Amoonguss
|-damage|p1b: Amoonguss|0 fnt
|faint|p1b: Amoonguss
|-damage|p2a: Talonflame|32/100|[from] Recoil
|move|p1a: Ursaluna|Hyper Voice|p2a: Talonflame|[spread] p2a,p2b
|-damage|p2a: Talonflame|0 fnt
|-damage|p2b: Basculegion|16/100
|faint|p2a: Talonflame
|
|-weather|RainDance|[upkeep]
|upkeep
|turn|7
|
|t:|1755475763
|move|p1a: Ursaluna|Vacuum Wave|p2b: Basculegion
|-damage|p2b: Basculegion|0 fnt
|faint|p2b: Basculegion
|
|win|baajando
|raw|baajando's rating: 1185 → 1211(+26 for winning)
|raw|TheParasectKing's rating: 1197 → 1171(-26 for losing)
