|j|☆dcerza127
|j|☆Beru98
|html|dcerza127Beru98    
|uhtml|bestof|Game 2 of a best-of-3
|t:|1754238053
|gametype|doubles
|player|p1|dcerza127|169|1152
|player|p2|Beru98|102|1189
|gen|9
|tier|[Gen 9] VGC 2025 Reg H (Bo3)
|rated|
|rule|Species Clause: Limit one of each Pokémon
|rule|Item Clause: Limit 1 of each item
|clearpoke
|poke|p1|Meowscarada, L50, M|
|poke|p1|Primarina, L50, F|
|poke|p1|Sneasler, L50, M|
|poke|p1|Indeedee, L50, M|
|poke|p1|Decidueye-Hisui, L50, F|
|poke|p1|Arcanine-Hisui, L50, F|
|poke|p2|Rillaboom, L50, M|
|poke|p2|Kingambit, L50, F|
|poke|p2|Dragapult, L50, F|
|poke|p2|Sneasler, L50, M|
|poke|p2|Primarina, L50, F|
|poke|p2|Electabuzz, L50, F|
|teampreview|4
|showteam|p1|Meowscarada||FocusSash|Overgrow|GrassPledge,FlowerTrick,KnockOff,Protect|||M|||50|,,,,,Ghost]Primarina||CovertCloak|LiquidVoice|WaterPledge,HyperVoice,Moonblast,Protect|||F|||50|,,,,,Poison]Sneasler||PsychicSeed|Unburden|DireClaw,CloseCombat,ThroatChop,Protect|||M|||50|,,,,,Dark]Indeedee||SafetyGoggles|PsychicSurge|ExpandingForce,TrickRoom,Imprison,Protect|||M|||50|,,,,,Fairy]Decidueye-Hisui||RazorClaw|Scrappy|GrassPledge,TripleArrows,LeafBlade,Protect|||F|||50|,,,,,Fire]Arcanine-Hisui||ClearAmulet|Intimidate|RockSlide,FlareBlitz,ExtremeSpeed,Protect|||F|||50|,,,,,Normal
|showteam|p2|Rillaboom||AssaultVest|GrassySurge|FakeOut,GrassyGlide,WoodHammer,Uturn|||M|||50|,,,,,Fire]Kingambit||SafetyGoggles|Defiant|KowtowCleave,SuckerPunch,SwordsDance,Protect|||F|||50|,,,,,Dark]Dragapult||ChoiceBand|ClearBody|DragonDarts,Outrage,Uturn,PhantomForce|||F|||50|,,,,,Dragon]Sneasler||FocusSash|PoisonTouch|DireClaw,CloseCombat,FakeOut,Protect|||M|||50|,,,,,Stellar]Primarina||ThroatSpray|LiquidVoice|HyperVoice,Moonblast,Haze,Protect|||F|||50|,,,,,Poison]Electabuzz||Eviolite|VitalSpirit|FollowMe,Taunt,Electroweb,Protect|||F|||50|,,,,,Dragon
|inactive|Battle timer is ON: inactive players will automatically lose when time's up. (requested by dcerza127)
|
|t:|1754238081
|teamsize|p1|4
|teamsize|p2|4
|start
|switch|p1a: Meowscarada|Meowscarada, L50, M|100/100
|switch|p1b: Primarina|Primarina, L50, F|100/100
|switch|p2a: Sneasler|Sneasler, L50, M|100/100
|switch|p2b: Dragapult|Dragapult, L50, F|100/100
|turn|1
|
|t:|1754238095
|move|p1a: Meowscarada|Protect|p1a: Meowscarada
|-singleturn|p1a: Meowscarada|Protect
|move|p1b: Primarina|Protect|p1b: Primarina
|-singleturn|p1b: Primarina|Protect
|move|p2b: Dragapult|Phantom Force||[still]
|-prepare|p2b: Dragapult|Phantom Force
|move|p2a: Sneasler|Dire Claw|p1b: Primarina
|-activate|p1b: Primarina|move: Protect
|
|upkeep
|turn|2
|inactive|dcerza127 has 30 seconds left.
|
|t:|1754238129
|switch|p1b: Indeedee|Indeedee, L50, M|100/100
|-fieldstart|move: Psychic Terrain|[from] ability: Psychic Surge|[of] p1b: Indeedee
|move|p2a: Sneasler|Protect|p2a: Sneasler
|-singleturn|p2a: Sneasler|Protect
|move|p1a: Meowscarada|Knock Off|p2b: Dragapult|[miss]
|-miss|p1a: Meowscarada|p2b: Dragapult
|move|p2b: Dragapult|Phantom Force|p1b: Indeedee|[from] lockedmove
|-immune|p1b: Indeedee
|
|upkeep
|turn|3
|inactive|dcerza127 has 30 seconds left.
|
|t:|1754238164
|switch|p2b: Rillaboom|Rillaboom, L50, M|100/100
|-fieldstart|move: Grassy Terrain|[from] ability: Grassy Surge|[of] p2b: Rillaboom
|switch|p1b: Sneasler|Sneasler, L50, M|100/100
|move|p1a: Meowscarada|Knock Off|p2b: Rillaboom
|-damage|p2b: Rillaboom|56/100
|-enditem|p2b: Rillaboom|Assault Vest|[from] move: Knock Off|[of] p1a: Meowscarada
|move|p2a: Sneasler|Dire Claw|p1a: Meowscarada
|-supereffective|p1a: Meowscarada
|-enditem|p1a: Meowscarada|Focus Sash
|-damage|p1a: Meowscarada|1/100
|
|-heal|p1a: Meowscarada|7/100|[from] Grassy Terrain
|-heal|p2b: Rillaboom|61/100|[from] Grassy Terrain
|upkeep
|turn|4
|inactive|dcerza127 has 30 seconds left.
|inactive|Beru98 has 30 seconds left.
|
|t:|1754238194
|switch|p1a: Indeedee|Indeedee, L50, M|100/100
|-fieldstart|move: Psychic Terrain|[from] ability: Psychic Surge|[of] p1a: Indeedee
|-enditem|p1b: Sneasler|Psychic Seed
|-boost|p1b: Sneasler|spd|1|[from] item: Psychic Seed
|move|p1b: Sneasler|Dire Claw|p2b: Rillaboom
|-supereffective|p2b: Rillaboom
|-damage|p2b: Rillaboom|0 fnt
|faint|p2b: Rillaboom
|move|p2a: Sneasler|Dire Claw|p1b: Sneasler
|-resisted|p1b: Sneasler
|-damage|p1b: Sneasler|62/100
|-status|p1b: Sneasler|slp
|
|upkeep
|
|t:|1754238208
|switch|p2b: Dragapult|Dragapult, L50, F|100/100
|turn|5
|
|t:|1754238221
|switch|p2a: Electabuzz|Electabuzz, L50, F|100/100
|-terastallize|p2b: Dragapult|Dragon
|move|p1a: Indeedee|Protect|p1a: Indeedee
|-singleturn|p1a: Indeedee|Protect
|cant|p1b: Sneasler|slp
|move|p2b: Dragapult|Dragon Darts|p1b: Sneasler
|-damage|p1b: Sneasler|0 fnt
|faint|p1b: Sneasler
|
|upkeep
|
|t:|1754238232
|switch|p1b: Primarina|Primarina, L50, F|100/100
|turn|6
|
|t:|1754238242
|-terastallize|p1a: Indeedee|Fairy
|move|p2a: Electabuzz|Follow Me|p2a: Electabuzz
|-singleturn|p2a: Electabuzz|move: Follow Me
|move|p2b: Dragapult|Dragon Darts|p1a: Indeedee
|move|p1b: Primarina|Moonblast|p2a: Electabuzz
|-damage|p2a: Electabuzz|66/100
|-unboost|p2a: Electabuzz|spa|1
|move|p1a: Indeedee|Trick Room|p1a: Indeedee
|-fieldstart|move: Trick Room|[of] p1a: Indeedee
|
|upkeep
|turn|7
|
|t:|1754238254
|switch|p2b: Sneasler|Sneasler, L50, M|100/100
|move|p2a: Electabuzz|Follow Me|p2a: Electabuzz
|-singleturn|p2a: Electabuzz|move: Follow Me
|move|p1b: Primarina|Moonblast|p2a: Electabuzz
|-damage|p2a: Electabuzz|34/100
|move|p1a: Indeedee|Imprison|p1a: Indeedee
|-start|p1a: Indeedee|move: Imprison
|
|upkeep
|turn|8
|
|t:|1754238275
|switch|p2b: Dragapult|Dragapult, L50, F, tera:Dragon|100/100
|move|p2a: Electabuzz|Follow Me|p2a: Electabuzz
|-singleturn|p2a: Electabuzz|move: Follow Me
|move|p1b: Primarina|Hyper Voice|p2a: Electabuzz|[spread] p2a,p2b
|-resisted|p2b: Dragapult
|-damage|p2a: Electabuzz|8/100
|-damage|p2b: Dragapult|77/100
|move|p1a: Indeedee|Expanding Force|p2a: Electabuzz|[spread] p2a,p2b
|-damage|p2a: Electabuzz|0 fnt
|-damage|p2b: Dragapult|6/100
|faint|p2a: Electabuzz
|
|-fieldend|move: Psychic Terrain
|upkeep
|
|t:|1754238277
|switch|p2a: Sneasler|Sneasler, L50, M|100/100
|turn|9
|
|t:|1754238288
|move|p2a: Sneasler|Fake Out|p1a: Indeedee
|-damage|p1a: Indeedee|77/100
|move|p1b: Primarina|Hyper Voice|p2a: Sneasler|[spread] p2a,p2b
|-resisted|p2b: Dragapult
|-damage|p2a: Sneasler|52/100
|-damage|p2b: Dragapult|0 fnt
|faint|p2b: Dragapult
|cant|p1a: Indeedee|flinch
|
|upkeep
|turn|10
|-message|Beru98 forfeited.
|raw|dcerza127's rating: 1152 → 1180(+28 for winning)
|raw|Beru98's rating: 1189 → 1161(-28 for losing)
|
|win|dcerza127
|l|☆Beru98
|player|p2|
