|j|☆TrafalgarLaw773
|j|☆slimeko325
|html|TrafalgarLaw773slimeko325    
|uhtml|bestof|Game 1 of a best-of-3
|t:|1785652553
|gametype|doubles
|player|p1|TrafalgarLaw773|trinnia-masters|
|player|p2|slimeko325|miku-fairy|
|gen|9
|tier|[Gen 9 Champions] VGC 2026 Reg M-B (Bo3)
|rule|Species Clause: Limit one of each Pokémon
|rule|Item Clause: Limit 1 of each item
|clearpoke
|poke|p1|Garbodor, L50, M|
|poke|p1|Heliolisk, L50, F|
|poke|p1|Simisear, L50, M|
|poke|p1|Tinkaton, L50, F|
|poke|p1|Toucannon, L50, F|
|poke|p1|Zoroark, L50, F|
|poke|p2|Simipour, L50, F|
|poke|p2|Mr. Rime, L50, F|
|poke|p2|Tinkaton, L50, F|
|poke|p2|Simisear, L50, F|
|poke|p2|Heliolisk, L50, M|
|poke|p2|Zoroark, L50, M|
|teampreview|4
|showteam|p1|Garbodor||WhiteHerb|WeakArmor|GunkShot,StompingTantrum,Explosion,Protect|Adamant||M|||50|]Heliolisk||FocusSash|DrySkin|HyperVoice,Electroweb,GrassKnot,Protect|Timid||F|||50|]Simisear||Charcoal|Blaze|FlareBlitz,FakeOut,WillOWisp,Protect|Jolly||M|||50|]Tinkaton||Leftovers|OwnTempo|GigatonHammer,FakeOut,Encore,Protect|Jolly||F|||50|]Toucannon||SitrusBerry|SkillLink|BraveBird,BulletSeed,Tailwind,Protect|Adamant||F|||50|]Zoroark||LifeOrb|Illusion|DarkPulse,Flamethrower,NastyPlot,Protect|Timid||F|||50|
|showteam|p2|Simipour||NeverMeltIce|Torrent|Blizzard,Scald,FakeOut,GrassKnot|Hasty||F|||50|]Mr. Rime||Leftovers|IceBody|Blizzard,Snowscape,Protect,FakeOut|Timid||F|||50|]Tinkaton||SitrusBerry|Pickpocket|FakeOut,KnockOff,WoodHammer,SwordsDance|Adamant||F|||50|]Simisear||HeatRock|Blaze|SunnyDay,HeatWave,Protect,ScorchingSands|Timid||F|||50|]Heliolisk||LifeOrb|SolarPower|Discharge,Protect,GrassKnot,HyperVoice|Timid||M|||50|]Zoroark||FocusSash|Illusion|KnockOff,Encore,SludgeBomb,Flamethrower|Hasty||M|||50|
|inactive|Battle timer is ON: inactive players will automatically lose when time's up. (requested by slimeko325)
|inactive|slimeko325 has 60 seconds left.
|
|t:|1785652603
|teamsize|p1|4
|teamsize|p2|4
|start
|switch|p1a: Heliolisk|Heliolisk, L50, F|100/100
|switch|p1b: Tinkaton|Tinkaton, L50, F|100/100
|switch|p2a: Heliolisk|Heliolisk, L50, M|100/100
|switch|p2b: Simisear|Simisear, L50, F|100/100
|turn|1
|inactive|TrafalgarLaw773 has 30 seconds left.
|inactive|TrafalgarLaw773 has 20 seconds left.
|
|t:|1785652640
|move|p2a: Heliolisk|Protect|p2a: Heliolisk
|-singleturn|p2a: Heliolisk|Protect
|move|p1b: Tinkaton|Fake Out|p2b: Simisear
|-damage|p2b: Simisear|82/100
|move|p1a: Heliolisk|Hyper Voice|p2b: Simisear|[spread] p2b
|-activate|p2a: Heliolisk|move: Protect
|-damage|p2b: Simisear|27/100
|cant|p2b: Simisear|flinch
|
|upkeep
|turn|2
|
|t:|1785652659
|move|p2b: Simisear|Protect|p2b: Simisear
|-singleturn|p2b: Simisear|Protect
|move|p1a: Heliolisk|Hyper Voice|p2b: Simisear|[spread] p2a
|-activate|p2b: Simisear|move: Protect
|-damage|p2a: Heliolisk|56/100
|move|p2a: Heliolisk|Hyper Voice|p1a: Heliolisk|[spread] p1a,p1b
|-resisted|p1b: Tinkaton|1
|-damage|p1a: Heliolisk|46/100
|-damage|p1b: Tinkaton|79/100
|-damage|p2a: Heliolisk|47/100|[from] item: Life Orb
|move|p1b: Tinkaton|Encore|p2a: Heliolisk
|-start|p2a: Heliolisk|Encore
|
|-heal|p1b: Tinkaton|85/100|[from] item: Leftovers
|upkeep
|turn|3
|
|t:|1785652676
|move|p1b: Tinkaton|Protect|p1b: Tinkaton
|-singleturn|p1b: Tinkaton|Protect
|move|p1a: Heliolisk|Hyper Voice|p2a: Heliolisk|[spread] p2a,p2b
|-damage|p2a: Heliolisk|7/100
|-damage|p2b: Simisear|0 fnt
|faint|p2b: Simisear
|move|p2a: Heliolisk|Hyper Voice|p1a: Heliolisk|[spread] p1a
|-activate|p1b: Tinkaton|move: Protect
|-damage|p1a: Heliolisk|0 fnt
|faint|p1a: Heliolisk
|-damage|p2a: Heliolisk|0 fnt|[from] item: Life Orb
|faint|p2a: Heliolisk
|
|-heal|p1b: Tinkaton|91/100|[from] item: Leftovers
|upkeep
|
|t:|1785652688
|switch|p1a: Simisear|Simisear, L50, M|100/100
|switch|p2a: Simipour|Simipour, L50, F|100/100
|switch|p2b: Simipour|Simipour, L50, F|100/100
|turn|4
|
|t:|1785652705
|move|p2b: Simipour|Fake Out|p1a: Simisear
|-damage|p1a: Simisear|87/100
|cant|p1a: Simisear|flinch
|move|p2a: Simipour|Flamethrower|p1b: Tinkaton
|-supereffective|p1b: Tinkaton|1
|-damage|p1b: Tinkaton|27/100
|move|p1b: Tinkaton|Gigaton Hammer|p2b: Simipour
|-resisted|p2b: Simipour|1
|-damage|p2b: Simipour|46/100
|
|-heal|p1b: Tinkaton|33/100|[from] item: Leftovers
|upkeep
|turn|5
|
|t:|1785652728
|move|p1a: Simisear|Protect|p1a: Simisear
|-singleturn|p1a: Simisear|Protect
|move|p2a: Simipour|Flamethrower|p1b: Tinkaton
|-supereffective|p1b: Tinkaton|1
|-damage|p1b: Tinkaton|0 fnt
|faint|p1b: Tinkaton
|move|p2b: Simipour|Scald|p1a: Simisear
|-activate|p1a: Simisear|move: Protect
|
|upkeep
|
|t:|1785652735
|switch|p1b: Garbodor|Garbodor, L50, M|100/100
|turn|6
|
|t:|1785652752
|move|p2a: Simipour|Encore|p1a: Simisear
|-start|p1a: Simisear|Encore
|move|p1a: Simisear|Protect||[still]
|-fail|p1a: Simisear
|move|p2b: Simipour|Scald|p1b: Garbodor
|-damage|p1b: Garbodor|64/100
|-status|p1b: Garbodor|brn
|move|p1b: Garbodor|Explosion|p2a: Simipour|[spread] p1a,p2a,p2b
|-damage|p1a: Simisear|43/100
|-damage|p2a: Simipour|36/100
|-damage|p2b: Simipour|0 fnt
|replace|p2a: Zoroark|Zoroark, L50, M
|-end|p2a: Zoroark|Illusion
|faint|p1b: Garbodor
|faint|p2b: Simipour
|
|upkeep
|turn|7
|
|t:|1785652765
|move|p1a: Simisear|Protect|p1a: Simisear
|-singleturn|p1a: Simisear|Protect
|move|p2a: Zoroark|Sludge Bomb|p1a: Simisear
|-activate|p1a: Simisear|move: Protect
|
|upkeep
|turn|8
|
|t:|1785652771
|move|p1a: Simisear|Protect||[still]
|-fail|p1a: Simisear
|move|p2a: Zoroark|Sludge Bomb|p1a: Simisear
|-damage|p1a: Simisear|2/100
|
|-end|p1a: Simisear|Encore
|upkeep
|turn|9
|
|t:|1785652774
|move|p2a: Zoroark|Sludge Bomb|p1a: Simisear
|-damage|p1a: Simisear|0 fnt
|faint|p1a: Simisear
|
|win|slimeko325
||slimeko325 is ready for game 2.
||TrafalgarLaw773 is ready for game 2.
|uhtml|next|Next: Game 2 of 3
