|j|☆MimmikyuUser
|j|☆AloeVeraVGC
|html|MimmikyuUserAloeVeraVGC    
|uhtml|bestof|Game 2 of a best-of-3
|t:|1783559215
|gametype|doubles
|player|p1|MimmikyuUser|2|1055
|player|p2|AloeVeraVGC|170|1046
|gen|9
|tier|[Gen 9 Champions] VGC 2026 Reg M-B (Bo3)
|rated|
|rule|Species Clause: Limit one of each Pokémon
|rule|Item Clause: Limit 1 of each item
|clearpoke
|poke|p1|Milotic, L50, F|
|poke|p1|Tyranitar, L50, F|
|poke|p1|Garchomp, L50, M|
|poke|p1|Tsareena, L50, F|
|poke|p1|Meganium, L50, F|
|poke|p1|Corviknight, L50, M|
|poke|p2|Chesnaught, L50, M, shiny|
|poke|p2|Pelipper, L50, M|
|poke|p2|Farigiraf, L50, M|
|poke|p2|Clefable, L50, M|
|poke|p2|Primarina, L50, M|
|poke|p2|Gholdengo, L50|
|teampreview|4
|showteam|p1|Milotic||SitrusBerry|Competitive|Scald,IceBeam,Protect,AquaRing|Timid||F|||50|]Tyranitar||ShucaBerry|SandStream|HighHorsepower,StoneEdge,KnockOff,Protect|Adamant||F|||50|]Garchomp||BrightPowder|SandVeil|DragonRush,StompingTantrum,IronHead,Protect|Jolly||M|||50|]Tsareena||KebiaBerry|QueenlyMajesty|ZenHeadbutt,TropKick,Uturn,Protect|Careful||F|||50|]Meganium||Meganiumite|Overgrow|SolarBeam,WeatherBall,Synthesis,LeechSeed|Bold||F|||50|]Corviknight||WacanBerry|MirrorArmor|BodyPress,Tailwind,Roost,IronHead|Impish||M|||50|
|showteam|p2|Chesnaught||Chesnaughtite|Bulletproof|BellyDrum,DrainPunch,SeedBomb,SpikyShield|Sassy||M|||50|]Pelipper||DampRock|Drizzle|WideGuard,WeatherBall,Hurricane,Uturn|Sassy||M|||50|]Farigiraf||ColburBerry|ArmorTail|Thunderbolt,TwinBeam,TrickRoom,HelpingHand|Bold||M|||50|]Clefable||Leftovers|MagicGuard|FollowMe,HelpingHand,LifeDew,Moonblast|Bold||M|||50|]Primarina||SitrusBerry|LiquidVoice|CalmMind,HyperVoice,Moonblast,Protect|Quiet||M|||50|]Gholdengo||LifeOrb|GoodasGold|NastyPlot,MakeItRain,ShadowBall,Protect|Quiet|||||50|
|inactive|Battle timer is ON: inactive players will automatically lose when time's up. (requested by MimmikyuUser)
|inactive|AloeVeraVGC has 60 seconds left.
|
|t:|1783559271
|teamsize|p1|4
|teamsize|p2|4
|start
|switch|p1a: Tyranitar|Tyranitar, L50, F|100/100
|switch|p1b: Tsareena|Tsareena, L50, F|100/100
|switch|p2a: Clefable|Clefable, L50, M|100/100
|switch|p2b: Chesnaught|Chesnaught, L50, M, shiny|100/100
|-weather|Sandstorm|[from] ability: Sand Stream|[of] p1a: Tyranitar
|turn|1
|
|t:|1783559296
|detailschange|p2b: Chesnaught|Chesnaught-Mega, L50, M, shiny
|-mega|p2b: Chesnaught|Chesnaught|Chesnaughtite
|move|p2a: Clefable|Follow Me|p2a: Clefable
|-singleturn|p2a: Clefable|move: Follow Me
|move|p1b: Tsareena|Trop Kick|p2a: Clefable
|-damage|p2a: Clefable|71/100
|-unboost|p2a: Clefable|atk|1
|move|p1a: Tyranitar|Knock Off|p2a: Clefable
|-resisted|p2a: Clefable|1
|-damage|p2a: Clefable|48/100
|-enditem|p2a: Clefable|Leftovers|[from] move: Knock Off|[of] p1a: Tyranitar
|move|p2b: Chesnaught|Belly Drum|p2b: Chesnaught
|-damage|p2b: Chesnaught|50/100g
|-setboost|p2b: Chesnaught|atk|6|[from] move: Belly Drum
|
|-weather|Sandstorm|[upkeep]
|-damage|p1b: Tsareena|93/100|[from] Sandstorm
|-damage|p2b: Chesnaught|44/100|[from] Sandstorm
|upkeep
|turn|2
|
|t:|1783559321
|move|p2a: Clefable|Follow Me|p2a: Clefable
|-singleturn|p2a: Clefable|move: Follow Me
|move|p1b: Tsareena|Zen Headbutt|p2a: Clefable|[miss]
|-miss|p1b: Tsareena|p2a: Clefable
|move|p1a: Tyranitar|Stone Edge|p2a: Clefable
|-crit|p2a: Clefable
|-damage|p2a: Clefable|0 fnt
|faint|p2a: Clefable
|move|p2b: Chesnaught|Drain Punch|p1a: Tyranitar
|-supereffective|p1a: Tyranitar|2
|-damage|p1a: Tyranitar|0 fnt
|-heal|p2b: Chesnaught|97/100|[from] drain|[of] p1a: Tyranitar
|faint|p1a: Tyranitar
|
|-weather|Sandstorm|[upkeep]
|-damage|p1b: Tsareena|87/100|[from] Sandstorm
|-damage|p2b: Chesnaught|91/100|[from] Sandstorm
|upkeep
|
|t:|1783559338
|switch|p1a: Meganium|Meganium, L50, F|100/100
|switch|p2a: Farigiraf|Farigiraf, L50, M|100/100
|turn|3
|
|t:|1783559356
|detailschange|p1a: Meganium|Meganium-Mega, L50, F
|-mega|p1a: Meganium|Meganium|Meganiumite
|move|p2b: Chesnaught|Spiky Shield|p2b: Chesnaught
|-singleturn|p2b: Chesnaught|move: Protect
|move|p1a: Meganium|Leech Seed|p2a: Farigiraf
|-start|p2a: Farigiraf|move: Leech Seed
|move|p1b: Tsareena|Trop Kick|p2b: Chesnaught
|-activate|p2b: Chesnaught|move: Protect
|-damage|p1b: Tsareena|75/100|[from] Spiky Shield|[of] p2b: Chesnaught
|move|p2a: Farigiraf|Trick Room|p2a: Farigiraf
|-fieldstart|move: Trick Room|[of] p2a: Farigiraf
|
|-weather|Sandstorm|[upkeep]
|-damage|p2b: Chesnaught|85/100|[from] Sandstorm
|-damage|p2a: Farigiraf|93/100|[from] Sandstorm
|-damage|p1b: Tsareena|69/100|[from] Sandstorm
|-damage|p1a: Meganium|94/100|[from] Sandstorm
|-damage|p2a: Farigiraf|81/100|[from] Leech Seed|[of] p1a: Meganium
|-heal|p1a: Meganium|100/100|[silent]
|upkeep
|turn|4
|inactive|MimmikyuUser has 30 seconds left.
|inactive|AloeVeraVGC has 30 seconds left.
|
|t:|1783559388
|move|p2b: Chesnaught|Seed Bomb|p1a: Meganium
|-resisted|p1a: Meganium|1
|-damage|p1a: Meganium|57/100
|move|p2a: Farigiraf|Twin Beam|p1a: Meganium
|-damage|p1a: Meganium|43/100
|-damage|p1a: Meganium|30/100
|-hitcount|p1a: Meganium|2
|move|p1b: Tsareena|Trop Kick|p2b: Chesnaught
|-resisted|p2b: Chesnaught|1
|-damage|p2b: Chesnaught|75/100
|-unboost|p2b: Chesnaught|atk|1
|move|p1a: Meganium|Solar Beam||[still]
|-prepare|p1a: Meganium|Solar Beam
|-activate|p1a: Meganium|ability: Mega Sol
|-anim|p1a: Meganium|Solar Beam|p2b: Chesnaught
|-resisted|p2b: Chesnaught|1
|-damage|p2b: Chesnaught|57/100
|
|-weather|Sandstorm|[upkeep]
|-damage|p2b: Chesnaught|51/100|[from] Sandstorm
|-damage|p2a: Farigiraf|75/100|[from] Sandstorm
|-damage|p1b: Tsareena|63/100|[from] Sandstorm
|-damage|p1a: Meganium|24/100|[from] Sandstorm
|-damage|p2a: Farigiraf|62/100|[from] Leech Seed|[of] p1a: Meganium
|-heal|p1a: Meganium|39/100|[silent]
|upkeep
|turn|5
|inactive|AloeVeraVGC has 30 seconds left.
|
|t:|1783559413
|move|p2b: Chesnaught|Drain Punch|p1a: Meganium
|-resisted|p1a: Meganium|1
|-damage|p1a: Meganium|3/100
|-heal|p2b: Chesnaught|69/100|[from] drain|[of] p1a: Meganium
|move|p2a: Farigiraf|Twin Beam|p1b: Tsareena
|-damage|p1b: Tsareena|52/100
|-damage|p1b: Tsareena|40/100
|-hitcount|p1b: Tsareena|2
|move|p1b: Tsareena|Trop Kick|p2b: Chesnaught
|-resisted|p2b: Chesnaught|1
|-damage|p2b: Chesnaught|60/100
|-unboost|p2b: Chesnaught|atk|1
|move|p1a: Meganium|Synthesis|p1a: Meganium
|-activate|p1a: Meganium|ability: Mega Sol
|-heal|p1a: Meganium|70/100
|
|-weather|none
|-damage|p2a: Farigiraf|50/100g|[from] Leech Seed|[of] p1a: Meganium
|-heal|p1a: Meganium|85/100|[silent]
|upkeep
|turn|6
|
|t:|1783559437
|move|p2b: Chesnaught|Spiky Shield|p2b: Chesnaught
|-singleturn|p2b: Chesnaught|move: Protect
|move|p2a: Farigiraf|Twin Beam|p1b: Tsareena
|-damage|p1b: Tsareena|29/100
|-damage|p1b: Tsareena|17/100
|-hitcount|p1b: Tsareena|2
|move|p1b: Tsareena|Trop Kick|p2b: Chesnaught
|-activate|p2b: Chesnaught|move: Protect
|-damage|p1b: Tsareena|5/100|[from] Spiky Shield|[of] p2b: Chesnaught
|move|p1a: Meganium|Solar Beam||[still]
|-prepare|p1a: Meganium|Solar Beam
|-activate|p1a: Meganium|ability: Mega Sol
|-anim|p1a: Meganium|Solar Beam|p2a: Farigiraf
|-damage|p2a: Farigiraf|5/100
|
|-damage|p2a: Farigiraf|0 fnt|[from] Leech Seed|[of] p1a: Meganium
|-heal|p1a: Meganium|92/100|[silent]
|faint|p2a: Farigiraf
|upkeep
|
|t:|1783559448
|switch|p2a: Gholdengo|Gholdengo, L50|100/100
|turn|7
|
|t:|1783559460
|move|p1b: Tsareena|Protect|p1b: Tsareena
|-singleturn|p1b: Tsareena|Protect
|move|p2a: Gholdengo|Protect|p2a: Gholdengo
|-singleturn|p2a: Gholdengo|Protect
|move|p2b: Chesnaught|Drain Punch|p1b: Tsareena
|-activate|p1b: Tsareena|move: Protect
|move|p1a: Meganium|Weather Ball|p2a: Gholdengo
|-activate|p2a: Gholdengo|move: Protect
|
|-fieldend|move: Trick Room
|upkeep
|turn|8
|
|t:|1783559478
|move|p1a: Meganium|Weather Ball|p2a: Gholdengo
|-supereffective|p2a: Gholdengo|1
|-damage|p2a: Gholdengo|1/100
|move|p2a: Gholdengo|Make It Rain|p1a: Meganium|[spread] p1a,p1b
|-supereffective|p1a: Meganium|1
|-damage|p1a: Meganium|0 fnt
|-damage|p1b: Tsareena|0 fnt
|-unboost|p2a: Gholdengo|spa|2
|faint|p1a: Meganium
|faint|p1b: Tsareena
|-damage|p2a: Gholdengo|0 fnt|[from] item: Life Orb
|faint|p2a: Gholdengo
|move|p2b: Chesnaught|Drain Punch|p1: Meganium|[notarget]
|-fail|p2b: Chesnaught
|
|upkeep
|inactive|MimmikyuUser has 30 seconds left.
|
|t:|1783559509
|switch|p1b: Garchomp|Garchomp, L50, M|100/100
|turn|9
|
|t:|1783559525
|move|p1b: Garchomp|Dragon Rush|p2b: Chesnaught
|-damage|p2b: Chesnaught|30/100
|move|p2b: Chesnaught|Drain Punch|p1b: Garchomp
|-damage|p1b: Garchomp|0 fnt
|-heal|p2b: Chesnaught|77/100|[from] drain|[of] p1b: Garchomp
|faint|p1b: Garchomp
|
|win|AloeVeraVGC
|raw|MimmikyuUser's rating: 1055 → 1036(-19 for losing)
|raw|AloeVeraVGC's rating: 1046 → 1080(+34 for winning)
|c|☆AloeVeraVGC|gg
|l|☆MimmikyuUser
|player|p1|
