|j|‽hpeezy
|j|☆exessvgc
|html|hpeezyexessvgc    
|uhtml|bestof|Game 1 of a best-of-3
|t:|1782749509
|gametype|doubles
|player|p1|hpeezy|102|1023
|player|p2|exessvgc|266|1072
|gen|9
|tier|[Gen 9 Champions] VGC 2026 Reg M-B (Bo3)
|rated|
|rule|Species Clause: Limit one of each Pokémon
|rule|Item Clause: Limit 1 of each item
|clearpoke
|poke|p1|Staraptor, L50, F|
|poke|p1|Ditto, L50|
|poke|p1|Whimsicott, L50, F|
|poke|p1|Dragapult, L50, F|
|poke|p1|Farigiraf, L50, F|
|poke|p1|Rotom-Wash, L50|
|poke|p2|Charizard, L50, M|
|poke|p2|Sneasler, L50, M|
|poke|p2|Farigiraf, L50, F|
|poke|p2|Aerodactyl, L50, M|
|poke|p2|Sylveon, L50, F|
|poke|p2|Venusaur, L50, M|
|teampreview|4
|showteam|p1|Staraptor||Staraptite|Intimidate|BraveBird,CloseCombat,Roost,Protect|Adamant||F|||50|]Ditto||ChoiceScarf|Imposter|Transform|Calm|||||50|]Whimsicott||FocusSash|Prankster|DazzlingGleam,LightScreen,Encore,StunSpore|Bold||F|||50|]Dragapult||LifeOrb|ClearBody|DragonDarts,PhantomForce,Disable,Uturn|Jolly||F|||50|]Farigiraf||SilkScarf|ArmorTail|HyperVoice,Psychic,Protect,Roar|Calm||F|||50|]Rotom-Wash||MysticWater|Levitate|HydroPump,Thunderbolt,ThunderWave,Reflect|Timid|||||50|
|showteam|p2|Charizard||CharizarditeX|Blaze|DragonDance,DragonClaw,FlareBlitz,Protect|Jolly||M|||50|]Sneasler||WhiteHerb|Unburden|FakeOut,Protect,CloseCombat,DireClaw|Jolly||M|||50|]Farigiraf||SitrusBerry|ArmorTail|TrickRoom,PsychicNoise,HelpingHand,GrassKnot|Bold||F|||50|]Aerodactyl||FocusSash|Unnerve|RockSlide,Tailwind,SunnyDay,Taunt|Jolly||M|||50|]Sylveon||FairyFeather|Pixilate|HyperVoice,HyperBeam,Protect,ShadowBall|Modest||F|||50|]Venusaur||WideLens|Chlorophyll|SludgeBomb,GigaDrain,SleepPowder,Protect|Modest||M|||50|
|inactive|Battle timer is ON: inactive players will automatically lose when time's up. (requested by hpeezy)
|inactive|hpeezy has 60 seconds left.
|inactive|exessvgc has 60 seconds left.
|
|t:|1782749568
|teamsize|p1|4
|teamsize|p2|4
|start
|switch|p1a: Rotom|Rotom-Wash, L50|100/100
|switch|p1b: Dragapult|Dragapult, L50, F|100/100
|switch|p2a: DINOSAUVO|Aerodactyl, L50, M|100/100
|switch|p2b: Marianela|Sylveon, L50, F|100/100
|-ability|p2a: DINOSAUVO|Unnerve
|turn|1
|
|t:|1782749588
|move|p1b: Dragapult|Phantom Force||[still]
|-prepare|p1b: Dragapult|Phantom Force
|move|p2a: DINOSAUVO|Tailwind|p2a: DINOSAUVO
|-sidestart|p2: exessvgc|move: Tailwind
|move|p2b: Marianela|Hyper Beam|p1a: Rotom
|-damage|p1a: Rotom|0 fnt
|-mustrecharge|p2b: Marianela
|faint|p1a: Rotom
|
|upkeep
|
|t:|1782749600
|switch|p1a: Ditto|Ditto, L50|100/100
|-transform|p1a: Ditto|p2b: Marianela|[from] ability: Imposter
|turn|2
|
|t:|1782749619
|move|p2a: DINOSAUVO|Rock Slide|p1b: Dragapult|[spread] p1a
|-miss|p2a: DINOSAUVO|p1b: Dragapult
|-damage|p1a: Ditto|57/100
|move|p1b: Dragapult|Phantom Force|p2b: Marianela|[from] lockedmove
|-damage|p2b: Marianela|24/100
|-damage|p1b: Dragapult|90/100|[from] item: Life Orb
|cant|p2b: Marianela|recharge
|move|p1a: Ditto|Hyper Voice|p2b: Marianela|[spread] p2a,p2b
|-damage|p2a: DINOSAUVO|40/100
|-damage|p2b: Marianela|0 fnt
|faint|p2b: Marianela
|
|upkeep
|
|t:|1782749638
|switch|p2b: Frank|Venusaur, L50, M|100/100
|turn|3
|
|t:|1782749656
|switch|p1a: Staraptor|Staraptor, L50, F|100/100
|-ability|p1a: Staraptor|Intimidate|boost
|-unboost|p2a: DINOSAUVO|atk|1
|-unboost|p2b: Frank|atk|1
|move|p2a: DINOSAUVO|Rock Slide|p1b: Dragapult|[spread] p1a,p1b
|-supereffective|p1a: Staraptor|1
|-damage|p1a: Staraptor|50/100g
|-damage|p1b: Dragapult|66/100
|move|p2b: Frank|Sleep Powder|p1b: Dragapult
|-status|p1b: Dragapult|slp|[from] move: Sleep Powder
|cant|p1b: Dragapult|slp
|
|upkeep
|turn|4
|inactive|exessvgc has 30 seconds left.
|
|t:|1782749682
|move|p1a: Staraptor|Protect|p1a: Staraptor
|-singleturn|p1a: Staraptor|Protect
|move|p2a: DINOSAUVO|Rock Slide|p1a: Staraptor|[spread] 
|-activate|p1a: Staraptor|move: Protect
|-miss|p2a: DINOSAUVO|p1b: Dragapult
|move|p2b: Frank|Sleep Powder|p1a: Staraptor
|-activate|p1a: Staraptor|move: Protect
|cant|p1b: Dragapult|slp
|
|-sideend|p2: exessvgc|move: Tailwind
|upkeep
|turn|5
|
|t:|1782749699
|detailschange|p1a: Staraptor|Staraptor-Mega, L50, F
|-mega|p1a: Staraptor|Staraptor|Staraptite
|-curestatus|p1b: Dragapult|slp|[msg]
|move|p1b: Dragapult|Phantom Force||[still]
|-prepare|p1b: Dragapult|Phantom Force
|move|p2a: DINOSAUVO|Tailwind|p2a: DINOSAUVO
|-sidestart|p2: exessvgc|move: Tailwind
|move|p2b: Frank|Sleep Powder|p1a: Staraptor
|-status|p1a: Staraptor|slp|[from] move: Sleep Powder
|cant|p1a: Staraptor|slp
|
|upkeep
|turn|6
|
|t:|1782749714
|switch|p2a: LA GIRAFFA|Farigiraf, L50, F|100/100
|switch|p1a: Ditto|Ditto, L50|57/100
|-transform|p1a: Ditto|p2b: Frank|[from] ability: Imposter
|move|p2b: Frank|Sludge Bomb|p1a: Ditto
|-damage|p1a: Ditto|2/100
|move|p1b: Dragapult|Phantom Force|p2b: Frank|[from] lockedmove
|-damage|p2b: Frank|17/100
|-damage|p1b: Dragapult|56/100|[from] item: Life Orb
|
|upkeep
|turn|7
|inactive|exessvgc has 30 seconds left.
|
|t:|1782749745
|move|p2b: Frank|Sludge Bomb|p1a: Ditto
|-damage|p1a: Ditto|0 fnt
|faint|p1a: Ditto
|move|p1b: Dragapult|Dragon Darts|p2b: Frank
|-damage|p2b: Frank|0 fnt
|-anim|p1b: Dragapult|Dragon Darts|p2a: LA GIRAFFA
|-damage|p2a: LA GIRAFFA|71/100
|faint|p2b: Frank
|-damage|p1b: Dragapult|47/100|[from] item: Life Orb
|move|p2a: LA GIRAFFA|Psychic Noise|p1b: Dragapult
|-damage|p1b: Dragapult|4/100
|-start|p1b: Dragapult|move: Heal Block
|
|upkeep
|
|t:|1782749757
|switch|p2b: DINOSAUVO|Aerodactyl, L50, M|40/100
|switch|p1a: Staraptor|Staraptor-Mega, L50, F|50/100g slp
|-ability|p2b: DINOSAUVO|Unnerve
|turn|8
|
|t:|1782749775
|cant|p1a: Staraptor|slp
|move|p2b: DINOSAUVO|Rock Slide|p1a: Staraptor|[spread] p1a,p1b
|-damage|p1a: Staraptor|26/100 slp
|-damage|p1b: Dragapult|0 fnt
|faint|p1b: Dragapult
|move|p2a: LA GIRAFFA|Psychic Noise|p1a: Staraptor
|-supereffective|p1a: Staraptor|1
|-damage|p1a: Staraptor|0 fnt
|faint|p1a: Staraptor
|
|win|exessvgc
|l|‽hpeezy
|player|p1|
||hpeezy is ready for game 2.
||exessvgc is ready for game 2.
|uhtml|next|Next: Game 2 of 3
