|j|☆Mr.CooperCR
|j|☆andiom123
|html|Mr.CooperCRandiom123    
|uhtml|bestof|Game 1 of a best-of-3
|t:|1785300649
|gametype|doubles
|player|p1|Mr.CooperCR|misty|1128
|player|p2|andiom123|red|1210
|gen|9
|tier|[Gen 9 Champions] VGC 2026 Reg M-B (Bo3)
|rated|
|rule|Species Clause: Limit one of each Pokémon
|rule|Item Clause: Limit 1 of each item
|clearpoke
|poke|p1|Floette-Eternal, L50, F|
|poke|p1|Gholdengo, L50|
|poke|p1|Hydreigon, L50, F|
|poke|p1|Whimsicott, L50, F|
|poke|p1|Staraptor, L50, F|
|poke|p1|Politoed, L50, M|
|poke|p2|Incineroar, L50, F|
|poke|p2|Farigiraf, L50, M|
|poke|p2|Sylveon, L50, F|
|poke|p2|Torkoal, L50, M|
|poke|p2|Kangaskhan, L50, F|
|poke|p2|Mudsdale, L50, F|
|teampreview|4
|showteam|p1|Floette-Eternal||Floettite|FlowerVeil|Moonblast,DazzlingGleam,LightofRuin,Protect|Timid||F|||50|]Gholdengo||LifeOrb|GoodasGold|ShadowBall,MakeItRain,PowerGem,Protect|Timid|||||50|]Hydreigon||ChoiceScarf|Levitate|DracoMeteor,DarkPulse,EarthPower,Snarl|Timid||F|||50|]Whimsicott||FocusSash|Prankster|Moonblast,Tailwind,Charm,Protect|Timid||F|||50|]Staraptor||Staraptite|Intimidate|BraveBird,CloseCombat,Roost,Protect|Jolly||F|||50|]Politoed||SitrusBerry|Drizzle|MuddyWater,IceBeam,PerishSong,Protect|Calm||M|||50|
|showteam|p2|Incineroar||MuscleBand|Intimidate|ThroatChop,FlareBlitz,FakeOut,PartingShot|Brave||F|||50|]Farigiraf||SitrusBerry|ArmorTail|FoulPlay,PsychicNoise,TrickRoom,HelpingHand|Relaxed||M|||50|]Sylveon||FairyFeather|Pixilate|HyperVoice,HyperBeam,Yawn,Detect|Modest||F|||50|]Torkoal||Charcoal|Drought|Eruption,EarthPower,Flamethrower,Protect|Quiet||M|||50|]Kangaskhan||Kangaskhanite|Scrappy|DoubleEdge,FakeOut,IcePunch,HammerArm|Brave||F|||50|]Mudsdale||LifeOrb|InnerFocus|HighHorsepower,Earthquake,RockSlide,HeavySlam|Brave||F|||50|
|inactive|Battle timer is ON: inactive players will automatically lose when time's up. (requested by Mr.CooperCR)
|
|t:|1785300701
|teamsize|p1|4
|teamsize|p2|4
|start
|switch|p1a: Hydreigon|Hydreigon, L50, F|100/100
|switch|p1b: Gholdengo|Gholdengo, L50|100/100
|switch|p2a: Farigiraf|Farigiraf, L50, M|100/100
|switch|p2b: Incineroar|Incineroar, L50, F|100/100
|-ability|p2b: Incineroar|Intimidate|boost
|-unboost|p1a: Hydreigon|atk|1
|-unboost|p1b: Gholdengo|atk|1
|turn|1
|inactive|Mr.CooperCR has 30 seconds left.
|
|t:|1785300729
|move|p2b: Incineroar|Fake Out|p1a: Hydreigon
|-damage|p1a: Hydreigon|82/100
|cant|p1a: Hydreigon|flinch
|move|p1b: Gholdengo|Make It Rain|p2a: Farigiraf|[spread] p2a,p2b
|-resisted|p2b: Incineroar|1
|-damage|p2a: Farigiraf|51/100
|-damage|p2b: Incineroar|71/100
|-unboost|p1b: Gholdengo|spa|2
|-damage|p1b: Gholdengo|90/100|[from] item: Life Orb
|move|p2a: Farigiraf|Trick Room|p2a: Farigiraf
|-fieldstart|move: Trick Room|[of] p2a: Farigiraf
|
|upkeep
|turn|2
|
|t:|1785300749
|switch|p1b: Floette|Floette-Eternal, L50, F|100/100
|move|p2a: Farigiraf|Foul Play|p1b: Floette
|-resisted|p1b: Floette|1
|-damage|p1b: Floette|89/100
|move|p2b: Incineroar|Parting Shot|p1a: Hydreigon
|-unboost|p1a: Hydreigon|atk|1
|-unboost|p1a: Hydreigon|spa|1
|
|t:|1785300757
|switch|p2b: Sylveon|Sylveon, L50, F|100/100|[from] Parting Shot
|move|p1a: Hydreigon|Dark Pulse|p2a: Farigiraf
|-supereffective|p2a: Farigiraf|1
|-damage|p2a: Farigiraf|3/100
|-enditem|p2a: Farigiraf|Sitrus Berry|[eat]
|-heal|p2a: Farigiraf|28/100|[from] item: Sitrus Berry
|
|upkeep
|turn|3
|
|t:|1785300773
|switch|p1a: Politoed|Politoed, L50, M|100/100
|-weather|RainDance|[from] ability: Drizzle|[of] p1a: Politoed
|move|p1b: Floette|Protect|p1b: Floette
|-singleturn|p1b: Floette|Protect
|move|p2a: Farigiraf|Foul Play|p1a: Politoed
|-damage|p1a: Politoed|84/100
|move|p2b: Sylveon|Hyper Voice|p1b: Floette|[spread] p1a
|-activate|p1b: Floette|move: Protect
|-damage|p1a: Politoed|48/100
|-enditem|p1a: Politoed|Sitrus Berry|[eat]
|-heal|p1a: Politoed|73/100|[from] item: Sitrus Berry
|
|-weather|RainDance|[upkeep]
|upkeep
|turn|4
|
|t:|1785300794
|switch|p1b: Gholdengo|Gholdengo, L50|90/100
|move|p2a: Farigiraf|Helping Hand|p2b: Sylveon
|-singleturn|p2b: Sylveon|Helping Hand|[of] p2a: Farigiraf
|move|p2b: Sylveon|Hyper Voice|p1b: Gholdengo|[spread] p1a,p1b
|-resisted|p1b: Gholdengo|1
|-damage|p1a: Politoed|19/100
|-damage|p1b: Gholdengo|53/100
|move|p1a: Politoed|Muddy Water|p2b: Sylveon|[spread] p2b
|-miss|p1a: Politoed|p2a: Farigiraf
|-damage|p2b: Sylveon|77/100
|
|-weather|RainDance|[upkeep]
|upkeep
|turn|5
|
|t:|1785300813
|move|p1a: Politoed|Protect|p1a: Politoed
|-singleturn|p1a: Politoed|Protect
|move|p1b: Gholdengo|Protect|p1b: Gholdengo
|-singleturn|p1b: Gholdengo|Protect
|move|p2a: Farigiraf|Foul Play|p1b: Gholdengo
|-activate|p1b: Gholdengo|move: Protect
|move|p2b: Sylveon|Hyper Voice|p1a: Politoed|[spread] 
|-activate|p1a: Politoed|move: Protect
|-activate|p1b: Gholdengo|move: Protect
|
|-weather|RainDance|[upkeep]
|-fieldend|move: Trick Room
|upkeep
|turn|6
|
|t:|1785300829
|switch|p2a: Incineroar|Incineroar, L50, F|71/100
|-ability|p2a: Incineroar|Intimidate|boost
|-unboost|p1a: Politoed|atk|1
|-unboost|p1b: Gholdengo|atk|1
|move|p2b: Sylveon|Detect|p2b: Sylveon
|-singleturn|p2b: Sylveon|Protect
|move|p1b: Gholdengo|Make It Rain|p2b: Sylveon|[spread] p2a
|-activate|p2b: Sylveon|move: Protect
|-resisted|p2a: Incineroar|1
|-damage|p2a: Incineroar|45/100
|-unboost|p1b: Gholdengo|spa|2
|-damage|p1b: Gholdengo|43/100|[from] item: Life Orb
|move|p1a: Politoed|Ice Beam|p2b: Sylveon
|-activate|p2b: Sylveon|move: Protect
|
|-weather|RainDance|[upkeep]
|upkeep
|turn|7
|
|t:|1785300854
|switch|p1b: Hydreigon|Hydreigon, L50, F|82/100
|move|p1a: Politoed|Protect|p1a: Politoed
|-singleturn|p1a: Politoed|Protect
|move|p2a: Incineroar|Fake Out|p1a: Politoed
|-activate|p1a: Politoed|move: Protect
|move|p2b: Sylveon|Hyper Voice|p1a: Politoed|[spread] p1b
|-activate|p1a: Politoed|move: Protect
|-supereffective|p1b: Hydreigon|2
|-crit|p1b: Hydreigon
|-damage|p1b: Hydreigon|0 fnt
|faint|p1b: Hydreigon
|
|-weather|none
|upkeep
|
|t:|1785300861
|switch|p1b: Gholdengo|Gholdengo, L50|43/100
|turn|8
|inactive|andiom123 has 30 seconds left.
|
|t:|1785300895
|switch|p2a: Torkoal|Torkoal, L50, M|100/100
|-weather|SunnyDay|[from] ability: Drought|[of] p2a: Torkoal
|move|p1b: Gholdengo|Protect|p1b: Gholdengo
|-singleturn|p1b: Gholdengo|Protect
|move|p2b: Sylveon|Detect|p2b: Sylveon
|-singleturn|p2b: Sylveon|Protect
|move|p1a: Politoed|Muddy Water|p2a: Torkoal|[spread] p2a
|-activate|p2b: Sylveon|move: Protect
|-supereffective|p2a: Torkoal|1
|-damage|p2a: Torkoal|72/100
|
|-weather|SunnyDay|[upkeep]
|upkeep
|turn|9
|inactive|Mr.CooperCR has 30 seconds left.
|
|t:|1785300923
|switch|p1a: Floette|Floette-Eternal, L50, F|89/100
|move|p1b: Gholdengo|Shadow Ball|p2a: Torkoal
|-damage|p2a: Torkoal|4/100
|-damage|p1b: Gholdengo|34/100|[from] item: Life Orb
|move|p2b: Sylveon|Hyper Voice|p1a: Floette|[spread] p1a,p1b
|-resisted|p1b: Gholdengo|1
|-damage|p1a: Floette|47/100
|-damage|p1b: Gholdengo|8/100
|move|p2a: Torkoal|Flamethrower|p1b: Gholdengo
|-supereffective|p1b: Gholdengo|1
|-damage|p1b: Gholdengo|0 fnt
|faint|p1b: Gholdengo
|
|-weather|SunnyDay|[upkeep]
|upkeep
|
|t:|1785300928
|switch|p1b: Politoed|Politoed, L50, M|19/100
|-weather|RainDance|[from] ability: Drizzle|[of] p1b: Politoed
|turn|10
|inactive|andiom123 has 30 seconds left.
|
|t:|1785300955
|switch|p2a: Farigiraf|Farigiraf, L50, M|28/100
|detailschange|p1a: Floette|Floette-Mega, L50, F
|-mega|p1a: Floette|Floette|Floettite
|-ability|p1a: Floette|Fairy Aura
|move|p2b: Sylveon|Detect|p2b: Sylveon
|-singleturn|p2b: Sylveon|Protect
|move|p1a: Floette|Moonblast|p2b: Sylveon
|-activate|p2b: Sylveon|move: Protect
|move|p1b: Politoed|Muddy Water|p2b: Sylveon|[spread] p2a
|-activate|p2b: Sylveon|move: Protect
|-damage|p2a: Farigiraf|0 fnt
|faint|p2a: Farigiraf
|
|-weather|RainDance|[upkeep]
|upkeep
|
|t:|1785300970
|switch|p2a: Torkoal|Torkoal, L50, M|4/100
|-weather|SunnyDay|[from] ability: Drought|[of] p2a: Torkoal
|turn|11
|inactive|Mr.CooperCR has 30 seconds left.
|
|t:|1785301004
|move|p1a: Floette|Light of Ruin|p2b: Sylveon
|-damage|p2b: Sylveon|2/100
|-damage|p1a: Floette|3/100|[from] Recoil
|move|p1b: Politoed|Muddy Water|p2b: Sylveon|[spread] p2b
|-miss|p1b: Politoed|p2a: Torkoal
|-damage|p2b: Sylveon|0 fnt
|faint|p2b: Sylveon
|move|p2a: Torkoal|Flamethrower|p1a: Floette
|-damage|p1a: Floette|0 fnt
|faint|p1a: Floette
|
|-weather|SunnyDay|[upkeep]
|upkeep
|
|t:|1785301018
|switch|p2b: Incineroar|Incineroar, L50, F|45/100
|-ability|p2b: Incineroar|Intimidate|boost
|-unboost|p1b: Politoed|atk|1
|turn|12
|
|t:|1785301032
|move|p1b: Politoed|Protect|p1b: Politoed
|-singleturn|p1b: Politoed|Protect
|move|p2b: Incineroar|Flare Blitz|p1b: Politoed
|-activate|p1b: Politoed|move: Protect
|move|p2a: Torkoal|Flamethrower|p1b: Politoed
|-activate|p1b: Politoed|move: Protect
|
|-weather|SunnyDay|[upkeep]
|upkeep
|turn|13
|
|t:|1785301044
|move|p1b: Politoed|Muddy Water|p2a: Torkoal|[spread] p2a,p2b
|-supereffective|p2a: Torkoal|1
|-supereffective|p2b: Incineroar|1
|-damage|p2a: Torkoal|0 fnt
|-damage|p2b: Incineroar|24/100
|-unboost|p2b: Incineroar|accuracy|1
|faint|p2a: Torkoal
|move|p2b: Incineroar|Flare Blitz|p1b: Politoed|[miss]
|-miss|p2b: Incineroar|p1b: Politoed
|
|-weather|SunnyDay|[upkeep]
|upkeep
|turn|14
|
|t:|1785301062
|move|p1b: Politoed|Protect|p1b: Politoed
|-singleturn|p1b: Politoed|Protect
|move|p2b: Incineroar|Flare Blitz|p1b: Politoed
|-activate|p1b: Politoed|move: Protect
|
|-weather|SunnyDay|[upkeep]
|upkeep
|turn|15
|
|t:|1785301069
|move|p1b: Politoed|Muddy Water|p2b: Incineroar
|-supereffective|p2b: Incineroar|1
|-damage|p2b: Incineroar|0 fnt
|faint|p2b: Incineroar
|
|win|Mr.CooperCR
||andiom123 is ready for game 2.
||Mr.CooperCR is ready for game 2.
|uhtml|next|Next: Game 2 of 3
