|j|â˜†Wendiigo
|j|â˜†hotellicker
|html|Wendiigohotellicker    
|uhtml|bestof|Game 2 of a best-of-3
|t:|1785972902
|gametype|doubles
|player|p1|Wendiigo|guitarist-gen4|
|player|p2|hotellicker|n|
|gen|9
|tier|[Gen 9 Champions] VGC 2026 Reg M-B (Bo3)
|rule|Species Clause: Limit one of each PokÃ©mon
|rule|Item Clause: Limit 1 of each item
|clearpoke
|poke|p1|Clefable, L50, M|
|poke|p1|Tyranitar, L50, F, shiny|
|poke|p1|Infernape, L50, F, shiny|
|poke|p1|Excadrill, L50, F, shiny|
|poke|p1|Rotom, L50|
|poke|p1|Reuniclus, L50, F, shiny|
|poke|p2|Mawile, L50, F|
|poke|p2|Gallade, L50, M, shiny|
|poke|p2|Milotic, L50, F|
|poke|p2|Abomasnow, L50, M|
|poke|p2|Farigiraf, L50, M|
|poke|p2|Mudsdale, L50, M|
|teampreview|4
|showteam|p1|Clefable||Clefablite|CuteCharm|Moonblast,Thunderbolt,FollowMe,Protect|Modest||M|||50|]Tyranitar||Tyranitarite|SandStream|Crunch,FirePunch,DragonDance,Protect|Adamant||F|||50|]Infernape||PayapaBerry|Blaze|FakeOut,FlameCharge,Taunt,Protect|Modest||F|||50|]Excadrill||ChopleBerry|SandForce|HighHorsepower,Earthquake,SwordsDance,Protect|Adamant||F|||50|]Rotom||ChoiceScarf|Levitate|ElectroBall,VoltSwitch,ShadowBall,Protect|Timid|||||50|]Reuniclus||LifeOrb|MagicGuard|GrassKnot,Imprison,TrickRoom,Protect|Modest||F|||50|
|showteam|p2|Mawile||Mawilite|Intimidate|PlayRough,SuckerPunch,IronHead,Protect|Brave||F|||50|]Gallade||Galladite|Sharpness|SacredSword,PsychoCut,NightSlash,Protect|Jolly||M|||50|]Milotic||ZoomLens|Competitive|MuddyWater,Hypnosis,Coil,Recover|Sassy||F|||50|]Abomasnow||NeverMeltIce|SnowWarning|Blizzard,EnergyBall,EarthPower,Protect|Quiet||M|||50|]Farigiraf||MentalHerb|ArmorTail|TrickRoom,HelpingHand,Psychic,Protect|Sassy||M|||50|]Mudsdale||SoftSand|Stamina|HighHorsepower,RockSlide,Protect,BodyPress|Brave||M|||50|
|
|t:|1785972960
|teamsize|p1|4
|teamsize|p2|4
|start
|switch|p1a: Wukong|Infernape, L50, F, shiny|100/100
|switch|p1b: Amy|Tyranitar, L50, F, shiny|100/100
|switch|p2a: sugarcube|Mudsdale, L50, M|100/100
|switch|p2b: Gallade|Gallade, L50, M, shiny|100/100
|-weather|Sandstorm|[from] ability: Sand Stream|[of] p1b: Amy
|turn|1
|
|t:|1785973023
|switch|p2a: giraffe friend|Farigiraf, L50, M|100/100
|detailschange|p2b: Gallade|Gallade-Mega, L50, M, shiny
|-mega|p2b: Gallade|Gallade|Galladite
|move|p1a: Wukong|Fake Out||[still]
|cant|p2a: giraffe friend|ability: Armor Tail|Fake Out|[of] p1a: Wukong
|move|p2b: Gallade|Sacred Sword|p1b: Amy
|-supereffective|p1b: Amy|2
|-damage|p1b: Amy|0 fnt
|faint|p1b: Amy
|
|-weather|Sandstorm|[upkeep]
|-damage|p2b: Gallade|94/100|[from] Sandstorm
|-damage|p1a: Wukong|93/100|[from] Sandstorm
|-damage|p2a: giraffe friend|93/100|[from] Sandstorm
|upkeep
|c|â˜†Wendiigo|very well played
|c|â˜†hotellicker|thank u
|c|â˜†Wendiigo|i did not know it worked like that
|
|t:|1785973043
|switch|p1b: GOAT TALK|Reuniclus, L50, F, shiny|100/100
|turn|2
|c|â˜†hotellicker|i kinda abuse it i wont lie
|
|t:|1785973071
|move|p2a: giraffe friend|Helping Hand|p2b: Gallade
|-singleturn|p2b: Gallade|Helping Hand|[of] p2a: giraffe friend
|move|p1a: Wukong|Protect|p1a: Wukong
|-singleturn|p1a: Wukong|Protect
|move|p2b: Gallade|Night Slash|p1b: GOAT TALK
|-supereffective|p1b: GOAT TALK|1
|-damage|p1b: GOAT TALK|17/100
|move|p1b: GOAT TALK|Imprison|p1b: GOAT TALK
|-start|p1b: GOAT TALK|move: Imprison
|
|-weather|Sandstorm|[upkeep]
|-damage|p2b: Gallade|88/100|[from] Sandstorm
|-damage|p1a: Wukong|87/100|[from] Sandstorm
|-damage|p2a: giraffe friend|87/100|[from] Sandstorm
|upkeep
|turn|3
|
|t:|1785973098
|move|p1b: GOAT TALK|Protect|p1b: GOAT TALK
|-singleturn|p1b: GOAT TALK|Protect
|move|p2b: Gallade|Psycho Cut|p1a: Wukong
|-supereffective|p1a: Wukong|1
|-enditem|p1a: Wukong|Payapa Berry|[eat]
|-enditem|p1a: Wukong|Payapa Berry|[weaken]
|-damage|p1a: Wukong|38/100
|move|p1a: Wukong|Taunt|p2a: giraffe friend
|-start|p2a: giraffe friend|move: Taunt
|-enditem|p2a: giraffe friend|Mental Herb
|-end|p2a: giraffe friend|move: Taunt
|move|p2a: giraffe friend|Psychic|p1a: Wukong
|-supereffective|p1a: Wukong|1
|-damage|p1a: Wukong|0 fnt
|faint|p1a: Wukong
|
|-weather|Sandstorm|[upkeep]
|-damage|p2b: Gallade|82/100|[from] Sandstorm
|-damage|p2a: giraffe friend|81/100|[from] Sandstorm
|upkeep
|c|â˜†Wendiigo|cooked lmso
|c|â˜†Wendiigo|holy fuck
|
|t:|1785973120
|switch|p1a: BLAMF|Excadrill, L50, F, shiny|100/100
|turn|4
|
|t:|1785973142
|move|p2b: Gallade|Night Slash|p1b: GOAT TALK
|-supereffective|p1b: GOAT TALK|1
|-damage|p1b: GOAT TALK|0 fnt
|faint|p1b: GOAT TALK
|move|p1a: BLAMF|High Horsepower|p2b: Gallade|[miss]
|-miss|p1a: BLAMF|p2b: Gallade
|move|p2a: giraffe friend|Psychic|p1a: BLAMF
|-resisted|p1a: BLAMF|1
|-damage|p1a: BLAMF|80/100
|-unboost|p1a: BLAMF|spd|1
|
|-weather|Sandstorm|[upkeep]
|-damage|p2b: Gallade|76/100|[from] Sandstorm
|-damage|p2a: giraffe friend|75/100|[from] Sandstorm
|upkeep
|turn|5
|c|â˜†hotellicker|thats fucked
|c|â˜†Wendiigo|no fucking way haha
|c|â˜†Wendiigo|gg
|
|t:|1785973158
|move|p2a: giraffe friend|Helping Hand|p2b: Gallade
|-singleturn|p2b: Gallade|Helping Hand|[of] p2a: giraffe friend
|move|p2b: Gallade|Sacred Sword|p1a: BLAMF
|-supereffective|p1a: BLAMF|1
|-enditem|p1a: BLAMF|Chople Berry|[eat]
|-enditem|p1a: BLAMF|Chople Berry|[weaken]
|-damage|p1a: BLAMF|0 fnt
|faint|p1a: BLAMF
|
|win|hotellicker
|c|â˜†Wendiigo|you got the replays
|c|â˜†hotellicker|ggs man
|c|â˜†Wendiigo|?
|c|â˜†hotellicker|i deleted game one
|c|â˜†hotellicker|FUCK
|c|â˜†Wendiigo|ggs bro good luck in next round
|c|â˜†hotellicker|thank u
|c|â˜†Wendiigo|go back to the best of 3
|c|â˜†Wendiigo|can you not get i there>
|c|â˜†hotellicker|i got it yeah
|c|â˜†hotellicker|u right
|c|â˜†hotellicker|HAHA
|c|â˜†hotellicker|thanx
