|j|☆Washingtung DC
|j|☆PikaTROD
|html|Washingtung DCPikaTROD    
|uhtml|bestof|Game 2 of a best-of-3
|t:|1782487784
|gametype|doubles
|player|p1|Washingtung DC|roughneck|1213
|player|p2|PikaTROD|101|1335
|gen|9
|tier|[Gen 9 Champions] VGC 2026 Reg M-B (Bo3)
|rated|
|rule|Species Clause: Limit one of each Pokémon
|rule|Item Clause: Limit 1 of each item
|clearpoke
|poke|p1|Swampert, L50, F|
|poke|p1|Pelipper, L50, M|
|poke|p1|Archaludon, L50, F|
|poke|p1|Grimmsnarl, L50, M|
|poke|p1|Sinistcha, L50|
|poke|p1|Skeledirge, L50, M|
|poke|p2|Whimsicott, L50, F|
|poke|p2|Torkoal, L50, M|
|poke|p2|Pyroar, L50, M|
|poke|p2|Farigiraf, L50, M|
|poke|p2|Scrafty, L50, F|
|poke|p2|Basculegion, L50, M|
|teampreview|4
|showteam|p1|Swampert||Swampertite|Torrent|Earthquake,WaveCrash,StompingTantrum,Protect|Adamant||F|||50|]Pelipper||SitrusBerry|Drizzle|Tailwind,WeatherBall,Hurricane,Protect|Modest||M|||50|]Archaludon||ShucaBerry|Stamina|DragonPulse,ElectroShot,FlashCannon,Protect|Modest||F|||50|]Grimmsnarl||BlackGlasses|Prankster|SuckerPunch,PartingShot,LightScreen,SpiritBreak|Adamant||M|||50|]Sinistcha||KasibBerry|Hospitality|TrickRoom,ShadowBall,MatchaGotcha,RagePowder|Modest|||||50|]Skeledirge||Leftovers|Unaware|WillOWisp,TorchSong,ShadowBall,Protect|Modest||M|||50|
|showteam|p2|Whimsicott||FairyFeather|Prankster|Tailwind,Moonblast,Protect,SunnyDay|Timid||F|||50|]Torkoal||Charcoal|Drought|Eruption,WeatherBall,HelpingHand,Protect|Quiet||M|||50|]Pyroar||Pyroarite|Unnerve|HeatWave,Overheat,SolarBeam,Protect|Timid||M|||50|]Farigiraf||SitrusBerry|ArmorTail|TrickRoom,Protect,HelpingHand,Psychic|Quiet||M|||50|]Scrafty||Scraftinite|Intimidate|FakeOut,RockSlide,ThroatChop,CloseCombat|Adamant||F|||50|]Basculegion||FocusSash|Adaptability|LastRespects,Liquidation,AquaJet,Protect|Adamant||M|||50|
|inactive|Battle timer is ON: inactive players will automatically lose when time's up. (requested by PikaTROD)
|
|t:|1782487807
|teamsize|p1|4
|teamsize|p2|4
|start
|switch|p1a: Grimmsnarl|Grimmsnarl, L50, M|100/100
|switch|p1b: Archaludon|Archaludon, L50, F|100/100
|switch|p2a: Farigiraf|Farigiraf, L50, M|100/100
|switch|p2b: Scrafty|Scrafty, L50, F|100/100
|-ability|p2b: Scrafty|Intimidate|boost
|-unboost|p1a: Grimmsnarl|atk|1
|-unboost|p1b: Archaludon|atk|1
|turn|1
|inactive|Washingtung DC has 30 seconds left.
|
|t:|1782487840
|switch|p1b: Skeledirge|Skeledirge, L50, M|100/100
|detailschange|p2b: Scrafty|Scrafty-Mega, L50, F
|-mega|p2b: Scrafty|Scrafty|Scraftinite
|-ability|p2b: Scrafty|Intimidate|boost
|-unboost|p1a: Grimmsnarl|atk|1
|-unboost|p1b: Skeledirge|atk|1
|move|p2a: Farigiraf|Helping Hand|p2b: Scrafty
|-singleturn|p2b: Scrafty|Helping Hand|[of] p2a: Farigiraf
|move|p2b: Scrafty|Close Combat|p1a: Grimmsnarl
|-damage|p1a: Grimmsnarl|0 fnt
|-unboost|p2b: Scrafty|def|1
|-unboost|p2b: Scrafty|spd|1
|faint|p1a: Grimmsnarl
|
|upkeep
|
|t:|1782487858
|switch|p1a: Swampert|Swampert, L50, F|100/100
|turn|2
|
|t:|1782487883
|detailschange|p1a: Swampert|Swampert-Mega, L50, F
|-mega|p1a: Swampert|Swampert|Swampertite
|move|p2a: Farigiraf|Helping Hand|p2b: Scrafty
|-singleturn|p2b: Scrafty|Helping Hand|[of] p2a: Farigiraf
|move|p1a: Swampert|Wave Crash|p2b: Scrafty
|-damage|p2b: Scrafty|2/100
|-damage|p1a: Swampert|70/100|[from] Recoil
|move|p2b: Scrafty|Throat Chop|p1b: Skeledirge
|-supereffective|p1b: Skeledirge|1
|-damage|p1b: Skeledirge|0 fnt
|faint|p1b: Skeledirge
|
|upkeep
|
|t:|1782487892
|switch|p1b: Archaludon|Archaludon, L50, F|100/100
|turn|3
|
|t:|1782487905
|move|p1b: Archaludon|Dragon Pulse|p2a: Farigiraf
|-damage|p2a: Farigiraf|60/100
|move|p1a: Swampert|Earthquake|p2a: Farigiraf|[spread] p1b,p2a,p2b
|-supereffective|p1b: Archaludon|1
|-enditem|p1b: Archaludon|Shuca Berry|[eat]
|-enditem|p1b: Archaludon|Shuca Berry|[weaken]
|-damage|p1b: Archaludon|61/100
|-damage|p2a: Farigiraf|14/100
|-damage|p2b: Scrafty|0 fnt
|-ability|p1b: Archaludon|Stamina|boost
|-boost|p1b: Archaludon|def|1
|-enditem|p2a: Farigiraf|Sitrus Berry|[eat]
|-heal|p2a: Farigiraf|39/100|[from] item: Sitrus Berry
|faint|p2b: Scrafty
|move|p2a: Farigiraf|Trick Room|p2a: Farigiraf
|-fieldstart|move: Trick Room|[of] p2a: Farigiraf
|
|upkeep
|
|t:|1782487912
|switch|p2b: Torkoal|Torkoal, L50, M|100/100
|-weather|SunnyDay|[from] ability: Drought|[of] p2b: Torkoal
|turn|4
|
|t:|1782487924
|move|p1b: Archaludon|Protect|p1b: Archaludon
|-singleturn|p1b: Archaludon|Protect
|move|p2b: Torkoal|Eruption|p1a: Swampert|[spread] p1a
|-activate|p1b: Archaludon|move: Protect
|-resisted|p1a: Swampert|1
|-damage|p1a: Swampert|33/100
|move|p2a: Farigiraf|Psychic|p1a: Swampert
|-damage|p1a: Swampert|0 fnt
|faint|p1a: Swampert
|
|-weather|SunnyDay|[upkeep]
|upkeep
|turn|5
|-message|Washingtung DC forfeited.
|raw|Washingtung DC's rating: 1213 → 1196(-17 for losing)
|raw|PikaTROD's rating: 1335 → 1348(+13 for winning)
|
|win|PikaTROD
|l|☆Washingtung DC
|player|p1|
