|j|☆Lkizzz
|j|☆delphigni
|html|Lkizzzdelphigni    
|uhtml|bestof|Game 1 of a best-of-3
|t:|1756326142
|gametype|doubles
|player|p1|Lkizzz|swimmer-gen4dp|1179
|player|p2|delphigni|dawn|1177
|gen|9
|tier|[Gen 9] VGC 2025 Reg H (Bo3)
|rated|
|rule|Species Clause: Limit one of each Pokémon
|rule|Item Clause: Limit 1 of each item
|clearpoke
|poke|p1|Porygon2, L50|
|poke|p1|Ursaluna, L50, F|
|poke|p1|Amoonguss, L50, M|
|poke|p1|Incineroar, L50, M|
|poke|p1|Basculegion, L50, M|
|poke|p1|Dragonite, L50, M|
|poke|p2|Kommo-o, L50, F|
|poke|p2|Primarina, L50, F|
|poke|p2|Rillaboom, L50, M|
|poke|p2|Electabuzz, L50, F|
|poke|p2|Tyranitar, L50, M|
|poke|p2|Excadrill, L50, F|
|teampreview|4
|showteam|p1|Porygon2||Eviolite|Download|TrickRoom,Recover,TeraBlast,IceBeam||||||50|,,,,,Flying]Ursaluna||FlameOrb|Guts|Protect,Facade,HeadlongRush,Earthquake|||F|||50|,,,,,Ghost]Amoonguss||RockyHelmet|Regenerator|Protect,Spore,RagePowder,PollenPuff|||M|||50|,,,,,Water]Incineroar||SafetyGoggles|Intimidate|FakeOut,KnockOff,FlareBlitz,PartingShot|||M|||50|,,,,,Ghost]Basculegion||ChoiceScarf|Adaptability|WaveCrash,AquaJet,LastRespects,FlipTurn|||M|||50|,,,,,Water]Dragonite||LoadedDice|Multiscale|Protect,ScaleShot,Haze,Tailwind|||M|||50|,,,,,Fairy
|showteam|p2|Kommo-o||ThroatSpray|Overcoat|ClangingScales,Flamethrower,ClangorousSoul,Protect|||F|||50|,,,,,Fire]Primarina||LifeOrb|LiquidVoice|HyperVoice,Moonblast,Haze,Protect|||F|||50|,,,,,Poison]Rillaboom||MeadowPlate|GrassySurge|WoodHammer,GrassyGlide,FakeOut,Protect|||M|||50|,,,,,Water]Electabuzz||Eviolite|VitalSpirit|FollowMe,Electroweb,Taunt,Protect|||F|||50|,,,,,Fairy]Tyranitar||AssaultVest|SandStream|TeraBlast,RockSlide,KnockOff,LowKick|||M|||50|,,,,,Flying]Excadrill||ClearAmulet|SandRush|RockSlide,IronHead,HighHorsepower,Protect|||F|||50|,,,,,Stellar
|inactive|Battle timer is ON: inactive players will automatically lose when time's up. (requested by delphigni)
|inactive|Lkizzz has 60 seconds left.
|inactive|Lkizzz has 30 seconds left.
|
|t:|1756326207
|teamsize|p1|4
|teamsize|p2|4
|start
|switch|p1a: Big G|Incineroar, L50, M|100/100
|switch|p1b: Porygon2|Porygon2, L50, shiny|100/100
|switch|p2a: Bumblebirb|Electabuzz, L50, F, shiny|100/100
|switch|p2b: Rilleboom|Rillaboom, L50, M, shiny|100/100
|-fieldstart|move: Grassy Terrain|[from] ability: Grassy Surge|[of] p2b: Rilleboom
|-ability|p1a: Big G|Intimidate|boost
|-unboost|p2a: Bumblebirb|atk|1
|-unboost|p2b: Rilleboom|atk|1
|-ability|p1b: Porygon2|Download|boost
|-boost|p1b: Porygon2|spa|1
|turn|1
|
|t:|1756326229
|move|p2b: Rilleboom|Fake Out|p1a: Big G
|-damage|p1a: Big G|92/100
|cant|p1a: Big G|flinch
|move|p2a: Bumblebirb|Taunt|p1b: Porygon2
|-start|p1b: Porygon2|move: Taunt
|move|p1b: Porygon2|Ice Beam|p2b: Rilleboom
|-supereffective|p2b: Rilleboom
|-damage|p2b: Rilleboom|18/100
|-status|p2b: Rilleboom|frz
|
|-heal|p2b: Rilleboom|24/100 frz|[from] Grassy Terrain
|-heal|p1a: Big G|98/100|[from] Grassy Terrain
|upkeep
|turn|2
|
|t:|1756326249
|move|p2a: Bumblebirb|Electroweb|p1a: Big G|[spread] p1a,p1b
|-damage|p1a: Big G|85/100
|-damage|p1b: Porygon2|93/100
|-unboost|p1a: Big G|spe|1
|-unboost|p1b: Porygon2|spe|1
|cant|p2b: Rilleboom|frz
|move|p1a: Big G|Knock Off|p2a: Bumblebirb
|-damage|p2a: Bumblebirb|72/100
|-enditem|p2a: Bumblebirb|Eviolite|[from] move: Knock Off|[of] p1a: Big G
|move|p1b: Porygon2|Tera Blast|p2b: Rilleboom
|-damage|p2b: Rilleboom|0 fnt
|faint|p2b: Rilleboom
|
|-heal|p2a: Bumblebirb|78/100|[from] Grassy Terrain
|-heal|p1a: Big G|91/100|[from] Grassy Terrain
|-heal|p1b: Porygon2|99/100|[from] Grassy Terrain
|upkeep
|
|t:|1756326254
|switch|p2b: Primlance|Primarina, L50, F, shiny|100/100
|turn|3
|
|t:|1756326278
|move|p2a: Bumblebirb|Electroweb|p1a: Big G|[spread] p1a,p1b
|-damage|p1a: Big G|78/100
|-damage|p1b: Porygon2|91/100
|-unboost|p1a: Big G|spe|1
|-unboost|p1b: Porygon2|spe|1
|move|p2b: Primlance|Hyper Voice|p1a: Big G|[spread] p1a,p1b
|-supereffective|p1a: Big G
|-damage|p1a: Big G|0 fnt
|-damage|p1b: Porygon2|62/100
|faint|p1a: Big G
|-damage|p2b: Primlance|91/100|[from] item: Life Orb
|move|p1b: Porygon2|Tera Blast|p2a: Bumblebirb
|-damage|p2a: Bumblebirb|15/100
|
|-heal|p2a: Bumblebirb|21/100|[from] Grassy Terrain
|-heal|p2b: Primlance|97/100|[from] Grassy Terrain
|-heal|p1b: Porygon2|69/100|[from] Grassy Terrain
|-end|p1b: Porygon2|move: Taunt
|upkeep
|
|t:|1756326289
|switch|p1a: Amoonguss|Amoonguss, L50, M, shiny|100/100
|turn|4
|
|t:|1756326303
|move|p1a: Amoonguss|Rage Powder|p1a: Amoonguss
|-singleturn|p1a: Amoonguss|move: Rage Powder
|move|p2a: Bumblebirb|Taunt|p1a: Amoonguss
|-start|p1a: Amoonguss|move: Taunt
|move|p2b: Primlance|Hyper Voice|p1a: Amoonguss|[spread] p1a,p1b
|-resisted|p1a: Amoonguss
|-crit|p1a: Amoonguss
|-damage|p1a: Amoonguss|73/100
|-damage|p1b: Porygon2|40/100
|-damage|p2b: Primlance|87/100|[from] item: Life Orb
|move|p1b: Porygon2|Trick Room|p1b: Porygon2
|-fieldstart|move: Trick Room|[of] p1b: Porygon2
|
|-heal|p1b: Porygon2|46/100|[from] Grassy Terrain
|-heal|p1a: Amoonguss|79/100|[from] Grassy Terrain
|-heal|p2b: Primlance|93/100|[from] Grassy Terrain
|-heal|p2a: Bumblebirb|27/100|[from] Grassy Terrain
|upkeep
|turn|5
|
|t:|1756326315
|move|p2a: Bumblebirb|Follow Me|p2a: Bumblebirb
|-singleturn|p2a: Bumblebirb|move: Follow Me
|move|p1b: Porygon2|Tera Blast|p2a: Bumblebirb
|-damage|p2a: Bumblebirb|0 fnt
|faint|p2a: Bumblebirb
|move|p1a: Amoonguss|Pollen Puff|p1b: Porygon2
|-heal|p1b: Porygon2|96/100
|move|p2b: Primlance|Hyper Voice|p1b: Porygon2|[spread] p1a,p1b
|-resisted|p1a: Amoonguss
|-damage|p1a: Amoonguss|59/100
|-damage|p1b: Porygon2|67/100
|-damage|p2b: Primlance|84/100|[from] item: Life Orb
|
|-heal|p1b: Porygon2|73/100|[from] Grassy Terrain
|-heal|p1a: Amoonguss|65/100|[from] Grassy Terrain
|-heal|p2b: Primlance|90/100|[from] Grassy Terrain
|-fieldend|move: Grassy Terrain
|upkeep
|
|t:|1756326323
|switch|p2a: Yharim|Kommo-o, L50, F, shiny|100/100
|turn|6
|inactive|Lkizzz has 30 seconds left.
|
|t:|1756326351
|-terastallize|p2a: Yharim|Fire
|move|p1b: Porygon2|Tera Blast|p2b: Primlance
|-damage|p2b: Primlance|38/100
|move|p1a: Amoonguss|Pollen Puff|p1b: Porygon2
|-heal|p1b: Porygon2|100/100
|move|p2b: Primlance|Moonblast|p1b: Porygon2
|-damage|p1b: Porygon2|59/100
|-unboost|p1b: Porygon2|spa|1
|-damage|p2b: Primlance|28/100|[from] item: Life Orb
|move|p2a: Yharim|Clangorous Soul|p2a: Yharim
|-boost|p2a: Yharim|atk|1
|-boost|p2a: Yharim|def|1
|-boost|p2a: Yharim|spa|1
|-boost|p2a: Yharim|spd|1
|-boost|p2a: Yharim|spe|1
|-damage|p2a: Yharim|68/100
|-enditem|p2a: Yharim|Throat Spray
|-boost|p2a: Yharim|spa|1|[from] item: Throat Spray
|
|upkeep
|turn|7
|inactive|Lkizzz has 30 seconds left.
|inactive|Lkizzz has 20 seconds left.
|inactive|Lkizzz has 15 seconds left.
|
|t:|1756326392
|move|p2b: Primlance|Protect|p2b: Primlance
|-singleturn|p2b: Primlance|Protect
|move|p1b: Porygon2|Tera Blast|p2a: Yharim
|-damage|p2a: Yharim|44/100
|move|p1a: Amoonguss|Pollen Puff|p1b: Porygon2
|-heal|p1b: Porygon2|100/100
|move|p2a: Yharim|Clanging Scales|p1b: Porygon2|[spread] p1a,p1b
|-damage|p1a: Amoonguss|13/100
|-damage|p1b: Porygon2|61/100
|-unboost|p2a: Yharim|def|1
|
|-end|p1a: Amoonguss|move: Taunt
|upkeep
|turn|8
|
|t:|1756326416
|move|p2b: Primlance|Protect|p2b: Primlance
|-singleturn|p2b: Primlance|Protect
|move|p1b: Porygon2|Recover|p1b: Porygon2
|-heal|p1b: Porygon2|100/100
|move|p1a: Amoonguss|Spore|p2b: Primlance
|-activate|p2b: Primlance|move: Protect
|move|p2a: Yharim|Clanging Scales|p1b: Porygon2|[spread] p1a,p1b
|-damage|p1a: Amoonguss|0 fnt
|-damage|p1b: Porygon2|61/100
|faint|p1a: Amoonguss
|-unboost|p2a: Yharim|def|1
|
|-fieldend|move: Trick Room
|upkeep
|
|t:|1756326431
|switch|p1a: Ursaluna|Ursaluna, L50, F|100/100
|turn|9
|inactive|Lkizzz has 30 seconds left.
|
|t:|1756326461
|-terastallize|p1a: Ursaluna|Ghost
|move|p2a: Yharim|Clanging Scales|p1a: Ursaluna|[spread] p1a,p1b
|-damage|p1a: Ursaluna|40/100
|-damage|p1b: Porygon2|27/100
|-unboost|p2a: Yharim|def|1
|move|p2b: Primlance|Hyper Voice|p1b: Porygon2|[spread] p1a,p1b
|-crit|p1a: Ursaluna
|-damage|p1a: Ursaluna|0 fnt
|-damage|p1b: Porygon2|0 fnt
|faint|p1a: Ursaluna
|faint|p1b: Porygon2
|-damage|p2b: Primlance|19/100|[from] item: Life Orb
|
|win|delphigni
||delphigni is ready for game 2.
|inactive|Lkizzz has 30 seconds to confirm battle start!
||Lkizzz is ready for game 2.
|uhtml|next|Next: Game 2 of 3
