|j|☆f81malla
|j|☆Professor_J93
|html|f81mallaProfessor_J93    
|uhtml|bestof|Game 1 of a best-of-3
|t:|1783563473
|gametype|doubles
|player|p1|f81malla|grimsley|1294
|player|p2|Professor_J93|miku-ghost|1254
|gen|9
|tier|[Gen 9 Champions] VGC 2026 Reg M-B (Bo3)
|rated|
|rule|Species Clause: Limit one of each Pokémon
|rule|Item Clause: Limit 1 of each item
|clearpoke
|poke|p1|Mawile, L50, M|
|poke|p1|Ceruledge, L50, M|
|poke|p1|Incineroar, L50, M|
|poke|p1|Raichu, L50, M|
|poke|p1|Milotic, L50, M|
|poke|p1|Sinistcha, L50, shiny|
|poke|p2|Aerodactyl, L50, M|
|poke|p2|Garchomp, L50, M|
|poke|p2|Floette-Eternal, L50, F|
|poke|p2|Basculegion, L50, M|
|poke|p2|Sneasler, L50, M|
|poke|p2|Kingambit, L50, M|
|teampreview|4
|showteam|p1|Mawile||Mawilite|HyperCutter|PlayRough,SuckerPunch,SwordsDance,Protect|Adamant||M|||50|]Ceruledge||ColburBerry|FlashFire|BitterBlade,BulkUp,ShadowSneak,Protect|Adamant||M|||50|]Incineroar||SitrusBerry|Intimidate|FlareBlitz,ThroatChop,PartingShot,FakeOut|Impish||M|||50|]Raichu||RaichuniteY|LightningRod|ZapCannon,FocusBlast,FakeOut,Protect|Timid||M|||50|]Milotic||Leftovers|Competitive|MuddyWater,Hypnosis,Coil,Protect|Calm||M|||50|]Sinistcha||KasibBerry|Hospitality|MatchaGotcha,LifeDew,RagePowder,Protect|Bold|||||50|
|showteam|p2|Aerodactyl||Aerodactylite|Unnerve|RockSlide,IceFang,Tailwind,DualWingbeat|Jolly||M|||50|]Garchomp||LifeOrb|RoughSkin|DragonClaw,Earthquake,RockSlide,Protect|Jolly||M|||50|]Floette-Eternal||Floettite|FlowerVeil|Moonblast,DazzlingGleam,CalmMind,Protect|Timid||F|||50|]Basculegion||ChoiceScarf|Adaptability|FlipTurn,LastRespects,WaveCrash,AquaJet|Jolly||M|||50|]Sneasler||WhiteHerb|Unburden|DireClaw,CloseCombat,FakeOut,Protect|Jolly||M|||50|]Kingambit||FocusSash|Defiant|KowtowCleave,SuckerPunch,IronHead,LowKick|Adamant||M|||50|
|inactive|Battle timer is ON: inactive players will automatically lose when time's up. (requested by f81malla)
|inactive|f81malla has 60 seconds left.
|
|t:|1783563505
|teamsize|p1|4
|teamsize|p2|4
|start
|switch|p1a: Milotic|Milotic, L50, M|100/100
|switch|p1b: Incineroar|Incineroar, L50, M|100/100
|switch|p2a: Sneasler|Sneasler, L50, M|100/100
|switch|p2b: Floette|Floette-Eternal, L50, F|100/100
|-ability|p1b: Incineroar|Intimidate|boost
|-unboost|p2a: Sneasler|atk|1
|-unboost|p2b: Floette|atk|1
|-enditem|p2a: Sneasler|White Herb
|-clearnegativeboost|p2a: Sneasler|[silent]
|turn|1
|
|t:|1783563518
|detailschange|p2b: Floette|Floette-Mega, L50, F
|-mega|p2b: Floette|Floette|Floettite
|-ability|p2b: Floette|Fairy Aura
|move|p2a: Sneasler|Fake Out|p1b: Incineroar
|-damage|p1b: Incineroar|89/100
|cant|p1b: Incineroar|flinch
|move|p2b: Floette|Calm Mind|p2b: Floette
|-boost|p2b: Floette|spa|1
|-boost|p2b: Floette|spd|1
|move|p1a: Milotic|Coil|p1a: Milotic
|-boost|p1a: Milotic|atk|1
|-boost|p1a: Milotic|def|1
|-boost|p1a: Milotic|accuracy|1
|
|upkeep
|turn|2
|inactive|Professor_J93 has 30 seconds left.
|inactive|Professor_J93 has 20 seconds left.
|inactive|Professor_J93 has 15 seconds left.
|
|t:|1783563561
|move|p2a: Sneasler|Close Combat|p1b: Incineroar
|-supereffective|p1b: Incineroar|1
|-damage|p1b: Incineroar|5/100
|-unboost|p2a: Sneasler|def|1
|-unboost|p2a: Sneasler|spd|1
|-enditem|p1b: Incineroar|Sitrus Berry|[eat]
|-heal|p1b: Incineroar|29/100|[from] item: Sitrus Berry
|move|p2b: Floette|Dazzling Gleam|p1b: Incineroar|[spread] p1a,p1b
|-damage|p1a: Milotic|56/100
|-damage|p1b: Incineroar|0 fnt
|faint|p1b: Incineroar
|move|p1a: Milotic|Hypnosis|p2a: Sneasler
|-status|p2a: Sneasler|slp|[from] move: Hypnosis
|
|-heal|p1a: Milotic|62/100|[from] item: Leftovers
|upkeep
|
|t:|1783563572
|switch|p1b: Mawile|Mawile, L50, M|100/100
|turn|3
|
|t:|1783563593
|detailschange|p1b: Mawile|Mawile-Mega, L50, M
|-mega|p1b: Mawile|Mawile|Mawilite
|move|p2b: Floette|Protect|p2b: Floette
|-singleturn|p2b: Floette|Protect
|cant|p2a: Sneasler|slp
|move|p1a: Milotic|Hypnosis|p2b: Floette
|-activate|p2b: Floette|move: Protect
|move|p1b: Mawile|Swords Dance|p1b: Mawile
|-boost|p1b: Mawile|atk|2
|
|-heal|p1a: Milotic|68/100|[from] item: Leftovers
|upkeep
|turn|4
|
|t:|1783563609
|cant|p2a: Sneasler|slp
|move|p2b: Floette|Moonblast|p1b: Mawile
|-resisted|p1b: Mawile|1
|-damage|p1b: Mawile|49/100
|move|p1a: Milotic|Muddy Water|p2a: Sneasler|[spread] p2a,p2b
|-damage|p2a: Sneasler|54/100 slp
|-damage|p2b: Floette|86/100
|-unboost|p2a: Sneasler|accuracy|1
|move|p1b: Mawile|Play Rough|p2b: Floette
|-damage|p2b: Floette|0 fnt
|faint|p2b: Floette
|
|-heal|p1a: Milotic|74/100|[from] item: Leftovers
|upkeep
|
|t:|1783563620
|switch|p2b: Kingambit|Kingambit, L50, M|100/100
|turn|5
|
|t:|1783563637
|switch|p2a: Basculegion|Basculegion, L50, M|100/100
|move|p1b: Mawile|Sucker Punch||[still]
|-fail|p1b: Mawile
|move|p1a: Milotic|Hypnosis|p2b: Kingambit|[miss]
|-miss|p1a: Milotic|p2b: Kingambit
|move|p2b: Kingambit|Iron Head|p1b: Mawile
|-damage|p1b: Mawile|3/100
|
|-heal|p1a: Milotic|80/100|[from] item: Leftovers
|upkeep
|turn|6
|
|t:|1783563656
|switch|p2a: Sneasler|Sneasler, L50, M|54/100 slp
|switch|p1b: Sinistcha|Sinistcha, L50, shiny|100/100
|-heal|p1a: Milotic|100/100|[from] ability: Hospitality|[of] p1b: Sinistcha
|move|p2b: Kingambit|Sucker Punch||[still]
|-fail|p2b: Kingambit
|move|p1a: Milotic|Hypnosis|p2b: Kingambit
|-status|p2b: Kingambit|slp|[from] move: Hypnosis
|
|upkeep
|turn|7
|
|t:|1783563668
|-curestatus|p2a: Sneasler|slp|[msg]
|move|p2a: Sneasler|Dire Claw|p1a: Milotic
|-crit|p1a: Milotic
|-damage|p1a: Milotic|48/100
|move|p1a: Milotic|Muddy Water|p2b: Kingambit|[spread] p2a,p2b
|-damage|p2a: Sneasler|23/100
|-damage|p2b: Kingambit|72/100 slp
|cant|p2b: Kingambit|slp
|move|p1b: Sinistcha|Matcha Gotcha|p2b: Kingambit|[spread] p2a,p2b
|-resisted|p2a: Sneasler|1
|-resisted|p2b: Kingambit|1
|-damage|p2a: Sneasler|6/100
|-damage|p2b: Kingambit|59/100 slp
|
|-heal|p1a: Milotic|54/100|[from] item: Leftovers
|upkeep
|turn|8
|
|t:|1783563683
|move|p2a: Sneasler|Dire Claw|p1a: Milotic
|-damage|p1a: Milotic|30/100
|-status|p1a: Milotic|par
|cant|p2b: Kingambit|slp
|move|p1b: Sinistcha|Life Dew||[still]|[spread] p1a,p1b
|-heal|p1a: Milotic|55/100 par
|-fail|p1b: Sinistcha|heal
|move|p1a: Milotic|Muddy Water|p2b: Kingambit|[spread] p2a,p2b
|-damage|p2a: Sneasler|0 fnt
|-damage|p2b: Kingambit|32/100 slp
|faint|p2a: Sneasler
|
|-heal|p1a: Milotic|61/100 par|[from] item: Leftovers
|upkeep
|
|t:|1783563693
|switch|p2a: Basculegion|Basculegion, L50, M|100/100
|turn|9
|
|t:|1783563704
|move|p1b: Sinistcha|Protect|p1b: Sinistcha
|-singleturn|p1b: Sinistcha|Protect
|move|p2a: Basculegion|Last Respects|p1a: Milotic
|-damage|p1a: Milotic|4/100 par
|-curestatus|p2b: Kingambit|slp|[msg]
|move|p2b: Kingambit|Kowtow Cleave|p1a: Milotic
|-damage|p1a: Milotic|0 fnt
|faint|p1a: Milotic
|
|upkeep
|
|t:|1783563712
|switch|p1a: Mawile|Mawile-Mega, L50, M|3/100
|turn|10
|
|t:|1783563721
|move|p1b: Sinistcha|Rage Powder|p1b: Sinistcha
|-singleturn|p1b: Sinistcha|move: Rage Powder
|move|p1a: Mawile|Sucker Punch|p2a: Basculegion
|-supereffective|p2a: Basculegion|1
|-damage|p2a: Basculegion|6/100
|move|p2a: Basculegion|Last Respects|p1b: Sinistcha
|-supereffective|p1b: Sinistcha|1
|-enditem|p1b: Sinistcha|Kasib Berry|[eat]
|-enditem|p1b: Sinistcha|Kasib Berry|[weaken]
|-damage|p1b: Sinistcha|28/100
|move|p2b: Kingambit|Kowtow Cleave|p1b: Sinistcha
|-supereffective|p1b: Sinistcha|1
|-damage|p1b: Sinistcha|0 fnt
|faint|p1b: Sinistcha
|
|upkeep
|turn|11
|
|t:|1783563738
|move|p1a: Mawile|Sucker Punch|p2a: Basculegion
|-supereffective|p2a: Basculegion|1
|-damage|p2a: Basculegion|0 fnt
|faint|p2a: Basculegion
|move|p2b: Kingambit|Kowtow Cleave|p1a: Mawile
|-resisted|p1a: Mawile|1
|-damage|p1a: Mawile|0 fnt
|faint|p1a: Mawile
|
|win|Professor_J93
||Professor_J93 is ready for game 2.
||f81malla is ready for game 2.
|uhtml|next|Next: Game 2 of 3
|l|☆f81malla
|player|p1|
