|j|☆parsley<3
|j|☆The median voter
|html|parsley<3The median voter    
|uhtml|bestof|Game 3 of a best-of-3
|t:|1755129076
|gametype|doubles
|player|p1|parsley<3|lacey|1186
|player|p2|The median voter|scientist-gen4dp|1363
|gen|9
|tier|[Gen 9] VGC 2025 Reg H (Bo3)
|rated|
|rule|Species Clause: Limit one of each Pokémon
|rule|Item Clause: Limit 1 of each item
|clearpoke
|poke|p1|Ursaluna-Bloodmoon, L50, M|
|poke|p1|Smeargle, L50, F|
|poke|p1|Dragonite, L50, F|
|poke|p1|Gholdengo, L50|
|poke|p1|Sneasler, L50, M|
|poke|p1|Spiritomb, L50, F|
|poke|p2|Kommo-o, L50, M|
|poke|p2|Volcarona, L50, F|
|poke|p2|Rillaboom, L50, F|
|poke|p2|Kingambit, L50, M|
|poke|p2|Ninetales-Alola, L50, M|
|poke|p2|Arcanine-Hisui, L50, M|
|teampreview|4
|showteam|p1|Ursaluna-Bloodmoon||AssaultVest|MindsEye|HyperVoice,BloodMoon,EarthPower,VacuumWave|||M|||50|,,,,,Ghost]Smeargle||FocusSash|Moody|FakeOut,Decorate,FollowMe,Spore|||F|||50|,,,,,Grass]Dragonite||LoadedDice|Multiscale|ScaleShot,ExtremeSpeed,Protect,Tailwind|||F|||50|,,,,,Fairy]Gholdengo||LifeOrb|GoodasGold|MakeItRain,ShadowBall,Protect,NastyPlot||||||50|,,,,,Water]Sneasler||WhiteHerb|Unburden|FakeOut,DireClaw,Protect,CloseCombat|||M|||50|,,,,,Stellar]Spiritomb||Leftovers|Infiltrator|FoulPlay,Snarl,TrickRoom,WillOWisp|||F|||50|,,,,,Steel
|showteam|p2|Kommo-o||GrassySeed|Overcoat|BodyPress,Taunt,Protect,Flamethrower|||M|||50|,,,,,Steel]Volcarona||SitrusBerry|FlameBody|HeatWave,TeraBlast,QuiverDance,Protect|||F|||50|,,,,,Water]Rillaboom||AssaultVest|GrassySurge|FakeOut,GrassyGlide,WoodHammer,HighHorsepower|||F|||50|,,,,,Fire]Kingambit||BlackGlasses|Defiant|KowtowCleave,SuckerPunch,SwordsDance,Protect|||M|||50|,,,,,Dark]Ninetales-Alola||LifeOrb|SnowWarning|Blizzard,Protect,Encore,FreezeDry|||M|||50|,,,,,Ghost]Arcanine-Hisui||FocusSash|Intimidate|RockSlide,FlareBlitz,ExtremeSpeed,Protect|||M|||50|,,,,,Ghost
|
|t:|1755129096
|teamsize|p1|4
|teamsize|p2|4
|start
|switch|p1a: Gholdengo|Gholdengo, L50|100/100
|switch|p1b: Sneasler|Sneasler, L50, M|100/100
|switch|p2a: Volcarona|Volcarona, L50, F|100/100
|switch|p2b: Ninetales|Ninetales-Alola, L50, M|100/100
|-weather|Snowscape|[from] ability: Snow Warning|[of] p2b: Ninetales
|turn|1
|
|t:|1755129119
|-terastallize|p2b: Ninetales|Ghost
|move|p2b: Ninetales|Blizzard|p1a: Gholdengo|[spread] p1a,p1b
|-resisted|p1a: Gholdengo
|-damage|p1a: Gholdengo|74/100
|-damage|p1b: Sneasler|48/100
|-damage|p2b: Ninetales|91/100|[from] item: Life Orb
|move|p1b: Sneasler|Dire Claw|p2a: Volcarona
|-damage|p2a: Volcarona|43/100
|-enditem|p2a: Volcarona|Sitrus Berry|[eat]
|-heal|p2a: Volcarona|68/100|[from] item: Sitrus Berry
|move|p1a: Gholdengo|Make It Rain|p2b: Ninetales|[spread] p2a,p2b
|-resisted|p2a: Volcarona
|-damage|p2a: Volcarona|39/100
|-damage|p2b: Ninetales|15/100
|-unboost|p1a: Gholdengo|spa|1
|-damage|p1a: Gholdengo|64/100|[from] item: Life Orb
|move|p2a: Volcarona|Quiver Dance|p2a: Volcarona
|-boost|p2a: Volcarona|spa|1
|-boost|p2a: Volcarona|spd|1
|-boost|p2a: Volcarona|spe|1
|
|-weather|Snowscape|[upkeep]
|upkeep
|turn|2
|
|t:|1755129157
|move|p1a: Gholdengo|Protect|p1a: Gholdengo
|-singleturn|p1a: Gholdengo|Protect
|move|p2a: Volcarona|Heat Wave|p1b: Sneasler|[spread] p1b
|-activate|p1a: Gholdengo|move: Protect
|-damage|p1b: Sneasler|0 fnt
|faint|p1b: Sneasler
|move|p2b: Ninetales|Freeze-Dry|p1a: Gholdengo
|-activate|p1a: Gholdengo|move: Protect
|
|-weather|Snowscape|[upkeep]
|upkeep
|
|t:|1755129166
|switch|p1b: Smeargle|Smeargle, L50, F, shiny|100/100
|turn|3
|
|t:|1755129173
|-terastallize|p1a: Gholdengo|Water
|move|p2a: Volcarona|Protect|p2a: Volcarona
|-singleturn|p2a: Volcarona|Protect
|move|p1b: Smeargle|Follow Me|p1b: Smeargle
|-singleturn|p1b: Smeargle|move: Follow Me
|move|p2b: Ninetales|Blizzard|p1b: Smeargle|[spread] p1a,p1b
|-resisted|p1a: Gholdengo
|-damage|p1a: Gholdengo|42/100
|-damage|p1b: Smeargle|14/100
|-damage|p2b: Ninetales|6/100|[from] item: Life Orb
|move|p1a: Gholdengo|Make It Rain|p2b: Ninetales|[spread] p2b
|-activate|p2a: Volcarona|move: Protect
|-damage|p2b: Ninetales|0 fnt
|-unboost|p1a: Gholdengo|spa|1
|faint|p2b: Ninetales
|-damage|p1a: Gholdengo|33/100|[from] item: Life Orb
|
|-weather|Snowscape|[upkeep]
|-ability|p1b: Smeargle|Moody|boost
|-boost|p1b: Smeargle|spe|2
|-unboost|p1b: Smeargle|spa|1
|upkeep
|
|t:|1755129188
|switch|p2b: Rillaboom|Rillaboom, L50, F|100/100
|-fieldstart|move: Grassy Terrain|[from] ability: Grassy Surge|[of] p2b: Rillaboom
|turn|4
|
|t:|1755129199
|move|p2b: Rillaboom|Fake Out|p1a: Gholdengo
|-damage|p1a: Gholdengo|15/100
|move|p1b: Smeargle|Spore|p2a: Volcarona
|-status|p2a: Volcarona|slp|[from] move: Spore
|cant|p2a: Volcarona|slp
|cant|p1a: Gholdengo|flinch
|
|-weather|Snowscape|[upkeep]
|-heal|p1b: Smeargle|20/100|[from] Grassy Terrain
|-heal|p2a: Volcarona|45/100 slp|[from] Grassy Terrain
|-heal|p1a: Gholdengo|21/100|[from] Grassy Terrain
|-ability|p1b: Smeargle|Moody|boost
|-boost|p1b: Smeargle|spd|2
|-unboost|p1b: Smeargle|spa|1
|upkeep
|turn|5
|
|t:|1755129215
|switch|p1a: Dragonite|Dragonite, L50, F|100/100
|move|p2b: Rillaboom|Grassy Glide|p1a: Dragonite
|-resisted|p1a: Dragonite
|-crit|p1a: Dragonite
|-damage|p1a: Dragonite|93/100
|move|p1b: Smeargle|Decorate|p1a: Dragonite
|-boost|p1a: Dragonite|atk|2
|-boost|p1a: Dragonite|spa|2
|-curestatus|p2a: Volcarona|slp|[msg]
|move|p2a: Volcarona|Quiver Dance|p2a: Volcarona
|-boost|p2a: Volcarona|spa|1
|-boost|p2a: Volcarona|spd|1
|-boost|p2a: Volcarona|spe|1
|
|-weather|none
|-heal|p1b: Smeargle|26/100|[from] Grassy Terrain
|-heal|p2a: Volcarona|52/100|[from] Grassy Terrain
|-ability|p1b: Smeargle|Moody|boost
|-boost|p1b: Smeargle|atk|2
|-unboost|p1b: Smeargle|spe|1
|upkeep
|turn|6
|
|t:|1755129243
|move|p2a: Volcarona|Protect|p2a: Volcarona
|-singleturn|p2a: Volcarona|Protect
|move|p2b: Rillaboom|Grassy Glide|p1b: Smeargle
|-damage|p1b: Smeargle|0 fnt
|faint|p1b: Smeargle
|move|p1a: Dragonite|Scale Shot|p2a: Volcarona
|-activate|p2a: Volcarona|move: Protect
|
|-heal|p2a: Volcarona|58/100|[from] Grassy Terrain
|upkeep
|
|t:|1755129246
|switch|p1b: Gholdengo|Gholdengo, L50, tera:Water|21/100
|turn|7
|
|t:|1755129258
|move|p2b: Rillaboom|Grassy Glide|p1b: Gholdengo
|-supereffective|p1b: Gholdengo
|-damage|p1b: Gholdengo|0 fnt
|faint|p1b: Gholdengo
|move|p2a: Volcarona|Heat Wave|p1a: Dragonite
|-resisted|p1a: Dragonite
|-damage|p1a: Dragonite|36/100
|move|p1a: Dragonite|Scale Shot|p2a: Volcarona
|-damage|p2a: Volcarona|20/100
|-damage|p2a: Volcarona|0 fnt
|faint|p2a: Volcarona
|-hitcount|p2: Volcarona|2
|-unboost|p1a: Dragonite|def|1
|-boost|p1a: Dragonite|spe|1
|
|upkeep
|
|t:|1755129267
|switch|p2a: Kommo-o|Kommo-o, L50, M|100/100
|-enditem|p2a: Kommo-o|Grassy Seed
|-boost|p2a: Kommo-o|def|1|[from] item: Grassy Seed
|turn|8
|
|t:|1755129278
|move|p1a: Dragonite|Protect|p1a: Dragonite
|-singleturn|p1a: Dragonite|Protect
|move|p2a: Kommo-o|Body Press|p1a: Dragonite
|-activate|p1a: Dragonite|move: Protect
|move|p2b: Rillaboom|Wood Hammer|p1a: Dragonite
|-activate|p1a: Dragonite|move: Protect
|
|-fieldend|move: Grassy Terrain
|upkeep
|turn|9
|
|t:|1755129290
|move|p1a: Dragonite|Scale Shot|p2a: Kommo-o
|-supereffective|p2a: Kommo-o
|-damage|p2a: Kommo-o|67/100
|-supereffective|p2a: Kommo-o
|-damage|p2a: Kommo-o|34/100
|-supereffective|p2a: Kommo-o
|-damage|p2a: Kommo-o|2/100
|-supereffective|p2a: Kommo-o
|-damage|p2a: Kommo-o|0 fnt
|faint|p2a: Kommo-o
|-hitcount|p2: Kommo-o|4
|-unboost|p1a: Dragonite|def|1
|-boost|p1a: Dragonite|spe|1
|move|p2b: Rillaboom|Wood Hammer|p1a: Dragonite
|-resisted|p1a: Dragonite
|-damage|p1a: Dragonite|0 fnt
|faint|p1a: Dragonite
|-damage|p2b: Rillaboom|91/100|[from] Recoil
|
|win|The median voter
|raw|parsley<3's rating: 1186 → 1173(-13 for losing)
|raw|The median voter's rating: 1363 → 1374(+11 for winning)
