|j|☆Darkan33
|j|☆Chintigu
|html|Darkan33Chintigu    
|uhtml|bestof|Game 2 of a best-of-3
|t:|1756220284
|gametype|doubles
|player|p1|Darkan33|veteran|1040
|player|p2|Chintigu|101|1000
|gen|9
|tier|[Gen 9] VGC 2025 Reg H (Bo3)
|rated|
|rule|Species Clause: Limit one of each Pokémon
|rule|Item Clause: Limit 1 of each item
|clearpoke
|poke|p1|Kingdra, L50, M|
|poke|p1|Pelipper, L50, M|
|poke|p1|Garchomp, L50, M|
|poke|p1|Breloom, L50, F|
|poke|p1|Archaludon, L50, M|
|poke|p1|Grimmsnarl, L50, M|
|poke|p2|Torkoal, L50, F|
|poke|p2|Indeedee-F, L50, F|
|poke|p2|Gallade, L50, M|
|poke|p2|Lilligant, L50, F|
|poke|p2|Sylveon, L50, F|
|poke|p2|Dragapult, L50, M|
|teampreview|4
|showteam|p1|Kingdra||LifeOrb|SwiftSwim|MuddyWater,DracoMeteor,Hurricane,Protect|||M|||50|,,,,,Stellar]Pelipper||CovertCloak|Drizzle|WeatherBall,Hurricane,WideGuard,Tailwind|||M|||50|,,,,,Ghost]Garchomp||LoadedDice|RoughSkin|ScaleShot,Protect,StompingTantrum,Earthquake|||M|||50|,,,,,Steel]Breloom||FocusSash|Technician|MachPunch,BulletSeed,Spore,Protect|||F|||50|,,,,,Steel]Archaludon||AssaultVest|Stamina|BodyPress,FlashCannon,ElectroShot,DragonPulse|||M|||50|,,,,,Grass]Grimmsnarl||LightClay|Prankster|LightScreen,Reflect,SpiritBreak,ThunderWave|||M|||50|,,,,,Ghost
|showteam|p2|Torkoal||Charcoal|Drought|Eruption,Protect,EarthPower,HeatWave|||F|||50|,,,,,Fire]Indeedee-F||SafetyGoggles|PsychicSurge|FollowMe,TrickRoom,HelpingHand,Psychic|||F|||50|,,,,,Fairy]Gallade||ClearAmulet|Sharpness|SacredSword,PsychoCut,WideGuard,TrickRoom|||M|||50|,,,,,Fire]Lilligant||FocusSash|Chlorophyll|SleepPowder,AfterYou,LeafStorm,Protect|||F|||50|,,,,,Ghost]Sylveon||ThroatSpray|Pixilate|HyperVoice,CalmMind,Protect,BatonPass|||F|||50|,,,,,Fairy]Dragapult||LifeOrb|ClearBody|DracoMeteor,ShadowBall,Flamethrower,TeraBlast|||M|||50|,,,,,Steel
|inactive|Battle timer is ON: inactive players will automatically lose when time's up. (requested by Chintigu)
|
|t:|1756220326
|teamsize|p1|4
|teamsize|p2|4
|start
|switch|p1a: Garchomp|Garchomp, L50, M|100/100
|switch|p1b: Breloom|Breloom, L50, F, shiny|100/100
|switch|p2a: Gallade|Gallade, L50, M|100/100
|switch|p2b: Indeedee|Indeedee-F, L50, F|100/100
|-fieldstart|move: Psychic Terrain|[from] ability: Psychic Surge|[of] p2b: Indeedee
|turn|1
|inactive|Darkan33 has 30 seconds left.
|
|t:|1756220357
|move|p1a: Garchomp|Scale Shot|p2b: Indeedee
|-damage|p2b: Indeedee|88/100
|-damage|p2b: Indeedee|76/100
|-damage|p2b: Indeedee|65/100
|-damage|p2b: Indeedee|54/100
|-damage|p2b: Indeedee|42/100
|-hitcount|p2b: Indeedee|5
|-unboost|p1a: Garchomp|def|1
|-boost|p1a: Garchomp|spe|1
|move|p1b: Breloom|Spore|p2a: Gallade
|-status|p2a: Gallade|slp|[from] move: Spore
|cant|p2a: Gallade|slp
|move|p2b: Indeedee|Trick Room|p2b: Indeedee
|-fieldstart|move: Trick Room|[of] p2b: Indeedee
|
|upkeep
|turn|2
|inactive|Darkan33 has 30 seconds left.
|inactive|Darkan33 has 20 seconds left.
|inactive|Darkan33 has 15 seconds left.
|
|t:|1756220401
|move|p2b: Indeedee|Follow Me|p2b: Indeedee
|-singleturn|p2b: Indeedee|move: Follow Me
|-curestatus|p2a: Gallade|slp|[msg]
|move|p2a: Gallade|Psycho Cut|p1b: Breloom
|-supereffective|p1b: Breloom
|-enditem|p1b: Breloom|Focus Sash
|-damage|p1b: Breloom|1/100
|move|p1b: Breloom|Bullet Seed|p2b: Indeedee
|-damage|p2b: Indeedee|26/100
|-damage|p2b: Indeedee|9/100
|-damage|p2b: Indeedee|0 fnt
|faint|p2b: Indeedee
|-hitcount|p2: Indeedee|3
|move|p1a: Garchomp|Stomping Tantrum|p2a: Gallade
|-crit|p2a: Gallade
|-damage|p2a: Gallade|13/100
|
|upkeep
|
|t:|1756220422
|switch|p2b: Lilligant|Lilligant, L50, F|100/100
|turn|3
|
|t:|1756220444
|move|p1a: Garchomp|Protect|p1a: Garchomp
|-singleturn|p1a: Garchomp|Protect
|move|p1b: Breloom|Mach Punch|p2a: Gallade
|-activate|p2a: Gallade|move: Psychic Terrain
|move|p2a: Gallade|Sacred Sword|p1b: Breloom
|-damage|p1b: Breloom|0 fnt
|faint|p1b: Breloom
|move|p2b: Lilligant|Sleep Powder|p1a: Garchomp
|-activate|p1a: Garchomp|move: Protect
|
|upkeep
|
|t:|1756220457
|switch|p1b: Pelipper|Pelipper, L50, M, shiny|100/100
|-weather|RainDance|[from] ability: Drizzle|[of] p1b: Pelipper
|turn|4
|
|t:|1756220466
|move|p2a: Gallade|Psycho Cut|p1b: Pelipper
|-damage|p1b: Pelipper|14/100
|move|p1b: Pelipper|Weather Ball|p2a: Gallade
|-damage|p2a: Gallade|0 fnt
|faint|p2a: Gallade
|move|p2b: Lilligant|Sleep Powder|p1a: Garchomp
|-status|p1a: Garchomp|slp|[from] move: Sleep Powder
|cant|p1a: Garchomp|slp
|
|-weather|RainDance|[upkeep]
|upkeep
|
|t:|1756220480
|switch|p2a: Torkoal|Torkoal, L50, F|100/100
|-weather|SunnyDay|[from] ability: Drought|[of] p2a: Torkoal
|turn|5
|inactive|Darkan33 has 30 seconds left.
|inactive|Darkan33 has 20 seconds left.
|
|t:|1756220520
|move|p2a: Torkoal|Eruption|p1b: Pelipper|[spread] p1a,p1b
|-resisted|p1a: Garchomp
|-resisted|p1b: Pelipper
|-damage|p1a: Garchomp|58/100 slp
|-damage|p1b: Pelipper|0 fnt
|faint|p1b: Pelipper
|-curestatus|p1a: Garchomp|slp|[msg]
|move|p1a: Garchomp|Earthquake|p2b: Lilligant|[spread] p2a,p2b
|-supereffective|p2a: Torkoal
|-resisted|p2b: Lilligant
|-damage|p2a: Torkoal|43/100
|-damage|p2b: Lilligant|71/100
|move|p2b: Lilligant|Leaf Storm|p1a: Garchomp|[miss]
|-miss|p2b: Lilligant|p1a: Garchomp
|
|-weather|SunnyDay|[upkeep]
|-fieldend|move: Trick Room
|-fieldend|move: Psychic Terrain
|upkeep
|
|t:|1756220523
|switch|p1b: Archaludon|Archaludon, L50, M|100/100
|turn|6
|inactive|Darkan33 has 30 seconds left.
|
|t:|1756220550
|move|p2b: Lilligant|After You|p2a: Torkoal
|-activate|p2a: Torkoal|move: After You
|move|p2a: Torkoal|Eruption|p1a: Garchomp|[spread] p1a,p1b
|-resisted|p1a: Garchomp
|-damage|p1a: Garchomp|41/100
|-damage|p1b: Archaludon|76/100
|-ability|p1b: Archaludon|Stamina|boost
|-boost|p1b: Archaludon|def|1
|move|p1a: Garchomp|Earthquake|p2a: Torkoal|[spread] p1b,p2a,p2b
|-supereffective|p1b: Archaludon
|-supereffective|p2a: Torkoal
|-resisted|p2b: Lilligant
|-damage|p1b: Archaludon|40/100
|-damage|p2a: Torkoal|0 fnt
|-damage|p2b: Lilligant|42/100
|-ability|p1b: Archaludon|Stamina|boost
|-boost|p1b: Archaludon|def|1
|faint|p2a: Torkoal
|move|p1b: Archaludon|Dragon Pulse|p2b: Lilligant
|-damage|p2b: Lilligant|0 fnt
|faint|p2b: Lilligant
|
|win|Darkan33
|raw|Darkan33's rating: 1040 → 1070(+30 for winning)
|raw|Chintigu's rating: 1000 → 1000(+0 for losing)
|l|☆Chintigu
|player|p2|
