|j|☆Luckstat10
|j|☆Staryu14
|html|Luckstat10Staryu14    
|uhtml|bestof|Game 1 of a best-of-3
|t:|1756419138
|gametype|doubles
|player|p1|Luckstat10|1|1217
|player|p2|Staryu14|marshal|1257
|gen|9
|tier|[Gen 9] VGC 2025 Reg H (Bo3)
|rated|
|rule|Species Clause: Limit one of each Pokémon
|rule|Item Clause: Limit 1 of each item
|clearpoke
|poke|p1|Rillaboom, L50, M|
|poke|p1|Sneasler, L50, M|
|poke|p1|Gholdengo, L50|
|poke|p1|Milotic, L50, F|
|poke|p1|Garchomp, L50, M|
|poke|p1|Volcarona, L50, F|
|poke|p2|Archaludon, L50, F|
|poke|p2|Pelipper, L50, M|
|poke|p2|Basculegion, L50, M|
|poke|p2|Incineroar, L50, M|
|poke|p2|Toxicroak, L50, M|
|poke|p2|Amoonguss, L50, M|
|teampreview|4
|showteam|p1|Rillaboom||AssaultVest|GrassySurge|FakeOut,WoodHammer,GrassyGlide,HighHorsepower|||M|||50|,,,,,Fire]Sneasler||FocusSash|PoisonTouch|FakeOut,CloseCombat,DireClaw,Protect|||M|||50|,,,,,Stellar]Gholdengo||LifeOrb|GoodasGold|NastyPlot,MakeItRain,ShadowBall,Protect||||||50|,,,,,Water]Milotic||FlameOrb|MarvelScale|IcyWind,Scald,Haze,Recover|||F|||50|,,,,,Dragon]Garchomp||ChoiceScarf|RoughSkin|DragonClaw,StompingTantrum,Earthquake,RockSlide|||M|||50|,,,,,Fairy]Volcarona||CovertCloak|FlameBody|QuiverDance,HeatWave,GigaDrain,Protect|||F|||50|,,,,,Grass
|showteam|p2|Archaludon||AssaultVest|Stamina|ElectroShot,Snarl,DragonPulse,BodyPress|||F|||50|,,,,,Grass]Pelipper||FocusSash|Drizzle|WeatherBall,Hurricane,Protect,Tailwind|||M|||50|,,,,,Stellar]Basculegion||MysticWater|SwiftSwim|AquaJet,WaveCrash,Protect,LastRespects|||M|||50|,,,,,Water]Incineroar||SafetyGoggles|Intimidate|FakeOut,FlareBlitz,KnockOff,PartingShot|||M|||50|,,,,,Ghost]Toxicroak||LifeOrb|DrySkin|FakeOut,CloseCombat,PoisonJab,SuckerPunch|||M|||50|,,,,,Dark]Amoonguss||CovertCloak|Regenerator|LeafStorm,Spore,RagePowder,PollenPuff|||M|||50|,,,,,Fairy
|
|t:|1756419197
|teamsize|p1|4
|teamsize|p2|4
|start
|switch|p1a: Mothra|Volcarona, L50, F, shiny|100/100
|switch|p1b: Koba|Rillaboom, L50, M, shiny|100/100
|switch|p2a: Archaludon|Archaludon, L50, F|100/100
|switch|p2b: Basculegion|Basculegion, L50, M|100/100
|-fieldstart|move: Grassy Terrain|[from] ability: Grassy Surge|[of] p1b: Koba
|turn|1
|
|t:|1756419247
|switch|p2b: Pelipper|Pelipper, L50, M|100/100
|-weather|RainDance|[from] ability: Drizzle|[of] p2b: Pelipper
|-terastallize|p1a: Mothra|Grass
|move|p1b: Koba|Fake Out|p2a: Archaludon
|-resisted|p2a: Archaludon
|-damage|p2a: Archaludon|94/100
|-ability|p2a: Archaludon|Stamina|boost
|-boost|p2a: Archaludon|def|1
|cant|p2a: Archaludon|flinch
|move|p1a: Mothra|Quiver Dance|p1a: Mothra
|-boost|p1a: Mothra|spa|1
|-boost|p1a: Mothra|spd|1
|-boost|p1a: Mothra|spe|1
|
|-weather|RainDance|[upkeep]
|-heal|p2a: Archaludon|100/100|[from] Grassy Terrain
|upkeep
|turn|2
|
|t:|1756419273
|move|p2b: Pelipper|Protect|p2b: Pelipper
|-singleturn|p2b: Pelipper|Protect
|move|p1b: Koba|Grassy Glide|p2b: Pelipper
|-activate|p2b: Pelipper|move: Protect
|move|p1a: Mothra|Giga Drain|p2b: Pelipper
|-activate|p2b: Pelipper|move: Protect
|move|p2a: Archaludon|Electro Shot||[still]
|-prepare|p2a: Archaludon|Electro Shot
|-boost|p2a: Archaludon|spa|1
|-anim|p2a: Archaludon|Electro Shot|p1b: Koba
|-resisted|p1b: Koba
|-damage|p1b: Koba|78/100
|
|-weather|RainDance|[upkeep]
|-heal|p1b: Koba|84/100|[from] Grassy Terrain
|upkeep
|turn|3
|
|t:|1756419294
|switch|p2b: Amoonguss|Amoonguss, L50, M|100/100
|move|p1a: Mothra|Quiver Dance|p1a: Mothra
|-boost|p1a: Mothra|spa|1
|-boost|p1a: Mothra|spd|1
|-boost|p1a: Mothra|spe|1
|move|p2a: Archaludon|Electro Shot||[still]
|-prepare|p2a: Archaludon|Electro Shot
|-boost|p2a: Archaludon|spa|1
|-anim|p2a: Archaludon|Electro Shot|p1a: Mothra
|-resisted|p1a: Mothra
|-damage|p1a: Mothra|83/100
|move|p1b: Koba|Wood Hammer|p2b: Amoonguss
|-resisted|p2b: Amoonguss
|-damage|p2b: Amoonguss|82/100
|-damage|p1b: Koba|78/100|[from] Recoil
|
|-weather|RainDance|[upkeep]
|-heal|p1a: Mothra|89/100|[from] Grassy Terrain
|-heal|p1b: Koba|84/100|[from] Grassy Terrain
|-heal|p2b: Amoonguss|88/100|[from] Grassy Terrain
|upkeep
|turn|4
|
|t:|1756419315
|move|p1a: Mothra|Heat Wave|p2b: Amoonguss|[spread] p2a,p2b
|-supereffective|p2b: Amoonguss
|-damage|p2a: Archaludon|66/100
|-damage|p2b: Amoonguss|28/100
|-ability|p2a: Archaludon|Stamina|boost
|-boost|p2a: Archaludon|def|1
|move|p2a: Archaludon|Body Press|p1a: Mothra
|-damage|p1a: Mothra|39/100
|move|p1b: Koba|High Horsepower|p2a: Archaludon|[miss]
|-miss|p1b: Koba|p2a: Archaludon
|move|p2b: Amoonguss|Pollen Puff|p1a: Mothra
|-supereffective|p1a: Mothra
|-damage|p1a: Mothra|21/100
|
|-weather|RainDance|[upkeep]
|-heal|p1a: Mothra|27/100|[from] Grassy Terrain
|-heal|p2a: Archaludon|72/100|[from] Grassy Terrain
|-heal|p1b: Koba|90/100|[from] Grassy Terrain
|-heal|p2b: Amoonguss|34/100|[from] Grassy Terrain
|upkeep
|turn|5
|
|t:|1756419348
|move|p1a: Mothra|Protect|p1a: Mothra
|-singleturn|p1a: Mothra|Protect
|move|p2a: Archaludon|Dragon Pulse|p1a: Mothra
|-activate|p1a: Mothra|move: Protect
|move|p1b: Koba|High Horsepower|p2a: Archaludon
|-supereffective|p2a: Archaludon
|-damage|p2a: Archaludon|43/100
|-ability|p2a: Archaludon|Stamina|boost
|-boost|p2a: Archaludon|def|1
|move|p2b: Amoonguss|Pollen Puff|p2a: Archaludon
|-heal|p2a: Archaludon|93/100
|
|-weather|none
|-heal|p1a: Mothra|33/100|[from] Grassy Terrain
|-heal|p2a: Archaludon|99/100|[from] Grassy Terrain
|-heal|p1b: Koba|96/100|[from] Grassy Terrain
|-heal|p2b: Amoonguss|40/100|[from] Grassy Terrain
|-fieldend|move: Grassy Terrain
|upkeep
|turn|6
|
|t:|1756419394
|switch|p1b: Midas|Gholdengo, L50|100/100
|switch|p2b: Pelipper|Pelipper, L50, M|100/100
|-weather|RainDance|[from] ability: Drizzle|[of] p2b: Pelipper
|move|p1a: Mothra|Heat Wave|p2a: Archaludon|[spread] p2a,p2b
|-resisted|p2b: Pelipper
|-damage|p2a: Archaludon|63/100
|-damage|p2b: Pelipper|65/100
|-ability|p2a: Archaludon|Stamina|boost
|-boost|p2a: Archaludon|def|1
|move|p2a: Archaludon|Body Press|p1a: Mothra
|-damage|p1a: Mothra|0 fnt
|-status|p2a: Archaludon|brn|[from] ability: Flame Body|[of] p1a: Mothra
|faint|p1a: Mothra
|
|-weather|RainDance|[upkeep]
|-damage|p2a: Archaludon|57/100 brn|[from] brn
|upkeep
|
|t:|1756419404
|switch|p1a: Koba|Rillaboom, L50, M, shiny|96/100
|-fieldstart|move: Grassy Terrain|[from] ability: Grassy Surge|[of] p1a: Koba
|turn|7
|
|t:|1756419439
|move|p2b: Pelipper|Protect|p2b: Pelipper
|-singleturn|p2b: Pelipper|Protect
|move|p1a: Koba|Fake Out|p2a: Archaludon
|-resisted|p2a: Archaludon
|-damage|p2a: Archaludon|55/100 brn
|-ability|p2a: Archaludon|Stamina|boost
|-boost|p2a: Archaludon|def|1
|cant|p2a: Archaludon|flinch
|move|p1b: Midas|Nasty Plot|p1b: Midas
|-boost|p1b: Midas|spa|2
|
|-weather|RainDance|[upkeep]
|-heal|p2a: Archaludon|61/100 brn|[from] Grassy Terrain
|-heal|p1a: Koba|100/100|[from] Grassy Terrain
|-damage|p2a: Archaludon|55/100 brn|[from] brn
|upkeep
|turn|8
|
|t:|1756419465
|move|p2a: Archaludon|Electro Shot||[still]
|-prepare|p2a: Archaludon|Electro Shot
|-boost|p2a: Archaludon|spa|1
|-anim|p2a: Archaludon|Electro Shot|p1b: Midas
|-damage|p1b: Midas|8/100
|move|p2b: Pelipper|Tailwind|p2b: Pelipper
|-sidestart|p2: Staryu14|move: Tailwind
|move|p1b: Midas|Shadow Ball|p2a: Archaludon
|-damage|p2a: Archaludon|0 fnt
|faint|p2a: Archaludon
|-damage|p1b: Midas|0 fnt|[from] item: Life Orb
|faint|p1b: Midas
|move|p1a: Koba|Wood Hammer|p2b: Pelipper
|-damage|p2b: Pelipper|0 fnt
|faint|p2b: Pelipper
|-damage|p1a: Koba|86/100|[from] Recoil
|
|-weather|RainDance|[upkeep]
|-heal|p1a: Koba|92/100|[from] Grassy Terrain
|upkeep
|
|t:|1756419491
|switch|p2a: Basculegion|Basculegion, L50, M|100/100
|switch|p2b: Amoonguss|Amoonguss, L50, M|73/100
|switch|p1b: Dare|Sneasler, L50, M|100/100
|turn|9
|
|t:|1756419521
|move|p2a: Basculegion|Protect|p2a: Basculegion
|-singleturn|p2a: Basculegion|Protect
|move|p1b: Dare|Protect|p1b: Dare
|-singleturn|p1b: Dare|Protect
|move|p1a: Koba|Wood Hammer|p2a: Basculegion
|-activate|p2a: Basculegion|move: Protect
|move|p2b: Amoonguss|Pollen Puff|p1a: Koba
|-supereffective|p1a: Koba
|-damage|p1a: Koba|66/100
|
|-weather|RainDance|[upkeep]
|-heal|p1a: Koba|72/100|[from] Grassy Terrain
|-heal|p2b: Amoonguss|79/100|[from] Grassy Terrain
|upkeep
|turn|10
|
|t:|1756419536
|move|p2b: Amoonguss|Rage Powder|p2b: Amoonguss
|-singleturn|p2b: Amoonguss|move: Rage Powder
|move|p1a: Koba|Grassy Glide|p2a: Basculegion
|-supereffective|p2a: Basculegion
|-damage|p2a: Basculegion|1/100
|move|p2a: Basculegion|Last Respects|p1a: Koba
|-damage|p1a: Koba|0 fnt
|faint|p1a: Koba
|move|p1b: Dare|Dire Claw|p2b: Amoonguss
|-damage|p2b: Amoonguss|43/100
|
|-weather|none
|-heal|p2a: Basculegion|7/100|[from] Grassy Terrain
|-heal|p2b: Amoonguss|49/100|[from] Grassy Terrain
|upkeep
|turn|11
|
|t:|1756419550
|move|p2a: Basculegion|Protect|p2a: Basculegion
|-singleturn|p2a: Basculegion|Protect
|move|p1b: Dare|Dire Claw|p2a: Basculegion
|-activate|p2a: Basculegion|move: Protect
|move|p2b: Amoonguss|Spore|p1b: Dare
|-status|p1b: Dare|slp|[from] move: Spore
|
|-heal|p2a: Basculegion|13/100|[from] Grassy Terrain
|-heal|p2b: Amoonguss|55/100|[from] Grassy Terrain
|-sideend|p2: Staryu14|move: Tailwind
|-fieldend|move: Grassy Terrain
|upkeep
|turn|12
|
|t:|1756419558
|cant|p1b: Dare|slp
|move|p2a: Basculegion|Last Respects|p1b: Dare
|-enditem|p1b: Dare|Focus Sash
|-damage|p1b: Dare|1/100 slp
|move|p2b: Amoonguss|Pollen Puff|p2a: Basculegion
|-heal|p2a: Basculegion|62/100
|
|upkeep
|turn|13
|
|t:|1756419583
|move|p2a: Basculegion|Aqua Jet|p1b: Dare
|-damage|p1b: Dare|0 fnt
|faint|p1b: Dare
|
|win|Staryu14
||Staryu14 is ready for game 2.
||Luckstat10 is ready for game 2.
|uhtml|next|Next: Game 2 of 3
|l|☆Luckstat10
|player|p1|
