|j|☆riegeljr
|j|☆Modess with wings
|html|riegeljrModess with wings    
|uhtml|bestof|Game 1 of a best-of-3
|t:|1757861537
|gametype|doubles
|player|p1|riegeljr|infielder|1114
|player|p2|Modess with wings|102|1185
|gen|9
|tier|[Gen 9] VGC 2025 Reg H (Bo3)
|rated|
|rule|Species Clause: Limit one of each Pokémon
|rule|Item Clause: Limit 1 of each item
|clearpoke
|poke|p1|Primarina, L50, F|
|poke|p1|Volcarona, L50, F|
|poke|p1|Baxcalibur, L50, F|
|poke|p1|Incineroar, L50, F|
|poke|p1|Rillaboom, L50, F|
|poke|p1|Zoroark-Hisui, L50, F|
|poke|p2|Dragonite, L50, M|
|poke|p2|Gholdengo, L50|
|poke|p2|Ursaluna-Bloodmoon, L50, M|
|poke|p2|Annihilape, L50, F|
|poke|p2|Maushold-Four, L50|
|poke|p2|Rillaboom, L50, F|
|teampreview|4
|showteam|p1|Primarina||SitrusBerry|LiquidVoice|HyperVoice,Moonblast,Haze,Protect|||F|||50|,,,,,Poison]Volcarona||GrassySeed|FlameBody|HeatWave,GigaDrain,QuiverDance,Protect|||F|||50|,,,,,Grass]Baxcalibur||LoadedDice|ThermalExchange|IcicleSpear,IceShard,ScaleShot,Protect|||F|||50|,,,,,Fire]Incineroar||SafetyGoggles|Intimidate|FakeOut,KnockOff,FlareBlitz,PartingShot|||F|||50|,,,,,Ghost]Rillaboom||AssaultVest|GrassySurge|FakeOut,WoodHammer,HighHorsepower,Uturn|||F|||50|,,,,,Ground]Zoroark-Hisui||FocusSash|Illusion|TeraBlast,ShadowBall,Taunt,Protect|||F|||50|,,,,,Fighting
|showteam|p2|Dragonite||LoadedDice|Multiscale|ScaleShot,ExtremeSpeed,Tailwind,Protect|||M|||50|,,,,,Fairy]Gholdengo||LifeOrb|GoodasGold|MakeItRain,ShadowBall,NastyPlot,Protect||||||50|,,,,,Water]Ursaluna-Bloodmoon||AssaultVest|MindsEye|BloodMoon,EarthPower,HyperVoice,VacuumWave|||M|||50|,,,,,Water]Annihilape||SitrusBerry|Defiant|DrainPunch,RageFist,BulkUp,Protect|||F|||50|,,,,,Fire]Maushold-Four||FocusSash|FriendGuard|SuperFang,BeatUp,FollowMe,Protect||||||50|,,,,,Ghost]Rillaboom||MiracleSeed|GrassySurge|WoodHammer,GrassyGlide,HighHorsepower,FakeOut|||F|||50|,,,,,Fire
|inactive|Battle timer is ON: inactive players will automatically lose when time's up. (requested by riegeljr)
|inactive|riegeljr has 60 seconds left.
|
|t:|1757861590
|teamsize|p1|4
|teamsize|p2|4
|start
|switch|p1a: Spicy Omot|Volcarona, L50, F|100/100
|switch|p1b: Versingetrix|Baxcalibur, L50, F|100/100
|switch|p2a: Gholdengo|Gholdengo, L50|100/100
|switch|p2b: Maushold|Maushold-Four, L50|100/100
|turn|1
|inactive|riegeljr has 30 seconds left.
|
|t:|1757861623
|switch|p1b: Spicy Omot|Volcarona, L50, F|100/100
|move|p1a: Spicy Omot|Taunt|p2b: Maushold
|-start|p2b: Maushold|move: Taunt
|move|p2b: Maushold|Super Fang|p1a: Spicy Omot
|-immune|p1a: Spicy Omot
|move|p2a: Gholdengo|Nasty Plot|p2a: Gholdengo
|-boost|p2a: Gholdengo|spa|2
|
|upkeep
|turn|2
|inactive|riegeljr has 30 seconds left.
|inactive|riegeljr has 20 seconds left.
|
|t:|1757861662
|switch|p1a: Lemmy|Rillaboom, L50, F|100/100
|-fieldstart|move: Grassy Terrain|[from] ability: Grassy Surge|[of] p1a: Lemmy
|-enditem|p1b: Spicy Omot|Grassy Seed
|-boost|p1b: Spicy Omot|def|1|[from] item: Grassy Seed
|-terastallize|p2a: Gholdengo|Water
|move|p2b: Maushold|Super Fang|p1b: Spicy Omot
|-damage|p1b: Spicy Omot|50/100
|move|p2a: Gholdengo|Make It Rain|p1a: Lemmy|[spread] p1a,p1b
|-resisted|p1b: Spicy Omot
|-crit|p1b: Spicy Omot
|-damage|p1a: Lemmy|15/100
|-damage|p1b: Spicy Omot|0 fnt
|-unboost|p2a: Gholdengo|spa|1
|faint|p1b: Spicy Omot
|-damage|p2a: Gholdengo|91/100|[from] item: Life Orb
|
|-heal|p2a: Gholdengo|97/100|[from] Grassy Terrain
|-heal|p1a: Lemmy|21/100|[from] Grassy Terrain
|upkeep
|inactive|riegeljr has 30 seconds left.
|inactive|riegeljr has 20 seconds left.
|
|t:|1757861699
|switch|p1b: Versingetrix|Baxcalibur, L50, F|100/100
|turn|3
|
|t:|1757861706
|move|p1a: Lemmy|Fake Out|p2a: Gholdengo
|-damage|p2a: Gholdengo|86/100
|move|p2b: Maushold|Super Fang|p1b: Versingetrix
|-damage|p1b: Versingetrix|50/100
|cant|p2a: Gholdengo|flinch
|move|p1b: Versingetrix|Scale Shot|p2b: Maushold
|-damage|p2b: Maushold|82/100
|-damage|p2b: Maushold|63/100
|-damage|p2b: Maushold|46/100
|-damage|p2b: Maushold|29/100
|-hitcount|p2b: Maushold|4
|-unboost|p1b: Versingetrix|def|1
|-boost|p1b: Versingetrix|spe|1
|
|-heal|p1b: Versingetrix|57/100|[from] Grassy Terrain
|-heal|p2b: Maushold|35/100|[from] Grassy Terrain
|-heal|p2a: Gholdengo|93/100|[from] Grassy Terrain
|-heal|p1a: Lemmy|28/100|[from] Grassy Terrain
|-end|p2b: Maushold|move: Taunt
|upkeep
|turn|4
|inactive|riegeljr has 30 seconds left.
|inactive|riegeljr has 20 seconds left.
|inactive|riegeljr has 15 seconds left.
|
|t:|1757861747
|-terastallize|p1b: Versingetrix|Fire
|move|p2b: Maushold|Follow Me|p2b: Maushold
|-singleturn|p2b: Maushold|move: Follow Me
|move|p1b: Versingetrix|Icicle Spear|p2b: Maushold
|-damage|p2b: Maushold|18/100
|-crit|p2b: Maushold
|-damage|p2b: Maushold|0 fnt
|faint|p2b: Maushold
|-hitcount|p2: Maushold|2
|move|p2a: Gholdengo|Make It Rain|p1a: Lemmy|[spread] p1a,p1b
|-resisted|p1b: Versingetrix
|-damage|p1a: Lemmy|0 fnt
|-damage|p1b: Versingetrix|17/100
|-unboost|p2a: Gholdengo|spa|1
|faint|p1a: Lemmy
|-damage|p2a: Gholdengo|83/100|[from] item: Life Orb
|
|-heal|p1b: Versingetrix|24/100|[from] Grassy Terrain
|-heal|p2a: Gholdengo|89/100|[from] Grassy Terrain
|upkeep
|
|t:|1757861764
|switch|p2b: Dragonite|Dragonite, L50, M|100/100
|switch|p1a: Versingetrix|Baxcalibur, L50, F|100/100
|turn|5
|
|t:|1757861786
|move|p1b: Versingetrix|Protect|p1b: Versingetrix
|-singleturn|p1b: Versingetrix|Protect
|move|p2b: Dragonite|Protect|p2b: Dragonite
|-singleturn|p2b: Dragonite|Protect
|move|p1a: Versingetrix|Tera Blast|p2b: Dragonite
|-activate|p2b: Dragonite|move: Protect
|move|p2a: Gholdengo|Make It Rain|p1b: Versingetrix|[spread] p1a
|-activate|p1b: Versingetrix|move: Protect
|-enditem|p1a: Versingetrix|Focus Sash
|-damage|p1a: Versingetrix|1/100
|-unboost|p2a: Gholdengo|spa|1
|replace|p1a: Jace|Zoroark-Hisui, L50, F
|-end|p1a: Jace|Illusion
|-damage|p2a: Gholdengo|80/100|[from] item: Life Orb
|
|-heal|p1a: Jace|7/100|[from] Grassy Terrain
|-heal|p1b: Versingetrix|30/100|[from] Grassy Terrain
|-heal|p2a: Gholdengo|86/100|[from] Grassy Terrain
|upkeep
|turn|6
|
|t:|1757861809
|move|p2b: Dragonite|Extreme Speed|p1b: Versingetrix
|-damage|p1b: Versingetrix|0 fnt
|faint|p1b: Versingetrix
|move|p1a: Jace|Shadow Ball|p2b: Dragonite
|-damage|p2b: Dragonite|79/100
|move|p2a: Gholdengo|Make It Rain|p1a: Jace
|-damage|p1a: Jace|0 fnt
|-unboost|p2a: Gholdengo|spa|1
|faint|p1a: Jace
|-damage|p2a: Gholdengo|76/100|[from] item: Life Orb
|
|win|Modess with wings
||Modess with wings is ready for game 2.
|inactive|riegeljr has 30 seconds to confirm battle start!
