|j|☆pokemytle
|j|☆HeavenlyGodMK3
|html|pokemytleHeavenlyGodMK3    
|uhtml|bestof|Game 1 of a best-of-3
|t:|1784329147
|gametype|doubles
|player|p1|pokemytle|266|
|player|p2|HeavenlyGodMK3|170|
|gen|9
|tier|[Gen 9 Champions] VGC 2026 Reg M-B (Bo3)
|rule|Species Clause: Limit one of each Pokémon
|rule|Item Clause: Limit 1 of each item
|clearpoke
|poke|p1|Archaludon, L50, M|
|poke|p1|Basculegion, L50, M|
|poke|p1|Pelipper, L50, M|
|poke|p1|Maushold, L50|
|poke|p1|Swampert, L50, M|
|poke|p1|Talonflame, L50, F|
|poke|p2|Eelektross, L50, F|
|poke|p2|Whimsicott, L50, M|
|poke|p2|Aegislash, L50, M|
|poke|p2|Tsareena, L50, F|
|poke|p2|Zoroark, L50, M|
|poke|p2|Toxapex, L50, M|
|teampreview|4
|showteam|p1|Archaludon||SitrusBerry|Stamina|DracoMeteor,FlashCannon,Protect,ElectroShot|Naive||M|||50|]Basculegion||ChoiceScarf|Adaptability|WaveCrash,LastRespects,FlipTurn,AquaJet|Jolly||M|||50|]Pelipper||FocusSash|Drizzle|Tailwind,Surf,WeatherBall,Hurricane|Modest||M|||50|]Maushold||Leftovers|FriendGuard|Encore,Taunt,FollowMe,Substitute|Timid|||||50|]Swampert||Swampertite|Torrent|Earthquake,RockSlide,WaveCrash,Liquidation|Adamant||M|||50|]Talonflame||LifeOrb|FlameBody|BraveBird,FlameCharge,FlareBlitz,RainDance|Jolly||F|||50|
|showteam|p2|Eelektross||Eelektrossite|Levitate|Thunderbolt,Discharge,GigaDrain,Protect|Modest||F|||50|]Whimsicott||FocusSash|Prankster|Taunt,SunnyDay,Moonblast,Tailwind|Timid||M|||50|]Aegislash||KasibBerry|StanceChange|KingsShield,SwordsDance,SacredSword,ShadowSneak|Adamant||M|||50|]Tsareena||ChoiceScarf|QueenlyMajesty|HighJumpKick,PowerWhip,KnockOff,Uturn|Jolly||F|||50|]Zoroark||WideLens|Illusion|Detect,DarkPulse,FocusBlast,GrassKnot|Timid||M|||50|]Toxapex||Leftovers|Regenerator|BanefulBunker,Recover,Toxic,Infestation|Calm||M|||50|
|
|t:|1784329166
|teamsize|p1|4
|teamsize|p2|4
|start
|switch|p1a: Pelipper|Pelipper, L50, M|100/100
|switch|p1b: Swampert|Swampert, L50, M|100/100
|switch|p2a: Eelektross|Eelektross, L50, F|100/100
|switch|p2b: Whimsicott|Whimsicott, L50, M|100/100
|-weather|RainDance|[from] ability: Drizzle|[of] p1a: Pelipper
|turn|1
|
|t:|1784329181
|detailschange|p1b: Swampert|Swampert-Mega, L50, M
|-mega|p1b: Swampert|Swampert|Swampertite
|detailschange|p2a: Eelektross|Eelektross-Mega, L50, F
|-mega|p2a: Eelektross|Eelektross|Eelektrossite
|move|p2b: Whimsicott|Tailwind|p2b: Whimsicott
|-sidestart|p2: HeavenlyGodMK3|move: Tailwind
|move|p2a: Eelektross|Giga Drain|p1b: Swampert
|-supereffective|p1b: Swampert|2
|-damage|p1b: Swampert|0 fnt
|faint|p1b: Swampert
|-ability|p2a: Eelektross|Eelevate|boost
|-boost|p2a: Eelektross|spa|1
|move|p1a: Pelipper|Tailwind|p1a: Pelipper
|-sidestart|p1: pokemytle|move: Tailwind
|
|-weather|RainDance|[upkeep]
|upkeep
|
|t:|1784329193
|switch|p1b: Archaludon|Archaludon, L50, M|100/100
|turn|2
|
|t:|1784329205
|switch|p1a: Maushold|Maushold, L50|100/100
|move|p2a: Eelektross|Protect|p2a: Eelektross
|-singleturn|p2a: Eelektross|Protect
|move|p2b: Whimsicott|Sunny Day|p2b: Whimsicott
|-weather|SunnyDay
|move|p1b: Archaludon|Electro Shot||[still]
|-prepare|p1b: Archaludon|Electro Shot
|-boost|p1b: Archaludon|spa|1
|
|-weather|SunnyDay|[upkeep]
|upkeep
|turn|3
|
|t:|1784329222
|move|p1a: Maushold|Follow Me|p1a: Maushold
|-singleturn|p1a: Maushold|move: Follow Me
|move|p2b: Whimsicott|Taunt|p1a: Maushold
|-start|p1a: Maushold|move: Taunt
|move|p1b: Archaludon|Electro Shot|p2b: Whimsicott|[from] lockedmove
|-resisted|p2b: Whimsicott|1
|-damage|p2b: Whimsicott|52/100
|move|p2a: Eelektross|Thunderbolt|p1a: Maushold
|-damage|p1a: Maushold|5/100
|
|-weather|SunnyDay|[upkeep]
|-heal|p1a: Maushold|11/100|[from] item: Leftovers
|upkeep
|turn|4
|
|t:|1784329239
|move|p2b: Whimsicott|Moonblast|p1a: Maushold
|-damage|p1a: Maushold|0 fnt
|faint|p1a: Maushold
|move|p1b: Archaludon|Draco Meteor|p2a: Eelektross|[miss]
|-miss|p1b: Archaludon|p2a: Eelektross
|move|p2a: Eelektross|Thunderbolt|p1b: Archaludon
|-resisted|p1b: Archaludon|1
|-damage|p1b: Archaludon|29/100
|-ability|p1b: Archaludon|Stamina|boost
|-boost|p1b: Archaludon|def|1
|-enditem|p1b: Archaludon|Sitrus Berry|[eat]
|-heal|p1b: Archaludon|53/100|[from] item: Sitrus Berry
|
|-weather|SunnyDay|[upkeep]
|-sideend|p1: pokemytle|move: Tailwind
|-sideend|p2: HeavenlyGodMK3|move: Tailwind
|upkeep
|
|t:|1784329252
|switch|p1a: Pelipper|Pelipper, L50, M|100/100
|-weather|RainDance|[from] ability: Drizzle|[of] p1a: Pelipper
|turn|5
|
|t:|1784329265
|move|p2b: Whimsicott|Sunny Day|p2b: Whimsicott
|-weather|SunnyDay
|move|p1b: Archaludon|Draco Meteor|p2a: Eelektross
|-damage|p2a: Eelektross|0 fnt
|-unboost|p1b: Archaludon|spa|2
|faint|p2a: Eelektross
|move|p1a: Pelipper|Hurricane|p2b: Whimsicott|[miss]
|-miss|p1a: Pelipper|p2b: Whimsicott
|
|-weather|SunnyDay|[upkeep]
|upkeep
|
|t:|1784329274
|switch|p2a: Aegislash|Aegislash, L50, M|100/100
|turn|6
|
|t:|1784329285
|move|p2b: Whimsicott|Moonblast|p1b: Archaludon
|-damage|p1b: Archaludon|8/100
|-ability|p1b: Archaludon|Stamina|boost
|-boost|p1b: Archaludon|def|1
|move|p1b: Archaludon|Electro Shot||[still]
|-prepare|p1b: Archaludon|Electro Shot
|-boost|p1b: Archaludon|spa|1
|move|p1a: Pelipper|Weather Ball|p2a: Aegislash
|-supereffective|p2a: Aegislash|1
|-damage|p2a: Aegislash|26/100
|move|p2a: Aegislash|Swords Dance|p2a: Aegislash
|-boost|p2a: Aegislash|atk|2
|
|-weather|SunnyDay|[upkeep]
|upkeep
|turn|7
|
|t:|1784329304
|move|p2a: Aegislash|King's Shield|p2a: Aegislash
|-singleturn|p2a: Aegislash|Protect
|move|p2b: Whimsicott|Moonblast|p1a: Pelipper
|-damage|p1a: Pelipper|62/100
|move|p1b: Archaludon|Electro Shot|p2a: Aegislash|[from] lockedmove
|-activate|p2a: Aegislash|move: Protect
|move|p1a: Pelipper|Weather Ball|p2a: Aegislash
|-activate|p2a: Aegislash|move: Protect
|
|-weather|SunnyDay|[upkeep]
|upkeep
|turn|8
|
|t:|1784329320
|move|p1b: Archaludon|Protect|p1b: Archaludon
|-singleturn|p1b: Archaludon|Protect
|-formechange|p2a: Aegislash|Aegislash-Blade|
|move|p2a: Aegislash|Shadow Sneak|p1b: Archaludon
|-activate|p1b: Archaludon|move: Protect
|move|p2b: Whimsicott|Moonblast|p1a: Pelipper
|-damage|p1a: Pelipper|23/100
|move|p1a: Pelipper|Weather Ball|p2b: Whimsicott
|-supereffective|p2b: Whimsicott|1
|-damage|p2b: Whimsicott|0 fnt
|faint|p2b: Whimsicott
|
|-weather|SunnyDay|[upkeep]
|upkeep
|
|t:|1784329332
|switch|p2b: Tsareena|Tsareena, L50, F|100/100
|turn|9
|
|t:|1784329347
|move|p2a: Aegislash|Shadow Sneak|p1b: Archaludon
|-damage|p1b: Archaludon|0 fnt
|faint|p1b: Archaludon
|move|p2b: Tsareena|Power Whip|p1a: Pelipper
|-crit|p1a: Pelipper
|-damage|p1a: Pelipper|0 fnt
|faint|p1a: Pelipper
|
|win|HeavenlyGodMK3
