|j|☆riegeljr
|j|☆Modess with wings
|html|riegeljrModess with wings    
|uhtml|bestof|Game 2 of a best-of-3
|t:|1757861829
|gametype|doubles
|player|p1|riegeljr|infielder|1114
|player|p2|Modess with wings|102|1185
|gen|9
|tier|[Gen 9] VGC 2025 Reg H (Bo3)
|rated|
|rule|Species Clause: Limit one of each Pokémon
|rule|Item Clause: Limit 1 of each item
|clearpoke
|poke|p1|Primarina, L50, F|
|poke|p1|Volcarona, L50, F|
|poke|p1|Baxcalibur, L50, F|
|poke|p1|Incineroar, L50, F|
|poke|p1|Rillaboom, L50, F|
|poke|p1|Zoroark-Hisui, L50, F|
|poke|p2|Dragonite, L50, M|
|poke|p2|Gholdengo, L50|
|poke|p2|Ursaluna-Bloodmoon, L50, M|
|poke|p2|Annihilape, L50, F|
|poke|p2|Maushold-Four, L50|
|poke|p2|Rillaboom, L50, F|
|teampreview|4
|showteam|p1|Primarina||SitrusBerry|LiquidVoice|HyperVoice,Moonblast,Haze,Protect|||F|||50|,,,,,Poison]Volcarona||GrassySeed|FlameBody|HeatWave,GigaDrain,QuiverDance,Protect|||F|||50|,,,,,Grass]Baxcalibur||LoadedDice|ThermalExchange|IcicleSpear,IceShard,ScaleShot,Protect|||F|||50|,,,,,Fire]Incineroar||SafetyGoggles|Intimidate|FakeOut,KnockOff,FlareBlitz,PartingShot|||F|||50|,,,,,Ghost]Rillaboom||AssaultVest|GrassySurge|FakeOut,WoodHammer,HighHorsepower,Uturn|||F|||50|,,,,,Ground]Zoroark-Hisui||FocusSash|Illusion|TeraBlast,ShadowBall,Taunt,Protect|||F|||50|,,,,,Fighting
|showteam|p2|Dragonite||LoadedDice|Multiscale|ScaleShot,ExtremeSpeed,Tailwind,Protect|||M|||50|,,,,,Fairy]Gholdengo||LifeOrb|GoodasGold|MakeItRain,ShadowBall,NastyPlot,Protect||||||50|,,,,,Water]Ursaluna-Bloodmoon||AssaultVest|MindsEye|BloodMoon,EarthPower,HyperVoice,VacuumWave|||M|||50|,,,,,Water]Annihilape||SitrusBerry|Defiant|DrainPunch,RageFist,BulkUp,Protect|||F|||50|,,,,,Fire]Maushold-Four||FocusSash|FriendGuard|SuperFang,BeatUp,FollowMe,Protect||||||50|,,,,,Ghost]Rillaboom||MiracleSeed|GrassySurge|WoodHammer,GrassyGlide,HighHorsepower,FakeOut|||F|||50|,,,,,Fire
|inactive|Battle timer is ON: inactive players will automatically lose when time's up. (requested by riegeljr)
|inactive|riegeljr has 60 seconds left.
|
|t:|1757861882
|teamsize|p1|4
|teamsize|p2|4
|start
|switch|p1a: Lemmy|Rillaboom, L50, F|100/100
|switch|p1b: Spicy Omot|Volcarona, L50, F|100/100
|switch|p2a: Annihilape|Annihilape, L50, F|100/100
|switch|p2b: Maushold|Maushold-Four, L50|100/100
|-fieldstart|move: Grassy Terrain|[from] ability: Grassy Surge|[of] p1a: Lemmy
|-enditem|p1b: Spicy Omot|Grassy Seed
|-boost|p1b: Spicy Omot|def|1|[from] item: Grassy Seed
|turn|1
|inactive|riegeljr has 30 seconds left.
|inactive|riegeljr has 20 seconds left.
|
|t:|1757861921
|switch|p1b: Jori En|Primarina, L50, F|100/100
|move|p2b: Maushold|Protect|p2b: Maushold
|-singleturn|p2b: Maushold|Protect
|move|p2a: Annihilape|Bulk Up|p2a: Annihilape
|-boost|p2a: Annihilape|atk|1
|-boost|p2a: Annihilape|def|1
|move|p1a: Lemmy|Wood Hammer|p2a: Annihilape
|-damage|p2a: Annihilape|62/100
|-damage|p1a: Lemmy|86/100|[from] Recoil
|
|-heal|p2a: Annihilape|68/100|[from] Grassy Terrain
|-heal|p1a: Lemmy|93/100|[from] Grassy Terrain
|upkeep
|turn|2
|inactive|riegeljr has 30 seconds left.
|inactive|Modess with wings has 30 seconds left.
|inactive|riegeljr has 20 seconds left.
|
|t:|1757861958
|move|p2a: Annihilape|Protect|p2a: Annihilape
|-singleturn|p2a: Annihilape|Protect
|move|p1b: Jori En|Shadow Ball|p2a: Annihilape
|-activate|p2a: Annihilape|move: Protect
|move|p2b: Maushold|Super Fang|p1a: Lemmy
|-damage|p1a: Lemmy|47/100
|move|p1a: Lemmy|U-turn|p2b: Maushold
|-damage|p2b: Maushold|70/100
|
|t:|1757861975
|switch|p1a: Jori En|Primarina, L50, F|100/100|[from] U-turn
|
|-heal|p2b: Maushold|76/100|[from] Grassy Terrain
|-heal|p2a: Annihilape|74/100|[from] Grassy Terrain
|upkeep
|turn|3
|
|t:|1757861989
|-terastallize|p2a: Annihilape|Fire
|move|p1b: Jori En|Shadow Ball|p2a: Annihilape
|-damage|p2a: Annihilape|43/100
|-enditem|p2a: Annihilape|Sitrus Berry|[eat]
|-heal|p2a: Annihilape|68/100|[from] item: Sitrus Berry
|move|p2b: Maushold|Beat Up|p2a: Annihilape
|-damage|p2a: Annihilape|66/100
|-damage|p2a: Annihilape|64/100
|-damage|p2a: Annihilape|63/100
|-damage|p2a: Annihilape|61/100
|-hitcount|p2a: Annihilape|4
|move|p2a: Annihilape|Rage Fist|p1a: Jori En
|-damage|p1a: Jori En|0 fnt
|faint|p1a: Jori En
|
|-heal|p2b: Maushold|83/100|[from] Grassy Terrain
|-heal|p2a: Annihilape|67/100|[from] Grassy Terrain
|upkeep
|
|t:|1757862001
|switch|p1a: Lemmy|Rillaboom, L50, F|47/100
|turn|4
|
|t:|1757862011
|-terastallize|p1b: Jori En|Fighting
|move|p2a: Annihilape|Protect|p2a: Annihilape
|-singleturn|p2a: Annihilape|Protect
|move|p1a: Lemmy|Fake Out|p2a: Annihilape
|-activate|p2a: Annihilape|move: Protect
|move|p1b: Jori En|Tera Blast|p2b: Maushold|[anim] Tera Blast Fighting
|-supereffective|p2b: Maushold
|-damage|p2b: Maushold|0 fnt
|faint|p2b: Maushold
|
|-heal|p2a: Annihilape|74/100|[from] Grassy Terrain
|-heal|p1a: Lemmy|53/100|[from] Grassy Terrain
|upkeep
|
|t:|1757862028
|switch|p2b: Dragonite|Dragonite, L50, M|100/100
|turn|5
|inactive|riegeljr has 30 seconds left.
|
|t:|1757862055
|move|p1b: Jori En|Protect|p1b: Jori En
|-singleturn|p1b: Jori En|Protect
|move|p2a: Annihilape|Rage Fist|p1a: Lemmy
|-damage|p1a: Lemmy|0 fnt
|faint|p1a: Lemmy
|move|p2b: Dragonite|Scale Shot|p1b: Jori En
|-activate|p1b: Jori En|move: Protect
|
|-heal|p2a: Annihilape|80/100|[from] Grassy Terrain
|-fieldend|move: Grassy Terrain
|upkeep
|
|t:|1757862062
|switch|p1a: Spicy Omot|Volcarona, L50, F|100/100
|turn|6
|c|☆Modess with wings|nice try with illusion
|c|☆Modess with wings|gg
|inactive|riegeljr has 30 seconds left.
|inactive|riegeljr has 20 seconds left.
|c|☆riegeljr|ty gg
|
|t:|1757862101
|move|p1b: Jori En|Shadow Ball|p2a: Annihilape
|-damage|p2a: Annihilape|39/100
|move|p2a: Annihilape|Rage Fist|p1a: Spicy Omot
|-damage|p1a: Spicy Omot|0 fnt
|faint|p1a: Spicy Omot
|move|p2b: Dragonite|Scale Shot|p1b: Jori En
|-damage|p1b: Jori En|70/100
|replace|p1b: Jace|Zoroark-Hisui, L50, F
|-end|p1b: Jace|Illusion
|-damage|p1b: Jace|39/100
|-damage|p1b: Jace|9/100
|-damage|p1b: Jace|0 fnt
|faint|p1b: Jace
|-hitcount|p1: Jace|4
|
|win|Modess with wings
|raw|riegeljr's rating: 1114 → 1094(-20 for losing)
|raw|Modess with wings's rating: 1185 → 1205(+20 for winning)
