|j|☆Tronman17
|j|☆saboyita
|html|Tronman17saboyita    
|uhtml|bestof|Game 1 of a best-of-3
|t:|1756498043
|gametype|doubles
|player|p1|Tronman17|steven|1096
|player|p2|saboyita|grimsley|1084
|gen|9
|tier|[Gen 9] VGC 2025 Reg H (Bo3)
|rated|
|rule|Species Clause: Limit one of each Pokémon
|rule|Item Clause: Limit 1 of each item
|clearpoke
|poke|p1|Archaludon, L50, M|
|poke|p1|Pelipper, L50, F|
|poke|p1|Annihilape, L50, M|
|poke|p1|Rillaboom, L50, F|
|poke|p1|Sinistcha, L50|
|poke|p1|Ursaluna, L50, M|
|poke|p2|Amoonguss, L50, M|
|poke|p2|Hydreigon, L50, F|
|poke|p2|Whimsicott, L50, M|
|poke|p2|Maushold-Four, L50|
|poke|p2|Annihilape, L50, M|
|poke|p2|Ursaluna-Bloodmoon, L50, M|
|teampreview|4
|showteam|p1|Archaludon||AssaultVest|Stamina|BodyPress,ElectroShot,FlashCannon,DragonPulse|||M|||50|,,,,,Fairy]Pelipper||CovertCloak|Drizzle|Hurricane,WeatherBall,Tailwind,Uturn|||F|||50|,,,,,Stellar]Annihilape||Leftovers|Defiant|DrainPunch,RageFist,BulkUp,Protect|||M|||50|,,,,,Fire]Rillaboom||LoadedDice|GrassySurge|GrassyGlide,BulletSeed,FakeOut,HighHorsepower|||F|||50|,,,,,Fire]Sinistcha||SitrusBerry|Hospitality|MatchaGotcha,LifeDew,TrickRoom,RagePowder||||||50|,,,,,Water]Ursaluna||FlameOrb|Guts|Facade,Substitute,HeadlongRush,Protect|||M|||50|,,,,,Ghost
|showteam|p2|Amoonguss||MentalHerb|Regenerator|ClearSmog,Spore,RagePowder,Protect|||M|||50|,,,,,Water]Hydreigon||ChoiceSpecs|Levitate|Snarl,HeatWave,DarkPulse,DracoMeteor|||F|||50|,,,,,Ghost]Whimsicott||CovertCloak|Prankster|BeatUp,Encore,HelpingHand,Tailwind|||M|||50|,,,,,Dark]Maushold-Four||WideLens|Technician|PopulationBomb,Taunt,FollowMe,Protect||||||50|,,,,,Ghost]Annihilape||Leftovers|Defiant|RageFist,CloseCombat,FinalGambit,Protect|||M|||50|,,,,,Fire]Ursaluna-Bloodmoon||LifeOrb|MindsEye|HyperVoice,EarthPower,BloodMoon,Protect|||M|||50|,,,,,Water
|inactive|Battle timer is ON: inactive players will automatically lose when time's up. (requested by saboyita)
|inactive|Tronman17 has 60 seconds left.
|inactive|saboyita has 60 seconds left.
|
|t:|1756498097
|teamsize|p1|4
|teamsize|p2|4
|start
|switch|p1a: Archaludon|Archaludon, L50, M, shiny|100/100
|switch|p1b: Rillaboom|Rillaboom, L50, F, shiny|100/100
|switch|p2a: Hydreigon|Hydreigon, L50, F|100/100
|switch|p2b: Whimsicott|Whimsicott, L50, M|100/100
|-fieldstart|move: Grassy Terrain|[from] ability: Grassy Surge|[of] p1b: Rillaboom
|turn|1
|inactive|Tronman17 has 30 seconds left.
|inactive|saboyita has 30 seconds left.
|
|t:|1756498126
|switch|p1b: Pelipper|Pelipper, L50, F, shiny|100/100
|-weather|RainDance|[from] ability: Drizzle|[of] p1b: Pelipper
|-terastallize|p2a: Hydreigon|Ghost
|move|p2b: Whimsicott|Helping Hand|p2a: Hydreigon
|-singleturn|p2a: Hydreigon|Helping Hand|[of] p2b: Whimsicott
|move|p2a: Hydreigon|Draco Meteor|p1a: Archaludon
|-damage|p1a: Archaludon|0 fnt
|-unboost|p2a: Hydreigon|spa|2
|faint|p1a: Archaludon
|
|-weather|RainDance|[upkeep]
|upkeep
|
|t:|1756498141
|switch|p1a: Rillaboom|Rillaboom, L50, F, shiny|100/100
|turn|2
|
|t:|1756498164
|move|p2b: Whimsicott|Tailwind|p2b: Whimsicott
|-sidestart|p2: saboyita|move: Tailwind
|move|p2a: Hydreigon|Draco Meteor|p1a: Rillaboom
|-damage|p1a: Rillaboom|42/100
|-unboost|p2a: Hydreigon|spa|2
|move|p1b: Pelipper|U-turn|p2a: Hydreigon
|-resisted|p2a: Hydreigon
|-damage|p2a: Hydreigon|96/100
|
|t:|1756498173
|switch|p1b: Sinistcha|Sinistcha, L50|100/100|[from] U-turn
|-heal|p1a: Rillaboom|67/100|[from] ability: Hospitality|[of] p1b: Sinistcha
|move|p1a: Rillaboom|Bullet Seed|p2a: Hydreigon
|-damage|p2a: Hydreigon|77/100
|-damage|p2a: Hydreigon|58/100
|-damage|p2a: Hydreigon|36/100
|-damage|p2a: Hydreigon|17/100
|-hitcount|p2a: Hydreigon|4
|
|-weather|RainDance|[upkeep]
|-heal|p1a: Rillaboom|73/100|[from] Grassy Terrain
|upkeep
|turn|3
|inactive|saboyita has 30 seconds left.
|
|t:|1756498207
|switch|p2b: Ursaluna|Ursaluna-Bloodmoon, L50, M|100/100
|switch|p2a: Maushold|Maushold-Four, L50|100/100
|move|p1a: Rillaboom|Grassy Glide|p2a: Maushold
|-damage|p2a: Maushold|42/100
|move|p1b: Sinistcha|Matcha Gotcha|p2b: Ursaluna|[spread] p2a,p2b
|-supereffective|p2b: Ursaluna
|-damage|p2a: Maushold|0 fnt
|-damage|p2b: Ursaluna|5/100
|faint|p2a: Maushold
|
|-weather|RainDance|[upkeep]
|-heal|p2b: Ursaluna|12/100|[from] Grassy Terrain
|-heal|p1a: Rillaboom|80/100|[from] Grassy Terrain
|upkeep
|
|t:|1756498222
|switch|p2a: Whimsicott|Whimsicott, L50, M|100/100
|turn|4
|
|t:|1756498231
|move|p2a: Whimsicott|Encore|p1a: Rillaboom
|-start|p1a: Rillaboom|Encore
|move|p1a: Rillaboom|Grassy Glide|p2b: Ursaluna
|-supereffective|p2b: Ursaluna
|-crit|p2b: Ursaluna
|-damage|p2b: Ursaluna|0 fnt
|faint|p2b: Ursaluna
|move|p1b: Sinistcha|Matcha Gotcha|p2a: Whimsicott
|-resisted|p2a: Whimsicott
|-damage|p2a: Whimsicott|66/100
|
|-weather|RainDance|[upkeep]
|-heal|p2a: Whimsicott|72/100|[from] Grassy Terrain
|-heal|p1a: Rillaboom|86/100|[from] Grassy Terrain
|upkeep
|
|t:|1756498234
|switch|p2b: Hydreigon|Hydreigon, L50, F, tera:Ghost|17/100
|turn|5
|
|t:|1756498251
|move|p2a: Whimsicott|Helping Hand|p2b: Hydreigon
|-singleturn|p2b: Hydreigon|Helping Hand|[of] p2a: Whimsicott
|move|p1b: Sinistcha|Rage Powder|p1b: Sinistcha
|-singleturn|p1b: Sinistcha|move: Rage Powder
|move|p1a: Rillaboom|Grassy Glide|p2b: Hydreigon
|-damage|p2b: Hydreigon|0 fnt
|faint|p2b: Hydreigon
|
|-weather|none
|-heal|p2a: Whimsicott|78/100|[from] Grassy Terrain
|-heal|p1a: Rillaboom|92/100|[from] Grassy Terrain
|-sideend|p2: saboyita|move: Tailwind
|-fieldend|move: Grassy Terrain
|upkeep
|turn|6
|
|t:|1756498267
|switch|p1a: Pelipper|Pelipper, L50, F, shiny|100/100
|-weather|RainDance|[from] ability: Drizzle|[of] p1a: Pelipper
|move|p2a: Whimsicott|Tailwind|p2a: Whimsicott
|-sidestart|p2: saboyita|move: Tailwind
|move|p1b: Sinistcha|Matcha Gotcha|p2a: Whimsicott
|-resisted|p2a: Whimsicott
|-damage|p2a: Whimsicott|53/100
|
|-weather|RainDance|[upkeep]
|upkeep
|turn|7
|
|t:|1756498281
|move|p1b: Sinistcha|Rage Powder|p1b: Sinistcha
|-singleturn|p1b: Sinistcha|move: Rage Powder
|move|p2a: Whimsicott|Tailwind||[still]
|-fail|p2a: Whimsicott
|move|p1a: Pelipper|Hurricane|p2a: Whimsicott
|-supereffective|p2a: Whimsicott
|-crit|p2a: Whimsicott
|-damage|p2a: Whimsicott|0 fnt
|faint|p2a: Whimsicott
|
|win|Tronman17
