|j|☆eriksp
|j|☆f89 DonOMarVGC
|html|erikspf89 DonOMarVGC    
|uhtml|bestof|Game 2 of a best-of-3
|t:|1783816840
|gametype|doubles
|player|p1|eriksp|cynthia-masters4|1154
|player|p2|f89 DonOMarVGC|lucas|1243
|gen|9
|tier|[Gen 9 Champions] VGC 2026 Reg M-B (Bo3)
|rated|
|rule|Species Clause: Limit one of each Pokémon
|rule|Item Clause: Limit 1 of each item
|clearpoke
|poke|p1|Floette-Eternal, L50, F|
|poke|p1|Charizard, L50, F|
|poke|p1|Whimsicott, L50, M|
|poke|p1|Garchomp, L50, M|
|poke|p1|Basculegion, L50, M|
|poke|p1|Kingambit, L50, F|
|poke|p2|Grimmsnarl, L50, M|
|poke|p2|Tsareena, L50, F|
|poke|p2|Glimmora, L50, F|
|poke|p2|Umbreon, L50, M|
|poke|p2|Charizard, L50, F|
|poke|p2|Metagross, L50|
|teampreview|4
|showteam|p1|Floette-Eternal||Floettite|FlowerVeil|Moonblast,DazzlingGleam,LightofRuin,Protect|Modest||F|||50|]Charizard||CharizarditeY|Blaze|HeatWave,WeatherBall,SolarBeam,Protect|Timid||F|||50|]Whimsicott||FocusSash|Prankster|Moonblast,Tailwind,Encore,Protect|Timid||M|||50|]Garchomp||LifeOrb|RoughSkin|DragonClaw,Earthquake,Protect,RockSlide|Jolly||M|||50|]Basculegion||MysticWater|Adaptability|WaveCrash,LastRespects,AquaJet,Protect|Adamant||M|||50|]Kingambit||ChopleBerry|Defiant|KowtowCleave,IronHead,SuckerPunch,LowKick|Adamant||F|||50|
|showteam|p2|Grimmsnarl||LightClay|Prankster|Reflect,LightScreen,SpiritBreak,PartingShot|Impish||M|||50|]Tsareena||SitrusBerry|QueenlyMajesty|TropKick,TripleAxel,HighJumpKick,KnockOff|Adamant||F|||50|]Glimmora||FocusSash|ToxicDebris|SpikyShield,EarthPower,PowerGem,SludgeBomb|Modest||F|||50|]Umbreon||Leftovers|InnerFocus|FoulPlay,Snarl,Yawn,Moonlight|Impish||M|||50|]Charizard||CharizarditeY|SolarPower|Protect,HeatWave,WeatherBall,SolarBeam|Modest||F|||50|]Metagross||Metagrossite|ClearBody|Protect,PsychicFangs,MeteorMash,BulletPunch|Adamant|||||50|
|
|t:|1783816893
|teamsize|p1|4
|teamsize|p2|4
|start
|switch|p1a: Whimsicott|Whimsicott, L50, M|100/100
|switch|p1b: Charizard|Charizard, L50, F|100/100
|switch|p2a: Grimmsnarl|Grimmsnarl, L50, M|100/100
|switch|p2b: Umbreon|Umbreon, L50, M|100/100
|turn|1
|inactive|Battle timer is ON: inactive players will automatically lose when time's up. (requested by f89 DonOMarVGC)
|
|t:|1783816919
|detailschange|p1b: Charizard|Charizard-Mega-Y, L50, F
|-mega|p1b: Charizard|Charizard|Charizardite Y
|-weather|SunnyDay|[from] ability: Drought|[of] p1b: Charizard
|move|p2a: Grimmsnarl|Light Screen|p2a: Grimmsnarl
|-sidestart|p2: f89 DonOMarVGC|move: Light Screen
|move|p1a: Whimsicott|Moonblast|p2b: Umbreon
|-supereffective|p2b: Umbreon|1
|-damage|p2b: Umbreon|71/100
|move|p1b: Charizard|Weather Ball|p2b: Umbreon
|-damage|p2b: Umbreon|33/100
|move|p2b: Umbreon|Yawn|p1b: Charizard
|-start|p1b: Charizard|move: Yawn|[of] p2b: Umbreon
|
|-weather|SunnyDay|[upkeep]
|-heal|p2b: Umbreon|39/100|[from] item: Leftovers
|upkeep
|turn|2
|inactive|f89 DonOMarVGC has 30 seconds left.
|
|t:|1783816947
|switch|p1b: Garchomp|Garchomp, L50, M|100/100
|move|p2a: Grimmsnarl|Parting Shot|p1a: Whimsicott
|-unboost|p1a: Whimsicott|atk|1
|-unboost|p1a: Whimsicott|spa|1
|
|t:|1783816958
|switch|p2a: Charizard|Charizard, L50, F|100/100|[from] Parting Shot
|move|p1a: Whimsicott|Moonblast|p2b: Umbreon
|-supereffective|p2b: Umbreon|1
|-damage|p2b: Umbreon|19/100
|move|p2b: Umbreon|Moonlight|p2b: Umbreon
|-heal|p2b: Umbreon|86/100
|
|-weather|SunnyDay|[upkeep]
|-damage|p2a: Charizard|87/100|[from] ability: Solar Power|[of] p2a: Charizard
|-heal|p2b: Umbreon|92/100|[from] item: Leftovers
|upkeep
|turn|3
|
|t:|1783816973
|switch|p1a: Charizard|Charizard-Mega-Y, L50, F|100/100
|switch|p2a: Grimmsnarl|Grimmsnarl, L50, M|100/100
|move|p1b: Garchomp|Protect|p1b: Garchomp
|-singleturn|p1b: Garchomp|Protect
|move|p2b: Umbreon|Foul Play|p1b: Garchomp
|-activate|p1b: Garchomp|move: Protect
|
|-weather|SunnyDay|[upkeep]
|-heal|p2b: Umbreon|98/100|[from] item: Leftovers
|upkeep
|turn|4
|
|t:|1783816991
|move|p2a: Grimmsnarl|Parting Shot|p1a: Charizard
|-unboost|p1a: Charizard|atk|1
|-unboost|p1a: Charizard|spa|1
|
|t:|1783816994
|switch|p2a: Charizard|Charizard, L50, F|87/100|[from] Parting Shot
|move|p1b: Garchomp|Rock Slide|p2a: Charizard|[spread] p2a,p2b
|-supereffective|p2a: Charizard|2
|-damage|p2a: Charizard|0 fnt
|-damage|p2b: Umbreon|82/100
|faint|p2a: Charizard
|-damage|p1b: Garchomp|90/100|[from] item: Life Orb
|move|p1a: Charizard|Heat Wave|p2b: Umbreon
|-damage|p2b: Umbreon|60/100
|move|p2b: Umbreon|Foul Play|p1b: Garchomp
|-damage|p1b: Garchomp|39/100
|-damage|p2b: Umbreon|48/100|[from] ability: Rough Skin|[of] p1b: Garchomp
|
|-weather|SunnyDay|[upkeep]
|-heal|p2b: Umbreon|54/100|[from] item: Leftovers
|upkeep
|
|t:|1783817011
|switch|p2a: Grimmsnarl|Grimmsnarl, L50, M|100/100
|turn|5
|
|t:|1783817025
|move|p1b: Garchomp|Earthquake|p2b: Umbreon|[spread] p2a,p2b
|-immune|p1a: Charizard
|-damage|p2a: Grimmsnarl|54/100
|-damage|p2b: Umbreon|22/100
|-damage|p1b: Garchomp|29/100|[from] item: Life Orb
|move|p1a: Charizard|Weather Ball|p2a: Grimmsnarl
|-damage|p2a: Grimmsnarl|16/100
|move|p2b: Umbreon|Moonlight|p2b: Umbreon
|-heal|p2b: Umbreon|89/100
|move|p2a: Grimmsnarl|Spirit Break|p1b: Garchomp
|-supereffective|p1b: Garchomp|1
|-damage|p1b: Garchomp|0 fnt
|-damage|p2a: Grimmsnarl|3/100|[from] ability: Rough Skin|[of] p1b: Garchomp
|faint|p1b: Garchomp
|
|-weather|none
|-heal|p2b: Umbreon|95/100|[from] item: Leftovers
|upkeep
|
|t:|1783817036
|switch|p1b: Whimsicott|Whimsicott, L50, M|100/100
|turn|6
|
|t:|1783817058
|switch|p1a: Basculegion|Basculegion, L50, M|100/100
|move|p2a: Grimmsnarl|Parting Shot|p1b: Whimsicott
|-unboost|p1b: Whimsicott|atk|1
|-unboost|p1b: Whimsicott|spa|1
|
|t:|1783817064
|switch|p2a: Glimmora|Glimmora, L50, F|100/100|[from] Parting Shot
|move|p1b: Whimsicott|Moonblast|p2a: Glimmora
|-resisted|p2a: Glimmora|1
|-damage|p2a: Glimmora|92/100
|move|p2b: Umbreon|Yawn|p1a: Basculegion
|-start|p1a: Basculegion|move: Yawn|[of] p2b: Umbreon
|
|-heal|p2b: Umbreon|100/100|[from] item: Leftovers
|upkeep
|turn|7
|
|t:|1783817078
|move|p2a: Glimmora|Spiky Shield|p2a: Glimmora
|-singleturn|p2a: Glimmora|move: Protect
|move|p1b: Whimsicott|Moonblast|p2b: Umbreon
|-supereffective|p2b: Umbreon|1
|-damage|p2b: Umbreon|79/100
|move|p1a: Basculegion|Wave Crash|p2b: Umbreon
|-damage|p2b: Umbreon|20/100y
|-damage|p1a: Basculegion|79/100|[from] Recoil
|move|p2b: Umbreon|Snarl|p1b: Whimsicott|[spread] p1a,p1b
|-supereffective|p1a: Basculegion|1
|-resisted|p1b: Whimsicott|1
|-damage|p1a: Basculegion|60/100
|-damage|p1b: Whimsicott|92/100
|-unboost|p1a: Basculegion|spa|1
|-unboost|p1b: Whimsicott|spa|1
|
|-heal|p2b: Umbreon|26/100|[from] item: Leftovers
|-end|p1a: Basculegion|move: Yawn|[silent]
|-status|p1a: Basculegion|slp
|upkeep
|turn|8
|
|t:|1783817102
|switch|p2a: Grimmsnarl|Grimmsnarl, L50, M|3/100
|move|p1b: Whimsicott|Moonblast|p2b: Umbreon
|-supereffective|p2b: Umbreon|1
|-damage|p2b: Umbreon|10/100
|-unboost|p2b: Umbreon|spa|1
|cant|p1a: Basculegion|slp
|move|p2b: Umbreon|Foul Play|p1a: Basculegion
|-supereffective|p1a: Basculegion|1
|-damage|p1a: Basculegion|0 fnt
|faint|p1a: Basculegion
|
|-heal|p2b: Umbreon|16/100|[from] item: Leftovers
|-sideend|p2: f89 DonOMarVGC|move: Light Screen
|upkeep
|
|t:|1783817106
|switch|p1a: Charizard|Charizard-Mega-Y, L50, F|100/100
|-weather|SunnyDay|[from] ability: Drought|[of] p1a: Charizard
|turn|9
|
|t:|1783817126
|move|p2a: Grimmsnarl|Light Screen|p2a: Grimmsnarl
|-sidestart|p2: f89 DonOMarVGC|move: Light Screen
|move|p1b: Whimsicott|Moonblast|p2a: Grimmsnarl
|-supereffective|p2a: Grimmsnarl|1
|-damage|p2a: Grimmsnarl|0 fnt
|faint|p2a: Grimmsnarl
|move|p1a: Charizard|Weather Ball|p2b: Umbreon
|-damage|p2b: Umbreon|0 fnt
|faint|p2b: Umbreon
|
|-weather|SunnyDay|[upkeep]
|upkeep
|
|t:|1783817133
|switch|p2a: Glimmora|Glimmora, L50, F|92/100
|turn|10
|
|t:|1783817138
|move|p1a: Charizard|Protect|p1a: Charizard
|-singleturn|p1a: Charizard|Protect
|move|p1b: Whimsicott|Moonblast|p2a: Glimmora
|-resisted|p2a: Glimmora|1
|-damage|p2a: Glimmora|85/100
|move|p2a: Glimmora|Power Gem|p1a: Charizard
|-activate|p1a: Charizard|move: Protect
|
|-weather|SunnyDay|[upkeep]
|upkeep
|turn|11
|
|t:|1783817157
|move|p1b: Whimsicott|Encore|p2a: Glimmora
|-start|p2a: Glimmora|Encore
|move|p1a: Charizard|Solar Beam||[still]
|-prepare|p1a: Charizard|Solar Beam
|-anim|p1a: Charizard|Solar Beam|p2a: Glimmora
|-damage|p2a: Glimmora|51/100
|move|p2a: Glimmora|Power Gem|p1a: Charizard
|-supereffective|p1a: Charizard|2
|-damage|p1a: Charizard|0 fnt
|faint|p1a: Charizard
|
|-weather|SunnyDay|[upkeep]
|upkeep
|turn|12
|
|t:|1783817166
|move|p1b: Whimsicott|Protect|p1b: Whimsicott
|-singleturn|p1b: Whimsicott|Protect
|move|p2a: Glimmora|Power Gem|p1b: Whimsicott
|-activate|p1b: Whimsicott|move: Protect
|
|-weather|SunnyDay|[upkeep]
|upkeep
|turn|13
|
|t:|1783817176
|move|p1b: Whimsicott|Moonblast|p2a: Glimmora
|-resisted|p2a: Glimmora|1
|-damage|p2a: Glimmora|44/100
|move|p2a: Glimmora|Power Gem|p1b: Whimsicott
|-damage|p1b: Whimsicott|22/100
|
|-weather|none
|-end|p2a: Glimmora|Encore
|upkeep
|turn|14
|
|t:|1783817183
|move|p1b: Whimsicott|Moonblast|p2a: Glimmora
|-resisted|p2a: Glimmora|1
|-damage|p2a: Glimmora|38/100
|move|p2a: Glimmora|Power Gem|p1b: Whimsicott
|-damage|p1b: Whimsicott|0 fnt
|faint|p1b: Whimsicott
|
|win|f89 DonOMarVGC
