|j|☆FreezyPop439
|j|☆makibiokeee
|html|FreezyPop439makibiokeee    
|uhtml|bestof|Game 1 of a best-of-3
|t:|1782309217
|gametype|doubles
|player|p1|FreezyPop439|collector|1250
|player|p2|makibiokeee|dawn|1180
|gen|9
|tier|[Gen 9 Champions] VGC 2026 Reg M-B (Bo3)
|rated|
|rule|Species Clause: Limit one of each Pokémon
|rule|Item Clause: Limit 1 of each item
|clearpoke
|poke|p1|Garchomp, L50, M|
|poke|p1|Staraptor, L50, M|
|poke|p1|Grimmsnarl, L50, M|
|poke|p1|Gholdengo, L50|
|poke|p1|Maushold-Four, L50|
|poke|p1|Volcarona, L50, M|
|poke|p2|Blaziken, L50, M|
|poke|p2|Basculegion, L50, M|
|poke|p2|Sylveon, L50, F, shiny|
|poke|p2|Kingambit, L50, F, shiny|
|poke|p2|Aerodactyl, L50, M|
|poke|p2|Sinistcha, L50|
|teampreview|4
|showteam|p1|Garchomp||LifeOrb|RoughSkin|Earthquake,DragonClaw,RockSlide,Protect|Jolly||M|||50|]Staraptor||Staraptite|Intimidate|BraveBird,CloseCombat,Roost,Protect|Jolly||M|||50|]Grimmsnarl||LightClay|Prankster|SpiritBreak,LightScreen,Reflect,PartingShot|Careful||M|||50|]Gholdengo||MetalCoat|GoodasGold|MakeItRain,ShadowBall,NastyPlot,Protect|Modest|||||50|]Maushold-Four||FocusSash|FriendGuard|FollowMe,Charm,SuperFang,Protect|Jolly|||||50|]Volcarona||ChartiBerry|FlameBody|HeatWave,StruggleBug,RagePowder,Tailwind|Timid||M|||50|
|showteam|p2|Blaziken||Blazikenite|SpeedBoost|Protect,CloseCombat,RockSlide,FlareBlitz|Adamant||M|||50|]Basculegion||LifeOrb|Adaptability|Protect,WaveCrash,AquaJet,LastRespects|Adamant||M|||50|]Sylveon||FairyFeather|Pixilate|HyperBeam,HyperVoice,Detect,QuickAttack|Modest||F|||50|]Kingambit||FocusSash|Defiant|SuckerPunch,KowtowCleave,IronHead,LowKick|Adamant||F|||50|]Aerodactyl||Aerodactylite|Unnerve|Tailwind,DualWingbeat,RockSlide,IceFang|Jolly||M|||50|]Sinistcha||KasibBerry|Hospitality|MatchaGotcha,TrickRoom,Protect,RagePowder|Bold|||||50|
|inactive|Battle timer is ON: inactive players will automatically lose when time's up. (requested by makibiokeee)
|inactive|FreezyPop439 has 60 seconds left.
|
|t:|1782309254
|teamsize|p1|4
|teamsize|p2|4
|start
|switch|p1a: Staraptor|Staraptor, L50, M|100/100
|switch|p1b: Grimmsnarl|Grimmsnarl, L50, M|100/100
|switch|p2a: Blaziken|Blaziken, L50, M|100/100
|switch|p2b: Aerodactyl|Aerodactyl, L50, M|100/100
|-ability|p2b: Aerodactyl|Unnerve
|-ability|p1a: Staraptor|Intimidate|boost
|-unboost|p2a: Blaziken|atk|1
|-unboost|p2b: Aerodactyl|atk|1
|turn|1
|inactive|makibiokeee has 30 seconds left.
|inactive|makibiokeee has 20 seconds left.
|inactive|makibiokeee has 15 seconds left.
|
|t:|1782309296
|detailschange|p1a: Staraptor|Staraptor-Mega, L50, M
|-mega|p1a: Staraptor|Staraptor|Staraptite
|detailschange|p2a: Blaziken|Blaziken-Mega, L50, M
|-mega|p2a: Blaziken|Blaziken|Blazikenite
|move|p2a: Blaziken|Protect|p2a: Blaziken
|-singleturn|p2a: Blaziken|Protect
|move|p1b: Grimmsnarl|Reflect|p1b: Grimmsnarl
|-sidestart|p1: FreezyPop439|Reflect
|move|p2b: Aerodactyl|Tailwind|p2b: Aerodactyl
|-sidestart|p2: makibiokeee|move: Tailwind
|move|p1a: Staraptor|Close Combat|p2b: Aerodactyl
|-damage|p2b: Aerodactyl|20/100y
|-boost|p1a: Staraptor|def|1
|-boost|p1a: Staraptor|spd|1
|
|-ability|p2a: Blaziken|Speed Boost|boost
|-boost|p2a: Blaziken|spe|1
|upkeep
|turn|2
|inactive|FreezyPop439 has 30 seconds left.
|inactive|FreezyPop439 has 20 seconds left.
|
|t:|1782309335
|move|p1b: Grimmsnarl|Parting Shot|p2b: Aerodactyl
|-unboost|p2b: Aerodactyl|atk|1
|-unboost|p2b: Aerodactyl|spa|1
|
|t:|1782309339
|switch|p1b: Maushold|Maushold-Four, L50|100/100|[from] Parting Shot
|move|p2a: Blaziken|Rock Slide|p1b: Maushold|[spread] p1a
|-miss|p2a: Blaziken|p1b: Maushold
|-damage|p1a: Staraptor|94/100
|move|p2b: Aerodactyl|Dual Wingbeat|p1a: Staraptor|[miss]
|-miss|p2b: Aerodactyl|p1a: Staraptor
|move|p1a: Staraptor|Brave Bird|p2a: Blaziken
|-supereffective|p2a: Blaziken|1
|-damage|p2a: Blaziken|0 fnt
|faint|p2a: Blaziken
|-damage|p1a: Staraptor|65/100|[from] Recoil
|
|upkeep
|
|t:|1782309356
|switch|p2a: Sylveon|Sylveon, L50, F, shiny|100/100
|turn|3
|
|t:|1782309365
|switch|p2b: Basculegion|Basculegion, L50, M|100/100
|switch|p1b: Gholdengo|Gholdengo, L50|100/100
|move|p1a: Staraptor|Protect|p1a: Staraptor
|-singleturn|p1a: Staraptor|Protect
|move|p2a: Sylveon|Hyper Voice|p1b: Gholdengo|[spread] p1b
|-activate|p1a: Staraptor|move: Protect
|-resisted|p1b: Gholdengo|1
|-crit|p1b: Gholdengo
|-damage|p1b: Gholdengo|64/100
|
|upkeep
|turn|4
|inactive|FreezyPop439 has 30 seconds left.
|
|t:|1782309395
|move|p1b: Gholdengo|Protect|p1b: Gholdengo
|-singleturn|p1b: Gholdengo|Protect
|move|p2b: Basculegion|Last Respects|p1b: Gholdengo
|-activate|p1b: Gholdengo|move: Protect
|move|p2a: Sylveon|Hyper Voice|p1b: Gholdengo|[spread] p1a
|-activate|p1b: Gholdengo|move: Protect
|-supereffective|p1a: Staraptor|1
|-damage|p1a: Staraptor|0 fnt
|faint|p1a: Staraptor
|
|-sideend|p2: makibiokeee|move: Tailwind
|upkeep
|
|t:|1782309408
|switch|p1a: Maushold|Maushold-Four, L50|100/100
|turn|5
|inactive|FreezyPop439 has 30 seconds left.
|inactive|makibiokeee has 30 seconds left.
|inactive|FreezyPop439 has 20 seconds left.
|inactive|FreezyPop439 has 15 seconds left.
|
|t:|1782309450
|move|p2b: Basculegion|Protect|p2b: Basculegion
|-singleturn|p2b: Basculegion|Protect
|move|p2a: Sylveon|Detect|p2a: Sylveon
|-singleturn|p2a: Sylveon|Protect
|move|p1a: Maushold|Follow Me|p1a: Maushold
|-singleturn|p1a: Maushold|move: Follow Me
|move|p1b: Gholdengo|Shadow Ball|p2b: Basculegion
|-activate|p2b: Basculegion|move: Protect
|
|upkeep
|turn|6
|inactive|FreezyPop439 has 30 seconds left.
|inactive|makibiokeee has 30 seconds left.
|
|t:|1782309484
|switch|p2b: Aerodactyl|Aerodactyl, L50, M|20/100y
|-ability|p2b: Aerodactyl|Unnerve
|move|p1a: Maushold|Follow Me|p1a: Maushold
|-singleturn|p1a: Maushold|move: Follow Me
|move|p1b: Gholdengo|Nasty Plot|p1b: Gholdengo
|-boost|p1b: Gholdengo|spa|2
|move|p2a: Sylveon|Hyper Voice|p1a: Maushold|[spread] p1a,p1b
|-resisted|p1b: Gholdengo|1
|-damage|p1a: Maushold|37/100
|-damage|p1b: Gholdengo|47/100
|
|upkeep
|turn|7
|inactive|FreezyPop439 has 30 seconds left.
|inactive|FreezyPop439 has 20 seconds left.
|inactive|FreezyPop439 has 15 seconds left.
|
|t:|1782309525
|switch|p1a: Grimmsnarl|Grimmsnarl, L50, M|100/100
|move|p2b: Aerodactyl|Tailwind|p2b: Aerodactyl
|-sidestart|p2: makibiokeee|move: Tailwind
|move|p2a: Sylveon|Hyper Voice|p1a: Grimmsnarl|[spread] p1a,p1b
|-supereffective|p1a: Grimmsnarl|1
|-resisted|p1b: Gholdengo|1
|-damage|p1a: Grimmsnarl|15/100
|-damage|p1b: Gholdengo|22/100
|move|p1b: Gholdengo|Shadow Ball|p2a: Sylveon
|-damage|p2a: Sylveon|22/100
|
|upkeep
|turn|8
|
|t:|1782309547
|move|p1b: Gholdengo|Protect|p1b: Gholdengo
|-singleturn|p1b: Gholdengo|Protect
|move|p1a: Grimmsnarl|Light Screen|p1a: Grimmsnarl
|-sidestart|p1: FreezyPop439|move: Light Screen
|move|p2b: Aerodactyl|Ice Fang|p1a: Grimmsnarl
|-damage|p1a: Grimmsnarl|3/100
|move|p2a: Sylveon|Hyper Voice|p1a: Grimmsnarl|[spread] p1a
|-activate|p1b: Gholdengo|move: Protect
|-supereffective|p1a: Grimmsnarl|1
|-damage|p1a: Grimmsnarl|0 fnt
|faint|p1a: Grimmsnarl
|
|-sideend|p1: FreezyPop439|Reflect
|upkeep
|
|t:|1782309556
|switch|p1a: Maushold|Maushold-Four, L50|37/100
|turn|9
|
|t:|1782309570
|move|p1a: Maushold|Protect|p1a: Maushold
|-singleturn|p1a: Maushold|Protect
|move|p2b: Aerodactyl|Dual Wingbeat|p1b: Gholdengo|[miss]
|-miss|p2b: Aerodactyl|p1b: Gholdengo
|move|p2a: Sylveon|Hyper Voice|p1b: Gholdengo|[spread] p1b
|-activate|p1a: Maushold|move: Protect
|-resisted|p1b: Gholdengo|1
|-damage|p1b: Gholdengo|10/100
|move|p1b: Gholdengo|Make It Rain|p2b: Aerodactyl|[spread] p2a,p2b
|-supereffective|p2a: Sylveon|1
|-supereffective|p2b: Aerodactyl|1
|-damage|p2a: Sylveon|0 fnt
|-damage|p2b: Aerodactyl|0 fnt
|-unboost|p1b: Gholdengo|spa|2
|faint|p2a: Sylveon
|faint|p2b: Aerodactyl
|
|upkeep
|
|t:|1782309587
|switch|p2b: Basculegion|Basculegion, L50, M|100/100
|turn|10
|
|t:|1782309596
|move|p1a: Maushold|Follow Me|p1a: Maushold
|-singleturn|p1a: Maushold|move: Follow Me
|move|p2b: Basculegion|Aqua Jet|p1a: Maushold
|-damage|p1a: Maushold|0 fnt
|faint|p1a: Maushold
|-damage|p2b: Basculegion|90/100|[from] item: Life Orb
|move|p1b: Gholdengo|Shadow Ball|p2b: Basculegion
|-supereffective|p2b: Basculegion|1
|-damage|p2b: Basculegion|0 fnt
|faint|p2b: Basculegion
|
|win|FreezyPop439
