|j|☆cookbayz
|j|☆RinHashi
|html|cookbayzRinHashi    
|uhtml|bestof|Game 1 of a best-of-3
|t:|1785491195
|gametype|doubles
|player|p1|cookbayz|266|
|player|p2|RinHashi|backpackerf|
|gen|9
|tier|[Gen 9 Champions] VGC 2026 Reg M-B (Bo3)
|rule|Species Clause: Limit one of each Pokémon
|rule|Item Clause: Limit 1 of each item
|clearpoke
|poke|p1|Sinistcha, L50|
|poke|p1|Corviknight, L50, M|
|poke|p1|Scrafty, L50, F|
|poke|p1|Hippowdon, L50, F|
|poke|p1|Toxapex, L50, M|
|poke|p1|Sableye, L50, M|
|poke|p2|Mr. Rime, L50, M|
|poke|p2|Raichu, L50, M|
|poke|p2|Floette-Eternal, L50, F|
|poke|p2|Incineroar, L50, M|
|poke|p2|Ceruledge, L50, M|
|poke|p2|Sinistcha, L50|
|teampreview|4
|showteam|p1|Sinistcha||SitrusBerry|Hospitality|MatchaGotcha,StrengthSap,RagePowder,Protect|Calm|||||50|]Corviknight||OccaBerry|MirrorArmor|BodyPress,IronDefense,Protect,Roost|Impish||M|||50|]Scrafty||Scraftinite|Intimidate|Protect,DrainPunch,KnockOff,FakeOut|Impish||F|||50|]Hippowdon||PasshoBerry|SandStream|Earthquake,SlackOff,Yawn,Protect|Impish||F|||50|]Toxapex||Leftovers|Regenerator|Toxic,Recover,BanefulBunker,Infestation|Bold||M|||50|]Sableye||LightClay|Prankster|LightScreen,Reflect,Recover,WillOWisp|Careful||M|||50|
|showteam|p2|Mr. Rime||FocusSash|ScreenCleaner|FreezeDry,Protect,SheerCold,RolePlay|Timid||M|||50|]Raichu||RaichuniteY|LightningRod|FakeOut,ZapCannon,FocusBlast,Protect|Timid||M|||50|]Floette-Eternal||Floettite|FlowerVeil|Moonblast,DazzlingGleam,CalmMind,Protect|Timid||F|||50|]Incineroar||SitrusBerry|Intimidate|FakeOut,ThroatChop,FlareBlitz,PartingShot|Impish||M|||50|]Ceruledge||ColburBerry|FlashFire|BitterBlade,ShadowSneak,Protect,BulkUp|Adamant||M|||50|]Sinistcha||KasibBerry|Hospitality|MatchaGotcha,Protect,LifeDew,RagePowder|Bold|||||50|
|inactive|Battle timer is ON: inactive players will automatically lose when time's up. (requested by cookbayz)
|inactive|cookbayz has 60 seconds left.
|
|t:|1785491231
|teamsize|p1|4
|teamsize|p2|4
|start
|switch|p1a: Hippowdon|Hippowdon, L50, F|100/100
|switch|p1b: Scrafty|Scrafty, L50, F|100/100
|switch|p2a: Mr. Rime|Mr. Rime, L50, M|100/100
|switch|p2b: Raichu|Raichu, L50, M|100/100
|-ability|p1b: Scrafty|Intimidate|boost
|-unboost|p2a: Mr. Rime|atk|1
|-unboost|p2b: Raichu|atk|1
|-weather|Sandstorm|[from] ability: Sand Stream|[of] p1a: Hippowdon
|turn|1
|inactive|RinHashi has 30 seconds left.
|
|t:|1785491260
|detailschange|p2b: Raichu|Raichu-Mega-Y, L50, M
|-mega|p2b: Raichu|Raichu|Raichunite Y
|move|p1b: Scrafty|Fake Out|p2a: Mr. Rime
|-damage|p2a: Mr. Rime|87/100
|move|p2b: Raichu|Focus Blast|p1b: Scrafty
|-supereffective|p1b: Scrafty|1
|-damage|p1b: Scrafty|27/100
|cant|p2a: Mr. Rime|flinch
|move|p1a: Hippowdon|Earthquake|p2b: Raichu|[spread] p1b,p2a,p2b
|-supereffective|p2b: Raichu|1
|-damage|p1b: Scrafty|5/100
|-damage|p2a: Mr. Rime|47/100
|-damage|p2b: Raichu|14/100
|
|-weather|Sandstorm|[upkeep]
|-damage|p2b: Raichu|7/100|[from] Sandstorm
|-damage|p2a: Mr. Rime|42/100|[from] Sandstorm
|-damage|p1b: Scrafty|0 fnt|[from] Sandstorm
|faint|p1b: Scrafty
|upkeep
|
|t:|1785491280
|switch|p1b: Corviknight|Corviknight, L50, M|100/100
|turn|2
|j| Dungx showdown
|
|t:|1785491291
|switch|p2b: Sinistcha|Sinistcha, L50|100/100
|-heal|p2a: Mr. Rime|66/100|[from] ability: Hospitality|[of] p2b: Sinistcha
|move|p1b: Corviknight|Protect|p1b: Corviknight
|-singleturn|p1b: Corviknight|Protect
|move|p2a: Mr. Rime|Freeze-Dry|p1a: Hippowdon
|-supereffective|p1a: Hippowdon|1
|-damage|p1a: Hippowdon|27/100
|move|p1a: Hippowdon|Earthquake|p2b: Sinistcha|[spread] p2a,p2b
|-activate|p1b: Corviknight|move: Protect
|-resisted|p2b: Sinistcha|1
|-damage|p2a: Mr. Rime|29/100
|-damage|p2b: Sinistcha|89/100
|
|-weather|Sandstorm|[upkeep]
|-damage|p2a: Mr. Rime|24/100|[from] Sandstorm
|-damage|p2b: Sinistcha|83/100|[from] Sandstorm
|upkeep
|turn|3
|inactive|RinHashi has 30 seconds left.
|inactive|RinHashi has 20 seconds left.
|
|t:|1785491329
|switch|p2a: Incineroar|Incineroar, L50, M|100/100
|-ability|p2a: Incineroar|Intimidate|boost
|-unboost|p1a: Hippowdon|atk|1
|-ability|p1b: Corviknight|Mirror Armor
|-unboost|p2a: Incineroar|atk|1
|switch|p1a: Toxapex|Toxapex, L50, M|100/100
|move|p2b: Sinistcha|Matcha Gotcha|p1b: Corviknight|[spread] p1a,p1b
|-resisted|p1b: Corviknight|2
|-damage|p1a: Toxapex|80/100
|-heal|p2b: Sinistcha|92/100|[from] drain|[of] p1a: Toxapex
|-damage|p1b: Corviknight|94/100
|-heal|p2b: Sinistcha|96/100|[from] drain|[of] p1b: Corviknight
|-status|p1b: Corviknight|brn
|move|p1b: Corviknight|Iron Defense|p1b: Corviknight
|-boost|p1b: Corviknight|def|2
|
|-weather|Sandstorm|[upkeep]
|-damage|p2b: Sinistcha|89/100|[from] Sandstorm
|-damage|p2a: Incineroar|94/100|[from] Sandstorm
|-damage|p1a: Toxapex|74/100|[from] Sandstorm
|-heal|p1a: Toxapex|80/100|[from] item: Leftovers
|-damage|p1b: Corviknight|88/100 brn|[from] brn
|upkeep
|turn|4
|inactive|RinHashi has 30 seconds left.
|inactive|RinHashi has 20 seconds left.
|
|t:|1785491368
|move|p2b: Sinistcha|Matcha Gotcha|p1a: Toxapex|[spread] p1a,p1b
|-resisted|p1b: Corviknight|2
|-damage|p1a: Toxapex|62/100
|-heal|p2b: Sinistcha|97/100|[from] drain|[of] p1a: Toxapex
|-damage|p1b: Corviknight|82/100 brn
|-heal|p2b: Sinistcha|100/100|[from] drain|[of] p1b: Corviknight
|move|p1b: Corviknight|Iron Defense|p1b: Corviknight
|-boost|p1b: Corviknight|def|2
|move|p2a: Incineroar|Flare Blitz|p1b: Corviknight
|-supereffective|p1b: Corviknight|1
|-enditem|p1b: Corviknight|Occa Berry|[eat]
|-enditem|p1b: Corviknight|Occa Berry|[weaken]
|-damage|p1b: Corviknight|75/100 brn
|-damage|p2a: Incineroar|91/100|[from] Recoil
|move|p1a: Toxapex|Toxic|p2b: Sinistcha
|-status|p2b: Sinistcha|tox
|
|-weather|Sandstorm|[upkeep]
|-damage|p2b: Sinistcha|93/100 tox|[from] Sandstorm
|-damage|p2a: Incineroar|85/100|[from] Sandstorm
|-damage|p1a: Toxapex|56/100|[from] Sandstorm
|-heal|p1a: Toxapex|62/100|[from] item: Leftovers
|-damage|p2b: Sinistcha|87/100 tox|[from] psn
|-damage|p1b: Corviknight|69/100 brn|[from] brn
|upkeep
|turn|5
|inactive|RinHashi has 30 seconds left.
|
|t:|1785491402
|move|p2b: Sinistcha|Matcha Gotcha|p1b: Corviknight|[spread] p1a,p1b
|-crit|p1a: Toxapex
|-resisted|p1b: Corviknight|2
|-damage|p1a: Toxapex|31/100
|-heal|p2b: Sinistcha|100/100 tox|[from] drain|[of] p1a: Toxapex
|-damage|p1b: Corviknight|63/100 brn
|move|p1b: Corviknight|Roost|p1b: Corviknight
|-heal|p1b: Corviknight|100/100 brn
|-singleturn|p1b: Corviknight|move: Roost
|move|p2a: Incineroar|Flare Blitz|p1b: Corviknight
|-supereffective|p1b: Corviknight|1
|-damage|p1b: Corviknight|87/100 brn
|-damage|p2a: Incineroar|81/100|[from] Recoil
|move|p1a: Toxapex|Toxic|p2a: Incineroar
|-status|p2a: Incineroar|tox
|
|-weather|none
|-heal|p1a: Toxapex|36/100|[from] item: Leftovers
|-damage|p2b: Sinistcha|87/100 tox|[from] psn
|-damage|p2a: Incineroar|75/100 tox|[from] psn
|-damage|p1b: Corviknight|81/100 brn|[from] brn
|upkeep
|turn|6
|inactive|RinHashi has 30 seconds left.
|inactive|cookbayz has 30 seconds left.
|
|t:|1785491440
|-heal|p1a: Toxapex|70/100|[from] ability: Regenerator|[silent]
|switch|p1a: Hippowdon|Hippowdon, L50, F|27/100
|-weather|Sandstorm|[from] ability: Sand Stream|[of] p1a: Hippowdon
|move|p2b: Sinistcha|Matcha Gotcha|p1b: Corviknight|[spread] p1a,p1b
|-supereffective|p1a: Hippowdon|1
|-resisted|p1b: Corviknight|2
|-damage|p1a: Hippowdon|0 fnt
|-heal|p2b: Sinistcha|100/100 tox|[from] drain|[of] p1a: Hippowdon
|-damage|p1b: Corviknight|75/100 brn
|faint|p1a: Hippowdon
|move|p1b: Corviknight|Iron Defense|p1b: Corviknight
|-boost|p1b: Corviknight|def|2
|move|p2a: Incineroar|Throat Chop|p1b: Corviknight
|-damage|p1b: Corviknight|72/100 brn
|-start|p1b: Corviknight|Throat Chop|[silent]
|
|-weather|Sandstorm|[upkeep]
|-damage|p2b: Sinistcha|93/100 tox|[from] Sandstorm
|-damage|p2a: Incineroar|69/100 tox|[from] Sandstorm
|-damage|p2b: Sinistcha|75/100 tox|[from] psn
|-damage|p2a: Incineroar|57/100 tox|[from] psn
|-damage|p1b: Corviknight|66/100 brn|[from] brn
|upkeep
|
|t:|1785491442
|switch|p1a: Toxapex|Toxapex, L50, M|70/100
|turn|7
|inactive|RinHashi has 30 seconds left.
|inactive|cookbayz has 30 seconds left.
|inactive|RinHashi has 20 seconds left.
|inactive|RinHashi has 15 seconds left.
|inactive|RinHashi has 10 seconds left.
|
|t:|1785491488
|move|p2b: Sinistcha|Matcha Gotcha|p1a: Toxapex|[spread] p1a,p1b
|-resisted|p1b: Corviknight|2
|-damage|p1a: Toxapex|50/100g
|-heal|p2b: Sinistcha|83/100 tox|[from] drain|[of] p1a: Toxapex
|-damage|p1b: Corviknight|60/100 brn
|-heal|p2b: Sinistcha|87/100 tox|[from] drain|[of] p1b: Corviknight
|move|p1b: Corviknight|Roost|p1b: Corviknight
|-heal|p1b: Corviknight|100/100 brn
|-singleturn|p1b: Corviknight|move: Roost
|move|p2a: Incineroar|Throat Chop|p1a: Toxapex
|-damage|p1a: Toxapex|36/100
|-start|p1a: Toxapex|Throat Chop|[silent]
|move|p1a: Toxapex|Recover|p1a: Toxapex
|-heal|p1a: Toxapex|87/100
|
|-weather|Sandstorm|[upkeep]
|-damage|p2b: Sinistcha|80/100 tox|[from] Sandstorm
|-damage|p2a: Incineroar|51/100 tox|[from] Sandstorm
|-damage|p1a: Toxapex|81/100|[from] Sandstorm
|-heal|p1a: Toxapex|87/100|[from] item: Leftovers
|-damage|p2b: Sinistcha|56/100 tox|[from] psn
|-damage|p2a: Incineroar|33/100 tox|[from] psn
|-damage|p1b: Corviknight|94/100 brn|[from] brn
|-end|p1b: Corviknight|Throat Chop|[silent]
|upkeep
|-enditem|p2a: Incineroar|Sitrus Berry|[eat]
|-heal|p2a: Incineroar|58/100 tox|[from] item: Sitrus Berry
|turn|8
|inactive|RinHashi has 30 seconds left.
|
|t:|1785491514
|move|p2b: Sinistcha|Matcha Gotcha|p1a: Toxapex|[spread] p1a,p1b
|-crit|p1a: Toxapex
|-resisted|p1b: Corviknight|2
|-damage|p1a: Toxapex|56/100
|-heal|p2b: Sinistcha|70/100 tox|[from] drain|[of] p1a: Toxapex
|-damage|p1b: Corviknight|88/100 brn
|-heal|p2b: Sinistcha|73/100 tox|[from] drain|[of] p1b: Corviknight
|move|p1b: Corviknight|Body Press|p2a: Incineroar
|-supereffective|p2a: Incineroar|1
|-damage|p2a: Incineroar|0 fnt
|faint|p2a: Incineroar
|move|p1a: Toxapex|Infestation|p2b: Sinistcha
|-damage|p2b: Sinistcha|70/100 tox
|-activate|p2b: Sinistcha|move: Infestation|[of] p1a: Toxapex
|
|-weather|Sandstorm|[upkeep]
|-damage|p2b: Sinistcha|64/100 tox|[from] Sandstorm
|-damage|p1a: Toxapex|50/100g|[from] Sandstorm
|-heal|p1a: Toxapex|56/100|[from] item: Leftovers
|-damage|p2b: Sinistcha|33/100 tox|[from] psn
|-damage|p1b: Corviknight|82/100 brn|[from] brn
|-damage|p2b: Sinistcha|20/100y tox|[from] move: Infestation|[partiallytrapped]
|-end|p1a: Toxapex|Throat Chop|[silent]
|upkeep
|
|t:|1785491534
|switch|p2a: Raichu|Raichu-Mega-Y, L50, M|7/100
|turn|9
|
|t:|1785491549
|move|p2a: Raichu|Zap Cannon|p1a: Toxapex
|-supereffective|p1a: Toxapex|1
|-damage|p1a: Toxapex|0 fnt
|faint|p1a: Toxapex
|move|p2b: Sinistcha|Life Dew|p2b: Sinistcha|[spread] p2a,p2b
|-heal|p2a: Raichu|33/100
|-heal|p2b: Sinistcha|46/100 tox
|move|p1b: Corviknight|Body Press|p2a: Raichu
|-damage|p2a: Raichu|0 fnt
|faint|p2a: Raichu
|
|-weather|Sandstorm|[upkeep]
|-damage|p2b: Sinistcha|39/100 tox|[from] Sandstorm
|-damage|p2b: Sinistcha|2/100 tox|[from] psn
|-damage|p1b: Corviknight|76/100 brn|[from] brn
|-end|p2b: Sinistcha|Infestation|[partiallytrapped]|[silent]
|upkeep
|
|t:|1785491564
|switch|p2a: Mr. Rime|Mr. Rime, L50, M|24/100
|turn|10
|
|t:|1785491571
|move|p1b: Corviknight|Protect|p1b: Corviknight
|-singleturn|p1b: Corviknight|Protect
|move|p2b: Sinistcha|Rage Powder|p2b: Sinistcha
|-singleturn|p2b: Sinistcha|move: Rage Powder
|move|p2a: Mr. Rime|Sheer Cold|p1b: Corviknight
|-activate|p1b: Corviknight|move: Protect
|
|-weather|none
|-damage|p2b: Sinistcha|0 fnt|[from] psn
|faint|p2b: Sinistcha
|-damage|p1b: Corviknight|70/100 brn|[from] brn
|upkeep
|turn|11
|
|t:|1785491584
|move|p2a: Mr. Rime|Sheer Cold|p1b: Corviknight
|-damage|p1b: Corviknight|0 fnt
|faint|p1b: Corviknight
|-ohko
|
|win|RinHashi
||cookbayz is ready for game 2.
|c|☆RinHashi|aaaaaaaaa
|inactive|RinHashi has 30 seconds to confirm battle start!
|c|☆cookbayz|Sugoi
|inactive|RinHashi has 20 seconds to confirm battle start!
|c| Dungx showdown|Phai tra gia
|c| Dungx showdown|kkk
|c|☆RinHashi|lol
||RinHashi is ready for game 2.
|uhtml|next|Next: Game 2 of 3
|l| Dungx showdown
|l|☆cookbayz
|player|p1|
