|j|☆v_meili
|j|☆karissel
|html|v_meilikarissel    
|uhtml|bestof|Game 2 of a best-of-3
|t:|1785729437
|gametype|doubles
|player|p1|v_meili|elesa|1373
|player|p2|karissel|burgh-masters|1274
|gen|9
|tier|[Gen 9 Champions] VGC 2026 Reg M-B (Bo3)
|rated|
|rule|Species Clause: Limit one of each Pokémon
|rule|Item Clause: Limit 1 of each item
|clearpoke
|poke|p1|Charizard, L50, M|
|poke|p1|Aerodactyl, L50, M|
|poke|p1|Incineroar, L50, M|
|poke|p1|Sylveon, L50, F|
|poke|p1|Farigiraf, L50, F|
|poke|p1|Garchomp, L50, M|
|poke|p2|Arcanine-Hisui, L50, M|
|poke|p2|Staraptor, L50, F|
|poke|p2|Farigiraf, L50, F|
|poke|p2|Sylveon, L50, F|
|poke|p2|Kingambit, L50, M|
|poke|p2|Raichu, L50, M|
|teampreview|4
|showteam|p1|Charizard||CharizarditeY|Blaze|HeatWave,Protect,WeatherBall,SolarBeam|Modest||M|||50|]Aerodactyl||Aerodactylite|RockHead|Tailwind,WideGuard,IceFang,RockSlide|Jolly||M|||50|]Incineroar||SitrusBerry|Intimidate|FakeOut,DarkestLariat,PartingShot,FlareBlitz|Bold||M|||50|]Sylveon||FairyFeather|Pixilate|QuickAttack,Detect,HyperVoice,HyperBeam|Modest||F|||50|]Farigiraf||LumBerry|ArmorTail|Imprison,Psychic,TrickRoom,Protect|Modest||F|||50|]Garchomp||ChoiceScarf|RoughSkin|RockSlide,StompingTantrum,Earthquake,DragonClaw|Jolly||M|||50|
|showteam|p2|Arcanine-Hisui||FocusSash|RockHead|Protect,ExtremeSpeed,HeadSmash,FlareBlitz|Jolly||M|||50|]Staraptor||Staraptite|Intimidate|Tailwind,DualWingbeat,CloseCombat,Protect|Jolly||F|||50|]Farigiraf||SitrusBerry|ArmorTail|Protect,Psychic,TrickRoom,HelpingHand|Calm||F|||50|]Sylveon||FairyFeather|Pixilate|Protect,HyperVoice,HyperBeam,QuickAttack|Modest||F|||50|]Kingambit||LifeOrb|Defiant|SwordsDance,KowtowCleave,SuckerPunch,Protect|Adamant||M|||50|]Raichu||RaichuniteY|LightningRod|Protect,ZapCannon,FakeOut,FocusBlast|Hasty||M|||50|
|inactive|Battle timer is ON: inactive players will automatically lose when time's up. (requested by karissel)
|inactive|v_meili has 60 seconds left.
|
|t:|1785729496
|teamsize|p1|4
|teamsize|p2|4
|start
|switch|p1a: Garchomp|Garchomp, L50, M|100/100
|switch|p1b: Aerodactyl|Aerodactyl, L50, M|100/100
|switch|p2a: Sylveon|Sylveon, L50, F|100/100
|switch|p2b: Arcanine|Arcanine-Hisui, L50, M|100/100
|turn|1
|
|t:|1785729514
|detailschange|p1b: Aerodactyl|Aerodactyl-Mega, L50, M
|-mega|p1b: Aerodactyl|Aerodactyl|Aerodactylite
|move|p2b: Arcanine|Protect|p2b: Arcanine
|-singleturn|p2b: Arcanine|Protect
|move|p1a: Garchomp|Earthquake|p2b: Arcanine|[spread] p2a
|-activate|p2b: Arcanine|move: Protect
|-immune|p1b: Aerodactyl
|-damage|p2a: Sylveon|56/100
|move|p1b: Aerodactyl|Rock Slide|p2a: Sylveon|[spread] p2a
|-activate|p2b: Arcanine|move: Protect
|-damage|p2a: Sylveon|30/100
|cant|p2a: Sylveon|flinch
|
|upkeep
|turn|2
|inactive|karissel has 30 seconds left.
|inactive|karissel has 20 seconds left.
|
|t:|1785729552
|move|p2a: Sylveon|Protect|p2a: Sylveon
|-singleturn|p2a: Sylveon|Protect
|move|p1a: Garchomp|Earthquake|p2b: Arcanine|[spread] p2b
|-activate|p2a: Sylveon|move: Protect
|-immune|p1b: Aerodactyl
|-supereffective|p2b: Arcanine|2
|-enditem|p2b: Arcanine|Focus Sash
|-damage|p2b: Arcanine|1/100
|move|p1b: Aerodactyl|Rock Slide|p2a: Sylveon|[spread] p2b
|-activate|p2a: Sylveon|move: Protect
|-supereffective|p2b: Arcanine|1
|-damage|p2b: Arcanine|0 fnt
|faint|p2b: Arcanine
|
|upkeep
|
|t:|1785729554
|switch|p2b: Staraptor|Staraptor, L50, F|100/100
|-ability|p2b: Staraptor|Intimidate|boost
|-unboost|p1a: Garchomp|atk|1
|-unboost|p1b: Aerodactyl|atk|1
|turn|3
|
|t:|1785729575
|switch|p1a: Incineroar|Incineroar, L50, M|100/100
|-ability|p1a: Incineroar|Intimidate|boost
|-unboost|p2a: Sylveon|atk|1
|-unboost|p2b: Staraptor|atk|1
|switch|p2a: Farigiraf|Farigiraf, L50, F|100/100
|detailschange|p2b: Staraptor|Staraptor-Mega, L50, F
|-mega|p2b: Staraptor|Staraptor|Staraptite
|move|p1b: Aerodactyl|Tailwind|p1b: Aerodactyl
|-sidestart|p1: v_meili|move: Tailwind
|move|p2b: Staraptor|Close Combat|p1a: Incineroar
|-supereffective|p1a: Incineroar|1
|-damage|p1a: Incineroar|36/100
|-boost|p2b: Staraptor|def|1
|-boost|p2b: Staraptor|spd|1
|-enditem|p1a: Incineroar|Sitrus Berry|[eat]
|-heal|p1a: Incineroar|61/100|[from] item: Sitrus Berry
|
|upkeep
|turn|4
|
|t:|1785729598
|move|p2a: Farigiraf|Protect|p2a: Farigiraf
|-singleturn|p2a: Farigiraf|Protect
|move|p1b: Aerodactyl|Rock Slide|p2b: Staraptor|[spread] p2b
|-activate|p2a: Farigiraf|move: Protect
|-damage|p2b: Staraptor|88/100
|move|p2b: Staraptor|Close Combat|p1a: Incineroar
|-supereffective|p1a: Incineroar|1
|-damage|p1a: Incineroar|0 fnt
|-boost|p2b: Staraptor|def|1
|-boost|p2b: Staraptor|spd|1
|faint|p1a: Incineroar
|
|upkeep
|
|t:|1785729609
|switch|p1a: Farigiraf|Farigiraf, L50, F|100/100
|turn|5
|
|t:|1785729626
|move|p1b: Aerodactyl|Rock Slide|p2b: Staraptor|[spread] p2a,p2b
|-damage|p2a: Farigiraf|84/100
|-damage|p2b: Staraptor|78/100
|cant|p2b: Staraptor|flinch
|move|p1a: Farigiraf|Psychic|p2b: Staraptor
|-supereffective|p2b: Staraptor|1
|-damage|p2b: Staraptor|43/100
|cant|p2a: Farigiraf|flinch
|
|upkeep
|turn|6
|
|t:|1785729653
|move|p2a: Farigiraf|Helping Hand|p2b: Staraptor
|-singleturn|p2b: Staraptor|Helping Hand|[of] p2a: Farigiraf
|move|p1b: Aerodactyl|Rock Slide|p2b: Staraptor|[spread] p2a,p2b
|-damage|p2a: Farigiraf|67/100
|-damage|p2b: Staraptor|35/100
|move|p2b: Staraptor|Close Combat|p1b: Aerodactyl
|-damage|p1b: Aerodactyl|40/100
|-boost|p2b: Staraptor|def|1
|-boost|p2b: Staraptor|spd|1
|move|p1a: Farigiraf|Imprison|p1a: Farigiraf
|-start|p1a: Farigiraf|move: Imprison
|
|-sideend|p1: v_meili|move: Tailwind
|upkeep
|turn|7
|inactive|v_meili has 30 seconds left.
|inactive|karissel has 30 seconds left.
|
|t:|1785729681
|move|p2a: Farigiraf|Helping Hand|p2b: Staraptor
|-singleturn|p2b: Staraptor|Helping Hand|[of] p2a: Farigiraf
|move|p1b: Aerodactyl|Rock Slide|p2a: Farigiraf|[spread] p2b
|-miss|p1b: Aerodactyl|p2a: Farigiraf
|-damage|p2b: Staraptor|29/100
|move|p2b: Staraptor|Tailwind|p2b: Staraptor
|-sidestart|p2: karissel|move: Tailwind
|move|p1a: Farigiraf|Psychic|p2b: Staraptor
|-supereffective|p2b: Staraptor|1
|-damage|p2b: Staraptor|0 fnt
|faint|p2b: Staraptor
|
|upkeep
|
|t:|1785729683
|switch|p2b: Sylveon|Sylveon, L50, F|30/100
|turn|8
|inactive|v_meili has 30 seconds left.
|
|t:|1785729711
|move|p2a: Farigiraf|Helping Hand|p2b: Sylveon
|-singleturn|p2b: Sylveon|Helping Hand|[of] p2a: Farigiraf
|move|p1a: Farigiraf|Protect|p1a: Farigiraf
|-singleturn|p1a: Farigiraf|Protect
|move|p1b: Aerodactyl|Tailwind|p1b: Aerodactyl
|-sidestart|p1: v_meili|move: Tailwind
|move|p2b: Sylveon|Hyper Beam|p1a: Farigiraf
|-activate|p1a: Farigiraf|move: Protect
|
|upkeep
|turn|9
|
|t:|1785729723
|move|p2a: Farigiraf|Helping Hand|p2b: Sylveon
|-singleturn|p2b: Sylveon|Helping Hand|[of] p2a: Farigiraf
|move|p1b: Aerodactyl|Rock Slide|p2b: Sylveon|[spread] p2a,p2b
|-crit|p2a: Farigiraf
|-damage|p2a: Farigiraf|34/100
|-damage|p2b: Sylveon|10/100
|-enditem|p2a: Farigiraf|Sitrus Berry|[eat]
|-heal|p2a: Farigiraf|59/100|[from] item: Sitrus Berry
|move|p1a: Farigiraf|Psychic|p2b: Sylveon
|-damage|p2b: Sylveon|0 fnt
|faint|p2b: Sylveon
|
|upkeep
|turn|10
|-message|karissel forfeited.
|
|win|v_meili
