|j|☆elbau1129
|j|☆ramagamer107
|html|elbau1129ramagamer107    
|uhtml|bestof|Game 1 of a best-of-3
|t:|1782672221
|gametype|doubles
|player|p1|elbau1129|101|
|player|p2|ramagamer107|ghetsis-gen5bw|
|gen|9
|tier|[Gen 9 Champions] VGC 2026 Reg M-B (Bo3)
|rule|Species Clause: Limit one of each Pokémon
|rule|Item Clause: Limit 1 of each item
|clearpoke
|poke|p1|Charizard, L50, M|
|poke|p1|Garchomp, L50, M|
|poke|p1|Sinistcha, L50, shiny|
|poke|p1|Sneasler, L50, M|
|poke|p1|Kingambit, L50, M|
|poke|p1|Aerodactyl, L50, F|
|poke|p2|Eelektross, L50, M, shiny|
|poke|p2|Mawile, L50, M|
|poke|p2|Farigiraf, L50, M|
|poke|p2|Dragalge, L50, F, shiny|
|poke|p2|Annihilape, L50, F|
|poke|p2|Araquanid, L50, M, shiny|
|teampreview|4
|showteam|p1|Charizard||CharizarditeY|Blaze|HeatWave,SolarBeam,WeatherBall,Protect|Modest||M|||50|]Garchomp||LifeOrb|RoughSkin|Earthquake,DragonClaw,StompingTantrum,Protect|Jolly||M|||50|]Sinistcha||SitrusBerry|Hospitality|MatchaGotcha,RagePowder,TrickRoom,Protect|Bold|||||50|]Sneasler||WhiteHerb|Unburden|FakeOut,CloseCombat,DireClaw,Protect|Adamant||M|||50|]Kingambit||FocusSash|Defiant|KowtowCleave,IronHead,LowKick,SuckerPunch|Adamant||M|||50|]Aerodactyl||Aerodactylite|Unnerve|DualWingbeat,RockSlide,IceFang,Tailwind|Jolly||F|||50|
|showteam|p2|Eelektross||Eelektrossite|Levitate|Thunderbolt,Flamethrower,DragonPulse,Protect|Quiet||M|||50|]Mawile||Mawilite|Intimidate|PlayRough,IronHead,Protect,SuckerPunch|Brave||M|||50|]Farigiraf||ColburBerry|ArmorTail|HelpingHand,TwinBeam,TrickRoom,FoulPlay|Relaxed||M|||50|]Dragalge||Leftovers|Adaptability|Haze,SludgeBomb,DragonPulse,Protect|Quiet||F|||50|]Annihilape||LifeOrb|Defiant|DrainPunch,RageFist,Protect,RockSlide|Adamant||F|||50|]Araquanid||MysticWater|WaterBubble|LeechLife,Liquidation,WideGuard,Soak|Brave||M|||50|
|c|☆ramagamer107|GL
|j| tyho45
|c|☆elbau1129|glhf
|
|t:|1782672302
|teamsize|p1|4
|teamsize|p2|4
|start
|switch|p1a: Charizard|Charizard, L50, M|100/100
|switch|p1b: Sinistcha|Sinistcha, L50, shiny|100/100
|switch|p2a: Eelektross|Eelektross, L50, M, shiny|100/100
|switch|p2b: Farigiraf|Farigiraf, L50, M|100/100
|turn|1
|
|t:|1782672335
|detailschange|p1a: Charizard|Charizard-Mega-Y, L50, M
|-mega|p1a: Charizard|Charizard|Charizardite Y
|-weather|SunnyDay|[from] ability: Drought|[of] p1a: Charizard
|detailschange|p2a: Eelektross|Eelektross-Mega, L50, M, shiny
|-mega|p2a: Eelektross|Eelektross|Eelektrossite
|move|p1a: Charizard|Heat Wave|p2a: Eelektross|[spread] p2a,p2b
|-damage|p2a: Eelektross|40/100
|-damage|p2b: Farigiraf|39/100
|move|p2a: Eelektross|Flamethrower|p1b: Sinistcha
|-supereffective|p1b: Sinistcha|1
|-damage|p1b: Sinistcha|0 fnt
|faint|p1b: Sinistcha
|-ability|p2a: Eelektross|Eelevate|boost
|-boost|p2a: Eelektross|spa|1
|move|p2b: Farigiraf|Trick Room|p2b: Farigiraf
|-fieldstart|move: Trick Room|[of] p2b: Farigiraf
|
|-weather|SunnyDay|[upkeep]
|upkeep
|
|t:|1782672350
|switch|p1b: Kingambit|Kingambit, L50, M|100/100
|turn|2
|
|t:|1782672369
|move|p2b: Farigiraf|Foul Play|p1b: Kingambit
|-resisted|p1b: Kingambit|1
|-damage|p1b: Kingambit|83/100
|move|p2a: Eelektross|Thunderbolt|p1a: Charizard
|-supereffective|p1a: Charizard|1
|-damage|p1a: Charizard|0 fnt
|faint|p1a: Charizard
|-ability|p2a: Eelektross|Eelevate|boost
|-boost|p2a: Eelektross|spa|1
|move|p1b: Kingambit|Kowtow Cleave|p2b: Farigiraf
|-supereffective|p2b: Farigiraf|1
|-enditem|p2b: Farigiraf|Colbur Berry|[eat]
|-enditem|p2b: Farigiraf|Colbur Berry|[weaken]
|-damage|p2b: Farigiraf|0 fnt
|faint|p2b: Farigiraf
|
|-weather|SunnyDay|[upkeep]
|upkeep
|
|t:|1782672383
|switch|p2b: Annihilape|Annihilape, L50, F|100/100
|switch|p1a: Garchomp|Garchomp, L50, M|100/100
|turn|3
|
|t:|1782672398
|move|p2a: Eelektross|Protect|p2a: Eelektross
|-singleturn|p2a: Eelektross|Protect
|move|p1b: Kingambit|Iron Head|p2b: Annihilape
|-damage|p2b: Annihilape|50/100g
|move|p2b: Annihilape|Drain Punch|p1b: Kingambit
|-supereffective|p1b: Kingambit|2
|-damage|p1b: Kingambit|0 fnt
|-heal|p2b: Annihilape|84/100|[from] drain|[of] p1b: Kingambit
|faint|p1b: Kingambit
|-damage|p2b: Annihilape|74/100|[from] item: Life Orb
|move|p1a: Garchomp|Dragon Claw|p2b: Annihilape
|-damage|p2b: Annihilape|17/100
|-damage|p1a: Garchomp|90/100|[from] item: Life Orb
|
|-weather|SunnyDay|[upkeep]
|upkeep
|turn|4
|
|t:|1782672413
|move|p1a: Garchomp|Protect|p1a: Garchomp
|-singleturn|p1a: Garchomp|Protect
|move|p2a: Eelektross|Dragon Pulse|p1a: Garchomp
|-activate|p1a: Garchomp|move: Protect
|move|p2b: Annihilape|Rage Fist|p1a: Garchomp
|-activate|p1a: Garchomp|move: Protect
|
|-weather|SunnyDay|[upkeep]
|upkeep
|turn|5
|
|t:|1782672421
|move|p1a: Garchomp|Protect|p1a: Garchomp
|-singleturn|p1a: Garchomp|Protect
|move|p2a: Eelektross|Dragon Pulse|p1a: Garchomp
|-activate|p1a: Garchomp|move: Protect
|move|p2b: Annihilape|Rage Fist|p1a: Garchomp
|-activate|p1a: Garchomp|move: Protect
|
|-weather|none
|-fieldend|move: Trick Room
|upkeep
|turn|6
|c|☆ramagamer107|no bau
|c|☆ramagamer107|no
|
|t:|1782672441
|move|p1a: Garchomp|Dragon Claw|p2a: Eelektross
|-damage|p2a: Eelektross|0 fnt
|faint|p2a: Eelektross
|-damage|p1a: Garchomp|80/100|[from] item: Life Orb
|move|p2b: Annihilape|Rage Fist|p1a: Garchomp
|-damage|p1a: Garchomp|0 fnt
|-damage|p2b: Annihilape|4/100|[from] ability: Rough Skin|[of] p1a: Garchomp
|faint|p1a: Garchomp
|-damage|p2b: Annihilape|0 fnt|[from] item: Life Orb
|faint|p2b: Annihilape
|
|win|ramagamer107
|c|☆ramagamer107|gg
