|j|☆Capitan-N
|j|☆viatles
|html|Capitan-Nviatles    
|uhtml|bestof|Game 2 of a best-of-3
|t:|1756236988
|gametype|doubles
|player|p1|Capitan-N|n|1133
|player|p2|viatles|hiker|1068
|gen|9
|tier|[Gen 9] VGC 2025 Reg H (Bo3)
|rated|
|rule|Species Clause: Limit one of each Pokémon
|rule|Item Clause: Limit 1 of each item
|clearpoke
|poke|p1|Baxcalibur, L50, M|
|poke|p1|Electabuzz, L50, M|
|poke|p1|Incineroar, L50, M|
|poke|p1|Primarina, L50, M|
|poke|p1|Smeargle, L50, M|
|poke|p1|Gholdengo, L50|
|poke|p2|Oricorio-Sensu, L50, F|
|poke|p2|Volcarona, L50, F|
|poke|p2|Sylveon, L50, M|
|poke|p2|Murkrow, L50, F|
|poke|p2|Dragapult, L50, M|
|poke|p2|Baxcalibur, L50, M|
|teampreview|4
|showteam|p1|Baxcalibur||LoadedDice|ThermalExchange|IcicleSpear,Protect,SwordsDance,ScaleShot|||M|||50|,,,,,Fire]Electabuzz||Eviolite|VitalSpirit|Electroweb,FollowMe,HelpingHand,Protect|||M|||50|,,,,,Fairy]Incineroar||SafetyGoggles|Intimidate|FakeOut,FlareBlitz,KnockOff,Uturn|||M|||50|,,,,,Ghost]Primarina||ChoiceSpecs|LiquidVoice|HyperVoice,IceBeam,TeraBlast,Moonblast|||M|||50|,,,,,Ground]Smeargle||FocusSash|Moody|Spore,SpikyShield,Safeguard,Coaching|||M|||50|,,,,,Ghost]Gholdengo||LifeOrb|GoodasGold|MakeItRain,NastyPlot,TeraBlast,Protect||||||50|,,,,,Fighting
|showteam|p2|Oricorio-Sensu||FocusSash|Dancer|QuiverDance,BatonPass,RevelationDance,Protect|||F|||50|,,,,,Fighting]Volcarona||SitrusBerry|FlameBody|QuiverDance,GigaDrain,FieryDance,Protect|||F|||50|,,,,,Grass]Sylveon||ChoiceScarf|Pixilate|HyperVoice,TeraBlast,StoredPower,SleepTalk|||M|||50|,,,,,Ground]Murkrow||Eviolite|Prankster|Tailwind,FoulPlay,Haze,FeatherDance|||F|||50|,,,,,Dark]Dragapult||CovertCloak|ClearBody|DragonCheer,DragonDarts,Protect,PhantomForce|||M|||50|,,,,,Stellar]Baxcalibur||LoadedDice|ThermalExchange|IcicleSpear,ScaleShot,GlaiveRush,Protect|||M|||50|,,,,,Grass
|inactive|Battle timer is ON: inactive players will automatically lose when time's up. (requested by viatles)
|
|t:|1756237002
|teamsize|p1|4
|teamsize|p2|4
|start
|switch|p1a: Smeargle|Smeargle, L50, M|100/100
|switch|p1b: Incineroar|Incineroar, L50, M, shiny|100/100
|switch|p2a: Oricorio|Oricorio-Sensu, L50, F|100/100
|switch|p2b: Volcarona|Volcarona, L50, F|100/100
|-ability|p1b: Incineroar|Intimidate|boost
|-unboost|p2a: Oricorio|atk|1
|-unboost|p2b: Volcarona|atk|1
|turn|1
|
|t:|1756237016
|move|p2a: Oricorio|Protect|p2a: Oricorio
|-singleturn|p2a: Oricorio|Protect
|move|p2b: Volcarona|Protect|p2b: Volcarona
|-singleturn|p2b: Volcarona|Protect
|move|p1a: Smeargle|Spore|p2a: Oricorio
|-activate|p2a: Oricorio|move: Protect
|move|p1b: Incineroar|Flare Blitz|p2b: Volcarona
|-activate|p2b: Volcarona|move: Protect
|
|-ability|p1a: Smeargle|Moody|boost
|-boost|p1a: Smeargle|spa|2
|-unboost|p1a: Smeargle|def|1
|upkeep
|turn|2
|
|t:|1756237038
|-terastallize|p2a: Oricorio|Fighting
|move|p1a: Smeargle|Spiky Shield|p1a: Smeargle
|-singleturn|p1a: Smeargle|move: Protect
|move|p2a: Oricorio|Revelation Dance|p1b: Incineroar
|-supereffective|p1b: Incineroar
|-damage|p1b: Incineroar|24/100
|move|p2b: Volcarona|Fiery Dance|p1a: Smeargle
|-activate|p1a: Smeargle|move: Protect
|move|p1b: Incineroar|Knock Off|p2a: Oricorio
|-resisted|p2a: Oricorio
|-damage|p2a: Oricorio|65/100
|-enditem|p2a: Oricorio|Focus Sash|[from] move: Knock Off|[of] p1b: Incineroar
|
|-ability|p1a: Smeargle|Moody|boost
|-boost|p1a: Smeargle|def|2
|-unboost|p1a: Smeargle|spa|1
|upkeep
|turn|3
|inactive|viatles has 30 seconds left.
|
|t:|1756237064
|switch|p1b: Electabuzz|Electabuzz, L50, M, shiny|100/100
|move|p2a: Oricorio|Revelation Dance|p1b: Electabuzz
|-damage|p1b: Electabuzz|72/100
|move|p1a: Smeargle|Spore|p2b: Volcarona
|-status|p2b: Volcarona|slp|[from] move: Spore
|cant|p2b: Volcarona|slp
|
|-ability|p1a: Smeargle|Moody|boost
|-boost|p1a: Smeargle|atk|2
|-unboost|p1a: Smeargle|def|1
|upkeep
|turn|4
|
|t:|1756237083
|move|p2a: Oricorio|Protect|p2a: Oricorio
|-singleturn|p2a: Oricorio|Protect
|move|p1a: Smeargle|Spore|p2a: Oricorio
|-activate|p2a: Oricorio|move: Protect
|cant|p2b: Volcarona|slp
|move|p1b: Electabuzz|Electroweb|p2b: Volcarona|[spread] p2b
|-activate|p2a: Oricorio|move: Protect
|-crit|p2b: Volcarona
|-damage|p2b: Volcarona|81/100 slp
|-unboost|p2b: Volcarona|spe|1
|
|-ability|p1a: Smeargle|Moody|boost
|-boost|p1a: Smeargle|atk|2
|-unboost|p1a: Smeargle|spd|1
|upkeep
|turn|5
|
|t:|1756237104
|move|p1b: Electabuzz|Follow Me|p1b: Electabuzz
|-singleturn|p1b: Electabuzz|move: Follow Me
|move|p2a: Oricorio|Revelation Dance|p1b: Electabuzz
|-damage|p1b: Electabuzz|45/100
|move|p1a: Smeargle|Spore|p2a: Oricorio
|-status|p2a: Oricorio|slp|[from] move: Spore
|cant|p2b: Volcarona|slp
|
|-ability|p1a: Smeargle|Moody|boost
|-boost|p1a: Smeargle|spd|2
|-unboost|p1a: Smeargle|def|1
|upkeep
|turn|6
|
|t:|1756237121
|switch|p1b: Baxcalibur|Baxcalibur, L50, M|100/100
|cant|p2a: Oricorio|slp
|move|p1a: Smeargle|Coaching|p1b: Baxcalibur
|-boost|p1b: Baxcalibur|atk|1
|-boost|p1b: Baxcalibur|def|1
|-curestatus|p2b: Volcarona|slp|[msg]
|move|p2b: Volcarona|Quiver Dance|p2b: Volcarona
|-boost|p2b: Volcarona|spa|1
|-boost|p2b: Volcarona|spd|1
|-boost|p2b: Volcarona|spe|1
|-activate|p2a: Oricorio|ability: Dancer
|cant|p2a: Oricorio|slp
|
|-ability|p1a: Smeargle|Moody|boost
|-boost|p1a: Smeargle|atk|2
|-unboost|p1a: Smeargle|def|1
|upkeep
|turn|7
|inactive|viatles has 30 seconds left.
|inactive|viatles has 20 seconds left.
|
|t:|1756237156
|cant|p2a: Oricorio|slp
|move|p1a: Smeargle|Spore|p2b: Volcarona
|-status|p2b: Volcarona|slp|[from] move: Spore
|cant|p2b: Volcarona|slp
|move|p1b: Baxcalibur|Scale Shot|p2a: Oricorio
|-damage|p2a: Oricorio|26/100 slp
|-crit|p2a: Oricorio
|-damage|p2a: Oricorio|0 fnt
|faint|p2a: Oricorio
|-hitcount|p2: Oricorio|2
|-unboost|p1b: Baxcalibur|def|1
|-boost|p1b: Baxcalibur|spe|1
|
|-ability|p1a: Smeargle|Moody|boost
|-boost|p1a: Smeargle|spd|2
|-unboost|p1a: Smeargle|atk|1
|upkeep
|
|t:|1756237173
|switch|p2a: Dragapult|Dragapult, L50, M|100/100
|turn|8
|
|t:|1756237186
|-terastallize|p1b: Baxcalibur|Fire
|move|p1a: Smeargle|Spiky Shield|p1a: Smeargle
|-singleturn|p1a: Smeargle|move: Protect
|cant|p2b: Volcarona|slp
|move|p2a: Dragapult|Phantom Force||[still]
|-prepare|p2a: Dragapult|Phantom Force
|move|p1b: Baxcalibur|Scale Shot|p2a: Dragapult|[miss]
|-miss|p1b: Baxcalibur|p2a: Dragapult
|
|-ability|p1a: Smeargle|Moody|boost
|-boost|p1a: Smeargle|def|2
|-unboost|p1a: Smeargle|spd|1
|upkeep
|turn|9
|inactive|viatles has 30 seconds left.
|
|t:|1756237212
|move|p2a: Dragapult|Phantom Force|p1b: Baxcalibur|[from] lockedmove
|-damage|p1b: Baxcalibur|59/100
|move|p1b: Baxcalibur|Scale Shot|p2b: Volcarona
|-damage|p2b: Volcarona|55/100 slp
|-damage|p2b: Volcarona|32/100 slp
|-enditem|p2b: Volcarona|Sitrus Berry|[eat]
|-heal|p2b: Volcarona|57/100 slp|[from] item: Sitrus Berry
|-damage|p2b: Volcarona|30/100 slp
|-crit|p2b: Volcarona
|-damage|p2b: Volcarona|0 fnt
|faint|p2b: Volcarona
|-hitcount|p2: Volcarona|4
|-unboost|p1b: Baxcalibur|def|1
|-boost|p1b: Baxcalibur|spe|1
|move|p1a: Smeargle|Coaching|p1b: Baxcalibur
|-boost|p1b: Baxcalibur|atk|1
|-boost|p1b: Baxcalibur|def|1
|
|-ability|p1a: Smeargle|Moody|boost
|-boost|p1a: Smeargle|spe|2
|-unboost|p1a: Smeargle|def|1
|upkeep
|
|t:|1756237231
|switch|p2b: Sylveon|Sylveon, L50, M|100/100
|turn|10
|
|t:|1756237238
|move|p2a: Dragapult|Protect|p2a: Dragapult
|-singleturn|p2a: Dragapult|Protect
|move|p1a: Smeargle|Spore|p2b: Sylveon
|-status|p2b: Sylveon|slp|[from] move: Spore
|move|p1b: Baxcalibur|Icicle Spear|p2a: Dragapult
|-activate|p2a: Dragapult|move: Protect
|cant|p2b: Sylveon|slp
|
|-ability|p1a: Smeargle|Moody|boost
|-boost|p1a: Smeargle|def|2
|-unboost|p1a: Smeargle|atk|1
|upkeep
|turn|11
|
|t:|1756237254
|move|p1a: Smeargle|Coaching|p1b: Baxcalibur
|-boost|p1b: Baxcalibur|atk|1
|-boost|p1b: Baxcalibur|def|1
|move|p1b: Baxcalibur|Icicle Spear|p2a: Dragapult
|-supereffective|p2a: Dragapult
|-damage|p2a: Dragapult|0 fnt
|faint|p2a: Dragapult
|-hitcount|p2: Dragapult|1
|cant|p2b: Sylveon|slp
|move|p2b: Sylveon|Sleep Talk|p2b: Sylveon
|move|p2b: Sylveon|Stored Power|p1b: Baxcalibur|[from] move: Sleep Talk
|-damage|p1b: Baxcalibur|52/100
|
|-ability|p1a: Smeargle|Moody|boost
|-boost|p1a: Smeargle|atk|2
|-unboost|p1a: Smeargle|spe|1
|upkeep
|turn|12
|
|t:|1756237273
|move|p1b: Baxcalibur|Icicle Spear|p2b: Sylveon
|-damage|p2b: Sylveon|46/100 slp
|-damage|p2b: Sylveon|0 fnt
|faint|p2b: Sylveon
|-hitcount|p2: Sylveon|2
|
|win|Capitan-N
