|j|☆lettitripppp
|j|☆chungoc
|html|lettitrippppchungoc    
|uhtml|bestof|Game 2 of a best-of-3
|t:|1783789242
|gametype|doubles
|player|p1|lettitripppp|lucas|1249
|player|p2|chungoc|birdkeeper|1113
|gen|9
|tier|[Gen 9 Champions] VGC 2026 Reg M-B (Bo3)
|rated|
|rule|Species Clause: Limit one of each Pokémon
|rule|Item Clause: Limit 1 of each item
|clearpoke
|poke|p1|Charizard, L50, F|
|poke|p1|Basculegion, L50, M|
|poke|p1|Whimsicott, L50, F, shiny|
|poke|p1|Garchomp, L50, F, shiny|
|poke|p1|Floette-Eternal, L50, F|
|poke|p1|Kingambit, L50, M, shiny|
|poke|p2|Staraptor, L50, M|
|poke|p2|Whimsicott, L50, F|
|poke|p2|Sinistcha-Masterpiece, L50|
|poke|p2|Rotom-Wash, L50|
|poke|p2|Gholdengo, L50|
|poke|p2|Incineroar, L50, M|
|teampreview|4
|showteam|p1|Charizard||CharizarditeY|Blaze|WeatherBall,SolarBeam,HeatWave,Protect|Modest||F|||50|]Basculegion||MysticWater|Adaptability|LastRespects,WaveCrash,AquaJet,Protect|Adamant||M|||50|]Whimsicott||FocusSash|Prankster|Moonblast,Tailwind,Encore,Protect|Timid||F|||50|]Garchomp||LifeOrb|RoughSkin|DragonClaw,Earthquake,RockSlide,Protect|Jolly||F|||50|]Floette-Eternal||Floettite|FlowerVeil|DazzlingGleam,LightofRuin,Moonblast,Protect|Modest||F|||50|]Kingambit||ChopleBerry|Defiant|KowtowCleave,SuckerPunch,IronHead,LowKick|Adamant||M|||50|
|showteam|p2|Staraptor||Staraptite|Intimidate|CloseCombat,Uturn,BraveBird,Protect|Jolly||M|||50|]Whimsicott||FocusSash|Prankster|Charm,Tailwind,Moonblast,Taunt|Timid||F|||50|]Sinistcha-Masterpiece||BigRoot|Hospitality|MatchaGotcha,LifeDew,RagePowder,StrengthSap|Bold|||||50|]Rotom-Wash||SitrusBerry|Levitate|HydroPump,Thunderbolt,WillOWisp,Protect|Modest|||||50|]Gholdengo||LifeOrb|GoodasGold|MakeItRain,ShadowBall,Protect,Psychic|Modest|||||50|]Incineroar||Leftovers|Intimidate|FakeOut,FlareBlitz,PartingShot,Protect|Adamant||M|||50|
|inactive|Battle timer is ON: inactive players will automatically lose when time's up. (requested by lettitripppp)
|inactive|lettitripppp has 60 seconds left.
|
|t:|1783789300
|teamsize|p1|4
|teamsize|p2|4
|start
|switch|p1a: GENERAL BLADUS|Kingambit, L50, M, shiny|100/100
|switch|p1b: LETS GO GO|Whimsicott, L50, F, shiny|100/100
|switch|p2a: Whimsicott|Whimsicott, L50, F|100/100
|switch|p2b: Incineroar|Incineroar, L50, M|100/100
|-ability|p2b: Incineroar|Intimidate|boost
|-unboost|p1a: GENERAL BLADUS|atk|1
|-ability|p1a: GENERAL BLADUS|Defiant|boost
|-boost|p1a: GENERAL BLADUS|atk|2
|-unboost|p1b: LETS GO GO|atk|1
|turn|1
|inactive|chungoc has 30 seconds left.
|
|t:|1783789327
|move|p2b: Incineroar|Fake Out|p1b: LETS GO GO
|-crit|p1b: LETS GO GO
|-damage|p1b: LETS GO GO|75/100
|move|p2a: Whimsicott|Tailwind|p2a: Whimsicott
|-sidestart|p2: chungoc|move: Tailwind
|cant|p1b: LETS GO GO|flinch
|move|p1a: GENERAL BLADUS|Iron Head|p2a: Whimsicott
|-supereffective|p2a: Whimsicott|1
|-enditem|p2a: Whimsicott|Focus Sash
|-damage|p2a: Whimsicott|1/100
|
|upkeep
|turn|2
|
|t:|1783789352
|move|p2a: Whimsicott|Taunt|p1b: LETS GO GO
|-start|p1b: LETS GO GO|move: Taunt
|move|p2b: Incineroar|Flare Blitz|p1a: GENERAL BLADUS
|-supereffective|p1a: GENERAL BLADUS|1
|-damage|p1a: GENERAL BLADUS|10/100
|-damage|p2b: Incineroar|67/100|[from] Recoil
|move|p1b: LETS GO GO|Moonblast|p2b: Incineroar
|-damage|p2b: Incineroar|36/100
|move|p1a: GENERAL BLADUS|Low Kick|p2b: Incineroar
|-supereffective|p2b: Incineroar|1
|-damage|p2b: Incineroar|0 fnt
|faint|p2b: Incineroar
|
|upkeep
|inactive|chungoc has 30 seconds left.
|
|t:|1783789381
|switch|p2b: Staraptor|Staraptor, L50, M|100/100
|-ability|p2b: Staraptor|Intimidate|boost
|-unboost|p1a: GENERAL BLADUS|atk|1
|-ability|p1a: GENERAL BLADUS|Defiant|boost
|-boost|p1a: GENERAL BLADUS|atk|2
|-unboost|p1b: LETS GO GO|atk|1
|turn|3
|inactive|chungoc has 30 seconds left.
|inactive|chungoc has 20 seconds left.
|
|t:|1783789420
|switch|p1b: CRUSH SHARK|Garchomp, L50, F, shiny|100/100
|detailschange|p2b: Staraptor|Staraptor-Mega, L50, M
|-mega|p2b: Staraptor|Staraptor|Staraptite
|move|p2b: Staraptor|Protect|p2b: Staraptor
|-singleturn|p2b: Staraptor|Protect
|move|p1a: GENERAL BLADUS|Sucker Punch|p2a: Whimsicott
|-resisted|p2a: Whimsicott|1
|-damage|p2a: Whimsicott|0 fnt
|faint|p2a: Whimsicott
|
|upkeep
|
|t:|1783789431
|switch|p2a: Gholdengo|Gholdengo, L50|100/100
|turn|4
|
|t:|1783789452
|switch|p1a: AGNI|Charizard, L50, F|100/100
|move|p1b: CRUSH SHARK|Protect|p1b: CRUSH SHARK
|-singleturn|p1b: CRUSH SHARK|Protect
|move|p2b: Staraptor|Close Combat|p1b: CRUSH SHARK
|-activate|p1b: CRUSH SHARK|move: Protect
|move|p2a: Gholdengo|Make It Rain|p1b: CRUSH SHARK|[spread] p1a
|-activate|p1b: CRUSH SHARK|move: Protect
|-resisted|p1a: AGNI|1
|-damage|p1a: AGNI|64/100
|-unboost|p2a: Gholdengo|spa|2
|-damage|p2a: Gholdengo|90/100|[from] item: Life Orb
|
|-sideend|p2: chungoc|move: Tailwind
|upkeep
|turn|5
|inactive|chungoc has 30 seconds left.
|
|t:|1783789481
|detailschange|p1a: AGNI|Charizard-Mega-Y, L50, F
|-mega|p1a: AGNI|Charizard|Charizardite Y
|-weather|SunnyDay|[from] ability: Drought|[of] p1a: AGNI
|move|p2a: Gholdengo|Protect|p2a: Gholdengo
|-singleturn|p2a: Gholdengo|Protect
|move|p2b: Staraptor|Close Combat|p1b: CRUSH SHARK
|-damage|p1b: CRUSH SHARK|31/100
|-boost|p2b: Staraptor|def|1
|-boost|p2b: Staraptor|spd|1
|-damage|p2b: Staraptor|87/100|[from] ability: Rough Skin|[of] p1b: CRUSH SHARK
|move|p1b: CRUSH SHARK|Earthquake|p2b: Staraptor|[spread] 
|-activate|p2a: Gholdengo|move: Protect
|-immune|p1a: AGNI
|-immune|p2b: Staraptor
|move|p1a: AGNI|Weather Ball|p2b: Staraptor
|-damage|p2b: Staraptor|8/100
|
|-weather|SunnyDay|[upkeep]
|upkeep
|turn|6
|inactive|chungoc has 30 seconds left.
|
|t:|1783789513
|move|p2b: Staraptor|Close Combat|p1a: AGNI
|-resisted|p1a: AGNI|1
|-damage|p1a: AGNI|30/100
|-boost|p2b: Staraptor|def|1
|-boost|p2b: Staraptor|spd|1
|move|p1b: CRUSH SHARK|Earthquake|p2b: Staraptor|[spread] p2a
|-immune|p1a: AGNI
|-immune|p2b: Staraptor
|-supereffective|p2a: Gholdengo|1
|-damage|p2a: Gholdengo|0 fnt
|faint|p2a: Gholdengo
|-damage|p1b: CRUSH SHARK|21/100|[from] item: Life Orb
|move|p1a: AGNI|Heat Wave|p2b: Staraptor
|-damage|p2b: Staraptor|0 fnt
|faint|p2b: Staraptor
|
|win|lettitripppp
|inactive|lettitripppp has 30 seconds to confirm battle start!
|inactive|chungoc has 30 seconds to confirm battle start!
||chungoc is ready for game 3.
