|j|☆Rilly09V4
|j|☆Athrys
|html|Rilly09V4Athrys    
|uhtml|bestof|Game 3 of a best-of-3
|t:|1783150396
|gametype|doubles
|player|p1|Rilly09V4|265|1046
|player|p2|Athrys|guitarist|1000
|gen|9
|tier|[Gen 9 Champions] VGC 2026 Reg M-B (Bo3)
|rated|
|rule|Species Clause: Limit one of each Pokémon
|rule|Item Clause: Limit 1 of each item
|clearpoke
|poke|p1|Froslass, L50, F, shiny|
|poke|p1|Garchomp, L50, M, shiny|
|poke|p1|Kingambit, L50, F|
|poke|p1|Whimsicott, L50, F|
|poke|p1|Sneasler, L50, F|
|poke|p1|Primarina, L50, F|
|poke|p2|Scolipede, L50, F|
|poke|p2|Scrafty, L50, F|
|poke|p2|Sinistcha, L50|
|poke|p2|Aerodactyl, L50, M|
|poke|p2|Sylveon, L50, F|
|poke|p2|Garchomp, L50, M|
|teampreview|4
|showteam|p1|Froslass||Froslassite|CursedBody|AuroraVeil,Blizzard,ShadowBall,NastyPlot|Timid||F|||50|]Garchomp||ChoiceScarf|RoughSkin|Earthquake,RockSlide,DragonClaw,StompingTantrum|Jolly||M|||50|]Kingambit||ChopleBerry|SupremeOverlord|SuckerPunch,IronHead,KowtowCleave,Protect|Adamant||F|||50|]Whimsicott||KebiaBerry|Prankster|Tailwind,CottonGuard,Encore,GigaDrain|Calm||F|||50|]Sneasler||Leftovers|Unburden|FakeOut,CloseCombat,DireClaw,Protect|Adamant||F|||50|]Primarina||MysticWater|LiquidVoice|Blizzard,DazzlingGleam,HyperVoice,Protect|Modest||F|||50|
|showteam|p2|Scolipede||Scolipite|SpeedBoost|Protect,PoisonJab,LeechLife,SwordsDance|Adamant||F|||50|]Scrafty||Scraftinite|Intimidate|Protect,FakeOut,KnockOff,DrainPunch|Adamant||F|||50|]Sinistcha||KasibBerry|Hospitality|Protect,MatchaGotcha,TrickRoom,RagePowder|Bold|||||50|]Aerodactyl||FocusSash|Unnerve|Protect,Tailwind,RockSlide,DualWingbeat|Jolly||M|||50|]Sylveon||FairyFeather|Pixilate|Protect,CalmMind,HyperVoice,QuickAttack|Modest||F|||50|]Garchomp||ChoiceScarf|RoughSkin|DragonClaw,Earthquake,PoisonJab,RockSlide|Adamant||M|||50|
|
|t:|1783150422
|teamsize|p1|4
|teamsize|p2|4
|start
|switch|p1a: Froslass|Froslass, L50, F, shiny|100/100
|switch|p1b: Primarina|Primarina, L50, F|100/100
|switch|p2a: Scrafty|Scrafty, L50, F|100/100
|switch|p2b: Aerodactyl|Aerodactyl, L50, M|100/100
|-ability|p2b: Aerodactyl|Unnerve
|-ability|p2a: Scrafty|Intimidate|boost
|-unboost|p1a: Froslass|atk|1
|-unboost|p1b: Primarina|atk|1
|turn|1
|
|t:|1783150464
|detailschange|p1a: Froslass|Froslass-Mega, L50, F, shiny
|-mega|p1a: Froslass|Froslass|Froslassite
|-weather|Snowscape|[from] ability: Snow Warning|[of] p1a: Froslass
|move|p2a: Scrafty|Fake Out|p1b: Primarina
|-damage|p1b: Primarina|86/100
|move|p2b: Aerodactyl|Rock Slide|p1a: Froslass|[spread] p1a,p1b
|-supereffective|p1a: Froslass|1
|-damage|p1a: Froslass|45/100
|-damage|p1b: Primarina|57/100
|move|p1a: Froslass|Blizzard|p2a: Scrafty|[spread] p2a,p2b
|-supereffective|p2b: Aerodactyl|1
|-crit|p2b: Aerodactyl
|-damage|p2a: Scrafty|55/100
|-enditem|p2b: Aerodactyl|Focus Sash
|-damage|p2b: Aerodactyl|1/100
|-status|p2a: Scrafty|frz
|cant|p1b: Primarina|flinch
|
|-weather|Snowscape|[upkeep]
|upkeep
|turn|2
|
|t:|1783150500
|switch|p1a: Garchomp|Garchomp, L50, M, shiny|100/100
|move|p2b: Aerodactyl|Rock Slide|p1b: Primarina|[spread] p1a,p1b
|-resisted|p1a: Garchomp|1
|-damage|p1a: Garchomp|88/100
|-damage|p1b: Primarina|26/100
|-curestatus|p2a: Scrafty|frz|[msg]
|move|p2a: Scrafty|Knock Off|p1b: Primarina
|-resisted|p1b: Primarina|1
|-damage|p1b: Primarina|4/100
|-enditem|p1b: Primarina|Mystic Water|[from] move: Knock Off|[of] p2a: Scrafty
|move|p1b: Primarina|Hyper Voice|p2b: Aerodactyl|[spread] p2a,p2b
|-supereffective|p2b: Aerodactyl|1
|-damage|p2a: Scrafty|16/100
|-damage|p2b: Aerodactyl|0 fnt
|faint|p2b: Aerodactyl
|
|-weather|Snowscape|[upkeep]
|upkeep
|
|t:|1783150518
|switch|p2b: Sylveon|Sylveon, L50, F|100/100
|turn|3
|
|t:|1783150541
|detailschange|p2a: Scrafty|Scrafty-Mega, L50, F
|-mega|p2a: Scrafty|Scrafty|Scraftinite
|-ability|p2a: Scrafty|Intimidate|boost
|-unboost|p1a: Garchomp|atk|1
|-unboost|p1b: Primarina|atk|1
|move|p2a: Scrafty|Protect|p2a: Scrafty
|-singleturn|p2a: Scrafty|Protect
|move|p1b: Primarina|Protect|p1b: Primarina
|-singleturn|p1b: Primarina|Protect
|move|p1a: Garchomp|Rock Slide|p2a: Scrafty|[spread] p2b
|-activate|p2a: Scrafty|move: Protect
|-damage|p2b: Sylveon|81/100
|move|p2b: Sylveon|Calm Mind|p2b: Sylveon
|-boost|p2b: Sylveon|spa|1
|-boost|p2b: Sylveon|spd|1
|
|-weather|Snowscape|[upkeep]
|upkeep
|turn|4
|
|t:|1783150555
|switch|p2a: Sinistcha|Sinistcha, L50|100/100
|-heal|p2b: Sylveon|100/100|[from] ability: Hospitality|[of] p2a: Sinistcha
|move|p1a: Garchomp|Rock Slide|p2b: Sylveon|[spread] p2a,p2b
|-damage|p2a: Sinistcha|90/100
|-damage|p2b: Sylveon|81/100
|cant|p2b: Sylveon|flinch
|move|p1b: Primarina|Blizzard|p2a: Sinistcha|[spread] p2a,p2b
|-supereffective|p2a: Sinistcha|1
|-damage|p2a: Sinistcha|22/100
|-damage|p2b: Sylveon|67/100
|
|-weather|Snowscape|[upkeep]
|upkeep
|turn|5
|
|t:|1783150573
|move|p2a: Sinistcha|Protect|p2a: Sinistcha
|-singleturn|p2a: Sinistcha|Protect
|move|p1a: Garchomp|Rock Slide|p2b: Sylveon|[spread] p2b
|-activate|p2a: Sinistcha|move: Protect
|-crit|p2b: Sylveon
|-damage|p2b: Sylveon|24/100
|move|p2b: Sylveon|Hyper Voice|p1b: Primarina|[spread] p1a,p1b
|-supereffective|p1a: Garchomp|1
|-damage|p1a: Garchomp|0 fnt
|-damage|p1b: Primarina|0 fnt
|faint|p1a: Garchomp
|faint|p1b: Primarina
|
|-weather|none
|upkeep
|
|t:|1783150579
|switch|p1a: Whimsicott|Whimsicott, L50, F|100/100
|switch|p1b: Froslass|Froslass-Mega, L50, F, shiny|45/100
|-weather|Snowscape|[from] ability: Snow Warning|[of] p1b: Froslass
|turn|6
|
|t:|1783150630
|switch|p2a: Scrafty|Scrafty-Mega, L50, F|16/100
|-ability|p2a: Scrafty|Intimidate|boost
|-unboost|p1a: Whimsicott|atk|1
|-unboost|p1b: Froslass|atk|1
|move|p2b: Sylveon|Protect|p2b: Sylveon
|-singleturn|p2b: Sylveon|Protect
|move|p1a: Whimsicott|Tailwind|p1a: Whimsicott
|-sidestart|p1: Rilly09V4|move: Tailwind
|move|p1b: Froslass|Blizzard|p2b: Sylveon|[spread] p2a
|-activate|p2b: Sylveon|move: Protect
|-damage|p2a: Scrafty|0 fnt
|faint|p2a: Scrafty
|
|-weather|Snowscape|[upkeep]
|upkeep
|
|t:|1783150640
|switch|p2a: Sinistcha|Sinistcha, L50|22/100
|-heal|p2b: Sylveon|49/100|[from] ability: Hospitality|[of] p2a: Sinistcha
|turn|7
|
|t:|1783150655
|move|p2a: Sinistcha|Protect|p2a: Sinistcha
|-singleturn|p2a: Sinistcha|Protect
|move|p1a: Whimsicott|Encore|p2b: Sylveon
|-start|p2b: Sylveon|Encore
|move|p2b: Sylveon|Protect|p2b: Sylveon
|-singleturn|p2b: Sylveon|Protect
|move|p1b: Froslass|Blizzard|p2b: Sylveon|[spread] 
|-activate|p2a: Sinistcha|move: Protect
|-activate|p2b: Sylveon|move: Protect
|
|-weather|Snowscape|[upkeep]
|upkeep
|turn|8
|-message|Athrys forfeited.
|
|win|Rilly09V4
|raw|Rilly09V4's rating: 1046 → 1075(+29 for winning)
|raw|Athrys's rating: 1000 → 1000(+0 for losing)
