|j|☆bartcr0987
|j|☆regitron 21
|html|bartcr0987regitron 21    
|uhtml|bestof|Game 2 of a best-of-3
|t:|1785799637
|gametype|doubles
|player|p1|bartcr0987|266|1241
|player|p2|regitron 21|n|1197
|gen|9
|tier|[Gen 9 Champions] VGC 2026 Reg M-B (Bo3)
|rated|
|rule|Species Clause: Limit one of each Pokémon
|rule|Item Clause: Limit 1 of each item
|clearpoke
|poke|p1|Charizard, L50, M, shiny|
|poke|p1|Sneasler, L50, M, shiny|
|poke|p1|Floette-Eternal, L50, F|
|poke|p1|Kingambit, L50, F, shiny|
|poke|p1|Basculegion, L50, M|
|poke|p1|Farigiraf, L50, M|
|poke|p2|Raichu, L50, M|
|poke|p2|Charizard, L50, F|
|poke|p2|Incineroar, L50, F|
|poke|p2|Farigiraf, L50, F|
|poke|p2|Sylveon, L50, M|
|poke|p2|Kingambit, L50, M|
|teampreview|4
|showteam|p1|Charizard||CharizarditeY|SolarPower|HeatWave,SolarBeam,WeatherBall,Protect|Modest||M|||50|]Sneasler||FocusSash|PoisonTouch|DireClaw,CloseCombat,Protect,FakeOut|Jolly||M|||50|]Floette-Eternal||Floettite|FlowerVeil|Moonblast,DazzlingGleam,LightofRuin,Protect|Timid||F|||50|]Kingambit||BlackGlasses|Defiant|KowtowCleave,SuckerPunch,SwordsDance,Protect|Adamant||F|||50|]Basculegion||ChoiceScarf|Adaptability|LastRespects,WaveCrash,AquaJet,FlipTurn|Jolly||M|||50|]Farigiraf||SitrusBerry|ArmorTail|TrickRoom,Protect,Psychic,HelpingHand|Calm||M|||50|
|showteam|p2|Raichu||RaichuniteY|LightningRod|ZapCannon,FocusBlast,FakeOut,Protect|Timid||M|||50|]Charizard||CharizarditeY|Blaze|HeatWave,WeatherBall,SolarBeam,Protect|Modest||F|||50|]Incineroar||SitrusBerry|Intimidate|FakeOut,FlareBlitz,DarkestLariat,PartingShot|Impish||F|||50|]Farigiraf||ColburBerry|ArmorTail|TwinBeam,Thunderbolt,HelpingHand,TrickRoom|Modest||F|||50|]Sylveon||FairyFeather|Pixilate|HyperVoice,Moonblast,Detect,CalmMind|Modest||M|||50|]Kingambit||LifeOrb|Defiant|SuckerPunch,KowtowCleave,Protect,SwordsDance|Adamant||M|||50|
|inactive|Battle timer is ON: inactive players will automatically lose when time's up. (requested by bartcr0987)
|c|☆regitron 21|hey good luck pal
|inactive|bartcr0987 has 60 seconds left.
|inactive|regitron 21 has 60 seconds left.
|
|t:|1785799676
|teamsize|p1|4
|teamsize|p2|4
|start
|switch|p1a: Sneasler|Sneasler, L50, M, shiny|100/100
|switch|p1b: Farigiraf|Farigiraf, L50, M|100/100
|switch|p2a: Graham|Raichu, L50, M|100/100
|switch|p2b: Soey|Farigiraf, L50, F|100/100
|turn|1
|inactive|bartcr0987 has 30 seconds left.
|inactive|regitron 21 has 30 seconds left.
|
|t:|1785799702
|detailschange|p2a: Graham|Raichu-Mega-Y, L50, M
|-mega|p2a: Graham|Raichu|Raichunite Y
|move|p1b: Farigiraf|Helping Hand|p1a: Sneasler
|-singleturn|p1a: Sneasler|Helping Hand|[of] p1b: Farigiraf
|move|p2a: Graham|Zap Cannon|p1a: Sneasler
|-damage|p1a: Sneasler|9/100
|-status|p1a: Sneasler|par
|move|p1a: Sneasler|Close Combat|p2a: Graham
|-damage|p2a: Graham|0 fnt
|-unboost|p1a: Sneasler|def|1
|-unboost|p1a: Sneasler|spd|1
|faint|p2a: Graham
|move|p2b: Soey|Trick Room|p2b: Soey
|-fieldstart|move: Trick Room|[of] p2b: Soey
|
|upkeep
|
|t:|1785799713
|switch|p2a: Ryan|Sylveon, L50, M|100/100
|turn|2
|
|t:|1785799726
|move|p1a: Sneasler|Protect|p1a: Sneasler
|-singleturn|p1a: Sneasler|Protect
|move|p2b: Soey|Thunderbolt|p1b: Farigiraf
|-damage|p1b: Farigiraf|79/100
|move|p2a: Ryan|Hyper Voice|p1b: Farigiraf|[spread] p1b
|-activate|p1a: Sneasler|move: Protect
|-damage|p1b: Farigiraf|42/100
|-enditem|p1b: Farigiraf|Sitrus Berry|[eat]
|-heal|p1b: Farigiraf|67/100|[from] item: Sitrus Berry
|move|p1b: Farigiraf|Trick Room|p1b: Farigiraf
|-fieldend|move: Trick Room
|
|upkeep
|turn|3
|inactive|regitron 21 has 30 seconds left.
|inactive|regitron 21 has 20 seconds left.
|inactive|regitron 21 has 15 seconds left.
|inactive|regitron 21 has 10 seconds left.
|inactive|regitron 21 has 5 seconds left.
|
|t:|1785799780
|move|p2a: Ryan|Detect|p2a: Ryan
|-singleturn|p2a: Ryan|Protect
|move|p1b: Farigiraf|Protect|p1b: Farigiraf
|-singleturn|p1b: Farigiraf|Protect
|move|p1a: Sneasler|Dire Claw|p2a: Ryan
|-activate|p2a: Ryan|move: Protect
|move|p2b: Soey|Thunderbolt|p1a: Sneasler
|-damage|p1a: Sneasler|0 fnt
|faint|p1a: Sneasler
|
|upkeep
|
|t:|1785799786
|switch|p1a: Charizard|Charizard, L50, M, shiny|100/100
|turn|4
|
|t:|1785799796
|detailschange|p1a: Charizard|Charizard-Mega-Y, L50, M, shiny
|-mega|p1a: Charizard|Charizard|Charizardite Y
|-weather|SunnyDay|[from] ability: Drought|[of] p1a: Charizard
|move|p1b: Farigiraf|Helping Hand|p1a: Charizard
|-singleturn|p1a: Charizard|Helping Hand|[of] p1b: Farigiraf
|move|p1a: Charizard|Heat Wave|p2b: Soey|[spread] p2a,p2b
|-damage|p2a: Ryan|36/100
|-damage|p2b: Soey|29/100
|-status|p2b: Soey|brn
|move|p2a: Ryan|Calm Mind|p2a: Ryan
|-boost|p2a: Ryan|spa|1
|-boost|p2a: Ryan|spd|1
|move|p2b: Soey|Trick Room|p2b: Soey
|-fieldstart|move: Trick Room|[of] p2b: Soey
|
|-weather|SunnyDay|[upkeep]
|-damage|p2b: Soey|23/100 brn|[from] brn
|upkeep
|turn|5
|
|t:|1785799808
|move|p1a: Charizard|Protect|p1a: Charizard
|-singleturn|p1a: Charizard|Protect
|move|p2b: Soey|Thunderbolt|p1a: Charizard
|-activate|p1a: Charizard|move: Protect
|move|p2a: Ryan|Hyper Voice|p1b: Farigiraf|[spread] p1b
|-activate|p1a: Charizard|move: Protect
|-damage|p1b: Farigiraf|13/100
|move|p1b: Farigiraf|Trick Room|p1b: Farigiraf
|-fieldend|move: Trick Room
|
|-weather|SunnyDay|[upkeep]
|-damage|p2b: Soey|16/100 brn|[from] brn
|upkeep
|turn|6
|
|t:|1785799821
|move|p1b: Farigiraf|Helping Hand|p1a: Charizard
|-singleturn|p1a: Charizard|Helping Hand|[of] p1b: Farigiraf
|move|p2a: Ryan|Detect|p2a: Ryan
|-singleturn|p2a: Ryan|Protect
|move|p1a: Charizard|Heat Wave|p2a: Ryan|[spread] 
|-activate|p2a: Ryan|move: Protect
|-miss|p1a: Charizard|p2b: Soey
|move|p2b: Soey|Trick Room|p2b: Soey
|-fieldstart|move: Trick Room|[of] p2b: Soey
|
|-weather|SunnyDay|[upkeep]
|-damage|p2b: Soey|10/100 brn|[from] brn
|upkeep
|turn|7
|
|t:|1785799843
|move|p1b: Farigiraf|Protect|p1b: Farigiraf
|-singleturn|p1b: Farigiraf|Protect
|move|p1a: Charizard|Protect|p1a: Charizard
|-singleturn|p1a: Charizard|Protect
|move|p2b: Soey|Thunderbolt|p1a: Charizard
|-activate|p1a: Charizard|move: Protect
|move|p2a: Ryan|Hyper Voice|p1a: Charizard|[spread] 
|-activate|p1a: Charizard|move: Protect
|-activate|p1b: Farigiraf|move: Protect
|
|-weather|SunnyDay|[upkeep]
|-damage|p2b: Soey|4/100 brn|[from] brn
|upkeep
|turn|8
|
|t:|1785799857
|move|p1a: Charizard|Protect|p1a: Charizard
|-singleturn|p1a: Charizard|Protect
|move|p1b: Farigiraf|Psychic|p2b: Soey
|-resisted|p2b: Soey|1
|-damage|p2b: Soey|0 fnt
|faint|p2b: Soey
|move|p2a: Ryan|Hyper Voice|p1a: Charizard|[spread] p1b
|-activate|p1a: Charizard|move: Protect
|-damage|p1b: Farigiraf|0 fnt
|faint|p1b: Farigiraf
|
|-weather|none
|upkeep
|
|t:|1785799865
|switch|p2b: Kinngler|Kingambit, L50, M|100/100
|switch|p1b: Oscar|Basculegion, L50, M|100/100
|turn|9
|
|t:|1785799884
|move|p1b: Oscar|Aqua Jet|p2a: Ryan
|-damage|p2a: Ryan|14/100
|move|p2b: Kinngler|Kowtow Cleave|p1a: Charizard
|-damage|p1a: Charizard|41/100
|-damage|p2b: Kinngler|90/100|[from] item: Life Orb
|move|p2a: Ryan|Moonblast|p1a: Charizard
|-resisted|p1a: Charizard|1
|-damage|p1a: Charizard|9/100
|move|p1a: Charizard|Heat Wave|p2a: Ryan|[spread] p2a,p2b
|-supereffective|p2b: Kinngler|1
|-damage|p2a: Ryan|0 fnt
|-damage|p2b: Kinngler|25/100
|faint|p2a: Ryan
|
|upkeep
|turn|10
|
|t:|1785799900
|move|p1a: Charizard|Protect|p1a: Charizard
|-singleturn|p1a: Charizard|Protect
|move|p2b: Kinngler|Sucker Punch||[still]
|-fail|p2b: Kinngler
|move|p1b: Oscar|Aqua Jet|p2b: Kinngler
|-damage|p2b: Kinngler|7/100
|
|-fieldend|move: Trick Room
|upkeep
|turn|11
|c|☆regitron 21|gg
|c|☆regitron 21|idk what happend here tbh
|
|t:|1785799912
|move|p1b: Oscar|Aqua Jet|p2b: Kinngler
|-damage|p2b: Kinngler|0 fnt
|faint|p2b: Kinngler
|
|win|bartcr0987
||regitron 21 is ready for game 3.
||bartcr0987 is ready for game 3.
|uhtml|next|Next: Game 3 of 3
