|j|☆SunshineTufo
|j|☆mb gang
|html|SunshineTufomb gang    
|uhtml|bestof|Game 1 of a best-of-3
|t:|1785441246
|gametype|doubles
|player|p1|SunshineTufo|li|1324
|player|p2|mb gang|skier|1394
|gen|9
|tier|[Gen 9 Champions] VGC 2026 Reg M-B (Bo3)
|rated|
|rule|Species Clause: Limit one of each Pokémon
|rule|Item Clause: Limit 1 of each item
|clearpoke
|poke|p1|Charizard, L50, M, shiny|
|poke|p1|Incineroar, L50, M, shiny|
|poke|p1|Sylveon, L50, M, shiny|
|poke|p1|Aerodactyl, L50, M, shiny|
|poke|p1|Garchomp, L50, M, shiny|
|poke|p1|Farigiraf, L50, M, shiny|
|poke|p2|Drampa, L50, F|
|poke|p2|Kingambit, L50, M|
|poke|p2|Delphox, L50, M|
|poke|p2|Sinistcha, L50|
|poke|p2|Sneasler, L50, F|
|poke|p2|Tauros-Paldea-Aqua, L50, M|
|teampreview|4
|showteam|p1|Charizard||CharizarditeY|SolarPower|HeatWave,WeatherBall,SolarBeam,Protect|Modest||M|||50|]Incineroar||Charcoal|Intimidate|FlareBlitz,DarkestLariat,FakeOut,PartingShot|Brave||M|||50|]Sylveon||FairyFeather|Pixilate|HyperVoice,QuickAttack,HyperBeam,Detect|Modest||M|||50|]Aerodactyl||Aerodactylite|Unnerve|WideGuard,RockSlide,DualWingbeat,Tailwind|Jolly||M|||50|]Garchomp||LifeOrb|RoughSkin|Protect,StompingTantrum,DragonClaw,Earthquake|Adamant||M|||50|]Farigiraf||SitrusBerry|ArmorTail|SunnyDay,PsychicFangs,Thunderbolt,TrickRoom|Relaxed||M|||50|
|showteam|p2|Drampa||HabanBerry|CloudNine|LightScreen,Protect,HelpingHand,DracoMeteor|Sassy||F|||50|]Kingambit||BlackGlasses|Defiant|KowtowCleave,SuckerPunch,IronHead,Protect|Brave||M|||50|]Delphox||Delphoxite|Blaze|HeatWave,Psychic,CalmMind,Protect|Timid||M|||50|]Sinistcha||SitrusBerry|Hospitality|MatchaGotcha,Protect,RagePowder,TrickRoom|Relaxed|||||50|]Sneasler||FocusSash|PoisonTouch|PoisonJab,CloseCombat,FakeOut,Protect|Jolly||F|||50|]Tauros-Paldea-Aqua||ChoiceScarf|Intimidate|CloseCombat,RockSlide,WaveCrash,AquaJet|Jolly||M|||50|
|inactive|Battle timer is ON: inactive players will automatically lose when time's up. (requested by mb gang)
|inactive|SunshineTufo also wants the timer to be on.
|
|t:|1785441268
|teamsize|p1|4
|teamsize|p2|4
|start
|switch|p1a: Aerodactyl|Aerodactyl, L50, M, shiny|100/100
|switch|p1b: Sylveon|Sylveon, L50, M, shiny|100/100
|switch|p2a: Tauros|Tauros-Paldea-Aqua, L50, M|100/100
|switch|p2b: Kingambit|Kingambit, L50, M|100/100
|-ability|p1a: Aerodactyl|Unnerve
|-ability|p2a: Tauros|Intimidate|boost
|-unboost|p1a: Aerodactyl|atk|1
|-unboost|p1b: Sylveon|atk|1
|turn|1
|
|t:|1785441291
|switch|p2a: Delphox|Delphox, L50, M|100/100
|move|p1b: Sylveon|Detect|p1b: Sylveon
|-singleturn|p1b: Sylveon|Protect
|move|p1a: Aerodactyl|Tailwind|p1a: Aerodactyl
|-sidestart|p1: SunshineTufo|move: Tailwind
|move|p2b: Kingambit|Iron Head|p1b: Sylveon
|-activate|p1b: Sylveon|move: Protect
|
|upkeep
|turn|2
|
|t:|1785441313
|detailschange|p2a: Delphox|Delphox-Mega, L50, M
|-mega|p2a: Delphox|Delphox|Delphoxite
|move|p2a: Delphox|Protect|p2a: Delphox
|-singleturn|p2a: Delphox|Protect
|move|p1a: Aerodactyl|Rock Slide|p2a: Delphox|[spread] p2b
|-activate|p2a: Delphox|move: Protect
|-resisted|p2b: Kingambit|1
|-damage|p2b: Kingambit|94/100
|move|p1b: Sylveon|Hyper Beam|p2b: Kingambit
|-damage|p2b: Kingambit|0 fnt
|-mustrecharge|p1b: Sylveon
|faint|p2b: Kingambit
|
|upkeep
|
|t:|1785441326
|switch|p2b: Tauros|Tauros-Paldea-Aqua, L50, M|100/100
|-ability|p2b: Tauros|Intimidate|boost
|-unboost|p1a: Aerodactyl|atk|1
|-unboost|p1b: Sylveon|atk|1
|turn|3
|
|t:|1785441331
|switch|p1a: Farigiraf|Farigiraf, L50, M, shiny|100/100
|move|p2b: Tauros|Wave Crash|p1a: Farigiraf
|-damage|p1a: Farigiraf|55/100
|-damage|p2b: Tauros|79/100|[from] Recoil
|move|p2a: Delphox|Calm Mind|p2a: Delphox
|-boost|p2a: Delphox|spa|1
|-boost|p2a: Delphox|spd|1
|cant|p1b: Sylveon|recharge
|
|upkeep
|turn|4
|inactive|mb gang has 30 seconds left.
|
|t:|1785441361
|switch|p1a: Charizard|Charizard, L50, M, shiny|100/100
|move|p2b: Tauros|Wave Crash|p1b: Sylveon
|-damage|p1b: Sylveon|42/100
|-damage|p2b: Tauros|59/100|[from] Recoil
|move|p2a: Delphox|Heat Wave|p1b: Sylveon|[spread] p1a
|-miss|p2a: Delphox|p1b: Sylveon
|-resisted|p1a: Charizard|1
|-damage|p1a: Charizard|64/100
|move|p1b: Sylveon|Hyper Voice|p2b: Tauros|[spread] p2a,p2b
|-resisted|p2a: Delphox|1
|-supereffective|p2b: Tauros|1
|-damage|p2a: Delphox|86/100
|-damage|p2b: Tauros|0 fnt
|faint|p2b: Tauros
|
|-sideend|p1: SunshineTufo|move: Tailwind
|upkeep
|
|t:|1785441373
|switch|p2b: Drampa|Drampa, L50, F|100/100
|-ability|p2b: Drampa|Cloud Nine
|turn|5
|inactive|mb gang has 30 seconds left.
|
|t:|1785441399
|move|p2b: Drampa|Helping Hand|p2a: Delphox
|-singleturn|p2a: Delphox|Helping Hand|[of] p2b: Drampa
|move|p1b: Sylveon|Detect|p1b: Sylveon
|-singleturn|p1b: Sylveon|Protect
|move|p2a: Delphox|Heat Wave|p1b: Sylveon|[spread] 
|-activate|p1b: Sylveon|move: Protect
|-miss|p2a: Delphox|p1a: Charizard
|move|p1a: Charizard|Heat Wave|p2a: Delphox|[spread] p2a,p2b
|-resisted|p2a: Delphox|1
|-resisted|p2b: Drampa|1
|-damage|p2a: Delphox|77/100
|-damage|p2b: Drampa|88/100
|
|upkeep
|turn|6
|
|t:|1785441412
|switch|p1b: Farigiraf|Farigiraf, L50, M, shiny|55/100
|move|p2b: Drampa|Helping Hand|p2a: Delphox
|-singleturn|p2a: Delphox|Helping Hand|[of] p2b: Drampa
|move|p2a: Delphox|Heat Wave|p1a: Charizard|[spread] p1a,p1b
|-resisted|p1a: Charizard|1
|-damage|p1a: Charizard|8/100
|-damage|p1b: Farigiraf|0 fnt
|faint|p1b: Farigiraf
|move|p1a: Charizard|Heat Wave|p2a: Delphox|[spread] p2a,p2b
|-resisted|p2a: Delphox|1
|-resisted|p2b: Drampa|1
|-damage|p2a: Delphox|68/100
|-damage|p2b: Drampa|74/100
|
|upkeep
|
|t:|1785441420
|switch|p1b: Aerodactyl|Aerodactyl, L50, M, shiny|100/100
|-ability|p1b: Aerodactyl|Unnerve
|turn|7
|inactive|mb gang has 30 seconds left.
|
|t:|1785441453
|detailschange|p1b: Aerodactyl|Aerodactyl-Mega, L50, M, shiny
|-mega|p1b: Aerodactyl|Aerodactyl|Aerodactylite
|move|p2b: Drampa|Helping Hand|p2a: Delphox
|-singleturn|p2a: Delphox|Helping Hand|[of] p2b: Drampa
|move|p1b: Aerodactyl|Rock Slide|p2b: Drampa|[spread] p2a,p2b
|-supereffective|p2a: Delphox|1
|-damage|p2a: Delphox|0 fnt
|-damage|p2b: Drampa|51/100
|faint|p2a: Delphox
|move|p1a: Charizard|Heat Wave|p2b: Drampa|[miss]
|-miss|p1a: Charizard|p2b: Drampa
|
|upkeep
|turn|8
|
|t:|1785441463
|move|p1b: Aerodactyl|Rock Slide|p2b: Drampa
|-damage|p2b: Drampa|19/100
|move|p1a: Charizard|Weather Ball|p2b: Drampa
|-damage|p2b: Drampa|6/100
|move|p2b: Drampa|Draco Meteor|p1b: Aerodactyl
|-damage|p1b: Aerodactyl|38/100
|-unboost|p2b: Drampa|spa|2
|
|upkeep
|turn|9
|-message|mb gang forfeited.
|
|win|SunshineTufo
|l|☆mb gang
|player|p2|
