|j|☆chimpum12
|j|☆Olciax34
|html|chimpum12Olciax34    
|uhtml|bestof|Game 1 of a best-of-3
|t:|1784278455
|gametype|doubles
|player|p1|chimpum12|169|1219
|player|p2|Olciax34|clair|1208
|gen|9
|tier|[Gen 9 Champions] VGC 2026 Reg M-B (Bo3)
|rated|
|rule|Species Clause: Limit one of each Pokémon
|rule|Item Clause: Limit 1 of each item
|clearpoke
|poke|p1|Venusaur, L50, M|
|poke|p1|Charizard, L50, M|
|poke|p1|Grimmsnarl, L50, M|
|poke|p1|Archaludon, L50, F|
|poke|p1|Basculegion, L50, M|
|poke|p1|Pelipper, L50, F|
|poke|p2|Garchomp, L50, F|
|poke|p2|Whimsicott, L50, F|
|poke|p2|Aegislash, L50, F|
|poke|p2|Incineroar, L50, M|
|poke|p2|Charizard, L50, M|
|poke|p2|Floette-Eternal, L50, F|
|teampreview|4
|showteam|p1|Venusaur||FocusSash|Chlorophyll|SludgeBomb,EarthPower,SleepPowder,Protect|Modest||M|||50|]Charizard||CharizarditeY|Blaze|Protect,HeatWave,SolarBeam,WeatherBall|Modest||M|||50|]Grimmsnarl||LightClay|Prankster|SpiritBreak,LightScreen,Reflect,PartingShot|Sassy||M|||50|]Archaludon||Leftovers|Stamina|ElectroShot,DragonPulse,FlashCannon,Protect|Calm||F|||50|]Basculegion||ChoiceScarf|Adaptability|WaveCrash,LastRespects,AquaJet,FlipTurn|Jolly||M|||50|]Pelipper||SitrusBerry|Drizzle|Hurricane,WeatherBall,Tailwind,WideGuard|Modest||F|||50|
|showteam|p2|Garchomp||LifeOrb|RoughSkin|RockSlide,Earthquake,DragonClaw,Protect|Jolly||F|||50|]Whimsicott||FocusSash|Prankster|Moonblast,Tailwind,Encore,Protect|Timid||F|||50|]Aegislash||SpellTag|StanceChange|Poltergeist,IronHead,WideGuard,KingsShield|Adamant||F|||50|]Incineroar||SitrusBerry|Intimidate|FakeOut,ThroatChop,FlareBlitz,PartingShot|Careful||M|||50|]Charizard||CharizarditeY|SolarPower|HeatWave,WeatherBall,SolarBeam,Protect|Modest||M|||50|]Floette-Eternal||Floettite|FlowerVeil|Moonblast,LightofRuin,DazzlingGleam,Protect|Modest||F|||50|
|inactive|Battle timer is ON: inactive players will automatically lose when time's up. (requested by Olciax34)
|inactive|Olciax34 has 60 seconds left.
|inactive|Olciax34 has 30 seconds left.
|
|t:|1784278540
|teamsize|p1|4
|teamsize|p2|4
|start
|switch|p1a: Archaludon|Archaludon, L50, F|100/100
|switch|p1b: Basculegion|Basculegion, L50, M|100/100
|switch|p2a: Garchomp|Garchomp, L50, F|100/100
|switch|p2b: Whimsicott|Whimsicott, L50, F|100/100
|turn|1
|inactive|chimpum12 has 30 seconds left.
|inactive|Olciax34 has 30 seconds left.
|inactive|chimpum12 has 20 seconds left.
|inactive|Olciax34 has 20 seconds left.
|inactive|chimpum12 has 15 seconds left.
|
|t:|1784278582
|move|p2b: Whimsicott|Tailwind|p2b: Whimsicott
|-sidestart|p2: Olciax34|move: Tailwind
|move|p2a: Garchomp|Earthquake|p1a: Archaludon|[spread] p2b,p1a,p1b
|-resisted|p2b: Whimsicott|1
|-supereffective|p1a: Archaludon|1
|-damage|p2b: Whimsicott|61/100
|-damage|p1a: Archaludon|20/100y
|-damage|p1b: Basculegion|43/100
|-ability|p1a: Archaludon|Stamina|boost
|-boost|p1a: Archaludon|def|1
|-damage|p2a: Garchomp|90/100|[from] item: Life Orb
|move|p1b: Basculegion|Flip Turn|p2b: Whimsicott
|-resisted|p2b: Whimsicott|1
|-damage|p2b: Whimsicott|32/100
|
|t:|1784278593
|switch|p1b: Pelipper|Pelipper, L50, F|100/100|[from] Flip Turn
|-weather|RainDance|[from] ability: Drizzle|[of] p1b: Pelipper
|move|p1a: Archaludon|Electro Shot||[still]
|-prepare|p1a: Archaludon|Electro Shot
|-boost|p1a: Archaludon|spa|1
|-anim|p1a: Archaludon|Electro Shot|p2b: Whimsicott
|-resisted|p2b: Whimsicott|1
|-damage|p2b: Whimsicott|0 fnt
|faint|p2b: Whimsicott
|
|-weather|RainDance|[upkeep]
|-heal|p1a: Archaludon|26/100|[from] item: Leftovers
|upkeep
|
|t:|1784278606
|switch|p2b: Charizard|Charizard, L50, M|100/100
|turn|2
|
|t:|1784278616
|detailschange|p2b: Charizard|Charizard-Mega-Y, L50, M
|-mega|p2b: Charizard|Charizard|Charizardite Y
|-weather|SunnyDay|[from] ability: Drought|[of] p2b: Charizard
|move|p1a: Archaludon|Protect|p1a: Archaludon
|-singleturn|p1a: Archaludon|Protect
|move|p2a: Garchomp|Dragon Claw|p1b: Pelipper
|-damage|p1b: Pelipper|35/100
|-enditem|p1b: Pelipper|Sitrus Berry|[eat]
|-heal|p1b: Pelipper|60/100|[from] item: Sitrus Berry
|-damage|p2a: Garchomp|80/100|[from] item: Life Orb
|move|p2b: Charizard|Weather Ball|p1a: Archaludon
|-activate|p1a: Archaludon|move: Protect
|move|p1b: Pelipper|Tailwind|p1b: Pelipper
|-sidestart|p1: chimpum12|move: Tailwind
|
|-weather|SunnyDay|[upkeep]
|-heal|p1a: Archaludon|32/100|[from] item: Leftovers
|upkeep
|turn|3
|inactive|chimpum12 has 30 seconds left.
|
|t:|1784278644
|switch|p1b: Basculegion|Basculegion, L50, M|43/100
|move|p2a: Garchomp|Dragon Claw|p1b: Basculegion
|-damage|p1b: Basculegion|0 fnt
|faint|p1b: Basculegion
|-damage|p2a: Garchomp|70/100|[from] item: Life Orb
|move|p2b: Charizard|Weather Ball|p1a: Archaludon
|-damage|p1a: Archaludon|0 fnt
|faint|p1a: Archaludon
|
|-weather|SunnyDay|[upkeep]
|upkeep
|
|t:|1784278658
|switch|p1b: Venusaur|Venusaur, L50, M|100/100
|switch|p1a: Pelipper|Pelipper, L50, F|60/100
|-weather|RainDance|[from] ability: Drizzle|[of] p1a: Pelipper
|turn|4
|
|t:|1784278670
|switch|p2b: Aegislash|Aegislash, L50, F|100/100
|move|p2a: Garchomp|Protect|p2a: Garchomp
|-singleturn|p2a: Garchomp|Protect
|move|p1b: Venusaur|Sleep Powder|p2a: Garchomp
|-activate|p2a: Garchomp|move: Protect
|move|p1a: Pelipper|Weather Ball|p2b: Aegislash
|-damage|p2b: Aegislash|47/100
|
|-weather|RainDance|[upkeep]
|-sideend|p2: Olciax34|move: Tailwind
|upkeep
|turn|5
|
|t:|1784278688
|move|p1b: Venusaur|Sleep Powder|p2a: Garchomp|[miss]
|-miss|p1b: Venusaur|p2a: Garchomp
|move|p1a: Pelipper|Weather Ball|p2b: Aegislash
|-damage|p2b: Aegislash|0 fnt
|faint|p2b: Aegislash
|move|p2a: Garchomp|Rock Slide|p1a: Pelipper|[spread] p1a,p1b
|-supereffective|p1a: Pelipper|1
|-damage|p1a: Pelipper|2/100
|-damage|p1b: Venusaur|63/100
|-damage|p2a: Garchomp|61/100|[from] item: Life Orb
|
|-weather|RainDance|[upkeep]
|-sideend|p1: chimpum12|move: Tailwind
|upkeep
|
|t:|1784278699
|switch|p2b: Charizard|Charizard-Mega-Y, L50, M|100/100
|-weather|SunnyDay|[from] ability: Drought|[of] p2b: Charizard
|turn|6
|
|t:|1784278712
|move|p1b: Venusaur|Sleep Powder|p2b: Charizard
|-status|p2b: Charizard|slp|[from] move: Sleep Powder
|move|p2a: Garchomp|Dragon Claw|p1b: Venusaur
|-damage|p1b: Venusaur|0 fnt
|faint|p1b: Venusaur
|-damage|p2a: Garchomp|51/100|[from] item: Life Orb
|cant|p2b: Charizard|slp
|move|p1a: Pelipper|Weather Ball|p2a: Garchomp
|-resisted|p2a: Garchomp|1
|-damage|p2a: Garchomp|25/100
|
|-weather|SunnyDay|[upkeep]
|upkeep
|turn|7
|
|t:|1784278727
|move|p2a: Garchomp|Dragon Claw|p1a: Pelipper
|-damage|p1a: Pelipper|0 fnt
|faint|p1a: Pelipper
|-damage|p2a: Garchomp|16/100|[from] item: Life Orb
|
|win|Olciax34
||chimpum12 is ready for game 2.
|inactive|Olciax34 has 30 seconds to confirm battle start!
||Olciax34 is ready for game 2.
|uhtml|next|Next: Game 2 of 3
