|j|☆new mental
|j|☆il mule
|html|new mentalil mule    
|uhtml|bestof|Game 1 of a best-of-3
|t:|1783331298
|gametype|doubles
|player|p1|new mental|volkner|1420
|player|p2|il mule|169|1486
|gen|9
|tier|[Gen 9 Champions] VGC 2026 Reg M-B (Bo3)
|rated|
|rule|Species Clause: Limit one of each Pokémon
|rule|Item Clause: Limit 1 of each item
|clearpoke
|poke|p1|Aerodactyl, L50, F|
|poke|p1|Garchomp, L50, M|
|poke|p1|Kingambit, L50, F|
|poke|p1|Charizard, L50, F|
|poke|p1|Sylveon, L50, F|
|poke|p1|Farigiraf, L50, F|
|poke|p2|Excadrill, L50, F|
|poke|p2|Tyranitar, L50, M|
|poke|p2|Sneasler, L50, M|
|poke|p2|Incineroar, L50, M|
|poke|p2|Froslass, L50, F|
|poke|p2|Sinistcha, L50|
|teampreview|4
|showteam|p1|Aerodactyl||Aerodactylite|Unnerve|IceFang,RockSlide,Tailwind,DualWingbeat|Jolly||F|||50|]Garchomp||LifeOrb|RoughSkin|DragonClaw,StompingTantrum,Earthquake,Protect|Jolly||M|||50|]Kingambit||FocusSash|Defiant|SuckerPunch,KowtowCleave,IronHead,LowKick|Adamant||F|||50|]Charizard||CharizarditeY|SolarPower|Protect,HeatWave,SolarBeam,WeatherBall|Timid||F|||50|]Sylveon||FairyFeather|Pixilate|Protect,HyperVoice,HyperBeam,QuickAttack|Modest||F|||50|]Farigiraf||SitrusBerry|ArmorTail|TrickRoom,Thunderbolt,Psychic,Roar|Bold||F|||50|
|showteam|p2|Excadrill||FocusSash|SandRush|HighHorsepower,RockSlide,IronHead,Protect|Adamant||F|||50|]Tyranitar||Tyranitarite|SandStream|KnockOff,RockSlide,DragonDance,Protect|Adamant||M|||50|]Sneasler||WhiteHerb|Unburden|CloseCombat,DireClaw,Coaching,FakeOut|Jolly||M|||50|]Incineroar||SitrusBerry|Intimidate|FlareBlitz,HelpingHand,PartingShot,FakeOut|Impish||M|||50|]Froslass||Froslassite|CursedBody|Blizzard,ShadowBall,NastyPlot,Protect|Timid||F|||50|]Sinistcha||ColburBerry|Hospitality|MatchaGotcha,ShadowBall,RagePowder,Protect|Bold|||||50|
|c|☆il mule|mamba mentality
|j| lakaka siuuu
|c|☆il mule|bravo
|c|☆new mental|xdddd
|c| lakaka siuuu|occhio al trappolone
|inactive|Battle timer is ON: inactive players will automatically lose when time's up. (requested by il mule)
|c|☆new mental|Ho giocato con te l'altro giorno
|
|t:|1783331384
|teamsize|p1|4
|teamsize|p2|4
|start
|switch|p1a: Garchomp|Garchomp, L50, M|100/100
|switch|p1b: Sylveon|Sylveon, L50, F|100/100
|switch|p2a: Gervasoni|Excadrill, L50, F|100/100
|switch|p2b: Quando provo|Tyranitar, L50, M|100/100
|-weather|Sandstorm|[from] ability: Sand Stream|[of] p2b: Quando provo
|turn|1
|j| Tridello
|
|t:|1783331405
|switch|p2a: Sidy|Incineroar, L50, M|100/100
|-ability|p2a: Sidy|Intimidate|boost
|-unboost|p1a: Garchomp|atk|1
|-unboost|p1b: Sylveon|atk|1
|move|p2b: Quando provo|Protect|p2b: Quando provo
|-singleturn|p2b: Quando provo|Protect
|move|p1b: Sylveon|Protect|p1b: Sylveon
|-singleturn|p1b: Sylveon|Protect
|move|p1a: Garchomp|Earthquake|p2b: Quando provo|[spread] p2a
|-activate|p1b: Sylveon|move: Protect
|-activate|p2b: Quando provo|move: Protect
|-supereffective|p2a: Sidy|1
|-damage|p2a: Sidy|56/100
|-damage|p1a: Garchomp|90/100|[from] item: Life Orb
|
|-weather|Sandstorm|[upkeep]
|-damage|p1b: Sylveon|93/100|[from] Sandstorm
|-damage|p2a: Sidy|50/100g|[from] Sandstorm
|upkeep
|turn|2
|
|t:|1783331418
|switch|p1a: Farigiraf|Farigiraf, L50, F|100/100
|detailschange|p2b: Quando provo|Tyranitar-Mega, L50, M
|-mega|p2b: Quando provo|Tyranitar|Tyranitarite
|move|p2a: Sidy|Fake Out||[still]
|cant|p1a: Farigiraf|ability: Armor Tail|Fake Out|[of] p2a: Sidy
|move|p2b: Quando provo|Dragon Dance|p2b: Quando provo
|-boost|p2b: Quando provo|atk|1
|-boost|p2b: Quando provo|spe|1
|move|p1b: Sylveon|Hyper Voice|p2b: Quando provo|[spread] p2a,p2b
|-supereffective|p2b: Quando provo|1
|-damage|p2a: Sidy|8/100
|-damage|p2b: Quando provo|51/100
|-enditem|p2a: Sidy|Sitrus Berry|[eat]
|-heal|p2a: Sidy|33/100|[from] item: Sitrus Berry
|
|-weather|Sandstorm|[upkeep]
|-damage|p1b: Sylveon|87/100|[from] Sandstorm
|-damage|p1a: Farigiraf|94/100|[from] Sandstorm
|-damage|p2a: Sidy|27/100|[from] Sandstorm
|upkeep
|turn|3
|
|t:|1783331440
|move|p2a: Sidy|Helping Hand|p2b: Quando provo
|-singleturn|p2b: Quando provo|Helping Hand|[of] p2a: Sidy
|move|p2b: Quando provo|Rock Slide|p1b: Sylveon|[spread] p1a,p1b
|-damage|p1a: Farigiraf|35/100
|-damage|p1b: Sylveon|10/100
|-enditem|p1a: Farigiraf|Sitrus Berry|[eat]
|-heal|p1a: Farigiraf|60/100|[from] item: Sitrus Berry
|move|p1b: Sylveon|Hyper Voice|p2b: Quando provo|[spread] p2a,p2b
|-supereffective|p2b: Quando provo|1
|-damage|p2a: Sidy|0 fnt
|-damage|p2b: Quando provo|1/100
|faint|p2a: Sidy
|cant|p1a: Farigiraf|flinch
|
|-weather|Sandstorm|[upkeep]
|-damage|p1b: Sylveon|4/100|[from] Sandstorm
|-damage|p1a: Farigiraf|54/100|[from] Sandstorm
|upkeep
|
|t:|1783331452
|switch|p2a: la sburè|Sinistcha, L50|100/100
|-heal|p2b: Quando provo|26/100|[from] ability: Hospitality|[of] p2a: la sburè
|turn|4
|
|t:|1783331464
|switch|p2a: Gervasoni|Excadrill, L50, F|100/100
|move|p2b: Quando provo|Rock Slide|p1a: Farigiraf|[spread] p1a,p1b
|-damage|p1a: Farigiraf|18/100
|-damage|p1b: Sylveon|0 fnt
|faint|p1b: Sylveon
|cant|p1a: Farigiraf|flinch
|
|-weather|Sandstorm|[upkeep]
|-damage|p1a: Farigiraf|12/100|[from] Sandstorm
|upkeep
|c| lakaka siuuu|boh
|
|t:|1783331480
|switch|p1b: Charizard|Charizard, L50, F|100/100
|turn|5
|
|t:|1783331494
|detailschange|p1b: Charizard|Charizard-Mega-Y, L50, F
|-mega|p1b: Charizard|Charizard|Charizardite Y
|-weather|SunnyDay|[from] ability: Drought|[of] p1b: Charizard
|move|p2b: Quando provo|Rock Slide|p1a: Farigiraf|[spread] p1a,p1b
|-supereffective|p1b: Charizard|2
|-damage|p1a: Farigiraf|0 fnt
|-damage|p1b: Charizard|0 fnt
|faint|p1a: Farigiraf
|faint|p1b: Charizard
|move|p2a: Gervasoni|High Horsepower|p1: Farigiraf|[notarget]
|-fail|p2a: Gervasoni
|
|-weather|SunnyDay|[upkeep]
|upkeep
|
|t:|1783331501
|switch|p1b: Garchomp|Garchomp, L50, M|90/100
|turn|6
|
|t:|1783331507
|switch|p2a: la sburè|Sinistcha, L50|100/100
|-heal|p2b: Quando provo|50/100g|[from] ability: Hospitality|[of] p2a: la sburè
|move|p2b: Quando provo|Knock Off|p1b: Garchomp
|-damage|p1b: Garchomp|9/100
|-damage|p2b: Quando provo|38/100|[from] ability: Rough Skin|[of] p1b: Garchomp
|-enditem|p1b: Garchomp|Life Orb|[from] move: Knock Off|[of] p2b: Quando provo
|move|p1b: Garchomp|Earthquake|p2b: Quando provo|[spread] p2a,p2b
|-resisted|p2a: la sburè|1
|-supereffective|p2b: Quando provo|1
|-damage|p2a: la sburè|84/100
|-damage|p2b: Quando provo|0 fnt
|faint|p2b: Quando provo
|
|-weather|SunnyDay|[upkeep]
|upkeep
|
|t:|1783331514
|switch|p2b: Gervasoni|Excadrill, L50, F|100/100
|turn|7
|
|t:|1783331516
|move|p1b: Garchomp|Earthquake|p2a: la sburè|[spread] p2a,p2b
|-resisted|p2a: la sburè|1
|-supereffective|p2b: Gervasoni|1
|-damage|p2a: la sburè|67/100
|-damage|p2b: Gervasoni|1/100
|move|p2b: Gervasoni|Iron Head|p1b: Garchomp
|-damage|p1b: Garchomp|0 fnt
|-damage|p2b: Gervasoni|0 fnt|[from] ability: Rough Skin|[of] p1b: Garchomp
|faint|p1b: Garchomp
|faint|p2b: Gervasoni
|
|win|il mule
||il mule is ready for game 2.
||new mental is ready for game 2.
|uhtml|next|Next: Game 2 of 3
|l|☆il mule
|player|p2|
|l| lakaka siuuu
