|j|☆HyphyJavi
|j|☆stitchasaurus_
|html|HyphyJavistitchasaurus_    
|uhtml|bestof|Game 3 of a best-of-3
|t:|1756580113
|gametype|doubles
|player|p1|HyphyJavi|dancer|
|player|p2|stitchasaurus_|1|
|gen|9
|tier|[Gen 9] VGC 2025 Reg H (Bo3)
|rule|Species Clause: Limit one of each Pokémon
|rule|Item Clause: Limit 1 of each item
|clearpoke
|poke|p1|Sneasler, L50, F|
|poke|p1|Indeedee, L50, M|
|poke|p1|Talonflame, L50, F|
|poke|p1|Ursaluna, L50, F|
|poke|p1|Amoonguss, L50, M|
|poke|p1|Ninetales, L50, F|
|poke|p2|Clefable, L50, M|
|poke|p2|Incineroar, L50, M|
|poke|p2|Ursaluna-Bloodmoon, L50, M|
|poke|p2|Rillaboom, L50, M|
|poke|p2|Gholdengo, L50|
|poke|p2|Dragonite, L50, F|
|teampreview|4
|showteam|p1|Sneasler||PsychicSeed|Unburden|DireClaw,CloseCombat,ThroatChop,RockSlide|||F|||50|,,,,,Stellar]Indeedee||FocusSash|PsychicSurge|Imprison,ExpandingForce,TrickRoom,ShadowBall|||M|||50|,,,,,Stellar]Talonflame||CovertCloak|GaleWings|DualWingbeat,FlareBlitz,Tailwind,Taunt|||F|||50|,,,,,Stellar]Ursaluna||FlameOrb|Guts|Earthquake,HeadlongRush,Facade,Protect|||F|||50|,,,,,Fairy]Amoonguss||IronBall|Regenerator|RagePowder,Spore,PollenPuff,Protect|||M|||50|,,,,,Water]Ninetales||Charcoal|Drought|HeatWave,HelpingHand,WillOWisp,Protect|||F|||50|,,,,,Flying
|showteam|p2|Clefable||CovertCloak|Unaware|Moonblast,MistyTerrain,FollowMe,Protect|||M|||50|,,,,,Water]Incineroar||AssaultVest|Intimidate|FlareBlitz,KnockOff,Uturn,FakeOut|||M|||50|,,,,,Grass]Ursaluna-Bloodmoon||LifeOrb|MindsEye|HyperVoice,EarthPower,BloodMoon,Protect|||M|||50|,,,,,Normal]Rillaboom||MiracleSeed|GrassySurge|WoodHammer,HighHorsepower,FakeOut,GrassyGlide|||M|||50|,,,,,Water]Gholdengo||GrassySeed|GoodasGold|NastyPlot,MakeItRain,ShadowBall,Protect||||||50|,,,,,Water]Dragonite||LoadedDice|InnerFocus|ScaleShot,Tailwind,Haze,StompingTantrum|||F|||50|,,,,,Fairy
|c|☆HyphyJavi|GLHF
|inactive|Battle timer is ON: inactive players will automatically lose when time's up. (requested by HyphyJavi)
|
|t:|1756580148
|teamsize|p1|4
|teamsize|p2|4
|start
|switch|p1a: Indeedee|Indeedee, L50, M|100/100
|switch|p1b: Sneasler|Sneasler, L50, F|100/100
|switch|p2a: Incineroar|Incineroar, L50, M|100/100
|switch|p2b: Dragonite|Dragonite, L50, F|100/100
|-fieldstart|move: Psychic Terrain|[from] ability: Psychic Surge|[of] p1a: Indeedee
|-enditem|p1b: Sneasler|Psychic Seed
|-boost|p1b: Sneasler|spd|1|[from] item: Psychic Seed
|-ability|p2a: Incineroar|Intimidate|boost
|-unboost|p1a: Indeedee|atk|1
|-unboost|p1b: Sneasler|atk|1
|turn|1
|inactive|stitchasaurus_ has 30 seconds left.
|inactive|stitchasaurus_ has 20 seconds left.
|
|t:|1756580184
|switch|p2b: Rillaboom|Rillaboom, L50, M|100/100
|-fieldstart|move: Grassy Terrain|[from] ability: Grassy Surge|[of] p2b: Rillaboom
|-terastallize|p1b: Sneasler|Stellar
|move|p1b: Sneasler|Close Combat|p2a: Incineroar
|-supereffective|p2a: Incineroar
|-damage|p2a: Incineroar|0 fnt
|-unboost|p1b: Sneasler|def|1
|-unboost|p1b: Sneasler|spd|1
|faint|p2a: Incineroar
|move|p1a: Indeedee|Expanding Force|p2b: Rillaboom
|-damage|p2b: Rillaboom|60/100
|
|-heal|p2b: Rillaboom|66/100|[from] Grassy Terrain
|upkeep
|
|t:|1756580198
|switch|p2a: Dragonite|Dragonite, L50, F|100/100
|turn|2
|inactive|HyphyJavi has 30 seconds left.
|
|t:|1756580228
|switch|p1a: Talonflame|Talonflame, L50, F|100/100
|move|p2b: Rillaboom|Fake Out|p1b: Sneasler
|-damage|p1b: Sneasler|65/100
|cant|p1b: Sneasler|flinch
|move|p2a: Dragonite|Scale Shot|p1b: Sneasler
|-damage|p1b: Sneasler|29/100
|-damage|p1b: Sneasler|0 fnt
|faint|p1b: Sneasler
|-hitcount|p1: Sneasler|2
|-unboost|p2a: Dragonite|def|1
|-boost|p2a: Dragonite|spe|1
|
|-heal|p2b: Rillaboom|72/100|[from] Grassy Terrain
|upkeep
|
|t:|1756580242
|switch|p1b: Indeedee|Indeedee, L50, M|100/100
|-fieldstart|move: Psychic Terrain|[from] ability: Psychic Surge|[of] p1b: Indeedee
|turn|3
|inactive|HyphyJavi has 30 seconds left.
|
|t:|1756580268
|switch|p2b: Gholdengo|Gholdengo, L50|100/100
|move|p1a: Talonflame|Tailwind|p1a: Talonflame
|-sidestart|p1: HyphyJavi|move: Tailwind
|move|p1b: Indeedee|Expanding Force|p2a: Dragonite|[spread] p2a,p2b
|-resisted|p2b: Gholdengo
|-damage|p2a: Dragonite|38/100
|-damage|p2b: Gholdengo|74/100
|move|p2a: Dragonite|Scale Shot|p1a: Talonflame
|-damage|p1a: Talonflame|78/100
|-crit|p1a: Talonflame
|-damage|p1a: Talonflame|43/100
|-damage|p1a: Talonflame|20/100
|-damage|p1a: Talonflame|0 fnt
|faint|p1a: Talonflame
|-hitcount|p1: Talonflame|4
|-unboost|p2a: Dragonite|def|1
|-boost|p2a: Dragonite|spe|1
|
|upkeep
|
|t:|1756580284
|switch|p1a: Ursaluna|Ursaluna, L50, F|100/100
|turn|4
|inactive|stitchasaurus_ has 30 seconds left.
|inactive|stitchasaurus_ has 20 seconds left.
|
|t:|1756580326
|move|p2b: Gholdengo|Protect|p2b: Gholdengo
|-singleturn|p2b: Gholdengo|Protect
|move|p1b: Indeedee|Expanding Force|p2b: Gholdengo|[spread] p2a
|-activate|p2b: Gholdengo|move: Protect
|-damage|p2a: Dragonite|0 fnt
|faint|p2a: Dragonite
|move|p1a: Ursaluna|Headlong Rush|p2b: Gholdengo
|-activate|p2b: Gholdengo|move: Protect
|
|-status|p1a: Ursaluna|brn|[from] item: Flame Orb
|upkeep
|
|t:|1756580336
|switch|p2a: Rillaboom|Rillaboom, L50, M|72/100
|-fieldstart|move: Grassy Terrain|[from] ability: Grassy Surge|[of] p2a: Rillaboom
|-enditem|p2b: Gholdengo|Grassy Seed
|-boost|p2b: Gholdengo|def|1|[from] item: Grassy Seed
|turn|5
|
|t:|1756580350
|-terastallize|p2b: Gholdengo|Water
|move|p2a: Rillaboom|Fake Out|p1a: Ursaluna
|-damage|p1a: Ursaluna|90/100 brn
|move|p1b: Indeedee|Shadow Ball|p2b: Gholdengo
|-crit|p2b: Gholdengo
|-damage|p2b: Gholdengo|32/100
|cant|p1a: Ursaluna|flinch
|move|p2b: Gholdengo|Nasty Plot|p2b: Gholdengo
|-boost|p2b: Gholdengo|spa|2
|
|-heal|p1a: Ursaluna|96/100 brn|[from] Grassy Terrain
|-heal|p2b: Gholdengo|39/100|[from] Grassy Terrain
|-heal|p2a: Rillaboom|77/100|[from] Grassy Terrain
|-damage|p1a: Ursaluna|90/100 brn|[from] brn
|upkeep
|turn|6
|inactive|HyphyJavi has 30 seconds left.
|inactive|HyphyJavi has 20 seconds left.
|
|t:|1756580390
|move|p2b: Gholdengo|Protect|p2b: Gholdengo
|-singleturn|p2b: Gholdengo|Protect
|move|p2a: Rillaboom|Grassy Glide|p1b: Indeedee
|-damage|p1b: Indeedee|6/100
|move|p1a: Ursaluna|Facade|p2a: Rillaboom
|-damage|p2a: Rillaboom|0 fnt
|faint|p2a: Rillaboom
|move|p1b: Indeedee|Trick Room|p1b: Indeedee
|-fieldstart|move: Trick Room|[of] p1b: Indeedee
|
|-heal|p2b: Gholdengo|45/100|[from] Grassy Terrain
|-heal|p1a: Ursaluna|96/100 brn|[from] Grassy Terrain
|-heal|p1b: Indeedee|12/100|[from] Grassy Terrain
|-damage|p1a: Ursaluna|90/100 brn|[from] brn
|-sideend|p1: HyphyJavi|move: Tailwind
|upkeep
|turn|7
|
|t:|1756580405
|move|p1a: Ursaluna|Facade|p2b: Gholdengo
|-damage|p2b: Gholdengo|0 fnt
|faint|p2b: Gholdengo
|
|win|HyphyJavi
|c|☆HyphyJavi|ggs
|c|☆stitchasaurus_|gg
|c|☆HyphyJavi|That was reaaaaally close
|c|☆stitchasaurus_|yea
|c|☆HyphyJavi|Had me sweating bullets
|c|☆stitchasaurus_|same same
|c|☆HyphyJavi|I'm very curious to look at the game 2 replay
