|j|☆Ossi1590
|j|☆sille rovert
|html|Ossi1590sille rovert    
|uhtml|bestof|Game 1 of a best-of-3
|t:|1783524536
|gametype|doubles
|player|p1|Ossi1590|colress|1328
|player|p2|sille rovert|trevor|1344
|gen|9
|tier|[Gen 9 Champions] VGC 2026 Reg M-B (Bo3)
|rated|
|rule|Species Clause: Limit one of each Pokémon
|rule|Item Clause: Limit 1 of each item
|clearpoke
|poke|p1|Raichu, L50, M|
|poke|p1|Mawile, L50, M|
|poke|p1|Sinistcha, L50|
|poke|p1|Ceruledge, L50, F|
|poke|p1|Milotic, L50, M|
|poke|p1|Incineroar, L50, M|
|poke|p2|Sinistcha, L50|
|poke|p2|Incineroar, L50, M|
|poke|p2|Ninetales-Alola, L50, F|
|poke|p2|Raichu, L50, M|
|poke|p2|Blastoise, L50, F|
|poke|p2|Ceruledge, L50, M|
|teampreview|4
|showteam|p1|Raichu||RaichuniteY|LightningRod|ZapCannon,FocusBlast,FakeOut,Protect|Timid||M|||50|]Mawile||Mawilite|HyperCutter|PlayRough,SuckerPunch,SwordsDance,Protect|Adamant||M|||50|]Sinistcha||KasibBerry|Hospitality|MatchaGotcha,LifeDew,RagePowder,Protect|Relaxed|||||50|]Ceruledge||ColburBerry|FlashFire|BitterBlade,ShadowSneak,BulkUp,Protect|Adamant||F|||50|]Milotic||Leftovers|Competitive|MuddyWater,Coil,Hypnosis,Protect|Calm||M|||50|]Incineroar||SitrusBerry|Intimidate|FlareBlitz,ThroatChop,FakeOut,PartingShot|Impish||M|||50|
|showteam|p2|Sinistcha||KasibBerry|Hospitality|MatchaGotcha,LifeDew,RagePowder,Protect|Relaxed|||||50|]Incineroar||SitrusBerry|Intimidate|FlareBlitz,ThroatChop,FakeOut,PartingShot|Impish||M|||50|]Ninetales-Alola||NeverMeltIce|SnowWarning|Blizzard,FreezeDry,Encore,Protect|Timid||F|||50|]Raichu||RaichuniteY|LightningRod|ZapCannon,FocusBlast,FakeOut,Protect|Timid||M|||50|]Blastoise||Blastoisinite|RainDish|WaterSpout,DarkPulse,ShellSmash,Protect|Modest||F|||50|]Ceruledge||ColburBerry|FlashFire|BitterBlade,ShadowSneak,BulkUp,Protect|Adamant||M|||50|
|
|t:|1783524570
|teamsize|p1|4
|teamsize|p2|4
|start
|switch|p1a: Incineroar|Incineroar, L50, M|100/100
|switch|p1b: Milotic|Milotic, L50, M|100/100
|switch|p2a: Rat|Raichu, L50, M|100/100
|switch|p2b: Tortuga|Blastoise, L50, F|100/100
|-ability|p1a: Incineroar|Intimidate|boost
|-unboost|p2a: Rat|atk|1
|-unboost|p2b: Tortuga|atk|1
|turn|1
|inactive|Battle timer is ON: inactive players will automatically lose when time's up. (requested by Ossi1590)
|
|t:|1783524627
|switch|p1a: Raichu|Raichu, L50, M|100/100
|detailschange|p2b: Tortuga|Blastoise-Mega, L50, F
|-mega|p2b: Tortuga|Blastoise|Blastoisinite
|move|p2a: Rat|Fake Out|p1a: Raichu
|-damage|p1a: Raichu|91/100
|move|p2b: Tortuga|Shell Smash|p2b: Tortuga
|-unboost|p2b: Tortuga|def|1
|-unboost|p2b: Tortuga|spd|1
|-boost|p2b: Tortuga|atk|2
|-boost|p2b: Tortuga|spa|2
|-boost|p2b: Tortuga|spe|2
|move|p1b: Milotic|Coil|p1b: Milotic
|-boost|p1b: Milotic|atk|1
|-boost|p1b: Milotic|def|1
|-boost|p1b: Milotic|accuracy|1
|
|upkeep
|turn|2
|inactive|Ossi1590 has 30 seconds left.
|
|t:|1783524654
|switch|p2a: HowManyMatchas?|Sinistcha, L50|100/100
|switch|p1a: Incineroar|Incineroar, L50, M|100/100
|-ability|p1a: Incineroar|Intimidate|boost
|-unboost|p2a: HowManyMatchas?|atk|1
|-unboost|p2b: Tortuga|atk|1
|move|p2b: Tortuga|Protect|p2b: Tortuga
|-singleturn|p2b: Tortuga|Protect
|move|p1b: Milotic|Hypnosis|p2a: HowManyMatchas?
|-status|p2a: HowManyMatchas?|slp|[from] move: Hypnosis
|
|upkeep
|turn|3
|
|t:|1783524673
|switch|p2a: Rat|Raichu, L50, M|100/100
|move|p2b: Tortuga|Protect||[still]
|-fail|p2b: Tortuga
|move|p1a: Incineroar|Fake Out|p2b: Tortuga
|-damage|p2b: Tortuga|85/100
|move|p1b: Milotic|Hypnosis|p2b: Tortuga
|-status|p2b: Tortuga|slp|[from] move: Hypnosis
|
|upkeep
|turn|4
|
|t:|1783524683
|move|p2a: Rat|Fake Out|p1b: Milotic
|-damage|p1b: Milotic|95/100
|cant|p2b: Tortuga|slp
|cant|p1b: Milotic|flinch
|move|p1a: Incineroar|Throat Chop|p2b: Tortuga
|-damage|p2b: Tortuga|41/100 slp
|-start|p2b: Tortuga|Throat Chop|[silent]
|
|-heal|p1b: Milotic|100/100|[from] item: Leftovers
|upkeep
|turn|5
|
|t:|1783524698
|switch|p2a: HowManyMatchas?|Sinistcha, L50|100/100 slp
|-heal|p2b: Tortuga|65/100 slp|[from] ability: Hospitality|[of] p2a: HowManyMatchas?
|switch|p1a: Raichu|Raichu, L50, M|91/100
|cant|p2b: Tortuga|slp
|move|p1b: Milotic|Hypnosis|p2a: HowManyMatchas?|[miss]
|-miss|p1b: Milotic|p2a: HowManyMatchas?
|
|-end|p2b: Tortuga|Throat Chop|[silent]
|upkeep
|turn|6
|
|t:|1783524710
|switch|p2a: Rat|Raichu, L50, M|100/100
|detailschange|p1a: Raichu|Raichu-Mega-Y, L50, M
|-mega|p1a: Raichu|Raichu|Raichunite Y
|-curestatus|p2b: Tortuga|slp|[msg]
|move|p2b: Tortuga|Protect|p2b: Tortuga
|-singleturn|p2b: Tortuga|Protect
|move|p1a: Raichu|Focus Blast|p2b: Tortuga
|-activate|p2b: Tortuga|move: Protect
|move|p1b: Milotic|Muddy Water|p2a: Rat|[spread] p2a
|-activate|p2b: Tortuga|move: Protect
|-crit|p2a: Rat
|-damage|p2a: Rat|52/100
|
|upkeep
|turn|7
|
|t:|1783524733
|move|p2a: Rat|Fake Out|p1b: Milotic
|-damage|p1b: Milotic|95/100
|move|p2b: Tortuga|Shell Smash|p2b: Tortuga
|-unboost|p2b: Tortuga|def|1
|-unboost|p2b: Tortuga|spd|1
|-boost|p2b: Tortuga|atk|2
|-boost|p2b: Tortuga|spa|2
|-boost|p2b: Tortuga|spe|2
|move|p1a: Raichu|Zap Cannon|p2a: Rat
|-activate|p2a: Rat|ability: Lightning Rod
|-ability|p2a: Rat|Lightning Rod|boost
|-boost|p2a: Rat|spa|1
|cant|p1b: Milotic|flinch
|
|-heal|p1b: Milotic|100/100|[from] item: Leftovers
|upkeep
|turn|8
|
|t:|1783524748
|switch|p2a: HowManyMatchas?|Sinistcha, L50|100/100 slp
|-heal|p2b: Tortuga|90/100|[from] ability: Hospitality|[of] p2a: HowManyMatchas?
|move|p1a: Raichu|Protect|p1a: Raichu
|-singleturn|p1a: Raichu|Protect
|move|p2b: Tortuga|Water Spout|p1b: Milotic|[spread] p1b
|-activate|p1a: Raichu|move: Protect
|-resisted|p1b: Milotic|1
|-damage|p1b: Milotic|44/100
|move|p1b: Milotic|Hypnosis|p2b: Tortuga
|-status|p2b: Tortuga|slp|[from] move: Hypnosis
|
|-heal|p1b: Milotic|50/100y|[from] item: Leftovers
|upkeep
|turn|9
|-message|sille rovert forfeited.
|
|win|Ossi1590
||sille rovert is ready for game 2.
||Ossi1590 is ready for game 2.
|uhtml|next|Next: Game 2 of 3
