|j|☆cbilla
|j|☆asbdsp
|html|cbillaasbdsp    
|uhtml|bestof|Game 1 of a best-of-3
|t:|1785675448
|gametype|doubles
|player|p1|cbilla|265|
|player|p2|asbdsp|170|
|gen|9
|tier|[Gen 9 Champions] VGC 2026 Reg M-B (Bo3)
|rule|Species Clause: Limit one of each Pokémon
|rule|Item Clause: Limit 1 of each item
|clearpoke
|poke|p1|Klefki, L50, M|
|poke|p1|Hippowdon, L50, M|
|poke|p1|Roserade, L50, F|
|poke|p1|Archaludon, L50, F, shiny|
|poke|p1|Staraptor, L50, F|
|poke|p1|Goodra-Hisui, L50, M|
|poke|p2|Floette-Eternal, L50, F|
|poke|p2|Garchomp, L50, M|
|poke|p2|Kingambit, L50, F|
|poke|p2|Sylveon, L50, F|
|poke|p2|Gallade, L50, M|
|poke|p2|Glimmora, L50, F|
|teampreview|4
|showteam|p1|Klefki||LightClay|Prankster|LightScreen,Reflect,DazzlingGleam,ThunderWave|Sassy||M|||50|]Hippowdon||SitrusBerry|SandStream|HighHorsepower,RockSlide,Yawn,Protect|Impish||M|||50|]Roserade||FocusSash|PoisonPoint|SludgeBomb,Charm,SleepPowder,Protect|Timid||F|||50|]Archaludon||Leftovers|Stamina|AuraSphere,FlashCannon,DracoMeteor,Protect|Modest||F|||50|]Staraptor||Staraptite|Intimidate|CloseCombat,BraveBird,Roost,Protect|Adamant||F|||50|]Goodra-Hisui||MetalCoat|Gooey|FlashCannon,Protect,Shelter,BodyPress|Calm||M|||50|
|showteam|p2|Floette-Eternal||Floettite|FlowerVeil|CalmMind,DazzlingGleam,Moonblast,Protect|Modest||F|||50|]Garchomp||LifeOrb|RoughSkin|DragonClaw,Earthquake,Protect,RockSlide|Jolly||M|||50|]Kingambit||OccaBerry|Defiant|IronHead,KowtowCleave,Protect,SuckerPunch|Adamant||F|||50|]Sylveon||FairyFeather|Pixilate|HyperVoice,Yawn,Detect,QuickAttack|Modest||F|||50|]Gallade||ExpertBelt|Sharpness|LeafBlade,PsychoCut,SacredSword,TrickRoom|Adamant||M|||50|]Glimmora||FocusSash|ToxicDebris|EarthPower,PowerGem,SludgeBomb,SpikyShield|Modest||F|||50|
|c|☆asbdsp|glhf!
|c|☆cbilla|glhf
|j| babayaga27
|c| babayaga27|glhf!
|
|t:|1785675558
|teamsize|p1|4
|teamsize|p2|4
|start
|switch|p1a: Klefki|Klefki, L50, M|100/100
|switch|p1b: Goodra|Goodra-Hisui, L50, M|100/100
|switch|p2a: Floette|Floette-Eternal, L50, F|100/100
|switch|p2b: Garchomp|Garchomp, L50, M|100/100
|turn|1
|
|t:|1785675610
|detailschange|p2a: Floette|Floette-Mega, L50, F
|-mega|p2a: Floette|Floette|Floettite
|-ability|p2a: Floette|Fairy Aura
|move|p2a: Floette|Protect|p2a: Floette
|-singleturn|p2a: Floette|Protect
|move|p1a: Klefki|Reflect|p1a: Klefki
|-sidestart|p1: cbilla|Reflect
|move|p2b: Garchomp|Earthquake|p1a: Klefki|[spread] p1a,p1b
|-activate|p2a: Floette|move: Protect
|-supereffective|p1a: Klefki|1
|-supereffective|p1b: Goodra|1
|-damage|p1a: Klefki|13/100
|-damage|p1b: Goodra|35/100
|-damage|p2b: Garchomp|90/100|[from] item: Life Orb
|move|p1b: Goodra|Shelter|p1b: Goodra
|-boost|p1b: Goodra|def|2
|
|upkeep
|turn|2
|
|t:|1785675681
|move|p1a: Klefki|Thunder Wave|p2a: Floette
|-status|p2a: Floette|par
|move|p2b: Garchomp|Dragon Claw|p1b: Goodra
|-damage|p1b: Goodra|18/100
|-ability|p1b: Goodra|Gooey
|-unboost|p2b: Garchomp|spe|1
|-damage|p2b: Garchomp|80/100|[from] item: Life Orb
|move|p1b: Goodra|Flash Cannon|p2a: Floette
|-supereffective|p2a: Floette|1
|-damage|p2a: Floette|36/100 par
|move|p2a: Floette|Calm Mind|p2a: Floette
|-boost|p2a: Floette|spa|1
|-boost|p2a: Floette|spd|1
|
|upkeep
|turn|3
|
|t:|1785675734
|move|p2a: Floette|Protect|p2a: Floette
|-singleturn|p2a: Floette|Protect
|move|p2b: Garchomp|Earthquake|p1b: Goodra|[spread] p1a,p1b
|-activate|p2a: Floette|move: Protect
|-supereffective|p1a: Klefki|1
|-supereffective|p1b: Goodra|1
|-damage|p1a: Klefki|0 fnt
|-damage|p1b: Goodra|0 fnt
|faint|p1a: Klefki
|faint|p1b: Goodra
|-damage|p2b: Garchomp|70/100|[from] item: Life Orb
|
|upkeep
|
|t:|1785675747
|switch|p1a: Staraptor|Staraptor, L50, F|100/100
|switch|p1b: Roserade|Roserade, L50, F|100/100
|-ability|p1a: Staraptor|Intimidate|boost
|-unboost|p2a: Floette|atk|1
|-unboost|p2b: Garchomp|atk|1
|turn|4
|c| babayaga27|LEZGOOO MEGA STARAPTOR
|
|t:|1785675803
|switch|p2b: Kingambit|Kingambit, L50, F|100/100
|switch|p2a: Sylveon|Sylveon, L50, F|100/100
|detailschange|p1a: Staraptor|Staraptor-Mega, L50, F
|-mega|p1a: Staraptor|Staraptor|Staraptite
|move|p1b: Roserade|Sludge Bomb|p2a: Sylveon
|-supereffective|p2a: Sylveon|1
|-damage|p2a: Sylveon|29/100
|move|p1a: Staraptor|Close Combat|p2b: Kingambit
|-supereffective|p2b: Kingambit|2
|-damage|p2b: Kingambit|0 fnt
|-boost|p1a: Staraptor|def|1
|-boost|p1a: Staraptor|spd|1
|faint|p2b: Kingambit
|
|upkeep
|
|t:|1785675832
|switch|p2b: Floette|Floette-Mega, L50, F|36/100 par
|-ability|p2b: Floette|Fairy Aura
|turn|5
|
|t:|1785675874
|move|p2b: Floette|Protect|p2b: Floette
|-singleturn|p2b: Floette|Protect
|move|p1b: Roserade|Sludge Bomb|p2a: Sylveon
|-supereffective|p2a: Sylveon|1
|-damage|p2a: Sylveon|0 fnt
|faint|p2a: Sylveon
|move|p1a: Staraptor|Close Combat|p2b: Floette
|-activate|p2b: Floette|move: Protect
|
|upkeep
|
|t:|1785675882
|switch|p2a: Garchomp|Garchomp, L50, M|70/100
|turn|6
|
|t:|1785675909
|move|p1a: Staraptor|Protect|p1a: Staraptor
|-singleturn|p1a: Staraptor|Protect
|move|p2a: Garchomp|Rock Slide|p1b: Roserade|[spread] p1b
|-activate|p1a: Staraptor|move: Protect
|-damage|p1b: Roserade|69/100
|-damage|p2a: Garchomp|61/100|[from] item: Life Orb
|cant|p1b: Roserade|flinch
|move|p2b: Floette|Dazzling Gleam|p1a: Staraptor|[spread] p1b
|-activate|p1a: Staraptor|move: Protect
|-resisted|p1b: Roserade|1
|-damage|p1b: Roserade|35/100
|
|upkeep
|turn|7
|
|t:|1785675946
|move|p1b: Roserade|Protect|p1b: Roserade
|-singleturn|p1b: Roserade|Protect
|move|p2a: Garchomp|Rock Slide|p1a: Staraptor|[spread] 
|-activate|p1b: Roserade|move: Protect
|-miss|p2a: Garchomp|p1a: Staraptor
|move|p1a: Staraptor|Close Combat|p2a: Garchomp
|-damage|p2a: Garchomp|0 fnt
|-boost|p1a: Staraptor|def|1
|-boost|p1a: Staraptor|spd|1
|-damage|p1a: Staraptor|88/100|[from] ability: Rough Skin|[of] p2a: Garchomp
|faint|p2a: Garchomp
|move|p2b: Floette|Dazzling Gleam|p1b: Roserade|[spread] p1a
|-activate|p1b: Roserade|move: Protect
|-supereffective|p1a: Staraptor|1
|-damage|p1a: Staraptor|32/100
|
|upkeep
|turn|8
|
|t:|1785675986
|move|p1b: Roserade|Sludge Bomb|p2b: Floette
|-supereffective|p2b: Floette|1
|-damage|p2b: Floette|0 fnt
|faint|p2b: Floette
|
|win|cbilla
|c|☆asbdsp|gg
|c| babayaga27|gg
|c|☆cbilla|gg
|inactive|cbilla has 30 seconds to confirm battle start!
|inactive|asbdsp has 30 seconds to confirm battle start!
||cbilla is ready for game 2.
|inactive|asbdsp has 20 seconds to confirm battle start!
||asbdsp is ready for game 2.
|uhtml|next|Next: Game 2 of 3
|l| babayaga27
