|j|â˜†PikaTROD
|j|â˜†AllHailCowMoo
|html|PikaTRODAllHailCowMoo    
|uhtml|bestof|Game 1 of a best-of-3
|t:|1757701716
|gametype|doubles
|player|p1|PikaTROD|266|1508
|player|p2|AllHailCowMoo|birdkeeper-gen4dp|1597
|gen|9
|tier|[Gen 9] VGC 2025 Reg H (Bo3)
|rated|
|rule|Species Clause: Limit one of each PokÃ©mon
|rule|Item Clause: Limit 1 of each item
|clearpoke
|poke|p1|Kingambit, L50, F|
|poke|p1|Primarina, L50, F|
|poke|p1|Sneasler, L50, M|
|poke|p1|Magmar, L50, F|
|poke|p1|Rillaboom, L50, M|
|poke|p1|Dragapult, L50, M|
|poke|p2|Whimsicott, L50, F|
|poke|p2|Smeargle, L50, M|
|poke|p2|Arcanine-Hisui, L50, F|
|poke|p2|Gholdengo, L50|
|poke|p2|Rillaboom, L50, M|
|poke|p2|Kommo-o, L50, F|
|teampreview|4
|showteam|p1|Kingambit||BlackGlasses|Defiant|KowtowCleave,SuckerPunch,SwordsDance,Protect|||F|||50|,,,,,Dark]Primarina||SitrusBerry|LiquidVoice|HyperVoice,Moonblast,Haze,Protect|||F|||50|,,,,,Water]Sneasler||FocusSash|Unburden|DireClaw,CloseCombat,FakeOut,Protect|||M|||50|,,,,,Stellar]Magmar||Eviolite|VitalSpirit|Overheat,WillOWisp,FollowMe,Protect|||F|||50|,,,,,Ghost]Rillaboom||AssaultVest|GrassySurge|WoodHammer,GrassyGlide,HighHorsepower,FakeOut|||M|||50|,,,,,Fire]Dragapult||ChoiceBand|ClearBody|DragonDarts,PhantomForce,Outrage,Uturn|||M|||50|,,,,,Dragon
|showteam|p2|Whimsicott||CovertCloak|Prankster|Moonblast,Tailwind,Encore,FakeTears|||F|||50|,,,,,Electric]Smeargle||FocusSash|Moody|Spore,Decorate,FollowMe,SpikyShield|||M|||50|,,,,,Ghost]Arcanine-Hisui||ClearAmulet|Intimidate|FlareBlitz,RockSlide,ExtremeSpeed,Protect|||F|||50|,,,,,Ghost]Gholdengo||MetalCoat|GoodasGold|MakeItRain,ShadowBall,NastyPlot,Protect||||||50|,,,,,Water]Rillaboom||AssaultVest|GrassySurge|WoodHammer,GrassyGlide,HighHorsepower,FakeOut|||M|||50|,,,,,Ghost]Kommo-o||LifeOrb|Soundproof|ClangingScales,AuraSphere,Flamethrower,Protect|||F|||50|,,,,,Fire
|inactive|Battle timer is ON: inactive players will automatically lose when time's up. (requested by AllHailCowMoo)
|inactive|PikaTROD has 60 seconds left.
|inactive|PikaTROD has 30 seconds left.
|
|t:|1757701785
|teamsize|p1|4
|teamsize|p2|4
|start
|switch|p1a: Dragapult|Dragapult, L50, M|100/100
|switch|p1b: Sneasler|Sneasler, L50, M|100/100
|switch|p2a: Leonardo|Smeargle, L50, M|100/100
|switch|p2b: Kommodo-MoÊ»o|Kommo-o, L50, F, shiny|100/100
|turn|1
|inactive|PikaTROD has 30 seconds left.
|inactive|PikaTROD has 20 seconds left.
|inactive|PikaTROD has 15 seconds left.
|
|t:|1757701827
|switch|p2b: Whim$|Whimsicott, L50, F, shiny|100/100
|move|p2a: Leonardo|Spiky Shield|p2a: Leonardo
|-singleturn|p2a: Leonardo|move: Protect
|move|p1a: Dragapult|Dragon Darts|p2b: Whim$
|-immune|p2b: Whim$
|move|p1b: Sneasler|Dire Claw|p2a: Leonardo
|-activate|p2a: Leonardo|move: Protect
|-damage|p1b: Sneasler|88/100|[from] Spiky Shield|[of] p2a: Leonardo
|
|-ability|p2a: Leonardo|Moody|boost
|-boost|p2a: Leonardo|def|2
|-unboost|p2a: Leonardo|atk|1
|upkeep
|turn|2
|inactive|PikaTROD has 30 seconds left.
|
|t:|1757701862
|move|p2b: Whim$|Tailwind|p2b: Whim$
|-sidestart|p2: AllHailCowMoo|move: Tailwind
|move|p2a: Leonardo|Spore|p1b: Sneasler
|-status|p1b: Sneasler|slp|[from] move: Spore
|move|p1a: Dragapult|Dragon Darts|p2a: Leonardo
|-damage|p2a: Leonardo|53/100
|-anim|p1a: Dragapult|Dragon Darts|p2a: Leonardo
|-damage|p2a: Leonardo|4/100
|cant|p1b: Sneasler|slp
|
|-ability|p2a: Leonardo|Moody|boost
|-boost|p2a: Leonardo|def|2
|-unboost|p2a: Leonardo|spd|1
|upkeep
|turn|3
|inactive|PikaTROD has 30 seconds left.
|
|t:|1757701892
|switch|p2b: Steely Dan|Gholdengo, L50|100/100
|move|p2a: Leonardo|Spore|p1a: Dragapult
|-status|p1a: Dragapult|slp|[from] move: Spore
|cant|p1a: Dragapult|slp
|cant|p1b: Sneasler|slp
|
|-ability|p2a: Leonardo|Moody|boost
|-boost|p2a: Leonardo|spe|2
|-unboost|p2a: Leonardo|spa|1
|upkeep
|turn|4
|
|t:|1757701908
|switch|p1a: Kingambit|Kingambit, L50, F|100/100
|move|p2a: Leonardo|Follow Me|p2a: Leonardo
|-singleturn|p2a: Leonardo|move: Follow Me
|move|p2b: Steely Dan|Nasty Plot|p2b: Steely Dan
|-boost|p2b: Steely Dan|spa|2
|-curestatus|p1b: Sneasler|slp|[msg]
|move|p1b: Sneasler|Dire Claw|p2a: Leonardo
|-damage|p2a: Leonardo|0 fnt
|faint|p2a: Leonardo
|
|upkeep
|
|t:|1757701912
|switch|p2a: Kommodo-MoÊ»o|Kommo-o, L50, F, shiny|100/100
|turn|5
|inactive|PikaTROD has 30 seconds left.
|inactive|AllHailCowMoo has 30 seconds left.
|inactive|PikaTROD has 20 seconds left.
|inactive|PikaTROD has 15 seconds left.
|inactive|AllHailCowMoo has 20 seconds left.
|inactive|PikaTROD has 10 seconds left.
|inactive|AllHailCowMoo has 15 seconds left.
|inactive|PikaTROD has 5 seconds left.
|inactive|AllHailCowMoo has 10 seconds left.
|
|t:|1757701965
|-terastallize|p2b: Steely Dan|Water
|move|p1a: Kingambit|Protect|p1a: Kingambit
|-singleturn|p1a: Kingambit|Protect
|move|p2a: Kommodo-MoÊ»o|Aura Sphere|p1a: Kingambit
|-activate|p1a: Kingambit|move: Protect
|move|p2b: Steely Dan|Make It Rain|p1a: Kingambit|[spread] p1b
|-activate|p1a: Kingambit|move: Protect
|-damage|p1b: Sneasler|0 fnt
|-unboost|p2b: Steely Dan|spa|1
|faint|p1b: Sneasler
|
|-sideend|p2: AllHailCowMoo|move: Tailwind
|upkeep
|
|t:|1757701979
|switch|p1b: Primarina|Primarina, L50, F|100/100
|turn|6
|
|t:|1757701991
|switch|p1a: Dragapult|Dragapult, L50, M|100/100 slp
|-terastallize|p1b: Primarina|Water
|move|p2a: Kommodo-MoÊ»o|Aura Sphere|p1a: Dragapult
|-immune|p1a: Dragapult
|move|p2b: Steely Dan|Make It Rain|p1a: Dragapult|[spread] p1a,p1b
|-resisted|p1b: Primarina
|-damage|p1a: Dragapult|0 fnt
|-damage|p1b: Primarina|65/100
|-unboost|p2b: Steely Dan|spa|1
|faint|p1a: Dragapult
|move|p1b: Primarina|Moonblast|p2a: Kommodo-MoÊ»o
|-supereffective|p2a: Kommodo-MoÊ»o
|-damage|p2a: Kommodo-MoÊ»o|0 fnt
|faint|p2a: Kommodo-MoÊ»o
|
|upkeep
|
|t:|1757702000
|switch|p1a: Kingambit|Kingambit, L50, F|100/100
|switch|p2a: Whim$|Whimsicott, L50, F, shiny|100/100
|turn|7
|
|t:|1757702024
|move|p2a: Whim$|Fake Tears|p1b: Primarina
|-unboost|p1b: Primarina|spd|2
|move|p2b: Steely Dan|Shadow Ball|p1b: Primarina
|-damage|p1b: Primarina|0 fnt
|faint|p1b: Primarina
|move|p1a: Kingambit|Kowtow Cleave|p2b: Steely Dan
|-damage|p2b: Steely Dan|42/100
|
|upkeep
|turn|8
|inactive|PikaTROD has 30 seconds left.
|
|t:|1757702056
|move|p2b: Steely Dan|Protect|p2b: Steely Dan
|-singleturn|p2b: Steely Dan|Protect
|move|p2a: Whim$|Moonblast|p1a: Kingambit
|-damage|p1a: Kingambit|74/100
|move|p1a: Kingambit|Kowtow Cleave|p2a: Whim$
|-resisted|p2a: Whim$
|-damage|p2a: Whim$|59/100
|
|upkeep
|turn|9
|
|t:|1757702069
|move|p2a: Whim$|Moonblast|p1a: Kingambit
|-crit|p1a: Kingambit
|-damage|p1a: Kingambit|33/100
|-unboost|p1a: Kingambit|spa|1
|-ability|p1a: Kingambit|Defiant|boost
|-boost|p1a: Kingambit|atk|2
|move|p2b: Steely Dan|Make It Rain|p1a: Kingambit
|-resisted|p1a: Kingambit
|-damage|p1a: Kingambit|0 fnt
|-unboost|p2b: Steely Dan|spa|1
|faint|p1a: Kingambit
|
|win|AllHailCowMoo
||PikaTROD is ready for game 2.
|inactive|AllHailCowMoo has 30 seconds to confirm battle start!
||AllHailCowMoo is ready for game 2.
|uhtml|next|Next: Game 2 of 3
