|j|☆Le Philly
|j|☆Luke693VGC
|html|Le PhillyLuke693VGC    
|uhtml|bestof|Game 1 of a best-of-3
|t:|1756235551
|gametype|doubles
|player|p1|Le Philly|169|1029
|player|p2|Luke693VGC|cyclist-gen4|1040
|gen|9
|tier|[Gen 9] VGC 2025 Reg H (Bo3)
|rated|
|rule|Species Clause: Limit one of each Pokémon
|rule|Item Clause: Limit 1 of each item
|clearpoke
|poke|p1|Baxcalibur, L50, F|
|poke|p1|Sneasler, L50, M|
|poke|p1|Kingambit, L50, M|
|poke|p1|Gastrodon, L50, F|
|poke|p1|Volcarona, L50, F|
|poke|p1|Rillaboom, L50, M|
|poke|p2|Pelipper, L50, M|
|poke|p2|Archaludon, L50, M|
|poke|p2|Sinistcha, L50|
|poke|p2|Ursaluna, L50, M|
|poke|p2|Dragonite, L50, M|
|poke|p2|Incineroar, L50, F|
|teampreview|4
|showteam|p1|Baxcalibur||LoadedDice|ThermalExchange|IceShard,IcicleSpear,ScaleShot,Protect|||F|||50|,,,,,Ghost]Sneasler||FocusSash|Unburden|DireClaw,CloseCombat,Coaching,FakeOut|||M|||50|,,,,,Ghost]Kingambit||AssaultVest|Defiant|KowtowCleave,SuckerPunch,IronHead,TeraBlast|||M|||50|,,,,,Flying]Gastrodon||SitrusBerry|StormDrain|EarthPower,ClearSmog,Yawn,Protect|||F|||50|,,,,,Fairy]Volcarona||Leftovers|FlameBody|HeatWave,GigaDrain,QuiverDance,Protect|||F|||50|,,,,,Grass]Rillaboom||MiracleSeed|GrassySurge|FakeOut,GrassyGlide,WoodHammer,HighHorsepower|||M|||50|,,,,,Fire
|showteam|p2|Pelipper||FocusSash|Drizzle|MuddyWater,Hurricane,WideGuard,Tailwind|||M|||50|,,,,,Ghost]Archaludon||AssaultVest|Stamina|FlashCannon,BodyPress,ElectroShot,Snarl|||M|||50|,,,,,Fighting]Sinistcha||SitrusBerry|Hospitality|MatchaGotcha,LifeDew,RagePowder,TrickRoom||||||50|,,,,,Dark]Ursaluna||FlameOrb|Guts|Protect,Facade,HeadlongRush,Earthquake|||M|||50|,,,,,Ghost]Dragonite||LoadedDice|Multiscale|Protect,ScaleShot,Haze,Tailwind|||M|||50|,,,,,Fairy]Incineroar||SafetyGoggles|Intimidate|FlareBlitz,KnockOff,FakeOut,PartingShot|||F|||50|,,,,,Ghost
|inactive|Battle timer is ON: inactive players will automatically lose when time's up. (requested by Le Philly)
|inactive|Le Philly has 60 seconds left.
|inactive|Luke693VGC has 60 seconds left.
|inactive|Le Philly has 30 seconds left.
|inactive|Luke693VGC has 30 seconds left.
|inactive|Le Philly has 20 seconds left.
|inactive|Le Philly has 15 seconds left.
|inactive|Le Philly has 10 seconds left.
|inactive|Le Philly has 5 seconds left.
|
|t:|1756235639
|teamsize|p1|4
|teamsize|p2|4
|start
|switch|p1a: Kingambit|Kingambit, L50, M|100/100
|switch|p1b: Rillaboom|Rillaboom, L50, M|100/100
|switch|p2a: Dragonite|Dragonite, L50, M|100/100
|switch|p2b: Pelipper|Pelipper, L50, M|100/100
|-fieldstart|move: Grassy Terrain|[from] ability: Grassy Surge|[of] p1b: Rillaboom
|-weather|RainDance|[from] ability: Drizzle|[of] p2b: Pelipper
|turn|1
|inactive|Le Philly has 30 seconds left.
|inactive|Luke693VGC has 30 seconds left.
|inactive|Le Philly has 20 seconds left.
|inactive|Luke693VGC has 20 seconds left.
|inactive|Le Philly has 15 seconds left.
|inactive|Luke693VGC has 15 seconds left.
|
|t:|1756235683
|switch|p2b: Archaludon|Archaludon, L50, M|100/100
|move|p1b: Rillaboom|Fake Out|p2b: Archaludon
|-resisted|p2b: Archaludon
|-damage|p2b: Archaludon|96/100
|-ability|p2b: Archaludon|Stamina|boost
|-boost|p2b: Archaludon|def|1
|move|p2a: Dragonite|Tailwind|p2a: Dragonite
|-sidestart|p2: Luke693VGC|move: Tailwind
|move|p1a: Kingambit|Kowtow Cleave|p2b: Archaludon
|-damage|p2b: Archaludon|74/100
|-ability|p2b: Archaludon|Stamina|boost
|-boost|p2b: Archaludon|def|1
|
|-weather|RainDance|[upkeep]
|-heal|p2b: Archaludon|80/100|[from] Grassy Terrain
|upkeep
|turn|2
|inactive|Le Philly has 30 seconds left.
|inactive|Luke693VGC has 30 seconds left.
|inactive|Le Philly has 20 seconds left.
|inactive|Le Philly has 15 seconds left.
|inactive|Le Philly has 10 seconds left.
|inactive|Le Philly has 5 seconds left.
|
|t:|1756235735
|-terastallize|p1a: Kingambit|Flying
|move|p1b: Rillaboom|Grassy Glide|p2a: Dragonite
|-resisted|p2a: Dragonite
|-damage|p2a: Dragonite|95/100
|move|p2a: Dragonite|Scale Shot|p1a: Kingambit
|-damage|p1a: Kingambit|88/100
|-damage|p1a: Kingambit|78/100
|-damage|p1a: Kingambit|67/100
|-damage|p1a: Kingambit|55/100
|-hitcount|p1a: Kingambit|4
|-unboost|p2a: Dragonite|def|1
|-boost|p2a: Dragonite|spe|1
|move|p2b: Archaludon|Body Press|p1a: Kingambit
|-resisted|p1a: Kingambit
|-damage|p1a: Kingambit|34/100
|move|p1a: Kingambit|Tera Blast|p2a: Dragonite|[anim] Tera Blast Flying
|-damage|p2a: Dragonite|25/100
|
|-weather|RainDance|[upkeep]
|-heal|p2b: Archaludon|86/100|[from] Grassy Terrain
|upkeep
|turn|3
|inactive|Le Philly has 30 seconds left.
|inactive|Luke693VGC has 30 seconds left.
|inactive|Luke693VGC has 20 seconds left.
|inactive|Luke693VGC has 15 seconds left.
|
|t:|1756235777
|move|p1a: Kingambit|Sucker Punch|p2a: Dragonite
|-damage|p2a: Dragonite|0 fnt
|faint|p2a: Dragonite
|move|p2b: Archaludon|Body Press|p1a: Kingambit
|-resisted|p1a: Kingambit
|-damage|p1a: Kingambit|13/100
|move|p1b: Rillaboom|Wood Hammer|p2b: Archaludon
|-resisted|p2b: Archaludon
|-damage|p2b: Archaludon|79/100
|-ability|p2b: Archaludon|Stamina|boost
|-boost|p2b: Archaludon|def|1
|-damage|p1b: Rillaboom|98/100|[from] Recoil
|
|-weather|RainDance|[upkeep]
|-heal|p2b: Archaludon|85/100|[from] Grassy Terrain
|-heal|p1b: Rillaboom|100/100|[from] Grassy Terrain
|upkeep
|
|t:|1756235794
|switch|p2a: Ursaluna|Ursaluna, L50, M|100/100
|turn|4
|inactive|Le Philly has 30 seconds left.
|inactive|Le Philly has 20 seconds left.
|
|t:|1756235831
|switch|p1b: Baxcalibur|Baxcalibur, L50, F|100/100
|move|p2a: Ursaluna|Protect|p2a: Ursaluna
|-singleturn|p2a: Ursaluna|Protect
|move|p1a: Kingambit|Sucker Punch||[still]
|-fail|p1a: Kingambit
|move|p2b: Archaludon|Electro Shot||[still]
|-prepare|p2b: Archaludon|Electro Shot
|-boost|p2b: Archaludon|spa|1
|-anim|p2b: Archaludon|Electro Shot|p1a: Kingambit
|-supereffective|p1a: Kingambit
|-damage|p1a: Kingambit|0 fnt
|faint|p1a: Kingambit
|
|-weather|RainDance|[upkeep]
|-heal|p2b: Archaludon|91/100|[from] Grassy Terrain
|-sideend|p2: Luke693VGC|move: Tailwind
|-status|p2a: Ursaluna|brn|[from] item: Flame Orb
|upkeep
|inactive|Le Philly has 30 seconds left.
|inactive|Le Philly has 20 seconds left.
|inactive|Le Philly has 15 seconds left.
|inactive|Le Philly has 10 seconds left.
|
|t:|1756235877
|switch|p1a: Gastrodon|Gastrodon, L50, F|100/100
|turn|5
|inactive|Luke693VGC has 30 seconds left.
|
|t:|1756235908
|-terastallize|p2a: Ursaluna|Ghost
|move|p1b: Baxcalibur|Icicle Spear|p2a: Ursaluna
|-damage|p2a: Ursaluna|90/100 brn
|-damage|p2a: Ursaluna|79/100 brn
|-damage|p2a: Ursaluna|68/100 brn
|-damage|p2a: Ursaluna|57/100 brn
|-hitcount|p2a: Ursaluna|4
|move|p2b: Archaludon|Body Press|p1b: Baxcalibur
|-supereffective|p1b: Baxcalibur
|-damage|p1b: Baxcalibur|0 fnt
|faint|p1b: Baxcalibur
|move|p2a: Ursaluna|Facade|p1a: Gastrodon
|-damage|p1a: Gastrodon|5/100
|-enditem|p1a: Gastrodon|Sitrus Berry|[eat]
|-heal|p1a: Gastrodon|30/100|[from] item: Sitrus Berry
|move|p1a: Gastrodon|Yawn|p2b: Archaludon
|-start|p2b: Archaludon|move: Yawn|[of] p1a: Gastrodon
|
|-weather|none
|-heal|p2b: Archaludon|97/100|[from] Grassy Terrain
|-heal|p2a: Ursaluna|63/100 brn|[from] Grassy Terrain
|-heal|p1a: Gastrodon|37/100|[from] Grassy Terrain
|-damage|p2a: Ursaluna|57/100 brn|[from] brn
|-fieldend|move: Grassy Terrain
|upkeep
|
|t:|1756235927
|switch|p1b: Rillaboom|Rillaboom, L50, M|100/100
|-fieldstart|move: Grassy Terrain|[from] ability: Grassy Surge|[of] p1b: Rillaboom
|turn|6
|inactive|Le Philly has 30 seconds left.
|
|t:|1756235958
|move|p1a: Gastrodon|Protect|p1a: Gastrodon
|-singleturn|p1a: Gastrodon|Protect
|move|p1b: Rillaboom|Wood Hammer|p2a: Ursaluna
|-damage|p2a: Ursaluna|0 fnt
|faint|p2a: Ursaluna
|-damage|p1b: Rillaboom|80/100|[from] Recoil
|move|p2b: Archaludon|Body Press|p1b: Rillaboom
|-damage|p1b: Rillaboom|15/100
|
|-heal|p1b: Rillaboom|21/100|[from] Grassy Terrain
|-heal|p2b: Archaludon|100/100|[from] Grassy Terrain
|-heal|p1a: Gastrodon|43/100|[from] Grassy Terrain
|-end|p2b: Archaludon|move: Yawn|[silent]
|-status|p2b: Archaludon|slp
|upkeep
|
|t:|1756235971
|switch|p2a: Pelipper|Pelipper, L50, M|100/100
|-weather|RainDance|[from] ability: Drizzle|[of] p2a: Pelipper
|turn|7
|
|t:|1756235991
|move|p1b: Rillaboom|Grassy Glide|p2a: Pelipper
|-damage|p2a: Pelipper|40/100
|move|p2a: Pelipper|Tailwind|p2a: Pelipper
|-sidestart|p2: Luke693VGC|move: Tailwind
|cant|p2b: Archaludon|slp
|move|p1a: Gastrodon|Earth Power|p2b: Archaludon
|-supereffective|p2b: Archaludon
|-damage|p2b: Archaludon|63/100 slp
|-ability|p2b: Archaludon|Stamina|boost
|-boost|p2b: Archaludon|def|1
|
|-weather|RainDance|[upkeep]
|-heal|p2b: Archaludon|69/100 slp|[from] Grassy Terrain
|-heal|p1b: Rillaboom|27/100|[from] Grassy Terrain
|-heal|p1a: Gastrodon|49/100|[from] Grassy Terrain
|upkeep
|turn|8
|inactive|Luke693VGC has 30 seconds left.
|
|t:|1756236022
|move|p1b: Rillaboom|Grassy Glide|p2a: Pelipper
|-damage|p2a: Pelipper|0 fnt
|faint|p2a: Pelipper
|cant|p2b: Archaludon|slp
|move|p1a: Gastrodon|Earth Power|p2b: Archaludon
|-supereffective|p2b: Archaludon
|-damage|p2b: Archaludon|32/100 slp
|-ability|p2b: Archaludon|Stamina|boost
|-boost|p2b: Archaludon|def|1
|
|-weather|RainDance|[upkeep]
|-heal|p2b: Archaludon|38/100 slp|[from] Grassy Terrain
|-heal|p1b: Rillaboom|33/100|[from] Grassy Terrain
|-heal|p1a: Gastrodon|55/100|[from] Grassy Terrain
|upkeep
|turn|9
|
|t:|1756236043
|cant|p2b: Archaludon|slp
|move|p1b: Rillaboom|High Horsepower|p2b: Archaludon
|-supereffective|p2b: Archaludon
|-damage|p2b: Archaludon|25/100 slp
|-ability|p2b: Archaludon|Stamina|boost
|-boost|p2b: Archaludon|def|1
|move|p1a: Gastrodon|Earth Power|p2b: Archaludon
|-supereffective|p2b: Archaludon
|-damage|p2b: Archaludon|0 fnt
|faint|p2b: Archaludon
|
|win|Le Philly
