|j|☆ZacianBot
|j|☆Dr_Cups
|html|ZacianBotDr_Cups    
|uhtml|bestof|Game 3 of a best-of-3
|t:|1785959547
|gametype|doubles
|player|p1|ZacianBot|koga|1150
|player|p2|Dr_Cups|1|1152
|gen|9
|tier|[Gen 9 Champions] VGC 2026 Reg M-B (Bo3)
|rated|
|rule|Species Clause: Limit one of each Pokémon
|rule|Item Clause: Limit 1 of each item
|clearpoke
|poke|p1|Floette-Eternal, L50, F|
|poke|p1|Aerodactyl, L50, M|
|poke|p1|Garchomp, L50, F|
|poke|p1|Incineroar, L50, M|
|poke|p1|Sinistcha-Masterpiece, L50|
|poke|p1|Kingambit, L50, F|
|poke|p2|Raichu, L50, F|
|poke|p2|Staraptor, L50, F|
|poke|p2|Arcanine-Hisui, L50, M|
|poke|p2|Farigiraf, L50, M|
|poke|p2|Sylveon, L50, F|
|poke|p2|Kingambit, L50, M|
|teampreview|4
|showteam|p1|Floette-Eternal||Floettite|FlowerVeil|Protect,DazzlingGleam,DrainingKiss,CalmMind|Modest||F|||50|]Aerodactyl||Aerodactylite|Unnerve|Protect,Tailwind,DualWingbeat,RockSlide|Jolly||M|||50|]Garchomp||SitrusBerry|RoughSkin|Protect,DragonClaw,StompingTantrum,RockSlide|Adamant||F|||50|]Incineroar||PasshoBerry|Intimidate|FlareBlitz,ThroatChop,PartingShot,FakeOut|Careful||M|||50|]Sinistcha-Masterpiece||OccaBerry|Hospitality|Protect,RagePowder,MatchaGotcha,TrickRoom|Bold|||||50|]Kingambit||BlackGlasses|Defiant|Protect,KowtowCleave,SuckerPunch,SwordsDance|Adamant||F|||50|
|showteam|p2|Raichu||RaichuniteY|LightningRod|ZapCannon,FocusBlast,FakeOut,Protect|Timid||F|||50|]Staraptor||Staraptite|Intimidate|CloseCombat,DualWingbeat,Tailwind,Protect|Jolly||F|||50|]Arcanine-Hisui||FocusSash|RockHead|FlareBlitz,HeadSmash,ExtremeSpeed,Protect|Jolly||M|||50|]Farigiraf||SitrusBerry|ArmorTail|Psychic,HelpingHand,TrickRoom,Protect|Calm||M|||50|]Sylveon||FairyFeather|Pixilate|HyperVoice,QuickAttack,HyperBeam,Detect|Modest||F|||50|]Kingambit||LifeOrb|Defiant|KowtowCleave,SuckerPunch,SwordsDance,Protect|Adamant||M|||50|
|inactive|Battle timer is ON: inactive players will automatically lose when time's up. (requested by ZacianBot)
|
|t:|1785959561
|teamsize|p1|4
|teamsize|p2|4
|start
|switch|p1a: Floette|Floette-Eternal, L50, F|100/100
|switch|p1b: Sinistcha|Sinistcha-Masterpiece, L50|100/100
|switch|p2a: Raichu|Raichu, L50, F|100/100
|switch|p2b: Arcanine|Arcanine-Hisui, L50, M|100/100
|turn|1
|
|t:|1785959573
|detailschange|p2a: Raichu|Raichu-Mega-Y, L50, F
|-mega|p2a: Raichu|Raichu|Raichunite Y
|move|p1a: Floette|Protect|p1a: Floette
|-singleturn|p1a: Floette|Protect
|move|p1b: Sinistcha|Protect|p1b: Sinistcha
|-singleturn|p1b: Sinistcha|Protect
|move|p2a: Raichu|Fake Out|p1a: Floette
|-activate|p1a: Floette|move: Protect
|move|p2b: Arcanine|Flare Blitz|p1b: Sinistcha
|-activate|p1b: Sinistcha|move: Protect
|
|upkeep
|turn|2
|
|t:|1785959585
|switch|p2b: Farigiraf|Farigiraf, L50, M|100/100
|detailschange|p1a: Floette|Floette-Mega, L50, F
|-mega|p1a: Floette|Floette|Floettite
|-ability|p1a: Floette|Fairy Aura
|move|p1b: Sinistcha|Rage Powder|p1b: Sinistcha
|-singleturn|p1b: Sinistcha|move: Rage Powder
|move|p2a: Raichu|Zap Cannon|p1b: Sinistcha
|-resisted|p1b: Sinistcha|1
|-damage|p1b: Sinistcha|69/100
|-status|p1b: Sinistcha|par
|move|p1a: Floette|Calm Mind|p1a: Floette
|-boost|p1a: Floette|spa|1
|-boost|p1a: Floette|spd|1
|
|upkeep
|turn|3
|inactive|Dr_Cups has 30 seconds left.
|inactive|Dr_Cups has 20 seconds left.
|inactive|Dr_Cups has 15 seconds left.
|
|t:|1785959629
|switch|p2a: Sylveon|Sylveon, L50, F|100/100
|move|p1b: Sinistcha|Rage Powder|p1b: Sinistcha
|-singleturn|p1b: Sinistcha|move: Rage Powder
|move|p1a: Floette|Dazzling Gleam|p2a: Sylveon|[spread] p2a,p2b
|-crit|p2a: Sylveon
|-damage|p2a: Sylveon|15/100
|-damage|p2b: Farigiraf|45/100
|-enditem|p2b: Farigiraf|Sitrus Berry|[eat]
|-heal|p2b: Farigiraf|70/100|[from] item: Sitrus Berry
|move|p2b: Farigiraf|Psychic|p1b: Sinistcha
|-damage|p1b: Sinistcha|33/100 par
|
|upkeep
|turn|4
|inactive|Dr_Cups has 30 seconds left.
|
|t:|1785959659
|move|p1a: Floette|Dazzling Gleam|p2b: Farigiraf|[spread] p2a,p2b
|-damage|p2a: Sylveon|0 fnt
|-damage|p2b: Farigiraf|16/100
|faint|p2a: Sylveon
|move|p2b: Farigiraf|Psychic|p1b: Sinistcha
|-damage|p1b: Sinistcha|0 fnt
|faint|p1b: Sinistcha
|
|upkeep
|
|t:|1785959670
|switch|p1b: Incineroar|Incineroar, L50, M|100/100
|switch|p2a: Arcanine|Arcanine-Hisui, L50, M|100/100
|-ability|p1b: Incineroar|Intimidate|boost
|-unboost|p2a: Arcanine|atk|1
|-unboost|p2b: Farigiraf|atk|1
|turn|5
|
|t:|1785959690
|switch|p1b: Garchomp|Garchomp, L50, F|100/100
|switch|p2b: Raichu|Raichu-Mega-Y, L50, F|100/100
|move|p2a: Arcanine|Head Smash|p1a: Floette|[miss]
|-miss|p2a: Arcanine|p1a: Floette
|move|p1a: Floette|Dazzling Gleam|p2a: Arcanine|[spread] p2a,p2b
|-resisted|p2a: Arcanine|1
|-damage|p2a: Arcanine|55/100
|-damage|p2b: Raichu|20/100y
|
|upkeep
|turn|6
|inactive|ZacianBot has 30 seconds left.
|
|t:|1785959716
|move|p1a: Floette|Protect|p1a: Floette
|-singleturn|p1a: Floette|Protect
|move|p2b: Raichu|Zap Cannon|p1a: Floette
|-activate|p1a: Floette|move: Protect
|move|p2a: Arcanine|Flare Blitz|p1a: Floette
|-activate|p1a: Floette|move: Protect
|move|p1b: Garchomp|Stomping Tantrum|p2a: Arcanine
|-supereffective|p2a: Arcanine|2
|-damage|p2a: Arcanine|0 fnt
|faint|p2a: Arcanine
|
|upkeep
|
|t:|1785959721
|switch|p2a: Farigiraf|Farigiraf, L50, M|16/100
|turn|7
|inactive|Dr_Cups has 30 seconds left.
|inactive|Dr_Cups has 20 seconds left.
|inactive|Dr_Cups has 15 seconds left.
|inactive|Dr_Cups has 10 seconds left.
|inactive|Dr_Cups has 5 seconds left.
|
|t:|1785959776
|move|p2b: Raichu|Zap Cannon|p1b: Garchomp
|-immune|p1b: Garchomp
|move|p1b: Garchomp|Dragon Claw|p2b: Raichu
|-damage|p2b: Raichu|0 fnt
|faint|p2b: Raichu
|move|p1a: Floette|Dazzling Gleam|p2a: Farigiraf
|-damage|p2a: Farigiraf|0 fnt
|faint|p2a: Farigiraf
|
|win|ZacianBot
|raw|ZacianBot's rating: 1150 → 1175(+25 for winning)
|raw|Dr_Cups's rating: 1152 → 1127(-25 for losing)
