|j|☆FoulScowl
|j|☆Iceman5687
|html|FoulScowlIceman5687    
|uhtml|bestof|Game 1 of a best-of-3
|t:|1783482875
|gametype|doubles
|player|p1|FoulScowl|grimsley|1155
|player|p2|Iceman5687|265|1159
|gen|9
|tier|[Gen 9 Champions] VGC 2026 Reg M-B (Bo3)
|rated|
|rule|Species Clause: Limit one of each Pokémon
|rule|Item Clause: Limit 1 of each item
|clearpoke
|poke|p1|Scrafty, L50, M, shiny|
|poke|p1|Gholdengo, L50|
|poke|p1|Basculegion, L50, M|
|poke|p1|Charizard, L50, M, shiny|
|poke|p1|Garchomp, L50, M|
|poke|p1|Farigiraf, L50, F, shiny|
|poke|p2|Sylveon, L50, F, shiny|
|poke|p2|Basculegion, L50, M|
|poke|p2|Kingambit, L50, M, shiny|
|poke|p2|Garchomp, L50, F|
|poke|p2|Charizard, L50, F, shiny|
|poke|p2|Whimsicott, L50, M, shiny|
|teampreview|4
|showteam|p1|Scrafty||Scraftinite|Intimidate|KnockOff,DrainPunch,FakeOut,IcePunch|Adamant||M|||50|]Gholdengo||KasibBerry|GoodasGold|MakeItRain,ShadowBall,NastyPlot,Protect|Modest|||||50|]Basculegion||FocusSash|Adaptability|Liquidation,LastRespects,AquaJet,Protect|Adamant||M|||50|]Charizard||CharizarditeY|Blaze|HeatWave,SolarBeam,WeatherBall,Protect|Modest||M|||50|]Garchomp||ChoiceScarf|RoughSkin|DragonClaw,Earthquake,RockSlide,PoisonJab|Adamant||M|||50|]Farigiraf||ExpertBelt|ArmorTail|Psychic,Thunderbolt,Imprison,TrickRoom|Quiet||F|||50|
|showteam|p2|Sylveon||FairyFeather|Pixilate|HyperVoice,QuickAttack,Protect,HyperBeam|Modest||F|||50|]Basculegion||LifeOrb|Adaptability|WaveCrash,LastRespects,AquaJet,Protect|Adamant||M|||50|]Kingambit||ChopleBerry|Defiant|KowtowCleave,IronHead,SuckerPunch,LowKick|Adamant||M|||50|]Garchomp||RoseliBerry|RoughSkin|Earthquake,RockSlide,DragonClaw,PoisonJab|Adamant||F|||50|]Charizard||CharizarditeY|Blaze|HeatWave,WeatherBall,SolarBeam,Protect|Modest||F|||50|]Whimsicott||FocusSash|Prankster|Moonblast,Tailwind,Encore,Protect|Timid||M|||50|
|
|t:|1783482926
|teamsize|p1|4
|teamsize|p2|4
|start
|switch|p1a: Charizard|Charizard, L50, M, shiny|100/100
|switch|p1b: Farigiraf|Farigiraf, L50, F, shiny|100/100
|switch|p2a: Whimsicott|Whimsicott, L50, M, shiny|100/100
|switch|p2b: Garchomp|Garchomp, L50, F|100/100
|turn|1
|
|t:|1783482945
|switch|p1a: Gholdengo|Gholdengo, L50|100/100
|move|p2a: Whimsicott|Protect|p2a: Whimsicott
|-singleturn|p2a: Whimsicott|Protect
|move|p2b: Garchomp|Rock Slide|p1b: Farigiraf|[spread] p1a,p1b
|-resisted|p1a: Gholdengo|1
|-damage|p1a: Gholdengo|90/100
|-damage|p1b: Farigiraf|82/100
|move|p1b: Farigiraf|Trick Room|p1b: Farigiraf
|-fieldstart|move: Trick Room|[of] p1b: Farigiraf
|
|upkeep
|turn|2
|
|t:|1783482965
|move|p1b: Farigiraf|Psychic|p2a: Whimsicott
|-damage|p2a: Whimsicott|36/100
|move|p1a: Gholdengo|Make It Rain|p2a: Whimsicott|[spread] p2a,p2b
|-supereffective|p2a: Whimsicott|1
|-damage|p2a: Whimsicott|0 fnt
|-damage|p2b: Garchomp|61/100
|-unboost|p1a: Gholdengo|spa|2
|faint|p2a: Whimsicott
|move|p2b: Garchomp|Earthquake|p1b: Farigiraf|[spread] p1a,p1b
|-supereffective|p1a: Gholdengo|1
|-damage|p1a: Gholdengo|22/100
|-damage|p1b: Farigiraf|50/100g
|
|upkeep
|
|t:|1783482976
|switch|p2a: Kingambit|Kingambit, L50, M, shiny|100/100
|turn|3
|
|t:|1783482992
|move|p2a: Kingambit|Kowtow Cleave|p1a: Gholdengo
|-supereffective|p1a: Gholdengo|1
|-damage|p1a: Gholdengo|0 fnt
|faint|p1a: Gholdengo
|move|p1b: Farigiraf|Psychic|p2b: Garchomp
|-crit|p2b: Garchomp
|-damage|p2b: Garchomp|7/100
|move|p2b: Garchomp|Dragon Claw|p1b: Farigiraf
|-damage|p1b: Farigiraf|11/100
|
|upkeep
|
|t:|1783483003
|switch|p1a: Charizard|Charizard, L50, M, shiny|100/100
|turn|4
|
|t:|1783483017
|switch|p2b: Basculegion|Basculegion, L50, M|100/100
|detailschange|p1a: Charizard|Charizard-Mega-Y, L50, M, shiny
|-mega|p1a: Charizard|Charizard|Charizardite Y
|-weather|SunnyDay|[from] ability: Drought|[of] p1a: Charizard
|move|p2a: Kingambit|Kowtow Cleave|p1b: Farigiraf
|-supereffective|p1b: Farigiraf|1
|-damage|p1b: Farigiraf|0 fnt
|faint|p1b: Farigiraf
|move|p1a: Charizard|Heat Wave|p2b: Basculegion|[spread] p2a,p2b
|-supereffective|p2a: Kingambit|1
|-resisted|p2b: Basculegion|1
|-damage|p2a: Kingambit|0 fnt
|-damage|p2b: Basculegion|61/100
|faint|p2a: Kingambit
|
|-weather|SunnyDay|[upkeep]
|upkeep
|
|t:|1783483025
|switch|p2a: Garchomp|Garchomp, L50, F|7/100
|switch|p1b: Garchomp|Garchomp, L50, M|100/100
|turn|5
|
|t:|1783483041
|move|p1a: Charizard|Heat Wave|p2b: Basculegion|[spread] p2b
|-miss|p1a: Charizard|p2a: Garchomp
|-resisted|p2b: Basculegion|1
|-damage|p2b: Basculegion|22/100
|move|p2b: Basculegion|Last Respects|p1a: Charizard
|-damage|p1a: Charizard|0 fnt
|faint|p1a: Charizard
|-damage|p2b: Basculegion|12/100|[from] item: Life Orb
|move|p2a: Garchomp|Dragon Claw|p1b: Garchomp
|-supereffective|p1b: Garchomp|1
|-damage|p1b: Garchomp|18/100
|-damage|p2a: Garchomp|0 fnt|[from] ability: Rough Skin|[of] p1b: Garchomp
|faint|p2a: Garchomp
|move|p1b: Garchomp|Earthquake|p2b: Basculegion
|-damage|p2b: Basculegion|0 fnt
|faint|p2b: Basculegion
|
|win|FoulScowl
