|j|☆SlaymonSays
|j|☆Lacossg
|html|SlaymonSaysLacossg    
|uhtml|bestof|Game 1 of a best-of-3
|t:|1757846622
|gametype|doubles
|player|p1|SlaymonSays|102|1316
|player|p2|Lacossg|169|1206
|gen|9
|tier|[Gen 9] VGC 2025 Reg H (Bo3)
|rated|
|rule|Species Clause: Limit one of each Pokémon
|rule|Item Clause: Limit 1 of each item
|clearpoke
|poke|p1|Primarina, L50, M|
|poke|p1|Flamigo, L50, M|
|poke|p1|Gholdengo, L50|
|poke|p1|Rillaboom, L50, F|
|poke|p1|Incineroar, L50, F|
|poke|p1|Ninetales-Alola, L50, M|
|poke|p2|Espathra, L50, F|
|poke|p2|Indeedee-F, L50, F|
|poke|p2|Sneasler, L50, M|
|poke|p2|Kingambit, L50, M|
|poke|p2|Arcanine-Hisui, L50, M|
|poke|p2|Hydreigon, L50, F|
|teampreview|4
|showteam|p1|Primarina||LifeOrb|LiquidVoice|HyperVoice,Moonblast,Haze,Protect|||M|||50|,,,,,Poison]Flamigo||FocusSash|Scrappy|DualWingbeat,CloseCombat,Tailwind,Detect|||M|||50|,,,,,Ghost]Gholdengo||Leftovers|GoodasGold|MakeItRain,ShadowBall,NastyPlot,Protect||||||50|,,,,,Water]Rillaboom||AssaultVest|GrassySurge|FakeOut,GrassyGlide,WoodHammer,HighHorsepower|||F|||50|,,,,,Fire]Incineroar||SafetyGoggles|Intimidate|FakeOut,FlareBlitz,KnockOff,PartingShot|||F|||50|,,,,,Ghost]Ninetales-Alola||CovertCloak|SnowWarning|Blizzard,Disable,Encore,AuroraVeil|||M|||50|,,,,,Fire
|showteam|p2|Espathra||LifeOrb|SpeedBoost|LuminaCrash,ExpandingForce,DazzlingGleam,Protect|||F|||50|,,,,,Psychic]Indeedee-F||RockyHelmet|PsychicSurge|FollowMe,Psychic,HelpingHand,Protect|||F|||50|,,,,,Steel]Sneasler||PsychicSeed|Unburden|ThroatChop,CloseCombat,DireClaw,Protect|||M|||50|,,,,,Dark]Kingambit||AssaultVest|Defiant|KowtowCleave,SuckerPunch,LowKick,TeraBlast|||M|||50|,,,,,Flying]Arcanine-Hisui||MirrorHerb|Intimidate|FlareBlitz,RockSlide,CloseCombat,Protect|||M|||50|,,,,,Water]Hydreigon||SafetyGoggles|Levitate|DracoMeteor,Snarl,Taunt,Protect|||F|||50|,,,,,Ghost
|
|t:|1757846662
|teamsize|p1|4
|teamsize|p2|4
|start
|switch|p1a: Flamigo|Flamigo, L50, M|100/100
|switch|p1b: Gholdengo|Gholdengo, L50|100/100
|switch|p2a: Espathra|Espathra, L50, F|100/100
|switch|p2b: Sneasler|Sneasler, L50, M|100/100
|turn|1
|
|t:|1757846689
|switch|p1b: Incineroar|Incineroar, L50, F|100/100
|-ability|p1b: Incineroar|Intimidate|boost
|-unboost|p2a: Espathra|atk|1
|-unboost|p2b: Sneasler|atk|1
|move|p2a: Espathra|Lumina Crash|p1a: Flamigo
|-supereffective|p1a: Flamigo
|-enditem|p1a: Flamigo|Focus Sash
|-damage|p1a: Flamigo|1/100
|-unboost|p1a: Flamigo|spd|2
|-damage|p2a: Espathra|91/100|[from] item: Life Orb
|move|p1a: Flamigo|Tailwind|p1a: Flamigo
|-sidestart|p1: SlaymonSays|move: Tailwind
|move|p2b: Sneasler|Throat Chop|p1a: Flamigo
|-resisted|p1a: Flamigo
|-damage|p1a: Flamigo|0 fnt
|faint|p1a: Flamigo
|
|-ability|p2a: Espathra|Speed Boost|boost
|-boost|p2a: Espathra|spe|1
|upkeep
|
|t:|1757846707
|switch|p1a: Gholdengo|Gholdengo, L50|100/100
|turn|2
|
|t:|1757846724
|switch|p2a: Arcanine|Arcanine-Hisui, L50, M|100/100
|-ability|p2a: Arcanine|Intimidate|boost
|-unboost|p1a: Gholdengo|atk|1
|-unboost|p1b: Incineroar|atk|1
|-terastallize|p1a: Gholdengo|Water
|move|p1a: Gholdengo|Nasty Plot|p1a: Gholdengo
|-boost|p1a: Gholdengo|spa|2
|-enditem|p2a: Arcanine|Mirror Herb
|-boost|p2a: Arcanine|spa|2|[from] item: Mirror Herb
|move|p1b: Incineroar|Knock Off|p2a: Arcanine
|-damage|p2a: Arcanine|75/100
|move|p2b: Sneasler|Throat Chop|p1a: Gholdengo
|-damage|p1a: Gholdengo|81/100
|-start|p1a: Gholdengo|Throat Chop|[silent]
|
|-heal|p1a: Gholdengo|88/100|[from] item: Leftovers
|upkeep
|turn|3
|
|t:|1757846746
|switch|p1b: Rillaboom|Rillaboom, L50, F|100/100
|-fieldstart|move: Grassy Terrain|[from] ability: Grassy Surge|[of] p1b: Rillaboom
|switch|p2a: Indeedee|Indeedee-F, L50, F|100/100
|-fieldstart|move: Psychic Terrain|[from] ability: Psychic Surge|[of] p2a: Indeedee
|-enditem|p2b: Sneasler|Psychic Seed
|-boost|p2b: Sneasler|spd|1|[from] item: Psychic Seed
|move|p2b: Sneasler|Dire Claw|p1a: Gholdengo
|-damage|p1a: Gholdengo|56/100
|move|p1a: Gholdengo|Nasty Plot|p1a: Gholdengo
|-boost|p1a: Gholdengo|spa|2
|
|-heal|p1a: Gholdengo|62/100|[from] item: Leftovers
|-end|p1a: Gholdengo|Throat Chop|[silent]
|upkeep
|turn|4
|
|t:|1757846780
|switch|p1b: Incineroar|Incineroar, L50, F|100/100
|-ability|p1b: Incineroar|Intimidate|boost
|-unboost|p2a: Indeedee|atk|1
|-unboost|p2b: Sneasler|atk|1
|move|p2b: Sneasler|Protect|p2b: Sneasler
|-singleturn|p2b: Sneasler|Protect
|move|p1a: Gholdengo|Make It Rain|p2a: Indeedee|[spread] p2a
|-activate|p2b: Sneasler|move: Protect
|-crit|p2a: Indeedee
|-damage|p2a: Indeedee|0 fnt
|-unboost|p1a: Gholdengo|spa|1
|faint|p2a: Indeedee
|
|-heal|p1a: Gholdengo|68/100|[from] item: Leftovers
|-sideend|p1: SlaymonSays|move: Tailwind
|upkeep
|
|t:|1757846800
|switch|p2a: Arcanine|Arcanine-Hisui, L50, M|75/100
|-ability|p2a: Arcanine|Intimidate|boost
|-unboost|p1a: Gholdengo|atk|1
|-unboost|p1b: Incineroar|atk|1
|turn|5
|
|t:|1757846812
|switch|p1b: Rillaboom|Rillaboom, L50, F|100/100
|-fieldstart|move: Grassy Terrain|[from] ability: Grassy Surge|[of] p1b: Rillaboom
|-terastallize|p2a: Arcanine|Water
|move|p1a: Gholdengo|Protect|p1a: Gholdengo
|-singleturn|p1a: Gholdengo|Protect
|move|p2b: Sneasler|Dire Claw|p1a: Gholdengo
|-activate|p1a: Gholdengo|move: Protect
|move|p2a: Arcanine|Rock Slide|p1b: Rillaboom|[spread] p1b
|-activate|p1a: Gholdengo|move: Protect
|-damage|p1b: Rillaboom|71/100
|
|-heal|p2a: Arcanine|81/100|[from] Grassy Terrain
|-heal|p1b: Rillaboom|76/100|[from] Grassy Terrain
|-heal|p1a: Gholdengo|75/100|[from] Grassy Terrain
|-heal|p1a: Gholdengo|81/100|[from] item: Leftovers
|upkeep
|turn|6
|
|t:|1757846835
|switch|p2a: Espathra|Espathra, L50, F|91/100
|switch|p1b: Incineroar|Incineroar, L50, F|100/100
|-ability|p1b: Incineroar|Intimidate|boost
|-unboost|p2a: Espathra|atk|1
|-unboost|p2b: Sneasler|atk|1
|move|p2b: Sneasler|Protect|p2b: Sneasler
|-singleturn|p2b: Sneasler|Protect
|move|p1a: Gholdengo|Make It Rain|p2a: Espathra|[spread] p2a
|-activate|p2b: Sneasler|move: Protect
|-damage|p2a: Espathra|0 fnt
|-unboost|p1a: Gholdengo|spa|1
|faint|p2a: Espathra
|
|-heal|p1a: Gholdengo|87/100|[from] Grassy Terrain
|-heal|p1a: Gholdengo|93/100|[from] item: Leftovers
|upkeep
|
|t:|1757846837
|switch|p2a: Arcanine|Arcanine-Hisui, L50, M, tera:Water|81/100
|-ability|p2a: Arcanine|Intimidate|boost
|-unboost|p1a: Gholdengo|atk|1
|-unboost|p1b: Incineroar|atk|1
|turn|7
|
|t:|1757846851
|move|p1b: Incineroar|Fake Out|p2b: Sneasler
|-damage|p2b: Sneasler|90/100
|cant|p2b: Sneasler|flinch
|move|p2a: Arcanine|Rock Slide|p1b: Incineroar|[spread] p1a,p1b
|-supereffective|p1b: Incineroar
|-damage|p1a: Gholdengo|67/100
|-damage|p1b: Incineroar|49/100
|move|p1a: Gholdengo|Make It Rain|p2b: Sneasler|[spread] p2a,p2b
|-resisted|p2a: Arcanine
|-damage|p2a: Arcanine|25/100
|-damage|p2b: Sneasler|14/100
|-unboost|p1a: Gholdengo|spa|1
|
|-heal|p2b: Sneasler|20/100|[from] Grassy Terrain
|-heal|p2a: Arcanine|31/100|[from] Grassy Terrain
|-heal|p1a: Gholdengo|73/100|[from] Grassy Terrain
|-heal|p1a: Gholdengo|79/100|[from] item: Leftovers
|-heal|p1b: Incineroar|55/100|[from] Grassy Terrain
|upkeep
|turn|8
|
|t:|1757846872
|move|p2b: Sneasler|Close Combat|p1b: Incineroar
|-supereffective|p1b: Incineroar
|-damage|p1b: Incineroar|0 fnt
|-unboost|p2b: Sneasler|def|1
|-unboost|p2b: Sneasler|spd|1
|faint|p1b: Incineroar
|move|p2a: Arcanine|Rock Slide|p1a: Gholdengo
|-damage|p1a: Gholdengo|40/100
|move|p1a: Gholdengo|Make It Rain|p2a: Arcanine|[spread] p2a,p2b
|-resisted|p2a: Arcanine
|-damage|p2a: Arcanine|0 fnt
|-damage|p2b: Sneasler|0 fnt
|-unboost|p1a: Gholdengo|spa|1
|faint|p2a: Arcanine
|faint|p2b: Sneasler
|
|win|SlaymonSays
||Lacossg is ready for game 2.
||SlaymonSays is ready for game 2.
|uhtml|next|Next: Game 2 of 3
|l|☆SlaymonSays
|player|p1|
