|j|☆TheRealKenKaniff
|j|☆Andrewx98
|html|TheRealKenKaniffAndrewx98    
|uhtml|bestof|Game 2 of a best-of-3
|t:|1757914901
|gametype|doubles
|player|p1|TheRealKenKaniff|cynthia|1117
|player|p2|Andrewx98|youngster-gen4dp|1062
|gen|9
|tier|[Gen 9] VGC 2025 Reg H (Bo3)
|rated|
|rule|Species Clause: Limit one of each Pokémon
|rule|Item Clause: Limit 1 of each item
|clearpoke
|poke|p1|Sneasler, L50, M|
|poke|p1|Indeedee, L50, M|
|poke|p1|Volcarona, L50, M|
|poke|p1|Ursaluna-Bloodmoon, L50, M|
|poke|p1|Annihilape, L50, M|
|poke|p1|Tyranitar, L50, M|
|poke|p2|Slowking, L50, F|
|poke|p2|Toxicroak, L50, F|
|poke|p2|Kingdra, L50, M|
|poke|p2|Malamar, L50, F|
|poke|p2|Pelipper, L50, M|
|poke|p2|Ursaluna, L50, M|
|teampreview|4
|showteam|p1|Sneasler||PsychicSeed|Unburden|CloseCombat,DireClaw,ThroatChop,Protect|||M|||50|,,,,,Dark]Indeedee||ChoiceScarf|PsychicSurge|ExpandingForce,TeraBlast,Trick,Protect|||M|||50|,,,,,Psychic]Volcarona||SitrusBerry|FlameBody|Overheat,StruggleBug,RagePowder,Tailwind|||M|||50|,,,,,Grass]Ursaluna-Bloodmoon||LifeOrb|MindsEye|BloodMoon,HyperVoice,EarthPower,Protect|||M|||50|,,,,,Normal]Annihilape||SafetyGoggles|Defiant|CloseCombat,RageFist,Taunt,FinalGambit|||M|||50|,,,,,Fairy]Tyranitar||AssaultVest|SandStream|RockSlide,KnockOff,TeraBlast,LowKick|||M|||50|,,,,,Flying
|showteam|p2|Slowking||RockyHelmet|Oblivious|Surf,TrickRoom,ExpandingForce,Protect|||F|||50|,,,,,Grass]Toxicroak||ClearAmulet|DrySkin|PoisonJab,CloseCombat,FakeOut,SuckerPunch|||F|||50|,,,,,Dark]Kingdra||ChoiceSpecs|SwiftSwim|TeraBlast,FlipTurn,WeatherBall,DracoMeteor|||M|||50|,,,,,Fairy]Malamar||MentalHerb|Contrary|KnockOff,Superpower,TrickRoom,Taunt|||F|||50|,,,,,Fighting]Pelipper||SafetyGoggles|Drizzle|WideGuard,Hurricane,RainDance,WeatherBall|||M|||50|,,,,,Water]Ursaluna||FlameOrb|Guts|HeadlongRush,Earthquake,Protect,Facade|||M|||50|,,,,,Ghost
|inactive|Battle timer is ON: inactive players will automatically lose when time's up. (requested by TheRealKenKaniff)
|inactive|TheRealKenKaniff has 60 seconds left.
|inactive|Andrewx98 has 60 seconds left.
|
|t:|1757914960
|teamsize|p1|4
|teamsize|p2|4
|start
|switch|p1a: Annihilape|Annihilape, L50, M|100/100
|switch|p1b: Sneasler|Sneasler, L50, M|100/100
|switch|p2a: Malamar|Malamar, L50, F|100/100
|switch|p2b: Toxicroak|Toxicroak, L50, F|100/100
|turn|1
|inactive|TheRealKenKaniff has 30 seconds left.
|inactive|Andrewx98 has 30 seconds left.
|inactive|TheRealKenKaniff has 20 seconds left.
|
|t:|1757914997
|move|p2b: Toxicroak|Fake Out|p1b: Sneasler
|-damage|p1b: Sneasler|77/100
|cant|p1b: Sneasler|flinch
|move|p1a: Annihilape|Taunt|p2a: Malamar
|-start|p2a: Malamar|move: Taunt
|-enditem|p2a: Malamar|Mental Herb
|-end|p2a: Malamar|move: Taunt
|move|p2a: Malamar|Trick Room|p2a: Malamar
|-fieldstart|move: Trick Room|[of] p2a: Malamar
|
|upkeep
|turn|2
|inactive|Andrewx98 has 30 seconds left.
|inactive|Andrewx98 has 20 seconds left.
|inactive|Andrewx98 has 15 seconds left.
|
|t:|1757915042
|move|p2b: Toxicroak|Poison Jab|p1b: Sneasler
|-resisted|p1b: Sneasler
|-damage|p1b: Sneasler|43/100
|move|p2a: Malamar|Knock Off|p1a: Annihilape
|-damage|p1a: Annihilape|66/100
|-enditem|p1a: Annihilape|Safety Goggles|[from] move: Knock Off|[of] p2a: Malamar
|move|p1a: Annihilape|Close Combat|p2b: Toxicroak
|-resisted|p2b: Toxicroak
|-damage|p2b: Toxicroak|70/100
|-unboost|p1a: Annihilape|def|1
|-unboost|p1a: Annihilape|spd|1
|move|p1b: Sneasler|Dire Claw|p2a: Malamar
|-damage|p2a: Malamar|55/100
|-status|p2a: Malamar|par
|
|upkeep
|turn|3
|inactive|TheRealKenKaniff has 30 seconds left.
|inactive|Andrewx98 has 30 seconds left.
|
|t:|1757915082
|move|p2a: Malamar|Knock Off|p1b: Sneasler
|-resisted|p1b: Sneasler
|-damage|p1b: Sneasler|13/100
|-enditem|p1b: Sneasler|Psychic Seed|[from] move: Knock Off|[of] p2a: Malamar
|move|p2b: Toxicroak|Poison Jab|p1a: Annihilape
|-resisted|p1a: Annihilape
|-damage|p1a: Annihilape|35/100
|-status|p1a: Annihilape|psn
|move|p1a: Annihilape|Rage Fist|p2b: Toxicroak
|-damage|p2b: Toxicroak|0 fnt
|faint|p2b: Toxicroak
|move|p1b: Sneasler|Dire Claw|p2a: Malamar
|-damage|p2a: Malamar|7/100 par
|
|-damage|p1a: Annihilape|23/100 psn|[from] psn
|upkeep
|
|t:|1757915100
|switch|p2b: Ursaluna|Ursaluna, L50, M|100/100
|turn|4
|inactive|TheRealKenKaniff has 30 seconds left.
|inactive|Andrewx98 has 30 seconds left.
|
|t:|1757915134
|switch|p2a: Pelipper|Pelipper, L50, M|100/100
|-weather|RainDance|[from] ability: Drizzle|[of] p2a: Pelipper
|move|p2b: Ursaluna|Earthquake|p1a: Annihilape|[spread] p1a,p1b
|-immune|p2a: Pelipper
|-supereffective|p1b: Sneasler
|-damage|p1a: Annihilape|0 fnt
|-damage|p1b: Sneasler|0 fnt
|faint|p1a: Annihilape
|faint|p1b: Sneasler
|
|-weather|RainDance|[upkeep]
|-status|p2b: Ursaluna|brn|[from] item: Flame Orb
|upkeep
|
|t:|1757915141
|switch|p1a: Indeedee|Indeedee, L50, M|100/100
|switch|p1b: Tyranitar|Tyranitar, L50, M|100/100
|-weather|Sandstorm|[from] ability: Sand Stream|[of] p1b: Tyranitar
|-fieldstart|move: Psychic Terrain|[from] ability: Psychic Surge|[of] p1a: Indeedee
|turn|5
|inactive|TheRealKenKaniff has 30 seconds left.
|inactive|Andrewx98 has 30 seconds left.
|inactive|TheRealKenKaniff has 20 seconds left.
|inactive|Andrewx98 has 20 seconds left.
|inactive|Andrewx98 has 15 seconds left.
|
|t:|1757915184
|-terastallize|p1b: Tyranitar|Flying
|move|p2a: Pelipper|Wide Guard|p2a: Pelipper
|-singleturn|p2a: Pelipper|Wide Guard
|move|p2b: Ursaluna|Facade|p1b: Tyranitar
|-damage|p1b: Tyranitar|0 fnt
|faint|p1b: Tyranitar
|move|p1a: Indeedee|Expanding Force|p2a: Pelipper|[spread] 
|-activate|p2a: Pelipper|move: Wide Guard
|-activate|p2b: Ursaluna|move: Wide Guard
|
|-weather|Sandstorm|[upkeep]
|-damage|p1a: Indeedee|95/100|[from] Sandstorm
|-damage|p2b: Ursaluna|95/100 brn|[from] brn
|-fieldend|move: Trick Room
|upkeep
|turn|6
|
|t:|1757915208
|move|p2a: Pelipper|Wide Guard|p2a: Pelipper
|-singleturn|p2a: Pelipper|Wide Guard
|move|p1a: Indeedee|Expanding Force|p2b: Ursaluna|[spread] 
|-activate|p2a: Pelipper|move: Wide Guard
|-activate|p2b: Ursaluna|move: Wide Guard
|move|p2b: Ursaluna|Headlong Rush|p1a: Indeedee
|-damage|p1a: Indeedee|0 fnt
|-unboost|p2b: Ursaluna|def|1
|-unboost|p2b: Ursaluna|spd|1
|faint|p1a: Indeedee
|
|win|Andrewx98
|raw|TheRealKenKaniff's rating: 1117 → 1088(-29 for losing)
|raw|Andrewx98's rating: 1062 → 1098(+36 for winning)
