|j|☆Zacharykeith
|j|☆Maxblueface
|html|ZacharykeithMaxblueface    
|uhtml|bestof|Game 2 of a best-of-3
|t:|1756340347
|gametype|doubles
|player|p1|Zacharykeith|fisherman-gen4|1104
|player|p2|Maxblueface|169|1068
|gen|9
|tier|[Gen 9] VGC 2025 Reg H (Bo3)
|rated|
|rule|Species Clause: Limit one of each Pokémon
|rule|Item Clause: Limit 1 of each item
|clearpoke
|poke|p1|Rillaboom, L50, M|
|poke|p1|Arcanine-Hisui, L50, F|
|poke|p1|Electabuzz, L50, F|
|poke|p1|Kingambit, L50, F|
|poke|p1|Primarina, L50, M|
|poke|p1|Dragapult, L50, M|
|poke|p2|Annihilape, L50, F|
|poke|p2|Whimsicott, L50, M|
|poke|p2|Garchomp, L50, M|
|poke|p2|Clefable, L50, F|
|poke|p2|Hydreigon, L50, M|
|poke|p2|Gholdengo, L50|
|teampreview|4
|showteam|p1|Rillaboom||AssaultVest|GrassySurge|FakeOut,GrassyGlide,WoodHammer,HighHorsepower|||M|||50|,,,,,Fire]Arcanine-Hisui||ClearAmulet|Intimidate|FlareBlitz,RockSlide,ExtremeSpeed,Protect|||F|||50|,,,,,Water]Electabuzz||Eviolite|VitalSpirit|VoltSwitch,Electroweb,FollowMe,Taunt|||F|||50|,,,,,Ghost]Kingambit||BlackGlasses|Defiant|SuckerPunch,KowtowCleave,SwordsDance,Protect|||F|||50|,,,,,Dark]Primarina||ThroatSpray|LiquidVoice|HyperVoice,Moonblast,Haze,Protect|||M|||50|,,,,,Steel]Dragapult||ChoiceBand|ClearBody|DragonDarts,PhantomForce,Uturn,Outrage|||M|||50|,,,,,Dragon
|showteam|p2|Annihilape||SafetyGoggles|Defiant|Protect,BulkUp,DrainPunch,RageFist|||F|||50|,,,,,Water]Whimsicott||FocusSash|Prankster|SunnyDay,Encore,Tailwind,Moonblast|||M|||50|,,,,,Ghost]Garchomp||LifeOrb|RoughSkin|Protect,RockSlide,DragonClaw,Earthquake|||M|||50|,,,,,Steel]Clefable||SitrusBerry|Unaware|Protect,FollowMe,MistyTerrain,Moonblast|||F|||50|,,,,,Water]Hydreigon||ChoiceSpecs|Levitate|HeatWave,Uturn,DarkPulse,DracoMeteor|||M|||50|,,,,,Fire]Gholdengo||MetalCoat|GoodasGold|Protect,NastyPlot,ShadowBall,MakeItRain||||||50|,,,,,Steel
|
|t:|1756340390
|teamsize|p1|4
|teamsize|p2|4
|start
|switch|p1a: Arcanine|Arcanine-Hisui, L50, F|100/100
|switch|p1b: Rillaboom|Rillaboom, L50, M|100/100
|switch|p2a: Whimsicott|Whimsicott, L50, M|100/100
|switch|p2b: Hydreigon|Hydreigon, L50, M|100/100
|-ability|p1a: Arcanine|Intimidate|boost
|-unboost|p2a: Whimsicott|atk|1
|-unboost|p2b: Hydreigon|atk|1
|-fieldstart|move: Grassy Terrain|[from] ability: Grassy Surge|[of] p1b: Rillaboom
|turn|1
|
|t:|1756340421
|move|p1b: Rillaboom|Fake Out|p2b: Hydreigon
|-damage|p2b: Hydreigon|84/100
|move|p2a: Whimsicott|Tailwind|p2a: Whimsicott
|-sidestart|p2: Maxblueface|move: Tailwind
|cant|p2b: Hydreigon|flinch
|move|p1a: Arcanine|Rock Slide|p2b: Hydreigon|[spread] p2a,p2b
|-damage|p2a: Whimsicott|59/100
|-damage|p2b: Hydreigon|50/100
|
|-heal|p2a: Whimsicott|64/100|[from] Grassy Terrain
|upkeep
|turn|2
|
|t:|1756340452
|switch|p1b: Kingambit|Kingambit, L50, F|100/100
|-terastallize|p2b: Hydreigon|Fire
|move|p2a: Whimsicott|Sunny Day|p2a: Whimsicott
|-weather|SunnyDay
|move|p2b: Hydreigon|Heat Wave|p1a: Arcanine|[spread] p1a,p1b
|-resisted|p1a: Arcanine
|-supereffective|p1b: Kingambit
|-damage|p1a: Arcanine|73/100
|-damage|p1b: Kingambit|0 fnt
|faint|p1b: Kingambit
|move|p1a: Arcanine|Rock Slide|p2a: Whimsicott|[spread] p2b
|-miss|p1a: Arcanine|p2a: Whimsicott
|-supereffective|p2b: Hydreigon
|-damage|p2b: Hydreigon|0 fnt
|faint|p2b: Hydreigon
|
|-weather|SunnyDay|[upkeep]
|-heal|p2a: Whimsicott|70/100|[from] Grassy Terrain
|-heal|p1a: Arcanine|79/100|[from] Grassy Terrain
|upkeep
|
|t:|1756340472
|switch|p2b: Garchomp|Garchomp, L50, M|100/100
|switch|p1b: Rillaboom|Rillaboom, L50, M|100/100
|turn|3
|
|t:|1756340483
|move|p2b: Garchomp|Protect|p2b: Garchomp
|-singleturn|p2b: Garchomp|Protect
|move|p1b: Rillaboom|Fake Out|p2b: Garchomp
|-activate|p2b: Garchomp|move: Protect
|move|p2a: Whimsicott|Encore|p1a: Arcanine
|-start|p1a: Arcanine|Encore
|move|p1a: Arcanine|Rock Slide|p2b: Garchomp|[spread] p2a
|-activate|p2b: Garchomp|move: Protect
|-damage|p2a: Whimsicott|31/100
|
|-weather|SunnyDay|[upkeep]
|-heal|p2a: Whimsicott|37/100|[from] Grassy Terrain
|-heal|p1a: Arcanine|85/100|[from] Grassy Terrain
|upkeep
|turn|4
|
|t:|1756340506
|switch|p1b: Electabuzz|Electabuzz, L50, F|100/100
|-terastallize|p1a: Arcanine|Water
|move|p2a: Whimsicott|Moonblast|p1b: Electabuzz
|-damage|p1b: Electabuzz|71/100
|move|p2b: Garchomp|Earthquake|p1a: Arcanine|[spread] p2a,p1a,p1b
|-resisted|p2a: Whimsicott
|-supereffective|p1b: Electabuzz
|-damage|p2a: Whimsicott|17/100
|-damage|p1a: Arcanine|52/100
|-damage|p1b: Electabuzz|34/100
|-damage|p2b: Garchomp|91/100|[from] item: Life Orb
|move|p1a: Arcanine|Rock Slide|p2a: Whimsicott|[spread] p2a,p2b
|-resisted|p2b: Garchomp
|-damage|p2a: Whimsicott|0 fnt
|-damage|p2b: Garchomp|76/100
|faint|p2a: Whimsicott
|
|-weather|SunnyDay|[upkeep]
|-heal|p2b: Garchomp|82/100|[from] Grassy Terrain
|-heal|p1a: Arcanine|58/100|[from] Grassy Terrain
|-heal|p1b: Electabuzz|40/100|[from] Grassy Terrain
|-sideend|p2: Maxblueface|move: Tailwind
|upkeep
|
|t:|1756340524
|switch|p2a: Gholdengo|Gholdengo, L50|100/100
|turn|5
|
|t:|1756340546
|switch|p1a: Rillaboom|Rillaboom, L50, M|100/100
|move|p2b: Garchomp|Protect|p2b: Garchomp
|-singleturn|p2b: Garchomp|Protect
|move|p2a: Gholdengo|Nasty Plot|p2a: Gholdengo
|-boost|p2a: Gholdengo|spa|2
|move|p1b: Electabuzz|Volt Switch|p2a: Gholdengo
|-damage|p2a: Gholdengo|73/100
|
|t:|1756340555
|switch|p1b: Arcanine|Arcanine-Hisui, L50, F, tera:Water|58/100|[from] Volt Switch
|-ability|p1b: Arcanine|Intimidate|boost
|-unboost|p2a: Gholdengo|atk|1
|-unboost|p2b: Garchomp|atk|1
|
|-weather|SunnyDay|[upkeep]
|-heal|p2b: Garchomp|88/100|[from] Grassy Terrain
|-heal|p1b: Arcanine|64/100|[from] Grassy Terrain
|-heal|p2a: Gholdengo|79/100|[from] Grassy Terrain
|-fieldend|move: Grassy Terrain
|upkeep
|turn|6
|
|t:|1756340581
|move|p1b: Arcanine|Protect|p1b: Arcanine
|-singleturn|p1b: Arcanine|Protect
|move|p2b: Garchomp|Rock Slide|p1b: Arcanine|[spread] p1a
|-activate|p1b: Arcanine|move: Protect
|-damage|p1a: Rillaboom|86/100
|-damage|p2b: Garchomp|79/100|[from] item: Life Orb
|move|p2a: Gholdengo|Make It Rain|p1b: Arcanine|[spread] p1a
|-activate|p1b: Arcanine|move: Protect
|-crit|p1a: Rillaboom
|-damage|p1a: Rillaboom|0 fnt
|-unboost|p2a: Gholdengo|spa|1
|faint|p1a: Rillaboom
|
|-weather|none
|upkeep
|
|t:|1756340595
|switch|p1a: Electabuzz|Electabuzz, L50, F|40/100
|turn|7
|
|t:|1756340602
|move|p2a: Gholdengo|Protect|p2a: Gholdengo
|-singleturn|p2a: Gholdengo|Protect
|move|p1a: Electabuzz|Follow Me|p1a: Electabuzz
|-singleturn|p1a: Electabuzz|move: Follow Me
|move|p2b: Garchomp|Earthquake|p1b: Arcanine|[spread] p1a,p1b
|-activate|p2a: Gholdengo|move: Protect
|-supereffective|p1a: Electabuzz
|-damage|p1a: Electabuzz|0 fnt
|-damage|p1b: Arcanine|18/100
|faint|p1a: Electabuzz
|-damage|p2b: Garchomp|69/100|[from] item: Life Orb
|move|p1b: Arcanine|Flare Blitz|p2a: Gholdengo
|-activate|p2a: Gholdengo|move: Protect
|
|upkeep
|turn|8
|-message|Zacharykeith forfeited.
|
|win|Maxblueface
