|j|☆lolgz
|j|☆BackPAC
|html|lolgzBackPAC    
|uhtml|bestof|Game 2 of a best-of-3
|t:|1782193358
|gametype|doubles
|player|p1|lolgz|dawn|1205
|player|p2|BackPAC|burglar|1140
|gen|9
|tier|[Gen 9 Champions] VGC 2026 Reg M-B (Bo3)
|rated|
|rule|Species Clause: Limit one of each Pokémon
|rule|Item Clause: Limit 1 of each item
|clearpoke
|poke|p1|Torkoal, L50, M|
|poke|p1|Vileplume, L50, M|
|poke|p1|Farigiraf, L50, M|
|poke|p1|Scrafty, L50, M|
|poke|p1|Gallade, L50, M|
|poke|p1|Mawile, L50, F|
|poke|p2|Grimmsnarl, L50, M|
|poke|p2|Staraptor, L50, M|
|poke|p2|Milotic, L50, M|
|poke|p2|Ceruledge, L50, F|
|poke|p2|Serperior, L50, M|
|poke|p2|Kangaskhan, L50, F|
|teampreview|4
|showteam|p1|Torkoal||Charcoal|Drought|Eruption,WeatherBall,EarthPower,Protect|Quiet||M|||50|]Vileplume||FocusSash|Chlorophyll|EnergyBall,SludgeBomb,SleepPowder,AfterYou|Timid||M|||50|]Farigiraf||SitrusBerry|ArmorTail|TrickRoom,Protect,Psychic,HelpingHand|Bold||M|||50|]Scrafty||Scraftinite|Intimidate|CloseCombat,KnockOff,FakeOut,RockSlide|Brave||M|||50|]Gallade||IronBall|Sharpness|SacredSword,PsychoCut,WideGuard,TrickRoom|Brave||M|||50|]Mawile||Mawilite|Intimidate|SuckerPunch,PlayRough,SwordsDance,Protect|Brave||F|||50|
|showteam|p2|Grimmsnarl||LightClay|Prankster|PartingShot,LightScreen,Reflect,FoulPlay|Careful||M|||50|]Staraptor||Staraptite|Intimidate|Protect,Roost,BraveBird,CloseCombat|Jolly||M|||50|]Milotic||Leftovers|Competitive|Protect,Coil,Hypnosis,MuddyWater|Bold||M|||50|]Ceruledge||Charcoal|FlashFire|Protect,BulkUp,BitterBlade,ShadowSneak|Adamant||F|||50|]Serperior||WideLens|Contrary|Protect,Glare,Taunt,LeafStorm|Timid||M|||50|]Kangaskhan||Kangaskhanite|Scrappy|FakeOut,LowKick,IcePunch,DoubleEdge|Adamant||F|||50|
|inactive|Battle timer is ON: inactive players will automatically lose when time's up. (requested by lolgz)
|
|t:|1782193386
|teamsize|p1|4
|teamsize|p2|4
|start
|switch|p1a: Farigiraf|Farigiraf, L50, M|100/100
|switch|p1b: Gallade|Gallade, L50, M|100/100
|switch|p2a: Grimmsnarl|Grimmsnarl, L50, M|100/100
|switch|p2b: Ceruledge|Ceruledge, L50, F|100/100
|turn|1
|
|t:|1782193399
|move|p2a: Grimmsnarl|Reflect|p2a: Grimmsnarl
|-sidestart|p2: BackPAC|Reflect
|move|p2b: Ceruledge|Bulk Up|p2b: Ceruledge
|-boost|p2b: Ceruledge|atk|1
|-boost|p2b: Ceruledge|def|1
|move|p1b: Gallade|Psycho Cut|p2b: Ceruledge
|-damage|p2b: Ceruledge|74/100
|move|p1a: Farigiraf|Trick Room|p1a: Farigiraf
|-fieldstart|move: Trick Room|[of] p1a: Farigiraf
|
|upkeep
|turn|2
|
|t:|1782193417
|move|p2a: Grimmsnarl|Light Screen|p2a: Grimmsnarl
|-sidestart|p2: BackPAC|move: Light Screen
|move|p1b: Gallade|Psycho Cut|p2b: Ceruledge
|-damage|p2b: Ceruledge|49/100
|move|p1a: Farigiraf|Psychic|p2b: Ceruledge
|-damage|p2b: Ceruledge|25/100
|move|p2b: Ceruledge|Bitter Blade|p1b: Gallade
|-damage|p1b: Gallade|0 fnt
|-heal|p2b: Ceruledge|75/100|[from] drain|[of] p1b: Gallade
|faint|p1b: Gallade
|
|upkeep
|
|t:|1782193421
|switch|p1b: Mawile|Mawile, L50, F|100/100
|-ability|p1b: Mawile|Intimidate|boost
|-unboost|p2a: Grimmsnarl|atk|1
|-unboost|p2b: Ceruledge|atk|1
|turn|3
|
|t:|1782193443
|switch|p1a: Torkoal|Torkoal, L50, M|100/100
|-weather|SunnyDay|[from] ability: Drought|[of] p1a: Torkoal
|switch|p2a: Staraptor|Staraptor, L50, M|100/100
|-ability|p2a: Staraptor|Intimidate|boost
|-unboost|p1a: Torkoal|atk|1
|-unboost|p1b: Mawile|atk|1
|detailschange|p1b: Mawile|Mawile-Mega, L50, F
|-mega|p1b: Mawile|Mawile|Mawilite
|move|p1b: Mawile|Play Rough|p2a: Staraptor
|-damage|p2a: Staraptor|51/100
|move|p2b: Ceruledge|Bulk Up|p2b: Ceruledge
|-boost|p2b: Ceruledge|atk|1
|-boost|p2b: Ceruledge|def|1
|
|-weather|SunnyDay|[upkeep]
|upkeep
|turn|4
|
|t:|1782193460
|switch|p2a: Grimmsnarl|Grimmsnarl, L50, M|100/100
|move|p1b: Mawile|Sucker Punch|p2b: Ceruledge
|-supereffective|p2b: Ceruledge|1
|-damage|p2b: Ceruledge|54/100
|move|p1a: Torkoal|Earth Power|p2b: Ceruledge
|-supereffective|p2b: Ceruledge|1
|-damage|p2b: Ceruledge|20/100y
|move|p2b: Ceruledge|Bitter Blade|p1a: Torkoal
|-resisted|p1a: Torkoal|1
|-damage|p1a: Torkoal|57/100
|-heal|p2b: Ceruledge|41/100|[from] drain|[of] p1a: Torkoal
|
|-weather|SunnyDay|[upkeep]
|upkeep
|turn|5
|
|t:|1782193484
|move|p2b: Ceruledge|Protect|p2b: Ceruledge
|-singleturn|p2b: Ceruledge|Protect
|move|p1b: Mawile|Sucker Punch||[still]
|-fail|p1b: Mawile
|move|p1a: Torkoal|Earth Power|p2b: Ceruledge
|-activate|p2b: Ceruledge|move: Protect
|move|p2a: Grimmsnarl|Foul Play|p1a: Torkoal
|-damage|p1a: Torkoal|41/100
|
|-weather|SunnyDay|[upkeep]
|-fieldend|move: Trick Room
|upkeep
|turn|6
|
|t:|1782193501
|switch|p2a: Staraptor|Staraptor, L50, M|51/100
|-ability|p2a: Staraptor|Intimidate|boost
|-unboost|p1a: Torkoal|atk|1
|-unboost|p1b: Mawile|atk|1
|move|p1b: Mawile|Sucker Punch|p2b: Ceruledge
|-supereffective|p2b: Ceruledge|1
|-damage|p2b: Ceruledge|28/100
|move|p2b: Ceruledge|Bitter Blade|p1a: Torkoal
|-resisted|p1a: Torkoal|1
|-damage|p1a: Torkoal|0 fnt
|-heal|p2b: Ceruledge|49/100|[from] drain|[of] p1a: Torkoal
|faint|p1a: Torkoal
|
|-weather|SunnyDay|[upkeep]
|upkeep
|
|t:|1782193508
|switch|p1a: Farigiraf|Farigiraf, L50, M|100/100
|turn|7
|
|t:|1782193515
|switch|p2a: Grimmsnarl|Grimmsnarl, L50, M|100/100
|move|p1b: Mawile|Sucker Punch||[still]
|-fail|p1b: Mawile
|move|p2b: Ceruledge|Bitter Blade|p1a: Farigiraf
|-damage|p1a: Farigiraf|9/100
|-heal|p2b: Ceruledge|100/100|[from] drain|[of] p1a: Farigiraf
|-enditem|p1a: Farigiraf|Sitrus Berry|[eat]
|-heal|p1a: Farigiraf|34/100|[from] item: Sitrus Berry
|move|p1a: Farigiraf|Trick Room|p1a: Farigiraf
|-fieldstart|move: Trick Room|[of] p1a: Farigiraf
|
|-weather|none
|upkeep
|turn|8
|-message|lolgz forfeited.
|
|win|BackPAC
