|j|☆vilan333
|j|☆Hokore
|html|vilan333Hokore    
|uhtml|bestof|Game 3 of a best-of-3
|t:|1756247919
|gametype|doubles
|player|p1|vilan333|marshal|1059
|player|p2|Hokore|veteran|1059
|gen|9
|tier|[Gen 9] VGC 2025 Reg H (Bo3)
|rated|
|rule|Species Clause: Limit one of each Pokémon
|rule|Item Clause: Limit 1 of each item
|clearpoke
|poke|p1|Sneasler, L50, M|
|poke|p1|Indeedee, L50, M|
|poke|p1|Ursaluna-Bloodmoon, L50, M|
|poke|p1|Electabuzz, L50, M|
|poke|p1|Talonflame, L50, M|
|poke|p1|Incineroar, L50, F|
|poke|p2|Pelipper, L50, M|
|poke|p2|Mimikyu, L50, M|
|poke|p2|Overqwil, L50, M|
|poke|p2|Gholdengo, L50|
|poke|p2|Archaludon, L50, F|
|poke|p2|Incineroar, L50, M|
|teampreview|4
|showteam|p1|Sneasler||PsychicSeed|Unburden|Protect,CloseCombat,DireClaw,ThroatChop|||M|||50|,,,,,Dark]Indeedee||FocusSash|PsychicSurge|Imprison,TrickRoom,ExpandingForce,TeraBlast|||M|||50|,,,,,Fighting]Ursaluna-Bloodmoon||LifeOrb|MindsEye|Protect,HyperVoice,BloodMoon,EarthPower|||M|||50|,,,,,Normal]Electabuzz||Eviolite|VitalSpirit|Electroweb,Protect,Taunt,FollowMe|||M|||50|,,,,,Ghost]Talonflame||CovertCloak|GaleWings|Tailwind,Taunt,DualWingbeat,FlareBlitz|||M|||50|,,,,,Fairy]Incineroar||SitrusBerry|Intimidate|FakeOut,KnockOff,PartingShot,FlareBlitz|||F|||50|,,,,,Water
|showteam|p2|Pelipper||FocusSash|Drizzle|Hurricane,Tailwind,WeatherBall,Protect|||M|||50|,,,,,Ghost]Mimikyu||MentalHerb|Disguise|PlayRough,ShadowSneak,SwordsDance,TrickRoom|||M|||50|,,,,,Stellar]Overqwil||LifeOrb|SwiftSwim|PoisonJab,Liquidation,Crunch,Protect|||M|||50|,,,,,Poison]Gholdengo||ChoiceSpecs|GoodasGold|MakeItRain,DazzlingGleam,PowerGem,ShadowBall||||||50|,,,,,Water]Archaludon||AssaultVest|Stamina|BodyPress,DracoMeteor,ElectroShot,Snarl|||F|||50|,,,,,Bug]Incineroar||SafetyGoggles|Intimidate|FakeOut,FlareBlitz,KnockOff,WillOWisp|||M|||50|,,,,,Water
|inactive|Battle timer is ON: inactive players will automatically lose when time's up. (requested by vilan333)
|
|t:|1756247968
|teamsize|p1|4
|teamsize|p2|4
|start
|switch|p1a: Electabuzz|Electabuzz, L50, M, shiny|100/100
|switch|p1b: Ursaluna|Ursaluna-Bloodmoon, L50, M|100/100
|switch|p2a: Pelipper|Pelipper, L50, M|100/100
|switch|p2b: Overqwil|Overqwil, L50, M|100/100
|-weather|RainDance|[from] ability: Drizzle|[of] p2a: Pelipper
|turn|1
|inactive|Hokore has 30 seconds left.
|inactive|Hokore has 20 seconds left.
|inactive|Hokore has 15 seconds left.
|inactive|Hokore has 10 seconds left.
|inactive|Hokore has 5 seconds left.
|
|t:|1756248019
|switch|p2a: Archaludon|Archaludon, L50, F|100/100
|move|p2b: Overqwil|Protect|p2b: Overqwil
|-singleturn|p2b: Overqwil|Protect
|move|p1b: Ursaluna|Protect|p1b: Ursaluna
|-singleturn|p1b: Ursaluna|Protect
|move|p1a: Electabuzz|Electroweb|p2b: Overqwil|[spread] p2a
|-activate|p2b: Overqwil|move: Protect
|-resisted|p2a: Archaludon
|-damage|p2a: Archaludon|95/100
|-unboost|p2a: Archaludon|spe|1
|-ability|p2a: Archaludon|Stamina|boost
|-boost|p2a: Archaludon|def|1
|
|-weather|RainDance|[upkeep]
|upkeep
|turn|2
|inactive|vilan333 has 30 seconds left.
|inactive|Hokore has 30 seconds left.
|inactive|Hokore has 20 seconds left.
|
|t:|1756248054
|-terastallize|p2a: Archaludon|Bug
|move|p1a: Electabuzz|Follow Me|p1a: Electabuzz
|-singleturn|p1a: Electabuzz|move: Follow Me
|move|p2b: Overqwil|Crunch|p1a: Electabuzz
|-damage|p1a: Electabuzz|44/100
|-damage|p2b: Overqwil|91/100|[from] item: Life Orb
|move|p1b: Ursaluna|Hyper Voice|p2a: Archaludon|[spread] p2a,p2b
|-damage|p2a: Archaludon|51/100
|-damage|p2b: Overqwil|8/100
|-ability|p2a: Archaludon|Stamina|boost
|-boost|p2a: Archaludon|def|1
|-damage|p1b: Ursaluna|91/100|[from] item: Life Orb
|move|p2a: Archaludon|Snarl|p1a: Electabuzz|[spread] p1a,p1b
|-damage|p1a: Electabuzz|32/100
|-damage|p1b: Ursaluna|70/100
|-unboost|p1a: Electabuzz|spa|1
|-unboost|p1b: Ursaluna|spa|1
|
|-weather|RainDance|[upkeep]
|upkeep
|turn|3
|inactive|vilan333 has 30 seconds left.
|inactive|Hokore has 30 seconds left.
|inactive|Hokore has 20 seconds left.
|inactive|Hokore has 15 seconds left.
|inactive|Hokore has 10 seconds left.
|inactive|Hokore has 5 seconds left.
|
|t:|1756248106
|move|p2b: Overqwil|Protect|p2b: Overqwil
|-singleturn|p2b: Overqwil|Protect
|move|p1a: Electabuzz|Follow Me|p1a: Electabuzz
|-singleturn|p1a: Electabuzz|move: Follow Me
|move|p1b: Ursaluna|Blood Moon|p2a: Archaludon
|-damage|p2a: Archaludon|0 fnt
|faint|p2a: Archaludon
|-damage|p1b: Ursaluna|61/100|[from] item: Life Orb
|
|-weather|RainDance|[upkeep]
|upkeep
|
|t:|1756248124
|switch|p2a: Incineroar|Incineroar, L50, M|100/100
|-ability|p2a: Incineroar|Intimidate|boost
|-unboost|p1a: Electabuzz|atk|1
|-unboost|p1b: Ursaluna|atk|1
|turn|4
|inactive|Hokore has 30 seconds left.
|
|t:|1756248154
|move|p1a: Electabuzz|Protect|p1a: Electabuzz
|-singleturn|p1a: Electabuzz|Protect
|move|p1b: Ursaluna|Protect|p1b: Ursaluna
|-singleturn|p1b: Ursaluna|Protect
|move|p2a: Incineroar|Fake Out|p1b: Ursaluna
|-activate|p1b: Ursaluna|move: Protect
|move|p2b: Overqwil|Poison Jab|p1a: Electabuzz
|-activate|p1a: Electabuzz|move: Protect
|
|-weather|RainDance|[upkeep]
|upkeep
|turn|5
|inactive|vilan333 has 30 seconds left.
|inactive|Hokore has 30 seconds left.
|inactive|Hokore has 20 seconds left.
|inactive|Hokore has 15 seconds left.
|
|t:|1756248197
|move|p1a: Electabuzz|Follow Me|p1a: Electabuzz
|-singleturn|p1a: Electabuzz|move: Follow Me
|move|p2b: Overqwil|Crunch|p1a: Electabuzz
|-damage|p1a: Electabuzz|0 fnt
|faint|p1a: Electabuzz
|-damage|p2b: Overqwil|0 fnt|[from] item: Life Orb
|faint|p2b: Overqwil
|move|p1b: Ursaluna|Hyper Voice|p2a: Incineroar
|-damage|p2a: Incineroar|65/100
|-damage|p1b: Ursaluna|51/100|[from] item: Life Orb
|move|p2a: Incineroar|Knock Off|p1b: Ursaluna
|-damage|p1b: Ursaluna|16/100
|-enditem|p1b: Ursaluna|Life Orb|[from] move: Knock Off|[of] p2a: Incineroar
|
|-weather|none
|upkeep
|
|t:|1756248215
|switch|p1a: Sneasler|Sneasler, L50, M|100/100
|switch|p2b: Pelipper|Pelipper, L50, M|100/100
|-weather|RainDance|[from] ability: Drizzle|[of] p2b: Pelipper
|turn|6
|
|t:|1756248237
|-terastallize|p1a: Sneasler|Dark
|move|p2b: Pelipper|Protect|p2b: Pelipper
|-singleturn|p2b: Pelipper|Protect
|move|p1a: Sneasler|Dire Claw|p2b: Pelipper
|-activate|p2b: Pelipper|move: Protect
|move|p1b: Ursaluna|Earth Power|p2a: Incineroar
|-supereffective|p2a: Incineroar
|-damage|p2a: Incineroar|8/100
|move|p2a: Incineroar|Knock Off|p1a: Sneasler
|-resisted|p1a: Sneasler
|-damage|p1a: Sneasler|71/100
|-enditem|p1a: Sneasler|Psychic Seed|[from] move: Knock Off|[of] p2a: Incineroar
|
|-weather|RainDance|[upkeep]
|upkeep
|turn|7
|
|t:|1756248261
|move|p1a: Sneasler|Dire Claw|p2a: Incineroar
|-damage|p2a: Incineroar|0 fnt
|faint|p2a: Incineroar
|move|p2b: Pelipper|Hurricane|p1a: Sneasler
|-damage|p1a: Sneasler|14/100
|move|p1b: Ursaluna|Hyper Voice|p2b: Pelipper
|-damage|p2b: Pelipper|39/100
|
|-weather|RainDance|[upkeep]
|upkeep
|turn|8
|inactive|Hokore has 30 seconds left.
|inactive|Hokore has 20 seconds left.
|inactive|Hokore has 15 seconds left.
|inactive|Hokore has 10 seconds left.
|inactive|Hokore has 5 seconds left.
|
|t:|1756248316
|move|p1a: Sneasler|Dire Claw|p2b: Pelipper
|-damage|p2b: Pelipper|0 fnt
|faint|p2b: Pelipper
|
|win|vilan333
|raw|vilan333's rating: 1059 → 1090(+31 for winning)
|raw|Hokore's rating: 1059 → 1040(-19 for losing)
