|j|☆returningto
|j|☆Vex100000
|html|returningtoVex100000    
|uhtml|bestof|Game 3 of a best-of-3
|t:|1786022533
|gametype|doubles
|player|p1|returningto|170|1148
|player|p2|Vex100000|cynthia-masters4|1024
|gen|9
|tier|[Gen 9 Champions] VGC 2026 Reg M-B (Bo3)
|rated|
|rule|Species Clause: Limit one of each Pokémon
|rule|Item Clause: Limit 1 of each item
|clearpoke
|poke|p1|Typhlosion-Hisui, L50, M|
|poke|p1|Whimsicott, L50, F|
|poke|p1|Raichu, L50, F|
|poke|p1|Scizor, L50, F|
|poke|p1|Snorlax, L50, M|
|poke|p1|Sinistcha, L50|
|poke|p2|Staraptor, L50, M|
|poke|p2|Tyranitar, L50, M|
|poke|p2|Gholdengo, L50|
|poke|p2|Excadrill, L50, M|
|poke|p2|Milotic, L50, M|
|poke|p2|Sinistcha, L50|
|teampreview|4
|showteam|p1|Typhlosion-Hisui||Charcoal|Blaze|Eruption,HeatWave,ShadowBall,Protect|Modest||M|||50|]Whimsicott||MentalHerb|Prankster|Tailwind,SunnyDay,Moonblast,Taunt|Bold||F|||50|]Raichu||RaichuniteY|LightningRod|FakeOut,FocusBlast,ZapCannon,VoltSwitch|Timid||F|||50|]Scizor||Scizorite|LightMetal|SwordsDance,BulletPunch,BugBite,Protect|Adamant||F|||50|]Snorlax||SitrusBerry|ThickFat|RockSlide,BodySlam,BellyDrum,Protect|Impish||M|||50|]Sinistcha||BrightPowder|Hospitality|MatchaGotcha,TrickRoom,RagePowder,LifeDew|Bold|||||50|
|showteam|p2|Staraptor||Staraptite|Intimidate|BraveBird,CloseCombat,Tailwind,Protect|Jolly||M|||50|]Tyranitar||Tyranitarite|SandStream|RockSlide,KnockOff,LowKick,Protect|Jolly||M|||50|]Gholdengo||LifeOrb|GoodasGold|MakeItRain,Protect,NastyPlot,ShadowBall|Modest|||||50|]Excadrill||FocusSash|SandRush|HighHorsepower,IronHead,RockSlide,Protect|Adamant||M|||50|]Milotic||SitrusBerry|Competitive|IcyWind,Scald,IceBeam,Protect|Modest||M|||50|]Sinistcha||ColburBerry|Hospitality|TrickRoom,RagePowder,MatchaGotcha,Protect|Calm|||||50|
|c|☆returningto|g
|inactive|Battle timer is ON: inactive players will automatically lose when time's up. (requested by Vex100000)
|inactive|returningto has 60 seconds left.
|inactive|returningto has 30 seconds left.
|
|t:|1786022597
|teamsize|p1|4
|teamsize|p2|4
|start
|switch|p1a: Snorlax|Snorlax, L50, M|100/100
|switch|p1b: Whimsicott|Whimsicott, L50, F|100/100
|switch|p2a: Tyranitar|Tyranitar, L50, M|100/100
|switch|p2b: Excadrill|Excadrill, L50, M|100/100
|-weather|Sandstorm|[from] ability: Sand Stream|[of] p2a: Tyranitar
|turn|1
|
|t:|1786022621
|detailschange|p2a: Tyranitar|Tyranitar-Mega, L50, M
|-mega|p2a: Tyranitar|Tyranitar|Tyranitarite
|move|p1b: Whimsicott|Sunny Day|p1b: Whimsicott
|-weather|SunnyDay
|move|p2b: Excadrill|Iron Head|p1b: Whimsicott
|-supereffective|p1b: Whimsicott|1
|-damage|p1b: Whimsicott|23/100
|move|p2a: Tyranitar|Low Kick|p1a: Snorlax
|-supereffective|p1a: Snorlax|1
|-damage|p1a: Snorlax|29/100
|-enditem|p1a: Snorlax|Sitrus Berry|[eat]
|-heal|p1a: Snorlax|53/100|[from] item: Sitrus Berry
|move|p1a: Snorlax|Belly Drum|p1a: Snorlax
|-damage|p1a: Snorlax|4/100
|-setboost|p1a: Snorlax|atk|6|[from] move: Belly Drum
|
|-weather|SunnyDay|[upkeep]
|upkeep
|turn|2
|inactive|Vex100000 has 30 seconds left.
|
|t:|1786022650
|switch|p1b: Sinistcha|Sinistcha, L50|100/100
|-heal|p1a: Snorlax|28/100|[from] ability: Hospitality|[of] p1b: Sinistcha
|switch|p2a: Sinistcha|Sinistcha, L50|100/100
|move|p1a: Snorlax|Protect|p1a: Snorlax
|-singleturn|p1a: Snorlax|Protect
|move|p2b: Excadrill|Rock Slide|p1b: Sinistcha|[spread] p1b
|-activate|p1a: Snorlax|move: Protect
|-damage|p1b: Sinistcha|83/100
|
|-weather|SunnyDay|[upkeep]
|upkeep
|turn|3
|inactive|returningto has 30 seconds left.
|inactive|Vex100000 has 30 seconds left.
|
|t:|1786022682
|move|p2b: Excadrill|Protect|p2b: Excadrill
|-singleturn|p2b: Excadrill|Protect
|move|p1b: Sinistcha|Rage Powder|p1b: Sinistcha
|-singleturn|p1b: Sinistcha|move: Rage Powder
|move|p2a: Sinistcha|Matcha Gotcha|p1a: Snorlax|[spread] p1a,p1b
|-resisted|p1b: Sinistcha|1
|-damage|p1a: Snorlax|12/100
|-damage|p1b: Sinistcha|70/100
|move|p1a: Snorlax|Body Slam|p2b: Excadrill
|-activate|p2b: Excadrill|move: Protect
|
|-weather|SunnyDay|[upkeep]
|upkeep
|turn|4
|
|t:|1786022700
|move|p2a: Sinistcha|Rage Powder|p2a: Sinistcha
|-singleturn|p2a: Sinistcha|move: Rage Powder
|move|p2b: Excadrill|Rock Slide|p1b: Sinistcha|[spread] p1a,p1b
|-damage|p1a: Snorlax|0 fnt
|-damage|p1b: Sinistcha|53/100
|faint|p1a: Snorlax
|move|p1b: Sinistcha|Life Dew|p1b: Sinistcha
|-heal|p1b: Sinistcha|79/100
|
|-weather|SunnyDay|[upkeep]
|upkeep
|
|t:|1786022714
|switch|p1a: Scizor|Scizor, L50, F|100/100
|turn|5
|inactive|returningto has 30 seconds left.
|
|t:|1786022745
|detailschange|p1a: Scizor|Scizor-Mega, L50, F
|-mega|p1a: Scizor|Scizor|Scizorite
|move|p2b: Excadrill|Rock Slide|p1b: Sinistcha|[spread] p1a,p1b
|-damage|p1a: Scizor|81/100
|-damage|p1b: Sinistcha|64/100
|cant|p1a: Scizor|flinch
|move|p2a: Sinistcha|Matcha Gotcha|p1a: Scizor|[spread] p1a,p1b
|-resisted|p1a: Scizor|2
|-resisted|p1b: Sinistcha|1
|-damage|p1a: Scizor|76/100
|-damage|p1b: Sinistcha|48/100
|move|p1b: Sinistcha|Trick Room|p1b: Sinistcha
|-fieldstart|move: Trick Room|[of] p1b: Sinistcha
|
|-weather|none
|upkeep
|turn|6
|
|t:|1786022766
|move|p2a: Sinistcha|Rage Powder|p2a: Sinistcha
|-singleturn|p2a: Sinistcha|move: Rage Powder
|move|p1b: Sinistcha|Life Dew|p1b: Sinistcha|[spread] p1a,p1b
|-heal|p1a: Scizor|100/100
|-heal|p1b: Sinistcha|74/100
|move|p1a: Scizor|Swords Dance|p1a: Scizor
|-boost|p1a: Scizor|atk|2
|move|p2b: Excadrill|Rock Slide|p1b: Sinistcha|[spread] p1a
|-miss|p2b: Excadrill|p1b: Sinistcha
|-damage|p1a: Scizor|81/100
|
|upkeep
|turn|7
|inactive|returningto has 30 seconds left.
|
|t:|1786022795
|move|p1b: Sinistcha|Rage Powder|p1b: Sinistcha
|-singleturn|p1b: Sinistcha|move: Rage Powder
|move|p1a: Scizor|Bug Bite|p2a: Sinistcha
|-damage|p2a: Sinistcha|0 fnt
|-enditem|p2a: Sinistcha|Colbur Berry|[from] stealeat|[move] Bug Bite|[of] p1a: Scizor
|faint|p2a: Sinistcha
|move|p2b: Excadrill|High Horsepower|p1b: Sinistcha
|-resisted|p1b: Sinistcha|1
|-damage|p1b: Sinistcha|55/100
|
|upkeep
|
|t:|1786022806
|switch|p2a: Gholdengo|Gholdengo, L50|100/100
|turn|8
|inactive|returningto has 30 seconds left.
|
|t:|1786022835
|move|p1a: Scizor|Bullet Punch|p2a: Gholdengo
|-resisted|p2a: Gholdengo|1
|-damage|p2a: Gholdengo|69/100
|move|p1b: Sinistcha|Life Dew|p1b: Sinistcha|[spread] p1a,p1b
|-heal|p1a: Scizor|100/100
|-heal|p1b: Sinistcha|80/100
|move|p2a: Gholdengo|Nasty Plot|p2a: Gholdengo
|-boost|p2a: Gholdengo|spa|2
|move|p2b: Excadrill|High Horsepower|p1a: Scizor
|-damage|p1a: Scizor|56/100
|
|upkeep
|turn|9
|
|t:|1786022857
|move|p2a: Gholdengo|Protect|p2a: Gholdengo
|-singleturn|p2a: Gholdengo|Protect
|move|p1a: Scizor|Bullet Punch|p2a: Gholdengo
|-activate|p2a: Gholdengo|move: Protect
|move|p1b: Sinistcha|Matcha Gotcha|p2a: Gholdengo|[spread] p2b
|-activate|p2a: Gholdengo|move: Protect
|-crit|p2b: Excadrill
|-damage|p2b: Excadrill|53/100
|-heal|p1b: Sinistcha|100/100|[from] drain|[of] p2b: Excadrill
|move|p2b: Excadrill|Rock Slide|p1b: Sinistcha|[spread] p1a
|-miss|p2b: Excadrill|p1b: Sinistcha
|-damage|p1a: Scizor|39/100
|
|-fieldend|move: Trick Room
|upkeep
|turn|10
|
|t:|1786022882
|move|p1a: Scizor|Protect|p1a: Scizor
|-singleturn|p1a: Scizor|Protect
|move|p2b: Excadrill|Rock Slide|p1a: Scizor|[spread] p1b
|-activate|p1a: Scizor|move: Protect
|-damage|p1b: Sinistcha|84/100
|move|p2a: Gholdengo|Shadow Ball|p1a: Scizor
|-activate|p1a: Scizor|move: Protect
|move|p1b: Sinistcha|Trick Room|p1b: Sinistcha
|-fieldstart|move: Trick Room|[of] p1b: Sinistcha
|
|upkeep
|turn|11
|
|t:|1786022902
|move|p1a: Scizor|Bullet Punch|p2a: Gholdengo
|-resisted|p2a: Gholdengo|1
|-damage|p2a: Gholdengo|42/100
|move|p1b: Sinistcha|Matcha Gotcha|p2a: Gholdengo|[spread] p2b
|-miss|p1b: Sinistcha|p2a: Gholdengo
|-damage|p2b: Excadrill|21/100
|-heal|p1b: Sinistcha|100/100|[from] drain|[of] p2b: Excadrill
|move|p2a: Gholdengo|Shadow Ball|p1a: Scizor
|-damage|p1a: Scizor|0 fnt
|faint|p1a: Scizor
|-damage|p2a: Gholdengo|32/100|[from] item: Life Orb
|move|p2b: Excadrill|Rock Slide|p1b: Sinistcha
|-damage|p1b: Sinistcha|76/100
|
|upkeep
|
|t:|1786022917
|switch|p1a: Whimsicott|Whimsicott, L50, F|23/100
|turn|12
|
|t:|1786022931
|move|p2b: Excadrill|Protect|p2b: Excadrill
|-singleturn|p2b: Excadrill|Protect
|move|p1b: Sinistcha|Matcha Gotcha|p2b: Excadrill|[spread] p2a
|-activate|p2b: Excadrill|move: Protect
|-resisted|p2a: Gholdengo|1
|-damage|p2a: Gholdengo|20/100y
|-heal|p1b: Sinistcha|83/100|[from] drain|[of] p2a: Gholdengo
|move|p2a: Gholdengo|Make It Rain|p1a: Whimsicott|[spread] p1a,p1b
|-supereffective|p1a: Whimsicott|1
|-crit|p1a: Whimsicott
|-damage|p1a: Whimsicott|0 fnt
|-damage|p1b: Sinistcha|0 fnt
|-unboost|p2a: Gholdengo|spa|2
|faint|p1a: Whimsicott
|faint|p1b: Sinistcha
|-damage|p2a: Gholdengo|10/100|[from] item: Life Orb
|
|win|Vex100000
|raw|returningto's rating: 1148 → 1114(-34 for losing)
|raw|Vex100000's rating: 1024 → 1073(+49 for winning)
|l|☆returningto
|player|p1|
|c|☆Vex100000|Ggs
