|j|☆ufhednarvgc
|j|☆rokotroko
|html|ufhednarvgcrokotroko    
|uhtml|bestof|Game 1 of a best-of-3
|t:|1786051014
|gametype|doubles
|player|p1|ufhednarvgc|lance|1140
|player|p2|rokotroko|170|1126
|gen|9
|tier|[Gen 9 Champions] VGC 2026 Reg M-B (Bo3)
|rated|
|rule|Species Clause: Limit one of each Pokémon
|rule|Item Clause: Limit 1 of each item
|clearpoke
|poke|p1|Arcanine-Hisui, L50, M|
|poke|p1|Kingambit, L50, M|
|poke|p1|Raichu, L50, M|
|poke|p1|Farigiraf, L50, M|
|poke|p1|Sylveon, L50, M|
|poke|p1|Staraptor, L50, F|
|poke|p2|Skarmory, L50, F|
|poke|p2|Sneasler, L50, F|
|poke|p2|Milotic, L50, F|
|poke|p2|Whimsicott, L50, M|
|poke|p2|Overqwil, L50, M|
|poke|p2|Delphox, L50, F|
|teampreview|4
|showteam|p1|Arcanine-Hisui||FocusSash|RockHead|FlareBlitz,HeadSmash,ExtremeSpeed,Protect|Jolly||M|||50|]Kingambit||LifeOrb|Defiant|KowtowCleave,SuckerPunch,SwordsDance,Protect|Adamant||M|||50|]Raichu||RaichuniteY|LightningRod|ZapCannon,FocusBlast,FakeOut,Protect|Timid||M|||50|]Farigiraf||SitrusBerry|ArmorTail|Psychic,HelpingHand,TrickRoom,Protect|Modest||M|||50|]Sylveon||FairyFeather|Pixilate|HyperVoice,HyperBeam,QuickAttack,Detect|Modest||M|||50|]Staraptor||Staraptite|Intimidate|CloseCombat,DualWingbeat,Roost,Protect|Jolly||F|||50|
|showteam|p2|Skarmory||Skarmorite|KeenEye|BraveBird,IronHead,RockSlide,Protect|Jolly||F|||50|]Sneasler||WhiteHerb|Unburden|DireClaw,CloseCombat,FakeOut,Protect|Jolly||F|||50|]Milotic||SitrusBerry|Competitive|Scald,IcyWind,Recover,Protect|Bold||F|||50|]Whimsicott||FocusSash|Prankster|Moonblast,Tailwind,SunnyDay,Encore|Timid||M|||50|]Overqwil||Leftovers|Intimidate|BarbBarrage,ThroatChop,Taunt,Protect|Careful||M|||50|]Delphox||Delphoxite|Blaze|HeatWave,ShadowBall,Psychic,Protect|Timid||F|||50|
|inactive|Battle timer is ON: inactive players will automatically lose when time's up. (requested by rokotroko)
|
|t:|1786051053
|teamsize|p1|4
|teamsize|p2|4
|start
|switch|p1a: Raichu|Raichu, L50, M|100/100
|switch|p1b: Farigiraf|Farigiraf, L50, M|100/100
|switch|p2a: Whimsicott|Whimsicott, L50, M|100/100
|switch|p2b: Delphox|Delphox, L50, F|100/100
|turn|1
|
|t:|1786051070
|switch|p1a: Arcanine|Arcanine-Hisui, L50, M|100/100
|move|p2b: Delphox|Protect|p2b: Delphox
|-singleturn|p2b: Delphox|Protect
|move|p2a: Whimsicott|Moonblast|p1a: Arcanine
|-resisted|p1a: Arcanine|1
|-damage|p1a: Arcanine|77/100
|move|p1b: Farigiraf|Trick Room|p1b: Farigiraf
|-fieldstart|move: Trick Room|[of] p1b: Farigiraf
|
|upkeep
|turn|2
|
|t:|1786051086
|switch|p2b: Milotic|Milotic, L50, F|100/100
|move|p1b: Farigiraf|Psychic|p2a: Whimsicott
|-damage|p2a: Whimsicott|37/100
|move|p1a: Arcanine|Head Smash|p2b: Milotic
|-damage|p2b: Milotic|43/100
|-enditem|p2b: Milotic|Sitrus Berry|[eat]
|-heal|p2b: Milotic|68/100|[from] item: Sitrus Berry
|move|p2a: Whimsicott|Moonblast|p1a: Arcanine
|-resisted|p1a: Arcanine|1
|-damage|p1a: Arcanine|55/100
|-unboost|p1a: Arcanine|spa|1
|
|upkeep
|turn|3
|
|t:|1786051107
|switch|p1a: Kingambit|Kingambit, L50, M|100/100
|move|p2b: Milotic|Protect|p2b: Milotic
|-singleturn|p2b: Milotic|Protect
|move|p1b: Farigiraf|Psychic|p2a: Whimsicott
|-damage|p2a: Whimsicott|0 fnt
|faint|p2a: Whimsicott
|
|upkeep
|
|t:|1786051119
|switch|p2a: Sneasler|Sneasler, L50, F|100/100
|turn|4
|
|t:|1786051129
|move|p2a: Sneasler|Protect|p2a: Sneasler
|-singleturn|p2a: Sneasler|Protect
|move|p1a: Kingambit|Kowtow Cleave|p2b: Milotic
|-damage|p2b: Milotic|19/100
|-damage|p1a: Kingambit|90/100|[from] item: Life Orb
|move|p1b: Farigiraf|Psychic|p2a: Sneasler
|-activate|p2a: Sneasler|move: Protect
|move|p2b: Milotic|Recover|p2b: Milotic
|-heal|p2b: Milotic|69/100
|
|upkeep
|turn|5
|
|t:|1786051146
|switch|p2a: Delphox|Delphox, L50, F|100/100
|move|p1a: Kingambit|Kowtow Cleave|p2a: Delphox
|-supereffective|p2a: Delphox|1
|-damage|p2a: Delphox|0 fnt
|faint|p2a: Delphox
|-damage|p1a: Kingambit|80/100|[from] item: Life Orb
|move|p1b: Farigiraf|Psychic|p2b: Milotic
|-damage|p2b: Milotic|42/100
|move|p2b: Milotic|Recover|p2b: Milotic
|-heal|p2b: Milotic|92/100
|
|-fieldend|move: Trick Room
|upkeep
|
|t:|1786051159
|switch|p2a: Sneasler|Sneasler, L50, F|100/100
|turn|6
|
|t:|1786051179
|move|p1a: Kingambit|Protect|p1a: Kingambit
|-singleturn|p1a: Kingambit|Protect
|move|p2a: Sneasler|Close Combat|p1b: Farigiraf
|-damage|p1b: Farigiraf|43/100
|-unboost|p2a: Sneasler|def|1
|-unboost|p2a: Sneasler|spd|1
|-enditem|p1b: Farigiraf|Sitrus Berry|[eat]
|-heal|p1b: Farigiraf|68/100|[from] item: Sitrus Berry
|-enditem|p2a: Sneasler|White Herb
|-clearnegativeboost|p2a: Sneasler|[silent]
|move|p2b: Milotic|Scald|p1b: Farigiraf
|-damage|p1b: Farigiraf|42/100
|-status|p1b: Farigiraf|brn
|move|p1b: Farigiraf|Psychic|p2a: Sneasler
|-supereffective|p2a: Sneasler|2
|-damage|p2a: Sneasler|0 fnt
|faint|p2a: Sneasler
|
|-damage|p1b: Farigiraf|36/100 brn|[from] brn
|upkeep
|turn|7
|
|t:|1786051201
|move|p2b: Milotic|Scald|p1a: Kingambit
|-damage|p1a: Kingambit|52/100
|move|p1a: Kingambit|Swords Dance|p1a: Kingambit
|-boost|p1a: Kingambit|atk|2
|move|p1b: Farigiraf|Trick Room|p1b: Farigiraf
|-fieldstart|move: Trick Room|[of] p1b: Farigiraf
|
|-damage|p1b: Farigiraf|29/100 brn|[from] brn
|upkeep
|turn|8
|
|t:|1786051212
|move|p1b: Farigiraf|Helping Hand|p1a: Kingambit
|-singleturn|p1a: Kingambit|Helping Hand|[of] p1b: Farigiraf
|move|p1a: Kingambit|Kowtow Cleave|p2b: Milotic
|-damage|p2b: Milotic|0 fnt
|faint|p2b: Milotic
|-damage|p1a: Kingambit|42/100|[from] item: Life Orb
|
|win|ufhednarvgc
||rokotroko is ready for game 2.
||ufhednarvgc is ready for game 2.
|uhtml|next|Next: Game 2 of 3
|l|☆rokotroko
|player|p2|
