|j|☆lolgz
|j|☆vibe1300
|html|lolgzvibe1300    
|uhtml|bestof|Game 1 of a best-of-3
|t:|1784835812
|gametype|doubles
|player|p1|lolgz|dawn|1223
|player|p2|vibe1300|1|1176
|gen|9
|tier|[Gen 9 Champions] VGC 2026 Reg M-B (Bo3)
|rated|
|rule|Species Clause: Limit one of each Pokémon
|rule|Item Clause: Limit 1 of each item
|clearpoke
|poke|p1|Blastoise, L50, M|
|poke|p1|Vivillon, L50, F|
|poke|p1|Farigiraf, L50, M|
|poke|p1|Gallade, L50, M|
|poke|p1|Kingambit, L50, M|
|poke|p1|Camerupt, L50, F|
|poke|p2|Chandelure, L50, M|
|poke|p2|Kangaskhan, L50, F|
|poke|p2|Kingambit, L50, F|
|poke|p2|Kommo-o, L50, F|
|poke|p2|Gallade, L50, M|
|poke|p2|Basculegion, L50, M|
|teampreview|4
|showteam|p1|Blastoise||Blastoisinite|Torrent|WaterSpout,DarkPulse,FakeOut,ShellSmash|Modest||M|||50|]Vivillon||ChoiceScarf|CompoundEyes|SleepPowder,RagePowder,Tailwind,Hurricane|Timid||F|||50|]Farigiraf||SitrusBerry|ArmorTail|TrickRoom,Psychic,HelpingHand,Protect|Relaxed||M|||50|]Gallade||IronBall|Sharpness|SacredSword,PsychoCut,LeafBlade,TrickRoom|Brave||M|||50|]Kingambit||BlackGlasses|Defiant|SuckerPunch,KowtowCleave,IronHead,Protect|Brave||M|||50|]Camerupt||Cameruptite|MagmaArmor|HeatWave,EarthPower,AncientPower,Protect|Quiet||F|||50|
|showteam|p2|Chandelure||FocusSash|FlashFire|TrickRoom,HeatWave,ShadowBall,Protect|Quiet||M|||50|]Kangaskhan||Kangaskhanite|Scrappy|FakeOut,DoubleEdge,SuckerPunch,BrickBreak|Brave||F|||50|]Kingambit||ChopleBerry|Defiant|KowtowCleave,SuckerPunch,IronHead,LowKick|Brave||F|||50|]Kommo-o||LifeOrb|Soundproof|ClangingScales,AuraSphere,Flamethrower,Protect|Quiet||F|||50|]Gallade||ExpertBelt|Sharpness|SacredSword,LeafBlade,PsychoCut,Protect|Brave||M|||50|]Basculegion||SitrusBerry|Adaptability|Protect,WaveCrash,LastRespects,AquaJet|Brave||M|||50|
|inactive|Battle timer is ON: inactive players will automatically lose when time's up. (requested by lolgz)
|inactive|vibe1300 has 60 seconds left.
|
|t:|1784835870
|teamsize|p1|4
|teamsize|p2|4
|start
|switch|p1a: Vivillon|Vivillon, L50, F|100/100
|switch|p1b: Blastoise|Blastoise, L50, M|100/100
|switch|p2a: Chandelure|Chandelure, L50, M|100/100
|switch|p2b: Kommo-o|Kommo-o, L50, F|100/100
|turn|1
|
|t:|1784835889
|detailschange|p1b: Blastoise|Blastoise-Mega, L50, M
|-mega|p1b: Blastoise|Blastoise|Blastoisinite
|move|p2b: Kommo-o|Protect|p2b: Kommo-o
|-singleturn|p2b: Kommo-o|Protect
|move|p2a: Chandelure|Protect|p2a: Chandelure
|-singleturn|p2a: Chandelure|Protect
|move|p1a: Vivillon|Sleep Powder|p2a: Chandelure
|-activate|p2a: Chandelure|move: Protect
|move|p1b: Blastoise|Shell Smash|p1b: Blastoise
|-unboost|p1b: Blastoise|def|1
|-unboost|p1b: Blastoise|spd|1
|-boost|p1b: Blastoise|atk|2
|-boost|p1b: Blastoise|spa|2
|-boost|p1b: Blastoise|spe|2
|
|upkeep
|turn|2
|
|t:|1784835905
|move|p1b: Blastoise|Water Spout|p2b: Kommo-o|[spread] p2a,p2b
|-supereffective|p2a: Chandelure|1
|-resisted|p2b: Kommo-o|1
|-enditem|p2a: Chandelure|Focus Sash
|-damage|p2a: Chandelure|1/100
|-damage|p2b: Kommo-o|43/100
|move|p1a: Vivillon|Sleep Powder|p2a: Chandelure
|-status|p2a: Chandelure|slp|[from] move: Sleep Powder
|move|p2b: Kommo-o|Clanging Scales|p1b: Blastoise|[spread] p1a,p1b
|-damage|p1a: Vivillon|0 fnt
|-damage|p1b: Blastoise|30/100
|faint|p1a: Vivillon
|-unboost|p2b: Kommo-o|def|1
|-damage|p2b: Kommo-o|33/100|[from] item: Life Orb
|cant|p2a: Chandelure|slp
|
|upkeep
|
|t:|1784835912
|switch|p1a: Farigiraf|Farigiraf, L50, M|100/100
|turn|3
|
|t:|1784835930
|move|p1a: Farigiraf|Helping Hand|p1b: Blastoise
|-singleturn|p1b: Blastoise|Helping Hand|[of] p1a: Farigiraf
|move|p2b: Kommo-o|Protect|p2b: Kommo-o
|-singleturn|p2b: Kommo-o|Protect
|move|p1b: Blastoise|Water Spout|p2a: Chandelure|[spread] p2a
|-activate|p2b: Kommo-o|move: Protect
|-supereffective|p2a: Chandelure|1
|-damage|p2a: Chandelure|0 fnt
|faint|p2a: Chandelure
|
|upkeep
|inactive|vibe1300 has 30 seconds left.
|inactive|vibe1300 has 20 seconds left.
|inactive|vibe1300 has 15 seconds left.
|inactive|vibe1300 has 10 seconds left.
|
|t:|1784835977
|switch|p2a: Basculegion|Basculegion, L50, M|100/100
|turn|4
|
|t:|1784835999
|move|p1b: Blastoise|Dark Pulse|p2a: Basculegion
|-supereffective|p2a: Basculegion|1
|-damage|p2a: Basculegion|0 fnt
|faint|p2a: Basculegion
|move|p2b: Kommo-o|Clanging Scales|p1a: Farigiraf|[spread] p1a,p1b
|-damage|p1a: Farigiraf|53/100
|-damage|p1b: Blastoise|0 fnt
|faint|p1b: Blastoise
|-unboost|p2b: Kommo-o|def|1
|-damage|p2b: Kommo-o|24/100|[from] item: Life Orb
|move|p1a: Farigiraf|Psychic|p2b: Kommo-o
|-supereffective|p2b: Kommo-o|1
|-damage|p2b: Kommo-o|0 fnt
|faint|p2b: Kommo-o
|
|upkeep
|
|t:|1784836005
|switch|p1b: Gallade|Gallade, L50, M|100/100
|switch|p2b: Kangaskhan|Kangaskhan, L50, F|100/100
|turn|5
|-message|vibe1300 forfeited.
|
|win|lolgz
