|j|☆Lemon468881
|j|☆ferpshowdown
|html|Lemon468881ferpshowdown    
|uhtml|bestof|Game 2 of a best-of-3
|t:|1782727130
|gametype|doubles
|player|p1|Lemon468881|102|1030
|player|p2|ferpshowdown|lucas|1083
|gen|9
|tier|[Gen 9 Champions] VGC 2026 Reg M-B (Bo3)
|rated|
|rule|Species Clause: Limit one of each Pokémon
|rule|Item Clause: Limit 1 of each item
|clearpoke
|poke|p1|Gliscor, L50, F|
|poke|p1|Tyranitar, L50, M|
|poke|p1|Scizor, L50, F|
|poke|p1|Aerodactyl, L50, M|
|poke|p1|Mamoswine, L50, F|
|poke|p1|Incineroar, L50, M|
|poke|p2|Charizard, L50, F|
|poke|p2|Aerodactyl, L50, F|
|poke|p2|Garchomp, L50, F|
|poke|p2|Farigiraf, L50, F|
|poke|p2|Kingambit, L50, M|
|poke|p2|Sylveon, L50, F|
|teampreview|4
|showteam|p1|Gliscor||BrightPowder|SandVeil|DualWingbeat,Earthquake,PsychicFangs,Protect|Adamant||F|||50|]Tyranitar||Tyranitarite|SandStream|LowKick,EarthPower,RockSlide,Protect|Brave||M|||50|]Scizor||Scizorite|Technician|BulletPunch,BugBite,SwordsDance,Protect|Adamant||F|||50|]Aerodactyl||FocusSash|Unnerve|RockSlide,Tailwind,WideGuard,Protect|Adamant||M|||50|]Mamoswine||SitrusBerry|ThickFat|IceShard,HighHorsepower,IcicleSpear,Protect|Adamant||F|||50|]Incineroar||ChopleBerry|Intimidate|FlareBlitz,FakeOut,WillOWisp,PartingShot|Adamant||M|||50|
|showteam|p2|Charizard||CharizarditeY|Blaze|HeatWave,WeatherBall,SolarBeam,Protect|Modest||F|||50|]Aerodactyl||Aerodactylite|Unnerve|RockSlide,DualWingbeat,IceFang,Tailwind|Jolly||F|||50|]Garchomp||LifeOrb|RoughSkin|DragonClaw,Earthquake,RockSlide,Protect|Jolly||F|||50|]Farigiraf||SitrusBerry|ArmorTail|Psychic,Thunderbolt,TrickRoom,HelpingHand|Bold||F|||50|]Kingambit||FocusSash|Defiant|KowtowCleave,IronHead,SuckerPunch,LowKick|Adamant||M|||50|]Sylveon||FairyFeather|Pixilate|HyperVoice,HyperBeam,QuickAttack,Protect|Modest||F|||50|
|
|t:|1782727150
|teamsize|p1|4
|teamsize|p2|4
|start
|switch|p1a: Mamoswine|Mamoswine, L50, F|100/100
|switch|p1b: Aerodactyl|Aerodactyl, L50, M|100/100
|switch|p2a: Garchomp|Garchomp, L50, F|100/100
|switch|p2b: Charizard|Charizard, L50, F|100/100
|-ability|p1b: Aerodactyl|Unnerve
|turn|1
|
|t:|1782727181
|switch|p2a: Farigiraf|Farigiraf, L50, F|100/100
|detailschange|p2b: Charizard|Charizard-Mega-Y, L50, F
|-mega|p2b: Charizard|Charizard|Charizardite Y
|-weather|SunnyDay|[from] ability: Drought|[of] p2b: Charizard
|move|p1b: Aerodactyl|Rock Slide|p2b: Charizard|[spread] p2a,p2b
|-supereffective|p2b: Charizard|2
|-damage|p2a: Farigiraf|78/100
|-damage|p2b: Charizard|0 fnt
|faint|p2b: Charizard
|move|p1a: Mamoswine|Icicle Spear|p2a: Farigiraf
|-damage|p2a: Farigiraf|66/100
|-damage|p2a: Farigiraf|55/100
|-hitcount|p2a: Farigiraf|2
|
|-weather|SunnyDay|[upkeep]
|upkeep
|
|t:|1782727195
|switch|p2b: Sylveon|Sylveon, L50, F|100/100
|turn|2
|
|t:|1782727211
|move|p2b: Sylveon|Quick Attack|p1b: Aerodactyl
|-damage|p1b: Aerodactyl|80/100
|move|p1b: Aerodactyl|Rock Slide|p2b: Sylveon|[spread] p2b
|-miss|p1b: Aerodactyl|p2a: Farigiraf
|-damage|p2b: Sylveon|65/100
|move|p1a: Mamoswine|High Horsepower|p2b: Sylveon|[miss]
|-miss|p1a: Mamoswine|p2b: Sylveon
|move|p2a: Farigiraf|Thunderbolt|p1b: Aerodactyl
|-supereffective|p1b: Aerodactyl|1
|-damage|p1b: Aerodactyl|12/100
|-status|p1b: Aerodactyl|par
|
|-weather|SunnyDay|[upkeep]
|upkeep
|turn|3
|
|t:|1782727241
|move|p1a: Mamoswine|High Horsepower|p2b: Sylveon
|-damage|p2b: Sylveon|6/100
|cant|p1b: Aerodactyl|par
|move|p2b: Sylveon|Hyper Beam|p1a: Mamoswine
|-damage|p1a: Mamoswine|0 fnt
|-mustrecharge|p2b: Sylveon
|faint|p1a: Mamoswine
|move|p2a: Farigiraf|Thunderbolt|p1b: Aerodactyl
|-supereffective|p1b: Aerodactyl|1
|-damage|p1b: Aerodactyl|0 fnt
|faint|p1b: Aerodactyl
|
|-weather|SunnyDay|[upkeep]
|upkeep
|
|t:|1782727254
|switch|p1b: Incineroar|Incineroar, L50, M|100/100
|switch|p1a: Scizor|Scizor, L50, F|100/100
|-ability|p1b: Incineroar|Intimidate|boost
|-unboost|p2a: Farigiraf|atk|1
|-unboost|p2b: Sylveon|atk|1
|turn|4
|
|t:|1782727274
|detailschange|p1a: Scizor|Scizor-Mega, L50, F
|-mega|p1a: Scizor|Scizor|Scizorite
|move|p1a: Scizor|Bug Bite|p2b: Sylveon
|-resisted|p2b: Sylveon|1
|-damage|p2b: Sylveon|0 fnt
|faint|p2b: Sylveon
|move|p2a: Farigiraf|Thunderbolt|p1a: Scizor
|-damage|p1a: Scizor|76/100
|move|p1b: Incineroar|Flare Blitz|p2a: Farigiraf
|-damage|p2a: Farigiraf|0 fnt
|faint|p2a: Farigiraf
|-damage|p1b: Incineroar|79/100|[from] Recoil
|
|-weather|SunnyDay|[upkeep]
|upkeep
|
|t:|1782727292
|switch|p2b: Garchomp|Garchomp, L50, F|100/100
|turn|5
|
|t:|1782727300
|move|p2b: Garchomp|Earthquake|p1a: Scizor|[spread] p1a,p1b
|-supereffective|p1b: Incineroar|1
|-damage|p1a: Scizor|40/100
|-damage|p1b: Incineroar|0 fnt
|faint|p1b: Incineroar
|-damage|p2b: Garchomp|90/100|[from] item: Life Orb
|move|p1a: Scizor|Swords Dance|p1a: Scizor
|-boost|p1a: Scizor|atk|2
|
|-weather|none
|upkeep
|turn|6
|
|t:|1782727310
|move|p1a: Scizor|Bullet Punch|p2b: Garchomp
|-damage|p2b: Garchomp|8/100
|-damage|p1a: Scizor|28/100|[from] ability: Rough Skin|[of] p2b: Garchomp
|move|p2b: Garchomp|Earthquake|p1a: Scizor
|-damage|p1a: Scizor|0 fnt
|faint|p1a: Scizor
|-damage|p2b: Garchomp|0 fnt|[from] item: Life Orb
|faint|p2b: Garchomp
|
|win|ferpshowdown
|raw|Lemon468881's rating: 1030 → 1018(-12 for losing)
|raw|ferpshowdown's rating: 1083 → 1106(+23 for winning)
|l|☆Lemon468881
|player|p1|
