|j|☆p1ch1pichi
|j|☆TheDoomDraogn
|html|p1ch1pichiTheDoomDraogn    
|uhtml|bestof|Game 3 of a best-of-3
|t:|1784649983
|gametype|doubles
|player|p1|p1ch1pichi|n|1200
|player|p2|TheDoomDraogn|gentleman-gen4|1310
|gen|9
|tier|[Gen 9 Champions] VGC 2026 Reg M-B (Bo3)
|rated|
|rule|Species Clause: Limit one of each Pokémon
|rule|Item Clause: Limit 1 of each item
|clearpoke
|poke|p1|Meganium, L50, M, shiny|
|poke|p1|Swampert, L50, M, shiny|
|poke|p1|Pelipper, L50, M|
|poke|p1|Archaludon, L50, M|
|poke|p1|Sableye, L50, M|
|poke|p1|Sneasler, L50, F|
|poke|p2|Charizard, L50, F, shiny|
|poke|p2|Metagross, L50, shiny|
|poke|p2|Hydreigon, L50, F|
|poke|p2|Incineroar, L50, M|
|poke|p2|Toxapex, L50, M, shiny|
|poke|p2|Annihilape, L50, F, shiny|
|teampreview|4
|showteam|p1|Meganium||Meganiumite|Overgrow|SolarBeam,WeatherBall,DazzlingGleam,Protect|Modest||M|||50|]Swampert||Swampertite|Torrent|HighHorsepower,WaveCrash,KnockOff,Protect|Adamant||M|||50|]Pelipper||FocusSash|Drizzle|WeatherBall,Hurricane,WideGuard,Tailwind|Timid||M|||50|]Archaludon||Leftovers|Stalwart|ElectroShot,AuraSphere,DragonPulse,Protect|Modest||M|||50|]Sableye||WideLens|Prankster|Taunt,Swagger,RainDance,WillOWisp|Calm||M|||50|]Sneasler||LumBerry|Unburden|DireClaw,Acrobatics,CloseCombat,Protect|Adamant||F|||50|
|showteam|p2|Charizard||CharizarditeY|Blaze|HeatWave,WeatherBall,SolarBeam,Protect|Modest||F|||50|]Metagross||Metagrossite|ClearBody|PsychicFangs,BulletPunch,IcePunch,Protect|Jolly|||||50|]Hydreigon||ChoiceScarf|Levitate|DarkPulse,DracoMeteor,Snarl,EarthPower|Modest||F|||50|]Incineroar||SitrusBerry|Intimidate|FlareBlitz,ThroatChop,PartingShot,FakeOut|Impish||M|||50|]Toxapex||Leftovers|Regenerator|Infestation,Toxic,WideGuard,BanefulBunker|Relaxed||M|||50|]Annihilape||FocusSash|Defiant|PhantomForce,CloseCombat,RockTomb,Protect|Jolly||F|||50|
|inactive|Battle timer is ON: inactive players will automatically lose when time's up. (requested by p1ch1pichi)
|inactive|TheDoomDraogn has 60 seconds left.
|
|t:|1784650028
|teamsize|p1|4
|teamsize|p2|4
|start
|switch|p1a: G4MER67|Sableye, L50, M|100/100
|switch|p1b: San Juanico|Archaludon, L50, M|100/100
|switch|p2a: Incineroar|Incineroar, L50, M|100/100
|switch|p2b: Charizard|Charizard, L50, F, shiny|100/100
|-ability|p2a: Incineroar|Intimidate|boost
|-unboost|p1a: G4MER67|atk|1
|-unboost|p1b: San Juanico|atk|1
|turn|1
|
|t:|1784650047
|detailschange|p2b: Charizard|Charizard-Mega-Y, L50, F, shiny
|-mega|p2b: Charizard|Charizard|Charizardite Y
|-weather|SunnyDay|[from] ability: Drought|[of] p2b: Charizard
|move|p1b: San Juanico|Protect|p1b: San Juanico
|-singleturn|p1b: San Juanico|Protect
|move|p2a: Incineroar|Fake Out|p1b: San Juanico
|-activate|p1b: San Juanico|move: Protect
|move|p1a: G4MER67|Taunt|p2b: Charizard
|-start|p2b: Charizard|move: Taunt
|move|p2b: Charizard|Weather Ball|p1a: G4MER67
|-damage|p1a: G4MER67|9/100
|
|-weather|SunnyDay|[upkeep]
|upkeep
|turn|2
|
|t:|1784650064
|switch|p2b: Annihilape|Annihilape, L50, F, shiny|100/100
|move|p1a: G4MER67|Rain Dance|p1a: G4MER67
|-weather|RainDance
|move|p1b: San Juanico|Electro Shot||[still]
|-prepare|p1b: San Juanico|Electro Shot
|-boost|p1b: San Juanico|spa|1
|-anim|p1b: San Juanico|Electro Shot|p2b: Annihilape
|-damage|p2b: Annihilape|38/100
|move|p2a: Incineroar|Parting Shot|p1b: San Juanico
|-unboost|p1b: San Juanico|atk|1
|-unboost|p1b: San Juanico|spa|1
|
|t:|1784650075
|switch|p2a: Charizard|Charizard-Mega-Y, L50, F, shiny|100/100|[from] Parting Shot
|-weather|SunnyDay|[from] ability: Drought|[of] p2a: Charizard
|
|-weather|SunnyDay|[upkeep]
|upkeep
|turn|3
|
|t:|1784650086
|move|p1b: San Juanico|Protect|p1b: San Juanico
|-singleturn|p1b: San Juanico|Protect
|move|p1a: G4MER67|Will-O-Wisp|p2b: Annihilape
|-status|p2b: Annihilape|brn
|move|p2b: Annihilape|Close Combat|p1b: San Juanico
|-activate|p1b: San Juanico|move: Protect
|move|p2a: Charizard|Heat Wave|p1a: G4MER67|[spread] p1a
|-activate|p1b: San Juanico|move: Protect
|-damage|p1a: G4MER67|0 fnt
|faint|p1a: G4MER67
|
|-weather|SunnyDay|[upkeep]
|-damage|p2b: Annihilape|32/100 brn|[from] brn
|upkeep
|
|t:|1784650100
|switch|p1a: Inidoro|Pelipper, L50, M|100/100
|-weather|RainDance|[from] ability: Drizzle|[of] p1a: Inidoro
|turn|4
|
|t:|1784650113
|move|p2a: Charizard|Protect|p2a: Charizard
|-singleturn|p2a: Charizard|Protect
|move|p2b: Annihilape|Close Combat|p1b: San Juanico
|-supereffective|p1b: San Juanico|1
|-damage|p1b: San Juanico|61/100
|-unboost|p2b: Annihilape|def|1
|-unboost|p2b: Annihilape|spd|1
|move|p1a: Inidoro|Hurricane|p2b: Annihilape
|-supereffective|p2b: Annihilape|1
|-damage|p2b: Annihilape|0 fnt
|faint|p2b: Annihilape
|move|p1b: San Juanico|Electro Shot||[still]
|-prepare|p1b: San Juanico|Electro Shot
|-boost|p1b: San Juanico|spa|1
|-anim|p1b: San Juanico|Electro Shot|p2a: Charizard
|-activate|p2a: Charizard|move: Protect
|
|-weather|RainDance|[upkeep]
|-heal|p1b: San Juanico|67/100|[from] item: Leftovers
|upkeep
|inactive|TheDoomDraogn has 30 seconds left.
|
|t:|1784650139
|switch|p2b: Incineroar|Incineroar, L50, M|100/100
|-ability|p2b: Incineroar|Intimidate|boost
|-unboost|p1a: Inidoro|atk|1
|-unboost|p1b: San Juanico|atk|1
|turn|5
|inactive|TheDoomDraogn has 30 seconds left.
|inactive|TheDoomDraogn has 20 seconds left.
|
|t:|1784650179
|switch|p2a: Toxapex|Toxapex, L50, M, shiny|100/100
|switch|p1a: Taiyaki|Swampert, L50, M, shiny|100/100
|move|p1b: San Juanico|Protect|p1b: San Juanico
|-singleturn|p1b: San Juanico|Protect
|move|p2b: Incineroar|Fake Out|p1b: San Juanico
|-activate|p1b: San Juanico|move: Protect
|
|-weather|RainDance|[upkeep]
|-heal|p1b: San Juanico|73/100|[from] item: Leftovers
|upkeep
|turn|6
|inactive|TheDoomDraogn has 30 seconds left.
|
|t:|1784650205
|switch|p1b: Inidoro|Pelipper, L50, M|100/100
|switch|p2a: Charizard|Charizard-Mega-Y, L50, F, shiny|100/100
|-weather|SunnyDay|[from] ability: Drought|[of] p2a: Charizard
|detailschange|p1a: Taiyaki|Swampert-Mega, L50, M, shiny
|-mega|p1a: Taiyaki|Swampert|Swampertite
|move|p1a: Taiyaki|Wave Crash|p2b: Incineroar
|-supereffective|p2b: Incineroar|1
|-damage|p2b: Incineroar|45/100
|-enditem|p2b: Incineroar|Sitrus Berry|[eat]
|-heal|p2b: Incineroar|70/100|[from] item: Sitrus Berry
|-damage|p1a: Taiyaki|79/100|[from] Recoil
|move|p2b: Incineroar|Parting Shot|p1a: Taiyaki
|-unboost|p1a: Taiyaki|atk|1
|-unboost|p1a: Taiyaki|spa|1
|
|t:|1784650216
|switch|p2b: Toxapex|Toxapex, L50, M, shiny|100/100|[from] Parting Shot
|
|-weather|SunnyDay|[upkeep]
|upkeep
|turn|7
|
|t:|1784650227
|switch|p1b: San Juanico|Archaludon, L50, M|73/100
|move|p1a: Taiyaki|Protect|p1a: Taiyaki
|-singleturn|p1a: Taiyaki|Protect
|move|p2a: Charizard|Weather Ball|p1b: San Juanico
|-damage|p1b: San Juanico|0 fnt
|faint|p1b: San Juanico
|move|p2b: Toxapex|Infestation|p1a: Taiyaki
|-activate|p1a: Taiyaki|move: Protect
|
|-weather|SunnyDay|[upkeep]
|upkeep
|
|t:|1784650237
|switch|p1b: Inidoro|Pelipper, L50, M|100/100
|-weather|RainDance|[from] ability: Drizzle|[of] p1b: Inidoro
|turn|8
|
|t:|1784650249
|switch|p2a: Incineroar|Incineroar, L50, M|70/100
|-ability|p2a: Incineroar|Intimidate|boost
|-unboost|p1a: Taiyaki|atk|1
|-unboost|p1b: Inidoro|atk|1
|move|p1a: Taiyaki|High Horsepower|p2b: Toxapex
|-supereffective|p2b: Toxapex|1
|-damage|p2b: Toxapex|57/100
|move|p1b: Inidoro|Weather Ball|p2a: Incineroar
|-supereffective|p2a: Incineroar|1
|-damage|p2a: Incineroar|0 fnt
|faint|p2a: Incineroar
|move|p2b: Toxapex|Toxic|p1b: Inidoro
|-status|p1b: Inidoro|tox
|
|-weather|RainDance|[upkeep]
|-heal|p2b: Toxapex|63/100|[from] item: Leftovers
|-damage|p1b: Inidoro|94/100 tox|[from] psn
|upkeep
|
|t:|1784650263
|switch|p2a: Charizard|Charizard-Mega-Y, L50, F, shiny|100/100
|-weather|SunnyDay|[from] ability: Drought|[of] p2a: Charizard
|turn|9
|
|t:|1784650279
|move|p1a: Taiyaki|Protect|p1a: Taiyaki
|-singleturn|p1a: Taiyaki|Protect
|move|p2a: Charizard|Solar Beam||[still]
|-prepare|p2a: Charizard|Solar Beam
|-anim|p2a: Charizard|Solar Beam|p1a: Taiyaki
|-activate|p1a: Taiyaki|move: Protect
|move|p1b: Inidoro|Hurricane|p2b: Toxapex|[miss]
|-miss|p1b: Inidoro|p2b: Toxapex
|move|p2b: Toxapex|Infestation|p1b: Inidoro
|-resisted|p1b: Inidoro|1
|-damage|p1b: Inidoro|91/100 tox
|-activate|p1b: Inidoro|move: Infestation|[of] p2b: Toxapex
|
|-weather|SunnyDay|[upkeep]
|-heal|p2b: Toxapex|69/100|[from] item: Leftovers
|-damage|p1b: Inidoro|80/100 tox|[from] psn
|-damage|p1b: Inidoro|67/100 tox|[from] move: Infestation|[partiallytrapped]
|upkeep
|turn|10
|inactive|p1ch1pichi has 30 seconds left.
|inactive|TheDoomDraogn has 30 seconds left.
|
|t:|1784650306
|move|p2a: Charizard|Solar Beam||[still]
|-prepare|p2a: Charizard|Solar Beam
|-anim|p2a: Charizard|Solar Beam|p1a: Taiyaki
|-supereffective|p1a: Taiyaki|2
|-damage|p1a: Taiyaki|0 fnt
|faint|p1a: Taiyaki
|move|p1b: Inidoro|Hurricane|p2b: Toxapex
|-damage|p2b: Toxapex|31/100
|move|p2b: Toxapex|Toxic|p1b: Inidoro
|-fail|p1b: Inidoro|tox
|
|-weather|SunnyDay|[upkeep]
|-heal|p2b: Toxapex|36/100|[from] item: Leftovers
|-damage|p1b: Inidoro|50/100g tox|[from] psn
|-damage|p1b: Inidoro|37/100 tox|[from] move: Infestation|[partiallytrapped]
|upkeep
|turn|11
|-message|p1ch1pichi forfeited.
|
|win|TheDoomDraogn
|raw|p1ch1pichi's rating: 1200 → 1183(-17 for losing)
|raw|TheDoomDraogn's rating: 1310 → 1324(+14 for winning)
|l|☆TheDoomDraogn
|player|p2|
