|j|☆ancient95
|j|☆sturmkitten69
|html|ancient95sturmkitten69    
|uhtml|bestof|Game 2 of a best-of-3
|t:|1784618218
|gametype|doubles
|player|p1|ancient95|benga|1238
|player|p2|sturmkitten69|fisherman-gen4|1138
|gen|9
|tier|[Gen 9 Champions] VGC 2026 Reg M-B (Bo3)
|rated|
|rule|Species Clause: Limit one of each Pokémon
|rule|Item Clause: Limit 1 of each item
|clearpoke
|poke|p1|Pyroar, L50, M|
|poke|p1|Pelipper, L50, M|
|poke|p1|Swampert, L50, F|
|poke|p1|Archaludon, L50, F|
|poke|p1|Dragapult, L50, M|
|poke|p1|Sinistcha, L50|
|poke|p2|Incineroar, L50, M, shiny|
|poke|p2|Rotom-Wash, L50, shiny|
|poke|p2|Delphox, L50, M|
|poke|p2|Altaria, L50, M|
|poke|p2|Sinistcha, L50|
|poke|p2|Basculegion, L50, M|
|teampreview|4
|showteam|p1|Pyroar||Pyroarite|Unnerve|Flamethrower,HeatWave,Protect,SolarBeam|Timid||M|||50|]Pelipper||SitrusBerry|Drizzle|Hurricane,WideGuard,Tailwind,WeatherBall|Modest||M|||50|]Swampert||Swampertite|Damp|WaveCrash,IcePunch,Protect,Earthquake|Adamant||F|||50|]Archaludon||Leftovers|Stamina|ElectroShot,FlashCannon,DragonPulse,Protect|Bold||F|||50|]Dragapult||FocusSash|CursedBody|DracoMeteor,PsychicFangs,SunnyDay,ShadowBall|Timid||M|||50|]Sinistcha||ColburBerry|Hospitality|MatchaGotcha,ShadowBall,Protect,RagePowder|Calm|||||50|
|showteam|p2|Incineroar||PasshoBerry|Intimidate|FakeOut,PartingShot,ThroatChop,FlareBlitz|Impish||M|||50|]Rotom-Wash||ChoiceScarf|Levitate|VoltSwitch,Electroweb,WillOWisp,HydroPump|Timid|||||50|]Delphox||Delphoxite|Blaze|HeatWave,CalmMind,Psychic,Protect|Timid||M|||50|]Altaria||RoseliBerry|CloudNine|Tailwind,Roost,WillOWisp,DragonPulse|Timid||M|||50|]Sinistcha||SitrusBerry|Hospitality|Protect,RagePowder,LifeDew,MatchaGotcha|Bold|||||50|]Basculegion||LifeOrb|Adaptability|LastRespects,WaveCrash,Protect,AquaJet|Adamant||M|||50|
|inactive|Battle timer is ON: inactive players will automatically lose when time's up. (requested by ancient95)
|inactive|ancient95 has 60 seconds left.
|
|t:|1784618255
|teamsize|p1|4
|teamsize|p2|4
|start
|switch|p1a: Dragapult|Dragapult, L50, M|100/100
|switch|p1b: Pyroar|Pyroar, L50, M|100/100
|switch|p2a: Delphox|Delphox, L50, M|100/100
|switch|p2b: Rotom|Rotom-Wash, L50, shiny|100/100
|-ability|p1b: Pyroar|Unnerve
|turn|1
|inactive|sturmkitten69 has 30 seconds left.
|
|t:|1784618285
|detailschange|p1b: Pyroar|Pyroar-Mega, L50, M
|-mega|p1b: Pyroar|Pyroar|Pyroarite
|detailschange|p2a: Delphox|Delphox-Mega, L50, M
|-mega|p2a: Delphox|Delphox|Delphoxite
|move|p2b: Rotom|Volt Switch|p1a: Dragapult
|-resisted|p1a: Dragapult|1
|-damage|p1a: Dragapult|77/100
|
|t:|1784618292
|switch|p2b: Altaria|Altaria, L50, M|100/100|[from] Volt Switch
|-ability|p2b: Altaria|Cloud Nine
|move|p1a: Dragapult|Shadow Ball|p2a: Delphox
|-supereffective|p2a: Delphox|1
|-damage|p2a: Delphox|42/100
|-unboost|p2a: Delphox|spd|1
|move|p2a: Delphox|Calm Mind|p2a: Delphox
|-boost|p2a: Delphox|spa|1
|-boost|p2a: Delphox|spd|1
|move|p1b: Pyroar|Heat Wave|p2a: Delphox|[spread] p2b
|-miss|p1b: Pyroar|p2a: Delphox
|-resisted|p2b: Altaria|1
|-damage|p2b: Altaria|75/100
|
|upkeep
|turn|2
|inactive|sturmkitten69 has 30 seconds left.
|
|t:|1784618318
|switch|p2b: Rotom|Rotom-Wash, L50, shiny|100/100
|move|p1b: Pyroar|Protect|p1b: Pyroar
|-singleturn|p1b: Pyroar|Protect
|move|p1a: Dragapult|Draco Meteor|p2b: Rotom
|-damage|p2b: Rotom|25/100
|-unboost|p1a: Dragapult|spa|2
|move|p2a: Delphox|Psychic|p1a: Dragapult
|-damage|p1a: Dragapult|0 fnt
|faint|p1a: Dragapult
|
|upkeep
|
|t:|1784618325
|switch|p1a: Archaludon|Archaludon, L50, F|100/100
|turn|3
|inactive|sturmkitten69 has 30 seconds left.
|inactive|sturmkitten69 has 20 seconds left.
|inactive|sturmkitten69 has 15 seconds left.
|inactive|sturmkitten69 has 10 seconds left.
|inactive|sturmkitten69 has 5 seconds left.
|
|t:|1784618380
|move|p2b: Rotom|Volt Switch|p1a: Archaludon
|-resisted|p1a: Archaludon|1
|-damage|p1a: Archaludon|82/100
|-ability|p1a: Archaludon|Stamina|boost
|-boost|p1a: Archaludon|def|1
|
|t:|1784618385
|switch|p2b: Altaria|Altaria, L50, M|75/100|[from] Volt Switch
|-ability|p2b: Altaria|Cloud Nine
|move|p2a: Delphox|Heat Wave|p1b: Pyroar|[spread] p1a,p1b
|-resisted|p1b: Pyroar|1
|-damage|p1a: Archaludon|24/100
|-damage|p1b: Pyroar|70/100
|-ability|p1a: Archaludon|Stamina|boost
|-boost|p1a: Archaludon|def|1
|move|p1b: Pyroar|Heat Wave|p2a: Delphox|[spread] p2a,p2b
|-resisted|p2a: Delphox|1
|-resisted|p2b: Altaria|1
|-damage|p2a: Delphox|18/100
|-damage|p2b: Altaria|52/100
|move|p1a: Archaludon|Dragon Pulse|p2b: Altaria
|-supereffective|p2b: Altaria|1
|-damage|p2b: Altaria|0 fnt
|faint|p2b: Altaria
|
|-heal|p1a: Archaludon|30/100|[from] item: Leftovers
|upkeep
|
|t:|1784618402
|switch|p2b: Sinistcha|Sinistcha, L50|100/100
|-heal|p2a: Delphox|43/100|[from] ability: Hospitality|[of] p2b: Sinistcha
|turn|4
|
|t:|1784618418
|move|p1a: Archaludon|Protect|p1a: Archaludon
|-singleturn|p1a: Archaludon|Protect
|move|p2b: Sinistcha|Rage Powder|p2b: Sinistcha
|-singleturn|p2b: Sinistcha|move: Rage Powder
|move|p2a: Delphox|Psychic|p1b: Pyroar
|-crit|p1b: Pyroar
|-damage|p1b: Pyroar|0 fnt
|faint|p1b: Pyroar
|
|-heal|p1a: Archaludon|36/100|[from] item: Leftovers
|upkeep
|
|t:|1784618420
|switch|p1b: Pelipper|Pelipper, L50, M|100/100
|-weather|RainDance|[from] ability: Drizzle|[of] p1b: Pelipper
|turn|5
|
|t:|1784618441
|move|p2b: Sinistcha|Rage Powder|p2b: Sinistcha
|-singleturn|p2b: Sinistcha|move: Rage Powder
|move|p2a: Delphox|Psychic|p1a: Archaludon
|-resisted|p1a: Archaludon|1
|-damage|p1a: Archaludon|0 fnt
|faint|p1a: Archaludon
|move|p1b: Pelipper|Hurricane|p2b: Sinistcha
|-supereffective|p2b: Sinistcha|1
|-damage|p2b: Sinistcha|8/100
|-enditem|p2b: Sinistcha|Sitrus Berry|[eat]
|-heal|p2b: Sinistcha|33/100|[from] item: Sitrus Berry
|
|-weather|RainDance|[upkeep]
|upkeep
|turn|6
|-message|ancient95 forfeited.
|
|win|sturmkitten69
|l|☆ancient95
|player|p1|
|raw|ancient95's rating: 1238 → 1206(-32 for losing)
|raw|sturmkitten69's rating: 1138 → 1170(+32 for winning)
