|j|☆Baxter1357924680
|j|☆Cheery Cinccino
|html|Baxter1357924680Cheery Cinccino    
|uhtml|bestof|Game 1 of a best-of-3
|t:|1783382383
|gametype|doubles
|player|p1|Baxter1357924680|101|
|player|p2|Cheery Cinccino|1|
|gen|9
|tier|[Gen 9 Champions] VGC 2026 Reg M-B (Bo3)
|rule|Species Clause: Limit one of each Pokémon
|rule|Item Clause: Limit 1 of each item
|clearpoke
|poke|p1|Aegislash, L50, M, shiny|
|poke|p1|Lucario, L50, M, shiny|
|poke|p1|Dragonite, L50, M, shiny|
|poke|p1|Ditto, L50, shiny|
|poke|p1|Annihilape, L50, M, shiny|
|poke|p1|Greninja, L50, M, shiny|
|poke|p2|Raichu, L50, F|
|poke|p2|Sceptile, L50, M|
|poke|p2|Metagross, L50|
|poke|p2|Staraptor, L50, F|
|poke|p2|Eelektross, L50, F|
|poke|p2|Dragalge, L50, F|
|teampreview|4
|showteam|p1|Aegislash||Leftovers|StanceChange|RockSlide,SacredSword,AirSlash,CloseCombat|Serious||M|||50|]Lucario||Lucarionite|InnerFocus|Agility,CrossChop,ThunderPunch,BlazeKick|Serious||M|||50|]Dragonite||Dragoninite|Multiscale|DracoMeteor,Flamethrower,Superpower,StoneEdge|Serious||M|||50|]Ditto||ExpertBelt|Imposter|Transform|Serious|||||50|]Annihilape||ChoiceScarf|VitalSpirit|BrickBreak,CloseCombat,CrossChop,RockSlide|Serious||M|||50|]Greninja||Greninjite|Protean|Liquidation,WaterShuriken,QuickAttack,FlipTurn|Serious||M|||50|
|showteam|p2|Raichu|||Static|VoltSwitch,FocusBlast,Agility,FakeOut|Mild||F|||50|]Sceptile|||Overgrow|DragonPulse,LeafBlade,SwordsDance,Acrobatics|Serious||M|||50|]Metagross||Metagrossite|ClearBody|Psychic,Earthquake,IronHead,Explosion|Serious|||||50|]Staraptor||SitrusBerry|Intimidate|AirSlash,CloseCombat,BraveBird,Agility|Serious||F|||50|]Eelektross|||Levitate|Thunderbolt,Flamethrower,Uturn,Crunch|Serious||F|||50|]Dragalge||Leftovers|PoisonPoint|AcidArmor,SludgeBomb,ToxicSpikes,DragonTail|Serious||F|||50|
|
|t:|1783382401
|teamsize|p1|4
|teamsize|p2|4
|start
|switch|p1a: Dragonite|Dragonite, L50, M, shiny|100/100
|switch|p1b: Annihilape|Annihilape, L50, M, shiny|100/100
|switch|p2a: Zoro|Sceptile, L50, M|100/100
|switch|p2b: Nacho|Raichu, L50, F|100/100
|turn|1
|c|☆Baxter1357924680|glhf
|
|t:|1783382438
|move|p1b: Annihilape|Rock Slide|p2b: Nacho|[spread] p2a,p2b
|-damage|p2a: Zoro|70/100
|-damage|p2b: Nacho|64/100
|move|p2a: Zoro|Dragon Pulse|p1a: Dragonite
|-supereffective|p1a: Dragonite|1
|-damage|p1a: Dragonite|80/100
|cant|p2b: Nacho|flinch
|move|p1a: Dragonite|Flamethrower|p2a: Zoro
|-supereffective|p2a: Zoro|1
|-damage|p2a: Zoro|9/100
|
|upkeep
|turn|2
|
|t:|1783382464
|move|p1b: Annihilape|Rock Slide|p2a: Zoro|[spread] p2a,p2b
|-damage|p2a: Zoro|0 fnt
|-damage|p2b: Nacho|29/100
|faint|p2a: Zoro
|move|p2b: Nacho|Volt Switch|p1a: Dragonite
|-damage|p1a: Dragonite|57/100
|
|t:|1783382477
|switch|p2b: Seija|Staraptor, L50, F|100/100|[from] Volt Switch
|-ability|p2b: Seija|Intimidate|boost
|-unboost|p1a: Dragonite|atk|1
|-unboost|p1b: Annihilape|atk|1
|move|p1a: Dragonite|Flamethrower|p2b: Seija
|-damage|p2b: Seija|60/100
|
|upkeep
|
|t:|1783382485
|switch|p2a: Tidal Wave|Eelektross, L50, F|100/100
|turn|3
|
|t:|1783382494
|move|p1b: Annihilape|Rock Slide|p2b: Seija|[spread] p2a,p2b
|-supereffective|p2b: Seija|1
|-damage|p2a: Tidal Wave|88/100
|-damage|p2b: Seija|28/100
|-enditem|p2b: Seija|Sitrus Berry|[eat]
|-heal|p2b: Seija|53/100|[from] item: Sitrus Berry
|move|p2b: Seija|Brave Bird|p1b: Annihilape
|-supereffective|p1b: Annihilape|1
|-damage|p1b: Annihilape|0 fnt
|faint|p1b: Annihilape
|-damage|p2b: Seija|13/100|[from] Recoil
|move|p1a: Dragonite|Stone Edge|p2b: Seija|[miss]
|-miss|p1a: Dragonite|p2b: Seija
|move|p2a: Tidal Wave|Thunderbolt|p1a: Dragonite
|-damage|p1a: Dragonite|29/100
|
|upkeep
|
|t:|1783382516
|switch|p1b: Ditto|Ditto, L50, shiny|100/100
|-transform|p1b: Ditto|p2a: Tidal Wave|[from] ability: Imposter
|turn|4
|
|t:|1783382547
|move|p2b: Seija|Close Combat|p1b: Ditto
|-crit|p1b: Ditto
|-damage|p1b: Ditto|27/100
|-unboost|p2b: Seija|def|1
|-unboost|p2b: Seija|spd|1
|move|p1a: Dragonite|Stone Edge|p2b: Seija
|-supereffective|p2b: Seija|1
|-damage|p2b: Seija|0 fnt
|faint|p2b: Seija
|move|p2a: Tidal Wave|Thunderbolt|p1a: Dragonite
|-damage|p1a: Dragonite|2/100
|move|p1b: Ditto|Thunderbolt|p2a: Tidal Wave
|-resisted|p2a: Tidal Wave|1
|-damage|p2a: Tidal Wave|68/100
|
|upkeep
|
|t:|1783382561
|switch|p2b: Nacho|Raichu, L50, F|29/100
|turn|5
|
|t:|1783382594
|move|p2b: Nacho|Focus Blast|p1b: Ditto
|-damage|p1b: Ditto|0 fnt
|faint|p1b: Ditto
|move|p1a: Dragonite|Draco Meteor|p2b: Nacho
|-damage|p2b: Nacho|0 fnt
|-unboost|p1a: Dragonite|spa|2
|faint|p2b: Nacho
|move|p2a: Tidal Wave|Thunderbolt|p1a: Dragonite
|-damage|p1a: Dragonite|0 fnt
|faint|p1a: Dragonite
|
|upkeep
|
|t:|1783382614
|switch|p1a: Greninja|Greninja, L50, M, shiny|100/100
|turn|6
|
|t:|1783382633
|move|p1a: Greninja|Quick Attack|p2a: Tidal Wave
|-start|p1a: Greninja|typechange|Normal|[from] ability: Protean
|-damage|p2a: Tidal Wave|51/100
|move|p2a: Tidal Wave|Thunderbolt|p1a: Greninja
|-damage|p1a: Greninja|55/100
|
|upkeep
|turn|7
|
|t:|1783382674
|move|p1a: Greninja|Quick Attack|p2a: Tidal Wave
|-damage|p2a: Tidal Wave|34/100
|move|p2a: Tidal Wave|Flamethrower|p1a: Greninja
|-damage|p1a: Greninja|29/100
|-status|p1a: Greninja|brn
|
|-damage|p1a: Greninja|23/100 brn|[from] brn
|upkeep
|turn|8
|
|t:|1783382702
|detailschange|p1a: Greninja|Greninja-Mega, L50, M, shiny
|-mega|p1a: Greninja|Greninja|Greninjite
|move|p1a: Greninja|Quick Attack|p2a: Tidal Wave
|-start|p1a: Greninja|typechange|Normal|[from] ability: Protean
|-damage|p2a: Tidal Wave|23/100
|move|p2a: Tidal Wave|Flamethrower|p1a: Greninja
|-damage|p1a: Greninja|0 fnt
|faint|p1a: Greninja
|
|win|Cheery Cinccino
|inactive|Baxter1357924680 has 30 seconds to confirm battle start!
|inactive|Cheery Cinccino has 30 seconds to confirm battle start!
||Baxter1357924680 is ready for game 2.
|inactive|Cheery Cinccino has 20 seconds to confirm battle start!
|inactive|Cheery Cinccino has 10 seconds to confirm battle start!
|uhtml|next|Next: Game 2 of 3
