|j|☆zubrowka
|j|☆platanoso
|html|zubrowkaplatanoso    
|uhtml|bestof|Game 3 of a best-of-3
|t:|1785971787
|gametype|doubles
|player|p1|zubrowka|clair|1192
|player|p2|platanoso|madame-gen4|1265
|gen|9
|tier|[Gen 9 Champions] VGC 2026 Reg M-B (Bo3)
|rated|
|rule|Species Clause: Limit one of each Pokémon
|rule|Item Clause: Limit 1 of each item
|clearpoke
|poke|p1|Floette-Eternal, L50, F|
|poke|p1|Sinistcha, L50|
|poke|p1|Basculegion, L50, M|
|poke|p1|Glimmora, L50, F|
|poke|p1|Staraptor, L50, M|
|poke|p1|Grimmsnarl, L50, M|
|poke|p2|Floette-Eternal, L50, F|
|poke|p2|Sneasler, L50, M|
|poke|p2|Incineroar, L50, M|
|poke|p2|Sinistcha, L50|
|poke|p2|Delphox, L50, M|
|poke|p2|Garchomp, L50, M|
|teampreview|4
|showteam|p1|Floette-Eternal||Floettite|FlowerVeil|DazzlingGleam,DrainingKiss,CalmMind,Protect|Modest||F|||50|]Sinistcha||ColburBerry|Hospitality|MatchaGotcha,LifeDew,RagePowder,Protect|Calm|||||50|]Basculegion||ChoiceScarf|Adaptability|WaveCrash,FlipTurn,AquaJet,LastRespects|Jolly||M|||50|]Glimmora||FocusSash|ToxicDebris|PowerGem,SludgeBomb,EarthPower,SpikyShield|Modest||F|||50|]Staraptor||Staraptite|Intimidate|DualWingbeat,CloseCombat,Tailwind,Protect|Jolly||M|||50|]Grimmsnarl||LightClay|Prankster|LightScreen,Reflect,FoulPlay,PartingShot|Impish||M|||50|
|showteam|p2|Floette-Eternal||Floettite|FlowerVeil|DazzlingGleam,DrainingKiss,CalmMind,Protect|Modest||F|||50|]Sneasler||FocusSash|PoisonTouch|CloseCombat,PoisonJab,FakeOut,Protect|Jolly||M|||50|]Incineroar||SitrusBerry|Intimidate|FlareBlitz,DarkestLariat,PartingShot,FakeOut|Impish||M|||50|]Sinistcha||OccaBerry|Hospitality|MatchaGotcha,RagePowder,TrickRoom,Protect|Bold|||||50|]Delphox||Delphoxite|Blaze|Psychic,HeatWave,NastyPlot,Protect|Timid||M|||50|]Garchomp||ChoiceScarf|RoughSkin|DragonClaw,StompingTantrum,Earthquake,RockSlide|Adamant||M|||50|
|inactive|Battle timer is ON: inactive players will automatically lose when time's up. (requested by platanoso)
|
|t:|1785971803
|teamsize|p1|4
|teamsize|p2|4
|start
|switch|p1a: Glimmora|Glimmora, L50, F|100/100
|switch|p1b: Grimmsnarl|Grimmsnarl, L50, M|100/100
|switch|p2a: Sinistcha|Sinistcha, L50|100/100
|switch|p2b: Delphox|Delphox, L50, M|100/100
|turn|1
|
|t:|1785971821
|detailschange|p2b: Delphox|Delphox-Mega, L50, M
|-mega|p2b: Delphox|Delphox|Delphoxite
|move|p2a: Sinistcha|Rage Powder|p2a: Sinistcha
|-singleturn|p2a: Sinistcha|move: Rage Powder
|move|p2b: Delphox|Nasty Plot|p2b: Delphox
|-boost|p2b: Delphox|spa|2
|move|p1a: Glimmora|Sludge Bomb|p2a: Sinistcha
|-crit|p2a: Sinistcha
|-damage|p2a: Sinistcha|22/100
|move|p1b: Grimmsnarl|Foul Play|p2a: Sinistcha
|-supereffective|p2a: Sinistcha|1
|-damage|p2a: Sinistcha|0 fnt
|faint|p2a: Sinistcha
|
|upkeep
|
|t:|1785971832
|switch|p2a: Garchomp|Garchomp, L50, M|100/100
|turn|2
|
|t:|1785971846
|move|p1a: Glimmora|Spiky Shield|p1a: Glimmora
|-singleturn|p1a: Glimmora|move: Protect
|move|p1b: Grimmsnarl|Light Screen|p1b: Grimmsnarl
|-sidestart|p1: zubrowka|move: Light Screen
|move|p2a: Garchomp|Earthquake|p1a: Glimmora|[spread] p1b
|-activate|p1a: Glimmora|move: Protect
|-immune|p2b: Delphox|[from] ability: Levitate
|-damage|p1b: Grimmsnarl|60/100
|move|p2b: Delphox|Heat Wave|p1b: Grimmsnarl|[spread] p1b
|-activate|p1a: Glimmora|move: Protect
|-damage|p1b: Grimmsnarl|16/100
|-status|p1b: Grimmsnarl|brn
|
|-damage|p1b: Grimmsnarl|10/100 brn|[from] brn
|upkeep
|turn|3
|inactive|zubrowka has 30 seconds left.
|
|t:|1785971876
|move|p2b: Delphox|Protect|p2b: Delphox
|-singleturn|p2b: Delphox|Protect
|move|p1b: Grimmsnarl|Reflect|p1b: Grimmsnarl
|-sidestart|p1: zubrowka|Reflect
|move|p2a: Garchomp|Earthquake|p1b: Grimmsnarl|[spread] p1a,p1b
|-activate|p2b: Delphox|move: Protect
|-supereffective|p1a: Glimmora|2
|-enditem|p1a: Glimmora|Focus Sash
|-damage|p1a: Glimmora|1/100
|-damage|p1b: Grimmsnarl|0 fnt
|-activate|p1a: Glimmora|ability: Toxic Debris
|-sidestart|p2: platanoso|move: Toxic Spikes
|faint|p1b: Grimmsnarl
|move|p1a: Glimmora|Power Gem|p2b: Delphox
|-activate|p2b: Delphox|move: Protect
|
|upkeep
|
|t:|1785971890
|switch|p1b: Basculegion|Basculegion, L50, M|100/100
|turn|4
|inactive|platanoso has 30 seconds left.
|
|t:|1785971916
|move|p2a: Garchomp|Earthquake|p1b: Basculegion|[spread] p1a,p1b
|-immune|p2b: Delphox|[from] ability: Levitate
|-supereffective|p1a: Glimmora|2
|-damage|p1a: Glimmora|0 fnt
|-damage|p1b: Basculegion|61/100
|-activate|p1a: Glimmora|ability: Toxic Debris
|-sidestart|p2: platanoso|move: Toxic Spikes
|faint|p1a: Glimmora
|move|p1b: Basculegion|Last Respects|p2b: Delphox
|-supereffective|p2b: Delphox|1
|-damage|p2b: Delphox|0 fnt
|faint|p2b: Delphox
|
|upkeep
|
|t:|1785971928
|switch|p2b: Sneasler|Sneasler, L50, M|100/100
|switch|p1a: Floette|Floette-Eternal, L50, F|100/100
|-sideend|p2: platanoso|move: Toxic Spikes|[of] p2b: Sneasler
|turn|5
|
|t:|1785971941
|move|p2b: Sneasler|Protect|p2b: Sneasler
|-singleturn|p2b: Sneasler|Protect
|move|p1a: Floette|Protect|p1a: Floette
|-singleturn|p1a: Floette|Protect
|move|p2a: Garchomp|Earthquake|p1b: Basculegion|[spread] p1b
|-activate|p2b: Sneasler|move: Protect
|-activate|p1a: Floette|move: Protect
|-damage|p1b: Basculegion|26/100
|move|p1b: Basculegion|Last Respects|p2a: Garchomp
|-damage|p2a: Garchomp|6/100
|
|upkeep
|turn|6
|inactive|zubrowka has 30 seconds left.
|inactive|zubrowka has 20 seconds left.
|
|t:|1785971980
|detailschange|p1a: Floette|Floette-Mega, L50, F
|-mega|p1a: Floette|Floette|Floettite
|-ability|p1a: Floette|Fairy Aura
|move|p2a: Garchomp|Earthquake|p1b: Basculegion|[spread] p2b,p1a,p1b
|-supereffective|p2b: Sneasler|1
|-enditem|p2b: Sneasler|Focus Sash
|-damage|p2b: Sneasler|1/100
|-damage|p1a: Floette|73/100
|-damage|p1b: Basculegion|0 fnt
|faint|p1b: Basculegion
|move|p2b: Sneasler|Poison Jab|p1a: Floette
|-supereffective|p1a: Floette|1
|-damage|p1a: Floette|18/100
|move|p1a: Floette|Dazzling Gleam|p2a: Garchomp|[spread] p2a,p2b
|-supereffective|p2a: Garchomp|1
|-damage|p2a: Garchomp|0 fnt
|-damage|p2b: Sneasler|0 fnt
|faint|p2a: Garchomp
|faint|p2b: Sneasler
|
|win|zubrowka
|raw|zubrowka's rating: 1192 → 1222(+30 for winning)
|raw|platanoso's rating: 1265 → 1235(-30 for losing)
|l|☆platanoso
|player|p2|
