|j|☆truegenesis1!
|j|☆PaquitoelBollito
|html|truegenesis1!PaquitoelBollito    
|uhtml|bestof|Game 2 of a best-of-3
|t:|1783800718
|gametype|doubles
|player|p1|truegenesis1!|iono|1040
|player|p2|PaquitoelBollito|102|1097
|gen|9
|tier|[Gen 9 Champions] VGC 2026 Reg M-B (Bo3)
|rated|
|rule|Species Clause: Limit one of each Pokémon
|rule|Item Clause: Limit 1 of each item
|clearpoke
|poke|p1|Gengar, L50, F|
|poke|p1|Incineroar, L50, M|
|poke|p1|Scrafty, L50, F|
|poke|p1|Sinistcha, L50|
|poke|p1|Politoed, L50, F|
|poke|p1|Archaludon, L50, F|
|poke|p2|Absol, L50, M, shiny|
|poke|p2|Froslass, L50, F|
|poke|p2|Corviknight, L50, M|
|poke|p2|Garchomp, L50, F|
|poke|p2|Arcanine-Hisui, L50, F|
|poke|p2|Whimsicott, L50, M|
|teampreview|4
|showteam|p1|Gengar||Gengarite|CursedBody|ShadowBall,Disable,PerishSong,Protect|Timid||F|||50|]Incineroar||ChopleBerry|Intimidate|FakeOut,PartingShot,ThroatChop,Protect|Careful||M|||50|]Scrafty||Scraftinite|Intimidate|ThroatChop,DrainPunch,Protect,SwordsDance|Brave||F|||50|]Sinistcha||MentalHerb|Hospitality|RagePowder,TrickRoom,Protect,MatchaGotcha|Bold|||||50|]Politoed||SitrusBerry|Drizzle|WeatherBall,PerishSong,Protect,Encore|Modest||F|||50|]Archaludon||LifeOrb|Stamina|ElectroShot,FlashCannon,DragonPulse,Protect|Modest||F|||50|
|showteam|p2|Absol||Absolite|SuperLuck|CloseCombat,SuckerPunch,KnockOff,Protect|Jolly||M|||50|]Froslass||Froslassite|SnowCloak|Blizzard,AuroraVeil,ShadowBall,Protect|Timid||F|||50|]Corviknight||Leftovers|MirrorArmor|Tailwind,IronHead,BraveBird,Protect|Careful||M|||50|]Garchomp||LifeOrb|RoughSkin|Protect,DragonClaw,RockSlide,StompingTantrum|Jolly||F|||50|]Arcanine-Hisui||ShucaBerry|RockHead|Protect,ExtremeSpeed,FlareBlitz,HeadSmash|Jolly||F|||50|]Whimsicott||FocusSash|Prankster|Tailwind,Moonblast,Protect,Encore|Timid||M|||50|
|inactive|Battle timer is ON: inactive players will automatically lose when time's up. (requested by PaquitoelBollito)
|c|☆truegenesis1!|Crit some bs
|
|t:|1783800747
|teamsize|p1|4
|teamsize|p2|4
|start
|switch|p1a: Mainstage|Gengar, L50, F|100/100
|switch|p1b: Instrument|Incineroar, L50, M|100/100
|switch|p2a: Froslass|Froslass, L50, F|100/100
|switch|p2b: Whimsicott|Whimsicott, L50, M|100/100
|-ability|p1b: Instrument|Intimidate|boost
|-unboost|p2a: Froslass|atk|1
|-unboost|p2b: Whimsicott|atk|1
|turn|1
|inactive|truegenesis1! has 30 seconds left.
|inactive|PaquitoelBollito has 30 seconds left.
|
|t:|1783800781
|detailschange|p2a: Froslass|Froslass-Mega, L50, F
|-mega|p2a: Froslass|Froslass|Froslassite
|-weather|Snowscape|[from] ability: Snow Warning|[of] p2a: Froslass
|detailschange|p1a: Mainstage|Gengar-Mega, L50, F
|-mega|p1a: Mainstage|Gengar|Gengarite
|move|p1a: Mainstage|Protect|p1a: Mainstage
|-singleturn|p1a: Mainstage|Protect
|move|p1b: Instrument|Protect|p1b: Instrument
|-singleturn|p1b: Instrument|Protect
|move|p2b: Whimsicott|Tailwind|p2b: Whimsicott
|-sidestart|p2: PaquitoelBollito|move: Tailwind
|move|p2a: Froslass|Shadow Ball|p1a: Mainstage
|-activate|p1a: Mainstage|move: Protect
|
|-weather|Snowscape|[upkeep]
|upkeep
|turn|2
|
|t:|1783800804
|switch|p1a: Encore|Politoed, L50, F|100/100
|-weather|RainDance|[from] ability: Drizzle|[of] p1a: Encore
|move|p2b: Whimsicott|Moonblast|p1b: Instrument
|-damage|p1b: Instrument|79/100
|move|p2a: Froslass|Blizzard|p1b: Instrument|[spread] p1a
|-miss|p2a: Froslass|p1b: Instrument
|-resisted|p1a: Encore|1
|-damage|p1a: Encore|81/100
|move|p1b: Instrument|Throat Chop|p2a: Froslass
|-supereffective|p2a: Froslass|1
|-damage|p2a: Froslass|14/100
|-start|p2a: Froslass|Throat Chop|[silent]
|
|-weather|RainDance|[upkeep]
|upkeep
|turn|3
|inactive|truegenesis1! has 30 seconds left.
|inactive|PaquitoelBollito has 30 seconds left.
|
|t:|1783800833
|move|p2b: Whimsicott|Moonblast|p1b: Instrument
|-damage|p1b: Instrument|58/100
|move|p2a: Froslass|Aurora Veil||[still]
|-fail|p2a: Froslass
|move|p1a: Encore|Weather Ball|p2a: Froslass
|-damage|p2a: Froslass|0 fnt
|faint|p2a: Froslass
|move|p1b: Instrument|Parting Shot|p2b: Whimsicott
|-unboost|p2b: Whimsicott|atk|1
|-unboost|p2b: Whimsicott|spa|1
|
|t:|1783800840
|switch|p1b: Mainstage|Gengar-Mega, L50, F|100/100|[from] Parting Shot
|
|-weather|RainDance|[upkeep]
|upkeep
|
|t:|1783800846
|switch|p2a: Garchomp|Garchomp, L50, F|100/100
|turn|4
|
|t:|1783800864
|switch|p1a: Instrument|Incineroar, L50, M|58/100
|-ability|p1a: Instrument|Intimidate|boost
|-unboost|p2a: Garchomp|atk|1
|-unboost|p2b: Whimsicott|atk|1
|move|p1b: Mainstage|Protect|p1b: Mainstage
|-singleturn|p1b: Mainstage|Protect
|move|p2b: Whimsicott|Moonblast|p1a: Instrument
|-crit|p1a: Instrument
|-damage|p1a: Instrument|26/100
|move|p2a: Garchomp|Stomping Tantrum|p1b: Mainstage
|-activate|p1b: Mainstage|move: Protect
|
|-weather|RainDance|[upkeep]
|-sideend|p2: PaquitoelBollito|move: Tailwind
|upkeep
|turn|5
|
|t:|1783800887
|move|p1a: Instrument|Fake Out|p2b: Whimsicott
|-damage|p2b: Whimsicott|87/100
|cant|p2b: Whimsicott|flinch
|move|p1b: Mainstage|Disable|p2a: Garchomp
|-start|p2a: Garchomp|Disable|Stomping Tantrum
|cant|p2a: Garchomp|Disable|Stomping Tantrum
|
|-weather|RainDance|[upkeep]
|upkeep
|turn|6
|
|t:|1783800906
|switch|p1a: Encore|Politoed, L50, F|81/100
|move|p2b: Whimsicott|Tailwind|p2b: Whimsicott
|-sidestart|p2: PaquitoelBollito|move: Tailwind
|move|p2a: Garchomp|Rock Slide|p1a: Encore|[spread] p1a,p1b
|-damage|p1a: Encore|62/100
|-damage|p1b: Mainstage|79/100
|-damage|p2a: Garchomp|90/100|[from] item: Life Orb
|move|p1b: Mainstage|Perish Song|p1b: Mainstage
|-start|p1a: Encore|perish3|[silent]
|-start|p1b: Mainstage|perish3|[silent]
|-start|p2a: Garchomp|perish3|[silent]
|-start|p2b: Whimsicott|perish3|[silent]
|-fieldactivate|move: Perish Song
|
|-weather|none
|-start|p2b: Whimsicott|perish3
|-start|p2a: Garchomp|perish3
|-start|p1b: Mainstage|perish3
|-start|p1a: Encore|perish3
|upkeep
|turn|7
|
|t:|1783800930
|switch|p1a: Instrument|Incineroar, L50, M|26/100
|-ability|p1a: Instrument|Intimidate|boost
|-unboost|p2a: Garchomp|atk|1
|-unboost|p2b: Whimsicott|atk|1
|move|p2b: Whimsicott|Encore|p1b: Mainstage
|-start|p1b: Mainstage|Encore
|move|p2a: Garchomp|Dragon Claw|p1b: Mainstage
|-damage|p1b: Mainstage|47/100
|-damage|p2a: Garchomp|80/100|[from] item: Life Orb
|move|p1b: Mainstage|Perish Song|p1b: Mainstage
|-start|p1a: Instrument|perish3|[silent]
|-fieldactivate|move: Perish Song
|
|-start|p2b: Whimsicott|perish2
|-start|p2a: Garchomp|perish2
|-start|p1b: Mainstage|perish2
|-start|p1a: Instrument|perish3
|upkeep
|turn|8
|
|t:|1783800950
|move|p1a: Instrument|Fake Out|p2a: Garchomp
|-damage|p2a: Garchomp|70/100
|-damage|p1a: Instrument|14/100|[from] ability: Rough Skin|[of] p2a: Garchomp
|move|p2b: Whimsicott|Moonblast|p1a: Instrument
|-damage|p1a: Instrument|1/100
|cant|p2a: Garchomp|flinch
|move|p1b: Mainstage|Perish Song||[still]
|-fail|p1b: Mainstage
|
|-end|p2a: Garchomp|Disable
|-start|p2b: Whimsicott|perish1
|-start|p2a: Garchomp|perish1
|-start|p1b: Mainstage|perish1
|-start|p1a: Instrument|perish2
|upkeep
|turn|9
|inactive|PaquitoelBollito has 30 seconds left.
|
|t:|1783800978
|switch|p1b: New Album|Archaludon, L50, F|100/100
|switch|p1a: Encore|Politoed, L50, F|62/100
|-weather|RainDance|[from] ability: Drizzle|[of] p1a: Encore
|move|p2b: Whimsicott|Moonblast|p1a: Encore
|-damage|p1a: Encore|46/100
|-enditem|p1a: Encore|Sitrus Berry|[eat]
|-heal|p1a: Encore|71/100|[from] item: Sitrus Berry
|move|p2a: Garchomp|Stomping Tantrum|p1b: New Album
|-supereffective|p1b: New Album|1
|-damage|p1b: New Album|11/100
|-ability|p1b: New Album|Stamina|boost
|-boost|p1b: New Album|def|1
|-damage|p2a: Garchomp|60/100|[from] item: Life Orb
|
|-weather|RainDance|[upkeep]
|-start|p2b: Whimsicott|perish0
|-start|p2a: Garchomp|perish0
|-sideend|p2: PaquitoelBollito|move: Tailwind
|upkeep
|faint|p2b: Whimsicott
|faint|p2a: Garchomp
|
|t:|1783800991
|switch|p2b: Corviknight|Corviknight, L50, M|100/100
|turn|10
|
|t:|1783801004
|move|p1b: New Album|Electro Shot||[still]
|-prepare|p1b: New Album|Electro Shot
|-boost|p1b: New Album|spa|1
|-anim|p1b: New Album|Electro Shot|p2b: Corviknight
|-supereffective|p2b: Corviknight|1
|-damage|p2b: Corviknight|0 fnt
|faint|p2b: Corviknight
|-damage|p1b: New Album|1/100|[from] item: Life Orb
|
|win|truegenesis1!
