|j|☆murimuri evolution
|j|☆nachoconpicodgallo
|html|murimuri evolutionnachoconpicodgallo    
|uhtml|bestof|Game 1 of a best-of-3
|t:|1786068985
|gametype|doubles
|player|p1|murimuri evolution|265|1252
|player|p2|nachoconpicodgallo|guitarist|1161
|gen|9
|tier|[Gen 9 Champions] VGC 2026 Reg M-B (Bo3)
|rated|
|rule|Species Clause: Limit one of each Pokémon
|rule|Item Clause: Limit 1 of each item
|clearpoke
|poke|p1|Raichu, L50, F|
|poke|p1|Whimsicott, L50, M|
|poke|p1|Garchomp, L50, M|
|poke|p1|Basculegion, L50, M|
|poke|p1|Tsareena, L50, F|
|poke|p1|Delphox, L50, F|
|poke|p2|Gengar, L50, F, shiny|
|poke|p2|Ninetales-Alola, L50, M, shiny|
|poke|p2|Incineroar, L50, M|
|poke|p2|Scovillain, L50, M|
|poke|p2|Lycanroc-Dusk, L50, F|
|poke|p2|Dragonite, L50, M|
|teampreview|4
|showteam|p1|Raichu||RaichuniteY|LightningRod|Protect,ZapCannon,FocusBlast,FakeOut|Timid||F|||50|]Whimsicott||FocusSash|Prankster|Protect,Moonblast,Tailwind,Encore|Timid||M|||50|]Garchomp||LifeOrb|RoughSkin|Protect,DragonClaw,RockSlide,Earthquake|Jolly||M|||50|]Basculegion||MysticWater|Adaptability|Protect,WaveCrash,LastRespects,AquaJet|Adamant||M|||50|]Tsareena||WideLens|QueenlyMajesty|Protect,PowerWhip,HighJumpKick,TripleAxel|Adamant||F|||50|]Delphox||Delphoxite|Blaze|Protect,HeatWave,Psychic,Encore|Timid||F|||50|
|showteam|p2|Gengar||Gengarite|CursedBody|ShadowBall,SludgeBomb,Substitute,Protect|Modest||F|||50|]Ninetales-Alola||ChoiceScarf|SnowWarning|Blizzard,FreezeDry,IcyWind,Encore|Timid||M|||50|]Incineroar||SitrusBerry|Intimidate|FlareBlitz,ThroatChop,FakeOut,PartingShot|Impish||M|||50|]Scovillain||Scovillainite|Moody|GigaDrain,Overheat,RagePowder,Protect|Bold||M|||50|]Lycanroc-Dusk||FocusSash|ToughClaws|RockSlide,CloseCombat,Accelerock,Protect|Adamant||F|||50|]Dragonite||LifeOrb|InnerFocus|DragonClaw,ExtremeSpeed,Superpower,Protect|Adamant||M|||50|
|inactive|Battle timer is ON: inactive players will automatically lose when time's up. (requested by nachoconpicodgallo)
|inactive|murimuri evolution has 60 seconds left.
|inactive|nachoconpicodgallo has 60 seconds left.
|
|t:|1786069037
|teamsize|p1|4
|teamsize|p2|4
|start
|switch|p1a: Garchomp|Garchomp, L50, M|100/100
|switch|p1b: Delphox|Delphox, L50, F|100/100
|switch|p2a: Ninetales|Ninetales-Alola, L50, M, shiny|100/100
|switch|p2b: Dragonite|Dragonite, L50, M|100/100
|-weather|Snowscape|[from] ability: Snow Warning|[of] p2a: Ninetales
|turn|1
|
|t:|1786069059
|switch|p1a: Basculegion|Basculegion, L50, M|100/100
|detailschange|p1b: Delphox|Delphox-Mega, L50, F
|-mega|p1b: Delphox|Delphox|Delphoxite
|move|p2a: Ninetales|Icy Wind|p1a: Basculegion|[spread] p1a,p1b
|-resisted|p1a: Basculegion|1
|-resisted|p1b: Delphox|1
|-damage|p1a: Basculegion|93/100
|-damage|p1b: Delphox|92/100
|-unboost|p1a: Basculegion|spe|1
|-unboost|p1b: Delphox|spe|1
|move|p1b: Delphox|Heat Wave|p2b: Dragonite|[spread] p2a,p2b
|-supereffective|p2a: Ninetales|1
|-resisted|p2b: Dragonite|1
|-damage|p2a: Ninetales|1/100
|-damage|p2b: Dragonite|81/100
|move|p2b: Dragonite|Dragon Claw|p1b: Delphox
|-damage|p1b: Delphox|0 fnt
|faint|p1b: Delphox
|-damage|p2b: Dragonite|71/100|[from] item: Life Orb
|
|-weather|Snowscape|[upkeep]
|upkeep
|
|t:|1786069076
|switch|p1b: Garchomp|Garchomp, L50, M|100/100
|turn|2
|
|t:|1786069094
|move|p2b: Dragonite|Protect|p2b: Dragonite
|-singleturn|p2b: Dragonite|Protect
|move|p2a: Ninetales|Icy Wind|p1b: Garchomp|[spread] p1a,p1b
|-resisted|p1a: Basculegion|1
|-supereffective|p1b: Garchomp|2
|-damage|p1a: Basculegion|85/100
|-damage|p1b: Garchomp|47/100
|-unboost|p1a: Basculegion|spe|1
|-unboost|p1b: Garchomp|spe|1
|move|p1b: Garchomp|Dragon Claw|p2b: Dragonite
|-activate|p2b: Dragonite|move: Protect
|move|p1a: Basculegion|Last Respects|p2a: Ninetales
|-damage|p2a: Ninetales|0 fnt
|faint|p2a: Ninetales
|
|-weather|Snowscape|[upkeep]
|upkeep
|
|t:|1786069107
|switch|p2a: Scovillain|Scovillain, L50, M|100/100
|turn|3
|
|t:|1786069130
|detailschange|p2a: Scovillain|Scovillain-Mega, L50, M
|-mega|p2a: Scovillain|Scovillain|Scovillainite
|move|p1b: Garchomp|Protect|p1b: Garchomp
|-singleturn|p1b: Garchomp|Protect
|move|p2a: Scovillain|Rage Powder|p2a: Scovillain
|-singleturn|p2a: Scovillain|move: Rage Powder
|move|p2b: Dragonite|Dragon Claw|p1b: Garchomp
|-activate|p1b: Garchomp|move: Protect
|move|p1a: Basculegion|Last Respects|p2a: Scovillain
|-damage|p2a: Scovillain|31/100
|-status|p1a: Basculegion|brn|[from] ability: Spicy Spray|[of] p2a: Scovillain
|
|-weather|Snowscape|[upkeep]
|-damage|p1a: Basculegion|79/100 brn|[from] brn
|upkeep
|turn|4
|
|t:|1786069151
|switch|p2b: Incineroar|Incineroar, L50, M|100/100
|-ability|p2b: Incineroar|Intimidate|boost
|-unboost|p1a: Basculegion|atk|1
|-unboost|p1b: Garchomp|atk|1
|move|p1b: Garchomp|Rock Slide|p2b: Incineroar|[spread] p2a,p2b
|-supereffective|p2a: Scovillain|1
|-crit|p2a: Scovillain
|-supereffective|p2b: Incineroar|1
|-damage|p2a: Scovillain|0 fnt
|-damage|p2b: Incineroar|74/100
|-status|p1b: Garchomp|brn|[from] ability: Spicy Spray|[of] p2a: Scovillain
|faint|p2a: Scovillain
|-damage|p1b: Garchomp|37/100 brn|[from] item: Life Orb
|move|p1a: Basculegion|Wave Crash|p2b: Incineroar
|-supereffective|p2b: Incineroar|1
|-damage|p2b: Incineroar|22/100
|-enditem|p2b: Incineroar|Sitrus Berry|[eat]
|-heal|p2b: Incineroar|47/100|[from] item: Sitrus Berry
|-damage|p1a: Basculegion|63/100 brn|[from] Recoil
|
|-weather|Snowscape|[upkeep]
|-damage|p1b: Garchomp|31/100 brn|[from] brn
|-damage|p1a: Basculegion|57/100 brn|[from] brn
|upkeep
|
|t:|1786069164
|switch|p2a: Dragonite|Dragonite, L50, M|71/100
|turn|5
|
|t:|1786069179
|switch|p1b: Tsareena|Tsareena, L50, F|100/100
|move|p1a: Basculegion|Protect|p1a: Basculegion
|-singleturn|p1a: Basculegion|Protect
|move|p2a: Dragonite|Dragon Claw|p1b: Tsareena
|-crit|p1b: Tsareena
|-damage|p1b: Tsareena|4/100
|-damage|p2a: Dragonite|61/100|[from] item: Life Orb
|move|p2b: Incineroar|Throat Chop|p1a: Basculegion
|-activate|p1a: Basculegion|move: Protect
|
|-weather|none
|-damage|p1a: Basculegion|51/100 brn|[from] brn
|upkeep
|turn|6
|
|t:|1786069200
|move|p2a: Dragonite|Protect|p2a: Dragonite
|-singleturn|p2a: Dragonite|Protect
|move|p1b: Tsareena|High Jump Kick|p2b: Incineroar
|-supereffective|p2b: Incineroar|1
|-damage|p2b: Incineroar|0 fnt
|faint|p2b: Incineroar
|move|p1a: Basculegion|Wave Crash|p2a: Dragonite
|-activate|p2a: Dragonite|move: Protect
|
|-damage|p1a: Basculegion|45/100 brn|[from] brn
|upkeep
|turn|7
|
|t:|1786069213
|move|p1b: Tsareena|Triple Axel|p2a: Dragonite
|-supereffective|p2a: Dragonite|2
|-damage|p2a: Dragonite|36/100
|-supereffective|p2a: Dragonite|2
|-damage|p2a: Dragonite|0 fnt
|faint|p2a: Dragonite
|-hitcount|p2: Dragonite|2
|
|win|murimuri evolution
