|j|☆Hadrian1917
|j|☆Snow Trick Room
|html|Hadrian1917Snow Trick Room    
|uhtml|bestof|Game 1 of a best-of-3
|t:|1785890028
|gametype|doubles
|player|p1|Hadrian1917|101|1131
|player|p2|Snow Trick Room|170|1000
|gen|9
|tier|[Gen 9 Champions] VGC 2026 Reg M-B (Bo3)
|rated|
|rule|Species Clause: Limit one of each Pokémon
|rule|Item Clause: Limit 1 of each item
|clearpoke
|poke|p1|Kingambit, L50, M|
|poke|p1|Staraptor, L50, F|
|poke|p1|Whimsicott, L50, F|
|poke|p1|Sinistcha, L50|
|poke|p1|Pelipper, L50, F|
|poke|p1|Incineroar, L50, M|
|poke|p2|Mr. Rime, L50, F|
|poke|p2|Crabominable, L50, F|
|poke|p2|Froslass, L50, F|
|poke|p2|Ninetales-Alola, L50, F|
|poke|p2|Avalugg-Hisui, L50, F|
|poke|p2|Glaceon, L50, M|
|teampreview|4
|showteam|p1|Kingambit||BlackGlasses|Defiant|KowtowCleave,Protect,SwordsDance,SuckerPunch|Careful||M|||50|]Staraptor||Staraptite|Intimidate|CloseCombat,BrickBreak,DualWingbeat,Protect|Jolly||F|||50|]Whimsicott||FocusSash|Prankster|Moonblast,Charm,Tailwind,Encore|Modest||F|||50|]Sinistcha||BrightPowder|Hospitality|MatchaGotcha,LifeDew,Protect,RagePowder|Bold|||||50|]Pelipper||SitrusBerry|Drizzle|Hurricane,WeatherBall,WideGuard,Protect|Calm||F|||50|]Incineroar||ShucaBerry|Intimidate|FlareBlitz,FakeOut,PartingShot,ThroatChop|Adamant||M|||50|
|showteam|p2|Mr. Rime||MentalHerb|IceBody|TrickRoom,Blizzard,Protect,HelpingHand|Sassy||F|||50|]Crabominable||Crabominite|HyperCutter|CloseCombat,IceHammer,MachPunch,Protect|Brave||F|||50|]Froslass||Froslassite|SnowCloak|Blizzard,Protect,AuroraVeil,ShadowBall|Timid||F|||50|]Ninetales-Alola||LightClay|SnowWarning|AuroraVeil,Encore,ChillingWater,Protect|Relaxed||F|||50|]Avalugg-Hisui||Leftovers|IceBody|Recover,WideGuard,BodyPress,MountainGale|Relaxed||F|||50|]Glaceon||LifeOrb|IceBody|Blizzard,FreezeDry,ShadowBall,Protect|Quiet||M|||50|
|inactive|Battle timer is ON: inactive players will automatically lose when time's up. (requested by Hadrian1917)
|inactive|Snow Trick Room has 60 seconds left.
|
|t:|1785890068
|teamsize|p1|4
|teamsize|p2|4
|start
|switch|p1a: Kingambit|Kingambit, L50, M|100/100
|switch|p1b: Incineroar|Incineroar, L50, M|100/100
|switch|p2a: Mr. Rime|Mr. Rime, L50, F|100/100
|switch|p2b: Ninetales|Ninetales-Alola, L50, F|100/100
|-weather|Snowscape|[from] ability: Snow Warning|[of] p2b: Ninetales
|-ability|p1b: Incineroar|Intimidate|boost
|-unboost|p2a: Mr. Rime|atk|1
|-unboost|p2b: Ninetales|atk|1
|turn|1
|c|☆Snow Trick Room|hi
|inactive|Hadrian1917 has 30 seconds left.
|
|t:|1785890101
|move|p2b: Ninetales|Protect|p2b: Ninetales
|-singleturn|p2b: Ninetales|Protect
|move|p2a: Mr. Rime|Protect|p2a: Mr. Rime
|-singleturn|p2a: Mr. Rime|Protect
|move|p1b: Incineroar|Fake Out|p2b: Ninetales
|-activate|p2b: Ninetales|move: Protect
|move|p1a: Kingambit|Swords Dance|p1a: Kingambit
|-boost|p1a: Kingambit|atk|2
|
|-weather|Snowscape|[upkeep]
|upkeep
|turn|2
|inactive|Hadrian1917 has 30 seconds left.
|
|t:|1785890126
|move|p1a: Kingambit|Protect|p1a: Kingambit
|-singleturn|p1a: Kingambit|Protect
|move|p2b: Ninetales|Encore|p1a: Kingambit
|-activate|p1a: Kingambit|move: Protect
|move|p1b: Incineroar|Parting Shot|p2b: Ninetales
|-unboost|p2b: Ninetales|atk|1
|-unboost|p2b: Ninetales|spa|1
|
|t:|1785890136
|switch|p1b: Sinistcha|Sinistcha, L50|100/100|[from] Parting Shot
|move|p2a: Mr. Rime|Trick Room|p2a: Mr. Rime
|-fieldstart|move: Trick Room|[of] p2a: Mr. Rime
|
|-weather|Snowscape|[upkeep]
|upkeep
|turn|3
|inactive|Hadrian1917 has 30 seconds left.
|inactive|Snow Trick Room has 30 seconds left.
|inactive|Snow Trick Room has 20 seconds left.
|inactive|Snow Trick Room has 15 seconds left.
|
|t:|1785890177
|switch|p1b: Pelipper|Pelipper, L50, F|100/100
|-weather|RainDance|[from] ability: Drizzle|[of] p1b: Pelipper
|switch|p2b: Crabominable|Crabominable, L50, F|100/100
|move|p2a: Mr. Rime|Protect|p2a: Mr. Rime
|-singleturn|p2a: Mr. Rime|Protect
|move|p1a: Kingambit|Kowtow Cleave|p2a: Mr. Rime
|-activate|p2a: Mr. Rime|move: Protect
|
|-weather|RainDance|[upkeep]
|upkeep
|turn|4
|
|t:|1785890196
|switch|p1b: Incineroar|Incineroar, L50, M|100/100
|-ability|p1b: Incineroar|Intimidate|boost
|-unboost|p2a: Mr. Rime|atk|1
|-fail|p2b: Crabominable|unboost|Attack|[from] ability: Hyper Cutter|[of] p2b: Crabominable
|move|p2a: Mr. Rime|Helping Hand|p2b: Crabominable
|-singleturn|p2b: Crabominable|Helping Hand|[of] p2a: Mr. Rime
|move|p1a: Kingambit|Protect|p1a: Kingambit
|-singleturn|p1a: Kingambit|Protect
|move|p2b: Crabominable|Mach Punch|p1a: Kingambit
|-activate|p1a: Kingambit|move: Protect
|
|-weather|RainDance|[upkeep]
|upkeep
|turn|5
|
|t:|1785890214
|move|p2a: Mr. Rime|Helping Hand|p2b: Crabominable
|-singleturn|p2b: Crabominable|Helping Hand|[of] p2a: Mr. Rime
|move|p1b: Incineroar|Fake Out|p2b: Crabominable
|-damage|p2b: Crabominable|87/100
|cant|p2b: Crabominable|flinch
|move|p1a: Kingambit|Swords Dance|p1a: Kingambit
|-boost|p1a: Kingambit|atk|2
|
|-weather|RainDance|[upkeep]
|upkeep
|turn|6
|
|t:|1785890232
|move|p2a: Mr. Rime|Helping Hand|p2b: Crabominable
|-singleturn|p2b: Crabominable|Helping Hand|[of] p2a: Mr. Rime
|move|p1a: Kingambit|Protect|p1a: Kingambit
|-singleturn|p1a: Kingambit|Protect
|move|p2b: Crabominable|Mach Punch|p1a: Kingambit
|-activate|p1a: Kingambit|move: Protect
|move|p1b: Incineroar|Parting Shot|p2a: Mr. Rime
|-unboost|p2a: Mr. Rime|atk|1
|-unboost|p2a: Mr. Rime|spa|1
|
|t:|1785890242
|switch|p1b: Sinistcha|Sinistcha, L50|100/100|[from] Parting Shot
|
|-weather|RainDance|[upkeep]
|-fieldend|move: Trick Room
|upkeep
|turn|7
|inactive|Snow Trick Room has 30 seconds left.
|
|t:|1785890268
|move|p2b: Crabominable|Protect|p2b: Crabominable
|-singleturn|p2b: Crabominable|Protect
|move|p1b: Sinistcha|Rage Powder|p1b: Sinistcha
|-singleturn|p1b: Sinistcha|move: Rage Powder
|move|p1a: Kingambit|Kowtow Cleave|p2a: Mr. Rime
|-supereffective|p2a: Mr. Rime|1
|-damage|p2a: Mr. Rime|0 fnt
|faint|p2a: Mr. Rime
|
|-weather|none
|upkeep
|
|t:|1785890279
|switch|p2a: Ninetales|Ninetales-Alola, L50, F|100/100
|-weather|Snowscape|[from] ability: Snow Warning|[of] p2a: Ninetales
|turn|8
|
|t:|1785890295
|switch|p1b: Incineroar|Incineroar, L50, M|100/100
|-ability|p1b: Incineroar|Intimidate|boost
|-unboost|p2a: Ninetales|atk|1
|-fail|p2b: Crabominable|unboost|Attack|[from] ability: Hyper Cutter|[of] p2b: Crabominable
|detailschange|p2b: Crabominable|Crabominable-Mega, L50, F
|-mega|p2b: Crabominable|Crabominable|Crabominite
|move|p1a: Kingambit|Protect|p1a: Kingambit
|-singleturn|p1a: Kingambit|Protect
|move|p2b: Crabominable|Mach Punch|p1a: Kingambit
|-activate|p1a: Kingambit|move: Protect
|move|p2a: Ninetales|Chilling Water|p1a: Kingambit
|-activate|p1a: Kingambit|move: Protect
|
|-weather|Snowscape|[upkeep]
|upkeep
|turn|9
|inactive|Hadrian1917 has 30 seconds left.
|inactive|Hadrian1917 has 20 seconds left.
|inactive|Hadrian1917 has 15 seconds left.
|inactive|Hadrian1917 has 10 seconds left.
|inactive|Hadrian1917 has 5 seconds left.
|
|t:|1785890349
|move|p2a: Ninetales|Encore|p1a: Kingambit
|-start|p1a: Kingambit|Encore
|move|p1a: Kingambit|Protect||[still]
|-fail|p1a: Kingambit
|move|p1b: Incineroar|Parting Shot|p2b: Crabominable
|-unboost|p2b: Crabominable|atk|1
|-unboost|p2b: Crabominable|spa|1
|
|t:|1785890357
|switch|p1b: Sinistcha|Sinistcha, L50|100/100|[from] Parting Shot
|move|p2b: Crabominable|Close Combat|p1b: Sinistcha
|-immune|p1b: Sinistcha
|
|-weather|Snowscape|[upkeep]
|upkeep
|turn|10
|
|t:|1785890376
|switch|p1b: Incineroar|Incineroar, L50, M|100/100
|-ability|p1b: Incineroar|Intimidate|boost
|-unboost|p2a: Ninetales|atk|1
|-unboost|p2b: Crabominable|atk|1
|move|p1a: Kingambit|Protect|p1a: Kingambit
|-singleturn|p1a: Kingambit|Protect
|move|p2b: Crabominable|Mach Punch|p1a: Kingambit
|-activate|p1a: Kingambit|move: Protect
|move|p2a: Ninetales|Chilling Water|p1a: Kingambit
|-activate|p1a: Kingambit|move: Protect
|
|-weather|Snowscape|[upkeep]
|upkeep
|turn|11
|
|t:|1785890392
|move|p1a: Kingambit|Protect||[still]
|-fail|p1a: Kingambit
|move|p1b: Incineroar|Fake Out|p2b: Crabominable
|-damage|p2b: Crabominable|81/100
|cant|p2b: Crabominable|flinch
|move|p2a: Ninetales|Chilling Water|p1a: Kingambit
|-damage|p1a: Kingambit|91/100
|-unboost|p1a: Kingambit|atk|1
|-ability|p1a: Kingambit|Defiant|boost
|-boost|p1a: Kingambit|atk|2
|
|-weather|Snowscape|[upkeep]
|-end|p1a: Kingambit|Encore
|upkeep
|turn|12
|
|t:|1785890411
|move|p1a: Kingambit|Sucker Punch|p2b: Crabominable
|-resisted|p2b: Crabominable|1
|-damage|p2b: Crabominable|50/100g
|move|p2b: Crabominable|Mach Punch|p1a: Kingambit
|-supereffective|p1a: Kingambit|2
|-damage|p1a: Kingambit|39/100
|move|p2a: Ninetales|Encore|p1a: Kingambit
|-start|p1a: Kingambit|Encore
|move|p1b: Incineroar|Flare Blitz|p2b: Crabominable
|-supereffective|p2b: Crabominable|1
|-damage|p2b: Crabominable|0 fnt
|faint|p2b: Crabominable
|-damage|p1b: Incineroar|83/100|[from] Recoil
|
|-weather|none
|upkeep
|
|t:|1785890425
|switch|p2b: Glaceon|Glaceon, L50, M|100/100
|turn|13
|
|t:|1785890445
|move|p1a: Kingambit|Sucker Punch||[still]
|-fail|p1a: Kingambit
|move|p2a: Ninetales|Aurora Veil||[still]
|-fail|p2a: Ninetales
|move|p1b: Incineroar|Parting Shot|p2b: Glaceon
|-unboost|p2b: Glaceon|atk|1
|-unboost|p2b: Glaceon|spa|1
|
|t:|1785890451
|switch|p1b: Sinistcha|Sinistcha, L50|100/100|[from] Parting Shot
|-heal|p1a: Kingambit|64/100|[from] ability: Hospitality|[of] p1b: Sinistcha
|move|p2b: Glaceon|Blizzard|p1b: Sinistcha|[spread] p1b
|-miss|p2b: Glaceon|p1a: Kingambit
|-supereffective|p1b: Sinistcha|1
|-damage|p1b: Sinistcha|25/100
|-damage|p2b: Glaceon|90/100|[from] item: Life Orb
|
|upkeep
|turn|14
|
|t:|1785890472
|switch|p1b: Incineroar|Incineroar, L50, M|83/100
|-ability|p1b: Incineroar|Intimidate|boost
|-unboost|p2a: Ninetales|atk|1
|-unboost|p2b: Glaceon|atk|1
|move|p1a: Kingambit|Sucker Punch||[still]
|-fail|p1a: Kingambit
|move|p2a: Ninetales|Encore||[still]
|-fail|p2a: Ninetales
|move|p2b: Glaceon|Blizzard|p1a: Kingambit|[spread] p1a,p1b
|-resisted|p1a: Kingambit|1
|-resisted|p1b: Incineroar|1
|-damage|p1a: Kingambit|50/100g
|-damage|p1b: Incineroar|65/100
|-damage|p2b: Glaceon|80/100|[from] item: Life Orb
|
|upkeep
|turn|15
|
|t:|1785890491
|switch|p1b: Sinistcha|Sinistcha, L50|25/100
|-heal|p1a: Kingambit|74/100|[from] ability: Hospitality|[of] p1b: Sinistcha
|move|p1a: Kingambit|Sucker Punch|p2b: Glaceon
|-damage|p2b: Glaceon|0 fnt
|faint|p2b: Glaceon
|move|p2a: Ninetales|Chilling Water|p1b: Sinistcha
|-resisted|p1b: Sinistcha|1
|-damage|p1b: Sinistcha|20/100y
|-unboost|p1b: Sinistcha|atk|1
|
|-end|p1a: Kingambit|Encore
|upkeep
|turn|16
|
|t:|1785890507
|move|p1b: Sinistcha|Rage Powder|p1b: Sinistcha
|-singleturn|p1b: Sinistcha|move: Rage Powder
|move|p2a: Ninetales|Chilling Water|p1b: Sinistcha
|-resisted|p1b: Sinistcha|1
|-damage|p1b: Sinistcha|14/100
|-unboost|p1b: Sinistcha|atk|1
|move|p1a: Kingambit|Kowtow Cleave|p2a: Ninetales
|-resisted|p2a: Ninetales|1
|-damage|p2a: Ninetales|23/100
|
|upkeep
|turn|17
|
|t:|1785890519
|move|p1a: Kingambit|Sucker Punch|p2a: Ninetales
|-resisted|p2a: Ninetales|1
|-damage|p2a: Ninetales|0 fnt
|faint|p2a: Ninetales
|
|win|Hadrian1917
||Snow Trick Room is ready for game 2.
||Hadrian1917 is ready for game 2.
|uhtml|next|Next: Game 2 of 3
