|j|☆Cristante terabug
|j|☆Cage92
|html|Cristante terabugCage92    
|uhtml|bestof|Game 2 of a best-of-3
|t:|1756841462
|gametype|doubles
|player|p1|Cristante terabug|kieran-champion|
|player|p2|Cage92|bugsy|
|gen|9
|tier|[Gen 9] VGC 2025 Reg H (Bo3)
|rule|Species Clause: Limit one of each Pokémon
|rule|Item Clause: Limit 1 of each item
|clearpoke
|poke|p1|Incineroar, L50, M|
|poke|p1|Pelipper, L50, M|
|poke|p1|Archaludon, L50, M|
|poke|p1|Dragonite, L50, M|
|poke|p1|Sinistcha, L50|
|poke|p1|Ursaluna, L50, F|
|poke|p2|Corviknight, L50, M|
|poke|p2|Garchomp, L50, M|
|poke|p2|Tyranitar, L50, M|
|poke|p2|Gholdengo, L50|
|poke|p2|Sneasler, L50, M|
|poke|p2|Incineroar, L50, M|
|teampreview|4
|showteam|p1|Incineroar||SafetyGoggles|Intimidate|FakeOut,PartingShot,KnockOff,Taunt|||M|||50|,,,,,Ghost]Pelipper||FocusSash|Drizzle|Hurricane,MuddyWater,Tailwind,Protect|||M|||50|,,,,,Ghost]Archaludon||AssaultVest|Stamina|ElectroShot,Snarl,FlashCannon,BodyPress|||M|||50|,,,,,Fighting]Dragonite||LoadedDice|Multiscale|ScaleShot,Tailwind,Haze,Protect|||M|||50|,,,,,Fairy]Sinistcha||SitrusBerry|Hospitality|MatchaGotcha,RagePowder,LifeDew,TrickRoom||||||50|,,,,,Dark]Ursaluna||FlameOrb|Guts|Earthquake,Facade,HeadlongRush,Protect|||F|||50|,,,,,Ghost
|showteam|p2|Corviknight||CovertCloak|MirrorArmor|BraveBird,Taunt,Roost,Tailwind|||M|||50|,,,,,Dragon]Garchomp||ClearAmulet|RoughSkin|Earthquake,DragonClaw,StompingTantrum,Protect|||M|||50|,,,,,Steel]Tyranitar||AssaultVest|SandStream|RockSlide,KnockOff,TeraBlast,LowKick|||M|||50|,,,,,Flying]Gholdengo||LifeOrb|GoodasGold|MakeItRain,ShadowBall,NastyPlot,Protect||||||50|,,,,,Flying]Sneasler||WhiteHerb|Unburden|DireClaw,CloseCombat,Coaching,Protect|||M|||50|,,,,,Ghost]Incineroar||SafetyGoggles|Intimidate|FlareBlitz,WillOWisp,PartingShot,FakeOut|||M|||50|,,,,,Ghost
|
|t:|1756841530
|teamsize|p1|4
|teamsize|p2|4
|start
|switch|p1a: Paolo|Dragonite, L50, M|100/100
|switch|p1b: Olmo|Ursaluna, L50, F|100/100
|switch|p2a: Incineroar|Incineroar, L50, M|100/100
|switch|p2b: Gholdengo|Gholdengo, L50|100/100
|-ability|p2a: Incineroar|Intimidate|boost
|-unboost|p1a: Paolo|atk|1
|-unboost|p1b: Olmo|atk|1
|turn|1
|
|t:|1756841553
|switch|p1a: Luca|Archaludon, L50, M|100/100
|move|p2a: Incineroar|Fake Out|p1a: Luca
|-resisted|p1a: Luca
|-crit|p1a: Luca
|-damage|p1a: Luca|95/100
|-ability|p1a: Luca|Stamina|boost
|-boost|p1a: Luca|def|1
|move|p2b: Gholdengo|Nasty Plot|p2b: Gholdengo
|-boost|p2b: Gholdengo|spa|2
|move|p1b: Olmo|Headlong Rush|p2b: Gholdengo
|-supereffective|p2b: Gholdengo
|-damage|p2b: Gholdengo|3/100
|-unboost|p1b: Olmo|def|1
|-unboost|p1b: Olmo|spd|1
|
|-status|p1b: Olmo|brn|[from] item: Flame Orb
|upkeep
|turn|2
|
|t:|1756841586
|move|p2b: Gholdengo|Shadow Ball|p1a: Luca
|-damage|p1a: Luca|23/100
|-ability|p1a: Luca|Stamina|boost
|-boost|p1a: Luca|def|1
|-damage|p2b: Gholdengo|0 fnt|[from] item: Life Orb
|faint|p2b: Gholdengo
|move|p1a: Luca|Body Press|p2a: Incineroar
|-supereffective|p2a: Incineroar
|-damage|p2a: Incineroar|12/100
|move|p1b: Olmo|Facade|p2a: Incineroar
|-damage|p2a: Incineroar|0 fnt
|faint|p2a: Incineroar
|
|-damage|p1b: Olmo|94/100 brn|[from] brn
|upkeep
|
|t:|1756841617
|switch|p2b: Garchomp|Garchomp, L50, M|100/100
|switch|p2a: Corviknight|Corviknight, L50, M, shiny|100/100
|turn|3
|
|t:|1756841645
|switch|p1b: Silvano|Pelipper, L50, M, shiny|100/100
|-weather|RainDance|[from] ability: Drizzle|[of] p1b: Silvano
|-terastallize|p1a: Luca|Fighting
|move|p2b: Garchomp|Earthquake|p1a: Luca|[spread] p1a
|-immune|p2a: Corviknight
|-immune|p1b: Silvano
|-damage|p1a: Luca|10/100
|-ability|p1a: Luca|Stamina|boost
|-boost|p1a: Luca|def|1
|move|p2a: Corviknight|Brave Bird|p1b: Silvano
|-damage|p1b: Silvano|43/100
|-damage|p2a: Corviknight|88/100|[from] Recoil
|move|p1a: Luca|Body Press|p2b: Garchomp
|-damage|p2b: Garchomp|2/100
|-damage|p1a: Luca|0 fnt|[from] ability: Rough Skin|[of] p2b: Garchomp
|faint|p1a: Luca
|
|-weather|RainDance|[upkeep]
|upkeep
|
|t:|1756841665
|switch|p1a: Paolo|Dragonite, L50, M|100/100
|turn|4
|
|t:|1756841685
|move|p2b: Garchomp|Dragon Claw|p1b: Silvano
|-damage|p1b: Silvano|0 fnt
|faint|p1b: Silvano
|move|p1a: Paolo|Scale Shot|p2a: Corviknight
|-resisted|p2a: Corviknight
|-damage|p2a: Corviknight|82/100
|-resisted|p2a: Corviknight
|-damage|p2a: Corviknight|76/100
|-resisted|p2a: Corviknight
|-damage|p2a: Corviknight|70/100
|-resisted|p2a: Corviknight
|-damage|p2a: Corviknight|64/100
|-resisted|p2a: Corviknight
|-damage|p2a: Corviknight|58/100
|-hitcount|p2a: Corviknight|5
|-unboost|p1a: Paolo|def|1
|-boost|p1a: Paolo|spe|1
|move|p2a: Corviknight|Tailwind|p2a: Corviknight
|-sidestart|p2: Cage92|move: Tailwind
|
|-weather|RainDance|[upkeep]
|upkeep
|
|t:|1756841703
|switch|p1b: Olmo|Ursaluna, L50, F|94/100 brn
|turn|5
|
|t:|1756841748
|move|p2b: Garchomp|Dragon Claw|p1b: Olmo
|-damage|p1b: Olmo|63/100 brn
|move|p2a: Corviknight|Brave Bird|p1b: Olmo
|-damage|p1b: Olmo|28/100 brn
|-damage|p2a: Corviknight|46/100|[from] Recoil
|move|p1a: Paolo|Scale Shot|p2b: Garchomp
|-supereffective|p2b: Garchomp
|-damage|p2b: Garchomp|0 fnt
|faint|p2b: Garchomp
|-hitcount|p2: Garchomp|1
|-unboost|p1a: Paolo|def|1
|-boost|p1a: Paolo|spe|1
|move|p1b: Olmo|Facade|p2a: Corviknight
|-resisted|p2a: Corviknight
|-damage|p2a: Corviknight|0 fnt
|faint|p2a: Corviknight
|
|win|Cristante terabug
||Cristante terabug is ready for game 3.
||Cage92 is ready for game 3.
|uhtml|next|Next: Game 3 of 3
