|j|☆Pacoespepe
|j|☆cornettoalbar
|html|Pacoespepecornettoalbar    
|uhtml|bestof|Game 3 of a best-of-3
|t:|1784551112
|gametype|doubles
|player|p1|Pacoespepe|juggler|1103
|player|p2|cornettoalbar|pokekid|1046
|gen|9
|tier|[Gen 9 Champions] VGC 2026 Reg M-B (Bo3)
|rated|
|rule|Species Clause: Limit one of each Pokémon
|rule|Item Clause: Limit 1 of each item
|clearpoke
|poke|p1|Kommo-o, L50, M, shiny|
|poke|p1|Froslass, L50, F|
|poke|p1|Sinistcha-Masterpiece, L50, shiny|
|poke|p1|Talonflame, L50, F|
|poke|p1|Primarina, L50, M|
|poke|p1|Ceruledge, L50, F, shiny|
|poke|p2|Hydreigon, L50, F|
|poke|p2|Garchomp, L50, M|
|poke|p2|Metagross, L50, shiny|
|poke|p2|Charizard, L50, F, shiny|
|poke|p2|Grimmsnarl, L50, M|
|poke|p2|Toxapex, L50, M, shiny|
|teampreview|4
|showteam|p1|Kommo-o||Leftovers|Soundproof|Boomburst,ClangingScales,ClangorousSoul,Protect|Modest||M|||50|]Froslass||Froslassite|CursedBody|AuroraVeil,Blizzard,ShadowBall,Protect|Timid||F|||50|]Sinistcha-Masterpiece||SitrusBerry|Hospitality|MatchaGotcha,PsychUp,RagePowder,StrengthSap|Calm|||||50|]Talonflame||LifeOrb|GaleWings|BraveBird,Tailwind,FlareBlitz,DualWingbeat|Jolly||F|||50|]Primarina||WacanBerry|LiquidVoice|PsychUp,HyperVoice,Moonblast,Protect|Modest||M|||50|]Ceruledge||BigRoot|FlashFire|BitterBlade,ShadowSneak,PsychUp,Protect|Adamant||F|||50|
|showteam|p2|Hydreigon||ChoiceScarf|Levitate|HeatWave,DarkPulse,DracoMeteor,Snarl|Modest||F|||50|]Garchomp||SitrusBerry|RoughSkin|Earthquake,RockSlide,DragonClaw,Protect|Adamant||M|||50|]Metagross||Metagrossite|ClearBody|IronHead,HammerArm,BulletPunch,Protect|Adamant|||||50|]Charizard||CharizarditeY|Blaze|Protect,HeatWave,SolarBeam,WeatherBall|Timid||F|||50|]Grimmsnarl||RoseliBerry|Prankster|FakeOut,FoulPlay,Reflect,PartingShot|Sassy||M|||50|]Toxapex||Leftovers|Regenerator|Infestation,Toxic,BanefulBunker,WideGuard|Bold||M|||50|
|inactive|Battle timer is ON: inactive players will automatically lose when time's up. (requested by cornettoalbar)
|
|t:|1784551137
|teamsize|p1|4
|teamsize|p2|4
|start
|switch|p1a: Froslass|Froslass, L50, F|100/100
|switch|p1b: Ceruledge|Ceruledge, L50, F, shiny|100/100
|switch|p2a: Toxapex|Toxapex, L50, M, shiny|100/100
|switch|p2b: Grimmsnarl|Grimmsnarl, L50, M|100/100
|turn|1
|
|t:|1784551158
|detailschange|p1a: Froslass|Froslass-Mega, L50, F
|-mega|p1a: Froslass|Froslass|Froslassite
|-weather|Snowscape|[from] ability: Snow Warning|[of] p1a: Froslass
|move|p2b: Grimmsnarl|Reflect|p2b: Grimmsnarl
|-sidestart|p2: cornettoalbar|Reflect
|move|p1a: Froslass|Blizzard|p2b: Grimmsnarl|[spread] p2a,p2b
|-resisted|p2a: Toxapex|1
|-damage|p2a: Toxapex|84/100
|-damage|p2b: Grimmsnarl|61/100
|move|p1b: Ceruledge|Bitter Blade|p2b: Grimmsnarl
|-damage|p2b: Grimmsnarl|26/100
|move|p2a: Toxapex|Toxic|p1a: Froslass
|-status|p1a: Froslass|tox
|
|-weather|Snowscape|[upkeep]
|-heal|p2a: Toxapex|90/100|[from] item: Leftovers
|-damage|p1a: Froslass|93/100 tox|[from] psn
|upkeep
|turn|2
|inactive|Pacoespepe has 30 seconds left.
|inactive|cornettoalbar has 30 seconds left.
|inactive|cornettoalbar has 20 seconds left.
|inactive|cornettoalbar has 15 seconds left.
|inactive|cornettoalbar has 10 seconds left.
|inactive|Pacoespepe has 20 seconds left.
|inactive|Pacoespepe has 15 seconds left.
|
|t:|1784551217
|switch|p1b: Sinistcha|Sinistcha-Masterpiece, L50, shiny|100/100
|-heal|p1a: Froslass|100/100 tox|[from] ability: Hospitality|[of] p1b: Sinistcha
|move|p2a: Toxapex|Wide Guard|p2a: Toxapex
|-singleturn|p2a: Toxapex|Wide Guard
|move|p2b: Grimmsnarl|Parting Shot|p1a: Froslass
|-unboost|p1a: Froslass|atk|1
|-unboost|p1a: Froslass|spa|1
|
|t:|1784551227
|switch|p2b: Hydreigon|Hydreigon, L50, F|100/100|[from] Parting Shot
|move|p1a: Froslass|Blizzard|p2a: Toxapex|[spread] 
|-activate|p2a: Toxapex|move: Wide Guard
|-activate|p2b: Hydreigon|move: Wide Guard
|
|-weather|Snowscape|[upkeep]
|-heal|p2a: Toxapex|96/100|[from] item: Leftovers
|-damage|p1a: Froslass|87/100 tox|[from] psn
|upkeep
|turn|3
|
|t:|1784551247
|switch|p1a: Primarina|Primarina, L50, M|100/100
|move|p2a: Toxapex|Wide Guard|p2a: Toxapex
|-singleturn|p2a: Toxapex|Wide Guard
|move|p2b: Hydreigon|Snarl|p1b: Sinistcha|[spread] p1a,p1b
|-resisted|p1a: Primarina|1
|-supereffective|p1b: Sinistcha|1
|-damage|p1a: Primarina|90/100
|-damage|p1b: Sinistcha|65/100
|-unboost|p1a: Primarina|spa|1
|-unboost|p1b: Sinistcha|spa|1
|move|p1b: Sinistcha|Matcha Gotcha|p2b: Hydreigon|[spread] 
|-activate|p2a: Toxapex|move: Wide Guard
|-activate|p2b: Hydreigon|move: Wide Guard
|
|-weather|Snowscape|[upkeep]
|-heal|p2a: Toxapex|100/100|[from] item: Leftovers
|upkeep
|turn|4
|
|t:|1784551270
|switch|p2b: Metagross|Metagross, L50, shiny|100/100
|move|p1b: Sinistcha|Rage Powder|p1b: Sinistcha
|-singleturn|p1b: Sinistcha|move: Rage Powder
|move|p1a: Primarina|Moonblast|p2b: Metagross
|-resisted|p2b: Metagross|1
|-damage|p2b: Metagross|81/100
|move|p2a: Toxapex|Toxic|p1b: Sinistcha
|-status|p1b: Sinistcha|tox
|
|-weather|Snowscape|[upkeep]
|-damage|p1b: Sinistcha|58/100 tox|[from] psn
|upkeep
|turn|5
|inactive|cornettoalbar has 30 seconds left.
|
|t:|1784551299
|switch|p1a: Ceruledge|Ceruledge, L50, F, shiny|100/100
|detailschange|p2b: Metagross|Metagross-Mega, L50, shiny
|-mega|p2b: Metagross|Metagross|Metagrossite
|move|p2b: Metagross|Iron Head|p1b: Sinistcha
|-damage|p1b: Sinistcha|1/100 tox
|-enditem|p1b: Sinistcha|Sitrus Berry|[eat]
|-heal|p1b: Sinistcha|26/100 tox|[from] item: Sitrus Berry
|move|p1b: Sinistcha|Strength Sap|p2b: Metagross
|-unboost|p2b: Metagross|atk|1
|-heal|p1b: Sinistcha|100/100 tox
|move|p2a: Toxapex|Infestation|p1a: Ceruledge
|-resisted|p1a: Ceruledge|2
|-damage|p1a: Ceruledge|99/100
|-activate|p1a: Ceruledge|move: Infestation|[of] p2a: Toxapex
|
|-weather|none
|-damage|p1b: Sinistcha|87/100 tox|[from] psn
|-damage|p1a: Ceruledge|87/100|[from] move: Infestation|[partiallytrapped]
|-sideend|p2: cornettoalbar|Reflect
|upkeep
|turn|6
|inactive|cornettoalbar has 30 seconds left.
|
|t:|1784551325
|switch|p2b: Grimmsnarl|Grimmsnarl, L50, M|26/100
|move|p1a: Ceruledge|Bitter Blade|p2b: Grimmsnarl
|-damage|p2b: Grimmsnarl|0 fnt
|-heal|p1a: Ceruledge|100/100|[from] drain|[of] p2b: Grimmsnarl
|faint|p2b: Grimmsnarl
|move|p1b: Sinistcha|Matcha Gotcha|p2a: Toxapex
|-damage|p2a: Toxapex|82/100
|-heal|p1b: Sinistcha|95/100 tox|[from] drain|[of] p2a: Toxapex
|-status|p2a: Toxapex|brn
|move|p2a: Toxapex|Toxic|p1a: Ceruledge
|-status|p1a: Ceruledge|tox
|
|-heal|p2a: Toxapex|88/100 brn|[from] item: Leftovers
|-damage|p1a: Ceruledge|93/100 tox|[from] psn
|-damage|p1b: Sinistcha|76/100 tox|[from] psn
|-damage|p2a: Toxapex|82/100 brn|[from] brn
|-damage|p1a: Ceruledge|81/100 tox|[from] move: Infestation|[partiallytrapped]
|upkeep
|
|t:|1784551347
|switch|p2b: Hydreigon|Hydreigon, L50, F|100/100
|turn|7
|
|t:|1784551365
|switch|p1a: Primarina|Primarina, L50, M|90/100
|move|p2b: Hydreigon|Snarl|p1b: Sinistcha|[spread] p1a,p1b
|-resisted|p1a: Primarina|1
|-supereffective|p1b: Sinistcha|1
|-damage|p1a: Primarina|80/100
|-damage|p1b: Sinistcha|38/100 tox
|-unboost|p1a: Primarina|spa|1
|-unboost|p1b: Sinistcha|spa|1
|move|p1b: Sinistcha|Strength Sap|p2b: Hydreigon
|-unboost|p2b: Hydreigon|atk|1
|-heal|p1b: Sinistcha|100/100 tox
|move|p2a: Toxapex|Infestation|p1a: Primarina
|-resisted|p1a: Primarina|1
|-damage|p1a: Primarina|79/100
|-activate|p1a: Primarina|move: Infestation|[of] p2a: Toxapex
|
|-heal|p2a: Toxapex|88/100 brn|[from] item: Leftovers
|-damage|p1b: Sinistcha|75/100 tox|[from] psn
|-damage|p2a: Toxapex|82/100 brn|[from] brn
|-damage|p1a: Primarina|67/100|[from] move: Infestation|[partiallytrapped]
|upkeep
|turn|8
|inactive|Pacoespepe has 30 seconds left.
|inactive|cornettoalbar has 30 seconds left.
|
|t:|1784551397
|switch|p2b: Metagross|Metagross-Mega, L50, shiny|81/100
|move|p1b: Sinistcha|Strength Sap|p2b: Metagross
|-unboost|p2b: Metagross|atk|1
|-heal|p1b: Sinistcha|100/100 tox
|move|p1a: Primarina|Hyper Voice|p2a: Toxapex|[spread] p2a,p2b
|-resisted|p2a: Toxapex|1
|-damage|p2a: Toxapex|73/100 brn
|-damage|p2b: Metagross|58/100
|move|p2a: Toxapex|Toxic|p1a: Primarina
|-status|p1a: Primarina|tox
|
|-heal|p2a: Toxapex|79/100 brn|[from] item: Leftovers
|-damage|p1b: Sinistcha|69/100 tox|[from] psn
|-damage|p1a: Primarina|61/100 tox|[from] psn
|-damage|p2a: Toxapex|73/100 brn|[from] brn
|-damage|p1a: Primarina|49/100 tox|[from] move: Infestation|[partiallytrapped]
|upkeep
|turn|9
|inactive|Pacoespepe has 30 seconds left.
|inactive|cornettoalbar has 30 seconds left.
|
|t:|1784551430
|move|p2b: Metagross|Iron Head|p1a: Primarina
|-damage|p1a: Primarina|0 fnt
|faint|p1a: Primarina
|move|p1b: Sinistcha|Matcha Gotcha|p2a: Toxapex|[spread] p2b
|-miss|p1b: Sinistcha|p2a: Toxapex
|-resisted|p2b: Metagross|1
|-damage|p2b: Metagross|54/100
|-heal|p1b: Sinistcha|71/100 tox|[from] drain|[of] p2b: Metagross
|move|p2a: Toxapex|Infestation|p1b: Sinistcha
|-damage|p1b: Sinistcha|69/100 tox
|-activate|p1b: Sinistcha|move: Infestation|[of] p2a: Toxapex
|
|-heal|p2a: Toxapex|79/100 brn|[from] item: Leftovers
|-damage|p1b: Sinistcha|32/100 tox|[from] psn
|-damage|p2a: Toxapex|73/100 brn|[from] brn
|-damage|p1b: Sinistcha|19/100 tox|[from] move: Infestation|[partiallytrapped]
|upkeep
|
|t:|1784551448
|switch|p1a: Ceruledge|Ceruledge, L50, F, shiny|81/100 tox
|turn|10
|
|t:|1784551470
|switch|p1b: Froslass|Froslass-Mega, L50, F|87/100 tox
|-weather|Snowscape|[from] ability: Snow Warning|[of] p1b: Froslass
|move|p2b: Metagross|Protect|p2b: Metagross
|-singleturn|p2b: Metagross|Protect
|move|p2a: Toxapex|Wide Guard|p2a: Toxapex
|-singleturn|p2a: Toxapex|Wide Guard
|move|p1a: Ceruledge|Bitter Blade|p2b: Metagross
|-activate|p2b: Metagross|move: Protect
|
|-weather|Snowscape|[upkeep]
|-heal|p2a: Toxapex|79/100 brn|[from] item: Leftovers
|-damage|p1b: Froslass|81/100 tox|[from] psn
|-damage|p1a: Ceruledge|75/100 tox|[from] psn
|-damage|p2a: Toxapex|73/100 brn|[from] brn
|upkeep
|turn|11
|
|t:|1784551492
|switch|p2b: Hydreigon|Hydreigon, L50, F|100/100
|move|p2a: Toxapex|Wide Guard|p2a: Toxapex
|-singleturn|p2a: Toxapex|Wide Guard
|move|p1b: Froslass|Blizzard|p2b: Hydreigon|[spread] 
|-activate|p2a: Toxapex|move: Wide Guard
|-activate|p2b: Hydreigon|move: Wide Guard
|move|p1a: Ceruledge|Bitter Blade|p2b: Hydreigon
|-resisted|p2b: Hydreigon|1
|-damage|p2b: Hydreigon|73/100
|-heal|p1a: Ceruledge|92/100 tox|[from] drain|[of] p2b: Hydreigon
|
|-weather|Snowscape|[upkeep]
|-heal|p2a: Toxapex|79/100 brn|[from] item: Leftovers
|-damage|p1b: Froslass|69/100 tox|[from] psn
|-damage|p1a: Ceruledge|80/100 tox|[from] psn
|-damage|p2a: Toxapex|73/100 brn|[from] brn
|upkeep
|turn|12
|inactive|Pacoespepe has 30 seconds left.
|
|t:|1784551520
|switch|p1b: Sinistcha|Sinistcha-Masterpiece, L50, shiny|19/100 tox
|-heal|p1a: Ceruledge|100/100 tox|[from] ability: Hospitality|[of] p1b: Sinistcha
|move|p2a: Toxapex|Wide Guard|p2a: Toxapex
|-singleturn|p2a: Toxapex|Wide Guard
|move|p2b: Hydreigon|Snarl|p1a: Ceruledge|[spread] p1a,p1b
|-supereffective|p1a: Ceruledge|1
|-supereffective|p1b: Sinistcha|1
|-damage|p1a: Ceruledge|56/100 tox
|-damage|p1b: Sinistcha|0 fnt
|-unboost|p1a: Ceruledge|spa|1
|faint|p1b: Sinistcha
|move|p1a: Ceruledge|Bitter Blade|p2b: Hydreigon
|-resisted|p2b: Hydreigon|1
|-damage|p2b: Hydreigon|48/100
|-heal|p1a: Ceruledge|72/100 tox|[from] drain|[of] p2b: Hydreigon
|
|-weather|Snowscape|[upkeep]
|-heal|p2a: Toxapex|79/100 brn|[from] item: Leftovers
|-damage|p1a: Ceruledge|54/100 tox|[from] psn
|-damage|p2a: Toxapex|73/100 brn|[from] brn
|upkeep
|
|t:|1784551541
|switch|p1b: Froslass|Froslass-Mega, L50, F|69/100 tox
|turn|13
|
|t:|1784551564
|move|p2a: Toxapex|Wide Guard|p2a: Toxapex
|-singleturn|p2a: Toxapex|Wide Guard
|move|p2b: Hydreigon|Snarl|p1a: Ceruledge|[spread] p1a,p1b
|-supereffective|p1a: Ceruledge|1
|-supereffective|p1b: Froslass|1
|-damage|p1a: Ceruledge|11/100 tox
|-damage|p1b: Froslass|26/100 tox
|-unboost|p1a: Ceruledge|spa|1
|-unboost|p1b: Froslass|spa|1
|move|p1b: Froslass|Shadow Ball|p2b: Hydreigon
|-resisted|p2b: Hydreigon|1
|-damage|p2b: Hydreigon|33/100
|move|p1a: Ceruledge|Bitter Blade|p2b: Hydreigon
|-resisted|p2b: Hydreigon|1
|-damage|p2b: Hydreigon|4/100
|-heal|p1a: Ceruledge|30/100 tox|[from] drain|[of] p2b: Hydreigon
|
|-weather|Snowscape|[upkeep]
|-heal|p2a: Toxapex|79/100 brn|[from] item: Leftovers
|-damage|p1b: Froslass|20/100r tox|[from] psn
|-damage|p1a: Ceruledge|5/100 tox|[from] psn
|-damage|p2a: Toxapex|73/100 brn|[from] brn
|upkeep
|turn|14
|inactive|Pacoespepe has 30 seconds left.
|inactive|cornettoalbar has 30 seconds left.
|inactive|Pacoespepe has 20 seconds left.
|
|t:|1784551604
|move|p2a: Toxapex|Baneful Bunker||[still]
|-fail|p2a: Toxapex
|move|p1a: Ceruledge|Shadow Sneak|p2b: Hydreigon
|-resisted|p2b: Hydreigon|1
|-damage|p2b: Hydreigon|0 fnt
|faint|p2b: Hydreigon
|move|p1b: Froslass|Shadow Ball|p2a: Toxapex
|-damage|p2a: Toxapex|52/100 brn
|
|-weather|none
|-heal|p2a: Toxapex|57/100 brn|[from] item: Leftovers
|-damage|p1b: Froslass|7/100 tox|[from] psn
|-damage|p1a: Ceruledge|0 fnt|[from] psn
|faint|p1a: Ceruledge
|-damage|p2a: Toxapex|52/100 brn|[from] brn
|upkeep
|
|t:|1784551615
|switch|p2b: Metagross|Metagross-Mega, L50, shiny|54/100
|turn|15
|
|t:|1784551623
|move|p2b: Metagross|Bullet Punch|p1b: Froslass
|-supereffective|p1b: Froslass|1
|-damage|p1b: Froslass|0 fnt
|faint|p1b: Froslass
|
|win|cornettoalbar
|raw|Pacoespepe's rating: 1103 → 1074(-29 for losing)
|raw|cornettoalbar's rating: 1046 → 1084(+38 for winning)
|l|☆Pacoespepe
|player|p1|
