|j|☆krazeelel
|j|☆Ceriii
|html|krazeelelCeriii    
|uhtml|bestof|Game 2 of a best-of-3
|t:|1784417169
|gametype|doubles
|player|p1|krazeelel|2|
|player|p2|Ceriii|miku-flying|
|gen|9
|tier|[Gen 9 Champions] VGC 2026 Reg M-B (Bo3)
|rule|Species Clause: Limit one of each Pokémon
|rule|Item Clause: Limit 1 of each item
|clearpoke
|poke|p1|Empoleon, L50, F|
|poke|p1|Ampharos, L50, F, shiny|
|poke|p1|Mr. Rime, L50, F|
|poke|p1|Wyrdeer, L50, M|
|poke|p1|Krookodile, L50, F|
|poke|p1|Hawlucha, L50, F|
|poke|p2|Altaria, L50, M|
|poke|p2|Salazzle, L50, F|
|poke|p2|Blastoise, L50, M|
|poke|p2|Rotom-Mow, L50|
|poke|p2|Mudsdale, L50, F|
|poke|p2|Ariados, L50, M|
|teampreview|4
|showteam|p1|Empoleon||LifeOrb|Competitive|HydroPump,FlashCannon,GrassKnot,Protect|Quiet||F|||50|]Ampharos||Ampharosite|Static|Thunderbolt,DragonPulse,DazzlingGleam,Protect|Quiet||F|||50|]Mr. Rime||FocusSash|ScreenCleaner|IceBeam,SheerCold,FakeOut,Hypnosis|Quiet||F|||50|]Wyrdeer||MentalHerb|Intimidate|TrickRoom,Hypnosis,PsyshieldBash,Gravity|Sassy||M|||50|]Krookodile||ChoiceScarf|Moxie|Fissure,HighHorsepower,KnockOff,Earthquake|Adamant||F|||50|]Hawlucha||Hawluchanite|Limber|Entrainment,CloseCombat,BraveBird,Protect|Jolly||F|||50|
|showteam|p2|Altaria||Altarianite|NaturalCure|HyperVoice,Roost,WillOWisp,Protect|Modest||M|||50|]Salazzle||FocusSash|Corrosion|FakeOut,HeatWave,Encore,SludgeBomb|Hasty||F|||50|]Blastoise||SitrusBerry|RainDish|FakeOut,WaveCrash,Yawn,AquaJet|Adamant||M|||50|]Rotom-Mow||OccaBerry|Levitate|Electroweb,LightScreen,LeafStorm,Thunderbolt|Timid|||||50|]Mudsdale||Leftovers|Stamina|BodyPress,HighHorsepower,HeavySlam,Protect|Adamant||F|||50|]Ariados||ScopeLens|Sniper|CrossPoison,Protect,RagePowder,StringShot|Jolly||M|||50|
|j| Kantesu
|
|t:|1784417190
|teamsize|p1|4
|teamsize|p2|4
|start
|switch|p1a: Mr. Rime|Mr. Rime, L50, F|100/100
|switch|p1b: Hawlucha|Hawlucha, L50, F|100/100
|switch|p2a: Altaria|Altaria, L50, M|100/100
|switch|p2b: Salazzle|Salazzle, L50, F|100/100
|turn|1
|
|t:|1784417212
|detailschange|p1b: Hawlucha|Hawlucha-Mega, L50, F
|-mega|p1b: Hawlucha|Hawlucha|Hawluchanite
|detailschange|p2a: Altaria|Altaria-Mega, L50, M
|-mega|p2a: Altaria|Altaria|Altarianite
|move|p2b: Salazzle|Fake Out|p1a: Mr. Rime
|-damage|p1a: Mr. Rime|91/100
|cant|p1a: Mr. Rime|flinch
|move|p1b: Hawlucha|Entrainment|p1a: Mr. Rime
|-ability|p1a: Mr. Rime|No Guard|Screen Cleaner|[from] move: Entrainment|[of] p1b: Hawlucha
|move|p2a: Altaria|Hyper Voice|p1a: Mr. Rime|[spread] p1a,p1b
|-supereffective|p1b: Hawlucha|1
|-damage|p1a: Mr. Rime|52/100
|-damage|p1b: Hawlucha|0 fnt
|faint|p1b: Hawlucha
|
|upkeep
|
|t:|1784417227
|switch|p1b: Krookodile|Krookodile, L50, F|100/100
|turn|2
|
|t:|1784417240
|move|p1b: Krookodile|High Horsepower|p2b: Salazzle
|-supereffective|p2b: Salazzle|2
|-enditem|p2b: Salazzle|Focus Sash
|-damage|p2b: Salazzle|1/100
|move|p2b: Salazzle|Heat Wave|p1a: Mr. Rime|[spread] p1a
|-miss|p2b: Salazzle|p1b: Krookodile
|-supereffective|p1a: Mr. Rime|1
|-damage|p1a: Mr. Rime|0 fnt
|faint|p1a: Mr. Rime
|move|p2a: Altaria|Hyper Voice|p1b: Krookodile
|-supereffective|p1b: Krookodile|1
|-damage|p1b: Krookodile|0 fnt
|faint|p1b: Krookodile
|
|upkeep
|
|t:|1784417253
|switch|p1b: Empoleon|Empoleon, L50, F|100/100
|turn|3
|
|t:|1784417265
|switch|p2b: Ariados|Ariados, L50, M|100/100
|move|p2a: Altaria|Will-O-Wisp|p1b: Empoleon
|-status|p1b: Empoleon|brn
|move|p1b: Empoleon|Flash Cannon|p2a: Altaria
|-supereffective|p2a: Altaria|1
|-damage|p2a: Altaria|0 fnt
|faint|p2a: Altaria
|-damage|p1b: Empoleon|90/100 brn|[from] item: Life Orb
|
|-damage|p1b: Empoleon|84/100 brn|[from] brn
|upkeep
|
|t:|1784417276
|switch|p2a: Salazzle|Salazzle, L50, F|1/100
|turn|4
|
|t:|1784417282
|switch|p2b: Mudsdale|Mudsdale, L50, F|100/100
|move|p1b: Empoleon|Protect|p1b: Empoleon
|-singleturn|p1b: Empoleon|Protect
|move|p2a: Salazzle|Encore|p1b: Empoleon
|-activate|p1b: Empoleon|move: Protect
|
|-damage|p1b: Empoleon|78/100 brn|[from] brn
|upkeep
|turn|5
|
|t:|1784417292
|move|p2a: Salazzle|Encore|p1b: Empoleon
|-start|p1b: Empoleon|Encore
|move|p1b: Empoleon|Protect|p1b: Empoleon
|-singleturn|p1b: Empoleon|Protect
|move|p2b: Mudsdale|High Horsepower|p1b: Empoleon
|-activate|p1b: Empoleon|move: Protect
|
|-damage|p1b: Empoleon|72/100 brn|[from] brn
|upkeep
|turn|6
|
|t:|1784417298
|move|p1b: Empoleon|Protect||[still]
|-fail|p1b: Empoleon
|move|p2a: Salazzle|Heat Wave|p1b: Empoleon
|-damage|p1b: Empoleon|32/100 brn
|move|p2b: Mudsdale|High Horsepower|p1b: Empoleon
|-supereffective|p1b: Empoleon|1
|-damage|p1b: Empoleon|0 fnt
|faint|p1b: Empoleon
|
|win|Ceriii
|c|☆Ceriii|GGs
|c|☆krazeelel|gg
|c|☆krazeelel|another?
|l| Kantesu
|c|☆Ceriii|nah sry
