|j|☆audrith
|j|☆plebianstomper
|html|audrithplebianstomper    
|uhtml|bestof|Game 1 of a best-of-3
|t:|1783368066
|gametype|doubles
|player|p1|audrith|lady|1000
|player|p2|plebianstomper|265|1000
|gen|9
|tier|[Gen 9 Champions] VGC 2026 Reg M-B (Bo3)
|rated|
|rule|Species Clause: Limit one of each Pokémon
|rule|Item Clause: Limit 1 of each item
|clearpoke
|poke|p1|Chandelure, L50, F|
|poke|p1|Orthworm, L50, M|
|poke|p1|Noivern, L50, M|
|poke|p1|Swampert, L50, M|
|poke|p1|Goodra-Hisui, L50, M|
|poke|p1|Floette-Eternal, L50, F|
|poke|p2|Abomasnow, L50, M, shiny|
|poke|p2|Glimmora, L50, M|
|poke|p2|Scizor, L50, F|
|poke|p2|Glaceon, L50, M|
|poke|p2|Sylveon, L50, F|
|poke|p2|Trevenant, L50, M|
|teampreview|4
|showteam|p1|Chandelure||Chandelurite|FlashFire|HeatWave,ShadowBall,TrickRoom,Protect|Serious||F|||50|]Orthworm||Leftovers|EarthEater|Protect,ShedTail,IronDefense,BodyPress|Careful||M|||50|]Noivern||WhiteHerb|Frisk|Tailwind,Taunt,SunnyDay,DracoMeteor|Timid||M|||50|]Swampert||SitrusBerry|Torrent|Earthquake,WaveCrash,KnockOff,Protect|Adamant||M|||50|]Goodra-Hisui||LifeOrb|Gooey|MuddyWater,FlashCannon,DragonPulse,Protect|Modest||M|||50|]Floette-Eternal||ChoiceScarf|FlowerVeil|DazzlingGleam,LightofRuin,EnergyBall,Psychic|Modest||F|||50|
|showteam|p2|Abomasnow||LightClay|SnowWarning|AuroraVeil,Blizzard,LeechSeed,Protect|Calm||M|||50|]Glimmora||FocusSash|ToxicDebris|MortalSpin,StealthRock,PowerGem,EarthPower|Timid||M|||50|]Scizor||ExpertBelt|Technician|BugBite,AerialAce,BulletPunch,Uturn|Adamant||F|||50|]Glaceon||Leftovers|IceBody|Blizzard,IceBeam,ShadowBall,Protect|Modest||M|||50|]Sylveon||ChoiceScarf|Pixilate|HyperVoice,Psychic,MysticalFire,ShadowBall|Modest||F|||50|]Trevenant||SitrusBerry|Harvest|LeechSeed,HornLeech,Protect,Substitute|Adamant||M|||50|
|inactive|Battle timer is ON: inactive players will automatically lose when time's up. (requested by plebianstomper)
|inactive|audrith has 60 seconds left.
|
|t:|1783368132
|teamsize|p1|4
|teamsize|p2|4
|start
|switch|p1a: Chandelure|Chandelure, L50, F|100/100
|switch|p1b: Goodra|Goodra-Hisui, L50, M|100/100
|switch|p2a: Abomasnow|Abomasnow, L50, M, shiny|100/100
|switch|p2b: Glimmora|Glimmora, L50, M|100/100
|-weather|Snowscape|[from] ability: Snow Warning|[of] p2a: Abomasnow
|turn|1
|inactive|audrith has 30 seconds left.
|
|t:|1783368160
|move|p1a: Chandelure|Protect|p1a: Chandelure
|-singleturn|p1a: Chandelure|Protect
|move|p2b: Glimmora|Mortal Spin|p1b: Goodra|[spread] 
|-activate|p1a: Chandelure|move: Protect
|-immune|p1b: Goodra
|move|p1b: Goodra|Flash Cannon|p2b: Glimmora
|-supereffective|p2b: Glimmora|1
|-enditem|p2b: Glimmora|Focus Sash
|-damage|p2b: Glimmora|1/100
|-damage|p1b: Goodra|90/100|[from] item: Life Orb
|move|p2a: Abomasnow|Aurora Veil|p2a: Abomasnow
|-sidestart|p2: plebianstomper|move: Aurora Veil
|
|-weather|Snowscape|[upkeep]
|upkeep
|turn|2
|inactive|audrith has 30 seconds left.
|
|t:|1783368190
|detailschange|p1a: Chandelure|Chandelure-Mega, L50, F
|-mega|p1a: Chandelure|Chandelure|Chandelurite
|move|p2b: Glimmora|Earth Power|p1a: Chandelure
|-supereffective|p1a: Chandelure|1
|-damage|p1a: Chandelure|42/100
|move|p1a: Chandelure|Heat Wave|p2a: Abomasnow|[spread] p2a,p2b
|-supereffective|p2a: Abomasnow|2
|-resisted|p2b: Glimmora|1
|-damage|p2a: Abomasnow|0 fnt
|-damage|p2b: Glimmora|0 fnt
|faint|p2a: Abomasnow
|faint|p2b: Glimmora
|move|p1b: Goodra|Dragon Pulse|p2: Abomasnow|[notarget]
|-fail|p1b: Goodra
|
|-weather|Snowscape|[upkeep]
|upkeep
|
|t:|1783368201
|switch|p2b: Sylveon|Sylveon, L50, F|100/100
|switch|p2a: Glaceon|Glaceon, L50, M|100/100
|turn|3
|
|t:|1783368214
|move|p2b: Sylveon|Hyper Voice|p1b: Goodra|[spread] p1a,p1b
|-resisted|p1a: Chandelure|1
|-damage|p1a: Chandelure|21/100
|-damage|p1b: Goodra|58/100
|move|p2a: Glaceon|Blizzard|p1b: Goodra|[spread] p1a,p1b
|-resisted|p1a: Chandelure|1
|-damage|p1a: Chandelure|0 fnt
|-damage|p1b: Goodra|25/100
|faint|p1a: Chandelure
|move|p1b: Goodra|Flash Cannon|p2b: Sylveon
|-supereffective|p2b: Sylveon|1
|-damage|p2b: Sylveon|44/100
|-damage|p1b: Goodra|15/100|[from] item: Life Orb
|
|-weather|Snowscape|[upkeep]
|upkeep
|
|t:|1783368231
|switch|p1a: Floette|Floette-Eternal, L50, F|100/100
|turn|4
|inactive|audrith has 30 seconds left.
|
|t:|1783368262
|move|p1a: Floette|Light of Ruin|p2a: Glaceon|[miss]
|-miss|p1a: Floette|p2a: Glaceon
|move|p2b: Sylveon|Hyper Voice|p1b: Goodra|[spread] p1a,p1b
|-damage|p1a: Floette|56/100
|-damage|p1b: Goodra|0 fnt
|faint|p1b: Goodra
|move|p2a: Glaceon|Blizzard|p1a: Floette
|-damage|p1a: Floette|0 fnt
|faint|p1a: Floette
|
|-weather|Snowscape|[upkeep]
|upkeep
|
|t:|1783368273
|switch|p1b: Swampert|Swampert, L50, M|100/100
|turn|5
|
|t:|1783368281
|move|p2b: Sylveon|Hyper Voice|p1b: Swampert
|-damage|p1b: Swampert|47/100
|-enditem|p1b: Swampert|Sitrus Berry|[eat]
|-heal|p1b: Swampert|71/100|[from] item: Sitrus Berry
|move|p2a: Glaceon|Blizzard|p1b: Swampert
|-damage|p1b: Swampert|9/100
|-status|p1b: Swampert|frz
|cant|p1b: Swampert|frz
|
|-weather|none
|upkeep
|turn|6
|
|t:|1783368294
|move|p2b: Sylveon|Hyper Voice|p1b: Swampert
|-damage|p1b: Swampert|0 fnt
|faint|p1b: Swampert
|
|win|plebianstomper
||audrith is ready for game 2.
