|j|☆Carolinski
|j|☆Barri Deagol
|html|CarolinskiBarri Deagol    
|uhtml|bestof|Game 1 of a best-of-3
|t:|1756539224
|gametype|doubles
|player|p1|Carolinski|ethan|
|player|p2|Barri Deagol|collector|
|gen|9
|tier|[Gen 9] VGC 2025 Reg H (Bo3)
|rule|Species Clause: Limit one of each Pokémon
|rule|Item Clause: Limit 1 of each item
|clearpoke
|poke|p1|Whimsicott, L50, M|
|poke|p1|Arcanine-Hisui, L50, M|
|poke|p1|Rillaboom, L50, M|
|poke|p1|Incineroar, L50, F|
|poke|p1|Ursaluna-Bloodmoon, L50, M|
|poke|p1|Clefairy, L50, M|
|poke|p2|Archaludon, L50, M|
|poke|p2|Dragonite, L50, F|
|poke|p2|Pelipper, L50, F|
|poke|p2|Ursaluna, L50, M|
|poke|p2|Sinistcha, L50|
|poke|p2|Gholdengo, L50|
|teampreview|4
|showteam|p1|Whimsicott||CovertCloak|Prankster|Encore,Taunt,Moonblast,SunnyDay|||M|||50|,,,,,Dark]Arcanine-Hisui||FocusSash|RockHead|FlareBlitz,HeadSmash,Protect,ExtremeSpeed|||M|||50|,,,,,Grass]Rillaboom||AssaultVest|GrassySurge|FakeOut,WoodHammer,GrassyGlide,HighHorsepower|||M|||50|,,,,,Fire]Incineroar||SafetyGoggles|Intimidate|FakeOut,FlareBlitz,KnockOff,PartingShot|||F|||50|,,,,,Grass]Ursaluna-Bloodmoon||LifeOrb|MindsEye|BloodMoon,Protect,EarthPower,HyperVoice|||M|||50|,,,,,Ghost]Clefairy||Eviolite|FriendGuard|Protect,FollowMe,AfterYou,HelpingHand|||M|||50|,,,,,Ground
|showteam|p2|Archaludon||AssaultVest|Stamina|FlashCannon,BodyPress,ElectroShot,Snarl|||M|||50|,,,,,Fighting]Dragonite||LoadedDice|Multiscale|ScaleShot,Tailwind,Haze,Protect|||F|||50|,,,,,Fairy]Pelipper||FocusSash|Drizzle|MuddyWater,Hurricane,Tailwind,Protect|||F|||50|,,,,,Ghost]Ursaluna||FlameOrb|Guts|Facade,HeadlongRush,Earthquake,Protect|||M|||50|,,,,,Ghost]Sinistcha||SitrusBerry|Hospitality|MatchaGotcha,LifeDew,RagePowder,TrickRoom||||||50|,,,,,Dark]Gholdengo||ChoiceScarf|GoodasGold|MakeItRain,ShadowBall,Trick,Protect||||||50|,,,,,Flying
|
|t:|1756539264
|teamsize|p1|4
|teamsize|p2|4
|start
|switch|p1a: Whimsicott|Whimsicott, L50, M|100/100
|switch|p1b: Incineroar|Incineroar, L50, F|100/100
|switch|p2a: Pelipper|Pelipper, L50, F|100/100
|switch|p2b: Gholdengo|Gholdengo, L50|100/100
|-weather|RainDance|[from] ability: Drizzle|[of] p2a: Pelipper
|-ability|p1b: Incineroar|Intimidate|boost
|-unboost|p2a: Pelipper|atk|1
|-unboost|p2b: Gholdengo|atk|1
|turn|1
|inactive|Battle timer is ON: inactive players will automatically lose when time's up. (requested by Barri Deagol)
|inactive|Barri Deagol has 60 seconds left.
|
|t:|1756539299
|move|p2a: Pelipper|Protect|p2a: Pelipper
|-singleturn|p2a: Pelipper|Protect
|move|p1a: Whimsicott|Sunny Day|p1a: Whimsicott
|-weather|SunnyDay
|move|p2b: Gholdengo|Make It Rain|p1b: Incineroar|[spread] p1a,p1b
|-supereffective|p1a: Whimsicott
|-resisted|p1b: Incineroar
|-damage|p1a: Whimsicott|0 fnt
|-damage|p1b: Incineroar|79/100
|-unboost|p2b: Gholdengo|spa|1
|faint|p1a: Whimsicott
|move|p1b: Incineroar|Knock Off|p2b: Gholdengo
|-supereffective|p2b: Gholdengo
|-damage|p2b: Gholdengo|18/100
|-enditem|p2b: Gholdengo|Choice Scarf|[from] move: Knock Off|[of] p1b: Incineroar
|
|-weather|SunnyDay|[upkeep]
|upkeep
|
|t:|1756539317
|switch|p1a: Ursaluna|Ursaluna-Bloodmoon, L50, M|100/100
|turn|2
|
|t:|1756539339
|switch|p2a: Sinistcha|Sinistcha, L50|100/100
|-heal|p2b: Gholdengo|43/100|[from] ability: Hospitality|[of] p2a: Sinistcha
|move|p2b: Gholdengo|Protect|p2b: Gholdengo
|-singleturn|p2b: Gholdengo|Protect
|move|p1b: Incineroar|Knock Off|p2a: Sinistcha
|-supereffective|p2a: Sinistcha
|-damage|p2a: Sinistcha|36/100
|-enditem|p2a: Sinistcha|Sitrus Berry|[from] move: Knock Off|[of] p1b: Incineroar
|move|p1a: Ursaluna|Hyper Voice|p2a: Sinistcha|[spread] p2a
|-activate|p2b: Gholdengo|move: Protect
|-damage|p2a: Sinistcha|0 fnt
|faint|p2a: Sinistcha
|-damage|p1a: Ursaluna|91/100|[from] item: Life Orb
|
|-weather|SunnyDay|[upkeep]
|upkeep
|
|t:|1756539358
|switch|p2a: Pelipper|Pelipper, L50, F|100/100
|-weather|RainDance|[from] ability: Drizzle|[of] p2a: Pelipper
|turn|3
|
|t:|1756539378
|switch|p2b: Archaludon|Archaludon, L50, M|100/100
|-terastallize|p1b: Incineroar|Grass
|move|p1a: Ursaluna|Protect|p1a: Ursaluna
|-singleturn|p1a: Ursaluna|Protect
|move|p2a: Pelipper|Muddy Water|p1b: Incineroar|[spread] p1b
|-activate|p1a: Ursaluna|move: Protect
|-resisted|p1b: Incineroar
|-damage|p1b: Incineroar|59/100
|-unboost|p1b: Incineroar|accuracy|1
|move|p1b: Incineroar|Knock Off|p2a: Pelipper
|-damage|p2a: Pelipper|47/100
|-enditem|p2a: Pelipper|Focus Sash|[from] move: Knock Off|[of] p1b: Incineroar
|
|-weather|RainDance|[upkeep]
|upkeep
|turn|4
|inactive|Carolinski has 30 seconds left.
|inactive|Barri Deagol has 30 seconds left.
|
|t:|1756539407
|switch|p1a: Clefairy|Clefairy, L50, M|100/100
|move|p2a: Pelipper|Muddy Water|p1b: Incineroar|[spread] p1a,p1b
|-resisted|p1b: Incineroar
|-damage|p1a: Clefairy|63/100
|-damage|p1b: Incineroar|45/100
|move|p2b: Archaludon|Snarl|p1a: Clefairy|[spread] p1a,p1b
|-resisted|p1a: Clefairy
|-damage|p1a: Clefairy|58/100
|-damage|p1b: Incineroar|38/100
|-unboost|p1a: Clefairy|spa|1
|-unboost|p1b: Incineroar|spa|1
|move|p1b: Incineroar|Parting Shot|p2a: Pelipper|[miss]
|-miss|p1b: Incineroar|p2a: Pelipper
|
|-weather|RainDance|[upkeep]
|upkeep
|turn|5
|inactive|Carolinski has 30 seconds left.
|inactive|Carolinski has 20 seconds left.
|inactive|Carolinski has 15 seconds left.
|
|t:|1756539447
|move|p1a: Clefairy|Follow Me|p1a: Clefairy
|-singleturn|p1a: Clefairy|move: Follow Me
|move|p2a: Pelipper|Muddy Water|p1a: Clefairy|[spread] p1a
|-miss|p2a: Pelipper|p1b: Incineroar
|-damage|p1a: Clefairy|19/100
|move|p2b: Archaludon|Electro Shot||[still]
|-prepare|p2b: Archaludon|Electro Shot
|-boost|p2b: Archaludon|spa|1
|-anim|p2b: Archaludon|Electro Shot|p1a: Clefairy
|-damage|p1a: Clefairy|0 fnt
|faint|p1a: Clefairy
|move|p1b: Incineroar|Knock Off|p2b: Archaludon
|-damage|p2b: Archaludon|78/100
|-ability|p2b: Archaludon|Stamina|boost
|-boost|p2b: Archaludon|def|1
|-enditem|p2b: Archaludon|Assault Vest|[from] move: Knock Off|[of] p1b: Incineroar
|
|-weather|RainDance|[upkeep]
|upkeep
|
|t:|1756539465
|switch|p1a: Ursaluna|Ursaluna-Bloodmoon, L50, M|91/100
|turn|6
|
|t:|1756539487
|move|p2a: Pelipper|Muddy Water|p1b: Incineroar|[spread] p1a,p1b
|-supereffective|p1a: Ursaluna
|-resisted|p1b: Incineroar
|-damage|p1a: Ursaluna|1/100
|-damage|p1b: Incineroar|20/100
|-unboost|p1b: Incineroar|accuracy|1
|move|p2b: Archaludon|Body Press|p1a: Ursaluna
|-supereffective|p1a: Ursaluna
|-damage|p1a: Ursaluna|0 fnt
|faint|p1a: Ursaluna
|move|p1b: Incineroar|Knock Off|p2a: Pelipper
|-damage|p2a: Pelipper|15/100
|
|-weather|RainDance|[upkeep]
|upkeep
|turn|7
|
|t:|1756539509
|move|p2a: Pelipper|Muddy Water|p1b: Incineroar|[miss]
|-miss|p2a: Pelipper|p1b: Incineroar
|move|p2b: Archaludon|Electro Shot||[still]
|-prepare|p2b: Archaludon|Electro Shot
|-boost|p2b: Archaludon|spa|1
|-anim|p2b: Archaludon|Electro Shot|p1b: Incineroar
|-resisted|p1b: Incineroar
|-damage|p1b: Incineroar|0 fnt
|faint|p1b: Incineroar
|
|win|Barri Deagol
|inactive|Carolinski has 30 seconds to confirm battle start!
|inactive|Barri Deagol has 30 seconds to confirm battle start!
