|j|☆Durugista
|j|☆eklyst
|html|Durugistaeklyst    
|uhtml|bestof|Game 1 of a best-of-3
|t:|1785340178
|gametype|doubles
|player|p1|Durugista|102|1233
|player|p2|eklyst|pokemaniac|1178
|gen|9
|tier|[Gen 9 Champions] VGC 2026 Reg M-B (Bo3)
|rated|
|rule|Species Clause: Limit one of each Pokémon
|rule|Item Clause: Limit 1 of each item
|clearpoke
|poke|p1|Staraptor, L50, F, shiny|
|poke|p1|Whimsicott, L50, M, shiny|
|poke|p1|Basculegion, L50, M|
|poke|p1|Milotic, L50, F|
|poke|p1|Pelipper, L50, F|
|poke|p1|Kingambit, L50, M|
|poke|p2|Metagross, L50|
|poke|p2|Floette-Eternal, L50, F|
|poke|p2|Garchomp, L50, F|
|poke|p2|Aerodactyl, L50, F|
|poke|p2|Sinistcha, L50|
|poke|p2|Incineroar, L50, M|
|teampreview|4
|showteam|p1|Staraptor||Staraptite|Intimidate|CloseCombat,BraveBird,Roost,Protect|Adamant||F|||50|]Whimsicott||OccaBerry|Prankster|Tailwind,Encore,Charm,FakeTears|Calm||M|||50|]Basculegion||ChoiceScarf|Adaptability|LastRespects,WaveCrash,AquaJet,FlipTurn|Jolly||M|||50|]Milotic||Leftovers|Competitive|Coil,Hypnosis,IceBeam,Scald|Calm||F|||50|]Pelipper||FocusSash|Drizzle|WeatherBall,Protect,Hurricane,WideGuard|Modest||F|||50|]Kingambit||LifeOrb|Defiant|SuckerPunch,KowtowCleave,IronHead,LowKick|Adamant||M|||50|
|showteam|p2|Metagross||Metagrossite|ClearBody|PsychicFangs,IronHead,BulletPunch,Protect|Adamant|||||50|]Floette-Eternal||Floettite|FlowerVeil|DazzlingGleam,Moonblast,CalmMind,Protect|Modest||F|||50|]Garchomp||LifeOrb|RoughSkin|RockSlide,StompingTantrum,DragonClaw,Protect|Jolly||F|||50|]Aerodactyl||FocusSash|Unnerve|RockSlide,DualWingbeat,Tailwind,Protect|Jolly||F|||50|]Sinistcha||KasibBerry|Hospitality|MatchaGotcha,TrickRoom,RagePowder,Protect|Relaxed|||||50|]Incineroar||SitrusBerry|Intimidate|FakeOut,FlareBlitz,ThroatChop,PartingShot|Adamant||M|||50|
|inactive|Battle timer is ON: inactive players will automatically lose when time's up. (requested by eklyst)
|inactive|Durugista also wants the timer to be on.
|inactive|Durugista has 60 seconds left.
|inactive|eklyst has 60 seconds left.
|inactive|Durugista has 30 seconds left.
|inactive|Durugista has 20 seconds left.
|inactive|Durugista has 15 seconds left.
|inactive|Durugista has 10 seconds left.
|
|t:|1785340260
|teamsize|p1|4
|teamsize|p2|4
|start
|switch|p1a: Staraptor|Staraptor, L50, F, shiny|100/100
|switch|p1b: Whimsicott|Whimsicott, L50, M, shiny|100/100
|switch|p2a: Sinistcha|Sinistcha, L50|100/100
|switch|p2b: Incineroar|Incineroar, L50, M|100/100
|-ability|p1a: Staraptor|Intimidate|boost
|-unboost|p2a: Sinistcha|atk|1
|-unboost|p2b: Incineroar|atk|1
|-ability|p2b: Incineroar|Intimidate|boost
|-unboost|p1a: Staraptor|atk|1
|-unboost|p1b: Whimsicott|atk|1
|turn|1
|
|t:|1785340283
|detailschange|p1a: Staraptor|Staraptor-Mega, L50, F, shiny
|-mega|p1a: Staraptor|Staraptor|Staraptite
|move|p2b: Incineroar|Fake Out|p1a: Staraptor
|-damage|p1a: Staraptor|91/100
|move|p1b: Whimsicott|Charm|p1a: Staraptor
|-boost|p1a: Staraptor|atk|2
|cant|p1a: Staraptor|flinch
|move|p2a: Sinistcha|Trick Room|p2a: Sinistcha
|-fieldstart|move: Trick Room|[of] p2a: Sinistcha
|
|upkeep
|turn|2
|
|t:|1785340306
|switch|p2a: Floette|Floette-Eternal, L50, F|100/100
|move|p1b: Whimsicott|Fake Tears|p1a: Staraptor
|-boost|p1a: Staraptor|spd|2
|move|p2b: Incineroar|Flare Blitz|p1a: Staraptor
|-damage|p1a: Staraptor|58/100
|-damage|p2b: Incineroar|89/100|[from] Recoil
|move|p1a: Staraptor|Brave Bird|p2a: Floette
|-damage|p2a: Floette|0 fnt
|faint|p2a: Floette
|-damage|p1a: Staraptor|26/100|[from] Recoil
|
|upkeep
|
|t:|1785340319
|switch|p2a: Sinistcha|Sinistcha, L50|100/100
|-heal|p2b: Incineroar|100/100|[from] ability: Hospitality|[of] p2a: Sinistcha
|turn|3
|
|t:|1785340333
|switch|p1b: Kingambit|Kingambit, L50, M|100/100
|switch|p1a: Basculegion|Basculegion, L50, M|100/100
|move|p2a: Sinistcha|Matcha Gotcha|p1b: Kingambit|[spread] p1a,p1b
|-supereffective|p1a: Basculegion|1
|-resisted|p1b: Kingambit|1
|-damage|p1a: Basculegion|42/100
|-damage|p1b: Kingambit|86/100
|move|p2b: Incineroar|Flare Blitz|p1a: Basculegion
|-resisted|p1a: Basculegion|1
|-damage|p1a: Basculegion|18/100
|-damage|p2b: Incineroar|92/100|[from] Recoil
|
|upkeep
|turn|4
|
|t:|1785340355
|move|p2a: Sinistcha|Protect|p2a: Sinistcha
|-singleturn|p2a: Sinistcha|Protect
|move|p1a: Basculegion|Aqua Jet|p2b: Incineroar
|-supereffective|p2b: Incineroar|1
|-damage|p2b: Incineroar|42/100
|-enditem|p2b: Incineroar|Sitrus Berry|[eat]
|-heal|p2b: Incineroar|67/100|[from] item: Sitrus Berry
|move|p2b: Incineroar|Flare Blitz|p1b: Kingambit
|-supereffective|p1b: Kingambit|1
|-damage|p1b: Kingambit|21/100
|-status|p1b: Kingambit|brn
|-damage|p2b: Incineroar|48/100|[from] Recoil
|move|p1b: Kingambit|Kowtow Cleave|p2a: Sinistcha
|-activate|p2a: Sinistcha|move: Protect
|
|-damage|p1b: Kingambit|15/100 brn|[from] brn
|upkeep
|turn|5
|inactive|Durugista has 30 seconds left.
|
|t:|1785340389
|move|p1b: Kingambit|Sucker Punch|p2b: Incineroar
|-resisted|p2b: Incineroar|1
|-damage|p2b: Incineroar|35/100
|-damage|p1b: Kingambit|5/100 brn|[from] item: Life Orb
|move|p1a: Basculegion|Aqua Jet|p2b: Incineroar
|-supereffective|p2b: Incineroar|1
|-damage|p2b: Incineroar|0 fnt
|faint|p2b: Incineroar
|move|p2a: Sinistcha|Matcha Gotcha|p1a: Basculegion|[spread] p1b
|-miss|p2a: Sinistcha|p1a: Basculegion
|-resisted|p1b: Kingambit|1
|-damage|p1b: Kingambit|0 fnt
|faint|p1b: Kingambit
|
|-fieldend|move: Trick Room
|upkeep
|
|t:|1785340406
|switch|p1b: Whimsicott|Whimsicott, L50, M, shiny|100/100
|switch|p2b: Garchomp|Garchomp, L50, F|100/100
|turn|6
|
|t:|1785340420
|move|p1a: Basculegion|Aqua Jet|p2b: Garchomp
|-damage|p2b: Garchomp|72/100
|-damage|p1a: Basculegion|6/100|[from] ability: Rough Skin|[of] p2b: Garchomp
|move|p1b: Whimsicott|Charm|p2b: Garchomp
|-unboost|p2b: Garchomp|atk|2
|move|p2b: Garchomp|Rock Slide|p1b: Whimsicott|[spread] p1b
|-miss|p2b: Garchomp|p1a: Basculegion
|-damage|p1b: Whimsicott|82/100
|-damage|p2b: Garchomp|63/100|[from] item: Life Orb
|move|p2a: Sinistcha|Matcha Gotcha|p1a: Basculegion|[spread] p1a,p1b
|-supereffective|p1a: Basculegion|1
|-resisted|p1b: Whimsicott|1
|-damage|p1a: Basculegion|0 fnt
|-damage|p1b: Whimsicott|71/100
|faint|p1a: Basculegion
|
|upkeep
|
|t:|1785340434
|switch|p1a: Staraptor|Staraptor-Mega, L50, F, shiny|26/100
|turn|7
|
|t:|1785340440
|move|p2a: Sinistcha|Rage Powder|p2a: Sinistcha
|-singleturn|p2a: Sinistcha|move: Rage Powder
|move|p1b: Whimsicott|Tailwind|p1b: Whimsicott
|-sidestart|p1: Durugista|move: Tailwind
|move|p1a: Staraptor|Roost|p1a: Staraptor
|-heal|p1a: Staraptor|76/100
|-singleturn|p1a: Staraptor|move: Roost
|move|p2b: Garchomp|Dragon Claw|p1a: Staraptor
|-damage|p1a: Staraptor|52/100
|-damage|p2b: Garchomp|53/100|[from] item: Life Orb
|
|upkeep
|turn|8
|
|t:|1785340455
|move|p2a: Sinistcha|Rage Powder|p2a: Sinistcha
|-singleturn|p2a: Sinistcha|move: Rage Powder
|move|p1b: Whimsicott|Charm|p2b: Garchomp
|-unboost|p2b: Garchomp|atk|2
|move|p1a: Staraptor|Roost|p1a: Staraptor
|-heal|p1a: Staraptor|100/100
|-singleturn|p1a: Staraptor|move: Roost
|move|p2b: Garchomp|Dragon Claw|p1a: Staraptor
|-damage|p1a: Staraptor|81/100
|-damage|p2b: Garchomp|43/100|[from] item: Life Orb
|
|upkeep
|turn|9
|
|t:|1785340471
|move|p2b: Garchomp|Protect|p2b: Garchomp
|-singleturn|p2b: Garchomp|Protect
|move|p1b: Whimsicott|Charm|p2b: Garchomp
|-activate|p2b: Garchomp|move: Protect
|move|p1a: Staraptor|Brave Bird|p2a: Sinistcha
|-supereffective|p2a: Sinistcha|1
|-damage|p2a: Sinistcha|7/100
|-damage|p1a: Staraptor|53/100|[from] Recoil
|move|p2a: Sinistcha|Matcha Gotcha|p1a: Staraptor|[spread] p1a,p1b
|-resisted|p1a: Staraptor|1
|-resisted|p1b: Whimsicott|1
|-damage|p1a: Staraptor|43/100
|-heal|p2a: Sinistcha|13/100|[from] drain|[of] p1a: Staraptor
|-damage|p1b: Whimsicott|60/100
|-heal|p2a: Sinistcha|19/100|[from] drain|[of] p1b: Whimsicott
|
|upkeep
|turn|10
|
|t:|1785340492
|move|p2b: Garchomp|Protect||[still]
|-fail|p2b: Garchomp
|move|p1b: Whimsicott|Encore|p2b: Garchomp
|-start|p2b: Garchomp|Encore
|move|p1a: Staraptor|Brave Bird|p2a: Sinistcha
|-supereffective|p2a: Sinistcha|1
|-damage|p2a: Sinistcha|0 fnt
|faint|p2a: Sinistcha
|-damage|p1a: Staraptor|37/100|[from] Recoil
|
|-sideend|p1: Durugista|move: Tailwind
|upkeep
|turn|11
|
|t:|1785340510
|move|p2b: Garchomp|Protect|p2b: Garchomp
|-singleturn|p2b: Garchomp|Protect
|move|p1b: Whimsicott|Charm|p1a: Staraptor
|-boost|p1a: Staraptor|atk|2
|move|p1a: Staraptor|Roost|p1a: Staraptor
|-heal|p1a: Staraptor|87/100
|-singleturn|p1a: Staraptor|move: Roost
|
|upkeep
|turn|12
|
|t:|1785340519
|move|p2b: Garchomp|Protect|p2b: Garchomp
|-singleturn|p2b: Garchomp|Protect
|move|p1b: Whimsicott|Fake Tears|p1a: Staraptor
|-boost|p1a: Staraptor|spd|2
|move|p1a: Staraptor|Close Combat|p2b: Garchomp
|-activate|p2b: Garchomp|move: Protect
|
|upkeep
|turn|13
|
|t:|1785340523
|move|p2b: Garchomp|Protect||[still]
|-fail|p2b: Garchomp
|move|p1b: Whimsicott|Charm|p1a: Staraptor
|-boost|p1a: Staraptor|atk|2
|move|p1a: Staraptor|Close Combat|p2b: Garchomp
|-damage|p2b: Garchomp|0 fnt
|-boost|p1a: Staraptor|def|1
|-boost|p1a: Staraptor|spd|1
|-damage|p1a: Staraptor|75/100|[from] ability: Rough Skin|[of] p2b: Garchomp
|faint|p2b: Garchomp
|
|win|Durugista
||eklyst is ready for game 2.
||Durugista is ready for game 2.
|uhtml|next|Next: Game 2 of 3
|n|☆Durugista|durugista
