|j|☆swooshcel
|j|☆Zephrhills
|html|swooshcelZephrhills    
|uhtml|bestof|Game 2 of a best-of-3
|t:|1784511803
|gametype|doubles
|player|p1|swooshcel|101|
|player|p2|Zephrhills|miku-ghost|
|gen|9
|tier|[Gen 9 Champions] VGC 2026 Reg M-B (Bo3)
|rule|Species Clause: Limit one of each Pokémon
|rule|Item Clause: Limit 1 of each item
|clearpoke
|poke|p1|Sinistcha-Masterpiece, L50|
|poke|p1|Basculegion, L50, M|
|poke|p1|Corviknight, L50, F|
|poke|p1|Glimmora, L50, F|
|poke|p1|Aurorus, L50, F|
|poke|p1|Froslass, L50, F|
|poke|p2|Tyranitar, L50, M, shiny|
|poke|p2|Greninja, L50, M, shiny|
|poke|p2|Blaziken, L50, M|
|poke|p2|Dragapult, L50, M|
|poke|p2|Scizor, L50, F|
|poke|p2|Florges-White, L50, F, shiny|
|teampreview|4
|showteam|p1|Sinistcha-Masterpiece||SitrusBerry|Hospitality|MatchaGotcha,LifeDew,ShadowBall,RagePowder|Timid|||||50|]Basculegion||ChoiceScarf|Adaptability|PsychicFangs,WaveCrash,LastRespects,FlipTurn|Jolly||M|||50|]Corviknight||FocusSash|Pressure|BraveBird,BodyPress,Tailwind,IronDefense|Impish||F|||50|]Glimmora||Glimmoranite|ToxicDebris|PowerGem,Protect,SludgeWave,MudShot|Modest||F|||50|]Aurorus||LightClay|SnowWarning|AuroraVeil,Blizzard,FlashCannon,Encore|Bold||F|||50|]Froslass||Froslassite|SnowCloak|Blizzard,Protect,NastyPlot,ShadowBall|Modest||F|||50|
|showteam|p2|Tyranitar||ExpertBelt|SandStream|ThunderWave,Protect,PowerGem,Thunderbolt|Quiet||M|||50|]Greninja||LifeOrb|Protean|GrassKnot,DarkPulse,Extrasensory,Blizzard|Modest||M|||50|]Blaziken||Blazikenite|SpeedBoost|Detect,Overheat,ThunderPunch,CloseCombat|Adamant||M|||50|]Dragapult||ChoiceScarf|Infiltrator|DracoMeteor,Uturn,Flamethrower,ShadowBall|Modest||M|||50|]Scizor||SitrusBerry|Technician|BulletPunch,KnockOff,Tailwind,Protect|Careful||F|||50|]Florges-White||Leftovers|Symbiosis|DrainingKiss,Wish,Protect,HelpingHand|Bold||F|||50|
|
|t:|1784511871
|teamsize|p1|4
|teamsize|p2|4
|start
|switch|p1a: tailwind slave|Corviknight, L50, F|100/100
|switch|p1b: train neck|Glimmora, L50, F|100/100
|switch|p2a: Dragapult|Dragapult, L50, M|100/100
|switch|p2b: Tyranitar|Tyranitar, L50, M, shiny|100/100
|-ability|p1a: tailwind slave|Pressure
|-weather|Sandstorm|[from] ability: Sand Stream|[of] p2b: Tyranitar
|turn|1
|
|t:|1784511887
|move|p1b: train neck|Protect|p1b: train neck
|-singleturn|p1b: train neck|Protect
|move|p2b: Tyranitar|Protect|p2b: Tyranitar
|-singleturn|p2b: Tyranitar|Protect
|move|p2a: Dragapult|Draco Meteor|p1b: train neck
|-activate|p1b: train neck|move: Protect
|move|p1a: tailwind slave|Tailwind|p1a: tailwind slave
|-sidestart|p1: swooshcel|move: Tailwind
|
|-weather|Sandstorm|[upkeep]
|-damage|p2a: Dragapult|94/100|[from] Sandstorm
|upkeep
|turn|2
|
|t:|1784511908
|switch|p1b: roland|Basculegion, L50, M|100/100
|move|p2b: Tyranitar|Protect||[still]
|-fail|p2b: Tyranitar
|move|p2a: Dragapult|Draco Meteor|p1b: roland
|-damage|p1b: roland|29/100
|-unboost|p2a: Dragapult|spa|2
|move|p1a: tailwind slave|Body Press|p2b: Tyranitar
|-supereffective|p2b: Tyranitar|2
|-damage|p2b: Tyranitar|11/100
|
|-weather|Sandstorm|[upkeep]
|-damage|p1b: roland|23/100|[from] Sandstorm
|-damage|p2a: Dragapult|88/100|[from] Sandstorm
|upkeep
|turn|3
|
|t:|1784511941
|switch|p2b: Scizor|Scizor, L50, F|100/100
|move|p1b: roland|Flip Turn|p2b: Scizor
|-damage|p2b: Scizor|67/100
|
|t:|1784511948
|switch|p1b: train neck|Glimmora, L50, F|100/100|[from] Flip Turn
|move|p2a: Dragapult|Draco Meteor|p1b: train neck
|-damage|p1b: train neck|73/100
|-unboost|p2a: Dragapult|spa|2
|move|p1a: tailwind slave|Iron Defense|p1a: tailwind slave
|-boost|p1a: tailwind slave|def|2
|
|-weather|Sandstorm|[upkeep]
|-damage|p2a: Dragapult|82/100|[from] Sandstorm
|upkeep
|turn|4
|
|t:|1784511970
|switch|p2a: Tyranitar|Tyranitar, L50, M, shiny|11/100
|move|p1b: train neck|Power Gem|p2a: Tyranitar
|-damage|p2a: Tyranitar|0 fnt
|faint|p2a: Tyranitar
|move|p1a: tailwind slave|Brave Bird|p2b: Scizor
|-damage|p2b: Scizor|31/100
|-enditem|p2b: Scizor|Sitrus Berry|[eat]
|-heal|p2b: Scizor|56/100|[from] item: Sitrus Berry
|-damage|p1a: tailwind slave|89/100|[from] Recoil
|move|p2b: Scizor|Tailwind|p2b: Scizor
|-sidestart|p2: Zephrhills|move: Tailwind
|
|-weather|Sandstorm|[upkeep]
|-sideend|p1: swooshcel|move: Tailwind
|upkeep
|
|t:|1784511984
|switch|p2a: Blaziken|Blaziken, L50, M|100/100
|turn|5
|
|t:|1784511997
|detailschange|p2a: Blaziken|Blaziken-Mega, L50, M
|-mega|p2a: Blaziken|Blaziken|Blazikenite
|move|p2a: Blaziken|Detect|p2a: Blaziken
|-singleturn|p2a: Blaziken|Protect
|move|p2b: Scizor|Bullet Punch|p1b: train neck
|-supereffective|p1b: train neck|1
|-damage|p1b: train neck|9/100
|-activate|p1b: train neck|ability: Toxic Debris
|-sidestart|p2: Zephrhills|move: Toxic Spikes
|move|p1b: train neck|Mud Shot|p2a: Blaziken
|-activate|p2a: Blaziken|move: Protect
|move|p1a: tailwind slave|Brave Bird|p2a: Blaziken
|-activate|p2a: Blaziken|move: Protect
|
|-weather|none
|-ability|p2a: Blaziken|Speed Boost|boost
|-boost|p2a: Blaziken|spe|1
|upkeep
|turn|6
|
|t:|1784512022
|move|p1b: train neck|Protect|p1b: train neck
|-singleturn|p1b: train neck|Protect
|move|p2b: Scizor|Bullet Punch|p1b: train neck
|-activate|p1b: train neck|move: Protect
|move|p2a: Blaziken|Overheat|p1a: tailwind slave|[miss]
|-miss|p2a: Blaziken|p1a: tailwind slave
|move|p1a: tailwind slave|Brave Bird|p2a: Blaziken
|-supereffective|p2a: Blaziken|1
|-damage|p2a: Blaziken|13/100
|-damage|p1a: tailwind slave|64/100|[from] Recoil
|
|-ability|p2a: Blaziken|Speed Boost|boost
|-boost|p2a: Blaziken|spe|1
|upkeep
|turn|7
|
|t:|1784512040
|move|p2b: Scizor|Bullet Punch|p1b: train neck
|-supereffective|p1b: train neck|1
|-crit|p1b: train neck
|-damage|p1b: train neck|0 fnt
|-activate|p1b: train neck|ability: Toxic Debris
|-sidestart|p2: Zephrhills|move: Toxic Spikes
|faint|p1b: train neck
|move|p2a: Blaziken|Overheat|p1a: tailwind slave|[miss]
|-miss|p2a: Blaziken|p1a: tailwind slave
|move|p1a: tailwind slave|Body Press|p2b: Scizor
|-damage|p2b: Scizor|8/100
|
|-sideend|p2: Zephrhills|move: Tailwind
|-ability|p2a: Blaziken|Speed Boost|boost
|-boost|p2a: Blaziken|spe|1
|upkeep
|
|t:|1784512053
|switch|p1b: roland|Basculegion, L50, M|23/100
|turn|8
|
|t:|1784512087
|move|p2b: Scizor|Bullet Punch|p1b: roland
|-resisted|p1b: roland|1
|-damage|p1b: roland|7/100
|move|p2a: Blaziken|Overheat|p1a: tailwind slave
|-supereffective|p1a: tailwind slave|1
|-crit|p1a: tailwind slave
|-damage|p1a: tailwind slave|0 fnt
|-unboost|p2a: Blaziken|spa|2
|faint|p1a: tailwind slave
|move|p1b: roland|Flip Turn|p2a: Blaziken
|-supereffective|p2a: Blaziken|1
|-damage|p2a: Blaziken|0 fnt
|faint|p2a: Blaziken
|
|t:|1784512098
|switch|p1b: rime shank|Froslass, L50, F|100/100|[from] Flip Turn
|
|upkeep
|
|t:|1784512102
|switch|p2a: Dragapult|Dragapult, L50, M|82/100
|switch|p1a: roland|Basculegion, L50, M|7/100
|-status|p2a: Dragapult|tox
|turn|9
|
|t:|1784512121
|detailschange|p1b: rime shank|Froslass-Mega, L50, F
|-mega|p1b: rime shank|Froslass|Froslassite
|-weather|Snowscape|[from] ability: Snow Warning|[of] p1b: rime shank
|move|p2b: Scizor|Bullet Punch|p1a: roland
|-resisted|p1a: roland|1
|-damage|p1a: roland|0 fnt
|faint|p1a: roland
|move|p2a: Dragapult|Shadow Ball|p1b: rime shank
|-supereffective|p1b: rime shank|1
|-damage|p1b: rime shank|2/100
|-unboost|p1b: rime shank|spd|1
|move|p1b: rime shank|Blizzard|p2a: Dragapult|[spread] p2a,p2b
|-supereffective|p2a: Dragapult|1
|-resisted|p2b: Scizor|1
|-damage|p2a: Dragapult|0 fnt
|-damage|p2b: Scizor|0 fnt
|faint|p2a: Dragapult
|faint|p2b: Scizor
|
|win|swooshcel
|inactive|swooshcel has 30 seconds to confirm battle start!
|inactive|Zephrhills has 30 seconds to confirm battle start!
||swooshcel is ready for game 3.
||Zephrhills is ready for game 3.
|uhtml|next|Next: Game 3 of 3
|l|☆Zephrhills
|player|p2|
