|j|☆Dedenneforever
|j|☆Odacchi
|html|DedenneforeverOdacchi    
|uhtml|bestof|Game 2 of a best-of-3
|t:|1782676790
|gametype|doubles
|player|p1|Dedenneforever|waiter-gen4dp|
|player|p2|Odacchi|hooligans|
|gen|9
|tier|[Gen 9 Champions] VGC 2026 Reg M-B (Bo3)
|rule|Species Clause: Limit one of each Pokémon
|rule|Item Clause: Limit 1 of each item
|clearpoke
|poke|p1|Hawlucha, L50, F|
|poke|p1|Excadrill, L50, F|
|poke|p1|Farigiraf, L50, F|
|poke|p1|Meowstic, L50, M|
|poke|p1|Charizard, L50, F|
|poke|p1|Glalie, L50, M|
|poke|p2|Torterra, L50, F|
|poke|p2|Garchomp, L50, M, shiny|
|poke|p2|Dragapult, L50, M, shiny|
|poke|p2|Glimmora, L50, F|
|poke|p2|Maushold-Four, L50|
|poke|p2|Alakazam, L50, F|
|teampreview|4
|showteam|p1|Hawlucha||Hawluchanite|Limber|Entrainment,BraveBird,CloseCombat,BrickBreak|Jolly||F|||50|]Excadrill||ChoiceScarf|MoldBreaker|HornDrill,DrillRun,Earthquake,FocusBlast|Bold||F|||50|]Farigiraf||FocusSash|ArmorTail|TrickRoom,ExpandingForce,CalmMind,HyperVoice|Calm||F|||50|]Meowstic||SitrusBerry|Prankster|FakeOut,Charm,FakeTears,Safeguard|Careful||M|||50|]Charizard||CharizarditeY|Blaze|HeatWave,Overheat,DragonDance,AirSlash|Modest||F|||50|]Glalie||IcyRock|Moody|SheerCold,ChillingWater,Blizzard,Snowscape|Hasty||M|||50|
|showteam|p2|Torterra||SitrusBerry|ShellArmor|WoodHammer,HighHorsepower,LeechSeed,Protect|Impish||F|||50|]Garchomp||Garchompite|RoughSkin|DragonClaw,StompingTantrum,Protect,SwordsDance|Adamant||M|||50|]Dragapult||DragonFang|ClearBody|Protect,SunnyDay,PsychicFangs,DragonDarts|Adamant||M|||50|]Glimmora||Glimmoranite|ToxicDebris|PowerGem,SludgeBomb,EarthPower,SpikyShield|Timid||F|||50|]Maushold-Four||ChopleBerry|FriendGuard|Protect,FollowMe,SuperFang,Feint|Careful|||||50|]Alakazam||ColburBerry|InnerFocus|LightScreen,Reflect,SpeedSwap,Psychic|Timid||F|||50|
|j| terry ferry
|
|t:|1782676815
|teamsize|p1|4
|teamsize|p2|4
|start
|switch|p1a: Nurse-Practitioner|Hawlucha, L50, F|100/100
|switch|p1b: Vlad the Surgeon|Excadrill, L50, F|100/100
|switch|p2a: Sly Dog|Dragapult, L50, M, shiny|100/100
|switch|p2b: Scissorhands|Garchomp, L50, M, shiny|100/100
|-ability|p1b: Vlad the Surgeon|Mold Breaker
|turn|1
|
|t:|1782676831
|detailschange|p1a: Nurse-Practitioner|Hawlucha-Mega, L50, F
|-mega|p1a: Nurse-Practitioner|Hawlucha|Hawluchanite
|move|p2a: Sly Dog|Psychic Fangs|p1a: Nurse-Practitioner
|-supereffective|p1a: Nurse-Practitioner|1
|-damage|p1a: Nurse-Practitioner|21/100
|move|p1a: Nurse-Practitioner|Entrainment|p1b: Vlad the Surgeon
|-ability|p1b: Vlad the Surgeon|No Guard|Mold Breaker|[from] move: Entrainment|[of] p1a: Nurse-Practitioner
|move|p1b: Vlad the Surgeon|Horn Drill|p2b: Scissorhands
|-damage|p2b: Scissorhands|0 fnt
|-damage|p1b: Vlad the Surgeon|87/100|[from] ability: Rough Skin|[of] p2b: Scissorhands
|faint|p2b: Scissorhands
|-ohko
|
|upkeep
|j| Simons5324
|
|t:|1782676849
|switch|p2b: Captain|Glimmora, L50, F|100/100
|turn|2
|
|t:|1782676869
|move|p2a: Sly Dog|Dragon Darts|p1b: Vlad the Surgeon
|-resisted|p1b: Vlad the Surgeon|1
|-damage|p1b: Vlad the Surgeon|75/100
|-anim|p2a: Sly Dog|Dragon Darts|p1a: Nurse-Practitioner
|-damage|p1a: Nurse-Practitioner|0 fnt
|faint|p1a: Nurse-Practitioner
|move|p1b: Vlad the Surgeon|Horn Drill|p2b: Captain
|-damage|p2b: Captain|0 fnt
|-activate|p2b: Captain|ability: Toxic Debris
|-sidestart|p1: Dedenneforever|move: Toxic Spikes
|faint|p2b: Captain
|-ohko
|
|upkeep
|
|t:|1782676881
|switch|p1a: THE MORGUE|Glalie, L50, M|100/100
|switch|p2b: SPOON!!!|Alakazam, L50, F|100/100
|-status|p1a: THE MORGUE|psn
|turn|3
|
|t:|1782676898
|move|p2a: Sly Dog|Psychic Fangs|p1b: Vlad the Surgeon
|-resisted|p1b: Vlad the Surgeon|1
|-damage|p1b: Vlad the Surgeon|64/100
|move|p2b: SPOON!!!|Psychic|p1b: Vlad the Surgeon
|-resisted|p1b: Vlad the Surgeon|1
|-damage|p1b: Vlad the Surgeon|42/100
|move|p1b: Vlad the Surgeon|Horn Drill|p2b: SPOON!!!
|-damage|p2b: SPOON!!!|0 fnt
|faint|p2b: SPOON!!!
|-ohko
|move|p1a: THE MORGUE|Snowscape|p1a: THE MORGUE
|-weather|Snowscape
|
|-weather|Snowscape|[upkeep]
|-damage|p1a: THE MORGUE|87/100 psn|[from] psn
|-ability|p1a: THE MORGUE|Moody|boost
|-boost|p1a: THE MORGUE|spe|2
|-unboost|p1a: THE MORGUE|spd|1
|upkeep
|turn|4
|
|t:|1782676916
|switch|p1b: Desk hand|Farigiraf, L50, F|100/100
|-status|p1b: Desk hand|psn
|move|p2a: Sly Dog|Protect|p2a: Sly Dog
|-singleturn|p2a: Sly Dog|Protect
|move|p1a: THE MORGUE|Blizzard|p2a: Sly Dog
|-activate|p2a: Sly Dog|move: Protect
|
|-weather|Snowscape|[upkeep]
|-damage|p1a: THE MORGUE|75/100 psn|[from] psn
|-damage|p1b: Desk hand|87/100 psn|[from] psn
|-ability|p1a: THE MORGUE|Moody|boost
|-boost|p1a: THE MORGUE|spe|2
|-unboost|p1a: THE MORGUE|def|1
|upkeep
|turn|5
|
|t:|1782676934
|move|p1a: THE MORGUE|Blizzard|p2a: Sly Dog
|-supereffective|p2a: Sly Dog|1
|-damage|p2a: Sly Dog|0 fnt
|faint|p2a: Sly Dog
|
|win|Dedenneforever
|l|☆Odacchi
|player|p2|
