|j|‽Malgooee
|j|☆delpivgc
|html|Malgooeedelpivgc    
|uhtml|bestof|Game 1 of a best-of-3
|t:|1757669864
|gametype|doubles
|player|p1|Malgooee|2|1050
|player|p2|delpivgc|hilbert-wonderlauncher|1031
|gen|9
|tier|[Gen 9] VGC 2025 Reg H (Bo3)
|rated|
|rule|Species Clause: Limit one of each Pokémon
|rule|Item Clause: Limit 1 of each item
|clearpoke
|poke|p1|Gothitelle, L50, M|
|poke|p1|Archaludon, L50, M|
|poke|p1|Amoonguss, L50, F|
|poke|p1|Politoed, L50, M|
|poke|p1|Sneasler, L50, F|
|poke|p1|Indeedee, L50, M|
|poke|p2|Gholdengo, L50|
|poke|p2|Sneasler, L50, M|
|poke|p2|Rillaboom, L50, M|
|poke|p2|Dragonite, L50, F|
|poke|p2|Ninetales-Alola, L50, F|
|poke|p2|Arcanine-Hisui, L50, F|
|teampreview|4
|showteam|p1|Gothitelle||Leftovers|ShadowTag|TrickRoom,FakeOut,Protect,Taunt|||M|||50|,,,,,Grass]Archaludon||AssaultVest|Stamina|BodyPress,DracoMeteor,ElectroShot,FlashCannon|||M|||50|,,,,,Electric]Amoonguss||RockyHelmet|Regenerator|Spore,Protect,RagePowder,PollenPuff|||F|||50|,,,,,Dark]Politoed||SitrusBerry|Drizzle|PerishSong,Protect,Encore,WeatherBall|||M|||50|,,,,,Grass]Sneasler||PsychicSeed|Unburden|Protect,DireClaw,CloseCombat,SwordsDance|||F|||50|,,,,,Fighting]Indeedee||ChoiceSpecs|PsychicSurge|ExpandingForce,DazzlingGleam,Psyshock,DrainingKiss|||M|||50|,,,,,Psychic
|showteam|p2|Gholdengo||GrassySeed|GoodasGold|NastyPlot,MakeItRain,ShadowBall,Protect||||||50|,,,,,Water]Sneasler||WhiteHerb|Unburden|CloseCombat,DireClaw,Coaching,Protect|||M|||50|,,,,,Ghost]Rillaboom||AssaultVest|GrassySurge|FakeOut,GrassyGlide,DrumBeating,HighHorsepower|||M|||50|,,,,,Fire]Dragonite||LoadedDice|Multiscale|ScaleShot,StompingTantrum,Tailwind,Protect|||F|||50|,,,,,Ground]Ninetales-Alola||FocusSash|SnowWarning|Blizzard,IcyWind,Encore,AuroraVeil|||F|||50|,,,,,Ghost]Arcanine-Hisui||ClearAmulet|Intimidate|RockSlide,FlareBlitz,ExtremeSpeed,Protect|||F|||50|,,,,,Water
|inactive|Battle timer is ON: inactive players will automatically lose when time's up. (requested by Malgooee)
|inactive|Malgooee has 60 seconds left.
|inactive|delpivgc has 60 seconds left.
|inactive|Malgooee has 30 seconds left.
|inactive|Malgooee has 20 seconds left.
|inactive|Malgooee has 15 seconds left.
|inactive|Malgooee has 10 seconds left.
|inactive|delpivgc has 30 seconds left.
|inactive|Malgooee has 5 seconds left.
|
|t:|1757669955
|teamsize|p1|4
|teamsize|p2|4
|start
|switch|p1a: Gothitelle|Gothitelle, L50, M|100/100
|switch|p1b: Archaludon|Archaludon, L50, M|100/100
|switch|p2a: Gholdengo|Gholdengo, L50|100/100
|switch|p2b: Rillaboom|Rillaboom, L50, M|100/100
|-fieldstart|move: Grassy Terrain|[from] ability: Grassy Surge|[of] p2b: Rillaboom
|-enditem|p2a: Gholdengo|Grassy Seed
|-boost|p2a: Gholdengo|def|1|[from] item: Grassy Seed
|turn|1
|inactive|Malgooee has 30 seconds left.
|inactive|delpivgc has 30 seconds left.
|inactive|Malgooee has 20 seconds left.
|inactive|Malgooee has 15 seconds left.
|inactive|Malgooee has 10 seconds left.
|
|t:|1757670003
|switch|p1b: Indeedee|Indeedee, L50, M|100/100
|-fieldstart|move: Psychic Terrain|[from] ability: Psychic Surge|[of] p1b: Indeedee
|move|p2b: Rillaboom|Fake Out|p1a: Gothitelle
|-activate|p1a: Gothitelle|move: Psychic Terrain
|move|p2a: Gholdengo|Make It Rain|p1b: Indeedee|[spread] p1a,p1b
|-damage|p1a: Gothitelle|64/100
|-damage|p1b: Indeedee|45/100
|-unboost|p2a: Gholdengo|spa|1
|move|p1a: Gothitelle|Trick Room|p1a: Gothitelle
|-fieldstart|move: Trick Room|[of] p1a: Gothitelle
|
|-heal|p1a: Gothitelle|71/100|[from] item: Leftovers
|upkeep
|turn|2
|inactive|Malgooee has 30 seconds left.
|inactive|delpivgc has 30 seconds left.
|inactive|delpivgc has 20 seconds left.
|inactive|delpivgc has 15 seconds left.
|inactive|delpivgc has 10 seconds left.
|
|t:|1757670052
|switch|p1a: Archaludon|Archaludon, L50, M|100/100
|switch|p1b: Politoed|Politoed, L50, M|100/100
|-weather|RainDance|[from] ability: Drizzle|[of] p1b: Politoed
|move|p2a: Gholdengo|Nasty Plot|p2a: Gholdengo
|-boost|p2a: Gholdengo|spa|2
|move|p2b: Rillaboom|High Horsepower|p1a: Archaludon
|-supereffective|p1a: Archaludon
|-damage|p1a: Archaludon|61/100
|-ability|p1a: Archaludon|Stamina|boost
|-boost|p1a: Archaludon|def|1
|
|-weather|RainDance|[upkeep]
|upkeep
|turn|3
|inactive|delpivgc has 30 seconds left.
|
|t:|1757670079
|-terastallize|p1b: Politoed|Grass
|move|p1b: Politoed|Weather Ball|p2a: Gholdengo
|-damage|p2a: Gholdengo|49/100
|move|p1a: Archaludon|Electro Shot||[still]
|-prepare|p1a: Archaludon|Electro Shot
|-boost|p1a: Archaludon|spa|1
|-anim|p1a: Archaludon|Electro Shot|p2a: Gholdengo
|-damage|p2a: Gholdengo|0 fnt
|faint|p2a: Gholdengo
|move|p2b: Rillaboom|Drum Beating|p1b: Politoed
|-resisted|p1b: Politoed
|-damage|p1b: Politoed|82/100
|-unboost|p1b: Politoed|spe|1
|
|-weather|RainDance|[upkeep]
|upkeep
|
|t:|1757670103
|switch|p2a: Dragonite|Dragonite, L50, F|100/100
|turn|4
|inactive|Malgooee has 30 seconds left.
|
|t:|1757670131
|-terastallize|p2a: Dragonite|Ground
|move|p1b: Politoed|Encore|p2b: Rillaboom
|-start|p2b: Rillaboom|Encore
|move|p1a: Archaludon|Draco Meteor|p2a: Dragonite
|-damage|p2a: Dragonite|50/100
|-unboost|p1a: Archaludon|spa|2
|move|p2a: Dragonite|Stomping Tantrum|p1a: Archaludon
|-supereffective|p1a: Archaludon
|-damage|p1a: Archaludon|20/100
|-ability|p1a: Archaludon|Stamina|boost
|-boost|p1a: Archaludon|def|1
|move|p2b: Rillaboom|Drum Beating|p1a: Archaludon
|-resisted|p1a: Archaludon
|-damage|p1a: Archaludon|17/100
|-unboost|p1a: Archaludon|spe|1
|-ability|p1a: Archaludon|Stamina|boost
|-boost|p1a: Archaludon|def|1
|
|-weather|RainDance|[upkeep]
|upkeep
|turn|5
|inactive|Malgooee has 30 seconds left.
|inactive|delpivgc has 30 seconds left.
|inactive|Malgooee has 20 seconds left.
|
|t:|1757670168
|switch|p1b: Indeedee|Indeedee, L50, M|45/100
|switch|p2b: Sneasler|Sneasler, L50, M|100/100
|move|p2a: Dragonite|Protect|p2a: Dragonite
|-singleturn|p2a: Dragonite|Protect
|move|p1a: Archaludon|Body Press|p2a: Dragonite
|-activate|p2a: Dragonite|move: Protect
|
|-weather|RainDance|[upkeep]
|-fieldend|move: Trick Room
|-fieldend|move: Psychic Terrain
|upkeep
|turn|6
|inactive|Malgooee has 30 seconds left.
|inactive|delpivgc has 30 seconds left.
|
|t:|1757670197
|switch|p1b: Politoed|Politoed, L50, M, tera:Grass|82/100
|switch|p2a: Rillaboom|Rillaboom, L50, M|100/100
|-fieldstart|move: Grassy Terrain|[from] ability: Grassy Surge|[of] p2a: Rillaboom
|switch|p1a: Gothitelle|Gothitelle, L50, M|71/100
|move|p2b: Sneasler|Protect||[still]
|-fail|p2b: Sneasler
|
|-weather|none
|-heal|p1b: Politoed|88/100|[from] Grassy Terrain
|-heal|p1a: Gothitelle|77/100|[from] Grassy Terrain
|-heal|p1a: Gothitelle|83/100|[from] item: Leftovers
|upkeep
|turn|7
|inactive|delpivgc has 30 seconds left.
|
|t:|1757670230
|move|p1a: Gothitelle|Fake Out|p2b: Sneasler
|-damage|p2b: Sneasler|94/100
|cant|p2b: Sneasler|flinch
|move|p2a: Rillaboom|High Horsepower|p1a: Gothitelle
|-damage|p1a: Gothitelle|57/100
|move|p1b: Politoed|Encore|p2b: Sneasler
|-start|p2b: Sneasler|Encore
|
|-heal|p2b: Sneasler|99/100|[from] Grassy Terrain
|-heal|p1b: Politoed|94/100|[from] Grassy Terrain
|-heal|p1a: Gothitelle|63/100|[from] Grassy Terrain
|-heal|p1a: Gothitelle|69/100|[from] item: Leftovers
|upkeep
|turn|8
|-message|delpivgc forfeited.
|
|win|Malgooee
||delpivgc is ready for game 2.
||Malgooee is ready for game 2.
|uhtml|next|Next: Game 2 of 3
