|j|â˜†DanielSantosgg
|j|â˜†Glimme
|html|DanielSantosggGlimme    
|uhtml|bestof|Game 1 of a best-of-3
|t:|1782585253
|gametype|doubles
|player|p1|DanielSantosgg|skier|1131
|player|p2|Glimme|169|1284
|gen|9
|tier|[Gen 9 Champions] VGC 2026 Reg M-B (Bo3)
|rated|
|rule|Species Clause: Limit one of each PokÃ©mon
|rule|Item Clause: Limit 1 of each item
|clearpoke
|poke|p1|Talonflame, L50, M|
|poke|p1|Rotom-Wash, L50|
|poke|p1|Ninetales-Alola, L50, F|
|poke|p1|Glimmora, L50, M|
|poke|p1|Kingambit, L50, M|
|poke|p1|Garchomp, L50, F|
|poke|p2|Charizard, L50, M, shiny|
|poke|p2|Farigiraf, L50, M, shiny|
|poke|p2|Kingambit, L50, M, shiny|
|poke|p2|Sylveon, L50, M, shiny|
|poke|p2|Aerodactyl, L50, M, shiny|
|poke|p2|Garchomp, L50, M, shiny|
|teampreview|4
|showteam|p1|Talonflame|||GaleWings|Acrobatics,Tailwind,FlareBlitz,Protect|Jolly||M|||50|]Rotom-Wash||Magnet|Levitate|Thunderbolt,HydroPump,WillOWisp,Protect|Modest|||||50|]Ninetales-Alola||NeverMeltIce|SnowWarning|Blizzard,FreezeDry,Moonblast,Protect|Timid||F|||50|]Glimmora||Glimmoranite|ToxicDebris|PowerGem,SludgeBomb,EarthPower,SpikyShield|Timid||M|||50|]Kingambit||ChopleBerry|Defiant|KowtowCleave,SuckerPunch,IronHead,Protect|Adamant||M|||50|]Garchomp||LifeOrb|RoughSkin|DragonClaw,StompingTantrum,Earthquake,RockTomb|Jolly||F|||50|
|showteam|p2|Charizard||CharizarditeY|SolarPower|Protect,WeatherBall,HeatWave,SolarBeam|Modest||M|||50|]Farigiraf||ExpertBelt|ArmorTail|HelpingHand,TwinBeam,Thunderbolt,TrickRoom|Bold||M|||50|]Kingambit||FocusSash|Defiant|KowtowCleave,SuckerPunch,IronHead,LowKick|Adamant||M|||50|]Sylveon||FairyFeather|Pixilate|Detect,HyperVoice,HyperBeam,QuickAttack|Modest||M|||50|]Aerodactyl||Aerodactylite|Unnerve|IceFang,RockSlide,DualWingbeat,Tailwind|Jolly||M|||50|]Garchomp||LifeOrb|RoughSkin|Protect,RockSlide,DragonClaw,Earthquake|Adamant||M|||50|
|inactive|Battle timer is ON: inactive players will automatically lose when time's up. (requested by Glimme)
|l|â˜†DanielSantosgg
|inactive|DanielSantosgg disconnected and has a minute to reconnect!
|player|p1|
|j|â˜†DanielSantosgg
|inactive|DanielSantosgg reconnected and has 75 seconds left.
|player|p1|DanielSantosgg|skier|
|l|â˜†DanielSantosgg
|inactive|DanielSantosgg disconnected and has a minute to reconnect!
|player|p1|
|inactive|Glimme has 60 seconds left.
|j|â˜†DanielSantosgg
|inactive|DanielSantosgg reconnected and has 60 seconds left.
|player|p1|DanielSantosgg|skier|
|inactive|DanielSantosgg has 30 seconds left.
|
|t:|1782585316
|teamsize|p1|4
|teamsize|p2|4
|start
|switch|p1a: Glimmora|Glimmora, L50, M|100/100
|switch|p1b: Rotom|Rotom-Wash, L50|100/100
|switch|p2a: Farigiraf|Farigiraf, L50, M, shiny|100/100
|switch|p2b: Kingambit|Kingambit, L50, M, shiny|100/100
|turn|1
|inactive|DanielSantosgg has 30 seconds left.
|inactive|Glimme has 30 seconds left.
|
|t:|1782585347
|detailschange|p1a: Glimmora|Glimmora-Mega, L50, M
|-mega|p1a: Glimmora|Glimmora|Glimmoranite
|move|p1a: Glimmora|Spiky Shield|p1a: Glimmora
|-singleturn|p1a: Glimmora|move: Protect
|move|p1b: Rotom|Will-O-Wisp|p2b: Kingambit
|-status|p2b: Kingambit|brn
|move|p2b: Kingambit|Iron Head|p1a: Glimmora
|-activate|p1a: Glimmora|move: Protect
|-damage|p2b: Kingambit|87/100 brn|[from] Spiky Shield|[of] p1a: Glimmora
|move|p2a: Farigiraf|Trick Room|p2a: Farigiraf
|-fieldstart|move: Trick Room|[of] p2a: Farigiraf
|
|-damage|p2b: Kingambit|81/100 brn|[from] brn
|upkeep
|turn|2
|inactive|DanielSantosgg has 30 seconds left.
|
|t:|1782585378
|switch|p1a: Garchomp|Garchomp, L50, F|100/100
|move|p1b: Rotom|Protect|p1b: Rotom
|-singleturn|p1b: Rotom|Protect
|move|p2a: Farigiraf|Twin Beam|p1a: Garchomp
|-damage|p1a: Garchomp|84/100
|-damage|p1a: Garchomp|67/100
|-hitcount|p1a: Garchomp|2
|move|p2b: Kingambit|Low Kick|p1a: Garchomp
|-damage|p1a: Garchomp|52/100
|-damage|p2b: Kingambit|68/100 brn|[from] ability: Rough Skin|[of] p1a: Garchomp
|
|-damage|p2b: Kingambit|62/100 brn|[from] brn
|upkeep
|turn|3
|
|t:|1782585405
|move|p2a: Farigiraf|Twin Beam|p1a: Garchomp
|-damage|p1a: Garchomp|34/100
|-damage|p1a: Garchomp|16/100
|-hitcount|p1a: Garchomp|2
|move|p2b: Kingambit|Kowtow Cleave|p1a: Garchomp
|-damage|p1a: Garchomp|0 fnt
|-damage|p2b: Kingambit|50/100g brn|[from] ability: Rough Skin|[of] p1a: Garchomp
|faint|p1a: Garchomp
|move|p1b: Rotom|Hydro Pump|p2a: Farigiraf
|-damage|p2a: Farigiraf|55/100
|
|-damage|p2b: Kingambit|44/100 brn|[from] brn
|upkeep
|
|t:|1782585421
|switch|p1a: Ninetales|Ninetales-Alola, L50, F|100/100
|-weather|Snowscape|[from] ability: Snow Warning|[of] p1a: Ninetales
|turn|4
|
|t:|1782585430
|switch|p2a: Sylveon|Sylveon, L50, M, shiny|100/100
|move|p1a: Ninetales|Protect|p1a: Ninetales
|-singleturn|p1a: Ninetales|Protect
|move|p2b: Kingambit|Iron Head|p1a: Ninetales
|-activate|p1a: Ninetales|move: Protect
|move|p1b: Rotom|Hydro Pump|p2b: Kingambit
|-damage|p2b: Kingambit|0 fnt
|faint|p2b: Kingambit
|
|-weather|Snowscape|[upkeep]
|upkeep
|
|t:|1782585434
|switch|p2b: Charizard|Charizard, L50, M, shiny|100/100
|turn|5
|
|t:|1782585453
|switch|p1a: Glimmora|Glimmora-Mega, L50, M|100/100
|detailschange|p2b: Charizard|Charizard-Mega-Y, L50, M, shiny
|-mega|p2b: Charizard|Charizard|Charizardite Y
|-weather|SunnyDay|[from] ability: Drought|[of] p2b: Charizard
|move|p2a: Sylveon|Hyper Voice|p1a: Glimmora|[spread] p1a,p1b
|-resisted|p1a: Glimmora|1
|-damage|p1a: Glimmora|75/100
|-damage|p1b: Rotom|49/100
|move|p1b: Rotom|Thunderbolt|p2b: Charizard
|-supereffective|p2b: Charizard|1
|-damage|p2b: Charizard|8/100
|move|p2b: Charizard|Solar Beam||[still]
|-prepare|p2b: Charizard|Solar Beam
|-anim|p2b: Charizard|Solar Beam|p1b: Rotom
|-supereffective|p1b: Rotom|1
|-crit|p1b: Rotom
|-damage|p1b: Rotom|0 fnt
|faint|p1b: Rotom
|
|-weather|SunnyDay|[upkeep]
|-fieldend|move: Trick Room
|upkeep
|-message|Glimme forfeited.
|
|win|DanielSantosgg
