|j|☆jowemama
|j|☆Pacogol
|html|jowemamaPacogol    
|uhtml|bestof|Game 1 of a best-of-3
|t:|1756564971
|gametype|doubles
|player|p1|jowemama|scientistf|1075
|player|p2|Pacogol|170|1065
|gen|9
|tier|[Gen 9] VGC 2025 Reg H (Bo3)
|rated|
|rule|Species Clause: Limit one of each Pokémon
|rule|Item Clause: Limit 1 of each item
|clearpoke
|poke|p1|Pelipper, L50, F|
|poke|p1|Archaludon, L50, F|
|poke|p1|Dragonite, L50, F|
|poke|p1|Incineroar, L50, F|
|poke|p1|Ursaluna, L50, F|
|poke|p1|Sinistcha, L50|
|poke|p2|Sneasler, L50, F|
|poke|p2|Indeedee, L50, M|
|poke|p2|Ursaluna-Bloodmoon, L50, M|
|poke|p2|Talonflame, L50, F|
|poke|p2|Electabuzz, L50, F|
|poke|p2|Hydreigon, L50, M|
|teampreview|4
|showteam|p1|Pelipper||FocusSash|Drizzle|WeatherBall,Hurricane,Tailwind,Protect|||F|||50|,,,,,Ghost]Archaludon||AssaultVest|Stamina|FlashCannon,ElectroShot,BodyPress,Snarl|||F|||50|,,,,,Bug]Dragonite||LoadedDice|Multiscale|ScaleShot,Tailwind,Haze,Protect|||F|||50|,,,,,Fairy]Incineroar||SafetyGoggles|Intimidate|KnockOff,WillOWisp,PartingShot,FakeOut|||F|||50|,,,,,Bug]Ursaluna||FlameOrb|Guts|Facade,HeadlongRush,Earthquake,Protect|||F|||50|,,,,,Ghost]Sinistcha||SitrusBerry|Hospitality|MatchaGotcha,LifeDew,RagePowder,TrickRoom||||||50|,,,,,Dark
|showteam|p2|Sneasler||PsychicSeed|Unburden|Protect,CloseCombat,DireClaw,ThroatChop|||F|||50|,,,,,Dark]Indeedee||FocusSash|PsychicSurge|ExpandingForce,Protect,TrickRoom,HelpingHand|||M|||50|,,,,,Psychic]Ursaluna-Bloodmoon||LifeOrb|MindsEye|Protect,HyperVoice,EarthPower,BloodMoon|||M|||50|,,,,,Normal]Talonflame||CovertCloak|GaleWings|Tailwind,DualWingbeat,Taunt,WillOWisp|||F|||50|,,,,,Stellar]Electabuzz||Eviolite|VitalSpirit|Taunt,FollowMe,Protect,Electroweb|||F|||50|,,,,,Fairy]Hydreigon||ChoiceSpecs|Levitate|HeatWave,DracoMeteor,DarkPulse,Snarl|||M|||50|,,,,,Fire
|inactive|Battle timer is ON: inactive players will automatically lose when time's up. (requested by jowemama)
|inactive|Pacogol has 60 seconds left.
|inactive|Pacogol has 30 seconds left.
|
|t:|1756565037
|teamsize|p1|4
|teamsize|p2|4
|start
|switch|p1a: Dragonite|Dragonite, L50, F|100/100
|switch|p1b: Archaludon|Archaludon, L50, F|100/100
|switch|p2a: Electabuzz|Electabuzz, L50, F|100/100
|switch|p2b: Indeedee|Indeedee, L50, M|100/100
|-fieldstart|move: Psychic Terrain|[from] ability: Psychic Surge|[of] p2b: Indeedee
|turn|1
|inactive|jowemama has 30 seconds left.
|inactive|Pacogol has 30 seconds left.
|inactive|Pacogol has 20 seconds left.
|
|t:|1756565075
|switch|p1b: Ursaluna|Ursaluna, L50, F|100/100
|-terastallize|p2b: Indeedee|Psychic
|move|p2a: Electabuzz|Follow Me|p2a: Electabuzz
|-singleturn|p2a: Electabuzz|move: Follow Me
|move|p2b: Indeedee|Expanding Force|p1a: Dragonite|[spread] p1a,p1b
|-damage|p1a: Dragonite|63/100
|-damage|p1b: Ursaluna|30/100
|move|p1a: Dragonite|Tailwind|p1a: Dragonite
|-sidestart|p1: jowemama|move: Tailwind
|
|-status|p1b: Ursaluna|brn|[from] item: Flame Orb
|upkeep
|turn|2
|inactive|Pacogol has 30 seconds left.
|
|t:|1756565103
|move|p2b: Indeedee|Protect|p2b: Indeedee
|-singleturn|p2b: Indeedee|Protect
|move|p2a: Electabuzz|Protect|p2a: Electabuzz
|-singleturn|p2a: Electabuzz|Protect
|move|p1a: Dragonite|Scale Shot|p2b: Indeedee
|-activate|p2b: Indeedee|move: Protect
|move|p1b: Ursaluna|Earthquake|p2b: Indeedee|[spread] 
|-activate|p2a: Electabuzz|move: Protect
|-activate|p2b: Indeedee|move: Protect
|-immune|p1a: Dragonite
|
|-damage|p1b: Ursaluna|24/100 brn|[from] brn
|upkeep
|turn|3
|inactive|Pacogol has 30 seconds left.
|inactive|Pacogol has 20 seconds left.
|
|t:|1756565139
|switch|p2a: Hydreigon|Hydreigon, L50, M|100/100
|move|p1a: Dragonite|Scale Shot|p2b: Indeedee
|-crit|p2b: Indeedee
|-damage|p2b: Indeedee|58/100
|-damage|p2b: Indeedee|29/100
|-damage|p2b: Indeedee|0 fnt
|faint|p2b: Indeedee
|-hitcount|p2: Indeedee|3
|-unboost|p1a: Dragonite|def|1
|-boost|p1a: Dragonite|spe|1
|move|p1b: Ursaluna|Earthquake|p2a: Hydreigon|[spread] 
|-immune|p1a: Dragonite
|-immune|p2a: Hydreigon|[from] ability: Levitate
|
|-damage|p1b: Ursaluna|18/100 brn|[from] brn
|upkeep
|
|t:|1756565154
|switch|p2b: Electabuzz|Electabuzz, L50, F|100/100
|turn|4
|inactive|jowemama has 30 seconds left.
|inactive|Pacogol has 30 seconds left.
|
|t:|1756565190
|move|p1a: Dragonite|Protect|p1a: Dragonite
|-singleturn|p1a: Dragonite|Protect
|move|p2b: Electabuzz|Follow Me|p2b: Electabuzz
|-singleturn|p2b: Electabuzz|move: Follow Me
|move|p1b: Ursaluna|Headlong Rush|p2b: Electabuzz
|-supereffective|p2b: Electabuzz
|-damage|p2b: Electabuzz|0 fnt
|-unboost|p1b: Ursaluna|def|1
|-unboost|p1b: Ursaluna|spd|1
|faint|p2b: Electabuzz
|move|p2a: Hydreigon|Draco Meteor|p1a: Dragonite
|-activate|p1a: Dragonite|move: Protect
|
|-damage|p1b: Ursaluna|13/100 brn|[from] brn
|-sideend|p1: jowemama|move: Tailwind
|upkeep
|
|t:|1756565193
|switch|p2b: Ursaluna|Ursaluna-Bloodmoon, L50, M|100/100
|turn|5
|
|t:|1756565208
|move|p1a: Dragonite|Tailwind|p1a: Dragonite
|-sidestart|p1: jowemama|move: Tailwind
|move|p1b: Ursaluna|Facade|p2a: Hydreigon
|-damage|p2a: Hydreigon|0 fnt
|faint|p2a: Hydreigon
|move|p2b: Ursaluna|Hyper Voice|p1b: Ursaluna|[spread] p1a,p1b
|-damage|p1a: Dragonite|4/100
|-damage|p1b: Ursaluna|0 fnt
|faint|p1b: Ursaluna
|-damage|p2b: Ursaluna|91/100|[from] item: Life Orb
|
|-fieldend|move: Psychic Terrain
|upkeep
|
|t:|1756565221
|switch|p1b: Archaludon|Archaludon, L50, F|100/100
|turn|6
|
|t:|1756565231
|move|p1a: Dragonite|Scale Shot|p1b: Archaludon
|-damage|p1b: Archaludon|91/100
|-ability|p1b: Archaludon|Stamina|boost
|-boost|p1b: Archaludon|def|1
|-damage|p1b: Archaludon|84/100
|-ability|p1b: Archaludon|Stamina|boost
|-boost|p1b: Archaludon|def|1
|-damage|p1b: Archaludon|79/100
|-ability|p1b: Archaludon|Stamina|boost
|-boost|p1b: Archaludon|def|1
|-damage|p1b: Archaludon|74/100
|-ability|p1b: Archaludon|Stamina|boost
|-boost|p1b: Archaludon|def|1
|-damage|p1b: Archaludon|70/100
|-ability|p1b: Archaludon|Stamina|boost
|-boost|p1b: Archaludon|def|1
|-hitcount|p1b: Archaludon|5
|-unboost|p1a: Dragonite|def|1
|-boost|p1a: Dragonite|spe|1
|move|p1b: Archaludon|Body Press|p2b: Ursaluna
|-supereffective|p2b: Ursaluna
|-damage|p2b: Ursaluna|0 fnt
|faint|p2b: Ursaluna
|
|win|jowemama
||jowemama is ready for game 2.
|inactive|Pacogol has 30 seconds to confirm battle start!
||Pacogol is ready for game 2.
|uhtml|next|Next: Game 2 of 3
|l|☆Pacogol
|player|p2|
