|j|☆bagarresinge
|j|☆brphy
|html|bagarresingebrphy    
|uhtml|bestof|Game 2 of a best-of-3
|t:|1756575456
|gametype|doubles
|player|p1|bagarresinge|harlequin|
|player|p2|brphy|psychicf|
|gen|9
|tier|[Gen 9] VGC 2025 Reg H (Bo3)
|rule|Species Clause: Limit one of each Pokémon
|rule|Item Clause: Limit 1 of each item
|clearpoke
|poke|p1|Incineroar, L50, F|
|poke|p1|Gholdengo, L50|
|poke|p1|Amoonguss, L50, F|
|poke|p1|Hydreigon, L50, M|
|poke|p1|Porygon2, L50|
|poke|p1|Ursaluna, L50, M|
|poke|p2|Ursaluna, L50, F|
|poke|p2|Kilowattrel, L50, F|
|poke|p2|Porygon2, L50|
|poke|p2|Gholdengo, L50|
|poke|p2|Amoonguss, L50, F|
|poke|p2|Incineroar, L50, F|
|teampreview|4
|showteam|p1|Incineroar||SitrusBerry|Intimidate|KnockOff,FakeOut,FlareBlitz,PartingShot|||F|||50|,,,,,Ghost]Gholdengo||MetalCoat|GoodasGold|Protect,NastyPlot,MakeItRain,ShadowBall||||||50|,,,,,Water]Amoonguss||RockyHelmet|Regenerator|Spore,RagePowder,PollenPuff,Protect|||F|||50|,,,,,Fairy]Hydreigon||SafetyGoggles|Levitate|DracoMeteor,Snarl,Tailwind,Protect|||M|||50|,,,,,Ghost]Porygon2||Eviolite|Download|Recover,IceBeam,TeraBlast,TrickRoom||||||50|,,,,,Fighting]Ursaluna||FlameOrb|Guts|Earthquake,Facade,HeadlongRush,Protect|||M|||50|,,,,,Ghost
|showteam|p2|Ursaluna||FlameOrb|Guts|Protect,HeadlongRush,Earthquake,Facade|||F|||50|,,,,,Fairy]Kilowattrel||FocusSash|Competitive|Thunderbolt,AirSlash,Protect,Tailwind|||F|||50|,,,,,Ghost]Porygon2||Eviolite|Download|TeraBlast,IceBeam,Recover,TrickRoom||||||50|,,,,,Fighting]Gholdengo||LifeOrb|GoodasGold|Protect,MakeItRain,ShadowBall,NastyPlot||||||50|,,,,,Water]Amoonguss||CovertCloak|Regenerator|SludgeBomb,Spore,RagePowder,Protect|||F|||50|,,,,,Water]Incineroar||AssaultVest|Intimidate|KnockOff,FlareBlitz,Uturn,FakeOut|||F|||50|,,,,,Grass
|inactive|Battle timer is ON: inactive players will automatically lose when time's up. (requested by brphy)
|
|t:|1756575478
|teamsize|p1|4
|teamsize|p2|4
|start
|switch|p1a: Hydreigon|Hydreigon, L50, M|100/100
|switch|p1b: Ursaluna|Ursaluna, L50, M|100/100
|switch|p2a: Gholdengo|Gholdengo, L50|100/100
|switch|p2b: Incineroar|Incineroar, L50, F|100/100
|-ability|p2b: Incineroar|Intimidate|boost
|-unboost|p1a: Hydreigon|atk|1
|-unboost|p1b: Ursaluna|atk|1
|turn|1
|inactive|brphy has 30 seconds left.
|
|t:|1756575511
|switch|p1b: Incineroar|Incineroar, L50, F, shiny|100/100
|-ability|p1b: Incineroar|Intimidate|boost
|-unboost|p2a: Gholdengo|atk|1
|-unboost|p2b: Incineroar|atk|1
|move|p1a: Hydreigon|Protect|p1a: Hydreigon
|-singleturn|p1a: Hydreigon|Protect
|move|p2a: Gholdengo|Make It Rain|p1b: Incineroar|[spread] p1b
|-activate|p1a: Hydreigon|move: Protect
|-resisted|p1b: Incineroar
|-damage|p1b: Incineroar|74/100
|-unboost|p2a: Gholdengo|spa|1
|-damage|p2a: Gholdengo|91/100|[from] item: Life Orb
|move|p2b: Incineroar|U-turn|p1a: Hydreigon
|-activate|p1a: Hydreigon|move: Protect
|
|upkeep
|turn|2
|inactive|bagarresinge has 30 seconds left.
|
|t:|1756575545
|-terastallize|p2a: Gholdengo|Water
|move|p1a: Hydreigon|Snarl|p2b: Incineroar|[spread] p2a,p2b
|-crit|p2a: Gholdengo
|-resisted|p2b: Incineroar
|-damage|p2a: Gholdengo|62/100
|-damage|p2b: Incineroar|94/100
|-unboost|p2a: Gholdengo|spa|1
|-unboost|p2b: Incineroar|spa|1
|move|p2a: Gholdengo|Nasty Plot|p2a: Gholdengo
|-boost|p2a: Gholdengo|spa|2
|move|p2b: Incineroar|U-turn|p1a: Hydreigon
|-supereffective|p1a: Hydreigon
|-damage|p1a: Hydreigon|74/100
|
|t:|1756575559
|switch|p2b: Ursaluna|Ursaluna, L50, F|100/100|[from] U-turn
|move|p1b: Incineroar|Knock Off|p2b: Ursaluna
|-crit|p2b: Ursaluna
|-damage|p2b: Ursaluna|54/100
|-enditem|p2b: Ursaluna|Flame Orb|[from] move: Knock Off|[of] p1b: Incineroar
|
|upkeep
|turn|3
|inactive|bagarresinge has 30 seconds left.
|
|t:|1756575586
|-terastallize|p1a: Hydreigon|Ghost
|move|p1a: Hydreigon|Draco Meteor|p2a: Gholdengo
|-damage|p2a: Gholdengo|3/100
|-unboost|p1a: Hydreigon|spa|2
|move|p2a: Gholdengo|Make It Rain|p1b: Incineroar|[spread] p1a,p1b
|-resisted|p1b: Incineroar
|-damage|p1a: Hydreigon|22/100
|-damage|p1b: Incineroar|48/100
|-unboost|p2a: Gholdengo|spa|1
|-enditem|p1b: Incineroar|Sitrus Berry|[eat]
|-heal|p1b: Incineroar|73/100|[from] item: Sitrus Berry
|-damage|p2a: Gholdengo|0 fnt|[from] item: Life Orb
|faint|p2a: Gholdengo
|move|p2b: Ursaluna|Headlong Rush|p1b: Incineroar
|-supereffective|p1b: Incineroar
|-damage|p1b: Incineroar|0 fnt
|-unboost|p2b: Ursaluna|def|1
|-unboost|p2b: Ursaluna|spd|1
|faint|p1b: Incineroar
|
|upkeep
|
|t:|1756575608
|switch|p2a: Incineroar|Incineroar, L50, F|94/100
|switch|p1b: Porygon2|Porygon2, L50|100/100
|-ability|p2a: Incineroar|Intimidate|boost
|-unboost|p1a: Hydreigon|atk|1
|-unboost|p1b: Porygon2|atk|1
|-ability|p1b: Porygon2|Download|boost
|-boost|p1b: Porygon2|spa|1
|turn|4
|inactive|bagarresinge has 30 seconds left.
|inactive|brphy has 30 seconds left.
|
|t:|1756575642
|switch|p1a: Ursaluna|Ursaluna, L50, M|100/100
|move|p2a: Incineroar|Knock Off|p1b: Porygon2
|-damage|p1b: Porygon2|74/100
|-enditem|p1b: Porygon2|Eviolite|[from] move: Knock Off|[of] p2a: Incineroar
|move|p2b: Ursaluna|Facade|p1b: Porygon2
|-damage|p1b: Porygon2|36/100
|move|p1b: Porygon2|Trick Room|p1b: Porygon2
|-fieldstart|move: Trick Room|[of] p1b: Porygon2
|
|-status|p1a: Ursaluna|brn|[from] item: Flame Orb
|upkeep
|turn|5
|
|t:|1756575660
|switch|p1b: Hydreigon|Hydreigon, L50, M, tera:Ghost|22/100
|switch|p2a: Porygon2|Porygon2, L50|100/100
|-ability|p2a: Porygon2|Download|boost
|-boost|p2a: Porygon2|spa|1
|move|p2b: Ursaluna|Protect|p2b: Ursaluna
|-singleturn|p2b: Ursaluna|Protect
|move|p1a: Ursaluna|Earthquake|p2b: Ursaluna|[spread] p2a
|-activate|p2b: Ursaluna|move: Protect
|-immune|p1b: Hydreigon|[from] ability: Levitate
|-damage|p2a: Porygon2|62/100
|
|-damage|p1a: Ursaluna|94/100 brn|[from] brn
|upkeep
|turn|6
|inactive|bagarresinge has 30 seconds left.
|inactive|brphy has 30 seconds left.
|inactive|bagarresinge has 20 seconds left.
|inactive|bagarresinge has 15 seconds left.
|inactive|bagarresinge has 10 seconds left.
|
|t:|1756575707
|move|p2a: Porygon2|Ice Beam|p1a: Ursaluna
|-supereffective|p1a: Ursaluna
|-damage|p1a: Ursaluna|27/100 brn
|move|p1a: Ursaluna|Facade|p2a: Porygon2
|-damage|p2a: Porygon2|0 fnt
|faint|p2a: Porygon2
|move|p2b: Ursaluna|Facade|p1a: Ursaluna
|-damage|p1a: Ursaluna|0 fnt
|faint|p1a: Ursaluna
|move|p1b: Hydreigon|Snarl|p2b: Ursaluna
|-crit|p2b: Ursaluna
|-damage|p2b: Ursaluna|1/100
|-unboost|p2b: Ursaluna|spa|1
|
|upkeep
|
|t:|1756575716
|switch|p2a: Incineroar|Incineroar, L50, F|94/100
|switch|p1a: Porygon2|Porygon2, L50|36/100
|-ability|p1a: Porygon2|Download|boost
|-boost|p1a: Porygon2|spa|1
|-ability|p2a: Incineroar|Intimidate|boost
|-unboost|p1a: Porygon2|atk|1
|-unboost|p1b: Hydreigon|atk|1
|turn|7
|
|t:|1756575728
|move|p2a: Incineroar|Fake Out|p1a: Porygon2
|-damage|p1a: Porygon2|24/100
|cant|p1a: Porygon2|flinch
|move|p2b: Ursaluna|Headlong Rush|p1a: Porygon2
|-damage|p1a: Porygon2|0 fnt
|-unboost|p2b: Ursaluna|def|1
|-unboost|p2b: Ursaluna|spd|1
|faint|p1a: Porygon2
|move|p1b: Hydreigon|Snarl|p2a: Incineroar|[spread] p2a,p2b
|-resisted|p2a: Incineroar
|-damage|p2a: Incineroar|89/100
|-damage|p2b: Ursaluna|0 fnt
|-unboost|p2a: Incineroar|spa|1
|faint|p2b: Ursaluna
|
|upkeep
|turn|8
|
|t:|1756575740
|move|p1b: Hydreigon|Protect|p1b: Hydreigon
|-singleturn|p1b: Hydreigon|Protect
|move|p2a: Incineroar|Knock Off|p1b: Hydreigon
|-activate|p1b: Hydreigon|move: Protect
|
|-fieldend|move: Trick Room
|upkeep
|turn|9
|
|t:|1756575751
|move|p1b: Hydreigon|Snarl|p2a: Incineroar
|-resisted|p2a: Incineroar
|-damage|p2a: Incineroar|81/100
|-unboost|p2a: Incineroar|spa|1
|move|p2a: Incineroar|Knock Off|p1b: Hydreigon
|-supereffective|p1b: Hydreigon
|-damage|p1b: Hydreigon|0 fnt
|-enditem|p1b: Hydreigon|Safety Goggles|[from] move: Knock Off|[of] p2a: Incineroar
|faint|p1b: Hydreigon
|
|win|brphy
||bagarresinge is ready for game 3.
||brphy is ready for game 3.
|uhtml|next|Next: Game 3 of 3
|j| AlbertX13
|l|☆brphy
|player|p2|
|j|☆brphy
|player|p2|brphy|psychicf|
