|j|☆Yung Dung Beetle
|j|☆ga sneasler
|html|Yung Dung Beetlega sneasler    
|uhtml|bestof|Game 3 of a best-of-3
|t:|1756430539
|gametype|doubles
|player|p1|Yung Dung Beetle|170|1125
|player|p2|ga sneasler|265|1176
|gen|9
|tier|[Gen 9] VGC 2025 Reg H (Bo3)
|rated|
|rule|Species Clause: Limit one of each Pokémon
|rule|Item Clause: Limit 1 of each item
|clearpoke
|poke|p1|Rillaboom, L50, F|
|poke|p1|Baxcalibur, L50, M|
|poke|p1|Volcarona, L50, M|
|poke|p1|Annihilape, L50, M|
|poke|p1|Ursaluna-Bloodmoon, L50, M|
|poke|p1|Amoonguss, L50, F|
|poke|p2|Dragapult, L50, F|
|poke|p2|Kingambit, L50, F|
|poke|p2|Electabuzz, L50, F|
|poke|p2|Blaziken, L50, M|
|poke|p2|Primarina, L50, F|
|poke|p2|Rillaboom, L50, M|
|teampreview|4
|showteam|p1|Rillaboom||CovertCloak|GrassySurge|FakeOut,GrassyGlide,DrumBeating,HighHorsepower|||F|||50|,,,,,Fire]Baxcalibur||LoadedDice|ThermalExchange|ScaleShot,IcicleSpear,IceShard,Protect|||M|||50|,,,,,Ghost]Volcarona||GrassySeed|FlameBody|HeatWave,QuiverDance,Protect,GigaDrain|||M|||50|,,,,,Grass]Annihilape||FocusSash|Defiant|CloseCombat,RageFist,Coaching,Taunt|||M|||50|,,,,,Water]Ursaluna-Bloodmoon||AssaultVest|MindsEye|BloodMoon,HyperVoice,VacuumWave,EarthPower|||M|||50|,,,,,Normal]Amoonguss||RockyHelmet|Regenerator|Spore,Protect,PollenPuff,RagePowder|||F|||50|,,,,,Psychic
|showteam|p2|Dragapult||ChoiceBand|ClearBody|Outrage,DragonDarts,PhantomForce,Uturn|||F|||50|,,,,,Dragon]Kingambit||SafetyGoggles|Defiant|KowtowCleave,SuckerPunch,SwordsDance,Protect|||F|||50|,,,,,Dark]Electabuzz||Eviolite|VitalSpirit|Thunderbolt,HelpingHand,FollowMe,Protect|||F|||50|,,,,,Ghost]Blaziken||FocusSash|SpeedBoost|HeatWave,AuraSphere,Coaching,Detect|||M|||50|,,,,,Ghost]Primarina||SitrusBerry|LiquidVoice|Moonblast,HyperVoice,Haze,Protect|||F|||50|,,,,,Water]Rillaboom||AssaultVest|GrassySurge|WoodHammer,GrassyGlide,FakeOut,Uturn|||M|||50|,,,,,Fire
|inactive|Battle timer is ON: inactive players will automatically lose when time's up. (requested by ga sneasler)
|inactive|Yung Dung Beetle has 60 seconds left.
|
|t:|1756430597
|teamsize|p1|4
|teamsize|p2|4
|start
|switch|p1a: BIG BODY BENZ|Baxcalibur, L50, M|100/100
|switch|p1b: Annihilape|Annihilape, L50, M|100/100
|switch|p2a: Electabuzz|Electabuzz, L50, F|100/100
|switch|p2b: Primarina|Primarina, L50, F|100/100
|turn|1
|
|t:|1756430605
|switch|p1a: Amoonguss|Amoonguss, L50, F|100/100
|move|p2a: Electabuzz|Protect|p2a: Electabuzz
|-singleturn|p2a: Electabuzz|Protect
|move|p1b: Annihilape|Taunt|p2a: Electabuzz
|-activate|p2a: Electabuzz|move: Protect
|move|p2b: Primarina|Moonblast|p1a: Amoonguss
|-resisted|p1a: Amoonguss
|-damage|p1a: Amoonguss|81/100
|
|upkeep
|turn|2
|inactive|ga sneasler has 30 seconds left.
|
|t:|1756430636
|switch|p2b: Kingambit|Kingambit, L50, F|100/100
|switch|p1a: BIG BODY BENZ|Baxcalibur, L50, M|100/100
|move|p1b: Annihilape|Taunt|p2a: Electabuzz
|-start|p2a: Electabuzz|move: Taunt
|move|p2a: Electabuzz|Thunderbolt|p1b: Annihilape
|-damage|p1b: Annihilape|62/100
|
|upkeep
|turn|3
|inactive|ga sneasler has 30 seconds left.
|inactive|ga sneasler has 20 seconds left.
|inactive|ga sneasler has 15 seconds left.
|inactive|ga sneasler has 10 seconds left.
|
|t:|1756430682
|switch|p2a: Primarina|Primarina, L50, F|100/100
|move|p2b: Kingambit|Protect|p2b: Kingambit
|-singleturn|p2b: Kingambit|Protect
|move|p1b: Annihilape|Coaching|p1a: BIG BODY BENZ
|-boost|p1a: BIG BODY BENZ|atk|1
|-boost|p1a: BIG BODY BENZ|def|1
|move|p1a: BIG BODY BENZ|Scale Shot|p2a: Primarina
|-immune|p2a: Primarina
|
|upkeep
|turn|4
|inactive|Yung Dung Beetle has 30 seconds left.
|inactive|ga sneasler has 30 seconds left.
|inactive|Yung Dung Beetle has 20 seconds left.
|inactive|ga sneasler has 20 seconds left.
|
|t:|1756430726
|switch|p2b: Electabuzz|Electabuzz, L50, F|100/100
|move|p1b: Annihilape|Rage Fist|p2a: Primarina
|-damage|p2a: Primarina|55/100
|move|p1a: BIG BODY BENZ|Icicle Spear|p2a: Primarina
|-resisted|p2a: Primarina
|-damage|p2a: Primarina|43/100
|-enditem|p2a: Primarina|Sitrus Berry|[eat]
|-heal|p2a: Primarina|68/100|[from] item: Sitrus Berry
|-resisted|p2a: Primarina
|-damage|p2a: Primarina|57/100
|-resisted|p2a: Primarina
|-damage|p2a: Primarina|45/100
|-resisted|p2a: Primarina
|-damage|p2a: Primarina|34/100
|-resisted|p2a: Primarina
|-damage|p2a: Primarina|23/100
|-hitcount|p2a: Primarina|5
|move|p2a: Primarina|Haze|p2a: Primarina
|-clearallboost
|
|upkeep
|turn|5
|inactive|Yung Dung Beetle has 30 seconds left.
|
|t:|1756430758
|switch|p1a: Ursaluna|Ursaluna-Bloodmoon, L50, M|100/100
|move|p2b: Electabuzz|Follow Me|p2b: Electabuzz
|-singleturn|p2b: Electabuzz|move: Follow Me
|move|p1b: Annihilape|Taunt|p2b: Electabuzz
|-start|p2b: Electabuzz|move: Taunt
|move|p2a: Primarina|Moonblast|p1b: Annihilape
|-supereffective|p1b: Annihilape
|-damage|p1b: Annihilape|0 fnt
|faint|p1b: Annihilape
|
|upkeep
|
|t:|1756430769
|switch|p1b: Amoonguss|Amoonguss, L50, F|100/100
|turn|6
|
|t:|1756430789
|switch|p2b: Kingambit|Kingambit, L50, F|100/100
|move|p2a: Primarina|Hyper Voice|p1a: Ursaluna|[spread] p1a,p1b
|-supereffective|p1a: Ursaluna
|-resisted|p1b: Amoonguss
|-damage|p1a: Ursaluna|55/100
|-damage|p1b: Amoonguss|88/100
|move|p1a: Ursaluna|Earth Power|p2b: Kingambit
|-supereffective|p2b: Kingambit
|-damage|p2b: Kingambit|0 fnt
|faint|p2b: Kingambit
|move|p1b: Amoonguss|Spore|p2a: Primarina
|-status|p2a: Primarina|slp|[from] move: Spore
|
|upkeep
|
|t:|1756430807
|switch|p2b: Dragapult|Dragapult, L50, F|100/100
|turn|7
|inactive|ga sneasler has 30 seconds left.
|inactive|ga sneasler has 20 seconds left.
|inactive|ga sneasler has 15 seconds left.
|inactive|ga sneasler has 10 seconds left.
|inactive|ga sneasler has 5 seconds left.
|
|t:|1756430858
|-terastallize|p1a: Ursaluna|Normal
|move|p1b: Amoonguss|Rage Powder|p1b: Amoonguss
|-singleturn|p1b: Amoonguss|move: Rage Powder
|move|p2b: Dragapult|U-turn|p1b: Amoonguss
|-damage|p1b: Amoonguss|57/100
|-damage|p2b: Dragapult|84/100|[from] item: Rocky Helmet|[of] p1b: Amoonguss
|
|t:|1756430862
|switch|p2b: Electabuzz|Electabuzz, L50, F|100/100|[from] U-turn
|cant|p2a: Primarina|slp
|move|p1a: Ursaluna|Hyper Voice|p2a: Primarina|[spread] p2a,p2b
|-damage|p2a: Primarina|0 fnt
|-damage|p2b: Electabuzz|58/100
|faint|p2a: Primarina
|
|upkeep
|
|t:|1756430865
|switch|p2a: Dragapult|Dragapult, L50, F|84/100
|turn|8
|inactive|ga sneasler has 30 seconds left.
|
|t:|1756430894
|-terastallize|p2a: Dragapult|Dragon
|move|p2b: Electabuzz|Follow Me|p2b: Electabuzz
|-singleturn|p2b: Electabuzz|move: Follow Me
|move|p2a: Dragapult|Dragon Darts|p1a: Ursaluna
|-damage|p1a: Ursaluna|16/100
|-anim|p2a: Dragapult|Dragon Darts|p1b: Amoonguss
|-damage|p1b: Amoonguss|14/100
|move|p1a: Ursaluna|Blood Moon|p2b: Electabuzz
|-damage|p2b: Electabuzz|0 fnt
|faint|p2b: Electabuzz
|move|p1b: Amoonguss|Pollen Puff|p1a: Ursaluna
|-heal|p1a: Ursaluna|66/100
|
|upkeep
|turn|9
|inactive|Yung Dung Beetle has 30 seconds left.
|
|t:|1756430926
|move|p2a: Dragapult|Dragon Darts|p1a: Ursaluna
|-crit|p1a: Ursaluna
|-damage|p1a: Ursaluna|11/100
|-anim|p2a: Dragapult|Dragon Darts|p1b: Amoonguss
|-damage|p1b: Amoonguss|0 fnt
|faint|p1b: Amoonguss
|move|p1a: Ursaluna|Hyper Voice|p2a: Dragapult
|-damage|p2a: Dragapult|0 fnt
|faint|p2a: Dragapult
|
|win|Yung Dung Beetle
|raw|Yung Dung Beetle's rating: 1125 → 1154(+29 for winning)
|raw|ga sneasler's rating: 1176 → 1147(-29 for losing)
|c|☆ga sneasler|gg good read
|c|☆Yung Dung Beetle|Thanks
|c|☆Yung Dung Beetle|gg wp
|l|☆ga sneasler
|player|p2|
