|j|☆eratakate
|j|‽Dragynez
|html|eratakateDragynez    
|uhtml|bestof|Game 2 of a best-of-3
|t:|1756375942
|gametype|doubles
|player|p1|eratakate|1|1264
|player|p2|Dragynez|zinzolin|1233
|gen|9
|tier|[Gen 9] VGC 2025 Reg H (Bo3)
|rated|
|rule|Species Clause: Limit one of each Pokémon
|rule|Item Clause: Limit 1 of each item
|clearpoke
|poke|p1|Incineroar, L50, F|
|poke|p1|Amoonguss, L50, F|
|poke|p1|Ursaluna-Bloodmoon, L50, M|
|poke|p1|Sneasler, L50, M|
|poke|p1|Gholdengo, L50|
|poke|p1|Dragonite, L50, M|
|poke|p2|Pelipper, L50, F|
|poke|p2|Basculegion, L50, M|
|poke|p2|Archaludon, L50, F|
|poke|p2|Salamence, L50, F|
|poke|p2|Rillaboom, L50, M|
|poke|p2|Grimmsnarl, L50, M|
|teampreview|4
|showteam|p1|Incineroar||SafetyGoggles|Intimidate|FlareBlitz,KnockOff,PartingShot,FakeOut|||F|||50|,,,,,Ghost]Amoonguss||SitrusBerry|Regenerator|Spore,RagePowder,PollenPuff,Protect|||F|||50|,,,,,Psychic]Ursaluna-Bloodmoon||AssaultVest|MindsEye|HyperVoice,BloodMoon,EarthPower,VacuumWave|||M|||50|,,,,,Water]Sneasler||FocusSash|Unburden|CloseCombat,DireClaw,ThroatChop,Protect|||M|||50|,,,,,Stellar]Gholdengo||LifeOrb|GoodasGold|MakeItRain,ShadowBall,NastyPlot,Protect||||||50|,,,,,Water]Dragonite||LoadedDice|Multiscale|ScaleShot,Tailwind,Haze,Protect|||M|||50|,,,,,Fairy
|showteam|p2|Pelipper||FocusSash|Drizzle|Hurricane,WeatherBall,Protect,WideGuard|||F|||50|,,,,,Ghost]Basculegion||ChoiceBand|SwiftSwim|LastRespects,WaveCrash,AquaJet,FlipTurn|||M|||50|,,,,,Grass]Archaludon||AssaultVest|Stamina|ElectroShot,BodyPress,FlashCannon,DracoMeteor|||F|||50|,,,,,Bug]Salamence||SafetyGoggles|Intimidate|DualWingbeat,RainDance,Tailwind,Protect|||F|||50|,,,,,Flying]Rillaboom||LoadedDice|GrassySurge|FakeOut,BulletSeed,GrassyGlide,HighHorsepower|||M|||50|,,,,,Fire]Grimmsnarl||LightClay|Prankster|Taunt,ThunderWave,LightScreen,SpiritBreak|||M|||50|,,,,,Ghost
|
|t:|1756375969
|teamsize|p1|4
|teamsize|p2|4
|start
|switch|p1a: Dragonite|Dragonite, L50, M|100/100
|switch|p1b: Incineroar|Incineroar, L50, F|100/100
|switch|p2a: Pelipper|Pelipper, L50, F|100/100
|switch|p2b: Basculegion|Basculegion, L50, M|100/100
|-weather|RainDance|[from] ability: Drizzle|[of] p2a: Pelipper
|-ability|p1b: Incineroar|Intimidate|boost
|-unboost|p2a: Pelipper|atk|1
|-unboost|p2b: Basculegion|atk|1
|turn|1
|
|t:|1756376001
|move|p1b: Incineroar|Fake Out|p2a: Pelipper
|-crit|p2a: Pelipper
|-damage|p2a: Pelipper|75/100
|move|p2b: Basculegion|Flip Turn|p1a: Dragonite
|-resisted|p1a: Dragonite
|-damage|p1a: Dragonite|89/100
|
|t:|1756376007
|switch|p2b: Archaludon|Archaludon, L50, F|100/100|[from] Flip Turn
|move|p1a: Dragonite|Scale Shot|p2a: Pelipper
|-damage|p2a: Pelipper|56/100
|-damage|p2a: Pelipper|36/100
|-damage|p2a: Pelipper|17/100
|-damage|p2a: Pelipper|0 fnt
|faint|p2a: Pelipper
|-hitcount|p2: Pelipper|4
|-unboost|p1a: Dragonite|def|1
|-boost|p1a: Dragonite|spe|1
|
|-weather|RainDance|[upkeep]
|upkeep
|
|t:|1756376023
|switch|p2a: Basculegion|Basculegion, L50, M|100/100
|turn|2
|
|t:|1756376078
|move|p1a: Dragonite|Protect|p1a: Dragonite
|-singleturn|p1a: Dragonite|Protect
|move|p2a: Basculegion|Flip Turn|p1b: Incineroar
|-supereffective|p1b: Incineroar
|-damage|p1b: Incineroar|0 fnt
|faint|p1b: Incineroar
|
|t:|1756376084
|switch|p2a: Rillaboom|Rillaboom, L50, M|100/100|[from] Flip Turn
|-fieldstart|move: Grassy Terrain|[from] ability: Grassy Surge|[of] p2a: Rillaboom
|move|p2b: Archaludon|Electro Shot||[still]
|-prepare|p2b: Archaludon|Electro Shot
|-boost|p2b: Archaludon|spa|1
|-anim|p2b: Archaludon|Electro Shot|p1a: Dragonite
|-activate|p1a: Dragonite|move: Protect
|
|-weather|RainDance|[upkeep]
|upkeep
|
|t:|1756376096
|switch|p1b: Gholdengo|Gholdengo, L50|100/100
|turn|3
|
|t:|1756376112
|-terastallize|p2b: Archaludon|Bug
|move|p2a: Rillaboom|Fake Out|p1b: Gholdengo
|-immune|p1b: Gholdengo
|move|p1a: Dragonite|Tailwind|p1a: Dragonite
|-sidestart|p1: eratakate|move: Tailwind
|move|p1b: Gholdengo|Nasty Plot|p1b: Gholdengo
|-boost|p1b: Gholdengo|spa|2
|move|p2b: Archaludon|Electro Shot||[still]
|-prepare|p2b: Archaludon|Electro Shot
|-boost|p2b: Archaludon|spa|1
|-anim|p2b: Archaludon|Electro Shot|p1a: Dragonite
|-damage|p1a: Dragonite|2/100
|
|-weather|RainDance|[upkeep]
|upkeep
|turn|4
|
|t:|1756376158
|move|p1b: Gholdengo|Protect|p1b: Gholdengo
|-singleturn|p1b: Gholdengo|Protect
|move|p1a: Dragonite|Scale Shot|p2a: Rillaboom
|-damage|p2a: Rillaboom|87/100
|-damage|p2a: Rillaboom|73/100
|-crit|p2a: Rillaboom
|-damage|p2a: Rillaboom|50/100
|-crit|p2a: Rillaboom
|-damage|p2a: Rillaboom|28/100
|-crit|p2a: Rillaboom
|-damage|p2a: Rillaboom|5/100
|-hitcount|p2a: Rillaboom|5
|-unboost|p1a: Dragonite|def|1
|-boost|p1a: Dragonite|spe|1
|move|p2a: Rillaboom|High Horsepower|p1b: Gholdengo
|-activate|p1b: Gholdengo|move: Protect
|move|p2b: Archaludon|Electro Shot||[still]
|-prepare|p2b: Archaludon|Electro Shot
|-boost|p2b: Archaludon|spa|1
|-anim|p2b: Archaludon|Electro Shot|p1b: Gholdengo
|-activate|p1b: Gholdengo|move: Protect
|
|-weather|RainDance|[upkeep]
|-heal|p2a: Rillaboom|11/100|[from] Grassy Terrain
|upkeep
|turn|5
|
|t:|1756376192
|move|p2a: Rillaboom|Grassy Glide|p1a: Dragonite
|-resisted|p1a: Dragonite
|-damage|p1a: Dragonite|0 fnt
|faint|p1a: Dragonite
|move|p1b: Gholdengo|Make It Rain|p2b: Archaludon|[spread] p2a,p2b
|-damage|p2a: Rillaboom|0 fnt
|-damage|p2b: Archaludon|0 fnt
|-unboost|p1b: Gholdengo|spa|1
|faint|p2a: Rillaboom
|faint|p2b: Archaludon
|-damage|p1b: Gholdengo|91/100|[from] item: Life Orb
|
|-weather|none
|-heal|p1b: Gholdengo|97/100|[from] Grassy Terrain
|upkeep
|
|t:|1756376208
|switch|p1a: Sneasler|Sneasler, L50, M|100/100
|switch|p2b: Basculegion|Basculegion, L50, M|100/100
|turn|6
|
|t:|1756376219
|-terastallize|p1a: Sneasler|Stellar
|move|p1a: Sneasler|Throat Chop|p2b: Basculegion
|-supereffective|p2b: Basculegion
|-damage|p2b: Basculegion|9/100
|-start|p2b: Basculegion|Throat Chop|[silent]
|move|p1b: Gholdengo|Shadow Ball|p2b: Basculegion
|-supereffective|p2b: Basculegion
|-damage|p2b: Basculegion|0 fnt
|faint|p2b: Basculegion
|-damage|p1b: Gholdengo|88/100|[from] item: Life Orb
|
|win|eratakate
|raw|eratakate's rating: 1264 → 1287(+23 for winning)
|raw|Dragynez's rating: 1233 → 1210(-23 for losing)
|l|‽Dragynez
|player|p2|
