|j|☆johx123
|j|☆Ja-Orange
|html|johx123Ja-Orange    
|uhtml|bestof|Game 2 of a best-of-3
|t:|1784004732
|gametype|doubles
|player|p1|johx123|2|1178
|player|p2|Ja-Orange|guzma|1197
|gen|9
|tier|[Gen 9 Champions] VGC 2026 Reg M-B (Bo3)
|rated|
|rule|Species Clause: Limit one of each Pokémon
|rule|Item Clause: Limit 1 of each item
|clearpoke
|poke|p1|Gardevoir, L50, F|
|poke|p1|Farigiraf, L50, M|
|poke|p1|Torkoal, L50, F|
|poke|p1|Incineroar, L50, F|
|poke|p1|Scovillain, L50, F|
|poke|p1|Kingambit, L50, M|
|poke|p2|Floette-Eternal, L50, F|
|poke|p2|Starmie, L50|
|poke|p2|Incineroar, L50, F|
|poke|p2|Sinistcha, L50|
|poke|p2|Sneasler, L50, F|
|poke|p2|Pelipper, L50, M|
|teampreview|4
|showteam|p1|Gardevoir||Gardevoirite|Synchronize|HyperVoice,Psychic,TrickRoom,Protect|Quiet||F|||50|]Farigiraf||ColburBerry|ArmorTail|TwinBeam,TrickRoom,Protect,HelpingHand|Relaxed||M|||50|]Torkoal||Charcoal|Drought|Eruption,Protect,Flamethrower,SolarBeam|Quiet||F|||50|]Incineroar||SitrusBerry|Intimidate|FakeOut,FlareBlitz,PartingShot,ThroatChop|Sassy||F|||50|]Scovillain||Scovillainite|Chlorophyll|RagePowder,Overheat,LeechSeed,Protect|Sassy||F|||50|]Kingambit||BlackGlasses|Defiant|KowtowCleave,IronHead,SuckerPunch,LowKick|Adamant||M|||50|
|showteam|p2|Floette-Eternal||Floettite|FlowerVeil|Protect,Moonblast,DrainingKiss,CalmMind|Modest||F|||50|]Starmie||Starminite|Illuminate|Protect,FlipTurn,PsychoCut,AquaJet|Adamant|||||50|]Incineroar||LumBerry|Intimidate|FakeOut,FlareBlitz,DarkestLariat,PartingShot|Careful||F|||50|]Sinistcha||KasibBerry|Hospitality|Protect,RagePowder,MatchaGotcha,TrickRoom|Bold|||||50|]Sneasler||WhiteHerb|Unburden|FakeOut,Protect,CloseCombat,GunkShot|Adamant||F|||50|]Pelipper||SitrusBerry|Drizzle|WeatherBall,Hurricane,Tailwind,WideGuard|Modest||M|||50|
|inactive|Battle timer is ON: inactive players will automatically lose when time's up. (requested by Ja-Orange)
|inactive|Ja-Orange has 60 seconds left.
|
|t:|1784004765
|teamsize|p1|4
|teamsize|p2|4
|start
|switch|p1a: Farigiraf|Farigiraf, L50, M|100/100
|switch|p1b: Incineroar|Incineroar, L50, F|100/100
|switch|p2a: Incineroar|Incineroar, L50, F|100/100
|switch|p2b: Floette|Floette-Eternal, L50, F|100/100
|-ability|p2a: Incineroar|Intimidate|boost
|-unboost|p1a: Farigiraf|atk|1
|-unboost|p1b: Incineroar|atk|1
|-ability|p1b: Incineroar|Intimidate|boost
|-unboost|p2a: Incineroar|atk|1
|-unboost|p2b: Floette|atk|1
|turn|1
|
|t:|1784004789
|move|p2b: Floette|Calm Mind|p2b: Floette
|-boost|p2b: Floette|spa|1
|-boost|p2b: Floette|spd|1
|move|p2a: Incineroar|Parting Shot|p1a: Farigiraf
|-unboost|p1a: Farigiraf|atk|1
|-unboost|p1a: Farigiraf|spa|1
|
|t:|1784004798
|switch|p2a: Sinistcha|Sinistcha, L50|100/100|[from] Parting Shot
|move|p1b: Incineroar|Parting Shot|p2b: Floette
|-unboost|p2b: Floette|atk|1
|-unboost|p2b: Floette|spa|1
|
|t:|1784004808
|switch|p1b: Gardevoir|Gardevoir, L50, F|100/100|[from] Parting Shot
|move|p1a: Farigiraf|Trick Room|p1a: Farigiraf
|-fieldstart|move: Trick Room|[of] p1a: Farigiraf
|
|upkeep
|turn|2
|
|t:|1784004818
|switch|p2a: Incineroar|Incineroar, L50, F|100/100
|-ability|p2a: Incineroar|Intimidate|boost
|-unboost|p1a: Farigiraf|atk|1
|-unboost|p1b: Gardevoir|atk|1
|detailschange|p1b: Gardevoir|Gardevoir-Mega, L50, F
|-mega|p1b: Gardevoir|Gardevoir|Gardevoirite
|move|p1a: Farigiraf|Helping Hand|p1b: Gardevoir
|-singleturn|p1b: Gardevoir|Helping Hand|[of] p1a: Farigiraf
|move|p2b: Floette|Protect|p2b: Floette
|-singleturn|p2b: Floette|Protect
|move|p1b: Gardevoir|Hyper Voice|p2b: Floette|[spread] p2a
|-activate|p2b: Floette|move: Protect
|-damage|p2a: Incineroar|44/100
|
|upkeep
|turn|3
|
|t:|1784004829
|move|p1a: Farigiraf|Helping Hand|p1b: Gardevoir
|-singleturn|p1b: Gardevoir|Helping Hand|[of] p1a: Farigiraf
|move|p2a: Incineroar|Parting Shot|p1b: Gardevoir
|-unboost|p1b: Gardevoir|atk|1
|-unboost|p1b: Gardevoir|spa|1
|
|t:|1784004834
|switch|p2a: Sinistcha|Sinistcha, L50|100/100|[from] Parting Shot
|move|p1b: Gardevoir|Hyper Voice|p2a: Sinistcha|[spread] p2a,p2b
|-damage|p2a: Sinistcha|48/100
|-damage|p2b: Floette|70/100
|move|p2b: Floette|Calm Mind|p2b: Floette
|-boost|p2b: Floette|spa|1
|-boost|p2b: Floette|spd|1
|
|upkeep
|turn|4
|
|t:|1784004848
|move|p1a: Farigiraf|Helping Hand|p1b: Gardevoir
|-singleturn|p1b: Gardevoir|Helping Hand|[of] p1a: Farigiraf
|move|p2b: Floette|Protect|p2b: Floette
|-singleturn|p2b: Floette|Protect
|move|p2a: Sinistcha|Matcha Gotcha|p1b: Gardevoir|[spread] p1a,p1b
|-crit|p1b: Gardevoir
|-damage|p1a: Farigiraf|74/100
|-heal|p2a: Sinistcha|65/100|[from] drain|[of] p1a: Farigiraf
|-damage|p1b: Gardevoir|69/100
|-heal|p2a: Sinistcha|80/100|[from] drain|[of] p1b: Gardevoir
|move|p1b: Gardevoir|Hyper Voice|p2b: Floette|[spread] p2a
|-activate|p2b: Floette|move: Protect
|-damage|p2a: Sinistcha|26/100
|
|upkeep
|turn|5
|
|t:|1784004870
|switch|p2a: Incineroar|Incineroar, L50, F|44/100
|-ability|p2a: Incineroar|Intimidate|boost
|-unboost|p1a: Farigiraf|atk|1
|-unboost|p1b: Gardevoir|atk|1
|switch|p1b: Incineroar|Incineroar, L50, F|100/100
|-ability|p1b: Incineroar|Intimidate|boost
|-unboost|p2a: Incineroar|atk|1
|-unboost|p2b: Floette|atk|1
|detailschange|p2b: Floette|Floette-Mega, L50, F
|-mega|p2b: Floette|Floette|Floettite
|-ability|p2b: Floette|Fairy Aura
|move|p1a: Farigiraf|Protect|p1a: Farigiraf
|-singleturn|p1a: Farigiraf|Protect
|move|p2b: Floette|Moonblast|p1a: Farigiraf
|-activate|p1a: Farigiraf|move: Protect
|
|-fieldend|move: Trick Room
|upkeep
|turn|6
|
|t:|1784004889
|move|p1b: Incineroar|Fake Out|p2b: Floette
|-damage|p2b: Floette|59/100
|cant|p2b: Floette|flinch
|move|p2a: Incineroar|Parting Shot|p1b: Incineroar
|-unboost|p1b: Incineroar|atk|1
|-unboost|p1b: Incineroar|spa|1
|
|t:|1784004894
|switch|p2a: Sinistcha|Sinistcha, L50|26/100|[from] Parting Shot
|-heal|p2b: Floette|84/100|[from] ability: Hospitality|[of] p2a: Sinistcha
|move|p1a: Farigiraf|Trick Room|p1a: Farigiraf
|-fieldstart|move: Trick Room|[of] p1a: Farigiraf
|
|upkeep
|turn|7
|
|t:|1784004905
|switch|p1a: Gardevoir|Gardevoir-Mega, L50, F|69/100
|move|p1b: Incineroar|Throat Chop|p2a: Sinistcha
|-supereffective|p2a: Sinistcha|1
|-damage|p2a: Sinistcha|0 fnt
|faint|p2a: Sinistcha
|move|p2b: Floette|Draining Kiss|p1a: Gardevoir
|-damage|p1a: Gardevoir|22/100
|-heal|p2b: Floette|100/100|[from] drain|[of] p1a: Gardevoir
|
|upkeep
|
|t:|1784004913
|switch|p2a: Incineroar|Incineroar, L50, F|44/100
|-ability|p2a: Incineroar|Intimidate|boost
|-unboost|p1a: Gardevoir|atk|1
|-unboost|p1b: Incineroar|atk|1
|turn|8
|
|t:|1784004924
|switch|p1b: Farigiraf|Farigiraf, L50, M|74/100
|move|p2a: Incineroar|Flare Blitz|p1a: Gardevoir
|-damage|p1a: Gardevoir|0 fnt
|faint|p1a: Gardevoir
|-damage|p2a: Incineroar|38/100|[from] Recoil
|move|p2b: Floette|Draining Kiss|p1b: Farigiraf
|-damage|p1b: Farigiraf|16/100
|
|upkeep
|
|t:|1784004931
|switch|p1a: Incineroar|Incineroar, L50, F|100/100
|-ability|p1a: Incineroar|Intimidate|boost
|-unboost|p2a: Incineroar|atk|1
|-unboost|p2b: Floette|atk|1
|turn|9
|-message|johx123 forfeited.
|
|win|Ja-Orange
