|j|☆Nufonaw
|j|☆TeyVgc
|html|NufonawTeyVgc    
|uhtml|bestof|Game 1 of a best-of-3
|t:|1784169905
|gametype|doubles
|player|p1|Nufonaw|2|
|player|p2|TeyVgc|rood|
|gen|9
|tier|[Gen 9 Champions] VGC 2026 Reg M-B (Bo3)
|rule|Species Clause: Limit one of each Pokémon
|rule|Item Clause: Limit 1 of each item
|clearpoke
|poke|p1|Grimmsnarl, L50, M, shiny|
|poke|p1|Dragapult, L50, F|
|poke|p1|Gyarados, L50, F, shiny|
|poke|p1|Rotom-Wash, L50|
|poke|p1|Farigiraf, L50, F|
|poke|p1|Tyranitar, L50, F, shiny|
|poke|p2|Venusaur, L50, F|
|poke|p2|Ditto, L50|
|poke|p2|Rotom-Heat, L50|
|poke|p2|Basculegion, L50, M|
|poke|p2|Maushold, L50|
|poke|p2|Aegislash, L50, F|
|teampreview|4
|showteam|p1|Grimmsnarl||LightClay|Prankster|FoulPlay,LightScreen,Reflect,Taunt|Impish||M|||50|]Dragapult||LifeOrb|CursedBody|DragonDarts,PsychicFangs,PhantomForce,Protect|Adamant||F|||50|]Gyarados||Gyaradosite|Intimidate|Crunch,Waterfall,DragonDance,Protect|Adamant||F|||50|]Rotom-Wash||Leftovers|Levitate|ShadowBall,Thunderbolt,WillOWisp,Protect|Modest|||||50|]Farigiraf||SitrusBerry|CudChew|Psychic,Thunderbolt,NastyPlot,TrickRoom|Quiet||F|||50|]Tyranitar||Tyranitarite|SandStream|BrickBreak,RockSlide,KnockOff,Protect|Relaxed||F|||50|
|showteam|p2|Venusaur||Venusaurite|Chlorophyll|Protect,SludgeBomb,GigaDrain,EarthPower|Modest||F|||50|]Ditto||ChoiceScarf|Imposter|Transform|Timid|||||50|]Rotom-Heat||Leftovers|Levitate|VoltSwitch,NightShade,PainSplit,WillOWisp|Bold|||||50|]Basculegion||FocusSash|Adaptability|Protect,Liquidation,LastRespects,AquaJet|Adamant||M|||50|]Maushold||MentalHerb|FriendGuard|SuperFang,Uturn,FollowMe,Encore|Calm|||||50|]Aegislash|||StanceChange|IronHead,ShadowSneak,KingsShield,Poltergeist|Brave||F|||50|
|
|t:|1784169955
|teamsize|p1|4
|teamsize|p2|4
|start
|switch|p1a: Farigiraf|Farigiraf, L50, F|100/100
|switch|p1b: Grimmsnarl|Grimmsnarl, L50, M, shiny|100/100
|switch|p2a: Venusaur|Venusaur, L50, F|100/100
|switch|p2b: Maushold|Maushold, L50|100/100
|turn|1
|
|t:|1784169977
|move|p2a: Venusaur|Protect|p2a: Venusaur
|-singleturn|p2a: Venusaur|Protect
|move|p1b: Grimmsnarl|Taunt|p2b: Maushold
|-start|p2b: Maushold|move: Taunt
|-enditem|p2b: Maushold|Mental Herb
|-end|p2b: Maushold|move: Taunt
|move|p2b: Maushold|U-turn|p1a: Farigiraf
|-supereffective|p1a: Farigiraf|1
|-damage|p1a: Farigiraf|73/100
|
|t:|1784169988
|switch|p2b: Ditto|Ditto, L50|100/100|[from] U-turn
|-transform|p2b: Ditto|p1a: Farigiraf|[from] ability: Imposter
|move|p1a: Farigiraf|Trick Room|p1a: Farigiraf
|-fieldstart|move: Trick Room|[of] p1a: Farigiraf
|
|upkeep
|turn|2
|
|t:|1784170013
|switch|p2a: Maushold|Maushold, L50|100/100
|move|p1b: Grimmsnarl|Taunt|p2b: Ditto
|-start|p2b: Ditto|move: Taunt
|move|p1a: Farigiraf|Psychic|p2a: Maushold
|-damage|p2a: Maushold|53/100
|move|p2b: Ditto|Psychic|p1a: Farigiraf
|-resisted|p1a: Farigiraf|1
|-damage|p1a: Farigiraf|51/100
|
|upkeep
|turn|3
|
|t:|1784170042
|switch|p1a: Gyarados|Gyarados, L50, F, shiny|100/100
|-ability|p1a: Gyarados|Intimidate|boost
|-unboost|p2a: Maushold|atk|1
|-unboost|p2b: Ditto|atk|1
|switch|p2b: Venusaur|Venusaur, L50, F|100/100
|move|p1b: Grimmsnarl|Light Screen|p1b: Grimmsnarl
|-sidestart|p1: Nufonaw|move: Light Screen
|move|p2a: Maushold|Super Fang|p1a: Gyarados|[miss]
|-miss|p2a: Maushold|p1a: Gyarados
|
|upkeep
|turn|4
|
|t:|1784170076
|switch|p2a: Ditto|Ditto, L50|100/100
|-transform|p2a: Ditto|p1b: Grimmsnarl|[from] ability: Imposter
|detailschange|p2b: Venusaur|Venusaur-Mega, L50, F
|-mega|p2b: Venusaur|Venusaur|Venusaurite
|move|p1a: Gyarados|Protect|p1a: Gyarados
|-singleturn|p1a: Gyarados|Protect
|move|p1b: Grimmsnarl|Taunt|p2a: Ditto
|-hint|Since gen 7, Dark is immune to Prankster moves.
|-immune|p2a: Ditto
|move|p2b: Venusaur|Giga Drain|p1a: Gyarados
|-activate|p1a: Gyarados|move: Protect
|
|upkeep
|turn|5
|
|t:|1784170101
|switch|p1b: Farigiraf|Farigiraf, L50, F|51/100
|detailschange|p1a: Gyarados|Gyarados-Mega, L50, F, shiny
|-mega|p1a: Gyarados|Gyarados|Gyaradosite
|-ability|p1a: Gyarados|Mold Breaker
|move|p2a: Ditto|Reflect|p2a: Ditto
|-sidestart|p2: TeyVgc|Reflect
|move|p2b: Venusaur|Giga Drain|p1a: Gyarados
|-supereffective|p1a: Gyarados|1
|-damage|p1a: Gyarados|57/100
|move|p1a: Gyarados|Dragon Dance|p1a: Gyarados
|-boost|p1a: Gyarados|atk|1
|-boost|p1a: Gyarados|spe|1
|
|-fieldend|move: Trick Room
|upkeep
|turn|6
|
|t:|1784170127
|switch|p2a: Basculegion|Basculegion, L50, M|100/100
|move|p2b: Venusaur|Protect|p2b: Venusaur
|-singleturn|p2b: Venusaur|Protect
|move|p1a: Gyarados|Waterfall|p2a: Basculegion
|-resisted|p2a: Basculegion|1
|-damage|p2a: Basculegion|65/100
|move|p1b: Farigiraf|Psychic|p2b: Venusaur
|-activate|p2b: Venusaur|move: Protect
|
|upkeep
|turn|7
|
|t:|1784170154
|switch|p1b: Grimmsnarl|Grimmsnarl, L50, M, shiny|100/100
|move|p1a: Gyarados|Crunch|p2b: Venusaur
|-damage|p2b: Venusaur|55/100
|-unboost|p2b: Venusaur|def|1
|move|p2a: Basculegion|Liquidation|p1b: Grimmsnarl
|-damage|p1b: Grimmsnarl|46/100
|move|p2b: Venusaur|Giga Drain|p1a: Gyarados
|-supereffective|p1a: Gyarados|1
|-damage|p1a: Gyarados|15/100
|-heal|p2b: Venusaur|74/100|[from] drain|[of] p1a: Gyarados
|
|upkeep
|turn|8
|
|t:|1784170175
|switch|p2b: Ditto|Ditto, L50|100/100
|-transform|p2b: Ditto|p1a: Gyarados|[from] ability: Imposter
|-ability|p2b: Ditto|Mold Breaker
|move|p1b: Grimmsnarl|Reflect|p1b: Grimmsnarl
|-sidestart|p1: Nufonaw|Reflect
|move|p1a: Gyarados|Crunch|p2a: Basculegion
|-supereffective|p2a: Basculegion|1
|-damage|p2a: Basculegion|0 fnt
|faint|p2a: Basculegion
|
|upkeep
|
|t:|1784170190
|switch|p2a: Maushold|Maushold, L50|53/100
|turn|9
|
|t:|1784170211
|move|p1a: Gyarados|Protect|p1a: Gyarados
|-singleturn|p1a: Gyarados|Protect
|move|p2b: Ditto|Crunch|p1a: Gyarados
|-activate|p1a: Gyarados|move: Protect
|move|p2a: Maushold|Encore|p1b: Grimmsnarl
|-start|p1b: Grimmsnarl|Encore
|move|p1b: Grimmsnarl|Reflect||[still]
|-fail|p1b: Grimmsnarl
|
|-sideend|p2: TeyVgc|Reflect
|upkeep
|turn|10
|
|t:|1784170227
|switch|p1a: Farigiraf|Farigiraf, L50, F|51/100
|move|p1b: Grimmsnarl|Reflect||[still]
|-fail|p1b: Grimmsnarl
|move|p2b: Ditto|Crunch|p1b: Grimmsnarl
|-resisted|p1b: Grimmsnarl|2
|-damage|p1b: Grimmsnarl|33/100
|-unboost|p1b: Grimmsnarl|def|1
|move|p2a: Maushold|Encore||[still]
|-fail|p2a: Maushold
|
|-sideend|p1: Nufonaw|move: Light Screen
|upkeep
|turn|11
|
|t:|1784170246
|move|p1b: Grimmsnarl|Reflect||[still]
|-fail|p1b: Grimmsnarl
|move|p2b: Ditto|Crunch|p1a: Farigiraf
|-supereffective|p1a: Farigiraf|1
|-damage|p1a: Farigiraf|0 fnt
|faint|p1a: Farigiraf
|move|p2a: Maushold|U-turn|p1b: Grimmsnarl
|-damage|p1b: Grimmsnarl|22/100
|
|t:|1784170255
|switch|p2a: Venusaur|Venusaur-Mega, L50, F|74/100|[from] U-turn
|
|-end|p1b: Grimmsnarl|Encore
|upkeep
|
|t:|1784170269
|switch|p1a: Dragapult|Dragapult, L50, F|100/100
|turn|12
|
|t:|1784170292
|move|p1b: Grimmsnarl|Light Screen|p1b: Grimmsnarl
|-sidestart|p1: Nufonaw|move: Light Screen
|move|p2b: Ditto|Crunch|p1a: Dragapult
|-supereffective|p1a: Dragapult|1
|-damage|p1a: Dragapult|0 fnt
|-start|p2b: Ditto|Disable|Crunch|[from] ability: Cursed Body|[of] p1a: Dragapult
|faint|p1a: Dragapult
|move|p2a: Venusaur|Giga Drain|p1b: Grimmsnarl
|-damage|p1b: Grimmsnarl|0 fnt
|-heal|p2a: Venusaur|86/100|[from] drain|[of] p1b: Grimmsnarl
|faint|p1b: Grimmsnarl
|
|upkeep
|-message|Nufonaw forfeited.
|
|win|TeyVgc
|l|☆Nufonaw
|player|p1|
