|j|☆JasonX7-7
|j|☆lettitripppp
|html|JasonX7-7lettitripppp    
|uhtml|bestof|Game 2 of a best-of-3
|t:|1782516709
|gametype|doubles
|player|p1|JasonX7-7|veteran|1155
|player|p2|lettitripppp|lucas|1260
|gen|9
|tier|[Gen 9 Champions] VGC 2026 Reg M-B (Bo3)
|rated|
|rule|Species Clause: Limit one of each Pokémon
|rule|Item Clause: Limit 1 of each item
|clearpoke
|poke|p1|Staraptor, L50, M, shiny|
|poke|p1|Whimsicott, L50, F|
|poke|p1|Pelipper, L50, M|
|poke|p1|Basculegion, L50, M, shiny|
|poke|p1|Archaludon, L50, F, shiny|
|poke|p1|Dragonite, L50, F, shiny|
|poke|p2|Charizard, L50, M|
|poke|p2|Floette-Eternal, L50, F|
|poke|p2|Basculegion, L50, M, shiny|
|poke|p2|Garchomp, L50, M|
|poke|p2|Whimsicott, L50, F, shiny|
|poke|p2|Kingambit, L50, F|
|teampreview|4
|showteam|p1|Staraptor||Staraptite|Intimidate|CloseCombat,BraveBird,BlazeKick,Protect|Adamant||M|||50|]Whimsicott||FocusSash|Prankster|Moonblast,Charm,FakeTears,Tailwind|Timid||F|||50|]Pelipper||DampRock|Drizzle|WideGuard,IcyWind,Hurricane,Tailwind|Bold||M|||50|]Basculegion||LifeOrb|SwiftSwim|LastRespects,WaveCrash,FlipTurn,IceFang|Adamant||M|||50|]Archaludon||ExpertBelt|Stamina|DracoMeteor,FlashCannon,ElectroShot,AuraSphere|Calm||F|||50|]Dragonite||Leftovers|Multiscale|Roost,Thunderbolt,IceBeam,DracoMeteor|Timid||F|||50|
|showteam|p2|Charizard||CharizarditeY|Blaze|WeatherBall,SolarBeam,HeatWave,Protect|Modest||M|||50|]Floette-Eternal||Floettite|FlowerVeil|DazzlingGleam,LightofRuin,Moonblast,Protect|Timid||F|||50|]Basculegion||MysticWater|Adaptability|LastRespects,WaveCrash,AquaJet,Protect|Adamant||M|||50|]Garchomp||LifeOrb|RoughSkin|DragonClaw,Earthquake,RockSlide,Protect|Jolly||M|||50|]Whimsicott||FocusSash|Prankster|Moonblast,Tailwind,Encore,Protect|Timid||F|||50|]Kingambit||ChopleBerry|Defiant|KowtowCleave,SuckerPunch,IronHead,LowKick|Adamant||F|||50|
|inactive|Battle timer is ON: inactive players will automatically lose when time's up. (requested by lettitripppp)
|
|t:|1782516738
|teamsize|p1|4
|teamsize|p2|4
|start
|switch|p1a: Whimsicott|Whimsicott, L50, F|100/100
|switch|p1b: Basculegion|Basculegion, L50, M, shiny|100/100
|switch|p2a: LETS GO GO|Whimsicott, L50, F, shiny|100/100
|switch|p2b: RUINOUS LIGHT|Floette-Eternal, L50, F|100/100
|turn|1
|inactive|JasonX7-7 has 30 seconds left.
|
|t:|1782516768
|detailschange|p2b: RUINOUS LIGHT|Floette-Mega, L50, F
|-mega|p2b: RUINOUS LIGHT|Floette|Floettite
|-ability|p2b: RUINOUS LIGHT|Fairy Aura
|move|p2a: LETS GO GO|Tailwind|p2a: LETS GO GO
|-sidestart|p2: lettitripppp|move: Tailwind
|move|p1a: Whimsicott|Tailwind|p1a: Whimsicott
|-sidestart|p1: JasonX7-7|move: Tailwind
|move|p2b: RUINOUS LIGHT|Dazzling Gleam|p1b: Basculegion|[spread] p1a,p1b
|-damage|p1a: Whimsicott|16/100
|-damage|p1b: Basculegion|46/100
|move|p1b: Basculegion|Wave Crash|p2b: RUINOUS LIGHT
|-damage|p2b: RUINOUS LIGHT|0 fnt
|faint|p2b: RUINOUS LIGHT
|-damage|p1b: Basculegion|20/100y|[from] Recoil
|-damage|p1b: Basculegion|11/100|[from] item: Life Orb
|
|upkeep
|
|t:|1782516781
|switch|p2b: GHOSTWAVE|Basculegion, L50, M, shiny|100/100
|turn|2
|
|t:|1782516789
|switch|p1b: Pelipper|Pelipper, L50, M|100/100
|-weather|RainDance|[from] ability: Drizzle|[of] p1b: Pelipper
|move|p1a: Whimsicott|Charm|p2b: GHOSTWAVE
|-unboost|p2b: GHOSTWAVE|atk|2
|move|p2a: LETS GO GO|Moonblast|p1a: Whimsicott
|-damage|p1a: Whimsicott|0 fnt
|faint|p1a: Whimsicott
|move|p2b: GHOSTWAVE|Last Respects|p1b: Pelipper
|-damage|p1b: Pelipper|69/100
|
|-weather|RainDance|[upkeep]
|upkeep
|inactive|JasonX7-7 has 30 seconds left.
|
|t:|1782516817
|switch|p1a: Basculegion|Basculegion, L50, M, shiny|11/100
|turn|3
|
|t:|1782516825
|switch|p1a: Archaludon|Archaludon, L50, F, shiny|100/100
|switch|p2b: GENERAL BLADUS|Kingambit, L50, F|100/100
|move|p2a: LETS GO GO|Moonblast|p1a: Archaludon
|-damage|p1a: Archaludon|74/100
|-ability|p1a: Archaludon|Stamina|boost
|-boost|p1a: Archaludon|def|1
|move|p1b: Pelipper|Icy Wind|p2b: GENERAL BLADUS|[spread] p2a,p2b
|-supereffective|p2a: LETS GO GO|1
|-resisted|p2b: GENERAL BLADUS|1
|-damage|p2a: LETS GO GO|71/100
|-damage|p2b: GENERAL BLADUS|95/100
|-unboost|p2a: LETS GO GO|spe|1
|-unboost|p2b: GENERAL BLADUS|spe|1
|-ability|p2b: GENERAL BLADUS|Defiant|boost
|-boost|p2b: GENERAL BLADUS|atk|2
|
|-weather|RainDance|[upkeep]
|upkeep
|turn|4
|inactive|lettitripppp has 30 seconds left.
|
|t:|1782516853
|move|p2a: LETS GO GO|Protect|p2a: LETS GO GO
|-singleturn|p2a: LETS GO GO|Protect
|move|p1a: Archaludon|Flash Cannon|p2b: GENERAL BLADUS
|-resisted|p2b: GENERAL BLADUS|1
|-damage|p2b: GENERAL BLADUS|78/100
|-unboost|p2b: GENERAL BLADUS|spd|1
|-ability|p2b: GENERAL BLADUS|Defiant|boost
|-boost|p2b: GENERAL BLADUS|atk|2
|move|p1b: Pelipper|Hurricane|p2a: LETS GO GO
|-activate|p2a: LETS GO GO|move: Protect
|move|p2b: GENERAL BLADUS|Kowtow Cleave|p1b: Pelipper
|-damage|p1b: Pelipper|0 fnt
|faint|p1b: Pelipper
|
|-weather|RainDance|[upkeep]
|-sideend|p2: lettitripppp|move: Tailwind
|-sideend|p1: JasonX7-7|move: Tailwind
|upkeep
|
|t:|1782516864
|switch|p1b: Basculegion|Basculegion, L50, M, shiny|11/100
|turn|5
|
|t:|1782516873
|move|p2a: LETS GO GO|Tailwind|p2a: LETS GO GO
|-sidestart|p2: lettitripppp|move: Tailwind
|move|p1b: Basculegion|Flip Turn|p2a: LETS GO GO
|-resisted|p2a: LETS GO GO|1
|-damage|p2a: LETS GO GO|30/100
|-damage|p1b: Basculegion|1/100|[from] item: Life Orb
|move|p1a: Archaludon|Aura Sphere|p2b: GENERAL BLADUS
|-supereffective|p2b: GENERAL BLADUS|2
|-enditem|p2b: GENERAL BLADUS|Chople Berry|[eat]
|-enditem|p2b: GENERAL BLADUS|Chople Berry|[weaken]
|-damage|p2b: GENERAL BLADUS|0 fnt
|faint|p2b: GENERAL BLADUS
|
|-weather|RainDance|[upkeep]
|upkeep
|
|t:|1782516884
|switch|p2b: GHOSTWAVE|Basculegion, L50, M, shiny|100/100
|turn|6
|
|t:|1782516893
|move|p2b: GHOSTWAVE|Protect|p2b: GHOSTWAVE
|-singleturn|p2b: GHOSTWAVE|Protect
|move|p1b: Basculegion|Last Respects|p2b: GHOSTWAVE
|-activate|p2b: GHOSTWAVE|move: Protect
|move|p2a: LETS GO GO|Moonblast|p1b: Basculegion
|-damage|p1b: Basculegion|0 fnt
|faint|p1b: Basculegion
|move|p1a: Archaludon|Electro Shot||[still]
|-prepare|p1a: Archaludon|Electro Shot
|-boost|p1a: Archaludon|spa|1
|-anim|p1a: Archaludon|Electro Shot|p2b: GHOSTWAVE
|-activate|p2b: GHOSTWAVE|move: Protect
|
|-weather|RainDance|[upkeep]
|upkeep
|turn|7
|
|t:|1782516911
|move|p2a: LETS GO GO|Moonblast|p1a: Archaludon
|-damage|p1a: Archaludon|46/100
|-ability|p1a: Archaludon|Stamina|boost
|-boost|p1a: Archaludon|def|1
|move|p2b: GHOSTWAVE|Last Respects|p1a: Archaludon
|-damage|p1a: Archaludon|8/100
|-ability|p1a: Archaludon|Stamina|boost
|-boost|p1a: Archaludon|def|1
|move|p1a: Archaludon|Electro Shot||[still]
|-prepare|p1a: Archaludon|Electro Shot
|-boost|p1a: Archaludon|spa|1
|-anim|p1a: Archaludon|Electro Shot|p2b: GHOSTWAVE
|-supereffective|p2b: GHOSTWAVE|1
|-damage|p2b: GHOSTWAVE|0 fnt
|faint|p2b: GHOSTWAVE
|
|-weather|RainDance|[upkeep]
|upkeep
|turn|8
|c|☆lettitripppp|gg
|
|t:|1782516934
|move|p2a: LETS GO GO|Moonblast|p1a: Archaludon
|-damage|p1a: Archaludon|0 fnt
|faint|p1a: Archaludon
|
|win|lettitripppp
|raw|JasonX7-7's rating: 1128 → 1112(-16 for losing)
|raw|lettitripppp's rating: 1260 → 1276(+16 for winning)
