|j|☆3rdPlaceTennis
|j|☆Nawra??STREAMER
|html|3rdPlaceTennisNawra??STREAMER    
|uhtml|bestof|Game 1 of a best-of-3
|t:|1756606497
|gametype|doubles
|player|p1|3rdPlaceTennis|bugcatcher-gen4dp|1066
|player|p2|Nawra??STREAMER|101|1000
|gen|9
|tier|[Gen 9] VGC 2025 Reg H (Bo3)
|rated|
|rule|Species Clause: Limit one of each Pokémon
|rule|Item Clause: Limit 1 of each item
|clearpoke
|poke|p1|Kommo-o, L50, F|
|poke|p1|Gothitelle, L50, F|
|poke|p1|Ninetales-Alola, L50, M|
|poke|p1|Incineroar, L50, M|
|poke|p1|Ursaluna, L50, F|
|poke|p1|Archaludon, L50, M|
|poke|p2|Archaludon, L50, M|
|poke|p2|Politoed, L50, M|
|poke|p2|Sneasler, L50, F|
|poke|p2|Incineroar, L50, M|
|poke|p2|Amoonguss, L50, F|
|poke|p2|Basculegion, L50, M|
|teampreview|4
|showteam|p1|Kommo-o||ThroatSpray|Soundproof|ClangingScales,Flamethrower,ClangorousSoul,Protect|||F|||50|,,,,,Fire]Gothitelle||Leftovers|ShadowTag|Protect,Psychic,TrickRoom,FakeOut|||F|||50|,,,,,Water]Ninetales-Alola||FocusSash|SnowWarning|Protect,Encore,Blizzard,IcyWind|||M|||50|,,,,,Ghost]Incineroar||SafetyGoggles|Intimidate|KnockOff,Taunt,FakeOut,PartingShot|||M|||50|,,,,,Ghost]Ursaluna||FlameOrb|Guts|Facade,HeadlongRush,Earthquake,Protect|||F|||50|,,,,,Fairy]Archaludon||PowerHerb|Sturdy|DracoMeteor,ElectroShot,Thunderbolt,Protect|||M|||50|,,,,,Electric
|showteam|p2|Archaludon||ChoiceSpecs|Stamina|ElectroShot,DracoMeteor,DragonPulse,FlashCannon|||M|||50|,,,,,Electric]Politoed||SitrusBerry|Drizzle|WeatherBall,IcyWind,Encore,Protect|||M|||50|,,,,,Normal]Sneasler||AssaultVest|PoisonTouch|DireClaw,FakeOut,Acrobatics,CloseCombat|||F|||50|,,,,,Flying]Incineroar||SafetyGoggles|Intimidate|PartingShot,FakeOut,KnockOff,Protect|||M|||50|,,,,,Fire]Amoonguss||FocusSash|Regenerator|GigaDrain,Spore,Toxic,RagePowder|||F|||50|,,,,,Ghost]Basculegion||ChoiceBand|SwiftSwim|HydroPump,FlipTurn,Liquidation,Surf|||M|||50|,,,,,Water
|inactive|Battle timer is ON: inactive players will automatically lose when time's up. (requested by 3rdPlaceTennis)
|
|t:|1756606581
|teamsize|p1|4
|teamsize|p2|4
|start
|switch|p1a: Gothitelle|Gothitelle, L50, F|100/100
|switch|p1b: Kommo-o|Kommo-o, L50, F|100/100
|switch|p2a: Politoed|Politoed, L50, M, shiny|100/100
|switch|p2b: Basculegion|Basculegion, L50, M, shiny|100/100
|-weather|RainDance|[from] ability: Drizzle|[of] p2a: Politoed
|turn|1
|inactive|3rdPlaceTennis has 30 seconds left.
|inactive|Nawra??STREAMER has 30 seconds left.
|inactive|Nawra??STREAMER has 20 seconds left.
|inactive|Nawra??STREAMER has 15 seconds left.
|inactive|Nawra??STREAMER has 10 seconds left.
|
|t:|1756606630
|move|p2a: Politoed|Protect|p2a: Politoed
|-singleturn|p2a: Politoed|Protect
|move|p1a: Gothitelle|Fake Out|p2a: Politoed
|-activate|p2a: Politoed|move: Protect
|move|p2b: Basculegion|Hydro Pump|p1a: Gothitelle
|-damage|p1a: Gothitelle|66/100
|move|p1b: Kommo-o|Clangorous Soul|p1b: Kommo-o
|-boost|p1b: Kommo-o|atk|1
|-boost|p1b: Kommo-o|def|1
|-boost|p1b: Kommo-o|spa|1
|-boost|p1b: Kommo-o|spd|1
|-boost|p1b: Kommo-o|spe|1
|-damage|p1b: Kommo-o|68/100
|-enditem|p1b: Kommo-o|Throat Spray
|-boost|p1b: Kommo-o|spa|1|[from] item: Throat Spray
|
|-weather|RainDance|[upkeep]
|-heal|p1a: Gothitelle|73/100|[from] item: Leftovers
|upkeep
|turn|2
|
|t:|1756606651
|switch|p1a: Ninetales|Ninetales-Alola, L50, M|100/100
|-weather|Snowscape|[from] ability: Snow Warning|[of] p1a: Ninetales
|move|p1b: Kommo-o|Clanging Scales|p2a: Politoed|[spread] p2a,p2b
|-damage|p2a: Politoed|49/100
|-damage|p2b: Basculegion|3/100
|-enditem|p2a: Politoed|Sitrus Berry|[eat]
|-heal|p2a: Politoed|74/100|[from] item: Sitrus Berry
|-unboost|p1b: Kommo-o|def|1
|move|p2b: Basculegion|Hydro Pump|p1a: Ninetales
|-crit|p1a: Ninetales
|-damage|p1a: Ninetales|43/100
|move|p2a: Politoed|Encore|p1b: Kommo-o
|-start|p1b: Kommo-o|Encore
|
|-weather|Snowscape|[upkeep]
|upkeep
|turn|3
|
|t:|1756606672
|switch|p2a: Amoonguss|Amoonguss, L50, F, shiny|100/100
|move|p1b: Kommo-o|Clanging Scales|p2b: Basculegion|[spread] p2a,p2b
|-damage|p2a: Amoonguss|51/100
|-damage|p2b: Basculegion|0 fnt
|faint|p2b: Basculegion
|-unboost|p1b: Kommo-o|def|1
|move|p1a: Ninetales|Blizzard|p2a: Amoonguss
|-supereffective|p2a: Amoonguss
|-damage|p2a: Amoonguss|0 fnt
|faint|p2a: Amoonguss
|
|-weather|Snowscape|[upkeep]
|upkeep
|
|t:|1756606685
|switch|p2b: Incineroar|Incineroar, L50, M|100/100
|switch|p2a: Politoed|Politoed, L50, M, shiny|74/100
|-weather|RainDance|[from] ability: Drizzle|[of] p2a: Politoed
|-ability|p2b: Incineroar|Intimidate|boost
|-unboost|p1a: Ninetales|atk|1
|-unboost|p1b: Kommo-o|atk|1
|turn|4
|
|t:|1756606697
|switch|p1a: Gothitelle|Gothitelle, L50, F|73/100
|move|p2b: Incineroar|Fake Out|p1b: Kommo-o
|-damage|p1b: Kommo-o|53/100
|cant|p1b: Kommo-o|flinch
|move|p2a: Politoed|Weather Ball|p1a: Gothitelle
|-damage|p1a: Gothitelle|35/100
|
|-weather|RainDance|[upkeep]
|-heal|p1a: Gothitelle|41/100|[from] item: Leftovers
|upkeep
|turn|5
|
|t:|1756606721
|move|p1b: Kommo-o|Clanging Scales|p2a: Politoed|[spread] p2a,p2b
|-damage|p2a: Politoed|23/100
|-damage|p2b: Incineroar|45/100
|-unboost|p1b: Kommo-o|def|1
|move|p2a: Politoed|Weather Ball|p1b: Kommo-o
|-resisted|p1b: Kommo-o
|-damage|p1b: Kommo-o|36/100
|move|p1a: Gothitelle|Psychic|p2a: Politoed
|-damage|p2a: Politoed|2/100
|move|p2b: Incineroar|Knock Off|p1b: Kommo-o
|-resisted|p1b: Kommo-o
|-damage|p1b: Kommo-o|11/100
|
|-weather|RainDance|[upkeep]
|-heal|p1a: Gothitelle|47/100|[from] item: Leftovers
|-end|p1b: Kommo-o|Encore
|upkeep
|turn|6
|
|t:|1756606742
|move|p1b: Kommo-o|Clanging Scales|p2b: Incineroar|[spread] p2a,p2b
|-damage|p2a: Politoed|0 fnt
|-damage|p2b: Incineroar|0 fnt
|faint|p2a: Politoed
|faint|p2b: Incineroar
|
|win|3rdPlaceTennis
