|j|☆Realfrytki
|j|☆OreburghRanger
|html|RealfrytkiOreburghRanger    
|uhtml|bestof|Game 2 of a best-of-3
|t:|1756321014
|gametype|doubles
|player|p1|Realfrytki|veteranf|
|player|p2|OreburghRanger|pokemonranger-gen4|
|gen|9
|tier|[Gen 9] VGC 2025 Reg H (Bo3)
|rule|Species Clause: Limit one of each Pokémon
|rule|Item Clause: Limit 1 of each item
|clearpoke
|poke|p1|Volcarona, L50, M|
|poke|p1|Rillaboom, L50, F|
|poke|p1|Dragonite, L50, M|
|poke|p1|Kingambit, L50, F|
|poke|p1|Sneasler, L50, F|
|poke|p1|Electabuzz, L50, F|
|poke|p2|Charizard, L50, M|
|poke|p2|Torkoal, L50, F|
|poke|p2|Porygon2, L50|
|poke|p2|Incineroar, L50, M|
|poke|p2|Jumpluff, L50, F|
|poke|p2|Ursaluna, L50, M|
|teampreview|4
|showteam|p1|Volcarona||Leftovers|FlameBody|HeatWave,TeraBlast,QuiverDance,Protect|||M|||50|,,,,,Fairy]Rillaboom||MiracleSeed|GrassySurge|WoodHammer,GrassyGlide,FakeOut,HighHorsepower|||F|||50|,,,,,Fire]Dragonite||LoadedDice|Multiscale|ScaleShot,ExtremeSpeed,Haze,Protect|||M|||50|,,,,,Steel]Kingambit||AssaultVest|Defiant|KowtowCleave,SuckerPunch,IronHead,TeraBlast|||F|||50|,,,,,Flying]Sneasler||FocusSash|Unburden|CloseCombat,DireClaw,Coaching,FakeOut|||F|||50|,,,,,Stellar]Electabuzz||Eviolite|VitalSpirit|Thunderbolt,FollowMe,Taunt,Protect|||F|||50|,,,,,Ghost
|showteam|p2|Charizard||ChoiceSpecs|SolarPower|HeatWave,Overheat,WeatherBall,AirSlash|||M|||50|,,,,,Ghost]Torkoal||EjectPack|Drought|Eruption,Overheat,HelpingHand,Protect|||F|||50|,,,,,Fire]Porygon2||Eviolite|Download|TeraBlast,IceBeam,Recover,TrickRoom||||||50|,,,,,Fighting]Incineroar||SafetyGoggles|Intimidate|FlareBlitz,KnockOff,FakeOut,PartingShot|||M|||50|,,,,,Ghost]Jumpluff||CovertCloak|Chlorophyll|SleepPowder,SunnyDay,RagePowder,Tailwind|||F|||50|,,,,,Water]Ursaluna||FlameOrb|Guts|HeadlongRush,Facade,Earthquake,Protect|||M|||50|,,,,,Ghost
|inactive|Battle timer is ON: inactive players will automatically lose when time's up. (requested by OreburghRanger)
|inactive|OreburghRanger has 60 seconds left.
|
|t:|1756321054
|teamsize|p1|4
|teamsize|p2|4
|start
|switch|p1a: Electabuzz|Electabuzz, L50, F|100/100
|switch|p1b: Dragonite|Dragonite, L50, M|100/100
|switch|p2a: Ayanami|Porygon2, L50, shiny|100/100
|switch|p2b: Kenshin|Charizard, L50, M, shiny|100/100
|-ability|p2a: Ayanami|Download|boost
|-boost|p2a: Ayanami|atk|1
|turn|1
|inactive|Realfrytki has 30 seconds left.
|
|t:|1756321088
|switch|p1a: Kingambit|Kingambit, L50, F|100/100
|switch|p2a: Ryo the Stern|Torkoal, L50, F|100/100
|-weather|SunnyDay|[from] ability: Drought|[of] p2a: Ryo the Stern
|move|p2b: Kenshin|Weather Ball|p1a: Kingambit
|-supereffective|p1a: Kingambit
|-damage|p1a: Kingambit|0 fnt
|faint|p1a: Kingambit
|move|p1b: Dragonite|Scale Shot|p2b: Kenshin
|-damage|p2b: Kenshin|80/100
|-damage|p2b: Kenshin|59/100
|-damage|p2b: Kenshin|39/100
|-damage|p2b: Kenshin|17/100
|-damage|p2b: Kenshin|0 fnt
|faint|p2b: Kenshin
|-hitcount|p2: Kenshin|5
|-unboost|p1b: Dragonite|def|1
|-boost|p1b: Dragonite|spe|1
|
|-weather|SunnyDay|[upkeep]
|upkeep
|
|t:|1756321112
|switch|p2b: Ayanami|Porygon2, L50, shiny|100/100
|switch|p1a: Electabuzz|Electabuzz, L50, F|100/100
|-ability|p2b: Ayanami|Download|boost
|-boost|p2b: Ayanami|atk|1
|turn|2
|inactive|Realfrytki has 30 seconds left.
|inactive|Realfrytki has 20 seconds left.
|inactive|Realfrytki has 15 seconds left.
|
|t:|1756321157
|switch|p2b: Musashi|Incineroar, L50, M|100/100
|-ability|p2b: Musashi|Intimidate|boost
|-unboost|p1a: Electabuzz|atk|1
|-unboost|p1b: Dragonite|atk|1
|move|p1b: Dragonite|Protect|p1b: Dragonite
|-singleturn|p1b: Dragonite|Protect
|move|p1a: Electabuzz|Taunt|p2b: Musashi
|-start|p2b: Musashi|move: Taunt
|move|p2a: Ryo the Stern|Overheat|p1a: Electabuzz
|-damage|p1a: Electabuzz|39/100
|-unboost|p2a: Ryo the Stern|spa|2
|-enditem|p2a: Ryo the Stern|Eject Pack
|
|t:|1756321168
|switch|p2a: Ayanami|Porygon2, L50, shiny|100/100
|-ability|p2a: Ayanami|Download|boost
|-boost|p2a: Ayanami|atk|1
|
|-weather|SunnyDay|[upkeep]
|upkeep
|turn|3
|inactive|Realfrytki has 30 seconds left.
|inactive|OreburghRanger has 30 seconds left.
|inactive|Realfrytki has 20 seconds left.
|inactive|OreburghRanger has 20 seconds left.
|
|t:|1756321207
|-terastallize|p1a: Electabuzz|Ghost
|move|p1b: Dragonite|Scale Shot|p2b: Musashi
|-damage|p2b: Musashi|91/100
|-damage|p2b: Musashi|82/100
|-damage|p2b: Musashi|71/100
|-damage|p2b: Musashi|60/100
|-damage|p2b: Musashi|51/100
|-hitcount|p2b: Musashi|5
|-unboost|p1b: Dragonite|def|1
|-boost|p1b: Dragonite|spe|1
|move|p1a: Electabuzz|Taunt|p2a: Ayanami
|-start|p2a: Ayanami|move: Taunt
|move|p2b: Musashi|Flare Blitz|p1a: Electabuzz
|-damage|p1a: Electabuzz|0 fnt
|faint|p1a: Electabuzz
|-damage|p2b: Musashi|40/100|[from] Recoil
|move|p2a: Ayanami|Ice Beam|p1b: Dragonite
|-supereffective|p1b: Dragonite
|-damage|p1b: Dragonite|43/100
|
|-weather|SunnyDay|[upkeep]
|upkeep
|
|t:|1756321228
|switch|p1a: Rillaboom|Rillaboom, L50, F|100/100
|-fieldstart|move: Grassy Terrain|[from] ability: Grassy Surge|[of] p1a: Rillaboom
|turn|4
|inactive|OreburghRanger has 30 seconds left.
|
|t:|1756321256
|switch|p2b: Ryo the Stern|Torkoal, L50, F|100/100
|move|p1a: Rillaboom|Fake Out|p2a: Ayanami
|-damage|p2a: Ayanami|90/100
|move|p1b: Dragonite|Scale Shot|p2b: Ryo the Stern
|-damage|p2b: Ryo the Stern|92/100
|-damage|p2b: Ryo the Stern|84/100
|-damage|p2b: Ryo the Stern|75/100
|-damage|p2b: Ryo the Stern|67/100
|-damage|p2b: Ryo the Stern|58/100
|-hitcount|p2b: Ryo the Stern|5
|-unboost|p1b: Dragonite|def|1
|-boost|p1b: Dragonite|spe|1
|cant|p2a: Ayanami|flinch
|
|-weather|SunnyDay|[upkeep]
|-heal|p2a: Ayanami|96/100|[from] Grassy Terrain
|-heal|p2b: Ryo the Stern|64/100|[from] Grassy Terrain
|upkeep
|turn|5
|inactive|OreburghRanger has 30 seconds left.
|inactive|OreburghRanger has 20 seconds left.
|inactive|OreburghRanger has 15 seconds left.
|
|t:|1756321301
|move|p1b: Dragonite|Scale Shot|p2a: Ayanami
|-damage|p2a: Ayanami|89/100
|-damage|p2a: Ayanami|83/100
|-damage|p2a: Ayanami|77/100
|-crit|p2a: Ayanami
|-damage|p2a: Ayanami|60/100
|-damage|p2a: Ayanami|54/100
|-hitcount|p2a: Ayanami|5
|-unboost|p1b: Dragonite|def|1
|-boost|p1b: Dragonite|spe|1
|move|p1a: Rillaboom|High Horsepower|p2b: Ryo the Stern
|-supereffective|p2b: Ryo the Stern
|-damage|p2b: Ryo the Stern|17/100
|move|p2a: Ayanami|Ice Beam|p1b: Dragonite
|-supereffective|p1b: Dragonite
|-damage|p1b: Dragonite|0 fnt
|faint|p1b: Dragonite
|move|p2b: Ryo the Stern|Overheat|p1a: Rillaboom
|-supereffective|p1a: Rillaboom
|-damage|p1a: Rillaboom|0 fnt
|-unboost|p2b: Ryo the Stern|spa|2
|faint|p1a: Rillaboom
|
|win|OreburghRanger
