|j|☆MSAtlos
|j|☆fustor
|html|MSAtlosfustor    
|uhtml|bestof|Game 1 of a best-of-3
|t:|1756552838
|gametype|doubles
|player|p1|MSAtlos|cynthia-masters|1126
|player|p2|fustor|170|1030
|gen|9
|tier|[Gen 9] VGC 2025 Reg H (Bo3)
|rated|
|rule|Species Clause: Limit one of each Pokémon
|rule|Item Clause: Limit 1 of each item
|clearpoke
|poke|p1|Sneasler, L50, F|
|poke|p1|Indeedee, L50, M|
|poke|p1|Ursaluna-Bloodmoon, L50, M|
|poke|p1|Electabuzz, L50, M|
|poke|p1|Incineroar, L50, M|
|poke|p1|Talonflame, L50, M|
|poke|p2|Charizard, L50, M|
|poke|p2|Torkoal, L50, M|
|poke|p2|Porygon2, L50|
|poke|p2|Incineroar, L50, M|
|poke|p2|Jumpluff, L50, F|
|poke|p2|Ursaluna, L50, F|
|teampreview|4
|showteam|p1|Sneasler||PsychicSeed|Unburden|CloseCombat,DireClaw,ThroatChop,Protect|||F|||50|,,,,,Dark]Indeedee||FocusSash|PsychicSurge|ExpandingForce,TrickRoom,HelpingHand,Protect|||M|||50|,,,,,Psychic]Ursaluna-Bloodmoon||LifeOrb|MindsEye|BloodMoon,HyperVoice,EarthPower,Protect|||M|||50|,,,,,Normal]Electabuzz||Eviolite|VitalSpirit|Electroweb,FollowMe,Taunt,Protect|||M|||50|,,,,,Dragon]Incineroar||SafetyGoggles|Intimidate|FlareBlitz,KnockOff,PartingShot,FakeOut|||M|||50|,,,,,Ghost]Talonflame||CovertCloak|GaleWings|FlareBlitz,DualWingbeat,WillOWisp,Tailwind|||M|||50|,,,,,Fairy
|showteam|p2|Charizard||ChoiceSpecs|SolarPower|HeatWave,Overheat,WeatherBall,AirSlash|||M|||50|,,,,,Ghost]Torkoal||EjectPack|Drought|Eruption,Overheat,HelpingHand,Protect|||M|||50|,,,,,Fire]Porygon2||Eviolite|Download|TeraBlast,IceBeam,Recover,TrickRoom||||||50|,,,,,Fighting]Incineroar||SitrusBerry|Intimidate|FlareBlitz,KnockOff,FakeOut,PartingShot|||M|||50|,,,,,Ghost]Jumpluff||CovertCloak|Chlorophyll|SleepPowder,SunnyDay,RagePowder,Tailwind|||F|||50|,,,,,Water]Ursaluna||FlameOrb|Guts|HeadlongRush,Facade,Earthquake,Protect|||F|||50|,,,,,Ghost
|inactive|Battle timer is ON: inactive players will automatically lose when time's up. (requested by fustor)
|
|t:|1756552868
|teamsize|p1|4
|teamsize|p2|4
|start
|switch|p1a: Ursaluna|Ursaluna-Bloodmoon, L50, M|100/100
|switch|p1b: Electabuzz|Electabuzz, L50, M|100/100
|switch|p2a: Incineroar|Incineroar, L50, M|100/100
|switch|p2b: Porygon2|Porygon2, L50|100/100
|-ability|p2a: Incineroar|Intimidate|boost
|-unboost|p1a: Ursaluna|atk|1
|-unboost|p1b: Electabuzz|atk|1
|-ability|p2b: Porygon2|Download|boost
|-boost|p2b: Porygon2|spa|1
|turn|1
|inactive|fustor has 30 seconds left.
|inactive|fustor has 20 seconds left.
|
|t:|1756552908
|move|p1a: Ursaluna|Protect|p1a: Ursaluna
|-singleturn|p1a: Ursaluna|Protect
|move|p2a: Incineroar|Fake Out|p1a: Ursaluna
|-activate|p1a: Ursaluna|move: Protect
|move|p1b: Electabuzz|Taunt|p2b: Porygon2
|-start|p2b: Porygon2|move: Taunt
|move|p2b: Porygon2|Ice Beam|p1a: Ursaluna
|-activate|p1a: Ursaluna|move: Protect
|
|upkeep
|turn|2
|
|t:|1756552925
|-terastallize|p1a: Ursaluna|Normal
|move|p1b: Electabuzz|Follow Me|p1b: Electabuzz
|-singleturn|p1b: Electabuzz|move: Follow Me
|move|p2a: Incineroar|Knock Off|p1b: Electabuzz
|-damage|p1b: Electabuzz|57/100
|-enditem|p1b: Electabuzz|Eviolite|[from] move: Knock Off|[of] p2a: Incineroar
|move|p1a: Ursaluna|Blood Moon|p2a: Incineroar
|-damage|p2a: Incineroar|0 fnt
|faint|p2a: Incineroar
|-damage|p1a: Ursaluna|91/100|[from] item: Life Orb
|move|p2b: Porygon2|Ice Beam|p1b: Electabuzz
|-damage|p1b: Electabuzz|3/100
|
|upkeep
|
|t:|1756552944
|switch|p2a: Jumpluff|Jumpluff, L50, F|100/100
|turn|3
|
|t:|1756552962
|-terastallize|p2b: Porygon2|Fighting
|move|p1b: Electabuzz|Follow Me|p1b: Electabuzz
|-singleturn|p1b: Electabuzz|move: Follow Me
|move|p2a: Jumpluff|Sleep Powder|p1b: Electabuzz
|-immune|p1b: Electabuzz|[from] ability: Vital Spirit
|move|p1a: Ursaluna|Hyper Voice|p2b: Porygon2|[spread] p2a,p2b
|-damage|p2a: Jumpluff|24/100
|-damage|p2b: Porygon2|60/100
|-damage|p1a: Ursaluna|81/100|[from] item: Life Orb
|move|p2b: Porygon2|Tera Blast|p1b: Electabuzz|[anim] Tera Blast Fighting
|-damage|p1b: Electabuzz|0 fnt
|faint|p1b: Electabuzz
|
|-end|p2b: Porygon2|move: Taunt
|upkeep
|
|t:|1756552977
|switch|p1b: Talonflame|Talonflame, L50, M|100/100
|turn|4
|
|t:|1756552994
|switch|p2a: Ursaluna|Ursaluna, L50, F|100/100
|move|p1a: Ursaluna|Protect|p1a: Ursaluna
|-singleturn|p1a: Ursaluna|Protect
|move|p1b: Talonflame|Dual Wingbeat|p2a: Ursaluna
|-damage|p2a: Ursaluna|87/100
|-damage|p2a: Ursaluna|75/100
|-hitcount|p2a: Ursaluna|2
|move|p2b: Porygon2|Tera Blast|p1a: Ursaluna|[anim] Tera Blast Fighting
|-activate|p1a: Ursaluna|move: Protect
|
|-status|p2a: Ursaluna|brn|[from] item: Flame Orb
|upkeep
|turn|5
|
|t:|1756553015
|move|p2a: Ursaluna|Protect|p2a: Ursaluna
|-singleturn|p2a: Ursaluna|Protect
|move|p1b: Talonflame|Tailwind|p1b: Talonflame
|-sidestart|p1: MSAtlos|move: Tailwind
|move|p1a: Ursaluna|Blood Moon|p2a: Ursaluna
|-activate|p2a: Ursaluna|move: Protect
|move|p2b: Porygon2|Tera Blast|p1a: Ursaluna|[anim] Tera Blast Fighting
|-supereffective|p1a: Ursaluna
|-damage|p1a: Ursaluna|0 fnt
|faint|p1a: Ursaluna
|
|-damage|p2a: Ursaluna|69/100 brn|[from] brn
|upkeep
|
|t:|1756553017
|switch|p1a: Incineroar|Incineroar, L50, M|100/100
|-ability|p1a: Incineroar|Intimidate|boost
|-unboost|p2a: Ursaluna|atk|1
|-unboost|p2b: Porygon2|atk|1
|turn|6
|inactive|MSAtlos has 30 seconds left.
|inactive|fustor has 30 seconds left.
|
|t:|1756553049
|switch|p2b: Jumpluff|Jumpluff, L50, F|24/100
|move|p1a: Incineroar|Fake Out|p2a: Ursaluna
|-damage|p2a: Ursaluna|59/100 brn
|move|p1b: Talonflame|Flare Blitz|p2b: Jumpluff
|-supereffective|p2b: Jumpluff
|-damage|p2b: Jumpluff|0 fnt
|faint|p2b: Jumpluff
|-damage|p1b: Talonflame|91/100|[from] Recoil
|cant|p2a: Ursaluna|flinch
|
|-damage|p2a: Ursaluna|53/100 brn|[from] brn
|upkeep
|
|t:|1756553062
|switch|p2b: Porygon2|Porygon2, L50, tera:Fighting|60/100
|-ability|p2b: Porygon2|Download|boost
|-boost|p2b: Porygon2|atk|1
|turn|7
|
|t:|1756553071
|move|p2a: Ursaluna|Protect|p2a: Ursaluna
|-singleturn|p2a: Ursaluna|Protect
|move|p1b: Talonflame|Flare Blitz|p2a: Ursaluna
|-activate|p2a: Ursaluna|move: Protect
|move|p1a: Incineroar|Flare Blitz|p2a: Ursaluna
|-activate|p2a: Ursaluna|move: Protect
|move|p2b: Porygon2|Trick Room|p2b: Porygon2
|-fieldstart|move: Trick Room|[of] p2b: Porygon2
|
|-damage|p2a: Ursaluna|48/100 brn|[from] brn
|upkeep
|turn|8
|inactive|fustor has 30 seconds left.
|
|t:|1756553097
|move|p2b: Porygon2|Tera Blast|p1a: Incineroar|[anim] Tera Blast Fighting
|-supereffective|p1a: Incineroar
|-damage|p1a: Incineroar|27/100
|move|p2a: Ursaluna|Facade|p1b: Talonflame
|-damage|p1b: Talonflame|0 fnt
|faint|p1b: Talonflame
|move|p1a: Incineroar|Flare Blitz|p2b: Porygon2
|-damage|p2b: Porygon2|24/100
|-damage|p1a: Incineroar|15/100|[from] Recoil
|
|-damage|p2a: Ursaluna|42/100 brn|[from] brn
|-sideend|p1: MSAtlos|move: Tailwind
|upkeep
|turn|9
|-message|MSAtlos forfeited.
|
|win|fustor
