|j|☆Zenhmaster
|j|☆guillelona
|html|Zenhmasterguillelona    
|uhtml|bestof|Game 2 of a best-of-3
|t:|1784994389
|gametype|doubles
|player|p1|Zenhmaster|lucas-gen4pt|1125
|player|p2|guillelona|veteran|1216
|gen|9
|tier|[Gen 9 Champions] VGC 2026 Reg M-B (Bo3)
|rated|
|rule|Species Clause: Limit one of each Pokémon
|rule|Item Clause: Limit 1 of each item
|clearpoke
|poke|p1|Gholdengo, L50|
|poke|p1|Garchomp, L50, F|
|poke|p1|Gardevoir, L50, M|
|poke|p1|Kingambit, L50, M|
|poke|p1|Aerodactyl, L50, F|
|poke|p1|Rotom-Wash, L50|
|poke|p2|Vivillon-Tundra, L50, F|
|poke|p2|Mawile, L50, F|
|poke|p2|Torkoal, L50, M|
|poke|p2|Farigiraf, L50, F|
|poke|p2|Garchomp, L50, F|
|poke|p2|Raichu, L50, F|
|teampreview|4
|showteam|p1|Gholdengo||SitrusBerry|GoodasGold|MakeItRain,ShadowBall,Protect,NastyPlot|Modest|||||50|]Garchomp||LifeOrb|RoughSkin|Earthquake,DragonClaw,RockSlide,Protect|Jolly||F|||50|]Gardevoir||Gardevoirite|Telepathy|HyperVoice,EnergyBall,TrickRoom,Protect|Modest||M|||50|]Kingambit||ChopleBerry|Defiant|KowtowCleave,IronHead,SuckerPunch,BrickBreak|Adamant||M|||50|]Aerodactyl||FocusSash|Unnerve|RockSlide,Tailwind,DualWingbeat,WideGuard|Jolly||F|||50|]Rotom-Wash||ChoiceScarf|Levitate|Thunderbolt,HydroPump,WillOWisp,Protect|Modest|||||50|
|showteam|p2|Vivillon-Tundra||FocusSash|CompoundEyes|Hurricane,SleepPowder,RagePowder,Protect|Timid||F|||50|]Mawile||Mawilite|Intimidate|PlayRough,RockSlide,SuckerPunch,Protect|Adamant||F|||50|]Torkoal||Charcoal|Drought|Eruption,WeatherBall,Protect,EarthPower|Quiet||M|||50|]Farigiraf||SitrusBerry|ArmorTail|Psychic,Thunderbolt,TrickRoom,HelpingHand|Relaxed||F|||50|]Garchomp||LifeOrb|RoughSkin|DragonClaw,Earthquake,RockSlide,Protect|Jolly||F|||50|]Raichu||RaichuniteY|LightningRod|ZapCannon,FocusBlast,FakeOut,Protect|Timid||F|||50|
|
|t:|1784994431
|teamsize|p1|4
|teamsize|p2|4
|start
|switch|p1a: Aerodactyl|Aerodactyl, L50, F|100/100
|switch|p1b: Garchomp|Garchomp, L50, F|100/100
|switch|p2a: Raichu|Raichu, L50, F|100/100
|switch|p2b: Garchomp|Garchomp, L50, F|100/100
|-ability|p1a: Aerodactyl|Unnerve
|turn|1
|
|t:|1784994467
|detailschange|p2a: Raichu|Raichu-Mega-Y, L50, F
|-mega|p2a: Raichu|Raichu|Raichunite Y
|move|p2a: Raichu|Fake Out|p1b: Garchomp
|-damage|p1b: Garchomp|91/100
|-damage|p2a: Raichu|87/100|[from] ability: Rough Skin|[of] p1b: Garchomp
|move|p1a: Aerodactyl|Tailwind|p1a: Aerodactyl
|-sidestart|p1: Zenhmaster|move: Tailwind
|cant|p1b: Garchomp|flinch
|move|p2b: Garchomp|Rock Slide|p1b: Garchomp|[spread] p1a,p1b
|-supereffective|p1a: Aerodactyl|1
|-resisted|p1b: Garchomp|1
|-damage|p1a: Aerodactyl|18/100
|-damage|p1b: Garchomp|79/100
|-damage|p2b: Garchomp|90/100|[from] item: Life Orb
|
|upkeep
|turn|2
|
|t:|1784994490
|switch|p2a: Farigiraf|Farigiraf, L50, F|100/100
|move|p1a: Aerodactyl|Rock Slide|p2a: Farigiraf|[spread] p2a,p2b
|-resisted|p2b: Garchomp|1
|-damage|p2a: Farigiraf|80/100
|-damage|p2b: Garchomp|77/100
|move|p1b: Garchomp|Dragon Claw|p2b: Garchomp
|-supereffective|p2b: Garchomp|1
|-damage|p2b: Garchomp|0 fnt
|-damage|p1b: Garchomp|67/100|[from] ability: Rough Skin|[of] p2b: Garchomp
|faint|p2b: Garchomp
|-damage|p1b: Garchomp|58/100|[from] item: Life Orb
|
|upkeep
|
|t:|1784994500
|switch|p2b: Raichu|Raichu-Mega-Y, L50, F|87/100
|turn|3
|
|t:|1784994511
|move|p2b: Raichu|Fake Out|p1b: Garchomp
|-damage|p1b: Garchomp|49/100
|-damage|p2b: Raichu|75/100|[from] ability: Rough Skin|[of] p1b: Garchomp
|move|p1a: Aerodactyl|Rock Slide|p2a: Farigiraf|[spread] p2a,p2b
|-damage|p2a: Farigiraf|62/100
|-damage|p2b: Raichu|41/100
|cant|p1b: Garchomp|flinch
|move|p2a: Farigiraf|Trick Room|p2a: Farigiraf
|-fieldstart|move: Trick Room|[of] p2a: Farigiraf
|
|upkeep
|turn|4
|
|t:|1784994534
|move|p1b: Garchomp|Protect|p1b: Garchomp
|-singleturn|p1b: Garchomp|Protect
|move|p2a: Farigiraf|Thunderbolt|p1a: Aerodactyl
|-supereffective|p1a: Aerodactyl|1
|-damage|p1a: Aerodactyl|0 fnt
|faint|p1a: Aerodactyl
|move|p2b: Raichu|Focus Blast|p1b: Garchomp
|-activate|p1b: Garchomp|move: Protect
|
|-sideend|p1: Zenhmaster|move: Tailwind
|upkeep
|
|t:|1784994558
|switch|p1a: Gardevoir|Gardevoir, L50, M|100/100
|turn|5
|
|t:|1784994571
|detailschange|p1a: Gardevoir|Gardevoir-Mega, L50, M
|-mega|p1a: Gardevoir|Gardevoir|Gardevoirite
|move|p2a: Farigiraf|Psychic|p1b: Garchomp
|-damage|p1b: Garchomp|14/100
|-unboost|p1b: Garchomp|spd|1
|move|p1a: Gardevoir|Hyper Voice|p2a: Farigiraf|[spread] p2a,p2b
|-damage|p2a: Farigiraf|13/100
|-damage|p2b: Raichu|0 fnt
|-enditem|p2a: Farigiraf|Sitrus Berry|[eat]
|-heal|p2a: Farigiraf|38/100|[from] item: Sitrus Berry
|faint|p2b: Raichu
|move|p1b: Garchomp|Earthquake|p2a: Farigiraf|[spread] p1a,p2a
|-damage|p1a: Gardevoir|28/100
|-damage|p2a: Farigiraf|4/100
|-damage|p1b: Garchomp|4/100|[from] item: Life Orb
|
|upkeep
|
|t:|1784994584
|switch|p2b: Torkoal|Torkoal, L50, M|100/100
|-weather|SunnyDay|[from] ability: Drought|[of] p2b: Torkoal
|turn|6
|
|t:|1784994591
|move|p2a: Farigiraf|Helping Hand|p2b: Torkoal
|-singleturn|p2b: Torkoal|Helping Hand|[of] p2a: Farigiraf
|move|p1a: Gardevoir|Protect|p1a: Gardevoir
|-singleturn|p1a: Gardevoir|Protect
|move|p1b: Garchomp|Protect|p1b: Garchomp
|-singleturn|p1b: Garchomp|Protect
|move|p2b: Torkoal|Eruption|p1a: Gardevoir|[spread] 
|-activate|p1a: Gardevoir|move: Protect
|-activate|p1b: Garchomp|move: Protect
|
|-weather|SunnyDay|[upkeep]
|upkeep
|turn|7
|
|t:|1784994616
|move|p2a: Farigiraf|Helping Hand|p2b: Torkoal
|-singleturn|p2b: Torkoal|Helping Hand|[of] p2a: Farigiraf
|move|p1b: Garchomp|Protect||[still]
|-fail|p1b: Garchomp
|move|p2b: Torkoal|Eruption|p1a: Gardevoir|[spread] p1a,p1b
|-resisted|p1b: Garchomp|1
|-damage|p1a: Gardevoir|0 fnt
|-damage|p1b: Garchomp|0 fnt
|faint|p1a: Gardevoir
|faint|p1b: Garchomp
|
|-weather|SunnyDay|[upkeep]
|-fieldend|move: Trick Room
|upkeep
|
|t:|1784994630
|switch|p1b: Rotom|Rotom-Wash, L50|100/100
|turn|8
|
|t:|1784994644
|move|p1b: Rotom|Thunderbolt|p2a: Farigiraf
|-damage|p2a: Farigiraf|0 fnt
|faint|p2a: Farigiraf
|move|p2b: Torkoal|Weather Ball|p1b: Rotom
|-resisted|p1b: Rotom|1
|-damage|p1b: Rotom|47/100
|
|-weather|SunnyDay|[upkeep]
|upkeep
|turn|9
|
|t:|1784994654
|move|p1b: Rotom|Thunderbolt|p2b: Torkoal
|-damage|p2b: Torkoal|40/100
|move|p2b: Torkoal|Weather Ball|p1b: Rotom
|-resisted|p1b: Rotom|1
|-damage|p1b: Rotom|0 fnt
|faint|p1b: Rotom
|
|win|guillelona
|raw|Zenhmaster's rating: 1125 → 1106(-19 for losing)
|raw|guillelona's rating: 1216 → 1235(+19 for winning)
|l|☆Zenhmaster
|player|p1|
|l|☆guillelona
|player|p2|
|j|☆guillelona
|player|p2|guillelona|veteran|
