|j|☆buoybuoy
|j|☆Jakobtc
|html|buoybuoyJakobtc    
|uhtml|bestof|Game 2 of a best-of-3
|t:|1784507371
|gametype|doubles
|player|p1|buoybuoy|265|1075
|player|p2|Jakobtc|riley|1163
|gen|9
|tier|[Gen 9 Champions] VGC 2026 Reg M-B (Bo3)
|rated|
|rule|Species Clause: Limit one of each Pokémon
|rule|Item Clause: Limit 1 of each item
|clearpoke
|poke|p1|Dragalge, L50, F|
|poke|p1|Politoed, L50, M|
|poke|p1|Hatterene, L50, F, shiny|
|poke|p1|Sinistcha-Masterpiece, L50|
|poke|p1|Kingambit, L50, M|
|poke|p1|Rotom-Wash, L50|
|poke|p2|Zoroark-Hisui, L50, M|
|poke|p2|Charizard, L50, M|
|poke|p2|Whimsicott, L50, F|
|poke|p2|Gholdengo, L50|
|poke|p2|Incineroar, L50, M|
|poke|p2|Dragonite, L50, F|
|teampreview|4
|showteam|p1|Dragalge||Dragalgite|Adaptability|DracoMeteor,SludgeWave,FlipTurn,Protect|Modest||F|||50|]Politoed||DampRock|Drizzle|Encore,WeatherBall,Protect,HelpingHand|Relaxed||M|||50|]Hatterene||SitrusBerry|MagicBounce|Psychic,Protect,TrickRoom,DazzlingGleam|Quiet||F|||50|]Sinistcha-Masterpiece||FocusSash|Hospitality|RagePowder,MatchaGotcha,ShadowBall,TrickRoom|Quiet|||||50|]Kingambit||ShucaBerry|Defiant|KowtowCleave,SuckerPunch,Protect,IronHead|Brave||M|||50|]Rotom-Wash|||Levitate|HydroPump,VoltSwitch,Thunder,WillOWisp|Quiet|||||50|
|showteam|p2|Zoroark-Hisui||FocusSash|Illusion|BitterMalice,IcyWind,Taunt,Protect|Timid||M|||50|]Charizard||CharizarditeY|Blaze|HeatWave,WeatherBall,SolarBeam,Protect|Modest||M|||50|]Whimsicott||MentalHerb|Prankster|Moonblast,Tailwind,FakeTears,Encore|Timid||F|||50|]Gholdengo||MetalCoat|GoodasGold|MakeItRain,ShadowBall,NastyPlot,Protect|Modest|||||50|]Incineroar||SitrusBerry|Intimidate|FakeOut,FlareBlitz,DarkestLariat,PartingShot|Adamant||M|||50|]Dragonite||DragonFang|Multiscale|ScaleShot,ExtremeSpeed,LowKick,Protect|Adamant||F|||50|
|inactive|Battle timer is ON: inactive players will automatically lose when time's up. (requested by Jakobtc)
|inactive|buoybuoy has 60 seconds left.
|inactive|Jakobtc has 60 seconds left.
|
|t:|1784507404
|teamsize|p1|4
|teamsize|p2|4
|start
|switch|p1a: Sinistcha|Sinistcha-Masterpiece, L50|100/100
|switch|p1b: Kingambit|Kingambit, L50, M|100/100
|switch|p2a: Gholdengo|Gholdengo, L50|100/100
|switch|p2b: Charizard|Charizard, L50, M|100/100
|turn|1
|
|t:|1784507428
|switch|p1a: Politoed|Politoed, L50, M|100/100
|-weather|RainDance|[from] ability: Drizzle|[of] p1a: Politoed
|detailschange|p2b: Charizard|Charizard-Mega-Y, L50, M
|-mega|p2b: Charizard|Charizard|Charizardite Y
|-weather|SunnyDay|[from] ability: Drought|[of] p2b: Charizard
|move|p1b: Kingambit|Protect|p1b: Kingambit
|-singleturn|p1b: Kingambit|Protect
|move|p2a: Gholdengo|Taunt|p1a: Politoed
|-start|p1a: Politoed|move: Taunt
|move|p2b: Charizard|Heat Wave|p1b: Kingambit|[spread] p1a
|-activate|p1b: Kingambit|move: Protect
|-resisted|p1a: Politoed|1
|-damage|p1a: Politoed|71/100
|
|-weather|SunnyDay|[upkeep]
|upkeep
|turn|2
|
|t:|1784507451
|switch|p1b: Dragalge|Dragalge, L50, F|100/100
|move|p2a: Gholdengo|Icy Wind|p1b: Dragalge|[spread] p1a,p1b
|-resisted|p1a: Politoed|1
|-supereffective|p1b: Dragalge|1
|-crit|p1b: Dragalge
|-damage|p1a: Politoed|64/100
|-damage|p1b: Dragalge|63/100
|-unboost|p1a: Politoed|spe|1
|-unboost|p1b: Dragalge|spe|1
|move|p2b: Charizard|Weather Ball|p1b: Dragalge
|-resisted|p1b: Dragalge|1
|-damage|p1b: Dragalge|22/100
|move|p1a: Politoed|Weather Ball|p2a: Gholdengo
|-damage|p2a: Gholdengo|38/100
|replace|p2a: Zoroark|Zoroark-Hisui, L50, M
|-end|p2a: Zoroark|Illusion
|
|-weather|SunnyDay|[upkeep]
|upkeep
|turn|3
|
|t:|1784507472
|detailschange|p1b: Dragalge|Dragalge-Mega, L50, F
|-mega|p1b: Dragalge|Dragalge|Dragalgite
|move|p1b: Dragalge|Protect|p1b: Dragalge
|-singleturn|p1b: Dragalge|Protect
|move|p2a: Zoroark|Taunt|p1b: Dragalge
|-activate|p1b: Dragalge|move: Protect
|move|p2b: Charizard|Solar Beam||[still]
|-prepare|p2b: Charizard|Solar Beam
|-anim|p2b: Charizard|Solar Beam|p1a: Politoed
|-supereffective|p1a: Politoed|1
|-damage|p1a: Politoed|0 fnt
|faint|p1a: Politoed
|
|-weather|SunnyDay|[upkeep]
|upkeep
|
|t:|1784507485
|switch|p1a: Sinistcha|Sinistcha-Masterpiece, L50|100/100
|-heal|p1b: Dragalge|47/100|[from] ability: Hospitality|[of] p1a: Sinistcha
|turn|4
|
|t:|1784507490
|-heal|p1b: Dragalge|80/100|[from] ability: Regenerator|[silent]
|switch|p1b: Kingambit|Kingambit, L50, M|100/100
|move|p2a: Zoroark|Icy Wind|p1b: Kingambit|[spread] p1b
|-miss|p2a: Zoroark|p1a: Sinistcha
|-resisted|p1b: Kingambit|1
|-damage|p1b: Kingambit|93/100
|-unboost|p1b: Kingambit|spe|1
|-ability|p1b: Kingambit|Defiant|boost
|-boost|p1b: Kingambit|atk|2
|move|p2b: Charizard|Heat Wave|p1a: Sinistcha|[spread] p1a,p1b
|-supereffective|p1a: Sinistcha|1
|-supereffective|p1b: Kingambit|1
|-enditem|p1a: Sinistcha|Focus Sash
|-damage|p1a: Sinistcha|1/100
|-damage|p1b: Kingambit|0 fnt
|-status|p1a: Sinistcha|brn
|faint|p1b: Kingambit
|move|p1a: Sinistcha|Trick Room|p1a: Sinistcha
|-fieldstart|move: Trick Room|[of] p1a: Sinistcha
|
|-weather|SunnyDay|[upkeep]
|-damage|p1a: Sinistcha|0 fnt|[from] brn
|faint|p1a: Sinistcha
|upkeep
|
|t:|1784507510
|switch|p1b: Dragalge|Dragalge-Mega, L50, F|80/100
|turn|5
|c|☆buoybuoy|lol
|c|☆Jakobtc|sorry
|
|t:|1784507521
|move|p1b: Dragalge|Sludge Wave|p2a: Zoroark|[spread] p2a,p2b
|-resisted|p2a: Zoroark|1
|-crit|p2b: Charizard
|-damage|p2a: Zoroark|0 fnt
|-damage|p2b: Charizard|39/100
|faint|p2a: Zoroark
|move|p2b: Charizard|Weather Ball|p1b: Dragalge
|-resisted|p1b: Dragalge|1
|-damage|p1b: Dragalge|48/100
|
|-weather|none
|upkeep
|
|t:|1784507530
|switch|p2a: Gholdengo|Gholdengo, L50|100/100
|turn|6
|
|t:|1784507537
|move|p2b: Charizard|Protect|p2b: Charizard
|-singleturn|p2b: Charizard|Protect
|move|p1b: Dragalge|Sludge Wave|p2b: Charizard|[spread] 
|-activate|p2b: Charizard|move: Protect
|-immune|p2a: Gholdengo
|move|p2a: Gholdengo|Nasty Plot|p2a: Gholdengo
|-boost|p2a: Gholdengo|spa|2
|
|upkeep
|turn|7
|-message|buoybuoy forfeited.
|
|win|Jakobtc
|l|☆buoybuoy
|player|p1|
||buoybuoy is ready for game 3.
