|j|☆MinasDevilCrobats
|j|☆engoleseco
|html|MinasDevilCrobatsengoleseco    
|uhtml|bestof|Game 1 of a best-of-3
|t:|1757247728
|gametype|doubles
|player|p1|MinasDevilCrobats|darach-caitlin|1169
|player|p2|engoleseco|265|1231
|gen|9
|tier|[Gen 9] VGC 2025 Reg H (Bo3)
|rated|
|rule|Species Clause: Limit one of each Pokémon
|rule|Item Clause: Limit 1 of each item
|clearpoke
|poke|p1|Indeedee, L50, M|
|poke|p1|Sneasler, L50, F|
|poke|p1|Dondozo, L50, M|
|poke|p1|Tatsugiri, L50, F|
|poke|p1|Talonflame, L50, M|
|poke|p1|Glimmora, L50, M|
|poke|p2|Armarouge, L50, F|
|poke|p2|Ursaluna, L50, F|
|poke|p2|Indeedee-F, L50, F|
|poke|p2|Torkoal, L50, F|
|poke|p2|Gallade, L50, M|
|poke|p2|Exeggutor, L50, F|
|teampreview|4
|showteam|p1|Indeedee||ChoiceScarf|PsychicSurge|ExpandingForce,DazzlingGleam,Trick,Protect|||M|||50|,,,,,Fairy]Sneasler||PsychicSeed|Unburden|CloseCombat,DireClaw,ThroatChop,Protect|||F|||50|,,,,,Dark]Dondozo||Leftovers|Unaware|WaveCrash,OrderUp,Earthquake,Protect|||M|||50|,,,,,Grass]Tatsugiri||FocusSash|Commander|MuddyWater,DracoMeteor,DragonPulse,Protect|||F|||50|,,,,,Steel]Talonflame||CovertCloak|GaleWings|FlareBlitz,BraveBird,Tailwind,WillOWisp|||M|||50|,,,,,Grass]Glimmora||PowerHerb|ToxicDebris|MeteorBeam,SludgeBomb,EarthPower,SpikyShield|||M|||50|,,,,,Grass
|showteam|p2|Armarouge||PowerHerb|FlashFire|EnergyBall,TrickRoom,ExpandingForce,MeteorBeam|||F|||50|,,,,,Grass]Ursaluna||FlameOrb|Guts|Facade,Protect,HeadlongRush,Earthquake|||F|||50|,,,,,Ghost]Indeedee-F||RockyHelmet|PsychicSurge|FollowMe,TrickRoom,Psychic,HelpingHand|||F|||50|,,,,,Grass]Torkoal||Charcoal|Drought|Eruption,WeatherBall,EarthPower,HeatWave|||F|||50|,,,,,Fire]Gallade||ClearAmulet|Sharpness|SacredSword,WideGuard,PsychoCut,TrickRoom|||M|||50|,,,,,Grass]Exeggutor||FocusSash|Chlorophyll|SleepPowder,ExpandingForce,GigaDrain,Protect|||F|||50|,,,,,Psychic
|inactive|Battle timer is ON: inactive players will automatically lose when time's up. (requested by engoleseco)
|inactive|MinasDevilCrobats has 60 seconds left.
|inactive|engoleseco has 60 seconds left.
|
|t:|1757247785
|teamsize|p1|4
|teamsize|p2|4
|start
|switch|p1a: Dondozo|Dondozo, L50, M|100/100
|switch|p1b: Tatsugiri|Tatsugiri, L50, F|100/100
|switch|p2a: olivertiao|Exeggutor, L50, F, shiny|100/100
|switch|p2b: karley|Torkoal, L50, F|100/100
|-weather|SunnyDay|[from] ability: Drought|[of] p2b: karley
|-activate|p1b: Tatsugiri|ability: Commander|[of] p1a: Dondozo
|-boost|p1a: Dondozo|atk|2
|-boost|p1a: Dondozo|spa|2
|-boost|p1a: Dondozo|spe|2
|-boost|p1a: Dondozo|def|2
|-boost|p1a: Dondozo|spd|2
|turn|1
|inactive|engoleseco has 30 seconds left.
|inactive|engoleseco has 20 seconds left.
|inactive|engoleseco has 15 seconds left.
|
|t:|1757247829
|-terastallize|p1a: Dondozo|Grass
|-terastallize|p2b: karley|Fire
|move|p2a: olivertiao|Sleep Powder|p1a: Dondozo
|-immune|p1a: Dondozo
|move|p1a: Dondozo|Wave Crash|p2b: karley
|-supereffective|p2b: karley
|-crit|p2b: karley
|-damage|p2b: karley|0 fnt
|faint|p2b: karley
|-damage|p1a: Dondozo|75/100|[from] Recoil
|
|-weather|SunnyDay|[upkeep]
|-heal|p1a: Dondozo|81/100|[from] item: Leftovers
|upkeep
|
|t:|1757247832
|switch|p2b: ayumi|Indeedee-F, L50, F|100/100
|-fieldstart|move: Psychic Terrain|[from] ability: Psychic Surge|[of] p2b: ayumi
|turn|2
|
|t:|1757247852
|move|p2a: olivertiao|Expanding Force|p1b: Tatsugiri|[spread] p1a
|-miss|p2a: olivertiao|p1b: Tatsugiri
|-damage|p1a: Dondozo|47/100
|move|p1a: Dondozo|Wave Crash|p2b: ayumi
|-damage|p2b: ayumi|45/100
|-damage|p1a: Dondozo|31/100|[from] item: Rocky Helmet|[of] p2b: ayumi
|-damage|p1a: Dondozo|16/100|[from] Recoil
|move|p2b: ayumi|Trick Room|p2b: ayumi
|-fieldstart|move: Trick Room|[of] p2b: ayumi
|
|-weather|SunnyDay|[upkeep]
|-heal|p1a: Dondozo|23/100|[from] item: Leftovers
|upkeep
|turn|3
|inactive|engoleseco has 30 seconds left.
|
|t:|1757247881
|move|p2b: ayumi|Helping Hand|p2a: olivertiao
|-singleturn|p2a: olivertiao|Helping Hand|[of] p2b: ayumi
|move|p1a: Dondozo|Protect|p1a: Dondozo
|-singleturn|p1a: Dondozo|Protect
|move|p2a: olivertiao|Expanding Force|p1b: Tatsugiri|[spread] 
|-miss|p2a: olivertiao|p1b: Tatsugiri
|-activate|p1a: Dondozo|move: Protect
|
|-weather|SunnyDay|[upkeep]
|-heal|p1a: Dondozo|29/100|[from] item: Leftovers
|upkeep
|turn|4
|
|t:|1757247886
|move|p2b: ayumi|Helping Hand|p2a: olivertiao
|-singleturn|p2a: olivertiao|Helping Hand|[of] p2b: ayumi
|move|p1a: Dondozo|Protect|p1a: Dondozo
|-singleturn|p1a: Dondozo|Protect
|move|p2a: olivertiao|Expanding Force|p1a: Dondozo|[spread] 
|-miss|p2a: olivertiao|p1b: Tatsugiri
|-activate|p1a: Dondozo|move: Protect
|
|-weather|SunnyDay|[upkeep]
|-heal|p1a: Dondozo|35/100|[from] item: Leftovers
|upkeep
|turn|5
|
|t:|1757247892
|move|p2b: ayumi|Helping Hand|p2a: olivertiao
|-singleturn|p2a: olivertiao|Helping Hand|[of] p2b: ayumi
|move|p1a: Dondozo|Protect||[still]
|-fail|p1a: Dondozo
|move|p2a: olivertiao|Expanding Force|p1a: Dondozo|[spread] p1a
|-miss|p2a: olivertiao|p1b: Tatsugiri
|-crit|p1a: Dondozo
|-damage|p1a: Dondozo|0 fnt
|faint|p1a: Dondozo
|
|-weather|none
|upkeep
|
|t:|1757247896
|switch|p1a: Talonflame|Talonflame, L50, M|100/100
|turn|6
|
|t:|1757247912
|move|p2b: ayumi|Helping Hand|p2a: olivertiao
|-singleturn|p2a: olivertiao|Helping Hand|[of] p2b: ayumi
|move|p1b: Tatsugiri|Protect|p1b: Tatsugiri
|-singleturn|p1b: Tatsugiri|Protect
|move|p1a: Talonflame|Tailwind|p1a: Talonflame
|-sidestart|p1: MinasDevilCrobats|move: Tailwind
|move|p2a: olivertiao|Expanding Force|p1a: Talonflame|[spread] p1a
|-activate|p1b: Tatsugiri|move: Protect
|-damage|p1a: Talonflame|0 fnt
|faint|p1a: Talonflame
|
|-fieldend|move: Trick Room
|-fieldend|move: Psychic Terrain
|upkeep
|
|t:|1757247919
|switch|p1a: Glimmora|Glimmora, L50, M|100/100
|turn|7
|
|t:|1757247937
|move|p1a: Glimmora|Meteor Beam||[still]
|-prepare|p1a: Glimmora|Meteor Beam
|-boost|p1a: Glimmora|spa|1
|-enditem|p1a: Glimmora|Power Herb
|-anim|p1a: Glimmora|Meteor Beam|p2a: olivertiao
|-enditem|p2a: olivertiao|Focus Sash
|-damage|p2a: olivertiao|1/100
|move|p1b: Tatsugiri|Dragon Pulse|p2a: olivertiao
|-damage|p2a: olivertiao|0 fnt
|faint|p2a: olivertiao
|move|p2b: ayumi|Trick Room|p2b: ayumi
|-fieldstart|move: Trick Room|[of] p2b: ayumi
|
|upkeep
|
|t:|1757247940
|switch|p2a: eduyoko|Armarouge, L50, F|100/100
|turn|8
|
|t:|1757247960
|move|p2b: ayumi|Helping Hand|p2a: eduyoko
|-singleturn|p2a: eduyoko|Helping Hand|[of] p2b: ayumi
|move|p1a: Glimmora|Spiky Shield|p1a: Glimmora
|-singleturn|p1a: Glimmora|move: Protect
|move|p2a: eduyoko|Expanding Force|p1a: Glimmora
|-activate|p1a: Glimmora|move: Protect
|move|p1b: Tatsugiri|Muddy Water|p2b: ayumi|[spread] p2a,p2b
|-supereffective|p2a: eduyoko
|-crit|p2a: eduyoko
|-damage|p2a: eduyoko|0 fnt
|-damage|p2b: ayumi|11/100
|-unboost|p2b: ayumi|accuracy|1
|faint|p2a: eduyoko
|
|upkeep
|turn|9
|
|t:|1757247974
|move|p2b: ayumi|Psychic|p1a: Glimmora
|-supereffective|p1a: Glimmora
|-damage|p1a: Glimmora|20/100
|move|p1b: Tatsugiri|Dragon Pulse|p2b: ayumi
|-damage|p2b: ayumi|0 fnt
|faint|p2b: ayumi
|
|win|MinasDevilCrobats
||MinasDevilCrobats is ready for game 2.
||engoleseco is ready for game 2.
|uhtml|next|Next: Game 2 of 3
|l|☆engoleseco
|player|p2|
