|j|☆videoasaurus
|j|☆redistr
|html|videoasaurusredistr    
|uhtml|bestof|Game 3 of a best-of-3
|t:|1785655968
|gametype|doubles
|player|p1|videoasaurus|265|1105
|player|p2|redistr|chili|1299
|gen|9
|tier|[Gen 9 Champions] VGC 2026 Reg M-B (Bo3)
|rated|
|rule|Species Clause: Limit one of each Pokémon
|rule|Item Clause: Limit 1 of each item
|clearpoke
|poke|p1|Glimmora, L50, F|
|poke|p1|Staraptor, L50, F|
|poke|p1|Sinistcha, L50|
|poke|p1|Incineroar, L50, M|
|poke|p1|Aegislash, L50, M, shiny|
|poke|p1|Rotom-Wash, L50|
|poke|p2|Farigiraf, L50, F|
|poke|p2|Mawile, L50, F|
|poke|p2|Incineroar, L50, F|
|poke|p2|Charizard, L50, F|
|poke|p2|Venusaur, L50, F|
|poke|p2|Garchomp, L50, F|
|teampreview|4
|showteam|p1|Glimmora||Glimmoranite|ToxicDebris|SludgeBomb,PowerGem,EarthPower,SpikyShield|Modest||F|||50|]Staraptor||Staraptite|Intimidate|BraveBird,CloseCombat,Tailwind,Protect|Adamant||F|||50|]Sinistcha||Leftovers|Hospitality|MatchaGotcha,TrickRoom,RagePowder,Protect|Relaxed|||||50|]Incineroar||SitrusBerry|Intimidate|FlareBlitz,FakeOut,PartingShot,Taunt|Impish||M|||50|]Aegislash||LifeOrb|StanceChange|KingsShield,SwordsDance,IronHead,ShadowSneak|Adamant||M|||50|]Rotom-Wash||ChoiceScarf|Levitate|Electroweb,HydroPump,Thunderbolt,VoltSwitch|Timid|||||50|
|showteam|p2|Farigiraf||ColburBerry|ArmorTail|HelpingHand,TrickRoom,Psychic,Thunderbolt|Relaxed||F|||50|]Mawile||Mawilite|HyperCutter|Protect,PlayRough,RockSlide,SuckerPunch|Brave||F|||50|]Incineroar||SitrusBerry|Intimidate|FakeOut,PartingShot,FlareBlitz,DarkestLariat|Relaxed||F|||50|]Charizard||CharizarditeY|Blaze|Protect,HeatWave,WeatherBall,SolarBeam|Modest||F|||50|]Venusaur||FocusSash|Chlorophyll|Protect,SleepPowder,LeafStorm,SludgeBomb|Timid||F|||50|]Garchomp||LifeOrb|RoughSkin|Protect,DragonClaw,Earthquake,RockSlide|Jolly||F|||50|
|inactive|Battle timer is ON: inactive players will automatically lose when time's up. (requested by redistr)
|inactive|videoasaurus has 60 seconds left.
|inactive|redistr has 60 seconds left.
|
|t:|1785656001
|teamsize|p1|4
|teamsize|p2|4
|start
|switch|p1a: Sinistcha|Sinistcha, L50|100/100
|switch|p1b: Staraptor|Staraptor, L50, F|100/100
|switch|p2a: Karma|Incineroar, L50, F|100/100
|switch|p2b: Denied!|Farigiraf, L50, F|100/100
|-ability|p1b: Staraptor|Intimidate|boost
|-unboost|p2a: Karma|atk|1
|-unboost|p2b: Denied!|atk|1
|-ability|p2a: Karma|Intimidate|boost
|-unboost|p1a: Sinistcha|atk|1
|-unboost|p1b: Staraptor|atk|1
|turn|1
|
|t:|1785656022
|switch|p1a: Incineroar|Incineroar, L50, M|100/100
|-ability|p1a: Incineroar|Intimidate|boost
|-unboost|p2a: Karma|atk|1
|-unboost|p2b: Denied!|atk|1
|move|p2b: Denied!|Helping Hand|p2a: Karma
|-singleturn|p2a: Karma|Helping Hand|[of] p2b: Denied!
|move|p1b: Staraptor|Protect|p1b: Staraptor
|-singleturn|p1b: Staraptor|Protect
|move|p2a: Karma|Flare Blitz|p1a: Incineroar
|-resisted|p1a: Incineroar|1
|-damage|p1a: Incineroar|86/100
|-damage|p2a: Karma|95/100|[from] Recoil
|
|upkeep
|turn|2
|
|t:|1785656040
|detailschange|p1b: Staraptor|Staraptor-Mega, L50, F
|-mega|p1b: Staraptor|Staraptor|Staraptite
|move|p1b: Staraptor|Close Combat|p2a: Karma
|-supereffective|p2a: Karma|1
|-damage|p2a: Karma|16/100
|-boost|p1b: Staraptor|def|1
|-boost|p1b: Staraptor|spd|1
|-enditem|p2a: Karma|Sitrus Berry|[eat]
|-heal|p2a: Karma|41/100|[from] item: Sitrus Berry
|move|p1a: Incineroar|Parting Shot|p1b: Staraptor
|-boost|p1b: Staraptor|atk|1
|-boost|p1b: Staraptor|spa|1
|
|t:|1785656052
|switch|p1a: Rotom|Rotom-Wash, L50|100/100|[from] Parting Shot
|move|p2a: Karma|Parting Shot|p1a: Rotom
|-unboost|p1a: Rotom|atk|1
|-unboost|p1a: Rotom|spa|1
|
|t:|1785656058
|switch|p2a: Man Eater|Mawile, L50, F|100/100|[from] Parting Shot
|move|p2b: Denied!|Trick Room|p2b: Denied!
|-fieldstart|move: Trick Room|[of] p2b: Denied!
|
|upkeep
|turn|3
|inactive|redistr has 30 seconds left.
|
|t:|1785656092
|detailschange|p2a: Man Eater|Mawile-Mega, L50, F
|-mega|p2a: Man Eater|Mawile|Mawilite
|move|p2a: Man Eater|Play Rough|p1b: Staraptor
|-supereffective|p1b: Staraptor|1
|-damage|p1b: Staraptor|0 fnt
|faint|p1b: Staraptor
|move|p2b: Denied!|Psychic|p1a: Rotom
|-damage|p1a: Rotom|56/100
|-unboost|p1a: Rotom|spd|1
|move|p1a: Rotom|Volt Switch|p2a: Man Eater
|-damage|p2a: Man Eater|77/100
|
|t:|1785656103
|switch|p1a: Incineroar|Incineroar, L50, M|86/100|[from] Volt Switch
|-ability|p1a: Incineroar|Intimidate|boost
|-unboost|p2a: Man Eater|atk|1
|-unboost|p2b: Denied!|atk|1
|
|upkeep
|
|t:|1785656108
|switch|p1b: Sinistcha|Sinistcha, L50|100/100
|-heal|p1a: Incineroar|100/100|[from] ability: Hospitality|[of] p1b: Sinistcha
|turn|4
|
|t:|1785656118
|switch|p2a: Karma|Incineroar, L50, F|41/100
|-ability|p2a: Karma|Intimidate|boost
|-unboost|p1a: Incineroar|atk|1
|-unboost|p1b: Sinistcha|atk|1
|move|p1a: Incineroar|Fake Out||[still]
|cant|p2b: Denied!|ability: Armor Tail|Fake Out|[of] p1a: Incineroar
|move|p2b: Denied!|Trick Room|p2b: Denied!
|-fieldend|move: Trick Room
|move|p1b: Sinistcha|Trick Room|p1b: Sinistcha
|-fieldstart|move: Trick Room|[of] p1b: Sinistcha
|
|upkeep
|turn|5
|c|☆videoasaurus|nice one
|c|☆redistr|tyty
|
|t:|1785656140
|switch|p1b: Rotom|Rotom-Wash, L50|56/100
|move|p2b: Denied!|Helping Hand|p2a: Karma
|-singleturn|p2a: Karma|Helping Hand|[of] p2b: Denied!
|move|p2a: Karma|Flare Blitz|p1b: Rotom
|-resisted|p1b: Rotom|1
|-damage|p1b: Rotom|11/100
|-damage|p2a: Karma|31/100|[from] Recoil
|move|p1a: Incineroar|Taunt|p2b: Denied!
|-start|p2b: Denied!|move: Taunt
|
|upkeep
|turn|6
|
|t:|1785656160
|move|p2a: Karma|Parting Shot|p1a: Incineroar
|-unboost|p1a: Incineroar|atk|1
|-unboost|p1a: Incineroar|spa|1
|
|t:|1785656164
|switch|p2a: Man Eater|Mawile-Mega, L50, F|77/100|[from] Parting Shot
|move|p2b: Denied!|Psychic|p1b: Rotom
|-damage|p1b: Rotom|0 fnt
|faint|p1b: Rotom
|move|p1a: Incineroar|Parting Shot|p2a: Man Eater
|-unboost|p2a: Man Eater|atk|1
|-unboost|p2a: Man Eater|spa|1
|
|t:|1785656172
|switch|p1a: Sinistcha|Sinistcha, L50|100/100|[from] Parting Shot
|
|upkeep
|
|t:|1785656175
|switch|p1b: Incineroar|Incineroar, L50, M|100/100
|-ability|p1b: Incineroar|Intimidate|boost
|-unboost|p2a: Man Eater|atk|1
|-unboost|p2b: Denied!|atk|1
|turn|7
|
|t:|1785656199
|switch|p2a: Karma|Incineroar, L50, F|31/100
|-ability|p2a: Karma|Intimidate|boost
|-unboost|p1a: Sinistcha|atk|1
|-unboost|p1b: Incineroar|atk|1
|move|p2b: Denied!|Psychic|p1a: Sinistcha
|-damage|p1a: Sinistcha|64/100
|move|p1b: Incineroar|Flare Blitz|p2b: Denied!
|-damage|p2b: Denied!|75/100
|-damage|p1b: Incineroar|91/100|[from] Recoil
|move|p1a: Sinistcha|Matcha Gotcha|p2a: Karma|[spread] p2a,p2b
|-resisted|p2a: Karma|1
|-damage|p2a: Karma|21/100
|-heal|p1a: Sinistcha|70/100|[from] drain|[of] p2a: Karma
|-damage|p2b: Denied!|55/100
|-heal|p1a: Sinistcha|83/100|[from] drain|[of] p2b: Denied!
|-status|p2b: Denied!|brn
|
|-heal|p1a: Sinistcha|89/100|[from] item: Leftovers
|-damage|p2b: Denied!|49/100 brn|[from] brn
|upkeep
|turn|8
|inactive|videoasaurus has 30 seconds left.
|inactive|redistr has 30 seconds left.
|
|t:|1785656226
|move|p1a: Sinistcha|Protect|p1a: Sinistcha
|-singleturn|p1a: Sinistcha|Protect
|move|p2a: Karma|Fake Out|p1b: Incineroar
|-damage|p1b: Incineroar|83/100
|move|p2b: Denied!|Psychic|p1a: Sinistcha
|-activate|p1a: Sinistcha|move: Protect
|cant|p1b: Incineroar|flinch
|
|-heal|p1a: Sinistcha|95/100|[from] item: Leftovers
|-damage|p2b: Denied!|43/100 brn|[from] brn
|-end|p2b: Denied!|move: Taunt
|-fieldend|move: Trick Room
|upkeep
|turn|9
|
|t:|1785656245
|move|p2b: Denied!|Helping Hand|p2a: Karma
|-singleturn|p2a: Karma|Helping Hand|[of] p2b: Denied!
|move|p1a: Sinistcha|Matcha Gotcha|p2b: Denied!|[spread] p2a,p2b
|-resisted|p2a: Karma|1
|-damage|p2a: Karma|11/100
|-heal|p1a: Sinistcha|100/100|[from] drain|[of] p2a: Karma
|-damage|p2b: Denied!|21/100 brn
|move|p1b: Incineroar|Flare Blitz|p2a: Karma
|-resisted|p2a: Karma|1
|-damage|p2a: Karma|0 fnt
|faint|p2a: Karma
|-damage|p1b: Incineroar|79/100|[from] Recoil
|
|-damage|p2b: Denied!|16/100 brn|[from] brn
|upkeep
|
|t:|1785656258
|switch|p2a: THE SUN!|Venusaur, L50, F|100/100
|turn|10
|
|t:|1785656265
|move|p1a: Sinistcha|Rage Powder|p1a: Sinistcha
|-singleturn|p1a: Sinistcha|move: Rage Powder
|move|p2a: THE SUN!|Sleep Powder|p1b: Incineroar
|-status|p1b: Incineroar|slp|[from] move: Sleep Powder
|cant|p1b: Incineroar|slp
|move|p2b: Denied!|Psychic|p1a: Sinistcha
|-damage|p1a: Sinistcha|59/100
|
|-heal|p1a: Sinistcha|65/100|[from] item: Leftovers
|-damage|p2b: Denied!|10/100 brn|[from] brn
|upkeep
|turn|11
|
|t:|1785656278
|move|p2b: Denied!|Helping Hand|p2a: THE SUN!
|-singleturn|p2a: THE SUN!|Helping Hand|[of] p2b: Denied!
|move|p2a: THE SUN!|Sludge Bomb|p1a: Sinistcha
|-crit|p1a: Sinistcha
|-damage|p1a: Sinistcha|0 fnt
|faint|p1a: Sinistcha
|-curestatus|p1b: Incineroar|slp|[msg]
|move|p1b: Incineroar|Flare Blitz|p2a: THE SUN!
|-supereffective|p2a: THE SUN!|1
|-damage|p2a: THE SUN!|10/100
|-damage|p1b: Incineroar|56/100|[from] Recoil
|
|-damage|p2b: Denied!|4/100 brn|[from] brn
|upkeep
|turn|12
|
|t:|1785656297
|move|p2a: THE SUN!|Sludge Bomb|p1b: Incineroar
|-damage|p1b: Incineroar|22/100
|-status|p1b: Incineroar|psn
|-enditem|p1b: Incineroar|Sitrus Berry|[eat]
|-heal|p1b: Incineroar|47/100 psn|[from] item: Sitrus Berry
|move|p1b: Incineroar|Flare Blitz|p2a: THE SUN!
|-supereffective|p2a: THE SUN!|1
|-damage|p2a: THE SUN!|0 fnt
|faint|p2a: THE SUN!
|-damage|p1b: Incineroar|44/100 psn|[from] Recoil
|move|p2b: Denied!|Trick Room|p2b: Denied!
|-fieldstart|move: Trick Room|[of] p2b: Denied!
|
|-damage|p1b: Incineroar|31/100 psn|[from] psn
|-damage|p2b: Denied!|0 fnt|[from] brn
|faint|p2b: Denied!
|upkeep
|
|t:|1785656305
|switch|p2a: Man Eater|Mawile-Mega, L50, F|77/100
|turn|13
|
|t:|1785656317
|move|p2a: Man Eater|Play Rough|p1b: Incineroar
|-damage|p1b: Incineroar|0 fnt
|faint|p1b: Incineroar
|
|win|redistr
|raw|videoasaurus's rating: 1105 → 1093(-12 for losing)
|raw|redistr's rating: 1299 → 1311(+12 for winning)
|c|☆videoasaurus|gg
|c|☆redistr|ggs, wp!
|c|☆redistr|fun set
