|j|☆El Dexter
|j|☆ProbRolling
|html|El DexterProbRolling    
|uhtml|bestof|Game 1 of a best-of-3
|t:|1756187706
|gametype|doubles
|player|p1|El Dexter|hilbert-wonderlauncher|1067
|player|p2|ProbRolling|2|1000
|gen|9
|tier|[Gen 9] VGC 2025 Reg H (Bo3)
|rated|
|rule|Species Clause: Limit one of each Pokémon
|rule|Item Clause: Limit 1 of each item
|clearpoke
|poke|p1|Electabuzz, L50, F|
|poke|p1|Pelipper, L50, M|
|poke|p1|Rillaboom, L50, F|
|poke|p1|Basculegion, L50, M|
|poke|p1|Kingambit, L50, F|
|poke|p1|Archaludon, L50, M|
|poke|p2|Lucario, L50, M|
|poke|p2|Whimsicott, L50, F|
|poke|p2|Incineroar, L50, M|
|poke|p2|Annihilape, L50, F|
|poke|p2|Sylveon, L50, F|
|poke|p2|Gothitelle, L50, M|
|teampreview|4
|showteam|p1|Electabuzz||Eviolite|VitalSpirit|Electroweb,Taunt,FollowMe,Protect|||F|||50|,,,,,Ghost]Pelipper||FocusSash|Drizzle|WeatherBall,Hurricane,Tailwind,Protect|||M|||50|,,,,,Ghost]Rillaboom||LoadedDice|GrassySurge|BulletSeed,GrassyGlide,FakeOut,HighHorsepower|||F|||50|,,,,,Fire]Basculegion||ChoiceBand|SwiftSwim|WaveCrash,AquaJet,FlipTurn,LastRespects|||M|||50|,,,,,Grass]Kingambit||BlackGlasses|Defiant|KowtowCleave,SuckerPunch,SwordsDance,Protect|||F|||50|,,,,,Dark]Archaludon||AssaultVest|Stamina|FlashCannon,DragonPulse,ElectroShot,BodyPress|||M|||50|,,,,,Fairy
|showteam|p2|Lucario||LoadedDice|Justified|BoneRush,Earthquake,Protect,LowKick|||M|||50|,,,,,Ground]Whimsicott||FocusSash|Prankster|Tailwind,BeatUp,Protect,Moonblast|||F|||50|,,,,,Dark]Incineroar||AssaultVest|Intimidate|Uturn,FakeOut,ThroatChop,FlareBlitz|||M|||50|,,,,,Grass]Annihilape||ChoiceScarf|Defiant|RageFist,FinalGambit,DrainPunch,PhantomForce|||F|||50|,,,,,Fighting]Sylveon||ThroatSpray|Pixilate|TeraBlast,AlluringVoice,HyperVoice,Protect|||F|||50|,,,,,Fairy]Gothitelle||SitrusBerry|ShadowTag|FakeOut,HealPulse,Protect,Psychic|||M|||50|,,,,,Water
|
|t:|1756187775
|teamsize|p1|4
|teamsize|p2|4
|start
|switch|p1a: Kingambit|Kingambit, L50, F|100/100
|switch|p1b: Pelipper|Pelipper, L50, M|100/100
|switch|p2a: Whimsicott|Whimsicott, L50, F|100/100
|switch|p2b: Sylveon|Sylveon, L50, F|100/100
|-weather|RainDance|[from] ability: Drizzle|[of] p1b: Pelipper
|turn|1
|
|t:|1756187817
|-terastallize|p2b: Sylveon|Fairy
|move|p1a: Kingambit|Protect|p1a: Kingambit
|-singleturn|p1a: Kingambit|Protect
|move|p2a: Whimsicott|Tailwind|p2a: Whimsicott
|-sidestart|p2: ProbRolling|move: Tailwind
|move|p2b: Sylveon|Hyper Voice|p1a: Kingambit|[spread] p1b
|-activate|p1a: Kingambit|move: Protect
|-damage|p1b: Pelipper|8/100
|-enditem|p2b: Sylveon|Throat Spray
|-boost|p2b: Sylveon|spa|1|[from] item: Throat Spray
|move|p1b: Pelipper|Tailwind|p1b: Pelipper
|-sidestart|p1: El Dexter|move: Tailwind
|
|-weather|RainDance|[upkeep]
|upkeep
|turn|2
|
|t:|1756187855
|move|p2b: Sylveon|Protect|p2b: Sylveon
|-singleturn|p2b: Sylveon|Protect
|move|p2a: Whimsicott|Moonblast|p1a: Kingambit
|-damage|p1a: Kingambit|70/100
|-unboost|p1a: Kingambit|spa|1
|-ability|p1a: Kingambit|Defiant|boost
|-boost|p1a: Kingambit|atk|2
|move|p1b: Pelipper|Weather Ball|p2b: Sylveon
|-activate|p2b: Sylveon|move: Protect
|move|p1a: Kingambit|Kowtow Cleave|p2b: Sylveon
|-activate|p2b: Sylveon|move: Protect
|
|-weather|RainDance|[upkeep]
|upkeep
|turn|3
|
|t:|1756187879
|switch|p2a: Incineroar|Incineroar, L50, M|100/100
|-ability|p2a: Incineroar|Intimidate|boost
|-unboost|p1a: Kingambit|atk|1
|-ability|p1a: Kingambit|Defiant|boost
|-boost|p1a: Kingambit|atk|2
|-unboost|p1b: Pelipper|atk|1
|move|p1a: Kingambit|Protect|p1a: Kingambit
|-singleturn|p1a: Kingambit|Protect
|move|p1b: Pelipper|Hurricane|p2a: Incineroar
|-damage|p2a: Incineroar|67/100
|-start|p2a: Incineroar|confusion
|move|p2b: Sylveon|Alluring Voice|p1a: Kingambit
|-activate|p1a: Kingambit|move: Protect
|
|-weather|RainDance|[upkeep]
|upkeep
|turn|4
|
|t:|1756187910
|move|p1b: Pelipper|Protect|p1b: Pelipper
|-singleturn|p1b: Pelipper|Protect
|-activate|p2a: Incineroar|confusion
|-damage|p2a: Incineroar|52/100|[from] confusion
|move|p2b: Sylveon|Hyper Voice|p1a: Kingambit|[spread] p1a
|-activate|p1b: Pelipper|move: Protect
|-damage|p1a: Kingambit|0 fnt
|faint|p1a: Kingambit
|
|-weather|RainDance|[upkeep]
|-sideend|p2: ProbRolling|move: Tailwind
|-sideend|p1: El Dexter|move: Tailwind
|upkeep
|
|t:|1756187921
|switch|p1a: Rillaboom|Rillaboom, L50, F|100/100
|-fieldstart|move: Grassy Terrain|[from] ability: Grassy Surge|[of] p1a: Rillaboom
|turn|5
|
|t:|1756187932
|switch|p1b: Basculegion|Basculegion, L50, M|100/100
|switch|p2a: Whimsicott|Whimsicott, L50, F|100/100
|move|p1a: Rillaboom|Bullet Seed|p2b: Sylveon
|-damage|p2b: Sylveon|79/100
|-damage|p2b: Sylveon|59/100
|-damage|p2b: Sylveon|39/100
|-damage|p2b: Sylveon|17/100
|-damage|p2b: Sylveon|0 fnt
|faint|p2b: Sylveon
|-hitcount|p2: Sylveon|5
|
|-weather|none
|upkeep
|
|t:|1756187951
|switch|p2b: Lucario|Lucario, L50, M|100/100
|turn|6
|
|t:|1756187992
|switch|p1a: Pelipper|Pelipper, L50, M|8/100
|-weather|RainDance|[from] ability: Drizzle|[of] p1a: Pelipper
|move|p1b: Basculegion|Flip Turn|p2b: Lucario
|-damage|p2b: Lucario|0 fnt
|faint|p2b: Lucario
|
|t:|1756187999
|switch|p1b: Rillaboom|Rillaboom, L50, F|100/100|[from] Flip Turn
|move|p2a: Whimsicott|Beat Up|p2: Lucario|[notarget]
|-fail|p2a: Whimsicott
|
|-weather|RainDance|[upkeep]
|upkeep
|-message|ProbRolling forfeited.
|
|win|El Dexter
|l|☆ProbRolling
|player|p2|
|raw|El Dexter's rating: 1067 → 1091(+24 for winning)
|raw|ProbRolling's rating: 1000 → 1000(+0 for losing)
