|j|☆Garden Monke
|j|☆khe wea
|html|Garden Monkekhe wea    
|uhtml|bestof|Game 2 of a best-of-3
|t:|1784493508
|gametype|doubles
|player|p1|Garden Monke|giacomo|1147
|player|p2|khe wea|silver|1077
|gen|9
|tier|[Gen 9 Champions] VGC 2026 Reg M-B (Bo3)
|rated|
|rule|Species Clause: Limit one of each Pokémon
|rule|Item Clause: Limit 1 of each item
|clearpoke
|poke|p1|Incineroar, L50, F|
|poke|p1|Sinistcha, L50|
|poke|p1|Gengar, L50, F|
|poke|p1|Swampert, L50, F|
|poke|p1|Politoed, L50, M|
|poke|p1|Archaludon, L50, F|
|poke|p2|Grimmsnarl, L50, M|
|poke|p2|Staraptor, L50, F|
|poke|p2|Serperior, L50, F|
|poke|p2|Chandelure, L50, M|
|poke|p2|Sinistcha, L50|
|poke|p2|Incineroar, L50, F|
|teampreview|4
|showteam|p1|Incineroar||PasshoBerry|Intimidate|ThroatChop,FakeOut,PartingShot,Protect|Sassy||F|||50|]Sinistcha||ColburBerry|Hospitality|MatchaGotcha,RagePowder,TrickRoom,Protect|Calm|||||50|]Gengar||Gengarite|CursedBody|ShadowBall,Disable,PerishSong,Protect|Timid||F|||50|]Swampert||Swampertite|Damp|WaveCrash,HighHorsepower,IcePunch,Protect|Adamant||F|||50|]Politoed||SitrusBerry|Drizzle|WeatherBall,Encore,PerishSong,Protect|Calm||M|||50|]Archaludon||Leftovers|Stamina|ElectroShot,DragonPulse,FlashCannon,Protect|Modest||F|||50|
|showteam|p2|Grimmsnarl||LightClay|Prankster|PartingShot,FakeTears,Reflect,LightScreen|Bold||M|||50|]Staraptor||Staraptite|Intimidate|CloseCombat,DualWingbeat,Protect,Roost|Adamant||F|||50|]Serperior||ShellBell|Contrary|LeafStorm,DragonPulse,GigaDrain,Protect|Timid||F|||50|]Chandelure||ChoiceScarf|FlashFire|HeatWave,ShadowBall,Overheat,Trick|Modest||M|||50|]Sinistcha||Leftovers|Hospitality|MatchaGotcha,RagePowder,LifeDew,Scald|Calm|||||50|]Incineroar||SitrusBerry|Intimidate|FakeOut,Bulldoze,PartingShot,Snarl|Calm||F|||50|
|inactive|Battle timer is ON: inactive players will automatically lose when time's up. (requested by Garden Monke)
|
|t:|1784493532
|teamsize|p1|4
|teamsize|p2|4
|start
|switch|p1a: Archaludon|Archaludon, L50, F|100/100
|switch|p1b: Incineroar|Incineroar, L50, F|100/100
|switch|p2a: Grimmsnarl|Grimmsnarl, L50, M|100/100
|switch|p2b: Serperior|Serperior, L50, F|100/100
|-ability|p1b: Incineroar|Intimidate|boost
|-unboost|p2a: Grimmsnarl|atk|1
|-boost|p2b: Serperior|atk|1
|turn|1
|inactive|khe wea has 30 seconds left.
|
|t:|1784493563
|switch|p1b: Politoed|Politoed, L50, M|100/100
|-weather|RainDance|[from] ability: Drizzle|[of] p1b: Politoed
|move|p2a: Grimmsnarl|Light Screen|p2a: Grimmsnarl
|-sidestart|p2: khe wea|move: Light Screen
|move|p2b: Serperior|Leaf Storm|p1b: Politoed
|-supereffective|p1b: Politoed|1
|-damage|p1b: Politoed|35/100
|-boost|p2b: Serperior|spa|2
|-enditem|p1b: Politoed|Sitrus Berry|[eat]
|-heal|p1b: Politoed|60/100|[from] item: Sitrus Berry
|move|p1a: Archaludon|Electro Shot||[still]
|-prepare|p1a: Archaludon|Electro Shot
|-boost|p1a: Archaludon|spa|1
|-anim|p1a: Archaludon|Electro Shot|p2a: Grimmsnarl
|-damage|p2a: Grimmsnarl|60/100
|
|-weather|RainDance|[upkeep]
|upkeep
|turn|2
|inactive|Garden Monke has 30 seconds left.
|inactive|Garden Monke has 20 seconds left.
|inactive|Garden Monke has 15 seconds left.
|
|t:|1784493604
|move|p1b: Politoed|Protect|p1b: Politoed
|-singleturn|p1b: Politoed|Protect
|move|p2a: Grimmsnarl|Fake Tears|p1a: Archaludon
|-unboost|p1a: Archaludon|spd|2
|move|p2b: Serperior|Leaf Storm|p1b: Politoed
|-activate|p1b: Politoed|move: Protect
|move|p1a: Archaludon|Flash Cannon|p2a: Grimmsnarl
|-supereffective|p2a: Grimmsnarl|1
|-damage|p2a: Grimmsnarl|0 fnt
|faint|p2a: Grimmsnarl
|
|-weather|RainDance|[upkeep]
|upkeep
|
|t:|1784493613
|switch|p2a: Staraptor|Staraptor, L50, F|100/100
|-ability|p2a: Staraptor|Intimidate|boost
|-unboost|p1a: Archaludon|atk|1
|-unboost|p1b: Politoed|atk|1
|turn|3
|
|t:|1784493628
|switch|p1b: Incineroar|Incineroar, L50, F|100/100
|-ability|p1b: Incineroar|Intimidate|boost
|-unboost|p2a: Staraptor|atk|1
|-boost|p2b: Serperior|atk|1
|detailschange|p2a: Staraptor|Staraptor-Mega, L50, F
|-mega|p2a: Staraptor|Staraptor|Staraptite
|move|p2b: Serperior|Leaf Storm|p1a: Archaludon|[miss]
|-miss|p2b: Serperior|p1a: Archaludon
|move|p2a: Staraptor|Close Combat|p1a: Archaludon
|-supereffective|p1a: Archaludon|1
|-damage|p1a: Archaludon|30/100
|-boost|p2a: Staraptor|def|1
|-boost|p2a: Staraptor|spd|1
|-ability|p1a: Archaludon|Stamina|boost
|-boost|p1a: Archaludon|def|1
|move|p1a: Archaludon|Electro Shot||[still]
|-prepare|p1a: Archaludon|Electro Shot
|-boost|p1a: Archaludon|spa|1
|-anim|p1a: Archaludon|Electro Shot|p2a: Staraptor
|-supereffective|p2a: Staraptor|1
|-damage|p2a: Staraptor|28/100
|
|-weather|RainDance|[upkeep]
|-heal|p1a: Archaludon|36/100|[from] item: Leftovers
|upkeep
|turn|4
|inactive|Garden Monke has 30 seconds left.
|inactive|Garden Monke has 20 seconds left.
|inactive|khe wea has 30 seconds left.
|
|t:|1784493670
|move|p1b: Incineroar|Fake Out|p2b: Serperior
|-damage|p2b: Serperior|88/100
|cant|p2b: Serperior|flinch
|move|p2a: Staraptor|Close Combat|p1a: Archaludon
|-supereffective|p1a: Archaludon|1
|-damage|p1a: Archaludon|0 fnt
|-boost|p2a: Staraptor|def|1
|-boost|p2a: Staraptor|spd|1
|faint|p1a: Archaludon
|
|-weather|RainDance|[upkeep]
|upkeep
|
|t:|1784493679
|switch|p1a: Gengar|Gengar, L50, F|100/100
|turn|5
|
|t:|1784493695
|switch|p2a: Sinistcha|Sinistcha, L50|100/100
|-heal|p2b: Serperior|100/100|[from] ability: Hospitality|[of] p2a: Sinistcha
|detailschange|p1a: Gengar|Gengar-Mega, L50, F
|-mega|p1a: Gengar|Gengar|Gengarite
|move|p2b: Serperior|Leaf Storm|p1a: Gengar
|-resisted|p1a: Gengar|1
|-damage|p1a: Gengar|62/100
|-boost|p2b: Serperior|spa|2
|move|p1a: Gengar|Shadow Ball|p2a: Sinistcha
|-supereffective|p2a: Sinistcha|1
|-damage|p2a: Sinistcha|41/100
|move|p1b: Incineroar|Throat Chop|p2b: Serperior
|-damage|p2b: Serperior|68/100
|-start|p2b: Serperior|Throat Chop|[silent]
|
|-weather|none
|-heal|p2a: Sinistcha|47/100|[from] item: Leftovers
|upkeep
|turn|6
|inactive|khe wea has 30 seconds left.
|
|t:|1784493720
|move|p2a: Sinistcha|Rage Powder|p2a: Sinistcha
|-singleturn|p2a: Sinistcha|move: Rage Powder
|move|p2b: Serperior|Leaf Storm|p1a: Gengar
|-resisted|p1a: Gengar|1
|-damage|p1a: Gengar|1/100
|-boost|p2b: Serperior|spa|2
|-heal|p2b: Serperior|75/100|[from] item: Shell Bell|[of] p1a: Gengar
|move|p1a: Gengar|Disable|p2a: Sinistcha
|-start|p2a: Sinistcha|Disable|Rage Powder
|move|p1b: Incineroar|Throat Chop|p2a: Sinistcha
|-supereffective|p2a: Sinistcha|1
|-damage|p2a: Sinistcha|0 fnt
|faint|p2a: Sinistcha
|
|-end|p2b: Serperior|Throat Chop|[silent]
|upkeep
|
|t:|1784493732
|switch|p2a: Staraptor|Staraptor-Mega, L50, F|28/100
|turn|7
|
|t:|1784493752
|switch|p1b: Politoed|Politoed, L50, M|60/100
|-weather|RainDance|[from] ability: Drizzle|[of] p1b: Politoed
|move|p1a: Gengar|Protect|p1a: Gengar
|-singleturn|p1a: Gengar|Protect
|move|p2b: Serperior|Giga Drain|p1a: Gengar
|-activate|p1a: Gengar|move: Protect
|move|p2a: Staraptor|Close Combat|p1b: Politoed
|-damage|p1b: Politoed|1/100
|-boost|p2a: Staraptor|def|1
|-boost|p2a: Staraptor|spd|1
|
|-weather|RainDance|[upkeep]
|upkeep
|turn|8
|
|t:|1784493770
|move|p2b: Serperior|Giga Drain|p1a: Gengar
|-resisted|p1a: Gengar|1
|-crit|p1a: Gengar
|-damage|p1a: Gengar|0 fnt
|-heal|p2b: Serperior|76/100|[from] drain|[of] p1a: Gengar
|faint|p1a: Gengar
|-heal|p2b: Serperior|76/100|[from] item: Shell Bell|[of] p1: Gengar
|move|p2a: Staraptor|Close Combat|p1b: Politoed
|-damage|p1b: Politoed|0 fnt
|-boost|p2a: Staraptor|def|1
|-boost|p2a: Staraptor|spd|1
|faint|p1b: Politoed
|
|-weather|RainDance|[upkeep]
|-sideend|p2: khe wea|move: Light Screen
|upkeep
|-message|Garden Monke forfeited.
|
|win|khe wea
|raw|Garden Monke's rating: 1147 → 1117(-30 for losing)
|raw|khe wea's rating: 1077 → 1111(+34 for winning)
