|j|☆CappoFeFe
|j|☆Olciax34
|html|CappoFeFeOlciax34    
|uhtml|bestof|Game 1 of a best-of-3
|t:|1785182240
|gametype|doubles
|player|p1|CappoFeFe|169|1222
|player|p2|Olciax34|clair|1292
|gen|9
|tier|[Gen 9 Champions] VGC 2026 Reg M-B (Bo3)
|rated|
|rule|Species Clause: Limit one of each Pokémon
|rule|Item Clause: Limit 1 of each item
|clearpoke
|poke|p1|Farigiraf, L50, M, shiny|
|poke|p1|Camerupt, L50, F, shiny|
|poke|p1|Sylveon, L50, M, shiny|
|poke|p1|Incineroar, L50, M, shiny|
|poke|p1|Sinistcha-Masterpiece, L50, shiny|
|poke|p1|Kingambit, L50, M|
|poke|p2|Incineroar, L50, M|
|poke|p2|Floette-Eternal, L50, F|
|poke|p2|Sinistcha, L50|
|poke|p2|Palafin, L50, M|
|poke|p2|Kingambit, L50, M|
|poke|p2|Raichu, L50, M|
|teampreview|4
|showteam|p1|Farigiraf||SitrusBerry|ArmorTail|Psychic,Thunderbolt,TrickRoom,Protect|Modest||M|||50|]Camerupt||Cameruptite|SolidRock|AncientPower,EarthPower,HeatWave,Protect|Quiet||F|||50|]Sylveon||LifeOrb|Pixilate|HyperVoice,HyperBeam,QuickAttack,Detect|Quiet||M|||50|]Incineroar||Charcoal|Intimidate|FakeOut,FlareBlitz,ThroatChop,PartingShot|Adamant||M|||50|]Sinistcha-Masterpiece||ColburBerry|Hospitality|MatchaGotcha,TrickRoom,Protect|Serious|||||50|]Kingambit||BlackGlasses|Defiant|IronHead,KowtowCleave,SuckerPunch,Protect|Brave||M|||50|
|showteam|p2|Incineroar||SitrusBerry|Intimidate|FakeOut,ThroatChop,FlareBlitz,PartingShot|Careful||M|||50|]Floette-Eternal||Floettite|FlowerVeil|DazzlingGleam,DrainingKiss,CalmMind,Protect|Modest||F|||50|]Sinistcha||KasibBerry|Hospitality|MatchaGotcha,LifeDew,RagePowder,Protect|Calm|||||50|]Palafin||Leftovers|ZerotoHero|BulkUp,JetPunch,DrainPunch,Protect|Adamant||M|||50|]Kingambit||BlackGlasses|Defiant|KowtowCleave,SuckerPunch,IronHead,Protect|Adamant||M|||50|]Raichu||RaichuniteY|LightningRod|FakeOut,ZapCannon,FocusBlast,Protect|Timid||M|||50|
|inactive|Battle timer is ON: inactive players will automatically lose when time's up. (requested by Olciax34)
|inactive|Olciax34 has 60 seconds left.
|
|t:|1785182289
|teamsize|p1|4
|teamsize|p2|4
|start
|switch|p1a: Sinistcha|Sinistcha-Masterpiece, L50, shiny|100/100
|switch|p1b: Sylveon|Sylveon, L50, M, shiny|100/100
|switch|p2a: Palafin|Palafin, L50, M|100/100
|switch|p2b: Floette|Floette-Eternal, L50, F|100/100
|turn|1
|
|t:|1785182307
|detailschange|p2a: Palafin|Palafin-Hero, L50, M
|switch|p2a: Kingambit|Kingambit, L50, M|100/100
|detailschange|p2b: Floette|Floette-Mega, L50, F
|-mega|p2b: Floette|Floette|Floettite
|-ability|p2b: Floette|Fairy Aura
|move|p2b: Floette|Calm Mind|p2b: Floette
|-boost|p2b: Floette|spa|1
|-boost|p2b: Floette|spd|1
|move|p1b: Sylveon|Hyper Voice|p2a: Kingambit|[spread] p2a,p2b
|-damage|p2a: Kingambit|24/100
|-damage|p2b: Floette|63/100
|-damage|p1b: Sylveon|90/100|[from] item: Life Orb
|move|p1a: Sinistcha|Trick Room|p1a: Sinistcha
|-fieldstart|move: Trick Room|[of] p1a: Sinistcha
|
|upkeep
|turn|2
|
|t:|1785182331
|move|p2a: Kingambit|Protect|p2a: Kingambit
|-singleturn|p2a: Kingambit|Protect
|move|p1b: Sylveon|Detect|p1b: Sylveon
|-singleturn|p1b: Sylveon|Protect
|move|p1a: Sinistcha|Matcha Gotcha|p2a: Kingambit|[spread] p2b
|-activate|p2a: Kingambit|move: Protect
|-damage|p2b: Floette|49/100
|move|p2b: Floette|Calm Mind|p2b: Floette
|-boost|p2b: Floette|spa|1
|-boost|p2b: Floette|spd|1
|
|upkeep
|turn|3
|inactive|CappoFeFe has 30 seconds left.
|inactive|Olciax34 has 30 seconds left.
|
|t:|1785182364
|move|p1b: Sylveon|Quick Attack|p2b: Floette
|-damage|p2b: Floette|30/100
|-damage|p1b: Sylveon|80/100|[from] item: Life Orb
|move|p2a: Kingambit|Iron Head|p1b: Sylveon
|-supereffective|p1b: Sylveon|1
|-damage|p1b: Sylveon|0 fnt
|faint|p1b: Sylveon
|move|p1a: Sinistcha|Matcha Gotcha|p2a: Kingambit|[spread] p2a,p2b
|-resisted|p2a: Kingambit|1
|-damage|p2a: Kingambit|12/100
|-damage|p2b: Floette|19/100
|-status|p2b: Floette|brn
|move|p2b: Floette|Draining Kiss|p1a: Sinistcha
|-damage|p1a: Sinistcha|14/100
|-heal|p2b: Floette|87/100 brn|[from] drain|[of] p1a: Sinistcha
|
|-damage|p2b: Floette|81/100 brn|[from] brn
|upkeep
|
|t:|1785182384
|switch|p1b: Kingambit|Kingambit, L50, M|100/100
|turn|4
|
|t:|1785182398
|switch|p2a: Sinistcha|Sinistcha, L50|100/100
|-heal|p2b: Floette|100/100 brn|[from] ability: Hospitality|[of] p2a: Sinistcha
|switch|p1a: Camerupt|Camerupt, L50, F, shiny|100/100
|move|p2b: Floette|Protect|p2b: Floette
|-singleturn|p2b: Floette|Protect
|move|p1b: Kingambit|Iron Head|p2b: Floette
|-activate|p2b: Floette|move: Protect
|
|-damage|p2b: Floette|94/100 brn|[from] brn
|upkeep
|turn|5
|inactive|Olciax34 has 30 seconds left.
|
|t:|1785182426
|detailschange|p1a: Camerupt|Camerupt-Mega, L50, F, shiny
|-mega|p1a: Camerupt|Camerupt|Cameruptite
|move|p2a: Sinistcha|Protect|p2a: Sinistcha
|-singleturn|p2a: Sinistcha|Protect
|move|p1a: Camerupt|Heat Wave|p2a: Sinistcha|[spread] p2b
|-activate|p2a: Sinistcha|move: Protect
|-damage|p2b: Floette|71/100 brn
|move|p1b: Kingambit|Iron Head|p2b: Floette
|-supereffective|p2b: Floette|1
|-damage|p2b: Floette|0 fnt
|faint|p2b: Floette
|
|-fieldend|move: Trick Room
|upkeep
|
|t:|1785182437
|switch|p2b: Palafin|Palafin-Hero, L50, M|100/100
|-activate|p2b: Palafin|ability: Zero to Hero
|turn|6
|
|t:|1785182456
|switch|p2a: Kingambit|Kingambit, L50, M|12/100
|move|p1a: Camerupt|Protect|p1a: Camerupt
|-singleturn|p1a: Camerupt|Protect
|move|p2b: Palafin|Bulk Up|p2b: Palafin
|-boost|p2b: Palafin|atk|1
|-boost|p2b: Palafin|def|1
|move|p1b: Kingambit|Kowtow Cleave|p2a: Kingambit
|-resisted|p2a: Kingambit|1
|-damage|p2a: Kingambit|0 fnt
|faint|p2a: Kingambit
|
|upkeep
|
|t:|1785182468
|switch|p2a: Sinistcha|Sinistcha, L50|100/100
|turn|7
|
|t:|1785182478
|move|p2a: Sinistcha|Protect|p2a: Sinistcha
|-singleturn|p2a: Sinistcha|Protect
|move|p2b: Palafin|Jet Punch|p1a: Camerupt
|-supereffective|p1a: Camerupt|2
|-damage|p1a: Camerupt|0 fnt
|faint|p1a: Camerupt
|move|p1b: Kingambit|Kowtow Cleave|p2b: Palafin
|-damage|p2b: Palafin|63/100
|
|-heal|p2b: Palafin|69/100|[from] item: Leftovers
|upkeep
|
|t:|1785182487
|switch|p1a: Sinistcha|Sinistcha-Masterpiece, L50, shiny|14/100
|turn|8
|
|t:|1785182498
|move|p2b: Palafin|Jet Punch|p1a: Sinistcha
|-resisted|p1a: Sinistcha|1
|-damage|p1a: Sinistcha|0 fnt
|faint|p1a: Sinistcha
|move|p2a: Sinistcha|Life Dew||[still]|[spread] p2a,p2b
|-fail|p2a: Sinistcha|heal
|-heal|p2b: Palafin|94/100
|move|p1b: Kingambit|Kowtow Cleave|p2a: Sinistcha
|-supereffective|p2a: Sinistcha|1
|-damage|p2a: Sinistcha|0 fnt
|faint|p2a: Sinistcha
|
|-heal|p2b: Palafin|100/100|[from] item: Leftovers
|upkeep
|turn|9
|
|t:|1785182512
|move|p2b: Palafin|Bulk Up|p2b: Palafin
|-boost|p2b: Palafin|atk|1
|-boost|p2b: Palafin|def|1
|move|p1b: Kingambit|Kowtow Cleave|p2b: Palafin
|-damage|p2b: Palafin|71/100
|
|-heal|p2b: Palafin|77/100|[from] item: Leftovers
|upkeep
|turn|10
|
|t:|1785182520
|move|p2b: Palafin|Drain Punch|p1b: Kingambit
|-supereffective|p1b: Kingambit|2
|-damage|p1b: Kingambit|0 fnt
|-heal|p2b: Palafin|100/100|[from] drain|[of] p1b: Kingambit
|faint|p1b: Kingambit
|
|win|Olciax34
