|j|☆x-demon18
|j|☆semiau
|html|x-demon18semiau    
|uhtml|bestof|Game 1 of a best-of-3
|t:|1784339831
|gametype|doubles
|player|p1|x-demon18|lucas|1047
|player|p2|semiau|2|1113
|gen|9
|tier|[Gen 9 Champions] VGC 2026 Reg M-B (Bo3)
|rated|
|rule|Species Clause: Limit one of each Pokémon
|rule|Item Clause: Limit 1 of each item
|clearpoke
|poke|p1|Incineroar, L50, F|
|poke|p1|Rotom-Wash, L50|
|poke|p1|Venusaur, L50, M|
|poke|p1|Corviknight, L50, M|
|poke|p1|Sylveon, L50, F|
|poke|p1|Garchomp, L50, M|
|poke|p2|Milotic, L50, M|
|poke|p2|Toxapex, L50, M|
|poke|p2|Sinistcha, L50|
|poke|p2|Farigiraf, L50, F|
|poke|p2|Incineroar, L50, F|
|poke|p2|Garchomp, L50, F|
|teampreview|4
|showteam|p1|Incineroar||ExpertBelt|Intimidate|FakeOut,TemperFlare,ThroatChop,PartingShot|Adamant||F|||50|]Rotom-Wash||RindoBerry|Levitate|HydroPump,Electroweb,WillOWisp,VoltSwitch|Modest|||||50|]Venusaur||Venusaurite|Chlorophyll|GigaDrain,SludgeBomb,EarthPower,Protect|Modest||M|||50|]Corviknight||OccaBerry|MirrorArmor|Tailwind,DualWingbeat,IronHead,BodyPress|Adamant||M|||50|]Sylveon||FairyFeather|Pixilate|HyperVoice,QuickAttack,Yawn,Detect|Modest||F|||50|]Garchomp||LifeOrb|RoughSkin|RockSlide,DragonClaw,StompingTantrum,Protect|Jolly||M|||50|
|showteam|p2|Milotic||MysticWater|Competitive|MuddyWater,Coil,Protect,Hypnosis|Bold||M|||50|]Toxapex||Leftovers|Regenerator|Toxic,BanefulBunker,Haze,Infestation|Careful||M|||50|]Sinistcha||KasibBerry|Hospitality|MatchaGotcha,RagePowder,TrickRoom,Protect|Bold|||||50|]Farigiraf||MentalHerb|ArmorTail|TwinBeam,TrickRoom,HelpingHand,HyperVoice|Relaxed||F|||50|]Incineroar||BlackGlasses|Intimidate|PartingShot,ThroatChop,FakeOut,FlareBlitz|Serious||F|||50|]Garchomp||Garchompite|RoughSkin|Earthquake,BreakingSwipe,Protect,StoneEdge|Jolly||F|||50|
|
|t:|1784339889
|teamsize|p1|4
|teamsize|p2|4
|start
|switch|p1a: HydroVolt|Rotom-Wash, L50|100/100
|switch|p1b: Yggdrasil|Venusaur, L50, M|100/100
|switch|p2a: Sinistcha|Sinistcha, L50|100/100
|switch|p2b: Farigiraf|Farigiraf, L50, F|100/100
|turn|1
|
|t:|1784339925
|detailschange|p1b: Yggdrasil|Venusaur-Mega, L50, M
|-mega|p1b: Yggdrasil|Venusaur|Venusaurite
|move|p1b: Yggdrasil|Sludge Bomb|p2a: Sinistcha
|-damage|p2a: Sinistcha|54/100
|-status|p2a: Sinistcha|psn
|move|p1a: HydroVolt|Volt Switch|p2b: Farigiraf
|-damage|p2b: Farigiraf|70/100
|
|t:|1784339934
|switch|p1a: Wolverine|Incineroar, L50, F|100/100|[from] Volt Switch
|-ability|p1a: Wolverine|Intimidate|boost
|-unboost|p2a: Sinistcha|atk|1
|-unboost|p2b: Farigiraf|atk|1
|move|p2b: Farigiraf|Twin Beam|p1b: Yggdrasil
|-supereffective|p1b: Yggdrasil|1
|-damage|p1b: Yggdrasil|74/100
|-supereffective|p1b: Yggdrasil|1
|-damage|p1b: Yggdrasil|44/100
|-hitcount|p1b: Yggdrasil|2
|move|p2a: Sinistcha|Trick Room|p2a: Sinistcha
|-fieldstart|move: Trick Room|[of] p2a: Sinistcha
|
|-damage|p2a: Sinistcha|42/100 psn|[from] psn
|upkeep
|turn|2
|
|t:|1784339957
|switch|p2a: Milotic|Milotic, L50, M|100/100
|move|p1b: Yggdrasil|Protect|p1b: Yggdrasil
|-singleturn|p1b: Yggdrasil|Protect
|move|p2b: Farigiraf|Twin Beam|p1b: Yggdrasil
|-activate|p1b: Yggdrasil|move: Protect
|move|p1a: Wolverine|Throat Chop|p2b: Farigiraf
|-supereffective|p2b: Farigiraf|1
|-damage|p2b: Farigiraf|0 fnt
|faint|p2b: Farigiraf
|
|upkeep
|
|t:|1784339975
|switch|p2b: Garchomp|Garchomp, L50, F|100/100
|turn|3
|
|t:|1784339991
|switch|p1b: HydroVolt|Rotom-Wash, L50|100/100
|detailschange|p2b: Garchomp|Garchomp-Mega, L50, F
|-mega|p2b: Garchomp|Garchomp|Garchompite
|move|p2a: Milotic|Protect|p2a: Milotic
|-singleturn|p2a: Milotic|Protect
|move|p1a: Wolverine|Parting Shot|p2b: Garchomp
|-unboost|p2b: Garchomp|atk|1
|-unboost|p2b: Garchomp|spa|1
|
|t:|1784340001
|switch|p1a: Yggdrasil|Venusaur-Mega, L50, M|44/100|[from] Parting Shot
|move|p2b: Garchomp|Earthquake|p1b: HydroVolt|[spread] p1a
|-activate|p2a: Milotic|move: Protect
|-immune|p1b: HydroVolt|[from] ability: Levitate
|-damage|p1a: Yggdrasil|20/100y
|
|upkeep
|turn|4
|
|t:|1784340020
|switch|p2a: Sinistcha|Sinistcha, L50|42/100 psn
|move|p1b: HydroVolt|Will-O-Wisp|p2b: Garchomp
|-status|p2b: Garchomp|brn
|move|p1a: Yggdrasil|Giga Drain|p2a: Sinistcha
|-resisted|p2a: Sinistcha|1
|-damage|p2a: Sinistcha|22/100 psn
|-heal|p1a: Yggdrasil|28/100|[from] drain|[of] p2a: Sinistcha
|move|p2b: Garchomp|Breaking Swipe|p1a: Yggdrasil|[spread] p1a,p1b
|-damage|p1a: Yggdrasil|22/100
|-damage|p1b: HydroVolt|92/100
|-unboost|p1a: Yggdrasil|atk|1
|-unboost|p1b: HydroVolt|atk|1
|
|-damage|p2a: Sinistcha|10/100 psn|[from] psn
|-damage|p2b: Garchomp|94/100 brn|[from] brn
|upkeep
|turn|5
|
|t:|1784340044
|move|p2a: Sinistcha|Matcha Gotcha|p1a: Yggdrasil|[spread] p1a,p1b
|-resisted|p1a: Yggdrasil|2
|-supereffective|p1b: HydroVolt|1
|-enditem|p1b: HydroVolt|Rindo Berry|[eat]
|-enditem|p1b: HydroVolt|Rindo Berry|[weaken]
|-damage|p1a: Yggdrasil|16/100
|-heal|p2a: Sinistcha|14/100 psn|[from] drain|[of] p1a: Yggdrasil
|-damage|p1b: HydroVolt|63/100
|-heal|p2a: Sinistcha|28/100 psn|[from] drain|[of] p1b: HydroVolt
|move|p1b: HydroVolt|Volt Switch|p2a: Sinistcha
|-resisted|p2a: Sinistcha|1
|-damage|p2a: Sinistcha|13/100 psn
|
|t:|1784340056
|switch|p1b: Wolverine|Incineroar, L50, F|100/100|[from] Volt Switch
|-ability|p1b: Wolverine|Intimidate|boost
|-unboost|p2a: Sinistcha|atk|1
|-unboost|p2b: Garchomp|atk|1
|move|p1a: Yggdrasil|Giga Drain|p2b: Garchomp
|-damage|p2b: Garchomp|66/100 brn
|-heal|p1a: Yggdrasil|31/100|[from] drain|[of] p2b: Garchomp
|move|p2b: Garchomp|Breaking Swipe|p1a: Yggdrasil|[spread] p1a,p1b
|-damage|p1a: Yggdrasil|27/100
|-damage|p1b: Wolverine|94/100
|-unboost|p1a: Yggdrasil|atk|1
|-unboost|p1b: Wolverine|atk|1
|
|-damage|p2a: Sinistcha|1/100 psn|[from] psn
|-damage|p2b: Garchomp|60/100 brn|[from] brn
|-fieldend|move: Trick Room
|upkeep
|turn|6
|
|t:|1784340090
|switch|p2a: Milotic|Milotic, L50, M|100/100
|move|p2b: Garchomp|Breaking Swipe|p1b: Wolverine|[spread] p1a,p1b
|-damage|p1a: Yggdrasil|22/100
|-damage|p1b: Wolverine|88/100
|-unboost|p1a: Yggdrasil|atk|1
|-unboost|p1b: Wolverine|atk|1
|move|p1a: Yggdrasil|Giga Drain|p2a: Milotic
|-supereffective|p2a: Milotic|1
|-damage|p2a: Milotic|42/100
|-heal|p1a: Yggdrasil|51/100|[from] drain|[of] p2a: Milotic
|move|p1b: Wolverine|Parting Shot|p2b: Garchomp
|-unboost|p2b: Garchomp|atk|1
|-unboost|p2b: Garchomp|spa|1
|-message|semiau forfeited.
|
|win|x-demon18
|l|☆semiau
|player|p2|
||semiau is ready for game 2.
