|j|☆kdbc73
|j|☆buf91 Lupita
|html|kdbc73buf91 Lupita    
|uhtml|bestof|Game 1 of a best-of-3
|t:|1756230073
|gametype|doubles
|player|p1|kdbc73|lucas|1284
|player|p2|buf91 Lupita|lucas|1302
|gen|9
|tier|[Gen 9] VGC 2025 Reg H (Bo3)
|rated|
|rule|Species Clause: Limit one of each Pokémon
|rule|Item Clause: Limit 1 of each item
|clearpoke
|poke|p1|Sneasler, L50, F|
|poke|p1|Indeedee, L50, M|
|poke|p1|Ursaluna-Bloodmoon, L50, M|
|poke|p1|Electabuzz, L50, F|
|poke|p1|Incineroar, L50, M|
|poke|p1|Talonflame, L50, F|
|poke|p2|Typhlosion-Hisui, L50, M|
|poke|p2|Whimsicott, L50, M|
|poke|p2|Kingambit, L50, F|
|poke|p2|Farigiraf, L50, M|
|poke|p2|Ursaluna-Bloodmoon, L50, M|
|poke|p2|Annihilape, L50, F|
|teampreview|4
|showteam|p1|Sneasler||PsychicSeed|Unburden|CloseCombat,DireClaw,ThroatChop,Protect|||F|||50|,,,,,Dark]Indeedee||FocusSash|PsychicSurge|ExpandingForce,TrickRoom,HelpingHand,Protect|||M|||50|,,,,,Psychic]Ursaluna-Bloodmoon||LifeOrb|MindsEye|BloodMoon,HyperVoice,EarthPower,Protect|||M|||50|,,,,,Normal]Electabuzz||Eviolite|VitalSpirit|Electroweb,FollowMe,Taunt,Protect|||F|||50|,,,,,Dragon]Incineroar||SafetyGoggles|Intimidate|FlareBlitz,KnockOff,PartingShot,FakeOut|||M|||50|,,,,,Ghost]Talonflame||CovertCloak|GaleWings|FlareBlitz,DualWingbeat,WillOWisp,Tailwind|||F|||50|,,,,,Fairy
|showteam|p2|Typhlosion-Hisui||ChoiceSpecs|Blaze|HeatWave,Eruption,ShadowBall,Flamethrower|||M|||50|,,,,,Fire]Whimsicott||CovertCloak|Prankster|SunnyDay,Tailwind,Moonblast,Encore|||M|||50|,,,,,Ghost]Kingambit||AssaultVest|Defiant|KowtowCleave,LowKick,IronHead,SuckerPunch|||F|||50|,,,,,Fairy]Farigiraf||SitrusBerry|ArmorTail|TrickRoom,HelpingHand,Psychic,FoulPlay|||M|||50|,,,,,Fairy]Ursaluna-Bloodmoon||LifeOrb|MindsEye|Protect,BloodMoon,HyperVoice,EarthPower|||M|||50|,,,,,Normal]Annihilape||Leftovers|Defiant|Protect,BulkUp,DrainPunch,RageFist|||F|||50|,,,,,Fire
|
|t:|1756230139
|teamsize|p1|4
|teamsize|p2|4
|start
|switch|p1a: Electabuzz|Electabuzz, L50, F|100/100
|switch|p1b: Ursaluna|Ursaluna-Bloodmoon, L50, M|100/100
|switch|p2a: Farigiraf|Farigiraf, L50, M|100/100
|switch|p2b: Ursaluna|Ursaluna-Bloodmoon, L50, M|100/100
|turn|1
|
|t:|1756230179
|switch|p2a: Kingambit|Kingambit, L50, F|100/100
|-terastallize|p1a: Electabuzz|Dragon
|move|p1a: Electabuzz|Follow Me|p1a: Electabuzz
|-singleturn|p1a: Electabuzz|move: Follow Me
|move|p1b: Ursaluna|Blood Moon|p2a: Kingambit
|-resisted|p2a: Kingambit
|-damage|p2a: Kingambit|63/100
|-damage|p1b: Ursaluna|91/100|[from] item: Life Orb
|move|p2b: Ursaluna|Hyper Voice|p1a: Electabuzz|[spread] p1a,p1b
|-damage|p1a: Electabuzz|56/100
|-damage|p1b: Ursaluna|20/100
|-damage|p2b: Ursaluna|91/100|[from] item: Life Orb
|
|upkeep
|turn|2
|
|t:|1756230224
|move|p1a: Electabuzz|Protect|p1a: Electabuzz
|-singleturn|p1a: Electabuzz|Protect
|move|p1b: Ursaluna|Protect|p1b: Ursaluna
|-singleturn|p1b: Ursaluna|Protect
|move|p2b: Ursaluna|Hyper Voice|p1a: Electabuzz|[spread] 
|-activate|p1a: Electabuzz|move: Protect
|-activate|p1b: Ursaluna|move: Protect
|move|p2a: Kingambit|Kowtow Cleave|p1a: Electabuzz
|-activate|p1a: Electabuzz|move: Protect
|
|upkeep
|turn|3
|
|t:|1756230267
|move|p2b: Ursaluna|Protect|p2b: Ursaluna
|-singleturn|p2b: Ursaluna|Protect
|move|p1a: Electabuzz|Taunt|p2a: Kingambit
|-start|p2a: Kingambit|move: Taunt
|move|p1b: Ursaluna|Blood Moon|p2b: Ursaluna
|-activate|p2b: Ursaluna|move: Protect
|move|p2a: Kingambit|Kowtow Cleave|p1b: Ursaluna
|-damage|p1b: Ursaluna|0 fnt
|faint|p1b: Ursaluna
|
|upkeep
|
|t:|1756230279
|switch|p1b: Sneasler|Sneasler, L50, F|100/100
|turn|4
|
|t:|1756230298
|switch|p2b: Annihilape|Annihilape, L50, F|100/100
|-terastallize|p2a: Kingambit|Fairy
|move|p1b: Sneasler|Protect|p1b: Sneasler
|-singleturn|p1b: Sneasler|Protect
|move|p1a: Electabuzz|Taunt|p2b: Annihilape
|-start|p2b: Annihilape|move: Taunt
|move|p2a: Kingambit|Kowtow Cleave|p1b: Sneasler
|-activate|p1b: Sneasler|move: Protect
|
|upkeep
|turn|5
|
|t:|1756230325
|switch|p1a: Indeedee|Indeedee, L50, M|100/100
|-fieldstart|move: Psychic Terrain|[from] ability: Psychic Surge|[of] p1a: Indeedee
|-enditem|p1b: Sneasler|Psychic Seed
|-boost|p1b: Sneasler|spd|1|[from] item: Psychic Seed
|move|p1b: Sneasler|Dire Claw|p2a: Kingambit
|-supereffective|p2a: Kingambit
|-damage|p2a: Kingambit|0 fnt
|faint|p2a: Kingambit
|move|p2b: Annihilape|Drain Punch|p1a: Indeedee
|-damage|p1a: Indeedee|37/100
|
|upkeep
|
|t:|1756230346
|switch|p2a: Farigiraf|Farigiraf, L50, M|100/100
|turn|6
|
|t:|1756230373
|move|p1b: Sneasler|Throat Chop|p2a: Farigiraf
|-supereffective|p2a: Farigiraf
|-damage|p2a: Farigiraf|50/100
|-start|p2a: Farigiraf|Throat Chop|[silent]
|-enditem|p2a: Farigiraf|Sitrus Berry|[eat]
|-heal|p2a: Farigiraf|75/100|[from] item: Sitrus Berry
|move|p1a: Indeedee|Expanding Force|p2a: Farigiraf|[spread] p2a,p2b
|-resisted|p2a: Farigiraf
|-supereffective|p2b: Annihilape
|-damage|p2a: Farigiraf|51/100
|-damage|p2b: Annihilape|9/100
|move|p2b: Annihilape|Drain Punch|p1a: Indeedee
|-damage|p1a: Indeedee|0 fnt
|-heal|p2b: Annihilape|21/100|[from] drain|[of] p1a: Indeedee
|faint|p1a: Indeedee
|move|p2a: Farigiraf|Trick Room|p2a: Farigiraf
|-fieldstart|move: Trick Room|[of] p2a: Farigiraf
|
|-heal|p2b: Annihilape|27/100|[from] item: Leftovers
|-end|p2b: Annihilape|move: Taunt
|upkeep
|
|t:|1756230379
|switch|p1a: Electabuzz|Electabuzz, L50, F, tera:Dragon|56/100
|turn|7
|
|t:|1756230407
|move|p1a: Electabuzz|Protect|p1a: Electabuzz
|-singleturn|p1a: Electabuzz|Protect
|move|p2a: Farigiraf|Psychic|p1a: Electabuzz
|-activate|p1a: Electabuzz|move: Protect
|move|p2b: Annihilape|Rage Fist|p1a: Electabuzz
|-activate|p1a: Electabuzz|move: Protect
|move|p1b: Sneasler|Throat Chop|p2b: Annihilape
|-damage|p2b: Annihilape|0 fnt
|faint|p2b: Annihilape
|
|-end|p2a: Farigiraf|Throat Chop|[silent]
|upkeep
|
|t:|1756230418
|switch|p2b: Ursaluna|Ursaluna-Bloodmoon, L50, M|91/100
|turn|8
|
|t:|1756230467
|move|p2a: Farigiraf|Helping Hand|p2b: Ursaluna
|-singleturn|p2b: Ursaluna|Helping Hand|[of] p2a: Farigiraf
|move|p1a: Electabuzz|Follow Me|p1a: Electabuzz
|-singleturn|p1a: Electabuzz|move: Follow Me
|move|p2b: Ursaluna|Hyper Voice|p1a: Electabuzz|[spread] p1a,p1b
|-damage|p1a: Electabuzz|0 fnt
|-damage|p1b: Sneasler|31/100
|faint|p1a: Electabuzz
|-damage|p2b: Ursaluna|81/100|[from] item: Life Orb
|move|p1b: Sneasler|Close Combat|p2b: Ursaluna
|-supereffective|p2b: Ursaluna
|-damage|p2b: Ursaluna|0 fnt
|-unboost|p1b: Sneasler|def|1
|-unboost|p1b: Sneasler|spd|1
|faint|p2b: Ursaluna
|
|upkeep
|turn|9
|
|t:|1756230481
|move|p1b: Sneasler|Protect|p1b: Sneasler
|-singleturn|p1b: Sneasler|Protect
|move|p2a: Farigiraf|Psychic|p1b: Sneasler
|-activate|p1b: Sneasler|move: Protect
|
|-fieldend|move: Psychic Terrain
|upkeep
|turn|10
|
|t:|1756230483
|move|p1b: Sneasler|Protect||[still]
|-fail|p1b: Sneasler
|move|p2a: Farigiraf|Psychic|p1b: Sneasler
|-supereffective|p1b: Sneasler
|-damage|p1b: Sneasler|0 fnt
|faint|p1b: Sneasler
|
|win|buf91 Lupita
||kdbc73 is ready for game 2.
||buf91 Lupita is ready for game 2.
|uhtml|next|Next: Game 2 of 3
