|j|☆KrasseKrabbe
|j|☆Firebro2026
|html|KrasseKrabbeFirebro2026    
|uhtml|bestof|Game 1 of a best-of-3
|t:|1783281381
|gametype|doubles
|player|p1|KrasseKrabbe|benga|
|player|p2|Firebro2026|benga|
|gen|9
|tier|[Gen 9 Champions] VGC 2026 Reg M-B (Bo3)
|rule|Species Clause: Limit one of each Pokémon
|rule|Item Clause: Limit 1 of each item
|clearpoke
|poke|p1|Garchomp, L50, M|
|poke|p1|Grimmsnarl, L50, M|
|poke|p1|Metagross, L50, shiny|
|poke|p1|Gyarados, L50, F, shiny|
|poke|p1|Talonflame, L50, F, shiny|
|poke|p1|Toxicroak, L50, F|
|poke|p2|Blastoise, L50, F|
|poke|p2|Gengar, L50, M|
|poke|p2|Staraptor, L50, F|
|poke|p2|Klefki, L50, M|
|poke|p2|Politoed, L50, F|
|poke|p2|Palafin, L50, M|
|teampreview|4
|showteam|p1|Garchomp||ChoiceScarf|RoughSkin|Earthquake,RockSlide,ScaleShot,DragonClaw|Jolly||M|||50|]Grimmsnarl||LightClay|Prankster|FakeOut,LightScreen,Reflect,SpiritBreak|Careful||M|||50|]Metagross||Metagrossite|ClearBody|ZenHeadbutt,MeteorMash,BulletPunch,IcePunch|Adamant|||||50|]Gyarados||SitrusBerry|Intimidate|Waterfall,IceFang,Earthquake,Protect|Adamant||F|||50|]Talonflame||SharpBeak|GaleWings|Tailwind,BraveBird,FlareBlitz,Protect|Jolly||F|||50|]Toxicroak||FocusSash|DrySkin|FakeOut,SuckerPunch,GunkShot,DrainPunch|Adamant||F|||50|
|showteam|p2|Blastoise||Leftovers|RainDish|FakeOut,FlipTurn,Liquidation,Protect|Careful||F|||50|]Gengar||Gengarite|CursedBody|PerishSong,Protect,ShadowBall,Disable|Timid||M|||50|]Staraptor||Staraptite|Intimidate|CloseCombat,Roost,Protect,BraveBird|Adamant||F|||50|]Klefki||LightClay|Prankster|LightScreen,Reflect,ThunderWave,DazzlingGleam|Bold||M|||50|]Politoed||SitrusBerry|Drizzle|Protect,WeatherBall,Encore,PerishSong|Calm||F|||50|]Palafin||MysticWater|ZerotoHero|JetPunch,WaveCrash,FlipTurn,IcePunch|Jolly||M|||50|
|c|☆Firebro2026|Oh uh
|c|☆KrasseKrabbe|glhf
|c|☆Firebro2026|is it supposed to be ots
|c|☆Firebro2026|?
|c|☆KrasseKrabbe|ots?
|c|☆Firebro2026|Open team sheet
|c|☆KrasseKrabbe|i thought its just the base vgc bo3 format
|c|☆Firebro2026|Alr
|
|t:|1783281545
|teamsize|p1|4
|teamsize|p2|4
|start
|switch|p1a: Gyarados|Gyarados, L50, F, shiny|100/100
|switch|p1b: Grimmsnarl|Grimmsnarl, L50, M|100/100
|switch|p2a: Blastoise|Blastoise, L50, F|100/100
|switch|p2b: Gengar|Gengar, L50, M|100/100
|-ability|p1a: Gyarados|Intimidate|boost
|-unboost|p2a: Blastoise|atk|1
|-unboost|p2b: Gengar|atk|1
|turn|1
|
|t:|1783281567
|detailschange|p2b: Gengar|Gengar-Mega, L50, M
|-mega|p2b: Gengar|Gengar|Gengarite
|move|p2a: Blastoise|Fake Out|p1a: Gyarados
|-damage|p1a: Gyarados|94/100
|move|p1b: Grimmsnarl|Fake Out|p2a: Blastoise
|-damage|p2a: Blastoise|89/100
|move|p2b: Gengar|Perish Song|p2b: Gengar
|-start|p1a: Gyarados|perish3|[silent]
|-start|p1b: Grimmsnarl|perish3|[silent]
|-start|p2a: Blastoise|perish3|[silent]
|-start|p2b: Gengar|perish3|[silent]
|-fieldactivate|move: Perish Song
|cant|p1a: Gyarados|flinch
|
|-heal|p2a: Blastoise|95/100|[from] item: Leftovers
|-start|p2b: Gengar|perish3
|-start|p1a: Gyarados|perish3
|-start|p2a: Blastoise|perish3
|-start|p1b: Grimmsnarl|perish3
|upkeep
|turn|2
|
|t:|1783281597
|move|p2b: Gengar|Protect|p2b: Gengar
|-singleturn|p2b: Gengar|Protect
|move|p2a: Blastoise|Protect|p2a: Blastoise
|-singleturn|p2a: Blastoise|Protect
|move|p1a: Gyarados|Earthquake|p2a: Blastoise|[spread] p1b
|-activate|p2a: Blastoise|move: Protect
|-activate|p2b: Gengar|move: Protect
|-damage|p1b: Grimmsnarl|67/100
|move|p1b: Grimmsnarl|Spirit Break|p2a: Blastoise
|-activate|p2a: Blastoise|move: Protect
|
|-heal|p2a: Blastoise|100/100|[from] item: Leftovers
|-start|p2b: Gengar|perish2
|-start|p1a: Gyarados|perish2
|-start|p2a: Blastoise|perish2
|-start|p1b: Grimmsnarl|perish2
|upkeep
|turn|3
|
|t:|1783281627
|switch|p2b: Politoed|Politoed, L50, F|100/100
|-weather|RainDance|[from] ability: Drizzle|[of] p2b: Politoed
|move|p1b: Grimmsnarl|Reflect|p1b: Grimmsnarl
|-sidestart|p1: KrasseKrabbe|Reflect
|move|p1a: Gyarados|Earthquake|p2a: Blastoise|[spread] p1b,p2a,p2b
|-damage|p1b: Grimmsnarl|46/100
|-damage|p2a: Blastoise|73/100
|-damage|p2b: Politoed|68/100
|move|p2a: Blastoise|Flip Turn|p1a: Gyarados
|-resisted|p1a: Gyarados|1
|-damage|p1a: Gyarados|87/100
|
|t:|1783281638
|switch|p2a: Gengar|Gengar-Mega, L50, M|100/100|[from] Flip Turn
|
|-weather|RainDance|[upkeep]
|-start|p1a: Gyarados|perish1
|-start|p1b: Grimmsnarl|perish1
|upkeep
|turn|4
|
|t:|1783281645
|move|p2a: Gengar|Protect|p2a: Gengar
|-singleturn|p2a: Gengar|Protect
|move|p2b: Politoed|Protect|p2b: Politoed
|-singleturn|p2b: Politoed|Protect
|move|p1b: Grimmsnarl|Light Screen|p1b: Grimmsnarl
|-sidestart|p1: KrasseKrabbe|move: Light Screen
|move|p1a: Gyarados|Earthquake|p2b: Politoed|[spread] p1b
|-activate|p2a: Gengar|move: Protect
|-activate|p2b: Politoed|move: Protect
|-crit|p1b: Grimmsnarl
|-damage|p1b: Grimmsnarl|0 fnt
|faint|p1b: Grimmsnarl
|
|-weather|RainDance|[upkeep]
|-start|p1a: Gyarados|perish0
|faint|p1a: Gyarados
|upkeep
|
|t:|1783281650
|switch|p1a: Toxicroak|Toxicroak, L50, F|100/100
|switch|p1b: Metagross|Metagross, L50, shiny|100/100
|turn|5
|
|t:|1783281665
|detailschange|p1b: Metagross|Metagross-Mega, L50, shiny
|-mega|p1b: Metagross|Metagross|Metagrossite
|move|p1a: Toxicroak|Fake Out|p2b: Politoed
|-damage|p2b: Politoed|52/100
|move|p2a: Gengar|Perish Song|p2a: Gengar
|-start|p1a: Toxicroak|perish3|[silent]
|-start|p1b: Metagross|perish3|[silent]
|-start|p2a: Gengar|perish3|[silent]
|-start|p2b: Politoed|perish3|[silent]
|-fieldactivate|move: Perish Song
|move|p1b: Metagross|Zen Headbutt|p2a: Gengar
|-supereffective|p2a: Gengar|1
|-damage|p2a: Gengar|0 fnt
|faint|p2a: Gengar
|cant|p2b: Politoed|flinch
|
|-weather|RainDance|[upkeep]
|-start|p1b: Metagross|perish3
|-start|p1a: Toxicroak|perish3
|-start|p2b: Politoed|perish3
|upkeep
|
|t:|1783281673
|switch|p2a: Klefki|Klefki, L50, M|100/100
|turn|6
|
|t:|1783281691
|move|p2b: Politoed|Protect|p2b: Politoed
|-singleturn|p2b: Politoed|Protect
|move|p2a: Klefki|Reflect|p2a: Klefki
|-sidestart|p2: Firebro2026|Reflect
|move|p1b: Metagross|Meteor Mash|p2a: Klefki
|-damage|p2a: Klefki|59/100
|-boost|p1b: Metagross|atk|1
|move|p1a: Toxicroak|Gunk Shot|p2b: Politoed
|-activate|p2b: Politoed|move: Protect
|
|-weather|RainDance|[upkeep]
|-start|p1b: Metagross|perish2
|-start|p1a: Toxicroak|perish2
|-start|p2b: Politoed|perish2
|upkeep
|turn|7
|
|t:|1783281715
|move|p2b: Politoed|Protect||[still]
|-fail|p2b: Politoed
|move|p2a: Klefki|Light Screen|p2a: Klefki
|-sidestart|p2: Firebro2026|move: Light Screen
|move|p1b: Metagross|Meteor Mash|p2a: Klefki|[miss]
|-miss|p1b: Metagross|p2a: Klefki
|move|p1a: Toxicroak|Drain Punch|p2a: Klefki
|-damage|p2a: Klefki|38/100
|
|-weather|none
|-start|p1b: Metagross|perish1
|-start|p1a: Toxicroak|perish1
|-start|p2b: Politoed|perish1
|upkeep
|turn|8
|
|t:|1783281729
|switch|p2b: Blastoise|Blastoise, L50, F|73/100
|move|p1a: Toxicroak|Sucker Punch|p2a: Klefki
|-resisted|p2a: Klefki|1
|-damage|p2a: Klefki|32/100
|move|p1b: Metagross|Meteor Mash|p2a: Klefki
|-damage|p2a: Klefki|0 fnt
|faint|p2a: Klefki
|
|-heal|p2b: Blastoise|79/100|[from] item: Leftovers
|-start|p1b: Metagross|perish0
|-start|p1a: Toxicroak|perish0
|faint|p1b: Metagross
|faint|p1a: Toxicroak
|
|win|Firebro2026
||KrasseKrabbe is ready for game 2.
||Firebro2026 is ready for game 2.
|uhtml|next|Next: Game 2 of 3
