|j|☆gundi8
|j|☆belinvgc
|html|gundi8belinvgc    
|uhtml|bestof|Game 3 of a best-of-3
|t:|1755477318
|gametype|doubles
|player|p1|gundi8|ethan-gen2|1153
|player|p2|belinvgc|266|1219
|gen|9
|tier|[Gen 9] VGC 2025 Reg H (Bo3)
|rated|
|rule|Species Clause: Limit one of each Pokémon
|rule|Item Clause: Limit 1 of each item
|clearpoke
|poke|p1|Typhlosion-Hisui, L50, M|
|poke|p1|Whimsicott, L50, F|
|poke|p1|Gallade, L50, M|
|poke|p1|Ursaluna-Bloodmoon, L50, M|
|poke|p1|Kingambit, L50, M|
|poke|p1|Maushold, L50|
|poke|p2|Ursaluna-Bloodmoon, L50, M|
|poke|p2|Sinistcha, L50|
|poke|p2|Rillaboom, L50, F|
|poke|p2|Incineroar, L50, F|
|poke|p2|Sneasler, L50, M|
|poke|p2|Dragonite, L50, F|
|teampreview|4
|showteam|p1|Typhlosion-Hisui||ChoiceScarf|Blaze|Eruption,Flamethrower,ShadowBall,Extrasensory|||M|||50|,,,,,Fire]Whimsicott||CovertCloak|Prankster|Tailwind,SunnyDay,Encore,Moonblast|||F|||50|,,,,,Water]Gallade||ClearAmulet|Sharpness|SacredSword,PsychoCut,TrickRoom,Imprison|||M|||50|,,,,,Psychic]Ursaluna-Bloodmoon||LifeOrb|MindsEye|BloodMoon,HyperVoice,EarthPower,Protect|||M|||50|,,,,,Normal]Kingambit||AssaultVest|Defiant|KowtowCleave,SuckerPunch,IronHead,LowKick|||M|||50|,,,,,Fairy]Maushold||WideLens|Technician|PopulationBomb,Taunt,FollowMe,Protect||||||50|,,,,,Ghost
|showteam|p2|Ursaluna-Bloodmoon||Leftovers|MindsEye|BloodMoon,EarthPower,CalmMind,Protect|||M|||50|,,,,,Water]Sinistcha||SitrusBerry|Hospitality|MatchaGotcha,RagePowder,LifeDew,TrickRoom||||||50|,,,,,Water]Rillaboom||AssaultVest|GrassySurge|GrassyGlide,DrumBeating,Uturn,FakeOut|||F|||50|,,,,,Fire]Incineroar||SafetyGoggles|Intimidate|FlareBlitz,KnockOff,PartingShot,FakeOut|||F|||50|,,,,,Bug]Sneasler||GrassySeed|Unburden|DireClaw,CloseCombat,Taunt,Protect|||M|||50|,,,,,Stellar]Dragonite||LoadedDice|Multiscale|ScaleShot,Haze,Protect,Tailwind|||F|||50|,,,,,Fairy
|inactive|Battle timer is ON: inactive players will automatically lose when time's up. (requested by gundi8)
|inactive|gundi8 has 60 seconds left.
|
|t:|1755477369
|teamsize|p1|4
|teamsize|p2|4
|start
|switch|p1a: Enkai|Typhlosion-Hisui, L50, M|100/100
|switch|p1b: Nowaki|Whimsicott, L50, F, shiny|100/100
|switch|p2a: Incineroar|Incineroar, L50, F, shiny|100/100
|switch|p2b: Ursaluna|Ursaluna-Bloodmoon, L50, M|100/100
|-ability|p2a: Incineroar|Intimidate|boost
|-unboost|p1a: Enkai|atk|1
|-unboost|p1b: Nowaki|atk|1
|turn|1
|inactive|belinvgc has 30 seconds left.
|inactive|belinvgc has 20 seconds left.
|inactive|belinvgc has 15 seconds left.
|inactive|belinvgc has 10 seconds left.
|inactive|belinvgc has 5 seconds left.
|
|t:|1755477424
|move|p1b: Nowaki|Tailwind|p1b: Nowaki
|-sidestart|p1: gundi8|move: Tailwind
|move|p1a: Enkai|Eruption|p2b: Ursaluna|[spread] p2a,p2b
|-resisted|p2a: Incineroar
|-damage|p2a: Incineroar|74/100
|-damage|p2b: Ursaluna|47/100
|move|p2b: Ursaluna|Blood Moon|p1a: Enkai
|-damage|p1a: Enkai|7/100
|move|p2a: Incineroar|Flare Blitz|p1a: Enkai
|-resisted|p1a: Enkai
|-damage|p1a: Enkai|0 fnt
|faint|p1a: Enkai
|-damage|p2a: Incineroar|73/100|[from] Recoil
|
|-heal|p2b: Ursaluna|53/100|[from] item: Leftovers
|upkeep
|inactive|gundi8 has 30 seconds left.
|
|t:|1755477449
|switch|p1a: Wakka|Maushold, L50|100/100
|turn|2
|
|t:|1755477463
|move|p1b: Nowaki|Encore|p2b: Ursaluna
|-start|p2b: Ursaluna|Encore
|move|p1a: Wakka|Population Bomb|p2a: Incineroar
|-damage|p2a: Incineroar|63/100
|-damage|p2a: Incineroar|53/100
|-damage|p2a: Incineroar|44/100
|-damage|p2a: Incineroar|34/100
|-damage|p2a: Incineroar|25/100
|-damage|p2a: Incineroar|14/100
|-damage|p2a: Incineroar|5/100
|-damage|p2a: Incineroar|0 fnt
|faint|p2a: Incineroar
|-hitcount|p2: Incineroar|8
|move|p2b: Ursaluna|Blood Moon|p1b: Nowaki
|-damage|p1b: Nowaki|10/100
|-hint|Some effects can force a Pokemon to use Blood Moon again in a row.
|
|-heal|p2b: Ursaluna|60/100|[from] item: Leftovers
|upkeep
|inactive|belinvgc has 30 seconds left.
|
|t:|1755477494
|switch|p2a: Rillaboom|Rillaboom, L50, F, shiny|100/100
|-fieldstart|move: Grassy Terrain|[from] ability: Grassy Surge|[of] p2a: Rillaboom
|turn|3
|
|t:|1755477507
|switch|p2b: Sneasler|Sneasler, L50, M|100/100
|-enditem|p2b: Sneasler|Grassy Seed
|-boost|p2b: Sneasler|def|1|[from] item: Grassy Seed
|-terastallize|p1a: Wakka|Ghost
|move|p2a: Rillaboom|Fake Out|p1a: Wakka
|-immune|p1a: Wakka
|move|p1b: Nowaki|Encore|p2a: Rillaboom
|-start|p2a: Rillaboom|Encore
|move|p1a: Wakka|Population Bomb|p2b: Sneasler
|-damage|p2b: Sneasler|87/100
|-damage|p2b: Sneasler|74/100
|-damage|p2b: Sneasler|60/100
|-damage|p2b: Sneasler|47/100
|-damage|p2b: Sneasler|35/100
|-damage|p2b: Sneasler|22/100
|-damage|p2b: Sneasler|9/100
|-damage|p2b: Sneasler|0 fnt
|faint|p2b: Sneasler
|-hitcount|p2: Sneasler|8
|
|-heal|p1b: Nowaki|16/100|[from] Grassy Terrain
|upkeep
|
|t:|1755477515
|switch|p2b: Ursaluna|Ursaluna-Bloodmoon, L50, M|60/100
|turn|4
|
|t:|1755477535
|move|p2a: Rillaboom|Fake Out||[still]
|-hint|Fake Out only works on your first turn out.
|-fail|p2a: Rillaboom
|move|p1b: Nowaki|Moonblast|p2b: Ursaluna
|-damage|p2b: Ursaluna|29/100
|move|p1a: Wakka|Population Bomb|p2b: Ursaluna
|-damage|p2b: Ursaluna|20/100
|-damage|p2b: Ursaluna|12/100
|-damage|p2b: Ursaluna|2/100
|-damage|p2b: Ursaluna|0 fnt
|faint|p2b: Ursaluna
|-hitcount|p2: Ursaluna|4
|
|-heal|p1b: Nowaki|22/100|[from] Grassy Terrain
|-sideend|p1: gundi8|move: Tailwind
|upkeep
|turn|5
|-message|belinvgc forfeited.
|
|win|gundi8
|raw|gundi8's rating: 1153 → 1183(+30 for winning)
|raw|belinvgc's rating: 1219 → 1189(-30 for losing)
|l|☆belinvgc
|player|p2|
