|j|☆homerj71
|j|☆zzbenjxd
|html|homerj71zzbenjxd    
|uhtml|bestof|Game 1 of a best-of-3
|t:|1785681016
|gametype|doubles
|player|p1|homerj71|169|1099
|player|p2|zzbenjxd|102|1036
|gen|9
|tier|[Gen 9 Champions] VGC 2026 Reg M-B (Bo3)
|rated|
|rule|Species Clause: Limit one of each Pokémon
|rule|Item Clause: Limit 1 of each item
|clearpoke
|poke|p1|Tyranitar, L50, F|
|poke|p1|Staraptor, L50, M|
|poke|p1|Gholdengo, L50|
|poke|p1|Excadrill, L50, F|
|poke|p1|Sinistcha, L50|
|poke|p1|Milotic, L50, M|
|poke|p2|Mawile, L50, F|
|poke|p2|Gholdengo, L50|
|poke|p2|Farigiraf, L50, M|
|poke|p2|Pelipper, L50, F|
|poke|p2|Blastoise, L50, M|
|poke|p2|Garchomp, L50, M|
|teampreview|4
|showteam|p1|Tyranitar||Tyranitarite|SandStream|KnockOff,RockSlide,Protect,LowKick|Jolly||F|||50|]Staraptor||Staraptite|Intimidate|DualWingbeat,CloseCombat,Protect,Tailwind|Jolly||M|||50|]Gholdengo||LifeOrb|GoodasGold|MakeItRain,NastyPlot,Protect,ShadowBall|Timid|||||50|]Excadrill||FocusSash|SandRush|HighHorsepower,IronHead,RockSlide,Protect|Adamant||F|||50|]Sinistcha||SitrusBerry|Hospitality|MatchaGotcha,RagePowder,ShadowBall,Protect|Calm|||||50|]Milotic||Leftovers|Competitive|Scald,IcyWind,Protect,IceBeam|Modest||M|||50|
|showteam|p2|Mawile||Mawilite|Intimidate|SwordsDance,PlayRough,KnockOff,SuckerPunch|Adamant||F|||50|]Gholdengo||Leftovers|GoodasGold|Protect,NastyPlot,MakeItRain,ShadowBall|Timid|||||50|]Farigiraf||SitrusBerry|ArmorTail|DazzlingGleam,TrickRoom,HelpingHand,RainDance|Sassy||M|||50|]Pelipper||FocusSash|Drizzle|WeatherBall,Hurricane,Tailwind,WideGuard|Modest||F|||50|]Blastoise||Blastoisinite|Torrent|WaterSpout,IceBeam,Surf,FakeOut|Modest||M|||50|]Garchomp||LifeOrb|SandVeil|Earthquake,RockSlide,DragonClaw,Protect|Jolly||M|||50|
|inactive|Battle timer is ON: inactive players will automatically lose when time's up. (requested by homerj71)
|
|t:|1785681037
|teamsize|p1|4
|teamsize|p2|4
|start
|switch|p1a: Sinistcha|Sinistcha, L50|100/100
|switch|p1b: Milotic|Milotic, L50, M|100/100
|switch|p2a: Pelipper|Pelipper, L50, F|100/100
|switch|p2b: Blastoise|Blastoise, L50, M|100/100
|-weather|RainDance|[from] ability: Drizzle|[of] p2a: Pelipper
|turn|1
|
|t:|1785681054
|detailschange|p2b: Blastoise|Blastoise-Mega, L50, M
|-mega|p2b: Blastoise|Blastoise|Blastoisinite
|move|p2b: Blastoise|Fake Out|p1b: Milotic
|-damage|p1b: Milotic|92/100
|cant|p1b: Milotic|flinch
|move|p1a: Sinistcha|Matcha Gotcha|p2a: Pelipper|[spread] p2a,p2b
|-supereffective|p2b: Blastoise|1
|-damage|p2a: Pelipper|65/100
|-damage|p2b: Blastoise|52/100
|move|p2a: Pelipper|Tailwind|p2a: Pelipper
|-sidestart|p2: zzbenjxd|move: Tailwind
|
|-weather|RainDance|[upkeep]
|-heal|p1b: Milotic|98/100|[from] item: Leftovers
|upkeep
|turn|2
|
|t:|1785681079
|move|p2a: Pelipper|Wide Guard|p2a: Pelipper
|-singleturn|p2a: Pelipper|Wide Guard
|move|p2b: Blastoise|Ice Beam|p1a: Sinistcha
|-supereffective|p1a: Sinistcha|1
|-damage|p1a: Sinistcha|35/100
|-enditem|p1a: Sinistcha|Sitrus Berry|[eat]
|-heal|p1a: Sinistcha|60/100|[from] item: Sitrus Berry
|move|p1b: Milotic|Icy Wind|p2b: Blastoise|[spread] 
|-activate|p2a: Pelipper|move: Wide Guard
|-activate|p2b: Blastoise|move: Wide Guard
|move|p1a: Sinistcha|Matcha Gotcha|p2a: Pelipper|[spread] 
|-activate|p2a: Pelipper|move: Wide Guard
|-activate|p2b: Blastoise|move: Wide Guard
|
|-weather|RainDance|[upkeep]
|-heal|p1b: Milotic|100/100|[from] item: Leftovers
|upkeep
|turn|3
|
|t:|1785681102
|move|p2a: Pelipper|Wide Guard|p2a: Pelipper
|-singleturn|p2a: Pelipper|Wide Guard
|move|p2b: Blastoise|Ice Beam|p1a: Sinistcha
|-supereffective|p1a: Sinistcha|1
|-damage|p1a: Sinistcha|0 fnt
|faint|p1a: Sinistcha
|move|p1b: Milotic|Scald|p2b: Blastoise
|-resisted|p2b: Blastoise|1
|-damage|p2b: Blastoise|25/100
|-status|p2b: Blastoise|brn
|
|-weather|RainDance|[upkeep]
|-damage|p2b: Blastoise|19/100 brn|[from] brn
|upkeep
|
|t:|1785681111
|switch|p1a: Staraptor|Staraptor, L50, M|100/100
|-ability|p1a: Staraptor|Intimidate|boost
|-unboost|p2a: Pelipper|atk|1
|-unboost|p2b: Blastoise|atk|1
|turn|4
|l|☆zzbenjxd
|inactive|zzbenjxd disconnected and has a minute to reconnect!
|player|p2|
|inactive|zzbenjxd has 30 seconds left.
|j|☆zzbenjxd
|inactive|zzbenjxd reconnected and has 30 seconds left.
|player|p2|zzbenjxd|102|
|inactive|zzbenjxd has 20 seconds left.
|inactive|zzbenjxd has 15 seconds left.
|
|t:|1785681154
|detailschange|p1a: Staraptor|Staraptor-Mega, L50, M
|-mega|p1a: Staraptor|Staraptor|Staraptite
|move|p2b: Blastoise|Water Spout|p1a: Staraptor|[spread] p1a,p1b
|-resisted|p1b: Milotic|1
|-damage|p1a: Staraptor|77/100
|-damage|p1b: Milotic|92/100
|move|p1a: Staraptor|Close Combat|p2b: Blastoise
|-damage|p2b: Blastoise|0 fnt
|-boost|p1a: Staraptor|def|1
|-boost|p1a: Staraptor|spd|1
|faint|p2b: Blastoise
|move|p2a: Pelipper|Hurricane|p1b: Milotic
|-damage|p1b: Milotic|57/100
|move|p1b: Milotic|Ice Beam|p2a: Pelipper
|-damage|p2a: Pelipper|30/100
|
|-weather|RainDance|[upkeep]
|-heal|p1b: Milotic|63/100|[from] item: Leftovers
|-sideend|p2: zzbenjxd|move: Tailwind
|upkeep
|
|t:|1785681171
|switch|p2b: Gholdengo|Gholdengo, L50|100/100
|turn|5
|
|t:|1785681182
|move|p2a: Pelipper|Wide Guard|p2a: Pelipper
|-singleturn|p2a: Pelipper|Wide Guard
|move|p1a: Staraptor|Tailwind|p1a: Staraptor
|-sidestart|p1: homerj71|move: Tailwind
|move|p1b: Milotic|Scald|p2b: Gholdengo
|-damage|p2b: Gholdengo|40/100
|-status|p2b: Gholdengo|brn
|move|p2b: Gholdengo|Make It Rain|p1a: Staraptor|[spread] p1a,p1b
|-resisted|p1b: Milotic|1
|-damage|p1a: Staraptor|42/100
|-damage|p1b: Milotic|45/100
|-unboost|p2b: Gholdengo|spa|2
|
|-weather|none
|-heal|p1b: Milotic|51/100|[from] item: Leftovers
|-heal|p2b: Gholdengo|46/100 brn|[from] item: Leftovers
|-damage|p2b: Gholdengo|40/100 brn|[from] brn
|upkeep
|turn|6
|
|t:|1785681207
|move|p1a: Staraptor|Close Combat|p2a: Pelipper
|-resisted|p2a: Pelipper|1
|-damage|p2a: Pelipper|0 fnt
|-boost|p1a: Staraptor|def|1
|-boost|p1a: Staraptor|spd|1
|faint|p2a: Pelipper
|move|p1b: Milotic|Scald|p2b: Gholdengo
|-crit|p2b: Gholdengo
|-damage|p2b: Gholdengo|0 fnt
|faint|p2b: Gholdengo
|
|-heal|p1b: Milotic|57/100|[from] item: Leftovers
|upkeep
|
|t:|1785681211
|switch|p2b: Garchomp|Garchomp, L50, M|100/100
|turn|7
|
|t:|1785681217
|move|p2b: Garchomp|Protect|p2b: Garchomp
|-singleturn|p2b: Garchomp|Protect
|move|p1a: Staraptor|Close Combat|p2b: Garchomp
|-activate|p2b: Garchomp|move: Protect
|move|p1b: Milotic|Icy Wind|p2b: Garchomp
|-activate|p2b: Garchomp|move: Protect
|
|-heal|p1b: Milotic|63/100|[from] item: Leftovers
|upkeep
|turn|8
|
|t:|1785681231
|move|p1a: Staraptor|Protect|p1a: Staraptor
|-singleturn|p1a: Staraptor|Protect
|move|p2b: Garchomp|Protect||[still]
|-fail|p2b: Garchomp
|move|p1b: Milotic|Ice Beam|p2b: Garchomp
|-supereffective|p2b: Garchomp|2
|-damage|p2b: Garchomp|0 fnt
|faint|p2b: Garchomp
|
|win|homerj71
