|j|☆onlyprovingapoint
|j|☆MrGardnHose
|html|onlyprovingapointMrGardnHose    
|uhtml|bestof|Game 2 of a best-of-3
|t:|1782240612
|gametype|doubles
|player|p1|onlyprovingapoint|170|1106
|player|p2|MrGardnHose|jasmine-masters2|1014
|gen|9
|tier|[Gen 9 Champions] VGC 2026 Reg M-B (Bo3)
|rated|
|rule|Species Clause: Limit one of each Pokémon
|rule|Item Clause: Limit 1 of each item
|clearpoke
|poke|p1|Metagross, L50, shiny|
|poke|p1|Archaludon, L50, F|
|poke|p1|Sinistcha, L50|
|poke|p1|Aerodactyl, L50, F|
|poke|p1|Incineroar, L50, M|
|poke|p1|Rotom-Wash, L50|
|poke|p2|Metagross, L50|
|poke|p2|Garchomp, L50, F|
|poke|p2|Talonflame, L50, F|
|poke|p2|Eelektross, L50, M|
|poke|p2|Basculegion, L50, M|
|poke|p2|Kingambit, L50, M|
|teampreview|4
|showteam|p1|Metagross||Metagrossite|ClearBody|BulletPunch,BodyPress,PsychicFangs,Protect|Jolly|||||50|]Archaludon||DragonFang|Stalwart|DragonPulse,Protect,FlashCannon,AuraSphere|Modest||F|||50|]Sinistcha||SitrusBerry|Hospitality|LifeDew,RagePowder,MatchaGotcha,Protect|Bold|||||50|]Aerodactyl||Aerodactylite|RockHead|IceFang,RockSlide,DualWingbeat,Protect|Adamant||F|||50|]Incineroar||PasshoBerry|Intimidate|FakeOut,FlareBlitz,PartingShot,ThroatChop|Careful||M|||50|]Rotom-Wash||ChoiceScarf|Levitate|Electroweb,Trick,HydroPump,WillOWisp|Bold|||||50|
|showteam|p2|Metagross||Metagrossite|ClearBody|IronHead,PsychicFangs,IcePunch,Protect|Timid|||||50|]Garchomp||LifeOrb|RoughSkin|Earthquake,RockSlide,DragonClaw,Protect|Jolly||F|||50|]Talonflame||SharpBeak|GaleWings|DualWingbeat,FlareBlitz,Tailwind,UpperHand|Jolly||F|||50|]Eelektross||Eelektrossite|Levitate|Thunderbolt,Discharge,GigaDrain,Protect|Modest||M|||50|]Basculegion||MysticWater|Adaptability|AquaJet,WaveCrash,LastRespects,Protect|Adamant||M|||50|]Kingambit||BlackGlasses|Defiant|KowtowCleave,SuckerPunch,LowKick,Protect|Adamant||M|||50|
|
|t:|1782240625
|teamsize|p1|4
|teamsize|p2|4
|start
|switch|p1a: Metagross|Metagross, L50, shiny|100/100
|switch|p1b: Sandrel|Incineroar, L50, M|100/100
|switch|p2a: Talonflame|Talonflame, L50, F|100/100
|switch|p2b: Eelektross|Eelektross, L50, M|100/100
|-ability|p1b: Sandrel|Intimidate|boost
|-unboost|p2a: Talonflame|atk|1
|-unboost|p2b: Eelektross|atk|1
|turn|1
|
|t:|1782240649
|detailschange|p1a: Metagross|Metagross-Mega, L50, shiny
|-mega|p1a: Metagross|Metagross|Metagrossite
|detailschange|p2b: Eelektross|Eelektross-Mega, L50, M
|-mega|p2b: Eelektross|Eelektross|Eelektrossite
|move|p2a: Talonflame|Upper Hand|p1b: Sandrel
|-supereffective|p1b: Sandrel|1
|-damage|p1b: Sandrel|83/100
|cant|p1b: Sandrel|flinch
|move|p1a: Metagross|Psychic Fangs|p2b: Eelektross
|-damage|p2b: Eelektross|33/100
|move|p2b: Eelektross|Discharge|p1a: Metagross|[spread] p2a,p1a,p1b
|-supereffective|p2a: Talonflame|1
|-damage|p2a: Talonflame|0 fnt
|-damage|p1a: Metagross|64/100
|-damage|p1b: Sandrel|51/100
|faint|p2a: Talonflame
|-ability|p2b: Eelektross|Eelevate|boost
|-boost|p2b: Eelektross|spa|1
|
|upkeep
|
|t:|1782240658
|switch|p2a: Garchomp|Garchomp, L50, F|100/100
|turn|2
|
|t:|1782240666
|switch|p1b: Rotom|Rotom-Wash, L50|100/100
|move|p1a: Metagross|Protect|p1a: Metagross
|-singleturn|p1a: Metagross|Protect
|move|p2a: Garchomp|Earthquake|p1b: Rotom|[spread] 
|-activate|p1a: Metagross|move: Protect
|-immune|p2b: Eelektross|[from] ability: Levitate
|-immune|p1b: Rotom|[from] ability: Levitate
|move|p2b: Eelektross|Discharge|p1a: Metagross|[spread] p1b
|-activate|p1a: Metagross|move: Protect
|-immune|p2a: Garchomp
|-damage|p1b: Rotom|57/100
|
|upkeep
|turn|3
|
|t:|1782240680
|switch|p1a: Sandrel|Incineroar, L50, M|51/100
|-ability|p1a: Sandrel|Intimidate|boost
|-unboost|p2a: Garchomp|atk|1
|-unboost|p2b: Eelektross|atk|1
|move|p2a: Garchomp|Earthquake|p1b: Rotom|[spread] p1a
|-immune|p2b: Eelektross|[from] ability: Levitate
|-immune|p1b: Rotom|[from] ability: Levitate
|-supereffective|p1a: Sandrel|1
|-damage|p1a: Sandrel|1/100
|-damage|p2a: Garchomp|90/100|[from] item: Life Orb
|move|p1b: Rotom|Will-O-Wisp|p2a: Garchomp
|-status|p2a: Garchomp|brn
|move|p2b: Eelektross|Discharge|p1a: Sandrel|[spread] p1a,p1b
|-immune|p2a: Garchomp
|-damage|p1a: Sandrel|0 fnt
|-damage|p1b: Rotom|8/100
|faint|p1a: Sandrel
|-ability|p2b: Eelektross|Eelevate|boost
|-boost|p2b: Eelektross|spa|1
|
|-damage|p2a: Garchomp|84/100 brn|[from] brn
|upkeep
|
|t:|1782240686
|switch|p1a: Archaludon|Archaludon, L50, F|100/100
|turn|4
|
|t:|1782240695
|switch|p1b: Metagross|Metagross-Mega, L50, shiny|64/100
|move|p2a: Garchomp|Dragon Claw|p1b: Metagross
|-resisted|p1b: Metagross|1
|-damage|p1b: Metagross|57/100
|-damage|p2a: Garchomp|74/100 brn|[from] item: Life Orb
|move|p1a: Archaludon|Dragon Pulse|p2a: Garchomp
|-supereffective|p2a: Garchomp|1
|-damage|p2a: Garchomp|0 fnt
|faint|p2a: Garchomp
|move|p2b: Eelektross|Giga Drain|p2: Garchomp|[notarget]
|-fail|p2b: Eelektross
|
|upkeep
|
|t:|1782240698
|switch|p2a: Basculegion|Basculegion, L50, M|100/100
|turn|5
|
|t:|1782240711
|move|p1b: Metagross|Protect|p1b: Metagross
|-singleturn|p1b: Metagross|Protect
|move|p2a: Basculegion|Last Respects|p1a: Archaludon
|-damage|p1a: Archaludon|24/100
|move|p1a: Archaludon|Dragon Pulse|p2b: Eelektross
|-damage|p2b: Eelektross|0 fnt
|faint|p2b: Eelektross
|
|upkeep
|turn|6
|
|t:|1782240717
|move|p1b: Metagross|Psychic Fangs|p2a: Basculegion
|-damage|p2a: Basculegion|34/100
|move|p2a: Basculegion|Last Respects|p1a: Archaludon
|-damage|p1a: Archaludon|0 fnt
|faint|p1a: Archaludon
|
|upkeep
|-message|MrGardnHose forfeited.
|
|win|onlyprovingapoint
