|j|☆Llama_Llord
|j|☆maxspeedincineroar
|html|Llama_Llordmaxspeedincineroar    
|uhtml|bestof|Game 1 of a best-of-3
|t:|1757643896
|gametype|doubles
|player|p1|Llama_Llord|101|1107
|player|p2|maxspeedincineroar|hugh|1067
|gen|9
|tier|[Gen 9] VGC 2025 Reg H (Bo3)
|rated|
|rule|Species Clause: Limit one of each Pokémon
|rule|Item Clause: Limit 1 of each item
|clearpoke
|poke|p1|Talonflame, L50, F|
|poke|p1|Garchomp, L50, M|
|poke|p1|Gholdengo, L50|
|poke|p1|Tyranitar, L50, M|
|poke|p1|Amoonguss, L50, F|
|poke|p1|Milotic, L50, M|
|poke|p2|Pelipper, L50, F|
|poke|p2|Archaludon, L50, M|
|poke|p2|Basculegion, L50, M|
|poke|p2|Gholdengo, L50|
|poke|p2|Incineroar, L50, F|
|poke|p2|Amoonguss, L50, M|
|teampreview|4
|showteam|p1|Talonflame||CovertCloak|GaleWings|Tailwind,BraveBird,WillOWisp,Taunt|||F|||50|,,,,,Grass]Garchomp||LifeOrb|RoughSkin|Earthquake,DragonClaw,StompingTantrum,Protect|||M|||50|,,,,,Fairy]Gholdengo||ChoiceSpecs|GoodasGold|MakeItRain,ShadowBall,Thunderbolt,PowerGem||||||50|,,,,,Steel]Tyranitar||AssaultVest|SandStream|RockSlide,KnockOff,TeraBlast,LowKick|||M|||50|,,,,,Flying]Amoonguss||SitrusBerry|Regenerator|PollenPuff,Spore,RagePowder,Protect|||F|||50|,,,,,Water]Milotic||SafetyGoggles|Competitive|Scald,IcyWind,Haze,Protect|||M|||50|,,,,,Dragon
|showteam|p2|Pelipper||FocusSash|Drizzle|Protect,WeatherBall,Hurricane,Tailwind|||F|||50|,,,,,Ghost]Archaludon||AssaultVest|Stamina|DracoMeteor,ElectroShot,BodyPress,Snarl|||M|||50|,,,,,Grass]Basculegion||ChoiceScarf|Adaptability|WaveCrash,FlipTurn,LastRespects,IcyWind|||M|||50|,,,,,Water]Gholdengo||MetalCoat|GoodasGold|Protect,MakeItRain,ShadowBall,NastyPlot||||||50|,,,,,Water]Incineroar||SafetyGoggles|Intimidate|FlareBlitz,KnockOff,PartingShot,FakeOut|||F|||50|,,,,,Ghost]Amoonguss||SitrusBerry|Regenerator|Protect,PollenPuff,Spore,RagePowder|||M|||50|,,,,,Fairy
|inactive|Battle timer is ON: inactive players will automatically lose when time's up. (requested by Llama_Llord)
|
|t:|1757643996
|teamsize|p1|4
|teamsize|p2|4
|start
|switch|p1a: Talonflame|Talonflame, L50, F|100/100
|switch|p1b: Tyranitar|Tyranitar, L50, M|100/100
|switch|p2a: Pelipper|Pelipper, L50, F|100/100
|switch|p2b: Archaludon|Archaludon, L50, M|100/100
|-weather|RainDance|[from] ability: Drizzle|[of] p2a: Pelipper
|-weather|Sandstorm|[from] ability: Sand Stream|[of] p1b: Tyranitar
|turn|1
|
|t:|1757644020
|switch|p1a: Gholdengo|Gholdengo, L50|100/100
|move|p2a: Pelipper|Weather Ball|p1b: Tyranitar
|-damage|p1b: Tyranitar|88/100
|move|p2b: Archaludon|Electro Shot||[still]
|-prepare|p2b: Archaludon|Electro Shot
|-boost|p2b: Archaludon|spa|1
|move|p1b: Tyranitar|Knock Off|p2b: Archaludon
|-damage|p2b: Archaludon|61/100
|-ability|p2b: Archaludon|Stamina|boost
|-boost|p2b: Archaludon|def|1
|-enditem|p2b: Archaludon|Assault Vest|[from] move: Knock Off|[of] p1b: Tyranitar
|
|-weather|Sandstorm|[upkeep]
|-damage|p2a: Pelipper|95/100|[from] Sandstorm
|upkeep
|turn|2
|
|t:|1757644039
|move|p1a: Gholdengo|Shadow Ball|p2b: Archaludon
|-damage|p2b: Archaludon|0 fnt
|faint|p2b: Archaludon
|move|p2a: Pelipper|Tailwind|p2a: Pelipper
|-sidestart|p2: maxspeedincineroar|move: Tailwind
|move|p1b: Tyranitar|Knock Off|p2a: Pelipper
|-damage|p2a: Pelipper|23/100
|-enditem|p2a: Pelipper|Focus Sash|[from] move: Knock Off|[of] p1b: Tyranitar
|
|-weather|Sandstorm|[upkeep]
|-damage|p2a: Pelipper|17/100|[from] Sandstorm
|upkeep
|
|t:|1757644051
|switch|p2b: Incineroar|Incineroar, L50, F|100/100
|-ability|p2b: Incineroar|Intimidate|boost
|-unboost|p1a: Gholdengo|atk|1
|-unboost|p1b: Tyranitar|atk|1
|turn|3
|
|t:|1757644066
|move|p2a: Pelipper|Weather Ball|p1b: Tyranitar
|-damage|p1b: Tyranitar|75/100
|move|p2b: Incineroar|Flare Blitz|p1a: Gholdengo
|-supereffective|p1a: Gholdengo
|-damage|p1a: Gholdengo|0 fnt
|faint|p1a: Gholdengo
|-damage|p2b: Incineroar|74/100|[from] Recoil
|move|p1b: Tyranitar|Rock Slide|p2b: Incineroar|[spread] p2a,p2b
|-supereffective|p2a: Pelipper
|-supereffective|p2b: Incineroar
|-damage|p2a: Pelipper|0 fnt
|-damage|p2b: Incineroar|37/100
|faint|p2a: Pelipper
|
|-weather|Sandstorm|[upkeep]
|upkeep
|
|t:|1757644077
|switch|p1a: Talonflame|Talonflame, L50, F|100/100
|switch|p2a: Basculegion|Basculegion, L50, M|100/100
|turn|4
|
|t:|1757644099
|switch|p1b: Amoonguss|Amoonguss, L50, F|100/100
|move|p1a: Talonflame|Tailwind|p1a: Talonflame
|-sidestart|p1: Llama_Llord|move: Tailwind
|move|p2a: Basculegion|Wave Crash|p1b: Amoonguss
|-resisted|p1b: Amoonguss
|-damage|p1b: Amoonguss|70/100
|-damage|p2a: Basculegion|89/100|[from] Recoil
|move|p2b: Incineroar|Knock Off|p1a: Talonflame
|-damage|p1a: Talonflame|48/100
|-enditem|p1a: Talonflame|Covert Cloak|[from] move: Knock Off|[of] p2b: Incineroar
|
|-weather|Sandstorm|[upkeep]
|-damage|p2a: Basculegion|83/100|[from] Sandstorm
|-damage|p1a: Talonflame|42/100|[from] Sandstorm
|-damage|p1b: Amoonguss|64/100|[from] Sandstorm
|upkeep
|turn|5
|inactive|maxspeedincineroar has 30 seconds left.
|
|t:|1757644124
|-terastallize|p2a: Basculegion|Water
|move|p1b: Amoonguss|Protect|p1b: Amoonguss
|-singleturn|p1b: Amoonguss|Protect
|move|p1a: Talonflame|Will-O-Wisp|p2a: Basculegion
|-status|p2a: Basculegion|brn
|move|p2a: Basculegion|Wave Crash|p1b: Amoonguss
|-activate|p1b: Amoonguss|move: Protect
|move|p2b: Incineroar|Knock Off|p1b: Amoonguss
|-activate|p1b: Amoonguss|move: Protect
|
|-weather|none
|-damage|p2a: Basculegion|77/100 brn|[from] brn
|-sideend|p2: maxspeedincineroar|move: Tailwind
|upkeep
|turn|6
|-message|maxspeedincineroar forfeited.
|
|win|Llama_Llord
|l|☆maxspeedincineroar
|player|p2|
