|j|☆reuman
|j|☆new mental
|html|reumannew mental    
|uhtml|bestof|Game 3 of a best-of-3
|t:|1784882489
|gametype|doubles
|player|p1|reuman|lucas|1130
|player|p2|new mental|volkner|1293
|gen|9
|tier|[Gen 9 Champions] VGC 2026 Reg M-B (Bo3)
|rated|
|rule|Species Clause: Limit one of each Pokémon
|rule|Item Clause: Limit 1 of each item
|clearpoke
|poke|p1|Incineroar, L50, F|
|poke|p1|Gengar, L50, M, shiny|
|poke|p1|Milotic, L50, M|
|poke|p1|Whimsicott, L50, M|
|poke|p1|Metagross, L50, shiny|
|poke|p1|Rotom-Mow, L50|
|poke|p2|Charizard, L50, F|
|poke|p2|Garchomp, L50, F|
|poke|p2|Incineroar, L50, F|
|poke|p2|Venusaur, L50, F|
|poke|p2|Toxapex, L50, M|
|poke|p2|Sylveon, L50, F|
|teampreview|4
|showteam|p1|Incineroar||SitrusBerry|Intimidate|ThroatChop,FlareBlitz,FakeOut,CloseCombat|Careful||F|||50|]Gengar||Gengarite|CursedBody|ShadowBall,SludgeBomb,WillOWisp,Protect|Timid||M|||50|]Milotic||Leftovers|Competitive|AlluringVoice,MuddyWater,IcyWind,Protect|Calm||M|||50|]Whimsicott||FocusSash|Prankster|Tailwind,Encore,Protect,Moonblast|Bold||M|||50|]Metagross||Metagrossite|ClearBody|BodyPress,BulletPunch,Protect,PsychicFangs|Adamant|||||50|]Rotom-Mow||BrightPowder|Levitate|WillOWisp,Protect,LeafStorm,VoltSwitch|Calm|||||50|
|showteam|p2|Charizard||CharizarditeY|SolarPower|WeatherBall,HeatWave,AncientPower,Protect|Modest||F|||50|]Garchomp||ChoiceScarf|RoughSkin|RockSlide,DragonClaw,Earthquake,StompingTantrum|Adamant||F|||50|]Incineroar||SitrusBerry|Intimidate|FlareBlitz,FakeOut,DarkestLariat,PartingShot|Impish||F|||50|]Venusaur||LifeOrb|Chlorophyll|SludgeBomb,LeafStorm,EarthPower,Protect|Modest||F|||50|]Toxapex||Leftovers|Regenerator|Infestation,Toxic,WideGuard,BanefulBunker|Bold||M|||50|]Sylveon||FairyFeather|Pixilate|HyperVoice,QuickAttack,Yawn,Detect|Modest||F|||50|
|inactive|Battle timer is ON: inactive players will automatically lose when time's up. (requested by reuman)
|
|t:|1784882513
|teamsize|p1|4
|teamsize|p2|4
|start
|switch|p1a: Incineroar|Incineroar, L50, F|100/100
|switch|p1b: Milotic|Milotic, L50, M|100/100
|switch|p2a: Charizard|Charizard, L50, F|100/100
|switch|p2b: Toxapex|Toxapex, L50, M|100/100
|-ability|p1a: Incineroar|Intimidate|boost
|-unboost|p2a: Charizard|atk|1
|-unboost|p2b: Toxapex|atk|1
|turn|1
|
|t:|1784882527
|detailschange|p2a: Charizard|Charizard-Mega-Y, L50, F
|-mega|p2a: Charizard|Charizard|Charizardite Y
|-weather|SunnyDay|[from] ability: Drought|[of] p2a: Charizard
|move|p1a: Incineroar|Fake Out|p2a: Charizard
|-damage|p2a: Charizard|90/100
|cant|p2a: Charizard|flinch
|move|p1b: Milotic|Muddy Water|p2a: Charizard|[spread] p2a,p2b
|-supereffective|p2a: Charizard|1
|-resisted|p2b: Toxapex|1
|-damage|p2a: Charizard|70/100
|-damage|p2b: Toxapex|94/100
|-unboost|p2a: Charizard|accuracy|1
|move|p2b: Toxapex|Infestation|p1a: Incineroar
|-damage|p1a: Incineroar|97/100
|-activate|p1a: Incineroar|move: Infestation|[of] p2b: Toxapex
|
|-weather|SunnyDay|[upkeep]
|-heal|p2b: Toxapex|100/100|[from] item: Leftovers
|-damage|p1a: Incineroar|85/100|[from] move: Infestation|[partiallytrapped]
|upkeep
|turn|2
|
|t:|1784882550
|move|p2a: Charizard|Protect|p2a: Charizard
|-singleturn|p2a: Charizard|Protect
|move|p1b: Milotic|Icy Wind|p2b: Toxapex|[spread] p2b
|-activate|p2a: Charizard|move: Protect
|-resisted|p2b: Toxapex|1
|-damage|p2b: Toxapex|96/100
|-unboost|p2b: Toxapex|spe|1
|move|p1a: Incineroar|Throat Chop|p2b: Toxapex
|-damage|p2b: Toxapex|72/100
|-start|p2b: Toxapex|Throat Chop|[silent]
|move|p2b: Toxapex|Infestation|p1b: Milotic
|-damage|p1b: Milotic|98/100
|-activate|p1b: Milotic|move: Infestation|[of] p2b: Toxapex
|
|-weather|SunnyDay|[upkeep]
|-heal|p1b: Milotic|100/100|[from] item: Leftovers
|-heal|p2b: Toxapex|78/100|[from] item: Leftovers
|-damage|p1b: Milotic|87/100|[from] move: Infestation|[partiallytrapped]
|-damage|p1a: Incineroar|72/100|[from] move: Infestation|[partiallytrapped]
|upkeep
|turn|3
|
|t:|1784882564
|move|p2a: Charizard|Ancient Power|p1a: Incineroar
|-supereffective|p1a: Incineroar|1
|-damage|p1a: Incineroar|43/100
|-enditem|p1a: Incineroar|Sitrus Berry|[eat]
|-heal|p1a: Incineroar|67/100|[from] item: Sitrus Berry
|move|p1b: Milotic|Icy Wind|p2a: Charizard|[spread] p2a,p2b
|-resisted|p2b: Toxapex|1
|-damage|p2a: Charizard|61/100
|-damage|p2b: Toxapex|73/100
|-unboost|p2a: Charizard|spe|1
|-unboost|p2b: Toxapex|spe|1
|move|p1a: Incineroar|Throat Chop|p2a: Charizard
|-damage|p2a: Charizard|35/100
|-start|p2a: Charizard|Throat Chop|[silent]
|move|p2b: Toxapex|Toxic|p1b: Milotic
|-status|p1b: Milotic|tox
|
|-weather|SunnyDay|[upkeep]
|-heal|p1b: Milotic|93/100 tox|[from] item: Leftovers
|-heal|p2b: Toxapex|79/100|[from] item: Leftovers
|-damage|p1b: Milotic|87/100 tox|[from] psn
|-damage|p1b: Milotic|75/100 tox|[from] move: Infestation|[partiallytrapped]
|-damage|p1a: Incineroar|55/100|[from] move: Infestation|[partiallytrapped]
|-end|p2b: Toxapex|Throat Chop|[silent]
|upkeep
|turn|4
|
|t:|1784882586
|move|p2a: Charizard|Protect|p2a: Charizard
|-singleturn|p2a: Charizard|Protect
|move|p1b: Milotic|Muddy Water|p2a: Charizard|[spread] p2b
|-activate|p2a: Charizard|move: Protect
|-resisted|p2b: Toxapex|1
|-damage|p2b: Toxapex|75/100
|-unboost|p2b: Toxapex|accuracy|1
|move|p1a: Incineroar|Throat Chop|p2b: Toxapex
|-damage|p2b: Toxapex|54/100
|-start|p2b: Toxapex|Throat Chop|[silent]
|move|p2b: Toxapex|Toxic|p1a: Incineroar
|-status|p1a: Incineroar|tox
|
|-weather|SunnyDay|[upkeep]
|-heal|p1b: Milotic|81/100 tox|[from] item: Leftovers
|-heal|p2b: Toxapex|60/100|[from] item: Leftovers
|-damage|p1b: Milotic|69/100 tox|[from] psn
|-damage|p1a: Incineroar|49/100 tox|[from] psn
|-damage|p1b: Milotic|56/100 tox|[from] move: Infestation|[partiallytrapped]
|-damage|p1a: Incineroar|37/100 tox|[from] move: Infestation|[partiallytrapped]
|-end|p2a: Charizard|Throat Chop|[silent]
|upkeep
|turn|5
|
|t:|1784882595
|switch|p2a: Incineroar|Incineroar, L50, F|100/100
|-ability|p2a: Incineroar|Intimidate|boost
|-unboost|p1a: Incineroar|atk|1
|-unboost|p1b: Milotic|atk|1
|-ability|p1b: Milotic|Competitive|boost
|-boost|p1b: Milotic|spa|2
|move|p2b: Toxapex|Wide Guard|p2b: Toxapex
|-singleturn|p2b: Toxapex|Wide Guard
|move|p1b: Milotic|Muddy Water|p2a: Incineroar|[spread] 
|-activate|p2a: Incineroar|move: Wide Guard
|-activate|p2b: Toxapex|move: Wide Guard
|move|p1a: Incineroar|Throat Chop|p2a: Incineroar
|-resisted|p2a: Incineroar|1
|-damage|p2a: Incineroar|92/100
|-start|p2a: Incineroar|Throat Chop|[silent]
|
|-weather|none
|-heal|p1b: Milotic|62/100 tox|[from] item: Leftovers
|-heal|p2b: Toxapex|66/100|[from] item: Leftovers
|-damage|p1b: Milotic|44/100 tox|[from] psn
|-damage|p1a: Incineroar|25/100 tox|[from] psn
|-damage|p1b: Milotic|32/100 tox|[from] move: Infestation|[partiallytrapped]
|-damage|p1a: Incineroar|12/100 tox|[from] move: Infestation|[partiallytrapped]
|-end|p2b: Toxapex|Throat Chop|[silent]
|upkeep
|turn|6
|
|t:|1784882611
|move|p2a: Incineroar|Fake Out|p1b: Milotic
|-damage|p1b: Milotic|22/100 tox
|move|p2b: Toxapex|Wide Guard|p2b: Toxapex
|-singleturn|p2b: Toxapex|Wide Guard
|cant|p1b: Milotic|flinch
|move|p1a: Incineroar|Close Combat|p2a: Incineroar
|-supereffective|p2a: Incineroar|1
|-damage|p2a: Incineroar|61/100
|-unboost|p1a: Incineroar|def|1
|-unboost|p1a: Incineroar|spd|1
|
|-heal|p1b: Milotic|28/100 tox|[from] item: Leftovers
|-heal|p2b: Toxapex|71/100|[from] item: Leftovers
|-damage|p1b: Milotic|4/100 tox|[from] psn
|-damage|p1a: Incineroar|0 fnt|[from] psn
|faint|p1a: Incineroar
|-damage|p1b: Milotic|0 fnt|[from] move: Infestation|[partiallytrapped]
|faint|p1b: Milotic
|-end|p2a: Incineroar|Throat Chop|[silent]
|upkeep
|
|t:|1784882614
|switch|p1b: Whimsicott|Whimsicott, L50, M|100/100
|switch|p1a: Metagross|Metagross, L50, shiny|100/100
|turn|7
|
|t:|1784882623
|detailschange|p1a: Metagross|Metagross-Mega, L50, shiny
|-mega|p1a: Metagross|Metagross|Metagrossite
|move|p1b: Whimsicott|Encore|p2b: Toxapex
|-start|p2b: Toxapex|Encore
|move|p2b: Toxapex|Wide Guard|p2b: Toxapex
|-singleturn|p2b: Toxapex|Wide Guard
|move|p1a: Metagross|Body Press|p2a: Incineroar
|-supereffective|p2a: Incineroar|1
|-damage|p2a: Incineroar|5/100
|-enditem|p2a: Incineroar|Sitrus Berry|[eat]
|-heal|p2a: Incineroar|30/100|[from] item: Sitrus Berry
|move|p2a: Incineroar|Flare Blitz|p1a: Metagross
|-supereffective|p1a: Metagross|1
|-damage|p1a: Metagross|43/100
|-status|p1a: Metagross|brn
|-damage|p2a: Incineroar|13/100|[from] Recoil
|
|-heal|p2b: Toxapex|77/100|[from] item: Leftovers
|-damage|p1a: Metagross|36/100 brn|[from] brn
|upkeep
|turn|8
|
|t:|1784882637
|switch|p2a: Venusaur|Venusaur, L50, F|100/100
|move|p2b: Toxapex|Wide Guard|p2b: Toxapex
|-singleturn|p2b: Toxapex|Wide Guard
|move|p1b: Whimsicott|Tailwind|p1b: Whimsicott
|-sidestart|p1: reuman|move: Tailwind
|move|p1a: Metagross|Body Press|p2a: Venusaur
|-resisted|p2a: Venusaur|1
|-damage|p2a: Venusaur|88/100
|
|-heal|p2b: Toxapex|83/100|[from] item: Leftovers
|-damage|p1a: Metagross|30/100 brn|[from] brn
|upkeep
|turn|9
|
|t:|1784882644
|-heal|p2b: Toxapex|100/100|[from] ability: Regenerator|[silent]
|switch|p2b: Charizard|Charizard-Mega-Y, L50, F|35/100
|-weather|SunnyDay|[from] ability: Drought|[of] p2b: Charizard
|move|p1b: Whimsicott|Moonblast|p2a: Venusaur
|-resisted|p2a: Venusaur|1
|-damage|p2a: Venusaur|71/100
|move|p1a: Metagross|Psychic Fangs|p2a: Venusaur
|-supereffective|p2a: Venusaur|1
|-damage|p2a: Venusaur|1/100
|move|p2a: Venusaur|Earth Power|p1a: Metagross
|-supereffective|p1a: Metagross|1
|-damage|p1a: Metagross|0 fnt
|faint|p1a: Metagross
|-damage|p2a: Venusaur|0 fnt|[from] item: Life Orb
|faint|p2a: Venusaur
|
|-weather|SunnyDay|[upkeep]
|upkeep
|
|t:|1784882647
|switch|p2a: Incineroar|Incineroar, L50, F|13/100
|-ability|p2a: Incineroar|Intimidate|boost
|-unboost|p1b: Whimsicott|atk|1
|turn|10
|
|t:|1784882659
|move|p1b: Whimsicott|Protect|p1b: Whimsicott
|-singleturn|p1b: Whimsicott|Protect
|move|p2a: Incineroar|Fake Out|p1b: Whimsicott
|-activate|p1b: Whimsicott|move: Protect
|move|p2b: Charizard|Weather Ball|p1b: Whimsicott
|-activate|p1b: Whimsicott|move: Protect
|
|-weather|SunnyDay|[upkeep]
|upkeep
|turn|11
|
|t:|1784882664
|move|p1b: Whimsicott|Moonblast|p2a: Incineroar
|-damage|p2a: Incineroar|0 fnt
|faint|p2a: Incineroar
|move|p2b: Charizard|Weather Ball|p1b: Whimsicott
|-supereffective|p1b: Whimsicott|1
|-enditem|p1b: Whimsicott|Focus Sash
|-damage|p1b: Whimsicott|1/100
|
|-weather|SunnyDay|[upkeep]
|-sideend|p1: reuman|move: Tailwind
|upkeep
|
|t:|1784882668
|switch|p2a: Toxapex|Toxapex, L50, M|100/100
|turn|12
|
|t:|1784882672
|move|p1b: Whimsicott|Moonblast|p2b: Charizard
|-resisted|p2b: Charizard|1
|-damage|p2b: Charizard|23/100
|move|p2b: Charizard|Weather Ball|p1b: Whimsicott
|-supereffective|p1b: Whimsicott|1
|-damage|p1b: Whimsicott|0 fnt
|faint|p1b: Whimsicott
|
|win|new mental
|raw|reuman's rating: 1130 → 1116(-14 for losing)
|raw|new mental's rating: 1293 → 1307(+14 for winning)
