|j|☆BackToTwork
|j|☆Shminki
|html|BackToTworkShminki    
|uhtml|bestof|Game 2 of a best-of-3
|t:|1756952516
|gametype|doubles
|player|p1|BackToTwork|101|1220
|player|p2|Shminki|ethan|1263
|gen|9
|tier|[Gen 9] VGC 2025 Reg H (Bo3)
|rated|
|rule|Species Clause: Limit one of each Pokémon
|rule|Item Clause: Limit 1 of each item
|clearpoke
|poke|p1|Murkrow, L50, M|
|poke|p1|Gholdengo, L50|
|poke|p1|Tyranitar, L50, F|
|poke|p1|Basculegion, L50, M|
|poke|p1|Rillaboom, L50, M|
|poke|p1|Garchomp, L50, F|
|poke|p2|Gholdengo, L50|
|poke|p2|Sneasler, L50, M|
|poke|p2|Rillaboom, L50, F|
|poke|p2|Dragonite, L50, M|
|poke|p2|Ninetales-Alola, L50, M|
|poke|p2|Arcanine-Hisui, L50, F|
|teampreview|4
|showteam|p1|Murkrow||Eviolite|Prankster|FoulPlay,Screech,Tailwind,Haze|||M|||50|,,,,,Ghost]Gholdengo||ChoiceSpecs|GoodasGold|ShadowBall,MakeItRain,PowerGem,Thunderbolt||||||50|,,,,,Steel]Tyranitar||AssaultVest|SandStream|RockSlide,KnockOff,LowKick,TeraBlast|||F|||50|,,,,,Flying]Basculegion||ChoiceScarf|Adaptability|WaveCrash,FlipTurn,IcyWind,LastRespects|||M|||50|,,,,,Grass]Rillaboom||MiracleSeed|GrassySurge|WoodHammer,GrassyGlide,Uturn,FakeOut|||M|||50|,,,,,Grass]Garchomp||LifeOrb|RoughSkin|BreakingSwipe,StompingTantrum,PoisonJab,Protect|||F|||50|,,,,,Steel
|showteam|p2|Gholdengo||GrassySeed|GoodasGold|NastyPlot,MakeItRain,ShadowBall,Protect||||||50|,,,,,Water]Sneasler||WhiteHerb|Unburden|CloseCombat,DireClaw,Coaching,Protect|||M|||50|,,,,,Ghost]Rillaboom||AssaultVest|GrassySurge|FakeOut,GrassyGlide,DrumBeating,HighHorsepower|||F|||50|,,,,,Fire]Dragonite||LoadedDice|Multiscale|ScaleShot,StompingTantrum,Tailwind,Protect|||M|||50|,,,,,Ground]Ninetales-Alola||FocusSash|SnowWarning|Blizzard,IcyWind,Encore,AuroraVeil|||M|||50|,,,,,Ghost]Arcanine-Hisui||ClearAmulet|Intimidate|RockSlide,FlareBlitz,ExtremeSpeed,Protect|||F|||50|,,,,,Water
|inactive|Battle timer is ON: inactive players will automatically lose when time's up. (requested by Shminki)
|
|t:|1756952525
|teamsize|p1|4
|teamsize|p2|4
|start
|switch|p1a: Rillaboom|Rillaboom, L50, M|100/100
|switch|p1b: Gholdengo|Gholdengo, L50|100/100
|switch|p2a: Rillaboom|Rillaboom, L50, F|100/100
|switch|p2b: Arcanine|Arcanine-Hisui, L50, F|100/100
|-ability|p2b: Arcanine|Intimidate|boost
|-unboost|p1a: Rillaboom|atk|1
|-unboost|p1b: Gholdengo|atk|1
|-fieldstart|move: Grassy Terrain|[from] ability: Grassy Surge|[of] p2a: Rillaboom
|turn|1
|
|t:|1756952546
|switch|p1a: Basculegion|Basculegion, L50, M|100/100
|move|p2a: Rillaboom|Fake Out|p1a: Basculegion
|-immune|p1a: Basculegion
|move|p2b: Arcanine|Flare Blitz|p1b: Gholdengo
|-supereffective|p1b: Gholdengo
|-damage|p1b: Gholdengo|0 fnt
|faint|p1b: Gholdengo
|-damage|p2b: Arcanine|64/100|[from] Recoil
|
|-heal|p2b: Arcanine|70/100|[from] Grassy Terrain
|upkeep
|
|t:|1756952563
|switch|p1b: Rillaboom|Rillaboom, L50, M|100/100
|turn|2
|inactive|Shminki has 30 seconds left.
|inactive|Shminki has 20 seconds left.
|
|t:|1756952603
|switch|p2a: Dragonite|Dragonite, L50, M|100/100
|-terastallize|p1a: Basculegion|Grass
|move|p1a: Basculegion|Flip Turn|p2b: Arcanine
|-supereffective|p2b: Arcanine
|-damage|p2b: Arcanine|0 fnt
|faint|p2b: Arcanine
|
|t:|1756952609
|switch|p1a: Tyranitar|Tyranitar, L50, F|100/100|[from] Flip Turn
|-weather|Sandstorm|[from] ability: Sand Stream|[of] p1a: Tyranitar
|move|p1b: Rillaboom|U-turn|p2a: Dragonite
|-resisted|p2a: Dragonite
|-damage|p2a: Dragonite|94/100
|
|t:|1756952611
|switch|p1b: Basculegion|Basculegion, L50, M, tera:Grass|100/100|[from] U-turn
|
|-weather|Sandstorm|[upkeep]
|-damage|p1b: Basculegion|94/100|[from] Sandstorm
|-damage|p2a: Dragonite|88/100|[from] Sandstorm
|-heal|p1b: Basculegion|100/100|[from] Grassy Terrain
|upkeep
|
|t:|1756952626
|switch|p2b: Ninetales|Ninetales-Alola, L50, M|100/100
|-weather|Snowscape|[from] ability: Snow Warning|[of] p2b: Ninetales
|turn|3
|inactive|Shminki has 30 seconds left.
|
|t:|1756952657
|move|p1b: Basculegion|Icy Wind|p2a: Dragonite|[spread] p2a,p2b
|-supereffective|p2a: Dragonite
|-resisted|p2b: Ninetales
|-damage|p2a: Dragonite|57/100
|-damage|p2b: Ninetales|96/100
|-unboost|p2a: Dragonite|spe|1
|-unboost|p2b: Ninetales|spe|1
|move|p2b: Ninetales|Aurora Veil|p2b: Ninetales
|-sidestart|p2: Shminki|move: Aurora Veil
|move|p1a: Tyranitar|Rock Slide|p2b: Ninetales|[spread] p2a,p2b
|-supereffective|p2a: Dragonite
|-supereffective|p2b: Ninetales
|-damage|p2a: Dragonite|11/100
|-damage|p2b: Ninetales|53/100
|cant|p2a: Dragonite|flinch
|
|-weather|Snowscape|[upkeep]
|-heal|p2b: Ninetales|59/100|[from] Grassy Terrain
|upkeep
|turn|4
|
|t:|1756952676
|switch|p2a: Rillaboom|Rillaboom, L50, F|100/100
|move|p1b: Basculegion|Icy Wind|p2a: Rillaboom|[spread] p2a,p2b
|-supereffective|p2a: Rillaboom
|-resisted|p2b: Ninetales
|-damage|p2a: Rillaboom|93/100
|-damage|p2b: Ninetales|56/100
|-unboost|p2a: Rillaboom|spe|1
|-unboost|p2b: Ninetales|spe|1
|move|p1a: Tyranitar|Rock Slide|p2b: Ninetales|[spread] p2a,p2b
|-supereffective|p2b: Ninetales
|-damage|p2a: Rillaboom|70/100
|-damage|p2b: Ninetales|13/100
|move|p2b: Ninetales|Blizzard|p1b: Basculegion|[spread] p1a,p1b
|-supereffective|p1b: Basculegion
|-damage|p1a: Tyranitar|80/100
|-damage|p1b: Basculegion|27/100
|
|-weather|Snowscape|[upkeep]
|-heal|p1b: Basculegion|33/100|[from] Grassy Terrain
|-heal|p1a: Tyranitar|86/100|[from] Grassy Terrain
|-heal|p2a: Rillaboom|76/100|[from] Grassy Terrain
|-heal|p2b: Ninetales|19/100|[from] Grassy Terrain
|upkeep
|turn|5
|inactive|Shminki has 30 seconds left.
|
|t:|1756952705
|switch|p1a: Rillaboom|Rillaboom, L50, M|100/100
|move|p2a: Rillaboom|Fake Out|p1a: Rillaboom
|-damage|p1a: Rillaboom|88/100
|move|p1b: Basculegion|Icy Wind|p2b: Ninetales|[spread] p2a,p2b
|-supereffective|p2a: Rillaboom
|-resisted|p2b: Ninetales
|-damage|p2a: Rillaboom|68/100
|-damage|p2b: Ninetales|16/100
|-unboost|p2a: Rillaboom|spe|1
|-unboost|p2b: Ninetales|spe|1
|move|p2b: Ninetales|Blizzard|p1b: Basculegion|[spread] p1a,p1b
|-supereffective|p1a: Rillaboom
|-supereffective|p1b: Basculegion
|-damage|p1a: Rillaboom|28/100
|-damage|p1b: Basculegion|0 fnt
|faint|p1b: Basculegion
|
|-weather|Snowscape|[upkeep]
|-heal|p1a: Rillaboom|33/100|[from] Grassy Terrain
|-heal|p2a: Rillaboom|74/100|[from] Grassy Terrain
|-heal|p2b: Ninetales|22/100|[from] Grassy Terrain
|-fieldend|move: Grassy Terrain
|upkeep
|
|t:|1756952708
|switch|p1b: Tyranitar|Tyranitar, L50, F|86/100
|-weather|Sandstorm|[from] ability: Sand Stream|[of] p1b: Tyranitar
|turn|6
|
|t:|1756952730
|move|p1a: Rillaboom|U-turn|p2a: Rillaboom
|-supereffective|p2a: Rillaboom
|-damage|p2a: Rillaboom|39/100
|move|p1b: Tyranitar|Rock Slide|p2a: Rillaboom|[spread] p2a,p2b
|-supereffective|p2b: Ninetales
|-damage|p2a: Rillaboom|16/100
|-damage|p2b: Ninetales|0 fnt
|faint|p2b: Ninetales
|move|p2a: Rillaboom|Drum Beating|p1b: Tyranitar
|-supereffective|p1b: Tyranitar
|-damage|p1b: Tyranitar|17/100
|-unboost|p1b: Tyranitar|spe|1
|
|-weather|Sandstorm|[upkeep]
|-damage|p1a: Rillaboom|28/100|[from] Sandstorm
|-damage|p2a: Rillaboom|10/100|[from] Sandstorm
|upkeep
|
|t:|1756952739
|switch|p2b: Dragonite|Dragonite, L50, M|11/100
|turn|7
|inactive|Shminki has 30 seconds left.
|inactive|Shminki has 20 seconds left.
|inactive|Shminki has 15 seconds left.
|
|t:|1756952783
|move|p2b: Dragonite|Protect|p2b: Dragonite
|-singleturn|p2b: Dragonite|Protect
|move|p1a: Rillaboom|Wood Hammer|p2b: Dragonite
|-activate|p2b: Dragonite|move: Protect
|move|p2a: Rillaboom|Drum Beating|p1b: Tyranitar
|-supereffective|p1b: Tyranitar
|-damage|p1b: Tyranitar|0 fnt
|faint|p1b: Tyranitar
|
|-weather|Sandstorm|[upkeep]
|-damage|p2b: Dragonite|5/100|[from] Sandstorm
|-damage|p1a: Rillaboom|22/100|[from] Sandstorm
|-damage|p2a: Rillaboom|4/100|[from] Sandstorm
|-sideend|p2: Shminki|move: Aurora Veil
|upkeep
|turn|8
|
|t:|1756952798
|move|p2b: Dragonite|Scale Shot|p1a: Rillaboom
|-damage|p1a: Rillaboom|9/100
|-damage|p1a: Rillaboom|0 fnt
|faint|p1a: Rillaboom
|-hitcount|p1: Rillaboom|2
|
|win|Shminki
|raw|BackToTwork's rating: 1220 → 1198(-22 for losing)
|raw|Shminki's rating: 1263 → 1285(+22 for winning)
|l|☆BackToTwork
|player|p1|
