|j|☆is_katabo
|j|☆eriksp
|html|is_kataboeriksp    
|uhtml|bestof|Game 2 of a best-of-3
|t:|1757203820
|gametype|doubles
|player|p1|is_katabo|barry|
|player|p2|eriksp|calem-masters|
|gen|9
|tier|[Gen 9] VGC 2025 Reg H (Bo3)
|rule|Species Clause: Limit one of each Pokémon
|rule|Item Clause: Limit 1 of each item
|clearpoke
|poke|p1|Milotic, L50, M|
|poke|p1|Incineroar, L50, F|
|poke|p1|Amoonguss, L50, F|
|poke|p1|Gholdengo, L50|
|poke|p1|Ursaluna-Bloodmoon, L50, M|
|poke|p1|Dragonite, L50, F|
|poke|p2|Volcarona, L50, F|
|poke|p2|Kingambit, L50, F|
|poke|p2|Dragonite, L50, M|
|poke|p2|Sneasler, L50, M|
|poke|p2|Rillaboom, L50, M|
|poke|p2|Electabuzz, L50, M|
|teampreview|4
|showteam|p1|Milotic||SafetyGoggles|Competitive|Scald,IcyWind,Haze,Protect|||M|||50|,,,,,Dragon]Incineroar||SitrusBerry|Intimidate|FakeOut,KnockOff,FlareBlitz,PartingShot|||F|||50|,,,,,Ghost]Amoonguss||CovertCloak|Regenerator|PollenPuff,RagePowder,Spore,Protect|||F|||50|,,,,,Electric]Gholdengo||LifeOrb|GoodasGold|MakeItRain,ShadowBall,NastyPlot,Protect||||||50|,,,,,Water]Ursaluna-Bloodmoon||AssaultVest|MindsEye|BloodMoon,HyperVoice,EarthPower,VacuumWave|||M|||50|,,,,,Water]Dragonite||LoadedDice|Multiscale|ScaleShot,ExtremeSpeed,Tailwind,Protect|||F|||50|,,,,,Steel
|showteam|p2|Volcarona||Leftovers|FlameBody|HeatWave,TeraBlast,QuiverDance,Protect|||F|||50|,,,,,Fairy]Kingambit||BlackGlasses|Defiant|KowtowCleave,SuckerPunch,SwordsDance,Protect|||F|||50|,,,,,Ghost]Dragonite||LoadedDice|Multiscale|ScaleShot,ExtremeSpeed,Haze,Protect|||M|||50|,,,,,Normal]Sneasler||FocusSash|Unburden|CloseCombat,DireClaw,FakeOut,Coaching|||M|||50|,,,,,Stellar]Rillaboom||AssaultVest|GrassySurge|WoodHammer,GrassyGlide,HighHorsepower,FakeOut|||M|||50|,,,,,Fire]Electabuzz||Eviolite|VitalSpirit|Thunderbolt,Taunt,FollowMe,Protect|||M|||50|,,,,,Ghost
|
|t:|1757203870
|teamsize|p1|4
|teamsize|p2|4
|start
|switch|p1a: Yeah Right|Incineroar, L50, F|100/100
|switch|p1b: Homage|Ursaluna-Bloodmoon, L50, M|100/100
|switch|p2a: Volcarona|Volcarona, L50, F|100/100
|switch|p2b: Rillaboom|Rillaboom, L50, M|100/100
|-fieldstart|move: Grassy Terrain|[from] ability: Grassy Surge|[of] p2b: Rillaboom
|-ability|p1a: Yeah Right|Intimidate|boost
|-unboost|p2a: Volcarona|atk|1
|-unboost|p2b: Rillaboom|atk|1
|turn|1
|
|t:|1757203891
|move|p2b: Rillaboom|Fake Out|p1a: Yeah Right
|-crit|p1a: Yeah Right
|-damage|p1a: Yeah Right|83/100
|move|p2a: Volcarona|Quiver Dance|p2a: Volcarona
|-boost|p2a: Volcarona|spa|1
|-boost|p2a: Volcarona|spd|1
|-boost|p2a: Volcarona|spe|1
|cant|p1a: Yeah Right|flinch
|move|p1b: Homage|Blood Moon|p2a: Volcarona
|-damage|p2a: Volcarona|54/100
|
|-heal|p2a: Volcarona|60/100|[from] Grassy Terrain
|-heal|p2a: Volcarona|66/100|[from] item: Leftovers
|-heal|p1a: Yeah Right|89/100|[from] Grassy Terrain
|upkeep
|turn|2
|
|t:|1757203914
|move|p2a: Volcarona|Protect|p2a: Volcarona
|-singleturn|p2a: Volcarona|Protect
|move|p2b: Rillaboom|Wood Hammer|p1b: Homage
|-supereffective|p1b: Homage
|-damage|p1b: Homage|35/100
|-damage|p2b: Rillaboom|77/100|[from] Recoil
|move|p1a: Yeah Right|Flare Blitz|p2a: Volcarona
|-activate|p2a: Volcarona|move: Protect
|move|p1b: Homage|Hyper Voice|p2b: Rillaboom|[spread] p2b
|-activate|p2a: Volcarona|move: Protect
|-damage|p2b: Rillaboom|52/100
|
|-heal|p2a: Volcarona|73/100|[from] Grassy Terrain
|-heal|p2a: Volcarona|79/100|[from] item: Leftovers
|-heal|p2b: Rillaboom|58/100|[from] Grassy Terrain
|-heal|p1a: Yeah Right|95/100|[from] Grassy Terrain
|-heal|p1b: Homage|41/100|[from] Grassy Terrain
|upkeep
|turn|3
|
|t:|1757203945
|switch|p1b: SAMO|Amoonguss, L50, F|100/100
|-terastallize|p2b: Rillaboom|Fire
|move|p2a: Volcarona|Heat Wave|p1a: Yeah Right|[spread] p1a,p1b
|-resisted|p1a: Yeah Right
|-supereffective|p1b: SAMO
|-damage|p1a: Yeah Right|69/100
|-damage|p1b: SAMO|23/100
|move|p2b: Rillaboom|High Horsepower|p1a: Yeah Right
|-supereffective|p1a: Yeah Right
|-damage|p1a: Yeah Right|25/100
|-enditem|p1a: Yeah Right|Sitrus Berry|[eat]
|-heal|p1a: Yeah Right|50/100|[from] item: Sitrus Berry
|move|p1a: Yeah Right|Flare Blitz|p2a: Volcarona
|-damage|p2a: Volcarona|21/100
|-damage|p1a: Yeah Right|33/100|[from] Recoil
|
|-heal|p2a: Volcarona|27/100|[from] Grassy Terrain
|-heal|p2a: Volcarona|33/100|[from] item: Leftovers
|-heal|p2b: Rillaboom|64/100|[from] Grassy Terrain
|-heal|p1a: Yeah Right|39/100|[from] Grassy Terrain
|-heal|p1b: SAMO|29/100|[from] Grassy Terrain
|upkeep
|turn|4
|
|t:|1757203988
|move|p1b: SAMO|Protect|p1b: SAMO
|-singleturn|p1b: SAMO|Protect
|move|p2a: Volcarona|Tera Blast|p1b: SAMO
|-activate|p1b: SAMO|move: Protect
|move|p2b: Rillaboom|High Horsepower|p1a: Yeah Right
|-supereffective|p1a: Yeah Right
|-damage|p1a: Yeah Right|0 fnt
|faint|p1a: Yeah Right
|
|-heal|p2a: Volcarona|40/100|[from] Grassy Terrain
|-heal|p2a: Volcarona|46/100|[from] item: Leftovers
|-heal|p2b: Rillaboom|70/100|[from] Grassy Terrain
|-heal|p1b: SAMO|35/100|[from] Grassy Terrain
|upkeep
|
|t:|1757204011
|switch|p1a: Homage|Ursaluna-Bloodmoon, L50, M|41/100
|turn|5
|
|t:|1757204035
|-terastallize|p1a: Homage|Water
|move|p1b: SAMO|Rage Powder|p1b: SAMO
|-singleturn|p1b: SAMO|move: Rage Powder
|move|p2a: Volcarona|Heat Wave|p1b: SAMO|[spread] p1a,p1b
|-resisted|p1a: Homage
|-supereffective|p1b: SAMO
|-damage|p1a: Homage|23/100
|-damage|p1b: SAMO|0 fnt
|faint|p1b: SAMO
|move|p2b: Rillaboom|Wood Hammer|p1a: Homage
|-supereffective|p1a: Homage
|-damage|p1a: Homage|0 fnt
|faint|p1a: Homage
|-damage|p2b: Rillaboom|61/100|[from] Recoil
|
|-heal|p2a: Volcarona|52/100|[from] Grassy Terrain
|-heal|p2a: Volcarona|58/100|[from] item: Leftovers
|-heal|p2b: Rillaboom|67/100|[from] Grassy Terrain
|-fieldend|move: Grassy Terrain
|upkeep
|c|☆is_katabo|gg
|c|☆eriksp|gg
|
|t:|1757204051
|switch|p1a: Party People|Gholdengo, L50|100/100
|turn|6
|-message|is_katabo forfeited.
|
|win|eriksp
