|j|‽Sushi Bum
|j|☆freudianbreath
|html|Sushi Bumfreudianbreath    
|uhtml|bestof|Game 1 of a best-of-3
|t:|1783979648
|gametype|doubles
|player|p1|Sushi Bum|beni-ninja|1134
|player|p2|freudianbreath|102|1052
|gen|9
|tier|[Gen 9 Champions] VGC 2026 Reg M-B (Bo3)
|rated|
|rule|Species Clause: Limit one of each Pokémon
|rule|Item Clause: Limit 1 of each item
|clearpoke
|poke|p1|Talonflame, L50, M|
|poke|p1|Tsareena, L50, F|
|poke|p1|Raichu, L50, F|
|poke|p1|Heliolisk, L50, M|
|poke|p1|Venusaur, L50, M|
|poke|p1|Mamoswine, L50, F|
|poke|p2|Charizard, L50, M|
|poke|p2|Whimsicott, L50, F|
|poke|p2|Gholdengo, L50|
|poke|p2|Drampa, L50, F|
|poke|p2|Grimmsnarl, L50, M|
|poke|p2|Farigiraf, L50, M|
|teampreview|4
|showteam|p1|Talonflame||SharpBeak|GaleWings|BraveBird,Taunt,Tailwind,UpperHand|Adamant||M|||50|]Tsareena||ChoiceScarf|QueenlyMajesty|TripleAxel,TropKick,KnockOff,LowKick|Jolly||F|||50|]Raichu||RaichuniteY|LightningRod|ZapCannon,GrassKnot,FocusBlast,Protect|Timid||F|||50|]Heliolisk||ExpertBelt|DrySkin|Thunderbolt,HyperVoice,Protect,WeatherBall|Timid||M|||50|]Venusaur||LifeOrb|Chlorophyll|SludgeBomb,SleepPowder,GigaDrain,EarthPower|Timid||M|||50|]Mamoswine||FocusSash|Oblivious|StompingTantrum,IceShard,IcicleCrash,Protect|Jolly||F|||50|
|showteam|p2|Charizard||CharizarditeX|SolarPower|FlareBlitz,DragonClaw,DragonDance,Protect|Adamant||M|||50|]Whimsicott||FocusSash|Prankster|Protect,Tailwind,SunnyDay,DazzlingGleam|Timid||F|||50|]Gholdengo||LifeOrb|GoodasGold|MakeItRain,NastyPlot,Protect,ShadowBall|Timid|||||50|]Drampa||Drampanite|Berserk|CalmMind,Roost,DracoMeteor,HyperVoice|Bold||F|||50|]Grimmsnarl||LightClay|Prankster|Reflect,LightScreen,SpiritBreak,FakeOut|Adamant||M|||50|]Farigiraf||SitrusBerry|ArmorTail|TrickRoom,HelpingHand,HyperVoice,PsychicNoise|Quiet||M|||50|
|
|t:|1783979749
|teamsize|p1|4
|teamsize|p2|4
|start
|switch|p1a: Talonflame|Talonflame, L50, M|100/100
|switch|p1b: Raichu|Raichu, L50, F|100/100
|switch|p2a: Whimsicott|Whimsicott, L50, F|100/100
|switch|p2b: Grimmsnarl|Grimmsnarl, L50, M|100/100
|turn|1
|
|t:|1783979797
|detailschange|p1b: Raichu|Raichu-Mega-Y, L50, F
|-mega|p1b: Raichu|Raichu|Raichunite Y
|move|p2a: Whimsicott|Tailwind|p2a: Whimsicott
|-sidestart|p2: freudianbreath|move: Tailwind
|move|p2b: Grimmsnarl|Light Screen|p2b: Grimmsnarl
|-sidestart|p2: freudianbreath|move: Light Screen
|move|p1b: Raichu|Zap Cannon|p2b: Grimmsnarl
|-damage|p2b: Grimmsnarl|49/100
|-status|p2b: Grimmsnarl|par
|move|p1a: Talonflame|Taunt|p2b: Grimmsnarl
|-start|p2b: Grimmsnarl|move: Taunt
|
|upkeep
|turn|2
|
|t:|1783979831
|switch|p1b: Tsareena|Tsareena, L50, F|100/100
|move|p2a: Whimsicott|Sunny Day|p2a: Whimsicott
|-weather|SunnyDay
|move|p1a: Talonflame|Tailwind|p1a: Talonflame
|-sidestart|p1: Sushi Bum|move: Tailwind
|move|p2b: Grimmsnarl|Spirit Break|p1b: Tsareena
|-damage|p1b: Tsareena|47/100
|-unboost|p1b: Tsareena|spa|1
|
|-weather|SunnyDay|[upkeep]
|upkeep
|turn|3
|
|t:|1783979851
|move|p2a: Whimsicott|Protect|p2a: Whimsicott
|-singleturn|p2a: Whimsicott|Protect
|move|p1a: Talonflame|Brave Bird|p2a: Whimsicott
|-activate|p2a: Whimsicott|move: Protect
|move|p1b: Tsareena|Trop Kick|p2b: Grimmsnarl
|-damage|p2b: Grimmsnarl|0 fnt
|faint|p2b: Grimmsnarl
|
|-weather|SunnyDay|[upkeep]
|upkeep
|
|t:|1783979870
|switch|p2b: Charizard|Charizard, L50, M|100/100
|turn|4
|
|t:|1783979907
|switch|p2a: Drampa|Drampa, L50, F|100/100
|move|p1a: Talonflame|Brave Bird|p2a: Drampa
|-damage|p2a: Drampa|52/100
|-damage|p1a: Talonflame|81/100|[from] Recoil
|move|p1b: Tsareena|Trop Kick|p2a: Drampa
|-resisted|p2a: Drampa|1
|-damage|p2a: Drampa|37/100
|-unboost|p2a: Drampa|atk|1
|-ability|p2a: Drampa|Berserk|boost
|-boost|p2a: Drampa|spa|1
|move|p2b: Charizard|Dragon Dance|p2b: Charizard
|-boost|p2b: Charizard|atk|1
|-boost|p2b: Charizard|spe|1
|
|-weather|SunnyDay|[upkeep]
|-damage|p2b: Charizard|87/100|[from] ability: Solar Power|[of] p2b: Charizard
|-sideend|p2: freudianbreath|move: Tailwind
|upkeep
|turn|5
|inactive|Battle timer is ON: inactive players will automatically lose when time's up. (requested by Sushi Bum)
|inactive|freudianbreath has 60 seconds left.
|
|t:|1783980036
|detailschange|p2b: Charizard|Charizard-Mega-X, L50, M
|-mega|p2b: Charizard|Charizard|Charizardite X
|move|p1b: Tsareena|Trop Kick|p2b: Charizard
|-resisted|p2b: Charizard|2
|-damage|p2b: Charizard|76/100
|-unboost|p2b: Charizard|atk|1
|move|p1a: Talonflame|Brave Bird|p2a: Drampa
|-damage|p2a: Drampa|0 fnt
|faint|p2a: Drampa
|-damage|p1a: Talonflame|66/100|[from] Recoil
|move|p2b: Charizard|Dragon Claw|p1a: Talonflame
|-damage|p1a: Talonflame|0 fnt
|faint|p1a: Talonflame
|
|-weather|SunnyDay|[upkeep]
|-sideend|p1: Sushi Bum|move: Tailwind
|upkeep
|
|t:|1783980057
|switch|p1a: Raichu|Raichu-Mega-Y, L50, F|100/100
|switch|p2a: Whimsicott|Whimsicott, L50, F|100/100
|turn|6
|inactive|freudianbreath has 30 seconds left.
|
|t:|1783980092
|move|p2a: Whimsicott|Tailwind|p2a: Whimsicott
|-sidestart|p2: freudianbreath|move: Tailwind
|move|p2b: Charizard|Flare Blitz|p1a: Raichu
|-damage|p1a: Raichu|0 fnt
|faint|p1a: Raichu
|-damage|p2b: Charizard|47/100|[from] Recoil
|move|p1b: Tsareena|Trop Kick|p2a: Whimsicott
|-resisted|p2a: Whimsicott|1
|-damage|p2a: Whimsicott|74/100
|-unboost|p2a: Whimsicott|atk|1
|
|-weather|none
|upkeep
|inactive|Sushi Bum has 30 seconds left.
|inactive|Sushi Bum has 20 seconds left.
|inactive|Sushi Bum has 15 seconds left.
|inactive|Sushi Bum has 10 seconds left.
|inactive|Sushi Bum has 5 seconds left.
|
|t:|1783980147
|switch|p1a: Venusaur|Venusaur, L50, M|100/100
|turn|7
|inactive|Sushi Bum has 30 seconds left.
|inactive|freudianbreath has 30 seconds left.
|inactive|Sushi Bum has 20 seconds left.
|inactive|freudianbreath has 20 seconds left.
|inactive|Sushi Bum has 15 seconds left.
|inactive|freudianbreath has 15 seconds left.
|inactive|Sushi Bum has 10 seconds left.
|inactive|freudianbreath has 10 seconds left.
|inactive|Sushi Bum has 5 seconds left.
|
|t:|1783980202
|move|p2a: Whimsicott|Protect|p2a: Whimsicott
|-singleturn|p2a: Whimsicott|Protect
|move|p2b: Charizard|Flare Blitz|p1a: Venusaur
|-supereffective|p1a: Venusaur|1
|-damage|p1a: Venusaur|0 fnt
|faint|p1a: Venusaur
|-damage|p2b: Charizard|14/100|[from] Recoil
|move|p1b: Tsareena|Trop Kick|p2b: Charizard
|-resisted|p2b: Charizard|2
|-damage|p2b: Charizard|3/100
|-unboost|p2b: Charizard|atk|1
|
|upkeep
|turn|8
|inactive|Sushi Bum has 30 seconds left.
|inactive|Sushi Bum has 20 seconds left.
|inactive|Sushi Bum has 15 seconds left.
|inactive|Sushi Bum has 10 seconds left.
|inactive|Sushi Bum has 5 seconds left.
|l|‽Sushi Bum
|inactive|Sushi Bum disconnected and has a minute to reconnect!
|player|p1|
|-message|Sushi Bum lost due to inactivity.
|
|win|freudianbreath
