|j|☆eviovulpix
|j|☆goba3007
|html|eviovulpixgoba3007    
|uhtml|bestof|Game 2 of a best-of-3
|t:|1783428695
|gametype|doubles
|player|p1|eviovulpix|265|1215
|player|p2|goba3007|1|1265
|gen|9
|tier|[Gen 9 Champions] VGC 2026 Reg M-B (Bo3)
|rated|
|rule|Species Clause: Limit one of each Pokémon
|rule|Item Clause: Limit 1 of each item
|clearpoke
|poke|p1|Mawile, L50, M|
|poke|p1|Farigiraf, L50, F|
|poke|p1|Torkoal, L50, M|
|poke|p1|Kangaskhan, L50, F|
|poke|p1|Staraptor, L50, M|
|poke|p1|Sylveon, L50, F|
|poke|p2|Sneasler, L50, M|
|poke|p2|Blastoise, L50, M|
|poke|p2|Kingambit, L50, M|
|poke|p2|Incineroar, L50, M|
|poke|p2|Delphox, L50, F|
|poke|p2|Sinistcha, L50|
|teampreview|4
|showteam|p1|Mawile||Mawilite|HyperCutter|RockSlide,IronHead,Protect,PlayRough|Adamant||M|||50|]Farigiraf||SitrusBerry|ArmorTail|TwinBeam,Thunderbolt,TrickRoom,HelpingHand|Sassy||F|||50|]Torkoal||Charcoal|Drought|EarthPower,Eruption,SolarBeam,Protect|Quiet||M|||50|]Kangaskhan||SilkScarf|Scrappy|FakeOut,LastResort|Brave||F|||50|]Staraptor||ChoiceScarf|Intimidate|FinalGambit,BraveBird,CloseCombat,Uturn|Jolly||M|||50|]Sylveon||FairyFeather|Pixilate|HyperVoice,HyperBeam,WeatherBall,Protect|Quiet||F|||50|
|showteam|p2|Sneasler||FocusSash|PoisonTouch|PoisonJab,CloseCombat,FakeOut,QuickGuard|Jolly||M|||50|]Blastoise||Blastoisinite|RainDish|DarkPulse,WaterSpout,ShellSmash,Protect|Modest||M|||50|]Kingambit||BlackGlasses|Defiant|KowtowCleave,SuckerPunch,SwordsDance,Protect|Adamant||M|||50|]Incineroar||SitrusBerry|Intimidate|FlareBlitz,HelpingHand,PartingShot,FakeOut|Careful||M|||50|]Delphox||Delphoxite|Blaze|HeatWave,NastyPlot,Psyshock,Protect|Modest||F|||50|]Sinistcha||KasibBerry|Hospitality|MatchaGotcha,RagePowder,TrickRoom,Protect|Bold|||||50|
|
|t:|1783428712
|teamsize|p1|4
|teamsize|p2|4
|start
|switch|p1a: Kangaskhan|Kangaskhan, L50, F|100/100
|switch|p1b: Staraptor|Staraptor, L50, M|100/100
|switch|p2a: Blastoise|Blastoise, L50, M|100/100
|switch|p2b: Sneasler|Sneasler, L50, M|100/100
|-ability|p1b: Staraptor|Intimidate|boost
|-unboost|p2a: Blastoise|atk|1
|-unboost|p2b: Sneasler|atk|1
|turn|1
|
|t:|1783428742
|switch|p1b: Farigiraf|Farigiraf, L50, F|100/100
|switch|p2b: Incineroar|Incineroar, L50, M|100/100
|-ability|p2b: Incineroar|Intimidate|boost
|-fail|p1a: Kangaskhan|unboost|Attack|[from] ability: Scrappy|[of] p1a: Kangaskhan
|-unboost|p1b: Farigiraf|atk|1
|detailschange|p2a: Blastoise|Blastoise-Mega, L50, M
|-mega|p2a: Blastoise|Blastoise|Blastoisinite
|move|p2a: Blastoise|Protect|p2a: Blastoise
|-singleturn|p2a: Blastoise|Protect
|move|p1a: Kangaskhan|Fake Out|p2a: Blastoise
|-activate|p2a: Blastoise|move: Protect
|
|upkeep
|turn|2
|
|t:|1783428763
|move|p1b: Farigiraf|Helping Hand|p1a: Kangaskhan
|-singleturn|p1a: Kangaskhan|Helping Hand|[of] p1b: Farigiraf
|move|p2a: Blastoise|Shell Smash|p2a: Blastoise
|-unboost|p2a: Blastoise|def|1
|-unboost|p2a: Blastoise|spd|1
|-boost|p2a: Blastoise|atk|2
|-boost|p2a: Blastoise|spa|2
|-boost|p2a: Blastoise|spe|2
|move|p2b: Incineroar|Flare Blitz|p1b: Farigiraf
|-damage|p1b: Farigiraf|56/100
|-damage|p2b: Incineroar|84/100|[from] Recoil
|move|p1a: Kangaskhan|Last Resort|p2a: Blastoise
|-damage|p2a: Blastoise|0 fnt
|faint|p2a: Blastoise
|
|upkeep
|
|t:|1783428779
|switch|p2a: Sneasler|Sneasler, L50, M|100/100
|turn|3
|
|t:|1783428791
|switch|p1b: Staraptor|Staraptor, L50, M|100/100
|-ability|p1b: Staraptor|Intimidate|boost
|-unboost|p2a: Sneasler|atk|1
|-unboost|p2b: Incineroar|atk|1
|move|p2a: Sneasler|Poison Jab|p1b: Staraptor
|-damage|p1b: Staraptor|64/100
|move|p2b: Incineroar|Flare Blitz|p1b: Staraptor
|-damage|p1b: Staraptor|25/100
|-damage|p2b: Incineroar|72/100|[from] Recoil
|move|p1a: Kangaskhan|Last Resort|p2b: Incineroar
|-damage|p2b: Incineroar|0 fnt
|faint|p2b: Incineroar
|
|upkeep
|
|t:|1783428804
|switch|p2b: Sinistcha|Sinistcha, L50|100/100
|turn|4
|
|t:|1783428810
|move|p1b: Staraptor|U-turn|p2a: Sneasler
|-resisted|p2a: Sneasler|2
|-damage|p2a: Sneasler|91/100
|
|t:|1783428813
|switch|p1b: Farigiraf|Farigiraf, L50, F|56/100|[from] U-turn
|move|p2a: Sneasler|Poison Jab|p1b: Farigiraf
|-damage|p1b: Farigiraf|27/100
|-status|p1b: Farigiraf|psn|[from] ability: Poison Touch|[of] p2a: Sneasler
|-enditem|p1b: Farigiraf|Sitrus Berry|[eat]
|-heal|p1b: Farigiraf|52/100 psn|[from] item: Sitrus Berry
|move|p1a: Kangaskhan|Last Resort|p2a: Sneasler
|-damage|p2a: Sneasler|0 fnt
|faint|p2a: Sneasler
|move|p2b: Sinistcha|Matcha Gotcha|p1b: Farigiraf|[spread] p1a,p1b
|-damage|p1a: Kangaskhan|75/100
|-damage|p1b: Farigiraf|34/100 psn
|
|-damage|p1b: Farigiraf|22/100 psn|[from] psn
|upkeep
|turn|5
|
|t:|1783428828
|move|p1b: Farigiraf|Helping Hand|p1a: Kangaskhan
|-singleturn|p1a: Kangaskhan|Helping Hand|[of] p1b: Farigiraf
|move|p1a: Kangaskhan|Last Resort|p2b: Sinistcha
|-damage|p2b: Sinistcha|1/100
|move|p2b: Sinistcha|Matcha Gotcha|p1b: Farigiraf|[spread] p1a,p1b
|-damage|p1a: Kangaskhan|49/100
|-heal|p2b: Sinistcha|16/100|[from] drain|[of] p1a: Kangaskhan
|-damage|p1b: Farigiraf|3/100 psn
|-heal|p2b: Sinistcha|27/100|[from] drain|[of] p1b: Farigiraf
|
|-damage|p1b: Farigiraf|0 fnt|[from] psn
|faint|p1b: Farigiraf
|upkeep
|-message|goba3007 forfeited.
|
|win|eviovulpix
|raw|eviovulpix's rating: 1215 → 1244(+29 for winning)
|raw|goba3007's rating: 1265 → 1236(-29 for losing)
|l|☆goba3007
|player|p2|
