|j|☆Brendu04
|j|☆milkandcereals
|html|Brendu04milkandcereals    
|uhtml|bestof|Game 1 of a best-of-3
|t:|1756754551
|gametype|doubles
|player|p1|Brendu04|hilbert|1190
|player|p2|milkandcereals|blue|1095
|gen|9
|tier|[Gen 9] VGC 2025 Reg H (Bo3)
|rated|
|rule|Species Clause: Limit one of each Pokémon
|rule|Item Clause: Limit 1 of each item
|clearpoke
|poke|p1|Sneasler, L50, M|
|poke|p1|Baxcalibur, L50, M|
|poke|p1|Volcarona, L50, M|
|poke|p1|Rillaboom, L50, M|
|poke|p1|Kingambit, L50, M|
|poke|p1|Dondozo, L50, F|
|poke|p2|Porygon2, L50|
|poke|p2|Rillaboom, L50, F|
|poke|p2|Ursaluna, L50, F|
|poke|p2|Jumpluff, L50, F|
|poke|p2|Charizard, L50, M|
|poke|p2|Torkoal, L50, F|
|teampreview|4
|showteam|p1|Sneasler||FocusSash|Unburden|FakeOut,CloseCombat,DireClaw,Coaching|||M|||50|,,,,,Ghost]Baxcalibur||LoadedDice|ThermalExchange|Protect,IceShard,ScaleShot,IcicleSpear|||M|||50|,,,,,Ghost]Volcarona||CovertCloak|FlameBody|QuiverDance,HeatWave,TeraBlast,RagePowder|||M|||50|,,,,,Fairy]Rillaboom||AssaultVest|GrassySurge|GrassyGlide,FakeOut,HighHorsepower,WoodHammer|||M|||50|,,,,,Fire]Kingambit||SafetyGoggles|Defiant|Protect,SwordsDance,SuckerPunch,KowtowCleave|||M|||50|,,,,,Dark]Dondozo||Leftovers|Unaware|WaveCrash,Fissure,Yawn,Protect|||F|||50|,,,,,Grass
|showteam|p2|Porygon2||Eviolite|Download|TeraBlast,IceBeam,TrickRoom,Recover||||||50|,,,,,Fighting]Rillaboom||AssaultVest|GrassySurge|FakeOut,GrassyGlide,WoodHammer,HighHorsepower|||F|||50|,,,,,Water]Ursaluna||FlameOrb|Guts|Protect,Facade,Earthquake,HeadlongRush|||F|||50|,,,,,Ghost]Jumpluff||CovertCloak|Chlorophyll|SleepPowder,SunnyDay,Tailwind,RagePowder|||F|||50|,,,,,Fire]Charizard||ChoiceSpecs|SolarPower|HeatWave,Overheat,WeatherBall,DragonPulse|||M|||50|,,,,,Ghost]Torkoal||EjectPack|Drought|Overheat,Eruption,HelpingHand,Protect|||F|||50|,,,,,Fire
|inactive|Battle timer is ON: inactive players will automatically lose when time's up. (requested by milkandcereals)
|j| teamthief420
|c|☆milkandcereals|glhf
|l| teamthief420
|inactive|milkandcereals has 60 seconds left.
|inactive|milkandcereals has 30 seconds left.
|inactive|milkandcereals has 20 seconds left.
|inactive|milkandcereals has 15 seconds left.
|
|t:|1756754645
|teamsize|p1|4
|teamsize|p2|4
|start
|switch|p1a: Baxcalibur|Baxcalibur, L50, M|100/100
|switch|p1b: Sneasler|Sneasler, L50, M|100/100
|switch|p2a: Jumpluff|Jumpluff, L50, F|100/100
|switch|p2b: Torkoal|Torkoal, L50, F|100/100
|-weather|SunnyDay|[from] ability: Drought|[of] p2b: Torkoal
|turn|1
|inactive|Brendu04 has 30 seconds left.
|inactive|milkandcereals has 30 seconds left.
|
|t:|1756754675
|-terastallize|p2a: Jumpluff|Fire
|move|p1b: Sneasler|Fake Out|p2b: Torkoal
|-damage|p2b: Torkoal|90/100
|move|p2a: Jumpluff|Sleep Powder|p1b: Sneasler
|-status|p1b: Sneasler|slp|[from] move: Sleep Powder
|move|p1a: Baxcalibur|Icicle Spear|p2a: Jumpluff
|-resisted|p2a: Jumpluff
|-damage|p2a: Jumpluff|92/100
|-resisted|p2a: Jumpluff
|-crit|p2a: Jumpluff
|-damage|p2a: Jumpluff|79/100
|-resisted|p2a: Jumpluff
|-damage|p2a: Jumpluff|69/100
|-resisted|p2a: Jumpluff
|-damage|p2a: Jumpluff|60/100
|-resisted|p2a: Jumpluff
|-crit|p2a: Jumpluff
|-damage|p2a: Jumpluff|46/100
|-hitcount|p2a: Jumpluff|5
|cant|p2b: Torkoal|flinch
|
|-weather|SunnyDay|[upkeep]
|upkeep
|turn|2
|inactive|milkandcereals has 30 seconds left.
|inactive|milkandcereals has 20 seconds left.
|
|t:|1756754715
|move|p2a: Jumpluff|Tailwind|p2a: Jumpluff
|-sidestart|p2: milkandcereals|move: Tailwind
|cant|p1b: Sneasler|slp
|move|p1a: Baxcalibur|Scale Shot|p2a: Jumpluff
|-damage|p2a: Jumpluff|28/100
|-damage|p2a: Jumpluff|8/100
|-damage|p2a: Jumpluff|0 fnt
|faint|p2a: Jumpluff
|-hitcount|p2: Jumpluff|3
|-unboost|p1a: Baxcalibur|def|1
|-boost|p1a: Baxcalibur|spe|1
|move|p2b: Torkoal|Overheat|p1a: Baxcalibur
|-damage|p1a: Baxcalibur|25/100
|-unboost|p2b: Torkoal|spa|2
|-ability|p1a: Baxcalibur|Thermal Exchange|boost
|-boost|p1a: Baxcalibur|atk|1
|-enditem|p2b: Torkoal|Eject Pack
|
|t:|1756754730
|switch|p2b: Ursaluna|Ursaluna, L50, F|100/100
|
|-weather|SunnyDay|[upkeep]
|-status|p2b: Ursaluna|brn|[from] item: Flame Orb
|upkeep
|
|t:|1756754731
|switch|p2a: Charizard|Charizard, L50, M|100/100
|turn|3
|
|t:|1756754743
|move|p1a: Baxcalibur|Protect|p1a: Baxcalibur
|-singleturn|p1a: Baxcalibur|Protect
|move|p2a: Charizard|Heat Wave|p1b: Sneasler|[spread] 
|-activate|p1a: Baxcalibur|move: Protect
|-miss|p2a: Charizard|p1b: Sneasler
|move|p2b: Ursaluna|Earthquake|p1a: Baxcalibur|[spread] p1b
|-activate|p1a: Baxcalibur|move: Protect
|-immune|p2a: Charizard
|-supereffective|p1b: Sneasler
|-enditem|p1b: Sneasler|Focus Sash
|-damage|p1b: Sneasler|1/100 slp
|cant|p1b: Sneasler|slp
|
|-weather|SunnyDay|[upkeep]
|-damage|p2a: Charizard|88/100|[from] ability: Solar Power|[of] p2a: Charizard
|-damage|p2b: Ursaluna|94/100 brn|[from] brn
|upkeep
|turn|4
|inactive|milkandcereals has 30 seconds left.
|
|t:|1756754771
|move|p1a: Baxcalibur|Ice Shard|p2a: Charizard
|-damage|p2a: Charizard|43/100
|-curestatus|p1b: Sneasler|slp|[msg]
|move|p1b: Sneasler|Dire Claw|p2a: Charizard
|-damage|p2a: Charizard|0 fnt
|faint|p2a: Charizard
|move|p2b: Ursaluna|Facade|p1a: Baxcalibur
|-damage|p1a: Baxcalibur|0 fnt
|faint|p1a: Baxcalibur
|
|-weather|SunnyDay|[upkeep]
|-damage|p2b: Ursaluna|88/100 brn|[from] brn
|upkeep
|
|t:|1756754780
|switch|p2a: Torkoal|Torkoal, L50, F|90/100
|switch|p1a: Dondozo|Dondozo, L50, F|100/100
|turn|5
|inactive|milkandcereals has 30 seconds left.
|
|t:|1756754807
|move|p2b: Ursaluna|Protect|p2b: Ursaluna
|-singleturn|p2b: Ursaluna|Protect
|move|p1a: Dondozo|Protect|p1a: Dondozo
|-singleturn|p1a: Dondozo|Protect
|move|p1b: Sneasler|Coaching|p1a: Dondozo
|-boost|p1a: Dondozo|atk|1
|-boost|p1a: Dondozo|def|1
|move|p2a: Torkoal|Eruption|p1a: Dondozo|[spread] p1b
|-activate|p1a: Dondozo|move: Protect
|-damage|p1b: Sneasler|0 fnt
|faint|p1b: Sneasler
|
|-weather|none
|-damage|p2b: Ursaluna|82/100 brn|[from] brn
|-sideend|p2: milkandcereals|move: Tailwind
|upkeep
|
|t:|1756754812
|switch|p1b: Kingambit|Kingambit, L50, M|100/100
|turn|6
|inactive|milkandcereals has 30 seconds left.
|inactive|milkandcereals has 20 seconds left.
|inactive|milkandcereals has 15 seconds left.
|inactive|milkandcereals has 10 seconds left.
|
|t:|1756754859
|-terastallize|p1b: Kingambit|Dark
|move|p1b: Kingambit|Sucker Punch|p2a: Torkoal
|-damage|p2a: Torkoal|52/100
|move|p2b: Ursaluna|Facade|p1b: Kingambit
|-damage|p1b: Kingambit|6/100
|move|p2a: Torkoal|Overheat|p1b: Kingambit
|-damage|p1b: Kingambit|0 fnt
|-unboost|p2a: Torkoal|spa|2
|faint|p1b: Kingambit
|move|p1a: Dondozo|Wave Crash|p2b: Ursaluna
|-supereffective|p2b: Ursaluna
|-damage|p2b: Ursaluna|0 fnt
|faint|p2b: Ursaluna
|-damage|p1a: Dondozo|78/100|[from] Recoil
|
|-heal|p1a: Dondozo|84/100|[from] item: Leftovers
|upkeep
|turn|7
|-message|milkandcereals forfeited.
|
|win|Brendu04
