|j|☆Flopi667
|j|☆lux raymundi
|html|Flopi667lux raymundi    
|uhtml|bestof|Game 1 of a best-of-3
|t:|1782677426
|gametype|doubles
|player|p1|Flopi667|zinzolin|1163
|player|p2|lux raymundi|169|1218
|gen|9
|tier|[Gen 9 Champions] VGC 2026 Reg M-B (Bo3)
|rated|
|rule|Species Clause: Limit one of each Pokémon
|rule|Item Clause: Limit 1 of each item
|clearpoke
|poke|p1|Maushold, L50|
|poke|p1|Annihilape, L50, M|
|poke|p1|Archaludon, L50, M|
|poke|p1|Pelipper, L50, M|
|poke|p1|Sableye, L50, F|
|poke|p1|Blastoise, L50, F|
|poke|p2|Garchomp, L50, F|
|poke|p2|Sneasler, L50, M|
|poke|p2|Sinistcha, L50|
|poke|p2|Eelektross, L50, F|
|poke|p2|Delphox, L50, F|
|poke|p2|Basculegion, L50, M|
|teampreview|4
|showteam|p1|Maushold||ChopleBerry|FriendGuard|PopulationBomb,SuperFang,BeatUp,FollowMe|Jolly|||||50|]Annihilape||SitrusBerry|Defiant|RageFist,DrainPunch,BulkUp,Protect|Adamant||M|||50|]Archaludon||Leftovers|Stamina|ElectroShot,DracoMeteor,FlashCannon,Protect|Bold||M|||50|]Pelipper||FocusSash|Drizzle|Tailwind,Hurricane,WeatherBall,Protect|Timid||M|||50|]Sableye||MentalHerb|Prankster|FakeOut,Quash,RainDance,WillOWisp|Jolly||F|||50|]Blastoise||Blastoisinite|Torrent|WaterSpout,AuraSphere,DarkPulse,Protect|Timid||F|||50|
|showteam|p2|Garchomp||LifeOrb|RoughSkin|Earthquake,RockTomb,DragonClaw,Protect|Jolly||F|||50|]Sneasler||FocusSash|Unburden|FakeOut,CloseCombat,DireClaw,Protect|Jolly||M|||50|]Sinistcha||SitrusBerry|Hospitality|MatchaGotcha,RagePowder,TrickRoom,Protect|Bold|||||50|]Eelektross||Eelektrossite|Levitate|Protect,Electroweb,Flamethrower,Thunderbolt|Timid||F|||50|]Delphox||Delphoxite|Blaze|NastyPlot,HeatWave,Psychic,Protect|Timid||F|||50|]Basculegion||ChoiceScarf|Adaptability|FlipTurn,AquaJet,WaveCrash,LastRespects|Jolly||M|||50|
|inactive|Battle timer is ON: inactive players will automatically lose when time's up. (requested by Flopi667)
|inactive|Flopi667 has 60 seconds left.
|inactive|Flopi667 has 30 seconds left.
|
|t:|1782677488
|teamsize|p1|4
|teamsize|p2|4
|start
|switch|p1a: Sableye|Sableye, L50, F|100/100
|switch|p1b: Blastoise|Blastoise, L50, F|100/100
|switch|p2a: Sneasler|Sneasler, L50, M|100/100
|switch|p2b: Eelektross|Eelektross, L50, F|100/100
|turn|1
|inactive|lux raymundi has 30 seconds left.
|inactive|lux raymundi has 20 seconds left.
|inactive|lux raymundi has 15 seconds left.
|inactive|lux raymundi has 10 seconds left.
|inactive|lux raymundi has 5 seconds left.
|
|t:|1782677543
|detailschange|p1b: Blastoise|Blastoise-Mega, L50, F
|-mega|p1b: Blastoise|Blastoise|Blastoisinite
|move|p1b: Blastoise|Protect|p1b: Blastoise
|-singleturn|p1b: Blastoise|Protect
|move|p2b: Eelektross|Protect|p2b: Eelektross
|-singleturn|p2b: Eelektross|Protect
|move|p2a: Sneasler|Fake Out|p1b: Blastoise
|-activate|p1b: Blastoise|move: Protect
|move|p1a: Sableye|Fake Out|p2b: Eelektross
|-activate|p2b: Eelektross|move: Protect
|
|upkeep
|turn|2
|inactive|lux raymundi has 30 seconds left.
|inactive|lux raymundi has 20 seconds left.
|inactive|lux raymundi has 15 seconds left.
|inactive|lux raymundi has 10 seconds left.
|inactive|lux raymundi has 5 seconds left.
|
|t:|1782677598
|move|p2b: Eelektross|Protect||[still]
|-fail|p2b: Eelektross
|move|p1a: Sableye|Quash|p2a: Sneasler
|-activate|p2a: Sneasler|move: Quash
|move|p1b: Blastoise|Water Spout|p2b: Eelektross|[spread] p2a,p2b
|-damage|p2a: Sneasler|23/100
|-damage|p2b: Eelektross|22/100
|move|p2a: Sneasler|Close Combat|p1b: Blastoise
|-damage|p1b: Blastoise|46/100
|-unboost|p2a: Sneasler|def|1
|-unboost|p2a: Sneasler|spd|1
|
|upkeep
|turn|3
|inactive|lux raymundi has 30 seconds left.
|inactive|lux raymundi has 20 seconds left.
|inactive|lux raymundi has 15 seconds left.
|
|t:|1782677641
|detailschange|p2b: Eelektross|Eelektross-Mega, L50, F
|-mega|p2b: Eelektross|Eelektross|Eelektrossite
|move|p1a: Sableye|Quash|p2a: Sneasler
|-activate|p2a: Sneasler|move: Quash
|move|p2b: Eelektross|Electroweb|p1a: Sableye|[spread] p1a,p1b
|-supereffective|p1b: Blastoise|1
|-damage|p1a: Sableye|64/100
|-damage|p1b: Blastoise|5/100
|-unboost|p1a: Sableye|spe|1
|-unboost|p1b: Blastoise|spe|1
|move|p1b: Blastoise|Water Spout|p2b: Eelektross|[spread] p2a,p2b
|-damage|p2a: Sneasler|17/100
|-damage|p2b: Eelektross|18/100
|move|p2a: Sneasler|Close Combat|p1b: Blastoise
|-damage|p1b: Blastoise|0 fnt
|-unboost|p2a: Sneasler|def|1
|-unboost|p2a: Sneasler|spd|1
|faint|p1b: Blastoise
|
|upkeep
|
|t:|1782677653
|switch|p1b: Archaludon|Archaludon, L50, M|100/100
|turn|4
|
|t:|1782677678
|switch|p2a: Garchomp|Garchomp, L50, F|100/100
|move|p1a: Sableye|Quash||[still]
|-fail|p1a: Sableye
|move|p2b: Eelektross|Thunderbolt|p1a: Sableye
|-damage|p1a: Sableye|0 fnt
|faint|p1a: Sableye
|-ability|p2b: Eelektross|Eelevate|boost
|-boost|p2b: Eelektross|spa|1
|move|p1b: Archaludon|Flash Cannon|p2a: Garchomp
|-damage|p2a: Garchomp|65/100
|
|upkeep
|
|t:|1782677688
|switch|p1a: Pelipper|Pelipper, L50, M|100/100
|-weather|RainDance|[from] ability: Drizzle|[of] p1a: Pelipper
|turn|5
|
|t:|1782677708
|move|p1b: Archaludon|Protect|p1b: Archaludon
|-singleturn|p1b: Archaludon|Protect
|move|p2a: Garchomp|Rock Tomb|p1a: Pelipper
|-supereffective|p1a: Pelipper|1
|-damage|p1a: Pelipper|43/100
|-unboost|p1a: Pelipper|spe|1
|-damage|p2a: Garchomp|55/100|[from] item: Life Orb
|move|p2b: Eelektross|Electroweb|p1a: Pelipper|[spread] p1a
|-activate|p1b: Archaludon|move: Protect
|-supereffective|p1a: Pelipper|2
|-damage|p1a: Pelipper|0 fnt
|faint|p1a: Pelipper
|-ability|p2b: Eelektross|Eelevate|boost
|-boost|p2b: Eelektross|spa|1
|
|-weather|RainDance|[upkeep]
|upkeep
|turn|6
|
|t:|1782677732
|move|p2a: Garchomp|Earthquake|p1b: Archaludon|[spread] p1b
|-immune|p2b: Eelektross|[from] ability: Levitate
|-supereffective|p1b: Archaludon|1
|-damage|p1b: Archaludon|33/100
|-ability|p1b: Archaludon|Stamina|boost
|-boost|p1b: Archaludon|def|1
|-damage|p2a: Garchomp|46/100|[from] item: Life Orb
|move|p2b: Eelektross|Flamethrower|p1b: Archaludon
|-damage|p1b: Archaludon|0 fnt
|faint|p1b: Archaludon
|
|win|lux raymundi
