|j|☆saboyita
|j|☆endk649
|html|saboyitaendk649    
|uhtml|bestof|Game 3 of a best-of-3
|t:|1756243665
|gametype|doubles
|player|p1|saboyita|grimsley|1127
|player|p2|endk649|gambler|1198
|gen|9
|tier|[Gen 9] VGC 2025 Reg H (Bo3)
|rated|
|rule|Species Clause: Limit one of each Pokémon
|rule|Item Clause: Limit 1 of each item
|clearpoke
|poke|p1|Amoonguss, L50, M|
|poke|p1|Hydreigon, L50, M|
|poke|p1|Whimsicott, L50, M|
|poke|p1|Maushold-Four, L50|
|poke|p1|Annihilape, L50, F|
|poke|p1|Ursaluna-Bloodmoon, L50, M|
|poke|p2|Feraligatr, L50, M|
|poke|p2|Gholdengo, L50|
|poke|p2|Pelipper, L50, F|
|poke|p2|Amoonguss, L50, F|
|poke|p2|Rillaboom, L50, F|
|poke|p2|Incineroar, L50, F|
|teampreview|4
|showteam|p1|Amoonguss||RockyHelmet|Regenerator|ClearSmog,Spore,RagePowder,Protect|||M|||50|,,,,,Water]Hydreigon||ChoiceSpecs|Levitate|HeatWave,DarkPulse,DragonPulse,DracoMeteor|||M|||50|,,,,,Ghost]Whimsicott||CovertCloak|Prankster|Moonblast,HelpingHand,Tailwind,Encore|||M|||50|,,,,,Dark]Maushold-Four||WideLens|Technician|PopulationBomb,Taunt,FollowMe,Protect||||||50|,,,,,Ghost]Annihilape||Leftovers|Defiant|RageFist,DrainPunch,BulkUp,Protect|||F|||50|,,,,,Fire]Ursaluna-Bloodmoon||LifeOrb|MindsEye|HyperVoice,EarthPower,BloodMoon,Protect|||M|||50|,,,,,Water
|showteam|p2|Feraligatr||LifeOrb|SheerForce|Liquidation,Crunch,DragonDance,Protect|||M|||50|,,,,,Dark]Gholdengo||Leftovers|GoodasGold|MakeItRain,ShadowBall,NastyPlot,Protect||||||50|,,,,,Water]Pelipper||FocusSash|Drizzle|WeatherBall,Hurricane,Tailwind,Protect|||F|||50|,,,,,Stellar]Amoonguss||CovertCloak|Regenerator|PollenPuff,Spore,RagePowder,Protect|||F|||50|,,,,,Water]Rillaboom||AssaultVest|GrassySurge|WoodHammer,GrassyGlide,FakeOut,Uturn|||F|||50|,,,,,Fire]Incineroar||SafetyGoggles|Intimidate|KnockOff,FakeOut,Taunt,PartingShot|||F|||50|,,,,,Ghost
|inactive|Battle timer is ON: inactive players will automatically lose when time's up. (requested by saboyita)
|
|t:|1756243698
|teamsize|p1|4
|teamsize|p2|4
|start
|switch|p1a: Hydreigon|Hydreigon, L50, M|100/100
|switch|p1b: Maushold|Maushold-Four, L50|100/100
|switch|p2a: Amoonguss|Amoonguss, L50, F, shiny|100/100
|switch|p2b: Gholdengo|Gholdengo, L50|100/100
|turn|1
|
|t:|1756243714
|move|p2a: Amoonguss|Rage Powder|p2a: Amoonguss
|-singleturn|p2a: Amoonguss|move: Rage Powder
|move|p1b: Maushold|Taunt|p2a: Amoonguss
|-start|p2a: Amoonguss|move: Taunt
|move|p1a: Hydreigon|Dark Pulse|p2a: Amoonguss
|-damage|p2a: Amoonguss|43/100
|move|p2b: Gholdengo|Nasty Plot|p2b: Gholdengo
|-boost|p2b: Gholdengo|spa|2
|
|upkeep
|turn|2
|
|t:|1756243733
|switch|p2a: Rillaboom|Rillaboom, L50, F, shiny|100/100
|-fieldstart|move: Grassy Terrain|[from] ability: Grassy Surge|[of] p2a: Rillaboom
|move|p2b: Gholdengo|Protect|p2b: Gholdengo
|-singleturn|p2b: Gholdengo|Protect
|move|p1b: Maushold|Population Bomb|p2b: Gholdengo
|-activate|p2b: Gholdengo|move: Protect
|move|p1a: Hydreigon|Dark Pulse|p2b: Gholdengo
|-activate|p2b: Gholdengo|move: Protect
|
|upkeep
|turn|3
|inactive|endk649 has 30 seconds left.
|inactive|saboyita has 30 seconds left.
|inactive|endk649 has 20 seconds left.
|
|t:|1756243772
|-terastallize|p1a: Hydreigon|Ghost
|-terastallize|p2b: Gholdengo|Water
|move|p2a: Rillaboom|Fake Out|p1b: Maushold
|-damage|p1b: Maushold|79/100
|cant|p1b: Maushold|flinch
|move|p1a: Hydreigon|Dark Pulse|p2b: Gholdengo
|-damage|p2b: Gholdengo|32/100
|move|p2b: Gholdengo|Make It Rain|p1a: Hydreigon|[spread] p1a,p1b
|-damage|p1a: Hydreigon|0 fnt
|-damage|p1b: Maushold|0 fnt
|-unboost|p2b: Gholdengo|spa|1
|faint|p1a: Hydreigon
|faint|p1b: Maushold
|
|-heal|p2b: Gholdengo|38/100|[from] Grassy Terrain
|-heal|p2b: Gholdengo|44/100|[from] item: Leftovers
|upkeep
|
|t:|1756243783
|switch|p1b: Whimsicott|Whimsicott, L50, M|100/100
|switch|p1a: Annihilape|Annihilape, L50, F|100/100
|turn|4
|
|t:|1756243801
|move|p2b: Gholdengo|Protect|p2b: Gholdengo
|-singleturn|p2b: Gholdengo|Protect
|move|p1b: Whimsicott|Tailwind|p1b: Whimsicott
|-sidestart|p1: saboyita|move: Tailwind
|move|p1a: Annihilape|Bulk Up|p1a: Annihilape
|-boost|p1a: Annihilape|atk|1
|-boost|p1a: Annihilape|def|1
|move|p2a: Rillaboom|U-turn|p1b: Whimsicott
|-damage|p1b: Whimsicott|64/100
|
|t:|1756243808
|switch|p2a: Amoonguss|Amoonguss, L50, F, shiny|77/100|[from] U-turn
|
|-heal|p1b: Whimsicott|70/100|[from] Grassy Terrain
|-heal|p2b: Gholdengo|50/100|[from] Grassy Terrain
|-heal|p2b: Gholdengo|57/100|[from] item: Leftovers
|-heal|p2a: Amoonguss|82/100|[from] Grassy Terrain
|upkeep
|turn|5
|
|t:|1756243829
|move|p2a: Amoonguss|Rage Powder|p2a: Amoonguss
|-singleturn|p2a: Amoonguss|move: Rage Powder
|move|p1b: Whimsicott|Moonblast|p2b: Gholdengo
|-damage|p2b: Gholdengo|17/100
|-unboost|p2b: Gholdengo|spa|1
|move|p1a: Annihilape|Rage Fist|p2a: Amoonguss
|-damage|p2a: Amoonguss|51/100
|move|p2b: Gholdengo|Make It Rain|p1b: Whimsicott|[spread] p1a,p1b
|-supereffective|p1b: Whimsicott
|-damage|p1a: Annihilape|54/100
|-damage|p1b: Whimsicott|0 fnt
|-unboost|p2b: Gholdengo|spa|1
|faint|p1b: Whimsicott
|
|-heal|p1a: Annihilape|60/100|[from] Grassy Terrain
|-heal|p1a: Annihilape|66/100|[from] item: Leftovers
|-heal|p2b: Gholdengo|23/100|[from] Grassy Terrain
|-heal|p2b: Gholdengo|29/100|[from] item: Leftovers
|-heal|p2a: Amoonguss|57/100|[from] Grassy Terrain
|upkeep
|turn|6
|
|t:|1756243841
|move|p2b: Gholdengo|Protect|p2b: Gholdengo
|-singleturn|p2b: Gholdengo|Protect
|move|p1a: Annihilape|Rage Fist|p2b: Gholdengo
|-activate|p2b: Gholdengo|move: Protect
|move|p2a: Amoonguss|Spore|p1a: Annihilape
|-status|p1a: Annihilape|slp|[from] move: Spore
|
|-heal|p1a: Annihilape|72/100 slp|[from] Grassy Terrain
|-heal|p1a: Annihilape|77/100 slp|[from] item: Leftovers
|-heal|p2b: Gholdengo|36/100|[from] Grassy Terrain
|-heal|p2b: Gholdengo|42/100|[from] item: Leftovers
|-heal|p2a: Amoonguss|62/100|[from] Grassy Terrain
|-fieldend|move: Grassy Terrain
|upkeep
|turn|7
|-message|saboyita forfeited.
|raw|saboyita's rating: 1127 → 1107(-20 for losing)
|raw|endk649's rating: 1198 → 1218(+20 for winning)
|
|win|endk649
