|j|☆LCchampleon
|j|☆lebronsusedtoilet
|html|LCchampleonlebronsusedtoilet    
|uhtml|bestof|Game 3 of a best-of-3
|t:|1783115317
|gametype|doubles
|player|p1|LCchampleon|2|1096
|player|p2|lebronsusedtoilet|170|1108
|gen|9
|tier|[Gen 9 Champions] VGC 2026 Reg M-B (Bo3)
|rated|
|rule|Species Clause: Limit one of each Pokémon
|rule|Item Clause: Limit 1 of each item
|clearpoke
|poke|p1|Swampert, L50, M|
|poke|p1|Metagross, L50, shiny|
|poke|p1|Pelipper, L50, M, shiny|
|poke|p1|Incineroar, L50, M|
|poke|p1|Sinistcha, L50|
|poke|p1|Hydreigon, L50, M|
|poke|p2|Tyranitar, L50, F|
|poke|p2|Corviknight, L50, F|
|poke|p2|Excadrill, L50, F|
|poke|p2|Incineroar, L50, M|
|poke|p2|Farigiraf, L50, M|
|poke|p2|Rotom-Wash, L50|
|teampreview|4
|showteam|p1|Swampert||Swampertite|Torrent|HighHorsepower,WaveCrash,Earthquake,Protect|Adamant||M|||50|]Metagross||Metagrossite|ClearBody|MeteorMash,PsychicFangs,BulletPunch,Protect|Adamant|||||50|]Pelipper||FocusSash|Drizzle|WeatherBall,Hurricane,Tailwind,Protect|Modest||M|||50|]Incineroar||PasshoBerry|Intimidate|FakeOut,ThroatChop,WillOWisp,PartingShot|Impish||M|||50|]Sinistcha||SitrusBerry|Hospitality|MatchaGotcha,RagePowder,Protect,TrickRoom|Relaxed|||||50|]Hydreigon||LifeOrb|Levitate|DracoMeteor,DarkPulse,Snarl,Protect|Timid||M|||50|
|showteam|p2|Tyranitar||Tyranitarite|SandStream|RockSlide,KnockOff,IcePunch,Protect|Adamant||F|||50|]Corviknight||Leftovers|MirrorArmor|BraveBird,BulkUp,Tailwind,IronHead|Careful||F|||50|]Excadrill||FocusSash|SandRush|HighHorsepower,IronHead,RockSlide,Protect|Adamant||F|||50|]Incineroar||ShucaBerry|Intimidate|FakeOut,FlareBlitz,DarkestLariat,PartingShot|Impish||M|||50|]Farigiraf||ColburBerry|ArmorTail|Psychic,HyperVoice,TrickRoom,HelpingHand|Naive||M|||50|]Rotom-Wash||Magnet|Levitate|HydroPump,WillOWisp,VoltSwitch,Thunderbolt|Modest|||||50|
|
|t:|1783115340
|teamsize|p1|4
|teamsize|p2|4
|start
|switch|p1a: Swampert|Swampert, L50, M|100/100
|switch|p1b: Incineroar|Incineroar, L50, M|100/100
|switch|p2a: Excadrill|Excadrill, L50, F|100/100
|switch|p2b: Tyranitar|Tyranitar, L50, F|100/100
|-weather|Sandstorm|[from] ability: Sand Stream|[of] p2b: Tyranitar
|-ability|p1b: Incineroar|Intimidate|boost
|-unboost|p2a: Excadrill|atk|1
|-unboost|p2b: Tyranitar|atk|1
|turn|1
|
|t:|1783115351
|detailschange|p1a: Swampert|Swampert-Mega, L50, M
|-mega|p1a: Swampert|Swampert|Swampertite
|move|p2a: Excadrill|Protect|p2a: Excadrill
|-singleturn|p2a: Excadrill|Protect
|move|p2b: Tyranitar|Protect|p2b: Tyranitar
|-singleturn|p2b: Tyranitar|Protect
|move|p1b: Incineroar|Fake Out|p2a: Excadrill
|-activate|p2a: Excadrill|move: Protect
|move|p1a: Swampert|Wave Crash|p2b: Tyranitar
|-activate|p2b: Tyranitar|move: Protect
|
|-weather|Sandstorm|[upkeep]
|-damage|p1b: Incineroar|94/100|[from] Sandstorm
|upkeep
|turn|2
|
|t:|1783115381
|switch|p2b: Rotom|Rotom-Wash, L50|100/100
|move|p1a: Swampert|Protect|p1a: Swampert
|-singleturn|p1a: Swampert|Protect
|move|p2a: Excadrill|Rock Slide|p1a: Swampert|[spread] p1b
|-activate|p1a: Swampert|move: Protect
|-supereffective|p1b: Incineroar|1
|-damage|p1b: Incineroar|71/100
|move|p1b: Incineroar|Will-O-Wisp|p2a: Excadrill
|-status|p2a: Excadrill|brn
|
|-weather|Sandstorm|[upkeep]
|-damage|p2b: Rotom|94/100|[from] Sandstorm
|-damage|p1b: Incineroar|65/100|[from] Sandstorm
|-damage|p2a: Excadrill|94/100 brn|[from] brn
|upkeep
|turn|3
|
|t:|1783115401
|switch|p1a: Sinistcha|Sinistcha, L50|100/100
|-heal|p1b: Incineroar|90/100|[from] ability: Hospitality|[of] p1a: Sinistcha
|move|p2a: Excadrill|Rock Slide|p1b: Incineroar|[spread] p1a,p1b
|-supereffective|p1b: Incineroar|1
|-damage|p1a: Sinistcha|94/100
|-damage|p1b: Incineroar|79/100
|move|p2b: Rotom|Hydro Pump|p1a: Sinistcha
|-resisted|p1a: Sinistcha|1
|-damage|p1a: Sinistcha|69/100
|cant|p1b: Incineroar|flinch
|
|-weather|Sandstorm|[upkeep]
|-damage|p2b: Rotom|88/100|[from] Sandstorm
|-damage|p1a: Sinistcha|62/100|[from] Sandstorm
|-damage|p1b: Incineroar|73/100|[from] Sandstorm
|-damage|p2a: Excadrill|88/100 brn|[from] brn
|upkeep
|turn|4
|
|t:|1783115435
|move|p2a: Excadrill|Rock Slide|p1b: Incineroar|[spread] p1a,p1b
|-supereffective|p1b: Incineroar|1
|-damage|p1a: Sinistcha|57/100
|-damage|p1b: Incineroar|62/100
|move|p2b: Rotom|Thunderbolt|p1a: Sinistcha
|-resisted|p1a: Sinistcha|1
|-damage|p1a: Sinistcha|34/100
|-enditem|p1a: Sinistcha|Sitrus Berry|[eat]
|-heal|p1a: Sinistcha|58/100|[from] item: Sitrus Berry
|cant|p1a: Sinistcha|flinch
|move|p1b: Incineroar|Parting Shot|p2b: Rotom
|-unboost|p2b: Rotom|atk|1
|-unboost|p2b: Rotom|spa|1
|
|t:|1783115451
|switch|p1b: Swampert|Swampert-Mega, L50, M|100/100|[from] Parting Shot
|
|-weather|Sandstorm|[upkeep]
|-damage|p2b: Rotom|82/100|[from] Sandstorm
|-damage|p1a: Sinistcha|52/100|[from] Sandstorm
|-damage|p2a: Excadrill|82/100 brn|[from] brn
|upkeep
|turn|5
|
|t:|1783115464
|move|p1b: Swampert|Protect|p1b: Swampert
|-singleturn|p1b: Swampert|Protect
|move|p2a: Excadrill|Rock Slide|p1b: Swampert|[spread] p1a
|-activate|p1b: Swampert|move: Protect
|-damage|p1a: Sinistcha|47/100
|move|p2b: Rotom|Volt Switch|p1a: Sinistcha
|-resisted|p1a: Sinistcha|1
|-damage|p1a: Sinistcha|34/100
|
|t:|1783115474
|switch|p2b: Incineroar|Incineroar, L50, M|100/100|[from] Volt Switch
|-ability|p2b: Incineroar|Intimidate|boost
|-unboost|p1a: Sinistcha|atk|1
|-unboost|p1b: Swampert|atk|1
|cant|p1a: Sinistcha|flinch
|
|-weather|none
|-damage|p2a: Excadrill|76/100 brn|[from] brn
|upkeep
|turn|6
|
|t:|1783115500
|switch|p1a: Incineroar|Incineroar, L50, M|62/100
|-ability|p1a: Incineroar|Intimidate|boost
|-unboost|p2a: Excadrill|atk|1
|-unboost|p2b: Incineroar|atk|1
|move|p2b: Incineroar|Fake Out|p1b: Swampert
|-damage|p1b: Swampert|93/100
|move|p2a: Excadrill|Iron Head|p1a: Incineroar
|-resisted|p1a: Incineroar|1
|-damage|p1a: Incineroar|58/100
|cant|p1b: Swampert|flinch
|
|-damage|p2a: Excadrill|70/100 brn|[from] brn
|upkeep
|turn|7
|
|t:|1783115514
|switch|p2a: Rotom|Rotom-Wash, L50|82/100
|move|p1a: Incineroar|Fake Out|p2b: Incineroar
|-damage|p2b: Incineroar|92/100
|move|p1b: Swampert|Wave Crash|p2b: Incineroar
|-supereffective|p2b: Incineroar|1
|-damage|p2b: Incineroar|16/100
|-damage|p1b: Swampert|66/100|[from] Recoil
|cant|p2b: Incineroar|flinch
|
|upkeep
|turn|8
|
|t:|1783115533
|switch|p1b: Sinistcha|Sinistcha, L50|34/100
|-heal|p1a: Incineroar|83/100|[from] ability: Hospitality|[of] p1b: Sinistcha
|move|p2a: Rotom|Hydro Pump|p1b: Sinistcha
|-resisted|p1b: Sinistcha|1
|-damage|p1b: Sinistcha|8/100
|move|p2b: Incineroar|Parting Shot|p1a: Incineroar
|-unboost|p1a: Incineroar|atk|1
|-unboost|p1a: Incineroar|spa|1
|
|t:|1783115542
|switch|p2b: Tyranitar|Tyranitar, L50, F|100/100|[from] Parting Shot
|-weather|Sandstorm|[from] ability: Sand Stream|[of] p2b: Tyranitar
|move|p1a: Incineroar|Parting Shot|p2a: Rotom
|-unboost|p2a: Rotom|atk|1
|-unboost|p2a: Rotom|spa|1
|
|t:|1783115545
|switch|p1a: Pelipper|Pelipper, L50, M, shiny|100/100|[from] Parting Shot
|-weather|RainDance|[from] ability: Drizzle|[of] p1a: Pelipper
|
|-weather|RainDance|[upkeep]
|upkeep
|turn|9
|
|t:|1783115564
|switch|p1a: Swampert|Swampert-Mega, L50, M|66/100
|detailschange|p2b: Tyranitar|Tyranitar-Mega, L50, F
|-mega|p2b: Tyranitar|Tyranitar|Tyranitarite
|-weather|Sandstorm|[from] ability: Sand Stream|[of] p2b: Tyranitar
|move|p1b: Sinistcha|Protect|p1b: Sinistcha
|-singleturn|p1b: Sinistcha|Protect
|move|p2a: Rotom|Volt Switch|p1a: Swampert
|-immune|p1a: Swampert
|move|p2b: Tyranitar|Rock Slide|p1a: Swampert|[spread] p1a
|-activate|p1b: Sinistcha|move: Protect
|-resisted|p1a: Swampert|1
|-damage|p1a: Swampert|50/100g
|
|-weather|Sandstorm|[upkeep]
|-damage|p2a: Rotom|76/100|[from] Sandstorm
|-damage|p1b: Sinistcha|2/100|[from] Sandstorm
|upkeep
|turn|10
|
|t:|1783115591
|switch|p1a: Incineroar|Incineroar, L50, M|83/100
|-ability|p1a: Incineroar|Intimidate|boost
|-unboost|p2a: Rotom|atk|1
|-unboost|p2b: Tyranitar|atk|1
|move|p2a: Rotom|Volt Switch|p1b: Sinistcha
|-resisted|p1b: Sinistcha|1
|-damage|p1b: Sinistcha|0 fnt
|faint|p1b: Sinistcha
|
|t:|1783115599
|switch|p2a: Excadrill|Excadrill, L50, F|70/100 brn|[from] Volt Switch
|move|p2b: Tyranitar|Rock Slide|p1a: Incineroar
|-supereffective|p1a: Incineroar|1
|-damage|p1a: Incineroar|35/100
|
|-weather|Sandstorm|[upkeep]
|-damage|p1a: Incineroar|29/100|[from] Sandstorm
|-damage|p2a: Excadrill|64/100 brn|[from] brn
|upkeep
|
|t:|1783115603
|switch|p1b: Swampert|Swampert-Mega, L50, M|50/100g
|turn|11
|
|t:|1783115617
|switch|p1a: Pelipper|Pelipper, L50, M, shiny|100/100
|-weather|RainDance|[from] ability: Drizzle|[of] p1a: Pelipper
|move|p1b: Swampert|Earthquake|p2b: Tyranitar|[spread] p2a,p2b
|-immune|p1a: Pelipper
|-supereffective|p2a: Excadrill|1
|-supereffective|p2b: Tyranitar|1
|-damage|p2a: Excadrill|0 fnt
|-damage|p2b: Tyranitar|41/100
|faint|p2a: Excadrill
|move|p2b: Tyranitar|Rock Slide|p1a: Pelipper|[spread] p1a,p1b
|-supereffective|p1a: Pelipper|1
|-resisted|p1b: Swampert|1
|-crit|p1b: Swampert
|-damage|p1a: Pelipper|37/100
|-damage|p1b: Swampert|26/100
|
|-weather|RainDance|[upkeep]
|upkeep
|
|t:|1783115635
|switch|p2a: Incineroar|Incineroar, L50, M|16/100
|-ability|p2a: Incineroar|Intimidate|boost
|-unboost|p1a: Pelipper|atk|1
|-unboost|p1b: Swampert|atk|1
|turn|12
|
|t:|1783115643
|switch|p2b: Rotom|Rotom-Wash, L50|76/100
|move|p2a: Incineroar|Fake Out|p1a: Pelipper
|-damage|p1a: Pelipper|23/100
|move|p1b: Swampert|Earthquake|p2b: Rotom|[spread] p2a
|-immune|p1a: Pelipper
|-immune|p2b: Rotom|[from] ability: Levitate
|-supereffective|p2a: Incineroar|1
|-enditem|p2a: Incineroar|Shuca Berry|[eat]
|-enditem|p2a: Incineroar|Shuca Berry|[weaken]
|-damage|p2a: Incineroar|0 fnt
|faint|p2a: Incineroar
|cant|p1a: Pelipper|flinch
|
|-weather|RainDance|[upkeep]
|upkeep
|
|t:|1783115654
|switch|p2a: Tyranitar|Tyranitar-Mega, L50, F|41/100
|-weather|Sandstorm|[from] ability: Sand Stream|[of] p2a: Tyranitar
|turn|13
|
|t:|1783115667
|move|p1a: Pelipper|Tailwind|p1a: Pelipper
|-sidestart|p1: LCchampleon|move: Tailwind
|move|p1b: Swampert|Wave Crash|p2a: Tyranitar
|-supereffective|p2a: Tyranitar|1
|-damage|p2a: Tyranitar|0 fnt
|faint|p2a: Tyranitar
|-damage|p1b: Swampert|11/100|[from] Recoil
|move|p2b: Rotom|Hydro Pump|p1b: Swampert|[miss]
|-miss|p2b: Rotom|p1b: Swampert
|
|-weather|Sandstorm|[upkeep]
|-damage|p1a: Pelipper|17/100|[from] Sandstorm
|-damage|p2b: Rotom|70/100|[from] Sandstorm
|upkeep
|turn|14
|c|☆lebronsusedtoilet|awee
|c|☆lebronsusedtoilet|man gg
|c|☆lebronsusedtoilet|u played incredble!
|-message|lebronsusedtoilet forfeited.
|raw|LCchampleon's rating: 1096 → 1122(+26 for winning)
|raw|lebronsusedtoilet's rating: 1108 → 1082(-26 for losing)
|
|win|LCchampleon
|c|☆LCchampleon|ggwp
|c|☆LCchampleon|I had to really focus lmao
|c|☆lebronsusedtoilet|ur good
|c|☆lebronsusedtoilet|:D have a gn/good day
|l|☆lebronsusedtoilet
|player|p2|
