|j|☆JustNQuan
|j|☆JakeMPA
|html|JustNQuanJakeMPA    
|uhtml|bestof|Game 2 of a best-of-3
|t:|1757638113
|gametype|doubles
|player|p1|JustNQuan|benga|1145
|player|p2|JakeMPA|2|1134
|gen|9
|tier|[Gen 9] VGC 2025 Reg H (Bo3)
|rated|
|rule|Species Clause: Limit one of each Pokémon
|rule|Item Clause: Limit 1 of each item
|clearpoke
|poke|p1|Archaludon, L50, F|
|poke|p1|Incineroar, L50, M|
|poke|p1|Pelipper, L50, M|
|poke|p1|Primarina, L50, F|
|poke|p1|Amoonguss, L50, M|
|poke|p1|Gholdengo, L50|
|poke|p2|Metagross, L50|
|poke|p2|Rillaboom, L50, M|
|poke|p2|Glimmora, L50, M|
|poke|p2|Hydreigon, L50, F|
|poke|p2|Talonflame, L50, M|
|poke|p2|Primarina, L50, M|
|teampreview|4
|showteam|p1|Archaludon||AssaultVest|Stamina|ElectroShot,FlashCannon,DracoMeteor,Snarl|||F|||50|,,,,,Flying]Incineroar||SitrusBerry|Intimidate|PartingShot,KnockOff,FakeOut,Protect|||M|||50|,,,,,Ghost]Pelipper||FocusSash|Drizzle|Hurricane,MuddyWater,Uturn,Tailwind|||M|||50|,,,,,Ghost]Primarina||ThroatSpray|LiquidVoice|HyperVoice,Moonblast,IcyWind,Protect|||F|||50|,,,,,Steel]Amoonguss||RockyHelmet|Regenerator|Spore,RagePowder,SludgeBomb,Protect|||M|||50|,,,,,Ghost]Gholdengo||Leftovers|GoodasGold|MakeItRain,ShadowBall,Psyshock,Protect||||||50|,,,,,Dragon
|showteam|p2|Metagross||AssaultVest|ClearBody|BulletPunch,PsychicFangs,KnockOff,HeavySlam||||||50|,,,,,Water]Rillaboom||MiracleSeed|GrassySurge|GrassyGlide,WoodHammer,FakeOut,Uturn|||M|||50|,,,,,Fire]Glimmora||PowerHerb|ToxicDebris|SpikyShield,SludgeBomb,EarthPower,MeteorBeam|||M|||50|,,,,,Grass]Hydreigon||ChoiceSpecs|Levitate|DracoMeteor,DarkPulse,HeatWave,Snarl|||F|||50|,,,,,Fire]Talonflame||CovertCloak|GaleWings|Tailwind,Taunt,BraveBird,Protect|||M|||50|,,,,,Flying]Primarina||ThroatSpray|LiquidVoice|Moonblast,Haze,HyperVoice,Protect|||M|||50|,,,,,Grass
|inactive|Battle timer is ON: inactive players will automatically lose when time's up. (requested by JakeMPA)
|
|t:|1757638147
|teamsize|p1|4
|teamsize|p2|4
|start
|switch|p1a: Incineroar|Incineroar, L50, M|100/100
|switch|p1b: Amoonguss|Amoonguss, L50, M, shiny|100/100
|switch|p2a: Hydreigon|Hydreigon, L50, F|100/100
|switch|p2b: Talonflame|Talonflame, L50, M|100/100
|-ability|p1a: Incineroar|Intimidate|boost
|-unboost|p2a: Hydreigon|atk|1
|-unboost|p2b: Talonflame|atk|1
|turn|1
|
|t:|1757638164
|move|p1a: Incineroar|Fake Out|p2a: Hydreigon
|-damage|p2a: Hydreigon|89/100
|move|p2b: Talonflame|Taunt|p1b: Amoonguss
|-start|p1b: Amoonguss|move: Taunt
|cant|p2a: Hydreigon|flinch
|cant|p1b: Amoonguss|move: Taunt|Spore
|
|upkeep
|turn|2
|
|t:|1757638187
|switch|p1b: Pelipper|Pelipper, L50, M, shiny|100/100
|-weather|RainDance|[from] ability: Drizzle|[of] p1b: Pelipper
|move|p2b: Talonflame|Tailwind|p2b: Talonflame
|-sidestart|p2: JakeMPA|move: Tailwind
|move|p2a: Hydreigon|Snarl|p1b: Pelipper|[spread] p1a,p1b
|-resisted|p1a: Incineroar
|-damage|p1a: Incineroar|89/100
|-damage|p1b: Pelipper|54/100
|-unboost|p1a: Incineroar|spa|1
|-unboost|p1b: Pelipper|spa|1
|move|p1a: Incineroar|Knock Off|p2b: Talonflame
|-damage|p2b: Talonflame|38/100
|-enditem|p2b: Talonflame|Covert Cloak|[from] move: Knock Off|[of] p1a: Incineroar
|
|-weather|RainDance|[upkeep]
|upkeep
|turn|3
|inactive|JustNQuan has 30 seconds left.
|
|t:|1757638215
|switch|p1a: Amoonguss|Amoonguss, L50, M, shiny|100/100
|move|p2b: Talonflame|Brave Bird|p1b: Pelipper
|-damage|p1b: Pelipper|21/100
|-damage|p2b: Talonflame|26/100|[from] Recoil
|move|p2a: Hydreigon|Snarl|p1b: Pelipper|[spread] p1a
|-miss|p2a: Hydreigon|p1b: Pelipper
|-damage|p1a: Amoonguss|80/100
|-unboost|p1a: Amoonguss|spa|1
|move|p1b: Pelipper|Muddy Water|p2a: Hydreigon|[spread] p2a,p2b
|-resisted|p2a: Hydreigon
|-supereffective|p2b: Talonflame
|-damage|p2a: Hydreigon|71/100
|-damage|p2b: Talonflame|0 fnt
|faint|p2b: Talonflame
|
|-weather|RainDance|[upkeep]
|upkeep
|
|t:|1757638229
|switch|p2b: Glimmora|Glimmora, L50, M|100/100
|turn|4
|
|t:|1757638252
|switch|p1b: Incineroar|Incineroar, L50, M|89/100
|-ability|p1b: Incineroar|Intimidate|boost
|-unboost|p2a: Hydreigon|atk|1
|-unboost|p2b: Glimmora|atk|1
|-terastallize|p2b: Glimmora|Grass
|move|p2a: Hydreigon|Snarl|p1a: Amoonguss|[spread] p1a,p1b
|-resisted|p1b: Incineroar
|-damage|p1a: Amoonguss|58/100
|-damage|p1b: Incineroar|78/100
|-unboost|p1a: Amoonguss|spa|1
|-unboost|p1b: Incineroar|spa|1
|move|p2b: Glimmora|Meteor Beam||[still]
|-prepare|p2b: Glimmora|Meteor Beam
|-boost|p2b: Glimmora|spa|1
|-enditem|p2b: Glimmora|Power Herb
|-anim|p2b: Glimmora|Meteor Beam|p1a: Amoonguss|[miss]
|-miss|p2b: Glimmora|p1a: Amoonguss
|move|p1a: Amoonguss|Spore|p2a: Hydreigon
|-status|p2a: Hydreigon|slp|[from] move: Spore
|
|-weather|RainDance|[upkeep]
|upkeep
|turn|5
|inactive|JustNQuan has 30 seconds left.
|inactive|JakeMPA has 30 seconds left.
|inactive|JustNQuan has 20 seconds left.
|inactive|JustNQuan has 15 seconds left.
|
|t:|1757638295
|move|p2b: Glimmora|Spiky Shield|p2b: Glimmora
|-singleturn|p2b: Glimmora|move: Protect
|cant|p2a: Hydreigon|slp
|move|p1b: Incineroar|Knock Off|p2b: Glimmora
|-activate|p2b: Glimmora|move: Protect
|-damage|p1b: Incineroar|66/100|[from] Spiky Shield|[of] p2b: Glimmora
|move|p1a: Amoonguss|Sludge Bomb|p2b: Glimmora
|-activate|p2b: Glimmora|move: Protect
|
|-weather|RainDance|[upkeep]
|-sideend|p2: JakeMPA|move: Tailwind
|upkeep
|turn|6
|
|t:|1757638312
|cant|p2a: Hydreigon|slp
|move|p2b: Glimmora|Earth Power|p1a: Amoonguss
|-damage|p1a: Amoonguss|28/100
|move|p1b: Incineroar|Parting Shot|p2a: Hydreigon
|-unboost|p2a: Hydreigon|atk|1
|-unboost|p2a: Hydreigon|spa|1
|
|t:|1757638321
|switch|p1b: Gholdengo|Gholdengo, L50|100/100|[from] Parting Shot
|move|p1a: Amoonguss|Sludge Bomb|p2b: Glimmora
|-supereffective|p2b: Glimmora
|-damage|p2b: Glimmora|65/100
|-status|p2b: Glimmora|psn
|
|-weather|none
|-damage|p2b: Glimmora|53/100 psn|[from] psn
|upkeep
|turn|7
|inactive|JakeMPA has 30 seconds left.
|
|t:|1757638349
|switch|p1a: Pelipper|Pelipper, L50, M, shiny|21/100
|-weather|RainDance|[from] ability: Drizzle|[of] p1a: Pelipper
|-curestatus|p2a: Hydreigon|slp|[msg]
|move|p2a: Hydreigon|Snarl|p1b: Gholdengo|[spread] p1a
|-miss|p2a: Hydreigon|p1b: Gholdengo
|-damage|p1a: Pelipper|0 fnt
|faint|p1a: Pelipper
|move|p2b: Glimmora|Earth Power|p1b: Gholdengo
|-supereffective|p1b: Gholdengo
|-damage|p1b: Gholdengo|5/100
|move|p1b: Gholdengo|Make It Rain|p2b: Glimmora|[spread] p2a,p2b
|-damage|p2a: Hydreigon|14/100
|-damage|p2b: Glimmora|0 fnt
|-unboost|p1b: Gholdengo|spa|1
|faint|p2b: Glimmora
|
|-weather|RainDance|[upkeep]
|-heal|p1b: Gholdengo|11/100|[from] item: Leftovers
|upkeep
|c|☆JakeMPA|Dude stopp avoiding stuff
|
|t:|1757638369
|switch|p2b: Primarina|Primarina, L50, M|100/100
|switch|p1a: Incineroar|Incineroar, L50, M|66/100
|-ability|p1a: Incineroar|Intimidate|boost
|-unboost|p2a: Hydreigon|atk|1
|-unboost|p2b: Primarina|atk|1
|turn|8
|
|t:|1757638378
|move|p1a: Incineroar|Fake Out|p2a: Hydreigon
|-damage|p2a: Hydreigon|2/100
|cant|p2a: Hydreigon|flinch
|move|p1b: Gholdengo|Make It Rain|p2b: Primarina|[spread] p2a,p2b
|-crit|p2b: Primarina
|-damage|p2a: Hydreigon|0 fnt
|-damage|p2b: Primarina|36/100
|-unboost|p1b: Gholdengo|spa|1
|faint|p2a: Hydreigon
|move|p2b: Primarina|Hyper Voice|p1b: Gholdengo|[spread] p1a,p1b
|-supereffective|p1a: Incineroar
|-damage|p1a: Incineroar|0 fnt
|-damage|p1b: Gholdengo|0 fnt
|faint|p1a: Incineroar
|faint|p1b: Gholdengo
|-enditem|p2b: Primarina|Throat Spray
|-boost|p2b: Primarina|spa|1|[from] item: Throat Spray
|
|-weather|RainDance|[upkeep]
|upkeep
|
|t:|1757638396
|switch|p1b: Amoonguss|Amoonguss, L50, M, shiny|61/100
|turn|9
|
|t:|1757638410
|move|p2b: Primarina|Hyper Voice|p1b: Amoonguss
|-resisted|p1b: Amoonguss
|-damage|p1b: Amoonguss|23/100
|move|p1b: Amoonguss|Sludge Bomb|p2b: Primarina
|-supereffective|p2b: Primarina
|-damage|p2b: Primarina|0 fnt
|faint|p2b: Primarina
|
|win|JustNQuan
||JakeMPA is ready for game 3.
||JustNQuan is ready for game 3.
|uhtml|next|Next: Game 3 of 3
