|j|☆hakoryu
|j|☆Someoneofficial
|html|hakoryuSomeoneofficial    
|uhtml|bestof|Game 3 of a best-of-3
|t:|1784927092
|gametype|doubles
|player|p1|hakoryu|valerie|
|player|p2|Someoneofficial|170|
|gen|9
|tier|[Gen 9 Champions] VGC 2026 Reg M-B (Bo3)
|rule|Species Clause: Limit one of each Pokémon
|rule|Item Clause: Limit 1 of each item
|clearpoke
|poke|p1|Kommo-o, L50, M|
|poke|p1|Gyarados, L50, M|
|poke|p1|Sinistcha, L50|
|poke|p1|Banette, L50, F|
|poke|p1|Arcanine-Hisui, L50, F|
|poke|p1|Ninetales-Alola, L50, F|
|poke|p2|Charizard, L50, M, shiny|
|poke|p2|Raichu, L50, M, shiny|
|poke|p2|Sinistcha, L50, shiny|
|poke|p2|Vivillon-Monsoon, L50, F, shiny|
|poke|p2|Basculegion, L50, M, shiny|
|poke|p2|Sneasler, L50, M, shiny|
|teampreview|4
|showteam|p1|Kommo-o||Leftovers|Bulletproof|ClangorousSoul,ClangingScales,Protect,AuraSphere|Modest||M|||50|]Gyarados||Gyaradosite|Intimidate|Waterfall,DragonDance,Protect,Crunch|Adamant||M|||50|]Sinistcha||SitrusBerry|Hospitality|MatchaGotcha,LifeDew,TrickRoom,RagePowder|Quiet|||||50|]Banette||Banettite|Insomnia|Poltergeist,ShadowSneak,Taunt,DestinyBond|Lonely||F|||50|]Arcanine-Hisui||LifeOrb|Intimidate|RockSlide,FlareBlitz,ExtremeSpeed,Protect|Adamant||F|||50|]Ninetales-Alola||LightClay|SnowWarning|FreezeDry,IcyWind,AuroraVeil,Protect|Timid||F|||50|
|showteam|p2|Charizard||CharizarditeX|Blaze|BreakingSwipe,DragonDance,FlareBlitz,Protect|Adamant||M|||50|]Raichu||RaichuniteY|LightningRod|FakeOut,Protect,FocusBlast,ZapCannon|Timid||M|||50|]Sinistcha||ColburBerry|Hospitality|RagePowder,MatchaGotcha,TrickRoom,Imprison|Bold|||||50|]Vivillon-Monsoon||FocusSash|CompoundEyes|Protect,Tailwind,SleepPowder,SunnyDay|Timid||F|||50|]Basculegion||ChoiceScarf|Adaptability|LastRespects,WaveCrash,AquaJet,FlipTurn|Jolly||M|||50|]Sneasler||WhiteHerb|Unburden|Protect,FakeOut,CloseCombat,DireClaw|Adamant||M|||50|
|j| Shitfuckerreturns2
|c| Shitfuckerreturns2|Call me game 3 the way I be playing 3 games
|
|t:|1784927137
|teamsize|p1|4
|teamsize|p2|4
|start
|switch|p1a: Banette|Banette, L50, F|100/100
|switch|p1b: Arcanine|Arcanine-Hisui, L50, F|100/100
|switch|p2a: Sinna|Sinistcha, L50, shiny|100/100
|switch|p2b: 2slimey|Sneasler, L50, M, shiny|100/100
|-ability|p1b: Arcanine|Intimidate|boost
|-unboost|p2a: Sinna|atk|1
|-unboost|p2b: 2slimey|atk|1
|-enditem|p2b: 2slimey|White Herb
|-clearnegativeboost|p2b: 2slimey|[silent]
|turn|1
|c| Shitfuckerreturns2|Call me dire the way I claw
|
|t:|1784927163
|detailschange|p1a: Banette|Banette-Mega, L50, F
|-mega|p1a: Banette|Banette|Banettite
|move|p1b: Arcanine|Protect|p1b: Arcanine
|-singleturn|p1b: Arcanine|Protect
|move|p2a: Sinna|Rage Powder|p2a: Sinna
|-singleturn|p2a: Sinna|move: Rage Powder
|move|p2b: 2slimey|Close Combat|p1b: Arcanine
|-activate|p1b: Arcanine|move: Protect
|move|p1a: Banette|Poltergeist|p2a: Sinna
|-activate|p2a: Sinna|move: Poltergeist|Colbur Berry
|-supereffective|p2a: Sinna|1
|-damage|p2a: Sinna|0 fnt
|faint|p2a: Sinna
|
|upkeep
|
|t:|1784927168
|switch|p2a: Chonka chu|Raichu, L50, M, shiny|100/100
|turn|2
|c| Shitfuckerreturns2|Call me mega the way I evolve
|
|t:|1784927187
|switch|p2b: Vivion|Vivillon-Monsoon, L50, F, shiny|100/100
|switch|p1b: Sinistcha|Sinistcha, L50|100/100
|detailschange|p2a: Chonka chu|Raichu-Mega-Y, L50, M, shiny
|-mega|p2a: Chonka chu|Raichu|Raichunite Y
|move|p1a: Banette|Destiny Bond|p1a: Banette
|-singlemove|p1a: Banette|Destiny Bond
|move|p2a: Chonka chu|Zap Cannon|p1b: Sinistcha
|-resisted|p1b: Sinistcha|1
|-damage|p1b: Sinistcha|67/100
|-status|p1b: Sinistcha|par
|
|upkeep
|turn|3
|c| Shitfuckerreturns2|Call me ohko the way I lose
|c| Shitfuckerreturns2|Call me no guard the way I never miss
|
|t:|1784927214
|move|p1b: Sinistcha|Rage Powder|p1b: Sinistcha
|-singleturn|p1b: Sinistcha|move: Rage Powder
|move|p1a: Banette|Taunt|p2b: Vivion
|-start|p2b: Vivion|move: Taunt
|move|p2a: Chonka chu|Zap Cannon|p1b: Sinistcha
|-resisted|p1b: Sinistcha|1
|-damage|p1b: Sinistcha|37/100 par
|-enditem|p1b: Sinistcha|Sitrus Berry|[eat]
|-heal|p1b: Sinistcha|61/100 par|[from] item: Sitrus Berry
|cant|p2b: Vivion|move: Taunt|Sleep Powder
|
|upkeep
|turn|4
|c| Shitfuckerreturns2|Call me destiny bond the way I bind my destiny
|
|t:|1784927227
|switch|p2b: 2slimey|Sneasler, L50, M, shiny|100/100
|move|p1b: Sinistcha|Rage Powder|p1b: Sinistcha
|-singleturn|p1b: Sinistcha|move: Rage Powder
|move|p2a: Chonka chu|Zap Cannon|p1b: Sinistcha
|-resisted|p1b: Sinistcha|1
|-damage|p1b: Sinistcha|29/100 par
|move|p1a: Banette|Poltergeist|p2a: Chonka chu
|-activate|p2a: Chonka chu|move: Poltergeist|Raichunite Y
|-damage|p2a: Chonka chu|1/100
|
|upkeep
|turn|5
|c| Shitfuckerreturns2|call me rage powder the way I master debate my opps
|
|t:|1784927245
|switch|p2a: Vivion|Vivillon-Monsoon, L50, F, shiny|100/100
|move|p1a: Banette|Shadow Sneak|p2a: Vivion
|-damage|p2a: Vivion|54/100
|move|p2b: 2slimey|Dire Claw|p1b: Sinistcha
|-damage|p1b: Sinistcha|0 fnt
|-fail|p1b: Sinistcha
|faint|p1b: Sinistcha
|
|upkeep
|c| Shitfuckerreturns2|call me charlie Kirk the way I carry the flame
|j| HEROBREIN9
|j| guxueprimalblade
|
|t:|1784927257
|switch|p1b: Kommo-o|Kommo-o, L50, M|100/100
|turn|6
|c| Shitfuckerreturns2|call me shadow sneak the way I be slinking around
|
|t:|1784927266
|move|p1a: Banette|Taunt|p2a: Vivion
|-start|p2a: Vivion|move: Taunt
|move|p2b: 2slimey|Close Combat|p1b: Kommo-o
|-damage|p1b: Kommo-o|45/100
|-unboost|p2b: 2slimey|def|1
|-unboost|p2b: 2slimey|spd|1
|cant|p2a: Vivion|move: Taunt|Tailwind
|move|p1b: Kommo-o|Clangorous Soul|p1b: Kommo-o
|-boost|p1b: Kommo-o|atk|1
|-boost|p1b: Kommo-o|def|1
|-boost|p1b: Kommo-o|spa|1
|-boost|p1b: Kommo-o|spd|1
|-boost|p1b: Kommo-o|spe|1
|-damage|p1b: Kommo-o|12/100
|
|-heal|p1b: Kommo-o|18/100|[from] item: Leftovers
|upkeep
|turn|7
|c| HEROBREIN9|who is shitfuckerreturns2
|c| Shitfuckerreturns2|call me hero brine the way I’m a hero
|c| HEROBREIN9|she hero on my brine till i get pregnant
|
|t:|1784927285
|move|p1b: Kommo-o|Protect|p1b: Kommo-o
|-singleturn|p1b: Kommo-o|Protect
|move|p2b: 2slimey|Close Combat|p1b: Kommo-o
|-activate|p1b: Kommo-o|move: Protect
|-activate|p2a: Vivion|move: Struggle
|move|p2a: Vivion|Struggle|p1a: Banette
|-damage|p1a: Banette|88/100
|-damage|p2a: Vivion|29/100|[from] recoil
|move|p1a: Banette|Poltergeist|p2a: Vivion
|-activate|p2a: Vivion|move: Poltergeist|Focus Sash
|-damage|p2a: Vivion|0 fnt
|faint|p2a: Vivion
|
|-heal|p1b: Kommo-o|24/100|[from] item: Leftovers
|upkeep
|
|t:|1784927287
|switch|p2a: Chonka chu|Raichu-Mega-Y, L50, M, shiny|1/100
|turn|8
|c| Shitfuckerreturns2|call me omniboost the way I have ancient powers
|c| Shitfuckerreturns2|call me dedicated the way I struggle
|
|t:|1784927310
|switch|p1b: Arcanine|Arcanine-Hisui, L50, F|100/100
|-ability|p1b: Arcanine|Intimidate|boost
|-unboost|p2a: Chonka chu|atk|1
|-unboost|p2b: 2slimey|atk|1
|move|p2a: Chonka chu|Protect|p2a: Chonka chu
|-singleturn|p2a: Chonka chu|Protect
|move|p1a: Banette|Destiny Bond|p1a: Banette
|-singlemove|p1a: Banette|Destiny Bond
|move|p2b: 2slimey|Dire Claw|p1a: Banette
|-resisted|p1a: Banette|1
|-damage|p1a: Banette|60/100
|
|upkeep
|turn|9
|c| Shitfuckerreturns2|call me focus sash the way I endure
|
|t:|1784927327
|move|p2a: Chonka chu|Protect||[still]
|-fail|p2a: Chonka chu
|move|p1b: Arcanine|Extreme Speed|p2b: 2slimey
|-damage|p2b: 2slimey|10/100
|-damage|p1b: Arcanine|90/100|[from] item: Life Orb
|move|p1a: Banette|Shadow Sneak|p2a: Chonka chu
|-damage|p2a: Chonka chu|0 fnt
|faint|p2a: Chonka chu
|move|p2b: 2slimey|Dire Claw|p1a: Banette
|-resisted|p1a: Banette|1
|-damage|p1a: Banette|33/100
|
|upkeep
|turn|10
|c| Shitfuckerreturns2|call me protect the way I scout
|-message|Someoneofficial forfeited.
|
|win|hakoryu
|c|☆hakoryu|ggwp
|c| HEROBREIN9|GG
|c| Shitfuckerreturns2|call me double protect the way I protect double
|c| Shitfuckerreturns2|Call
|c| Shitfuckerreturns2|me zap cannon the way I guarantee paralysis
|l| guxueprimalblade
