|j|☆hahadontcare
|j|☆repo2
|html|hahadontcarerepo2    
|uhtml|bestof|Game 3 of a best-of-3
|t:|1785773537
|gametype|doubles
|player|p1|hahadontcare|rocketgruntf|1000
|player|p2|repo2|pokemonrangerf|1095
|gen|9
|tier|[Gen 9 Champions] VGC 2026 Reg M-B (Bo3)
|rated|
|rule|Species Clause: Limit one of each Pokémon
|rule|Item Clause: Limit 1 of each item
|clearpoke
|poke|p1|Sinistcha, L50|
|poke|p1|Rotom-Wash, L50|
|poke|p1|Garchomp, L50, F|
|poke|p1|Incineroar, L50, M|
|poke|p1|Zoroark-Hisui, L50, F|
|poke|p1|Lucario, L50, F|
|poke|p2|Staraptor, L50, M|
|poke|p2|Farigiraf, L50, F|
|poke|p2|Incineroar, L50, F|
|poke|p2|Floette-Eternal, L50, F|
|poke|p2|Excadrill, L50, F|
|poke|p2|Milotic, L50, M|
|teampreview|4
|showteam|p1|Sinistcha||Leftovers|Hospitality|RagePowder,StrengthSap,MatchaGotcha,Protect|Bold|||||50|]Rotom-Wash||SitrusBerry|Levitate|HydroPump,Thunderbolt,Hex,WillOWisp|Timid|||||50|]Garchomp||RoseliBerry|RoughSkin|Earthquake,RockSlide,DragonClaw,DracoMeteor|Naive||F|||50|]Incineroar||Charcoal|Intimidate|FakeOut,TemperFlare,DrainPunch,SleepTalk|Adamant||M|||50|]Zoroark-Hisui||FocusSash|Illusion|Imprison,Poltergeist,FakeTears,FocusBlast|Hasty||F|||50|]Lucario||Lucarionite|InnerFocus|NastyPlot,AuraSphere,FlashCannon,Protect|Timid||F|||50|
|showteam|p2|Staraptor||ChoiceScarf|Intimidate|FinalGambit,CloseCombat,Uturn,BraveBird|Jolly||M|||50|]Farigiraf||SitrusBerry|ArmorTail|TrickRoom,Psychic,Thunderbolt,HelpingHand|Bold||F|||50|]Incineroar||FocusSash|Intimidate|FakeOut,PartingShot,FlareBlitz,ThroatChop|Adamant||F|||50|]Floette-Eternal||Floettite|FlowerVeil|DazzlingGleam,Protect,CalmMind,DrainingKiss|Modest||F|||50|]Excadrill||LifeOrb|MoldBreaker|IronHead,HighHorsepower,Protect,RockSlide|Jolly||F|||50|]Milotic||Leftovers|Competitive|MuddyWater,Hypnosis,Coil,Recover|Calm||M|||50|
|inactive|Battle timer is ON: inactive players will automatically lose when time's up. (requested by repo2)
|inactive|repo2 has 60 seconds left.
|
|t:|1785773583
|teamsize|p1|4
|teamsize|p2|4
|start
|switch|p1a: Incineroar|Incineroar, L50, M|100/100
|switch|p1b: Lucario|Lucario, L50, F|100/100
|switch|p2a: Staraptor|Staraptor, L50, M|100/100
|switch|p2b: Floette|Floette-Eternal, L50, F|100/100
|-ability|p2a: Staraptor|Intimidate|boost
|-unboost|p1a: Incineroar|atk|1
|-fail|p1b: Lucario|unboost|Attack|[from] ability: Inner Focus|[of] p1b: Lucario
|-ability|p1a: Incineroar|Intimidate|boost
|-unboost|p2a: Staraptor|atk|1
|-unboost|p2b: Floette|atk|1
|turn|1
|inactive|hahadontcare has 30 seconds left.
|
|t:|1785773613
|switch|p2b: Farigiraf|Farigiraf, L50, F|100/100
|detailschange|p1b: Lucario|Lucario-Mega, L50, F
|-mega|p1b: Lucario|Lucario|Lucarionite
|move|p2a: Staraptor|Final Gambit|p1b: Lucario
|-damage|p1b: Lucario|0 fnt
|faint|p2a: Staraptor
|faint|p1b: Lucario
|move|p1a: Incineroar|Sleep Talk||[still]
|-fail|p1a: Incineroar
|
|upkeep
|
|t:|1785773621
|switch|p1b: Rotom|Rotom-Wash, L50|100/100
|switch|p2a: Incineroar|Incineroar, L50, F|100/100
|-ability|p2a: Incineroar|Intimidate|boost
|-unboost|p1a: Incineroar|atk|1
|-unboost|p1b: Rotom|atk|1
|turn|2
|
|t:|1785773640
|move|p1b: Rotom|Focus Blast|p2a: Incineroar|[miss]
|-miss|p1b: Rotom|p2a: Incineroar
|move|p2a: Incineroar|Parting Shot|p1b: Rotom
|-unboost|p1b: Rotom|atk|1
|-unboost|p1b: Rotom|spa|1
|
|t:|1785773644
|switch|p2a: Floette|Floette-Eternal, L50, F|100/100|[from] Parting Shot
|move|p1a: Incineroar|Temper Flare|p2b: Farigiraf
|-damage|p2b: Farigiraf|62/100
|move|p2b: Farigiraf|Thunderbolt|p1b: Rotom
|-damage|p1b: Rotom|60/100
|replace|p1b: Zoroark|Zoroark-Hisui, L50, F
|-end|p1b: Zoroark|Illusion
|
|upkeep
|turn|3
|inactive|hahadontcare has 30 seconds left.
|
|t:|1785773669
|detailschange|p2a: Floette|Floette-Mega, L50, F
|-mega|p2a: Floette|Floette|Floettite
|-ability|p2a: Floette|Fairy Aura
|move|p2b: Farigiraf|Helping Hand|p2a: Floette
|-singleturn|p2a: Floette|Helping Hand|[of] p2b: Farigiraf
|move|p1b: Zoroark|Poltergeist|p2a: Floette
|-activate|p2a: Floette|move: Poltergeist|Floettite
|-damage|p2a: Floette|80/100
|move|p2a: Floette|Dazzling Gleam|p1b: Zoroark|[spread] p1a,p1b
|-damage|p1a: Incineroar|37/100
|-damage|p1b: Zoroark|0 fnt
|faint|p1b: Zoroark
|move|p1a: Incineroar|Temper Flare|p2b: Farigiraf
|-damage|p2b: Farigiraf|44/100
|-enditem|p2b: Farigiraf|Sitrus Berry|[eat]
|-heal|p2b: Farigiraf|69/100|[from] item: Sitrus Berry
|
|upkeep
|
|t:|1785773685
|switch|p1b: Rotom|Rotom-Wash, L50|100/100
|turn|4
|
|t:|1785773696
|move|p2b: Farigiraf|Helping Hand|p2a: Floette
|-singleturn|p2a: Floette|Helping Hand|[of] p2b: Farigiraf
|move|p1b: Rotom|Will-O-Wisp|p2a: Floette
|-status|p2a: Floette|brn
|move|p2a: Floette|Dazzling Gleam|p1a: Incineroar|[spread] p1a,p1b
|-damage|p1a: Incineroar|0 fnt
|-damage|p1b: Rotom|7/100
|-enditem|p1b: Rotom|Sitrus Berry|[eat]
|-heal|p1b: Rotom|32/100|[from] item: Sitrus Berry
|faint|p1a: Incineroar
|
|-damage|p2a: Floette|74/100 brn|[from] brn
|upkeep
|turn|5
|
|t:|1785773711
|move|p1b: Rotom|Hex|p2a: Floette
|-damage|p2a: Floette|45/100 brn
|move|p2a: Floette|Draining Kiss|p1b: Rotom
|-damage|p1b: Rotom|0 fnt
|-heal|p2a: Floette|62/100 brn|[from] drain|[of] p1b: Rotom
|faint|p1b: Rotom
|
|win|repo2
|raw|hahadontcare's rating: 1000 → 1000(+0 for losing)
|raw|repo2's rating: 1095 → 1114(+19 for winning)
