|j|☆ga sneasler
|j|☆Qicide
|html|ga sneaslerQicide    
|uhtml|bestof|Game 1 of a best-of-3
|t:|1757703412
|gametype|doubles
|player|p1|ga sneasler|170|1362
|player|p2|Qicide|red|1309
|gen|9
|tier|[Gen 9] VGC 2025 Reg H (Bo3)
|rated|
|rule|Species Clause: Limit one of each Pokémon
|rule|Item Clause: Limit 1 of each item
|clearpoke
|poke|p1|Dragapult, L50, M|
|poke|p1|Kingambit, L50, M|
|poke|p1|Electabuzz, L50, F|
|poke|p1|Blaziken, L50, M|
|poke|p1|Primarina, L50, F|
|poke|p1|Rillaboom, L50, M|
|poke|p2|Porygon2, L50|
|poke|p2|Incineroar, L50, F|
|poke|p2|Ursaluna, L50, F|
|poke|p2|Jumpluff, L50, F|
|poke|p2|Charizard, L50, F|
|poke|p2|Torkoal, L50, F|
|teampreview|4
|showteam|p1|Dragapult||ChoiceBand|ClearBody|Outrage,DragonDarts,PhantomForce,Uturn|||M|||50|,,,,,Dragon]Kingambit||SafetyGoggles|Defiant|KowtowCleave,SuckerPunch,SwordsDance,Protect|||M|||50|,,,,,Dark]Electabuzz||Eviolite|VitalSpirit|Thunderbolt,HelpingHand,FollowMe,Protect|||F|||50|,,,,,Ghost]Blaziken||FocusSash|SpeedBoost|HeatWave,AuraSphere,Coaching,Detect|||M|||50|,,,,,Stellar]Primarina||SitrusBerry|LiquidVoice|Moonblast,HyperVoice,Haze,Protect|||F|||50|,,,,,Water]Rillaboom||AssaultVest|GrassySurge|WoodHammer,GrassyGlide,FakeOut,Uturn|||M|||50|,,,,,Fire
|showteam|p2|Porygon2||Eviolite|Download|TeraBlast,IceBeam,TrickRoom,Recover||||||50|,,,,,Fighting]Incineroar||SitrusBerry|Intimidate|FakeOut,KnockOff,FlareBlitz,PartingShot|||F|||50|,,,,,Ghost]Ursaluna||FlameOrb|Guts|HeadlongRush,Facade,Earthquake,Protect|||F|||50|,,,,,Ghost]Jumpluff||CovertCloak|Chlorophyll|RagePowder,SunnyDay,Tailwind,SleepPowder|||F|||50|,,,,,Water]Charizard||ChoiceSpecs|SolarPower|HeatWave,Overheat,WeatherBall,SolarBeam|||F|||50|,,,,,Ghost]Torkoal||EjectPack|Drought|Overheat,Eruption,HelpingHand,Protect|||F|||50|,,,,,Fire
|inactive|Battle timer is ON: inactive players will automatically lose when time's up. (requested by Qicide)
|inactive|ga sneasler also wants the timer to be on.
|inactive|ga sneasler has 60 seconds left.
|
|t:|1757703448
|teamsize|p1|4
|teamsize|p2|4
|start
|switch|p1a: Bird|Blaziken, L50, M|100/100
|switch|p1b: Zap|Electabuzz, L50, F|100/100
|switch|p2a: Jumpluff|Jumpluff, L50, F|100/100
|switch|p2b: Charizard|Charizard, L50, F, shiny|100/100
|turn|1
|
|t:|1757703466
|-terastallize|p2a: Jumpluff|Water
|move|p1b: Zap|Protect|p1b: Zap
|-singleturn|p1b: Zap|Protect
|move|p2a: Jumpluff|Sunny Day|p2a: Jumpluff
|-weather|SunnyDay
|move|p2b: Charizard|Heat Wave|p1b: Zap|[spread] p1a
|-activate|p1b: Zap|move: Protect
|-resisted|p1a: Bird
|-damage|p1a: Bird|12/100
|move|p1a: Bird|Heat Wave|p2b: Charizard|[spread] p2a,p2b
|-resisted|p2a: Jumpluff
|-resisted|p2b: Charizard
|-damage|p2a: Jumpluff|76/100
|-damage|p2b: Charizard|67/100
|
|-weather|SunnyDay|[upkeep]
|-damage|p2b: Charizard|54/100|[from] ability: Solar Power|[of] p2b: Charizard
|-ability|p1a: Bird|Speed Boost|boost
|-boost|p1a: Bird|spe|1
|upkeep
|turn|2
|
|t:|1757703482
|move|p1a: Bird|Detect|p1a: Bird
|-singleturn|p1a: Bird|Protect
|move|p1b: Zap|Protect|p1b: Zap
|-singleturn|p1b: Zap|Protect
|move|p2a: Jumpluff|Tailwind|p2a: Jumpluff
|-sidestart|p2: Qicide|move: Tailwind
|move|p2b: Charizard|Heat Wave|p1b: Zap|[spread] 
|-activate|p1a: Bird|move: Protect
|-activate|p1b: Zap|move: Protect
|
|-weather|SunnyDay|[upkeep]
|-damage|p2b: Charizard|42/100|[from] ability: Solar Power|[of] p2b: Charizard
|-ability|p1a: Bird|Speed Boost|boost
|-boost|p1a: Bird|spe|1
|upkeep
|turn|3
|
|t:|1757703491
|switch|p1a: Sing|Primarina, L50, F|100/100
|move|p2a: Jumpluff|Rage Powder|p2a: Jumpluff
|-singleturn|p2a: Jumpluff|move: Rage Powder
|move|p2b: Charizard|Heat Wave|p1b: Zap|[spread] p1a,p1b
|-resisted|p1a: Sing
|-damage|p1a: Sing|53/100
|-damage|p1b: Zap|27/100
|move|p1b: Zap|Thunderbolt|p2a: Jumpluff
|-supereffective|p2a: Jumpluff
|-damage|p2a: Jumpluff|15/100
|
|-weather|SunnyDay|[upkeep]
|-damage|p2b: Charizard|30/100|[from] ability: Solar Power|[of] p2b: Charizard
|upkeep
|turn|4
|
|t:|1757703505
|move|p1b: Zap|Follow Me|p1b: Zap
|-singleturn|p1b: Zap|move: Follow Me
|move|p2a: Jumpluff|Sleep Powder|p1b: Zap
|-immune|p1b: Zap|[from] ability: Vital Spirit
|move|p2b: Charizard|Heat Wave|p1a: Sing|[spread] p1a,p1b
|-resisted|p1a: Sing
|-damage|p1a: Sing|9/100
|-damage|p1b: Zap|0 fnt
|-enditem|p1a: Sing|Sitrus Berry|[eat]
|-heal|p1a: Sing|34/100|[from] item: Sitrus Berry
|faint|p1b: Zap
|move|p1a: Sing|Hyper Voice|p2b: Charizard|[spread] p2a,p2b
|-resisted|p2a: Jumpluff
|-supereffective|p2b: Charizard
|-damage|p2a: Jumpluff|7/100
|-damage|p2b: Charizard|0 fnt
|faint|p2b: Charizard
|
|-weather|SunnyDay|[upkeep]
|upkeep
|
|t:|1757703519
|switch|p2b: Ursaluna|Ursaluna, L50, F|100/100
|switch|p1b: Bird|Blaziken, L50, M|12/100
|turn|5
|
|t:|1757703535
|move|p1b: Bird|Detect|p1b: Bird
|-singleturn|p1b: Bird|Protect
|move|p1a: Sing|Protect|p1a: Sing
|-singleturn|p1a: Sing|Protect
|move|p2a: Jumpluff|Sleep Powder|p1b: Bird
|-activate|p1b: Bird|move: Protect
|move|p2b: Ursaluna|Facade|p1a: Sing
|-activate|p1a: Sing|move: Protect
|
|-weather|none
|-sideend|p2: Qicide|move: Tailwind
|-status|p2b: Ursaluna|brn|[from] item: Flame Orb
|-ability|p1b: Bird|Speed Boost|boost
|-boost|p1b: Bird|spe|1
|upkeep
|turn|6
|
|t:|1757703559
|switch|p2b: Torkoal|Torkoal, L50, F|100/100
|-weather|SunnyDay|[from] ability: Drought|[of] p2b: Torkoal
|move|p2a: Jumpluff|Sleep Powder|p1a: Sing
|-status|p1a: Sing|slp|[from] move: Sleep Powder
|move|p1b: Bird|Heat Wave|p2b: Torkoal|[spread] p2a,p2b
|-resisted|p2a: Jumpluff
|-resisted|p2b: Torkoal
|-damage|p2a: Jumpluff|0 fnt
|-damage|p2b: Torkoal|70/100
|faint|p2a: Jumpluff
|cant|p1a: Sing|slp
|
|-weather|SunnyDay|[upkeep]
|-ability|p1b: Bird|Speed Boost|boost
|-boost|p1b: Bird|spe|1
|upkeep
|
|t:|1757703567
|switch|p2a: Ursaluna|Ursaluna, L50, F|100/100 brn
|turn|7
|
|t:|1757703576
|move|p1b: Bird|Detect|p1b: Bird
|-singleturn|p1b: Bird|Protect
|move|p2a: Ursaluna|Protect|p2a: Ursaluna
|-singleturn|p2a: Ursaluna|Protect
|cant|p1a: Sing|slp
|move|p2b: Torkoal|Eruption|p1a: Sing|[spread] p1a
|-activate|p1b: Bird|move: Protect
|-resisted|p1a: Sing
|-damage|p1a: Sing|11/100 slp
|
|-weather|SunnyDay|[upkeep]
|-damage|p2a: Ursaluna|95/100 brn|[from] brn
|-ability|p1b: Bird|Speed Boost|boost
|-boost|p1b: Bird|spe|1
|upkeep
|turn|8
|
|t:|1757703590
|-terastallize|p1b: Bird|Stellar
|move|p2b: Torkoal|Protect|p2b: Torkoal
|-singleturn|p2b: Torkoal|Protect
|move|p1b: Bird|Aura Sphere|p2a: Ursaluna
|-supereffective|p2a: Ursaluna
|-damage|p2a: Ursaluna|3/100 brn
|cant|p1a: Sing|slp
|move|p2a: Ursaluna|Earthquake|p1b: Bird|[spread] p1a,p1b
|-activate|p2b: Torkoal|move: Protect
|-supereffective|p1b: Bird
|-damage|p1a: Sing|0 fnt
|-damage|p1b: Bird|0 fnt
|faint|p1a: Sing
|faint|p1b: Bird
|
|-weather|SunnyDay|[upkeep]
|-damage|p2a: Ursaluna|0 fnt|[from] brn
|faint|p2a: Ursaluna
|upkeep
|
|t:|1757703596
|switch|p1b: Check|Kingambit, L50, M|100/100
|turn|9
|
|t:|1757703601
|move|p1b: Check|Protect|p1b: Check
|-singleturn|p1b: Check|Protect
|move|p2b: Torkoal|Overheat|p1b: Check
|-activate|p1b: Check|move: Protect
|
|-weather|SunnyDay|[upkeep]
|upkeep
|turn|10
|
|t:|1757703605
|move|p1b: Check|Protect|p1b: Check
|-singleturn|p1b: Check|Protect
|move|p2b: Torkoal|Overheat|p1b: Check
|-activate|p1b: Check|move: Protect
|
|-weather|none
|upkeep
|turn|11
|
|t:|1757703611
|move|p1b: Check|Kowtow Cleave|p2b: Torkoal
|-damage|p2b: Torkoal|31/100
|move|p2b: Torkoal|Overheat|p1b: Check
|-supereffective|p1b: Check
|-damage|p1b: Check|0 fnt
|-unboost|p2b: Torkoal|spa|2
|faint|p1b: Check
|
|win|Qicide
||ga sneasler is ready for game 2.
