|j|☆sum1dum
|j|☆TheRealEmilyRose
|html|sum1dumTheRealEmilyRose    
|uhtml|bestof|Game 2 of a best-of-3
|t:|1783111330
|gametype|doubles
|player|p1|sum1dum|rosa|1151
|player|p2|TheRealEmilyRose|dawn|1140
|gen|9
|tier|[Gen 9 Champions] VGC 2026 Reg M-B (Bo3)
|rated|
|rule|Species Clause: Limit one of each Pokémon
|rule|Item Clause: Limit 1 of each item
|clearpoke
|poke|p1|Gliscor, L50, F|
|poke|p1|Primarina, L50, F|
|poke|p1|Metagross, L50|
|poke|p1|Ninetales-Alola, L50, F|
|poke|p1|Incineroar, L50, F|
|poke|p1|Sinistcha, L50|
|poke|p2|Grimmsnarl, L50, M|
|poke|p2|Charizard, L50, F|
|poke|p2|Garchomp, L50, M|
|poke|p2|Gholdengo, L50|
|poke|p2|Kingambit, L50, F|
|poke|p2|Sneasler, L50, F|
|teampreview|4
|showteam|p1|Gliscor||LifeOrb|HyperCutter|DualWingbeat,HighHorsepower,Protect,RockSlide|Jolly||F|||50|]Primarina||Leftovers|LiquidVoice|CalmMind,HyperVoice,Moonblast,Protect|Modest||F|||50|]Metagross||Metagrossite|ClearBody|BulletPunch,IronHead,Protect,PsychicFangs|Jolly|||||50|]Ninetales-Alola||LightClay|SnowWarning|AuroraVeil,FreezeDry,Moonblast,Protect|Timid||F|||50|]Incineroar||ChopleBerry|Intimidate|FakeOut,FlareBlitz,DarkestLariat,PartingShot|Impish||F|||50|]Sinistcha||SitrusBerry|Hospitality|MatchaGotcha,Protect,LifeDew,RagePowder|Bold|||||50|
|showteam|p2|Grimmsnarl||IronBall|Prankster|SpiritBreak,Reflect,LightScreen,Trick|Careful||M|||50|]Charizard||CharizarditeY|Blaze|HeatWave,WeatherBall,SolarBeam,Protect|Modest||F|||50|]Garchomp||LifeOrb|RoughSkin|Earthquake,DragonClaw,RockSlide,Protect|Jolly||M|||50|]Gholdengo||ChoiceScarf|GoodasGold|MakeItRain,ShadowBall,PowerGem,Psychic|Modest|||||50|]Kingambit||BlackGlasses|Defiant|KowtowCleave,SuckerPunch,SwordsDance,Protect|Adamant||F|||50|]Sneasler||FocusSash|PoisonTouch|FakeOut,DireClaw,CloseCombat,Protect|Jolly||F|||50|
|inactive|Battle timer is ON: inactive players will automatically lose when time's up. (requested by sum1dum)
|inactive|TheRealEmilyRose also wants the timer to be on.
|
|t:|1783111352
|teamsize|p1|4
|teamsize|p2|4
|start
|switch|p1a: Justice|Incineroar, L50, F|100/100
|switch|p1b: Patience|Primarina, L50, F|100/100
|switch|p2a: Sneasler|Sneasler, L50, F|100/100
|switch|p2b: Charizard|Charizard, L50, F|100/100
|-ability|p1a: Justice|Intimidate|boost
|-unboost|p2a: Sneasler|atk|1
|-unboost|p2b: Charizard|atk|1
|turn|1
|
|t:|1783111373
|detailschange|p2b: Charizard|Charizard-Mega-Y, L50, F
|-mega|p2b: Charizard|Charizard|Charizardite Y
|-weather|SunnyDay|[from] ability: Drought|[of] p2b: Charizard
|move|p1b: Patience|Protect|p1b: Patience
|-singleturn|p1b: Patience|Protect
|move|p2a: Sneasler|Fake Out|p1a: Justice
|-damage|p1a: Justice|92/100
|move|p2b: Charizard|Solar Beam||[still]
|-prepare|p2b: Charizard|Solar Beam
|-anim|p2b: Charizard|Solar Beam|p1b: Patience
|-activate|p1b: Patience|move: Protect
|cant|p1a: Justice|flinch
|
|-weather|SunnyDay|[upkeep]
|upkeep
|turn|2
|
|t:|1783111396
|switch|p1b: Perserverance|Metagross, L50|100/100
|move|p2a: Sneasler|Dire Claw|p1b: Perserverance
|-immune|p1b: Perserverance
|move|p2b: Charizard|Solar Beam||[still]
|-prepare|p2b: Charizard|Solar Beam
|-anim|p2b: Charizard|Solar Beam|p1b: Perserverance
|-resisted|p1b: Perserverance|1
|-damage|p1b: Perserverance|69/100
|move|p1a: Justice|Flare Blitz|p2a: Sneasler
|-enditem|p2a: Sneasler|Focus Sash
|-damage|p2a: Sneasler|1/100
|-damage|p1a: Justice|67/100|[from] Recoil
|
|-weather|SunnyDay|[upkeep]
|upkeep
|turn|3
|inactive|sum1dum has 30 seconds left.
|
|t:|1783111424
|move|p1b: Perserverance|Protect|p1b: Perserverance
|-singleturn|p1b: Perserverance|Protect
|move|p2a: Sneasler|Close Combat|p1a: Justice
|-supereffective|p1a: Justice|1
|-enditem|p1a: Justice|Chople Berry|[eat]
|-enditem|p1a: Justice|Chople Berry|[weaken]
|-damage|p1a: Justice|36/100
|-unboost|p2a: Sneasler|def|1
|-unboost|p2a: Sneasler|spd|1
|-status|p1a: Justice|psn|[from] ability: Poison Touch|[of] p2a: Sneasler
|move|p2b: Charizard|Heat Wave|p1a: Justice|[spread] 
|-activate|p1b: Perserverance|move: Protect
|-miss|p2b: Charizard|p1a: Justice
|move|p1a: Justice|Parting Shot|p2b: Charizard
|-unboost|p2b: Charizard|atk|1
|-unboost|p2b: Charizard|spa|1
|
|t:|1783111427
|switch|p1a: Patience|Primarina, L50, F|100/100|[from] Parting Shot
|
|-weather|SunnyDay|[upkeep]
|upkeep
|turn|4
|
|t:|1783111443
|switch|p1b: Justice|Incineroar, L50, F|36/100 psn
|-ability|p1b: Justice|Intimidate|boost
|-unboost|p2a: Sneasler|atk|1
|-unboost|p2b: Charizard|atk|1
|move|p2a: Sneasler|Dire Claw|p1a: Patience
|-supereffective|p1a: Patience|1
|-damage|p1a: Patience|54/100
|move|p2b: Charizard|Heat Wave|p1b: Justice|[spread] p1b
|-miss|p2b: Charizard|p1a: Patience
|-resisted|p1b: Justice|1
|-damage|p1b: Justice|17/100 psn
|move|p1a: Patience|Hyper Voice|p2b: Charizard|[spread] p2a,p2b
|-supereffective|p2b: Charizard|1
|-damage|p2a: Sneasler|0 fnt
|-damage|p2b: Charizard|61/100
|faint|p2a: Sneasler
|
|-weather|SunnyDay|[upkeep]
|-heal|p1a: Patience|59/100|[from] item: Leftovers
|-damage|p1b: Justice|5/100 psn|[from] psn
|upkeep
|
|t:|1783111465
|switch|p2a: Garchomp|Garchomp, L50, M|100/100
|turn|5
|
|t:|1783111474
|move|p1b: Justice|Fake Out|p2a: Garchomp
|-damage|p2a: Garchomp|88/100
|-damage|p1b: Justice|0 fnt|[from] ability: Rough Skin|[of] p2a: Garchomp
|faint|p1b: Justice
|cant|p2a: Garchomp|flinch
|move|p2b: Charizard|Heat Wave|p1a: Patience
|-resisted|p1a: Patience|1
|-damage|p1a: Patience|35/100
|move|p1a: Patience|Moonblast|p2a: Garchomp
|-supereffective|p2a: Garchomp|1
|-damage|p2a: Garchomp|0 fnt
|faint|p2a: Garchomp
|
|-weather|none
|-heal|p1a: Patience|41/100|[from] item: Leftovers
|upkeep
|
|t:|1783111488
|switch|p2a: Kingambit|Kingambit, L50, F|100/100
|switch|p1b: Bravery|Gliscor, L50, F|100/100
|turn|6
|
|t:|1783111501
|move|p1b: Bravery|High Horsepower|p2a: Kingambit
|-supereffective|p2a: Kingambit|1
|-damage|p2a: Kingambit|28/100
|-damage|p1b: Bravery|90/100|[from] item: Life Orb
|move|p2b: Charizard|Heat Wave|p1a: Patience|[spread] p1a
|-miss|p2b: Charizard|p1b: Bravery
|-resisted|p1a: Patience|1
|-damage|p1a: Patience|27/100
|move|p1a: Patience|Hyper Voice|p2b: Charizard|[spread] p2a,p2b
|-supereffective|p2b: Charizard|1
|-damage|p2a: Kingambit|0 fnt
|-damage|p2b: Charizard|0 fnt
|faint|p2a: Kingambit
|faint|p2b: Charizard
|
|win|sum1dum
