|j|☆TreyBayBay
|j|☆Feedofish
|html|TreyBayBayFeedofish    
|uhtml|bestof|Game 1 of a best-of-3
|t:|1757689092
|gametype|doubles
|player|p1|TreyBayBay|ninjaboy|1136
|player|p2|Feedofish|juggler|1032
|gen|9
|tier|[Gen 9] VGC 2025 Reg H (Bo3)
|rated|
|rule|Species Clause: Limit one of each Pokémon
|rule|Item Clause: Limit 1 of each item
|clearpoke
|poke|p1|Ninetales-Alola, L50, F|
|poke|p1|Farigiraf, L50, F|
|poke|p1|Sneasler, L50, M|
|poke|p1|Incineroar, L50, M|
|poke|p1|Archaludon, L50, M|
|poke|p1|Hydreigon, L50, M|
|poke|p2|Porygon2, L50|
|poke|p2|Swampert, L50, M|
|poke|p2|Garganacl, L50, M|
|poke|p2|Dragonite, L50, M|
|poke|p2|Volcarona, L50, F|
|poke|p2|Annihilape, L50, M|
|teampreview|4
|showteam|p1|Ninetales-Alola||LightClay|SnowWarning|Protect,Blizzard,Moonblast,AuroraVeil|||F|||50|,,,,,Ghost]Farigiraf||ThroatSpray|ArmorTail|ExpandingForce,HyperVoice,TrickRoom,Imprison|||F|||50|,,,,,Fairy]Sneasler||FocusSash|PoisonTouch|FakeOut,DireClaw,CloseCombat,Taunt|||M|||50|,,,,,Stellar]Incineroar||SafetyGoggles|Intimidate|FakeOut,FlareBlitz,KnockOff,WillOWisp|||M|||50|,,,,,Ghost]Archaludon||AssaultVest|Stamina|DracoMeteor,FlashCannon,BodyPress,Snarl|||M|||50|,,,,,Bug]Hydreigon||CovertCloak|Levitate|DarkPulse,EarthPower,NastyPlot,Tailwind|||M|||50|,,,,,Ghost
|showteam|p2|Porygon2||Eviolite|Download|Thunderbolt,IceBeam,TriAttack,Recover||||||50|,,,,,Normal]Swampert||Leftovers|Torrent|HydroPump,EarthPower,IcyWind,WideGuard|||M|||50|,,,,,Fire]Garganacl||RockyHelmet|PurifyingSalt|SaltCure,BodyPress,IronDefense,Recover|||M|||50|,,,,,Ghost]Dragonite||LifeOrb|InnerFocus|ExtremeSpeed,ScaleShot,StompingTantrum,Protect|||M|||50|,,,,,Normal]Volcarona||ClearAmulet|FlameBody|FieryDance,GigaDrain,QuiverDance,Protect|||F|||50|,,,,,Grass]Annihilape||AssaultVest|Defiant|RageFist,DrainPunch,PoisonJab,PhantomForce|||M|||50|,,,,,Fairy
|
|t:|1757689134
|teamsize|p1|4
|teamsize|p2|4
|start
|switch|p1a: Sneasler|Sneasler, L50, M|100/100
|switch|p1b: Incineroar|Incineroar, L50, M|100/100
|switch|p2a: Garganacl|Garganacl, L50, M|100/100
|switch|p2b: Annihilape|Annihilape, L50, M|100/100
|-ability|p1b: Incineroar|Intimidate|boost
|-unboost|p2a: Garganacl|atk|1
|-unboost|p2b: Annihilape|atk|1
|-ability|p2b: Annihilape|Defiant|boost
|-boost|p2b: Annihilape|atk|2
|turn|1
|
|t:|1757689164
|move|p1a: Sneasler|Taunt|p2a: Garganacl
|-start|p2a: Garganacl|move: Taunt
|move|p2b: Annihilape|Drain Punch|p1b: Incineroar
|-supereffective|p1b: Incineroar
|-damage|p1b: Incineroar|11/100
|move|p1b: Incineroar|Will-O-Wisp|p2b: Annihilape
|-status|p2b: Annihilape|brn
|cant|p2a: Garganacl|move: Taunt|Iron Defense
|
|-damage|p2b: Annihilape|95/100 brn|[from] brn
|upkeep
|turn|2
|
|t:|1757689184
|switch|p1b: Farigiraf|Farigiraf, L50, F, shiny|100/100
|move|p1a: Sneasler|Close Combat|p2a: Garganacl
|-supereffective|p2a: Garganacl
|-damage|p2a: Garganacl|15/100
|-unboost|p1a: Sneasler|def|1
|-unboost|p1a: Sneasler|spd|1
|-damage|p1a: Sneasler|84/100|[from] item: Rocky Helmet|[of] p2a: Garganacl
|move|p2b: Annihilape|Phantom Force||[still]
|-prepare|p2b: Annihilape|Phantom Force
|move|p2a: Garganacl|Salt Cure|p1a: Sneasler
|-resisted|p1a: Sneasler
|-damage|p1a: Sneasler|73/100
|-start|p1a: Sneasler|Salt Cure
|
|-damage|p2b: Annihilape|89/100 brn|[from] brn
|-damage|p1a: Sneasler|60/100|[from] Salt Cure
|upkeep
|turn|3
|
|t:|1757689208
|switch|p1a: Archaludon|Archaludon, L50, M, shiny|100/100
|move|p2b: Annihilape|Phantom Force|p1b: Farigiraf|[from] lockedmove
|-immune|p1b: Farigiraf
|move|p1b: Farigiraf|Hyper Voice|p2b: Annihilape|[spread] p2a
|-immune|p2b: Annihilape
|-resisted|p2a: Garganacl
|-damage|p2a: Garganacl|6/100
|-enditem|p1b: Farigiraf|Throat Spray
|-boost|p1b: Farigiraf|spa|1|[from] item: Throat Spray
|move|p2a: Garganacl|Salt Cure|p1b: Farigiraf
|-damage|p1b: Farigiraf|93/100
|-start|p1b: Farigiraf|Salt Cure
|
|-damage|p2b: Annihilape|83/100 brn|[from] brn
|-damage|p1b: Farigiraf|80/100|[from] Salt Cure
|-end|p2a: Garganacl|move: Taunt
|upkeep
|turn|4
|
|t:|1757689228
|move|p1a: Archaludon|Flash Cannon|p2a: Garganacl
|-supereffective|p2a: Garganacl
|-crit|p2a: Garganacl
|-damage|p2a: Garganacl|0 fnt
|faint|p2a: Garganacl
|move|p2b: Annihilape|Poison Jab|p1b: Farigiraf
|-damage|p1b: Farigiraf|67/100
|move|p1b: Farigiraf|Expanding Force|p2b: Annihilape
|-supereffective|p2b: Annihilape
|-damage|p2b: Annihilape|28/100 brn
|
|-damage|p2b: Annihilape|22/100 brn|[from] brn
|-damage|p1b: Farigiraf|55/100|[from] Salt Cure
|upkeep
|
|t:|1757689238
|switch|p2a: Volcarona|Volcarona, L50, F|100/100
|turn|5
|inactive|Battle timer is ON: inactive players will automatically lose when time's up. (requested by Feedofish)
|
|t:|1757689259
|move|p2a: Volcarona|Quiver Dance|p2a: Volcarona
|-boost|p2a: Volcarona|spa|1
|-boost|p2a: Volcarona|spd|1
|-boost|p2a: Volcarona|spe|1
|move|p1a: Archaludon|Draco Meteor|p2a: Volcarona
|-crit|p2a: Volcarona
|-damage|p2a: Volcarona|12/100
|-unboost|p1a: Archaludon|spa|2
|move|p2b: Annihilape|Drain Punch|p1b: Farigiraf
|-damage|p1b: Farigiraf|38/100
|-heal|p2b: Annihilape|32/100 brn|[from] drain|[of] p1b: Farigiraf
|move|p1b: Farigiraf|Expanding Force|p2b: Annihilape
|-supereffective|p2b: Annihilape
|-damage|p2b: Annihilape|0 fnt
|faint|p2b: Annihilape
|
|-damage|p1b: Farigiraf|26/100|[from] Salt Cure
|upkeep
|
|t:|1757689266
|switch|p2b: Swampert|Swampert, L50, M|100/100
|turn|6
|
|t:|1757689282
|move|p2a: Volcarona|Fiery Dance|p1a: Archaludon
|-damage|p1a: Archaludon|62/100
|-boost|p2a: Volcarona|spa|1
|-ability|p1a: Archaludon|Stamina|boost
|-boost|p1a: Archaludon|def|1
|move|p1a: Archaludon|Snarl|p2a: Volcarona|[spread] p2a,p2b
|-damage|p2a: Volcarona|8/100
|-damage|p2b: Swampert|95/100
|-unboost|p2b: Swampert|spa|1
|move|p1b: Farigiraf|Expanding Force|p2a: Volcarona
|-damage|p2a: Volcarona|0 fnt
|faint|p2a: Volcarona
|move|p2b: Swampert|Earth Power|p1a: Archaludon
|-supereffective|p1a: Archaludon
|-damage|p1a: Archaludon|31/100
|-ability|p1a: Archaludon|Stamina|boost
|-boost|p1a: Archaludon|def|1
|
|-heal|p2b: Swampert|100/100|[from] item: Leftovers
|-damage|p1b: Farigiraf|13/100|[from] Salt Cure
|upkeep
|turn|7
|
|t:|1757689304
|switch|p1b: Incineroar|Incineroar, L50, M|11/100
|-ability|p1b: Incineroar|Intimidate|boost
|-unboost|p2b: Swampert|atk|1
|-terastallize|p1a: Archaludon|Bug
|move|p1a: Archaludon|Body Press|p2b: Swampert
|-damage|p2b: Swampert|63/100
|move|p2b: Swampert|Icy Wind|p1b: Incineroar|[spread] p1a,p1b
|-resisted|p1b: Incineroar
|-damage|p1a: Archaludon|26/100
|-damage|p1b: Incineroar|8/100
|-unboost|p1a: Archaludon|spe|1
|-unboost|p1b: Incineroar|spe|1
|-ability|p1a: Archaludon|Stamina|boost
|-boost|p1a: Archaludon|def|1
|
|-heal|p2b: Swampert|69/100|[from] item: Leftovers
|upkeep
|turn|8
|
|t:|1757689325
|move|p1b: Incineroar|Fake Out|p2b: Swampert
|-damage|p2b: Swampert|60/100
|cant|p2b: Swampert|flinch
|move|p1a: Archaludon|Body Press|p2b: Swampert
|-damage|p2b: Swampert|9/100
|
|-heal|p2b: Swampert|15/100|[from] item: Leftovers
|upkeep
|turn|9
|
|t:|1757689337
|move|p2b: Swampert|Icy Wind|p1a: Archaludon|[spread] p1a,p1b
|-resisted|p1b: Incineroar
|-damage|p1a: Archaludon|22/100
|-damage|p1b: Incineroar|5/100
|-unboost|p1a: Archaludon|spe|1
|-unboost|p1b: Incineroar|spe|1
|-ability|p1a: Archaludon|Stamina|boost
|-boost|p1a: Archaludon|def|1
|move|p1a: Archaludon|Body Press|p2b: Swampert
|-damage|p2b: Swampert|0 fnt
|faint|p2b: Swampert
|
|win|TreyBayBay
|l|☆Feedofish
|player|p2|
|inactive|TreyBayBay has 30 seconds to confirm battle start!
|inactive|Feedofish has 30 seconds to confirm battle start!
||Feedofish is ready for game 2.
||TreyBayBay is ready for game 2.
|uhtml|next|Next: Game 2 of 3
