|j|☆snekr1994
|j|☆Mamoswinefanboi
|html|snekr1994Mamoswinefanboi    
|uhtml|bestof|Game 1 of a best-of-3
|t:|1757029280
|gametype|doubles
|player|p1|snekr1994|102|1528
|player|p2|Mamoswinefanboi|2|1451
|gen|9
|tier|[Gen 9] VGC 2025 Reg H (Bo3)
|rated|
|rule|Species Clause: Limit one of each Pokémon
|rule|Item Clause: Limit 1 of each item
|clearpoke
|poke|p1|Kingambit, L50, M|
|poke|p1|Sneasler, L50, F|
|poke|p1|Electabuzz, L50, M|
|poke|p1|Dragonite, L50, F|
|poke|p1|Volcarona, L50, M|
|poke|p1|Rillaboom, L50, F|
|poke|p2|Rillaboom, L50, M|
|poke|p2|Kingambit, L50, F|
|poke|p2|Annihilape, L50, F|
|poke|p2|Dondozo, L50, M|
|poke|p2|Baxcalibur, L50, F|
|poke|p2|Gholdengo, L50|
|teampreview|4
|showteam|p1|Kingambit||SafetyGoggles|Defiant|KowtowCleave,SuckerPunch,SwordsDance,Protect|||M|||50|,,,,,Dark]Sneasler||FocusSash|PoisonTouch|DireClaw,CloseCombat,Coaching,FakeOut|||F|||50|,,,,,Stellar]Electabuzz||Eviolite|VitalSpirit|Thunderbolt,FollowMe,Taunt,Protect|||M|||50|,,,,,Dragon]Dragonite||LoadedDice|Multiscale|ScaleShot,ExtremeSpeed,Haze,Protect|||F|||50|,,,,,Steel]Volcarona||CovertCloak|FlameBody|HeatWave,TeraBlast,QuiverDance,Protect|||M|||50|,,,,,Fairy]Rillaboom||AssaultVest|GrassySurge|WoodHammer,GrassyGlide,HighHorsepower,FakeOut|||F|||50|,,,,,Fire
|showteam|p2|Rillaboom||AssaultVest|GrassySurge|WoodHammer,GrassyGlide,HighHorsepower,FakeOut|||M|||50|,,,,,Fire]Kingambit||SafetyGoggles|Defiant|KowtowCleave,SuckerPunch,SwordsDance,Protect|||F|||50|,,,,,Fire]Annihilape||FocusSash|Defiant|CloseCombat,RageFist,Coaching,FinalGambit|||F|||50|,,,,,Fairy]Dondozo||Leftovers|Unaware|Protect,WaveCrash,Fissure,Yawn|||M|||50|,,,,,Bug]Baxcalibur||LoadedDice|ThermalExchange|ScaleShot,IcicleSpear,IceShard,Protect|||F|||50|,,,,,Ghost]Gholdengo||ChoiceScarf|GoodasGold|MakeItRain,ShadowBall,SteelBeam,Trick||||||50|,,,,,Steel
|
|t:|1757029343
|teamsize|p1|4
|teamsize|p2|4
|start
|switch|p1a: Sneasler|Sneasler, L50, F|100/100
|switch|p1b: Volcarona|Volcarona, L50, M|100/100
|switch|p2a: Baxcalibur|Baxcalibur, L50, F|100/100
|switch|p2b: Annihilape|Annihilape, L50, F|100/100
|turn|1
|
|t:|1757029396
|switch|p1b: Kingambit|Kingambit, L50, M|100/100
|-terastallize|p2a: Baxcalibur|Ghost
|move|p1a: Sneasler|Dire Claw|p2b: Annihilape
|-resisted|p2b: Annihilape
|-damage|p2b: Annihilape|79/100
|-status|p2b: Annihilape|psn
|move|p2b: Annihilape|Coaching|p2a: Baxcalibur
|-boost|p2a: Baxcalibur|atk|1
|-boost|p2a: Baxcalibur|def|1
|move|p2a: Baxcalibur|Scale Shot|p1a: Sneasler|[miss]
|-miss|p2a: Baxcalibur|p1a: Sneasler
|
|-damage|p2b: Annihilape|67/100 psn|[from] psn
|upkeep
|turn|2
|
|t:|1757029437
|move|p1b: Kingambit|Protect|p1b: Kingambit
|-singleturn|p1b: Kingambit|Protect
|move|p1a: Sneasler|Coaching|p1b: Kingambit
|-boost|p1b: Kingambit|atk|1
|-boost|p1b: Kingambit|def|1
|move|p2b: Annihilape|Close Combat|p1b: Kingambit
|-activate|p1b: Kingambit|move: Protect
|move|p2a: Baxcalibur|Icicle Spear|p1a: Sneasler
|-damage|p1a: Sneasler|67/100
|-damage|p1a: Sneasler|33/100
|-damage|p1a: Sneasler|0 fnt
|faint|p1a: Sneasler
|-hitcount|p1: Sneasler|3
|
|-damage|p2b: Annihilape|55/100 psn|[from] psn
|upkeep
|
|t:|1757029458
|switch|p1a: Volcarona|Volcarona, L50, M|100/100
|turn|3
|
|t:|1757029474
|-terastallize|p1b: Kingambit|Dark
|move|p1b: Kingambit|Sucker Punch|p2a: Baxcalibur
|-supereffective|p2a: Baxcalibur
|-damage|p2a: Baxcalibur|0 fnt
|faint|p2a: Baxcalibur
|move|p2b: Annihilape|Close Combat|p1b: Kingambit
|-supereffective|p1b: Kingambit
|-damage|p1b: Kingambit|50/100
|-unboost|p2b: Annihilape|def|1
|-unboost|p2b: Annihilape|spd|1
|move|p1a: Volcarona|Quiver Dance|p1a: Volcarona
|-boost|p1a: Volcarona|spa|1
|-boost|p1a: Volcarona|spd|1
|-boost|p1a: Volcarona|spe|1
|
|-damage|p2b: Annihilape|42/100 psn|[from] psn
|upkeep
|inactive|Battle timer is ON: inactive players will automatically lose when time's up. (requested by snekr1994)
|
|t:|1757029479
|switch|p2a: Dondozo|Dondozo, L50, M|100/100
|turn|4
|
|t:|1757029501
|move|p1a: Volcarona|Heat Wave|p2a: Dondozo|[spread] p2a,p2b
|-resisted|p2a: Dondozo
|-crit|p2b: Annihilape
|-damage|p2a: Dondozo|88/100
|-damage|p2b: Annihilape|0 fnt
|faint|p2b: Annihilape
|move|p1b: Kingambit|Kowtow Cleave|p2a: Dondozo
|-damage|p2a: Dondozo|49/100
|move|p2a: Dondozo|Wave Crash|p1a: Volcarona
|-supereffective|p1a: Volcarona
|-damage|p1a: Volcarona|0 fnt
|faint|p1a: Volcarona
|-damage|p2a: Dondozo|26/100|[from] Recoil
|
|-heal|p2a: Dondozo|32/100|[from] item: Leftovers
|upkeep
|
|t:|1757029514
|switch|p2b: Rillaboom|Rillaboom, L50, M|100/100
|switch|p1a: Rillaboom|Rillaboom, L50, F|100/100
|-fieldstart|move: Grassy Terrain|[from] ability: Grassy Surge|[of] p1a: Rillaboom
|turn|5
|
|t:|1757029531
|move|p2b: Rillaboom|Fake Out|p1a: Rillaboom
|-damage|p1a: Rillaboom|89/100
|cant|p1a: Rillaboom|flinch
|move|p1b: Kingambit|Kowtow Cleave|p2a: Dondozo
|-damage|p2a: Dondozo|0 fnt
|faint|p2a: Dondozo
|
|-heal|p1a: Rillaboom|95/100|[from] Grassy Terrain
|-heal|p1b: Kingambit|56/100|[from] Grassy Terrain
|upkeep
|turn|6
|-message|Mamoswinefanboi forfeited.
|
|win|snekr1994
||snekr1994 is ready for game 2.
||Mamoswinefanboi is ready for game 2.
|uhtml|next|Next: Game 2 of 3
|l|☆Mamoswinefanboi
|player|p2|
