|j|☆ancient95
|j|☆i miss my miraidon
|html|ancient95i miss my miraidon    
|uhtml|bestof|Game 1 of a best-of-3
|t:|1784897808
|gametype|doubles
|player|p1|ancient95|benga|1376
|player|p2|i miss my miraidon|1|1430
|gen|9
|tier|[Gen 9 Champions] VGC 2026 Reg M-B (Bo3)
|rated|
|rule|Species Clause: Limit one of each Pokémon
|rule|Item Clause: Limit 1 of each item
|clearpoke
|poke|p1|Grimmsnarl, L50, M, shiny|
|poke|p1|Basculegion, L50, M|
|poke|p1|Archaludon, L50, F|
|poke|p1|Staraptor, L50, M, shiny|
|poke|p1|Politoed, L50, M, shiny|
|poke|p1|Overqwil, L50, M|
|poke|p2|Froslass, L50, F|
|poke|p2|Dragonite, L50, F|
|poke|p2|Sneasler, L50, M|
|poke|p2|Arcanine-Hisui, L50, F|
|poke|p2|Gholdengo, L50|
|poke|p2|Kingambit, L50, M|
|teampreview|4
|showteam|p1|Grimmsnarl||LightClay|Prankster|LightScreen,Reflect,PartingShot,SpiritBreak|Calm||M|||50|]Basculegion||ChoiceScarf|Adaptability|WaveCrash,FlipTurn,AquaJet,LastRespects|Jolly||M|||50|]Archaludon||Leftovers|Stamina|ElectroShot,FlashCannon,DragonPulse,Protect|Bold||F|||50|]Staraptor||Staraptite|Intimidate|CloseCombat,DualWingbeat,Protect,Roost|Jolly||M|||50|]Politoed||SitrusBerry|Drizzle|MuddyWater,Protect,HelpingHand,RainDance|Calm||M|||50|]Overqwil||FocusSash|SwiftSwim|Crunch,AcidSpray,Protect,PoisonJab|Adamant||M|||50|
|showteam|p2|Froslass||Froslassite|CursedBody|Blizzard,ShadowBall,AuroraVeil,Protect|Modest||F|||50|]Dragonite||DragonFang|Multiscale|ScaleShot,LowKick,Tailwind,Protect|Adamant||F|||50|]Sneasler||WhiteHerb|Unburden|CloseCombat,GunkShot,FakeOut,Protect|Adamant||M|||50|]Arcanine-Hisui||FocusSash|RockHead|HeadSmash,FlareBlitz,ExtremeSpeed,Protect|Adamant||F|||50|]Gholdengo||ChoiceScarf|GoodasGold|MakeItRain,ShadowBall,PowerGem,Trick|Modest|||||50|]Kingambit||LifeOrb|Defiant|KowtowCleave,SuckerPunch,SwordsDance,Protect|Adamant||M|||50|
|inactive|Battle timer is ON: inactive players will automatically lose when time's up. (requested by ancient95)
|c|☆ancient95|Oh bro i met you yesterday
|inactive|ancient95 has 60 seconds left.
|inactive|i miss my miraidon has 60 seconds left.
|
|t:|1784897868
|teamsize|p1|4
|teamsize|p2|4
|start
|switch|p1a: Grimmsnarl|Grimmsnarl, L50, M, shiny|100/100
|switch|p1b: Staraptor|Staraptor, L50, M, shiny|100/100
|switch|p2a: Ghost rule|Froslass, L50, F|100/100
|switch|p2b: Streetcat|Sneasler, L50, M|100/100
|-ability|p1b: Staraptor|Intimidate|boost
|-unboost|p2a: Ghost rule|atk|1
|-unboost|p2b: Streetcat|atk|1
|-enditem|p2b: Streetcat|White Herb
|-clearnegativeboost|p2b: Streetcat|[silent]
|turn|1
|inactive|i miss my miraidon has 30 seconds left.
|
|t:|1784897893
|detailschange|p1b: Staraptor|Staraptor-Mega, L50, M, shiny
|-mega|p1b: Staraptor|Staraptor|Staraptite
|detailschange|p2a: Ghost rule|Froslass-Mega, L50, F
|-mega|p2a: Ghost rule|Froslass|Froslassite
|-weather|Snowscape|[from] ability: Snow Warning|[of] p2a: Ghost rule
|move|p1b: Staraptor|Protect|p1b: Staraptor
|-singleturn|p1b: Staraptor|Protect
|move|p2b: Streetcat|Fake Out|p1a: Grimmsnarl
|-damage|p1a: Grimmsnarl|86/100
|cant|p1a: Grimmsnarl|flinch
|move|p2a: Ghost rule|Blizzard|p1a: Grimmsnarl|[spread] p1a
|-activate|p1b: Staraptor|move: Protect
|-damage|p1a: Grimmsnarl|48/100
|
|-weather|Snowscape|[upkeep]
|upkeep
|turn|2
|
|t:|1784897904
|switch|p2b: Flop era|Gholdengo, L50|100/100
|move|p1a: Grimmsnarl|Light Screen|p1a: Grimmsnarl
|-sidestart|p1: ancient95|move: Light Screen
|move|p1b: Staraptor|Close Combat|p2b: Flop era
|-immune|p2b: Flop era
|move|p2a: Ghost rule|Blizzard|p1a: Grimmsnarl|[spread] p1a,p1b
|-supereffective|p1b: Staraptor|1
|-damage|p1a: Grimmsnarl|22/100
|-damage|p1b: Staraptor|39/100
|
|-weather|Snowscape|[upkeep]
|upkeep
|turn|3
|
|t:|1784897921
|switch|p1b: Politoed|Politoed, L50, M, shiny|100/100
|-weather|RainDance|[from] ability: Drizzle|[of] p1b: Politoed
|switch|p2a: Villain|Kingambit, L50, M|100/100
|switch|p1a: Basculegion|Basculegion, L50, M|100/100
|move|p2b: Flop era|Make It Rain|p1b: Politoed|[spread] p1a,p1b
|-resisted|p1a: Basculegion|1
|-resisted|p1b: Politoed|1
|-damage|p1a: Basculegion|80/100
|-damage|p1b: Politoed|86/100
|-unboost|p2b: Flop era|spa|2
|
|-weather|RainDance|[upkeep]
|upkeep
|turn|4
|
|t:|1784897935
|switch|p2b: Ghost rule|Froslass-Mega, L50, F|100/100
|-weather|Snowscape|[from] ability: Snow Warning|[of] p2b: Ghost rule
|move|p1a: Basculegion|Aqua Jet|p2a: Villain
|-damage|p2a: Villain|80/100
|move|p2a: Villain|Sucker Punch||[still]
|-fail|p2a: Villain
|move|p1b: Politoed|Rain Dance|p1b: Politoed
|-weather|RainDance
|
|-weather|RainDance|[upkeep]
|upkeep
|turn|5
|
|t:|1784897955
|switch|p1a: Grimmsnarl|Grimmsnarl, L50, M, shiny|22/100
|switch|p2b: Streetcat|Sneasler, L50, M|100/100
|move|p1b: Politoed|Muddy Water|p2b: Streetcat|[spread] p2a
|-miss|p1b: Politoed|p2b: Streetcat
|-damage|p2a: Villain|51/100
|move|p2a: Villain|Kowtow Cleave|p1a: Grimmsnarl
|-resisted|p1a: Grimmsnarl|2
|-damage|p1a: Grimmsnarl|6/100
|-damage|p2a: Villain|41/100|[from] item: Life Orb
|
|-weather|RainDance|[upkeep]
|upkeep
|turn|6
|
|t:|1784897968
|switch|p1a: Basculegion|Basculegion, L50, M|80/100
|move|p2b: Streetcat|Fake Out|p1a: Basculegion
|-immune|p1a: Basculegion
|move|p1b: Politoed|Muddy Water|p2a: Villain|[spread] p2a
|-miss|p1b: Politoed|p2b: Streetcat
|-damage|p2a: Villain|8/100
|move|p2a: Villain|Kowtow Cleave|p1a: Basculegion
|-supereffective|p1a: Basculegion|1
|-damage|p1a: Basculegion|0 fnt
|faint|p1a: Basculegion
|-damage|p2a: Villain|0 fnt|[from] item: Life Orb
|faint|p2a: Villain
|
|-weather|RainDance|[upkeep]
|upkeep
|
|t:|1784897978
|switch|p1a: Grimmsnarl|Grimmsnarl, L50, M, shiny|6/100
|switch|p2a: Ghost rule|Froslass-Mega, L50, F|100/100
|-weather|Snowscape|[from] ability: Snow Warning|[of] p2a: Ghost rule
|turn|7
|
|t:|1784897986
|move|p1a: Grimmsnarl|Reflect|p1a: Grimmsnarl
|-sidestart|p1: ancient95|Reflect
|move|p2a: Ghost rule|Blizzard|p1b: Politoed|[spread] p1a,p1b
|-resisted|p1b: Politoed|1
|-damage|p1a: Grimmsnarl|0 fnt
|-damage|p1b: Politoed|75/100
|faint|p1a: Grimmsnarl
|move|p2b: Streetcat|Close Combat|p1b: Politoed
|-damage|p1b: Politoed|35/100
|-unboost|p2b: Streetcat|def|1
|-unboost|p2b: Streetcat|spd|1
|-enditem|p1b: Politoed|Sitrus Berry|[eat]
|-heal|p1b: Politoed|60/100|[from] item: Sitrus Berry
|move|p1b: Politoed|Rain Dance|p1b: Politoed
|-weather|RainDance
|
|-weather|RainDance|[upkeep]
|upkeep
|
|t:|1784897988
|switch|p1a: Staraptor|Staraptor-Mega, L50, M, shiny|39/100
|turn|8
|
|t:|1784898007
|switch|p2a: Flop era|Gholdengo, L50|100/100
|move|p1a: Staraptor|Roost|p1a: Staraptor
|-heal|p1a: Staraptor|89/100
|-singleturn|p1a: Staraptor|move: Roost
|move|p2b: Streetcat|Gunk Shot|p1a: Staraptor|[miss]
|-miss|p2b: Streetcat|p1a: Staraptor
|move|p1b: Politoed|Muddy Water|p2b: Streetcat|[spread] p2b
|-miss|p1b: Politoed|p2a: Flop era
|-damage|p2b: Streetcat|36/100
|
|-weather|RainDance|[upkeep]
|upkeep
|turn|9
|
|t:|1784898025
|move|p2a: Flop era|Shadow Ball|p1b: Politoed
|-damage|p1b: Politoed|33/100
|move|p1a: Staraptor|Dual Wingbeat|p2b: Streetcat
|-supereffective|p2b: Streetcat|1
|-damage|p2b: Streetcat|0 fnt
|faint|p2b: Streetcat
|-hitcount|p2: Streetcat|1
|move|p1b: Politoed|Rain Dance||[still]
|-fail|p1b: Politoed
|
|-weather|RainDance|[upkeep]
|-sideend|p1: ancient95|move: Light Screen
|upkeep
|
|t:|1784898030
|switch|p2b: Ghost rule|Froslass-Mega, L50, F|100/100
|-weather|Snowscape|[from] ability: Snow Warning|[of] p2b: Ghost rule
|turn|10
|
|t:|1784898037
|move|p2a: Flop era|Shadow Ball|p1b: Politoed
|-damage|p1b: Politoed|0 fnt
|faint|p1b: Politoed
|move|p1a: Staraptor|Dual Wingbeat|p2b: Ghost rule|[miss]
|-miss|p1a: Staraptor|p2b: Ghost rule
|move|p2b: Ghost rule|Blizzard|p1a: Staraptor
|-supereffective|p1a: Staraptor|1
|-damage|p1a: Staraptor|0 fnt
|faint|p1a: Staraptor
|
|win|i miss my miraidon
||ancient95 is ready for game 2.
|inactive|i miss my miraidon has 30 seconds to confirm battle start!
||i miss my miraidon is ready for game 2.
|uhtml|next|Next: Game 2 of 3
|l|☆ancient95
|player|p1|
