|j|☆Grillmesteren
|j|☆wodaiogien
|html|Grillmesterenwodaiogien    
|uhtml|bestof|Game 2 of a best-of-3
|t:|1782299904
|gametype|doubles
|player|p1|Grillmesteren|firebreather|1146
|player|p2|wodaiogien|169|1136
|gen|9
|tier|[Gen 9 Champions] VGC 2026 Reg M-B (Bo3)
|rated|
|rule|Species Clause: Limit one of each Pokémon
|rule|Item Clause: Limit 1 of each item
|clearpoke
|poke|p1|Froslass, L50, F|
|poke|p1|Sneasler, L50, F|
|poke|p1|Garchomp, L50, M|
|poke|p1|Gholdengo, L50|
|poke|p1|Whimsicott, L50, F|
|poke|p1|Eelektross, L50, M|
|poke|p2|Ninetales-Alola, L50, F|
|poke|p2|Raichu, L50, M|
|poke|p2|Basculegion, L50, M|
|poke|p2|Incineroar, L50, F|
|poke|p2|Kingambit, L50, F|
|poke|p2|Farigiraf, L50, F|
|teampreview|4
|showteam|p1|Froslass||Froslassite|SnowCloak|Blizzard,ShadowBall,AuroraVeil,Protect|Timid||F|||50|]Sneasler||WhiteHerb|Unburden|DireClaw,CloseCombat,FakeOut,Protect|Jolly||F|||50|]Garchomp||SitrusBerry|RoughSkin|Earthquake,DragonClaw,RockSlide,Protect|Jolly||M|||50|]Gholdengo||LifeOrb|GoodasGold|MakeItRain,ShadowBall,NastyPlot,Protect|Modest|||||50|]Whimsicott||FocusSash|Prankster|Moonblast,Tailwind,Encore,Protect|Timid||F|||50|]Eelektross||Eelektrossite|Levitate|Discharge,Thunderbolt,GrassKnot,Protect|Modest||M|||50|
|showteam|p2|Ninetales-Alola||FocusSash|SnowWarning|Blizzard,FreezeDry,Encore,Protect|Timid||F|||50|]Raichu||RaichuniteY|LightningRod|ZapCannon,FocusBlast,FakeOut,Protect|Timid||M|||50|]Basculegion||LifeOrb|Adaptability|WaveCrash,AquaJet,LastRespects,Protect|Adamant||M|||50|]Incineroar||ShucaBerry|Intimidate|FlareBlitz,PartingShot,FakeOut,DarkestLariat|Careful||F|||50|]Kingambit||ChopleBerry|Defiant|KowtowCleave,SuckerPunch,IronHead,LowKick|Adamant||F|||50|]Farigiraf||SitrusBerry|ArmorTail|TwinBeam,TrickRoom,HelpingHand,Protect|Relaxed||F|||50|
|
|t:|1782299936
|teamsize|p1|4
|teamsize|p2|4
|start
|switch|p1a: Froslass|Froslass, L50, F|100/100
|switch|p1b: Sneasler|Sneasler, L50, F|100/100
|switch|p2a: Farigiraf|Farigiraf, L50, F|100/100
|switch|p2b: Kingambit|Kingambit, L50, F|100/100
|turn|1
|
|t:|1782299957
|detailschange|p1a: Froslass|Froslass-Mega, L50, F
|-mega|p1a: Froslass|Froslass|Froslassite
|-weather|Snowscape|[from] ability: Snow Warning|[of] p1a: Froslass
|move|p1b: Sneasler|Protect|p1b: Sneasler
|-singleturn|p1b: Sneasler|Protect
|move|p1a: Froslass|Aurora Veil|p1a: Froslass
|-sidestart|p1: Grillmesteren|move: Aurora Veil
|move|p2a: Farigiraf|Twin Beam|p1b: Sneasler
|-activate|p1b: Sneasler|move: Protect
|move|p2b: Kingambit|Kowtow Cleave|p1a: Froslass
|-supereffective|p1a: Froslass|1
|-damage|p1a: Froslass|29/100
|
|-weather|Snowscape|[upkeep]
|upkeep
|turn|2
|
|t:|1782299977
|switch|p1a: Garchomp|Garchomp, L50, M|100/100
|move|p2b: Kingambit|Sucker Punch||[still]
|-fail|p2b: Kingambit
|move|p1b: Sneasler|Close Combat|p2b: Kingambit
|-supereffective|p2b: Kingambit|2
|-enditem|p2b: Kingambit|Chople Berry|[eat]
|-enditem|p2b: Kingambit|Chople Berry|[weaken]
|-damage|p2b: Kingambit|15/100
|-unboost|p1b: Sneasler|def|1
|-unboost|p1b: Sneasler|spd|1
|-enditem|p1b: Sneasler|White Herb
|-clearnegativeboost|p1b: Sneasler|[silent]
|move|p2a: Farigiraf|Twin Beam|p1b: Sneasler
|-supereffective|p1b: Sneasler|2
|-damage|p1b: Sneasler|47/100
|-supereffective|p1b: Sneasler|2
|-damage|p1b: Sneasler|0 fnt
|faint|p1b: Sneasler
|-hitcount|p1: Sneasler|2
|
|-weather|Snowscape|[upkeep]
|upkeep
|
|t:|1782299988
|switch|p1b: Froslass|Froslass-Mega, L50, F|29/100
|turn|3
|
|t:|1782300005
|switch|p2b: Incineroar|Incineroar, L50, F|100/100
|-ability|p2b: Incineroar|Intimidate|boost
|-unboost|p1a: Garchomp|atk|1
|-unboost|p1b: Froslass|atk|1
|move|p1b: Froslass|Protect|p1b: Froslass
|-singleturn|p1b: Froslass|Protect
|move|p1a: Garchomp|Earthquake|p2b: Incineroar|[spread] p2a,p2b
|-activate|p1b: Froslass|move: Protect
|-supereffective|p2b: Incineroar|1
|-enditem|p2b: Incineroar|Shuca Berry|[eat]
|-enditem|p2b: Incineroar|Shuca Berry|[weaken]
|-damage|p2a: Farigiraf|80/100
|-damage|p2b: Incineroar|77/100
|move|p2a: Farigiraf|Twin Beam|p1b: Froslass
|-activate|p1b: Froslass|move: Protect
|
|-weather|Snowscape|[upkeep]
|upkeep
|turn|4
|
|t:|1782300042
|move|p2b: Incineroar|Fake Out|p1a: Garchomp
|-damage|p1a: Garchomp|93/100
|-damage|p2b: Incineroar|64/100|[from] ability: Rough Skin|[of] p1a: Garchomp
|move|p1b: Froslass|Blizzard|p2a: Farigiraf|[spread] p2a,p2b
|-resisted|p2b: Incineroar|1
|-damage|p2a: Farigiraf|33/100
|-damage|p2b: Incineroar|47/100
|-enditem|p2a: Farigiraf|Sitrus Berry|[eat]
|-heal|p2a: Farigiraf|58/100|[from] item: Sitrus Berry
|cant|p1a: Garchomp|flinch
|move|p2a: Farigiraf|Trick Room|p2a: Farigiraf
|-fieldstart|move: Trick Room|[of] p2a: Farigiraf
|
|-weather|Snowscape|[upkeep]
|upkeep
|turn|5
|inactive|Battle timer is ON: inactive players will automatically lose when time's up. (requested by wodaiogien)
|
|t:|1782300069
|move|p1b: Froslass|Protect|p1b: Froslass
|-singleturn|p1b: Froslass|Protect
|move|p2a: Farigiraf|Twin Beam|p1a: Garchomp
|-damage|p1a: Garchomp|82/100
|-damage|p1a: Garchomp|71/100
|-hitcount|p1a: Garchomp|2
|move|p2b: Incineroar|Darkest Lariat|p1b: Froslass
|-activate|p1b: Froslass|move: Protect
|move|p1a: Garchomp|Earthquake|p2a: Farigiraf|[spread] p2a,p2b
|-activate|p1b: Froslass|move: Protect
|-supereffective|p2b: Incineroar|1
|-damage|p2a: Farigiraf|40/100
|-damage|p2b: Incineroar|2/100
|
|-weather|none
|-sideend|p1: Grillmesteren|move: Aurora Veil
|upkeep
|turn|6
|
|t:|1782300092
|move|p1b: Froslass|Protect||[still]
|-fail|p1b: Froslass
|move|p2a: Farigiraf|Twin Beam|p1a: Garchomp
|-damage|p1a: Garchomp|55/100
|-damage|p1a: Garchomp|39/100
|-enditem|p1a: Garchomp|Sitrus Berry|[eat]
|-heal|p1a: Garchomp|64/100|[from] item: Sitrus Berry
|-hitcount|p1a: Garchomp|2
|move|p2b: Incineroar|Darkest Lariat|p1b: Froslass
|-supereffective|p1b: Froslass|1
|-damage|p1b: Froslass|0 fnt
|faint|p1b: Froslass
|move|p1a: Garchomp|Earthquake|p2b: Incineroar|[spread] p2a,p2b
|-crit|p2a: Farigiraf
|-supereffective|p2b: Incineroar|1
|-damage|p2a: Farigiraf|2/100
|-damage|p2b: Incineroar|0 fnt
|faint|p2b: Incineroar
|
|upkeep
|
|t:|1782300110
|switch|p2b: Basculegion|Basculegion, L50, M|100/100
|switch|p1b: Gholdengo|Gholdengo, L50|100/100
|turn|7
|inactive|Grillmesteren has 30 seconds left.
|
|t:|1782300144
|move|p2a: Farigiraf|Twin Beam|p1a: Garchomp
|-damage|p1a: Garchomp|45/100
|-damage|p1a: Garchomp|29/100
|-hitcount|p1a: Garchomp|2
|move|p2b: Basculegion|Last Respects|p1b: Gholdengo
|-supereffective|p1b: Gholdengo|1
|-damage|p1b: Gholdengo|0 fnt
|faint|p1b: Gholdengo
|-damage|p2b: Basculegion|90/100|[from] item: Life Orb
|move|p1a: Garchomp|Rock Slide|p2b: Basculegion|[spread] p2a,p2b
|-damage|p2a: Farigiraf|0 fnt
|-damage|p2b: Basculegion|73/100
|faint|p2a: Farigiraf
|
|upkeep
|
|t:|1782300151
|switch|p2a: Kingambit|Kingambit, L50, F|15/100
|turn|8
|
|t:|1782300164
|move|p1a: Garchomp|Protect|p1a: Garchomp
|-singleturn|p1a: Garchomp|Protect
|move|p2a: Kingambit|Kowtow Cleave|p1a: Garchomp
|-activate|p1a: Garchomp|move: Protect
|move|p2b: Basculegion|Last Respects|p1a: Garchomp
|-activate|p1a: Garchomp|move: Protect
|
|-fieldend|move: Trick Room
|upkeep
|turn|9
|
|t:|1782300170
|move|p2b: Basculegion|Aqua Jet|p1a: Garchomp
|-damage|p1a: Garchomp|0 fnt
|-damage|p2b: Basculegion|61/100|[from] ability: Rough Skin|[of] p1a: Garchomp
|faint|p1a: Garchomp
|-damage|p2b: Basculegion|52/100|[from] item: Life Orb
|
|win|wodaiogien
||Grillmesteren is ready for game 3.
|inactive|wodaiogien has 30 seconds to confirm battle start!
