|j|☆plsbringregi
|j|☆Chelicerate1
|html|plsbringregiChelicerate1    
|uhtml|bestof|Game 1 of a best-of-3
|t:|1785073751
|gametype|doubles
|player|p1|plsbringregi|2|1402
|player|p2|Chelicerate1|ethan|1287
|gen|9
|tier|[Gen 9 Champions] VGC 2026 Reg M-B (Bo3)
|rated|
|rule|Species Clause: Limit one of each Pokémon
|rule|Item Clause: Limit 1 of each item
|clearpoke
|poke|p1|Kleavor, L50, F|
|poke|p1|Gholdengo, L50|
|poke|p1|Dragonite, L50, F|
|poke|p1|Floette-Eternal, L50, F|
|poke|p1|Talonflame, L50, M|
|poke|p1|Sinistcha, L50|
|poke|p2|Grimmsnarl, L50, M|
|poke|p2|Basculegion, L50, M|
|poke|p2|Charizard, L50, F|
|poke|p2|Pelipper, L50, M|
|poke|p2|Venusaur, L50, M|
|poke|p2|Archaludon, L50, M|
|teampreview|4
|showteam|p1|Kleavor||FocusSash|Sharpness|StoneAxe,XScissor,CloseCombat,Protect|Jolly||F|||50|]Gholdengo||ChoiceScarf|GoodasGold|ShadowBall,MakeItRain,Thunderbolt,Trick|Timid|||||50|]Dragonite||LifeOrb|InnerFocus|DragonClaw,ExtremeSpeed,LowKick,Protect|Adamant||F|||50|]Floette-Eternal||Floettite|FlowerVeil|Moonblast,DazzlingGleam,LightofRuin,Protect|Timid||F|||50|]Talonflame||Leftovers|GaleWings|BraveBird,FlareBlitz,Tailwind,Protect|Jolly||M|||50|]Sinistcha||KasibBerry|Hospitality|MatchaGotcha,RagePowder,ShadowBall,Protect|Bold|||||50|
|showteam|p2|Grimmsnarl||LightClay|Prankster|SpiritBreak,PartingShot,Reflect,LightScreen|Sassy||M|||50|]Basculegion||ChoiceScarf|Adaptability|LastRespects,WaveCrash,AquaJet,FlipTurn|Jolly||M|||50|]Charizard||CharizarditeY|Blaze|Protect,HeatWave,WeatherBall,SolarBeam|Modest||F|||50|]Pelipper||SitrusBerry|Drizzle|Hurricane,WeatherBall,Tailwind,WideGuard|Modest||M|||50|]Venusaur||FocusSash|Chlorophyll|SludgeBomb,SleepPowder,EarthPower,Protect|Modest||M|||50|]Archaludon||Leftovers|Stamina|ElectroShot,DragonPulse,FlashCannon,Protect|Calm||M|||50|
|inactive|Battle timer is ON: inactive players will automatically lose when time's up. (requested by Chelicerate1)
|
|t:|1785073773
|teamsize|p1|4
|teamsize|p2|4
|start
|switch|p1a: SilvaSurfa|Gholdengo, L50|100/100
|switch|p1b: GetsTheBandsUp|Kleavor, L50, F|100/100
|switch|p2a: Charizard|Charizard, L50, F|100/100
|switch|p2b: Grimmsnarl|Grimmsnarl, L50, M|100/100
|turn|1
|
|t:|1785073787
|detailschange|p2a: Charizard|Charizard-Mega-Y, L50, F
|-mega|p2a: Charizard|Charizard|Charizardite Y
|-weather|SunnyDay|[from] ability: Drought|[of] p2a: Charizard
|move|p2b: Grimmsnarl|Light Screen|p2b: Grimmsnarl
|-sidestart|p2: Chelicerate1|move: Light Screen
|move|p1a: SilvaSurfa|Trick|p2b: Grimmsnarl
|-activate|p1a: SilvaSurfa|move: Trick|[of] p2b: Grimmsnarl
|-item|p2b: Grimmsnarl|Choice Scarf|[from] move: Trick
|-item|p1a: SilvaSurfa|Light Clay|[from] move: Trick
|move|p1b: GetsTheBandsUp|Stone Axe|p2a: Charizard
|-supereffective|p2a: Charizard|2
|-damage|p2a: Charizard|0 fnt
|-sidestart|p2: Chelicerate1|move: Stealth Rock
|faint|p2a: Charizard
|
|-weather|SunnyDay|[upkeep]
|upkeep
|
|t:|1785073796
|switch|p2a: Archaludon|Archaludon, L50, M|100/100
|-damage|p2a: Archaludon|93/100|[from] Stealth Rock
|turn|2
|
|t:|1785073805
|move|p2b: Grimmsnarl|Parting Shot|p1b: GetsTheBandsUp
|-unboost|p1b: GetsTheBandsUp|atk|1
|-unboost|p1b: GetsTheBandsUp|spa|1
|
|t:|1785073807
|switch|p2b: Pelipper|Pelipper, L50, M|100/100|[from] Parting Shot
|-damage|p2b: Pelipper|75/100|[from] Stealth Rock
|-weather|RainDance|[from] ability: Drizzle|[of] p2b: Pelipper
|move|p1b: GetsTheBandsUp|Stone Axe|p2b: Pelipper
|-supereffective|p2b: Pelipper|1
|-damage|p2b: Pelipper|0 fnt
|faint|p2b: Pelipper
|move|p1a: SilvaSurfa|Shadow Ball|p2a: Archaludon
|-damage|p2a: Archaludon|70/100
|-ability|p2a: Archaludon|Stamina|boost
|-boost|p2a: Archaludon|def|1
|move|p2a: Archaludon|Electro Shot||[still]
|-prepare|p2a: Archaludon|Electro Shot
|-boost|p2a: Archaludon|spa|1
|-anim|p2a: Archaludon|Electro Shot|p1a: SilvaSurfa
|-damage|p1a: SilvaSurfa|32/100
|
|-weather|RainDance|[upkeep]
|-heal|p2a: Archaludon|76/100|[from] item: Leftovers
|upkeep
|
|t:|1785073809
|switch|p2b: Grimmsnarl|Grimmsnarl, L50, M|100/100
|-damage|p2b: Grimmsnarl|87/100|[from] Stealth Rock
|turn|3
|
|t:|1785073819
|move|p2b: Grimmsnarl|Parting Shot|p1b: GetsTheBandsUp
|-unboost|p1b: GetsTheBandsUp|atk|1
|-unboost|p1b: GetsTheBandsUp|spa|1
|move|p1b: GetsTheBandsUp|X-Scissor|p2b: Grimmsnarl
|-damage|p2b: Grimmsnarl|51/100
|move|p1a: SilvaSurfa|Make It Rain|p2b: Grimmsnarl|[spread] p2a,p2b
|-resisted|p2a: Archaludon|1
|-supereffective|p2b: Grimmsnarl|1
|-damage|p2a: Archaludon|61/100
|-damage|p2b: Grimmsnarl|0 fnt
|-unboost|p1a: SilvaSurfa|spa|2
|-ability|p2a: Archaludon|Stamina|boost
|-boost|p2a: Archaludon|def|1
|faint|p2b: Grimmsnarl
|move|p2a: Archaludon|Electro Shot||[still]
|-prepare|p2a: Archaludon|Electro Shot
|-boost|p2a: Archaludon|spa|1
|-anim|p2a: Archaludon|Electro Shot|p1a: SilvaSurfa
|-damage|p1a: SilvaSurfa|0 fnt
|faint|p1a: SilvaSurfa
|
|-weather|RainDance|[upkeep]
|-heal|p2a: Archaludon|67/100|[from] item: Leftovers
|upkeep
|
|t:|1785073830
|switch|p1a: WeCanMakeItBetter|Sinistcha, L50|100/100
|turn|4
|
|t:|1785073833
|switch|p1b: LonelyHeartsClub|Floette-Eternal, L50, F|100/100
|move|p1a: WeCanMakeItBetter|Rage Powder|p1a: WeCanMakeItBetter
|-singleturn|p1a: WeCanMakeItBetter|move: Rage Powder
|move|p2a: Archaludon|Electro Shot||[still]
|-prepare|p2a: Archaludon|Electro Shot
|-boost|p2a: Archaludon|spa|1
|-anim|p2a: Archaludon|Electro Shot|p1a: WeCanMakeItBetter
|-resisted|p1a: WeCanMakeItBetter|1
|-damage|p1a: WeCanMakeItBetter|58/100
|
|-weather|RainDance|[upkeep]
|-heal|p2a: Archaludon|73/100|[from] item: Leftovers
|upkeep
|turn|5
|
|t:|1785073837
|detailschange|p1b: LonelyHeartsClub|Floette-Mega, L50, F
|-mega|p1b: LonelyHeartsClub|Floette|Floettite
|-ability|p1b: LonelyHeartsClub|Fairy Aura
|move|p1a: WeCanMakeItBetter|Rage Powder|p1a: WeCanMakeItBetter
|-singleturn|p1a: WeCanMakeItBetter|move: Rage Powder
|move|p1b: LonelyHeartsClub|Moonblast|p2a: Archaludon
|-damage|p2a: Archaludon|30/100
|-ability|p2a: Archaludon|Stamina|boost
|-boost|p2a: Archaludon|def|1
|move|p2a: Archaludon|Electro Shot||[still]
|-prepare|p2a: Archaludon|Electro Shot
|-boost|p2a: Archaludon|spa|1
|-anim|p2a: Archaludon|Electro Shot|p1a: WeCanMakeItBetter
|-resisted|p1a: WeCanMakeItBetter|1
|-damage|p1a: WeCanMakeItBetter|10/100
|
|-weather|RainDance|[upkeep]
|-heal|p2a: Archaludon|37/100|[from] item: Leftovers
|upkeep
|turn|6
|
|t:|1785073844
|move|p2a: Archaludon|Protect|p2a: Archaludon
|-singleturn|p2a: Archaludon|Protect
|move|p1a: WeCanMakeItBetter|Rage Powder|p1a: WeCanMakeItBetter
|-singleturn|p1a: WeCanMakeItBetter|move: Rage Powder
|move|p1b: LonelyHeartsClub|Moonblast|p2a: Archaludon
|-activate|p2a: Archaludon|move: Protect
|
|-weather|none
|-heal|p2a: Archaludon|43/100|[from] item: Leftovers
|upkeep
|turn|7
|
|t:|1785073849
|move|p1a: WeCanMakeItBetter|Rage Powder|p1a: WeCanMakeItBetter
|-singleturn|p1a: WeCanMakeItBetter|move: Rage Powder
|move|p1b: LonelyHeartsClub|Moonblast|p2a: Archaludon
|-damage|p2a: Archaludon|0 fnt
|faint|p2a: Archaludon
|
|win|plsbringregi
||plsbringregi is ready for game 2.
