|j|☆SuperDialga1275
|j|☆scappopolo
|html|SuperDialga1275scappopolo    
|uhtml|bestof|Game 1 of a best-of-3
|t:|1783530313
|gametype|doubles
|player|p1|SuperDialga1275|giovanni|
|player|p2|scappopolo|caitlin|
|gen|9
|tier|[Gen 9 Champions] VGC 2026 Reg M-B (Bo3)
|rule|Species Clause: Limit one of each Pokémon
|rule|Item Clause: Limit 1 of each item
|clearpoke
|poke|p1|Charizard, L50, M, shiny|
|poke|p1|Whimsicott, L50, M, shiny|
|poke|p1|Garchomp, L50, M, shiny|
|poke|p1|Basculegion, L50, M, shiny|
|poke|p1|Sylveon, L50, F, shiny|
|poke|p1|Hydreigon, L50, F|
|poke|p2|Swampert, L50, M|
|poke|p2|Pelipper, L50, M|
|poke|p2|Sinistcha, L50|
|poke|p2|Archaludon, L50, M|
|poke|p2|Grimmsnarl, L50, M|
|poke|p2|Gholdengo, L50|
|teampreview|4
|showteam|p1|Charizard||CharizarditeY|Blaze|WeatherBall,HeatWave,SolarBeam,Protect|Modest||M|||50|]Whimsicott||FocusSash|Prankster|Moonblast,Tailwind,Protect,Encore|Timid||M|||50|]Garchomp||LifeOrb|RoughSkin|DragonClaw,Earthquake,RockSlide,Protect|Jolly||M|||50|]Basculegion||MysticWater|Adaptability|AquaJet,WaveCrash,LastRespects,Protect|Jolly||M|||50|]Sylveon||FairyFeather|Pixilate|HyperVoice,HyperBeam,QuickAttack,Protect|Modest||F|||50|]Hydreigon||ChoiceScarf|Levitate|DracoMeteor,DarkPulse,Snarl,EarthPower|Modest||F|||50|
|showteam|p2|Swampert||Swampertite|Torrent|WaveCrash,Earthquake,IcePunch,Protect|Adamant||M|||50|]Pelipper||FocusSash|Drizzle|Hurricane,WeatherBall,Tailwind,Protect|Modest||M|||50|]Sinistcha||SitrusBerry|Hospitality|MatchaGotcha,RagePowder,TrickRoom,Protect|Bold|||||50|]Archaludon||Leftovers|Stamina|ElectroShot,FlashCannon,DragonPulse,Protect|Modest||M|||50|]Grimmsnarl||LightClay|Prankster|FoulPlay,Reflect,LightScreen,PartingShot|Careful||M|||50|]Gholdengo||LifeOrb|GoodasGold|MakeItRain,ShadowBall,NastyPlot,Protect|Timid|||||50|
|inactive|Battle timer is ON: inactive players will automatically lose when time's up. (requested by SuperDialga1275)
|c|☆SuperDialga1275|glhf!
|inactive|SuperDialga1275 has 60 seconds left.
|inactive|scappopolo has 60 seconds left.
|c|☆scappopolo|u2
|
|t:|1783530372
|teamsize|p1|4
|teamsize|p2|4
|start
|switch|p1a: Charizard|Charizard, L50, M, shiny|100/100
|switch|p1b: Whimsicott|Whimsicott, L50, M, shiny|100/100
|switch|p2a: Grimmsnarl|Grimmsnarl, L50, M|100/100
|switch|p2b: Swampert|Swampert, L50, M|100/100
|turn|1
|
|t:|1783530392
|move|p1a: Charizard|Protect|p1a: Charizard
|-singleturn|p1a: Charizard|Protect
|move|p2b: Swampert|Protect|p2b: Swampert
|-singleturn|p2b: Swampert|Protect
|move|p2a: Grimmsnarl|Light Screen|p2a: Grimmsnarl
|-sidestart|p2: scappopolo|move: Light Screen
|move|p1b: Whimsicott|Moonblast|p2a: Grimmsnarl
|-supereffective|p2a: Grimmsnarl|1
|-damage|p2a: Grimmsnarl|58/100
|
|upkeep
|turn|2
|
|t:|1783530411
|switch|p2b: Archaludon|Archaludon, L50, M|100/100
|detailschange|p1a: Charizard|Charizard-Mega-Y, L50, M, shiny
|-mega|p1a: Charizard|Charizard|Charizardite Y
|-weather|SunnyDay|[from] ability: Drought|[of] p1a: Charizard
|move|p1b: Whimsicott|Encore||[still]
|-fail|p1b: Whimsicott
|move|p2a: Grimmsnarl|Parting Shot|p1a: Charizard
|-unboost|p1a: Charizard|atk|1
|-unboost|p1a: Charizard|spa|1
|
|t:|1783530421
|switch|p2a: Pelipper|Pelipper, L50, M|100/100|[from] Parting Shot
|-weather|RainDance|[from] ability: Drizzle|[of] p2a: Pelipper
|move|p1a: Charizard|Weather Ball|p2a: Pelipper
|-resisted|p2a: Pelipper|1
|-damage|p2a: Pelipper|77/100
|
|-weather|RainDance|[upkeep]
|upkeep
|turn|3
|inactive|scappopolo has 30 seconds left.
|
|t:|1783530447
|switch|p1a: Garchomp|Garchomp, L50, M, shiny|100/100
|move|p1b: Whimsicott|Tailwind|p1b: Whimsicott
|-sidestart|p1: SuperDialga1275|move: Tailwind
|move|p2a: Pelipper|Tailwind|p2a: Pelipper
|-sidestart|p2: scappopolo|move: Tailwind
|move|p2b: Archaludon|Electro Shot||[still]
|-prepare|p2b: Archaludon|Electro Shot
|-boost|p2b: Archaludon|spa|1
|-anim|p2b: Archaludon|Electro Shot|p1a: Garchomp
|-immune|p1a: Garchomp
|
|-weather|RainDance|[upkeep]
|upkeep
|turn|4
|inactive|scappopolo has 30 seconds left.
|inactive|scappopolo has 20 seconds left.
|
|t:|1783530487
|switch|p2a: Grimmsnarl|Grimmsnarl, L50, M|58/100
|move|p1b: Whimsicott|Encore|p2a: Grimmsnarl
|-hint|Since gen 7, Dark is immune to Prankster moves.
|-immune|p2a: Grimmsnarl
|move|p1a: Garchomp|Earthquake|p2b: Archaludon|[spread] p1b,p2a,p2b
|-resisted|p1b: Whimsicott|1
|-supereffective|p2b: Archaludon|1
|-damage|p1b: Whimsicott|65/100
|-damage|p2a: Grimmsnarl|7/100
|-damage|p2b: Archaludon|27/100
|-ability|p2b: Archaludon|Stamina|boost
|-boost|p2b: Archaludon|def|1
|-damage|p1a: Garchomp|90/100|[from] item: Life Orb
|move|p2b: Archaludon|Dragon Pulse|p1a: Garchomp
|-supereffective|p1a: Garchomp|1
|-damage|p1a: Garchomp|0 fnt
|faint|p1a: Garchomp
|
|-weather|RainDance|[upkeep]
|-heal|p2b: Archaludon|33/100|[from] item: Leftovers
|upkeep
|
|t:|1783530497
|switch|p1a: Basculegion|Basculegion, L50, M, shiny|100/100
|turn|5
|
|t:|1783530519
|move|p2a: Grimmsnarl|Reflect|p2a: Grimmsnarl
|-sidestart|p2: scappopolo|Reflect
|move|p1b: Whimsicott|Moonblast|p2b: Archaludon
|-damage|p2b: Archaludon|9/100
|-ability|p2b: Archaludon|Stamina|boost
|-boost|p2b: Archaludon|def|1
|move|p1a: Basculegion|Last Respects|p2b: Archaludon
|-damage|p2b: Archaludon|0 fnt
|faint|p2b: Archaludon
|
|-weather|RainDance|[upkeep]
|upkeep
|
|t:|1783530529
|switch|p2b: Swampert|Swampert, L50, M|100/100
|turn|6
|inactive|scappopolo has 30 seconds left.
|
|t:|1783530554
|detailschange|p2b: Swampert|Swampert-Mega, L50, M
|-mega|p2b: Swampert|Swampert|Swampertite
|move|p1b: Whimsicott|Protect|p1b: Whimsicott
|-singleturn|p1b: Whimsicott|Protect
|move|p1a: Basculegion|Protect|p1a: Basculegion
|-singleturn|p1a: Basculegion|Protect
|move|p2a: Grimmsnarl|Parting Shot|p1a: Basculegion
|-activate|p1a: Basculegion|move: Protect
|move|p2b: Swampert|Wave Crash|p1b: Whimsicott
|-activate|p1b: Whimsicott|move: Protect
|
|-weather|none
|-sideend|p1: SuperDialga1275|move: Tailwind
|-sideend|p2: scappopolo|move: Tailwind
|upkeep
|turn|7
|inactive|SuperDialga1275 has 30 seconds left.
|inactive|scappopolo has 30 seconds left.
|inactive|scappopolo has 20 seconds left.
|
|t:|1783530590
|move|p1b: Whimsicott|Tailwind|p1b: Whimsicott
|-sidestart|p1: SuperDialga1275|move: Tailwind
|move|p1a: Basculegion|Last Respects|p2a: Grimmsnarl
|-resisted|p2a: Grimmsnarl|1
|-damage|p2a: Grimmsnarl|0 fnt
|faint|p2a: Grimmsnarl
|move|p2b: Swampert|Wave Crash|p1a: Basculegion
|-resisted|p1a: Basculegion|1
|-damage|p1a: Basculegion|52/100
|-damage|p2b: Swampert|83/100|[from] Recoil
|
|upkeep
|
|t:|1783530600
|switch|p2a: Pelipper|Pelipper, L50, M|77/100
|-weather|RainDance|[from] ability: Drizzle|[of] p2a: Pelipper
|turn|8
|
|t:|1783530621
|move|p1b: Whimsicott|Protect|p1b: Whimsicott
|-singleturn|p1b: Whimsicott|Protect
|move|p1a: Basculegion|Last Respects|p2a: Pelipper
|-damage|p2a: Pelipper|24/100
|move|p2b: Swampert|Wave Crash|p1a: Basculegion
|-resisted|p1a: Basculegion|1
|-damage|p1a: Basculegion|0 fnt
|faint|p1a: Basculegion
|-damage|p2b: Swampert|65/100|[from] Recoil
|move|p2a: Pelipper|Weather Ball|p1b: Whimsicott
|-activate|p1b: Whimsicott|move: Protect
|
|-weather|RainDance|[upkeep]
|-sideend|p2: scappopolo|move: Light Screen
|upkeep
|
|t:|1783530629
|switch|p1a: Charizard|Charizard-Mega-Y, L50, M, shiny|100/100
|-weather|SunnyDay|[from] ability: Drought|[of] p1a: Charizard
|turn|9
|
|t:|1783530646
|move|p2b: Swampert|Protect|p2b: Swampert
|-singleturn|p2b: Swampert|Protect
|move|p1b: Whimsicott|Moonblast|p2a: Pelipper
|-damage|p2a: Pelipper|0 fnt
|faint|p2a: Pelipper
|move|p1a: Charizard|Solar Beam||[still]
|-prepare|p1a: Charizard|Solar Beam
|-anim|p1a: Charizard|Solar Beam|p2b: Swampert
|-activate|p2b: Swampert|move: Protect
|
|-weather|SunnyDay|[upkeep]
|upkeep
|turn|10
|-message|scappopolo forfeited.
|
|win|SuperDialga1275
||SuperDialga1275 is ready for game 2.
