|j|☆Clementine1997
|j|☆enrique132132
|html|Clementine1997enrique132132    
|uhtml|bestof|Game 3 of a best-of-3
|t:|1756177312
|gametype|doubles
|player|p1|Clementine1997|clair|1108
|player|p2|enrique132132|170|1142
|gen|9
|tier|[Gen 9] VGC 2025 Reg H (Bo3)
|rated|
|rule|Species Clause: Limit one of each Pokémon
|rule|Item Clause: Limit 1 of each item
|clearpoke
|poke|p1|Whimsicott, L50, F|
|poke|p1|Ursaluna-Bloodmoon, L50, M|
|poke|p1|Incineroar, L50, M|
|poke|p1|Rillaboom, L50, F|
|poke|p1|Kingambit, L50, F|
|poke|p1|Primarina, L50, M|
|poke|p2|Indeedee, L50, M|
|poke|p2|Sneasler, L50, F|
|poke|p2|Talonflame, L50, M|
|poke|p2|Ursaluna-Bloodmoon, L50, M|
|poke|p2|Electabuzz, L50, M|
|poke|p2|Incineroar, L50, F|
|teampreview|4
|showteam|p1|Whimsicott||FocusSash|Prankster|Moonblast,Encore,Tailwind,Taunt|||F|||50|,,,,,Fire]Ursaluna-Bloodmoon||LifeOrb|MindsEye|BloodMoon,EarthPower,Moonblast,Protect|||M|||50|,,,,,Ghost]Incineroar||SitrusBerry|Intimidate|KnockOff,PartingShot,FlareBlitz,FakeOut|||M|||50|,,,,,Grass]Rillaboom||AssaultVest|GrassySurge|GrassyGlide,HighHorsepower,FakeOut,Uturn|||F|||50|,,,,,Fire]Kingambit||SafetyGoggles|Defiant|SuckerPunch,IronHead,SwordsDance,Protect|||F|||50|,,,,,Flying]Primarina||ThroatSpray|LiquidVoice|HyperVoice,Moonblast,Haze,Protect|||M|||50|,,,,,Fire
|showteam|p2|Indeedee||FocusSash|PsychicSurge|ExpandingForce,HelpingHand,TrickRoom,Protect|||M|||50|,,,,,Psychic]Sneasler||PsychicSeed|Unburden|CloseCombat,DireClaw,ThroatChop,Protect|||F|||50|,,,,,Dark]Talonflame||CovertCloak|GaleWings|FlareBlitz,DualWingbeat,WillOWisp,Tailwind|||M|||50|,,,,,Fairy]Ursaluna-Bloodmoon||LifeOrb|MindsEye|BloodMoon,HyperVoice,EarthPower,Protect|||M|||50|,,,,,Normal]Electabuzz||Eviolite|VitalSpirit|Electroweb,FollowMe,Taunt,Protect|||M|||50|,,,,,Dragon]Incineroar||SafetyGoggles|Intimidate|FlareBlitz,KnockOff,PartingShot,FakeOut|||F|||50|,,,,,Ghost
|inactive|Battle timer is ON: inactive players will automatically lose when time's up. (requested by Clementine1997)
|inactive|enrique132132 has 60 seconds left.
|
|t:|1756177358
|teamsize|p1|4
|teamsize|p2|4
|start
|switch|p1a: Whimsicott|Whimsicott, L50, F, shiny|100/100
|switch|p1b: Primarina|Primarina, L50, M, shiny|100/100
|switch|p2a: Electabuzz|Electabuzz, L50, M|100/100
|switch|p2b: Ursaluna|Ursaluna-Bloodmoon, L50, M|100/100
|turn|1
|inactive|Clementine1997 has 30 seconds left.
|
|t:|1756177384
|switch|p1a: Rillaboom|Rillaboom, L50, F, shiny|100/100
|-fieldstart|move: Grassy Terrain|[from] ability: Grassy Surge|[of] p1a: Rillaboom
|-terastallize|p2b: Ursaluna|Normal
|move|p1b: Primarina|Protect|p1b: Primarina
|-singleturn|p1b: Primarina|Protect
|move|p2a: Electabuzz|Electroweb|p1a: Rillaboom|[spread] p1a
|-activate|p1b: Primarina|move: Protect
|-resisted|p1a: Rillaboom
|-damage|p1a: Rillaboom|96/100
|-unboost|p1a: Rillaboom|spe|1
|move|p2b: Ursaluna|Blood Moon|p1a: Rillaboom
|-damage|p1a: Rillaboom|0 fnt
|faint|p1a: Rillaboom
|-damage|p2b: Ursaluna|91/100|[from] item: Life Orb
|
|-heal|p2b: Ursaluna|97/100|[from] Grassy Terrain
|upkeep
|
|t:|1756177393
|switch|p1a: Incineroar|Incineroar, L50, M, shiny|100/100
|-ability|p1a: Incineroar|Intimidate|boost
|-unboost|p2a: Electabuzz|atk|1
|-unboost|p2b: Ursaluna|atk|1
|turn|2
|
|t:|1756177413
|switch|p2a: Indeedee|Indeedee, L50, M|100/100
|-fieldstart|move: Psychic Terrain|[from] ability: Psychic Surge|[of] p2a: Indeedee
|move|p1a: Incineroar|Fake Out|p2a: Indeedee
|-activate|p2a: Indeedee|move: Psychic Terrain
|move|p2b: Ursaluna|Earth Power|p1a: Incineroar
|-supereffective|p1a: Incineroar
|-damage|p1a: Incineroar|0 fnt
|faint|p1a: Incineroar
|-damage|p2b: Ursaluna|87/100|[from] item: Life Orb
|move|p1b: Primarina|Hyper Voice|p2b: Ursaluna|[spread] p2a,p2b
|-damage|p2a: Indeedee|51/100
|-damage|p2b: Ursaluna|46/100
|-enditem|p1b: Primarina|Throat Spray
|-boost|p1b: Primarina|spa|1|[from] item: Throat Spray
|
|upkeep
|
|t:|1756177418
|switch|p1a: Whimsicott|Whimsicott, L50, F, shiny|100/100
|turn|3
|inactive|enrique132132 has 30 seconds left.
|
|t:|1756177450
|move|p1a: Whimsicott|Tailwind|p1a: Whimsicott
|-sidestart|p1: Clementine1997|move: Tailwind
|move|p1b: Primarina|Hyper Voice|p2b: Ursaluna|[spread] p2a,p2b
|-damage|p2a: Indeedee|0 fnt
|-damage|p2b: Ursaluna|0 fnt
|faint|p2a: Indeedee
|faint|p2b: Ursaluna
|
|upkeep
|
|t:|1756177455
|switch|p2a: Electabuzz|Electabuzz, L50, M|100/100
|switch|p2b: Sneasler|Sneasler, L50, F|100/100
|-enditem|p2b: Sneasler|Psychic Seed
|-boost|p2b: Sneasler|spd|1|[from] item: Psychic Seed
|turn|4
|inactive|Clementine1997 has 30 seconds left.
|
|t:|1756177490
|-terastallize|p1b: Primarina|Fire
|move|p2b: Sneasler|Dire Claw|p1b: Primarina
|-damage|p1b: Primarina|54/100
|move|p1a: Whimsicott|Moonblast|p2a: Electabuzz
|-damage|p2a: Electabuzz|79/100
|move|p1b: Primarina|Moonblast|p2a: Electabuzz
|-damage|p2a: Electabuzz|26/100
|-unboost|p2a: Electabuzz|spa|1
|move|p2a: Electabuzz|Electroweb|p1b: Primarina|[spread] p1a,p1b
|-resisted|p1a: Whimsicott
|-crit|p1a: Whimsicott
|-damage|p1a: Whimsicott|87/100
|-damage|p1b: Primarina|45/100
|-unboost|p1a: Whimsicott|spe|1
|-unboost|p1b: Primarina|spe|1
|
|upkeep
|turn|5
|
|t:|1756177514
|move|p2a: Electabuzz|Protect|p2a: Electabuzz
|-singleturn|p2a: Electabuzz|Protect
|move|p2b: Sneasler|Dire Claw|p1a: Whimsicott
|-supereffective|p1a: Whimsicott
|-damage|p1a: Whimsicott|0 fnt
|faint|p1a: Whimsicott
|move|p1b: Primarina|Hyper Voice|p2b: Sneasler|[spread] p2b
|-activate|p2a: Electabuzz|move: Protect
|-damage|p2b: Sneasler|53/100
|
|upkeep
|turn|6
|
|t:|1756177525
|move|p2b: Sneasler|Dire Claw|p1b: Primarina
|-damage|p1b: Primarina|0 fnt
|faint|p1b: Primarina
|
|win|enrique132132
|raw|Clementine1997's rating: 1108 → 1085(-23 for losing)
|raw|enrique132132's rating: 1142 → 1165(+23 for winning)
|c|☆enrique132132|Yee33s
|l|☆Clementine1997
|player|p1|
|l|☆enrique132132
|player|p2|
|j|☆enrique132132
|player|p2|enrique132132|170|
