|j|Ōśåsapena_17
|j|ŌśåstarŌśŁdweller
|html|sapena_17starŌśŁdweller    
|uhtml|bestof|Game 3 of a best-of-3
|t:|1783339724
|gametype|doubles
|player|p1|sapena_17|266|1184
|player|p2|starŌśŁdweller|az|1134
|gen|9
|tier|[Gen 9 Champions] VGC 2026 Reg M-B (Bo3)
|rated|
|rule|Species Clause: Limit one of each Pok├®mon
|rule|Item Clause: Limit 1 of each item
|clearpoke
|poke|p1|Venusaur, L50, F|
|poke|p1|Mamoswine, L50, M|
|poke|p1|Charizard, L50, M|
|poke|p1|Sylveon, L50, M|
|poke|p1|Incineroar, L50, F|
|poke|p1|Garchomp, L50, F|
|poke|p2|Gardevoir, L50, F|
|poke|p2|Scrafty, L50, F|
|poke|p2|Whimsicott, L50, F|
|poke|p2|Maushold, L50|
|poke|p2|Garchomp, L50, M|
|poke|p2|Torkoal, L50, F|
|teampreview|4
|showteam|p1|Venusaur||LifeOrb|Chlorophyll|SludgeBomb,EarthPower,SolarBeam,Protect|Modest||F|||50|]Mamoswine||FocusSash|Oblivious|Protect,HighHorsepower,IceShard,RockTomb|Jolly||M|||50|]Charizard||CharizarditeY|Blaze|Protect,HelpingHand,HeatWave,WeatherBall|Modest||M|||50|]Sylveon||FairyFeather|Pixilate|HyperVoice,Detect,Yawn,QuickAttack|Modest||M|||50|]Incineroar||SitrusBerry|Intimidate|DarkestLariat,FlareBlitz,FakeOut,PartingShot|Careful||F|||50|]Garchomp||ChoiceScarf|RoughSkin|IronHead,RockSlide,Earthquake,DragonClaw|Adamant||F|||50|
|showteam|p2|Gardevoir||Gardevoirite|Trace|Protect,HyperVoice,TrickRoom,Psyshock|Modest||F|||50|]Scrafty||ChopleBerry|Intimidate|KnockOff,DrainPunch,Encore,FakeOut|Brave||F|||50|]Whimsicott||FocusSash|Prankster|Protect,Tailwind,Encore,Moonblast|Timid||F|||50|]Maushold||WideLens|Technician|Protect,PopulationBomb,AfterYou,FollowMe|Jolly|||||50|]Garchomp||SitrusBerry|RoughSkin|Protect,DragonClaw,RockSlide,StompingTantrum|Adamant||M|||50|]Torkoal||LifeOrb|Drought|Protect,Eruption,EarthPower,HeatWave|Quiet||F|||50|
|
|t:|1783339778
|teamsize|p1|4
|teamsize|p2|4
|start
|switch|p1a: Incineroar|Incineroar, L50, F|100/100
|switch|p1b: Charizard|Charizard, L50, M|100/100
|switch|p2a: Gardevoir|Gardevoir, L50, F|100/100
|switch|p2b: Maushold|Maushold, L50|100/100
|-ability|p2a: Gardevoir|Blaze|Trace|[from] ability: Trace|[of] p1b: Charizard
|-ability|p1a: Incineroar|Intimidate|boost
|-unboost|p2a: Gardevoir|atk|1
|-unboost|p2b: Maushold|atk|1
|turn|1
|
|t:|1783339811
|switch|p2a: Garchomp|Garchomp, L50, M|100/100
|switch|p1a: Venusaur|Venusaur, L50, F|100/100
|detailschange|p1b: Charizard|Charizard-Mega-Y, L50, M
|-mega|p1b: Charizard|Charizard|Charizardite Y
|-weather|SunnyDay|[from] ability: Drought|[of] p1b: Charizard
|move|p2b: Maushold|Protect|p2b: Maushold
|-singleturn|p2b: Maushold|Protect
|move|p1b: Charizard|Heat Wave|p2b: Maushold|[spread] p2a
|-activate|p2b: Maushold|move: Protect
|-resisted|p2a: Garchomp|1
|-damage|p2a: Garchomp|69/100
|
|-weather|SunnyDay|[upkeep]
|upkeep
|turn|2
|
|t:|1783339843
|switch|p1a: Incineroar|Incineroar, L50, F|100/100
|-ability|p1a: Incineroar|Intimidate|boost
|-unboost|p2a: Garchomp|atk|1
|-unboost|p2b: Maushold|atk|1
|move|p1b: Charizard|Protect|p1b: Charizard
|-singleturn|p1b: Charizard|Protect
|move|p2b: Maushold|Population Bomb|p1a: Incineroar
|-damage|p1a: Incineroar|95/100
|-damage|p1a: Incineroar|90/100
|-damage|p1a: Incineroar|85/100
|-damage|p1a: Incineroar|80/100
|-damage|p1a: Incineroar|76/100
|-crit|p1a: Incineroar
|-damage|p1a: Incineroar|60/100
|-damage|p1a: Incineroar|55/100
|-damage|p1a: Incineroar|50/100g
|-hitcount|p1a: Incineroar|8
|move|p2a: Garchomp|Rock Slide|p1a: Incineroar|[spread] p1a
|-activate|p1b: Charizard|move: Protect
|-supereffective|p1a: Incineroar|1
|-damage|p1a: Incineroar|28/100
|-enditem|p1a: Incineroar|Sitrus Berry|[eat]
|-heal|p1a: Incineroar|52/100|[from] item: Sitrus Berry
|
|-weather|SunnyDay|[upkeep]
|upkeep
|turn|3
|
|t:|1783339904
|switch|p1b: Garchomp|Garchomp, L50, F|100/100
|move|p2b: Maushold|Population Bomb|p1b: Garchomp
|-damage|p1b: Garchomp|93/100
|-damage|p2b: Maushold|88/100|[from] ability: Rough Skin|[of] p1b: Garchomp
|-hitcount|p1b: Garchomp|1
|move|p2a: Garchomp|Rock Slide|p1b: Garchomp|[spread] p1a,p1b
|-supereffective|p1a: Incineroar|1
|-resisted|p1b: Garchomp|1
|-damage|p1a: Incineroar|30/100
|-damage|p1b: Garchomp|87/100
|cant|p1a: Incineroar|flinch
|
|-weather|SunnyDay|[upkeep]
|upkeep
|turn|4
|c|ŌśåstarŌśŁdweller|thats crazy
|c|ŌśåstarŌśŁdweller|wtf
|
|t:|1783339941
|switch|p1a: Venusaur|Venusaur, L50, F|100/100
|move|p1b: Garchomp|Dragon Claw|p2b: Maushold
|-damage|p2b: Maushold|10/100
|move|p2b: Maushold|Population Bomb|p1a: Venusaur
|-damage|p1a: Venusaur|92/100
|-damage|p1a: Venusaur|84/100
|-damage|p1a: Venusaur|76/100
|-damage|p1a: Venusaur|68/100
|-damage|p1a: Venusaur|59/100
|-damage|p1a: Venusaur|51/100
|-damage|p1a: Venusaur|43/100
|-damage|p1a: Venusaur|35/100
|-damage|p1a: Venusaur|26/100
|-damage|p1a: Venusaur|18/100
|-hitcount|p1a: Venusaur|10
|move|p2a: Garchomp|Dragon Claw|p1b: Garchomp
|-supereffective|p1b: Garchomp|1
|-damage|p1b: Garchomp|35/100
|-damage|p2a: Garchomp|57/100|[from] ability: Rough Skin|[of] p1b: Garchomp
|
|-weather|SunnyDay|[upkeep]
|upkeep
|turn|5
|
|t:|1783339969
|switch|p1a: Incineroar|Incineroar, L50, F|30/100
|-ability|p1a: Incineroar|Intimidate|boost
|-unboost|p2a: Garchomp|atk|1
|-unboost|p2b: Maushold|atk|1
|move|p2a: Garchomp|Protect|p2a: Garchomp
|-singleturn|p2a: Garchomp|Protect
|move|p1b: Garchomp|Dragon Claw|p2a: Garchomp
|-activate|p2a: Garchomp|move: Protect
|move|p2b: Maushold|Population Bomb|p1a: Incineroar
|-damage|p1a: Incineroar|25/100
|-damage|p1a: Incineroar|21/100
|-damage|p1a: Incineroar|16/100
|-damage|p1a: Incineroar|12/100
|-damage|p1a: Incineroar|7/100
|-damage|p1a: Incineroar|3/100
|-damage|p1a: Incineroar|0 fnt
|faint|p1a: Incineroar
|-hitcount|p1: Incineroar|7
|
|-weather|none
|upkeep
|
|t:|1783339990
|switch|p1a: Charizard|Charizard-Mega-Y, L50, M|100/100
|-weather|SunnyDay|[from] ability: Drought|[of] p1a: Charizard
|turn|6
|inactive|Battle timer is ON: inactive players will automatically lose when time's up. (requested by sapena_17)
|inactive|starŌśŁdweller has 60 seconds left.
|
|t:|1783340058
|switch|p2b: Whimsicott|Whimsicott, L50, F|100/100
|move|p1a: Charizard|Protect|p1a: Charizard
|-singleturn|p1a: Charizard|Protect
|move|p1b: Garchomp|Dragon Claw|p2a: Garchomp
|-supereffective|p2a: Garchomp|1
|-damage|p2a: Garchomp|0 fnt
|-damage|p1b: Garchomp|22/100|[from] ability: Rough Skin|[of] p2a: Garchomp
|faint|p2a: Garchomp
|
|-weather|SunnyDay|[upkeep]
|upkeep
|
|t:|1783340067
|switch|p2a: Gardevoir|Gardevoir, L50, F|100/100
|-ability|p2a: Gardevoir|Rough Skin|Trace|[from] ability: Trace|[of] p1b: Garchomp
|turn|7
|
|t:|1783340080
|switch|p1b: Venusaur|Venusaur, L50, F|18/100
|detailschange|p2a: Gardevoir|Gardevoir-Mega, L50, F
|-mega|p2a: Gardevoir|Gardevoir|Gardevoirite
|move|p2b: Whimsicott|Encore|p1a: Charizard
|-start|p1a: Charizard|Encore
|move|p1a: Charizard|Protect|p1a: Charizard
|-singleturn|p1a: Charizard|Protect
|move|p2a: Gardevoir|Hyper Voice|p1b: Venusaur|[spread] p1b
|-activate|p1a: Charizard|move: Protect
|-resisted|p1b: Venusaur|1
|-damage|p1b: Venusaur|0 fnt
|faint|p1b: Venusaur
|
|-weather|SunnyDay|[upkeep]
|upkeep
|c|ŌśåstarŌśŁdweller|ggwp
|
|t:|1783340093
|switch|p1b: Garchomp|Garchomp, L50, F|22/100
|turn|8
|-message|sapena_17 forfeited.
|
|win|starŌśŁdweller
|raw|sapena_17's rating: 1184 → 1155(-29 for losing)
|raw|starŌśŁdweller's rating: 1134 → 1163(+29 for winning)
|l|Ōśåsapena_17
|player|p1|
