|j|☆dericos
|j|☆cm3112
|html|dericoscm3112    
|uhtml|bestof|Game 2 of a best-of-3
|t:|1757754459
|gametype|doubles
|player|p1|dericos|101|1292
|player|p2|cm3112|265|1373
|gen|9
|tier|[Gen 9] VGC 2025 Reg H (Bo3)
|rated|
|rule|Species Clause: Limit one of each Pokémon
|rule|Item Clause: Limit 1 of each item
|clearpoke
|poke|p1|Sneasler, L50, F|
|poke|p1|Indeedee, L50, M|
|poke|p1|Ursaluna-Bloodmoon, L50, M|
|poke|p1|Electabuzz, L50, M|
|poke|p1|Incineroar, L50, F|
|poke|p1|Talonflame, L50, F|
|poke|p2|Archaludon, L50, M|
|poke|p2|Maushold-Four, L50|
|poke|p2|Pelipper, L50, F|
|poke|p2|Basculegion, L50, M|
|poke|p2|Amoonguss, L50, M|
|poke|p2|Hydreigon, L50, F|
|teampreview|4
|showteam|p1|Sneasler||PsychicSeed|Unburden|CloseCombat,DireClaw,ThroatChop,Protect|||F|||50|,,,,,Dark]Indeedee||FocusSash|PsychicSurge|ExpandingForce,TrickRoom,HelpingHand,Protect|||M|||50|,,,,,Psychic]Ursaluna-Bloodmoon||LifeOrb|MindsEye|BloodMoon,HyperVoice,EarthPower,Protect|||M|||50|,,,,,Normal]Electabuzz||Eviolite|VitalSpirit|Electroweb,FollowMe,Taunt,Protect|||M|||50|,,,,,Dragon]Incineroar||SafetyGoggles|Intimidate|FlareBlitz,KnockOff,PartingShot,FakeOut|||F|||50|,,,,,Ghost]Talonflame||CovertCloak|GaleWings|FlareBlitz,DualWingbeat,WillOWisp,Tailwind|||F|||50|,,,,,Fairy
|showteam|p2|Archaludon||AssaultVest|Stamina|FlashCannon,ElectroShot,DracoMeteor,BodyPress|||M|||50|,,,,,Fairy]Maushold-Four||WideLens|Technician|PopulationBomb,BeatUp,FollowMe,Protect||||||50|,,,,,Ghost]Pelipper||FocusSash|Drizzle|MuddyWater,Hurricane,WideGuard,Protect|||F|||50|,,,,,Grass]Basculegion||ChoiceBand|SwiftSwim|WaveCrash,FlipTurn,AquaJet,LastRespects|||M|||50|,,,,,Grass]Amoonguss||CovertCloak|Regenerator|Spore,RagePowder,PollenPuff,ClearSmog|||M|||50|,,,,,Dark]Hydreigon||SafetyGoggles|Levitate|Snarl,DracoMeteor,FocusEnergy,Tailwind|||F|||50|,,,,,Steel
|
|t:|1757754473
|teamsize|p1|4
|teamsize|p2|4
|start
|switch|p1a: Electabuzz|Electabuzz, L50, M|100/100
|switch|p1b: Ursaluna|Ursaluna-Bloodmoon, L50, M|100/100
|switch|p2a: Basculegion|Basculegion, L50, M|100/100
|switch|p2b: Pelipper|Pelipper, L50, F|100/100
|-weather|RainDance|[from] ability: Drizzle|[of] p2b: Pelipper
|turn|1
|
|t:|1757754487
|-terastallize|p1b: Ursaluna|Normal
|move|p1a: Electabuzz|Follow Me|p1a: Electabuzz
|-singleturn|p1a: Electabuzz|move: Follow Me
|move|p2a: Basculegion|Flip Turn|p1a: Electabuzz
|-damage|p1a: Electabuzz|29/100
|inactive|Battle timer is ON: inactive players will automatically lose when time's up. (requested by cm3112)
|
|t:|1757754495
|switch|p2a: Hydreigon|Hydreigon, L50, F|100/100|[from] Flip Turn
|move|p2b: Pelipper|Muddy Water|p1b: Ursaluna|[spread] p1a
|-miss|p2b: Pelipper|p1b: Ursaluna
|-damage|p1a: Electabuzz|0 fnt
|faint|p1a: Electabuzz
|move|p1b: Ursaluna|Hyper Voice|p2a: Hydreigon|[spread] p2a,p2b
|-damage|p2a: Hydreigon|25/100
|-enditem|p2b: Pelipper|Focus Sash
|-damage|p2b: Pelipper|1/100
|-damage|p1b: Ursaluna|91/100|[from] item: Life Orb
|
|-weather|RainDance|[upkeep]
|upkeep
|
|t:|1757754508
|switch|p1a: Sneasler|Sneasler, L50, F|100/100
|turn|2
|
|t:|1757754519
|move|p1a: Sneasler|Dire Claw|p2a: Hydreigon
|-damage|p2a: Hydreigon|0 fnt
|faint|p2a: Hydreigon
|move|p2b: Pelipper|Muddy Water|p1a: Sneasler|[spread] p1a,p1b
|-damage|p1a: Sneasler|36/100
|-damage|p1b: Ursaluna|33/100
|move|p1b: Ursaluna|Hyper Voice|p2b: Pelipper
|-damage|p2b: Pelipper|0 fnt
|faint|p2b: Pelipper
|-damage|p1b: Ursaluna|24/100|[from] item: Life Orb
|
|-weather|RainDance|[upkeep]
|upkeep
|
|t:|1757754528
|switch|p2a: Basculegion|Basculegion, L50, M|100/100
|switch|p2b: Maushold|Maushold-Four, L50|100/100
|turn|3
|
|t:|1757754535
|-terastallize|p2b: Maushold|Ghost
|move|p1a: Sneasler|Protect|p1a: Sneasler
|-singleturn|p1a: Sneasler|Protect
|move|p1b: Ursaluna|Protect|p1b: Ursaluna
|-singleturn|p1b: Ursaluna|Protect
|move|p2a: Basculegion|Flip Turn|p1a: Sneasler
|-activate|p1a: Sneasler|move: Protect
|move|p2b: Maushold|Population Bomb|p1b: Ursaluna
|-activate|p1b: Ursaluna|move: Protect
|
|-weather|RainDance|[upkeep]
|upkeep
|turn|4
|
|t:|1757754548
|switch|p1b: Indeedee|Indeedee, L50, M|100/100
|-fieldstart|move: Psychic Terrain|[from] ability: Psychic Surge|[of] p1b: Indeedee
|-enditem|p1a: Sneasler|Psychic Seed
|-boost|p1a: Sneasler|spd|1|[from] item: Psychic Seed
|move|p1a: Sneasler|Throat Chop|p2a: Basculegion
|-supereffective|p2a: Basculegion
|-damage|p2a: Basculegion|19/100
|-start|p2a: Basculegion|Throat Chop|[silent]
|move|p2a: Basculegion|Flip Turn|p1a: Sneasler
|-damage|p1a: Sneasler|0 fnt
|faint|p1a: Sneasler
|move|p2b: Maushold|Population Bomb|p1b: Indeedee
|-damage|p1b: Indeedee|75/100
|-damage|p1b: Indeedee|50/100
|-crit|p1b: Indeedee
|-damage|p1b: Indeedee|15/100
|-damage|p1b: Indeedee|0 fnt
|faint|p1b: Indeedee
|-hitcount|p1: Indeedee|4
|
|-weather|RainDance|[upkeep]
|upkeep
|
|t:|1757754556
|switch|p1b: Ursaluna|Ursaluna-Bloodmoon, L50, M, tera:Normal|24/100
|turn|5
|
|t:|1757754560
|move|p2a: Basculegion|Flip Turn|p1b: Ursaluna
|-damage|p1b: Ursaluna|0 fnt
|faint|p1b: Ursaluna
|
|win|cm3112
||cm3112 is ready for game 3.
||dericos is ready for game 3.
|uhtml|next|Next: Game 3 of 3
|l|☆cm3112
|player|p2|
|l|☆dericos
|player|p1|
