|j|鈽哊0PE2050
|j|鈽咷ettingWickedBlow
|html|N0PE2050GettingWickedBlow    
|uhtml|bestof|Game 1 of a best-of-3
|t:|1784770689
|gametype|doubles
|player|p1|N0PE2050|doctor|1148
|player|p2|GettingWickedBlow|n|1114
|gen|9
|tier|[Gen 9 Champions] VGC 2026 Reg M-B (Bo3)
|rated|
|rule|Species Clause: Limit one of each Pok茅mon
|rule|Item Clause: Limit 1 of each item
|clearpoke
|poke|p1|Zoroark-Hisui, L50, F|
|poke|p1|Tyranitar, L50, F|
|poke|p1|Whimsicott, L50, F|
|poke|p1|Charizard, L50, M|
|poke|p1|Greninja, L50, M|
|poke|p1|Archaludon, L50, F|
|poke|p2|Venusaur, L50, M|
|poke|p2|Charizard, L50, M|
|poke|p2|Garchomp, L50, M|
|poke|p2|Annihilape, L50, F|
|poke|p2|Incineroar, L50, M|
|poke|p2|Toxapex, L50, M|
|teampreview|4
|showteam|p1|Zoroark-Hisui||FocusSash|Illusion|Snowscape,RainDance,BitterMalice,IcyWind|Timid||F|||50|]Tyranitar||ChopleBerry|SandStream|RockSlide,Superpower,KnockOff,Protect|Impish||F|||50|]Whimsicott||KebiaBerry|Prankster|Tailwind,SunnyDay,Moonblast,Encore|Timid||F|||50|]Charizard||CharizarditeY|SolarPower|HeatWave,WeatherBall,SolarBeam,Protect|Timid||M|||50|]Greninja||Greninjite|Protean|WeatherBall,SludgeWave,DarkPulse,Protect|Modest||M|||50|]Archaludon||Leftovers|Stamina|ElectroShot,DracoMeteor,FlashCannon,Protect|Calm||F|||50|
|showteam|p2|Venusaur||LifeOrb|Chlorophyll|SolarBeam,SludgeBomb,EarthPower,Protect|Modest||M|||50|]Charizard||CharizarditeY|Blaze|HeatWave,WeatherBall,HelpingHand,Protect|Modest||M|||50|]Garchomp||ChoiceScarf|RoughSkin|DragonClaw,Earthquake,RockSlide,StompingTantrum|Adamant||M|||50|]Annihilape||FocusSash|Defiant|PhantomForce,CloseCombat,RockTomb,Protect|Jolly||F|||50|]Incineroar||SitrusBerry|Intimidate|FakeOut,ThroatChop,FlareBlitz,PartingShot|Impish||M|||50|]Toxapex||Leftovers|Regenerator|Infestation,Toxic,BanefulBunker,WideGuard|Impish||M|||50|
|inactive|Battle timer is ON: inactive players will automatically lose when time's up. (requested by GettingWickedBlow)
|l|鈽咷ettingWickedBlow
|inactive|GettingWickedBlow disconnected and has a minute to reconnect!
|player|p2|
|j|鈽咷ettingWickedBlow
|inactive|GettingWickedBlow reconnected and has 80 seconds left.
|player|p2|GettingWickedBlow|n|
|inactive|GettingWickedBlow has 60 seconds left.
|
|t:|1784770739
|teamsize|p1|4
|teamsize|p2|4
|start
|switch|p1a: Mr. X|Charizard, L50, M|100/100
|switch|p1b: Whimsicott|Whimsicott, L50, F|100/100
|switch|p2a: Incineroar|Incineroar, L50, M|100/100
|switch|p2b: Toxapex|Toxapex, L50, M|100/100
|-ability|p2a: Incineroar|Intimidate|boost
|-unboost|p1a: Mr. X|atk|1
|-unboost|p1b: Whimsicott|atk|1
|turn|1
|inactive|N0PE2050 has 30 seconds left.
|
|t:|1784770765
|detailschange|p1a: Mr. X|Charizard-Mega-Y, L50, M
|-mega|p1a: Mr. X|Charizard|Charizardite Y
|-weather|SunnyDay|[from] ability: Drought|[of] p1a: Mr. X
|move|p2a: Incineroar|Fake Out|p1a: Mr. X
|-damage|p1a: Mr. X|84/100
|move|p1b: Whimsicott|Rain Dance|p1b: Whimsicott
|-weather|RainDance
|cant|p1a: Mr. X|flinch
|move|p2b: Toxapex|Infestation|p1b: Whimsicott
|-resisted|p1b: Whimsicott|1
|-damage|p1b: Whimsicott|96/100
|-activate|p1b: Whimsicott|move: Infestation|[of] p2b: Toxapex
|replace|p1b: Zoroark|Zoroark-Hisui, L50, F
|-end|p1b: Zoroark|Illusion
|
|-weather|RainDance|[upkeep]
|-damage|p1b: Zoroark|84/100|[from] move: Infestation|[partiallytrapped]
|upkeep
|turn|2
|inactive|N0PE2050 has 30 seconds left.
|inactive|GettingWickedBlow has 30 seconds left.
|
|t:|1784770795
|switch|p1a: THE BRIDGE|Archaludon, L50, F|100/100
|switch|p2a: Venusaur|Venusaur, L50, M|100/100
|move|p1b: Zoroark|Icy Wind|p2a: Venusaur|[spread] p2a,p2b
|-supereffective|p2a: Venusaur|1
|-resisted|p2b: Toxapex|1
|-damage|p2a: Venusaur|66/100
|-damage|p2b: Toxapex|94/100
|-unboost|p2a: Venusaur|spe|1
|-unboost|p2b: Toxapex|spe|1
|move|p2b: Toxapex|Toxic|p1a: THE BRIDGE
|-immune|p1a: THE BRIDGE
|
|-weather|RainDance|[upkeep]
|-heal|p2b: Toxapex|100/100|[from] item: Leftovers
|-damage|p1b: Zoroark|72/100|[from] move: Infestation|[partiallytrapped]
|upkeep
|turn|3
|inactive|N0PE2050 has 30 seconds left.
|
|t:|1784770829
|switch|p2b: Incineroar|Incineroar, L50, M|100/100
|-ability|p2b: Incineroar|Intimidate|boost
|-unboost|p1a: THE BRIDGE|atk|1
|-unboost|p1b: Zoroark|atk|1
|move|p1b: Zoroark|Icy Wind|p2b: Incineroar|[spread] p2a,p2b
|-supereffective|p2a: Venusaur|1
|-resisted|p2b: Incineroar|1
|-damage|p2a: Venusaur|37/100
|-damage|p2b: Incineroar|93/100
|-unboost|p2a: Venusaur|spe|1
|-unboost|p2b: Incineroar|spe|1
|move|p1a: THE BRIDGE|Draco Meteor|p2b: Incineroar
|-damage|p2b: Incineroar|32/100
|-unboost|p1a: THE BRIDGE|spa|2
|-enditem|p2b: Incineroar|Sitrus Berry|[eat]
|-heal|p2b: Incineroar|56/100|[from] item: Sitrus Berry
|move|p2a: Venusaur|Earth Power|p1a: THE BRIDGE
|-supereffective|p1a: THE BRIDGE|1
|-damage|p1a: THE BRIDGE|26/100
|-ability|p1a: THE BRIDGE|Stamina|boost
|-boost|p1a: THE BRIDGE|def|1
|-damage|p2a: Venusaur|27/100|[from] item: Life Orb
|
|-weather|RainDance|[upkeep]
|-heal|p1a: THE BRIDGE|32/100|[from] item: Leftovers
|-end|p1b: Zoroark|Infestation|[partiallytrapped]|[silent]
|upkeep
|turn|4
|inactive|N0PE2050 has 30 seconds left.
|inactive|N0PE2050 has 20 seconds left.
|
|t:|1784770865
|switch|p1a: Whimsicott|Whimsicott, L50, F|100/100
|switch|p2a: Toxapex|Toxapex, L50, M|100/100
|move|p1b: Zoroark|Icy Wind|p2b: Incineroar|[spread] p2a,p2b
|-resisted|p2a: Toxapex|1
|-resisted|p2b: Incineroar|1
|-damage|p2a: Toxapex|94/100
|-damage|p2b: Incineroar|51/100
|-unboost|p2a: Toxapex|spe|1
|-unboost|p2b: Incineroar|spe|1
|move|p2b: Incineroar|Throat Chop|p1b: Zoroark
|-supereffective|p1b: Zoroark|1
|-damage|p1b: Zoroark|0 fnt
|faint|p1b: Zoroark
|
|-weather|RainDance|[upkeep]
|-heal|p2a: Toxapex|100/100|[from] item: Leftovers
|upkeep
|
|t:|1784770888
|switch|p1b: THE BRIDGE|Archaludon, L50, F|32/100
|turn|5
|
|t:|1784770902
|move|p2a: Toxapex|Baneful Bunker|p2a: Toxapex
|-singleturn|p2a: Toxapex|move: Protect
|move|p1a: Whimsicott|Tailwind|p1a: Whimsicott
|-sidestart|p1: N0PE2050|move: Tailwind
|move|p1b: THE BRIDGE|Electro Shot||[still]
|-prepare|p1b: THE BRIDGE|Electro Shot
|-boost|p1b: THE BRIDGE|spa|1
|-anim|p1b: THE BRIDGE|Electro Shot|p2b: Incineroar
|-damage|p2b: Incineroar|0 fnt
|faint|p2b: Incineroar
|
|-weather|none
|-heal|p1b: THE BRIDGE|38/100|[from] item: Leftovers
|upkeep
|
|t:|1784770912
|switch|p2b: Charizard|Charizard, L50, M|100/100
|turn|6
|inactive|N0PE2050 has 30 seconds left.
|
|t:|1784770943
|switch|p1a: Mr. X|Charizard-Mega-Y, L50, M|84/100
|-weather|SunnyDay|[from] ability: Drought|[of] p1a: Mr. X
|detailschange|p2b: Charizard|Charizard-Mega-Y, L50, M
|-mega|p2b: Charizard|Charizard|Charizardite Y
|move|p1b: THE BRIDGE|Draco Meteor|p2a: Toxapex
|-damage|p2a: Toxapex|21/100
|-unboost|p1b: THE BRIDGE|spa|2
|move|p2b: Charizard|Heat Wave|p1a: Mr. X|[spread] p1a,p1b
|-resisted|p1a: Mr. X|1
|-damage|p1a: Mr. X|51/100
|-damage|p1b: THE BRIDGE|0 fnt
|faint|p1b: THE BRIDGE
|move|p2a: Toxapex|Infestation|p1a: Mr. X
|-resisted|p1a: Mr. X|2
|-damage|p1a: Mr. X|50/100g
|-activate|p1a: Mr. X|move: Infestation|[of] p2a: Toxapex
|
|-weather|SunnyDay|[upkeep]
|-heal|p2a: Toxapex|27/100|[from] item: Leftovers
|-damage|p1a: Mr. X|38/100|[from] move: Infestation|[partiallytrapped]
|upkeep
|
|t:|1784770961
|switch|p1b: Whimsicott|Whimsicott, L50, F|100/100
|turn|7
|
|t:|1784770975
|move|p2a: Toxapex|Baneful Bunker|p2a: Toxapex
|-singleturn|p2a: Toxapex|move: Protect
|move|p1b: Whimsicott|Moonblast|p2a: Toxapex
|-activate|p2a: Toxapex|move: Protect
|move|p1a: Mr. X|Heat Wave|p2a: Toxapex|[spread] p2b
|-activate|p2a: Toxapex|move: Protect
|-resisted|p2b: Charizard|1
|-damage|p2b: Charizard|71/100
|move|p2b: Charizard|Weather Ball|p1a: Mr. X
|-resisted|p1a: Mr. X|1
|-damage|p1a: Mr. X|0 fnt
|faint|p1a: Mr. X
|
|-weather|SunnyDay|[upkeep]
|-heal|p2a: Toxapex|33/100|[from] item: Leftovers
|upkeep
|turn|8
|
|t:|1784770998
|move|p1b: Whimsicott|Moonblast|p2a: Toxapex
|-resisted|p2a: Toxapex|1
|-damage|p2a: Toxapex|22/100
|-unboost|p2a: Toxapex|spa|1
|move|p2b: Charizard|Weather Ball|p1b: Whimsicott
|-supereffective|p1b: Whimsicott|1
|-damage|p1b: Whimsicott|0 fnt
|faint|p1b: Whimsicott
|
|win|GettingWickedBlow
||N0PE2050 is ready for game 2.
