|j|☆komportor
|j|☆lockerft
|html|komportorlockerft    
|uhtml|bestof|Game 1 of a best-of-3
|t:|1783788160
|gametype|doubles
|player|p1|komportor|101|
|player|p2|lockerft|1|
|gen|9
|tier|[Gen 9 Champions] VGC 2026 Reg M-B (Bo3)
|rule|Species Clause: Limit one of each Pokémon
|rule|Item Clause: Limit 1 of each item
|clearpoke
|poke|p1|Tsareena, L50, F|
|poke|p1|Rotom-Wash, L50|
|poke|p1|Barbaracle, L50, F|
|poke|p1|Glaceon, L50, M|
|poke|p1|Froslass, L50, F|
|poke|p1|Mimikyu, L50, M|
|poke|p2|Rotom-Wash, L50, shiny|
|poke|p2|Swampert, L50, M|
|poke|p2|Basculegion, L50, M|
|poke|p2|Eelektross, L50, M|
|poke|p2|Archaludon, L50, M|
|poke|p2|Pelipper, L50, F|
|teampreview|4
|showteam|p1|Tsareena||FocusSash|QueenlyMajesty|KnockOff,Protect,TropKick,LowKick|Adamant||F|||50|]Rotom-Wash||Leftovers|Levitate|WillOWisp,HydroPump,Thunderbolt,Protect|Timid|||||50|]Barbaracle||Barbaracite|ToughClaws|CloseCombat,RockSlide,NightSlash,Protect|Adamant||F|||50|]Glaceon||NeverMeltIce|IceBody|Blizzard,FreezeDry,Protect,AlluringVoice|Calm||M|||50|]Froslass||Froslassite|CursedBody|AuroraVeil,Blizzard,ShadowBall,Protect|Calm||F|||50|]Mimikyu||LifeOrb|Disguise|SwordsDance,DrainPunch,PlayRough,ShadowSneak|Jolly||M|||50|
|showteam|p2|Rotom-Wash||SitrusBerry|Levitate|Thunderbolt,HydroPump,Protect,WillOWisp|Timid|||||50|]Swampert||Swampertite|Torrent|Liquidation,HighHorsepower,Protect,IcePunch|Adamant||M|||50|]Basculegion||LifeOrb|SwiftSwim|Liquidation,LastRespects,AquaJet,PsychicFangs|Adamant||M|||50|]Eelektross||Eelektrossite|Levitate|Thunder,GigaDrain,DragonPulse,Protect|Timid||M|||50|]Archaludon||Leftovers|Stamina|FlashCannon,DracoMeteor,ElectroShot,DarkPulse|Modest||M|||50|]Pelipper||DampRock|Drizzle|WeatherBall,Hurricane,Tailwind,Protect|Bold||F|||50|
|
|t:|1783788189
|teamsize|p1|4
|teamsize|p2|4
|start
|switch|p1a: Froslass|Froslass, L50, F|100/100
|switch|p1b: Glaceon|Glaceon, L50, M|100/100
|switch|p2a: Pelipper|Pelipper, L50, F|100/100
|switch|p2b: Swampert|Swampert, L50, M|100/100
|-weather|RainDance|[from] ability: Drizzle|[of] p2a: Pelipper
|turn|1
|
|t:|1783788202
|switch|p2a: Rotom|Rotom-Wash, L50, shiny|100/100
|detailschange|p1a: Froslass|Froslass-Mega, L50, F
|-mega|p1a: Froslass|Froslass|Froslassite
|-weather|Snowscape|[from] ability: Snow Warning|[of] p1a: Froslass
|detailschange|p2b: Swampert|Swampert-Mega, L50, M
|-mega|p2b: Swampert|Swampert|Swampertite
|move|p2b: Swampert|Protect|p2b: Swampert
|-singleturn|p2b: Swampert|Protect
|move|p1a: Froslass|Blizzard|p2b: Swampert|[spread] p2a
|-activate|p2b: Swampert|move: Protect
|-resisted|p2a: Rotom|1
|-damage|p2a: Rotom|70/100
|move|p1b: Glaceon|Freeze-Dry|p2b: Swampert
|-activate|p2b: Swampert|move: Protect
|
|-weather|Snowscape|[upkeep]
|upkeep
|turn|2
|
|t:|1783788225
|switch|p1a: Tsareena|Tsareena, L50, F|100/100
|switch|p2a: Pelipper|Pelipper, L50, F|100/100
|-weather|RainDance|[from] ability: Drizzle|[of] p2a: Pelipper
|switch|p2b: Archaludon|Archaludon, L50, M|100/100
|move|p1b: Glaceon|Protect||[still]
|-fail|p1b: Glaceon
|
|-weather|RainDance|[upkeep]
|upkeep
|turn|3
|c|☆lockerft|Glhf
|
|t:|1783788245
|move|p2b: Archaludon|Flash Cannon|p1b: Glaceon
|-supereffective|p1b: Glaceon|1
|-damage|p1b: Glaceon|27/100
|move|p1a: Tsareena|Low Kick|p2b: Archaludon
|-supereffective|p2b: Archaludon|1
|-damage|p2b: Archaludon|51/100
|-ability|p2b: Archaludon|Stamina|boost
|-boost|p2b: Archaludon|def|1
|move|p1b: Glaceon|Blizzard|p2a: Pelipper|[spread] p2a,p2b
|-damage|p2a: Pelipper|27/100
|-damage|p2b: Archaludon|0 fnt
|faint|p2b: Archaludon
|move|p2a: Pelipper|Tailwind|p2a: Pelipper
|-sidestart|p2: lockerft|move: Tailwind
|
|-weather|RainDance|[upkeep]
|upkeep
|
|t:|1783788257
|switch|p2b: Rotom|Rotom-Wash, L50, shiny|70/100
|turn|4
|
|t:|1783788273
|switch|p1a: Froslass|Froslass-Mega, L50, F|100/100
|-weather|Snowscape|[from] ability: Snow Warning|[of] p1a: Froslass
|move|p2b: Rotom|Will-O-Wisp|p1a: Froslass|[miss]
|-miss|p2b: Rotom|p1a: Froslass
|move|p2a: Pelipper|Hurricane|p1b: Glaceon
|-crit|p1b: Glaceon
|-damage|p1b: Glaceon|0 fnt
|faint|p1b: Glaceon
|
|-weather|Snowscape|[upkeep]
|upkeep
|
|t:|1783788285
|switch|p1b: Tsareena|Tsareena, L50, F|100/100
|turn|5
|c|☆lockerft|I need to stop clicking will o
|
|t:|1783788302
|move|p2a: Pelipper|Protect|p2a: Pelipper
|-singleturn|p2a: Pelipper|Protect
|move|p2b: Rotom|Will-O-Wisp|p1b: Tsareena
|-status|p1b: Tsareena|brn
|move|p1a: Froslass|Blizzard|p2b: Rotom|[spread] p2b
|-activate|p2a: Pelipper|move: Protect
|-resisted|p2b: Rotom|1
|-damage|p2b: Rotom|41/100
|-enditem|p2b: Rotom|Sitrus Berry|[eat]
|-heal|p2b: Rotom|66/100|[from] item: Sitrus Berry
|move|p1b: Tsareena|Trop Kick|p2a: Pelipper
|-activate|p2a: Pelipper|move: Protect
|
|-weather|Snowscape|[upkeep]
|-damage|p1b: Tsareena|93/100 brn|[from] brn
|upkeep
|turn|6
|
|t:|1783788317
|move|p2b: Rotom|Hydro Pump|p1a: Froslass
|-damage|p1a: Froslass|45/100
|move|p1a: Froslass|Blizzard|p2a: Pelipper|[spread] p2a,p2b
|-resisted|p2b: Rotom|1
|-damage|p2a: Pelipper|0 fnt
|-damage|p2b: Rotom|36/100
|faint|p2a: Pelipper
|move|p1b: Tsareena|Trop Kick|p2b: Rotom
|-supereffective|p2b: Rotom|1
|-damage|p2b: Rotom|0 fnt
|faint|p2b: Rotom
|
|-weather|Snowscape|[upkeep]
|-damage|p1b: Tsareena|87/100 brn|[from] brn
|-sideend|p2: lockerft|move: Tailwind
|upkeep
|
|t:|1783788323
|switch|p2b: Swampert|Swampert-Mega, L50, M|100/100
|turn|7
|
|t:|1783788330
|move|p1a: Froslass|Shadow Ball|p2b: Swampert
|-damage|p2b: Swampert|63/100
|move|p1b: Tsareena|Trop Kick|p2b: Swampert
|-supereffective|p2b: Swampert|2
|-damage|p2b: Swampert|0 fnt
|faint|p2b: Swampert
|
|win|komportor
||komportor is ready for game 2.
|c|☆komportor|gg was a good one
|inactive|lockerft has 30 seconds to confirm battle start!
||lockerft is ready for game 2.
|uhtml|next|Next: Game 2 of 3
|l|☆lockerft
|player|p2|
