|j|☆Xfede77
|j|☆JuanGuerrero09
|html|Xfede77JuanGuerrero09    
|uhtml|bestof|Game 1 of a best-of-3
|t:|1757155904
|gametype|doubles
|player|p1|Xfede77|giovanni|1043
|player|p2|JuanGuerrero09|170|1125
|gen|9
|tier|[Gen 9] VGC 2025 Reg H (Bo3)
|rated|
|rule|Species Clause: Limit one of each Pokémon
|rule|Item Clause: Limit 1 of each item
|clearpoke
|poke|p1|Rillaboom, L50, F|
|poke|p1|Kommo-o, L50, M|
|poke|p1|Incineroar, L50, M|
|poke|p1|Basculegion-F, L50, F|
|poke|p1|Gothitelle, L50, M|
|poke|p1|Politoed, L50, M|
|poke|p2|Sneasler, L50, M|
|poke|p2|Indeedee, L50, M|
|poke|p2|Tyranitar, L50, M|
|poke|p2|Excadrill, L50, M|
|poke|p2|Gholdengo, L50|
|poke|p2|Incineroar, L50, M|
|teampreview|4
|showteam|p1|Rillaboom||AssaultVest|GrassySurge|GrassyGlide,WoodHammer,FakeOut,Uturn|||F|||50|,,,,,Poison]Kommo-o||GrassySeed|Soundproof|BodyPress,ThroatChop,BulkUp,Protect|||M|||50|,,,,,Steel]Incineroar||SafetyGoggles|Intimidate|KnockOff,Protect,FakeOut,PartingShot|||M|||50|,,,,,Ghost]Basculegion-F||LifeOrb|SwiftSwim|ShadowBall,HydroPump,IceBeam,Protect|||F|||50|,,,,,Stellar]Gothitelle||Leftovers|ShadowTag|Protect,PsychicNoise,TrickRoom,FakeOut|||M|||50|,,,,,Fairy]Politoed||CovertCloak|Drizzle|WeatherBall,PerishSong,HelpingHand,Protect|||M|||50|,,,,,Grass
|showteam|p2|Sneasler||WhiteHerb|Unburden|CloseCombat,DireClaw,FakeOut,Protect|||M|||50|,,,,,Dark]Indeedee||ChoiceScarf|PsychicSurge|ExpandingForce,TeraBlast,Trick,Protect|||M|||50|,,,,,Fire]Tyranitar||AssaultVest|SandStream|RockSlide,KnockOff,TeraBlast,LowKick|||M|||50|,,,,,Flying]Excadrill||FocusSash|SandRush|HighHorsepower,Earthquake,IronHead,Protect|||M|||50|,,,,,Ground]Gholdengo||MetalCoat|GoodasGold|ShadowBall,Protect,MakeItRain,NastyPlot||||||50|,,,,,Water]Incineroar||SafetyGoggles|Intimidate|FakeOut,KnockOff,FlareBlitz,PartingShot|||M|||50|,,,,,Ghost
|j| 123nik000
|inactive|Battle timer is ON: inactive players will automatically lose when time's up. (requested by JuanGuerrero09)
|
|t:|1757155942
|teamsize|p1|4
|teamsize|p2|4
|start
|switch|p1a: Basculegion|Basculegion-F, L50, F|100/100
|switch|p1b: Incineroar|Incineroar, L50, M|100/100
|switch|p2a: Gholdengo|Gholdengo, L50|100/100
|switch|p2b: Sneasler|Sneasler, L50, M|100/100
|-ability|p1b: Incineroar|Intimidate|boost
|-unboost|p2a: Gholdengo|atk|1
|-unboost|p2b: Sneasler|atk|1
|-enditem|p2b: Sneasler|White Herb
|-clearnegativeboost|p2b: Sneasler|[silent]
|turn|1
|inactive|Xfede77 has 30 seconds left.
|inactive|JuanGuerrero09 has 30 seconds left.
|inactive|JuanGuerrero09 has 20 seconds left.
|inactive|JuanGuerrero09 has 15 seconds left.
|
|t:|1757155984
|switch|p2b: Incineroar|Incineroar, L50, M|100/100
|-ability|p2b: Incineroar|Intimidate|boost
|-unboost|p1a: Basculegion|atk|1
|-unboost|p1b: Incineroar|atk|1
|-terastallize|p2a: Gholdengo|Water
|-terastallize|p1b: Incineroar|Ghost
|move|p1a: Basculegion|Protect|p1a: Basculegion
|-singleturn|p1a: Basculegion|Protect
|move|p2a: Gholdengo|Nasty Plot|p2a: Gholdengo
|-boost|p2a: Gholdengo|spa|2
|move|p1b: Incineroar|Knock Off|p2a: Gholdengo
|-damage|p2a: Gholdengo|65/100
|-enditem|p2a: Gholdengo|Metal Coat|[from] move: Knock Off|[of] p1b: Incineroar
|
|upkeep
|turn|2
|inactive|Xfede77 has 30 seconds left.
|inactive|JuanGuerrero09 has 30 seconds left.
|
|t:|1757156011
|switch|p1b: Politoed|Politoed, L50, M, shiny|100/100
|-weather|RainDance|[from] ability: Drizzle|[of] p1b: Politoed
|move|p1a: Basculegion|Hydro Pump|p2b: Incineroar
|-supereffective|p2b: Incineroar
|-damage|p2b: Incineroar|0 fnt
|faint|p2b: Incineroar
|-damage|p1a: Basculegion|91/100|[from] item: Life Orb
|move|p2a: Gholdengo|Make It Rain|p1b: Politoed|[spread] p1a,p1b
|-resisted|p1a: Basculegion
|-resisted|p1b: Politoed
|-damage|p1a: Basculegion|35/100
|-damage|p1b: Politoed|62/100
|-unboost|p2a: Gholdengo|spa|1
|
|-weather|RainDance|[upkeep]
|upkeep
|inactive|JuanGuerrero09 has 30 seconds left.
|
|t:|1757156036
|switch|p2b: Indeedee|Indeedee, L50, M|100/100
|-fieldstart|move: Psychic Terrain|[from] ability: Psychic Surge|[of] p2b: Indeedee
|turn|3
|
|t:|1757156055
|switch|p1b: Rillaboom|Rillaboom, L50, F, shiny|100/100
|-fieldstart|move: Grassy Terrain|[from] ability: Grassy Surge|[of] p1b: Rillaboom
|move|p2b: Indeedee|Protect|p2b: Indeedee
|-singleturn|p2b: Indeedee|Protect
|move|p1a: Basculegion|Hydro Pump|p2b: Indeedee
|-activate|p2b: Indeedee|move: Protect
|move|p2a: Gholdengo|Make It Rain|p1a: Basculegion|[spread] p1a,p1b
|-resisted|p1a: Basculegion
|-damage|p1a: Basculegion|0 fnt
|-damage|p1b: Rillaboom|52/100
|-unboost|p2a: Gholdengo|spa|1
|faint|p1a: Basculegion
|
|-weather|RainDance|[upkeep]
|-heal|p2a: Gholdengo|71/100|[from] Grassy Terrain
|-heal|p1b: Rillaboom|58/100|[from] Grassy Terrain
|upkeep
|
|t:|1757156062
|switch|p1a: Incineroar|Incineroar, L50, M, tera:Ghost|100/100
|-ability|p1a: Incineroar|Intimidate|boost
|-unboost|p2a: Gholdengo|atk|1
|-unboost|p2b: Indeedee|atk|1
|turn|4
|inactive|JuanGuerrero09 has 30 seconds left.
|
|t:|1757156088
|switch|p2b: Sneasler|Sneasler, L50, M|100/100
|move|p2a: Gholdengo|Nasty Plot|p2a: Gholdengo
|-boost|p2a: Gholdengo|spa|2
|move|p1a: Incineroar|Knock Off|p2b: Sneasler
|-resisted|p2b: Sneasler
|-damage|p2b: Sneasler|73/100
|move|p1b: Rillaboom|Wood Hammer|p2a: Gholdengo
|-supereffective|p2a: Gholdengo
|-damage|p2a: Gholdengo|0 fnt
|faint|p2a: Gholdengo
|-damage|p1b: Rillaboom|39/100|[from] Recoil
|
|-weather|RainDance|[upkeep]
|-heal|p2b: Sneasler|79/100|[from] Grassy Terrain
|-heal|p1b: Rillaboom|45/100|[from] Grassy Terrain
|upkeep
|
|t:|1757156094
|switch|p2a: Indeedee|Indeedee, L50, M|100/100
|-fieldstart|move: Psychic Terrain|[from] ability: Psychic Surge|[of] p2a: Indeedee
|turn|5
|
|t:|1757156111
|switch|p1b: Politoed|Politoed, L50, M, shiny|62/100
|move|p1a: Incineroar|Protect|p1a: Incineroar
|-singleturn|p1a: Incineroar|Protect
|move|p2a: Indeedee|Expanding Force|p1a: Incineroar|[spread] p1b
|-activate|p1a: Incineroar|move: Protect
|-damage|p1b: Politoed|22/100
|move|p2b: Sneasler|Dire Claw|p1a: Incineroar
|-activate|p1a: Incineroar|move: Protect
|
|-weather|RainDance|[upkeep]
|upkeep
|turn|6
|inactive|Xfede77 has 30 seconds left.
|
|t:|1757156139
|switch|p1a: Rillaboom|Rillaboom, L50, F, shiny|45/100
|-fieldstart|move: Grassy Terrain|[from] ability: Grassy Surge|[of] p1a: Rillaboom
|move|p2a: Indeedee|Expanding Force|p1a: Rillaboom
|-damage|p1a: Rillaboom|22/100
|move|p2b: Sneasler|Dire Claw|p1a: Rillaboom
|-supereffective|p1a: Rillaboom
|-damage|p1a: Rillaboom|0 fnt
|faint|p1a: Rillaboom
|move|p1b: Politoed|Perish Song|p1b: Politoed
|-start|p1b: Politoed|perish3|[silent]
|-start|p2a: Indeedee|perish3|[silent]
|-start|p2b: Sneasler|perish3|[silent]
|-fieldactivate|move: Perish Song
|
|-weather|none
|-heal|p2b: Sneasler|85/100|[from] Grassy Terrain
|-heal|p1b: Politoed|28/100|[from] Grassy Terrain
|-start|p2a: Indeedee|perish3
|-start|p2b: Sneasler|perish3
|-start|p1b: Politoed|perish3
|upkeep
|
|t:|1757156157
|switch|p1a: Incineroar|Incineroar, L50, M, tera:Ghost|100/100
|-ability|p1a: Incineroar|Intimidate|boost
|-unboost|p2a: Indeedee|atk|1
|-unboost|p2b: Sneasler|atk|1
|turn|7
|
|t:|1757156178
|move|p1b: Politoed|Helping Hand|p1a: Incineroar
|-singleturn|p1a: Incineroar|Helping Hand|[of] p1b: Politoed
|move|p2a: Indeedee|Expanding Force|p1b: Politoed
|-damage|p1b: Politoed|3/100
|move|p2b: Sneasler|Dire Claw|p1a: Incineroar
|-resisted|p1a: Incineroar
|-damage|p1a: Incineroar|87/100
|-status|p1a: Incineroar|slp
|cant|p1a: Incineroar|slp
|
|-heal|p2b: Sneasler|91/100|[from] Grassy Terrain
|-heal|p1b: Politoed|9/100|[from] Grassy Terrain
|-heal|p1a: Incineroar|93/100 slp|[from] Grassy Terrain
|-start|p2a: Indeedee|perish2
|-start|p2b: Sneasler|perish2
|-start|p1b: Politoed|perish2
|upkeep
|turn|8
|inactive|JuanGuerrero09 has 30 seconds left.
|
|t:|1757156205
|move|p2a: Indeedee|Expanding Force|p1a: Incineroar
|-damage|p1a: Incineroar|65/100 slp
|move|p2b: Sneasler|Dire Claw|p1a: Incineroar
|-resisted|p1a: Incineroar
|-damage|p1a: Incineroar|50/100 slp
|move|p1b: Politoed|Weather Ball|p2a: Indeedee
|-damage|p2a: Indeedee|86/100
|cant|p1a: Incineroar|slp
|
|-heal|p2a: Indeedee|92/100|[from] Grassy Terrain
|-heal|p2b: Sneasler|97/100|[from] Grassy Terrain
|-heal|p1b: Politoed|16/100|[from] Grassy Terrain
|-heal|p1a: Incineroar|56/100 slp|[from] Grassy Terrain
|-start|p2a: Indeedee|perish1
|-start|p2b: Sneasler|perish1
|-start|p1b: Politoed|perish1
|upkeep
|turn|9
|
|t:|1757156221
|move|p1b: Politoed|Protect|p1b: Politoed
|-singleturn|p1b: Politoed|Protect
|-curestatus|p1a: Incineroar|slp|[msg]
|move|p1a: Incineroar|Protect|p1a: Incineroar
|-singleturn|p1a: Incineroar|Protect
|move|p2a: Indeedee|Expanding Force|p1b: Politoed
|-activate|p1b: Politoed|move: Protect
|move|p2b: Sneasler|Dire Claw|p1a: Incineroar
|-activate|p1a: Incineroar|move: Protect
|
|-heal|p2a: Indeedee|98/100|[from] Grassy Terrain
|-heal|p2b: Sneasler|100/100|[from] Grassy Terrain
|-heal|p1b: Politoed|22/100|[from] Grassy Terrain
|-heal|p1a: Incineroar|62/100|[from] Grassy Terrain
|-start|p2a: Indeedee|perish0
|-start|p2b: Sneasler|perish0
|-start|p1b: Politoed|perish0
|faint|p2a: Indeedee
|faint|p2b: Sneasler
|faint|p1b: Politoed
|
|win|Xfede77
