|j|☆TMJS01
|j|☆SomeKidJon
|html|TMJS01SomeKidJon    
|uhtml|bestof|Game 2 of a best-of-3
|t:|1782186086
|gametype|doubles
|player|p1|TMJS01|unknown|1288
|player|p2|SomeKidJon|scientistf|1229
|gen|9
|tier|[Gen 9 Champions] VGC 2026 Reg M-B (Bo3)
|rated|
|rule|Species Clause: Limit one of each Pokémon
|rule|Item Clause: Limit 1 of each item
|clearpoke
|poke|p1|Sinistcha, L50|
|poke|p1|Incineroar, L50, F|
|poke|p1|Garchomp, L50, F|
|poke|p1|Floette-Eternal, L50, F|
|poke|p1|Delphox, L50, F|
|poke|p1|Kingambit, L50, F|
|poke|p2|Camerupt, L50, F, shiny|
|poke|p2|Farigiraf, L50, M|
|poke|p2|Incineroar, L50, M|
|poke|p2|Primarina, L50, F|
|poke|p2|Staraptor, L50, M|
|poke|p2|Ninetales-Alola, L50, F|
|teampreview|4
|showteam|p1|Sinistcha||KasibBerry|Hospitality|MatchaGotcha,RagePowder,TrickRoom,LifeDew|Relaxed|||||50|]Incineroar||ChopleBerry|Intimidate|ThroatChop,FlareBlitz,PartingShot,FakeOut|Impish||F|||50|]Garchomp||LifeOrb|RoughSkin|ScaleShot,StompingTantrum,Protect,RockTomb|Jolly||F|||50|]Floette-Eternal||Floettite|FlowerVeil|Protect,CalmMind,Moonblast,DazzlingGleam|Modest||F|||50|]Delphox||Delphoxite|Blaze|NastyPlot,HeatWave,Psyshock,Protect|Timid||F|||50|]Kingambit||BlackGlasses|Defiant|Protect,IronHead,KowtowCleave,SuckerPunch|Adamant||F|||50|
|showteam|p2|Camerupt||Cameruptite|SolidRock|EarthPower,HeatWave,Protect,AncientPower|Quiet||F|||50|]Farigiraf||SitrusBerry|ArmorTail|TrickRoom,Protect,HelpingHand,DazzlingGleam|Modest||M|||50|]Incineroar||PasshoBerry|Intimidate|FakeOut,PartingShot,FlareBlitz,ThroatChop|Careful||M|||50|]Primarina||Leftovers|LiquidVoice|Protect,CalmMind,Moonblast,HyperVoice|Modest||F|||50|]Staraptor||Staraptite|Intimidate|CloseCombat,BraveBird,Protect,Tailwind|Jolly||M|||50|]Ninetales-Alola||LightClay|SnowWarning|Protect,AuroraVeil,FreezeDry,Blizzard|Timid||F|||50|
|inactive|Battle timer is ON: inactive players will automatically lose when time's up. (requested by TMJS01)
|
|t:|1782186096
|teamsize|p1|4
|teamsize|p2|4
|start
|switch|p1a: Incineroar|Incineroar, L50, F|100/100
|switch|p1b: Floette|Floette-Eternal, L50, F|100/100
|switch|p2a: Ninetales|Ninetales-Alola, L50, F|100/100
|switch|p2b: Camerupt|Camerupt, L50, F, shiny|100/100
|-weather|Snowscape|[from] ability: Snow Warning|[of] p2a: Ninetales
|-ability|p1a: Incineroar|Intimidate|boost
|-unboost|p2a: Ninetales|atk|1
|-unboost|p2b: Camerupt|atk|1
|turn|1
|
|t:|1782186109
|detailschange|p1b: Floette|Floette-Mega, L50, F
|-mega|p1b: Floette|Floette|Floettite
|-ability|p1b: Floette|Fairy Aura
|detailschange|p2b: Camerupt|Camerupt-Mega, L50, F, shiny
|-mega|p2b: Camerupt|Camerupt|Cameruptite
|move|p2a: Ninetales|Aurora Veil|p2a: Ninetales
|-sidestart|p2: SomeKidJon|move: Aurora Veil
|move|p1b: Floette|Calm Mind|p1b: Floette
|-boost|p1b: Floette|spa|1
|-boost|p1b: Floette|spd|1
|move|p1a: Incineroar|Parting Shot|p2b: Camerupt
|-unboost|p2b: Camerupt|atk|1
|-unboost|p2b: Camerupt|spa|1
|
|t:|1782186131
|switch|p1a: Sinistcha|Sinistcha, L50|100/100|[from] Parting Shot
|move|p2b: Camerupt|Earth Power|p1a: Sinistcha
|-resisted|p1a: Sinistcha|1
|-damage|p1a: Sinistcha|76/100
|
|-weather|Snowscape|[upkeep]
|upkeep
|turn|2
|
|t:|1782186137
|switch|p1a: Incineroar|Incineroar, L50, F|100/100
|-ability|p1a: Incineroar|Intimidate|boost
|-unboost|p2a: Ninetales|atk|1
|-unboost|p2b: Camerupt|atk|1
|move|p2a: Ninetales|Blizzard|p1a: Incineroar|[spread] p1a,p1b
|-resisted|p1a: Incineroar|1
|-damage|p1a: Incineroar|85/100
|-damage|p1b: Floette|85/100
|move|p1b: Floette|Calm Mind|p1b: Floette
|-boost|p1b: Floette|spa|1
|-boost|p1b: Floette|spd|1
|move|p2b: Camerupt|Earth Power|p1a: Incineroar
|-supereffective|p1a: Incineroar|1
|-damage|p1a: Incineroar|7/100
|
|-weather|Snowscape|[upkeep]
|upkeep
|turn|3
|
|t:|1782186144
|move|p1a: Incineroar|Fake Out|p2b: Camerupt
|-damage|p2b: Camerupt|93/100
|move|p2a: Ninetales|Blizzard|p1b: Floette|[spread] p1a,p1b
|-resisted|p1a: Incineroar|1
|-damage|p1a: Incineroar|0 fnt
|-damage|p1b: Floette|74/100
|-status|p1b: Floette|frz
|faint|p1a: Incineroar
|-curestatus|p1b: Floette|frz|[msg]
|move|p1b: Floette|Moonblast|p2a: Ninetales
|-damage|p2a: Ninetales|0 fnt
|faint|p2a: Ninetales
|cant|p2b: Camerupt|flinch
|
|-weather|Snowscape|[upkeep]
|upkeep
|
|t:|1782186146
|switch|p2a: Farigiraf|Farigiraf, L50, M|100/100
|switch|p1a: Sinistcha|Sinistcha, L50|76/100
|-heal|p1b: Floette|99/100|[from] ability: Hospitality|[of] p1a: Sinistcha
|turn|4
|
|t:|1782186157
|move|p1b: Floette|Moonblast|p2a: Farigiraf
|-damage|p2a: Farigiraf|5/100
|-enditem|p2a: Farigiraf|Sitrus Berry|[eat]
|-heal|p2a: Farigiraf|29/100|[from] item: Sitrus Berry
|move|p1a: Sinistcha|Life Dew|p1a: Sinistcha|[spread] p1a,p1b
|-heal|p1a: Sinistcha|100/100
|-heal|p1b: Floette|100/100
|move|p2b: Camerupt|Heat Wave|p1a: Sinistcha|[spread] p1a,p1b
|-supereffective|p1a: Sinistcha|1
|-damage|p1a: Sinistcha|24/100
|-damage|p1b: Floette|85/100
|move|p2a: Farigiraf|Trick Room|p2a: Farigiraf
|-fieldstart|move: Trick Room|[of] p2a: Farigiraf
|
|-weather|Snowscape|[upkeep]
|upkeep
|turn|5
|
|t:|1782186167
|move|p2a: Farigiraf|Helping Hand|p2b: Camerupt
|-singleturn|p2b: Camerupt|Helping Hand|[of] p2a: Farigiraf
|move|p2b: Camerupt|Heat Wave|p1a: Sinistcha|[spread] p1a,p1b
|-supereffective|p1a: Sinistcha|1
|-damage|p1a: Sinistcha|0 fnt
|-damage|p1b: Floette|65/100
|faint|p1a: Sinistcha
|move|p1b: Floette|Dazzling Gleam|p2a: Farigiraf|[spread] p2a,p2b
|-resisted|p2b: Camerupt|1
|-damage|p2a: Farigiraf|0 fnt
|-damage|p2b: Camerupt|59/100
|faint|p2a: Farigiraf
|
|-weather|none
|upkeep
|
|t:|1782186171
|switch|p2a: Incineroar|Incineroar, L50, M|100/100
|switch|p1a: Kingambit|Kingambit, L50, F|100/100
|-ability|p2a: Incineroar|Intimidate|boost
|-unboost|p1a: Kingambit|atk|1
|-ability|p1a: Kingambit|Defiant|boost
|-boost|p1a: Kingambit|atk|2
|-unboost|p1b: Floette|atk|1
|turn|6
|
|t:|1782186179
|move|p2b: Camerupt|Protect|p2b: Camerupt
|-singleturn|p2b: Camerupt|Protect
|move|p1a: Kingambit|Protect|p1a: Kingambit
|-singleturn|p1a: Kingambit|Protect
|move|p1b: Floette|Protect|p1b: Floette
|-singleturn|p1b: Floette|Protect
|move|p2a: Incineroar|Flare Blitz|p1b: Floette
|-activate|p1b: Floette|move: Protect
|
|upkeep
|turn|7
|
|t:|1782186187
|move|p2b: Camerupt|Protect|p2b: Camerupt
|-singleturn|p2b: Camerupt|Protect
|move|p1a: Kingambit|Sucker Punch||[still]
|-fail|p1a: Kingambit
|move|p2a: Incineroar|Flare Blitz|p1b: Floette
|-damage|p1b: Floette|22/100
|-damage|p2a: Incineroar|88/100|[from] Recoil
|move|p1b: Floette|Moonblast|p2a: Incineroar
|-damage|p2a: Incineroar|5/100
|
|upkeep
|turn|8
|
|t:|1782186196
|move|p1b: Floette|Protect|p1b: Floette
|-singleturn|p1b: Floette|Protect
|move|p1a: Kingambit|Sucker Punch|p2b: Camerupt
|-damage|p2b: Camerupt|12/100
|move|p2b: Camerupt|Heat Wave|p1b: Floette|[spread] p1a
|-activate|p1b: Floette|move: Protect
|-supereffective|p1a: Kingambit|1
|-damage|p1a: Kingambit|30/100
|move|p2a: Incineroar|Flare Blitz|p1a: Kingambit
|-supereffective|p1a: Kingambit|1
|-damage|p1a: Kingambit|0 fnt
|faint|p1a: Kingambit
|-damage|p2a: Incineroar|0 fnt|[from] Recoil
|faint|p2a: Incineroar
|
|-sideend|p2: SomeKidJon|move: Aurora Veil
|-fieldend|move: Trick Room
|upkeep
|turn|9
|
|t:|1782186201
|move|p1b: Floette|Dazzling Gleam|p2b: Camerupt
|-resisted|p2b: Camerupt|1
|-damage|p2b: Camerupt|0 fnt
|faint|p2b: Camerupt
|
|win|TMJS01
|raw|TMJS01's rating: 1288 → 1309(+21 for winning)
|raw|SomeKidJon's rating: 1229 → 1208(-21 for losing)
|l|☆SomeKidJon
|player|p2|
