|j|☆ronzthebonz
|j|☆palle synchro
|html|ronzthebonzpalle synchro    
|uhtml|bestof|Game 2 of a best-of-3
|t:|1784968657
|gametype|doubles
|player|p1|ronzthebonz|2|1308
|player|p2|palle synchro|volkner|1428
|gen|9
|tier|[Gen 9 Champions] VGC 2026 Reg M-B (Bo3)
|rated|
|rule|Species Clause: Limit one of each Pokémon
|rule|Item Clause: Limit 1 of each item
|clearpoke
|poke|p1|Snorlax, L50, M|
|poke|p1|Incineroar, L50, F|
|poke|p1|Gengar, L50, F|
|poke|p1|Sableye, L50, M|
|poke|p1|Kingambit, L50, M|
|poke|p1|Palafin, L50, M|
|poke|p2|Pelipper, L50, F|
|poke|p2|Archaludon, L50, M|
|poke|p2|Venusaur, L50, F|
|poke|p2|Maushold, L50|
|poke|p2|Gholdengo, L50|
|poke|p2|Basculegion, L50, M|
|teampreview|4
|showteam|p1|Snorlax||Leftovers|ThickFat|Yawn,Protect,Fissure,DoubleEdge|Sassy||M|||50|]Incineroar||PasshoBerry|Intimidate|FlareBlitz,Protect,FakeOut,PartingShot|Sassy||F|||50|]Gengar||Gengarite|CursedBody|ShadowBall,Disable,PerishSong,Protect|Timid||F|||50|]Sableye||SitrusBerry|Prankster|WillOWisp,Encore,FakeOut,LightScreen|Bold||M|||50|]Kingambit||ChopleBerry|Defiant|LowKick,KowtowCleave,IronHead,SuckerPunch|Brave||M|||50|]Palafin||MysticWater|ZerotoHero|JetPunch,WaveCrash,DrainPunch,Protect|Adamant||M|||50|
|showteam|p2|Pelipper||SitrusBerry|Drizzle|WeatherBall,Hurricane,Tailwind,Protect|Modest||F|||50|]Archaludon||Leftovers|Stamina|ElectroShot,DragonPulse,FlashCannon,Protect|Modest||M|||50|]Venusaur||Venusaurite|Chlorophyll|GigaDrain,EarthPower,SludgeBomb,Protect|Modest||F|||50|]Maushold||FocusSash|FriendGuard|SuperFang,RainDance,FollowMe,Protect|Timid|||||50|]Gholdengo||LifeOrb|GoodasGold|MakeItRain,ShadowBall,NastyPlot,Protect|Timid|||||50|]Basculegion||ChoiceScarf|Adaptability|WaveCrash,LastRespects,FlipTurn,AquaJet|Jolly||M|||50|
|inactive|Battle timer is ON: inactive players will automatically lose when time's up. (requested by ronzthebonz)
|
|t:|1784968680
|teamsize|p1|4
|teamsize|p2|4
|start
|switch|p1a: Snorlax|Snorlax, L50, M|100/100
|switch|p1b: Incineroar|Incineroar, L50, F|100/100
|switch|p2a: Gholdengo|Gholdengo, L50|100/100
|switch|p2b: Maushold|Maushold, L50|100/100
|-ability|p1b: Incineroar|Intimidate|boost
|-unboost|p2a: Gholdengo|atk|1
|-unboost|p2b: Maushold|atk|1
|turn|1
|
|t:|1784968698
|switch|p1b: Kingambit|Kingambit, L50, M|100/100
|move|p2b: Maushold|Protect|p2b: Maushold
|-singleturn|p2b: Maushold|Protect
|move|p2a: Gholdengo|Nasty Plot|p2a: Gholdengo
|-boost|p2a: Gholdengo|spa|2
|move|p1a: Snorlax|Yawn|p2b: Maushold
|-activate|p2b: Maushold|move: Protect
|
|upkeep
|turn|2
|
|t:|1784968716
|move|p1a: Snorlax|Protect|p1a: Snorlax
|-singleturn|p1a: Snorlax|Protect
|move|p2b: Maushold|Super Fang|p1b: Kingambit
|-damage|p1b: Kingambit|50/100g
|move|p2a: Gholdengo|Make It Rain|p1a: Snorlax|[spread] p1b
|-activate|p1a: Snorlax|move: Protect
|-resisted|p1b: Kingambit|1
|-damage|p1b: Kingambit|0 fnt
|-unboost|p2a: Gholdengo|spa|2
|faint|p1b: Kingambit
|-damage|p2a: Gholdengo|90/100|[from] item: Life Orb
|
|upkeep
|
|t:|1784968727
|switch|p1b: Incineroar|Incineroar, L50, F|100/100
|-ability|p1b: Incineroar|Intimidate|boost
|-unboost|p2a: Gholdengo|atk|1
|-unboost|p2b: Maushold|atk|1
|turn|3
|
|t:|1784968732
|move|p2b: Maushold|Protect|p2b: Maushold
|-singleturn|p2b: Maushold|Protect
|move|p2a: Gholdengo|Nasty Plot|p2a: Gholdengo
|-boost|p2a: Gholdengo|spa|2
|move|p1b: Incineroar|Flare Blitz|p2a: Gholdengo
|-supereffective|p2a: Gholdengo|1
|-damage|p2a: Gholdengo|24/100
|-damage|p1b: Incineroar|80/100|[from] Recoil
|move|p1a: Snorlax|Yawn|p2b: Maushold
|-activate|p2b: Maushold|move: Protect
|
|upkeep
|turn|4
|inactive|ronzthebonz has 30 seconds left.
|inactive|ronzthebonz has 20 seconds left.
|inactive|ronzthebonz has 15 seconds left.
|inactive|ronzthebonz has 10 seconds left.
|inactive|ronzthebonz has 5 seconds left.
|
|t:|1784968786
|move|p2a: Gholdengo|Protect|p2a: Gholdengo
|-singleturn|p2a: Gholdengo|Protect
|move|p2b: Maushold|Super Fang|p1b: Incineroar
|-damage|p1b: Incineroar|40/100
|move|p1b: Incineroar|Flare Blitz|p2a: Gholdengo
|-activate|p2a: Gholdengo|move: Protect
|move|p1a: Snorlax|Yawn|p2b: Maushold
|-start|p2b: Maushold|move: Yawn|[of] p1a: Snorlax
|
|upkeep
|turn|5
|inactive|palle synchro has 30 seconds left.
|
|t:|1784968811
|switch|p2b: Archaludon|Archaludon, L50, M|100/100
|move|p2a: Gholdengo|Make It Rain|p1b: Incineroar|[spread] p1a,p1b
|-crit|p1a: Snorlax
|-resisted|p1b: Incineroar|1
|-damage|p1a: Snorlax|1/100
|-damage|p1b: Incineroar|0 fnt
|-unboost|p2a: Gholdengo|spa|2
|faint|p1b: Incineroar
|-damage|p2a: Gholdengo|15/100|[from] item: Life Orb
|move|p1a: Snorlax|Yawn|p2b: Archaludon
|-start|p2b: Archaludon|move: Yawn|[of] p1a: Snorlax
|
|-heal|p1a: Snorlax|6/100|[from] item: Leftovers
|upkeep
|
|t:|1784968821
|switch|p1b: Gengar|Gengar, L50, F|100/100
|turn|6
|
|t:|1784968846
|switch|p2b: Maushold|Maushold, L50|100/100
|detailschange|p1b: Gengar|Gengar-Mega, L50, F
|-mega|p1b: Gengar|Gengar|Gengarite
|move|p2a: Gholdengo|Protect|p2a: Gholdengo
|-singleturn|p2a: Gholdengo|Protect
|move|p1b: Gengar|Shadow Ball|p2a: Gholdengo
|-activate|p2a: Gholdengo|move: Protect
|move|p1a: Snorlax|Fissure|p2b: Maushold|[miss]
|-miss|p1a: Snorlax|p2b: Maushold
|
|-heal|p1a: Snorlax|12/100|[from] item: Leftovers
|upkeep
|turn|7
|-message|ronzthebonz forfeited.
|
|win|palle synchro
