|j|☆audrith
|j|☆plebianstomper
|html|audrithplebianstomper    
|uhtml|bestof|Game 3 of a best-of-3
|t:|1783368545
|gametype|doubles
|player|p1|audrith|lady|1000
|player|p2|plebianstomper|265|1000
|gen|9
|tier|[Gen 9 Champions] VGC 2026 Reg M-B (Bo3)
|rated|
|rule|Species Clause: Limit one of each Pokémon
|rule|Item Clause: Limit 1 of each item
|clearpoke
|poke|p1|Chandelure, L50, F|
|poke|p1|Orthworm, L50, F|
|poke|p1|Noivern, L50, M|
|poke|p1|Swampert, L50, M|
|poke|p1|Goodra-Hisui, L50, M|
|poke|p1|Floette-Eternal, L50, F|
|poke|p2|Abomasnow, L50, F, shiny|
|poke|p2|Glimmora, L50, F|
|poke|p2|Scizor, L50, M|
|poke|p2|Glaceon, L50, F|
|poke|p2|Sylveon, L50, M|
|poke|p2|Trevenant, L50, M|
|teampreview|4
|showteam|p1|Chandelure||Chandelurite|FlashFire|HeatWave,ShadowBall,TrickRoom,Protect|Serious||F|||50|]Orthworm||Leftovers|EarthEater|Protect,ShedTail,IronDefense,BodyPress|Careful||F|||50|]Noivern||WhiteHerb|Frisk|Tailwind,Taunt,SunnyDay,DracoMeteor|Timid||M|||50|]Swampert||SitrusBerry|Torrent|Earthquake,WaveCrash,KnockOff,Protect|Adamant||M|||50|]Goodra-Hisui||LifeOrb|Gooey|MuddyWater,FlashCannon,DragonPulse,Protect|Modest||M|||50|]Floette-Eternal||ChoiceScarf|FlowerVeil|DazzlingGleam,LightofRuin,EnergyBall,Psychic|Modest||F|||50|
|showteam|p2|Abomasnow||LightClay|SnowWarning|AuroraVeil,Blizzard,LeechSeed,Protect|Calm||F|||50|]Glimmora||FocusSash|ToxicDebris|MortalSpin,StealthRock,PowerGem,EarthPower|Timid||F|||50|]Scizor||ExpertBelt|Technician|BugBite,AerialAce,BulletPunch,Uturn|Adamant||M|||50|]Glaceon||Leftovers|IceBody|Blizzard,IceBeam,ShadowBall,Protect|Modest||F|||50|]Sylveon||ChoiceScarf|Pixilate|HyperVoice,Psychic,MysticalFire,ShadowBall|Modest||M|||50|]Trevenant||SitrusBerry|Harvest|LeechSeed,HornLeech,Protect,Substitute|Adamant||M|||50|
|inactive|Battle timer is ON: inactive players will automatically lose when time's up. (requested by plebianstomper)
|
|t:|1783368602
|teamsize|p1|4
|teamsize|p2|4
|start
|switch|p1a: Orthworm|Orthworm, L50, F|100/100
|switch|p1b: Floette|Floette-Eternal, L50, F|100/100
|switch|p2a: Abomasnow|Abomasnow, L50, F, shiny|100/100
|switch|p2b: Glimmora|Glimmora, L50, F|100/100
|-weather|Snowscape|[from] ability: Snow Warning|[of] p2a: Abomasnow
|turn|1
|inactive|audrith has 30 seconds left.
|inactive|audrith has 20 seconds left.
|
|t:|1783368641
|move|p1b: Floette|Psychic|p2b: Glimmora
|-supereffective|p2b: Glimmora|1
|-crit|p2b: Glimmora
|-enditem|p2b: Glimmora|Focus Sash
|-damage|p2b: Glimmora|1/100
|move|p2b: Glimmora|Earth Power|p1a: Orthworm
|-immune|p1a: Orthworm|[from] ability: Earth Eater
|move|p1a: Orthworm|Body Press|p2a: Abomasnow
|-supereffective|p2a: Abomasnow|1
|-damage|p2a: Abomasnow|57/100
|move|p2a: Abomasnow|Aurora Veil|p2a: Abomasnow
|-sidestart|p2: plebianstomper|move: Aurora Veil
|
|-weather|Snowscape|[upkeep]
|upkeep
|turn|2
|
|t:|1783368660
|move|p1b: Floette|Psychic|p2b: Glimmora
|-supereffective|p2b: Glimmora|1
|-damage|p2b: Glimmora|0 fnt
|faint|p2b: Glimmora
|move|p1a: Orthworm|Iron Defense|p1a: Orthworm
|-boost|p1a: Orthworm|def|2
|move|p2a: Abomasnow|Blizzard|p1b: Floette|[spread] p1a,p1b
|-resisted|p1a: Orthworm|1
|-damage|p1a: Orthworm|79/100
|-damage|p1b: Floette|73/100
|-status|p1a: Orthworm|frz
|
|-weather|Snowscape|[upkeep]
|-heal|p1a: Orthworm|85/100 frz|[from] item: Leftovers
|upkeep
|
|t:|1783368673
|switch|p2b: Glaceon|Glaceon, L50, F|100/100
|turn|3
|
|t:|1783368691
|move|p1b: Floette|Psychic|p2a: Abomasnow
|-damage|p2a: Abomasnow|40/100
|move|p2b: Glaceon|Blizzard|p1b: Floette|[spread] p1a,p1b
|-resisted|p1a: Orthworm|1
|-damage|p1a: Orthworm|53/100 frz
|-damage|p1b: Floette|31/100
|cant|p1a: Orthworm|frz
|move|p2a: Abomasnow|Leech Seed|p1a: Orthworm
|-start|p1a: Orthworm|move: Leech Seed
|
|-weather|Snowscape|[upkeep]
|-heal|p1a: Orthworm|59/100 frz|[from] item: Leftovers
|-damage|p1a: Orthworm|47/100 frz|[from] Leech Seed|[of] p2a: Abomasnow
|-heal|p2a: Abomasnow|51/100|[silent]
|upkeep
|turn|4
|inactive|audrith has 30 seconds left.
|inactive|audrith has 20 seconds left.
|
|t:|1783368727
|switch|p1b: Chandelure|Chandelure, L50, F|100/100
|move|p2b: Glaceon|Blizzard|p1b: Chandelure|[spread] p1a,p1b
|-resisted|p1a: Orthworm|1
|-resisted|p1b: Chandelure|1
|-damage|p1a: Orthworm|10/100 frz
|-damage|p1b: Chandelure|74/100
|-status|p1b: Chandelure|frz
|-curestatus|p1a: Orthworm|frz|[msg]
|move|p1a: Orthworm|Body Press|p2b: Glaceon
|-supereffective|p2b: Glaceon|1
|-damage|p2b: Glaceon|39/100
|move|p2a: Abomasnow|Leech Seed|p1b: Chandelure
|-start|p1b: Chandelure|move: Leech Seed
|
|-weather|Snowscape|[upkeep]
|-heal|p2b: Glaceon|45/100|[from] ability: Ice Body
|-heal|p2b: Glaceon|50/100g|[from] item: Leftovers
|-heal|p1a: Orthworm|16/100|[from] item: Leftovers
|-damage|p1b: Chandelure|62/100 frz|[from] Leech Seed|[of] p2a: Abomasnow
|-heal|p2a: Abomasnow|61/100|[silent]
|-damage|p1a: Orthworm|4/100|[from] Leech Seed|[of] p2a: Abomasnow
|-heal|p2a: Abomasnow|73/100|[silent]
|upkeep
|turn|5
|inactive|audrith has 30 seconds left.
|inactive|plebianstomper has 30 seconds left.
|inactive|audrith has 20 seconds left.
|
|t:|1783368763
|switch|p2a: Sylveon|Sylveon, L50, M|100/100
|detailschange|p1b: Chandelure|Chandelure-Mega, L50, F
|-mega|p1b: Chandelure|Chandelure|Chandelurite
|move|p2b: Glaceon|Blizzard|p1a: Orthworm|[spread] p1a,p1b
|-resisted|p1a: Orthworm|1
|-resisted|p1b: Chandelure|1
|-damage|p1a: Orthworm|0 fnt
|-damage|p1b: Chandelure|37/100 frz
|faint|p1a: Orthworm
|cant|p1b: Chandelure|frz
|
|-weather|none
|-heal|p2b: Glaceon|56/100|[from] item: Leftovers
|-damage|p1b: Chandelure|25/100 frz|[from] Leech Seed|[of] p2a: Sylveon
|upkeep
|
|t:|1783368783
|switch|p1a: Floette|Floette-Eternal, L50, F|31/100
|turn|6
|
|t:|1783368796
|move|p1a: Floette|Dazzling Gleam|p2a: Sylveon|[spread] p2a,p2b
|-damage|p2a: Sylveon|81/100
|-damage|p2b: Glaceon|26/100
|move|p2a: Sylveon|Hyper Voice|p1b: Chandelure|[spread] p1a,p1b
|-resisted|p1b: Chandelure|1
|-damage|p1a: Floette|0 fnt
|-damage|p1b: Chandelure|6/100 frz
|faint|p1a: Floette
|move|p2b: Glaceon|Blizzard|p1b: Chandelure
|-resisted|p1b: Chandelure|1
|-damage|p1b: Chandelure|0 fnt
|faint|p1b: Chandelure
|
|-heal|p2b: Glaceon|32/100|[from] item: Leftovers
|upkeep
|
|t:|1783368808
|switch|p1b: Swampert|Swampert, L50, M|100/100
|turn|7
|
|t:|1783368816
|move|p2a: Sylveon|Hyper Voice|p1b: Swampert
|-damage|p1b: Swampert|46/100
|-enditem|p1b: Swampert|Sitrus Berry|[eat]
|-heal|p1b: Swampert|71/100|[from] item: Sitrus Berry
|move|p2b: Glaceon|Ice Beam|p1b: Swampert
|-damage|p1b: Swampert|24/100
|move|p1b: Swampert|Earthquake|p2a: Sylveon|[spread] p2a,p2b
|-damage|p2a: Sylveon|45/100
|-damage|p2b: Glaceon|2/100
|
|-heal|p2b: Glaceon|7/100|[from] item: Leftovers
|upkeep
|turn|8
|
|t:|1783368828
|move|p2a: Sylveon|Hyper Voice|p1b: Swampert
|-damage|p1b: Swampert|0 fnt
|faint|p1b: Swampert
|
|win|plebianstomper
|raw|audrith's rating: 1000 → 1000(+0 for losing)
|raw|plebianstomper's rating: 1000 → 1040(+40 for winning)
