|j|☆Can I pet the dog?
|j|‽Adroqk
|html|Can I pet the dog?Adroqk    
|uhtml|bestof|Game 3 of a best-of-3
|t:|1783195810
|gametype|doubles
|player|p1|Can I pet the dog?|yancy|1347
|player|p2|Adroqk|1|1231
|gen|9
|tier|[Gen 9 Champions] VGC 2026 Reg M-B (Bo3)
|rated|
|rule|Species Clause: Limit one of each Pokémon
|rule|Item Clause: Limit 1 of each item
|clearpoke
|poke|p1|Sinistcha, L50|
|poke|p1|Incineroar, L50, F|
|poke|p1|Milotic, L50, M|
|poke|p1|Raichu, L50, M|
|poke|p1|Floette-Eternal, L50, F|
|poke|p1|Ceruledge, L50, F|
|poke|p2|Altaria, L50, F|
|poke|p2|Staraptor, L50, M|
|poke|p2|Incineroar, L50, M|
|poke|p2|Gholdengo, L50|
|poke|p2|Palafin, L50, F|
|poke|p2|Maushold, L50|
|teampreview|4
|showteam|p1|Sinistcha||KasibBerry|Hospitality|MatchaGotcha,LifeDew,RagePowder,Protect|Relaxed|||||50|]Incineroar||SitrusBerry|Intimidate|FlareBlitz,ThroatChop,FakeOut,PartingShot|Impish||F|||50|]Milotic||Leftovers|Competitive|MuddyWater,Coil,Hypnosis,Protect|Calm||M|||50|]Raichu||RaichuniteY|LightningRod|ZapCannon,FocusBlast,FakeOut,Protect|Timid||M|||50|]Floette-Eternal||Floettite|FlowerVeil|DazzlingGleam,DrainingKiss,CalmMind,Protect|Timid||F|||50|]Ceruledge||ColburBerry|FlashFire|BitterBlade,ShadowSneak,BulkUp,Protect|Adamant||F|||50|
|showteam|p2|Altaria||Altarianite|CloudNine|Tailwind,HyperVoice,DracoMeteor,Protect|Modest||F|||50|]Staraptor||Staraptite|Intimidate|CloseCombat,BraveBird,Tailwind,Protect|Jolly||M|||50|]Incineroar||SitrusBerry|Intimidate|FakeOut,PartingShot,FlareBlitz,HelpingHand|Careful||M|||50|]Gholdengo||WideLens|GoodasGold|NastyPlot,MakeItRain,ShadowBall,Protect|Modest|||||50|]Palafin||MysticWater|ZerotoHero|WaveCrash,JetPunch,FlipTurn,Protect|Jolly||F|||50|]Maushold||FocusSash|FriendGuard|Taunt,FollowMe,SuperFang,Protect|Timid|||||50|
|inactive|Battle timer is ON: inactive players will automatically lose when time's up. (requested by Can I pet the dog?)
|inactive|Can I pet the dog? has 60 seconds left.
|inactive|Adroqk has 60 seconds left.
|inactive|Can I pet the dog? has 30 seconds left.
|inactive|Can I pet the dog? has 20 seconds left.
|inactive|Can I pet the dog? has 15 seconds left.
|inactive|Can I pet the dog? has 10 seconds left.
|inactive|Can I pet the dog? has 5 seconds left.
|
|t:|1783195898
|teamsize|p1|4
|teamsize|p2|4
|start
|switch|p1a: Floette|Floette-Eternal, L50, F|100/100
|switch|p1b: Incineroar|Incineroar, L50, F|100/100
|switch|p2a: Maushold|Maushold, L50|100/100
|switch|p2b: Gholdengo|Gholdengo, L50|100/100
|-ability|p1b: Incineroar|Intimidate|boost
|-unboost|p2a: Maushold|atk|1
|-unboost|p2b: Gholdengo|atk|1
|turn|1
|inactive|Adroqk has 30 seconds left.
|
|t:|1783195925
|detailschange|p1a: Floette|Floette-Mega, L50, F
|-mega|p1a: Floette|Floette|Floettite
|-ability|p1a: Floette|Fairy Aura
|move|p1b: Incineroar|Fake Out|p2a: Maushold
|-damage|p2a: Maushold|85/100
|cant|p2a: Maushold|flinch
|move|p1a: Floette|Calm Mind|p1a: Floette
|-boost|p1a: Floette|spa|1
|-boost|p1a: Floette|spd|1
|move|p2b: Gholdengo|Nasty Plot|p2b: Gholdengo
|-boost|p2b: Gholdengo|spa|2
|
|upkeep
|turn|2
|inactive|Can I pet the dog? has 30 seconds left.
|inactive|Can I pet the dog? has 20 seconds left.
|inactive|Can I pet the dog? has 15 seconds left.
|inactive|Can I pet the dog? has 10 seconds left.
|
|t:|1783195972
|switch|p2a: Incineroar|Incineroar, L50, M|100/100
|-ability|p2a: Incineroar|Intimidate|boost
|-unboost|p1a: Floette|atk|1
|-unboost|p1b: Incineroar|atk|1
|move|p1a: Floette|Protect|p1a: Floette
|-singleturn|p1a: Floette|Protect
|move|p2b: Gholdengo|Protect|p2b: Gholdengo
|-singleturn|p2b: Gholdengo|Protect
|move|p1b: Incineroar|Flare Blitz|p2b: Gholdengo
|-activate|p2b: Gholdengo|move: Protect
|
|upkeep
|turn|3
|
|t:|1783195985
|switch|p1a: Ceruledge|Ceruledge, L50, F|100/100
|move|p2a: Incineroar|Fake Out|p1b: Incineroar
|-damage|p1b: Incineroar|92/100
|move|p2b: Gholdengo|Shadow Ball|p1b: Incineroar
|-resisted|p1b: Incineroar|1
|-damage|p1b: Incineroar|53/100
|cant|p1b: Incineroar|flinch
|
|upkeep
|turn|4
|
|t:|1783196008
|switch|p2a: Maushold|Maushold, L50|85/100
|move|p1a: Ceruledge|Protect|p1a: Ceruledge
|-singleturn|p1a: Ceruledge|Protect
|move|p2b: Gholdengo|Shadow Ball|p1a: Ceruledge
|-activate|p1a: Ceruledge|move: Protect
|move|p1b: Incineroar|Flare Blitz|p2b: Gholdengo
|-supereffective|p2b: Gholdengo|1
|-damage|p2b: Gholdengo|49/100
|-damage|p1b: Incineroar|39/100|[from] Recoil
|-enditem|p1b: Incineroar|Sitrus Berry|[eat]
|-heal|p1b: Incineroar|63/100|[from] item: Sitrus Berry
|
|upkeep
|turn|5
|inactive|Can I pet the dog? has 30 seconds left.
|inactive|Can I pet the dog? has 20 seconds left.
|inactive|Can I pet the dog? has 15 seconds left.
|
|t:|1783196050
|move|p2a: Maushold|Follow Me|p2a: Maushold
|-singleturn|p2a: Maushold|move: Follow Me
|move|p2b: Gholdengo|Shadow Ball|p1a: Ceruledge
|-supereffective|p1a: Ceruledge|1
|-damage|p1a: Ceruledge|0 fnt
|faint|p1a: Ceruledge
|move|p1b: Incineroar|Flare Blitz|p2a: Maushold
|-damage|p2a: Maushold|43/100
|-damage|p1b: Incineroar|51/100|[from] Recoil
|
|upkeep
|
|t:|1783196058
|switch|p1a: Milotic|Milotic, L50, M|100/100
|turn|6
|
|t:|1783196083
|move|p2b: Gholdengo|Protect|p2b: Gholdengo
|-singleturn|p2b: Gholdengo|Protect
|move|p2a: Maushold|Taunt|p1a: Milotic
|-start|p1a: Milotic|move: Taunt
|cant|p1a: Milotic|move: Taunt|Coil
|move|p1b: Incineroar|Flare Blitz|p2b: Gholdengo
|-activate|p2b: Gholdengo|move: Protect
|
|upkeep
|turn|7
|
|t:|1783196093
|move|p2a: Maushold|Super Fang|p1b: Incineroar
|-damage|p1b: Incineroar|25/100
|move|p2b: Gholdengo|Shadow Ball|p1b: Incineroar
|-resisted|p1b: Incineroar|1
|-damage|p1b: Incineroar|0 fnt
|faint|p1b: Incineroar
|move|p1a: Milotic|Muddy Water|p2a: Maushold|[spread] p2a,p2b
|-damage|p2a: Maushold|15/100
|-damage|p2b: Gholdengo|30/100
|-unboost|p2a: Maushold|accuracy|1
|
|upkeep
|
|t:|1783196097
|switch|p1b: Floette|Floette-Mega, L50, F|100/100
|-ability|p1b: Floette|Fairy Aura
|turn|8
|inactive|Adroqk has 30 seconds left.
|
|t:|1783196125
|move|p2a: Maushold|Protect|p2a: Maushold
|-singleturn|p2a: Maushold|Protect
|move|p1b: Floette|Protect|p1b: Floette
|-singleturn|p1b: Floette|Protect
|move|p2b: Gholdengo|Make It Rain|p1b: Floette|[spread] p1a
|-activate|p1b: Floette|move: Protect
|-resisted|p1a: Milotic|1
|-damage|p1a: Milotic|69/100
|-unboost|p2b: Gholdengo|spa|2
|move|p1a: Milotic|Muddy Water|p2b: Gholdengo|[spread] p2b
|-activate|p2a: Maushold|move: Protect
|-damage|p2b: Gholdengo|12/100
|
|-heal|p1a: Milotic|75/100|[from] item: Leftovers
|-end|p1a: Milotic|move: Taunt
|upkeep
|turn|9
|
|t:|1783196148
|move|p2a: Maushold|Super Fang|p1b: Floette|[miss]
|-miss|p2a: Maushold|p1b: Floette
|move|p1b: Floette|Dazzling Gleam|p2b: Gholdengo|[spread] p2a,p2b
|-resisted|p2b: Gholdengo|1
|-damage|p2a: Maushold|0 fnt
|-damage|p2b: Gholdengo|0 fnt
|faint|p2a: Maushold
|faint|p2b: Gholdengo
|move|p1a: Milotic|Coil|p1a: Milotic
|-boost|p1a: Milotic|atk|1
|-boost|p1a: Milotic|def|1
|-boost|p1a: Milotic|accuracy|1
|
|-heal|p1a: Milotic|81/100|[from] item: Leftovers
|upkeep
|
|t:|1783196155
|switch|p2a: Altaria|Altaria, L50, F|100/100
|switch|p2b: Incineroar|Incineroar, L50, M|100/100
|-ability|p2a: Altaria|Cloud Nine
|-ability|p2b: Incineroar|Intimidate|boost
|-unboost|p1a: Milotic|atk|1
|-ability|p1a: Milotic|Competitive|boost
|-boost|p1a: Milotic|spa|2
|-unboost|p1b: Floette|atk|1
|turn|10
|
|t:|1783196172
|detailschange|p2a: Altaria|Altaria-Mega, L50, F
|-mega|p2a: Altaria|Altaria|Altarianite
|move|p1b: Floette|Protect|p1b: Floette
|-singleturn|p1b: Floette|Protect
|move|p1a: Milotic|Protect|p1a: Milotic
|-singleturn|p1a: Milotic|Protect
|move|p2b: Incineroar|Fake Out|p1a: Milotic
|-activate|p1a: Milotic|move: Protect
|move|p2a: Altaria|Tailwind|p2a: Altaria
|-sidestart|p2: Adroqk|move: Tailwind
|
|-heal|p1a: Milotic|87/100|[from] item: Leftovers
|upkeep
|turn|11
|
|t:|1783196185
|move|p2b: Incineroar|Helping Hand|p2a: Altaria
|-singleturn|p2a: Altaria|Helping Hand|[of] p2b: Incineroar
|move|p2a: Altaria|Hyper Voice|p1a: Milotic|[spread] p1a,p1b
|-crit|p1a: Milotic
|-damage|p1a: Milotic|12/100
|-damage|p1b: Floette|32/100
|move|p1b: Floette|Dazzling Gleam|p2b: Incineroar|[spread] p2a,p2b
|-supereffective|p2a: Altaria|1
|-damage|p2a: Altaria|23/100
|-damage|p2b: Incineroar|73/100
|move|p1a: Milotic|Muddy Water|p2b: Incineroar|[spread] p2a,p2b
|-resisted|p2a: Altaria|1
|-supereffective|p2b: Incineroar|1
|-damage|p2a: Altaria|3/100
|-damage|p2b: Incineroar|15/100
|-enditem|p2b: Incineroar|Sitrus Berry|[eat]
|-heal|p2b: Incineroar|40/100|[from] item: Sitrus Berry
|
|-heal|p1a: Milotic|18/100|[from] item: Leftovers
|upkeep
|turn|12
|
|t:|1783196200
|move|p1b: Floette|Protect|p1b: Floette
|-singleturn|p1b: Floette|Protect
|move|p1a: Milotic|Protect|p1a: Milotic
|-singleturn|p1a: Milotic|Protect
|move|p2a: Altaria|Hyper Voice|p1b: Floette|[spread] 
|-activate|p1a: Milotic|move: Protect
|-activate|p1b: Floette|move: Protect
|move|p2b: Incineroar|Flare Blitz|p1b: Floette
|-activate|p1b: Floette|move: Protect
|
|-heal|p1a: Milotic|24/100|[from] item: Leftovers
|upkeep
|turn|13
|
|t:|1783196206
|move|p1b: Floette|Protect|p1b: Floette
|-singleturn|p1b: Floette|Protect
|move|p1a: Milotic|Protect||[still]
|-fail|p1a: Milotic
|move|p2a: Altaria|Hyper Voice|p1a: Milotic|[spread] p1a
|-activate|p1b: Floette|move: Protect
|-damage|p1a: Milotic|0 fnt
|faint|p1a: Milotic
|move|p2b: Incineroar|Flare Blitz|p1b: Floette
|-activate|p1b: Floette|move: Protect
|
|-sideend|p2: Adroqk|move: Tailwind
|upkeep
|turn|14
|
|t:|1783196211
|move|p1b: Floette|Dazzling Gleam|p2b: Incineroar|[spread] p2a,p2b
|-supereffective|p2a: Altaria|1
|-crit|p2a: Altaria
|-damage|p2a: Altaria|0 fnt
|-damage|p2b: Incineroar|12/100
|faint|p2a: Altaria
|move|p2b: Incineroar|Flare Blitz|p1b: Floette
|-damage|p1b: Floette|0 fnt
|faint|p1b: Floette
|-damage|p2b: Incineroar|3/100|[from] Recoil
|
|win|Adroqk
