|j|☆abgesaftet
|j|☆swarley3000
|html|abgesaftetswarley3000    
|uhtml|bestof|Game 1 of a best-of-3
|t:|1785795462
|gametype|doubles
|player|p1|abgesaftet|ballguy|1428
|player|p2|swarley3000|arven-s|1377
|gen|9
|tier|[Gen 9 Champions] VGC 2026 Reg M-B (Bo3)
|rated|
|rule|Species Clause: Limit one of each Pokémon
|rule|Item Clause: Limit 1 of each item
|clearpoke
|poke|p1|Sneasler, L50, F|
|poke|p1|Sinistcha, L50|
|poke|p1|Incineroar, L50, M|
|poke|p1|Kingambit, L50, F|
|poke|p1|Delphox, L50, M|
|poke|p1|Blastoise, L50, F|
|poke|p2|Raichu, L50, F|
|poke|p2|Staraptor, L50, F|
|poke|p2|Arcanine-Hisui, L50, M|
|poke|p2|Farigiraf, L50, M|
|poke|p2|Sylveon, L50, F|
|poke|p2|Kingambit, L50, M|
|teampreview|4
|showteam|p1|Sneasler||FocusSash|PoisonTouch|FakeOut,CloseCombat,PoisonJab,QuickGuard|Jolly||F|||50|]Sinistcha||OccaBerry|Hospitality|MatchaGotcha,RagePowder,TrickRoom,Protect|Bold|||||50|]Incineroar||SitrusBerry|Intimidate|FakeOut,FlareBlitz,ThroatChop,PartingShot|Careful||M|||50|]Kingambit||LifeOrb|Defiant|KowtowCleave,SuckerPunch,SwordsDance,Protect|Adamant||F|||50|]Delphox||Delphoxite|Blaze|HeatWave,Psychic,NastyPlot,Protect|Timid||M|||50|]Blastoise||Blastoisinite|RainDish|WaterSpout,DarkPulse,ShellSmash,Protect|Modest||F|||50|
|showteam|p2|Raichu||RaichuniteY|LightningRod|ZapCannon,FocusBlast,FakeOut,Protect|Timid||F|||50|]Staraptor||Staraptite|Intimidate|CloseCombat,DualWingbeat,Tailwind,Protect|Jolly||F|||50|]Arcanine-Hisui||FocusSash|RockHead|FlareBlitz,HeadSmash,ExtremeSpeed,Protect|Jolly||M|||50|]Farigiraf||SitrusBerry|ArmorTail|Psychic,HelpingHand,TrickRoom,Protect|Calm||M|||50|]Sylveon||FairyFeather|Pixilate|HyperVoice,QuickAttack,HyperBeam,Detect|Modest||F|||50|]Kingambit||LifeOrb|Defiant|KowtowCleave,SuckerPunch,SwordsDance,Protect|Adamant||M|||50|
|inactive|Battle timer is ON: inactive players will automatically lose when time's up. (requested by swarley3000)
|j| Coach Paddy
|inactive|swarley3000 has 60 seconds left.
|
|t:|1785795510
|teamsize|p1|4
|teamsize|p2|4
|start
|switch|p1a: Blastoise|Blastoise, L50, F|100/100
|switch|p1b: Incineroar|Incineroar, L50, M|100/100
|switch|p2a: Raichu|Raichu, L50, F|100/100
|switch|p2b: Arcanine|Arcanine-Hisui, L50, M|100/100
|-ability|p1b: Incineroar|Intimidate|boost
|-unboost|p2a: Raichu|atk|1
|-unboost|p2b: Arcanine|atk|1
|turn|1
|
|t:|1785795534
|switch|p1b: Sinistcha|Sinistcha, L50|100/100
|detailschange|p2a: Raichu|Raichu-Mega-Y, L50, F
|-mega|p2a: Raichu|Raichu|Raichunite Y
|detailschange|p1a: Blastoise|Blastoise-Mega, L50, F
|-mega|p1a: Blastoise|Blastoise|Blastoisinite
|move|p1a: Blastoise|Protect|p1a: Blastoise
|-singleturn|p1a: Blastoise|Protect
|move|p2a: Raichu|Fake Out|p1a: Blastoise
|-activate|p1a: Blastoise|move: Protect
|move|p2b: Arcanine|Head Smash|p1b: Sinistcha|[miss]
|-miss|p2b: Arcanine|p1b: Sinistcha
|
|upkeep
|turn|2
|
|t:|1785795550
|switch|p2a: Kingambit|Kingambit, L50, M|100/100
|move|p1b: Sinistcha|Rage Powder|p1b: Sinistcha
|-singleturn|p1b: Sinistcha|move: Rage Powder
|move|p2b: Arcanine|Flare Blitz|p1b: Sinistcha
|-supereffective|p1b: Sinistcha|1
|-enditem|p1b: Sinistcha|Occa Berry|[eat]
|-enditem|p1b: Sinistcha|Occa Berry|[weaken]
|-damage|p1b: Sinistcha|70/100
|move|p1a: Blastoise|Water Spout|p2b: Arcanine|[spread] p2a,p2b
|-supereffective|p2b: Arcanine|2
|-damage|p2a: Kingambit|31/100
|-enditem|p2b: Arcanine|Focus Sash
|-damage|p2b: Arcanine|1/100
|
|upkeep
|turn|3
|
|t:|1785795564
|move|p1b: Sinistcha|Rage Powder|p1b: Sinistcha
|-singleturn|p1b: Sinistcha|move: Rage Powder
|move|p2a: Kingambit|Sucker Punch||[still]
|-fail|p2a: Kingambit
|move|p2b: Arcanine|Flare Blitz|p1b: Sinistcha
|-supereffective|p1b: Sinistcha|1
|-damage|p1b: Sinistcha|5/100
|move|p1a: Blastoise|Water Spout|p2a: Kingambit|[spread] p2a,p2b
|-supereffective|p2b: Arcanine|2
|-damage|p2a: Kingambit|0 fnt
|-damage|p2b: Arcanine|0 fnt
|faint|p2a: Kingambit
|faint|p2b: Arcanine
|
|upkeep
|
|t:|1785795570
|switch|p2b: Raichu|Raichu-Mega-Y, L50, F|100/100
|switch|p2a: Sylveon|Sylveon, L50, F|100/100
|turn|4
|
|t:|1785795574
|move|p1a: Blastoise|Protect|p1a: Blastoise
|-singleturn|p1a: Blastoise|Protect
|move|p1b: Sinistcha|Protect|p1b: Sinistcha
|-singleturn|p1b: Sinistcha|Protect
|move|p2a: Sylveon|Quick Attack|p1b: Sinistcha
|-activate|p1b: Sinistcha|move: Protect
|move|p2b: Raichu|Zap Cannon|p1a: Blastoise
|-activate|p1a: Blastoise|move: Protect
|
|upkeep
|turn|5
|
|t:|1785795592
|switch|p1a: Incineroar|Incineroar, L50, M|100/100
|-ability|p1a: Incineroar|Intimidate|boost
|-unboost|p2a: Sylveon|atk|1
|-unboost|p2b: Raichu|atk|1
|move|p1b: Sinistcha|Protect||[still]
|-fail|p1b: Sinistcha
|move|p2a: Sylveon|Quick Attack|p1b: Sinistcha
|-damage|p1b: Sinistcha|0 fnt
|faint|p1b: Sinistcha
|move|p2b: Raichu|Zap Cannon|p1a: Incineroar
|-damage|p1a: Incineroar|46/100
|-status|p1a: Incineroar|par
|-enditem|p1a: Incineroar|Sitrus Berry|[eat]
|-heal|p1a: Incineroar|71/100 par|[from] item: Sitrus Berry
|
|upkeep
|
|t:|1785795599
|switch|p1b: Sneasler|Sneasler, L50, F|100/100
|turn|6
|
|t:|1785795611
|move|p1a: Incineroar|Fake Out|p2b: Raichu
|-damage|p2b: Raichu|82/100
|cant|p2b: Raichu|flinch
|move|p1b: Sneasler|Close Combat|p2b: Raichu
|-crit|p2b: Raichu
|-damage|p2b: Raichu|0 fnt
|-unboost|p1b: Sneasler|def|1
|-unboost|p1b: Sneasler|spd|1
|faint|p2b: Raichu
|move|p2a: Sylveon|Hyper Voice|p1a: Incineroar|[spread] p1a,p1b
|-damage|p1a: Incineroar|35/100 par
|-damage|p1b: Sneasler|4/100
|
|upkeep
|turn|7
|
|t:|1785795623
|move|p2a: Sylveon|Quick Attack|p1b: Sneasler
|-damage|p1b: Sneasler|0 fnt
|faint|p1b: Sneasler
|move|p1a: Incineroar|Flare Blitz|p2a: Sylveon
|-damage|p2a: Sylveon|50/100g
|-damage|p1a: Incineroar|20/100y par|[from] Recoil
|
|upkeep
|
|t:|1785795629
|switch|p1b: Blastoise|Blastoise-Mega, L50, F|100/100
|turn|8
|
|t:|1785795634
|move|p1b: Blastoise|Water Spout|p2a: Sylveon
|-damage|p2a: Sylveon|0 fnt
|faint|p2a: Sylveon
|
|win|abgesaftet
||swarley3000 is ready for game 2.
||abgesaftet is ready for game 2.
|uhtml|next|Next: Game 2 of 3
|l| Coach Paddy
