|j|☆aYeal
|j|☆browe
|html|aYealbrowe    
|uhtml|bestof|Game 2 of a best-of-3
|t:|1757721737
|gametype|doubles
|player|p1|aYeal|cynthia|1196
|player|p2|browe|shadowtriad|1242
|gen|9
|tier|[Gen 9] VGC 2025 Reg H (Bo3)
|rated|
|rule|Species Clause: Limit one of each Pokémon
|rule|Item Clause: Limit 1 of each item
|clearpoke
|poke|p1|Baxcalibur, L50, F|
|poke|p1|Sneasler, L50, M|
|poke|p1|Volcarona, L50, M|
|poke|p1|Electabuzz, L50, M|
|poke|p1|Rillaboom, L50, M|
|poke|p1|Ninetales-Alola, L50, F|
|poke|p2|Sneasler, L50, M|
|poke|p2|Pelipper, L50, M|
|poke|p2|Basculegion, L50, M|
|poke|p2|Indeedee, L50, M|
|poke|p2|Amoonguss, L50, F|
|poke|p2|Archaludon, L50, M|
|teampreview|4
|showteam|p1|Baxcalibur||LoadedDice|ThermalExchange|IcicleSpear,ScaleShot,IceShard,Protect|||F|||50|,,,,,Grass]Sneasler||FocusSash|Unburden|CloseCombat,DireClaw,FakeOut,Coaching|||M|||50|,,,,,Stellar]Volcarona||Leftovers|FlameBody|HeatWave,TeraBlast,QuiverDance,Protect|||M|||50|,,,,,Ground]Electabuzz||Eviolite|VitalSpirit|HelpingHand,FollowMe,Taunt,Thunderbolt|||M|||50|,,,,,Ghost]Rillaboom||AssaultVest|GrassySurge|GrassyGlide,FakeOut,Uturn,WoodHammer|||M|||50|,,,,,Water]Ninetales-Alola||CovertCloak|SnowWarning|Moonblast,Blizzard,AuroraVeil,IcyWind|||F|||50|,,,,,Steel
|showteam|p2|Sneasler||PsychicSeed|Unburden|DireClaw,CloseCombat,ThroatChop,Protect|||M|||50|,,,,,Dark]Pelipper||FocusSash|Drizzle|Hurricane,WeatherBall,Tailwind,Protect|||M|||50|,,,,,Ghost]Basculegion||ChoiceBand|SwiftSwim|WaveCrash,LastRespects,AquaJet,FlipTurn|||M|||50|,,,,,Grass]Indeedee||ChoiceScarf|PsychicSurge|ExpandingForce,DazzlingGleam,ShadowBall,Trick|||M|||50|,,,,,Psychic]Amoonguss||SitrusBerry|Regenerator|PollenPuff,RagePowder,ClearSmog,Spore|||F|||50|,,,,,Psychic]Archaludon||AssaultVest|Stamina|DracoMeteor,FlashCannon,ElectroShot,BodyPress|||M|||50|,,,,,Bug
|inactive|Battle timer is ON: inactive players will automatically lose when time's up. (requested by aYeal)
|inactive|aYeal has 60 seconds left.
|
|t:|1757721779
|teamsize|p1|4
|teamsize|p2|4
|start
|switch|p1a: Sneasler|Sneasler, L50, M|100/100
|switch|p1b: Baxcalibur|Baxcalibur, L50, F|100/100
|switch|p2a: Sneasler|Sneasler, L50, M|100/100
|switch|p2b: Pelipper|Pelipper, L50, M|100/100
|-weather|RainDance|[from] ability: Drizzle|[of] p2b: Pelipper
|turn|1
|
|t:|1757721799
|switch|p2b: Indeedee|Indeedee, L50, M|100/100
|-fieldstart|move: Psychic Terrain|[from] ability: Psychic Surge|[of] p2b: Indeedee
|-enditem|p2a: Sneasler|Psychic Seed
|-boost|p2a: Sneasler|spd|1|[from] item: Psychic Seed
|move|p1a: Sneasler|Fake Out|p2a: Sneasler
|-activate|p2a: Sneasler|move: Psychic Terrain
|move|p2a: Sneasler|Dire Claw|p1b: Baxcalibur
|-damage|p1b: Baxcalibur|60/100
|move|p1b: Baxcalibur|Scale Shot|p2b: Indeedee
|-damage|p2b: Indeedee|71/100
|-damage|p2b: Indeedee|42/100
|-damage|p2b: Indeedee|13/100
|-damage|p2b: Indeedee|0 fnt
|faint|p2b: Indeedee
|-hitcount|p2: Indeedee|4
|-unboost|p1b: Baxcalibur|def|1
|-boost|p1b: Baxcalibur|spe|1
|
|-weather|RainDance|[upkeep]
|upkeep
|
|t:|1757721813
|switch|p2b: Basculegion|Basculegion, L50, M|100/100
|turn|2
|inactive|browe has 30 seconds left.
|
|t:|1757721840
|switch|p1a: Electabuzz|Electabuzz, L50, M|100/100
|move|p1b: Baxcalibur|Protect|p1b: Baxcalibur
|-singleturn|p1b: Baxcalibur|Protect
|move|p2a: Sneasler|Dire Claw|p1a: Electabuzz
|-damage|p1a: Electabuzz|67/100
|move|p2b: Basculegion|Last Respects|p1b: Baxcalibur
|-activate|p1b: Baxcalibur|move: Protect
|
|-weather|RainDance|[upkeep]
|upkeep
|turn|3
|
|t:|1757721861
|move|p1a: Electabuzz|Follow Me|p1a: Electabuzz
|-singleturn|p1a: Electabuzz|move: Follow Me
|move|p2a: Sneasler|Dire Claw|p1a: Electabuzz
|-damage|p1a: Electabuzz|32/100
|move|p2b: Basculegion|Last Respects|p1a: Electabuzz
|-damage|p1a: Electabuzz|0 fnt
|faint|p1a: Electabuzz
|move|p1b: Baxcalibur|Scale Shot|p2a: Sneasler
|-damage|p2a: Sneasler|77/100
|-damage|p2a: Sneasler|52/100
|-damage|p2a: Sneasler|30/100
|-damage|p2a: Sneasler|5/100
|-damage|p2a: Sneasler|0 fnt
|faint|p2a: Sneasler
|-hitcount|p2: Sneasler|5
|-unboost|p1b: Baxcalibur|def|1
|-boost|p1b: Baxcalibur|spe|1
|
|-weather|RainDance|[upkeep]
|upkeep
|
|t:|1757721873
|switch|p2a: Pelipper|Pelipper, L50, M|100/100
|switch|p1a: Volcarona|Volcarona, L50, M|100/100
|turn|4
|inactive|aYeal has 30 seconds left.
|
|t:|1757721907
|move|p1b: Baxcalibur|Scale Shot|p2b: Basculegion
|-damage|p2b: Basculegion|83/100
|-damage|p2b: Basculegion|66/100
|-damage|p2b: Basculegion|49/100
|-damage|p2b: Basculegion|33/100
|-damage|p2b: Basculegion|17/100
|-hitcount|p2b: Basculegion|5
|-unboost|p1b: Baxcalibur|def|1
|-boost|p1b: Baxcalibur|spe|1
|move|p2b: Basculegion|Last Respects|p1b: Baxcalibur
|-damage|p1b: Baxcalibur|0 fnt
|faint|p1b: Baxcalibur
|move|p1a: Volcarona|Quiver Dance|p1a: Volcarona
|-boost|p1a: Volcarona|spa|1
|-boost|p1a: Volcarona|spd|1
|-boost|p1a: Volcarona|spe|1
|move|p2a: Pelipper|Weather Ball|p1a: Volcarona
|-supereffective|p1a: Volcarona
|-damage|p1a: Volcarona|12/100
|
|-weather|RainDance|[upkeep]
|-heal|p1a: Volcarona|18/100|[from] item: Leftovers
|upkeep
|
|t:|1757721919
|switch|p1b: Sneasler|Sneasler, L50, M|100/100
|turn|5
|inactive|aYeal has 30 seconds left.
|inactive|aYeal has 20 seconds left.
|inactive|aYeal has 15 seconds left.
|
|t:|1757721962
|move|p1a: Volcarona|Protect|p1a: Volcarona
|-singleturn|p1a: Volcarona|Protect
|move|p2b: Basculegion|Last Respects|p1b: Sneasler
|-enditem|p1b: Sneasler|Focus Sash
|-damage|p1b: Sneasler|1/100
|move|p1b: Sneasler|Dire Claw|p2b: Basculegion
|-resisted|p2b: Basculegion
|-damage|p2b: Basculegion|0 fnt
|faint|p2b: Basculegion
|move|p2a: Pelipper|Hurricane|p1b: Sneasler
|-supereffective|p1b: Sneasler
|-damage|p1b: Sneasler|0 fnt
|faint|p1b: Sneasler
|
|-weather|none
|-heal|p1a: Volcarona|24/100|[from] item: Leftovers
|-fieldend|move: Psychic Terrain
|upkeep
|turn|6
|inactive|browe has 30 seconds left.
|inactive|browe has 20 seconds left.
|
|t:|1757722001
|-terastallize|p1a: Volcarona|Ground
|move|p1a: Volcarona|Quiver Dance|p1a: Volcarona
|-boost|p1a: Volcarona|spa|1
|-boost|p1a: Volcarona|spd|1
|-boost|p1a: Volcarona|spe|1
|move|p2a: Pelipper|Weather Ball|p1a: Volcarona
|-damage|p1a: Volcarona|16/100
|
|-heal|p1a: Volcarona|22/100|[from] item: Leftovers
|upkeep
|turn|7
|
|t:|1757722016
|move|p1a: Volcarona|Protect|p1a: Volcarona
|-singleturn|p1a: Volcarona|Protect
|move|p2a: Pelipper|Hurricane|p1a: Volcarona
|-activate|p1a: Volcarona|move: Protect
|
|-heal|p1a: Volcarona|29/100|[from] item: Leftovers
|upkeep
|turn|8
|
|t:|1757722018
|move|p1a: Volcarona|Heat Wave|p2a: Pelipper|[miss]
|-miss|p1a: Volcarona|p2a: Pelipper
|move|p2a: Pelipper|Hurricane|p1a: Volcarona
|-damage|p1a: Volcarona|5/100
|
|-heal|p1a: Volcarona|11/100|[from] item: Leftovers
|upkeep
|turn|9
|
|t:|1757722027
|move|p1a: Volcarona|Protect|p1a: Volcarona
|-singleturn|p1a: Volcarona|Protect
|move|p2a: Pelipper|Hurricane|p1a: Volcarona
|-activate|p1a: Volcarona|move: Protect
|
|-heal|p1a: Volcarona|17/100|[from] item: Leftovers
|upkeep
|turn|10
|
|t:|1757722032
|move|p1a: Volcarona|Quiver Dance|p1a: Volcarona
|-boost|p1a: Volcarona|spa|1
|-boost|p1a: Volcarona|spd|1
|-boost|p1a: Volcarona|spe|1
|move|p2a: Pelipper|Hurricane|p1a: Volcarona
|-damage|p1a: Volcarona|0 fnt
|faint|p1a: Volcarona
|
|win|browe
||browe is ready for game 3.
||aYeal is ready for game 3.
|uhtml|next|Next: Game 3 of 3
|l|☆aYeal
|player|p1|
