|j|☆strolin stu
|j|☆IngeVGC
|html|strolin stuIngeVGC    
|uhtml|bestof|Game 1 of a best-of-3
|t:|1784050757
|gametype|doubles
|player|p1|strolin stu|psychicf-gen4|1204
|player|p2|IngeVGC|fisherman-gen4|1180
|gen|9
|tier|[Gen 9 Champions] VGC 2026 Reg M-B (Bo3)
|rated|
|rule|Species Clause: Limit one of each Pokémon
|rule|Item Clause: Limit 1 of each item
|clearpoke
|poke|p1|Scovillain, L50, M|
|poke|p1|Gholdengo, L50|
|poke|p1|Kommo-o, L50, M|
|poke|p1|Lycanroc-Dusk, L50, M|
|poke|p1|Ninetales-Alola, L50, M|
|poke|p1|Kangaskhan, L50, F|
|poke|p2|Aerodactyl, L50, M|
|poke|p2|Kingambit, L50, M, shiny|
|poke|p2|Farigiraf, L50, F, shiny|
|poke|p2|Charizard, L50, M, shiny|
|poke|p2|Sylveon, L50, M, shiny|
|poke|p2|Garchomp, L50, F, shiny|
|teampreview|4
|showteam|p1|Scovillain||Scovillainite|Moody|LeechSeed,RagePowder,Protect,Overheat|Bold||M|||50|]Gholdengo||LifeOrb|GoodasGold|NastyPlot,MakeItRain,Protect,ShadowBall|Modest|||||50|]Kommo-o||SitrusBerry|Soundproof|ClangorousSoul,AuraSphere,ClangingScales,Protect|Modest||M|||50|]Lycanroc-Dusk||FocusSash|ToughClaws|Accelerock,CloseCombat,RockSlide,Protect|Jolly||M|||50|]Ninetales-Alola||NeverMeltIce|SnowWarning|FreezeDry,Blizzard,AuroraVeil,HelpingHand|Timid||M|||50|]Kangaskhan||Kangaskhanite|Scrappy|FakeOut,SuckerPunch,DoubleEdge,DrainPunch|Adamant||F|||50|
|showteam|p2|Aerodactyl||Aerodactylite|Unnerve|IceFang,DualWingbeat,RockSlide,Tailwind|Jolly||M|||50|]Kingambit||FocusSash|Defiant|KowtowCleave,IronHead,SuckerPunch,LowKick|Adamant||M|||50|]Farigiraf||SitrusBerry|ArmorTail|TrickRoom,Psychic,Thunderbolt,Roar|Bold||F|||50|]Charizard||CharizarditeY|SolarPower|HeatWave,WeatherBall,SolarBeam,Protect|Modest||M|||50|]Sylveon||FairyFeather|Pixilate|Detect,HyperVoice,HyperBeam,QuickAttack|Modest||M|||50|]Garchomp||LifeOrb|RoughSkin|Protect,DragonClaw,Earthquake,StompingTantrum|Jolly||F|||50|
|c|☆strolin stu|glhf
|c|☆IngeVGC|Glhf
|inactive|Battle timer is ON: inactive players will automatically lose when time's up. (requested by IngeVGC)
|inactive|IngeVGC has 60 seconds left.
|
|t:|1784050818
|teamsize|p1|4
|teamsize|p2|4
|start
|switch|p1a: Scovillain|Scovillain, L50, M|100/100
|switch|p1b: Kommo-o|Kommo-o, L50, M|100/100
|switch|p2a: Charizard|Charizard, L50, M, shiny|100/100
|switch|p2b: Kingambit|Kingambit, L50, M, shiny|100/100
|turn|1
|
|t:|1784050837
|switch|p2b: Farigiraf|Farigiraf, L50, F, shiny|100/100
|detailschange|p2a: Charizard|Charizard-Mega-Y, L50, M, shiny
|-mega|p2a: Charizard|Charizard|Charizardite Y
|-weather|SunnyDay|[from] ability: Drought|[of] p2a: Charizard
|detailschange|p1a: Scovillain|Scovillain-Mega, L50, M
|-mega|p1a: Scovillain|Scovillain|Scovillainite
|move|p1a: Scovillain|Rage Powder|p1a: Scovillain
|-singleturn|p1a: Scovillain|move: Rage Powder
|move|p1b: Kommo-o|Clangorous Soul|p1b: Kommo-o
|-boost|p1b: Kommo-o|atk|1
|-boost|p1b: Kommo-o|def|1
|-boost|p1b: Kommo-o|spa|1
|-boost|p1b: Kommo-o|spd|1
|-boost|p1b: Kommo-o|spe|1
|-damage|p1b: Kommo-o|67/100
|move|p2a: Charizard|Heat Wave|p1a: Scovillain|[spread] p1a,p1b
|-resisted|p1b: Kommo-o|1
|-damage|p1a: Scovillain|31/100
|-damage|p1b: Kommo-o|47/100
|-immune|p2a: Charizard
|-enditem|p1b: Kommo-o|Sitrus Berry|[eat]
|-heal|p1b: Kommo-o|72/100|[from] item: Sitrus Berry
|
|-weather|SunnyDay|[upkeep]
|upkeep
|turn|2
|inactive|strolin stu has 30 seconds left.
|inactive|IngeVGC has 30 seconds left.
|inactive|IngeVGC has 20 seconds left.
|inactive|strolin stu has 20 seconds left.
|
|t:|1784050877
|move|p1b: Kommo-o|Clanging Scales|p2a: Charizard|[spread] p2a,p2b
|-damage|p2a: Charizard|52/100
|-damage|p2b: Farigiraf|53/100
|-unboost|p1b: Kommo-o|def|1
|move|p2a: Charizard|Heat Wave|p1b: Kommo-o|[spread] p1a,p1b
|-resisted|p1b: Kommo-o|1
|-damage|p1a: Scovillain|0 fnt
|-damage|p1b: Kommo-o|52/100
|-immune|p2a: Charizard
|faint|p1a: Scovillain
|move|p2b: Farigiraf|Psychic|p1b: Kommo-o
|-supereffective|p1b: Kommo-o|1
|-damage|p1b: Kommo-o|7/100
|
|-weather|SunnyDay|[upkeep]
|upkeep
|
|t:|1784050891
|switch|p1a: Lycanroc|Lycanroc-Dusk, L50, M|100/100
|turn|3
|
|t:|1784050905
|switch|p2b: Kingambit|Kingambit, L50, M, shiny|100/100
|move|p2a: Charizard|Protect|p2a: Charizard
|-singleturn|p2a: Charizard|Protect
|move|p1b: Kommo-o|Clanging Scales|p2a: Charizard|[spread] p2b
|-activate|p2a: Charizard|move: Protect
|-resisted|p2b: Kingambit|1
|-damage|p2b: Kingambit|67/100
|-unboost|p1b: Kommo-o|def|1
|move|p1a: Lycanroc|Rock Slide|p2a: Charizard|[spread] p2b
|-activate|p2a: Charizard|move: Protect
|-resisted|p2b: Kingambit|1
|-damage|p2b: Kingambit|54/100
|
|-weather|SunnyDay|[upkeep]
|upkeep
|turn|4
|inactive|strolin stu has 30 seconds left.
|
|t:|1784050931
|switch|p2b: Sylveon|Sylveon, L50, M, shiny|100/100
|move|p1b: Kommo-o|Protect|p1b: Kommo-o
|-singleturn|p1b: Kommo-o|Protect
|move|p1a: Lycanroc|Accelerock|p2a: Charizard
|-supereffective|p2a: Charizard|2
|-damage|p2a: Charizard|0 fnt
|faint|p2a: Charizard
|
|-weather|SunnyDay|[upkeep]
|upkeep
|
|t:|1784050938
|switch|p2a: Kingambit|Kingambit, L50, M, shiny|54/100
|turn|5
|
|t:|1784050953
|move|p2a: Kingambit|Sucker Punch|p1a: Lycanroc
|-damage|p1a: Lycanroc|27/100
|move|p2b: Sylveon|Quick Attack|p1b: Kommo-o
|-supereffective|p1b: Kommo-o|2
|-damage|p1b: Kommo-o|0 fnt
|faint|p1b: Kommo-o
|move|p1a: Lycanroc|Close Combat|p2a: Kingambit
|-supereffective|p2a: Kingambit|2
|-damage|p2a: Kingambit|0 fnt
|-unboost|p1a: Lycanroc|def|1
|-unboost|p1a: Lycanroc|spd|1
|faint|p2a: Kingambit
|
|-weather|none
|upkeep
|
|t:|1784050968
|switch|p1b: Ninetales|Ninetales-Alola, L50, M|100/100
|switch|p2a: Farigiraf|Farigiraf, L50, F, shiny|53/100
|-weather|Snowscape|[from] ability: Snow Warning|[of] p1b: Ninetales
|turn|6
|
|t:|1784050983
|move|p1a: Lycanroc|Rock Slide|p2a: Farigiraf|[spread] p2a,p2b
|-damage|p2a: Farigiraf|32/100
|-damage|p2b: Sylveon|67/100
|-enditem|p2a: Farigiraf|Sitrus Berry|[eat]
|-heal|p2a: Farigiraf|57/100|[from] item: Sitrus Berry
|move|p1b: Ninetales|Blizzard|p2b: Sylveon|[spread] p2a,p2b
|-damage|p2a: Farigiraf|22/100
|-damage|p2b: Sylveon|35/100
|move|p2b: Sylveon|Hyper Voice|p1a: Lycanroc|[spread] p1a,p1b
|-damage|p1a: Lycanroc|0 fnt
|-damage|p1b: Ninetales|49/100
|faint|p1a: Lycanroc
|move|p2a: Farigiraf|Trick Room|p2a: Farigiraf
|-fieldstart|move: Trick Room|[of] p2a: Farigiraf
|
|-weather|Snowscape|[upkeep]
|upkeep
|turn|7
|
|t:|1784050996
|move|p2a: Farigiraf|Psychic|p1b: Ninetales
|-damage|p1b: Ninetales|9/100
|move|p2b: Sylveon|Hyper Voice|p1b: Ninetales
|-damage|p1b: Ninetales|0 fnt
|faint|p1b: Ninetales
|
|win|IngeVGC
||strolin stu is ready for game 2.
||IngeVGC is ready for game 2.
|uhtml|next|Next: Game 2 of 3
|l|☆strolin stu
|player|p1|
