|j|вҳҶGamerFletch
|j|вҳҶEgoJJ
|html|GamerFletchEgoJJ    
|uhtml|bestof|Game 2 of a best-of-3
|t:|1756937817
|gametype|doubles
|player|p1|GamerFletch|2|1055
|player|p2|EgoJJ|brock|1149
|gen|9
|tier|[Gen 9] VGC 2025 Reg H (Bo3)
|rated|
|rule|Species Clause: Limit one of each PokГ©mon
|rule|Item Clause: Limit 1 of each item
|clearpoke
|poke|p1|Ursaluna, L50, M|
|poke|p1|Torkoal, L50, F|
|poke|p1|Whimsicott, L50, F|
|poke|p1|Exeggutor, L50, F|
|poke|p1|Toedscruel, L50, M|
|poke|p1|Weezing-Galar, L50, M|
|poke|p2|Hatterene, L50, F|
|poke|p2|Indeedee-F, L50, F|
|poke|p2|Ursaluna, L50, M|
|poke|p2|Torkoal, L50, M|
|poke|p2|Lilligant-Hisui, L50, F|
|poke|p2|Gallade, L50, M|
|teampreview|4
|showteam|p1|Ursaluna||FlameOrb|Guts|Facade,Protect,HeadlongRush,Taunt|||M|||50|,,,,,Ground]Torkoal||HeatRock|Drought|HelpingHand,Eruption,BodyPress,Protect|||F|||50|,,,,,Fire]Whimsicott||FocusSash|Prankster|TrickRoom,Encore,Moonblast,HelpingHand|||F|||50|,,,,,Ghost]Exeggutor||SitrusBerry|Harvest|GigaDrain,TrickRoom,Psychic,Protect|||F|||50|,,,,,Poison]Toedscruel||CovertCloak|MyceliumMight|Spore,AcidSpray,Protect,EarthPower|||M|||50|,,,,,Water]Weezing-Galar||ChoiceSpecs|NeutralizingGas|SludgeBomb,Flamethrower,DazzlingGleam,StrangeSteam|||M|||50|,,,,,Fire
|showteam|p2|Hatterene||LifeOrb|MagicBounce|ExpandingForce,TrickRoom,DazzlingGleam,Protect|||F|||50|,,,,,Psychic]Indeedee-F||PsychicSeed|PsychicSurge|TrickRoom,FollowMe,HelpingHand,DazzlingGleam|||F|||50|,,,,,Fire]Ursaluna||FlameOrb|Guts|HeadlongRush,Facade,SwordsDance,Protect|||M|||50|,,,,,Ghost]Torkoal||ChoiceSpecs|Drought|Eruption,HeatWave,WeatherBall,EarthPower|||M|||50|,,,,,Fire]Lilligant-Hisui||FocusSash|Chlorophyll|SolarBlade,SleepPowder,CloseCombat,AfterYou|||F|||50|,,,,,Ghost]Gallade||ClearAmulet|Sharpness|PsychoCut,TrickRoom,SacredSword,WideGuard|||M|||50|,,,,,Grass
|inactive|Battle timer is ON: inactive players will automatically lose when time's up. (requested by EgoJJ)
|inactive|GamerFletch has 60 seconds left.
|
|t:|1756937848
|teamsize|p1|4
|teamsize|p2|4
|start
|switch|p1a: Torkoal|Torkoal, L50, F, shiny|100/100
|switch|p1b: Whimsicott|Whimsicott, L50, F, shiny|100/100
|switch|p2a: еӨӘжЁӮе·ҙжҲҲж–Ҝ|Torkoal, L50, M, shiny|100/100
|switch|p2b: зҙ«з«ҪеҘҪеҸҜж„ӣ|Lilligant-Hisui, L50, F, shiny|100/100
|-weather|SunnyDay|[from] ability: Drought|[of] p2a: еӨӘжЁӮе·ҙжҲҲж–Ҝ
|turn|1
|
|t:|1756937874
|move|p1a: Torkoal|Protect|p1a: Torkoal
|-singleturn|p1a: Torkoal|Protect
|move|p2b: зҙ«з«ҪеҘҪеҸҜж„ӣ|Sleep Powder|p1a: Torkoal
|-activate|p1a: Torkoal|move: Protect
|move|p2a: еӨӘжЁӮе·ҙжҲҲж–Ҝ|Eruption|p1a: Torkoal|[spread] p1b
|-activate|p1a: Torkoal|move: Protect
|-supereffective|p1b: Whimsicott
|-enditem|p1b: Whimsicott|Focus Sash
|-damage|p1b: Whimsicott|1/100
|move|p1b: Whimsicott|Trick Room|p1b: Whimsicott
|-fieldstart|move: Trick Room|[of] p1b: Whimsicott
|
|-weather|SunnyDay|[upkeep]
|upkeep
|turn|2
|
|t:|1756937897
|-terastallize|p1a: Torkoal|Fire
|move|p1b: Whimsicott|Helping Hand|p1a: Torkoal
|-singleturn|p1a: Torkoal|Helping Hand|[of] p1b: Whimsicott
|move|p1a: Torkoal|Eruption|p2b: зҙ«з«ҪеҘҪеҸҜж„ӣ|[spread] p2a,p2b
|-resisted|p2a: еӨӘжЁӮе·ҙжҲҲж–Ҝ
|-supereffective|p2b: зҙ«з«ҪеҘҪеҸҜж„ӣ
|-damage|p2a: еӨӘжЁӮе·ҙжҲҲж–Ҝ|34/100
|-enditem|p2b: зҙ«з«ҪеҘҪеҸҜж„ӣ|Focus Sash
|-damage|p2b: зҙ«з«ҪеҘҪеҸҜж„ӣ|1/100
|move|p2a: еӨӘжЁӮе·ҙжҲҲж–Ҝ|Eruption|p1b: Whimsicott|[spread] p1a,p1b
|-resisted|p1a: Torkoal
|-supereffective|p1b: Whimsicott
|-damage|p1a: Torkoal|78/100
|-damage|p1b: Whimsicott|0 fnt
|faint|p1b: Whimsicott
|move|p2b: зҙ«з«ҪеҘҪеҸҜж„ӣ|Sleep Powder|p1a: Torkoal|[miss]
|-miss|p2b: зҙ«з«ҪеҘҪеҸҜж„ӣ|p1a: Torkoal
|
|-weather|SunnyDay|[upkeep]
|upkeep
|
|t:|1756937915
|switch|p1b: Ursaluna|Ursaluna, L50, M|100/100
|turn|3
|
|t:|1756937930
|move|p1a: Torkoal|Eruption|p2a: еӨӘжЁӮе·ҙжҲҲж–Ҝ|[spread] p2a,p2b
|-resisted|p2a: еӨӘжЁӮе·ҙжҲҲж–Ҝ
|-supereffective|p2b: зҙ«з«ҪеҘҪеҸҜж„ӣ
|-damage|p2a: еӨӘжЁӮе·ҙжҲҲж–Ҝ|0 fnt
|-damage|p2b: зҙ«з«ҪеҘҪеҸҜж„ӣ|0 fnt
|faint|p2a: еӨӘжЁӮе·ҙжҲҲж–Ҝ
|faint|p2b: зҙ«з«ҪеҘҪеҸҜж„ӣ
|move|p1b: Ursaluna|Taunt|p2: еӨӘжЁӮе·ҙжҲҲж–Ҝ|[notarget]
|-fail|p1b: Ursaluna
|
|-weather|SunnyDay|[upkeep]
|-status|p1b: Ursaluna|brn|[from] item: Flame Orb
|upkeep
|
|t:|1756937937
|switch|p2a: зҙ«з«Ҫи¶…еҸҜж„ӣ|Indeedee-F, L50, F, shiny|100/100
|switch|p2b: зҙ«з«ҪиҰӘиЎӣйҡҠ|Gallade, L50, M, shiny|100/100
|-fieldstart|move: Psychic Terrain|[from] ability: Psychic Surge|[of] p2a: зҙ«з«Ҫи¶…еҸҜж„ӣ
|-enditem|p2a: зҙ«з«Ҫи¶…еҸҜж„ӣ|Psychic Seed
|-boost|p2a: зҙ«з«Ҫи¶…еҸҜж„ӣ|spd|1|[from] item: Psychic Seed
|turn|4
|
|t:|1756937952
|move|p2b: зҙ«з«ҪиҰӘиЎӣйҡҠ|Wide Guard|p2b: зҙ«з«ҪиҰӘиЎӣйҡҠ
|-singleturn|p2b: зҙ«з«ҪиҰӘиЎӣйҡҠ|Wide Guard
|move|p1a: Torkoal|Eruption|p2b: зҙ«з«ҪиҰӘиЎӣйҡҠ|[spread] 
|-activate|p2a: зҙ«з«Ҫи¶…еҸҜж„ӣ|move: Wide Guard
|-activate|p2b: зҙ«з«ҪиҰӘиЎӣйҡҠ|move: Wide Guard
|move|p1b: Ursaluna|Facade|p2a: зҙ«з«Ҫи¶…еҸҜж„ӣ
|-damage|p2a: зҙ«з«Ҫи¶…еҸҜж„ӣ|8/100
|move|p2a: зҙ«з«Ҫи¶…еҸҜж„ӣ|Trick Room|p2a: зҙ«з«Ҫи¶…еҸҜж„ӣ
|-fieldend|move: Trick Room
|
|-weather|SunnyDay|[upkeep]
|-damage|p1b: Ursaluna|95/100 brn|[from] brn
|upkeep
|turn|5
|inactive|EgoJJ has 30 seconds left.
|inactive|EgoJJ has 20 seconds left.
|inactive|GamerFletch has 30 seconds left.
|
|t:|1756937993
|move|p2a: зҙ«з«Ҫи¶…еҸҜж„ӣ|Follow Me|p2a: зҙ«з«Ҫи¶…еҸҜж„ӣ
|-singleturn|p2a: зҙ«з«Ҫи¶…еҸҜж„ӣ|move: Follow Me
|move|p2b: зҙ«з«ҪиҰӘиЎӣйҡҠ|Sacred Sword|p1b: Ursaluna
|-supereffective|p1b: Ursaluna
|-damage|p1b: Ursaluna|16/100 brn
|move|p1b: Ursaluna|Facade|p2a: зҙ«з«Ҫи¶…еҸҜж„ӣ
|-damage|p2a: зҙ«з«Ҫи¶…еҸҜж„ӣ|0 fnt
|faint|p2a: зҙ«з«Ҫи¶…еҸҜж„ӣ
|move|p1a: Torkoal|Eruption|p2b: зҙ«з«ҪиҰӘиЎӣйҡҠ
|-damage|p2b: зҙ«з«ҪиҰӘиЎӣйҡҠ|39/100
|
|-weather|none
|-damage|p1b: Ursaluna|10/100 brn|[from] brn
|upkeep
|turn|6
|-message|EgoJJ forfeited.
|
|win|GamerFletch
||EgoJJ is ready for game 3.
||GamerFletch is ready for game 3.
|uhtml|next|Next: Game 3 of 3
|l|вҳҶGamerFletch
|player|p1|
