|j|☆unique_name_#37
|j|☆ZeGaboVGC
|html|unique_name_#37ZeGaboVGC    
|uhtml|bestof|Game 2 of a best-of-3
|t:|1756910083
|gametype|doubles
|player|p1|unique_name_#37|blackbelt-gen4dp|1115
|player|p2|ZeGaboVGC|benga|1211
|gen|9
|tier|[Gen 9] VGC 2025 Reg H (Bo3)
|rated|
|rule|Species Clause: Limit one of each Pokémon
|rule|Item Clause: Limit 1 of each item
|clearpoke
|poke|p1|Incineroar, L50, F|
|poke|p1|Porygon2, L50|
|poke|p1|Ursaluna-Bloodmoon, L50, M|
|poke|p1|Mimikyu, L50, F|
|poke|p1|Toucannon, L50, M|
|poke|p1|Pincurchin, L50, M|
|poke|p2|Incineroar, L50, F|
|poke|p2|Amoonguss, L50, F|
|poke|p2|Ursaluna-Bloodmoon, L50, M|
|poke|p2|Sneasler, L50, F|
|poke|p2|Gholdengo, L50|
|poke|p2|Dragonite, L50, M|
|teampreview|4
|showteam|p1|Incineroar||CovertCloak|Intimidate|FakeOut,PartingShot,KnockOff,WillOWisp|||F|||50|,,,,,Water]Porygon2||Eviolite|Download|TrickRoom,TeraBlast,IceBeam,Recover||||||50|,,,,,Fighting]Ursaluna-Bloodmoon||SafetyGoggles|MindsEye|HyperVoice,Protect,BloodMoon,EarthPower|||M|||50|,,,,,Ghost]Mimikyu||MentalHerb|Disguise|TrickRoom,PlayRough,DrainPunch,Taunt|||F|||50|,,,,,Fighting]Toucannon||RoomService|SkillLink|BulletSeed,BraveBird,RockBlast,Protect|||M|||50|,,,,,Rock]Pincurchin||ElectricSeed|ElectricSurge|SuckerPunch,Liquidation,ZingZap,Curse|||M|||50|,,,,,Stellar
|showteam|p2|Incineroar||SafetyGoggles|Intimidate|FlareBlitz,KnockOff,PartingShot,FakeOut|||F|||50|,,,,,Ghost]Amoonguss||SitrusBerry|Regenerator|Spore,RagePowder,PollenPuff,Protect|||F|||50|,,,,,Dark]Ursaluna-Bloodmoon||AssaultVest|MindsEye|HyperVoice,BloodMoon,EarthPower,VacuumWave|||M|||50|,,,,,Water]Sneasler||FocusSash|Unburden|CloseCombat,DireClaw,ThroatChop,Protect|||F|||50|,,,,,Stellar]Gholdengo||LifeOrb|GoodasGold|MakeItRain,ShadowBall,NastyPlot,Protect||||||50|,,,,,Water]Dragonite||LoadedDice|Multiscale|ScaleShot,Tailwind,Haze,Protect|||M|||50|,,,,,Fairy
|inactive|Battle timer is ON: inactive players will automatically lose when time's up. (requested by ZeGaboVGC)
|inactive|unique_name_#37 has 60 seconds left.
|
|t:|1756910122
|teamsize|p1|4
|teamsize|p2|4
|start
|switch|p1a: Mimikyu|Mimikyu, L50, F|100/100
|switch|p1b: Incineroar|Incineroar, L50, F|100/100
|switch|p2a: Sneasler|Sneasler, L50, F|100/100
|switch|p2b: Incineroar|Incineroar, L50, F|100/100
|-ability|p2b: Incineroar|Intimidate|boost
|-unboost|p1a: Mimikyu|atk|1
|-unboost|p1b: Incineroar|atk|1
|-ability|p1b: Incineroar|Intimidate|boost
|-unboost|p2a: Sneasler|atk|1
|-unboost|p2b: Incineroar|atk|1
|turn|1
|inactive|ZeGaboVGC has 30 seconds left.
|inactive|ZeGaboVGC has 20 seconds left.
|inactive|ZeGaboVGC has 15 seconds left.
|inactive|ZeGaboVGC has 10 seconds left.
|
|t:|1756910168
|move|p2b: Incineroar|Fake Out|p1b: Incineroar
|-damage|p1b: Incineroar|92/100
|move|p1b: Incineroar|Fake Out|p2a: Sneasler
|-damage|p2a: Sneasler|88/100
|cant|p2a: Sneasler|flinch
|move|p1a: Mimikyu|Trick Room|p1a: Mimikyu
|-fieldstart|move: Trick Room|[of] p1a: Mimikyu
|
|upkeep
|turn|2
|inactive|unique_name_#37 has 30 seconds left.
|inactive|unique_name_#37 has 20 seconds left.
|inactive|unique_name_#37 has 15 seconds left.
|inactive|unique_name_#37 has 10 seconds left.
|inactive|unique_name_#37 has 5 seconds left.
|
|t:|1756910219
|switch|p1a: Toucannon|Toucannon, L50, M|100/100
|-enditem|p1a: Toucannon|Room Service
|-unboost|p1a: Toucannon|spe|1|[from] item: Room Service
|move|p1b: Incineroar|Will-O-Wisp|p2a: Sneasler
|-status|p2a: Sneasler|brn
|move|p2b: Incineroar|Flare Blitz|p1a: Toucannon
|-damage|p1a: Toucannon|60/100
|-damage|p2b: Incineroar|88/100|[from] Recoil
|move|p2a: Sneasler|Dire Claw|p1a: Toucannon
|-damage|p1a: Toucannon|43/100
|-status|p1a: Toucannon|slp
|
|-damage|p2a: Sneasler|82/100 brn|[from] brn
|upkeep
|turn|3
|inactive|unique_name_#37 has 30 seconds left.
|
|t:|1756910244
|cant|p1a: Toucannon|slp
|move|p1b: Incineroar|Parting Shot|p2b: Incineroar
|-unboost|p2b: Incineroar|atk|1
|-unboost|p2b: Incineroar|spa|1
|
|t:|1756910252
|switch|p1b: Pincurchin|Pincurchin, L50, M|100/100|[from] Parting Shot
|-fieldstart|move: Electric Terrain|[from] ability: Electric Surge|[of] p1b: Pincurchin
|-enditem|p1b: Pincurchin|Electric Seed
|-boost|p1b: Pincurchin|def|1|[from] item: Electric Seed
|move|p2b: Incineroar|Flare Blitz|p1a: Toucannon
|-damage|p1a: Toucannon|11/100 slp
|-damage|p2b: Incineroar|78/100|[from] Recoil
|move|p2a: Sneasler|Close Combat|p1b: Pincurchin
|-damage|p1b: Pincurchin|85/100
|-unboost|p2a: Sneasler|def|1
|-unboost|p2a: Sneasler|spd|1
|
|-damage|p2a: Sneasler|76/100 brn|[from] brn
|upkeep
|turn|4
|
|t:|1756910265
|move|p1b: Pincurchin|Zing Zap|p2b: Incineroar
|-damage|p2b: Incineroar|33/100
|cant|p1a: Toucannon|slp
|cant|p2b: Incineroar|flinch
|move|p2a: Sneasler|Dire Claw|p1a: Toucannon
|-damage|p1a: Toucannon|0 fnt
|faint|p1a: Toucannon
|
|-damage|p2a: Sneasler|70/100 brn|[from] brn
|upkeep
|
|t:|1756910276
|switch|p1a: Mimikyu|Mimikyu, L50, F|100/100
|turn|5
|
|t:|1756910298
|switch|p2b: Amoonguss|Amoonguss, L50, F|100/100
|move|p1b: Pincurchin|Zing Zap|p2b: Amoonguss
|-resisted|p2b: Amoonguss
|-damage|p2b: Amoonguss|80/100
|move|p1a: Mimikyu|Play Rough|p2a: Sneasler
|-damage|p2a: Sneasler|0 fnt
|faint|p2a: Sneasler
|
|-fieldend|move: Trick Room
|upkeep
|
|t:|1756910302
|switch|p2a: Incineroar|Incineroar, L50, F|33/100
|-ability|p2a: Incineroar|Intimidate|boost
|-unboost|p1a: Mimikyu|atk|1
|-unboost|p1b: Pincurchin|atk|1
|turn|6
|inactive|ZeGaboVGC has 30 seconds left.
|
|t:|1756910329
|switch|p1b: Incineroar|Incineroar, L50, F|92/100
|-ability|p1b: Incineroar|Intimidate|boost
|-unboost|p2a: Incineroar|atk|1
|-unboost|p2b: Amoonguss|atk|1
|-terastallize|p2a: Incineroar|Ghost
|move|p2a: Incineroar|Fake Out|p1b: Incineroar
|-damage|p1b: Incineroar|84/100
|move|p2b: Amoonguss|Pollen Puff|p2a: Incineroar
|-heal|p2a: Incineroar|83/100
|move|p1a: Mimikyu|Trick Room|p1a: Mimikyu
|-fieldstart|move: Trick Room|[of] p1a: Mimikyu
|
|upkeep
|turn|7
|inactive|ZeGaboVGC has 30 seconds left.
|inactive|unique_name_#37 has 30 seconds left.
|
|t:|1756910360
|move|p2b: Amoonguss|Protect|p2b: Amoonguss
|-singleturn|p2b: Amoonguss|Protect
|move|p1b: Incineroar|Will-O-Wisp|p2a: Incineroar
|-status|p2a: Incineroar|brn
|move|p2a: Incineroar|Flare Blitz|p1a: Mimikyu
|-activate|p1a: Mimikyu|ability: Disguise
|-damage|p1a: Mimikyu|100/100
|detailschange|p1a: Mimikyu|Mimikyu-Busted, L50, F
|-damage|p1a: Mimikyu|88/100|[from] pokemon: Mimikyu-Busted
|move|p1a: Mimikyu|Taunt|p2b: Amoonguss
|-activate|p2b: Amoonguss|move: Protect
|
|-damage|p2a: Incineroar|77/100 brn|[from] brn
|-fieldend|move: Electric Terrain
|upkeep
|turn|8
|inactive|ZeGaboVGC has 30 seconds left.
|
|t:|1756910387
|switch|p2b: Ursaluna|Ursaluna-Bloodmoon, L50, M|100/100
|switch|p1a: Pincurchin|Pincurchin, L50, M|85/100
|-fieldstart|move: Electric Terrain|[from] ability: Electric Surge|[of] p1a: Pincurchin
|move|p1b: Incineroar|Knock Off|p2b: Ursaluna
|-damage|p2b: Ursaluna|71/100
|-enditem|p2b: Ursaluna|Assault Vest|[from] move: Knock Off|[of] p1b: Incineroar
|move|p2a: Incineroar|Parting Shot|p1a: Pincurchin
|-unboost|p1a: Pincurchin|atk|1
|-unboost|p1a: Pincurchin|spa|1
|
|t:|1756910398
|switch|p2a: Amoonguss|Amoonguss, L50, F|100/100|[from] Parting Shot
|
|upkeep
|turn|9
|inactive|unique_name_#37 has 30 seconds left.
|
|t:|1756910427
|switch|p1b: Mimikyu|Mimikyu-Busted, L50, F|88/100
|move|p1a: Pincurchin|Liquidation|p2b: Ursaluna
|-supereffective|p2b: Ursaluna
|-damage|p2b: Ursaluna|42/100
|move|p2a: Amoonguss|Pollen Puff|p2b: Ursaluna
|-heal|p2b: Ursaluna|92/100
|move|p2b: Ursaluna|Earth Power|p1a: Pincurchin
|-supereffective|p1a: Pincurchin
|-damage|p1a: Pincurchin|0 fnt
|faint|p1a: Pincurchin
|
|upkeep
|
|t:|1756910435
|switch|p1a: Incineroar|Incineroar, L50, F|84/100
|-ability|p1a: Incineroar|Intimidate|boost
|-unboost|p2a: Amoonguss|atk|1
|-unboost|p2b: Ursaluna|atk|1
|turn|10
|-message|unique_name_#37 forfeited.
|
|win|ZeGaboVGC
|raw|unique_name_#37's rating: 1115 → 1097(-18 for losing)
|raw|ZeGaboVGC's rating: 1211 → 1229(+18 for winning)
|l|☆unique_name_#37
|player|p1|
