|j|☆Shooples
|j|☆Kotestplayer
|html|ShooplesKotestplayer    
|uhtml|bestof|Game 3 of a best-of-3
|t:|1786158404
|gametype|doubles
|player|p1|Shooples|265|1050
|player|p2|Kotestplayer|266|1142
|gen|9
|tier|[Gen 9 Champions] VGC 2026 Reg M-B (Bo3)
|rated|
|rule|Species Clause: Limit one of each Pokémon
|rule|Item Clause: Limit 1 of each item
|clearpoke
|poke|p1|Sceptile, L50, F|
|poke|p1|Rotom-Heat, L50|
|poke|p1|Garchomp, L50, M|
|poke|p1|Aerodactyl, L50, M|
|poke|p1|Floette-Eternal, L50, F|
|poke|p1|Samurott-Hisui, L50, M|
|poke|p2|Whimsicott, L50, M|
|poke|p2|Garchomp, L50, F|
|poke|p2|Sylveon, L50, F|
|poke|p2|Gholdengo, L50|
|poke|p2|Gyarados, L50, M|
|poke|p2|Raichu, L50, M|
|teampreview|4
|showteam|p1|Sceptile||Sceptilite|Overgrow|EnergyBall,DragonPulse,EarthPower,Detect|Timid||F|||50|]Rotom-Heat||ChoiceScarf|Levitate|Thunderbolt,Overheat,Electroweb,Discharge|Timid|||||50|]Garchomp||LifeOrb|RoughSkin|Earthquake,DragonClaw,RockSlide,Protect|Jolly||M|||50|]Aerodactyl||FocusSash|Unnerve|RockSlide,DualWingbeat,Tailwind,Protect|Jolly||M|||50|]Floette-Eternal||Floettite|FlowerVeil|Moonblast,DazzlingGleam,LightofRuin,Protect|Timid||F|||50|]Samurott-Hisui||BlackGlasses|Sharpness|AquaCutter,NightSlash,SuckerPunch,Protect|Adamant||M|||50|
|showteam|p2|Whimsicott||FocusSash|Prankster|Moonblast,Tailwind,Encore,Protect|Timid||M|||50|]Garchomp||LifeOrb|RoughSkin|DragonClaw,StompingTantrum,RockSlide,Protect|Jolly||F|||50|]Sylveon||FairyFeather|Pixilate|HyperVoice,HyperBeam,QuickAttack,Detect|Modest||F|||50|]Gholdengo||SitrusBerry|GoodasGold|MakeItRain,ShadowBall,NastyPlot,Protect|Modest|||||50|]Gyarados||Gyaradosite|Intimidate|Waterfall,LashOut,DragonDance,Protect|Adamant||M|||50|]Raichu||RaichuniteY|Static|FakeOut,ZapCannon,FocusBlast,Protect|Timid||M|||50|
|inactive|Battle timer is ON: inactive players will automatically lose when time's up. (requested by Shooples)
|
|t:|1786158430
|teamsize|p1|4
|teamsize|p2|4
|start
|switch|p1a: Rotom|Rotom-Heat, L50|100/100
|switch|p1b: Sceptile|Sceptile, L50, F|100/100
|switch|p2a: Whimsicott|Whimsicott, L50, M|100/100
|switch|p2b: Sylveon|Sylveon, L50, F|100/100
|turn|1
|
|t:|1786158438
|detailschange|p1b: Sceptile|Sceptile-Mega, L50, F
|-mega|p1b: Sceptile|Sceptile|Sceptilite
|move|p2b: Sylveon|Detect|p2b: Sylveon
|-singleturn|p2b: Sylveon|Protect
|move|p2a: Whimsicott|Tailwind|p2a: Whimsicott
|-sidestart|p2: Kotestplayer|move: Tailwind
|move|p1a: Rotom|Discharge|p2b: Sylveon|[spread] p2a
|-activate|p2b: Sylveon|move: Protect
|-ability|p1b: Sceptile|Lightning Rod|boost
|-boost|p1b: Sceptile|spa|1
|-resisted|p2a: Whimsicott|1
|-damage|p2a: Whimsicott|79/100
|-status|p2a: Whimsicott|par
|move|p1b: Sceptile|Energy Ball|p2b: Sylveon
|-activate|p2b: Sylveon|move: Protect
|
|upkeep
|turn|2
|
|t:|1786158461
|switch|p2a: Raichu|Raichu, L50, M|100/100
|move|p1a: Rotom|Discharge|p2b: Sylveon|[spread] p2a,p2b
|-ability|p1b: Sceptile|Lightning Rod|boost
|-boost|p1b: Sceptile|spa|1
|-resisted|p2a: Raichu|1
|-damage|p2a: Raichu|80/100
|-damage|p2b: Sylveon|78/100
|move|p1b: Sceptile|Energy Ball|p2b: Sylveon
|-damage|p2b: Sylveon|1/100
|move|p2b: Sylveon|Hyper Voice|p1a: Rotom|[spread] p1a,p1b
|-resisted|p1a: Rotom|1
|-supereffective|p1b: Sceptile|1
|-damage|p1a: Rotom|67/100
|-damage|p1b: Sceptile|0 fnt
|faint|p1b: Sceptile
|
|upkeep
|
|t:|1786158474
|switch|p1b: Garchomp|Garchomp, L50, M|100/100
|turn|3
|
|t:|1786158484
|move|p1b: Garchomp|Protect|p1b: Garchomp
|-singleturn|p1b: Garchomp|Protect
|move|p2a: Raichu|Fake Out|p1a: Rotom
|-damage|p1a: Rotom|57/100
|cant|p1a: Rotom|flinch
|move|p2b: Sylveon|Hyper Voice|p1a: Rotom|[spread] p1a
|-activate|p1b: Garchomp|move: Protect
|-resisted|p1a: Rotom|1
|-damage|p1a: Rotom|26/100
|
|upkeep
|turn|4
|inactive|Kotestplayer has 30 seconds left.
|inactive|Kotestplayer has 20 seconds left.
|inactive|Kotestplayer has 15 seconds left.
|inactive|Kotestplayer has 10 seconds left.
|
|t:|1786158529
|switch|p2b: Garchomp|Garchomp, L50, F|100/100
|detailschange|p2a: Raichu|Raichu-Mega-Y, L50, M
|-mega|p2a: Raichu|Raichu|Raichunite Y
|move|p2a: Raichu|Focus Blast|p1b: Garchomp
|-damage|p1b: Garchomp|42/100
|move|p1a: Rotom|Discharge|p2b: Garchomp|[spread] p2a
|-immune|p1b: Garchomp
|-immune|p2b: Garchomp
|-resisted|p2a: Raichu|1
|-damage|p2a: Raichu|59/100
|move|p1b: Garchomp|Earthquake|p2a: Raichu|[spread] p2a,p2b
|-immune|p1a: Rotom|[from] ability: Levitate
|-supereffective|p2a: Raichu|1
|-damage|p2a: Raichu|0 fnt
|-damage|p2b: Garchomp|48/100
|faint|p2a: Raichu
|-damage|p1b: Garchomp|32/100|[from] item: Life Orb
|
|-sideend|p2: Kotestplayer|move: Tailwind
|upkeep
|
|t:|1786158546
|switch|p2a: Whimsicott|Whimsicott, L50, M|79/100 par
|turn|5
|inactive|Shooples has 30 seconds left.
|
|t:|1786158577
|move|p2a: Whimsicott|Tailwind|p2a: Whimsicott
|-sidestart|p2: Kotestplayer|move: Tailwind
|move|p2b: Garchomp|Dragon Claw|p1b: Garchomp
|-supereffective|p1b: Garchomp|1
|-damage|p1b: Garchomp|0 fnt
|-damage|p2b: Garchomp|36/100|[from] ability: Rough Skin|[of] p1b: Garchomp
|faint|p1b: Garchomp
|-damage|p2b: Garchomp|26/100|[from] item: Life Orb
|move|p1a: Rotom|Discharge|p2a: Whimsicott|[spread] p2a
|-immune|p2b: Garchomp
|-resisted|p2a: Whimsicott|1
|-damage|p2a: Whimsicott|56/100 par
|
|upkeep
|
|t:|1786158581
|switch|p1b: Floette|Floette-Eternal, L50, F|100/100
|turn|6
|
|t:|1786158602
|move|p2b: Garchomp|Rock Slide|p1a: Rotom|[spread] p1a,p1b
|-supereffective|p1a: Rotom|1
|-damage|p1a: Rotom|0 fnt
|-damage|p1b: Floette|54/100
|faint|p1a: Rotom
|-damage|p2b: Garchomp|16/100|[from] item: Life Orb
|move|p2a: Whimsicott|Moonblast|p1b: Floette
|-damage|p1b: Floette|18/100
|move|p1b: Floette|Dazzling Gleam|p2a: Whimsicott|[spread] p2a,p2b
|-supereffective|p2b: Garchomp|1
|-damage|p2a: Whimsicott|3/100 par
|-damage|p2b: Garchomp|0 fnt
|faint|p2b: Garchomp
|
|upkeep
|
|t:|1786158613
|switch|p2b: Sylveon|Sylveon, L50, F|1/100
|turn|7
|
|t:|1786158621
|move|p2b: Sylveon|Hyper Beam|p1b: Floette
|-damage|p1b: Floette|0 fnt
|-mustrecharge|p2b: Sylveon
|faint|p1b: Floette
|
|win|Kotestplayer
|raw|Shooples's rating: 1050 → 1037(-13 for losing)
|raw|Kotestplayer's rating: 1142 → 1161(+19 for winning)
|l|☆Shooples
|player|p1|
|l|☆Kotestplayer
|player|p2|
|j|☆Kotestplayer
|player|p2|Kotestplayer|266|
|l|☆Kotestplayer
|player|p2|
|j|☆Kotestplayer
|player|p2|Kotestplayer|266|
