|j|☆raksbach
|j|☆iannaVi
|html|raksbachiannaVi    
|uhtml|bestof|Game 2 of a best-of-3
|t:|1783421817
|gametype|doubles
|player|p1|raksbach|265|1138
|player|p2|iannaVi|cheren-gen5bw2|1243
|gen|9
|tier|[Gen 9 Champions] VGC 2026 Reg M-B (Bo3)
|rated|
|rule|Species Clause: Limit one of each Pokémon
|rule|Item Clause: Limit 1 of each item
|clearpoke
|poke|p1|Incineroar, L50, F|
|poke|p1|Maushold, L50|
|poke|p1|Sinistcha, L50|
|poke|p1|Sneasler, L50, F|
|poke|p1|Blastoise, L50, F|
|poke|p1|Delphox, L50, M|
|poke|p2|Raichu, L50, F|
|poke|p2|Grimmsnarl, L50, M|
|poke|p2|Meowscarada, L50, M|
|poke|p2|Archaludon, L50, F|
|poke|p2|Pelipper, L50, F|
|poke|p2|Basculegion, L50, M|
|teampreview|4
|showteam|p1|Incineroar||SitrusBerry|Intimidate|FakeOut,FlareBlitz,DarkestLariat,PartingShot|Impish||F|||50|]Maushold||ChopleBerry|FriendGuard|SuperFang,FollowMe,Protect,Feint|Impish|||||50|]Sinistcha||OccaBerry|Hospitality|MatchaGotcha,LifeDew,RagePowder,Protect|Bold|||||50|]Sneasler||FocusSash|PoisonTouch|FakeOut,CloseCombat,DireClaw,QuickGuard|Jolly||F|||50|]Blastoise||Blastoisinite|Torrent|WaterSpout,DarkPulse,ShellSmash,Protect|Modest||F|||50|]Delphox||Delphoxite|Blaze|HeatWave,Psychic,NastyPlot,Protect|Timid||M|||50|
|showteam|p2|Raichu||RaichuniteX|Static|FakeOut,WildCharge,BrickBreak,Protect|Jolly||F|||50|]Grimmsnarl||LightClay|Prankster|SpiritBreak,PartingShot,Reflect,LightScreen|Careful||M|||50|]Meowscarada||ChoiceScarf|Protean|TripleAxel,FlowerTrick,SuckerPunch,Uturn|Jolly||M|||50|]Archaludon||Leftovers|Stamina|ElectroShot,DragonPulse,FlashCannon,Protect|Modest||F|||50|]Pelipper||SitrusBerry|Drizzle|WeatherBall,Hurricane,WideGuard,Tailwind|Modest||F|||50|]Basculegion||FocusSash|Adaptability|Liquidation,LastRespects,AquaJet,Protect|Adamant||M|||50|
|inactive|Battle timer is ON: inactive players will automatically lose when time's up. (requested by raksbach)
|
|t:|1783421847
|teamsize|p1|4
|teamsize|p2|4
|start
|switch|p1a: Sneasler|Sneasler, L50, F|100/100
|switch|p1b: Blastoise|Blastoise, L50, F|100/100
|switch|p2a: Pelipper|Pelipper, L50, F|100/100
|switch|p2b: Raichu|Raichu, L50, F|100/100
|-weather|RainDance|[from] ability: Drizzle|[of] p2a: Pelipper
|turn|1
|
|t:|1783421868
|detailschange|p2b: Raichu|Raichu-Mega-X, L50, F
|-mega|p2b: Raichu|Raichu|Raichunite X
|-fieldstart|move: Electric Terrain|[from] ability: Electric Surge|[of] p2b: Raichu
|detailschange|p1b: Blastoise|Blastoise-Mega, L50, F
|-mega|p1b: Blastoise|Blastoise|Blastoisinite
|move|p1a: Sneasler|Fake Out|p2b: Raichu
|-damage|p2b: Raichu|79/100
|-status|p2b: Raichu|psn|[from] ability: Poison Touch|[of] p1a: Sneasler
|cant|p2b: Raichu|flinch
|move|p1b: Blastoise|Water Spout|p2a: Pelipper|[spread] p2a,p2b
|-resisted|p2a: Pelipper|1
|-damage|p2a: Pelipper|40/100
|-damage|p2b: Raichu|0 fnt
|-enditem|p2a: Pelipper|Sitrus Berry|[eat]
|-heal|p2a: Pelipper|65/100|[from] item: Sitrus Berry
|faint|p2b: Raichu
|move|p2a: Pelipper|Tailwind|p2a: Pelipper
|-sidestart|p2: iannaVi|move: Tailwind
|
|-weather|RainDance|[upkeep]
|upkeep
|
|t:|1783421886
|switch|p2b: Archaludon|Archaludon, L50, F|100/100
|turn|2
|
|t:|1783421895
|move|p1b: Blastoise|Protect|p1b: Blastoise
|-singleturn|p1b: Blastoise|Protect
|move|p2a: Pelipper|Wide Guard|p2a: Pelipper
|-singleturn|p2a: Pelipper|Wide Guard
|move|p2b: Archaludon|Electro Shot||[still]
|-prepare|p2b: Archaludon|Electro Shot
|-boost|p2b: Archaludon|spa|1
|-anim|p2b: Archaludon|Electro Shot|p1b: Blastoise
|-activate|p1b: Blastoise|move: Protect
|move|p1a: Sneasler|Close Combat|p2b: Archaludon
|-supereffective|p2b: Archaludon|1
|-damage|p2b: Archaludon|4/100
|-unboost|p1a: Sneasler|def|1
|-unboost|p1a: Sneasler|spd|1
|-ability|p2b: Archaludon|Stamina|boost
|-boost|p2b: Archaludon|def|1
|
|-weather|RainDance|[upkeep]
|-heal|p2b: Archaludon|10/100|[from] item: Leftovers
|upkeep
|turn|3
|
|t:|1783421919
|switch|p1b: Sinistcha|Sinistcha, L50|100/100
|move|p2a: Pelipper|Wide Guard|p2a: Pelipper
|-singleturn|p2a: Pelipper|Wide Guard
|move|p2b: Archaludon|Electro Shot||[still]
|-prepare|p2b: Archaludon|Electro Shot
|-boost|p2b: Archaludon|spa|1
|-anim|p2b: Archaludon|Electro Shot|p1b: Sinistcha
|-resisted|p1b: Sinistcha|1
|-damage|p1b: Sinistcha|47/100
|move|p1a: Sneasler|Close Combat|p2b: Archaludon
|-supereffective|p2b: Archaludon|1
|-damage|p2b: Archaludon|0 fnt
|-unboost|p1a: Sneasler|def|1
|-unboost|p1a: Sneasler|spd|1
|faint|p2b: Archaludon
|
|-weather|RainDance|[upkeep]
|upkeep
|
|t:|1783421935
|switch|p2b: Basculegion|Basculegion, L50, M|100/100
|turn|4
|
|t:|1783421956
|move|p1b: Sinistcha|Protect|p1b: Sinistcha
|-singleturn|p1b: Sinistcha|Protect
|move|p2b: Basculegion|Last Respects|p1b: Sinistcha
|-activate|p1b: Sinistcha|move: Protect
|move|p2a: Pelipper|Hurricane|p1a: Sneasler
|-supereffective|p1a: Sneasler|1
|-enditem|p1a: Sneasler|Focus Sash
|-damage|p1a: Sneasler|1/100
|-start|p1a: Sneasler|confusion
|-activate|p1a: Sneasler|confusion
|-damage|p1a: Sneasler|0 fnt|[from] confusion
|faint|p1a: Sneasler
|
|-weather|RainDance|[upkeep]
|-sideend|p2: iannaVi|move: Tailwind
|upkeep
|c|☆raksbach|lol
|
|t:|1783421973
|switch|p1a: Blastoise|Blastoise-Mega, L50, F|100/100
|turn|5
|
|t:|1783421992
|move|p1b: Sinistcha|Rage Powder|p1b: Sinistcha
|-singleturn|p1b: Sinistcha|move: Rage Powder
|move|p2b: Basculegion|Last Respects|p1b: Sinistcha
|-supereffective|p1b: Sinistcha|1
|-damage|p1b: Sinistcha|0 fnt
|faint|p1b: Sinistcha
|move|p1a: Blastoise|Dark Pulse|p2b: Basculegion
|-supereffective|p2b: Basculegion|1
|-enditem|p2b: Basculegion|Focus Sash
|-damage|p2b: Basculegion|1/100
|move|p2a: Pelipper|Tailwind|p2a: Pelipper
|-sidestart|p2: iannaVi|move: Tailwind
|
|-weather|none
|-fieldend|move: Electric Terrain
|upkeep
|
|t:|1783422003
|switch|p1b: Maushold|Maushold, L50|100/100
|turn|6
|
|t:|1783422027
|move|p1b: Maushold|Follow Me|p1b: Maushold
|-singleturn|p1b: Maushold|move: Follow Me
|move|p2b: Basculegion|Liquidation|p1b: Maushold
|-damage|p1b: Maushold|39/100
|-unboost|p1b: Maushold|def|1
|move|p2a: Pelipper|Hurricane|p1b: Maushold
|-damage|p1b: Maushold|0 fnt
|faint|p1b: Maushold
|move|p1a: Blastoise|Dark Pulse|p2a: Pelipper
|-damage|p2a: Pelipper|10/100
|
|upkeep
|turn|7
|inactive|iannaVi has 30 seconds left.
|
|t:|1783422053
|move|p1a: Blastoise|Protect|p1a: Blastoise
|-singleturn|p1a: Blastoise|Protect
|move|p2b: Basculegion|Last Respects|p1a: Blastoise
|-activate|p1a: Blastoise|move: Protect
|move|p2a: Pelipper|Hurricane|p1a: Blastoise
|-activate|p1a: Blastoise|move: Protect
|
|upkeep
|turn|8
|
|t:|1783422065
|move|p1a: Blastoise|Protect||[still]
|-fail|p1a: Blastoise
|move|p2b: Basculegion|Last Respects|p1a: Blastoise
|-damage|p1a: Blastoise|5/100
|move|p2a: Pelipper|Hurricane|p1a: Blastoise
|-damage|p1a: Blastoise|0 fnt
|faint|p1a: Blastoise
|
|win|iannaVi
|raw|raksbach's rating: 1138 → 1120(-18 for losing)
|raw|iannaVi's rating: 1243 → 1261(+18 for winning)
