|j|☆syry.exe
|j|☆OhNoValentine
|html|syry.exeOhNoValentine    
|uhtml|bestof|Game 2 of a best-of-3
|t:|1756996299
|gametype|doubles
|player|p1|syry.exe|101|1111
|player|p2|OhNoValentine|170|1266
|gen|9
|tier|[Gen 9] VGC 2025 Reg H (Bo3)
|rated|
|rule|Species Clause: Limit one of each Pokémon
|rule|Item Clause: Limit 1 of each item
|clearpoke
|poke|p1|Tatsugiri, L50, M|
|poke|p1|Dondozo, L50, F|
|poke|p1|Incineroar, L50, M|
|poke|p1|Rillaboom, L50, F|
|poke|p1|Glimmora, L50, F|
|poke|p1|Sneasler, L50, M|
|poke|p2|Rillaboom, L50, F|
|poke|p2|Sneasler, L50, F|
|poke|p2|Gholdengo, L50|
|poke|p2|Ursaluna, L50, M|
|poke|p2|Dragonite, L50, F|
|poke|p2|Annihilape, L50, M|
|teampreview|4
|showteam|p1|Tatsugiri||ChoiceScarf|Commander|IcyWind,DracoMeteor,MuddyWater,Taunt|||M|||50|,,,,,Dragon]Dondozo||Leftovers|Unaware|WaveCrash,OrderUp,Protect,Substitute|||F|||50|,,,,,Steel]Incineroar||SafetyGoggles|Intimidate|FlareBlitz,KnockOff,PartingShot,FakeOut|||M|||50|,,,,,Ghost]Rillaboom||AssaultVest|GrassySurge|WoodHammer,GrassyGlide,FakeOut,Uturn|||F|||50|,,,,,Fire]Glimmora||PowerHerb|ToxicDebris|MeteorBeam,SpikyShield,SludgeBomb,EarthPower|||F|||50|,,,,,Grass]Sneasler||FocusSash|Unburden|CloseCombat,FakeOut,DireClaw,Taunt|||M|||50|,,,,,Stellar
|showteam|p2|Rillaboom||AssaultVest|GrassySurge|FakeOut,WoodHammer,Uturn,GrassyGlide|||F|||50|,,,,,Fire]Sneasler||GrassySeed|Unburden|Protect,CloseCombat,DireClaw,ThroatChop|||F|||50|,,,,,Dark]Gholdengo||LifeOrb|GoodasGold|MakeItRain,ShadowBall,NastyPlot,Protect||||||50|,,,,,Water]Ursaluna||FlameOrb|Guts|Protect,HeadlongRush,Earthquake,Facade|||M|||50|,,,,,Ghost]Dragonite||LoadedDice|Multiscale|Protect,Tailwind,Haze,ScaleShot|||F|||50|,,,,,Steel]Annihilape||SafetyGoggles|Defiant|RageFist,DrainPunch,Protect,BulkUp|||M|||50|,,,,,Fire
|
|t:|1756996314
|teamsize|p1|4
|teamsize|p2|4
|start
|switch|p1a: Rillaboom|Rillaboom, L50, F|100/100
|switch|p1b: Glimmora|Glimmora, L50, F|100/100
|switch|p2a: Annihilape|Annihilape, L50, M|100/100
|switch|p2b: Gholdengo|Gholdengo, L50, shiny|100/100
|-fieldstart|move: Grassy Terrain|[from] ability: Grassy Surge|[of] p1a: Rillaboom
|turn|1
|
|t:|1756996327
|-terastallize|p1b: Glimmora|Grass
|move|p2b: Gholdengo|Protect|p2b: Gholdengo
|-singleturn|p2b: Gholdengo|Protect
|move|p1b: Glimmora|Earth Power|p2b: Gholdengo
|-activate|p2b: Gholdengo|move: Protect
|move|p2a: Annihilape|Bulk Up|p2a: Annihilape
|-boost|p2a: Annihilape|atk|1
|-boost|p2a: Annihilape|def|1
|move|p1a: Rillaboom|Wood Hammer|p2a: Annihilape
|-damage|p2a: Annihilape|46/100
|-damage|p1a: Rillaboom|82/100|[from] Recoil
|
|-heal|p2a: Annihilape|52/100|[from] Grassy Terrain
|-heal|p1a: Rillaboom|88/100|[from] Grassy Terrain
|upkeep
|turn|2
|
|t:|1756996358
|switch|p2b: Rillaboom|Rillaboom, L50, F|100/100
|move|p2a: Annihilape|Protect|p2a: Annihilape
|-singleturn|p2a: Annihilape|Protect
|move|p1a: Rillaboom|Grassy Glide|p2a: Annihilape
|-activate|p2a: Annihilape|move: Protect
|move|p1b: Glimmora|Meteor Beam||[still]
|-prepare|p1b: Glimmora|Meteor Beam
|-boost|p1b: Glimmora|spa|1
|-enditem|p1b: Glimmora|Power Herb
|-anim|p1b: Glimmora|Meteor Beam|p2a: Annihilape
|-activate|p2a: Annihilape|move: Protect
|
|-heal|p2a: Annihilape|59/100|[from] Grassy Terrain
|-heal|p1a: Rillaboom|94/100|[from] Grassy Terrain
|upkeep
|turn|3
|
|t:|1756996388
|move|p1b: Glimmora|Spiky Shield|p1b: Glimmora
|-singleturn|p1b: Glimmora|move: Protect
|move|p2a: Annihilape|Drain Punch|p1b: Glimmora
|-activate|p1b: Glimmora|move: Protect
|-damage|p2a: Annihilape|46/100|[from] Spiky Shield|[of] p1b: Glimmora
|move|p1a: Rillaboom|Wood Hammer|p2a: Annihilape
|-damage|p2a: Annihilape|0 fnt
|faint|p2a: Annihilape
|-damage|p1a: Rillaboom|78/100|[from] Recoil
|move|p2b: Rillaboom|U-turn|p1a: Rillaboom
|-supereffective|p1a: Rillaboom
|-damage|p1a: Rillaboom|33/100
|
|t:|1756996394
|switch|p2b: Gholdengo|Gholdengo, L50, shiny|100/100|[from] U-turn
|
|-heal|p1a: Rillaboom|39/100|[from] Grassy Terrain
|upkeep
|
|t:|1756996397
|switch|p2a: Rillaboom|Rillaboom, L50, F|100/100
|turn|4
|
|t:|1756996417
|switch|p2a: Dragonite|Dragonite, L50, F|100/100
|move|p1b: Glimmora|Sludge Bomb|p2a: Dragonite
|-damage|p2a: Dragonite|59/100
|move|p2b: Gholdengo|Make It Rain|p1a: Rillaboom|[spread] p1a,p1b
|-crit|p1a: Rillaboom
|-damage|p1a: Rillaboom|0 fnt
|-damage|p1b: Glimmora|23/100
|-unboost|p2b: Gholdengo|spa|1
|faint|p1a: Rillaboom
|-damage|p2b: Gholdengo|91/100|[from] item: Life Orb
|
|-heal|p1b: Glimmora|29/100|[from] Grassy Terrain
|-heal|p2b: Gholdengo|97/100|[from] Grassy Terrain
|upkeep
|
|t:|1756996439
|switch|p1a: Dondozo|Dondozo, L50, F|100/100
|turn|5
|
|t:|1756996445
|move|p1b: Glimmora|Spiky Shield|p1b: Glimmora
|-singleturn|p1b: Glimmora|move: Protect
|move|p2a: Dragonite|Protect|p2a: Dragonite
|-singleturn|p2a: Dragonite|Protect
|move|p2b: Gholdengo|Make It Rain|p1b: Glimmora|[spread] p1a
|-activate|p1b: Glimmora|move: Protect
|-resisted|p1a: Dondozo
|-damage|p1a: Dondozo|80/100
|-unboost|p2b: Gholdengo|spa|1
|-damage|p2b: Gholdengo|87/100|[from] item: Life Orb
|move|p1a: Dondozo|Wave Crash|p2b: Gholdengo
|-damage|p2b: Gholdengo|36/100
|-damage|p1a: Dondozo|68/100|[from] Recoil
|
|-heal|p1b: Glimmora|35/100|[from] Grassy Terrain
|-heal|p2b: Gholdengo|42/100|[from] Grassy Terrain
|-heal|p1a: Dondozo|74/100|[from] Grassy Terrain
|-heal|p1a: Dondozo|81/100|[from] item: Leftovers
|-fieldend|move: Grassy Terrain
|upkeep
|turn|6
|
|t:|1756996473
|switch|p1b: Tatsugiri|Tatsugiri, L50, M|100/100
|-activate|p1b: Tatsugiri|ability: Commander|[of] p1a: Dondozo
|-boost|p1a: Dondozo|atk|2
|-boost|p1a: Dondozo|spa|2
|-boost|p1a: Dondozo|spe|2
|-boost|p1a: Dondozo|def|2
|-boost|p1a: Dondozo|spd|2
|switch|p2a: Rillaboom|Rillaboom, L50, F|100/100
|-fieldstart|move: Grassy Terrain|[from] ability: Grassy Surge|[of] p2a: Rillaboom
|move|p2b: Gholdengo|Shadow Ball|p1b: Tatsugiri|[miss]
|-miss|p2b: Gholdengo|p1b: Tatsugiri
|move|p1a: Dondozo|Order Up|p2a: Rillaboom
|-damage|p2a: Rillaboom|63/100
|-boost|p1a: Dondozo|atk|1
|
|-heal|p2b: Gholdengo|48/100|[from] Grassy Terrain
|-heal|p1a: Dondozo|87/100|[from] Grassy Terrain
|-heal|p1a: Dondozo|93/100|[from] item: Leftovers
|-heal|p2a: Rillaboom|69/100|[from] Grassy Terrain
|upkeep
|turn|7
|
|t:|1756996495
|switch|p2b: Dragonite|Dragonite, L50, F|59/100
|move|p2a: Rillaboom|Fake Out|p1a: Dondozo
|-damage|p1a: Dondozo|88/100
|cant|p1a: Dondozo|flinch
|
|-heal|p1a: Dondozo|95/100|[from] Grassy Terrain
|-heal|p1a: Dondozo|100/100|[from] item: Leftovers
|-heal|p2a: Rillaboom|75/100|[from] Grassy Terrain
|upkeep
|turn|8
|
|t:|1756996504
|-terastallize|p2b: Dragonite|Steel
|move|p2b: Dragonite|Haze|p2b: Dragonite
|-clearallboost
|move|p2a: Rillaboom|Wood Hammer|p1a: Dondozo
|-supereffective|p1a: Dondozo
|-damage|p1a: Dondozo|0 fnt
|faint|p1a: Dondozo
|-damage|p2a: Rillaboom|34/100|[from] Recoil
|
|-heal|p2b: Dragonite|65/100|[from] Grassy Terrain
|-heal|p2a: Rillaboom|40/100|[from] Grassy Terrain
|upkeep
|
|t:|1756996509
|switch|p1a: Glimmora|Glimmora, L50, F, tera:Grass|35/100
|turn|9
|
|t:|1756996535
|switch|p2a: Gholdengo|Gholdengo, L50, shiny|48/100
|move|p1b: Tatsugiri|Draco Meteor|p2a: Gholdengo
|-resisted|p2a: Gholdengo
|-damage|p2a: Gholdengo|8/100
|-unboost|p1b: Tatsugiri|spa|2
|move|p1a: Glimmora|Earth Power|p2b: Dragonite
|-supereffective|p2b: Dragonite
|-damage|p2b: Dragonite|0 fnt
|faint|p2b: Dragonite
|
|-heal|p1a: Glimmora|40/100|[from] Grassy Terrain
|-heal|p2a: Gholdengo|14/100|[from] Grassy Terrain
|upkeep
|
|t:|1756996543
|switch|p2b: Rillaboom|Rillaboom, L50, F|40/100
|turn|10
|
|t:|1756996556
|move|p1a: Glimmora|Spiky Shield|p1a: Glimmora
|-singleturn|p1a: Glimmora|move: Protect
|move|p2a: Gholdengo|Protect|p2a: Gholdengo
|-singleturn|p2a: Gholdengo|Protect
|move|p1b: Tatsugiri|Draco Meteor|p2a: Gholdengo
|-activate|p2a: Gholdengo|move: Protect
|move|p2b: Rillaboom|U-turn|p1a: Glimmora
|-activate|p1a: Glimmora|move: Protect
|-damage|p2b: Rillaboom|28/100|[from] Spiky Shield|[of] p1a: Glimmora
|
|-heal|p1a: Glimmora|46/100|[from] Grassy Terrain
|-heal|p2a: Gholdengo|20/100|[from] Grassy Terrain
|-heal|p2b: Rillaboom|34/100|[from] Grassy Terrain
|-fieldend|move: Grassy Terrain
|upkeep
|turn|11
|
|t:|1756996580
|move|p1b: Tatsugiri|Draco Meteor|p2b: Rillaboom|[miss]
|-miss|p1b: Tatsugiri|p2b: Rillaboom
|move|p1a: Glimmora|Earth Power|p2a: Gholdengo
|-supereffective|p2a: Gholdengo
|-damage|p2a: Gholdengo|0 fnt
|faint|p2a: Gholdengo
|move|p2b: Rillaboom|U-turn|p1a: Glimmora
|-supereffective|p1a: Glimmora
|-damage|p1a: Glimmora|0 fnt
|-activate|p1a: Glimmora|ability: Toxic Debris
|-sidestart|p2: OhNoValentine|move: Toxic Spikes
|faint|p1a: Glimmora
|
|upkeep
|turn|12
|
|t:|1756996593
|move|p1b: Tatsugiri|Draco Meteor|p2b: Rillaboom
|-damage|p2b: Rillaboom|9/100
|-unboost|p1b: Tatsugiri|spa|2
|move|p2b: Rillaboom|Wood Hammer|p1b: Tatsugiri
|-damage|p1b: Tatsugiri|0 fnt
|faint|p1b: Tatsugiri
|-damage|p2b: Rillaboom|0 fnt|[from] Recoil
|faint|p2b: Rillaboom
|
|win|OhNoValentine
|raw|syry.exe's rating: 1111 → 1096(-15 for losing)
|raw|OhNoValentine's rating: 1266 → 1281(+15 for winning)
