|j|☆Actoradoboy fan
|j|☆higigig
|html|Actoradoboy fanhigigig    
|uhtml|bestof|Game 3 of a best-of-3
|t:|1756617074
|gametype|doubles
|player|p1|Actoradoboy fan|wattson|1382
|player|p2|higigig|sisandbro|1272
|gen|9
|tier|[Gen 9] VGC 2025 Reg H (Bo3)
|rated|
|rule|Species Clause: Limit one of each Pokémon
|rule|Item Clause: Limit 1 of each item
|clearpoke
|poke|p1|Sneasler, L50, F|
|poke|p1|Indeedee, L50, M|
|poke|p1|Volcarona, L50, F|
|poke|p1|Ursaluna-Bloodmoon, L50, M|
|poke|p1|Annihilape, L50, F|
|poke|p1|Tyranitar, L50, M|
|poke|p2|Sneasler, L50, F|
|poke|p2|Gholdengo, L50|
|poke|p2|Amoonguss, L50, F|
|poke|p2|Incineroar, L50, F|
|poke|p2|Farigiraf, L50, M|
|poke|p2|Ursaluna-Bloodmoon, L50, M|
|teampreview|4
|showteam|p1|Sneasler||PsychicSeed|Unburden|CloseCombat,DireClaw,ThroatChop,Protect|||F|||50|,,,,,Dark]Indeedee||ChoiceScarf|PsychicSurge|ExpandingForce,TeraBlast,Trick,Protect|||M|||50|,,,,,Psychic]Volcarona||SitrusBerry|FlameBody|Overheat,StruggleBug,RagePowder,Tailwind|||F|||50|,,,,,Grass]Ursaluna-Bloodmoon||LifeOrb|MindsEye|BloodMoon,HyperVoice,EarthPower,Protect|||M|||50|,,,,,Normal]Annihilape||SafetyGoggles|Defiant|CloseCombat,RageFist,Taunt,FinalGambit|||F|||50|,,,,,Fairy]Tyranitar||AssaultVest|SandStream|RockSlide,KnockOff,TeraBlast,LowKick|||M|||50|,,,,,Flying
|showteam|p2|Sneasler||ClearAmulet|PoisonTouch|FakeOut,CloseCombat,DireClaw,Protect|||F|||50|,,,,,Water]Gholdengo||MetalCoat|GoodasGold|NastyPlot,MakeItRain,ShadowBall,Protect||||||50|,,,,,Water]Amoonguss||MentalHerb|Regenerator|SludgeBomb,PollenPuff,Spore,RagePowder|||F|||50|,,,,,Water]Incineroar||SafetyGoggles|Intimidate|FakeOut,FlareBlitz,KnockOff,PartingShot|||F|||50|,,,,,Ghost]Farigiraf||ThroatSpray|ArmorTail|HyperVoice,Psychic,TrickRoom,Protect|||M|||50|,,,,,Dragon]Ursaluna-Bloodmoon||LifeOrb|MindsEye|HyperVoice,EarthPower,BloodMoon,Protect|||M|||50|,,,,,Poison
|inactive|Battle timer is ON: inactive players will automatically lose when time's up. (requested by Actoradoboy fan)
|inactive|higigig also wants the timer to be on.
|inactive|higigig has 60 seconds left.
|
|t:|1756617115
|teamsize|p1|4
|teamsize|p2|4
|start
|switch|p1a: Ursaluna|Ursaluna-Bloodmoon, L50, M|100/100
|switch|p1b: Volcarona|Volcarona, L50, F|100/100
|switch|p2a: Farigiraf|Farigiraf, L50, M|100/100
|switch|p2b: Sneasler|Sneasler, L50, F|100/100
|turn|1
|inactive|higigig has 30 seconds left.
|inactive|higigig has 20 seconds left.
|inactive|higigig has 15 seconds left.
|inactive|higigig has 10 seconds left.
|inactive|higigig has 5 seconds left.
|
|t:|1756617169
|move|p1a: Ursaluna|Protect|p1a: Ursaluna
|-singleturn|p1a: Ursaluna|Protect
|move|p2b: Sneasler|Fake Out|p1a: Ursaluna
|-activate|p1a: Ursaluna|move: Protect
|move|p1b: Volcarona|Struggle Bug|p2a: Farigiraf|[spread] p2a,p2b
|-supereffective|p2a: Farigiraf
|-resisted|p2b: Sneasler
|-damage|p2a: Farigiraf|69/100
|-damage|p2b: Sneasler|95/100
|-unboost|p2a: Farigiraf|spa|1
|move|p2a: Farigiraf|Trick Room|p2a: Farigiraf
|-fieldstart|move: Trick Room|[of] p2a: Farigiraf
|
|upkeep
|turn|2
|inactive|higigig has 30 seconds left.
|
|t:|1756617200
|switch|p2a: Ursaluna|Ursaluna-Bloodmoon, L50, M|100/100
|-terastallize|p1a: Ursaluna|Normal
|move|p1a: Ursaluna|Hyper Voice|p2a: Ursaluna|[spread] p2a,p2b
|-damage|p2a: Ursaluna|25/100
|-damage|p2b: Sneasler|10/100
|-damage|p1a: Ursaluna|91/100|[from] item: Life Orb
|move|p1b: Volcarona|Struggle Bug|p2a: Ursaluna|[spread] p2a,p2b
|-resisted|p2b: Sneasler
|-damage|p2a: Ursaluna|6/100
|-damage|p2b: Sneasler|5/100
|-unboost|p2a: Ursaluna|spa|1
|move|p2b: Sneasler|Close Combat|p1a: Ursaluna
|-supereffective|p1a: Ursaluna
|-damage|p1a: Ursaluna|0 fnt
|-unboost|p2b: Sneasler|def|1
|-unboost|p2b: Sneasler|spd|1
|faint|p1a: Ursaluna
|
|upkeep
|
|t:|1756617216
|switch|p1a: Annihilape|Annihilape, L50, F|100/100
|turn|3
|
|t:|1756617230
|move|p2a: Ursaluna|Blood Moon|p1a: Annihilape
|-damage|p1a: Annihilape|44/100
|-damage|p2a: Ursaluna|0 fnt|[from] item: Life Orb
|faint|p2a: Ursaluna
|move|p1a: Annihilape|Rage Fist|p2b: Sneasler
|-damage|p2b: Sneasler|0 fnt
|faint|p2b: Sneasler
|move|p1b: Volcarona|Struggle Bug|p2: Ursaluna|[notarget]
|-fail|p1b: Volcarona
|
|upkeep
|
|t:|1756617238
|switch|p2a: Farigiraf|Farigiraf, L50, M|69/100
|switch|p2b: Gholdengo|Gholdengo, L50|100/100
|turn|4
|
|t:|1756617255
|-terastallize|p2b: Gholdengo|Water
|move|p2a: Farigiraf|Psychic|p1a: Annihilape
|-supereffective|p1a: Annihilape
|-damage|p1a: Annihilape|0 fnt
|faint|p1a: Annihilape
|move|p2b: Gholdengo|Nasty Plot|p2b: Gholdengo
|-boost|p2b: Gholdengo|spa|2
|move|p1b: Volcarona|Struggle Bug|p2a: Farigiraf|[spread] p2a,p2b
|-supereffective|p2a: Farigiraf
|-damage|p2a: Farigiraf|34/100
|-damage|p2b: Gholdengo|82/100
|-unboost|p2a: Farigiraf|spa|1
|-unboost|p2b: Gholdengo|spa|1
|
|upkeep
|
|t:|1756617260
|switch|p1a: Sneasler|Sneasler, L50, F|100/100
|turn|5
|
|t:|1756617281
|move|p1a: Sneasler|Protect|p1a: Sneasler
|-singleturn|p1a: Sneasler|Protect
|move|p2a: Farigiraf|Psychic|p1a: Sneasler
|-activate|p1a: Sneasler|move: Protect
|move|p2b: Gholdengo|Shadow Ball|p1b: Volcarona
|-damage|p1b: Volcarona|40/100
|-enditem|p1b: Volcarona|Sitrus Berry|[eat]
|-heal|p1b: Volcarona|65/100|[from] item: Sitrus Berry
|move|p1b: Volcarona|Struggle Bug|p2a: Farigiraf|[spread] p2a,p2b
|-supereffective|p2a: Farigiraf
|-damage|p2a: Farigiraf|0 fnt
|-damage|p2b: Gholdengo|66/100
|-unboost|p2b: Gholdengo|spa|1
|faint|p2a: Farigiraf
|
|-fieldend|move: Trick Room
|upkeep
|turn|6
|
|t:|1756617305
|move|p1a: Sneasler|Close Combat|p2b: Gholdengo
|-damage|p2b: Gholdengo|0 fnt
|-unboost|p1a: Sneasler|def|1
|-unboost|p1a: Sneasler|spd|1
|faint|p2b: Gholdengo
|
|win|Actoradoboy fan
|raw|Actoradoboy fan's rating: 1360 → 1375(+15 for winning)
|raw|higigig's rating: 1272 → 1253(-19 for losing)
