|j|â˜†DrChunkalicious
|j|â˜†furutori
|html|DrChunkaliciousfurutori    
|uhtml|bestof|Game 2 of a best-of-3
|t:|1783638600
|gametype|doubles
|player|p1|DrChunkalicious|scientist-gen4|
|player|p2|furutori|roxie|
|gen|9
|tier|[Gen 9 Champions] VGC 2026 Reg M-B (Bo3)
|rule|Species Clause: Limit one of each PokÃ©mon
|rule|Item Clause: Limit 1 of each item
|clearpoke
|poke|p1|Raichu, L50, F, shiny|
|poke|p1|Sinistcha-Masterpiece, L50, shiny|
|poke|p1|Sneasler, L50, F, shiny|
|poke|p1|Primarina, L50, M, shiny|
|poke|p1|Gengar, L50, M, shiny|
|poke|p1|Ditto, L50, shiny|
|poke|p2|Froslass, L50, F|
|poke|p2|Gholdengo, L50|
|poke|p2|Kingambit, L50, M|
|poke|p2|Incineroar, L50, M|
|poke|p2|Basculegion, L50, M|
|poke|p2|Arcanine-Hisui, L50, F|
|teampreview|4
|showteam|p1|Raichu||RaichuniteY|LightningRod|ZapCannon,FocusBlast,Surf,NastyPlot|Timid||F|||50|]Sinistcha-Masterpiece||Leftovers|Hospitality|RagePowder,MatchaGotcha,Hex,LifeDew|Bold|||||50|]Sneasler||WhiteHerb|Unburden|Acrobatics,CloseCombat,DireClaw,FakeOut|Adamant||F|||50|]Primarina||ShedShell|LiquidVoice|PerishSong,HyperVoice,Moonblast,IceBeam|Modest||M|||50|]Gengar||Gengarite|CursedBody|DestinyBond,DarkPulse,SludgeWave,ShadowBall|Timid||M|||50|]Ditto||ChoiceScarf|Imposter|Transform|Bold|||||50|
|showteam|p2|Froslass||Froslassite|CursedBody|Blizzard,ShadowBall,AuroraVeil,Protect|Timid||F|||50|]Gholdengo||LifeOrb|GoodasGold|MakeItRain,ShadowBall,NastyPlot,Protect|Timid|||||50|]Kingambit||BlackGlasses|Defiant|KowtowCleave,SwordsDance,SuckerPunch,Protect|Adamant||M|||50|]Incineroar||SitrusBerry|Intimidate|FlareBlitz,FakeOut,ThroatChop,PartingShot|Impish||M|||50|]Basculegion||MysticWater|Adaptability|WaveCrash,AquaJet,LastRespects,Protect|Adamant||M|||50|]Arcanine-Hisui||FocusSash|RockHead|FlareBlitz,HeadSmash,RockSlide,Protect|Jolly||F|||50|
|
|t:|1783638641
|teamsize|p1|4
|teamsize|p2|4
|start
|switch|p1a: Yoinked|Ditto, L50, shiny|100/100
|switch|p1b: Spatk. go brrrr|Raichu, L50, F, shiny|100/100
|switch|p2a: Cineroar|Incineroar, L50, M|100/100
|switch|p2b: Maron|Arcanine-Hisui, L50, F|100/100
|-transform|p1a: Yoinked|p2b: Maron|[from] ability: Imposter
|-ability|p2a: Cineroar|Intimidate|boost
|-unboost|p1a: Yoinked|atk|1
|-unboost|p1b: Spatk. go brrrr|atk|1
|turn|1
|
|t:|1783638678
|detailschange|p1b: Spatk. go brrrr|Raichu-Mega-Y, L50, F, shiny
|-mega|p1b: Spatk. go brrrr|Raichu|Raichunite Y
|move|p2a: Cineroar|Fake Out|p1b: Spatk. go brrrr
|-damage|p1b: Spatk. go brrrr|78/100
|move|p1a: Yoinked|Rock Slide|p2b: Maron|[spread] p2a,p2b
|-supereffective|p2a: Cineroar|1
|-supereffective|p2b: Maron|1
|-damage|p2a: Cineroar|70/100
|-damage|p2b: Maron|54/100
|cant|p1b: Spatk. go brrrr|flinch
|cant|p2b: Maron|flinch
|
|upkeep
|turn|2
|c|â˜†furutori|ooooga booooooga
|c|â˜†furutori|dooooga
|c|â˜†furutori|goo
|c|â˜†DrChunkalicious|the flinch hax is real
|
|t:|1783638728
|switch|p2b: Potpot|Gholdengo, L50|100/100
|switch|p2a: Sazare|Froslass, L50, F|100/100
|move|p1a: Yoinked|Rock Slide|p2a: Sazare|[spread] p2a,p2b
|-supereffective|p2a: Sazare|1
|-resisted|p2b: Potpot|1
|-damage|p2a: Sazare|59/100
|-damage|p2b: Potpot|90/100
|-start|p1a: Yoinked|Disable|Rock Slide|[from] ability: Cursed Body|[of] p2a: Sazare
|move|p1b: Spatk. go brrrr|Surf|p2b: Potpot|[spread] p1a,p2a,p2b
|-supereffective|p1a: Yoinked|2
|-damage|p1a: Yoinked|0 fnt
|-damage|p2a: Sazare|25/100
|-damage|p2b: Potpot|56/100
|faint|p1a: Yoinked
|
|upkeep
|c|â˜†DrChunkalicious|i did what i did
|
|t:|1783638756
|switch|p1a: Salon|Sneasler, L50, F, shiny|100/100
|turn|3
|
|t:|1783638789
|switch|p2b: Cineroar|Incineroar, L50, M|70/100
|-ability|p2b: Cineroar|Intimidate|boost
|-unboost|p1a: Salon|atk|1
|-unboost|p1b: Spatk. go brrrr|atk|1
|-enditem|p1a: Salon|White Herb
|-clearnegativeboost|p1a: Salon|[silent]
|move|p2a: Sazare|Protect|p2a: Sazare
|-singleturn|p2a: Sazare|Protect
|move|p1a: Salon|Acrobatics|p2b: Cineroar
|-damage|p2b: Cineroar|35/100
|-enditem|p2b: Cineroar|Sitrus Berry|[eat]
|-heal|p2b: Cineroar|60/100|[from] item: Sitrus Berry
|move|p1b: Spatk. go brrrr|Zap Cannon|p2a: Sazare
|-activate|p2a: Sazare|move: Protect
|
|upkeep
|turn|4
|c|â˜†DrChunkalicious|free white herb is crazy
|c|â˜†furutori|mb
|
|t:|1783638912
|detailschange|p2a: Sazare|Froslass-Mega, L50, F
|-mega|p2a: Sazare|Froslass|Froslassite
|-weather|Snowscape|[from] ability: Snow Warning|[of] p2a: Sazare
|move|p2b: Cineroar|Fake Out|p1a: Salon
|-damage|p1a: Salon|80/100
|cant|p1a: Salon|flinch
|move|p1b: Spatk. go brrrr|Zap Cannon|p2a: Sazare
|-damage|p2a: Sazare|0 fnt
|faint|p2a: Sazare
|
|-weather|Snowscape|[upkeep]
|upkeep
|
|t:|1783638932
|switch|p2a: Potpot|Gholdengo, L50|56/100
|turn|5
|
|t:|1783638946
|move|p2a: Potpot|Protect|p2a: Potpot
|-singleturn|p2a: Potpot|Protect
|move|p1a: Salon|Acrobatics|p2a: Potpot
|-activate|p2a: Potpot|move: Protect
|move|p1b: Spatk. go brrrr|Zap Cannon|p2a: Potpot
|-activate|p2a: Potpot|move: Protect
|move|p2b: Cineroar|Flare Blitz|p1b: Spatk. go brrrr
|-damage|p1b: Spatk. go brrrr|0 fnt
|faint|p1b: Spatk. go brrrr
|-damage|p2b: Cineroar|43/100|[from] Recoil
|
|-weather|Snowscape|[upkeep]
|upkeep
|c|â˜†DrChunkalicious|wp
|
|t:|1783638968
|switch|p1b: Pavarotti|Primarina, L50, M, shiny|100/100
|turn|6
|
|t:|1783638981
|move|p1a: Salon|Dire Claw|p2b: Cineroar
|-damage|p2b: Cineroar|1/100
|move|p2a: Potpot|Make It Rain|p1b: Pavarotti|[spread] p1a,p1b
|-damage|p1a: Salon|0 fnt
|-damage|p1b: Pavarotti|44/100
|-unboost|p2a: Potpot|spa|2
|faint|p1a: Salon
|-damage|p2a: Potpot|46/100|[from] item: Life Orb
|move|p2b: Cineroar|Throat Chop|p1b: Pavarotti
|-resisted|p1b: Pavarotti|1
|-damage|p1b: Pavarotti|26/100
|-start|p1b: Pavarotti|Throat Chop|[silent]
|cant|p1b: Pavarotti|move: Throat Chop
|
|-weather|Snowscape|[upkeep]
|upkeep
|turn|7
|c|â˜†DrChunkalicious|gg
|c|â˜†DrChunkalicious|wp
|c|â˜†furutori|trolled
|
|t:|1783639004
|move|p2a: Potpot|Shadow Ball|p1b: Pavarotti
|-damage|p1b: Pavarotti|1/100
|-damage|p2a: Potpot|37/100|[from] item: Life Orb
|move|p2b: Cineroar|Flare Blitz|p1b: Pavarotti
|-resisted|p1b: Pavarotti|1
|-damage|p1b: Pavarotti|0 fnt
|faint|p1b: Pavarotti
|-damage|p2b: Cineroar|1/100|[from] Recoil
|
|win|furutori
|c|â˜†furutori|ggg
|c|â˜†furutori|gg
