|j|☆xDeacon
|j|☆ranagasu22
|html|xDeaconranagasu22    
|uhtml|bestof|Game 1 of a best-of-3
|t:|1783959725
|gametype|doubles
|player|p1|xDeacon|1|1000
|player|p2|ranagasu22|riley|1074
|gen|9
|tier|[Gen 9 Champions] VGC 2026 Reg M-B (Bo3)
|rated|
|rule|Species Clause: Limit one of each Pokémon
|rule|Item Clause: Limit 1 of each item
|clearpoke
|poke|p1|Gengar, L50, M|
|poke|p1|Sneasler, L50, M|
|poke|p1|Incineroar, L50, M|
|poke|p1|Samurott-Hisui, L50, M|
|poke|p1|Ninetales-Alola, L50, M|
|poke|p1|Altaria, L50, M|
|poke|p2|Charizard, L50, F, shiny|
|poke|p2|Garchomp, L50, F|
|poke|p2|Sneasler, L50, M|
|poke|p2|Grimmsnarl, L50, M|
|poke|p2|Aerodactyl, L50, M|
|poke|p2|Farigiraf, L50, M|
|teampreview|4
|showteam|p1|Gengar||Gengarite|CursedBody|Protect,ShadowBall,PerishSong,Disable|Timid||M|||50|]Sneasler||WhiteHerb|Unburden|Protect,FakeOut,DireClaw,CloseCombat|Adamant||M|||50|]Incineroar||ShucaBerry|Intimidate|Protect,FakeOut,ThroatChop,PartingShot|Relaxed||M|||50|]Samurott-Hisui||FocusSash|Sharpness|Protect,NightSlash,AquaCutter,SacredSword|Adamant||M|||50|]Ninetales-Alola||NeverMeltIce|SnowWarning|Protect,Encore,FreezeDry,Blizzard|Timid||M|||50|]Altaria||RoseliBerry|CloudNine|Protect,PerishSong,WillOWisp,BraveBird|Careful||M|||50|
|showteam|p2|Charizard||CharizarditeY|Blaze|Protect,SolarBeam,HeatWave,AirSlash|Timid||F|||50|]Garchomp||ChoiceScarf|RoughSkin|Earthquake,IronHead,RockSlide,Outrage|Adamant||F|||50|]Sneasler||FocusSash|PoisonTouch|FakeOut,CloseCombat,DireClaw,Protect|Jolly||M|||50|]Grimmsnarl||LightClay|Prankster|Reflect,FakeOut,SpiritBreak,Taunt|Careful||M|||50|]Aerodactyl||Aerodactylite|RockHead|Tailwind,Protect,Earthquake,RockSlide|Jolly||M|||50|]Farigiraf||SitrusBerry|ArmorTail|TrickRoom,Wish,Psychic,Protect|Calm||M|||50|
|inactive|Battle timer is ON: inactive players will automatically lose when time's up. (requested by ranagasu22)
|
|t:|1783959756
|teamsize|p1|4
|teamsize|p2|4
|start
|switch|p1a: Gengar|Gengar, L50, M|100/100
|switch|p1b: Incineroar|Incineroar, L50, M|100/100
|switch|p2a: Grimmsnarl|Grimmsnarl, L50, M|100/100
|switch|p2b: Aerodactyl|Aerodactyl, L50, M|100/100
|-ability|p1b: Incineroar|Intimidate|boost
|-unboost|p2a: Grimmsnarl|atk|1
|-unboost|p2b: Aerodactyl|atk|1
|turn|1
|inactive|xDeacon has 30 seconds left.
|
|t:|1783959786
|detailschange|p1a: Gengar|Gengar-Mega, L50, M
|-mega|p1a: Gengar|Gengar|Gengarite
|move|p1b: Incineroar|Fake Out|p2b: Aerodactyl
|-resisted|p2b: Aerodactyl|1
|-damage|p2b: Aerodactyl|91/100
|move|p2a: Grimmsnarl|Taunt|p1a: Gengar
|-start|p1a: Gengar|move: Taunt
|cant|p2b: Aerodactyl|flinch
|cant|p1a: Gengar|move: Taunt|Perish Song
|
|upkeep
|turn|2
|inactive|xDeacon has 30 seconds left.
|inactive|ranagasu22 has 30 seconds left.
|
|t:|1783959819
|move|p2a: Grimmsnarl|Reflect|p2a: Grimmsnarl
|-sidestart|p2: ranagasu22|Reflect
|move|p2b: Aerodactyl|Rock Slide|p1a: Gengar|[spread] p1a,p1b
|-supereffective|p1b: Incineroar|1
|-damage|p1a: Gengar|81/100
|-damage|p1b: Incineroar|76/100
|cant|p1a: Gengar|flinch
|move|p1b: Incineroar|Parting Shot|p2b: Aerodactyl
|-unboost|p2b: Aerodactyl|atk|1
|-unboost|p2b: Aerodactyl|spa|1
|
|t:|1783959831
|switch|p1b: Ninetales|Ninetales-Alola, L50, M|100/100|[from] Parting Shot
|-weather|Snowscape|[from] ability: Snow Warning|[of] p1b: Ninetales
|
|-weather|Snowscape|[upkeep]
|upkeep
|turn|3
|
|t:|1783959848
|move|p2a: Grimmsnarl|Taunt|p1b: Ninetales
|-start|p1b: Ninetales|move: Taunt
|move|p2b: Aerodactyl|Rock Slide|p1b: Ninetales|[spread] p1a,p1b
|-supereffective|p1b: Ninetales|1
|-damage|p1a: Gengar|69/100
|-damage|p1b: Ninetales|78/100
|move|p1b: Ninetales|Blizzard|p2b: Aerodactyl|[spread] p2a,p2b
|-supereffective|p2b: Aerodactyl|1
|-damage|p2a: Grimmsnarl|68/100
|-damage|p2b: Aerodactyl|0 fnt
|faint|p2b: Aerodactyl
|move|p1a: Gengar|Shadow Ball|p2a: Grimmsnarl
|-resisted|p2a: Grimmsnarl|1
|-damage|p2a: Grimmsnarl|48/100
|-unboost|p2a: Grimmsnarl|spd|1
|
|-weather|Snowscape|[upkeep]
|-end|p1a: Gengar|move: Taunt
|upkeep
|
|t:|1783959867
|switch|p2b: Charizard|Charizard, L50, F, shiny|100/100
|turn|4
|
|t:|1783959895
|switch|p1b: Incineroar|Incineroar, L50, M|76/100
|-ability|p1b: Incineroar|Intimidate|boost
|-unboost|p2a: Grimmsnarl|atk|1
|-unboost|p2b: Charizard|atk|1
|detailschange|p2b: Charizard|Charizard-Mega-Y, L50, F, shiny
|-mega|p2b: Charizard|Charizard|Charizardite Y
|-weather|SunnyDay|[from] ability: Drought|[of] p2b: Charizard
|move|p1a: Gengar|Protect|p1a: Gengar
|-singleturn|p1a: Gengar|Protect
|move|p2a: Grimmsnarl|Taunt|p1a: Gengar
|-activate|p1a: Gengar|move: Protect
|move|p2b: Charizard|Heat Wave|p1a: Gengar|[spread] p1b
|-activate|p1a: Gengar|move: Protect
|-resisted|p1b: Incineroar|1
|-damage|p1b: Incineroar|47/100
|
|-weather|SunnyDay|[upkeep]
|upkeep
|turn|5
|
|t:|1783959916
|move|p2b: Charizard|Protect|p2b: Charizard
|-singleturn|p2b: Charizard|Protect
|move|p1b: Incineroar|Fake Out|p2a: Grimmsnarl
|-damage|p2a: Grimmsnarl|41/100
|cant|p2a: Grimmsnarl|flinch
|move|p1a: Gengar|Disable|p2b: Charizard
|-activate|p2b: Charizard|move: Protect
|
|-weather|SunnyDay|[upkeep]
|upkeep
|turn|6
|inactive|ranagasu22 has 30 seconds left.
|
|t:|1783959946
|switch|p1a: Altaria|Altaria, L50, M|100/100
|-ability|p1a: Altaria|Cloud Nine
|move|p2a: Grimmsnarl|Taunt|p1a: Altaria
|-start|p1a: Altaria|move: Taunt
|move|p2b: Charizard|Heat Wave|p1a: Altaria|[spread] p1a,p1b
|-resisted|p1a: Altaria|1
|-resisted|p1b: Incineroar|1
|-damage|p1a: Altaria|82/100
|-damage|p1b: Incineroar|28/100
|move|p1b: Incineroar|Parting Shot|p2b: Charizard
|-unboost|p2b: Charizard|atk|1
|-unboost|p2b: Charizard|spa|1
|
|t:|1783959957
|switch|p1b: Gengar|Gengar-Mega, L50, M|69/100|[from] Parting Shot
|
|-weather|SunnyDay|[upkeep]
|upkeep
|turn|7
|
|t:|1783959967
|move|p2b: Charizard|Protect|p2b: Charizard
|-singleturn|p2b: Charizard|Protect
|move|p2a: Grimmsnarl|Taunt|p1b: Gengar
|-start|p1b: Gengar|move: Taunt
|move|p1b: Gengar|Shadow Ball|p2b: Charizard
|-activate|p2b: Charizard|move: Protect
|move|p1a: Altaria|Brave Bird|p2b: Charizard
|-activate|p2b: Charizard|move: Protect
|
|-weather|SunnyDay|[upkeep]
|upkeep
|turn|8
|
|t:|1783959990
|move|p1b: Gengar|Shadow Ball|p2b: Charizard
|-damage|p2b: Charizard|55/100
|move|p2b: Charizard|Air Slash|p1a: Altaria
|-damage|p1a: Altaria|59/100
|move|p1a: Altaria|Brave Bird|p2b: Charizard
|-damage|p2b: Charizard|27/100
|-damage|p1a: Altaria|51/100|[from] Recoil
|move|p2a: Grimmsnarl|Spirit Break|p1b: Gengar
|-resisted|p1b: Gengar|1
|-damage|p1b: Gengar|60/100
|-unboost|p1b: Gengar|spa|1
|
|-weather|none
|-end|p1a: Altaria|move: Taunt
|upkeep
|turn|9
|inactive|xDeacon has 30 seconds left.
|
|t:|1783960024
|move|p1b: Gengar|Shadow Ball|p2a: Grimmsnarl
|-resisted|p2a: Grimmsnarl|1
|-damage|p2a: Grimmsnarl|22/100
|move|p2b: Charizard|Heat Wave|p1b: Gengar|[spread] p1a,p1b
|-resisted|p1a: Altaria|1
|-damage|p1a: Altaria|40/100
|-damage|p1b: Gengar|29/100
|-status|p1a: Altaria|brn
|move|p1a: Altaria|Brave Bird|p2b: Charizard
|-damage|p2b: Charizard|12/100
|-damage|p1a: Altaria|36/100 brn|[from] Recoil
|move|p2a: Grimmsnarl|Spirit Break|p1a: Altaria
|-supereffective|p1a: Altaria|1
|-enditem|p1a: Altaria|Roseli Berry|[eat]
|-enditem|p1a: Altaria|Roseli Berry|[weaken]
|-damage|p1a: Altaria|20/100y brn
|-unboost|p1a: Altaria|spa|1
|
|-damage|p1a: Altaria|14/100 brn|[from] brn
|-end|p1b: Gengar|move: Taunt
|-sideend|p2: ranagasu22|Reflect
|upkeep
|turn|10
|
|t:|1783960048
|move|p2b: Charizard|Protect|p2b: Charizard
|-singleturn|p2b: Charizard|Protect
|move|p2a: Grimmsnarl|Taunt|p1b: Gengar
|-start|p1b: Gengar|move: Taunt
|move|p1b: Gengar|Shadow Ball|p2b: Charizard
|-activate|p2b: Charizard|move: Protect
|move|p1a: Altaria|Brave Bird|p2a: Grimmsnarl
|-damage|p2a: Grimmsnarl|7/100
|-damage|p1a: Altaria|9/100 brn|[from] Recoil
|
|-damage|p1a: Altaria|3/100 brn|[from] brn
|upkeep
|turn|11
|inactive|ranagasu22 has 30 seconds left.
|
|t:|1783960077
|move|p2b: Charizard|Protect|p2b: Charizard
|-singleturn|p2b: Charizard|Protect
|move|p1b: Gengar|Shadow Ball|p2b: Charizard
|-activate|p2b: Charizard|move: Protect
|move|p1a: Altaria|Brave Bird|p2a: Grimmsnarl
|-damage|p2a: Grimmsnarl|0 fnt
|faint|p2a: Grimmsnarl
|-damage|p1a: Altaria|1/100 brn|[from] Recoil
|
|-damage|p1a: Altaria|0 fnt|[from] brn
|faint|p1a: Altaria
|upkeep
|
|t:|1783960093
|switch|p1a: Incineroar|Incineroar, L50, M|28/100
|switch|p2a: Sneasler|Sneasler, L50, M|100/100
|-ability|p1a: Incineroar|Intimidate|boost
|-unboost|p2a: Sneasler|atk|1
|-unboost|p2b: Charizard|atk|1
|turn|12
|
|t:|1783960104
|move|p2a: Sneasler|Fake Out|p1a: Incineroar
|-damage|p1a: Incineroar|21/100
|cant|p1a: Incineroar|flinch
|move|p1b: Gengar|Shadow Ball|p2b: Charizard
|-crit|p2b: Charizard
|-damage|p2b: Charizard|0 fnt
|faint|p2b: Charizard
|
|-end|p1b: Gengar|move: Taunt
|upkeep
|turn|13
|
|t:|1783960129
|move|p2a: Sneasler|Protect|p2a: Sneasler
|-singleturn|p2a: Sneasler|Protect
|move|p1b: Gengar|Shadow Ball|p2a: Sneasler
|-activate|p2a: Sneasler|move: Protect
|move|p1a: Incineroar|Parting Shot|p2a: Sneasler
|-activate|p2a: Sneasler|move: Protect
|
|upkeep
|turn|14
|
|t:|1783960141
|move|p2a: Sneasler|Dire Claw|p1a: Incineroar
|-damage|p1a: Incineroar|1/100
|-status|p1a: Incineroar|slp
|move|p1b: Gengar|Shadow Ball|p2a: Sneasler
|-damage|p2a: Sneasler|57/100
|cant|p1a: Incineroar|slp
|
|upkeep
|turn|15
|
|t:|1783960156
|move|p1b: Gengar|Protect|p1b: Gengar
|-singleturn|p1b: Gengar|Protect
|cant|p1a: Incineroar|slp
|move|p2a: Sneasler|Dire Claw|p1b: Gengar
|-activate|p1b: Gengar|move: Protect
|
|upkeep
|turn|16
|
|t:|1783960166
|move|p2a: Sneasler|Dire Claw|p1b: Gengar
|-resisted|p1b: Gengar|2
|-damage|p1b: Gengar|22/100
|move|p1b: Gengar|Shadow Ball|p2a: Sneasler
|-damage|p2a: Sneasler|15/100
|-curestatus|p1a: Incineroar|slp|[msg]
|move|p1a: Incineroar|Parting Shot|p2a: Sneasler
|-unboost|p2a: Sneasler|atk|1
|-unboost|p2a: Sneasler|spa|1
|-message|ranagasu22 forfeited.
|
|win|xDeacon
|l|☆ranagasu22
|player|p2|
