|j|☆viatles
|j|☆Dorito99
|html|viatlesDorito99    
|uhtml|bestof|Game 1 of a best-of-3
|t:|1757018173
|gametype|doubles
|player|p1|viatles|hiker|1052
|player|p2|Dorito99|riley|1107
|gen|9
|tier|[Gen 9] VGC 2025 Reg H (Bo3)
|rated|
|rule|Species Clause: Limit one of each Pokémon
|rule|Item Clause: Limit 1 of each item
|clearpoke
|poke|p1|Serperior, L50, F|
|poke|p1|Grimmsnarl, L50, M|
|poke|p1|Empoleon, L50, F|
|poke|p1|Garchomp, L50, M|
|poke|p1|Araquanid, L50, F|
|poke|p1|Garganacl, L50, M|
|poke|p2|Kingambit, L50, F|
|poke|p2|Clawitzer, L50, M|
|poke|p2|Farigiraf, L50, M|
|poke|p2|Talonflame, L50, F|
|poke|p2|Kommo-o, L50, M|
|poke|p2|Amoonguss, L50, F|
|teampreview|4
|showteam|p1|Serperior||CovertCloak|Contrary|Protect,LeafStorm,TeraBlast,GrassPledge|||F|||50|,,,,,Stellar]Grimmsnarl||LightClay|Prankster|LightScreen,Reflect,SpiritBreak,ThunderWave|||M|||50|,,,,,Ghost]Empoleon||ChopleBerry|Competitive|WaterPledge,FlashCannon,Haze,Protect|||F|||50|,,,,,Grass]Garchomp||LoadedDice|RoughSkin|ScaleShot,Earthquake,IronHead,Protect|||M|||50|,,,,,Steel]Araquanid||SafetyGoggles|WaterBubble|WideGuard,Protect,Liquidation,Infestation|||F|||50|,,,,,Grass]Garganacl||Leftovers|PurifyingSalt|SaltCure,Recover,Protect,ThunderPunch|||M|||50|,,,,,Water
|showteam|p2|Kingambit||BlackGlasses|Defiant|SuckerPunch,KowtowCleave,IronHead,Protect|||F|||50|,,,,,Flying]Clawitzer||LifeOrb|MegaLauncher|AuraSphere,DarkPulse,WaterPulse,Protect|||M|||50|,,,,,Dark]Farigiraf||NormalGem|ArmorTail|TrickRoom,HyperVoice,Protect,AllySwitch|||M|||50|,,,,,Grass]Talonflame||CovertCloak|GaleWings|Tailwind,BraveBird,Protect,FlareBlitz|||F|||50|,,,,,Flying]Kommo-o||ThroatSpray|Overcoat|ClangorousSoul,ClangingScales,VacuumWave,FlashCannon|||M|||50|,,,,,Steel]Amoonguss||RockyHelmet|Regenerator|PollenPuff,Spore,RagePowder,Protect|||F|||50|,,,,,Water
|c|☆viatles|gl hf
|inactive|Battle timer is ON: inactive players will automatically lose when time's up. (requested by viatles)
|inactive|Dorito99 has 60 seconds left.
|
|t:|1757018217
|teamsize|p1|4
|teamsize|p2|4
|start
|switch|p1a: Grimmsnarl|Grimmsnarl, L50, M|100/100
|switch|p1b: Garganacl|Garganacl, L50, M|100/100
|switch|p2a: Amoonguss|Amoonguss, L50, F, shiny|100/100
|switch|p2b: Kommo-o|Kommo-o, L50, M, shiny|100/100
|turn|1
|inactive|Dorito99 has 30 seconds left.
|
|t:|1757018249
|move|p2a: Amoonguss|Rage Powder|p2a: Amoonguss
|-singleturn|p2a: Amoonguss|move: Rage Powder
|move|p1a: Grimmsnarl|Light Screen|p1a: Grimmsnarl
|-sidestart|p1: viatles|move: Light Screen
|move|p2b: Kommo-o|Clanging Scales|p1b: Garganacl|[spread] p1b
|-immune|p1a: Grimmsnarl
|-damage|p1b: Garganacl|82/100
|-unboost|p2b: Kommo-o|def|1
|-enditem|p2b: Kommo-o|Throat Spray
|-boost|p2b: Kommo-o|spa|1|[from] item: Throat Spray
|move|p1b: Garganacl|Salt Cure|p2a: Amoonguss
|-damage|p2a: Amoonguss|89/100
|-start|p2a: Amoonguss|Salt Cure
|
|-heal|p1b: Garganacl|87/100|[from] item: Leftovers
|-damage|p2a: Amoonguss|77/100|[from] Salt Cure
|upkeep
|turn|2
|inactive|viatles has 30 seconds left.
|
|t:|1757018278
|move|p2a: Amoonguss|Rage Powder|p2a: Amoonguss
|-singleturn|p2a: Amoonguss|move: Rage Powder
|move|p1a: Grimmsnarl|Thunder Wave|p2a: Amoonguss
|-status|p2a: Amoonguss|par
|move|p2b: Kommo-o|Clangorous Soul|p2b: Kommo-o
|-boost|p2b: Kommo-o|atk|1
|-boost|p2b: Kommo-o|def|1
|-boost|p2b: Kommo-o|spa|1
|-boost|p2b: Kommo-o|spd|1
|-boost|p2b: Kommo-o|spe|1
|-damage|p2b: Kommo-o|68/100
|move|p1b: Garganacl|Thunder Punch|p2a: Amoonguss
|-resisted|p2a: Amoonguss
|-damage|p2a: Amoonguss|70/100 par
|-damage|p1b: Garganacl|71/100|[from] item: Rocky Helmet|[of] p2a: Amoonguss
|
|-heal|p1b: Garganacl|77/100|[from] item: Leftovers
|-damage|p2a: Amoonguss|57/100 par|[from] Salt Cure
|upkeep
|turn|3
|inactive|viatles has 30 seconds left.
|inactive|Dorito99 has 30 seconds left.
|
|t:|1757018311
|switch|p1a: Empoleon|Empoleon, L50, F|100/100
|-terastallize|p2b: Kommo-o|Steel
|move|p2a: Amoonguss|Rage Powder|p2a: Amoonguss
|-singleturn|p2a: Amoonguss|move: Rage Powder
|move|p2b: Kommo-o|Flash Cannon|p1a: Empoleon
|-resisted|p1a: Empoleon
|-damage|p1a: Empoleon|89/100
|move|p1b: Garganacl|Recover|p1b: Garganacl
|-heal|p1b: Garganacl|100/100
|
|-damage|p2a: Amoonguss|45/100 par|[from] Salt Cure
|upkeep
|turn|4
|
|t:|1757018335
|move|p2b: Kommo-o|Flash Cannon|p1b: Garganacl
|-supereffective|p1b: Garganacl
|-crit|p1b: Garganacl
|-damage|p1b: Garganacl|0 fnt
|faint|p1b: Garganacl
|move|p1a: Empoleon|Haze|p1a: Empoleon
|-clearallboost
|move|p2a: Amoonguss|Pollen Puff|p2b: Kommo-o
|-heal|p2b: Kommo-o|100/100
|
|-damage|p2a: Amoonguss|32/100 par|[from] Salt Cure
|upkeep
|
|t:|1757018347
|switch|p1b: Serperior|Serperior, L50, F|100/100
|turn|5
|
|t:|1757018366
|switch|p2a: Queengambit|Kingambit, L50, F, shiny|100/100
|move|p1b: Serperior|Grass Pledge|p2a: Queengambit
|-waiting|p1b: Serperior|p1a: Empoleon
|move|p1a: Empoleon|Water Pledge|p2b: Kommo-o|[from] move: Grass Pledge
|-combine
|-resisted|p2b: Kommo-o
|-damage|p2b: Kommo-o|70/100
|-sidestart|p2: Dorito99|Grass Pledge
|move|p2b: Kommo-o|Clanging Scales|p1b: Serperior|[spread] p1a,p1b
|-resisted|p1a: Empoleon
|-damage|p1a: Empoleon|78/100
|-damage|p1b: Serperior|68/100
|-unboost|p2b: Kommo-o|def|1
|
|upkeep
|turn|6
|inactive|Dorito99 has 30 seconds left.
|
|t:|1757018394
|switch|p1b: Grimmsnarl|Grimmsnarl, L50, M|100/100
|move|p2b: Kommo-o|Vacuum Wave|p1a: Empoleon
|-supereffective|p1a: Empoleon
|-enditem|p1a: Empoleon|Chople Berry|[eat]
|-enditem|p1a: Empoleon|Chople Berry|[weaken]
|-damage|p1a: Empoleon|66/100
|move|p1a: Empoleon|Water Pledge|p2a: Queengambit
|-damage|p2a: Queengambit|72/100
|move|p2a: Queengambit|Kowtow Cleave|p1a: Empoleon
|-damage|p1a: Empoleon|16/100
|
|upkeep
|turn|7
|
|t:|1757018415
|move|p1a: Empoleon|Protect|p1a: Empoleon
|-singleturn|p1a: Empoleon|Protect
|move|p1b: Grimmsnarl|Thunder Wave|p2b: Kommo-o
|-status|p2b: Kommo-o|par
|move|p2b: Kommo-o|Vacuum Wave|p1a: Empoleon
|-activate|p1a: Empoleon|move: Protect
|move|p2a: Queengambit|Iron Head|p1b: Grimmsnarl
|-supereffective|p1b: Grimmsnarl
|-damage|p1b: Grimmsnarl|11/100
|
|upkeep
|turn|8
|
|t:|1757018435
|move|p2a: Queengambit|Protect|p2a: Queengambit
|-singleturn|p2a: Queengambit|Protect
|move|p1b: Grimmsnarl|Reflect|p1b: Grimmsnarl
|-sidestart|p1: viatles|Reflect
|move|p2b: Kommo-o|Vacuum Wave|p1b: Grimmsnarl
|-damage|p1b: Grimmsnarl|0 fnt
|faint|p1b: Grimmsnarl
|move|p1a: Empoleon|Water Pledge|p2a: Queengambit
|-activate|p2a: Queengambit|move: Protect
|
|-sideend|p1: viatles|move: Light Screen
|-sideend|p2: Dorito99|Grass Pledge
|upkeep
|
|t:|1757018444
|switch|p1b: Serperior|Serperior, L50, F|68/100
|turn|9
|
|t:|1757018461
|-terastallize|p1b: Serperior|Stellar
|move|p2a: Queengambit|Sucker Punch|p1a: Empoleon
|-damage|p1a: Empoleon|0 fnt
|faint|p1a: Empoleon
|move|p1b: Serperior|Tera Blast|p2a: Queengambit|[anim] Tera Blast Stellar
|-damage|p2a: Queengambit|40/100
|-boost|p1b: Serperior|atk|1
|-boost|p1b: Serperior|spa|1
|move|p2b: Kommo-o|Clanging Scales|p1b: Serperior
|-damage|p1b: Serperior|0 fnt
|faint|p1b: Serperior
|
|win|Dorito99
|inactive|viatles has 30 seconds to confirm battle start!
|inactive|Dorito99 has 30 seconds to confirm battle start!
||Dorito99 is ready for game 2.
||viatles is ready for game 2.
|uhtml|next|Next: Game 2 of 3
