|j|☆coastline2687
|j|☆somebodyelseyo
|html|coastline2687somebodyelseyo    
|uhtml|bestof|Game 2 of a best-of-3
|t:|1785035063
|gametype|doubles
|player|p1|coastline2687|dawn|1073
|player|p2|somebodyelseyo|102|1094
|gen|9
|tier|[Gen 9 Champions] VGC 2026 Reg M-B (Bo3)
|rated|
|rule|Species Clause: Limit one of each Pokémon
|rule|Item Clause: Limit 1 of each item
|clearpoke
|poke|p1|Greninja, L50, M, shiny|
|poke|p1|Toxapex, L50, F, shiny|
|poke|p1|Annihilape, L50, M|
|poke|p1|Whimsicott, L50, F, shiny|
|poke|p1|Garchomp, L50, M|
|poke|p1|Gholdengo, L50|
|poke|p2|Reuniclus, L50, F, shiny|
|poke|p2|Dragalge, L50, F, shiny|
|poke|p2|Incineroar, L50, M, shiny|
|poke|p2|Pelipper, L50, M, shiny|
|poke|p2|Swampert, L50, F, shiny|
|poke|p2|Grimmsnarl, L50, M, shiny|
|teampreview|4
|showteam|p1|Greninja||Greninjite|Torrent|HydroPump,IceBeam,DarkPulse,Protect|Timid||M|||50|]Toxapex||Leftovers|Regenerator|Infestation,Toxic,BanefulBunker,WideGuard|Bold||F|||50|]Annihilape||SitrusBerry|Defiant|RageFist,CloseCombat,BulkUp,Protect|Jolly||M|||50|]Whimsicott||FocusSash|Prankster|Moonblast,Tailwind,LightScreen,Encore|Timid||F|||50|]Garchomp||ChoiceScarf|RoughSkin|Earthquake,RockSlide,DragonClaw,StompingTantrum|Adamant||M|||50|]Gholdengo||LifeOrb|GoodasGold|MakeItRain,ShadowBall,NastyPlot,Protect|Modest|||||50|
|showteam|p2|Reuniclus||LifeOrb|MagicGuard|EnergyBall,Psychic,TrickRoom,Protect|Quiet||F|||50|]Dragalge||Dragalgite|Adaptability|FlipTurn,DracoMeteor,SludgeBomb,Protect|Sassy||F|||50|]Incineroar||ChopleBerry|Intimidate|ThroatChop,FlareBlitz,FakeOut,PartingShot|Brave||M|||50|]Pelipper||DampRock|Drizzle|WideGuard,HelpingHand,WeatherBall,Hurricane|Bold||M|||50|]Swampert||Swampertite|Damp|Earthquake,Protect,WaveCrash,KnockOff|Adamant||F|||50|]Grimmsnarl||LightClay|Prankster|SpiritBreak,Reflect,FakeOut,LightScreen|Relaxed||M|||50|
|inactive|Battle timer is ON: inactive players will automatically lose when time's up. (requested by somebodyelseyo)
|inactive|coastline2687 also wants the timer to be on.
|inactive|coastline2687 has 60 seconds left.
|inactive|somebodyelseyo has 60 seconds left.
|inactive|coastline2687 has 30 seconds left.
|
|t:|1785035131
|teamsize|p1|4
|teamsize|p2|4
|start
|switch|p1a: Elon Musk|Gholdengo, L50|100/100
|switch|p1b: Cheesebslls|Greninja, L50, M, shiny|100/100
|switch|p2a: Swampert|Swampert, L50, F, shiny|100/100
|switch|p2b: Grimmsnarl|Grimmsnarl, L50, M, shiny|100/100
|turn|1
|inactive|coastline2687 has 30 seconds left.
|inactive|somebodyelseyo has 30 seconds left.
|inactive|coastline2687 has 20 seconds left.
|
|t:|1785035171
|detailschange|p1b: Cheesebslls|Greninja-Mega, L50, M, shiny
|-mega|p1b: Cheesebslls|Greninja|Greninjite
|detailschange|p2a: Swampert|Swampert-Mega, L50, F, shiny
|-mega|p2a: Swampert|Swampert|Swampertite
|move|p2b: Grimmsnarl|Light Screen|p2b: Grimmsnarl
|-sidestart|p2: somebodyelseyo|move: Light Screen
|move|p1b: Cheesebslls|Hydro Pump|p2a: Swampert
|-start|p1b: Cheesebslls|typechange|Water|[from] ability: Protean
|-damage|p2a: Swampert|63/100
|move|p1a: Elon Musk|Make It Rain|p2a: Swampert|[spread] p2a,p2b
|-resisted|p2a: Swampert|1
|-supereffective|p2b: Grimmsnarl|1
|-damage|p2a: Swampert|46/100
|-damage|p2b: Grimmsnarl|29/100
|-unboost|p1a: Elon Musk|spa|2
|-damage|p1a: Elon Musk|90/100|[from] item: Life Orb
|move|p2a: Swampert|Knock Off|p1a: Elon Musk
|-supereffective|p1a: Elon Musk|1
|-damage|p1a: Elon Musk|12/100
|-enditem|p1a: Elon Musk|Life Orb|[from] move: Knock Off|[of] p2a: Swampert
|
|upkeep
|turn|2
|inactive|coastline2687 has 30 seconds left.
|inactive|somebodyelseyo has 30 seconds left.
|inactive|coastline2687 has 20 seconds left.
|inactive|coastline2687 has 15 seconds left.
|
|t:|1785035211
|switch|p1a: Sandbag|Toxapex, L50, F, shiny|100/100
|move|p2a: Swampert|Protect|p2a: Swampert
|-singleturn|p2a: Swampert|Protect
|move|p1b: Cheesebslls|Dark Pulse|p2a: Swampert
|-activate|p2a: Swampert|move: Protect
|move|p2b: Grimmsnarl|Spirit Break|p1b: Cheesebslls
|-damage|p1b: Cheesebslls|53/100
|-unboost|p1b: Cheesebslls|spa|1
|
|upkeep
|turn|3
|inactive|coastline2687 has 30 seconds left.
|inactive|coastline2687 has 20 seconds left.
|
|t:|1785035248
|switch|p2b: Pelipper|Pelipper, L50, M, shiny|100/100
|-weather|RainDance|[from] ability: Drizzle|[of] p2b: Pelipper
|move|p1a: Sandbag|Wide Guard|p1a: Sandbag
|-singleturn|p1a: Sandbag|Wide Guard
|move|p2a: Swampert|Earthquake|p1b: Cheesebslls|[spread] 
|-activate|p1a: Sandbag|move: Wide Guard
|-activate|p1b: Cheesebslls|move: Wide Guard
|-immune|p2b: Pelipper
|move|p1b: Cheesebslls|Hydro Pump|p2a: Swampert
|-damage|p2a: Swampert|10/100
|
|-weather|RainDance|[upkeep]
|upkeep
|turn|4
|inactive|coastline2687 has 30 seconds left.
|inactive|coastline2687 has 20 seconds left.
|
|t:|1785035284
|switch|p1b: Dinosaur|Garchomp, L50, M|100/100
|switch|p2b: Grimmsnarl|Grimmsnarl, L50, M, shiny|29/100
|move|p2a: Swampert|Protect|p2a: Swampert
|-singleturn|p2a: Swampert|Protect
|move|p1a: Sandbag|Toxic|p2a: Swampert
|-activate|p2a: Swampert|move: Protect
|
|-weather|RainDance|[upkeep]
|upkeep
|turn|5
|inactive|coastline2687 has 30 seconds left.
|inactive|somebodyelseyo has 30 seconds left.
|inactive|somebodyelseyo has 20 seconds left.
|inactive|somebodyelseyo has 15 seconds left.
|inactive|somebodyelseyo has 10 seconds left.
|
|t:|1785035330
|move|p2b: Grimmsnarl|Fake Out|p1a: Sandbag
|-damage|p1a: Sandbag|91/100
|move|p1b: Dinosaur|Rock Slide|p2a: Swampert|[spread] p2a,p2b
|-resisted|p2a: Swampert|1
|-damage|p2a: Swampert|2/100
|-damage|p2b: Grimmsnarl|11/100
|move|p2a: Swampert|Earthquake|p1a: Sandbag|[spread] p2b,p1a,p1b
|-supereffective|p1a: Sandbag|1
|-damage|p2b: Grimmsnarl|0 fnt
|-damage|p1a: Sandbag|22/100
|-damage|p1b: Dinosaur|52/100
|faint|p2b: Grimmsnarl
|cant|p1a: Sandbag|flinch
|
|-weather|RainDance|[upkeep]
|-heal|p1a: Sandbag|28/100|[from] item: Leftovers
|upkeep
|
|t:|1785035341
|switch|p2b: Incineroar|Incineroar, L50, M, shiny|100/100
|-ability|p2b: Incineroar|Intimidate|boost
|-unboost|p1a: Sandbag|atk|1
|-unboost|p1b: Dinosaur|atk|1
|turn|6
|inactive|coastline2687 has 30 seconds left.
|inactive|coastline2687 has 20 seconds left.
|
|t:|1785035376
|move|p1a: Sandbag|Baneful Bunker|p1a: Sandbag
|-singleturn|p1a: Sandbag|move: Protect
|move|p2b: Incineroar|Fake Out|p1b: Dinosaur
|-damage|p1b: Dinosaur|40/100
|-damage|p2b: Incineroar|87/100|[from] ability: Rough Skin|[of] p1b: Dinosaur
|cant|p1b: Dinosaur|flinch
|move|p2a: Swampert|Earthquake|p1a: Sandbag|[spread] p2b,p1b
|-activate|p1a: Sandbag|move: Protect
|-supereffective|p2b: Incineroar|1
|-damage|p2b: Incineroar|3/100
|-damage|p1b: Dinosaur|0 fnt
|faint|p1b: Dinosaur
|
|-weather|RainDance|[upkeep]
|-heal|p1a: Sandbag|34/100|[from] item: Leftovers
|upkeep
|
|t:|1785035389
|switch|p1b: Cheesebslls|Greninja-Mega, L50, M, shiny|53/100
|turn|7
|
|t:|1785035413
|move|p2a: Swampert|Protect|p2a: Swampert
|-singleturn|p2a: Swampert|Protect
|move|p1b: Cheesebslls|Hydro Pump|p2b: Incineroar
|-start|p1b: Cheesebslls|typechange|Water|[from] ability: Protean
|-supereffective|p2b: Incineroar|1
|-damage|p2b: Incineroar|0 fnt
|faint|p2b: Incineroar
|move|p1a: Sandbag|Infestation|p2a: Swampert
|-activate|p2a: Swampert|move: Protect
|
|-weather|RainDance|[upkeep]
|-heal|p1a: Sandbag|40/100|[from] item: Leftovers
|upkeep
|
|t:|1785035421
|switch|p2b: Pelipper|Pelipper, L50, M, shiny|100/100
|turn|8
|
|t:|1785035442
|move|p2a: Swampert|Earthquake|p1a: Sandbag|[spread] p1a,p1b
|-immune|p2b: Pelipper
|-supereffective|p1a: Sandbag|1
|-damage|p1a: Sandbag|0 fnt
|-damage|p1b: Cheesebslls|0 fnt
|faint|p1a: Sandbag
|faint|p1b: Cheesebslls
|move|p2b: Pelipper|Hurricane|p1: Sandbag|[notarget]
|-fail|p2b: Pelipper
|
|-weather|RainDance|[upkeep]
|-sideend|p2: somebodyelseyo|move: Light Screen
|upkeep
|
|t:|1785035451
|switch|p1b: Elon Musk|Gholdengo, L50|12/100
|turn|9
|
|t:|1785035469
|move|p2a: Swampert|Earthquake|p1b: Elon Musk|[spread] p1b
|-immune|p2b: Pelipper
|-supereffective|p1b: Elon Musk|1
|-damage|p1b: Elon Musk|0 fnt
|faint|p1b: Elon Musk
|
|win|somebodyelseyo
|raw|coastline2687's rating: 1073 → 1053(-20 for losing)
|raw|somebodyelseyo's rating: 1094 → 1118(+24 for winning)
|l|☆somebodyelseyo
|player|p2|
