|j|☆imonx6pace!
|j|☆PerroDog
|html|imonx6pace!PerroDog    
|uhtml|bestof|Game 3 of a best-of-3
|t:|1784601418
|gametype|doubles
|player|p1|imonx6pace!|rocketgrunt|1152
|player|p2|PerroDog|101|1172
|gen|9
|tier|[Gen 9 Champions] VGC 2026 Reg M-B (Bo3)
|rated|
|rule|Species Clause: Limit one of each Pokémon
|rule|Item Clause: Limit 1 of each item
|clearpoke
|poke|p1|Sinistcha, L50|
|poke|p1|Aerodactyl, L50, M|
|poke|p1|Sneasler, L50, F|
|poke|p1|Incineroar, L50, F|
|poke|p1|Garchomp, L50, M|
|poke|p1|Delphox, L50, M|
|poke|p2|Kingambit, L50, M|
|poke|p2|Gardevoir, L50, F|
|poke|p2|Talonflame, L50, M|
|poke|p2|Maushold, L50|
|poke|p2|Basculegion, L50, M|
|poke|p2|Garchomp, L50, M|
|teampreview|4
|showteam|p1|Sinistcha||SitrusBerry|Hospitality|MatchaGotcha,RagePowder,LifeDew,TrickRoom|Calm|||||50|]Aerodactyl||FocusSash|Unnerve|Tailwind,RockSlide,DualWingbeat,Protect|Jolly||M|||50|]Sneasler||WhiteHerb|Unburden|FakeOut,DireClaw,CloseCombat,Protect|Jolly||F|||50|]Incineroar||ChopleBerry|Intimidate|FakeOut,PartingShot,FlareBlitz,ThroatChop|Careful||F|||50|]Garchomp||LifeOrb|RoughSkin|Earthquake,RockSlide,Protect,DragonClaw|Jolly||M|||50|]Delphox||Delphoxite|Blaze|NastyPlot,HeatWave,Psychic,Protect|Timid||M|||50|
|showteam|p2|Kingambit||FocusSash|Defiant|KowtowCleave,IronHead,SuckerPunch,LowKick|Adamant||M|||50|]Gardevoir||Gardevoirite|Telepathy|HyperVoice,Psyshock,TrickRoom,Protect|Modest||F|||50|]Talonflame||LifeOrb|GaleWings|DualWingbeat,FlareBlitz,Tailwind,Protect|Jolly||M|||50|]Maushold||ChopleBerry|FriendGuard|Feint,SuperFang,FollowMe,Protect|Impish|||||50|]Basculegion||MysticWater|Adaptability|WaveCrash,LastRespects,AquaJet,Protect|Adamant||M|||50|]Garchomp||SitrusBerry|RoughSkin|Earthquake,StompingTantrum,RockTomb,Protect|Jolly||M|||50|
|inactive|Battle timer is ON: inactive players will automatically lose when time's up. (requested by imonx6pace!)
|inactive|PerroDog has 60 seconds left.
|
|t:|1784601470
|teamsize|p1|4
|teamsize|p2|4
|start
|switch|p1a: Aerodactyl|Aerodactyl, L50, M|100/100
|switch|p1b: Garchomp|Garchomp, L50, M|100/100
|switch|p2a: Talonflame|Talonflame, L50, M|100/100
|switch|p2b: Garchomp|Garchomp, L50, M|100/100
|-ability|p1a: Aerodactyl|Unnerve
|turn|1
|
|t:|1784601482
|move|p2a: Talonflame|Tailwind|p2a: Talonflame
|-sidestart|p2: PerroDog|move: Tailwind
|move|p2b: Garchomp|Rock Tomb|p1a: Aerodactyl
|-supereffective|p1a: Aerodactyl|1
|-damage|p1a: Aerodactyl|38/100
|-unboost|p1a: Aerodactyl|spe|1
|move|p1b: Garchomp|Dragon Claw|p2b: Garchomp
|-supereffective|p2b: Garchomp|1
|-damage|p2b: Garchomp|1/100
|-damage|p1b: Garchomp|87/100|[from] ability: Rough Skin|[of] p2b: Garchomp
|-damage|p1b: Garchomp|77/100|[from] item: Life Orb
|move|p1a: Aerodactyl|Tailwind|p1a: Aerodactyl
|-sidestart|p1: imonx6pace!|move: Tailwind
|
|upkeep
|turn|2
|
|t:|1784601505
|switch|p1a: Sinistcha|Sinistcha, L50|100/100
|-enditem|p2b: Garchomp|Sitrus Berry|[eat]
|-heal|p2b: Garchomp|26/100|[from] item: Sitrus Berry
|-heal|p1b: Garchomp|100/100|[from] ability: Hospitality|[of] p1a: Sinistcha
|move|p2a: Talonflame|Protect|p2a: Talonflame
|-singleturn|p2a: Talonflame|Protect
|move|p1b: Garchomp|Rock Slide|p2b: Garchomp|[spread] p2b
|-activate|p2a: Talonflame|move: Protect
|-resisted|p2b: Garchomp|1
|-damage|p2b: Garchomp|14/100
|-damage|p1b: Garchomp|90/100|[from] item: Life Orb
|move|p2b: Garchomp|Rock Tomb|p1b: Garchomp
|-resisted|p1b: Garchomp|1
|-damage|p1b: Garchomp|81/100
|-unboost|p1b: Garchomp|spe|1
|
|upkeep
|turn|3
|
|t:|1784601524
|switch|p1a: Aerodactyl|Aerodactyl, L50, M|38/100
|-ability|p1a: Aerodactyl|Unnerve
|move|p2a: Talonflame|Dual Wingbeat|p1a: Aerodactyl
|-resisted|p1a: Aerodactyl|1
|-damage|p1a: Aerodactyl|22/100
|-resisted|p1a: Aerodactyl|1
|-damage|p1a: Aerodactyl|8/100
|-hitcount|p1a: Aerodactyl|2
|-damage|p2a: Talonflame|90/100|[from] item: Life Orb
|move|p2b: Garchomp|Earthquake|p1a: Aerodactyl|[spread] p1b
|-immune|p2a: Talonflame
|-immune|p1a: Aerodactyl
|-damage|p1b: Garchomp|47/100
|move|p1b: Garchomp|Rock Slide|p2a: Talonflame|[spread] p2a,p2b
|-supereffective|p2a: Talonflame|2
|-resisted|p2b: Garchomp|1
|-damage|p2a: Talonflame|0 fnt
|-damage|p2b: Garchomp|3/100
|faint|p2a: Talonflame
|-damage|p1b: Garchomp|37/100|[from] item: Life Orb
|
|upkeep
|
|t:|1784601544
|switch|p2a: Basculegion|Basculegion, L50, M|100/100
|turn|4
|
|t:|1784601553
|switch|p1b: Sinistcha|Sinistcha, L50|100/100
|-heal|p1a: Aerodactyl|33/100|[from] ability: Hospitality|[of] p1b: Sinistcha
|move|p1a: Aerodactyl|Protect|p1a: Aerodactyl
|-singleturn|p1a: Aerodactyl|Protect
|move|p2a: Basculegion|Aqua Jet|p1a: Aerodactyl
|-activate|p1a: Aerodactyl|move: Protect
|move|p2b: Garchomp|Stomping Tantrum|p1b: Sinistcha
|-resisted|p1b: Sinistcha|1
|-damage|p1b: Sinistcha|83/100
|
|-sideend|p2: PerroDog|move: Tailwind
|-sideend|p1: imonx6pace!|move: Tailwind
|upkeep
|turn|5
|
|t:|1784601563
|move|p1b: Sinistcha|Rage Powder|p1b: Sinistcha
|-singleturn|p1b: Sinistcha|move: Rage Powder
|move|p1a: Aerodactyl|Tailwind|p1a: Aerodactyl
|-sidestart|p1: imonx6pace!|move: Tailwind
|move|p2b: Garchomp|Rock Tomb|p1b: Sinistcha
|-damage|p1b: Sinistcha|66/100
|-unboost|p1b: Sinistcha|spe|1
|move|p2a: Basculegion|Last Respects|p1b: Sinistcha
|-supereffective|p1b: Sinistcha|1
|-damage|p1b: Sinistcha|0 fnt
|faint|p1b: Sinistcha
|
|upkeep
|
|t:|1784601576
|switch|p1b: Garchomp|Garchomp, L50, M|37/100
|turn|6
|
|t:|1784601584
|move|p2a: Basculegion|Protect|p2a: Basculegion
|-singleturn|p2a: Basculegion|Protect
|move|p1a: Aerodactyl|Rock Slide|p2b: Garchomp|[spread] p2b
|-activate|p2a: Basculegion|move: Protect
|-resisted|p2b: Garchomp|1
|-damage|p2b: Garchomp|0 fnt
|faint|p2b: Garchomp
|move|p1b: Garchomp|Rock Slide|p2a: Basculegion
|-activate|p2a: Basculegion|move: Protect
|
|upkeep
|
|t:|1784601593
|switch|p2b: Kingambit|Kingambit, L50, M|100/100
|turn|7
|
|t:|1784601602
|move|p2a: Basculegion|Aqua Jet|p1a: Aerodactyl
|-supereffective|p1a: Aerodactyl|1
|-damage|p1a: Aerodactyl|0 fnt
|faint|p1a: Aerodactyl
|move|p2b: Kingambit|Sucker Punch|p1b: Garchomp
|-damage|p1b: Garchomp|0 fnt
|-damage|p2b: Kingambit|88/100|[from] ability: Rough Skin|[of] p1b: Garchomp
|faint|p1b: Garchomp
|
|upkeep
|-message|imonx6pace! forfeited.
|
|win|PerroDog
|raw|imonx6pace!'s rating: 1152 → 1128(-24 for losing)
|raw|PerroDog's rating: 1172 → 1196(+24 for winning)
