|j|☆bbull
|j|‽csstudent1
|html|bbullcsstudent1    
|uhtml|bestof|Game 2 of a best-of-3
|t:|1786128588
|gametype|doubles
|player|p1|bbull|bruno|
|player|p2|csstudent1|2|
|gen|9
|tier|[Gen 9 Champions] VGC 2026 Reg M-B (Bo3)
|rule|Species Clause: Limit one of each Pokémon
|rule|Item Clause: Limit 1 of each item
|clearpoke
|poke|p1|Archaludon, L50, M|
|poke|p1|Weavile, L50, M|
|poke|p1|Politoed, L50, F|
|poke|p1|Venusaur, L50, F|
|poke|p1|Sableye, L50, F|
|poke|p1|Garchomp, L50, M|
|poke|p2|Sinistcha, L50|
|poke|p2|Slowking-Galar, L50, F|
|poke|p2|Rotom-Wash, L50|
|poke|p2|Meowstic, L50, M|
|poke|p2|Tyranitar, L50, M|
|poke|p2|Steelix, L50, M|
|teampreview|4
|showteam|p1|Archaludon||ChopleBerry|Stamina|ElectroShot,AuraSphere,FlashCannon,Protect|Modest||M|||50|]Weavile||FocusSash|Pickpocket|FakeOut,KnockOff,TripleAxel,Protect|Adamant||M|||50|]Politoed||SitrusBerry|Drizzle|Protect,RainDance,WeatherBall,IceBeam|Sassy||F|||50|]Venusaur||Venusaurite|Overgrow|GigaDrain,Protect,EarthPower,SleepPowder|Bold||F|||50|]Sableye||RoseliBerry|Prankster|Encore,Reflect,RainDance,FoulPlay|Impish||F|||50|]Garchomp||Garchompite|RoughSkin|EarthPower,Protect,RainDance,DragonPulse|Modest||M|||50|
|showteam|p2|Sinistcha||Leftovers|Hospitality|RagePowder,MatchaGotcha,Protect,StrengthSap|Bold|||||50|]Slowking-Galar||LifeOrb|Regenerator|Protect,FocusBlast,IceBeam,SludgeBomb|Modest||F|||50|]Rotom-Wash||SitrusBerry|Levitate|WillOWisp,LightScreen,ShadowBall,HydroPump|Timid|||||50|]Meowstic||FocusSash|Prankster|TrickRoom,FakeOut,ExpandingForce,PsychicTerrain|Sassy||M|||50|]Tyranitar||Tyranitarite|SandStream|KnockOff,IcePunch,Protect,BodyPress|Sassy||M|||50|]Steelix||Steelixite|Sturdy|Protect,HeavySlam,WideGuard,HighHorsepower|Calm||M|||50|
|inactive|Battle timer is ON: inactive players will automatically lose when time's up. (requested by bbull)
|inactive|csstudent1 has 60 seconds left.
|inactive|bbull has 60 seconds left.
|
|t:|1786128639
|teamsize|p1|4
|teamsize|p2|4
|start
|switch|p1a: Archaludon|Archaludon, L50, M|100/100
|switch|p1b: Politoed|Politoed, L50, F|100/100
|switch|p2a: Meowstic|Meowstic, L50, M|100/100
|switch|p2b: Rotom|Rotom-Wash, L50|100/100
|-weather|RainDance|[from] ability: Drizzle|[of] p1b: Politoed
|turn|1
|
|t:|1786128660
|move|p2a: Meowstic|Fake Out|p1b: Politoed
|-damage|p1b: Politoed|93/100
|move|p2b: Rotom|Light Screen|p2b: Rotom
|-sidestart|p2: csstudent1|move: Light Screen
|move|p1a: Archaludon|Electro Shot||[still]
|-prepare|p1a: Archaludon|Electro Shot
|-boost|p1a: Archaludon|spa|1
|-anim|p1a: Archaludon|Electro Shot|p2a: Meowstic
|-damage|p2a: Meowstic|61/100
|cant|p1b: Politoed|flinch
|
|-weather|RainDance|[upkeep]
|upkeep
|turn|2
|inactive|bbull has 30 seconds left.
|inactive|csstudent1 has 30 seconds left.
|
|t:|1786128690
|switch|p2b: Tyranitar|Tyranitar, L50, M|100/100
|-weather|Sandstorm|[from] ability: Sand Stream|[of] p2b: Tyranitar
|move|p2a: Meowstic|Psychic Terrain|p2a: Meowstic
|-fieldstart|move: Psychic Terrain
|move|p1a: Archaludon|Flash Cannon|p2a: Meowstic
|-damage|p2a: Meowstic|29/100
|move|p1b: Politoed|Weather Ball|p2a: Meowstic
|-damage|p2a: Meowstic|18/100
|
|-weather|Sandstorm|[upkeep]
|-damage|p2a: Meowstic|12/100|[from] Sandstorm
|-damage|p1b: Politoed|87/100|[from] Sandstorm
|upkeep
|turn|3
|inactive|bbull has 30 seconds left.
|inactive|bbull has 20 seconds left.
|inactive|bbull has 15 seconds left.
|
|t:|1786128734
|switch|p2a: Rotom|Rotom-Wash, L50|100/100
|switch|p1b: Garchomp|Garchomp, L50, M|100/100
|detailschange|p2b: Tyranitar|Tyranitar-Mega, L50, M
|-mega|p2b: Tyranitar|Tyranitar|Tyranitarite
|move|p1a: Archaludon|Aura Sphere|p2b: Tyranitar
|-supereffective|p2b: Tyranitar|2
|-damage|p2b: Tyranitar|55/100
|move|p2b: Tyranitar|Body Press|p1a: Archaludon
|-supereffective|p1a: Archaludon|1
|-enditem|p1a: Archaludon|Chople Berry|[eat]
|-enditem|p1a: Archaludon|Chople Berry|[weaken]
|-damage|p1a: Archaludon|81/100
|-ability|p1a: Archaludon|Stamina|boost
|-boost|p1a: Archaludon|def|1
|
|-weather|Sandstorm|[upkeep]
|-damage|p2a: Rotom|94/100|[from] Sandstorm
|upkeep
|turn|4
|
|t:|1786128757
|detailschange|p1b: Garchomp|Garchomp-Mega, L50, M
|-mega|p1b: Garchomp|Garchomp|Garchompite
|move|p1a: Archaludon|Protect|p1a: Archaludon
|-singleturn|p1a: Archaludon|Protect
|move|p2b: Tyranitar|Protect|p2b: Tyranitar
|-singleturn|p2b: Tyranitar|Protect
|move|p2a: Rotom|Will-O-Wisp|p1b: Garchomp
|-status|p1b: Garchomp|brn
|move|p1b: Garchomp|Earth Power|p2b: Tyranitar
|-activate|p2b: Tyranitar|move: Protect
|
|-weather|Sandstorm|[upkeep]
|-damage|p2a: Rotom|88/100|[from] Sandstorm
|-damage|p1b: Garchomp|93/100 brn|[from] brn
|upkeep
|turn|5
|
|t:|1786128780
|switch|p2b: Meowstic|Meowstic, L50, M|12/100
|move|p2a: Rotom|Hydro Pump|p1b: Garchomp
|-damage|p1b: Garchomp|52/100 brn
|move|p1b: Garchomp|Earth Power|p2b: Meowstic
|-damage|p2b: Meowstic|0 fnt
|faint|p2b: Meowstic
|move|p1a: Archaludon|Flash Cannon|p2a: Rotom
|-resisted|p2a: Rotom|2
|-damage|p2a: Rotom|76/100
|-unboost|p2a: Rotom|spd|1
|
|-weather|Sandstorm|[upkeep]
|-damage|p2a: Rotom|70/100|[from] Sandstorm
|-damage|p1b: Garchomp|46/100 brn|[from] brn
|-sideend|p2: csstudent1|move: Light Screen
|upkeep
|
|t:|1786128802
|switch|p2b: Tyranitar|Tyranitar-Mega, L50, M|55/100
|turn|6
|inactive|bbull has 30 seconds left.
|
|t:|1786128834
|move|p1a: Archaludon|Protect|p1a: Archaludon
|-singleturn|p1a: Archaludon|Protect
|move|p2b: Tyranitar|Protect|p2b: Tyranitar
|-singleturn|p2b: Tyranitar|Protect
|move|p2a: Rotom|Light Screen|p2a: Rotom
|-sidestart|p2: csstudent1|move: Light Screen
|move|p1b: Garchomp|Earth Power|p2b: Tyranitar
|-activate|p2b: Tyranitar|move: Protect
|
|-weather|none
|-damage|p1b: Garchomp|40/100 brn|[from] brn
|-fieldend|move: Psychic Terrain
|upkeep
|turn|7
|inactive|bbull has 30 seconds left.
|
|t:|1786128869
|switch|p2b: Slowking|Slowking-Galar, L50, F|100/100
|move|p2a: Rotom|Hydro Pump|p1b: Garchomp
|-damage|p1b: Garchomp|0 fnt
|faint|p1b: Garchomp
|move|p1a: Archaludon|Aura Sphere|p2b: Slowking
|-resisted|p2b: Slowking|2
|-damage|p2b: Slowking|94/100
|
|upkeep
|inactive|bbull has 30 seconds left.
|
|t:|1786128898
|switch|p1b: Politoed|Politoed, L50, F|87/100
|-weather|RainDance|[from] ability: Drizzle|[of] p1b: Politoed
|turn|8
|inactive|bbull has 30 seconds left.
|inactive|bbull has 20 seconds left.
|
|t:|1786128936
|switch|p2a: Tyranitar|Tyranitar-Mega, L50, M|55/100
|-weather|Sandstorm|[from] ability: Sand Stream|[of] p2a: Tyranitar
|move|p1a: Archaludon|Flash Cannon|p2b: Slowking
|-damage|p2b: Slowking|61/100
|move|p1b: Politoed|Weather Ball|p2b: Slowking
|-damage|p2b: Slowking|49/100
|move|p2b: Slowking|Focus Blast|p1a: Archaludon
|-supereffective|p1a: Archaludon|1
|-damage|p1a: Archaludon|0 fnt
|faint|p1a: Archaludon
|-damage|p2b: Slowking|39/100|[from] item: Life Orb
|
|-weather|Sandstorm|[upkeep]
|-damage|p1b: Politoed|81/100|[from] Sandstorm
|-damage|p2b: Slowking|33/100|[from] Sandstorm
|upkeep
|
|t:|1786128946
|switch|p1a: Venusaur|Venusaur, L50, F|100/100
|turn|9
|
|t:|1786128970
|-heal|p2b: Slowking|67/100|[from] ability: Regenerator|[silent]
|switch|p2b: Rotom|Rotom-Wash, L50|70/100
|move|p1a: Venusaur|Giga Drain|p2a: Tyranitar
|-supereffective|p2a: Tyranitar|1
|-damage|p2a: Tyranitar|41/100
|move|p1b: Politoed|Rain Dance|p1b: Politoed
|-weather|RainDance
|move|p2a: Tyranitar|Knock Off|p1b: Politoed
|-damage|p1b: Politoed|22/100
|-enditem|p1b: Politoed|Sitrus Berry|[from] move: Knock Off|[of] p2a: Tyranitar
|
|-weather|RainDance|[upkeep]
|upkeep
|turn|10
|
|t:|1786128993
|switch|p2a: Slowking|Slowking-Galar, L50, F|67/100
|move|p2b: Rotom|Hydro Pump|p1b: Politoed
|-resisted|p1b: Politoed|1
|-damage|p1b: Politoed|0 fnt
|faint|p1b: Politoed
|move|p1a: Venusaur|Giga Drain|p2b: Rotom
|-supereffective|p2b: Rotom|1
|-damage|p2b: Rotom|22/100
|-enditem|p2b: Rotom|Sitrus Berry|[eat]
|-heal|p2b: Rotom|47/100|[from] item: Sitrus Berry
|
|-weather|RainDance|[upkeep]
|-sideend|p2: csstudent1|move: Light Screen
|upkeep
|turn|11
|inactive|csstudent1 has 30 seconds left.
|
|t:|1786129021
|move|p2b: Rotom|Light Screen|p2b: Rotom
|-sidestart|p2: csstudent1|move: Light Screen
|move|p1a: Venusaur|Sleep Powder|p2a: Slowking|[miss]
|-miss|p1a: Venusaur|p2a: Slowking
|move|p2a: Slowking|Ice Beam|p1a: Venusaur
|-supereffective|p1a: Venusaur|1
|-crit|p1a: Venusaur
|-damage|p1a: Venusaur|0 fnt
|faint|p1a: Venusaur
|-damage|p2a: Slowking|57/100|[from] item: Life Orb
|
|win|csstudent1
|c|☆bbull|gg
