|j|☆miloshki11ee
|j|☆melon storme
|html|miloshki11eemelon storme    
|uhtml|bestof|Game 1 of a best-of-3
|t:|1785955646
|gametype|doubles
|player|p1|miloshki11ee|1|1019
|player|p2|melon storme|kieran-masters|1169
|gen|9
|tier|[Gen 9 Champions] VGC 2026 Reg M-B (Bo3)
|rated|
|rule|Species Clause: Limit one of each Pokémon
|rule|Item Clause: Limit 1 of each item
|clearpoke
|poke|p1|Scolipede, L50, M, shiny|
|poke|p1|Sinistcha-Masterpiece, L50|
|poke|p1|Palafin, L50, F, shiny|
|poke|p1|Golurk, L50|
|poke|p1|Farigiraf, L50, M|
|poke|p1|Incineroar, L50, M, shiny|
|poke|p2|Pyroar, L50, F|
|poke|p2|Aerodactyl, L50, M|
|poke|p2|Torkoal, L50, M|
|poke|p2|Vileplume, L50, M|
|poke|p2|Farigiraf, L50, F, shiny|
|poke|p2|Mawile, L50, F|
|teampreview|4
|showteam|p1|Scolipede||Scolipite|SpeedBoost|LeechLife,PoisonJab,SwordsDance,Protect|Jolly||M|||50|]Sinistcha-Masterpiece||SitrusBerry|Hospitality|MatchaGotcha,LifeDew,TrickRoom,RagePowder|Relaxed|||||50|]Palafin||MysticWater|ZerotoHero|WaveCrash,JetPunch,FlipTurn,Protect|Jolly||F|||50|]Golurk||Golurkite|IronFist|HeadlongRush,Poltergeist,IcePunch,Protect|Careful|||||50|]Farigiraf||Leftovers|ArmorTail|TwinBeam,TrickRoom,Protect,HelpingHand|Sassy||M|||50|]Incineroar||PasshoBerry|Intimidate|FakeOut,PartingShot,ThroatChop,FlareBlitz|Sassy||M|||50|
|showteam|p2|Pyroar||Pyroarite|Rivalry|Taunt,HeatWave,Overheat,Protect|Timid||F|||50|]Aerodactyl||SitrusBerry|Unnerve|RockSlide,Tailwind,WideGuard,DualWingbeat|Jolly||M|||50|]Torkoal||Charcoal|Drought|Eruption,HeatWave,SolarBeam,Protect|Quiet||M|||50|]Vileplume||FocusSash|Chlorophyll|EnergyBall,SludgeBomb,AfterYou,SleepPowder|Timid||M|||50|]Farigiraf||Leftovers|ArmorTail|HyperVoice,Psychic,Protect,TrickRoom|Relaxed||F|||50|]Mawile||Mawilite|Intimidate|IronHead,PlayRough,SwordsDance,SuckerPunch|Sassy||F|||50|
|
|t:|1785955672
|teamsize|p1|4
|teamsize|p2|4
|start
|switch|p1a: Scolipede|Scolipede, L50, M, shiny|100/100
|switch|p1b: Palafin|Palafin, L50, F, shiny|100/100
|switch|p2a: 4-loko|Pyroar, L50, F|100/100
|switch|p2b: Ghengas Khan|Torkoal, L50, M|100/100
|-weather|SunnyDay|[from] ability: Drought|[of] p2b: Ghengas Khan
|turn|1
|
|t:|1785955686
|detailschange|p2a: 4-loko|Pyroar-Mega, L50, F
|-mega|p2a: 4-loko|Pyroar|Pyroarite
|move|p1a: Scolipede|Protect|p1a: Scolipede
|-singleturn|p1a: Scolipede|Protect
|move|p2a: 4-loko|Heat Wave|p1a: Scolipede|[spread] p1b
|-activate|p1a: Scolipede|move: Protect
|-resisted|p1b: Palafin|1
|-damage|p1b: Palafin|36/100
|move|p1b: Palafin|Flip Turn|p2a: 4-loko
|-supereffective|p2a: 4-loko|1
|-crit|p2a: 4-loko
|-damage|p2a: 4-loko|54/100
|
|t:|1785955699
|detailschange|p1b: Palafin|Palafin-Hero, L50, F, shiny
|switch|p1b: Incineroar|Incineroar, L50, M, shiny|100/100|[from] Flip Turn
|-ability|p1b: Incineroar|Intimidate|boost
|-unboost|p2a: 4-loko|atk|1
|-unboost|p2b: Ghengas Khan|atk|1
|move|p2b: Ghengas Khan|Eruption|p1a: Scolipede|[spread] p1b
|-activate|p1a: Scolipede|move: Protect
|-resisted|p1b: Incineroar|1
|-damage|p1b: Incineroar|52/100
|
|-weather|SunnyDay|[upkeep]
|-ability|p1a: Scolipede|Speed Boost|boost
|-boost|p1a: Scolipede|spe|1
|upkeep
|turn|2
|
|t:|1785955713
|switch|p2b: Can of Soup|Farigiraf, L50, F, shiny|100/100
|move|p1b: Incineroar|Fake Out||[still]
|cant|p2b: Can of Soup|ability: Armor Tail|Fake Out|[of] p1b: Incineroar
|move|p1a: Scolipede|Swords Dance|p1a: Scolipede
|-boost|p1a: Scolipede|atk|2
|move|p2a: 4-loko|Heat Wave|p1a: Scolipede|[spread] p1b
|-miss|p2a: 4-loko|p1a: Scolipede
|-resisted|p1b: Incineroar|1
|-damage|p1b: Incineroar|11/100
|
|-weather|SunnyDay|[upkeep]
|-ability|p1a: Scolipede|Speed Boost|boost
|-boost|p1a: Scolipede|spe|1
|upkeep
|turn|3
|
|t:|1785955746
|detailschange|p1a: Scolipede|Scolipede-Mega, L50, M, shiny
|-mega|p1a: Scolipede|Scolipede|Scolipite
|move|p1a: Scolipede|Leech Life|p2b: Can of Soup
|-supereffective|p2b: Can of Soup|1
|-damage|p2b: Can of Soup|0 fnt
|faint|p2b: Can of Soup
|move|p2a: 4-loko|Heat Wave|p1b: Incineroar|[spread] p1a,p1b
|-supereffective|p1a: Scolipede|1
|-resisted|p1b: Incineroar|1
|-crit|p1b: Incineroar
|-damage|p1a: Scolipede|0 fnt
|-damage|p1b: Incineroar|0 fnt
|faint|p1a: Scolipede
|faint|p1b: Incineroar
|
|-weather|SunnyDay|[upkeep]
|upkeep
|
|t:|1785955759
|switch|p1a: Palafin|Palafin-Hero, L50, F, shiny|36/100
|switch|p1b: Sinistcha|Sinistcha-Masterpiece, L50|100/100
|switch|p2b: Mahrukasha|Aerodactyl, L50, M|100/100
|-ability|p2b: Mahrukasha|Unnerve
|-activate|p1a: Palafin|ability: Zero to Hero
|-heal|p1a: Palafin|61/100|[from] ability: Hospitality|[of] p1b: Sinistcha
|turn|4
|
|t:|1785955776
|move|p2a: 4-loko|Protect|p2a: 4-loko
|-singleturn|p2a: 4-loko|Protect
|move|p1a: Palafin|Jet Punch|p2a: 4-loko
|-activate|p2a: 4-loko|move: Protect
|move|p2b: Mahrukasha|Dual Wingbeat|p1b: Sinistcha
|-supereffective|p1b: Sinistcha|1
|-crit|p1b: Sinistcha
|-damage|p1b: Sinistcha|62/100
|-supereffective|p1b: Sinistcha|1
|-crit|p1b: Sinistcha
|-damage|p1b: Sinistcha|32/100
|-hitcount|p1b: Sinistcha|2
|move|p1b: Sinistcha|Life Dew|p1b: Sinistcha|[spread] p1a,p1b
|-heal|p1a: Palafin|86/100
|-heal|p1b: Sinistcha|57/100
|
|-weather|SunnyDay|[upkeep]
|upkeep
|turn|5
|
|t:|1785955796
|move|p1a: Palafin|Jet Punch|p2a: 4-loko
|-supereffective|p2a: 4-loko|1
|-damage|p2a: 4-loko|5/100
|move|p2a: 4-loko|Heat Wave|p1b: Sinistcha|[spread] p1a,p1b
|-resisted|p1a: Palafin|1
|-supereffective|p1b: Sinistcha|1
|-damage|p1a: Palafin|42/100
|-damage|p1b: Sinistcha|0 fnt
|faint|p1b: Sinistcha
|move|p2b: Mahrukasha|Dual Wingbeat|p1a: Palafin
|-damage|p1a: Palafin|26/100
|-damage|p1a: Palafin|9/100
|-hitcount|p1a: Palafin|2
|
|-weather|none
|upkeep
|turn|6
|
|t:|1785955810
|move|p1a: Palafin|Jet Punch|p2a: 4-loko
|-supereffective|p2a: 4-loko|1
|-damage|p2a: 4-loko|0 fnt
|faint|p2a: 4-loko
|move|p2b: Mahrukasha|Rock Slide|p1a: Palafin
|-damage|p1a: Palafin|0 fnt
|faint|p1a: Palafin
|
|win|melon storme
||miloshki11ee is ready for game 2.
||melon storme is ready for game 2.
|uhtml|next|Next: Game 2 of 3
