|j|☆bingbongwhoosh
|j|☆ground tera
|html|bingbongwhooshground tera    
|uhtml|bestof|Game 2 of a best-of-3
|t:|1784384470
|gametype|doubles
|player|p1|bingbongwhoosh|2|1275
|player|p2|ground tera|102|1310
|gen|9
|tier|[Gen 9 Champions] VGC 2026 Reg M-B (Bo3)
|rated|
|rule|Species Clause: Limit one of each Pokémon
|rule|Item Clause: Limit 1 of each item
|clearpoke
|poke|p1|Charizard, L50, F|
|poke|p1|Venusaur, L50, F|
|poke|p1|Mamoswine, L50, F|
|poke|p1|Garchomp, L50, M|
|poke|p1|Incineroar, L50, F|
|poke|p1|Toxapex, L50, F|
|poke|p2|Whimsicott, L50, M, shiny|
|poke|p2|Garchomp, L50, M|
|poke|p2|Basculegion, L50, M|
|poke|p2|Charizard, L50, M|
|poke|p2|Floette-Eternal, L50, F|
|poke|p2|Kingambit, L50, F|
|teampreview|4
|showteam|p1|Charizard||CharizarditeY|Blaze|HeatWave,WeatherBall,HelpingHand,Protect|Modest||F|||50|]Venusaur||LifeOrb|Chlorophyll|LeafStorm,SludgeBomb,EarthPower,Protect|Modest||F|||50|]Mamoswine||FocusSash|Oblivious|HighHorsepower,RockTomb,IceShard,Protect|Jolly||F|||50|]Garchomp||ChoiceScarf|RoughSkin|DragonClaw,Earthquake,RockSlide,StompingTantrum|Adamant||M|||50|]Incineroar||SitrusBerry|Intimidate|FlareBlitz,ThroatChop,PartingShot,FakeOut|Impish||F|||50|]Toxapex||Leftovers|Regenerator|Toxic,Infestation,WideGuard,BanefulBunker|Bold||F|||50|
|showteam|p2|Whimsicott||FocusSash|Prankster|Protect,Tailwind,SunnyDay,Moonblast|Timid||M|||50|]Garchomp||LifeOrb|RoughSkin|Protect,RockSlide,Earthquake,DragonClaw|Jolly||M|||50|]Basculegion||MysticWater|Adaptability|Protect,WaveCrash,LastRespects,AquaJet|Adamant||M|||50|]Charizard||CharizarditeY|Blaze|Protect,HeatWave,WeatherBall,SolarBeam|Modest||M|||50|]Floette-Eternal||Floettite|FlowerVeil|Protect,LightofRuin,DazzlingGleam,Moonblast|Timid||F|||50|]Kingambit||ChopleBerry|Defiant|LowKick,SuckerPunch,KowtowCleave,IronHead|Adamant||F|||50|
|inactive|Battle timer is ON: inactive players will automatically lose when time's up. (requested by ground tera)
|inactive|ground tera has 60 seconds left.
|
|t:|1784384501
|teamsize|p1|4
|teamsize|p2|4
|start
|switch|p1a: Mamoswine|Mamoswine, L50, F|100/100
|switch|p1b: Toxapex|Toxapex, L50, F|100/100
|switch|p2a: Basculegion|Basculegion, L50, M|100/100
|switch|p2b: Kingambit|Kingambit, L50, F|100/100
|turn|1
|
|t:|1784384521
|move|p1a: Mamoswine|Protect|p1a: Mamoswine
|-singleturn|p1a: Mamoswine|Protect
|move|p2a: Basculegion|Wave Crash|p1a: Mamoswine
|-activate|p1a: Mamoswine|move: Protect
|move|p2b: Kingambit|Kowtow Cleave|p1b: Toxapex
|-damage|p1b: Toxapex|72/100
|move|p1b: Toxapex|Toxic|p2a: Basculegion
|-status|p2a: Basculegion|tox
|
|-heal|p1b: Toxapex|78/100|[from] item: Leftovers
|-damage|p2a: Basculegion|93/100 tox|[from] psn
|upkeep
|turn|2
|inactive|bingbongwhoosh has 30 seconds left.
|
|t:|1784384550
|switch|p1a: Venusaur|Venusaur, L50, F|100/100
|move|p2a: Basculegion|Aqua Jet|p1a: Venusaur
|-resisted|p1a: Venusaur|1
|-damage|p1a: Venusaur|78/100
|move|p2b: Kingambit|Sucker Punch||[still]
|-fail|p2b: Kingambit
|move|p1b: Toxapex|Infestation|p2a: Basculegion
|-resisted|p2a: Basculegion|1
|-damage|p2a: Basculegion|92/100 tox
|-activate|p2a: Basculegion|move: Infestation|[of] p1b: Toxapex
|
|-heal|p1b: Toxapex|84/100|[from] item: Leftovers
|-damage|p2a: Basculegion|80/100 tox|[from] psn
|-damage|p2a: Basculegion|67/100 tox|[from] move: Infestation|[partiallytrapped]
|upkeep
|turn|3
|j| desposibus
|inactive|ground tera has 30 seconds left.
|
|t:|1784384578
|switch|p2a: Charizard|Charizard, L50, M|100/100
|move|p1a: Venusaur|Protect|p1a: Venusaur
|-singleturn|p1a: Venusaur|Protect
|move|p2b: Kingambit|Kowtow Cleave|p1a: Venusaur
|-activate|p1a: Venusaur|move: Protect
|move|p1b: Toxapex|Infestation|p2b: Kingambit
|-damage|p2b: Kingambit|97/100
|-activate|p2b: Kingambit|move: Infestation|[of] p1b: Toxapex
|
|-heal|p1b: Toxapex|89/100|[from] item: Leftovers
|-damage|p2b: Kingambit|85/100|[from] move: Infestation|[partiallytrapped]
|upkeep
|turn|4
|inactive|bingbongwhoosh has 30 seconds left.
|
|t:|1784384605
|switch|p1a: Charizard|Charizard, L50, F|100/100
|detailschange|p2a: Charizard|Charizard-Mega-Y, L50, M
|-mega|p2a: Charizard|Charizard|Charizardite Y
|-weather|SunnyDay|[from] ability: Drought|[of] p2a: Charizard
|move|p2a: Charizard|Weather Ball|p1a: Charizard
|-resisted|p1a: Charizard|1
|-damage|p1a: Charizard|50/100g
|move|p2b: Kingambit|Kowtow Cleave|p1b: Toxapex
|-damage|p1b: Toxapex|60/100
|move|p1b: Toxapex|Toxic|p2a: Charizard
|-status|p2a: Charizard|tox
|
|-weather|SunnyDay|[upkeep]
|-heal|p1b: Toxapex|66/100|[from] item: Leftovers
|-damage|p2a: Charizard|94/100 tox|[from] psn
|-damage|p2b: Kingambit|72/100|[from] move: Infestation|[partiallytrapped]
|upkeep
|turn|5
|inactive|ground tera has 30 seconds left.
|inactive|ground tera has 20 seconds left.
|
|t:|1784384641
|detailschange|p1a: Charizard|Charizard-Mega-Y, L50, F
|-mega|p1a: Charizard|Charizard|Charizardite Y
|move|p2b: Kingambit|Sucker Punch|p1a: Charizard
|-damage|p1a: Charizard|13/100
|move|p2a: Charizard|Weather Ball|p1b: Toxapex
|-resisted|p1b: Toxapex|1
|-damage|p1b: Toxapex|31/100
|move|p1a: Charizard|Weather Ball|p2b: Kingambit
|-supereffective|p2b: Kingambit|1
|-damage|p2b: Kingambit|0 fnt
|faint|p2b: Kingambit
|move|p1b: Toxapex|Infestation|p2a: Charizard
|-resisted|p2a: Charizard|2
|-damage|p2a: Charizard|93/100 tox
|-activate|p2a: Charizard|move: Infestation|[of] p1b: Toxapex
|
|-weather|SunnyDay|[upkeep]
|-heal|p1b: Toxapex|37/100|[from] item: Leftovers
|-damage|p2a: Charizard|82/100 tox|[from] psn
|-damage|p2a: Charizard|69/100 tox|[from] move: Infestation|[partiallytrapped]
|upkeep
|
|t:|1784384651
|switch|p2b: Garchomp|Garchomp, L50, M|100/100
|turn|6
|
|t:|1784384656
|move|p1b: Toxapex|Baneful Bunker|p1b: Toxapex
|-singleturn|p1b: Toxapex|move: Protect
|move|p2b: Garchomp|Dragon Claw|p1b: Toxapex
|-activate|p1b: Toxapex|move: Protect
|-status|p2b: Garchomp|psn
|move|p2a: Charizard|Weather Ball|p1b: Toxapex
|-activate|p1b: Toxapex|move: Protect
|move|p1a: Charizard|Weather Ball|p2b: Garchomp
|-resisted|p2b: Garchomp|1
|-damage|p2b: Garchomp|51/100 psn
|
|-weather|SunnyDay|[upkeep]
|-heal|p1b: Toxapex|43/100|[from] item: Leftovers
|-damage|p2b: Garchomp|39/100 psn|[from] psn
|-damage|p2a: Charizard|52/100 tox|[from] psn
|-damage|p2a: Charizard|40/100 tox|[from] move: Infestation|[partiallytrapped]
|upkeep
|turn|7
|inactive|bingbongwhoosh has 30 seconds left.
|
|t:|1784384682
|-heal|p1b: Toxapex|76/100|[from] ability: Regenerator|[silent]
|switch|p1b: Mamoswine|Mamoswine, L50, F|100/100
|move|p2b: Garchomp|Earthquake|p1b: Mamoswine|[spread] p1b
|-immune|p2a: Charizard
|-immune|p1a: Charizard
|-damage|p1b: Mamoswine|41/100
|-damage|p2b: Garchomp|30/100 psn|[from] item: Life Orb
|move|p2a: Charizard|Weather Ball|p1a: Charizard
|-resisted|p1a: Charizard|1
|-damage|p1a: Charizard|0 fnt
|faint|p1a: Charizard
|
|-weather|SunnyDay|[upkeep]
|-damage|p2b: Garchomp|18/100 psn|[from] psn
|-damage|p2a: Charizard|17/100 tox|[from] psn
|-end|p2a: Charizard|Infestation|[partiallytrapped]|[silent]
|upkeep
|
|t:|1784384697
|switch|p1a: Venusaur|Venusaur, L50, F|78/100
|turn|8
|
|t:|1784384716
|move|p2b: Garchomp|Protect|p2b: Garchomp
|-singleturn|p2b: Garchomp|Protect
|move|p1b: Mamoswine|Ice Shard|p2b: Garchomp
|-activate|p2b: Garchomp|move: Protect
|move|p1a: Venusaur|Sludge Bomb|p2a: Charizard
|-damage|p2a: Charizard|0 fnt
|faint|p2a: Charizard
|-damage|p1a: Venusaur|69/100|[from] item: Life Orb
|
|-weather|none
|-damage|p2b: Garchomp|6/100 psn|[from] psn
|upkeep
|
|t:|1784384722
|switch|p2a: Basculegion|Basculegion, L50, M|67/100 tox
|turn|9
|
|t:|1784384728
|move|p2b: Garchomp|Protect||[still]
|-fail|p2b: Garchomp
|move|p1b: Mamoswine|Ice Shard|p2b: Garchomp
|-supereffective|p2b: Garchomp|2
|-damage|p2b: Garchomp|0 fnt
|faint|p2b: Garchomp
|move|p1a: Venusaur|Leaf Storm|p2a: Basculegion
|-supereffective|p2a: Basculegion|1
|-damage|p2a: Basculegion|0 fnt
|-unboost|p1a: Venusaur|spa|2
|faint|p2a: Basculegion
|-damage|p1a: Venusaur|59/100|[from] item: Life Orb
|
|win|bingbongwhoosh
