|j|☆MEGA FRAUD
|j|☆s!dd_1
|html|MEGA FRAUDs!dd_1    
|uhtml|bestof|Game 2 of a best-of-3
|t:|1785322547
|gametype|doubles
|player|p1|MEGA FRAUD|266|1324
|player|p2|s!dd_1|flannery-gen6|1367
|gen|9
|tier|[Gen 9 Champions] VGC 2026 Reg M-B (Bo3)
|rated|
|rule|Species Clause: Limit one of each Pokémon
|rule|Item Clause: Limit 1 of each item
|clearpoke
|poke|p1|Tyranitar, L50, F|
|poke|p1|Excadrill, L50, M|
|poke|p1|Milotic, L50, F|
|poke|p1|Sinistcha, L50|
|poke|p1|Staraptor, L50, F|
|poke|p1|Gholdengo, L50|
|poke|p2|Raichu, L50, F|
|poke|p2|Mamoswine, L50, F|
|poke|p2|Whimsicott, L50, F|
|poke|p2|Sylveon, L50, F|
|poke|p2|Arcanine-Hisui, L50, M|
|poke|p2|Meowscarada, L50, F|
|teampreview|4
|showteam|p1|Tyranitar||Tyranitarite|SandStream|KnockOff,RockSlide,LowKick,Protect|Jolly||F|||50|]Excadrill||FocusSash|SandRush|HighHorsepower,IronHead,RockSlide,Protect|Adamant||M|||50|]Milotic||SitrusBerry|Competitive|Scald,IcyWind,IceBeam,Protect|Calm||F|||50|]Sinistcha||ColburBerry|Hospitality|MatchaGotcha,ShadowBall,Protect,RagePowder|Bold|||||50|]Staraptor||Staraptite|Intimidate|CloseCombat,BraveBird,Tailwind,Protect|Jolly||F|||50|]Gholdengo||LifeOrb|GoodasGold|MakeItRain,ShadowBall,NastyPlot,Protect|Modest|||||50|
|showteam|p2|Raichu||RaichuniteY|LightningRod|ZapCannon,FocusBlast,FakeOut,Protect|Timid||F|||50|]Mamoswine||LifeOrb|Oblivious|HighHorsepower,IcicleCrash,IceShard,Protect|Adamant||F|||50|]Whimsicott||FairyFeather|Prankster|Moonblast,Encore,Tailwind,Protect|Timid||F|||50|]Sylveon||SitrusBerry|Pixilate|HyperVoice,HyperBeam,CalmMind,Detect|Modest||F|||50|]Arcanine-Hisui||FocusSash|Intimidate|FlareBlitz,RockSlide,ExtremeSpeed,Protect|Adamant||M|||50|]Meowscarada||ChoiceScarf|Protean|FlowerTrick,KnockOff,TripleAxel,AerialAce|Jolly||F|||50|
|inactive|Battle timer is ON: inactive players will automatically lose when time's up. (requested by s!dd_1)
|
|t:|1785322556
|teamsize|p1|4
|teamsize|p2|4
|start
|switch|p1a: Excadrill|Excadrill, L50, M|100/100
|switch|p1b: Tyranitar|Tyranitar, L50, F|100/100
|switch|p2a: Raichu|Raichu, L50, F|100/100
|switch|p2b: Whimsicott|Whimsicott, L50, F|100/100
|-weather|Sandstorm|[from] ability: Sand Stream|[of] p1b: Tyranitar
|turn|1
|
|t:|1785322573
|detailschange|p2a: Raichu|Raichu-Mega-Y, L50, F
|-mega|p2a: Raichu|Raichu|Raichunite Y
|move|p2a: Raichu|Fake Out|p1a: Excadrill
|-resisted|p1a: Excadrill|1
|-damage|p1a: Excadrill|94/100
|move|p2b: Whimsicott|Tailwind|p2b: Whimsicott
|-sidestart|p2: s!dd_1|move: Tailwind
|cant|p1a: Excadrill|flinch
|move|p1b: Tyranitar|Rock Slide|p2a: Raichu|[spread] p2a,p2b
|-damage|p2a: Raichu|56/100
|-damage|p2b: Whimsicott|60/100
|
|-weather|Sandstorm|[upkeep]
|-damage|p2a: Raichu|50/100g|[from] Sandstorm
|-damage|p2b: Whimsicott|54/100|[from] Sandstorm
|upkeep
|turn|2
|
|t:|1785322594
|move|p2a: Raichu|Focus Blast|p1b: Tyranitar
|-supereffective|p1b: Tyranitar|2
|-damage|p1b: Tyranitar|0 fnt
|faint|p1b: Tyranitar
|move|p2b: Whimsicott|Moonblast|p1a: Excadrill
|-resisted|p1a: Excadrill|1
|-damage|p1a: Excadrill|67/100
|move|p1a: Excadrill|High Horsepower|p2a: Raichu
|-supereffective|p2a: Raichu|1
|-damage|p2a: Raichu|0 fnt
|faint|p2a: Raichu
|
|-weather|Sandstorm|[upkeep]
|-damage|p2b: Whimsicott|48/100|[from] Sandstorm
|upkeep
|
|t:|1785322608
|switch|p2a: Meowscarada|Meowscarada, L50, F|100/100
|switch|p1b: Sinistcha|Sinistcha, L50|100/100
|-heal|p1a: Excadrill|91/100|[from] ability: Hospitality|[of] p1b: Sinistcha
|turn|3
|
|t:|1785322619
|move|p2a: Meowscarada|Triple Axel|p1b: Sinistcha
|-start|p2a: Meowscarada|typechange|Ice|[from] ability: Protean
|-supereffective|p1b: Sinistcha|1
|-crit|p1b: Sinistcha
|-damage|p1b: Sinistcha|74/100
|-supereffective|p1b: Sinistcha|1
|-damage|p1b: Sinistcha|40/100
|-supereffective|p1b: Sinistcha|1
|-damage|p1b: Sinistcha|0 fnt
|faint|p1b: Sinistcha
|-hitcount|p1: Sinistcha|3
|move|p2b: Whimsicott|Moonblast|p1a: Excadrill
|-resisted|p1a: Excadrill|1
|-damage|p1a: Excadrill|61/100
|-unboost|p1a: Excadrill|spa|1
|move|p1a: Excadrill|Iron Head|p2b: Whimsicott
|-supereffective|p2b: Whimsicott|1
|-damage|p2b: Whimsicott|0 fnt
|faint|p2b: Whimsicott
|
|-weather|Sandstorm|[upkeep]
|-damage|p2a: Meowscarada|94/100|[from] Sandstorm
|upkeep
|
|t:|1785322627
|switch|p2b: Mamoswine|Mamoswine, L50, F|100/100
|switch|p1b: Staraptor|Staraptor, L50, F|100/100
|-ability|p1b: Staraptor|Intimidate|boost
|-unboost|p2a: Meowscarada|atk|1
|-fail|p2b: Mamoswine|unboost|Attack|[from] ability: Oblivious|[of] p2b: Mamoswine
|turn|4
|
|t:|1785322634
|detailschange|p1b: Staraptor|Staraptor-Mega, L50, F
|-mega|p1b: Staraptor|Staraptor|Staraptite
|move|p1a: Excadrill|Protect|p1a: Excadrill
|-singleturn|p1a: Excadrill|Protect
|move|p1b: Staraptor|Protect|p1b: Staraptor
|-singleturn|p1b: Staraptor|Protect
|move|p2a: Meowscarada|Triple Axel|p1a: Excadrill
|-activate|p1a: Excadrill|move: Protect
|move|p2b: Mamoswine|Icicle Crash|p1b: Staraptor
|-activate|p1b: Staraptor|move: Protect
|
|-weather|Sandstorm|[upkeep]
|-damage|p2a: Meowscarada|88/100|[from] Sandstorm
|-damage|p1b: Staraptor|94/100|[from] Sandstorm
|-sideend|p2: s!dd_1|move: Tailwind
|upkeep
|turn|5
|inactive|s!dd_1 has 30 seconds left.
|
|t:|1785322669
|move|p2b: Mamoswine|Protect|p2b: Mamoswine
|-singleturn|p2b: Mamoswine|Protect
|move|p2a: Meowscarada|Triple Axel|p1a: Excadrill
|-damage|p1a: Excadrill|52/100
|-damage|p1a: Excadrill|35/100
|-damage|p1a: Excadrill|8/100
|-hitcount|p1a: Excadrill|3
|move|p1a: Excadrill|Iron Head|p2b: Mamoswine
|-activate|p2b: Mamoswine|move: Protect
|move|p1b: Staraptor|Close Combat|p2b: Mamoswine
|-activate|p2b: Mamoswine|move: Protect
|
|-weather|none
|upkeep
|turn|6
|
|t:|1785322693
|move|p1a: Excadrill|Protect|p1a: Excadrill
|-singleturn|p1a: Excadrill|Protect
|move|p2b: Mamoswine|Ice Shard|p1b: Staraptor
|-supereffective|p1b: Staraptor|1
|-damage|p1b: Staraptor|40/100
|-damage|p2b: Mamoswine|90/100|[from] item: Life Orb
|move|p2a: Meowscarada|Triple Axel|p1b: Staraptor
|-supereffective|p1b: Staraptor|1
|-crit|p1b: Staraptor
|-damage|p1b: Staraptor|14/100
|-supereffective|p1b: Staraptor|1
|-damage|p1b: Staraptor|0 fnt
|faint|p1b: Staraptor
|-hitcount|p1: Staraptor|2
|
|upkeep
|turn|7
|-message|MEGA FRAUD forfeited.
|
|win|s!dd_1
||s!dd_1 is ready for game 3.
||MEGA FRAUD is ready for game 3.
|uhtml|next|Next: Game 3 of 3
|l|☆s!dd_1
|player|p2|
