|j|☆larp saw
|j|☆ben's last ride
|html|larp sawben's last ride    
|uhtml|bestof|Game 1 of a best-of-3
|t:|1785466609
|gametype|doubles
|player|p1|larp saw|170|1052
|player|p2|ben's last ride|1|1045
|gen|9
|tier|[Gen 9 Champions] VGC 2026 Reg M-B (Bo3)
|rated|
|rule|Species Clause: Limit one of each Pokémon
|rule|Item Clause: Limit 1 of each item
|clearpoke
|poke|p1|Charizard, L50, F|
|poke|p1|Tyranitar, L50, M|
|poke|p1|Hydreigon, L50, M|
|poke|p1|Farigiraf, L50, M|
|poke|p1|Sylveon, L50, M|
|poke|p1|Excadrill, L50, F|
|poke|p2|Garchomp, L50, F, shiny|
|poke|p2|Incineroar, L50, M|
|poke|p2|Floette-Eternal, L50, F|
|poke|p2|Sinistcha, L50|
|poke|p2|Sneasler, L50, F|
|poke|p2|Kingambit, L50, M|
|teampreview|4
|showteam|p1|Charizard||CharizarditeY|Blaze|Protect,HeatWave,WeatherBall,SolarBeam|Modest||F|||50|]Tyranitar||Tyranitarite|SandStream|RockSlide,KnockOff,LowKick,Protect|Adamant||M|||50|]Hydreigon||ChoiceScarf|Levitate|DarkPulse,DracoMeteor,Snarl,EarthPower|Modest||M|||50|]Farigiraf||SitrusBerry|ArmorTail|Protect,Psychic,Thunderbolt,TrickRoom|Relaxed||M|||50|]Sylveon||FairyFeather|Pixilate|HyperBeam,HyperVoice,Protect,ShadowBall|Modest||M|||50|]Excadrill||FocusSash|SandRush|IronHead,HighHorsepower,RockSlide,Protect|Adamant||F|||50|
|showteam|p2|Garchomp||Garchompite|SandVeil|Earthquake,StompingTantrum,RockSlide,Protect|Adamant||F|||50|]Incineroar||Leftovers|Intimidate|FlareBlitz,HelpingHand,PartingShot,FakeOut|Sassy||M|||50|]Floette-Eternal||Floettite|FlowerVeil|DazzlingGleam,DrainingKiss,CalmMind,Protect|Timid||F|||50|]Sinistcha||SitrusBerry|Hospitality|MatchaGotcha,RagePowder,TrickRoom,Protect|Bold|||||50|]Sneasler||FocusSash|PoisonTouch|CloseCombat,DireClaw,FakeOut,Coaching|Naive||F|||50|]Kingambit||ChopleBerry|Defiant|KowtowCleave,SuckerPunch,IronHead,Protect|Adamant||M|||50|
|
|t:|1785466651
|teamsize|p1|4
|teamsize|p2|4
|start
|switch|p1a: Sylveon|Sylveon, L50, M|100/100
|switch|p1b: Farigiraf|Farigiraf, L50, M|100/100
|switch|p2a: Garchomp|Garchomp, L50, F, shiny|100/100
|switch|p2b: Sneasler|Sneasler, L50, F|100/100
|turn|1
|
|t:|1785466660
|detailschange|p2a: Garchomp|Garchomp-Mega, L50, F, shiny
|-mega|p2a: Garchomp|Garchomp|Garchompite
|move|p2b: Sneasler|Coaching|p2a: Garchomp
|-boost|p2a: Garchomp|atk|1
|-boost|p2a: Garchomp|def|1
|move|p2a: Garchomp|Stomping Tantrum|p1b: Farigiraf
|-damage|p1b: Farigiraf|44/100
|-enditem|p1b: Farigiraf|Sitrus Berry|[eat]
|-heal|p1b: Farigiraf|69/100|[from] item: Sitrus Berry
|move|p1a: Sylveon|Hyper Voice|p2b: Sneasler|[spread] p2a,p2b
|-supereffective|p2a: Garchomp|1
|-damage|p2a: Garchomp|18/100
|-damage|p2b: Sneasler|24/100
|move|p1b: Farigiraf|Psychic|p2b: Sneasler
|-supereffective|p2b: Sneasler|2
|-damage|p2b: Sneasler|0 fnt
|faint|p2b: Sneasler
|
|upkeep
|
|t:|1785466664
|switch|p2b: Sinistcha|Sinistcha, L50|100/100
|-heal|p2a: Garchomp|43/100|[from] ability: Hospitality|[of] p2b: Sinistcha
|turn|2
|
|t:|1785466677
|move|p1b: Farigiraf|Protect|p1b: Farigiraf
|-singleturn|p1b: Farigiraf|Protect
|move|p2a: Garchomp|Earthquake|p1a: Sylveon|[spread] p2b,p1a
|-activate|p1b: Farigiraf|move: Protect
|-resisted|p2b: Sinistcha|1
|-damage|p2b: Sinistcha|71/100
|-damage|p1a: Sylveon|8/100
|move|p2b: Sinistcha|Matcha Gotcha|p1a: Sylveon|[spread] p1a
|-activate|p1b: Farigiraf|move: Protect
|-damage|p1a: Sylveon|0 fnt
|-heal|p2b: Sinistcha|76/100|[from] drain|[of] p1a: Sylveon
|faint|p1a: Sylveon
|
|upkeep
|
|t:|1785466687
|switch|p1a: Tyranitar|Tyranitar, L50, M|100/100
|-weather|Sandstorm|[from] ability: Sand Stream|[of] p1a: Tyranitar
|turn|3
|
|t:|1785466698
|detailschange|p1a: Tyranitar|Tyranitar-Mega, L50, M
|-mega|p1a: Tyranitar|Tyranitar|Tyranitarite
|move|p2b: Sinistcha|Rage Powder|p2b: Sinistcha
|-singleturn|p2b: Sinistcha|move: Rage Powder
|move|p2a: Garchomp|Earthquake|p1a: Tyranitar|[spread] p2b,p1a,p1b
|-resisted|p2b: Sinistcha|1
|-supereffective|p1a: Tyranitar|1
|-damage|p2b: Sinistcha|35/100
|-damage|p1a: Tyranitar|0 fnt
|-damage|p1b: Farigiraf|0 fnt
|-enditem|p2b: Sinistcha|Sitrus Berry|[eat]
|-heal|p2b: Sinistcha|60/100|[from] item: Sitrus Berry
|faint|p1a: Tyranitar
|faint|p1b: Farigiraf
|
|-weather|Sandstorm|[upkeep]
|-damage|p2b: Sinistcha|54/100|[from] Sandstorm
|upkeep
|
|t:|1785466703
|switch|p1b: Excadrill|Excadrill, L50, F|100/100
|turn|4
|
|t:|1785466709
|switch|p2b: Incineroar|Incineroar, L50, M|100/100
|-ability|p2b: Incineroar|Intimidate|boost
|-unboost|p1b: Excadrill|atk|1
|move|p2a: Garchomp|Protect|p2a: Garchomp
|-singleturn|p2a: Garchomp|Protect
|move|p1b: Excadrill|Iron Head|p2a: Garchomp
|-activate|p2a: Garchomp|move: Protect
|
|-weather|Sandstorm|[upkeep]
|-damage|p2b: Incineroar|94/100|[from] Sandstorm
|-heal|p2b: Incineroar|100/100|[from] item: Leftovers
|upkeep
|turn|5
|
|t:|1785466716
|switch|p2b: Sinistcha|Sinistcha, L50|54/100
|-heal|p2a: Garchomp|68/100|[from] ability: Hospitality|[of] p2b: Sinistcha
|move|p1b: Excadrill|High Horsepower|p2b: Sinistcha
|-resisted|p2b: Sinistcha|1
|-damage|p2b: Sinistcha|40/100
|move|p2a: Garchomp|Stomping Tantrum|p1b: Excadrill
|-supereffective|p1b: Excadrill|1
|-enditem|p1b: Excadrill|Focus Sash
|-damage|p1b: Excadrill|1/100
|
|-weather|Sandstorm|[upkeep]
|-damage|p2b: Sinistcha|34/100|[from] Sandstorm
|upkeep
|turn|6
|
|t:|1785466724
|switch|p2b: Incineroar|Incineroar, L50, M|100/100
|-ability|p2b: Incineroar|Intimidate|boost
|-unboost|p1b: Excadrill|atk|1
|move|p2a: Garchomp|Protect|p2a: Garchomp
|-singleturn|p2a: Garchomp|Protect
|move|p1b: Excadrill|High Horsepower|p2a: Garchomp
|-activate|p2a: Garchomp|move: Protect
|
|-weather|Sandstorm|[upkeep]
|-damage|p2b: Incineroar|94/100|[from] Sandstorm
|-heal|p2b: Incineroar|100/100|[from] item: Leftovers
|upkeep
|turn|7
|
|t:|1785466730
|switch|p2b: Sinistcha|Sinistcha, L50|34/100
|-heal|p2a: Garchomp|92/100|[from] ability: Hospitality|[of] p2b: Sinistcha
|move|p1b: Excadrill|Rock Slide|p2a: Garchomp|[spread] p2a,p2b
|-resisted|p2a: Garchomp|1
|-damage|p2a: Garchomp|90/100
|-damage|p2b: Sinistcha|24/100
|move|p2a: Garchomp|Stomping Tantrum|p1b: Excadrill
|-supereffective|p1b: Excadrill|1
|-damage|p1b: Excadrill|0 fnt
|faint|p1b: Excadrill
|
|win|ben's last ride
