|j|☆FinalIHave
|j|☆Luisnm01
|html|FinalIHaveLuisnm01    
|uhtml|bestof|Game 1 of a best-of-3
|t:|1785933423
|gametype|doubles
|player|p1|FinalIHave|blackbelt-gen4dp|1000
|player|p2|Luisnm01|265|1073
|gen|9
|tier|[Gen 9 Champions] VGC 2026 Reg M-B (Bo3)
|rated|
|rule|Species Clause: Limit one of each Pokémon
|rule|Item Clause: Limit 1 of each item
|clearpoke
|poke|p1|Krookodile, L50, M|
|poke|p1|Raichu, L50, F|
|poke|p1|Ninetales-Alola, L50, F|
|poke|p1|Starmie, L50|
|poke|p1|Rotom-Heat, L50|
|poke|p1|Talonflame, L50, M|
|poke|p2|Archaludon, L50, M|
|poke|p2|Pelipper, L50, F|
|poke|p2|Swampert, L50, F|
|poke|p2|Sinistcha, L50|
|poke|p2|Sableye, L50, F|
|poke|p2|Primarina, L50, M|
|teampreview|4
|showteam|p1|Krookodile||Leftovers|Intimidate|Earthquake,HighHorsepower,KnockOff,Protect|Adamant||M|||50|]Raichu||RaichuniteX|LightningRod|RisingVoltage,DazzlingGleam,FakeOut,Protect|Timid||F|||50|]Ninetales-Alola||LightClay|SnowWarning|Blizzard,DazzlingGleam,AuroraVeil,Protect|Timid||F|||50|]Starmie||MysticWater|NaturalCure|HydroPump,Blizzard,TrickRoom,Protect|Timid|||||50|]Rotom-Heat||WhiteHerb|Levitate|RisingVoltage,Overheat,VoltSwitch,Protect|Timid|||||50|]Talonflame||SitrusBerry|GaleWings|BraveBird,Tailwind,Uturn,Protect|Jolly||M|||50|
|showteam|p2|Archaludon||Leftovers|Stamina|Protect,ElectroShot,FlashCannon,DragonPulse|Modest||M|||50|]Pelipper||LifeOrb|Drizzle|Protect,Hurricane,WeatherBall,Tailwind|Timid||F|||50|]Swampert||Swampertite|Torrent|Protect,Earthquake,WaveCrash,FlipTurn|Adamant||F|||50|]Sinistcha||KasibBerry|Hospitality|RagePowder,MatchaGotcha,LifeDew,TrickRoom|Bold|||||50|]Sableye||LightClay|Prankster|LightScreen,Reflect,RainDance,Encore|Calm||F|||50|]Primarina||SitrusBerry|LiquidVoice|Protect,HyperVoice,Moonblast,CalmMind|Modest||M|||50|
|inactive|Battle timer is ON: inactive players will automatically lose when time's up. (requested by Luisnm01)
|
|t:|1785933489
|teamsize|p1|4
|teamsize|p2|4
|start
|switch|p1a: Talonflame|Talonflame, L50, M|100/100
|switch|p1b: Raichu|Raichu, L50, F|100/100
|switch|p2a: Sableye|Sableye, L50, F|100/100
|switch|p2b: Swampert|Swampert, L50, F|100/100
|turn|1
|inactive|Luisnm01 has 30 seconds left.
|inactive|Luisnm01 has 20 seconds left.
|inactive|Luisnm01 has 15 seconds left.
|
|t:|1785933532
|detailschange|p1b: Raichu|Raichu-Mega-X, L50, F
|-mega|p1b: Raichu|Raichu|Raichunite X
|-fieldstart|move: Electric Terrain|[from] ability: Electric Surge|[of] p1b: Raichu
|detailschange|p2b: Swampert|Swampert-Mega, L50, F
|-mega|p2b: Swampert|Swampert|Swampertite
|move|p2b: Swampert|Protect|p2b: Swampert
|-singleturn|p2b: Swampert|Protect
|move|p1b: Raichu|Fake Out|p2b: Swampert
|-activate|p2b: Swampert|move: Protect
|move|p2a: Sableye|Light Screen|p2a: Sableye
|-sidestart|p2: Luisnm01|move: Light Screen
|move|p1a: Talonflame|U-turn|p2a: Sableye
|-damage|p2a: Sableye|80/100
|
|t:|1785933540
|switch|p1a: Krookodile|Krookodile, L50, M|100/100|[from] U-turn
|-ability|p1a: Krookodile|Intimidate|boost
|-unboost|p2a: Sableye|atk|1
|-unboost|p2b: Swampert|atk|1
|
|upkeep
|turn|2
|inactive|Luisnm01 has 30 seconds left.
|
|t:|1785933571
|switch|p1b: Talonflame|Talonflame, L50, M|100/100
|move|p2a: Sableye|Encore||[still]
|-fail|p2a: Sableye
|move|p2b: Swampert|Flip Turn|p1a: Krookodile
|-supereffective|p1a: Krookodile|1
|-damage|p1a: Krookodile|49/100
|
|t:|1785933586
|switch|p2b: Pelipper|Pelipper, L50, F|100/100|[from] Flip Turn
|-weather|RainDance|[from] ability: Drizzle|[of] p2b: Pelipper
|move|p1a: Krookodile|Earthquake|p2a: Sableye|[spread] p2a
|-immune|p1b: Talonflame
|-immune|p2b: Pelipper
|-damage|p2a: Sableye|29/100
|
|-weather|RainDance|[upkeep]
|-heal|p1a: Krookodile|55/100|[from] item: Leftovers
|upkeep
|turn|3
|inactive|FinalIHave has 30 seconds left.
|inactive|Luisnm01 has 30 seconds left.
|
|t:|1785933614
|switch|p1a: Ninetales|Ninetales-Alola, L50, F|100/100
|-weather|Snowscape|[from] ability: Snow Warning|[of] p1a: Ninetales
|move|p1b: Talonflame|Brave Bird|p2a: Sableye
|-damage|p2a: Sableye|0 fnt
|faint|p2a: Sableye
|-damage|p1b: Talonflame|91/100|[from] Recoil
|move|p2b: Pelipper|Weather Ball|p1a: Ninetales
|-resisted|p1a: Ninetales|1
|-damage|p1a: Ninetales|82/100
|-damage|p2b: Pelipper|90/100|[from] item: Life Orb
|
|-weather|Snowscape|[upkeep]
|upkeep
|
|t:|1785933624
|switch|p2a: Archaludon|Archaludon, L50, M|100/100
|turn|4
|
|t:|1785933631
|switch|p2b: Swampert|Swampert-Mega, L50, F|100/100
|move|p1b: Talonflame|Tailwind|p1b: Talonflame
|-sidestart|p1: FinalIHave|move: Tailwind
|move|p1a: Ninetales|Aurora Veil|p1a: Ninetales
|-sidestart|p1: FinalIHave|move: Aurora Veil
|move|p2a: Archaludon|Flash Cannon|p1a: Ninetales
|-supereffective|p1a: Ninetales|2
|-damage|p1a: Ninetales|0 fnt
|faint|p1a: Ninetales
|
|-weather|Snowscape|[upkeep]
|upkeep
|
|t:|1785933642
|switch|p1a: Krookodile|Krookodile, L50, M|55/100
|-ability|p1a: Krookodile|Intimidate|boost
|-unboost|p2a: Archaludon|atk|1
|-unboost|p2b: Swampert|atk|1
|turn|5
|inactive|Luisnm01 has 30 seconds left.
|
|t:|1785933673
|switch|p2a: Pelipper|Pelipper, L50, F|90/100
|-weather|RainDance|[from] ability: Drizzle|[of] p2a: Pelipper
|move|p1b: Talonflame|Brave Bird|p2b: Swampert
|-damage|p2b: Swampert|67/100
|-damage|p1b: Talonflame|81/100|[from] Recoil
|move|p2b: Swampert|Wave Crash|p1a: Krookodile
|-supereffective|p1a: Krookodile|1
|-damage|p1a: Krookodile|0 fnt
|faint|p1a: Krookodile
|-damage|p2b: Swampert|46/100|[from] Recoil
|
|-weather|RainDance|[upkeep]
|-fieldend|move: Electric Terrain
|upkeep
|
|t:|1785933684
|switch|p1a: Raichu|Raichu-Mega-X, L50, F|100/100
|-fieldstart|move: Electric Terrain|[from] ability: Electric Surge|[of] p1a: Raichu
|turn|6
|
|t:|1785933701
|move|p2b: Swampert|Protect|p2b: Swampert
|-singleturn|p2b: Swampert|Protect
|move|p2a: Pelipper|Protect|p2a: Pelipper
|-singleturn|p2a: Pelipper|Protect
|move|p1b: Talonflame|Brave Bird|p2b: Swampert
|-activate|p2b: Swampert|move: Protect
|move|p1a: Raichu|Rising Voltage|p2a: Pelipper
|-activate|p2a: Pelipper|move: Protect
|
|-weather|RainDance|[upkeep]
|upkeep
|turn|7
|inactive|Luisnm01 has 30 seconds left.
|inactive|Luisnm01 has 20 seconds left.
|inactive|Luisnm01 has 15 seconds left.
|
|t:|1785933743
|move|p1b: Talonflame|Protect|p1b: Talonflame
|-singleturn|p1b: Talonflame|Protect
|move|p1a: Raichu|Protect|p1a: Raichu
|-singleturn|p1a: Raichu|Protect
|move|p2b: Swampert|Wave Crash|p1b: Talonflame
|-activate|p1b: Talonflame|move: Protect
|move|p2a: Pelipper|Tailwind|p2a: Pelipper
|-sidestart|p2: Luisnm01|move: Tailwind
|
|-weather|RainDance|[upkeep]
|-sideend|p1: FinalIHave|move: Tailwind
|upkeep
|turn|8
|
|t:|1785933764
|switch|p2a: Archaludon|Archaludon, L50, M|100/100
|move|p1a: Raichu|Protect||[still]
|-fail|p1a: Raichu
|move|p2b: Swampert|Wave Crash|p1b: Talonflame
|-supereffective|p1b: Talonflame|1
|-damage|p1b: Talonflame|0 fnt
|faint|p1b: Talonflame
|-damage|p2b: Swampert|18/100|[from] Recoil
|
|-weather|RainDance|[upkeep]
|-sideend|p2: Luisnm01|move: Light Screen
|upkeep
|turn|9
|-message|FinalIHave forfeited.
|
|win|Luisnm01
|l|☆FinalIHave
|player|p1|
||FinalIHave is ready for game 2.
|inactive|Luisnm01 has 30 seconds to confirm battle start!
