|j|☆PizzaSanwitch
|j|☆whatdoesalt+f4do
|html|PizzaSanwitchwhatdoesalt+f4do    
|uhtml|bestof|Game 1 of a best-of-3
|t:|1785350994
|gametype|doubles
|player|p1|PizzaSanwitch|266|1205
|player|p2|whatdoesalt+f4do|102|1157
|gen|9
|tier|[Gen 9 Champions] VGC 2026 Reg M-B (Bo3)
|rated|
|rule|Species Clause: Limit one of each Pokémon
|rule|Item Clause: Limit 1 of each item
|clearpoke
|poke|p1|Pelipper, L50, F|
|poke|p1|Archaludon, L50, M|
|poke|p1|Basculegion, L50, M|
|poke|p1|Grimmsnarl, L50, M|
|poke|p1|Charizard, L50, M|
|poke|p1|Scovillain, L50, F|
|poke|p2|Mr. Rime, L50, F, shiny|
|poke|p2|Raichu, L50, M, shiny|
|poke|p2|Sinistcha-Masterpiece, L50, shiny|
|poke|p2|Incineroar, L50, F, shiny|
|poke|p2|Pidgeot, L50, F, shiny|
|poke|p2|Milotic, L50, F, shiny|
|teampreview|4
|showteam|p1|Pelipper||SitrusBerry|Drizzle|WeatherBall,Hurricane,Tailwind,Protect|Modest||F|||50|]Archaludon||Leftovers|Stamina|ElectroShot,FlashCannon,DragonPulse,Protect|Modest||M|||50|]Basculegion||ChoiceScarf|Adaptability|WaveCrash,LastRespects,AquaJet,FlipTurn|Jolly||M|||50|]Grimmsnarl||LightClay|Prankster|SpiritBreak,Reflect,LightScreen,PartingShot|Sassy||M|||50|]Charizard||CharizarditeY|SolarPower|HeatWave,WeatherBall,Hurricane,Protect|Modest||M|||50|]Scovillain||Scovillainite|Chlorophyll|GigaDrain,Flamethrower,RagePowder,Protect|Bold||F|||50|
|showteam|p2|Mr. Rime||FocusSash|ScreenCleaner|SheerCold,RolePlay,Protect,Hypnosis|Bold||F|||50|]Raichu||RaichuniteY|Static|FocusBlast,ZapCannon,Protect,FakeOut|Bold||M|||50|]Sinistcha-Masterpiece||KasibBerry|Hospitality|TrickRoom,RagePowder,MatchaGotcha,LifeDew|Calm|||||50|]Incineroar||SitrusBerry|Intimidate|FakeOut,PartingShot,FlareBlitz,ThroatChop|Adamant||F|||50|]Pidgeot||Pidgeotite|BigPecks|Hurricane,Protect,Tailwind,HeatWave|Timid||F|||50|]Milotic||Leftovers|Competitive|IcyWind,Scald,IceBeam,Recover|Bold||F|||50|
|inactive|Battle timer is ON: inactive players will automatically lose when time's up. (requested by whatdoesalt+f4do)
|inactive|PizzaSanwitch has 60 seconds left.
|inactive|PizzaSanwitch has 30 seconds left.
|inactive|PizzaSanwitch has 20 seconds left.
|inactive|PizzaSanwitch has 15 seconds left.
|
|t:|1785351072
|teamsize|p1|4
|teamsize|p2|4
|start
|switch|p1a: Pelipper|Pelipper, L50, F|100/100
|switch|p1b: Basculegion|Basculegion, L50, M|100/100
|switch|p2a: Raichu|Raichu, L50, M, shiny|100/100
|switch|p2b: Mr. Rime|Mr. Rime, L50, F, shiny|100/100
|-weather|RainDance|[from] ability: Drizzle|[of] p1a: Pelipper
|turn|1
|
|t:|1785351093
|move|p2a: Raichu|Protect|p2a: Raichu
|-singleturn|p2a: Raichu|Protect
|move|p1b: Basculegion|Wave Crash|p2a: Raichu
|-activate|p2a: Raichu|move: Protect
|move|p1a: Pelipper|Tailwind|p1a: Pelipper
|-sidestart|p1: PizzaSanwitch|move: Tailwind
|move|p2b: Mr. Rime|Hypnosis|p1b: Basculegion|[miss]
|-miss|p2b: Mr. Rime|p1b: Basculegion
|
|-weather|RainDance|[upkeep]
|upkeep
|turn|2
|
|t:|1785351110
|switch|p2a: Sinistcha|Sinistcha-Masterpiece, L50, shiny|100/100
|switch|p2b: Incineroar|Incineroar, L50, F, shiny|100/100
|-ability|p2b: Incineroar|Intimidate|boost
|-unboost|p1a: Pelipper|atk|1
|-unboost|p1b: Basculegion|atk|1
|move|p1b: Basculegion|Wave Crash|p2a: Sinistcha
|-resisted|p2a: Sinistcha|1
|-damage|p2a: Sinistcha|67/100
|-damage|p1b: Basculegion|90/100|[from] Recoil
|move|p1a: Pelipper|Hurricane|p2a: Sinistcha
|-supereffective|p2a: Sinistcha|1
|-damage|p2a: Sinistcha|0 fnt
|faint|p2a: Sinistcha
|
|-weather|RainDance|[upkeep]
|upkeep
|
|t:|1785351132
|switch|p2a: Mr. Rime|Mr. Rime, L50, F, shiny|100/100
|turn|3
|inactive|whatdoesalt+f4do has 30 seconds left.
|
|t:|1785351161
|move|p1b: Basculegion|Wave Crash|p2b: Incineroar
|-supereffective|p2b: Incineroar|1
|-damage|p2b: Incineroar|0 fnt
|faint|p2b: Incineroar
|-damage|p1b: Basculegion|55/100|[from] Recoil
|move|p1a: Pelipper|Weather Ball|p2a: Mr. Rime
|-damage|p2a: Mr. Rime|45/100
|move|p2a: Mr. Rime|Hypnosis|p1a: Pelipper
|-status|p1a: Pelipper|slp|[from] move: Hypnosis
|
|-weather|RainDance|[upkeep]
|upkeep
|
|t:|1785351169
|switch|p2b: Raichu|Raichu, L50, M, shiny|100/100
|turn|4
|
|t:|1785351188
|detailschange|p2b: Raichu|Raichu-Mega-Y, L50, M, shiny
|-mega|p2b: Raichu|Raichu|Raichunite Y
|cant|p1a: Pelipper|slp
|move|p1b: Basculegion|Wave Crash|p2a: Mr. Rime
|-damage|p2a: Mr. Rime|0 fnt
|faint|p2a: Mr. Rime
|-damage|p1b: Basculegion|41/100|[from] Recoil
|move|p2b: Raichu|Zap Cannon|p1b: Basculegion
|-supereffective|p1b: Basculegion|1
|-damage|p1b: Basculegion|0 fnt
|faint|p1b: Basculegion
|
|-weather|RainDance|[upkeep]
|-sideend|p1: PizzaSanwitch|move: Tailwind
|upkeep
|
|t:|1785351209
|switch|p1b: Charizard|Charizard, L50, M|100/100
|turn|5
|inactive|PizzaSanwitch has 30 seconds left.
|inactive|PizzaSanwitch has 20 seconds left.
|
|t:|1785351246
|detailschange|p1b: Charizard|Charizard-Mega-Y, L50, M
|-mega|p1b: Charizard|Charizard|Charizardite Y
|-weather|SunnyDay|[from] ability: Drought|[of] p1b: Charizard
|move|p2b: Raichu|Zap Cannon|p1b: Charizard
|-supereffective|p1b: Charizard|1
|-damage|p1b: Charizard|0 fnt
|faint|p1b: Charizard
|-curestatus|p1a: Pelipper|slp|[msg]
|move|p1a: Pelipper|Tailwind|p1a: Pelipper
|-sidestart|p1: PizzaSanwitch|move: Tailwind
|
|-weather|SunnyDay|[upkeep]
|upkeep
|
|t:|1785351254
|switch|p1b: Archaludon|Archaludon, L50, M|100/100
|turn|6
|
|t:|1785351261
|move|p1b: Archaludon|Dragon Pulse|p2b: Raichu
|-damage|p2b: Raichu|43/100
|move|p1a: Pelipper|Weather Ball|p2b: Raichu
|-damage|p2b: Raichu|0 fnt
|faint|p2b: Raichu
|
|win|PizzaSanwitch
||PizzaSanwitch is ready for game 2.
||whatdoesalt+f4do is ready for game 2.
|uhtml|next|Next: Game 2 of 3
