|j|☆Chizardfalife
|j|☆Khenzhu
|html|ChizardfalifeKhenzhu    
|uhtml|bestof|Game 2 of a best-of-3
|t:|1783802759
|gametype|doubles
|player|p1|Chizardfalife|marshal|
|player|p2|Khenzhu|cynthia|
|gen|9
|tier|[Gen 9 Champions] VGC 2026 Reg M-B (Bo3)
|rule|Species Clause: Limit one of each Pokémon
|rule|Item Clause: Limit 1 of each item
|clearpoke
|poke|p1|Dragonite, L50, M|
|poke|p1|Primarina, L50, M|
|poke|p1|Aerodactyl, L50, F|
|poke|p1|Snorlax, L50, F|
|poke|p1|Krookodile, L50, F|
|poke|p1|Sharpedo, L50, M|
|poke|p2|Dragonite, L50, F|
|poke|p2|Torkoal, L50, M|
|poke|p2|Hatterene, L50, F|
|poke|p2|Vileplume, L50, M|
|poke|p2|Sneasler, L50, F|
|poke|p2|Leafeon, L50, M|
|teampreview|4
|showteam|p1|Dragonite||SitrusBerry|Multiscale|IceSpinner,ThunderPunch,BrickBreak,RockSlide|Adamant||M|||50|]Primarina||Leftovers|LiquidVoice|Protect,DazzlingGleam,HyperVoice,IceBeam|Modest||M|||50|]Aerodactyl||FocusSash|Unnerve|Tailwind,RockSlide,DualWingbeat,Protect|Jolly||F|||50|]Snorlax||ChopleBerry|ThickFat|IcePunch,ZenHeadbutt,HeavySlam,Crunch|Impish||F|||50|]Krookodile||ChoiceScarf|Intimidate|BreakingSwipe,Crunch,IronTail,RockSlide|Jolly||F|||50|]Sharpedo||Sharpedonite|RoughSkin|Protect,Liquidation,PsychicFangs,PoisonJab|Jolly||M|||50|
|showteam|p2|Dragonite||Dragoninite|Multiscale|Tailwind,DragonPulse,AirSlash,Protect|Modest||F|||50|]Torkoal||Charcoal|Drought|HelpingHand,Eruption,Protect,WeatherBall|Bold||M|||50|]Hatterene||LifeOrb|MagicBounce|TrickRoom,DazzlingGleam,Psychic,Protect|Bold||F|||50|]Vileplume||MentalHerb|Chlorophyll|AfterYou,Protect,SleepPowder,SludgeBomb|Bold||M|||50|]Sneasler||FocusSash|PoisonTouch|CloseCombat,FakeOut,DireClaw,Protect|Jolly||F|||50|]Leafeon||CobaBerry|Chlorophyll|KnockOff,LeafBlade,Protect,SolarBlade|Adamant||M|||50|
|
|t:|1783802787
|teamsize|p1|4
|teamsize|p2|4
|start
|switch|p1a: Aerodactyl|Aerodactyl, L50, F|100/100
|switch|p1b: Snorlax|Snorlax, L50, F|100/100
|switch|p2a: Sneasler|Sneasler, L50, F|100/100
|switch|p2b: Leafeon|Leafeon, L50, M|100/100
|-ability|p1a: Aerodactyl|Unnerve
|turn|1
|
|t:|1783802820
|move|p2a: Sneasler|Fake Out|p1a: Aerodactyl
|-resisted|p1a: Aerodactyl|1
|-damage|p1a: Aerodactyl|89/100
|cant|p1a: Aerodactyl|flinch
|move|p2b: Leafeon|Leaf Blade|p1a: Aerodactyl
|-damage|p1a: Aerodactyl|14/100
|move|p1b: Snorlax|Zen Headbutt|p2a: Sneasler|[miss]
|-miss|p1b: Snorlax|p2a: Sneasler
|
|upkeep
|turn|2
|
|t:|1783802881
|move|p1a: Aerodactyl|Tailwind|p1a: Aerodactyl
|-sidestart|p1: Chizardfalife|move: Tailwind
|move|p2a: Sneasler|Close Combat|p1a: Aerodactyl
|-damage|p1a: Aerodactyl|0 fnt
|-unboost|p2a: Sneasler|def|1
|-unboost|p2a: Sneasler|spd|1
|faint|p1a: Aerodactyl
|move|p2b: Leafeon|Knock Off|p1b: Snorlax
|-damage|p1b: Snorlax|71/100
|-enditem|p1b: Snorlax|Chople Berry|[from] move: Knock Off|[of] p2b: Leafeon
|move|p1b: Snorlax|Zen Headbutt|p2a: Sneasler
|-supereffective|p2a: Sneasler|2
|-enditem|p2a: Sneasler|Focus Sash
|-damage|p2a: Sneasler|1/100
|
|upkeep
|
|t:|1783802895
|switch|p1a: Dragonite|Dragonite, L50, M|100/100
|turn|3
|
|t:|1783802954
|switch|p2b: Hatterene|Hatterene, L50, F|100/100
|move|p2a: Sneasler|Protect|p2a: Sneasler
|-singleturn|p2a: Sneasler|Protect
|move|p1a: Dragonite|Rock Slide|p2a: Sneasler|[spread] p2b
|-activate|p2a: Sneasler|move: Protect
|-damage|p2b: Hatterene|82/100
|move|p1b: Snorlax|Ice Punch|p2b: Hatterene
|-damage|p2b: Hatterene|62/100
|
|upkeep
|turn|4
|
|t:|1783802996
|move|p1a: Dragonite|Rock Slide|p2b: Hatterene|[spread] p2a
|-miss|p1a: Dragonite|p2b: Hatterene
|-resisted|p2a: Sneasler|1
|-damage|p2a: Sneasler|0 fnt
|faint|p2a: Sneasler
|move|p1b: Snorlax|Heavy Slam|p2b: Hatterene
|-supereffective|p2b: Hatterene|1
|-damage|p2b: Hatterene|0 fnt
|faint|p2b: Hatterene
|
|upkeep
|
|t:|1783803007
|switch|p2a: Dragonite|Dragonite, L50, F|100/100
|switch|p2b: Leafeon|Leafeon, L50, M|100/100
|turn|5
|
|t:|1783803035
|detailschange|p2a: Dragonite|Dragonite-Mega, L50, F
|-mega|p2a: Dragonite|Dragonite|Dragoninite
|move|p1a: Dragonite|Ice Spinner|p2b: Leafeon
|-supereffective|p2b: Leafeon|1
|-damage|p2b: Leafeon|40/100
|move|p2b: Leafeon|Knock Off|p1a: Dragonite
|-damage|p1a: Dragonite|82/100
|-enditem|p1a: Dragonite|Sitrus Berry|[from] move: Knock Off|[of] p2b: Leafeon
|move|p2a: Dragonite|Tailwind|p2a: Dragonite
|-sidestart|p2: Khenzhu|move: Tailwind
|move|p1b: Snorlax|Ice Punch|p2a: Dragonite
|-supereffective|p2a: Dragonite|2
|-damage|p2a: Dragonite|60/100
|
|-sideend|p1: Chizardfalife|move: Tailwind
|upkeep
|turn|6
|
|t:|1783803104
|move|p2b: Leafeon|Leaf Blade|p1a: Dragonite
|-resisted|p1a: Dragonite|2
|-damage|p1a: Dragonite|68/100
|move|p2a: Dragonite|Dragon Pulse|p1a: Dragonite
|-supereffective|p1a: Dragonite|1
|-damage|p1a: Dragonite|0 fnt
|faint|p1a: Dragonite
|move|p1b: Snorlax|Ice Punch|p2a: Dragonite
|-supereffective|p2a: Dragonite|2
|-damage|p2a: Dragonite|0 fnt
|faint|p2a: Dragonite
|
|upkeep
|
|t:|1783803112
|switch|p1a: Primarina|Primarina, L50, M|100/100
|turn|7
|
|t:|1783803123
|move|p1a: Primarina|Protect|p1a: Primarina
|-singleturn|p1a: Primarina|Protect
|move|p2b: Leafeon|Leaf Blade|p1a: Primarina
|-activate|p1a: Primarina|move: Protect
|move|p1b: Snorlax|Ice Punch|p2b: Leafeon
|-supereffective|p2b: Leafeon|1
|-damage|p2b: Leafeon|0 fnt
|faint|p2b: Leafeon
|
|win|Chizardfalife
