|j|☆h0000n
|j|☆lux raymundi
|html|h0000nlux raymundi    
|uhtml|bestof|Game 2 of a best-of-3
|t:|1784583080
|gametype|doubles
|player|p1|h0000n|hoopster|1177
|player|p2|lux raymundi|101|1297
|gen|9
|tier|[Gen 9 Champions] VGC 2026 Reg M-B (Bo3)
|rated|
|rule|Species Clause: Limit one of each Pokémon
|rule|Item Clause: Limit 1 of each item
|clearpoke
|poke|p1|Kingambit, L50, M|
|poke|p1|Farigiraf, L50, F|
|poke|p1|Tyranitar, L50, F|
|poke|p1|Basculegion, L50, M|
|poke|p1|Floette-Eternal, L50, F|
|poke|p1|Sinistcha, L50|
|poke|p2|Sneasler, L50, M|
|poke|p2|Blastoise, L50, M|
|poke|p2|Kingambit, L50, M|
|poke|p2|Incineroar, L50, M|
|poke|p2|Delphox, L50, F|
|poke|p2|Sinistcha, L50|
|teampreview|4
|showteam|p1|Kingambit||LifeOrb|Defiant|IronHead,KowtowCleave,SuckerPunch,Protect|Adamant||M|||50|]Farigiraf||SitrusBerry|ArmorTail|Psychic,CalmMind,HyperVoice,TrickRoom|Quiet||F|||50|]Tyranitar||Tyranitarite|SandStream|DragonDance,RockSlide,KnockOff,Protect|Adamant||F|||50|]Basculegion||ChoiceScarf|SwiftSwim|WaveCrash,AquaJet,LastRespects,FlipTurn|Adamant||M|||50|]Floette-Eternal||Floettite|FlowerVeil|DazzlingGleam,Moonblast,CalmMind,Protect|Timid||F|||50|]Sinistcha||CobaBerry|Hospitality|TrickRoom,MatchaGotcha,ShadowBall,RagePowder|Quiet|||||50|
|showteam|p2|Sneasler||FocusSash|PoisonTouch|PoisonJab,CloseCombat,FakeOut,QuickGuard|Jolly||M|||50|]Blastoise||Blastoisinite|RainDish|DarkPulse,WaterSpout,ShellSmash,Protect|Modest||M|||50|]Kingambit||BlackGlasses|Defiant|KowtowCleave,SuckerPunch,SwordsDance,Protect|Adamant||M|||50|]Incineroar||SitrusBerry|Intimidate|FlareBlitz,ThroatChop,PartingShot,FakeOut|Careful||M|||50|]Delphox||Delphoxite|Blaze|HeatWave,NastyPlot,Psychic,Protect|Timid||F|||50|]Sinistcha||KasibBerry|Hospitality|MatchaGotcha,RagePowder,TrickRoom,Protect|Bold|||||50|
|
|t:|1784583100
|teamsize|p1|4
|teamsize|p2|4
|start
|switch|p1a: Tyranitar|Tyranitar, L50, F|100/100
|switch|p1b: Farigiraf|Farigiraf, L50, F|100/100
|switch|p2a: Sneasler|Sneasler, L50, M|100/100
|switch|p2b: Blastoise|Blastoise, L50, M|100/100
|-weather|Sandstorm|[from] ability: Sand Stream|[of] p1a: Tyranitar
|turn|1
|
|t:|1784583145
|switch|p1a: Basculegion|Basculegion, L50, M|100/100
|switch|p1b: Kingambit|Kingambit, L50, M|100/100
|detailschange|p2b: Blastoise|Blastoise-Mega, L50, M
|-mega|p2b: Blastoise|Blastoise|Blastoisinite
|move|p2a: Sneasler|Poison Jab|p1b: Kingambit
|-immune|p1b: Kingambit
|move|p2b: Blastoise|Water Spout|p1a: Basculegion|[spread] p1a,p1b
|-resisted|p1a: Basculegion|1
|-damage|p1a: Basculegion|64/100
|-damage|p1b: Kingambit|29/100
|
|-weather|Sandstorm|[upkeep]
|-damage|p1a: Basculegion|58/100|[from] Sandstorm
|-damage|p2a: Sneasler|94/100|[from] Sandstorm
|-damage|p2b: Blastoise|94/100|[from] Sandstorm
|upkeep
|turn|2
|
|t:|1784583169
|switch|p2a: Sinistcha|Sinistcha, L50|100/100
|-heal|p2b: Blastoise|100/100|[from] ability: Hospitality|[of] p2a: Sinistcha
|move|p2b: Blastoise|Protect|p2b: Blastoise
|-singleturn|p2b: Blastoise|Protect
|move|p1a: Basculegion|Flip Turn|p2a: Sinistcha
|-resisted|p2a: Sinistcha|1
|-damage|p2a: Sinistcha|87/100
|
|t:|1784583176
|switch|p1a: Tyranitar|Tyranitar, L50, F|100/100|[from] Flip Turn
|move|p1b: Kingambit|Kowtow Cleave|p2b: Blastoise
|-activate|p2b: Blastoise|move: Protect
|
|-weather|Sandstorm|[upkeep]
|-damage|p2b: Blastoise|94/100|[from] Sandstorm
|-damage|p2a: Sinistcha|80/100|[from] Sandstorm
|upkeep
|turn|3
|
|t:|1784583204
|detailschange|p1a: Tyranitar|Tyranitar-Mega, L50, F
|-mega|p1a: Tyranitar|Tyranitar|Tyranitarite
|move|p1b: Kingambit|Protect|p1b: Kingambit
|-singleturn|p1b: Kingambit|Protect
|move|p2a: Sinistcha|Rage Powder|p2a: Sinistcha
|-singleturn|p2a: Sinistcha|move: Rage Powder
|move|p2b: Blastoise|Water Spout|p1a: Tyranitar|[spread] p1a
|-activate|p1b: Kingambit|move: Protect
|-supereffective|p1a: Tyranitar|1
|-damage|p1a: Tyranitar|39/100
|move|p1a: Tyranitar|Dragon Dance|p1a: Tyranitar
|-boost|p1a: Tyranitar|atk|1
|-boost|p1a: Tyranitar|spe|1
|
|-weather|Sandstorm|[upkeep]
|-damage|p2b: Blastoise|88/100|[from] Sandstorm
|-damage|p2a: Sinistcha|74/100|[from] Sandstorm
|upkeep
|turn|4
|
|t:|1784583229
|move|p1a: Tyranitar|Protect|p1a: Tyranitar
|-singleturn|p1a: Tyranitar|Protect
|move|p2a: Sinistcha|Rage Powder|p2a: Sinistcha
|-singleturn|p2a: Sinistcha|move: Rage Powder
|move|p2b: Blastoise|Water Spout|p1a: Tyranitar|[spread] p1b
|-activate|p1a: Tyranitar|move: Protect
|-damage|p1b: Kingambit|0 fnt
|faint|p1b: Kingambit
|
|-weather|Sandstorm|[upkeep]
|-damage|p2b: Blastoise|82/100|[from] Sandstorm
|-damage|p2a: Sinistcha|68/100|[from] Sandstorm
|upkeep
|
|t:|1784583235
|switch|p1b: Basculegion|Basculegion, L50, M|58/100
|turn|5
|
|t:|1784583243
|switch|p2b: Kingambit|Kingambit, L50, M|100/100
|move|p2a: Sinistcha|Protect|p2a: Sinistcha
|-singleturn|p2a: Sinistcha|Protect
|move|p1b: Basculegion|Last Respects|p2b: Kingambit
|-resisted|p2b: Kingambit|1
|-damage|p2b: Kingambit|81/100
|move|p1a: Tyranitar|Dragon Dance|p1a: Tyranitar
|-boost|p1a: Tyranitar|atk|1
|-boost|p1a: Tyranitar|spe|1
|
|-weather|none
|upkeep
|turn|6
|
|t:|1784583269
|switch|p1b: Farigiraf|Farigiraf, L50, F|100/100
|move|p1a: Tyranitar|Knock Off|p2a: Sinistcha
|-supereffective|p2a: Sinistcha|1
|-damage|p2a: Sinistcha|0 fnt
|-enditem|p2a: Sinistcha|Kasib Berry|[from] move: Knock Off|[of] p1a: Tyranitar
|faint|p2a: Sinistcha
|move|p2b: Kingambit|Kowtow Cleave|p1b: Farigiraf
|-supereffective|p1b: Farigiraf|1
|-damage|p1b: Farigiraf|0 fnt
|faint|p1b: Farigiraf
|
|upkeep
|
|t:|1784583280
|switch|p2a: Sneasler|Sneasler, L50, M|94/100
|switch|p1b: Basculegion|Basculegion, L50, M|58/100
|turn|7
|
|t:|1784583297
|switch|p2a: Blastoise|Blastoise-Mega, L50, M|82/100
|move|p1a: Tyranitar|Protect|p1a: Tyranitar
|-singleturn|p1a: Tyranitar|Protect
|move|p1b: Basculegion|Wave Crash|p2a: Blastoise
|-resisted|p2a: Blastoise|1
|-damage|p2a: Blastoise|52/100
|-damage|p1b: Basculegion|50/100g|[from] Recoil
|move|p2b: Kingambit|Kowtow Cleave|p1b: Basculegion
|-supereffective|p1b: Basculegion|1
|-damage|p1b: Basculegion|0 fnt
|faint|p1b: Basculegion
|
|upkeep
|turn|8
|c|☆h0000n|dang
|c|☆h0000n|gg lol
|
|t:|1784583311
|move|p2b: Kingambit|Sucker Punch|p1a: Tyranitar
|-resisted|p1a: Tyranitar|1
|-damage|p1a: Tyranitar|26/100
|move|p1a: Tyranitar|Rock Slide|p2a: Blastoise|[spread] p2a,p2b
|-resisted|p2b: Kingambit|1
|-damage|p2a: Blastoise|0 fnt
|-damage|p2b: Kingambit|53/100
|faint|p2a: Blastoise
|
|upkeep
|
|t:|1784583315
|switch|p2a: Sneasler|Sneasler, L50, M|94/100
|turn|9
|
|t:|1784583320
|move|p1a: Tyranitar|Protect|p1a: Tyranitar
|-singleturn|p1a: Tyranitar|Protect
|move|p2a: Sneasler|Fake Out|p1a: Tyranitar
|-activate|p1a: Tyranitar|move: Protect
|move|p2b: Kingambit|Swords Dance|p2b: Kingambit
|-boost|p2b: Kingambit|atk|2
|
|upkeep
|turn|10
|
|t:|1784583331
|move|p2b: Kingambit|Sucker Punch||[still]
|-fail|p2b: Kingambit
|move|p2a: Sneasler|Close Combat|p1a: Tyranitar
|-supereffective|p1a: Tyranitar|2
|-damage|p1a: Tyranitar|0 fnt
|-unboost|p2a: Sneasler|def|1
|-unboost|p2a: Sneasler|spd|1
|faint|p1a: Tyranitar
|
|win|lux raymundi
|raw|h0000n's rating: 1177 → 1160(-17 for losing)
|raw|lux raymundi's rating: 1297 → 1314(+17 for winning)
