|j|☆jeanryupr
|j|☆Cloaxy
|html|jeanryuprCloaxy    
|uhtml|bestof|Game 2 of a best-of-3
|t:|1785709770
|gametype|doubles
|player|p1|jeanryupr|101|1173
|player|p2|Cloaxy|unknownf|1222
|gen|9
|tier|[Gen 9 Champions] VGC 2026 Reg M-B (Bo3)
|rated|
|rule|Species Clause: Limit one of each Pokémon
|rule|Item Clause: Limit 1 of each item
|clearpoke
|poke|p1|Raichu, L50, M|
|poke|p1|Aerodactyl, L50, M|
|poke|p1|Sylveon, L50, F|
|poke|p1|Basculegion, L50, M|
|poke|p1|Farigiraf, L50, F|
|poke|p1|Garchomp, L50, M|
|poke|p2|Zoroark-Hisui, L50, M, shiny|
|poke|p2|Whimsicott, L50, F, shiny|
|poke|p2|Gholdengo, L50, shiny|
|poke|p2|Charizard, L50, F, shiny|
|poke|p2|Floette-Eternal, L50, F|
|poke|p2|Tyranitar, L50, M|
|teampreview|4
|showteam|p1|Raichu||RaichuniteY|Static|FocusBlast,ZapCannon,FakeOut,Protect|Timid||M|||50|]Aerodactyl||Aerodactylite|Unnerve|WideGuard,IceFang,RockSlide,Tailwind|Jolly||M|||50|]Sylveon||FairyFeather|Pixilate|Detect,QuickAttack,HyperBeam,HyperVoice|Modest||F|||50|]Basculegion||FocusSash|Adaptability|LastRespects,AquaJet,WaveCrash,Protect|Adamant||M|||50|]Farigiraf||SitrusBerry|ArmorTail|TrickRoom,HelpingHand,Thunderbolt,TwinBeam|Bold||F|||50|]Garchomp|||RoughSkin|Protect,DragonClaw,StompingTantrum,Earthquake|Jolly||M|||50|
|showteam|p2|Zoroark-Hisui||FocusSash|Illusion|BitterMalice,IcyWind,HelpingHand,Protect|Timid||M|||50|]Whimsicott||MentalHerb|Prankster|Encore,Taunt,Tailwind,Moonblast|Timid||F|||50|]Gholdengo||MetalCoat|GoodasGold|MakeItRain,ShadowBall,NastyPlot,Protect|Modest|||||50|]Charizard||CharizarditeY|Blaze|HeatWave,WeatherBall,Protect,SolarBeam|Timid||F|||50|]Floette-Eternal||Floettite|FlowerVeil|Moonblast,DrainingKiss,CalmMind,Protect|Modest||F|||50|]Tyranitar||LifeOrb|SandStream|RockSlide,Crunch,HighHorsepower,Protect|Jolly||M|||50|
|
|t:|1785709818
|teamsize|p1|4
|teamsize|p2|4
|start
|switch|p1a: Aerodactyl|Aerodactyl, L50, M|100/100
|switch|p1b: Garchomp|Garchomp, L50, M|100/100
|switch|p2a: Whimsicott|Whimsicott, L50, F, shiny|100/100
|switch|p2b: Charizard|Charizard, L50, F, shiny|100/100
|-ability|p1a: Aerodactyl|Unnerve
|turn|1
|
|t:|1785709843
|move|p2b: Charizard|Protect|p2b: Charizard
|-singleturn|p2b: Charizard|Protect
|move|p2a: Whimsicott|Tailwind|p2a: Whimsicott
|-sidestart|p2: Cloaxy|move: Tailwind
|move|p1a: Aerodactyl|Rock Slide|p2a: Whimsicott|[spread] p2a
|-activate|p2b: Charizard|move: Protect
|-damage|p2a: Whimsicott|73/100
|move|p1b: Garchomp|Earthquake|p2b: Charizard|[spread] p2a
|-activate|p2b: Charizard|move: Protect
|-immune|p1a: Aerodactyl
|-resisted|p2a: Whimsicott|1
|-damage|p2a: Whimsicott|51/100
|
|upkeep
|turn|2
|
|t:|1785709885
|detailschange|p2b: Charizard|Charizard-Mega-Y, L50, F, shiny
|-mega|p2b: Charizard|Charizard|Charizardite Y
|-weather|SunnyDay|[from] ability: Drought|[of] p2b: Charizard
|move|p2b: Charizard|Solar Beam||[still]
|-prepare|p2b: Charizard|Solar Beam
|-anim|p2b: Charizard|Solar Beam|p1b: Garchomp
|-damage|p1b: Garchomp|48/100
|move|p2a: Whimsicott|Moonblast|p1b: Garchomp
|-supereffective|p1b: Garchomp|1
|-damage|p1b: Garchomp|0 fnt
|faint|p1b: Garchomp
|move|p1a: Aerodactyl|Rock Slide|p2b: Charizard|[spread] p2a,p2b
|-supereffective|p2b: Charizard|2
|-damage|p2a: Whimsicott|28/100
|-damage|p2b: Charizard|0 fnt
|faint|p2b: Charizard
|
|-weather|SunnyDay|[upkeep]
|upkeep
|
|t:|1785709900
|switch|p1b: Raichu|Raichu, L50, M|100/100
|switch|p2b: Gholdengo|Gholdengo, L50, shiny|100/100
|turn|3
|
|t:|1785709917
|detailschange|p1b: Raichu|Raichu-Mega-Y, L50, M
|-mega|p1b: Raichu|Raichu|Raichunite Y
|move|p1a: Aerodactyl|Wide Guard|p1a: Aerodactyl
|-singleturn|p1a: Aerodactyl|Wide Guard
|move|p2a: Whimsicott|Moonblast|p1b: Raichu
|-damage|p1b: Raichu|61/100
|move|p2b: Gholdengo|Make It Rain|p1a: Aerodactyl|[spread] 
|-activate|p1a: Aerodactyl|move: Wide Guard
|-activate|p1b: Raichu|move: Wide Guard
|move|p1b: Raichu|Zap Cannon|p2b: Gholdengo
|-crit|p2b: Gholdengo
|-damage|p2b: Gholdengo|0 fnt
|faint|p2b: Gholdengo
|
|-weather|SunnyDay|[upkeep]
|upkeep
|
|t:|1785709926
|switch|p2b: Zoroark|Zoroark-Hisui, L50, M, shiny|100/100
|turn|4
|
|t:|1785709942
|switch|p1b: Basculegion|Basculegion, L50, M|100/100
|move|p2a: Whimsicott|Encore|p1a: Aerodactyl
|-start|p1a: Aerodactyl|Encore
|move|p1a: Aerodactyl|Wide Guard|p1a: Aerodactyl
|-singleturn|p1a: Aerodactyl|Wide Guard
|move|p2b: Zoroark|Bitter Malice|p1b: Basculegion
|-supereffective|p1b: Basculegion|1
|-damage|p1b: Basculegion|10/100
|-unboost|p1b: Basculegion|atk|1
|
|-weather|SunnyDay|[upkeep]
|-sideend|p2: Cloaxy|move: Tailwind
|upkeep
|turn|5
|
|t:|1785709959
|switch|p1a: Raichu|Raichu-Mega-Y, L50, M|61/100
|move|p1b: Basculegion|Aqua Jet|p2b: Zoroark
|-damage|p2b: Zoroark|80/100
|move|p2b: Zoroark|Bitter Malice|p1b: Basculegion
|-supereffective|p1b: Basculegion|1
|-damage|p1b: Basculegion|0 fnt
|faint|p1b: Basculegion
|move|p2a: Whimsicott|Moonblast|p1a: Raichu
|-damage|p1a: Raichu|16/100
|-unboost|p1a: Raichu|spa|1
|
|-weather|SunnyDay|[upkeep]
|upkeep
|
|t:|1785709967
|switch|p1b: Aerodactyl|Aerodactyl, L50, M|100/100
|-ability|p1b: Aerodactyl|Unnerve
|turn|6
|
|t:|1785709978
|move|p1a: Raichu|Fake Out|p2a: Whimsicott
|-damage|p2a: Whimsicott|19/100
|cant|p2a: Whimsicott|flinch
|move|p1b: Aerodactyl|Tailwind|p1b: Aerodactyl
|-sidestart|p1: jeanryupr|move: Tailwind
|move|p2b: Zoroark|Bitter Malice|p1a: Raichu
|-damage|p1a: Raichu|0 fnt
|faint|p1a: Raichu
|
|-weather|none
|upkeep
|turn|7
|
|t:|1785709989
|move|p2a: Whimsicott|Encore|p1b: Aerodactyl
|-start|p1b: Aerodactyl|Encore
|move|p1b: Aerodactyl|Tailwind||[still]
|-fail|p1b: Aerodactyl
|move|p2b: Zoroark|Bitter Malice|p1b: Aerodactyl
|-damage|p1b: Aerodactyl|49/100
|-unboost|p1b: Aerodactyl|atk|1
|
|upkeep
|turn|8
|inactive|Battle timer is ON: inactive players will automatically lose when time's up. (requested by Cloaxy)
|c|☆Cloaxy|ggs
|-message|jeanryupr forfeited.
|
|win|Cloaxy
