|j|☆Pizzamemes123
|j|☆Hudie EU
|html|Pizzamemes123Hudie EU    
|uhtml|bestof|Game 2 of a best-of-3
|t:|1783963217
|gametype|doubles
|player|p1|Pizzamemes123|steven|1249
|player|p2|Hudie EU|dahlia|1215
|gen|9
|tier|[Gen 9 Champions] VGC 2026 Reg M-B (Bo3)
|rated|
|rule|Species Clause: Limit one of each Pokémon
|rule|Item Clause: Limit 1 of each item
|clearpoke
|poke|p1|Chesnaught, L50, M|
|poke|p1|Garchomp, L50, M|
|poke|p1|Venusaur, L50, M|
|poke|p1|Charizard, L50, M|
|poke|p1|Farigiraf, L50, M|
|poke|p1|Incineroar, L50, M|
|poke|p2|Charizard, L50, M|
|poke|p2|Venusaur, L50, M|
|poke|p2|Grimmsnarl, L50, M|
|poke|p2|Pelipper, L50, M|
|poke|p2|Basculegion, L50, M|
|poke|p2|Archaludon, L50, F|
|teampreview|4
|showteam|p1|Chesnaught||Leftovers|Bulletproof|SpikyShield,WideGuard,IronDefense,BodyPress|Impish||M|||50|]Garchomp||LifeOrb|RoughSkin|Protect,RockSlide,Earthquake,DragonClaw|Adamant||M|||50|]Venusaur||Venusaurite|Chlorophyll|GigaDrain,EarthPower,SludgeBomb,Protect|Modest||M|||50|]Charizard||CharizarditeY|Blaze|Protect,HeatWave,WeatherBall,SolarBeam|Modest||M|||50|]Farigiraf||SitrusBerry|ArmorTail|TrickRoom,Psychic,Thunderbolt,HelpingHand|Relaxed||M|||50|]Incineroar||PasshoBerry|Intimidate|FakeOut,FlareBlitz,PartingShot,DarkestLariat|Brave||M|||50|
|showteam|p2|Charizard||CharizarditeY|SolarPower|HeatWave,WeatherBall,SolarBeam,Protect|Modest||M|||50|]Venusaur||Venusaurite|Chlorophyll|GigaDrain,SludgeBomb,EarthPower,SleepPowder|Modest||M|||50|]Grimmsnarl||LightClay|Prankster|SpiritBreak,Reflect,LightScreen,PartingShot|Careful||M|||50|]Pelipper||FocusSash|Drizzle|WeatherBall,Hurricane,Tailwind,Protect|Modest||M|||50|]Basculegion||ChoiceScarf|Adaptability|WaveCrash,LastRespects,AquaJet,FlipTurn|Jolly||M|||50|]Archaludon||Leftovers|Stamina|FlashCannon,DragonPulse,ElectroShot,Protect|Modest||F|||50|
|inactive|Battle timer is ON: inactive players will automatically lose when time's up. (requested by Hudie EU)
|j| The RU Agenda
|inactive|Pizzamemes123 has 60 seconds left.
|inactive|Pizzamemes123 has 30 seconds left.
|inactive|Pizzamemes123 has 20 seconds left.
|inactive|Pizzamemes123 has 15 seconds left.
|
|t:|1783963296
|teamsize|p1|4
|teamsize|p2|4
|start
|switch|p1a: Venusaur|Venusaur, L50, M|100/100
|switch|p1b: Jeff|Garchomp, L50, M|100/100
|switch|p2a: Charizard|Charizard, L50, M|100/100
|switch|p2b: Grimmsnarl|Grimmsnarl, L50, M|100/100
|turn|1
|inactive|Pizzamemes123 has 30 seconds left.
|
|t:|1783963326
|detailschange|p1a: Venusaur|Venusaur-Mega, L50, M
|-mega|p1a: Venusaur|Venusaur|Venusaurite
|move|p2a: Charizard|Protect|p2a: Charizard
|-singleturn|p2a: Charizard|Protect
|move|p2b: Grimmsnarl|Light Screen|p2b: Grimmsnarl
|-sidestart|p2: Hudie EU|move: Light Screen
|move|p1a: Venusaur|Earth Power|p2a: Charizard
|-activate|p2a: Charizard|move: Protect
|move|p1b: Jeff|Rock Slide|p2a: Charizard|[spread] p2b
|-activate|p2a: Charizard|move: Protect
|-damage|p2b: Grimmsnarl|71/100
|-damage|p1b: Jeff|90/100|[from] item: Life Orb
|
|upkeep
|turn|2
|inactive|Pizzamemes123 has 30 seconds left.
|
|t:|1783963354
|detailschange|p2a: Charizard|Charizard-Mega-Y, L50, M
|-mega|p2a: Charizard|Charizard|Charizardite Y
|-weather|SunnyDay|[from] ability: Drought|[of] p2a: Charizard
|move|p2b: Grimmsnarl|Parting Shot|p1b: Jeff
|-unboost|p1b: Jeff|atk|1
|-unboost|p1b: Jeff|spa|1
|
|t:|1783963359
|switch|p2b: Archaludon|Archaludon, L50, F|100/100|[from] Parting Shot
|move|p2a: Charizard|Weather Ball|p1a: Venusaur
|-supereffective|p1a: Venusaur|1
|-damage|p1a: Venusaur|8/100
|move|p1a: Venusaur|Sludge Bomb|p2b: Archaludon
|-immune|p2b: Archaludon
|move|p1b: Jeff|Rock Slide|p2a: Charizard|[spread] p2a,p2b
|-supereffective|p2a: Charizard|2
|-resisted|p2b: Archaludon|1
|-damage|p2a: Charizard|23/100
|-damage|p2b: Archaludon|93/100
|-ability|p2b: Archaludon|Stamina|boost
|-boost|p2b: Archaludon|def|1
|-damage|p1b: Jeff|80/100|[from] item: Life Orb
|
|-weather|SunnyDay|[upkeep]
|-heal|p2b: Archaludon|100/100|[from] item: Leftovers
|upkeep
|turn|3
|inactive|Pizzamemes123 has 30 seconds left.
|inactive|Hudie EU has 30 seconds left.
|inactive|Pizzamemes123 has 20 seconds left.
|inactive|Pizzamemes123 has 15 seconds left.
|inactive|Pizzamemes123 has 10 seconds left.
|inactive|Pizzamemes123 has 5 seconds left.
|
|t:|1783963410
|switch|p2a: Pelipper|Pelipper, L50, M|100/100
|-weather|RainDance|[from] ability: Drizzle|[of] p2a: Pelipper
|switch|p1a: Bumcineroar|Incineroar, L50, M|100/100
|-ability|p1a: Bumcineroar|Intimidate|boost
|-unboost|p2a: Pelipper|atk|1
|-unboost|p2b: Archaludon|atk|1
|move|p1b: Jeff|Protect|p1b: Jeff
|-singleturn|p1b: Jeff|Protect
|move|p2b: Archaludon|Electro Shot||[still]
|-prepare|p2b: Archaludon|Electro Shot
|-boost|p2b: Archaludon|spa|1
|-anim|p2b: Archaludon|Electro Shot|p1a: Bumcineroar
|-damage|p1a: Bumcineroar|43/100
|
|-weather|RainDance|[upkeep]
|upkeep
|turn|4
|
|t:|1783963429
|switch|p1b: Joe Raffe|Farigiraf, L50, M|100/100
|move|p2a: Pelipper|Protect|p2a: Pelipper
|-singleturn|p2a: Pelipper|Protect
|move|p1a: Bumcineroar|Fake Out|p2a: Pelipper
|-activate|p2a: Pelipper|move: Protect
|move|p2b: Archaludon|Dragon Pulse|p1b: Joe Raffe
|-damage|p1b: Joe Raffe|50/100y
|-enditem|p1b: Joe Raffe|Sitrus Berry|[eat]
|-heal|p1b: Joe Raffe|75/100|[from] item: Sitrus Berry
|
|-weather|RainDance|[upkeep]
|upkeep
|turn|5
|inactive|Pizzamemes123 has 30 seconds left.
|
|t:|1783963458
|move|p2a: Pelipper|Weather Ball|p1a: Bumcineroar
|-supereffective|p1a: Bumcineroar|1
|-enditem|p1a: Bumcineroar|Passho Berry|[eat]
|-enditem|p1a: Bumcineroar|Passho Berry|[weaken]
|-damage|p1a: Bumcineroar|0 fnt
|faint|p1a: Bumcineroar
|move|p2b: Archaludon|Electro Shot||[still]
|-prepare|p2b: Archaludon|Electro Shot
|-boost|p2b: Archaludon|spa|1
|-anim|p2b: Archaludon|Electro Shot|p1b: Joe Raffe
|-damage|p1b: Joe Raffe|6/100
|move|p1b: Joe Raffe|Thunderbolt|p2a: Pelipper
|-supereffective|p2a: Pelipper|2
|-enditem|p2a: Pelipper|Focus Sash
|-damage|p2a: Pelipper|1/100
|-status|p2a: Pelipper|par
|
|-weather|RainDance|[upkeep]
|upkeep
|
|t:|1783963466
|switch|p1a: Jeff|Garchomp, L50, M|80/100
|turn|6
|
|t:|1783963488
|move|p1b: Joe Raffe|Helping Hand|p1a: Jeff
|-singleturn|p1a: Jeff|Helping Hand|[of] p1b: Joe Raffe
|move|p2b: Archaludon|Protect|p2b: Archaludon
|-singleturn|p2b: Archaludon|Protect
|move|p1a: Jeff|Earthquake|p2b: Archaludon|[spread] p1b
|-activate|p2b: Archaludon|move: Protect
|-immune|p2a: Pelipper
|-damage|p1b: Joe Raffe|0 fnt
|faint|p1b: Joe Raffe
|-damage|p1a: Jeff|71/100|[from] item: Life Orb
|cant|p2a: Pelipper|par
|
|-weather|RainDance|[upkeep]
|upkeep
|c|☆Hudie EU|Lord this team is easy
|
|t:|1783963507
|switch|p1b: Venusaur|Venusaur-Mega, L50, M|8/100
|turn|7
|
|t:|1783963525
|move|p1b: Venusaur|Earth Power|p2b: Archaludon
|-supereffective|p2b: Archaludon|1
|-damage|p2b: Archaludon|53/100
|-unboost|p2b: Archaludon|spd|1
|-ability|p2b: Archaludon|Stamina|boost
|-boost|p2b: Archaludon|def|1
|move|p1a: Jeff|Rock Slide|p2b: Archaludon|[spread] p2a,p2b
|-supereffective|p2a: Pelipper|1
|-resisted|p2b: Archaludon|1
|-damage|p2a: Pelipper|0 fnt
|-damage|p2b: Archaludon|48/100
|-ability|p2b: Archaludon|Stamina|boost
|-boost|p2b: Archaludon|def|1
|faint|p2a: Pelipper
|-damage|p1a: Jeff|61/100|[from] item: Life Orb
|move|p2b: Archaludon|Dragon Pulse|p1a: Jeff
|-supereffective|p1a: Jeff|1
|-damage|p1a: Jeff|0 fnt
|faint|p1a: Jeff
|
|-weather|none
|-heal|p2b: Archaludon|54/100|[from] item: Leftovers
|upkeep
|
|t:|1783963541
|switch|p2a: Charizard|Charizard-Mega-Y, L50, M|23/100
|-weather|SunnyDay|[from] ability: Drought|[of] p2a: Charizard
|turn|8
|
|t:|1783963545
|move|p1b: Venusaur|Protect|p1b: Venusaur
|-singleturn|p1b: Venusaur|Protect
|move|p2a: Charizard|Weather Ball|p1b: Venusaur
|-activate|p1b: Venusaur|move: Protect
|move|p2b: Archaludon|Dragon Pulse|p1b: Venusaur
|-activate|p1b: Venusaur|move: Protect
|
|-weather|SunnyDay|[upkeep]
|-heal|p2b: Archaludon|60/100|[from] item: Leftovers
|-sideend|p2: Hudie EU|move: Light Screen
|upkeep
|turn|9
|
|t:|1783963550
|move|p2a: Charizard|Weather Ball|p1b: Venusaur
|-supereffective|p1b: Venusaur|1
|-damage|p1b: Venusaur|0 fnt
|faint|p1b: Venusaur
|
|win|Hudie EU
|raw|Pizzamemes123's rating: 1249 → 1222(-27 for losing)
|raw|Hudie EU's rating: 1215 → 1242(+27 for winning)
|l|☆Pizzamemes123
|player|p1|
|l| The RU Agenda
