|j|â˜†Alfaceb
|j|â˜†SpinySpino
|html|AlfacebSpinySpino    
|uhtml|bestof|Game 3 of a best-of-3
|t:|1783025990
|gametype|doubles
|player|p1|Alfaceb|pokefan|1060
|player|p2|SpinySpino|pokemaniac|1000
|gen|9
|tier|[Gen 9 Champions] VGC 2026 Reg M-B (Bo3)
|rated|
|rule|Species Clause: Limit one of each PokÃ©mon
|rule|Item Clause: Limit 1 of each item
|clearpoke
|poke|p1|Charizard, L50, F|
|poke|p1|Blastoise, L50, F|
|poke|p1|Venusaur, L50, M|
|poke|p1|Aerodactyl, L50, F, shiny|
|poke|p1|Kangaskhan, L50, F|
|poke|p1|Clefable, L50, M|
|poke|p2|Eelektross, L50, F, shiny|
|poke|p2|Charizard, L50, F|
|poke|p2|Sinistcha, L50|
|poke|p2|Garchomp, L50, F|
|poke|p2|Basculegion, L50, M|
|poke|p2|Whimsicott, L50, M|
|teampreview|4
|showteam|p1|Charizard||CharizarditeY|SolarPower|HeatWave,WeatherBall,Protect,SolarBeam|Modest||F|||50|]Blastoise||Blastoisinite|Torrent|ShellSmash,WaterSpout,AuraSphere,Protect|Modest||F|||50|]Venusaur||LifeOrb|Chlorophyll|SleepPowder,SludgeBomb,EnergyBall,Protect|Modest||M|||50|]Aerodactyl||FocusSash|Unnerve|DualWingbeat,RockSlide,Protect,Tailwind|Jolly||F|||50|]Kangaskhan||SilkScarf|Scrappy|FakeOut,LastResort|Adamant||F|||50|]Clefable||SitrusBerry|Unaware|Moonblast,FollowMe,HelpingHand,Protect|Bold||M|||50|
|showteam|p2|Eelektross||Eelektrossite|Levitate|GigaDrain,Protect,Electroweb,Flamethrower|Modest||F|||50|]Charizard||Charcoal|Blaze|Protect,Overheat,SolarBeam,HeatWave|Modest||F|||50|]Sinistcha||Leftovers|Hospitality|MatchaGotcha,ShadowBall,LifeDew,RagePowder|Timid|||||50|]Garchomp||LifeOrb|RoughSkin|Earthquake,DragonClaw,RockSlide,Protect|Adamant||F|||50|]Basculegion||ShellBell|Adaptability|WaveCrash,AquaJet,PhantomForce,LastRespects|Adamant||M|||50|]Whimsicott||FocusSash|Prankster|Encore,DazzlingGleam,SunnyDay,Tailwind|Timid||M|||50|
|j| mii_miim
|l|â˜†Alfaceb
|player|p1|
|j|â˜†Alfaceb
|player|p1|Alfaceb|pokefan|
|
|t:|1783026021
|teamsize|p1|4
|teamsize|p2|4
|start
|switch|p1a: Aerodactyl|Aerodactyl, L50, F, shiny|100/100
|switch|p1b: Kangaskhan|Kangaskhan, L50, F|100/100
|switch|p2a: Garchomp|Garchomp, L50, F|100/100
|switch|p2b: Eelektross|Eelektross, L50, F, shiny|100/100
|-ability|p1a: Aerodactyl|Unnerve
|turn|1
|l|â˜†Alfaceb
|player|p1|
|j|â˜†Alfaceb
|player|p1|Alfaceb|pokefan|
|
|t:|1783026046
|detailschange|p2b: Eelektross|Eelektross-Mega, L50, F, shiny
|-mega|p2b: Eelektross|Eelektross|Eelektrossite
|move|p1b: Kangaskhan|Fake Out|p2b: Eelektross
|-damage|p2b: Eelektross|69/100
|move|p1a: Aerodactyl|Tailwind|p1a: Aerodactyl
|-sidestart|p1: Alfaceb|move: Tailwind
|move|p2a: Garchomp|Rock Slide|p1b: Kangaskhan|[spread] p1b
|-miss|p2a: Garchomp|p1a: Aerodactyl
|-damage|p1b: Kangaskhan|68/100
|-damage|p2a: Garchomp|90/100|[from] item: Life Orb
|cant|p2b: Eelektross|flinch
|
|upkeep
|turn|2
|l|â˜†Alfaceb
|player|p1|
|j|â˜†Alfaceb
|player|p1|Alfaceb|pokefan|
|
|t:|1783026071
|switch|p1a: Clefable|Clefable, L50, M|100/100
|move|p1b: Kangaskhan|Last Resort|p2b: Eelektross
|-damage|p2b: Eelektross|0 fnt
|faint|p2b: Eelektross
|move|p2a: Garchomp|Rock Slide|p1a: Clefable|[spread] p1a,p1b
|-damage|p1a: Clefable|76/100
|-damage|p1b: Kangaskhan|37/100
|-damage|p2a: Garchomp|80/100|[from] item: Life Orb
|
|upkeep
|l|â˜†Alfaceb
|player|p1|
|
|t:|1783026086
|switch|p2b: Whimsicott|Whimsicott, L50, M|100/100
|turn|3
|j|â˜†Alfaceb
|player|p1|Alfaceb|pokefan|
|
|t:|1783026112
|move|p1b: Kangaskhan|Last Resort|p2b: Whimsicott
|-enditem|p2b: Whimsicott|Focus Sash
|-damage|p2b: Whimsicott|1/100
|move|p1a: Clefable|Moonblast|p2b: Whimsicott
|-damage|p2b: Whimsicott|0 fnt
|faint|p2b: Whimsicott
|move|p2a: Garchomp|Rock Slide|p1b: Kangaskhan|[spread] p1a,p1b
|-damage|p1a: Clefable|52/100
|-damage|p1b: Kangaskhan|2/100
|-damage|p2a: Garchomp|70/100|[from] item: Life Orb
|
|upkeep
|
|t:|1783026123
|switch|p2b: Sinistcha|Sinistcha, L50|100/100
|-heal|p2a: Garchomp|95/100|[from] ability: Hospitality|[of] p2b: Sinistcha
|turn|4
|
|t:|1783026143
|move|p1a: Clefable|Helping Hand|p1b: Kangaskhan
|-singleturn|p1b: Kangaskhan|Helping Hand|[of] p1a: Clefable
|move|p2b: Sinistcha|Rage Powder|p2b: Sinistcha
|-singleturn|p2b: Sinistcha|move: Rage Powder
|move|p1b: Kangaskhan|Last Resort|p2b: Sinistcha
|-damage|p2b: Sinistcha|0 fnt
|faint|p2b: Sinistcha
|move|p2a: Garchomp|Rock Slide|p1b: Kangaskhan|[spread] p1a,p1b
|-damage|p1a: Clefable|29/100
|-damage|p1b: Kangaskhan|0 fnt
|-enditem|p1a: Clefable|Sitrus Berry|[eat]
|-heal|p1a: Clefable|53/100|[from] item: Sitrus Berry
|faint|p1b: Kangaskhan
|-damage|p2a: Garchomp|85/100|[from] item: Life Orb
|
|-sideend|p1: Alfaceb|move: Tailwind
|upkeep
|l|â˜†Alfaceb
|player|p1|
|j|â˜†Alfaceb
|player|p1|Alfaceb|pokefan|
|
|t:|1783026167
|switch|p1b: Aerodactyl|Aerodactyl, L50, F, shiny|100/100
|-ability|p1b: Aerodactyl|Unnerve
|turn|5
|
|t:|1783026176
|move|p1b: Aerodactyl|Tailwind|p1b: Aerodactyl
|-sidestart|p1: Alfaceb|move: Tailwind
|move|p1a: Clefable|Moonblast|p2a: Garchomp
|-supereffective|p2a: Garchomp|1
|-damage|p2a: Garchomp|18/100
|move|p2a: Garchomp|Rock Slide|p1b: Aerodactyl|[spread] p1a
|-miss|p2a: Garchomp|p1b: Aerodactyl
|-damage|p1a: Clefable|30/100
|-damage|p2a: Garchomp|8/100|[from] item: Life Orb
|
|upkeep
|turn|6
|
|t:|1783026189
|move|p1b: Aerodactyl|Protect|p1b: Aerodactyl
|-singleturn|p1b: Aerodactyl|Protect
|move|p1a: Clefable|Moonblast|p2a: Garchomp
|-supereffective|p2a: Garchomp|1
|-damage|p2a: Garchomp|0 fnt
|faint|p2a: Garchomp
|
|win|Alfaceb
|raw|Alfaceb's rating: 1060 → 1086(+26 for winning)
|raw|SpinySpino's rating: 1000 → 1000(+0 for losing)
|c|â˜†Alfaceb|Gg
|l|â˜†SpinySpino
|player|p2|
|l|â˜†Alfaceb
|player|p1|
|l| mii_miim
|j|â˜†Alfaceb
|player|p1|Alfaceb|pokefan|
|l|â˜†Alfaceb
|player|p1|
|j|â˜†Alfaceb
|player|p1|Alfaceb|pokefan|
