|j|☆fumomarlboro
|j|☆DragoniteMega149
|html|fumomarlboroDragoniteMega149    
|uhtml|bestof|Game 3 of a best-of-3
|t:|1756168047
|gametype|doubles
|player|p1|fumomarlboro|2|1190
|player|p2|DragoniteMega149|red-lgpe|1172
|gen|9
|tier|[Gen 9] VGC 2025 Reg H (Bo3)
|rated|
|rule|Species Clause: Limit one of each Pokémon
|rule|Item Clause: Limit 1 of each item
|clearpoke
|poke|p1|Archaludon, L50, F|
|poke|p1|Dragonite, L50, M|
|poke|p1|Pelipper, L50, M|
|poke|p1|Ursaluna, L50, M|
|poke|p1|Sinistcha, L50|
|poke|p1|Gholdengo, L50|
|poke|p2|Sneasler, L50, F|
|poke|p2|Indeedee, L50, M|
|poke|p2|Dragonite, L50, M|
|poke|p2|Incineroar, L50, M|
|poke|p2|Electabuzz, L50, M|
|poke|p2|Ursaluna-Bloodmoon, L50, M|
|teampreview|4
|showteam|p1|Archaludon||AssaultVest|Stamina|FlashCannon,BodyPress,ElectroShot,Snarl|||F|||50|,,,,,Fighting]Dragonite||LoadedDice|Multiscale|ScaleShot,Tailwind,Haze,Protect|||M|||50|,,,,,Fairy]Pelipper||FocusSash|Drizzle|MuddyWater,Hurricane,Tailwind,Protect|||M|||50|,,,,,Ghost]Ursaluna||FlameOrb|Guts|Facade,HeadlongRush,Earthquake,Protect|||M|||50|,,,,,Ghost]Sinistcha||SitrusBerry|Hospitality|MatchaGotcha,LifeDew,RagePowder,TrickRoom||||||50|,,,,,Dark]Gholdengo||ChoiceScarf|GoodasGold|MakeItRain,ShadowBall,Trick,Protect||||||50|,,,,,Flying
|showteam|p2|Sneasler||PsychicSeed|Unburden|DireClaw,CloseCombat,Protect,ThroatChop|||F|||50|,,,,,Dark]Indeedee||FocusSash|PsychicSurge|Imprison,Protect,ExpandingForce,TrickRoom|||M|||50|,,,,,Psychic]Dragonite||LoadedDice|Multiscale|ScaleShot,Tailwind,Haze,Protect|||M|||50|,,,,,Fairy]Incineroar||SafetyGoggles|Intimidate|FakeOut,FlareBlitz,KnockOff,PartingShot|||M|||50|,,,,,Ghost]Electabuzz||Eviolite|VitalSpirit|FollowMe,Electroweb,Taunt,Protect|||M|||50|,,,,,Fairy]Ursaluna-Bloodmoon||LifeOrb|MindsEye|BloodMoon,HyperVoice,EarthPower,Protect|||M|||50|,,,,,Normal
|
|t:|1756168058
|teamsize|p1|4
|teamsize|p2|4
|start
|switch|p1a: Ursaluna|Ursaluna, L50, M|100/100
|switch|p1b: Dragonite|Dragonite, L50, M|100/100
|switch|p2a: Electabuzz|Electabuzz, L50, M|100/100
|switch|p2b: Ursaluna|Ursaluna-Bloodmoon, L50, M|100/100
|turn|1
|inactive|Battle timer is ON: inactive players will automatically lose when time's up. (requested by fumomarlboro)
|
|t:|1756168073
|-terastallize|p2b: Ursaluna|Normal
|move|p1b: Dragonite|Protect|p1b: Dragonite
|-singleturn|p1b: Dragonite|Protect
|move|p2a: Electabuzz|Electroweb|p1b: Dragonite|[spread] 
|-activate|p1b: Dragonite|move: Protect
|-immune|p1a: Ursaluna
|move|p2b: Ursaluna|Hyper Voice|p1b: Dragonite|[spread] p1a
|-activate|p1b: Dragonite|move: Protect
|-damage|p1a: Ursaluna|33/100
|-damage|p2b: Ursaluna|91/100|[from] item: Life Orb
|move|p1a: Ursaluna|Earthquake|p2a: Electabuzz|[spread] p2a,p2b
|-activate|p1b: Dragonite|move: Protect
|-supereffective|p2a: Electabuzz
|-damage|p2a: Electabuzz|10/100
|-damage|p2b: Ursaluna|51/100
|
|-status|p1a: Ursaluna|brn|[from] item: Flame Orb
|upkeep
|turn|2
|inactive|fumomarlboro has 30 seconds left.
|
|t:|1756168101
|switch|p1b: Sinistcha|Sinistcha, L50|100/100
|-heal|p1a: Ursaluna|58/100 brn|[from] ability: Hospitality|[of] p1b: Sinistcha
|move|p2a: Electabuzz|Electroweb|p1a: Ursaluna|[spread] p1b
|-immune|p1a: Ursaluna
|-resisted|p1b: Sinistcha
|-damage|p1b: Sinistcha|95/100
|-unboost|p1b: Sinistcha|spe|1
|move|p2b: Ursaluna|Hyper Voice|p1a: Ursaluna|[spread] p1a,p1b
|-damage|p1a: Ursaluna|0 fnt
|-damage|p1b: Sinistcha|37/100
|-enditem|p1b: Sinistcha|Sitrus Berry|[eat]
|-heal|p1b: Sinistcha|62/100|[from] item: Sitrus Berry
|faint|p1a: Ursaluna
|-damage|p2b: Ursaluna|42/100|[from] item: Life Orb
|
|upkeep
|
|t:|1756168116
|switch|p1a: Gholdengo|Gholdengo, L50|100/100
|turn|3
|
|t:|1756168139
|move|p2a: Electabuzz|Protect|p2a: Electabuzz
|-singleturn|p2a: Electabuzz|Protect
|move|p1a: Gholdengo|Make It Rain|p2b: Ursaluna|[spread] p2b
|-activate|p2a: Electabuzz|move: Protect
|-damage|p2b: Ursaluna|0 fnt
|-unboost|p1a: Gholdengo|spa|1
|faint|p2b: Ursaluna
|move|p1b: Sinistcha|Trick Room|p1b: Sinistcha
|-fieldstart|move: Trick Room|[of] p1b: Sinistcha
|
|upkeep
|
|t:|1756168151
|switch|p2b: Sneasler|Sneasler, L50, F|100/100
|turn|4
|
|t:|1756168173
|switch|p1b: Dragonite|Dragonite, L50, M|100/100
|switch|p2a: Indeedee|Indeedee, L50, M|100/100
|-fieldstart|move: Psychic Terrain|[from] ability: Psychic Surge|[of] p2a: Indeedee
|-enditem|p2b: Sneasler|Psychic Seed
|-boost|p2b: Sneasler|spd|1|[from] item: Psychic Seed
|move|p1a: Gholdengo|Make It Rain|p2a: Indeedee|[spread] p2a,p2b
|-damage|p2a: Indeedee|54/100
|-damage|p2b: Sneasler|66/100
|-unboost|p1a: Gholdengo|spa|1
|move|p2b: Sneasler|Dire Claw|p1b: Dragonite
|-damage|p1b: Dragonite|75/100
|
|upkeep
|turn|5
|inactive|fumomarlboro has 30 seconds left.
|inactive|DragoniteMega149 has 30 seconds left.
|
|t:|1756168200
|switch|p1a: Sinistcha|Sinistcha, L50|62/100
|-heal|p1b: Dragonite|99/100|[from] ability: Hospitality|[of] p1a: Sinistcha
|move|p1b: Dragonite|Scale Shot|p2a: Indeedee
|-damage|p2a: Indeedee|20/100
|-damage|p2a: Indeedee|0 fnt
|faint|p2a: Indeedee
|-hitcount|p2: Indeedee|2
|-unboost|p1b: Dragonite|def|1
|-boost|p1b: Dragonite|spe|1
|move|p2b: Sneasler|Dire Claw|p1b: Dragonite
|-damage|p1b: Dragonite|18/100
|
|upkeep
|
|t:|1756168202
|switch|p2a: Electabuzz|Electabuzz, L50, M|10/100
|turn|6
|inactive|fumomarlboro has 30 seconds left.
|
|t:|1756168229
|move|p2a: Electabuzz|Protect|p2a: Electabuzz
|-singleturn|p2a: Electabuzz|Protect
|move|p1a: Sinistcha|Matcha Gotcha|p2a: Electabuzz|[spread] p2b
|-activate|p2a: Electabuzz|move: Protect
|-resisted|p2b: Sneasler
|-damage|p2b: Sneasler|54/100
|-heal|p1a: Sinistcha|67/100|[from] drain|[of] p2b: Sneasler
|move|p1b: Dragonite|Scale Shot|p2b: Sneasler
|-damage|p2b: Sneasler|28/100
|-damage|p2b: Sneasler|3/100
|-damage|p2b: Sneasler|0 fnt
|faint|p2b: Sneasler
|-hitcount|p2: Sneasler|3
|-unboost|p1b: Dragonite|def|1
|-boost|p1b: Dragonite|spe|1
|
|upkeep
|turn|7
|-message|DragoniteMega149 forfeited.
|
|win|fumomarlboro
|raw|fumomarlboro's rating: 1190 → 1214(+24 for winning)
|raw|DragoniteMega149's rating: 1172 → 1148(-24 for losing)
|l|☆DragoniteMega149
|player|p2|
|j|☆DragoniteMega149
|player|p2|DragoniteMega149|red-lgpe|
