|j|☆Chandeliere
|j|☆Dametrix
|html|ChandeliereDametrix    
|uhtml|bestof|Game 3 of a best-of-3
|t:|1756514109
|gametype|doubles
|player|p1|Chandeliere|ethan|1193
|player|p2|Dametrix|caitlin|1219
|gen|9
|tier|[Gen 9] VGC 2025 Reg H (Bo3)
|rated|
|rule|Species Clause: Limit one of each Pokémon
|rule|Item Clause: Limit 1 of each item
|clearpoke
|poke|p1|Incineroar, L50, M|
|poke|p1|Dragonite, L50, F|
|poke|p1|Porygon2, L50|
|poke|p1|Ursaluna-Bloodmoon, L50, M|
|poke|p1|Ninetales-Alola, L50, F|
|poke|p1|Annihilape, L50, F|
|poke|p2|Gardevoir, L50, M|
|poke|p2|Indeedee, L50, M|
|poke|p2|Sneasler, L50, M|
|poke|p2|Tyranitar, L50, F|
|poke|p2|Excadrill, L50, F|
|poke|p2|Salamence, L50, F|
|teampreview|4
|showteam|p1|Incineroar||ChopleBerry|Intimidate|FlareBlitz,KnockOff,FakeOut,PartingShot|||M|||50|,,,,,Grass]Dragonite||LoadedDice|Multiscale|ScaleShot,Tailwind,Haze,Protect|||F|||50|,,,,,Steel]Porygon2||Eviolite|Download|TeraBlast,IceBeam,Recover,TrickRoom||||||50|,,,,,Fighting]Ursaluna-Bloodmoon||AssaultVest|MindsEye|HyperVoice,BloodMoon,VacuumWave,EarthPower|||M|||50|,,,,,Water]Ninetales-Alola||LightClay|SnowWarning|IcicleSpear,Encore,IcyWind,AuroraVeil|||F|||50|,,,,,Ghost]Annihilape||SafetyGoggles|Defiant|DrainPunch,RageFist,BulkUp,Protect|||F|||50|,,,,,Fire
|showteam|p2|Gardevoir||ChoiceScarf|Telepathy|ExpandingForce,DazzlingGleam,Moonblast,Trick|||M|||50|,,,,,Psychic]Indeedee||FocusSash|PsychicSurge|ExpandingForce,TeraBlast,TrickRoom,Imprison|||M|||50|,,,,,Fighting]Sneasler||PsychicSeed|Unburden|CloseCombat,DireClaw,ThroatChop,Protect|||M|||50|,,,,,Stellar]Tyranitar||AssaultVest|SandStream|RockSlide,KnockOff,LowKick,TeraBlast|||F|||50|,,,,,Flying]Excadrill||ClearAmulet|SandRush|Earthquake,RockSlide,HighHorsepower,Protect|||F|||50|,,,,,Ghost]Salamence||SafetyGoggles|Intimidate|DracoMeteor,AirSlash,HeatWave,Protect|||F|||50|,,,,,Fairy
|inactive|Battle timer is ON: inactive players will automatically lose when time's up. (requested by Dametrix)
|inactive|Chandeliere has 60 seconds left.
|
|t:|1756514161
|teamsize|p1|4
|teamsize|p2|4
|start
|switch|p1a: Incineroar|Incineroar, L50, M|100/100
|switch|p1b: Annihilape|Annihilape, L50, F|100/100
|switch|p2a: Indeedee|Indeedee, L50, M|100/100
|switch|p2b: Tyranitar|Tyranitar, L50, F|100/100
|-fieldstart|move: Psychic Terrain|[from] ability: Psychic Surge|[of] p2a: Indeedee
|-ability|p1a: Incineroar|Intimidate|boost
|-unboost|p2a: Indeedee|atk|1
|-unboost|p2b: Tyranitar|atk|1
|-weather|Sandstorm|[from] ability: Sand Stream|[of] p2b: Tyranitar
|turn|1
|inactive|Chandeliere has 30 seconds left.
|inactive|Dametrix has 30 seconds left.
|inactive|Dametrix has 20 seconds left.
|
|t:|1756514198
|-terastallize|p2a: Indeedee|Fighting
|move|p1b: Annihilape|Protect|p1b: Annihilape
|-singleturn|p1b: Annihilape|Protect
|move|p2a: Indeedee|Tera Blast|p1a: Incineroar|[anim] Tera Blast Fighting
|-supereffective|p1a: Incineroar
|-enditem|p1a: Incineroar|Chople Berry|[eat]
|-enditem|p1a: Incineroar|Chople Berry|[weaken]
|-damage|p1a: Incineroar|66/100
|move|p1a: Incineroar|Parting Shot|p2a: Indeedee
|-unboost|p2a: Indeedee|atk|1
|-unboost|p2a: Indeedee|spa|1
|
|t:|1756514208
|switch|p1a: Ursaluna|Ursaluna-Bloodmoon, L50, M|100/100|[from] Parting Shot
|move|p2b: Tyranitar|Rock Slide|p1a: Ursaluna|[spread] p1a
|-activate|p1b: Annihilape|move: Protect
|-resisted|p1a: Ursaluna
|-damage|p1a: Ursaluna|94/100
|
|-weather|Sandstorm|[upkeep]
|-damage|p2a: Indeedee|95/100|[from] Sandstorm
|upkeep
|turn|2
|inactive|Chandeliere has 30 seconds left.
|
|t:|1756514239
|switch|p1b: Incineroar|Incineroar, L50, M|66/100
|-ability|p1b: Incineroar|Intimidate|boost
|-unboost|p2a: Indeedee|atk|1
|-unboost|p2b: Tyranitar|atk|1
|-terastallize|p1a: Ursaluna|Water
|move|p2a: Indeedee|Expanding Force|p1a: Ursaluna|[spread] p1a
|-immune|p1b: Incineroar
|-damage|p1a: Ursaluna|64/100
|move|p2b: Tyranitar|Low Kick|p1a: Ursaluna
|-damage|p1a: Ursaluna|49/100
|move|p1a: Ursaluna|Earth Power|p2b: Tyranitar
|-supereffective|p2b: Tyranitar
|-damage|p2b: Tyranitar|58/100
|
|-weather|Sandstorm|[upkeep]
|-damage|p2a: Indeedee|89/100|[from] Sandstorm
|-damage|p1b: Incineroar|60/100|[from] Sandstorm
|-damage|p1a: Ursaluna|42/100|[from] Sandstorm
|upkeep
|turn|3
|inactive|Chandeliere has 30 seconds left.
|inactive|Chandeliere has 20 seconds left.
|inactive|Chandeliere has 15 seconds left.
|
|t:|1756514280
|switch|p2a: Gardevoir|Gardevoir, L50, M|100/100
|move|p1b: Incineroar|Flare Blitz|p2a: Gardevoir
|-damage|p2a: Gardevoir|4/100
|-damage|p1b: Incineroar|37/100|[from] Recoil
|move|p2b: Tyranitar|Rock Slide|p1a: Ursaluna|[spread] p1a,p1b
|-supereffective|p1b: Incineroar
|-damage|p1a: Ursaluna|31/100
|-damage|p1b: Incineroar|9/100
|move|p1a: Ursaluna|Earth Power|p2b: Tyranitar
|-supereffective|p2b: Tyranitar
|-damage|p2b: Tyranitar|14/100
|
|-weather|Sandstorm|[upkeep]
|-damage|p2a: Gardevoir|0 fnt|[from] Sandstorm
|-damage|p1b: Incineroar|3/100|[from] Sandstorm
|-damage|p1a: Ursaluna|25/100|[from] Sandstorm
|faint|p2a: Gardevoir
|upkeep
|
|t:|1756514297
|switch|p2a: Excadrill|Excadrill, L50, F|100/100
|turn|4
|inactive|Chandeliere has 30 seconds left.
|
|t:|1756514323
|move|p2a: Excadrill|Rock Slide|p1b: Incineroar|[spread] p1a,p1b
|-supereffective|p1b: Incineroar
|-damage|p1a: Ursaluna|10/100
|-damage|p1b: Incineroar|0 fnt
|faint|p1b: Incineroar
|move|p2b: Tyranitar|Knock Off|p1a: Ursaluna
|-damage|p1a: Ursaluna|0 fnt
|-enditem|p1a: Ursaluna|Assault Vest|[from] move: Knock Off|[of] p2b: Tyranitar
|faint|p1a: Ursaluna
|
|-weather|Sandstorm|[upkeep]
|upkeep
|
|t:|1756514332
|switch|p1b: Annihilape|Annihilape, L50, F|100/100
|switch|p1a: Dragonite|Dragonite, L50, F|100/100
|turn|5
|inactive|Dametrix has 30 seconds left.
|inactive|Dametrix has 20 seconds left.
|inactive|Dametrix has 15 seconds left.
|inactive|Dametrix has 10 seconds left.
|inactive|Dametrix has 5 seconds left.
|
|t:|1756514387
|move|p2a: Excadrill|Earthquake|p1b: Annihilape|[spread] p2b,p1b
|-immune|p1a: Dragonite
|-supereffective|p2b: Tyranitar
|-damage|p2b: Tyranitar|0 fnt
|-damage|p1b: Annihilape|57/100
|faint|p2b: Tyranitar
|move|p1b: Annihilape|Drain Punch|p2a: Excadrill
|-supereffective|p2a: Excadrill
|-damage|p2a: Excadrill|12/100
|-heal|p1b: Annihilape|97/100|[from] drain|[of] p2a: Excadrill
|move|p1a: Dragonite|Tailwind|p1a: Dragonite
|-sidestart|p1: Chandeliere|move: Tailwind
|
|-weather|none
|-fieldend|move: Psychic Terrain
|upkeep
|
|t:|1756514394
|switch|p2b: Indeedee|Indeedee, L50, M, tera:Fighting|89/100
|-fieldstart|move: Psychic Terrain|[from] ability: Psychic Surge|[of] p2b: Indeedee
|turn|6
|
|t:|1756514412
|move|p1b: Annihilape|Rage Fist|p2b: Indeedee
|-damage|p2b: Indeedee|7/100
|move|p1a: Dragonite|Scale Shot|p2b: Indeedee
|-damage|p2b: Indeedee|0 fnt
|faint|p2b: Indeedee
|-hitcount|p2: Indeedee|1
|-unboost|p1a: Dragonite|def|1
|-boost|p1a: Dragonite|spe|1
|move|p2a: Excadrill|Rock Slide|p1a: Dragonite|[spread] p1a,p1b
|-supereffective|p1a: Dragonite
|-crit|p1a: Dragonite
|-resisted|p1b: Annihilape
|-damage|p1a: Dragonite|49/100
|-damage|p1b: Annihilape|86/100
|
|upkeep
|turn|7
|inactive|Dametrix has 30 seconds left.
|inactive|Dametrix has 20 seconds left.
|
|t:|1756514451
|move|p1a: Dragonite|Scale Shot|p2a: Excadrill
|-resisted|p2a: Excadrill
|-damage|p2a: Excadrill|2/100
|-resisted|p2a: Excadrill
|-damage|p2a: Excadrill|0 fnt
|faint|p2a: Excadrill
|-hitcount|p2: Excadrill|2
|
|win|Chandeliere
|raw|Chandeliere's rating: 1193 → 1220(+27 for winning)
|raw|Dametrix's rating: 1219 → 1192(-27 for losing)
|l|☆Dametrix
|player|p2|
|c|☆Chandeliere|gg
