|j|☆prefessional
|j|☆Chandeliere
|html|prefessionalChandeliere    
|uhtml|bestof|Game 2 of a best-of-3
|t:|1756880806
|gametype|doubles
|player|p1|prefessional|102|1128
|player|p2|Chandeliere|ethan|1208
|gen|9
|tier|[Gen 9] VGC 2025 Reg H (Bo3)
|rated|
|rule|Species Clause: Limit one of each Pokémon
|rule|Item Clause: Limit 1 of each item
|clearpoke
|poke|p1|Talonflame, L50, F|
|poke|p1|Garchomp, L50, F|
|poke|p1|Gholdengo, L50|
|poke|p1|Gyarados, L50, F|
|poke|p1|Annihilape, L50, M|
|poke|p1|Rillaboom, L50, M|
|poke|p2|Ninetales-Alola, L50, M|
|poke|p2|Gholdengo, L50|
|poke|p2|Garchomp, L50, F|
|poke|p2|Incineroar, L50, M|
|poke|p2|Sneasler, L50, M|
|poke|p2|Dragonite, L50, M|
|teampreview|4
|showteam|p1|Talonflame||CovertCloak|GaleWings|Tailwind,BraveBird,FlareBlitz,Protect|||F|||50|,,,,,Ghost]Garchomp||ClearAmulet|RoughSkin|Earthquake,DragonClaw,StompingTantrum,Protect|||F|||50|,,,,,Ground]Gholdengo||LifeOrb|GoodasGold|MakeItRain,ShadowBall,Thunderbolt,Protect||||||50|,,,,,Steel]Gyarados||SafetyGoggles|Intimidate|Waterfall,Taunt,ThunderWave,Protect|||F|||50|,,,,,Water]Annihilape||FocusSash|Defiant|RageFist,CloseCombat,FinalGambit,BulkUp|||M|||50|,,,,,Flying]Rillaboom||AssaultVest|GrassySurge|FakeOut,GrassyGlide,WoodHammer,Uturn|||M|||50|,,,,,Water
|showteam|p2|Ninetales-Alola||LightClay|SnowWarning|AuroraVeil,Blizzard,FreezeDry,Protect|||M|||50|,,,,,Ghost]Gholdengo||LifeOrb|GoodasGold|MakeItRain,ShadowBall,NastyPlot,Protect||||||50|,,,,,Water]Garchomp||ClearAmulet|RoughSkin|Earthquake,StompingTantrum,DragonClaw,Protect|||F|||50|,,,,,Ground]Incineroar||AssaultVest|Intimidate|FakeOut,KnockOff,FlareBlitz,Uturn|||M|||50|,,,,,Grass]Sneasler||WhiteHerb|Unburden|Coaching,CloseCombat,DireClaw,Protect|||M|||50|,,,,,Ghost]Dragonite||LoadedDice|Multiscale|ScaleShot,Haze,Tailwind,Protect|||M|||50|,,,,,Fairy
|
|t:|1756880871
|teamsize|p1|4
|teamsize|p2|4
|start
|switch|p1a: Garchomp|Garchomp, L50, F|100/100
|switch|p1b: Gholdengo|Gholdengo, L50|100/100
|switch|p2a: Ninetales|Ninetales-Alola, L50, M|100/100
|switch|p2b: Incineroar|Incineroar, L50, M|100/100
|-weather|Snowscape|[from] ability: Snow Warning|[of] p2a: Ninetales
|-ability|p2b: Incineroar|Intimidate|boost
|-fail|p1a: Garchomp|unboost|[from] item: Clear Amulet|[of] p1a: Garchomp
|-unboost|p1b: Gholdengo|atk|1
|turn|1
|
|t:|1756880921
|-terastallize|p2a: Ninetales|Ghost
|move|p1a: Garchomp|Protect|p1a: Garchomp
|-singleturn|p1a: Garchomp|Protect
|move|p2a: Ninetales|Aurora Veil|p2a: Ninetales
|-sidestart|p2: Chandeliere|move: Aurora Veil
|move|p1b: Gholdengo|Make It Rain|p2a: Ninetales|[spread] p2a,p2b
|-resisted|p2b: Incineroar
|-damage|p2a: Ninetales|54/100
|-damage|p2b: Incineroar|88/100
|-unboost|p1b: Gholdengo|spa|1
|-damage|p1b: Gholdengo|91/100|[from] item: Life Orb
|move|p2b: Incineroar|Flare Blitz|p1b: Gholdengo
|-supereffective|p1b: Gholdengo
|-damage|p1b: Gholdengo|0 fnt
|faint|p1b: Gholdengo
|-damage|p2b: Incineroar|63/100|[from] Recoil
|
|-weather|Snowscape|[upkeep]
|upkeep
|
|t:|1756880945
|switch|p1b: Talonflame|Talonflame, L50, F|100/100
|turn|2
|
|t:|1756880963
|-terastallize|p1a: Garchomp|Ground
|move|p1b: Talonflame|Tailwind|p1b: Talonflame
|-sidestart|p1: prefessional|move: Tailwind
|move|p1a: Garchomp|Earthquake|p2a: Ninetales|[spread] p2a,p2b
|-immune|p1b: Talonflame
|-supereffective|p2b: Incineroar
|-damage|p2a: Ninetales|9/100
|-damage|p2b: Incineroar|9/100
|move|p2a: Ninetales|Blizzard|p1b: Talonflame|[spread] p1a,p1b
|-supereffective|p1a: Garchomp
|-crit|p1a: Garchomp
|-damage|p1a: Garchomp|22/100
|-damage|p1b: Talonflame|61/100
|move|p2b: Incineroar|U-turn|p1b: Talonflame
|-resisted|p1b: Talonflame
|-damage|p1b: Talonflame|53/100
|
|t:|1756880979
|switch|p2b: Garchomp|Garchomp, L50, F|100/100|[from] U-turn
|
|-weather|Snowscape|[upkeep]
|upkeep
|turn|3
|
|t:|1756881001
|switch|p2b: Incineroar|Incineroar, L50, M|9/100
|-ability|p2b: Incineroar|Intimidate|boost
|-fail|p1a: Garchomp|unboost|[from] item: Clear Amulet|[of] p1a: Garchomp
|-unboost|p1b: Talonflame|atk|1
|move|p2a: Ninetales|Protect|p2a: Ninetales
|-singleturn|p2a: Ninetales|Protect
|move|p1b: Talonflame|Brave Bird|p2a: Ninetales
|-activate|p2a: Ninetales|move: Protect
|move|p1a: Garchomp|Dragon Claw|p2b: Incineroar
|-damage|p2b: Incineroar|0 fnt
|faint|p2b: Incineroar
|
|-weather|Snowscape|[upkeep]
|upkeep
|
|t:|1756881019
|switch|p2b: Sneasler|Sneasler, L50, M|100/100
|turn|4
|
|t:|1756881033
|switch|p2a: Garchomp|Garchomp, L50, F|100/100
|move|p2b: Sneasler|Protect|p2b: Sneasler
|-singleturn|p2b: Sneasler|Protect
|move|p1b: Talonflame|Brave Bird|p2b: Sneasler
|-activate|p2b: Sneasler|move: Protect
|move|p1a: Garchomp|Earthquake|p2b: Sneasler|[spread] p2a
|-activate|p2b: Sneasler|move: Protect
|-immune|p1b: Talonflame
|-damage|p2a: Garchomp|66/100
|
|-weather|Snowscape|[upkeep]
|upkeep
|turn|5
|
|t:|1756881067
|switch|p1a: Annihilape|Annihilape, L50, M|100/100
|move|p1b: Talonflame|Brave Bird|p2b: Sneasler
|-supereffective|p2b: Sneasler
|-damage|p2b: Sneasler|44/100
|-damage|p1b: Talonflame|33/100|[from] Recoil
|move|p2b: Sneasler|Close Combat|p1a: Annihilape
|-immune|p1a: Annihilape
|move|p2a: Garchomp|Dragon Claw|p1b: Talonflame
|-damage|p1b: Talonflame|0 fnt
|faint|p1b: Talonflame
|
|-weather|none
|-sideend|p1: prefessional|move: Tailwind
|upkeep
|
|t:|1756881080
|switch|p1b: Garchomp|Garchomp, L50, F, tera:Ground|22/100
|turn|6
|
|t:|1756881129
|move|p1b: Garchomp|Protect|p1b: Garchomp
|-singleturn|p1b: Garchomp|Protect
|move|p2b: Sneasler|Dire Claw|p1a: Annihilape
|-resisted|p1a: Annihilape
|-damage|p1a: Annihilape|80/100
|-status|p1a: Annihilape|par
|move|p2a: Garchomp|Dragon Claw|p1a: Annihilape
|-crit|p1a: Annihilape
|-damage|p1a: Annihilape|20/100 par
|move|p1a: Annihilape|Close Combat|p2a: Garchomp
|-damage|p2a: Garchomp|35/100
|-unboost|p1a: Annihilape|def|1
|-unboost|p1a: Annihilape|spd|1
|-damage|p1a: Annihilape|7/100 par|[from] ability: Rough Skin|[of] p2a: Garchomp
|
|upkeep
|turn|7
|-message|prefessional forfeited.
|
|win|Chandeliere
|l|☆prefessional
|player|p1|
||Chandeliere is ready for game 3.
||prefessional is ready for game 3.
|uhtml|next|Next: Game 3 of 3
