|j|☆Uchiha_Gary
|j|☆TVegas
|html|Uchiha_GaryTVegas    
|uhtml|bestof|Game 2 of a best-of-3
|t:|1783638292
|gametype|doubles
|player|p1|Uchiha_Gary|blue|
|player|p2|TVegas|102|
|gen|9
|tier|[Gen 9 Champions] VGC 2026 Reg M-B (Bo3)
|rule|Species Clause: Limit one of each Pokémon
|rule|Item Clause: Limit 1 of each item
|clearpoke
|poke|p1|Gengar, L50, M, shiny|
|poke|p1|Scizor, L50, F|
|poke|p1|Sylveon, L50, F, shiny|
|poke|p1|Kangaskhan, L50, F|
|poke|p1|Arcanine-Hisui, L50, F|
|poke|p1|Vivillon-Fancy, L50, F|
|poke|p2|Samurott-Hisui, L50, M|
|poke|p2|Ninetales-Alola, L50, M, shiny|
|poke|p2|Crabominable, L50, M|
|poke|p2|Meowstic, L50, M|
|poke|p2|Corviknight, L50, F|
|poke|p2|Floette-Eternal, L50, F|
|teampreview|4
|showteam|p1|Gengar||Gengarite|CursedBody|SludgeBomb,ShadowBall,SludgeWave,Protect|Timid||M|||50|]Scizor||MetalCoat|Technician|Feint,BugBite,BulletPunch,BrickBreak|Adamant||F|||50|]Sylveon||SitrusBerry|Pixilate|HyperVoice,Yawn,QuickAttack,Protect|Sassy||F|||50|]Kangaskhan||SilkScarf|Scrappy|FakeOut,IcyWind,DoubleEdge,Protect|Adamant||F|||50|]Arcanine-Hisui||HardStone|RockHead|FlareBlitz,HeadSmash,PsychicFangs,Protect|Jolly||F|||50|]Vivillon-Fancy||FocusSash|FriendGuard|Tailwind,RagePowder,SleepPowder,PollenPuff|Timid||F|||50|
|showteam|p2|Samurott-Hisui||RoseliBerry|Sharpness|Protect,CeaselessEdge,AquaCutter,FlipTurn|Brave||M|||50|]Ninetales-Alola||LightClay|SnowWarning|Protect,AuroraVeil,Blizzard,DazzlingGleam|Timid||M|||50|]Crabominable||Crabominite|IronFist|Protect,MachPunch,DrainPunch,IcePunch|Brave||M|||50|]Meowstic||FocusSash|Prankster|TrickRoom,LightScreen,Reflect,Psychic|Sassy||M|||50|]Corviknight||Leftovers|MirrorArmor|Protect,BodyPress,IronDefense,Roost|Impish||F|||50|]Floette-Eternal||Floettite|FlowerVeil|Protect,CalmMind,DazzlingGleam,DrainingKiss|Modest||F|||50|
|j| Jslosh
|
|t:|1783638351
|teamsize|p1|4
|teamsize|p2|4
|start
|switch|p1a: Vivillon|Vivillon-Fancy, L50, F|100/100
|switch|p1b: Gengar|Gengar, L50, M, shiny|100/100
|switch|p2a: Excalibird|Corviknight, L50, F|100/100
|switch|p2b: Poe|Meowstic, L50, M|100/100
|turn|1
|
|t:|1783638376
|switch|p2a: Elsa|Ninetales-Alola, L50, M, shiny|100/100
|-weather|Snowscape|[from] ability: Snow Warning|[of] p2a: Elsa
|detailschange|p1b: Gengar|Gengar-Mega, L50, M, shiny
|-mega|p1b: Gengar|Gengar|Gengarite
|move|p1b: Gengar|Shadow Ball|p2b: Poe
|-supereffective|p2b: Poe|1
|-damage|p2b: Poe|12/100
|-unboost|p2b: Poe|spd|1
|move|p1a: Vivillon|Sleep Powder|p2a: Elsa|[miss]
|-miss|p1a: Vivillon|p2a: Elsa
|move|p2b: Poe|Psychic|p1b: Gengar
|-supereffective|p1b: Gengar|1
|-crit|p1b: Gengar
|-damage|p1b: Gengar|24/100
|
|-weather|Snowscape|[upkeep]
|upkeep
|turn|2
|
|t:|1783638413
|move|p2a: Elsa|Protect|p2a: Elsa
|-singleturn|p2a: Elsa|Protect
|move|p2b: Poe|Light Screen|p2b: Poe
|-sidestart|p2: TVegas|move: Light Screen
|move|p1b: Gengar|Sludge Wave|p2b: Poe|[spread] p1a,p2b
|-activate|p2a: Elsa|move: Protect
|-damage|p1a: Vivillon|24/100
|-damage|p2b: Poe|0 fnt
|faint|p2b: Poe
|move|p1a: Vivillon|Pollen Puff|p1b: Gengar
|-heal|p1b: Gengar|74/100
|
|-weather|Snowscape|[upkeep]
|upkeep
|
|t:|1783638432
|switch|p2b: Excalibird|Corviknight, L50, F|100/100
|turn|3
|
|t:|1783638474
|move|p1b: Gengar|Protect|p1b: Gengar
|-singleturn|p1b: Gengar|Protect
|move|p2a: Elsa|Blizzard|p1a: Vivillon|[spread] p1a
|-activate|p1b: Gengar|move: Protect
|-supereffective|p1a: Vivillon|1
|-damage|p1a: Vivillon|0 fnt
|faint|p1a: Vivillon
|move|p2b: Excalibird|Iron Defense|p2b: Excalibird
|-boost|p2b: Excalibird|def|2
|
|-weather|Snowscape|[upkeep]
|upkeep
|
|t:|1783638485
|switch|p1a: Arcanine|Arcanine-Hisui, L50, F|100/100
|turn|4
|
|t:|1783638522
|move|p2a: Elsa|Protect|p2a: Elsa
|-singleturn|p2a: Elsa|Protect
|move|p1b: Gengar|Sludge Bomb|p2a: Elsa
|-activate|p2a: Elsa|move: Protect
|move|p1a: Arcanine|Flare Blitz|p2b: Excalibird
|-supereffective|p2b: Excalibird|1
|-damage|p2b: Excalibird|54/100
|move|p2b: Excalibird|Body Press|p1a: Arcanine
|-supereffective|p1a: Arcanine|1
|-damage|p1a: Arcanine|0 fnt
|faint|p1a: Arcanine
|
|-weather|Snowscape|[upkeep]
|-heal|p2b: Excalibird|60/100|[from] item: Leftovers
|upkeep
|
|t:|1783638535
|switch|p1a: Kangaskhan|Kangaskhan, L50, F|100/100
|turn|5
|
|t:|1783638550
|move|p1a: Kangaskhan|Fake Out|p2b: Excalibird
|-resisted|p2b: Excalibird|1
|-damage|p2b: Excalibird|56/100
|move|p1b: Gengar|Sludge Bomb|p2a: Elsa
|-supereffective|p2a: Elsa|1
|-damage|p2a: Elsa|12/100
|move|p2a: Elsa|Blizzard|p1b: Gengar|[spread] p1a,p1b
|-damage|p1a: Kangaskhan|69/100
|-damage|p1b: Gengar|30/100
|cant|p2b: Excalibird|flinch
|
|-weather|none
|-heal|p2b: Excalibird|62/100|[from] item: Leftovers
|upkeep
|turn|6
|
|t:|1783638592
|move|p1a: Kangaskhan|Protect|p1a: Kangaskhan
|-singleturn|p1a: Kangaskhan|Protect
|move|p1b: Gengar|Sludge Bomb|p2a: Elsa
|-supereffective|p2a: Elsa|1
|-damage|p2a: Elsa|0 fnt
|faint|p2a: Elsa
|move|p2b: Excalibird|Body Press|p1a: Kangaskhan
|-activate|p1a: Kangaskhan|move: Protect
|
|-heal|p2b: Excalibird|68/100|[from] item: Leftovers
|-sideend|p2: TVegas|move: Light Screen
|upkeep
|
|t:|1783638603
|switch|p2a: Eugene|Crabominable, L50, M|100/100
|turn|7
|
|t:|1783638618
|detailschange|p2a: Eugene|Crabominable-Mega, L50, M
|-mega|p2a: Eugene|Crabominable|Crabominite
|move|p1b: Gengar|Sludge Bomb|p2a: Eugene
|-crit|p2a: Eugene
|-damage|p2a: Eugene|22/100
|move|p1a: Kangaskhan|Double-Edge|p2a: Eugene
|-damage|p2a: Eugene|0 fnt
|faint|p2a: Eugene
|-damage|p1a: Kangaskhan|63/100|[from] Recoil
|move|p2b: Excalibird|Body Press|p1a: Kangaskhan
|-supereffective|p1a: Kangaskhan|1
|-damage|p1a: Kangaskhan|0 fnt
|faint|p1a: Kangaskhan
|
|-heal|p2b: Excalibird|73/100|[from] item: Leftovers
|upkeep
|turn|8
|
|t:|1783638663
|move|p1b: Gengar|Shadow Ball|p2b: Excalibird
|-damage|p2b: Excalibird|25/100
|move|p2b: Excalibird|Body Press|p1b: Gengar
|-immune|p1b: Gengar
|
|-heal|p2b: Excalibird|31/100|[from] item: Leftovers
|upkeep
|turn|9
|c|☆Uchiha_Gary|brutal
|c|☆TVegas|yea that hurts
|c|☆TVegas|2 good battles gg
|c|☆Uchiha_Gary|crit didn't matter if that helps
|
|t:|1783638694
|move|p1b: Gengar|Shadow Ball|p2b: Excalibird
|-damage|p2b: Excalibird|0 fnt
|faint|p2b: Excalibird
|
|win|Uchiha_Gary
|c|☆TVegas|assumed it didn't
|c|☆Uchiha_Gary|yeah ggs fam
|l| Jslosh
