|j|☆sogreenitslime
|j|☆danilr5tdwl
|html|sogreenitslimedanilr5tdwl    
|uhtml|bestof|Game 2 of a best-of-3
|t:|1782579888
|gametype|doubles
|player|p1|sogreenitslime|pokemaniac|1090
|player|p2|danilr5tdwl|roxie|1140
|gen|9
|tier|[Gen 9 Champions] VGC 2026 Reg M-B (Bo3)
|rated|
|rule|Species Clause: Limit one of each Pokémon
|rule|Item Clause: Limit 1 of each item
|clearpoke
|poke|p1|Aerodactyl, L50, M|
|poke|p1|Rotom-Wash, L50|
|poke|p1|Sceptile, L50, F|
|poke|p1|Kingambit, L50, M|
|poke|p1|Sneasler, L50, M|
|poke|p1|Incineroar, L50, F|
|poke|p2|Pelipper, L50, F|
|poke|p2|Basculegion, L50, M|
|poke|p2|Swampert, L50, F|
|poke|p2|Archaludon, L50, F|
|poke|p2|Sinistcha-Masterpiece, L50|
|poke|p2|Sableye, L50, F|
|teampreview|4
|showteam|p1|Aerodactyl||Aerodactylite|Unnerve|Tailwind,RockSlide,DualWingbeat,Protect|Jolly||M|||50|]Rotom-Wash||ChoiceScarf|Levitate|VoltSwitch,Discharge,Electroweb,HydroPump|Timid|||||50|]Sceptile||Sceptilite|Overgrow|EnergyBall,EarthPower,DragonPulse,Protect|Timid||F|||50|]Kingambit||ChopleBerry|Defiant|KowtowCleave,SuckerPunch,IronHead,Protect|Adamant||M|||50|]Sneasler||WhiteHerb|Unburden|DireClaw,CloseCombat,FakeOut,Protect|Jolly||M|||50|]Incineroar||SitrusBerry|Intimidate|WillOWisp,FlareBlitz,PartingShot,FakeOut|Careful||F|||50|
|showteam|p2|Pelipper||DampRock|Drizzle|Tailwind,Hurricane,Protect,Uturn|Bold||F|||50|]Basculegion||ChoiceScarf|SwiftSwim|LastRespects,FlipTurn,WaveCrash,IceFang|Adamant||M|||50|]Swampert||Swampertite|Torrent|Protect,IcePunch,WaveCrash,StompingTantrum|Adamant||F|||50|]Archaludon||Leftovers|Stamina|FlashCannon,ElectroShot,Protect,AuraSphere|Quiet||F|||50|]Sinistcha-Masterpiece||KasibBerry|Hospitality|TrickRoom,MatchaGotcha,RagePowder,StrengthSap|Relaxed|||||50|]Sableye||RoseliBerry|Prankster|RainDance,FakeOut,Disable,Encore|Careful||F|||50|
|inactive|Battle timer is ON: inactive players will automatically lose when time's up. (requested by danilr5tdwl)
|
|t:|1782579915
|teamsize|p1|4
|teamsize|p2|4
|start
|switch|p1a: Sceptile|Sceptile, L50, F|100/100
|switch|p1b: Rotom|Rotom-Wash, L50|100/100
|switch|p2a: Sableye|Sableye, L50, F|100/100
|switch|p2b: Basculegion|Basculegion, L50, M|100/100
|turn|1
|
|t:|1782579933
|move|p1a: Sceptile|Protect|p1a: Sceptile
|-singleturn|p1a: Sceptile|Protect
|move|p2a: Sableye|Fake Out|p1b: Rotom
|-damage|p1b: Rotom|90/100
|cant|p1b: Rotom|flinch
|move|p2b: Basculegion|Flip Turn|p1b: Rotom
|-resisted|p1b: Rotom|1
|-damage|p1b: Rotom|71/100
|inactive|danilr5tdwl has 30 seconds left.
|
|t:|1782579961
|switch|p2b: Pelipper|Pelipper, L50, F|100/100|[from] Flip Turn
|-weather|RainDance|[from] ability: Drizzle|[of] p2b: Pelipper
|
|-weather|RainDance|[upkeep]
|upkeep
|turn|2
|
|t:|1782579974
|switch|p1a: Kingambit|Kingambit, L50, M|100/100
|move|p2b: Pelipper|Protect|p2b: Pelipper
|-singleturn|p2b: Pelipper|Protect
|move|p2a: Sableye|Encore|p1a: Kingambit
|-hint|Since gen 7, Dark is immune to Prankster moves.
|-immune|p1a: Kingambit
|move|p1b: Rotom|Hydro Pump|p2a: Sableye
|-damage|p2a: Sableye|15/100
|
|-weather|RainDance|[upkeep]
|upkeep
|turn|3
|
|t:|1782579999
|switch|p1b: Sneasler|Sneasler, L50, M|100/100
|move|p2a: Sableye|Disable||[still]
|-fail|p2a: Sableye
|move|p2b: Pelipper|U-turn|p1a: Kingambit
|-damage|p1a: Kingambit|93/100
|
|t:|1782580005
|switch|p2b: Swampert|Swampert, L50, F|100/100|[from] U-turn
|move|p1a: Kingambit|Kowtow Cleave|p2a: Sableye
|-crit|p2a: Sableye
|-damage|p2a: Sableye|0 fnt
|faint|p2a: Sableye
|
|-weather|RainDance|[upkeep]
|upkeep
|
|t:|1782580008
|switch|p2a: Pelipper|Pelipper, L50, F|100/100
|turn|4
|
|t:|1782580020
|detailschange|p2b: Swampert|Swampert-Mega, L50, F
|-mega|p2b: Swampert|Swampert|Swampertite
|move|p2b: Swampert|Protect|p2b: Swampert
|-singleturn|p2b: Swampert|Protect
|move|p2a: Pelipper|Protect|p2a: Pelipper
|-singleturn|p2a: Pelipper|Protect
|move|p1b: Sneasler|Fake Out|p2b: Swampert
|-activate|p2b: Swampert|move: Protect
|move|p1a: Kingambit|Kowtow Cleave|p2a: Pelipper
|-activate|p2a: Pelipper|move: Protect
|
|-weather|RainDance|[upkeep]
|upkeep
|turn|5
|
|t:|1782580047
|move|p1a: Kingambit|Sucker Punch|p2b: Swampert
|-damage|p2b: Swampert|66/100
|move|p2b: Swampert|Wave Crash|p1a: Kingambit
|-damage|p1a: Kingambit|10/100
|-damage|p2b: Swampert|41/100|[from] Recoil
|move|p1b: Sneasler|Dire Claw|p2b: Swampert
|-resisted|p2b: Swampert|1
|-damage|p2b: Swampert|22/100
|-status|p2b: Swampert|slp
|move|p2a: Pelipper|Tailwind|p2a: Pelipper
|-sidestart|p2: danilr5tdwl|move: Tailwind
|
|-weather|RainDance|[upkeep]
|upkeep
|turn|6
|
|t:|1782580071
|cant|p2b: Swampert|slp
|move|p1b: Sneasler|Dire Claw|p2a: Pelipper
|-damage|p2a: Pelipper|64/100
|move|p2a: Pelipper|Hurricane|p1a: Kingambit
|-resisted|p1a: Kingambit|1
|-damage|p1a: Kingambit|0 fnt
|faint|p1a: Kingambit
|
|-weather|RainDance|[upkeep]
|upkeep
|
|t:|1782580082
|switch|p1a: Rotom|Rotom-Wash, L50|71/100
|turn|7
|
|t:|1782580093
|move|p2a: Pelipper|Protect|p2a: Pelipper
|-singleturn|p2a: Pelipper|Protect
|cant|p2b: Swampert|slp
|move|p1a: Rotom|Volt Switch|p2a: Pelipper
|-activate|p2a: Pelipper|move: Protect
|move|p1b: Sneasler|Dire Claw|p2b: Swampert
|-resisted|p2b: Swampert|1
|-damage|p2b: Swampert|5/100 slp
|
|-weather|RainDance|[upkeep]
|upkeep
|turn|8
|
|t:|1782580107
|-curestatus|p2b: Swampert|slp|[msg]
|move|p2b: Swampert|Wave Crash|p1a: Rotom
|-resisted|p1a: Rotom|1
|-damage|p1a: Rotom|0 fnt
|faint|p1a: Rotom
|-damage|p2b: Swampert|0 fnt|[from] Recoil
|faint|p2b: Swampert
|move|p1b: Sneasler|Dire Claw|p2a: Pelipper
|-damage|p2a: Pelipper|24/100
|move|p2a: Pelipper|Hurricane|p1b: Sneasler
|-supereffective|p1b: Sneasler|1
|-damage|p1b: Sneasler|7/100
|
|-weather|none
|-sideend|p2: danilr5tdwl|move: Tailwind
|upkeep
|
|t:|1782580120
|switch|p1a: Sceptile|Sceptile, L50, F|100/100
|switch|p2b: Basculegion|Basculegion, L50, M|100/100
|turn|9
|
|t:|1782580133
|detailschange|p1a: Sceptile|Sceptile-Mega, L50, F
|-mega|p1a: Sceptile|Sceptile|Sceptilite
|move|p1a: Sceptile|Protect|p1a: Sceptile
|-singleturn|p1a: Sceptile|Protect
|move|p2b: Basculegion|Ice Fang|p1a: Sceptile
|-activate|p1a: Sceptile|move: Protect
|move|p1b: Sneasler|Dire Claw|p2b: Basculegion
|-resisted|p2b: Basculegion|1
|-damage|p2b: Basculegion|74/100
|move|p2a: Pelipper|Tailwind|p2a: Pelipper
|-sidestart|p2: danilr5tdwl|move: Tailwind
|
|upkeep
|turn|10
|
|t:|1782580148
|move|p2b: Basculegion|Ice Fang|p1a: Sceptile
|-supereffective|p1a: Sceptile|2
|-damage|p1a: Sceptile|0 fnt
|faint|p1a: Sceptile
|move|p1b: Sneasler|Dire Claw|p2b: Basculegion
|-resisted|p2b: Basculegion|1
|-damage|p2b: Basculegion|45/100
|-status|p2b: Basculegion|psn
|move|p2a: Pelipper|Hurricane|p1b: Sneasler|[miss]
|-miss|p2a: Pelipper|p1b: Sneasler
|
|-damage|p2b: Basculegion|32/100 psn|[from] psn
|upkeep
|turn|11
|
|t:|1782580168
|move|p1b: Sneasler|Protect|p1b: Sneasler
|-singleturn|p1b: Sneasler|Protect
|move|p2b: Basculegion|Ice Fang|p1b: Sneasler
|-activate|p1b: Sneasler|move: Protect
|move|p2a: Pelipper|Hurricane|p1b: Sneasler
|-activate|p1b: Sneasler|move: Protect
|
|-damage|p2b: Basculegion|20/100y psn|[from] psn
|upkeep
|turn|12
|
|t:|1782580177
|move|p1b: Sneasler|Protect||[still]
|-fail|p1b: Sneasler
|move|p2b: Basculegion|Ice Fang|p1b: Sneasler
|-damage|p1b: Sneasler|0 fnt
|faint|p1b: Sneasler
|
|win|danilr5tdwl
||danilr5tdwl is ready for game 3.
||sogreenitslime is ready for game 3.
|uhtml|next|Next: Game 3 of 3
|l|☆danilr5tdwl
|player|p2|
