|j|☆Jakobtc
|j|☆iamflorete
|html|Jakobtciamflorete    
|uhtml|bestof|Game 1 of a best-of-3
|t:|1785016358
|gametype|doubles
|player|p1|Jakobtc|riley|1143
|player|p2|iamflorete|169|1079
|gen|9
|tier|[Gen 9 Champions] VGC 2026 Reg M-B (Bo3)
|rated|
|rule|Species Clause: Limit one of each Pokémon
|rule|Item Clause: Limit 1 of each item
|clearpoke
|poke|p1|Floette-Eternal, L50, F|
|poke|p1|Kangaskhan, L50, F|
|poke|p1|Azumarill, L50, M|
|poke|p1|Sinistcha, L50|
|poke|p1|Incineroar, L50, M|
|poke|p1|Annihilape, L50, M|
|poke|p2|Vanilluxe, L50, F|
|poke|p2|Tauros-Paldea-Blaze, L50, M, shiny|
|poke|p2|Meowstic, L50, M, shiny|
|poke|p2|Starmie, L50, shiny|
|poke|p2|Kingambit, L50, M|
|poke|p2|Raichu, L50, F, shiny|
|teampreview|4
|showteam|p1|Floette-Eternal||Floettite|FlowerVeil|Moonblast,DazzlingGleam,LightofRuin,Protect|Timid||F|||50|]Kangaskhan||Kangaskhanite|EarlyBird|FakeOut,DrainPunch,IcePunch,DoubleEdge|Adamant||F|||50|]Azumarill||SitrusBerry|HugePower|AquaJet,PlayRough,BellyDrum,Protect|Adamant||M|||50|]Sinistcha||ColburBerry|Hospitality|MatchaGotcha,RagePowder,TrickRoom,Protect|Bold|||||50|]Incineroar||ChopleBerry|Intimidate|FakeOut,FlareBlitz,ThroatChop,PartingShot|Bold||M|||50|]Annihilape||FocusSash|Defiant|RageFist,CloseCombat,Taunt,Protect|Jolly||M|||50|
|showteam|p2|Vanilluxe||ChoiceScarf|SnowWarning|FrostBreath,FlashCannon,FreezeDry,Blizzard|Serious||F|||50|]Tauros-Paldea-Blaze||Leftovers|AngerPoint|RockSlide,FlameCharge,Protect,CloseCombat|Jolly||M|||50|]Meowstic||LightClay|Prankster|Charm,FakeOut,LightScreen,Reflect|Bold||M|||50|]Starmie||Starminite|NaturalCure|IceSpinner,ZenHeadbutt,AquaJet,Protect|Jolly|||||50|]Kingambit||BlackGlasses|Defiant|IronHead,KowtowCleave,SuckerPunch,Protect|Serious||M|||50|]Raichu||FocusSash|Static|FakeOut,Encore,Nuzzle,VoltSwitch|Serious||F|||50|
|inactive|Battle timer is ON: inactive players will automatically lose when time's up. (requested by Jakobtc)
|inactive|Jakobtc has 60 seconds left.
|inactive|iamflorete has 60 seconds left.
|
|t:|1785016395
|teamsize|p1|4
|teamsize|p2|4
|start
|switch|p1a: Annihilape|Annihilape, L50, M|100/100
|switch|p1b: Kangaskhan|Kangaskhan, L50, F|100/100
|switch|p2a: Kingambit|Kingambit, L50, M|100/100
|switch|p2b: Meowstic|Meowstic, L50, M, shiny|100/100
|turn|1
|inactive|iamflorete has 30 seconds left.
|
|t:|1785016422
|detailschange|p1b: Kangaskhan|Kangaskhan-Mega, L50, F
|-mega|p1b: Kangaskhan|Kangaskhan|Kangaskhanite
|move|p2a: Kingambit|Protect|p2a: Kingambit
|-singleturn|p2a: Kingambit|Protect
|move|p2b: Meowstic|Fake Out|p1b: Kangaskhan
|-damage|p1b: Kangaskhan|95/100
|cant|p1b: Kangaskhan|flinch
|move|p1a: Annihilape|Taunt|p2b: Meowstic
|-start|p2b: Meowstic|move: Taunt
|
|upkeep
|turn|2
|inactive|iamflorete has 30 seconds left.
|inactive|iamflorete has 20 seconds left.
|inactive|iamflorete has 15 seconds left.
|
|t:|1785016467
|switch|p2b: Vanilluxe|Vanilluxe, L50, F|100/100
|-weather|Snowscape|[from] ability: Snow Warning|[of] p2b: Vanilluxe
|move|p2a: Kingambit|Sucker Punch|p1b: Kangaskhan
|-damage|p1b: Kangaskhan|58/100
|move|p1a: Annihilape|Rage Fist|p2b: Vanilluxe
|-damage|p2b: Vanilluxe|83/100
|move|p1b: Kangaskhan|Drain Punch|p2a: Kingambit
|-supereffective|p2a: Kingambit|2
|-damage|p2a: Kingambit|16/100
|-heal|p1b: Kangaskhan|99/100|[from] drain|[of] p2a: Kingambit
|-supereffective|p2a: Kingambit|2
|-damage|p2a: Kingambit|0 fnt
|-heal|p1b: Kangaskhan|100/100|[from] drain|[of] p2a: Kingambit
|faint|p2a: Kingambit
|-hitcount|p2: Kingambit|2
|
|-weather|Snowscape|[upkeep]
|upkeep
|
|t:|1785016488
|switch|p2a: Tauros|Tauros-Paldea-Blaze, L50, M, shiny|100/100
|turn|3
|inactive|iamflorete has 30 seconds left.
|
|t:|1785016517
|switch|p1b: Incineroar|Incineroar, L50, M|100/100
|-ability|p1b: Incineroar|Intimidate|boost
|-unboost|p2a: Tauros|atk|1
|-unboost|p2b: Vanilluxe|atk|1
|move|p2b: Vanilluxe|Frost Breath|p2a: Tauros
|-resisted|p2a: Tauros|1
|-crit|p2a: Tauros
|-damage|p2a: Tauros|78/100
|-setboost|p2a: Tauros|atk|6|[from] ability: Anger Point
|move|p2a: Tauros|Close Combat|p1b: Incineroar
|-supereffective|p1b: Incineroar|1
|-enditem|p1b: Incineroar|Chople Berry|[eat]
|-enditem|p1b: Incineroar|Chople Berry|[weaken]
|-damage|p1b: Incineroar|0 fnt
|-unboost|p2a: Tauros|def|1
|-unboost|p2a: Tauros|spd|1
|faint|p1b: Incineroar
|move|p1a: Annihilape|Close Combat|p2b: Vanilluxe
|-supereffective|p2b: Vanilluxe|1
|-damage|p2b: Vanilluxe|0 fnt
|-unboost|p1a: Annihilape|def|1
|-unboost|p1a: Annihilape|spd|1
|faint|p2b: Vanilluxe
|
|-weather|Snowscape|[upkeep]
|-heal|p2a: Tauros|84/100|[from] item: Leftovers
|upkeep
|
|t:|1785016540
|switch|p2b: Meowstic|Meowstic, L50, M, shiny|100/100
|switch|p1b: Azumarill|Azumarill, L50, M|100/100
|turn|4
|
|t:|1785016557
|move|p1b: Azumarill|Protect|p1b: Azumarill
|-singleturn|p1b: Azumarill|Protect
|move|p2b: Meowstic|Charm|p1b: Azumarill
|-activate|p1b: Azumarill|move: Protect
|move|p2a: Tauros|Rock Slide|p1b: Azumarill|[spread] p1a
|-activate|p1b: Azumarill|move: Protect
|-resisted|p1a: Annihilape|1
|-damage|p1a: Annihilape|47/100
|move|p1a: Annihilape|Close Combat|p2a: Tauros
|-damage|p2a: Tauros|0 fnt
|-unboost|p1a: Annihilape|def|1
|-unboost|p1a: Annihilape|spd|1
|faint|p2a: Tauros
|
|-weather|Snowscape|[upkeep]
|upkeep
|turn|5
|
|t:|1785016578
|move|p2b: Meowstic|Reflect|p2b: Meowstic
|-sidestart|p2: iamflorete|Reflect
|move|p1b: Azumarill|Aqua Jet|p2b: Meowstic
|-damage|p2b: Meowstic|85/100
|move|p1a: Annihilape|Rage Fist|p2b: Meowstic
|-supereffective|p2b: Meowstic|1
|-damage|p2b: Meowstic|23/100
|
|-weather|Snowscape|[upkeep]
|upkeep
|turn|6
|
|t:|1785016591
|move|p2b: Meowstic|Charm|p1b: Azumarill
|-unboost|p1b: Azumarill|atk|2
|move|p1a: Annihilape|Rage Fist|p2b: Meowstic
|-supereffective|p2b: Meowstic|1
|-damage|p2b: Meowstic|0 fnt
|faint|p2b: Meowstic
|
|win|Jakobtc
