|j|☆budster16
|j|☆morphiusdoorphius
|html|budster16morphiusdoorphius    
|uhtml|bestof|Game 2 of a best-of-3
|t:|1783734692
|gametype|doubles
|player|p1|budster16|silver|
|player|p2|morphiusdoorphius|linebacker|
|gen|9
|tier|[Gen 9 Champions] VGC 2026 Reg M-B (Bo3)
|rule|Species Clause: Limit one of each Pokémon
|rule|Item Clause: Limit 1 of each item
|clearpoke
|poke|p1|Conkeldurr, L50, M|
|poke|p1|Skeledirge, L50, M|
|poke|p1|Leafeon, L50, F|
|poke|p1|Barbaracle, L50, M|
|poke|p1|Infernape, L50, F|
|poke|p1|Pyroar, L50, F|
|poke|p2|Charizard, L50, M|
|poke|p2|Talonflame, L50, M|
|poke|p2|Primarina, L50, F|
|poke|p2|Kingambit, L50, F|
|poke|p2|Kleavor, L50, M|
|poke|p2|Scrafty, L50, M|
|teampreview|4
|showteam|p1|Conkeldurr||LifeOrb|SheerForce|CloseCombat,RockSlide,IcePunch,MachPunch|Adamant||M|||50|]Skeledirge||Leftovers|Unaware|TorchSong,ShadowBall,SlackOff,Protect|Modest||M|||50|]Leafeon||MiracleSeed|Chlorophyll|SolarBlade,SwordsDance,SunnyDay,KnockOff|Adamant||F|||50|]Barbaracle||Barbaracite|ToughClaws|RockSlide,CloseCombat,ShellSmash,Protect|Adamant||M|||50|]Infernape||FocusSash|Blaze|FakeOut,FlareBlitz,CloseCombat,SunnyDay|Jolly||F|||50|]Pyroar||Pyroarite|Unnerve|HeatWave,Overheat,ScorchingSands,Protect|Timid||F|||50|
|showteam|p2|Charizard||CharizarditeY|Blaze|HeatWave,Protect,WeatherBall,SolarBeam|Modest||M|||50|]Talonflame||FocusSash|GaleWings|Tailwind,Protect,FlareBlitz,BraveBird|Jolly||M|||50|]Primarina||MysticWater|LiquidVoice|IceBeam,Moonblast,Protect,HyperVoice|Naive||F|||50|]Kingambit||ChopleBerry|Defiant|IronHead,Protect,SuckerPunch,SwordsDance|Adamant||F|||50|]Kleavor||WideLens|Sharpness|StoneAxe,XScissor,RockSlide,Protect|Adamant||M|||50|]Scrafty||Scraftinite|Intimidate|SuperFang,FakeOut,Protect,CloseCombat|Adamant||M|||50|
|j| clare_chan1738
|j| InfiniKnight
|c| clare_chan1738|I got match links btw
|j| ChocoHammy
|c|☆budster16|sweet
|
|t:|1783734758
|teamsize|p1|4
|teamsize|p2|4
|start
|switch|p1a: Conk's Lawn|Leafeon, L50, F|100/100
|switch|p1b: Conk's FO User|Infernape, L50, F|100/100
|switch|p2a: Talonflame|Talonflame, L50, M|100/100
|switch|p2b: Scrafty|Scrafty, L50, M|100/100
|-ability|p2b: Scrafty|Intimidate|boost
|-unboost|p1a: Conk's Lawn|atk|1
|-unboost|p1b: Conk's FO User|atk|1
|turn|1
|
|t:|1783734780
|move|p1b: Conk's FO User|Fake Out|p2a: Talonflame
|-damage|p2a: Talonflame|88/100
|move|p2b: Scrafty|Fake Out|p1b: Conk's FO User
|-damage|p1b: Conk's FO User|83/100
|cant|p2a: Talonflame|flinch
|move|p1a: Conk's Lawn|Sunny Day|p1a: Conk's Lawn
|-weather|SunnyDay
|
|-weather|SunnyDay|[upkeep]
|upkeep
|turn|2
|
|t:|1783734821
|switch|p1a: Conk|Conkeldurr, L50, M|100/100
|move|p2a: Talonflame|Tailwind|p2a: Talonflame
|-sidestart|p2: morphiusdoorphius|move: Tailwind
|move|p2b: Scrafty|Close Combat|p1a: Conk
|-damage|p1a: Conk|59/100
|-unboost|p2b: Scrafty|def|1
|-unboost|p2b: Scrafty|spd|1
|move|p1b: Conk's FO User|Close Combat|p2b: Scrafty
|-supereffective|p2b: Scrafty|1
|-damage|p2b: Scrafty|3/100
|-unboost|p1b: Conk's FO User|def|1
|-unboost|p1b: Conk's FO User|spd|1
|
|-weather|SunnyDay|[upkeep]
|upkeep
|turn|3
|
|t:|1783734874
|switch|p2b: Primarina|Primarina, L50, F|100/100
|switch|p1b: Conk's Lawn|Leafeon, L50, F|100/100
|switch|p1a: Conk's Civic|Skeledirge, L50, M|100/100
|move|p2a: Talonflame|Brave Bird|p1a: Conk's Civic
|-damage|p1a: Conk's Civic|66/100
|-damage|p2a: Talonflame|74/100|[from] Recoil
|
|-weather|SunnyDay|[upkeep]
|-heal|p1a: Conk's Civic|71/100|[from] item: Leftovers
|upkeep
|turn|4
|
|t:|1783734908
|move|p2a: Talonflame|Brave Bird|p1b: Conk's Lawn
|-supereffective|p1b: Conk's Lawn|1
|-damage|p1b: Conk's Lawn|19/100
|-damage|p2a: Talonflame|50/100g|[from] Recoil
|move|p1b: Conk's Lawn|Solar Blade||[still]
|-prepare|p1b: Conk's Lawn|Solar Blade
|-anim|p1b: Conk's Lawn|Solar Blade|p2b: Primarina
|-supereffective|p2b: Primarina|1
|-damage|p2b: Primarina|0 fnt
|faint|p2b: Primarina
|move|p1a: Conk's Civic|Torch Song|p2a: Talonflame
|-resisted|p2a: Talonflame|1
|-damage|p2a: Talonflame|5/100
|-boost|p1a: Conk's Civic|spa|1
|
|-weather|SunnyDay|[upkeep]
|-heal|p1a: Conk's Civic|77/100|[from] item: Leftovers
|upkeep
|
|t:|1783734930
|switch|p2b: Scrafty|Scrafty, L50, M|3/100
|-ability|p2b: Scrafty|Intimidate|boost
|-unboost|p1a: Conk's Civic|atk|1
|-unboost|p1b: Conk's Lawn|atk|1
|turn|5
|
|t:|1783734991
|detailschange|p2b: Scrafty|Scrafty-Mega, L50, M
|-mega|p2b: Scrafty|Scrafty|Scraftinite
|-ability|p2b: Scrafty|Intimidate|boost
|-unboost|p1a: Conk's Civic|atk|1
|-unboost|p1b: Conk's Lawn|atk|1
|move|p2a: Talonflame|Protect|p2a: Talonflame
|-singleturn|p2a: Talonflame|Protect
|move|p2b: Scrafty|Protect|p2b: Scrafty
|-singleturn|p2b: Scrafty|Protect
|move|p1b: Conk's Lawn|Solar Blade||[still]
|-prepare|p1b: Conk's Lawn|Solar Blade
|-anim|p1b: Conk's Lawn|Solar Blade|p2b: Scrafty
|-activate|p2b: Scrafty|move: Protect
|move|p1a: Conk's Civic|Torch Song|p2a: Talonflame
|-activate|p2a: Talonflame|move: Protect
|
|-weather|none
|-heal|p1a: Conk's Civic|83/100|[from] item: Leftovers
|-sideend|p2: morphiusdoorphius|move: Tailwind
|upkeep
|turn|6
|
|t:|1783735022
|move|p2a: Talonflame|Tailwind|p2a: Talonflame
|-sidestart|p2: morphiusdoorphius|move: Tailwind
|move|p2b: Scrafty|Close Combat|p1b: Conk's Lawn
|-damage|p1b: Conk's Lawn|0 fnt
|-unboost|p2b: Scrafty|def|1
|-unboost|p2b: Scrafty|spd|1
|faint|p1b: Conk's Lawn
|move|p1a: Conk's Civic|Torch Song|p2a: Talonflame
|-resisted|p2a: Talonflame|1
|-damage|p2a: Talonflame|0 fnt
|-boost|p1a: Conk's Civic|spa|1
|faint|p2a: Talonflame
|
|-heal|p1a: Conk's Civic|89/100|[from] item: Leftovers
|upkeep
|
|t:|1783735037
|switch|p2a: Kleavor|Kleavor, L50, M|100/100
|switch|p1b: Conk's FO User|Infernape, L50, F|83/100
|turn|7
|
|t:|1783735062
|move|p2a: Kleavor|Protect|p2a: Kleavor
|-singleturn|p2a: Kleavor|Protect
|move|p2b: Scrafty|Protect|p2b: Scrafty
|-singleturn|p2b: Scrafty|Protect
|move|p1b: Conk's FO User|Fake Out|p2a: Kleavor
|-activate|p2a: Kleavor|move: Protect
|move|p1a: Conk's Civic|Torch Song|p2a: Kleavor
|-activate|p2a: Kleavor|move: Protect
|
|-heal|p1a: Conk's Civic|95/100|[from] item: Leftovers
|upkeep
|turn|8
|
|t:|1783735096
|move|p2a: Kleavor|Stone Axe|p1a: Conk's Civic
|-supereffective|p1a: Conk's Civic|1
|-damage|p1a: Conk's Civic|0 fnt
|-sidestart|p1: budster16|move: Stealth Rock
|faint|p1a: Conk's Civic
|move|p2b: Scrafty|Close Combat|p1b: Conk's FO User
|-damage|p1b: Conk's FO User|0 fnt
|-unboost|p2b: Scrafty|def|1
|-unboost|p2b: Scrafty|spd|1
|faint|p1b: Conk's FO User
|
|upkeep
|
|t:|1783735106
|switch|p1a: Conk|Conkeldurr, L50, M|59/100
|-damage|p1a: Conk|53/100|[from] Stealth Rock
|turn|9
|
|t:|1783735127
|move|p1a: Conk|Mach Punch|p2b: Scrafty
|-supereffective|p2b: Scrafty|1
|-damage|p2b: Scrafty|0 fnt
|faint|p2b: Scrafty
|-damage|p1a: Conk|43/100|[from] item: Life Orb
|move|p2a: Kleavor|X-Scissor|p1a: Conk
|-resisted|p1a: Conk|1
|-damage|p1a: Conk|11/100
|
|-sideend|p2: morphiusdoorphius|move: Tailwind
|upkeep
|turn|10
|
|t:|1783735147
|move|p2a: Kleavor|X-Scissor|p1a: Conk
|-resisted|p1a: Conk|1
|-damage|p1a: Conk|0 fnt
|faint|p1a: Conk
|
|win|morphiusdoorphius
|l| clare_chan1738
|j| clare_chan1738
