|j|☆regalac3
|j|☆gigachand
|html|regalac3gigachand    
|uhtml|bestof|Game 1 of a best-of-3
|t:|1783056778
|gametype|doubles
|player|p1|regalac3|n|1149
|player|p2|gigachand|169|1078
|gen|9
|tier|[Gen 9 Champions] VGC 2026 Reg M-B (Bo3)
|rated|
|rule|Species Clause: Limit one of each Pokémon
|rule|Item Clause: Limit 1 of each item
|clearpoke
|poke|p1|Aerodactyl, L50, M|
|poke|p1|Pyroar, L50, F|
|poke|p1|Farigiraf, L50, F|
|poke|p1|Mamoswine, L50, F|
|poke|p1|Venusaur, L50, M|
|poke|p1|Torkoal, L50, M|
|poke|p2|Dragonite, L50, M|
|poke|p2|Swampert, L50, M|
|poke|p2|Sneasler, L50, F|
|poke|p2|Pelipper, L50, F|
|poke|p2|Archaludon, L50, F|
|poke|p2|Grimmsnarl, L50, M|
|teampreview|4
|showteam|p1|Aerodactyl||Aerodactylite|Unnerve|RockSlide,DualWingbeat,IceFang,Tailwind|Jolly||M|||50|]Pyroar||Pyroarite|Unnerve|HeatWave,SolarBeam,Overheat,Protect|Timid||F|||50|]Farigiraf||SitrusBerry|ArmorTail|Psychic,Thunderbolt,HelpingHand,TrickRoom|Modest||F|||50|]Mamoswine||LifeOrb|Oblivious|IcicleCrash,HighHorsepower,IceShard,Protect|Adamant||F|||50|]Venusaur||FocusSash|Chlorophyll|LeafStorm,SludgeBomb,SleepPowder,Protect|Modest||M|||50|]Torkoal||Charcoal|Drought|Eruption,WeatherBall,HelpingHand,Protect|Quiet||M|||50|
|showteam|p2|Dragonite||Dragoninite|InnerFocus|Outrage,AquaJet,IceSpinner,Protect|Jolly||M|||50|]Swampert||Swampertite|Damp|Earthquake,WaveCrash,Protect,IcePunch|Adamant||M|||50|]Sneasler||WhiteHerb|Unburden|CloseCombat,DireClaw,Protect,LashOut|Adamant||F|||50|]Pelipper||DampRock|Drizzle|WeatherBall,Hurricane,Protect,IceBeam|Modest||F|||50|]Archaludon||MentalHerb|Stamina|ElectroShot,DracoMeteor,Protect,FlashCannon|Timid||F|||50|]Grimmsnarl||LightClay|Prankster|Reflect,LightScreen,Taunt,DazzlingGleam|Calm||M|||50|
|inactive|Battle timer is ON: inactive players will automatically lose when time's up. (requested by gigachand)
|
|t:|1783056806
|teamsize|p1|4
|teamsize|p2|4
|start
|switch|p1a: Aerodactyl|Aerodactyl, L50, M|100/100
|switch|p1b: Venusaur|Venusaur, L50, M|100/100
|switch|p2a: Pelipper|Pelipper, L50, F|100/100
|switch|p2b: Swampert|Swampert, L50, M|100/100
|-ability|p1a: Aerodactyl|Unnerve
|-weather|RainDance|[from] ability: Drizzle|[of] p2a: Pelipper
|turn|1
|
|t:|1783056826
|switch|p2b: Grimmsnarl|Grimmsnarl, L50, M|100/100
|detailschange|p1a: Aerodactyl|Aerodactyl-Mega, L50, M
|-mega|p1a: Aerodactyl|Aerodactyl|Aerodactylite
|move|p1a: Aerodactyl|Rock Slide|p2b: Grimmsnarl|[spread] p2a
|-miss|p1a: Aerodactyl|p2b: Grimmsnarl
|-supereffective|p2a: Pelipper|1
|-damage|p2a: Pelipper|38/100
|move|p1b: Venusaur|Leaf Storm|p2b: Grimmsnarl
|-damage|p2b: Grimmsnarl|56/100
|-unboost|p1b: Venusaur|spa|2
|move|p2a: Pelipper|Ice Beam|p1b: Venusaur
|-supereffective|p1b: Venusaur|1
|-damage|p1b: Venusaur|35/100
|
|-weather|RainDance|[upkeep]
|upkeep
|turn|2
|inactive|gigachand has 30 seconds left.
|
|t:|1783056857
|switch|p1b: Torkoal|Torkoal, L50, M|100/100
|-weather|SunnyDay|[from] ability: Drought|[of] p1b: Torkoal
|move|p2a: Pelipper|Protect|p2a: Pelipper
|-singleturn|p2a: Pelipper|Protect
|move|p2b: Grimmsnarl|Reflect|p2b: Grimmsnarl
|-sidestart|p2: gigachand|Reflect
|move|p1a: Aerodactyl|Rock Slide|p2a: Pelipper|[spread] p2b
|-activate|p2a: Pelipper|move: Protect
|-damage|p2b: Grimmsnarl|31/100
|
|-weather|SunnyDay|[upkeep]
|upkeep
|turn|3
|
|t:|1783056882
|switch|p2a: Archaludon|Archaludon, L50, F|100/100
|move|p1b: Torkoal|Helping Hand|p1a: Aerodactyl
|-singleturn|p1a: Aerodactyl|Helping Hand|[of] p1b: Torkoal
|move|p2b: Grimmsnarl|Light Screen|p2b: Grimmsnarl
|-sidestart|p2: gigachand|move: Light Screen
|move|p1a: Aerodactyl|Rock Slide|p2a: Archaludon|[spread] p2a,p2b
|-resisted|p2a: Archaludon|1
|-damage|p2a: Archaludon|87/100
|-damage|p2b: Grimmsnarl|0 fnt
|-ability|p2a: Archaludon|Stamina|boost
|-boost|p2a: Archaludon|def|1
|faint|p2b: Grimmsnarl
|
|-weather|SunnyDay|[upkeep]
|upkeep
|
|t:|1783056898
|switch|p2b: Pelipper|Pelipper, L50, F|38/100
|-weather|RainDance|[from] ability: Drizzle|[of] p2b: Pelipper
|turn|4
|
|t:|1783056913
|switch|p1b: Farigiraf|Farigiraf, L50, F|100/100
|move|p1a: Aerodactyl|Rock Slide|p2b: Pelipper|[spread] p2a,p2b
|-resisted|p2a: Archaludon|1
|-supereffective|p2b: Pelipper|1
|-damage|p2a: Archaludon|82/100
|-damage|p2b: Pelipper|0 fnt
|-ability|p2a: Archaludon|Stamina|boost
|-boost|p2a: Archaludon|def|1
|faint|p2b: Pelipper
|move|p2a: Archaludon|Electro Shot||[still]
|-prepare|p2a: Archaludon|Electro Shot
|-boost|p2a: Archaludon|spa|1
|-anim|p2a: Archaludon|Electro Shot|p1a: Aerodactyl
|-supereffective|p1a: Aerodactyl|1
|-damage|p1a: Aerodactyl|0 fnt
|faint|p1a: Aerodactyl
|
|-weather|RainDance|[upkeep]
|upkeep
|
|t:|1783056931
|switch|p1a: Venusaur|Venusaur, L50, M|35/100
|switch|p2b: Swampert|Swampert, L50, M|100/100
|turn|5
|inactive|regalac3 has 30 seconds left.
|
|t:|1783056957
|switch|p1a: Torkoal|Torkoal, L50, M|100/100
|-weather|SunnyDay|[from] ability: Drought|[of] p1a: Torkoal
|detailschange|p2b: Swampert|Swampert-Mega, L50, M
|-mega|p2b: Swampert|Swampert|Swampertite
|move|p2a: Archaludon|Electro Shot||[still]
|-prepare|p2a: Archaludon|Electro Shot
|-boost|p2a: Archaludon|spa|1
|move|p2b: Swampert|Ice Punch|p1a: Torkoal
|-resisted|p1a: Torkoal|1
|-damage|p1a: Torkoal|88/100
|move|p1b: Farigiraf|Trick Room|p1b: Farigiraf
|-fieldstart|move: Trick Room|[of] p1b: Farigiraf
|
|-weather|SunnyDay|[upkeep]
|upkeep
|turn|6
|
|t:|1783056980
|move|p1b: Farigiraf|Helping Hand|p1a: Torkoal
|-singleturn|p1a: Torkoal|Helping Hand|[of] p1b: Farigiraf
|move|p1a: Torkoal|Eruption|p2b: Swampert|[spread] p2a,p2b
|-resisted|p2b: Swampert|1
|-crit|p2b: Swampert
|-damage|p2a: Archaludon|0 fnt
|-damage|p2b: Swampert|26/100
|faint|p2a: Archaludon
|move|p2b: Swampert|Wave Crash|p1a: Torkoal
|-supereffective|p1a: Torkoal|1
|-crit|p1a: Torkoal
|-damage|p1a: Torkoal|5/100
|-damage|p2b: Swampert|2/100|[from] Recoil
|
|-weather|SunnyDay|[upkeep]
|upkeep
|turn|7
|
|t:|1783057002
|move|p1a: Torkoal|Weather Ball|p2b: Swampert
|-resisted|p2b: Swampert|1
|-damage|p2b: Swampert|0 fnt
|faint|p2b: Swampert
|
|win|regalac3
||gigachand is ready for game 2.
|inactive|regalac3 has 30 seconds to confirm battle start!
