|j|☆devil may larp
|j|☆huajaja
|html|devil may larphuajaja    
|uhtml|bestof|Game 1 of a best-of-3
|t:|1782677775
|gametype|doubles
|player|p1|devil may larp|roxie|1198
|player|p2|huajaja|palmer|1158
|gen|9
|tier|[Gen 9 Champions] VGC 2026 Reg M-B (Bo3)
|rated|
|rule|Species Clause: Limit one of each Pokémon
|rule|Item Clause: Limit 1 of each item
|clearpoke
|poke|p1|Mawile, L50, M|
|poke|p1|Swampert, L50, M, shiny|
|poke|p1|Pelipper, L50, M, shiny|
|poke|p1|Farigiraf, L50, M|
|poke|p1|Kangaskhan, L50, F|
|poke|p1|Meowscarada, L50, F, shiny|
|poke|p2|Torkoal, L50, F, shiny|
|poke|p2|Scrafty, L50, M|
|poke|p2|Venusaur, L50, M|
|poke|p2|Farigiraf, L50, F|
|poke|p2|Mamoswine, L50, M|
|poke|p2|Pyroar, L50, M|
|teampreview|4
|showteam|p1|Mawile||Mawilite|HyperCutter|PlayRough,SuckerPunch,SwordsDance,Protect|Adamant||M|||50|]Swampert||Swampertite|Damp|Earthquake,WaveCrash,IcePunch,Protect|Adamant||M|||50|]Pelipper||LifeOrb|Drizzle|Hurricane,WeatherBall,Protect,WideGuard|Quiet||M|||50|]Farigiraf||ColburBerry|ArmorTail|TwinBeam,TrickRoom,HelpingHand,Thunderbolt|Bold||M|||50|]Kangaskhan||SilkScarf|Scrappy|FakeOut,DoubleEdge,HammerArm,Protect|Adamant||F|||50|]Meowscarada||ChoiceScarf|Protean|FlowerTrick,KnockOff,Uturn,BrickBreak|Adamant||F|||50|
|showteam|p2|Torkoal||HeatRock|Drought|Eruption,WeatherBall,HelpingHand,Protect|Quiet||F|||50|]Scrafty||Scraftinite|Intimidate|KnockOff,DrainPunch,FakeOut,IcePunch|Adamant||M|||50|]Venusaur||LifeOrb|Chlorophyll|EnergyBall,SludgeBomb,EarthPower,Protect|Modest||M|||50|]Farigiraf||SitrusBerry|ArmorTail|Psychic,Thunder,TrickRoom,Protect|Quiet||F|||50|]Mamoswine||FocusSash|Oblivious|HighHorsepower,RockSlide,IceShard,Protect|Adamant||M|||50|]Pyroar||Pyroarite|Unnerve|HeatWave,Overheat,Yawn,Protect|Timid||M|||50|
|inactive|Battle timer is ON: inactive players will automatically lose when time's up. (requested by devil may larp)
|inactive|devil may larp has 60 seconds left.
|inactive|huajaja has 60 seconds left.
|
|t:|1782677823
|teamsize|p1|4
|teamsize|p2|4
|start
|switch|p1a: Swampert|Swampert, L50, M, shiny|100/100
|switch|p1b: Meowscarada|Meowscarada, L50, F, shiny|100/100
|switch|p2a: Scrafty|Scrafty, L50, M|100/100
|switch|p2b: Torkoal|Torkoal, L50, F, shiny|100/100
|-ability|p2a: Scrafty|Intimidate|boost
|-unboost|p1a: Swampert|atk|1
|-unboost|p1b: Meowscarada|atk|1
|-weather|SunnyDay|[from] ability: Drought|[of] p2b: Torkoal
|turn|1
|inactive|devil may larp has 30 seconds left.
|inactive|huajaja has 30 seconds left.
|inactive|huajaja has 20 seconds left.
|inactive|huajaja has 15 seconds left.
|
|t:|1782677865
|switch|p1a: Farigiraf|Farigiraf, L50, M|100/100
|move|p2b: Torkoal|Protect|p2b: Torkoal
|-singleturn|p2b: Torkoal|Protect
|move|p2a: Scrafty|Fake Out||[still]
|cant|p1a: Farigiraf|ability: Armor Tail|Fake Out|[of] p2a: Scrafty
|move|p1b: Meowscarada|U-turn|p2a: Scrafty
|-start|p1b: Meowscarada|typechange|Bug|[from] ability: Protean
|-damage|p2a: Scrafty|79/100
|
|t:|1782677876
|switch|p1b: Swampert|Swampert, L50, M, shiny|100/100|[from] U-turn
|
|-weather|SunnyDay|[upkeep]
|upkeep
|turn|2
|
|t:|1782677886
|switch|p1a: Pelipper|Pelipper, L50, M, shiny|100/100
|-weather|RainDance|[from] ability: Drizzle|[of] p1a: Pelipper
|switch|p2b: Venusaur|Venusaur, L50, M|100/100
|detailschange|p1b: Swampert|Swampert-Mega, L50, M, shiny
|-mega|p1b: Swampert|Swampert|Swampertite
|detailschange|p2a: Scrafty|Scrafty-Mega, L50, M
|-mega|p2a: Scrafty|Scrafty|Scraftinite
|-ability|p2a: Scrafty|Intimidate|boost
|-unboost|p1a: Pelipper|atk|1
|-unboost|p1b: Swampert|atk|1
|move|p1b: Swampert|Earthquake|p2a: Scrafty|[spread] p2a,p2b
|-immune|p1a: Pelipper
|-damage|p2a: Scrafty|52/100
|-damage|p2b: Venusaur|55/100
|move|p2a: Scrafty|Knock Off|p1a: Pelipper
|-damage|p1a: Pelipper|42/100
|-enditem|p1a: Pelipper|Life Orb|[from] move: Knock Off|[of] p2a: Scrafty
|
|-weather|RainDance|[upkeep]
|upkeep
|turn|3
|
|t:|1782677907
|switch|p2a: Torkoal|Torkoal, L50, F, shiny|100/100
|-weather|SunnyDay|[from] ability: Drought|[of] p2a: Torkoal
|switch|p1a: Meowscarada|Meowscarada, L50, F, shiny|100/100
|move|p1b: Swampert|Protect|p1b: Swampert
|-singleturn|p1b: Swampert|Protect
|move|p2b: Venusaur|Energy Ball|p1b: Swampert
|-activate|p1b: Swampert|move: Protect
|
|-weather|SunnyDay|[upkeep]
|upkeep
|turn|4
|
|t:|1782677930
|switch|p1a: Pelipper|Pelipper, L50, M, shiny|42/100
|-weather|RainDance|[from] ability: Drizzle|[of] p1a: Pelipper
|move|p1b: Swampert|Earthquake|p2b: Venusaur|[spread] p2a,p2b
|-immune|p1a: Pelipper
|-supereffective|p2a: Torkoal|1
|-damage|p2a: Torkoal|54/100
|-damage|p2b: Venusaur|8/100
|move|p2b: Venusaur|Sludge Bomb|p1a: Pelipper
|-damage|p1a: Pelipper|0 fnt
|faint|p1a: Pelipper
|-damage|p2b: Venusaur|0 fnt|[from] item: Life Orb
|faint|p2b: Venusaur
|move|p2a: Torkoal|Eruption|p1b: Swampert
|-resisted|p1b: Swampert|1
|-damage|p1b: Swampert|92/100
|
|-weather|RainDance|[upkeep]
|upkeep
|
|t:|1782677948
|switch|p2b: Scrafty|Scrafty-Mega, L50, M|52/100
|switch|p1a: Meowscarada|Meowscarada, L50, F, shiny|100/100
|-ability|p2b: Scrafty|Intimidate|boost
|-unboost|p1a: Meowscarada|atk|1
|-unboost|p1b: Swampert|atk|1
|turn|5
|
|t:|1782677957
|switch|p1b: Farigiraf|Farigiraf, L50, M|100/100
|switch|p2a: Mamoswine|Mamoswine, L50, M|100/100
|move|p2b: Scrafty|Fake Out||[still]
|cant|p1b: Farigiraf|ability: Armor Tail|Fake Out|[of] p2b: Scrafty
|move|p1a: Meowscarada|Flower Trick|p2b: Scrafty
|-start|p1a: Meowscarada|typechange|Grass|[from] ability: Protean
|-crit|p2b: Scrafty
|-damage|p2b: Scrafty|7/100
|
|-weather|RainDance|[upkeep]
|upkeep
|turn|6
|
|t:|1782677976
|switch|p2a: Torkoal|Torkoal, L50, F, shiny|54/100
|-weather|SunnyDay|[from] ability: Drought|[of] p2a: Torkoal
|move|p1a: Meowscarada|Flower Trick|p2b: Scrafty
|-crit|p2b: Scrafty
|-damage|p2b: Scrafty|0 fnt
|faint|p2b: Scrafty
|move|p1b: Farigiraf|Twin Beam|p2a: Torkoal
|-damage|p2a: Torkoal|33/100
|-damage|p2a: Torkoal|14/100
|-hitcount|p2a: Torkoal|2
|
|-weather|SunnyDay|[upkeep]
|upkeep
|
|t:|1782677988
|switch|p2b: Mamoswine|Mamoswine, L50, M|100/100
|turn|7
|
|t:|1782677995
|move|p2a: Torkoal|Protect|p2a: Torkoal
|-singleturn|p2a: Torkoal|Protect
|move|p2b: Mamoswine|Ice Shard||[still]
|cant|p1b: Farigiraf|ability: Armor Tail|Ice Shard|[of] p2b: Mamoswine
|move|p1a: Meowscarada|Flower Trick|p2b: Mamoswine
|-supereffective|p2b: Mamoswine|1
|-crit|p2b: Mamoswine
|-enditem|p2b: Mamoswine|Focus Sash
|-damage|p2b: Mamoswine|1/100
|move|p1b: Farigiraf|Twin Beam|p2a: Torkoal
|-activate|p2a: Torkoal|move: Protect
|
|-weather|SunnyDay|[upkeep]
|upkeep
|turn|8
|-message|huajaja forfeited.
|
|win|devil may larp
|l|☆huajaja
|player|p2|
|raw|devil may larp's rating: 1198 → 1220(+22 for winning)
|raw|huajaja's rating: 1158 → 1136(-22 for losing)
