|j|☆neuesspielzeug
|j|☆FreezyPop439
|html|neuesspielzeugFreezyPop439    
|uhtml|bestof|Game 2 of a best-of-3
|t:|1784558406
|gametype|doubles
|player|p1|neuesspielzeug|2|1281
|player|p2|FreezyPop439|collector|1357
|gen|9
|tier|[Gen 9 Champions] VGC 2026 Reg M-B (Bo3)
|rated|
|rule|Species Clause: Limit one of each Pokémon
|rule|Item Clause: Limit 1 of each item
|clearpoke
|poke|p1|Scrafty, L50, F|
|poke|p1|Toxapex, L50, M|
|poke|p1|Metagross, L50|
|poke|p1|Chandelure, L50, M|
|poke|p1|Hydreigon, L50, F|
|poke|p1|Sneasler, L50, F|
|poke|p2|Raichu, L50, M|
|poke|p2|Gyarados, L50, M|
|poke|p2|Mamoswine, L50, M|
|poke|p2|Ceruledge, L50, M|
|poke|p2|Clefable, L50, F|
|poke|p2|Kingambit, L50, F|
|teampreview|4
|showteam|p1|Scrafty||Scraftinite|Intimidate|FakeOut,DrainPunch,KnockOff,PoisonJab|Careful||F|||50|]Toxapex||Leftovers|Regenerator|Infestation,Toxic,BanefulBunker,WideGuard|Bold||M|||50|]Metagross||Metagrossite|ClearBody|PsychicFangs,StompingTantrum,IcePunch,Protect|Jolly|||||50|]Chandelure||FocusSash|FlashFire|EnergyBall,HeatWave,ShadowBall,Protect|Timid||M|||50|]Hydreigon||ChoiceScarf|Levitate|DracoMeteor,Snarl,DarkPulse,EarthPower|Modest||F|||50|]Sneasler||LifeOrb|PoisonTouch|FakeOut,CloseCombat,DireClaw,Protect|Jolly||F|||50|
|showteam|p2|Raichu||RaichuniteY|LightningRod|ZapCannon,FocusBlast,FakeOut,Protect|Timid||M|||50|]Gyarados||Gyaradosite|Intimidate|Waterfall,PowerWhip,DragonDance,Protect|Adamant||M|||50|]Mamoswine||LifeOrb|Oblivious|HighHorsepower,IceShard,IcicleCrash,Protect|Jolly||M|||50|]Ceruledge||ColburBerry|FlashFire|BitterBlade,ShadowSneak,BulkUp,Protect|Adamant||M|||50|]Clefable||SitrusBerry|Unaware|Moonblast,FollowMe,HelpingHand,Protect|Bold||F|||50|]Kingambit||FocusSash|Defiant|IronHead,KowtowCleave,SuckerPunch,LowKick|Adamant||F|||50|
|
|t:|1784558446
|teamsize|p1|4
|teamsize|p2|4
|start
|switch|p1a: Toxapex|Toxapex, L50, M|100/100
|switch|p1b: Sneasler|Sneasler, L50, F|100/100
|switch|p2a: Raichu|Raichu, L50, M|100/100
|switch|p2b: Gyarados|Gyarados, L50, M|100/100
|-ability|p2b: Gyarados|Intimidate|boost
|-unboost|p1a: Toxapex|atk|1
|-unboost|p1b: Sneasler|atk|1
|turn|1
|
|t:|1784558465
|move|p2a: Raichu|Protect|p2a: Raichu
|-singleturn|p2a: Raichu|Protect
|move|p2b: Gyarados|Protect|p2b: Gyarados
|-singleturn|p2b: Gyarados|Protect
|move|p1b: Sneasler|Fake Out|p2a: Raichu
|-activate|p2a: Raichu|move: Protect
|move|p1a: Toxapex|Toxic|p2b: Gyarados
|-activate|p2b: Gyarados|move: Protect
|
|upkeep
|turn|2
|
|t:|1784558481
|detailschange|p2a: Raichu|Raichu-Mega-Y, L50, M
|-mega|p2a: Raichu|Raichu|Raichunite Y
|move|p1b: Sneasler|Dire Claw|p2a: Raichu
|-damage|p2a: Raichu|47/100
|-damage|p1b: Sneasler|90/100|[from] item: Life Orb
|move|p2a: Raichu|Zap Cannon|p1b: Sneasler
|-damage|p1b: Sneasler|1/100
|-status|p1b: Sneasler|par
|move|p2b: Gyarados|Dragon Dance|p2b: Gyarados
|-boost|p2b: Gyarados|atk|1
|-boost|p2b: Gyarados|spe|1
|move|p1a: Toxapex|Toxic|p2b: Gyarados
|-status|p2b: Gyarados|tox
|
|-damage|p2b: Gyarados|93/100 tox|[from] psn
|upkeep
|turn|3
|
|t:|1784558504
|switch|p1b: Scrafty|Scrafty, L50, F|100/100
|-ability|p1b: Scrafty|Intimidate|boost
|-unboost|p2a: Raichu|atk|1
|-unboost|p2b: Gyarados|atk|1
|move|p1a: Toxapex|Baneful Bunker|p1a: Toxapex
|-singleturn|p1a: Toxapex|move: Protect
|move|p2b: Gyarados|Waterfall|p1b: Scrafty
|-damage|p1b: Scrafty|58/100
|move|p2a: Raichu|Zap Cannon|p1a: Toxapex
|-activate|p1a: Toxapex|move: Protect
|
|-damage|p2b: Gyarados|81/100 tox|[from] psn
|upkeep
|turn|4
|
|t:|1784558537
|switch|p2b: Mamoswine|Mamoswine, L50, M|100/100
|move|p2a: Raichu|Protect|p2a: Raichu
|-singleturn|p2a: Raichu|Protect
|move|p1b: Scrafty|Fake Out|p2a: Raichu
|-activate|p2a: Raichu|move: Protect
|move|p1a: Toxapex|Infestation|p2b: Mamoswine
|-damage|p2b: Mamoswine|95/100
|-activate|p2b: Mamoswine|move: Infestation|[of] p1a: Toxapex
|
|-damage|p2b: Mamoswine|82/100|[from] move: Infestation|[partiallytrapped]
|upkeep
|turn|5
|
|t:|1784558561
|switch|p1b: Sneasler|Sneasler, L50, F|1/100 par
|move|p1a: Toxapex|Baneful Bunker|p1a: Toxapex
|-singleturn|p1a: Toxapex|move: Protect
|move|p2a: Raichu|Focus Blast|p1b: Sneasler
|-resisted|p1b: Sneasler|1
|-damage|p1b: Sneasler|0 fnt
|faint|p1b: Sneasler
|move|p2b: Mamoswine|High Horsepower|p1a: Toxapex
|-activate|p1a: Toxapex|move: Protect
|-status|p2b: Mamoswine|psn
|
|-damage|p2b: Mamoswine|70/100 psn|[from] psn
|-damage|p2b: Mamoswine|58/100 psn|[from] move: Infestation|[partiallytrapped]
|upkeep
|
|t:|1784558574
|switch|p1b: Scrafty|Scrafty, L50, F|58/100
|-ability|p1b: Scrafty|Intimidate|boost
|-unboost|p2a: Raichu|atk|1
|-fail|p2b: Mamoswine|unboost|Attack|[from] ability: Oblivious|[of] p2b: Mamoswine
|turn|6
|
|t:|1784558587
|move|p1b: Scrafty|Fake Out|p2b: Mamoswine
|-damage|p2b: Mamoswine|47/100 psn
|move|p2a: Raichu|Focus Blast|p1b: Scrafty
|-supereffective|p1b: Scrafty|1
|-crit|p1b: Scrafty
|-damage|p1b: Scrafty|0 fnt
|faint|p1b: Scrafty
|cant|p2b: Mamoswine|flinch
|move|p1a: Toxapex|Toxic|p2a: Raichu
|-status|p2a: Raichu|tox
|
|-damage|p2a: Raichu|41/100 tox|[from] psn
|-damage|p2b: Mamoswine|34/100 psn|[from] psn
|-damage|p2b: Mamoswine|22/100 psn|[from] move: Infestation|[partiallytrapped]
|upkeep
|
|t:|1784558601
|switch|p1b: Metagross|Metagross, L50|100/100
|turn|7
|
|t:|1784558623
|move|p2a: Raichu|Protect|p2a: Raichu
|-singleturn|p2a: Raichu|Protect
|move|p1b: Metagross|Protect|p1b: Metagross
|-singleturn|p1b: Metagross|Protect
|move|p1a: Toxapex|Baneful Bunker|p1a: Toxapex
|-singleturn|p1a: Toxapex|move: Protect
|move|p2b: Mamoswine|High Horsepower|p1b: Metagross
|-activate|p1b: Metagross|move: Protect
|
|-damage|p2a: Raichu|29/100 tox|[from] psn
|-damage|p2b: Mamoswine|10/100 psn|[from] psn
|-damage|p2b: Mamoswine|0 fnt|[from] move: Infestation|[partiallytrapped]
|faint|p2b: Mamoswine
|upkeep
|
|t:|1784558637
|switch|p2b: Kingambit|Kingambit, L50, F|100/100
|turn|8
|
|t:|1784558668
|detailschange|p1b: Metagross|Metagross-Mega, L50
|-mega|p1b: Metagross|Metagross|Metagrossite
|move|p2a: Raichu|Zap Cannon|p1a: Toxapex
|-supereffective|p1a: Toxapex|1
|-damage|p1a: Toxapex|4/100
|-status|p1a: Toxapex|par
|move|p1b: Metagross|Stomping Tantrum|p2b: Kingambit
|-supereffective|p2b: Kingambit|1
|-damage|p2b: Kingambit|32/100
|move|p2b: Kingambit|Kowtow Cleave|p1a: Toxapex
|-damage|p1a: Toxapex|0 fnt
|faint|p1a: Toxapex
|
|-damage|p2a: Raichu|10/100 tox|[from] psn
|upkeep
|turn|9
|
|t:|1784558684
|switch|p2a: Gyarados|Gyarados, L50, M|81/100 tox
|-ability|p2a: Gyarados|Intimidate|boost
|-unboost|p1b: Metagross|atk|1
|move|p1b: Metagross|Protect|p1b: Metagross
|-singleturn|p1b: Metagross|Protect
|move|p2b: Kingambit|Sucker Punch||[still]
|-fail|p2b: Kingambit
|
|-damage|p2a: Gyarados|75/100 tox|[from] psn
|upkeep
|turn|10
|
|t:|1784558692
|move|p2b: Kingambit|Sucker Punch|p1b: Metagross
|-supereffective|p1b: Metagross|1
|-damage|p1b: Metagross|33/100
|move|p1b: Metagross|Stomping Tantrum|p2b: Kingambit
|-supereffective|p2b: Kingambit|1
|-damage|p2b: Kingambit|0 fnt
|faint|p2b: Kingambit
|move|p2a: Gyarados|Dragon Dance|p2a: Gyarados
|-boost|p2a: Gyarados|atk|1
|-boost|p2a: Gyarados|spe|1
|
|-damage|p2a: Gyarados|63/100 tox|[from] psn
|upkeep
|
|t:|1784558697
|switch|p2b: Raichu|Raichu-Mega-Y, L50, M|10/100 tox
|turn|11
|
|t:|1784558707
|move|p1b: Metagross|Protect|p1b: Metagross
|-singleturn|p1b: Metagross|Protect
|move|p2b: Raichu|Fake Out|p1b: Metagross
|-activate|p1b: Metagross|move: Protect
|move|p2a: Gyarados|Waterfall|p1b: Metagross
|-activate|p1b: Metagross|move: Protect
|
|-damage|p2a: Gyarados|45/100 tox|[from] psn
|-damage|p2b: Raichu|4/100 tox|[from] psn
|upkeep
|turn|12
|
|t:|1784558716
|move|p1b: Metagross|Protect||[still]
|-fail|p1b: Metagross
|move|p2a: Gyarados|Waterfall|p1b: Metagross
|-damage|p1b: Metagross|0 fnt
|faint|p1b: Metagross
|
|win|FreezyPop439
|raw|neuesspielzeug's rating: 1281 → 1261(-20 for losing)
|raw|FreezyPop439's rating: 1357 → 1373(+16 for winning)
