|j|☆chefstony24
|j|☆hungry hillo
|html|chefstony24hungry hillo    
|uhtml|bestof|Game 1 of a best-of-3
|t:|1757658496
|gametype|doubles
|player|p1|chefstony24|brycen|
|player|p2|hungry hillo|n|
|gen|9
|tier|[Gen 9] VGC 2025 Reg H (Bo3)
|rule|Species Clause: Limit one of each Pokémon
|rule|Item Clause: Limit 1 of each item
|clearpoke
|poke|p1|Tyranitar, L50, F|
|poke|p1|Excadrill, L50, M|
|poke|p1|Annihilape, L50, F|
|poke|p1|Amoonguss, L50, M|
|poke|p1|Corviknight, L50, M|
|poke|p1|Basculegion, L50, M|
|poke|p2|Rillaboom, L50, F|
|poke|p2|Dondozo, L50, M|
|poke|p2|Incineroar, L50, F|
|poke|p2|Clefairy, L50, M|
|poke|p2|Hydreigon, L50, M|
|poke|p2|Gholdengo, L50|
|teampreview|4
|showteam|p1|Tyranitar||AssaultVest|SandStream|RockSlide,KnockOff,TeraBlast,LowKick|||F|||50|,,,,,Flying]Excadrill||FocusSash|SandRush|HighHorsepower,IronHead,Earthquake,Protect|||M|||50|,,,,,Stellar]Annihilape||SafetyGoggles|Defiant|CloseCombat,RageFist,FinalGambit,Coaching|||F|||50|,,,,,Water]Amoonguss||SitrusBerry|Regenerator|LeafStorm,Spore,RagePowder,Protect|||M|||50|,,,,,Psychic]Corviknight||Leftovers|MirrorArmor|BraveBird,BulkUp,Tailwind,Roost|||M|||50|,,,,,Dragon]Basculegion||ChoiceScarf|Adaptability|WaveCrash,FlipTurn,LastRespects,TeraBlast|||M|||50|,,,,,Fairy
|showteam|p2|Rillaboom||AssaultVest|GrassySurge|FakeOut,WoodHammer,GrassyGlide,Uturn|||F|||50|,,,,,Water]Dondozo||Leftovers|Unaware|Protect,StompingTantrum,WaveCrash,Yawn|||M|||50|,,,,,Grass]Incineroar||SitrusBerry|Intimidate|FakeOut,KnockOff,FlareBlitz,PartingShot|||F|||50|,,,,,Bug]Clefairy||Eviolite|FriendGuard|LightScreen,FollowMe,Protect,HealPulse|||M|||50|,,,,,Normal]Hydreigon||SafetyGoggles|Levitate|DarkPulse,DracoMeteor,Protect,Tailwind|||M|||50|,,,,,Ghost]Gholdengo||LifeOrb|GoodasGold|MakeItRain,ShadowBall,NastyPlot,Protect||||||50|,,,,,Water
|inactive|Battle timer is ON: inactive players will automatically lose when time's up. (requested by chefstony24)
|c|☆hungry hillo|No timer pls
|inactive|chefstony24 has 60 seconds left.
|inactive|hungry hillo has 60 seconds left.
|inactive|chefstony24 has 30 seconds left.
|inactive|chefstony24 has 20 seconds left.
|inactive|chefstony24 has 15 seconds left.
|inactive|chefstony24 has 10 seconds left.
|inactive|chefstony24 has 5 seconds left.
|
|t:|1757658586
|teamsize|p1|4
|teamsize|p2|4
|start
|switch|p1a: Annihilape|Annihilape, L50, F|100/100
|switch|p1b: Corviknight|Corviknight, L50, M|100/100
|switch|p2a: Clefairy|Clefairy, L50, M|100/100
|switch|p2b: Dondozo|Dondozo, L50, M|100/100
|turn|1
|inactive|chefstony24 has 30 seconds left.
|inactive|chefstony24 has 20 seconds left.
|inactive|chefstony24 has 15 seconds left.
|
|t:|1757658627
|move|p2a: Clefairy|Follow Me|p2a: Clefairy
|-singleturn|p2a: Clefairy|move: Follow Me
|move|p1a: Annihilape|Rage Fist|p2a: Clefairy
|-damage|p2a: Clefairy|77/100
|move|p1b: Corviknight|Tailwind|p1b: Corviknight
|-sidestart|p1: chefstony24|move: Tailwind
|move|p2b: Dondozo|Yawn|p1b: Corviknight
|-start|p1b: Corviknight|move: Yawn|[of] p2b: Dondozo
|
|upkeep
|turn|2
|
|t:|1757658645
|switch|p1b: Excadrill|Excadrill, L50, M|100/100
|move|p2a: Clefairy|Follow Me|p2a: Clefairy
|-singleturn|p2a: Clefairy|move: Follow Me
|move|p1a: Annihilape|Rage Fist|p2a: Clefairy
|-damage|p2a: Clefairy|52/100
|move|p2b: Dondozo|Yawn|p1a: Annihilape
|-start|p1a: Annihilape|move: Yawn|[of] p2b: Dondozo
|
|upkeep
|turn|3
|
|t:|1757658666
|switch|p1a: Amoonguss|Amoonguss, L50, M|100/100
|move|p2a: Clefairy|Follow Me|p2a: Clefairy
|-singleturn|p2a: Clefairy|move: Follow Me
|move|p1b: Excadrill|Iron Head|p2a: Clefairy
|-supereffective|p2a: Clefairy
|-damage|p2a: Clefairy|0 fnt
|faint|p2a: Clefairy
|move|p2b: Dondozo|Stomping Tantrum|p1b: Excadrill
|-supereffective|p1b: Excadrill
|-damage|p1b: Excadrill|49/100
|
|upkeep
|
|t:|1757658673
|switch|p2a: Incineroar|Incineroar, L50, F|100/100
|-ability|p2a: Incineroar|Intimidate|boost
|-unboost|p1a: Amoonguss|atk|1
|-unboost|p1b: Excadrill|atk|1
|turn|4
|
|t:|1757658686
|switch|p2a: Rillaboom|Rillaboom, L50, F|100/100
|-fieldstart|move: Grassy Terrain|[from] ability: Grassy Surge|[of] p2a: Rillaboom
|-terastallize|p2b: Dondozo|Grass
|move|p1b: Excadrill|Protect|p1b: Excadrill
|-singleturn|p1b: Excadrill|Protect
|move|p1a: Amoonguss|Spore|p2b: Dondozo
|-immune|p2b: Dondozo
|move|p2b: Dondozo|Stomping Tantrum|p1b: Excadrill
|-activate|p1b: Excadrill|move: Protect
|
|-heal|p1b: Excadrill|55/100|[from] Grassy Terrain
|-sideend|p1: chefstony24|move: Tailwind
|upkeep
|turn|5
|inactive|chefstony24 has 30 seconds left.
|inactive|hungry hillo has 30 seconds left.
|inactive|chefstony24 has 20 seconds left.
|
|t:|1757658725
|switch|p1b: Annihilape|Annihilape, L50, F|100/100
|switch|p1a: Corviknight|Corviknight, L50, M|100/100
|move|p2a: Rillaboom|Fake Out|p1b: Annihilape
|-immune|p1b: Annihilape
|move|p2b: Dondozo|Stomping Tantrum|p1b: Annihilape
|-damage|p1b: Annihilape|84/100
|
|-heal|p1b: Annihilape|90/100|[from] Grassy Terrain
|upkeep
|turn|6
|
|t:|1757658748
|move|p1b: Annihilape|Final Gambit|p2b: Dondozo
|-damage|p2b: Dondozo|27/100
|faint|p1b: Annihilape
|move|p2a: Rillaboom|Wood Hammer|p1a: Corviknight
|-resisted|p1a: Corviknight
|-damage|p1a: Corviknight|87/100
|-damage|p2a: Rillaboom|96/100|[from] Recoil
|move|p1a: Corviknight|Brave Bird|p2a: Rillaboom
|-supereffective|p2a: Rillaboom
|-damage|p2a: Rillaboom|21/100
|-damage|p1a: Corviknight|62/100|[from] Recoil
|move|p2b: Dondozo|Yawn|p1a: Corviknight
|-start|p1a: Corviknight|move: Yawn|[of] p2b: Dondozo
|
|-heal|p2a: Rillaboom|27/100|[from] Grassy Terrain
|-heal|p1a: Corviknight|68/100|[from] item: Leftovers
|-heal|p2b: Dondozo|34/100|[from] Grassy Terrain
|-heal|p2b: Dondozo|40/100|[from] item: Leftovers
|upkeep
|
|t:|1757658770
|switch|p1b: Amoonguss|Amoonguss, L50, M|100/100
|turn|7
|
|t:|1757658784
|switch|p2a: Incineroar|Incineroar, L50, F|100/100
|-ability|p2a: Incineroar|Intimidate|boost
|-ability|p1a: Corviknight|Mirror Armor
|-unboost|p2a: Incineroar|atk|1
|-unboost|p1b: Amoonguss|atk|1
|move|p1b: Amoonguss|Rage Powder|p1b: Amoonguss
|-singleturn|p1b: Amoonguss|move: Rage Powder
|move|p1a: Corviknight|Brave Bird|p2b: Dondozo
|-supereffective|p2b: Dondozo
|-damage|p2b: Dondozo|0 fnt
|faint|p2b: Dondozo
|-damage|p1a: Corviknight|51/100|[from] Recoil
|
|-heal|p1a: Corviknight|57/100|[from] item: Leftovers
|-end|p1a: Corviknight|move: Yawn|[silent]
|-status|p1a: Corviknight|slp
|upkeep
|
|t:|1757658794
|switch|p2b: Rillaboom|Rillaboom, L50, F|27/100
|turn|8
|
|t:|1757658804
|move|p1b: Amoonguss|Protect|p1b: Amoonguss
|-singleturn|p1b: Amoonguss|Protect
|move|p2a: Incineroar|Fake Out|p1b: Amoonguss
|-activate|p1b: Amoonguss|move: Protect
|move|p2b: Rillaboom|Grassy Glide|p1a: Corviknight
|-resisted|p1a: Corviknight
|-damage|p1a: Corviknight|50/100 slp
|cant|p1a: Corviknight|slp
|
|-heal|p2b: Rillaboom|32/100|[from] Grassy Terrain
|-heal|p1a: Corviknight|56/100 slp|[from] item: Leftovers
|-fieldend|move: Grassy Terrain
|upkeep
|turn|9
|inactive|chefstony24 has 30 seconds left.
|
|t:|1757658829
|-terastallize|p1b: Amoonguss|Psychic
|move|p1b: Amoonguss|Rage Powder|p1b: Amoonguss
|-singleturn|p1b: Amoonguss|move: Rage Powder
|move|p2b: Rillaboom|U-turn|p1b: Amoonguss
|-supereffective|p1b: Amoonguss
|-damage|p1b: Amoonguss|64/100
|cant|p1a: Corviknight|slp
|move|p2a: Incineroar|Flare Blitz|p1b: Amoonguss
|-damage|p1b: Amoonguss|35/100
|-enditem|p1b: Amoonguss|Sitrus Berry|[eat]
|-heal|p1b: Amoonguss|59/100|[from] item: Sitrus Berry
|-damage|p2a: Incineroar|90/100|[from] Recoil
|
|-heal|p1a: Corviknight|62/100 slp|[from] item: Leftovers
|upkeep
|turn|10
|inactive|chefstony24 has 30 seconds left.
|
|t:|1757658856
|move|p2b: Rillaboom|Wood Hammer|p1a: Corviknight
|-resisted|p1a: Corviknight
|-crit|p1a: Corviknight
|-damage|p1a: Corviknight|45/100 slp
|-damage|p2b: Rillaboom|27/100|[from] Recoil
|-curestatus|p1a: Corviknight|slp|[msg]
|move|p1a: Corviknight|Brave Bird|p2b: Rillaboom
|-supereffective|p2b: Rillaboom
|-damage|p2b: Rillaboom|0 fnt
|faint|p2b: Rillaboom
|-damage|p1a: Corviknight|36/100|[from] Recoil
|move|p2a: Incineroar|Knock Off|p1a: Corviknight
|-damage|p1a: Corviknight|15/100
|-enditem|p1a: Corviknight|Leftovers|[from] move: Knock Off|[of] p2a: Incineroar
|move|p1b: Amoonguss|Spore|p2a: Incineroar
|-status|p2a: Incineroar|slp|[from] move: Spore
|
|upkeep
|turn|11
|
|t:|1757658880
|move|p1a: Corviknight|Roost|p1a: Corviknight
|-heal|p1a: Corviknight|66/100
|-singleturn|p1a: Corviknight|move: Roost
|cant|p2a: Incineroar|slp
|move|p1b: Amoonguss|Leaf Storm|p2a: Incineroar
|-resisted|p2a: Incineroar
|-damage|p2a: Incineroar|71/100 slp
|-unboost|p1b: Amoonguss|spa|2
|
|upkeep
|turn|12
|
|t:|1757658894
|switch|p1b: Excadrill|Excadrill, L50, M|55/100
|move|p1a: Corviknight|Bulk Up|p1a: Corviknight
|-boost|p1a: Corviknight|atk|1
|-boost|p1a: Corviknight|def|1
|cant|p2a: Incineroar|slp
|
|upkeep
|turn|13
|
|t:|1757658905
|move|p1b: Excadrill|High Horsepower|p2a: Incineroar
|-supereffective|p2a: Incineroar
|-damage|p2a: Incineroar|0 fnt
|faint|p2a: Incineroar
|
|win|chefstony24
||hungry hillo is ready for game 2.
|c|☆chefstony24|Gg
|inactive|chefstony24 has 30 seconds to confirm battle start!
|inactive|chefstony24 has 20 seconds to confirm battle start!
|c|☆hungry hillo|Gg
|inactive|chefstony24 has 10 seconds to confirm battle start!
||chefstony24 is ready for game 2.
|uhtml|next|Next: Game 2 of 3
|l|☆hungry hillo
|player|p2|
|c|☆chefstony24|Gg
|l|☆chefstony24
|player|p1|
|j|☆hungry hillo
|player|p2|hungry hillo|n|
