|j|☆uutung
|j|☆strye
|html|uutungstrye    
|uhtml|bestof|Game 1 of a best-of-3
|t:|1785763149
|gametype|doubles
|player|p1|uutung|102|
|player|p2|strye|2|
|gen|9
|tier|[Gen 9 Champions] VGC 2026 Reg M-B (Bo3)
|rule|Species Clause: Limit one of each Pokémon
|rule|Item Clause: Limit 1 of each item
|clearpoke
|poke|p1|Charizard, L50, M|
|poke|p1|Glimmora, L50, M|
|poke|p1|Whimsicott, L50, F|
|poke|p1|Ninetales-Alola, L50, F|
|poke|p1|Kingambit, L50, M|
|poke|p1|Kommo-o, L50, M|
|poke|p2|Blaziken, L50, M, shiny|
|poke|p2|Kingambit, L50, M, shiny|
|poke|p2|Basculegion, L50, M, shiny|
|poke|p2|Sylveon, L50, M, shiny|
|poke|p2|Torkoal, L50, F, shiny|
|poke|p2|Aerodactyl, L50, M, shiny|
|teampreview|4
|showteam|p1|Charizard||CharizarditeY|Blaze|HeatWave,WeatherBall,SolarBeam,Protect|Modest||M|||50|]Glimmora||Glimmoranite|ToxicDebris|SludgeBomb,PowerGem,EarthPower,SpikyShield|Modest||M|||50|]Whimsicott||FocusSash|Prankster|Moonblast,Tailwind,Encore,Protect|Timid||F|||50|]Ninetales-Alola||NeverMeltIce|SnowWarning|Blizzard,FreezeDry,Disable,Protect|Timid||F|||50|]Kingambit||BlackGlasses|Defiant|KowtowCleave,SuckerPunch,IronHead,Protect|Adamant||M|||50|]Kommo-o||LifeOrb|Overcoat|ClangingScales,AuraSphere,VacuumWave,Protect|Modest||M|||50|
|showteam|p2|Blaziken||Blazikenite|SpeedBoost|FlareBlitz,CloseCombat,RockSlide,Detect|Adamant||M|||50|]Kingambit||LifeOrb|Defiant|KowtowCleave,SuckerPunch,IronHead,Protect|Adamant||M|||50|]Basculegion||FocusSash|Adaptability|Liquidation,AquaJet,LastRespects,Protect|Adamant||M|||50|]Sylveon||FairyFeather|Pixilate|HyperVoice,HyperBeam,QuickAttack,Protect|Modest||M|||50|]Torkoal||Leftovers|Drought|BurningJealousy,WeatherBall,Yawn,Protect|Relaxed||F|||50|]Aerodactyl||Aerodactylite|Unnerve|RockSlide,DualWingbeat,IceFang,Tailwind|Jolly||M|||50|
|
|t:|1785763233
|teamsize|p1|4
|teamsize|p2|4
|start
|switch|p1a: Whimsicott|Whimsicott, L50, F|100/100
|switch|p1b: Glimmora|Glimmora, L50, M|100/100
|switch|p2a: Aerodactyl|Aerodactyl, L50, M, shiny|100/100
|switch|p2b: Basculegion|Basculegion, L50, M, shiny|100/100
|-ability|p2a: Aerodactyl|Unnerve
|turn|1
|
|t:|1785763288
|detailschange|p2a: Aerodactyl|Aerodactyl-Mega, L50, M, shiny
|-mega|p2a: Aerodactyl|Aerodactyl|Aerodactylite
|move|p1b: Glimmora|Spiky Shield|p1b: Glimmora
|-singleturn|p1b: Glimmora|move: Protect
|move|p1a: Whimsicott|Tailwind|p1a: Whimsicott
|-sidestart|p1: uutung|move: Tailwind
|move|p2a: Aerodactyl|Dual Wingbeat|p1a: Whimsicott
|-supereffective|p1a: Whimsicott|1
|-damage|p1a: Whimsicott|24/100
|-supereffective|p1a: Whimsicott|1
|-damage|p1a: Whimsicott|0 fnt
|faint|p1a: Whimsicott
|-hitcount|p1: Whimsicott|2
|move|p2b: Basculegion|Liquidation|p1b: Glimmora
|-activate|p1b: Glimmora|move: Protect
|-damage|p2b: Basculegion|87/100|[from] Spiky Shield|[of] p1b: Glimmora
|
|upkeep
|
|t:|1785763320
|switch|p1a: Kommo-o|Kommo-o, L50, M|100/100
|turn|2
|
|t:|1785763364
|detailschange|p1b: Glimmora|Glimmora-Mega, L50, M
|-mega|p1b: Glimmora|Glimmora|Glimmoranite
|move|p1b: Glimmora|Earth Power|p2b: Basculegion
|-damage|p2b: Basculegion|40/100
|-unboost|p2b: Basculegion|spd|1
|move|p1a: Kommo-o|Clanging Scales|p2a: Aerodactyl|[spread] p2a,p2b
|-damage|p2a: Aerodactyl|44/100
|-damage|p2b: Basculegion|0 fnt
|faint|p2b: Basculegion
|-unboost|p1a: Kommo-o|def|1
|-damage|p1a: Kommo-o|90/100|[from] item: Life Orb
|move|p2a: Aerodactyl|Dual Wingbeat|p1a: Kommo-o
|-supereffective|p1a: Kommo-o|1
|-damage|p1a: Kommo-o|14/100
|-supereffective|p1a: Kommo-o|1
|-damage|p1a: Kommo-o|0 fnt
|faint|p1a: Kommo-o
|-hitcount|p1: Kommo-o|2
|
|upkeep
|
|t:|1785763384
|switch|p1a: Kingambit|Kingambit, L50, M|100/100
|switch|p2b: Sylveon|Sylveon, L50, M, shiny|100/100
|turn|3
|
|t:|1785763402
|move|p2b: Sylveon|Protect|p2b: Sylveon
|-singleturn|p2b: Sylveon|Protect
|move|p1b: Glimmora|Power Gem|p2a: Aerodactyl
|-supereffective|p2a: Aerodactyl|1
|-damage|p2a: Aerodactyl|0 fnt
|faint|p2a: Aerodactyl
|move|p1a: Kingambit|Iron Head|p2b: Sylveon
|-activate|p2b: Sylveon|move: Protect
|
|upkeep
|
|t:|1785763410
|switch|p2a: Blaziken|Blaziken, L50, M, shiny|100/100
|turn|4
|
|t:|1785763445
|move|p1b: Glimmora|Sludge Bomb|p2b: Sylveon
|-supereffective|p2b: Sylveon|1
|-damage|p2b: Sylveon|0 fnt
|faint|p2b: Sylveon
|move|p1a: Kingambit|Iron Head|p2a: Blaziken
|-resisted|p2a: Blaziken|1
|-damage|p2a: Blaziken|66/100
|cant|p2a: Blaziken|flinch
|
|-sideend|p1: uutung|move: Tailwind
|-ability|p2a: Blaziken|Speed Boost|boost
|-boost|p2a: Blaziken|spe|1
|upkeep
|turn|5
|
|t:|1785763478
|move|p2a: Blaziken|Close Combat|p1a: Kingambit
|-supereffective|p1a: Kingambit|2
|-damage|p1a: Kingambit|0 fnt
|-unboost|p2a: Blaziken|def|1
|-unboost|p2a: Blaziken|spd|1
|faint|p1a: Kingambit
|move|p1b: Glimmora|Earth Power|p2a: Blaziken
|-supereffective|p2a: Blaziken|1
|-damage|p2a: Blaziken|0 fnt
|faint|p2a: Blaziken
|
|win|uutung
||uutung is ready for game 2.
||strye is ready for game 2.
|uhtml|next|Next: Game 2 of 3
|j| otenkoz
|l| otenkoz
|j| otenkoz
|l| otenkoz
