|j|☆ToastedArt
|j|☆trainer piwi
|html|ToastedArttrainer piwi    
|uhtml|bestof|Game 1 of a best-of-3
|t:|1785851287
|gametype|doubles
|player|p1|ToastedArt|iris|1120
|player|p2|trainer piwi|1|1023
|gen|9
|tier|[Gen 9 Champions] VGC 2026 Reg M-B (Bo3)
|rated|
|rule|Species Clause: Limit one of each Pokémon
|rule|Item Clause: Limit 1 of each item
|clearpoke
|poke|p1|Staraptor, L50, F|
|poke|p1|Whimsicott, L50, M|
|poke|p1|Gholdengo, L50|
|poke|p1|Zoroark-Hisui, L50, M|
|poke|p1|Garchomp, L50, F|
|poke|p1|Sinistcha, L50|
|poke|p2|Raichu, L50, M|
|poke|p2|Sneasler, L50, F|
|poke|p2|Hydreigon, L50, F|
|poke|p2|Incineroar, L50, M|
|poke|p2|Talonflame, L50, F|
|poke|p2|Tsareena, L50, F|
|teampreview|4
|showteam|p1|Staraptor||Staraptite|Intimidate|CloseCombat,DualWingbeat,Roost,Protect|Jolly||F|||50|]Whimsicott||OccaBerry|Prankster|Encore,Tailwind,Charm,EnergyBall|Timid||M|||50|]Gholdengo||ExpertBelt|GoodasGold|MakeItRain,ShadowBall,PowerGem,Protect|Modest|||||50|]Zoroark-Hisui||FocusSash|Illusion|BitterMalice,IcyWind,Taunt,FakeTears|Mild||M|||50|]Garchomp||LifeOrb|RoughSkin|Earthquake,DragonClaw,RockSlide,Protect|Jolly||F|||50|]Sinistcha||ColburBerry|Hospitality|MatchaGotcha,RagePowder,TrickRoom,StrengthSap|Relaxed|||||50|
|showteam|p2|Raichu||RaichuniteY|Static|FakeOut,VoltSwitch,ZapCannon,FocusBlast|Timid||M|||50|]Sneasler||FocusSash|Unburden|FakeOut,Taunt,CloseCombat,DireClaw|Jolly||F|||50|]Hydreigon||ChoiceScarf|Levitate|DracoMeteor,Snarl,EarthPower,DarkPulse|Timid||F|||50|]Incineroar||SitrusBerry|Intimidate|FakeOut,DarkestLariat,FlareBlitz,PartingShot|Adamant||M|||50|]Talonflame||SharpBeak|GaleWings|Tailwind,QuickGuard,DualWingbeat,WillOWisp|Impish||F|||50|]Tsareena||WideLens|QueenlyMajesty|TripleAxel,PowerWhip,HighJumpKick,Uturn|Adamant||F|||50|
|inactive|Battle timer is ON: inactive players will automatically lose when time's up. (requested by ToastedArt)
|inactive|ToastedArt has 60 seconds left.
|inactive|ToastedArt has 30 seconds left.
|inactive|ToastedArt has 20 seconds left.
|inactive|ToastedArt has 15 seconds left.
|inactive|ToastedArt has 10 seconds left.
|inactive|ToastedArt has 5 seconds left.
|
|t:|1785851374
|teamsize|p1|4
|teamsize|p2|4
|start
|switch|p1a: Staraptor|Staraptor, L50, F|100/100
|switch|p1b: Garchomp|Garchomp, L50, F|100/100
|switch|p2a: Hydreigon|Hydreigon, L50, F|100/100
|switch|p2b: Talonflame|Talonflame, L50, F|100/100
|-ability|p1a: Staraptor|Intimidate|boost
|-unboost|p2a: Hydreigon|atk|1
|-unboost|p2b: Talonflame|atk|1
|turn|1
|inactive|ToastedArt has 30 seconds left.
|inactive|trainer piwi has 30 seconds left.
|
|t:|1785851406
|detailschange|p1a: Staraptor|Staraptor-Mega, L50, F
|-mega|p1a: Staraptor|Staraptor|Staraptite
|move|p2b: Talonflame|Dual Wingbeat|p1a: Staraptor
|-supereffective|p1a: Staraptor|1
|-damage|p1a: Staraptor|73/100
|-supereffective|p1a: Staraptor|1
|-damage|p1a: Staraptor|51/100
|-hitcount|p1a: Staraptor|2
|move|p2a: Hydreigon|Dark Pulse|p1a: Staraptor
|-resisted|p1a: Staraptor|1
|-damage|p1a: Staraptor|28/100
|move|p1a: Staraptor|Close Combat|p2a: Hydreigon
|-supereffective|p2a: Hydreigon|1
|-damage|p2a: Hydreigon|0 fnt
|-boost|p1a: Staraptor|def|1
|-boost|p1a: Staraptor|spd|1
|faint|p2a: Hydreigon
|move|p1b: Garchomp|Taunt|p2b: Talonflame
|-start|p2b: Talonflame|move: Taunt
|
|upkeep
|
|t:|1785851428
|switch|p2a: Tsareena|Tsareena, L50, F|100/100
|turn|2
|
|t:|1785851434
|switch|p1b: Pickle Cup|Sinistcha, L50|100/100
|-heal|p1a: Staraptor|53/100|[from] ability: Hospitality|[of] p1b: Pickle Cup
|move|p2b: Talonflame|Dual Wingbeat|p1a: Staraptor
|-supereffective|p1a: Staraptor|1
|-damage|p1a: Staraptor|35/100
|-supereffective|p1a: Staraptor|1
|-damage|p1a: Staraptor|16/100
|-hitcount|p1a: Staraptor|2
|move|p1a: Staraptor|Dual Wingbeat|p2a: Tsareena
|-supereffective|p2a: Tsareena|1
|-damage|p2a: Tsareena|66/100
|-supereffective|p2a: Tsareena|1
|-damage|p2a: Tsareena|29/100
|-hitcount|p2a: Tsareena|2
|move|p2a: Tsareena|Triple Axel|p1b: Pickle Cup
|-supereffective|p1b: Pickle Cup|1
|-damage|p1b: Pickle Cup|88/100
|-supereffective|p1b: Pickle Cup|1
|-damage|p1b: Pickle Cup|69/100
|-hitcount|p1b: Pickle Cup|2
|
|upkeep
|turn|3
|inactive|ToastedArt has 30 seconds left.
|inactive|trainer piwi has 30 seconds left.
|
|t:|1785851461
|move|p1b: Pickle Cup|Rage Powder|p1b: Pickle Cup
|-singleturn|p1b: Pickle Cup|move: Rage Powder
|move|p2b: Talonflame|Dual Wingbeat|p1b: Pickle Cup
|-supereffective|p1b: Pickle Cup|1
|-crit|p1b: Pickle Cup
|-damage|p1b: Pickle Cup|19/100
|-supereffective|p1b: Pickle Cup|1
|-damage|p1b: Pickle Cup|0 fnt
|faint|p1b: Pickle Cup
|-hitcount|p1: Pickle Cup|2
|move|p1a: Staraptor|Roost|p1a: Staraptor
|-heal|p1a: Staraptor|66/100
|-singleturn|p1a: Staraptor|move: Roost
|move|p2a: Tsareena|Triple Axel|p1a: Staraptor
|-damage|p1a: Staraptor|61/100
|-damage|p1a: Staraptor|54/100
|-damage|p1a: Staraptor|41/100
|-hitcount|p1a: Staraptor|3
|
|upkeep
|
|t:|1785851471
|switch|p1b: Garchomp|Garchomp, L50, F|100/100
|turn|4
|
|t:|1785851485
|move|p2b: Talonflame|Dual Wingbeat|p1a: Staraptor
|-supereffective|p1a: Staraptor|1
|-crit|p1a: Staraptor
|-damage|p1a: Staraptor|0 fnt
|faint|p1a: Staraptor
|-hitcount|p1: Staraptor|1
|move|p1b: Garchomp|Bitter Malice|p2b: Talonflame
|-damage|p2b: Talonflame|47/100
|-unboost|p2b: Talonflame|atk|1
|move|p2a: Tsareena|Triple Axel|p1b: Garchomp
|-damage|p1b: Garchomp|84/100
|replace|p1b: Zoroark|Zoroark-Hisui, L50, M
|-end|p1b: Zoroark|Illusion
|-crit|p1b: Zoroark
|-damage|p1b: Zoroark|47/100
|-damage|p1b: Zoroark|9/100
|-hitcount|p1b: Zoroark|3
|
|-end|p2b: Talonflame|move: Taunt
|upkeep
|
|t:|1785851493
|switch|p1a: Garchomp|Garchomp, L50, F|100/100
|turn|5
|
|t:|1785851512
|move|p1a: Garchomp|Rock Slide|p2b: Talonflame|[spread] p2a,p2b
|-supereffective|p2b: Talonflame|2
|-damage|p2a: Tsareena|5/100
|-damage|p2b: Talonflame|0 fnt
|faint|p2b: Talonflame
|-damage|p1a: Garchomp|90/100|[from] item: Life Orb
|move|p1b: Zoroark|Bitter Malice|p2a: Tsareena
|-damage|p2a: Tsareena|0 fnt
|faint|p2a: Tsareena
|
|upkeep
|
|t:|1785851526
|switch|p2b: Raichu|Raichu, L50, M|100/100
|turn|6
|
|t:|1785851535
|detailschange|p2b: Raichu|Raichu-Mega-Y, L50, M
|-mega|p2b: Raichu|Raichu|Raichunite Y
|move|p2b: Raichu|Focus Blast|p1a: Garchomp
|-damage|p1a: Garchomp|33/100
|move|p1a: Garchomp|Dragon Claw|p2b: Raichu
|-damage|p2b: Raichu|0 fnt
|faint|p2b: Raichu
|-damage|p1a: Garchomp|23/100|[from] item: Life Orb
|
|win|ToastedArt
