|j|☆Pelosis
|j|☆Yaceuro
|html|PelosisYaceuro    
|uhtml|bestof|Game 1 of a best-of-3
|t:|1784041860
|gametype|doubles
|player|p1|Pelosis|2|1065
|player|p2|Yaceuro|n|1126
|gen|9
|tier|[Gen 9 Champions] VGC 2026 Reg M-B (Bo3)
|rated|
|rule|Species Clause: Limit one of each Pokémon
|rule|Item Clause: Limit 1 of each item
|clearpoke
|poke|p1|Mawile, L50, F|
|poke|p1|Farigiraf, L50, F|
|poke|p1|Incineroar, L50, M|
|poke|p1|Torkoal, L50, M|
|poke|p1|Venusaur, L50, F|
|poke|p1|Scrafty, L50, F|
|poke|p2|Mawile, L50, M, shiny|
|poke|p2|Swampert, L50, M|
|poke|p2|Pelipper, L50, M|
|poke|p2|Archaludon, L50, F, shiny|
|poke|p2|Basculegion, L50, M|
|poke|p2|Dragonite, L50, M|
|teampreview|4
|showteam|p1|Mawile||Mawilite|HyperCutter|Protect,PlayRough,SwordsDance,SuckerPunch|Brave||F|||50|]Farigiraf||SitrusBerry|ArmorTail|TrickRoom,TwinBeam,Thunderbolt,HelpingHand|Quiet||F|||50|]Incineroar||WhiteHerb|Intimidate|FakeOut,CloseCombat,FlareBlitz,ThroatChop|Brave||M|||50|]Torkoal||Charcoal|Drought|Protect,Eruption,HeatWave,WeatherBall|Quiet||M|||50|]Venusaur||FocusSash|Chlorophyll|SleepPowder,EarthPower,EnergyBall,SludgeBomb|Modest||F|||50|]Scrafty||Scraftinite|Intimidate|FakeOut,CloseCombat,KnockOff,IcePunch|Brave||F|||50|
|showteam|p2|Mawile||Mawilite|HyperCutter|PlayRough,BrickBreak,SuckerPunch,Protect|Adamant||M|||50|]Swampert||Swampertite|Torrent|HighHorsepower,IcePunch,WaveCrash,Protect|Adamant||M|||50|]Pelipper||FocusSash|Drizzle|WeatherBall,Hurricane,Tailwind,Protect|Modest||M|||50|]Archaludon||Leftovers|Stamina|FlashCannon,DragonPulse,ElectroShot,Protect|Modest||F|||50|]Basculegion||ChoiceScarf|Adaptability|FlipTurn,WaveCrash,AquaJet,LastRespects|Jolly||M|||50|]Dragonite||LifeOrb|InnerFocus|DracoMeteor,Hurricane,Thunder,Protect|Modest||M|||50|
|inactive|Battle timer is ON: inactive players will automatically lose when time's up. (requested by Yaceuro)
|inactive|Pelosis has 60 seconds left.
|inactive|Yaceuro has 60 seconds left.
|inactive|Pelosis has 30 seconds left.
|inactive|Yaceuro has 30 seconds left.
|
|t:|1784041923
|teamsize|p1|4
|teamsize|p2|4
|start
|switch|p1a: Venusaur|Venusaur, L50, F|100/100
|switch|p1b: Scrafty|Scrafty, L50, F|100/100
|switch|p2a: Mawile|Mawile, L50, M, shiny|100/100
|switch|p2b: Pelipper|Pelipper, L50, M|100/100
|-weather|RainDance|[from] ability: Drizzle|[of] p2b: Pelipper
|-ability|p1b: Scrafty|Intimidate|boost
|-fail|p2a: Mawile|unboost|Attack|[from] ability: Hyper Cutter|[of] p2a: Mawile
|-unboost|p2b: Pelipper|atk|1
|turn|1
|inactive|Pelosis has 30 seconds left.
|inactive|Yaceuro has 30 seconds left.
|inactive|Pelosis has 20 seconds left.
|inactive|Pelosis has 15 seconds left.
|
|t:|1784041966
|switch|p1b: Torkoal|Torkoal, L50, M|100/100
|-weather|SunnyDay|[from] ability: Drought|[of] p1b: Torkoal
|move|p2a: Mawile|Protect|p2a: Mawile
|-singleturn|p2a: Mawile|Protect
|move|p1a: Venusaur|Sleep Powder|p2a: Mawile
|-activate|p2a: Mawile|move: Protect
|move|p2b: Pelipper|Tailwind|p2b: Pelipper
|-sidestart|p2: Yaceuro|move: Tailwind
|
|-weather|SunnyDay|[upkeep]
|upkeep
|turn|2
|inactive|Pelosis has 30 seconds left.
|inactive|Yaceuro has 30 seconds left.
|
|t:|1784041998
|detailschange|p2a: Mawile|Mawile-Mega, L50, M, shiny
|-mega|p2a: Mawile|Mawile|Mawilite
|move|p1a: Venusaur|Sleep Powder|p2b: Pelipper|[miss]
|-miss|p1a: Venusaur|p2b: Pelipper
|move|p2b: Pelipper|Weather Ball|p1a: Venusaur
|-supereffective|p1a: Venusaur|1
|-damage|p1a: Venusaur|1/100
|move|p2a: Mawile|Brick Break|p1b: Torkoal
|-damage|p1b: Torkoal|64/100
|move|p1b: Torkoal|Eruption|p2a: Mawile|[spread] p2a,p2b
|-supereffective|p2a: Mawile|1
|-resisted|p2b: Pelipper|1
|-damage|p2a: Mawile|0 fnt
|-damage|p2b: Pelipper|50/100g
|faint|p2a: Mawile
|
|-weather|SunnyDay|[upkeep]
|upkeep
|
|t:|1784042013
|switch|p2a: Dragonite|Dragonite, L50, M|100/100
|turn|3
|inactive|Pelosis has 30 seconds left.
|
|t:|1784042042
|switch|p2b: Archaludon|Archaludon, L50, F, shiny|100/100
|switch|p1b: Farigiraf|Farigiraf, L50, F|100/100
|move|p1a: Venusaur|Sleep Powder|p2a: Dragonite
|-status|p2a: Dragonite|slp|[from] move: Sleep Powder
|cant|p2a: Dragonite|slp
|
|-weather|SunnyDay|[upkeep]
|upkeep
|turn|4
|
|t:|1784042065
|switch|p1a: Scrafty|Scrafty, L50, F|100/100
|-ability|p1a: Scrafty|Intimidate|boost
|-fail|p2a: Dragonite|unboost|Attack|[from] ability: Inner Focus|[of] p2a: Dragonite
|-unboost|p2b: Archaludon|atk|1
|move|p2b: Archaludon|Dragon Pulse|p1a: Scrafty
|-damage|p1a: Scrafty|64/100
|cant|p2a: Dragonite|slp
|move|p1b: Farigiraf|Trick Room|p1b: Farigiraf
|-fieldstart|move: Trick Room|[of] p1b: Farigiraf
|
|-weather|SunnyDay|[upkeep]
|-sideend|p2: Yaceuro|move: Tailwind
|upkeep
|turn|5
|inactive|Pelosis has 30 seconds left.
|inactive|Yaceuro has 30 seconds left.
|
|t:|1784042091
|detailschange|p1a: Scrafty|Scrafty-Mega, L50, F
|-mega|p1a: Scrafty|Scrafty|Scraftinite
|-ability|p1a: Scrafty|Intimidate|boost
|-fail|p2a: Dragonite|unboost|Attack|[from] ability: Inner Focus|[of] p2a: Dragonite
|-unboost|p2b: Archaludon|atk|1
|move|p2b: Archaludon|Protect|p2b: Archaludon
|-singleturn|p2b: Archaludon|Protect
|move|p1b: Farigiraf|Thunderbolt|p2a: Dragonite
|-damage|p2a: Dragonite|76/100 slp
|move|p1a: Scrafty|Ice Punch|p2a: Dragonite
|-supereffective|p2a: Dragonite|2
|-damage|p2a: Dragonite|0 fnt
|faint|p2a: Dragonite
|
|-weather|none
|upkeep
|
|t:|1784042104
|switch|p2a: Pelipper|Pelipper, L50, M|50/100g
|-weather|RainDance|[from] ability: Drizzle|[of] p2a: Pelipper
|turn|6
|
|t:|1784042123
|move|p1b: Farigiraf|Thunderbolt|p2a: Pelipper
|-supereffective|p2a: Pelipper|2
|-damage|p2a: Pelipper|0 fnt
|faint|p2a: Pelipper
|move|p1a: Scrafty|Close Combat|p2b: Archaludon
|-supereffective|p2b: Archaludon|1
|-damage|p2b: Archaludon|0 fnt
|-unboost|p1a: Scrafty|def|1
|-unboost|p1a: Scrafty|spd|1
|faint|p2b: Archaludon
|
|win|Pelosis
||Yaceuro is ready for game 2.
||Pelosis is ready for game 2.
|uhtml|next|Next: Game 2 of 3
|l|☆Yaceuro
|player|p2|
