|j|☆lilacq
|j|☆BlackStag52
|html|lilacqBlackStag52    
|uhtml|bestof|Game 2 of a best-of-3
|t:|1782346936
|gametype|doubles
|player|p1|lilacq|shauntal|1139
|player|p2|BlackStag52|lorelei-gen3|1092
|gen|9
|tier|[Gen 9 Champions] VGC 2026 Reg M-B (Bo3)
|rated|
|rule|Species Clause: Limit one of each Pokémon
|rule|Item Clause: Limit 1 of each item
|clearpoke
|poke|p1|Staraptor, L50, F|
|poke|p1|Whimsicott, L50, F|
|poke|p1|Sinistcha-Masterpiece, L50|
|poke|p1|Ceruledge, L50, F|
|poke|p1|Glimmora, L50, M|
|poke|p1|Raichu, L50, F|
|poke|p2|Garchomp, L50, F|
|poke|p2|Eelektross, L50, F|
|poke|p2|Sinistcha, L50|
|poke|p2|Primarina, L50, M|
|poke|p2|Vivillon-High Plains, L50, F|
|poke|p2|Sneasler, L50, M|
|teampreview|4
|showteam|p1|Staraptor||Staraptite|Intimidate|CloseCombat,BraveBird,Roost,Protect|Adamant||F|||50|]Whimsicott||FocusSash|Prankster|Tailwind,Moonblast,Tickle,Protect|Timid||F|||50|]Sinistcha-Masterpiece||SitrusBerry|Hospitality|MatchaGotcha,RagePowder,TrickRoom,LifeDew|Calm|||||50|]Ceruledge||ColburBerry|FlashFire|BulkUp,BitterBlade,ShadowSneak,Poltergeist|Adamant||F|||50|]Glimmora||PoisonBarb|ToxicDebris|SludgeBomb,PowerGem,SpikyShield,EarthPower|Timid||M|||50|]Raichu||RaichuniteX|LightningRod|FakeOut,VoltTackle,Nuzzle,Protect|Jolly||F|||50|
|showteam|p2|Garchomp||LifeOrb|RoughSkin|DragonClaw,Earthquake,Protect,RockSlide|Impish||F|||50|]Eelektross||Eelektrossite|Levitate|GrassKnot,Thunderbolt,Protect,Flamethrower|Modest||F|||50|]Sinistcha||KasibBerry|Hospitality|MatchaGotcha,RagePowder,TrickRoom,LifeDew|Bold|||||50|]Primarina||FairyFeather|LiquidVoice|DazzlingGleam,EnergyBall,HyperVoice,Protect|Modest||M|||50|]Vivillon-High Plains||FocusSash|FriendGuard|Tailwind,AirSlash,PollenPuff,Protect|Timid||F|||50|]Sneasler||WhiteHerb|Unburden|FakeOut,CloseCombat,DireClaw,Protect|Adamant||M|||50|
|inactive|Battle timer is ON: inactive players will automatically lose when time's up. (requested by lilacq)
|inactive|BlackStag52 has 60 seconds left.
|
|t:|1782346975
|teamsize|p1|4
|teamsize|p2|4
|start
|switch|p1a: Whimsicott|Whimsicott, L50, F|100/100
|switch|p1b: Ceruledge|Ceruledge, L50, F|100/100
|switch|p2a: Garchomp|Garchomp, L50, F|100/100
|switch|p2b: Vivillon|Vivillon-High Plains, L50, F|100/100
|turn|1
|
|t:|1782346994
|move|p1a: Whimsicott|Tailwind|p1a: Whimsicott
|-sidestart|p1: lilacq|move: Tailwind
|move|p1b: Ceruledge|Bulk Up|p1b: Ceruledge
|-boost|p1b: Ceruledge|atk|1
|-boost|p1b: Ceruledge|def|1
|move|p2b: Vivillon|Tailwind|p2b: Vivillon
|-sidestart|p2: BlackStag52|move: Tailwind
|move|p2a: Garchomp|Rock Slide|p1b: Ceruledge|[spread] p1b
|-miss|p2a: Garchomp|p1a: Whimsicott
|-supereffective|p1b: Ceruledge|1
|-damage|p1b: Ceruledge|67/100
|-damage|p2a: Garchomp|90/100|[from] item: Life Orb
|
|upkeep
|turn|2
|
|t:|1782347013
|move|p1a: Whimsicott|Tickle|p2a: Garchomp
|-unboost|p2a: Garchomp|atk|1
|-unboost|p2a: Garchomp|def|1
|move|p2b: Vivillon|Air Slash|p1a: Whimsicott
|-supereffective|p1a: Whimsicott|1
|-enditem|p1a: Whimsicott|Focus Sash
|-damage|p1a: Whimsicott|1/100
|move|p2a: Garchomp|Earthquake|p1a: Whimsicott|[spread] p1a,p1b
|-immune|p2b: Vivillon
|-resisted|p1a: Whimsicott|1
|-supereffective|p1b: Ceruledge|1
|-crit|p1b: Ceruledge
|-damage|p1a: Whimsicott|0 fnt
|-damage|p1b: Ceruledge|0 fnt
|faint|p1a: Whimsicott
|faint|p1b: Ceruledge
|-damage|p2a: Garchomp|80/100|[from] item: Life Orb
|
|upkeep
|
|t:|1782347026
|switch|p1a: Staraptor|Staraptor, L50, F|100/100
|switch|p1b: Sinistcha|Sinistcha-Masterpiece, L50|100/100
|-ability|p1a: Staraptor|Intimidate|boost
|-unboost|p2a: Garchomp|atk|1
|-unboost|p2b: Vivillon|atk|1
|turn|3
|
|t:|1782347048
|detailschange|p1a: Staraptor|Staraptor-Mega, L50, F
|-mega|p1a: Staraptor|Staraptor|Staraptite
|move|p2b: Vivillon|Air Slash|p1a: Staraptor
|-supereffective|p1a: Staraptor|1
|-damage|p1a: Staraptor|42/100
|move|p2a: Garchomp|Dragon Claw|p1a: Staraptor
|-damage|p1a: Staraptor|21/100
|-damage|p2a: Garchomp|70/100|[from] item: Life Orb
|move|p1a: Staraptor|Close Combat|p2b: Vivillon
|-resisted|p2b: Vivillon|2
|-damage|p2b: Vivillon|65/100
|-boost|p1a: Staraptor|def|1
|-boost|p1a: Staraptor|spd|1
|move|p1b: Sinistcha|Trick Room|p1b: Sinistcha
|-fieldstart|move: Trick Room|[of] p1b: Sinistcha
|
|upkeep
|turn|4
|inactive|BlackStag52 has 30 seconds left.
|
|t:|1782347075
|switch|p2b: Eelektross|Eelektross, L50, F|100/100
|move|p1b: Sinistcha|Matcha Gotcha|p2b: Eelektross|[spread] p2a,p2b
|-damage|p2a: Garchomp|44/100
|-damage|p2b: Eelektross|73/100
|move|p1a: Staraptor|Roost|p1a: Staraptor
|-heal|p1a: Staraptor|71/100
|-singleturn|p1a: Staraptor|move: Roost
|move|p2a: Garchomp|Rock Slide|p1a: Staraptor|[spread] p1a,p1b
|-resisted|p1a: Staraptor|1
|-damage|p1a: Staraptor|68/100
|-damage|p1b: Sinistcha|91/100
|-damage|p2a: Garchomp|35/100|[from] item: Life Orb
|
|-sideend|p2: BlackStag52|move: Tailwind
|-sideend|p1: lilacq|move: Tailwind
|upkeep
|turn|5
|
|t:|1782347099
|switch|p2a: Sneasler|Sneasler, L50, M|100/100
|detailschange|p2b: Eelektross|Eelektross-Mega, L50, F
|-mega|p2b: Eelektross|Eelektross|Eelektrossite
|move|p1b: Sinistcha|Rage Powder|p1b: Sinistcha
|-singleturn|p1b: Sinistcha|move: Rage Powder
|move|p2b: Eelektross|Flamethrower|p1b: Sinistcha
|-supereffective|p1b: Sinistcha|1
|-damage|p1b: Sinistcha|31/100
|-enditem|p1b: Sinistcha|Sitrus Berry|[eat]
|-heal|p1b: Sinistcha|56/100|[from] item: Sitrus Berry
|move|p1a: Staraptor|Close Combat|p2b: Eelektross
|-damage|p2b: Eelektross|0 fnt
|-boost|p1a: Staraptor|def|1
|-boost|p1a: Staraptor|spd|1
|faint|p2b: Eelektross
|
|upkeep
|
|t:|1782347115
|switch|p2b: Vivillon|Vivillon-High Plains, L50, F|65/100
|turn|6
|
|t:|1782347121
|move|p1a: Staraptor|Protect|p1a: Staraptor
|-singleturn|p1a: Staraptor|Protect
|move|p2a: Sneasler|Fake Out|p1a: Staraptor
|-activate|p1a: Staraptor|move: Protect
|move|p1b: Sinistcha|Life Dew|p1b: Sinistcha|[spread] p1a,p1b
|-heal|p1a: Staraptor|93/100
|-heal|p1b: Sinistcha|81/100
|move|p2b: Vivillon|Air Slash|p1b: Sinistcha
|-supereffective|p1b: Sinistcha|1
|-damage|p1b: Sinistcha|23/100
|
|upkeep
|turn|7
|inactive|lilacq has 30 seconds left.
|
|t:|1782347151
|move|p1b: Sinistcha|Rage Powder|p1b: Sinistcha
|-singleturn|p1b: Sinistcha|move: Rage Powder
|move|p1a: Staraptor|Brave Bird|p2b: Vivillon
|-supereffective|p2b: Vivillon|1
|-damage|p2b: Vivillon|0 fnt
|faint|p2b: Vivillon
|-damage|p1a: Staraptor|75/100|[from] Recoil
|move|p2a: Sneasler|Dire Claw|p1b: Sinistcha
|-damage|p1b: Sinistcha|0 fnt
|faint|p1b: Sinistcha
|
|-fieldend|move: Trick Room
|upkeep
|
|t:|1782347162
|switch|p2b: Garchomp|Garchomp, L50, F|35/100
|turn|8
|
|t:|1782347183
|move|p2a: Sneasler|Dire Claw|p1a: Staraptor
|-damage|p1a: Staraptor|54/100
|move|p2b: Garchomp|Dragon Claw|p1a: Staraptor
|-damage|p1a: Staraptor|34/100
|-damage|p2b: Garchomp|25/100|[from] item: Life Orb
|move|p1a: Staraptor|Close Combat|p2b: Garchomp
|-damage|p2b: Garchomp|0 fnt
|-boost|p1a: Staraptor|def|1
|-boost|p1a: Staraptor|spd|1
|-damage|p1a: Staraptor|22/100|[from] ability: Rough Skin|[of] p2b: Garchomp
|faint|p2b: Garchomp
|
|upkeep
|turn|9
|
|t:|1782347190
|move|p2a: Sneasler|Dire Claw|p1a: Staraptor
|-damage|p1a: Staraptor|5/100
|move|p1a: Staraptor|Roost|p1a: Staraptor
|-heal|p1a: Staraptor|55/100
|-singleturn|p1a: Staraptor|move: Roost
|
|upkeep
|turn|10
|
|t:|1782347203
|move|p2a: Sneasler|Dire Claw|p1a: Staraptor
|-damage|p1a: Staraptor|39/100
|move|p1a: Staraptor|Brave Bird|p2a: Sneasler
|-supereffective|p2a: Sneasler|1
|-damage|p2a: Sneasler|0 fnt
|faint|p2a: Sneasler
|-damage|p1a: Staraptor|12/100|[from] Recoil
|
|win|lilacq
|raw|lilacq's rating: 1139 → 1161(+22 for winning)
|raw|BlackStag52's rating: 1092 → 1071(-21 for losing)
