|j|☆KPR21
|j|☆raksbach
|html|KPR21raksbach    
|uhtml|bestof|Game 2 of a best-of-3
|t:|1783954786
|gametype|doubles
|player|p1|KPR21|marshal|1280
|player|p2|raksbach|102|1244
|gen|9
|tier|[Gen 9 Champions] VGC 2026 Reg M-B (Bo3)
|rated|
|rule|Species Clause: Limit one of each Pokémon
|rule|Item Clause: Limit 1 of each item
|clearpoke
|poke|p1|Tyranitar, L50, M|
|poke|p1|Excadrill, L50, M, shiny|
|poke|p1|Houndstone, L50, M|
|poke|p1|Corviknight, L50, F|
|poke|p1|Rotom-Wash, L50, shiny|
|poke|p1|Hydreigon, L50, F|
|poke|p2|Incineroar, L50, F|
|poke|p2|Maushold, L50|
|poke|p2|Sinistcha, L50|
|poke|p2|Sneasler, L50, F|
|poke|p2|Blastoise, L50, F|
|poke|p2|Delphox, L50, M|
|teampreview|4
|showteam|p1|Tyranitar||Tyranitarite|SandStream|Protect,KnockOff,RockSlide,LowKick|Adamant||M|||50|]Excadrill||FocusSash|SandRush|Protect,Earthquake,IronHead,BrickBreak|Adamant||M|||50|]Houndstone||ColburBerry|SandRush|Protect,Disable,WillOWisp,LastRespects|Jolly||M|||50|]Corviknight||Leftovers|MirrorArmor|Protect,Tailwind,IronHead,BraveBird|Adamant||F|||50|]Rotom-Wash||SitrusBerry|Levitate|Electroweb,HydroPump,Thunderbolt,WillOWisp|Modest|||||50|]Hydreigon||ChoiceScarf|Levitate|Snarl,DragonPulse,DarkPulse,HeatWave|Timid||F|||50|
|showteam|p2|Incineroar||SitrusBerry|Intimidate|FakeOut,FlareBlitz,DarkestLariat,PartingShot|Impish||F|||50|]Maushold||ChopleBerry|FriendGuard|SuperFang,FollowMe,Protect,Feint|Impish|||||50|]Sinistcha||OccaBerry|Hospitality|MatchaGotcha,LifeDew,RagePowder,Protect|Bold|||||50|]Sneasler||FocusSash|PoisonTouch|FakeOut,CloseCombat,DireClaw,QuickGuard|Jolly||F|||50|]Blastoise||Blastoisinite|Torrent|WaterSpout,DarkPulse,ShellSmash,Protect|Modest||F|||50|]Delphox||Delphoxite|Blaze|HeatWave,Psychic,NastyPlot,Protect|Timid||M|||50|
|inactive|Battle timer is ON: inactive players will automatically lose when time's up. (requested by raksbach)
|inactive|KPR21 has 60 seconds left.
|
|t:|1783954834
|teamsize|p1|4
|teamsize|p2|4
|start
|switch|p1a: Rotom|Rotom-Wash, L50, shiny|100/100
|switch|p1b: Corviknight|Corviknight, L50, F|100/100
|switch|p2a: Sinistcha|Sinistcha, L50|100/100
|switch|p2b: Blastoise|Blastoise, L50, F|100/100
|turn|1
|
|t:|1783954851
|detailschange|p2b: Blastoise|Blastoise-Mega, L50, F
|-mega|p2b: Blastoise|Blastoise|Blastoisinite
|move|p2a: Sinistcha|Rage Powder|p2a: Sinistcha
|-singleturn|p2a: Sinistcha|move: Rage Powder
|move|p2b: Blastoise|Shell Smash|p2b: Blastoise
|-unboost|p2b: Blastoise|def|1
|-unboost|p2b: Blastoise|spd|1
|-boost|p2b: Blastoise|atk|2
|-boost|p2b: Blastoise|spa|2
|-boost|p2b: Blastoise|spe|2
|move|p1a: Rotom|Electroweb|p2b: Blastoise|[spread] p2a,p2b
|-resisted|p2a: Sinistcha|1
|-supereffective|p2b: Blastoise|1
|-damage|p2a: Sinistcha|91/100
|-damage|p2b: Blastoise|44/100
|-unboost|p2a: Sinistcha|spe|1
|-unboost|p2b: Blastoise|spe|1
|move|p1b: Corviknight|Brave Bird|p2a: Sinistcha
|-supereffective|p2a: Sinistcha|1
|-damage|p2a: Sinistcha|10/100
|-damage|p1b: Corviknight|76/100|[from] Recoil
|
|-heal|p1b: Corviknight|82/100|[from] item: Leftovers
|upkeep
|turn|2
|inactive|KPR21 has 30 seconds left.
|inactive|raksbach has 30 seconds left.
|
|t:|1783954879
|switch|p2a: Incineroar|Incineroar, L50, F|100/100
|-ability|p2a: Incineroar|Intimidate|boost
|-unboost|p1a: Rotom|atk|1
|-ability|p1b: Corviknight|Mirror Armor
|-unboost|p2a: Incineroar|atk|1
|move|p2b: Blastoise|Dark Pulse|p1a: Rotom
|-damage|p1a: Rotom|14/100
|-enditem|p1a: Rotom|Sitrus Berry|[eat]
|-heal|p1a: Rotom|39/100|[from] item: Sitrus Berry
|move|p1a: Rotom|Electroweb|p2b: Blastoise|[spread] p2a,p2b
|-supereffective|p2b: Blastoise|1
|-damage|p2a: Incineroar|86/100
|-damage|p2b: Blastoise|0 fnt
|-unboost|p2a: Incineroar|spe|1
|faint|p2b: Blastoise
|move|p1b: Corviknight|Tailwind|p1b: Corviknight
|-sidestart|p1: KPR21|move: Tailwind
|
|-heal|p1b: Corviknight|88/100|[from] item: Leftovers
|upkeep
|
|t:|1783954892
|switch|p2b: Sinistcha|Sinistcha, L50|10/100
|-heal|p2a: Incineroar|100/100|[from] ability: Hospitality|[of] p2b: Sinistcha
|turn|3
|
|t:|1783954910
|switch|p1a: Tyranitar|Tyranitar, L50, M|100/100
|-weather|Sandstorm|[from] ability: Sand Stream|[of] p1a: Tyranitar
|move|p1b: Corviknight|Protect|p1b: Corviknight
|-singleturn|p1b: Corviknight|Protect
|move|p2a: Incineroar|Fake Out|p1a: Tyranitar
|-resisted|p1a: Tyranitar|1
|-damage|p1a: Tyranitar|97/100
|move|p2b: Sinistcha|Matcha Gotcha|p1b: Corviknight|[spread] p1a
|-activate|p1b: Corviknight|move: Protect
|-supereffective|p1a: Tyranitar|1
|-damage|p1a: Tyranitar|70/100
|-heal|p2b: Sinistcha|25/100|[from] drain|[of] p1a: Tyranitar
|
|-weather|Sandstorm|[upkeep]
|-damage|p2b: Sinistcha|19/100|[from] Sandstorm
|-damage|p2a: Incineroar|94/100|[from] Sandstorm
|-heal|p1b: Corviknight|94/100|[from] item: Leftovers
|upkeep
|turn|4
|
|t:|1783954933
|switch|p1b: Rotom|Rotom-Wash, L50, shiny|39/100
|move|p2b: Sinistcha|Protect|p2b: Sinistcha
|-singleturn|p2b: Sinistcha|Protect
|move|p1a: Tyranitar|Rock Slide|p2a: Incineroar|[spread] 
|-activate|p2b: Sinistcha|move: Protect
|-miss|p1a: Tyranitar|p2a: Incineroar
|move|p2a: Incineroar|Flare Blitz|p1b: Rotom
|-resisted|p1b: Rotom|1
|-damage|p1b: Rotom|24/100
|-damage|p2a: Incineroar|90/100|[from] Recoil
|
|-weather|Sandstorm|[upkeep]
|-damage|p1b: Rotom|18/100|[from] Sandstorm
|-damage|p2b: Sinistcha|13/100|[from] Sandstorm
|-damage|p2a: Incineroar|84/100|[from] Sandstorm
|upkeep
|turn|5
|
|t:|1783954952
|detailschange|p1a: Tyranitar|Tyranitar-Mega, L50, M
|-mega|p1a: Tyranitar|Tyranitar|Tyranitarite
|move|p1a: Tyranitar|Rock Slide|p2a: Incineroar|[spread] p2b
|-miss|p1a: Tyranitar|p2a: Incineroar
|-damage|p2b: Sinistcha|0 fnt
|faint|p2b: Sinistcha
|move|p1b: Rotom|Electroweb|p2a: Incineroar
|-damage|p2a: Incineroar|63/100
|-unboost|p2a: Incineroar|spe|1
|move|p2a: Incineroar|Parting Shot|p1a: Tyranitar
|-unboost|p1a: Tyranitar|atk|1
|-unboost|p1a: Tyranitar|spa|1
|
|t:|1783954958
|switch|p2a: Sneasler|Sneasler, L50, F|100/100|[from] Parting Shot
|
|-weather|Sandstorm|[upkeep]
|-damage|p1b: Rotom|12/100|[from] Sandstorm
|-damage|p2a: Sneasler|94/100|[from] Sandstorm
|-sideend|p1: KPR21|move: Tailwind
|upkeep
|
|t:|1783954975
|switch|p2b: Incineroar|Incineroar, L50, F|63/100
|-ability|p2b: Incineroar|Intimidate|boost
|-unboost|p1a: Tyranitar|atk|1
|-unboost|p1b: Rotom|atk|1
|turn|6
|
|t:|1783954996
|switch|p1b: Corviknight|Corviknight, L50, F|94/100
|move|p1a: Tyranitar|Protect|p1a: Tyranitar
|-singleturn|p1a: Tyranitar|Protect
|move|p2a: Sneasler|Close Combat|p1a: Tyranitar
|-activate|p1a: Tyranitar|move: Protect
|move|p2b: Incineroar|Darkest Lariat|p1b: Corviknight
|-damage|p1b: Corviknight|68/100
|
|-weather|Sandstorm|[upkeep]
|-damage|p2a: Sneasler|88/100|[from] Sandstorm
|-damage|p2b: Incineroar|57/100|[from] Sandstorm
|-heal|p1b: Corviknight|74/100|[from] item: Leftovers
|upkeep
|turn|7
|
|t:|1783955014
|switch|p1a: Rotom|Rotom-Wash, L50, shiny|12/100
|move|p2a: Sneasler|Close Combat|p1a: Rotom
|-damage|p1a: Rotom|0 fnt
|-unboost|p2a: Sneasler|def|1
|-unboost|p2a: Sneasler|spd|1
|faint|p1a: Rotom
|move|p1b: Corviknight|Tailwind|p1b: Corviknight
|-sidestart|p1: KPR21|move: Tailwind
|move|p2b: Incineroar|Flare Blitz|p1b: Corviknight
|-supereffective|p1b: Corviknight|1
|-damage|p1b: Corviknight|0 fnt
|faint|p1b: Corviknight
|-damage|p2b: Incineroar|32/100|[from] Recoil
|-enditem|p2b: Incineroar|Sitrus Berry|[eat]
|-heal|p2b: Incineroar|57/100|[from] item: Sitrus Berry
|
|-weather|none
|upkeep
|
|t:|1783955025
|switch|p1a: Tyranitar|Tyranitar-Mega, L50, M|70/100
|switch|p1b: Excadrill|Excadrill, L50, M, shiny|100/100
|-weather|Sandstorm|[from] ability: Sand Stream|[of] p1a: Tyranitar
|turn|8
|
|t:|1783955035
|move|p1a: Tyranitar|Protect|p1a: Tyranitar
|-singleturn|p1a: Tyranitar|Protect
|move|p1b: Excadrill|Earthquake|p2a: Sneasler|[spread] p2a,p2b
|-activate|p1a: Tyranitar|move: Protect
|-supereffective|p2a: Sneasler|1
|-supereffective|p2b: Incineroar|1
|-damage|p2a: Sneasler|0 fnt
|-damage|p2b: Incineroar|0 fnt
|faint|p2a: Sneasler
|faint|p2b: Incineroar
|
|win|KPR21
