|j|☆PaquitoelBollito
|j|☆9mel
|html|PaquitoelBollito9mel    
|uhtml|bestof|Game 1 of a best-of-3
|t:|1786027929
|gametype|doubles
|player|p1|PaquitoelBollito|265|1136
|player|p2|9mel|2|1032
|gen|9
|tier|[Gen 9 Champions] VGC 2026 Reg M-B (Bo3)
|rated|
|rule|Species Clause: Limit one of each Pokémon
|rule|Item Clause: Limit 1 of each item
|clearpoke
|poke|p1|Aerodactyl, L50, F|
|poke|p1|Kingambit, L50, M|
|poke|p1|Garchomp, L50, F|
|poke|p1|Farigiraf, L50, F|
|poke|p1|Charizard, L50, M|
|poke|p1|Sylveon, L50, M|
|poke|p2|Annihilape, L50, F|
|poke|p2|Garchomp, L50, F, shiny|
|poke|p2|Staraptor, L50, M, shiny|
|poke|p2|Ceruledge, L50, M|
|poke|p2|Incineroar, L50, M|
|poke|p2|Torkoal, L50, F|
|teampreview|4
|showteam|p1|Aerodactyl||Aerodactylite|Unnerve|Tailwind,DualWingbeat,IceFang,RockSlide|Jolly||F|||50|]Kingambit||BlackGlasses|Defiant|SuckerPunch,KowtowCleave,IronHead,LowKick|Adamant||M|||50|]Garchomp||LifeOrb|RoughSkin|Protect,DragonClaw,RockSlide,StompingTantrum|Jolly||F|||50|]Farigiraf||SitrusBerry|ArmorTail|PsychicFangs,Thunderbolt,TrickRoom,SunnyDay|Relaxed||F|||50|]Charizard||CharizarditeY|Blaze|Protect,HeatWave,WeatherBall,SolarBeam|Modest||M|||50|]Sylveon||FairyFeather|Pixilate|HyperVoice,Protect,QuickAttack,HyperBeam|Modest||M|||50|
|showteam|p2|Annihilape||ChestoBerry|Defiant|RageFist,DrainPunch,BulkUp,Rest|Careful||F|||50|]Garchomp||LifeOrb|RoughSkin|RockSlide,Earthquake,SunnyDay,Protect|Jolly||F|||50|]Staraptor||Staraptite|Intimidate|CloseCombat,BraveBird,Roost,Protect|Adamant||M|||50|]Ceruledge||ColburBerry|FlashFire|BitterBlade,ShadowSneak,BulkUp,Protect|Adamant||M|||50|]Incineroar||SitrusBerry|Intimidate|FakeOut,DarkestLariat,PartingShot,Protect|Impish||M|||50|]Torkoal||HeatRock|Drought|Eruption,BodyPress,SunnyDay,ClearSmog|Modest||F|||50|
|inactive|Battle timer is ON: inactive players will automatically lose when time's up. (requested by PaquitoelBollito)
|inactive|PaquitoelBollito has 60 seconds left.
|
|t:|1786027989
|teamsize|p1|4
|teamsize|p2|4
|start
|switch|p1a: Sylveon|Sylveon, L50, M|100/100
|switch|p1b: Farigiraf|Farigiraf, L50, F|100/100
|switch|p2a: Incineroar|Incineroar, L50, M|100/100
|switch|p2b: Torkoal|Torkoal, L50, F|100/100
|-ability|p2a: Incineroar|Intimidate|boost
|-unboost|p1a: Sylveon|atk|1
|-unboost|p1b: Farigiraf|atk|1
|-weather|SunnyDay|[from] ability: Drought|[of] p2b: Torkoal
|turn|1
|inactive|9mel has 30 seconds left.
|
|t:|1786028016
|move|p1a: Sylveon|Hyper Voice|p2a: Incineroar|[spread] p2a,p2b
|-resisted|p2b: Torkoal|1
|-damage|p2a: Incineroar|52/100
|-damage|p2b: Torkoal|71/100
|move|p2a: Incineroar|Parting Shot|p1a: Sylveon
|-unboost|p1a: Sylveon|atk|1
|-unboost|p1a: Sylveon|spa|1
|
|t:|1786028027
|switch|p2a: Ceruledge|Ceruledge, L50, M|100/100|[from] Parting Shot
|move|p2b: Torkoal|Body Press|p1b: Farigiraf
|-damage|p1b: Farigiraf|80/100
|move|p1b: Farigiraf|Trick Room|p1b: Farigiraf
|-fieldstart|move: Trick Room|[of] p1b: Farigiraf
|
|-weather|SunnyDay|[upkeep]
|upkeep
|turn|2
|inactive|PaquitoelBollito has 30 seconds left.
|
|t:|1786028061
|switch|p1a: Garchomp|Garchomp, L50, F|100/100
|move|p2b: Torkoal|Eruption|p1b: Farigiraf|[spread] p1a,p1b
|-resisted|p1a: Garchomp|1
|-crit|p1a: Garchomp
|-damage|p1a: Garchomp|57/100
|-damage|p1b: Farigiraf|30/100
|-enditem|p1b: Farigiraf|Sitrus Berry|[eat]
|-heal|p1b: Farigiraf|55/100|[from] item: Sitrus Berry
|move|p1b: Farigiraf|Psychic Fangs|p2a: Ceruledge
|-damage|p2a: Ceruledge|81/100
|move|p2a: Ceruledge|Bulk Up|p2a: Ceruledge
|-boost|p2a: Ceruledge|atk|1
|-boost|p2a: Ceruledge|def|1
|
|-weather|SunnyDay|[upkeep]
|upkeep
|turn|3
|inactive|PaquitoelBollito has 30 seconds left.
|
|t:|1786028092
|move|p1a: Garchomp|Protect|p1a: Garchomp
|-singleturn|p1a: Garchomp|Protect
|move|p2b: Torkoal|Eruption|p1a: Garchomp|[spread] p1b
|-activate|p1a: Garchomp|move: Protect
|-damage|p1b: Farigiraf|4/100
|move|p1b: Farigiraf|Psychic Fangs|p2b: Torkoal
|-damage|p2b: Torkoal|57/100
|move|p2a: Ceruledge|Bitter Blade|p1a: Garchomp
|-activate|p1a: Garchomp|move: Protect
|
|-weather|SunnyDay|[upkeep]
|upkeep
|turn|4
|inactive|9mel has 30 seconds left.
|
|t:|1786028118
|move|p2b: Torkoal|Eruption|p1a: Garchomp|[spread] p1a,p1b
|-resisted|p1a: Garchomp|1
|-damage|p1a: Garchomp|35/100
|-damage|p1b: Farigiraf|0 fnt
|faint|p1b: Farigiraf
|move|p2a: Ceruledge|Bitter Blade|p1a: Garchomp
|-resisted|p1a: Garchomp|1
|-damage|p1a: Garchomp|0 fnt
|-heal|p2a: Ceruledge|100/100|[from] drain|[of] p1a: Garchomp
|-damage|p2a: Ceruledge|87/100|[from] ability: Rough Skin|[of] p1a: Garchomp
|faint|p1a: Garchomp
|
|-weather|SunnyDay|[upkeep]
|upkeep
|
|t:|1786028122
|switch|p1b: Sylveon|Sylveon, L50, M|100/100
|switch|p1a: Kingambit|Kingambit, L50, M|100/100
|turn|5
|
|t:|1786028140
|move|p1a: Kingambit|Sucker Punch|p2b: Torkoal
|-damage|p2b: Torkoal|23/100
|move|p2b: Torkoal|Eruption|p1a: Kingambit|[spread] p1a,p1b
|-supereffective|p1a: Kingambit|1
|-damage|p1a: Kingambit|59/100
|-damage|p1b: Sylveon|86/100
|move|p1b: Sylveon|Hyper Beam|p2a: Ceruledge
|-resisted|p2a: Ceruledge|1
|-damage|p2a: Ceruledge|36/100
|-mustrecharge|p1b: Sylveon
|move|p2a: Ceruledge|Bitter Blade|p1a: Kingambit
|-supereffective|p1a: Kingambit|1
|-damage|p1a: Kingambit|0 fnt
|-heal|p2a: Ceruledge|65/100|[from] drain|[of] p1a: Kingambit
|faint|p1a: Kingambit
|
|-weather|SunnyDay|[upkeep]
|-fieldend|move: Trick Room
|upkeep
|turn|6
|-message|PaquitoelBollito forfeited.
|
|win|9mel
