|j|☆reshiee
|j|☆GymGlofer
|html|reshieeGymGlofer    
|uhtml|bestof|Game 1 of a best-of-3
|t:|1785095763
|gametype|doubles
|player|p1|reshiee|gwynn|1131
|player|p2|GymGlofer|blackbelt|1129
|gen|9
|tier|[Gen 9 Champions] VGC 2026 Reg M-B (Bo3)
|rated|
|rule|Species Clause: Limit one of each Pokémon
|rule|Item Clause: Limit 1 of each item
|clearpoke
|poke|p1|Charizard, L50, M|
|poke|p1|Venusaur, L50, F|
|poke|p1|Pelipper, L50, F|
|poke|p1|Grimmsnarl, L50, M|
|poke|p1|Basculegion, L50, M|
|poke|p1|Archaludon, L50, M|
|poke|p2|Quaquaval, L50, M|
|poke|p2|Greninja, L50, F|
|poke|p2|Pelipper, L50, F|
|poke|p2|Basculegion-F, L50, F|
|poke|p2|Starmie, L50|
|poke|p2|Swampert, L50, M|
|teampreview|4
|showteam|p1|Charizard||CharizarditeY|Blaze|HeatWave,WeatherBall,SolarBeam,Protect|Modest||M|||50|]Venusaur||FocusSash|Chlorophyll|SludgeBomb,EarthPower,SleepPowder,Protect|Modest||F|||50|]Pelipper||SitrusBerry|Drizzle|Hurricane,WeatherBall,Tailwind,WideGuard|Modest||F|||50|]Grimmsnarl||LightClay|Prankster|SpiritBreak,Reflect,LightScreen,PartingShot|Sassy||M|||50|]Basculegion||ChoiceScarf|Adaptability|WaveCrash,LastRespects,FlipTurn,AquaJet|Jolly||M|||50|]Archaludon||Leftovers|Stamina|DragonPulse,FlashCannon,ElectroShot,Protect|Calm||M|||50|
|showteam|p2|Quaquaval||FocusSash|Moxie|AquaStep,CloseCombat,TripleAxel,Protect|Jolly||M|||50|]Greninja||Greninjite|Protean|FlipTurn,DarkPulse,IcyWind,Protect|Hasty||F|||50|]Pelipper||ZoomLens|Drizzle|MuddyWater,Hurricane,WideGuard,Protect|Quiet||F|||50|]Basculegion-F||LifeOrb|Adaptability|ChillingWater,ShadowBall,AquaJet,Protect|Timid||F|||50|]Starmie||ChoiceScarf|Illuminate|HydroPump,Psychic,Thunder,IceBeam|Timid|||||50|]Swampert||Swampertite|Torrent|WaveCrash,Earthquake,BrickBreak,Protect|Adamant||M|||50|
|c|☆reshiee|glhf
|inactive|Battle timer is ON: inactive players will automatically lose when time's up. (requested by GymGlofer)
|
|t:|1785095793
|teamsize|p1|4
|teamsize|p2|4
|start
|switch|p1a: Charizard|Charizard, L50, M|100/100
|switch|p1b: Venusaur|Venusaur, L50, F|100/100
|switch|p2a: Quaquaval|Quaquaval, L50, M|100/100
|switch|p2b: Basculegion|Basculegion-F, L50, F|100/100
|turn|1
|j| gruarg
|l| gruarg
|
|t:|1785095817
|move|p2b: Basculegion|Protect|p2b: Basculegion
|-singleturn|p2b: Basculegion|Protect
|move|p1b: Venusaur|Protect|p1b: Venusaur
|-singleturn|p1b: Venusaur|Protect
|move|p1a: Charizard|Protect|p1a: Charizard
|-singleturn|p1a: Charizard|Protect
|move|p2a: Quaquaval|Triple Axel|p1b: Venusaur
|-activate|p1b: Venusaur|move: Protect
|
|upkeep
|turn|2
|inactive|reshiee has 30 seconds left.
|inactive|reshiee has 20 seconds left.
|
|t:|1785095854
|detailschange|p1a: Charizard|Charizard-Mega-Y, L50, M
|-mega|p1a: Charizard|Charizard|Charizardite Y
|-weather|SunnyDay|[from] ability: Drought|[of] p1a: Charizard
|move|p1b: Venusaur|Sleep Powder|p2a: Quaquaval|[miss]
|-miss|p1b: Venusaur|p2a: Quaquaval
|move|p2a: Quaquaval|Triple Axel|p1b: Venusaur
|-supereffective|p1b: Venusaur|1
|-damage|p1b: Venusaur|83/100
|-supereffective|p1b: Venusaur|1
|-damage|p1b: Venusaur|44/100
|-supereffective|p1b: Venusaur|1
|-damage|p1b: Venusaur|0 fnt
|faint|p1b: Venusaur
|-ability|p2a: Quaquaval|Moxie|boost
|-boost|p2a: Quaquaval|atk|1
|-hitcount|p1: Venusaur|3
|move|p2b: Basculegion|Shadow Ball|p1a: Charizard
|-damage|p1a: Charizard|50/100g
|-damage|p2b: Basculegion|90/100|[from] item: Life Orb
|move|p1a: Charizard|Heat Wave|p2b: Basculegion|[spread] p2a,p2b
|-resisted|p2a: Quaquaval|1
|-resisted|p2b: Basculegion|1
|-damage|p2a: Quaquaval|54/100
|-damage|p2b: Basculegion|54/100
|
|-weather|SunnyDay|[upkeep]
|upkeep
|
|t:|1785095876
|switch|p1b: Archaludon|Archaludon, L50, M|100/100
|turn|3
|inactive|reshiee has 30 seconds left.
|inactive|reshiee has 20 seconds left.
|
|t:|1785095912
|move|p1a: Charizard|Protect|p1a: Charizard
|-singleturn|p1a: Charizard|Protect
|move|p2b: Basculegion|Aqua Jet|p1a: Charizard
|-activate|p1a: Charizard|move: Protect
|move|p2a: Quaquaval|Aqua Step|p1a: Charizard
|-activate|p1a: Charizard|move: Protect
|move|p1b: Archaludon|Dragon Pulse|p2a: Quaquaval
|-damage|p2a: Quaquaval|8/100
|
|-weather|SunnyDay|[upkeep]
|upkeep
|turn|4
|
|t:|1785095935
|switch|p1a: Basculegion|Basculegion, L50, M|100/100
|move|p2a: Quaquaval|Protect|p2a: Quaquaval
|-singleturn|p2a: Quaquaval|Protect
|move|p2b: Basculegion|Shadow Ball|p1a: Basculegion
|-supereffective|p1a: Basculegion|1
|-damage|p1a: Basculegion|0 fnt
|faint|p1a: Basculegion
|-damage|p2b: Basculegion|44/100|[from] item: Life Orb
|move|p1b: Archaludon|Dragon Pulse|p2a: Quaquaval
|-activate|p2a: Quaquaval|move: Protect
|
|-weather|SunnyDay|[upkeep]
|upkeep
|
|t:|1785095947
|switch|p1a: Charizard|Charizard-Mega-Y, L50, M|50/100g
|turn|5
|
|t:|1785095956
|switch|p2b: Pelipper|Pelipper, L50, F|100/100
|-weather|RainDance|[from] ability: Drizzle|[of] p2b: Pelipper
|move|p2a: Quaquaval|Close Combat|p1b: Archaludon
|-supereffective|p1b: Archaludon|1
|-damage|p1b: Archaludon|0 fnt
|-unboost|p2a: Quaquaval|def|1
|-unboost|p2a: Quaquaval|spd|1
|faint|p1b: Archaludon
|-ability|p2a: Quaquaval|Moxie|boost
|-boost|p2a: Quaquaval|atk|1
|move|p1a: Charizard|Solar Beam||[still]
|-prepare|p1a: Charizard|Solar Beam
|
|-weather|RainDance|[upkeep]
|upkeep
|turn|6
|
|t:|1785095972
|move|p2a: Quaquaval|Aqua Step|p1a: Charizard
|-supereffective|p1a: Charizard|1
|-damage|p1a: Charizard|0 fnt
|-boost|p2a: Quaquaval|spe|1
|faint|p1a: Charizard
|
|win|GymGlofer
||GymGlofer is ready for game 2.
|inactive|reshiee has 30 seconds to confirm battle start!
||reshiee is ready for game 2.
|uhtml|next|Next: Game 2 of 3
