|j|☆ShedinjaTaxFraud
|j|☆bwahacough
|html|ShedinjaTaxFraudbwahacough    
|uhtml|bestof|Game 2 of a best-of-3
|t:|1755559996
|gametype|doubles
|player|p1|ShedinjaTaxFraud|aquasuit|1284
|player|p2|bwahacough|medium|1457
|gen|9
|tier|[Gen 9] VGC 2025 Reg H (Bo3)
|rated|
|rule|Species Clause: Limit one of each Pokémon
|rule|Item Clause: Limit 1 of each item
|clearpoke
|poke|p1|Gholdengo, L50|
|poke|p1|Sneasler, L50, M|
|poke|p1|Rillaboom, L50, M|
|poke|p1|Dragonite, L50, M|
|poke|p1|Ninetales-Alola, L50, F|
|poke|p1|Arcanine-Hisui, L50, M|
|poke|p2|Lycanroc, L50, F|
|poke|p2|Tyranitar, L50, F|
|poke|p2|Indeedee-F, L50, F|
|poke|p2|Sinistcha-Masterpiece, L50|
|poke|p2|Delphox, L50, M|
|poke|p2|Murkrow, L50, F|
|teampreview|4
|showteam|p1|Gholdengo||GrassySeed|GoodasGold|NastyPlot,MakeItRain,ShadowBall,Protect||||||50|,,,,,Water]Sneasler||WhiteHerb|Unburden|CloseCombat,DireClaw,Coaching,Protect|||M|||50|,,,,,Ghost]Rillaboom||AssaultVest|GrassySurge|FakeOut,GrassyGlide,DrumBeating,HighHorsepower|||M|||50|,,,,,Fire]Dragonite||LoadedDice|Multiscale|ScaleShot,StompingTantrum,Tailwind,Protect|||M|||50|,,,,,Ground]Ninetales-Alola||FocusSash|SnowWarning|Blizzard,IcyWind,Encore,AuroraVeil|||F|||50|,,,,,Ghost]Arcanine-Hisui||ClearAmulet|Intimidate|RockSlide,FlareBlitz,ExtremeSpeed,Protect|||M|||50|,,,,,Water
|showteam|p2|Lycanroc||FocusSash|SandRush|RockSlide,CloseCombat,Protect,PsychicFangs|||F|||50|,,,,,Fighting]Tyranitar||ClearAmulet|SandStream|RockSlide,KnockOff,Protect,TeraBlast|||F|||50|,,,,,Grass]Indeedee-F||SafetyGoggles|PsychicSurge|Psychic,FollowMe,Protect,HelpingHand|||F|||50|,,,,,Fairy]Sinistcha-Masterpiece||SitrusBerry|Hospitality|MatchaGotcha,ShadowBall,StrengthSap,RagePowder||||||50|,,,,,Fairy]Delphox||LifeOrb|Blaze|HeatWave,ExpandingForce,TeraBlast,Protect|||M|||50|,,,,,Fighting]Murkrow||Eviolite|Prankster|FoulPlay,Tailwind,Haze,IcyWind|||F|||50|,,,,,Steel
|inactive|Battle timer is ON: inactive players will automatically lose when time's up. (requested by ShedinjaTaxFraud)
|inactive|ShedinjaTaxFraud has 60 seconds left.
|
|t:|1755560030
|teamsize|p1|4
|teamsize|p2|4
|start
|switch|p1a: Gholdengo|Gholdengo, L50|100/100
|switch|p1b: Rillaboom|Rillaboom, L50, M|100/100
|switch|p2a: Lycanroc|Lycanroc, L50, F|100/100
|switch|p2b: Tyranitar|Tyranitar, L50, F|100/100
|-fieldstart|move: Grassy Terrain|[from] ability: Grassy Surge|[of] p1b: Rillaboom
|-enditem|p1a: Gholdengo|Grassy Seed
|-boost|p1a: Gholdengo|def|1|[from] item: Grassy Seed
|-weather|Sandstorm|[from] ability: Sand Stream|[of] p2b: Tyranitar
|turn|1
|
|t:|1755560049
|move|p1b: Rillaboom|Fake Out|p2b: Tyranitar
|-resisted|p2b: Tyranitar
|-damage|p2b: Tyranitar|95/100
|move|p2a: Lycanroc|Rock Slide|p1b: Rillaboom|[spread] p1a,p1b
|-resisted|p1a: Gholdengo
|-damage|p1a: Gholdengo|92/100
|-damage|p1b: Rillaboom|72/100
|move|p1a: Gholdengo|Nasty Plot|p1a: Gholdengo
|-boost|p1a: Gholdengo|spa|2
|cant|p2b: Tyranitar|flinch
|
|-weather|Sandstorm|[upkeep]
|-damage|p1b: Rillaboom|66/100|[from] Sandstorm
|-heal|p1b: Rillaboom|72/100|[from] Grassy Terrain
|-heal|p1a: Gholdengo|98/100|[from] Grassy Terrain
|-heal|p2b: Tyranitar|100/100|[from] Grassy Terrain
|upkeep
|turn|2
|
|t:|1755560059
|move|p2a: Lycanroc|Protect|p2a: Lycanroc
|-singleturn|p2a: Lycanroc|Protect
|move|p1b: Rillaboom|Grassy Glide|p2a: Lycanroc
|-activate|p2a: Lycanroc|move: Protect
|move|p1a: Gholdengo|Make It Rain|p2a: Lycanroc|[spread] p2b
|-activate|p2a: Lycanroc|move: Protect
|-supereffective|p2b: Tyranitar
|-damage|p2b: Tyranitar|7/100
|-unboost|p1a: Gholdengo|spa|1
|move|p2b: Tyranitar|Knock Off|p1b: Rillaboom
|-damage|p1b: Rillaboom|14/100
|-enditem|p1b: Rillaboom|Assault Vest|[from] move: Knock Off|[of] p2b: Tyranitar
|
|-weather|Sandstorm|[upkeep]
|-damage|p1b: Rillaboom|8/100|[from] Sandstorm
|-heal|p1b: Rillaboom|14/100|[from] Grassy Terrain
|-heal|p1a: Gholdengo|100/100|[from] Grassy Terrain
|-heal|p2b: Tyranitar|13/100|[from] Grassy Terrain
|upkeep
|turn|3
|
|t:|1755560080
|switch|p1b: Ninetales|Ninetales-Alola, L50, F|100/100
|-weather|Snowscape|[from] ability: Snow Warning|[of] p1b: Ninetales
|switch|p2b: Indeedee|Indeedee-F, L50, F, shiny|100/100
|-fieldstart|move: Psychic Terrain|[from] ability: Psychic Surge|[of] p2b: Indeedee
|move|p2a: Lycanroc|Rock Slide|p1b: Ninetales|[spread] p1a,p1b
|-resisted|p1a: Gholdengo
|-supereffective|p1b: Ninetales
|-damage|p1a: Gholdengo|91/100
|-damage|p1b: Ninetales|43/100
|cant|p1a: Gholdengo|flinch
|
|-weather|Snowscape|[upkeep]
|upkeep
|turn|4
|
|t:|1755560091
|move|p2b: Indeedee|Protect|p2b: Indeedee
|-singleturn|p2b: Indeedee|Protect
|move|p1b: Ninetales|Icy Wind|p2a: Lycanroc|[spread] p2a
|-activate|p2b: Indeedee|move: Protect
|-damage|p2a: Lycanroc|76/100
|-unboost|p2a: Lycanroc|spe|1
|move|p1a: Gholdengo|Make It Rain|p2b: Indeedee|[spread] p2a
|-activate|p2b: Indeedee|move: Protect
|-supereffective|p2a: Lycanroc
|-damage|p2a: Lycanroc|0 fnt
|-unboost|p1a: Gholdengo|spa|1
|faint|p2a: Lycanroc
|
|-weather|Snowscape|[upkeep]
|upkeep
|
|t:|1755560094
|switch|p2a: Delphox|Delphox, L50, M, shiny|100/100
|turn|5
|
|t:|1755560107
|switch|p1b: Rillaboom|Rillaboom, L50, M|14/100
|-fieldstart|move: Grassy Terrain|[from] ability: Grassy Surge|[of] p1b: Rillaboom
|switch|p2b: Tyranitar|Tyranitar, L50, F|13/100
|-weather|Sandstorm|[from] ability: Sand Stream|[of] p2b: Tyranitar
|-terastallize|p1a: Gholdengo|Water
|move|p2a: Delphox|Heat Wave|p1a: Gholdengo|[spread] p1a,p1b
|-resisted|p1a: Gholdengo
|-supereffective|p1b: Rillaboom
|-damage|p1a: Gholdengo|71/100
|-damage|p1b: Rillaboom|0 fnt
|faint|p1b: Rillaboom
|-damage|p2a: Delphox|91/100|[from] item: Life Orb
|move|p1a: Gholdengo|Nasty Plot|p1a: Gholdengo
|-boost|p1a: Gholdengo|spa|2
|
|-weather|Sandstorm|[upkeep]
|-damage|p2a: Delphox|85/100|[from] Sandstorm
|-damage|p1a: Gholdengo|65/100|[from] Sandstorm
|-heal|p2a: Delphox|91/100|[from] Grassy Terrain
|-heal|p1a: Gholdengo|71/100|[from] Grassy Terrain
|-heal|p2b: Tyranitar|19/100|[from] Grassy Terrain
|upkeep
|
|t:|1755560119
|switch|p1b: Ninetales|Ninetales-Alola, L50, F|43/100
|-weather|Snowscape|[from] ability: Snow Warning|[of] p1b: Ninetales
|turn|6
|
|t:|1755560127
|switch|p2b: Indeedee|Indeedee-F, L50, F, shiny|100/100
|-fieldstart|move: Psychic Terrain|[from] ability: Psychic Surge|[of] p2b: Indeedee
|move|p1b: Ninetales|Icy Wind|p2a: Delphox|[spread] p2a,p2b
|-resisted|p2a: Delphox
|-damage|p2a: Delphox|81/100
|-damage|p2b: Indeedee|85/100
|-unboost|p2a: Delphox|spe|1
|-unboost|p2b: Indeedee|spe|1
|move|p1a: Gholdengo|Make It Rain|p2a: Delphox|[spread] p2a,p2b
|-resisted|p2a: Delphox
|-damage|p2a: Delphox|31/100
|-damage|p2b: Indeedee|2/100
|-unboost|p1a: Gholdengo|spa|1
|move|p2a: Delphox|Expanding Force|p1a: Gholdengo|[spread] p1a,p1b
|-damage|p1a: Gholdengo|2/100
|-damage|p1b: Ninetales|0 fnt
|faint|p1b: Ninetales
|-damage|p2a: Delphox|21/100|[from] item: Life Orb
|
|-weather|Snowscape|[upkeep]
|upkeep
|
|t:|1755560138
|switch|p1b: Arcanine|Arcanine-Hisui, L50, M|100/100
|-ability|p1b: Arcanine|Intimidate|boost
|-unboost|p2a: Delphox|atk|1
|-unboost|p2b: Indeedee|atk|1
|turn|7
|
|t:|1755560147
|switch|p2a: Tyranitar|Tyranitar, L50, F|19/100
|-weather|Sandstorm|[from] ability: Sand Stream|[of] p2a: Tyranitar
|move|p2b: Indeedee|Protect|p2b: Indeedee
|-singleturn|p2b: Indeedee|Protect
|move|p1b: Arcanine|Rock Slide|p2a: Tyranitar|[spread] p2a
|-activate|p2b: Indeedee|move: Protect
|-damage|p2a: Tyranitar|0 fnt
|faint|p2a: Tyranitar
|move|p1a: Gholdengo|Make It Rain|p2b: Indeedee
|-activate|p2b: Indeedee|move: Protect
|
|-weather|Sandstorm|[upkeep]
|-damage|p1a: Gholdengo|0 fnt|[from] Sandstorm
|faint|p1a: Gholdengo
|upkeep
|
|t:|1755560149
|switch|p2a: Delphox|Delphox, L50, M, shiny|21/100
|turn|8
|
|t:|1755560154
|-terastallize|p2a: Delphox|Fighting
|move|p2b: Indeedee|Helping Hand|p2a: Delphox
|-singleturn|p2a: Delphox|Helping Hand|[of] p2b: Indeedee
|move|p2a: Delphox|Tera Blast|p1b: Arcanine|[anim] Tera Blast Fighting
|-supereffective|p1b: Arcanine
|-damage|p1b: Arcanine|0 fnt
|faint|p1b: Arcanine
|-damage|p2a: Delphox|11/100|[from] item: Life Orb
|
|win|bwahacough
|raw|ShedinjaTaxFraud's rating: 1284 → 1271(-13 for losing)
|raw|bwahacough's rating: 1457 → 1468(+11 for winning)
