|j|☆crystal_soul27
|j|☆Chug132
|html|crystal_soul27Chug132    
|uhtml|bestof|Game 3 of a best-of-3
|t:|1784250276
|gametype|doubles
|player|p1|crystal_soul27|waiter-gen4|
|player|p2|Chug132|169|
|gen|9
|tier|[Gen 9 Champions] VGC 2026 Reg M-B (Bo3)
|rule|Species Clause: Limit one of each Pokémon
|rule|Item Clause: Limit 1 of each item
|clearpoke
|poke|p1|Staraptor, L50, F|
|poke|p1|Grimmsnarl, L50, M|
|poke|p1|Gengar, L50, M, shiny|
|poke|p1|Arcanine-Hisui, L50, F|
|poke|p1|Meowscarada, L50, M|
|poke|p1|Empoleon, L50, F|
|poke|p2|Froslass, L50, F|
|poke|p2|Infernape, L50, M|
|poke|p2|Kingambit, L50, M|
|poke|p2|Ninetales-Alola, L50, M|
|poke|p2|Swampert, L50, F|
|poke|p2|Beartic, L50, F|
|teampreview|4
|showteam|p1|Staraptor||Staraptite|Intimidate|CloseCombat,BraveBird,Tailwind,Protect|Jolly||F|||50|]Grimmsnarl||LightClay|Prankster|SpiritBreak,Reflect,LightScreen,PartingShot|Careful||M|||50|]Gengar||FocusSash|CursedBody|ShadowBall,SludgeBomb,ThunderWave,Taunt|Timid||M|||50|]Arcanine-Hisui||LifeOrb|RockHead|FlareBlitz,HeadSmash,RockSlide,PsychicFangs|Jolly||F|||50|]Meowscarada||ExpertBelt|Protean|FlowerTrick,ThroatChop,BrickBreak,Uturn|Jolly||M|||50|]Empoleon||SitrusBerry|Competitive|HydroPump,FlashCannon,IcyWind,FlipTurn|Modest||F|||50|
|showteam|p2|Froslass||Froslassite|SnowCloak|Blizzard,ShadowBall,Protect,AuroraVeil|Timid||F|||50|]Infernape||FocusSash|IronFist|FakeOut,CloseCombat,MachPunch,Protect|Jolly||M|||50|]Kingambit||LifeOrb|Defiant|KowtowCleave,IronHead,Protect,SuckerPunch|Adamant||M|||50|]Ninetales-Alola||LightClay|SnowCloak|AuroraVeil,Blizzard,Moonblast,Protect|Timid||M|||50|]Swampert||SitrusBerry|Torrent|Earthquake,WaveCrash,IceBeam,Protect|Adamant||F|||50|]Beartic||Leftovers|SlushRush|SwordsDance,IcicleCrash,Superpower,Protect|Adamant||F|||50|
|
|t:|1784250311
|teamsize|p1|4
|teamsize|p2|4
|start
|switch|p1a: Grimmsnarl|Grimmsnarl, L50, M|100/100
|switch|p1b: Arcanine|Arcanine-Hisui, L50, F|100/100
|switch|p2a: Froslass|Froslass, L50, F|100/100
|switch|p2b: Ninetales|Ninetales-Alola, L50, M|100/100
|turn|1
|
|t:|1784250337
|switch|p2a: Swampert|Swampert, L50, F|100/100
|switch|p2b: Infernape|Infernape, L50, M|100/100
|move|p1a: Grimmsnarl|Light Screen|p1a: Grimmsnarl
|-sidestart|p1: crystal_soul27|move: Light Screen
|move|p1b: Arcanine|Psychic Fangs|p2a: Swampert
|-damage|p2a: Swampert|64/100
|-damage|p1b: Arcanine|90/100|[from] item: Life Orb
|
|upkeep
|turn|2
|
|t:|1784250355
|switch|p1b: Staraptor|Staraptor, L50, F|100/100
|-ability|p1b: Staraptor|Intimidate|boost
|-unboost|p2a: Swampert|atk|1
|-unboost|p2b: Infernape|atk|1
|move|p2b: Infernape|Fake Out|p1b: Staraptor
|-damage|p1b: Staraptor|86/100
|move|p1a: Grimmsnarl|Reflect|p1a: Grimmsnarl
|-sidestart|p1: crystal_soul27|Reflect
|move|p2a: Swampert|Wave Crash|p1b: Staraptor
|-damage|p1b: Staraptor|49/100
|-damage|p2a: Swampert|54/100|[from] Recoil
|
|upkeep
|turn|3
|
|t:|1784250384
|detailschange|p1b: Staraptor|Staraptor-Mega, L50, F
|-mega|p1b: Staraptor|Staraptor|Staraptite
|move|p1a: Grimmsnarl|Parting Shot|p2b: Infernape
|-unboost|p2b: Infernape|atk|1
|-unboost|p2b: Infernape|spa|1
|
|t:|1784250397
|switch|p1a: Arcanine|Arcanine-Hisui, L50, F|90/100|[from] Parting Shot
|move|p1b: Staraptor|Tailwind|p1b: Staraptor
|-sidestart|p1: crystal_soul27|move: Tailwind
|move|p2b: Infernape|Close Combat|p1a: Arcanine
|-supereffective|p1a: Arcanine|1
|-damage|p1a: Arcanine|40/100
|-unboost|p2b: Infernape|def|1
|-unboost|p2b: Infernape|spd|1
|move|p2a: Swampert|Ice Beam|p1b: Staraptor
|-supereffective|p1b: Staraptor|1
|-damage|p1b: Staraptor|21/100
|
|upkeep
|turn|4
|
|t:|1784250429
|move|p2b: Infernape|Protect|p2b: Infernape
|-singleturn|p2b: Infernape|Protect
|move|p1b: Staraptor|Brave Bird|p2b: Infernape
|-activate|p2b: Infernape|move: Protect
|move|p1a: Arcanine|Rock Slide|p2b: Infernape|[spread] 
|-activate|p2b: Infernape|move: Protect
|-miss|p1a: Arcanine|p2a: Swampert
|move|p2a: Swampert|Ice Beam|p1b: Staraptor
|-supereffective|p1b: Staraptor|1
|-damage|p1b: Staraptor|0 fnt
|faint|p1b: Staraptor
|
|upkeep
|
|t:|1784250442
|switch|p1b: Meowscarada|Meowscarada, L50, M|100/100
|turn|5
|
|t:|1784250463
|move|p1b: Meowscarada|Flower Trick|p2a: Swampert
|-start|p1b: Meowscarada|typechange|Grass|[from] ability: Protean
|-supereffective|p2a: Swampert|2
|-crit|p2a: Swampert
|-damage|p2a: Swampert|0 fnt
|faint|p2a: Swampert
|move|p1a: Arcanine|Head Smash|p2b: Infernape
|-enditem|p2b: Infernape|Focus Sash
|-damage|p2b: Infernape|1/100
|-damage|p1a: Arcanine|30/100|[from] item: Life Orb
|move|p2b: Infernape|Close Combat|p1b: Meowscarada
|-damage|p1b: Meowscarada|73/100
|-unboost|p2b: Infernape|def|1
|-unboost|p2b: Infernape|spd|1
|
|upkeep
|
|t:|1784250481
|switch|p2a: Froslass|Froslass, L50, F|100/100
|turn|6
|
|t:|1784250497
|detailschange|p2a: Froslass|Froslass-Mega, L50, F
|-mega|p2a: Froslass|Froslass|Froslassite
|-weather|Snowscape|[from] ability: Snow Warning|[of] p2a: Froslass
|move|p2b: Infernape|Mach Punch|p1a: Arcanine
|-supereffective|p1a: Arcanine|1
|-damage|p1a: Arcanine|11/100
|move|p1b: Meowscarada|Throat Chop|p2a: Froslass
|-supereffective|p2a: Froslass|1
|-damage|p2a: Froslass|33/100
|-start|p2a: Froslass|Throat Chop|[silent]
|move|p1a: Arcanine|Rock Slide|p2b: Infernape|[spread] p2b
|-miss|p1a: Arcanine|p2a: Froslass
|-damage|p2b: Infernape|0 fnt
|faint|p2b: Infernape
|-damage|p1a: Arcanine|1/100|[from] item: Life Orb
|move|p2a: Froslass|Shadow Ball|p1a: Arcanine
|-damage|p1a: Arcanine|0 fnt
|faint|p1a: Arcanine
|
|-weather|Snowscape|[upkeep]
|-sideend|p1: crystal_soul27|move: Tailwind
|upkeep
|
|t:|1784250515
|switch|p2b: Ninetales|Ninetales-Alola, L50, M|100/100
|switch|p1a: Grimmsnarl|Grimmsnarl, L50, M|100/100
|turn|7
|
|t:|1784250547
|move|p2a: Froslass|Protect|p2a: Froslass
|-singleturn|p2a: Froslass|Protect
|move|p1b: Meowscarada|Throat Chop|p2a: Froslass
|-activate|p2a: Froslass|move: Protect
|move|p2b: Ninetales|Moonblast|p1b: Meowscarada
|-damage|p1b: Meowscarada|38/100
|move|p1a: Grimmsnarl|Spirit Break|p2b: Ninetales
|-crit|p2b: Ninetales
|-damage|p2b: Ninetales|50/100g
|-unboost|p2b: Ninetales|spa|1
|
|-weather|Snowscape|[upkeep]
|-end|p2a: Froslass|Throat Chop|[silent]
|upkeep
|turn|8
|
|t:|1784250565
|move|p1b: Meowscarada|Throat Chop|p2a: Froslass
|-supereffective|p2a: Froslass|1
|-damage|p2a: Froslass|0 fnt
|faint|p2a: Froslass
|move|p2b: Ninetales|Moonblast|p1a: Grimmsnarl
|-supereffective|p1a: Grimmsnarl|1
|-damage|p1a: Grimmsnarl|74/100
|move|p1a: Grimmsnarl|Spirit Break|p2b: Ninetales
|-damage|p2b: Ninetales|16/100
|-unboost|p2b: Ninetales|spa|1
|
|-weather|Snowscape|[upkeep]
|-sideend|p1: crystal_soul27|move: Light Screen
|upkeep
|turn|9
|
|t:|1784250578
|move|p1b: Meowscarada|Flower Trick|p2b: Ninetales
|-crit|p2b: Ninetales
|-damage|p2b: Ninetales|0 fnt
|faint|p2b: Ninetales
|
|win|crystal_soul27
|c|☆crystal_soul27|ggs
|l|☆Chug132
|player|p2|
