|j|☆LeoFernando27
|j|☆Colonelpaco
|html|LeoFernando27Colonelpaco    
|uhtml|bestof|Game 2 of a best-of-3
|t:|1757625655
|gametype|doubles
|player|p1|LeoFernando27|2|1065
|player|p2|Colonelpaco|266|1000
|gen|9
|tier|[Gen 9] VGC 2025 Reg H (Bo3)
|rated|
|rule|Species Clause: Limit one of each Pokémon
|rule|Item Clause: Limit 1 of each item
|clearpoke
|poke|p1|Talonflame, L50, F|
|poke|p1|Typhlosion-Hisui, L50, F|
|poke|p1|Samurott-Hisui, L50, M|
|poke|p1|Garchomp, L50, M|
|poke|p1|Electabuzz, L50, M|
|poke|p1|Meowscarada, L50, M|
|poke|p2|Sneasler, L50, F|
|poke|p2|Dragapult, L50, M|
|poke|p2|Primarina, L50, F|
|poke|p2|Rillaboom, L50, F|
|poke|p2|Kingambit, L50, M|
|poke|p2|Magmar, L50, F|
|teampreview|4
|showteam|p1|Talonflame||CovertCloak|GaleWings|Tailwind,BraveBird,SunnyDay,QuickGuard|||F|||50|,,,,,Flying]Typhlosion-Hisui||ChoiceSpecs|Frisk|Eruption,HeatWave,Overheat,ShadowBall|||F|||50|,,,,,Fire]Samurott-Hisui||RazorClaw|Sharpness|AquaCutter,NightSlash,SacredSword,Protect|||M|||50|,,,,,Poison]Garchomp||LifeOrb|RoughSkin|Earthquake,DragonClaw,StompingTantrum,Protect|||M|||50|,,,,,Steel]Electabuzz||Eviolite|VitalSpirit|Thunderbolt,FollowMe,Taunt,Protect|||M|||50|,,,,,Fairy]Meowscarada||FocusSash|Overgrow|FlowerTrick,TripleAxel,KnockOff,Protect|||M|||50|,,,,,Grass
|showteam|p2|Sneasler||FocusSash|Unburden|CloseCombat,DireClaw,FakeOut,Protect|||F|||50|,,,,,Stellar]Dragapult||ChoiceBand|ClearBody|DragonDarts,TeraBlast,PhantomForce,Uturn|||M|||50|,,,,,Ghost]Primarina||SitrusBerry|LiquidVoice|HyperVoice,Moonblast,Haze,Protect|||F|||50|,,,,,Water]Rillaboom||AssaultVest|GrassySurge|WoodHammer,GrassyGlide,HighHorsepower,FakeOut|||F|||50|,,,,,Fire]Kingambit||BlackGlasses|Defiant|KowtowCleave,SuckerPunch,SwordsDance,Protect|||M|||50|,,,,,Ghost]Magmar||Eviolite|VitalSpirit|Overheat,WillOWisp,FollowMe,Protect|||F|||50|,,,,,Ghost
|inactive|Battle timer is ON: inactive players will automatically lose when time's up. (requested by Colonelpaco)
|inactive|Colonelpaco has 60 seconds left.
|
|t:|1757625695
|teamsize|p1|4
|teamsize|p2|4
|start
|switch|p1a: Garchomp|Garchomp, L50, M|100/100
|switch|p1b: Talonflame|Talonflame, L50, F|100/100
|switch|p2a: Primarina|Primarina, L50, F|100/100
|switch|p2b: Sneasler|Sneasler, L50, F|100/100
|turn|1
|
|t:|1757625711
|move|p1a: Garchomp|Protect|p1a: Garchomp
|-singleturn|p1a: Garchomp|Protect
|move|p2b: Sneasler|Fake Out|p1a: Garchomp
|-activate|p1a: Garchomp|move: Protect
|move|p1b: Talonflame|Tailwind|p1b: Talonflame
|-sidestart|p1: LeoFernando27|move: Tailwind
|move|p2a: Primarina|Hyper Voice|p1b: Talonflame|[spread] p1b
|-activate|p1a: Garchomp|move: Protect
|-supereffective|p1b: Talonflame
|-damage|p1b: Talonflame|15/100
|
|upkeep
|turn|2
|inactive|LeoFernando27 has 30 seconds left.
|inactive|Colonelpaco has 30 seconds left.
|
|t:|1757625737
|-terastallize|p1a: Garchomp|Steel
|move|p1b: Talonflame|Brave Bird|p2b: Sneasler
|-supereffective|p2b: Sneasler
|-enditem|p2b: Sneasler|Focus Sash
|-damage|p2b: Sneasler|1/100
|-damage|p1b: Talonflame|0 fnt|[from] Recoil
|faint|p1b: Talonflame
|move|p2b: Sneasler|Dire Claw|p1a: Garchomp
|-immune|p1a: Garchomp
|move|p1a: Garchomp|Earthquake|p2a: Primarina|[spread] p2a,p2b
|-supereffective|p2b: Sneasler
|-damage|p2a: Primarina|52/100
|-damage|p2b: Sneasler|0 fnt
|faint|p2b: Sneasler
|-damage|p1a: Garchomp|91/100|[from] item: Life Orb
|move|p2a: Primarina|Hyper Voice|p1a: Garchomp
|-damage|p1a: Garchomp|44/100
|
|upkeep
|inactive|LeoFernando27 has 30 seconds left.
|
|t:|1757625765
|switch|p1b: Typhlosion|Typhlosion-Hisui, L50, F|100/100
|switch|p2b: Rillaboom|Rillaboom, L50, F|100/100
|-item|p2a: Primarina|Sitrus Berry|[from] ability: Frisk|[of] p1b: Typhlosion
|-item|p2b: Rillaboom|Assault Vest|[from] ability: Frisk|[of] p1b: Typhlosion
|-fieldstart|move: Grassy Terrain|[from] ability: Grassy Surge|[of] p2b: Rillaboom
|turn|3
|
|t:|1757625786
|-terastallize|p2a: Primarina|Water
|move|p1a: Garchomp|Protect|p1a: Garchomp
|-singleturn|p1a: Garchomp|Protect
|move|p2b: Rillaboom|Fake Out|p1b: Typhlosion
|-immune|p1b: Typhlosion
|move|p1b: Typhlosion|Heat Wave|p2a: Primarina|[spread] p2a,p2b
|-resisted|p2a: Primarina
|-supereffective|p2b: Rillaboom
|-crit|p2b: Rillaboom
|-damage|p2a: Primarina|28/100
|-damage|p2b: Rillaboom|0 fnt
|-enditem|p2a: Primarina|Sitrus Berry|[eat]
|-heal|p2a: Primarina|53/100|[from] item: Sitrus Berry
|faint|p2b: Rillaboom
|move|p2a: Primarina|Hyper Voice|p1b: Typhlosion|[spread] p1b
|-activate|p1a: Garchomp|move: Protect
|-supereffective|p1b: Typhlosion
|-damage|p1b: Typhlosion|0 fnt
|faint|p1b: Typhlosion
|
|-heal|p1a: Garchomp|50/100|[from] Grassy Terrain
|-heal|p2a: Primarina|59/100|[from] Grassy Terrain
|upkeep
|
|t:|1757625807
|switch|p1b: Meowscarada|Meowscarada, L50, M|100/100
|switch|p2b: Dragapult|Dragapult, L50, M|100/100
|turn|4
|
|t:|1757625821
|move|p2a: Primarina|Protect|p2a: Primarina
|-singleturn|p2a: Primarina|Protect
|move|p1b: Meowscarada|Flower Trick|p2a: Primarina
|-activate|p2a: Primarina|move: Protect
|move|p1a: Garchomp|Dragon Claw|p2b: Dragapult
|-supereffective|p2b: Dragapult
|-damage|p2b: Dragapult|0 fnt
|faint|p2b: Dragapult
|-damage|p1a: Garchomp|40/100|[from] item: Life Orb
|
|-heal|p1a: Garchomp|46/100|[from] Grassy Terrain
|-heal|p2a: Primarina|65/100|[from] Grassy Terrain
|-sideend|p1: LeoFernando27|move: Tailwind
|upkeep
|turn|5
|
|t:|1757625842
|move|p1b: Meowscarada|Flower Trick|p2a: Primarina
|-supereffective|p2a: Primarina
|-crit|p2a: Primarina
|-damage|p2a: Primarina|0 fnt
|faint|p2a: Primarina
|
|win|LeoFernando27
