|j|☆tavinn_n
|j|☆lettitripppp
|html|tavinn_nlettitripppp    
|uhtml|bestof|Game 2 of a best-of-3
|t:|1785190552
|gametype|doubles
|player|p1|tavinn_n|ghetsis|1305
|player|p2|lettitripppp|lucas|1280
|gen|9
|tier|[Gen 9 Champions] VGC 2026 Reg M-B (Bo3)
|rated|
|rule|Species Clause: Limit one of each Pokémon
|rule|Item Clause: Limit 1 of each item
|clearpoke
|poke|p1|Tyranitar, L50, M|
|poke|p1|Excadrill, L50, M|
|poke|p1|Milotic, L50, M|
|poke|p1|Sinistcha, L50|
|poke|p1|Staraptor, L50, M|
|poke|p1|Gholdengo, L50|
|poke|p2|Delphox, L50, M|
|poke|p2|Staraptor, L50, M|
|poke|p2|Garchomp, L50, M|
|poke|p2|Glimmora, L50, M|
|poke|p2|Kingambit, L50, F, shiny|
|poke|p2|Whimsicott, L50, F, shiny|
|teampreview|4
|showteam|p1|Tyranitar||Tyranitarite|SandStream|KnockOff,RockSlide,HighHorsepower,Protect|Jolly||M|||50|]Excadrill||FocusSash|SandRush|HighHorsepower,IronHead,RockSlide,Protect|Jolly||M|||50|]Milotic||SitrusBerry|Competitive|Scald,IcyWind,Haze,Protect|Calm||M|||50|]Sinistcha||ColburBerry|Hospitality|MatchaGotcha,ShadowBall,Protect,RagePowder|Bold|||||50|]Staraptor||Staraptite|Intimidate|CloseCombat,BraveBird,Tailwind,Protect|Jolly||M|||50|]Gholdengo||LifeOrb|GoodasGold|MakeItRain,ShadowBall,NastyPlot,Protect|Modest|||||50|
|showteam|p2|Delphox||Delphoxite|Blaze|HeatWave,Substitute,Psyshock,Protect|Timid||M|||50|]Staraptor||Staraptite|Intimidate|CloseCombat,BraveBird,Roost,Protect|Jolly||M|||50|]Garchomp||LifeOrb|RoughSkin|DragonClaw,Earthquake,RockSlide,Protect|Jolly||M|||50|]Glimmora||FocusSash|ToxicDebris|SludgeBomb,EarthPower,PowerGem,SpikyShield|Timid||M|||50|]Kingambit||ChopleBerry|Defiant|KowtowCleave,SuckerPunch,IronHead,LowKick|Adamant||F|||50|]Whimsicott||OccaBerry|Prankster|LightScreen,Moonblast,Tailwind,Charm|Timid||F|||50|
|inactive|Battle timer is ON: inactive players will automatically lose when time's up. (requested by tavinn_n)
|inactive|lettitripppp also wants the timer to be on.
|inactive|tavinn_n has 60 seconds left.
|
|t:|1785190611
|teamsize|p1|4
|teamsize|p2|4
|start
|switch|p1a: Milotic|Milotic, L50, M|100/100
|switch|p1b: Gholdengo|Gholdengo, L50|100/100
|switch|p2a: MYSTIC SHOCK|Delphox, L50, M|100/100
|switch|p2b: LET IT GO|Whimsicott, L50, F, shiny|100/100
|turn|1
|
|t:|1785190629
|switch|p1b: Tyranitar|Tyranitar, L50, M|100/100
|-weather|Sandstorm|[from] ability: Sand Stream|[of] p1b: Tyranitar
|detailschange|p2a: MYSTIC SHOCK|Delphox-Mega, L50, M
|-mega|p2a: MYSTIC SHOCK|Delphox|Delphoxite
|move|p2b: LET IT GO|Light Screen|p2b: LET IT GO
|-sidestart|p2: lettitripppp|move: Light Screen
|move|p2a: MYSTIC SHOCK|Substitute|p2a: MYSTIC SHOCK
|-start|p2a: MYSTIC SHOCK|Substitute
|-damage|p2a: MYSTIC SHOCK|75/100
|move|p1a: Milotic|Scald|p2a: MYSTIC SHOCK
|-supereffective|p2a: MYSTIC SHOCK|1
|-end|p2a: MYSTIC SHOCK|Substitute
|
|-weather|Sandstorm|[upkeep]
|-damage|p2a: MYSTIC SHOCK|69/100|[from] Sandstorm
|-damage|p2b: LET IT GO|94/100|[from] Sandstorm
|-damage|p1a: Milotic|94/100|[from] Sandstorm
|upkeep
|turn|2
|inactive|lettitripppp has 30 seconds left.
|
|t:|1785190655
|switch|p2a: CRUSH SHARK|Garchomp, L50, M|100/100
|detailschange|p1b: Tyranitar|Tyranitar-Mega, L50, M
|-mega|p1b: Tyranitar|Tyranitar|Tyranitarite
|move|p2b: LET IT GO|Moonblast|p1b: Tyranitar
|-supereffective|p1b: Tyranitar|1
|-damage|p1b: Tyranitar|71/100
|move|p1b: Tyranitar|Rock Slide|p2a: CRUSH SHARK|[spread] p2a,p2b
|-resisted|p2a: CRUSH SHARK|1
|-damage|p2a: CRUSH SHARK|82/100
|-damage|p2b: LET IT GO|55/100
|move|p1a: Milotic|Scald|p2a: CRUSH SHARK
|-damage|p2a: CRUSH SHARK|61/100
|
|-weather|Sandstorm|[upkeep]
|-damage|p2b: LET IT GO|49/100|[from] Sandstorm
|-damage|p1a: Milotic|88/100|[from] Sandstorm
|upkeep
|turn|3
|inactive|tavinn_n has 30 seconds left.
|inactive|tavinn_n has 20 seconds left.
|inactive|tavinn_n has 15 seconds left.
|
|t:|1785190695
|switch|p1a: Gholdengo|Gholdengo, L50|100/100
|move|p2a: CRUSH SHARK|Protect|p2a: CRUSH SHARK
|-singleturn|p2a: CRUSH SHARK|Protect
|move|p2b: LET IT GO|Moonblast|p1a: Gholdengo
|-resisted|p1a: Gholdengo|1
|-damage|p1a: Gholdengo|87/100
|move|p1b: Tyranitar|High Horsepower|p2b: LET IT GO
|-resisted|p2b: LET IT GO|1
|-damage|p2b: LET IT GO|26/100
|
|-weather|Sandstorm|[upkeep]
|-damage|p2b: LET IT GO|20/100r|[from] Sandstorm
|upkeep
|turn|4
|
|t:|1785190710
|switch|p1a: Sinistcha|Sinistcha, L50|100/100
|-heal|p1b: Tyranitar|96/100|[from] ability: Hospitality|[of] p1a: Sinistcha
|move|p2b: LET IT GO|Tailwind|p2b: LET IT GO
|-sidestart|p2: lettitripppp|move: Tailwind
|move|p2a: CRUSH SHARK|Earthquake|p1a: Sinistcha|[spread] p2b,p1a,p1b
|-resisted|p2b: LET IT GO|1
|-resisted|p1a: Sinistcha|1
|-supereffective|p1b: Tyranitar|1
|-damage|p2b: LET IT GO|0 fnt
|-damage|p1a: Sinistcha|78/100
|-damage|p1b: Tyranitar|30/100
|faint|p2b: LET IT GO
|-damage|p2a: CRUSH SHARK|52/100|[from] item: Life Orb
|move|p1b: Tyranitar|Knock Off|p2a: CRUSH SHARK
|-damage|p2a: CRUSH SHARK|0 fnt
|-damage|p1b: Tyranitar|18/100|[from] ability: Rough Skin|[of] p2a: CRUSH SHARK
|-enditem|p2a: CRUSH SHARK|Life Orb|[from] move: Knock Off|[of] p1b: Tyranitar
|faint|p2a: CRUSH SHARK
|
|-weather|Sandstorm|[upkeep]
|-damage|p1a: Sinistcha|72/100|[from] Sandstorm
|upkeep
|
|t:|1785190718
|switch|p2b: NO GO AWAY|Glimmora, L50, M|100/100
|switch|p2a: MYSTIC SHOCK|Delphox-Mega, L50, M|69/100
|turn|5
|
|t:|1785190737
|switch|p1a: Gholdengo|Gholdengo, L50|87/100
|move|p1b: Tyranitar|Protect|p1b: Tyranitar
|-singleturn|p1b: Tyranitar|Protect
|move|p2a: MYSTIC SHOCK|Heat Wave|p1a: Gholdengo|[spread] p1a
|-activate|p1b: Tyranitar|move: Protect
|-supereffective|p1a: Gholdengo|1
|-damage|p1a: Gholdengo|10/100
|move|p2b: NO GO AWAY|Power Gem|p1b: Tyranitar
|-activate|p1b: Tyranitar|move: Protect
|
|-weather|none
|-sideend|p2: lettitripppp|move: Light Screen
|upkeep
|turn|6
|inactive|tavinn_n has 30 seconds left.
|inactive|tavinn_n has 20 seconds left.
|inactive|tavinn_n has 15 seconds left.
|inactive|tavinn_n has 10 seconds left.
|
|t:|1785190785
|switch|p1b: Milotic|Milotic, L50, M|88/100
|move|p2a: MYSTIC SHOCK|Heat Wave|p1b: Milotic|[spread] p1b
|-miss|p2a: MYSTIC SHOCK|p1a: Gholdengo
|-resisted|p1b: Milotic|1
|-damage|p1b: Milotic|73/100
|-status|p1b: Milotic|brn
|move|p2b: NO GO AWAY|Power Gem|p1b: Milotic
|-damage|p1b: Milotic|42/100 brn
|-enditem|p1b: Milotic|Sitrus Berry|[eat]
|-heal|p1b: Milotic|66/100 brn|[from] item: Sitrus Berry
|move|p1a: Gholdengo|Make It Rain|p2a: MYSTIC SHOCK|[spread] p2a,p2b
|-resisted|p2a: MYSTIC SHOCK|1
|-supereffective|p2b: NO GO AWAY|1
|-damage|p2a: MYSTIC SHOCK|40/100
|-enditem|p2b: NO GO AWAY|Focus Sash
|-damage|p2b: NO GO AWAY|1/100
|-unboost|p1a: Gholdengo|spa|2
|-damage|p1a: Gholdengo|1/100|[from] item: Life Orb
|
|-damage|p1b: Milotic|61/100 brn|[from] brn
|upkeep
|turn|7
|
|t:|1785190807
|switch|p1a: Sinistcha|Sinistcha, L50|72/100
|-heal|p1b: Milotic|85/100 brn|[from] ability: Hospitality|[of] p1a: Sinistcha
|move|p2a: MYSTIC SHOCK|Psyshock|p1b: Milotic
|-damage|p1b: Milotic|42/100 brn
|move|p2b: NO GO AWAY|Sludge Bomb|p1b: Milotic
|-crit|p1b: Milotic
|-damage|p1b: Milotic|0 fnt
|faint|p1b: Milotic
|
|-sideend|p2: lettitripppp|move: Tailwind
|upkeep
|
|t:|1785190816
|switch|p1b: Tyranitar|Tyranitar-Mega, L50, M|18/100
|-weather|Sandstorm|[from] ability: Sand Stream|[of] p1b: Tyranitar
|turn|8
|
|t:|1785190824
|move|p1a: Sinistcha|Rage Powder|p1a: Sinistcha
|-singleturn|p1a: Sinistcha|move: Rage Powder
|move|p2a: MYSTIC SHOCK|Heat Wave|p1b: Tyranitar|[spread] p1a,p1b
|-supereffective|p1a: Sinistcha|1
|-resisted|p1b: Tyranitar|1
|-damage|p1a: Sinistcha|0 fnt
|-damage|p1b: Tyranitar|6/100
|faint|p1a: Sinistcha
|move|p2b: NO GO AWAY|Sludge Bomb|p1b: Tyranitar
|-resisted|p1b: Tyranitar|1
|-damage|p1b: Tyranitar|0 fnt
|faint|p1b: Tyranitar
|
|-weather|Sandstorm|[upkeep]
|-damage|p2a: MYSTIC SHOCK|34/100|[from] Sandstorm
|upkeep
|
|t:|1785190835
|switch|p1b: Gholdengo|Gholdengo, L50|1/100
|turn|9
|
|t:|1785190842
|move|p2a: MYSTIC SHOCK|Psyshock|p1b: Gholdengo
|-resisted|p1b: Gholdengo|1
|-damage|p1b: Gholdengo|0 fnt
|faint|p1b: Gholdengo
|
|win|lettitripppp
|raw|tavinn_n's rating: 1305 → 1284(-21 for losing)
|raw|lettitripppp's rating: 1280 → 1307(+27 for winning)
