|j|☆dr_sugus_vgc
|j|☆Wooperdooperpooper
|html|dr_sugus_vgcWooperdooperpooper    
|uhtml|bestof|Game 1 of a best-of-3
|t:|1756476549
|gametype|doubles
|player|p1|dr_sugus_vgc|265|1213
|player|p2|Wooperdooperpooper|2|1256
|gen|9
|tier|[Gen 9] VGC 2025 Reg H (Bo3)
|rated|
|rule|Species Clause: Limit one of each Pokémon
|rule|Item Clause: Limit 1 of each item
|clearpoke
|poke|p1|Politoed, L50, F|
|poke|p1|Gothitelle, L50, F|
|poke|p1|Incineroar, L50, F|
|poke|p1|Kingdra, L50, F|
|poke|p1|Amoonguss, L50, M|
|poke|p1|Archaludon, L50, F|
|poke|p2|Charizard, L50, M|
|poke|p2|Indeedee-F, L50, F|
|poke|p2|Ursaluna, L50, F|
|poke|p2|Torkoal, L50, M|
|poke|p2|Gallade, L50, M|
|poke|p2|Hatterene, L50, F|
|teampreview|4
|showteam|p1|Politoed||Leftovers|Drizzle|Protect,WeatherBall,PerishSong,Encore|||F|||50|,,,,,Grass]Gothitelle||SitrusBerry|ShadowTag|Protect,Psychic,FakeOut,TrickRoom|||F|||50|,,,,,Dark]Incineroar||SafetyGoggles|Intimidate|Protect,KnockOff,FakeOut,PartingShot|||F|||50|,,,,,Ghost]Kingdra||LifeOrb|SwiftSwim|WeatherBall,DracoMeteor,MuddyWater,Protect|||F|||50|,,,,,Stellar]Amoonguss||EjectButton|Regenerator|Protect,RagePowder,PollenPuff,Spore|||M|||50|,,,,,Fairy]Archaludon||PowerHerb|Sturdy|DragonPulse,ElectroShot,FlashCannon,Protect|||F|||50|,,,,,Electric
|showteam|p2|Charizard||ChoiceScarf|SolarPower|HeatWave,Overheat,WeatherBall,ScorchingSands|||M|||50|,,,,,Fire]Indeedee-F||SafetyGoggles|PsychicSurge|DazzlingGleam,FollowMe,TrickRoom,HelpingHand|||F|||50|,,,,,Water]Ursaluna||FlameOrb|Guts|HeadlongRush,Facade,RockSlide,Protect|||F|||50|,,,,,Dragon]Torkoal||Charcoal|Drought|Eruption,Overheat,HelpingHand,Protect|||M|||50|,,,,,Fire]Gallade||ClearAmulet|Sharpness|SacredSword,PsychoCut,TrickRoom,WideGuard|||M|||50|,,,,,Grass]Hatterene||LifeOrb|MagicBounce|ExpandingForce,DazzlingGleam,TrickRoom,Protect|||F|||50|,,,,,Water
|inactive|Battle timer is ON: inactive players will automatically lose when time's up. (requested by Wooperdooperpooper)
|inactive|dr_sugus_vgc also wants the timer to be on.
|inactive|dr_sugus_vgc has 60 seconds left.
|inactive|Wooperdooperpooper has 60 seconds left.
|
|t:|1756476602
|teamsize|p1|4
|teamsize|p2|4
|start
|switch|p1a: Kingdra|Kingdra, L50, F|100/100
|switch|p1b: Gothitelle|Gothitelle, L50, F|100/100
|switch|p2a: Gallade|Gallade, L50, M|100/100
|switch|p2b: Indeedee|Indeedee-F, L50, F, shiny|100/100
|-fieldstart|move: Psychic Terrain|[from] ability: Psychic Surge|[of] p2b: Indeedee
|turn|1
|inactive|dr_sugus_vgc has 30 seconds left.
|inactive|dr_sugus_vgc has 20 seconds left.
|inactive|dr_sugus_vgc has 15 seconds left.
|
|t:|1756476643
|-terastallize|p2a: Gallade|Grass
|move|p1a: Kingdra|Draco Meteor|p2a: Gallade
|-damage|p2a: Gallade|28/100
|-unboost|p1a: Kingdra|spa|2
|-damage|p1a: Kingdra|90/100|[from] item: Life Orb
|move|p2a: Gallade|Psycho Cut|p1a: Kingdra
|-crit|p1a: Kingdra
|-damage|p1a: Kingdra|0 fnt
|faint|p1a: Kingdra
|move|p1b: Gothitelle|Psychic|p2a: Gallade
|-damage|p2a: Gallade|0 fnt
|faint|p2a: Gallade
|move|p2b: Indeedee|Trick Room|p2b: Indeedee
|-fieldstart|move: Trick Room|[of] p2b: Indeedee
|
|upkeep
|
|t:|1756476662
|switch|p2a: Hatterene|Hatterene, L50, F|100/100
|switch|p1a: Incineroar|Incineroar, L50, F|100/100
|-ability|p1a: Incineroar|Intimidate|boost
|-unboost|p2a: Hatterene|atk|1
|-unboost|p2b: Indeedee|atk|1
|turn|2
|inactive|dr_sugus_vgc has 30 seconds left.
|
|t:|1756476688
|move|p1b: Gothitelle|Protect|p1b: Gothitelle
|-singleturn|p1b: Gothitelle|Protect
|move|p2b: Indeedee|Follow Me|p2b: Indeedee
|-singleturn|p2b: Indeedee|move: Follow Me
|move|p2a: Hatterene|Dazzling Gleam|p1a: Incineroar|[spread] p1a
|-activate|p1b: Gothitelle|move: Protect
|-damage|p1a: Incineroar|69/100
|-damage|p2a: Hatterene|91/100|[from] item: Life Orb
|move|p1a: Incineroar|Knock Off|p2b: Indeedee
|-supereffective|p2b: Indeedee
|-damage|p2b: Indeedee|25/100
|-enditem|p2b: Indeedee|Safety Goggles|[from] move: Knock Off|[of] p1a: Incineroar
|
|upkeep
|turn|3
|
|t:|1756476710
|move|p2b: Indeedee|Helping Hand|p2a: Hatterene
|-singleturn|p2a: Hatterene|Helping Hand|[of] p2b: Indeedee
|move|p2a: Hatterene|Dazzling Gleam|p1b: Gothitelle|[spread] p1a,p1b
|-damage|p1a: Incineroar|22/100
|-damage|p1b: Gothitelle|49/100
|-enditem|p1b: Gothitelle|Sitrus Berry|[eat]
|-heal|p1b: Gothitelle|74/100|[from] item: Sitrus Berry
|-damage|p2a: Hatterene|81/100|[from] item: Life Orb
|move|p1a: Incineroar|Knock Off|p2b: Indeedee
|-supereffective|p2b: Indeedee
|-damage|p2b: Indeedee|0 fnt
|faint|p2b: Indeedee
|move|p1b: Gothitelle|Trick Room|p1b: Gothitelle
|-fieldend|move: Trick Room
|
|upkeep
|inactive|Wooperdooperpooper has 30 seconds left.
|inactive|Wooperdooperpooper has 20 seconds left.
|
|t:|1756476749
|switch|p2b: Ursaluna|Ursaluna, L50, F|100/100
|turn|4
|
|t:|1756476770
|move|p1b: Gothitelle|Protect|p1b: Gothitelle
|-singleturn|p1b: Gothitelle|Protect
|move|p2b: Ursaluna|Protect|p2b: Ursaluna
|-singleturn|p2b: Ursaluna|Protect
|move|p1a: Incineroar|Knock Off|p2a: Hatterene
|-damage|p2a: Hatterene|36/100
|-enditem|p2a: Hatterene|Life Orb|[from] move: Knock Off|[of] p1a: Incineroar
|move|p2a: Hatterene|Trick Room|p2a: Hatterene
|-fieldstart|move: Trick Room|[of] p2a: Hatterene
|
|-status|p2b: Ursaluna|brn|[from] item: Flame Orb
|upkeep
|turn|5
|inactive|dr_sugus_vgc has 30 seconds left.
|inactive|Wooperdooperpooper has 30 seconds left.
|inactive|Wooperdooperpooper has 20 seconds left.
|inactive|Wooperdooperpooper has 15 seconds left.
|inactive|Wooperdooperpooper has 10 seconds left.
|inactive|Wooperdooperpooper has 5 seconds left.
|
|t:|1756476825
|switch|p1a: Politoed|Politoed, L50, F|100/100
|-weather|RainDance|[from] ability: Drizzle|[of] p1a: Politoed
|move|p2a: Hatterene|Expanding Force|p1a: Politoed|[spread] p1a,p1b
|-resisted|p1b: Gothitelle
|-damage|p1a: Politoed|47/100
|-damage|p1b: Gothitelle|50/100
|move|p2b: Ursaluna|Headlong Rush|p1b: Gothitelle
|-damage|p1b: Gothitelle|0 fnt
|-unboost|p2b: Ursaluna|def|1
|-unboost|p2b: Ursaluna|spd|1
|faint|p1b: Gothitelle
|
|-weather|RainDance|[upkeep]
|-heal|p1a: Politoed|53/100|[from] item: Leftovers
|-damage|p2b: Ursaluna|95/100 brn|[from] brn
|-fieldend|move: Psychic Terrain
|upkeep
|
|t:|1756476839
|switch|p1b: Incineroar|Incineroar, L50, F|22/100
|-ability|p1b: Incineroar|Intimidate|boost
|-unboost|p2a: Hatterene|atk|1
|-unboost|p2b: Ursaluna|atk|1
|turn|6
|j| Trestkon
|inactive|dr_sugus_vgc has 30 seconds left.
|inactive|Wooperdooperpooper has 30 seconds left.
|inactive|dr_sugus_vgc has 20 seconds left.
|inactive|Wooperdooperpooper has 20 seconds left.
|inactive|Wooperdooperpooper has 15 seconds left.
|inactive|Wooperdooperpooper has 10 seconds left.
|
|t:|1756476885
|move|p1b: Incineroar|Fake Out|p2a: Hatterene
|-damage|p2a: Hatterene|25/100
|cant|p2a: Hatterene|flinch
|move|p2b: Ursaluna|Facade|p1a: Politoed
|-damage|p1a: Politoed|0 fnt
|faint|p1a: Politoed
|
|-weather|RainDance|[upkeep]
|-damage|p2b: Ursaluna|89/100 brn|[from] brn
|upkeep
|turn|7
|
|t:|1756476896
|move|p2a: Hatterene|Dazzling Gleam|p1b: Incineroar
|-damage|p1b: Incineroar|0 fnt
|faint|p1b: Incineroar
|
|win|Wooperdooperpooper
||dr_sugus_vgc is ready for game 2.
|inactive|Wooperdooperpooper has 30 seconds to confirm battle start!
||Wooperdooperpooper is ready for game 2.
|uhtml|next|Next: Game 2 of 3
|l| Trestkon
|l|☆Wooperdooperpooper
|player|p2|
