|j|☆Kiyoshit
|j|☆Emboar17
|html|KiyoshitEmboar17    
|uhtml|bestof|Game 2 of a best-of-3
|t:|1756476511
|gametype|doubles
|player|p1|Kiyoshit|alder|1000
|player|p2|Emboar17|acetrainer-gen4dp|1090
|gen|9
|tier|[Gen 9] VGC 2025 Reg H (Bo3)
|rated|
|rule|Species Clause: Limit one of each Pokémon
|rule|Item Clause: Limit 1 of each item
|clearpoke
|poke|p1|Incineroar, L50, M|
|poke|p1|Amoonguss, L50, F|
|poke|p1|Ursaluna-Bloodmoon, L50, M|
|poke|p1|Dragonite, L50, M|
|poke|p1|Sneasler, L50, F|
|poke|p1|Gholdengo, L50|
|poke|p2|Incineroar, L50, M|
|poke|p2|Ursaluna, L50, M|
|poke|p2|Gholdengo, L50|
|poke|p2|Flamigo, L50, M|
|poke|p2|Sneasler, L50, F|
|poke|p2|Farigiraf, L50, F|
|teampreview|4
|showteam|p1|Incineroar||SafetyGoggles|Intimidate|FlareBlitz,KnockOff,FakeOut,PartingShot|||M|||50|,,,,,Ghost]Amoonguss||SitrusBerry|Regenerator|PollenPuff,Spore,RagePowder,Protect|||F|||50|,,,,,Psychic]Ursaluna-Bloodmoon||AssaultVest|MindsEye|HyperVoice,BloodMoon,EarthPower,VacuumWave|||M|||50|,,,,,Water]Dragonite||LoadedDice|Multiscale|ScaleShot,Tailwind,Haze,Protect|||M|||50|,,,,,Fairy]Sneasler||FocusSash|Unburden|CloseCombat,DireClaw,ThroatChop,Protect|||F|||50|,,,,,Stellar]Gholdengo||LifeOrb|GoodasGold|MakeItRain,ShadowBall,NastyPlot,Protect||||||50|,,,,,Water
|showteam|p2|Incineroar||SafetyGoggles|Intimidate|KnockOff,FlareBlitz,PartingShot,FakeOut|||M|||50|,,,,,Ghost]Ursaluna||FlameOrb|Guts|Facade,HeadlongRush,Earthquake,Protect|||M|||50|,,,,,Fairy]Gholdengo||LifeOrb|GoodasGold|MakeItRain,ShadowBall,NastyPlot,Protect||||||50|,,,,,Dragon]Flamigo||FocusSash|Scrappy|CloseCombat,BraveBird,WideGuard,Protect|||M|||50|,,,,,Ghost]Sneasler||WhiteHerb|PoisonTouch|DireClaw,CloseCombat,FakeOut,Protect|||F|||50|,,,,,Stellar]Farigiraf||ThroatSpray|ArmorTail|HyperVoice,TrickRoom,Protect,Psychic|||F|||50|,,,,,Fairy
|j| RamiM50
|
|t:|1756476578
|teamsize|p1|4
|teamsize|p2|4
|start
|switch|p1a: Dragonite|Dragonite, L50, M|100/100
|switch|p1b: Sneasler|Sneasler, L50, F|100/100
|switch|p2a: Flamigo|Flamigo, L50, M, shiny|100/100
|switch|p2b: Farigiraf|Farigiraf, L50, F|100/100
|turn|1
|
|t:|1756476664
|switch|p2a: Gholdengo|Gholdengo, L50, shiny|100/100
|move|p1b: Sneasler|Dire Claw|p2b: Farigiraf
|-damage|p2b: Farigiraf|60/100
|move|p1a: Dragonite|Scale Shot|p2a: Gholdengo
|-resisted|p2a: Gholdengo
|-damage|p2a: Gholdengo|92/100
|-resisted|p2a: Gholdengo
|-damage|p2a: Gholdengo|83/100
|-resisted|p2a: Gholdengo
|-damage|p2a: Gholdengo|74/100
|-resisted|p2a: Gholdengo
|-damage|p2a: Gholdengo|67/100
|-resisted|p2a: Gholdengo
|-damage|p2a: Gholdengo|58/100
|-hitcount|p2a: Gholdengo|5
|-unboost|p1a: Dragonite|def|1
|-boost|p1a: Dragonite|spe|1
|move|p2b: Farigiraf|Trick Room|p2b: Farigiraf
|-fieldstart|move: Trick Room|[of] p2b: Farigiraf
|
|upkeep
|turn|2
|
|t:|1756476710
|switch|p1b: Ursaluna|Ursaluna-Bloodmoon, L50, M|100/100
|move|p1a: Dragonite|Protect|p1a: Dragonite
|-singleturn|p1a: Dragonite|Protect
|move|p2b: Farigiraf|Hyper Voice|p1a: Dragonite|[spread] p1b
|-activate|p1a: Dragonite|move: Protect
|-damage|p1b: Ursaluna|80/100
|-enditem|p2b: Farigiraf|Throat Spray
|-boost|p2b: Farigiraf|spa|1|[from] item: Throat Spray
|move|p2a: Gholdengo|Nasty Plot|p2a: Gholdengo
|-boost|p2a: Gholdengo|spa|2
|
|upkeep
|turn|3
|
|t:|1756476747
|move|p2a: Gholdengo|Protect|p2a: Gholdengo
|-singleturn|p2a: Gholdengo|Protect
|move|p2b: Farigiraf|Hyper Voice|p1a: Dragonite|[spread] p1a,p1b
|-damage|p1a: Dragonite|74/100
|-damage|p1b: Ursaluna|51/100
|move|p1b: Ursaluna|Blood Moon|p2a: Gholdengo
|-activate|p2a: Gholdengo|move: Protect
|move|p1a: Dragonite|Haze|p1a: Dragonite
|-clearallboost
|
|upkeep
|turn|4
|
|t:|1756476810
|-terastallize|p2a: Gholdengo|Dragon
|move|p2b: Farigiraf|Hyper Voice|p1a: Dragonite|[spread] p1a,p1b
|-damage|p1a: Dragonite|41/100
|-damage|p1b: Ursaluna|32/100
|move|p1b: Ursaluna|Earth Power|p2a: Gholdengo
|-damage|p2a: Gholdengo|0 fnt
|faint|p2a: Gholdengo
|move|p1a: Dragonite|Scale Shot|p2b: Farigiraf
|-damage|p2b: Farigiraf|44/100
|-damage|p2b: Farigiraf|28/100
|-damage|p2b: Farigiraf|12/100
|-damage|p2b: Farigiraf|0 fnt
|faint|p2b: Farigiraf
|-hitcount|p2: Farigiraf|4
|-unboost|p1a: Dragonite|def|1
|-boost|p1a: Dragonite|spe|1
|
|upkeep
|
|t:|1756476820
|switch|p2b: Flamigo|Flamigo, L50, M, shiny|100/100
|switch|p2a: Ursaluna|Ursaluna, L50, M, shiny|100/100
|turn|5
|l| RamiM50
|j| RamiM50
|l| RamiM50
|j| RamiM50
|
|t:|1756476842
|move|p2a: Ursaluna|Facade|p1b: Ursaluna
|-damage|p1b: Ursaluna|1/100
|move|p1b: Ursaluna|Blood Moon|p2a: Ursaluna
|-damage|p2a: Ursaluna|37/100
|move|p2b: Flamigo|Brave Bird|p1a: Dragonite
|-damage|p1a: Dragonite|0 fnt
|faint|p1a: Dragonite
|-damage|p2b: Flamigo|86/100|[from] Recoil
|
|-fieldend|move: Trick Room
|-status|p2a: Ursaluna|brn|[from] item: Flame Orb
|upkeep
|
|t:|1756476857
|switch|p1a: Sneasler|Sneasler, L50, F|100/100
|turn|6
|inactive|Battle timer is ON: inactive players will automatically lose when time's up. (requested by Emboar17)
|
|t:|1756476899
|-terastallize|p1a: Sneasler|Stellar
|move|p2a: Ursaluna|Protect|p2a: Ursaluna
|-singleturn|p2a: Ursaluna|Protect
|move|p1a: Sneasler|Dire Claw|p2b: Flamigo
|-damage|p2b: Flamigo|5/100
|move|p2b: Flamigo|Close Combat|p1b: Ursaluna
|-supereffective|p1b: Ursaluna
|-damage|p1b: Ursaluna|0 fnt
|-unboost|p2b: Flamigo|def|1
|-unboost|p2b: Flamigo|spd|1
|faint|p1b: Ursaluna
|
|-damage|p2a: Ursaluna|31/100 brn|[from] brn
|upkeep
|
|t:|1756476908
|switch|p1b: Amoonguss|Amoonguss, L50, F|100/100
|turn|7
|-message|Emboar17 forfeited.
|
|win|Kiyoshit
|l|☆Emboar17
|player|p2|
||Emboar17 is ready for game 3.
||Kiyoshit is ready for game 3.
|uhtml|next|Next: Game 3 of 3
|l| RamiM50
