|j|☆MinasDevilCrobats
|j|☆fafero
|html|MinasDevilCrobatsfafero    
|uhtml|bestof|Game 1 of a best-of-3
|t:|1757045058
|gametype|doubles
|player|p1|MinasDevilCrobats|darach-caitlin|1175
|player|p2|fafero|101|1086
|gen|9
|tier|[Gen 9] VGC 2025 Reg H (Bo3)
|rated|
|rule|Species Clause: Limit one of each Pokémon
|rule|Item Clause: Limit 1 of each item
|clearpoke
|poke|p1|Indeedee, L50, M|
|poke|p1|Sneasler, L50, F|
|poke|p1|Dondozo, L50, M|
|poke|p1|Tatsugiri, L50, F|
|poke|p1|Talonflame, L50, M|
|poke|p1|Glimmora, L50, M|
|poke|p2|Archaludon, L50, M|
|poke|p2|Dragonite, L50, M|
|poke|p2|Pelipper, L50, F|
|poke|p2|Ursaluna, L50, F|
|poke|p2|Sinistcha, L50|
|poke|p2|Gholdengo, L50|
|teampreview|4
|showteam|p1|Indeedee||ChoiceScarf|PsychicSurge|ExpandingForce,DazzlingGleam,Trick,Protect|||M|||50|,,,,,Fairy]Sneasler||PsychicSeed|Unburden|CloseCombat,DireClaw,ThroatChop,Protect|||F|||50|,,,,,Dark]Dondozo||Leftovers|Unaware|WaveCrash,OrderUp,Earthquake,Protect|||M|||50|,,,,,Grass]Tatsugiri||LifeOrb|Commander|MuddyWater,DracoMeteor,DragonPulse,Protect|||F|||50|,,,,,Steel]Talonflame||CovertCloak|GaleWings|FlareBlitz,WillOWisp,Tailwind,Taunt|||M|||50|,,,,,Grass]Glimmora||PowerHerb|ToxicDebris|MeteorBeam,SludgeBomb,EarthPower,SpikyShield|||M|||50|,,,,,Grass
|showteam|p2|Archaludon||AssaultVest|Stamina|FlashCannon,ElectroShot,Snarl,BodyPress|||M|||50|,,,,,Fighting]Dragonite||LoadedDice|Multiscale|ScaleShot,Tailwind,Haze,Protect|||M|||50|,,,,,Fairy]Pelipper||FocusSash|Drizzle|MuddyWater,Hurricane,Tailwind,Protect|||F|||50|,,,,,Ghost]Ursaluna||FlameOrb|Guts|Facade,HeadlongRush,Earthquake,Protect|||F|||50|,,,,,Ghost]Sinistcha||SitrusBerry|Hospitality|MatchaGotcha,RagePowder,LifeDew,TrickRoom||||||50|,,,,,Water]Gholdengo||ChoiceScarf|GoodasGold|MakeItRain,ShadowBall,Trick,Protect||||||50|,,,,,Flying
|inactive|Battle timer is ON: inactive players will automatically lose when time's up. (requested by MinasDevilCrobats)
|
|t:|1757045108
|teamsize|p1|4
|teamsize|p2|4
|start
|switch|p1a: Talonflame|Talonflame, L50, M|100/100
|switch|p1b: Glimmora|Glimmora, L50, M|100/100
|switch|p2a: Pelipper|Pelipper, L50, F|100/100
|switch|p2b: Sinistcha|Sinistcha, L50|100/100
|-weather|RainDance|[from] ability: Drizzle|[of] p2a: Pelipper
|turn|1
|inactive|MinasDevilCrobats has 30 seconds left.
|
|t:|1757045137
|move|p1b: Glimmora|Spiky Shield|p1b: Glimmora
|-singleturn|p1b: Glimmora|move: Protect
|move|p1a: Talonflame|Taunt|p2b: Sinistcha
|-start|p2b: Sinistcha|move: Taunt
|move|p2a: Pelipper|Muddy Water|p1a: Talonflame|[spread] p1a
|-activate|p1b: Glimmora|move: Protect
|-supereffective|p1a: Talonflame
|-damage|p1a: Talonflame|0 fnt
|faint|p1a: Talonflame
|cant|p2b: Sinistcha|move: Taunt|Trick Room
|
|-weather|RainDance|[upkeep]
|upkeep
|
|t:|1757045149
|switch|p1a: Dondozo|Dondozo, L50, M|100/100
|turn|2
|
|t:|1757045164
|-terastallize|p1b: Glimmora|Grass
|-terastallize|p2b: Sinistcha|Water
|move|p1a: Dondozo|Protect|p1a: Dondozo
|-singleturn|p1a: Dondozo|Protect
|move|p1b: Glimmora|Meteor Beam||[still]
|-prepare|p1b: Glimmora|Meteor Beam
|-boost|p1b: Glimmora|spa|1
|-enditem|p1b: Glimmora|Power Herb
|-anim|p1b: Glimmora|Meteor Beam|p2a: Pelipper
|-supereffective|p2a: Pelipper
|-enditem|p2a: Pelipper|Focus Sash
|-damage|p2a: Pelipper|1/100
|move|p2a: Pelipper|Muddy Water|p1b: Glimmora|[spread] p1b
|-activate|p1a: Dondozo|move: Protect
|-resisted|p1b: Glimmora
|-damage|p1b: Glimmora|73/100
|-unboost|p1b: Glimmora|accuracy|1
|move|p2b: Sinistcha|Matcha Gotcha|p1b: Glimmora|[spread] p1b
|-activate|p1a: Dondozo|move: Protect
|-resisted|p1b: Glimmora
|-damage|p1b: Glimmora|58/100
|
|-weather|RainDance|[upkeep]
|upkeep
|turn|3
|
|t:|1757045187
|switch|p1a: Tatsugiri|Tatsugiri, L50, F|100/100
|move|p1b: Glimmora|Sludge Bomb|p2a: Pelipper
|-damage|p2a: Pelipper|0 fnt
|faint|p2a: Pelipper
|move|p2b: Sinistcha|Matcha Gotcha|p1a: Tatsugiri|[spread] p1a,p1b
|-resisted|p1b: Glimmora
|-damage|p1a: Tatsugiri|73/100
|-damage|p1b: Glimmora|42/100
|
|-weather|RainDance|[upkeep]
|-end|p2b: Sinistcha|move: Taunt
|upkeep
|
|t:|1757045191
|switch|p2a: Dragonite|Dragonite, L50, M|100/100
|turn|4
|
|t:|1757045207
|move|p2b: Sinistcha|Rage Powder|p2b: Sinistcha
|-singleturn|p2b: Sinistcha|move: Rage Powder
|move|p1b: Glimmora|Sludge Bomb|p2a: Dragonite
|-damage|p2a: Dragonite|61/100
|move|p2a: Dragonite|Scale Shot|p1a: Tatsugiri
|-supereffective|p1a: Tatsugiri
|-damage|p1a: Tatsugiri|34/100
|-supereffective|p1a: Tatsugiri
|-damage|p1a: Tatsugiri|0 fnt
|faint|p1a: Tatsugiri
|-hitcount|p1: Tatsugiri|2
|-unboost|p2a: Dragonite|def|1
|-boost|p2a: Dragonite|spe|1
|
|-weather|RainDance|[upkeep]
|upkeep
|
|t:|1757045213
|switch|p1a: Dondozo|Dondozo, L50, M|100/100
|turn|5
|-message|MinasDevilCrobats forfeited.
|
|win|fafero
||fafero is ready for game 2.
