|j|☆Burnthehereticvgc
|j|☆bunii on spotify
|html|Burnthehereticvgcbunii on spotify    
|uhtml|bestof|Game 1 of a best-of-3
|t:|1757034261
|gametype|doubles
|player|p1|Burnthehereticvgc|102|1085
|player|p2|bunii on spotify|cheryl|1259
|gen|9
|tier|[Gen 9] VGC 2025 Reg H (Bo3)
|rated|
|rule|Species Clause: Limit one of each Pokémon
|rule|Item Clause: Limit 1 of each item
|clearpoke
|poke|p1|Abomasnow, L50, F|
|poke|p1|Glaceon, L50, F|
|poke|p1|Slowking, L50, M|
|poke|p1|Chandelure, L50, F|
|poke|p1|Hariyama, L50, F|
|poke|p1|Garchomp, L50, F|
|poke|p2|Amoonguss, L50, F|
|poke|p2|Ursaluna, L50, M|
|poke|p2|Hydreigon, L50, F|
|poke|p2|Incineroar, L50, F|
|poke|p2|Porygon2, L50|
|poke|p2|Gholdengo, L50|
|teampreview|4
|showteam|p1|Abomasnow||LifeOrb|SnowWarning|Blizzard,GigaDrain,EarthPower,Protect|||F|||50|,,,,,Ground]Glaceon||NeverMeltIce|SnowCloak|Blizzard,FreezeDry,TeraBlast,Protect|||F|||50|,,,,,Water]Slowking||CovertCloak|Regenerator|MuddyWater,HealPulse,TrickRoom,ChillyReception|||M|||50|,,,,,Fairy]Chandelure||FocusSash|FlashFire|HeatWave,ShadowBall,TrickRoom,Protect|||F|||50|,,,,,Grass]Hariyama||FlameOrb|Guts|CloseCombat,KnockOff,FakeOut,WideGuard|||F|||50|,,,,,Steel]Garchomp||ClearAmulet|SandVeil|Earthquake,StompingTantrum,RockSlide,Protect|||F|||50|,,,,,Fire
|showteam|p2|Amoonguss||RockyHelmet|Regenerator|PollenPuff,Spore,RagePowder,Protect|||F|||50|,,,,,Fairy]Ursaluna||FlameOrb|Guts|Facade,HeadlongRush,Earthquake,Protect|||M|||50|,,,,,Ghost]Hydreigon||SafetyGoggles|Levitate|DracoMeteor,Protect,Tailwind,Snarl|||F|||50|,,,,,Ghost]Incineroar||SitrusBerry|Intimidate|FlareBlitz,KnockOff,PartingShot,FakeOut|||F|||50|,,,,,Ghost]Porygon2||Eviolite|Download|TeraBlast,IceBeam,Recover,TrickRoom||||||50|,,,,,Fighting]Gholdengo||IronPlate|GoodasGold|MakeItRain,ShadowBall,NastyPlot,Protect||||||50|,,,,,Water
|inactive|Battle timer is ON: inactive players will automatically lose when time's up. (requested by Burnthehereticvgc)
|inactive|bunii on spotify has 60 seconds left.
|
|t:|1757034308
|teamsize|p1|4
|teamsize|p2|4
|start
|switch|p1a: Abomasnow|Abomasnow, L50, F|100/100
|switch|p1b: Chandelure|Chandelure, L50, F|100/100
|switch|p2a: Porygon2|Porygon2, L50|100/100
|switch|p2b: Incineroar|Incineroar, L50, F|100/100
|-ability|p2b: Incineroar|Intimidate|boost
|-unboost|p1a: Abomasnow|atk|1
|-unboost|p1b: Chandelure|atk|1
|-ability|p2a: Porygon2|Download|boost
|-boost|p2a: Porygon2|atk|1
|-weather|Snowscape|[from] ability: Snow Warning|[of] p1a: Abomasnow
|turn|1
|
|t:|1757034325
|-terastallize|p1a: Abomasnow|Ground
|move|p2b: Incineroar|Knock Off|p1b: Chandelure
|-supereffective|p1b: Chandelure
|-damage|p1b: Chandelure|20/100
|-enditem|p1b: Chandelure|Focus Sash|[from] move: Knock Off|[of] p2b: Incineroar
|move|p2a: Porygon2|Ice Beam|p1b: Chandelure
|-resisted|p1b: Chandelure
|-damage|p1b: Chandelure|10/100
|move|p1a: Abomasnow|Earth Power|p2b: Incineroar
|-supereffective|p2b: Incineroar
|-damage|p2b: Incineroar|18/100
|-enditem|p2b: Incineroar|Sitrus Berry|[eat]
|-heal|p2b: Incineroar|43/100|[from] item: Sitrus Berry
|-damage|p1a: Abomasnow|91/100|[from] item: Life Orb
|move|p1b: Chandelure|Trick Room|p1b: Chandelure
|-fieldstart|move: Trick Room|[of] p1b: Chandelure
|
|-weather|Snowscape|[upkeep]
|upkeep
|turn|2
|inactive|Burnthehereticvgc has 30 seconds left.
|
|t:|1757034351
|switch|p1b: Glaceon|Glaceon, L50, F|100/100
|switch|p2b: Hydreigon|Hydreigon, L50, F|100/100
|move|p1a: Abomasnow|Blizzard|p2a: Porygon2|[spread] p2a,p2b
|-supereffective|p2b: Hydreigon
|-damage|p2a: Porygon2|69/100
|-damage|p2b: Hydreigon|5/100
|-damage|p1a: Abomasnow|81/100|[from] item: Life Orb
|move|p2a: Porygon2|Ice Beam|p1a: Abomasnow
|-supereffective|p1a: Abomasnow
|-damage|p1a: Abomasnow|24/100
|-status|p1a: Abomasnow|frz
|
|-weather|Snowscape|[upkeep]
|upkeep
|turn|3
|
|t:|1757034370
|switch|p2b: Gholdengo|Gholdengo, L50|100/100
|-terastallize|p2a: Porygon2|Fighting
|cant|p1a: Abomasnow|frz
|move|p1b: Glaceon|Blizzard|p2b: Gholdengo|[spread] p2a,p2b
|-resisted|p2b: Gholdengo
|-damage|p2a: Porygon2|36/100
|-damage|p2b: Gholdengo|74/100
|-status|p2a: Porygon2|frz
|-status|p2b: Gholdengo|frz
|cant|p2a: Porygon2|frz
|
|-weather|Snowscape|[upkeep]
|upkeep
|turn|4
|inactive|bunii on spotify has 30 seconds left.
|
|t:|1757034400
|switch|p1a: Chandelure|Chandelure, L50, F|10/100
|cant|p2b: Gholdengo|frz
|cant|p2a: Porygon2|frz
|move|p1b: Glaceon|Blizzard|p2a: Porygon2|[spread] p2a,p2b
|-resisted|p2b: Gholdengo
|-damage|p2a: Porygon2|1/100 frz
|-damage|p2b: Gholdengo|44/100 frz
|
|-weather|Snowscape|[upkeep]
|upkeep
|turn|5
|
|t:|1757034412
|switch|p2b: Incineroar|Incineroar, L50, F|43/100
|-ability|p2b: Incineroar|Intimidate|boost
|-unboost|p1a: Chandelure|atk|1
|-unboost|p1b: Glaceon|atk|1
|cant|p2a: Porygon2|frz
|move|p1b: Glaceon|Blizzard|p2a: Porygon2|[spread] p2a,p2b
|-resisted|p2b: Incineroar
|-damage|p2a: Porygon2|0 fnt
|-damage|p2b: Incineroar|21/100
|faint|p2a: Porygon2
|move|p1a: Chandelure|Heat Wave|p2b: Incineroar
|-resisted|p2b: Incineroar
|-damage|p2b: Incineroar|4/100
|
|-weather|none
|-fieldend|move: Trick Room
|upkeep
|
|t:|1757034419
|switch|p2a: Gholdengo|Gholdengo, L50|44/100 frz
|turn|6
|
|t:|1757034430
|move|p1b: Glaceon|Protect|p1b: Glaceon
|-singleturn|p1b: Glaceon|Protect
|-curestatus|p2a: Gholdengo|frz|[msg]
|move|p2a: Gholdengo|Make It Rain|p1b: Glaceon|[spread] p1a
|-activate|p1b: Glaceon|move: Protect
|-resisted|p1a: Chandelure
|-damage|p1a: Chandelure|0 fnt
|-unboost|p2a: Gholdengo|spa|1
|faint|p1a: Chandelure
|move|p2b: Incineroar|Knock Off|p1b: Glaceon
|-activate|p1b: Glaceon|move: Protect
|
|upkeep
|
|t:|1757034445
|switch|p1a: Abomasnow|Abomasnow, L50, F, tera:Ground|24/100 frz
|-weather|Snowscape|[from] ability: Snow Warning|[of] p1a: Abomasnow
|turn|7
|
|t:|1757034455
|move|p2a: Gholdengo|Make It Rain|p1a: Abomasnow|[spread] p1a
|-miss|p2a: Gholdengo|p1b: Glaceon
|-damage|p1a: Abomasnow|0 fnt
|-unboost|p2a: Gholdengo|spa|1
|faint|p1a: Abomasnow
|move|p2b: Incineroar|Flare Blitz|p1b: Glaceon|[miss]
|-miss|p2b: Incineroar|p1b: Glaceon
|move|p1b: Glaceon|Blizzard|p2a: Gholdengo|[spread] p2a,p2b
|-resisted|p2a: Gholdengo
|-resisted|p2b: Incineroar
|-damage|p2a: Gholdengo|15/100
|-damage|p2b: Incineroar|0 fnt
|faint|p2b: Incineroar
|
|-weather|Snowscape|[upkeep]
|upkeep
|
|t:|1757034469
|switch|p2b: Hydreigon|Hydreigon, L50, F|5/100
|switch|p1a: Garchomp|Garchomp, L50, F|100/100
|turn|8
|l|☆bunii on spotify
|inactive|bunii on spotify disconnected and has a minute to reconnect!
|player|p2|
|inactive|bunii on spotify has 30 seconds left.
|j|☆bunii on spotify
|inactive|bunii on spotify reconnected and has 30 seconds left.
|player|p2|bunii on spotify|cheryl|
|
|t:|1757034503
|move|p2a: Gholdengo|Protect|p2a: Gholdengo
|-singleturn|p2a: Gholdengo|Protect
|move|p1a: Garchomp|Rock Slide|p2b: Hydreigon|[spread] p2b
|-activate|p2a: Gholdengo|move: Protect
|-damage|p2b: Hydreigon|0 fnt
|faint|p2b: Hydreigon
|move|p1b: Glaceon|Blizzard|p2a: Gholdengo
|-activate|p2a: Gholdengo|move: Protect
|
|-weather|Snowscape|[upkeep]
|upkeep
|turn|9
|-message|bunii on spotify forfeited.
|
|win|Burnthehereticvgc
|l|☆bunii on spotify
|player|p2|
||bunii on spotify is ready for game 2.
||Burnthehereticvgc is ready for game 2.
|uhtml|next|Next: Game 2 of 3
|j|☆bunii on spotify
|player|p2|bunii on spotify|cheryl|
