|j|☆Slothpk
|j|☆Sagiboi
|html|SlothpkSagiboi    
|uhtml|bestof|Game 3 of a best-of-3
|t:|1784313966
|gametype|doubles
|player|p1|Slothpk|101|1070
|player|p2|Sagiboi|scientist|1000
|gen|9
|tier|[Gen 9 Champions] VGC 2026 Reg M-B (Bo3)
|rated|
|rule|Species Clause: Limit one of each Pokémon
|rule|Item Clause: Limit 1 of each item
|clearpoke
|poke|p1|Staraptor, L50, F|
|poke|p1|Scizor, L50, F|
|poke|p1|Milotic, L50, M|
|poke|p1|Maushold-Four, L50|
|poke|p1|Ceruledge, L50, M|
|poke|p1|Sinistcha-Masterpiece, L50|
|poke|p2|Clefable, L50, F|
|poke|p2|Froslass, L50, F, shiny|
|poke|p2|Palafin, L50, F, shiny|
|poke|p2|Aerodactyl, L50, M, shiny|
|poke|p2|Garchomp, L50, M, shiny|
|poke|p2|Kingambit, L50, M, shiny|
|teampreview|4
|showteam|p1|Staraptor||Staraptite|Intimidate|CloseCombat,BraveBird,Protect,Tailwind|Jolly||F|||50|]Scizor||Scizorite|Technician|Protect,BulletPunch,BugBite,SwordsDance|Adamant||F|||50|]Milotic||Leftovers|Competitive|Protect,IcyWind,Scald,Haze|Modest||M|||50|]Maushold-Four||SitrusBerry|FriendGuard|FollowMe,SuperFang,Charm,Protect|Jolly|||||50|]Ceruledge||ColburBerry|FlashFire|ShadowSneak,BitterBlade,SwordsDance,Protect|Adamant||M|||50|]Sinistcha-Masterpiece||MiracleSeed|Hospitality|MatchaGotcha,Protect,RagePowder,TrickRoom|Modest|||||50|
|showteam|p2|Clefable||SitrusBerry|Unaware|Moonblast,Protect,HelpingHand,FollowMe|Calm||F|||50|]Froslass||Froslassite|SnowCloak|Blizzard,ShadowBall,Protect,AuroraVeil|Timid||F|||50|]Palafin||MysticWater|ZerotoHero|WaveCrash,CloseCombat,Protect,JetPunch|Jolly||F|||50|]Aerodactyl||Aerodactylite|Unnerve|RockSlide,DualWingbeat,Protect,Tailwind|Jolly||M|||50|]Garchomp||ChoiceScarf|RoughSkin|Earthquake,DragonClaw,StompingTantrum,RockSlide|Jolly||M|||50|]Kingambit||BlackGlasses|Defiant|KowtowCleave,SuckerPunch,Protect,SwordsDance|Adamant||M|||50|
|inactive|Battle timer is ON: inactive players will automatically lose when time's up. (requested by Slothpk)
|
|t:|1784314003
|teamsize|p1|4
|teamsize|p2|4
|start
|switch|p1a: Staraptor|Staraptor, L50, F|100/100
|switch|p1b: Ceruledge|Ceruledge, L50, M|100/100
|switch|p2a: Bazinga!|Garchomp, L50, M, shiny|100/100
|switch|p2b: Kagura|Palafin, L50, F, shiny|100/100
|-ability|p1a: Staraptor|Intimidate|boost
|-unboost|p2a: Bazinga!|atk|1
|-unboost|p2b: Kagura|atk|1
|turn|1
|inactive|Slothpk has 30 seconds left.
|inactive|Sagiboi has 30 seconds left.
|
|t:|1784314034
|detailschange|p2b: Kagura|Palafin-Hero, L50, F, shiny
|switch|p2b: Dead Brother|Aerodactyl, L50, M, shiny|100/100
|-ability|p2b: Dead Brother|Unnerve
|detailschange|p1a: Staraptor|Staraptor-Mega, L50, F
|-mega|p1a: Staraptor|Staraptor|Staraptite
|move|p2a: Bazinga!|Rock Slide|p1b: Ceruledge|[spread] p1a,p1b
|-supereffective|p1b: Ceruledge|1
|-damage|p1a: Staraptor|86/100
|-damage|p1b: Ceruledge|67/100
|cant|p1a: Staraptor|flinch
|move|p1b: Ceruledge|Swords Dance|p1b: Ceruledge
|-boost|p1b: Ceruledge|atk|2
|
|upkeep
|turn|2
|inactive|Slothpk has 30 seconds left.
|inactive|Sagiboi has 30 seconds left.
|inactive|Sagiboi has 20 seconds left.
|inactive|Sagiboi has 15 seconds left.
|inactive|Slothpk has 20 seconds left.
|inactive|Slothpk has 15 seconds left.
|inactive|Slothpk has 10 seconds left.
|inactive|Slothpk has 5 seconds left.
|
|t:|1784314101
|detailschange|p2b: Dead Brother|Aerodactyl-Mega, L50, M, shiny
|-mega|p2b: Dead Brother|Aerodactyl|Aerodactylite
|move|p1b: Ceruledge|Shadow Sneak|p2b: Dead Brother
|-damage|p2b: Dead Brother|38/100
|move|p2a: Bazinga!|Rock Slide|p1a: Staraptor|[spread] p1a,p1b
|-crit|p1a: Staraptor
|-supereffective|p1b: Ceruledge|1
|-damage|p1a: Staraptor|58/100
|-damage|p1b: Ceruledge|34/100
|move|p2b: Dead Brother|Dual Wingbeat|p1a: Staraptor
|-supereffective|p1a: Staraptor|1
|-damage|p1a: Staraptor|2/100
|-supereffective|p1a: Staraptor|1
|-damage|p1a: Staraptor|0 fnt
|faint|p1a: Staraptor
|-hitcount|p1: Staraptor|2
|
|upkeep
|
|t:|1784314115
|switch|p1a: Milotic|Milotic, L50, M|100/100
|turn|3
|
|t:|1784314131
|move|p2b: Dead Brother|Protect|p2b: Dead Brother
|-singleturn|p2b: Dead Brother|Protect
|move|p2a: Bazinga!|Rock Slide|p1a: Milotic|[spread] p1a,p1b
|-supereffective|p1b: Ceruledge|1
|-damage|p1a: Milotic|84/100
|-damage|p1b: Ceruledge|2/100
|move|p1b: Ceruledge|Bitter Blade|p2a: Bazinga!
|-resisted|p2a: Bazinga!|1
|-damage|p2a: Bazinga!|49/100
|-heal|p1b: Ceruledge|28/100|[from] drain|[of] p2a: Bazinga!
|-damage|p1b: Ceruledge|15/100|[from] ability: Rough Skin|[of] p2a: Bazinga!
|move|p1a: Milotic|Icy Wind|p2b: Dead Brother|[spread] p2a
|-activate|p2b: Dead Brother|move: Protect
|-supereffective|p2a: Bazinga!|2
|-damage|p2a: Bazinga!|0 fnt
|faint|p2a: Bazinga!
|
|-heal|p1a: Milotic|90/100|[from] item: Leftovers
|upkeep
|
|t:|1784314150
|switch|p2a: Kagura|Palafin-Hero, L50, F, shiny|100/100
|-activate|p2a: Kagura|ability: Zero to Hero
|turn|4
|
|t:|1784314167
|move|p1b: Ceruledge|Protect|p1b: Ceruledge
|-singleturn|p1b: Ceruledge|Protect
|move|p2a: Kagura|Jet Punch|p1b: Ceruledge
|-activate|p1b: Ceruledge|move: Protect
|move|p2b: Dead Brother|Dual Wingbeat|p1a: Milotic
|-damage|p1a: Milotic|57/100
|-damage|p1a: Milotic|25/100
|-hitcount|p1a: Milotic|2
|move|p1a: Milotic|Icy Wind|p2b: Dead Brother|[spread] p2a,p2b
|-resisted|p2a: Kagura|1
|-supereffective|p2b: Dead Brother|1
|-damage|p2a: Kagura|93/100
|-damage|p2b: Dead Brother|4/100
|-unboost|p2a: Kagura|spe|1
|-unboost|p2b: Dead Brother|spe|1
|
|-heal|p1a: Milotic|31/100|[from] item: Leftovers
|upkeep
|turn|5
|inactive|Slothpk has 30 seconds left.
|
|t:|1784314193
|move|p2a: Kagura|Jet Punch|p1b: Ceruledge
|-supereffective|p1b: Ceruledge|1
|-damage|p1b: Ceruledge|0 fnt
|faint|p1b: Ceruledge
|move|p2b: Dead Brother|Dual Wingbeat|p1a: Milotic
|-damage|p1a: Milotic|1/100
|-damage|p1a: Milotic|0 fnt
|faint|p1a: Milotic
|-hitcount|p1: Milotic|2
|
|upkeep
|
|t:|1784314195
|switch|p1b: Scizor|Scizor, L50, F|100/100
|turn|6
|l|☆Slothpk
|inactive|Slothpk disconnected and has a minute to reconnect!
|player|p1|
|inactive|Sagiboi has 30 seconds left.
|
|t:|1784314221
|switch|p2a: Getos|Kingambit, L50, M, shiny|100/100
|move|p1b: Scizor|Bullet Punch|p2b: Dead Brother
|-supereffective|p2b: Dead Brother|1
|-damage|p2b: Dead Brother|0 fnt
|faint|p2b: Dead Brother
|
|upkeep
|
|t:|1784314228
|switch|p2b: Kagura|Palafin-Hero, L50, F, shiny|93/100
|turn|7
|inactive|Slothpk has 30 seconds left.
|inactive|Slothpk has 20 seconds left.
|inactive|Slothpk has 15 seconds left.
|inactive|Slothpk has 10 seconds left.
|inactive|Slothpk has 5 seconds left.
|-message|Slothpk lost due to inactivity.
|
|win|Sagiboi
|raw|Slothpk's rating: 1070 → 1045(-25 for losing)
|raw|Sagiboi's rating: 1000 → 1048(+48 for winning)
