|j|☆ToastedArt
|j|☆DmoSkillz
|html|ToastedArtDmoSkillz    
|uhtml|bestof|Game 1 of a best-of-3
|t:|1785367986
|gametype|doubles
|player|p1|ToastedArt|iris|1105
|player|p2|DmoSkillz|102|1000
|gen|9
|tier|[Gen 9 Champions] VGC 2026 Reg M-B (Bo3)
|rated|
|rule|Species Clause: Limit one of each Pokémon
|rule|Item Clause: Limit 1 of each item
|clearpoke
|poke|p1|Staraptor, L50, M|
|poke|p1|Gholdengo, L50|
|poke|p1|Sinistcha, L50|
|poke|p1|Grimmsnarl, L50, M|
|poke|p1|Raichu, L50, M|
|poke|p1|Kingambit, L50, F|
|poke|p2|Meowscarada, L50, M, shiny|
|poke|p2|Chandelure, L50, M, shiny|
|poke|p2|Raichu, L50, M, shiny|
|poke|p2|Whimsicott, L50, M, shiny|
|poke|p2|Staraptor, L50, M, shiny|
|poke|p2|Maushold-Four, L50, shiny|
|teampreview|4
|showteam|p1|Staraptor||Staraptite|Intimidate|CloseCombat,BraveBird,Tailwind,Protect|Jolly||M|||50|]Gholdengo||Leftovers|GoodasGold|MakeItRain,ShadowBall,NastyPlot,Protect|Modest|||||50|]Sinistcha||SitrusBerry|Hospitality|MatchaGotcha,RagePowder,TrickRoom,LifeDew|Calm|||||50|]Grimmsnarl||LightClay|Prankster|Reflect,LightScreen,PartingShot,Swagger|Calm||M|||50|]Raichu||RaichuniteX|LightningRod|VoltSwitch,FakeTears,Charm,FakeOut|Jolly||M|||50|]Kingambit||BlackGlasses|Defiant|KowtowCleave,SuckerPunch,SwordsDance,Protect|Adamant||F|||50|
|showteam|p2|Meowscarada||ChoiceScarf|Protean|TripleAxel,FlowerTrick,ThroatChop,BrickBreak|Adamant||M|||50|]Chandelure||Chandelurite|FlashFire|ShadowBall,DarkPulse,HeatWave,Protect|Modest||M|||50|]Raichu||RaichuniteY|LightningRod|FakeOut,ZapCannon,FocusBlast,DazzlingGleam|Modest||M|||50|]Whimsicott||FocusSash|Prankster|HelpingHand,Taunt,Charm,Tailwind|Timid||M|||50|]Staraptor||Staraptite|Intimidate|BraveBird,CloseCombat,Roost,Protect|Adamant||M|||50|]Maushold-Four||WideLens|Technician|PopulationBomb,Protect,FollowMe,Tickle|Adamant|||||50|
|inactive|Battle timer is ON: inactive players will automatically lose when time's up. (requested by ToastedArt)
|inactive|ToastedArt has 60 seconds left.
|
|t:|1785368042
|teamsize|p1|4
|teamsize|p2|4
|start
|switch|p1a: Grimmsnarl|Grimmsnarl, L50, M|100/100
|switch|p1b: Staraptor|Staraptor, L50, M|100/100
|switch|p2a: Whimsicott|Whimsicott, L50, M, shiny|100/100
|switch|p2b: Staraptor|Staraptor, L50, M, shiny|100/100
|-ability|p1b: Staraptor|Intimidate|boost
|-unboost|p2a: Whimsicott|atk|1
|-unboost|p2b: Staraptor|atk|1
|-ability|p2b: Staraptor|Intimidate|boost
|-unboost|p1a: Grimmsnarl|atk|1
|-unboost|p1b: Staraptor|atk|1
|turn|1
|
|t:|1785368064
|detailschange|p1b: Staraptor|Staraptor-Mega, L50, M
|-mega|p1b: Staraptor|Staraptor|Staraptite
|detailschange|p2b: Staraptor|Staraptor-Mega, L50, M, shiny
|-mega|p2b: Staraptor|Staraptor|Staraptite
|move|p2a: Whimsicott|Charm|p2b: Staraptor
|-boost|p2b: Staraptor|atk|2
|move|p1a: Grimmsnarl|Swagger|p2b: Staraptor
|-unboost|p2b: Staraptor|atk|2
|-start|p2b: Staraptor|confusion
|move|p1b: Staraptor|Tailwind|p1b: Staraptor
|-sidestart|p1: ToastedArt|move: Tailwind
|-activate|p2b: Staraptor|confusion
|move|p2b: Staraptor|Close Combat|p1a: Grimmsnarl
|-crit|p1a: Grimmsnarl
|-damage|p1a: Grimmsnarl|0 fnt
|-boost|p2b: Staraptor|def|1
|-boost|p2b: Staraptor|spd|1
|faint|p1a: Grimmsnarl
|
|upkeep
|
|t:|1785368082
|switch|p1a: Kingambit|Kingambit, L50, F|100/100
|turn|2
|
|t:|1785368093
|switch|p2b: Meowscarada|Meowscarada, L50, M, shiny|100/100
|move|p1a: Kingambit|Protect|p1a: Kingambit
|-singleturn|p1a: Kingambit|Protect
|move|p2a: Whimsicott|Tailwind|p2a: Whimsicott
|-sidestart|p2: DmoSkillz|move: Tailwind
|move|p1b: Staraptor|Brave Bird|p2b: Meowscarada
|-supereffective|p2b: Meowscarada|1
|-damage|p2b: Meowscarada|0 fnt
|faint|p2b: Meowscarada
|-damage|p1b: Staraptor|69/100|[from] Recoil
|
|upkeep
|
|t:|1785368104
|switch|p2b: Maushold|Maushold-Four, L50, shiny|100/100
|turn|3
|inactive|ToastedArt has 30 seconds left.
|
|t:|1785368130
|move|p2a: Whimsicott|Helping Hand|p2b: Maushold
|-singleturn|p2b: Maushold|Helping Hand|[of] p2a: Whimsicott
|move|p1b: Staraptor|Close Combat|p2b: Maushold
|-supereffective|p2b: Maushold|1
|-damage|p2b: Maushold|0 fnt
|-boost|p1b: Staraptor|def|1
|-boost|p1b: Staraptor|spd|1
|faint|p2b: Maushold
|move|p1a: Kingambit|Swords Dance|p1a: Kingambit
|-boost|p1a: Kingambit|atk|2
|
|upkeep
|
|t:|1785368137
|switch|p2b: Staraptor|Staraptor-Mega, L50, M, shiny|100/100
|turn|4
|
|t:|1785368146
|move|p2a: Whimsicott|Charm|p2b: Staraptor
|-boost|p2b: Staraptor|atk|2
|move|p1a: Kingambit|Sucker Punch|p2b: Staraptor
|-resisted|p2b: Staraptor|1
|-damage|p2b: Staraptor|44/100
|move|p1b: Staraptor|Brave Bird|p2b: Staraptor
|-supereffective|p2b: Staraptor|1
|-damage|p2b: Staraptor|0 fnt
|faint|p2b: Staraptor
|-damage|p1b: Staraptor|54/100|[from] Recoil
|
|-sideend|p1: ToastedArt|move: Tailwind
|upkeep
|turn|5
|-message|DmoSkillz forfeited.
|
|win|ToastedArt
