|j|☆Yoelsan
|j|☆sogreenitslime
|html|Yoelsansogreenitslime    
|uhtml|bestof|Game 2 of a best-of-3
|t:|1782658670
|gametype|doubles
|player|p1|Yoelsan|alder|1022
|player|p2|sogreenitslime|pokemaniac|1127
|gen|9
|tier|[Gen 9 Champions] VGC 2026 Reg M-B (Bo3)
|rated|
|rule|Species Clause: Limit one of each Pokémon
|rule|Item Clause: Limit 1 of each item
|clearpoke
|poke|p1|Swampert, L50, M, shiny|
|poke|p1|Farigiraf, L50, M|
|poke|p1|Sinistcha, L50|
|poke|p1|Archaludon, L50, F|
|poke|p1|Pelipper, L50, F|
|poke|p1|Mawile, L50, M|
|poke|p2|Aerodactyl, L50, M|
|poke|p2|Rotom-Wash, L50|
|poke|p2|Sceptile, L50, M|
|poke|p2|Kingambit, L50, M|
|poke|p2|Sneasler, L50, F|
|poke|p2|Incineroar, L50, M|
|teampreview|4
|showteam|p1|Swampert||Swampertite|Torrent|IcePunch,HighHorsepower,WaveCrash,Protect|Adamant||M|||50|]Farigiraf||SitrusBerry|ArmorTail|Protect,Psychic,TrickRoom,Thunderbolt|Bold||M|||50|]Sinistcha||KasibBerry|Hospitality|Protect,MatchaGotcha,TrickRoom,RagePowder|Relaxed|||||50|]Archaludon||Leftovers|Stamina|Protect,ElectroShot,FlashCannon,DragonPulse|Modest||F|||50|]Pelipper||LifeOrb|Drizzle|Protect,Tailwind,Hurricane,WeatherBall|Modest||F|||50|]Mawile||Mawilite|Intimidate|Protect,PlayRough,SuckerPunch,IronHead|Adamant||M|||50|
|showteam|p2|Aerodactyl||Aerodactylite|Unnerve|Tailwind,RockSlide,DualWingbeat,Protect|Jolly||M|||50|]Rotom-Wash||ChoiceScarf|Levitate|VoltSwitch,Discharge,Electroweb,HydroPump|Timid|||||50|]Sceptile||Sceptilite|Overgrow|EnergyBall,EarthPower,DragonPulse,Protect|Timid||M|||50|]Kingambit||ChopleBerry|Defiant|KowtowCleave,SuckerPunch,IronHead,Protect|Adamant||M|||50|]Sneasler||WhiteHerb|Unburden|DireClaw,CloseCombat,FakeOut,Protect|Jolly||F|||50|]Incineroar||SitrusBerry|Intimidate|WillOWisp,FlareBlitz,PartingShot,FakeOut|Careful||M|||50|
|
|t:|1782658694
|teamsize|p1|4
|teamsize|p2|4
|start
|switch|p1a: Pelipper|Pelipper, L50, F|100/100
|switch|p1b: Swampert|Swampert, L50, M, shiny|100/100
|switch|p2a: Aerodactyl|Aerodactyl, L50, M|100/100
|switch|p2b: Sneasler|Sneasler, L50, F|100/100
|-ability|p2a: Aerodactyl|Unnerve
|-weather|RainDance|[from] ability: Drizzle|[of] p1a: Pelipper
|turn|1
|
|t:|1782658738
|switch|p1a: Farigiraf|Farigiraf, L50, M|100/100
|detailschange|p1b: Swampert|Swampert-Mega, L50, M, shiny
|-mega|p1b: Swampert|Swampert|Swampertite
|move|p2b: Sneasler|Fake Out||[still]
|cant|p1a: Farigiraf|ability: Armor Tail|Fake Out|[of] p2b: Sneasler
|move|p1b: Swampert|High Horsepower|p2b: Sneasler
|-supereffective|p2b: Sneasler|1
|-damage|p2b: Sneasler|0 fnt
|faint|p2b: Sneasler
|move|p2a: Aerodactyl|Tailwind|p2a: Aerodactyl
|-sidestart|p2: sogreenitslime|move: Tailwind
|
|-weather|RainDance|[upkeep]
|upkeep
|
|t:|1782658757
|switch|p2b: Sceptile|Sceptile, L50, M|100/100
|turn|2
|
|t:|1782658783
|switch|p1b: Pelipper|Pelipper, L50, F|100/100
|detailschange|p2b: Sceptile|Sceptile-Mega, L50, M
|-mega|p2b: Sceptile|Sceptile|Sceptilite
|move|p2b: Sceptile|Energy Ball|p1b: Pelipper
|-damage|p1b: Pelipper|35/100
|move|p2a: Aerodactyl|Rock Slide|p1b: Pelipper|[spread] p1a,p1b
|-supereffective|p1b: Pelipper|1
|-damage|p1a: Farigiraf|81/100
|-damage|p1b: Pelipper|0 fnt
|faint|p1b: Pelipper
|move|p1a: Farigiraf|Trick Room|p1a: Farigiraf
|-fieldstart|move: Trick Room|[of] p1a: Farigiraf
|
|-weather|RainDance|[upkeep]
|upkeep
|
|t:|1782658795
|switch|p1b: Swampert|Swampert-Mega, L50, M, shiny|100/100
|turn|3
|
|t:|1782658810
|switch|p2b: Rotom|Rotom-Wash, L50|100/100
|move|p1a: Farigiraf|Thunderbolt|p2a: Aerodactyl
|-supereffective|p2a: Aerodactyl|1
|-damage|p2a: Aerodactyl|37/100
|move|p1b: Swampert|Ice Punch|p2b: Rotom
|-resisted|p2b: Rotom|1
|-damage|p2b: Rotom|79/100
|move|p2a: Aerodactyl|Rock Slide|p1b: Swampert|[spread] p1b
|-miss|p2a: Aerodactyl|p1a: Farigiraf
|-resisted|p1b: Swampert|1
|-damage|p1b: Swampert|88/100
|
|-weather|RainDance|[upkeep]
|upkeep
|turn|4
|
|t:|1782658844
|switch|p1b: Archaludon|Archaludon, L50, F|100/100
|move|p2a: Aerodactyl|Protect|p2a: Aerodactyl
|-singleturn|p2a: Aerodactyl|Protect
|move|p1a: Farigiraf|Psychic|p2b: Rotom
|-damage|p2b: Rotom|33/100
|move|p2b: Rotom|Hydro Pump|p1b: Archaludon
|-resisted|p1b: Archaludon|1
|-damage|p1b: Archaludon|54/100
|-ability|p1b: Archaludon|Stamina|boost
|-boost|p1b: Archaludon|def|1
|
|-weather|RainDance|[upkeep]
|-heal|p1b: Archaludon|60/100|[from] item: Leftovers
|-sideend|p2: sogreenitslime|move: Tailwind
|upkeep
|turn|5
|
|t:|1782658872
|switch|p2b: Sceptile|Sceptile-Mega, L50, M|100/100
|move|p1a: Farigiraf|Psychic|p2b: Sceptile
|-damage|p2b: Sceptile|52/100
|move|p1b: Archaludon|Dragon Pulse|p2a: Aerodactyl
|-damage|p2a: Aerodactyl|0 fnt
|faint|p2a: Aerodactyl
|
|-weather|none
|-heal|p1b: Archaludon|67/100|[from] item: Leftovers
|upkeep
|
|t:|1782658882
|switch|p2a: Rotom|Rotom-Wash, L50|33/100
|turn|6
|
|t:|1782658902
|move|p1a: Farigiraf|Psychic|p2a: Rotom
|-damage|p2a: Rotom|0 fnt
|faint|p2a: Rotom
|move|p1b: Archaludon|Dragon Pulse|p2b: Sceptile
|-supereffective|p2b: Sceptile|1
|-damage|p2b: Sceptile|0 fnt
|faint|p2b: Sceptile
|
|win|Yoelsan
||Yoelsan is ready for game 3.
|l|☆Yoelsan
|player|p1|
||sogreenitslime is ready for game 3.
|uhtml|next|Next: Game 3 of 3
