|j|☆DudisMFE
|j|☆rillaboom0623
|html|DudisMFErillaboom0623    
|uhtml|bestof|Game 1 of a best-of-3
|t:|1756766613
|gametype|doubles
|player|p1|DudisMFE|benga|1078
|player|p2|rillaboom0623|rosa|1000
|gen|9
|tier|[Gen 9] VGC 2025 Reg H (Bo3)
|rated|
|rule|Species Clause: Limit one of each Pokémon
|rule|Item Clause: Limit 1 of each item
|clearpoke
|poke|p1|Typhlosion-Hisui, L50, F|
|poke|p1|Whimsicott, L50, M|
|poke|p1|Tauros-Paldea-Aqua, L50, M|
|poke|p1|Ursaluna-Bloodmoon, L50, M|
|poke|p1|Kingambit, L50, F|
|poke|p1|Maushold-Four, L50|
|poke|p2|Gholdengo, L50|
|poke|p2|Incineroar, L50, M|
|poke|p2|Ninetales-Alola, L50, F|
|poke|p2|Dragapult, L50, M|
|poke|p2|Magmar, L50, M|
|poke|p2|Vivillon-Fancy, L50, F|
|teampreview|4
|showteam|p1|Typhlosion-Hisui||ChoiceSpecs|Blaze|Eruption,HeatWave,ShadowBall,Overheat|||F|||50|,,,,,Fire]Whimsicott||CovertCloak|Prankster|SunnyDay,Tailwind,Encore,Moonblast|||M|||50|,,,,,Water]Tauros-Paldea-Aqua||ClearAmulet|Intimidate|Protect,RagingBull,AquaJet,CloseCombat|||M|||50|,,,,,Grass]Ursaluna-Bloodmoon||LifeOrb|MindsEye|BloodMoon,EarthPower,HyperVoice,Protect|||M|||50|,,,,,Normal]Kingambit||AssaultVest|Defiant|IronHead,KowtowCleave,SuckerPunch,LowKick|||F|||50|,,,,,Fairy]Maushold-Four||WideLens|FriendGuard|PopulationBomb,Taunt,FollowMe,Protect||||||50|,,,,,Normal
|showteam|p2|Gholdengo||LifeOrb|GoodasGold|MakeItRain,ShadowBall,NastyPlot,Protect||||||50|,,,,,Dragon]Incineroar||AssaultVest|Intimidate|FlareBlitz,KnockOff,FakeOut,Uturn|||M|||50|,,,,,Ghost]Ninetales-Alola||NeverMeltIce|SnowWarning|Blizzard,Encore,Protect,FreezeDry|||F|||50|,,,,,Water]Dragapult||ChoiceBand|ClearBody|Outrage,DragonDarts,PhantomForce,Uturn|||M|||50|,,,,,Dragon]Magmar||Eviolite|VitalSpirit|Overheat,Protect,HelpingHand,FollowMe|||M|||50|,,,,,Ghost]Vivillon-Fancy||FocusSash|CompoundEyes|SleepPowder,RagePowder,Hurricane,Protect|||F|||50|,,,,,Water
|inactive|Battle timer is ON: inactive players will automatically lose when time's up. (requested by rillaboom0623)
|inactive|DudisMFE has 60 seconds left.
|inactive|rillaboom0623 has 60 seconds left.
|inactive|DudisMFE has 30 seconds left.
|inactive|DudisMFE has 20 seconds left.
|inactive|DudisMFE has 15 seconds left.
|inactive|DudisMFE has 10 seconds left.
|inactive|DudisMFE has 5 seconds left.
|
|t:|1756766700
|teamsize|p1|4
|teamsize|p2|4
|start
|switch|p1a: Whimsicott|Whimsicott, L50, M, shiny|100/100
|switch|p1b: Typhlosion|Typhlosion-Hisui, L50, F|100/100
|switch|p2a: Magmar|Magmar, L50, M|100/100
|switch|p2b: Dragapult|Dragapult, L50, M|100/100
|turn|1
|
|t:|1756766717
|move|p2a: Magmar|Helping Hand|p2b: Dragapult
|-singleturn|p2b: Dragapult|Helping Hand|[of] p2a: Magmar
|move|p1a: Whimsicott|Tailwind|p1a: Whimsicott
|-sidestart|p1: DudisMFE|move: Tailwind
|move|p1b: Typhlosion|Shadow Ball|p2b: Dragapult
|-supereffective|p2b: Dragapult
|-damage|p2b: Dragapult|0 fnt
|faint|p2b: Dragapult
|
|upkeep
|
|t:|1756766729
|switch|p2b: Ninetales|Ninetales-Alola, L50, F|100/100
|-weather|Snowscape|[from] ability: Snow Warning|[of] p2b: Ninetales
|turn|2
|inactive|DudisMFE has 30 seconds left.
|
|t:|1756766758
|move|p1a: Whimsicott|Sunny Day|p1a: Whimsicott
|-weather|SunnyDay
|move|p1b: Typhlosion|Shadow Ball|p2a: Magmar
|-damage|p2a: Magmar|51/100
|move|p2b: Ninetales|Blizzard|p1b: Typhlosion|[spread] p1b
|-miss|p2b: Ninetales|p1a: Whimsicott
|-resisted|p1b: Typhlosion
|-damage|p1b: Typhlosion|74/100
|move|p2a: Magmar|Overheat|p1b: Typhlosion
|-resisted|p1b: Typhlosion
|-damage|p1b: Typhlosion|27/100
|-unboost|p2a: Magmar|spa|2
|
|-weather|SunnyDay|[upkeep]
|upkeep
|turn|3
|inactive|DudisMFE has 30 seconds left.
|
|t:|1756766783
|switch|p1b: Ursaluna|Ursaluna-Bloodmoon, L50, M|100/100
|move|p2a: Magmar|Helping Hand|p2b: Ninetales
|-singleturn|p2b: Ninetales|Helping Hand|[of] p2a: Magmar
|move|p1a: Whimsicott|Encore|p2a: Magmar
|-start|p2a: Magmar|Encore
|move|p2b: Ninetales|Blizzard|p1b: Ursaluna|[spread] p1a
|-miss|p2b: Ninetales|p1b: Ursaluna
|-supereffective|p1a: Whimsicott
|-damage|p1a: Whimsicott|0 fnt
|faint|p1a: Whimsicott
|
|-weather|SunnyDay|[upkeep]
|upkeep
|
|t:|1756766794
|switch|p1a: Typhlosion|Typhlosion-Hisui, L50, F|27/100
|turn|4
|
|t:|1756766807
|-terastallize|p1b: Ursaluna|Normal
|move|p2a: Magmar|Helping Hand|p2b: Ninetales
|-singleturn|p2b: Ninetales|Helping Hand|[of] p2a: Magmar
|move|p1a: Typhlosion|Heat Wave|p2a: Magmar|[spread] p2a
|-miss|p1a: Typhlosion|p2b: Ninetales
|-resisted|p2a: Magmar
|-damage|p2a: Magmar|9/100
|move|p1b: Ursaluna|Hyper Voice|p2a: Magmar|[spread] p2a,p2b
|-crit|p2a: Magmar
|-damage|p2a: Magmar|0 fnt
|-damage|p2b: Ninetales|23/100
|faint|p2a: Magmar
|-damage|p1b: Ursaluna|90/100|[from] item: Life Orb
|move|p2b: Ninetales|Blizzard|p1b: Ursaluna|[spread] p1a,p1b
|-resisted|p1a: Typhlosion
|-damage|p1a: Typhlosion|0 fnt
|-damage|p1b: Ursaluna|16/100
|faint|p1a: Typhlosion
|
|-weather|SunnyDay|[upkeep]
|-sideend|p1: DudisMFE|move: Tailwind
|upkeep
|
|t:|1756766824
|switch|p1a: Kingambit|Kingambit, L50, F|100/100
|switch|p2a: Incineroar|Incineroar, L50, M|100/100
|-ability|p2a: Incineroar|Intimidate|boost
|-unboost|p1a: Kingambit|atk|1
|-ability|p1a: Kingambit|Defiant|boost
|-boost|p1a: Kingambit|atk|2
|-unboost|p1b: Ursaluna|atk|1
|turn|5
|
|t:|1756766846
|move|p2b: Ninetales|Protect|p2b: Ninetales
|-singleturn|p2b: Ninetales|Protect
|move|p1b: Ursaluna|Protect|p1b: Ursaluna
|-singleturn|p1b: Ursaluna|Protect
|move|p1a: Kingambit|Sucker Punch||[still]
|-fail|p1a: Kingambit
|move|p2a: Incineroar|Flare Blitz|p1a: Kingambit
|-supereffective|p1a: Kingambit
|-damage|p1a: Kingambit|0 fnt
|faint|p1a: Kingambit
|-damage|p2a: Incineroar|67/100|[from] Recoil
|
|-weather|SunnyDay|[upkeep]
|upkeep
|turn|6
|c|☆DudisMFE|bro wtf is this game
|c|☆DudisMFE|50% accurate blizzard
|c|☆DudisMFE|fuck this shit
|-message|DudisMFE forfeited.
|raw|DudisMFE's rating: 1078 → 1052(-26 for losing)
|raw|rillaboom0623's rating: 1000 → 1049(+49 for winning)
|
|win|rillaboom0623
