|j|☆iannaVi
|j|☆Gabriel319
|html|iannaViGabriel319    
|uhtml|bestof|Game 1 of a best-of-3
|t:|1783868877
|gametype|doubles
|player|p1|iannaVi|cheren-gen5bw2|1168
|player|p2|Gabriel319|gambler|1240
|gen|9
|tier|[Gen 9 Champions] VGC 2026 Reg M-B (Bo3)
|rated|
|rule|Species Clause: Limit one of each Pokémon
|rule|Item Clause: Limit 1 of each item
|clearpoke
|poke|p1|Sylveon, L50, F|
|poke|p1|Charizard, L50, M|
|poke|p1|Garchomp, L50, M|
|poke|p1|Aerodactyl, L50, F|
|poke|p1|Kingambit, L50, M|
|poke|p1|Farigiraf, L50, F|
|poke|p2|Charizard, L50, F|
|poke|p2|Whimsicott, L50, M|
|poke|p2|Garchomp, L50, F|
|poke|p2|Incineroar, L50, M|
|poke|p2|Venusaur, L50, M|
|poke|p2|Rotom-Wash, L50|
|teampreview|4
|showteam|p1|Sylveon||FairyFeather|Pixilate|HyperVoice,HyperBeam,QuickAttack,Detect|Modest||F|||50|]Charizard||CharizarditeY|Blaze|WeatherBall,HeatWave,SolarBeam,Protect|Modest||M|||50|]Garchomp||LifeOrb|RoughSkin|DragonClaw,Protect,StompingTantrum,Earthquake|Jolly||M|||50|]Aerodactyl||Aerodactylite|Unnerve|RockSlide,IceFang,Tailwind,DualWingbeat|Jolly||F|||50|]Kingambit||FocusSash|Defiant|KowtowCleave,IronHead,SuckerPunch,LowKick|Adamant||M|||50|]Farigiraf||SitrusBerry|ArmorTail|TwinBeam,Thunderbolt,TrickRoom,Protect|Relaxed||F|||50|
|showteam|p2|Charizard||CharizarditeY|Blaze|HeatWave,SolarBeam,WeatherBall,Protect|Serious||F|||50|]Whimsicott||FocusSash|Prankster|Moonblast,Tailwind,SunnyDay,Protect|Timid||M|||50|]Garchomp||LifeOrb|RoughSkin|Earthquake,DragonClaw,RockSlide,Protect|Jolly||F|||50|]Incineroar||SitrusBerry|Intimidate|FakeOut,FlareBlitz,PartingShot,Protect|Serious||M|||50|]Venusaur||MiracleSeed|Chlorophyll|SleepPowder,GigaDrain,SludgeBomb,Protect|Timid||M|||50|]Rotom-Wash||MysticWater|Levitate|HydroPump,Thunderbolt,VoltSwitch,Protect|Modest|||||50|
|inactive|Battle timer is ON: inactive players will automatically lose when time's up. (requested by Gabriel319)
|inactive|iannaVi has 60 seconds left.
|
|t:|1783868936
|teamsize|p1|4
|teamsize|p2|4
|start
|switch|p1a: Kingambit|Kingambit, L50, M|100/100
|switch|p1b: Aerodactyl|Aerodactyl, L50, F|100/100
|switch|p2a: Garchomp|Garchomp, L50, F|100/100
|switch|p2b: Incineroar|Incineroar, L50, M|100/100
|-ability|p1b: Aerodactyl|Unnerve
|-ability|p2b: Incineroar|Intimidate|boost
|-unboost|p1a: Kingambit|atk|1
|-ability|p1a: Kingambit|Defiant|boost
|-boost|p1a: Kingambit|atk|2
|-unboost|p1b: Aerodactyl|atk|1
|turn|1
|
|t:|1783868958
|detailschange|p1b: Aerodactyl|Aerodactyl-Mega, L50, F
|-mega|p1b: Aerodactyl|Aerodactyl|Aerodactylite
|move|p2b: Incineroar|Fake Out|p1b: Aerodactyl
|-resisted|p1b: Aerodactyl|1
|-damage|p1b: Aerodactyl|93/100
|move|p1a: Kingambit|Sucker Punch|p2a: Garchomp
|-damage|p2a: Garchomp|41/100
|-damage|p1a: Kingambit|87/100|[from] ability: Rough Skin|[of] p2a: Garchomp
|cant|p1b: Aerodactyl|flinch
|move|p2a: Garchomp|Rock Slide|p1b: Aerodactyl|[spread] p1a,p1b
|-resisted|p1a: Kingambit|1
|-supereffective|p1b: Aerodactyl|1
|-damage|p1a: Kingambit|77/100
|-damage|p1b: Aerodactyl|28/100
|-damage|p2a: Garchomp|31/100|[from] item: Life Orb
|
|upkeep
|turn|2
|
|t:|1783868978
|move|p1b: Aerodactyl|Ice Fang|p2a: Garchomp|[miss]
|-miss|p1b: Aerodactyl|p2a: Garchomp
|move|p2a: Garchomp|Rock Slide|p1b: Aerodactyl|[spread] p1a,p1b
|-resisted|p1a: Kingambit|1
|-supereffective|p1b: Aerodactyl|1
|-damage|p1a: Kingambit|67/100
|-damage|p1b: Aerodactyl|0 fnt
|faint|p1b: Aerodactyl
|-damage|p2a: Garchomp|22/100|[from] item: Life Orb
|move|p1a: Kingambit|Low Kick|p2b: Incineroar
|-supereffective|p2b: Incineroar|1
|-crit|p2b: Incineroar
|-damage|p2b: Incineroar|0 fnt
|faint|p2b: Incineroar
|
|upkeep
|
|t:|1783868992
|switch|p1b: Garchomp|Garchomp, L50, M|100/100
|switch|p2b: Charizard|Charizard, L50, F|100/100
|turn|3
|
|t:|1783869006
|detailschange|p2b: Charizard|Charizard-Mega-Y, L50, F
|-mega|p2b: Charizard|Charizard|Charizardite Y
|-weather|SunnyDay|[from] ability: Drought|[of] p2b: Charizard
|move|p1a: Kingambit|Sucker Punch|p2a: Garchomp
|-damage|p2a: Garchomp|0 fnt
|-damage|p1a: Kingambit|54/100|[from] ability: Rough Skin|[of] p2a: Garchomp
|faint|p2a: Garchomp
|move|p1b: Garchomp|Dragon Claw|p2b: Charizard
|-damage|p2b: Charizard|30/100
|-damage|p1b: Garchomp|90/100|[from] item: Life Orb
|move|p2b: Charizard|Heat Wave|p1b: Garchomp|[spread] p1a,p1b
|-supereffective|p1a: Kingambit|1
|-resisted|p1b: Garchomp|1
|-damage|p1a: Kingambit|0 fnt
|-damage|p1b: Garchomp|57/100
|-status|p1b: Garchomp|brn
|faint|p1a: Kingambit
|
|-weather|SunnyDay|[upkeep]
|-damage|p1b: Garchomp|51/100 brn|[from] brn
|upkeep
|
|t:|1783869023
|switch|p2a: Venusaur|Venusaur, L50, M|100/100
|switch|p1a: Farigiraf|Farigiraf, L50, F|100/100
|turn|4
|
|t:|1783869045
|move|p2a: Venusaur|Sleep Powder|p1a: Farigiraf
|-status|p1a: Farigiraf|slp|[from] move: Sleep Powder
|move|p1b: Garchomp|Dragon Claw|p2b: Charizard
|-damage|p2b: Charizard|0 fnt
|faint|p2b: Charizard
|-damage|p1b: Garchomp|42/100 brn|[from] item: Life Orb
|cant|p1a: Farigiraf|slp
|
|-weather|SunnyDay|[upkeep]
|-damage|p1b: Garchomp|36/100 brn|[from] brn
|upkeep
|turn|5
|
|t:|1783869062
|move|p2a: Venusaur|Giga Drain|p1b: Garchomp
|-damage|p1b: Garchomp|0 fnt
|faint|p1b: Garchomp
|cant|p1a: Farigiraf|slp
|
|-weather|SunnyDay|[upkeep]
|upkeep
|turn|6
|
|t:|1783869069
|move|p2a: Venusaur|Giga Drain|p1a: Farigiraf
|-damage|p1a: Farigiraf|58/100 slp
|-curestatus|p1a: Farigiraf|slp|[msg]
|move|p1a: Farigiraf|Twin Beam|p2a: Venusaur
|-supereffective|p2a: Venusaur|1
|-damage|p2a: Venusaur|61/100
|-supereffective|p2a: Venusaur|1
|-damage|p2a: Venusaur|26/100
|-hitcount|p2a: Venusaur|2
|
|-weather|SunnyDay|[upkeep]
|upkeep
|turn|7
|
|t:|1783869079
|move|p2a: Venusaur|Sleep Powder|p1a: Farigiraf
|-status|p1a: Farigiraf|slp|[from] move: Sleep Powder
|cant|p1a: Farigiraf|slp
|
|-weather|none
|upkeep
|turn|8
|
|t:|1783869086
|move|p2a: Venusaur|Giga Drain|p1a: Farigiraf
|-damage|p1a: Farigiraf|20/100y slp
|-heal|p2a: Venusaur|53/100|[from] drain|[of] p1a: Farigiraf
|-enditem|p1a: Farigiraf|Sitrus Berry|[eat]
|-heal|p1a: Farigiraf|45/100 slp|[from] item: Sitrus Berry
|-curestatus|p1a: Farigiraf|slp|[msg]
|move|p1a: Farigiraf|Twin Beam|p2a: Venusaur
|-supereffective|p2a: Venusaur|1
|-damage|p2a: Venusaur|15/100
|-supereffective|p2a: Venusaur|1
|-damage|p2a: Venusaur|0 fnt
|faint|p2a: Venusaur
|-hitcount|p2: Venusaur|2
|
|win|iannaVi
||Gabriel319 is ready for game 2.
|inactive|iannaVi has 30 seconds to confirm battle start!
||iannaVi is ready for game 2.
|uhtml|next|Next: Game 2 of 3
|l|☆Gabriel319
|player|p2|
