|j|☆Sinho77
|j|☆minhbeoteam
|html|Sinho77minhbeoteam    
|uhtml|bestof|Game 1 of a best-of-3
|t:|1782197614
|gametype|doubles
|player|p1|Sinho77|tate|1050
|player|p2|minhbeoteam|101|1036
|gen|9
|tier|[Gen 9 Champions] VGC 2026 Reg M-B (Bo3)
|rated|
|rule|Species Clause: Limit one of each Pokémon
|rule|Item Clause: Limit 1 of each item
|clearpoke
|poke|p1|Swampert, L50, M|
|poke|p1|Pelipper, L50, F|
|poke|p1|Rotom-Heat, L50|
|poke|p1|Kingambit, L50, F|
|poke|p1|Venusaur, L50, M|
|poke|p1|Dragonite, L50, M|
|poke|p2|Beedrill, L50, F, shiny|
|poke|p2|Sneasler, L50, M|
|poke|p2|Clefable, L50, F|
|poke|p2|Basculegion, L50, M|
|poke|p2|Pelipper, L50, F|
|poke|p2|Swampert, L50, M|
|teampreview|4
|showteam|p1|Swampert||Swampertite|Torrent|Earthquake,WaveCrash,Protect,RockSlide|Adamant||M|||50|]Pelipper||SitrusBerry|Drizzle|Hurricane,WeatherBall,Tailwind,Protect|Bold||F|||50|]Rotom-Heat||Leftovers|Levitate|Overheat,VoltSwitch,WillOWisp,Protect|Bold|||||50|]Kingambit||BlackGlasses|Defiant|KowtowCleave,SuckerPunch,IronHead,Protect|Adamant||F|||50|]Venusaur||FocusSash|Chlorophyll|EnergyBall,SludgeBomb,SleepPowder,Protect|Modest||M|||50|]Dragonite||Dragoninite|Multiscale|DragonPulse,Hurricane,Thunderbolt,Protect|Modest||M|||50|
|showteam|p2|Beedrill||Beedrillite|Swarm|Protect,FellStinger,PoisonJab,DrillRun|Adamant||F|||50|]Sneasler||FocusSash|Unburden|FakeOut,CloseCombat,ThroatChop,Coaching|Adamant||M|||50|]Clefable||SitrusBerry|Unaware|Moonblast,FollowMe,IceBeam,HelpingHand|Bold||F|||50|]Basculegion||ChoiceScarf|Adaptability|FlipTurn,WaveCrash,LastRespects,ScaleShot|Adamant||M|||50|]Pelipper||DampRock|Drizzle|WideGuard,Hurricane,WeatherBall,Tailwind|Timid||F|||50|]Swampert||Swampertite|Torrent|Earthquake,WaveCrash,IcePunch,Protect|Adamant||M|||50|
|inactive|Battle timer is ON: inactive players will automatically lose when time's up. (requested by minhbeoteam)
|
|t:|1782197666
|teamsize|p1|4
|teamsize|p2|4
|start
|switch|p1a: Rotom|Rotom-Heat, L50|100/100
|switch|p1b: Venusaur|Venusaur, L50, M|100/100
|switch|p2a: Rain Man|Pelipper, L50, F|100/100
|switch|p2b: Potential Mon|Beedrill, L50, F, shiny|100/100
|-weather|RainDance|[from] ability: Drizzle|[of] p2a: Rain Man
|turn|1
|
|t:|1782197685
|switch|p2b: Follow me pls|Clefable, L50, F|100/100
|move|p1b: Venusaur|Sleep Powder|p2b: Follow me pls
|-status|p2b: Follow me pls|slp|[from] move: Sleep Powder
|move|p1a: Rotom|Volt Switch|p2a: Rain Man
|-supereffective|p2a: Rain Man|2
|-damage|p2a: Rain Man|0 fnt
|faint|p2a: Rain Man
|
|t:|1782197695
|switch|p1a: Pelipper|Pelipper, L50, F|100/100|[from] Volt Switch
|
|-weather|RainDance|[upkeep]
|upkeep
|
|t:|1782197706
|switch|p2a: The Flash|Basculegion, L50, M|100/100
|turn|2
|
|t:|1782197718
|cant|p2b: Follow me pls|slp
|move|p2a: The Flash|Last Respects|p1a: Pelipper
|-damage|p1a: Pelipper|30/100
|-enditem|p1a: Pelipper|Sitrus Berry|[eat]
|-heal|p1a: Pelipper|55/100|[from] item: Sitrus Berry
|move|p1b: Venusaur|Energy Ball|p2a: The Flash
|-supereffective|p2a: The Flash|1
|-damage|p2a: The Flash|16/100
|move|p1a: Pelipper|Hurricane|p2a: The Flash
|-damage|p2a: The Flash|0 fnt
|faint|p2a: The Flash
|
|-weather|RainDance|[upkeep]
|upkeep
|
|t:|1782197730
|switch|p2a: Potential Mon|Beedrill, L50, F, shiny|100/100
|turn|3
|
|t:|1782197745
|detailschange|p2a: Potential Mon|Beedrill-Mega, L50, F, shiny
|-mega|p2a: Potential Mon|Beedrill|Beedrillite
|move|p2a: Potential Mon|Protect|p2a: Potential Mon
|-singleturn|p2a: Potential Mon|Protect
|move|p1b: Venusaur|Sleep Powder|p2a: Potential Mon
|-activate|p2a: Potential Mon|move: Protect
|move|p1a: Pelipper|Hurricane|p2a: Potential Mon
|-activate|p2a: Potential Mon|move: Protect
|-curestatus|p2b: Follow me pls|slp|[msg]
|move|p2b: Follow me pls|Ice Beam|p1b: Venusaur
|-supereffective|p1b: Venusaur|1
|-damage|p1b: Venusaur|49/100
|
|-weather|RainDance|[upkeep]
|upkeep
|turn|4
|
|t:|1782197762
|move|p2b: Follow me pls|Follow Me|p2b: Follow me pls
|-singleturn|p2b: Follow me pls|move: Follow Me
|move|p2a: Potential Mon|Fell Stinger|p1b: Venusaur
|-damage|p1b: Venusaur|1/100
|move|p1b: Venusaur|Sleep Powder|p2b: Follow me pls
|-status|p2b: Follow me pls|slp|[from] move: Sleep Powder
|move|p1a: Pelipper|Hurricane|p2b: Follow me pls
|-damage|p2b: Follow me pls|59/100 slp
|
|-weather|RainDance|[upkeep]
|upkeep
|turn|5
|
|t:|1782197775
|cant|p2b: Follow me pls|slp
|move|p2a: Potential Mon|Fell Stinger|p1b: Venusaur
|-damage|p1b: Venusaur|0 fnt
|faint|p1b: Venusaur
|-boost|p2a: Potential Mon|atk|3
|move|p1a: Pelipper|Hurricane|p2a: Potential Mon
|-supereffective|p2a: Potential Mon|1
|-damage|p2a: Potential Mon|0 fnt
|faint|p2a: Potential Mon
|
|-weather|RainDance|[upkeep]
|upkeep
|
|t:|1782197783
|switch|p1b: Swampert|Swampert, L50, M|100/100
|turn|6
|
|t:|1782197788
|move|p1b: Swampert|Wave Crash|p2b: Follow me pls
|-damage|p2b: Follow me pls|0 fnt
|faint|p2b: Follow me pls
|-damage|p1b: Swampert|78/100|[from] Recoil
|
|win|Sinho77
||Sinho77 is ready for game 2.
||minhbeoteam is ready for game 2.
|uhtml|next|Next: Game 2 of 3
