|j|☆jonas.weevil
|j|☆fangyusuhe
|html|jonas.weevilfangyusuhe    
|uhtml|bestof|Game 1 of a best-of-3
|t:|1785515804
|gametype|doubles
|player|p1|jonas.weevil|265|1311
|player|p2|fangyusuhe|dawn|1415
|gen|9
|tier|[Gen 9 Champions] VGC 2026 Reg M-B (Bo3)
|rated|
|rule|Species Clause: Limit one of each Pokémon
|rule|Item Clause: Limit 1 of each item
|clearpoke
|poke|p1|Delphox, L50, F, shiny|
|poke|p1|Incineroar, L50, M|
|poke|p1|Sinistcha-Masterpiece, L50|
|poke|p1|Sneasler, L50, M|
|poke|p1|Floette-Eternal, L50, F|
|poke|p1|Kingambit, L50, F|
|poke|p2|Arcanine-Hisui, L50, M|
|poke|p2|Staraptor, L50, M|
|poke|p2|Farigiraf, L50, F|
|poke|p2|Sylveon, L50, F|
|poke|p2|Kingambit, L50, M|
|poke|p2|Raichu, L50, F|
|teampreview|4
|showteam|p1|Delphox||Delphoxite|Blaze|Psychic,HeatWave,NastyPlot,Protect|Timid||F|||50|]Incineroar||SitrusBerry|Intimidate|FlareBlitz,ThroatChop,PartingShot,FakeOut|Careful||M|||50|]Sinistcha-Masterpiece||KasibBerry|Hospitality|MatchaGotcha,RagePowder,TrickRoom,Protect|Bold|||||50|]Sneasler||FocusSash|PoisonTouch|CloseCombat,PoisonJab,QuickGuard,FakeOut|Jolly||M|||50|]Floette-Eternal||Floettite|FlowerVeil|DrainingKiss,DazzlingGleam,CalmMind,Protect|Timid||F|||50|]Kingambit||LifeOrb|Defiant|KowtowCleave,SuckerPunch,SwordsDance,Protect|Adamant||F|||50|
|showteam|p2|Arcanine-Hisui||FocusSash|RockHead|Protect,ExtremeSpeed,HeadSmash,FlareBlitz|Adamant||M|||50|]Staraptor||Staraptite|Intimidate|Tailwind,Protect,CloseCombat,DualWingbeat|Jolly||M|||50|]Farigiraf||SitrusBerry|ArmorTail|Protect,Psychic,TrickRoom,HelpingHand|Calm||F|||50|]Sylveon||FairyFeather|Pixilate|Protect,HyperBeam,HyperVoice,QuickAttack|Modest||F|||50|]Kingambit||LifeOrb|Defiant|Protect,KowtowCleave,SwordsDance,SuckerPunch|Adamant||M|||50|]Raichu||RaichuniteY|LightningRod|Protect,ZapCannon,FakeOut,FocusBlast|Timid||F|||50|
|inactive|Battle timer is ON: inactive players will automatically lose when time's up. (requested by fangyusuhe)
|inactive|jonas.weevil has 60 seconds left.
|j| tedidn
|inactive|jonas.weevil has 30 seconds left.
|
|t:|1785515886
|teamsize|p1|4
|teamsize|p2|4
|start
|switch|p1a: Trump|Floette-Eternal, L50, F|100/100
|switch|p1b: Zuck|Sneasler, L50, M|100/100
|switch|p2a: Raichu|Raichu, L50, F|100/100
|switch|p2b: Kingambit|Kingambit, L50, M|100/100
|turn|1
|inactive|jonas.weevil has 30 seconds left.
|inactive|jonas.weevil has 20 seconds left.
|inactive|jonas.weevil has 15 seconds left.
|
|t:|1785515928
|detailschange|p2a: Raichu|Raichu-Mega-Y, L50, F
|-mega|p2a: Raichu|Raichu|Raichunite Y
|detailschange|p1a: Trump|Floette-Mega, L50, F
|-mega|p1a: Trump|Floette|Floettite
|-ability|p1a: Trump|Fairy Aura
|move|p2a: Raichu|Fake Out|p1b: Zuck
|-damage|p1b: Zuck|86/100
|cant|p1b: Zuck|flinch
|move|p1a: Trump|Calm Mind|p1a: Trump
|-boost|p1a: Trump|spa|1
|-boost|p1a: Trump|spd|1
|move|p2b: Kingambit|Swords Dance|p2b: Kingambit
|-boost|p2b: Kingambit|atk|2
|
|upkeep
|turn|2
|l| tedidn
|inactive|jonas.weevil has 30 seconds left.
|inactive|jonas.weevil has 20 seconds left.
|inactive|jonas.weevil has 15 seconds left.
|inactive|jonas.weevil has 10 seconds left.
|inactive|jonas.weevil has 5 seconds left.
|
|t:|1785515980
|switch|p1b: Melania|Sinistcha-Masterpiece, L50|100/100
|move|p2b: Kingambit|Sucker Punch||[still]
|-fail|p2b: Kingambit
|move|p2a: Raichu|Zap Cannon|p1b: Melania
|-resisted|p1b: Melania|1
|-damage|p1b: Melania|70/100
|-status|p1b: Melania|par
|move|p1a: Trump|Dazzling Gleam|p2a: Raichu|[spread] p2a,p2b
|-damage|p2a: Raichu|25/100
|-damage|p2b: Kingambit|42/100
|
|upkeep
|turn|3
|
|t:|1785516004
|cant|p1b: Melania|par
|move|p2a: Raichu|Zap Cannon|p1a: Trump
|-damage|p1a: Trump|71/100
|-status|p1a: Trump|par
|move|p1a: Trump|Dazzling Gleam|p2b: Kingambit|[spread] p2a,p2b
|-crit|p2a: Raichu
|-damage|p2a: Raichu|0 fnt
|-damage|p2b: Kingambit|0 fnt
|faint|p2a: Raichu
|faint|p2b: Kingambit
|
|upkeep
|
|t:|1785516013
|switch|p2a: Farigiraf|Farigiraf, L50, F|100/100
|switch|p2b: Arcanine|Arcanine-Hisui, L50, M|100/100
|turn|4
|inactive|jonas.weevil has 30 seconds left.
|inactive|jonas.weevil has 20 seconds left.
|inactive|jonas.weevil has 15 seconds left.
|inactive|jonas.weevil has 10 seconds left.
|inactive|jonas.weevil has 5 seconds left.
|
|t:|1785516063
|switch|p1b: Benjamin|Incineroar, L50, M|100/100
|-ability|p1b: Benjamin|Intimidate|boost
|-unboost|p2a: Farigiraf|atk|1
|-unboost|p2b: Arcanine|atk|1
|move|p2b: Arcanine|Flare Blitz|p1a: Trump
|-damage|p1a: Trump|26/100 par
|move|p1a: Trump|Dazzling Gleam|p2b: Arcanine|[spread] p2a,p2b
|-resisted|p2b: Arcanine|1
|-damage|p2a: Farigiraf|53/100
|-damage|p2b: Arcanine|62/100
|move|p2a: Farigiraf|Psychic|p1b: Benjamin
|-immune|p1b: Benjamin
|
|upkeep
|turn|5
|inactive|jonas.weevil has 30 seconds left.
|
|t:|1785516094
|switch|p1b: Melania|Sinistcha-Masterpiece, L50|70/100 par
|-heal|p1a: Trump|51/100 par|[from] ability: Hospitality|[of] p1b: Melania
|move|p1a: Trump|Protect|p1a: Trump
|-singleturn|p1a: Trump|Protect
|move|p2b: Arcanine|Head Smash|p1b: Melania|[miss]
|-miss|p2b: Arcanine|p1b: Melania
|move|p2a: Farigiraf|Psychic|p1a: Trump
|-activate|p1a: Trump|move: Protect
|
|upkeep
|turn|6
|inactive|jonas.weevil has 30 seconds left.
|
|t:|1785516122
|move|p2a: Farigiraf|Helping Hand|p2b: Arcanine
|-singleturn|p2b: Arcanine|Helping Hand|[of] p2a: Farigiraf
|move|p1b: Melania|Rage Powder|p1b: Melania
|-singleturn|p1b: Melania|move: Rage Powder
|move|p2b: Arcanine|Flare Blitz|p1b: Melania
|-supereffective|p1b: Melania|1
|-damage|p1b: Melania|0 fnt
|faint|p1b: Melania
|move|p1a: Trump|Dazzling Gleam|p2b: Arcanine|[spread] p2a,p2b
|-resisted|p2b: Arcanine|1
|-damage|p2a: Farigiraf|9/100
|-damage|p2b: Arcanine|27/100
|-enditem|p2a: Farigiraf|Sitrus Berry|[eat]
|-heal|p2a: Farigiraf|34/100|[from] item: Sitrus Berry
|
|upkeep
|
|t:|1785516140
|switch|p1b: Zuck|Sneasler, L50, M|86/100
|turn|7
|
|t:|1785516160
|switch|p1a: Benjamin|Incineroar, L50, M|100/100
|-ability|p1a: Benjamin|Intimidate|boost
|-unboost|p2a: Farigiraf|atk|1
|-unboost|p2b: Arcanine|atk|1
|move|p1b: Zuck|Close Combat|p2a: Farigiraf
|-damage|p2a: Farigiraf|0 fnt
|-unboost|p1b: Zuck|def|1
|-unboost|p1b: Zuck|spd|1
|faint|p2a: Farigiraf
|move|p2b: Arcanine|Flare Blitz|p1a: Benjamin
|-resisted|p1a: Benjamin|1
|-damage|p1a: Benjamin|86/100
|
|upkeep
|turn|8
|-message|fangyusuhe forfeited.
|
|win|jonas.weevil
||fangyusuhe is ready for game 2.
||jonas.weevil is ready for game 2.
|uhtml|next|Next: Game 2 of 3
|l|☆jonas.weevil
|player|p1|
