|j|☆RelentlessRogue
|j|☆miguelitocalidoso
|html|RelentlessRoguemiguelitocalidoso    
|uhtml|bestof|Game 2 of a best-of-3
|t:|1757640806
|gametype|doubles
|player|p1|RelentlessRogue|ethan|1297
|player|p2|miguelitocalidoso|1|1257
|gen|9
|tier|[Gen 9] VGC 2025 Reg H (Bo3)
|rated|
|rule|Species Clause: Limit one of each Pokémon
|rule|Item Clause: Limit 1 of each item
|clearpoke
|poke|p1|Basculegion, L50, M|
|poke|p1|Pelipper, L50, F|
|poke|p1|Archaludon, L50, F|
|poke|p1|Whimsicott, L50, M|
|poke|p1|Gholdengo, L50|
|poke|p1|Incineroar, L50, F|
|poke|p2|Archaludon, L50, F|
|poke|p2|Rillaboom, L50, F|
|poke|p2|Basculegion, L50, M|
|poke|p2|Kingambit, L50, F|
|poke|p2|Pelipper, L50, M|
|poke|p2|Electabuzz, L50, F|
|teampreview|4
|showteam|p1|Basculegion||ChoiceBand|SwiftSwim|WaveCrash,LastRespects,FlipTurn,AquaJet|||M|||50|,,,,,Water]Pelipper||FocusSash|Drizzle|WeatherBall,Hurricane,WideGuard,Protect|||F|||50|,,,,,Stellar]Archaludon||PowerHerb|Stalwart|ElectroShot,DracoMeteor,FlashCannon,Protect|||F|||50|,,,,,Electric]Whimsicott||CovertCloak|Prankster|Moonblast,Tailwind,Taunt,WorrySeed|||M|||50|,,,,,Steel]Gholdengo||LifeOrb|GoodasGold|MakeItRain,ShadowBall,NastyPlot,Protect||||||50|,,,,,Dragon]Incineroar||SafetyGoggles|Intimidate|FlareBlitz,KnockOff,PartingShot,FakeOut|||F|||50|,,,,,Ghost
|showteam|p2|Archaludon||AssaultVest|Stamina|ElectroShot,DracoMeteor,FlashCannon,BodyPress|||F|||50|,,,,,Fairy]Rillaboom||LoadedDice|GrassySurge|BulletSeed,GrassyGlide,FakeOut,HighHorsepower|||F|||50|,,,,,Fire]Basculegion||ChoiceBand|SwiftSwim|WaveCrash,LastRespects,FlipTurn,AquaJet|||M|||50|,,,,,Grass]Kingambit||BlackGlasses|Defiant|KowtowCleave,SuckerPunch,SwordsDance,Protect|||F|||50|,,,,,Dark]Pelipper||FocusSash|Drizzle|WeatherBall,Hurricane,Tailwind,Protect|||M|||50|,,,,,Ghost]Electabuzz||Eviolite|VitalSpirit|Electroweb,Taunt,FollowMe,Protect|||F|||50|,,,,,Ghost
|inactive|Battle timer is ON: inactive players will automatically lose when time's up. (requested by RelentlessRogue)
|
|t:|1757640828
|teamsize|p1|4
|teamsize|p2|4
|start
|switch|p1a: Archaludon|Archaludon, L50, F|100/100
|switch|p1b: Whimsicott|Whimsicott, L50, M, shiny|100/100
|switch|p2a: Kingambit|Kingambit, L50, F|100/100
|switch|p2b: Electabuzz|Electabuzz, L50, F|100/100
|turn|1
|
|t:|1757640851
|-terastallize|p2a: Kingambit|Dark
|move|p1b: Whimsicott|Taunt|p2b: Electabuzz
|-start|p2b: Electabuzz|move: Taunt
|move|p2a: Kingambit|Sucker Punch|p1a: Archaludon
|-damage|p1a: Archaludon|55/100
|cant|p2b: Electabuzz|move: Taunt|Taunt
|move|p1a: Archaludon|Flash Cannon|p2b: Electabuzz
|-resisted|p2b: Electabuzz
|-damage|p2b: Electabuzz|83/100
|
|upkeep
|turn|2
|inactive|miguelitocalidoso has 30 seconds left.
|
|t:|1757640881
|switch|p2b: Archaludon|Archaludon, L50, F|100/100
|switch|p2a: Rillaboom|Rillaboom, L50, F|100/100
|-fieldstart|move: Grassy Terrain|[from] ability: Grassy Surge|[of] p2a: Rillaboom
|move|p1a: Archaludon|Protect|p1a: Archaludon
|-singleturn|p1a: Archaludon|Protect
|move|p1b: Whimsicott|Moonblast|p2a: Rillaboom
|-crit|p2a: Rillaboom
|-damage|p2a: Rillaboom|60/100
|-unboost|p2a: Rillaboom|spa|1
|
|-heal|p2a: Rillaboom|66/100|[from] Grassy Terrain
|-heal|p1a: Archaludon|60/100|[from] Grassy Terrain
|upkeep
|turn|3
|inactive|miguelitocalidoso has 30 seconds left.
|inactive|miguelitocalidoso has 20 seconds left.
|inactive|miguelitocalidoso has 15 seconds left.
|inactive|miguelitocalidoso has 10 seconds left.
|inactive|miguelitocalidoso has 5 seconds left.
|
|t:|1757640933
|switch|p1a: Gholdengo|Gholdengo, L50|100/100
|move|p2a: Rillaboom|Fake Out|p1a: Gholdengo
|-immune|p1a: Gholdengo
|move|p1b: Whimsicott|Worry Seed|p2b: Archaludon
|-ability|p2b: Archaludon|Insomnia|Stamina|[from] move: Worry Seed
|move|p2b: Archaludon|Flash Cannon|p1b: Whimsicott
|-supereffective|p1b: Whimsicott
|-damage|p1b: Whimsicott|18/100
|
|-heal|p1b: Whimsicott|24/100|[from] Grassy Terrain
|-heal|p2a: Rillaboom|72/100|[from] Grassy Terrain
|upkeep
|turn|4
|inactive|RelentlessRogue has 30 seconds left.
|
|t:|1757640959
|move|p1b: Whimsicott|Tailwind|p1b: Whimsicott
|-sidestart|p1: RelentlessRogue|move: Tailwind
|move|p1a: Gholdengo|Nasty Plot|p1a: Gholdengo
|-boost|p1a: Gholdengo|spa|2
|move|p2a: Rillaboom|High Horsepower|p1a: Gholdengo
|-supereffective|p1a: Gholdengo
|-damage|p1a: Gholdengo|32/100
|move|p2b: Archaludon|Flash Cannon|p1b: Whimsicott
|-supereffective|p1b: Whimsicott
|-damage|p1b: Whimsicott|0 fnt
|faint|p1b: Whimsicott
|
|-heal|p1a: Gholdengo|38/100|[from] Grassy Terrain
|-heal|p2a: Rillaboom|78/100|[from] Grassy Terrain
|upkeep
|
|t:|1757640966
|switch|p1b: Incineroar|Incineroar, L50, F|100/100
|-ability|p1b: Incineroar|Intimidate|boost
|-unboost|p2a: Rillaboom|atk|1
|-unboost|p2b: Archaludon|atk|1
|turn|5
|inactive|RelentlessRogue has 30 seconds left.
|
|t:|1757640999
|switch|p2a: Electabuzz|Electabuzz, L50, F|83/100
|-terastallize|p1a: Gholdengo|Dragon
|move|p1a: Gholdengo|Make It Rain|p2a: Electabuzz|[spread] p2a,p2b
|-resisted|p2a: Electabuzz
|-resisted|p2b: Archaludon
|-damage|p2a: Electabuzz|40/100
|-damage|p2b: Archaludon|62/100
|-unboost|p1a: Gholdengo|spa|1
|-damage|p1a: Gholdengo|29/100|[from] item: Life Orb
|move|p1b: Incineroar|Knock Off|p2a: Electabuzz
|-damage|p2a: Electabuzz|6/100
|-enditem|p2a: Electabuzz|Eviolite|[from] move: Knock Off|[of] p1b: Incineroar
|move|p2b: Archaludon|Body Press|p1b: Incineroar
|-supereffective|p1b: Incineroar
|-damage|p1b: Incineroar|51/100
|
|-heal|p1a: Gholdengo|35/100|[from] Grassy Terrain
|-heal|p1b: Incineroar|57/100|[from] Grassy Terrain
|-heal|p2a: Electabuzz|12/100|[from] Grassy Terrain
|-heal|p2b: Archaludon|68/100|[from] Grassy Terrain
|upkeep
|turn|6
|
|t:|1757641023
|move|p2a: Electabuzz|Follow Me|p2a: Electabuzz
|-singleturn|p2a: Electabuzz|move: Follow Me
|move|p1a: Gholdengo|Shadow Ball|p2a: Electabuzz
|-damage|p2a: Electabuzz|0 fnt
|faint|p2a: Electabuzz
|-damage|p1a: Gholdengo|26/100|[from] item: Life Orb
|move|p1b: Incineroar|Parting Shot|p2b: Archaludon
|-unboost|p2b: Archaludon|atk|1
|-unboost|p2b: Archaludon|spa|1
|
|t:|1757641027
|switch|p1b: Archaludon|Archaludon, L50, F|60/100|[from] Parting Shot
|move|p2b: Archaludon|Draco Meteor|p1a: Gholdengo
|-supereffective|p1a: Gholdengo
|-damage|p1a: Gholdengo|0 fnt
|-unboost|p2b: Archaludon|spa|2
|faint|p1a: Gholdengo
|
|-heal|p1b: Archaludon|66/100|[from] Grassy Terrain
|-heal|p2b: Archaludon|74/100|[from] Grassy Terrain
|-fieldend|move: Grassy Terrain
|upkeep
|
|t:|1757641041
|switch|p1a: Incineroar|Incineroar, L50, F|57/100
|switch|p2a: Kingambit|Kingambit, L50, F, tera:Dark|100/100
|-ability|p1a: Incineroar|Intimidate|boost
|-unboost|p2a: Kingambit|atk|1
|-ability|p2a: Kingambit|Defiant|boost
|-boost|p2a: Kingambit|atk|2
|-unboost|p2b: Archaludon|atk|1
|turn|7
|inactive|RelentlessRogue has 30 seconds left.
|inactive|RelentlessRogue has 20 seconds left.
|inactive|RelentlessRogue has 15 seconds left.
|
|t:|1757641085
|switch|p2b: Rillaboom|Rillaboom, L50, F|78/100
|-fieldstart|move: Grassy Terrain|[from] ability: Grassy Surge|[of] p2b: Rillaboom
|move|p2a: Kingambit|Protect|p2a: Kingambit
|-singleturn|p2a: Kingambit|Protect
|move|p1b: Archaludon|Electro Shot||[still]
|-prepare|p1b: Archaludon|Electro Shot
|-boost|p1b: Archaludon|spa|1
|-enditem|p1b: Archaludon|Power Herb
|-anim|p1b: Archaludon|Electro Shot|p2a: Kingambit
|-activate|p2a: Kingambit|move: Protect
|move|p1a: Incineroar|Flare Blitz|p2b: Rillaboom
|-supereffective|p2b: Rillaboom
|-damage|p2b: Rillaboom|0 fnt
|faint|p2b: Rillaboom
|-damage|p1a: Incineroar|31/100|[from] Recoil
|
|-heal|p1b: Archaludon|72/100|[from] Grassy Terrain
|-heal|p1a: Incineroar|37/100|[from] Grassy Terrain
|-sideend|p1: RelentlessRogue|move: Tailwind
|upkeep
|
|t:|1757641100
|switch|p2b: Archaludon|Archaludon, L50, F|74/100
|turn|8
|
|t:|1757641115
|move|p1b: Archaludon|Protect|p1b: Archaludon
|-singleturn|p1b: Archaludon|Protect
|move|p2a: Kingambit|Sucker Punch||[still]
|-fail|p2a: Kingambit
|move|p2b: Archaludon|Body Press|p1a: Incineroar
|-supereffective|p1a: Incineroar
|-damage|p1a: Incineroar|0 fnt
|faint|p1a: Incineroar
|
|-heal|p2b: Archaludon|80/100|[from] Grassy Terrain
|-heal|p1b: Archaludon|78/100|[from] Grassy Terrain
|upkeep
|turn|9
|
|t:|1757641128
|move|p2a: Kingambit|Sucker Punch|p1b: Archaludon
|-damage|p1b: Archaludon|9/100
|move|p2b: Archaludon|Draco Meteor|p1b: Archaludon
|-damage|p1b: Archaludon|0 fnt
|-unboost|p2b: Archaludon|spa|2
|faint|p1b: Archaludon
|
|win|miguelitocalidoso
