|j|☆justin tang1234
|j|☆AbadanRiyi92
|html|justin tang1234AbadanRiyi92    
|uhtml|bestof|Game 3 of a best-of-3
|t:|1785636335
|gametype|doubles
|player|p1|justin tang1234|169|1310
|player|p2|AbadanRiyi92|colress|1190
|gen|9
|tier|[Gen 9 Champions] VGC 2026 Reg M-B (Bo3)
|rated|
|rule|Species Clause: Limit one of each Pokémon
|rule|Item Clause: Limit 1 of each item
|clearpoke
|poke|p1|Staraptor, L50, M|
|poke|p1|Garchomp, L50, M|
|poke|p1|Whimsicott, L50, M|
|poke|p1|Delphox, L50, M|
|poke|p1|Glimmora, L50, M|
|poke|p1|Kingambit, L50, M|
|poke|p2|Gengar, L50, F|
|poke|p2|Swampert, L50, M|
|poke|p2|Incineroar, L50, M|
|poke|p2|Politoed, L50, M|
|poke|p2|Archaludon, L50, M|
|poke|p2|Vivillon, L50, M|
|teampreview|4
|showteam|p1|Staraptor||Staraptite|Intimidate|Protect,Roost,CloseCombat,BraveBird|Jolly||M|||50|]Garchomp||LifeOrb|RoughSkin|Protect,RockSlide,Earthquake,DragonClaw|Jolly||M|||50|]Whimsicott||OccaBerry|Prankster|Moonblast,Tailwind,Charm,LightScreen|Timid||M|||50|]Delphox||Delphoxite|Magician|Protect,Psychic,HeatWave,Substitute|Timid||M|||50|]Glimmora||FocusSash|ToxicDebris|SpikyShield,SludgeBomb,EarthPower,PowerGem|Timid||M|||50|]Kingambit||ChopleBerry|Defiant|SuckerPunch,LowKick,IronHead,KowtowCleave|Adamant||M|||50|
|showteam|p2|Gengar||Gengarite|CursedBody|ShadowBall,PerishSong,SludgeBomb,Protect|Timid||F|||50|]Swampert||Swampertite|Torrent|WaveCrash,Earthquake,IcePunch,Protect|Adamant||M|||50|]Incineroar||PasshoBerry|Intimidate|ThroatChop,PartingShot,FakeOut,Protect|Sassy||M|||50|]Politoed||SitrusBerry|Drizzle|WeatherBall,PerishSong,Encore,Protect|Calm||M|||50|]Archaludon||Leftovers|Stamina|DragonPulse,FlashCannon,ElectroShot,Protect|Bold||M|||50|]Vivillon||FocusSash|CompoundEyes|Hurricane,SleepPowder,RagePowder,Protect|Timid||M|||50|
|
|t:|1785636382
|teamsize|p1|4
|teamsize|p2|4
|start
|switch|p1a: Whimsicott|Whimsicott, L50, M|100/100
|switch|p1b: Staraptor|Staraptor, L50, M|100/100
|switch|p2a: Swampert|Swampert, L50, M|100/100
|switch|p2b: Vivillon|Vivillon, L50, M|100/100
|-ability|p1b: Staraptor|Intimidate|boost
|-unboost|p2a: Swampert|atk|1
|-unboost|p2b: Vivillon|atk|1
|turn|1
|inactive|Battle timer is ON: inactive players will automatically lose when time's up. (requested by justin tang1234)
|
|t:|1785636398
|detailschange|p1b: Staraptor|Staraptor-Mega, L50, M
|-mega|p1b: Staraptor|Staraptor|Staraptite
|detailschange|p2a: Swampert|Swampert-Mega, L50, M
|-mega|p2a: Swampert|Swampert|Swampertite
|move|p1b: Staraptor|Protect|p1b: Staraptor
|-singleturn|p1b: Staraptor|Protect
|move|p2a: Swampert|Protect|p2a: Swampert
|-singleturn|p2a: Swampert|Protect
|move|p1a: Whimsicott|Moonblast|p2b: Vivillon
|-damage|p2b: Vivillon|45/100
|move|p2b: Vivillon|Sleep Powder|p1b: Staraptor
|-activate|p1b: Staraptor|move: Protect
|
|upkeep
|turn|2
|inactive|AbadanRiyi92 has 30 seconds left.
|inactive|AbadanRiyi92 has 20 seconds left.
|inactive|AbadanRiyi92 has 15 seconds left.
|
|t:|1785636440
|move|p1a: Whimsicott|Charm|p1b: Staraptor
|-boost|p1b: Staraptor|atk|2
|move|p1b: Staraptor|Close Combat|p2b: Vivillon
|-resisted|p2b: Vivillon|2
|-damage|p2b: Vivillon|0 fnt
|-boost|p1b: Staraptor|def|1
|-boost|p1b: Staraptor|spd|1
|faint|p2b: Vivillon
|move|p2a: Swampert|Ice Punch|p1b: Staraptor
|-supereffective|p1b: Staraptor|1
|-damage|p1b: Staraptor|71/100
|
|upkeep
|
|t:|1785636452
|switch|p2b: Politoed|Politoed, L50, M|100/100
|-weather|RainDance|[from] ability: Drizzle|[of] p2b: Politoed
|turn|3
|
|t:|1785636462
|move|p1b: Staraptor|Protect|p1b: Staraptor
|-singleturn|p1b: Staraptor|Protect
|move|p1a: Whimsicott|Tailwind|p1a: Whimsicott
|-sidestart|p1: justin tang1234|move: Tailwind
|move|p2a: Swampert|Ice Punch|p1b: Staraptor
|-activate|p1b: Staraptor|move: Protect
|move|p2b: Politoed|Perish Song|p2b: Politoed
|-start|p1a: Whimsicott|perish3|[silent]
|-start|p1b: Staraptor|perish3|[silent]
|-start|p2a: Swampert|perish3|[silent]
|-start|p2b: Politoed|perish3|[silent]
|-fieldactivate|move: Perish Song
|
|-weather|RainDance|[upkeep]
|-start|p1a: Whimsicott|perish3
|-start|p1b: Staraptor|perish3
|-start|p2a: Swampert|perish3
|-start|p2b: Politoed|perish3
|upkeep
|turn|4
|inactive|justin tang1234 has 30 seconds left.
|inactive|AbadanRiyi92 has 30 seconds left.
|inactive|AbadanRiyi92 has 20 seconds left.
|
|t:|1785636498
|move|p2b: Politoed|Protect|p2b: Politoed
|-singleturn|p2b: Politoed|Protect
|move|p1a: Whimsicott|Charm|p1b: Staraptor
|-boost|p1b: Staraptor|atk|2
|move|p1b: Staraptor|Close Combat|p2b: Politoed
|-activate|p2b: Politoed|move: Protect
|move|p2a: Swampert|Ice Punch|p1a: Whimsicott
|-supereffective|p1a: Whimsicott|1
|-damage|p1a: Whimsicott|50/100g
|
|-weather|RainDance|[upkeep]
|-start|p1a: Whimsicott|perish2
|-start|p1b: Staraptor|perish2
|-start|p2a: Swampert|perish2
|-start|p2b: Politoed|perish2
|upkeep
|turn|5
|inactive|AbadanRiyi92 has 30 seconds left.
|inactive|justin tang1234 has 30 seconds left.
|inactive|justin tang1234 has 20 seconds left.
|
|t:|1785636539
|switch|p1a: Garchomp|Garchomp, L50, M|100/100
|move|p2b: Politoed|Protect||[still]
|-fail|p2b: Politoed
|move|p1b: Staraptor|Close Combat|p2b: Politoed
|-damage|p2b: Politoed|0 fnt
|-boost|p1b: Staraptor|def|1
|-boost|p1b: Staraptor|spd|1
|faint|p2b: Politoed
|move|p2a: Swampert|Ice Punch|p1a: Garchomp
|-supereffective|p1a: Garchomp|2
|-damage|p1a: Garchomp|21/100
|-damage|p2a: Swampert|87/100|[from] ability: Rough Skin|[of] p1a: Garchomp
|
|-weather|RainDance|[upkeep]
|-start|p1b: Staraptor|perish1
|-start|p2a: Swampert|perish1
|upkeep
|
|t:|1785636554
|switch|p2b: Archaludon|Archaludon, L50, M|100/100
|turn|6
|
|t:|1785636564
|switch|p1b: Whimsicott|Whimsicott, L50, M|50/100g
|move|p1a: Garchomp|Protect|p1a: Garchomp
|-singleturn|p1a: Garchomp|Protect
|move|p2a: Swampert|Ice Punch|p1a: Garchomp
|-activate|p1a: Garchomp|move: Protect
|move|p2b: Archaludon|Electro Shot||[still]
|-prepare|p2b: Archaludon|Electro Shot
|-boost|p2b: Archaludon|spa|1
|-anim|p2b: Archaludon|Electro Shot|p1b: Whimsicott
|-resisted|p1b: Whimsicott|1
|-damage|p1b: Whimsicott|10/100
|
|-weather|RainDance|[upkeep]
|-start|p2a: Swampert|perish0
|-sideend|p1: justin tang1234|move: Tailwind
|faint|p2a: Swampert
|upkeep
|turn|7
|inactive|AbadanRiyi92 has 30 seconds left.
|
|t:|1785636595
|move|p1b: Whimsicott|Tailwind|p1b: Whimsicott
|-sidestart|p1: justin tang1234|move: Tailwind
|move|p1a: Garchomp|Earthquake|p2b: Archaludon|[spread] p1b,p2b
|-resisted|p1b: Whimsicott|1
|-supereffective|p2b: Archaludon|1
|-damage|p1b: Whimsicott|0 fnt
|-damage|p2b: Archaludon|31/100
|-ability|p2b: Archaludon|Stamina|boost
|-boost|p2b: Archaludon|def|1
|faint|p1b: Whimsicott
|-damage|p1a: Garchomp|11/100|[from] item: Life Orb
|move|p2b: Archaludon|Flash Cannon|p1a: Garchomp
|-damage|p1a: Garchomp|0 fnt
|faint|p1a: Garchomp
|
|-weather|none
|-heal|p2b: Archaludon|37/100|[from] item: Leftovers
|upkeep
|
|t:|1785636601
|switch|p1b: Staraptor|Staraptor-Mega, L50, M|71/100
|switch|p1a: Glimmora|Glimmora, L50, M|100/100
|turn|8
|-message|AbadanRiyi92 forfeited.
|
|win|justin tang1234
|raw|justin tang1234's rating: 1310 → 1323(+13 for winning)
|raw|AbadanRiyi92's rating: 1190 → 1173(-17 for losing)
