|j|☆farangjake
|j|☆sleepykittybun
|html|farangjakesleepykittybun    
|uhtml|bestof|Game 1 of a best-of-3
|t:|1783192090
|gametype|doubles
|player|p1|farangjake|hilbert|
|player|p2|sleepykittybun|candice|
|gen|9
|tier|[Gen 9 Champions] VGC 2026 Reg M-B (Bo3)
|rule|Species Clause: Limit one of each Pokémon
|rule|Item Clause: Limit 1 of each item
|clearpoke
|poke|p1|Metagross, L50|
|poke|p1|Pelipper, L50, M|
|poke|p1|Swampert, L50, M|
|poke|p1|Sinistcha, L50|
|poke|p1|Archaludon, L50, F|
|poke|p1|Garchomp, L50, M|
|poke|p2|Dragonite, L50, M|
|poke|p2|Metagross, L50|
|poke|p2|Pelipper, L50, M|
|poke|p2|Sinistcha, L50|
|poke|p2|Sneasler, L50, F|
|poke|p2|Krookodile, L50, M|
|teampreview|4
|showteam|p1|Metagross||Metagrossite|ClearBody|Protect,IronHead,PsychicFangs,RockSlide|Jolly|||||50|]Pelipper||FocusSash|Drizzle|WeatherBall,Hurricane,Tailwind,Protect|Modest||M|||50|]Swampert||Swampertite|Torrent|WaveCrash,HighHorsepower,Protect,IcePunch|Jolly||M|||50|]Sinistcha||OccaBerry|Hospitality|MatchaGotcha,RagePowder,TrickRoom,Protect|Bold|||||50|]Archaludon||Leftovers|Stamina|DracoMeteor,ElectroShot,FlashCannon,Protect|Modest||F|||50|]Garchomp||LifeOrb|RoughSkin|DragonClaw,Earthquake,Protect,RockSlide|Jolly||M|||50|
|showteam|p2|Dragonite||Dragoninite|Multiscale|Hurricane,Thunder,DragonPulse,Protect|Timid||M|||50|]Metagross||Metagrossite|ClearBody|IronHead,PsychicFangs,BulletPunch,Protect|Adamant|||||50|]Pelipper||DampRock|Drizzle|Hurricane,WeatherBall,Tailwind,WideGuard|Modest||M|||50|]Sinistcha||Leftovers|Hospitality|MatchaGotcha,ShadowBall,LifeDew,RagePowder|Bold|||||50|]Sneasler||FocusSash|Unburden|FakeOut,CloseCombat,DireClaw,RainDance|Jolly||F|||50|]Krookodile||ChoiceScarf|Intimidate|Earthquake,RockSlide,KnockOff,HighHorsepower|Adamant||M|||50|
|inactive|Battle timer is ON: inactive players will automatically lose when time's up. (requested by farangjake)
|
|t:|1783192149
|teamsize|p1|4
|teamsize|p2|4
|start
|switch|p1a: Swampert|Swampert, L50, M|100/100
|switch|p1b: Sinistcha|Sinistcha, L50|100/100
|switch|p2a: Krookodile|Krookodile, L50, M|100/100
|switch|p2b: Sneasler|Sneasler, L50, F|100/100
|-ability|p2a: Krookodile|Intimidate|boost
|-unboost|p1a: Swampert|atk|1
|-unboost|p1b: Sinistcha|atk|1
|turn|1
|
|t:|1783192169
|move|p1a: Swampert|Protect|p1a: Swampert
|-singleturn|p1a: Swampert|Protect
|move|p2b: Sneasler|Fake Out|p1a: Swampert
|-activate|p1a: Swampert|move: Protect
|move|p2a: Krookodile|Knock Off|p1b: Sinistcha
|-supereffective|p1b: Sinistcha|1
|-damage|p1b: Sinistcha|17/100
|-enditem|p1b: Sinistcha|Occa Berry|[from] move: Knock Off|[of] p2a: Krookodile
|move|p1b: Sinistcha|Matcha Gotcha|p2b: Sneasler|[spread] p2b
|-miss|p1b: Sinistcha|p2a: Krookodile
|-resisted|p2b: Sneasler|1
|-damage|p2b: Sneasler|84/100
|-heal|p1b: Sinistcha|24/100|[from] drain|[of] p2b: Sneasler
|
|upkeep
|turn|2
|inactive|farangjake has 30 seconds left.
|inactive|sleepykittybun has 30 seconds left.
|inactive|farangjake has 20 seconds left.
|
|t:|1783192205
|switch|p2b: Sinistcha|Sinistcha, L50|100/100
|detailschange|p1a: Swampert|Swampert-Mega, L50, M
|-mega|p1a: Swampert|Swampert|Swampertite
|move|p1b: Sinistcha|Protect|p1b: Sinistcha
|-singleturn|p1b: Sinistcha|Protect
|move|p2a: Krookodile|Knock Off|p1b: Sinistcha
|-activate|p1b: Sinistcha|move: Protect
|move|p1a: Swampert|High Horsepower|p2b: Sinistcha
|-resisted|p2b: Sinistcha|1
|-damage|p2b: Sinistcha|87/100
|
|-heal|p2b: Sinistcha|93/100|[from] item: Leftovers
|upkeep
|turn|3
|inactive|sleepykittybun has 30 seconds left.
|inactive|sleepykittybun has 20 seconds left.
|
|t:|1783192244
|switch|p2a: Dragonite|Dragonite, L50, M|100/100
|switch|p1a: Archaludon|Archaludon, L50, F|100/100
|move|p2b: Sinistcha|Rage Powder|p2b: Sinistcha
|-singleturn|p2b: Sinistcha|move: Rage Powder
|move|p1b: Sinistcha|Matcha Gotcha|p2b: Sinistcha|[spread] p2a,p2b
|-resisted|p2a: Dragonite|2
|-resisted|p2b: Sinistcha|1
|-damage|p2a: Dragonite|97/100
|-heal|p1b: Sinistcha|26/100|[from] drain|[of] p2a: Dragonite
|-damage|p2b: Sinistcha|80/100
|-heal|p1b: Sinistcha|32/100|[from] drain|[of] p2b: Sinistcha
|
|-heal|p2b: Sinistcha|87/100|[from] item: Leftovers
|upkeep
|turn|4
|inactive|farangjake has 30 seconds left.
|
|t:|1783192275
|switch|p2a: Krookodile|Krookodile, L50, M|100/100
|-ability|p2a: Krookodile|Intimidate|boost
|-unboost|p1a: Archaludon|atk|1
|-unboost|p1b: Sinistcha|atk|1
|move|p1b: Sinistcha|Rage Powder|p1b: Sinistcha
|-singleturn|p1b: Sinistcha|move: Rage Powder
|move|p1a: Archaludon|Draco Meteor|p2a: Krookodile
|-damage|p2a: Krookodile|16/100
|-unboost|p1a: Archaludon|spa|2
|move|p2b: Sinistcha|Shadow Ball|p1b: Sinistcha
|-supereffective|p1b: Sinistcha|1
|-damage|p1b: Sinistcha|0 fnt
|faint|p1b: Sinistcha
|
|-heal|p2b: Sinistcha|93/100|[from] item: Leftovers
|upkeep
|
|t:|1783192288
|switch|p1b: Garchomp|Garchomp, L50, M|100/100
|turn|5
|
|t:|1783192301
|move|p2a: Krookodile|Earthquake|p1a: Archaludon|[spread] p2b,p1a,p1b
|-resisted|p2b: Sinistcha|1
|-supereffective|p1a: Archaludon|1
|-damage|p2b: Sinistcha|76/100
|-damage|p1a: Archaludon|42/100
|-damage|p1b: Garchomp|62/100
|-ability|p1a: Archaludon|Stamina|boost
|-boost|p1a: Archaludon|def|1
|move|p1b: Garchomp|Rock Slide|p2b: Sinistcha|[spread] p2a,p2b
|-resisted|p2a: Krookodile|1
|-damage|p2a: Krookodile|1/100
|-damage|p2b: Sinistcha|58/100
|-damage|p1b: Garchomp|52/100|[from] item: Life Orb
|move|p1a: Archaludon|Flash Cannon|p2a: Krookodile
|-damage|p2a: Krookodile|0 fnt
|faint|p2a: Krookodile
|move|p2b: Sinistcha|Matcha Gotcha|p1b: Garchomp|[spread] p1a
|-miss|p2b: Sinistcha|p1b: Garchomp
|-resisted|p1a: Archaludon|2
|-damage|p1a: Archaludon|36/100
|-heal|p2b: Sinistcha|62/100|[from] drain|[of] p1a: Archaludon
|-ability|p1a: Archaludon|Stamina|boost
|-boost|p1a: Archaludon|def|1
|
|-heal|p1a: Archaludon|42/100|[from] item: Leftovers
|-heal|p2b: Sinistcha|68/100|[from] item: Leftovers
|upkeep
|
|t:|1783192322
|switch|p2a: Sneasler|Sneasler, L50, F|84/100
|turn|6
|
|t:|1783192344
|move|p2a: Sneasler|Fake Out|p1b: Garchomp
|-damage|p1b: Garchomp|38/100
|-damage|p2a: Sneasler|72/100|[from] ability: Rough Skin|[of] p1b: Garchomp
|cant|p1b: Garchomp|flinch
|move|p1a: Archaludon|Draco Meteor|p2a: Sneasler
|-damage|p2a: Sneasler|32/100
|-unboost|p1a: Archaludon|spa|2
|move|p2b: Sinistcha|Life Dew|p2b: Sinistcha|[spread] p2a,p2b
|-heal|p2a: Sneasler|57/100
|-heal|p2b: Sinistcha|93/100
|
|-heal|p1a: Archaludon|48/100|[from] item: Leftovers
|-heal|p2b: Sinistcha|100/100|[from] item: Leftovers
|upkeep
|turn|7
|
|t:|1783192366
|switch|p1a: Swampert|Swampert-Mega, L50, M|100/100
|move|p2b: Sinistcha|Rage Powder|p2b: Sinistcha
|-singleturn|p2b: Sinistcha|move: Rage Powder
|move|p2a: Sneasler|Close Combat|p1b: Garchomp
|-damage|p1b: Garchomp|0 fnt
|-unboost|p2a: Sneasler|def|1
|-unboost|p2a: Sneasler|spd|1
|-damage|p2a: Sneasler|45/100|[from] ability: Rough Skin|[of] p1b: Garchomp
|faint|p1b: Garchomp
|
|upkeep
|
|t:|1783192373
|switch|p1b: Archaludon|Archaludon, L50, F|48/100
|turn|8
|
|t:|1783192389
|move|p1b: Archaludon|Protect|p1b: Archaludon
|-singleturn|p1b: Archaludon|Protect
|move|p2a: Sneasler|Close Combat|p1b: Archaludon
|-activate|p1b: Archaludon|move: Protect
|move|p1a: Swampert|Ice Punch|p2b: Sinistcha
|-supereffective|p2b: Sinistcha|1
|-damage|p2b: Sinistcha|52/100
|move|p2b: Sinistcha|Matcha Gotcha|p1b: Archaludon|[spread] 
|-activate|p1b: Archaludon|move: Protect
|-miss|p2b: Sinistcha|p1a: Swampert
|
|-heal|p1b: Archaludon|54/100|[from] item: Leftovers
|-heal|p2b: Sinistcha|58/100|[from] item: Leftovers
|upkeep
|turn|9
|
|t:|1783192411
|move|p1b: Archaludon|Protect|p1b: Archaludon
|-singleturn|p1b: Archaludon|Protect
|move|p2a: Sneasler|Close Combat|p1b: Archaludon
|-activate|p1b: Archaludon|move: Protect
|move|p1a: Swampert|Ice Punch|p2b: Sinistcha
|-supereffective|p2b: Sinistcha|1
|-damage|p2b: Sinistcha|15/100
|move|p2b: Sinistcha|Matcha Gotcha|p1a: Swampert|[spread] p1a
|-activate|p1b: Archaludon|move: Protect
|-supereffective|p1a: Swampert|2
|-damage|p1a: Swampert|9/100
|-heal|p2b: Sinistcha|60/100|[from] drain|[of] p1a: Swampert
|
|-heal|p1b: Archaludon|59/100|[from] item: Leftovers
|-heal|p2b: Sinistcha|66/100|[from] item: Leftovers
|upkeep
|turn|10
|
|t:|1783192431
|move|p1b: Archaludon|Protect|p1b: Archaludon
|-singleturn|p1b: Archaludon|Protect
|move|p2a: Sneasler|Close Combat|p1b: Archaludon
|-activate|p1b: Archaludon|move: Protect
|move|p1a: Swampert|Ice Punch|p2b: Sinistcha
|-supereffective|p2b: Sinistcha|1
|-damage|p2b: Sinistcha|22/100
|move|p2b: Sinistcha|Shadow Ball|p1a: Swampert
|-damage|p1a: Swampert|0 fnt
|faint|p1a: Swampert
|
|-heal|p1b: Archaludon|65/100|[from] item: Leftovers
|-heal|p2b: Sinistcha|28/100|[from] item: Leftovers
|upkeep
|turn|11
|-message|farangjake forfeited.
|
|win|sleepykittybun
||farangjake is ready for game 2.
||sleepykittybun is ready for game 2.
|uhtml|next|Next: Game 2 of 3
