|j|☆aefrmm
|j|☆five_loko_gold
|html|aefrmmfive_loko_gold    
|uhtml|bestof|Game 2 of a best-of-3
|t:|1756264713
|gametype|doubles
|player|p1|aefrmm|pokemonrangerf-gen4|1072
|player|p2|five_loko_gold|266|1065
|gen|9
|tier|[Gen 9] VGC 2025 Reg H (Bo3)
|rated|
|rule|Species Clause: Limit one of each Pokémon
|rule|Item Clause: Limit 1 of each item
|clearpoke
|poke|p1|Ninetales-Alola, L50, F|
|poke|p1|Basculegion, L50, M|
|poke|p1|Magmar, L50, M|
|poke|p1|Sneasler, L50, M|
|poke|p1|Rillaboom, L50, M|
|poke|p1|Kingambit, L50, M|
|poke|p2|Rillaboom, L50, F|
|poke|p2|Sneasler, L50, F|
|poke|p2|Dragonite, L50, F|
|poke|p2|Kingambit, L50, F|
|poke|p2|Electabuzz, L50, F|
|poke|p2|Volcarona, L50, M|
|teampreview|4
|showteam|p1|Ninetales-Alola||LifeOrb|SnowWarning|Blizzard,FreezeDry,Encore,Protect|||F|||50|,,,,,Ghost]Basculegion||ChoiceScarf|Adaptability|WaveCrash,LastRespects,FlipTurn,TeraBlast|||M|||50|,,,,,Fighting]Magmar||Eviolite|VitalSpirit|Taunt,HeatWave,FollowMe,Protect|||M|||50|,,,,,Water]Sneasler||FocusSash|PoisonTouch|CloseCombat,DireClaw,FakeOut,Protect|||M|||50|,,,,,Stellar]Rillaboom||AssaultVest|GrassySurge|WoodHammer,GrassyGlide,Uturn,FakeOut|||M|||50|,,,,,Water]Kingambit||BlackGlasses|Defiant|KowtowCleave,SuckerPunch,SwordsDance,Protect|||M|||50|,,,,,Fire
|showteam|p2|Rillaboom||AssaultVest|GrassySurge|WoodHammer,GrassyGlide,HighHorsepower,FakeOut|||F|||50|,,,,,Fire]Sneasler||FocusSash|Unburden|CloseCombat,DireClaw,Coaching,Protect|||F|||50|,,,,,Stellar]Dragonite||LoadedDice|Multiscale|ScaleShot,Haze,ExtremeSpeed,Protect|||F|||50|,,,,,Fairy]Kingambit||BlackGlasses|Defiant|Protect,KowtowCleave,SuckerPunch,SwordsDance|||F|||50|,,,,,Dark]Electabuzz||Eviolite|VitalSpirit|Taunt,FollowMe,Thunderbolt,Protect|||F|||50|,,,,,Ghost]Volcarona||Leftovers|FlameBody|Protect,HeatWave,TeraBlast,QuiverDance|||M|||50|,,,,,Fairy
|inactive|Battle timer is ON: inactive players will automatically lose when time's up. (requested by aefrmm)
|inactive|aefrmm has 60 seconds left.
|inactive|aefrmm has 30 seconds left.
|inactive|aefrmm has 20 seconds left.
|inactive|aefrmm has 15 seconds left.
|inactive|aefrmm has 10 seconds left.
|inactive|aefrmm has 5 seconds left.
|
|t:|1756264803
|teamsize|p1|4
|teamsize|p2|4
|start
|switch|p1a: Kingambit|Kingambit, L50, M|100/100
|switch|p1b: Ninetales|Ninetales-Alola, L50, F|100/100
|switch|p2a: Volcarona|Volcarona, L50, M, shiny|100/100
|switch|p2b: Electabuzz|Electabuzz, L50, F|100/100
|-weather|Snowscape|[from] ability: Snow Warning|[of] p1b: Ninetales
|turn|1
|inactive|aefrmm has 30 seconds left.
|inactive|five_loko_gold has 30 seconds left.
|
|t:|1756264828
|-terastallize|p1a: Kingambit|Fire
|move|p1b: Ninetales|Blizzard|p2a: Volcarona|[spread] p2a,p2b
|-resisted|p2a: Volcarona
|-damage|p2a: Volcarona|82/100
|-damage|p2b: Electabuzz|70/100
|-damage|p1b: Ninetales|91/100|[from] item: Life Orb
|move|p2b: Electabuzz|Taunt|p1a: Kingambit
|-start|p1a: Kingambit|move: Taunt
|move|p2a: Volcarona|Quiver Dance|p2a: Volcarona
|-boost|p2a: Volcarona|spa|1
|-boost|p2a: Volcarona|spd|1
|-boost|p2a: Volcarona|spe|1
|cant|p1a: Kingambit|move: Taunt|Swords Dance
|
|-weather|Snowscape|[upkeep]
|-heal|p2a: Volcarona|89/100|[from] item: Leftovers
|upkeep
|turn|2
|inactive|five_loko_gold has 30 seconds left.
|inactive|five_loko_gold has 20 seconds left.
|
|t:|1756264864
|switch|p1b: Magmar|Magmar, L50, M|100/100
|-terastallize|p2a: Volcarona|Fairy
|move|p2b: Electabuzz|Follow Me|p2b: Electabuzz
|-singleturn|p2b: Electabuzz|move: Follow Me
|move|p2a: Volcarona|Heat Wave|p1b: Magmar|[spread] p1a,p1b
|-resisted|p1a: Kingambit
|-resisted|p1b: Magmar
|-damage|p1a: Kingambit|68/100
|-damage|p1b: Magmar|79/100
|move|p1a: Kingambit|Kowtow Cleave|p2b: Electabuzz
|-damage|p2b: Electabuzz|24/100
|
|-weather|Snowscape|[upkeep]
|-heal|p2a: Volcarona|95/100|[from] item: Leftovers
|upkeep
|turn|3
|inactive|five_loko_gold has 30 seconds left.
|
|t:|1756264891
|move|p2b: Electabuzz|Follow Me|p2b: Electabuzz
|-singleturn|p2b: Electabuzz|move: Follow Me
|move|p2a: Volcarona|Quiver Dance|p2a: Volcarona
|-boost|p2a: Volcarona|spa|1
|-boost|p2a: Volcarona|spd|1
|-boost|p2a: Volcarona|spe|1
|move|p1b: Magmar|Taunt|p2b: Electabuzz
|-start|p2b: Electabuzz|move: Taunt
|move|p1a: Kingambit|Kowtow Cleave|p2b: Electabuzz
|-damage|p2b: Electabuzz|0 fnt
|faint|p2b: Electabuzz
|
|-weather|Snowscape|[upkeep]
|-heal|p2a: Volcarona|100/100|[from] item: Leftovers
|-end|p1a: Kingambit|move: Taunt
|upkeep
|
|t:|1756264907
|switch|p2b: Rillaboom|Rillaboom, L50, F|100/100
|-fieldstart|move: Grassy Terrain|[from] ability: Grassy Surge|[of] p2b: Rillaboom
|turn|4
|
|t:|1756264921
|move|p2b: Rillaboom|Fake Out|p1a: Kingambit
|-damage|p1a: Kingambit|58/100
|cant|p1a: Kingambit|flinch
|move|p2a: Volcarona|Tera Blast|p1b: Magmar|[anim] Tera Blast Fairy
|-resisted|p1b: Magmar
|-damage|p1b: Magmar|44/100
|move|p1b: Magmar|Heat Wave|p2b: Rillaboom|[spread] p2a,p2b
|-supereffective|p2b: Rillaboom
|-damage|p2a: Volcarona|89/100
|-damage|p2b: Rillaboom|68/100
|
|-weather|Snowscape|[upkeep]
|-heal|p2a: Volcarona|95/100|[from] Grassy Terrain
|-heal|p2a: Volcarona|100/100|[from] item: Leftovers
|-heal|p1b: Magmar|50/100|[from] Grassy Terrain
|-heal|p2b: Rillaboom|73/100|[from] Grassy Terrain
|-heal|p1a: Kingambit|64/100|[from] Grassy Terrain
|upkeep
|turn|5
|inactive|aefrmm has 30 seconds left.
|
|t:|1756264953
|move|p1a: Kingambit|Sucker Punch|p2b: Rillaboom
|-damage|p2b: Rillaboom|24/100
|move|p2a: Volcarona|Heat Wave|p1b: Magmar|[spread] p1b
|-miss|p2a: Volcarona|p1a: Kingambit
|-resisted|p1b: Magmar
|-crit|p1b: Magmar
|-damage|p1b: Magmar|10/100
|move|p1b: Magmar|Heat Wave|p2b: Rillaboom|[spread] p2a,p2b
|-supereffective|p2b: Rillaboom
|-damage|p2a: Volcarona|91/100
|-damage|p2b: Rillaboom|0 fnt
|-status|p2a: Volcarona|brn
|faint|p2b: Rillaboom
|
|-weather|none
|-heal|p2a: Volcarona|97/100 brn|[from] Grassy Terrain
|-heal|p2a: Volcarona|100/100 brn|[from] item: Leftovers
|-heal|p1b: Magmar|16/100|[from] Grassy Terrain
|-heal|p1a: Kingambit|70/100|[from] Grassy Terrain
|-damage|p2a: Volcarona|94/100 brn|[from] brn
|upkeep
|
|t:|1756264970
|switch|p2b: Sneasler|Sneasler, L50, F|100/100
|turn|6
|
|t:|1756264992
|move|p2a: Volcarona|Tera Blast|p1a: Kingambit|[anim] Tera Blast Fairy
|-resisted|p1a: Kingambit
|-damage|p1a: Kingambit|26/100
|move|p2b: Sneasler|Dire Claw|p1b: Magmar
|-damage|p1b: Magmar|0 fnt
|faint|p1b: Magmar
|move|p1a: Kingambit|Swords Dance|p1a: Kingambit
|-boost|p1a: Kingambit|atk|2
|
|-heal|p2a: Volcarona|100/100 brn|[from] Grassy Terrain
|-heal|p1a: Kingambit|32/100|[from] Grassy Terrain
|-damage|p2a: Volcarona|94/100 brn|[from] brn
|upkeep
|
|t:|1756264999
|switch|p1b: Sneasler|Sneasler, L50, M|100/100
|turn|7
|inactive|aefrmm has 30 seconds left.
|inactive|five_loko_gold has 30 seconds left.
|inactive|aefrmm has 20 seconds left.
|
|t:|1756265039
|move|p2a: Volcarona|Protect|p2a: Volcarona
|-singleturn|p2a: Volcarona|Protect
|move|p2b: Sneasler|Protect|p2b: Sneasler
|-singleturn|p2b: Sneasler|Protect
|move|p1b: Sneasler|Fake Out|p2b: Sneasler
|-activate|p2b: Sneasler|move: Protect
|move|p1a: Kingambit|Swords Dance|p1a: Kingambit
|-boost|p1a: Kingambit|atk|2
|
|-heal|p2a: Volcarona|100/100 brn|[from] Grassy Terrain
|-heal|p1a: Kingambit|38/100|[from] Grassy Terrain
|-damage|p2a: Volcarona|94/100 brn|[from] brn
|upkeep
|turn|8
|inactive|aefrmm has 30 seconds left.
|inactive|five_loko_gold has 30 seconds left.
|
|t:|1756265072
|move|p1a: Kingambit|Sucker Punch|p2b: Sneasler
|-resisted|p2b: Sneasler
|-enditem|p2b: Sneasler|Focus Sash
|-damage|p2b: Sneasler|1/100
|move|p2b: Sneasler|Dire Claw|p1a: Kingambit
|-damage|p1a: Kingambit|6/100
|move|p2a: Volcarona|Heat Wave|p1a: Kingambit|[spread] p1a,p1b
|-resisted|p1a: Kingambit
|-damage|p1a: Kingambit|0 fnt
|-enditem|p1b: Sneasler|Focus Sash
|-damage|p1b: Sneasler|1/100
|faint|p1a: Kingambit
|move|p1b: Sneasler|Dire Claw|p2a: Volcarona
|-supereffective|p2a: Volcarona
|-damage|p2a: Volcarona|0 fnt
|faint|p2a: Volcarona
|
|-heal|p2b: Sneasler|7/100|[from] Grassy Terrain
|-heal|p1b: Sneasler|7/100|[from] Grassy Terrain
|-fieldend|move: Grassy Terrain
|upkeep
|
|t:|1756265083
|switch|p1a: Ninetales|Ninetales-Alola, L50, F|91/100
|-weather|Snowscape|[from] ability: Snow Warning|[of] p1a: Ninetales
|turn|9
|
|t:|1756265095
|move|p2b: Sneasler|Dire Claw|p1b: Sneasler
|-resisted|p1b: Sneasler
|-damage|p1b: Sneasler|0 fnt
|faint|p1b: Sneasler
|move|p1a: Ninetales|Blizzard|p2b: Sneasler
|-damage|p2b: Sneasler|0 fnt
|faint|p2b: Sneasler
|-damage|p1a: Ninetales|82/100|[from] item: Life Orb
|
|win|aefrmm
||five_loko_gold is ready for game 3.
||aefrmm is ready for game 3.
|uhtml|next|Next: Game 3 of 3
