|j|☆lucky777n
|j|☆Moonlight Flutter
|html|lucky777nMoonlight Flutter    
|uhtml|bestof|Game 1 of a best-of-3
|t:|1784190811
|gametype|doubles
|player|p1|lucky777n|266|
|player|p2|Moonlight Flutter|miku-flying|
|gen|9
|tier|[Gen 9 Champions] VGC 2026 Reg M-B (Bo3)
|rule|Species Clause: Limit one of each Pokémon
|rule|Item Clause: Limit 1 of each item
|clearpoke
|poke|p1|Gengar, L50, M|
|poke|p1|Incineroar, L50, F|
|poke|p1|Snorlax, L50, M|
|poke|p1|Ninetales-Alola, L50, M|
|poke|p1|Kingambit, L50, F|
|poke|p1|Sneasler, L50, F|
|poke|p2|Venusaur, L50, M|
|poke|p2|Charizard, L50, M|
|poke|p2|Grimmsnarl, L50, M|
|poke|p2|Archaludon, L50, F|
|poke|p2|Basculegion, L50, M|
|poke|p2|Pelipper, L50, F|
|teampreview|4
|showteam|p1|Gengar||Gengarite|CursedBody|ShadowBall,Disable,PerishSong,Protect|Timid||M|||50|]Incineroar||SitrusBerry|Intimidate|FakeOut,FlareBlitz,PartingShot,Protect|Relaxed||F|||50|]Snorlax||Leftovers|ThickFat|Fissure,Encore,Yawn,Protect|Relaxed||M|||50|]Ninetales-Alola||NeverMeltIce|SnowWarning|Blizzard,FreezeDry,Encore,Protect|Timid||M|||50|]Kingambit||BlackGlasses|Defiant|SuckerPunch,KowtowCleave,SwordsDance,Protect|Adamant||F|||50|]Sneasler||WhiteHerb|Unburden|FakeOut,CloseCombat,GunkShot,Protect|Jolly||F|||50|
|showteam|p2|Venusaur||FocusSash|Chlorophyll|SludgeBomb,EarthPower,SleepPowder,Protect|Modest||M|||50|]Charizard||CharizarditeY|Blaze|Protect,HeatWave,SolarBeam,WeatherBall|Modest||M|||50|]Grimmsnarl||LightClay|Prankster|SpiritBreak,LightScreen,Reflect,PartingShot|Sassy||M|||50|]Archaludon||Leftovers|Stamina|ElectroShot,DragonPulse,FlashCannon,Protect|Calm||F|||50|]Basculegion||ChoiceScarf|Adaptability|WaveCrash,LastRespects,AquaJet,FlipTurn|Jolly||M|||50|]Pelipper||SitrusBerry|Drizzle|Hurricane,WeatherBall,Tailwind,WideGuard|Modest||F|||50|
|c|☆Moonlight Flutter|glhf
|
|t:|1784190840
|teamsize|p1|4
|teamsize|p2|4
|start
|switch|p1a: Gengar|Gengar, L50, M|100/100
|switch|p1b: Snorlax|Snorlax, L50, M|100/100
|switch|p2a: Archaludon|Archaludon, L50, F|100/100
|switch|p2b: Pelipper|Pelipper, L50, F|100/100
|-weather|RainDance|[from] ability: Drizzle|[of] p2b: Pelipper
|turn|1
|
|t:|1784190891
|switch|p2b: Basculegion|Basculegion, L50, M|100/100
|detailschange|p1a: Gengar|Gengar-Mega, L50, M
|-mega|p1a: Gengar|Gengar|Gengarite
|move|p1a: Gengar|Protect|p1a: Gengar
|-singleturn|p1a: Gengar|Protect
|move|p2a: Archaludon|Electro Shot||[still]
|-prepare|p2a: Archaludon|Electro Shot
|-boost|p2a: Archaludon|spa|1
|-anim|p2a: Archaludon|Electro Shot|p1b: Snorlax
|-damage|p1b: Snorlax|65/100
|move|p1b: Snorlax|Yawn|p2a: Archaludon
|-start|p2a: Archaludon|move: Yawn|[of] p1b: Snorlax
|
|-weather|RainDance|[upkeep]
|-heal|p1b: Snorlax|71/100|[from] item: Leftovers
|upkeep
|turn|2
|
|t:|1784190919
|move|p2b: Basculegion|Flip Turn|p1b: Snorlax
|-damage|p1b: Snorlax|36/100
|
|t:|1784190923
|switch|p2b: Pelipper|Pelipper, L50, F|100/100|[from] Flip Turn
|move|p1a: Gengar|Disable|p2a: Archaludon
|-start|p2a: Archaludon|Disable|Electro Shot
|cant|p2a: Archaludon|Disable|Electro Shot
|move|p1b: Snorlax|Yawn|p2b: Pelipper
|-start|p2b: Pelipper|move: Yawn|[of] p1b: Snorlax
|
|-weather|RainDance|[upkeep]
|-heal|p1b: Snorlax|42/100|[from] item: Leftovers
|-end|p2a: Archaludon|move: Yawn|[silent]
|-status|p2a: Archaludon|slp
|upkeep
|turn|3
|
|t:|1784190953
|move|p1a: Gengar|Shadow Ball|p2b: Pelipper
|-damage|p2b: Pelipper|38/100
|-enditem|p2b: Pelipper|Sitrus Berry|[eat]
|-heal|p2b: Pelipper|62/100|[from] item: Sitrus Berry
|cant|p2a: Archaludon|slp
|move|p2b: Pelipper|Weather Ball|p1b: Snorlax
|-damage|p1b: Snorlax|5/100
|move|p1b: Snorlax|Encore|p2a: Archaludon
|-start|p2a: Archaludon|Encore
|
|-weather|RainDance|[upkeep]
|-heal|p1b: Snorlax|11/100|[from] item: Leftovers
|-end|p2b: Pelipper|move: Yawn|[silent]
|-status|p2b: Pelipper|slp
|upkeep
|turn|4
|
|t:|1784190974
|move|p1a: Gengar|Shadow Ball|p2a: Archaludon
|-damage|p2a: Archaludon|58/100 slp
|-unboost|p2a: Archaludon|spd|1
|-ability|p2a: Archaludon|Stamina|boost
|-boost|p2a: Archaludon|def|1
|cant|p2a: Archaludon|slp
|cant|p2b: Pelipper|slp
|move|p1b: Snorlax|Fissure|p2a: Archaludon|[miss]
|-miss|p1b: Snorlax|p2a: Archaludon
|
|-weather|RainDance|[upkeep]
|-heal|p2a: Archaludon|64/100 slp|[from] item: Leftovers
|-heal|p1b: Snorlax|17/100|[from] item: Leftovers
|upkeep
|turn|5
|
|t:|1784190988
|move|p1a: Gengar|Shadow Ball|p2a: Archaludon
|-damage|p2a: Archaludon|5/100 slp
|-ability|p2a: Archaludon|Stamina|boost
|-boost|p2a: Archaludon|def|1
|-curestatus|p2a: Archaludon|slp|[msg]
|-activate|p2a: Archaludon|move: Struggle
|move|p2a: Archaludon|Struggle|p1a: Gengar
|-damage|p1a: Gengar|87/100
|-damage|p2a: Archaludon|0 fnt|[from] recoil
|faint|p2a: Archaludon
|cant|p2b: Pelipper|slp
|move|p1b: Snorlax|Fissure|p2b: Pelipper
|-immune|p2b: Pelipper
|
|-weather|none
|-heal|p1b: Snorlax|24/100|[from] item: Leftovers
|upkeep
|
|t:|1784191001
|switch|p2a: Basculegion|Basculegion, L50, M|100/100
|turn|6
|
|t:|1784191025
|move|p1b: Snorlax|Protect|p1b: Snorlax
|-singleturn|p1b: Snorlax|Protect
|move|p2a: Basculegion|Flip Turn|p1b: Snorlax
|-activate|p1b: Snorlax|move: Protect
|move|p1a: Gengar|Shadow Ball|p2a: Basculegion
|-supereffective|p2a: Basculegion|1
|-damage|p2a: Basculegion|0 fnt
|faint|p2a: Basculegion
|-curestatus|p2b: Pelipper|slp|[msg]
|move|p2b: Pelipper|Weather Ball|p1b: Snorlax
|-activate|p1b: Snorlax|move: Protect
|
|-heal|p1b: Snorlax|30/100|[from] item: Leftovers
|upkeep
|
|t:|1784191028
|switch|p2a: Charizard|Charizard, L50, M|100/100
|turn|7
|
|t:|1784191052
|detailschange|p2a: Charizard|Charizard-Mega-Y, L50, M
|-mega|p2a: Charizard|Charizard|Charizardite Y
|-weather|SunnyDay|[from] ability: Drought|[of] p2a: Charizard
|move|p1a: Gengar|Protect|p1a: Gengar
|-singleturn|p1a: Gengar|Protect
|move|p2a: Charizard|Weather Ball|p1b: Snorlax
|-damage|p1b: Snorlax|2/100
|move|p2b: Pelipper|Tailwind|p2b: Pelipper
|-sidestart|p2: Moonlight Flutter|move: Tailwind
|move|p1b: Snorlax|Yawn|p2a: Charizard
|-start|p2a: Charizard|move: Yawn|[of] p1b: Snorlax
|
|-weather|SunnyDay|[upkeep]
|-heal|p1b: Snorlax|8/100|[from] item: Leftovers
|upkeep
|turn|8
|
|t:|1784191088
|move|p2a: Charizard|Heat Wave|p1a: Gengar|[spread] p1a,p1b
|-damage|p1a: Gengar|23/100
|-damage|p1b: Snorlax|0 fnt
|-status|p1a: Gengar|brn
|faint|p1b: Snorlax
|move|p2b: Pelipper|Weather Ball|p1a: Gengar
|-damage|p1a: Gengar|0 fnt
|faint|p1a: Gengar
|
|-weather|SunnyDay|[upkeep]
|-end|p2a: Charizard|move: Yawn|[silent]
|-status|p2a: Charizard|slp
|upkeep
|
|t:|1784191092
|switch|p1a: Kingambit|Kingambit, L50, F|100/100
|switch|p1b: Ninetales|Ninetales-Alola, L50, M|100/100
|-weather|Snowscape|[from] ability: Snow Warning|[of] p1b: Ninetales
|turn|9
|
|t:|1784191104
|cant|p2a: Charizard|slp
|move|p2b: Pelipper|Hurricane|p1a: Kingambit
|-resisted|p1a: Kingambit|1
|-damage|p1a: Kingambit|77/100
|move|p1b: Ninetales|Blizzard|p2b: Pelipper|[spread] p2a,p2b
|-damage|p2a: Charizard|71/100 slp
|-damage|p2b: Pelipper|16/100
|move|p1a: Kingambit|Kowtow Cleave|p2a: Charizard
|-damage|p2a: Charizard|10/100 slp
|
|-weather|Snowscape|[upkeep]
|upkeep
|turn|10
|
|t:|1784191117
|-curestatus|p2a: Charizard|slp|[msg]
|move|p2a: Charizard|Protect|p2a: Charizard
|-singleturn|p2a: Charizard|Protect
|move|p2b: Pelipper|Hurricane|p1b: Ninetales
|-damage|p1b: Ninetales|48/100
|move|p1b: Ninetales|Blizzard|p2a: Charizard|[spread] p2b
|-activate|p2a: Charizard|move: Protect
|-damage|p2b: Pelipper|0 fnt
|faint|p2b: Pelipper
|move|p1a: Kingambit|Kowtow Cleave|p2a: Charizard
|-activate|p2a: Charizard|move: Protect
|
|-weather|Snowscape|[upkeep]
|-sideend|p2: Moonlight Flutter|move: Tailwind
|upkeep
|turn|11
|
|t:|1784191132
|move|p1a: Kingambit|Sucker Punch|p2a: Charizard
|-damage|p2a: Charizard|0 fnt
|faint|p2a: Charizard
|
|win|lucky777n
||Moonlight Flutter is ready for game 2.
||lucky777n is ready for game 2.
|uhtml|next|Next: Game 2 of 3
