|j|â˜†belinvgc
|j|â˜†liludragonbossetti
|html|belinvgcliludragonbossetti    
|uhtml|bestof|Game 2 of a best-of-3
|t:|1755532273
|gametype|doubles
|player|p1|belinvgc|1|1226
|player|p2|liludragonbossetti|interviewers|1360
|gen|9
|tier|[Gen 9] VGC 2025 Reg H (Bo3)
|rated|
|rule|Species Clause: Limit one of each PokÃ©mon
|rule|Item Clause: Limit 1 of each item
|clearpoke
|poke|p1|Ursaluna-Bloodmoon, L50, M|
|poke|p1|Sinistcha, L50|
|poke|p1|Rillaboom, L50, M|
|poke|p1|Incineroar, L50, F|
|poke|p1|Sneasler, L50, F|
|poke|p1|Dragonite, L50, M|
|poke|p2|Gholdengo, L50|
|poke|p2|Sneasler, L50, M|
|poke|p2|Rillaboom, L50, M|
|poke|p2|Dragonite, L50, F|
|poke|p2|Ninetales-Alola, L50, F|
|poke|p2|Arcanine-Hisui, L50, M|
|teampreview|4
|showteam|p1|Ursaluna-Bloodmoon||Leftovers|MindsEye|BloodMoon,EarthPower,CalmMind,Protect|||M|||50|,,,,,Water]Sinistcha||SitrusBerry|Hospitality|MatchaGotcha,RagePowder,LifeDew,TrickRoom||||||50|,,,,,Water]Rillaboom||AssaultVest|GrassySurge|GrassyGlide,DrumBeating,Uturn,FakeOut|||M|||50|,,,,,Fire]Incineroar||SafetyGoggles|Intimidate|FlareBlitz,KnockOff,PartingShot,FakeOut|||F|||50|,,,,,Bug]Sneasler||GrassySeed|Unburden|DireClaw,CloseCombat,Taunt,Protect|||F|||50|,,,,,Stellar]Dragonite||LoadedDice|Multiscale|ScaleShot,Haze,Protect,Tailwind|||M|||50|,,,,,Fairy
|showteam|p2|Gholdengo||GrassySeed|GoodasGold|NastyPlot,MakeItRain,ShadowBall,Protect||||||50|,,,,,Water]Sneasler||WhiteHerb|Unburden|CloseCombat,DireClaw,Coaching,Protect|||M|||50|,,,,,Ghost]Rillaboom||AssaultVest|GrassySurge|FakeOut,GrassyGlide,DrumBeating,HighHorsepower|||M|||50|,,,,,Fire]Dragonite||LoadedDice|Multiscale|ScaleShot,Tailwind,StompingTantrum,Protect|||F|||50|,,,,,Ground]Ninetales-Alola||FocusSash|SnowWarning|Blizzard,IcyWind,Encore,AuroraVeil|||F|||50|,,,,,Ghost]Arcanine-Hisui||ClearAmulet|Intimidate|RockSlide,FlareBlitz,ExtremeSpeed,Protect|||M|||50|,,,,,Water
|
|t:|1755532293
|teamsize|p1|4
|teamsize|p2|4
|start
|switch|p1a: Rillaboom|Rillaboom, L50, M, shiny|100/100
|switch|p1b: Incineroar|Incineroar, L50, F, shiny|100/100
|switch|p2a: Sneasler|Sneasler, L50, M|100/100
|switch|p2b: Dragonite|Dragonite, L50, F|100/100
|-fieldstart|move: Grassy Terrain|[from] ability: Grassy Surge|[of] p1a: Rillaboom
|-ability|p1b: Incineroar|Intimidate|boost
|-unboost|p2a: Sneasler|atk|1
|-unboost|p2b: Dragonite|atk|1
|-enditem|p2a: Sneasler|White Herb
|-clearnegativeboost|p2a: Sneasler|[silent]
|turn|1
|
|t:|1755532318
|move|p2a: Sneasler|Protect|p2a: Sneasler
|-singleturn|p2a: Sneasler|Protect
|move|p2b: Dragonite|Protect|p2b: Dragonite
|-singleturn|p2b: Dragonite|Protect
|move|p1b: Incineroar|Fake Out|p2a: Sneasler
|-activate|p2a: Sneasler|move: Protect
|move|p1a: Rillaboom|Drum Beating|p2a: Sneasler
|-activate|p2a: Sneasler|move: Protect
|
|upkeep
|turn|2
|
|t:|1755532374
|switch|p1a: Sneasler|Sneasler, L50, F|100/100
|-enditem|p1a: Sneasler|Grassy Seed
|-boost|p1a: Sneasler|def|1|[from] item: Grassy Seed
|move|p2a: Sneasler|Dire Claw|p1a: Sneasler
|-resisted|p1a: Sneasler
|-damage|p1a: Sneasler|78/100
|move|p2b: Dragonite|Scale Shot|p1a: Sneasler
|-damage|p1a: Sneasler|68/100
|-damage|p1a: Sneasler|57/100
|-damage|p1a: Sneasler|47/100
|-damage|p1a: Sneasler|37/100
|-hitcount|p1a: Sneasler|4
|-unboost|p2b: Dragonite|def|1
|-boost|p2b: Dragonite|spe|1
|move|p1b: Incineroar|Knock Off|p2b: Dragonite
|-damage|p2b: Dragonite|71/100
|-enditem|p2b: Dragonite|Loaded Dice|[from] move: Knock Off|[of] p1b: Incineroar
|
|-heal|p1a: Sneasler|43/100|[from] Grassy Terrain
|upkeep
|turn|3
|
|t:|1755532403
|switch|p2b: Gholdengo|Gholdengo, L50|100/100
|-enditem|p2b: Gholdengo|Grassy Seed
|-boost|p2b: Gholdengo|def|1|[from] item: Grassy Seed
|-terastallize|p1b: Incineroar|Bug
|move|p1a: Sneasler|Protect|p1a: Sneasler
|-singleturn|p1a: Sneasler|Protect
|move|p2a: Sneasler|Close Combat|p1b: Incineroar
|-resisted|p1b: Incineroar
|-damage|p1b: Incineroar|77/100
|-unboost|p2a: Sneasler|def|1
|-unboost|p2a: Sneasler|spd|1
|move|p1b: Incineroar|Parting Shot|p2a: Sneasler
|-unboost|p2a: Sneasler|atk|1
|-unboost|p2a: Sneasler|spa|1
|
|t:|1755532413
|switch|p1b: Ursaluna|Ursaluna-Bloodmoon, L50, M|100/100|[from] Parting Shot
|
|-heal|p1a: Sneasler|49/100|[from] Grassy Terrain
|upkeep
|turn|4
|
|t:|1755532460
|switch|p2a: Rillaboom|Rillaboom, L50, M|100/100
|move|p1a: Sneasler|Dire Claw|p2a: Rillaboom
|-supereffective|p2a: Rillaboom
|-damage|p2a: Rillaboom|14/100
|move|p2b: Gholdengo|Make It Rain|p1a: Sneasler|[spread] p1a,p1b
|-damage|p1a: Sneasler|0 fnt
|-damage|p1b: Ursaluna|58/100
|-unboost|p2b: Gholdengo|spa|1
|faint|p1a: Sneasler
|move|p1b: Ursaluna|Earth Power|p2b: Gholdengo
|-supereffective|p2b: Gholdengo
|-damage|p2b: Gholdengo|12/100
|
|-heal|p2a: Rillaboom|20/100|[from] Grassy Terrain
|-heal|p2b: Gholdengo|18/100|[from] Grassy Terrain
|-heal|p1b: Ursaluna|64/100|[from] Grassy Terrain
|-heal|p1b: Ursaluna|71/100|[from] item: Leftovers
|upkeep
|
|t:|1755532476
|switch|p1a: Rillaboom|Rillaboom, L50, M, shiny|100/100
|turn|5
|
|t:|1755532491
|move|p2a: Rillaboom|Fake Out|p1b: Ursaluna
|-damage|p1b: Ursaluna|62/100
|move|p1a: Rillaboom|Fake Out|p2a: Rillaboom
|-damage|p2a: Rillaboom|5/100
|move|p2b: Gholdengo|Nasty Plot|p2b: Gholdengo
|-boost|p2b: Gholdengo|spa|2
|cant|p1b: Ursaluna|flinch
|
|-heal|p2a: Rillaboom|11/100|[from] Grassy Terrain
|-heal|p2b: Gholdengo|24/100|[from] Grassy Terrain
|-heal|p1b: Ursaluna|68/100|[from] Grassy Terrain
|-heal|p1b: Ursaluna|74/100|[from] item: Leftovers
|-fieldend|move: Grassy Terrain
|upkeep
|turn|6
|
|t:|1755532513
|switch|p2a: Dragonite|Dragonite, L50, F|71/100
|move|p2b: Gholdengo|Protect|p2b: Gholdengo
|-singleturn|p2b: Gholdengo|Protect
|move|p1b: Ursaluna|Protect|p1b: Ursaluna
|-singleturn|p1b: Ursaluna|Protect
|move|p1a: Rillaboom|U-turn|p2a: Dragonite
|-resisted|p2a: Dragonite
|-damage|p2a: Dragonite|56/100
|
|t:|1755532519
|switch|p1a: Incineroar|Incineroar, L50, F, shiny, tera:Bug|77/100|[from] U-turn
|-ability|p1a: Incineroar|Intimidate|boost
|-unboost|p2a: Dragonite|atk|1
|-unboost|p2b: Gholdengo|atk|1
|
|-heal|p1b: Ursaluna|80/100|[from] item: Leftovers
|upkeep
|turn|7
|
|t:|1755532530
|move|p1a: Incineroar|Fake Out|p2a: Dragonite
|-damage|p2a: Dragonite|45/100
|move|p2b: Gholdengo|Make It Rain|p1a: Incineroar|[spread] p1a,p1b
|-damage|p1a: Incineroar|22/100
|-damage|p1b: Ursaluna|15/100
|-unboost|p2b: Gholdengo|spa|1
|cant|p2a: Dragonite|flinch
|move|p1b: Ursaluna|Blood Moon|p2b: Gholdengo
|-resisted|p2b: Gholdengo
|-damage|p2b: Gholdengo|0 fnt
|faint|p2b: Gholdengo
|
|-heal|p1b: Ursaluna|22/100|[from] item: Leftovers
|upkeep
|
|t:|1755532542
|switch|p2b: Sneasler|Sneasler, L50, M|100/100
|turn|8
|
|t:|1755532553
|switch|p1a: Rillaboom|Rillaboom, L50, M, shiny|100/100
|-fieldstart|move: Grassy Terrain|[from] ability: Grassy Surge|[of] p1a: Rillaboom
|move|p1b: Ursaluna|Protect|p1b: Ursaluna
|-singleturn|p1b: Ursaluna|Protect
|move|p2b: Sneasler|Dire Claw|p1b: Ursaluna
|-activate|p1b: Ursaluna|move: Protect
|move|p2a: Dragonite|Scale Shot|p1a: Rillaboom
|-damage|p1a: Rillaboom|90/100
|-damage|p1a: Rillaboom|77/100
|-damage|p1a: Rillaboom|66/100
|-hitcount|p1a: Rillaboom|3
|-unboost|p2a: Dragonite|def|1
|-boost|p2a: Dragonite|spe|1
|
|-heal|p1a: Rillaboom|73/100|[from] Grassy Terrain
|-heal|p1b: Ursaluna|28/100|[from] Grassy Terrain
|-heal|p1b: Ursaluna|34/100|[from] item: Leftovers
|upkeep
|turn|9
|
|t:|1755532583
|switch|p1b: Incineroar|Incineroar, L50, F, shiny, tera:Bug|22/100
|-ability|p1b: Incineroar|Intimidate|boost
|-unboost|p2a: Dragonite|atk|1
|-unboost|p2b: Sneasler|atk|1
|-terastallize|p2b: Sneasler|Ghost
|move|p2a: Dragonite|Protect|p2a: Dragonite
|-singleturn|p2a: Dragonite|Protect
|move|p2b: Sneasler|Close Combat|p1b: Incineroar
|-resisted|p1b: Incineroar
|-damage|p1b: Incineroar|5/100
|-unboost|p2b: Sneasler|def|1
|-unboost|p2b: Sneasler|spd|1
|move|p1a: Rillaboom|U-turn|p2a: Dragonite
|-activate|p2a: Dragonite|move: Protect
|
|-heal|p1a: Rillaboom|79/100|[from] Grassy Terrain
|-heal|p1b: Incineroar|11/100|[from] Grassy Terrain
|upkeep
|turn|10
|
|t:|1755532603
|move|p1b: Incineroar|Fake Out|p2a: Dragonite
|-crit|p2a: Dragonite
|-damage|p2a: Dragonite|17/100
|cant|p2a: Dragonite|flinch
|move|p2b: Sneasler|Dire Claw|p1a: Rillaboom
|-supereffective|p1a: Rillaboom
|-damage|p1a: Rillaboom|21/100
|-status|p1a: Rillaboom|slp
|cant|p1a: Rillaboom|slp
|
|-heal|p1a: Rillaboom|27/100 slp|[from] Grassy Terrain
|-heal|p1b: Incineroar|17/100|[from] Grassy Terrain
|upkeep
|turn|11
|c|â˜†belinvgc|Nice format
|c|â˜†liludragonbossetti|eh lo so fratm
|
|t:|1755532650
|cant|p1a: Rillaboom|slp
|move|p2a: Dragonite|Scale Shot|p1a: Rillaboom
|-damage|p1a: Rillaboom|18/100 slp
|-damage|p1a: Rillaboom|9/100 slp
|-damage|p1a: Rillaboom|0 fnt
|faint|p1a: Rillaboom
|-hitcount|p1: Rillaboom|3
|-unboost|p2a: Dragonite|def|1
|-boost|p2a: Dragonite|spe|1
|move|p2b: Sneasler|Dire Claw|p1b: Incineroar
|-damage|p1b: Incineroar|0 fnt
|faint|p1b: Incineroar
|
|upkeep
|c|â˜†liludragonbossetti|anche tu lo usi sneasler
|c|â˜†belinvgc|Mica ho detto che sei strozo
|c|â˜†liludragonbossetti|e poi secondo me ursaluna senza hyper voice suca molto
|c|â˜†belinvgc|Ho detto che il formato Ã¨ una merda
|c|â˜†liludragonbossetti|sisi perÃ² l'hai detto dopo lo sleep di sneasler
|c|â˜†liludragonbossetti|che puÃ² succedere
|c|â˜†belinvgc|Ti invito a passare sul mio twitch lo dico dal primo mese della scorsa reg h ahaha
|c|â˜†liludragonbossetti|sisi lo so, seguivo la live dove lo dicevi
|c|â˜†liludragonbossetti|e secondo me la h non Ã¨ cosÃ¬ ingiocabile come sembra
|c|â˜†liludragonbossetti|certo le percentuali ci sono
|c|â˜†liludragonbossetti|senza dubbio
|c|â˜†liludragonbossetti|perÃ² a mio avviso Ã¨ di gran lunga meglio della I
|c|â˜†belinvgc|Certo
|c|â˜†liludragonbossetti|almeno con la H puoi ribaltare le partite
|c|â˜†belinvgc|Ma non mi piace
|l|â˜†belinvgc
|player|p1|
|c|â˜†liludragonbossetti|seppur con mezzi un po' di merda
|c|â˜†liludragonbossetti|no be che non ti piaccia ci sta
|inactive|Battle timer is ON: inactive players will automatically lose when time's up. (requested by liludragonbossetti)
|inactive|belinvgc has 30 seconds to reconnect!
|inactive|belinvgc has 20 seconds to reconnect!
|inactive|belinvgc has 15 seconds to reconnect!
|inactive|belinvgc has 10 seconds to reconnect!
|inactive|belinvgc has 5 seconds to reconnect!
|-message|belinvgc lost due to inactivity.
|
|win|liludragonbossetti
|raw|belinvgc's rating: 1226 → 1210(-16 for losing)
|raw|liludragonbossetti's rating: 1360 → 1373(+13 for winning)
