|j|☆the neckening
|j|☆eklyst
|html|the neckeningeklyst    
|uhtml|bestof|Game 2 of a best-of-3
|t:|1783037969
|gametype|doubles
|player|p1|the neckening|102|1043
|player|p2|eklyst|pokemaniac|1070
|gen|9
|tier|[Gen 9 Champions] VGC 2026 Reg M-B (Bo3)
|rated|
|rule|Species Clause: Limit one of each Pokémon
|rule|Item Clause: Limit 1 of each item
|clearpoke
|poke|p1|Metagross, L50|
|poke|p1|Charizard, L50, F|
|poke|p1|Toxapex, L50, M|
|poke|p1|Mamoswine, L50, F|
|poke|p1|Hydreigon, L50, M|
|poke|p1|Incineroar, L50, F|
|poke|p2|Metagross, L50|
|poke|p2|Floette-Eternal, L50, F|
|poke|p2|Garchomp, L50, M|
|poke|p2|Aerodactyl, L50, M|
|poke|p2|Sinistcha, L50|
|poke|p2|Incineroar, L50, M|
|teampreview|4
|showteam|p1|Metagross||Metagrossite|ClearBody|IronHead,StompingTantrum,IcePunch,Protect|Adamant|||||50|]Charizard||CharizarditeY|Blaze|WeatherBall,HeatWave,SolarBeam,Protect|Modest||F|||50|]Toxapex||Leftovers|Regenerator|Infestation,Toxic,WideGuard,BanefulBunker|Relaxed||M|||50|]Mamoswine||FocusSash|Oblivious|IcicleCrash,HighHorsepower,IceShard,Protect|Adamant||F|||50|]Hydreigon||ChoiceScarf|Levitate|DarkPulse,DracoMeteor,Snarl,EarthPower|Modest||M|||50|]Incineroar||PasshoBerry|Intimidate|FlareBlitz,ThroatChop,PartingShot,FakeOut|Impish||F|||50|
|showteam|p2|Metagross||Metagrossite|ClearBody|IronHead,BulletPunch,PsychicFangs,Protect|Adamant|||||50|]Floette-Eternal||Floettite|FlowerVeil|Moonblast,DazzlingGleam,CalmMind,Protect|Modest||F|||50|]Garchomp||LifeOrb|RoughSkin|RockSlide,StompingTantrum,DragonClaw,Protect|Jolly||M|||50|]Aerodactyl||FocusSash|Unnerve|RockSlide,DualWingbeat,Tailwind,Protect|Jolly||M|||50|]Sinistcha||KasibBerry|Hospitality|MatchaGotcha,TrickRoom,RagePowder,Protect|Relaxed|||||50|]Incineroar||SitrusBerry|Intimidate|FakeOut,FlareBlitz,ThroatChop,PartingShot|Adamant||M|||50|
|inactive|Battle timer is ON: inactive players will automatically lose when time's up. (requested by eklyst)
|inactive|the neckening has 60 seconds left.
|inactive|eklyst has 60 seconds left.
|
|t:|1783038030
|teamsize|p1|4
|teamsize|p2|4
|start
|switch|p1a: Metagross|Metagross, L50|100/100
|switch|p1b: Incineroar|Incineroar, L50, F|100/100
|switch|p2a: Sinistcha|Sinistcha, L50|100/100
|switch|p2b: Garchomp|Garchomp, L50, M|100/100
|-ability|p1b: Incineroar|Intimidate|boost
|-unboost|p2a: Sinistcha|atk|1
|-unboost|p2b: Garchomp|atk|1
|turn|1
|inactive|the neckening has 30 seconds left.
|
|t:|1783038063
|switch|p2b: Incineroar|Incineroar, L50, M|100/100
|-ability|p2b: Incineroar|Intimidate|boost
|-fail|p1a: Metagross|unboost|[from] ability: Clear Body|[of] p1a: Metagross
|-unboost|p1b: Incineroar|atk|1
|detailschange|p1a: Metagross|Metagross-Mega, L50
|-mega|p1a: Metagross|Metagross|Metagrossite
|move|p2a: Sinistcha|Protect|p2a: Sinistcha
|-singleturn|p2a: Sinistcha|Protect
|move|p1a: Metagross|Ice Punch|p2b: Incineroar
|-resisted|p2b: Incineroar|1
|-damage|p2b: Incineroar|82/100
|move|p1b: Incineroar|Throat Chop|p2a: Sinistcha
|-activate|p2a: Sinistcha|move: Protect
|
|upkeep
|turn|2
|
|t:|1783038079
|move|p2b: Incineroar|Fake Out|p1b: Incineroar
|-damage|p1b: Incineroar|89/100
|move|p1a: Metagross|Stomping Tantrum|p2b: Incineroar
|-supereffective|p2b: Incineroar|1
|-damage|p2b: Incineroar|4/100
|-enditem|p2b: Incineroar|Sitrus Berry|[eat]
|-heal|p2b: Incineroar|29/100|[from] item: Sitrus Berry
|cant|p1b: Incineroar|flinch
|move|p2a: Sinistcha|Trick Room|p2a: Sinistcha
|-fieldstart|move: Trick Room|[of] p2a: Sinistcha
|
|upkeep
|turn|3
|
|t:|1783038101
|move|p1a: Metagross|Protect|p1a: Metagross
|-singleturn|p1a: Metagross|Protect
|move|p2a: Sinistcha|Rage Powder|p2a: Sinistcha
|-singleturn|p2a: Sinistcha|move: Rage Powder
|move|p1b: Incineroar|Parting Shot|p2a: Sinistcha
|-unboost|p2a: Sinistcha|atk|1
|-unboost|p2a: Sinistcha|spa|1
|
|t:|1783038107
|switch|p1b: Hydreigon|Hydreigon, L50, M|100/100|[from] Parting Shot
|move|p2b: Incineroar|Throat Chop|p1a: Metagross
|-activate|p1a: Metagross|move: Protect
|
|upkeep
|turn|4
|
|t:|1783038123
|switch|p2a: Floette|Floette-Eternal, L50, F|100/100
|move|p2b: Incineroar|Flare Blitz|p1a: Metagross
|-supereffective|p1a: Metagross|1
|-damage|p1a: Metagross|14/100
|-damage|p2b: Incineroar|5/100|[from] Recoil
|move|p1a: Metagross|Stomping Tantrum|p2b: Incineroar
|-supereffective|p2b: Incineroar|1
|-damage|p2b: Incineroar|0 fnt
|faint|p2b: Incineroar
|move|p1b: Hydreigon|Dark Pulse|p2a: Floette
|-resisted|p2a: Floette|1
|-damage|p2a: Floette|81/100
|
|upkeep
|
|t:|1783038133
|switch|p2b: Sinistcha|Sinistcha, L50|100/100
|-heal|p2a: Floette|100/100|[from] ability: Hospitality|[of] p2b: Sinistcha
|turn|5
|
|t:|1783038146
|switch|p1b: Incineroar|Incineroar, L50, F|89/100
|-ability|p1b: Incineroar|Intimidate|boost
|-unboost|p2a: Floette|atk|1
|-block|p2b: Sinistcha|ability: Flower Veil|[of] p2a: Floette
|detailschange|p2a: Floette|Floette-Mega, L50, F
|-mega|p2a: Floette|Floette|Floettite
|-ability|p2a: Floette|Fairy Aura
|move|p1a: Metagross|Protect|p1a: Metagross
|-singleturn|p1a: Metagross|Protect
|move|p2b: Sinistcha|Rage Powder|p2b: Sinistcha
|-singleturn|p2b: Sinistcha|move: Rage Powder
|move|p2a: Floette|Calm Mind|p2a: Floette
|-boost|p2a: Floette|spa|1
|-boost|p2a: Floette|spd|1
|
|upkeep
|turn|6
|
|t:|1783038167
|switch|p1a: Hydreigon|Hydreigon, L50, M|100/100
|move|p2a: Floette|Protect|p2a: Floette
|-singleturn|p2a: Floette|Protect
|move|p1b: Incineroar|Flare Blitz|p2b: Sinistcha
|-supereffective|p2b: Sinistcha|1
|-damage|p2b: Sinistcha|22/100
|-status|p2b: Sinistcha|brn
|-damage|p1b: Incineroar|66/100|[from] Recoil
|move|p2b: Sinistcha|Matcha Gotcha|p1a: Hydreigon|[spread] p1a,p1b
|-resisted|p1a: Hydreigon|1
|-resisted|p1b: Incineroar|1
|-damage|p1a: Hydreigon|85/100
|-heal|p2b: Sinistcha|29/100 brn|[from] drain|[of] p1a: Hydreigon
|-damage|p1b: Incineroar|57/100
|-heal|p2b: Sinistcha|34/100 brn|[from] drain|[of] p1b: Incineroar
|
|-damage|p2b: Sinistcha|28/100 brn|[from] brn
|-fieldend|move: Trick Room
|upkeep
|turn|7
|
|t:|1783038185
|switch|p2b: Garchomp|Garchomp, L50, M|100/100
|move|p1a: Hydreigon|Snarl|p2b: Garchomp|[spread] p2a,p2b
|-resisted|p2a: Floette|1
|-damage|p2a: Floette|94/100
|-damage|p2b: Garchomp|75/100
|-unboost|p2a: Floette|spa|1
|-unboost|p2b: Garchomp|spa|1
|move|p2a: Floette|Dazzling Gleam|p1a: Hydreigon|[spread] p1a,p1b
|-supereffective|p1a: Hydreigon|2
|-damage|p1a: Hydreigon|0 fnt
|-damage|p1b: Incineroar|17/100
|faint|p1a: Hydreigon
|move|p1b: Incineroar|Parting Shot|p2a: Floette
|-unboost|p2a: Floette|atk|1
|-unboost|p2a: Floette|spa|1
|
|t:|1783038195
|switch|p1b: Metagross|Metagross-Mega, L50|14/100|[from] Parting Shot
|
|upkeep
|
|t:|1783038197
|switch|p1a: Incineroar|Incineroar, L50, F|17/100
|-ability|p1a: Incineroar|Intimidate|boost
|-unboost|p2a: Floette|atk|1
|-unboost|p2b: Garchomp|atk|1
|turn|8
|
|t:|1783038208
|move|p2b: Garchomp|Protect|p2b: Garchomp
|-singleturn|p2b: Garchomp|Protect
|move|p1b: Metagross|Iron Head|p2a: Floette
|-supereffective|p2a: Floette|1
|-damage|p2a: Floette|0 fnt
|faint|p2a: Floette
|move|p1a: Incineroar|Throat Chop|p2b: Garchomp
|-activate|p2b: Garchomp|move: Protect
|
|upkeep
|
|t:|1783038214
|switch|p2a: Sinistcha|Sinistcha, L50|28/100 brn
|-heal|p2b: Garchomp|100/100|[from] ability: Hospitality|[of] p2a: Sinistcha
|turn|9
|
|t:|1783038227
|move|p1b: Metagross|Protect|p1b: Metagross
|-singleturn|p1b: Metagross|Protect
|move|p2a: Sinistcha|Protect|p2a: Sinistcha
|-singleturn|p2a: Sinistcha|Protect
|move|p2b: Garchomp|Stomping Tantrum|p1a: Incineroar
|-supereffective|p1a: Incineroar|1
|-damage|p1a: Incineroar|0 fnt
|faint|p1a: Incineroar
|-damage|p2b: Garchomp|90/100|[from] item: Life Orb
|
|-damage|p2a: Sinistcha|22/100 brn|[from] brn
|upkeep
|
|t:|1783038230
|switch|p1a: Mamoswine|Mamoswine, L50, F|100/100
|turn|10
|
|t:|1783038241
|move|p1a: Mamoswine|Ice Shard|p2a: Sinistcha
|-supereffective|p2a: Sinistcha|1
|-damage|p2a: Sinistcha|0 fnt
|faint|p2a: Sinistcha
|move|p2b: Garchomp|Stomping Tantrum|p1b: Metagross
|-supereffective|p1b: Metagross|1
|-damage|p1b: Metagross|0 fnt
|faint|p1b: Metagross
|-damage|p2b: Garchomp|80/100|[from] item: Life Orb
|
|upkeep
|turn|11
|
|t:|1783038248
|move|p1a: Mamoswine|Ice Shard|p2b: Garchomp
|-supereffective|p2b: Garchomp|2
|-damage|p2b: Garchomp|0 fnt
|faint|p2b: Garchomp
|
|win|the neckening
|raw|the neckening's rating: 1043 → 1079(+36 for winning)
|raw|eklyst's rating: 1070 → 1048(-22 for losing)
|l|☆eklyst
|player|p2|
