|j|☆entei enthusiast
|j|☆thegreatestnone
|html|entei enthusiastthegreatestnone    
|uhtml|bestof|Game 3 of a best-of-3
|t:|1783909982
|gametype|doubles
|player|p1|entei enthusiast|kamado-armor|1207
|player|p2|thegreatestnone|1|1265
|gen|9
|tier|[Gen 9 Champions] VGC 2026 Reg M-B (Bo3)
|rated|
|rule|Species Clause: Limit one of each Pokémon
|rule|Item Clause: Limit 1 of each item
|clearpoke
|poke|p1|Floette-Eternal, L50, F|
|poke|p1|Palafin, L50, F, shiny|
|poke|p1|Kingambit, L50, F|
|poke|p1|Sneasler, L50, F|
|poke|p1|Incineroar, L50, F|
|poke|p1|Aerodactyl, L50, F|
|poke|p2|Grimmsnarl, L50, M|
|poke|p2|Toxapex, L50, M|
|poke|p2|Dragonite, L50, F|
|poke|p2|Garchomp, L50, F|
|poke|p2|Sinistcha, L50|
|poke|p2|Scovillain, L50, F|
|teampreview|4
|showteam|p1|Floette-Eternal||Floettite|FlowerVeil|DazzlingGleam,DrainingKiss,CalmMind,Protect|Modest||F|||50|]Palafin||Leftovers|ZerotoHero|WaveCrash,JetPunch,BulkUp,Protect|Adamant||F|||50|]Kingambit||BlackGlasses|Defiant|KowtowCleave,SuckerPunch,SwordsDance,Protect|Adamant||F|||50|]Sneasler||FocusSash|Unburden|CloseCombat,DireClaw,FakeOut,Coaching|Jolly||F|||50|]Incineroar||SitrusBerry|Intimidate|FlareBlitz,FakeOut,DarkestLariat,PartingShot|Careful||F|||50|]Aerodactyl||Aerodactylite|Unnerve|RockSlide,DualWingbeat,IceFang,Protect|Jolly||F|||50|
|showteam|p2|Grimmsnarl||LightClay|Prankster|Taunt,Reflect,PartingShot,LightScreen|Sassy||M|||50|]Toxapex||Leftovers|Regenerator|BanefulBunker,Infestation,Toxic,Recover|Relaxed||M|||50|]Dragonite||Dragoninite|Multiscale|ThunderPunch,BreakingSwipe,RockSlide,DragonDance|Adamant||F|||50|]Garchomp||SitrusBerry|RoughSkin|Protect,RockSlide,StompingTantrum,SwordsDance|Impish||F|||50|]Sinistcha||OccaBerry|Hospitality|Protect,MatchaGotcha,ShadowBall,GrassyTerrain|Bold|||||50|]Scovillain||Scovillainite|Chlorophyll|LeechSeed,RagePowder,Protect,Flamethrower|Calm||F|||50|
|inactive|Battle timer is ON: inactive players will automatically lose when time's up. (requested by entei enthusiast)
|
|t:|1783910011
|teamsize|p1|4
|teamsize|p2|4
|start
|switch|p1a: Floette|Floette-Eternal, L50, F|100/100
|switch|p1b: Incineroar|Incineroar, L50, F|100/100
|switch|p2a: Grimmsnarl|Grimmsnarl, L50, M|100/100
|switch|p2b: Scovillain|Scovillain, L50, F|100/100
|-ability|p1b: Incineroar|Intimidate|boost
|-unboost|p2a: Grimmsnarl|atk|1
|-unboost|p2b: Scovillain|atk|1
|turn|1
|
|t:|1783910027
|switch|p2a: Toxapex|Toxapex, L50, M|100/100
|detailschange|p1a: Floette|Floette-Mega, L50, F
|-mega|p1a: Floette|Floette|Floettite
|-ability|p1a: Floette|Fairy Aura
|detailschange|p2b: Scovillain|Scovillain-Mega, L50, F
|-mega|p2b: Scovillain|Scovillain|Scovillainite
|move|p1b: Incineroar|Fake Out|p2b: Scovillain
|-damage|p2b: Scovillain|89/100
|-immune|p1b: Incineroar
|move|p1a: Floette|Calm Mind|p1a: Floette
|-boost|p1a: Floette|spa|1
|-boost|p1a: Floette|spd|1
|cant|p2b: Scovillain|flinch
|
|upkeep
|turn|2
|inactive|entei enthusiast has 30 seconds left.
|
|t:|1783910058
|move|p1a: Floette|Protect|p1a: Floette
|-singleturn|p1a: Floette|Protect
|move|p1b: Incineroar|Parting Shot|p2a: Toxapex
|-unboost|p2a: Toxapex|atk|1
|-unboost|p2a: Toxapex|spa|1
|
|t:|1783910063
|switch|p1b: Kingambit|Kingambit, L50, F|100/100|[from] Parting Shot
|move|p2b: Scovillain|Leech Seed|p1b: Kingambit
|-start|p1b: Kingambit|move: Leech Seed
|move|p2a: Toxapex|Toxic|p1a: Floette
|-activate|p1a: Floette|move: Protect
|
|-damage|p1b: Kingambit|87/100|[from] Leech Seed|[of] p2b: Scovillain
|-heal|p2b: Scovillain|100/100|[silent]
|upkeep
|turn|3
|
|t:|1783910080
|switch|p1b: Incineroar|Incineroar, L50, F|100/100
|-ability|p1b: Incineroar|Intimidate|boost
|-unboost|p2a: Toxapex|atk|1
|-unboost|p2b: Scovillain|atk|1
|move|p1a: Floette|Calm Mind|p1a: Floette
|-boost|p1a: Floette|spa|1
|-boost|p1a: Floette|spd|1
|move|p2b: Scovillain|Flamethrower|p1b: Incineroar
|-resisted|p1b: Incineroar|1
|-damage|p1b: Incineroar|82/100
|move|p2a: Toxapex|Infestation|p1a: Floette
|-resisted|p1a: Floette|1
|-damage|p1a: Floette|99/100
|-activate|p1a: Floette|move: Infestation|[of] p2a: Toxapex
|
|-damage|p1a: Floette|87/100|[from] move: Infestation|[partiallytrapped]
|upkeep
|turn|4
|
|t:|1783910093
|move|p1b: Incineroar|Fake Out|p2a: Toxapex
|-damage|p2a: Toxapex|92/100
|move|p1a: Floette|Dazzling Gleam|p2b: Scovillain|[spread] p2a,p2b
|-resisted|p2a: Toxapex|1
|-resisted|p2b: Scovillain|1
|-damage|p2a: Toxapex|62/100
|-damage|p2b: Scovillain|61/100
|-status|p1a: Floette|brn|[from] ability: Spicy Spray|[of] p2b: Scovillain
|move|p2b: Scovillain|Leech Seed|p1b: Incineroar
|-start|p1b: Incineroar|move: Leech Seed
|cant|p2a: Toxapex|flinch
|
|-heal|p2a: Toxapex|68/100|[from] item: Leftovers
|-damage|p1b: Incineroar|70/100|[from] Leech Seed|[of] p2b: Scovillain
|-heal|p2b: Scovillain|76/100|[silent]
|-damage|p1a: Floette|80/100 brn|[from] brn
|-damage|p1a: Floette|68/100 brn|[from] move: Infestation|[partiallytrapped]
|upkeep
|turn|5
|
|t:|1783910117
|switch|p2b: Grimmsnarl|Grimmsnarl, L50, M|100/100
|move|p1a: Floette|Dazzling Gleam|p2a: Toxapex|[spread] p2a,p2b
|-resisted|p2a: Toxapex|1
|-supereffective|p2b: Grimmsnarl|1
|-damage|p2a: Toxapex|33/100
|-damage|p2b: Grimmsnarl|0 fnt
|faint|p2b: Grimmsnarl
|move|p1b: Incineroar|Flare Blitz|p2a: Toxapex
|-resisted|p2a: Toxapex|1
|-damage|p2a: Toxapex|18/100
|-damage|p1b: Incineroar|66/100|[from] Recoil
|move|p2a: Toxapex|Recover|p2a: Toxapex
|-heal|p2a: Toxapex|68/100
|
|-heal|p2a: Toxapex|74/100|[from] item: Leftovers
|-damage|p1a: Floette|62/100 brn|[from] brn
|-damage|p1a: Floette|49/100 brn|[from] move: Infestation|[partiallytrapped]
|upkeep
|
|t:|1783910124
|switch|p2b: Scovillain|Scovillain-Mega, L50, F|76/100
|turn|6
|
|t:|1783910144
|move|p1a: Floette|Draining Kiss|p2b: Scovillain
|-resisted|p2b: Scovillain|1
|-damage|p2b: Scovillain|41/100
|-heal|p1a: Floette|74/100 brn|[from] drain|[of] p2b: Scovillain
|move|p1b: Incineroar|Flare Blitz|p2b: Scovillain
|-crit|p2b: Scovillain
|-damage|p2b: Scovillain|0 fnt
|-immune|p1b: Incineroar
|faint|p2b: Scovillain
|-damage|p1b: Incineroar|54/100|[from] Recoil
|move|p2a: Toxapex|Infestation|p1b: Incineroar
|-damage|p1b: Incineroar|52/100
|-activate|p1b: Incineroar|move: Infestation|[of] p2a: Toxapex
|
|-heal|p2a: Toxapex|80/100|[from] item: Leftovers
|-damage|p1a: Floette|68/100 brn|[from] brn
|-damage|p1a: Floette|55/100 brn|[from] move: Infestation|[partiallytrapped]
|-damage|p1b: Incineroar|39/100|[from] move: Infestation|[partiallytrapped]
|upkeep
|-enditem|p1b: Incineroar|Sitrus Berry|[eat]
|-heal|p1b: Incineroar|64/100|[from] item: Sitrus Berry
|
|t:|1783910162
|switch|p2b: Garchomp|Garchomp, L50, F|100/100
|turn|7
|
|t:|1783910177
|move|p1a: Floette|Protect|p1a: Floette
|-singleturn|p1a: Floette|Protect
|move|p2b: Garchomp|Stomping Tantrum|p1a: Floette
|-activate|p1a: Floette|move: Protect
|move|p1b: Incineroar|Parting Shot|p2a: Toxapex
|-unboost|p2a: Toxapex|atk|1
|-unboost|p2a: Toxapex|spa|1
|
|t:|1783910186
|switch|p1b: Aerodactyl|Aerodactyl, L50, F|100/100|[from] Parting Shot
|-ability|p1b: Aerodactyl|Unnerve
|move|p2a: Toxapex|Toxic|p1b: Aerodactyl
|-status|p1b: Aerodactyl|tox
|
|-heal|p2a: Toxapex|85/100|[from] item: Leftovers
|-damage|p1b: Aerodactyl|94/100 tox|[from] psn
|-damage|p1a: Floette|49/100 brn|[from] brn
|-damage|p1a: Floette|37/100 brn|[from] move: Infestation|[partiallytrapped]
|upkeep
|turn|8
|
|t:|1783910197
|move|p1b: Aerodactyl|Rock Slide|p2b: Garchomp|[spread] p2b
|-miss|p1b: Aerodactyl|p2a: Toxapex
|-resisted|p2b: Garchomp|1
|-damage|p2b: Garchomp|91/100
|move|p1a: Floette|Draining Kiss|p2b: Garchomp
|-supereffective|p2b: Garchomp|1
|-damage|p2b: Garchomp|0 fnt
|-heal|p1a: Floette|100/100 brn|[from] drain|[of] p2b: Garchomp
|-damage|p1a: Floette|87/100 brn|[from] ability: Rough Skin|[of] p2b: Garchomp
|faint|p2b: Garchomp
|move|p2a: Toxapex|Infestation|p1b: Aerodactyl
|-resisted|p1b: Aerodactyl|1
|-damage|p1b: Aerodactyl|92/100 tox
|-activate|p1b: Aerodactyl|move: Infestation|[of] p2a: Toxapex
|
|-heal|p2a: Toxapex|91/100|[from] item: Leftovers
|-damage|p1b: Aerodactyl|81/100 tox|[from] psn
|-damage|p1a: Floette|81/100 brn|[from] brn
|-damage|p1b: Aerodactyl|69/100 tox|[from] move: Infestation|[partiallytrapped]
|-end|p1a: Floette|Infestation|[partiallytrapped]
|upkeep
|turn|9
|
|t:|1783910218
|move|p1a: Floette|Protect|p1a: Floette
|-singleturn|p1a: Floette|Protect
|move|p1b: Aerodactyl|Rock Slide|p2a: Toxapex
|-damage|p2a: Toxapex|68/100
|move|p2a: Toxapex|Infestation|p1a: Floette
|-activate|p1a: Floette|move: Protect
|
|-heal|p2a: Toxapex|73/100|[from] item: Leftovers
|-damage|p1b: Aerodactyl|52/100 tox|[from] psn
|-damage|p1a: Floette|75/100 brn|[from] brn
|-damage|p1b: Aerodactyl|40/100 tox|[from] move: Infestation|[partiallytrapped]
|upkeep
|turn|10
|
|t:|1783910225
|move|p1b: Aerodactyl|Rock Slide|p2a: Toxapex
|-damage|p2a: Toxapex|52/100
|move|p1a: Floette|Dazzling Gleam|p2a: Toxapex
|-resisted|p2a: Toxapex|1
|-damage|p2a: Toxapex|4/100
|move|p2a: Toxapex|Recover|p2a: Toxapex
|-heal|p2a: Toxapex|54/100
|
|-heal|p2a: Toxapex|60/100|[from] item: Leftovers
|-damage|p1b: Aerodactyl|17/100 tox|[from] psn
|-damage|p1a: Floette|68/100 brn|[from] brn
|-damage|p1b: Aerodactyl|5/100 tox|[from] move: Infestation|[partiallytrapped]
|upkeep
|turn|11
|
|t:|1783910235
|move|p1b: Aerodactyl|Rock Slide|p2a: Toxapex
|-damage|p2a: Toxapex|36/100
|move|p1a: Floette|Draining Kiss|p2a: Toxapex
|-resisted|p2a: Toxapex|1
|-damage|p2a: Toxapex|10/100
|-heal|p1a: Floette|86/100 brn|[from] drain|[of] p2a: Toxapex
|move|p2a: Toxapex|Recover|p2a: Toxapex
|-heal|p2a: Toxapex|61/100
|
|-heal|p2a: Toxapex|66/100|[from] item: Leftovers
|-damage|p1b: Aerodactyl|0 fnt|[from] psn
|faint|p1b: Aerodactyl
|-damage|p1a: Floette|80/100 brn|[from] brn
|upkeep
|
|t:|1783910242
|switch|p1b: Kingambit|Kingambit, L50, F|87/100
|turn|12
|
|t:|1783910246
|move|p1a: Floette|Draining Kiss|p2a: Toxapex
|-resisted|p2a: Toxapex|1
|-damage|p2a: Toxapex|37/100
|-heal|p1a: Floette|100/100 brn|[from] drain|[of] p2a: Toxapex
|move|p1b: Kingambit|Swords Dance|p1b: Kingambit
|-boost|p1b: Kingambit|atk|2
|move|p2a: Toxapex|Infestation|p1b: Kingambit
|-damage|p1b: Kingambit|85/100
|-activate|p1b: Kingambit|move: Infestation|[of] p2a: Toxapex
|
|-heal|p2a: Toxapex|43/100|[from] item: Leftovers
|-damage|p1a: Floette|93/100 brn|[from] brn
|-damage|p1b: Kingambit|73/100|[from] move: Infestation|[partiallytrapped]
|upkeep
|turn|13
|
|t:|1783910252
|move|p2a: Toxapex|Baneful Bunker|p2a: Toxapex
|-singleturn|p2a: Toxapex|move: Protect
|move|p1a: Floette|Draining Kiss|p2a: Toxapex
|-activate|p2a: Toxapex|move: Protect
|move|p1b: Kingambit|Swords Dance|p1b: Kingambit
|-boost|p1b: Kingambit|atk|2
|
|-heal|p2a: Toxapex|49/100|[from] item: Leftovers
|-damage|p1a: Floette|87/100 brn|[from] brn
|-damage|p1b: Kingambit|60/100|[from] move: Infestation|[partiallytrapped]
|upkeep
|turn|14
|
|t:|1783910261
|move|p2a: Toxapex|Baneful Bunker||[still]
|-fail|p2a: Toxapex
|move|p1a: Floette|Dazzling Gleam|p2a: Toxapex
|-resisted|p2a: Toxapex|1
|-damage|p2a: Toxapex|3/100
|move|p1b: Kingambit|Kowtow Cleave|p2a: Toxapex
|-damage|p2a: Toxapex|0 fnt
|faint|p2a: Toxapex
|
|win|entei enthusiast
|raw|entei enthusiast's rating: 1207 → 1236(+29 for winning)
|raw|thegreatestnone's rating: 1265 → 1236(-29 for losing)
|l|☆thegreatestnone
|player|p2|
