|j|☆Giraldo567
|j|☆worldenddominat0r
|html|Giraldo567worldenddominat0r    
|uhtml|bestof|Game 2 of a best-of-3
|t:|1782256383
|gametype|doubles
|player|p1|Giraldo567|2|1153
|player|p2|worldenddominat0r|maid-gen6|1156
|gen|9
|tier|[Gen 9 Champions] VGC 2026 Reg M-B (Bo3)
|rated|
|rule|Species Clause: Limit one of each Pokémon
|rule|Item Clause: Limit 1 of each item
|clearpoke
|poke|p1|Charizard, L50, M|
|poke|p1|Milotic, L50, F|
|poke|p1|Incineroar, L50, M|
|poke|p1|Sneasler, L50, M|
|poke|p1|Basculegion, L50, M|
|poke|p1|Sinistcha-Masterpiece, L50|
|poke|p2|Staraptor, L50, F|
|poke|p2|Maushold-Four, L50|
|poke|p2|Ninetales-Alola, L50, M|
|poke|p2|Delphox, L50, M|
|poke|p2|Basculegion, L50, M|
|poke|p2|Kingambit, L50, F|
|teampreview|4
|showteam|p1|Charizard||CharizarditeY|Blaze|Protect,HeatWave,WeatherBall,SolarBeam|Modest||M|||50|]Milotic||Leftovers|Competitive|Coil,Hypnosis,Protect,MuddyWater|Calm||F|||50|]Incineroar||ChopleBerry|Intimidate|FakeOut,DarkestLariat,FlareBlitz,PartingShot|Adamant||M|||50|]Sneasler||FocusSash|PoisonTouch|FakeOut,DireClaw,CloseCombat,Protect|Adamant||M|||50|]Basculegion||ChoiceScarf|Adaptability|FlipTurn,WaveCrash,AquaJet,LastRespects|Jolly||M|||50|]Sinistcha-Masterpiece||SitrusBerry|Hospitality|RagePowder,Protect,MatchaGotcha,LifeDew|Bold|||||50|
|showteam|p2|Staraptor||Staraptite|Intimidate|CloseCombat,BraveBird,Protect,Tailwind|Adamant||F|||50|]Maushold-Four||FocusSash|FriendGuard|SuperFang,Protect,FollowMe,Encore|Jolly|||||50|]Ninetales-Alola||NeverMeltIce|SnowWarning|Blizzard,FreezeDry,IcyWind,Protect|Timid||M|||50|]Delphox||Delphoxite|Blaze|HeatWave,Psyshock,Protect,Substitute|Timid||M|||50|]Basculegion||ChoiceScarf|Adaptability|WaveCrash,LastRespects,FlipTurn,AquaJet|Jolly||M|||50|]Kingambit||BlackGlasses|Defiant|KowtowCleave,SuckerPunch,IronHead,Protect|Adamant||F|||50|
|inactive|Battle timer is ON: inactive players will automatically lose when time's up. (requested by worldenddominat0r)
|
|t:|1782256407
|teamsize|p1|4
|teamsize|p2|4
|start
|switch|p1a: Sinistcha|Sinistcha-Masterpiece, L50|100/100
|switch|p1b: Milotic|Milotic, L50, F|100/100
|switch|p2a: Basculegion|Basculegion, L50, M|100/100
|switch|p2b: Delphox|Delphox, L50, M|100/100
|turn|1
|inactive|worldenddominat0r has 30 seconds left.
|inactive|worldenddominat0r has 20 seconds left.
|inactive|worldenddominat0r has 15 seconds left.
|
|t:|1782256449
|move|p2a: Basculegion|Flip Turn|p1b: Milotic
|-resisted|p1b: Milotic|1
|-damage|p1b: Milotic|82/100
|
|t:|1782256452
|switch|p2a: Maushold|Maushold-Four, L50|100/100|[from] Flip Turn
|move|p2b: Delphox|Heat Wave|p1b: Milotic|[spread] p1a,p1b
|-supereffective|p1a: Sinistcha|1
|-resisted|p1b: Milotic|1
|-damage|p1a: Sinistcha|13/100
|-damage|p1b: Milotic|72/100
|-enditem|p1a: Sinistcha|Sitrus Berry|[eat]
|-heal|p1a: Sinistcha|37/100|[from] item: Sitrus Berry
|move|p1b: Milotic|Muddy Water|p2b: Delphox|[spread] p2a,p2b
|-supereffective|p2b: Delphox|1
|-damage|p2a: Maushold|70/100
|-damage|p2b: Delphox|58/100
|-unboost|p2a: Maushold|accuracy|1
|move|p1a: Sinistcha|Life Dew|p1a: Sinistcha|[spread] p1a,p1b
|-heal|p1a: Sinistcha|63/100
|-heal|p1b: Milotic|97/100
|
|-heal|p1b: Milotic|100/100|[from] item: Leftovers
|upkeep
|turn|2
|inactive|worldenddominat0r has 30 seconds left.
|inactive|worldenddominat0r has 20 seconds left.
|inactive|worldenddominat0r has 15 seconds left.
|inactive|worldenddominat0r has 10 seconds left.
|
|t:|1782256502
|switch|p1a: Charizard|Charizard, L50, M|100/100
|move|p2b: Delphox|Protect|p2b: Delphox
|-singleturn|p2b: Delphox|Protect
|move|p2a: Maushold|Super Fang|p1b: Milotic
|-damage|p1b: Milotic|50/100y
|move|p1b: Milotic|Muddy Water|p2b: Delphox|[spread] p2a
|-activate|p2b: Delphox|move: Protect
|-damage|p2a: Maushold|38/100
|-unboost|p2a: Maushold|accuracy|1
|
|-heal|p1b: Milotic|55/100|[from] item: Leftovers
|upkeep
|turn|3
|inactive|worldenddominat0r has 30 seconds left.
|
|t:|1782256533
|detailschange|p1a: Charizard|Charizard-Mega-Y, L50, M
|-mega|p1a: Charizard|Charizard|Charizardite Y
|-weather|SunnyDay|[from] ability: Drought|[of] p1a: Charizard
|move|p2a: Maushold|Super Fang|p1a: Charizard
|-damage|p1a: Charizard|50/100g
|move|p2b: Delphox|Psyshock|p1a: Charizard
|-damage|p1a: Charizard|0 fnt
|faint|p1a: Charizard
|move|p1b: Milotic|Coil|p1b: Milotic
|-boost|p1b: Milotic|atk|1
|-boost|p1b: Milotic|def|1
|-boost|p1b: Milotic|accuracy|1
|
|-weather|SunnyDay|[upkeep]
|-heal|p1b: Milotic|61/100|[from] item: Leftovers
|upkeep
|
|t:|1782256546
|switch|p1a: Sneasler|Sneasler, L50, M|100/100
|turn|4
|
|t:|1782256564
|move|p1a: Sneasler|Fake Out|p2a: Maushold
|-damage|p2a: Maushold|17/100
|cant|p2a: Maushold|flinch
|move|p2b: Delphox|Psyshock|p1a: Sneasler
|-supereffective|p1a: Sneasler|2
|-enditem|p1a: Sneasler|Focus Sash
|-damage|p1a: Sneasler|1/100
|move|p1b: Milotic|Hypnosis|p2b: Delphox|[miss]
|-miss|p1b: Milotic|p2b: Delphox
|
|-weather|SunnyDay|[upkeep]
|-heal|p1b: Milotic|67/100|[from] item: Leftovers
|upkeep
|turn|5
|
|t:|1782256578
|move|p2a: Maushold|Encore|p1b: Milotic
|-start|p1b: Milotic|Encore
|move|p1a: Sneasler|Dire Claw|p2b: Delphox
|-damage|p2b: Delphox|6/100
|move|p2b: Delphox|Psyshock|p1a: Sneasler
|-supereffective|p1a: Sneasler|2
|-damage|p1a: Sneasler|0 fnt
|faint|p1a: Sneasler
|move|p1b: Milotic|Hypnosis|p2a: Maushold|[miss]
|-miss|p1b: Milotic|p2a: Maushold
|
|-weather|SunnyDay|[upkeep]
|-heal|p1b: Milotic|73/100|[from] item: Leftovers
|upkeep
|
|t:|1782256585
|switch|p1a: Sinistcha|Sinistcha-Masterpiece, L50|63/100
|-heal|p1b: Milotic|98/100|[from] ability: Hospitality|[of] p1a: Sinistcha
|turn|6
|
|t:|1782256591
|move|p1a: Sinistcha|Protect|p1a: Sinistcha
|-singleturn|p1a: Sinistcha|Protect
|move|p2a: Maushold|Super Fang|p1b: Milotic
|-damage|p1b: Milotic|49/100
|move|p2b: Delphox|Heat Wave|p1a: Sinistcha|[spread] p1b
|-activate|p1a: Sinistcha|move: Protect
|-resisted|p1b: Milotic|1
|-damage|p1b: Milotic|25/100
|move|p1b: Milotic|Hypnosis|p2a: Maushold
|-status|p2a: Maushold|slp|[from] move: Hypnosis
|
|-weather|SunnyDay|[upkeep]
|-heal|p1b: Milotic|31/100|[from] item: Leftovers
|upkeep
|turn|7
|
|t:|1782256605
|detailschange|p2b: Delphox|Delphox-Mega, L50, M
|-mega|p2b: Delphox|Delphox|Delphoxite
|cant|p2a: Maushold|slp
|move|p2b: Delphox|Heat Wave|p1b: Milotic|[spread] p1a
|-miss|p2b: Delphox|p1b: Milotic
|-supereffective|p1a: Sinistcha|1
|-damage|p1a: Sinistcha|0 fnt
|faint|p1a: Sinistcha
|move|p1b: Milotic|Hypnosis|p2b: Delphox
|-status|p2b: Delphox|slp|[from] move: Hypnosis
|
|-weather|none
|-heal|p1b: Milotic|37/100|[from] item: Leftovers
|-end|p1b: Milotic|Encore
|upkeep
|turn|8
|
|t:|1782256618
|cant|p2a: Maushold|slp
|cant|p2b: Delphox|slp
|move|p1b: Milotic|Muddy Water|p2b: Delphox|[spread] p2a,p2b
|-supereffective|p2b: Delphox|1
|-damage|p2a: Maushold|0 fnt
|-damage|p2b: Delphox|0 fnt
|faint|p2a: Maushold
|faint|p2b: Delphox
|
|-heal|p1b: Milotic|43/100|[from] item: Leftovers
|upkeep
|
|t:|1782256623
|switch|p2b: Staraptor|Staraptor, L50, F|100/100
|switch|p2a: Basculegion|Basculegion, L50, M|100/100
|-ability|p2b: Staraptor|Intimidate|boost
|-unboost|p1b: Milotic|atk|1
|-ability|p1b: Milotic|Competitive|boost
|-boost|p1b: Milotic|spa|2
|turn|9
|-message|Giraldo567 forfeited.
|raw|Giraldo567's rating: 1153 → 1128(-25 for losing)
|raw|worldenddominat0r's rating: 1156 → 1181(+25 for winning)
|
|win|worldenddominat0r
|l|☆Giraldo567
|player|p1|
