|j|☆laufey#1fan
|j|☆MrTedno
|html|laufey#1fanMrTedno    
|uhtml|bestof|Game 2 of a best-of-3
|t:|1756420299
|gametype|doubles
|player|p1|laufey#1fan|lady|1268
|player|p2|MrTedno|barry|1206
|gen|9
|tier|[Gen 9] VGC 2025 Reg H (Bo3)
|rated|
|rule|Species Clause: Limit one of each Pokémon
|rule|Item Clause: Limit 1 of each item
|clearpoke
|poke|p1|Garchomp, L50, F|
|poke|p1|Dragonite, L50, M|
|poke|p1|Ninetales-Alola, L50, F|
|poke|p1|Amoonguss, L50, M|
|poke|p1|Kingambit, L50, M|
|poke|p1|Incineroar, L50, F|
|poke|p2|Dondozo, L50, M|
|poke|p2|Tatsugiri, L50, F|
|poke|p2|Politoed, L50, M|
|poke|p2|Archaludon, L50, M|
|poke|p2|Amoonguss, L50, F|
|poke|p2|Overqwil, L50, M|
|teampreview|4
|showteam|p1|Garchomp||LifeOrb|RoughSkin|StompingTantrum,Protect,DragonClaw,Earthquake|||F|||50|,,,,,Fire]Dragonite||LoadedDice|Multiscale|ScaleShot,Haze,IceSpinner,Protect|||M|||50|,,,,,Fairy]Ninetales-Alola||FocusSash|SnowWarning|FreezeDry,Encore,Protect,Blizzard|||F|||50|,,,,,Ghost]Amoonguss||SitrusBerry|Regenerator|PollenPuff,Protect,RagePowder,Spore|||M|||50|,,,,,Psychic]Kingambit||AssaultVest|Defiant|KowtowCleave,LowKick,IronHead,SuckerPunch|||M|||50|,,,,,Flying]Incineroar||SafetyGoggles|Intimidate|FakeOut,FlareBlitz,PartingShot,KnockOff|||F|||50|,,,,,Bug
|showteam|p2|Dondozo||LifeOrb|Unaware|Surf,Protect,SleepTalk|||M|||50|,,,,,Water]Tatsugiri||FocusSash|Commander|DracoMeteor,Protect,MuddyWater,Taunt|||F|||50|,,,,,Stellar]Politoed||SitrusBerry|Drizzle|WeatherBall,IceBeam,Haze,Protect|||M|||50|,,,,,Steel]Archaludon||AssaultVest|Stamina|BodyPress,ElectroShot,DragonPulse,FlashCannon|||M|||50|,,,,,Grass]Amoonguss||RockyHelmet|Regenerator|Spore,RagePowder,PollenPuff,Protect|||F|||50|,,,,,Fairy]Overqwil||ChoiceBand|SwiftSwim|PoisonJab,ThroatChop,Liquidation,PinMissile|||M|||50|,,,,,Ghost
|inactive|Battle timer is ON: inactive players will automatically lose when time's up. (requested by laufey#1fan)
|inactive|MrTedno has 60 seconds left.
|
|t:|1756420342
|teamsize|p1|4
|teamsize|p2|4
|start
|switch|p1a: Tostada|Incineroar, L50, F|100/100
|switch|p1b: Maracas|Amoonguss, L50, M|100/100
|switch|p2a: Barnacles|Archaludon, L50, M|100/100
|switch|p2b: Peso|Tatsugiri, L50, F|100/100
|-ability|p1a: Tostada|Intimidate|boost
|-unboost|p2a: Barnacles|atk|1
|-unboost|p2b: Peso|atk|1
|turn|1
|
|t:|1756420362
|switch|p2a: Turnip|Amoonguss, L50, F|100/100
|move|p2b: Peso|Protect|p2b: Peso
|-singleturn|p2b: Peso|Protect
|move|p1a: Tostada|Fake Out|p2b: Peso
|-activate|p2b: Peso|move: Protect
|move|p1b: Maracas|Spore|p2a: Turnip
|-immune|p2a: Turnip
|
|upkeep
|turn|2
|
|t:|1756420380
|switch|p2a: Tweak|Politoed, L50, M|100/100
|-weather|RainDance|[from] ability: Drizzle|[of] p2a: Tweak
|move|p2b: Peso|Taunt|p1b: Maracas
|-start|p1b: Maracas|move: Taunt
|move|p1a: Tostada|Knock Off|p2b: Peso
|-damage|p2b: Peso|16/100
|-enditem|p2b: Peso|Focus Sash|[from] move: Knock Off|[of] p1a: Tostada
|cant|p1b: Maracas|move: Taunt|Spore
|
|-weather|RainDance|[upkeep]
|upkeep
|turn|3
|inactive|MrTedno has 30 seconds left.
|inactive|MrTedno has 20 seconds left.
|
|t:|1756420418
|switch|p2b: Barnacles|Archaludon, L50, M|100/100
|switch|p1a: JOYBOY|Dragonite, L50, M|100/100
|move|p2a: Tweak|Weather Ball|p1a: JOYBOY
|-resisted|p1a: JOYBOY
|-damage|p1a: JOYBOY|88/100
|move|p1b: Maracas|Pollen Puff|p1a: JOYBOY
|-heal|p1a: JOYBOY|100/100
|
|-weather|RainDance|[upkeep]
|upkeep
|turn|4
|inactive|laufey#1fan has 30 seconds left.
|inactive|MrTedno has 30 seconds left.
|
|t:|1756420446
|move|p2a: Tweak|Protect|p2a: Tweak
|-singleturn|p2a: Tweak|Protect
|move|p1a: JOYBOY|Scale Shot|p2a: Tweak
|-activate|p2a: Tweak|move: Protect
|move|p2b: Barnacles|Electro Shot||[still]
|-prepare|p2b: Barnacles|Electro Shot
|-boost|p2b: Barnacles|spa|1
|-anim|p2b: Barnacles|Electro Shot|p1b: Maracas
|-resisted|p1b: Maracas
|-damage|p1b: Maracas|76/100
|move|p1b: Maracas|Pollen Puff|p1a: JOYBOY
|
|-weather|RainDance|[upkeep]
|-end|p1b: Maracas|move: Taunt
|upkeep
|turn|5
|inactive|MrTedno has 30 seconds left.
|inactive|MrTedno has 20 seconds left.
|inactive|MrTedno has 15 seconds left.
|inactive|MrTedno has 10 seconds left.
|inactive|MrTedno has 5 seconds left.
|
|t:|1756420499
|-terastallize|p2b: Barnacles|Grass
|move|p1a: JOYBOY|Scale Shot|p2a: Tweak
|-damage|p2a: Tweak|81/100
|-damage|p2a: Tweak|63/100
|-damage|p2a: Tweak|46/100
|-enditem|p2a: Tweak|Sitrus Berry|[eat]
|-heal|p2a: Tweak|71/100|[from] item: Sitrus Berry
|-damage|p2a: Tweak|52/100
|-hitcount|p2a: Tweak|4
|-unboost|p1a: JOYBOY|def|1
|-boost|p1a: JOYBOY|spe|1
|move|p2b: Barnacles|Dragon Pulse|p1a: JOYBOY
|-supereffective|p1a: JOYBOY
|-damage|p1a: JOYBOY|38/100
|move|p2a: Tweak|Ice Beam|p1a: JOYBOY
|-supereffective|p1a: JOYBOY
|-crit|p1a: JOYBOY
|-damage|p1a: JOYBOY|0 fnt
|faint|p1a: JOYBOY
|move|p1b: Maracas|Spore|p2b: Barnacles
|-immune|p2b: Barnacles
|
|-weather|RainDance|[upkeep]
|upkeep
|
|t:|1756420518
|switch|p1a: Laufey|Ninetales-Alola, L50, F, shiny|100/100
|-weather|Snowscape|[from] ability: Snow Warning|[of] p1a: Laufey
|turn|6
|inactive|MrTedno has 30 seconds left.
|
|t:|1756420550
|move|p1a: Laufey|Encore|p2b: Barnacles
|-start|p2b: Barnacles|Encore
|move|p2b: Barnacles|Dragon Pulse|p1a: Laufey
|-immune|p1a: Laufey
|move|p2a: Tweak|Weather Ball|p1a: Laufey
|-resisted|p1a: Laufey
|-damage|p1a: Laufey|87/100
|move|p1b: Maracas|Spore|p2a: Tweak
|-status|p2a: Tweak|slp|[from] move: Spore
|
|-weather|Snowscape|[upkeep]
|upkeep
|turn|7
|
|t:|1756420573
|switch|p2a: Peso|Tatsugiri, L50, F|16/100
|move|p1a: Laufey|Blizzard|p2a: Peso|[spread] p2a,p2b
|-supereffective|p2b: Barnacles
|-damage|p2a: Peso|0 fnt
|-damage|p2b: Barnacles|56/100
|-ability|p2b: Barnacles|Stamina|boost
|-boost|p2b: Barnacles|def|1
|faint|p2a: Peso
|move|p2b: Barnacles|Dragon Pulse|p1b: Maracas
|-damage|p1b: Maracas|24/100
|-enditem|p1b: Maracas|Sitrus Berry|[eat]
|-heal|p1b: Maracas|48/100|[from] item: Sitrus Berry
|move|p1b: Maracas|Pollen Puff|p1a: Laufey
|-heal|p1a: Laufey|100/100
|
|-weather|Snowscape|[upkeep]
|upkeep
|
|t:|1756420588
|switch|p2a: Turnip|Amoonguss, L50, F|100/100
|turn|8
|inactive|laufey#1fan has 30 seconds left.
|
|t:|1756420618
|switch|p1b: Tostada|Incineroar, L50, F|100/100
|-ability|p1b: Tostada|Intimidate|boost
|-unboost|p2a: Turnip|atk|1
|-unboost|p2b: Barnacles|atk|1
|move|p1a: Laufey|Protect|p1a: Laufey
|-singleturn|p1a: Laufey|Protect
|move|p2b: Barnacles|Dragon Pulse|p1b: Tostada
|-damage|p1b: Tostada|50/100
|move|p2a: Turnip|Pollen Puff|p2b: Barnacles
|-heal|p2b: Barnacles|100/100
|
|-weather|Snowscape|[upkeep]
|-end|p2b: Barnacles|Encore
|upkeep
|turn|9
|inactive|MrTedno has 30 seconds left.
|
|t:|1756420643
|switch|p2a: Tweak|Politoed, L50, M|52/100 slp
|-weather|RainDance|[from] ability: Drizzle|[of] p2a: Tweak
|move|p1b: Tostada|Fake Out|p2b: Barnacles
|-damage|p2b: Barnacles|94/100
|-ability|p2b: Barnacles|Stamina|boost
|-boost|p2b: Barnacles|def|1
|move|p1a: Laufey|Encore||[still]
|-fail|p1a: Laufey
|cant|p2b: Barnacles|flinch
|
|-weather|RainDance|[upkeep]
|upkeep
|turn|10
|inactive|MrTedno has 30 seconds left.
|inactive|MrTedno has 20 seconds left.
|inactive|MrTedno has 15 seconds left.
|inactive|MrTedno has 10 seconds left.
|
|t:|1756420693
|-terastallize|p1b: Tostada|Bug
|move|p1a: Laufey|Blizzard|p2a: Tweak|[spread] p2a,p2b
|-resisted|p2a: Tweak
|-supereffective|p2b: Barnacles
|-damage|p2a: Tweak|41/100 slp
|-damage|p2b: Barnacles|50/100
|-ability|p2b: Barnacles|Stamina|boost
|-boost|p2b: Barnacles|def|1
|move|p2b: Barnacles|Electro Shot||[still]
|-prepare|p2b: Barnacles|Electro Shot
|-boost|p2b: Barnacles|spa|1
|-anim|p2b: Barnacles|Electro Shot|p1b: Tostada
|-damage|p1b: Tostada|0 fnt
|faint|p1b: Tostada
|cant|p2a: Tweak|slp
|
|-weather|RainDance|[upkeep]
|upkeep
|
|t:|1756420703
|switch|p1b: Maracas|Amoonguss, L50, M|82/100
|turn|11
|inactive|MrTedno has 30 seconds left.
|
|t:|1756420730
|move|p1a: Laufey|Freeze-Dry|p2a: Tweak
|-supereffective|p2a: Tweak
|-damage|p2a: Tweak|0 fnt
|faint|p2a: Tweak
|move|p2b: Barnacles|Flash Cannon|p1a: Laufey
|-supereffective|p1a: Laufey
|-enditem|p1a: Laufey|Focus Sash
|-damage|p1a: Laufey|1/100
|move|p1b: Maracas|Pollen Puff|p2b: Barnacles
|-supereffective|p2b: Barnacles
|-damage|p2b: Barnacles|26/100
|-ability|p2b: Barnacles|Stamina|boost
|-boost|p2b: Barnacles|def|1
|
|-weather|RainDance|[upkeep]
|upkeep
|
|t:|1756420733
|switch|p2a: Turnip|Amoonguss, L50, F|100/100
|turn|12
|
|t:|1756420755
|move|p1a: Laufey|Blizzard|p2b: Barnacles|[spread] p2a
|-miss|p1a: Laufey|p2b: Barnacles
|-supereffective|p2a: Turnip
|-damage|p2a: Turnip|48/100
|move|p2b: Barnacles|Dragon Pulse|p1b: Maracas
|-damage|p1b: Maracas|13/100
|move|p1b: Maracas|Pollen Puff|p1a: Laufey
|-heal|p1a: Laufey|51/100
|move|p2a: Turnip|Pollen Puff|p1a: Laufey
|-resisted|p1a: Laufey
|-damage|p1a: Laufey|39/100
|
|-weather|RainDance|[upkeep]
|upkeep
|turn|13
|inactive|laufey#1fan has 30 seconds left.
|
|t:|1756420787
|move|p1a: Laufey|Blizzard|p2b: Barnacles|[spread] p2b
|-miss|p1a: Laufey|p2a: Turnip
|-supereffective|p2b: Barnacles
|-damage|p2b: Barnacles|0 fnt
|faint|p2b: Barnacles
|move|p2a: Turnip|Spore|p1a: Laufey
|-status|p1a: Laufey|slp|[from] move: Spore
|move|p1b: Maracas|Pollen Puff|p1a: Laufey
|-heal|p1a: Laufey|89/100 slp
|
|-weather|none
|upkeep
|turn|14
|
|t:|1756420798
|move|p1b: Maracas|Protect|p1b: Maracas
|-singleturn|p1b: Maracas|Protect
|cant|p1a: Laufey|slp
|move|p2a: Turnip|Pollen Puff|p1a: Laufey
|-resisted|p1a: Laufey
|-damage|p1a: Laufey|78/100 slp
|
|upkeep
|turn|15
|
|t:|1756420805
|cant|p1a: Laufey|slp
|move|p2a: Turnip|Pollen Puff|p1b: Maracas
|-damage|p1b: Maracas|0 fnt
|faint|p1b: Maracas
|
|upkeep
|turn|16
|
|t:|1756420815
|cant|p1a: Laufey|slp
|move|p2a: Turnip|Spore|p1a: Laufey
|-fail|p1a: Laufey|slp
|
|upkeep
|turn|17
|
|t:|1756420821
|move|p2a: Turnip|Protect|p2a: Turnip
|-singleturn|p2a: Turnip|Protect
|-curestatus|p1a: Laufey|slp|[msg]
|move|p1a: Laufey|Blizzard|p2a: Turnip
|-activate|p2a: Turnip|move: Protect
|
|upkeep
|turn|18
|
|t:|1756420825
|move|p1a: Laufey|Encore|p2a: Turnip
|-start|p2a: Turnip|Encore
|move|p2a: Turnip|Protect||[still]
|-fail|p2a: Turnip
|
|upkeep
|turn|19
|c|☆laufey#1fan|gg
|
|t:|1756420829
|move|p2a: Turnip|Protect|p2a: Turnip
|-singleturn|p2a: Turnip|Protect
|move|p1a: Laufey|Freeze-Dry|p2a: Turnip
|-activate|p2a: Turnip|move: Protect
|
|upkeep
|turn|20
|
|t:|1756420831
|move|p2a: Turnip|Protect||[still]
|-fail|p2a: Turnip
|move|p1a: Laufey|Freeze-Dry|p2a: Turnip
|-supereffective|p2a: Turnip
|-damage|p2a: Turnip|0 fnt
|faint|p2a: Turnip
|
|win|laufey#1fan
|raw|laufey#1fan's rating: 1268 → 1289(+21 for winning)
|raw|MrTedno's rating: 1206 → 1185(-21 for losing)
|l|☆laufey#1fan
|player|p1|
|c|☆MrTedno|ggwp
