|j|☆ECARRY
|j|☆PaquitoelBollito
|html|ECARRYPaquitoelBollito    
|uhtml|bestof|Game 2 of a best-of-3
|t:|1783805732
|gametype|doubles
|player|p1|ECARRY|170|1096
|player|p2|PaquitoelBollito|102|1089
|gen|9
|tier|[Gen 9 Champions] VGC 2026 Reg M-B (Bo3)
|rated|
|rule|Species Clause: Limit one of each Pokémon
|rule|Item Clause: Limit 1 of each item
|clearpoke
|poke|p1|Gengar, L50, F|
|poke|p1|Incineroar, L50, M|
|poke|p1|Ninetales-Alola, L50, F|
|poke|p1|Kingambit, L50, F|
|poke|p1|Sneasler, L50, F|
|poke|p1|Garchomp, L50, M|
|poke|p2|Aerodactyl, L50, F|
|poke|p2|Kingambit, L50, M|
|poke|p2|Garchomp, L50, M|
|poke|p2|Incineroar, L50, M|
|poke|p2|Charizard, L50, M|
|poke|p2|Sylveon, L50, M|
|teampreview|4
|showteam|p1|Gengar||Gengarite|CursedBody|ShadowBall,SludgeBomb,PerishSong,Protect|Modest||F|||50|]Incineroar||Leftovers|Intimidate|FakeOut,FlareBlitz,PartingShot,Protect|Impish||M|||50|]Ninetales-Alola||NeverMeltIce|SnowWarning|Blizzard,Encore,Disable,Protect|Timid||F|||50|]Kingambit||BlackGlasses|Defiant|KowtowCleave,SuckerPunch,LowKick,Protect|Adamant||F|||50|]Sneasler||FocusSash|Unburden|FakeOut,CloseCombat,DireClaw,Protect|Naughty||F|||50|]Garchomp||SitrusBerry|RoughSkin|DragonClaw,StompingTantrum,RockTomb,Protect|Adamant||M|||50|
|showteam|p2|Aerodactyl||Aerodactylite|Unnerve|Tailwind,DualWingbeat,IceFang,RockSlide|Jolly||F|||50|]Kingambit||BlackGlasses|Defiant|SuckerPunch,KowtowCleave,Protect,IronHead|Adamant||M|||50|]Garchomp||LifeOrb|RoughSkin|Protect,DragonClaw,RockSlide,StompingTantrum|Jolly||M|||50|]Incineroar||SitrusBerry|Intimidate|FakeOut,PartingShot,FlareBlitz,ThroatChop|Relaxed||M|||50|]Charizard||CharizarditeY|Blaze|Protect,HeatWave,WeatherBall,SolarBeam|Serious||M|||50|]Sylveon||FairyFeather|Pixilate|HyperVoice,Protect,QuickAttack,HyperBeam|Modest||M|||50|
|inactive|Battle timer is ON: inactive players will automatically lose when time's up. (requested by PaquitoelBollito)
|inactive|ECARRY has 60 seconds left.
|inactive|PaquitoelBollito has 60 seconds left.
|inactive|ECARRY has 30 seconds left.
|
|t:|1783805796
|teamsize|p1|4
|teamsize|p2|4
|start
|switch|p1a: Sneasler|Sneasler, L50, F|100/100
|switch|p1b: Garchomp|Garchomp, L50, M|100/100
|switch|p2a: Kingambit|Kingambit, L50, M|100/100
|switch|p2b: Sylveon|Sylveon, L50, M|100/100
|turn|1
|inactive|ECARRY has 30 seconds left.
|inactive|ECARRY has 20 seconds left.
|
|t:|1783805836
|switch|p1b: Gengar|Gengar, L50, F|100/100
|switch|p2a: Incineroar|Incineroar, L50, M|100/100
|-ability|p2a: Incineroar|Intimidate|boost
|-unboost|p1a: Sneasler|atk|1
|-unboost|p1b: Gengar|atk|1
|move|p2b: Sylveon|Protect|p2b: Sylveon
|-singleturn|p2b: Sylveon|Protect
|move|p1a: Sneasler|Fake Out|p2b: Sylveon
|-activate|p2b: Sylveon|move: Protect
|
|upkeep
|turn|2
|inactive|PaquitoelBollito has 30 seconds left.
|inactive|ECARRY has 30 seconds left.
|
|t:|1783805866
|detailschange|p1b: Gengar|Gengar-Mega, L50, F
|-mega|p1b: Gengar|Gengar|Gengarite
|move|p2a: Incineroar|Fake Out|p1a: Sneasler
|-damage|p1a: Sneasler|78/100
|move|p1b: Gengar|Sludge Bomb|p2a: Incineroar
|-damage|p2a: Incineroar|53/100
|cant|p1a: Sneasler|flinch
|move|p2b: Sylveon|Hyper Beam|p1b: Gengar
|-resisted|p1b: Gengar|1
|-damage|p1b: Gengar|41/100
|-mustrecharge|p2b: Sylveon
|
|upkeep
|turn|3
|inactive|PaquitoelBollito has 30 seconds left.
|
|t:|1783805899
|move|p1b: Gengar|Sludge Bomb|p2b: Sylveon
|-supereffective|p2b: Sylveon|1
|-damage|p2b: Sylveon|27/100
|-status|p2b: Sylveon|psn
|move|p1a: Sneasler|Close Combat|p2a: Incineroar
|-supereffective|p2a: Incineroar|1
|-crit|p2a: Incineroar
|-damage|p2a: Incineroar|0 fnt
|-unboost|p1a: Sneasler|def|1
|-unboost|p1a: Sneasler|spd|1
|faint|p2a: Incineroar
|cant|p2b: Sylveon|recharge
|
|-damage|p2b: Sylveon|15/100 psn|[from] psn
|upkeep
|
|t:|1783805906
|switch|p2a: Garchomp|Garchomp, L50, M|100/100
|turn|4
|
|t:|1783805925
|move|p1b: Gengar|Protect|p1b: Gengar
|-singleturn|p1b: Gengar|Protect
|move|p2b: Sylveon|Quick Attack|p1a: Sneasler
|-damage|p1a: Sneasler|47/100
|move|p1a: Sneasler|Close Combat|p2a: Garchomp
|-damage|p2a: Garchomp|49/100
|-unboost|p1a: Sneasler|def|1
|-unboost|p1a: Sneasler|spd|1
|-damage|p1a: Sneasler|35/100|[from] ability: Rough Skin|[of] p2a: Garchomp
|move|p2a: Garchomp|Stomping Tantrum|p1b: Gengar
|-activate|p1b: Gengar|move: Protect
|
|-damage|p2b: Sylveon|2/100 psn|[from] psn
|upkeep
|turn|5
|inactive|ECARRY has 30 seconds left.
|
|t:|1783805955
|move|p1b: Gengar|Shadow Ball|p2a: Garchomp
|-damage|p2a: Garchomp|0 fnt
|faint|p2a: Garchomp
|move|p1a: Sneasler|Close Combat|p2b: Sylveon
|-resisted|p2b: Sylveon|1
|-damage|p2b: Sylveon|0 fnt
|-unboost|p1a: Sneasler|def|1
|-unboost|p1a: Sneasler|spd|1
|faint|p2b: Sylveon
|
|upkeep
|
|t:|1783805960
|switch|p2b: Kingambit|Kingambit, L50, M|100/100
|turn|6
|
|t:|1783805981
|switch|p1a: Garchomp|Garchomp, L50, M|100/100
|move|p2b: Kingambit|Sucker Punch||[still]
|-fail|p2b: Kingambit
|move|p1b: Gengar|Perish Song|p1b: Gengar
|-start|p1a: Garchomp|perish3|[silent]
|-start|p1b: Gengar|perish3|[silent]
|-start|p2b: Kingambit|perish3|[silent]
|-fieldactivate|move: Perish Song
|
|-start|p1b: Gengar|perish3
|-start|p1a: Garchomp|perish3
|-start|p2b: Kingambit|perish3
|upkeep
|turn|7
|-message|PaquitoelBollito forfeited.
|
|win|ECARRY
|raw|ECARRY's rating: 1096 → 1121(+25 for winning)
|raw|PaquitoelBollito's rating: 1089 → 1066(-23 for losing)
