|j|☆KoopaPlays
|j|☆scizormetimbers07
|html|KoopaPlaysscizormetimbers07    
|uhtml|bestof|Game 2 of a best-of-3
|t:|1785723170
|gametype|doubles
|player|p1|KoopaPlays|hiker|
|player|p2|scizormetimbers07|gambler|
|gen|9
|tier|[Gen 9 Champions] VGC 2026 Reg M-B (Bo3)
|rule|Species Clause: Limit one of each Pokémon
|rule|Item Clause: Limit 1 of each item
|clearpoke
|poke|p1|Glimmora, L50, M, shiny|
|poke|p1|Corviknight, L50, F, shiny|
|poke|p1|Meowscarada, L50, F|
|poke|p1|Liepard, L50, F|
|poke|p1|Milotic, L50, F, shiny|
|poke|p1|Krookodile, L50, M|
|poke|p2|Blastoise, L50, F, shiny|
|poke|p2|Whimsicott, L50, F|
|poke|p2|Kangaskhan, L50, F|
|poke|p2|Conkeldurr, L50, M, shiny|
|poke|p2|Infernape, L50, M, shiny|
|poke|p2|Orthworm, L50, F|
|teampreview|4
|showteam|p1|Glimmora||Glimmoranite|Corrosion|SludgeBomb,SludgeWave,PowerGem,SpikyShield|Timid||M|||50|]Corviknight||SitrusBerry|Unnerve|BraveBird,BodyPress,Tailwind,Protect|Adamant||F|||50|]Meowscarada||FocusSash|Overgrow|FlowerTrick,KnockOff,BrickBreak,Protect|Jolly||F|||50|]Liepard||MentalHerb|Prankster|FakeOut,Encore,Taunt,Copycat|Jolly||F|||50|]Milotic||Leftovers|Competitive|IcyWind,ChillingWater,Scald,Protect|Modest||F|||50|]Krookodile||ChoiceScarf|Intimidate|KnockOff,HighHorsepower,CloseCombat,RockSlide|Adamant||M|||50|
|showteam|p2|Blastoise||Blastoisinite|RainDish|AuraSphere,FakeOut,WaterSpout,IceBeam|Quiet||F|||50|]Whimsicott||FocusSash|Prankster|Tailwind,Encore,DazzlingGleam,FakeTears|Modest||F|||50|]Kangaskhan||Kangaskhanite|Scrappy|DrainPunch,FakeOut,ThunderPunch,BodySlam|Adamant||F|||50|]Conkeldurr||LifeOrb|SheerForce|CloseCombat,FirePunch,IcePunch,Earthquake|Adamant||M|||50|]Infernape||ShellBell|IronFist|DrainPunch,FakeOut,FirePunch,ThunderPunch|Jolly||M|||50|]Orthworm||SitrusBerry|EarthEater|BodyPress,HeavySlam,ShedTail,Spikes|Impish||F|||50|
|
|t:|1785723250
|teamsize|p1|4
|teamsize|p2|4
|start
|switch|p1a: Corviknight|Corviknight, L50, F, shiny|100/100
|switch|p1b: Liepard|Liepard, L50, F|100/100
|switch|p2a: Whimsicott|Whimsicott, L50, F|100/100
|switch|p2b: Orthworm|Orthworm, L50, F|100/100
|-ability|p1a: Corviknight|Unnerve
|turn|1
|
|t:|1785723286
|move|p1b: Liepard|Fake Out|p2a: Whimsicott
|-damage|p2a: Whimsicott|89/100
|cant|p2a: Whimsicott|flinch
|move|p1a: Corviknight|Brave Bird|p2a: Whimsicott
|-supereffective|p2a: Whimsicott|1
|-damage|p2a: Whimsicott|0 fnt
|faint|p2a: Whimsicott
|-damage|p1a: Corviknight|74/100|[from] Recoil
|move|p2b: Orthworm|Spikes|p1a: Corviknight
|-sidestart|p1: KoopaPlays|Spikes
|
|upkeep
|
|t:|1785723307
|switch|p2a: Kangaskhan|Kangaskhan, L50, F|100/100
|turn|2
|
|t:|1785723342
|move|p2a: Kangaskhan|Fake Out|p1b: Liepard
|-damage|p1b: Liepard|71/100
|cant|p1b: Liepard|flinch
|move|p1a: Corviknight|Tailwind|p1a: Corviknight
|-sidestart|p1: KoopaPlays|move: Tailwind
|move|p2b: Orthworm|Body Press|p1b: Liepard
|-supereffective|p1b: Liepard|1
|-damage|p1b: Liepard|0 fnt
|faint|p1b: Liepard
|
|upkeep
|j| ImYeicob
|n| ImYeicob|imyeicob
|n| ImYeicob|imyeicob
|n| ImYeicob|imyeicob
|n| ImYeicob|imyeicob
|n| ImYeicob|imyeicob
|j| ImYeicob
|n| ImYeicob|imyeicob
|n| ImYeicob|imyeicob
|
|t:|1785723415
|switch|p1b: Krookodile|Krookodile, L50, M|100/100
|-damage|p1b: Krookodile|87/100|[from] Spikes
|-ability|p1b: Krookodile|Intimidate|boost
|-fail|p2a: Kangaskhan|unboost|Attack|[from] ability: Scrappy|[of] p2a: Kangaskhan
|-unboost|p2b: Orthworm|atk|1
|turn|3
|
|t:|1785723476
|detailschange|p2a: Kangaskhan|Kangaskhan-Mega, L50, F
|-mega|p2a: Kangaskhan|Kangaskhan|Kangaskhanite
|move|p1b: Krookodile|Close Combat|p2a: Kangaskhan
|-supereffective|p2a: Kangaskhan|1
|-damage|p2a: Kangaskhan|26/100
|-unboost|p1b: Krookodile|def|1
|-unboost|p1b: Krookodile|spd|1
|move|p1a: Corviknight|Body Press|p2a: Kangaskhan
|-supereffective|p2a: Kangaskhan|1
|-damage|p2a: Kangaskhan|0 fnt
|faint|p2a: Kangaskhan
|move|p2b: Orthworm|Spikes|p1a: Corviknight
|-sidestart|p1: KoopaPlays|Spikes
|
|upkeep
|j| ImYeicob
|
|t:|1785723497
|switch|p2a: Infernape|Infernape, L50, M, shiny|100/100
|turn|4
|j| ImYeicob
|n| ImYeicob|imyeicob
|n| ImYeicob|imyeicob
|n| ImYeicob|imyeicob
|n| ImYeicob|imyeicob
|n| ImYeicob|imyeicob
|n| ImYeicob|imyeicob
|n| ImYeicob|imyeicob
|n| ImYeicob|imyeicob
|n| ImYeicob|imyeicob
|n| ImYeicob|imyeicob
|
|t:|1785723529
|move|p2a: Infernape|Fake Out|p1b: Krookodile
|-damage|p1b: Krookodile|66/100
|cant|p1b: Krookodile|flinch
|move|p1a: Corviknight|Brave Bird|p2a: Infernape
|-supereffective|p2a: Infernape|1
|-damage|p2a: Infernape|0 fnt
|faint|p2a: Infernape
|-damage|p1a: Corviknight|48/100|[from] Recoil
|-enditem|p1a: Corviknight|Sitrus Berry|[eat]
|-heal|p1a: Corviknight|73/100|[from] item: Sitrus Berry
|move|p2b: Orthworm|Body Press|p1a: Corviknight
|-crit|p1a: Corviknight
|-damage|p1a: Corviknight|36/100
|
|upkeep
|turn|5
|
|t:|1785723545
|move|p1b: Krookodile|Close Combat|p2b: Orthworm
|-supereffective|p2b: Orthworm|1
|-damage|p2b: Orthworm|51/100
|-unboost|p1b: Krookodile|def|1
|-unboost|p1b: Krookodile|spd|1
|move|p1a: Corviknight|Body Press|p2b: Orthworm
|-supereffective|p2b: Orthworm|1
|-damage|p2b: Orthworm|24/100
|move|p2b: Orthworm|Body Press|p1a: Corviknight
|-damage|p1a: Corviknight|12/100
|
|-sideend|p1: KoopaPlays|move: Tailwind
|upkeep
|turn|6
|
|t:|1785723561
|move|p1b: Krookodile|Close Combat|p2b: Orthworm
|-supereffective|p2b: Orthworm|1
|-damage|p2b: Orthworm|0 fnt
|-unboost|p1b: Krookodile|def|1
|-unboost|p1b: Krookodile|spd|1
|faint|p2b: Orthworm
|
|win|KoopaPlays
|l|☆scizormetimbers07
|player|p2|
