|j|☆ThierryVGC
|j|☆Beeetch
|html|ThierryVGCBeeetch    
|uhtml|bestof|Game 1 of a best-of-3
|t:|1756422402
|gametype|doubles
|player|p1|ThierryVGC|101|1205
|player|p2|Beeetch|beauty-gen4dp|1337
|gen|9
|tier|[Gen 9] VGC 2025 Reg H (Bo3)
|rated|
|rule|Species Clause: Limit one of each Pokémon
|rule|Item Clause: Limit 1 of each item
|clearpoke
|poke|p1|Garchomp, L50, F|
|poke|p1|Drifblim, L50, F|
|poke|p1|Indeedee, L50, M|
|poke|p1|Sneasler, L50, F|
|poke|p1|Corviknight, L50, M|
|poke|p1|Grimmsnarl, L50, M|
|poke|p2|Toedscruel, L50, M|
|poke|p2|Weezing-Galar, L50, F|
|poke|p2|Corviknight, L50, M|
|poke|p2|Pawmot, L50, M|
|poke|p2|Garchomp, L50, M|
|poke|p2|Typhlosion-Hisui, L50, M|
|teampreview|4
|showteam|p1|Garchomp||LifeOrb|RoughSkin|Earthquake,StompingTantrum,DragonClaw,Protect|||F|||50|,,,,,Ground]Drifblim||PsychicSeed|Unburden|Acrobatics,WillOWisp,Tailwind,Haze|||F|||50|,,,,,Grass]Indeedee||FocusSash|PsychicSurge|ExpandingForce,TeraBlast,Imprison,TrickRoom|||M|||50|,,,,,Ground]Sneasler||WhiteHerb|Unburden|DireClaw,CloseCombat,ThroatChop,Protect|||F|||50|,,,,,Dark]Corviknight||LumBerry|MirrorArmor|BraveBird,BodyPress,BulkUp,Roost|||M|||50|,,,,,Dragon]Grimmsnarl||LightClay|Prankster|SpiritBreak,LightScreen,Reflect,ThunderWave|||M|||50|,,,,,Dark
|showteam|p2|Toedscruel||CovertCloak|MyceliumMight|Spore,EarthPower,AcidSpray,RagePowder|||M|||50|,,,,,Water]Weezing-Galar||ChoiceSpecs|NeutralizingGas|DazzlingGleam,SludgeBomb,StrangeSteam,Flamethrower|||F|||50|,,,,,Flying]Corviknight||SitrusBerry|MirrorArmor|Protect,Tailwind,Roost,BraveBird|||M|||50|,,,,,Dragon]Pawmot||FocusSash|NaturalCure|Protect,CloseCombat,DoubleShock,FakeOut|||M|||50|,,,,,Electric]Garchomp||LifeOrb|RoughSkin|Protect,Earthquake,DragonClaw,StompingTantrum|||M|||50|,,,,,Ground]Typhlosion-Hisui||ChoiceScarf|Blaze|Eruption,SleepTalk,HeatWave,ShadowBall|||M|||50|,,,,,Fire
|
|t:|1756422431
|teamsize|p1|4
|teamsize|p2|4
|start
|switch|p1a: Garchomp|Garchomp, L50, F|100/100
|switch|p1b: Sneasler|Sneasler, L50, F|100/100
|switch|p2a: Weezing|Weezing-Galar, L50, F|100/100
|switch|p2b: Toedscruel|Toedscruel, L50, M|100/100
|-ability|p2a: Weezing|Neutralizing Gas
|turn|1
|
|t:|1756422455
|-terastallize|p1a: Garchomp|Ground
|move|p1b: Sneasler|Dire Claw|p2b: Toedscruel
|-damage|p2b: Toedscruel|47/100
|move|p1a: Garchomp|Stomping Tantrum|p2b: Toedscruel
|-resisted|p2b: Toedscruel
|-damage|p2b: Toedscruel|7/100
|-damage|p1a: Garchomp|91/100|[from] item: Life Orb
|move|p2b: Toedscruel|Spore|p1a: Garchomp
|-status|p1a: Garchomp|slp|[from] move: Spore
|move|p2a: Weezing|Dazzling Gleam|p1b: Sneasler|[spread] p1a,p1b
|-damage|p1a: Garchomp|54/100 slp
|-damage|p1b: Sneasler|48/100
|
|upkeep
|turn|2
|
|t:|1756422475
|move|p2b: Toedscruel|Rage Powder|p2b: Toedscruel
|-singleturn|p2b: Toedscruel|move: Rage Powder
|move|p1b: Sneasler|Dire Claw|p2b: Toedscruel
|-damage|p2b: Toedscruel|0 fnt
|faint|p2b: Toedscruel
|cant|p1a: Garchomp|slp
|move|p2a: Weezing|Dazzling Gleam|p1b: Sneasler|[spread] p1a,p1b
|-damage|p1a: Garchomp|17/100 slp
|-damage|p1b: Sneasler|0 fnt
|faint|p1b: Sneasler
|
|upkeep
|
|t:|1756422486
|switch|p1b: Indeedee|Indeedee, L50, M|100/100
|switch|p2b: Typhlosion|Typhlosion-Hisui, L50, M|100/100
|turn|3
|
|t:|1756422496
|switch|p1b: Corviknight|Corviknight, L50, M|100/100
|-terastallize|p2b: Typhlosion|Fire
|move|p2b: Typhlosion|Eruption|p1b: Corviknight|[spread] p1a,p1b
|-supereffective|p1b: Corviknight
|-damage|p1a: Garchomp|0 fnt
|-damage|p1b: Corviknight|0 fnt
|faint|p1a: Garchomp
|faint|p1b: Corviknight
|move|p2a: Weezing|Dazzling Gleam|p1: Garchomp|[notarget]
|-fail|p2a: Weezing
|
|upkeep
|
|t:|1756422505
|switch|p1b: Indeedee|Indeedee, L50, M|100/100
|turn|4
|
|t:|1756422508
|move|p2b: Typhlosion|Eruption|p1b: Indeedee
|-enditem|p1b: Indeedee|Focus Sash
|-damage|p1b: Indeedee|1/100
|move|p1b: Indeedee|Expanding Force|p2a: Weezing
|-supereffective|p2a: Weezing
|-damage|p2a: Weezing|0 fnt
|faint|p2a: Weezing
|-end|p2a: Weezing|ability: Neutralizing Gas
|-fieldstart|move: Psychic Terrain|[from] ability: Psychic Surge|[of] p1b: Indeedee
|
|upkeep
|
|t:|1756422516
|switch|p2a: Garchomp|Garchomp, L50, M|100/100
|turn|5
|
|t:|1756422521
|move|p2b: Typhlosion|Eruption|p1b: Indeedee
|-damage|p1b: Indeedee|0 fnt
|faint|p1b: Indeedee
|
|win|Beeetch
