|j|☆avlin>pele
|j|☆MrsMarxy
|html|avlin>peleMrsMarxy    
|uhtml|bestof|Game 1 of a best-of-3
|t:|1784433098
|gametype|doubles
|player|p1|avlin>pele|102|1169
|player|p2|MrsMarxy|bellelba|1207
|gen|9
|tier|[Gen 9 Champions] VGC 2026 Reg M-B (Bo3)
|rated|
|rule|Species Clause: Limit one of each Pokémon
|rule|Item Clause: Limit 1 of each item
|clearpoke
|poke|p1|Metagross, L50|
|poke|p1|Overqwil, L50, M|
|poke|p1|Pelipper, L50, M|
|poke|p1|Palafin, L50, M|
|poke|p1|Hydreigon, L50, F|
|poke|p1|Floette-Eternal, L50, F|
|poke|p2|Venusaur, L50, M|
|poke|p2|Charizard, L50, M|
|poke|p2|Grimmsnarl, L50, M|
|poke|p2|Archaludon, L50, F|
|poke|p2|Basculegion, L50, M|
|poke|p2|Pelipper, L50, F|
|teampreview|4
|showteam|p1|Metagross||Metagrossite|ClearBody|MeteorMash,PsychicFangs,BulletPunch,Protect|Jolly|||||50|]Overqwil||BlackGlasses|SwiftSwim|PoisonJab,Crunch,Taunt,Protect|Adamant||M|||50|]Pelipper||FocusSash|Drizzle|Hurricane,MuddyWater,Tailwind,Protect|Modest||M|||50|]Palafin||LifeOrb|ZerotoHero|JetPunch,WaveCrash,ThroatChop,Protect|Adamant||M|||50|]Hydreigon||ChoiceScarf|Levitate|DracoMeteor,DarkPulse,Snarl,EarthPower|Modest||F|||50|]Floette-Eternal||Floettite|FlowerVeil|Moonblast,DazzlingGleam,LightofRuin,Protect|Modest||F|||50|
|showteam|p2|Venusaur||FocusSash|Chlorophyll|SludgeBomb,EarthPower,SleepPowder,Protect|Modest||M|||50|]Charizard||CharizarditeY|Blaze|Protect,HeatWave,SolarBeam,WeatherBall|Modest||M|||50|]Grimmsnarl||LightClay|Prankster|SpiritBreak,LightScreen,Reflect,PartingShot|Sassy||M|||50|]Archaludon||Leftovers|Stamina|ElectroShot,DragonPulse,FlashCannon,Protect|Calm||F|||50|]Basculegion||ChoiceScarf|Adaptability|WaveCrash,LastRespects,AquaJet,FlipTurn|Jolly||M|||50|]Pelipper||SitrusBerry|Drizzle|Hurricane,WeatherBall,Tailwind,WideGuard|Modest||F|||50|
|inactive|Battle timer is ON: inactive players will automatically lose when time's up. (requested by MrsMarxy)
|inactive|avlin>pele has 60 seconds left.
|inactive|MrsMarxy has 60 seconds left.
|
|t:|1784433157
|teamsize|p1|4
|teamsize|p2|4
|start
|switch|p1a: Hydreigon|Hydreigon, L50, F|100/100
|switch|p1b: Palafin|Palafin, L50, M|100/100
|switch|p2a: Venusaur|Venusaur, L50, M|100/100
|switch|p2b: Charizard|Charizard, L50, M|100/100
|turn|1
|inactive|MrsMarxy has 30 seconds left.
|
|t:|1784433191
|switch|p2b: Archaludon|Archaludon, L50, F|100/100
|move|p1b: Palafin|Protect|p1b: Palafin
|-singleturn|p1b: Palafin|Protect
|move|p1a: Hydreigon|Snarl|p2b: Archaludon|[spread] p2a
|-miss|p1a: Hydreigon|p2b: Archaludon
|-damage|p2a: Venusaur|70/100
|-unboost|p2a: Venusaur|spa|1
|move|p2a: Venusaur|Sleep Powder|p1a: Hydreigon|[miss]
|-miss|p2a: Venusaur|p1a: Hydreigon
|
|upkeep
|turn|2
|inactive|MrsMarxy has 30 seconds left.
|inactive|avlin>pele has 30 seconds left.
|inactive|MrsMarxy has 20 seconds left.
|inactive|MrsMarxy has 15 seconds left.
|inactive|avlin>pele has 20 seconds left.
|
|t:|1784433244
|detailschange|p1b: Palafin|Palafin-Hero, L50, M
|switch|p1b: Overqwil|Overqwil, L50, M|100/100
|move|p2b: Archaludon|Protect|p2b: Archaludon
|-singleturn|p2b: Archaludon|Protect
|move|p1a: Hydreigon|Snarl|p2a: Venusaur|[spread] p2a
|-activate|p2b: Archaludon|move: Protect
|-damage|p2a: Venusaur|42/100
|-unboost|p2a: Venusaur|spa|1
|move|p2a: Venusaur|Sleep Powder|p1a: Hydreigon
|-status|p1a: Hydreigon|slp|[from] move: Sleep Powder
|
|upkeep
|turn|3
|inactive|MrsMarxy has 30 seconds left.
|
|t:|1784433271
|switch|p1a: Pelipper|Pelipper, L50, M|100/100
|-weather|RainDance|[from] ability: Drizzle|[of] p1a: Pelipper
|switch|p2a: Charizard|Charizard, L50, M|100/100
|move|p1b: Overqwil|Crunch|p2a: Charizard
|-damage|p2a: Charizard|47/100
|move|p2b: Archaludon|Dragon Pulse|p1a: Pelipper
|-damage|p1a: Pelipper|40/100
|
|-weather|RainDance|[upkeep]
|upkeep
|turn|4
|
|t:|1784433293
|switch|p1a: Hydreigon|Hydreigon, L50, F|100/100 slp
|move|p1b: Overqwil|Protect|p1b: Overqwil
|-singleturn|p1b: Overqwil|Protect
|move|p2a: Charizard|Protect|p2a: Charizard
|-singleturn|p2a: Charizard|Protect
|move|p2b: Archaludon|Electro Shot||[still]
|-prepare|p2b: Archaludon|Electro Shot
|-boost|p2b: Archaludon|spa|1
|-anim|p2b: Archaludon|Electro Shot|p1b: Overqwil
|-activate|p1b: Overqwil|move: Protect
|
|-weather|RainDance|[upkeep]
|upkeep
|turn|5
|inactive|MrsMarxy has 30 seconds left.
|
|t:|1784433322
|switch|p2a: Venusaur|Venusaur, L50, M|42/100
|cant|p1a: Hydreigon|slp
|move|p1b: Overqwil|Crunch|p2a: Venusaur
|-damage|p2a: Venusaur|0 fnt
|faint|p2a: Venusaur
|move|p2b: Archaludon|Dragon Pulse|p1a: Hydreigon
|-supereffective|p1a: Hydreigon|1
|-damage|p1a: Hydreigon|0 fnt
|faint|p1a: Hydreigon
|
|-weather|RainDance|[upkeep]
|upkeep
|inactive|avlin>pele has 30 seconds left.
|
|t:|1784433348
|switch|p1a: Palafin|Palafin-Hero, L50, M|100/100
|switch|p2a: Charizard|Charizard, L50, M|47/100
|-activate|p1a: Palafin|ability: Zero to Hero
|turn|6
|
|t:|1784433368
|move|p2a: Charizard|Protect|p2a: Charizard
|-singleturn|p2a: Charizard|Protect
|move|p1a: Palafin|Jet Punch|p2a: Charizard
|-activate|p2a: Charizard|move: Protect
|move|p1b: Overqwil|Crunch|p2b: Archaludon
|-damage|p2b: Archaludon|68/100
|-ability|p2b: Archaludon|Stamina|boost
|-boost|p2b: Archaludon|def|1
|move|p2b: Archaludon|Electro Shot||[still]
|-prepare|p2b: Archaludon|Electro Shot
|-boost|p2b: Archaludon|spa|1
|-anim|p2b: Archaludon|Electro Shot|p1b: Overqwil
|-damage|p1b: Overqwil|8/100
|
|-weather|RainDance|[upkeep]
|-heal|p2b: Archaludon|74/100|[from] item: Leftovers
|upkeep
|turn|7
|inactive|MrsMarxy has 30 seconds left.
|
|t:|1784433395
|detailschange|p2a: Charizard|Charizard-Mega-Y, L50, M
|-mega|p2a: Charizard|Charizard|Charizardite Y
|-weather|SunnyDay|[from] ability: Drought|[of] p2a: Charizard
|move|p1a: Palafin|Jet Punch|p2a: Charizard
|-supereffective|p2a: Charizard|1
|-damage|p2a: Charizard|0 fnt
|faint|p2a: Charizard
|-damage|p1a: Palafin|90/100|[from] item: Life Orb
|move|p2b: Archaludon|Dragon Pulse|p1b: Overqwil
|-damage|p1b: Overqwil|0 fnt
|faint|p1b: Overqwil
|
|-weather|SunnyDay|[upkeep]
|-heal|p2b: Archaludon|80/100|[from] item: Leftovers
|upkeep
|
|t:|1784433405
|switch|p2a: Basculegion|Basculegion, L50, M|100/100
|switch|p1b: Pelipper|Pelipper, L50, M|40/100
|-weather|RainDance|[from] ability: Drizzle|[of] p1b: Pelipper
|turn|8
|
|t:|1784433419
|move|p1a: Palafin|Protect|p1a: Palafin
|-singleturn|p1a: Palafin|Protect
|move|p2a: Basculegion|Last Respects|p1a: Palafin
|-activate|p1a: Palafin|move: Protect
|move|p1b: Pelipper|Tailwind|p1b: Pelipper
|-sidestart|p1: avlin>pele|move: Tailwind
|move|p2b: Archaludon|Electro Shot||[still]
|-prepare|p2b: Archaludon|Electro Shot
|-boost|p2b: Archaludon|spa|1
|-anim|p2b: Archaludon|Electro Shot|p1b: Pelipper
|-supereffective|p1b: Pelipper|2
|-damage|p1b: Pelipper|0 fnt
|faint|p1b: Pelipper
|
|-weather|RainDance|[upkeep]
|-heal|p2b: Archaludon|86/100|[from] item: Leftovers
|upkeep
|turn|9
|
|t:|1784433432
|move|p1a: Palafin|Throat Chop|p2a: Basculegion
|-supereffective|p2a: Basculegion|1
|-damage|p2a: Basculegion|0 fnt
|faint|p2a: Basculegion
|-damage|p1a: Palafin|80/100|[from] item: Life Orb
|move|p2b: Archaludon|Electro Shot||[still]
|-prepare|p2b: Archaludon|Electro Shot
|-boost|p2b: Archaludon|spa|1
|-anim|p2b: Archaludon|Electro Shot|p1a: Palafin
|-supereffective|p1a: Palafin|1
|-damage|p1a: Palafin|0 fnt
|faint|p1a: Palafin
|
|win|MrsMarxy
||avlin>pele is ready for game 2.
|inactive|MrsMarxy has 30 seconds to confirm battle start!
||MrsMarxy is ready for game 2.
|uhtml|next|Next: Game 2 of 3
|l|☆avlin>pele
|player|p1|
