|j|☆jiggyjagga
|j|☆cheesebiscuit12
|html|jiggyjaggacheesebiscuit12    
|uhtml|bestof|Game 2 of a best-of-3
|t:|1784306408
|gametype|doubles
|player|p1|jiggyjagga|1|
|player|p2|cheesebiscuit12|266|
|gen|9
|tier|[Gen 9 Champions] VGC 2026 Reg M-B (Bo3)
|rule|Species Clause: Limit one of each Pokémon
|rule|Item Clause: Limit 1 of each item
|clearpoke
|poke|p1|Dragapult, L50, F, shiny|
|poke|p1|Sylveon, L50, M|
|poke|p1|Aggron, L50, F|
|poke|p1|Slowking-Galar, L50, M|
|poke|p1|Grimmsnarl, L50, M, shiny|
|poke|p1|Lopunny, L50, F, shiny|
|poke|p2|Gardevoir, L50, M|
|poke|p2|Whimsicott, L50, F|
|poke|p2|Arcanine, L50, F|
|poke|p2|Metagross, L50|
|poke|p2|Azumarill, L50, F|
|poke|p2|Golurk, L50|
|teampreview|4
|showteam|p1|Dragapult||SilkScarf|ClearBody|DragonDarts,Reflect,Round,Protect|Adamant||F|||50|]Sylveon||FairyFeather|Pixilate|HyperVoice,QuickAttack,Round,Detect|Modest||M|||50|]Aggron||Aggronite|Sturdy|HeavySlam,BodyPress,RockSlide,Protect|Brave||F|||50|]Slowking-Galar|||Regenerator|TrickRoom,Flamethrower,Psychic,ChillyReception|Quiet||M|||50|]Grimmsnarl||FocusSash|Prankster|FakeOut,PartingShot,SpiritBreak,SuckerPunch|Adamant||M|||50|]Lopunny||ChoiceScarf|Limber|FakeOut,AfterYou,CloseCombat,Switcheroo|Jolly||F|||50|
|showteam|p2|Gardevoir||Gardevoirite|Telepathy|MistyExplosion,HyperVoice,Psyshock,FocusBlast|Hasty||M|||50|]Whimsicott||FocusSash|Prankster|Switcheroo,BeatUp,Tailwind,MistyTerrain|Jolly||F|||50|]Arcanine||LifeOrb|Justified|ExtremeSpeed,FlareBlitz,WildCharge,Overheat|Hasty||F|||50|]Metagross||Leftovers|ClearBody|Explosion,CosmicPower,BodyPress,MeteorMash|Serious|||||50|]Azumarill||SitrusBerry|HugePower|BellyDrum,AquaJet,MistyExplosion,Protect|Adamant||F|||50|]Golurk||ColburBerry|Klutz|StealthRock,Earthquake,ShadowPunch,IcePunch|Adamant|||||50|
|
|t:|1784306428
|teamsize|p1|4
|teamsize|p2|4
|start
|switch|p1a: Dragapult|Dragapult, L50, F, shiny|100/100
|switch|p1b: Sylveon|Sylveon, L50, M|100/100
|switch|p2a: Whimsicott|Whimsicott, L50, F|100/100
|switch|p2b: Arcanine|Arcanine, L50, F|100/100
|turn|1
|
|t:|1784306489
|move|p2a: Whimsicott|Beat Up|p2b: Arcanine
|-damage|p2b: Arcanine|97/100
|-ability|p2b: Arcanine|Justified|boost
|-boost|p2b: Arcanine|atk|1
|-damage|p2b: Arcanine|93/100
|-ability|p2b: Arcanine|Justified|boost
|-boost|p2b: Arcanine|atk|1
|-crit|p2b: Arcanine
|-damage|p2b: Arcanine|89/100
|-ability|p2b: Arcanine|Justified|boost
|-boost|p2b: Arcanine|atk|1
|-damage|p2b: Arcanine|85/100
|-ability|p2b: Arcanine|Justified|boost
|-boost|p2b: Arcanine|atk|1
|-hitcount|p2b: Arcanine|4
|move|p1a: Dragapult|Round|p2a: Whimsicott
|-damage|p2a: Whimsicott|72/100
|move|p1b: Sylveon|Round|p2a: Whimsicott|[from] move: Round
|-damage|p2a: Whimsicott|0 fnt
|faint|p2a: Whimsicott
|move|p2b: Arcanine|Flare Blitz|p1b: Sylveon
|-damage|p1b: Sylveon|0 fnt
|faint|p1b: Sylveon
|-damage|p2b: Arcanine|53/100|[from] Recoil
|-damage|p2b: Arcanine|43/100|[from] item: Life Orb
|
|upkeep
|
|t:|1784306511
|switch|p2a: Azumarill|Azumarill, L50, F|100/100
|switch|p1b: Lopunny|Lopunny, L50, F, shiny|100/100
|turn|2
|
|t:|1784306521
|move|p1b: Lopunny|Fake Out|p2b: Arcanine
|-damage|p2b: Arcanine|23/100
|cant|p2b: Arcanine|flinch
|move|p1a: Dragapult|Reflect|p1a: Dragapult
|-sidestart|p1: jiggyjagga|Reflect
|move|p2a: Azumarill|Belly Drum|p2a: Azumarill
|-damage|p2a: Azumarill|50/100g
|-setboost|p2a: Azumarill|atk|6|[from] move: Belly Drum
|
|upkeep
|turn|3
|l|☆cheesebiscuit12
|player|p2|
|j|☆cheesebiscuit12
|player|p2|cheesebiscuit12|266|
|
|t:|1784306555
|switch|p1b: Aggron|Aggron, L50, F|100/100
|move|p1a: Dragapult|Protect|p1a: Dragapult
|-singleturn|p1a: Dragapult|Protect
|move|p2a: Azumarill|Protect|p2a: Azumarill
|-singleturn|p2a: Azumarill|Protect
|move|p2b: Arcanine|Extreme Speed|p1a: Dragapult
|-activate|p1a: Dragapult|move: Protect
|
|upkeep
|turn|4
|
|t:|1784306592
|detailschange|p1b: Aggron|Aggron-Mega, L50, F
|-mega|p1b: Aggron|Aggron|Aggronite
|move|p1b: Aggron|Protect|p1b: Aggron
|-singleturn|p1b: Aggron|Protect
|move|p2b: Arcanine|Extreme Speed|p1b: Aggron
|-activate|p1b: Aggron|move: Protect
|move|p2a: Azumarill|Aqua Jet|p1b: Aggron
|-activate|p1b: Aggron|move: Protect
|move|p1a: Dragapult|Dragon Darts|p2b: Arcanine
|-damage|p2b: Arcanine|0 fnt
|faint|p2b: Arcanine
|
|upkeep
|
|t:|1784306603
|switch|p2b: Golurk|Golurk, L50|100/100
|turn|5
|
|t:|1784306615
|switch|p1a: Lopunny|Lopunny, L50, F, shiny|100/100
|move|p2b: Golurk|Ice Punch|p1a: Lopunny
|-damage|p1a: Lopunny|74/100
|move|p2a: Azumarill|Misty Explosion|p1b: Aggron|[spread] p2b,p1a,p1b
|-resisted|p1b: Aggron|1
|-damage|p2b: Golurk|79/100
|-damage|p1a: Lopunny|54/100
|-damage|p1b: Aggron|89/100
|faint|p2a: Azumarill
|move|p1b: Aggron|Rock Slide|p2b: Golurk
|-resisted|p2b: Golurk|1
|-damage|p2b: Golurk|59/100
|
|upkeep
|turn|6
|-message|cheesebiscuit12 forfeited.
|
|win|jiggyjagga
|l|☆cheesebiscuit12
|player|p2|
|l|☆jiggyjagga
|player|p1|
|j|☆jiggyjagga
|player|p1|jiggyjagga|1|
