|j|☆typographicvictim
|j|☆Mr. Kessler
|html|typographicvictimMr. Kessler    
|uhtml|bestof|Game 2 of a best-of-3
|t:|1783465174
|gametype|doubles
|player|p1|typographicvictim|unknown|
|player|p2|Mr. Kessler|veteran|
|gen|9
|tier|[Gen 9 Champions] VGC 2026 Reg M-B (Bo3)
|rule|Species Clause: Limit one of each Pokémon
|rule|Item Clause: Limit 1 of each item
|clearpoke
|poke|p1|Orthworm, L50, F|
|poke|p1|Gengar, L50, M|
|poke|p1|Grimmsnarl, L50, M|
|poke|p1|Diggersby, L50, F|
|poke|p1|Rotom-Heat, L50|
|poke|p1|Kangaskhan, L50, F|
|poke|p2|Greninja, L50, F|
|poke|p2|Rotom-Wash, L50|
|poke|p2|Mamoswine, L50, M|
|poke|p2|Vileplume, L50, F|
|poke|p2|Sylveon, L50, F|
|poke|p2|Tyrantrum, L50, M|
|teampreview|4
|showteam|p1|Orthworm||Leftovers|EarthEater|IronDefense,BodyPress,HeavySlam,Protect|Careful||F|||50|]Gengar||Gengarite|CursedBody|Protect,SludgeBomb,ShadowBall,Disable|Modest||M|||50|]Grimmsnarl||LightClay|Prankster|Reflect,LightScreen,FoulPlay,PartingShot|Impish||M|||50|]Diggersby||FocusSash|HugePower|Protect,HighHorsepower,Earthquake,BodySlam|Adamant||F|||50|]Rotom-Heat||ChoiceScarf|Levitate|Overheat,Thunderbolt,VoltSwitch,WillOWisp|Timid|||||50|]Kangaskhan||SilkScarf|Scrappy|FakeOut,LastResort|Adamant||F|||50|
|showteam|p2|Greninja||Greninjite|Protean|DarkPulse,HydroPump,FlipTurn,SludgeWave|Timid||F|||50|]Rotom-Wash||BrightPowder|Levitate|Discharge,HydroPump,VoltSwitch,WillOWisp|Modest|||||50|]Mamoswine||LifeOrb|ThickFat|Earthquake,IceShard,RockSlide,IcicleCrash|Adamant||M|||50|]Vileplume||QuickClaw|EffectSpore|PollenPuff,SludgeBomb,SleepPowder,HelpingHand|Calm||F|||50|]Sylveon||FairyFeather|Pixilate|HyperVoice,Protect,MysticalFire,HyperBeam|Modest||F|||50|]Tyrantrum||ChoiceScarf|RockHead|RockSlide,DragonClaw,HeadSmash,BreakingSwipe|Adamant||M|||50|
|inactive|Battle timer is ON: inactive players will automatically lose when time's up. (requested by Mr. Kessler)
|inactive|typographicvictim has 60 seconds left.
|
|t:|1783465224
|teamsize|p1|4
|teamsize|p2|4
|start
|switch|p1a: Rotom|Rotom-Heat, L50|100/100
|switch|p1b: Kangaskhan|Kangaskhan, L50, F|100/100
|switch|p2a: Sylveon|Sylveon, L50, F|100/100
|switch|p2b: Greninja|Greninja, L50, F|100/100
|turn|1
|
|t:|1783465241
|switch|p2b: Rotom|Rotom-Wash, L50|100/100
|move|p2a: Sylveon|Protect|p2a: Sylveon
|-singleturn|p2a: Sylveon|Protect
|move|p1b: Kangaskhan|Fake Out|p2a: Sylveon
|-activate|p2a: Sylveon|move: Protect
|move|p1a: Rotom|Will-O-Wisp|p2b: Rotom|[miss]
|-miss|p1a: Rotom|p2b: Rotom
|
|upkeep
|turn|2
|j| MZMG
|
|t:|1783465263
|switch|p1a: ass eater|Orthworm, L50, F|100/100
|switch|p2a: Mamoswine|Mamoswine, L50, M|100/100
|move|p1b: Kangaskhan|Last Resort|p2a: Mamoswine
|-damage|p2a: Mamoswine|26/100
|move|p2b: Rotom|Will-O-Wisp|p1b: Kangaskhan
|-status|p1b: Kangaskhan|brn
|
|-damage|p1b: Kangaskhan|93/100 brn|[from] brn
|upkeep
|turn|3
|c| MZMG|Good ol fake out last resort
|
|t:|1783465286
|move|p2a: Mamoswine|Ice Shard|p1b: Kangaskhan
|-damage|p1b: Kangaskhan|57/100 brn
|-damage|p2a: Mamoswine|16/100|[from] item: Life Orb
|move|p1b: Kangaskhan|Last Resort|p2b: Rotom
|-damage|p2b: Rotom|57/100
|move|p2b: Rotom|Will-O-Wisp|p1a: ass eater
|-status|p1a: ass eater|brn
|move|p1a: ass eater|Iron Defense|p1a: ass eater
|-boost|p1a: ass eater|def|2
|
|-damage|p1b: Kangaskhan|51/100 brn|[from] brn
|-damage|p1a: ass eater|93/100 brn|[from] brn
|upkeep
|turn|4
|inactive|typographicvictim has 30 seconds left.
|inactive|typographicvictim has 20 seconds left.
|inactive|typographicvictim has 15 seconds left.
|inactive|typographicvictim has 10 seconds left.
|
|t:|1783465331
|move|p2a: Mamoswine|Ice Shard|p1b: Kangaskhan
|-damage|p1b: Kangaskhan|13/100 brn
|-damage|p2a: Mamoswine|6/100|[from] item: Life Orb
|move|p1b: Kangaskhan|Last Resort|p2b: Rotom
|-damage|p2b: Rotom|20/100y
|move|p2b: Rotom|Discharge|p1b: Kangaskhan|[spread] p1a,p1b
|-immune|p2a: Mamoswine
|-damage|p1a: ass eater|64/100 brn
|-damage|p1b: Kangaskhan|0 fnt
|faint|p1b: Kangaskhan
|move|p1a: ass eater|Heavy Slam|p2b: Rotom
|-resisted|p2b: Rotom|2
|-damage|p2b: Rotom|15/100
|
|-heal|p1a: ass eater|70/100 brn|[from] item: Leftovers
|-damage|p1a: ass eater|64/100 brn|[from] brn
|upkeep
|
|t:|1783465352
|switch|p1b: Rotom|Rotom-Heat, L50|100/100
|turn|5
|
|t:|1783465373
|move|p1b: Rotom|Thunderbolt|p2b: Rotom
|-damage|p2b: Rotom|0 fnt
|faint|p2b: Rotom
|move|p2a: Mamoswine|Rock Slide|p1b: Rotom|[spread] p1a,p1b
|-resisted|p1a: ass eater|1
|-supereffective|p1b: Rotom|1
|-damage|p1a: ass eater|59/100 brn
|-damage|p1b: Rotom|30/100
|-damage|p2a: Mamoswine|0 fnt|[from] item: Life Orb
|faint|p2a: Mamoswine
|move|p1a: ass eater|Body Press|p2: Mamoswine|[notarget]
|-fail|p1a: ass eater
|
|-heal|p1a: ass eater|65/100 brn|[from] item: Leftovers
|-damage|p1a: ass eater|59/100 brn|[from] brn
|upkeep
|
|t:|1783465385
|switch|p2b: Greninja|Greninja, L50, F|100/100
|switch|p2a: Sylveon|Sylveon, L50, F|100/100
|turn|6
|c| MZMG|Crazy rock slide
|c|☆typographicvictim|69% nice
|
|t:|1783465409
|detailschange|p2b: Greninja|Greninja-Mega, L50, F
|-mega|p2b: Greninja|Greninja|Greninjite
|move|p1b: Rotom|Thunderbolt|p2b: Greninja
|-supereffective|p2b: Greninja|1
|-damage|p2b: Greninja|0 fnt
|faint|p2b: Greninja
|move|p1a: ass eater|Body Press|p2a: Sylveon
|-resisted|p2a: Sylveon|1
|-damage|p2a: Sylveon|85/100
|move|p2a: Sylveon|Mystical Fire|p1a: ass eater
|-supereffective|p1a: ass eater|1
|-damage|p1a: ass eater|4/100 brn
|-unboost|p1a: ass eater|spa|1
|
|-heal|p1a: ass eater|10/100 brn|[from] item: Leftovers
|-damage|p1a: ass eater|4/100 brn|[from] brn
|upkeep
|turn|7
|
|t:|1783465417
|move|p1b: Rotom|Thunderbolt|p2a: Sylveon
|-damage|p2a: Sylveon|54/100
|move|p1a: ass eater|Heavy Slam|p2a: Sylveon
|-supereffective|p2a: Sylveon|1
|-damage|p2a: Sylveon|9/100
|move|p2a: Sylveon|Hyper Voice|p1b: Rotom|[spread] p1a,p1b
|-resisted|p1a: ass eater|1
|-resisted|p1b: Rotom|1
|-crit|p1b: Rotom
|-damage|p1a: ass eater|0 fnt
|-damage|p1b: Rotom|0 fnt
|faint|p1a: ass eater
|faint|p1b: Rotom
|
|upkeep
|c| MZMG|Good work ashe Greninja
|
|t:|1783465422
|switch|p1b: Gengar|Gengar, L50, M|100/100
|turn|8
|
|t:|1783465424
|detailschange|p1b: Gengar|Gengar-Mega, L50, M
|-mega|p1b: Gengar|Gengar|Gengarite
|move|p1b: Gengar|Sludge Bomb|p2a: Sylveon
|-supereffective|p2a: Sylveon|1
|-damage|p2a: Sylveon|0 fnt
|faint|p2a: Sylveon
|
|win|typographicvictim
||Mr. Kessler is ready for game 3.
