|j|☆cookie669
|j|☆galgith
|html|cookie669galgith    
|uhtml|bestof|Game 2 of a best-of-3
|t:|1756814842
|gametype|doubles
|player|p1|cookie669|1|1035
|player|p2|galgith|steven|1105
|gen|9
|tier|[Gen 9] VGC 2025 Reg H (Bo3)
|rated|
|rule|Species Clause: Limit one of each Pokémon
|rule|Item Clause: Limit 1 of each item
|clearpoke
|poke|p1|Sneasler, L50, F|
|poke|p1|Gholdengo, L50|
|poke|p1|Rillaboom, L50, M|
|poke|p1|Dragonite, L50, M|
|poke|p1|Ninetales-Alola, L50, F|
|poke|p1|Arcanine-Hisui, L50, M|
|poke|p2|Dragapult, L50, M|
|poke|p2|Rillaboom, L50, M|
|poke|p2|Volcarona, L50, F|
|poke|p2|Incineroar, L50, M|
|poke|p2|Primarina, L50, F|
|poke|p2|Gholdengo, L50|
|teampreview|4
|showteam|p1|Sneasler||WhiteHerb|Unburden|CloseCombat,DireClaw,Coaching,Protect|||F|||50|,,,,,Ghost]Gholdengo||GrassySeed|GoodasGold|NastyPlot,MakeItRain,ShadowBall,Protect||||||50|,,,,,Water]Rillaboom||AssaultVest|GrassySurge|FakeOut,GrassyGlide,DrumBeating,HighHorsepower|||M|||50|,,,,,Fire]Dragonite||LoadedDice|Multiscale|ScaleShot,StompingTantrum,Tailwind,Protect|||M|||50|,,,,,Ground]Ninetales-Alola||FocusSash|SnowWarning|Blizzard,IcyWind,Encore,AuroraVeil|||F|||50|,,,,,Ghost]Arcanine-Hisui||ClearAmulet|Intimidate|RockSlide,FlareBlitz,ExtremeSpeed,Protect|||M|||50|,,,,,Water
|showteam|p2|Dragapult||ChoiceBand|ClearBody|DragonDarts,PhantomForce,TeraBlast,SuckerPunch|||M|||50|,,,,,Ghost]Rillaboom||AssaultVest|GrassySurge|FakeOut,GrassyGlide,WoodHammer,Uturn|||M|||50|,,,,,Fire]Volcarona||SitrusBerry|FlameBody|StruggleBug,RagePowder,FieryDance,Tailwind|||F|||50|,,,,,Water]Incineroar||SafetyGoggles|Intimidate|FakeOut,PartingShot,KnockOff,WillOWisp|||M|||50|,,,,,Bug]Primarina||ThroatSpray|LiquidVoice|HyperVoice,Moonblast,Protect,Haze|||F|||50|,,,,,Steel]Gholdengo||MetalCoat|GoodasGold|ShadowBall,MakeItRain,NastyPlot,Protect||||||50|,,,,,Dragon
|inactive|Battle timer is ON: inactive players will automatically lose when time's up. (requested by cookie669)
|inactive|galgith has 60 seconds left.
|
|t:|1756814889
|teamsize|p1|4
|teamsize|p2|4
|start
|switch|p1a: Cookie|Arcanine-Hisui, L50, M, shiny|100/100
|switch|p1b: Dragonite|Dragonite, L50, M, shiny|100/100
|switch|p2a: Primarina|Primarina, L50, F|100/100
|switch|p2b: Volcarona|Volcarona, L50, F|100/100
|-ability|p1a: Cookie|Intimidate|boost
|-unboost|p2a: Primarina|atk|1
|-unboost|p2b: Volcarona|atk|1
|turn|1
|inactive|cookie669 has 30 seconds left.
|inactive|galgith has 30 seconds left.
|inactive|cookie669 has 20 seconds left.
|inactive|galgith has 20 seconds left.
|
|t:|1756814925
|-terastallize|p1a: Cookie|Water
|-terastallize|p2b: Volcarona|Water
|move|p1a: Cookie|Rock Slide|p2b: Volcarona|[spread] p2a,p2b
|-damage|p2a: Primarina|72/100
|-damage|p2b: Volcarona|73/100
|move|p1b: Dragonite|Tailwind|p1b: Dragonite
|-sidestart|p1: cookie669|move: Tailwind
|move|p2b: Volcarona|Tailwind|p2b: Volcarona
|-sidestart|p2: galgith|move: Tailwind
|move|p2a: Primarina|Hyper Voice|p1b: Dragonite|[spread] p1a,p1b
|-resisted|p1a: Cookie
|-resisted|p1b: Dragonite
|-damage|p1a: Cookie|78/100
|-damage|p1b: Dragonite|90/100
|-enditem|p2a: Primarina|Throat Spray
|-boost|p2a: Primarina|spa|1|[from] item: Throat Spray
|
|upkeep
|turn|2
|inactive|cookie669 has 30 seconds left.
|inactive|galgith has 30 seconds left.
|inactive|galgith has 20 seconds left.
|
|t:|1756814965
|move|p1a: Cookie|Rock Slide|p2b: Volcarona|[spread] p2a,p2b
|-damage|p2a: Primarina|44/100
|-damage|p2b: Volcarona|44/100
|-enditem|p2b: Volcarona|Sitrus Berry|[eat]
|-heal|p2b: Volcarona|69/100|[from] item: Sitrus Berry
|move|p1b: Dragonite|Scale Shot|p2b: Volcarona
|-damage|p2b: Volcarona|51/100
|-damage|p2b: Volcarona|35/100
|-damage|p2b: Volcarona|20/100
|-damage|p2b: Volcarona|4/100
|-hitcount|p2b: Volcarona|4
|-unboost|p1b: Dragonite|def|1
|-boost|p1b: Dragonite|spe|1
|cant|p2b: Volcarona|flinch
|move|p2a: Primarina|Moonblast|p1b: Dragonite
|-supereffective|p1b: Dragonite
|-damage|p1b: Dragonite|0 fnt
|faint|p1b: Dragonite
|
|upkeep
|
|t:|1756814988
|switch|p1b: Ninetales|Ninetales-Alola, L50, F, shiny|100/100
|-weather|Snowscape|[from] ability: Snow Warning|[of] p1b: Ninetales
|turn|3
|inactive|galgith has 30 seconds left.
|inactive|galgith has 20 seconds left.
|
|t:|1756815026
|switch|p2b: Incineroar|Incineroar, L50, M, shiny|100/100
|-ability|p2b: Incineroar|Intimidate|boost
|-fail|p1a: Cookie|unboost|[from] item: Clear Amulet|[of] p1a: Cookie
|-unboost|p1b: Ninetales|atk|1
|move|p2a: Primarina|Protect|p2a: Primarina
|-singleturn|p2a: Primarina|Protect
|move|p1a: Cookie|Rock Slide|p2a: Primarina|[spread] 
|-activate|p2a: Primarina|move: Protect
|-miss|p1a: Cookie|p2b: Incineroar
|move|p1b: Ninetales|Aurora Veil|p1b: Ninetales
|-sidestart|p1: cookie669|move: Aurora Veil
|
|-weather|Snowscape|[upkeep]
|upkeep
|turn|4
|inactive|galgith has 30 seconds left.
|
|t:|1756815056
|move|p1a: Cookie|Rock Slide|p2b: Incineroar|[spread] p2a
|-miss|p1a: Cookie|p2b: Incineroar
|-damage|p2a: Primarina|14/100
|move|p1b: Ninetales|Encore|p2a: Primarina
|-start|p2a: Primarina|Encore
|move|p2b: Incineroar|Will-O-Wisp|p1a: Cookie
|-status|p1a: Cookie|brn
|cant|p2a: Primarina|flinch
|
|-weather|Snowscape|[upkeep]
|-damage|p1a: Cookie|72/100 brn|[from] brn
|-sideend|p2: galgith|move: Tailwind
|-sideend|p1: cookie669|move: Tailwind
|upkeep
|turn|5
|inactive|galgith has 30 seconds left.
|inactive|galgith has 20 seconds left.
|inactive|galgith has 15 seconds left.
|inactive|galgith has 10 seconds left.
|c|☆cookie669|your incin is just the goat
|
|t:|1756815104
|switch|p1b: Sneasler|Sneasler, L50, F, shiny|100/100
|move|p2a: Primarina|Protect|p2a: Primarina
|-singleturn|p2a: Primarina|Protect
|move|p1a: Cookie|Rock Slide|p2b: Incineroar|[spread] p2b
|-activate|p2a: Primarina|move: Protect
|-supereffective|p2b: Incineroar
|-damage|p2b: Incineroar|78/100
|cant|p2b: Incineroar|flinch
|
|-weather|Snowscape|[upkeep]
|-damage|p1a: Cookie|67/100 brn|[from] brn
|upkeep
|turn|6
|c|☆cookie669|2 10% dodges in a row
|inactive|galgith has 30 seconds left.
|inactive|galgith has 20 seconds left.
|inactive|galgith has 15 seconds left.
|
|t:|1756815147
|switch|p2a: Dragapult|Dragapult, L50, M|100/100
|move|p1b: Sneasler|Coaching|p1a: Cookie
|-boost|p1a: Cookie|atk|1
|-boost|p1a: Cookie|def|1
|move|p1a: Cookie|Rock Slide|p2a: Dragapult|[spread] p2a,p2b
|-supereffective|p2b: Incineroar
|-damage|p2a: Dragapult|71/100
|-damage|p2b: Incineroar|43/100
|cant|p2b: Incineroar|flinch
|
|-weather|Snowscape|[upkeep]
|-damage|p1a: Cookie|61/100 brn|[from] brn
|upkeep
|turn|7
|inactive|cookie669 has 30 seconds left.
|inactive|galgith has 30 seconds left.
|inactive|cookie669 has 20 seconds left.
|inactive|cookie669 has 15 seconds left.
|
|t:|1756815193
|switch|p1b: Ninetales|Ninetales-Alola, L50, F, shiny|100/100
|switch|p2b: Primarina|Primarina, L50, F|14/100
|move|p2a: Dragapult|Phantom Force||[still]
|-prepare|p2a: Dragapult|Phantom Force
|move|p1a: Cookie|Rock Slide|p2b: Primarina|[spread] p2b
|-miss|p1a: Cookie|p2a: Dragapult
|-damage|p2b: Primarina|0 fnt
|faint|p2b: Primarina
|
|-weather|none
|-damage|p1a: Cookie|55/100 brn|[from] brn
|-sideend|p1: cookie669|move: Aurora Veil
|upkeep
|
|t:|1756815212
|switch|p2b: Incineroar|Incineroar, L50, M, shiny|43/100
|-ability|p2b: Incineroar|Intimidate|boost
|-fail|p1a: Cookie|unboost|[from] item: Clear Amulet|[of] p1a: Cookie
|-unboost|p1b: Ninetales|atk|1
|turn|8
|
|t:|1756815231
|move|p2b: Incineroar|Fake Out|p1b: Ninetales
|-damage|p1b: Ninetales|83/100
|move|p2a: Dragapult|Phantom Force|p1a: Cookie|[from] lockedmove
|-damage|p1a: Cookie|2/100 brn
|move|p1a: Cookie|Rock Slide|p2a: Dragapult|[spread] p2a,p2b
|-supereffective|p2b: Incineroar
|-damage|p2a: Dragapult|45/100
|-damage|p2b: Incineroar|10/100
|cant|p1b: Ninetales|flinch
|
|-damage|p1a: Cookie|0 fnt|[from] brn
|faint|p1a: Cookie
|upkeep
|
|t:|1756815245
|switch|p1a: Sneasler|Sneasler, L50, F, shiny|100/100
|turn|9
|inactive|cookie669 has 30 seconds left.
|
|t:|1756815276
|switch|p2b: Volcarona|Volcarona, L50, F, tera:Water|4/100
|move|p2a: Dragapult|Phantom Force||[still]
|-prepare|p2a: Dragapult|Phantom Force
|move|p1a: Sneasler|Close Combat|p2b: Volcarona
|-damage|p2b: Volcarona|0 fnt
|-unboost|p1a: Sneasler|def|1
|-unboost|p1a: Sneasler|spd|1
|faint|p2b: Volcarona
|-enditem|p1a: Sneasler|White Herb
|-clearnegativeboost|p1a: Sneasler|[silent]
|move|p1b: Ninetales|Encore|p2a: Dragapult|[miss]
|-miss|p1b: Ninetales|p2a: Dragapult
|
|upkeep
|
|t:|1756815292
|switch|p2b: Incineroar|Incineroar, L50, M, shiny|10/100
|-ability|p2b: Incineroar|Intimidate|boost
|-unboost|p1a: Sneasler|atk|1
|-unboost|p1b: Ninetales|atk|1
|turn|10
|inactive|cookie669 has 30 seconds left.
|inactive|cookie669 has 20 seconds left.
|
|t:|1756815331
|move|p2b: Incineroar|Fake Out|p1b: Ninetales
|-damage|p1b: Ninetales|66/100
|move|p1a: Sneasler|Close Combat|p2b: Incineroar
|-supereffective|p2b: Incineroar
|-damage|p2b: Incineroar|0 fnt
|-unboost|p1a: Sneasler|def|1
|-unboost|p1a: Sneasler|spd|1
|faint|p2b: Incineroar
|move|p2a: Dragapult|Phantom Force|p1a: Sneasler|[from] lockedmove
|-damage|p1a: Sneasler|0 fnt
|faint|p1a: Sneasler
|cant|p1b: Ninetales|flinch
|
|upkeep
|turn|11
|
|t:|1756815350
|move|p2a: Dragapult|Phantom Force||[still]
|-prepare|p2a: Dragapult|Phantom Force
|move|p1b: Ninetales|Icy Wind|p2a: Dragapult|[miss]
|-miss|p1b: Ninetales|p2a: Dragapult
|
|upkeep
|turn|12
|c|☆galgith|And now let's see how it goes
|
|t:|1756815366
|move|p2a: Dragapult|Phantom Force|p1b: Ninetales|[from] lockedmove
|-damage|p1b: Ninetales|0 fnt
|faint|p1b: Ninetales
|
|win|galgith
|raw|cookie669's rating: 1035 → 1023(-12 for losing)
|raw|galgith's rating: 1105 → 1125(+20 for winning)
|c|☆cookie669|big surprise
|c|☆galgith|That was hard
|l|☆cookie669
|player|p1|
|c|☆galgith|I just hope that sacrificing everyone for the fake outs I would have done something
