|j|☆chinozolano28
|j|☆eklyst
|html|chinozolano28eklyst    
|uhtml|bestof|Game 1 of a best-of-3
|t:|1785197617
|gametype|doubles
|player|p1|chinozolano28|cynthia|1052
|player|p2|eklyst|pokemaniac|1157
|gen|9
|tier|[Gen 9 Champions] VGC 2026 Reg M-B (Bo3)
|rated|
|rule|Species Clause: Limit one of each Pokémon
|rule|Item Clause: Limit 1 of each item
|clearpoke
|poke|p1|Gengar, L50, M, shiny|
|poke|p1|Politoed, L50, M, shiny|
|poke|p1|Incineroar, L50, M|
|poke|p1|Sinistcha, L50|
|poke|p1|Tinkaton, L50, F|
|poke|p1|Kommo-o, L50, F|
|poke|p2|Metagross, L50|
|poke|p2|Floette-Eternal, L50, F|
|poke|p2|Garchomp, L50, F|
|poke|p2|Aerodactyl, L50, F|
|poke|p2|Sinistcha, L50|
|poke|p2|Incineroar, L50, M|
|teampreview|4
|showteam|p1|Gengar||Gengarite|CursedBody|PerishSong,Disable,ShadowBall,Protect|Timid||M|||50|]Politoed||SitrusBerry|Drizzle|Protect,PerishSong,Encore,WeatherBall|Bold||M|||50|]Incineroar||IronBall|Intimidate|FakeOut,ThroatChop,PartingShot,Protect|Careful||M|||50|]Sinistcha||KasibBerry|Hospitality|MatchaGotcha,RagePowder,LifeDew,Protect|Relaxed|||||50|]Tinkaton||ShucaBerry|MoldBreaker|FakeOut,GigatonHammer,Encore,Protect|Jolly||F|||50|]Kommo-o||Leftovers|Soundproof|AuraSphere,ClangingScales,ClangorousSoul,Protect|Timid||F|||50|
|showteam|p2|Metagross||Metagrossite|ClearBody|PsychicFangs,IronHead,BulletPunch,Protect|Adamant|||||50|]Floette-Eternal||Floettite|FlowerVeil|DazzlingGleam,Moonblast,CalmMind,Protect|Modest||F|||50|]Garchomp||LifeOrb|RoughSkin|RockSlide,StompingTantrum,DragonClaw,Protect|Jolly||F|||50|]Aerodactyl||FocusSash|Unnerve|RockSlide,DualWingbeat,Tailwind,Protect|Jolly||F|||50|]Sinistcha||KasibBerry|Hospitality|MatchaGotcha,TrickRoom,RagePowder,Protect|Relaxed|||||50|]Incineroar||SitrusBerry|Intimidate|FakeOut,FlareBlitz,ThroatChop,PartingShot|Adamant||M|||50|
|inactive|Battle timer is ON: inactive players will automatically lose when time's up. (requested by eklyst)
|inactive|eklyst has 60 seconds left.
|
|t:|1785197661
|teamsize|p1|4
|teamsize|p2|4
|start
|switch|p1a: Gengar|Gengar, L50, M, shiny|100/100
|switch|p1b: Politoed|Politoed, L50, M, shiny|100/100
|switch|p2a: Garchomp|Garchomp, L50, F|100/100
|switch|p2b: Incineroar|Incineroar, L50, M|100/100
|-weather|RainDance|[from] ability: Drizzle|[of] p1b: Politoed
|-ability|p2b: Incineroar|Intimidate|boost
|-unboost|p1a: Gengar|atk|1
|-unboost|p1b: Politoed|atk|1
|turn|1
|
|t:|1785197681
|detailschange|p1a: Gengar|Gengar-Mega, L50, M, shiny
|-mega|p1a: Gengar|Gengar|Gengarite
|move|p1a: Gengar|Protect|p1a: Gengar
|-singleturn|p1a: Gengar|Protect
|move|p2b: Incineroar|Fake Out|p1b: Politoed
|-damage|p1b: Politoed|83/100
|move|p2a: Garchomp|Stomping Tantrum|p1a: Gengar
|-activate|p1a: Gengar|move: Protect
|cant|p1b: Politoed|flinch
|
|-weather|RainDance|[upkeep]
|upkeep
|turn|2
|inactive|chinozolano28 has 30 seconds left.
|
|t:|1785197707
|move|p1a: Gengar|Perish Song|p1a: Gengar
|-start|p1a: Gengar|perish3|[silent]
|-start|p1b: Politoed|perish3|[silent]
|-start|p2a: Garchomp|perish3|[silent]
|-start|p2b: Incineroar|perish3|[silent]
|-fieldactivate|move: Perish Song
|move|p2a: Garchomp|Stomping Tantrum|p1a: Gengar
|-supereffective|p1a: Gengar|1
|-damage|p1a: Gengar|0 fnt
|faint|p1a: Gengar
|-damage|p2a: Garchomp|90/100|[from] item: Life Orb
|move|p1b: Politoed|Encore|p2b: Incineroar
|-start|p2b: Incineroar|Encore
|move|p2b: Incineroar|Fake Out||[still]
|-hint|Fake Out only works on your first turn out.
|-fail|p2b: Incineroar
|
|-weather|RainDance|[upkeep]
|-start|p2a: Garchomp|perish3
|-start|p1b: Politoed|perish3
|-start|p2b: Incineroar|perish3
|upkeep
|
|t:|1785197723
|switch|p1a: Incineroar|Incineroar, L50, M|100/100
|-ability|p1a: Incineroar|Intimidate|boost
|-unboost|p2a: Garchomp|atk|1
|-unboost|p2b: Incineroar|atk|1
|turn|3
|
|t:|1785197737
|switch|p2b: Sinistcha|Sinistcha, L50|100/100
|-heal|p2a: Garchomp|100/100|[from] ability: Hospitality|[of] p2b: Sinistcha
|move|p1a: Incineroar|Fake Out|p2a: Garchomp
|-damage|p2a: Garchomp|89/100
|-damage|p1a: Incineroar|87/100|[from] ability: Rough Skin|[of] p2a: Garchomp
|cant|p2a: Garchomp|flinch
|move|p1b: Politoed|Weather Ball|p2b: Sinistcha
|-resisted|p2b: Sinistcha|1
|-damage|p2b: Sinistcha|78/100
|
|-weather|RainDance|[upkeep]
|-start|p2a: Garchomp|perish2
|-start|p1b: Politoed|perish2
|upkeep
|turn|4
|
|t:|1785197761
|switch|p2a: Incineroar|Incineroar, L50, M|100/100
|-ability|p2a: Incineroar|Intimidate|boost
|-unboost|p1a: Incineroar|atk|1
|-unboost|p1b: Politoed|atk|1
|move|p1b: Politoed|Protect|p1b: Politoed
|-singleturn|p1b: Politoed|Protect
|move|p2b: Sinistcha|Matcha Gotcha|p1a: Incineroar|[spread] p1a
|-activate|p1b: Politoed|move: Protect
|-resisted|p1a: Incineroar|1
|-damage|p1a: Incineroar|79/100
|-heal|p2b: Sinistcha|83/100|[from] drain|[of] p1a: Incineroar
|move|p1a: Incineroar|Parting Shot|p2a: Incineroar
|-unboost|p2a: Incineroar|atk|1
|-unboost|p2a: Incineroar|spa|1
|
|t:|1785197776
|switch|p1a: Kommo-o|Kommo-o, L50, F|100/100|[from] Parting Shot
|
|-weather|RainDance|[upkeep]
|-start|p1b: Politoed|perish1
|upkeep
|turn|5
|
|t:|1785197792
|move|p1a: Kommo-o|Clangorous Soul|p1a: Kommo-o
|-boost|p1a: Kommo-o|atk|1
|-boost|p1a: Kommo-o|def|1
|-boost|p1a: Kommo-o|spa|1
|-boost|p1a: Kommo-o|spd|1
|-boost|p1a: Kommo-o|spe|1
|-damage|p1a: Kommo-o|67/100
|move|p1b: Politoed|Weather Ball|p2a: Incineroar
|-supereffective|p2a: Incineroar|1
|-damage|p2a: Incineroar|19/100
|-enditem|p2a: Incineroar|Sitrus Berry|[eat]
|-heal|p2a: Incineroar|44/100|[from] item: Sitrus Berry
|move|p2a: Incineroar|Parting Shot|p1b: Politoed
|-unboost|p1b: Politoed|atk|1
|-unboost|p1b: Politoed|spa|1
|
|t:|1785197808
|switch|p2a: Metagross|Metagross, L50|100/100|[from] Parting Shot
|move|p2b: Sinistcha|Matcha Gotcha|p1a: Kommo-o|[spread] p1b
|-miss|p2b: Sinistcha|p1a: Kommo-o
|-supereffective|p1b: Politoed|1
|-damage|p1b: Politoed|35/100
|-heal|p2b: Sinistcha|100/100|[from] drain|[of] p1b: Politoed
|-status|p1b: Politoed|brn
|-enditem|p1b: Politoed|Sitrus Berry|[eat]
|-heal|p1b: Politoed|60/100 brn|[from] item: Sitrus Berry
|
|-weather|none
|-heal|p1a: Kommo-o|73/100|[from] item: Leftovers
|-damage|p1b: Politoed|53/100 brn|[from] brn
|-start|p1b: Politoed|perish0
|upkeep
|faint|p1b: Politoed
|
|t:|1785197811
|switch|p1b: Incineroar|Incineroar, L50, M|79/100
|-ability|p1b: Incineroar|Intimidate|boost
|-fail|p2a: Metagross|unboost|[from] ability: Clear Body|[of] p2a: Metagross
|-unboost|p2b: Sinistcha|atk|1
|turn|6
|
|t:|1785197831
|detailschange|p2a: Metagross|Metagross-Mega, L50
|-mega|p2a: Metagross|Metagross|Metagrossite
|move|p2a: Metagross|Protect|p2a: Metagross
|-singleturn|p2a: Metagross|Protect
|move|p2b: Sinistcha|Protect|p2b: Sinistcha
|-singleturn|p2b: Sinistcha|Protect
|move|p1b: Incineroar|Fake Out|p2a: Metagross
|-activate|p2a: Metagross|move: Protect
|move|p1a: Kommo-o|Clanging Scales|p2b: Sinistcha|[spread] 
|-activate|p2a: Metagross|move: Protect
|-activate|p2b: Sinistcha|move: Protect
|
|-heal|p1a: Kommo-o|78/100|[from] item: Leftovers
|upkeep
|turn|7
|
|t:|1785197847
|move|p2b: Sinistcha|Rage Powder|p2b: Sinistcha
|-singleturn|p2b: Sinistcha|move: Rage Powder
|move|p1a: Kommo-o|Clanging Scales|p2b: Sinistcha|[spread] p2a,p2b
|-resisted|p2a: Metagross|1
|-damage|p2a: Metagross|74/100
|-damage|p2b: Sinistcha|52/100
|-unboost|p1a: Kommo-o|def|1
|move|p2a: Metagross|Psychic Fangs|p1a: Kommo-o
|-supereffective|p1a: Kommo-o|1
|-crit|p1a: Kommo-o
|-damage|p1a: Kommo-o|0 fnt
|faint|p1a: Kommo-o
|move|p1b: Incineroar|Throat Chop|p2b: Sinistcha
|-supereffective|p2b: Sinistcha|1
|-damage|p2b: Sinistcha|1/100
|-start|p2b: Sinistcha|Throat Chop|[silent]
|
|upkeep
|turn|8
|
|t:|1785197870
|move|p2b: Sinistcha|Rage Powder|p2b: Sinistcha
|-singleturn|p2b: Sinistcha|move: Rage Powder
|move|p2a: Metagross|Iron Head|p1b: Incineroar
|-resisted|p1b: Incineroar|1
|-damage|p1b: Incineroar|49/100
|cant|p1b: Incineroar|flinch
|
|-end|p2b: Sinistcha|Throat Chop|[silent]
|upkeep
|turn|9
|
|t:|1785197882
|move|p2b: Sinistcha|Rage Powder|p2b: Sinistcha
|-singleturn|p2b: Sinistcha|move: Rage Powder
|move|p2a: Metagross|Iron Head|p1b: Incineroar
|-resisted|p1b: Incineroar|1
|-damage|p1b: Incineroar|19/100
|move|p1b: Incineroar|Throat Chop|p2b: Sinistcha
|-supereffective|p2b: Sinistcha|1
|-damage|p2b: Sinistcha|0 fnt
|faint|p2b: Sinistcha
|
|upkeep
|
|t:|1785197887
|switch|p2b: Garchomp|Garchomp, L50, F|89/100
|turn|10
|
|t:|1785197892
|move|p2b: Garchomp|Stomping Tantrum|p1b: Incineroar
|-supereffective|p1b: Incineroar|1
|-crit|p1b: Incineroar
|-damage|p1b: Incineroar|0 fnt
|faint|p1b: Incineroar
|-damage|p2b: Garchomp|80/100|[from] item: Life Orb
|
|win|eklyst
||eklyst is ready for game 2.
||chinozolano28 is ready for game 2.
|uhtml|next|Next: Game 2 of 3
