|j|☆TrevenantHugger
|j|☆Tractie
|html|TrevenantHuggerTractie    
|uhtml|bestof|Game 1 of a best-of-3
|t:|1757081601
|gametype|doubles
|player|p1|TrevenantHugger|swimmer-gen4dp|1270
|player|p2|Tractie|265|1368
|gen|9
|tier|[Gen 9] VGC 2025 Reg H (Bo3)
|rated|
|rule|Species Clause: Limit one of each Pokémon
|rule|Item Clause: Limit 1 of each item
|clearpoke
|poke|p1|Electabuzz, L50, F|
|poke|p1|Incineroar, L50, M|
|poke|p1|Rillaboom, L50, M|
|poke|p1|Annihilape, L50, M|
|poke|p1|Sneasler, L50, F|
|poke|p1|Primarina, L50, F|
|poke|p2|Gothitelle, L50, F|
|poke|p2|Dondozo, L50, F|
|poke|p2|Kingambit, L50, M|
|poke|p2|Incineroar, L50, M|
|poke|p2|Amoonguss, L50, M|
|poke|p2|Zoroark-Hisui, L50, M|
|teampreview|4
|showteam|p1|Electabuzz||Eviolite|VitalSpirit|VoltSwitch,Taunt,Electroweb,FollowMe|||F|||50|,,,,,Ghost]Incineroar||SafetyGoggles|Intimidate|FakeOut,PartingShot,FlareBlitz,KnockOff|||M|||50|,,,,,Grass]Rillaboom||AssaultVest|GrassySurge|GrassyGlide,FakeOut,DrumBeating,Uturn|||M|||50|,,,,,Fire]Annihilape||Leftovers|Defiant|DrainPunch,RageFist,Protect,BulkUp|||M|||50|,,,,,Fire]Sneasler||FocusSash|Unburden|CloseCombat,Protect,FakeOut,DireClaw|||F|||50|,,,,,Ghost]Primarina||SitrusBerry|LiquidVoice|Protect,HyperVoice,Moonblast,CalmMind|||F|||50|,,,,,Poison
|showteam|p2|Gothitelle||SitrusBerry|ShadowTag|FakeOut,Psychic,TrickRoom,Protect|||F|||50|,,,,,Water]Dondozo||Leftovers|Unaware|WaveCrash,BodyPress,Yawn,Protect|||F|||50|,,,,,Electric]Kingambit||BlackGlasses|Defiant|SuckerPunch,KowtowCleave,SwordsDance,Protect|||M|||50|,,,,,Dark]Incineroar||SafetyGoggles|Intimidate|FakeOut,FlareBlitz,KnockOff,PartingShot|||M|||50|,,,,,Ghost]Amoonguss||RockyHelmet|Regenerator|Spore,RagePowder,PollenPuff,Protect|||M|||50|,,,,,Fairy]Zoroark-Hisui||LifeOrb|Illusion|ShadowBall,TeraBlast,FocusBlast,Protect|||M|||50|,,,,,Stellar
|inactive|Battle timer is ON: inactive players will automatically lose when time's up. (requested by Tractie)
|inactive|TrevenantHugger also wants the timer to be on.
|inactive|TrevenantHugger has 60 seconds left.
|inactive|Tractie has 60 seconds left.
|inactive|Tractie has 30 seconds left.
|
|t:|1757081664
|teamsize|p1|4
|teamsize|p2|4
|start
|switch|p1a: Incineroar|Incineroar, L50, M|100/100
|switch|p1b: Annihilape|Annihilape, L50, M|100/100
|switch|p2a: Gothitelle|Gothitelle, L50, F|100/100
|switch|p2b: Dondozo|Dondozo, L50, F|100/100
|-ability|p1a: Incineroar|Intimidate|boost
|-unboost|p2a: Gothitelle|atk|1
|-unboost|p2b: Dondozo|atk|1
|turn|1
|inactive|TrevenantHugger has 30 seconds left.
|inactive|Tractie has 30 seconds left.
|inactive|TrevenantHugger has 20 seconds left.
|
|t:|1757081702
|move|p1b: Annihilape|Bulk Up|p1b: Annihilape
|-boost|p1b: Annihilape|atk|1
|-boost|p1b: Annihilape|def|1
|move|p1a: Incineroar|Knock Off|p2b: Dondozo
|-damage|p2b: Dondozo|75/100
|-enditem|p2b: Dondozo|Leftovers|[from] move: Knock Off|[of] p1a: Incineroar
|move|p2b: Dondozo|Yawn|p1b: Annihilape
|-start|p1b: Annihilape|move: Yawn|[of] p2b: Dondozo
|move|p2a: Gothitelle|Trick Room|p2a: Gothitelle
|-fieldstart|move: Trick Room|[of] p2a: Gothitelle
|
|upkeep
|turn|2
|inactive|Tractie has 30 seconds left.
|inactive|Tractie has 20 seconds left.
|
|t:|1757081738
|move|p2b: Dondozo|Yawn|p1a: Incineroar
|-start|p1a: Incineroar|move: Yawn|[of] p2b: Dondozo
|move|p1a: Incineroar|Knock Off|p2a: Gothitelle
|-supereffective|p2a: Gothitelle
|-damage|p2a: Gothitelle|28/100
|-enditem|p2a: Gothitelle|Sitrus Berry|[from] move: Knock Off|[of] p1a: Incineroar
|move|p2a: Gothitelle|Psychic|p1b: Annihilape
|-supereffective|p1b: Annihilape
|-crit|p1b: Annihilape
|-damage|p1b: Annihilape|30/100
|move|p1b: Annihilape|Rage Fist|p2a: Gothitelle
|-supereffective|p2a: Gothitelle
|-damage|p2a: Gothitelle|0 fnt
|faint|p2a: Gothitelle
|
|-heal|p1b: Annihilape|36/100|[from] item: Leftovers
|-end|p1b: Annihilape|move: Yawn|[silent]
|-status|p1b: Annihilape|slp
|upkeep
|inactive|Tractie has 30 seconds left.
|
|t:|1757081772
|switch|p2a: Amoonguss|Amoonguss, L50, M|100/100
|turn|3
|
|t:|1757081783
|switch|p1a: Rillaboom|Rillaboom, L50, M|100/100
|-fieldstart|move: Grassy Terrain|[from] ability: Grassy Surge|[of] p1a: Rillaboom
|move|p2a: Amoonguss|Protect|p2a: Amoonguss
|-singleturn|p2a: Amoonguss|Protect
|move|p2b: Dondozo|Protect|p2b: Dondozo
|-singleturn|p2b: Dondozo|Protect
|cant|p1b: Annihilape|slp
|
|-heal|p2b: Dondozo|82/100|[from] Grassy Terrain
|-heal|p1b: Annihilape|42/100 slp|[from] Grassy Terrain
|-heal|p1b: Annihilape|48/100 slp|[from] item: Leftovers
|upkeep
|turn|4
|
|t:|1757081798
|move|p1a: Rillaboom|Fake Out|p2b: Dondozo
|-damage|p2b: Dondozo|73/100
|move|p2a: Amoonguss|Pollen Puff|p2b: Dondozo
|-heal|p2b: Dondozo|100/100
|cant|p2b: Dondozo|flinch
|cant|p1b: Annihilape|slp
|
|-heal|p1b: Annihilape|54/100 slp|[from] Grassy Terrain
|-heal|p1b: Annihilape|60/100 slp|[from] item: Leftovers
|upkeep
|turn|5
|inactive|Tractie has 30 seconds left.
|inactive|Tractie has 20 seconds left.
|inactive|Tractie has 15 seconds left.
|inactive|Tractie has 10 seconds left.
|
|t:|1757081845
|switch|p2b: Incineroar|Incineroar, L50, M|100/100
|-ability|p2b: Incineroar|Intimidate|boost
|-unboost|p1a: Rillaboom|atk|1
|-unboost|p1b: Annihilape|atk|1
|-ability|p1b: Annihilape|Defiant|boost
|-boost|p1b: Annihilape|atk|2
|move|p2a: Amoonguss|Pollen Puff|p1a: Rillaboom
|-supereffective|p1a: Rillaboom
|-damage|p1a: Rillaboom|76/100
|cant|p1b: Annihilape|slp
|move|p1a: Rillaboom|U-turn|p1b: Annihilape
|-resisted|p1b: Annihilape
|-damage|p1b: Annihilape|59/100 slp
|
|t:|1757081856
|switch|p1a: Sneasler|Sneasler, L50, F|100/100|[from] U-turn
|
|-heal|p1b: Annihilape|65/100 slp|[from] Grassy Terrain
|-heal|p1b: Annihilape|71/100 slp|[from] item: Leftovers
|-fieldend|move: Trick Room
|upkeep
|turn|6
|inactive|Tractie has 30 seconds left.
|inactive|Tractie has 20 seconds left.
|inactive|Tractie has 15 seconds left.
|inactive|Tractie has 10 seconds left.
|
|t:|1757081906
|move|p2a: Amoonguss|Protect|p2a: Amoonguss
|-singleturn|p2a: Amoonguss|Protect
|move|p1a: Sneasler|Close Combat|p2b: Incineroar
|-supereffective|p2b: Incineroar
|-damage|p2b: Incineroar|0 fnt
|-unboost|p1a: Sneasler|def|1
|-unboost|p1a: Sneasler|spd|1
|faint|p2b: Incineroar
|-curestatus|p1b: Annihilape|slp|[msg]
|move|p1b: Annihilape|Rage Fist|p2a: Amoonguss
|-activate|p2a: Amoonguss|move: Protect
|
|-heal|p1b: Annihilape|77/100|[from] Grassy Terrain
|-heal|p1b: Annihilape|83/100|[from] item: Leftovers
|upkeep
|
|t:|1757081916
|switch|p2b: Dondozo|Dondozo, L50, F|100/100
|turn|7
|
|t:|1757081932
|switch|p1a: Incineroar|Incineroar, L50, M|100/100
|-ability|p1a: Incineroar|Intimidate|boost
|-unboost|p2a: Amoonguss|atk|1
|-unboost|p2b: Dondozo|atk|1
|move|p1b: Annihilape|Protect|p1b: Annihilape
|-singleturn|p1b: Annihilape|Protect
|move|p2b: Dondozo|Wave Crash|p1a: Incineroar
|-supereffective|p1a: Incineroar
|-damage|p1a: Incineroar|55/100
|-damage|p2b: Dondozo|89/100|[from] Recoil
|move|p2a: Amoonguss|Spore|p1b: Annihilape
|-activate|p1b: Annihilape|move: Protect
|
|-heal|p1b: Annihilape|89/100|[from] Grassy Terrain
|-heal|p1b: Annihilape|95/100|[from] item: Leftovers
|-heal|p1a: Incineroar|61/100|[from] Grassy Terrain
|-heal|p2b: Dondozo|95/100|[from] Grassy Terrain
|-fieldend|move: Grassy Terrain
|upkeep
|turn|8
|-message|Tractie forfeited.
|
|win|TrevenantHugger
