|j|☆Praximus
|j|☆ufhednarvgc
|html|Praximusufhednarvgc    
|uhtml|bestof|Game 3 of a best-of-3
|t:|1785347653
|gametype|doubles
|player|p1|Praximus|red|1273
|player|p2|ufhednarvgc|lance|1161
|gen|9
|tier|[Gen 9 Champions] VGC 2026 Reg M-B (Bo3)
|rated|
|rule|Species Clause: Limit one of each Pokémon
|rule|Item Clause: Limit 1 of each item
|clearpoke
|poke|p1|Staraptor, L50, M, shiny|
|poke|p1|Milotic, L50, M|
|poke|p1|Tyranitar, L50, M|
|poke|p1|Excadrill, L50, M|
|poke|p1|Gholdengo, L50|
|poke|p1|Venusaur, L50, M|
|poke|p2|Staraptor, L50, M|
|poke|p2|Whimsicott, L50, F|
|poke|p2|Garchomp, L50, F|
|poke|p2|Gholdengo, L50|
|poke|p2|Incineroar, L50, M|
|poke|p2|Raichu, L50, F|
|teampreview|4
|showteam|p1|Staraptor||Staraptite|Intimidate|BraveBird,CloseCombat,Tailwind,Protect|Jolly||M|||50|]Milotic||Leftovers|Competitive|Scald,IcyWind,IceBeam,Recover|Calm||M|||50|]Tyranitar||ChoiceScarf|SandStream|RockSlide,KnockOff,BrickBreak,IcePunch|Jolly||M|||50|]Excadrill||FocusSash|SandRush|StompingTantrum,IronHead,RockSlide,Protect|Adamant||M|||50|]Gholdengo||LifeOrb|GoodasGold|MakeItRain,ShadowBall,Thunderbolt,Protect|Serious|||||50|]Venusaur||Venusaurite|Chlorophyll|SludgeBomb,GigaDrain,EarthPower,Protect|Modest||M|||50|
|showteam|p2|Staraptor||Staraptite|Intimidate|CloseCombat,BraveBird,Roost,Protect|Jolly||M|||50|]Whimsicott||FocusSash|Prankster|Moonblast,Charm,Tailwind,LightScreen|Timid||F|||50|]Garchomp||LifeOrb|RoughSkin|DragonClaw,Earthquake,RockSlide,Protect|Jolly||F|||50|]Gholdengo||WhiteHerb|GoodasGold|MakeItRain,ShadowBall,NastyPlot,Protect|Timid|||||50|]Incineroar||SitrusBerry|Intimidate|FakeOut,FlareBlitz,PartingShot,ThroatChop|Careful||M|||50|]Raichu||RaichuniteY|Static|FakeOut,ZapCannon,FocusBlast,Protect|Timid||F|||50|
|inactive|Battle timer is ON: inactive players will automatically lose when time's up. (requested by Praximus)
|
|t:|1785347673
|teamsize|p1|4
|teamsize|p2|4
|start
|switch|p1a: Staraptor|Staraptor, L50, M, shiny|100/100
|switch|p1b: Milotic|Milotic, L50, M|100/100
|switch|p2a: Staraptor|Staraptor, L50, M|100/100
|switch|p2b: Whimsicott|Whimsicott, L50, F|100/100
|-ability|p1a: Staraptor|Intimidate|boost
|-unboost|p2a: Staraptor|atk|1
|-unboost|p2b: Whimsicott|atk|1
|-ability|p2a: Staraptor|Intimidate|boost
|-unboost|p1a: Staraptor|atk|1
|-unboost|p1b: Milotic|atk|1
|-ability|p1b: Milotic|Competitive|boost
|-boost|p1b: Milotic|spa|2
|turn|1
|
|t:|1785347694
|detailschange|p2a: Staraptor|Staraptor-Mega, L50, M
|-mega|p2a: Staraptor|Staraptor|Staraptite
|move|p2b: Whimsicott|Charm|p2a: Staraptor
|-boost|p2a: Staraptor|atk|2
|move|p2a: Staraptor|Close Combat|p1b: Milotic
|-damage|p1b: Milotic|17/100
|-boost|p2a: Staraptor|def|1
|-boost|p2a: Staraptor|spd|1
|move|p1a: Staraptor|Tailwind|p1a: Staraptor
|-sidestart|p1: Praximus|move: Tailwind
|move|p1b: Milotic|Ice Beam|p2a: Staraptor
|-supereffective|p2a: Staraptor|1
|-damage|p2a: Staraptor|39/100
|
|-heal|p1b: Milotic|23/100|[from] item: Leftovers
|upkeep
|turn|2
|inactive|Praximus has 30 seconds left.
|inactive|ufhednarvgc has 30 seconds left.
|
|t:|1785347726
|move|p2b: Whimsicott|Tailwind|p2b: Whimsicott
|-sidestart|p2: ufhednarvgc|move: Tailwind
|move|p2a: Staraptor|Brave Bird|p1a: Staraptor
|-damage|p1a: Staraptor|0 fnt
|faint|p1a: Staraptor
|-damage|p2a: Staraptor|7/100|[from] Recoil
|move|p1b: Milotic|Ice Beam|p2b: Whimsicott
|-supereffective|p2b: Whimsicott|1
|-enditem|p2b: Whimsicott|Focus Sash
|-damage|p2b: Whimsicott|1/100
|
|-heal|p1b: Milotic|29/100|[from] item: Leftovers
|upkeep
|
|t:|1785347737
|switch|p1a: Tyranitar|Tyranitar, L50, M|100/100
|-weather|Sandstorm|[from] ability: Sand Stream|[of] p1a: Tyranitar
|turn|3
|
|t:|1785347755
|switch|p1a: Venusaur|Venusaur, L50, M|100/100
|move|p2b: Whimsicott|Moonblast|p1b: Milotic
|-damage|p1b: Milotic|2/100
|move|p2a: Staraptor|Roost|p2a: Staraptor
|-heal|p2a: Staraptor|57/100
|-singleturn|p2a: Staraptor|move: Roost
|move|p1b: Milotic|Recover|p1b: Milotic
|-heal|p1b: Milotic|52/100
|
|-weather|Sandstorm|[upkeep]
|-damage|p2b: Whimsicott|0 fnt|[from] Sandstorm
|-damage|p2a: Staraptor|51/100|[from] Sandstorm
|-damage|p1a: Venusaur|94/100|[from] Sandstorm
|-damage|p1b: Milotic|46/100|[from] Sandstorm
|faint|p2b: Whimsicott
|-heal|p1b: Milotic|52/100|[from] item: Leftovers
|upkeep
|
|t:|1785347771
|switch|p2b: Garchomp|Garchomp, L50, F|100/100
|turn|4
|
|t:|1785347781
|detailschange|p1a: Venusaur|Venusaur-Mega, L50, M
|-mega|p1a: Venusaur|Venusaur|Venusaurite
|move|p2a: Staraptor|Close Combat|p1b: Milotic
|-damage|p1b: Milotic|0 fnt
|-boost|p2a: Staraptor|def|1
|-boost|p2a: Staraptor|spd|1
|faint|p1b: Milotic
|move|p2b: Garchomp|Dragon Claw|p1a: Venusaur
|-damage|p1a: Venusaur|51/100
|-damage|p2b: Garchomp|90/100|[from] item: Life Orb
|move|p1a: Venusaur|Sludge Bomb|p2a: Staraptor
|-damage|p2a: Staraptor|28/100
|-status|p2a: Staraptor|psn
|
|-weather|Sandstorm|[upkeep]
|-damage|p2a: Staraptor|22/100 psn|[from] Sandstorm
|-damage|p1a: Venusaur|45/100|[from] Sandstorm
|-damage|p2a: Staraptor|9/100 psn|[from] psn
|-sideend|p1: Praximus|move: Tailwind
|upkeep
|
|t:|1785347797
|switch|p1b: Tyranitar|Tyranitar, L50, M|100/100
|turn|5
|
|t:|1785347803
|move|p1a: Venusaur|Protect|p1a: Venusaur
|-singleturn|p1a: Venusaur|Protect
|move|p2a: Staraptor|Brave Bird|p1a: Venusaur
|-activate|p1a: Venusaur|move: Protect
|move|p2b: Garchomp|Earthquake|p1b: Tyranitar|[spread] p1b
|-activate|p1a: Venusaur|move: Protect
|-immune|p2a: Staraptor
|-supereffective|p1b: Tyranitar|1
|-damage|p1b: Tyranitar|12/100
|-damage|p2b: Garchomp|80/100|[from] item: Life Orb
|move|p1b: Tyranitar|Ice Punch|p2b: Garchomp
|-supereffective|p2b: Garchomp|2
|-damage|p2b: Garchomp|0 fnt
|-damage|p1b: Tyranitar|0 fnt|[from] ability: Rough Skin|[of] p2b: Garchomp
|faint|p2b: Garchomp
|faint|p1b: Tyranitar
|
|-weather|Sandstorm|[upkeep]
|-damage|p2a: Staraptor|3/100 psn|[from] Sandstorm
|-damage|p1a: Venusaur|39/100|[from] Sandstorm
|-damage|p2a: Staraptor|0 fnt|[from] psn
|faint|p2a: Staraptor
|-sideend|p2: ufhednarvgc|move: Tailwind
|upkeep
|
|t:|1785347825
|switch|p2b: Incineroar|Incineroar, L50, M|100/100
|-ability|p2b: Incineroar|Intimidate|boost
|-unboost|p1a: Venusaur|atk|1
|turn|6
|
|t:|1785347834
|move|p1a: Venusaur|Earth Power|p2b: Incineroar
|-supereffective|p2b: Incineroar|1
|-damage|p2b: Incineroar|51/100
|move|p2b: Incineroar|Flare Blitz|p1a: Venusaur
|-supereffective|p1a: Venusaur|1
|-damage|p1a: Venusaur|1/100
|-damage|p2b: Incineroar|39/100|[from] Recoil
|-enditem|p2b: Incineroar|Sitrus Berry|[eat]
|-heal|p2b: Incineroar|64/100|[from] item: Sitrus Berry
|
|-weather|Sandstorm|[upkeep]
|-damage|p1a: Venusaur|0 fnt|[from] Sandstorm
|-damage|p2b: Incineroar|58/100|[from] Sandstorm
|faint|p1a: Venusaur
|
|win|ufhednarvgc
|raw|Praximus's rating: 1273 → 1240(-33 for losing)
|raw|ufhednarvgc's rating: 1161 → 1194(+33 for winning)
|l|☆Praximus
|player|p1|
