|j|☆ShadowJeffX
|j|☆pikajw
|html|ShadowJeffXpikajw    
|uhtml|bestof|Game 1 of a best-of-3
|t:|1757740486
|gametype|doubles
|player|p1|ShadowJeffX|ethan|1164
|player|p2|pikajw|170|1135
|gen|9
|tier|[Gen 9] VGC 2025 Reg H (Bo3)
|rated|
|rule|Species Clause: Limit one of each Pokémon
|rule|Item Clause: Limit 1 of each item
|clearpoke
|poke|p1|Gholdengo, L50|
|poke|p1|Amoonguss, L50, M|
|poke|p1|Incineroar, L50, F|
|poke|p1|Maushold-Four, L50|
|poke|p1|Annihilape, L50, M|
|poke|p1|Dragonite, L50, M|
|poke|p2|Ursaluna-Bloodmoon, L50, M|
|poke|p2|Volcarona, L50, M|
|poke|p2|Tyranitar, L50, M|
|poke|p2|Rillaboom, L50, M|
|poke|p2|Annihilape, L50, M|
|poke|p2|Archaludon, L50, F|
|teampreview|4
|showteam|p1|Gholdengo||SitrusBerry|GoodasGold|MakeItRain,ShadowBall,Protect,NastyPlot||||||50|,,,,,Water]Amoonguss||RockyHelmet|Regenerator|Spore,PollenPuff,Protect,RagePowder|||M|||50|,,,,,Water]Incineroar||SafetyGoggles|Intimidate|FakeOut,PartingShot,WillOWisp,KnockOff|||F|||50|,,,,,Ghost]Maushold-Four||FocusSash|FriendGuard|BeatUp,Taunt,FollowMe,Protect||||||50|,,,,,Ghost]Annihilape||Leftovers|Defiant|DrainPunch,RageFist,BulkUp,Protect|||M|||50|,,,,,Water]Dragonite||LoadedDice|Multiscale|Protect,ScaleShot,Tailwind,Haze|||M|||50|,,,,,Fairy
|showteam|p2|Ursaluna-Bloodmoon||AssaultVest|MindsEye|BloodMoon,HyperVoice,VacuumWave,EarthPower|||M|||50|,,,,,Water]Volcarona||CovertCloak|FlameBody|Overheat,StruggleBug,Tailwind,WillOWisp|||M|||50|,,,,,Grass]Tyranitar||ChoiceScarf|SandStream|KnockOff,RockSlide,TeraBlast,LowKick|||M|||50|,,,,,Flying]Rillaboom||MiracleSeed|GrassySurge|FakeOut,GrassyGlide,Protect,WoodHammer|||M|||50|,,,,,Fire]Annihilape||SafetyGoggles|Defiant|RageFist,DrainPunch,BulkUp,Protect|||M|||50|,,,,,Fire]Archaludon||PowerHerb|Stalwart|ElectroShot,Thunderbolt,DragonPulse,Protect|||F|||50|,,,,,Electric
|inactive|Battle timer is ON: inactive players will automatically lose when time's up. (requested by ShadowJeffX)
|inactive|pikajw has 60 seconds left.
|
|t:|1757740537
|teamsize|p1|4
|teamsize|p2|4
|start
|switch|p1a: Maushold|Maushold-Four, L50|100/100
|switch|p1b: Annihilape|Annihilape, L50, M|100/100
|switch|p2a: Volcarona|Volcarona, L50, M|100/100
|switch|p2b: Ursaluna|Ursaluna-Bloodmoon, L50, M|100/100
|turn|1
|inactive|ShadowJeffX has 30 seconds left.
|inactive|pikajw has 30 seconds left.
|inactive|ShadowJeffX has 20 seconds left.
|
|t:|1757740573
|move|p1b: Annihilape|Protect|p1b: Annihilape
|-singleturn|p1b: Annihilape|Protect
|move|p1a: Maushold|Taunt|p2a: Volcarona
|-start|p2a: Volcarona|move: Taunt
|cant|p2a: Volcarona|move: Taunt|Will-O-Wisp
|move|p2b: Ursaluna|Blood Moon|p1a: Maushold
|-damage|p1a: Maushold|6/100
|
|upkeep
|turn|2
|inactive|ShadowJeffX has 30 seconds left.
|inactive|ShadowJeffX has 20 seconds left.
|inactive|ShadowJeffX has 15 seconds left.
|
|t:|1757740614
|move|p1a: Maushold|Beat Up|p1b: Annihilape
|-damage|p1b: Annihilape|99/100
|-damage|p1b: Annihilape|96/100
|-damage|p1b: Annihilape|94/100
|-damage|p1b: Annihilape|92/100
|-hitcount|p1b: Annihilape|4
|move|p2a: Volcarona|Overheat|p1b: Annihilape|[miss]
|-miss|p2a: Volcarona|p1b: Annihilape
|move|p1b: Annihilape|Bulk Up|p1b: Annihilape
|-boost|p1b: Annihilape|atk|1
|-boost|p1b: Annihilape|def|1
|move|p2b: Ursaluna|Hyper Voice|p1a: Maushold|[spread] p1a,p1b
|-damage|p1a: Maushold|0 fnt
|-damage|p1b: Annihilape|70/100
|faint|p1a: Maushold
|
|-heal|p1b: Annihilape|76/100|[from] item: Leftovers
|upkeep
|
|t:|1757740631
|switch|p1a: Incineroar|Incineroar, L50, F|100/100
|-ability|p1a: Incineroar|Intimidate|boost
|-unboost|p2a: Volcarona|atk|1
|-unboost|p2b: Ursaluna|atk|1
|turn|3
|
|t:|1757740649
|switch|p2a: Tyranitar|Tyranitar, L50, M|100/100
|-weather|Sandstorm|[from] ability: Sand Stream|[of] p2a: Tyranitar
|-terastallize|p1b: Annihilape|Water
|move|p1a: Incineroar|Fake Out|p2b: Ursaluna
|-damage|p2b: Ursaluna|93/100
|move|p1b: Annihilape|Rage Fist|p2a: Tyranitar
|-resisted|p2a: Tyranitar
|-damage|p2a: Tyranitar|24/100
|cant|p2b: Ursaluna|flinch
|
|-weather|Sandstorm|[upkeep]
|-damage|p1b: Annihilape|70/100|[from] Sandstorm
|-heal|p1b: Annihilape|76/100|[from] item: Leftovers
|upkeep
|turn|4
|inactive|ShadowJeffX has 30 seconds left.
|inactive|pikajw has 30 seconds left.
|
|t:|1757740681
|-terastallize|p2b: Ursaluna|Water
|move|p2a: Tyranitar|Knock Off|p1b: Annihilape
|-damage|p1b: Annihilape|48/100
|-enditem|p1b: Annihilape|Leftovers|[from] move: Knock Off|[of] p2a: Tyranitar
|move|p1b: Annihilape|Drain Punch|p2b: Ursaluna
|-damage|p2b: Ursaluna|58/100
|-heal|p1b: Annihilape|65/100|[from] drain|[of] p2b: Ursaluna
|move|p1a: Incineroar|Parting Shot|p2b: Ursaluna
|-unboost|p2b: Ursaluna|atk|1
|-unboost|p2b: Ursaluna|spa|1
|
|t:|1757740692
|switch|p1a: Amoonguss|Amoonguss, L50, M|100/100|[from] Parting Shot
|move|p2b: Ursaluna|Earth Power|p1a: Amoonguss
|-damage|p1a: Amoonguss|73/100
|
|-weather|Sandstorm|[upkeep]
|-damage|p1b: Annihilape|59/100|[from] Sandstorm
|-damage|p2b: Ursaluna|53/100|[from] Sandstorm
|-damage|p1a: Amoonguss|67/100|[from] Sandstorm
|upkeep
|turn|5
|
|t:|1757740705
|switch|p2b: Volcarona|Volcarona, L50, M|100/100
|move|p2a: Tyranitar|Knock Off|p1a: Amoonguss
|-damage|p1a: Amoonguss|29/100
|-damage|p2a: Tyranitar|8/100|[from] item: Rocky Helmet|[of] p1a: Amoonguss
|-enditem|p1a: Amoonguss|Rocky Helmet|[from] move: Knock Off|[of] p2a: Tyranitar
|move|p1b: Annihilape|Rage Fist|p2b: Volcarona
|-damage|p2b: Volcarona|0 fnt
|-status|p1b: Annihilape|brn|[from] ability: Flame Body|[of] p2b: Volcarona
|faint|p2b: Volcarona
|move|p1a: Amoonguss|Pollen Puff|p1b: Annihilape
|-heal|p1b: Annihilape|100/100 brn
|
|-weather|Sandstorm|[upkeep]
|-damage|p1b: Annihilape|94/100 brn|[from] Sandstorm
|-damage|p1a: Amoonguss|23/100|[from] Sandstorm
|-damage|p1b: Annihilape|88/100 brn|[from] brn
|upkeep
|
|t:|1757740725
|switch|p2b: Archaludon|Archaludon, L50, F|100/100
|turn|6
|inactive|ShadowJeffX has 30 seconds left.
|inactive|ShadowJeffX has 20 seconds left.
|inactive|ShadowJeffX has 15 seconds left.
|
|t:|1757740769
|switch|p1b: Incineroar|Incineroar, L50, F|100/100
|-ability|p1b: Incineroar|Intimidate|boost
|-unboost|p2a: Tyranitar|atk|1
|-unboost|p2b: Archaludon|atk|1
|move|p2b: Archaludon|Protect|p2b: Archaludon
|-singleturn|p2b: Archaludon|Protect
|move|p2a: Tyranitar|Knock Off|p1a: Amoonguss
|-damage|p1a: Amoonguss|6/100
|move|p1a: Amoonguss|Spore|p2b: Archaludon
|-activate|p2b: Archaludon|move: Protect
|
|-weather|Sandstorm|[upkeep]
|-damage|p1a: Amoonguss|0 fnt|[from] Sandstorm
|faint|p1a: Amoonguss
|upkeep
|
|t:|1757740782
|switch|p1a: Annihilape|Annihilape, L50, M, tera:Water|88/100 brn
|turn|7
|
|t:|1757740795
|switch|p2b: Ursaluna|Ursaluna-Bloodmoon, L50, M, tera:Water|53/100
|move|p1b: Incineroar|Fake Out|p2b: Ursaluna
|-damage|p2b: Ursaluna|44/100
|move|p2a: Tyranitar|Knock Off|p1b: Incineroar
|-resisted|p1b: Incineroar
|-damage|p1b: Incineroar|89/100
|-enditem|p1b: Incineroar|Safety Goggles|[from] move: Knock Off|[of] p2a: Tyranitar
|move|p1a: Annihilape|Bulk Up|p1a: Annihilape
|-boost|p1a: Annihilape|atk|1
|-boost|p1a: Annihilape|def|1
|
|-weather|none
|-damage|p1a: Annihilape|82/100 brn|[from] brn
|upkeep
|turn|8
|inactive|pikajw has 30 seconds left.
|
|t:|1757740824
|switch|p2a: Archaludon|Archaludon, L50, F|100/100
|move|p1a: Annihilape|Rage Fist|p2b: Ursaluna
|-damage|p2b: Ursaluna|0 fnt
|faint|p2b: Ursaluna
|move|p1b: Incineroar|Knock Off|p2a: Archaludon
|-damage|p2a: Archaludon|76/100
|-enditem|p2a: Archaludon|Power Herb|[from] move: Knock Off|[of] p1b: Incineroar
|
|-damage|p1a: Annihilape|75/100 brn|[from] brn
|upkeep
|
|t:|1757740831
|switch|p2b: Tyranitar|Tyranitar, L50, M|8/100
|-weather|Sandstorm|[from] ability: Sand Stream|[of] p2b: Tyranitar
|turn|9
|inactive|pikajw has 30 seconds left.
|
|t:|1757740864
|move|p2b: Tyranitar|Rock Slide|p1b: Incineroar|[spread] p1a,p1b
|-supereffective|p1b: Incineroar
|-damage|p1a: Annihilape|59/100 brn
|-damage|p1b: Incineroar|47/100
|cant|p1a: Annihilape|flinch
|move|p2a: Archaludon|Electro Shot||[still]
|-prepare|p2a: Archaludon|Electro Shot
|-boost|p2a: Archaludon|spa|1
|move|p1b: Incineroar|Knock Off|p2a: Archaludon
|-damage|p2a: Archaludon|57/100
|
|-weather|Sandstorm|[upkeep]
|-damage|p1a: Annihilape|53/100 brn|[from] Sandstorm
|-damage|p1b: Incineroar|41/100|[from] Sandstorm
|-damage|p1a: Annihilape|47/100 brn|[from] brn
|upkeep
|turn|10
|
|t:|1757740887
|move|p1a: Annihilape|Protect|p1a: Annihilape
|-singleturn|p1a: Annihilape|Protect
|move|p2b: Tyranitar|Rock Slide|p1a: Annihilape|[spread] p1b
|-activate|p1a: Annihilape|move: Protect
|-supereffective|p1b: Incineroar
|-damage|p1b: Incineroar|1/100
|move|p2a: Archaludon|Electro Shot|p1a: Annihilape|[from] lockedmove
|-activate|p1a: Annihilape|move: Protect
|move|p1b: Incineroar|Knock Off|p2b: Tyranitar
|-resisted|p2b: Tyranitar
|-damage|p2b: Tyranitar|0 fnt
|-enditem|p2b: Tyranitar|Choice Scarf|[from] move: Knock Off|[of] p1b: Incineroar
|faint|p2b: Tyranitar
|
|-weather|Sandstorm|[upkeep]
|-damage|p1a: Annihilape|40/100 brn|[from] Sandstorm
|-damage|p1b: Incineroar|0 fnt|[from] Sandstorm
|faint|p1b: Incineroar
|-damage|p1a: Annihilape|34/100 brn|[from] brn
|upkeep
|turn|11
|
|t:|1757740907
|move|p2a: Archaludon|Protect|p2a: Archaludon
|-singleturn|p2a: Archaludon|Protect
|move|p1a: Annihilape|Rage Fist|p2a: Archaludon
|-activate|p2a: Archaludon|move: Protect
|
|-weather|Sandstorm|[upkeep]
|-damage|p1a: Annihilape|28/100 brn|[from] Sandstorm
|-damage|p1a: Annihilape|22/100 brn|[from] brn
|upkeep
|turn|12
|
|t:|1757740920
|move|p1a: Annihilape|Rage Fist|p2a: Archaludon
|-damage|p2a: Archaludon|0 fnt
|faint|p2a: Archaludon
|
|win|ShadowJeffX
|l|☆pikajw
|player|p2|
||ShadowJeffX is ready for game 2.
|raw|ShadowJeffX's rating: 1164 → 1187(+23 for winning)
|raw|pikajw's rating: 1135 → 1112(-23 for losing)
|l|☆ShadowJeffX
|player|p1|
