|j|☆Jakobtc
|j|☆Dawei No
|html|JakobtcDawei No    
|uhtml|bestof|Game 2 of a best-of-3
|t:|1757645305
|gametype|doubles
|player|p1|Jakobtc|riley|1084
|player|p2|Dawei No|lady|1106
|gen|9
|tier|[Gen 9] VGC 2025 Reg H (Bo3)
|rated|
|rule|Species Clause: Limit one of each Pokémon
|rule|Item Clause: Limit 1 of each item
|clearpoke
|poke|p1|Drifblim, L50, M|
|poke|p1|Indeedee, L50, M|
|poke|p1|Arcanine-Hisui, L50, M|
|poke|p1|Garchomp, L50, F|
|poke|p1|Amoonguss, L50, F|
|poke|p1|Primarina, L50, M|
|poke|p2|Gholdengo, L50|
|poke|p2|Amoonguss, L50, M|
|poke|p2|Incineroar, L50, F|
|poke|p2|Porygon2, L50|
|poke|p2|Ursaluna, L50, M|
|poke|p2|Flamigo, L50, F|
|teampreview|4
|showteam|p1|Drifblim||PsychicSeed|Unburden|Tailwind,StrengthSap,WillOWisp,Acrobatics|||M|||50|,,,,,Grass]Indeedee||FocusSash|PsychicSurge|ExpandingForce,TeraBlast,SkillSwap,Protect|||M|||50|,,,,,Fighting]Arcanine-Hisui||ChoiceBand|Intimidate|RockSlide,FlareBlitz,ExtremeSpeed,CloseCombat|||M|||50|,,,,,Grass]Garchomp||LifeOrb|RoughSkin|StompingTantrum,DragonClaw,Earthquake,Protect|||F|||50|,,,,,Ground]Amoonguss||SitrusBerry|Regenerator|Spore,LeafStorm,RagePowder,Protect|||F|||50|,,,,,Water]Primarina||MysticWater|LiquidVoice|HyperVoice,Moonblast,Haze,Protect|||M|||50|,,,,,Steel
|showteam|p2|Gholdengo||LifeOrb|GoodasGold|MakeItRain,NastyPlot,Protect,ShadowBall||||||50|,,,,,Dragon]Amoonguss||SitrusBerry|Regenerator|Spore,RagePowder,SludgeBomb,Protect|||M|||50|,,,,,Water]Incineroar||SafetyGoggles|Intimidate|FlareBlitz,KnockOff,PartingShot,FakeOut|||F|||50|,,,,,Ghost]Porygon2||Eviolite|Download|Recover,TeraBlast,IceBeam,TrickRoom||||||50|,,,,,Fighting]Ursaluna||FlameOrb|Guts|HeadlongRush,Facade,Protect,Earthquake|||M|||50|,,,,,Dragon]Flamigo||FocusSash|Scrappy|CloseCombat,BraveBird,Tailwind,Protect|||F|||50|,,,,,Steel
|inactive|Battle timer is ON: inactive players will automatically lose when time's up. (requested by Dawei No)
|
|t:|1757645325
|teamsize|p1|4
|teamsize|p2|4
|start
|switch|p1a: Indeedee|Indeedee, L50, M|100/100
|switch|p1b: Primarina|Primarina, L50, M|100/100
|switch|p2a: Incineroar|Incineroar, L50, F|100/100
|switch|p2b: Porygon2|Porygon2, L50, shiny|100/100
|-fieldstart|move: Psychic Terrain|[from] ability: Psychic Surge|[of] p1a: Indeedee
|-ability|p2a: Incineroar|Intimidate|boost
|-unboost|p1a: Indeedee|atk|1
|-unboost|p1b: Primarina|atk|1
|-ability|p2b: Porygon2|Download|boost
|-boost|p2b: Porygon2|atk|1
|turn|1
|
|t:|1757645345
|switch|p1a: Drifblim|Drifblim, L50, M|100/100
|-enditem|p1a: Drifblim|Psychic Seed
|-boost|p1a: Drifblim|spd|1|[from] item: Psychic Seed
|switch|p2a: Amoonguss|Amoonguss, L50, M, shiny|100/100
|move|p1b: Primarina|Hyper Voice|p2a: Amoonguss|[spread] p2a,p2b
|-resisted|p2a: Amoonguss
|-damage|p2a: Amoonguss|85/100
|-damage|p2b: Porygon2|77/100
|move|p2b: Porygon2|Trick Room|p2b: Porygon2
|-fieldstart|move: Trick Room|[of] p2b: Porygon2
|
|upkeep
|turn|2
|inactive|Jakobtc has 30 seconds left.
|inactive|Jakobtc has 20 seconds left.
|inactive|Jakobtc has 15 seconds left.
|
|t:|1757645389
|move|p1b: Primarina|Protect|p1b: Primarina
|-singleturn|p1b: Primarina|Protect
|move|p2a: Amoonguss|Spore|p1a: Drifblim
|-status|p1a: Drifblim|slp|[from] move: Spore
|move|p2b: Porygon2|Ice Beam|p1a: Drifblim
|-supereffective|p1a: Drifblim
|-damage|p1a: Drifblim|64/100 slp
|cant|p1a: Drifblim|slp
|
|upkeep
|turn|3
|
|t:|1757645408
|move|p2a: Amoonguss|Spore|p1b: Primarina
|-status|p1b: Primarina|slp|[from] move: Spore
|move|p2b: Porygon2|Ice Beam|p1a: Drifblim
|-supereffective|p1a: Drifblim
|-damage|p1a: Drifblim|31/100 slp
|cant|p1b: Primarina|slp
|cant|p1a: Drifblim|slp
|
|upkeep
|turn|4
|
|t:|1757645423
|switch|p1a: Arcanine|Arcanine-Hisui, L50, M|100/100
|-ability|p1a: Arcanine|Intimidate|boost
|-unboost|p2a: Amoonguss|atk|1
|-unboost|p2b: Porygon2|atk|1
|move|p2a: Amoonguss|Sludge Bomb|p1b: Primarina
|-supereffective|p1b: Primarina
|-damage|p1b: Primarina|49/100 slp
|move|p2b: Porygon2|Ice Beam|p1a: Arcanine
|-resisted|p1a: Arcanine
|-damage|p1a: Arcanine|86/100
|cant|p1b: Primarina|slp
|
|upkeep
|turn|5
|inactive|Dawei No has 30 seconds left.
|inactive|Jakobtc has 30 seconds left.
|inactive|Dawei No has 20 seconds left.
|
|t:|1757645467
|switch|p2b: Incineroar|Incineroar, L50, F|100/100
|-ability|p2b: Incineroar|Intimidate|boost
|-unboost|p1a: Arcanine|atk|1
|-unboost|p1b: Primarina|atk|1
|switch|p1a: Drifblim|Drifblim, L50, M|31/100 slp
|-terastallize|p2a: Amoonguss|Water
|move|p2a: Amoonguss|Sludge Bomb|p1b: Primarina
|-supereffective|p1b: Primarina
|-damage|p1b: Primarina|0 fnt
|faint|p1b: Primarina
|
|-fieldend|move: Trick Room
|-fieldend|move: Psychic Terrain
|upkeep
|
|t:|1757645483
|switch|p1b: Indeedee|Indeedee, L50, M|100/100
|-fieldstart|move: Psychic Terrain|[from] ability: Psychic Surge|[of] p1b: Indeedee
|turn|6
|
|t:|1757645498
|switch|p2a: Porygon2|Porygon2, L50, shiny|77/100
|-ability|p2a: Porygon2|Download|boost
|-boost|p2a: Porygon2|atk|1
|-terastallize|p1b: Indeedee|Fighting
|move|p1b: Indeedee|Expanding Force|p2b: Incineroar|[spread] p2a
|-immune|p2b: Incineroar
|-damage|p2a: Porygon2|48/100
|-curestatus|p1a: Drifblim|slp|[msg]
|move|p1a: Drifblim|Acrobatics|p2a: Porygon2
|-damage|p2a: Porygon2|29/100
|move|p2b: Incineroar|Knock Off|p1b: Indeedee
|-resisted|p1b: Indeedee
|-crit|p1b: Indeedee
|-damage|p1b: Indeedee|41/100
|-enditem|p1b: Indeedee|Focus Sash|[from] move: Knock Off|[of] p2b: Incineroar
|
|upkeep
|turn|7
|inactive|Jakobtc has 30 seconds left.
|inactive|Dawei No has 30 seconds left.
|
|t:|1757645526
|move|p1b: Indeedee|Expanding Force|p2b: Incineroar|[spread] p2a
|-immune|p2b: Incineroar
|-damage|p2a: Porygon2|1/100
|move|p1a: Drifblim|Strength Sap|p2b: Incineroar
|-unboost|p2b: Incineroar|atk|1
|-heal|p1a: Drifblim|89/100
|move|p2b: Incineroar|Flare Blitz|p1b: Indeedee
|-damage|p1b: Indeedee|0 fnt
|faint|p1b: Indeedee
|-damage|p2b: Incineroar|92/100|[from] Recoil
|move|p2a: Porygon2|Trick Room|p2a: Porygon2
|-fieldstart|move: Trick Room|[of] p2a: Porygon2
|
|upkeep
|
|t:|1757645538
|switch|p1b: Arcanine|Arcanine-Hisui, L50, M|86/100
|-ability|p1b: Arcanine|Intimidate|boost
|-unboost|p2a: Porygon2|atk|1
|-unboost|p2b: Incineroar|atk|1
|turn|8
|
|t:|1757645559
|move|p2a: Porygon2|Recover|p2a: Porygon2
|-heal|p2a: Porygon2|51/100
|move|p2b: Incineroar|Parting Shot|p1b: Arcanine
|-unboost|p1b: Arcanine|atk|1
|-unboost|p1b: Arcanine|spa|1
|
|t:|1757645566
|switch|p2b: Amoonguss|Amoonguss, L50, M, shiny, tera:Water|100/100|[from] Parting Shot
|move|p1a: Drifblim|Strength Sap|p2b: Amoonguss
|-unboost|p2b: Amoonguss|atk|1
|-heal|p1a: Drifblim|100/100
|move|p1b: Arcanine|Rock Slide|p2b: Amoonguss|[spread] p2a,p2b
|-damage|p2a: Porygon2|34/100
|-damage|p2b: Amoonguss|79/100
|
|upkeep
|turn|9
|
|t:|1757645581
|move|p2b: Amoonguss|Spore|p1b: Arcanine
|-status|p1b: Arcanine|slp|[from] move: Spore
|move|p2a: Porygon2|Ice Beam|p1a: Drifblim
|-supereffective|p1a: Drifblim
|-damage|p1a: Drifblim|55/100
|move|p1a: Drifblim|Acrobatics|p2b: Amoonguss
|-damage|p2b: Amoonguss|55/100
|cant|p1b: Arcanine|slp
|
|upkeep
|turn|10
|
|t:|1757645598
|move|p2b: Amoonguss|Sludge Bomb|p1a: Drifblim
|-resisted|p1a: Drifblim
|-damage|p1a: Drifblim|40/100
|move|p2a: Porygon2|Ice Beam|p1a: Drifblim
|-supereffective|p1a: Drifblim
|-damage|p1a: Drifblim|0 fnt
|faint|p1a: Drifblim
|cant|p1b: Arcanine|slp
|
|-fieldend|move: Psychic Terrain
|upkeep
|turn|11
|
|t:|1757645611
|switch|p2a: Incineroar|Incineroar, L50, F|92/100
|-ability|p2a: Incineroar|Intimidate|boost
|-unboost|p1b: Arcanine|atk|1
|move|p2b: Amoonguss|Sludge Bomb|p1b: Arcanine
|-resisted|p1b: Arcanine
|-damage|p1b: Arcanine|69/100 slp
|-curestatus|p1b: Arcanine|slp|[msg]
|move|p1b: Arcanine|Rock Slide|p2a: Incineroar|[spread] p2b
|-miss|p1b: Arcanine|p2a: Incineroar
|-crit|p2b: Amoonguss
|-damage|p2b: Amoonguss|2/100
|-enditem|p2b: Amoonguss|Sitrus Berry|[eat]
|-heal|p2b: Amoonguss|27/100|[from] item: Sitrus Berry
|
|-fieldend|move: Trick Room
|upkeep
|turn|12
|
|t:|1757645630
|move|p2a: Incineroar|Fake Out|p1b: Arcanine
|-resisted|p1b: Arcanine
|-damage|p1b: Arcanine|63/100
|cant|p1b: Arcanine|flinch
|move|p2b: Amoonguss|Sludge Bomb|p1b: Arcanine
|-resisted|p1b: Arcanine
|-damage|p1b: Arcanine|48/100
|-status|p1b: Arcanine|psn
|
|-damage|p1b: Arcanine|35/100 psn|[from] psn
|upkeep
|turn|13
|
|t:|1757645642
|move|p1b: Arcanine|Rock Slide|p2b: Amoonguss|[spread] p2a,p2b
|-supereffective|p2a: Incineroar
|-damage|p2a: Incineroar|52/100
|-damage|p2b: Amoonguss|9/100
|move|p2a: Incineroar|Knock Off|p1b: Arcanine
|-damage|p1b: Arcanine|0 fnt
|-enditem|p1b: Arcanine|Choice Band|[from] move: Knock Off|[of] p2a: Incineroar
|faint|p1b: Arcanine
|
|win|Dawei No
||Dawei No is ready for game 3.
|inactive|Jakobtc has 30 seconds to confirm battle start!
