|j|☆Tamejo
|html|dawndishysoap2Tamejo    
|uhtml|bestof|Game 2 of a best-of-3
|t:|1784481699
|gametype|doubles
|player|p1|dawndishysoap2|2|1000
|player|p2|Tamejo|caitlin|1045
|gen|9
|tier|[Gen 9 Champions] VGC 2026 Reg M-B (Bo3)
|rated|
|rule|Species Clause: Limit one of each Pokémon
|rule|Item Clause: Limit 1 of each item
|clearpoke
|poke|p1|Gengar, L50, F|
|poke|p1|Politoed, L50, M|
|poke|p1|Archaludon, L50, M|
|poke|p1|Incineroar, L50, F|
|poke|p1|Vivillon, L50, M|
|poke|p1|Swampert, L50, M|
|poke|p2|Mamoswine, L50, M|
|poke|p2|Gyarados, L50, M|
|poke|p2|Sneasler, L50, M|
|poke|p2|Sinistcha, L50|
|poke|p2|Talonflame, L50, F|
|poke|p2|Metagross, L50|
|teampreview|4
|showteam|p1|Gengar||Gengarite|CursedBody|ShadowBall,SludgeBomb,PerishSong,Protect|Modest||F|||50|]Politoed||SitrusBerry|Drizzle|WeatherBall,Protect,Encore,PerishSong|Calm||M|||50|]Archaludon||Leftovers|Stamina|ElectroShot,FlashCannon,Protect,DragonPulse|Bold||M|||50|]Incineroar||PasshoBerry|Intimidate|ThroatChop,Protect,FakeOut,PartingShot|Relaxed||F|||50|]Vivillon||FocusSash|CompoundEyes|Hurricane,Protect,SleepPowder,RagePowder|Timid||M|||50|]Swampert||Swampertite|Torrent|WaveCrash,Protect,IcePunch,Earthquake|Adamant||M|||50|
|showteam|p2|Mamoswine||LifeOrb|Oblivious|HighHorsepower,IceShard,RockSlide,Protect|Adamant||M|||50|]Gyarados||Gyaradosite|Intimidate|Waterfall,LashOut,DragonDance,Protect|Jolly||M|||50|]Sneasler||FocusSash|PoisonTouch|PoisonJab,CloseCombat,FakeOut,Coaching|Jolly||M|||50|]Sinistcha||OccaBerry|Hospitality|MatchaGotcha,RagePowder,LifeDew,Protect|Bold|||||50|]Talonflame||SharpBeak|GaleWings|DualWingbeat,Tailwind,Taunt,QuickGuard|Jolly||F|||50|]Metagross||Metagrossite|ClearBody|PsychicFangs,IronHead,BodyPress,Protect|Adamant|||||50|
|j|☆dawndishysoap2
|player|p1|dawndishysoap2|2|
|inactive|Battle timer is ON: inactive players will automatically lose when time's up. (requested by dawndishysoap2)
|inactive|Tamejo has 60 seconds left.
|
|t:|1784481734
|teamsize|p1|4
|teamsize|p2|4
|start
|switch|p1a: Incineroar|Incineroar, L50, F|100/100
|switch|p1b: Archaludon|Archaludon, L50, M|100/100
|switch|p2a: Sneasler|Sneasler, L50, M|100/100
|switch|p2b: Gyarados|Gyarados, L50, M|100/100
|-ability|p2b: Gyarados|Intimidate|boost
|-unboost|p1a: Incineroar|atk|1
|-unboost|p1b: Archaludon|atk|1
|-ability|p1a: Incineroar|Intimidate|boost
|-unboost|p2a: Sneasler|atk|1
|-unboost|p2b: Gyarados|atk|1
|turn|1
|inactive|dawndishysoap2 has 30 seconds left.
|
|t:|1784481769
|switch|p2b: Mamoswine|Mamoswine, L50, M|100/100
|move|p1a: Incineroar|Fake Out|p2a: Sneasler
|-damage|p2a: Sneasler|87/100
|cant|p2a: Sneasler|flinch
|move|p1b: Archaludon|Dragon Pulse|p2b: Mamoswine
|-damage|p2b: Mamoswine|45/100
|
|upkeep
|turn|2
|
|t:|1784481786
|move|p2b: Mamoswine|Protect|p2b: Mamoswine
|-singleturn|p2b: Mamoswine|Protect
|move|p1b: Archaludon|Protect|p1b: Archaludon
|-singleturn|p1b: Archaludon|Protect
|move|p2a: Sneasler|Coaching|p2b: Mamoswine
|-boost|p2b: Mamoswine|atk|1
|-boost|p2b: Mamoswine|def|1
|move|p1a: Incineroar|Parting Shot|p1b: Archaludon
|-activate|p1b: Archaludon|move: Protect
|
|upkeep
|turn|3
|inactive|dawndishysoap2 has 30 seconds left.
|
|t:|1784481818
|switch|p2a: Sinistcha|Sinistcha, L50|100/100
|-heal|p2b: Mamoswine|70/100|[from] ability: Hospitality|[of] p2a: Sinistcha
|move|p2b: Mamoswine|High Horsepower|p1b: Archaludon
|-supereffective|p1b: Archaludon|1
|-damage|p1b: Archaludon|0 fnt
|faint|p1b: Archaludon
|-damage|p2b: Mamoswine|60/100|[from] item: Life Orb
|move|p1a: Incineroar|Throat Chop|p2b: Mamoswine
|-damage|p2b: Mamoswine|43/100
|-start|p2b: Mamoswine|Throat Chop|[silent]
|
|upkeep
|
|t:|1784481823
|switch|p1b: Politoed|Politoed, L50, M|100/100
|-weather|RainDance|[from] ability: Drizzle|[of] p1b: Politoed
|turn|4
|
|t:|1784481844
|move|p2b: Mamoswine|Protect|p2b: Mamoswine
|-singleturn|p2b: Mamoswine|Protect
|move|p2a: Sinistcha|Matcha Gotcha|p1a: Incineroar|[spread] p1a,p1b
|-resisted|p1a: Incineroar|1
|-supereffective|p1b: Politoed|1
|-damage|p1a: Incineroar|89/100
|-damage|p1b: Politoed|63/100
|move|p1b: Politoed|Weather Ball|p2b: Mamoswine
|-activate|p2b: Mamoswine|move: Protect
|move|p1a: Incineroar|Parting Shot|p2a: Sinistcha
|-unboost|p2a: Sinistcha|atk|1
|-unboost|p2a: Sinistcha|spa|1
|
|t:|1784481858
|switch|p1a: Gengar|Gengar, L50, F|100/100|[from] Parting Shot
|
|-weather|RainDance|[upkeep]
|-end|p2b: Mamoswine|Throat Chop|[silent]
|upkeep
|turn|5
|
|t:|1784481874
|detailschange|p1a: Gengar|Gengar-Mega, L50, F
|-mega|p1a: Gengar|Gengar|Gengarite
|move|p1b: Politoed|Protect|p1b: Politoed
|-singleturn|p1b: Politoed|Protect
|move|p2a: Sinistcha|Rage Powder|p2a: Sinistcha
|-singleturn|p2a: Sinistcha|move: Rage Powder
|move|p1a: Gengar|Shadow Ball|p2a: Sinistcha
|-supereffective|p2a: Sinistcha|1
|-damage|p2a: Sinistcha|11/100
|move|p2b: Mamoswine|High Horsepower|p1a: Gengar
|-supereffective|p1a: Gengar|1
|-damage|p1a: Gengar|0 fnt
|faint|p1a: Gengar
|-damage|p2b: Mamoswine|34/100|[from] item: Life Orb
|
|-weather|RainDance|[upkeep]
|upkeep
|
|t:|1784481888
|switch|p1a: Incineroar|Incineroar, L50, F|89/100
|-ability|p1a: Incineroar|Intimidate|boost
|-unboost|p2a: Sinistcha|atk|1
|-fail|p2b: Mamoswine|unboost|Attack|[from] ability: Oblivious|[of] p2b: Mamoswine
|turn|6
|
|t:|1784481896
|switch|p2a: Gyarados|Gyarados, L50, M|100/100
|-ability|p2a: Gyarados|Intimidate|boost
|-unboost|p1a: Incineroar|atk|1
|-unboost|p1b: Politoed|atk|1
|move|p2b: Mamoswine|Protect|p2b: Mamoswine
|-singleturn|p2b: Mamoswine|Protect
|move|p1a: Incineroar|Fake Out|p2a: Gyarados
|-damage|p2a: Gyarados|91/100
|move|p1b: Politoed|Weather Ball|p2b: Mamoswine
|-activate|p2b: Mamoswine|move: Protect
|
|-weather|RainDance|[upkeep]
|upkeep
|turn|7
|inactive|dawndishysoap2 has 30 seconds left.
|
|t:|1784481925
|switch|p2a: Sinistcha|Sinistcha, L50|11/100
|-heal|p2b: Mamoswine|58/100|[from] ability: Hospitality|[of] p2a: Sinistcha
|move|p2b: Mamoswine|High Horsepower|p1b: Politoed
|-damage|p1b: Politoed|0 fnt
|faint|p1b: Politoed
|-damage|p2b: Mamoswine|49/100|[from] item: Life Orb
|move|p1a: Incineroar|Throat Chop|p2b: Mamoswine
|-damage|p2b: Mamoswine|33/100
|-start|p2b: Mamoswine|Throat Chop|[silent]
|
|-weather|RainDance|[upkeep]
|upkeep
|turn|8
|
|t:|1784481934
|move|p2a: Sinistcha|Rage Powder|p2a: Sinistcha
|-singleturn|p2a: Sinistcha|move: Rage Powder
|move|p2b: Mamoswine|High Horsepower|p1a: Incineroar
|-supereffective|p1a: Incineroar|1
|-damage|p1a: Incineroar|0 fnt
|faint|p1a: Incineroar
|-damage|p2b: Mamoswine|23/100|[from] item: Life Orb
|
|win|Tamejo
||Tamejo is ready for game 3.
|l|☆dawndishysoap2
|player|p1|
|inactive|dawndishysoap2 has 30 seconds to confirm battle start!
|inactive|dawndishysoap2 has 20 seconds to confirm battle start!
|inactive|dawndishysoap2 has 10 seconds to confirm battle start!
||dawndishysoap2 is ready for game 3.
|uhtml|next|Next: Game 3 of 3
