|j|☆xXBMillsXx7
|j|☆ShoukoKun
|html|xXBMillsXx7ShoukoKun    
|uhtml|bestof|Game 1 of a best-of-3
|t:|1785979469
|gametype|doubles
|player|p1|xXBMillsXx7|gambler|
|player|p2|ShoukoKun|veteranf|
|gen|9
|tier|[Gen 9 Champions] VGC 2026 Reg M-B (Bo3)
|rule|Species Clause: Limit one of each Pokémon
|rule|Item Clause: Limit 1 of each item
|clearpoke
|poke|p1|Delphox, L50, F|
|poke|p1|Maushold-Four, L50|
|poke|p1|Annihilape, L50, M|
|poke|p1|Glimmora, L50, F|
|poke|p1|Incineroar, L50, M|
|poke|p1|Dragonite, L50, M|
|poke|p2|Charizard, L50, F, shiny|
|poke|p2|Farigiraf, L50, M|
|poke|p2|Venusaur, L50, F|
|poke|p2|Garchomp, L50, F|
|poke|p2|Incineroar, L50, F|
|poke|p2|Sylveon, L50, F|
|teampreview|4
|showteam|p1|Delphox||Delphoxite|Blaze|HeatWave,Psyshock,GrassKnot,Protect|Timid||F|||50|]Maushold-Four||FocusSash|FriendGuard|SuperFang,BeatUp,FollowMe,Protect|Jolly|||||50|]Annihilape||Leftovers|Defiant|RageFist,DrainPunch,BulkUp,Protect|Adamant||M|||50|]Glimmora||Glimmoranite|ToxicDebris|SludgeBomb,PowerGem,EarthPower,SpikyShield|Timid||F|||50|]Incineroar||ShucaBerry|Intimidate|FlareBlitz,ThroatChop,PartingShot,FakeOut|Careful||M|||50|]Dragonite||WhiteHerb|Multiscale|ScaleShot,LowKick,Tailwind,Protect|Jolly||M|||50|
|showteam|p2|Charizard||CharizarditeY|Blaze|HeatWave,WeatherBall,SolarBeam,Protect|Modest||F|||50|]Farigiraf||ColburBerry|ArmorTail|Psychic,Thunderbolt,HelpingHand,TrickRoom|Modest||M|||50|]Venusaur||FocusSash|Chlorophyll|LeafStorm,SludgeBomb,SleepPowder,Protect|Modest||F|||50|]Garchomp||LifeOrb|RoughSkin|RockSlide,DragonClaw,Earthquake,Protect|Jolly||F|||50|]Incineroar||SitrusBerry|Intimidate|FakeOut,DarkestLariat,FlareBlitz,PartingShot|Careful||F|||50|]Sylveon||FairyFeather|Pixilate|HyperVoice,HyperBeam,QuickAttack,Protect|Modest||F|||50|
|inactive|Battle timer is ON: inactive players will automatically lose when time's up. (requested by xXBMillsXx7)
|c|☆xXBMillsXx7|timer on or off
|c|☆ShoukoKun|doesnt matter
|inactiveoff|Battle timer is now OFF.
|
|t:|1785979526
|teamsize|p1|4
|teamsize|p2|4
|start
|switch|p1a: Maushold|Maushold-Four, L50|100/100
|switch|p1b: Dragonite|Dragonite, L50, M|100/100
|switch|p2a: Charizard|Charizard, L50, F, shiny|100/100
|switch|p2b: Venusaur|Venusaur, L50, F|100/100
|turn|1
|
|t:|1785979552
|detailschange|p2a: Charizard|Charizard-Mega-Y, L50, F, shiny
|-mega|p2a: Charizard|Charizard|Charizardite Y
|-weather|SunnyDay|[from] ability: Drought|[of] p2a: Charizard
|move|p1a: Maushold|Follow Me|p1a: Maushold
|-singleturn|p1a: Maushold|move: Follow Me
|move|p2b: Venusaur|Sleep Powder|p1a: Maushold
|-status|p1a: Maushold|slp|[from] move: Sleep Powder
|move|p1b: Dragonite|Tailwind|p1b: Dragonite
|-sidestart|p1: xXBMillsXx7|move: Tailwind
|move|p2a: Charizard|Heat Wave|p1b: Dragonite|[spread] p1a,p1b
|-resisted|p1b: Dragonite|1
|-damage|p1a: Maushold|9/100 slp
|-damage|p1b: Dragonite|88/100
|
|-weather|SunnyDay|[upkeep]
|upkeep
|turn|2
|
|t:|1785979571
|cant|p1a: Maushold|slp
|move|p1b: Dragonite|Scale Shot|p2a: Charizard
|-damage|p2a: Charizard|86/100
|-damage|p2a: Charizard|72/100
|-damage|p2a: Charizard|60/100
|-hitcount|p2a: Charizard|3
|-unboost|p1b: Dragonite|def|1
|-boost|p1b: Dragonite|spe|1
|-enditem|p1b: Dragonite|White Herb
|-clearnegativeboost|p1b: Dragonite|[silent]
|move|p2b: Venusaur|Sleep Powder|p1b: Dragonite|[miss]
|-miss|p2b: Venusaur|p1b: Dragonite
|move|p2a: Charizard|Heat Wave|p1a: Maushold|[spread] p1a,p1b
|-resisted|p1b: Dragonite|1
|-damage|p1a: Maushold|0 fnt
|-damage|p1b: Dragonite|64/100
|faint|p1a: Maushold
|
|-weather|SunnyDay|[upkeep]
|upkeep
|
|t:|1785979589
|switch|p1a: Glimmora|Glimmora, L50, F|100/100
|turn|3
|
|t:|1785979613
|switch|p2a: Incineroar|Incineroar, L50, F|100/100
|-ability|p2a: Incineroar|Intimidate|boost
|-unboost|p1a: Glimmora|atk|1
|-unboost|p1b: Dragonite|atk|1
|detailschange|p1a: Glimmora|Glimmora-Mega, L50, F
|-mega|p1a: Glimmora|Glimmora|Glimmoranite
|move|p1b: Dragonite|Scale Shot|p2b: Venusaur
|-damage|p2b: Venusaur|89/100
|-damage|p2b: Venusaur|79/100
|-damage|p2b: Venusaur|69/100
|-hitcount|p2b: Venusaur|3
|-unboost|p1b: Dragonite|def|1
|-boost|p1b: Dragonite|spe|1
|move|p1a: Glimmora|Sludge Bomb|p2b: Venusaur
|-damage|p2b: Venusaur|0 fnt
|faint|p2b: Venusaur
|
|-weather|SunnyDay|[upkeep]
|upkeep
|
|t:|1785979629
|switch|p2b: Garchomp|Garchomp, L50, F|100/100
|turn|4
|
|t:|1785979664
|switch|p1b: Annihilape|Annihilape, L50, M|100/100
|move|p1a: Glimmora|Spiky Shield|p1a: Glimmora
|-singleturn|p1a: Glimmora|move: Protect
|move|p2b: Garchomp|Protect|p2b: Garchomp
|-singleturn|p2b: Garchomp|Protect
|move|p2a: Incineroar|Fake Out|p1b: Annihilape
|-immune|p1b: Annihilape
|
|-weather|SunnyDay|[upkeep]
|-sideend|p1: xXBMillsXx7|move: Tailwind
|upkeep
|turn|5
|
|t:|1785979685
|switch|p2a: Charizard|Charizard-Mega-Y, L50, F, shiny|60/100
|move|p2b: Garchomp|Earthquake|p1b: Annihilape|[spread] p1a,p1b
|-immune|p2a: Charizard
|-supereffective|p1a: Glimmora|2
|-damage|p1a: Glimmora|0 fnt
|-damage|p1b: Annihilape|58/100
|faint|p1a: Glimmora
|-damage|p2b: Garchomp|90/100|[from] item: Life Orb
|move|p1b: Annihilape|Bulk Up|p1b: Annihilape
|-boost|p1b: Annihilape|atk|1
|-boost|p1b: Annihilape|def|1
|
|-weather|none
|-heal|p1b: Annihilape|64/100|[from] item: Leftovers
|upkeep
|
|t:|1785979695
|switch|p1a: Dragonite|Dragonite, L50, M|64/100
|turn|6
|
|t:|1785979720
|move|p1a: Dragonite|Protect|p1a: Dragonite
|-singleturn|p1a: Dragonite|Protect
|move|p2b: Garchomp|Dragon Claw|p1a: Dragonite
|-activate|p1a: Dragonite|move: Protect
|move|p1b: Annihilape|Rage Fist|p2a: Charizard
|-damage|p2a: Charizard|0 fnt
|faint|p2a: Charizard
|
|-heal|p1b: Annihilape|70/100|[from] item: Leftovers
|upkeep
|
|t:|1785979731
|switch|p2a: Incineroar|Incineroar, L50, F|100/100
|-ability|p2a: Incineroar|Intimidate|boost
|-unboost|p1a: Dragonite|atk|1
|-unboost|p1b: Annihilape|atk|1
|-ability|p1b: Annihilape|Defiant|boost
|-boost|p1b: Annihilape|atk|2
|turn|7
|
|t:|1785979742
|move|p1a: Dragonite|Protect||[still]
|-fail|p1a: Dragonite
|move|p2a: Incineroar|Fake Out|p1a: Dragonite
|-damage|p1a: Dragonite|54/100
|move|p2b: Garchomp|Dragon Claw|p1b: Annihilape
|-damage|p1b: Annihilape|39/100
|-damage|p2b: Garchomp|80/100|[from] item: Life Orb
|move|p1b: Annihilape|Drain Punch|p2a: Incineroar
|-supereffective|p2a: Incineroar|1
|-damage|p2a: Incineroar|0 fnt
|-heal|p1b: Annihilape|86/100|[from] drain|[of] p2a: Incineroar
|faint|p2a: Incineroar
|
|-heal|p1b: Annihilape|92/100|[from] item: Leftovers
|upkeep
|turn|8
|
|t:|1785979758
|move|p2b: Garchomp|Earthquake|p1a: Dragonite|[spread] p1b
|-immune|p1a: Dragonite
|-damage|p1b: Annihilape|63/100
|-damage|p2b: Garchomp|70/100|[from] item: Life Orb
|move|p1b: Annihilape|Rage Fist|p2b: Garchomp
|-damage|p2b: Garchomp|0 fnt
|-damage|p1b: Annihilape|51/100|[from] ability: Rough Skin|[of] p2b: Garchomp
|faint|p2b: Garchomp
|
|win|xXBMillsXx7
||ShoukoKun is ready for game 2.
|inactive|xXBMillsXx7 has 30 seconds to confirm battle start!
||xXBMillsXx7 is ready for game 2.
|uhtml|next|Next: Game 2 of 3
