|j|☆Truevillany123
|j|☆NicoViBrittania
|html|Truevillany123NicoViBrittania    
|uhtml|bestof|Game 1 of a best-of-3
|t:|1757708721
|gametype|doubles
|player|p1|Truevillany123|1|1075
|player|p2|NicoViBrittania|2|1096
|gen|9
|tier|[Gen 9] VGC 2025 Reg H (Bo3)
|rated|
|rule|Species Clause: Limit one of each Pokémon
|rule|Item Clause: Limit 1 of each item
|clearpoke
|poke|p1|Dragonite, L50, F|
|poke|p1|Ursaluna-Bloodmoon, L50, M|
|poke|p1|Gholdengo, L50|
|poke|p1|Annihilape, L50, M|
|poke|p1|Ninetales-Alola, L50, F|
|poke|p1|Rillaboom, L50, F|
|poke|p2|Annihilape, L50, F|
|poke|p2|Porygon2, L50|
|poke|p2|Primarina, L50, F|
|poke|p2|Torkoal, L50, F|
|poke|p2|Exeggutor-Alola, L50, F|
|poke|p2|Charizard, L50, M|
|teampreview|4
|showteam|p1|Dragonite||LoadedDice|Multiscale|ScaleShot,Protect,Haze,Tailwind|||F|||50|,,,,,Fairy]Ursaluna-Bloodmoon||LifeOrb|MindsEye|BloodMoon,HyperVoice,EarthPower,Protect|||M|||50|,,,,,Normal]Gholdengo||ChoiceSpecs|GoodasGold|MakeItRain,ShadowBall,PowerGem,Trick||||||50|,,,,,Steel]Annihilape||SitrusBerry|Defiant|DrainPunch,RageFist,Protect,BulkUp|||M|||50|,,,,,Fire]Ninetales-Alola||FocusSash|SnowWarning|FreezeDry,AuroraVeil,Encore,IcicleSpear|||F|||50|,,,,,Ghost]Rillaboom||AssaultVest|GrassySurge|FakeOut,WoodHammer,HighHorsepower,Uturn|||F|||50|,,,,,Fire
|showteam|p2|Annihilape||SafetyGoggles|Defiant|Encore,Taunt,FinalGambit,RageFist|||F|||50|,,,,,Fire]Porygon2||Eviolite|Trace|TrickRoom,TriAttack,Protect,Recover||||||50|,,,,,Ghost]Primarina||ThroatSpray|LiquidVoice|Moonblast,Protect,HyperVoice,TeraBlast|||F|||50|,,,,,Ground]Torkoal||CovertCloak|Drought|HeatWave,HelpingHand,Protect,Eruption|||F|||50|,,,,,Fire]Exeggutor-Alola||SitrusBerry|Harvest|DracoMeteor,GigaDrain,TrickRoom,WoodHammer|||F|||50|,,,,,Ghost]Charizard||LifeOrb|SolarPower|DragonPulse,HeatWave,AirCutter,HelpingHand|||M|||50|,,,,,Fire
|
|t:|1757708786
|teamsize|p1|4
|teamsize|p2|4
|start
|switch|p1a: Dragonite|Dragonite, L50, F, shiny|100/100
|switch|p1b: Gholdengo|Gholdengo, L50|100/100
|switch|p2a: Charizard|Charizard, L50, M|100/100
|switch|p2b: Porygon2|Porygon2, L50|100/100
|-ability|p2b: Porygon2|Good as Gold|Trace|[from] ability: Trace|[of] p1b: Gholdengo
|turn|1
|l|☆NicoViBrittania
|player|p2|
|j|☆NicoViBrittania
|player|p2|NicoViBrittania|2|
|
|t:|1757708833
|switch|p2b: Torkoal|Torkoal, L50, F|100/100
|-weather|SunnyDay|[from] ability: Drought|[of] p2b: Torkoal
|move|p2a: Charizard|Heat Wave|p1b: Gholdengo|[spread] p1b
|-miss|p2a: Charizard|p1a: Dragonite
|-supereffective|p1b: Gholdengo
|-damage|p1b: Gholdengo|0 fnt
|faint|p1b: Gholdengo
|-damage|p2a: Charizard|91/100|[from] item: Life Orb
|move|p1a: Dragonite|Scale Shot|p2a: Charizard
|-damage|p2a: Charizard|68/100
|-damage|p2a: Charizard|49/100
|-damage|p2a: Charizard|27/100
|-damage|p2a: Charizard|4/100
|-damage|p2a: Charizard|0 fnt
|faint|p2a: Charizard
|-hitcount|p2: Charizard|5
|-unboost|p1a: Dragonite|def|1
|-boost|p1a: Dragonite|spe|1
|
|-weather|SunnyDay|[upkeep]
|upkeep
|
|t:|1757708857
|switch|p2a: Porygon2|Porygon2, L50|100/100
|switch|p1b: Ninetales|Ninetales-Alola, L50, F|100/100
|-weather|Snowscape|[from] ability: Snow Warning|[of] p1b: Ninetales
|-ability|p2a: Porygon2|Snow Warning|Trace|[from] ability: Trace|[of] p1b: Ninetales
|turn|2
|
|t:|1757708879
|move|p2b: Torkoal|Protect|p2b: Torkoal
|-singleturn|p2b: Torkoal|Protect
|move|p1a: Dragonite|Scale Shot|p2b: Torkoal
|-activate|p2b: Torkoal|move: Protect
|move|p1b: Ninetales|Aurora Veil|p1b: Ninetales
|-sidestart|p1: Truevillany123|move: Aurora Veil
|move|p2a: Porygon2|Trick Room|p2a: Porygon2
|-fieldstart|move: Trick Room|[of] p2a: Porygon2
|
|-weather|Snowscape|[upkeep]
|upkeep
|turn|3
|
|t:|1757708908
|-terastallize|p2b: Torkoal|Fire
|move|p1a: Dragonite|Protect|p1a: Dragonite
|-singleturn|p1a: Dragonite|Protect
|move|p2b: Torkoal|Eruption|p1b: Ninetales|[spread] p1b
|-activate|p1a: Dragonite|move: Protect
|-supereffective|p1b: Ninetales
|-enditem|p1b: Ninetales|Focus Sash
|-damage|p1b: Ninetales|1/100
|move|p2a: Porygon2|Tri Attack|p1a: Dragonite
|-activate|p1a: Dragonite|move: Protect
|move|p1b: Ninetales|Encore|p2b: Torkoal
|-start|p2b: Torkoal|Encore
|
|-weather|Snowscape|[upkeep]
|upkeep
|turn|4
|
|t:|1757708929
|move|p2b: Torkoal|Eruption|p1b: Ninetales|[spread] p1a,p1b
|-resisted|p1a: Dragonite
|-supereffective|p1b: Ninetales
|-damage|p1a: Dragonite|89/100
|-damage|p1b: Ninetales|0 fnt
|faint|p1b: Ninetales
|move|p2a: Porygon2|Tri Attack|p1a: Dragonite
|-crit|p1a: Dragonite
|-damage|p1a: Dragonite|44/100
|move|p1a: Dragonite|Scale Shot|p2b: Torkoal
|-damage|p2b: Torkoal|89/100
|-damage|p2b: Torkoal|76/100
|-damage|p2b: Torkoal|64/100
|-damage|p2b: Torkoal|51/100
|-hitcount|p2b: Torkoal|4
|-unboost|p1a: Dragonite|def|1
|-boost|p1a: Dragonite|spe|1
|
|-weather|Snowscape|[upkeep]
|upkeep
|
|t:|1757708946
|switch|p1b: Rillaboom|Rillaboom, L50, F|100/100
|-fieldstart|move: Grassy Terrain|[from] ability: Grassy Surge|[of] p1b: Rillaboom
|turn|5
|
|t:|1757708955
|-terastallize|p1b: Rillaboom|Fire
|move|p1b: Rillaboom|Fake Out|p2a: Porygon2
|-crit|p2a: Porygon2
|-damage|p2a: Porygon2|86/100
|move|p2b: Torkoal|Eruption|p1b: Rillaboom|[spread] p1a,p1b
|-resisted|p1a: Dragonite
|-resisted|p1b: Rillaboom
|-damage|p1a: Dragonite|33/100
|-damage|p1b: Rillaboom|92/100
|cant|p2a: Porygon2|flinch
|move|p1a: Dragonite|Scale Shot|p2b: Torkoal
|-damage|p2b: Torkoal|39/100
|-damage|p2b: Torkoal|27/100
|-damage|p2b: Torkoal|15/100
|-damage|p2b: Torkoal|4/100
|-hitcount|p2b: Torkoal|4
|-unboost|p1a: Dragonite|def|1
|-boost|p1a: Dragonite|spe|1
|
|-weather|Snowscape|[upkeep]
|-heal|p2b: Torkoal|10/100|[from] Grassy Terrain
|-heal|p2a: Porygon2|92/100|[from] Grassy Terrain
|-heal|p1b: Rillaboom|98/100|[from] Grassy Terrain
|upkeep
|turn|6
|
|t:|1757708984
|move|p1a: Dragonite|Protect|p1a: Dragonite
|-singleturn|p1a: Dragonite|Protect
|move|p2b: Torkoal|Eruption|p1b: Rillaboom|[spread] p1b
|-activate|p1a: Dragonite|move: Protect
|-resisted|p1b: Rillaboom
|-damage|p1b: Rillaboom|96/100
|move|p2a: Porygon2|Tri Attack|p1a: Dragonite
|-activate|p1a: Dragonite|move: Protect
|move|p1b: Rillaboom|Wood Hammer|p2a: Porygon2
|-damage|p2a: Porygon2|41/100
|-damage|p1b: Rillaboom|82/100|[from] Recoil
|
|-weather|none
|-heal|p2b: Torkoal|16/100|[from] Grassy Terrain
|-heal|p2a: Porygon2|48/100|[from] Grassy Terrain
|-heal|p1b: Rillaboom|89/100|[from] Grassy Terrain
|-end|p2b: Torkoal|Encore
|-sideend|p1: Truevillany123|move: Aurora Veil
|-fieldend|move: Trick Room
|upkeep
|turn|7
|
|t:|1757709010
|move|p2a: Porygon2|Protect|p2a: Porygon2
|-singleturn|p2a: Porygon2|Protect
|move|p1a: Dragonite|Scale Shot|p2a: Porygon2
|-activate|p2a: Porygon2|move: Protect
|move|p1b: Rillaboom|Wood Hammer|p2a: Porygon2
|-activate|p2a: Porygon2|move: Protect
|move|p2b: Torkoal|Heat Wave|p1b: Rillaboom|[spread] p1a,p1b
|-resisted|p1a: Dragonite
|-resisted|p1b: Rillaboom
|-damage|p1a: Dragonite|12/100
|-damage|p1b: Rillaboom|72/100
|
|-heal|p1b: Rillaboom|78/100|[from] Grassy Terrain
|-heal|p2a: Porygon2|54/100|[from] Grassy Terrain
|-heal|p2b: Torkoal|23/100|[from] Grassy Terrain
|upkeep
|turn|8
|
|t:|1757709030
|move|p1a: Dragonite|Scale Shot|p2a: Porygon2|[miss]
|-miss|p1a: Dragonite|p2a: Porygon2
|move|p1b: Rillaboom|Wood Hammer|p2a: Porygon2
|-damage|p2a: Porygon2|0 fnt
|faint|p2a: Porygon2
|-damage|p1b: Rillaboom|64/100|[from] Recoil
|move|p2b: Torkoal|Heat Wave|p1b: Rillaboom|[spread] p1a,p1b
|-resisted|p1a: Dragonite
|-resisted|p1b: Rillaboom
|-damage|p1a: Dragonite|0 fnt
|-damage|p1b: Rillaboom|46/100
|faint|p1a: Dragonite
|
|-heal|p1b: Rillaboom|52/100|[from] Grassy Terrain
|-heal|p2b: Torkoal|29/100|[from] Grassy Terrain
|upkeep
|
|t:|1757709046
|switch|p2a: Exeggutor|Exeggutor-Alola, L50, F|100/100
|turn|9
|
|t:|1757709059
|move|p1b: Rillaboom|U-turn|p2a: Exeggutor
|-supereffective|p2a: Exeggutor
|-damage|p2a: Exeggutor|48/100
|-enditem|p2a: Exeggutor|Sitrus Berry|[eat]
|-heal|p2a: Exeggutor|73/100|[from] item: Sitrus Berry
|move|p2a: Exeggutor|Draco Meteor|p1b: Rillaboom
|-damage|p1b: Rillaboom|0 fnt
|-unboost|p2a: Exeggutor|spa|2
|faint|p1b: Rillaboom
|
|win|NicoViBrittania
