|j|☆Chelicerate1
|j|☆MugiwaraLux
|html|Chelicerate1MugiwaraLux    
|uhtml|bestof|Game 2 of a best-of-3
|t:|1785140232
|gametype|doubles
|player|p1|Chelicerate1|ethan|1353
|player|p2|MugiwaraLux|cynthia-masters4|1376
|gen|9
|tier|[Gen 9 Champions] VGC 2026 Reg M-B (Bo3)
|rated|
|rule|Species Clause: Limit one of each Pokémon
|rule|Item Clause: Limit 1 of each item
|clearpoke
|poke|p1|Grimmsnarl, L50, M|
|poke|p1|Basculegion, L50, M|
|poke|p1|Charizard, L50, F|
|poke|p1|Pelipper, L50, M|
|poke|p1|Venusaur, L50, M|
|poke|p1|Archaludon, L50, M|
|poke|p2|Garchomp, L50, F|
|poke|p2|Venusaur, L50, F|
|poke|p2|Incineroar, L50, M|
|poke|p2|Charizard, L50, F|
|poke|p2|Toxapex, L50, M|
|poke|p2|Annihilape, L50, M|
|teampreview|4
|showteam|p1|Grimmsnarl||LightClay|Prankster|SpiritBreak,PartingShot,Reflect,LightScreen|Sassy||M|||50|]Basculegion||ChoiceScarf|Adaptability|LastRespects,WaveCrash,AquaJet,FlipTurn|Jolly||M|||50|]Charizard||CharizarditeY|Blaze|Protect,HeatWave,WeatherBall,SolarBeam|Modest||F|||50|]Pelipper||SitrusBerry|Drizzle|Hurricane,WeatherBall,Tailwind,WideGuard|Modest||M|||50|]Venusaur||FocusSash|Chlorophyll|SludgeBomb,SleepPowder,EarthPower,Protect|Modest||M|||50|]Archaludon||Leftovers|Stamina|ElectroShot,DragonPulse,FlashCannon,Protect|Calm||M|||50|
|showteam|p2|Garchomp||ChoiceScarf|RoughSkin|Earthquake,RockSlide,DragonClaw,StompingTantrum|Adamant||F|||50|]Venusaur||LifeOrb|Chlorophyll|SludgeBomb,SolarBeam,EarthPower,Protect|Modest||F|||50|]Incineroar||SitrusBerry|Intimidate|FakeOut,FlareBlitz,ThroatChop,PartingShot|Impish||M|||50|]Charizard||CharizarditeY|Blaze|HeatWave,WeatherBall,Protect,HelpingHand|Modest||F|||50|]Toxapex||Leftovers|Regenerator|Infestation,Toxic,WideGuard,BanefulBunker|Impish||M|||50|]Annihilape||FocusSash|Defiant|CloseCombat,PhantomForce,RockTomb,Protect|Jolly||M|||50|
|inactive|Battle timer is ON: inactive players will automatically lose when time's up. (requested by MugiwaraLux)
|inactive|Chelicerate1 also wants the timer to be on.
|inactive|MugiwaraLux has 60 seconds left.
|
|t:|1785140273
|teamsize|p1|4
|teamsize|p2|4
|start
|switch|p1a: Charizard|Charizard, L50, F|100/100
|switch|p1b: Grimmsnarl|Grimmsnarl, L50, M|100/100
|switch|p2a: Annihilape|Annihilape, L50, M|100/100
|switch|p2b: Charizard|Charizard, L50, F|100/100
|turn|1
|inactive|Chelicerate1 has 30 seconds left.
|
|t:|1785140299
|detailschange|p1a: Charizard|Charizard-Mega-Y, L50, F
|-mega|p1a: Charizard|Charizard|Charizardite Y
|-weather|SunnyDay|[from] ability: Drought|[of] p1a: Charizard
|move|p2b: Charizard|Helping Hand|p2a: Annihilape
|-singleturn|p2a: Annihilape|Helping Hand|[of] p2b: Charizard
|move|p1b: Grimmsnarl|Light Screen|p1b: Grimmsnarl
|-sidestart|p1: Chelicerate1|move: Light Screen
|move|p2a: Annihilape|Rock Tomb|p1a: Charizard
|-supereffective|p1a: Charizard|2
|-damage|p1a: Charizard|0 fnt
|faint|p1a: Charizard
|
|-weather|SunnyDay|[upkeep]
|upkeep
|
|t:|1785140315
|switch|p1a: Archaludon|Archaludon, L50, M|100/100
|turn|2
|
|t:|1785140319
|move|p2b: Charizard|Protect|p2b: Charizard
|-singleturn|p2b: Charizard|Protect
|move|p1b: Grimmsnarl|Parting Shot|p2b: Charizard
|-activate|p2b: Charizard|move: Protect
|move|p2a: Annihilape|Close Combat|p1a: Archaludon
|-supereffective|p1a: Archaludon|1
|-damage|p1a: Archaludon|13/100
|-unboost|p2a: Annihilape|def|1
|-unboost|p2a: Annihilape|spd|1
|-ability|p1a: Archaludon|Stamina|boost
|-boost|p1a: Archaludon|def|1
|move|p1a: Archaludon|Electro Shot||[still]
|-prepare|p1a: Archaludon|Electro Shot
|-boost|p1a: Archaludon|spa|1
|
|-weather|SunnyDay|[upkeep]
|-heal|p1a: Archaludon|19/100|[from] item: Leftovers
|upkeep
|turn|3
|
|t:|1785140339
|detailschange|p2b: Charizard|Charizard-Mega-Y, L50, F
|-mega|p2b: Charizard|Charizard|Charizardite Y
|move|p1b: Grimmsnarl|Reflect|p1b: Grimmsnarl
|-sidestart|p1: Chelicerate1|Reflect
|move|p2a: Annihilape|Close Combat|p1a: Archaludon
|-supereffective|p1a: Archaludon|1
|-damage|p1a: Archaludon|0 fnt
|-unboost|p2a: Annihilape|def|1
|-unboost|p2a: Annihilape|spd|1
|faint|p1a: Archaludon
|move|p2b: Charizard|Weather Ball|p1b: Grimmsnarl
|-damage|p1b: Grimmsnarl|46/100
|
|-weather|SunnyDay|[upkeep]
|upkeep
|
|t:|1785140351
|switch|p1a: Pelipper|Pelipper, L50, M|100/100
|-weather|RainDance|[from] ability: Drizzle|[of] p1a: Pelipper
|turn|4
|
|t:|1785140364
|switch|p2b: Toxapex|Toxapex, L50, M|100/100
|move|p2a: Annihilape|Close Combat|p1b: Grimmsnarl
|-damage|p1b: Grimmsnarl|3/100
|-unboost|p2a: Annihilape|def|1
|-unboost|p2a: Annihilape|spd|1
|move|p1a: Pelipper|Hurricane|p2a: Annihilape
|-supereffective|p2a: Annihilape|1
|-enditem|p2a: Annihilape|Focus Sash
|-damage|p2a: Annihilape|1/100
|move|p1b: Grimmsnarl|Spirit Break|p2b: Toxapex
|-resisted|p2b: Toxapex|1
|-damage|p2b: Toxapex|90/100
|-unboost|p2b: Toxapex|spa|1
|
|-weather|RainDance|[upkeep]
|-heal|p2b: Toxapex|96/100|[from] item: Leftovers
|upkeep
|turn|5
|
|t:|1785140371
|move|p2a: Annihilape|Close Combat|p1b: Grimmsnarl
|-damage|p1b: Grimmsnarl|0 fnt
|-unboost|p2a: Annihilape|def|1
|-unboost|p2a: Annihilape|spd|1
|faint|p1b: Grimmsnarl
|move|p1a: Pelipper|Hurricane|p2a: Annihilape
|-supereffective|p2a: Annihilape|1
|-damage|p2a: Annihilape|0 fnt
|faint|p2a: Annihilape
|move|p2b: Toxapex|Toxic|p1a: Pelipper
|-status|p1a: Pelipper|tox
|
|-weather|RainDance|[upkeep]
|-heal|p2b: Toxapex|100/100|[from] item: Leftovers
|-damage|p1a: Pelipper|93/100 tox|[from] psn
|upkeep
|
|t:|1785140377
|switch|p2a: Charizard|Charizard-Mega-Y, L50, F|100/100
|-weather|SunnyDay|[from] ability: Drought|[of] p2a: Charizard
|turn|6
|
|t:|1785140390
|move|p2a: Charizard|Weather Ball|p1a: Pelipper
|-resisted|p1a: Pelipper|1
|-damage|p1a: Pelipper|54/100 tox
|move|p1a: Pelipper|Weather Ball|p2b: Toxapex
|-resisted|p2b: Toxapex|1
|-damage|p2b: Toxapex|83/100
|move|p2b: Toxapex|Infestation|p1a: Pelipper
|-resisted|p1a: Pelipper|1
|-damage|p1a: Pelipper|53/100 tox
|-activate|p1a: Pelipper|move: Infestation|[of] p2b: Toxapex
|
|-weather|SunnyDay|[upkeep]
|-heal|p2b: Toxapex|89/100|[from] item: Leftovers
|-damage|p1a: Pelipper|41/100 tox|[from] psn
|-damage|p1a: Pelipper|29/100 tox|[from] move: Infestation|[partiallytrapped]
|upkeep
|-enditem|p1a: Pelipper|Sitrus Berry|[eat]
|-heal|p1a: Pelipper|54/100 tox|[from] item: Sitrus Berry
|turn|7
|
|t:|1785140409
|move|p2b: Toxapex|Baneful Bunker|p2b: Toxapex
|-singleturn|p2b: Toxapex|move: Protect
|move|p2a: Charizard|Weather Ball|p1a: Pelipper
|-resisted|p1a: Pelipper|1
|-damage|p1a: Pelipper|15/100 tox
|move|p1a: Pelipper|Weather Ball|p2b: Toxapex
|-activate|p2b: Toxapex|move: Protect
|
|-weather|SunnyDay|[upkeep]
|-heal|p2b: Toxapex|94/100|[from] item: Leftovers
|-damage|p1a: Pelipper|0 fnt|[from] psn
|faint|p1a: Pelipper
|
|win|MugiwaraLux
||MugiwaraLux is ready for game 3.
|inactive|Chelicerate1 has 30 seconds to confirm battle start!
