|j|☆Lorido
|j|☆MrManlyMeep
|html|LoridoMrManlyMeep    
|uhtml|bestof|Game 2 of a best-of-3
|t:|1785770846
|gametype|doubles
|player|p1|Lorido|266|1195
|player|p2|MrManlyMeep|101|1066
|gen|9
|tier|[Gen 9 Champions] VGC 2026 Reg M-B (Bo3)
|rated|
|rule|Species Clause: Limit one of each Pokémon
|rule|Item Clause: Limit 1 of each item
|clearpoke
|poke|p1|Delphox, L50, M|
|poke|p1|Sneasler, L50, F|
|poke|p1|Incineroar, L50, M|
|poke|p1|Floette-Eternal, L50, F|
|poke|p1|Kingambit, L50, M|
|poke|p1|Sinistcha, L50|
|poke|p2|Clefable, L50, F|
|poke|p2|Tyranitar, L50, M|
|poke|p2|Gholdengo, L50|
|poke|p2|Lucario, L50, M|
|poke|p2|Hydreigon, L50, M|
|poke|p2|Azumarill, L50, M|
|teampreview|4
|showteam|p1|Delphox||Delphoxite|Blaze|HeatWave,Psychic,NastyPlot,Protect|Timid||M|||50|]Sneasler||FocusSash|PoisonTouch|CloseCombat,PoisonJab,FakeOut,QuickGuard|Jolly||F|||50|]Incineroar||SitrusBerry|Intimidate|FlareBlitz,DarkestLariat,FakeOut,PartingShot|Careful||M|||50|]Floette-Eternal||Floettite|FlowerVeil|DazzlingGleam,DrainingKiss,CalmMind,Protect|Bold||F|||50|]Kingambit||BlackGlasses|Defiant|KowtowCleave,SuckerPunch,SwordsDance,Protect|Adamant||M|||50|]Sinistcha||OccaBerry|Hospitality|MatchaGotcha,RagePowder,TrickRoom,Protect|Bold|||||50|
|showteam|p2|Clefable||Clefablite|Unaware|FollowMe,CalmMind,Moonblast,Protect|Bold||F|||50|]Tyranitar||LumBerry|SandStream|StealthRock,KnockOff,RockSlide,Protect|Careful||M|||50|]Gholdengo||LifeOrb|GoodasGold|NastyPlot,MakeItRain,ShadowBall,Protect|Modest|||||50|]Lucario||Lucarionite|InnerFocus|AuraSphere,VacuumWave,FlashCannon,Protect|Timid||M|||50|]Hydreigon||ChoiceScarf|Levitate|DracoMeteor,DarkPulse,EarthPower,HeatWave|Timid||M|||50|]Azumarill||MysticWater|HugePower|AquaJet,Liquidation,IceSpinner,Protect|Adamant||M|||50|
|
|t:|1785770890
|teamsize|p1|4
|teamsize|p2|4
|start
|switch|p1a: Kingambit|Kingambit, L50, M|100/100
|switch|p1b: Sneasler|Sneasler, L50, F|100/100
|switch|p2a: Lucario|Lucario, L50, M|100/100
|switch|p2b: Clefable|Clefable, L50, F|100/100
|turn|1
|
|t:|1785770916
|switch|p1a: Sinistcha|Sinistcha, L50|100/100
|move|p2b: Clefable|Follow Me|p2b: Clefable
|-singleturn|p2b: Clefable|move: Follow Me
|move|p1b: Sneasler|Poison Jab|p2b: Clefable
|-supereffective|p2b: Clefable|1
|-damage|p2b: Clefable|34/100
|-status|p2b: Clefable|psn|[from] ability: Poison Touch|[of] p1b: Sneasler
|move|p2a: Lucario|Aura Sphere|p1a: Sinistcha
|-immune|p1a: Sinistcha
|
|-damage|p2b: Clefable|22/100 psn|[from] psn
|upkeep
|turn|2
|
|t:|1785770948
|detailschange|p2a: Lucario|Lucario-Mega, L50, M
|-mega|p2a: Lucario|Lucario|Lucarionite
|move|p1a: Sinistcha|Rage Powder|p1a: Sinistcha
|-singleturn|p1a: Sinistcha|move: Rage Powder
|move|p2b: Clefable|Follow Me|p2b: Clefable
|-singleturn|p2b: Clefable|move: Follow Me
|move|p1b: Sneasler|Poison Jab|p2b: Clefable
|-supereffective|p2b: Clefable|1
|-damage|p2b: Clefable|0 fnt
|faint|p2b: Clefable
|move|p2a: Lucario|Flash Cannon|p1a: Sinistcha
|-damage|p1a: Sinistcha|40/100
|
|upkeep
|
|t:|1785771024
|switch|p2b: Gholdengo|Gholdengo, L50|100/100
|turn|3
|
|t:|1785771065
|switch|p1a: Kingambit|Kingambit, L50, M|100/100
|move|p2a: Lucario|Protect|p2a: Lucario
|-singleturn|p2a: Lucario|Protect
|move|p1b: Sneasler|Close Combat|p2a: Lucario
|-activate|p2a: Lucario|move: Protect
|move|p2b: Gholdengo|Make It Rain|p1a: Kingambit|[spread] p1a,p1b
|-resisted|p1a: Kingambit|1
|-damage|p1a: Kingambit|69/100
|-damage|p1b: Sneasler|1/100
|-unboost|p2b: Gholdengo|spa|2
|-damage|p2b: Gholdengo|90/100|[from] item: Life Orb
|
|upkeep
|turn|4
|
|t:|1785771101
|switch|p2b: Hydreigon|Hydreigon, L50, M|100/100
|move|p2a: Lucario|Vacuum Wave|p1b: Sneasler
|-resisted|p1b: Sneasler|1
|-damage|p1b: Sneasler|0 fnt
|faint|p1b: Sneasler
|move|p1a: Kingambit|Sucker Punch||[still]
|-fail|p1a: Kingambit
|
|upkeep
|
|t:|1785771108
|switch|p1b: Floette|Floette-Eternal, L50, F|100/100
|turn|5
|
|t:|1785771131
|detailschange|p1b: Floette|Floette-Mega, L50, F
|-mega|p1b: Floette|Floette|Floettite
|-ability|p1b: Floette|Fairy Aura
|move|p1a: Kingambit|Protect|p1a: Kingambit
|-singleturn|p1a: Kingambit|Protect
|move|p2b: Hydreigon|Heat Wave|p1b: Floette|[spread] p1b
|-activate|p1a: Kingambit|move: Protect
|-damage|p1b: Floette|81/100
|move|p2a: Lucario|Flash Cannon|p1b: Floette
|-supereffective|p1b: Floette|1
|-damage|p1b: Floette|0 fnt
|faint|p1b: Floette
|
|upkeep
|
|t:|1785771142
|switch|p1b: Sinistcha|Sinistcha, L50|40/100
|-heal|p1a: Kingambit|93/100|[from] ability: Hospitality|[of] p1b: Sinistcha
|turn|6
|
|t:|1785771149
|move|p2a: Lucario|Protect|p2a: Lucario
|-singleturn|p2a: Lucario|Protect
|move|p1a: Kingambit|Sucker Punch||[still]
|-fail|p1a: Kingambit
|move|p2b: Hydreigon|Heat Wave|p1b: Sinistcha|[spread] p1a,p1b
|-supereffective|p1a: Kingambit|1
|-supereffective|p1b: Sinistcha|1
|-enditem|p1b: Sinistcha|Occa Berry|[eat]
|-enditem|p1b: Sinistcha|Occa Berry|[weaken]
|-damage|p1a: Kingambit|48/100
|-damage|p1b: Sinistcha|16/100
|move|p1b: Sinistcha|Matcha Gotcha|p2b: Hydreigon|[spread] p2b
|-activate|p2a: Lucario|move: Protect
|-resisted|p2b: Hydreigon|1
|-damage|p2b: Hydreigon|85/100
|-heal|p1b: Sinistcha|23/100|[from] drain|[of] p2b: Hydreigon
|
|upkeep
|turn|7
|-message|Lorido forfeited.
|
|win|MrManlyMeep
