|j|☆Linkmasterjr
|j|☆jonathan53332
|html|Linkmasterjrjonathan53332    
|uhtml|bestof|Game 1 of a best-of-3
|t:|1782243868
|gametype|doubles
|player|p1|Linkmasterjr|170|
|player|p2|jonathan53332|102|
|gen|9
|tier|[Gen 9 Champions] VGC 2026 Reg M-B (Bo3)
|rule|Species Clause: Limit one of each Pokémon
|rule|Item Clause: Limit 1 of each item
|clearpoke
|poke|p1|Raichu, L50, M|
|poke|p1|Grimmsnarl, L50, M|
|poke|p1|Incineroar, L50, F|
|poke|p1|Garchomp, L50, F|
|poke|p1|Dragonite, L50, F|
|poke|p1|Whimsicott, L50, M|
|poke|p2|Primarina, L50, M|
|poke|p2|Sinistcha-Masterpiece, L50, shiny|
|poke|p2|Pelipper, L50, M|
|poke|p2|Meganium, L50, F, shiny|
|poke|p2|Excadrill, L50, F|
|poke|p2|Gholdengo, L50|
|teampreview|4
|showteam|p1|Raichu||RaichuniteY|LightningRod|ZapCannon,FocusBlast,Protect,VoltSwitch|Serious||M|||50|]Grimmsnarl||LightClay|Prankster|PartingShot,Reflect,LightScreen,SpiritBreak|Serious||M|||50|]Incineroar||SitrusBerry|Intimidate|PartingShot,FlareBlitz,WillOWisp,FakeOut|Serious||F|||50|]Garchomp||QuickClaw|RoughSkin|Earthquake,DragonClaw,IronHead,Protect|Serious||F|||50|]Dragonite||KingsRock|InnerFocus|IceBeam,StompingTantrum,ExtremeSpeed,HeatWave|Serious||F|||50|]Whimsicott||FocusBand|Prankster|Tailwind,DazzlingGleam,Encore,FakeTears|Serious||M|||50|
|showteam|p2|Primarina||Leftovers|LiquidVoice|HyperVoice,Blizzard,EnergyBall,ShadowBall|Modest||M|||50|]Sinistcha-Masterpiece||SitrusBerry|Hospitality|MatchaGotcha,StrengthSap,ShadowBall,Scald|Modest|||||50|]Pelipper||FocusSash|Drizzle|Hurricane,WideGuard,IcyWind,Tailwind|Modest||M|||50|]Meganium||Meganiumite|LeafGuard|WeatherBall,SolarBeam,DazzlingGleam,Synthesis|Timid||F|||50|]Excadrill||Excadrite|MoldBreaker|Earthquake,IronHead,BrickBreak,Protect|Jolly||F|||50|]Gholdengo||Metronome|GoodasGold|ShadowBall,Recover,MakeItRain,DazzlingGleam|Modest|||||50|
|
|t:|1782243900
|teamsize|p1|4
|teamsize|p2|4
|start
|switch|p1a: Incineroar|Incineroar, L50, F|100/100
|switch|p1b: Grimmsnarl|Grimmsnarl, L50, M|100/100
|switch|p2a: Primarina|Primarina, L50, M|100/100
|switch|p2b: Meganium|Meganium, L50, F, shiny|100/100
|-ability|p1a: Incineroar|Intimidate|boost
|-unboost|p2a: Primarina|atk|1
|-unboost|p2b: Meganium|atk|1
|turn|1
|
|t:|1782243911
|switch|p2a: Pelipper|Pelipper, L50, M|100/100
|-weather|RainDance|[from] ability: Drizzle|[of] p2a: Pelipper
|move|p1a: Incineroar|Fake Out|p2a: Pelipper
|-damage|p2a: Pelipper|84/100
|move|p1b: Grimmsnarl|Parting Shot|p2b: Meganium
|-unboost|p2b: Meganium|atk|1
|-unboost|p2b: Meganium|spa|1
|
|t:|1782243924
|switch|p1b: Dragonite|Dragonite, L50, F|100/100|[from] Parting Shot
|move|p2b: Meganium|Weather Ball|p1a: Incineroar
|-supereffective|p1a: Incineroar|1
|-damage|p1a: Incineroar|50/100y
|-enditem|p1a: Incineroar|Sitrus Berry|[eat]
|-heal|p1a: Incineroar|75/100|[from] item: Sitrus Berry
|
|-weather|RainDance|[upkeep]
|upkeep
|turn|2
|
|t:|1782243946
|switch|p2b: Primarina|Primarina, L50, M|100/100
|move|p1b: Dragonite|Ice Beam|p2b: Primarina
|-resisted|p2b: Primarina|1
|-damage|p2b: Primarina|89/100
|move|p2a: Pelipper|Icy Wind|p1a: Incineroar|[spread] p1a,p1b
|-resisted|p1a: Incineroar|1
|-supereffective|p1b: Dragonite|2
|-damage|p1a: Incineroar|69/100
|-damage|p1b: Dragonite|42/100
|-unboost|p1a: Incineroar|spe|1
|-unboost|p1b: Dragonite|spe|1
|move|p1a: Incineroar|Parting Shot|p2a: Pelipper
|-unboost|p2a: Pelipper|atk|1
|-unboost|p2a: Pelipper|spa|1
|
|t:|1782243960
|switch|p1a: Raichu|Raichu, L50, M|100/100|[from] Parting Shot
|
|-weather|RainDance|[upkeep]
|-heal|p2b: Primarina|94/100|[from] item: Leftovers
|upkeep
|turn|3
|
|t:|1782243978
|switch|p2b: Excadrill|Excadrill, L50, F|100/100
|-ability|p2b: Excadrill|Mold Breaker
|detailschange|p1a: Raichu|Raichu-Mega-Y, L50, M
|-mega|p1a: Raichu|Raichu|Raichunite Y
|move|p1b: Dragonite|Extreme Speed|p2a: Pelipper
|-damage|p2a: Pelipper|54/100
|move|p1a: Raichu|Volt Switch|p2b: Excadrill
|-immune|p2b: Excadrill
|move|p2a: Pelipper|Tailwind|p2a: Pelipper
|-sidestart|p2: jonathan53332|move: Tailwind
|
|-weather|RainDance|[upkeep]
|upkeep
|turn|4
|
|t:|1782244008
|switch|p2a: Meganium|Meganium, L50, F, shiny|100/100
|detailschange|p2b: Excadrill|Excadrill-Mega, L50, F
|-mega|p2b: Excadrill|Excadrill|Excadrite
|move|p2b: Excadrill|Earthquake|p1b: Dragonite|[spread] p2a,p1a
|-immune|p1b: Dragonite
|-resisted|p2a: Meganium|1
|-crit|p2a: Meganium
|-supereffective|p1a: Raichu|1
|-damage|p2a: Meganium|58/100
|-damage|p1a: Raichu|0 fnt
|faint|p1a: Raichu
|move|p1b: Dragonite|Stomping Tantrum|p2b: Excadrill
|-supereffective|p2b: Excadrill|1
|-damage|p2b: Excadrill|54/100
|
|-weather|RainDance|[upkeep]
|upkeep
|
|t:|1782244025
|switch|p1a: Incineroar|Incineroar, L50, F|69/100
|-ability|p1a: Incineroar|Intimidate|boost
|-unboost|p2a: Meganium|atk|1
|-unboost|p2b: Excadrill|atk|1
|turn|5
|l|☆jonathan53332
|player|p2|
|j|☆jonathan53332
|player|p2|jonathan53332|102|
|
|t:|1782244048
|move|p1a: Incineroar|Fake Out|p2b: Excadrill
|-resisted|p2b: Excadrill|1
|-damage|p2b: Excadrill|48/100
|cant|p2b: Excadrill|flinch
|move|p2a: Meganium|Weather Ball|p1a: Incineroar
|-supereffective|p1a: Incineroar|1
|-damage|p1a: Incineroar|0 fnt
|faint|p1a: Incineroar
|move|p1b: Dragonite|Ice Beam|p2a: Meganium
|-supereffective|p2a: Meganium|1
|-damage|p2a: Meganium|0 fnt
|faint|p2a: Meganium
|
|-weather|none
|upkeep
|
|t:|1782244067
|switch|p2a: Primarina|Primarina, L50, M|94/100
|switch|p1a: Grimmsnarl|Grimmsnarl, L50, M|100/100
|turn|6
|
|t:|1782244082
|move|p1a: Grimmsnarl|Parting Shot|p2a: Primarina
|-unboost|p2a: Primarina|atk|1
|-unboost|p2a: Primarina|spa|1
|move|p2b: Excadrill|Iron Head|p1a: Grimmsnarl
|-supereffective|p1a: Grimmsnarl|1
|-damage|p1a: Grimmsnarl|25/100
|move|p2a: Primarina|Blizzard|p1a: Grimmsnarl|[spread] p1a,p1b
|-supereffective|p1b: Dragonite|2
|-damage|p1a: Grimmsnarl|0 fnt
|-damage|p1b: Dragonite|0 fnt
|faint|p1a: Grimmsnarl
|faint|p1b: Dragonite
|
|win|jonathan53332
