|j|☆Cecho8
|j|☆raylof
|html|Cecho8raylof    
|uhtml|bestof|Game 1 of a best-of-3
|t:|1757139725
|gametype|doubles
|player|p1|Cecho8|shadowtriad|1227
|player|p2|raylof|2|1252
|gen|9
|tier|[Gen 9] VGC 2025 Reg H (Bo3)
|rated|
|rule|Species Clause: Limit one of each Pokémon
|rule|Item Clause: Limit 1 of each item
|clearpoke
|poke|p1|Archaludon, L50, M|
|poke|p1|Pelipper, L50, M|
|poke|p1|Gholdengo, L50|
|poke|p1|Basculegion, L50, M|
|poke|p1|Amoonguss, L50, M|
|poke|p1|Annihilape, L50, F|
|poke|p2|Dragonite, L50, M|
|poke|p2|Ursaluna-Bloodmoon, L50, M|
|poke|p2|Gholdengo, L50|
|poke|p2|Incineroar, L50, F|
|poke|p2|Amoonguss, L50, F|
|poke|p2|Ninetales-Alola, L50, M|
|teampreview|4
|showteam|p1|Archaludon||AssaultVest|Stamina|DragonPulse,ElectroShot,BodyPress,Snarl|||M|||50|,,,,,Bug]Pelipper||FocusSash|Drizzle|WeatherBall,Hurricane,Tailwind,Protect|||M|||50|,,,,,Ghost]Gholdengo||LifeOrb|GoodasGold|MakeItRain,ShadowBall,NastyPlot,Protect||||||50|,,,,,Water]Basculegion||ChoiceBand|SwiftSwim|AquaJet,WaveCrash,LastRespects,FlipTurn|||M|||50|,,,,,Water]Amoonguss||SitrusBerry|Regenerator|RagePowder,Spore,PollenPuff,Protect|||M|||50|,,,,,Fairy]Annihilape||SafetyGoggles|Defiant|RageFist,CloseCombat,FinalGambit,Taunt|||F|||50|,,,,,Fire
|showteam|p2|Dragonite||LoadedDice|Multiscale|ScaleShot,Haze,Protect,Tailwind|||M|||50|,,,,,Fairy]Ursaluna-Bloodmoon||AssaultVest|MindsEye|BloodMoon,HyperVoice,VacuumWave,EarthPower|||M|||50|,,,,,Ghost]Gholdengo||LifeOrb|GoodasGold|MakeItRain,ShadowBall,Protect,NastyPlot||||||50|,,,,,Water]Incineroar||SafetyGoggles|Intimidate|KnockOff,FakeOut,FlareBlitz,PartingShot|||F|||50|,,,,,Ghost]Amoonguss||SitrusBerry|Regenerator|PollenPuff,Spore,RagePowder,Protect|||F|||50|,,,,,Water]Ninetales-Alola||LightClay|SnowWarning|IcyWind,FreezeDry,Protect,AuroraVeil|||M|||50|,,,,,Ghost
|inactive|Battle timer is ON: inactive players will automatically lose when time's up. (requested by Cecho8)
|inactive|raylof has 60 seconds left.
|inactive|raylof has 30 seconds left.
|
|t:|1757139842
|teamsize|p1|4
|teamsize|p2|4
|start
|switch|p1a: Annihilape|Annihilape, L50, F|100/100
|switch|p1b: Basculegion|Basculegion, L50, M|100/100
|switch|p2a: Dragonite|Dragonite, L50, M|100/100
|switch|p2b: Gholdengo|Gholdengo, L50|100/100
|turn|1
|
|t:|1757139866
|move|p2b: Gholdengo|Protect|p2b: Gholdengo
|-singleturn|p2b: Gholdengo|Protect
|move|p2a: Dragonite|Protect|p2a: Dragonite
|-singleturn|p2a: Dragonite|Protect
|move|p1a: Annihilape|Final Gambit|p2a: Dragonite
|-activate|p2a: Dragonite|move: Protect
|move|p1b: Basculegion|Flip Turn|p2b: Gholdengo
|-activate|p2b: Gholdengo|move: Protect
|
|upkeep
|turn|2
|
|t:|1757139889
|switch|p2a: Amoonguss|Amoonguss, L50, F, shiny|100/100
|-terastallize|p1b: Basculegion|Water
|move|p1a: Annihilape|Final Gambit|p2a: Amoonguss
|-damage|p2a: Amoonguss|5/100
|-enditem|p2a: Amoonguss|Sitrus Berry|[eat]
|-heal|p2a: Amoonguss|30/100|[from] item: Sitrus Berry
|faint|p1a: Annihilape
|move|p2b: Gholdengo|Nasty Plot|p2b: Gholdengo
|-boost|p2b: Gholdengo|spa|2
|move|p1b: Basculegion|Flip Turn|p2b: Gholdengo
|-damage|p2b: Gholdengo|37/100
|
|t:|1757139906
|switch|p1b: Pelipper|Pelipper, L50, M|100/100|[from] Flip Turn
|-weather|RainDance|[from] ability: Drizzle|[of] p1b: Pelipper
|
|-weather|RainDance|[upkeep]
|upkeep
|
|t:|1757139917
|switch|p1a: Archaludon|Archaludon, L50, M|100/100
|turn|3
|
|t:|1757139941
|switch|p2a: Ninetales|Ninetales-Alola, L50, M, shiny|100/100
|-weather|Snowscape|[from] ability: Snow Warning|[of] p2a: Ninetales
|move|p2b: Gholdengo|Shadow Ball|p1a: Archaludon
|-damage|p1a: Archaludon|7/100
|-ability|p1a: Archaludon|Stamina|boost
|-boost|p1a: Archaludon|def|1
|-damage|p2b: Gholdengo|27/100|[from] item: Life Orb
|move|p1b: Pelipper|Hurricane|p2a: Ninetales
|-damage|p2a: Ninetales|51/100
|move|p1a: Archaludon|Electro Shot||[still]
|-prepare|p1a: Archaludon|Electro Shot
|-boost|p1a: Archaludon|spa|1
|
|-weather|Snowscape|[upkeep]
|upkeep
|turn|4
|
|t:|1757139965
|switch|p1b: Basculegion|Basculegion, L50, M, tera:Water|100/100
|move|p2a: Ninetales|Icy Wind|p1b: Basculegion|[spread] p1a,p1b
|-resisted|p1b: Basculegion
|-damage|p1a: Archaludon|0 fnt
|-damage|p1b: Basculegion|93/100
|-unboost|p1b: Basculegion|spe|1
|faint|p1a: Archaludon
|move|p2b: Gholdengo|Make It Rain|p1b: Basculegion
|-resisted|p1b: Basculegion
|-damage|p1b: Basculegion|0 fnt
|-unboost|p2b: Gholdengo|spa|1
|faint|p1b: Basculegion
|-damage|p2b: Gholdengo|18/100|[from] item: Life Orb
|
|-weather|Snowscape|[upkeep]
|upkeep
|
|t:|1757139972
|switch|p1b: Pelipper|Pelipper, L50, M|100/100
|-weather|RainDance|[from] ability: Drizzle|[of] p1b: Pelipper
|turn|5
|
|t:|1757139983
|move|p2a: Ninetales|Freeze-Dry|p1b: Pelipper
|-supereffective|p1b: Pelipper
|-enditem|p1b: Pelipper|Focus Sash
|-damage|p1b: Pelipper|1/100
|move|p2b: Gholdengo|Shadow Ball|p1b: Pelipper
|-damage|p1b: Pelipper|0 fnt
|faint|p1b: Pelipper
|-damage|p2b: Gholdengo|8/100|[from] item: Life Orb
|
|win|raylof
||Cecho8 is ready for game 2.
|inactive|raylof has 30 seconds to confirm battle start!
||raylof is ready for game 2.
|uhtml|next|Next: Game 2 of 3
