|j|☆snodlop
|j|☆1TarsierFan
|html|snodlop1TarsierFan    
|uhtml|bestof|Game 1 of a best-of-3
|t:|1782406373
|gametype|doubles
|player|p1|snodlop|lebanne|1231
|player|p2|1TarsierFan|pokemaniac|1231
|gen|9
|tier|[Gen 9 Champions] VGC 2026 Reg M-B (Bo3)
|rated|
|rule|Species Clause: Limit one of each Pokémon
|rule|Item Clause: Limit 1 of each item
|clearpoke
|poke|p1|Pelipper, L50, F|
|poke|p1|Archaludon, L50, F|
|poke|p1|Meganium, L50, F|
|poke|p1|Incineroar, L50, F|
|poke|p1|Dragonite, L50, M|
|poke|p1|Basculegion, L50, M|
|poke|p2|Blaziken, L50, F|
|poke|p2|Aerodactyl, L50, F|
|poke|p2|Basculegion, L50, M|
|poke|p2|Kingambit, L50, F|
|poke|p2|Sylveon, L50, M|
|poke|p2|Sinistcha, L50|
|teampreview|4
|showteam|p1|Pelipper||FocusSash|Drizzle|Tailwind,WideGuard,Hurricane,WeatherBall|Modest||F|||50|]Archaludon||Leftovers|Stamina|ElectroShot,DracoMeteor,Snarl,Protect|Bold||F|||50|]Meganium||Meganiumite|Overgrow|SolarBeam,WeatherBall,Synthesis,DazzlingGleam|Modest||F|||50|]Incineroar||SitrusBerry|Intimidate|FakeOut,PartingShot,FlareBlitz,DarkestLariat|Careful||F|||50|]Dragonite||Dragoninite|Multiscale|Hurricane,DracoMeteor,WeatherBall,Protect|Modest||M|||50|]Basculegion||ChoiceScarf|SwiftSwim|LastRespects,Liquidation,FlipTurn,PsychicFangs|Jolly||M|||50|
|showteam|p2|Blaziken||Blazikenite|SpeedBoost|FlareBlitz,RockSlide,CloseCombat,Detect|Adamant||F|||50|]Aerodactyl||Aerodactylite|Unnerve|RockSlide,IceFang,DualWingbeat,Tailwind|Jolly||F|||50|]Basculegion||LifeOrb|Adaptability|WaveCrash,AquaJet,LastRespects,Protect|Adamant||M|||50|]Kingambit||FocusSash|Defiant|KowtowCleave,SuckerPunch,IronHead,LowKick|Adamant||F|||50|]Sylveon||FairyFeather|Pixilate|HyperBeam,HyperVoice,Detect,QuickAttack|Modest||M|||50|]Sinistcha||KasibBerry|Hospitality|MatchaGotcha,RagePowder,TrickRoom,Protect|Bold|||||50|
|
|t:|1782406421
|teamsize|p1|4
|teamsize|p2|4
|start
|switch|p1a: Meganium|Meganium, L50, F|100/100
|switch|p1b: Pelipper|Pelipper, L50, F|100/100
|switch|p2a: Sylveon|Sylveon, L50, M|100/100
|switch|p2b: Kingambit|Kingambit, L50, F|100/100
|-weather|RainDance|[from] ability: Drizzle|[of] p1b: Pelipper
|turn|1
|
|t:|1782406454
|detailschange|p1a: Meganium|Meganium-Mega, L50, F
|-mega|p1a: Meganium|Meganium|Meganiumite
|move|p1a: Meganium|Weather Ball|p2b: Kingambit
|-supereffective|p2b: Kingambit|1
|-enditem|p2b: Kingambit|Focus Sash
|-damage|p2b: Kingambit|1/100
|move|p1b: Pelipper|Weather Ball|p2b: Kingambit
|-damage|p2b: Kingambit|0 fnt
|faint|p2b: Kingambit
|move|p2a: Sylveon|Hyper Beam|p1a: Meganium
|-damage|p1a: Meganium|1/100
|-mustrecharge|p2a: Sylveon
|
|-weather|RainDance|[upkeep]
|upkeep
|
|t:|1782406468
|switch|p2b: Basculegion|Basculegion, L50, M|100/100
|turn|2
|
|t:|1782406477
|move|p2b: Basculegion|Aqua Jet|p1a: Meganium
|-resisted|p1a: Meganium|1
|-damage|p1a: Meganium|0 fnt
|faint|p1a: Meganium
|-damage|p2b: Basculegion|90/100|[from] item: Life Orb
|move|p1b: Pelipper|Tailwind|p1b: Pelipper
|-sidestart|p1: snodlop|move: Tailwind
|cant|p2a: Sylveon|recharge
|
|-weather|RainDance|[upkeep]
|upkeep
|
|t:|1782406482
|switch|p1a: Basculegion|Basculegion, L50, M|100/100
|turn|3
|
|t:|1782406523
|move|p2b: Basculegion|Protect|p2b: Basculegion
|-singleturn|p2b: Basculegion|Protect
|move|p1a: Basculegion|Last Respects|p2b: Basculegion
|-activate|p2b: Basculegion|move: Protect
|move|p1b: Pelipper|Hurricane|p2a: Sylveon
|-crit|p2a: Sylveon
|-damage|p2a: Sylveon|40/100
|-start|p2a: Sylveon|confusion
|-activate|p2a: Sylveon|confusion
|move|p2a: Sylveon|Hyper Beam|p1a: Basculegion
|-damage|p1a: Basculegion|0 fnt
|-mustrecharge|p2a: Sylveon
|faint|p1a: Basculegion
|
|-weather|RainDance|[upkeep]
|upkeep
|
|t:|1782406529
|switch|p1a: Incineroar|Incineroar, L50, F|100/100
|-ability|p1a: Incineroar|Intimidate|boost
|-unboost|p2a: Sylveon|atk|1
|-unboost|p2b: Basculegion|atk|1
|turn|4
|
|t:|1782406543
|switch|p2b: Sinistcha|Sinistcha, L50|100/100
|-heal|p2a: Sylveon|65/100|[from] ability: Hospitality|[of] p2b: Sinistcha
|move|p1b: Pelipper|Weather Ball|p2a: Sylveon
|-damage|p2a: Sylveon|5/100
|move|p1a: Incineroar|Darkest Lariat|p2b: Sinistcha
|-supereffective|p2b: Sinistcha|1
|-damage|p2b: Sinistcha|49/100
|cant|p2a: Sylveon|recharge
|
|-weather|RainDance|[upkeep]
|upkeep
|turn|5
|
|t:|1782406586
|move|p2b: Sinistcha|Protect|p2b: Sinistcha
|-singleturn|p2b: Sinistcha|Protect
|-activate|p2a: Sylveon|confusion
|move|p2a: Sylveon|Detect|p2a: Sylveon
|-singleturn|p2a: Sylveon|Protect
|move|p1b: Pelipper|Hurricane|p2b: Sinistcha
|-activate|p2b: Sinistcha|move: Protect
|move|p1a: Incineroar|Darkest Lariat|p2a: Sylveon
|-activate|p2a: Sylveon|move: Protect
|
|-weather|none
|-sideend|p1: snodlop|move: Tailwind
|upkeep
|turn|6
|
|t:|1782406608
|move|p2b: Sinistcha|Rage Powder|p2b: Sinistcha
|-singleturn|p2b: Sinistcha|move: Rage Powder
|move|p1b: Pelipper|Hurricane|p2b: Sinistcha
|-supereffective|p2b: Sinistcha|1
|-damage|p2b: Sinistcha|0 fnt
|faint|p2b: Sinistcha
|-activate|p2a: Sylveon|confusion
|-damage|p2a: Sylveon|0 fnt|[from] confusion
|faint|p2a: Sylveon
|move|p1a: Incineroar|Darkest Lariat|p2: Sylveon|[notarget]
|-fail|p1a: Incineroar
|
|upkeep
|
|t:|1782406618
|switch|p2b: Basculegion|Basculegion, L50, M|90/100
|turn|7
|
|t:|1782406627
|move|p1b: Pelipper|Hurricane|p2b: Basculegion
|-damage|p2b: Basculegion|31/100
|move|p2b: Basculegion|Wave Crash|p1a: Incineroar
|-supereffective|p1a: Incineroar|1
|-damage|p1a: Incineroar|0 fnt
|faint|p1a: Incineroar
|-damage|p2b: Basculegion|0 fnt|[from] Recoil
|faint|p2b: Basculegion
|
|win|snodlop
||1TarsierFan is ready for game 2.
||snodlop is ready for game 2.
|uhtml|next|Next: Game 2 of 3
