|j|☆toobadforalt
|j|☆stanhoff
|html|toobadforaltstanhoff    
|uhtml|bestof|Game 2 of a best-of-3
|t:|1757788321
|gametype|doubles
|player|p1|toobadforalt|2|1231
|player|p2|stanhoff|falkner|1128
|gen|9
|tier|[Gen 9] VGC 2025 Reg H (Bo3)
|rated|
|rule|Species Clause: Limit one of each Pokémon
|rule|Item Clause: Limit 1 of each item
|clearpoke
|poke|p1|Dragapult, L50, M|
|poke|p1|Magmar, L50, F|
|poke|p1|Rillaboom, L50, F|
|poke|p1|Kingambit, L50, M|
|poke|p1|Sneasler, L50, F|
|poke|p1|Milotic, L50, M|
|poke|p2|Hatterene, L50, F|
|poke|p2|Indeedee-F, L50, F|
|poke|p2|Sneasler, L50, F|
|poke|p2|Excadrill, L50, F|
|poke|p2|Tyranitar, L50, F|
|poke|p2|Amoonguss, L50, F|
|teampreview|4
|showteam|p1|Dragapult||ChoiceBand|ClearBody|DragonDarts,Uturn,PhantomForce,TeraBlast|||M|||50|,,,,,Ghost]Magmar||Eviolite|VitalSpirit|FollowMe,Overheat,Taunt,WillOWisp|||F|||50|,,,,,Ghost]Rillaboom||AssaultVest|GrassySurge|FakeOut,WoodHammer,GrassyGlide,HighHorsepower|||F|||50|,,,,,Fire]Kingambit||SafetyGoggles|Defiant|SwordsDance,KowtowCleave,SuckerPunch,Protect|||M|||50|,,,,,Flying]Sneasler||FocusSash|Unburden|FakeOut,DireClaw,CloseCombat,Protect|||F|||50|,,,,,Stellar]Milotic||Leftovers|Competitive|Scald,IcyWind,Haze,Protect|||M|||50|,,,,,Grass
|showteam|p2|Hatterene||LifeOrb|MagicBounce|Protect,TrickRoom,ExpandingForce,DazzlingGleam|||F|||50|,,,,,Psychic]Indeedee-F||SafetyGoggles|PsychicSurge|FollowMe,HelpingHand,Psychic,TrickRoom|||F|||50|,,,,,Fairy]Sneasler||PsychicSeed|Unburden|DireClaw,CloseCombat,ThroatChop,Protect|||F|||50|,,,,,Dark]Excadrill||FocusSash|SandRush|Earthquake,IronHead,HighHorsepower,Protect|||F|||50|,,,,,Ground]Tyranitar||AirBalloon|SandStream|RockSlide,LowKick,KnockOff,Protect|||F|||50|,,,,,Flying]Amoonguss||RockyHelmet|Regenerator|Spore,RagePowder,SludgeBomb,ClearSmog|||F|||50|,,,,,Water
|inactive|Battle timer is ON: inactive players will automatically lose when time's up. (requested by stanhoff)
|
|t:|1757788346
|teamsize|p1|4
|teamsize|p2|4
|start
|switch|p1a: Milotic|Milotic, L50, M|100/100
|switch|p1b: Dragapult|Dragapult, L50, M|100/100
|switch|p2a: Hatterene|Hatterene, L50, F|100/100
|switch|p2b: Indeedee|Indeedee-F, L50, F|100/100
|-fieldstart|move: Psychic Terrain|[from] ability: Psychic Surge|[of] p2b: Indeedee
|turn|1
|
|t:|1757788361
|-terastallize|p2b: Indeedee|Fairy
|move|p2b: Indeedee|Follow Me|p2b: Indeedee
|-singleturn|p2b: Indeedee|move: Follow Me
|move|p1b: Dragapult|U-turn|p2b: Indeedee
|-resisted|p2b: Indeedee
|-damage|p2b: Indeedee|83/100
|
|t:|1757788368
|switch|p1b: Rillaboom|Rillaboom, L50, F|100/100|[from] U-turn
|-fieldstart|move: Grassy Terrain|[from] ability: Grassy Surge|[of] p1b: Rillaboom
|move|p1a: Milotic|Scald|p2b: Indeedee
|-damage|p2b: Indeedee|55/100
|-status|p2b: Indeedee|brn
|move|p2a: Hatterene|Trick Room|p2a: Hatterene
|-fieldstart|move: Trick Room|[of] p2a: Hatterene
|
|-heal|p2b: Indeedee|62/100 brn|[from] Grassy Terrain
|-damage|p2b: Indeedee|55/100 brn|[from] brn
|upkeep
|turn|2
|inactive|toobadforalt has 30 seconds left.
|inactive|stanhoff has 30 seconds left.
|
|t:|1757788401
|switch|p2b: Amoonguss|Amoonguss, L50, F|100/100
|switch|p1b: Kingambit|Kingambit, L50, M|100/100
|move|p2a: Hatterene|Protect|p2a: Hatterene
|-singleturn|p2a: Hatterene|Protect
|move|p1a: Milotic|Scald|p2a: Hatterene
|-activate|p2a: Hatterene|move: Protect
|
|upkeep
|turn|3
|inactive|stanhoff has 30 seconds left.
|
|t:|1757788427
|-terastallize|p1a: Milotic|Grass
|move|p2b: Amoonguss|Rage Powder|p2b: Amoonguss
|-singleturn|p2b: Amoonguss|move: Rage Powder
|move|p2a: Hatterene|Expanding Force|p1a: Milotic
|-damage|p1a: Milotic|57/100
|-damage|p2a: Hatterene|91/100|[from] item: Life Orb
|move|p1b: Kingambit|Kowtow Cleave|p2a: Hatterene
|-damage|p2a: Hatterene|36/100
|move|p1a: Milotic|Scald|p2a: Hatterene
|-damage|p2a: Hatterene|5/100
|
|-heal|p2a: Hatterene|11/100|[from] Grassy Terrain
|-heal|p1a: Milotic|63/100|[from] Grassy Terrain
|-heal|p1a: Milotic|69/100|[from] item: Leftovers
|upkeep
|turn|4
|inactive|stanhoff has 30 seconds left.
|
|t:|1757788458
|switch|p2a: Sneasler|Sneasler, L50, F|100/100
|move|p1b: Kingambit|Sucker Punch||[still]
|-fail|p1b: Kingambit
|move|p2b: Amoonguss|Sludge Bomb|p1a: Milotic
|-supereffective|p1a: Milotic
|-damage|p1a: Milotic|30/100
|move|p1a: Milotic|Scald|p2b: Amoonguss
|-resisted|p2b: Amoonguss
|-damage|p2b: Amoonguss|88/100
|
|-heal|p2b: Amoonguss|94/100|[from] Grassy Terrain
|-heal|p1a: Milotic|36/100|[from] Grassy Terrain
|-heal|p1a: Milotic|42/100|[from] item: Leftovers
|upkeep
|turn|5
|
|t:|1757788478
|move|p1b: Kingambit|Protect|p1b: Kingambit
|-singleturn|p1b: Kingambit|Protect
|move|p2a: Sneasler|Protect|p2a: Sneasler
|-singleturn|p2a: Sneasler|Protect
|move|p2b: Amoonguss|Sludge Bomb|p1a: Milotic
|-supereffective|p1a: Milotic
|-damage|p1a: Milotic|3/100
|move|p1a: Milotic|Scald|p2a: Sneasler
|-activate|p2a: Sneasler|move: Protect
|
|-heal|p2b: Amoonguss|99/100|[from] Grassy Terrain
|-heal|p1a: Milotic|9/100|[from] Grassy Terrain
|-heal|p1a: Milotic|15/100|[from] item: Leftovers
|-fieldend|move: Trick Room
|-fieldend|move: Grassy Terrain
|upkeep
|turn|6
|inactive|stanhoff has 30 seconds left.
|
|t:|1757788505
|switch|p1b: Dragapult|Dragapult, L50, M|100/100
|move|p2a: Sneasler|Dire Claw|p1b: Dragapult
|-resisted|p1b: Dragapult
|-damage|p1b: Dragapult|72/100
|-status|p1b: Dragapult|par
|move|p1a: Milotic|Icy Wind|p2a: Sneasler|[spread] p2a,p2b
|-supereffective|p2b: Amoonguss
|-damage|p2a: Sneasler|88/100
|-damage|p2b: Amoonguss|83/100
|-unboost|p2a: Sneasler|spe|1
|-unboost|p2b: Amoonguss|spe|1
|move|p2b: Amoonguss|Sludge Bomb|p1a: Milotic
|-supereffective|p1a: Milotic
|-damage|p1a: Milotic|0 fnt
|faint|p1a: Milotic
|
|upkeep
|
|t:|1757788515
|switch|p1a: Kingambit|Kingambit, L50, M|100/100
|turn|7
|
|t:|1757788529
|switch|p2b: Indeedee|Indeedee-F, L50, F, tera:Fairy|55/100 brn
|-fieldstart|move: Psychic Terrain|[from] ability: Psychic Surge|[of] p2b: Indeedee
|-enditem|p2a: Sneasler|Psychic Seed
|-boost|p2a: Sneasler|spd|1|[from] item: Psychic Seed
|move|p1a: Kingambit|Protect|p1a: Kingambit
|-singleturn|p1a: Kingambit|Protect
|move|p2a: Sneasler|Close Combat|p1a: Kingambit
|-activate|p1a: Kingambit|move: Protect
|move|p1b: Dragapult|Dragon Darts|p2a: Sneasler
|-damage|p2a: Sneasler|24/100
|-anim|p1b: Dragapult|Dragon Darts|p2a: Sneasler
|-crit|p2a: Sneasler
|-damage|p2a: Sneasler|0 fnt
|faint|p2a: Sneasler
|
|-damage|p2b: Indeedee|49/100 brn|[from] brn
|upkeep
|
|t:|1757788536
|switch|p2a: Hatterene|Hatterene, L50, F|11/100
|turn|8
|
|t:|1757788549
|switch|p1b: Rillaboom|Rillaboom, L50, F|100/100
|-fieldstart|move: Grassy Terrain|[from] ability: Grassy Surge|[of] p1b: Rillaboom
|move|p2b: Indeedee|Follow Me|p2b: Indeedee
|-singleturn|p2b: Indeedee|move: Follow Me
|move|p1a: Kingambit|Kowtow Cleave|p2b: Indeedee
|-resisted|p2b: Indeedee
|-damage|p2b: Indeedee|26/100 brn
|move|p2a: Hatterene|Dazzling Gleam|p1a: Kingambit|[spread] p1a,p1b
|-damage|p1a: Kingambit|53/100
|-damage|p1b: Rillaboom|65/100
|-damage|p2a: Hatterene|1/100|[from] item: Life Orb
|
|-heal|p1b: Rillaboom|71/100|[from] Grassy Terrain
|-heal|p2b: Indeedee|32/100 brn|[from] Grassy Terrain
|-heal|p1a: Kingambit|59/100|[from] Grassy Terrain
|-heal|p2a: Hatterene|7/100|[from] Grassy Terrain
|-damage|p2b: Indeedee|26/100 brn|[from] brn
|upkeep
|turn|9
|
|t:|1757788566
|move|p2b: Indeedee|Follow Me|p2b: Indeedee
|-singleturn|p2b: Indeedee|move: Follow Me
|move|p1b: Rillaboom|Grassy Glide|p2b: Indeedee
|-damage|p2b: Indeedee|0 fnt
|faint|p2b: Indeedee
|move|p1a: Kingambit|Swords Dance|p1a: Kingambit
|-boost|p1a: Kingambit|atk|2
|move|p2a: Hatterene|Trick Room|p2a: Hatterene
|-fieldstart|move: Trick Room|[of] p2a: Hatterene
|
|-heal|p2a: Hatterene|13/100|[from] Grassy Terrain
|-heal|p1a: Kingambit|65/100|[from] Grassy Terrain
|-heal|p1b: Rillaboom|78/100|[from] Grassy Terrain
|upkeep
|
|t:|1757788576
|switch|p2b: Amoonguss|Amoonguss, L50, F|100/100
|turn|10
|
|t:|1757788588
|switch|p1b: Dragapult|Dragapult, L50, M|72/100 par
|move|p2a: Hatterene|Protect|p2a: Hatterene
|-singleturn|p2a: Hatterene|Protect
|move|p1a: Kingambit|Sucker Punch||[still]
|-fail|p1a: Kingambit
|move|p2b: Amoonguss|Sludge Bomb|p1b: Dragapult
|-resisted|p1b: Dragapult
|-damage|p1b: Dragapult|54/100 par
|
|-heal|p2a: Hatterene|19/100|[from] Grassy Terrain
|-heal|p1a: Kingambit|71/100|[from] Grassy Terrain
|-heal|p1b: Dragapult|60/100 par|[from] Grassy Terrain
|upkeep
|turn|11
|
|t:|1757788607
|move|p1a: Kingambit|Sucker Punch|p2a: Hatterene
|-damage|p2a: Hatterene|0 fnt
|faint|p2a: Hatterene
|move|p2b: Amoonguss|Sludge Bomb|p1a: Kingambit
|-immune|p1a: Kingambit
|move|p1b: Dragapult|Phantom Force||[still]
|-prepare|p1b: Dragapult|Phantom Force
|
|-heal|p1a: Kingambit|77/100|[from] Grassy Terrain
|upkeep
|turn|12
|
|t:|1757788617
|move|p2b: Amoonguss|Sludge Bomb|p1b: Dragapult|[miss]
|-miss|p2b: Amoonguss|p1b: Dragapult
|move|p1a: Kingambit|Kowtow Cleave|p2b: Amoonguss
|-damage|p2b: Amoonguss|20/100
|-damage|p1a: Kingambit|61/100|[from] item: Rocky Helmet|[of] p2b: Amoonguss
|move|p1b: Dragapult|Phantom Force|p2b: Amoonguss|[from] lockedmove
|-damage|p2b: Amoonguss|0 fnt
|-damage|p1b: Dragapult|44/100 par|[from] item: Rocky Helmet|[of] p2b: Amoonguss
|faint|p2b: Amoonguss
|
|win|toobadforalt
|raw|toobadforalt's rating: 1231 → 1249(+18 for winning)
|raw|stanhoff's rating: 1128 → 1110(-18 for losing)
|l|☆toobadforalt
|player|p1|
