|j|☆castoriceball
|j|☆NemoAK
|html|castoriceballNemoAK    
|uhtml|bestof|Game 3 of a best-of-3
|t:|1783484964
|gametype|doubles
|player|p1|castoriceball|miku-flying|1202
|player|p2|NemoAK|2|1183
|gen|9
|tier|[Gen 9 Champions] VGC 2026 Reg M-B (Bo3)
|rated|
|rule|Species Clause: Limit one of each Pokémon
|rule|Item Clause: Limit 1 of each item
|clearpoke
|poke|p1|Garchomp, L50, F|
|poke|p1|Floette-Eternal, L50, F|
|poke|p1|Talonflame, L50, M|
|poke|p1|Rotom-Wash, L50, shiny|
|poke|p1|Ceruledge, L50, M|
|poke|p1|Sneasler, L50, M|
|poke|p2|Charizard, L50, M|
|poke|p2|Whimsicott, L50, M|
|poke|p2|Basculegion, L50, M|
|poke|p2|Farigiraf, L50, M|
|poke|p2|Garchomp, L50, M|
|poke|p2|Kingambit, L50, M|
|teampreview|4
|showteam|p1|Garchomp||LifeOrb|RoughSkin|DragonClaw,Earthquake,RockSlide,Protect|Adamant||F|||50|]Floette-Eternal||Floettite|FlowerVeil|Moonblast,DazzlingGleam,LightofRuin,Protect|Modest||F|||50|]Talonflame||SharpBeak|GaleWings|Tailwind,DualWingbeat,FlareBlitz,Protect|Jolly||M|||50|]Rotom-Wash||Magnet|Levitate|Thunderbolt,HydroPump,Electroweb,Protect|Modest|||||50|]Ceruledge||ColburBerry|FlashFire|Poltergeist,BitterBlade,ShadowSneak,Protect|Adamant||M|||50|]Sneasler||FocusSash|Unburden|FakeOut,DireClaw,CloseCombat,Coaching|Naughty||M|||50|
|showteam|p2|Charizard||CharizarditeY|Blaze|HeatWave,WeatherBall,SolarBeam,Protect|Modest||M|||50|]Whimsicott||MentalHerb|Prankster|Moonblast,Tailwind,Protect,Tickle|Timid||M|||50|]Basculegion||ChoiceScarf|Adaptability|LastRespects,WaveCrash,AquaJet,FlipTurn|Adamant||M|||50|]Farigiraf||SitrusBerry|ArmorTail|Psychic,HyperVoice,TrickRoom,HelpingHand|Quiet||M|||50|]Garchomp||LifeOrb|RoughSkin|Earthquake,RockSlide,ScaleShot,Protect|Jolly||M|||50|]Kingambit||FocusSash|Defiant|LowKick,SuckerPunch,IronHead,Protect|Adamant||M|||50|
|inactive|Battle timer is ON: inactive players will automatically lose when time's up. (requested by NemoAK)
|l|☆NemoAK
|inactive|NemoAK disconnected and has a minute to reconnect!
|player|p2|
|inactive|castoriceball has 60 seconds left.
|
|t:|1783485009
|teamsize|p1|4
|teamsize|p2|4
|start
|switch|p1a: Laundry List|Rotom-Wash, L50, shiny|100/100
|switch|p1b: jarchomp|Garchomp, L50, F|100/100
|switch|p2a: Gary’s Raticate|Basculegion, L50, M|100/100
|switch|p2b: 6”3|Farigiraf, L50, M|100/100
|turn|1
|j|☆NemoAK
|inactive|NemoAK reconnected and has 40 seconds left.
|player|p2|NemoAK|2|
|
|t:|1783485032
|move|p2a: Gary’s Raticate|Wave Crash|p1b: jarchomp
|-damage|p1b: jarchomp|18/100
|-damage|p2a: Gary’s Raticate|87/100|[from] ability: Rough Skin|[of] p1b: jarchomp
|-damage|p2a: Gary’s Raticate|62/100|[from] Recoil
|move|p1b: jarchomp|Earthquake|p2b: 6”3|[spread] p2a,p2b
|-immune|p1a: Laundry List|[from] ability: Levitate
|-damage|p2a: Gary’s Raticate|4/100
|-damage|p2b: 6”3|50/100g
|-damage|p1b: jarchomp|9/100|[from] item: Life Orb
|move|p1a: Laundry List|Electroweb|p2a: Gary’s Raticate|[spread] p2a,p2b
|-supereffective|p2a: Gary’s Raticate|1
|-damage|p2a: Gary’s Raticate|0 fnt
|-damage|p2b: 6”3|28/100
|-unboost|p2b: 6”3|spe|1
|-enditem|p2b: 6”3|Sitrus Berry|[eat]
|-heal|p2b: 6”3|53/100|[from] item: Sitrus Berry
|faint|p2a: Gary’s Raticate
|move|p2b: 6”3|Trick Room|p2b: 6”3
|-fieldstart|move: Trick Room|[of] p2b: 6”3
|
|upkeep
|
|t:|1783485034
|switch|p2a: Checkmate|Kingambit, L50, M|100/100
|turn|2
|inactive|castoriceball has 30 seconds left.
|inactive|castoriceball has 20 seconds left.
|
|t:|1783485072
|switch|p1b: Swords4Hands|Ceruledge, L50, M|100/100
|move|p2a: Checkmate|Sucker Punch|p1a: Laundry List
|-damage|p1a: Laundry List|53/100
|move|p2b: 6”3|Hyper Voice|p1a: Laundry List|[spread] p1a
|-immune|p1b: Swords4Hands
|-damage|p1a: Laundry List|26/100
|move|p1a: Laundry List|Thunderbolt|p2a: Checkmate
|-damage|p2a: Checkmate|53/100
|
|upkeep
|turn|3
|l|☆NemoAK
|inactive|NemoAK disconnected and has a minute to reconnect!
|player|p2|
|j|☆NemoAK
|inactive|NemoAK reconnected and has 40 seconds left.
|player|p2|NemoAK|2|
|
|t:|1783485096
|move|p1b: Swords4Hands|Protect|p1b: Swords4Hands
|-singleturn|p1b: Swords4Hands|Protect
|move|p1a: Laundry List|Protect|p1a: Laundry List
|-singleturn|p1a: Laundry List|Protect
|move|p2a: Checkmate|Sucker Punch||[still]
|-fail|p2a: Checkmate
|move|p2b: 6”3|Psychic|p1a: Laundry List
|-activate|p1a: Laundry List|move: Protect
|
|upkeep
|turn|4
|
|t:|1783485120
|switch|p1b: jarchomp|Garchomp, L50, F|9/100
|switch|p1a: $70 flutter|Floette-Eternal, L50, F|100/100
|move|p2a: Checkmate|Sucker Punch||[still]
|-fail|p2a: Checkmate
|move|p2b: 6”3|Hyper Voice|p1b: jarchomp|[spread] p1a,p1b
|-damage|p1a: $70 flutter|71/100
|-damage|p1b: jarchomp|0 fnt
|faint|p1b: jarchomp
|
|upkeep
|
|t:|1783485130
|switch|p1b: Swords4Hands|Ceruledge, L50, M|100/100
|turn|5
|
|t:|1783485134
|detailschange|p1a: $70 flutter|Floette-Mega, L50, F
|-mega|p1a: $70 flutter|Floette|Floettite
|-ability|p1a: $70 flutter|Fairy Aura
|move|p1b: Swords4Hands|Protect|p1b: Swords4Hands
|-singleturn|p1b: Swords4Hands|Protect
|move|p1a: $70 flutter|Protect|p1a: $70 flutter
|-singleturn|p1a: $70 flutter|Protect
|move|p2a: Checkmate|Sucker Punch||[still]
|-fail|p2a: Checkmate
|move|p2b: 6”3|Psychic|p1b: Swords4Hands
|-activate|p1b: Swords4Hands|move: Protect
|
|-fieldend|move: Trick Room
|upkeep
|turn|6
|
|t:|1783485150
|switch|p1b: Laundry List|Rotom-Wash, L50, shiny|26/100
|move|p2a: Checkmate|Protect|p2a: Checkmate
|-singleturn|p2a: Checkmate|Protect
|move|p1a: $70 flutter|Moonblast|p2b: 6”3
|-damage|p2b: 6”3|0 fnt
|faint|p2b: 6”3
|
|upkeep
|
|t:|1783485153
|switch|p2b: Dracarys|Charizard, L50, M|100/100
|turn|7
|
|t:|1783485161
|detailschange|p2b: Dracarys|Charizard-Mega-Y, L50, M
|-mega|p2b: Dracarys|Charizard|Charizardite Y
|-weather|SunnyDay|[from] ability: Drought|[of] p2b: Dracarys
|move|p1a: $70 flutter|Moonblast|p2a: Checkmate
|-damage|p2a: Checkmate|0 fnt
|faint|p2a: Checkmate
|move|p2b: Dracarys|Heat Wave|p1b: Laundry List|[spread] p1a,p1b
|-resisted|p1b: Laundry List|1
|-damage|p1a: $70 flutter|21/100
|-damage|p1b: Laundry List|0 fnt
|-status|p1a: $70 flutter|brn
|faint|p1b: Laundry List
|
|-weather|SunnyDay|[upkeep]
|-damage|p1a: $70 flutter|15/100 brn|[from] brn
|upkeep
|
|t:|1783485170
|switch|p1b: Swords4Hands|Ceruledge, L50, M|100/100
|turn|8
|-message|NemoAK forfeited.
|
|win|castoriceball
|raw|castoriceball's rating: 1202 → 1226(+24 for winning)
|raw|NemoAK's rating: 1183 → 1159(-24 for losing)
|l|☆NemoAK
|player|p2|
