|j|☆renkinex
|j|☆DonFragueta
|html|renkinexDonFragueta    
|uhtml|bestof|Game 3 of a best-of-3
|t:|1756660630
|gametype|doubles
|player|p1|renkinex|skyla|
|player|p2|DonFragueta|lance|
|gen|9
|tier|[Gen 9] VGC 2025 Reg H (Bo3)
|rule|Species Clause: Limit one of each Pokémon
|rule|Item Clause: Limit 1 of each item
|clearpoke
|poke|p1|Dragonite, L50, M|
|poke|p1|Volcarona, L50, F|
|poke|p1|Sneasler, L50, M|
|poke|p1|Rillaboom, L50, M|
|poke|p1|Electabuzz, L50, M|
|poke|p1|Kingambit, L50, M|
|poke|p2|Sneasler, L50, F|
|poke|p2|Ceruledge, L50, M|
|poke|p2|Dragonite, L50, F|
|poke|p2|Gastrodon, L50, M|
|poke|p2|Kingambit, L50, F|
|poke|p2|Rillaboom, L50, F|
|teampreview|4
|showteam|p1|Dragonite||LoadedDice|Multiscale|ScaleShot,ExtremeSpeed,Haze,Protect|||M|||50|,,,,,Fairy]Volcarona||CovertCloak|FlameBody|HeatWave,TeraBlast,QuiverDance,Protect|||F|||50|,,,,,Fairy]Sneasler||FocusSash|Unburden|CloseCombat,DireClaw,Coaching,FakeOut|||M|||50|,,,,,Ghost]Rillaboom||MiracleSeed|GrassySurge|WoodHammer,GrassyGlide,HighHorsepower,FakeOut|||M|||50|,,,,,Fire]Electabuzz||Eviolite|VitalSpirit|Thunderbolt,FollowMe,Taunt,Protect|||M|||50|,,,,,Dragon]Kingambit||AssaultVest|Defiant|KowtowCleave,SuckerPunch,IronHead,TeraBlast|||M|||50|,,,,,Flying
|showteam|p2|Sneasler||FocusSash|Unburden|CloseCombat,DireClaw,Coaching,FakeOut|||F|||50|,,,,,Ghost]Ceruledge||Leftovers|FlashFire|Protect,BitterBlade,ShadowSneak,BulkUp|||M|||50|,,,,,Grass]Dragonite||LoadedDice|Multiscale|Protect,ScaleShot,LowKick,ExtremeSpeed|||F|||50|,,,,,Fairy]Gastrodon||SitrusBerry|StormDrain|Protect,EarthPower,IceBeam,ClearSmog|||M|||50|,,,,,Flying]Kingambit||AssaultVest|Defiant|KowtowCleave,SuckerPunch,IronHead,TeraBlast|||F|||50|,,,,,Flying]Rillaboom||MiracleSeed|GrassySurge|WoodHammer,GrassyGlide,HighHorsepower,FakeOut|||F|||50|,,,,,Fire
|j| ingeniero tapion
|j| zeepel
|j| calymaster
|j| Matyel2030
|j| LiebesleidVGC
|j| shrometh
|l| Matyel2030
|l| ingeniero tapion
|j| Masi912
|j| Matyel2030
|
|t:|1756660681
|teamsize|p1|4
|teamsize|p2|4
|start
|switch|p1a: Sneasler|Sneasler, L50, M|100/100
|switch|p1b: Dragonite|Dragonite, L50, M|100/100
|switch|p2a: Sneasler|Sneasler, L50, F|100/100
|switch|p2b: Kingambit|Kingambit, L50, F|100/100
|turn|1
|inactive|Battle timer is ON: inactive players will automatically lose when time's up. (requested by DonFragueta)
|l| Matyel2030
|inactive|DonFragueta has 60 seconds left.
|
|t:|1756660739
|switch|p1a: Electabuzz|Electabuzz, L50, M|100/100
|-terastallize|p2b: Kingambit|Flying
|move|p1b: Dragonite|Protect|p1b: Dragonite
|-singleturn|p1b: Dragonite|Protect
|move|p2a: Sneasler|Fake Out|p1a: Electabuzz
|-damage|p1a: Electabuzz|89/100
|move|p2b: Kingambit|Tera Blast|p1a: Electabuzz|[anim] Tera Blast Flying
|-resisted|p1a: Electabuzz
|-damage|p1a: Electabuzz|71/100
|
|upkeep
|turn|2
|
|t:|1756660762
|move|p2a: Sneasler|Dire Claw|p1a: Electabuzz
|-damage|p1a: Electabuzz|41/100
|move|p1a: Electabuzz|Thunderbolt|p2b: Kingambit
|-supereffective|p2b: Kingambit
|-damage|p2b: Kingambit|63/100
|move|p1b: Dragonite|Scale Shot|p2a: Sneasler
|-damage|p2a: Sneasler|75/100
|-damage|p2a: Sneasler|48/100
|-damage|p2a: Sneasler|20/100
|-damage|p2a: Sneasler|0 fnt
|faint|p2a: Sneasler
|-hitcount|p2: Sneasler|4
|-unboost|p1b: Dragonite|def|1
|-boost|p1b: Dragonite|spe|1
|move|p2b: Kingambit|Kowtow Cleave|p1a: Electabuzz
|-damage|p1a: Electabuzz|2/100
|
|upkeep
|j| Matyel2030
|
|t:|1756660774
|switch|p2a: Ceruledge|Ceruledge, L50, M|100/100
|turn|3
|inactive|renkinex has 30 seconds left.
|
|t:|1756660799
|move|p1a: Electabuzz|Follow Me|p1a: Electabuzz
|-singleturn|p1a: Electabuzz|move: Follow Me
|move|p2a: Ceruledge|Shadow Sneak|p1a: Electabuzz
|-damage|p1a: Electabuzz|0 fnt
|faint|p1a: Electabuzz
|move|p2b: Kingambit|Sucker Punch|p1b: Dragonite
|-damage|p1b: Dragonite|66/100
|move|p1b: Dragonite|Scale Shot|p2a: Ceruledge
|-damage|p2a: Ceruledge|83/100
|-damage|p2a: Ceruledge|64/100
|-damage|p2a: Ceruledge|47/100
|-damage|p2a: Ceruledge|30/100
|-damage|p2a: Ceruledge|11/100
|-hitcount|p2a: Ceruledge|5
|-unboost|p1b: Dragonite|def|1
|-boost|p1b: Dragonite|spe|1
|
|-heal|p2a: Ceruledge|17/100|[from] item: Leftovers
|upkeep
|
|t:|1756660818
|switch|p1a: Sneasler|Sneasler, L50, M|100/100
|turn|4
|inactive|renkinex has 30 seconds left.
|inactive|DonFragueta has 30 seconds left.
|inactive|renkinex has 20 seconds left.
|inactive|DonFragueta has 20 seconds left.
|inactive|DonFragueta has 15 seconds left.
|inactive|DonFragueta has 10 seconds left.
|
|t:|1756660863
|move|p1b: Dragonite|Protect|p1b: Dragonite
|-singleturn|p1b: Dragonite|Protect
|move|p2b: Kingambit|Sucker Punch||[still]
|-fail|p2b: Kingambit
|move|p1a: Sneasler|Dire Claw|p2a: Ceruledge
|-resisted|p2a: Ceruledge
|-damage|p2a: Ceruledge|0 fnt
|faint|p2a: Ceruledge
|
|upkeep
|
|t:|1756660869
|switch|p2a: Gastrodon|Gastrodon, L50, M|100/100
|turn|5
|inactive|renkinex has 30 seconds left.
|
|t:|1756660902
|-terastallize|p1b: Dragonite|Fairy
|move|p2b: Kingambit|Sucker Punch|p1b: Dragonite
|-resisted|p1b: Dragonite
|-damage|p1b: Dragonite|21/100
|move|p1b: Dragonite|Scale Shot|p2b: Kingambit
|-damage|p2b: Kingambit|53/100
|-damage|p2b: Kingambit|42/100
|-damage|p2b: Kingambit|31/100
|-damage|p2b: Kingambit|20/100
|-hitcount|p2b: Kingambit|4
|-unboost|p1b: Dragonite|def|1
|-boost|p1b: Dragonite|spe|1
|move|p1a: Sneasler|Dire Claw|p2b: Kingambit
|-damage|p2b: Kingambit|0 fnt
|faint|p2b: Kingambit
|move|p2a: Gastrodon|Earth Power|p1a: Sneasler
|-supereffective|p1a: Sneasler
|-enditem|p1a: Sneasler|Focus Sash
|-damage|p1a: Sneasler|1/100
|
|upkeep
|turn|6
|l| zeepel
|j| zeepel
|
|t:|1756660925
|move|p1a: Sneasler|Close Combat|p2a: Gastrodon
|-damage|p2a: Gastrodon|37/100
|-unboost|p1a: Sneasler|def|1
|-unboost|p1a: Sneasler|spd|1
|-enditem|p2a: Gastrodon|Sitrus Berry|[eat]
|-heal|p2a: Gastrodon|62/100|[from] item: Sitrus Berry
|move|p1b: Dragonite|Scale Shot|p2a: Gastrodon
|-damage|p2a: Gastrodon|48/100
|-damage|p2a: Gastrodon|34/100
|-damage|p2a: Gastrodon|20/100
|-damage|p2a: Gastrodon|6/100
|-damage|p2a: Gastrodon|0 fnt
|faint|p2a: Gastrodon
|-hitcount|p2: Gastrodon|5
|
|win|renkinex
|c|☆renkinex|ggs
|l| shrometh
|c|☆DonFragueta|ggs
|l| Matyel2030
|l| zeepel
|j| simiusblack
|l| calymaster
|l| LiebesleidVGC
