|j|☆owbd
|j|☆MVPJLO
|html|owbdMVPJLO    
|uhtml|bestof|Game 2 of a best-of-3
|t:|1757663396
|gametype|doubles
|player|p1|owbd|cynthia-gen4|1121
|player|p2|MVPJLO|265|1220
|gen|9
|tier|[Gen 9] VGC 2025 Reg H (Bo3)
|rated|
|rule|Species Clause: Limit one of each Pokémon
|rule|Item Clause: Limit 1 of each item
|clearpoke
|poke|p1|Gholdengo, L50|
|poke|p1|Milotic, L50, F|
|poke|p1|Rillaboom, L50, M|
|poke|p1|Incineroar, L50, M|
|poke|p1|Volcarona, L50, M|
|poke|p1|Dragonite, L50, F|
|poke|p2|Garchomp, L50, M|
|poke|p2|Whimsicott, L50, F|
|poke|p2|Sneasler, L50, F|
|poke|p2|Incineroar, L50, F|
|poke|p2|Dragonite, L50, F|
|poke|p2|Gholdengo, L50|
|teampreview|4
|showteam|p1|Gholdengo||LifeOrb|GoodasGold|NastyPlot,MakeItRain,ShadowBall,Protect||||||50|,,,,,Steel]Milotic||SitrusBerry|Competitive|Scald,IceBeam,Protect,Haze|||F|||50|,,,,,Fairy]Rillaboom||AssaultVest|GrassySurge|FakeOut,GrassyGlide,WoodHammer,Uturn|||M|||50|,,,,,Fire]Incineroar||SafetyGoggles|Intimidate|FlareBlitz,FakeOut,KnockOff,PartingShot|||M|||50|,,,,,Ghost]Volcarona||Leftovers|FlameBody|HeatWave,FieryDance,QuiverDance,Protect|||M|||50|,,,,,Grass]Dragonite||LoadedDice|Multiscale|ScaleShot,ExtremeSpeed,Protect,Tailwind|||F|||50|,,,,,Normal
|showteam|p2|Garchomp||LifeOrb|RoughSkin|Earthquake,StompingTantrum,DragonClaw,Protect|||M|||50|,,,,,Ground]Whimsicott||CovertCloak|Prankster|Tailwind,Moonblast,Encore,Protect|||F|||50|,,,,,Ghost]Sneasler||FocusSash|Unburden|DireClaw,CloseCombat,Coaching,Protect|||F|||50|,,,,,Flying]Incineroar||ChopleBerry|Intimidate|FakeOut,FlareBlitz,KnockOff,PartingShot|||F|||50|,,,,,Ghost]Dragonite||LoadedDice|Multiscale|ScaleShot,Tailwind,Haze,Protect|||F|||50|,,,,,Fairy]Gholdengo||ChoiceSpecs|GoodasGold|MakeItRain,ShadowBall,Thunderbolt,SteelBeam||||||50|,,,,,Steel
|
|t:|1757663441
|teamsize|p1|4
|teamsize|p2|4
|start
|switch|p1a: Gholdengo|Gholdengo, L50|100/100
|switch|p1b: Dragonite|Dragonite, L50, F|100/100
|switch|p2a: Dragonite|Dragonite, L50, F|100/100
|switch|p2b: Garchomp|Garchomp, L50, M|100/100
|turn|1
|
|t:|1757663471
|-terastallize|p1b: Dragonite|Normal
|move|p2b: Garchomp|Protect|p2b: Garchomp
|-singleturn|p2b: Garchomp|Protect
|move|p1a: Gholdengo|Make It Rain|p2b: Garchomp|[spread] p2a
|-activate|p2b: Garchomp|move: Protect
|-damage|p2a: Dragonite|70/100
|-unboost|p1a: Gholdengo|spa|1
|-damage|p1a: Gholdengo|91/100|[from] item: Life Orb
|move|p2a: Dragonite|Tailwind|p2a: Dragonite
|-sidestart|p2: MVPJLO|move: Tailwind
|move|p1b: Dragonite|Scale Shot|p2a: Dragonite
|-supereffective|p2a: Dragonite
|-damage|p2a: Dragonite|36/100
|-supereffective|p2a: Dragonite
|-damage|p2a: Dragonite|6/100
|-supereffective|p2a: Dragonite
|-damage|p2a: Dragonite|0 fnt
|faint|p2a: Dragonite
|-hitcount|p2: Dragonite|3
|-unboost|p1b: Dragonite|def|1
|-boost|p1b: Dragonite|spe|1
|
|upkeep
|
|t:|1757663485
|switch|p2a: Sneasler|Sneasler, L50, F|100/100
|turn|2
|
|t:|1757663500
|-terastallize|p2a: Sneasler|Flying
|move|p2a: Sneasler|Close Combat|p1b: Dragonite
|-supereffective|p1b: Dragonite
|-crit|p1b: Dragonite
|-damage|p1b: Dragonite|0 fnt
|-unboost|p2a: Sneasler|def|1
|-unboost|p2a: Sneasler|spd|1
|faint|p1b: Dragonite
|move|p2b: Garchomp|Earthquake|p1a: Gholdengo|[spread] p1a
|-immune|p2a: Sneasler
|-supereffective|p1a: Gholdengo
|-damage|p1a: Gholdengo|0 fnt
|faint|p1a: Gholdengo
|-damage|p2b: Garchomp|91/100|[from] item: Life Orb
|
|upkeep
|
|t:|1757663515
|switch|p1a: Milotic|Milotic, L50, F|100/100
|switch|p1b: Volcarona|Volcarona, L50, M|100/100
|turn|3
|
|t:|1757663530
|move|p2a: Sneasler|Dire Claw|p1a: Milotic
|-damage|p1a: Milotic|55/100
|-status|p1a: Milotic|slp
|move|p2b: Garchomp|Earthquake|p1a: Milotic|[spread] p1a,p1b
|-immune|p2a: Sneasler
|-damage|p1a: Milotic|4/100 slp
|-damage|p1b: Volcarona|53/100
|-enditem|p1a: Milotic|Sitrus Berry|[eat]
|-heal|p1a: Milotic|29/100 slp|[from] item: Sitrus Berry
|-damage|p2b: Garchomp|81/100|[from] item: Life Orb
|move|p1b: Volcarona|Quiver Dance|p1b: Volcarona
|-boost|p1b: Volcarona|spa|1
|-boost|p1b: Volcarona|spd|1
|-boost|p1b: Volcarona|spe|1
|cant|p1a: Milotic|slp
|
|-heal|p1b: Volcarona|59/100|[from] item: Leftovers
|upkeep
|turn|4
|
|t:|1757663557
|move|p1b: Volcarona|Protect|p1b: Volcarona
|-singleturn|p1b: Volcarona|Protect
|move|p2a: Sneasler|Dire Claw|p1b: Volcarona
|-activate|p1b: Volcarona|move: Protect
|move|p2b: Garchomp|Earthquake|p1b: Volcarona|[spread] p1a
|-activate|p1b: Volcarona|move: Protect
|-immune|p2a: Sneasler
|-damage|p1a: Milotic|0 fnt
|faint|p1a: Milotic
|-damage|p2b: Garchomp|71/100|[from] item: Life Orb
|
|-heal|p1b: Volcarona|66/100|[from] item: Leftovers
|-sideend|p2: MVPJLO|move: Tailwind
|upkeep
|turn|5
|
|t:|1757663571
|move|p2a: Sneasler|Dire Claw|p1b: Volcarona
|-damage|p1b: Volcarona|24/100
|move|p1b: Volcarona|Heat Wave|p2b: Garchomp|[spread] p2a,p2b
|-resisted|p2b: Garchomp
|-damage|p2a: Sneasler|5/100
|-damage|p2b: Garchomp|45/100
|-status|p2a: Sneasler|brn
|-status|p2b: Garchomp|brn
|move|p2b: Garchomp|Earthquake|p1b: Volcarona|[spread] p1b
|-immune|p2a: Sneasler
|-damage|p1b: Volcarona|1/100
|-damage|p2b: Garchomp|35/100 brn|[from] item: Life Orb
|
|-heal|p1b: Volcarona|7/100|[from] item: Leftovers
|-damage|p2a: Sneasler|0 fnt|[from] brn
|faint|p2a: Sneasler
|-damage|p2b: Garchomp|29/100 brn|[from] brn
|upkeep
|
|t:|1757663578
|switch|p2a: Incineroar|Incineroar, L50, F|100/100
|-ability|p2a: Incineroar|Intimidate|boost
|-unboost|p1b: Volcarona|atk|1
|turn|6
|
|t:|1757663591
|move|p1b: Volcarona|Protect|p1b: Volcarona
|-singleturn|p1b: Volcarona|Protect
|move|p2a: Incineroar|Fake Out|p1b: Volcarona
|-activate|p1b: Volcarona|move: Protect
|move|p2b: Garchomp|Dragon Claw|p1b: Volcarona
|-activate|p1b: Volcarona|move: Protect
|
|-heal|p1b: Volcarona|14/100|[from] item: Leftovers
|-damage|p2b: Garchomp|23/100 brn|[from] brn
|upkeep
|turn|7
|
|t:|1757663601
|move|p1b: Volcarona|Heat Wave|p2b: Garchomp|[spread] p2a,p2b
|-resisted|p2a: Incineroar
|-resisted|p2b: Garchomp
|-damage|p2a: Incineroar|78/100
|-damage|p2b: Garchomp|0 fnt
|faint|p2b: Garchomp
|move|p2a: Incineroar|Flare Blitz|p1b: Volcarona
|-damage|p1b: Volcarona|0 fnt
|faint|p1b: Volcarona
|-damage|p2a: Incineroar|74/100|[from] Recoil
|
|win|MVPJLO
||owbd is ready for game 3.
|inactive|MVPJLO has 30 seconds to confirm battle start!
|inactive|MVPJLO has 20 seconds to confirm battle start!
||MVPJLO is ready for game 3.
|uhtml|next|Next: Game 3 of 3
