|j|☆hide on whimsicott
|j|☆burbujina
|html|hide on whimsicottburbujina    
|uhtml|bestof|Game 2 of a best-of-3
|t:|1782668607
|gametype|doubles
|player|p1|hide on whimsicott|artist-gen4|1224
|player|p2|burbujina|brawly|1330
|gen|9
|tier|[Gen 9 Champions] VGC 2026 Reg M-B (Bo3)
|rated|
|rule|Species Clause: Limit one of each Pokémon
|rule|Item Clause: Limit 1 of each item
|clearpoke
|poke|p1|Gardevoir, L50, M|
|poke|p1|Basculegion, L50, M|
|poke|p1|Pelipper, L50, M|
|poke|p1|Archaludon, L50, M|
|poke|p1|Maushold-Four, L50|
|poke|p1|Swampert, L50, M|
|poke|p2|Talonflame, L50, F|
|poke|p2|Staraptor, L50, F|
|poke|p2|Gholdengo, L50|
|poke|p2|Floette-Eternal, L50, F|
|poke|p2|Garchomp, L50, M|
|poke|p2|Kingambit, L50, F|
|teampreview|4
|showteam|p1|Gardevoir||Gardevoirite|Trace|Psyshock,HyperVoice,Protect,TrickRoom|Modest||M|||50|]Basculegion||ChoiceScarf|Adaptability|LastRespects,WaveCrash,PsychicFangs,FlipTurn|Adamant||M|||50|]Pelipper||SitrusBerry|Drizzle|Hurricane,Tailwind,WeatherBall,RainDance|Bold||M|||50|]Archaludon||Leftovers|Stamina|ElectroShot,DragonPulse,FlashCannon,Protect|Modest||M|||50|]Maushold-Four||FocusSash|FriendGuard|Feint,SuperFang,Protect,FollowMe|Jolly|||||50|]Swampert||Swampertite|Torrent|IcePunch,HighHorsepower,WaveCrash,Protect|Adamant||M|||50|
|showteam|p2|Talonflame||SharpBeak|FlameBody|DualWingbeat,Tailwind,FlareBlitz,QuickGuard|Jolly||F|||50|]Staraptor||Staraptite|Intimidate|CloseCombat,BraveBird,Roost,Protect|Jolly||F|||50|]Gholdengo||FocusSash|GoodasGold|MakeItRain,ShadowBall,PowerGem,Thunderbolt|Timid|||||50|]Floette-Eternal||Floettite|FlowerVeil|Moonblast,DazzlingGleam,LightofRuin,Protect|Modest||F|||50|]Garchomp||LifeOrb|RoughSkin|StompingTantrum,Earthquake,DragonClaw,Protect|Jolly||M|||50|]Kingambit||ChopleBerry|Defiant|KowtowCleave,SuckerPunch,IronHead,Protect|Adamant||F|||50|
|inactive|Battle timer is ON: inactive players will automatically lose when time's up. (requested by hide on whimsicott)
|
|t:|1782668622
|teamsize|p1|4
|teamsize|p2|4
|start
|switch|p1a: Basculegion|Basculegion, L50, M|100/100
|switch|p1b: Gardevoir|Gardevoir, L50, M|100/100
|switch|p2a: Talonflame|Talonflame, L50, F|100/100
|switch|p2b: Gholdengo|Gholdengo, L50|100/100
|-ability|p1b: Gardevoir|Good as Gold|Trace|[from] ability: Trace|[of] p2b: Gholdengo
|turn|1
|
|t:|1782668644
|switch|p1a: Maushold|Maushold-Four, L50|100/100
|detailschange|p1b: Gardevoir|Gardevoir-Mega, L50, M
|-mega|p1b: Gardevoir|Gardevoir|Gardevoirite
|move|p2a: Talonflame|Tailwind|p2a: Talonflame
|-sidestart|p2: burbujina|move: Tailwind
|move|p2b: Gholdengo|Shadow Ball|p1a: Maushold
|-immune|p1a: Maushold
|move|p1b: Gardevoir|Trick Room|p1b: Gardevoir
|-fieldstart|move: Trick Room|[of] p1b: Gardevoir
|
|upkeep
|turn|2
|inactive|hide on whimsicott has 30 seconds left.
|
|t:|1782668677
|move|p1a: Maushold|Follow Me|p1a: Maushold
|-singleturn|p1a: Maushold|move: Follow Me
|move|p1b: Gardevoir|Hyper Voice|p2a: Talonflame|[spread] p2a,p2b
|-resisted|p2a: Talonflame|1
|-resisted|p2b: Gholdengo|1
|-damage|p2a: Talonflame|54/100
|-damage|p2b: Gholdengo|68/100
|move|p2b: Gholdengo|Shadow Ball|p1a: Maushold
|-immune|p1a: Maushold
|move|p2a: Talonflame|Dual Wingbeat|p1a: Maushold|[miss]
|-miss|p2a: Talonflame|p1a: Maushold
|
|upkeep
|turn|3
|
|t:|1782668698
|move|p1a: Maushold|Feint|p2a: Talonflame
|-damage|p2a: Talonflame|36/100
|move|p1b: Gardevoir|Psyshock|p2a: Talonflame
|-damage|p2a: Talonflame|0 fnt
|faint|p2a: Talonflame
|move|p2b: Gholdengo|Make It Rain|p1b: Gardevoir|[spread] p1a,p1b
|-supereffective|p1b: Gardevoir|1
|-damage|p1a: Maushold|33/100
|-damage|p1b: Gardevoir|32/100
|-unboost|p2b: Gholdengo|spa|2
|
|upkeep
|
|t:|1782668708
|switch|p2a: Floette|Floette-Eternal, L50, F|100/100
|turn|4
|
|t:|1782668724
|detailschange|p2a: Floette|Floette-Mega, L50, F
|-mega|p2a: Floette|Floette|Floettite
|-ability|p2a: Floette|Fairy Aura
|move|p1a: Maushold|Protect|p1a: Maushold
|-singleturn|p1a: Maushold|Protect
|move|p1b: Gardevoir|Hyper Voice|p2a: Floette|[spread] p2a,p2b
|-resisted|p2b: Gholdengo|1
|-damage|p2a: Floette|45/100
|-damage|p2b: Gholdengo|24/100
|move|p2b: Gholdengo|Make It Rain|p1a: Maushold|[spread] p1b
|-activate|p1a: Maushold|move: Protect
|-supereffective|p1b: Gardevoir|1
|-damage|p1b: Gardevoir|1/100
|-unboost|p2b: Gholdengo|spa|2
|move|p2a: Floette|Dazzling Gleam|p1b: Gardevoir|[spread] p1b
|-activate|p1a: Maushold|move: Protect
|-damage|p1b: Gardevoir|0 fnt
|faint|p1b: Gardevoir
|
|-sideend|p2: burbujina|move: Tailwind
|upkeep
|
|t:|1782668737
|switch|p1b: Pelipper|Pelipper, L50, M|100/100
|-weather|RainDance|[from] ability: Drizzle|[of] p1b: Pelipper
|turn|5
|inactive|hide on whimsicott has 30 seconds left.
|
|t:|1782668767
|move|p1a: Maushold|Feint|p2a: Floette
|-damage|p2a: Floette|32/100
|move|p1b: Pelipper|Weather Ball|p2a: Floette
|-damage|p2a: Floette|0 fnt
|faint|p2a: Floette
|move|p2b: Gholdengo|Thunderbolt|p1b: Pelipper
|-supereffective|p1b: Pelipper|2
|-damage|p1b: Pelipper|60/100
|
|-weather|RainDance|[upkeep]
|-fieldend|move: Trick Room
|upkeep
|
|t:|1782668776
|switch|p2a: Garchomp|Garchomp, L50, M|100/100
|turn|6
|
|t:|1782668795
|move|p1a: Maushold|Protect|p1a: Maushold
|-singleturn|p1a: Maushold|Protect
|move|p2a: Garchomp|Dragon Claw|p1b: Pelipper
|-damage|p1b: Pelipper|21/100
|-enditem|p1b: Pelipper|Sitrus Berry|[eat]
|-heal|p1b: Pelipper|46/100|[from] item: Sitrus Berry
|-damage|p2a: Garchomp|90/100|[from] item: Life Orb
|move|p2b: Gholdengo|Power Gem|p1b: Pelipper
|-supereffective|p1b: Pelipper|1
|-damage|p1b: Pelipper|28/100
|move|p1b: Pelipper|Tailwind|p1b: Pelipper
|-sidestart|p1: hide on whimsicott|move: Tailwind
|
|-weather|RainDance|[upkeep]
|upkeep
|turn|7
|
|t:|1782668819
|move|p1a: Maushold|Follow Me|p1a: Maushold
|-singleturn|p1a: Maushold|move: Follow Me
|move|p1b: Pelipper|Weather Ball|p2b: Gholdengo
|-damage|p2b: Gholdengo|0 fnt
|faint|p2b: Gholdengo
|move|p2a: Garchomp|Dragon Claw|p1a: Maushold
|-damage|p1a: Maushold|0 fnt
|faint|p1a: Maushold
|-damage|p2a: Garchomp|80/100|[from] item: Life Orb
|
|-weather|RainDance|[upkeep]
|upkeep
|
|t:|1782668822
|switch|p1a: Basculegion|Basculegion, L50, M|100/100
|turn|8
|
|t:|1782668834
|move|p1a: Basculegion|Last Respects|p2a: Garchomp
|-damage|p2a: Garchomp|0 fnt
|faint|p2a: Garchomp
|
|win|hide on whimsicott
|raw|hide on whimsicott's rating: 1224 → 1256(+32 for winning)
|raw|burbujina's rating: 1330 → 1304(-26 for losing)
