|j|☆huezinhu
|j|☆Ev_Evan
|html|huezinhuEv_Evan    
|uhtml|bestof|Game 2 of a best-of-3
|t:|1757103148
|gametype|doubles
|player|p1|huezinhu|266|
|player|p2|Ev_Evan|volkner|
|gen|9
|tier|[Gen 9] VGC 2025 Reg H (Bo3)
|rule|Species Clause: Limit one of each Pokémon
|rule|Item Clause: Limit 1 of each item
|clearpoke
|poke|p1|Toedscruel, L50, F|
|poke|p1|Weezing-Galar, L50, M|
|poke|p1|Hydreigon, L50, M|
|poke|p1|Dragapult, L50, M|
|poke|p1|Metagross, L50|
|poke|p1|Meowscarada, L50, F|
|poke|p2|Gallade, L50, M|
|poke|p2|Yanmega, L50, F|
|poke|p2|Oranguru, L50, M|
|poke|p2|Excadrill, L50, M|
|poke|p2|Scrafty, L50, M|
|poke|p2|Hydreigon, L50, M|
|teampreview|4
|showteam|p1|Toedscruel||CovertCloak|MyceliumMight|EarthPower,AcidSpray,Spore,RagePowder|||F|||50|,,,,,Water]Weezing-Galar||ChoiceSpecs|NeutralizingGas|StrangeSteam,SludgeBomb,DazzlingGleam,Flamethrower|||M|||50|,,,,,Water]Hydreigon||LifeOrb|Levitate|Protect,DarkPulse,Tailwind,DragonPulse|||M|||50|,,,,,Poison]Dragapult||ChoiceBand|ClearBody|DragonDarts,PhantomForce,Uturn,Outrage|||M|||50|,,,,,Dragon]Metagross||AssaultVest|ClearBody|BulletPunch,HeavySlam,KnockOff,PsychicFangs||||||50|,,,,,Dark]Meowscarada||FocusSash|Protean|FlowerTrick,KnockOff,PetalBlizzard,Protect|||F|||50|,,,,,Grass
|showteam|p2|Gallade||SitrusBerry|Sharpness|TrickRoom,PsychoCut,SacredSword,WideGuard|||M|||50|,,,,,Fire]Yanmega||FocusSash|SpeedBoost|Tailwind,AirSlash,BugBuzz,Protect|||F|||50|,,,,,Ghost]Oranguru||MentalHerb|Telepathy|TrickRoom,Instruct,PsychicNoise,Protect|||M|||50|,,,,,Dark]Excadrill||ClearAmulet|SandRush|Earthquake,IronHead,RockSlide,Protect|||M|||50|,,,,,Ground]Scrafty||SafetyGoggles|Intimidate|FakeOut,KnockOff,CloseCombat,Taunt|||M|||50|,,,,,Grass]Hydreigon||LifeOrb|Levitate|HeatWave,DracoMeteor,DarkPulse,Protect|||M|||50|,,,,,Ghost
|inactive|Battle timer is ON: inactive players will automatically lose when time's up. (requested by Ev_Evan)
|inactive|huezinhu also wants the timer to be on.
|inactive|huezinhu has 60 seconds left.
|inactive|Ev_Evan has 60 seconds left.
|
|t:|1757103187
|teamsize|p1|4
|teamsize|p2|4
|start
|switch|p1a: Weezing|Weezing-Galar, L50, M|100/100
|switch|p1b: Hydreigon|Hydreigon, L50, M|100/100
|switch|p2a: Scrafty|Scrafty, L50, M|100/100
|switch|p2b: Hydreigon|Hydreigon, L50, M|100/100
|-ability|p1a: Weezing|Neutralizing Gas
|turn|1
|inactive|huezinhu has 30 seconds left.
|
|t:|1757103219
|-terastallize|p2b: Hydreigon|Ghost
|move|p2a: Scrafty|Fake Out|p1b: Hydreigon
|-damage|p1b: Hydreigon|86/100
|cant|p1b: Hydreigon|flinch
|move|p2b: Hydreigon|Draco Meteor|p1b: Hydreigon
|-supereffective|p1b: Hydreigon
|-damage|p1b: Hydreigon|0 fnt
|-unboost|p2b: Hydreigon|spa|2
|faint|p1b: Hydreigon
|-damage|p2b: Hydreigon|91/100|[from] item: Life Orb
|move|p1a: Weezing|Dazzling Gleam|p2b: Hydreigon|[spread] p2a,p2b
|-supereffective|p2a: Scrafty
|-damage|p2a: Scrafty|0 fnt
|-damage|p2b: Hydreigon|57/100
|faint|p2a: Scrafty
|
|upkeep
|inactive|huezinhu has 30 seconds left.
|inactive|huezinhu has 20 seconds left.
|
|t:|1757103255
|switch|p1b: Dragapult|Dragapult, L50, M|100/100
|switch|p2a: Yanmega|Yanmega, L50, F|100/100
|turn|2
|
|t:|1757103267
|move|p1b: Dragapult|Dragon Darts|p2a: Yanmega
|-damage|p2a: Yanmega|50/100
|-anim|p1b: Dragapult|Dragon Darts|p2b: Hydreigon
|-crit|p2b: Hydreigon
|-damage|p2b: Hydreigon|0 fnt
|faint|p2b: Hydreigon
|move|p2a: Yanmega|Tailwind|p2a: Yanmega
|-sidestart|p2: Ev_Evan|move: Tailwind
|move|p1a: Weezing|Dazzling Gleam|p2a: Yanmega
|-damage|p2a: Yanmega|0 fnt
|faint|p2a: Yanmega
|
|upkeep
|
|t:|1757103272
|switch|p2b: Excadrill|Excadrill, L50, M|100/100
|turn|3
|
|t:|1757103287
|move|p2b: Excadrill|Earthquake|p1b: Dragapult|[spread] p1a,p1b
|-supereffective|p1a: Weezing
|-damage|p1a: Weezing|19/100
|-damage|p1b: Dragapult|38/100
|move|p1b: Dragapult|Dragon Darts|p2b: Excadrill
|-resisted|p2b: Excadrill
|-damage|p2b: Excadrill|71/100
|-anim|p1b: Dragapult|Dragon Darts|p2b: Excadrill
|-resisted|p2b: Excadrill
|-damage|p2b: Excadrill|39/100
|move|p1a: Weezing|Dazzling Gleam|p2b: Excadrill
|-resisted|p2b: Excadrill
|-damage|p2b: Excadrill|13/100
|
|upkeep
|turn|4
|
|t:|1757103304
|move|p2b: Excadrill|Earthquake|p1a: Weezing|[spread] p1a,p1b
|-supereffective|p1a: Weezing
|-damage|p1a: Weezing|0 fnt
|-damage|p1b: Dragapult|0 fnt
|faint|p1a: Weezing
|-end|p1a: Weezing|ability: Neutralizing Gas
|faint|p1b: Dragapult
|
|upkeep
|
|t:|1757103313
|switch|p1b: Meowscarada|Meowscarada, L50, F|100/100
|turn|5
|
|t:|1757103318
|move|p1b: Meowscarada|Protect|p1b: Meowscarada
|-start|p1b: Meowscarada|typechange|Normal|[from] ability: Protean
|-singleturn|p1b: Meowscarada|Protect
|move|p2b: Excadrill|Iron Head|p1b: Meowscarada
|-activate|p1b: Meowscarada|move: Protect
|
|-sideend|p2: Ev_Evan|move: Tailwind
|upkeep
|turn|6
|
|t:|1757103326
|-terastallize|p1b: Meowscarada|Grass
|move|p1b: Meowscarada|Flower Trick|p2b: Excadrill
|-crit|p2b: Excadrill
|-damage|p2b: Excadrill|0 fnt
|faint|p2b: Excadrill
|
|win|huezinhu
||huezinhu is ready for game 3.
|c|☆Ev_Evan|gg
||Ev_Evan is ready for game 3.
|uhtml|next|Next: Game 3 of 3
|l|☆huezinhu
|player|p1|
