|j|☆gianlucone
|j|☆Aeon_Twins
|html|gianluconeAeon_Twins    
|uhtml|bestof|Game 2 of a best-of-3
|t:|1783168243
|gametype|doubles
|player|p1|gianlucone|170|1190
|player|p2|Aeon_Twins|n|1271
|gen|9
|tier|[Gen 9 Champions] VGC 2026 Reg M-B (Bo3)
|rated|
|rule|Species Clause: Limit one of each Pokémon
|rule|Item Clause: Limit 1 of each item
|clearpoke
|poke|p1|Staraptor, L50, F|
|poke|p1|Grimmsnarl, L50, M|
|poke|p1|Incineroar, L50, M|
|poke|p1|Sinistcha, L50|
|poke|p1|Excadrill, L50, F|
|poke|p1|Primarina, L50, F|
|poke|p2|Whimsicott, L50, F|
|poke|p2|Basculegion, L50, M|
|poke|p2|Eelektross, L50, M|
|poke|p2|Garchomp, L50, F|
|poke|p2|Grimmsnarl, L50, M|
|poke|p2|Charizard, L50, F|
|teampreview|4
|showteam|p1|Staraptor||Staraptite|Intimidate|CloseCombat,BraveBird,Roost,Protect|Jolly||F|||50|]Grimmsnarl||LightClay|Prankster|Reflect,LightScreen,PartingShot,SpiritBreak|Impish||M|||50|]Incineroar||SitrusBerry|Intimidate|FakeOut,PartingShot,DarkestLariat,FlareBlitz|Impish||M|||50|]Sinistcha||ColburBerry|Hospitality|MatchaGotcha,RagePowder,TrickRoom,ShadowBall|Calm|||||50|]Excadrill||Excadrite|SandRush|HighHorsepower,IronHead,SwordsDance,Protect|Adamant||F|||50|]Primarina||LifeOrb|LiquidVoice|HyperVoice,Moonblast,IceBeam,Protect|Modest||F|||50|
|showteam|p2|Whimsicott||FocusSash|Prankster|Moonblast,Tailwind,Protect,Encore|Timid||F|||50|]Basculegion||MysticWater|Adaptability|WaveCrash,LastRespects,AquaJet,Protect|Adamant||M|||50|]Eelektross||Eelektrossite|Levitate|GigaDrain,Protect,Thunderbolt,Flamethrower|Modest||M|||50|]Garchomp||LifeOrb|RoughSkin|Earthquake,Protect,RockSlide,DragonClaw|Adamant||F|||50|]Grimmsnarl||LightClay|Prankster|PartingShot,Reflect,LightScreen,SpiritBreak|Careful||M|||50|]Charizard||CharizarditeY|Blaze|HeatWave,Protect,WeatherBall,SolarBeam|Modest||F|||50|
|inactive|Battle timer is ON: inactive players will automatically lose when time's up. (requested by gianlucone)
|
|t:|1783168271
|teamsize|p1|4
|teamsize|p2|4
|start
|switch|p1a: Grimmsnarl|Grimmsnarl, L50, M|100/100
|switch|p1b: Staraptor|Staraptor, L50, F|100/100
|switch|p2a: Eelektross|Eelektross, L50, M|100/100
|switch|p2b: Basculegion|Basculegion, L50, M|100/100
|-ability|p1b: Staraptor|Intimidate|boost
|-unboost|p2a: Eelektross|atk|1
|-unboost|p2b: Basculegion|atk|1
|turn|1
|
|t:|1783168285
|detailschange|p1b: Staraptor|Staraptor-Mega, L50, F
|-mega|p1b: Staraptor|Staraptor|Staraptite
|detailschange|p2a: Eelektross|Eelektross-Mega, L50, M
|-mega|p2a: Eelektross|Eelektross|Eelektrossite
|move|p1a: Grimmsnarl|Light Screen|p1a: Grimmsnarl
|-sidestart|p1: gianlucone|move: Light Screen
|move|p1b: Staraptor|Close Combat|p2a: Eelektross
|-damage|p2a: Eelektross|31/100
|-boost|p1b: Staraptor|def|1
|-boost|p1b: Staraptor|spd|1
|move|p2a: Eelektross|Thunderbolt|p1b: Staraptor
|-supereffective|p1b: Staraptor|1
|-damage|p1b: Staraptor|54/100
|-status|p1b: Staraptor|par
|move|p2b: Basculegion|Wave Crash|p1b: Staraptor
|-damage|p1b: Staraptor|13/100 par
|-damage|p2b: Basculegion|87/100|[from] Recoil
|
|upkeep
|turn|2
|inactive|Aeon_Twins has 30 seconds left.
|inactive|gianlucone has 30 seconds left.
|
|t:|1783168320
|move|p1b: Staraptor|Protect|p1b: Staraptor
|-singleturn|p1b: Staraptor|Protect
|move|p2a: Eelektross|Thunderbolt|p1b: Staraptor
|-activate|p1b: Staraptor|move: Protect
|move|p2b: Basculegion|Wave Crash|p1a: Grimmsnarl
|-damage|p1a: Grimmsnarl|39/100
|-damage|p2b: Basculegion|67/100|[from] Recoil
|move|p1a: Grimmsnarl|Spirit Break|p2a: Eelektross
|-damage|p2a: Eelektross|0 fnt
|faint|p2a: Eelektross
|
|upkeep
|
|t:|1783168336
|switch|p2a: Garchomp|Garchomp, L50, F|100/100
|turn|3
|
|t:|1783168343
|move|p1a: Grimmsnarl|Parting Shot|p2a: Garchomp
|-unboost|p2a: Garchomp|atk|1
|-unboost|p2a: Garchomp|spa|1
|
|t:|1783168346
|switch|p1a: Sinistcha|Sinistcha, L50|100/100|[from] Parting Shot
|-heal|p1b: Staraptor|38/100 par|[from] ability: Hospitality|[of] p1a: Sinistcha
|move|p2a: Garchomp|Rock Slide|p1b: Staraptor|[spread] p1a,p1b
|-damage|p1a: Sinistcha|87/100
|-damage|p1b: Staraptor|27/100 par
|-damage|p2a: Garchomp|90/100|[from] item: Life Orb
|move|p2b: Basculegion|Wave Crash|p1b: Staraptor
|-damage|p1b: Staraptor|0 fnt
|faint|p1b: Staraptor
|-damage|p2b: Basculegion|58/100|[from] Recoil
|
|upkeep
|
|t:|1783168359
|switch|p1b: Grimmsnarl|Grimmsnarl, L50, M|39/100
|turn|4
|
|t:|1783168375
|switch|p2b: Grimmsnarl|Grimmsnarl, L50, M|100/100
|move|p2a: Garchomp|Protect|p2a: Garchomp
|-singleturn|p2a: Garchomp|Protect
|move|p1b: Grimmsnarl|Reflect|p1b: Grimmsnarl
|-sidestart|p1: gianlucone|Reflect
|move|p1a: Sinistcha|Matcha Gotcha|p2b: Grimmsnarl|[spread] p2b
|-activate|p2a: Garchomp|move: Protect
|-damage|p2b: Grimmsnarl|78/100
|-heal|p1a: Sinistcha|99/100|[from] drain|[of] p2b: Grimmsnarl
|
|upkeep
|turn|5
|
|t:|1783168394
|move|p1b: Grimmsnarl|Parting Shot|p2a: Garchomp
|-unboost|p2a: Garchomp|atk|1
|-unboost|p2a: Garchomp|spa|1
|
|t:|1783168397
|switch|p1b: Incineroar|Incineroar, L50, M|100/100|[from] Parting Shot
|-ability|p1b: Incineroar|Intimidate|boost
|-unboost|p2a: Garchomp|atk|1
|-unboost|p2b: Grimmsnarl|atk|1
|move|p2a: Garchomp|Rock Slide|p1a: Sinistcha|[spread] p1b
|-miss|p2a: Garchomp|p1a: Sinistcha
|-supereffective|p1b: Incineroar|1
|-damage|p1b: Incineroar|88/100
|-damage|p2a: Garchomp|80/100|[from] item: Life Orb
|move|p1a: Sinistcha|Matcha Gotcha|p2b: Grimmsnarl|[spread] p2b
|-miss|p1a: Sinistcha|p2a: Garchomp
|-damage|p2b: Grimmsnarl|57/100
|-heal|p1a: Sinistcha|100/100|[from] drain|[of] p2b: Grimmsnarl
|move|p2b: Grimmsnarl|Spirit Break|p1b: Incineroar
|-damage|p1b: Incineroar|77/100
|-unboost|p1b: Incineroar|spa|1
|
|upkeep
|turn|6
|
|t:|1783168419
|move|p2b: Grimmsnarl|Reflect|p2b: Grimmsnarl
|-sidestart|p2: Aeon_Twins|Reflect
|move|p2a: Garchomp|Rock Slide|p1b: Incineroar|[spread] p1a,p1b
|-supereffective|p1b: Incineroar|1
|-damage|p1a: Sinistcha|94/100
|-damage|p1b: Incineroar|64/100
|-damage|p2a: Garchomp|70/100|[from] item: Life Orb
|move|p1a: Sinistcha|Matcha Gotcha|p2b: Grimmsnarl|[spread] p2a,p2b
|-damage|p2a: Garchomp|44/100
|-heal|p1a: Sinistcha|100/100|[from] drain|[of] p2a: Garchomp
|-damage|p2b: Grimmsnarl|36/100
|-status|p2b: Grimmsnarl|brn
|move|p1b: Incineroar|Flare Blitz|p2b: Grimmsnarl
|-damage|p2b: Grimmsnarl|1/100 brn
|-damage|p1b: Incineroar|52/100|[from] Recoil
|
|-damage|p2b: Grimmsnarl|0 fnt|[from] brn
|faint|p2b: Grimmsnarl
|upkeep
|
|t:|1783168424
|switch|p2b: Basculegion|Basculegion, L50, M|58/100
|turn|7
|
|t:|1783168436
|switch|p1b: Grimmsnarl|Grimmsnarl, L50, M|39/100
|move|p2a: Garchomp|Rock Slide|p1b: Grimmsnarl|[spread] p1b
|-miss|p2a: Garchomp|p1a: Sinistcha
|-damage|p1b: Grimmsnarl|32/100
|-damage|p2a: Garchomp|34/100|[from] item: Life Orb
|move|p2b: Basculegion|Last Respects|p1a: Sinistcha
|-supereffective|p1a: Sinistcha|1
|-damage|p1a: Sinistcha|0 fnt
|faint|p1a: Sinistcha
|
|upkeep
|
|t:|1783168447
|switch|p1a: Incineroar|Incineroar, L50, M|52/100
|-ability|p1a: Incineroar|Intimidate|boost
|-unboost|p2a: Garchomp|atk|1
|-unboost|p2b: Basculegion|atk|1
|turn|8
|
|t:|1783168456
|move|p2b: Basculegion|Protect|p2b: Basculegion
|-singleturn|p2b: Basculegion|Protect
|move|p1b: Grimmsnarl|Parting Shot|p2b: Basculegion
|-activate|p2b: Basculegion|move: Protect
|move|p2a: Garchomp|Earthquake|p1a: Incineroar|[spread] p1a,p1b
|-activate|p2b: Basculegion|move: Protect
|-supereffective|p1a: Incineroar|1
|-damage|p1a: Incineroar|34/100
|-damage|p1b: Grimmsnarl|20/100y
|-enditem|p1a: Incineroar|Sitrus Berry|[eat]
|-heal|p1a: Incineroar|58/100|[from] item: Sitrus Berry
|-damage|p2a: Garchomp|24/100|[from] item: Life Orb
|move|p1a: Incineroar|Darkest Lariat|p2b: Basculegion
|-activate|p2b: Basculegion|move: Protect
|
|-sideend|p1: gianlucone|move: Light Screen
|upkeep
|turn|9
|
|t:|1783168471
|move|p1b: Grimmsnarl|Parting Shot|p2b: Basculegion
|-unboost|p2b: Basculegion|atk|1
|-unboost|p2b: Basculegion|spa|1
|move|p2a: Garchomp|Rock Slide|p1b: Grimmsnarl|[spread] p1a,p1b
|-supereffective|p1a: Incineroar|1
|-damage|p1a: Incineroar|49/100
|-damage|p1b: Grimmsnarl|14/100
|-damage|p2a: Garchomp|14/100|[from] item: Life Orb
|move|p2b: Basculegion|Wave Crash|p1a: Incineroar
|-supereffective|p1a: Incineroar|1
|-damage|p1a: Incineroar|1/100
|-damage|p2b: Basculegion|42/100|[from] Recoil
|move|p1a: Incineroar|Darkest Lariat|p2b: Basculegion
|-supereffective|p2b: Basculegion|1
|-damage|p2b: Basculegion|0 fnt
|faint|p2b: Basculegion
|
|upkeep
|turn|10
|
|t:|1783168489
|move|p2a: Garchomp|Rock Slide|p1a: Incineroar|[spread] p1a
|-miss|p2a: Garchomp|p1b: Grimmsnarl
|-supereffective|p1a: Incineroar|1
|-crit|p1a: Incineroar
|-damage|p1a: Incineroar|0 fnt
|faint|p1a: Incineroar
|-damage|p2a: Garchomp|4/100|[from] item: Life Orb
|move|p1b: Grimmsnarl|Spirit Break|p2a: Garchomp
|-supereffective|p2a: Garchomp|1
|-damage|p2a: Garchomp|0 fnt
|-damage|p1b: Grimmsnarl|1/100|[from] ability: Rough Skin|[of] p2a: Garchomp
|faint|p2a: Garchomp
|
|win|gianlucone
