|j|☆Gtellez
|j|☆MaxUtrecht
|html|GtellezMaxUtrecht    
|uhtml|bestof|Game 3 of a best-of-3
|t:|1783677248
|gametype|doubles
|player|p1|Gtellez|170|1000
|player|p2|MaxUtrecht|lucas|1097
|gen|9
|tier|[Gen 9 Champions] VGC 2026 Reg M-B (Bo3)
|rated|
|rule|Species Clause: Limit one of each Pokémon
|rule|Item Clause: Limit 1 of each item
|clearpoke
|poke|p1|Swampert, L50, F|
|poke|p1|Pelipper, L50, M|
|poke|p1|Archaludon, L50, F, shiny|
|poke|p1|Grimmsnarl, L50, M|
|poke|p1|Venusaur, L50, M|
|poke|p1|Basculegion, L50, M|
|poke|p2|Farigiraf, L50, M|
|poke|p2|Vivillon, L50, F|
|poke|p2|Incineroar, L50, F|
|poke|p2|Camerupt, L50, F|
|poke|p2|Mawile, L50, F|
|poke|p2|Reuniclus, L50, F|
|teampreview|4
|showteam|p1|Swampert||Swampertite|Torrent|WaveCrash,Earthquake,IcePunch,Protect|Adamant||F|||50|]Pelipper||LifeOrb|Drizzle|Hurricane,WeatherBall,Tailwind,Protect|Modest||M|||50|]Archaludon||Leftovers|Stamina|ElectroShot,DragonPulse,FlashCannon,Protect|Calm||F|||50|]Grimmsnarl||LightClay|Prankster|SpiritBreak,PartingShot,LightScreen,Reflect|Careful||M|||50|]Venusaur||Venusaurite|Overgrow|SludgeBomb,EarthPower,GigaDrain,Protect|Modest||M|||50|]Basculegion||ChoiceScarf|Adaptability|WaveCrash,LastRespects,FlipTurn,AquaJet|Jolly||M|||50|
|showteam|p2|Farigiraf||SitrusBerry|ArmorTail|Psychic,HyperVoice,TrickRoom,HelpingHand|Relaxed||M|||50|]Vivillon||FocusSash|CompoundEyes|RagePowder,SleepPowder,Hurricane,Protect|Timid||F|||50|]Incineroar||ChopleBerry|Intimidate|FlareBlitz,ThroatChop,FakeOut,PartingShot|Brave||F|||50|]Camerupt||Cameruptite|SolidRock|HeatWave,Overheat,EarthPower,Protect|Quiet||F|||50|]Mawile||Mawilite|Intimidate|IronHead,PlayRough,SuckerPunch,Protect|Adamant||F|||50|]Reuniclus||LifeOrb|MagicGuard|Psychic,GrassKnot,ShadowBall,TrickRoom|Quiet||F|||50|
|inactive|Battle timer is ON: inactive players will automatically lose when time's up. (requested by Gtellez)
|
|t:|1783677301
|teamsize|p1|4
|teamsize|p2|4
|start
|switch|p1a: Archaludon|Archaludon, L50, F, shiny|100/100
|switch|p1b: Basculegion|Basculegion, L50, M|100/100
|switch|p2a: Incineroar|Incineroar, L50, F|100/100
|switch|p2b: Reuniclus|Reuniclus, L50, F|100/100
|-ability|p2a: Incineroar|Intimidate|boost
|-unboost|p1a: Archaludon|atk|1
|-unboost|p1b: Basculegion|atk|1
|turn|1
|inactive|Gtellez has 30 seconds left.
|inactive|Gtellez has 20 seconds left.
|inactive|Gtellez has 15 seconds left.
|inactive|Gtellez has 10 seconds left.
|
|t:|1783677350
|switch|p1a: Pelipper|Pelipper, L50, M|100/100
|-weather|RainDance|[from] ability: Drizzle|[of] p1a: Pelipper
|switch|p2b: Vivillon|Vivillon, L50, F|100/100
|move|p1b: Basculegion|Wave Crash|p2b: Vivillon
|-enditem|p2b: Vivillon|Focus Sash
|-damage|p2b: Vivillon|1/100
|-damage|p1b: Basculegion|68/100|[from] Recoil
|move|p2a: Incineroar|Throat Chop|p1b: Basculegion
|-supereffective|p1b: Basculegion|1
|-damage|p1b: Basculegion|0 fnt
|faint|p1b: Basculegion
|
|-weather|RainDance|[upkeep]
|upkeep
|
|t:|1783677373
|switch|p1b: Archaludon|Archaludon, L50, F, shiny|100/100
|turn|2
|inactive|Gtellez has 30 seconds left.
|inactive|Gtellez has 20 seconds left.
|
|t:|1783677410
|move|p2b: Vivillon|Sleep Powder|p1a: Pelipper
|-status|p1a: Pelipper|slp|[from] move: Sleep Powder
|cant|p1a: Pelipper|slp
|move|p1b: Archaludon|Dragon Pulse|p2b: Vivillon
|-damage|p2b: Vivillon|0 fnt
|faint|p2b: Vivillon
|move|p2a: Incineroar|Parting Shot|p1b: Archaludon
|-unboost|p1b: Archaludon|atk|1
|-unboost|p1b: Archaludon|spa|1
|
|t:|1783677424
|switch|p2a: Camerupt|Camerupt, L50, F|100/100|[from] Parting Shot
|
|-weather|RainDance|[upkeep]
|upkeep
|
|t:|1783677433
|switch|p2b: Reuniclus|Reuniclus, L50, F|100/100
|turn|3
|inactive|Gtellez has 30 seconds left.
|
|t:|1783677460
|move|p1b: Archaludon|Protect|p1b: Archaludon
|-singleturn|p1b: Archaludon|Protect
|move|p2a: Camerupt|Protect|p2a: Camerupt
|-singleturn|p2a: Camerupt|Protect
|cant|p1a: Pelipper|slp
|move|p2b: Reuniclus|Trick Room|p2b: Reuniclus
|-fieldstart|move: Trick Room|[of] p2b: Reuniclus
|
|-weather|RainDance|[upkeep]
|upkeep
|turn|4
|inactive|MaxUtrecht has 30 seconds left.
|
|t:|1783677486
|switch|p2a: Incineroar|Incineroar, L50, F|100/100
|-ability|p2a: Incineroar|Intimidate|boost
|-unboost|p1a: Pelipper|atk|1
|-unboost|p1b: Archaludon|atk|1
|move|p2b: Reuniclus|Psychic|p1a: Pelipper
|-damage|p1a: Pelipper|2/100 slp
|move|p1b: Archaludon|Electro Shot||[still]
|-prepare|p1b: Archaludon|Electro Shot
|-boost|p1b: Archaludon|spa|1
|-anim|p1b: Archaludon|Electro Shot|p2b: Reuniclus
|-damage|p2b: Reuniclus|64/100
|-curestatus|p1a: Pelipper|slp|[msg]
|move|p1a: Pelipper|Weather Ball|p2a: Incineroar
|-supereffective|p2a: Incineroar|1
|-damage|p2a: Incineroar|0 fnt
|faint|p2a: Incineroar
|-damage|p1a: Pelipper|0 fnt|[from] item: Life Orb
|faint|p1a: Pelipper
|
|-weather|RainDance|[upkeep]
|upkeep
|
|t:|1783677505
|switch|p2a: Camerupt|Camerupt, L50, F|100/100
|switch|p1a: Swampert|Swampert, L50, F|100/100
|turn|5
|c|☆MaxUtrecht|Ggs
|inactive|Gtellez has 30 seconds left.
|inactive|Gtellez has 20 seconds left.
|inactive|Gtellez has 15 seconds left.
|
|t:|1783677546
|detailschange|p2a: Camerupt|Camerupt-Mega, L50, F
|-mega|p2a: Camerupt|Camerupt|Cameruptite
|detailschange|p1a: Swampert|Swampert-Mega, L50, F
|-mega|p1a: Swampert|Swampert|Swampertite
|move|p2a: Camerupt|Earth Power|p1b: Archaludon
|-supereffective|p1b: Archaludon|1
|-damage|p1b: Archaludon|0 fnt
|faint|p1b: Archaludon
|move|p2b: Reuniclus|Grass Knot|p1a: Swampert
|-supereffective|p1a: Swampert|2
|-damage|p1a: Swampert|0 fnt
|faint|p1a: Swampert
|
|win|MaxUtrecht
|raw|Gtellez's rating: 1000 → 1000(+0 for losing)
|raw|MaxUtrecht's rating: 1097 → 1116(+19 for winning)
|l|☆Gtellez
|player|p1|
