|j|☆SrStarVGC
|j|☆go to vr
|html|SrStarVGCgo to vr    
|uhtml|bestof|Game 2 of a best-of-3
|t:|1756560277
|gametype|doubles
|player|p1|SrStarVGC|drayden|
|player|p2|go to vr|colress|
|gen|9
|tier|[Gen 9] VGC 2025 Reg H (Bo3)
|rule|Species Clause: Limit one of each Pokémon
|rule|Item Clause: Limit 1 of each item
|clearpoke
|poke|p1|Sneasler, L50, F|
|poke|p1|Dragapult, L50, M|
|poke|p1|Primarina, L50, F|
|poke|p1|Rillaboom, L50, M|
|poke|p1|Kingambit, L50, M|
|poke|p1|Magmar, L50, M|
|poke|p2|Kilowattrel, L50, M|
|poke|p2|Gholdengo, L50|
|poke|p2|Ursaluna, L50, F|
|poke|p2|Incineroar, L50, M|
|poke|p2|Dragonite, L50, M|
|poke|p2|Ninetales-Alola, L50, F|
|teampreview|4
|showteam|p1|Sneasler||FocusSash|PoisonTouch|CloseCombat,DireClaw,FakeOut,Protect|||F|||50|,,,,,Stellar]Dragapult||ChoiceBand|ClearBody|DragonDarts,TeraBlast,PhantomForce,Uturn|||M|||50|,,,,,Ghost]Primarina||SitrusBerry|LiquidVoice|HyperVoice,Moonblast,Haze,Protect|||F|||50|,,,,,Water]Rillaboom||AssaultVest|GrassySurge|WoodHammer,GrassyGlide,HighHorsepower,FakeOut|||M|||50|,,,,,Fire]Kingambit||BlackGlasses|Defiant|KowtowCleave,SuckerPunch,SwordsDance,Protect|||M|||50|,,,,,Ghost]Magmar||Eviolite|VitalSpirit|Overheat,WillOWisp,FollowMe,Protect|||M|||50|,,,,,Ghost
|showteam|p2|Kilowattrel||FocusSash|Competitive|Tailwind,Protect,Thunderbolt,AirSlash|||M|||50|,,,,,Ghost]Gholdengo||LifeOrb|GoodasGold|NastyPlot,Protect,ShadowBall,MakeItRain||||||50|,,,,,Dragon]Ursaluna||FlameOrb|Guts|Earthquake,Protect,Facade,HeadlongRush|||F|||50|,,,,,Fairy]Incineroar||RockyHelmet|Intimidate|PartingShot,FlareBlitz,KnockOff,FakeOut|||M|||50|,,,,,Bug]Dragonite||LoadedDice|Multiscale|ScaleShot,Tailwind,Haze,Protect|||M|||50|,,,,,Fairy]Ninetales-Alola||NeverMeltIce|SnowWarning|Encore,Blizzard,FreezeDry,Protect|||F|||50|,,,,,Ghost
|inactive|Battle timer is ON: inactive players will automatically lose when time's up. (requested by SrStarVGC)
|inactive|go to vr has 60 seconds left.
|
|t:|1756560321
|teamsize|p1|4
|teamsize|p2|4
|start
|switch|p1a: Sneasler|Sneasler, L50, F|100/100
|switch|p1b: Primarina|Primarina, L50, F|100/100
|switch|p2a: Incineroar|Incineroar, L50, M, shiny|100/100
|switch|p2b: Ursaluna|Ursaluna, L50, F, shiny|100/100
|-ability|p2a: Incineroar|Intimidate|boost
|-unboost|p1a: Sneasler|atk|1
|-unboost|p1b: Primarina|atk|1
|turn|1
|inactive|go to vr has 30 seconds left.
|
|t:|1756560354
|move|p1a: Sneasler|Fake Out|p2a: Incineroar
|-damage|p2a: Incineroar|93/100
|-damage|p1a: Sneasler|84/100|[from] item: Rocky Helmet|[of] p2a: Incineroar
|-status|p2a: Incineroar|psn|[from] ability: Poison Touch|[of] p1a: Sneasler
|cant|p2a: Incineroar|flinch
|move|p2b: Ursaluna|Facade|p1a: Sneasler
|-damage|p1a: Sneasler|7/100
|move|p1b: Primarina|Hyper Voice|p2a: Incineroar|[spread] p2a,p2b
|-supereffective|p2a: Incineroar
|-crit|p2a: Incineroar
|-supereffective|p2b: Ursaluna
|-damage|p2a: Incineroar|5/100 psn
|-damage|p2b: Ursaluna|42/100
|
|-damage|p2a: Incineroar|0 fnt|[from] psn
|faint|p2a: Incineroar
|-status|p2b: Ursaluna|brn|[from] item: Flame Orb
|upkeep
|
|t:|1756560367
|switch|p2a: Gholdengo|Gholdengo, L50|100/100
|turn|2
|inactive|SrStarVGC has 30 seconds left.
|
|t:|1756560394
|switch|p2b: Dragonite|Dragonite, L50, M, shiny|100/100
|-terastallize|p1b: Primarina|Water
|move|p1a: Sneasler|Protect|p1a: Sneasler
|-singleturn|p1a: Sneasler|Protect
|move|p2a: Gholdengo|Make It Rain|p1a: Sneasler|[spread] p1b
|-activate|p1a: Sneasler|move: Protect
|-resisted|p1b: Primarina
|-damage|p1b: Primarina|73/100
|-unboost|p2a: Gholdengo|spa|1
|-damage|p2a: Gholdengo|91/100|[from] item: Life Orb
|move|p1b: Primarina|Hyper Voice|p2a: Gholdengo|[spread] p2a,p2b
|-resisted|p2b: Dragonite
|-damage|p2a: Gholdengo|47/100
|-damage|p2b: Dragonite|90/100
|
|upkeep
|turn|3
|inactive|SrStarVGC has 30 seconds left.
|inactive|go to vr has 30 seconds left.
|inactive|SrStarVGC has 20 seconds left.
|
|t:|1756560433
|move|p1a: Sneasler|Dire Claw|p2b: Dragonite
|-damage|p2b: Dragonite|59/100
|-status|p2b: Dragonite|psn|[from] ability: Poison Touch|[of] p1a: Sneasler
|move|p2a: Gholdengo|Make It Rain|p1b: Primarina|[spread] p1a,p1b
|-resisted|p1b: Primarina
|-damage|p1a: Sneasler|0 fnt
|-damage|p1b: Primarina|54/100
|-unboost|p2a: Gholdengo|spa|1
|faint|p1a: Sneasler
|-damage|p2a: Gholdengo|38/100|[from] item: Life Orb
|move|p2b: Dragonite|Scale Shot|p1b: Primarina
|-damage|p1b: Primarina|38/100
|-enditem|p1b: Primarina|Sitrus Berry|[eat]
|-heal|p1b: Primarina|63/100|[from] item: Sitrus Berry
|-damage|p1b: Primarina|47/100
|-damage|p1b: Primarina|30/100
|-damage|p1b: Primarina|14/100
|-hitcount|p1b: Primarina|4
|-unboost|p2b: Dragonite|def|1
|-boost|p2b: Dragonite|spe|1
|move|p1b: Primarina|Hyper Voice|p2a: Gholdengo|[spread] p2a,p2b
|-resisted|p2b: Dragonite
|-damage|p2a: Gholdengo|0 fnt
|-damage|p2b: Dragonite|36/100 psn
|faint|p2a: Gholdengo
|
|-damage|p2b: Dragonite|24/100 psn|[from] psn
|upkeep
|inactive|SrStarVGC has 30 seconds left.
|
|t:|1756560463
|switch|p1a: Dragapult|Dragapult, L50, M|100/100
|switch|p2a: Ursaluna|Ursaluna, L50, F, shiny|42/100 brn
|turn|4
|
|t:|1756560471
|move|p2b: Dragonite|Protect|p2b: Dragonite
|-singleturn|p2b: Dragonite|Protect
|move|p2a: Ursaluna|Protect|p2a: Ursaluna
|-singleturn|p2a: Ursaluna|Protect
|move|p1b: Primarina|Protect|p1b: Primarina
|-singleturn|p1b: Primarina|Protect
|move|p1a: Dragapult|Dragon Darts|p2b: Dragonite
|-activate|p2a: Ursaluna|move: Protect
|
|-damage|p2b: Dragonite|12/100 psn|[from] psn
|-damage|p2a: Ursaluna|36/100 brn|[from] brn
|upkeep
|turn|5
|
|t:|1756560494
|switch|p1b: Magmar|Magmar, L50, M|100/100
|-terastallize|p2a: Ursaluna|Fairy
|move|p1a: Dragapult|Dragon Darts|p2b: Dragonite
|-supereffective|p2b: Dragonite
|-damage|p2b: Dragonite|0 fnt
|faint|p2b: Dragonite
|move|p2a: Ursaluna|Earthquake|p1b: Magmar|[spread] p1a,p1b
|-supereffective|p1b: Magmar
|-damage|p1a: Dragapult|16/100
|-damage|p1b: Magmar|0 fnt
|faint|p1b: Magmar
|
|-damage|p2a: Ursaluna|30/100 brn|[from] brn
|upkeep
|
|t:|1756560506
|switch|p1b: Primarina|Primarina, L50, F, tera:Water|14/100
|turn|6
|
|t:|1756560531
|move|p1a: Dragapult|Dragon Darts|p2a: Ursaluna
|-immune|p2a: Ursaluna
|move|p2a: Ursaluna|Earthquake|p1a: Dragapult|[spread] p1a,p1b
|-damage|p1a: Dragapult|0 fnt
|-damage|p1b: Primarina|0 fnt
|faint|p1a: Dragapult
|faint|p1b: Primarina
|
|win|go to vr
|l|☆go to vr
|player|p2|
