|j|☆hexagonfoot
|j|☆parsley<3
|html|hexagonfootparsley<3    
|uhtml|bestof|Game 1 of a best-of-3
|t:|1756447434
|gametype|doubles
|player|p1|hexagonfoot|caitlin|1162
|player|p2|parsley<3|lacey|1255
|gen|9
|tier|[Gen 9] VGC 2025 Reg H (Bo3)
|rated|
|rule|Species Clause: Limit one of each Pokémon
|rule|Item Clause: Limit 1 of each item
|clearpoke
|poke|p1|Kingambit, L50, F|
|poke|p1|Primarina, L50, M|
|poke|p1|Sneasler, L50, F|
|poke|p1|Magmar, L50, M|
|poke|p1|Rillaboom, L50, M|
|poke|p1|Dragapult, L50, M|
|poke|p2|Maushold, L50|
|poke|p2|Annihilape, L50, F|
|poke|p2|Gholdengo, L50|
|poke|p2|Ursaluna-Bloodmoon, L50, M|
|poke|p2|Dragonite, L50, M|
|poke|p2|Sneasler, L50, M|
|teampreview|4
|showteam|p1|Kingambit||BlackGlasses|Defiant|KowtowCleave,SuckerPunch,SwordsDance,Protect|||F|||50|,,,,,Ghost]Primarina||SitrusBerry|LiquidVoice|HyperVoice,Moonblast,Haze,Protect|||M|||50|,,,,,Water]Sneasler||FocusSash|PoisonTouch|CloseCombat,DireClaw,FakeOut,Protect|||F|||50|,,,,,Stellar]Magmar||Eviolite|VitalSpirit|Overheat,WillOWisp,FollowMe,Protect|||M|||50|,,,,,Ghost]Rillaboom||AssaultVest|GrassySurge|WoodHammer,GrassyGlide,HighHorsepower,FakeOut|||M|||50|,,,,,Fire]Dragapult||ChoiceBand|ClearBody|DragonDarts,PhantomForce,TeraBlast,Uturn|||M|||50|,,,,,Ghost
|showteam|p2|Maushold||SafetyGoggles|FriendGuard|SuperFang,BeatUp,Protect,FollowMe||||||50|,,,,,Ghost]Annihilape||SitrusBerry|Defiant|RageFist,CloseCombat,Protect,FinalGambit|||F|||50|,,,,,Fire]Gholdengo||LifeOrb|GoodasGold|MakeItRain,ShadowBall,Protect,NastyPlot||||||50|,,,,,Water]Ursaluna-Bloodmoon||AssaultVest|MindsEye|HyperVoice,BloodMoon,EarthPower,VacuumWave|||M|||50|,,,,,Ghost]Dragonite||LoadedDice|Multiscale|ScaleShot,Tailwind,Protect,Haze|||M|||50|,,,,,Fairy]Sneasler||FocusSash|Unburden|DireClaw,CloseCombat,Protect,ThroatChop|||M|||50|,,,,,Stellar
|inactive|Battle timer is ON: inactive players will automatically lose when time's up. (requested by hexagonfoot)
|inactive|parsley<3 has 60 seconds left.
|
|t:|1756447485
|teamsize|p1|4
|teamsize|p2|4
|start
|switch|p1a: Magmar|Magmar, L50, M|100/100
|switch|p1b: Dragapult|Dragapult, L50, M|100/100
|switch|p2a: mishonite|Dragonite, L50, M|100/100
|switch|p2b: mishler|Sneasler, L50, M|100/100
|turn|1
|inactive|parsley<3 has 30 seconds left.
|inactive|parsley<3 has 20 seconds left.
|inactive|parsley<3 has 15 seconds left.
|
|t:|1756447525
|move|p1b: Dragapult|U-turn|p2b: mishler
|-resisted|p2b: mishler
|-crit|p2b: mishler
|-damage|p2b: mishler|79/100
|
|t:|1756447528
|switch|p1b: Rillaboom|Rillaboom, L50, M|100/100|[from] U-turn
|-fieldstart|move: Grassy Terrain|[from] ability: Grassy Surge|[of] p1b: Rillaboom
|move|p2b: mishler|Dire Claw|p1a: Magmar
|-damage|p1a: Magmar|65/100
|-status|p1a: Magmar|par
|move|p2a: mishonite|Scale Shot|p1b: Rillaboom
|-damage|p1b: Rillaboom|84/100
|-damage|p1b: Rillaboom|69/100
|-damage|p1b: Rillaboom|54/100
|-damage|p1b: Rillaboom|38/100
|-hitcount|p1b: Rillaboom|4
|-unboost|p2a: mishonite|def|1
|-boost|p2a: mishonite|spe|1
|move|p1a: Magmar|Will-O-Wisp|p2a: mishonite|[miss]
|-miss|p1a: Magmar|p2a: mishonite
|
|-heal|p2b: mishler|84/100|[from] Grassy Terrain
|-heal|p1b: Rillaboom|44/100|[from] Grassy Terrain
|-heal|p1a: Magmar|71/100 par|[from] Grassy Terrain
|upkeep
|turn|2
|c|☆parsley<3|unlucky
|c|☆hexagonfoot|ehh
|inactive|hexagonfoot has 30 seconds left.
|c|☆hexagonfoot|paralysis + 85% is not the best odds
|inactive|hexagonfoot has 20 seconds left.
|c|☆parsley<3|true
|
|t:|1756447567
|move|p2a: mishonite|Protect|p2a: mishonite
|-singleturn|p2a: mishonite|Protect
|move|p2b: mishler|Protect|p2b: mishler
|-singleturn|p2b: mishler|Protect
|move|p1b: Rillaboom|Fake Out|p2b: mishler
|-activate|p2b: mishler|move: Protect
|move|p1a: Magmar|Will-O-Wisp|p2a: mishonite
|-activate|p2a: mishonite|move: Protect
|
|-heal|p2b: mishler|90/100|[from] Grassy Terrain
|-heal|p1b: Rillaboom|50/100|[from] Grassy Terrain
|-heal|p1a: Magmar|77/100 par|[from] Grassy Terrain
|upkeep
|turn|3
|c|☆parsley<3|i got the para tho too
|c|☆parsley<3|lol
|
|t:|1756447587
|move|p1a: Magmar|Follow Me|p1a: Magmar
|-singleturn|p1a: Magmar|move: Follow Me
|move|p2a: mishonite|Scale Shot|p1a: Magmar
|-damage|p1a: Magmar|64/100 par
|-damage|p1a: Magmar|51/100 par
|-damage|p1a: Magmar|40/100 par
|-damage|p1a: Magmar|28/100 par
|-hitcount|p1a: Magmar|4
|-unboost|p2a: mishonite|def|1
|-boost|p2a: mishonite|spe|1
|move|p2b: mishler|Dire Claw|p1a: Magmar
|-damage|p1a: Magmar|0 fnt
|faint|p1a: Magmar
|move|p1b: Rillaboom|High Horsepower|p2b: mishler
|-supereffective|p2b: mishler
|-damage|p2b: mishler|0 fnt
|faint|p2b: mishler
|
|-heal|p1b: Rillaboom|56/100|[from] Grassy Terrain
|upkeep
|
|t:|1756447601
|switch|p2b: mishdengo|Gholdengo, L50|100/100
|switch|p1a: Sneasler|Sneasler, L50, F|100/100
|turn|4
|inactive|hexagonfoot has 30 seconds left.
|inactive|parsley<3 has 30 seconds left.
|
|t:|1756447632
|move|p1b: Rillaboom|Grassy Glide|p2a: mishonite
|-resisted|p2a: mishonite
|-damage|p2a: mishonite|90/100
|move|p2a: mishonite|Scale Shot|p1b: Rillaboom
|-damage|p1b: Rillaboom|42/100
|-damage|p1b: Rillaboom|26/100
|-damage|p1b: Rillaboom|12/100
|-crit|p1b: Rillaboom
|-damage|p1b: Rillaboom|0 fnt
|faint|p1b: Rillaboom
|-hitcount|p1: Rillaboom|4
|-unboost|p2a: mishonite|def|1
|-boost|p2a: mishonite|spe|1
|move|p1a: Sneasler|Dire Claw|p2a: mishonite
|-damage|p2a: mishonite|0 fnt
|faint|p2a: mishonite
|move|p2b: mishdengo|Make It Rain|p1a: Sneasler
|-enditem|p1a: Sneasler|Focus Sash
|-damage|p1a: Sneasler|1/100
|-unboost|p2b: mishdengo|spa|1
|-damage|p2b: mishdengo|91/100|[from] item: Life Orb
|
|-heal|p1a: Sneasler|7/100|[from] Grassy Terrain
|-heal|p2b: mishdengo|97/100|[from] Grassy Terrain
|upkeep
|
|t:|1756447640
|switch|p2a: mishold|Maushold, L50|100/100
|switch|p1b: Dragapult|Dragapult, L50, M|100/100
|turn|5
|
|t:|1756447661
|-terastallize|p1b: Dragapult|Ghost
|-terastallize|p2a: mishold|Ghost
|move|p2a: mishold|Follow Me|p2a: mishold
|-singleturn|p2a: mishold|move: Follow Me
|move|p1b: Dragapult|Tera Blast|p2a: mishold|[anim] Tera Blast Ghost
|-supereffective|p2a: mishold
|-damage|p2a: mishold|0 fnt
|faint|p2a: mishold
|move|p1a: Sneasler|Close Combat|p2b: mishdengo
|-immune|p2b: mishdengo
|move|p2b: mishdengo|Make It Rain|p1b: Dragapult|[spread] p1a,p1b
|-damage|p1a: Sneasler|0 fnt
|-damage|p1b: Dragapult|43/100
|-unboost|p2b: mishdengo|spa|1
|faint|p1a: Sneasler
|-damage|p2b: mishdengo|87/100|[from] item: Life Orb
|
|-heal|p1b: Dragapult|49/100|[from] Grassy Terrain
|-heal|p2b: mishdengo|93/100|[from] Grassy Terrain
|-fieldend|move: Grassy Terrain
|upkeep
|turn|6
|
|t:|1756447677
|move|p1b: Dragapult|Tera Blast|p2b: mishdengo|[anim] Tera Blast Ghost
|-supereffective|p2b: mishdengo
|-damage|p2b: mishdengo|0 fnt
|faint|p2b: mishdengo
|
|win|hexagonfoot
|c|☆parsley<3|wp
||hexagonfoot is ready for game 2.
||parsley<3 is ready for game 2.
|uhtml|next|Next: Game 2 of 3
|c|☆hexagonfoot|ty
|l|☆parsley<3
|player|p2|
