|j|☆UbeYMatcha
|j|☆noka47
|html|UbeYMatchanoka47    
|uhtml|bestof|Game 1 of a best-of-3
|t:|1782234692
|gametype|doubles
|player|p1|UbeYMatcha|drayden|1233
|player|p2|noka47|101|1164
|gen|9
|tier|[Gen 9 Champions] VGC 2026 Reg M-B (Bo3)
|rated|
|rule|Species Clause: Limit one of each Pokémon
|rule|Item Clause: Limit 1 of each item
|clearpoke
|poke|p1|Garchomp, L50, F|
|poke|p1|Tyranitar, L50, M|
|poke|p1|Klefki, L50, M|
|poke|p1|Rotom-Wash, L50|
|poke|p1|Incineroar, L50, M|
|poke|p1|Froslass, L50, F|
|poke|p2|Mawile, L50, F|
|poke|p2|Incineroar, L50, F|
|poke|p2|Sneasler, L50, M|
|poke|p2|Pelipper, L50, M|
|poke|p2|Farigiraf, L50, F|
|poke|p2|Sinistcha, L50|
|teampreview|4
|showteam|p1|Garchomp||Garchompite|RoughSkin|Earthquake,Protect,DragonClaw,RockSlide|Adamant||F|||50|]Tyranitar||FocusSash|SandStream|RockSlide,KnockOff,LowKick,Protect|Adamant||M|||50|]Klefki||MetalCoat|Prankster|Sandstorm,TrickRoom,MagnetRise,SteelBeam|Bold||M|||50|]Rotom-Wash||Magnet|Levitate|Thunderbolt,HydroPump,WillOWisp,Protect|Modest|||||50|]Incineroar||Charcoal|Intimidate|FlareBlitz,ThroatChop,FakeOut,PartingShot|Adamant||M|||50|]Froslass||Froslassite|SnowCloak|Blizzard,WeatherBall,ShadowBall,Protect|Timid||F|||50|
|showteam|p2|Mawile||Mawilite|Intimidate|IronHead,PlayRough,SuckerPunch,Protect|Adamant||F|||50|]Incineroar||PasshoBerry|Intimidate|FlareBlitz,DarkestLariat,FakeOut,PartingShot|Adamant||F|||50|]Sneasler||WhiteHerb|Unburden|CloseCombat,DireClaw,FakeOut,Protect|Adamant||M|||50|]Pelipper||LifeOrb|Drizzle|Hurricane,WeatherBall,IceBeam,Protect|Modest||M|||50|]Farigiraf||ColburBerry|ArmorTail|Psychic,Thunderbolt,TrickRoom,Protect|Quiet||F|||50|]Sinistcha||SitrusBerry|Hospitality|MatchaGotcha,RagePowder,TrickRoom,ShadowBall|Relaxed|||||50|
|inactive|Battle timer is ON: inactive players will automatically lose when time's up. (requested by UbeYMatcha)
|inactive|UbeYMatcha has 60 seconds left.
|inactive|noka47 has 60 seconds left.
|inactive|noka47 has 30 seconds left.
|inactive|noka47 has 20 seconds left.
|
|t:|1782234766
|teamsize|p1|4
|teamsize|p2|4
|start
|switch|p1a: Rotom|Rotom-Wash, L50|100/100
|switch|p1b: Klefki|Klefki, L50, M|100/100
|switch|p2a: Incineroar|Incineroar, L50, F|100/100
|switch|p2b: Mawile|Mawile, L50, F|100/100
|-ability|p2a: Incineroar|Intimidate|boost
|-unboost|p1a: Rotom|atk|1
|-unboost|p1b: Klefki|atk|1
|-ability|p2b: Mawile|Intimidate|boost
|-unboost|p1a: Rotom|atk|1
|-unboost|p1b: Klefki|atk|1
|turn|1
|
|t:|1782234787
|switch|p1b: Incineroar|Incineroar, L50, M|100/100
|-ability|p1b: Incineroar|Intimidate|boost
|-unboost|p2a: Incineroar|atk|1
|-unboost|p2b: Mawile|atk|1
|detailschange|p2b: Mawile|Mawile-Mega, L50, F
|-mega|p2b: Mawile|Mawile|Mawilite
|move|p2a: Incineroar|Fake Out|p1a: Rotom
|-damage|p1a: Rotom|89/100
|cant|p1a: Rotom|flinch
|move|p2b: Mawile|Iron Head|p1b: Incineroar
|-resisted|p1b: Incineroar|1
|-damage|p1b: Incineroar|76/100
|
|upkeep
|turn|2
|
|t:|1782234810
|switch|p2a: Sneasler|Sneasler, L50, M|100/100
|switch|p2b: Sinistcha|Sinistcha, L50|100/100
|move|p1b: Incineroar|Fake Out|p2a: Sneasler
|-damage|p2a: Sneasler|75/100
|move|p1a: Rotom|Thunderbolt|p2a: Sneasler
|-damage|p2a: Sneasler|8/100
|
|upkeep
|turn|3
|inactive|UbeYMatcha has 30 seconds left.
|inactive|noka47 has 30 seconds left.
|
|t:|1782234840
|switch|p1b: Klefki|Klefki, L50, M|100/100
|move|p2a: Sneasler|Protect|p2a: Sneasler
|-singleturn|p2a: Sneasler|Protect
|move|p1a: Rotom|Thunderbolt|p2a: Sneasler
|-activate|p2a: Sneasler|move: Protect
|move|p2b: Sinistcha|Trick Room|p2b: Sinistcha
|-fieldstart|move: Trick Room|[of] p2b: Sinistcha
|
|upkeep
|turn|4
|
|t:|1782234864
|switch|p2a: Incineroar|Incineroar, L50, F|100/100
|-ability|p2a: Incineroar|Intimidate|boost
|-unboost|p1a: Rotom|atk|1
|-unboost|p1b: Klefki|atk|1
|move|p1b: Klefki|Sandstorm|p1b: Klefki
|-weather|Sandstorm
|move|p2b: Sinistcha|Matcha Gotcha|p1b: Klefki|[spread] p1a,p1b
|-supereffective|p1a: Rotom|1
|-resisted|p1b: Klefki|1
|-damage|p1a: Rotom|31/100
|-damage|p1b: Klefki|85/100
|-status|p1b: Klefki|brn
|move|p1a: Rotom|Thunderbolt|p2a: Incineroar
|-damage|p2a: Incineroar|56/100
|
|-weather|Sandstorm|[upkeep]
|-damage|p2a: Incineroar|50/100g|[from] Sandstorm
|-damage|p2b: Sinistcha|93/100|[from] Sandstorm
|-damage|p1a: Rotom|25/100|[from] Sandstorm
|-damage|p1b: Klefki|79/100 brn|[from] brn
|upkeep
|turn|5
|
|t:|1782234882
|switch|p1b: Incineroar|Incineroar, L50, M|76/100
|-ability|p1b: Incineroar|Intimidate|boost
|-unboost|p2a: Incineroar|atk|1
|-unboost|p2b: Sinistcha|atk|1
|move|p1a: Rotom|Protect|p1a: Rotom
|-singleturn|p1a: Rotom|Protect
|move|p2a: Incineroar|Flare Blitz|p1b: Incineroar
|-resisted|p1b: Incineroar|1
|-damage|p1b: Incineroar|57/100
|-damage|p2a: Incineroar|45/100|[from] Recoil
|move|p2b: Sinistcha|Matcha Gotcha|p1a: Rotom|[spread] p1b
|-activate|p1a: Rotom|move: Protect
|-resisted|p1b: Incineroar|1
|-damage|p1b: Incineroar|46/100
|-heal|p2b: Sinistcha|100/100|[from] drain|[of] p1b: Incineroar
|
|-weather|Sandstorm|[upkeep]
|-damage|p1b: Incineroar|40/100|[from] Sandstorm
|-damage|p2a: Incineroar|39/100|[from] Sandstorm
|-damage|p2b: Sinistcha|93/100|[from] Sandstorm
|-damage|p1a: Rotom|19/100|[from] Sandstorm
|upkeep
|turn|6
|
|t:|1782234901
|switch|p1a: Klefki|Klefki, L50, M|79/100 brn
|move|p2a: Incineroar|Parting Shot|p1b: Incineroar
|-unboost|p1b: Incineroar|atk|1
|-unboost|p1b: Incineroar|spa|1
|
|t:|1782234913
|switch|p2a: Mawile|Mawile-Mega, L50, F|100/100|[from] Parting Shot
|move|p1b: Incineroar|Flare Blitz|p2b: Sinistcha
|-supereffective|p2b: Sinistcha|1
|-damage|p2b: Sinistcha|26/100
|-enditem|p2b: Sinistcha|Sitrus Berry|[eat]
|-heal|p2b: Sinistcha|51/100|[from] item: Sitrus Berry
|-damage|p1b: Incineroar|20/100y|[from] Recoil
|move|p2b: Sinistcha|Matcha Gotcha|p1b: Incineroar|[spread] p1b
|-miss|p2b: Sinistcha|p1a: Klefki
|-resisted|p1b: Incineroar|1
|-damage|p1b: Incineroar|9/100
|-heal|p2b: Sinistcha|57/100|[from] drain|[of] p1b: Incineroar
|
|-weather|Sandstorm|[upkeep]
|-damage|p1b: Incineroar|3/100|[from] Sandstorm
|-damage|p2b: Sinistcha|51/100|[from] Sandstorm
|-damage|p1a: Klefki|73/100 brn|[from] brn
|upkeep
|turn|7
|inactive|UbeYMatcha has 30 seconds left.
|inactive|noka47 has 30 seconds left.
|
|t:|1782234944
|move|p1a: Klefki|Magnet Rise|p1a: Klefki
|-start|p1a: Klefki|Magnet Rise
|move|p2a: Mawile|Iron Head|p1b: Incineroar
|-resisted|p1b: Incineroar|1
|-damage|p1b: Incineroar|0 fnt
|faint|p1b: Incineroar
|move|p2b: Sinistcha|Matcha Gotcha|p1a: Klefki
|-resisted|p1a: Klefki|1
|-damage|p1a: Klefki|54/100 brn
|-heal|p2b: Sinistcha|60/100|[from] drain|[of] p1a: Klefki
|
|-weather|Sandstorm|[upkeep]
|-damage|p2b: Sinistcha|53/100|[from] Sandstorm
|-damage|p1a: Klefki|48/100 brn|[from] brn
|-fieldend|move: Trick Room
|upkeep
|
|t:|1782234946
|switch|p1b: Mr. Cuddles|Garchomp, L50, F|100/100
|turn|8
|
|t:|1782234970
|switch|p2a: Incineroar|Incineroar, L50, F|39/100
|-ability|p2a: Incineroar|Intimidate|boost
|-unboost|p1a: Klefki|atk|1
|-unboost|p1b: Mr. Cuddles|atk|1
|detailschange|p1b: Mr. Cuddles|Garchomp-Mega, L50, F
|-mega|p1b: Mr. Cuddles|Garchomp|Garchompite
|move|p1b: Mr. Cuddles|Earthquake|p2b: Sinistcha|[spread] p2a,p2b
|-immune|p1a: Klefki
|-supereffective|p2a: Incineroar|1
|-resisted|p2b: Sinistcha|1
|-damage|p2a: Incineroar|0 fnt
|-damage|p2b: Sinistcha|37/100
|faint|p2a: Incineroar
|move|p1a: Klefki|Steel Beam|p2b: Sinistcha
|-damage|p2b: Sinistcha|0 fnt
|-damage|p1a: Klefki|0 fnt|[from] steelbeam
|faint|p1a: Klefki
|faint|p2b: Sinistcha
|
|-weather|none
|upkeep
|
|t:|1782234987
|switch|p1a: Rotom|Rotom-Wash, L50|19/100
|switch|p2b: Sneasler|Sneasler, L50, M|8/100
|switch|p2a: Mawile|Mawile-Mega, L50, F|100/100
|turn|9
|
|t:|1782235003
|move|p1a: Rotom|Protect|p1a: Rotom
|-singleturn|p1a: Rotom|Protect
|move|p2b: Sneasler|Fake Out|p1b: Mr. Cuddles
|-damage|p1b: Mr. Cuddles|87/100
|move|p2a: Mawile|Sucker Punch||[still]
|-fail|p2a: Mawile
|cant|p1b: Mr. Cuddles|flinch
|
|upkeep
|turn|10
|
|t:|1782235016
|move|p2b: Sneasler|Close Combat|p1a: Rotom
|-damage|p1a: Rotom|0 fnt
|-unboost|p2b: Sneasler|def|1
|-unboost|p2b: Sneasler|spd|1
|faint|p1a: Rotom
|-enditem|p2b: Sneasler|White Herb
|-clearnegativeboost|p2b: Sneasler|[silent]
|move|p1b: Mr. Cuddles|Earthquake|p2b: Sneasler|[spread] p2a,p2b
|-supereffective|p2a: Mawile|1
|-supereffective|p2b: Sneasler|1
|-damage|p2a: Mawile|28/100
|-damage|p2b: Sneasler|0 fnt
|faint|p2b: Sneasler
|move|p2a: Mawile|Play Rough|p1b: Mr. Cuddles
|-supereffective|p1b: Mr. Cuddles|1
|-damage|p1b: Mr. Cuddles|0 fnt
|faint|p1b: Mr. Cuddles
|
|win|noka47
||UbeYMatcha is ready for game 2.
||noka47 is ready for game 2.
|uhtml|next|Next: Game 2 of 3
|l|☆noka47
|player|p2|
|l|☆UbeYMatcha
|player|p1|
|j|☆noka47
|player|p2|noka47|101|
