|j|☆Kylliza
|j|☆Jadyeetus
|html|KyllizaJadyeetus    
|uhtml|bestof|Game 1 of a best-of-3
|t:|1782343316
|gametype|doubles
|player|p1|Kylliza|265|1136
|player|p2|Jadyeetus|linebacker|1165
|gen|9
|tier|[Gen 9 Champions] VGC 2026 Reg M-B (Bo3)
|rated|
|rule|Species Clause: Limit one of each Pokémon
|rule|Item Clause: Limit 1 of each item
|clearpoke
|poke|p1|Blaziken, L50, F|
|poke|p1|Whimsicott, L50, M|
|poke|p1|Incineroar, L50, M|
|poke|p1|Sylveon, L50, F|
|poke|p1|Basculegion, L50, M|
|poke|p1|Froslass, L50, F|
|poke|p2|Staraptor, L50, F|
|poke|p2|Excadrill, L50, M, shiny|
|poke|p2|Scizor, L50, F|
|poke|p2|Sceptile, L50, F, shiny|
|poke|p2|Whimsicott, L50, F|
|poke|p2|Palafin, L50, F|
|teampreview|4
|showteam|p1|Blaziken||Blazikenite|SpeedBoost|FlareBlitz,CloseCombat,RockSlide,Protect|Adamant||F|||50|]Whimsicott||FocusSash|Prankster|Moonblast,Tailwind,Encore,Protect|Timid||M|||50|]Incineroar||SitrusBerry|Intimidate|FakeOut,FlareBlitz,ThroatChop,PartingShot|Careful||M|||50|]Sylveon||FairyFeather|Pixilate|HyperVoice,HyperBeam,QuickAttack,Protect|Modest||F|||50|]Basculegion||ChoiceScarf|Adaptability|WaveCrash,LastRespects,AquaJet,FlipTurn|Jolly||M|||50|]Froslass||Froslassite|CursedBody|Blizzard,ShadowBall,AuroraVeil,Protect|Timid||F|||50|
|showteam|p2|Staraptor||Staraptite|Intimidate|CloseCombat,BraveBird,Protect,Roost|Jolly||F|||50|]Excadrill||ChoiceScarf|MoldBreaker|Earthquake,RockSlide,BrickBreak,IronHead|Jolly||M|||50|]Scizor||LumBerry|Technician|BulletPunch,DualWingbeat,Protect,SwordsDance|Adamant||F|||50|]Sceptile||Sceptilite|Overgrow|SolarBeam,GigaDrain,Protect,DragonPulse|Timid||F|||50|]Whimsicott||FocusSash|Prankster|Charm,Tailwind,Moonblast,SunnyDay|Bold||F|||50|]Palafin||MysticWater|ZerotoHero|FlipTurn,Protect,CloseCombat,JetPunch|Jolly||F|||50|
|inactive|Battle timer is ON: inactive players will automatically lose when time's up. (requested by Jadyeetus)
|inactive|Kylliza has 60 seconds left.
|inactive|Jadyeetus has 60 seconds left.
|inactive|Kylliza has 30 seconds left.
|
|t:|1782343384
|teamsize|p1|4
|teamsize|p2|4
|start
|switch|p1a: Froslass|Froslass, L50, F|100/100
|switch|p1b: Incineroar|Incineroar, L50, M|100/100
|switch|p2a: All might|Palafin, L50, F|100/100
|switch|p2b: Unhand me|Excadrill, L50, M, shiny|100/100
|-ability|p2b: Unhand me|Mold Breaker
|-ability|p1b: Incineroar|Intimidate|boost
|-unboost|p2a: All might|atk|1
|-unboost|p2b: Unhand me|atk|1
|turn|1
|
|t:|1782343404
|detailschange|p1a: Froslass|Froslass-Mega, L50, F
|-mega|p1a: Froslass|Froslass|Froslassite
|-weather|Snowscape|[from] ability: Snow Warning|[of] p1a: Froslass
|move|p1b: Incineroar|Fake Out|p2b: Unhand me
|-resisted|p2b: Unhand me|1
|-damage|p2b: Unhand me|93/100
|cant|p2b: Unhand me|flinch
|move|p1a: Froslass|Aurora Veil|p1a: Froslass
|-sidestart|p1: Kylliza|move: Aurora Veil
|move|p2a: All might|Flip Turn|p1b: Incineroar
|-supereffective|p1b: Incineroar|1
|-damage|p1b: Incineroar|82/100
|
|t:|1782343417
|detailschange|p2a: All might|Palafin-Hero, L50, F
|switch|p2a: Snip snip|Scizor, L50, F|100/100|[from] Flip Turn
|
|-weather|Snowscape|[upkeep]
|upkeep
|turn|2
|inactive|Kylliza has 30 seconds left.
|
|t:|1782343443
|move|p2a: Snip snip|Protect|p2a: Snip snip
|-singleturn|p2a: Snip snip|Protect
|move|p2b: Unhand me|Brick Break|p1b: Incineroar
|-sideend|p1: Kylliza|move: Aurora Veil
|-supereffective|p1b: Incineroar|1
|-damage|p1b: Incineroar|55/100
|move|p1a: Froslass|Blizzard|p2a: Snip snip|[spread] p2b
|-activate|p2a: Snip snip|move: Protect
|-damage|p2b: Unhand me|35/100
|move|p1b: Incineroar|Flare Blitz|p2a: Snip snip
|-activate|p2a: Snip snip|move: Protect
|
|-weather|Snowscape|[upkeep]
|upkeep
|turn|3
|
|t:|1782343462
|move|p2b: Unhand me|Brick Break|p1b: Incineroar
|-supereffective|p1b: Incineroar|1
|-damage|p1b: Incineroar|28/100
|-enditem|p1b: Incineroar|Sitrus Berry|[eat]
|-heal|p1b: Incineroar|53/100|[from] item: Sitrus Berry
|move|p1a: Froslass|Blizzard|p2b: Unhand me|[spread] p2a,p2b
|-resisted|p2a: Snip snip|1
|-damage|p2a: Snip snip|74/100
|-damage|p2b: Unhand me|0 fnt
|faint|p2b: Unhand me
|move|p2a: Snip snip|Dual Wingbeat|p1b: Incineroar
|-damage|p1b: Incineroar|34/100
|-damage|p1b: Incineroar|14/100
|-hitcount|p1b: Incineroar|2
|move|p1b: Incineroar|Flare Blitz|p2a: Snip snip
|-supereffective|p2a: Snip snip|2
|-damage|p2a: Snip snip|0 fnt
|faint|p2a: Snip snip
|-damage|p1b: Incineroar|0 fnt|[from] Recoil
|faint|p1b: Incineroar
|
|-weather|Snowscape|[upkeep]
|upkeep
|inactive|Jadyeetus has 30 seconds left.
|l|☆Jadyeetus
|inactive|Jadyeetus disconnected and has a minute to reconnect!
|player|p2|
|inactive|Jadyeetus has 20 seconds left.
|inactive|Jadyeetus has 15 seconds left.
|inactive|Jadyeetus has 10 seconds left.
|inactive|Jadyeetus has 5 seconds left.
|j|☆Jadyeetus
|inactive|Jadyeetus reconnected and has 5 seconds left.
|player|p2|Jadyeetus|linebacker|
|
|t:|1782343517
|switch|p2b: Mohawk|Staraptor, L50, F|100/100
|switch|p2a: All might|Palafin-Hero, L50, F|100/100
|switch|p1b: Basculegion|Basculegion, L50, M|100/100
|-ability|p2b: Mohawk|Intimidate|boost
|-unboost|p1a: Froslass|atk|1
|-unboost|p1b: Basculegion|atk|1
|-activate|p2a: All might|ability: Zero to Hero
|turn|4
|inactive|Kylliza has 30 seconds left.
|
|t:|1782343547
|detailschange|p2b: Mohawk|Staraptor-Mega, L50, F
|-mega|p2b: Mohawk|Staraptor|Staraptite
|move|p2a: All might|Jet Punch|p1a: Froslass
|-damage|p1a: Froslass|55/100
|move|p1b: Basculegion|Flip Turn|p2a: All might
|-resisted|p2a: All might|1
|-damage|p2a: All might|87/100
|
|t:|1782343554
|switch|p1b: Blaziken|Blaziken, L50, F|100/100|[from] Flip Turn
|move|p1a: Froslass|Aurora Veil|p1a: Froslass
|-sidestart|p1: Kylliza|move: Aurora Veil
|move|p2b: Mohawk|Brave Bird|p1a: Froslass
|-damage|p1a: Froslass|10/100
|-damage|p2b: Mohawk|85/100|[from] Recoil
|
|-weather|Snowscape|[upkeep]
|upkeep
|turn|5
|
|t:|1782343577
|switch|p1a: Basculegion|Basculegion, L50, M|100/100
|move|p1b: Blaziken|Protect|p1b: Blaziken
|-singleturn|p1b: Blaziken|Protect
|move|p2a: All might|Jet Punch|p1a: Basculegion
|-resisted|p1a: Basculegion|1
|-damage|p1a: Basculegion|82/100
|move|p2b: Mohawk|Close Combat|p1b: Blaziken
|-activate|p1b: Blaziken|move: Protect
|
|-weather|none
|-ability|p1b: Blaziken|Speed Boost|boost
|-boost|p1b: Blaziken|spe|1
|upkeep
|turn|6
|inactive|Kylliza has 30 seconds left.
|inactive|Jadyeetus has 30 seconds left.
|inactive|Kylliza has 20 seconds left.
|inactive|Kylliza has 15 seconds left.
|
|t:|1782343620
|move|p2a: All might|Jet Punch|p1b: Blaziken
|-supereffective|p1b: Blaziken|1
|-damage|p1b: Blaziken|15/100
|move|p1a: Basculegion|Wave Crash|p2b: Mohawk
|-damage|p2b: Mohawk|4/100
|-damage|p1a: Basculegion|60/100|[from] Recoil
|move|p1b: Blaziken|Flare Blitz|p2b: Mohawk
|-damage|p2b: Mohawk|0 fnt
|faint|p2b: Mohawk
|-damage|p1b: Blaziken|14/100|[from] Recoil
|
|-ability|p1b: Blaziken|Speed Boost|boost
|-boost|p1b: Blaziken|spe|1
|upkeep
|turn|7
|-message|Jadyeetus forfeited.
|
|win|Kylliza
