|j|☆Jakobtc
|j|☆anino23
|html|Jakobtcanino23    
|uhtml|bestof|Game 2 of a best-of-3
|t:|1756693516
|gametype|doubles
|player|p1|Jakobtc|riley|1179
|player|p2|anino23|1|1132
|gen|9
|tier|[Gen 9] VGC 2025 Reg H (Bo3)
|rated|
|rule|Species Clause: Limit one of each Pokémon
|rule|Item Clause: Limit 1 of each item
|clearpoke
|poke|p1|Gholdengo, L50|
|poke|p1|Incineroar, L50, F|
|poke|p1|Ursaluna, L50, F|
|poke|p1|Porygon2, L50|
|poke|p1|Kilowattrel, L50, F|
|poke|p1|Sneasler, L50, M|
|poke|p2|Kilowattrel, L50, M|
|poke|p2|Ursaluna, L50, F|
|poke|p2|Amoonguss, L50, F|
|poke|p2|Porygon2, L50|
|poke|p2|Incineroar, L50, M|
|poke|p2|Gholdengo, L50|
|teampreview|4
|showteam|p1|Gholdengo||LifeOrb|GoodasGold|MakeItRain,ShadowBall,NastyPlot,Protect||||||50|,,,,,Dragon]Incineroar||SafetyGoggles|Intimidate|FakeOut,FlareBlitz,KnockOff,PartingShot|||F|||50|,,,,,Bug]Ursaluna||FlameOrb|Guts|Facade,HeadlongRush,Earthquake,Protect|||F|||50|,,,,,Ghost]Porygon2||Eviolite|Download|TeraBlast,IceBeam,Recover,TrickRoom||||||50|,,,,,Flying]Kilowattrel||FocusSash|Competitive|AirSlash,Thunderbolt,Tailwind,Protect|||F|||50|,,,,,Ghost]Sneasler||WhiteHerb|Unburden|DireClaw,CloseCombat,Taunt,Protect|||M|||50|,,,,,Stellar
|showteam|p2|Kilowattrel||FocusSash|Competitive|Tailwind,Protect,AirSlash,Thunderbolt|||M|||50|,,,,,Electric]Ursaluna||FlameOrb|Guts|Facade,HeadlongRush,Earthquake,Protect|||F|||50|,,,,,Ghost]Amoonguss||SitrusBerry|Regenerator|RagePowder,Spore,ClearSmog,PollenPuff|||F|||50|,,,,,Water]Porygon2||Eviolite|Download|TrickRoom,IceBeam,Recover,TeraBlast||||||50|,,,,,Fairy]Incineroar||SafetyGoggles|Intimidate|FakeOut,PartingShot,FlareBlitz,KnockOff|||M|||50|,,,,,Grass]Gholdengo||ChoiceSpecs|GoodasGold|MakeItRain,ShadowBall,Trick,FocusBlast||||||50|,,,,,Dark
|inactive|Battle timer is ON: inactive players will automatically lose when time's up. (requested by Jakobtc)
|
|t:|1756693568
|teamsize|p1|4
|teamsize|p2|4
|start
|switch|p1a: Kilowattrel|Kilowattrel, L50, F|100/100
|switch|p1b: Sneasler|Sneasler, L50, M|100/100
|switch|p2a: Incineroar|Incineroar, L50, M|100/100
|switch|p2b: Gholdengo|Gholdengo, L50|100/100
|-ability|p2a: Incineroar|Intimidate|boost
|-unboost|p1a: Kilowattrel|atk|1
|-ability|p1a: Kilowattrel|Competitive|boost
|-boost|p1a: Kilowattrel|spa|2
|-unboost|p1b: Sneasler|atk|1
|-enditem|p1b: Sneasler|White Herb
|-clearnegativeboost|p1b: Sneasler|[silent]
|turn|1
|inactive|anino23 has 30 seconds left.
|
|t:|1756693599
|move|p1b: Sneasler|Protect|p1b: Sneasler
|-singleturn|p1b: Sneasler|Protect
|move|p1a: Kilowattrel|Protect|p1a: Kilowattrel
|-singleturn|p1a: Kilowattrel|Protect
|move|p2a: Incineroar|Fake Out|p1b: Sneasler
|-activate|p1b: Sneasler|move: Protect
|move|p2b: Gholdengo|Make It Rain|p1b: Sneasler|[spread] 
|-activate|p1a: Kilowattrel|move: Protect
|-activate|p1b: Sneasler|move: Protect
|
|upkeep
|turn|2
|inactive|anino23 has 30 seconds left.
|
|t:|1756693630
|switch|p2b: Ursaluna|Ursaluna, L50, F|100/100
|-terastallize|p2a: Incineroar|Grass
|move|p1b: Sneasler|Close Combat|p2a: Incineroar
|-damage|p2a: Incineroar|43/100
|-unboost|p1b: Sneasler|def|1
|-unboost|p1b: Sneasler|spd|1
|move|p1a: Kilowattrel|Thunderbolt|p2b: Ursaluna
|-immune|p2b: Ursaluna
|move|p2a: Incineroar|Parting Shot|p1b: Sneasler
|-unboost|p1b: Sneasler|atk|1
|-unboost|p1b: Sneasler|spa|1
|
|t:|1756693644
|switch|p2a: Kilowattrel|Kilowattrel, L50, M|100/100|[from] Parting Shot
|
|-status|p2b: Ursaluna|brn|[from] item: Flame Orb
|upkeep
|turn|3
|
|t:|1756693667
|move|p1b: Sneasler|Dire Claw|p2a: Kilowattrel
|-damage|p2a: Kilowattrel|53/100
|move|p1a: Kilowattrel|Air Slash|p2a: Kilowattrel
|-resisted|p2a: Kilowattrel
|-damage|p2a: Kilowattrel|0 fnt
|faint|p2a: Kilowattrel
|move|p2b: Ursaluna|Facade|p1a: Kilowattrel
|-enditem|p1a: Kilowattrel|Focus Sash
|-damage|p1a: Kilowattrel|1/100
|
|-damage|p2b: Ursaluna|94/100 brn|[from] brn
|upkeep
|
|t:|1756693681
|switch|p2a: Gholdengo|Gholdengo, L50|100/100
|turn|4
|
|t:|1756693699
|switch|p1b: Incineroar|Incineroar, L50, F|100/100
|-ability|p1b: Incineroar|Intimidate|boost
|-unboost|p2a: Gholdengo|atk|1
|-unboost|p2b: Ursaluna|atk|1
|move|p1a: Kilowattrel|Protect|p1a: Kilowattrel
|-singleturn|p1a: Kilowattrel|Protect
|move|p2a: Gholdengo|Make It Rain|p1a: Kilowattrel|[spread] p1b
|-activate|p1a: Kilowattrel|move: Protect
|-resisted|p1b: Incineroar
|-damage|p1b: Incineroar|73/100
|-unboost|p2a: Gholdengo|spa|1
|move|p2b: Ursaluna|Facade|p1b: Incineroar
|-damage|p1b: Incineroar|0 fnt
|faint|p1b: Incineroar
|
|-damage|p2b: Ursaluna|88/100 brn|[from] brn
|upkeep
|inactive|Jakobtc has 30 seconds left.
|
|t:|1756693725
|switch|p1b: Sneasler|Sneasler, L50, M|100/100
|turn|5
|inactive|anino23 has 30 seconds left.
|inactive|anino23 has 20 seconds left.
|
|t:|1756693764
|switch|p1b: Ursaluna|Ursaluna, L50, F|100/100
|switch|p2b: Incineroar|Incineroar, L50, M, tera:Grass|43/100
|-ability|p2b: Incineroar|Intimidate|boost
|-unboost|p1a: Kilowattrel|atk|1
|-ability|p1a: Kilowattrel|Competitive|boost
|-boost|p1a: Kilowattrel|spa|2
|-unboost|p1b: Ursaluna|atk|1
|move|p1a: Kilowattrel|Tailwind|p1a: Kilowattrel
|-sidestart|p1: Jakobtc|move: Tailwind
|move|p2a: Gholdengo|Make It Rain|p1a: Kilowattrel|[spread] p1a,p1b
|-resisted|p1a: Kilowattrel
|-damage|p1a: Kilowattrel|0 fnt
|-damage|p1b: Ursaluna|59/100
|-unboost|p2a: Gholdengo|spa|1
|faint|p1a: Kilowattrel
|
|-status|p1b: Ursaluna|brn|[from] item: Flame Orb
|upkeep
|
|t:|1756693780
|switch|p1a: Sneasler|Sneasler, L50, M|100/100
|turn|6
|inactive|anino23 has 30 seconds left.
|inactive|anino23 has 20 seconds left.
|inactive|anino23 has 15 seconds left.
|inactive|anino23 has 10 seconds left.
|
|t:|1756693830
|switch|p2a: Ursaluna|Ursaluna, L50, F|88/100 brn
|-terastallize|p1b: Ursaluna|Ghost
|move|p1a: Sneasler|Dire Claw|p2b: Incineroar
|-supereffective|p2b: Incineroar
|-damage|p2b: Incineroar|0 fnt
|faint|p2b: Incineroar
|move|p1b: Ursaluna|Headlong Rush|p2a: Ursaluna
|-damage|p2a: Ursaluna|35/100 brn
|-unboost|p1b: Ursaluna|def|1
|-unboost|p1b: Ursaluna|spd|1
|
|-damage|p1b: Ursaluna|53/100 brn|[from] brn
|-damage|p2a: Ursaluna|28/100 brn|[from] brn
|upkeep
|
|t:|1756693843
|switch|p2b: Gholdengo|Gholdengo, L50|100/100
|turn|7
|inactive|Jakobtc has 30 seconds left.
|inactive|anino23 has 30 seconds left.
|inactive|Jakobtc has 20 seconds left.
|
|t:|1756693881
|move|p1a: Sneasler|Protect|p1a: Sneasler
|-singleturn|p1a: Sneasler|Protect
|move|p1b: Ursaluna|Protect|p1b: Ursaluna
|-singleturn|p1b: Ursaluna|Protect
|move|p2b: Gholdengo|Make It Rain|p1a: Sneasler|[spread] 
|-activate|p1a: Sneasler|move: Protect
|-activate|p1b: Ursaluna|move: Protect
|move|p2a: Ursaluna|Earthquake|p1a: Sneasler|[spread] p2b
|-activate|p1a: Sneasler|move: Protect
|-activate|p1b: Ursaluna|move: Protect
|-supereffective|p2b: Gholdengo
|-damage|p2b: Gholdengo|0 fnt
|faint|p2b: Gholdengo
|
|-damage|p1b: Ursaluna|47/100 brn|[from] brn
|-damage|p2a: Ursaluna|22/100 brn|[from] brn
|upkeep
|turn|8
|inactive|anino23 has 30 seconds left.
|-message|anino23 forfeited.
|
|win|Jakobtc
|raw|Jakobtc's rating: 1179 → 1201(+22 for winning)
|raw|anino23's rating: 1132 → 1110(-22 for losing)
|l|☆anino23
|player|p2|
|c|☆Jakobtc|gg
