|j|☆AN555GEL
|j|☆SongokuVG Fr
|html|AN555GELSongokuVG Fr    
|uhtml|bestof|Game 2 of a best-of-3
|t:|1756290269
|gametype|doubles
|player|p1|AN555GEL|169|1139
|player|p2|SongokuVG Fr|lucian|1237
|gen|9
|tier|[Gen 9] VGC 2025 Reg H (Bo3)
|rated|
|rule|Species Clause: Limit one of each Pokémon
|rule|Item Clause: Limit 1 of each item
|clearpoke
|poke|p1|Archaludon, L50, F|
|poke|p1|Basculegion, L50, M|
|poke|p1|Pelipper, L50, M|
|poke|p1|Incineroar, L50, F|
|poke|p1|Clefable, L50, F|
|poke|p1|Gholdengo, L50|
|poke|p2|Electabuzz, L50, M|
|poke|p2|Ninetales-Alola, L50, F|
|poke|p2|Rillaboom, L50, M|
|poke|p2|Volcarona, L50, F|
|poke|p2|Ursaluna-Bloodmoon, L50, M|
|poke|p2|Kingambit, L50, M|
|teampreview|4
|showteam|p1|Archaludon||AssaultVest|Stamina|ElectroShot,BodyPress,DragonPulse,Snarl|||F|||50|,,,,,Grass]Basculegion||ChoiceBand|SwiftSwim|AquaJet,WaveCrash,FlipTurn,LastRespects|||M|||50|,,,,,Water]Pelipper||FocusSash|Drizzle|WeatherBall,Hurricane,Tailwind,Protect|||M|||50|,,,,,Ghost]Incineroar||SitrusBerry|Intimidate|FakeOut,KnockOff,Taunt,PartingShot|||F|||50|,,,,,Ghost]Clefable||SafetyGoggles|Unaware|Moonblast,FollowMe,Protect,LifeDew|||F|||50|,,,,,Water]Gholdengo||LifeOrb|GoodasGold|MakeItRain,NastyPlot,ShadowBall,Protect||||||50|,,,,,Water
|showteam|p2|Electabuzz||Eviolite|VitalSpirit|FollowMe,Electroweb,Protect,Taunt|||M|||50|,,,,,Ghost]Ninetales-Alola||LightClay|SnowWarning|Blizzard,FreezeDry,Protect,AuroraVeil|||F|||50|,,,,,Ghost]Rillaboom||AssaultVest|GrassySurge|FakeOut,WoodHammer,GrassyGlide,HighHorsepower|||M|||50|,,,,,Fire]Volcarona||CovertCloak|FlameBody|QuiverDance,Protect,TeraBlast,FieryDance|||F|||50|,,,,,Fairy]Ursaluna-Bloodmoon||LifeOrb|MindsEye|EarthPower,Protect,HyperVoice,BloodMoon|||M|||50|,,,,,Normal]Kingambit||SafetyGoggles|Defiant|KowtowCleave,Protect,SwordsDance,SuckerPunch|||M|||50|,,,,,Flying
|
|t:|1756290295
|teamsize|p1|4
|teamsize|p2|4
|start
|switch|p1a: Clefable|Clefable, L50, F|100/100
|switch|p1b: Archaludon|Archaludon, L50, F|100/100
|switch|p2a: Electabuzz|Electabuzz, L50, M|100/100
|switch|p2b: Volcarona|Volcarona, L50, F|100/100
|turn|1
|
|t:|1756290314
|switch|p1a: Basculegion|Basculegion, L50, M|100/100
|move|p2a: Electabuzz|Taunt|p1a: Basculegion
|-start|p1a: Basculegion|move: Taunt
|move|p2b: Volcarona|Quiver Dance|p2b: Volcarona
|-boost|p2b: Volcarona|spa|1
|-boost|p2b: Volcarona|spd|1
|-boost|p2b: Volcarona|spe|1
|move|p1b: Archaludon|Snarl|p2a: Electabuzz|[spread] p2a,p2b
|-damage|p2a: Electabuzz|91/100
|-damage|p2b: Volcarona|92/100
|-unboost|p2a: Electabuzz|spa|1
|
|upkeep
|turn|2
|inactive|Battle timer is ON: inactive players will automatically lose when time's up. (requested by SongokuVG Fr)
|
|t:|1756290347
|switch|p1b: Pelipper|Pelipper, L50, M, shiny|100/100
|-weather|RainDance|[from] ability: Drizzle|[of] p1b: Pelipper
|-terastallize|p1a: Basculegion|Water
|move|p2b: Volcarona|Protect|p2b: Volcarona
|-singleturn|p2b: Volcarona|Protect
|move|p1a: Basculegion|Wave Crash|p2a: Electabuzz
|-damage|p2a: Electabuzz|0 fnt
|faint|p2a: Electabuzz
|-damage|p1a: Basculegion|75/100|[from] Recoil
|
|-weather|RainDance|[upkeep]
|upkeep
|
|t:|1756290361
|switch|p2a: Ninetales|Ninetales-Alola, L50, F|100/100
|-weather|Snowscape|[from] ability: Snow Warning|[of] p2a: Ninetales
|turn|3
|
|t:|1756290377
|switch|p1a: Archaludon|Archaludon, L50, F|100/100
|move|p2b: Volcarona|Fiery Dance|p1b: Pelipper
|-resisted|p1b: Pelipper
|-damage|p1b: Pelipper|50/100
|-boost|p2b: Volcarona|spa|1
|move|p2a: Ninetales|Freeze-Dry|p1b: Pelipper
|-supereffective|p1b: Pelipper
|-damage|p1b: Pelipper|0 fnt
|faint|p1b: Pelipper
|
|-weather|Snowscape|[upkeep]
|upkeep
|
|t:|1756290392
|switch|p1b: Clefable|Clefable, L50, F|100/100
|turn|4
|
|t:|1756290403
|switch|p1a: Basculegion|Basculegion, L50, M, tera:Water|75/100
|move|p2b: Volcarona|Fiery Dance|p1a: Basculegion
|-resisted|p1a: Basculegion
|-damage|p1a: Basculegion|35/100
|move|p2a: Ninetales|Aurora Veil|p2a: Ninetales
|-sidestart|p2: SongokuVG Fr|move: Aurora Veil
|move|p1b: Clefable|Life Dew||[still]|[spread] p1a,p1b
|-heal|p1a: Basculegion|60/100
|-fail|p1b: Clefable|heal
|
|-weather|Snowscape|[upkeep]
|upkeep
|turn|5
|
|t:|1756290415
|move|p1b: Clefable|Follow Me|p1b: Clefable
|-singleturn|p1b: Clefable|move: Follow Me
|move|p2b: Volcarona|Fiery Dance|p1b: Clefable
|-damage|p1b: Clefable|67/100
|-boost|p2b: Volcarona|spa|1
|move|p2a: Ninetales|Blizzard|p1b: Clefable|[spread] p1a,p1b
|-resisted|p1a: Basculegion
|-damage|p1a: Basculegion|47/100
|-damage|p1b: Clefable|42/100
|-status|p1b: Clefable|frz
|move|p1a: Basculegion|Wave Crash|p2b: Volcarona
|-supereffective|p2b: Volcarona
|-damage|p2b: Volcarona|0 fnt
|faint|p2b: Volcarona
|-damage|p1a: Basculegion|19/100|[from] Recoil
|
|-weather|Snowscape|[upkeep]
|upkeep
|
|t:|1756290432
|switch|p2b: Ursaluna|Ursaluna-Bloodmoon, L50, M|100/100
|turn|6
|
|t:|1756290436
|switch|p1a: Archaludon|Archaludon, L50, F|100/100
|-terastallize|p2b: Ursaluna|Normal
|move|p2a: Ninetales|Blizzard|p1a: Archaludon|[spread] p1a,p1b
|-damage|p1a: Archaludon|81/100
|-damage|p1b: Clefable|16/100 frz
|-ability|p1a: Archaludon|Stamina|boost
|-boost|p1a: Archaludon|def|1
|move|p2b: Ursaluna|Hyper Voice|p1a: Archaludon|[spread] p1a,p1b
|-resisted|p1a: Archaludon
|-damage|p1a: Archaludon|55/100
|-damage|p1b: Clefable|0 fnt
|-ability|p1a: Archaludon|Stamina|boost
|-boost|p1a: Archaludon|def|1
|faint|p1b: Clefable
|-damage|p2b: Ursaluna|91/100|[from] item: Life Orb
|
|-weather|Snowscape|[upkeep]
|upkeep
|
|t:|1756290444
|switch|p1b: Basculegion|Basculegion, L50, M, tera:Water|19/100
|turn|7
|
|t:|1756290455
|move|p1b: Basculegion|Aqua Jet|p2b: Ursaluna
|-damage|p2b: Ursaluna|68/100
|move|p2a: Ninetales|Freeze-Dry|p1b: Basculegion
|-supereffective|p1b: Basculegion
|-damage|p1b: Basculegion|0 fnt
|faint|p1b: Basculegion
|move|p1a: Archaludon|Body Press|p2b: Ursaluna
|-supereffective|p2b: Ursaluna
|-damage|p2b: Ursaluna|14/100
|move|p2b: Ursaluna|Earth Power|p1a: Archaludon
|-supereffective|p1a: Archaludon
|-damage|p1a: Archaludon|0 fnt
|faint|p1a: Archaludon
|-damage|p2b: Ursaluna|4/100|[from] item: Life Orb
|
|win|SongokuVG Fr
||AN555GEL is ready for game 3.
