|j|☆tryson69
|j|‽Sawadaburner
|html|tryson69Sawadaburner    
|uhtml|bestof|Game 2 of a best-of-3
|t:|1756729234
|gametype|doubles
|player|p1|tryson69|crasherwake|1226
|player|p2|Sawadaburner|266|1212
|gen|9
|tier|[Gen 9] VGC 2025 Reg H (Bo3)
|rated|
|rule|Species Clause: Limit one of each Pokémon
|rule|Item Clause: Limit 1 of each item
|clearpoke
|poke|p1|Typhlosion-Hisui, L50, F|
|poke|p1|Rillaboom, L50, M|
|poke|p1|Primarina, L50, F|
|poke|p1|Archaludon, L50, F|
|poke|p1|Whimsicott, L50, M|
|poke|p1|Pelipper, L50, F|
|poke|p2|Porygon2, L50|
|poke|p2|Incineroar, L50, M|
|poke|p2|Ursaluna, L50, F|
|poke|p2|Jumpluff, L50, M|
|poke|p2|Charizard, L50, M|
|poke|p2|Torkoal, L50, F|
|teampreview|4
|showteam|p1|Typhlosion-Hisui||ChoiceScarf|Blaze|Eruption,HeatWave,Overheat,ShadowBall|||F|||50|,,,,,Fire]Rillaboom||AssaultVest|GrassySurge|WoodHammer,GrassyGlide,HighHorsepower,FakeOut|||M|||50|,,,,,Fire]Primarina||ThroatSpray|LiquidVoice|HyperVoice,Moonblast,Haze,Protect|||F|||50|,,,,,Poison]Archaludon||Leftovers|Stamina|ElectroShot,BodyPress,Protect,DracoMeteor|||F|||50|,,,,,Grass]Whimsicott||CovertCloak|Prankster|Tailwind,Taunt,Moonblast,SunnyDay|||M|||50|,,,,,Water]Pelipper||FocusSash|Drizzle|WeatherBall,Hurricane,WideGuard,Protect|||F|||50|,,,,,Steel
|showteam|p2|Porygon2||Eviolite|Download|TeraBlast,IceBeam,TrickRoom,Recover||||||50|,,,,,Fighting]Incineroar||SitrusBerry|Intimidate|FakeOut,KnockOff,FlareBlitz,PartingShot|||M|||50|,,,,,Ghost]Ursaluna||FlameOrb|Guts|HeadlongRush,Facade,Earthquake,Protect|||F|||50|,,,,,Ghost]Jumpluff||CovertCloak|Chlorophyll|RagePowder,SunnyDay,Tailwind,SleepPowder|||M|||50|,,,,,Water]Charizard||ChoiceSpecs|SolarPower|HeatWave,Overheat,WeatherBall,AirSlash|||M|||50|,,,,,Ghost]Torkoal||EjectPack|Drought|Overheat,Eruption,HelpingHand,Protect|||F|||50|,,,,,Fire
|
|t:|1756729257
|teamsize|p1|4
|teamsize|p2|4
|start
|switch|p1a: Typhlosion|Typhlosion-Hisui, L50, F|100/100
|switch|p1b: Rillaboom|Rillaboom, L50, M|100/100
|switch|p2a: Jumpluff|Jumpluff, L50, M|100/100
|switch|p2b: Charizard|Charizard, L50, M|100/100
|-fieldstart|move: Grassy Terrain|[from] ability: Grassy Surge|[of] p1b: Rillaboom
|turn|1
|
|t:|1756729299
|-terastallize|p1a: Typhlosion|Fire
|-terastallize|p2a: Jumpluff|Water
|move|p1b: Rillaboom|Fake Out|p2b: Charizard
|-damage|p2b: Charizard|80/100
|move|p1a: Typhlosion|Eruption|p2b: Charizard|[spread] p2a,p2b
|-resisted|p2a: Jumpluff
|-resisted|p2b: Charizard
|-damage|p2a: Jumpluff|58/100
|-damage|p2b: Charizard|28/100
|move|p2a: Jumpluff|Tailwind|p2a: Jumpluff
|-sidestart|p2: Sawadaburner|move: Tailwind
|cant|p2b: Charizard|flinch
|
|-heal|p2a: Jumpluff|64/100|[from] Grassy Terrain
|upkeep
|turn|2
|
|t:|1756729325
|switch|p2a: Porygon2|Porygon2, L50|100/100
|-ability|p2a: Porygon2|Download|boost
|-boost|p2a: Porygon2|spa|1
|switch|p1a: Pelipper|Pelipper, L50, F|100/100
|-weather|RainDance|[from] ability: Drizzle|[of] p1a: Pelipper
|move|p1b: Rillaboom|Grassy Glide|p2a: Porygon2
|-damage|p2a: Porygon2|77/100
|move|p2b: Charizard|Air Slash|p1a: Pelipper
|-damage|p1a: Pelipper|13/100
|
|-weather|RainDance|[upkeep]
|-heal|p2a: Porygon2|83/100|[from] Grassy Terrain
|upkeep
|turn|3
|
|t:|1756729355
|move|p1a: Pelipper|Protect|p1a: Pelipper
|-singleturn|p1a: Pelipper|Protect
|move|p2b: Charizard|Air Slash|p1a: Pelipper
|-activate|p1a: Pelipper|move: Protect
|move|p2a: Porygon2|Ice Beam|p1b: Rillaboom
|-supereffective|p1b: Rillaboom
|-crit|p1b: Rillaboom
|-damage|p1b: Rillaboom|13/100
|move|p1b: Rillaboom|Wood Hammer|p2b: Charizard
|-resisted|p2b: Charizard
|-damage|p2b: Charizard|1/100
|-damage|p1b: Rillaboom|6/100|[from] Recoil
|
|-weather|RainDance|[upkeep]
|-heal|p2a: Porygon2|89/100|[from] Grassy Terrain
|-heal|p1b: Rillaboom|12/100|[from] Grassy Terrain
|upkeep
|turn|4
|
|t:|1756729369
|switch|p2b: Jumpluff|Jumpluff, L50, M, tera:Water|64/100
|move|p1b: Rillaboom|Grassy Glide|p2b: Jumpluff
|-supereffective|p2b: Jumpluff
|-damage|p2b: Jumpluff|0 fnt
|faint|p2b: Jumpluff
|move|p2a: Porygon2|Ice Beam|p1a: Pelipper
|-damage|p1a: Pelipper|0 fnt
|faint|p1a: Pelipper
|
|-weather|RainDance|[upkeep]
|-heal|p2a: Porygon2|95/100|[from] Grassy Terrain
|-heal|p1b: Rillaboom|18/100|[from] Grassy Terrain
|-sideend|p2: Sawadaburner|move: Tailwind
|upkeep
|
|t:|1756729378
|switch|p2b: Charizard|Charizard, L50, M|1/100
|switch|p1a: Primarina|Primarina, L50, F|100/100
|turn|5
|
|t:|1756729386
|move|p2b: Charizard|Air Slash|p1a: Primarina
|-damage|p1a: Primarina|53/100
|move|p1b: Rillaboom|Wood Hammer|p2a: Porygon2
|-damage|p2a: Porygon2|48/100
|-damage|p1b: Rillaboom|3/100|[from] Recoil
|move|p1a: Primarina|Hyper Voice|p2a: Porygon2|[spread] p2a,p2b
|-supereffective|p2b: Charizard
|-damage|p2a: Porygon2|15/100
|-damage|p2b: Charizard|0 fnt
|faint|p2b: Charizard
|-enditem|p1a: Primarina|Throat Spray
|-boost|p1a: Primarina|spa|1|[from] item: Throat Spray
|move|p2a: Porygon2|Trick Room|p2a: Porygon2
|-fieldstart|move: Trick Room|[of] p2a: Porygon2
|
|-weather|RainDance|[upkeep]
|-heal|p2a: Porygon2|21/100|[from] Grassy Terrain
|-heal|p1a: Primarina|59/100|[from] Grassy Terrain
|-heal|p1b: Rillaboom|9/100|[from] Grassy Terrain
|-fieldend|move: Grassy Terrain
|upkeep
|
|t:|1756729390
|switch|p2b: Ursaluna|Ursaluna, L50, F|100/100
|turn|6
|
|t:|1756729411
|switch|p1b: Typhlosion|Typhlosion-Hisui, L50, F, tera:Fire|100/100
|move|p1a: Primarina|Protect|p1a: Primarina
|-singleturn|p1a: Primarina|Protect
|move|p2a: Porygon2|Recover|p2a: Porygon2
|-heal|p2a: Porygon2|71/100
|move|p2b: Ursaluna|Headlong Rush|p1a: Primarina
|-activate|p1a: Primarina|move: Protect
|
|-weather|none
|-status|p2b: Ursaluna|brn|[from] item: Flame Orb
|upkeep
|turn|7
|
|t:|1756729429
|switch|p1a: Rillaboom|Rillaboom, L50, M|9/100
|-fieldstart|move: Grassy Terrain|[from] ability: Grassy Surge|[of] p1a: Rillaboom
|move|p2a: Porygon2|Tera Blast|p1b: Typhlosion
|-damage|p1b: Typhlosion|28/100
|move|p2b: Ursaluna|Facade|p1a: Rillaboom
|-damage|p1a: Rillaboom|0 fnt
|faint|p1a: Rillaboom
|move|p1b: Typhlosion|Heat Wave|p2b: Ursaluna|[spread] p2a,p2b
|-damage|p2a: Porygon2|23/100
|-damage|p2b: Ursaluna|29/100 brn
|
|-heal|p2a: Porygon2|29/100|[from] Grassy Terrain
|-heal|p2b: Ursaluna|35/100 brn|[from] Grassy Terrain
|-heal|p1b: Typhlosion|34/100|[from] Grassy Terrain
|-damage|p2b: Ursaluna|29/100 brn|[from] brn
|upkeep
|
|t:|1756729443
|switch|p1a: Primarina|Primarina, L50, F|59/100
|turn|8
|
|t:|1756729454
|move|p2a: Porygon2|Tera Blast|p1b: Typhlosion
|-damage|p1b: Typhlosion|0 fnt
|faint|p1b: Typhlosion
|move|p2b: Ursaluna|Facade|p1a: Primarina
|-damage|p1a: Primarina|0 fnt
|faint|p1a: Primarina
|
|win|Sawadaburner
|raw|tryson69's rating: 1226 → 1200(-26 for losing)
|raw|Sawadaburner's rating: 1212 → 1238(+26 for winning)
|l|☆tryson69
|player|p1|
|j|☆tryson69
|player|p1|tryson69|crasherwake|
