|j|☆Pelosis
|j|☆B33 R33tt4
|html|PelosisB33 R33tt4    
|uhtml|bestof|Game 3 of a best-of-3
|t:|1784125712
|gametype|doubles
|player|p1|Pelosis|101|1087
|player|p2|B33 R33tt4|266|1131
|gen|9
|tier|[Gen 9 Champions] VGC 2026 Reg M-B (Bo3)
|rated|
|rule|Species Clause: Limit one of each Pokémon
|rule|Item Clause: Limit 1 of each item
|clearpoke
|poke|p1|Mawile, L50, M|
|poke|p1|Farigiraf, L50, F|
|poke|p1|Incineroar, L50, F|
|poke|p1|Torkoal, L50, F|
|poke|p1|Venusaur, L50, M|
|poke|p1|Scrafty, L50, M|
|poke|p2|Blaziken, L50, M|
|poke|p2|Whimsicott, L50, M|
|poke|p2|Kingambit, L50, F|
|poke|p2|Basculegion, L50, M|
|poke|p2|Sylveon, L50, F|
|poke|p2|Raichu, L50, F|
|teampreview|4
|showteam|p1|Mawile||Mawilite|HyperCutter|Protect,PlayRough,SwordsDance,SuckerPunch|Brave||M|||50|]Farigiraf||SitrusBerry|ArmorTail|TrickRoom,TwinBeam,Thunderbolt,HelpingHand|Quiet||F|||50|]Incineroar||WhiteHerb|Intimidate|FakeOut,CloseCombat,FlareBlitz,ThroatChop|Brave||F|||50|]Torkoal||Charcoal|Drought|Protect,Eruption,HeatWave,WeatherBall|Quiet||F|||50|]Venusaur||FocusSash|Chlorophyll|SleepPowder,EarthPower,EnergyBall,SludgeBomb|Modest||M|||50|]Scrafty||Scraftinite|Intimidate|FakeOut,CloseCombat,KnockOff,IcePunch|Brave||M|||50|
|showteam|p2|Blaziken||Blazikenite|SpeedBoost|FlareBlitz,CloseCombat,Protect,RockSlide|Adamant||M|||50|]Whimsicott||FocusSash|Prankster|Moonblast,Tailwind,Encore,Protect|Timid||M|||50|]Kingambit||LifeOrb|Defiant|KowtowCleave,Protect,IronHead,SuckerPunch|Adamant||F|||50|]Basculegion||ChoiceScarf|Adaptability|WaveCrash,FlipTurn,LastRespects,AquaJet|Jolly||M|||50|]Sylveon||FairyFeather|Pixilate|HyperVoice,Moonblast,HelpingHand,Protect|Modest||F|||50|]Raichu||RaichuniteY|LightningRod|ZapCannon,FocusBlast,GrassKnot,Protect|Timid||F|||50|
|inactive|Battle timer is ON: inactive players will automatically lose when time's up. (requested by B33 R33tt4)
|inactive|Pelosis has 60 seconds left.
|
|t:|1784125779
|teamsize|p1|4
|teamsize|p2|4
|start
|switch|p1a: Farigiraf|Farigiraf, L50, F|100/100
|switch|p1b: Venusaur|Venusaur, L50, M|100/100
|switch|p2a: Blaziken|Blaziken, L50, M|100/100
|switch|p2b: Kingambit|Kingambit, L50, F|100/100
|turn|1
|inactive|Pelosis has 30 seconds left.
|inactive|B33 R33tt4 has 30 seconds left.
|inactive|B33 R33tt4 has 20 seconds left.
|
|t:|1784125816
|switch|p1a: Torkoal|Torkoal, L50, F|100/100
|-weather|SunnyDay|[from] ability: Drought|[of] p1a: Torkoal
|detailschange|p2a: Blaziken|Blaziken-Mega, L50, M
|-mega|p2a: Blaziken|Blaziken|Blazikenite
|move|p1b: Venusaur|Sleep Powder|p2b: Kingambit
|-status|p2b: Kingambit|slp|[from] move: Sleep Powder
|move|p2a: Blaziken|Flare Blitz|p1b: Venusaur
|-supereffective|p1b: Venusaur|1
|-enditem|p1b: Venusaur|Focus Sash
|-damage|p1b: Venusaur|1/100
|-damage|p2a: Blaziken|67/100|[from] Recoil
|cant|p2b: Kingambit|slp
|
|-weather|SunnyDay|[upkeep]
|-ability|p2a: Blaziken|Speed Boost|boost
|-boost|p2a: Blaziken|spe|1
|upkeep
|turn|2
|inactive|Pelosis has 30 seconds left.
|
|t:|1784125849
|switch|p2b: Whimsicott|Whimsicott, L50, M|100/100
|move|p2a: Blaziken|Protect|p2a: Blaziken
|-singleturn|p2a: Blaziken|Protect
|move|p1b: Venusaur|Sleep Powder|p2a: Blaziken
|-activate|p2a: Blaziken|move: Protect
|move|p1a: Torkoal|Weather Ball|p2b: Whimsicott
|-supereffective|p2b: Whimsicott|1
|-enditem|p2b: Whimsicott|Focus Sash
|-damage|p2b: Whimsicott|1/100
|
|-weather|SunnyDay|[upkeep]
|-ability|p2a: Blaziken|Speed Boost|boost
|-boost|p2a: Blaziken|spe|1
|upkeep
|turn|3
|inactive|Pelosis has 30 seconds left.
|
|t:|1784125880
|move|p2a: Blaziken|Rock Slide|p1a: Torkoal|[spread] p1a,p1b
|-supereffective|p1a: Torkoal|1
|-damage|p1a: Torkoal|61/100
|-damage|p1b: Venusaur|0 fnt
|faint|p1b: Venusaur
|move|p2b: Whimsicott|Moonblast|p1a: Torkoal
|-resisted|p1a: Torkoal|1
|-damage|p1a: Torkoal|38/100
|move|p1a: Torkoal|Eruption|p2a: Blaziken|[spread] p2a,p2b
|-resisted|p2a: Blaziken|1
|-supereffective|p2b: Whimsicott|1
|-damage|p2a: Blaziken|46/100
|-damage|p2b: Whimsicott|0 fnt
|faint|p2b: Whimsicott
|
|-weather|SunnyDay|[upkeep]
|-ability|p2a: Blaziken|Speed Boost|boost
|-boost|p2a: Blaziken|spe|1
|upkeep
|inactive|Pelosis has 30 seconds left.
|
|t:|1784125910
|switch|p2b: Sylveon|Sylveon, L50, F|100/100
|switch|p1b: Mawile|Mawile, L50, M|100/100
|turn|4
|
|t:|1784125935
|detailschange|p1b: Mawile|Mawile-Mega, L50, M
|-mega|p1b: Mawile|Mawile|Mawilite
|move|p2a: Blaziken|Rock Slide|p1b: Mawile|[spread] p1a,p1b
|-supereffective|p1a: Torkoal|1
|-resisted|p1b: Mawile|1
|-damage|p1a: Torkoal|0 fnt
|-damage|p1b: Mawile|88/100
|faint|p1a: Torkoal
|move|p2b: Sylveon|Hyper Voice|p1b: Mawile
|-resisted|p1b: Mawile|1
|-damage|p1b: Mawile|52/100
|cant|p1b: Mawile|flinch
|
|-weather|SunnyDay|[upkeep]
|-ability|p2a: Blaziken|Speed Boost|boost
|-boost|p2a: Blaziken|spe|1
|upkeep
|
|t:|1784125947
|switch|p1a: Farigiraf|Farigiraf, L50, F|100/100
|turn|5
|
|t:|1784125961
|move|p2b: Sylveon|Helping Hand|p2a: Blaziken
|-singleturn|p2a: Blaziken|Helping Hand|[of] p2b: Sylveon
|move|p1b: Mawile|Protect|p1b: Mawile
|-singleturn|p1b: Mawile|Protect
|move|p2a: Blaziken|Flare Blitz|p1a: Farigiraf
|-crit|p1a: Farigiraf
|-damage|p1a: Farigiraf|0 fnt
|faint|p1a: Farigiraf
|-damage|p2a: Blaziken|0 fnt|[from] Recoil
|faint|p2a: Blaziken
|
|-weather|none
|upkeep
|
|t:|1784125968
|switch|p2a: Kingambit|Kingambit, L50, F|100/100 slp
|turn|6
|
|t:|1784125977
|move|p2b: Sylveon|Protect|p2b: Sylveon
|-singleturn|p2b: Sylveon|Protect
|cant|p2a: Kingambit|slp
|move|p1b: Mawile|Play Rough|p2b: Sylveon
|-activate|p2b: Sylveon|move: Protect
|
|upkeep
|turn|7
|
|t:|1784125986
|move|p2b: Sylveon|Helping Hand|p2a: Kingambit
|-singleturn|p2a: Kingambit|Helping Hand|[of] p2b: Sylveon
|-curestatus|p2a: Kingambit|slp|[msg]
|move|p2a: Kingambit|Iron Head|p1b: Mawile
|-damage|p1b: Mawile|0 fnt
|faint|p1b: Mawile
|-damage|p2a: Kingambit|90/100|[from] item: Life Orb
|
|win|B33 R33tt4
|raw|Pelosis's rating: 1087 → 1067(-20 for losing)
|raw|B33 R33tt4's rating: 1131 → 1153(+22 for winning)
|c|☆Pelosis|ggs
