|j|☆Seteresu
|j|☆Freedom Nachos
|html|SeteresuFreedom Nachos    
|uhtml|bestof|Game 2 of a best-of-3
|t:|1783315882
|gametype|doubles
|player|p1|Seteresu|nate|1096
|player|p2|Freedom Nachos|giacomo|1087
|gen|9
|tier|[Gen 9 Champions] VGC 2026 Reg M-B (Bo3)
|rated|
|rule|Species Clause: Limit one of each Pokémon
|rule|Item Clause: Limit 1 of each item
|clearpoke
|poke|p1|Staraptor, L50, F|
|poke|p1|Talonflame, L50, M|
|poke|p1|Swampert, L50, M|
|poke|p1|Archaludon, L50, M|
|poke|p1|Farigiraf, L50, M|
|poke|p1|Sableye, L50, F|
|poke|p2|Mawile, L50, F, shiny|
|poke|p2|Incineroar, L50, M|
|poke|p2|Pelipper, L50, M|
|poke|p2|Sinistcha, L50|
|poke|p2|Garchomp, L50, M|
|poke|p2|Gengar, L50, F|
|teampreview|4
|showteam|p1|Staraptor||Staraptite|Intimidate|CloseCombat,BraveBird,Roost,Protect|Jolly||F|||50|]Talonflame||FocusSash|GaleWings|Tailwind,FeatherDance,QuickGuard,FlareBlitz|Adamant||M|||50|]Swampert||Swampertite|Torrent|WaveCrash,Earthquake,WideGuard,Protect|Adamant||M|||50|]Archaludon||Leftovers|Stamina|FlashCannon,ElectroShot,Protect,DragonPulse|Serious||M|||50|]Farigiraf||SitrusBerry|ArmorTail|PsychicNoise,HelpingHand,TrickRoom,Protect|Sassy||M|||50|]Sableye||MentalHerb|Prankster|RainDance,Quash,Encore,LightScreen|Calm||F|||50|
|showteam|p2|Mawile||Mawilite|HyperCutter|IronHead,PlayRough,SuckerPunch,Protect|Brave||F|||50|]Incineroar||PasshoBerry|Intimidate|ThroatChop,FakeOut,PartingShot,Protect|Sassy||M|||50|]Pelipper||FocusSash|Drizzle|WeatherBall,Hurricane,WideGuard,Protect|Modest||M|||50|]Sinistcha||SitrusBerry|Hospitality|MatchaGotcha,RagePowder,TrickRoom,Protect|Calm|||||50|]Garchomp||LifeOrb|RoughSkin|DragonClaw,StompingTantrum,RockSlide,Protect|Adamant||M|||50|]Gengar||Gengarite|CursedBody|ShadowBall,PerishSong,SludgeBomb,Protect|Timid||F|||50|
|inactive|Battle timer is ON: inactive players will automatically lose when time's up. (requested by Freedom Nachos)
|inactive|Seteresu has 60 seconds left.
|
|t:|1783315922
|teamsize|p1|4
|teamsize|p2|4
|start
|switch|p1a: Archaludon|Archaludon, L50, M|100/100
|switch|p1b: Sableye|Sableye, L50, F|100/100
|switch|p2a: Gengar|Gengar, L50, F|100/100
|switch|p2b: Incineroar|Incineroar, L50, M|100/100
|-ability|p2b: Incineroar|Intimidate|boost
|-unboost|p1a: Archaludon|atk|1
|-unboost|p1b: Sableye|atk|1
|turn|1
|
|t:|1783315943
|detailschange|p2a: Gengar|Gengar-Mega, L50, F
|-mega|p2a: Gengar|Gengar|Gengarite
|move|p2b: Incineroar|Fake Out|p1a: Archaludon
|-resisted|p1a: Archaludon|1
|-damage|p1a: Archaludon|95/100
|-ability|p1a: Archaludon|Stamina|boost
|-boost|p1a: Archaludon|def|1
|move|p1b: Sableye|Rain Dance|p1b: Sableye
|-weather|RainDance
|move|p2a: Gengar|Perish Song|p2a: Gengar
|-start|p1a: Archaludon|perish3|[silent]
|-start|p1b: Sableye|perish3|[silent]
|-start|p2a: Gengar|perish3|[silent]
|-start|p2b: Incineroar|perish3|[silent]
|-fieldactivate|move: Perish Song
|cant|p1a: Archaludon|flinch
|
|-weather|RainDance|[upkeep]
|-heal|p1a: Archaludon|100/100|[from] item: Leftovers
|-start|p2a: Gengar|perish3
|-start|p1a: Archaludon|perish3
|-start|p2b: Incineroar|perish3
|-start|p1b: Sableye|perish3
|upkeep
|turn|2
|inactive|Seteresu has 30 seconds left.
|
|t:|1783315970
|move|p2a: Gengar|Protect|p2a: Gengar
|-singleturn|p2a: Gengar|Protect
|move|p2b: Incineroar|Protect|p2b: Incineroar
|-singleturn|p2b: Incineroar|Protect
|move|p1b: Sableye|Encore|p2a: Gengar
|-activate|p2a: Gengar|move: Protect
|move|p1a: Archaludon|Electro Shot||[still]
|-prepare|p1a: Archaludon|Electro Shot
|-boost|p1a: Archaludon|spa|1
|-anim|p1a: Archaludon|Electro Shot|p2a: Gengar
|-activate|p2a: Gengar|move: Protect
|
|-weather|RainDance|[upkeep]
|-start|p2a: Gengar|perish2
|-start|p1a: Archaludon|perish2
|-start|p2b: Incineroar|perish2
|-start|p1b: Sableye|perish2
|upkeep
|turn|3
|
|t:|1783315994
|switch|p2a: Sinistcha|Sinistcha, L50|100/100
|move|p1b: Sableye|Quash||[still]
|-fail|p1b: Sableye
|move|p1a: Archaludon|Flash Cannon|p2a: Sinistcha
|-damage|p2a: Sinistcha|45/100
|-enditem|p2a: Sinistcha|Sitrus Berry|[eat]
|-heal|p2a: Sinistcha|70/100|[from] item: Sitrus Berry
|move|p2b: Incineroar|Parting Shot|p2a: Sinistcha
|-unboost|p2a: Sinistcha|atk|1
|-unboost|p2a: Sinistcha|spa|1
|
|t:|1783316008
|switch|p2b: Gengar|Gengar-Mega, L50, F|100/100|[from] Parting Shot
|
|-weather|RainDance|[upkeep]
|-start|p1a: Archaludon|perish1
|-start|p1b: Sableye|perish1
|upkeep
|turn|4
|c|☆Seteresu|This is terrifying
|inactive|Seteresu has 30 seconds left.
|inactive|Seteresu has 20 seconds left.
|inactive|Seteresu has 15 seconds left.
|inactive|Seteresu has 10 seconds left.
|
|t:|1783316055
|move|p2b: Gengar|Protect|p2b: Gengar
|-singleturn|p2b: Gengar|Protect
|move|p2a: Sinistcha|Protect|p2a: Sinistcha
|-singleturn|p2a: Sinistcha|Protect
|move|p1b: Sableye|Quash|p2b: Gengar
|-activate|p2b: Gengar|move: Protect
|move|p1a: Archaludon|Flash Cannon|p2a: Sinistcha
|-activate|p2a: Sinistcha|move: Protect
|
|-weather|RainDance|[upkeep]
|-start|p1a: Archaludon|perish0
|-start|p1b: Sableye|perish0
|faint|p1a: Archaludon
|faint|p1b: Sableye
|upkeep
|n|☆Freedom Nachos|freedomnachos
|c|☆Freedom Nachos|Lol
|
|t:|1783316067
|switch|p1a: Farigiraf|Farigiraf, L50, M|100/100
|switch|p1b: Swampert|Swampert, L50, M|100/100
|turn|5
|
|t:|1783316086
|switch|p2a: Incineroar|Incineroar, L50, M|100/100
|-ability|p2a: Incineroar|Intimidate|boost
|-unboost|p1a: Farigiraf|atk|1
|-unboost|p1b: Swampert|atk|1
|detailschange|p1b: Swampert|Swampert-Mega, L50, M
|-mega|p1b: Swampert|Swampert|Swampertite
|move|p1a: Farigiraf|Helping Hand|p1b: Swampert
|-singleturn|p1b: Swampert|Helping Hand|[of] p1a: Farigiraf
|move|p1b: Swampert|Wave Crash|p2b: Gengar
|-damage|p2b: Gengar|0 fnt
|faint|p2b: Gengar
|-damage|p1b: Swampert|68/100|[from] Recoil
|
|-weather|none
|upkeep
|
|t:|1783316100
|switch|p2b: Sinistcha|Sinistcha, L50|70/100
|turn|6
|
|t:|1783316110
|move|p1a: Farigiraf|Helping Hand|p1b: Swampert
|-singleturn|p1b: Swampert|Helping Hand|[of] p1a: Farigiraf
|move|p1b: Swampert|Earthquake|p2b: Sinistcha|[spread] p1a,p2a,p2b
|-supereffective|p2a: Incineroar|1
|-resisted|p2b: Sinistcha|1
|-damage|p1a: Farigiraf|47/100
|-damage|p2a: Incineroar|18/100
|-damage|p2b: Sinistcha|49/100
|-enditem|p1a: Farigiraf|Sitrus Berry|[eat]
|-heal|p1a: Farigiraf|71/100|[from] item: Sitrus Berry
|move|p2b: Sinistcha|Matcha Gotcha|p1a: Farigiraf|[spread] p1a,p1b
|-supereffective|p1b: Swampert|2
|-damage|p1a: Farigiraf|54/100
|-heal|p2b: Sinistcha|60/100|[from] drain|[of] p1a: Farigiraf
|-damage|p1b: Swampert|0 fnt
|-heal|p2b: Sinistcha|94/100|[from] drain|[of] p1b: Swampert
|faint|p1b: Swampert
|move|p2a: Incineroar|Throat Chop|p1a: Farigiraf
|-supereffective|p1a: Farigiraf|1
|-damage|p1a: Farigiraf|0 fnt
|faint|p1a: Farigiraf
|
|win|Freedom Nachos
|raw|Seteresu's rating: 1096 → 1071(-25 for losing)
|raw|Freedom Nachos's rating: 1087 → 1115(+28 for winning)
|c|☆Freedom Nachos|G#
|c|☆Seteresu|ggwp
|c|☆Freedom Nachos|GGs
|c|☆Freedom Nachos|Wp
|c|☆Seteresu|yt
|l|☆Seteresu
|player|p1|
