|j|☆Chochito Pelao
|j|☆thebeast4895
|html|Chochito Pelaothebeast4895    
|uhtml|bestof|Game 1 of a best-of-3
|t:|1784913493
|gametype|doubles
|player|p1|Chochito Pelao|striker|1173
|player|p2|thebeast4895|265|1136
|gen|9
|tier|[Gen 9 Champions] VGC 2026 Reg M-B (Bo3)
|rated|
|rule|Species Clause: Limit one of each Pokémon
|rule|Item Clause: Limit 1 of each item
|clearpoke
|poke|p1|Incineroar, L50, F|
|poke|p1|Sinistcha-Masterpiece, L50, shiny|
|poke|p1|Floette-Eternal, L50, F|
|poke|p1|Kingambit, L50, F|
|poke|p1|Sneasler, L50, F|
|poke|p1|Delphox, L50, M, shiny|
|poke|p2|Whimsicott, L50, M|
|poke|p2|Houndoom, L50, M|
|poke|p2|Farigiraf, L50, F|
|poke|p2|Floette-Eternal, L50, F|
|poke|p2|Annihilape, L50, F, shiny|
|poke|p2|Sinistcha, L50, shiny|
|teampreview|4
|showteam|p1|Incineroar||SitrusBerry|Intimidate|FakeOut,PartingShot,ThroatChop,FlareBlitz|Careful||F|||50|]Sinistcha-Masterpiece||ColburBerry|Hospitality|MatchaGotcha,LifeDew,RagePowder,TrickRoom|Bold|||||50|]Floette-Eternal||Floettite|FlowerVeil|Moonblast,DazzlingGleam,CalmMind,Protect|Modest||F|||50|]Kingambit||BlackGlasses|Defiant|KowtowCleave,SuckerPunch,SwordsDance,Protect|Adamant||F|||50|]Sneasler||FocusSash|PoisonTouch|FakeOut,CloseCombat,DireClaw,QuickGuard|Jolly||F|||50|]Delphox||Delphoxite|Blaze|HeatWave,Psyshock,NastyPlot,Protect|Timid||M|||50|
|showteam|p2|Whimsicott||FocusSash|Prankster|FakeTears,Moonblast,Tailwind,SunnyDay|Timid||M|||50|]Houndoom||Houndoominite|FlashFire|Protect,NastyPlot,DarkPulse,HeatWave|Timid||M|||50|]Farigiraf||ColburBerry|ArmorTail|Protect,Psychic,Imprison,TrickRoom|Bold||F|||50|]Floette-Eternal||Floettite|FlowerVeil|Protect,DazzlingGleam,LightofRuin,Moonblast|Modest||F|||50|]Annihilape||SitrusBerry|Defiant|Protect,RageFist,DrainPunch,BulkUp|Adamant||F|||50|]Sinistcha||KasibBerry|Hospitality|Protect,MatchaGotcha,RagePowder,TrickRoom|Modest|||||50|
|inactive|Battle timer is ON: inactive players will automatically lose when time's up. (requested by Chochito Pelao)
|
|t:|1784913586
|teamsize|p1|4
|teamsize|p2|4
|start
|switch|p1a: Incineroar|Incineroar, L50, F|100/100
|switch|p1b: Floette|Floette-Eternal, L50, F|100/100
|switch|p2a: Whimsicott|Whimsicott, L50, M|100/100
|switch|p2b: Houndoom|Houndoom, L50, M|100/100
|-ability|p1a: Incineroar|Intimidate|boost
|-unboost|p2a: Whimsicott|atk|1
|-unboost|p2b: Houndoom|atk|1
|turn|1
|inactive|thebeast4895 has 30 seconds left.
|inactive|thebeast4895 has 20 seconds left.
|inactive|thebeast4895 has 15 seconds left.
|inactive|thebeast4895 has 10 seconds left.
|inactive|thebeast4895 has 5 seconds left.
|
|t:|1784913641
|detailschange|p2b: Houndoom|Houndoom-Mega, L50, M
|-mega|p2b: Houndoom|Houndoom|Houndoominite
|detailschange|p1b: Floette|Floette-Mega, L50, F
|-mega|p1b: Floette|Floette|Floettite
|-ability|p1b: Floette|Fairy Aura
|move|p1a: Incineroar|Fake Out|p2a: Whimsicott
|-damage|p2a: Whimsicott|85/100
|cant|p2a: Whimsicott|flinch
|move|p2b: Houndoom|Nasty Plot|p2b: Houndoom
|-boost|p2b: Houndoom|spa|2
|move|p1b: Floette|Dazzling Gleam|p2b: Houndoom|[spread] p2a,p2b
|-damage|p2a: Whimsicott|2/100
|-damage|p2b: Houndoom|40/100
|
|upkeep
|turn|2
|inactive|Chochito Pelao has 30 seconds left.
|
|t:|1784913669
|move|p2b: Houndoom|Protect|p2b: Houndoom
|-singleturn|p2b: Houndoom|Protect
|move|p1b: Floette|Protect|p1b: Floette
|-singleturn|p1b: Floette|Protect
|move|p2a: Whimsicott|Sunny Day|p2a: Whimsicott
|-weather|SunnyDay
|move|p1a: Incineroar|Throat Chop|p2a: Whimsicott
|-resisted|p2a: Whimsicott|1
|-damage|p2a: Whimsicott|0 fnt
|faint|p2a: Whimsicott
|
|-weather|SunnyDay|[upkeep]
|-damage|p2b: Houndoom|27/100|[from] ability: Solar Power|[of] p2b: Houndoom
|upkeep
|
|t:|1784913681
|switch|p2a: Annihilape|Annihilape, L50, F, shiny|100/100
|turn|3
|
|t:|1784913695
|switch|p1b: Sinistcha|Sinistcha-Masterpiece, L50, shiny|100/100
|move|p2b: Houndoom|Heat Wave|p1b: Sinistcha|[spread] p1a
|-miss|p2b: Houndoom|p1b: Sinistcha
|-resisted|p1a: Incineroar|1
|-damage|p1a: Incineroar|35/100
|-enditem|p1a: Incineroar|Sitrus Berry|[eat]
|-heal|p1a: Incineroar|60/100|[from] item: Sitrus Berry
|move|p2a: Annihilape|Drain Punch|p1a: Incineroar
|-supereffective|p1a: Incineroar|1
|-damage|p1a: Incineroar|0 fnt
|faint|p1a: Incineroar
|
|-weather|SunnyDay|[upkeep]
|-damage|p2b: Houndoom|15/100|[from] ability: Solar Power|[of] p2b: Houndoom
|upkeep
|
|t:|1784913706
|switch|p1a: Kingambit|Kingambit, L50, F|100/100
|turn|4
|
|t:|1784913720
|switch|p2a: Sinistcha|Sinistcha, L50, shiny|100/100
|-heal|p2b: Houndoom|40/100|[from] ability: Hospitality|[of] p2a: Sinistcha
|move|p1a: Kingambit|Protect|p1a: Kingambit
|-singleturn|p1a: Kingambit|Protect
|move|p2b: Houndoom|Heat Wave|p1a: Kingambit|[spread] p1b
|-activate|p1a: Kingambit|move: Protect
|-supereffective|p1b: Sinistcha|1
|-damage|p1b: Sinistcha|0 fnt
|faint|p1b: Sinistcha
|
|-weather|SunnyDay|[upkeep]
|-damage|p2b: Houndoom|27/100|[from] ability: Solar Power|[of] p2b: Houndoom
|upkeep
|
|t:|1784913723
|switch|p1b: Floette|Floette-Mega, L50, F|100/100
|-ability|p1b: Floette|Fairy Aura
|turn|5
|
|t:|1784913730
|move|p2a: Sinistcha|Rage Powder|p2a: Sinistcha
|-singleturn|p2a: Sinistcha|move: Rage Powder
|move|p2b: Houndoom|Heat Wave|p1b: Floette|[spread] p1a,p1b
|-supereffective|p1a: Kingambit|1
|-damage|p1a: Kingambit|0 fnt
|-damage|p1b: Floette|0 fnt
|faint|p1a: Kingambit
|faint|p1b: Floette
|
|win|thebeast4895
||Chochito Pelao is ready for game 2.
||thebeast4895 is ready for game 2.
|uhtml|next|Next: Game 2 of 3
