|j|☆Garden Monke
|j|☆Juanjo555
|html|Garden MonkeJuanjo555    
|uhtml|bestof|Game 1 of a best-of-3
|t:|1784490055
|gametype|doubles
|player|p1|Garden Monke|giacomo|1118
|player|p2|Juanjo555|169|1180
|gen|9
|tier|[Gen 9 Champions] VGC 2026 Reg M-B (Bo3)
|rated|
|rule|Species Clause: Limit one of each Pokémon
|rule|Item Clause: Limit 1 of each item
|clearpoke
|poke|p1|Incineroar, L50, M|
|poke|p1|Sinistcha, L50|
|poke|p1|Gengar, L50, F|
|poke|p1|Swampert, L50, M|
|poke|p1|Politoed, L50, F|
|poke|p1|Archaludon, L50, F|
|poke|p2|Archaludon, L50, F|
|poke|p2|Swampert, L50, M|
|poke|p2|Pelipper, L50, M, shiny|
|poke|p2|Farigiraf, L50, F|
|poke|p2|Beedrill, L50, F|
|poke|p2|Incineroar, L50, M|
|teampreview|4
|showteam|p1|Incineroar||PasshoBerry|Intimidate|ThroatChop,FakeOut,PartingShot,Protect|Sassy||M|||50|]Sinistcha||ColburBerry|Hospitality|MatchaGotcha,RagePowder,TrickRoom,Protect|Calm|||||50|]Gengar||Gengarite|CursedBody|ShadowBall,Disable,PerishSong,Protect|Timid||F|||50|]Swampert||Swampertite|Damp|WaveCrash,HighHorsepower,IcePunch,Protect|Adamant||M|||50|]Politoed||SitrusBerry|Drizzle|WeatherBall,Encore,PerishSong,Protect|Calm||F|||50|]Archaludon||Leftovers|Stamina|ElectroShot,DragonPulse,FlashCannon,Protect|Modest||F|||50|
|showteam|p2|Archaludon||Leftovers|Stamina|ElectroShot,FlashCannon,DragonPulse,Protect|Modest||F|||50|]Swampert||Swampertite|Torrent|WaveCrash,RockSlide,HighHorsepower,Protect|Adamant||M|||50|]Pelipper||LifeOrb|Drizzle|WeatherBall,Hurricane,WideGuard,Tailwind|Modest||M|||50|]Farigiraf||SitrusBerry|ArmorTail|HelpingHand,TrickRoom,Psychic,RainDance|Bold||F|||50|]Beedrill||Beedrillite|Swarm|Uturn,PoisonJab,DrillRun,Protect|Adamant||F|||50|]Incineroar||PasshoBerry|Intimidate|FakeOut,ThroatChop,FlareBlitz,PartingShot|Adamant||M|||50|
|inactive|Battle timer is ON: inactive players will automatically lose when time's up. (requested by Garden Monke)
|inactive|Juanjo555 has 60 seconds left.
|inactive|Juanjo555 has 30 seconds left.
|
|t:|1784490126
|teamsize|p1|4
|teamsize|p2|4
|start
|switch|p1a: Gengar|Gengar, L50, F|100/100
|switch|p1b: Incineroar|Incineroar, L50, M|100/100
|switch|p2a: Beedrill|Beedrill, L50, F|100/100
|switch|p2b: Incineroar|Incineroar, L50, M|100/100
|-ability|p2b: Incineroar|Intimidate|boost
|-unboost|p1a: Gengar|atk|1
|-unboost|p1b: Incineroar|atk|1
|-ability|p1b: Incineroar|Intimidate|boost
|-unboost|p2a: Beedrill|atk|1
|-unboost|p2b: Incineroar|atk|1
|turn|1
|
|t:|1784490148
|switch|p1a: Archaludon|Archaludon, L50, F|100/100
|switch|p2b: Farigiraf|Farigiraf, L50, F|100/100
|detailschange|p2a: Beedrill|Beedrill-Mega, L50, F
|-mega|p2a: Beedrill|Beedrill|Beedrillite
|move|p2a: Beedrill|Drill Run|p1a: Archaludon
|-supereffective|p1a: Archaludon|1
|-damage|p1a: Archaludon|64/100
|-ability|p1a: Archaludon|Stamina|boost
|-boost|p1a: Archaludon|def|1
|move|p1b: Incineroar|Parting Shot|p2a: Beedrill
|-unboost|p2a: Beedrill|atk|1
|-unboost|p2a: Beedrill|spa|1
|
|t:|1784490164
|switch|p1b: Sinistcha|Sinistcha, L50|100/100|[from] Parting Shot
|-heal|p1a: Archaludon|89/100|[from] ability: Hospitality|[of] p1b: Sinistcha
|
|-heal|p1a: Archaludon|95/100|[from] item: Leftovers
|upkeep
|turn|2
|
|t:|1784490176
|move|p1b: Sinistcha|Rage Powder|p1b: Sinistcha
|-singleturn|p1b: Sinistcha|move: Rage Powder
|move|p2a: Beedrill|U-turn|p1b: Sinistcha
|-damage|p1b: Sinistcha|71/100
|
|t:|1784490181
|switch|p2a: Archaludon|Archaludon, L50, F|100/100|[from] U-turn
|move|p1a: Archaludon|Electro Shot||[still]
|-prepare|p1a: Archaludon|Electro Shot
|-boost|p1a: Archaludon|spa|1
|move|p2b: Farigiraf|Psychic|p1b: Sinistcha
|-damage|p1b: Sinistcha|38/100
|
|-heal|p1a: Archaludon|100/100|[from] item: Leftovers
|upkeep
|turn|3
|inactive|Garden Monke has 30 seconds left.
|inactive|Juanjo555 has 30 seconds left.
|
|t:|1784490214
|switch|p1b: Incineroar|Incineroar, L50, M|100/100
|-ability|p1b: Incineroar|Intimidate|boost
|-unboost|p2a: Archaludon|atk|1
|-unboost|p2b: Farigiraf|atk|1
|move|p2b: Farigiraf|Helping Hand|p2a: Archaludon
|-singleturn|p2a: Archaludon|Helping Hand|[of] p2b: Farigiraf
|move|p1a: Archaludon|Electro Shot|p2b: Farigiraf|[from] lockedmove
|-damage|p2b: Farigiraf|47/100
|-enditem|p2b: Farigiraf|Sitrus Berry|[eat]
|-heal|p2b: Farigiraf|72/100|[from] item: Sitrus Berry
|move|p2a: Archaludon|Dragon Pulse|p1a: Archaludon
|-damage|p1a: Archaludon|44/100
|-ability|p1a: Archaludon|Stamina|boost
|-boost|p1a: Archaludon|def|1
|
|-heal|p1a: Archaludon|51/100|[from] item: Leftovers
|upkeep
|turn|4
|inactive|Juanjo555 has 30 seconds left.
|inactive|Juanjo555 has 20 seconds left.
|inactive|Juanjo555 has 15 seconds left.
|
|t:|1784490255
|switch|p2b: Incineroar|Incineroar, L50, M|100/100
|-ability|p2b: Incineroar|Intimidate|boost
|-unboost|p1a: Archaludon|atk|1
|-unboost|p1b: Incineroar|atk|1
|move|p1a: Archaludon|Protect|p1a: Archaludon
|-singleturn|p1a: Archaludon|Protect
|move|p2a: Archaludon|Protect|p2a: Archaludon
|-singleturn|p2a: Archaludon|Protect
|move|p1b: Incineroar|Parting Shot|p2a: Archaludon
|-activate|p2a: Archaludon|move: Protect
|
|-heal|p1a: Archaludon|57/100|[from] item: Leftovers
|upkeep
|turn|5
|
|t:|1784490277
|switch|p1b: Sinistcha|Sinistcha, L50|38/100
|-heal|p1a: Archaludon|82/100|[from] ability: Hospitality|[of] p1b: Sinistcha
|move|p1a: Archaludon|Protect||[still]
|-fail|p1a: Archaludon
|move|p2a: Archaludon|Dragon Pulse|p1a: Archaludon
|-damage|p1a: Archaludon|42/100
|-ability|p1a: Archaludon|Stamina|boost
|-boost|p1a: Archaludon|def|1
|move|p2b: Incineroar|Flare Blitz|p1a: Archaludon
|-crit|p1a: Archaludon
|-damage|p1a: Archaludon|0 fnt
|faint|p1a: Archaludon
|-damage|p2b: Incineroar|86/100|[from] Recoil
|
|upkeep
|
|t:|1784490295
|switch|p1a: Gengar|Gengar, L50, F|100/100
|turn|6
|-message|Garden Monke forfeited.
|
|win|Juanjo555
||Garden Monke is ready for game 2.
||Juanjo555 is ready for game 2.
|uhtml|next|Next: Game 2 of 3
|l|☆Juanjo555
|player|p2|
