|j|☆ollwave
|j|☆x-demon18
|html|ollwavex-demon18    
|uhtml|bestof|Game 3 of a best-of-3
|t:|1783038630
|gametype|doubles
|player|p1|ollwave|102|1037
|player|p2|x-demon18|2|1093
|gen|9
|tier|[Gen 9 Champions] VGC 2026 Reg M-B (Bo3)
|rated|
|rule|Species Clause: Limit one of each Pokémon
|rule|Item Clause: Limit 1 of each item
|clearpoke
|poke|p1|Froslass, L50, F|
|poke|p1|Scovillain, L50, F|
|poke|p1|Lycanroc-Dusk, L50, F|
|poke|p1|Kingambit, L50, M|
|poke|p1|Sneasler, L50, F|
|poke|p1|Basculegion, L50, M|
|poke|p2|Tyranitar, L50, M|
|poke|p2|Metagross, L50, shiny|
|poke|p2|Corviknight, L50, F|
|poke|p2|Sylveon, L50, F|
|poke|p2|Annihilape, L50, M|
|poke|p2|Grimmsnarl, L50, M|
|teampreview|4
|showteam|p1|Froslass||Froslassite|CursedBody|Blizzard,ShadowBall,AuroraVeil,Protect|Modest||F|||50|]Scovillain||Scovillainite|Moody|Overheat,GigaDrain,RagePowder,Protect|Bold||F|||50|]Lycanroc-Dusk||FocusSash|ToughClaws|RockSlide,CloseCombat,Accelerock,Protect|Adamant||F|||50|]Kingambit||BlackGlasses|Defiant|KowtowCleave,SuckerPunch,SwordsDance,Protect|Adamant||M|||50|]Sneasler||WhiteHerb|Unburden|FakeOut,CloseCombat,GunkShot,Protect|Jolly||F|||50|]Basculegion||SitrusBerry|Adaptability|WaveCrash,LastRespects,AquaJet,Protect|Adamant||M|||50|
|showteam|p2|Tyranitar||LifeOrb|SandStream|RockSlide,KnockOff,IcePunch,Protect|Adamant||M|||50|]Metagross||Metagrossite|ClearBody|IronHead,PsychicFangs,StompingTantrum,Protect|Adamant|||||50|]Corviknight||OccaBerry|MirrorArmor|Tailwind,BraveBird,IronHead,Roost|Adamant||F|||50|]Sylveon||FairyFeather|Pixilate|HyperVoice,QuickAttack,Yawn,Detect|Bold||F|||50|]Annihilape||Leftovers|Defiant|RageFist,DrainPunch,BulkUp,Protect|Adamant||M|||50|]Grimmsnarl||BabiriBerry|Prankster|FakeOut,SpiritBreak,SuckerPunch,PartingShot|Impish||M|||50|
|inactive|Battle timer is ON: inactive players will automatically lose when time's up. (requested by ollwave)
|
|t:|1783038648
|teamsize|p1|4
|teamsize|p2|4
|start
|switch|p1a: Froslass|Froslass, L50, F|100/100
|switch|p1b: Basculegion|Basculegion, L50, M|100/100
|switch|p2a: Magneto|Metagross, L50, shiny|100/100
|switch|p2b: Griffith|Corviknight, L50, F|100/100
|turn|1
|inactive|ollwave has 30 seconds left.
|
|t:|1783038680
|switch|p1a: Kingambit|Kingambit, L50, M|100/100
|switch|p2a: Juggernaut|Tyranitar, L50, M|100/100
|-weather|Sandstorm|[from] ability: Sand Stream|[of] p2a: Juggernaut
|move|p1b: Basculegion|Wave Crash|p2a: Juggernaut
|-supereffective|p2a: Juggernaut|1
|-damage|p2a: Juggernaut|0 fnt
|faint|p2a: Juggernaut
|-damage|p1b: Basculegion|68/100|[from] Recoil
|move|p2b: Griffith|Iron Head|p1a: Kingambit
|-resisted|p1a: Kingambit|1
|-damage|p1a: Kingambit|87/100
|
|-weather|Sandstorm|[upkeep]
|-damage|p1b: Basculegion|62/100|[from] Sandstorm
|upkeep
|inactive|x-demon18 has 30 seconds left.
|
|t:|1783038705
|switch|p2a: Kratos|Annihilape, L50, M|100/100
|turn|2
|
|t:|1783038729
|switch|p1a: Froslass|Froslass, L50, F|100/100
|move|p2a: Kratos|Drain Punch|p1a: Froslass
|-immune|p1a: Froslass
|move|p1b: Basculegion|Wave Crash|p2b: Griffith
|-damage|p2b: Griffith|39/100
|-damage|p1b: Basculegion|42/100|[from] Recoil
|-enditem|p1b: Basculegion|Sitrus Berry|[eat]
|-heal|p1b: Basculegion|67/100|[from] item: Sitrus Berry
|move|p2b: Griffith|Tailwind|p2b: Griffith
|-sidestart|p2: x-demon18|move: Tailwind
|
|-weather|Sandstorm|[upkeep]
|-damage|p2a: Kratos|93/100|[from] Sandstorm
|-damage|p1a: Froslass|94/100|[from] Sandstorm
|-damage|p1b: Basculegion|61/100|[from] Sandstorm
|-heal|p2a: Kratos|100/100|[from] item: Leftovers
|upkeep
|turn|3
|inactive|ollwave has 30 seconds left.
|
|t:|1783038758
|detailschange|p1a: Froslass|Froslass-Mega, L50, F
|-mega|p1a: Froslass|Froslass|Froslassite
|-weather|Snowscape|[from] ability: Snow Warning|[of] p1a: Froslass
|move|p1a: Froslass|Protect|p1a: Froslass
|-singleturn|p1a: Froslass|Protect
|move|p2a: Kratos|Rage Fist|p1b: Basculegion
|-supereffective|p1b: Basculegion|1
|-damage|p1b: Basculegion|18/100
|move|p2b: Griffith|Iron Head|p1a: Froslass
|-activate|p1a: Froslass|move: Protect
|move|p1b: Basculegion|Wave Crash|p2b: Griffith
|-damage|p2b: Griffith|0 fnt
|faint|p2b: Griffith
|-damage|p1b: Basculegion|5/100|[from] Recoil
|
|-weather|Snowscape|[upkeep]
|upkeep
|
|t:|1783038778
|switch|p2b: Magneto|Metagross, L50, shiny|100/100
|turn|4
|
|t:|1783038802
|switch|p1a: Kingambit|Kingambit, L50, M|87/100
|detailschange|p2b: Magneto|Metagross-Mega, L50, shiny
|-mega|p2b: Magneto|Metagross|Metagrossite
|move|p1b: Basculegion|Protect|p1b: Basculegion
|-singleturn|p1b: Basculegion|Protect
|move|p2a: Kratos|Rage Fist|p1a: Kingambit
|-resisted|p1a: Kingambit|1
|-damage|p1a: Kingambit|80/100
|move|p2b: Magneto|Stomping Tantrum|p1b: Basculegion
|-activate|p1b: Basculegion|move: Protect
|
|-weather|Snowscape|[upkeep]
|upkeep
|turn|5
|inactive|x-demon18 has 30 seconds left.
|inactive|x-demon18 has 20 seconds left.
|
|t:|1783038839
|move|p1a: Kingambit|Sucker Punch|p2b: Magneto
|-supereffective|p2b: Magneto|1
|-damage|p2b: Magneto|35/100
|move|p2a: Kratos|Rage Fist|p1a: Kingambit
|-resisted|p1a: Kingambit|1
|-damage|p1a: Kingambit|71/100
|move|p2b: Magneto|Iron Head|p1b: Basculegion
|-resisted|p1b: Basculegion|1
|-damage|p1b: Basculegion|0 fnt
|faint|p1b: Basculegion
|
|-weather|Snowscape|[upkeep]
|-sideend|p2: x-demon18|move: Tailwind
|upkeep
|
|t:|1783038852
|switch|p1b: Froslass|Froslass-Mega, L50, F|94/100
|turn|6
|inactive|ollwave has 30 seconds left.
|
|t:|1783038883
|move|p2b: Magneto|Protect|p2b: Magneto
|-singleturn|p2b: Magneto|Protect
|move|p1a: Kingambit|Sucker Punch|p2a: Kratos
|-damage|p2a: Kratos|48/100
|move|p1b: Froslass|Shadow Ball|p2a: Kratos
|-supereffective|p2a: Kratos|1
|-damage|p2a: Kratos|0 fnt
|faint|p2a: Kratos
|
|-weather|Snowscape|[upkeep]
|upkeep
|turn|7
|
|t:|1783038898
|move|p1a: Kingambit|Sucker Punch|p2b: Magneto
|-supereffective|p2b: Magneto|1
|-damage|p2b: Magneto|0 fnt
|faint|p2b: Magneto
|
|win|ollwave
|raw|ollwave's rating: 1037 → 1077(+40 for winning)
|raw|x-demon18's rating: 1093 → 1065(-28 for losing)
