|j|☆Tonypajamas17
|j|☆Beeetch
|html|Tonypajamas17Beeetch    
|uhtml|bestof|Game 1 of a best-of-3
|t:|1757104095
|gametype|doubles
|player|p1|Tonypajamas17|2|1332
|player|p2|Beeetch|beauty-gen4dp|1348
|gen|9
|tier|[Gen 9] VGC 2025 Reg H (Bo3)
|rated|
|rule|Species Clause: Limit one of each Pokémon
|rule|Item Clause: Limit 1 of each item
|clearpoke
|poke|p1|Tyranitar, L50, F|
|poke|p1|Excadrill, L50, M|
|poke|p1|Indeedee, L50, M|
|poke|p1|Sneasler, L50, F|
|poke|p1|Kilowattrel, L50, F|
|poke|p1|Dragapult, L50, F|
|poke|p2|Excadrill, L50, F|
|poke|p2|Tyranitar, L50, M|
|poke|p2|Sneasler, L50, F|
|poke|p2|Indeedee, L50, M|
|poke|p2|Corviknight, L50, F|
|poke|p2|Annihilape, L50, F|
|teampreview|4
|showteam|p1|Tyranitar||AssaultVest|SandStream|RockSlide,TeraBlast,LowKick,KnockOff|||F|||50|,,,,,Flying]Excadrill||FocusSash|SandRush|Earthquake,IronHead,Protect,HighHorsepower|||M|||50|,,,,,Ghost]Indeedee||ChoiceScarf|PsychicSurge|ExpandingForce,TeraBlast,DazzlingGleam,ShadowBall|||M|||50|,,,,,Fighting]Sneasler||PsychicSeed|Unburden|CloseCombat,Protect,Taunt,DireClaw|||F|||50|,,,,,Dark]Kilowattrel||SafetyGoggles|Competitive|Tailwind,Protect,Thunderbolt,AirSlash|||F|||50|,,,,,Ghost]Dragapult||LifeOrb|ClearBody|DragonDarts,PhantomForce,Protect,Outrage|||F|||50|,,,,,Steel
|showteam|p2|Excadrill||FocusSash|SandRush|IronHead,HighHorsepower,Earthquake,Protect|||F|||50|,,,,,Stellar]Tyranitar||AssaultVest|SandStream|RockSlide,KnockOff,TeraBlast,LowKick|||M|||50|,,,,,Flying]Sneasler||PsychicSeed|Unburden|DireClaw,CloseCombat,ThroatChop,Protect|||F|||50|,,,,,Dark]Indeedee||ChoiceScarf|PsychicSurge|ExpandingForce,TeraBlast,Protect,Trick|||M|||50|,,,,,Psychic]Corviknight||Leftovers|MirrorArmor|BraveBird,BulkUp,Roost,Tailwind|||F|||50|,,,,,Dragon]Annihilape||SafetyGoggles|Defiant|CloseCombat,FinalGambit,RageFist,Taunt|||F|||50|,,,,,Water
|
|t:|1757104128
|teamsize|p1|4
|teamsize|p2|4
|start
|switch|p1a: Tyranitar|Tyranitar, L50, F, shiny|100/100
|switch|p1b: Excadrill|Excadrill, L50, M|100/100
|switch|p2a: Indeedee|Indeedee, L50, M, shiny|100/100
|switch|p2b: Sneasler|Sneasler, L50, F, shiny|100/100
|-fieldstart|move: Psychic Terrain|[from] ability: Psychic Surge|[of] p2a: Indeedee
|-enditem|p2b: Sneasler|Psychic Seed
|-boost|p2b: Sneasler|spd|1|[from] item: Psychic Seed
|-weather|Sandstorm|[from] ability: Sand Stream|[of] p1a: Tyranitar
|turn|1
|
|t:|1757104148
|switch|p2a: Corviknight|Corviknight, L50, F|100/100
|-terastallize|p1a: Tyranitar|Flying
|move|p2b: Sneasler|Close Combat|p1b: Excadrill
|-supereffective|p1b: Excadrill
|-enditem|p1b: Excadrill|Focus Sash
|-damage|p1b: Excadrill|1/100
|-unboost|p2b: Sneasler|def|1
|-unboost|p2b: Sneasler|spd|1
|move|p1b: Excadrill|Earthquake|p2a: Corviknight|[spread] p2b
|-immune|p1a: Tyranitar
|-immune|p2a: Corviknight
|-supereffective|p2b: Sneasler
|-damage|p2b: Sneasler|0 fnt
|faint|p2b: Sneasler
|move|p1a: Tyranitar|Tera Blast|p2a: Corviknight|[anim] Tera Blast Flying
|-resisted|p2a: Corviknight
|-damage|p2a: Corviknight|82/100
|
|-weather|Sandstorm|[upkeep]
|-damage|p1a: Tyranitar|95/100|[from] Sandstorm
|-heal|p2a: Corviknight|88/100|[from] item: Leftovers
|upkeep
|
|t:|1757104165
|switch|p2b: Annihilape|Annihilape, L50, F|100/100
|turn|2
|
|t:|1757104183
|-terastallize|p2b: Annihilape|Water
|move|p1b: Excadrill|Iron Head|p2a: Corviknight
|-resisted|p2a: Corviknight
|-damage|p2a: Corviknight|68/100
|move|p2b: Annihilape|Rage Fist|p1a: Tyranitar
|-damage|p1a: Tyranitar|78/100
|move|p1a: Tyranitar|Knock Off|p2a: Corviknight
|-damage|p2a: Corviknight|27/100
|-enditem|p2a: Corviknight|Leftovers|[from] move: Knock Off|[of] p1a: Tyranitar
|move|p2a: Corviknight|Tailwind|p2a: Corviknight
|-sidestart|p2: Beeetch|move: Tailwind
|
|-weather|Sandstorm|[upkeep]
|-damage|p1a: Tyranitar|72/100|[from] Sandstorm
|upkeep
|turn|3
|
|t:|1757104203
|move|p2b: Annihilape|Rage Fist|p1b: Excadrill
|-crit|p1b: Excadrill
|-damage|p1b: Excadrill|0 fnt
|faint|p1b: Excadrill
|move|p2a: Corviknight|Roost|p2a: Corviknight
|-heal|p2a: Corviknight|78/100
|-singleturn|p2a: Corviknight|move: Roost
|move|p1a: Tyranitar|Low Kick|p2a: Corviknight
|-supereffective|p2a: Corviknight
|-damage|p2a: Corviknight|27/100
|
|-weather|Sandstorm|[upkeep]
|-damage|p1a: Tyranitar|67/100|[from] Sandstorm
|upkeep
|
|t:|1757104219
|switch|p1b: Indeedee|Indeedee, L50, M, shiny|100/100
|turn|4
|
|t:|1757104245
|switch|p2b: Indeedee|Indeedee, L50, M, shiny|100/100
|move|p1b: Indeedee|Expanding Force|p2b: Indeedee|[spread] p2a,p2b
|-resisted|p2a: Corviknight
|-resisted|p2b: Indeedee
|-damage|p2a: Corviknight|2/100
|-damage|p2b: Indeedee|62/100
|move|p2a: Corviknight|Roost|p2a: Corviknight
|-heal|p2a: Corviknight|52/100
|-singleturn|p2a: Corviknight|move: Roost
|move|p1a: Tyranitar|Low Kick|p2a: Corviknight
|-supereffective|p2a: Corviknight
|-damage|p2a: Corviknight|4/100
|
|-weather|Sandstorm|[upkeep]
|-damage|p2b: Indeedee|56/100|[from] Sandstorm
|-damage|p1b: Indeedee|95/100|[from] Sandstorm
|-damage|p1a: Tyranitar|61/100|[from] Sandstorm
|upkeep
|turn|5
|
|t:|1757104262
|move|p2b: Indeedee|Expanding Force|p1b: Indeedee|[spread] p1a,p1b
|-resisted|p1b: Indeedee
|-damage|p1a: Tyranitar|27/100
|-damage|p1b: Indeedee|55/100
|move|p1b: Indeedee|Expanding Force|p2a: Corviknight|[spread] p2a,p2b
|-resisted|p2a: Corviknight
|-resisted|p2b: Indeedee
|-damage|p2a: Corviknight|0 fnt
|-damage|p2b: Indeedee|17/100
|faint|p2a: Corviknight
|move|p1a: Tyranitar|Knock Off|p2b: Indeedee
|-supereffective|p2b: Indeedee
|-damage|p2b: Indeedee|0 fnt
|-enditem|p2b: Indeedee|Choice Scarf|[from] move: Knock Off|[of] p1a: Tyranitar
|faint|p2b: Indeedee
|
|-weather|none
|-sideend|p2: Beeetch|move: Tailwind
|-fieldend|move: Psychic Terrain
|upkeep
|l|☆Beeetch
|player|p2|
|inactive|Battle timer is ON: inactive players will automatically lose when time's up. (requested by Tonypajamas17)
|j|☆Beeetch
|inactive|Beeetch reconnected and has 70 seconds left.
|player|p2|Beeetch|beauty-gen4dp|
|inactive|Beeetch has 60 seconds left.
|
|t:|1757104314
|switch|p2b: Annihilape|Annihilape, L50, F, tera:Water|100/100
|turn|6
|
|t:|1757104325
|move|p1b: Indeedee|Expanding Force|p2b: Annihilape
|-damage|p2b: Annihilape|61/100
|move|p2b: Annihilape|Close Combat|p1b: Indeedee
|-crit|p1b: Indeedee
|-damage|p1b: Indeedee|0 fnt
|-unboost|p2b: Annihilape|def|1
|-unboost|p2b: Annihilape|spd|1
|faint|p1b: Indeedee
|move|p1a: Tyranitar|Tera Blast|p2b: Annihilape|[anim] Tera Blast Flying
|-damage|p2b: Annihilape|0 fnt
|faint|p2b: Annihilape
|
|win|Tonypajamas17
||Tonypajamas17 is ready for game 2.
