|j|☆milkandcereals
|j|☆maish
|html|milkandcerealsmaish    
|uhtml|bestof|Game 3 of a best-of-3
|t:|1756651130
|gametype|doubles
|player|p1|milkandcereals|blue|
|player|p2|maish|veteran|
|gen|9
|tier|[Gen 9] VGC 2025 Reg H (Bo3)
|rule|Species Clause: Limit one of each Pokémon
|rule|Item Clause: Limit 1 of each item
|clearpoke
|poke|p1|Porygon2, L50|
|poke|p1|Rillaboom, L50, M|
|poke|p1|Ursaluna, L50, F|
|poke|p1|Jumpluff, L50, M|
|poke|p1|Charizard, L50, F|
|poke|p1|Torkoal, L50, M|
|poke|p2|Pelipper, L50, M|
|poke|p2|Archaludon, L50, M|
|poke|p2|Basculegion, L50, M|
|poke|p2|Amoonguss, L50, F|
|poke|p2|Incineroar, L50, M|
|poke|p2|Gholdengo, L50|
|teampreview|4
|showteam|p1|Porygon2||Eviolite|Download|TeraBlast,IceBeam,TrickRoom,Recover||||||50|,,,,,Fighting]Rillaboom||AssaultVest|GrassySurge|FakeOut,GrassyGlide,WoodHammer,HighHorsepower|||M|||50|,,,,,Water]Ursaluna||FlameOrb|Guts|Protect,Facade,Earthquake,HeadlongRush|||F|||50|,,,,,Ghost]Jumpluff||CovertCloak|Chlorophyll|SleepPowder,SunnyDay,Tailwind,RagePowder|||M|||50|,,,,,Fire]Charizard||ChoiceSpecs|SolarPower|HeatWave,Overheat,WeatherBall,DragonPulse|||F|||50|,,,,,Ghost]Torkoal||EjectPack|Drought|Overheat,Eruption,HelpingHand,Protect|||M|||50|,,,,,Fire
|showteam|p2|Pelipper||FocusSash|Drizzle|WeatherBall,Hurricane,Tailwind,Protect|||M|||50|,,,,,Ghost]Archaludon||AssaultVest|Stamina|DragonPulse,ElectroShot,Snarl,BodyPress|||M|||50|,,,,,Grass]Basculegion||ChoiceBand|SwiftSwim|WaveCrash,AquaJet,LastRespects,FlipTurn|||M|||50|,,,,,Grass]Amoonguss||RockyHelmet|Regenerator|RagePowder,PollenPuff,Spore,Protect|||F|||50|,,,,,Water]Incineroar||SafetyGoggles|Intimidate|FakeOut,FlareBlitz,PartingShot,KnockOff|||M|||50|,,,,,Water]Gholdengo||LifeOrb|GoodasGold|MakeItRain,ShadowBall,NastyPlot,Protect||||||50|,,,,,Dragon
|c|☆milkandcereals|brother
|c|☆milkandcereals|porque te has rendido?
|c|☆milkandcereals|era tuya
|c|☆maish|pero si el ursa es inmune
|c|☆milkandcereals|ah ibas banded
|c|☆maish|soy choice band
|c|☆milkandcereals|yeye sorry
|inactive|Battle timer is ON: inactive players will automatically lose when time's up. (requested by maish)
|inactiveoff|Battle timer is now OFF.
|
|t:|1756651232
|teamsize|p1|4
|teamsize|p2|4
|start
|switch|p1a: Rillaboom|Rillaboom, L50, M|100/100
|switch|p1b: Charizard|Charizard, L50, F|100/100
|switch|p2a: Incineroar|Incineroar, L50, M, shiny|100/100
|switch|p2b: Gholdengo|Gholdengo, L50|100/100
|-fieldstart|move: Grassy Terrain|[from] ability: Grassy Surge|[of] p1a: Rillaboom
|-ability|p2a: Incineroar|Intimidate|boost
|-unboost|p1a: Rillaboom|atk|1
|-unboost|p1b: Charizard|atk|1
|turn|1
|
|t:|1756651309
|move|p2b: Gholdengo|Protect|p2b: Gholdengo
|-singleturn|p2b: Gholdengo|Protect
|move|p1a: Rillaboom|Fake Out|p2a: Incineroar
|-damage|p2a: Incineroar|93/100
|move|p1b: Charizard|Overheat|p2b: Gholdengo
|-activate|p2b: Gholdengo|move: Protect
|cant|p2a: Incineroar|flinch
|
|-heal|p2a: Incineroar|99/100|[from] Grassy Terrain
|upkeep
|turn|2
|
|t:|1756651359
|switch|p1b: Ursaluna|Ursaluna, L50, F|100/100
|switch|p2b: Pelipper|Pelipper, L50, M, shiny|100/100
|-weather|RainDance|[from] ability: Drizzle|[of] p2b: Pelipper
|switch|p1a: Jumpluff|Jumpluff, L50, M|100/100
|move|p2a: Incineroar|Knock Off|p1b: Ursaluna
|-damage|p1b: Ursaluna|72/100
|-enditem|p1b: Ursaluna|Flame Orb|[from] move: Knock Off|[of] p2a: Incineroar
|
|-weather|RainDance|[upkeep]
|-heal|p1b: Ursaluna|78/100|[from] Grassy Terrain
|-heal|p2a: Incineroar|100/100|[from] Grassy Terrain
|upkeep
|turn|3
|
|t:|1756651404
|switch|p2b: Amoonguss|Amoonguss, L50, F, shiny|100/100
|move|p1a: Jumpluff|Sleep Powder|p2b: Amoonguss
|-immune|p2b: Amoonguss
|move|p1b: Ursaluna|Headlong Rush|p2a: Incineroar
|-supereffective|p2a: Incineroar
|-damage|p2a: Incineroar|4/100
|-unboost|p1b: Ursaluna|def|1
|-unboost|p1b: Ursaluna|spd|1
|move|p2a: Incineroar|Parting Shot|p1b: Ursaluna
|-unboost|p1b: Ursaluna|atk|1
|-unboost|p1b: Ursaluna|spa|1
|
|t:|1756651416
|switch|p2a: Gholdengo|Gholdengo, L50|100/100|[from] Parting Shot
|
|-weather|RainDance|[upkeep]
|-heal|p1b: Ursaluna|84/100|[from] Grassy Terrain
|upkeep
|turn|4
|
|t:|1756651473
|-terastallize|p2a: Gholdengo|Dragon
|move|p1b: Ursaluna|Protect|p1b: Ursaluna
|-singleturn|p1b: Ursaluna|Protect
|move|p1a: Jumpluff|Tailwind|p1a: Jumpluff
|-sidestart|p1: milkandcereals|move: Tailwind
|move|p2a: Gholdengo|Nasty Plot|p2a: Gholdengo
|-boost|p2a: Gholdengo|spa|2
|move|p2b: Amoonguss|Spore|p1b: Ursaluna
|-activate|p1b: Ursaluna|move: Protect
|
|-weather|RainDance|[upkeep]
|-heal|p1b: Ursaluna|90/100|[from] Grassy Terrain
|upkeep
|turn|5
|
|t:|1756651497
|move|p2b: Amoonguss|Rage Powder|p2b: Amoonguss
|-singleturn|p2b: Amoonguss|move: Rage Powder
|move|p1a: Jumpluff|Sleep Powder|p2a: Gholdengo
|-immune|p2a: Gholdengo|[from] ability: Good as Gold
|move|p1b: Ursaluna|Headlong Rush|p2b: Amoonguss
|-damage|p2b: Amoonguss|65/100
|-unboost|p1b: Ursaluna|def|1
|-unboost|p1b: Ursaluna|spd|1
|-damage|p1b: Ursaluna|74/100|[from] item: Rocky Helmet|[of] p2b: Amoonguss
|move|p2a: Gholdengo|Make It Rain|p1a: Jumpluff|[spread] p1a,p1b
|-damage|p1a: Jumpluff|0 fnt
|-damage|p1b: Ursaluna|0 fnt
|-unboost|p2a: Gholdengo|spa|1
|faint|p1a: Jumpluff
|faint|p1b: Ursaluna
|-damage|p2a: Gholdengo|91/100|[from] item: Life Orb
|
|-weather|RainDance|[upkeep]
|-heal|p2a: Gholdengo|97/100|[from] Grassy Terrain
|-heal|p2b: Amoonguss|71/100|[from] Grassy Terrain
|-fieldend|move: Grassy Terrain
|upkeep
|
|t:|1756651504
|switch|p1a: Rillaboom|Rillaboom, L50, M|100/100
|switch|p1b: Charizard|Charizard, L50, F|100/100
|-fieldstart|move: Grassy Terrain|[from] ability: Grassy Surge|[of] p1a: Rillaboom
|turn|6
|
|t:|1756651561
|move|p2a: Gholdengo|Protect|p2a: Gholdengo
|-singleturn|p2a: Gholdengo|Protect
|move|p2b: Amoonguss|Protect|p2b: Amoonguss
|-singleturn|p2b: Amoonguss|Protect
|move|p1a: Rillaboom|Fake Out|p2b: Amoonguss
|-activate|p2b: Amoonguss|move: Protect
|move|p1b: Charizard|Weather Ball|p2a: Gholdengo
|-activate|p2a: Gholdengo|move: Protect
|
|-weather|none
|-heal|p2a: Gholdengo|100/100|[from] Grassy Terrain
|-heal|p2b: Amoonguss|77/100|[from] Grassy Terrain
|upkeep
|turn|7
|
|t:|1756651587
|move|p1b: Charizard|Weather Ball|p2a: Gholdengo
|-damage|p2a: Gholdengo|75/100
|move|p1a: Rillaboom|High Horsepower|p2b: Amoonguss
|-damage|p2b: Amoonguss|51/100
|-damage|p1a: Rillaboom|84/100|[from] item: Rocky Helmet|[of] p2b: Amoonguss
|move|p2a: Gholdengo|Make It Rain|p1a: Rillaboom|[spread] p1a,p1b
|-resisted|p1b: Charizard
|-damage|p1a: Rillaboom|15/100
|-damage|p1b: Charizard|39/100
|-unboost|p2a: Gholdengo|spa|1
|-damage|p2a: Gholdengo|65/100|[from] item: Life Orb
|move|p2b: Amoonguss|Pollen Puff|p2a: Gholdengo
|-heal|p2a: Gholdengo|100/100
|
|-heal|p1a: Rillaboom|21/100|[from] Grassy Terrain
|-heal|p2b: Amoonguss|57/100|[from] Grassy Terrain
|-sideend|p1: milkandcereals|move: Tailwind
|upkeep
|turn|8
|c|☆milkandcereals|ggs
|c|☆maish|ggs
|-message|milkandcereals forfeited.
|
|win|maish
