|j|☆STL Donductor
|j|☆Vuultur
|html|STL DonductorVuultur    
|uhtml|bestof|Game 3 of a best-of-3
|t:|1755533703
|gametype|doubles
|player|p1|STL Donductor|fisherman|1189
|player|p2|Vuultur|hilbert-wonderlauncher|1189
|gen|9
|tier|[Gen 9] VGC 2025 Reg H (Bo3)
|rated|
|rule|Species Clause: Limit one of each Pokémon
|rule|Item Clause: Limit 1 of each item
|clearpoke
|poke|p1|Dondozo, L50, F|
|poke|p1|Tatsugiri-Stretchy, L50, F|
|poke|p1|Archaludon, L50, M|
|poke|p1|Maushold-Four, L50|
|poke|p1|Breloom, L50, F|
|poke|p1|Pelipper, L50, M|
|poke|p2|Pelipper, L50, M|
|poke|p2|Archaludon, L50, M|
|poke|p2|Annihilape, L50, M|
|poke|p2|Maushold, L50|
|poke|p2|Rillaboom, L50, M|
|poke|p2|Basculegion, L50, M|
|teampreview|4
|showteam|p1|Dondozo||MysticWater|Unaware|WaveCrash,Surf,SleepTalk,Protect|||F|||50|,,,,,Water]Tatsugiri-Stretchy||SafetyGoggles|Commander|DracoMeteor,MuddyWater,Taunt,Protect|||F|||50|,,,,,Steel]Archaludon||AssaultVest|Stamina|ElectroShot,FlashCannon,DragonPulse,BodyPress|||M|||50|,,,,,Bug]Maushold-Four||WideLens|Technician|PopulationBomb,FollowMe,Protect,RainDance||||||50|,,,,,Ghost]Breloom||FocusSash|Technician|BulletSeed,MachPunch,Spore,Protect|||F|||50|,,,,,Ghost]Pelipper||ChoiceScarf|Drizzle|WeatherBall,Hurricane,Tailwind,Uturn|||M|||50|,,,,,Grass
|showteam|p2|Pelipper||FocusSash|Drizzle|WeatherBall,Hurricane,Protect,Tailwind|||M|||50|,,,,,Ghost]Archaludon||AssaultVest|Stamina|ElectroShot,DracoMeteor,FlashCannon,BodyPress|||M|||50|,,,,,Grass]Annihilape||SafetyGoggles|Defiant|RageFist,DrainPunch,BulkUp,Protect|||M|||50|,,,,,Fire]Maushold||SitrusBerry|FriendGuard|BeatUp,FollowMe,Taunt,Protect||||||50|,,,,,Ghost]Rillaboom||MiracleSeed|GrassySurge|FakeOut,GrassyGlide,WoodHammer,Uturn|||M|||50|,,,,,Fire]Basculegion||ChoiceBand|SwiftSwim|WaveCrash,AquaJet,LastRespects,FlipTurn|||M|||50|,,,,,Water
|inactive|Battle timer is ON: inactive players will automatically lose when time's up. (requested by STL Donductor)
|inactive|STL Donductor has 60 seconds left.
|inactive|Vuultur has 60 seconds left.
|inactive|STL Donductor has 30 seconds left.
|
|t:|1755533772
|teamsize|p1|4
|teamsize|p2|4
|start
|switch|p1a: Archaludon|Archaludon, L50, M|100/100
|switch|p1b: Maushold|Maushold-Four, L50|100/100
|switch|p2a: Rillaboom|Rillaboom, L50, M|100/100
|switch|p2b: Archaludon|Archaludon, L50, M, shiny|100/100
|-fieldstart|move: Grassy Terrain|[from] ability: Grassy Surge|[of] p2a: Rillaboom
|turn|1
|inactive|STL Donductor has 30 seconds left.
|inactive|Vuultur has 30 seconds left.
|inactive|STL Donductor has 20 seconds left.
|inactive|Vuultur has 20 seconds left.
|inactive|STL Donductor has 15 seconds left.
|inactive|Vuultur has 15 seconds left.
|inactive|STL Donductor has 10 seconds left.
|
|t:|1755533817
|switch|p2a: Pelipper|Pelipper, L50, M|100/100
|-weather|RainDance|[from] ability: Drizzle|[of] p2a: Pelipper
|-terastallize|p1b: Maushold|Ghost
|move|p1b: Maushold|Population Bomb|p2a: Pelipper
|-damage|p2a: Pelipper|86/100
|-damage|p2a: Pelipper|73/100
|-damage|p2a: Pelipper|60/100
|-damage|p2a: Pelipper|46/100
|-damage|p2a: Pelipper|32/100
|-damage|p2a: Pelipper|18/100
|-damage|p2a: Pelipper|2/100
|-damage|p2a: Pelipper|0 fnt
|faint|p2a: Pelipper
|-hitcount|p2: Pelipper|8
|move|p2b: Archaludon|Electro Shot||[still]
|-prepare|p2b: Archaludon|Electro Shot
|-boost|p2b: Archaludon|spa|1
|-anim|p2b: Archaludon|Electro Shot|p1b: Maushold
|-damage|p1b: Maushold|8/100
|move|p1a: Archaludon|Body Press|p2b: Archaludon
|-supereffective|p2b: Archaludon
|-damage|p2b: Archaludon|65/100
|-ability|p2b: Archaludon|Stamina|boost
|-boost|p2b: Archaludon|def|1
|
|-weather|RainDance|[upkeep]
|-heal|p1b: Maushold|14/100|[from] Grassy Terrain
|-heal|p2b: Archaludon|70/100|[from] Grassy Terrain
|upkeep
|inactive|Vuultur has 30 seconds left.
|
|t:|1755533846
|switch|p2a: Rillaboom|Rillaboom, L50, M|100/100
|turn|2
|inactive|STL Donductor has 30 seconds left.
|inactive|STL Donductor has 20 seconds left.
|inactive|STL Donductor has 15 seconds left.
|inactive|STL Donductor has 10 seconds left.
|inactive|STL Donductor has 5 seconds left.
|
|t:|1755533898
|move|p1b: Maushold|Protect|p1b: Maushold
|-singleturn|p1b: Maushold|Protect
|move|p2a: Rillaboom|Grassy Glide|p1b: Maushold
|-activate|p1b: Maushold|move: Protect
|move|p2b: Archaludon|Electro Shot||[still]
|-prepare|p2b: Archaludon|Electro Shot
|-boost|p2b: Archaludon|spa|1
|-anim|p2b: Archaludon|Electro Shot|p1a: Archaludon
|-resisted|p1a: Archaludon
|-damage|p1a: Archaludon|66/100
|-ability|p1a: Archaludon|Stamina|boost
|-boost|p1a: Archaludon|def|1
|move|p1a: Archaludon|Body Press|p2b: Archaludon
|-supereffective|p2b: Archaludon
|-damage|p2b: Archaludon|33/100
|-ability|p2b: Archaludon|Stamina|boost
|-boost|p2b: Archaludon|def|1
|
|-weather|RainDance|[upkeep]
|-heal|p1b: Maushold|20/100|[from] Grassy Terrain
|-heal|p2b: Archaludon|38/100|[from] Grassy Terrain
|-heal|p1a: Archaludon|73/100|[from] Grassy Terrain
|upkeep
|turn|3
|inactive|STL Donductor has 30 seconds left.
|inactive|STL Donductor has 20 seconds left.
|
|t:|1755533935
|switch|p1b: Dondozo|Dondozo, L50, F, shiny|100/100
|switch|p1a: Tatsugiri|Tatsugiri-Stretchy, L50, F, shiny|100/100
|-activate|p1a: Tatsugiri|ability: Commander|[of] p1b: Dondozo
|-boost|p1b: Dondozo|atk|2
|-boost|p1b: Dondozo|spa|2
|-boost|p1b: Dondozo|spe|2
|-boost|p1b: Dondozo|def|2
|-boost|p1b: Dondozo|spd|2
|move|p2a: Rillaboom|Grassy Glide|p1b: Dondozo
|-supereffective|p1b: Dondozo
|-damage|p1b: Dondozo|68/100
|move|p2b: Archaludon|Draco Meteor|p1a: Tatsugiri|[miss]
|-miss|p2b: Archaludon|p1a: Tatsugiri
|
|-weather|RainDance|[upkeep]
|-heal|p1b: Dondozo|75/100|[from] Grassy Terrain
|-heal|p2b: Archaludon|44/100|[from] Grassy Terrain
|upkeep
|turn|4
|inactive|STL Donductor has 30 seconds left.
|inactive|Vuultur has 30 seconds left.
|inactive|Vuultur has 20 seconds left.
|
|t:|1755533973
|move|p1b: Dondozo|Wave Crash|p2b: Archaludon
|-resisted|p2b: Archaludon
|-damage|p2b: Archaludon|0 fnt
|faint|p2b: Archaludon
|-damage|p1b: Dondozo|63/100|[from] Recoil
|move|p2a: Rillaboom|Wood Hammer|p1b: Dondozo
|-supereffective|p1b: Dondozo
|-damage|p1b: Dondozo|0 fnt
|faint|p1b: Dondozo
|-damage|p2a: Rillaboom|77/100|[from] Recoil
|
|-weather|RainDance|[upkeep]
|-heal|p2a: Rillaboom|83/100|[from] Grassy Terrain
|upkeep
|
|t:|1755533991
|switch|p2b: Basculegion|Basculegion, L50, M|100/100
|switch|p1b: Archaludon|Archaludon, L50, M|73/100
|turn|5
|inactive|STL Donductor has 30 seconds left.
|
|t:|1755534016
|move|p1a: Tatsugiri|Protect|p1a: Tatsugiri
|-singleturn|p1a: Tatsugiri|Protect
|move|p2a: Rillaboom|Grassy Glide|p1a: Tatsugiri
|-activate|p1a: Tatsugiri|move: Protect
|move|p2b: Basculegion|Last Respects|p1b: Archaludon
|-damage|p1b: Archaludon|0 fnt
|faint|p1b: Archaludon
|
|-weather|none
|-heal|p2a: Rillaboom|89/100|[from] Grassy Terrain
|-fieldend|move: Grassy Terrain
|upkeep
|
|t:|1755534028
|switch|p1b: Maushold|Maushold-Four, L50, tera:Ghost|20/100
|turn|6
|
|t:|1755534045
|move|p1b: Maushold|Population Bomb|p2a: Rillaboom
|-damage|p2a: Rillaboom|77/100
|-hitcount|p2a: Rillaboom|1
|move|p1a: Tatsugiri|Draco Meteor|p2b: Basculegion
|-crit|p2b: Basculegion
|-damage|p2b: Basculegion|0 fnt
|-unboost|p1a: Tatsugiri|spa|2
|faint|p2b: Basculegion
|move|p2a: Rillaboom|Wood Hammer|p1a: Tatsugiri
|-crit|p1a: Tatsugiri
|-damage|p1a: Tatsugiri|0 fnt
|faint|p1a: Tatsugiri
|-damage|p2a: Rillaboom|54/100|[from] Recoil
|
|upkeep
|turn|7
|c|☆Vuultur|wtfffffffffff
|inactive|Vuultur has 30 seconds left.
|c|☆Vuultur|omg i am so mad after that one xD
|c|☆Vuultur|gg
|
|t:|1755534078
|move|p1b: Maushold|Population Bomb|p2a: Rillaboom
|-damage|p2a: Rillaboom|43/100
|-damage|p2a: Rillaboom|32/100
|-damage|p2a: Rillaboom|22/100
|-damage|p2a: Rillaboom|10/100
|-damage|p2a: Rillaboom|0 fnt
|faint|p2a: Rillaboom
|-hitcount|p2: Rillaboom|5
|
|win|STL Donductor
|raw|STL Donductor's rating: 1189 → 1214(+25 for winning)
|raw|Vuultur's rating: 1189 → 1164(-25 for losing)
|c|☆STL Donductor|ggs
|c|☆STL Donductor|yeah i wasn't thrilled about the pop bomb miss myself but i guess it worked out? lol
|l|☆Vuultur
|player|p2|
