|j|☆b0000oooo
|j|☆NEOLODO
|html|b0000ooooNEOLODO    
|uhtml|bestof|Game 2 of a best-of-3
|t:|1756320176
|gametype|doubles
|player|p1|b0000oooo|170|1000
|player|p2|NEOLODO|101|1050
|gen|9
|tier|[Gen 9] VGC 2025 Reg H (Bo3)
|rated|
|rule|Species Clause: Limit one of each Pokémon
|rule|Item Clause: Limit 1 of each item
|clearpoke
|poke|p1|Dragonite, L50, F|
|poke|p1|Incineroar, L50, M|
|poke|p1|Rillaboom, L50, F|
|poke|p1|Annihilape, L50, F|
|poke|p1|Dondozo, L50, M|
|poke|p1|Gholdengo, L50|
|poke|p2|Lilligant-Hisui, L50, F|
|poke|p2|Hatterene, L50, F|
|poke|p2|Ursaluna, L50, M|
|poke|p2|Indeedee-F, L50, F|
|poke|p2|Torkoal, L50, F|
|poke|p2|Gallade, L50, M|
|teampreview|4
|showteam|p1|Dragonite||LoadedDice|Multiscale|Protect,ScaleShot,ExtremeSpeed,Haze|||F|||50|,,,,,Fairy]Incineroar||SafetyGoggles|Intimidate|PartingShot,KnockOff,FakeOut,FlareBlitz|||M|||50|,,,,,Ghost]Rillaboom||AssaultVest|GrassySurge|GrassyGlide,WoodHammer,FakeOut,HighHorsepower|||F|||50|,,,,,Fire]Annihilape||FocusSash|Defiant|Protect,RageFist,CloseCombat,Coaching|||F|||50|,,,,,Stellar]Dondozo||Leftovers|Unaware|Protect,Yawn,WaveCrash,Fissure|||M|||50|,,,,,Grass]Gholdengo||SitrusBerry|GoodasGold|Protect,NastyPlot,MakeItRain,ShadowBall||||||50|,,,,,Water
|showteam|p2|Lilligant-Hisui||FocusSash|Chlorophyll|TripleAxel,AfterYou,CloseCombat,SleepPowder|||F|||50|,,,,,Ghost]Hatterene||CovertCloak|MagicBounce|DazzlingGleam,ExpandingForce,TrickRoom,MysticalFire|||F|||50|,,,,,Fire]Ursaluna||FlameOrb|Guts|Facade,HeadlongRush,Earthquake,Protect|||M|||50|,,,,,Ghost]Indeedee-F||PsychicSeed|PsychicSurge|Psychic,TrickRoom,HelpingHand,FollowMe|||F|||50|,,,,,Dragon]Torkoal||FlamePlate|Drought|Eruption,WeatherBall,HeatWave,Protect|||F|||50|,,,,,Fire]Gallade||ClearAmulet|Sharpness|PsychoCut,SacredSword,TrickRoom,WideGuard|||M|||50|,,,,,Grass
|inactive|Battle timer is ON: inactive players will automatically lose when time's up. (requested by b0000oooo)
|inactive|b0000oooo has 60 seconds left.
|
|t:|1756320208
|teamsize|p1|4
|teamsize|p2|4
|start
|switch|p1a: Dondozo|Dondozo, L50, M|100/100
|switch|p1b: Incineroar|Incineroar, L50, M|100/100
|switch|p2a: Indeedee|Indeedee-F, L50, F|100/100
|switch|p2b: Hatterene|Hatterene, L50, F|100/100
|-fieldstart|move: Psychic Terrain|[from] ability: Psychic Surge|[of] p2a: Indeedee
|-enditem|p2a: Indeedee|Psychic Seed
|-boost|p2a: Indeedee|spd|1|[from] item: Psychic Seed
|-ability|p1b: Incineroar|Intimidate|boost
|-unboost|p2a: Indeedee|atk|1
|-unboost|p2b: Hatterene|atk|1
|turn|1
|inactive|NEOLODO has 30 seconds left.
|inactive|NEOLODO has 20 seconds left.
|
|t:|1756320243
|move|p2a: Indeedee|Follow Me|p2a: Indeedee
|-singleturn|p2a: Indeedee|move: Follow Me
|move|p1b: Incineroar|Knock Off|p2a: Indeedee
|-supereffective|p2a: Indeedee
|-damage|p2a: Indeedee|43/100
|move|p1a: Dondozo|Yawn|p2a: Indeedee
|-start|p2a: Indeedee|move: Yawn|[of] p1a: Dondozo
|move|p2b: Hatterene|Trick Room|p2b: Hatterene
|-fieldstart|move: Trick Room|[of] p2b: Hatterene
|
|upkeep
|turn|2
|inactive|NEOLODO has 30 seconds left.
|
|t:|1756320275
|switch|p2a: Torkoal|Torkoal, L50, F|100/100
|-weather|SunnyDay|[from] ability: Drought|[of] p2a: Torkoal
|move|p2b: Hatterene|Dazzling Gleam|p1b: Incineroar|[spread] p1a,p1b
|-damage|p1a: Dondozo|75/100
|-damage|p1b: Incineroar|72/100
|move|p1a: Dondozo|Yawn|p2a: Torkoal
|-start|p2a: Torkoal|move: Yawn|[of] p1a: Dondozo
|move|p1b: Incineroar|Knock Off|p2a: Torkoal
|-damage|p2a: Torkoal|66/100
|-enditem|p2a: Torkoal|Flame Plate|[from] move: Knock Off|[of] p1b: Incineroar
|
|-weather|SunnyDay|[upkeep]
|-heal|p1a: Dondozo|81/100|[from] item: Leftovers
|upkeep
|turn|3
|inactive|NEOLODO has 30 seconds left.
|inactive|b0000oooo has 30 seconds left.
|inactive|NEOLODO has 20 seconds left.
|
|t:|1756320311
|switch|p2a: Indeedee|Indeedee-F, L50, F|43/100
|move|p2b: Hatterene|Dazzling Gleam|p1b: Incineroar|[spread] p1a,p1b
|-damage|p1a: Dondozo|57/100
|-damage|p1b: Incineroar|42/100
|move|p1a: Dondozo|Yawn|p2a: Indeedee
|-start|p2a: Indeedee|move: Yawn|[of] p1a: Dondozo
|move|p1b: Incineroar|Knock Off|p2b: Hatterene
|-damage|p2b: Hatterene|53/100
|-enditem|p2b: Hatterene|Covert Cloak|[from] move: Knock Off|[of] p1b: Incineroar
|
|-weather|SunnyDay|[upkeep]
|-heal|p1a: Dondozo|64/100|[from] item: Leftovers
|upkeep
|turn|4
|inactive|NEOLODO has 30 seconds left.
|inactive|NEOLODO has 20 seconds left.
|inactive|NEOLODO has 15 seconds left.
|inactive|NEOLODO has 10 seconds left.
|
|t:|1756320358
|switch|p1b: Rillaboom|Rillaboom, L50, F|100/100
|-fieldstart|move: Grassy Terrain|[from] ability: Grassy Surge|[of] p1b: Rillaboom
|move|p2a: Indeedee|Helping Hand|p2b: Hatterene
|-singleturn|p2b: Hatterene|Helping Hand|[of] p2a: Indeedee
|move|p2b: Hatterene|Dazzling Gleam|p1b: Rillaboom|[spread] p1a,p1b
|-damage|p1a: Dondozo|29/100
|-damage|p1b: Rillaboom|61/100
|move|p1a: Dondozo|Yawn||[still]
|-fail|p1a: Dondozo
|
|-weather|SunnyDay|[upkeep]
|-heal|p2b: Hatterene|59/100|[from] Grassy Terrain
|-heal|p1a: Dondozo|35/100|[from] Grassy Terrain
|-heal|p1a: Dondozo|41/100|[from] item: Leftovers
|-heal|p2a: Indeedee|49/100|[from] Grassy Terrain
|-heal|p1b: Rillaboom|67/100|[from] Grassy Terrain
|-end|p2a: Indeedee|move: Yawn|[silent]
|-status|p2a: Indeedee|slp
|upkeep
|turn|5
|inactive|NEOLODO has 30 seconds left.
|
|t:|1756320388
|-terastallize|p2b: Hatterene|Fire
|cant|p2a: Indeedee|slp
|move|p1b: Rillaboom|Fake Out|p2b: Hatterene
|-damage|p2b: Hatterene|44/100
|cant|p2b: Hatterene|flinch
|move|p1a: Dondozo|Yawn||[still]
|-fail|p1a: Dondozo
|
|-weather|SunnyDay|[upkeep]
|-heal|p2b: Hatterene|50/100|[from] Grassy Terrain
|-heal|p1a: Dondozo|47/100|[from] Grassy Terrain
|-heal|p1a: Dondozo|53/100|[from] item: Leftovers
|-heal|p2a: Indeedee|55/100 slp|[from] Grassy Terrain
|-heal|p1b: Rillaboom|73/100|[from] Grassy Terrain
|-fieldend|move: Trick Room
|upkeep
|turn|6
|
|t:|1756320411
|move|p1b: Rillaboom|High Horsepower|p2b: Hatterene
|-supereffective|p2b: Hatterene
|-damage|p2b: Hatterene|0 fnt
|faint|p2b: Hatterene
|move|p1a: Dondozo|Yawn||[still]
|-fail|p1a: Dondozo
|cant|p2a: Indeedee|slp
|
|-weather|none
|-heal|p1b: Rillaboom|79/100|[from] Grassy Terrain
|-heal|p2a: Indeedee|62/100 slp|[from] Grassy Terrain
|-heal|p1a: Dondozo|60/100|[from] Grassy Terrain
|-heal|p1a: Dondozo|66/100|[from] item: Leftovers
|upkeep
|
|t:|1756320424
|switch|p2b: Torkoal|Torkoal, L50, F|66/100
|-weather|SunnyDay|[from] ability: Drought|[of] p2b: Torkoal
|turn|7
|
|t:|1756320434
|-terastallize|p1b: Rillaboom|Fire
|move|p2b: Torkoal|Protect|p2b: Torkoal
|-singleturn|p2b: Torkoal|Protect
|move|p1b: Rillaboom|High Horsepower|p2b: Torkoal
|-activate|p2b: Torkoal|move: Protect
|move|p1a: Dondozo|Yawn|p2b: Torkoal
|-activate|p2b: Torkoal|move: Protect
|cant|p2a: Indeedee|slp
|
|-weather|SunnyDay|[upkeep]
|-heal|p1b: Rillaboom|85/100|[from] Grassy Terrain
|-heal|p2a: Indeedee|68/100 slp|[from] Grassy Terrain
|-heal|p1a: Dondozo|72/100|[from] Grassy Terrain
|-heal|p1a: Dondozo|78/100|[from] item: Leftovers
|-heal|p2b: Torkoal|72/100|[from] Grassy Terrain
|upkeep
|turn|8
|inactive|NEOLODO has 30 seconds left.
|
|t:|1756320461
|move|p2b: Torkoal|Protect||[still]
|-fail|p2b: Torkoal
|move|p1b: Rillaboom|Wood Hammer|p2b: Torkoal
|-resisted|p2b: Torkoal
|-damage|p2b: Torkoal|45/100
|-damage|p1b: Rillaboom|77/100|[from] Recoil
|move|p1a: Dondozo|Yawn||[still]
|-fail|p1a: Dondozo
|-curestatus|p2a: Indeedee|slp|[msg]
|move|p2a: Indeedee|Trick Room|p2a: Indeedee
|-fieldstart|move: Trick Room|[of] p2a: Indeedee
|
|-weather|SunnyDay|[upkeep]
|-heal|p2b: Torkoal|51/100|[from] Grassy Terrain
|-heal|p1a: Dondozo|85/100|[from] Grassy Terrain
|-heal|p1a: Dondozo|91/100|[from] item: Leftovers
|-heal|p2a: Indeedee|74/100|[from] Grassy Terrain
|-heal|p1b: Rillaboom|83/100|[from] Grassy Terrain
|-fieldend|move: Grassy Terrain
|upkeep
|turn|9
|inactive|NEOLODO has 30 seconds left.
|
|t:|1756320488
|move|p2a: Indeedee|Helping Hand|p2b: Torkoal
|-singleturn|p2b: Torkoal|Helping Hand|[of] p2a: Indeedee
|move|p2b: Torkoal|Heat Wave|p1a: Dondozo|[spread] p1a,p1b
|-resisted|p1a: Dondozo
|-resisted|p1b: Rillaboom
|-damage|p1a: Dondozo|67/100
|-damage|p1b: Rillaboom|59/100
|move|p1a: Dondozo|Yawn|p2a: Indeedee
|-start|p2a: Indeedee|move: Yawn|[of] p1a: Dondozo
|move|p1b: Rillaboom|High Horsepower|p2b: Torkoal
|-supereffective|p2b: Torkoal
|-damage|p2b: Torkoal|6/100
|
|-weather|SunnyDay|[upkeep]
|-heal|p1a: Dondozo|74/100|[from] item: Leftovers
|upkeep
|turn|10
|
|t:|1756320512
|switch|p2a: Ursaluna|Ursaluna, L50, M|100/100
|move|p1a: Dondozo|Protect|p1a: Dondozo
|-singleturn|p1a: Dondozo|Protect
|move|p2b: Torkoal|Weather Ball|p1b: Rillaboom
|-resisted|p1b: Rillaboom
|-damage|p1b: Rillaboom|35/100
|move|p1b: Rillaboom|Wood Hammer|p2a: Ursaluna
|-supereffective|p2a: Ursaluna
|-damage|p2a: Ursaluna|21/100
|-damage|p1b: Rillaboom|5/100|[from] Recoil
|
|-weather|SunnyDay|[upkeep]
|-heal|p1a: Dondozo|80/100|[from] item: Leftovers
|-status|p2a: Ursaluna|brn|[from] item: Flame Orb
|upkeep
|turn|11
|inactive|NEOLODO has 30 seconds left.
|
|t:|1756320539
|move|p2b: Torkoal|Weather Ball|p1b: Rillaboom
|-resisted|p1b: Rillaboom
|-damage|p1b: Rillaboom|0 fnt
|faint|p1b: Rillaboom
|move|p2a: Ursaluna|Facade|p1a: Dondozo
|-damage|p1a: Dondozo|0 fnt
|faint|p1a: Dondozo
|
|-weather|none
|-damage|p2a: Ursaluna|15/100 brn|[from] brn
|upkeep
|
|t:|1756320546
|switch|p1a: Incineroar|Incineroar, L50, M|42/100
|switch|p1b: Dragonite|Dragonite, L50, F, shiny|100/100
|-ability|p1a: Incineroar|Intimidate|boost
|-unboost|p2a: Ursaluna|atk|1
|-unboost|p2b: Torkoal|atk|1
|turn|12
|inactive|NEOLODO has 30 seconds left.
|inactive|NEOLODO has 20 seconds left.
|
|t:|1756320583
|switch|p2b: Indeedee|Indeedee-F, L50, F|74/100
|-fieldstart|move: Psychic Terrain|[from] ability: Psychic Surge|[of] p2b: Indeedee
|move|p1b: Dragonite|Protect|p1b: Dragonite
|-singleturn|p1b: Dragonite|Protect
|move|p2a: Ursaluna|Facade|p1b: Dragonite
|-activate|p1b: Dragonite|move: Protect
|move|p1a: Incineroar|Knock Off|p2a: Ursaluna
|-damage|p2a: Ursaluna|0 fnt
|-enditem|p2a: Ursaluna|Flame Orb|[from] move: Knock Off|[of] p1a: Incineroar
|faint|p2a: Ursaluna
|
|-fieldend|move: Trick Room
|upkeep
|
|t:|1756320595
|switch|p2a: Torkoal|Torkoal, L50, F|6/100
|-weather|SunnyDay|[from] ability: Drought|[of] p2a: Torkoal
|turn|13
|
|t:|1756320613
|move|p2b: Indeedee|Follow Me|p2b: Indeedee
|-singleturn|p2b: Indeedee|move: Follow Me
|move|p1b: Dragonite|Scale Shot|p2b: Indeedee|[miss]
|-miss|p1b: Dragonite|p2b: Indeedee
|move|p1a: Incineroar|Knock Off|p2b: Indeedee
|-supereffective|p2b: Indeedee
|-damage|p2b: Indeedee|15/100
|move|p2a: Torkoal|Weather Ball|p1a: Incineroar
|-resisted|p1a: Incineroar
|-damage|p1a: Incineroar|14/100
|
|-weather|SunnyDay|[upkeep]
|upkeep
|turn|14
|
|t:|1756320623
|move|p2b: Indeedee|Follow Me|p2b: Indeedee
|-singleturn|p2b: Indeedee|move: Follow Me
|move|p1b: Dragonite|Scale Shot|p2b: Indeedee
|-damage|p2b: Indeedee|2/100
|-damage|p2b: Indeedee|0 fnt
|faint|p2b: Indeedee
|-hitcount|p2: Indeedee|2
|-unboost|p1b: Dragonite|def|1
|-boost|p1b: Dragonite|spe|1
|move|p1a: Incineroar|Knock Off|p2a: Torkoal
|-damage|p2a: Torkoal|0 fnt
|faint|p2a: Torkoal
|
|win|b0000oooo
||b0000oooo is ready for game 3.
|inactive|NEOLODO has 30 seconds to confirm battle start!
