|j|☆spellbreakvgc
|j|☆black urshifu stan
|html|spellbreakvgcblack urshifu stan    
|uhtml|bestof|Game 1 of a best-of-3
|t:|1756755394
|gametype|doubles
|player|p1|spellbreakvgc|lance|1128
|player|p2|black urshifu stan|pokefan-gen4|1088
|gen|9
|tier|[Gen 9] VGC 2025 Reg H (Bo3)
|rated|
|rule|Species Clause: Limit one of each Pokémon
|rule|Item Clause: Limit 1 of each item
|clearpoke
|poke|p1|Charizard, L50, F|
|poke|p1|Torkoal, L50, M|
|poke|p1|Porygon2, L50|
|poke|p1|Incineroar, L50, M|
|poke|p1|Jumpluff, L50, F|
|poke|p1|Ursaluna, L50, F|
|poke|p2|Sneasler, L50, F|
|poke|p2|Samurott-Hisui, L50, M|
|poke|p2|Ninetales-Alola, L50, F|
|poke|p2|Gholdengo, L50|
|poke|p2|Magmar, L50, F|
|poke|p2|Dragonite, L50, F|
|teampreview|4
|showteam|p1|Charizard||ChoiceSpecs|SolarPower|HeatWave,DragonPulse,WeatherBall,AirSlash|||F|||50|,,,,,Ghost]Torkoal||EjectPack|Drought|Eruption,Overheat,HelpingHand,Protect|||M|||50|,,,,,Fire]Porygon2||Eviolite|Download|TeraBlast,IceBeam,Recover,TrickRoom||||||50|,,,,,Fighting]Incineroar||SitrusBerry|Intimidate|FlareBlitz,KnockOff,FakeOut,PartingShot|||M|||50|,,,,,Ghost]Jumpluff||CovertCloak|Chlorophyll|SleepPowder,SunnyDay,RagePowder,Tailwind|||F|||50|,,,,,Water]Ursaluna||FlameOrb|Guts|HeadlongRush,Facade,Earthquake,Protect|||F|||50|,,,,,Ghost
|showteam|p2|Sneasler||FocusSash|PoisonTouch|DireClaw,CloseCombat,Coaching,FakeOut|||F|||50|,,,,,Ghost]Samurott-Hisui||AssaultVest|Sharpness|AquaCutter,KnockOff,SacredSword,SuckerPunch|||M|||50|,,,,,Ghost]Ninetales-Alola||ChoiceSpecs|SnowWarning|Blizzard,IcyWind,FreezeDry,Moonblast|||F|||50|,,,,,Ghost]Gholdengo||LifeOrb|GoodasGold|MakeItRain,ShadowBall,NastyPlot,Protect||||||50|,,,,,Water]Magmar||Eviolite|VitalSpirit|Protect,WillOWisp,FollowMe,HeatWave|||F|||50|,,,,,Ghost]Dragonite||LoadedDice|Multiscale|ExtremeSpeed,Tailwind,ScaleShot,Protect|||F|||50|,,,,,Fairy
|inactive|Battle timer is ON: inactive players will automatically lose when time's up. (requested by black urshifu stan)
|inactive|black urshifu stan has 60 seconds left.
|
|t:|1756755436
|teamsize|p1|4
|teamsize|p2|4
|start
|switch|p1a: Porygon2|Porygon2, L50|100/100
|switch|p1b: Incineroar|Incineroar, L50, M|100/100
|switch|p2a: Samurott|Samurott-Hisui, L50, M|100/100
|switch|p2b: Sneasler|Sneasler, L50, F|100/100
|-ability|p1b: Incineroar|Intimidate|boost
|-unboost|p2a: Samurott|atk|1
|-unboost|p2b: Sneasler|atk|1
|-ability|p1a: Porygon2|Download|boost
|-boost|p1a: Porygon2|atk|1
|turn|1
|inactive|spellbreakvgc has 30 seconds left.
|
|t:|1756755464
|-terastallize|p1a: Porygon2|Fighting
|move|p1b: Incineroar|Fake Out|p2b: Sneasler
|-damage|p2b: Sneasler|81/100
|cant|p2b: Sneasler|flinch
|move|p2a: Samurott|Knock Off|p1a: Porygon2
|-resisted|p1a: Porygon2
|-damage|p1a: Porygon2|91/100
|-enditem|p1a: Porygon2|Eviolite|[from] move: Knock Off|[of] p2a: Samurott
|move|p1a: Porygon2|Trick Room|p1a: Porygon2
|-fieldstart|move: Trick Room|[of] p1a: Porygon2
|
|upkeep
|turn|2
|inactive|spellbreakvgc has 30 seconds left.
|inactive|spellbreakvgc has 20 seconds left.
|inactive|spellbreakvgc has 15 seconds left.
|
|t:|1756755507
|switch|p2a: Dragonite|Dragonite, L50, F|100/100
|move|p1a: Porygon2|Tera Blast|p2a: Dragonite|[anim] Tera Blast Fighting
|-resisted|p2a: Dragonite
|-damage|p2a: Dragonite|91/100
|move|p1b: Incineroar|Parting Shot|p2b: Sneasler
|-unboost|p2b: Sneasler|atk|1
|-unboost|p2b: Sneasler|spa|1
|
|t:|1756755524
|switch|p1b: Torkoal|Torkoal, L50, M|100/100|[from] Parting Shot
|-weather|SunnyDay|[from] ability: Drought|[of] p1b: Torkoal
|move|p2b: Sneasler|Coaching|p2a: Dragonite
|-boost|p2a: Dragonite|atk|1
|-boost|p2a: Dragonite|def|1
|
|-weather|SunnyDay|[upkeep]
|upkeep
|turn|3
|
|t:|1756755542
|move|p2a: Dragonite|Protect|p2a: Dragonite
|-singleturn|p2a: Dragonite|Protect
|move|p1b: Torkoal|Eruption|p2b: Sneasler|[spread] p2b
|-activate|p2a: Dragonite|move: Protect
|-damage|p2b: Sneasler|0 fnt
|faint|p2b: Sneasler
|move|p1a: Porygon2|Ice Beam|p2a: Dragonite
|-activate|p2a: Dragonite|move: Protect
|
|-weather|SunnyDay|[upkeep]
|upkeep
|inactive|black urshifu stan has 30 seconds left.
|
|t:|1756755574
|switch|p2b: Magmar|Magmar, L50, F|100/100
|turn|4
|
|t:|1756755591
|switch|p1a: Incineroar|Incineroar, L50, M|100/100
|-ability|p1a: Incineroar|Intimidate|boost
|-unboost|p2a: Dragonite|atk|1
|-unboost|p2b: Magmar|atk|1
|move|p2b: Magmar|Follow Me|p2b: Magmar
|-singleturn|p2b: Magmar|move: Follow Me
|move|p1b: Torkoal|Eruption|p2b: Magmar|[spread] p2a,p2b
|-resisted|p2a: Dragonite
|-resisted|p2b: Magmar
|-damage|p2a: Dragonite|55/100
|-damage|p2b: Magmar|70/100
|move|p2a: Dragonite|Scale Shot|p1b: Torkoal
|-damage|p1b: Torkoal|90/100
|-damage|p1b: Torkoal|80/100
|-damage|p1b: Torkoal|69/100
|-damage|p1b: Torkoal|58/100
|-hitcount|p1b: Torkoal|4
|-unboost|p2a: Dragonite|def|1
|-boost|p2a: Dragonite|spe|1
|
|-weather|SunnyDay|[upkeep]
|upkeep
|turn|5
|inactive|spellbreakvgc has 30 seconds left.
|
|t:|1756755621
|switch|p1b: Porygon2|Porygon2, L50, tera:Fighting|91/100
|-ability|p1b: Porygon2|Download|boost
|-boost|p1b: Porygon2|atk|1
|switch|p1a: Ursaluna|Ursaluna, L50, F|100/100
|switch|p2b: Samurott|Samurott-Hisui, L50, M|100/100
|move|p2a: Dragonite|Protect||[still]
|-fail|p2a: Dragonite
|
|-weather|SunnyDay|[upkeep]
|-fieldend|move: Trick Room
|-status|p1a: Ursaluna|brn|[from] item: Flame Orb
|upkeep
|turn|6
|inactive|black urshifu stan has 30 seconds left.
|
|t:|1756755652
|switch|p1a: Incineroar|Incineroar, L50, M|100/100
|-ability|p1a: Incineroar|Intimidate|boost
|-unboost|p2a: Dragonite|atk|1
|-unboost|p2b: Samurott|atk|1
|-terastallize|p2b: Samurott|Ghost
|move|p2a: Dragonite|Scale Shot|p1b: Porygon2
|-damage|p1b: Porygon2|80/100
|-damage|p1b: Porygon2|69/100
|-damage|p1b: Porygon2|59/100
|-damage|p1b: Porygon2|49/100
|-hitcount|p1b: Porygon2|4
|-unboost|p2a: Dragonite|def|1
|-boost|p2a: Dragonite|spe|1
|move|p2b: Samurott|Aqua Cutter|p1b: Porygon2
|-damage|p1b: Porygon2|32/100
|move|p1b: Porygon2|Trick Room|p1b: Porygon2
|-fieldstart|move: Trick Room|[of] p1b: Porygon2
|
|-weather|none
|upkeep
|turn|7
|inactive|spellbreakvgc has 30 seconds left.
|
|t:|1756755683
|switch|p1b: Torkoal|Torkoal, L50, M|58/100
|-weather|SunnyDay|[from] ability: Drought|[of] p1b: Torkoal
|move|p1a: Incineroar|Knock Off|p2b: Samurott
|-supereffective|p2b: Samurott
|-damage|p2b: Samurott|9/100
|-enditem|p2b: Samurott|Assault Vest|[from] move: Knock Off|[of] p1a: Incineroar
|move|p2b: Samurott|Aqua Cutter|p1a: Incineroar
|-supereffective|p1a: Incineroar
|-damage|p1a: Incineroar|71/100
|move|p2a: Dragonite|Scale Shot|p1a: Incineroar
|-damage|p1a: Incineroar|60/100
|-damage|p1a: Incineroar|51/100
|-damage|p1a: Incineroar|41/100
|-enditem|p1a: Incineroar|Sitrus Berry|[eat]
|-heal|p1a: Incineroar|65/100|[from] item: Sitrus Berry
|-damage|p1a: Incineroar|55/100
|-hitcount|p1a: Incineroar|4
|-unboost|p2a: Dragonite|def|1
|-boost|p2a: Dragonite|spe|1
|
|-weather|SunnyDay|[upkeep]
|upkeep
|turn|8
|-message|black urshifu stan forfeited.
|
|win|spellbreakvgc
