|j|☆CrazyComet37
|j|☆LarpeyVGC
|html|CrazyComet37LarpeyVGC    
|uhtml|bestof|Game 2 of a best-of-3
|t:|1783393635
|gametype|doubles
|player|p1|CrazyComet37|flint|1257
|player|p2|LarpeyVGC|169|1423
|gen|9
|tier|[Gen 9 Champions] VGC 2026 Reg M-B (Bo3)
|rated|
|rule|Species Clause: Limit one of each Pokémon
|rule|Item Clause: Limit 1 of each item
|clearpoke
|poke|p1|Whimsicott, L50, M|
|poke|p1|Garchomp, L50, M|
|poke|p1|Charizard, L50, M|
|poke|p1|Floette-Eternal, L50, F|
|poke|p1|Kingambit, L50, M|
|poke|p1|Basculegion, L50, M|
|poke|p2|Froslass, L50, F|
|poke|p2|Basculegion, L50, M|
|poke|p2|Sneasler, L50, M|
|poke|p2|Kingambit, L50, F, shiny|
|poke|p2|Garchomp, L50, M|
|poke|p2|Floette-Eternal, L50, F|
|teampreview|4
|showteam|p1|Whimsicott||FocusSash|Prankster|Protect,Tailwind,Moonblast,Encore|Timid||M|||50|]Garchomp||LifeOrb|RoughSkin|Protect,Earthquake,DragonClaw,RockSlide|Jolly||M|||50|]Charizard||CharizarditeY|Blaze|Protect,HeatWave,WeatherBall,SolarBeam|Modest||M|||50|]Floette-Eternal||Floettite|FlowerVeil|Protect,LightofRuin,DazzlingGleam,Moonblast|Modest||F|||50|]Kingambit||ChopleBerry|Defiant|IronHead,SuckerPunch,KowtowCleave,LowKick|Adamant||M|||50|]Basculegion||MysticWater|Adaptability|Protect,AquaJet,LastRespects,WaveCrash|Adamant||M|||50|
|showteam|p2|Froslass||Froslassite|CursedBody|Blizzard,ShadowBall,AuroraVeil,Protect|Modest||F|||50|]Basculegion||ChoiceScarf|Adaptability|WaveCrash,LastRespects,AquaJet,FlipTurn|Jolly||M|||50|]Sneasler||FocusSash|PoisonTouch|FakeOut,CloseCombat,DireClaw,Coaching|Jolly||M|||50|]Kingambit||BlackGlasses|Defiant|SuckerPunch,KowtowCleave,SwordsDance,Protect|Adamant||F|||50|]Garchomp||LifeOrb|RoughSkin|RockSlide,DragonClaw,StompingTantrum,Protect|Jolly||M|||50|]Floette-Eternal||Floettite|FlowerVeil|Moonblast,DazzlingGleam,LightofRuin,Protect|Timid||F|||50|
|
|t:|1783393676
|teamsize|p1|4
|teamsize|p2|4
|start
|switch|p1a: Whimsicott|Whimsicott, L50, M|100/100
|switch|p1b: Floette|Floette-Eternal, L50, F|100/100
|switch|p2a: Sneasler|Sneasler, L50, M|100/100
|switch|p2b: Kingambit|Kingambit, L50, F, shiny|100/100
|turn|1
|inactive|Battle timer is ON: inactive players will automatically lose when time's up. (requested by CrazyComet37)
|
|t:|1783393696
|detailschange|p1b: Floette|Floette-Mega, L50, F
|-mega|p1b: Floette|Floette|Floettite
|-ability|p1b: Floette|Fairy Aura
|move|p1b: Floette|Protect|p1b: Floette
|-singleturn|p1b: Floette|Protect
|move|p2a: Sneasler|Dire Claw|p1b: Floette
|-activate|p1b: Floette|move: Protect
|move|p1a: Whimsicott|Moonblast|p2a: Sneasler
|-damage|p2a: Sneasler|38/100
|move|p2b: Kingambit|Swords Dance|p2b: Kingambit
|-boost|p2b: Kingambit|atk|2
|
|upkeep
|turn|2
|
|t:|1783393712
|move|p1a: Whimsicott|Tailwind|p1a: Whimsicott
|-sidestart|p1: CrazyComet37|move: Tailwind
|move|p2b: Kingambit|Sucker Punch|p1b: Floette
|-resisted|p1b: Floette|1
|-damage|p1b: Floette|34/100
|move|p1b: Floette|Dazzling Gleam|p2b: Kingambit|[spread] p2a,p2b
|-damage|p2a: Sneasler|0 fnt
|-damage|p2b: Kingambit|51/100
|faint|p2a: Sneasler
|
|upkeep
|
|t:|1783393725
|switch|p2a: Floette|Floette-Eternal, L50, F|100/100
|turn|3
|
|t:|1783393747
|detailschange|p2a: Floette|Floette-Mega, L50, F
|-mega|p2a: Floette|Floette|Floettite
|-ability|p2a: Floette|Fairy Aura
|move|p2b: Kingambit|Protect|p2b: Kingambit
|-singleturn|p2b: Kingambit|Protect
|move|p1a: Whimsicott|Moonblast|p2a: Floette
|-damage|p2a: Floette|61/100
|move|p1b: Floette|Moonblast|p2b: Kingambit
|-activate|p2b: Kingambit|move: Protect
|move|p2a: Floette|Dazzling Gleam|p1a: Whimsicott|[spread] p1a,p1b
|-damage|p1a: Whimsicott|25/100
|-damage|p1b: Floette|0 fnt
|faint|p1b: Floette
|
|upkeep
|inactive|CrazyComet37 has 30 seconds left.
|inactive|CrazyComet37 has 20 seconds left.
|
|t:|1783393784
|switch|p1b: Kingambit|Kingambit, L50, M|100/100
|turn|4
|inactive|CrazyComet37 has 30 seconds left.
|inactive|CrazyComet37 has 20 seconds left.
|inactive|CrazyComet37 has 15 seconds left.
|inactive|CrazyComet37 has 10 seconds left.
|inactive|CrazyComet37 has 5 seconds left.
|
|t:|1783393836
|move|p1a: Whimsicott|Protect|p1a: Whimsicott
|-singleturn|p1a: Whimsicott|Protect
|move|p2b: Kingambit|Sucker Punch||[still]
|-fail|p2b: Kingambit
|move|p2a: Floette|Light of Ruin|p1b: Kingambit
|-damage|p1b: Kingambit|0 fnt
|faint|p1b: Kingambit
|-damage|p2a: Floette|0 fnt|[from] Recoil
|faint|p2a: Floette
|
|upkeep
|
|t:|1783393845
|switch|p2a: Garchomp|Garchomp, L50, M|100/100
|switch|p1b: Basculegion|Basculegion, L50, M|100/100
|turn|5
|
|t:|1783393864
|move|p2b: Kingambit|Sucker Punch|p1a: Whimsicott
|-resisted|p1a: Whimsicott|1
|-damage|p1a: Whimsicott|0 fnt
|faint|p1a: Whimsicott
|move|p1b: Basculegion|Wave Crash|p2b: Kingambit
|-damage|p2b: Kingambit|0 fnt
|faint|p2b: Kingambit
|-damage|p1b: Basculegion|82/100|[from] Recoil
|move|p2a: Garchomp|Dragon Claw|p1b: Basculegion
|-damage|p1b: Basculegion|10/100
|-damage|p2a: Garchomp|90/100|[from] item: Life Orb
|
|-sideend|p1: CrazyComet37|move: Tailwind
|upkeep
|turn|6
|
|t:|1783393876
|move|p1b: Basculegion|Aqua Jet|p2a: Garchomp
|-damage|p2a: Garchomp|56/100
|-damage|p1b: Basculegion|0 fnt|[from] ability: Rough Skin|[of] p2a: Garchomp
|faint|p1b: Basculegion
|
|win|LarpeyVGC
||CrazyComet37 is ready for game 3.
||LarpeyVGC is ready for game 3.
|uhtml|next|Next: Game 3 of 3
|l|☆LarpeyVGC
|player|p2|
