|j|☆good fruit store
|j|☆koronops5
|html|good fruit storekoronops5    
|uhtml|bestof|Game 2 of a best-of-3
|t:|1756684890
|gametype|doubles
|player|p1|good fruit store|1|1040
|player|p2|koronops5|101|1118
|gen|9
|tier|[Gen 9] VGC 2025 Reg H (Bo3)
|rated|
|rule|Species Clause: Limit one of each Pokémon
|rule|Item Clause: Limit 1 of each item
|clearpoke
|poke|p1|Sinistcha, L50|
|poke|p1|Dragonite, L50, M|
|poke|p1|Pelipper, L50, M|
|poke|p1|Gholdengo, L50|
|poke|p1|Ursaluna, L50, F|
|poke|p1|Archaludon, L50, F|
|poke|p2|Charizard, L50, M|
|poke|p2|Torkoal, L50, F|
|poke|p2|Porygon2, L50|
|poke|p2|Incineroar, L50, F|
|poke|p2|Jumpluff, L50, F|
|poke|p2|Ursaluna, L50, M|
|teampreview|4
|showteam|p1|Sinistcha||SitrusBerry|Hospitality|LifeDew,RagePowder,TrickRoom,MatchaGotcha||||||50|,,,,,Dark]Dragonite||LoadedDice|Multiscale|ScaleShot,Haze,Tailwind,Protect|||M|||50|,,,,,Fairy]Pelipper||FocusSash|Drizzle|Protect,Hurricane,Tailwind,MuddyWater|||M|||50|,,,,,Ghost]Gholdengo||ChoiceScarf|GoodasGold|Trick,Protect,MakeItRain,ShadowBall||||||50|,,,,,Flying]Ursaluna||FlameOrb|Guts|Facade,HeadlongRush,Earthquake,Protect|||F|||50|,,,,,Ghost]Archaludon||AssaultVest|Stamina|DragonPulse,Snarl,ElectroShot,BodyPress|||F|||50|,,,,,Fighting
|showteam|p2|Charizard||ChoiceSpecs|SolarPower|HeatWave,DragonPulse,WeatherBall,AirSlash|||M|||50|,,,,,Ghost]Torkoal||EjectPack|Drought|Eruption,Overheat,HelpingHand,Protect|||F|||50|,,,,,Fire]Porygon2||Eviolite|Download|TeraBlast,IceBeam,Recover,TrickRoom||||||50|,,,,,Fighting]Incineroar||SitrusBerry|Intimidate|FlareBlitz,KnockOff,FakeOut,PartingShot|||F|||50|,,,,,Ghost]Jumpluff||CovertCloak|Chlorophyll|SleepPowder,SunnyDay,RagePowder,Tailwind|||F|||50|,,,,,Water]Ursaluna||FlameOrb|Guts|HeadlongRush,Facade,Earthquake,Protect|||M|||50|,,,,,Ghost
|inactive|Battle timer is ON: inactive players will automatically lose when time's up. (requested by koronops5)
|inactive|good fruit store has 60 seconds left.
|
|t:|1756684939
|teamsize|p1|4
|teamsize|p2|4
|start
|switch|p1a: Dragonite|Dragonite, L50, M|100/100
|switch|p1b: Archaludon|Archaludon, L50, F|100/100
|switch|p2a: Jumpluff|Jumpluff, L50, F|100/100
|switch|p2b: Porygon2|Porygon2, L50|100/100
|-ability|p2b: Porygon2|Download|boost
|-boost|p2b: Porygon2|spa|1
|turn|1
|inactive|good fruit store has 30 seconds left.
|
|t:|1756684973
|switch|p2b: Charizard|Charizard, L50, M|100/100
|-terastallize|p1a: Dragonite|Fairy
|move|p2a: Jumpluff|Sunny Day|p2a: Jumpluff
|-weather|SunnyDay
|move|p1b: Archaludon|Snarl|p2a: Jumpluff|[spread] p2a
|-miss|p1b: Archaludon|p2b: Charizard
|-damage|p2a: Jumpluff|86/100
|move|p1a: Dragonite|Scale Shot|p2a: Jumpluff
|-damage|p2a: Jumpluff|66/100
|-damage|p2a: Jumpluff|49/100
|-crit|p2a: Jumpluff
|-damage|p2a: Jumpluff|21/100
|-damage|p2a: Jumpluff|2/100
|-hitcount|p2a: Jumpluff|4
|-unboost|p1a: Dragonite|def|1
|-boost|p1a: Dragonite|spe|1
|
|-weather|SunnyDay|[upkeep]
|-damage|p2b: Charizard|88/100|[from] ability: Solar Power|[of] p2b: Charizard
|upkeep
|turn|2
|inactive|good fruit store has 30 seconds left.
|
|t:|1756685006
|switch|p1b: Pelipper|Pelipper, L50, M|100/100
|-weather|RainDance|[from] ability: Drizzle|[of] p1b: Pelipper
|move|p1a: Dragonite|Scale Shot|p2a: Jumpluff
|-damage|p2a: Jumpluff|0 fnt
|faint|p2a: Jumpluff
|-hitcount|p2: Jumpluff|1
|-unboost|p1a: Dragonite|def|1
|-boost|p1a: Dragonite|spe|1
|move|p2b: Charizard|Heat Wave|p1b: Pelipper|[spread] p1a,p1b
|-resisted|p1b: Pelipper
|-damage|p1a: Dragonite|87/100
|-damage|p1b: Pelipper|79/100
|-status|p1a: Dragonite|brn
|-status|p1b: Pelipper|brn
|
|-weather|RainDance|[upkeep]
|-damage|p1a: Dragonite|81/100 brn|[from] brn
|-damage|p1b: Pelipper|73/100 brn|[from] brn
|upkeep
|inactive|koronops5 has 30 seconds left.
|
|t:|1756685034
|switch|p2a: Porygon2|Porygon2, L50|100/100
|-ability|p2a: Porygon2|Download|boost
|-boost|p2a: Porygon2|atk|1
|turn|3
|inactive|good fruit store has 30 seconds left.
|inactive|good fruit store has 20 seconds left.
|
|t:|1756685072
|switch|p2b: Ursaluna|Ursaluna, L50, M|100/100
|move|p1a: Dragonite|Scale Shot|p2a: Porygon2
|-damage|p2a: Porygon2|96/100
|-damage|p2a: Porygon2|91/100
|-damage|p2a: Porygon2|86/100
|-damage|p2a: Porygon2|81/100
|-damage|p2a: Porygon2|76/100
|-hitcount|p2a: Porygon2|5
|-unboost|p1a: Dragonite|def|1
|-boost|p1a: Dragonite|spe|1
|move|p1b: Pelipper|Muddy Water|p2b: Ursaluna|[spread] p2a,p2b
|-supereffective|p2b: Ursaluna
|-damage|p2a: Porygon2|46/100
|-damage|p2b: Ursaluna|17/100
|-unboost|p2a: Porygon2|accuracy|1
|move|p2a: Porygon2|Trick Room|p2a: Porygon2
|-fieldstart|move: Trick Room|[of] p2a: Porygon2
|
|-weather|RainDance|[upkeep]
|-damage|p1b: Pelipper|67/100 brn|[from] brn
|-damage|p1a: Dragonite|75/100 brn|[from] brn
|-status|p2b: Ursaluna|brn|[from] item: Flame Orb
|upkeep
|turn|4
|inactive|koronops5 has 30 seconds left.
|
|t:|1756685101
|move|p2a: Porygon2|Tera Blast|p1b: Pelipper
|-damage|p1b: Pelipper|1/100 brn
|move|p2b: Ursaluna|Headlong Rush|p1a: Dragonite
|-damage|p1a: Dragonite|0 fnt
|-unboost|p2b: Ursaluna|def|1
|-unboost|p2b: Ursaluna|spd|1
|faint|p1a: Dragonite
|move|p1b: Pelipper|Muddy Water|p2b: Ursaluna|[spread] p2a,p2b
|-supereffective|p2b: Ursaluna
|-damage|p2a: Porygon2|17/100
|-damage|p2b: Ursaluna|0 fnt
|-unboost|p2a: Porygon2|accuracy|1
|faint|p2b: Ursaluna
|
|-weather|RainDance|[upkeep]
|-damage|p1b: Pelipper|0 fnt|[from] brn
|faint|p1b: Pelipper
|upkeep
|
|t:|1756685117
|switch|p2b: Charizard|Charizard, L50, M|88/100
|switch|p1b: Archaludon|Archaludon, L50, F|100/100
|switch|p1a: Ursaluna|Ursaluna, L50, F|100/100
|turn|5
|inactive|good fruit store has 30 seconds left.
|inactive|koronops5 has 30 seconds left.
|inactive|good fruit store has 20 seconds left.
|
|t:|1756685154
|-terastallize|p2a: Porygon2|Fighting
|move|p2a: Porygon2|Tera Blast|p1b: Archaludon|[anim] Tera Blast Fighting
|-supereffective|p1b: Archaludon
|-damage|p1b: Archaludon|32/100
|-ability|p1b: Archaludon|Stamina|boost
|-boost|p1b: Archaludon|def|1
|move|p1a: Ursaluna|Facade|p2a: Porygon2
|-damage|p2a: Porygon2|0 fnt
|faint|p2a: Porygon2
|move|p1b: Archaludon|Electro Shot||[still]
|-prepare|p1b: Archaludon|Electro Shot
|-boost|p1b: Archaludon|spa|1
|-anim|p1b: Archaludon|Electro Shot|p2b: Charizard
|-supereffective|p2b: Charizard
|-damage|p2b: Charizard|0 fnt
|faint|p2b: Charizard
|
|win|good fruit store
|raw|good fruit store's rating: 1040 → 1082(+42 for winning)
|raw|koronops5's rating: 1118 → 1087(-31 for losing)
|c|☆koronops5|gg wp man
|n|☆good fruit store|goodfruitstore
|c|☆good fruit store|ggwp
|l|☆koronops5
|player|p2|
