|j|☆new mental
|j|☆AbueloAsi
|html|new mentalAbueloAsi    
|uhtml|bestof|Game 1 of a best-of-3
|t:|1783679518
|gametype|doubles
|player|p1|new mental|volkner|1227
|player|p2|AbueloAsi|pryce|1176
|gen|9
|tier|[Gen 9 Champions] VGC 2026 Reg M-B (Bo3)
|rated|
|rule|Species Clause: Limit one of each Pokémon
|rule|Item Clause: Limit 1 of each item
|clearpoke
|poke|p1|Charizard, L50, F|
|poke|p1|Kingambit, L50, M|
|poke|p1|Sylveon, L50, F|
|poke|p1|Garchomp, L50, F|
|poke|p1|Aerodactyl, L50, M|
|poke|p1|Farigiraf, L50, M|
|poke|p2|Delphox, L50, F|
|poke|p2|Sneasler, L50, F|
|poke|p2|Kingambit, L50, F|
|poke|p2|Sinistcha, L50|
|poke|p2|Blastoise, L50, F|
|poke|p2|Incineroar, L50, M|
|teampreview|4
|showteam|p1|Charizard||CharizarditeY|SolarPower|Protect,HeatWave,SolarBeam,WeatherBall|Modest||F|||50|]Kingambit||FocusSash|Defiant|IronHead,SuckerPunch,KowtowCleave,LowKick|Adamant||M|||50|]Sylveon||FairyFeather|Pixilate|Detect,HyperVoice,HyperBeam,QuickAttack|Modest||F|||50|]Garchomp||LifeOrb|RoughSkin|Protect,DragonClaw,Earthquake,RockSlide|Jolly||F|||50|]Aerodactyl||Aerodactylite|Unnerve|IceFang,RockSlide,Tailwind,DualWingbeat|Jolly||M|||50|]Farigiraf||SitrusBerry|ArmorTail|TrickRoom,Psychic,Thunderbolt,Roar|Bold||M|||50|
|showteam|p2|Delphox||Delphoxite|Blaze|HeatWave,Psychic,NastyPlot,Protect|Timid||F|||50|]Sneasler||FocusSash|Unburden|FakeOut,DireClaw,CloseCombat,QuickGuard|Jolly||F|||50|]Kingambit||BlackGlasses|Defiant|SuckerPunch,KowtowCleave,SwordsDance,Protect|Adamant||F|||50|]Sinistcha||OccaBerry|Hospitality|MatchaGotcha,RagePowder,TrickRoom,Protect|Bold|||||50|]Blastoise||Blastoisinite|Torrent|WaterSpout,DarkPulse,ShellSmash,Protect|Modest||F|||50|]Incineroar||SitrusBerry|Intimidate|FakeOut,FlareBlitz,PartingShot,HelpingHand|Impish||M|||50|
|inactive|Battle timer is ON: inactive players will automatically lose when time's up. (requested by new mental)
|
|t:|1783679554
|teamsize|p1|4
|teamsize|p2|4
|start
|switch|p1a: Aerodactyl|Aerodactyl, L50, M|100/100
|switch|p1b: Kingambit|Kingambit, L50, M|100/100
|switch|p2a: Sinistcha|Sinistcha, L50|100/100
|switch|p2b: Blastoise|Blastoise, L50, F|100/100
|-ability|p1a: Aerodactyl|Unnerve
|turn|1
|inactive|new mental has 30 seconds left.
|inactive|new mental has 20 seconds left.
|
|t:|1783679591
|detailschange|p1a: Aerodactyl|Aerodactyl-Mega, L50, M
|-mega|p1a: Aerodactyl|Aerodactyl|Aerodactylite
|detailschange|p2b: Blastoise|Blastoise-Mega, L50, F
|-mega|p2b: Blastoise|Blastoise|Blastoisinite
|move|p2a: Sinistcha|Rage Powder|p2a: Sinistcha
|-singleturn|p2a: Sinistcha|move: Rage Powder
|move|p1a: Aerodactyl|Rock Slide|p2b: Blastoise|[spread] p2a,p2b
|-damage|p2a: Sinistcha|79/100
|-damage|p2b: Blastoise|75/100
|cant|p2b: Blastoise|flinch
|move|p1b: Kingambit|Kowtow Cleave|p2a: Sinistcha
|-supereffective|p2a: Sinistcha|1
|-damage|p2a: Sinistcha|6/100
|
|upkeep
|turn|2
|inactive|AbueloAsi has 30 seconds left.
|inactive|AbueloAsi has 20 seconds left.
|inactive|new mental has 30 seconds left.
|inactive|AbueloAsi has 15 seconds left.
|inactive|AbueloAsi has 10 seconds left.
|inactive|AbueloAsi has 5 seconds left.
|
|t:|1783679643
|move|p2a: Sinistcha|Protect|p2a: Sinistcha
|-singleturn|p2a: Sinistcha|Protect
|move|p1a: Aerodactyl|Rock Slide|p2a: Sinistcha|[spread] p2b
|-activate|p2a: Sinistcha|move: Protect
|-damage|p2b: Blastoise|48/100
|move|p2b: Blastoise|Water Spout|p1b: Kingambit|[spread] p1a,p1b
|-supereffective|p1a: Aerodactyl|1
|-damage|p1a: Aerodactyl|31/100
|-damage|p1b: Kingambit|64/100
|move|p1b: Kingambit|Kowtow Cleave|p2a: Sinistcha
|-activate|p2a: Sinistcha|move: Protect
|
|upkeep
|turn|3
|inactive|new mental has 30 seconds left.
|
|t:|1783679671
|switch|p2a: Sneasler|Sneasler, L50, F|100/100
|move|p2b: Blastoise|Protect|p2b: Blastoise
|-singleturn|p2b: Blastoise|Protect
|move|p1a: Aerodactyl|Tailwind|p1a: Aerodactyl
|-sidestart|p1: new mental|move: Tailwind
|move|p1b: Kingambit|Kowtow Cleave|p2a: Sneasler
|-resisted|p2a: Sneasler|1
|-crit|p2a: Sneasler
|-damage|p2a: Sneasler|33/100
|
|upkeep
|turn|4
|inactive|new mental has 30 seconds left.
|inactive|AbueloAsi has 30 seconds left.
|inactive|new mental has 20 seconds left.
|inactive|new mental has 15 seconds left.
|inactive|new mental has 10 seconds left.
|
|t:|1783679721
|switch|p1a: Farigiraf|Farigiraf, L50, M|100/100
|switch|p2b: Kingambit|Kingambit, L50, F|100/100
|move|p2a: Sneasler|Fake Out||[still]
|cant|p1a: Farigiraf|ability: Armor Tail|Fake Out|[of] p2a: Sneasler
|move|p1b: Kingambit|Kowtow Cleave|p2b: Kingambit
|-resisted|p2b: Kingambit|1
|-damage|p2b: Kingambit|82/100
|
|upkeep
|turn|5
|inactive|new mental has 30 seconds left.
|
|t:|1783679750
|move|p1b: Kingambit|Kowtow Cleave|p2a: Sneasler
|-resisted|p2a: Sneasler|1
|-damage|p2a: Sneasler|0 fnt
|faint|p2a: Sneasler
|move|p2b: Kingambit|Kowtow Cleave|p1a: Farigiraf
|-supereffective|p1a: Farigiraf|1
|-damage|p1a: Farigiraf|11/100
|-enditem|p1a: Farigiraf|Sitrus Berry|[eat]
|-heal|p1a: Farigiraf|36/100|[from] item: Sitrus Berry
|move|p1a: Farigiraf|Roar|p2b: Kingambit
|drag|p2b: Sinistcha|Sinistcha, L50|6/100
|
|upkeep
|
|t:|1783679763
|switch|p2a: Kingambit|Kingambit, L50, F|82/100
|turn|6
|
|t:|1783679778
|move|p2b: Sinistcha|Rage Powder|p2b: Sinistcha
|-singleturn|p2b: Sinistcha|move: Rage Powder
|move|p1b: Kingambit|Low Kick|p2b: Sinistcha
|-immune|p2b: Sinistcha
|move|p1a: Farigiraf|Psychic|p2b: Sinistcha
|-damage|p2b: Sinistcha|0 fnt
|faint|p2b: Sinistcha
|move|p2a: Kingambit|Kowtow Cleave|p1a: Farigiraf
|-supereffective|p1a: Farigiraf|1
|-damage|p1a: Farigiraf|0 fnt
|faint|p1a: Farigiraf
|
|-sideend|p1: new mental|move: Tailwind
|upkeep
|
|t:|1783679789
|switch|p2b: Blastoise|Blastoise-Mega, L50, F|48/100
|switch|p1a: Aerodactyl|Aerodactyl-Mega, L50, M|31/100
|turn|7
|
|t:|1783679801
|move|p2a: Kingambit|Protect|p2a: Kingambit
|-singleturn|p2a: Kingambit|Protect
|move|p1a: Aerodactyl|Tailwind|p1a: Aerodactyl
|-sidestart|p1: new mental|move: Tailwind
|move|p1b: Kingambit|Low Kick|p2a: Kingambit
|-activate|p2a: Kingambit|move: Protect
|move|p2b: Blastoise|Shell Smash|p2b: Blastoise
|-unboost|p2b: Blastoise|def|1
|-unboost|p2b: Blastoise|spd|1
|-boost|p2b: Blastoise|atk|2
|-boost|p2b: Blastoise|spa|2
|-boost|p2b: Blastoise|spe|2
|
|upkeep
|turn|8
|
|t:|1783679822
|move|p2a: Kingambit|Sucker Punch||[still]
|-fail|p2a: Kingambit
|move|p1a: Aerodactyl|Tailwind||[still]
|-fail|p1a: Aerodactyl
|move|p2b: Blastoise|Water Spout|p1b: Kingambit|[spread] p1a,p1b
|-supereffective|p1a: Aerodactyl|1
|-damage|p1a: Aerodactyl|0 fnt
|-damage|p1b: Kingambit|0 fnt
|faint|p1a: Aerodactyl
|faint|p1b: Kingambit
|
|upkeep
|-message|new mental forfeited.
|
|win|AbueloAsi
||new mental is ready for game 2.
||AbueloAsi is ready for game 2.
|uhtml|next|Next: Game 2 of 3
|l|☆AbueloAsi
|player|p2|
