|j|☆sorecruiser
|j|☆tocanteaohorario
|html|sorecruisertocanteaohorario    
|uhtml|bestof|Game 2 of a best-of-3
|t:|1756929970
|gametype|doubles
|player|p1|sorecruiser|furisodegirl-black|1080
|player|p2|tocanteaohorario|101|1045
|gen|9
|tier|[Gen 9] VGC 2025 Reg H (Bo3)
|rated|
|rule|Species Clause: Limit one of each Pokémon
|rule|Item Clause: Limit 1 of each item
|clearpoke
|poke|p1|Gholdengo, L50|
|poke|p1|Whimsicott, L50, F|
|poke|p1|Sneasler, L50, F|
|poke|p1|Basculegion, L50, M|
|poke|p1|Hydreigon, L50, M|
|poke|p1|Magmar, L50, M|
|poke|p2|Annihilape, L50, M|
|poke|p2|Archaludon, L50, F|
|poke|p2|Dragonite, L50, M|
|poke|p2|Incineroar, L50, F|
|poke|p2|Ursaluna-Bloodmoon, L50, M|
|poke|p2|Whimsicott, L50, M|
|teampreview|4
|showteam|p1|Gholdengo||MetalCoat|GoodasGold|MakeItRain,ShadowBall,NastyPlot,Protect||||||50|,,,,,Steel]Whimsicott||CovertCloak|Prankster|Tailwind,Encore,FakeTears,Moonblast|||F|||50|,,,,,Dark]Sneasler||FocusSash|PoisonTouch|Protect,CloseCombat,DireClaw,ThroatChop|||F|||50|,,,,,Dark]Basculegion||ChoiceScarf|Adaptability|LastRespects,WaveCrash,AquaJet,FlipTurn|||M|||50|,,,,,Ghost]Hydreigon||ChoiceSpecs|Levitate|DarkPulse,DracoMeteor,Snarl,HeatWave|||M|||50|,,,,,Fire]Magmar||Eviolite|VitalSpirit|Protect,FollowMe,HeatWave,Taunt|||M|||50|,,,,,Water
|showteam|p2|Annihilape||SafetyGoggles|Defiant|Coaching,CloseCombat,RageFist,FinalGambit|||M|||50|,,,,,Water]Archaludon||PowerHerb|Stalwart|ElectroShot,Thunderbolt,DragonPulse,Protect|||F|||50|,,,,,Electric]Dragonite||LoadedDice|Multiscale|ScaleShot,ExtremeSpeed,Haze,Protect|||M|||50|,,,,,Steel]Incineroar||SitrusBerry|Intimidate|FakeOut,FlareBlitz,KnockOff,PartingShot|||F|||50|,,,,,Grass]Ursaluna-Bloodmoon||AssaultVest|MindsEye|BloodMoon,HyperVoice,EarthPower,VacuumWave|||M|||50|,,,,,Poison]Whimsicott||FocusSash|Prankster|Moonblast,FakeTears,Encore,Tailwind|||M|||50|,,,,,Ghost
|inactive|Battle timer is ON: inactive players will automatically lose when time's up. (requested by tocanteaohorario)
|inactive|sorecruiser has 60 seconds left.
|
|t:|1756930029
|teamsize|p1|4
|teamsize|p2|4
|start
|switch|p1a: Whimsicott|Whimsicott, L50, F|100/100
|switch|p1b: Sneasler|Sneasler, L50, F|100/100
|switch|p2a: Archaludon|Archaludon, L50, F|100/100
|switch|p2b: Whimsicott|Whimsicott, L50, M|100/100
|turn|1
|
|t:|1756930046
|-terastallize|p2a: Archaludon|Electric
|move|p2b: Whimsicott|Tailwind|p2b: Whimsicott
|-sidestart|p2: tocanteaohorario|move: Tailwind
|move|p1a: Whimsicott|Tailwind|p1a: Whimsicott
|-sidestart|p1: sorecruiser|move: Tailwind
|move|p1b: Sneasler|Close Combat|p2a: Archaludon
|-damage|p2a: Archaludon|35/100
|-unboost|p1b: Sneasler|def|1
|-unboost|p1b: Sneasler|spd|1
|-status|p2a: Archaludon|psn|[from] ability: Poison Touch|[of] p1b: Sneasler
|move|p2a: Archaludon|Thunderbolt|p1b: Sneasler
|-enditem|p1b: Sneasler|Focus Sash
|-damage|p1b: Sneasler|1/100
|
|-damage|p2a: Archaludon|23/100 psn|[from] psn
|upkeep
|turn|2
|
|t:|1756930067
|switch|p2a: Dragonite|Dragonite, L50, M|100/100
|-terastallize|p1a: Whimsicott|Dark
|move|p2b: Whimsicott|Encore|p1a: Whimsicott
|-hint|Since gen 7, Dark is immune to Prankster moves.
|-immune|p1a: Whimsicott
|move|p1b: Sneasler|Dire Claw|p2b: Whimsicott
|-supereffective|p2b: Whimsicott
|-enditem|p2b: Whimsicott|Focus Sash
|-damage|p2b: Whimsicott|1/100
|-status|p2b: Whimsicott|psn
|move|p1a: Whimsicott|Moonblast|p2a: Dragonite
|-supereffective|p2a: Dragonite
|-damage|p2a: Dragonite|71/100
|
|-damage|p2b: Whimsicott|0 fnt|[from] psn
|faint|p2b: Whimsicott
|upkeep
|
|t:|1756930077
|switch|p2b: Ursaluna|Ursaluna-Bloodmoon, L50, M|100/100
|turn|3
|inactive|sorecruiser has 30 seconds left.
|
|t:|1756930112
|move|p2a: Dragonite|Extreme Speed|p1b: Sneasler
|-damage|p1b: Sneasler|0 fnt
|faint|p1b: Sneasler
|move|p1a: Whimsicott|Moonblast|p2a: Dragonite
|-supereffective|p2a: Dragonite
|-damage|p2a: Dragonite|12/100
|move|p2b: Ursaluna|Blood Moon|p1a: Whimsicott
|-crit|p1a: Whimsicott
|-damage|p1a: Whimsicott|0 fnt
|faint|p1a: Whimsicott
|
|upkeep
|
|t:|1756930121
|switch|p1b: Basculegion|Basculegion, L50, M|100/100
|switch|p1a: Gholdengo|Gholdengo, L50|100/100
|turn|4
|inactive|tocanteaohorario has 30 seconds left.
|
|t:|1756930148
|move|p2a: Dragonite|Protect|p2a: Dragonite
|-singleturn|p2a: Dragonite|Protect
|move|p1b: Basculegion|Wave Crash|p2b: Ursaluna
|-supereffective|p2b: Ursaluna
|-damage|p2b: Ursaluna|0 fnt
|faint|p2b: Ursaluna
|-damage|p1b: Basculegion|65/100|[from] Recoil
|move|p1a: Gholdengo|Shadow Ball|p2a: Dragonite
|-activate|p2a: Dragonite|move: Protect
|
|-sideend|p1: sorecruiser|move: Tailwind
|-sideend|p2: tocanteaohorario|move: Tailwind
|upkeep
|
|t:|1756930155
|switch|p2b: Archaludon|Archaludon, L50, F, tera:Electric|23/100 psn
|turn|5
|
|t:|1756930165
|move|p2b: Archaludon|Protect|p2b: Archaludon
|-singleturn|p2b: Archaludon|Protect
|move|p1b: Basculegion|Wave Crash|p2b: Archaludon
|-activate|p2b: Archaludon|move: Protect
|move|p1a: Gholdengo|Make It Rain|p2a: Dragonite|[spread] p2a
|-activate|p2b: Archaludon|move: Protect
|-damage|p2a: Dragonite|0 fnt
|-unboost|p1a: Gholdengo|spa|1
|faint|p2a: Dragonite
|
|-damage|p2b: Archaludon|11/100 psn|[from] psn
|upkeep
|turn|6
|
|t:|1756930174
|move|p1b: Basculegion|Wave Crash|p2b: Archaludon
|-crit|p2b: Archaludon
|-damage|p2b: Archaludon|0 fnt
|faint|p2b: Archaludon
|-damage|p1b: Basculegion|62/100|[from] Recoil
|
|win|sorecruiser
