|j|☆RegiSIXSEVEN
|j|☆chocokoala vgc
|html|RegiSIXSEVENchocokoala vgc    
|uhtml|bestof|Game 1 of a best-of-3
|t:|1782412606
|gametype|doubles
|player|p1|RegiSIXSEVEN|steven|1169
|player|p2|chocokoala vgc|benga|1149
|gen|9
|tier|[Gen 9 Champions] VGC 2026 Reg M-B (Bo3)
|rated|
|rule|Species Clause: Limit one of each Pokémon
|rule|Item Clause: Limit 1 of each item
|clearpoke
|poke|p1|Dragalge, L50, F, shiny|
|poke|p1|Farigiraf, L50, M, shiny|
|poke|p1|Staraptor, L50, M, shiny|
|poke|p1|Grimmsnarl, L50, M, shiny|
|poke|p1|Kingambit, L50, M, shiny|
|poke|p1|Kangaskhan, L50, F, shiny|
|poke|p2|Primarina, L50, F|
|poke|p2|Metagross, L50|
|poke|p2|Incineroar, L50, M|
|poke|p2|Sinistcha, L50|
|poke|p2|Aerodactyl, L50, M|
|poke|p2|Garchomp, L50, M|
|teampreview|4
|showteam|p1|Dragalge||Dragalgite|Adaptability|SludgeBomb,DracoMeteor,FlipTurn,HydroPump|Quiet||F|||50|]Farigiraf||ColburBerry|ArmorTail|Psychic,TrickRoom,HelpingHand,Protect|Calm||M|||50|]Staraptor||ChoiceScarf|Intimidate|FinalGambit,CloseCombat,DualWingbeat,Uturn|Adamant||M|||50|]Grimmsnarl||LightClay|Prankster|SpiritBreak,Reflect,PartingShot,FoulPlay|Careful||M|||50|]Kingambit||BlackGlasses|Defiant|KowtowCleave,SuckerPunch,SwordsDance,Protect|Adamant||M|||50|]Kangaskhan||Kangaskhanite|Scrappy|FakeOut,DoubleEdge,DrainPunch,IcePunch|Adamant||F|||50|
|showteam|p2|Primarina||Leftovers|LiquidVoice|HyperVoice,Moonblast,Protect,CalmMind|Modest||F|||50|]Metagross||Metagrossite|ClearBody|MeteorMash,PsychicFangs,Protect,StompingTantrum|Adamant|||||50|]Incineroar||SitrusBerry|Intimidate|FakeOut,PartingShot,FlareBlitz,ThroatChop|Careful||M|||50|]Sinistcha||KasibBerry|Hospitality|MatchaGotcha,RagePowder,LifeDew,TrickRoom|Sassy|||||50|]Aerodactyl||Aerodactylite|RockHead|RockSlide,DualWingbeat,Protect,Tailwind|Jolly||M|||50|]Garchomp||LifeOrb|RoughSkin|Earthquake,StompingTantrum,Protect,DragonClaw|Adamant||M|||50|
|inactive|Battle timer is ON: inactive players will automatically lose when time's up. (requested by chocokoala vgc)
|inactive|RegiSIXSEVEN also wants the timer to be on.
|inactive|RegiSIXSEVEN has 60 seconds left.
|inactive|chocokoala vgc has 60 seconds left.
|
|t:|1782412653
|teamsize|p1|4
|teamsize|p2|4
|start
|switch|p1a: Staraptor|Staraptor, L50, M, shiny|100/100
|switch|p1b: Farigiraf|Farigiraf, L50, M, shiny|100/100
|switch|p2a: Decidueye? NOPE|Sinistcha, L50|100/100
|switch|p2b: Primarina|Primarina, L50, F|100/100
|-ability|p1a: Staraptor|Intimidate|boost
|-unboost|p2a: Decidueye? NOPE|atk|1
|-unboost|p2b: Primarina|atk|1
|turn|1
|inactive|RegiSIXSEVEN has 30 seconds left.
|
|t:|1782412682
|move|p1b: Farigiraf|Helping Hand|p1a: Staraptor
|-singleturn|p1a: Staraptor|Helping Hand|[of] p1b: Farigiraf
|move|p2a: Decidueye? NOPE|Rage Powder|p2a: Decidueye? NOPE
|-singleturn|p2a: Decidueye? NOPE|move: Rage Powder
|move|p1a: Staraptor|Dual Wingbeat|p2a: Decidueye? NOPE
|-supereffective|p2a: Decidueye? NOPE|1
|-damage|p2a: Decidueye? NOPE|52/100
|-supereffective|p2a: Decidueye? NOPE|1
|-damage|p2a: Decidueye? NOPE|5/100
|-hitcount|p2a: Decidueye? NOPE|2
|move|p2b: Primarina|Calm Mind|p2b: Primarina
|-boost|p2b: Primarina|spa|1
|-boost|p2b: Primarina|spd|1
|
|upkeep
|turn|2
|inactive|RegiSIXSEVEN has 30 seconds left.
|
|t:|1782412709
|switch|p1a: Kangaskhan|Kangaskhan, L50, F, shiny|100/100
|move|p2a: Decidueye? NOPE|Rage Powder|p2a: Decidueye? NOPE
|-singleturn|p2a: Decidueye? NOPE|move: Rage Powder
|move|p2b: Primarina|Hyper Voice|p1b: Farigiraf|[spread] p1a,p1b
|-crit|p1a: Kangaskhan
|-damage|p1a: Kangaskhan|27/100
|-damage|p1b: Farigiraf|62/100
|move|p1b: Farigiraf|Psychic|p2a: Decidueye? NOPE
|-damage|p2a: Decidueye? NOPE|0 fnt
|faint|p2a: Decidueye? NOPE
|
|upkeep
|
|t:|1782412721
|switch|p2a: Metagross|Metagross, L50|100/100
|turn|3
|inactive|RegiSIXSEVEN has 30 seconds left.
|
|t:|1782412754
|detailschange|p2a: Metagross|Metagross-Mega, L50
|-mega|p2a: Metagross|Metagross|Metagrossite
|detailschange|p1a: Kangaskhan|Kangaskhan-Mega, L50, F, shiny
|-mega|p1a: Kangaskhan|Kangaskhan|Kangaskhanite
|move|p1b: Farigiraf|Helping Hand|p1a: Kangaskhan
|-singleturn|p1a: Kangaskhan|Helping Hand|[of] p1b: Farigiraf
|move|p2a: Metagross|Meteor Mash|p1b: Farigiraf|[miss]
|-miss|p2a: Metagross|p1b: Farigiraf
|move|p1a: Kangaskhan|Double-Edge|p2b: Primarina
|-damage|p2b: Primarina|0 fnt
|faint|p2b: Primarina
|-damage|p1a: Kangaskhan|1/100|[from] Recoil
|
|upkeep
|
|t:|1782412769
|switch|p2b: Garchomp|Garchomp, L50, M|100/100
|turn|4
|
|t:|1782412776
|move|p1b: Farigiraf|Protect|p1b: Farigiraf
|-singleturn|p1b: Farigiraf|Protect
|move|p2b: Garchomp|Stomping Tantrum|p1a: Kangaskhan
|-damage|p1a: Kangaskhan|0 fnt
|faint|p1a: Kangaskhan
|-damage|p2b: Garchomp|90/100|[from] item: Life Orb
|move|p2a: Metagross|Meteor Mash|p1b: Farigiraf
|-activate|p1b: Farigiraf|move: Protect
|
|upkeep
|
|t:|1782412785
|switch|p1a: Staraptor|Staraptor, L50, M, shiny|100/100
|-ability|p1a: Staraptor|Intimidate|boost
|-unboost|p2a: Metagross|atk|1
|-unboost|p2b: Garchomp|atk|1
|turn|5
|-message|chocokoala vgc forfeited.
|
|win|RegiSIXSEVEN
