|j|☆Nusssack
|j|☆PizzaSanwitch
|html|NusssackPizzaSanwitch    
|uhtml|bestof|Game 1 of a best-of-3
|t:|1783625725
|gametype|doubles
|player|p1|Nusssack|falkner|1009
|player|p2|PizzaSanwitch|265|1109
|gen|9
|tier|[Gen 9 Champions] VGC 2026 Reg M-B (Bo3)
|rated|
|rule|Species Clause: Limit one of each Pokémon
|rule|Item Clause: Limit 1 of each item
|clearpoke
|poke|p1|Milotic, L50, F, shiny|
|poke|p1|Rotom-Wash, L50|
|poke|p1|Drampa, L50, F, shiny|
|poke|p1|Metagross, L50, shiny|
|poke|p1|Blaziken, L50, F|
|poke|p1|Eelektross, L50, M|
|poke|p2|Pelipper, L50, M|
|poke|p2|Archaludon, L50, M|
|poke|p2|Swampert, L50, M|
|poke|p2|Venusaur, L50, M|
|poke|p2|Basculegion, L50, M|
|poke|p2|Grimmsnarl, L50, M|
|teampreview|4
|showteam|p1|Milotic||SitrusBerry|Competitive|IcyWind,Hypnosis,Coil,Recover|Calm||F|||50|]Rotom-Wash||ChoiceScarf|Levitate|HydroPump,LightScreen,WillOWisp,Trick|Bold|||||50|]Drampa||Leftovers|CloudNine|IceBeam,EnergyBall,Thunderbolt,Protect|Modest||F|||50|]Metagross||LifeOrb|ClearBody|IronHead,PsychicFangs,PsychUp,Protect|Jolly|||||50|]Blaziken||Blazikenite|SpeedBoost|CloseCombat,FlareBlitz,SwordsDance,Protect|Jolly||F|||50|]Eelektross||Eelektrossite|Levitate|ThunderPunch,DrainPunch,ThroatChop,Protect|Adamant||M|||50|
|showteam|p2|Pelipper||FocusSash|Drizzle|WeatherBall,Hurricane,Tailwind,Protect|Modest||M|||50|]Archaludon||Leftovers|Stamina|ElectroShot,FlashCannon,DragonPulse,Protect|Modest||M|||50|]Swampert||Swampertite|Damp|WaveCrash,Earthquake,IcePunch,Protect|Adamant||M|||50|]Venusaur||Venusaurite|Chlorophyll|GigaDrain,SludgeBomb,EarthPower,Protect|Modest||M|||50|]Basculegion||ChoiceScarf|Adaptability|WaveCrash,LastRespects,AquaJet,FlipTurn|Jolly||M|||50|]Grimmsnarl||LightClay|Prankster|SpiritBreak,Reflect,LightScreen,PartingShot|Careful||M|||50|
|inactive|Battle timer is ON: inactive players will automatically lose when time's up. (requested by Nusssack)
|inactive|Nusssack has 60 seconds left.
|inactive|PizzaSanwitch has 60 seconds left.
|inactive|PizzaSanwitch has 30 seconds left.
|inactive|PizzaSanwitch has 20 seconds left.
|inactive|PizzaSanwitch has 15 seconds left.
|inactive|PizzaSanwitch has 10 seconds left.
|
|t:|1783625808
|teamsize|p1|4
|teamsize|p2|4
|start
|switch|p1a: Splashes|Rotom-Wash, L50|100/100
|switch|p1b: Snakeman|Eelektross, L50, M|100/100
|switch|p2a: Grimmsnarl|Grimmsnarl, L50, M|100/100
|switch|p2b: Venusaur|Venusaur, L50, M|100/100
|turn|1
|inactive|PizzaSanwitch has 30 seconds left.
|
|t:|1783625836
|switch|p1b: Patina|Metagross, L50, shiny|100/100
|detailschange|p2b: Venusaur|Venusaur-Mega, L50, M
|-mega|p2b: Venusaur|Venusaur|Venusaurite
|move|p2a: Grimmsnarl|Parting Shot|p1b: Patina
|-fail|p1b: Patina|unboost|[from] ability: Clear Body|[of] p1b: Patina
|move|p1a: Splashes|Trick|p2a: Grimmsnarl
|-activate|p1a: Splashes|move: Trick|[of] p2a: Grimmsnarl
|-item|p2a: Grimmsnarl|Choice Scarf|[from] move: Trick
|-item|p1a: Splashes|Light Clay|[from] move: Trick
|move|p2b: Venusaur|Giga Drain|p1a: Splashes
|-supereffective|p1a: Splashes|1
|-damage|p1a: Splashes|16/100
|
|upkeep
|turn|2
|inactive|PizzaSanwitch has 30 seconds left.
|inactive|PizzaSanwitch has 20 seconds left.
|inactive|PizzaSanwitch has 15 seconds left.
|
|t:|1783625877
|switch|p1a: Snakeman|Eelektross, L50, M|100/100
|switch|p2b: Archaludon|Archaludon, L50, M|100/100
|move|p2a: Grimmsnarl|Parting Shot|p1a: Snakeman
|-unboost|p1a: Snakeman|atk|1
|-unboost|p1a: Snakeman|spa|1
|
|t:|1783625894
|switch|p2a: Pelipper|Pelipper, L50, M|100/100|[from] Parting Shot
|-weather|RainDance|[from] ability: Drizzle|[of] p2a: Pelipper
|move|p1b: Patina|Psychic Fangs|p2b: Archaludon
|-resisted|p2b: Archaludon|1
|-damage|p2b: Archaludon|76/100
|-ability|p2b: Archaludon|Stamina|boost
|-boost|p2b: Archaludon|def|1
|-damage|p1b: Patina|90/100|[from] item: Life Orb
|
|-weather|RainDance|[upkeep]
|-heal|p2b: Archaludon|82/100|[from] item: Leftovers
|upkeep
|turn|3
|inactive|Nusssack has 30 seconds left.
|inactive|PizzaSanwitch has 30 seconds left.
|inactive|PizzaSanwitch has 20 seconds left.
|
|t:|1783625931
|switch|p1b: Splashes|Rotom-Wash, L50|16/100
|switch|p1a: Dranma|Drampa, L50, F, shiny|100/100
|-ability|p1a: Dranma|Cloud Nine
|move|p2a: Pelipper|Protect|p2a: Pelipper
|-singleturn|p2a: Pelipper|Protect
|move|p2b: Archaludon|Electro Shot||[still]
|-prepare|p2b: Archaludon|Electro Shot
|-boost|p2b: Archaludon|spa|1
|
|-weather|RainDance|[upkeep]
|-heal|p2b: Archaludon|88/100|[from] item: Leftovers
|upkeep
|turn|4
|inactive|Nusssack has 30 seconds left.
|inactive|Nusssack has 20 seconds left.
|
|t:|1783625967
|switch|p2a: Grimmsnarl|Grimmsnarl, L50, M|100/100
|move|p1b: Splashes|Trick|p2b: Archaludon
|-activate|p1b: Splashes|move: Trick|[of] p2b: Archaludon
|-item|p2b: Archaludon|Light Clay|[from] move: Trick
|-item|p1b: Splashes|Leftovers|[from] move: Trick
|move|p2b: Archaludon|Electro Shot|p1b: Splashes|[from] lockedmove
|-damage|p1b: Splashes|0 fnt
|faint|p1b: Splashes
|move|p1a: Dranma|Thunderbolt|p2a: Grimmsnarl
|-damage|p2a: Grimmsnarl|74/100
|
|-weather|RainDance|[upkeep]
|upkeep
|
|t:|1783625983
|switch|p1b: Snakeman|Eelektross, L50, M|100/100
|turn|5
|
|t:|1783625997
|detailschange|p1b: Snakeman|Eelektross-Mega, L50, M
|-mega|p1b: Snakeman|Eelektross|Eelektrossite
|move|p2a: Grimmsnarl|Parting Shot|p1b: Snakeman
|-unboost|p1b: Snakeman|atk|1
|-unboost|p1b: Snakeman|spa|1
|
|t:|1783626001
|switch|p2a: Venusaur|Venusaur-Mega, L50, M|100/100|[from] Parting Shot
|move|p1b: Snakeman|Drain Punch|p2b: Archaludon
|-supereffective|p2b: Archaludon|1
|-damage|p2b: Archaludon|69/100
|-ability|p2b: Archaludon|Stamina|boost
|-boost|p2b: Archaludon|def|1
|move|p2b: Archaludon|Dragon Pulse|p1a: Dranma
|-supereffective|p1a: Dranma|1
|-damage|p1a: Dranma|0 fnt
|faint|p1a: Dranma
|
|-weather|RainDance|[upkeep]
|upkeep
|
|t:|1783626012
|switch|p1a: Patina|Metagross, L50, shiny|90/100
|turn|6
|-message|Nusssack forfeited.
|
|win|PizzaSanwitch
|l|☆Nusssack
|player|p1|
||Nusssack is ready for game 2.
||PizzaSanwitch is ready for game 2.
|uhtml|next|Next: Game 2 of 3
