|j|☆cinquil_
|j|☆bachespex
|html|cinquil_bachespex    
|uhtml|bestof|Game 2 of a best-of-3
|t:|1784955711
|gametype|doubles
|player|p1|cinquil_|kieran-champion|
|player|p2|bachespex|cynthia|
|gen|9
|tier|[Gen 9 Champions] VGC 2026 Reg M-B (Bo3)
|rule|Species Clause: Limit one of each Pokémon
|rule|Item Clause: Limit 1 of each item
|clearpoke
|poke|p1|Espeon, L50, M|
|poke|p1|Mimikyu, L50, M, shiny|
|poke|p1|Maushold, L50|
|poke|p1|Mawile, L50, M, shiny|
|poke|p1|Kingambit, L50, M|
|poke|p1|Avalugg-Hisui, L50, M|
|poke|p2|Aerodactyl, L50, M|
|poke|p2|Sylveon, L50, F|
|poke|p2|Charizard, L50, M|
|poke|p2|Kingambit, L50, M|
|poke|p2|Garchomp, L50, F|
|poke|p2|Farigiraf, L50, F|
|teampreview|4
|showteam|p1|Espeon||LifeOrb|MagicBounce|Detect,Psychic,ShadowBall,PowerGem|Timid||M|||50|]Mimikyu||SitrusBerry|Disguise|Substitute,PhantomForce,PainSplit,TrickRoom|Sassy||M|||50|]Maushold||FocusSash|FriendGuard|FollowMe,SuperFang,Feint,HelpingHand|Jolly|||||50|]Mawile||Mawilite|Intimidate|Protect,SuckerPunch,BrickBreak,PlayRough|Adamant||M|||50|]Kingambit||ChopleBerry|Defiant|SuckerPunch,IronHead,KowtowCleave,LowKick|Adamant||M|||50|]Avalugg-Hisui||WideLens|Sturdy|WideGuard,MountainGale,BodyPress,RockSlide|Adamant||M|||50|
|showteam|p2|Aerodactyl||Aerodactylite|Unnerve|RockSlide,DualWingbeat,IceFang,Tailwind|Jolly||M|||50|]Sylveon||FairyFeather|Pixilate|Detect,QuickAttack,HyperVoice,HyperBeam|Sassy||F|||50|]Charizard||CharizarditeY|Blaze|Protect,HeatWave,WeatherBall,SolarBeam|Timid||M|||50|]Kingambit||FocusSash|Defiant|KowtowCleave,IronHead,SuckerPunch,LowKick|Adamant||M|||50|]Garchomp||LifeOrb|RoughSkin|Protect,DragonClaw,StompingTantrum,Earthquake|Jolly||F|||50|]Farigiraf||SitrusBerry|ArmorTail|Psychic,TrickRoom,Thunderbolt,HelpingHand|Quiet||F|||50|
|
|t:|1784955739
|teamsize|p1|4
|teamsize|p2|4
|start
|switch|p1a: Espeon|Espeon, L50, M|100/100
|switch|p1b: Maushold|Maushold, L50|100/100
|switch|p2a: Aerodactyl|Aerodactyl, L50, M|100/100
|switch|p2b: Sylveon|Sylveon, L50, F|100/100
|-ability|p2a: Aerodactyl|Unnerve
|turn|1
|
|t:|1784955795
|detailschange|p2a: Aerodactyl|Aerodactyl-Mega, L50, M
|-mega|p2a: Aerodactyl|Aerodactyl|Aerodactylite
|move|p1b: Maushold|Helping Hand|p1a: Espeon
|-singleturn|p1a: Espeon|Helping Hand|[of] p1b: Maushold
|move|p2b: Sylveon|Detect|p2b: Sylveon
|-singleturn|p2b: Sylveon|Protect
|move|p2a: Aerodactyl|Tailwind|p2a: Aerodactyl
|-sidestart|p2: bachespex|move: Tailwind
|move|p1a: Espeon|Power Gem|p2a: Aerodactyl
|-supereffective|p2a: Aerodactyl|1
|-damage|p2a: Aerodactyl|0 fnt
|faint|p2a: Aerodactyl
|-damage|p1a: Espeon|90/100|[from] item: Life Orb
|
|upkeep
|
|t:|1784955813
|switch|p2a: Charizard|Charizard, L50, M|100/100
|turn|2
|
|t:|1784955845
|move|p2a: Charizard|Weather Ball|p1a: Espeon
|-damage|p1a: Espeon|74/100
|move|p1b: Maushold|Super Fang|p2b: Sylveon
|-damage|p2b: Sylveon|50/100y
|move|p1a: Espeon|Power Gem|p2a: Charizard
|-supereffective|p2a: Charizard|2
|-damage|p2a: Charizard|0 fnt
|faint|p2a: Charizard
|-damage|p1a: Espeon|64/100|[from] item: Life Orb
|move|p2b: Sylveon|Hyper Voice|p1a: Espeon|[spread] p1a,p1b
|-damage|p1a: Espeon|30/100
|-damage|p1b: Maushold|53/100
|
|upkeep
|
|t:|1784955860
|switch|p2a: Kingambit|Kingambit, L50, M|100/100
|turn|3
|
|t:|1784955890
|move|p1a: Espeon|Detect|p1a: Espeon
|-singleturn|p1a: Espeon|Protect
|move|p1b: Maushold|Feint|p2b: Sylveon
|-damage|p2b: Sylveon|38/100
|move|p2b: Sylveon|Hyper Beam|p1b: Maushold
|-damage|p1b: Maushold|0 fnt
|-mustrecharge|p2b: Sylveon
|faint|p1b: Maushold
|move|p2a: Kingambit|Kowtow Cleave|p1a: Espeon
|-activate|p1a: Espeon|move: Protect
|
|upkeep
|
|t:|1784955904
|switch|p1b: Avalugg|Avalugg-Hisui, L50, M|100/100
|turn|4
|
|t:|1784955935
|switch|p1a: Mawile|Mawile, L50, M, shiny|100/100
|-ability|p1a: Mawile|Intimidate|boost
|-unboost|p2a: Kingambit|atk|1
|-ability|p2a: Kingambit|Defiant|boost
|-boost|p2a: Kingambit|atk|2
|-unboost|p2b: Sylveon|atk|1
|cant|p2b: Sylveon|recharge
|move|p2a: Kingambit|Low Kick|p1b: Avalugg
|-supereffective|p1b: Avalugg|2
|-crit|p1b: Avalugg
|-ability|p1b: Avalugg|Sturdy
|-damage|p1b: Avalugg|1/100
|move|p1b: Avalugg|Body Press|p2a: Kingambit
|-supereffective|p2a: Kingambit|2
|-enditem|p2a: Kingambit|Focus Sash
|-damage|p2a: Kingambit|1/100
|
|-sideend|p2: bachespex|move: Tailwind
|upkeep
|turn|5
|
|t:|1784955978
|detailschange|p1a: Mawile|Mawile-Mega, L50, M, shiny
|-mega|p1a: Mawile|Mawile|Mawilite
|move|p1b: Avalugg|Wide Guard|p1b: Avalugg
|-singleturn|p1b: Avalugg|Wide Guard
|move|p1a: Mawile|Sucker Punch|p2a: Kingambit
|-resisted|p2a: Kingambit|1
|-damage|p2a: Kingambit|0 fnt
|faint|p2a: Kingambit
|move|p2b: Sylveon|Hyper Voice|p1a: Mawile|[spread] 
|-activate|p1a: Mawile|move: Wide Guard
|-activate|p1b: Avalugg|move: Wide Guard
|
|upkeep
|turn|6
|
|t:|1784956001
|move|p1b: Avalugg|Wide Guard|p1b: Avalugg
|-singleturn|p1b: Avalugg|Wide Guard
|move|p1a: Mawile|Sucker Punch|p2b: Sylveon
|-resisted|p2b: Sylveon|1
|-damage|p2b: Sylveon|7/100
|move|p2b: Sylveon|Hyper Voice|p1a: Mawile|[spread] 
|-activate|p1a: Mawile|move: Wide Guard
|-activate|p1b: Avalugg|move: Wide Guard
|
|upkeep
|turn|7
|
|t:|1784956021
|move|p1b: Avalugg|Wide Guard|p1b: Avalugg
|-singleturn|p1b: Avalugg|Wide Guard
|move|p1a: Mawile|Sucker Punch|p2b: Sylveon
|-resisted|p2b: Sylveon|1
|-damage|p2b: Sylveon|0 fnt
|faint|p2b: Sylveon
|
|win|cinquil_
