|j|☆FerKillerVGC
|j|☆Sodamario
|html|FerKillerVGCSodamario    
|uhtml|bestof|Game 3 of a best-of-3
|t:|1782191890
|gametype|doubles
|player|p1|FerKillerVGC|102|1210
|player|p2|Sodamario|cynthia-gen4|1333
|gen|9
|tier|[Gen 9 Champions] VGC 2026 Reg M-B (Bo3)
|rated|
|rule|Species Clause: Limit one of each Pokémon
|rule|Item Clause: Limit 1 of each item
|clearpoke
|poke|p1|Snorlax, L50, F|
|poke|p1|Sableye, L50, M|
|poke|p1|Armarouge, L50, M|
|poke|p1|Clefable, L50, F|
|poke|p1|Kingambit, L50, M|
|poke|p1|Venusaur, L50, M|
|poke|p2|Blaziken, L50, F|
|poke|p2|Froslass, L50, F|
|poke|p2|Kingambit, L50, F|
|poke|p2|Sneasler, L50, M|
|poke|p2|Whimsicott, L50, F|
|poke|p2|Basculegion, L50, M|
|teampreview|4
|showteam|p1|Snorlax||SitrusBerry|ThickFat|Facade,BodyPress,Stockpile,Recycle|Impish||F|||50|]Sableye||RoseliBerry|Prankster|FoulPlay,WillOWisp,Quash,FakeOut|Careful||M|||50|]Armarouge||FocusSash|FlashFire|HeatWave,Psychic,WideGuard,TrickRoom|Quiet||M|||50|]Clefable||Clefablite|Unaware|Moonblast,Flamethrower,FollowMe,Protect|Bold||F|||50|]Kingambit||BlackGlasses|Defiant|KowtowCleave,IronHead,SuckerPunch,Protect|Adamant||M|||50|]Venusaur||Venusaurite|Chlorophyll|SludgeBomb,GigaDrain,EarthPower,Protect|Modest||M|||50|
|showteam|p2|Blaziken||Blazikenite|SpeedBoost|FlareBlitz,CloseCombat,RockSlide,Protect|Adamant||F|||50|]Froslass||Froslassite|SnowCloak|Blizzard,ShadowBall,AuroraVeil,Protect|Timid||F|||50|]Kingambit||BlackGlasses|Defiant|KowtowCleave,IronHead,SuckerPunch,Protect|Adamant||F|||50|]Sneasler||WhiteHerb|Unburden|CloseCombat,GunkShot,FakeOut,Protect|Jolly||M|||50|]Whimsicott||FocusSash|Prankster|Moonblast,Tailwind,Encore,Protect|Timid||F|||50|]Basculegion||LifeOrb|Adaptability|WaveCrash,LastRespects,AquaJet,Protect|Adamant||M|||50|
|
|t:|1782191943
|teamsize|p1|4
|teamsize|p2|4
|start
|switch|p1a: Snorlax|Snorlax, L50, F|100/100
|switch|p1b: Sableye|Sableye, L50, M|100/100
|switch|p2a: Kingambit|Kingambit, L50, F|100/100
|switch|p2b: Sneasler|Sneasler, L50, M|100/100
|turn|1
|inactive|Battle timer is ON: inactive players will automatically lose when time's up. (requested by FerKillerVGC)
|
|t:|1782191953
|move|p2b: Sneasler|Fake Out|p1a: Snorlax
|-damage|p1a: Snorlax|92/100
|move|p1b: Sableye|Will-O-Wisp|p2b: Sneasler
|-status|p2b: Sneasler|brn
|move|p2a: Kingambit|Kowtow Cleave|p1b: Sableye
|-crit|p1b: Sableye
|-damage|p1b: Sableye|0 fnt
|faint|p1b: Sableye
|cant|p1a: Snorlax|flinch
|
|-damage|p2b: Sneasler|94/100 brn|[from] brn
|upkeep
|
|t:|1782191965
|switch|p1b: Armarouge|Armarouge, L50, M|100/100
|turn|2
|
|t:|1782191982
|move|p2a: Kingambit|Sucker Punch||[still]
|-fail|p2a: Kingambit
|move|p2b: Sneasler|Close Combat|p1b: Armarouge
|-resisted|p1b: Armarouge|1
|-damage|p1b: Armarouge|87/100
|-unboost|p2b: Sneasler|def|1
|-unboost|p2b: Sneasler|spd|1
|-enditem|p2b: Sneasler|White Herb
|-clearnegativeboost|p2b: Sneasler|[silent]
|move|p1a: Snorlax|Stockpile|p1a: Snorlax
|-start|p1a: Snorlax|stockpile1
|-boost|p1a: Snorlax|def|1
|-boost|p1a: Snorlax|spd|1
|move|p1b: Armarouge|Trick Room|p1b: Armarouge
|-fieldstart|move: Trick Room|[of] p1b: Armarouge
|
|-damage|p2b: Sneasler|88/100 brn|[from] brn
|upkeep
|turn|3
|inactive|FerKillerVGC has 30 seconds left.
|
|t:|1782192012
|switch|p2a: Basculegion|Basculegion, L50, M|100/100
|move|p1a: Snorlax|Stockpile|p1a: Snorlax
|-start|p1a: Snorlax|stockpile2
|-boost|p1a: Snorlax|def|1
|-boost|p1a: Snorlax|spd|1
|move|p1b: Armarouge|Heat Wave|p2b: Sneasler|[spread] p2a,p2b
|-resisted|p2a: Basculegion|1
|-damage|p2a: Basculegion|77/100
|-damage|p2b: Sneasler|42/100 brn
|move|p2b: Sneasler|Close Combat|p1a: Snorlax
|-supereffective|p1a: Snorlax|1
|-damage|p1a: Snorlax|74/100
|-unboost|p2b: Sneasler|def|1
|-unboost|p2b: Sneasler|spd|1
|
|-damage|p2b: Sneasler|36/100 brn|[from] brn
|upkeep
|turn|4
|
|t:|1782192032
|move|p2a: Basculegion|Protect|p2a: Basculegion
|-singleturn|p2a: Basculegion|Protect
|move|p1a: Snorlax|Stockpile|p1a: Snorlax
|-start|p1a: Snorlax|stockpile3
|-boost|p1a: Snorlax|def|1
|-boost|p1a: Snorlax|spd|1
|move|p1b: Armarouge|Psychic|p2a: Basculegion
|-activate|p2a: Basculegion|move: Protect
|move|p2b: Sneasler|Close Combat|p1b: Armarouge
|-resisted|p1b: Armarouge|1
|-damage|p1b: Armarouge|74/100
|-unboost|p2b: Sneasler|def|1
|-unboost|p2b: Sneasler|spd|1
|
|-damage|p2b: Sneasler|31/100 brn|[from] brn
|upkeep
|turn|5
|
|t:|1782192052
|move|p2a: Basculegion|Aqua Jet|p1b: Armarouge
|-supereffective|p1b: Armarouge|1
|-damage|p1b: Armarouge|3/100
|-damage|p2a: Basculegion|67/100|[from] item: Life Orb
|move|p1a: Snorlax|Facade|p2b: Sneasler
|-damage|p2b: Sneasler|0 fnt
|faint|p2b: Sneasler
|move|p1b: Armarouge|Psychic|p2a: Basculegion
|-damage|p2a: Basculegion|9/100
|
|upkeep
|
|t:|1782192068
|switch|p2b: Blaziken|Blaziken, L50, F|100/100
|turn|6
|inactive|FerKillerVGC has 30 seconds left.
|
|t:|1782192097
|detailschange|p2b: Blaziken|Blaziken-Mega, L50, F
|-mega|p2b: Blaziken|Blaziken|Blazikenite
|move|p2b: Blaziken|Protect|p2b: Blaziken
|-singleturn|p2b: Blaziken|Protect
|move|p2a: Basculegion|Aqua Jet|p1b: Armarouge
|-supereffective|p1b: Armarouge|1
|-damage|p1b: Armarouge|0 fnt
|faint|p1b: Armarouge
|-damage|p2a: Basculegion|0 fnt|[from] item: Life Orb
|faint|p2a: Basculegion
|move|p1a: Snorlax|Facade|p2b: Blaziken
|-activate|p2b: Blaziken|move: Protect
|
|-fieldend|move: Trick Room
|-ability|p2b: Blaziken|Speed Boost|boost
|-boost|p2b: Blaziken|spe|1
|upkeep
|
|t:|1782192103
|switch|p2a: Kingambit|Kingambit, L50, F|100/100
|switch|p1b: Venusaur|Venusaur, L50, M|100/100
|turn|7
|
|t:|1782192124
|detailschange|p1b: Venusaur|Venusaur-Mega, L50, M
|-mega|p1b: Venusaur|Venusaur|Venusaurite
|move|p2a: Kingambit|Protect|p2a: Kingambit
|-singleturn|p2a: Kingambit|Protect
|move|p2b: Blaziken|Close Combat|p1a: Snorlax
|-supereffective|p1a: Snorlax|1
|-damage|p1a: Snorlax|38/100
|-unboost|p2b: Blaziken|def|1
|-unboost|p2b: Blaziken|spd|1
|-enditem|p1a: Snorlax|Sitrus Berry|[eat]
|-heal|p1a: Snorlax|62/100|[from] item: Sitrus Berry
|move|p1b: Venusaur|Earth Power|p2b: Blaziken
|-supereffective|p2b: Blaziken|1
|-damage|p2b: Blaziken|1/100
|move|p1a: Snorlax|Body Press|p2a: Kingambit
|-activate|p2a: Kingambit|move: Protect
|
|-ability|p2b: Blaziken|Speed Boost|boost
|-boost|p2b: Blaziken|spe|1
|upkeep
|turn|8
|inactive|Sodamario has 30 seconds left.
|inactive|FerKillerVGC has 30 seconds left.
|inactive|Sodamario has 20 seconds left.
|inactive|FerKillerVGC has 20 seconds left.
|inactive|Sodamario has 15 seconds left.
|
|t:|1782192168
|move|p2a: Kingambit|Sucker Punch||[still]
|-fail|p2a: Kingambit
|move|p2b: Blaziken|Close Combat|p1a: Snorlax
|-supereffective|p1a: Snorlax|1
|-damage|p1a: Snorlax|26/100
|-unboost|p2b: Blaziken|def|1
|-unboost|p2b: Blaziken|spd|1
|move|p1b: Venusaur|Earth Power|p2b: Blaziken
|-supereffective|p2b: Blaziken|1
|-damage|p2b: Blaziken|0 fnt
|faint|p2b: Blaziken
|move|p1a: Snorlax|Recycle|p1a: Snorlax
|-item|p1a: Snorlax|Sitrus Berry|[from] move: Recycle
|-enditem|p1a: Snorlax|Sitrus Berry|[eat]
|-heal|p1a: Snorlax|50/100g|[from] item: Sitrus Berry
|
|upkeep
|turn|9
|-message|Sodamario forfeited.
|
|win|FerKillerVGC
|raw|FerKillerVGC's rating: 1210 → 1243(+33 for winning)
|raw|Sodamario's rating: 1333 → 1306(-27 for losing)
|l|☆Sodamario
|player|p2|
