|j|☆abgesaftet
|j|☆ImAtWorkVGC
|html|abgesaftetImAtWorkVGC    
|uhtml|bestof|Game 2 of a best-of-3
|t:|1785766670
|gametype|doubles
|player|p1|abgesaftet|ballguy|1290
|player|p2|ImAtWorkVGC|169|1183
|gen|9
|tier|[Gen 9 Champions] VGC 2026 Reg M-B (Bo3)
|rated|
|rule|Species Clause: Limit one of each Pokémon
|rule|Item Clause: Limit 1 of each item
|clearpoke
|poke|p1|Sneasler, L50, F|
|poke|p1|Sinistcha, L50|
|poke|p1|Incineroar, L50, M|
|poke|p1|Kingambit, L50, M|
|poke|p1|Delphox, L50, M|
|poke|p1|Blastoise, L50, F|
|poke|p2|Farigiraf, L50, M|
|poke|p2|Kangaskhan, L50, F|
|poke|p2|Charizard, L50, F|
|poke|p2|Machamp, L50, F|
|poke|p2|Garchomp, L50, M|
|poke|p2|Vivillon-Pokeball, L50, M|
|teampreview|4
|showteam|p1|Sneasler||FocusSash|PoisonTouch|FakeOut,CloseCombat,PoisonJab,QuickGuard|Jolly||F|||50|]Sinistcha||OccaBerry|Hospitality|MatchaGotcha,RagePowder,TrickRoom,Protect|Bold|||||50|]Incineroar||SitrusBerry|Intimidate|FakeOut,FlareBlitz,ThroatChop,PartingShot|Careful||M|||50|]Kingambit||LifeOrb|Defiant|KowtowCleave,SuckerPunch,SwordsDance,Protect|Adamant||M|||50|]Delphox||Delphoxite|Blaze|HeatWave,Psychic,NastyPlot,Protect|Timid||M|||50|]Blastoise||Blastoisinite|RainDish|WaterSpout,DarkPulse,ShellSmash,Protect|Modest||F|||50|
|showteam|p2|Farigiraf||SitrusBerry|ArmorTail|HelpingHand,Psychic,HyperVoice,TrickRoom|Bold||M|||50|]Kangaskhan||SilkScarf|Scrappy|FakeOut,LastResort|Adamant||F|||50|]Charizard||CharizarditeY|Blaze|Protect,WeatherBall,HeatWave,SolarBeam|Modest||F|||50|]Machamp||RoseliBerry|NoGuard|DynamicPunch,StoneEdge,IcePunch,WideGuard|Brave||F|||50|]Garchomp||LifeOrb|RoughSkin|Protect,DragonClaw,Earthquake,RockSlide|Adamant||M|||50|]Vivillon-Pokeball||FocusSash|CompoundEyes|Protect,Hurricane,SleepPowder,Tailwind|Timid||M|||50|
|inactive|Battle timer is ON: inactive players will automatically lose when time's up. (requested by abgesaftet)
|
|t:|1785766687
|teamsize|p1|4
|teamsize|p2|4
|start
|switch|p1a: Delphox|Delphox, L50, M|100/100
|switch|p1b: Incineroar|Incineroar, L50, M|100/100
|switch|p2a: Kangaskhan|Kangaskhan, L50, F|100/100
|switch|p2b: Farigiraf|Farigiraf, L50, M|100/100
|-ability|p1b: Incineroar|Intimidate|boost
|-fail|p2a: Kangaskhan|unboost|Attack|[from] ability: Scrappy|[of] p2a: Kangaskhan
|-unboost|p2b: Farigiraf|atk|1
|turn|1
|
|t:|1785766703
|detailschange|p1a: Delphox|Delphox-Mega, L50, M
|-mega|p1a: Delphox|Delphox|Delphoxite
|move|p2a: Kangaskhan|Fake Out|p1b: Incineroar
|-damage|p1b: Incineroar|76/100
|move|p1a: Delphox|Nasty Plot|p1a: Delphox
|-boost|p1a: Delphox|spa|2
|cant|p1b: Incineroar|flinch
|move|p2b: Farigiraf|Trick Room|p2b: Farigiraf
|-fieldstart|move: Trick Room|[of] p2b: Farigiraf
|
|upkeep
|turn|2
|
|t:|1785766713
|move|p2b: Farigiraf|Helping Hand|p2a: Kangaskhan
|-singleturn|p2a: Kangaskhan|Helping Hand|[of] p2b: Farigiraf
|move|p1a: Delphox|Protect|p1a: Delphox
|-singleturn|p1a: Delphox|Protect
|move|p1b: Incineroar|Parting Shot|p2a: Kangaskhan
|-unboost|p2a: Kangaskhan|atk|1
|-unboost|p2a: Kangaskhan|spa|1
|
|t:|1785766723
|switch|p1b: Sinistcha|Sinistcha, L50|100/100|[from] Parting Shot
|move|p2a: Kangaskhan|Last Resort|p1b: Sinistcha
|-damage|p1b: Sinistcha|35/100
|
|upkeep
|turn|3
|
|t:|1785766741
|switch|p1b: Incineroar|Incineroar, L50, M|76/100
|-ability|p1b: Incineroar|Intimidate|boost
|-fail|p2a: Kangaskhan|unboost|Attack|[from] ability: Scrappy|[of] p2a: Kangaskhan
|-unboost|p2b: Farigiraf|atk|1
|move|p2b: Farigiraf|Psychic|p1b: Incineroar
|-immune|p1b: Incineroar
|move|p2a: Kangaskhan|Last Resort|p1a: Delphox
|-damage|p1a: Delphox|27/100
|move|p1a: Delphox|Heat Wave|p2a: Kangaskhan|[spread] p2a,p2b
|-damage|p2a: Kangaskhan|17/100
|-damage|p2b: Farigiraf|25/100
|-enditem|p2b: Farigiraf|Sitrus Berry|[eat]
|-heal|p2b: Farigiraf|50/100g|[from] item: Sitrus Berry
|
|upkeep
|turn|4
|
|t:|1785766757
|move|p1a: Delphox|Protect|p1a: Delphox
|-singleturn|p1a: Delphox|Protect
|move|p2b: Farigiraf|Hyper Voice|p1a: Delphox|[spread] p1b
|-activate|p1a: Delphox|move: Protect
|-damage|p1b: Incineroar|57/100
|move|p1b: Incineroar|Parting Shot|p2a: Kangaskhan
|-unboost|p2a: Kangaskhan|atk|1
|-unboost|p2a: Kangaskhan|spa|1
|
|t:|1785766773
|switch|p1b: Sinistcha|Sinistcha, L50|35/100|[from] Parting Shot
|-heal|p1a: Delphox|52/100|[from] ability: Hospitality|[of] p1b: Sinistcha
|move|p2a: Kangaskhan|Last Resort|p1b: Sinistcha
|-damage|p1b: Sinistcha|6/100
|
|upkeep
|turn|5
|
|t:|1785766793
|move|p1b: Sinistcha|Rage Powder|p1b: Sinistcha
|-singleturn|p1b: Sinistcha|move: Rage Powder
|move|p2b: Farigiraf|Psychic|p1b: Sinistcha
|-damage|p1b: Sinistcha|0 fnt
|faint|p1b: Sinistcha
|move|p2a: Kangaskhan|Last Resort|p1a: Delphox
|-damage|p1a: Delphox|0 fnt
|faint|p1a: Delphox
|
|-fieldend|move: Trick Room
|upkeep
|
|t:|1785766800
|switch|p1a: Incineroar|Incineroar, L50, M|57/100
|switch|p1b: Sneasler|Sneasler, L50, F|100/100
|-ability|p1a: Incineroar|Intimidate|boost
|-fail|p2a: Kangaskhan|unboost|Attack|[from] ability: Scrappy|[of] p2a: Kangaskhan
|-unboost|p2b: Farigiraf|atk|1
|turn|6
|
|t:|1785766815
|switch|p2b: Machamp|Machamp, L50, F|100/100
|move|p1b: Sneasler|Poison Jab|p2a: Kangaskhan
|-damage|p2a: Kangaskhan|0 fnt
|faint|p2a: Kangaskhan
|move|p1a: Incineroar|Throat Chop|p2b: Machamp
|-resisted|p2b: Machamp|1
|-damage|p2b: Machamp|83/100
|-start|p2b: Machamp|Throat Chop|[silent]
|
|upkeep
|
|t:|1785766824
|switch|p2a: Charizard|Charizard, L50, F|100/100
|turn|7
|
|t:|1785766833
|switch|p2b: Farigiraf|Farigiraf, L50, M|50/100g
|detailschange|p2a: Charizard|Charizard-Mega-Y, L50, F
|-mega|p2a: Charizard|Charizard|Charizardite Y
|-weather|SunnyDay|[from] ability: Drought|[of] p2a: Charizard
|move|p1b: Sneasler|Poison Jab|p2b: Farigiraf
|-damage|p2b: Farigiraf|19/100
|-status|p2b: Farigiraf|psn
|move|p2a: Charizard|Heat Wave|p1b: Sneasler|[spread] p1a,p1b
|-resisted|p1a: Incineroar|1
|-damage|p1a: Incineroar|32/100
|-damage|p1b: Sneasler|7/100
|-enditem|p1a: Incineroar|Sitrus Berry|[eat]
|-heal|p1a: Incineroar|57/100|[from] item: Sitrus Berry
|move|p1a: Incineroar|Flare Blitz|p2b: Farigiraf
|-damage|p2b: Farigiraf|0 fnt
|faint|p2b: Farigiraf
|-damage|p1a: Incineroar|49/100|[from] Recoil
|
|-weather|SunnyDay|[upkeep]
|upkeep
|
|t:|1785766836
|switch|p2b: Machamp|Machamp, L50, F|83/100
|turn|8
|
|t:|1785766848
|move|p1b: Sneasler|Poison Jab|p2a: Charizard
|-damage|p2a: Charizard|62/100
|-status|p2a: Charizard|psn|[from] ability: Poison Touch|[of] p1b: Sneasler
|move|p2a: Charizard|Heat Wave|p1b: Sneasler|[spread] p1a,p1b
|-resisted|p1a: Incineroar|1
|-damage|p1a: Incineroar|23/100
|-damage|p1b: Sneasler|0 fnt
|faint|p1b: Sneasler
|move|p1a: Incineroar|Flare Blitz|p2b: Machamp
|-damage|p2b: Machamp|11/100
|-status|p2b: Machamp|brn
|-damage|p1a: Incineroar|0 fnt|[from] Recoil
|faint|p1a: Incineroar
|
|win|ImAtWorkVGC
