|j|☆ReggioVGC
|j|☆skipply
|html|ReggioVGCskipply    
|uhtml|bestof|Game 1 of a best-of-3
|t:|1756720083
|gametype|doubles
|player|p1|ReggioVGC|lucas|1076
|player|p2|skipply|266|1074
|gen|9
|tier|[Gen 9] VGC 2025 Reg H (Bo3)
|rated|
|rule|Species Clause: Limit one of each Pokémon
|rule|Item Clause: Limit 1 of each item
|clearpoke
|poke|p1|Ursaluna, L50, F|
|poke|p1|Kilowattrel, L50, F|
|poke|p1|Gholdengo, L50|
|poke|p1|Incineroar, L50, F|
|poke|p1|Amoonguss, L50, F|
|poke|p1|Porygon2, L50|
|poke|p2|Typhlosion-Hisui, L50, M|
|poke|p2|Arcanine-Hisui, L50, M|
|poke|p2|Incineroar, L50, F|
|poke|p2|Volcarona, L50, F|
|poke|p2|Torkoal, L50, F|
|poke|p2|Talonflame, L50, M|
|teampreview|4
|showteam|p1|Ursaluna||FlameOrb|Guts|Facade,HeadlongRush,Earthquake,Protect|||F|||50|,,,,,Fairy]Kilowattrel||FocusSash|Competitive|Thunderbolt,AirSlash,Tailwind,Protect|||F|||50|,,,,,Ghost]Gholdengo||LifeOrb|GoodasGold|MakeItRain,ShadowBall,NastyPlot,Protect||||||50|,,,,,Flying]Incineroar||AssaultVest|Intimidate|KnockOff,FlareBlitz,Uturn,FakeOut|||F|||50|,,,,,Grass]Amoonguss||SitrusBerry|Regenerator|Spore,RagePowder,SludgeBomb,Protect|||F|||50|,,,,,Water]Porygon2||Eviolite|Download|TeraBlast,IceBeam,Recover,TrickRoom||||||50|,,,,,Fighting
|showteam|p2|Typhlosion-Hisui||ChoiceSpecs|Blaze|Eruption,HeatWave,Overheat,SleepTalk|||M|||50|,,,,,Fire]Arcanine-Hisui||ChoiceBand|RockHead|FlareBlitz,RockSlide,HeadSmash,ExtremeSpeed|||M|||50|,,,,,Water]Incineroar||SafetyGoggles|Intimidate|KnockOff,FakeOut,PartingShot,Protect|||F|||50|,,,,,Ghost]Volcarona||Leftovers|FlameBody|TeraBlast,GigaDrain,QuiverDance,Protect|||F|||50|,,,,,Fairy]Torkoal||EjectPack|Drought|Eruption,HeatWave,Overheat,Protect|||F|||50|,,,,,Fire]Talonflame||CovertCloak|GaleWings|BraveBird,Tailwind,FlareBlitz,Protect|||M|||50|,,,,,Ghost
|inactive|Battle timer is ON: inactive players will automatically lose when time's up. (requested by ReggioVGC)
|inactive|ReggioVGC has 60 seconds left.
|
|t:|1756720163
|teamsize|p1|4
|teamsize|p2|4
|start
|switch|p1a: 뽀록나|Amoonguss, L50, F, shiny|100/100
|switch|p1b: Nokia Brick|Porygon2, L50, shiny|100/100
|switch|p2a: Torkoal|Torkoal, L50, F|100/100
|switch|p2b: Typhlosion|Typhlosion-Hisui, L50, M|100/100
|-ability|p1b: Nokia Brick|Download|boost
|-boost|p1b: Nokia Brick|spa|1
|-weather|SunnyDay|[from] ability: Drought|[of] p2a: Torkoal
|turn|1
|inactive|ReggioVGC has 30 seconds left.
|inactive|skipply has 30 seconds left.
|c|☆skipply|This is like
|c|☆skipply|really bad for you
|inactive|ReggioVGC has 20 seconds left.
|c|☆skipply|I think
|c|☆ReggioVGC|ahahahahha
|c|☆ReggioVGC|ya
|inactive|ReggioVGC has 15 seconds left.
|c|☆ReggioVGC|so do i
|inactive|ReggioVGC has 10 seconds left.
|
|t:|1756720212
|-terastallize|p2b: Typhlosion|Fire
|-terastallize|p1a: 뽀록나|Water
|move|p2b: Typhlosion|Eruption|p1b: Nokia Brick|[spread] p1a,p1b
|-resisted|p1a: 뽀록나
|-damage|p1a: 뽀록나|27/100
|-damage|p1b: Nokia Brick|5/100
|-enditem|p1a: 뽀록나|Sitrus Berry|[eat]
|-heal|p1a: 뽀록나|51/100|[from] item: Sitrus Berry
|move|p1a: 뽀록나|Spore|p2a: Torkoal
|-status|p2a: Torkoal|slp|[from] move: Spore
|cant|p2a: Torkoal|slp
|move|p1b: Nokia Brick|Trick Room|p1b: Nokia Brick
|-fieldstart|move: Trick Room|[of] p1b: Nokia Brick
|
|-weather|SunnyDay|[upkeep]
|upkeep
|turn|2
|inactive|ReggioVGC has 30 seconds left.
|
|t:|1756720245
|switch|p2b: Incineroar|Incineroar, L50, F|100/100
|-ability|p2b: Incineroar|Intimidate|boost
|-unboost|p1a: 뽀록나|atk|1
|-unboost|p1b: Nokia Brick|atk|1
|cant|p2a: Torkoal|slp
|move|p1a: 뽀록나|Sludge Bomb|p2b: Incineroar
|-damage|p2b: Incineroar|77/100
|move|p1b: Nokia Brick|Recover|p1b: Nokia Brick
|-heal|p1b: Nokia Brick|55/100
|
|-weather|SunnyDay|[upkeep]
|upkeep
|turn|3
|inactive|ReggioVGC has 30 seconds left.
|inactive|ReggioVGC has 20 seconds left.
|
|t:|1756720284
|switch|p1a: Pumpy the Grumpy|Incineroar, L50, F, shiny|100/100
|-ability|p1a: Pumpy the Grumpy|Intimidate|boost
|-unboost|p2a: Torkoal|atk|1
|-unboost|p2b: Incineroar|atk|1
|-enditem|p2a: Torkoal|Eject Pack
|inactive|skipply has 30 seconds left.
|
|t:|1756720309
|switch|p2a: Typhlosion|Typhlosion-Hisui, L50, M, tera:Fire|100/100
|move|p2b: Incineroar|Knock Off|p1b: Nokia Brick
|-damage|p1b: Nokia Brick|41/100
|-enditem|p1b: Nokia Brick|Eviolite|[from] move: Knock Off|[of] p2b: Incineroar
|move|p1b: Nokia Brick|Tera Blast|p2a: Typhlosion
|-damage|p2a: Typhlosion|37/100
|
|-weather|SunnyDay|[upkeep]
|upkeep
|turn|4
|c|☆skipply|I forgot I was Tera’d into fire
|inactive|ReggioVGC has 30 seconds left.
|inactive|skipply has 30 seconds left.
|c|☆skipply|whoops
|
|t:|1756720344
|switch|p2a: Torkoal|Torkoal, L50, F|100/100 slp
|move|p1b: Nokia Brick|Tera Blast|p2a: Torkoal
|-damage|p2a: Torkoal|44/100 slp
|move|p2b: Incineroar|Knock Off|p1a: Pumpy the Grumpy
|-resisted|p1a: Pumpy the Grumpy
|-damage|p1a: Pumpy the Grumpy|88/100
|-enditem|p1a: Pumpy the Grumpy|Assault Vest|[from] move: Knock Off|[of] p2b: Incineroar
|move|p1a: Pumpy the Grumpy|U-turn|p2b: Incineroar
|-damage|p2b: Incineroar|60/100
|
|t:|1756720358
|switch|p1a: 뽀록나|Amoonguss, L50, F, shiny, tera:Water|84/100|[from] U-turn
|
|-weather|SunnyDay|[upkeep]
|upkeep
|turn|5
|c|☆skipply|P2 is so strong woah
|c|☆ReggioVGC|yes!
|c|☆skipply|Me when I’m Lara raj:
|inactive|ReggioVGC has 30 seconds left.
|
|t:|1756720384
|switch|p1a: Pumpy the Grumpy|Incineroar, L50, F, shiny|88/100
|-ability|p1a: Pumpy the Grumpy|Intimidate|boost
|-unboost|p2a: Torkoal|atk|1
|-unboost|p2b: Incineroar|atk|1
|cant|p2a: Torkoal|slp
|move|p2b: Incineroar|Parting Shot|p1b: Nokia Brick
|-unboost|p1b: Nokia Brick|atk|1
|-unboost|p1b: Nokia Brick|spa|1
|
|t:|1756720393
|switch|p2b: Typhlosion|Typhlosion-Hisui, L50, M, tera:Fire|37/100|[from] Parting Shot
|move|p1b: Nokia Brick|Tera Blast|p2a: Torkoal
|-damage|p2a: Torkoal|5/100 slp
|
|-weather|none
|-fieldend|move: Trick Room
|upkeep
|turn|6
|inactive|ReggioVGC has 30 seconds left.
|
|t:|1756720428
|switch|p2b: Talonflame|Talonflame, L50, M|100/100
|switch|p2a: Incineroar|Incineroar, L50, F|60/100
|-ability|p2a: Incineroar|Intimidate|boost
|-unboost|p1a: Pumpy the Grumpy|atk|1
|-unboost|p1b: Nokia Brick|atk|1
|move|p1a: Pumpy the Grumpy|Fake Out|p2b: Talonflame
|-damage|p2b: Talonflame|90/100
|move|p1b: Nokia Brick|Tera Blast|p2b: Talonflame
|-damage|p2b: Talonflame|46/100
|
|upkeep
|turn|7
|inactive|ReggioVGC has 30 seconds left.
|inactive|skipply has 30 seconds left.
|inactive|ReggioVGC has 20 seconds left.
|
|t:|1756720465
|move|p2a: Incineroar|Fake Out|p1b: Nokia Brick
|-damage|p1b: Nokia Brick|31/100
|move|p2b: Talonflame|Brave Bird|p1a: Pumpy the Grumpy
|-damage|p1a: Pumpy the Grumpy|35/100
|-damage|p2b: Talonflame|27/100|[from] Recoil
|move|p1a: Pumpy the Grumpy|U-turn|p2b: Talonflame
|-resisted|p2b: Talonflame
|-damage|p2b: Talonflame|23/100
|
|t:|1756720475
|switch|p1a: Dinko|Ursaluna, L50, F|100/100|[from] U-turn
|cant|p1b: Nokia Brick|flinch
|
|-status|p1a: Dinko|brn|[from] item: Flame Orb
|upkeep
|turn|8
|inactive|ReggioVGC has 30 seconds left.
|inactive|skipply has 30 seconds left.
|inactive|ReggioVGC has 20 seconds left.
|
|t:|1756720511
|switch|p2a: Torkoal|Torkoal, L50, F|5/100 slp
|-weather|SunnyDay|[from] ability: Drought|[of] p2a: Torkoal
|move|p2b: Talonflame|Flare Blitz|p1b: Nokia Brick
|-damage|p1b: Nokia Brick|0 fnt
|faint|p1b: Nokia Brick
|-damage|p2b: Talonflame|12/100|[from] Recoil
|move|p1a: Dinko|Facade|p2a: Torkoal
|-damage|p2a: Torkoal|0 fnt
|faint|p2a: Torkoal
|
|-weather|SunnyDay|[upkeep]
|-damage|p1a: Dinko|95/100 brn|[from] brn
|upkeep
|
|t:|1756720528
|switch|p1b: Pumpy the Grumpy|Incineroar, L50, F, shiny|35/100
|switch|p2a: Incineroar|Incineroar, L50, F|60/100
|-ability|p1b: Pumpy the Grumpy|Intimidate|boost
|-unboost|p2a: Incineroar|atk|1
|-unboost|p2b: Talonflame|atk|1
|-ability|p2a: Incineroar|Intimidate|boost
|-unboost|p1a: Dinko|atk|1
|-unboost|p1b: Pumpy the Grumpy|atk|1
|turn|9
|
|t:|1756720540
|switch|p2b: Typhlosion|Typhlosion-Hisui, L50, M, tera:Fire|37/100
|switch|p1a: 뽀록나|Amoonguss, L50, F, shiny, tera:Water|100/100
|move|p1b: Pumpy the Grumpy|Fake Out|p2b: Typhlosion
|-damage|p2b: Typhlosion|25/100
|move|p2a: Incineroar|Fake Out|p1a: 뽀록나
|-crit|p1a: 뽀록나
|-damage|p1a: 뽀록나|85/100
|
|-weather|SunnyDay|[upkeep]
|upkeep
|turn|10
|inactive|ReggioVGC has 30 seconds left.
|inactive|ReggioVGC has 20 seconds left.
|inactive|ReggioVGC has 15 seconds left.
|
|t:|1756720583
|move|p2b: Typhlosion|Heat Wave|p1a: 뽀록나|[spread] p1a,p1b
|-resisted|p1a: 뽀록나
|-crit|p1a: 뽀록나
|-resisted|p1b: Pumpy the Grumpy
|-damage|p1a: 뽀록나|0 fnt
|-damage|p1b: Pumpy the Grumpy|0 fnt
|faint|p1a: 뽀록나
|faint|p1b: Pumpy the Grumpy
|move|p2a: Incineroar|Parting Shot|p1: 뽀록나|[notarget]
|-fail|p2a: Incineroar
|
|-weather|SunnyDay|[upkeep]
|upkeep
|c|☆skipply|Uh oh
|
|t:|1756720595
|switch|p1b: Dinko|Ursaluna, L50, F|95/100 brn
|turn|11
|c|☆skipply|Sorry dude
|
|t:|1756720601
|move|p2b: Typhlosion|Heat Wave|p1b: Dinko
|-damage|p1b: Dinko|0 fnt
|faint|p1b: Dinko
|
|win|skipply
|c|☆ReggioVGC|nah
|inactive|ReggioVGC has 30 seconds to confirm battle start!
|inactive|skipply has 30 seconds to confirm battle start!
|c|☆ReggioVGC|i took 3 sleep turn
|c|☆skipply|If it makes you feel better I had a plan for amoonguss surviving…?
|inactive|ReggioVGC has 20 seconds to confirm battle start!
|inactive|skipply has 20 seconds to confirm battle start!
||skipply is ready for game 2.
||ReggioVGC is ready for game 2.
|uhtml|next|Next: Game 2 of 3
