|j|☆Wolfed
|j|☆Saicam16
|html|WolfedSaicam16    
|uhtml|bestof|Game 2 of a best-of-3
|t:|1783529213
|gametype|doubles
|player|p1|Wolfed|101|1000
|player|p2|Saicam16|2|1000
|gen|9
|tier|[Gen 9 Champions] VGC 2026 Reg M-B (Bo3)
|rated|
|rule|Species Clause: Limit one of each Pokémon
|rule|Item Clause: Limit 1 of each item
|clearpoke
|poke|p1|Grimmsnarl, L50, M|
|poke|p1|Dragonite, L50, M|
|poke|p1|Gengar, L50, F|
|poke|p1|Sableye, L50, F|
|poke|p1|Metagross, L50|
|poke|p1|Sneasler, L50, M|
|poke|p2|Charizard, L50, M|
|poke|p2|Primarina, L50, M, shiny|
|poke|p2|Kingambit, L50, F, shiny|
|poke|p2|Incineroar, L50, F|
|poke|p2|Sneasler, L50, M|
|poke|p2|Sinistcha, L50|
|teampreview|4
|showteam|p1|Grimmsnarl||LightClay|Prankster|Taunt,LightScreen,Reflect,DazzlingGleam|Calm||M|||50|]Dragonite||Dragoninite|Multiscale|Protect,DragonPulse,WeatherBall,Thunderbolt|Modest||M|||50|]Gengar||FocusSash|CursedBody|DestinyBond,SludgeBomb,ShadowBall,Protect|Timid||F|||50|]Sableye||WideLens|Prankster|WillOWisp,Encore,Recover,FoulPlay|Calm||F|||50|]Metagross||Metagrossite|ClearBody|Protect,MeteorMash,PsychicFangs,IcePunch|Jolly|||||50|]Sneasler||WhiteHerb|Unburden|FakeOut,CloseCombat,DireClaw,Protect|Adamant||M|||50|
|showteam|p2|Charizard||CharizarditeX|Blaze|DragonDance,Protect,DragonClaw,FlareBlitz|Jolly||M|||50|]Primarina||MysticWater|LiquidVoice|Protect,HyperVoice,Moonblast,Haze|Modest||M|||50|]Kingambit||BlackGlasses|Defiant|KowtowCleave,SuckerPunch,IronHead,Protect|Adamant||F|||50|]Incineroar||SitrusBerry|Intimidate|FakeOut,PartingShot,FlareBlitz,DarkestLariat|Careful||F|||50|]Sneasler||FocusSash|Unburden|DireClaw,Protect,Coaching,CloseCombat|Adamant||M|||50|]Sinistcha||KasibBerry|Hospitality|RagePowder,MatchaGotcha,TrickRoom,ShadowBall|Calm|||||50|
|inactive|Battle timer is ON: inactive players will automatically lose when time's up. (requested by Saicam16)
|inactive|Saicam16 has 60 seconds left.
|
|t:|1783529275
|teamsize|p1|4
|teamsize|p2|4
|start
|switch|p1a: Sableye|Sableye, L50, F|100/100
|switch|p1b: Metagross|Metagross, L50|100/100
|switch|p2a: Sneasler|Sneasler, L50, M|100/100
|switch|p2b: Charizard|Charizard, L50, M|100/100
|turn|1
|inactive|Saicam16 has 30 seconds left.
|
|t:|1783529304
|move|p1b: Metagross|Protect|p1b: Metagross
|-singleturn|p1b: Metagross|Protect
|move|p1a: Sableye|Will-O-Wisp|p2a: Sneasler
|-status|p2a: Sneasler|brn
|move|p2a: Sneasler|Coaching|p2b: Charizard
|-boost|p2b: Charizard|atk|1
|-boost|p2b: Charizard|def|1
|move|p2b: Charizard|Flare Blitz|p1a: Sableye
|-damage|p1a: Sableye|6/100
|-damage|p2b: Charizard|67/100|[from] Recoil
|
|-damage|p2a: Sneasler|94/100 brn|[from] brn
|upkeep
|turn|2
|inactive|Saicam16 has 30 seconds left.
|
|t:|1783529335
|switch|p1b: Sneasler|Sneasler, L50, M|100/100
|detailschange|p2b: Charizard|Charizard-Mega-X, L50, M
|-mega|p2b: Charizard|Charizard|Charizardite X
|move|p2a: Sneasler|Dire Claw|p1a: Sableye
|-resisted|p1a: Sableye|1
|-damage|p1a: Sableye|0 fnt
|faint|p1a: Sableye
|move|p2b: Charizard|Flare Blitz|p1b: Sneasler
|-damage|p1b: Sneasler|0 fnt
|faint|p1b: Sneasler
|-damage|p2b: Charizard|33/100|[from] Recoil
|
|-damage|p2a: Sneasler|88/100 brn|[from] brn
|upkeep
|
|t:|1783529348
|switch|p1b: Metagross|Metagross, L50|100/100
|switch|p1a: Grimmsnarl|Grimmsnarl, L50, M|100/100
|turn|3
|
|t:|1783529363
|detailschange|p1b: Metagross|Metagross-Mega, L50
|-mega|p1b: Metagross|Metagross|Metagrossite
|move|p1a: Grimmsnarl|Reflect|p1a: Grimmsnarl
|-sidestart|p1: Wolfed|Reflect
|move|p1b: Metagross|Psychic Fangs|p2b: Charizard
|-damage|p2b: Charizard|0 fnt
|faint|p2b: Charizard
|move|p2a: Sneasler|Dire Claw|p1a: Grimmsnarl
|-supereffective|p1a: Grimmsnarl|1
|-damage|p1a: Grimmsnarl|62/100
|
|-damage|p2a: Sneasler|82/100 brn|[from] brn
|upkeep
|
|t:|1783529374
|switch|p2b: Kingambit|Kingambit, L50, F, shiny|100/100
|turn|4
|
|t:|1783529389
|move|p1b: Metagross|Protect|p1b: Metagross
|-singleturn|p1b: Metagross|Protect
|move|p2b: Kingambit|Protect|p2b: Kingambit
|-singleturn|p2b: Kingambit|Protect
|move|p2a: Sneasler|Dire Claw|p1a: Grimmsnarl
|-supereffective|p1a: Grimmsnarl|1
|-damage|p1a: Grimmsnarl|24/100
|move|p1a: Grimmsnarl|Dazzling Gleam|p2b: Kingambit|[spread] p2a
|-activate|p2b: Kingambit|move: Protect
|-damage|p2a: Sneasler|57/100 brn
|
|-damage|p2a: Sneasler|51/100 brn|[from] brn
|upkeep
|turn|5
|inactive|Saicam16 has 30 seconds left.
|
|t:|1783529416
|move|p1a: Grimmsnarl|Light Screen|p1a: Grimmsnarl
|-sidestart|p1: Wolfed|move: Light Screen
|move|p2b: Kingambit|Sucker Punch|p1b: Metagross
|-supereffective|p1b: Metagross|1
|-damage|p1b: Metagross|43/100
|move|p1b: Metagross|Psychic Fangs|p2a: Sneasler
|-supereffective|p2a: Sneasler|2
|-damage|p2a: Sneasler|0 fnt
|faint|p2a: Sneasler
|
|upkeep
|
|t:|1783529425
|switch|p2a: Primarina|Primarina, L50, M, shiny|100/100
|turn|6
|
|t:|1783529433
|move|p1b: Metagross|Protect|p1b: Metagross
|-singleturn|p1b: Metagross|Protect
|move|p2b: Kingambit|Sucker Punch||[still]
|-fail|p2b: Kingambit
|move|p1a: Grimmsnarl|Dazzling Gleam|p2a: Primarina|[spread] p2a,p2b
|-damage|p2a: Primarina|82/100
|-damage|p2b: Kingambit|79/100
|move|p2a: Primarina|Hyper Voice|p1a: Grimmsnarl|[spread] p1a
|-activate|p1b: Metagross|move: Protect
|-damage|p1a: Grimmsnarl|0 fnt
|faint|p1a: Grimmsnarl
|
|upkeep
|turn|7
|
|t:|1783529449
|move|p2b: Kingambit|Sucker Punch|p1b: Metagross
|-supereffective|p1b: Metagross|1
|-damage|p1b: Metagross|0 fnt
|faint|p1b: Metagross
|
|win|Saicam16
|raw|Wolfed's rating: 1000 → 1000(+0 for losing)
|raw|Saicam16's rating: 1000 → 1040(+40 for winning)
