|j|☆MikeShinobu
|j|☆buggy es el rey
|html|MikeShinobubuggy es el rey    
|uhtml|bestof|Game 2 of a best-of-3
|t:|1783096920
|gametype|doubles
|player|p1|MikeShinobu|ethan|1098
|player|p2|buggy es el rey|gambler|1087
|gen|9
|tier|[Gen 9 Champions] VGC 2026 Reg M-B (Bo3)
|rated|
|rule|Species Clause: Limit one of each Pokémon
|rule|Item Clause: Limit 1 of each item
|clearpoke
|poke|p1|Whimsicott, L50, M|
|poke|p1|Garchomp, L50, M|
|poke|p1|Staraptor, L50, M|
|poke|p1|Blaziken, L50, F|
|poke|p1|Ninetales-Alola, L50, M|
|poke|p1|Excadrill, L50, M|
|poke|p2|Swampert, L50, M|
|poke|p2|Pelipper, L50, M|
|poke|p2|Gengar, L50, M|
|poke|p2|Sableye, L50, F|
|poke|p2|Grimmsnarl, L50, M|
|poke|p2|Archaludon, L50, F|
|teampreview|4
|showteam|p1|Whimsicott||CobaBerry|Prankster|Encore,Tailwind,Moonblast,Charm|Timid||M|||50|]Garchomp||LifeOrb|RoughSkin|DragonClaw,Earthquake,Protect,RockSlide|Jolly||M|||50|]Staraptor||Staraptite|Intimidate|CloseCombat,BraveBird,Roost,Protect|Jolly||M|||50|]Blaziken||FocusSash|SpeedBoost|Coaching,Protect,BrickBreak,FlareBlitz|Adamant||F|||50|]Ninetales-Alola||LightClay|SnowWarning|Blizzard,Moonblast,AuroraVeil,Protect|Modest||M|||50|]Excadrill||Excadrite|MoldBreaker|Earthquake,HighHorsepower,IronHead,Protect|Jolly||M|||50|
|showteam|p2|Swampert||Swampertite|Damp|Earthquake,IcePunch,WaveCrash,Protect|Adamant||M|||50|]Pelipper||FocusSash|Drizzle|Tailwind,WeatherBall,WideGuard,Uturn|Modest||M|||50|]Gengar||Gengarite|CursedBody|PerishSong,Protect,Disable,ShadowBall|Timid||M|||50|]Sableye||MentalHerb|Prankster|Encore,RainDance,FakeOut,Disable|Relaxed||F|||50|]Grimmsnarl||LightClay|Prankster|FakeOut,LightScreen,Reflect,PartingShot|Relaxed||M|||50|]Archaludon||Leftovers|Stamina|ElectroShot,FlashCannon,Protect,DragonPulse|Calm||F|||50|
|inactive|Battle timer is ON: inactive players will automatically lose when time's up. (requested by MikeShinobu)
|
|t:|1783096950
|teamsize|p1|4
|teamsize|p2|4
|start
|switch|p1a: Whimsicott|Whimsicott, L50, M|100/100
|switch|p1b: Staraptor|Staraptor, L50, M|100/100
|switch|p2a: Swampert|Swampert, L50, M|100/100
|switch|p2b: Grimmsnarl|Grimmsnarl, L50, M|100/100
|-ability|p1b: Staraptor|Intimidate|boost
|-unboost|p2a: Swampert|atk|1
|-unboost|p2b: Grimmsnarl|atk|1
|turn|1
|inactive|buggy es el rey has 30 seconds left.
|
|t:|1783096977
|detailschange|p1b: Staraptor|Staraptor-Mega, L50, M
|-mega|p1b: Staraptor|Staraptor|Staraptite
|detailschange|p2a: Swampert|Swampert-Mega, L50, M
|-mega|p2a: Swampert|Swampert|Swampertite
|move|p1b: Staraptor|Protect|p1b: Staraptor
|-singleturn|p1b: Staraptor|Protect
|move|p2b: Grimmsnarl|Fake Out|p1b: Staraptor
|-activate|p1b: Staraptor|move: Protect
|move|p1a: Whimsicott|Charm|p2a: Swampert
|-unboost|p2a: Swampert|atk|2
|move|p2a: Swampert|Ice Punch|p1b: Staraptor
|-activate|p1b: Staraptor|move: Protect
|
|upkeep
|turn|2
|
|t:|1783096991
|switch|p2a: Pelipper|Pelipper, L50, M|100/100
|-weather|RainDance|[from] ability: Drizzle|[of] p2a: Pelipper
|move|p1a: Whimsicott|Tailwind|p1a: Whimsicott
|-sidestart|p1: MikeShinobu|move: Tailwind
|move|p2b: Grimmsnarl|Reflect|p2b: Grimmsnarl
|-sidestart|p2: buggy es el rey|Reflect
|move|p1b: Staraptor|Close Combat|p2b: Grimmsnarl
|-damage|p2b: Grimmsnarl|65/100
|-boost|p1b: Staraptor|def|1
|-boost|p1b: Staraptor|spd|1
|
|-weather|RainDance|[upkeep]
|upkeep
|turn|3
|
|t:|1783097009
|move|p1b: Staraptor|Protect|p1b: Staraptor
|-singleturn|p1b: Staraptor|Protect
|move|p2b: Grimmsnarl|Parting Shot|p1a: Whimsicott
|-unboost|p1a: Whimsicott|atk|1
|-unboost|p1a: Whimsicott|spa|1
|
|t:|1783097015
|switch|p2b: Swampert|Swampert-Mega, L50, M|100/100|[from] Parting Shot
|move|p1a: Whimsicott|Moonblast|p2a: Pelipper
|-damage|p2a: Pelipper|57/100
|move|p2a: Pelipper|Weather Ball|p1b: Staraptor
|-activate|p1b: Staraptor|move: Protect
|
|-weather|RainDance|[upkeep]
|upkeep
|turn|4
|
|t:|1783097030
|move|p2b: Swampert|Protect|p2b: Swampert
|-singleturn|p2b: Swampert|Protect
|move|p1a: Whimsicott|Charm|p1b: Staraptor
|-boost|p1b: Staraptor|atk|2
|move|p1b: Staraptor|Brave Bird|p2a: Pelipper
|-damage|p2a: Pelipper|0 fnt
|faint|p2a: Pelipper
|-damage|p1b: Staraptor|86/100|[from] Recoil
|
|-weather|RainDance|[upkeep]
|upkeep
|
|t:|1783097040
|switch|p2a: Archaludon|Archaludon, L50, F|100/100
|turn|5
|
|t:|1783097049
|move|p1a: Whimsicott|Encore|p2b: Swampert
|-start|p2b: Swampert|Encore
|move|p2b: Swampert|Protect||[still]
|-fail|p2b: Swampert
|move|p1b: Staraptor|Close Combat|p2a: Archaludon
|-supereffective|p2a: Archaludon|1
|-damage|p2a: Archaludon|0 fnt
|-boost|p1b: Staraptor|def|1
|-boost|p1b: Staraptor|spd|1
|faint|p2a: Archaludon
|
|-weather|RainDance|[upkeep]
|-sideend|p1: MikeShinobu|move: Tailwind
|upkeep
|-message|buggy es el rey forfeited.
|
|win|MikeShinobu
|raw|MikeShinobu's rating: 1098 → 1122(+24 for winning)
|raw|buggy es el rey's rating: 1087 → 1065(-22 for losing)
