|j|☆CAP10pp
|j|☆Sn0laxSe7en
|html|CAP10ppSn0laxSe7en    
|uhtml|bestof|Game 2 of a best-of-3
|t:|1782619209
|gametype|doubles
|player|p1|CAP10pp|chuck|
|player|p2|Sn0laxSe7en|169|
|gen|9
|tier|[Gen 9 Champions] VGC 2026 Reg M-B (Bo3)
|rule|Species Clause: Limit one of each Pokémon
|rule|Item Clause: Limit 1 of each item
|clearpoke
|poke|p1|Staraptor, L50, F|
|poke|p1|Maushold-Four, L50, shiny|
|poke|p1|Malamar, L50, M|
|poke|p1|Whimsicott, L50, F, shiny|
|poke|p1|Scizor, L50, M, shiny|
|poke|p1|Hydreigon, L50, F|
|poke|p2|Metagross, L50|
|poke|p2|Aegislash, L50, F|
|poke|p2|Venusaur, L50, F|
|poke|p2|Slowbro-Galar, L50, F|
|poke|p2|Garganacl, L50, M|
|poke|p2|Glimmora, L50, F|
|teampreview|4
|showteam|p1|Staraptor||Staraptite|Intimidate|BraveBird,CloseCombat,Roost,Protect|Serious||F|||50|]Maushold-Four||Leftovers|FriendGuard|PopulationBomb,Tickle,Crunch,Encore|Jolly|||||50|]Malamar||LifeOrb|Contrary|ZenHeadbutt,Protect,KnockOff,Superpower|Lax||M|||50|]Whimsicott||FocusSash|Prankster|GigaDrain,Tickle,Tailwind,Protect|Bold||F|||50|]Scizor||SitrusBerry|Technician|SwordsDance,BugBite,BulletPunch,Protect|Adamant||M|||50|]Hydreigon||BlackGlasses|Levitate|DracoMeteor,DarkPulse,Flamethrower,Protect|Modest||F|||50|
|showteam|p2|Metagross||Metagrossite|ClearBody|Protect,Snore,SludgeBomb,Rest|Modest|||||50|]Aegislash||ChoiceScarf|StanceChange|KingsShield,DestinyBond,CloseCombat,IronHead|Jolly||F|||50|]Venusaur||OccaBerry|Overgrow|GigaDrain,SludgeBomb,Toxic,Protect|Calm||F|||50|]Slowbro-Galar||LifeOrb|QuickDraw|PoisonJab,Protect,Toxic,Disable|Impish||F|||50|]Garganacl||HardStone|Sturdy|StoneEdge,RockBlast,RockSlide,Protect|Adamant||M|||50|]Glimmora||FocusSash|Corrosion|SludgeBomb,Toxic,Protect,Reflect|Timid||F|||50|
|
|t:|1782619232
|teamsize|p1|4
|teamsize|p2|4
|start
|switch|p1a: The Family Massage|Maushold-Four, L50, shiny|100/100
|switch|p1b: The Toucher|Malamar, L50, M|100/100
|switch|p2a: Garganacl|Garganacl, L50, M|100/100
|switch|p2b: Glimmora|Glimmora, L50, F|100/100
|turn|1
|
|t:|1782619246
|move|p2a: Garganacl|Protect|p2a: Garganacl
|-singleturn|p2a: Garganacl|Protect
|move|p1a: The Family Massage|Tickle|p1b: The Toucher
|-boost|p1b: The Toucher|atk|1
|-boost|p1b: The Toucher|def|1
|move|p2b: Glimmora|Toxic|p1a: The Family Massage
|-status|p1a: The Family Massage|tox
|move|p1b: The Toucher|Superpower|p2a: Garganacl
|-activate|p2a: Garganacl|move: Protect
|
|-damage|p1a: The Family Massage|93/100 tox|[from] psn
|upkeep
|turn|2
|
|t:|1782619262
|move|p2a: Garganacl|Protect||[still]
|-fail|p2a: Garganacl
|move|p1a: The Family Massage|Tickle|p1b: The Toucher
|-boost|p1b: The Toucher|atk|1
|-boost|p1b: The Toucher|def|1
|move|p2b: Glimmora|Toxic|p1b: The Toucher
|-status|p1b: The Toucher|tox
|move|p1b: The Toucher|Superpower|p2a: Garganacl
|-supereffective|p2a: Garganacl|1
|-ability|p2a: Garganacl|Sturdy
|-damage|p2a: Garganacl|1/100
|-boost|p1b: The Toucher|atk|1
|-boost|p1b: The Toucher|def|1
|-damage|p1b: The Toucher|90/100 tox|[from] item: Life Orb
|
|-heal|p1a: The Family Massage|100/100 tox|[from] item: Leftovers
|-damage|p1a: The Family Massage|87/100 tox|[from] psn
|-damage|p1b: The Toucher|84/100 tox|[from] psn
|upkeep
|turn|3
|
|t:|1782619293
|move|p2b: Glimmora|Protect|p2b: Glimmora
|-singleturn|p2b: Glimmora|Protect
|move|p1a: The Family Massage|Crunch|p2a: Garganacl
|-damage|p2a: Garganacl|0 fnt
|faint|p2a: Garganacl
|move|p1b: The Toucher|Superpower|p2b: Glimmora
|-activate|p2b: Glimmora|move: Protect
|
|-heal|p1a: The Family Massage|93/100 tox|[from] item: Leftovers
|-damage|p1a: The Family Massage|75/100 tox|[from] psn
|-damage|p1b: The Toucher|71/100 tox|[from] psn
|upkeep
|
|t:|1782619304
|switch|p2a: Metagross|Metagross, L50|100/100
|turn|4
|
|t:|1782619321
|move|p1a: The Family Massage|Tickle|p1b: The Toucher
|-boost|p1b: The Toucher|atk|1
|-boost|p1b: The Toucher|def|1
|move|p2b: Glimmora|Sludge Bomb|p1a: The Family Massage
|-damage|p1a: The Family Massage|12/100 tox
|move|p1b: The Toucher|Knock Off|p2a: Metagross
|-supereffective|p2a: Metagross|1
|-damage|p2a: Metagross|0 fnt
|faint|p2a: Metagross
|-damage|p1b: The Toucher|61/100 tox|[from] item: Life Orb
|
|-heal|p1a: The Family Massage|18/100 tox|[from] item: Leftovers
|-damage|p1a: The Family Massage|0 fnt|[from] psn
|faint|p1a: The Family Massage
|-damage|p1b: The Toucher|43/100 tox|[from] psn
|upkeep
|
|t:|1782619336
|switch|p1a: The Tickler|Whimsicott, L50, F, shiny|100/100
|switch|p2a: Slowbro|Slowbro-Galar, L50, F|100/100
|turn|5
|-activate|p2a: Slowbro|ability: Quick Draw
|
|t:|1782619350
|move|p2b: Glimmora|Protect|p2b: Glimmora
|-singleturn|p2b: Glimmora|Protect
|move|p2a: Slowbro|Poison Jab|p1a: The Tickler
|-supereffective|p1a: The Tickler|2
|-enditem|p1a: The Tickler|Focus Sash
|-damage|p1a: The Tickler|1/100
|-status|p1a: The Tickler|psn
|-damage|p2a: Slowbro|90/100|[from] item: Life Orb
|move|p1a: The Tickler|Giga Drain|p2b: Glimmora
|-activate|p2b: Glimmora|move: Protect
|move|p1b: The Toucher|Knock Off|p2a: Slowbro
|-supereffective|p2a: Slowbro|1
|-damage|p2a: Slowbro|0 fnt
|-enditem|p2a: Slowbro|Life Orb|[from] move: Knock Off|[of] p1b: The Toucher
|faint|p2a: Slowbro
|-damage|p1b: The Toucher|33/100 tox|[from] item: Life Orb
|
|-damage|p1a: The Tickler|0 fnt|[from] psn
|faint|p1a: The Tickler
|-damage|p1b: The Toucher|9/100 tox|[from] psn
|upkeep
|
|t:|1782619371
|switch|p1a: The RAP i s t|Staraptor, L50, F|100/100
|-ability|p1a: The RAP i s t|Intimidate|boost
|-unboost|p2b: Glimmora|atk|1
|turn|6
|
|t:|1782619379
|detailschange|p1a: The RAP i s t|Staraptor-Mega, L50, F
|-mega|p1a: The RAP i s t|Staraptor|Staraptite
|move|p2b: Glimmora|Toxic|p1a: The RAP i s t
|-status|p1a: The RAP i s t|tox
|move|p1a: The RAP i s t|Close Combat|p2b: Glimmora
|-damage|p2b: Glimmora|37/100
|-boost|p1a: The RAP i s t|def|1
|-boost|p1a: The RAP i s t|spd|1
|move|p1b: The Toucher|Zen Headbutt|p2b: Glimmora
|-supereffective|p2b: Glimmora|1
|-damage|p2b: Glimmora|0 fnt
|faint|p2b: Glimmora
|-damage|p1b: The Toucher|0 fnt|[from] item: Life Orb
|faint|p1b: The Toucher
|
|win|CAP10pp
