|j|☆PerishingSongVGC
|j|☆HikariVT
|html|PerishingSongVGCHikariVT    
|uhtml|bestof|Game 1 of a best-of-3
|t:|1757740291
|gametype|doubles
|player|p1|PerishingSongVGC|169|1058
|player|p2|HikariVT|lillie-masters2|1141
|gen|9
|tier|[Gen 9] VGC 2025 Reg H (Bo3)
|rated|
|rule|Species Clause: Limit one of each Pokémon
|rule|Item Clause: Limit 1 of each item
|clearpoke
|poke|p1|Gothitelle, L50, M|
|poke|p1|Incineroar, L50, M|
|poke|p1|Amoonguss, L50, F|
|poke|p1|Archaludon, L50, F|
|poke|p1|Primarina, L50, M|
|poke|p1|Flamigo, L50, M|
|poke|p2|Weavile, L50, M|
|poke|p2|Jumpluff, L50, M|
|poke|p2|Torkoal, L50, F|
|poke|p2|Charizard, L50, F|
|poke|p2|Ursaluna, L50, F|
|poke|p2|Incineroar, L50, M|
|teampreview|4
|showteam|p1|Gothitelle||SitrusBerry|ShadowTag|Psychic,Hypnosis,FakeOut,Protect|||M|||50|,,,,,Dragon]Incineroar||CovertCloak|Intimidate|FakeOut,PartingShot,KnockOff,FlareBlitz|||M|||50|,,,,,Ghost]Amoonguss||RockyHelmet|Regenerator|PollenPuff,Spore,RagePowder,Protect|||F|||50|,,,,,Dark]Archaludon||PowerHerb|Sturdy|ElectroShot,DracoMeteor,FlashCannon,Protect|||F|||50|,,,,,Steel]Primarina||ThroatSpray|LiquidVoice|HyperVoice,Moonblast,PerishSong,Protect|||M|||50|,,,,,Grass]Flamigo||ChoiceScarf|Scrappy|CloseCombat,Uturn,BraveBird,ThroatChop|||M|||50|,,,,,Steel
|showteam|p2|Weavile||WideLens|Pressure|FakeOut,TripleAxel,KnockOff,IcyWind|||M|||50|,,,,,Stellar]Jumpluff||CovertCloak|Chlorophyll|Encore,Tailwind,RagePowder,SunnyDay|||M|||50|,,,,,Poison]Torkoal||EjectPack|Drought|Overheat,Protect,HelpingHand,BodyPress|||F|||50|,,,,,Dragon]Charizard||ChoiceSpecs|SolarPower|HeatWave,AirSlash,WeatherBall,BlastBurn|||F|||50|,,,,,Fire]Ursaluna||FlameOrb|Guts|Earthquake,Facade,Protect,HeadlongRush|||F|||50|,,,,,Ghost]Incineroar||SafetyGoggles|Intimidate|FakeOut,Taunt,PartingShot,FlareBlitz|||M|||50|,,,,,Ghost
|inactive|Battle timer is ON: inactive players will automatically lose when time's up. (requested by HikariVT)
|inactive|HikariVT has 60 seconds left.
|inactive|HikariVT has 30 seconds left.
|inactive|HikariVT has 20 seconds left.
|
|t:|1757740370
|teamsize|p1|4
|teamsize|p2|4
|start
|switch|p1a: Primarina|Primarina, L50, M|100/100
|switch|p1b: Gothitelle|Gothitelle, L50, M|100/100
|switch|p2a: Jumpluff|Jumpluff, L50, M|100/100
|switch|p2b: Torkoal|Torkoal, L50, F|100/100
|-weather|SunnyDay|[from] ability: Drought|[of] p2b: Torkoal
|turn|1
|inactive|HikariVT has 30 seconds left.
|
|t:|1757740397
|switch|p1b: Incineroar|Incineroar, L50, M|100/100
|-ability|p1b: Incineroar|Intimidate|boost
|-unboost|p2a: Jumpluff|atk|1
|-unboost|p2b: Torkoal|atk|1
|-enditem|p2b: Torkoal|Eject Pack
|
|t:|1757740405
|switch|p2b: Ursaluna|Ursaluna, L50, F|100/100
|move|p2a: Jumpluff|Encore||[still]
|-fail|p2a: Jumpluff
|move|p1a: Primarina|Perish Song|p1a: Primarina
|-start|p1a: Primarina|perish3|[silent]
|-start|p1b: Incineroar|perish3|[silent]
|-start|p2a: Jumpluff|perish3|[silent]
|-start|p2b: Ursaluna|perish3|[silent]
|-fieldactivate|move: Perish Song
|-enditem|p1a: Primarina|Throat Spray
|-boost|p1a: Primarina|spa|1|[from] item: Throat Spray
|
|-weather|SunnyDay|[upkeep]
|-start|p2a: Jumpluff|perish3
|-start|p2b: Ursaluna|perish3
|-start|p1b: Incineroar|perish3
|-start|p1a: Primarina|perish3
|-status|p2b: Ursaluna|brn|[from] item: Flame Orb
|upkeep
|turn|2
|inactive|PerishingSongVGC has 30 seconds left.
|
|t:|1757740434
|switch|p1a: Gothitelle|Gothitelle, L50, M|100/100
|-terastallize|p2b: Ursaluna|Ghost
|move|p2a: Jumpluff|Tailwind|p2a: Jumpluff
|-sidestart|p2: HikariVT|move: Tailwind
|move|p2b: Ursaluna|Earthquake|p1b: Incineroar|[spread] p1a,p1b
|-immune|p2a: Jumpluff
|-supereffective|p1b: Incineroar
|-damage|p1a: Gothitelle|48/100
|-damage|p1b: Incineroar|0 fnt
|-enditem|p1a: Gothitelle|Sitrus Berry|[eat]
|-heal|p1a: Gothitelle|73/100|[from] item: Sitrus Berry
|faint|p1b: Incineroar
|
|-weather|SunnyDay|[upkeep]
|-damage|p2b: Ursaluna|94/100 brn|[from] brn
|-start|p2a: Jumpluff|perish2
|-start|p2b: Ursaluna|perish2
|upkeep
|
|t:|1757740445
|switch|p1b: Primarina|Primarina, L50, M|100/100
|turn|3
|
|t:|1757740462
|move|p1a: Gothitelle|Protect|p1a: Gothitelle
|-singleturn|p1a: Gothitelle|Protect
|move|p2a: Jumpluff|Rage Powder|p2a: Jumpluff
|-singleturn|p2a: Jumpluff|move: Rage Powder
|move|p2b: Ursaluna|Earthquake|p1b: Primarina|[spread] p1b
|-activate|p1a: Gothitelle|move: Protect
|-immune|p2a: Jumpluff
|-damage|p1b: Primarina|20/100
|move|p1b: Primarina|Hyper Voice|p2b: Ursaluna|[spread] p2a,p2b
|-resisted|p2a: Jumpluff
|-damage|p2a: Jumpluff|92/100
|-damage|p2b: Ursaluna|76/100 brn
|
|-weather|SunnyDay|[upkeep]
|-damage|p2b: Ursaluna|69/100 brn|[from] brn
|-start|p2a: Jumpluff|perish1
|-start|p2b: Ursaluna|perish1
|upkeep
|turn|4
|inactive|HikariVT has 30 seconds left.
|
|t:|1757740491
|switch|p2b: Torkoal|Torkoal, L50, F|100/100
|move|p2a: Jumpluff|Encore|p1a: Gothitelle
|-start|p1a: Gothitelle|Encore
|move|p1a: Gothitelle|Protect||[still]
|-fail|p1a: Gothitelle
|move|p1b: Primarina|Hyper Voice|p2b: Torkoal|[spread] p2a,p2b
|-resisted|p2a: Jumpluff
|-supereffective|p2b: Torkoal
|-damage|p2a: Jumpluff|82/100
|-damage|p2b: Torkoal|67/100
|
|-weather|SunnyDay|[upkeep]
|-start|p2a: Jumpluff|perish0
|faint|p2a: Jumpluff
|upkeep
|
|t:|1757740503
|switch|p2a: Ursaluna|Ursaluna, L50, F, tera:Ghost|69/100 brn
|turn|5
|
|t:|1757740516
|move|p1a: Gothitelle|Protect|p1a: Gothitelle
|-singleturn|p1a: Gothitelle|Protect
|move|p1b: Primarina|Protect|p1b: Primarina
|-singleturn|p1b: Primarina|Protect
|move|p2b: Torkoal|Protect|p2b: Torkoal
|-singleturn|p2b: Torkoal|Protect
|move|p2a: Ursaluna|Earthquake|p1a: Gothitelle|[spread] 
|-activate|p2b: Torkoal|move: Protect
|-activate|p1a: Gothitelle|move: Protect
|-activate|p1b: Primarina|move: Protect
|
|-weather|none
|-damage|p2a: Ursaluna|63/100 brn|[from] brn
|-sideend|p2: HikariVT|move: Tailwind
|upkeep
|turn|6
|
|t:|1757740541
|move|p1a: Gothitelle|Protect|p1a: Gothitelle
|-singleturn|p1a: Gothitelle|Protect
|move|p2a: Ursaluna|Facade|p1b: Primarina
|-damage|p1b: Primarina|0 fnt
|faint|p1b: Primarina
|move|p2b: Torkoal|Overheat|p1a: Gothitelle
|-activate|p1a: Gothitelle|move: Protect
|
|-damage|p2a: Ursaluna|57/100 brn|[from] brn
|-end|p1a: Gothitelle|Encore
|upkeep
|-message|PerishingSongVGC forfeited.
|
|win|HikariVT
|l|☆PerishingSongVGC
|player|p1|
||PerishingSongVGC is ready for game 2.
||HikariVT is ready for game 2.
|uhtml|next|Next: Game 2 of 3
