|j|☆sedrav
|j|☆Permasona
|html|sedravPermasona    
|uhtml|bestof|Game 1 of a best-of-3
|t:|1757015286
|gametype|doubles
|player|p1|sedrav|hilbert|1258
|player|p2|Permasona|sabrina|1184
|gen|9
|tier|[Gen 9] VGC 2025 Reg H (Bo3)
|rated|
|rule|Species Clause: Limit one of each Pokémon
|rule|Item Clause: Limit 1 of each item
|clearpoke
|poke|p1|Garchomp, L50, M|
|poke|p1|Talonflame, L50, M|
|poke|p1|Gholdengo, L50|
|poke|p1|Tyranitar, L50, F|
|poke|p1|Amoonguss, L50, F|
|poke|p1|Milotic, L50, M|
|poke|p2|Gholdengo, L50|
|poke|p2|Archaludon, L50, M|
|poke|p2|Amoonguss, L50, M|
|poke|p2|Ursaluna-Bloodmoon, L50, M|
|poke|p2|Incineroar, L50, F|
|poke|p2|Farigiraf, L50, M|
|teampreview|4
|showteam|p1|Garchomp||LifeOrb|RoughSkin|DragonClaw,StompingTantrum,Earthquake,Protect|||M|||50|,,,,,Fairy]Talonflame||CovertCloak|GaleWings|BraveBird,Tailwind,WillOWisp,Taunt|||M|||50|,,,,,Grass]Gholdengo||MetalCoat|GoodasGold|MakeItRain,ShadowBall,NastyPlot,Protect||||||50|,,,,,Flying]Tyranitar||AssaultVest|SandStream|RockSlide,KnockOff,LowKick,TeraBlast|||F|||50|,,,,,Flying]Amoonguss||SitrusBerry|Regenerator|Spore,RagePowder,PollenPuff,Protect|||F|||50|,,,,,Water]Milotic||SafetyGoggles|Competitive|Scald,IcyWind,Haze,Protect|||M|||50|,,,,,Dragon
|showteam|p2|Gholdengo||MetalCoat|GoodasGold|MakeItRain,ShadowBall,Protect,NastyPlot||||||50|,,,,,Dragon]Archaludon||AssaultVest|Stamina|BodyPress,DragonPulse,FlashCannon,ElectroShot|||M|||50|,,,,,Ghost]Amoonguss||CovertCloak|Regenerator|PollenPuff,Spore,SludgeBomb,RagePowder|||M|||50|,,,,,Fire]Ursaluna-Bloodmoon||LifeOrb|MindsEye|EarthPower,BloodMoon,Protect,HyperVoice|||M|||50|,,,,,Normal]Incineroar||SitrusBerry|Intimidate|KnockOff,PartingShot,FakeOut,FlareBlitz|||F|||50|,,,,,Grass]Farigiraf||SafetyGoggles|ArmorTail|TwinBeam,TrickRoom,RainDance,TeraBlast|||M|||50|,,,,,Water
|inactive|Battle timer is ON: inactive players will automatically lose when time's up. (requested by Permasona)
|inactive|sedrav has 60 seconds left.
|inactive|sedrav has 30 seconds left.
|inactive|sedrav has 20 seconds left.
|
|t:|1757015362
|teamsize|p1|4
|teamsize|p2|4
|start
|switch|p1a: Garchomp|Garchomp, L50, M|100/100
|switch|p1b: Milotic|Milotic, L50, M|100/100
|switch|p2a: Farigiraf|Farigiraf, L50, M|100/100
|switch|p2b: Archaludon|Archaludon, L50, M|100/100
|turn|1
|inactive|sedrav has 30 seconds left.
|inactive|Permasona has 30 seconds left.
|
|t:|1757015396
|move|p1b: Milotic|Protect|p1b: Milotic
|-singleturn|p1b: Milotic|Protect
|move|p1a: Garchomp|Earthquake|p2b: Archaludon|[spread] p2a,p2b
|-activate|p1b: Milotic|move: Protect
|-supereffective|p2b: Archaludon
|-damage|p2a: Farigiraf|48/100
|-damage|p2b: Archaludon|21/100
|-ability|p2b: Archaludon|Stamina|boost
|-boost|p2b: Archaludon|def|1
|-damage|p1a: Garchomp|91/100|[from] item: Life Orb
|move|p2b: Archaludon|Dragon Pulse|p1a: Garchomp
|-supereffective|p1a: Garchomp
|-damage|p1a: Garchomp|0 fnt
|faint|p1a: Garchomp
|move|p2a: Farigiraf|Trick Room|p2a: Farigiraf
|-fieldstart|move: Trick Room|[of] p2a: Farigiraf
|
|upkeep
|
|t:|1757015416
|switch|p1a: Amoonguss|Amoonguss, L50, F|100/100
|turn|2
|
|t:|1757015438
|switch|p2b: Amoonguss|Amoonguss, L50, M|100/100
|move|p1a: Amoonguss|Spore|p2b: Amoonguss
|-immune|p2b: Amoonguss
|move|p2a: Farigiraf|Twin Beam|p1a: Amoonguss
|-supereffective|p1a: Amoonguss
|-crit|p1a: Amoonguss
|-damage|p1a: Amoonguss|53/100
|-supereffective|p1a: Amoonguss
|-damage|p1a: Amoonguss|23/100
|-enditem|p1a: Amoonguss|Sitrus Berry|[eat]
|-heal|p1a: Amoonguss|48/100|[from] item: Sitrus Berry
|-hitcount|p1a: Amoonguss|2
|move|p1b: Milotic|Scald|p2a: Farigiraf
|-damage|p2a: Farigiraf|19/100
|
|upkeep
|turn|3
|inactive|Permasona has 30 seconds left.
|inactive|Permasona has 20 seconds left.
|inactive|Permasona has 15 seconds left.
|
|t:|1757015483
|switch|p1a: Gholdengo|Gholdengo, L50|100/100
|move|p2b: Amoonguss|Pollen Puff|p2a: Farigiraf
|-heal|p2a: Farigiraf|69/100
|move|p2a: Farigiraf|Twin Beam|p1a: Gholdengo
|-resisted|p1a: Gholdengo
|-damage|p1a: Gholdengo|90/100
|-resisted|p1a: Gholdengo
|-damage|p1a: Gholdengo|80/100
|-hitcount|p1a: Gholdengo|2
|move|p1b: Milotic|Icy Wind|p2a: Farigiraf|[spread] p2b
|-miss|p1b: Milotic|p2a: Farigiraf
|-supereffective|p2b: Amoonguss
|-damage|p2b: Amoonguss|79/100
|
|upkeep
|turn|4
|inactive|Permasona has 30 seconds left.
|inactive|Permasona has 20 seconds left.
|inactive|Permasona has 15 seconds left.
|inactive|Permasona has 10 seconds left.
|inactive|Permasona has 5 seconds left.
|
|t:|1757015534
|switch|p2b: Ursaluna|Ursaluna-Bloodmoon, L50, M|100/100
|-terastallize|p2a: Farigiraf|Water
|move|p2a: Farigiraf|Tera Blast|p1a: Gholdengo|[anim] Tera Blast Water
|-damage|p1a: Gholdengo|41/100
|move|p1b: Milotic|Icy Wind|p2b: Ursaluna|[spread] p2a,p2b
|-resisted|p2a: Farigiraf
|-supereffective|p2b: Ursaluna
|-damage|p2a: Farigiraf|65/100
|-damage|p2b: Ursaluna|81/100
|-unboost|p2a: Farigiraf|spe|1
|-unboost|p2b: Ursaluna|spe|1
|move|p1a: Gholdengo|Nasty Plot|p1a: Gholdengo
|-boost|p1a: Gholdengo|spa|2
|
|upkeep
|turn|5
|inactive|sedrav has 30 seconds left.
|inactive|Permasona has 30 seconds left.
|inactive|Permasona has 20 seconds left.
|
|t:|1757015572
|switch|p2b: Amoonguss|Amoonguss, L50, M|100/100
|switch|p1b: Amoonguss|Amoonguss, L50, F|81/100
|move|p1a: Gholdengo|Protect|p1a: Gholdengo
|-singleturn|p1a: Gholdengo|Protect
|move|p2a: Farigiraf|Tera Blast|p1a: Gholdengo|[anim] Tera Blast Water
|-activate|p1a: Gholdengo|move: Protect
|
|-fieldend|move: Trick Room
|upkeep
|turn|6
|inactive|Permasona has 30 seconds left.
|inactive|Permasona has 20 seconds left.
|
|t:|1757015609
|move|p2b: Amoonguss|Rage Powder|p2b: Amoonguss
|-singleturn|p2b: Amoonguss|move: Rage Powder
|move|p1a: Gholdengo|Make It Rain|p2a: Farigiraf|[spread] p2a,p2b
|-resisted|p2a: Farigiraf
|-damage|p2a: Farigiraf|15/100
|-damage|p2b: Amoonguss|2/100
|-unboost|p1a: Gholdengo|spa|1
|move|p1b: Amoonguss|Pollen Puff|p1a: Gholdengo
|-heal|p1a: Gholdengo|91/100
|move|p2a: Farigiraf|Trick Room|p2a: Farigiraf
|-fieldstart|move: Trick Room|[of] p2a: Farigiraf
|
|upkeep
|turn|7
|
|t:|1757015631
|move|p1b: Amoonguss|Protect|p1b: Amoonguss
|-singleturn|p1b: Amoonguss|Protect
|move|p2b: Amoonguss|Pollen Puff|p2a: Farigiraf
|-heal|p2a: Farigiraf|65/100
|move|p2a: Farigiraf|Twin Beam|p1b: Amoonguss
|-activate|p1b: Amoonguss|move: Protect
|move|p1a: Gholdengo|Nasty Plot|p1a: Gholdengo
|-boost|p1a: Gholdengo|spa|2
|
|upkeep
|turn|8
|inactive|sedrav has 30 seconds left.
|inactive|sedrav has 20 seconds left.
|
|t:|1757015671
|-terastallize|p1b: Amoonguss|Water
|move|p1b: Amoonguss|Rage Powder|p1b: Amoonguss
|-singleturn|p1b: Amoonguss|move: Rage Powder
|move|p2b: Amoonguss|Sludge Bomb|p1b: Amoonguss
|-damage|p1b: Amoonguss|60/100
|move|p2a: Farigiraf|Twin Beam|p1b: Amoonguss
|-damage|p1b: Amoonguss|47/100
|-damage|p1b: Amoonguss|30/100
|-hitcount|p1b: Amoonguss|2
|move|p1a: Gholdengo|Nasty Plot|p1a: Gholdengo
|-boost|p1a: Gholdengo|spa|2
|
|upkeep
|turn|9
|-message|Permasona forfeited.
|
|win|sedrav
|l|☆Permasona
|player|p2|
||Permasona is ready for game 2.
