|j|☆Cactusmax
|j|☆dialghite
|html|Cactusmaxdialghite    
|uhtml|bestof|Game 1 of a best-of-3
|t:|1783532116
|gametype|doubles
|player|p1|Cactusmax|ballguy|
|player|p2|dialghite|volkner|
|gen|9
|tier|[Gen 9 Champions] VGC 2026 Reg M-B (Bo3)
|rule|Species Clause: Limit one of each Pokémon
|rule|Item Clause: Limit 1 of each item
|clearpoke
|poke|p1|Sinistcha-Masterpiece, L50|
|poke|p1|Kingambit, L50, M|
|poke|p1|Sneasler, L50, M|
|poke|p1|Floette-Eternal, L50, F|
|poke|p1|Delphox, L50, F|
|poke|p1|Incineroar, L50, F|
|poke|p2|Swampert, L50, F|
|poke|p2|Pelipper, L50, F|
|poke|p2|Archaludon, L50, M, shiny|
|poke|p2|Sableye, L50, M|
|poke|p2|Venusaur, L50, M|
|poke|p2|Charizard, L50, F, shiny|
|teampreview|4
|showteam|p1|Sinistcha-Masterpiece||KasibBerry|Hospitality|MatchaGotcha,RagePowder,TrickRoom,Protect|Bold|||||50|]Kingambit||BlackGlasses|Defiant|KowtowCleave,SuckerPunch,SwordsDance,Protect|Adamant||M|||50|]Sneasler||FocusSash|PoisonTouch|FakeOut,CloseCombat,DireClaw,QuickGuard|Jolly||M|||50|]Floette-Eternal||Floettite|FlowerVeil|Moonblast,DazzlingGleam,CalmMind,Protect|Modest||F|||50|]Delphox||Delphoxite|Blaze|HeatWave,Psyshock,NastyPlot,Protect|Timid||F|||50|]Incineroar||SitrusBerry|Intimidate|PartingShot,FlareBlitz,ThroatChop,FakeOut|Careful||F|||50|
|showteam|p2|Swampert||Swampertite|Torrent|WaveCrash,HighHorsepower,IcePunch,Protect|Adamant||F|||50|]Pelipper||SitrusBerry|Drizzle|WeatherBall,Hurricane,Tailwind,Protect|Modest||F|||50|]Archaludon||Leftovers|Stamina|DragonPulse,FlashCannon,ElectroShot,Protect|Modest||M|||50|]Sableye||RoseliBerry|Prankster|Encore,LightScreen,WillOWisp,RainDance|Sassy||M|||50|]Venusaur||LifeOrb|Chlorophyll|EnergyBall,SludgeBomb,EarthPower,Protect|Modest||M|||50|]Charizard||CharizarditeY|Blaze|WeatherBall,HeatWave,Hurricane,Protect|Modest||F|||50|
|c|☆Cactusmax|hf
|c|☆dialghite|u2
|j| Shmon
|
|t:|1783532150
|teamsize|p1|4
|teamsize|p2|4
|start
|switch|p1a: Floette|Floette-Eternal, L50, F|100/100
|switch|p1b: Incineroar|Incineroar, L50, F|100/100
|switch|p2a: Venusaur|Venusaur, L50, M|100/100
|switch|p2b: Charizard|Charizard, L50, F, shiny|100/100
|-ability|p1b: Incineroar|Intimidate|boost
|-unboost|p2a: Venusaur|atk|1
|-unboost|p2b: Charizard|atk|1
|turn|1
|inactive|Battle timer is ON: inactive players will automatically lose when time's up. (requested by Cactusmax)
|
|t:|1783532167
|detailschange|p1a: Floette|Floette-Mega, L50, F
|-mega|p1a: Floette|Floette|Floettite
|-ability|p1a: Floette|Fairy Aura
|detailschange|p2b: Charizard|Charizard-Mega-Y, L50, F, shiny
|-mega|p2b: Charizard|Charizard|Charizardite Y
|-weather|SunnyDay|[from] ability: Drought|[of] p2b: Charizard
|move|p2a: Venusaur|Protect|p2a: Venusaur
|-singleturn|p2a: Venusaur|Protect
|move|p1a: Floette|Protect|p1a: Floette
|-singleturn|p1a: Floette|Protect
|move|p2b: Charizard|Weather Ball|p1b: Incineroar
|-resisted|p1b: Incineroar|1
|-damage|p1b: Incineroar|61/100
|move|p1b: Incineroar|Flare Blitz|p2a: Venusaur
|-activate|p2a: Venusaur|move: Protect
|
|-weather|SunnyDay|[upkeep]
|upkeep
|turn|2
|inactive|Cactusmax has 30 seconds left.
|
|t:|1783532199
|switch|p1a: Sinistcha|Sinistcha-Masterpiece, L50|100/100
|-heal|p1b: Incineroar|85/100|[from] ability: Hospitality|[of] p1a: Sinistcha
|move|p2a: Venusaur|Earth Power|p1b: Incineroar
|-supereffective|p1b: Incineroar|1
|-damage|p1b: Incineroar|29/100
|-unboost|p1b: Incineroar|spd|1
|-enditem|p1b: Incineroar|Sitrus Berry|[eat]
|-heal|p1b: Incineroar|54/100|[from] item: Sitrus Berry
|-damage|p2a: Venusaur|90/100|[from] item: Life Orb
|move|p2b: Charizard|Weather Ball|p1b: Incineroar
|-resisted|p1b: Incineroar|1
|-damage|p1b: Incineroar|0 fnt
|faint|p1b: Incineroar
|
|-weather|SunnyDay|[upkeep]
|upkeep
|
|t:|1783532221
|switch|p1b: Sneasler|Sneasler, L50, M|100/100
|turn|3
|
|t:|1783532228
|move|p1a: Sinistcha|Protect|p1a: Sinistcha
|-singleturn|p1a: Sinistcha|Protect
|move|p2a: Venusaur|Earth Power|p1b: Sneasler
|-supereffective|p1b: Sneasler|1
|-damage|p1b: Sneasler|1/100
|-damage|p2a: Venusaur|81/100|[from] item: Life Orb
|move|p1b: Sneasler|Dire Claw|p2b: Charizard
|-damage|p2b: Charizard|51/100
|move|p2b: Charizard|Heat Wave|p1a: Sinistcha|[spread] 
|-activate|p1a: Sinistcha|move: Protect
|-miss|p2b: Charizard|p1b: Sneasler
|
|-weather|SunnyDay|[upkeep]
|upkeep
|turn|4
|
|t:|1783532241
|move|p1a: Sinistcha|Rage Powder|p1a: Sinistcha
|-singleturn|p1a: Sinistcha|move: Rage Powder
|move|p2a: Venusaur|Earth Power|p1b: Sneasler
|-supereffective|p1b: Sneasler|1
|-damage|p1b: Sneasler|0 fnt
|faint|p1b: Sneasler
|-damage|p2a: Venusaur|71/100|[from] item: Life Orb
|move|p2b: Charizard|Weather Ball|p1a: Sinistcha
|-supereffective|p1a: Sinistcha|1
|-damage|p1a: Sinistcha|0 fnt
|faint|p1a: Sinistcha
|
|-weather|SunnyDay|[upkeep]
|upkeep
|
|t:|1783532247
|switch|p1b: Floette|Floette-Mega, L50, F|100/100
|-ability|p1b: Floette|Fairy Aura
|turn|5
|
|t:|1783532252
|move|p1b: Floette|Protect|p1b: Floette
|-singleturn|p1b: Floette|Protect
|move|p2a: Venusaur|Sludge Bomb|p1b: Floette
|-activate|p1b: Floette|move: Protect
|move|p2b: Charizard|Weather Ball|p1b: Floette
|-activate|p1b: Floette|move: Protect
|
|-weather|none
|upkeep
|turn|6
|
|t:|1783532259
|switch|p2b: Pelipper|Pelipper, L50, F|100/100
|-weather|RainDance|[from] ability: Drizzle|[of] p2b: Pelipper
|move|p1b: Floette|Dazzling Gleam|p2b: Pelipper|[spread] p2a,p2b
|-resisted|p2a: Venusaur|1
|-damage|p2a: Venusaur|44/100
|-damage|p2b: Pelipper|44/100
|-enditem|p2b: Pelipper|Sitrus Berry|[eat]
|-heal|p2b: Pelipper|69/100|[from] item: Sitrus Berry
|move|p2a: Venusaur|Sludge Bomb|p1b: Floette
|-supereffective|p1b: Floette|1
|-damage|p1b: Floette|16/100
|-damage|p2a: Venusaur|35/100|[from] item: Life Orb
|
|-weather|RainDance|[upkeep]
|upkeep
|turn|7
|
|t:|1783532269
|switch|p2b: Charizard|Charizard-Mega-Y, L50, F, shiny|51/100
|-weather|SunnyDay|[from] ability: Drought|[of] p2b: Charizard
|move|p2a: Venusaur|Sludge Bomb|p1b: Floette
|-supereffective|p1b: Floette|1
|-damage|p1b: Floette|0 fnt
|faint|p1b: Floette
|-damage|p2a: Venusaur|25/100|[from] item: Life Orb
|
|win|dialghite
||Cactusmax is ready for game 2.
||Cactusmax is ready for game 2.
||dialghite is ready for game 2.
|uhtml|next|Next: Game 2 of 3
