|j|☆Barri Deagol
|j|☆Pazitas
|html|Barri DeagolPazitas    
|uhtml|bestof|Game 2 of a best-of-3
|t:|1756571642
|gametype|doubles
|player|p1|Barri Deagol|collector|1118
|player|p2|Pazitas|bianca|1067
|gen|9
|tier|[Gen 9] VGC 2025 Reg H (Bo3)
|rated|
|rule|Species Clause: Limit one of each Pokémon
|rule|Item Clause: Limit 1 of each item
|clearpoke
|poke|p1|Archaludon, L50, F|
|poke|p1|Dragonite, L50, M|
|poke|p1|Pelipper, L50, M|
|poke|p1|Ursaluna, L50, M|
|poke|p1|Sinistcha, L50|
|poke|p1|Gholdengo, L50|
|poke|p2|Pelipper, L50, F|
|poke|p2|Archaludon, L50, M|
|poke|p2|Basculegion, L50, M|
|poke|p2|Sinistcha, L50|
|poke|p2|Dragonite, L50, M|
|poke|p2|Incineroar, L50, M|
|teampreview|4
|showteam|p1|Archaludon||AssaultVest|Stamina|FlashCannon,BodyPress,ElectroShot,Snarl|||F|||50|,,,,,Fighting]Dragonite||LoadedDice|Multiscale|ScaleShot,Tailwind,Haze,Protect|||M|||50|,,,,,Fairy]Pelipper||FocusSash|Drizzle|MuddyWater,Hurricane,Tailwind,Protect|||M|||50|,,,,,Ghost]Ursaluna||FlameOrb|Guts|Facade,HeadlongRush,Earthquake,Protect|||M|||50|,,,,,Ghost]Sinistcha||SitrusBerry|Hospitality|MatchaGotcha,LifeDew,RagePowder,TrickRoom||||||50|,,,,,Dark]Gholdengo||ChoiceScarf|GoodasGold|MakeItRain,ShadowBall,Trick,Protect||||||50|,,,,,Flying
|showteam|p2|Pelipper||FocusSash|Drizzle|WeatherBall,Hurricane,Tailwind,Protect|||F|||50|,,,,,Ghost]Archaludon||AssaultVest|Stamina|DracoMeteor,ElectroShot,FlashCannon,BodyPress|||M|||50|,,,,,Grass]Basculegion||LifeOrb|SwiftSwim|WaveCrash,LastRespects,AquaJet,Protect|||M|||50|,,,,,Water]Sinistcha||SitrusBerry|Hospitality|MatchaGotcha,RagePowder,TrickRoom,LifeDew||||||50|,,,,,Water]Dragonite||LoadedDice|Multiscale|ScaleShot,ExtremeSpeed,Haze,Protect|||M|||50|,,,,,Fairy]Incineroar||SafetyGoggles|Intimidate|KnockOff,Taunt,FakeOut,PartingShot|||M|||50|,,,,,Ghost
|inactive|Battle timer is ON: inactive players will automatically lose when time's up. (requested by Barri Deagol)
|inactive|Barri Deagol has 60 seconds left.
|inactive|Pazitas has 60 seconds left.
|
|t:|1756571680
|teamsize|p1|4
|teamsize|p2|4
|start
|switch|p1a: Gholdengo|Gholdengo, L50|100/100
|switch|p1b: Dragonite|Dragonite, L50, M|100/100
|switch|p2a: Lights|Archaludon, L50, M|100/100
|switch|p2b: Petunia|Pelipper, L50, F|100/100
|-weather|RainDance|[from] ability: Drizzle|[of] p2b: Petunia
|turn|1
|inactive|Barri Deagol has 30 seconds left.
|inactive|Barri Deagol has 20 seconds left.
|
|t:|1756571715
|-terastallize|p1b: Dragonite|Fairy
|move|p1a: Gholdengo|Make It Rain|p2a: Lights|[spread] p2a,p2b
|-resisted|p2a: Lights
|-resisted|p2b: Petunia
|-damage|p2a: Lights|80/100
|-damage|p2b: Petunia|55/100
|-unboost|p1a: Gholdengo|spa|1
|-ability|p2a: Lights|Stamina|boost
|-boost|p2a: Lights|def|1
|move|p1b: Dragonite|Scale Shot|p2b: Petunia
|-damage|p2b: Petunia|37/100
|-damage|p2b: Petunia|17/100
|-damage|p2b: Petunia|0 fnt
|faint|p2b: Petunia
|-hitcount|p2: Petunia|3
|-unboost|p1b: Dragonite|def|1
|-boost|p1b: Dragonite|spe|1
|move|p2a: Lights|Electro Shot||[still]
|-prepare|p2a: Lights|Electro Shot
|-boost|p2a: Lights|spa|1
|-anim|p2a: Lights|Electro Shot|p1a: Gholdengo
|-damage|p1a: Gholdengo|26/100
|
|-weather|RainDance|[upkeep]
|upkeep
|
|t:|1756571737
|switch|p2b: Basculegion|Basculegion, L50, M|100/100
|turn|2
|
|t:|1756571760
|move|p2b: Basculegion|Last Respects|p1a: Gholdengo
|-supereffective|p1a: Gholdengo
|-damage|p1a: Gholdengo|0 fnt
|faint|p1a: Gholdengo
|-damage|p2b: Basculegion|91/100|[from] item: Life Orb
|move|p1b: Dragonite|Tailwind|p1b: Dragonite
|-sidestart|p1: Barri Deagol|move: Tailwind
|move|p2a: Lights|Electro Shot||[still]
|-prepare|p2a: Lights|Electro Shot
|-boost|p2a: Lights|spa|1
|-anim|p2a: Lights|Electro Shot|p1b: Dragonite
|-damage|p1b: Dragonite|53/100
|
|-weather|RainDance|[upkeep]
|upkeep
|
|t:|1756571779
|switch|p1a: Sinistcha|Sinistcha, L50|100/100
|-heal|p1b: Dragonite|77/100|[from] ability: Hospitality|[of] p1a: Sinistcha
|turn|3
|
|t:|1756571803
|switch|p1a: Archaludon|Archaludon, L50, F|100/100
|move|p1b: Dragonite|Scale Shot|p2b: Basculegion
|-damage|p2b: Basculegion|73/100
|-damage|p2b: Basculegion|54/100
|-damage|p2b: Basculegion|34/100
|-damage|p2b: Basculegion|13/100
|-hitcount|p2b: Basculegion|4
|-unboost|p1b: Dragonite|def|1
|-boost|p1b: Dragonite|spe|1
|move|p2b: Basculegion|Last Respects|p1a: Archaludon
|-damage|p1a: Archaludon|58/100
|-ability|p1a: Archaludon|Stamina|boost
|-boost|p1a: Archaludon|def|1
|-damage|p2b: Basculegion|4/100|[from] item: Life Orb
|move|p2a: Lights|Flash Cannon|p1b: Dragonite
|-supereffective|p1b: Dragonite
|-damage|p1b: Dragonite|0 fnt
|faint|p1b: Dragonite
|
|-weather|RainDance|[upkeep]
|upkeep
|
|t:|1756571825
|switch|p1b: Sinistcha|Sinistcha, L50|100/100
|-heal|p1a: Archaludon|83/100|[from] ability: Hospitality|[of] p1b: Sinistcha
|turn|4
|inactive|Pazitas has 30 seconds left.
|
|t:|1756571860
|-terastallize|p2a: Lights|Grass
|move|p2b: Basculegion|Last Respects|p1b: Sinistcha
|-supereffective|p1b: Sinistcha
|-damage|p1b: Sinistcha|0 fnt
|faint|p1b: Sinistcha
|-damage|p2b: Basculegion|0 fnt|[from] item: Life Orb
|faint|p2b: Basculegion
|move|p1a: Archaludon|Snarl|p2a: Lights
|-damage|p2a: Lights|67/100
|-unboost|p2a: Lights|spa|1
|-ability|p2a: Lights|Stamina|boost
|-boost|p2a: Lights|def|1
|move|p2a: Lights|Draco Meteor|p1a: Archaludon|[miss]
|-miss|p2a: Lights|p1a: Archaludon
|
|-weather|RainDance|[upkeep]
|upkeep
|
|t:|1756571875
|switch|p2b: Dragonite|Dragonite, L50, M|100/100
|turn|5
|
|t:|1756571892
|move|p2b: Dragonite|Protect|p2b: Dragonite
|-singleturn|p2b: Dragonite|Protect
|move|p1a: Archaludon|Electro Shot||[still]
|-prepare|p1a: Archaludon|Electro Shot
|-boost|p1a: Archaludon|spa|1
|-anim|p1a: Archaludon|Electro Shot|p2b: Dragonite
|-activate|p2b: Dragonite|move: Protect
|move|p2a: Lights|Body Press|p1a: Archaludon
|-supereffective|p1a: Archaludon
|-damage|p1a: Archaludon|45/100
|-ability|p1a: Archaludon|Stamina|boost
|-boost|p1a: Archaludon|def|1
|
|-weather|none
|-sideend|p1: Barri Deagol|move: Tailwind
|upkeep
|turn|6
|
|t:|1756571915
|move|p2b: Dragonite|Haze|p2b: Dragonite
|-clearallboost
|move|p2a: Lights|Draco Meteor|p1a: Archaludon
|-damage|p1a: Archaludon|0 fnt
|-unboost|p2a: Lights|spa|2
|faint|p1a: Archaludon
|
|win|Pazitas
||Pazitas is ready for game 3.
