|j|☆Testadaj
|j|☆Beeetch
|html|TestadajBeeetch    
|uhtml|bestof|Game 2 of a best-of-3
|t:|1757200032
|gametype|doubles
|player|p1|Testadaj|dawn-gen4pt|1150
|player|p2|Beeetch|beauty-gen4dp|1237
|gen|9
|tier|[Gen 9] VGC 2025 Reg H (Bo3)
|rated|
|rule|Species Clause: Limit one of each Pokémon
|rule|Item Clause: Limit 1 of each item
|clearpoke
|poke|p1|Milotic, L50, M|
|poke|p1|Tyranitar, L50, M|
|poke|p1|Talonflame, L50, M|
|poke|p1|Garchomp, L50, M|
|poke|p1|Amoonguss, L50, F|
|poke|p1|Gholdengo, L50|
|poke|p2|Excadrill, L50, M|
|poke|p2|Tyranitar, L50, F|
|poke|p2|Sneasler, L50, F|
|poke|p2|Indeedee, L50, M|
|poke|p2|Corviknight, L50, F|
|poke|p2|Annihilape, L50, M|
|teampreview|4
|showteam|p1|Milotic||SafetyGoggles|Competitive|Scald,Protect,Haze,IcyWind|||M|||50|,,,,,Dragon]Tyranitar||AssaultVest|SandStream|RockSlide,KnockOff,LowKick,TeraBlast|||M|||50|,,,,,Flying]Talonflame||CovertCloak|GaleWings|BraveBird,Tailwind,WillOWisp,Taunt|||M|||50|,,,,,Ghost]Garchomp||LifeOrb|RoughSkin|Protect,StompingTantrum,Earthquake,DragonClaw|||M|||50|,,,,,Steel]Amoonguss||MentalHerb|Regenerator|Spore,RagePowder,PollenPuff,Protect|||F|||50|,,,,,Water]Gholdengo||MetalCoat|GoodasGold|NastyPlot,MakeItRain,ShadowBall,Protect||||||50|,,,,,Dragon
|showteam|p2|Excadrill||FocusSash|SandRush|IronHead,HighHorsepower,Earthquake,Protect|||M|||50|,,,,,Stellar]Tyranitar||AssaultVest|SandStream|RockSlide,KnockOff,TeraBlast,LowKick|||F|||50|,,,,,Flying]Sneasler||PsychicSeed|Unburden|DireClaw,CloseCombat,ThroatChop,Protect|||F|||50|,,,,,Dark]Indeedee||ChoiceScarf|PsychicSurge|ExpandingForce,TeraBlast,Protect,Trick|||M|||50|,,,,,Psychic]Corviknight||Leftovers|MirrorArmor|BraveBird,BulkUp,Roost,Tailwind|||F|||50|,,,,,Dragon]Annihilape||SafetyGoggles|Defiant|CloseCombat,FinalGambit,RageFist,Taunt|||M|||50|,,,,,Water
|inactive|Battle timer is ON: inactive players will automatically lose when time's up. (requested by Testadaj)
|inactive|Testadaj has 60 seconds left.
|inactive|Beeetch has 60 seconds left.
|
|t:|1757200071
|teamsize|p1|4
|teamsize|p2|4
|start
|switch|p1a: Tyranitar|Tyranitar, L50, M|100/100
|switch|p1b: Gholdengo|Gholdengo, L50|100/100
|switch|p2a: Indeedee|Indeedee, L50, M, shiny|100/100
|switch|p2b: Corviknight|Corviknight, L50, F|100/100
|-fieldstart|move: Psychic Terrain|[from] ability: Psychic Surge|[of] p2a: Indeedee
|-weather|Sandstorm|[from] ability: Sand Stream|[of] p1a: Tyranitar
|turn|1
|
|t:|1757200091
|switch|p2a: Tyranitar|Tyranitar, L50, F, shiny|100/100
|move|p1b: Gholdengo|Nasty Plot|p1b: Gholdengo
|-boost|p1b: Gholdengo|spa|2
|move|p1a: Tyranitar|Knock Off|p2a: Tyranitar
|-resisted|p2a: Tyranitar
|-crit|p2a: Tyranitar
|-damage|p2a: Tyranitar|64/100
|-enditem|p2a: Tyranitar|Assault Vest|[from] move: Knock Off|[of] p1a: Tyranitar
|move|p2b: Corviknight|Tailwind|p2b: Corviknight
|-sidestart|p2: Beeetch|move: Tailwind
|
|-weather|Sandstorm|[upkeep]
|upkeep
|turn|2
|inactive|Testadaj has 30 seconds left.
|inactive|Beeetch has 30 seconds left.
|
|t:|1757200119
|-terastallize|p1a: Tyranitar|Flying
|move|p1b: Gholdengo|Protect|p1b: Gholdengo
|-singleturn|p1b: Gholdengo|Protect
|move|p2a: Tyranitar|Knock Off|p1b: Gholdengo
|-activate|p1b: Gholdengo|move: Protect
|move|p2b: Corviknight|Brave Bird|p1b: Gholdengo
|-activate|p1b: Gholdengo|move: Protect
|move|p1a: Tyranitar|Low Kick|p2a: Tyranitar
|-supereffective|p2a: Tyranitar
|-damage|p2a: Tyranitar|0 fnt
|faint|p2a: Tyranitar
|
|-weather|Sandstorm|[upkeep]
|-damage|p1a: Tyranitar|95/100|[from] Sandstorm
|upkeep
|
|t:|1757200132
|switch|p2a: Excadrill|Excadrill, L50, M, shiny|100/100
|turn|3
|
|t:|1757200149
|switch|p1b: Amoonguss|Amoonguss, L50, F|100/100
|-terastallize|p2a: Excadrill|Stellar
|move|p2a: Excadrill|Earthquake|p1b: Amoonguss|[spread] p1b
|-immune|p2b: Corviknight
|-immune|p1a: Tyranitar
|-damage|p1b: Amoonguss|57/100
|move|p2b: Corviknight|Brave Bird|p1a: Tyranitar
|-damage|p1a: Tyranitar|52/100
|-damage|p2b: Corviknight|87/100|[from] Recoil
|move|p1a: Tyranitar|Knock Off|p2a: Excadrill
|-damage|p2a: Excadrill|23/100
|-enditem|p2a: Excadrill|Focus Sash|[from] move: Knock Off|[of] p1a: Tyranitar
|
|-weather|Sandstorm|[upkeep]
|-damage|p1a: Tyranitar|46/100|[from] Sandstorm
|-damage|p1b: Amoonguss|51/100|[from] Sandstorm
|-heal|p2b: Corviknight|93/100|[from] item: Leftovers
|upkeep
|turn|4
|
|t:|1757200171
|switch|p1a: Gholdengo|Gholdengo, L50|100/100
|move|p2a: Excadrill|Iron Head|p1a: Gholdengo
|-resisted|p1a: Gholdengo
|-damage|p1a: Gholdengo|72/100
|move|p2b: Corviknight|Brave Bird|p1b: Amoonguss
|-supereffective|p1b: Amoonguss
|-damage|p1b: Amoonguss|0 fnt
|faint|p1b: Amoonguss
|-damage|p2b: Corviknight|74/100|[from] Recoil
|
|-weather|Sandstorm|[upkeep]
|-heal|p2b: Corviknight|80/100|[from] item: Leftovers
|-sideend|p2: Beeetch|move: Tailwind
|upkeep
|
|t:|1757200176
|switch|p1b: Garchomp|Garchomp, L50, M|100/100
|turn|5
|
|t:|1757200190
|move|p2a: Excadrill|Protect|p2a: Excadrill
|-singleturn|p2a: Excadrill|Protect
|move|p1a: Gholdengo|Protect|p1a: Gholdengo
|-singleturn|p1a: Gholdengo|Protect
|move|p1b: Garchomp|Earthquake|p2b: Corviknight|[spread] 
|-activate|p1a: Gholdengo|move: Protect
|-activate|p2a: Excadrill|move: Protect
|-immune|p2b: Corviknight
|move|p2b: Corviknight|Tailwind|p2b: Corviknight
|-sidestart|p2: Beeetch|move: Tailwind
|
|-weather|none
|-heal|p2b: Corviknight|86/100|[from] item: Leftovers
|-fieldend|move: Psychic Terrain
|upkeep
|turn|6
|-message|Testadaj forfeited.
|
|win|Beeetch
|raw|Testadaj's rating: 1150 → 1131(-19 for losing)
|raw|Beeetch's rating: 1237 → 1256(+19 for winning)
|l|☆Testadaj
|player|p1|
