|j|☆Camerupt4Ever
|j|☆snvyy
|html|Camerupt4Eversnvyy    
|uhtml|bestof|Game 1 of a best-of-3
|t:|1756654381
|gametype|doubles
|player|p1|Camerupt4Ever|flannery|1111
|player|p2|snvyy|caitlin|1108
|gen|9
|tier|[Gen 9] VGC 2025 Reg H (Bo3)
|rated|
|rule|Species Clause: Limit one of each Pokémon
|rule|Item Clause: Limit 1 of each item
|clearpoke
|poke|p1|Wyrdeer, L50, F|
|poke|p1|Indeedee-F, L50, F|
|poke|p1|Annihilape, L50, F|
|poke|p1|Torkoal, L50, F|
|poke|p1|Delphox, L50, F|
|poke|p1|Kingambit, L50, F|
|poke|p2|Incineroar, L50, F|
|poke|p2|Amoonguss, L50, F|
|poke|p2|Gengar, L50, F|
|poke|p2|Archaludon, L50, M|
|poke|p2|Pelipper, L50, F|
|poke|p2|Basculegion, L50, M|
|teampreview|4
|showteam|p1|Wyrdeer||Leftovers|Intimidate|Protect,TrickRoom,ExpandingForce,EarthPower|||F|||50|,,,,,Ground]Indeedee-F||RockyHelmet|PsychicSurge|Imprison,FollowMe,TrickRoom,Psychic|||F|||50|,,,,,Grass]Annihilape||SafetyGoggles|Defiant|DrainPunch,Taunt,RageFist,Protect|||F|||50|,,,,,Fire]Torkoal||Charcoal|Drought|Eruption,HelpingHand,Protect,WeatherBall|||F|||50|,,,,,Grass]Delphox||ChoiceScarf|Blaze|HeatWave,ExpandingForce,DazzlingGleam,Flamethrower|||F|||50|,,,,,Fairy]Kingambit||AssaultVest|Defiant|KowtowCleave,SuckerPunch,IronHead,LowKick|||F|||50|,,,,,Fairy
|showteam|p2|Incineroar||PowerWeight|Intimidate|CloseCombat,FlareBlitz,KnockOff,FakeOut|||F|||50|,,,,,Ghost]Amoonguss||LifeOrb|EffectSpore|EnergyBall,SludgeBomb,TeraBlast,Spore|||F|||50|,,,,,Rock]Gengar||FocusSash|CursedBody|SludgeBomb,SuckerPunch,Curse,TrickRoom|||F|||50|,,,,,Grass]Archaludon||AssaultVest|Stamina|ElectroShot,DracoMeteor,FlashCannon,Snarl|||M|||50|,,,,,Electric]Pelipper||ChoiceSpecs|Drizzle|Hurricane,WeatherBall,MuddyWater,IceBeam|||F|||50|,,,,,Water]Basculegion||SafetyGoggles|Adaptability|Protect,WaveCrash,AquaJet,LastRespects|||M|||50|,,,,,Water
|inactive|Battle timer is ON: inactive players will automatically lose when time's up. (requested by snvyy)
|
|t:|1756654415
|teamsize|p1|4
|teamsize|p2|4
|start
|switch|p1a: Kingambit|Kingambit, L50, F|100/100
|switch|p1b: Indeedee|Indeedee-F, L50, F|100/100
|switch|p2a: Gengar|Gengar, L50, F, shiny|100/100
|switch|p2b: Pelipper|Pelipper, L50, F|100/100
|-fieldstart|move: Psychic Terrain|[from] ability: Psychic Surge|[of] p1b: Indeedee
|-weather|RainDance|[from] ability: Drizzle|[of] p2b: Pelipper
|turn|1
|
|t:|1756654438
|switch|p2a: Basculegion|Basculegion, L50, M, shiny|100/100
|switch|p1a: Torkoal|Torkoal, L50, F|100/100
|-weather|SunnyDay|[from] ability: Drought|[of] p1a: Torkoal
|move|p2b: Pelipper|Weather Ball|p1b: Indeedee
|-damage|p1b: Indeedee|37/100
|move|p1b: Indeedee|Trick Room|p1b: Indeedee
|-fieldstart|move: Trick Room|[of] p1b: Indeedee
|
|-weather|SunnyDay|[upkeep]
|upkeep
|turn|2
|
|t:|1756654462
|switch|p2b: Amoonguss|Amoonguss, L50, F, shiny|100/100
|-terastallize|p1a: Torkoal|Grass
|move|p2a: Basculegion|Protect|p2a: Basculegion
|-singleturn|p2a: Basculegion|Protect
|move|p1a: Torkoal|Eruption|p2b: Amoonguss|[spread] p2b
|-activate|p2a: Basculegion|move: Protect
|-supereffective|p2b: Amoonguss
|-damage|p2b: Amoonguss|0 fnt
|faint|p2b: Amoonguss
|move|p1b: Indeedee|Psychic|p2a: Basculegion
|-activate|p2a: Basculegion|move: Protect
|
|-weather|SunnyDay|[upkeep]
|upkeep
|
|t:|1756654477
|switch|p2b: Pelipper|Pelipper, L50, F|100/100
|-weather|RainDance|[from] ability: Drizzle|[of] p2b: Pelipper
|turn|3
|
|t:|1756654499
|switch|p1a: Kingambit|Kingambit, L50, F|100/100
|switch|p1b: Wyrdeer|Wyrdeer, L50, F|100/100
|-ability|p1b: Wyrdeer|Intimidate|boost
|-unboost|p2a: Basculegion|atk|1
|-unboost|p2b: Pelipper|atk|1
|-terastallize|p2a: Basculegion|Water
|move|p2a: Basculegion|Wave Crash|p1b: Wyrdeer
|-damage|p1b: Wyrdeer|0 fnt
|faint|p1b: Wyrdeer
|-damage|p2a: Basculegion|67/100|[from] Recoil
|move|p2b: Pelipper|Ice Beam|p1a: Kingambit
|-resisted|p1a: Kingambit
|-damage|p1a: Kingambit|87/100
|
|-weather|RainDance|[upkeep]
|upkeep
|
|t:|1756654503
|switch|p1b: Torkoal|Torkoal, L50, F, tera:Grass|100/100
|-weather|SunnyDay|[from] ability: Drought|[of] p1b: Torkoal
|turn|4
|
|t:|1756654523
|move|p2a: Basculegion|Protect|p2a: Basculegion
|-singleturn|p2a: Basculegion|Protect
|move|p1b: Torkoal|Eruption|p2b: Pelipper|[spread] p2b
|-activate|p2a: Basculegion|move: Protect
|-resisted|p2b: Pelipper
|-damage|p2b: Pelipper|41/100
|move|p1a: Kingambit|Kowtow Cleave|p2b: Pelipper
|-damage|p2b: Pelipper|0 fnt
|faint|p2b: Pelipper
|
|-weather|SunnyDay|[upkeep]
|upkeep
|
|t:|1756654534
|switch|p2b: Gengar|Gengar, L50, F, shiny|100/100
|turn|5
|
|t:|1756654548
|move|p1b: Torkoal|Eruption|p2b: Gengar|[spread] p2a,p2b
|-resisted|p2a: Basculegion
|-damage|p2a: Basculegion|17/100
|-enditem|p2b: Gengar|Focus Sash
|-damage|p2b: Gengar|1/100
|-start|p1b: Torkoal|Disable|Eruption|[from] ability: Cursed Body|[of] p2b: Gengar
|move|p1a: Kingambit|Kowtow Cleave|p2a: Basculegion
|-damage|p2a: Basculegion|0 fnt
|faint|p2a: Basculegion
|move|p2b: Gengar|Sludge Bomb|p1b: Torkoal
|-supereffective|p1b: Torkoal
|-crit|p1b: Torkoal
|-damage|p1b: Torkoal|0 fnt
|faint|p1b: Torkoal
|
|-weather|SunnyDay|[upkeep]
|-fieldend|move: Trick Room
|-fieldend|move: Psychic Terrain
|upkeep
|
|t:|1756654552
|switch|p1b: Indeedee|Indeedee-F, L50, F|37/100
|-fieldstart|move: Psychic Terrain|[from] ability: Psychic Surge|[of] p1b: Indeedee
|turn|6
|
|t:|1756654573
|move|p1b: Indeedee|Follow Me|p1b: Indeedee
|-singleturn|p1b: Indeedee|move: Follow Me
|move|p2b: Gengar|Sucker Punch||[still]
|-fail|p2b: Gengar
|move|p1a: Kingambit|Kowtow Cleave|p2b: Gengar
|-supereffective|p2b: Gengar
|-damage|p2b: Gengar|0 fnt
|-start|p1a: Kingambit|Disable|Kowtow Cleave|[from] ability: Cursed Body|[of] p2b: Gengar
|faint|p2b: Gengar
|
|win|Camerupt4Ever
||snvyy is ready for game 2.
||Camerupt4Ever is ready for game 2.
|uhtml|next|Next: Game 2 of 3
