|j|☆DrXJ13
|j|☆oscraft89
|html|DrXJ13oscraft89    
|uhtml|bestof|Game 2 of a best-of-3
|t:|1757246506
|gametype|doubles
|player|p1|DrXJ13|2|1112
|player|p2|oscraft89|265|1169
|gen|9
|tier|[Gen 9] VGC 2025 Reg H (Bo3)
|rated|
|rule|Species Clause: Limit one of each Pokémon
|rule|Item Clause: Limit 1 of each item
|clearpoke
|poke|p1|Sinistcha, L50|
|poke|p1|Ursaluna-Bloodmoon, L50, M|
|poke|p1|Incineroar, L50, F|
|poke|p1|Sneasler, L50, F|
|poke|p1|Dragonite, L50, F|
|poke|p1|Corviknight, L50, F|
|poke|p2|Porygon2, L50|
|poke|p2|Incineroar, L50, F|
|poke|p2|Jumpluff, L50, F|
|poke|p2|Charizard, L50, M|
|poke|p2|Ursaluna, L50, F|
|poke|p2|Torkoal, L50, M|
|teampreview|4
|showteam|p1|Sinistcha||RockyHelmet|Hospitality|MatchaGotcha,ShadowBall,TrickRoom,RagePowder||||||50|,,,,,Water]Ursaluna-Bloodmoon||Leftovers|MindsEye|HyperVoice,EarthPower,CalmMind,Protect|||M|||50|,,,,,Water]Incineroar||SafetyGoggles|Intimidate|FakeOut,KnockOff,FlareBlitz,PartingShot|||F|||50|,,,,,Ghost]Sneasler||FocusSash|Unburden|Coaching,DireClaw,CloseCombat,Protect|||F|||50|,,,,,Stellar]Dragonite||LoadedDice|Multiscale|ScaleShot,ExtremeSpeed,Haze,Protect|||F|||50|,,,,,Fairy]Corviknight||CovertCloak|MirrorArmor|DualWingbeat,Tailwind,IronHead,Taunt|||F|||50|,,,,,Dragon
|showteam|p2|Porygon2||Eviolite|Download|TeraBlast,IceBeam,Recover,TrickRoom||||||50|,,,,,Fighting]Incineroar||SitrusBerry|Intimidate|FakeOut,FlareBlitz,KnockOff,PartingShot|||F|||50|,,,,,Ghost]Jumpluff||CovertCloak|Chlorophyll|SleepPowder,Tailwind,SunnyDay,RagePowder|||F|||50|,,,,,Water]Charizard||ChoiceSpecs|SolarPower|HeatWave,WeatherBall,DragonPulse,Overheat|||M|||50|,,,,,Ghost]Ursaluna||FlameOrb|Guts|Protect,Earthquake,HeadlongRush,Facade|||F|||50|,,,,,Ghost]Torkoal||EjectPack|Drought|Eruption,Overheat,HelpingHand,Protect|||M|||50|,,,,,Fire
|inactive|Battle timer is ON: inactive players will automatically lose when time's up. (requested by DrXJ13)
|
|t:|1757246527
|teamsize|p1|4
|teamsize|p2|4
|start
|switch|p1a: Wellington|Ursaluna-Bloodmoon, L50, M|100/100
|switch|p1b: Onichan|Dragonite, L50, F|100/100
|switch|p2a: Incineroar|Incineroar, L50, F|100/100
|switch|p2b: Torkoal|Torkoal, L50, M|100/100
|-ability|p2a: Incineroar|Intimidate|boost
|-unboost|p1a: Wellington|atk|1
|-unboost|p1b: Onichan|atk|1
|-weather|SunnyDay|[from] ability: Drought|[of] p2b: Torkoal
|turn|1
|
|t:|1757246545
|switch|p2b: Jumpluff|Jumpluff, L50, F|100/100
|-terastallize|p1a: Wellington|Water
|move|p2a: Incineroar|Fake Out|p1b: Onichan
|-damage|p1b: Onichan|93/100
|cant|p1b: Onichan|flinch
|move|p1a: Wellington|Hyper Voice|p2a: Incineroar|[spread] p2a,p2b
|-damage|p2a: Incineroar|67/100
|-damage|p2b: Jumpluff|65/100
|
|-weather|SunnyDay|[upkeep]
|upkeep
|turn|2
|
|t:|1757246560
|move|p1b: Onichan|Extreme Speed|p2b: Jumpluff
|-damage|p2b: Jumpluff|41/100
|move|p2b: Jumpluff|Sleep Powder|p1a: Wellington
|-status|p1a: Wellington|slp|[from] move: Sleep Powder
|move|p2a: Incineroar|Parting Shot|p1b: Onichan
|-unboost|p1b: Onichan|atk|1
|-unboost|p1b: Onichan|spa|1
|
|t:|1757246568
|switch|p2a: Charizard|Charizard, L50, M|100/100|[from] Parting Shot
|cant|p1a: Wellington|slp
|
|-weather|SunnyDay|[upkeep]
|-damage|p2a: Charizard|88/100|[from] ability: Solar Power|[of] p2a: Charizard
|upkeep
|turn|3
|
|t:|1757246572
|switch|p1b: Toño|Incineroar, L50, F|100/100
|-ability|p1b: Toño|Intimidate|boost
|-unboost|p2a: Charizard|atk|1
|-unboost|p2b: Jumpluff|atk|1
|move|p2b: Jumpluff|Sleep Powder|p1b: Toño
|-activate|p1b: Toño|item: Safety Goggles|Sleep Powder
|move|p2a: Charizard|Heat Wave|p1b: Toño|[spread] p1a,p1b
|-resisted|p1a: Wellington
|-resisted|p1b: Toño
|-damage|p1a: Wellington|46/100 slp
|-damage|p1b: Toño|60/100
|cant|p1a: Wellington|slp
|
|-weather|SunnyDay|[upkeep]
|-damage|p2a: Charizard|76/100|[from] ability: Solar Power|[of] p2a: Charizard
|-heal|p1a: Wellington|52/100 slp|[from] item: Leftovers
|upkeep
|turn|4
|
|t:|1757246582
|switch|p2b: Incineroar|Incineroar, L50, F|67/100
|-ability|p2b: Incineroar|Intimidate|boost
|-unboost|p1a: Wellington|atk|1
|-unboost|p1b: Toño|atk|1
|move|p2a: Charizard|Heat Wave|p1b: Toño|[spread] p1a,p1b
|-resisted|p1a: Wellington
|-resisted|p1b: Toño
|-damage|p1a: Wellington|0 fnt
|-damage|p1b: Toño|18/100
|faint|p1a: Wellington
|move|p1b: Toño|Parting Shot|p2a: Charizard
|-unboost|p2a: Charizard|atk|1
|-unboost|p2a: Charizard|spa|1
|
|t:|1757246587
|switch|p1b: Onichan|Dragonite, L50, F|93/100|[from] Parting Shot
|
|-weather|SunnyDay|[upkeep]
|-damage|p2a: Charizard|63/100|[from] ability: Solar Power|[of] p2a: Charizard
|upkeep
|
|t:|1757246591
|switch|p1a: Tuex|Sneasler, L50, F|100/100
|turn|5
|
|t:|1757246598
|move|p1a: Tuex|Protect|p1a: Tuex
|-singleturn|p1a: Tuex|Protect
|move|p1b: Onichan|Protect|p1b: Onichan
|-singleturn|p1b: Onichan|Protect
|move|p2b: Incineroar|Fake Out|p1a: Tuex
|-activate|p1a: Tuex|move: Protect
|move|p2a: Charizard|Heat Wave|p1b: Onichan|[spread] 
|-activate|p1a: Tuex|move: Protect
|-activate|p1b: Onichan|move: Protect
|
|-weather|none
|upkeep
|turn|6
|
|t:|1757246612
|switch|p2a: Torkoal|Torkoal, L50, M|100/100
|-weather|SunnyDay|[from] ability: Drought|[of] p2a: Torkoal
|-terastallize|p2b: Incineroar|Ghost
|move|p1a: Tuex|Close Combat|p2b: Incineroar
|-immune|p2b: Incineroar
|move|p1b: Onichan|Scale Shot|p2a: Torkoal
|-damage|p2a: Torkoal|89/100
|-damage|p2a: Torkoal|78/100
|-damage|p2a: Torkoal|68/100
|-damage|p2a: Torkoal|57/100
|-damage|p2a: Torkoal|45/100
|-hitcount|p2a: Torkoal|5
|-unboost|p1b: Onichan|def|1
|-boost|p1b: Onichan|spe|1
|move|p2b: Incineroar|Parting Shot|p1a: Tuex
|-unboost|p1a: Tuex|atk|1
|-unboost|p1a: Tuex|spa|1
|
|t:|1757246623
|switch|p2b: Jumpluff|Jumpluff, L50, F|41/100|[from] Parting Shot
|
|-weather|SunnyDay|[upkeep]
|upkeep
|turn|7
|
|t:|1757246636
|move|p1b: Onichan|Extreme Speed|p2b: Jumpluff
|-damage|p2b: Jumpluff|6/100
|move|p2b: Jumpluff|Tailwind|p2b: Jumpluff
|-sidestart|p2: oscraft89|move: Tailwind
|move|p1a: Tuex|Close Combat|p2a: Torkoal
|-damage|p2a: Torkoal|15/100
|-unboost|p1a: Tuex|def|1
|-unboost|p1a: Tuex|spd|1
|move|p2a: Torkoal|Overheat|p1b: Onichan
|-resisted|p1b: Onichan
|-damage|p1b: Onichan|48/100
|-unboost|p2a: Torkoal|spa|2
|-enditem|p2a: Torkoal|Eject Pack
|
|t:|1757246648
|switch|p2a: Charizard|Charizard, L50, M|63/100
|
|-weather|SunnyDay|[upkeep]
|-damage|p2a: Charizard|51/100|[from] ability: Solar Power|[of] p2a: Charizard
|upkeep
|turn|8
|
|t:|1757246659
|move|p1b: Onichan|Extreme Speed|p2b: Jumpluff
|-damage|p2b: Jumpluff|0 fnt
|faint|p2b: Jumpluff
|move|p2a: Charizard|Heat Wave|p1a: Tuex|[spread] p1a,p1b
|-resisted|p1b: Onichan
|-enditem|p1a: Tuex|Focus Sash
|-damage|p1a: Tuex|1/100
|-damage|p1b: Onichan|0 fnt
|faint|p1b: Onichan
|move|p1a: Tuex|Dire Claw|p2a: Charizard
|-damage|p2a: Charizard|14/100
|
|-weather|SunnyDay|[upkeep]
|-damage|p2a: Charizard|1/100|[from] ability: Solar Power|[of] p2a: Charizard
|upkeep
|
|t:|1757246666
|switch|p2b: Incineroar|Incineroar, L50, F, tera:Ghost|67/100
|switch|p1b: Toño|Incineroar, L50, F|18/100
|-ability|p2b: Incineroar|Intimidate|boost
|-unboost|p1a: Tuex|atk|1
|-unboost|p1b: Toño|atk|1
|-ability|p1b: Toño|Intimidate|boost
|-unboost|p2a: Charizard|atk|1
|-unboost|p2b: Incineroar|atk|1
|turn|9
|
|t:|1757246680
|move|p1a: Tuex|Protect|p1a: Tuex
|-singleturn|p1a: Tuex|Protect
|move|p2b: Incineroar|Fake Out|p1a: Tuex
|-activate|p1a: Tuex|move: Protect
|move|p1b: Toño|Fake Out|p2a: Charizard
|-damage|p2a: Charizard|0 fnt
|faint|p2a: Charizard
|
|-weather|SunnyDay|[upkeep]
|upkeep
|
|t:|1757246686
|switch|p2a: Torkoal|Torkoal, L50, M|15/100
|turn|10
|
|t:|1757246694
|move|p1a: Tuex|Dire Claw|p2a: Torkoal
|-damage|p2a: Torkoal|0 fnt
|faint|p2a: Torkoal
|move|p2b: Incineroar|Flare Blitz|p1b: Toño
|-resisted|p1b: Toño
|-damage|p1b: Toño|0 fnt
|faint|p1b: Toño
|-damage|p2b: Incineroar|61/100|[from] Recoil
|
|-weather|none
|-sideend|p2: oscraft89|move: Tailwind
|upkeep
|turn|11
|
|t:|1757246700
|move|p1a: Tuex|Dire Claw|p2b: Incineroar
|-resisted|p2b: Incineroar
|-damage|p2b: Incineroar|51/100
|-status|p2b: Incineroar|psn
|move|p2b: Incineroar|Knock Off|p1a: Tuex
|-resisted|p1a: Tuex
|-damage|p1a: Tuex|0 fnt
|faint|p1a: Tuex
|
|win|oscraft89
||oscraft89 is ready for game 3.
||DrXJ13 is ready for game 3.
|uhtml|next|Next: Game 3 of 3
