|j|☆Ev_Evan
|j|☆influxxyyy
|html|Ev_Evaninfluxxyyy    
|uhtml|bestof|Game 1 of a best-of-3
|t:|1757107069
|gametype|doubles
|player|p1|Ev_Evan|volkner|
|player|p2|influxxyyy|miku-fire|
|gen|9
|tier|[Gen 9] VGC 2025 Reg H (Bo3)
|rule|Species Clause: Limit one of each Pokémon
|rule|Item Clause: Limit 1 of each item
|clearpoke
|poke|p1|Gallade, L50, M|
|poke|p1|Yanmega, L50, F|
|poke|p1|Oranguru, L50, M|
|poke|p1|Excadrill, L50, M|
|poke|p1|Scrafty, L50, M|
|poke|p1|Hydreigon, L50, M|
|poke|p2|Dragalge, L50, F|
|poke|p2|Mimikyu, L50, M|
|poke|p2|Primarina, L50, M|
|poke|p2|Bisharp, L50, M|
|poke|p2|Grimmsnarl, L50, M|
|poke|p2|Scrafty, L50, F|
|teampreview|4
|showteam|p1|Gallade||SitrusBerry|Sharpness|TrickRoom,PsychoCut,SacredSword,WideGuard|||M|||50|,,,,,Fire]Yanmega||FocusSash|SpeedBoost|Tailwind,AirSlash,BugBuzz,Protect|||F|||50|,,,,,Ghost]Oranguru||MentalHerb|Telepathy|TrickRoom,Instruct,PsychicNoise,Protect|||M|||50|,,,,,Dark]Excadrill||ClearAmulet|SandRush|Earthquake,IronHead,RockSlide,Protect|||M|||50|,,,,,Ground]Scrafty||SafetyGoggles|Intimidate|FakeOut,KnockOff,CloseCombat,Taunt|||M|||50|,,,,,Grass]Hydreigon||LifeOrb|Levitate|HeatWave,DracoMeteor,DarkPulse,Protect|||M|||50|,,,,,Ghost
|showteam|p2|Dragalge||LifeOrb|Adaptability|Protect,SludgeBomb,DracoMeteor,TeraBlast|||F|||50|,,,,,Ground]Mimikyu||MentalHerb|Disguise|ShadowSneak,PlayRough,DestinyBond,TrickRoom|||M|||50|,,,,,Water]Primarina||FairyFeather|LiquidVoice|Protect,DazzlingGleam,Moonblast,HyperVoice|||M|||50|,,,,,Grass]Bisharp||Eviolite|Defiant|Protect,ThroatChop,SuckerPunch,SwordsDance|||M|||50|,,,,,Dark]Grimmsnarl||LightClay|Prankster|LightScreen,Reflect,FakeTears,SpiritBreak|||M|||50|,,,,,Ghost]Scrafty||SafetyGoggles|Intimidate|FakeOut,KnockOff,CloseCombat,Taunt|||F|||50|,,,,,Fairy
|inactive|Battle timer is ON: inactive players will automatically lose when time's up. (requested by influxxyyy)
|inactive|Ev_Evan also wants the timer to be on.
|c|☆influxxyyy|glhf
|c|☆Ev_Evan|glhf
|inactive|Ev_Evan has 60 seconds left.
|inactive|influxxyyy has 60 seconds left.
|
|t:|1757107122
|teamsize|p1|4
|teamsize|p2|4
|start
|switch|p1a: Excadrill|Excadrill, L50, M|100/100
|switch|p1b: Oranguru|Oranguru, L50, M|100/100
|switch|p2a: Mimickyou|Mimikyu, L50, M, shiny|100/100
|switch|p2b: Bishop|Bisharp, L50, M, shiny|100/100
|turn|1
|inactive|influxxyyy has 30 seconds left.
|inactive|influxxyyy has 20 seconds left.
|inactive|influxxyyy has 15 seconds left.
|
|t:|1757107163
|-terastallize|p2b: Bishop|Dark
|-terastallize|p1b: Oranguru|Dark
|move|p1a: Excadrill|Earthquake|p2b: Bishop|[spread] p2a,p2b
|-activate|p1b: Oranguru|ability: Telepathy
|-activate|p2a: Mimickyou|ability: Disguise
|-damage|p2a: Mimickyou|100/100
|-damage|p2b: Bishop|71/100
|detailschange|p2a: Mimickyou|Mimikyu-Busted, L50, M, shiny
|-damage|p2a: Mimickyou|88/100|[from] pokemon: Mimikyu-Busted
|move|p2b: Bishop|Swords Dance|p2b: Bishop
|-boost|p2b: Bishop|atk|2
|move|p1b: Oranguru|Instruct|p1a: Excadrill
|-singleturn|p1a: Excadrill|move: Instruct|[of] p1b: Oranguru
|move|p1a: Excadrill|Earthquake|p2b: Bishop|[spread] p2a,p2b
|-activate|p1b: Oranguru|ability: Telepathy
|-damage|p2a: Mimickyou|34/100
|-damage|p2b: Bishop|39/100
|move|p2a: Mimickyou|Trick Room|p2a: Mimickyou
|-fieldstart|move: Trick Room|[of] p2a: Mimickyou
|
|upkeep
|turn|2
|inactive|influxxyyy has 30 seconds left.
|
|t:|1757107190
|move|p2b: Bishop|Protect|p2b: Bishop
|-singleturn|p2b: Bishop|Protect
|move|p1b: Oranguru|Instruct|p1a: Excadrill
|-singleturn|p1a: Excadrill|move: Instruct|[of] p1b: Oranguru
|move|p1a: Excadrill|Earthquake|p2a: Mimickyou|[spread] p2a
|-activate|p2b: Bishop|move: Protect
|-activate|p1b: Oranguru|ability: Telepathy
|-damage|p2a: Mimickyou|0 fnt
|faint|p2a: Mimickyou
|move|p1a: Excadrill|Earthquake|p2b: Bishop|[spread] 
|-activate|p2b: Bishop|move: Protect
|-activate|p1b: Oranguru|ability: Telepathy
|
|upkeep
|
|t:|1757107200
|switch|p2a: Semolina|Primarina, L50, M|100/100
|turn|3
|
|t:|1757107212
|move|p1b: Oranguru|Protect|p1b: Oranguru
|-singleturn|p1b: Oranguru|Protect
|move|p1a: Excadrill|Protect|p1a: Excadrill
|-singleturn|p1a: Excadrill|Protect
|move|p2b: Bishop|Sucker Punch||[still]
|-fail|p2b: Bishop
|move|p2a: Semolina|Hyper Voice|p1b: Oranguru|[spread] 
|-activate|p1a: Excadrill|move: Protect
|-activate|p1b: Oranguru|move: Protect
|
|upkeep
|turn|4
|
|t:|1757107230
|switch|p1a: Scrafty|Scrafty, L50, M|100/100
|-ability|p1a: Scrafty|Intimidate|boost
|-unboost|p2a: Semolina|atk|1
|-unboost|p2b: Bishop|atk|1
|-ability|p2b: Bishop|Defiant|boost
|-boost|p2b: Bishop|atk|2
|move|p2b: Bishop|Sucker Punch||[still]
|-fail|p2b: Bishop
|move|p1b: Oranguru|Psychic Noise|p2a: Semolina
|-damage|p2a: Semolina|81/100
|-start|p2a: Semolina|move: Heal Block
|move|p2a: Semolina|Dazzling Gleam|p1a: Scrafty|[spread] p1a,p1b
|-supereffective|p1a: Scrafty
|-supereffective|p1b: Oranguru
|-damage|p1a: Scrafty|0 fnt
|-damage|p1b: Oranguru|49/100
|faint|p1a: Scrafty
|
|upkeep
|
|t:|1757107244
|switch|p1a: Excadrill|Excadrill, L50, M|100/100
|turn|5
|
|t:|1757107253
|move|p1b: Oranguru|Protect|p1b: Oranguru
|-singleturn|p1b: Oranguru|Protect
|move|p2b: Bishop|Protect|p2b: Bishop
|-singleturn|p2b: Bishop|Protect
|move|p1a: Excadrill|Protect|p1a: Excadrill
|-singleturn|p1a: Excadrill|Protect
|move|p2a: Semolina|Hyper Voice|p1b: Oranguru|[spread] 
|-activate|p1a: Excadrill|move: Protect
|-activate|p1b: Oranguru|move: Protect
|
|-end|p2a: Semolina|move: Heal Block
|-fieldend|move: Trick Room
|upkeep
|turn|6
|
|t:|1757107273
|move|p2a: Semolina|Protect|p2a: Semolina
|-singleturn|p2a: Semolina|Protect
|move|p2b: Bishop|Sucker Punch|p1a: Excadrill
|-damage|p1a: Excadrill|0 fnt
|faint|p1a: Excadrill
|move|p1b: Oranguru|Instruct|p1: Excadrill|[notarget]
|-fail|p1b: Oranguru
|
|upkeep
|
|t:|1757107276
|switch|p1a: Gallade|Gallade, L50, M|100/100
|turn|7
|
|t:|1757107295
|move|p2b: Bishop|Protect|p2b: Bishop
|-singleturn|p2b: Bishop|Protect
|move|p1a: Gallade|Sacred Sword|p2b: Bishop
|-activate|p2b: Bishop|move: Protect
|move|p2a: Semolina|Moonblast|p1a: Gallade
|-supereffective|p1a: Gallade
|-damage|p1a: Gallade|0 fnt
|faint|p1a: Gallade
|move|p1b: Oranguru|Psychic Noise|p2a: Semolina
|-damage|p2a: Semolina|60/100
|-start|p2a: Semolina|move: Heal Block
|
|upkeep
|turn|8
|c|☆Ev_Evan|gg
|
|t:|1757107304
|move|p2b: Bishop|Throat Chop|p1b: Oranguru
|-resisted|p1b: Oranguru
|-damage|p1b: Oranguru|0 fnt
|faint|p1b: Oranguru
|
|win|influxxyyy
|c|☆influxxyyy|gg
||influxxyyy is ready for game 2.
||Ev_Evan is ready for game 2.
|uhtml|next|Next: Game 2 of 3
|l|☆Ev_Evan
|player|p1|
