|j|☆Lab01JNEST
|j|☆lancerh
|html|Lab01JNESTlancerh    
|uhtml|bestof|Game 1 of a best-of-3
|t:|1757724284
|gametype|doubles
|player|p1|Lab01JNEST|266|1189
|player|p2|lancerh|169|1158
|gen|9
|tier|[Gen 9] VGC 2025 Reg H (Bo3)
|rated|
|rule|Species Clause: Limit one of each Pokémon
|rule|Item Clause: Limit 1 of each item
|clearpoke
|poke|p1|Weezing, L50, M|
|poke|p1|Incineroar, L50, F|
|poke|p1|Garchomp, L50, F|
|poke|p1|Porygon2, L50|
|poke|p1|Annihilape, L50, M|
|poke|p1|Ursaluna, L50, F|
|poke|p2|Indeedee, L50, M|
|poke|p2|Torkoal, L50, M|
|poke|p2|Ursaluna-Bloodmoon, L50, M|
|poke|p2|Talonflame, L50, M|
|poke|p2|Armarouge, L50, M|
|poke|p2|Sneasler, L50, F|
|teampreview|4
|showteam|p1|Weezing||Leftovers|NeutralizingGas|Protect,Taunt,WillOWisp,SludgeBomb|||M|||50|,,,,,Ghost]Incineroar||AbilityShield|Intimidate|FakeOut,FlareBlitz,Snarl,KnockOff|||F|||50|,,,,,Ghost]Garchomp||AssaultVest|RoughSkin|PoisonJab,ScaleShot,DragonClaw,Earthquake|||F|||50|,,,,,Fire]Porygon2||Eviolite|Download|Recover,TrickRoom,ShadowBall,TeraBlast||||||50|,,,,,Fighting]Annihilape||ChoiceScarf|VitalSpirit|Coaching,FinalGambit,CloseCombat,ShadowClaw|||M|||50|,,,,,Grass]Ursaluna||FlameOrb|Guts|Protect,Substitute,Facade,HeadlongRush|||F|||50|,,,,,Ghost
|showteam|p2|Indeedee||FocusSash|PsychicSurge|TrickRoom,ExpandingForce,TeraBlast,Protect|||M|||50|,,,,,Fighting]Torkoal||ChoiceSpecs|Drought|Eruption,HeatWave,ClearSmog,WeatherBall|||M|||50|,,,,,Fire]Ursaluna-Bloodmoon||AssaultVest|MindsEye|BloodMoon,HyperVoice,VacuumWave,EarthPower|||M|||50|,,,,,Ghost]Talonflame||CovertCloak|GaleWings|WillOWisp,DualWingbeat,FlareBlitz,Tailwind|||M|||50|,,,,,Fairy]Armarouge||PowerHerb|FlashFire|ExpandingForce,HeatWave,MeteorBeam,Protect|||M|||50|,,,,,Grass]Sneasler||PsychicSeed|Unburden|DireClaw,CloseCombat,ThroatChop,Protect|||F|||50|,,,,,Dark
|inactive|Battle timer is ON: inactive players will automatically lose when time's up. (requested by Lab01JNEST)
|inactive|lancerh has 60 seconds left.
|inactive|lancerh has 30 seconds left.
|
|t:|1757724354
|teamsize|p1|4
|teamsize|p2|4
|start
|switch|p1a: Incineroar|Incineroar, L50, F|100/100
|switch|p1b: Porygon2|Porygon2, L50|100/100
|switch|p2a: Talonflame|Talonflame, L50, M|100/100
|switch|p2b: Indeedee|Indeedee, L50, M|100/100
|-fieldstart|move: Psychic Terrain|[from] ability: Psychic Surge|[of] p2b: Indeedee
|-ability|p1a: Incineroar|Intimidate|boost
|-unboost|p2a: Talonflame|atk|1
|-unboost|p2b: Indeedee|atk|1
|-ability|p1b: Porygon2|Download|boost
|-boost|p1b: Porygon2|atk|1
|turn|1
|
|t:|1757724378
|-terastallize|p2b: Indeedee|Fighting
|move|p2a: Talonflame|Flare Blitz|p1a: Incineroar
|-resisted|p1a: Incineroar
|-damage|p1a: Incineroar|88/100
|-damage|p2a: Talonflame|96/100|[from] Recoil
|move|p2b: Indeedee|Tera Blast|p1a: Incineroar|[anim] Tera Blast Fighting
|-supereffective|p1a: Incineroar
|-damage|p1a: Incineroar|21/100
|move|p1a: Incineroar|Snarl|p2b: Indeedee|[spread] p2a,p2b
|-resisted|p2b: Indeedee
|-damage|p2a: Talonflame|84/100
|-damage|p2b: Indeedee|92/100
|-unboost|p2b: Indeedee|spa|1
|move|p1b: Porygon2|Trick Room|p1b: Porygon2
|-fieldstart|move: Trick Room|[of] p1b: Porygon2
|
|upkeep
|turn|2
|inactive|lancerh has 30 seconds left.
|
|t:|1757724407
|switch|p1a: Ursaluna|Ursaluna, L50, F|100/100
|move|p1b: Porygon2|Shadow Ball|p2a: Talonflame
|-damage|p2a: Talonflame|60/100
|move|p2b: Indeedee|Tera Blast|p1a: Ursaluna|[anim] Tera Blast Fighting
|-supereffective|p1a: Ursaluna
|-damage|p1a: Ursaluna|62/100
|move|p2a: Talonflame|Flare Blitz|p1b: Porygon2
|-damage|p1b: Porygon2|85/100
|-damage|p2a: Talonflame|55/100|[from] Recoil
|
|-status|p1a: Ursaluna|brn|[from] item: Flame Orb
|upkeep
|turn|3
|
|t:|1757724423
|-terastallize|p1a: Ursaluna|Ghost
|move|p2b: Indeedee|Protect|p2b: Indeedee
|-singleturn|p2b: Indeedee|Protect
|move|p1a: Ursaluna|Facade|p2a: Talonflame
|-damage|p2a: Talonflame|0 fnt
|faint|p2a: Talonflame
|move|p1b: Porygon2|Tera Blast|p2b: Indeedee
|-activate|p2b: Indeedee|move: Protect
|
|-damage|p1a: Ursaluna|56/100 brn|[from] brn
|upkeep
|
|t:|1757724432
|switch|p2a: Torkoal|Torkoal, L50, M|100/100
|-weather|SunnyDay|[from] ability: Drought|[of] p2a: Torkoal
|turn|4
|
|t:|1757724446
|move|p1a: Ursaluna|Protect|p1a: Ursaluna
|-singleturn|p1a: Ursaluna|Protect
|move|p2a: Torkoal|Eruption|p1a: Ursaluna|[spread] p1b
|-activate|p1a: Ursaluna|move: Protect
|-crit|p1b: Porygon2
|-damage|p1b: Porygon2|0 fnt
|faint|p1b: Porygon2
|move|p2b: Indeedee|Tera Blast|p1a: Ursaluna|[anim] Tera Blast Fighting
|-activate|p1a: Ursaluna|move: Protect
|
|-weather|SunnyDay|[upkeep]
|-damage|p1a: Ursaluna|50/100 brn|[from] brn
|upkeep
|
|t:|1757724455
|switch|p1b: Weezing|Weezing, L50, M|100/100
|-ability|p1b: Weezing|Neutralizing Gas
|turn|5
|
|t:|1757724459
|move|p1a: Ursaluna|Protect||[still]
|-fail|p1a: Ursaluna
|move|p2a: Torkoal|Eruption|p1b: Weezing|[spread] p1a,p1b
|-damage|p1a: Ursaluna|0 fnt
|-damage|p1b: Weezing|0 fnt
|faint|p1a: Ursaluna
|faint|p1b: Weezing
|-end|p1b: Weezing|ability: Neutralizing Gas
|move|p2b: Indeedee|Tera Blast|p1: Ursaluna|[notarget]
|-fail|p2b: Indeedee
|
|-weather|SunnyDay|[upkeep]
|-fieldend|move: Trick Room
|-fieldend|move: Psychic Terrain
|upkeep
|-message|Lab01JNEST forfeited.
|
|win|lancerh
