|j|☆rodry3
|j|☆Moitamo
|html|rodry3Moitamo    
|uhtml|bestof|Game 1 of a best-of-3
|t:|1783355146
|gametype|doubles
|player|p1|rodry3|roxie|1149
|player|p2|Moitamo|265|1124
|gen|9
|tier|[Gen 9 Champions] VGC 2026 Reg M-B (Bo3)
|rated|
|rule|Species Clause: Limit one of each Pokémon
|rule|Item Clause: Limit 1 of each item
|clearpoke
|poke|p1|Blastoise, L50, M|
|poke|p1|Sableye, L50, M|
|poke|p1|Sneasler, L50, F|
|poke|p1|Espathra, L50, F|
|poke|p1|Archaludon, L50, F|
|poke|p1|Sinistcha, L50|
|poke|p2|Floette-Eternal, L50, F|
|poke|p2|Pelipper, L50, M|
|poke|p2|Swampert, L50, F|
|poke|p2|Sneasler, L50, M|
|poke|p2|Incineroar, L50, M|
|poke|p2|Archaludon, L50, M|
|teampreview|4
|showteam|p1|Blastoise||Blastoisinite|RainDish|WaterSpout,DarkPulse,ShellSmash,FakeOut|Modest||M|||50|]Sableye||RoseliBerry|Prankster|Reflect,LightScreen,RainDance,WillOWisp|Sassy||M|||50|]Sneasler||FocusSash|Unburden|DireClaw,CloseCombat,FakeOut,Protect|Adamant||F|||50|]Espathra||SitrusBerry|SpeedBoost|LuminaCrash,CalmMind,BatonPass,Protect|Timid||F|||50|]Archaludon||Leftovers|Stamina|Protect,ElectroShot,DragonPulse,FlashCannon|Modest||F|||50|]Sinistcha||KasibBerry|Hospitality|MatchaGotcha,LifeDew,RagePowder,PsychUp|Bold|||||50|
|showteam|p2|Floette-Eternal||Floettite|FlowerVeil|Moonblast,DazzlingGleam,Protect,CalmMind|Modest||F|||50|]Pelipper||FocusSash|Drizzle|WeatherBall,Hurricane,WideGuard,Tailwind|Modest||M|||50|]Swampert||Swampertite|Torrent|Earthquake,FlipTurn,WaveCrash,Protect|Adamant||F|||50|]Sneasler||WhiteHerb|Unburden|CloseCombat,FakeOut,Protect,DireClaw|Adamant||M|||50|]Incineroar||SitrusBerry|Intimidate|FakeOut,DarkestLariat,Taunt,PartingShot|Adamant||M|||50|]Archaludon||LifeOrb|Stalwart|ElectroShot,Protect,DragonPulse,FlashCannon|Timid||M|||50|
|inactive|Battle timer is ON: inactive players will automatically lose when time's up. (requested by Moitamo)
|inactive|rodry3 also wants the timer to be on.
|inactive|rodry3 has 60 seconds left.
|
|t:|1783355202
|teamsize|p1|4
|teamsize|p2|4
|start
|switch|p1a: Sneasler|Sneasler, L50, F|100/100
|switch|p1b: Espathra|Espathra, L50, F|100/100
|switch|p2a: Floette|Floette-Eternal, L50, F|100/100
|switch|p2b: Pelipper|Pelipper, L50, M|100/100
|-weather|RainDance|[from] ability: Drizzle|[of] p2b: Pelipper
|turn|1
|
|t:|1783355212
|switch|p2a: Incineroar|Incineroar, L50, M|100/100
|-ability|p2a: Incineroar|Intimidate|boost
|-unboost|p1a: Sneasler|atk|1
|-unboost|p1b: Espathra|atk|1
|move|p1a: Sneasler|Fake Out|p2a: Incineroar
|-damage|p2a: Incineroar|89/100
|move|p1b: Espathra|Calm Mind|p1b: Espathra
|-boost|p1b: Espathra|spa|1
|-boost|p1b: Espathra|spd|1
|move|p2b: Pelipper|Tailwind|p2b: Pelipper
|-sidestart|p2: Moitamo|move: Tailwind
|
|-weather|RainDance|[upkeep]
|-ability|p1b: Espathra|Speed Boost|boost
|-boost|p1b: Espathra|spe|1
|upkeep
|turn|2
|
|t:|1783355236
|switch|p2a: Archaludon|Archaludon, L50, M|100/100
|move|p1b: Espathra|Protect|p1b: Espathra
|-singleturn|p1b: Espathra|Protect
|move|p1a: Sneasler|Protect|p1a: Sneasler
|-singleturn|p1a: Sneasler|Protect
|move|p2b: Pelipper|Weather Ball|p1b: Espathra
|-activate|p1b: Espathra|move: Protect
|
|-weather|RainDance|[upkeep]
|-ability|p1b: Espathra|Speed Boost|boost
|-boost|p1b: Espathra|spe|1
|upkeep
|turn|3
|inactive|rodry3 has 30 seconds left.
|inactive|rodry3 has 20 seconds left.
|
|t:|1783355272
|switch|p2b: Incineroar|Incineroar, L50, M|89/100
|-ability|p2b: Incineroar|Intimidate|boost
|-unboost|p1a: Sneasler|atk|1
|-unboost|p1b: Espathra|atk|1
|move|p1b: Espathra|Baton Pass|p1b: Espathra
|
|t:|1783355278
|switch|p1b: Sinistcha|Sinistcha, L50|100/100|[from] Baton Pass
|move|p2a: Archaludon|Electro Shot||[still]
|-prepare|p2a: Archaludon|Electro Shot
|-boost|p2a: Archaludon|spa|1
|-anim|p2a: Archaludon|Electro Shot|p1b: Sinistcha
|-resisted|p1b: Sinistcha|1
|-damage|p1b: Sinistcha|75/100
|-damage|p2a: Archaludon|90/100|[from] item: Life Orb
|move|p1a: Sneasler|Close Combat|p2a: Archaludon
|-supereffective|p2a: Archaludon|1
|-damage|p2a: Archaludon|35/100
|-unboost|p1a: Sneasler|def|1
|-unboost|p1a: Sneasler|spd|1
|
|-weather|RainDance|[upkeep]
|upkeep
|turn|4
|
|t:|1783355303
|switch|p1a: Espathra|Espathra, L50, F|100/100
|move|p2a: Archaludon|Dragon Pulse|p1b: Sinistcha
|-damage|p1b: Sinistcha|29/100
|-damage|p2a: Archaludon|26/100|[from] item: Life Orb
|move|p2b: Incineroar|Parting Shot|p1b: Sinistcha
|-unboost|p1b: Sinistcha|atk|1
|-unboost|p1b: Sinistcha|spa|1
|
|t:|1783355314
|switch|p2b: Pelipper|Pelipper, L50, M|100/100|[from] Parting Shot
|move|p1b: Sinistcha|Matcha Gotcha|p2b: Pelipper|[spread] p2a,p2b
|-resisted|p2a: Archaludon|2
|-damage|p2a: Archaludon|19/100
|-heal|p1b: Sinistcha|33/100|[from] drain|[of] p2a: Archaludon
|-damage|p2b: Pelipper|59/100
|-heal|p1b: Sinistcha|49/100|[from] drain|[of] p2b: Pelipper
|
|-weather|RainDance|[upkeep]
|-sideend|p2: Moitamo|move: Tailwind
|upkeep
|turn|5
|
|t:|1783355338
|move|p1b: Sinistcha|Matcha Gotcha|p2b: Pelipper|[spread] p2a,p2b
|-resisted|p2a: Archaludon|2
|-damage|p2a: Archaludon|11/100
|-heal|p1b: Sinistcha|53/100|[from] drain|[of] p2a: Archaludon
|-damage|p2b: Pelipper|14/100
|-heal|p1b: Sinistcha|70/100|[from] drain|[of] p2b: Pelipper
|move|p1a: Espathra|Lumina Crash|p2b: Pelipper
|-damage|p2b: Pelipper|0 fnt
|faint|p2b: Pelipper
|move|p2a: Archaludon|Dragon Pulse|p1b: Sinistcha
|-damage|p1b: Sinistcha|25/100
|-damage|p2a: Archaludon|2/100|[from] item: Life Orb
|
|-weather|none
|-ability|p1a: Espathra|Speed Boost|boost
|-boost|p1a: Espathra|spe|1
|upkeep
|
|t:|1783355349
|switch|p2b: Floette|Floette-Eternal, L50, F|100/100
|turn|6
|inactive|rodry3 has 30 seconds left.
|
|t:|1783355378
|switch|p2a: Incineroar|Incineroar, L50, M|89/100
|-ability|p2a: Incineroar|Intimidate|boost
|-unboost|p1a: Espathra|atk|1
|-unboost|p1b: Sinistcha|atk|1
|detailschange|p2b: Floette|Floette-Mega, L50, F
|-mega|p2b: Floette|Floette|Floettite
|-ability|p2b: Floette|Fairy Aura
|move|p1a: Espathra|Lumina Crash|p2b: Floette
|-damage|p2b: Floette|79/100
|-unboost|p2b: Floette|spd|2
|move|p1b: Sinistcha|Matcha Gotcha|p2b: Floette|[spread] p2a,p2b
|-resisted|p2a: Incineroar|1
|-damage|p2a: Incineroar|77/100
|-heal|p1b: Sinistcha|33/100|[from] drain|[of] p2a: Incineroar
|-damage|p2b: Floette|41/100
|-heal|p1b: Sinistcha|52/100|[from] drain|[of] p2b: Floette
|move|p2b: Floette|Dazzling Gleam|p1a: Espathra|[spread] p1a,p1b
|-damage|p1a: Espathra|49/100
|-damage|p1b: Sinistcha|23/100
|-enditem|p1a: Espathra|Sitrus Berry|[eat]
|-heal|p1a: Espathra|73/100|[from] item: Sitrus Berry
|
|-ability|p1a: Espathra|Speed Boost|boost
|-boost|p1a: Espathra|spe|1
|upkeep
|turn|7
|inactive|rodry3 has 30 seconds left.
|
|t:|1783355409
|switch|p2b: Archaludon|Archaludon, L50, M|2/100
|move|p1a: Espathra|Protect|p1a: Espathra
|-singleturn|p1a: Espathra|Protect
|move|p1b: Sinistcha|Matcha Gotcha|p2b: Archaludon|[spread] p2b
|-miss|p1b: Sinistcha|p2a: Incineroar
|-resisted|p2b: Archaludon|2
|-damage|p2b: Archaludon|0 fnt
|-heal|p1b: Sinistcha|24/100|[from] drain|[of] p2b: Archaludon
|faint|p2b: Archaludon
|move|p2a: Incineroar|Darkest Lariat|p1b: Sinistcha
|-supereffective|p1b: Sinistcha|1
|-damage|p1b: Sinistcha|0 fnt
|faint|p1b: Sinistcha
|
|-ability|p1a: Espathra|Speed Boost|boost
|-boost|p1a: Espathra|spe|1
|upkeep
|
|t:|1783355417
|switch|p2b: Floette|Floette-Mega, L50, F|41/100
|switch|p1b: Blastoise|Blastoise, L50, M|100/100
|-ability|p2b: Floette|Fairy Aura
|turn|8
|-message|Moitamo forfeited.
|
|win|rodry3
|l|☆Moitamo
|player|p2|
|j|☆Moitamo
|player|p2|Moitamo|265|
