|j|☆flippertv
|j|☆dambro222
|html|flippertvdambro222    
|uhtml|bestof|Game 2 of a best-of-3
|t:|1756844861
|gametype|doubles
|player|p1|flippertv|2|1085
|player|p2|dambro222|ethan|1032
|gen|9
|tier|[Gen 9] VGC 2025 Reg H (Bo3)
|rated|
|rule|Species Clause: Limit one of each Pokémon
|rule|Item Clause: Limit 1 of each item
|clearpoke
|poke|p1|Annihilape, L50, M|
|poke|p1|Grimmsnarl, L50, M|
|poke|p1|Archaludon, L50, M|
|poke|p1|Pelipper, L50, M|
|poke|p1|Volcarona, L50, F|
|poke|p1|Maushold, L50|
|poke|p2|Dragonite, L50, M|
|poke|p2|Volcarona, L50, F|
|poke|p2|Sneasler, L50, M|
|poke|p2|Rillaboom, L50, M|
|poke|p2|Electabuzz, L50, M|
|poke|p2|Kingambit, L50, M|
|teampreview|4
|showteam|p1|Annihilape||LumBerry|Defiant|Protect,BulkUp,DrainPunch,RageFist|||M|||50|,,,,,Fire]Grimmsnarl||LightClay|Prankster|Reflect,LightScreen,FakeOut,SpiritBreak|||M|||50|,,,,,Steel]Archaludon||AssaultVest|Stamina|BodyPress,ElectroShot,DracoMeteor,FlashCannon|||M|||50|,,,,,Grass]Pelipper||CovertCloak|Drizzle|Tailwind,Protect,WeatherBall,Hurricane|||M|||50|,,,,,Grass]Volcarona||RockyHelmet|FlameBody|FieryDance,StruggleBug,QuiverDance,Protect|||F|||50|,,,,,Water]Maushold||FocusSash|FriendGuard|FollowMe,Protect,BeatUp,SuperFang||||||50|,,,,,Ghost
|showteam|p2|Dragonite||LoadedDice|Multiscale|ScaleShot,ExtremeSpeed,Haze,Protect|||M|||50|,,,,,Fairy]Volcarona||CovertCloak|FlameBody|HeatWave,TeraBlast,QuiverDance,Protect|||F|||50|,,,,,Fairy]Sneasler||FocusSash|Unburden|CloseCombat,DireClaw,RockSlide,Protect|||M|||50|,,,,,Stellar]Rillaboom||AssaultVest|GrassySurge|WoodHammer,GrassyGlide,HighHorsepower,FakeOut|||M|||50|,,,,,Water]Electabuzz||Eviolite|VitalSpirit|Electroweb,FollowMe,Taunt,Protect|||M|||50|,,,,,Ghost]Kingambit||BlackGlasses|Defiant|KowtowCleave,SuckerPunch,SwordsDance,Protect|||M|||50|,,,,,Dark
|inactive|Battle timer is ON: inactive players will automatically lose when time's up. (requested by dambro222)
|inactive|dambro222 has 60 seconds left.
|inactive|dambro222 has 30 seconds left.
|inactive|dambro222 has 20 seconds left.
|
|t:|1756844934
|teamsize|p1|4
|teamsize|p2|4
|start
|switch|p1a: Archaludon|Archaludon, L50, M|100/100
|switch|p1b: Maushold|Maushold, L50|100/100
|switch|p2a: Rillaboom|Rillaboom, L50, M|100/100
|switch|p2b: Sneasler|Sneasler, L50, M|100/100
|-fieldstart|move: Grassy Terrain|[from] ability: Grassy Surge|[of] p2a: Rillaboom
|turn|1
|inactive|flippertv has 30 seconds left.
|
|t:|1756844963
|switch|p1b: Volcarona|Volcarona, L50, F|100/100
|switch|p1a: Pelipper|Pelipper, L50, M|100/100
|-weather|RainDance|[from] ability: Drizzle|[of] p1a: Pelipper
|move|p2a: Rillaboom|Grassy Glide|p1b: Volcarona
|-resisted|p1b: Volcarona
|-damage|p1b: Volcarona|85/100
|-damage|p2a: Rillaboom|84/100|[from] item: Rocky Helmet|[of] p1b: Volcarona
|move|p2b: Sneasler|Dire Claw|p1b: Volcarona
|-damage|p1b: Volcarona|20/100
|-status|p1b: Volcarona|par
|-damage|p2b: Sneasler|84/100|[from] item: Rocky Helmet|[of] p1b: Volcarona
|
|-weather|RainDance|[upkeep]
|-heal|p2b: Sneasler|90/100|[from] Grassy Terrain
|-heal|p2a: Rillaboom|90/100|[from] Grassy Terrain
|-heal|p1b: Volcarona|26/100 par|[from] Grassy Terrain
|upkeep
|turn|2
|inactive|flippertv has 30 seconds left.
|inactive|dambro222 has 30 seconds left.
|
|t:|1756844993
|move|p2a: Rillaboom|Grassy Glide|p1a: Pelipper
|-damage|p1a: Pelipper|70/100
|move|p2b: Sneasler|Rock Slide|p1a: Pelipper|[spread] p1b
|-miss|p2b: Sneasler|p1a: Pelipper
|-supereffective|p1b: Volcarona
|-damage|p1b: Volcarona|0 fnt
|faint|p1b: Volcarona
|move|p1a: Pelipper|Tailwind|p1a: Pelipper
|-sidestart|p1: flippertv|move: Tailwind
|
|-weather|RainDance|[upkeep]
|-heal|p2b: Sneasler|97/100|[from] Grassy Terrain
|-heal|p2a: Rillaboom|96/100|[from] Grassy Terrain
|upkeep
|
|t:|1756845007
|switch|p1b: Archaludon|Archaludon, L50, M|100/100
|turn|3
|inactive|dambro222 has 30 seconds left.
|
|t:|1756845033
|-terastallize|p1a: Pelipper|Grass
|move|p2b: Sneasler|Protect|p2b: Sneasler
|-singleturn|p2b: Sneasler|Protect
|move|p1b: Archaludon|Electro Shot||[still]
|-prepare|p1b: Archaludon|Electro Shot
|-boost|p1b: Archaludon|spa|1
|-anim|p1b: Archaludon|Electro Shot|p2b: Sneasler
|-activate|p2b: Sneasler|move: Protect
|move|p1a: Pelipper|Hurricane|p2a: Rillaboom
|-supereffective|p2a: Rillaboom
|-damage|p2a: Rillaboom|39/100
|-start|p2a: Rillaboom|confusion
|-activate|p2a: Rillaboom|confusion
|move|p2a: Rillaboom|Wood Hammer|p1a: Pelipper
|-resisted|p1a: Pelipper
|-damage|p1a: Pelipper|35/100
|-damage|p2a: Rillaboom|29/100|[from] Recoil
|
|-weather|RainDance|[upkeep]
|-heal|p2b: Sneasler|100/100|[from] Grassy Terrain
|-heal|p1a: Pelipper|41/100|[from] Grassy Terrain
|-heal|p2a: Rillaboom|35/100|[from] Grassy Terrain
|upkeep
|turn|4
|inactive|flippertv has 30 seconds left.
|inactive|dambro222 has 30 seconds left.
|
|t:|1756845066
|switch|p2b: Electabuzz|Electabuzz, L50, M|100/100
|move|p1b: Archaludon|Electro Shot||[still]
|-prepare|p1b: Archaludon|Electro Shot
|-boost|p1b: Archaludon|spa|1
|-anim|p1b: Archaludon|Electro Shot|p2b: Electabuzz
|-resisted|p2b: Electabuzz
|-damage|p2b: Electabuzz|68/100
|move|p1a: Pelipper|Hurricane|p2b: Electabuzz
|-resisted|p2b: Electabuzz
|-damage|p2b: Electabuzz|54/100
|-end|p2a: Rillaboom|confusion
|move|p2a: Rillaboom|High Horsepower|p1b: Archaludon
|-supereffective|p1b: Archaludon
|-crit|p1b: Archaludon
|-damage|p1b: Archaludon|28/100
|-ability|p1b: Archaludon|Stamina|boost
|-boost|p1b: Archaludon|def|1
|
|-weather|RainDance|[upkeep]
|-heal|p1b: Archaludon|34/100|[from] Grassy Terrain
|-heal|p1a: Pelipper|47/100|[from] Grassy Terrain
|-heal|p2b: Electabuzz|60/100|[from] Grassy Terrain
|-heal|p2a: Rillaboom|42/100|[from] Grassy Terrain
|upkeep
|turn|5
|inactive|flippertv has 30 seconds left.
|inactive|dambro222 has 30 seconds left.
|
|t:|1756845100
|move|p2b: Electabuzz|Follow Me|p2b: Electabuzz
|-singleturn|p2b: Electabuzz|move: Follow Me
|move|p1b: Archaludon|Body Press|p2b: Electabuzz
|-damage|p2b: Electabuzz|33/100
|move|p1a: Pelipper|Weather Ball|p2b: Electabuzz
|-damage|p2b: Electabuzz|0 fnt
|faint|p2b: Electabuzz
|move|p2a: Rillaboom|High Horsepower|p1b: Archaludon
|-supereffective|p1b: Archaludon
|-damage|p1b: Archaludon|0 fnt
|faint|p1b: Archaludon
|
|-weather|none
|-heal|p1a: Pelipper|54/100|[from] Grassy Terrain
|-heal|p2a: Rillaboom|48/100|[from] Grassy Terrain
|-sideend|p1: flippertv|move: Tailwind
|-fieldend|move: Grassy Terrain
|upkeep
|
|t:|1756845118
|switch|p2b: Volcarona|Volcarona, L50, F|100/100
|switch|p1b: Maushold|Maushold, L50|100/100
|turn|6
|
|t:|1756845138
|-terastallize|p2b: Volcarona|Fairy
|move|p1b: Maushold|Super Fang|p2b: Volcarona
|-damage|p2b: Volcarona|50/100
|move|p2b: Volcarona|Heat Wave|p1b: Maushold|[spread] p1a,p1b
|-supereffective|p1a: Pelipper
|-damage|p1a: Pelipper|0 fnt
|-damage|p1b: Maushold|57/100
|faint|p1a: Pelipper
|move|p2a: Rillaboom|Wood Hammer|p1b: Maushold
|-damage|p1b: Maushold|0 fnt
|faint|p1b: Maushold
|-damage|p2a: Rillaboom|30/100|[from] Recoil
|
|win|dambro222
|raw|flippertv's rating: 1085 → 1059(-26 for losing)
|raw|dambro222's rating: 1032 → 1073(+41 for winning)
|l|☆flippertv
|player|p1|
