|j|☆KilamanolaVGC
|j|☆avigolvgc
|html|KilamanolaVGCavigolvgc    
|uhtml|bestof|Game 2 of a best-of-3
|t:|1757630717
|gametype|doubles
|player|p1|KilamanolaVGC|170|1287
|player|p2|avigolvgc|265|1277
|gen|9
|tier|[Gen 9] VGC 2025 Reg H (Bo3)
|rated|
|rule|Species Clause: Limit one of each Pokémon
|rule|Item Clause: Limit 1 of each item
|clearpoke
|poke|p1|Weezing-Galar, L50, F|
|poke|p1|Slaking, L50, M|
|poke|p1|Mamoswine, L50, F|
|poke|p1|Kilowattrel, L50, M|
|poke|p1|Dondozo, L50, M|
|poke|p1|Tatsugiri, L50, M|
|poke|p2|Farigiraf, L50, F|
|poke|p2|Rillaboom, L50, M|
|poke|p2|Incineroar, L50, M|
|poke|p2|Ursaluna, L50, M|
|poke|p2|Staraptor, L50, M|
|poke|p2|Dragapult, L50, F|
|teampreview|4
|showteam|p1|Weezing-Galar||CovertCloak|NeutralizingGas|StrangeSteam,WillOWisp,Taunt,Protect|||F|||50|,,,,,Water]Slaking||LifeOrb|Truant|DoubleEdge,SuckerPunch,HighHorsepower,Protect|||M|||50|,,,,,Ghost]Mamoswine||FocusSash|Oblivious|IcicleCrash,IceShard,Earthquake,Protect|||F|||50|,,,,,Ghost]Kilowattrel||ChoiceSpecs|Competitive|Thunderbolt,Discharge,AirSlash,VoltSwitch|||M|||50|,,,,,Ghost]Dondozo||Leftovers|Unaware|WaveCrash,HeavySlam,OrderUp,Protect|||M|||50|,,,,,Grass]Tatsugiri||AbilityShield|Commander|MuddyWater,DragonPulse,DracoMeteor,Protect|||M|||50|,,,,,Steel
|showteam|p2|Farigiraf||ThroatSpray|ArmorTail|PsychicNoise,HyperVoice,TrickRoom,Protect|||F|||50|,,,,,Fairy]Rillaboom||AssaultVest|GrassySurge|WoodHammer,GrassyGlide,Uturn,FakeOut|||M|||50|,,,,,Fire]Incineroar||SafetyGoggles|Intimidate|KnockOff,PartingShot,Snarl,FakeOut|||M|||50|,,,,,Dragon]Ursaluna||FlameOrb|Guts|Facade,HeadlongRush,Earthquake,Protect|||M|||50|,,,,,Water]Staraptor||ChoiceScarf|Intimidate|CloseCombat,BraveBird,Uturn,FinalGambit|||M|||50|,,,,,Ghost]Dragapult||FocusSash|ClearBody|DragonDarts,PhantomForce,DragonTail,Protect|||F|||50|,,,,,Fire
|inactive|Battle timer is ON: inactive players will automatically lose when time's up. (requested by avigolvgc)
|inactive|KilamanolaVGC also wants the timer to be on.
|
|t:|1757630744
|teamsize|p1|4
|teamsize|p2|4
|start
|switch|p1a: Slaking|Slaking, L50, M, shiny|100/100
|switch|p1b: Weezing|Weezing-Galar, L50, F, shiny|100/100
|switch|p2a: Claudia|Farigiraf, L50, F, shiny|100/100
|switch|p2b: Samuel|Incineroar, L50, M, shiny|100/100
|-ability|p1b: Weezing|Neutralizing Gas
|turn|1
|
|t:|1757630769
|-terastallize|p1a: Slaking|Ghost
|move|p1a: Slaking|High Horsepower|p2b: Samuel|[miss]
|-miss|p1a: Slaking|p2b: Samuel
|move|p1b: Weezing|Taunt|p2a: Claudia
|-start|p2a: Claudia|move: Taunt
|move|p2b: Samuel|Parting Shot|p1a: Slaking
|-unboost|p1a: Slaking|atk|1
|-unboost|p1a: Slaking|spa|1
|
|t:|1757630779
|switch|p2b: Noroña|Rillaboom, L50, M|100/100|[from] Parting Shot
|cant|p2a: Claudia|move: Taunt|Trick Room
|
|upkeep
|turn|2
|
|t:|1757630795
|switch|p2a: Samuel|Incineroar, L50, M, shiny|100/100
|move|p1a: Slaking|Double-Edge|p2a: Samuel
|-damage|p2a: Samuel|35/100
|-damage|p1a: Slaking|81/100|[from] Recoil
|-damage|p1a: Slaking|71/100|[from] item: Life Orb
|move|p2b: Noroña|U-turn|p1a: Slaking
|-resisted|p1a: Slaking
|-damage|p1a: Slaking|60/100
|
|t:|1757630805
|switch|p2b: Claudia|Farigiraf, L50, F, shiny|100/100|[from] U-turn
|move|p1b: Weezing|Strange Steam|p2a: Samuel
|-damage|p2a: Samuel|15/100
|
|upkeep
|turn|3
|
|t:|1757630817
|move|p1a: Slaking|Double-Edge|p2a: Samuel
|-damage|p2a: Samuel|0 fnt
|faint|p2a: Samuel
|-damage|p1a: Slaking|56/100|[from] Recoil
|-damage|p1a: Slaking|46/100|[from] item: Life Orb
|move|p1b: Weezing|Taunt|p2b: Claudia
|-start|p2b: Claudia|move: Taunt
|move|p2b: Claudia|Psychic Noise|p1b: Weezing
|-supereffective|p1b: Weezing
|-damage|p1b: Weezing|27/100
|-enditem|p2b: Claudia|Throat Spray
|-boost|p2b: Claudia|spa|1|[from] item: Throat Spray
|
|upkeep
|
|t:|1757630831
|switch|p2a: Noroña|Rillaboom, L50, M|100/100
|turn|4
|
|t:|1757630842
|move|p1a: Slaking|Double-Edge|p2a: Noroña
|-damage|p2a: Noroña|35/100
|-damage|p1a: Slaking|27/100|[from] Recoil
|-damage|p1a: Slaking|17/100|[from] item: Life Orb
|move|p2a: Noroña|Grassy Glide|p1a: Slaking
|-damage|p1a: Slaking|0 fnt
|faint|p1a: Slaking
|move|p1b: Weezing|Will-O-Wisp|p2a: Noroña
|-status|p2a: Noroña|brn
|move|p2b: Claudia|Psychic Noise|p1b: Weezing
|-supereffective|p1b: Weezing
|-damage|p1b: Weezing|0 fnt
|faint|p1b: Weezing
|-end|p1b: Weezing|ability: Neutralizing Gas
|-fieldstart|move: Grassy Terrain|[from] ability: Grassy Surge|[of] p2a: Noroña
|
|-heal|p2a: Noroña|41/100 brn|[from] Grassy Terrain
|-damage|p2a: Noroña|35/100 brn|[from] brn
|upkeep
|
|t:|1757630856
|switch|p1a: Dondozo|Dondozo, L50, M, shiny|100/100
|switch|p1b: Tatsugiri|Tatsugiri, L50, M, shiny|100/100
|-activate|p1b: Tatsugiri|ability: Commander|[of] p1a: Dondozo
|-boost|p1a: Dondozo|atk|2
|-boost|p1a: Dondozo|spa|2
|-boost|p1a: Dondozo|spe|2
|-boost|p1a: Dondozo|def|2
|-boost|p1a: Dondozo|spd|2
|turn|5
|
|t:|1757630873
|move|p1a: Dondozo|Order Up|p2b: Claudia
|-damage|p2b: Claudia|57/100
|-boost|p1a: Dondozo|atk|1
|move|p2a: Noroña|Wood Hammer|p1a: Dondozo
|-supereffective|p1a: Dondozo
|-damage|p1a: Dondozo|68/100
|-damage|p2a: Noroña|23/100 brn|[from] Recoil
|move|p2b: Claudia|Psychic Noise|p1a: Dondozo
|-damage|p1a: Dondozo|52/100
|-start|p1a: Dondozo|move: Heal Block
|
|-heal|p2a: Noroña|29/100 brn|[from] Grassy Terrain
|-heal|p2b: Claudia|63/100|[from] Grassy Terrain
|-damage|p2a: Noroña|23/100 brn|[from] brn
|-end|p2b: Claudia|move: Taunt
|upkeep
|turn|6
|
|t:|1757630895
|move|p2b: Claudia|Protect|p2b: Claudia
|-singleturn|p2b: Claudia|Protect
|move|p1a: Dondozo|Wave Crash|p2b: Claudia
|-activate|p2b: Claudia|move: Protect
|move|p2a: Noroña|Wood Hammer|p1a: Dondozo
|-supereffective|p1a: Dondozo
|-damage|p1a: Dondozo|22/100
|-damage|p2a: Noroña|12/100 brn|[from] Recoil
|
|-heal|p2a: Noroña|18/100 brn|[from] Grassy Terrain
|-heal|p2b: Claudia|69/100|[from] Grassy Terrain
|-damage|p2a: Noroña|12/100 brn|[from] brn
|-end|p1a: Dondozo|move: Heal Block
|upkeep
|turn|7
|
|t:|1757630912
|move|p2a: Noroña|Grassy Glide|p1a: Dondozo
|-supereffective|p1a: Dondozo
|-damage|p1a: Dondozo|8/100
|move|p1a: Dondozo|Wave Crash|p2b: Claudia
|-damage|p2b: Claudia|0 fnt
|faint|p2b: Claudia
|-damage|p1a: Dondozo|0 fnt|[from] Recoil
|faint|p1a: Dondozo
|
|-heal|p2a: Noroña|18/100 brn|[from] Grassy Terrain
|-damage|p2a: Noroña|12/100 brn|[from] brn
|upkeep
|
|t:|1757630923
|switch|p2b: Quirino|Ursaluna, L50, M|100/100
|turn|8
|
|t:|1757630931
|-terastallize|p2b: Quirino|Water
|move|p2b: Quirino|Protect|p2b: Quirino
|-singleturn|p2b: Quirino|Protect
|move|p1b: Tatsugiri|Muddy Water|p2b: Quirino|[spread] 
|-activate|p2b: Quirino|move: Protect
|-miss|p1b: Tatsugiri|p2a: Noroña
|move|p2a: Noroña|Wood Hammer|p1b: Tatsugiri
|-damage|p1b: Tatsugiri|19/100
|-damage|p2a: Noroña|0 fnt|[from] Recoil
|faint|p2a: Noroña
|
|-heal|p1b: Tatsugiri|25/100|[from] Grassy Terrain
|-fieldend|move: Grassy Terrain
|-status|p2b: Quirino|brn|[from] item: Flame Orb
|upkeep
|turn|9
|
|t:|1757630946
|move|p1b: Tatsugiri|Draco Meteor|p2b: Quirino
|-damage|p2b: Quirino|44/100 brn
|-unboost|p1b: Tatsugiri|spa|2
|move|p2b: Quirino|Facade|p1b: Tatsugiri
|-damage|p1b: Tatsugiri|0 fnt
|faint|p1b: Tatsugiri
|
|win|avigolvgc
||KilamanolaVGC is ready for game 3.
||avigolvgc is ready for game 3.
|uhtml|next|Next: Game 3 of 3
|l|☆avigolvgc
|player|p2|
