|j|☆Gworf
|j|☆lordtentacle69
|html|Gworflordtentacle69    
|uhtml|bestof|Game 1 of a best-of-3
|t:|1757746241
|gametype|doubles
|player|p1|Gworf|acetrainer-gen4dp|1138
|player|p2|lordtentacle69|plasmagruntf|1285
|gen|9
|tier|[Gen 9] VGC 2025 Reg H (Bo3)
|rated|
|rule|Species Clause: Limit one of each Pokémon
|rule|Item Clause: Limit 1 of each item
|clearpoke
|poke|p1|Ninetales, L50, M|
|poke|p1|Scizor, L50, M|
|poke|p1|Charizard, L50, F|
|poke|p1|Jumpluff, L50, F|
|poke|p1|Baxcalibur, L50, M|
|poke|p1|Dragapult, L50, M|
|poke|p2|Garchomp, L50, F|
|poke|p2|Tyranitar, L50, M|
|poke|p2|Talonflame, L50, F|
|poke|p2|Sinistcha-Masterpiece, L50|
|poke|p2|Annihilape, L50, M|
|poke|p2|Ursaluna-Bloodmoon, L50, M|
|teampreview|4
|showteam|p1|Ninetales||Charcoal|Drought|HeatWave,NastyPlot,WillOWisp,Protect|||M|||50|,,,,,Grass]Scizor||ChoiceBand|Technician|BulletPunch,CloseCombat,Uturn,BugBite|||M|||50|,,,,,Steel]Charizard||ChoiceSpecs|SolarPower|HeatWave,FireBlast,ScorchingSands,Hurricane|||F|||50|,,,,,Ghost]Jumpluff||CovertCloak|Chlorophyll|Tailwind,StrengthSap,PollenPuff,Protect|||F|||50|,,,,,Ghost]Baxcalibur||LifeOrb|ThermalExchange|IceShard,GlaiveRush,SwordsDance,Protect|||M|||50|,,,,,Fairy]Dragapult||FocusSash|ClearBody|DragonDarts,Disable,Uturn,Protect|||M|||50|,,,,,Dragon
|showteam|p2|Garchomp||LifeOrb|RoughSkin|DragonClaw,Protect,StompingTantrum,Earthquake|||F|||50|,,,,,Fire]Tyranitar||AssaultVest|SandStream|RockSlide,KnockOff,LowKick,TeraBlast|||M|||50|,,,,,Flying]Talonflame||CovertCloak|GaleWings|BraveBird,Tailwind,Taunt,WillOWisp|||F|||50|,,,,,Flying]Sinistcha-Masterpiece||SitrusBerry|Hospitality|MatchaGotcha,RagePowder,StrengthSap,LifeDew||||||50|,,,,,Water]Annihilape||SafetyGoggles|Defiant|CloseCombat,RageFist,Coaching,FinalGambit|||M|||50|,,,,,Fire]Ursaluna-Bloodmoon||SilkScarf|MindsEye|BloodMoon,EarthPower,HyperVoice,Protect|||M|||50|,,,,,Normal
|inactive|Battle timer is ON: inactive players will automatically lose when time's up. (requested by Gworf)
|inactive|Gworf has 60 seconds left.
|inactive|lordtentacle69 has 60 seconds left.
|
|t:|1757746302
|teamsize|p1|4
|teamsize|p2|4
|start
|switch|p1a: Baxcalibur|Baxcalibur, L50, M|100/100
|switch|p1b: Dragapult|Dragapult, L50, M|100/100
|switch|p2a: Talonflame|Talonflame, L50, F|100/100
|switch|p2b: Garchomp|Garchomp, L50, F|100/100
|turn|1
|inactive|Gworf has 30 seconds left.
|inactive|lordtentacle69 has 30 seconds left.
|inactive|Gworf has 20 seconds left.
|inactive|Gworf has 15 seconds left.
|inactive|lordtentacle69 has 20 seconds left.
|
|t:|1757746354
|-terastallize|p2b: Garchomp|Fire
|-terastallize|p1a: Baxcalibur|Fairy
|move|p2a: Talonflame|Tailwind|p2a: Talonflame
|-sidestart|p2: lordtentacle69|move: Tailwind
|move|p2b: Garchomp|Dragon Claw|p1b: Dragapult
|-supereffective|p1b: Dragapult
|-enditem|p1b: Dragapult|Focus Sash
|-damage|p1b: Dragapult|1/100
|-damage|p2b: Garchomp|91/100|[from] item: Life Orb
|move|p1b: Dragapult|Dragon Darts|p2a: Talonflame
|-damage|p2a: Talonflame|61/100
|-anim|p1b: Dragapult|Dragon Darts|p2b: Garchomp
|-crit|p2b: Garchomp
|-damage|p2b: Garchomp|52/100
|move|p1a: Baxcalibur|Swords Dance|p1a: Baxcalibur
|-boost|p1a: Baxcalibur|atk|2
|
|upkeep
|turn|2
|inactive|Gworf has 30 seconds left.
|inactive|lordtentacle69 has 30 seconds left.
|inactive|Gworf has 20 seconds left.
|inactive|lordtentacle69 has 20 seconds left.
|inactive|Gworf has 15 seconds left.
|inactive|lordtentacle69 has 15 seconds left.
|inactive|lordtentacle69 has 10 seconds left.
|
|t:|1757746404
|move|p1a: Baxcalibur|Protect|p1a: Baxcalibur
|-singleturn|p1a: Baxcalibur|Protect
|move|p2a: Talonflame|Brave Bird|p1a: Baxcalibur
|-activate|p1a: Baxcalibur|move: Protect
|move|p2b: Garchomp|Earthquake|p1a: Baxcalibur|[spread] p1b
|-activate|p1a: Baxcalibur|move: Protect
|-immune|p2a: Talonflame
|-damage|p1b: Dragapult|0 fnt
|faint|p1b: Dragapult
|-damage|p2b: Garchomp|42/100|[from] item: Life Orb
|
|upkeep
|
|t:|1757746418
|switch|p1b: Scizor|Scizor, L50, M|100/100
|turn|3
|
|t:|1757746436
|move|p1a: Baxcalibur|Ice Shard|p2a: Talonflame
|-damage|p2a: Talonflame|0 fnt
|faint|p2a: Talonflame
|-damage|p1a: Baxcalibur|91/100|[from] item: Life Orb
|move|p1b: Scizor|Bullet Punch|p2b: Garchomp
|-resisted|p2b: Garchomp
|-damage|p2b: Garchomp|17/100
|-damage|p1b: Scizor|88/100|[from] ability: Rough Skin|[of] p2b: Garchomp
|move|p2b: Garchomp|Stomping Tantrum|p1a: Baxcalibur
|-damage|p1a: Baxcalibur|47/100
|-damage|p2b: Garchomp|8/100|[from] item: Life Orb
|
|upkeep
|
|t:|1757746452
|switch|p2a: Sinistcha|Sinistcha-Masterpiece, L50|100/100
|-heal|p2b: Garchomp|33/100|[from] ability: Hospitality|[of] p2a: Sinistcha
|turn|4
|inactive|Gworf has 30 seconds left.
|inactive|lordtentacle69 has 30 seconds left.
|
|t:|1757746485
|move|p2a: Sinistcha|Rage Powder|p2a: Sinistcha
|-singleturn|p2a: Sinistcha|move: Rage Powder
|move|p1a: Baxcalibur|Ice Shard|p2a: Sinistcha
|-supereffective|p2a: Sinistcha
|-damage|p2a: Sinistcha|0 fnt
|faint|p2a: Sinistcha
|-damage|p1a: Baxcalibur|37/100|[from] item: Life Orb
|move|p1b: Scizor|Bullet Punch|p2b: Garchomp
|-resisted|p2b: Garchomp
|-damage|p2b: Garchomp|8/100
|-damage|p1b: Scizor|76/100|[from] ability: Rough Skin|[of] p2b: Garchomp
|move|p2b: Garchomp|Earthquake|p1b: Scizor|[spread] p1a,p1b
|-damage|p1a: Baxcalibur|0 fnt
|-damage|p1b: Scizor|20/100
|faint|p1a: Baxcalibur
|-damage|p2b: Garchomp|0 fnt|[from] item: Life Orb
|faint|p2b: Garchomp
|
|-sideend|p2: lordtentacle69|move: Tailwind
|upkeep
|
|t:|1757746500
|switch|p2b: Tyranitar|Tyranitar, L50, M|100/100
|switch|p1a: Ninetales|Ninetales, L50, M, shiny|100/100
|-weather|SunnyDay|[from] ability: Drought|[of] p1a: Ninetales
|-weather|Sandstorm|[from] ability: Sand Stream|[of] p2b: Tyranitar
|turn|5
|
|t:|1757746513
|move|p1b: Scizor|Bullet Punch|p2b: Tyranitar
|-supereffective|p2b: Tyranitar
|-damage|p2b: Tyranitar|18/100
|move|p1a: Ninetales|Will-O-Wisp|p2b: Tyranitar
|-status|p2b: Tyranitar|brn
|move|p2b: Tyranitar|Rock Slide|p1b: Scizor|[spread] p1a,p1b
|-supereffective|p1a: Ninetales
|-damage|p1a: Ninetales|65/100
|-damage|p1b: Scizor|6/100
|
|-weather|Sandstorm|[upkeep]
|-damage|p1a: Ninetales|59/100|[from] Sandstorm
|-damage|p2b: Tyranitar|12/100 brn|[from] brn
|upkeep
|turn|6
|-message|lordtentacle69 forfeited.
|
|win|Gworf
||lordtentacle69 is ready for game 2.
|l|☆lordtentacle69
|player|p2|
||Gworf is ready for game 2.
|uhtml|next|Next: Game 2 of 3
