|j|☆vrocehpalon
|j|☆lalalaing
|html|vrocehpalonlalalaing    
|uhtml|bestof|Game 2 of a best-of-3
|t:|1784295654
|gametype|doubles
|player|p1|vrocehpalon|marshal|1447
|player|p2|lalalaing|chili|1469
|gen|9
|tier|[Gen 9 Champions] VGC 2026 Reg M-B (Bo3)
|rated|
|rule|Species Clause: Limit one of each Pokémon
|rule|Item Clause: Limit 1 of each item
|clearpoke
|poke|p1|Charizard, L50, F|
|poke|p1|Venusaur, L50, M|
|poke|p1|Grimmsnarl, L50, M|
|poke|p1|Pelipper, L50, F|
|poke|p1|Archaludon, L50, M|
|poke|p1|Basculegion, L50, M|
|poke|p2|Swampert, L50, F|
|poke|p2|Gengar, L50, M|
|poke|p2|Pelipper, L50, M|
|poke|p2|Archaludon, L50, F|
|poke|p2|Maushold-Four, L50|
|poke|p2|Grimmsnarl, L50, M|
|teampreview|4
|showteam|p1|Charizard||CharizarditeY|Blaze|HeatWave,WeatherBall,SolarBeam,Protect|Modest||F|||50|]Venusaur||FocusSash|Chlorophyll|SleepPowder,SludgeBomb,EarthPower,Protect|Modest||M|||50|]Grimmsnarl||LightClay|Prankster|SpiritBreak,PartingShot,Reflect,LightScreen|Sassy||M|||50|]Pelipper||SitrusBerry|Drizzle|WeatherBall,Hurricane,Tailwind,WideGuard|Modest||F|||50|]Archaludon||Leftovers|Stamina|ElectroShot,FlashCannon,DragonPulse,Protect|Modest||M|||50|]Basculegion||ChoiceScarf|Adaptability|WaveCrash,FlipTurn,LastRespects,AquaJet|Jolly||M|||50|
|showteam|p2|Swampert||Swampertite|Torrent|WaveCrash,Earthquake,IcePunch,Protect|Adamant||F|||50|]Gengar||Gengarite|CursedBody|ShadowBall,SludgeBomb,Disable,Protect|Modest||M|||50|]Pelipper||SitrusBerry|Drizzle|WeatherBall,Hurricane,Tailwind,Protect|Modest||M|||50|]Archaludon||Leftovers|Stamina|FlashCannon,DragonPulse,ElectroShot,Protect|Modest||F|||50|]Maushold-Four||FocusSash|FriendGuard|SuperFang,FollowMe,Encore,Protect|Timid|||||50|]Grimmsnarl||LightClay|Prankster|SpiritBreak,PartingShot,Reflect,LightScreen|Sassy||M|||50|
|inactive|Battle timer is ON: inactive players will automatically lose when time's up. (requested by vrocehpalon)
|inactive|vrocehpalon has 60 seconds left.
|
|t:|1784295688
|teamsize|p1|4
|teamsize|p2|4
|start
|switch|p1a: Pelipper|Pelipper, L50, F|100/100
|switch|p1b: Basculegion|Basculegion, L50, M|100/100
|switch|p2a: Gengar|Gengar, L50, M|100/100
|switch|p2b: Maushold|Maushold-Four, L50|100/100
|-weather|RainDance|[from] ability: Drizzle|[of] p1a: Pelipper
|turn|1
|
|t:|1784295702
|switch|p2a: Archaludon|Archaludon, L50, F|100/100
|move|p2b: Maushold|Protect|p2b: Maushold
|-singleturn|p2b: Maushold|Protect
|move|p1b: Basculegion|Flip Turn|p2a: Archaludon
|-resisted|p2a: Archaludon|1
|-damage|p2a: Archaludon|83/100
|-ability|p2a: Archaludon|Stamina|boost
|-boost|p2a: Archaludon|def|1
|
|t:|1784295709
|switch|p1b: Charizard|Charizard, L50, F|100/100|[from] Flip Turn
|move|p1a: Pelipper|Tailwind|p1a: Pelipper
|-sidestart|p1: vrocehpalon|move: Tailwind
|
|-weather|RainDance|[upkeep]
|-heal|p2a: Archaludon|90/100|[from] item: Leftovers
|upkeep
|turn|2
|inactive|lalalaing has 30 seconds left.
|inactive|lalalaing has 20 seconds left.
|inactive|lalalaing has 15 seconds left.
|
|t:|1784295749
|detailschange|p1b: Charizard|Charizard-Mega-Y, L50, F
|-mega|p1b: Charizard|Charizard|Charizardite Y
|-weather|SunnyDay|[from] ability: Drought|[of] p1b: Charizard
|move|p1b: Charizard|Heat Wave|p2a: Archaludon|[spread] p2a
|-miss|p1b: Charizard|p2b: Maushold
|-damage|p2a: Archaludon|37/100
|-ability|p2a: Archaludon|Stamina|boost
|-boost|p2a: Archaludon|def|1
|move|p1a: Pelipper|Weather Ball|p2b: Maushold
|-damage|p2b: Maushold|38/100
|move|p2b: Maushold|Super Fang|p1b: Charizard|[miss]
|-miss|p2b: Maushold|p1b: Charizard
|move|p2a: Archaludon|Dragon Pulse|p1b: Charizard
|-damage|p1b: Charizard|61/100
|
|-weather|SunnyDay|[upkeep]
|-heal|p2a: Archaludon|43/100|[from] item: Leftovers
|upkeep
|turn|3
|
|t:|1784295768
|switch|p2b: Pelipper|Pelipper, L50, M|100/100
|-weather|RainDance|[from] ability: Drizzle|[of] p2b: Pelipper
|move|p1b: Charizard|Weather Ball|p2a: Archaludon
|-resisted|p2a: Archaludon|1
|-damage|p2a: Archaludon|10/100
|-ability|p2a: Archaludon|Stamina|boost
|-boost|p2a: Archaludon|def|1
|move|p1a: Pelipper|Weather Ball|p2a: Archaludon
|-resisted|p2a: Archaludon|1
|-damage|p2a: Archaludon|0 fnt
|faint|p2a: Archaludon
|
|-weather|RainDance|[upkeep]
|upkeep
|
|t:|1784295776
|switch|p2a: Gengar|Gengar, L50, M|100/100
|turn|4
|
|t:|1784295797
|switch|p1b: Venusaur|Venusaur, L50, M|100/100
|detailschange|p2a: Gengar|Gengar-Mega, L50, M
|-mega|p2a: Gengar|Gengar|Gengarite
|move|p1a: Pelipper|Hurricane|p2b: Pelipper
|-crit|p2b: Pelipper
|-damage|p2b: Pelipper|23/100
|-enditem|p2b: Pelipper|Sitrus Berry|[eat]
|-heal|p2b: Pelipper|48/100|[from] item: Sitrus Berry
|move|p2a: Gengar|Sludge Bomb|p1a: Pelipper
|-damage|p1a: Pelipper|31/100
|-enditem|p1a: Pelipper|Sitrus Berry|[eat]
|-heal|p1a: Pelipper|55/100|[from] item: Sitrus Berry
|move|p2b: Pelipper|Tailwind|p2b: Pelipper
|-sidestart|p2: lalalaing|move: Tailwind
|
|-weather|RainDance|[upkeep]
|-sideend|p1: vrocehpalon|move: Tailwind
|upkeep
|turn|5
|
|t:|1784295818
|move|p2a: Gengar|Sludge Bomb|p1b: Venusaur
|-damage|p1b: Venusaur|34/100
|move|p2b: Pelipper|Hurricane|p1b: Venusaur
|-supereffective|p1b: Venusaur|1
|-damage|p1b: Venusaur|0 fnt
|faint|p1b: Venusaur
|move|p1a: Pelipper|Hurricane|p2b: Pelipper
|-damage|p2b: Pelipper|0 fnt
|faint|p2b: Pelipper
|
|-weather|RainDance|[upkeep]
|upkeep
|
|t:|1784295827
|switch|p1b: Charizard|Charizard-Mega-Y, L50, F|61/100
|switch|p2b: Maushold|Maushold-Four, L50|38/100
|-weather|SunnyDay|[from] ability: Drought|[of] p1b: Charizard
|turn|6
|
|t:|1784295840
|move|p2b: Maushold|Protect|p2b: Maushold
|-singleturn|p2b: Maushold|Protect
|move|p2a: Gengar|Sludge Bomb|p1a: Pelipper
|-damage|p1a: Pelipper|0 fnt
|faint|p1a: Pelipper
|move|p1b: Charizard|Heat Wave|p2a: Gengar|[spread] p2a
|-activate|p2b: Maushold|move: Protect
|-damage|p2a: Gengar|37/100
|
|-weather|SunnyDay|[upkeep]
|upkeep
|
|t:|1784295844
|switch|p1a: Basculegion|Basculegion, L50, M|100/100
|turn|7
|
|t:|1784295863
|move|p2b: Maushold|Encore|p1b: Charizard
|-start|p1b: Charizard|Encore
|move|p2a: Gengar|Disable|p1b: Charizard
|-start|p1b: Charizard|Disable|Heat Wave
|move|p1a: Basculegion|Wave Crash|p2a: Gengar
|-damage|p2a: Gengar|0 fnt
|faint|p2a: Gengar
|-damage|p1a: Basculegion|90/100|[from] Recoil
|cant|p1b: Charizard|Disable|Heat Wave
|
|-weather|SunnyDay|[upkeep]
|-sideend|p2: lalalaing|move: Tailwind
|upkeep
|turn|8
|-message|lalalaing forfeited.
|
|win|vrocehpalon
|l|☆lalalaing
|player|p2|
||lalalaing is ready for game 3.
||vrocehpalon is ready for game 3.
|uhtml|next|Next: Game 3 of 3
|l|☆vrocehpalon
|player|p1|
|j|☆lalalaing
|player|p2|lalalaing|chili|
