|j|☆mbrown14
|j|☆Crystneel
|html|mbrown14Crystneel    
|uhtml|bestof|Game 2 of a best-of-3
|t:|1757155858
|gametype|doubles
|player|p1|mbrown14|2|1000
|player|p2|Crystneel|ethan|1106
|gen|9
|tier|[Gen 9] VGC 2025 Reg H (Bo3)
|rated|
|rule|Species Clause: Limit one of each Pokémon
|rule|Item Clause: Limit 1 of each item
|clearpoke
|poke|p1|Dragapult, L50, M|
|poke|p1|Dragonite, L50, M|
|poke|p1|Archaludon, L50, F|
|poke|p1|Incineroar, L50, M|
|poke|p1|Pelipper, L50, F|
|poke|p1|Whimsicott, L50, F|
|poke|p2|Volcarona, L50, M|
|poke|p2|Electabuzz, L50, F|
|poke|p2|Sneasler, L50, F|
|poke|p2|Rillaboom, L50, M|
|poke|p2|Dragonite, L50, M|
|poke|p2|Ursaluna-Bloodmoon, L50, M|
|teampreview|4
|showteam|p1|Dragapult||AssaultVest|ClearBody|DragonDarts,PhantomForce,SuckerPunch,DragonTail|||M|||50|,,,,,Fairy]Dragonite||LoadedDice|Multiscale|Tailwind,DragonCheer,Roost,ScaleShot|||M|||50|,,,,,Fairy]Archaludon||ClearAmulet|Stamina|BodyPress,ElectroShot,DracoMeteor,Protect|||F|||50|,,,,,Fairy]Incineroar||CovertCloak|Intimidate|FakeOut,WillOWisp,PartingShot,KnockOff|||M|||50|,,,,,Ghost]Pelipper||DampRock|Drizzle|Hurricane,HelpingHand,WideGuard,Protect|||F|||50|,,,,,Ground]Whimsicott||MentalHerb|Prankster|LightScreen,Tailwind,Taunt,FakeTears|||F|||50|,,,,,Dark
|showteam|p2|Volcarona||Leftovers|FlameBody|FieryDance,QuiverDance,GigaDrain,Protect|||M|||50|,,,,,Water]Electabuzz||Eviolite|Static|FollowMe,Electroweb,VoltSwitch,Taunt|||F|||50|,,,,,Fairy]Sneasler||GrassySeed|Unburden|DireClaw,CloseCombat,ThroatChop,Protect|||F|||50|,,,,,Dark]Rillaboom||AssaultVest|GrassySurge|FakeOut,GrassyGlide,WoodHammer,Uturn|||M|||50|,,,,,Fire]Dragonite||LoadedDice|Multiscale|ExtremeSpeed,ScaleShot,IceSpinner,LowKick|||M|||50|,,,,,Normal]Ursaluna-Bloodmoon||ThroatSpray|MindsEye|BloodMoon,HyperVoice,EarthPower,Protect|||M|||50|,,,,,Poison
|inactive|Battle timer is ON: inactive players will automatically lose when time's up. (requested by mbrown14)
|
|t:|1757155873
|teamsize|p1|4
|teamsize|p2|4
|start
|switch|p1a: Dragonite|Dragonite, L50, M|100/100
|switch|p1b: Archaludon|Archaludon, L50, F, shiny|100/100
|switch|p2a: Rillaboom|Rillaboom, L50, M|100/100
|switch|p2b: Sneasler|Sneasler, L50, F|100/100
|-fieldstart|move: Grassy Terrain|[from] ability: Grassy Surge|[of] p2a: Rillaboom
|-enditem|p2b: Sneasler|Grassy Seed
|-boost|p2b: Sneasler|def|1|[from] item: Grassy Seed
|turn|1
|inactive|mbrown14 has 30 seconds left.
|
|t:|1757155903
|move|p1b: Archaludon|Protect|p1b: Archaludon
|-singleturn|p1b: Archaludon|Protect
|move|p2b: Sneasler|Dire Claw|p1a: Dragonite
|-damage|p1a: Dragonite|81/100
|-status|p1a: Dragonite|par
|move|p2a: Rillaboom|U-turn|p1a: Dragonite
|-resisted|p1a: Dragonite
|-damage|p1a: Dragonite|69/100 par
|
|t:|1757155911
|switch|p2a: Electabuzz|Electabuzz, L50, F|100/100|[from] U-turn
|move|p1a: Dragonite|Tailwind|p1a: Dragonite
|-sidestart|p1: mbrown14|move: Tailwind
|
|upkeep
|turn|2
|inactive|Crystneel has 30 seconds left.
|
|t:|1757155945
|move|p2a: Electabuzz|Follow Me|p2a: Electabuzz
|-singleturn|p2a: Electabuzz|move: Follow Me
|move|p2b: Sneasler|Close Combat|p1b: Archaludon
|-supereffective|p1b: Archaludon
|-damage|p1b: Archaludon|0 fnt
|-unboost|p2b: Sneasler|def|1
|-unboost|p2b: Sneasler|spd|1
|faint|p1b: Archaludon
|move|p1a: Dragonite|Dragon Cheer|p1: Archaludon|[notarget]
|-fail|p1a: Dragonite
|
|upkeep
|
|t:|1757155957
|switch|p1b: Pelipper|Pelipper, L50, F, shiny|100/100
|-weather|RainDance|[from] ability: Drizzle|[of] p1b: Pelipper
|turn|3
|
|t:|1757155969
|switch|p2b: Dragonite|Dragonite, L50, M|100/100
|-terastallize|p1b: Pelipper|Ground
|move|p1b: Pelipper|Hurricane|p2b: Dragonite
|-damage|p2b: Dragonite|76/100
|-start|p2b: Dragonite|confusion
|move|p1a: Dragonite|Scale Shot|p2b: Dragonite|[miss]
|-miss|p1a: Dragonite|p2b: Dragonite
|move|p2a: Electabuzz|Volt Switch|p1b: Pelipper
|-immune|p1b: Pelipper
|
|-weather|RainDance|[upkeep]
|upkeep
|turn|4
|inactive|Crystneel has 30 seconds left.
|
|t:|1757155998
|move|p2a: Electabuzz|Follow Me|p2a: Electabuzz
|-singleturn|p2a: Electabuzz|move: Follow Me
|move|p1b: Pelipper|Hurricane|p2a: Electabuzz
|-resisted|p2a: Electabuzz
|-damage|p2a: Electabuzz|85/100
|cant|p1a: Dragonite|par
|-activate|p2b: Dragonite|confusion
|-damage|p2b: Dragonite|58/100|[from] confusion
|
|-weather|RainDance|[upkeep]
|-heal|p2a: Electabuzz|91/100|[from] Grassy Terrain
|-sideend|p1: mbrown14|move: Tailwind
|upkeep
|turn|5
|
|t:|1757156016
|move|p1b: Pelipper|Protect|p1b: Pelipper
|-singleturn|p1b: Pelipper|Protect
|move|p2a: Electabuzz|Follow Me|p2a: Electabuzz
|-singleturn|p2a: Electabuzz|move: Follow Me
|-activate|p2b: Dragonite|confusion
|move|p2b: Dragonite|Ice Spinner|p1a: Dragonite
|-supereffective|p1a: Dragonite
|-damage|p1a: Dragonite|0 fnt
|-fieldend|move: Grassy Terrain
|faint|p1a: Dragonite
|
|-weather|RainDance|[upkeep]
|upkeep
|
|t:|1757156027
|switch|p1a: Whimsicott|Whimsicott, L50, F, shiny|100/100
|turn|6
|
|t:|1757156042
|move|p1a: Whimsicott|Fake Tears|p2b: Dragonite
|-unboost|p2b: Dragonite|spd|2
|-activate|p2b: Dragonite|confusion
|move|p2b: Dragonite|Ice Spinner|p1b: Pelipper
|-supereffective|p1b: Pelipper
|-damage|p1b: Pelipper|23/100
|move|p1b: Pelipper|Hurricane|p2b: Dragonite
|-damage|p2b: Dragonite|0 fnt
|faint|p2b: Dragonite
|move|p2a: Electabuzz|Volt Switch|p1a: Whimsicott
|-resisted|p1a: Whimsicott
|-damage|p1a: Whimsicott|84/100
|
|t:|1757156052
|switch|p2a: Rillaboom|Rillaboom, L50, M|100/100|[from] Volt Switch
|-fieldstart|move: Grassy Terrain|[from] ability: Grassy Surge|[of] p2a: Rillaboom
|
|-weather|RainDance|[upkeep]
|-heal|p1a: Whimsicott|90/100|[from] Grassy Terrain
|-heal|p1b: Pelipper|28/100|[from] Grassy Terrain
|upkeep
|
|t:|1757156064
|switch|p2b: Sneasler|Sneasler, L50, F|100/100
|turn|7
|
|t:|1757156077
|move|p2a: Rillaboom|Fake Out|p1b: Pelipper
|-damage|p1b: Pelipper|9/100
|move|p1a: Whimsicott|Tailwind|p1a: Whimsicott
|-sidestart|p1: mbrown14|move: Tailwind
|cant|p1b: Pelipper|flinch
|move|p2b: Sneasler|Dire Claw|p1a: Whimsicott
|-supereffective|p1a: Whimsicott
|-damage|p1a: Whimsicott|0 fnt
|faint|p1a: Whimsicott
|
|-weather|RainDance|[upkeep]
|-heal|p1b: Pelipper|14/100|[from] Grassy Terrain
|upkeep
|turn|8
|
|t:|1757156092
|move|p2a: Rillaboom|Grassy Glide|p1b: Pelipper
|-supereffective|p1b: Pelipper
|-damage|p1b: Pelipper|0 fnt
|faint|p1b: Pelipper
|
|win|Crystneel
