|j|ŌśåNandoGTG
|j|ŌśåBionzella
|html|NandoGTGBionzella    
|uhtml|bestof|Game 1 of a best-of-3
|t:|1784757061
|gametype|doubles
|player|p1|NandoGTG|cheren|
|player|p2|Bionzella|smasher|
|gen|9
|tier|[Gen 9 Champions] VGC 2026 Reg M-B (Bo3)
|rule|Species Clause: Limit one of each Pok├®mon
|rule|Item Clause: Limit 1 of each item
|clearpoke
|poke|p1|Staraptor, L50, M|
|poke|p1|Tyranitar, L50, F|
|poke|p1|Excadrill, L50, M|
|poke|p1|Gholdengo, L50|
|poke|p1|Sinistcha, L50|
|poke|p1|Milotic, L50, F|
|poke|p2|Garchomp, L50, F, shiny|
|poke|p2|Primarina, L50, M, shiny|
|poke|p2|Sinistcha, L50|
|poke|p2|Scovillain, L50, M|
|poke|p2|Aerodactyl, L50, M|
|poke|p2|Farigiraf, L50, F|
|teampreview|4
|showteam|p1|Staraptor||Staraptite|Intimidate|CloseCombat,BraveBird,Tailwind,Protect|Jolly||M|||50|]Tyranitar||Tyranitarite|SandStream|KnockOff,RockSlide,HighHorsepower,Protect|Jolly||F|||50|]Excadrill||FocusSash|SandRush|HighHorsepower,IronHead,RockSlide,Protect|Jolly||M|||50|]Gholdengo||LifeOrb|GoodasGold|MakeItRain,ShadowBall,NastyPlot,Protect|Modest|||||50|]Sinistcha||ColburBerry|Hospitality|MatchaGotcha,ShadowBall,Protect,RagePowder|Bold|||||50|]Milotic||SitrusBerry|Competitive|Scald,IcyWind,Haze,Protect|Calm||F|||50|
|showteam|p2|Garchomp||LifeOrb|RoughSkin|DragonClaw,Earthquake,RockSlide,Protect|Adamant||F|||50|]Primarina||Leftovers|LiquidVoice|HyperVoice,Moonblast,CalmMind,Protect|Modest||M|||50|]Sinistcha||OccaBerry|Hospitality|MatchaGotcha,ShadowBall,TrickRoom,Protect|Modest|||||50|]Scovillain||Scovillainite|Chlorophyll|Overheat,RagePowder,LeechSeed,Protect|Bold||M|||50|]Aerodactyl||Aerodactylite|RockHead|RockSlide,DualWingbeat,Tailwind,IceFang|Jolly||M|||50|]Farigiraf||SitrusBerry|ArmorTail|HyperVoice,LowKick,TrickRoom,ShadowBall|Sassy||F|||50|
|c|ŌśåBionzella|holaaa
|c|ŌśåNandoGTG|Buenass
|c|ŌśåNandoGTG|glhf!!
|c|ŌśåBionzella|omg i'm fucked HAHAH
|c|ŌśåNandoGTG|Mi primer combate con este equipo btw
|c|ŌśåBionzella|same
|c|ŌśåNandoGTG|Omg
|c|ŌśåBionzella|segundo combate en dos a├▒os xD
|c|ŌśåNandoGTG|Demos un show entretenido y as├Ł les mando las replays XDD
|
|t:|1784757154
|teamsize|p1|4
|teamsize|p2|4
|start
|switch|p1a: Tyranitar|Tyranitar, L50, F|100/100
|switch|p1b: Milotic|Milotic, L50, F|100/100
|switch|p2a: 'nduja|Scovillain, L50, M|100/100
|switch|p2b: Keonistocene|Aerodactyl, L50, M|100/100
|-weather|Sandstorm|[from] ability: Sand Stream|[of] p1a: Tyranitar
|turn|1
|
|t:|1784757180
|detailschange|p1a: Tyranitar|Tyranitar-Mega, L50, F
|-mega|p1a: Tyranitar|Tyranitar|Tyranitarite
|detailschange|p2a: 'nduja|Scovillain-Mega, L50, M
|-mega|p2a: 'nduja|Scovillain|Scovillainite
|move|p2b: Keonistocene|Tailwind|p2b: Keonistocene
|-sidestart|p2: Bionzella|move: Tailwind
|move|p2a: 'nduja|Leech Seed|p1b: Milotic
|-start|p1b: Milotic|move: Leech Seed
|move|p1a: Tyranitar|Rock Slide|p2b: Keonistocene|[spread] p2a,p2b
|-supereffective|p2a: 'nduja|1
|-supereffective|p2b: Keonistocene|1
|-damage|p2a: 'nduja|31/100
|-damage|p2b: Keonistocene|0 fnt
|-status|p1a: Tyranitar|brn|[from] ability: Spicy Spray|[of] p2a: 'nduja
|faint|p2b: Keonistocene
|move|p1b: Milotic|Scald|p2a: 'nduja
|-damage|p2a: 'nduja|0 fnt
|-status|p1b: Milotic|brn|[from] ability: Spicy Spray|[of] p2a: 'nduja
|faint|p2a: 'nduja
|
|-weather|Sandstorm|[upkeep]
|-damage|p1b: Milotic|94/100 brn|[from] Sandstorm
|-damage|p1a: Tyranitar|93/100 brn|[from] brn
|-damage|p1b: Milotic|88/100 brn|[from] brn
|upkeep
|c|ŌśåBionzella|ok
|c|ŌśåBionzella|ahahaha
|
|t:|1784757209
|switch|p2b: Nami|Primarina, L50, M, shiny|100/100
|switch|p2a: Asakusa|Sinistcha, L50|100/100
|turn|2
|c|ŌśåNandoGTG|wow
|c|ŌśåBionzella|i'm in trouble
|c|ŌśåBionzella|estoy en problema Xd
|
|t:|1784757233
|switch|p1b: Sinistcha|Sinistcha, L50|100/100
|-heal|p1a: Tyranitar|100/100 brn|[from] ability: Hospitality|[of] p1b: Sinistcha
|move|p2a: Asakusa|Matcha Gotcha|p1b: Sinistcha|[spread] p1a,p1b
|-supereffective|p1a: Tyranitar|1
|-resisted|p1b: Sinistcha|1
|-damage|p1a: Tyranitar|70/100 brn
|-damage|p1b: Sinistcha|88/100
|-status|p1b: Sinistcha|brn
|move|p2b: Nami|Hyper Voice|p1a: Tyranitar|[spread] p1a,p1b
|-supereffective|p1a: Tyranitar|1
|-resisted|p1b: Sinistcha|1
|-damage|p1a: Tyranitar|33/100 brn
|-damage|p1b: Sinistcha|71/100 brn
|move|p1a: Tyranitar|Knock Off|p2a: Asakusa
|-supereffective|p2a: Asakusa|1
|-damage|p2a: Asakusa|43/100
|-enditem|p2a: Asakusa|Occa Berry|[from] move: Knock Off|[of] p1a: Tyranitar
|
|-weather|Sandstorm|[upkeep]
|-damage|p2a: Asakusa|37/100|[from] Sandstorm
|-damage|p2b: Nami|94/100|[from] Sandstorm
|-damage|p1b: Sinistcha|65/100 brn|[from] Sandstorm
|-heal|p2b: Nami|100/100|[from] item: Leftovers
|-damage|p1a: Tyranitar|27/100 brn|[from] brn
|-damage|p1b: Sinistcha|60/100 brn|[from] brn
|upkeep
|turn|3
|c|ŌśåNandoGTG|XDDD
|c|ŌśåBionzella|bUUUUUURN AHAHA
|c|ŌśåNandoGTG|Omg
|
|t:|1784757271
|move|p2a: Asakusa|Shadow Ball|p1b: Sinistcha
|-supereffective|p1b: Sinistcha|1
|-damage|p1b: Sinistcha|0 fnt
|faint|p1b: Sinistcha
|move|p2b: Nami|Hyper Voice|p1a: Tyranitar
|-supereffective|p1a: Tyranitar|1
|-damage|p1a: Tyranitar|0 fnt
|faint|p1a: Tyranitar
|
|-weather|Sandstorm|[upkeep]
|-damage|p2a: Asakusa|31/100|[from] Sandstorm
|-damage|p2b: Nami|94/100|[from] Sandstorm
|-heal|p2b: Nami|100/100|[from] item: Leftovers
|upkeep
|c|ŌśåNandoGTG|Salt├® el turno y no me sal├Ła en el chat lo que pas├│
|c|ŌśåNandoGTG|XDD
|
|t:|1784757277
|switch|p1a: Gholdengo|Gholdengo, L50|100/100
|switch|p1b: Milotic|Milotic, L50, F|88/100 brn
|turn|4
|
|t:|1784757291
|move|p1b: Milotic|Protect|p1b: Milotic
|-singleturn|p1b: Milotic|Protect
|move|p1a: Gholdengo|Protect|p1a: Gholdengo
|-singleturn|p1a: Gholdengo|Protect
|move|p2b: Nami|Calm Mind|p2b: Nami
|-boost|p2b: Nami|spa|1
|-boost|p2b: Nami|spd|1
|move|p2a: Asakusa|Trick Room|p2a: Asakusa
|-fieldstart|move: Trick Room|[of] p2a: Asakusa
|
|-weather|Sandstorm|[upkeep]
|-damage|p1b: Milotic|82/100 brn|[from] Sandstorm
|-damage|p2b: Nami|94/100|[from] Sandstorm
|-damage|p2a: Asakusa|25/100|[from] Sandstorm
|-heal|p2b: Nami|100/100|[from] item: Leftovers
|-damage|p1b: Milotic|76/100 brn|[from] brn
|-sideend|p2: Bionzella|move: Tailwind
|upkeep
|turn|5
|
|t:|1784757318
|move|p2a: Asakusa|Protect|p2a: Asakusa
|-singleturn|p2a: Asakusa|Protect
|move|p1a: Gholdengo|Protect||[still]
|-fail|p1a: Gholdengo
|move|p2b: Nami|Calm Mind|p2b: Nami
|-boost|p2b: Nami|spa|1
|-boost|p2b: Nami|spd|1
|move|p1b: Milotic|Haze|p1b: Milotic
|-clearallboost
|
|-weather|none
|-damage|p1b: Milotic|71/100 brn|[from] brn
|upkeep
|turn|6
|c|ŌśåBionzella|WTF HAZE
|c|ŌśåNandoGTG|Est├Ī para resetear al propio Gholdengho XDD
|
|t:|1784757343
|move|p1a: Gholdengo|Protect|p1a: Gholdengo
|-singleturn|p1a: Gholdengo|Protect
|move|p2b: Nami|Hyper Voice|p1a: Gholdengo|[spread] p1b
|-activate|p1a: Gholdengo|move: Protect
|-resisted|p1b: Milotic|1
|-damage|p1b: Milotic|61/100 brn
|move|p2a: Asakusa|Shadow Ball|p1a: Gholdengo
|-activate|p1a: Gholdengo|move: Protect
|move|p1b: Milotic|Icy Wind|p2b: Nami|[spread] p2a,p2b
|-supereffective|p2a: Asakusa|1
|-resisted|p2b: Nami|1
|-damage|p2a: Asakusa|4/100
|-damage|p2b: Nami|96/100
|-unboost|p2a: Asakusa|spe|1
|-unboost|p2b: Nami|spe|1
|
|-heal|p2b: Nami|100/100|[from] item: Leftovers
|-damage|p1b: Milotic|55/100 brn|[from] brn
|upkeep
|turn|7
|c|ŌśåNandoGTG|Pero creo que estoy cooked ya
|
|t:|1784757366
|move|p2b: Nami|Calm Mind|p2b: Nami
|-boost|p2b: Nami|spa|1
|-boost|p2b: Nami|spd|1
|move|p2a: Asakusa|Matcha Gotcha|p1a: Gholdengo|[spread] p1a
|-miss|p2a: Asakusa|p1b: Milotic
|-resisted|p1a: Gholdengo|1
|-damage|p1a: Gholdengo|88/100
|-heal|p2a: Asakusa|12/100|[from] drain|[of] p1a: Gholdengo
|move|p1a: Gholdengo|Make It Rain|p2b: Nami|[spread] p2a,p2b
|-damage|p2a: Asakusa|0 fnt
|-damage|p2b: Nami|68/100
|-unboost|p1a: Gholdengo|spa|2
|faint|p2a: Asakusa
|-damage|p1a: Gholdengo|78/100|[from] item: Life Orb
|move|p1b: Milotic|Scald|p2b: Nami
|-resisted|p2b: Nami|1
|-damage|p2b: Nami|60/100
|-status|p2b: Nami|brn
|
|-heal|p2b: Nami|66/100 brn|[from] item: Leftovers
|-damage|p2b: Nami|60/100 brn|[from] brn
|-damage|p1b: Milotic|50/100y brn|[from] brn
|upkeep
|-enditem|p1b: Milotic|Sitrus Berry|[eat]
|-heal|p1b: Milotic|74/100 brn|[from] item: Sitrus Berry
|turn|8
|
|t:|1784757392
|move|p1a: Gholdengo|Protect|p1a: Gholdengo
|-singleturn|p1a: Gholdengo|Protect
|move|p2b: Nami|Hyper Voice|p1b: Milotic|[spread] p1b
|-activate|p1a: Gholdengo|move: Protect
|-resisted|p1b: Milotic|1
|-damage|p1b: Milotic|58/100 brn
|move|p1b: Milotic|Haze|p1b: Milotic
|-clearallboost
|
|-heal|p2b: Nami|66/100 brn|[from] item: Leftovers
|-damage|p2b: Nami|60/100 brn|[from] brn
|-damage|p1b: Milotic|53/100 brn|[from] brn
|-fieldend|move: Trick Room
|upkeep
|turn|9
|
|t:|1784757398
|move|p1b: Milotic|Scald|p2b: Nami
|-resisted|p2b: Nami|1
|-damage|p2b: Nami|49/100 brn
|move|p1a: Gholdengo|Make It Rain|p2b: Nami
|-damage|p2b: Nami|0 fnt
|-unboost|p1a: Gholdengo|spa|2
|faint|p2b: Nami
|-damage|p1a: Gholdengo|69/100|[from] item: Life Orb
|
|win|NandoGTG
||Bionzella is ready for game 2.
|c|ŌśåNandoGTG|OMG
||NandoGTG is ready for game 2.
|uhtml|next|Next: Game 2 of 3
|l|ŌśåBionzella
|player|p2|
