|j|☆robotarmadillo
|j|☆Xto80
|html|robotarmadilloXto80    
|uhtml|bestof|Game 2 of a best-of-3
|t:|1783185865
|gametype|doubles
|player|p1|robotarmadillo|youngster-gen4dp|
|player|p2|Xto80|lucas|
|gen|9
|tier|[Gen 9 Champions] VGC 2026 Reg M-B (Bo3)
|rule|Species Clause: Limit one of each Pokémon
|rule|Item Clause: Limit 1 of each item
|clearpoke
|poke|p1|Excadrill, L50, M|
|poke|p1|Blastoise, L50, F|
|poke|p1|Gliscor, L50, F|
|poke|p1|Greninja, L50, F|
|poke|p1|Floette-Eternal, L50, F|
|poke|p1|Tyrantrum, L50, M|
|poke|p2|Lucario, L50, M|
|poke|p2|Pelipper, L50, F|
|poke|p2|Archaludon, L50, M|
|poke|p2|Mimikyu, L50, F|
|poke|p2|Toxicroak, L50, F|
|poke|p2|Appletun, L50, M|
|teampreview|4
|showteam|p1|Excadrill||FocusSash|SandRush|Sandstorm,Earthquake,XScissor,IronHead|Adamant||M|||50|]Blastoise||WhiteHerb|RainDish|AquaJet,FakeOut,ShellSmash,Liquidation|Adamant||F|||50|]Gliscor||MentalHerb|SandVeil|Tailwind,ToxicSpikes,KnockOff,Sandstorm|Careful||F|||50|]Greninja||Greninjite|Protean|SludgeWave,Protect,IceBeam,WaterShuriken|Timid||F|||50|]Floette-Eternal||Floettite|FlowerVeil|Moonblast,EnergyBall,Protect,Psychic|Timid||F|||50|]Tyrantrum||ExpertBelt|StrongJaw|ThunderFang,CloseCombat,DracoMeteor,RockSlide|Naughty||M|||50|
|showteam|p2|Lucario||Lucarionite|InnerFocus|CloseCombat,BulletPunch,MeteorMash,Detect|Jolly||M|||50|]Pelipper||FocusSash|Drizzle|Hurricane,Tailwind,Protect,WeatherBall|Bold||F|||50|]Archaludon||ExpertBelt|Stamina|ElectroShot,FlashCannon,DracoMeteor,Snarl|Timid||M|||50|]Mimikyu||MentalHerb|Disguise|TrickRoom,PlayRough,WillOWisp,ShadowSneak|Sassy||F|||50|]Toxicroak||LifeOrb|DrySkin|FakeOut,GunkShot,DrainPunch,SuckerPunch|Jolly||F|||50|]Appletun||Leftovers|ThickFat|AppleAcid,DragonPulse,Recover,Protect|Calm||M|||50|
|
|t:|1783185990
|teamsize|p1|4
|teamsize|p2|4
|start
|switch|p1a: Excadrill|Excadrill, L50, M|100/100
|switch|p1b: Tyrantrum|Tyrantrum, L50, M|100/100
|switch|p2a: Pelipper|Pelipper, L50, F|100/100
|switch|p2b: Lucario|Lucario, L50, M|100/100
|-weather|RainDance|[from] ability: Drizzle|[of] p2a: Pelipper
|turn|1
|
|t:|1783186050
|detailschange|p2b: Lucario|Lucario-Mega, L50, M
|-mega|p2b: Lucario|Lucario|Lucarionite
|move|p2b: Lucario|Close Combat|p1a: Excadrill
|-supereffective|p1a: Excadrill|1
|-enditem|p1a: Excadrill|Focus Sash
|-damage|p1a: Excadrill|1/100
|-unboost|p2b: Lucario|def|1
|-unboost|p2b: Lucario|spd|1
|move|p1a: Excadrill|Sandstorm|p1a: Excadrill
|-weather|Sandstorm
|move|p1b: Tyrantrum|Thunder Fang|p2a: Pelipper
|-supereffective|p2a: Pelipper|2
|-enditem|p2a: Pelipper|Focus Sash
|-damage|p2a: Pelipper|1/100
|cant|p2a: Pelipper|flinch
|
|-weather|Sandstorm|[upkeep]
|-damage|p2a: Pelipper|0 fnt|[from] Sandstorm
|faint|p2a: Pelipper
|upkeep
|
|t:|1783186161
|switch|p2a: Archaludon|Archaludon, L50, M|100/100
|turn|2
|
|t:|1783186181
|move|p2b: Lucario|Bullet Punch|p1a: Excadrill
|-resisted|p1a: Excadrill|1
|-damage|p1a: Excadrill|0 fnt
|faint|p1a: Excadrill
|move|p2a: Archaludon|Flash Cannon|p1b: Tyrantrum
|-supereffective|p1b: Tyrantrum|1
|-damage|p1b: Tyrantrum|3/100
|move|p1b: Tyrantrum|Close Combat|p2a: Archaludon
|-supereffective|p2a: Archaludon|1
|-damage|p2a: Archaludon|7/100
|-unboost|p1b: Tyrantrum|def|1
|-unboost|p1b: Tyrantrum|spd|1
|-ability|p2a: Archaludon|Stamina|boost
|-boost|p2a: Archaludon|def|1
|
|-weather|Sandstorm|[upkeep]
|upkeep
|
|t:|1783186199
|switch|p1a: Gliscor|Gliscor, L50, F|100/100
|turn|3
|
|t:|1783186298
|move|p2b: Lucario|Bullet Punch|p1b: Tyrantrum
|-supereffective|p1b: Tyrantrum|1
|-damage|p1b: Tyrantrum|0 fnt
|faint|p1b: Tyrantrum
|move|p2a: Archaludon|Flash Cannon|p1a: Gliscor
|-damage|p1a: Gliscor|56/100
|move|p1a: Gliscor|Tailwind|p1a: Gliscor
|-sidestart|p1: robotarmadillo|move: Tailwind
|
|-weather|Sandstorm|[upkeep]
|upkeep
|
|t:|1783186309
|switch|p1b: Floette|Floette-Eternal, L50, F|100/100
|turn|4
|
|t:|1783186374
|detailschange|p1b: Floette|Floette-Mega, L50, F
|-mega|p1b: Floette|Floette|Floettite
|-ability|p1b: Floette|Fairy Aura
|move|p1b: Floette|Moonblast|p2b: Lucario
|-damage|p2b: Lucario|0 fnt
|faint|p2b: Lucario
|move|p1a: Gliscor|Knock Off|p2a: Archaludon
|-damage|p2a: Archaludon|0 fnt
|-enditem|p2a: Archaludon|Expert Belt|[from] move: Knock Off|[of] p1a: Gliscor
|faint|p2a: Archaludon
|
|-weather|Sandstorm|[upkeep]
|-damage|p1b: Floette|94/100|[from] Sandstorm
|upkeep
|
|t:|1783186389
|switch|p2b: Toxicroak|Toxicroak, L50, F|100/100
|turn|5
|
|t:|1783186446
|move|p2b: Toxicroak|Sucker Punch|p1b: Floette
|-resisted|p1b: Floette|1
|-damage|p1b: Floette|76/100
|-damage|p2b: Toxicroak|90/100|[from] item: Life Orb
|move|p1b: Floette|Moonblast|p2b: Toxicroak
|-damage|p2b: Toxicroak|0 fnt
|faint|p2b: Toxicroak
|
|win|robotarmadillo
||robotarmadillo is ready for game 3.
|inactive|Xto80 has 30 seconds to confirm battle start!
||Xto80 is ready for game 3.
|uhtml|next|Next: Game 3 of 3
