|j|☆RegiSIXSEVEN
|j|☆Jadyeetus
|html|RegiSIXSEVENJadyeetus    
|uhtml|bestof|Game 2 of a best-of-3
|t:|1782315298
|gametype|doubles
|player|p1|RegiSIXSEVEN|steven|1145
|player|p2|Jadyeetus|linebacker|1104
|gen|9
|tier|[Gen 9 Champions] VGC 2026 Reg M-B (Bo3)
|rated|
|rule|Species Clause: Limit one of each Pokémon
|rule|Item Clause: Limit 1 of each item
|clearpoke
|poke|p1|Dragalge, L50, M, shiny|
|poke|p1|Kommo-o, L50, M, shiny|
|poke|p1|Rotom-Wash, L50, shiny|
|poke|p1|Tyranitar, L50, M, shiny|
|poke|p1|Serperior, L50, F, shiny|
|poke|p1|Incineroar, L50, M|
|poke|p2|Staraptor, L50, F|
|poke|p2|Excadrill, L50, M, shiny|
|poke|p2|Scizor, L50, M|
|poke|p2|Sceptile, L50, M, shiny|
|poke|p2|Whimsicott, L50, M|
|poke|p2|Palafin, L50, F|
|teampreview|4
|showteam|p1|Dragalge||Dragalgite|Adaptability|SludgeBomb,DracoMeteor,Thunderbolt,FlipTurn|Sassy||M|||50|]Kommo-o||Leftovers|Overcoat|ClangingScales,AuraSphere,ClangorousSoul,Protect|Modest||M|||50|]Rotom-Wash||ChoiceScarf|Levitate|HydroPump,Thunderbolt,VoltSwitch,Electroweb|Modest|||||50|]Tyranitar||Tyranitarite|SandStream|RockSlide,KnockOff,DragonDance,Protect|Jolly||M|||50|]Serperior||MentalHerb|Contrary|LeafStorm,Reflect,LightScreen,Glare|Timid||F|||50|]Incineroar||ShucaBerry|Intimidate|FakeOut,FlareBlitz,ThroatChop,PartingShot|Careful||M|||50|
|showteam|p2|Staraptor||Staraptite|Intimidate|CloseCombat,BraveBird,Protect,Roost|Jolly||F|||50|]Excadrill||ChoiceScarf|MoldBreaker|Earthquake,RockSlide,BrickBreak,IronHead|Jolly||M|||50|]Scizor||LumBerry|Technician|BulletPunch,DualWingbeat,Protect,SwordsDance|Adamant||M|||50|]Sceptile||Sceptilite|Overgrow|SolarBeam,GigaDrain,Protect,DragonPulse|Timid||M|||50|]Whimsicott||FocusSash|Prankster|Charm,Tailwind,Moonblast,SunnyDay|Bold||M|||50|]Palafin||MysticWater|ZerotoHero|FlipTurn,Protect,CloseCombat,JetPunch|Jolly||F|||50|
|inactive|Battle timer is ON: inactive players will automatically lose when time's up. (requested by Jadyeetus)
|inactive|RegiSIXSEVEN also wants the timer to be on.
|
|t:|1782315323
|teamsize|p1|4
|teamsize|p2|4
|start
|switch|p1a: Dragalge|Dragalge, L50, M, shiny|100/100
|switch|p1b: Kommo-o|Kommo-o, L50, M, shiny|100/100
|switch|p2a: Whimsy|Whimsicott, L50, M|100/100
|switch|p2b: All might|Palafin, L50, F|100/100
|turn|1
|
|t:|1782315339
|switch|p1b: Incineroar|Incineroar, L50, M|100/100
|-ability|p1b: Incineroar|Intimidate|boost
|-unboost|p2a: Whimsy|atk|1
|-unboost|p2b: All might|atk|1
|detailschange|p1a: Dragalge|Dragalge-Mega, L50, M, shiny
|-mega|p1a: Dragalge|Dragalge|Dragalgite
|move|p2b: All might|Flip Turn|p1a: Dragalge
|-resisted|p1a: Dragalge|1
|-damage|p1a: Dragalge|91/100
|
|t:|1782315352
|detailschange|p2b: All might|Palafin-Hero, L50, F
|switch|p2b: Unhand me|Excadrill, L50, M, shiny|100/100|[from] Flip Turn
|-ability|p2b: Unhand me|Mold Breaker
|move|p2a: Whimsy|Moonblast|p1b: Incineroar
|-damage|p1b: Incineroar|80/100
|move|p1a: Dragalge|Sludge Bomb|p2a: Whimsy
|-supereffective|p2a: Whimsy|2
|-enditem|p2a: Whimsy|Focus Sash
|-damage|p2a: Whimsy|1/100
|-status|p2a: Whimsy|psn
|
|-damage|p2a: Whimsy|0 fnt|[from] psn
|faint|p2a: Whimsy
|upkeep
|
|t:|1782315371
|switch|p2a: All might|Palafin-Hero, L50, F|100/100
|-activate|p2a: All might|ability: Zero to Hero
|turn|2
|
|t:|1782315390
|move|p1b: Incineroar|Fake Out|p2b: Unhand me
|-resisted|p2b: Unhand me|1
|-damage|p2b: Unhand me|92/100
|move|p2a: All might|Jet Punch|p1b: Incineroar
|-supereffective|p1b: Incineroar|1
|-damage|p1b: Incineroar|4/100
|cant|p2b: Unhand me|flinch
|move|p1a: Dragalge|Flip Turn|p2b: Unhand me
|-supereffective|p2b: Unhand me|1
|-damage|p2b: Unhand me|60/100
|
|t:|1782315399
|-heal|p1a: Dragalge|100/100|[from] ability: Regenerator|[silent]
|switch|p1a: Rotom|Rotom-Wash, L50, shiny|100/100|[from] Flip Turn
|
|upkeep
|turn|3
|
|t:|1782315410
|switch|p1b: Dragalge|Dragalge-Mega, L50, M, shiny|100/100
|move|p2b: Unhand me|Earthquake|p1a: Rotom|[spread] p2a,p1a,p1b
|-supereffective|p1a: Rotom|1
|-supereffective|p1b: Dragalge|1
|-damage|p2a: All might|57/100
|-damage|p1a: Rotom|17/100
|-damage|p1b: Dragalge|25/100
|move|p1a: Rotom|Thunderbolt|p2a: All might
|-supereffective|p2a: All might|1
|-damage|p2a: All might|0 fnt
|faint|p2a: All might
|
|upkeep
|
|t:|1782315420
|switch|p2a: Santa|Sceptile, L50, M, shiny|100/100
|turn|4
|
|t:|1782315434
|detailschange|p2a: Santa|Sceptile-Mega, L50, M, shiny
|-mega|p2a: Santa|Sceptile|Sceptilite
|move|p2b: Unhand me|Earthquake|p1a: Rotom|[spread] p2a,p1a,p1b
|-resisted|p2a: Santa|1
|-supereffective|p1a: Rotom|1
|-supereffective|p1b: Dragalge|1
|-damage|p2a: Santa|67/100
|-damage|p1a: Rotom|0 fnt
|-damage|p1b: Dragalge|0 fnt
|faint|p1a: Rotom
|faint|p1b: Dragalge
|move|p2a: Santa|Dragon Pulse|p1: Rotom|[notarget]
|-fail|p2a: Santa
|
|upkeep
|
|t:|1782315439
|switch|p1a: Kommo-o|Kommo-o, L50, M, shiny|100/100
|switch|p1b: Incineroar|Incineroar, L50, M|4/100
|-ability|p1b: Incineroar|Intimidate|boost
|-unboost|p2a: Santa|atk|1
|-unboost|p2b: Unhand me|atk|1
|turn|5
|
|t:|1782315443
|move|p1b: Incineroar|Fake Out|p2a: Santa
|-damage|p2a: Santa|49/100
|move|p2b: Unhand me|Earthquake|p1b: Incineroar|[spread] p2a,p1a,p1b
|-resisted|p2a: Santa|1
|-supereffective|p1b: Incineroar|1
|-enditem|p1b: Incineroar|Shuca Berry|[eat]
|-enditem|p1b: Incineroar|Shuca Berry|[weaken]
|-damage|p2a: Santa|29/100
|-damage|p1a: Kommo-o|78/100
|-damage|p1b: Incineroar|0 fnt
|faint|p1b: Incineroar
|cant|p2a: Santa|flinch
|move|p1a: Kommo-o|Clangorous Soul|p1a: Kommo-o
|-boost|p1a: Kommo-o|atk|1
|-boost|p1a: Kommo-o|def|1
|-boost|p1a: Kommo-o|spa|1
|-boost|p1a: Kommo-o|spd|1
|-boost|p1a: Kommo-o|spe|1
|-damage|p1a: Kommo-o|45/100
|
|-heal|p1a: Kommo-o|51/100|[from] item: Leftovers
|upkeep
|turn|6
|
|t:|1782315462
|move|p2a: Santa|Protect|p2a: Santa
|-singleturn|p2a: Santa|Protect
|move|p2b: Unhand me|Earthquake|p1a: Kommo-o|[spread] p1a
|-activate|p2a: Santa|move: Protect
|-damage|p1a: Kommo-o|36/100
|move|p1a: Kommo-o|Clanging Scales|p2a: Santa|[spread] p2b
|-activate|p2a: Santa|move: Protect
|-resisted|p2b: Unhand me|1
|-damage|p2b: Unhand me|22/100
|-unboost|p1a: Kommo-o|def|1
|
|-heal|p1a: Kommo-o|42/100|[from] item: Leftovers
|upkeep
|turn|7
|
|t:|1782315480
|move|p1a: Kommo-o|Protect|p1a: Kommo-o
|-singleturn|p1a: Kommo-o|Protect
|move|p2b: Unhand me|Earthquake|p1a: Kommo-o|[spread] p2a
|-activate|p1a: Kommo-o|move: Protect
|-resisted|p2a: Santa|1
|-damage|p2a: Santa|9/100
|move|p2a: Santa|Dragon Pulse|p1a: Kommo-o
|-activate|p1a: Kommo-o|move: Protect
|
|-heal|p1a: Kommo-o|48/100|[from] item: Leftovers
|upkeep
|turn|8
|
|t:|1782315488
|move|p2a: Santa|Protect|p2a: Santa
|-singleturn|p2a: Santa|Protect
|move|p2b: Unhand me|Earthquake|p1a: Kommo-o|[spread] p1a
|-activate|p2a: Santa|move: Protect
|-damage|p1a: Kommo-o|26/100
|move|p1a: Kommo-o|Clanging Scales|p2b: Unhand me|[spread] p2b
|-activate|p2a: Santa|move: Protect
|-resisted|p2b: Unhand me|1
|-damage|p2b: Unhand me|0 fnt
|faint|p2b: Unhand me
|-unboost|p1a: Kommo-o|def|1
|
|-heal|p1a: Kommo-o|32/100|[from] item: Leftovers
|upkeep
|turn|9
|
|t:|1782315497
|move|p2a: Santa|Dragon Pulse|p1a: Kommo-o
|-supereffective|p1a: Kommo-o|1
|-damage|p1a: Kommo-o|0 fnt
|faint|p1a: Kommo-o
|
|win|Jadyeetus
|raw|RegiSIXSEVEN's rating: 1145 → 1117(-28 for losing)
|raw|Jadyeetus's rating: 1104 → 1132(+28 for winning)
