|j|☆droqblade
|j|☆Slothpk
|html|droqbladeSlothpk    
|uhtml|bestof|Game 1 of a best-of-3
|t:|1785778360
|gametype|doubles
|player|p1|droqblade|larry|1044
|player|p2|Slothpk|1|1157
|gen|9
|tier|[Gen 9 Champions] VGC 2026 Reg M-B (Bo3)
|rated|
|rule|Species Clause: Limit one of each Pokémon
|rule|Item Clause: Limit 1 of each item
|clearpoke
|poke|p1|Sinistcha, L50|
|poke|p1|Talonflame, L50, M|
|poke|p1|Klefki, L50, M|
|poke|p1|Scizor, L50, F|
|poke|p1|Mimikyu, L50, F|
|poke|p1|Swampert, L50, M|
|poke|p2|Garchomp, L50, F|
|poke|p2|Milotic, L50, F|
|poke|p2|Scizor, L50, F|
|poke|p2|Sinistcha-Masterpiece, L50|
|poke|p2|Whimsicott, L50, F|
|poke|p2|Weavile, L50, F|
|teampreview|4
|showteam|p1|Sinistcha||MentalHerb|Hospitality|MatchaGotcha,RagePowder,StrengthSap,TrickRoom|Calm|||||50|]Talonflame||FocusSash|GaleWings|Tailwind,Taunt,BraveBird,FlareBlitz|Jolly||M|||50|]Klefki||LightClay|Prankster|Reflect,LightScreen,RainDance,TrickRoom|Relaxed||M|||50|]Scizor||MuscleBand|Technician|SwordsDance,BulletPunch,Protect,DualWingbeat|Adamant||F|||50|]Mimikyu||LifeOrb|Disguise|SwordsDance,PlayRough,ShadowSneak,ShadowClaw|Jolly||F|||50|]Swampert||Swampertite|Damp|Protect,WaveCrash,HighHorsepower,FlipTurn|Adamant||M|||50|
|showteam|p2|Garchomp||Garchompite|RoughSkin|EarthPower,DracoMeteor,Protect,PowerGem|Modest||F|||50|]Milotic||Leftovers|Competitive|IcyWind,Scald,LifeDew,LightScreen|Modest||F|||50|]Scizor||Scizorite|Technician|SwordsDance,BulletPunch,Roost,BugBite|Adamant||F|||50|]Sinistcha-Masterpiece||SitrusBerry|Hospitality|RagePowder,Protect,TrickRoom,MatchaGotcha|Bold|||||50|]Whimsicott||FocusSash|Prankster|Tailwind,Encore,Protect,Moonblast|Timid||F|||50|]Weavile||WideLens|Pressure|FakeOut,KnockOff,TripleAxel,Protect|Jolly||F|||50|
|inactive|Battle timer is ON: inactive players will automatically lose when time's up. (requested by Slothpk)
|inactive|droqblade has 60 seconds left.
|inactive|Slothpk has 60 seconds left.
|inactive|Slothpk has 30 seconds left.
|
|t:|1785778429
|teamsize|p1|4
|teamsize|p2|4
|start
|switch|p1a: Klefki|Klefki, L50, M|100/100
|switch|p1b: Swampert|Swampert, L50, M|100/100
|switch|p2a: Milotic|Milotic, L50, F|100/100
|switch|p2b: Garchomp|Garchomp, L50, F|100/100
|turn|1
|inactive|Slothpk has 30 seconds left.
|inactive|Slothpk has 20 seconds left.
|inactive|Slothpk has 15 seconds left.
|inactive|Slothpk has 10 seconds left.
|
|t:|1785778479
|detailschange|p1b: Swampert|Swampert-Mega, L50, M
|-mega|p1b: Swampert|Swampert|Swampertite
|move|p1b: Swampert|Protect|p1b: Swampert
|-singleturn|p1b: Swampert|Protect
|move|p1a: Klefki|Reflect|p1a: Klefki
|-sidestart|p1: droqblade|Reflect
|move|p2b: Garchomp|Earth Power|p1a: Klefki
|-supereffective|p1a: Klefki|1
|-damage|p1a: Klefki|10/100
|-unboost|p1a: Klefki|spd|1
|move|p2a: Milotic|Scald|p1a: Klefki
|-damage|p1a: Klefki|0 fnt
|faint|p1a: Klefki
|
|upkeep
|
|t:|1785778492
|switch|p1a: Scizor|Scizor, L50, F|100/100
|turn|2
|inactive|Slothpk has 30 seconds left.
|
|t:|1785778518
|detailschange|p2b: Garchomp|Garchomp-Mega, L50, F
|-mega|p2b: Garchomp|Garchomp|Garchompite
|move|p1b: Swampert|Wave Crash|p2b: Garchomp
|-damage|p2b: Garchomp|45/100
|-damage|p1b: Swampert|77/100|[from] Recoil
|move|p2b: Garchomp|Draco Meteor|p1b: Swampert
|-damage|p1b: Swampert|6/100
|-unboost|p2b: Garchomp|spa|2
|move|p2a: Milotic|Scald|p1b: Swampert
|-damage|p1b: Swampert|0 fnt
|faint|p1b: Swampert
|move|p1a: Scizor|Swords Dance|p1a: Scizor
|-boost|p1a: Scizor|atk|2
|
|upkeep
|
|t:|1785778529
|switch|p1b: Sinistcha|Sinistcha, L50|100/100
|turn|3
|j| Biff6
|
|t:|1785778546
|switch|p2b: Sinistcha|Sinistcha-Masterpiece, L50|100/100
|move|p1a: Scizor|Protect|p1a: Scizor
|-singleturn|p1a: Scizor|Protect
|move|p2a: Milotic|Icy Wind|p1b: Sinistcha|[spread] 
|-activate|p1a: Scizor|move: Protect
|-miss|p2a: Milotic|p1b: Sinistcha
|move|p1b: Sinistcha|Trick Room|p1b: Sinistcha
|-fieldstart|move: Trick Room|[of] p1b: Sinistcha
|
|upkeep
|turn|4
|
|t:|1785778566
|move|p1a: Scizor|Dual Wingbeat|p2b: Sinistcha
|-supereffective|p2b: Sinistcha|1
|-damage|p2b: Sinistcha|33/100
|-enditem|p2b: Sinistcha|Sitrus Berry|[eat]
|-heal|p2b: Sinistcha|58/100|[from] item: Sitrus Berry
|-supereffective|p2b: Sinistcha|1
|-damage|p2b: Sinistcha|0 fnt
|faint|p2b: Sinistcha
|-hitcount|p2: Sinistcha|2
|move|p1b: Sinistcha|Matcha Gotcha|p2a: Milotic
|-supereffective|p2a: Milotic|1
|-damage|p2a: Milotic|48/100
|move|p2a: Milotic|Scald|p1a: Scizor
|-damage|p1a: Scizor|63/100
|
|-heal|p2a: Milotic|54/100|[from] item: Leftovers
|upkeep
|
|t:|1785778577
|switch|p2b: Scizor|Scizor, L50, F|100/100
|turn|5
|inactive|Slothpk has 30 seconds left.
|
|t:|1785778607
|move|p1a: Scizor|Dual Wingbeat|p2b: Scizor
|-damage|p2b: Scizor|53/100
|-damage|p2b: Scizor|4/100
|-hitcount|p2b: Scizor|2
|move|p2b: Scizor|Bug Bite|p1b: Sinistcha
|-damage|p1b: Sinistcha|73/100
|move|p1b: Sinistcha|Strength Sap|p2b: Scizor
|-unboost|p2b: Scizor|atk|1
|-heal|p1b: Sinistcha|100/100
|move|p2a: Milotic|Icy Wind|p1b: Sinistcha|[spread] p1a,p1b
|-resisted|p1a: Scizor|1
|-supereffective|p1b: Sinistcha|1
|-damage|p1a: Scizor|57/100
|-damage|p1b: Sinistcha|80/100
|-unboost|p1a: Scizor|spe|1
|-unboost|p1b: Sinistcha|spe|1
|
|-heal|p2a: Milotic|60/100|[from] item: Leftovers
|upkeep
|turn|6
|
|t:|1785778631
|move|p2b: Scizor|Bullet Punch|p1a: Scizor
|-resisted|p1a: Scizor|1
|-damage|p1a: Scizor|50/100g
|move|p1a: Scizor|Dual Wingbeat|p2a: Milotic
|-damage|p2a: Milotic|19/100
|-damage|p2a: Milotic|0 fnt
|faint|p2a: Milotic
|-hitcount|p2: Milotic|2
|move|p1b: Sinistcha|Matcha Gotcha|p2b: Scizor|[miss]
|-miss|p1b: Sinistcha|p2b: Scizor
|
|upkeep
|
|t:|1785778637
|switch|p2a: Garchomp|Garchomp-Mega, L50, F|45/100
|turn|7
|
|t:|1785778653
|move|p2a: Garchomp|Protect|p2a: Garchomp
|-singleturn|p2a: Garchomp|Protect
|move|p1a: Scizor|Dual Wingbeat|p2a: Garchomp
|-activate|p2a: Garchomp|move: Protect
|move|p1b: Sinistcha|Matcha Gotcha|p2a: Garchomp|[spread] 
|-activate|p2a: Garchomp|move: Protect
|-miss|p1b: Sinistcha|p2b: Scizor
|move|p2b: Scizor|Bug Bite|p1b: Sinistcha
|-damage|p1b: Sinistcha|61/100
|
|-fieldend|move: Trick Room
|upkeep
|turn|8
|
|t:|1785778673
|move|p1b: Sinistcha|Rage Powder|p1b: Sinistcha
|-singleturn|p1b: Sinistcha|move: Rage Powder
|move|p2a: Garchomp|Earth Power|p1b: Sinistcha
|-resisted|p1b: Sinistcha|1
|-damage|p1b: Sinistcha|42/100
|move|p2b: Scizor|Roost|p2b: Scizor
|-heal|p2b: Scizor|54/100
|-singleturn|p2b: Scizor|move: Roost
|move|p1a: Scizor|Dual Wingbeat|p2a: Garchomp
|-damage|p2a: Garchomp|4/100
|-damage|p2a: Garchomp|0 fnt
|faint|p2a: Garchomp
|-hitcount|p2: Garchomp|2
|
|-sideend|p1: droqblade|Reflect
|upkeep
|turn|9
|
|t:|1785778692
|move|p1b: Sinistcha|Rage Powder|p1b: Sinistcha
|-singleturn|p1b: Sinistcha|move: Rage Powder
|move|p2b: Scizor|Bug Bite|p1b: Sinistcha
|-damage|p1b: Sinistcha|13/100
|move|p1a: Scizor|Dual Wingbeat|p2b: Scizor
|-damage|p2b: Scizor|3/100
|-damage|p2b: Scizor|0 fnt
|faint|p2b: Scizor
|-hitcount|p2: Scizor|2
|
|win|droqblade
||Slothpk is ready for game 2.
|inactive|droqblade has 30 seconds to confirm battle start!
||droqblade is ready for game 2.
|uhtml|next|Next: Game 2 of 3
