|j|☆MackleMorelull
|j|☆joey
|html|MackleMorelulljoey    
|uhtml|bestof|Game 1 of a best-of-3
|t:|1784403861
|gametype|doubles
|player|p1|MackleMorelull|worker|
|player|p2|joey|#gcplgrapes|
|gen|9
|tier|[Gen 9 Champions] VGC 2026 Reg M-B (Bo3)
|rule|Species Clause: Limit one of each Pokémon
|rule|Item Clause: Limit 1 of each item
|clearpoke
|poke|p1|Sinistcha, L50|
|poke|p1|Klefki, L50, F|
|poke|p1|Azumarill, L50, M|
|poke|p1|Drampa, L50, F|
|poke|p1|Aerodactyl, L50, M|
|poke|p1|Conkeldurr, L50, M|
|poke|p2|Charizard, L50, F|
|poke|p2|Maushold, L50|
|poke|p2|Annihilape, L50, M|
|poke|p2|Simipour, L50, F, shiny|
|poke|p2|Venusaur, L50, F|
|poke|p2|Skarmory, L50, F|
|teampreview|4
|showteam|p1|Sinistcha||SitrusBerry|Hospitality|LifeDew,RagePowder,MatchaGotcha,TrickRoom|Relaxed|||||50|]Klefki||MentalHerb|Prankster|TrickRoom,LightScreen,DrainingKiss,Reflect|Relaxed||F|||50|]Azumarill||ExpertBelt|HugePower|Liquidation,AquaJet,PlayRough,Protect|Adamant||M|||50|]Drampa||Drampanite|CloudNine|DragonPulse,HyperVoice,Protect,EarthPower|Modest||F|||50|]Aerodactyl||Aerodactylite|Unnerve|RockSlide,DualWingbeat,PsychicFangs,WideGuard|Jolly||M|||50|]Conkeldurr||LifeOrb|IronFist|HammerArm,DrainPunch,RockSlide,KnockOff|Adamant||M|||50|
|showteam|p2|Charizard||CharizarditeY|Blaze|HeatWave,WeatherBall,SolarBeam,Protect|Timid||F|||50|]Maushold||WideLens|FriendGuard|BeatUp,PopulationBomb,FollowMe,Protect|Jolly|||||50|]Annihilape||RoseliBerry|Defiant|RageFist,DrainPunch,BulkUp,Protect|Adamant||M|||50|]Simipour||FocusSash|Torrent|FakeOut,Scald,IcyWind,Protect|Timid||F|||50|]Venusaur||LifeOrb|Chlorophyll|SludgeBomb,GigaDrain,EarthPower,Protect|Modest||F|||50|]Skarmory||Skarmorite|KeenEye|IronHead,BraveBird,SwordsDance,Protect|Jolly||F|||50|
|inactive|Battle timer is ON: inactive players will automatically lose when time's up. (requested by joey)
|inactiveoff|Battle timer is now OFF.
|c|☆joey|gl
|c|☆MackleMorelull|Gl
|c|☆MackleMorelull|No fun
|c|☆joey|nope
|
|t:|1784403905
|teamsize|p1|4
|teamsize|p2|4
|start
|switch|p1a: Great Great Grampa|Aerodactyl, L50, M|100/100
|switch|p1b: Peepaw|Drampa, L50, F|100/100
|switch|p2a: Maustudio|Maushold, L50|100/100
|switch|p2b: Determinate|Annihilape, L50, M|100/100
|-ability|p1a: Great Great Grampa|Unnerve
|-ability|p1b: Peepaw|Cloud Nine
|turn|1
|
|t:|1784403936
|switch|p1b: The Drank|Sinistcha, L50|100/100
|detailschange|p1a: Great Great Grampa|Aerodactyl-Mega, L50, M
|-mega|p1a: Great Great Grampa|Aerodactyl|Aerodactylite
|move|p2b: Determinate|Protect|p2b: Determinate
|-singleturn|p2b: Determinate|Protect
|move|p1a: Great Great Grampa|Rock Slide|p2a: Maustudio|[spread] p2a
|-activate|p2b: Determinate|move: Protect
|-crit|p2a: Maustudio
|-damage|p2a: Maustudio|23/100
|move|p2a: Maustudio|Population Bomb|p1b: The Drank
|-immune|p1b: The Drank
|
|upkeep
|turn|2
|
|t:|1784403961
|move|p1a: Great Great Grampa|Rock Slide|p2b: Determinate|[spread] p2a,p2b
|-resisted|p2b: Determinate|1
|-damage|p2a: Maustudio|0 fnt
|-damage|p2b: Determinate|89/100
|faint|p2a: Maustudio
|move|p2b: Determinate|Rage Fist|p1a: Great Great Grampa
|-crit|p1a: Great Great Grampa
|-damage|p1a: Great Great Grampa|4/100
|move|p1b: The Drank|Matcha Gotcha|p2b: Determinate
|-damage|p2b: Determinate|58/100
|-status|p2b: Determinate|brn
|
|-damage|p2b: Determinate|52/100 brn|[from] brn
|upkeep
|
|t:|1784403985
|switch|p2a: Incineroаr|Simipour, L50, F, shiny|100/100
|turn|3
|
|t:|1784404032
|switch|p1a: Gramp Gramp|Conkeldurr, L50, M|100/100
|switch|p2b: Skam|Skarmory, L50, F|100/100
|switch|p1b: Peepaw|Drampa, L50, F|100/100
|-ability|p1b: Peepaw|Cloud Nine
|move|p2a: Incineroаr|Fake Out|p1a: Gramp Gramp
|-damage|p1a: Gramp Gramp|91/100
|
|upkeep
|turn|4
|
|t:|1784404062
|switch|p2a: Determinate|Annihilape, L50, M|52/100 brn
|detailschange|p2b: Skam|Skarmory-Mega, L50, F
|-mega|p2b: Skam|Skarmory|Skarmorite
|move|p2b: Skam|Brave Bird|p1a: Gramp Gramp
|-supereffective|p1a: Gramp Gramp|1
|-damage|p1a: Gramp Gramp|0 fnt
|faint|p1a: Gramp Gramp
|-damage|p2b: Skam|54/100|[from] Recoil
|move|p1b: Peepaw|Dragon Pulse|p2a: Determinate
|-damage|p2a: Determinate|11/100 brn
|
|-damage|p2a: Determinate|5/100 brn|[from] brn
|upkeep
|
|t:|1784404074
|switch|p1a: Great Great Grampa|Aerodactyl-Mega, L50, M|4/100
|turn|5
|
|t:|1784404101
|switch|p1b: The Drank|Sinistcha, L50|100/100
|-heal|p1a: Great Great Grampa|29/100|[from] ability: Hospitality|[of] p1b: The Drank
|move|p2b: Skam|Protect|p2b: Skam
|-singleturn|p2b: Skam|Protect
|move|p1a: Great Great Grampa|Rock Slide|p2a: Determinate|[spread] p2a
|-activate|p2b: Skam|move: Protect
|-resisted|p2a: Determinate|1
|-damage|p2a: Determinate|0 fnt
|faint|p2a: Determinate
|
|upkeep
|
|t:|1784404110
|switch|p2a: Incineroаr|Simipour, L50, F, shiny|100/100
|turn|6
|
|t:|1784404154
|move|p2a: Incineroаr|Fake Out|p1a: Great Great Grampa
|-resisted|p1a: Great Great Grampa|1
|-damage|p1a: Great Great Grampa|24/100
|cant|p1a: Great Great Grampa|flinch
|move|p2b: Skam|Iron Head|p1a: Great Great Grampa
|-supereffective|p1a: Great Great Grampa|1
|-damage|p1a: Great Great Grampa|0 fnt
|faint|p1a: Great Great Grampa
|move|p1b: The Drank|Matcha Gotcha|p2a: Incineroаr|[spread] p2a,p2b
|-supereffective|p2a: Incineroаr|1
|-resisted|p2b: Skam|2
|-damage|p2a: Incineroаr|25/100
|-damage|p2b: Skam|47/100
|
|upkeep
|
|t:|1784404161
|switch|p1a: Peepaw|Drampa, L50, F|100/100
|-ability|p1a: Peepaw|Cloud Nine
|turn|7
|
|t:|1784404194
|move|p2b: Skam|Iron Head|p1a: Peepaw
|-damage|p1a: Peepaw|49/100
|move|p2a: Incineroаr|Icy Wind|p1a: Peepaw|[spread] p1a,p1b
|-supereffective|p1a: Peepaw|1
|-supereffective|p1b: The Drank|1
|-damage|p1a: Peepaw|29/100
|-damage|p1b: The Drank|74/100
|-unboost|p1a: Peepaw|spe|1
|-unboost|p1b: The Drank|spe|1
|move|p1b: The Drank|Matcha Gotcha|p2a: Incineroаr|[spread] p2b
|-miss|p1b: The Drank|p2a: Incineroаr
|-resisted|p2b: Skam|2
|-damage|p2b: Skam|40/100
|-heal|p1b: The Drank|77/100|[from] drain|[of] p2b: Skam
|cant|p1a: Peepaw|flinch
|
|upkeep
|turn|8
|c|☆MackleMorelull|Killin myself
|
|t:|1784404239
|move|p1a: Peepaw|Protect|p1a: Peepaw
|-singleturn|p1a: Peepaw|Protect
|move|p2b: Skam|Iron Head|p1a: Peepaw
|-activate|p1a: Peepaw|move: Protect
|move|p2a: Incineroаr|Icy Wind|p1a: Peepaw|[spread] p1b
|-activate|p1a: Peepaw|move: Protect
|-supereffective|p1b: The Drank|1
|-damage|p1b: The Drank|49/100
|-unboost|p1b: The Drank|spe|1
|-enditem|p1b: The Drank|Sitrus Berry|[eat]
|-heal|p1b: The Drank|74/100|[from] item: Sitrus Berry
|move|p1b: The Drank|Trick Room|p1b: The Drank
|-fieldstart|move: Trick Room|[of] p1b: The Drank
|
|upkeep
|turn|9
|
|t:|1784404264
|move|p2b: Skam|Protect|p2b: Skam
|-singleturn|p2b: Skam|Protect
|move|p1a: Peepaw|Dragon Pulse|p2a: Incineroаr
|-damage|p2a: Incineroаr|0 fnt
|faint|p2a: Incineroаr
|move|p1b: The Drank|Life Dew|p1b: The Drank|[spread] p1a,p1b
|-heal|p1a: Peepaw|54/100
|-heal|p1b: The Drank|99/100
|
|upkeep
|turn|10
|
|t:|1784404280
|move|p1a: Peepaw|Dragon Pulse|p2b: Skam
|-resisted|p2b: Skam|1
|-damage|p2b: Skam|10/100
|move|p1b: The Drank|Matcha Gotcha|p2b: Skam
|-resisted|p2b: Skam|2
|-damage|p2b: Skam|1/100
|-heal|p1b: The Drank|100/100|[from] drain|[of] p2b: Skam
|move|p2b: Skam|Brave Bird|p1b: The Drank
|-supereffective|p1b: The Drank|1
|-damage|p1b: The Drank|1/100
|-damage|p2b: Skam|0 fnt|[from] Recoil
|faint|p2b: Skam
|
|win|MackleMorelull
||joey is ready for game 2.
|inactive|MackleMorelull has 30 seconds to confirm battle start!
||MackleMorelull is ready for game 2.
|uhtml|next|Next: Game 2 of 3
