|j|☆SeptemberCup
|j|☆oscraft89
|html|SeptemberCuposcraft89    
|uhtml|bestof|Game 1 of a best-of-3
|t:|1757207972
|gametype|doubles
|player|p1|SeptemberCup|colress|1151
|player|p2|oscraft89|101|1227
|gen|9
|tier|[Gen 9] VGC 2025 Reg H (Bo3)
|rated|
|rule|Species Clause: Limit one of each Pokémon
|rule|Item Clause: Limit 1 of each item
|clearpoke
|poke|p1|Spewpa, L50, F|
|poke|p1|Malamar, L50, F|
|poke|p1|Drifblim, L50, M|
|poke|p1|Indeedee, L50, M|
|poke|p1|Excadrill, L50, M|
|poke|p1|Tyranitar, L50, M|
|poke|p2|Porygon2, L50|
|poke|p2|Incineroar, L50, M|
|poke|p2|Jumpluff, L50, F|
|poke|p2|Charizard, L50, F|
|poke|p2|Ursaluna, L50, F|
|poke|p2|Torkoal, L50, F|
|teampreview|4
|showteam|p1|Spewpa||Eviolite|FriendGuard|RagePowder,StringShot,StruggleBug,Protect|||F|||50|,,,,,Water]Malamar||CovertCloak|Contrary|Superpower,KnockOff,TopsyTurvy,Protect|||F|||50|,,,,,Poison]Drifblim||PsychicSeed|Unburden|Minimize,BatonPass,ShadowBall,Tailwind|||M|||50|,,,,,Dark]Indeedee||ChoiceSpecs|PsychicSurge|ExpandingForce,DazzlingGleam,TeraBlast,Trick|||M|||50|,,,,,Fighting]Excadrill||FocusSash|SandRush|HighHorsepower,IronHead,Earthquake,Protect|||M|||50|,,,,,Stellar]Tyranitar||AssaultVest|SandStream|TeraBlast,RockSlide,KnockOff,LowKick|||M|||50|,,,,,Flying
|showteam|p2|Porygon2||Eviolite|Download|TeraBlast,IceBeam,Recover,TrickRoom||||||50|,,,,,Fighting]Incineroar||SitrusBerry|Intimidate|FakeOut,FlareBlitz,KnockOff,PartingShot|||M|||50|,,,,,Ghost]Jumpluff||CovertCloak|Chlorophyll|SleepPowder,Tailwind,SunnyDay,RagePowder|||F|||50|,,,,,Water]Charizard||ChoiceSpecs|SolarPower|HeatWave,WeatherBall,DragonPulse,Overheat|||F|||50|,,,,,Ghost]Ursaluna||FlameOrb|Guts|Protect,Earthquake,HeadlongRush,Facade|||F|||50|,,,,,Ghost]Torkoal||EjectPack|Drought|Eruption,Overheat,HelpingHand,Protect|||F|||50|,,,,,Fire
|c|☆oscraft89|my best friend malamar
|c|☆SeptemberCup|It's the coolest :)
|
|t:|1757208006
|teamsize|p1|4
|teamsize|p2|4
|start
|switch|p1a: CONFETI!!!|Spewpa, L50, F, shiny|100/100
|switch|p1b: My frien :)|Malamar, L50, F|100/100
|switch|p2a: Porygon2|Porygon2, L50|100/100
|switch|p2b: Incineroar|Incineroar, L50, M|100/100
|-ability|p2b: Incineroar|Intimidate|boost
|-unboost|p1a: CONFETI!!!|atk|1
|-boost|p1b: My frien :)|atk|1
|-ability|p2a: Porygon2|Download|boost
|-boost|p2a: Porygon2|spa|1
|turn|1
|c|☆SeptemberCup|glhf
|
|t:|1757208025
|move|p2b: Incineroar|Fake Out|p1b: My frien :)
|-damage|p1b: My frien :)|91/100
|move|p1b: My frien :)|Superpower|p2a: Porygon2
|-supereffective|p2a: Porygon2
|-crit|p2a: Porygon2
|-damage|p2a: Porygon2|18/100
|-boost|p1b: My frien :)|atk|1
|-boost|p1b: My frien :)|def|1
|move|p1a: CONFETI!!!|Struggle Bug|p2a: Porygon2|[spread] p2a,p2b
|-damage|p2a: Porygon2|15/100
|-damage|p2b: Incineroar|95/100
|-unboost|p2a: Porygon2|spa|1
|-unboost|p2b: Incineroar|spa|1
|move|p2a: Porygon2|Trick Room|p2a: Porygon2
|-fieldstart|move: Trick Room|[of] p2a: Porygon2
|
|upkeep
|turn|2
|
|t:|1757208041
|move|p1a: CONFETI!!!|Struggle Bug|p2b: Incineroar|[spread] p2a,p2b
|-damage|p2a: Porygon2|12/100
|-damage|p2b: Incineroar|90/100
|-unboost|p2a: Porygon2|spa|1
|-unboost|p2b: Incineroar|spa|1
|move|p2a: Porygon2|Tera Blast|p1a: CONFETI!!!
|-damage|p1a: CONFETI!!!|68/100
|move|p2b: Incineroar|Flare Blitz|p1a: CONFETI!!!
|-supereffective|p1a: CONFETI!!!
|-damage|p1a: CONFETI!!!|0 fnt
|faint|p1a: CONFETI!!!
|-damage|p2b: Incineroar|74/100|[from] Recoil
|move|p1b: My frien :)|Superpower|p2a: Porygon2
|-supereffective|p2a: Porygon2
|-damage|p2a: Porygon2|0 fnt
|-boost|p1b: My frien :)|atk|1
|-boost|p1b: My frien :)|def|1
|faint|p2a: Porygon2
|
|upkeep
|
|t:|1757208054
|switch|p1a: Malachite|Tyranitar, L50, M|100/100
|switch|p2a: Torkoal|Torkoal, L50, F|100/100
|-weather|SunnyDay|[from] ability: Drought|[of] p2a: Torkoal
|-weather|Sandstorm|[from] ability: Sand Stream|[of] p1a: Malachite
|turn|3
|
|t:|1757208063
|-terastallize|p2a: Torkoal|Fire
|move|p2a: Torkoal|Overheat|p1b: My frien :)
|-damage|p1b: My frien :)|14/100
|-unboost|p2a: Torkoal|spa|2
|-enditem|p2a: Torkoal|Eject Pack
|
|t:|1757208068
|switch|p2a: Ursaluna|Ursaluna, L50, F|100/100
|move|p1a: Malachite|Rock Slide|p2b: Incineroar|[spread] p2a,p2b
|-resisted|p2a: Ursaluna
|-supereffective|p2b: Incineroar
|-damage|p2a: Ursaluna|89/100
|-damage|p2b: Incineroar|10/100
|-enditem|p2b: Incineroar|Sitrus Berry|[eat]
|-heal|p2b: Incineroar|35/100|[from] item: Sitrus Berry
|cant|p2b: Incineroar|flinch
|move|p1b: My frien :)|Superpower|p2a: Ursaluna
|-supereffective|p2a: Ursaluna
|-damage|p2a: Ursaluna|0 fnt
|-boost|p1b: My frien :)|atk|1
|-boost|p1b: My frien :)|def|1
|faint|p2a: Ursaluna
|
|-weather|Sandstorm|[upkeep]
|-damage|p2b: Incineroar|29/100|[from] Sandstorm
|-damage|p1b: My frien :)|8/100|[from] Sandstorm
|upkeep
|
|t:|1757208079
|switch|p2a: Torkoal|Torkoal, L50, F, tera:Fire|100/100
|-weather|SunnyDay|[from] ability: Drought|[of] p2a: Torkoal
|turn|4
|
|t:|1757208085
|switch|p1a: Kamina|Excadrill, L50, M|100/100
|move|p1b: My frien :)|Protect|p1b: My frien :)
|-singleturn|p1b: My frien :)|Protect
|move|p2a: Torkoal|Eruption|p1b: My frien :)|[spread] p1a
|-activate|p1b: My frien :)|move: Protect
|-supereffective|p1a: Kamina
|-enditem|p1a: Kamina|Focus Sash
|-damage|p1a: Kamina|1/100
|move|p2b: Incineroar|Flare Blitz|p1a: Kamina
|-supereffective|p1a: Kamina
|-damage|p1a: Kamina|0 fnt
|faint|p1a: Kamina
|-damage|p2b: Incineroar|29/100|[from] Recoil
|
|-weather|SunnyDay|[upkeep]
|upkeep
|
|t:|1757208087
|switch|p1a: Malachite|Tyranitar, L50, M|100/100
|-weather|Sandstorm|[from] ability: Sand Stream|[of] p1a: Malachite
|turn|5
|
|t:|1757208092
|move|p2a: Torkoal|Eruption|p1b: My frien :)|[spread] p1a,p1b
|-resisted|p1a: Malachite
|-damage|p1a: Malachite|89/100
|-damage|p1b: My frien :)|0 fnt
|faint|p1b: My frien :)
|move|p1a: Malachite|Rock Slide|p2b: Incineroar|[spread] p2a,p2b
|-supereffective|p2a: Torkoal
|-supereffective|p2b: Incineroar
|-damage|p2a: Torkoal|45/100
|-damage|p2b: Incineroar|0 fnt
|faint|p2b: Incineroar
|
|-weather|Sandstorm|[upkeep]
|-damage|p2a: Torkoal|39/100|[from] Sandstorm
|-fieldend|move: Trick Room
|upkeep
|turn|6
|
|t:|1757208099
|move|p1a: Malachite|Rock Slide|p2a: Torkoal
|-supereffective|p2a: Torkoal
|-crit|p2a: Torkoal
|-damage|p2a: Torkoal|0 fnt
|faint|p2a: Torkoal
|
|win|SeptemberCup
||oscraft89 is ready for game 2.
||SeptemberCup is ready for game 2.
|uhtml|next|Next: Game 2 of 3
|l|☆oscraft89
|player|p2|
