|j|☆lazywarlock
|j|☆Gen4lover2
|html|lazywarlockGen4lover2    
|uhtml|bestof|Game 2 of a best-of-3
|t:|1785784793
|gametype|doubles
|player|p1|lazywarlock|101|1349
|player|p2|Gen4lover2|wallace|1249
|gen|9
|tier|[Gen 9 Champions] VGC 2026 Reg M-B (Bo3)
|rated|
|rule|Species Clause: Limit one of each Pokémon
|rule|Item Clause: Limit 1 of each item
|clearpoke
|poke|p1|Raichu, L50, M|
|poke|p1|Sylveon, L50, M|
|poke|p1|Aerodactyl, L50, F|
|poke|p1|Kingambit, L50, F|
|poke|p1|Basculegion, L50, M|
|poke|p1|Sneasler, L50, M|
|poke|p2|Tyranitar, L50, M|
|poke|p2|Excadrill, L50, F|
|poke|p2|Staraptor, L50, F|
|poke|p2|Milotic, L50, F|
|poke|p2|Gholdengo, L50|
|poke|p2|Sinistcha-Masterpiece, L50|
|teampreview|4
|showteam|p1|Raichu||RaichuniteY|LightningRod|ZapCannon,FocusBlast,FakeOut,Protect|Timid||M|||50|]Sylveon||FairyFeather|Pixilate|HyperVoice,HyperBeam,QuickAttack,Protect|Modest||M|||50|]Aerodactyl||Aerodactylite|Unnerve|DualWingbeat,RockSlide,Tailwind,IceFang|Jolly||F|||50|]Kingambit||LifeOrb|Defiant|KowtowCleave,SuckerPunch,SwordsDance,Protect|Adamant||F|||50|]Basculegion||MysticWater|Adaptability|WaveCrash,LastRespects,AquaJet,Protect|Adamant||M|||50|]Sneasler||FocusSash|PoisonTouch|PoisonJab,FakeOut,CloseCombat,QuickAttack|Jolly||M|||50|
|showteam|p2|Tyranitar||Tyranitarite|SandStream|RockSlide,KnockOff,LowKick,Protect|Adamant||M|||50|]Excadrill||FocusSash|SandRush|HighHorsepower,IronHead,RockSlide,Protect|Adamant||F|||50|]Staraptor||Staraptite|Intimidate|BraveBird,CloseCombat,Tailwind,Protect|Jolly||F|||50|]Milotic||SitrusBerry|Competitive|Scald,IceBeam,Recover,Protect|Modest||F|||50|]Gholdengo||LifeOrb|GoodasGold|MakeItRain,ShadowBall,NastyPlot,Protect|Modest|||||50|]Sinistcha-Masterpiece||ColburBerry|Hospitality|MatchaGotcha,RagePowder,TrickRoom,Protect|Relaxed|||||50|
|inactive|Battle timer is ON: inactive players will automatically lose when time's up. (requested by Gen4lover2)
|inactive|Gen4lover2 has 60 seconds left.
|inactive|lazywarlock has 60 seconds left.
|
|t:|1785784840
|teamsize|p1|4
|teamsize|p2|4
|start
|switch|p1a: Sneasler|Sneasler, L50, M|100/100
|switch|p1b: Basculegion|Basculegion, L50, M|100/100
|switch|p2a: Staraptor|Staraptor, L50, F|100/100
|switch|p2b: Gholdengo|Gholdengo, L50|100/100
|-ability|p2a: Staraptor|Intimidate|boost
|-unboost|p1a: Sneasler|atk|1
|-unboost|p1b: Basculegion|atk|1
|turn|1
|
|t:|1785784863
|move|p1a: Sneasler|Fake Out|p2a: Staraptor
|-damage|p2a: Staraptor|87/100
|-status|p2a: Staraptor|psn|[from] ability: Poison Touch|[of] p1a: Sneasler
|cant|p2a: Staraptor|flinch
|move|p2b: Gholdengo|Shadow Ball|p1b: Basculegion
|-supereffective|p1b: Basculegion|1
|-damage|p1b: Basculegion|0 fnt
|faint|p1b: Basculegion
|-damage|p2b: Gholdengo|90/100|[from] item: Life Orb
|
|-damage|p2a: Staraptor|75/100 psn|[from] psn
|upkeep
|
|t:|1785784874
|switch|p1b: Raichu|Raichu, L50, M|100/100
|turn|2
|
|t:|1785784892
|switch|p2a: Sinistcha|Sinistcha-Masterpiece, L50|100/100
|-heal|p2b: Gholdengo|100/100|[from] ability: Hospitality|[of] p2a: Sinistcha
|detailschange|p1b: Raichu|Raichu-Mega-Y, L50, M
|-mega|p1b: Raichu|Raichu|Raichunite Y
|move|p2b: Gholdengo|Protect|p2b: Gholdengo
|-singleturn|p2b: Gholdengo|Protect
|move|p1b: Raichu|Zap Cannon|p2b: Gholdengo
|-activate|p2b: Gholdengo|move: Protect
|move|p1a: Sneasler|Poison Jab|p2a: Sinistcha
|-crit|p2a: Sinistcha
|-damage|p2a: Sinistcha|47/100
|-status|p2a: Sinistcha|psn|[from] ability: Poison Touch|[of] p1a: Sneasler
|
|-damage|p2a: Sinistcha|35/100 psn|[from] psn
|upkeep
|turn|3
|inactive|lazywarlock has 30 seconds left.
|
|t:|1785784918
|switch|p1a: Sylveon|Sylveon, L50, M|100/100
|move|p2a: Sinistcha|Rage Powder|p2a: Sinistcha
|-singleturn|p2a: Sinistcha|move: Rage Powder
|move|p1b: Raichu|Zap Cannon|p2a: Sinistcha
|-resisted|p2a: Sinistcha|1
|-damage|p2a: Sinistcha|4/100 psn
|move|p2b: Gholdengo|Make It Rain|p1b: Raichu|[spread] p1a,p1b
|-supereffective|p1a: Sylveon|1
|-resisted|p1b: Raichu|1
|-damage|p1a: Sylveon|12/100
|-damage|p1b: Raichu|60/100
|-unboost|p2b: Gholdengo|spa|2
|-damage|p2b: Gholdengo|90/100|[from] item: Life Orb
|
|-damage|p2a: Sinistcha|0 fnt|[from] psn
|faint|p2a: Sinistcha
|upkeep
|
|t:|1785784934
|switch|p2a: Tyranitar|Tyranitar, L50, M|100/100
|-weather|Sandstorm|[from] ability: Sand Stream|[of] p2a: Tyranitar
|turn|4
|
|t:|1785784951
|switch|p1a: Sneasler|Sneasler, L50, M|100/100
|move|p2a: Tyranitar|Protect|p2a: Tyranitar
|-singleturn|p2a: Tyranitar|Protect
|move|p1b: Raichu|Focus Blast|p2a: Tyranitar
|-activate|p2a: Tyranitar|move: Protect
|move|p2b: Gholdengo|Make It Rain|p1b: Raichu|[spread] p1a,p1b
|-resisted|p1b: Raichu|1
|-damage|p1a: Sneasler|54/100
|-damage|p1b: Raichu|39/100
|-unboost|p2b: Gholdengo|spa|2
|-damage|p2b: Gholdengo|81/100|[from] item: Life Orb
|
|-weather|Sandstorm|[upkeep]
|-damage|p1b: Raichu|33/100|[from] Sandstorm
|-damage|p1a: Sneasler|49/100|[from] Sandstorm
|upkeep
|turn|5
|
|t:|1785784976
|switch|p2a: Staraptor|Staraptor, L50, F|75/100 psn
|-ability|p2a: Staraptor|Intimidate|boost
|-unboost|p1a: Sneasler|atk|1
|-unboost|p1b: Raichu|atk|1
|move|p1b: Raichu|Zap Cannon|p2b: Gholdengo
|-damage|p2b: Gholdengo|13/100
|-status|p2b: Gholdengo|par
|move|p1a: Sneasler|Close Combat|p2a: Staraptor
|-damage|p2a: Staraptor|23/100 psn
|-unboost|p1a: Sneasler|def|1
|-unboost|p1a: Sneasler|spd|1
|move|p2b: Gholdengo|Shadow Ball|p1b: Raichu
|-damage|p1b: Raichu|5/100
|-damage|p2b: Gholdengo|4/100 par|[from] item: Life Orb
|
|-weather|Sandstorm|[upkeep]
|-damage|p1b: Raichu|0 fnt|[from] Sandstorm
|-damage|p1a: Sneasler|43/100|[from] Sandstorm
|-damage|p2a: Staraptor|17/100 psn|[from] Sandstorm
|faint|p1b: Raichu
|-damage|p2a: Staraptor|5/100 psn|[from] psn
|upkeep
|
|t:|1785784997
|switch|p1b: Sylveon|Sylveon, L50, M|12/100
|turn|6
|
|t:|1785785021
|move|p1a: Sneasler|Close Combat|p2a: Staraptor
|-damage|p2a: Staraptor|0 fnt
|-unboost|p1a: Sneasler|def|1
|-unboost|p1a: Sneasler|spd|1
|faint|p2a: Staraptor
|move|p1b: Sylveon|Hyper Voice|p2b: Gholdengo
|-resisted|p2b: Gholdengo|1
|-damage|p2b: Gholdengo|0 fnt
|faint|p2b: Gholdengo
|
|-weather|Sandstorm|[upkeep]
|-damage|p1a: Sneasler|37/100|[from] Sandstorm
|-damage|p1b: Sylveon|6/100|[from] Sandstorm
|upkeep
|
|t:|1785785025
|switch|p2b: Tyranitar|Tyranitar, L50, M|100/100
|turn|7
|
|t:|1785785037
|detailschange|p2b: Tyranitar|Tyranitar-Mega, L50, M
|-mega|p2b: Tyranitar|Tyranitar|Tyranitarite
|move|p1a: Sneasler|Close Combat|p2b: Tyranitar
|-supereffective|p2b: Tyranitar|2
|-damage|p2b: Tyranitar|0 fnt
|-unboost|p1a: Sneasler|def|1
|-unboost|p1a: Sneasler|spd|1
|faint|p2b: Tyranitar
|
|win|lazywarlock
|l|☆Gen4lover2
|player|p2|
||lazywarlock is ready for game 3.
|inactive|Gen4lover2 has 30 seconds to confirm battle start!
|j|☆Gen4lover2
|player|p2|Gen4lover2|wallace|
