|j|☆higigig
|j|☆BestBoi9898
|html|higigigBestBoi9898    
|uhtml|bestof|Game 1 of a best-of-3
|t:|1756712972
|gametype|doubles
|player|p1|higigig|sisandbro|1137
|player|p2|BestBoi9898|101|1090
|gen|9
|tier|[Gen 9] VGC 2025 Reg H (Bo3)
|rated|
|rule|Species Clause: Limit one of each Pokémon
|rule|Item Clause: Limit 1 of each item
|clearpoke
|poke|p1|Sneasler, L50, M|
|poke|p1|Gholdengo, L50|
|poke|p1|Amoonguss, L50, F|
|poke|p1|Incineroar, L50, F|
|poke|p1|Ursaluna-Bloodmoon, L50, M|
|poke|p1|Farigiraf, L50, F|
|poke|p2|Tyranitar, L50, M|
|poke|p2|Excadrill, L50, M|
|poke|p2|Amoonguss, L50, F|
|poke|p2|Salamence, L50, F|
|poke|p2|Rotom-Heat, L50|
|poke|p2|Primarina, L50, F|
|teampreview|4
|showteam|p1|Sneasler||ClearAmulet|PoisonTouch|FakeOut,CloseCombat,DireClaw,Protect|||M|||50|,,,,,Water]Gholdengo||MetalCoat|GoodasGold|NastyPlot,MakeItRain,ShadowBall,Protect||||||50|,,,,,Water]Amoonguss||MentalHerb|Regenerator|Spore,RagePowder,PollenPuff,Protect|||F|||50|,,,,,Water]Incineroar||SafetyGoggles|Intimidate|FakeOut,FlareBlitz,KnockOff,PartingShot|||F|||50|,,,,,Ghost]Ursaluna-Bloodmoon||LifeOrb|MindsEye|CalmMind,HyperVoice,EarthPower,BloodMoon|||M|||50|,,,,,Poison]Farigiraf||ThroatSpray|ArmorTail|HyperVoice,Psychic,TrickRoom,Protect|||F|||50|,,,,,Dragon
|showteam|p2|Tyranitar||AssaultVest|SandStream|RockSlide,KnockOff,TeraBlast,LowKick|||M|||50|,,,,,Flying]Excadrill||ClearAmulet|SandRush|Earthquake,IronHead,RockSlide,Protect|||M|||50|,,,,,Ground]Amoonguss||SitrusBerry|Regenerator|RagePowder,PollenPuff,Spore,Protect|||F|||50|,,,,,Water]Salamence||LifeOrb|Intimidate|AirSlash,DracoMeteor,Tailwind,Protect|||F|||50|,,,,,Poison]Rotom-Heat||SafetyGoggles|Levitate|Overheat,Thunderbolt,WillOWisp,Protect||||||50|,,,,,Electric]Primarina||ThroatSpray|LiquidVoice|Moonblast,HyperVoice,Haze,Protect|||F|||50|,,,,,Grass
|inactive|Battle timer is ON: inactive players will automatically lose when time's up. (requested by higigig)
|inactive|higigig has 60 seconds left.
|inactive|BestBoi9898 has 60 seconds left.
|inactive|higigig has 30 seconds left.
|
|t:|1756713036
|teamsize|p1|4
|teamsize|p2|4
|start
|switch|p1a: Sneasler|Sneasler, L50, M|100/100
|switch|p1b: Ursaluna|Ursaluna-Bloodmoon, L50, M|100/100
|switch|p2a: Excadrill|Excadrill, L50, M|100/100
|switch|p2b: Amoonguss|Amoonguss, L50, F|100/100
|turn|1
|inactive|higigig has 30 seconds left.
|inactive|BestBoi9898 has 30 seconds left.
|inactive|higigig has 20 seconds left.
|
|t:|1756713073
|move|p2b: Amoonguss|Protect|p2b: Amoonguss
|-singleturn|p2b: Amoonguss|Protect
|move|p1a: Sneasler|Fake Out|p2b: Amoonguss
|-activate|p2b: Amoonguss|move: Protect
|move|p2a: Excadrill|Rock Slide|p1b: Ursaluna|[spread] p1a,p1b
|-resisted|p1a: Sneasler
|-resisted|p1b: Ursaluna
|-damage|p1a: Sneasler|83/100
|-damage|p1b: Ursaluna|94/100
|cant|p1b: Ursaluna|flinch
|
|upkeep
|turn|2
|inactive|higigig has 30 seconds left.
|inactive|BestBoi9898 has 30 seconds left.
|
|t:|1756713103
|switch|p1b: Amoonguss|Amoonguss, L50, F|100/100
|switch|p2b: Tyranitar|Tyranitar, L50, M|100/100
|-weather|Sandstorm|[from] ability: Sand Stream|[of] p2b: Tyranitar
|move|p1a: Sneasler|Protect|p1a: Sneasler
|-singleturn|p1a: Sneasler|Protect
|move|p2a: Excadrill|Earthquake|p1a: Sneasler|[spread] p2b,p1b
|-activate|p1a: Sneasler|move: Protect
|-supereffective|p2b: Tyranitar
|-damage|p2b: Tyranitar|41/100
|-damage|p1b: Amoonguss|67/100
|
|-weather|Sandstorm|[upkeep]
|-damage|p1a: Sneasler|77/100|[from] Sandstorm
|-damage|p1b: Amoonguss|61/100|[from] Sandstorm
|upkeep
|turn|3
|inactive|BestBoi9898 has 30 seconds left.
|inactive|BestBoi9898 has 20 seconds left.
|inactive|BestBoi9898 has 15 seconds left.
|inactive|BestBoi9898 has 10 seconds left.
|inactive|BestBoi9898 has 5 seconds left.
|
|t:|1756713157
|-terastallize|p1a: Sneasler|Water
|-terastallize|p2b: Tyranitar|Flying
|move|p2a: Excadrill|Earthquake|p1b: Amoonguss|[spread] p1a,p1b
|-immune|p2b: Tyranitar
|-damage|p1a: Sneasler|15/100
|-damage|p1b: Amoonguss|25/100
|move|p1a: Sneasler|Close Combat|p2a: Excadrill
|-supereffective|p2a: Excadrill
|-damage|p2a: Excadrill|0 fnt
|-unboost|p1a: Sneasler|def|1
|-unboost|p1a: Sneasler|spd|1
|faint|p2a: Excadrill
|move|p2b: Tyranitar|Tera Blast|p1b: Amoonguss|[anim] Tera Blast Flying
|-supereffective|p1b: Amoonguss
|-damage|p1b: Amoonguss|0 fnt
|faint|p1b: Amoonguss
|
|-weather|Sandstorm|[upkeep]
|-damage|p1a: Sneasler|9/100|[from] Sandstorm
|-damage|p2b: Tyranitar|35/100|[from] Sandstorm
|upkeep
|inactive|higigig has 30 seconds left.
|inactive|BestBoi9898 has 30 seconds left.
|
|t:|1756713183
|switch|p2a: Amoonguss|Amoonguss, L50, F|100/100
|switch|p1b: Incineroar|Incineroar, L50, F|100/100
|-ability|p1b: Incineroar|Intimidate|boost
|-unboost|p2a: Amoonguss|atk|1
|-unboost|p2b: Tyranitar|atk|1
|turn|4
|
|t:|1756713199
|switch|p2a: Rotom|Rotom-Heat, L50|100/100
|move|p1a: Sneasler|Dire Claw|p2b: Tyranitar
|-damage|p2b: Tyranitar|0 fnt
|faint|p2b: Tyranitar
|move|p1b: Incineroar|Flare Blitz|p2a: Rotom
|-resisted|p2a: Rotom
|-damage|p2a: Rotom|72/100
|-damage|p1b: Incineroar|94/100|[from] Recoil
|
|-weather|Sandstorm|[upkeep]
|-damage|p1a: Sneasler|4/100|[from] Sandstorm
|upkeep
|
|t:|1756713210
|switch|p2b: Amoonguss|Amoonguss, L50, F|100/100
|turn|5
|
|t:|1756713224
|move|p2b: Amoonguss|Protect|p2b: Amoonguss
|-singleturn|p2b: Amoonguss|Protect
|move|p1a: Sneasler|Close Combat|p2a: Rotom
|-damage|p2a: Rotom|1/100
|-unboost|p1a: Sneasler|def|1
|-unboost|p1a: Sneasler|spd|1
|move|p2a: Rotom|Thunderbolt|p1b: Incineroar
|-damage|p1b: Incineroar|56/100
|move|p1b: Incineroar|Flare Blitz|p2b: Amoonguss
|-activate|p2b: Amoonguss|move: Protect
|
|-weather|Sandstorm|[upkeep]
|-damage|p1a: Sneasler|0 fnt|[from] Sandstorm
|-damage|p2b: Amoonguss|95/100|[from] Sandstorm
|faint|p1a: Sneasler
|upkeep
|
|t:|1756713235
|switch|p1a: Ursaluna|Ursaluna-Bloodmoon, L50, M|94/100
|turn|6
|inactive|BestBoi9898 has 30 seconds left.
|
|t:|1756713270
|move|p2a: Rotom|Thunderbolt|p1b: Incineroar
|-damage|p1b: Incineroar|23/100
|move|p1a: Ursaluna|Blood Moon|p2b: Amoonguss
|-damage|p2b: Amoonguss|16/100
|-enditem|p2b: Amoonguss|Sitrus Berry|[eat]
|-heal|p2b: Amoonguss|41/100|[from] item: Sitrus Berry
|-damage|p1a: Ursaluna|84/100|[from] item: Life Orb
|move|p1b: Incineroar|Knock Off|p2a: Rotom
|-damage|p2a: Rotom|0 fnt
|-enditem|p2a: Rotom|Safety Goggles|[from] move: Knock Off|[of] p1b: Incineroar
|faint|p2a: Rotom
|move|p2b: Amoonguss|Spore|p1a: Ursaluna
|-status|p1a: Ursaluna|slp|[from] move: Spore
|
|-weather|none
|upkeep
|turn|7
|-message|BestBoi9898 forfeited.
|
|win|higigig
