|j|☆Tryingcosas
|j|☆mygreat
|html|Tryingcosasmygreat    
|uhtml|bestof|Game 1 of a best-of-3
|t:|1783161801
|gametype|doubles
|player|p1|Tryingcosas|169|1148
|player|p2|mygreat|veteran|1184
|gen|9
|tier|[Gen 9 Champions] VGC 2026 Reg M-B (Bo3)
|rated|
|rule|Species Clause: Limit one of each Pokémon
|rule|Item Clause: Limit 1 of each item
|clearpoke
|poke|p1|Mawile, L50, F, shiny|
|poke|p1|Farigiraf, L50, M, shiny|
|poke|p1|Incineroar, L50, M|
|poke|p1|Froslass, L50, F|
|poke|p1|Lycanroc-Dusk, L50, M|
|poke|p1|Sneasler, L50, M|
|poke|p2|Aerodactyl, L50, M|
|poke|p2|Charizard, L50, F|
|poke|p2|Garchomp, L50, M|
|poke|p2|Sylveon, L50, M|
|poke|p2|Kingambit, L50, M|
|poke|p2|Basculegion, L50, M|
|teampreview|4
|showteam|p1|Mawile||Mawilite|HyperCutter|IronHead,PlayRough,SuckerPunch,Protect|Brave||F|||50|]Farigiraf||SitrusBerry|ArmorTail|GrassKnot,TrickRoom,HelpingHand,Psychic|Bold||M|||50|]Incineroar||PasshoBerry|Intimidate|FakeOut,DarkestLariat,FlareBlitz,PartingShot|Impish||M|||50|]Froslass||Froslassite|SnowCloak|Blizzard,ShadowBall,Protect,AuroraVeil|Timid||F|||50|]Lycanroc-Dusk||FocusSash|ToughClaws|RockSlide,Accelerock,CloseCombat,Protect|Adamant||M|||50|]Sneasler||WhiteHerb|Unburden|CloseCombat,FakeOut,DireClaw,Protect|Adamant||M|||50|
|showteam|p2|Aerodactyl||Aerodactylite|Unnerve|RockSlide,IceFang,DualWingbeat,Tailwind|Jolly||M|||50|]Charizard||CharizarditeY|Blaze|SolarBeam,WeatherBall,HeatWave,Protect|Modest||F|||50|]Garchomp||LifeOrb|RoughSkin|DragonClaw,RockSlide,Earthquake,Protect|Jolly||M|||50|]Sylveon||FairyFeather|Pixilate|HyperVoice,HyperBeam,QuickAttack,Protect|Modest||M|||50|]Kingambit||ChopleBerry|Defiant|LowKick,IronHead,KowtowCleave,SuckerPunch|Adamant||M|||50|]Basculegion||FocusSash|Adaptability|Liquidation,AquaJet,LastRespects,Protect|Adamant||M|||50|
|
|t:|1783161836
|teamsize|p1|4
|teamsize|p2|4
|start
|switch|p1a: Sneasler|Sneasler, L50, M|100/100
|switch|p1b: Froslass|Froslass, L50, F|100/100
|switch|p2a: Aerodactyl|Aerodactyl, L50, M|100/100
|switch|p2b: Kingambit|Kingambit, L50, M|100/100
|-ability|p2a: Aerodactyl|Unnerve
|turn|1
|
|t:|1783161872
|switch|p2b: Basculegion|Basculegion, L50, M|100/100
|detailschange|p2a: Aerodactyl|Aerodactyl-Mega, L50, M
|-mega|p2a: Aerodactyl|Aerodactyl|Aerodactylite
|detailschange|p1b: Froslass|Froslass-Mega, L50, F
|-mega|p1b: Froslass|Froslass|Froslassite
|-weather|Snowscape|[from] ability: Snow Warning|[of] p1b: Froslass
|move|p1a: Sneasler|Fake Out|p2b: Basculegion
|-immune|p2b: Basculegion
|move|p2a: Aerodactyl|Rock Slide|p1b: Froslass|[spread] p1a,p1b
|-resisted|p1a: Sneasler|1
|-supereffective|p1b: Froslass|1
|-damage|p1a: Sneasler|75/100
|-damage|p1b: Froslass|50/100g
|cant|p1b: Froslass|flinch
|
|-weather|Snowscape|[upkeep]
|upkeep
|turn|2
|
|t:|1783161889
|switch|p1a: Incineroar|Incineroar, L50, M|100/100
|-ability|p1a: Incineroar|Intimidate|boost
|-unboost|p2a: Aerodactyl|atk|1
|-unboost|p2b: Basculegion|atk|1
|move|p2a: Aerodactyl|Rock Slide|p1a: Incineroar|[spread] p1a,p1b
|-supereffective|p1a: Incineroar|1
|-supereffective|p1b: Froslass|1
|-damage|p1a: Incineroar|76/100
|-damage|p1b: Froslass|14/100
|cant|p1b: Froslass|flinch
|move|p2b: Basculegion|Liquidation|p1a: Incineroar
|-supereffective|p1a: Incineroar|1
|-enditem|p1a: Incineroar|Passho Berry|[eat]
|-enditem|p1a: Incineroar|Passho Berry|[weaken]
|-damage|p1a: Incineroar|45/100
|
|-weather|Snowscape|[upkeep]
|upkeep
|turn|3
|c|☆Tryingcosas|dude
|c|☆Tryingcosas|gg
|
|t:|1783161910
|move|p1b: Froslass|Protect|p1b: Froslass
|-singleturn|p1b: Froslass|Protect
|move|p2b: Basculegion|Aqua Jet|p1b: Froslass
|-activate|p1b: Froslass|move: Protect
|move|p2a: Aerodactyl|Rock Slide|p1b: Froslass|[spread] p1a
|-activate|p1b: Froslass|move: Protect
|-supereffective|p1a: Incineroar|1
|-damage|p1a: Incineroar|21/100
|move|p1a: Incineroar|Darkest Lariat|p2b: Basculegion
|-supereffective|p2b: Basculegion|1
|-damage|p2b: Basculegion|19/100
|
|-weather|Snowscape|[upkeep]
|upkeep
|turn|4
|
|t:|1783161925
|switch|p1b: Lycanroc|Lycanroc-Dusk, L50, M|100/100
|switch|p2b: Garchomp|Garchomp, L50, M|100/100
|move|p2a: Aerodactyl|Rock Slide|p1a: Incineroar|[spread] p1a,p1b
|-supereffective|p1a: Incineroar|1
|-damage|p1a: Incineroar|0 fnt
|-damage|p1b: Lycanroc|69/100
|faint|p1a: Incineroar
|
|-weather|Snowscape|[upkeep]
|upkeep
|
|t:|1783161929
|switch|p1a: Froslass|Froslass-Mega, L50, F|14/100
|turn|5
|
|t:|1783161934
|move|p1b: Lycanroc|Accelerock|p2a: Aerodactyl
|-supereffective|p2a: Aerodactyl|1
|-damage|p2a: Aerodactyl|38/100
|move|p2a: Aerodactyl|Rock Slide|p1a: Froslass|[spread] p1a
|-miss|p2a: Aerodactyl|p1b: Lycanroc
|-supereffective|p1a: Froslass|1
|-damage|p1a: Froslass|0 fnt
|faint|p1a: Froslass
|move|p2b: Garchomp|Earthquake|p1b: Lycanroc|[spread] p1b
|-immune|p2a: Aerodactyl
|-supereffective|p1b: Lycanroc|1
|-damage|p1b: Lycanroc|0 fnt
|faint|p1b: Lycanroc
|-damage|p2b: Garchomp|90/100|[from] item: Life Orb
|
|-weather|none
|upkeep
|
|t:|1783161938
|switch|p1b: Sneasler|Sneasler, L50, M|75/100
|turn|6
|
|t:|1783161940
|move|p2a: Aerodactyl|Dual Wingbeat|p1b: Sneasler
|-supereffective|p1b: Sneasler|1
|-damage|p1b: Sneasler|17/100
|-supereffective|p1b: Sneasler|1
|-damage|p1b: Sneasler|0 fnt
|faint|p1b: Sneasler
|-hitcount|p1: Sneasler|2
|
|win|mygreat
