|j|☆luckyross
|j|☆Sedrav
|html|luckyrossSedrav    
|uhtml|bestof|Game 2 of a best-of-3
|t:|1756950812
|gametype|doubles
|player|p1|luckyross|fisherman-gen4|1201
|player|p2|Sedrav|265|1200
|gen|9
|tier|[Gen 9] VGC 2025 Reg H (Bo3)
|rated|
|rule|Species Clause: Limit one of each Pokémon
|rule|Item Clause: Limit 1 of each item
|clearpoke
|poke|p1|Tyranitar, L50, F|
|poke|p1|Excadrill, L50, F|
|poke|p1|Indeedee, L50, M|
|poke|p1|Sneasler, L50, M|
|poke|p1|Corviknight, L50, F|
|poke|p1|Hydreigon, L50, F|
|poke|p2|Garchomp, L50, F|
|poke|p2|Talonflame, L50, F|
|poke|p2|Gholdengo, L50|
|poke|p2|Tyranitar, L50, M|
|poke|p2|Amoonguss, L50, F|
|poke|p2|Milotic, L50, M|
|teampreview|4
|showteam|p1|Tyranitar||AssaultVest|SandStream|KnockOff,RockSlide,TeraBlast,LowKick|||F|||50|,,,,,Flying]Excadrill||FocusSash|SandRush|Earthquake,IronHead,HighHorsepower,Protect|||F|||50|,,,,,Stellar]Indeedee||ChoiceScarf|PsychicSurge|ExpandingForce,TeraBlast,Trick,Protect|||M|||50|,,,,,Psychic]Sneasler||WhiteHerb|Unburden|DireClaw,CloseCombat,Coaching,FakeOut|||M|||50|,,,,,Stellar]Corviknight||PsychicSeed|MirrorArmor|BraveBird,PowerTrip,BulkUp,Roost|||F|||50|,,,,,Water]Hydreigon||LifeOrb|Levitate|DracoMeteor,DarkPulse,Protect,Tailwind|||F|||50|,,,,,Ghost
|showteam|p2|Garchomp||LifeOrb|RoughSkin|DragonClaw,StompingTantrum,Earthquake,Protect|||F|||50|,,,,,Fairy]Talonflame||CovertCloak|GaleWings|BraveBird,Tailwind,WillOWisp,Taunt|||F|||50|,,,,,Grass]Gholdengo||MetalCoat|GoodasGold|MakeItRain,ShadowBall,NastyPlot,Protect||||||50|,,,,,Flying]Tyranitar||AssaultVest|SandStream|RockSlide,KnockOff,LowKick,TeraBlast|||M|||50|,,,,,Flying]Amoonguss||SitrusBerry|Regenerator|Spore,RagePowder,PollenPuff,Protect|||F|||50|,,,,,Water]Milotic||SafetyGoggles|Competitive|Scald,IcyWind,Haze,Protect|||M|||50|,,,,,Dragon
|inactive|Battle timer is ON: inactive players will automatically lose when time's up. (requested by luckyross)
|
|t:|1756950861
|teamsize|p1|4
|teamsize|p2|4
|start
|switch|p1a: Tyranitar|Tyranitar, L50, F|100/100
|switch|p1b: Excadrill|Excadrill, L50, F|100/100
|switch|p2a: Tyranitar|Tyranitar, L50, M|100/100
|switch|p2b: Amoonguss|Amoonguss, L50, F|100/100
|-weather|Sandstorm|[from] ability: Sand Stream|[of] p1a: Tyranitar
|turn|1
|inactive|luckyross has 30 seconds left.
|inactive|Sedrav has 30 seconds left.
|inactive|luckyross has 20 seconds left.
|inactive|Sedrav has 20 seconds left.
|inactive|luckyross has 15 seconds left.
|
|t:|1756950903
|switch|p2a: Talonflame|Talonflame, L50, F|100/100
|-terastallize|p2b: Amoonguss|Water
|move|p1b: Excadrill|High Horsepower|p2b: Amoonguss
|-damage|p2b: Amoonguss|55/100
|move|p1a: Tyranitar|Rock Slide|p2a: Talonflame|[spread] p2a,p2b
|-supereffective|p2a: Talonflame
|-crit|p2a: Talonflame
|-damage|p2a: Talonflame|0 fnt
|-damage|p2b: Amoonguss|28/100
|-enditem|p2b: Amoonguss|Sitrus Berry|[eat]
|-heal|p2b: Amoonguss|53/100|[from] item: Sitrus Berry
|faint|p2a: Talonflame
|move|p2b: Amoonguss|Spore|p1a: Tyranitar
|-status|p1a: Tyranitar|slp|[from] move: Spore
|
|-weather|Sandstorm|[upkeep]
|-damage|p2b: Amoonguss|47/100|[from] Sandstorm
|upkeep
|
|t:|1756950924
|switch|p2a: Garchomp|Garchomp, L50, F|100/100
|turn|2
|inactive|Sedrav has 30 seconds left.
|
|t:|1756950958
|move|p1b: Excadrill|Protect|p1b: Excadrill
|-singleturn|p1b: Excadrill|Protect
|move|p2a: Garchomp|Stomping Tantrum|p1b: Excadrill
|-activate|p1b: Excadrill|move: Protect
|cant|p1a: Tyranitar|slp
|move|p2b: Amoonguss|Spore|p1b: Excadrill
|-activate|p1b: Excadrill|move: Protect
|
|-weather|Sandstorm|[upkeep]
|-damage|p2b: Amoonguss|41/100|[from] Sandstorm
|upkeep
|turn|3
|
|t:|1756950982
|move|p2b: Amoonguss|Protect|p2b: Amoonguss
|-singleturn|p2b: Amoonguss|Protect
|move|p1b: Excadrill|High Horsepower|p2a: Garchomp
|-damage|p2a: Garchomp|46/100
|-damage|p1b: Excadrill|88/100|[from] ability: Rough Skin|[of] p2a: Garchomp
|move|p2a: Garchomp|Earthquake|p1b: Excadrill|[spread] p1a,p1b
|-activate|p2b: Amoonguss|move: Protect
|-supereffective|p1a: Tyranitar
|-supereffective|p1b: Excadrill
|-damage|p1a: Tyranitar|5/100 slp
|-damage|p1b: Excadrill|0 fnt
|faint|p1b: Excadrill
|-damage|p2a: Garchomp|36/100|[from] item: Life Orb
|cant|p1a: Tyranitar|slp
|
|-weather|Sandstorm|[upkeep]
|-damage|p2b: Amoonguss|35/100|[from] Sandstorm
|upkeep
|
|t:|1756951002
|switch|p1b: Indeedee|Indeedee, L50, M|100/100
|-fieldstart|move: Psychic Terrain|[from] ability: Psychic Surge|[of] p1b: Indeedee
|turn|4
|
|t:|1756951022
|switch|p2a: Tyranitar|Tyranitar, L50, M|100/100
|-terastallize|p1b: Indeedee|Psychic
|move|p1b: Indeedee|Expanding Force|p2b: Amoonguss|[spread] p2b
|-immune|p2a: Tyranitar
|-damage|p2b: Amoonguss|0 fnt
|faint|p2b: Amoonguss
|cant|p1a: Tyranitar|slp
|
|-weather|Sandstorm|[upkeep]
|-damage|p1b: Indeedee|95/100|[from] Sandstorm
|upkeep
|
|t:|1756951032
|switch|p2b: Garchomp|Garchomp, L50, F|36/100
|turn|5
|
|t:|1756951047
|move|p2b: Garchomp|Protect|p2b: Garchomp
|-singleturn|p2b: Garchomp|Protect
|move|p1b: Indeedee|Expanding Force|p2a: Tyranitar|[spread] 
|-activate|p2b: Garchomp|move: Protect
|-immune|p2a: Tyranitar
|-curestatus|p1a: Tyranitar|slp|[msg]
|move|p1a: Tyranitar|Low Kick|p2a: Tyranitar
|-supereffective|p2a: Tyranitar
|-damage|p2a: Tyranitar|0 fnt
|faint|p2a: Tyranitar
|
|-weather|none
|upkeep
|turn|6
|
|t:|1756951062
|move|p1b: Indeedee|Expanding Force|p2b: Garchomp
|-damage|p2b: Garchomp|0 fnt
|faint|p2b: Garchomp
|
|win|luckyross
|raw|luckyross's rating: 1201 → 1226(+25 for winning)
|raw|Sedrav's rating: 1200 → 1175(-25 for losing)
