|j|☆Beh2242
|j|☆snailboss
|html|Beh2242snailboss    
|uhtml|bestof|Game 3 of a best-of-3
|t:|1756516323
|gametype|doubles
|player|p1|Beh2242|lucas-gen4pt|1088
|player|p2|snailboss|102|1183
|gen|9
|tier|[Gen 9] VGC 2025 Reg H (Bo3)
|rated|
|rule|Species Clause: Limit one of each Pokémon
|rule|Item Clause: Limit 1 of each item
|clearpoke
|poke|p1|Pelipper, L50, M|
|poke|p1|Archaludon, L50, F|
|poke|p1|Sinistcha, L50|
|poke|p1|Incineroar, L50, M|
|poke|p1|Dragonite, L50, M|
|poke|p1|Annihilape, L50, F|
|poke|p2|Tyranitar, L50, F|
|poke|p2|Excadrill, L50, F|
|poke|p2|Indeedee-F, L50, F|
|poke|p2|Zoroark-Hisui, L50, M|
|poke|p2|Corviknight, L50, M|
|poke|p2|Amoonguss, L50, F|
|teampreview|4
|showteam|p1|Pelipper||FocusSash|Drizzle|Hurricane,WeatherBall,Tailwind,Protect|||M|||50|,,,,,Ghost]Archaludon||AssaultVest|Stamina|ElectroShot,DragonPulse,BodyPress,FlashCannon|||F|||50|,,,,,Grass]Sinistcha||SitrusBerry|Hospitality|MatchaGotcha,RagePowder,LifeDew,Protect||||||50|,,,,,Dark]Incineroar||RockyHelmet|Intimidate|FakeOut,HelpingHand,KnockOff,PartingShot|||M|||50|,,,,,Water]Dragonite||LoadedDice|Multiscale|ScaleShot,Tailwind,AquaJet,Protect|||M|||50|,,,,,Steel]Annihilape||ExpertBelt|Defiant|RageFist,CloseCombat,Taunt,Protect|||F|||50|,,,,,Normal
|showteam|p2|Tyranitar||AssaultVest|SandStream|RockSlide,KnockOff,LowKick,TeraBlast|||F|||50|,,,,,Flying]Excadrill||FocusSash|SandRush|IronHead,Protect,SwordsDance,Earthquake|||F|||50|,,,,,Ground]Indeedee-F||SafetyGoggles|PsychicSurge|TrickRoom,FollowMe,Psychic,HelpingHand|||F|||50|,,,,,Fairy]Zoroark-Hisui||ChoiceSpecs|Illusion|HyperVoice,ShadowBall,HyperBeam,Flamethrower|||M|||50|,,,,,Normal]Corviknight||PsychicSeed|MirrorArmor|BraveBird,PowerTrip,BulkUp,Roost|||M|||50|,,,,,Dragon]Amoonguss||SitrusBerry|Regenerator|Spore,Protect,RagePowder,ClearSmog|||F|||50|,,,,,Grass
|
|t:|1756516366
|teamsize|p1|4
|teamsize|p2|4
|start
|switch|p1a: Archaludon|Archaludon, L50, F|100/100
|switch|p1b: Sinistcha|Sinistcha, L50|100/100
|switch|p2a: Amoonguss|Amoonguss, L50, F|100/100
|switch|p2b: Excadrill|Excadrill, L50, F|100/100
|turn|1
|
|t:|1756516394
|switch|p2b: Excadrill|Excadrill, L50, F|100/100
|-terastallize|p1a: Archaludon|Grass
|move|p2a: Amoonguss|Rage Powder|p2a: Amoonguss
|-singleturn|p2a: Amoonguss|move: Rage Powder
|move|p1a: Archaludon|Dragon Pulse|p2a: Amoonguss
|-damage|p2a: Amoonguss|58/100
|move|p1b: Sinistcha|Matcha Gotcha|p2a: Amoonguss|[spread] p2a,p2b
|-resisted|p2a: Amoonguss
|-damage|p2a: Amoonguss|53/100
|-damage|p2b: Excadrill|55/100
|-status|p2b: Excadrill|brn
|replace|p2b: Zoroark|Zoroark-Hisui, L50, M
|-end|p2b: Zoroark|Illusion
|
|-damage|p2b: Zoroark|49/100 brn|[from] brn
|upkeep
|turn|2
|
|t:|1756516436
|switch|p2a: Tyranitar|Tyranitar, L50, F|100/100
|-weather|Sandstorm|[from] ability: Sand Stream|[of] p2a: Tyranitar
|move|p1b: Sinistcha|Protect|p1b: Sinistcha
|-singleturn|p1b: Sinistcha|Protect
|move|p2b: Zoroark|Shadow Ball|p1b: Sinistcha
|-activate|p1b: Sinistcha|move: Protect
|move|p1a: Archaludon|Dragon Pulse|p2b: Zoroark
|-damage|p2b: Zoroark|0 fnt
|faint|p2b: Zoroark
|
|-weather|Sandstorm|[upkeep]
|-damage|p1a: Archaludon|94/100|[from] Sandstorm
|-damage|p1b: Sinistcha|94/100|[from] Sandstorm
|upkeep
|
|t:|1756516445
|switch|p2b: Excadrill|Excadrill, L50, F|100/100
|turn|3
|
|t:|1756516464
|switch|p1b: Pelipper|Pelipper, L50, M|100/100
|-weather|RainDance|[from] ability: Drizzle|[of] p1b: Pelipper
|-terastallize|p2a: Tyranitar|Flying
|move|p1a: Archaludon|Body Press|p2b: Excadrill
|-supereffective|p2b: Excadrill
|-damage|p2b: Excadrill|32/100
|move|p2b: Excadrill|Swords Dance|p2b: Excadrill
|-boost|p2b: Excadrill|atk|2
|move|p2a: Tyranitar|Knock Off|p1b: Pelipper
|-crit|p1b: Pelipper
|-enditem|p1b: Pelipper|Focus Sash
|-damage|p1b: Pelipper|1/100
|
|-weather|RainDance|[upkeep]
|upkeep
|turn|4
|
|t:|1756516490
|move|p1b: Pelipper|Protect|p1b: Pelipper
|-singleturn|p1b: Pelipper|Protect
|move|p1a: Archaludon|Electro Shot||[still]
|-prepare|p1a: Archaludon|Electro Shot
|-boost|p1a: Archaludon|spa|1
|-anim|p1a: Archaludon|Electro Shot|p2a: Tyranitar
|-supereffective|p2a: Tyranitar
|-damage|p2a: Tyranitar|9/100
|move|p2b: Excadrill|Iron Head|p1a: Archaludon
|-damage|p1a: Archaludon|20/100
|-ability|p1a: Archaludon|Stamina|boost
|-boost|p1a: Archaludon|def|1
|move|p2a: Tyranitar|Tera Blast|p1a: Archaludon|[anim] Tera Blast Flying
|-supereffective|p1a: Archaludon
|-damage|p1a: Archaludon|0 fnt
|faint|p1a: Archaludon
|
|-weather|RainDance|[upkeep]
|upkeep
|
|t:|1756516516
|switch|p1a: Dragonite|Dragonite, L50, M|100/100
|turn|5
|
|t:|1756516534
|switch|p2a: Amoonguss|Amoonguss, L50, F|86/100
|move|p2b: Excadrill|Protect|p2b: Excadrill
|-singleturn|p2b: Excadrill|Protect
|move|p1a: Dragonite|Aqua Jet|p2b: Excadrill
|-activate|p2b: Excadrill|move: Protect
|move|p1b: Pelipper|Hurricane|p2a: Amoonguss
|-supereffective|p2a: Amoonguss
|-damage|p2a: Amoonguss|0 fnt
|faint|p2a: Amoonguss
|
|-weather|RainDance|[upkeep]
|upkeep
|
|t:|1756516543
|switch|p2a: Tyranitar|Tyranitar, L50, F, tera:Flying|9/100
|-weather|Sandstorm|[from] ability: Sand Stream|[of] p2a: Tyranitar
|turn|6
|
|t:|1756516554
|switch|p1b: Sinistcha|Sinistcha, L50|94/100
|move|p1a: Dragonite|Aqua Jet|p2a: Tyranitar
|-damage|p2a: Tyranitar|0 fnt
|faint|p2a: Tyranitar
|move|p2b: Excadrill|Iron Head|p1a: Dragonite
|-damage|p1a: Dragonite|48/100
|
|-weather|Sandstorm|[upkeep]
|-damage|p1a: Dragonite|42/100|[from] Sandstorm
|-damage|p1b: Sinistcha|88/100|[from] Sandstorm
|upkeep
|turn|7
|
|t:|1756516572
|move|p1b: Sinistcha|Rage Powder|p1b: Sinistcha
|-singleturn|p1b: Sinistcha|move: Rage Powder
|move|p2b: Excadrill|Iron Head|p1b: Sinistcha
|-damage|p1b: Sinistcha|2/100
|-enditem|p1b: Sinistcha|Sitrus Berry|[eat]
|-heal|p1b: Sinistcha|26/100|[from] item: Sitrus Berry
|move|p1a: Dragonite|Tailwind|p1a: Dragonite
|-sidestart|p1: Beh2242|move: Tailwind
|
|-weather|Sandstorm|[upkeep]
|-damage|p1a: Dragonite|36/100|[from] Sandstorm
|-damage|p1b: Sinistcha|20/100|[from] Sandstorm
|upkeep
|turn|8
|
|t:|1756516584
|move|p1a: Dragonite|Aqua Jet|p2b: Excadrill
|-supereffective|p2b: Excadrill
|-damage|p2b: Excadrill|0 fnt
|faint|p2b: Excadrill
|
|win|Beh2242
|raw|Beh2242's rating: 1088 → 1122(+34 for winning)
|raw|snailboss's rating: 1183 → 1151(-32 for losing)
