|j|☆W/\TSON
|j|☆condret
|html|W/\TSONcondret    
|uhtml|bestof|Game 3 of a best-of-3
|t:|1783728863
|gametype|doubles
|player|p1|W/\TSON|steven|1107
|player|p2|condret|1|1000
|gen|9
|tier|[Gen 9 Champions] VGC 2026 Reg M-B (Bo3)
|rated|
|rule|Species Clause: Limit one of each Pokémon
|rule|Item Clause: Limit 1 of each item
|clearpoke
|poke|p1|Incineroar, L50, F|
|poke|p1|Raichu, L50, F|
|poke|p1|Pelipper, L50, F|
|poke|p1|Gyarados, L50, F|
|poke|p1|Charizard, L50, M|
|poke|p1|Venusaur, L50, M|
|poke|p2|Garchomp, L50, M|
|poke|p2|Aegislash, L50, F|
|poke|p2|Tyranitar, L50, F|
|poke|p2|Glimmora, L50, M|
|poke|p2|Milotic, L50, F|
|poke|p2|Incineroar, L50, F|
|teampreview|4
|showteam|p1|Incineroar||SitrusBerry|Intimidate|FakeOut,FlareBlitz,PartingShot,HelpingHand|Relaxed||F|||50|]Raichu||FocusSash|LightningRod|FakeOut,Nuzzle,KnockOff,Thunderbolt|Hasty||F|||50|]Pelipper||DampRock|Drizzle|WideGuard,Hurricane,Tailwind,Uturn|Bold||F|||50|]Gyarados||Gyaradosite|Intimidate|Protect,Waterfall,Crunch,DragonDance|Adamant||F|||50|]Charizard||CharizarditeY|Blaze|HeatWave,Protect,AirSlash,HelpingHand|Modest||M|||50|]Venusaur||LifeOrb|Chlorophyll|AcidSpray,SludgeBomb,EnergyBall,EarthPower|Modest||M|||50|
|showteam|p2|Garchomp||BrightPowder|SandVeil|StompingTantrum,DragonRush,Protect,Substitute|Jolly||M|||50|]Aegislash||ScopeLens|StanceChange|KingsShield,ShadowClaw,WideGuard,SacredSword|Careful||F|||50|]Tyranitar||Tyranitarite|SandStream|KnockOff,RockSlide,FirePunch,Protect|Adamant||F|||50|]Glimmora||Glimmoranite|ToxicDebris|SludgeBomb,Substitute,SpikyShield,PowerGem|Timid||M|||50|]Milotic||Leftovers|Competitive|MuddyWater,IcyWind,Recover,Scald|Bold||F|||50|]Incineroar||SitrusBerry|Intimidate|FakeOut,PartingShot,FlareBlitz,Substitute|Careful||F|||50|
|inactive|Battle timer is ON: inactive players will automatically lose when time's up. (requested by W/\TSON)
|
|t:|1783728923
|teamsize|p1|4
|teamsize|p2|4
|start
|switch|p1a: Charizard|Charizard, L50, M|100/100
|switch|p1b: Raichu|Raichu, L50, F|100/100
|switch|p2a: Milotic|Milotic, L50, F|100/100
|switch|p2b: Incineroar|Incineroar, L50, F|100/100
|-ability|p2b: Incineroar|Intimidate|boost
|-unboost|p1a: Charizard|atk|1
|-unboost|p1b: Raichu|atk|1
|turn|1
|inactive|condret has 30 seconds left.
|inactive|W/\TSON has 30 seconds left.
|inactive|condret has 20 seconds left.
|
|t:|1783728964
|switch|p2a: Garchomp|Garchomp, L50, M|100/100
|move|p1a: Charizard|Protect|p1a: Charizard
|-singleturn|p1a: Charizard|Protect
|move|p2b: Incineroar|Fake Out|p1a: Charizard
|-activate|p1a: Charizard|move: Protect
|move|p1b: Raichu|Knock Off|p2b: Incineroar
|-resisted|p2b: Incineroar|1
|-damage|p2b: Incineroar|93/100
|-enditem|p2b: Incineroar|Sitrus Berry|[from] move: Knock Off|[of] p1b: Raichu
|
|upkeep
|turn|2
|inactive|W/\TSON has 30 seconds left.
|inactive|condret has 30 seconds left.
|inactive|W/\TSON has 20 seconds left.
|inactive|W/\TSON has 15 seconds left.
|
|t:|1783729008
|detailschange|p1a: Charizard|Charizard-Mega-Y, L50, M
|-mega|p1a: Charizard|Charizard|Charizardite Y
|-weather|SunnyDay|[from] ability: Drought|[of] p1a: Charizard
|move|p1b: Raichu|Knock Off|p2a: Garchomp
|-damage|p2a: Garchomp|87/100
|-enditem|p2a: Garchomp|Bright Powder|[from] move: Knock Off|[of] p1b: Raichu
|move|p2a: Garchomp|Substitute|p2a: Garchomp
|-start|p2a: Garchomp|Substitute
|-damage|p2a: Garchomp|62/100
|move|p1a: Charizard|Heat Wave|p2b: Incineroar|[spread] p2a,p2b
|-resisted|p2a: Garchomp|1
|-end|p2a: Garchomp|Substitute
|-resisted|p2b: Incineroar|1
|-damage|p2b: Incineroar|72/100
|move|p2b: Incineroar|Flare Blitz|p1b: Raichu
|-enditem|p1b: Raichu|Focus Sash
|-damage|p1b: Raichu|1/100
|-damage|p2b: Incineroar|50/100g|[from] Recoil
|
|-weather|SunnyDay|[upkeep]
|upkeep
|turn|3
|inactive|W/\TSON has 30 seconds left.
|inactive|condret has 30 seconds left.
|inactive|W/\TSON has 20 seconds left.
|inactive|condret has 20 seconds left.
|inactive|condret has 15 seconds left.
|inactive|condret has 10 seconds left.
|
|t:|1783729053
|switch|p2a: Milotic|Milotic, L50, F|100/100
|switch|p2b: Tyranitar|Tyranitar, L50, F|100/100
|-weather|Sandstorm|[from] ability: Sand Stream|[of] p2b: Tyranitar
|move|p1b: Raichu|Thunderbolt|p2b: Tyranitar
|-damage|p2b: Tyranitar|77/100
|move|p1a: Charizard|Heat Wave|p2a: Milotic|[spread] p2a,p2b
|-resisted|p2a: Milotic|1
|-resisted|p2b: Tyranitar|1
|-damage|p2a: Milotic|84/100
|-damage|p2b: Tyranitar|67/100
|
|-weather|Sandstorm|[upkeep]
|-damage|p1b: Raichu|0 fnt|[from] Sandstorm
|-damage|p1a: Charizard|94/100|[from] Sandstorm
|-damage|p2a: Milotic|78/100|[from] Sandstorm
|faint|p1b: Raichu
|-heal|p2a: Milotic|84/100|[from] item: Leftovers
|upkeep
|
|t:|1783729076
|switch|p1b: Venusaur|Venusaur, L50, M|100/100
|turn|4
|inactive|condret has 30 seconds left.
|
|t:|1783729109
|switch|p1a: Incineroar|Incineroar, L50, F|100/100
|-ability|p1a: Incineroar|Intimidate|boost
|-unboost|p2a: Milotic|atk|1
|-ability|p2a: Milotic|Competitive|boost
|-boost|p2a: Milotic|spa|2
|-unboost|p2b: Tyranitar|atk|1
|move|p2b: Tyranitar|Protect|p2b: Tyranitar
|-singleturn|p2b: Tyranitar|Protect
|move|p1b: Venusaur|Energy Ball|p2a: Milotic
|-supereffective|p2a: Milotic|1
|-damage|p2a: Milotic|17/100
|-unboost|p2a: Milotic|spd|1
|-ability|p2a: Milotic|Competitive|boost
|-boost|p2a: Milotic|spa|2
|-damage|p1b: Venusaur|90/100|[from] item: Life Orb
|move|p2a: Milotic|Icy Wind|p1b: Venusaur|[spread] p1a,p1b
|-resisted|p1a: Incineroar|1
|-supereffective|p1b: Venusaur|1
|-damage|p1a: Incineroar|87/100
|-damage|p1b: Venusaur|32/100
|-unboost|p1a: Incineroar|spe|1
|-unboost|p1b: Venusaur|spe|1
|
|-weather|Sandstorm|[upkeep]
|-damage|p2a: Milotic|11/100|[from] Sandstorm
|-damage|p1b: Venusaur|26/100|[from] Sandstorm
|-damage|p1a: Incineroar|81/100|[from] Sandstorm
|-heal|p2a: Milotic|17/100|[from] item: Leftovers
|upkeep
|turn|5
|inactive|W/\TSON has 30 seconds left.
|inactive|condret has 30 seconds left.
|inactive|condret has 20 seconds left.
|inactive|condret has 15 seconds left.
|inactive|condret has 10 seconds left.
|
|t:|1783729158
|move|p1a: Incineroar|Fake Out|p2a: Milotic
|-damage|p2a: Milotic|8/100
|cant|p2a: Milotic|flinch
|move|p2b: Tyranitar|Fire Punch|p1b: Venusaur
|-supereffective|p1b: Venusaur|1
|-damage|p1b: Venusaur|0 fnt
|faint|p1b: Venusaur
|
|-weather|Sandstorm|[upkeep]
|-damage|p2a: Milotic|2/100|[from] Sandstorm
|-damage|p1a: Incineroar|75/100|[from] Sandstorm
|-heal|p2a: Milotic|8/100|[from] item: Leftovers
|upkeep
|
|t:|1783729164
|switch|p1b: Charizard|Charizard-Mega-Y, L50, M|94/100
|-weather|SunnyDay|[from] ability: Drought|[of] p1b: Charizard
|turn|6
|
|t:|1783729184
|move|p1a: Incineroar|Helping Hand|p1b: Charizard
|-singleturn|p1b: Charizard|Helping Hand|[of] p1a: Incineroar
|move|p2b: Tyranitar|Protect|p2b: Tyranitar
|-singleturn|p2b: Tyranitar|Protect
|move|p1b: Charizard|Heat Wave|p2b: Tyranitar|[spread] 
|-activate|p2b: Tyranitar|move: Protect
|-miss|p1b: Charizard|p2a: Milotic
|move|p2a: Milotic|Recover|p2a: Milotic
|-heal|p2a: Milotic|58/100
|
|-weather|SunnyDay|[upkeep]
|-heal|p2a: Milotic|64/100|[from] item: Leftovers
|upkeep
|turn|7
|
|t:|1783729203
|detailschange|p2b: Tyranitar|Tyranitar-Mega, L50, F
|-mega|p2b: Tyranitar|Tyranitar|Tyranitarite
|-weather|Sandstorm|[from] ability: Sand Stream|[of] p2b: Tyranitar
|move|p1a: Incineroar|Helping Hand|p1b: Charizard
|-singleturn|p1b: Charizard|Helping Hand|[of] p1a: Incineroar
|move|p1b: Charizard|Heat Wave|p2b: Tyranitar|[spread] p2a
|-miss|p1b: Charizard|p2b: Tyranitar
|-resisted|p2a: Milotic|1
|-damage|p2a: Milotic|32/100
|move|p2a: Milotic|Icy Wind|p1a: Incineroar|[spread] p1a,p1b
|-resisted|p1a: Incineroar|1
|-damage|p1a: Incineroar|61/100
|-damage|p1b: Charizard|70/100
|-unboost|p1a: Incineroar|spe|1
|-unboost|p1b: Charizard|spe|1
|move|p2b: Tyranitar|Rock Slide|p1a: Incineroar|[spread] p1a,p1b
|-supereffective|p1a: Incineroar|1
|-supereffective|p1b: Charizard|2
|-damage|p1a: Incineroar|20/100y
|-damage|p1b: Charizard|0 fnt
|-enditem|p1a: Incineroar|Sitrus Berry|[eat]
|-heal|p1a: Incineroar|45/100|[from] item: Sitrus Berry
|faint|p1b: Charizard
|
|-weather|Sandstorm|[upkeep]
|-damage|p2a: Milotic|26/100|[from] Sandstorm
|-damage|p1a: Incineroar|39/100|[from] Sandstorm
|-heal|p2a: Milotic|32/100|[from] item: Leftovers
|upkeep
|turn|8
|-message|W/\TSON forfeited.
|raw|W/\TSON's rating: 1107 → 1075(-32 for losing)
|raw|condret's rating: 1000 → 1052(+52 for winning)
|
|win|condret
|l|☆W/\TSON
|player|p1|
