|j|â˜†rangersxx30
|j|â˜†PiplupTommyT
|html|rangersxx30PiplupTommyT    
|uhtml|bestof|Game 3 of a best-of-3
|t:|1756512570
|gametype|doubles
|player|p1|rangersxx30|hanbei-conquest|
|player|p2|PiplupTommyT|265|
|gen|9
|tier|[Gen 9] VGC 2025 Reg H (Bo3)
|rule|Species Clause: Limit one of each PokÃ©mon
|rule|Item Clause: Limit 1 of each item
|clearpoke
|poke|p1|Sneasler, L50, M|
|poke|p1|Dragapult, L50, F|
|poke|p1|Rillaboom, L50, M|
|poke|p1|Farigiraf, L50, F|
|poke|p1|Ursaluna-Bloodmoon, L50, M|
|poke|p1|Incineroar, L50, M|
|poke|p2|Electabuzz, L50, M|
|poke|p2|Flamigo, L50, M|
|poke|p2|Rillaboom, L50, M|
|poke|p2|Volcarona, L50, F|
|poke|p2|Dragonite, L50, M|
|poke|p2|Primarina, L50, F|
|teampreview|4
|showteam|p1|Sneasler||FocusSash|PoisonTouch|DireClaw,CloseCombat,ThroatChop,Protect|||M|||50|,,,,,Dark]Dragapult||ChoiceBand|ClearBody|Outrage,PhantomForce,DragonDarts,Uturn|||F|||50|,,,,,Dragon]Rillaboom||AssaultVest|GrassySurge|Uturn,GrassyGlide,FakeOut,WoodHammer|||M|||50|,,,,,Fire]Farigiraf||ThroatSpray|ArmorTail|HyperVoice,Psychic,TrickRoom,Protect|||F|||50|,,,,,Grass]Ursaluna-Bloodmoon||LifeOrb|MindsEye|BloodMoon,HyperVoice,EarthPower,Protect|||M|||50|,,,,,Normal]Incineroar||SafetyGoggles|Intimidate|FakeOut,KnockOff,FlareBlitz,PartingShot|||M|||50|,,,,,Ghost
|showteam|p2|Electabuzz||Eviolite|VitalSpirit|Electroweb,Taunt,FollowMe,HelpingHand|||M|||50|,,,,,Ghost]Flamigo||FocusSash|Scrappy|CloseCombat,DualWingbeat,WideGuard,Detect|||M|||50|,,,,,Fighting]Rillaboom||AssaultVest|GrassySurge|GrassyGlide,DrumBeating,HighHorsepower,FakeOut|||M|||50|,,,,,Ground]Volcarona||CovertCloak|FlameBody|HeatWave,GigaDrain,QuiverDance,Protect|||F|||50|,,,,,Dragon]Dragonite||LoadedDice|Multiscale|ScaleShot,Tailwind,Haze,Protect|||M|||50|,,,,,Fairy]Primarina||ThroatSpray|LiquidVoice|HyperVoice,Moonblast,Encore,Protect|||F|||50|,,,,,Poison
|j| sharkssss
|j| sh4rkb41tftw
|j| Kekerzz
|j| Sogerto
|j| L1mun
|j| NotUsing
|j| Shotgun John
|j| doritodealer
|j| Toumani Camara
|j| ZeraSora
|c| NotUsing|yo star we need 1 for valorant after you lose this game btw
|j| Spud5You
|c|â˜†rangersxx30|cant
|c| NotUsing|...
|c| L1mun|dude you just played 2 games aint no way you are going for 1 more
|c| Toumani Camara|welcome to the team
|c| NotUsing|yes we are
|c| NotUsing|welcome to the team lim
|j| Doothy
|c| L1mun|thanks <3
|c| NotUsing|wait nvm u dont have na
|
|t:|1756512677
|teamsize|p1|4
|teamsize|p2|4
|start
|switch|p1a: Sneasler|Sneasler, L50, M|100/100
|switch|p1b: Incineroar|Incineroar, L50, M, shiny|100/100
|switch|p2a: Bad Mega|Dragonite, L50, M, shiny|100/100
|switch|p2b: Elijah|Rillaboom, L50, M|100/100
|-fieldstart|move: Grassy Terrain|[from] ability: Grassy Surge|[of] p2b: Elijah
|-ability|p1b: Incineroar|Intimidate|boost
|-unboost|p2a: Bad Mega|atk|1
|-unboost|p2b: Elijah|atk|1
|turn|1
|l| Sogerto
|j| Sogerto
|
|t:|1756512737
|switch|p2a: 39 Buried 0 Found|Flamigo, L50, M|100/100
|-terastallize|p1b: Incineroar|Ghost
|move|p2b: Elijah|Fake Out|p1a: Sneasler
|-damage|p1a: Sneasler|86/100
|move|p1b: Incineroar|Fake Out|p2a: 39 Buried 0 Found
|-damage|p2a: 39 Buried 0 Found|85/100
|cant|p1a: Sneasler|flinch
|
|-heal|p1a: Sneasler|91/100|[from] Grassy Terrain
|upkeep
|turn|2
|
|t:|1756512762
|-terastallize|p2b: Elijah|Ground
|move|p1a: Sneasler|Protect|p1a: Sneasler
|-singleturn|p1a: Sneasler|Protect
|move|p2a: 39 Buried 0 Found|Detect|p2a: 39 Buried 0 Found
|-singleturn|p2a: 39 Buried 0 Found|Protect
|move|p2b: Elijah|High Horsepower|p1a: Sneasler
|-activate|p1a: Sneasler|move: Protect
|move|p1b: Incineroar|Flare Blitz|p2b: Elijah
|-damage|p2b: Elijah|58/100
|-status|p2b: Elijah|brn
|-damage|p1b: Incineroar|86/100|[from] Recoil
|
|-heal|p1a: Sneasler|97/100|[from] Grassy Terrain
|-heal|p2b: Elijah|64/100 brn|[from] Grassy Terrain
|-heal|p1b: Incineroar|92/100|[from] Grassy Terrain
|-damage|p2b: Elijah|58/100 brn|[from] brn
|upkeep
|turn|3
|c|â˜†rangersxx30|the cat wants it more
|
|t:|1756512795
|switch|p2b: The Teaser|Electabuzz, L50, M|100/100
|move|p1a: Sneasler|Dire Claw|p2a: 39 Buried 0 Found
|-damage|p2a: 39 Buried 0 Found|15/100
|-status|p2a: 39 Buried 0 Found|par
|move|p1b: Incineroar|Knock Off|p2b: The Teaser
|-damage|p2b: The Teaser|68/100
|-enditem|p2b: The Teaser|Eviolite|[from] move: Knock Off|[of] p1b: Incineroar
|cant|p2a: 39 Buried 0 Found|par
|
|-heal|p1a: Sneasler|100/100|[from] Grassy Terrain
|-heal|p2b: The Teaser|74/100|[from] Grassy Terrain
|-heal|p1b: Incineroar|98/100|[from] Grassy Terrain
|upkeep
|turn|4
|
|t:|1756512822
|move|p1a: Sneasler|Protect|p1a: Sneasler
|-singleturn|p1a: Sneasler|Protect
|move|p2b: The Teaser|Follow Me|p2b: The Teaser
|-singleturn|p2b: The Teaser|move: Follow Me
|move|p1b: Incineroar|Flare Blitz|p2b: The Teaser
|-damage|p2b: The Teaser|8/100
|-damage|p1b: Incineroar|80/100|[from] Recoil
|move|p2a: 39 Buried 0 Found|Dual Wingbeat|p1a: Sneasler
|-activate|p1a: Sneasler|move: Protect
|
|-heal|p2b: The Teaser|14/100|[from] Grassy Terrain
|-heal|p1b: Incineroar|86/100|[from] Grassy Terrain
|upkeep
|turn|5
|j| SistasUnited
|c| sharkssss|is it like the roaring moon?
|
|t:|1756512842
|move|p2a: 39 Buried 0 Found|Detect|p2a: 39 Buried 0 Found
|-singleturn|p2a: 39 Buried 0 Found|Protect
|move|p1a: Sneasler|Dire Claw|p2b: The Teaser
|-damage|p2b: The Teaser|0 fnt
|faint|p2b: The Teaser
|move|p1b: Incineroar|Flare Blitz|p2a: 39 Buried 0 Found
|-activate|p2a: 39 Buried 0 Found|move: Protect
|
|-heal|p1b: Incineroar|92/100|[from] Grassy Terrain
|-fieldend|move: Grassy Terrain
|upkeep
|
|t:|1756512847
|switch|p2b: Bad Mega|Dragonite, L50, M, shiny|100/100
|turn|6
|c| L1mun|obviously not it got parad turn 1
|
|t:|1756512883
|move|p1a: Sneasler|Dire Claw|p2a: 39 Buried 0 Found
|-damage|p2a: 39 Buried 0 Found|0 fnt
|faint|p2a: 39 Buried 0 Found
|move|p2b: Bad Mega|Scale Shot|p1b: Incineroar
|-damage|p1b: Incineroar|79/100
|-damage|p1b: Incineroar|66/100
|-damage|p1b: Incineroar|52/100
|-damage|p1b: Incineroar|38/100
|-hitcount|p1b: Incineroar|4
|-unboost|p2b: Bad Mega|def|1
|-boost|p2b: Bad Mega|spe|1
|move|p1b: Incineroar|Knock Off|p2b: Bad Mega
|-damage|p2b: Bad Mega|69/100
|-enditem|p2b: Bad Mega|Loaded Dice|[from] move: Knock Off|[of] p1b: Incineroar
|
|upkeep
|
|t:|1756512898
|switch|p2a: Elijah|Rillaboom, L50, M, tera:Ground|58/100 brn
|-fieldstart|move: Grassy Terrain|[from] ability: Grassy Surge|[of] p2a: Elijah
|turn|7
|
|t:|1756512913
|switch|p1b: Rillaboom|Rillaboom, L50, M|100/100
|move|p1a: Sneasler|Protect|p1a: Sneasler
|-singleturn|p1a: Sneasler|Protect
|move|p2a: Elijah|Fake Out|p1a: Sneasler
|-activate|p1a: Sneasler|move: Protect
|move|p2b: Bad Mega|Scale Shot|p1b: Rillaboom
|-damage|p1b: Rillaboom|86/100
|-damage|p1b: Rillaboom|72/100
|-hitcount|p1b: Rillaboom|2
|-unboost|p2b: Bad Mega|def|1
|-boost|p2b: Bad Mega|spe|1
|
|-heal|p1b: Rillaboom|78/100|[from] Grassy Terrain
|-heal|p2a: Elijah|64/100 brn|[from] Grassy Terrain
|-damage|p2a: Elijah|58/100 brn|[from] brn
|upkeep
|turn|8
|l| SistasUnited
|
|t:|1756512954
|switch|p1a: Incineroar|Incineroar, L50, M, shiny, tera:Ghost|38/100
|-ability|p1a: Incineroar|Intimidate|boost
|-unboost|p2a: Elijah|atk|1
|-unboost|p2b: Bad Mega|atk|1
|move|p2b: Bad Mega|Protect|p2b: Bad Mega
|-singleturn|p2b: Bad Mega|Protect
|move|p1b: Rillaboom|Grassy Glide|p2a: Elijah
|-supereffective|p2a: Elijah
|-damage|p2a: Elijah|0 fnt
|faint|p2a: Elijah
|
|-heal|p1b: Rillaboom|84/100|[from] Grassy Terrain
|-heal|p1a: Incineroar|44/100|[from] Grassy Terrain
|upkeep
|turn|9
|c|â˜†PiplupTommyT|yeah gg
|
|t:|1756512967
|move|p2b: Bad Mega|Scale Shot|p1a: Incineroar
|-damage|p1a: Incineroar|35/100
|-damage|p1a: Incineroar|26/100
|-damage|p1a: Incineroar|16/100
|-damage|p1a: Incineroar|7/100
|-damage|p1a: Incineroar|0 fnt
|faint|p1a: Incineroar
|-hitcount|p1: Incineroar|5
|-unboost|p2b: Bad Mega|def|1
|-boost|p2b: Bad Mega|spe|1
|move|p1b: Rillaboom|Wood Hammer|p2b: Bad Mega
|-resisted|p2b: Bad Mega
|-damage|p2b: Bad Mega|15/100
|-damage|p1b: Rillaboom|69/100|[from] Recoil
|
|-heal|p1b: Rillaboom|75/100|[from] Grassy Terrain
|upkeep
|
|t:|1756512970
|switch|p1a: Sneasler|Sneasler, L50, M|100/100
|turn|10
|l| ZeraSora
|l| sharkssss
|
|t:|1756512976
|move|p2b: Bad Mega|Protect|p2b: Bad Mega
|-singleturn|p2b: Bad Mega|Protect
|move|p1b: Rillaboom|Grassy Glide|p2b: Bad Mega
|-activate|p2b: Bad Mega|move: Protect
|move|p1a: Sneasler|Dire Claw|p2b: Bad Mega
|-activate|p2b: Bad Mega|move: Protect
|
|-heal|p1b: Rillaboom|82/100|[from] Grassy Terrain
|upkeep
|turn|11
|j| sharkssss
|
|t:|1756512982
|move|p2b: Bad Mega|Protect||[still]
|-fail|p2b: Bad Mega
|move|p1b: Rillaboom|Grassy Glide|p2b: Bad Mega
|-resisted|p2b: Bad Mega
|-damage|p2b: Bad Mega|0 fnt
|faint|p2b: Bad Mega
|
|win|rangersxx30
|c|â˜†rangersxx30|gg
|l| Doothy
|c|â˜†rangersxx30|sorry about that
|l| sharkssss
|l| Sogerto
|l| sh4rkb41tftw
|l| L1mun
|l| Kekerzz
|l| doritodealer
|c|â˜†PiplupTommyT|nah all good
|c| Toumani Camara|you better be buddy
|j| SistasUnited
|c|â˜†PiplupTommyT|sneasler wouldve died though but is what it is
|l| SistasUnited
|c|â˜†rangersxx30|yeah for sure
|c| Toumani Camara|I say we give the win to aipomtommy
|l| NotUsing
|c|â˜†rangersxx30|i had ursa in the back so it would have dueled dragonite at least
|l| Shotgun John
|c|â˜†rangersxx30|depends if i dealt with rillaboom in time
|j| Sogerto
|j| Kekerzz
