|j|☆vonhemmoltz
|j|☆marcusquinn
|html|vonhemmoltzmarcusquinn    
|uhtml|bestof|Game 2 of a best-of-3
|t:|1755895014
|gametype|doubles
|player|p1|vonhemmoltz|101|1236
|player|p2|marcusquinn|hilbert-wonderlauncher|1435
|gen|9
|tier|[Gen 9] VGC 2025 Reg H (Bo3)
|rated|
|rule|Species Clause: Limit one of each Pokémon
|rule|Item Clause: Limit 1 of each item
|clearpoke
|poke|p1|Baxcalibur, L50, M|
|poke|p1|Primarina, L50, M|
|poke|p1|Blaziken, L50, F|
|poke|p1|Ursaluna, L50, F|
|poke|p1|Porygon2, L50|
|poke|p1|Rillaboom, L50, F|
|poke|p2|Archaludon, L50, F|
|poke|p2|Porygon2, L50|
|poke|p2|Incineroar, L50, M|
|poke|p2|Ursaluna, L50, F|
|poke|p2|Sneasler, L50, F|
|poke|p2|Dragonite, L50, M|
|teampreview|4
|showteam|p1|Baxcalibur||LoadedDice|ThermalExchange|IcicleSpear,ScaleShot,IceShard,Protect|||M|||50|,,,,,Water]Primarina||ThroatSpray|LiquidVoice|HyperVoice,Moonblast,Haze,Protect|||M|||50|,,,,,Steel]Blaziken||FocusSash|SpeedBoost|HeatWave,AuraSphere,Coaching,Detect|||F|||50|,,,,,Ghost]Ursaluna||FlameOrb|Guts|Facade,HeadlongRush,Earthquake,Protect|||F|||50|,,,,,Ghost]Porygon2||Eviolite|Download|TrickRoom,Recover,TeraBlast,IceBeam||||||50|,,,,,Fighting]Rillaboom||AssaultVest|GrassySurge|FakeOut,WoodHammer,GrassyGlide,Uturn|||F|||50|,,,,,Fire
|showteam|p2|Archaludon||PowerHerb|Sturdy|Protect,ElectroShot,DracoMeteor,FlashCannon|||F|||50|,,,,,Electric]Porygon2||Eviolite|Download|TeraBlast,IceBeam,Recover,TrickRoom||||||50|,,,,,Fighting]Incineroar||SitrusBerry|Intimidate|FlareBlitz,KnockOff,FakeOut,PartingShot|||M|||50|,,,,,Ghost]Ursaluna||FlameOrb|Guts|HeadlongRush,Facade,Earthquake,Protect|||F|||50|,,,,,Ghost]Sneasler||FocusSash|Unburden|Protect,CloseCombat,DireClaw,ThroatChop|||F|||50|,,,,,Stellar]Dragonite||LoadedDice|Multiscale|ScaleShot,Tailwind,Haze,Protect|||M|||50|,,,,,Steel
|inactive|Battle timer is ON: inactive players will automatically lose when time's up. (requested by marcusquinn)
|inactive|vonhemmoltz has 60 seconds left.
|inactive|vonhemmoltz has 30 seconds left.
|
|t:|1755895076
|teamsize|p1|4
|teamsize|p2|4
|start
|switch|p1a: Porygon2|Porygon2, L50|100/100
|switch|p1b: Rillaboom|Rillaboom, L50, F|100/100
|switch|p2a: Incineroar|Incineroar, L50, M, shiny|100/100
|switch|p2b: Dragonite|Dragonite, L50, M, shiny|100/100
|-fieldstart|move: Grassy Terrain|[from] ability: Grassy Surge|[of] p1b: Rillaboom
|-ability|p2a: Incineroar|Intimidate|boost
|-unboost|p1a: Porygon2|atk|1
|-unboost|p1b: Rillaboom|atk|1
|-ability|p1a: Porygon2|Download|boost
|-boost|p1a: Porygon2|atk|1
|turn|1
|inactive|marcusquinn has 30 seconds left.
|inactive|marcusquinn has 20 seconds left.
|inactive|marcusquinn has 15 seconds left.
|
|t:|1755895119
|move|p2b: Dragonite|Scale Shot|p1b: Rillaboom
|-damage|p1b: Rillaboom|87/100
|-damage|p1b: Rillaboom|74/100
|-damage|p1b: Rillaboom|62/100
|-damage|p1b: Rillaboom|49/100
|-damage|p1b: Rillaboom|35/100
|-hitcount|p1b: Rillaboom|5
|-unboost|p2b: Dragonite|def|1
|-boost|p2b: Dragonite|spe|1
|move|p1b: Rillaboom|U-turn|p2a: Incineroar
|-damage|p2a: Incineroar|85/100
|
|t:|1755895136
|switch|p1b: Ursaluna|Ursaluna, L50, F|100/100|[from] U-turn
|move|p2a: Incineroar|Parting Shot|p1a: Porygon2
|-unboost|p1a: Porygon2|atk|1
|-unboost|p1a: Porygon2|spa|1
|
|t:|1755895144
|switch|p2a: Porygon2|Porygon2, L50, shiny|100/100|[from] Parting Shot
|-ability|p2a: Porygon2|Download|boost
|-boost|p2a: Porygon2|spa|1
|move|p1a: Porygon2|Trick Room|p1a: Porygon2
|-fieldstart|move: Trick Room|[of] p1a: Porygon2
|
|-status|p1b: Ursaluna|brn|[from] item: Flame Orb
|upkeep
|turn|2
|
|t:|1755895167
|-terastallize|p2a: Porygon2|Fighting
|move|p1b: Ursaluna|Facade|p2a: Porygon2
|-damage|p2a: Porygon2|11/100
|move|p2b: Dragonite|Scale Shot|p1b: Ursaluna
|-damage|p1b: Ursaluna|90/100 brn
|-damage|p1b: Ursaluna|79/100 brn
|-damage|p1b: Ursaluna|69/100 brn
|-damage|p1b: Ursaluna|59/100 brn
|-damage|p1b: Ursaluna|49/100 brn
|-hitcount|p1b: Ursaluna|5
|-unboost|p2b: Dragonite|def|1
|-boost|p2b: Dragonite|spe|1
|move|p1a: Porygon2|Trick Room|p1a: Porygon2
|-fieldend|move: Trick Room
|move|p2a: Porygon2|Trick Room|p2a: Porygon2
|-fieldstart|move: Trick Room|[of] p2a: Porygon2
|
|-heal|p1b: Ursaluna|55/100 brn|[from] Grassy Terrain
|-heal|p2a: Porygon2|17/100|[from] Grassy Terrain
|-damage|p1b: Ursaluna|49/100 brn|[from] brn
|upkeep
|turn|3
|inactive|marcusquinn has 30 seconds left.
|
|t:|1755895193
|move|p1b: Ursaluna|Facade|p2a: Porygon2
|-damage|p2a: Porygon2|0 fnt
|faint|p2a: Porygon2
|move|p1a: Porygon2|Ice Beam|p2b: Dragonite
|-supereffective|p2b: Dragonite
|-damage|p2b: Dragonite|67/100
|move|p2b: Dragonite|Scale Shot|p1b: Ursaluna
|-damage|p1b: Ursaluna|39/100 brn
|-damage|p1b: Ursaluna|29/100 brn
|-damage|p1b: Ursaluna|19/100 brn
|-crit|p1b: Ursaluna
|-damage|p1b: Ursaluna|2/100 brn
|-damage|p1b: Ursaluna|0 fnt
|faint|p1b: Ursaluna
|-hitcount|p1: Ursaluna|5
|-unboost|p2b: Dragonite|def|1
|-boost|p2b: Dragonite|spe|1
|
|upkeep
|
|t:|1755895213
|switch|p1b: Primarina|Primarina, L50, M|100/100
|switch|p2a: Sneasler|Sneasler, L50, F|100/100
|turn|4
|
|t:|1755895234
|switch|p2b: Incineroar|Incineroar, L50, M, shiny|85/100
|-ability|p2b: Incineroar|Intimidate|boost
|-unboost|p1a: Porygon2|atk|1
|-unboost|p1b: Primarina|atk|1
|move|p2a: Sneasler|Protect|p2a: Sneasler
|-singleturn|p2a: Sneasler|Protect
|move|p1a: Porygon2|Tera Blast|p2a: Sneasler
|-activate|p2a: Sneasler|move: Protect
|move|p1b: Primarina|Hyper Voice|p2a: Sneasler|[spread] p2b
|-activate|p2a: Sneasler|move: Protect
|-supereffective|p2b: Incineroar
|-damage|p2b: Incineroar|16/100
|-enditem|p2b: Incineroar|Sitrus Berry|[eat]
|-heal|p2b: Incineroar|41/100|[from] item: Sitrus Berry
|-enditem|p1b: Primarina|Throat Spray
|-boost|p1b: Primarina|spa|1|[from] item: Throat Spray
|
|-heal|p2b: Incineroar|47/100|[from] Grassy Terrain
|upkeep
|turn|5
|inactive|vonhemmoltz has 30 seconds left.
|inactive|marcusquinn has 30 seconds left.
|inactive|marcusquinn has 20 seconds left.
|inactive|vonhemmoltz has 20 seconds left.
|inactive|vonhemmoltz has 15 seconds left.
|inactive|vonhemmoltz has 10 seconds left.
|inactive|vonhemmoltz has 5 seconds left.
|
|t:|1755895291
|-terastallize|p1a: Porygon2|Fighting
|move|p2b: Incineroar|Fake Out|p1b: Primarina
|-damage|p1b: Primarina|87/100
|move|p1a: Porygon2|Tera Blast|p2b: Incineroar|[anim] Tera Blast Fighting
|-supereffective|p2b: Incineroar
|-damage|p2b: Incineroar|2/100
|cant|p1b: Primarina|flinch
|move|p2a: Sneasler|Dire Claw|p1b: Primarina
|-supereffective|p1b: Primarina
|-damage|p1b: Primarina|0 fnt
|faint|p1b: Primarina
|
|-heal|p2b: Incineroar|8/100|[from] Grassy Terrain
|-fieldend|move: Grassy Terrain
|upkeep
|
|t:|1755895301
|switch|p1b: Rillaboom|Rillaboom, L50, F|35/100
|-fieldstart|move: Grassy Terrain|[from] ability: Grassy Surge|[of] p1b: Rillaboom
|turn|6
|
|t:|1755895315
|move|p2a: Sneasler|Protect|p2a: Sneasler
|-singleturn|p2a: Sneasler|Protect
|move|p1b: Rillaboom|Fake Out|p2b: Incineroar
|-damage|p2b: Incineroar|0 fnt
|faint|p2b: Incineroar
|move|p1a: Porygon2|Ice Beam|p2a: Sneasler
|-activate|p2a: Sneasler|move: Protect
|
|-heal|p1b: Rillaboom|41/100|[from] Grassy Terrain
|-fieldend|move: Trick Room
|upkeep
|
|t:|1755895324
|switch|p2b: Dragonite|Dragonite, L50, M, shiny|67/100
|turn|7
|
|t:|1755895333
|move|p2b: Dragonite|Protect|p2b: Dragonite
|-singleturn|p2b: Dragonite|Protect
|move|p1b: Rillaboom|Grassy Glide|p2a: Sneasler
|-resisted|p2a: Sneasler
|-damage|p2a: Sneasler|70/100
|move|p2a: Sneasler|Dire Claw|p1b: Rillaboom
|-supereffective|p1b: Rillaboom
|-damage|p1b: Rillaboom|0 fnt
|faint|p1b: Rillaboom
|move|p1a: Porygon2|Ice Beam|p2b: Dragonite
|-activate|p2b: Dragonite|move: Protect
|
|-heal|p2a: Sneasler|75/100|[from] Grassy Terrain
|upkeep
|turn|8
|
|t:|1755895348
|move|p2a: Sneasler|Dire Claw|p1a: Porygon2
|-damage|p1a: Porygon2|73/100
|move|p2b: Dragonite|Scale Shot|p1a: Porygon2
|-damage|p1a: Porygon2|66/100
|-damage|p1a: Porygon2|57/100
|-damage|p1a: Porygon2|49/100
|-damage|p1a: Porygon2|42/100
|-damage|p1a: Porygon2|33/100
|-hitcount|p1a: Porygon2|5
|-unboost|p2b: Dragonite|def|1
|-boost|p2b: Dragonite|spe|1
|move|p1a: Porygon2|Ice Beam|p2b: Dragonite
|-supereffective|p2b: Dragonite
|-damage|p2b: Dragonite|0 fnt
|faint|p2b: Dragonite
|
|-heal|p2a: Sneasler|81/100|[from] Grassy Terrain
|-heal|p1a: Porygon2|40/100|[from] Grassy Terrain
|upkeep
|turn|9
|inactive|marcusquinn has 30 seconds left.
|inactive|marcusquinn has 20 seconds left.
|inactive|marcusquinn has 15 seconds left.
|inactive|marcusquinn has 10 seconds left.
|
|t:|1755895396
|move|p2a: Sneasler|Dire Claw|p1a: Porygon2
|-damage|p1a: Porygon2|13/100
|-status|p1a: Porygon2|slp
|cant|p1a: Porygon2|slp
|
|-heal|p2a: Sneasler|87/100|[from] Grassy Terrain
|-heal|p1a: Porygon2|19/100 slp|[from] Grassy Terrain
|upkeep
|turn|10
|-message|vonhemmoltz forfeited.
|
|win|marcusquinn
|raw|vonhemmoltz's rating: 1236 → 1224(-12 for losing)
|raw|marcusquinn's rating: 1435 → 1445(+10 for winning)
|l|☆vonhemmoltz
|player|p1|
