|j|☆ToastedArt
|j|☆14#coder9
|html|ToastedArt14#coder9    
|uhtml|bestof|Game 1 of a best-of-3
|t:|1785364903
|gametype|doubles
|player|p1|ToastedArt|iris|1127
|player|p2|14#coder9|unknown|1094
|gen|9
|tier|[Gen 9 Champions] VGC 2026 Reg M-B (Bo3)
|rated|
|rule|Species Clause: Limit one of each Pokémon
|rule|Item Clause: Limit 1 of each item
|clearpoke
|poke|p1|Falinks, L50, shiny|
|poke|p1|Gholdengo, L50|
|poke|p1|Sinistcha, L50|
|poke|p1|Grimmsnarl, L50, M|
|poke|p1|Incineroar, L50, M|
|poke|p1|Rotom-Wash, L50|
|poke|p2|Charizard, L50, M, shiny|
|poke|p2|Whimsicott, L50, M, shiny|
|poke|p2|Incineroar, L50, F|
|poke|p2|Garchomp, L50, M, shiny|
|poke|p2|Corviknight, L50, F, shiny|
|poke|p2|Rotom-Wash, L50|
|teampreview|4
|showteam|p1|Falinks||Falinksite|Defiant|NoRetreat,CloseCombat,RockSlide,Protect|Adamant|||||50|]Gholdengo||LifeOrb|GoodasGold|MakeItRain,ShadowBall,NastyPlot,Protect|Modest|||||50|]Sinistcha||CobaBerry|Hospitality|MatchaGotcha,RagePowder,TrickRoom,Protect|Relaxed|||||50|]Grimmsnarl||LightClay|Prankster|SpiritBreak,LightScreen,Reflect,PartingShot|Careful||M|||50|]Incineroar||SitrusBerry|Intimidate|FlareBlitz,Taunt,PartingShot,FakeOut|Careful||M|||50|]Rotom-Wash||ChoiceScarf|Levitate|Electroweb,VoltSwitch,HydroPump,WillOWisp|Timid|||||50|
|showteam|p2|Charizard||CharizarditeY|Blaze|HeatWave,Overheat,SolarBeam,Protect|Modest||M|||50|]Whimsicott||FocusSash|Prankster|SunnyDay,Tailwind,Moonblast,Encore|Timid||M|||50|]Incineroar||ChopleBerry|Intimidate|FlareBlitz,PartingShot,FakeOut,ThroatChop|Careful||F|||50|]Garchomp||ChoiceScarf|RoughSkin|RockSlide,DragonClaw,Earthquake,StompingTantrum|Adamant||M|||50|]Corviknight||Leftovers|MirrorArmor|BraveBird,BodyPress,BulkUp,Roost|Impish||F|||50|]Rotom-Wash||SitrusBerry|Levitate|HydroPump,VoltSwitch,WillOWisp,Electroweb|Bold|||||50|
|inactive|Battle timer is ON: inactive players will automatically lose when time's up. (requested by ToastedArt)
|inactive|ToastedArt has 60 seconds left.
|inactive|14#coder9 has 60 seconds left.
|inactive|ToastedArt has 30 seconds left.
|inactive|ToastedArt has 20 seconds left.
|
|t:|1785364979
|teamsize|p1|4
|teamsize|p2|4
|start
|switch|p1a: Grimmsnarl|Grimmsnarl, L50, M|100/100
|switch|p1b: Falinks|Falinks, L50, shiny|100/100
|switch|p2a: Charizard|Charizard, L50, M, shiny|100/100
|switch|p2b: Garchomp|Garchomp, L50, M, shiny|100/100
|turn|1
|
|t:|1785364997
|detailschange|p2a: Charizard|Charizard-Mega-Y, L50, M, shiny
|-mega|p2a: Charizard|Charizard|Charizardite Y
|-weather|SunnyDay|[from] ability: Drought|[of] p2a: Charizard
|detailschange|p1b: Falinks|Falinks-Mega, L50, shiny
|-mega|p1b: Falinks|Falinks|Falinksite
|move|p1b: Falinks|Protect|p1b: Falinks
|-singleturn|p1b: Falinks|Protect
|move|p1a: Grimmsnarl|Light Screen|p1a: Grimmsnarl
|-sidestart|p1: ToastedArt|move: Light Screen
|move|p2b: Garchomp|Earthquake|p1a: Grimmsnarl|[spread] p1a
|-activate|p1b: Falinks|move: Protect
|-immune|p2a: Charizard
|-damage|p1a: Grimmsnarl|57/100
|move|p2a: Charizard|Heat Wave|p1a: Grimmsnarl|[spread] p1a
|-activate|p1b: Falinks|move: Protect
|-damage|p1a: Grimmsnarl|20/100y
|
|-weather|SunnyDay|[upkeep]
|upkeep
|turn|2
|
|t:|1785365020
|move|p1a: Grimmsnarl|Parting Shot|p2a: Charizard
|-unboost|p2a: Charizard|atk|1
|-unboost|p2a: Charizard|spa|1
|
|t:|1785365024
|switch|p1a: Incineroar|Incineroar, L50, M|100/100|[from] Parting Shot
|-ability|p1a: Incineroar|Intimidate|boost
|-unboost|p2a: Charizard|atk|1
|-unboost|p2b: Garchomp|atk|1
|move|p2b: Garchomp|Earthquake|p1b: Falinks|[spread] p1a,p1b
|-immune|p2a: Charizard
|-supereffective|p1a: Incineroar|1
|-damage|p1a: Incineroar|48/100
|-damage|p1b: Falinks|70/100
|-enditem|p1a: Incineroar|Sitrus Berry|[eat]
|-heal|p1a: Incineroar|73/100|[from] item: Sitrus Berry
|move|p1b: Falinks|No Retreat|p1b: Falinks
|-boost|p1b: Falinks|atk|1
|-boost|p1b: Falinks|def|1
|-boost|p1b: Falinks|spa|1
|-boost|p1b: Falinks|spd|1
|-boost|p1b: Falinks|spe|1
|-start|p1b: Falinks|move: No Retreat
|move|p2a: Charizard|Overheat|p1b: Falinks|[miss]
|-miss|p2a: Charizard|p1b: Falinks
|
|-weather|SunnyDay|[upkeep]
|upkeep
|turn|3
|
|t:|1785365047
|switch|p2a: Incineroar|Incineroar, L50, F|100/100
|-ability|p2a: Incineroar|Intimidate|boost
|-unboost|p1a: Incineroar|atk|1
|-unboost|p1b: Falinks|atk|1
|-ability|p1b: Falinks|Defiant|boost
|-boost|p1b: Falinks|atk|2
|move|p1a: Incineroar|Fake Out|p2b: Garchomp
|-damage|p2b: Garchomp|92/100
|-damage|p1a: Incineroar|60/100|[from] ability: Rough Skin|[of] p2b: Garchomp
|cant|p2b: Garchomp|flinch
|move|p1b: Falinks|Rock Slide|p2a: Incineroar|[spread] p2a,p2b
|-supereffective|p2a: Incineroar|1
|-resisted|p2b: Garchomp|1
|-damage|p2a: Incineroar|31/100
|-damage|p2b: Garchomp|70/100
|
|-weather|SunnyDay|[upkeep]
|upkeep
|turn|4
|inactive|14#coder9 has 30 seconds left.
|inactive|ToastedArt has 30 seconds left.
|inactive|14#coder9 has 20 seconds left.
|
|t:|1785365084
|switch|p1a: Grimmsnarl|Grimmsnarl, L50, M|20/100y
|move|p1b: Falinks|Protect|p1b: Falinks
|-singleturn|p1b: Falinks|Protect
|move|p2b: Garchomp|Earthquake|p1b: Falinks|[spread] p2a,p1a
|-activate|p1b: Falinks|move: Protect
|-supereffective|p2a: Incineroar|1
|-damage|p2a: Incineroar|0 fnt
|-damage|p1a: Grimmsnarl|0 fnt
|faint|p2a: Incineroar
|faint|p1a: Grimmsnarl
|
|-weather|SunnyDay|[upkeep]
|upkeep
|
|t:|1785365097
|switch|p2a: Charizard|Charizard-Mega-Y, L50, M, shiny|100/100
|switch|p1a: Incineroar|Incineroar, L50, M|60/100
|-ability|p1a: Incineroar|Intimidate|boost
|-unboost|p2a: Charizard|atk|1
|-unboost|p2b: Garchomp|atk|1
|turn|5
|
|t:|1785365110
|move|p1a: Incineroar|Fake Out|p2b: Garchomp
|-damage|p2b: Garchomp|60/100
|-damage|p1a: Incineroar|48/100|[from] ability: Rough Skin|[of] p2b: Garchomp
|cant|p2b: Garchomp|flinch
|move|p1b: Falinks|Rock Slide|p2a: Charizard|[spread] p2a,p2b
|-supereffective|p2a: Charizard|2
|-resisted|p2b: Garchomp|1
|-damage|p2a: Charizard|0 fnt
|-damage|p2b: Garchomp|39/100
|faint|p2a: Charizard
|
|-weather|none
|upkeep
|
|t:|1785365120
|switch|p2a: Whimsicott|Whimsicott, L50, M, shiny|100/100
|turn|6
|
|t:|1785365130
|switch|p1a: Sinistcha|Sinistcha, L50|100/100
|-heal|p1b: Falinks|95/100|[from] ability: Hospitality|[of] p1a: Sinistcha
|move|p2b: Garchomp|Earthquake|p1a: Sinistcha|[spread] p2a,p1a,p1b
|-resisted|p2a: Whimsicott|1
|-resisted|p1a: Sinistcha|1
|-crit|p1a: Sinistcha
|-damage|p2a: Whimsicott|86/100
|-damage|p1a: Sinistcha|73/100
|-damage|p1b: Falinks|81/100
|move|p1b: Falinks|Close Combat|p2b: Garchomp
|-damage|p2b: Garchomp|0 fnt
|-unboost|p1b: Falinks|def|1
|-unboost|p1b: Falinks|spd|1
|-damage|p1b: Falinks|68/100|[from] ability: Rough Skin|[of] p2b: Garchomp
|faint|p2b: Garchomp
|move|p2a: Whimsicott|Moonblast|p1b: Falinks
|-supereffective|p1b: Falinks|1
|-damage|p1b: Falinks|15/100
|
|upkeep
|turn|7
|
|t:|1785365151
|move|p1a: Sinistcha|Rage Powder|p1a: Sinistcha
|-singleturn|p1a: Sinistcha|move: Rage Powder
|move|p1b: Falinks|Close Combat|p2a: Whimsicott
|-resisted|p2a: Whimsicott|1
|-damage|p2a: Whimsicott|13/100
|-unboost|p1b: Falinks|def|1
|-unboost|p1b: Falinks|spd|1
|move|p2a: Whimsicott|Moonblast|p1b: Falinks
|-supereffective|p1b: Falinks|1
|-damage|p1b: Falinks|0 fnt
|faint|p1b: Falinks
|
|upkeep
|
|t:|1785365154
|switch|p1b: Incineroar|Incineroar, L50, M|48/100
|-ability|p1b: Incineroar|Intimidate|boost
|-unboost|p2a: Whimsicott|atk|1
|turn|8
|inactive|14#coder9 has 30 seconds left.
|
|t:|1785365183
|move|p1b: Incineroar|Fake Out|p2a: Whimsicott
|-damage|p2a: Whimsicott|1/100
|cant|p2a: Whimsicott|flinch
|move|p1a: Sinistcha|Matcha Gotcha|p2a: Whimsicott
|-resisted|p2a: Whimsicott|1
|-damage|p2a: Whimsicott|0 fnt
|-heal|p1a: Sinistcha|74/100|[from] drain|[of] p2a: Whimsicott
|faint|p2a: Whimsicott
|
|win|ToastedArt
