|j|☆Mashuno
|j|☆figglewiggle
|html|Mashunofigglewiggle    
|uhtml|bestof|Game 2 of a best-of-3
|t:|1784070651
|gametype|doubles
|player|p1|Mashuno|harlequin|1159
|player|p2|figglewiggle|102|1251
|gen|9
|tier|[Gen 9 Champions] VGC 2026 Reg M-B (Bo3)
|rated|
|rule|Species Clause: Limit one of each Pokémon
|rule|Item Clause: Limit 1 of each item
|clearpoke
|poke|p1|Talonflame, L50, F|
|poke|p1|Venusaur, L50, M|
|poke|p1|Blastoise, L50, F|
|poke|p1|Sinistcha, L50|
|poke|p1|Sableye, L50, M|
|poke|p1|Gholdengo, L50|
|poke|p2|Incineroar, L50, M|
|poke|p2|Sinistcha, L50|
|poke|p2|Sneasler, L50, F|
|poke|p2|Kingambit, L50, F|
|poke|p2|Delphox, L50, M|
|poke|p2|Floette-Eternal, L50, F|
|teampreview|4
|showteam|p1|Talonflame||FocusSash|FlameBody|Protect,DualWingbeat,Tailwind,RainDance|Jolly||F|||50|]Venusaur||Venusaurite|Chlorophyll|Protect,GigaDrain,SludgeBomb,EarthPower|Modest||M|||50|]Blastoise||Blastoisinite|RainDish|Protect,FakeOut,WaterSpout,DarkPulse|Modest||F|||50|]Sinistcha||SitrusBerry|Hospitality|MatchaGotcha,RagePowder,LifeDew,TrickRoom|Bold|||||50|]Sableye||LightClay|Prankster|FoulPlay,LightScreen,Reflect,RainDance|Impish||M|||50|]Gholdengo||LifeOrb|GoodasGold|Protect,MakeItRain,ShadowBall,PowerGem|Modest|||||50|
|showteam|p2|Incineroar||SitrusBerry|Intimidate|FakeOut,PartingShot,FlareBlitz,HelpingHand|Careful||M|||50|]Sinistcha||KasibBerry|Hospitality|MatchaGotcha,RagePowder,TrickRoom,Protect|Bold|||||50|]Sneasler||FocusSash|Unburden|DireClaw,CloseCombat,QuickGuard,FakeOut|Naive||F|||50|]Kingambit||BlackGlasses|Defiant|KowtowCleave,SuckerPunch,SwordsDance,Protect|Adamant||F|||50|]Delphox||Delphoxite|Blaze|HeatWave,Psychic,NastyPlot,Protect|Timid||M|||50|]Floette-Eternal||Floettite|FlowerVeil|Moonblast,DazzlingGleam,CalmMind,Protect|Timid||F|||50|
|inactive|Battle timer is ON: inactive players will automatically lose when time's up. (requested by figglewiggle)
|inactive|Mashuno has 60 seconds left.
|inactive|figglewiggle has 60 seconds left.
|inactive|Mashuno has 30 seconds left.
|
|t:|1784070726
|teamsize|p1|4
|teamsize|p2|4
|start
|switch|p1a: Ryokugyu|Venusaur, L50, M|100/100
|switch|p1b: 5 Bands Bob|Sableye, L50, M|100/100
|switch|p2a: Floette|Floette-Eternal, L50, F|100/100
|switch|p2b: Incineroar|Incineroar, L50, M|100/100
|-ability|p2b: Incineroar|Intimidate|boost
|-unboost|p1a: Ryokugyu|atk|1
|-unboost|p1b: 5 Bands Bob|atk|1
|turn|1
|
|t:|1784070742
|detailschange|p2a: Floette|Floette-Mega, L50, F
|-mega|p2a: Floette|Floette|Floettite
|-ability|p2a: Floette|Fairy Aura
|move|p1a: Ryokugyu|Protect|p1a: Ryokugyu
|-singleturn|p1a: Ryokugyu|Protect
|move|p2b: Incineroar|Fake Out|p1a: Ryokugyu
|-activate|p1a: Ryokugyu|move: Protect
|move|p1b: 5 Bands Bob|Light Screen|p1b: 5 Bands Bob
|-sidestart|p1: Mashuno|move: Light Screen
|move|p2a: Floette|Calm Mind|p2a: Floette
|-boost|p2a: Floette|spa|1
|-boost|p2a: Floette|spd|1
|
|upkeep
|turn|2
|inactive|Mashuno has 30 seconds left.
|inactive|figglewiggle has 30 seconds left.
|
|t:|1784070771
|switch|p1b: Talonflame|Talonflame, L50, F|100/100
|detailschange|p1a: Ryokugyu|Venusaur-Mega, L50, M
|-mega|p1a: Ryokugyu|Venusaur|Venusaurite
|move|p2a: Floette|Protect|p2a: Floette
|-singleturn|p2a: Floette|Protect
|move|p1a: Ryokugyu|Earth Power|p2b: Incineroar
|-supereffective|p2b: Incineroar|1
|-damage|p2b: Incineroar|53/100
|move|p2b: Incineroar|Parting Shot|p1a: Ryokugyu
|-unboost|p1a: Ryokugyu|atk|1
|-unboost|p1a: Ryokugyu|spa|1
|
|t:|1784070788
|switch|p2b: Sneasler|Sneasler, L50, F|100/100|[from] Parting Shot
|
|upkeep
|turn|3
|
|t:|1784070802
|switch|p1b: 5 Bands Bob|Sableye, L50, M|100/100
|move|p2b: Sneasler|Fake Out|p1b: 5 Bands Bob
|-immune|p1b: 5 Bands Bob
|move|p2a: Floette|Calm Mind|p2a: Floette
|-boost|p2a: Floette|spa|1
|-boost|p2a: Floette|spd|1
|move|p1a: Ryokugyu|Sludge Bomb|p2a: Floette
|-supereffective|p2a: Floette|1
|-damage|p2a: Floette|75/100
|
|upkeep
|turn|4
|
|t:|1784070822
|switch|p1a: Talonflame|Talonflame, L50, F|100/100
|move|p1b: 5 Bands Bob|Reflect|p1b: 5 Bands Bob
|-sidestart|p1: Mashuno|Reflect
|move|p2b: Sneasler|Dire Claw|p1a: Talonflame
|-damage|p1a: Talonflame|64/100
|-status|p1a: Talonflame|par
|-status|p2b: Sneasler|brn|[from] ability: Flame Body|[of] p1a: Talonflame
|move|p2a: Floette|Dazzling Gleam|p1b: 5 Bands Bob|[spread] p1a,p1b
|-resisted|p1a: Talonflame|1
|-supereffective|p1b: 5 Bands Bob|1
|-damage|p1a: Talonflame|28/100 par
|-damage|p1b: 5 Bands Bob|0 fnt
|faint|p1b: 5 Bands Bob
|
|-damage|p2b: Sneasler|94/100 brn|[from] brn
|upkeep
|
|t:|1784070838
|switch|p1b: Ryokugyu|Venusaur-Mega, L50, M|100/100
|turn|5
|inactive|figglewiggle has 30 seconds left.
|
|t:|1784070871
|move|p2b: Sneasler|Dire Claw|p1b: Ryokugyu
|-damage|p1b: Ryokugyu|88/100
|move|p2a: Floette|Dazzling Gleam|p1a: Talonflame|[spread] p1a,p1b
|-resisted|p1a: Talonflame|1
|-resisted|p1b: Ryokugyu|1
|-damage|p1a: Talonflame|0 fnt
|-damage|p1b: Ryokugyu|64/100
|faint|p1a: Talonflame
|move|p1b: Ryokugyu|Earth Power|p2b: Sneasler
|-supereffective|p2b: Sneasler|1
|-damage|p2b: Sneasler|2/100 brn
|
|-damage|p2b: Sneasler|0 fnt|[from] brn
|faint|p2b: Sneasler
|upkeep
|c|☆Mashuno|gg
|
|t:|1784070890
|switch|p1a: Blastoise|Blastoise, L50, F|100/100
|switch|p2b: Incineroar|Incineroar, L50, M|53/100
|-ability|p2b: Incineroar|Intimidate|boost
|-unboost|p1a: Blastoise|atk|1
|-unboost|p1b: Ryokugyu|atk|1
|turn|6
|
|t:|1784070906
|move|p2a: Floette|Protect|p2a: Floette
|-singleturn|p2a: Floette|Protect
|move|p1a: Blastoise|Fake Out|p2b: Incineroar
|-damage|p2b: Incineroar|48/100
|-enditem|p2b: Incineroar|Sitrus Berry|[eat]
|-heal|p2b: Incineroar|73/100|[from] item: Sitrus Berry
|move|p1b: Ryokugyu|Sludge Bomb|p2a: Floette
|-activate|p2a: Floette|move: Protect
|cant|p2b: Incineroar|flinch
|
|upkeep
|turn|7
|
|t:|1784070924
|move|p2a: Floette|Dazzling Gleam|p1b: Ryokugyu|[spread] p1a,p1b
|-resisted|p1b: Ryokugyu|1
|-damage|p1a: Blastoise|47/100
|-damage|p1b: Ryokugyu|40/100
|move|p1b: Ryokugyu|Sludge Bomb|p2a: Floette
|-supereffective|p2a: Floette|1
|-damage|p2a: Floette|40/100
|move|p1a: Blastoise|Water Spout|p2a: Floette|[spread] p2a,p2b
|-supereffective|p2b: Incineroar|1
|-damage|p2a: Floette|31/100
|-damage|p2b: Incineroar|32/100
|move|p2b: Incineroar|Parting Shot|p1b: Ryokugyu
|-unboost|p1b: Ryokugyu|atk|1
|-unboost|p1b: Ryokugyu|spa|1
|
|t:|1784070936
|switch|p2b: Kingambit|Kingambit, L50, F|100/100|[from] Parting Shot
|
|upkeep
|turn|8
|-message|Mashuno forfeited.
|
|win|figglewiggle
|raw|Mashuno's rating: 1159 → 1140(-19 for losing)
|raw|figglewiggle's rating: 1251 → 1270(+19 for winning)
|l|☆figglewiggle
|player|p2|
