|j|☆KastusDiea
|j|☆Crystneel
|html|KastusDieaCrystneel    
|uhtml|bestof|Game 2 of a best-of-3
|t:|1756663182
|gametype|doubles
|player|p1|KastusDiea|pilot|1008
|player|p2|Crystneel|101|1080
|gen|9
|tier|[Gen 9] VGC 2025 Reg H (Bo3)
|rated|
|rule|Species Clause: Limit one of each Pokémon
|rule|Item Clause: Limit 1 of each item
|clearpoke
|poke|p1|Dondozo, L50, M|
|poke|p1|Tatsugiri, L50, M|
|poke|p1|Talonflame, L50, M|
|poke|p1|Dragonite, L50, M|
|poke|p1|Gholdengo, L50|
|poke|p1|Sneasler, L50, F|
|poke|p2|Volcarona, L50, M|
|poke|p2|Electabuzz, L50, F|
|poke|p2|Sneasler, L50, F|
|poke|p2|Rillaboom, L50, F|
|poke|p2|Dragonite, L50, M|
|poke|p2|Ursaluna-Bloodmoon, L50, M|
|teampreview|4
|showteam|p1|Dondozo||Leftovers|Unaware|Protect,Earthquake,WaveCrash,OrderUp|||M|||50|,,,,,Grass]Tatsugiri||ChoiceScarf|Commander|MuddyWater,IcyWind,DracoMeteor,DragonPulse|||M|||50|,,,,,Water]Talonflame||CovertCloak|GaleWings|FlareBlitz,BraveBird,Tailwind,WillOWisp|||M|||50|,,,,,Ghost]Dragonite||ChoiceBand|InnerFocus|Outrage,ExtremeSpeed,StompingTantrum,BrickBreak|||M|||50|,,,,,Normal]Gholdengo||ChoiceSpecs|GoodasGold|MakeItRain,ShadowBall,Thunderbolt,Trick||||||50|,,,,,Steel]Sneasler||FocusSash|PoisonTouch|CloseCombat,DireClaw,FakeOut,Protect|||F|||50|,,,,,Fighting
|showteam|p2|Volcarona||Leftovers|FlameBody|FieryDance,QuiverDance,GigaDrain,Protect|||M|||50|,,,,,Water]Electabuzz||Eviolite|Static|FollowMe,Electroweb,VoltSwitch,Taunt|||F|||50|,,,,,Fairy]Sneasler||GrassySeed|Unburden|DireClaw,CloseCombat,ThroatChop,Protect|||F|||50|,,,,,Dark]Rillaboom||AssaultVest|GrassySurge|FakeOut,GrassyGlide,WoodHammer,Uturn|||F|||50|,,,,,Fire]Dragonite||LoadedDice|Multiscale|ExtremeSpeed,ScaleShot,IceSpinner,LowKick|||M|||50|,,,,,Normal]Ursaluna-Bloodmoon||ThroatSpray|MindsEye|BloodMoon,HyperVoice,EarthPower,Protect|||M|||50|,,,,,Poison
|inactive|Battle timer is ON: inactive players will automatically lose when time's up. (requested by Crystneel)
|
|t:|1756663217
|teamsize|p1|4
|teamsize|p2|4
|start
|switch|p1a: Gholdengo|Gholdengo, L50|100/100
|switch|p1b: Dondozo|Dondozo, L50, M|100/100
|switch|p2a: Electabuzz|Electabuzz, L50, F|100/100
|switch|p2b: Volcarona|Volcarona, L50, M|100/100
|turn|1
|inactive|KastusDiea has 30 seconds left.
|inactive|Crystneel has 30 seconds left.
|inactive|Crystneel has 20 seconds left.
|inactive|Crystneel has 15 seconds left.
|
|t:|1756663261
|switch|p1a: Dragonite|Dragonite, L50, M|100/100
|-terastallize|p1b: Dondozo|Grass
|move|p2b: Volcarona|Fiery Dance|p1a: Dragonite
|-resisted|p1a: Dragonite
|-damage|p1a: Dragonite|85/100
|move|p2a: Electabuzz|Volt Switch|p1a: Dragonite
|-damage|p1a: Dragonite|66/100
|
|t:|1756663270
|switch|p2a: Sneasler|Sneasler, L50, F|100/100|[from] Volt Switch
|move|p1b: Dondozo|Wave Crash|p2b: Volcarona
|-supereffective|p2b: Volcarona
|-damage|p2b: Volcarona|0 fnt
|faint|p2b: Volcarona
|-damage|p1b: Dondozo|72/100|[from] Recoil
|
|-heal|p1b: Dondozo|79/100|[from] item: Leftovers
|upkeep
|
|t:|1756663279
|switch|p2b: Rillaboom|Rillaboom, L50, F|100/100
|-fieldstart|move: Grassy Terrain|[from] ability: Grassy Surge|[of] p2b: Rillaboom
|-enditem|p2a: Sneasler|Grassy Seed
|-boost|p2a: Sneasler|def|1|[from] item: Grassy Seed
|turn|2
|
|t:|1756663295
|switch|p2b: Electabuzz|Electabuzz, L50, F|100/100
|move|p2a: Sneasler|Protect|p2a: Sneasler
|-singleturn|p2a: Sneasler|Protect
|move|p1b: Dondozo|Protect|p1b: Dondozo
|-singleturn|p1b: Dondozo|Protect
|move|p1a: Dragonite|Stomping Tantrum|p2a: Sneasler
|-activate|p2a: Sneasler|move: Protect
|
|-heal|p1b: Dondozo|85/100|[from] Grassy Terrain
|-heal|p1b: Dondozo|91/100|[from] item: Leftovers
|upkeep
|turn|3
|
|t:|1756663306
|switch|p1b: Gholdengo|Gholdengo, L50|100/100
|move|p2b: Electabuzz|Follow Me|p2b: Electabuzz
|-singleturn|p2b: Electabuzz|move: Follow Me
|move|p2a: Sneasler|Dire Claw|p1b: Gholdengo
|-immune|p1b: Gholdengo
|move|p1a: Dragonite|Stomping Tantrum|p2b: Electabuzz
|-supereffective|p2b: Electabuzz
|-damage|p2b: Electabuzz|24/100
|-status|p1a: Dragonite|par|[from] ability: Static|[of] p2b: Electabuzz
|
|-heal|p2b: Electabuzz|30/100|[from] Grassy Terrain
|upkeep
|turn|4
|
|t:|1756663327
|move|p2b: Electabuzz|Follow Me|p2b: Electabuzz
|-singleturn|p2b: Electabuzz|move: Follow Me
|move|p2a: Sneasler|Throat Chop|p1b: Gholdengo
|-supereffective|p1b: Gholdengo
|-damage|p1b: Gholdengo|38/100
|-start|p1b: Gholdengo|Throat Chop|[silent]
|move|p1b: Gholdengo|Make It Rain|p2a: Sneasler|[spread] p2a,p2b
|-resisted|p2b: Electabuzz
|-damage|p2a: Sneasler|0 fnt
|-damage|p2b: Electabuzz|7/100
|-unboost|p1b: Gholdengo|spa|1
|faint|p2a: Sneasler
|cant|p1a: Dragonite|par
|
|-heal|p1b: Gholdengo|44/100|[from] Grassy Terrain
|-heal|p2b: Electabuzz|13/100|[from] Grassy Terrain
|upkeep
|
|t:|1756663336
|switch|p2a: Rillaboom|Rillaboom, L50, F|100/100
|turn|5
|
|t:|1756663350
|move|p2a: Rillaboom|Fake Out|p1a: Dragonite
|-damage|p1a: Dragonite|50/100 par
|move|p1b: Gholdengo|Make It Rain|p2a: Rillaboom|[spread] p2a,p2b
|-resisted|p2b: Electabuzz
|-damage|p2a: Rillaboom|62/100
|-damage|p2b: Electabuzz|0 fnt
|-unboost|p1b: Gholdengo|spa|1
|faint|p2b: Electabuzz
|move|p1a: Dragonite|Stomping Tantrum|p2a: Rillaboom
|-resisted|p2a: Rillaboom
|-damage|p2a: Rillaboom|22/100
|
|-heal|p1b: Gholdengo|50/100|[from] Grassy Terrain
|-heal|p2a: Rillaboom|28/100|[from] Grassy Terrain
|-end|p1b: Gholdengo|Throat Chop|[silent]
|upkeep
|turn|6
|
|t:|1756663372
|move|p1b: Gholdengo|Make It Rain|p2a: Rillaboom
|-damage|p2a: Rillaboom|0 fnt
|-unboost|p1b: Gholdengo|spa|1
|faint|p2a: Rillaboom
|
|win|KastusDiea
|raw|KastusDiea's rating: 1008 → 1055(+47 for winning)
|raw|Crystneel's rating: 1080 → 1054(-26 for losing)
|l|☆KastusDiea
|player|p1|
