|j|☆WestyLiam
|j|☆Sirox185
|html|WestyLiamSirox185    
|uhtml|bestof|Game 2 of a best-of-3
|t:|1757630007
|gametype|doubles
|player|p1|WestyLiam|101|1306
|player|p2|Sirox185|2|1365
|gen|9
|tier|[Gen 9] VGC 2025 Reg H (Bo3)
|rated|
|rule|Species Clause: Limit one of each Pokémon
|rule|Item Clause: Limit 1 of each item
|clearpoke
|poke|p1|Gholdengo, L50|
|poke|p1|Incineroar, L50, M|
|poke|p1|Archaludon, L50, M|
|poke|p1|Pelipper, L50, F|
|poke|p1|Basculegion, L50, M|
|poke|p1|Amoonguss, L50, F|
|poke|p2|Gholdengo, L50|
|poke|p2|Archaludon, L50, F|
|poke|p2|Sneasler, L50, M|
|poke|p2|Pelipper, L50, M|
|poke|p2|Rillaboom, L50, F|
|poke|p2|Incineroar, L50, M|
|teampreview|4
|showteam|p1|Gholdengo||LifeOrb|GoodasGold|MakeItRain,ShadowBall,NastyPlot,Protect||||||50|,,,,,Water]Incineroar||RockyHelmet|Intimidate|KnockOff,Taunt,PartingShot,FakeOut|||M|||50|,,,,,Ghost]Archaludon||AssaultVest|Stamina|ElectroShot,DragonPulse,FlashCannon,BodyPress|||M|||50|,,,,,Bug]Pelipper||FocusSash|Drizzle|WeatherBall,Hurricane,Tailwind,Protect|||F|||50|,,,,,Ground]Basculegion||ChoiceBand|SwiftSwim|WaveCrash,LastRespects,FlipTurn,AquaJet|||M|||50|,,,,,Water]Amoonguss||SitrusBerry|Regenerator|PollenPuff,Spore,RagePowder,Protect|||F|||50|,,,,,Fairy
|showteam|p2|Gholdengo||MetalCoat|GoodasGold|MakeItRain,ShadowBall,NastyPlot,Protect||||||50|,,,,,Fighting]Archaludon||PowerHerb|Sturdy|ElectroShot,DragonPulse,FlashCannon,Protect|||F|||50|,,,,,Electric]Sneasler||GrassySeed|Unburden|CloseCombat,DireClaw,ThroatChop,Protect|||M|||50|,,,,,Dark]Pelipper||ChoiceScarf|Drizzle|WeatherBall,Hurricane,MuddyWater,Tailwind|||M|||50|,,,,,Ghost]Rillaboom||AssaultVest|GrassySurge|FakeOut,WoodHammer,GrassyGlide,HighHorsepower|||F|||50|,,,,,Fire]Incineroar||SafetyGoggles|Intimidate|FakeOut,FlareBlitz,KnockOff,PartingShot|||M|||50|,,,,,Ghost
|
|t:|1757630044
|teamsize|p1|4
|teamsize|p2|4
|start
|switch|p1a: Archaludon|Archaludon, L50, M|100/100
|switch|p1b: Pelipper|Pelipper, L50, F|100/100
|switch|p2a: Sneasler|Sneasler, L50, M|100/100
|switch|p2b: Gholdengo|Gholdengo, L50|100/100
|-weather|RainDance|[from] ability: Drizzle|[of] p1b: Pelipper
|turn|1
|
|t:|1757630073
|switch|p2a: Rillaboom|Rillaboom, L50, F|100/100
|-fieldstart|move: Grassy Terrain|[from] ability: Grassy Surge|[of] p2a: Rillaboom
|-terastallize|p1a: Archaludon|Bug
|move|p2b: Gholdengo|Nasty Plot|p2b: Gholdengo
|-boost|p2b: Gholdengo|spa|2
|move|p1a: Archaludon|Electro Shot||[still]
|-prepare|p1a: Archaludon|Electro Shot
|-boost|p1a: Archaludon|spa|1
|-anim|p1a: Archaludon|Electro Shot|p2b: Gholdengo
|-damage|p2b: Gholdengo|33/100
|move|p1b: Pelipper|Tailwind|p1b: Pelipper
|-sidestart|p1: WestyLiam|move: Tailwind
|
|-weather|RainDance|[upkeep]
|-heal|p2b: Gholdengo|39/100|[from] Grassy Terrain
|upkeep
|turn|2
|j| akabaki
|
|t:|1757630127
|switch|p2a: Sneasler|Sneasler, L50, M|100/100
|-enditem|p2a: Sneasler|Grassy Seed
|-boost|p2a: Sneasler|def|1|[from] item: Grassy Seed
|move|p2b: Gholdengo|Protect|p2b: Gholdengo
|-singleturn|p2b: Gholdengo|Protect
|move|p1a: Archaludon|Electro Shot||[still]
|-prepare|p1a: Archaludon|Electro Shot
|-boost|p1a: Archaludon|spa|1
|-anim|p1a: Archaludon|Electro Shot|p2b: Gholdengo
|-activate|p2b: Gholdengo|move: Protect
|move|p1b: Pelipper|Weather Ball|p2b: Gholdengo
|-activate|p2b: Gholdengo|move: Protect
|
|-weather|RainDance|[upkeep]
|-heal|p2b: Gholdengo|45/100|[from] Grassy Terrain
|upkeep
|turn|3
|
|t:|1757630176
|switch|p2b: Rillaboom|Rillaboom, L50, F|100/100
|move|p2a: Sneasler|Dire Claw|p1b: Pelipper
|-damage|p1b: Pelipper|42/100
|-status|p1b: Pelipper|psn
|move|p1a: Archaludon|Electro Shot||[still]
|-prepare|p1a: Archaludon|Electro Shot
|-boost|p1a: Archaludon|spa|1
|-anim|p1a: Archaludon|Electro Shot|p2b: Rillaboom
|-resisted|p2b: Rillaboom
|-damage|p2b: Rillaboom|66/100
|move|p1b: Pelipper|Hurricane|p2a: Sneasler
|-supereffective|p2a: Sneasler
|-damage|p2a: Sneasler|0 fnt
|faint|p2a: Sneasler
|
|-weather|RainDance|[upkeep]
|-heal|p2b: Rillaboom|72/100|[from] Grassy Terrain
|-damage|p1b: Pelipper|30/100 psn|[from] psn
|upkeep
|
|t:|1757630193
|switch|p2a: Gholdengo|Gholdengo, L50|45/100
|turn|4
|
|t:|1757630201
|move|p2b: Rillaboom|Fake Out|p1a: Archaludon
|-damage|p1a: Archaludon|90/100
|-ability|p1a: Archaludon|Stamina|boost
|-boost|p1a: Archaludon|def|1
|cant|p1a: Archaludon|flinch
|move|p1b: Pelipper|Weather Ball|p2a: Gholdengo
|-damage|p2a: Gholdengo|0 fnt
|faint|p2a: Gholdengo
|
|-weather|RainDance|[upkeep]
|-heal|p1a: Archaludon|96/100|[from] Grassy Terrain
|-heal|p2b: Rillaboom|77/100|[from] Grassy Terrain
|-damage|p1b: Pelipper|17/100 psn|[from] psn
|-sideend|p1: WestyLiam|move: Tailwind
|upkeep
|
|t:|1757630204
|switch|p2a: Pelipper|Pelipper, L50, M|100/100
|turn|5
|
|t:|1757630213
|move|p2a: Pelipper|Muddy Water|p1b: Pelipper|[spread] p1a,p1b
|-resisted|p1b: Pelipper
|-damage|p1a: Archaludon|65/100
|-damage|p1b: Pelipper|0 fnt
|-ability|p1a: Archaludon|Stamina|boost
|-boost|p1a: Archaludon|def|1
|faint|p1b: Pelipper
|move|p1a: Archaludon|Dragon Pulse|p2b: Rillaboom
|-damage|p2b: Rillaboom|15/100
|move|p2b: Rillaboom|High Horsepower|p1a: Archaludon
|-resisted|p1a: Archaludon
|-damage|p1a: Archaludon|59/100
|-ability|p1a: Archaludon|Stamina|boost
|-boost|p1a: Archaludon|def|1
|
|-weather|none
|-heal|p1a: Archaludon|65/100|[from] Grassy Terrain
|-heal|p2b: Rillaboom|21/100|[from] Grassy Terrain
|-fieldend|move: Grassy Terrain
|upkeep
|
|t:|1757630216
|switch|p1b: Incineroar|Incineroar, L50, M|100/100
|-ability|p1b: Incineroar|Intimidate|boost
|-unboost|p2a: Pelipper|atk|1
|-unboost|p2b: Rillaboom|atk|1
|turn|6
|
|t:|1757630223
|-terastallize|p2a: Pelipper|Ghost
|move|p1b: Incineroar|Fake Out|p2a: Pelipper
|-immune|p2a: Pelipper
|move|p2a: Pelipper|Muddy Water|p1a: Archaludon|[spread] p1a
|-miss|p2a: Pelipper|p1b: Incineroar
|-damage|p1a: Archaludon|42/100
|-ability|p1a: Archaludon|Stamina|boost
|-boost|p1a: Archaludon|def|1
|move|p1a: Archaludon|Dragon Pulse|p2b: Rillaboom
|-damage|p2b: Rillaboom|0 fnt
|faint|p2b: Rillaboom
|
|upkeep
|turn|7
|
|t:|1757630238
|move|p2a: Pelipper|Muddy Water|p1a: Archaludon|[spread] p1a,p1b
|-supereffective|p1b: Incineroar
|-damage|p1a: Archaludon|22/100
|-damage|p1b: Incineroar|47/100
|-ability|p1a: Archaludon|Stamina|boost
|-boost|p1a: Archaludon|def|1
|move|p1a: Archaludon|Dragon Pulse|p2a: Pelipper
|-damage|p2a: Pelipper|0 fnt
|faint|p2a: Pelipper
|
|win|WestyLiam
||Sirox185 is ready for game 3.
||WestyLiam is ready for game 3.
|uhtml|next|Next: Game 3 of 3
