|j|☆yunsen
|j|☆SakiVGC
|html|yunsenSakiVGC    
|uhtml|bestof|Game 1 of a best-of-3
|t:|1784655511
|gametype|doubles
|player|p1|yunsen|n|
|player|p2|SakiVGC|bellelba|
|gen|9
|tier|[Gen 9 Champions] VGC 2026 Reg M-B (Bo3)
|rule|Species Clause: Limit one of each Pokémon
|rule|Item Clause: Limit 1 of each item
|clearpoke
|poke|p1|Raichu, L50, F|
|poke|p1|Sinistcha, L50|
|poke|p1|Ceruledge, L50, M|
|poke|p1|Milotic, L50, M|
|poke|p1|Incineroar, L50, M|
|poke|p1|Sneasler, L50, F|
|poke|p2|Incineroar, L50, M|
|poke|p2|Milotic, L50, F|
|poke|p2|Sinistcha-Masterpiece, L50|
|poke|p2|Sylveon, L50, M|
|poke|p2|Kingambit, L50, M|
|poke|p2|Blaziken, L50, F|
|teampreview|4
|showteam|p1|Raichu||RaichuniteY|LightningRod|ZapCannon,FocusBlast,FakeOut,Protect|Timid||F|||50|]Sinistcha||KasibBerry|Hospitality|MatchaGotcha,LifeDew,RagePowder,Protect|Relaxed|||||50|]Ceruledge||ColburBerry|FlashFire|BitterBlade,ShadowSneak,BulkUp,Protect|Adamant||M|||50|]Milotic||Leftovers|Competitive|MuddyWater,Coil,Hypnosis,Protect|Calm||M|||50|]Incineroar||SitrusBerry|Intimidate|FlareBlitz,ThroatChop,FakeOut,PartingShot|Impish||M|||50|]Sneasler||FocusSash|PoisonTouch|FakeOut,CloseCombat,DireClaw,Protect|Jolly||F|||50|
|showteam|p2|Incineroar||SitrusBerry|Intimidate|FlareBlitz,DarkestLariat,FakeOut,PartingShot|Careful||M|||50|]Milotic||Leftovers|Competitive|MuddyWater,Hypnosis,Coil,Protect|Bold||F|||50|]Sinistcha-Masterpiece||ColburBerry|Hospitality|MatchaGotcha,RagePowder,TrickRoom,LifeDew|Bold|||||50|]Sylveon||FairyFeather|Pixilate|HyperVoice,HyperBeam,QuickAttack,Protect|Modest||M|||50|]Kingambit||BlackGlasses|Defiant|SuckerPunch,KowtowCleave,SwordsDance,Protect|Adamant||M|||50|]Blaziken||Blazikenite|SpeedBoost|FlareBlitz,CloseCombat,RockSlide,Detect|Adamant||F|||50|
|inactive|Battle timer is ON: inactive players will automatically lose when time's up. (requested by yunsen)
|inactive|SakiVGC also wants the timer to be on.
|inactive|yunsen has 60 seconds left.
|inactive|SakiVGC has 60 seconds left.
|
|t:|1784655568
|teamsize|p1|4
|teamsize|p2|4
|start
|switch|p1a: Ceruledge|Ceruledge, L50, M|100/100
|switch|p1b: Sneasler|Sneasler, L50, F|100/100
|switch|p2a: Blaziken|Blaziken, L50, F|100/100
|switch|p2b: Kingambit|Kingambit, L50, M|100/100
|turn|1
|inactive|yunsen has 30 seconds left.
|inactive|SakiVGC has 30 seconds left.
|
|t:|1784655615
|detailschange|p2a: Blaziken|Blaziken-Mega, L50, F
|-mega|p2a: Blaziken|Blaziken|Blazikenite
|move|p2b: Kingambit|Protect|p2b: Kingambit
|-singleturn|p2b: Kingambit|Protect
|move|p1b: Sneasler|Fake Out|p2b: Kingambit
|-activate|p2b: Kingambit|move: Protect
|move|p2a: Blaziken|Flare Blitz|p1b: Sneasler
|-enditem|p1b: Sneasler|Focus Sash
|-damage|p1b: Sneasler|1/100
|-damage|p2a: Blaziken|67/100|[from] Recoil
|move|p1a: Ceruledge|Bulk Up|p1a: Ceruledge
|-boost|p1a: Ceruledge|atk|1
|-boost|p1a: Ceruledge|def|1
|
|-ability|p2a: Blaziken|Speed Boost|boost
|-boost|p2a: Blaziken|spe|1
|upkeep
|turn|2
|inactive|yunsen has 30 seconds left.
|inactive|yunsen has 20 seconds left.
|
|t:|1784655653
|move|p1a: Ceruledge|Shadow Sneak|p2a: Blaziken
|-damage|p2a: Blaziken|26/100
|move|p2a: Blaziken|Rock Slide|p1b: Sneasler|[spread] p1a,p1b
|-supereffective|p1a: Ceruledge|1
|-resisted|p1b: Sneasler|1
|-damage|p1a: Ceruledge|61/100
|-damage|p1b: Sneasler|0 fnt
|faint|p1b: Sneasler
|move|p2b: Kingambit|Kowtow Cleave|p1a: Ceruledge
|-supereffective|p1a: Ceruledge|1
|-enditem|p1a: Ceruledge|Colbur Berry|[eat]
|-enditem|p1a: Ceruledge|Colbur Berry|[weaken]
|-damage|p1a: Ceruledge|14/100
|
|-ability|p2a: Blaziken|Speed Boost|boost
|-boost|p2a: Blaziken|spe|1
|upkeep
|
|t:|1784655659
|switch|p1b: Raichu|Raichu, L50, F|100/100
|turn|3
|
|t:|1784655680
|detailschange|p1b: Raichu|Raichu-Mega-Y, L50, F
|-mega|p1b: Raichu|Raichu|Raichunite Y
|move|p2a: Blaziken|Detect|p2a: Blaziken
|-singleturn|p2a: Blaziken|Protect
|move|p2b: Kingambit|Protect|p2b: Kingambit
|-singleturn|p2b: Kingambit|Protect
|move|p1b: Raichu|Fake Out|p2a: Blaziken
|-activate|p2a: Blaziken|move: Protect
|move|p1a: Ceruledge|Bitter Blade|p2b: Kingambit
|-activate|p2b: Kingambit|move: Protect
|
|-ability|p2a: Blaziken|Speed Boost|boost
|-boost|p2a: Blaziken|spe|1
|upkeep
|turn|4
|inactive|SakiVGC has 30 seconds left.
|
|t:|1784655707
|switch|p2b: Sinistcha|Sinistcha-Masterpiece, L50|100/100
|-heal|p2a: Blaziken|51/100|[from] ability: Hospitality|[of] p2b: Sinistcha
|move|p1a: Ceruledge|Shadow Sneak|p2a: Blaziken
|-damage|p2a: Blaziken|5/100
|move|p2a: Blaziken|Rock Slide|p1b: Raichu|[spread] p1a,p1b
|-supereffective|p1a: Ceruledge|1
|-damage|p1a: Ceruledge|0 fnt
|-damage|p1b: Raichu|61/100
|faint|p1a: Ceruledge
|move|p1b: Raichu|Focus Blast|p2b: Sinistcha
|-immune|p2b: Sinistcha
|
|-ability|p2a: Blaziken|Speed Boost|boost
|-boost|p2a: Blaziken|spe|1
|upkeep
|
|t:|1784655714
|switch|p1a: Milotic|Milotic, L50, M|100/100
|turn|5
|inactive|yunsen has 30 seconds left.
|
|t:|1784655740
|move|p2a: Blaziken|Flare Blitz|p1b: Raichu
|-damage|p1b: Raichu|0 fnt
|faint|p1b: Raichu
|-damage|p2a: Blaziken|0 fnt|[from] Recoil
|faint|p2a: Blaziken
|move|p1a: Milotic|Coil|p1a: Milotic
|-boost|p1a: Milotic|atk|1
|-boost|p1a: Milotic|def|1
|-boost|p1a: Milotic|accuracy|1
|move|p2b: Sinistcha|Matcha Gotcha|p1a: Milotic
|-supereffective|p1a: Milotic|1
|-damage|p1a: Milotic|60/100
|
|-heal|p1a: Milotic|66/100|[from] item: Leftovers
|upkeep
|
|t:|1784655744
|switch|p2a: Sylveon|Sylveon, L50, M|100/100
|turn|6
|
|t:|1784655750
|move|p2b: Sinistcha|Rage Powder|p2b: Sinistcha
|-singleturn|p2b: Sinistcha|move: Rage Powder
|move|p1a: Milotic|Muddy Water|p2b: Sinistcha|[spread] p2a,p2b
|-resisted|p2b: Sinistcha|1
|-damage|p2a: Sylveon|83/100
|-damage|p2b: Sinistcha|86/100
|move|p2a: Sylveon|Hyper Beam|p1a: Milotic
|-damage|p1a: Milotic|0 fnt
|-mustrecharge|p2a: Sylveon
|faint|p1a: Milotic
|
|win|SakiVGC
||SakiVGC is ready for game 2.
||yunsen is ready for game 2.
|uhtml|next|Next: Game 2 of 3
|l|☆SakiVGC
|player|p2|
|j|☆SakiVGC
|player|p2|SakiVGC|bellelba|
