|j|☆aqoursfan1
|j|☆marcosdeltasena31
|html|aqoursfan1marcosdeltasena31    
|uhtml|bestof|Game 2 of a best-of-3
|t:|1786157829
|gametype|doubles
|player|p1|aqoursfan1|anabel-gen7|1414
|player|p2|marcosdeltasena31|hilbert|1366
|gen|9
|tier|[Gen 9 Champions] VGC 2026 Reg M-B (Bo3)
|rated|
|rule|Species Clause: Limit one of each Pokémon
|rule|Item Clause: Limit 1 of each item
|clearpoke
|poke|p1|Whimsicott, L50, F, shiny|
|poke|p1|Raichu, L50, M|
|poke|p1|Kingambit, L50, M|
|poke|p1|Sylveon, L50, M, shiny|
|poke|p1|Charizard, L50, F, shiny|
|poke|p1|Garchomp, L50, M|
|poke|p2|Staraptor, L50, M|
|poke|p2|Delphox, L50, F|
|poke|p2|Whimsicott, L50, F|
|poke|p2|Glimmora, L50, F|
|poke|p2|Garchomp, L50, M|
|poke|p2|Kingambit, L50, F|
|teampreview|4
|showteam|p1|Whimsicott||FocusSash|Prankster|Moonblast,Encore,Tailwind,Protect|Timid||F|||50|]Raichu||RaichuniteY|LightningRod|ZapCannon,FocusBlast,FakeOut,Protect|Timid||M|||50|]Kingambit||ChopleBerry|Defiant|KowtowCleave,SuckerPunch,IronHead,Protect|Adamant||M|||50|]Sylveon||FairyFeather|Pixilate|HyperVoice,HyperBeam,QuickAttack,Detect|Modest||M|||50|]Charizard||CharizarditeY|SolarPower|HeatWave,WeatherBall,SolarBeam,Protect|Modest||F|||50|]Garchomp||LifeOrb|RoughSkin|DragonClaw,Earthquake,StompingTantrum,Protect|Jolly||M|||50|
|showteam|p2|Staraptor||Staraptite|Intimidate|Protect,Roost,CloseCombat,BraveBird|Jolly||M|||50|]Delphox||Delphoxite|Magician|Protect,Psychic,HeatWave,Substitute|Timid||F|||50|]Whimsicott||OccaBerry|Prankster|Moonblast,Tailwind,Charm,LightScreen|Timid||F|||50|]Glimmora||FocusSash|ToxicDebris|SpikyShield,SludgeBomb,EarthPower,PowerGem|Timid||F|||50|]Garchomp||LifeOrb|RoughSkin|Protect,RockSlide,Earthquake,DragonClaw|Jolly||M|||50|]Kingambit||ChopleBerry|Defiant|SuckerPunch,LowKick,IronHead,KowtowCleave|Adamant||F|||50|
|inactive|Battle timer is ON: inactive players will automatically lose when time's up. (requested by aqoursfan1)
|
|t:|1786157847
|teamsize|p1|4
|teamsize|p2|4
|start
|switch|p1a: Garchomp|Garchomp, L50, M|100/100
|switch|p1b: Charizard|Charizard, L50, F, shiny|100/100
|switch|p2a: Glimmora|Glimmora, L50, F|100/100
|switch|p2b: Whimsicott|Whimsicott, L50, F|100/100
|turn|1
|
|t:|1786157864
|move|p1b: Charizard|Protect|p1b: Charizard
|-singleturn|p1b: Charizard|Protect
|move|p2b: Whimsicott|Tailwind|p2b: Whimsicott
|-sidestart|p2: marcosdeltasena31|move: Tailwind
|move|p2a: Glimmora|Sludge Bomb|p1b: Charizard
|-activate|p1b: Charizard|move: Protect
|move|p1a: Garchomp|Earthquake|p2a: Glimmora|[spread] p2a,p2b
|-activate|p1b: Charizard|move: Protect
|-supereffective|p2a: Glimmora|2
|-resisted|p2b: Whimsicott|1
|-enditem|p2a: Glimmora|Focus Sash
|-damage|p2a: Glimmora|1/100
|-damage|p2b: Whimsicott|77/100
|-activate|p2a: Glimmora|ability: Toxic Debris
|-sidestart|p1: aqoursfan1|move: Toxic Spikes
|-damage|p1a: Garchomp|90/100|[from] item: Life Orb
|
|upkeep
|turn|2
|
|t:|1786157885
|switch|p1b: Kingambit|Kingambit, L50, M|100/100
|move|p1a: Garchomp|Protect|p1a: Garchomp
|-singleturn|p1a: Garchomp|Protect
|move|p2b: Whimsicott|Moonblast|p1a: Garchomp
|-activate|p1a: Garchomp|move: Protect
|move|p2a: Glimmora|Earth Power|p1a: Garchomp
|-activate|p1a: Garchomp|move: Protect
|
|upkeep
|turn|3
|
|t:|1786157905
|switch|p1a: Charizard|Charizard, L50, F, shiny|100/100
|move|p1b: Kingambit|Sucker Punch|p2a: Glimmora
|-damage|p2a: Glimmora|0 fnt
|-activate|p2a: Glimmora|ability: Toxic Debris
|-sidestart|p1: aqoursfan1|move: Toxic Spikes
|faint|p2a: Glimmora
|move|p2b: Whimsicott|Moonblast|p1a: Charizard
|-resisted|p1a: Charizard|1
|-damage|p1a: Charizard|86/100
|
|upkeep
|
|t:|1786157910
|switch|p2a: Garchomp|Garchomp, L50, M|100/100
|turn|4
|
|t:|1786157919
|move|p1b: Kingambit|Protect|p1b: Kingambit
|-singleturn|p1b: Kingambit|Protect
|move|p2a: Garchomp|Earthquake|p1a: Charizard|[spread] p2b
|-activate|p1b: Kingambit|move: Protect
|-immune|p1a: Charizard
|-resisted|p2b: Whimsicott|1
|-damage|p2b: Whimsicott|54/100
|-damage|p2a: Garchomp|90/100|[from] item: Life Orb
|move|p2b: Whimsicott|Moonblast|p1b: Kingambit
|-activate|p1b: Kingambit|move: Protect
|move|p1a: Charizard|Heat Wave|p2a: Garchomp|[spread] p2a,p2b
|-resisted|p2a: Garchomp|1
|-supereffective|p2b: Whimsicott|1
|-enditem|p2b: Whimsicott|Occa Berry|[eat]
|-enditem|p2b: Whimsicott|Occa Berry|[weaken]
|-damage|p2a: Garchomp|74/100
|-damage|p2b: Whimsicott|11/100
|-status|p2b: Whimsicott|brn
|
|-damage|p2b: Whimsicott|5/100 brn|[from] brn
|-sideend|p2: marcosdeltasena31|move: Tailwind
|upkeep
|turn|5
|
|t:|1786157940
|move|p2b: Whimsicott|Tailwind|p2b: Whimsicott
|-sidestart|p2: marcosdeltasena31|move: Tailwind
|move|p2a: Garchomp|Rock Slide|p1b: Kingambit|[spread] p1a,p1b
|-supereffective|p1a: Charizard|2
|-resisted|p1b: Kingambit|1
|-damage|p1a: Charizard|0 fnt
|-damage|p1b: Kingambit|90/100
|faint|p1a: Charizard
|-damage|p2a: Garchomp|64/100|[from] item: Life Orb
|move|p1b: Kingambit|Kowtow Cleave|p2a: Garchomp
|-damage|p2a: Garchomp|14/100
|-damage|p1b: Kingambit|78/100|[from] ability: Rough Skin|[of] p2a: Garchomp
|
|-damage|p2b: Whimsicott|0 fnt|[from] brn
|faint|p2b: Whimsicott
|upkeep
|
|t:|1786157950
|switch|p2b: Delphox|Delphox, L50, F|100/100
|switch|p1a: Garchomp|Garchomp, L50, M|90/100
|-status|p1a: Garchomp|tox
|turn|6
|
|t:|1786157958
|move|p2a: Garchomp|Protect|p2a: Garchomp
|-singleturn|p2a: Garchomp|Protect
|move|p2b: Delphox|Protect|p2b: Delphox
|-singleturn|p2b: Delphox|Protect
|move|p1b: Kingambit|Sucker Punch||[still]
|-fail|p1b: Kingambit
|move|p1a: Garchomp|Dragon Claw|p2b: Delphox
|-activate|p2b: Delphox|move: Protect
|
|-damage|p1a: Garchomp|84/100 tox|[from] psn
|upkeep
|turn|7
|
|t:|1786157972
|detailschange|p2b: Delphox|Delphox-Mega, L50, F
|-mega|p2b: Delphox|Delphox|Delphoxite
|move|p1b: Kingambit|Sucker Punch||[still]
|-fail|p1b: Kingambit
|move|p2b: Delphox|Substitute|p2b: Delphox
|-start|p2b: Delphox|Substitute
|-damage|p2b: Delphox|75/100
|move|p2a: Garchomp|Dragon Claw|p1a: Garchomp
|-supereffective|p1a: Garchomp|1
|-damage|p1a: Garchomp|0 fnt
|-damage|p2a: Garchomp|1/100|[from] ability: Rough Skin|[of] p1a: Garchomp
|faint|p1a: Garchomp
|-damage|p2a: Garchomp|0 fnt|[from] item: Life Orb
|faint|p2a: Garchomp
|
|upkeep
|
|t:|1786157976
|switch|p1a: Sylveon|Sylveon, L50, M, shiny|100/100
|-status|p1a: Sylveon|tox
|turn|8
|
|t:|1786157987
|move|p2b: Delphox|Protect|p2b: Delphox
|-singleturn|p2b: Delphox|Protect
|move|p1a: Sylveon|Hyper Voice|p2b: Delphox
|-activate|p2b: Delphox|move: Protect
|move|p1b: Kingambit|Kowtow Cleave|p2b: Delphox
|-activate|p2b: Delphox|move: Protect
|
|-damage|p1a: Sylveon|93/100 tox|[from] psn
|-sideend|p2: marcosdeltasena31|move: Tailwind
|upkeep
|turn|9
|
|t:|1786157994
|move|p1b: Kingambit|Protect|p1b: Kingambit
|-singleturn|p1b: Kingambit|Protect
|move|p2b: Delphox|Heat Wave|p1b: Kingambit|[spread] p1a
|-activate|p1b: Kingambit|move: Protect
|-damage|p1a: Sylveon|62/100 tox
|move|p1a: Sylveon|Hyper Beam|p2b: Delphox
|-resisted|p2b: Delphox|1
|-end|p2b: Delphox|Substitute
|-mustrecharge|p1a: Sylveon
|
|-damage|p1a: Sylveon|50/100g tox|[from] psn
|upkeep
|turn|10
|
|t:|1786158003
|move|p2b: Delphox|Heat Wave|p1b: Kingambit|[spread] p1b
|-miss|p2b: Delphox|p1a: Sylveon
|-supereffective|p1b: Kingambit|1
|-damage|p1b: Kingambit|5/100
|cant|p1a: Sylveon|recharge
|move|p1b: Kingambit|Kowtow Cleave|p2b: Delphox
|-supereffective|p2b: Delphox|1
|-damage|p2b: Delphox|0 fnt
|faint|p2b: Delphox
|
|win|aqoursfan1
