|j|☆Schimmli
|j|☆the winking dol
|html|Schimmlithe winking dol    
|uhtml|bestof|Game 1 of a best-of-3
|t:|1756332435
|gametype|doubles
|player|p1|Schimmli|169|1083
|player|p2|the winking dol|dawn|1053
|gen|9
|tier|[Gen 9] VGC 2025 Reg H (Bo3)
|rated|
|rule|Species Clause: Limit one of each Pokémon
|rule|Item Clause: Limit 1 of each item
|clearpoke
|poke|p1|Weezing-Galar, L50, M|
|poke|p1|Typhlosion-Hisui, L50, M|
|poke|p1|Whimsicott, L50, F|
|poke|p1|Decidueye-Hisui, L50, F|
|poke|p1|Palafin, L50, F|
|poke|p1|Dragapult, L50, F|
|poke|p2|Rillaboom, L50, F|
|poke|p2|Glimmora, L50, M|
|poke|p2|Farigiraf, L50, F|
|poke|p2|Tyranitar, L50, F|
|poke|p2|Kommo-o, L50, M|
|poke|p2|Gholdengo, L50|
|teampreview|4
|showteam|p1|Weezing-Galar||SitrusBerry|NeutralizingGas|Taunt,WillOWisp,SludgeBomb,Protect|||M|||50|,,,,,Ghost]Typhlosion-Hisui||ChoiceSpecs|Blaze|Eruption,Overheat,ShadowBall,Flamethrower|||M|||50|,,,,,Fire]Whimsicott||CovertCloak|Prankster|Tailwind,SunnyDay,Moonblast,Tickle|||F|||50|,,,,,Dark]Decidueye-Hisui||ScopeLens|Scrappy|LeafBlade,TripleArrows,CloseCombat,Protect|||F|||50|,,,,,Electric]Palafin||MysticWater|ZerotoHero|JetPunch,Protect,WaveCrash,Haze|||F|||50|,,,,,Water]Dragapult||ChoiceBand|ClearBody|DragonDarts,PhantomForce,Outrage,Uturn|||F|||50|,,,,,Dragon
|showteam|p2|Rillaboom||MiracleSeed|GrassySurge|WoodHammer,GrassyGlide,HighHorsepower,FakeOut|||F|||50|,,,,,Poison]Glimmora||LifeOrb|ToxicDebris|PowerGem,EarthPower,SludgeWave,SpikyShield|||M|||50|,,,,,Ghost]Farigiraf||SitrusBerry|ArmorTail|Psychic,HyperVoice,FoulPlay,TrickRoom|||F|||50|,,,,,Dark]Tyranitar||AssaultVest|SandStream|RockSlide,KnockOff,LowKick,TeraBlast|||F|||50|,,,,,Ghost]Kommo-o||Leftovers|Overcoat|ClangingScales,AuraSphere,Flamethrower,ClangorousSoul|||M|||50|,,,,,Steel]Gholdengo||ChoiceScarf|GoodasGold|MakeItRain,ShadowBall,Trick,Protect||||||50|,,,,,Steel
|inactive|Battle timer is ON: inactive players will automatically lose when time's up. (requested by the winking dol)
|inactive|the winking dol has 60 seconds left.
|inactive|the winking dol has 30 seconds left.
|
|t:|1756332509
|teamsize|p1|4
|teamsize|p2|4
|start
|switch|p1a: Palafin|Palafin, L50, F|100/100
|switch|p1b: Dragapult|Dragapult, L50, F|100/100
|switch|p2a: Rillaboom|Rillaboom, L50, F|100/100
|switch|p2b: Glimmora|Glimmora, L50, M|100/100
|-fieldstart|move: Grassy Terrain|[from] ability: Grassy Surge|[of] p2a: Rillaboom
|turn|1
|inactive|Schimmli has 30 seconds left.
|inactive|the winking dol has 30 seconds left.
|inactive|Schimmli has 20 seconds left.
|inactive|the winking dol has 20 seconds left.
|inactive|Schimmli has 15 seconds left.
|inactive|the winking dol has 15 seconds left.
|inactive|the winking dol has 10 seconds left.
|
|t:|1756332555
|detailschange|p1a: Palafin|Palafin-Hero, L50, F
|switch|p1a: Whimsicott|Whimsicott, L50, F|100/100
|switch|p2a: Tyranitar|Tyranitar, L50, F|100/100
|-weather|Sandstorm|[from] ability: Sand Stream|[of] p2a: Tyranitar
|move|p1b: Dragapult|Outrage|p2a: Tyranitar
|-damage|p2a: Tyranitar|28/100
|move|p2b: Glimmora|Sludge Wave|p1b: Dragapult|[spread] p2a,p1a,p1b
|-resisted|p2a: Tyranitar
|-supereffective|p1a: Whimsicott
|-resisted|p1b: Dragapult
|-damage|p2a: Tyranitar|19/100
|-damage|p1a: Whimsicott|0 fnt
|-damage|p1b: Dragapult|66/100
|faint|p1a: Whimsicott
|-damage|p2b: Glimmora|90/100|[from] item: Life Orb
|
|-weather|Sandstorm|[upkeep]
|-damage|p1b: Dragapult|60/100|[from] Sandstorm
|-heal|p1b: Dragapult|66/100|[from] Grassy Terrain
|-heal|p2b: Glimmora|96/100|[from] Grassy Terrain
|-heal|p2a: Tyranitar|25/100|[from] Grassy Terrain
|upkeep
|
|t:|1756332574
|switch|p1a: Palafin|Palafin-Hero, L50, F|100/100
|-activate|p1a: Palafin|ability: Zero to Hero
|turn|2
|
|t:|1756332586
|move|p2b: Glimmora|Spiky Shield|p2b: Glimmora
|-singleturn|p2b: Glimmora|move: Protect
|move|p1a: Palafin|Jet Punch|p2a: Tyranitar
|-supereffective|p2a: Tyranitar
|-damage|p2a: Tyranitar|0 fnt
|faint|p2a: Tyranitar
|move|p1b: Dragapult|Outrage|p2b: Glimmora|[from] lockedmove
|-activate|p2b: Glimmora|move: Protect
|-damage|p1b: Dragapult|54/100|[from] Spiky Shield|[of] p2b: Glimmora
|
|-weather|Sandstorm|[upkeep]
|-damage|p1b: Dragapult|48/100|[from] Sandstorm
|-damage|p1a: Palafin|95/100|[from] Sandstorm
|-heal|p1b: Dragapult|54/100|[from] Grassy Terrain
|-heal|p1a: Palafin|100/100|[from] Grassy Terrain
|-heal|p2b: Glimmora|100/100|[from] Grassy Terrain
|upkeep
|
|t:|1756332611
|switch|p2a: Rillaboom|Rillaboom, L50, F|100/100
|turn|3
|
|t:|1756332626
|switch|p2b: Gholdengo|Gholdengo, L50|100/100
|-terastallize|p1b: Dragapult|Dragon
|move|p1a: Palafin|Protect|p1a: Palafin
|-singleturn|p1a: Palafin|Protect
|move|p1b: Dragapult|Outrage|p2a: Rillaboom
|-damage|p2a: Rillaboom|0 fnt
|faint|p2a: Rillaboom
|
|-weather|Sandstorm|[upkeep]
|-damage|p1b: Dragapult|48/100|[from] Sandstorm
|-damage|p1a: Palafin|95/100|[from] Sandstorm
|-heal|p1b: Dragapult|54/100|[from] Grassy Terrain
|-heal|p1a: Palafin|100/100|[from] Grassy Terrain
|upkeep
|
|t:|1756332634
|switch|p2a: Glimmora|Glimmora, L50, M|100/100
|turn|4
|
|t:|1756332651
|-terastallize|p2a: Glimmora|Ghost
|move|p2b: Gholdengo|Shadow Ball|p1b: Dragapult
|-damage|p1b: Dragapult|0 fnt
|faint|p1b: Dragapult
|move|p1a: Palafin|Wave Crash|p2a: Glimmora
|-damage|p2a: Glimmora|0 fnt
|-activate|p2a: Glimmora|ability: Toxic Debris
|-sidestart|p1: Schimmli|move: Toxic Spikes
|faint|p2a: Glimmora
|-damage|p1a: Palafin|64/100|[from] Recoil
|
|-weather|Sandstorm|[upkeep]
|-damage|p1a: Palafin|59/100|[from] Sandstorm
|-heal|p1a: Palafin|64/100|[from] Grassy Terrain
|upkeep
|
|t:|1756332665
|switch|p1b: Decidueye|Decidueye-Hisui, L50, F|100/100
|-status|p1b: Decidueye|psn
|turn|5
|
|t:|1756332682
|move|p2b: Gholdengo|Shadow Ball|p1b: Decidueye
|-damage|p1b: Decidueye|53/100 psn
|move|p1a: Palafin|Wave Crash|p2b: Gholdengo
|-damage|p2b: Gholdengo|0 fnt
|faint|p2b: Gholdengo
|-damage|p1a: Palafin|34/100|[from] Recoil
|
|win|Schimmli
||Schimmli is ready for game 2.
|inactive|the winking dol has 30 seconds to confirm battle start!
||the winking dol is ready for game 2.
|uhtml|next|Next: Game 2 of 3
|l|☆Schimmli
|player|p1|
