|j|☆theminesoftagawa
|j|☆karma74
|html|theminesoftagawakarma74    
|uhtml|bestof|Game 1 of a best-of-3
|t:|1757775697
|gametype|doubles
|player|p1|theminesoftagawa|101|
|player|p2|karma74|1|
|gen|9
|tier|[Gen 9] VGC 2025 Reg H (Bo3)
|rule|Species Clause: Limit one of each Pokémon
|rule|Item Clause: Limit 1 of each item
|clearpoke
|poke|p1|Dondozo, L50, F|
|poke|p1|Tatsugiri, L50, F|
|poke|p1|Whimsicott, L50, M|
|poke|p1|Ursaluna-Bloodmoon, L50, M|
|poke|p1|Indeedee, L50, M|
|poke|p1|Sneasler, L50, M|
|poke|p2|Kingambit, L50, M|
|poke|p2|Volcarona, L50, M|
|poke|p2|Salamence, L50, M|
|poke|p2|Basculegion, L50, M|
|poke|p2|Sneasler, L50, M|
|poke|p2|Rillaboom, L50, M|
|teampreview|4
|showteam|p1|Dondozo||Leftovers|Unaware|Protect,HeavySlam,WaveCrash,OrderUp|||F|||50|,,,,,Steel]Tatsugiri||FocusSash|Commander|MuddyWater,DracoMeteor,IcyWind,Protect|||F|||50|,,,,,Fairy]Whimsicott||CovertCloak|Prankster|Moonblast,Tailwind,HelpingHand,LightScreen|||M|||50|,,,,,Water]Ursaluna-Bloodmoon||LifeOrb|MindsEye|Protect,HyperVoice,BloodMoon,EarthPower|||M|||50|,,,,,Normal]Indeedee||ChoiceScarf|PsychicSurge|SkillSwap,Trick,ExpandingForce,TeraBlast|||M|||50|,,,,,Psychic]Sneasler||PsychicSeed|Unburden|Protect,DireClaw,CloseCombat,ThroatChop|||M|||50|,,,,,Dark
|showteam|p2|Kingambit||SafetyGoggles|Defiant|KowtowCleave,SuckerPunch,Protect,SwordsDance|||M|||50|,,,,,Dark]Volcarona||CovertCloak|FlameBody|RagePowder,HeatWave,QuiverDance,TeraBlast|||M|||50|,,,,,Fairy]Salamence||LifeOrb|Intimidate|Tailwind,DracoMeteor,AirSlash,SunnyDay|||M|||50|,,,,,Steel]Basculegion||ChoiceScarf|Adaptability|WaveCrash,LastRespects,FlipTurn,AquaJet|||M|||50|,,,,,Water]Sneasler||GrassySeed|Unburden|Taunt,Protect,CloseCombat,DireClaw|||M|||50|,,,,,Stellar]Rillaboom||AssaultVest|GrassySurge|WoodHammer,FakeOut,GrassyGlide,Uturn|||M|||50|,,,,,Fire
|c|☆karma74|glhf bro
|c|☆theminesoftagawa|glhf
|
|t:|1757775747
|teamsize|p1|4
|teamsize|p2|4
|start
|switch|p1a: Indeedee|Indeedee, L50, M|100/100
|switch|p1b: Sneasler|Sneasler, L50, M|100/100
|switch|p2a: Rillaboom|Rillaboom, L50, M|100/100
|switch|p2b: Sneasler|Sneasler, L50, M|100/100
|-fieldstart|move: Psychic Terrain|[from] ability: Psychic Surge|[of] p1a: Indeedee
|-enditem|p1b: Sneasler|Psychic Seed
|-boost|p1b: Sneasler|spd|1|[from] item: Psychic Seed
|-fieldstart|move: Grassy Terrain|[from] ability: Grassy Surge|[of] p2a: Rillaboom
|-enditem|p2b: Sneasler|Grassy Seed
|-boost|p2b: Sneasler|def|1|[from] item: Grassy Seed
|turn|1
|
|t:|1757775780
|switch|p2a: Salamence|Salamence, L50, M|100/100
|-ability|p2a: Salamence|Intimidate|boost
|-unboost|p1a: Indeedee|atk|1
|-unboost|p1b: Sneasler|atk|1
|move|p2b: Sneasler|Dire Claw|p1a: Indeedee
|-damage|p1a: Indeedee|0 fnt
|faint|p1a: Indeedee
|move|p1b: Sneasler|Dire Claw|p2a: Salamence
|-damage|p2a: Salamence|67/100
|
|upkeep
|
|t:|1757775791
|switch|p1a: Dondozo|Dondozo, L50, F|100/100
|turn|2
|
|t:|1757775812
|switch|p1b: Tatsugiri|Tatsugiri, L50, F|100/100
|-activate|p1b: Tatsugiri|ability: Commander|[of] p1a: Dondozo
|-boost|p1a: Dondozo|atk|2
|-boost|p1a: Dondozo|spa|2
|-boost|p1a: Dondozo|spe|2
|-boost|p1a: Dondozo|def|2
|-boost|p1a: Dondozo|spd|2
|switch|p2a: Rillaboom|Rillaboom, L50, M|100/100
|-terastallize|p1a: Dondozo|Steel
|move|p2b: Sneasler|Dire Claw|p1a: Dondozo
|-immune|p1a: Dondozo
|move|p1a: Dondozo|Order Up|p2a: Rillaboom
|-damage|p2a: Rillaboom|54/100
|-boost|p1a: Dondozo|atk|1
|
|-heal|p2a: Rillaboom|60/100|[from] Grassy Terrain
|upkeep
|turn|3
|
|t:|1757775837
|switch|p2a: Salamence|Salamence, L50, M|67/100
|-ability|p2a: Salamence|Intimidate|boost
|-unboost|p1a: Dondozo|atk|1
|-unboost|p1b: Tatsugiri|atk|1
|move|p1a: Dondozo|Protect|p1a: Dondozo
|-singleturn|p1a: Dondozo|Protect
|move|p2b: Sneasler|Taunt|p1a: Dondozo
|-activate|p1a: Dondozo|move: Protect
|
|upkeep
|turn|4
|
|t:|1757775858
|-terastallize|p2a: Salamence|Steel
|move|p2b: Sneasler|Taunt|p1a: Dondozo
|-start|p1a: Dondozo|move: Taunt
|move|p1a: Dondozo|Wave Crash|p2b: Sneasler
|-damage|p2b: Sneasler|0 fnt
|faint|p2b: Sneasler
|-damage|p1a: Dondozo|78/100|[from] Recoil
|move|p2a: Salamence|Draco Meteor|p1a: Dondozo
|-resisted|p1a: Dondozo
|-damage|p1a: Dondozo|60/100
|-unboost|p2a: Salamence|spa|2
|-damage|p2a: Salamence|57/100|[from] item: Life Orb
|
|-heal|p1a: Dondozo|66/100|[from] Grassy Terrain
|-heal|p1a: Dondozo|73/100|[from] item: Leftovers
|-heal|p2a: Salamence|63/100|[from] Grassy Terrain
|upkeep
|
|t:|1757775871
|switch|p2b: Rillaboom|Rillaboom, L50, M|60/100
|turn|5
|
|t:|1757775881
|move|p2b: Rillaboom|Fake Out|p1a: Dondozo
|-resisted|p1a: Dondozo
|-damage|p1a: Dondozo|70/100
|cant|p1a: Dondozo|flinch
|move|p2a: Salamence|Draco Meteor|p1a: Dondozo
|-resisted|p1a: Dondozo
|-damage|p1a: Dondozo|51/100
|-unboost|p2a: Salamence|spa|2
|-damage|p2a: Salamence|53/100|[from] item: Life Orb
|
|-heal|p1a: Dondozo|57/100|[from] Grassy Terrain
|-heal|p1a: Dondozo|63/100|[from] item: Leftovers
|-heal|p2a: Salamence|59/100|[from] Grassy Terrain
|-heal|p2b: Rillaboom|66/100|[from] Grassy Terrain
|-fieldend|move: Grassy Terrain
|upkeep
|turn|6
|
|t:|1757775906
|switch|p2a: Basculegion|Basculegion, L50, M|100/100
|move|p1a: Dondozo|Order Up|p2b: Rillaboom
|-damage|p2b: Rillaboom|19/100
|-boost|p1a: Dondozo|atk|1
|move|p2b: Rillaboom|U-turn|p1a: Dondozo
|-resisted|p1a: Dondozo
|-damage|p1a: Dondozo|59/100
|
|t:|1757775914
|switch|p2b: Salamence|Salamence, L50, M, tera:Steel|59/100|[from] U-turn
|-ability|p2b: Salamence|Intimidate|boost
|-unboost|p1a: Dondozo|atk|1
|-unboost|p1b: Tatsugiri|atk|1
|
|-heal|p1a: Dondozo|65/100|[from] item: Leftovers
|-end|p1a: Dondozo|move: Taunt
|upkeep
|turn|7
|
|t:|1757775923
|switch|p2b: Rillaboom|Rillaboom, L50, M|19/100
|-fieldstart|move: Grassy Terrain|[from] ability: Grassy Surge|[of] p2b: Rillaboom
|move|p2a: Basculegion|Last Respects|p1a: Dondozo
|-damage|p1a: Dondozo|40/100
|move|p1a: Dondozo|Order Up|p2a: Basculegion
|-damage|p2a: Basculegion|40/100
|-boost|p1a: Dondozo|atk|1
|
|-heal|p2a: Basculegion|46/100|[from] Grassy Terrain
|-heal|p1a: Dondozo|47/100|[from] Grassy Terrain
|-heal|p1a: Dondozo|53/100|[from] item: Leftovers
|-heal|p2b: Rillaboom|25/100|[from] Grassy Terrain
|upkeep
|turn|8
|
|t:|1757775941
|switch|p2b: Salamence|Salamence, L50, M, tera:Steel|59/100
|-ability|p2b: Salamence|Intimidate|boost
|-unboost|p1a: Dondozo|atk|1
|-unboost|p1b: Tatsugiri|atk|1
|move|p1a: Dondozo|Protect|p1a: Dondozo
|-singleturn|p1a: Dondozo|Protect
|move|p2a: Basculegion|Last Respects|p1a: Dondozo
|-activate|p1a: Dondozo|move: Protect
|
|-heal|p2a: Basculegion|52/100|[from] Grassy Terrain
|-heal|p1a: Dondozo|59/100|[from] Grassy Terrain
|-heal|p1a: Dondozo|65/100|[from] item: Leftovers
|-heal|p2b: Salamence|65/100|[from] Grassy Terrain
|upkeep
|turn|9
|
|t:|1757775950
|move|p2a: Basculegion|Last Respects|p1a: Dondozo
|-damage|p1a: Dondozo|41/100
|move|p1a: Dondozo|Order Up|p2a: Basculegion
|-damage|p2a: Basculegion|0 fnt
|faint|p2a: Basculegion
|-boost|p1a: Dondozo|atk|1
|move|p2b: Salamence|Draco Meteor|p1a: Dondozo
|-resisted|p1a: Dondozo
|-damage|p1a: Dondozo|24/100
|-unboost|p2b: Salamence|spa|2
|-damage|p2b: Salamence|56/100|[from] item: Life Orb
|
|-heal|p1a: Dondozo|30/100|[from] Grassy Terrain
|-heal|p1a: Dondozo|36/100|[from] item: Leftovers
|-heal|p2b: Salamence|61/100|[from] Grassy Terrain
|upkeep
|
|t:|1757775957
|switch|p2a: Rillaboom|Rillaboom, L50, M|25/100
|turn|10
|
|t:|1757775967
|move|p1a: Dondozo|Protect|p1a: Dondozo
|-singleturn|p1a: Dondozo|Protect
|move|p2a: Rillaboom|Fake Out|p1a: Dondozo
|-activate|p1a: Dondozo|move: Protect
|move|p2b: Salamence|Draco Meteor|p1a: Dondozo
|-activate|p1a: Dondozo|move: Protect
|
|-heal|p1a: Dondozo|43/100|[from] Grassy Terrain
|-heal|p1a: Dondozo|49/100|[from] item: Leftovers
|-heal|p2b: Salamence|67/100|[from] Grassy Terrain
|-heal|p2a: Rillaboom|31/100|[from] Grassy Terrain
|upkeep
|turn|11
|
|t:|1757775981
|move|p1a: Dondozo|Order Up|p2a: Rillaboom
|-damage|p2a: Rillaboom|0 fnt
|faint|p2a: Rillaboom
|-boost|p1a: Dondozo|atk|1
|move|p2b: Salamence|Draco Meteor|p1a: Dondozo
|-resisted|p1a: Dondozo
|-damage|p1a: Dondozo|31/100
|-unboost|p2b: Salamence|spa|2
|-damage|p2b: Salamence|58/100|[from] item: Life Orb
|
|-heal|p1a: Dondozo|37/100|[from] Grassy Terrain
|-heal|p1a: Dondozo|43/100|[from] item: Leftovers
|-heal|p2b: Salamence|63/100|[from] Grassy Terrain
|-fieldend|move: Grassy Terrain
|upkeep
|turn|12
|
|t:|1757775995
|move|p1a: Dondozo|Wave Crash|p2b: Salamence
|-damage|p2b: Salamence|0 fnt
|faint|p2b: Salamence
|-damage|p1a: Dondozo|26/100|[from] Recoil
|
|win|theminesoftagawa
||karma74 is ready for game 2.
