|j|☆Reboquete
|j|☆abscondia_licorice
|html|Reboqueteabscondia_licorice    
|uhtml|bestof|Game 2 of a best-of-3
|t:|1785593975
|gametype|doubles
|player|p1|Reboquete|iris-gen5bw2|1279
|player|p2|abscondia_licorice|fisherman|1184
|gen|9
|tier|[Gen 9 Champions] VGC 2026 Reg M-B (Bo3)
|rated|
|rule|Species Clause: Limit one of each Pokémon
|rule|Item Clause: Limit 1 of each item
|clearpoke
|poke|p1|Tyranitar, L50, F|
|poke|p1|Staraptor, L50, M|
|poke|p1|Excadrill, L50, M|
|poke|p1|Milotic, L50, M|
|poke|p1|Gholdengo, L50|
|poke|p1|Sinistcha-Masterpiece, L50|
|poke|p2|Tyranitar, L50, F|
|poke|p2|Excadrill, L50, F|
|poke|p2|Gholdengo, L50|
|poke|p2|Milotic, L50, F|
|poke|p2|Sinistcha, L50|
|poke|p2|Staraptor, L50, F|
|teampreview|4
|showteam|p1|Tyranitar||Tyranitarite|SandStream|RockSlide,KnockOff,Protect,HighHorsepower|Jolly||F|||50|]Staraptor||Staraptite|Intimidate|CloseCombat,BraveBird,Tailwind,Protect|Jolly||M|||50|]Excadrill||FocusSash|SandRush|IronHead,Earthquake,Protect,RockSlide|Adamant||M|||50|]Milotic||SitrusBerry|Competitive|Scald,IcyWind,Haze,Protect|Calm||M|||50|]Gholdengo||LifeOrb|GoodasGold|ShadowBall,MakeItRain,Protect,NastyPlot|Modest|||||50|]Sinistcha-Masterpiece||ColburBerry|Hospitality|MatchaGotcha,ShadowBall,Protect,RagePowder|Bold|||||50|
|showteam|p2|Tyranitar||Tyranitarite|SandStream|RockSlide,KnockOff,LowKick,Protect|Jolly||F|||50|]Excadrill||FocusSash|SandRush|HighHorsepower,IronHead,RockSlide,Protect|Adamant||F|||50|]Gholdengo||LifeOrb|GoodasGold|MakeItRain,ShadowBall,NastyPlot,Protect|Modest|||||50|]Milotic||SitrusBerry|Competitive|Scald,IceBeam,IcyWind,Protect|Calm||F|||50|]Sinistcha||ColburBerry|Hospitality|MatchaGotcha,ShadowBall,RagePowder,Protect|Bold|||||50|]Staraptor||Staraptite|Intimidate|BraveBird,CloseCombat,Tailwind,Protect|Jolly||F|||50|
|inactive|Battle timer is ON: inactive players will automatically lose when time's up. (requested by abscondia_licorice)
|inactive|abscondia_licorice has 60 seconds left.
|
|t:|1785594015
|teamsize|p1|4
|teamsize|p2|4
|start
|switch|p1a: Gholdengo|Gholdengo, L50|100/100
|switch|p1b: Staraptor|Staraptor, L50, M|100/100
|switch|p2a: Milotic|Milotic, L50, F|100/100
|switch|p2b: Sinistcha|Sinistcha, L50|100/100
|-ability|p1b: Staraptor|Intimidate|boost
|-unboost|p2a: Milotic|atk|1
|-ability|p2a: Milotic|Competitive|boost
|-boost|p2a: Milotic|spa|2
|-unboost|p2b: Sinistcha|atk|1
|turn|1
|inactive|abscondia_licorice has 30 seconds left.
|
|t:|1785594044
|switch|p2b: Staraptor|Staraptor, L50, F|100/100
|-ability|p2b: Staraptor|Intimidate|boost
|-unboost|p1a: Gholdengo|atk|1
|-unboost|p1b: Staraptor|atk|1
|detailschange|p1b: Staraptor|Staraptor-Mega, L50, M
|-mega|p1b: Staraptor|Staraptor|Staraptite
|move|p1b: Staraptor|Close Combat|p2a: Milotic
|-damage|p2a: Milotic|65/100
|-boost|p1b: Staraptor|def|1
|-boost|p1b: Staraptor|spd|1
|move|p1a: Gholdengo|Shadow Ball|p2b: Staraptor
|-immune|p2b: Staraptor
|move|p2a: Milotic|Icy Wind|p1a: Gholdengo|[spread] p1a
|-miss|p2a: Milotic|p1b: Staraptor
|-resisted|p1a: Gholdengo|1
|-damage|p1a: Gholdengo|89/100
|-unboost|p1a: Gholdengo|spe|1
|
|upkeep
|turn|2
|inactive|Reboquete has 30 seconds left.
|inactive|abscondia_licorice has 30 seconds left.
|
|t:|1785594070
|move|p1b: Staraptor|Close Combat|p2a: Milotic
|-damage|p2a: Milotic|29/100
|-boost|p1b: Staraptor|def|1
|-boost|p1b: Staraptor|spd|1
|-enditem|p2a: Milotic|Sitrus Berry|[eat]
|-heal|p2a: Milotic|53/100|[from] item: Sitrus Berry
|move|p2b: Staraptor|Brave Bird|p1b: Staraptor
|-supereffective|p1b: Staraptor|1
|-damage|p1b: Staraptor|51/100
|-damage|p2b: Staraptor|84/100|[from] Recoil
|move|p2a: Milotic|Ice Beam|p1b: Staraptor
|-supereffective|p1b: Staraptor|1
|-damage|p1b: Staraptor|1/100
|move|p1a: Gholdengo|Nasty Plot|p1a: Gholdengo
|-boost|p1a: Gholdengo|spa|2
|
|upkeep
|turn|3
|inactive|abscondia_licorice has 30 seconds left.
|inactive|abscondia_licorice has 20 seconds left.
|inactive|abscondia_licorice has 15 seconds left.
|
|t:|1785594113
|switch|p2b: Sinistcha|Sinistcha, L50|100/100
|-heal|p2a: Milotic|78/100|[from] ability: Hospitality|[of] p2b: Sinistcha
|move|p1b: Staraptor|Tailwind|p1b: Staraptor
|-sidestart|p1: Reboquete|move: Tailwind
|move|p1a: Gholdengo|Shadow Ball|p2a: Milotic
|-damage|p2a: Milotic|9/100
|-damage|p1a: Gholdengo|79/100|[from] item: Life Orb
|move|p2a: Milotic|Icy Wind|p1b: Staraptor|[spread] p1a,p1b
|-resisted|p1a: Gholdengo|1
|-supereffective|p1b: Staraptor|1
|-damage|p1a: Gholdengo|69/100
|-damage|p1b: Staraptor|0 fnt
|-unboost|p1a: Gholdengo|spe|1
|faint|p1b: Staraptor
|
|upkeep
|inactive|Reboquete has 30 seconds left.
|
|t:|1785594139
|switch|p1b: Excadrill|Excadrill, L50, M|100/100
|turn|4
|inactive|abscondia_licorice has 30 seconds left.
|
|t:|1785594172
|move|p2a: Milotic|Protect|p2a: Milotic
|-singleturn|p2a: Milotic|Protect
|move|p2b: Sinistcha|Protect|p2b: Sinistcha
|-singleturn|p2b: Sinistcha|Protect
|move|p1b: Excadrill|Rock Slide|p2a: Milotic|[spread] 
|-activate|p2a: Milotic|move: Protect
|-activate|p2b: Sinistcha|move: Protect
|move|p1a: Gholdengo|Shadow Ball|p2b: Sinistcha
|-activate|p2b: Sinistcha|move: Protect
|
|upkeep
|turn|5
|
|t:|1785594193
|move|p2b: Sinistcha|Rage Powder|p2b: Sinistcha
|-singleturn|p2b: Sinistcha|move: Rage Powder
|move|p1b: Excadrill|Rock Slide|p2b: Sinistcha|[spread] p2a,p2b
|-damage|p2a: Milotic|0 fnt
|-damage|p2b: Sinistcha|83/100
|faint|p2a: Milotic
|move|p1a: Gholdengo|Shadow Ball|p2b: Sinistcha
|-supereffective|p2b: Sinistcha|1
|-damage|p2b: Sinistcha|0 fnt
|faint|p2b: Sinistcha
|-damage|p1a: Gholdengo|59/100|[from] item: Life Orb
|
|upkeep
|
|t:|1785594204
|switch|p2a: Staraptor|Staraptor, L50, F|84/100
|switch|p2b: Excadrill|Excadrill, L50, F|100/100
|-ability|p2a: Staraptor|Intimidate|boost
|-unboost|p1a: Gholdengo|atk|1
|-unboost|p1b: Excadrill|atk|1
|turn|6
|inactive|abscondia_licorice has 30 seconds left.
|
|t:|1785594239
|switch|p1b: Milotic|Milotic, L50, M|100/100
|detailschange|p2a: Staraptor|Staraptor-Mega, L50, F
|-mega|p2a: Staraptor|Staraptor|Staraptite
|move|p2b: Excadrill|Protect|p2b: Excadrill
|-singleturn|p2b: Excadrill|Protect
|move|p2a: Staraptor|Tailwind|p2a: Staraptor
|-sidestart|p2: abscondia_licorice|move: Tailwind
|move|p1a: Gholdengo|Make It Rain|p2b: Excadrill|[spread] p2a
|-activate|p2b: Excadrill|move: Protect
|-damage|p2a: Staraptor|0 fnt
|-unboost|p1a: Gholdengo|spa|2
|faint|p2a: Staraptor
|-damage|p1a: Gholdengo|50/100g|[from] item: Life Orb
|
|-sideend|p1: Reboquete|move: Tailwind
|upkeep
|turn|7
|
|t:|1785594262
|move|p1a: Gholdengo|Protect|p1a: Gholdengo
|-singleturn|p1a: Gholdengo|Protect
|move|p2b: Excadrill|High Horsepower|p1a: Gholdengo
|-activate|p1a: Gholdengo|move: Protect
|move|p1b: Milotic|Scald|p2b: Excadrill
|-supereffective|p2b: Excadrill|1
|-damage|p2b: Excadrill|19/100
|
|upkeep
|turn|8
|
|t:|1785594275
|move|p2b: Excadrill|Rock Slide|p1b: Milotic|[spread] p1a
|-miss|p2b: Excadrill|p1b: Milotic
|-resisted|p1a: Gholdengo|1
|-damage|p1a: Gholdengo|41/100
|move|p1b: Milotic|Scald|p2b: Excadrill
|-supereffective|p2b: Excadrill|1
|-damage|p2b: Excadrill|0 fnt
|faint|p2b: Excadrill
|
|win|Reboquete
|raw|Reboquete's rating: 1279 → 1297(+18 for winning)
|raw|abscondia_licorice's rating: 1184 → 1166(-18 for losing)
