|j|☆That1Morpecko
|j|☆Fixxxxxxxxxx
|html|That1MorpeckoFixxxxxxxxxx    
|uhtml|bestof|Game 2 of a best-of-3
|t:|1782742311
|gametype|doubles
|player|p1|That1Morpecko|hiker-gen4|1186
|player|p2|Fixxxxxxxxxx|266|1060
|gen|9
|tier|[Gen 9 Champions] VGC 2026 Reg M-B (Bo3)
|rated|
|rule|Species Clause: Limit one of each Pokémon
|rule|Item Clause: Limit 1 of each item
|clearpoke
|poke|p1|Sinistcha, L50|
|poke|p1|Incineroar, L50, F|
|poke|p1|Milotic, L50, M|
|poke|p1|Raichu, L50, M|
|poke|p1|Floette-Eternal, L50, F|
|poke|p1|Ceruledge, L50, M|
|poke|p2|Torkoal, L50, M|
|poke|p2|Farigiraf, L50, F|
|poke|p2|Mamoswine, L50, M|
|poke|p2|Venusaur, L50, F|
|poke|p2|Scrafty, L50, F|
|poke|p2|Pyroar, L50, M|
|teampreview|4
|showteam|p1|Sinistcha||KasibBerry|Hospitality|MatchaGotcha,LifeDew,RagePowder,Protect|Relaxed|||||50|]Incineroar||SitrusBerry|Intimidate|FlareBlitz,ThroatChop,FakeOut,PartingShot|Impish||F|||50|]Milotic||Leftovers|Competitive|MuddyWater,Coil,Hypnosis,Protect|Calm||M|||50|]Raichu||RaichuniteY|LightningRod|ZapCannon,FocusBlast,FakeOut,Protect|Timid||M|||50|]Floette-Eternal||Floettite|FlowerVeil|DazzlingGleam,DrainingKiss,CalmMind,Protect|Timid||F|||50|]Ceruledge||ColburBerry|FlashFire|BitterBlade,ShadowSneak,BulkUp,Protect|Adamant||M|||50|
|showteam|p2|Torkoal||HeatRock|Drought|Eruption,WeatherBall,HelpingHand,Protect|Quiet||M|||50|]Farigiraf||SitrusBerry|ArmorTail|Psychic,Thunder,TrickRoom,Protect|Quiet||F|||50|]Mamoswine||FocusSash|Oblivious|HighHorsepower,RockSlide,IceShard,Protect|Jolly||M|||50|]Venusaur||LifeOrb|Chlorophyll|EnergyBall,SludgeBomb,EarthPower,Protect|Modest||F|||50|]Scrafty||Scraftinite|Intimidate|KnockOff,DrainPunch,FakeOut,IcePunch|Adamant||F|||50|]Pyroar||Pyroarite|Unnerve|HeatWave,Overheat,SolarBeam,Protect|Timid||M|||50|
|inactive|Battle timer is ON: inactive players will automatically lose when time's up. (requested by That1Morpecko)
|
|t:|1782742334
|teamsize|p1|4
|teamsize|p2|4
|start
|switch|p1a: Raichu|Raichu, L50, M|100/100
|switch|p1b: Incineroar|Incineroar, L50, F|100/100
|switch|p2a: Scrafty|Scrafty, L50, F|100/100
|switch|p2b: Farigiraf|Farigiraf, L50, F|100/100
|-ability|p1b: Incineroar|Intimidate|boost
|-unboost|p2a: Scrafty|atk|1
|-unboost|p2b: Farigiraf|atk|1
|-ability|p2a: Scrafty|Intimidate|boost
|-unboost|p1a: Raichu|atk|1
|-unboost|p1b: Incineroar|atk|1
|turn|1
|inactive|That1Morpecko has 30 seconds left.
|
|t:|1782742362
|detailschange|p1a: Raichu|Raichu-Mega-Y, L50, M
|-mega|p1a: Raichu|Raichu|Raichunite Y
|detailschange|p2a: Scrafty|Scrafty-Mega, L50, F
|-mega|p2a: Scrafty|Scrafty|Scraftinite
|-ability|p2a: Scrafty|Intimidate|boost
|-unboost|p1a: Raichu|atk|1
|-unboost|p1b: Incineroar|atk|1
|move|p2a: Scrafty|Fake Out|p1a: Raichu
|-damage|p1a: Raichu|83/100
|cant|p1a: Raichu|flinch
|move|p1b: Incineroar|Throat Chop|p2b: Farigiraf
|-supereffective|p2b: Farigiraf|1
|-damage|p2b: Farigiraf|69/100
|-start|p2b: Farigiraf|Throat Chop|[silent]
|move|p2b: Farigiraf|Trick Room|p2b: Farigiraf
|-fieldstart|move: Trick Room|[of] p2b: Farigiraf
|
|upkeep
|turn|2
|
|t:|1782742381
|move|p1a: Raichu|Protect|p1a: Raichu
|-singleturn|p1a: Raichu|Protect
|move|p2b: Farigiraf|Psychic|p1a: Raichu
|-activate|p1a: Raichu|move: Protect
|move|p1b: Incineroar|Parting Shot|p2a: Scrafty
|-unboost|p2a: Scrafty|atk|1
|-unboost|p2a: Scrafty|spa|1
|
|t:|1782742388
|switch|p1b: Sinistcha|Sinistcha, L50|100/100|[from] Parting Shot
|-heal|p1a: Raichu|100/100|[from] ability: Hospitality|[of] p1b: Sinistcha
|move|p2a: Scrafty|Drain Punch|p1a: Raichu
|-activate|p1a: Raichu|move: Protect
|
|-end|p2b: Farigiraf|Throat Chop|[silent]
|upkeep
|turn|3
|
|t:|1782742398
|move|p1b: Sinistcha|Rage Powder|p1b: Sinistcha
|-singleturn|p1b: Sinistcha|move: Rage Powder
|move|p2b: Farigiraf|Psychic|p1b: Sinistcha
|-damage|p1b: Sinistcha|61/100
|move|p2a: Scrafty|Knock Off|p1b: Sinistcha
|-supereffective|p1b: Sinistcha|1
|-damage|p1b: Sinistcha|12/100
|-enditem|p1b: Sinistcha|Kasib Berry|[from] move: Knock Off|[of] p2a: Scrafty
|move|p1a: Raichu|Focus Blast|p2a: Scrafty
|-supereffective|p2a: Scrafty|1
|-damage|p2a: Scrafty|38/100
|-unboost|p2a: Scrafty|spd|1
|
|upkeep
|turn|4
|inactive|Fixxxxxxxxxx has 30 seconds left.
|
|t:|1782742424
|move|p1b: Sinistcha|Rage Powder|p1b: Sinistcha
|-singleturn|p1b: Sinistcha|move: Rage Powder
|move|p2b: Farigiraf|Psychic|p1b: Sinistcha
|-damage|p1b: Sinistcha|0 fnt
|faint|p1b: Sinistcha
|move|p2a: Scrafty|Knock Off|p1a: Raichu
|-damage|p1a: Raichu|70/100
|move|p1a: Raichu|Focus Blast|p2a: Scrafty
|-supereffective|p2a: Scrafty|1
|-damage|p2a: Scrafty|0 fnt
|faint|p2a: Scrafty
|
|upkeep
|
|t:|1782742440
|switch|p1b: Milotic|Milotic, L50, M|100/100
|switch|p2a: Venusaur|Venusaur, L50, F|100/100
|turn|5
|
|t:|1782742459
|move|p1a: Raichu|Protect|p1a: Raichu
|-singleturn|p1a: Raichu|Protect
|move|p2b: Farigiraf|Psychic|p1b: Milotic
|-damage|p1b: Milotic|74/100
|move|p1b: Milotic|Coil|p1b: Milotic
|-boost|p1b: Milotic|atk|1
|-boost|p1b: Milotic|def|1
|-boost|p1b: Milotic|accuracy|1
|move|p2a: Venusaur|Energy Ball|p1b: Milotic
|-supereffective|p1b: Milotic|1
|-damage|p1b: Milotic|0 fnt
|faint|p1b: Milotic
|-damage|p2a: Venusaur|90/100|[from] item: Life Orb
|
|-fieldend|move: Trick Room
|upkeep
|
|t:|1782742470
|switch|p1b: Incineroar|Incineroar, L50, F|100/100
|-ability|p1b: Incineroar|Intimidate|boost
|-unboost|p2a: Venusaur|atk|1
|-unboost|p2b: Farigiraf|atk|1
|turn|6
|
|t:|1782742494
|move|p2a: Venusaur|Protect|p2a: Venusaur
|-singleturn|p2a: Venusaur|Protect
|move|p1a: Raichu|Zap Cannon|p2b: Farigiraf
|-damage|p2b: Farigiraf|11/100
|-status|p2b: Farigiraf|par
|-enditem|p2b: Farigiraf|Sitrus Berry|[eat]
|-heal|p2b: Farigiraf|35/100 par|[from] item: Sitrus Berry
|move|p1b: Incineroar|Throat Chop|p2b: Farigiraf
|-supereffective|p2b: Farigiraf|1
|-crit|p2b: Farigiraf
|-damage|p2b: Farigiraf|0 fnt
|faint|p2b: Farigiraf
|
|upkeep
|
|t:|1782742506
|switch|p2b: Torkoal|Torkoal, L50, M|100/100
|-weather|SunnyDay|[from] ability: Drought|[of] p2b: Torkoal
|turn|7
|
|t:|1782742520
|move|p2b: Torkoal|Helping Hand|p2a: Venusaur
|-singleturn|p2a: Venusaur|Helping Hand|[of] p2b: Torkoal
|move|p2a: Venusaur|Earth Power|p1b: Incineroar
|-supereffective|p1b: Incineroar|1
|-damage|p1b: Incineroar|0 fnt
|faint|p1b: Incineroar
|-damage|p2a: Venusaur|80/100|[from] item: Life Orb
|move|p1a: Raichu|Zap Cannon|p2a: Venusaur
|-resisted|p2a: Venusaur|1
|-damage|p2a: Venusaur|44/100
|-status|p2a: Venusaur|par
|
|-weather|SunnyDay|[upkeep]
|upkeep
|turn|8
|
|t:|1782742534
|move|p1a: Raichu|Zap Cannon|p2a: Venusaur
|-resisted|p2a: Venusaur|1
|-damage|p2a: Venusaur|11/100 par
|move|p2a: Venusaur|Earth Power|p1a: Raichu
|-supereffective|p1a: Raichu|1
|-damage|p1a: Raichu|0 fnt
|faint|p1a: Raichu
|-damage|p2a: Venusaur|1/100 par|[from] item: Life Orb
|
|win|Fixxxxxxxxxx
||That1Morpecko is ready for game 3.
||Fixxxxxxxxxx is ready for game 3.
|uhtml|next|Next: Game 3 of 3
