|j|☆Ceriii
|j|☆mikewww
|html|Ceriiimikewww    
|uhtml|bestof|Game 3 of a best-of-3
|t:|1784245567
|gametype|doubles
|player|p1|Ceriii|miku-flying|
|player|p2|mikewww|swimmer-gen4dp|
|gen|9
|tier|[Gen 9 Champions] VGC 2026 Reg M-B (Bo3)
|rule|Species Clause: Limit one of each Pokémon
|rule|Item Clause: Limit 1 of each item
|clearpoke
|poke|p1|Chandelure, L50, M|
|poke|p1|Chesnaught, L50, F, shiny|
|poke|p1|Greninja, L50, F|
|poke|p1|Jolteon, L50, F|
|poke|p1|Krookodile, L50, M|
|poke|p1|Ariados, L50, F|
|poke|p2|Ariados, L50, F|
|poke|p2|Liepard, L50, F|
|poke|p2|Chandelure, L50, F|
|poke|p2|Krookodile, L50, M|
|poke|p2|Gardevoir, L50, M|
|poke|p2|Barbaracle, L50, M|
|teampreview|4
|showteam|p1|Chandelure||FocusSash|Infiltrator|HeatWave,ShadowBall,TrickRoom,Protect|Modest||M|||50|]Chesnaught||Chesnaughtite|Bulletproof|BodyPress,SpikyShield,WideGuard,WoodHammer|Adamant||F|||50|]Greninja||Greninjite|Torrent|IcyWind,Protect,HydroPump,DarkPulse|Timid||F|||50|]Jolteon||ChoiceScarf|VoltAbsorb|VoltSwitch,Thunderbolt,Electroweb,AlluringVoice|Modest||F|||50|]Krookodile||PasshoBerry|Intimidate|Crunch,Taunt,Protect,HighHorsepower|Adamant||M|||50|]Ariados||ScopeLens|Sniper|CrossPoison,Protect,RagePowder,KnockOff|Jolly||F|||50|
|showteam|p2|Ariados||SitrusBerry|Insomnia|Protect,PoisonJab,StringShot,RagePowder|Impish||F|||50|]Liepard||FocusSash|Prankster|KnockOff,Taunt,Encore,FakeOut|Jolly||F|||50|]Chandelure||Chandelurite|FlashFire|Protect,HeatWave,ShadowBall,TrickRoom|Modest||F|||50|]Krookodile||ChoiceScarf|Intimidate|HighHorsepower,Earthquake,KnockOff,GunkShot|Adamant||M|||50|]Gardevoir||FairyFeather|Telepathy|Protect,DazzlingGleam,Moonblast,Psychic|Modest||M|||50|]Barbaracle||Barbaracite|ToughClaws|Protect,RockSlide,CloseCombat,ShellSmash|Adamant||M|||50|
|inactive|Battle timer is ON: inactive players will automatically lose when time's up. (requested by mikewww)
|
|t:|1784245594
|teamsize|p1|4
|teamsize|p2|4
|start
|switch|p1a: Chandelure|Chandelure, L50, M|100/100
|switch|p1b: Jolteon|Jolteon, L50, F|100/100
|switch|p2a: Krookodile|Krookodile, L50, M|100/100
|switch|p2b: Gardevoir|Gardevoir, L50, M|100/100
|-ability|p2a: Krookodile|Intimidate|boost
|-unboost|p1a: Chandelure|atk|1
|-unboost|p1b: Jolteon|atk|1
|turn|1
|inactive|mikewww has 30 seconds left.
|inactive|mikewww has 20 seconds left.
|
|t:|1784245631
|switch|p1a: Greninja|Greninja, L50, F|100/100
|move|p2b: Gardevoir|Protect|p2b: Gardevoir
|-singleturn|p2b: Gardevoir|Protect
|move|p1b: Jolteon|Volt Switch|p2b: Gardevoir
|-activate|p2b: Gardevoir|move: Protect
|move|p2a: Krookodile|High Horsepower|p1a: Greninja
|-damage|p1a: Greninja|25/100
|
|upkeep
|turn|2
|
|t:|1784245655
|move|p1a: Greninja|Protect|p1a: Greninja
|-singleturn|p1a: Greninja|Protect
|move|p1b: Jolteon|Volt Switch|p2b: Gardevoir
|-damage|p2b: Gardevoir|65/100
|
|t:|1784245659
|switch|p1b: Ariados|Ariados, L50, F|100/100|[from] Volt Switch
|move|p2a: Krookodile|High Horsepower|p1a: Greninja
|-activate|p1a: Greninja|move: Protect
|move|p2b: Gardevoir|Moonblast|p1b: Ariados
|-resisted|p1b: Ariados|1
|-damage|p1b: Ariados|60/100
|
|upkeep
|turn|3
|
|t:|1784245672
|detailschange|p1a: Greninja|Greninja-Mega, L50, F
|-mega|p1a: Greninja|Greninja|Greninjite
|move|p1b: Ariados|Rage Powder|p1b: Ariados
|-singleturn|p1b: Ariados|move: Rage Powder
|move|p2a: Krookodile|High Horsepower|p1b: Ariados
|-damage|p1b: Ariados|3/100
|move|p1a: Greninja|Hydro Pump|p2a: Krookodile
|-start|p1a: Greninja|typechange|Water|[from] ability: Protean
|-supereffective|p2a: Krookodile|1
|-damage|p2a: Krookodile|0 fnt
|faint|p2a: Krookodile
|move|p2b: Gardevoir|Moonblast|p1b: Ariados
|-resisted|p1b: Ariados|1
|-damage|p1b: Ariados|0 fnt
|faint|p1b: Ariados
|
|upkeep
|
|t:|1784245687
|switch|p2a: Ariados|Ariados, L50, F|100/100
|switch|p1b: Jolteon|Jolteon, L50, F|100/100
|turn|4
|
|t:|1784245696
|move|p2a: Ariados|Rage Powder|p2a: Ariados
|-singleturn|p2a: Ariados|move: Rage Powder
|move|p1b: Jolteon|Volt Switch|p2a: Ariados
|-damage|p2a: Ariados|60/100
|
|t:|1784245699
|switch|p1b: Chandelure|Chandelure, L50, M|100/100|[from] Volt Switch
|move|p1a: Greninja|Icy Wind|p2b: Gardevoir|[spread] p2b
|-miss|p1a: Greninja|p2a: Ariados
|-damage|p2b: Gardevoir|49/100
|-unboost|p2b: Gardevoir|spe|1
|move|p2b: Gardevoir|Dazzling Gleam|p1b: Chandelure|[spread] p1a,p1b
|-resisted|p1b: Chandelure|1
|-damage|p1a: Greninja|0 fnt
|-damage|p1b: Chandelure|77/100
|faint|p1a: Greninja
|
|upkeep
|
|t:|1784245705
|switch|p1a: Jolteon|Jolteon, L50, F|100/100
|turn|5
|inactive|mikewww has 30 seconds left.
|
|t:|1784245731
|move|p2a: Ariados|Rage Powder|p2a: Ariados
|-singleturn|p2a: Ariados|move: Rage Powder
|move|p1a: Jolteon|Electroweb|p2b: Gardevoir|[spread] p2a,p2b
|-damage|p2a: Ariados|38/100
|-damage|p2b: Gardevoir|28/100
|-unboost|p2a: Ariados|spe|1
|-unboost|p2b: Gardevoir|spe|1
|-enditem|p2a: Ariados|Sitrus Berry|[eat]
|-heal|p2a: Ariados|63/100|[from] item: Sitrus Berry
|move|p1b: Chandelure|Heat Wave|p2a: Ariados|[spread] p2a,p2b
|-supereffective|p2a: Ariados|1
|-damage|p2a: Ariados|0 fnt
|-damage|p2b: Gardevoir|0 fnt
|faint|p2a: Ariados
|faint|p2b: Gardevoir
|
|upkeep
|c|☆mikewww|oof I should have known gardy wouldn't live that
|inactive|mikewww has 30 seconds left.
|
|t:|1784245756
|switch|p2a: Chandelure|Chandelure, L50, F|100/100
|turn|6
|
|t:|1784245767
|detailschange|p2a: Chandelure|Chandelure-Mega, L50, F
|-mega|p2a: Chandelure|Chandelure|Chandelurite
|move|p1a: Jolteon|Electroweb|p2a: Chandelure
|-damage|p2a: Chandelure|70/100
|-unboost|p2a: Chandelure|spe|1
|move|p1b: Chandelure|Shadow Ball|p2a: Chandelure
|-supereffective|p2a: Chandelure|1
|-damage|p2a: Chandelure|0 fnt
|faint|p2a: Chandelure
|
|win|Ceriii
|c|☆Ceriii|GGs
|c|☆mikewww|ggs!
|l|☆mikewww
|player|p2|
