|j|☆Can I pet the dog?
|j|☆lettitripppp
|html|Can I pet the dog?lettitripppp    
|uhtml|bestof|Game 1 of a best-of-3
|t:|1783194964
|gametype|doubles
|player|p1|Can I pet the dog?|yancy|1332
|player|p2|lettitripppp|lucas|1241
|gen|9
|tier|[Gen 9 Champions] VGC 2026 Reg M-B (Bo3)
|rated|
|rule|Species Clause: Limit one of each Pokémon
|rule|Item Clause: Limit 1 of each item
|clearpoke
|poke|p1|Sinistcha, L50|
|poke|p1|Incineroar, L50, F|
|poke|p1|Milotic, L50, M|
|poke|p1|Raichu, L50, M|
|poke|p1|Floette-Eternal, L50, F|
|poke|p1|Ceruledge, L50, F|
|poke|p2|Charizard, L50, F|
|poke|p2|Floette-Eternal, L50, F|
|poke|p2|Basculegion, L50, M|
|poke|p2|Whimsicott, L50, F, shiny|
|poke|p2|Garchomp, L50, F, shiny|
|poke|p2|Kingambit, L50, M, shiny|
|teampreview|4
|showteam|p1|Sinistcha||KasibBerry|Hospitality|MatchaGotcha,LifeDew,RagePowder,Protect|Relaxed|||||50|]Incineroar||SitrusBerry|Intimidate|FlareBlitz,ThroatChop,FakeOut,PartingShot|Impish||F|||50|]Milotic||Leftovers|Competitive|MuddyWater,Coil,Hypnosis,Protect|Calm||M|||50|]Raichu||RaichuniteY|LightningRod|ZapCannon,FocusBlast,FakeOut,Protect|Timid||M|||50|]Floette-Eternal||Floettite|FlowerVeil|DazzlingGleam,DrainingKiss,CalmMind,Protect|Timid||F|||50|]Ceruledge||ColburBerry|FlashFire|BitterBlade,ShadowSneak,BulkUp,Protect|Adamant||F|||50|
|showteam|p2|Charizard||CharizarditeY|Blaze|WeatherBall,SolarBeam,HeatWave,Protect|Modest||F|||50|]Floette-Eternal||Floettite|FlowerVeil|DazzlingGleam,LightofRuin,Moonblast,Protect|Timid||F|||50|]Basculegion||MysticWater|Adaptability|LastRespects,WaveCrash,AquaJet,Protect|Adamant||M|||50|]Whimsicott||FocusSash|Prankster|Moonblast,Tailwind,Encore,Protect|Timid||F|||50|]Garchomp||LifeOrb|RoughSkin|DragonClaw,Earthquake,RockSlide,Protect|Jolly||F|||50|]Kingambit||OccaBerry|Defiant|KowtowCleave,SuckerPunch,IronHead,Protect|Adamant||M|||50|
|inactive|Battle timer is ON: inactive players will automatically lose when time's up. (requested by lettitripppp)
|inactive|Can I pet the dog? also wants the timer to be on.
|inactive|Can I pet the dog? has 60 seconds left.
|
|t:|1783195010
|teamsize|p1|4
|teamsize|p2|4
|start
|switch|p1a: Incineroar|Incineroar, L50, F|100/100
|switch|p1b: Raichu|Raichu, L50, M|100/100
|switch|p2a: GHOSTWAVE|Basculegion, L50, M|100/100
|switch|p2b: LETS GO GO|Whimsicott, L50, F, shiny|100/100
|-ability|p1a: Incineroar|Intimidate|boost
|-unboost|p2a: GHOSTWAVE|atk|1
|-unboost|p2b: LETS GO GO|atk|1
|turn|1
|
|t:|1783195031
|switch|p2a: CRUSH SHARK|Garchomp, L50, F, shiny|100/100
|detailschange|p1b: Raichu|Raichu-Mega-Y, L50, M
|-mega|p1b: Raichu|Raichu|Raichunite Y
|move|p2b: LETS GO GO|Protect|p2b: LETS GO GO
|-singleturn|p2b: LETS GO GO|Protect
|move|p1b: Raichu|Zap Cannon|p2a: CRUSH SHARK
|-immune|p2a: CRUSH SHARK
|move|p1a: Incineroar|Parting Shot|p2a: CRUSH SHARK
|-unboost|p2a: CRUSH SHARK|atk|1
|-unboost|p2a: CRUSH SHARK|spa|1
|
|t:|1783195038
|switch|p1a: Ceruledge|Ceruledge, L50, F|100/100|[from] Parting Shot
|
|upkeep
|turn|2
|
|t:|1783195044
|switch|p1b: Incineroar|Incineroar, L50, F|100/100
|-ability|p1b: Incineroar|Intimidate|boost
|-unboost|p2a: CRUSH SHARK|atk|1
|-unboost|p2b: LETS GO GO|atk|1
|move|p2b: LETS GO GO|Tailwind|p2b: LETS GO GO
|-sidestart|p2: lettitripppp|move: Tailwind
|move|p2a: CRUSH SHARK|Earthquake|p1b: Incineroar|[spread] p2b,p1a,p1b
|-resisted|p2b: LETS GO GO|1
|-supereffective|p1a: Ceruledge|1
|-supereffective|p1b: Incineroar|1
|-damage|p2b: LETS GO GO|83/100
|-damage|p1a: Ceruledge|46/100
|-damage|p1b: Incineroar|63/100
|-damage|p2a: CRUSH SHARK|90/100|[from] item: Life Orb
|move|p1a: Ceruledge|Bitter Blade|p2b: LETS GO GO
|-supereffective|p2b: LETS GO GO|1
|-damage|p2b: LETS GO GO|0 fnt
|-heal|p1a: Ceruledge|79/100|[from] drain|[of] p2b: LETS GO GO
|faint|p2b: LETS GO GO
|
|upkeep
|
|t:|1783195055
|switch|p2b: GHOSTWAVE|Basculegion, L50, M|100/100
|turn|3
|inactive|Can I pet the dog? has 30 seconds left.
|
|t:|1783195085
|move|p1a: Ceruledge|Protect|p1a: Ceruledge
|-singleturn|p1a: Ceruledge|Protect
|move|p2a: CRUSH SHARK|Rock Slide|p1b: Incineroar|[spread] p1b
|-activate|p1a: Ceruledge|move: Protect
|-supereffective|p1b: Incineroar|1
|-damage|p1b: Incineroar|46/100
|-enditem|p1b: Incineroar|Sitrus Berry|[eat]
|-heal|p1b: Incineroar|70/100|[from] item: Sitrus Berry
|-damage|p2a: CRUSH SHARK|80/100|[from] item: Life Orb
|move|p2b: GHOSTWAVE|Wave Crash|p1a: Ceruledge
|-activate|p1a: Ceruledge|move: Protect
|move|p1b: Incineroar|Parting Shot|p2b: GHOSTWAVE
|-unboost|p2b: GHOSTWAVE|atk|1
|-unboost|p2b: GHOSTWAVE|spa|1
|
|t:|1783195093
|switch|p1b: Sinistcha|Sinistcha, L50|100/100|[from] Parting Shot
|-heal|p1a: Ceruledge|100/100|[from] ability: Hospitality|[of] p1b: Sinistcha
|
|upkeep
|turn|4
|
|t:|1783195103
|move|p1b: Sinistcha|Rage Powder|p1b: Sinistcha
|-singleturn|p1b: Sinistcha|move: Rage Powder
|move|p2a: CRUSH SHARK|Rock Slide|p1a: Ceruledge|[spread] 
|-miss|p2a: CRUSH SHARK|p1a: Ceruledge
|-miss|p2a: CRUSH SHARK|p1b: Sinistcha
|move|p2b: GHOSTWAVE|Last Respects|p1b: Sinistcha
|-supereffective|p1b: Sinistcha|1
|-enditem|p1b: Sinistcha|Kasib Berry|[eat]
|-enditem|p1b: Sinistcha|Kasib Berry|[weaken]
|-damage|p1b: Sinistcha|62/100
|move|p1a: Ceruledge|Bulk Up|p1a: Ceruledge
|-boost|p1a: Ceruledge|atk|1
|-boost|p1a: Ceruledge|def|1
|
|upkeep
|turn|5
|-message|lettitripppp forfeited.
|raw|Can I pet the dog?'s rating: 1332 → 1347(+15 for winning)
|raw|lettitripppp's rating: 1241 → 1222(-19 for losing)
|
|win|Can I pet the dog?
