|j|☆lettitripppp
|j|☆puli95
|html|lettitripppppuli95    
|uhtml|bestof|Game 1 of a best-of-3
|t:|1785457187
|gametype|doubles
|player|p1|lettitripppp|lucas|1166
|player|p2|puli95|266|1060
|gen|9
|tier|[Gen 9 Champions] VGC 2026 Reg M-B (Bo3)
|rated|
|rule|Species Clause: Limit one of each Pokémon
|rule|Item Clause: Limit 1 of each item
|clearpoke
|poke|p1|Charizard, L50, F|
|poke|p1|Glimmora, L50, F|
|poke|p1|Ninetales-Alola, L50, M|
|poke|p1|Whimsicott, L50, M, shiny|
|poke|p1|Kingambit, L50, F, shiny|
|poke|p1|Kommo-o, L50, M|
|poke|p2|Tyranitar, L50, F|
|poke|p2|Talonflame, L50, M|
|poke|p2|Excadrill, L50, F|
|poke|p2|Milotic, L50, M|
|poke|p2|Sinistcha, L50|
|poke|p2|Incineroar, L50, M|
|teampreview|4
|showteam|p1|Charizard||CharizarditeY|Blaze|WeatherBall,SolarBeam,HeatWave,Protect|Modest||F|||50|]Glimmora||Glimmoranite|ToxicDebris|SludgeBomb,EarthPower,PowerGem,SpikyShield|Timid||F|||50|]Ninetales-Alola||NeverMeltIce|SnowWarning|FreezeDry,Blizzard,Disable,Protect|Timid||M|||50|]Whimsicott||FocusSash|Prankster|Moonblast,Tailwind,Encore,Protect|Timid||M|||50|]Kingambit||BlackGlasses|Defiant|KowtowCleave,SuckerPunch,IronHead,Protect|Adamant||F|||50|]Kommo-o||LifeOrb|Overcoat|ClangingScales,VacuumWave,AuraSphere,Protect|Timid||M|||50|
|showteam|p2|Tyranitar||ChoiceScarf|SandStream|RockSlide,KnockOff,LowKick,IcePunch|Impish||F|||50|]Talonflame||Charcoal|GaleWings|Overheat,BraveBird,Tailwind,Protect|Naive||M|||50|]Excadrill||FocusSash|SandRush|HighHorsepower,IronHead,RockSlide,Protect|Adamant||F|||50|]Milotic||Leftovers|Competitive|Scald,IceBeam,IcyWind,Protect|Bold||M|||50|]Sinistcha||ColburBerry|Hospitality|MatchaGotcha,RagePowder,TrickRoom,Protect|Bold|||||50|]Incineroar||PasshoBerry|Intimidate|FlareBlitz,ThroatChop,FakeOut,PartingShot|Careful||M|||50|
|inactive|Battle timer is ON: inactive players will automatically lose when time's up. (requested by lettitripppp)
|inactive|lettitripppp has 60 seconds left.
|inactive|puli95 has 60 seconds left.
|
|t:|1785457236
|teamsize|p1|4
|teamsize|p2|4
|start
|switch|p1a: NO GO AWAY|Glimmora, L50, F|100/100
|switch|p1b: LETS GO GO|Whimsicott, L50, M, shiny|100/100
|switch|p2a: Talonflame|Talonflame, L50, M|100/100
|switch|p2b: Excadrill|Excadrill, L50, F|100/100
|turn|1
|
|t:|1785457254
|move|p2a: Talonflame|Tailwind|p2a: Talonflame
|-sidestart|p2: puli95|move: Tailwind
|move|p1b: LETS GO GO|Tailwind|p1b: LETS GO GO
|-sidestart|p1: lettitripppp|move: Tailwind
|move|p1a: NO GO AWAY|Power Gem|p2a: Talonflame
|-supereffective|p2a: Talonflame|2
|-damage|p2a: Talonflame|0 fnt
|faint|p2a: Talonflame
|move|p2b: Excadrill|High Horsepower|p1a: NO GO AWAY
|-supereffective|p1a: NO GO AWAY|2
|-damage|p1a: NO GO AWAY|0 fnt
|-activate|p1a: NO GO AWAY|ability: Toxic Debris
|-sidestart|p2: puli95|move: Toxic Spikes
|faint|p1a: NO GO AWAY
|
|upkeep
|
|t:|1785457274
|switch|p2a: Sinistcha|Sinistcha, L50|100/100
|switch|p1a: SOULOLA|Kommo-o, L50, M|100/100
|-status|p2a: Sinistcha|psn
|turn|2
|
|t:|1785457288
|move|p2a: Sinistcha|Rage Powder|p2a: Sinistcha
|-singleturn|p2a: Sinistcha|move: Rage Powder
|move|p1b: LETS GO GO|Moonblast|p2a: Sinistcha
|-damage|p2a: Sinistcha|72/100 psn
|move|p1a: SOULOLA|Clanging Scales|p2a: Sinistcha|[spread] p2a,p2b
|-resisted|p2b: Excadrill|1
|-damage|p2a: Sinistcha|28/100 psn
|-damage|p2b: Excadrill|66/100
|-unboost|p1a: SOULOLA|def|1
|-damage|p1a: SOULOLA|90/100|[from] item: Life Orb
|move|p2b: Excadrill|High Horsepower|p1a: SOULOLA
|-damage|p1a: SOULOLA|8/100
|
|-damage|p2a: Sinistcha|16/100 psn|[from] psn
|upkeep
|turn|3
|
|t:|1785457305
|move|p2a: Sinistcha|Rage Powder|p2a: Sinistcha
|-singleturn|p2a: Sinistcha|move: Rage Powder
|move|p1b: LETS GO GO|Moonblast|p2a: Sinistcha
|-damage|p2a: Sinistcha|0 fnt
|faint|p2a: Sinistcha
|move|p1a: SOULOLA|Aura Sphere|p2b: Excadrill
|-supereffective|p2b: Excadrill|1
|-damage|p2b: Excadrill|0 fnt
|faint|p2b: Excadrill
|-damage|p1a: SOULOLA|0 fnt|[from] item: Life Orb
|faint|p1a: SOULOLA
|
|upkeep
|
|t:|1785457317
|switch|p1a: AGNI|Charizard, L50, F|100/100
|switch|p2b: Tyranitar|Tyranitar, L50, F|100/100
|-status|p2b: Tyranitar|psn
|-weather|Sandstorm|[from] ability: Sand Stream|[of] p2b: Tyranitar
|turn|4
|
|t:|1785457324
|detailschange|p1a: AGNI|Charizard-Mega-Y, L50, F
|-mega|p1a: AGNI|Charizard|Charizardite Y
|-weather|SunnyDay|[from] ability: Drought|[of] p1a: AGNI
|move|p1a: AGNI|Protect|p1a: AGNI
|-singleturn|p1a: AGNI|Protect
|move|p1b: LETS GO GO|Moonblast|p2b: Tyranitar
|-supereffective|p2b: Tyranitar|1
|-damage|p2b: Tyranitar|50/100g psn
|move|p2b: Tyranitar|Rock Slide|p1b: LETS GO GO|[spread] p1b
|-activate|p1a: AGNI|move: Protect
|-damage|p1b: LETS GO GO|71/100
|
|-weather|SunnyDay|[upkeep]
|-damage|p2b: Tyranitar|38/100 psn|[from] psn
|-sideend|p1: lettitripppp|move: Tailwind
|-sideend|p2: puli95|move: Tailwind
|upkeep
|turn|5
|c|☆lettitripppp|gg
|
|t:|1785457338
|move|p1b: LETS GO GO|Tailwind|p1b: LETS GO GO
|-sidestart|p1: lettitripppp|move: Tailwind
|move|p1a: AGNI|Solar Beam||[still]
|-prepare|p1a: AGNI|Solar Beam
|-anim|p1a: AGNI|Solar Beam|p2b: Tyranitar
|-supereffective|p2b: Tyranitar|1
|-damage|p2b: Tyranitar|0 fnt
|faint|p2b: Tyranitar
|
|win|lettitripppp
||lettitripppp is ready for game 2.
|inactive|puli95 has 30 seconds to confirm battle start!
|inactive|puli95 has 20 seconds to confirm battle start!
