|j|â˜†toxiccroc12
|j|â˜†Natsuharusama
|html|toxiccroc12Natsuharusama    
|uhtml|bestof|Game 2 of a best-of-3
|t:|1785990341
|gametype|doubles
|player|p1|toxiccroc12|1|1167
|player|p2|Natsuharusama|pokemaniac|1058
|gen|9
|tier|[Gen 9 Champions] VGC 2026 Reg M-B (Bo3)
|rated|
|rule|Species Clause: Limit one of each PokÃ©mon
|rule|Item Clause: Limit 1 of each item
|clearpoke
|poke|p1|Staraptor, L50, M|
|poke|p1|Glimmora, L50, F|
|poke|p1|Whimsicott, L50, F|
|poke|p1|Kingambit, L50, M|
|poke|p1|Garchomp, L50, M|
|poke|p1|Delphox, L50, M|
|poke|p2|Froslass, L50, F, shiny|
|poke|p2|Sinistcha-Masterpiece, L50, shiny|
|poke|p2|Ninetales-Alola, L50, F, shiny|
|poke|p2|Sneasler, L50, F, shiny|
|poke|p2|Basculegion, L50, M, shiny|
|poke|p2|Dragonite, L50, M, shiny|
|teampreview|4
|showteam|p1|Staraptor||Staraptite|Intimidate|CloseCombat,BraveBird,Roost,Protect|Jolly||M|||50|]Glimmora||FocusSash|ToxicDebris|PowerGem,SludgeBomb,EarthPower,SpikyShield|Modest||F|||50|]Whimsicott||OccaBerry|Prankster|Tailwind,Moonblast,Charm,LightScreen|Timid||F|||50|]Kingambit||ChopleBerry|Defiant|KowtowCleave,IronHead,LowKick,SuckerPunch|Adamant||M|||50|]Garchomp||ChoiceScarf|RoughSkin|Earthquake,DragonClaw,RockSlide,StompingTantrum|Adamant||M|||50|]Delphox||Delphoxite|Blaze|HeatWave,Psychic,Encore,Protect|Timid||M|||50|
|showteam|p2|Froslass||Froslassite|SnowCloak|Blizzard,ShadowBall,Protect,NastyPlot|Timid||F|||50|]Sinistcha-Masterpiece||SitrusBerry|Hospitality|MatchaGotcha,ShadowBall,Imprison,RagePowder|Calm|||||50|]Ninetales-Alola||NeverMeltIce|SnowWarning|Blizzard,AuroraVeil,Moonblast,Protect|Modest||F|||50|]Sneasler||WhiteHerb|PoisonTouch|FakeOut,DireClaw,CloseCombat,Protect|Jolly||F|||50|]Basculegion||LifeOrb|Adaptability|WaveCrash,AquaJet,LastRespects,Protect|Adamant||M|||50|]Dragonite||Dragoninite|Multiscale|Blizzard,Protect,DragonPulse,ExtremeSpeed|Quiet||M|||50|
|
|t:|1785990361
|teamsize|p1|4
|teamsize|p2|4
|start
|switch|p1a: Whimsicott|Whimsicott, L50, F|100/100
|switch|p1b: Glimmora|Glimmora, L50, F|100/100
|switch|p2a: Dragonite|Dragonite, L50, M, shiny|100/100
|switch|p2b: Ninetales|Ninetales-Alola, L50, F, shiny|100/100
|-weather|Snowscape|[from] ability: Snow Warning|[of] p2b: Ninetales
|turn|1
|inactive|Battle timer is ON: inactive players will automatically lose when time's up. (requested by Natsuharusama)
|inactive|toxiccroc12 has 60 seconds left.
|
|t:|1785990410
|switch|p1a: Delphox|Delphox, L50, M|100/100
|detailschange|p2a: Dragonite|Dragonite-Mega, L50, M, shiny
|-mega|p2a: Dragonite|Dragonite|Dragoninite
|move|p2b: Ninetales|Aurora Veil|p2b: Ninetales
|-sidestart|p2: Natsuharusama|move: Aurora Veil
|move|p1b: Glimmora|Power Gem|p2a: Dragonite
|-supereffective|p2a: Dragonite|1
|-damage|p2a: Dragonite|78/100
|move|p2a: Dragonite|Blizzard|p1b: Glimmora|[spread] p1a,p1b
|-resisted|p1a: Delphox|1
|-damage|p1a: Delphox|80/100
|-damage|p1b: Glimmora|57/100
|-status|p1a: Delphox|frz
|
|-weather|Snowscape|[upkeep]
|upkeep
|turn|2
|inactive|toxiccroc12 has 30 seconds left.
|
|t:|1785990437
|detailschange|p1a: Delphox|Delphox-Mega, L50, M
|-mega|p1a: Delphox|Delphox|Delphoxite
|cant|p1a: Delphox|frz
|move|p2b: Ninetales|Blizzard|p1a: Delphox|[spread] p1a,p1b
|-resisted|p1a: Delphox|1
|-crit|p1b: Glimmora
|-damage|p1a: Delphox|58/100 frz
|-damage|p1b: Glimmora|0 fnt
|faint|p1b: Glimmora
|move|p2a: Dragonite|Blizzard|p1a: Delphox
|-resisted|p1a: Delphox|1
|-damage|p1a: Delphox|35/100 frz
|
|-weather|Snowscape|[upkeep]
|upkeep
|
|t:|1785990451
|switch|p1b: Whimsicott|Whimsicott, L50, F|100/100
|turn|3
|
|t:|1785990457
|move|p1b: Whimsicott|Tailwind|p1b: Whimsicott
|-sidestart|p1: toxiccroc12|move: Tailwind
|cant|p1a: Delphox|frz
|move|p2b: Ninetales|Blizzard|p1b: Whimsicott|[spread] p1a,p1b
|-resisted|p1a: Delphox|1
|-supereffective|p1b: Whimsicott|1
|-damage|p1a: Delphox|13/100 frz
|-damage|p1b: Whimsicott|0 fnt
|faint|p1b: Whimsicott
|move|p2a: Dragonite|Dragon Pulse|p1a: Delphox
|-crit|p1a: Delphox
|-damage|p1a: Delphox|0 fnt
|faint|p1a: Delphox
|
|-weather|Snowscape|[upkeep]
|upkeep
|
|t:|1785990464
|switch|p1b: Kingambit|Kingambit, L50, M|100/100
|turn|4
|c|â˜†Natsuharusama|gg
|
|t:|1785990477
|move|p2b: Ninetales|Moonblast|p1b: Kingambit
|-damage|p1b: Kingambit|60/100
|move|p1b: Kingambit|Kowtow Cleave|p2a: Dragonite
|-damage|p2a: Dragonite|50/100y
|move|p2a: Dragonite|Dragon Pulse|p1b: Kingambit
|-resisted|p1b: Kingambit|1
|-damage|p1b: Kingambit|34/100
|
|-weather|Snowscape|[upkeep]
|upkeep
|turn|5
|
|t:|1785990499
|move|p2b: Ninetales|Moonblast|p1b: Kingambit
|-damage|p1b: Kingambit|1/100
|move|p1b: Kingambit|Iron Head|p2b: Ninetales
|-supereffective|p2b: Ninetales|2
|-damage|p2b: Ninetales|0 fnt
|faint|p2b: Ninetales
|move|p2a: Dragonite|Dragon Pulse|p1b: Kingambit
|-resisted|p1b: Kingambit|1
|-damage|p1b: Kingambit|0 fnt
|faint|p1b: Kingambit
|
|win|Natsuharusama
