|j|☆axcoquette
|j|☆MarkusVgc
|html|axcoquetteMarkusVgc    
|uhtml|bestof|Game 3 of a best-of-3
|t:|1784581627
|gametype|doubles
|player|p1|axcoquette|2|1219
|player|p2|MarkusVgc|marshal|1188
|gen|9
|tier|[Gen 9 Champions] VGC 2026 Reg M-B (Bo3)
|rated|
|rule|Species Clause: Limit one of each Pokémon
|rule|Item Clause: Limit 1 of each item
|clearpoke
|poke|p1|Aerodactyl, L50, F|
|poke|p1|Kingambit, L50, F|
|poke|p1|Sylveon, L50, M|
|poke|p1|Garchomp, L50, F|
|poke|p1|Charizard, L50, F|
|poke|p1|Incineroar, L50, F|
|poke|p2|Lucario, L50, M|
|poke|p2|Froslass, L50, F|
|poke|p2|Garchomp, L50, M|
|poke|p2|Sylveon, L50, M|
|poke|p2|Aerodactyl, L50, F|
|poke|p2|Milotic, L50, M|
|teampreview|4
|showteam|p1|Aerodactyl||Aerodactylite|Unnerve|IceFang,RockSlide,Tailwind,WideGuard|Jolly||F|||50|]Kingambit||FocusSash|Defiant|KowtowCleave,SuckerPunch,IronHead,Protect|Adamant||F|||50|]Sylveon||FairyFeather|Pixilate|Detect,HyperVoice,HyperBeam,QuickAttack|Modest||M|||50|]Garchomp||LifeOrb|RoughSkin|Earthquake,DragonClaw,StompingTantrum,Protect|Jolly||F|||50|]Charizard||CharizarditeY|Blaze|Protect,HeatWave,SolarBeam,WeatherBall|Modest||F|||50|]Incineroar||SitrusBerry|Intimidate|DarkestLariat,FlareBlitz,FakeOut,PartingShot|Impish||F|||50|
|showteam|p2|Lucario||Lucarionite|InnerFocus|CloseCombat,MeteorMash,BulletPunch,Protect|Jolly||M|||50|]Froslass||Froslassite|SnowCloak|Blizzard,ShadowBall,Thunderbolt,Protect|Timid||F|||50|]Garchomp||LifeOrb|RoughSkin|DragonClaw,Earthquake,RockSlide,Protect|Jolly||M|||50|]Sylveon||FairyFeather|Pixilate|HyperVoice,HyperBeam,HelpingHand,Detect|Modest||M|||50|]Aerodactyl||FocusSash|Unnerve|RockSlide,DualWingbeat,Tailwind,Protect|Jolly||F|||50|]Milotic||Leftovers|Competitive|Scald,IcyWind,HelpingHand,Protect|Calm||M|||50|
|inactive|Battle timer is ON: inactive players will automatically lose when time's up. (requested by axcoquette)
|
|t:|1784581649
|teamsize|p1|4
|teamsize|p2|4
|start
|switch|p1a: Aerodactyl|Aerodactyl, L50, F|100/100
|switch|p1b: Charizard|Charizard, L50, F|100/100
|switch|p2a: Aerodactyl|Aerodactyl, L50, F|100/100
|switch|p2b: Garchomp|Garchomp, L50, M|100/100
|-ability|p2a: Aerodactyl|Unnerve
|-ability|p1a: Aerodactyl|Unnerve
|turn|1
|
|t:|1784581673
|detailschange|p1b: Charizard|Charizard-Mega-Y, L50, F
|-mega|p1b: Charizard|Charizard|Charizardite Y
|-weather|SunnyDay|[from] ability: Drought|[of] p1b: Charizard
|move|p2b: Garchomp|Protect|p2b: Garchomp
|-singleturn|p2b: Garchomp|Protect
|move|p1a: Aerodactyl|Wide Guard|p1a: Aerodactyl
|-singleturn|p1a: Aerodactyl|Wide Guard
|move|p2a: Aerodactyl|Tailwind|p2a: Aerodactyl
|-sidestart|p2: MarkusVgc|move: Tailwind
|move|p1b: Charizard|Heat Wave|p2a: Aerodactyl|[spread] p2a
|-activate|p2b: Garchomp|move: Protect
|-resisted|p2a: Aerodactyl|1
|-damage|p2a: Aerodactyl|54/100
|
|-weather|SunnyDay|[upkeep]
|upkeep
|turn|2
|inactive|axcoquette has 30 seconds left.
|inactive|MarkusVgc has 30 seconds left.
|
|t:|1784581699
|move|p1a: Aerodactyl|Wide Guard|p1a: Aerodactyl
|-singleturn|p1a: Aerodactyl|Wide Guard
|move|p2a: Aerodactyl|Dual Wingbeat|p1b: Charizard
|-crit|p1b: Charizard
|-damage|p1b: Charizard|69/100
|-damage|p1b: Charizard|49/100
|-hitcount|p1b: Charizard|2
|move|p2b: Garchomp|Rock Slide|p1b: Charizard|[spread] 
|-activate|p1a: Aerodactyl|move: Wide Guard
|-activate|p1b: Charizard|move: Wide Guard
|move|p1b: Charizard|Heat Wave|p2a: Aerodactyl|[spread] p2a,p2b
|-resisted|p2a: Aerodactyl|1
|-resisted|p2b: Garchomp|1
|-damage|p2a: Aerodactyl|6/100
|-damage|p2b: Garchomp|66/100
|-status|p2b: Garchomp|brn
|
|-weather|SunnyDay|[upkeep]
|-damage|p2b: Garchomp|60/100 brn|[from] brn
|upkeep
|turn|3
|inactive|axcoquette has 30 seconds left.
|inactive|axcoquette has 20 seconds left.
|
|t:|1784581737
|move|p1a: Aerodactyl|Wide Guard|p1a: Aerodactyl
|-singleturn|p1a: Aerodactyl|Wide Guard
|move|p2a: Aerodactyl|Rock Slide|p1b: Charizard|[spread] 
|-activate|p1a: Aerodactyl|move: Wide Guard
|-activate|p1b: Charizard|move: Wide Guard
|move|p2b: Garchomp|Dragon Claw|p1b: Charizard
|-damage|p1b: Charizard|17/100
|-damage|p2b: Garchomp|50/100g brn|[from] item: Life Orb
|move|p1b: Charizard|Heat Wave|p2b: Garchomp|[spread] p2a
|-miss|p1b: Charizard|p2b: Garchomp
|-resisted|p2a: Aerodactyl|1
|-damage|p2a: Aerodactyl|0 fnt
|faint|p2a: Aerodactyl
|
|-weather|SunnyDay|[upkeep]
|-damage|p2b: Garchomp|44/100 brn|[from] brn
|upkeep
|
|t:|1784581761
|switch|p2a: Lucario|Lucario, L50, M|100/100
|turn|4
|
|t:|1784581778
|detailschange|p2a: Lucario|Lucario-Mega, L50, M
|-mega|p2a: Lucario|Lucario|Lucarionite
|move|p1b: Charizard|Protect|p1b: Charizard
|-singleturn|p1b: Charizard|Protect
|move|p2a: Lucario|Meteor Mash|p1a: Aerodactyl
|-supereffective|p1a: Aerodactyl|1
|-damage|p1a: Aerodactyl|0 fnt
|faint|p1a: Aerodactyl
|move|p2b: Garchomp|Dragon Claw|p1b: Charizard
|-activate|p1b: Charizard|move: Protect
|
|-weather|SunnyDay|[upkeep]
|-damage|p2b: Garchomp|38/100 brn|[from] brn
|-sideend|p2: MarkusVgc|move: Tailwind
|upkeep
|
|t:|1784581803
|switch|p1a: Kingambit|Kingambit, L50, F|100/100
|turn|5
|
|t:|1784581819
|switch|p2b: Milotic|Milotic, L50, M|100/100
|move|p2a: Lucario|Close Combat|p1b: Charizard
|-resisted|p1b: Charizard|1
|-damage|p1b: Charizard|0 fnt
|-unboost|p2a: Lucario|def|1
|-unboost|p2a: Lucario|spd|1
|faint|p1b: Charizard
|move|p1a: Kingambit|Kowtow Cleave|p2a: Lucario
|-resisted|p2a: Lucario|1
|-damage|p2a: Lucario|55/100
|
|-weather|none
|upkeep
|
|t:|1784581831
|switch|p1b: Sylveon|Sylveon, L50, M|100/100
|turn|6
|inactive|axcoquette has 30 seconds left.
|
|t:|1784581858
|move|p1b: Sylveon|Detect|p1b: Sylveon
|-singleturn|p1b: Sylveon|Protect
|move|p2a: Lucario|Meteor Mash|p1b: Sylveon
|-activate|p1b: Sylveon|move: Protect
|move|p2b: Milotic|Scald|p1a: Kingambit
|-damage|p1a: Kingambit|68/100
|move|p1a: Kingambit|Kowtow Cleave|p2a: Lucario
|-resisted|p2a: Lucario|1
|-damage|p2a: Lucario|10/100
|
|upkeep
|turn|7
|
|t:|1784581874
|move|p2b: Milotic|Helping Hand|p2a: Lucario
|-singleturn|p2a: Lucario|Helping Hand|[of] p2b: Milotic
|move|p2a: Lucario|Bullet Punch|p1b: Sylveon
|-supereffective|p1b: Sylveon|1
|-damage|p1b: Sylveon|0 fnt
|faint|p1b: Sylveon
|move|p1a: Kingambit|Kowtow Cleave|p2a: Lucario
|-resisted|p2a: Lucario|1
|-damage|p2a: Lucario|0 fnt
|faint|p2a: Lucario
|
|upkeep
|
|t:|1784581886
|switch|p2a: Garchomp|Garchomp, L50, M|38/100 brn
|turn|8
|
|t:|1784581890
|move|p2b: Milotic|Protect|p2b: Milotic
|-singleturn|p2b: Milotic|Protect
|move|p1a: Kingambit|Protect|p1a: Kingambit
|-singleturn|p1a: Kingambit|Protect
|move|p2a: Garchomp|Earthquake|p1a: Kingambit|[spread] 
|-activate|p2b: Milotic|move: Protect
|-activate|p1a: Kingambit|move: Protect
|
|-damage|p2a: Garchomp|32/100 brn|[from] brn
|upkeep
|turn|9
|
|t:|1784581903
|move|p1a: Kingambit|Sucker Punch|p2a: Garchomp
|-damage|p2a: Garchomp|0 fnt
|-damage|p1a: Kingambit|55/100|[from] ability: Rough Skin|[of] p2a: Garchomp
|faint|p2a: Garchomp
|move|p2b: Milotic|Scald|p1a: Kingambit
|-damage|p1a: Kingambit|25/100
|-status|p1a: Kingambit|brn
|
|-damage|p1a: Kingambit|19/100 brn|[from] brn
|upkeep
|turn|10
|l|☆MarkusVgc
|inactive|MarkusVgc disconnected and has a minute to reconnect!
|player|p2|
|inactive|MarkusVgc has 30 seconds left.
|inactive|MarkusVgc has 20 seconds left.
|inactive|MarkusVgc has 15 seconds left.
|inactive|MarkusVgc has 10 seconds left.
|inactive|MarkusVgc has 5 seconds left.
|-message|MarkusVgc lost due to inactivity.
|
|win|axcoquette
|raw|axcoquette's rating: 1219 → 1242(+23 for winning)
|raw|MarkusVgc's rating: 1188 → 1165(-23 for losing)
