|j|☆Catecito
|j|☆AquamarineVGC
|html|CatecitoAquamarineVGC    
|uhtml|bestof|Game 1 of a best-of-3
|t:|1783712381
|gametype|doubles
|player|p1|Catecito|169|1000
|player|p2|AquamarineVGC|unknown|1063
|gen|9
|tier|[Gen 9 Champions] VGC 2026 Reg M-B (Bo3)
|rated|
|rule|Species Clause: Limit one of each Pokémon
|rule|Item Clause: Limit 1 of each item
|clearpoke
|poke|p1|Swampert, L50, M|
|poke|p1|Mawile, L50, M|
|poke|p1|Archaludon, L50, M|
|poke|p1|Pelipper, L50, M|
|poke|p1|Grimmsnarl, L50, M|
|poke|p1|Farigiraf, L50, F|
|poke|p2|Torkoal, L50, F|
|poke|p2|Kangaskhan, L50, F|
|poke|p2|Gardevoir, L50, F|
|poke|p2|Garchomp, L50, F|
|poke|p2|Clefable, L50, M|
|poke|p2|Delphox, L50, M|
|teampreview|4
|showteam|p1|Swampert||Swampertite|Torrent|Earthquake,WaveCrash,IcePunch,Protect|Adamant||M|||50|]Mawile||Mawilite|Intimidate|PlayRough,IronHead,SuckerPunch,Protect|Adamant||M|||50|]Archaludon||Leftovers|Stamina|ElectroShot,DragonPulse,FlashCannon,Protect|Modest||M|||50|]Pelipper||LifeOrb|Drizzle|WideGuard,WeatherBall,Hurricane,Tailwind|Modest||M|||50|]Grimmsnarl||LightClay|Prankster|PartingShot,FoulPlay,Reflect,LightScreen|Careful||M|||50|]Farigiraf||SitrusBerry|ArmorTail|Psychic,Thunderbolt,TrickRoom,Protect|Quiet||F|||50|
|showteam|p2|Torkoal||Charcoal|Drought|Eruption,WeatherBall,HelpingHand,Protect|Quiet||F|||50|]Kangaskhan||SilkScarf|Scrappy|FakeOut,LastResort|Adamant||F|||50|]Gardevoir||Gardevoirite|Telepathy|Moonblast,Psychic,TrickRoom,Protect|Modest||F|||50|]Garchomp||LifeOrb|RoughSkin|DragonClaw,StompingTantrum,Earthquake,Protect|Jolly||F|||50|]Clefable||SitrusBerry|Unaware|DazzlingGleam,LifeDew,FollowMe,Protect|Bold||M|||50|]Delphox||Delphoxite|Blaze|Flamethrower,HeatWave,Psychic,Protect|Timid||M|||50|
|
|t:|1783712429
|teamsize|p1|4
|teamsize|p2|4
|start
|switch|p1a: Swampert|Swampert, L50, M|100/100
|switch|p1b: Grimmsnarl|Grimmsnarl, L50, M|100/100
|switch|p2a: Kangaskhan|Kangaskhan, L50, F|100/100
|switch|p2b: Gardevoir|Gardevoir, L50, F|100/100
|turn|1
|
|t:|1783712453
|switch|p1a: Pelipper|Pelipper, L50, M|100/100
|-weather|RainDance|[from] ability: Drizzle|[of] p1a: Pelipper
|detailschange|p2b: Gardevoir|Gardevoir-Mega, L50, F
|-mega|p2b: Gardevoir|Gardevoir|Gardevoirite
|move|p2a: Kangaskhan|Fake Out|p1a: Pelipper
|-damage|p1a: Pelipper|72/100
|move|p1b: Grimmsnarl|Parting Shot|p2a: Kangaskhan
|-unboost|p2a: Kangaskhan|atk|1
|-unboost|p2a: Kangaskhan|spa|1
|
|t:|1783712463
|switch|p1b: Swampert|Swampert, L50, M|100/100|[from] Parting Shot
|move|p2b: Gardevoir|Trick Room|p2b: Gardevoir
|-fieldstart|move: Trick Room|[of] p2b: Gardevoir
|
|-weather|RainDance|[upkeep]
|upkeep
|turn|2
|inactive|Battle timer is ON: inactive players will automatically lose when time's up. (requested by Catecito)
|
|t:|1783712507
|detailschange|p1b: Swampert|Swampert-Mega, L50, M
|-mega|p1b: Swampert|Swampert|Swampertite
|move|p1a: Pelipper|Wide Guard|p1a: Pelipper
|-singleturn|p1a: Pelipper|Wide Guard
|move|p2b: Gardevoir|Moonblast|p1a: Pelipper
|-damage|p1a: Pelipper|0 fnt
|faint|p1a: Pelipper
|move|p2a: Kangaskhan|Last Resort|p1b: Swampert
|-damage|p1b: Swampert|56/100
|move|p1b: Swampert|Earthquake|p2b: Gardevoir|[spread] p2a,p2b
|-damage|p2a: Kangaskhan|48/100
|-damage|p2b: Gardevoir|38/100
|
|-weather|RainDance|[upkeep]
|upkeep
|
|t:|1783712520
|switch|p1a: Grimmsnarl|Grimmsnarl, L50, M|100/100
|turn|3
|
|t:|1783712541
|move|p1b: Swampert|Protect|p1b: Swampert
|-singleturn|p1b: Swampert|Protect
|move|p1a: Grimmsnarl|Reflect|p1a: Grimmsnarl
|-sidestart|p1: Catecito|Reflect
|move|p2b: Gardevoir|Moonblast|p1a: Grimmsnarl
|-supereffective|p1a: Grimmsnarl|1
|-damage|p1a: Grimmsnarl|0 fnt
|faint|p1a: Grimmsnarl
|move|p2a: Kangaskhan|Last Resort|p1b: Swampert
|-activate|p1b: Swampert|move: Protect
|
|-weather|RainDance|[upkeep]
|upkeep
|
|t:|1783712547
|switch|p1a: Archaludon|Archaludon, L50, M|100/100
|turn|4
|
|t:|1783712557
|switch|p2a: Torkoal|Torkoal, L50, F|100/100
|-weather|SunnyDay|[from] ability: Drought|[of] p2a: Torkoal
|move|p2b: Gardevoir|Protect|p2b: Gardevoir
|-singleturn|p2b: Gardevoir|Protect
|move|p1a: Archaludon|Electro Shot||[still]
|-prepare|p1a: Archaludon|Electro Shot
|-boost|p1a: Archaludon|spa|1
|move|p1b: Swampert|Wave Crash|p2b: Gardevoir
|-activate|p2b: Gardevoir|move: Protect
|
|-weather|SunnyDay|[upkeep]
|upkeep
|turn|5
|-message|Catecito forfeited.
|
|win|AquamarineVGC
|l|☆Catecito
|player|p1|
||AquamarineVGC is ready for game 2.
|inactive|Catecito has 30 seconds to confirm battle start!
