|j|☆JinWasHere
|j|☆MomijiTheTengu
|html|JinWasHereMomijiTheTengu    
|uhtml|bestof|Game 1 of a best-of-3
|t:|1785870990
|gametype|doubles
|player|p1|JinWasHere|wallace|
|player|p2|MomijiTheTengu|266|
|gen|9
|tier|[Gen 9 Champions] VGC 2026 Reg M-B (Bo3)
|rule|Species Clause: Limit one of each Pokémon
|rule|Item Clause: Limit 1 of each item
|clearpoke
|poke|p1|Scolipede, L50, F, shiny|
|poke|p1|Annihilape, L50, M|
|poke|p1|Hydreigon, L50, M|
|poke|p1|Aerodactyl, L50, M|
|poke|p1|Basculegion, L50, M|
|poke|p1|Glimmora, L50, F|
|poke|p2|Staraptor, L50, M, shiny|
|poke|p2|Whimsicott, L50, F, shiny|
|poke|p2|Lopunny, L50, F, shiny|
|poke|p2|Farigiraf, L50, F, shiny|
|poke|p2|Sinistcha-Masterpiece, L50|
|poke|p2|Tinkaton, L50, F|
|teampreview|4
|showteam|p1|Scolipede||Scolipite|SpeedBoost|PoisonJab,LeechLife,SwordsDance,Protect|Adamant||F|||50|]Annihilape||FocusSash|Defiant|Coaching,DrainPunch,CloseCombat,PhantomForce|Jolly||M|||50|]Hydreigon||ChoiceScarf|Levitate|DarkPulse,Snarl,HeatWave,DracoMeteor|Timid||M|||50|]Aerodactyl||Aerodactylite|Unnerve|Tailwind,DualWingbeat,RockSlide,WideGuard|Jolly||M|||50|]Basculegion||MysticWater|Adaptability|AquaJet,LastRespects,FlipTurn,Protect|Jolly||M|||50|]Glimmora||Leftovers|ToxicDebris|PowerGem,SludgeBomb,Toxic,SpikyShield|Bold||F|||50|
|showteam|p2|Staraptor||Staraptite|Intimidate|CloseCombat,Protect,Roost,BlazeKick|Jolly||M|||50|]Whimsicott||FocusSash|Prankster|Moonblast,Tailwind,Charm,HelpingHand|Timid||F|||50|]Lopunny||Lopunnite|CuteCharm|FakeOut,CloseCombat,Protect,TripleAxel|Jolly||F|||50|]Farigiraf||SitrusBerry|ArmorTail|Psychic,HelpingHand,Protect,AllySwitch|Bold||F|||50|]Sinistcha-Masterpiece||Leftovers|Hospitality|MatchaGotcha,Protect,LifeDew,RagePowder|Modest|||||50|]Tinkaton||MetalCoat|MoldBreaker|GigatonHammer,BabyDollEyes,ThunderWave,FakeOut|Adamant||F|||50|
|j| Raspree
|j| Alex Agni
|c|☆JinWasHere|Possiamo iniziare?
|c| Raspree|Potete cominciare. Buona fortuna
|
|t:|1785871061
|teamsize|p1|4
|teamsize|p2|4
|start
|switch|p1a: Annihilape|Annihilape, L50, M|100/100
|switch|p1b: Aerodactyl|Aerodactyl, L50, M|100/100
|switch|p2a: Whimsicott|Whimsicott, L50, F, shiny|100/100
|switch|p2b: Giraraig|Farigiraf, L50, F, shiny|100/100
|-ability|p1b: Aerodactyl|Unnerve
|turn|1
|
|t:|1785871101
|detailschange|p1b: Aerodactyl|Aerodactyl-Mega, L50, M
|-mega|p1b: Aerodactyl|Aerodactyl|Aerodactylite
|move|p2a: Whimsicott|Helping Hand|p2b: Giraraig
|-singleturn|p2b: Giraraig|Helping Hand|[of] p2a: Whimsicott
|move|p1b: Aerodactyl|Dual Wingbeat|p2a: Whimsicott
|-supereffective|p2a: Whimsicott|1
|-damage|p2a: Whimsicott|34/100
|-supereffective|p2a: Whimsicott|1
|-damage|p2a: Whimsicott|0 fnt
|faint|p2a: Whimsicott
|-hitcount|p2: Whimsicott|2
|move|p1a: Annihilape|Coaching|p1b: Aerodactyl
|-boost|p1b: Aerodactyl|atk|1
|-boost|p1b: Aerodactyl|def|1
|move|p2b: Giraraig|Psychic|p1a: Annihilape
|-supereffective|p1a: Annihilape|1
|-enditem|p1a: Annihilape|Focus Sash
|-damage|p1a: Annihilape|1/100
|
|upkeep
|
|t:|1785871121
|switch|p2a: Lopunny|Lopunny, L50, F, shiny|100/100
|turn|2
|
|t:|1785871159
|detailschange|p2a: Lopunny|Lopunny-Mega, L50, F, shiny
|-mega|p2a: Lopunny|Lopunny|Lopunnite
|move|p2b: Giraraig|Helping Hand|p2a: Lopunny
|-singleturn|p2a: Lopunny|Helping Hand|[of] p2b: Giraraig
|move|p2a: Lopunny|Triple Axel|p1b: Aerodactyl
|-supereffective|p1b: Aerodactyl|1
|-damage|p1b: Aerodactyl|86/100
|-supereffective|p1b: Aerodactyl|1
|-damage|p1b: Aerodactyl|58/100
|-supereffective|p1b: Aerodactyl|1
|-damage|p1b: Aerodactyl|16/100
|-hitcount|p1b: Aerodactyl|3
|move|p1b: Aerodactyl|Tailwind|p1b: Aerodactyl
|-sidestart|p1: JinWasHere|move: Tailwind
|move|p1a: Annihilape|Drain Punch|p2a: Lopunny
|-supereffective|p2a: Lopunny|1
|-damage|p2a: Lopunny|2/100
|-heal|p1a: Annihilape|37/100|[from] drain|[of] p2a: Lopunny
|
|upkeep
|turn|3
|
|t:|1785871193
|move|p1b: Aerodactyl|Dual Wingbeat|p2b: Giraraig|[miss]
|-miss|p1b: Aerodactyl|p2b: Giraraig
|move|p1a: Annihilape|Drain Punch|p2a: Lopunny
|-supereffective|p2a: Lopunny|1
|-damage|p2a: Lopunny|0 fnt
|-heal|p1a: Annihilape|38/100|[from] drain|[of] p2a: Lopunny
|faint|p2a: Lopunny
|move|p2b: Giraraig|Psychic|p1b: Aerodactyl
|-damage|p1b: Aerodactyl|0 fnt
|faint|p1b: Aerodactyl
|
|upkeep
|
|t:|1785871207
|switch|p2a: Tinkaton|Tinkaton, L50, F|100/100
|switch|p1b: Hydreigon|Hydreigon, L50, M|100/100
|-ability|p2a: Tinkaton|Mold Breaker
|turn|4
|
|t:|1785871226
|move|p2a: Tinkaton|Fake Out|p1b: Hydreigon
|-damage|p1b: Hydreigon|88/100
|cant|p1b: Hydreigon|flinch
|move|p1a: Annihilape|Close Combat|p2a: Tinkaton
|-crit|p2a: Tinkaton
|-damage|p2a: Tinkaton|1/100
|-unboost|p1a: Annihilape|def|1
|-unboost|p1a: Annihilape|spd|1
|move|p2b: Giraraig|Psychic|p1a: Annihilape
|-supereffective|p1a: Annihilape|1
|-damage|p1a: Annihilape|0 fnt
|faint|p1a: Annihilape
|
|upkeep
|
|t:|1785871256
|switch|p1a: Basculegion|Basculegion, L50, M|100/100
|turn|5
|
|t:|1785871271
|move|p2b: Giraraig|Helping Hand|p2a: Tinkaton
|-singleturn|p2a: Tinkaton|Helping Hand|[of] p2b: Giraraig
|move|p1a: Basculegion|Aqua Jet||[still]
|cant|p2b: Giraraig|ability: Armor Tail|Aqua Jet|[of] p1a: Basculegion
|move|p1b: Hydreigon|Dark Pulse|p2b: Giraraig
|-supereffective|p2b: Giraraig|1
|-damage|p2b: Giraraig|15/100
|-enditem|p2b: Giraraig|Sitrus Berry|[eat]
|-heal|p2b: Giraraig|40/100|[from] item: Sitrus Berry
|move|p2a: Tinkaton|Gigaton Hammer|p1b: Hydreigon
|-damage|p1b: Hydreigon|0 fnt
|faint|p1b: Hydreigon
|
|-sideend|p1: JinWasHere|move: Tailwind
|upkeep
|turn|6
|
|t:|1785871296
|move|p2b: Giraraig|Protect|p2b: Giraraig
|-singleturn|p2b: Giraraig|Protect
|move|p1a: Basculegion|Flip Turn|p2a: Tinkaton
|-damage|p2a: Tinkaton|0 fnt
|faint|p2a: Tinkaton
|
|upkeep
|turn|7
|
|t:|1785871304
|move|p1a: Basculegion|Flip Turn|p2b: Giraraig
|-damage|p2b: Giraraig|9/100
|move|p2b: Giraraig|Psychic|p1a: Basculegion
|-damage|p1a: Basculegion|65/100
|
|upkeep
|turn|8
|
|t:|1785871311
|move|p2b: Giraraig|Protect|p2b: Giraraig
|-singleturn|p2b: Giraraig|Protect
|move|p1a: Basculegion|Flip Turn|p2b: Giraraig
|-activate|p2b: Giraraig|move: Protect
|
|upkeep
|turn|9
|
|t:|1785871321
|move|p1a: Basculegion|Flip Turn|p2b: Giraraig
|-damage|p2b: Giraraig|0 fnt
|faint|p2b: Giraraig
|
|win|JinWasHere
|inactive|JinWasHere has 30 seconds to confirm battle start!
|inactive|MomijiTheTengu has 30 seconds to confirm battle start!
||JinWasHere is ready for game 2.
|inactive|MomijiTheTengu has 20 seconds to confirm battle start!
