|j|☆raphaelk1602
|j|☆PumitaNike
|html|raphaelk1602PumitaNike    
|uhtml|bestof|Game 2 of a best-of-3
|t:|1757938834
|gametype|doubles
|player|p1|raphaelk1602|101|1158
|player|p2|PumitaNike|1|1207
|gen|9
|tier|[Gen 9] VGC 2025 Reg H (Bo3)
|rated|
|rule|Species Clause: Limit one of each Pokémon
|rule|Item Clause: Limit 1 of each item
|clearpoke
|poke|p1|Pelipper, L50, M|
|poke|p1|Sinistcha, L50|
|poke|p1|Archaludon, L50, M|
|poke|p1|Ursaluna, L50, F|
|poke|p1|Incineroar, L50, M|
|poke|p1|Maushold, L50|
|poke|p2|Porygon2, L50|
|poke|p2|Ursaluna, L50, M|
|poke|p2|Amoonguss, L50, M|
|poke|p2|Gholdengo, L50|
|poke|p2|Incineroar, L50, F|
|poke|p2|Dragonite, L50, M|
|teampreview|4
|showteam|p1|Pelipper||CovertCloak|Drizzle|Hurricane,WeatherBall,Tailwind,Protect|||M|||50|,,,,,Stellar]Sinistcha||SitrusBerry|Hospitality|LifeDew,MatchaGotcha,TrickRoom,RagePowder||||||50|,,,,,Dark]Archaludon||AssaultVest|Stamina|ElectroShot,FlashCannon,DragonPulse,BodyPress|||M|||50|,,,,,Bug]Ursaluna||FlameOrb|Guts|Facade,Earthquake,HeadlongRush,Protect|||F|||50|,,,,,Normal]Incineroar||SafetyGoggles|Intimidate|KnockOff,FlareBlitz,PartingShot,FakeOut|||M|||50|,,,,,Ghost]Maushold||FocusSash|FriendGuard|BeatUp,FollowMe,Protect,Taunt||||||50|,,,,,Ghost
|showteam|p2|Porygon2||Eviolite|Download|TeraBlast,IceBeam,Recover,TrickRoom||||||50|,,,,,Fighting]Ursaluna||FlameOrb|Guts|Facade,Protect,HeadlongRush,Earthquake|||M|||50|,,,,,Ghost]Amoonguss||RockyHelmet|Regenerator|PollenPuff,RagePowder,Spore,SludgeBomb|||M|||50|,,,,,Water]Gholdengo||LifeOrb|GoodasGold|NastyPlot,ShadowBall,MakeItRain,Protect||||||50|,,,,,Water]Incineroar||SitrusBerry|Intimidate|FakeOut,KnockOff,FlareBlitz,PartingShot|||F|||50|,,,,,Ghost]Dragonite||LoadedDice|Multiscale|ScaleShot,Tailwind,Haze,Protect|||M|||50|,,,,,Fairy
|inactive|Battle timer is ON: inactive players will automatically lose when time's up. (requested by raphaelk1602)
|inactive|raphaelk1602 has 60 seconds left.
|
|t:|1757938885
|teamsize|p1|4
|teamsize|p2|4
|start
|switch|p1a: Archaludon|Archaludon, L50, M|100/100
|switch|p1b: Pelipper|Pelipper, L50, M|100/100
|switch|p2a: Gholdengo|Gholdengo, L50|100/100
|switch|p2b: Dragonite|Dragonite, L50, M|100/100
|-weather|RainDance|[from] ability: Drizzle|[of] p1b: Pelipper
|turn|1
|inactive|PumitaNike has 30 seconds left.
|inactive|PumitaNike has 20 seconds left.
|inactive|PumitaNike has 15 seconds left.
|inactive|PumitaNike has 10 seconds left.
|
|t:|1757938934
|move|p2a: Gholdengo|Nasty Plot|p2a: Gholdengo
|-boost|p2a: Gholdengo|spa|2
|move|p2b: Dragonite|Tailwind|p2b: Dragonite
|-sidestart|p2: PumitaNike|move: Tailwind
|move|p1b: Pelipper|Tailwind|p1b: Pelipper
|-sidestart|p1: raphaelk1602|move: Tailwind
|move|p1a: Archaludon|Electro Shot||[still]
|-prepare|p1a: Archaludon|Electro Shot
|-boost|p1a: Archaludon|spa|1
|-anim|p1a: Archaludon|Electro Shot|p2a: Gholdengo
|-damage|p2a: Gholdengo|34/100
|
|-weather|RainDance|[upkeep]
|upkeep
|turn|2
|inactive|PumitaNike has 30 seconds left.
|inactive|PumitaNike has 20 seconds left.
|inactive|PumitaNike has 15 seconds left.
|inactive|PumitaNike has 10 seconds left.
|
|t:|1757938981
|switch|p1b: Maushold|Maushold, L50|100/100
|move|p2a: Gholdengo|Shadow Ball|p1a: Archaludon
|-damage|p1a: Archaludon|51/100
|-ability|p1a: Archaludon|Stamina|boost
|-boost|p1a: Archaludon|def|1
|-damage|p2a: Gholdengo|25/100|[from] item: Life Orb
|move|p2b: Dragonite|Scale Shot|p1a: Archaludon
|-damage|p1a: Archaludon|46/100
|-ability|p1a: Archaludon|Stamina|boost
|-boost|p1a: Archaludon|def|1
|-damage|p1a: Archaludon|41/100
|-ability|p1a: Archaludon|Stamina|boost
|-boost|p1a: Archaludon|def|1
|-damage|p1a: Archaludon|38/100
|-ability|p1a: Archaludon|Stamina|boost
|-boost|p1a: Archaludon|def|1
|-damage|p1a: Archaludon|35/100
|-ability|p1a: Archaludon|Stamina|boost
|-boost|p1a: Archaludon|def|1
|-damage|p1a: Archaludon|32/100
|-ability|p1a: Archaludon|Stamina|boost
|-boost|p1a: Archaludon|def|1
|-hitcount|p1a: Archaludon|5
|-unboost|p2b: Dragonite|def|1
|-boost|p2b: Dragonite|spe|1
|move|p1a: Archaludon|Electro Shot||[still]
|-prepare|p1a: Archaludon|Electro Shot
|-boost|p1a: Archaludon|spa|1
|-anim|p1a: Archaludon|Electro Shot|p2a: Gholdengo
|-damage|p2a: Gholdengo|0 fnt
|faint|p2a: Gholdengo
|
|-weather|RainDance|[upkeep]
|upkeep
|
|t:|1757938989
|switch|p2a: Ursaluna|Ursaluna, L50, M|100/100
|turn|3
|inactive|raphaelk1602 has 30 seconds left.
|inactive|PumitaNike has 30 seconds left.
|
|t:|1757939020
|switch|p1b: Sinistcha|Sinistcha, L50|100/100
|-heal|p1a: Archaludon|57/100|[from] ability: Hospitality|[of] p1b: Sinistcha
|-terastallize|p1a: Archaludon|Bug
|move|p2b: Dragonite|Haze|p2b: Dragonite
|-clearallboost
|move|p1a: Archaludon|Electro Shot||[still]
|-prepare|p1a: Archaludon|Electro Shot
|-boost|p1a: Archaludon|spa|1
|-anim|p1a: Archaludon|Electro Shot|p2b: Dragonite
|-damage|p2b: Dragonite|66/100
|move|p2a: Ursaluna|Earthquake|p1a: Archaludon|[spread] p1a,p1b
|-immune|p2b: Dragonite
|-resisted|p1a: Archaludon
|-crit|p1a: Archaludon
|-resisted|p1b: Sinistcha
|-damage|p1a: Archaludon|35/100
|-damage|p1b: Sinistcha|83/100
|-ability|p1a: Archaludon|Stamina|boost
|-boost|p1a: Archaludon|def|1
|
|-weather|RainDance|[upkeep]
|-status|p2a: Ursaluna|brn|[from] item: Flame Orb
|upkeep
|turn|4
|c|☆PumitaNike|Rata
|inactive|PumitaNike has 30 seconds left.
|inactive|PumitaNike has 20 seconds left.
|inactive|PumitaNike has 15 seconds left.
|inactive|PumitaNike has 10 seconds left.
|
|t:|1757939069
|switch|p2a: Amoonguss|Amoonguss, L50, M|100/100
|move|p2b: Dragonite|Protect|p2b: Dragonite
|-singleturn|p2b: Dragonite|Protect
|move|p1a: Archaludon|Dragon Pulse|p2b: Dragonite
|-activate|p2b: Dragonite|move: Protect
|move|p1b: Sinistcha|Life Dew|p1b: Sinistcha|[spread] p1a,p1b
|-heal|p1a: Archaludon|59/100
|-heal|p1b: Sinistcha|100/100
|
|-weather|RainDance|[upkeep]
|-sideend|p2: PumitaNike|move: Tailwind
|-sideend|p1: raphaelk1602|move: Tailwind
|upkeep
|turn|5
|
|t:|1757939092
|move|p2b: Dragonite|Haze|p2b: Dragonite
|-clearallboost
|move|p1a: Archaludon|Electro Shot||[still]
|-prepare|p1a: Archaludon|Electro Shot
|-boost|p1a: Archaludon|spa|1
|-anim|p1a: Archaludon|Electro Shot|p2b: Dragonite
|-damage|p2b: Dragonite|0 fnt
|faint|p2b: Dragonite
|move|p1b: Sinistcha|Life Dew||[still]|[spread] p1a,p1b
|-heal|p1a: Archaludon|84/100
|-fail|p1b: Sinistcha|heal
|move|p2a: Amoonguss|Spore|p1a: Archaludon
|-status|p1a: Archaludon|slp|[from] move: Spore
|
|-weather|none
|upkeep
|
|t:|1757939108
|switch|p2b: Ursaluna|Ursaluna, L50, M|100/100 brn
|turn|6
|
|t:|1757939127
|-terastallize|p2b: Ursaluna|Ghost
|move|p1b: Sinistcha|Rage Powder|p1b: Sinistcha
|-singleturn|p1b: Sinistcha|move: Rage Powder
|cant|p1a: Archaludon|slp
|move|p2b: Ursaluna|Facade|p1b: Sinistcha
|-immune|p1b: Sinistcha
|move|p2a: Amoonguss|Sludge Bomb|p1b: Sinistcha
|-damage|p1b: Sinistcha|75/100
|-status|p1b: Sinistcha|psn
|
|-damage|p1b: Sinistcha|63/100 psn|[from] psn
|-damage|p2b: Ursaluna|95/100 brn|[from] brn
|upkeep
|turn|7
|inactive|raphaelk1602 has 30 seconds left.
|
|t:|1757939154
|move|p1b: Sinistcha|Rage Powder|p1b: Sinistcha
|-singleturn|p1b: Sinistcha|move: Rage Powder
|-curestatus|p1a: Archaludon|slp|[msg]
|move|p1a: Archaludon|Dragon Pulse|p2b: Ursaluna
|-damage|p2b: Ursaluna|33/100 brn
|move|p2b: Ursaluna|Facade|p1b: Sinistcha
|-immune|p1b: Sinistcha
|move|p2a: Amoonguss|Sludge Bomb|p1b: Sinistcha
|-damage|p1b: Sinistcha|37/100 psn
|-enditem|p1b: Sinistcha|Sitrus Berry|[eat]
|-heal|p1b: Sinistcha|62/100 psn|[from] item: Sitrus Berry
|
|-damage|p1b: Sinistcha|49/100 psn|[from] psn
|-damage|p2b: Ursaluna|27/100 brn|[from] brn
|upkeep
|turn|8
|c|☆PumitaNike|Rata de mierda
|inactive|raphaelk1602 has 30 seconds left.
|inactive|PumitaNike has 30 seconds left.
|
|t:|1757939186
|move|p2b: Ursaluna|Protect|p2b: Ursaluna
|-singleturn|p2b: Ursaluna|Protect
|move|p1a: Archaludon|Dragon Pulse|p2a: Amoonguss
|-damage|p2a: Amoonguss|50/100
|move|p1b: Sinistcha|Matcha Gotcha|p2b: Ursaluna|[spread] p2a
|-activate|p2b: Ursaluna|move: Protect
|-resisted|p2a: Amoonguss
|-damage|p2a: Amoonguss|45/100
|-heal|p1b: Sinistcha|53/100 psn|[from] drain|[of] p2a: Amoonguss
|-status|p2a: Amoonguss|brn
|move|p2a: Amoonguss|Spore|p1a: Archaludon
|-status|p1a: Archaludon|slp|[from] move: Spore
|
|-damage|p1b: Sinistcha|40/100 psn|[from] psn
|-damage|p2b: Ursaluna|21/100 brn|[from] brn
|-damage|p2a: Amoonguss|39/100 brn|[from] brn
|upkeep
|turn|9
|c|☆raphaelk1602|lol
|inactive|raphaelk1602 has 30 seconds left.
|inactive|raphaelk1602 has 20 seconds left.
|inactive|raphaelk1602 has 15 seconds left.
|inactive|raphaelk1602 has 10 seconds left.
|
|t:|1757939236
|move|p1b: Sinistcha|Rage Powder|p1b: Sinistcha
|-singleturn|p1b: Sinistcha|move: Rage Powder
|cant|p1a: Archaludon|slp
|move|p2b: Ursaluna|Facade|p1b: Sinistcha
|-immune|p1b: Sinistcha
|move|p2a: Amoonguss|Pollen Puff|p2b: Ursaluna
|-heal|p2b: Ursaluna|71/100 brn
|
|-damage|p1b: Sinistcha|28/100 psn|[from] psn
|-damage|p2b: Ursaluna|65/100 brn|[from] brn
|-damage|p2a: Amoonguss|33/100 brn|[from] brn
|upkeep
|turn|10
|inactive|PumitaNike has 30 seconds left.
|
|t:|1757939264
|move|p2b: Ursaluna|Protect|p2b: Ursaluna
|-singleturn|p2b: Ursaluna|Protect
|move|p1b: Sinistcha|Rage Powder|p1b: Sinistcha
|-singleturn|p1b: Sinistcha|move: Rage Powder
|cant|p1a: Archaludon|slp
|move|p2a: Amoonguss|Sludge Bomb|p1b: Sinistcha
|-damage|p1b: Sinistcha|1/100 psn
|
|-damage|p1b: Sinistcha|0 fnt|[from] psn
|faint|p1b: Sinistcha
|-damage|p2b: Ursaluna|59/100 brn|[from] brn
|-damage|p2a: Amoonguss|27/100 brn|[from] brn
|upkeep
|
|t:|1757939275
|switch|p1b: Maushold|Maushold, L50|100/100
|turn|11
|
|t:|1757939288
|move|p1b: Maushold|Beat Up|p1a: Archaludon
|-damage|p1a: Archaludon|83/100 slp
|-ability|p1a: Archaludon|Stamina|boost
|-boost|p1a: Archaludon|def|1
|-damage|p1a: Archaludon|82/100 slp
|-ability|p1a: Archaludon|Stamina|boost
|-boost|p1a: Archaludon|def|1
|-hitcount|p1a: Archaludon|2
|-curestatus|p1a: Archaludon|slp|[msg]
|move|p1a: Archaludon|Dragon Pulse|p2a: Amoonguss
|-damage|p2a: Amoonguss|0 fnt
|faint|p2a: Amoonguss
|move|p2b: Ursaluna|Facade|p1a: Archaludon
|-damage|p1a: Archaludon|50/100
|-ability|p1a: Archaludon|Stamina|boost
|-boost|p1a: Archaludon|def|1
|
|-damage|p2b: Ursaluna|53/100 brn|[from] brn
|upkeep
|turn|12
|-message|PumitaNike forfeited.
|
|win|raphaelk1602
