|j|☆apa plays poke
|j|☆imonx6pace!
|html|apa plays pokeimonx6pace!    
|uhtml|bestof|Game 2 of a best-of-3
|t:|1783996444
|gametype|doubles
|player|p1|apa plays poke|norman|1182
|player|p2|imonx6pace!|rocketgrunt|1143
|gen|9
|tier|[Gen 9 Champions] VGC 2026 Reg M-B (Bo3)
|rated|
|rule|Species Clause: Limit one of each Pokémon
|rule|Item Clause: Limit 1 of each item
|clearpoke
|poke|p1|Chesnaught, L50, M|
|poke|p1|Whimsicott, L50, M|
|poke|p1|Sneasler, L50, F|
|poke|p1|Incineroar, L50, M|
|poke|p1|Garchomp, L50, F|
|poke|p1|Clefable, L50, M|
|poke|p2|Altaria, L50, M|
|poke|p2|Pyroar, L50, F|
|poke|p2|Sinistcha, L50|
|poke|p2|Basculegion, L50, M|
|poke|p2|Kingambit, L50, M|
|poke|p2|Whimsicott, L50, F|
|teampreview|4
|showteam|p1|Chesnaught||Chesnaughtite|Bulletproof|Protect,GrassyGlide,DrainPunch,StoneEdge|Adamant||M|||50|]Whimsicott||FocusSash|Prankster|Moonblast,GrassyTerrain,Tailwind,Encore|Timid||M|||50|]Sneasler||WhiteHerb|Unburden|FakeOut,DireClaw,CloseCombat,RockTomb|Jolly||F|||50|]Incineroar||SitrusBerry|Intimidate|FakeOut,PartingShot,FlareBlitz,DarkestLariat|Adamant||M|||50|]Garchomp||LifeOrb|RoughSkin|StompingTantrum,RockSlide,DragonClaw,Protect|Jolly||F|||50|]Clefable||Leftovers|Unaware|FollowMe,LifeDew,Moonblast,Protect|Modest||M|||50|
|showteam|p2|Altaria||Altarianite|CloudNine|HyperVoice,DragonPulse,HeatWave,Protect|Serious||M|||50|]Pyroar||Pyroarite|Unnerve|HeatWave,Overheat,ScorchingSands,Protect|Timid||F|||50|]Sinistcha||SitrusBerry|Hospitality|MatchaGotcha,RagePowder,LifeDew,TrickRoom|Calm|||||50|]Basculegion||ChoiceScarf|Adaptability|FlipTurn,WaveCrash,AquaJet,LastRespects|Jolly||M|||50|]Kingambit||BlackGlasses|Defiant|KowtowCleave,SuckerPunch,IronHead,Protect|Adamant||M|||50|]Whimsicott||FocusSash|Prankster|Tailwind,Encore,Protect,Moonblast|Timid||F|||50|
|
|t:|1783996465
|teamsize|p1|4
|teamsize|p2|4
|start
|switch|p1a: Sneasler|Sneasler, L50, F|100/100
|switch|p1b: Whimsicott|Whimsicott, L50, M|100/100
|switch|p2a: Whimsicott|Whimsicott, L50, F|100/100
|switch|p2b: Pyroar|Pyroar, L50, F|100/100
|-ability|p2b: Pyroar|Unnerve
|turn|1
|inactive|Battle timer is ON: inactive players will automatically lose when time's up. (requested by imonx6pace!)
|
|t:|1783996474
|detailschange|p2b: Pyroar|Pyroar-Mega, L50, F
|-mega|p2b: Pyroar|Pyroar|Pyroarite
|move|p1b: Whimsicott|Tailwind|p1b: Whimsicott
|-sidestart|p1: apa plays poke|move: Tailwind
|move|p2a: Whimsicott|Tailwind|p2a: Whimsicott
|-sidestart|p2: imonx6pace!|move: Tailwind
|move|p2b: Pyroar|Heat Wave|p1a: Sneasler|[spread] p1a,p1b
|-supereffective|p1b: Whimsicott|1
|-damage|p1a: Sneasler|28/100
|-enditem|p1b: Whimsicott|Focus Sash
|-damage|p1b: Whimsicott|1/100
|move|p1a: Sneasler|Close Combat|p2b: Pyroar
|-supereffective|p2b: Pyroar|1
|-damage|p2b: Pyroar|0 fnt
|-unboost|p1a: Sneasler|def|1
|-unboost|p1a: Sneasler|spd|1
|faint|p2b: Pyroar
|-enditem|p1a: Sneasler|White Herb
|-clearnegativeboost|p1a: Sneasler|[silent]
|
|upkeep
|
|t:|1783996490
|switch|p2b: Kingambit|Kingambit, L50, M|100/100
|turn|2
|
|t:|1783996505
|switch|p1b: Clefable|Clefable, L50, M|100/100
|move|p2a: Whimsicott|Encore||[still]
|-fail|p2a: Whimsicott
|move|p2b: Kingambit|Sucker Punch|p1a: Sneasler
|-resisted|p1a: Sneasler|1
|-damage|p1a: Sneasler|0 fnt
|faint|p1a: Sneasler
|
|upkeep
|
|t:|1783996512
|switch|p1a: Chesnaught|Chesnaught, L50, M|100/100
|turn|3
|
|t:|1783996522
|switch|p2b: Basculegion|Basculegion, L50, M|100/100
|detailschange|p1a: Chesnaught|Chesnaught-Mega, L50, M
|-mega|p1a: Chesnaught|Chesnaught|Chesnaughtite
|move|p2a: Whimsicott|Moonblast|p1b: Clefable
|-damage|p1b: Clefable|69/100
|move|p1b: Clefable|Moonblast|p2a: Whimsicott
|-damage|p2a: Whimsicott|37/100
|move|p1a: Chesnaught|Drain Punch|p2b: Basculegion
|-immune|p2b: Basculegion
|
|-heal|p1b: Clefable|75/100|[from] item: Leftovers
|upkeep
|turn|4
|
|t:|1783996542
|move|p2b: Basculegion|Last Respects|p1a: Chesnaught
|-damage|p1a: Chesnaught|65/100
|move|p2a: Whimsicott|Moonblast|p1b: Clefable
|-damage|p1b: Clefable|45/100
|move|p1b: Clefable|Moonblast|p2a: Whimsicott
|-damage|p2a: Whimsicott|0 fnt
|faint|p2a: Whimsicott
|move|p1a: Chesnaught|Grassy Glide|p2b: Basculegion
|-supereffective|p2b: Basculegion|1
|-damage|p2b: Basculegion|22/100
|
|-heal|p1b: Clefable|51/100|[from] item: Leftovers
|-sideend|p1: apa plays poke|move: Tailwind
|-sideend|p2: imonx6pace!|move: Tailwind
|upkeep
|
|t:|1783996547
|switch|p2a: Kingambit|Kingambit, L50, M|100/100
|turn|5
|
|t:|1783996562
|move|p1b: Clefable|Follow Me|p1b: Clefable
|-singleturn|p1b: Clefable|move: Follow Me
|move|p2b: Basculegion|Last Respects|p1b: Clefable
|-damage|p1b: Clefable|0 fnt
|faint|p1b: Clefable
|move|p2a: Kingambit|Iron Head|p1a: Chesnaught
|-damage|p1a: Chesnaught|37/100
|cant|p1a: Chesnaught|flinch
|
|upkeep
|
|t:|1783996568
|switch|p1b: Whimsicott|Whimsicott, L50, M|1/100
|turn|6
|
|t:|1783996579
|move|p1b: Whimsicott|Grassy Terrain|p1b: Whimsicott
|-fieldstart|move: Grassy Terrain
|move|p2a: Kingambit|Sucker Punch|p1a: Chesnaught
|-resisted|p1a: Chesnaught|1
|-damage|p1a: Chesnaught|20/100y
|move|p1a: Chesnaught|Grassy Glide|p2b: Basculegion
|-supereffective|p2b: Basculegion|1
|-damage|p2b: Basculegion|0 fnt
|faint|p2b: Basculegion
|
|-heal|p1b: Whimsicott|6/100|[from] Grassy Terrain
|-heal|p1a: Chesnaught|26/100|[from] Grassy Terrain
|upkeep
|turn|7
|
|t:|1783996590
|move|p1a: Chesnaught|Protect|p1a: Chesnaught
|-singleturn|p1a: Chesnaught|Protect
|move|p1b: Whimsicott|Moonblast|p2a: Kingambit
|-damage|p2a: Kingambit|64/100
|move|p2a: Kingambit|Iron Head|p1a: Chesnaught
|-activate|p1a: Chesnaught|move: Protect
|
|-heal|p1b: Whimsicott|12/100|[from] Grassy Terrain
|-heal|p2a: Kingambit|69/100|[from] Grassy Terrain
|-heal|p1a: Chesnaught|32/100|[from] Grassy Terrain
|upkeep
|turn|8
|-message|imonx6pace! forfeited.
|
|win|apa plays poke
||apa plays poke is ready for game 3.
