|j|☆killdyl
|j|☆noobmedu123
|html|killdylnoobmedu123    
|uhtml|bestof|Game 1 of a best-of-3
|t:|1785330705
|gametype|doubles
|player|p1|killdyl|falkner-gen2|1000
|player|p2|noobmedu123|101|1000
|gen|9
|tier|[Gen 9 Champions] VGC 2026 Reg M-B (Bo3)
|rated|
|rule|Species Clause: Limit one of each Pokémon
|rule|Item Clause: Limit 1 of each item
|clearpoke
|poke|p1|Staraptor, L50, M|
|poke|p1|Vanilluxe, L50, F|
|poke|p1|Farigiraf, L50, M|
|poke|p1|Blastoise, L50, M|
|poke|p1|Kingambit, L50, M|
|poke|p1|Camerupt, L50, M|
|poke|p2|Charizard, L50, M, shiny|
|poke|p2|Venusaur, L50, F, shiny|
|poke|p2|Sableye, L50, F, shiny|
|poke|p2|Milotic, L50, M, shiny|
|poke|p2|Maushold-Four, L50, shiny|
|poke|p2|Scrafty, L50, F, shiny|
|teampreview|4
|showteam|p1|Staraptor||ChoiceScarf|Intimidate|FinalGambit,BraveBird,CloseCombat,Uturn|Jolly||M|||50|]Vanilluxe||NeverMeltIce|SnowWarning|Blizzard,FreezeDry,Protect,IceShard|Quiet||F|||50|]Farigiraf||SitrusBerry|ArmorTail|PsychicFangs,HyperVoice,HelpingHand,TrickRoom|Relaxed||M|||50|]Blastoise||Blastoisinite|RainDish|FakeOut,WaterSpout,AuraSphere,DarkPulse|Quiet||M|||50|]Kingambit||LifeOrb|Defiant|KowtowCleave,IronHead,Protect,SuckerPunch|Brave||M|||50|]Camerupt||Cameruptite|SolidRock|HeatWave,EarthPower,Protect,AncientPower|Quiet||M|||50|
|showteam|p2|Charizard||CharizarditeY|Blaze|WeatherBall,Protect,HeatWave,SolarBeam|Timid||M|||50|]Venusaur||LifeOrb|Chlorophyll|EnergyBall,SludgeBomb,EarthPower,Protect|Modest||F|||50|]Sableye||RoseliBerry|Prankster|RainDance,Feint,Gravity,WillOWisp|Sassy||F|||50|]Milotic||Leftovers|Competitive|Coil,IceBeam,Scald,Hypnosis|Modest||M|||50|]Maushold-Four||WideLens|Technician|PopulationBomb,FollowMe,Taunt,Feint|Jolly|||||50|]Scrafty||Scraftinite|Intimidate|IcePunch,KnockOff,Detect,DrainPunch|Adamant||F|||50|
|inactive|Battle timer is ON: inactive players will automatically lose when time's up. (requested by killdyl)
|inactive|killdyl has 60 seconds left.
|inactive|noobmedu123 has 60 seconds left.
|
|t:|1785330760
|teamsize|p1|4
|teamsize|p2|4
|start
|switch|p1a: Farigiraf|Farigiraf, L50, M|100/100
|switch|p1b: Blastoise|Blastoise, L50, M|100/100
|switch|p2a: Maushold|Maushold-Four, L50, shiny|100/100
|switch|p2b: Scrafty|Scrafty, L50, F, shiny|100/100
|-ability|p2b: Scrafty|Intimidate|boost
|-unboost|p1a: Farigiraf|atk|1
|-unboost|p1b: Blastoise|atk|1
|turn|1
|inactive|killdyl has 30 seconds left.
|inactive|noobmedu123 has 30 seconds left.
|inactive|killdyl has 20 seconds left.
|inactive|noobmedu123 has 20 seconds left.
|
|t:|1785330799
|move|p1b: Blastoise|Fake Out|p2a: Maushold
|-damage|p2a: Maushold|91/100
|cant|p2a: Maushold|flinch
|move|p2b: Scrafty|Knock Off|p1a: Farigiraf
|-supereffective|p1a: Farigiraf|1
|-damage|p1a: Farigiraf|24/100
|-enditem|p1a: Farigiraf|Sitrus Berry|[from] move: Knock Off|[of] p2b: Scrafty
|move|p1a: Farigiraf|Trick Room|p1a: Farigiraf
|-fieldstart|move: Trick Room|[of] p1a: Farigiraf
|
|upkeep
|turn|2
|inactive|noobmedu123 has 30 seconds left.
|inactive|killdyl has 30 seconds left.
|
|t:|1785330838
|detailschange|p2b: Scrafty|Scrafty-Mega, L50, F, shiny
|-mega|p2b: Scrafty|Scrafty|Scraftinite
|-ability|p2b: Scrafty|Intimidate|boost
|-unboost|p1a: Farigiraf|atk|1
|-unboost|p1b: Blastoise|atk|1
|move|p1a: Farigiraf|Helping Hand|p1b: Blastoise
|-singleturn|p1b: Blastoise|Helping Hand|[of] p1a: Farigiraf
|move|p2b: Scrafty|Drain Punch|p1b: Blastoise
|-damage|p1b: Blastoise|55/100
|move|p1b: Blastoise|Water Spout|p2a: Maushold|[spread] p2a,p2b
|-damage|p2a: Maushold|28/100
|-damage|p2b: Scrafty|64/100
|move|p2a: Maushold|Population Bomb|p1a: Farigiraf
|-damage|p1a: Farigiraf|14/100
|-damage|p1a: Farigiraf|6/100
|-damage|p1a: Farigiraf|0 fnt
|faint|p1a: Farigiraf
|-hitcount|p1: Farigiraf|3
|
|upkeep
|
|t:|1785330856
|switch|p1a: Camerupt|Camerupt, L50, M|100/100
|turn|3
|inactive|noobmedu123 has 30 seconds left.
|inactive|noobmedu123 has 20 seconds left.
|
|t:|1785330896
|switch|p2a: Milotic|Milotic, L50, M, shiny|100/100
|detailschange|p1a: Camerupt|Camerupt-Mega, L50, M
|-mega|p1a: Camerupt|Camerupt|Cameruptite
|move|p2b: Scrafty|Detect|p2b: Scrafty
|-singleturn|p2b: Scrafty|Protect
|move|p1a: Camerupt|Heat Wave|p2b: Scrafty|[spread] p2a
|-activate|p2b: Scrafty|move: Protect
|-resisted|p2a: Milotic|1
|-damage|p2a: Milotic|78/100
|move|p1b: Blastoise|Aura Sphere|p2b: Scrafty
|-activate|p2b: Scrafty|move: Protect
|
|-heal|p2a: Milotic|84/100|[from] item: Leftovers
|upkeep
|turn|4
|inactive|killdyl has 30 seconds left.
|inactive|killdyl has 20 seconds left.
|
|t:|1785330932
|switch|p2b: Sableye|Sableye, L50, F, shiny|100/100
|move|p1a: Camerupt|Earth Power|p2b: Sableye
|-damage|p2b: Sableye|5/100
|move|p1b: Blastoise|Dark Pulse|p2a: Milotic
|-damage|p2a: Milotic|65/100
|move|p2a: Milotic|Scald|p1a: Camerupt
|-supereffective|p1a: Camerupt|2
|-damage|p1a: Camerupt|0 fnt
|faint|p1a: Camerupt
|
|-heal|p2a: Milotic|71/100|[from] item: Leftovers
|upkeep
|
|t:|1785330942
|switch|p1a: Kingambit|Kingambit, L50, M|100/100
|turn|5
|inactive|noobmedu123 has 30 seconds left.
|inactive|noobmedu123 has 20 seconds left.
|inactive|noobmedu123 has 15 seconds left.
|
|t:|1785330986
|move|p1a: Kingambit|Protect|p1a: Kingambit
|-singleturn|p1a: Kingambit|Protect
|move|p2b: Sableye|Gravity|p2b: Sableye
|-fieldstart|move: Gravity
|move|p1b: Blastoise|Water Spout|p2a: Milotic|[spread] p2a,p2b
|-resisted|p2a: Milotic|1
|-damage|p2a: Milotic|60/100
|-damage|p2b: Sableye|0 fnt
|faint|p2b: Sableye
|move|p2a: Milotic|Hypnosis|p1a: Kingambit
|-activate|p1a: Kingambit|move: Protect
|
|-heal|p2a: Milotic|65/100|[from] item: Leftovers
|-fieldend|move: Trick Room
|upkeep
|-message|killdyl forfeited.
|
|win|noobmedu123
