|j|☆azugamer
|j|☆luckycricket0326
|html|azugamerluckycricket0326    
|uhtml|bestof|Game 2 of a best-of-3
|t:|1785421994
|gametype|doubles
|player|p1|azugamer|n|1157
|player|p2|luckycricket0326|102|1103
|gen|9
|tier|[Gen 9 Champions] VGC 2026 Reg M-B (Bo3)
|rated|
|rule|Species Clause: Limit one of each Pokémon
|rule|Item Clause: Limit 1 of each item
|clearpoke
|poke|p1|Sylveon, L50, M|
|poke|p1|Aerodactyl, L50, M|
|poke|p1|Charizard, L50, F, shiny|
|poke|p1|Farigiraf, L50, M|
|poke|p1|Garchomp, L50, F|
|poke|p1|Kingambit, L50, M|
|poke|p2|Vivillon-Marine, L50, M|
|poke|p2|Raichu, L50, M|
|poke|p2|Farigiraf, L50, F|
|poke|p2|Vanilluxe, L50, M|
|poke|p2|Garchomp, L50, M|
|poke|p2|Camerupt, L50, M, shiny|
|teampreview|4
|showteam|p1|Sylveon||FairyFeather|Pixilate|Detect,HyperBeam,HyperVoice,QuickAttack|Modest||M|||50|]Aerodactyl||Aerodactylite|Unnerve|RockSlide,Tailwind,DualWingbeat,Protect|Jolly||M|||50|]Charizard||CharizarditeY|Blaze|HeatWave,WeatherBall,SolarBeam,Protect|Modest||F|||50|]Farigiraf||SitrusBerry|ArmorTail|TwinBeam,TrickRoom,Roar,Thunderbolt|Serious||M|||50|]Garchomp||LifeOrb|RoughSkin|StompingTantrum,RockSlide,DragonClaw,Protect|Jolly||F|||50|]Kingambit||FocusSash|Defiant|IronHead,LowKick,KowtowCleave,SuckerPunch|Adamant||M|||50|
|showteam|p2|Vivillon-Marine||FocusSash|CompoundEyes|SleepPowder,Hurricane,RagePowder,Protect|Timid||M|||50|]Raichu||RaichuniteY|LightningRod|ZapCannon,FocusBlast,FakeOut,Protect|Timid||M|||50|]Farigiraf||ColburBerry|ArmorTail|PsychicFangs,Thunderbolt,TrickRoom,HelpingHand|Bold||F|||50|]Vanilluxe||NeverMeltIce|SnowWarning|Blizzard,FreezeDry,Protect,IceShard|Quiet||M|||50|]Garchomp||LifeOrb|RoughSkin|DragonClaw,Earthquake,RockSlide,Protect|Jolly||M|||50|]Camerupt||Cameruptite|SolidRock|HeatWave,EarthPower,Protect,AncientPower|Quiet||M|||50|
|inactive|Battle timer is ON: inactive players will automatically lose when time's up. (requested by azugamer)
|
|t:|1785422023
|teamsize|p1|4
|teamsize|p2|4
|start
|switch|p1a: Garchomp|Garchomp, L50, F|100/100
|switch|p1b: Kingambit|Kingambit, L50, M|100/100
|switch|p2a: Raichu|Raichu, L50, M|100/100
|switch|p2b: Vivillon|Vivillon-Marine, L50, M|100/100
|turn|1
|
|t:|1785422045
|switch|p1b: Farigiraf|Farigiraf, L50, M|100/100
|detailschange|p2a: Raichu|Raichu-Mega-Y, L50, M
|-mega|p2a: Raichu|Raichu|Raichunite Y
|move|p2a: Raichu|Fake Out||[still]
|cant|p1b: Farigiraf|ability: Armor Tail|Fake Out|[of] p2a: Raichu
|move|p2b: Vivillon|Rage Powder|p2b: Vivillon
|-singleturn|p2b: Vivillon|move: Rage Powder
|move|p1a: Garchomp|Rock Slide|p2b: Vivillon|[spread] p2a,p2b
|-supereffective|p2b: Vivillon|2
|-damage|p2a: Raichu|45/100
|-enditem|p2b: Vivillon|Focus Sash
|-damage|p2b: Vivillon|1/100
|-damage|p1a: Garchomp|90/100|[from] item: Life Orb
|
|upkeep
|turn|2
|inactive|azugamer has 30 seconds left.
|
|t:|1785422077
|move|p2a: Raichu|Protect|p2a: Raichu
|-singleturn|p2a: Raichu|Protect
|move|p1a: Garchomp|Rock Slide|p2b: Vivillon|[spread] p2b
|-activate|p2a: Raichu|move: Protect
|-supereffective|p2b: Vivillon|2
|-damage|p2b: Vivillon|0 fnt
|faint|p2b: Vivillon
|-damage|p1a: Garchomp|80/100|[from] item: Life Orb
|move|p1b: Farigiraf|Twin Beam|p2a: Raichu
|-activate|p2a: Raichu|move: Protect
|
|upkeep
|
|t:|1785422098
|switch|p2b: Garchomp|Garchomp, L50, M|100/100
|turn|3
|
|t:|1785422117
|move|p2a: Raichu|Zap Cannon|p1b: Farigiraf
|-damage|p1b: Farigiraf|37/100
|-status|p1b: Farigiraf|par
|-enditem|p1b: Farigiraf|Sitrus Berry|[eat]
|-heal|p1b: Farigiraf|62/100 par|[from] item: Sitrus Berry
|move|p2b: Garchomp|Dragon Claw|p1a: Garchomp
|-supereffective|p1a: Garchomp|1
|-damage|p1a: Garchomp|0 fnt
|-damage|p2b: Garchomp|87/100|[from] ability: Rough Skin|[of] p1a: Garchomp
|faint|p1a: Garchomp
|-damage|p2b: Garchomp|77/100|[from] item: Life Orb
|move|p1b: Farigiraf|Twin Beam|p2a: Raichu
|-damage|p2a: Raichu|24/100
|-damage|p2a: Raichu|1/100
|-hitcount|p2a: Raichu|2
|
|upkeep
|
|t:|1785422137
|switch|p1a: Kingambit|Kingambit, L50, M|100/100
|turn|4
|
|t:|1785422147
|switch|p1b: Charizard|Charizard, L50, F, shiny|100/100
|move|p2a: Raichu|Focus Blast|p1a: Kingambit
|-supereffective|p1a: Kingambit|2
|-enditem|p1a: Kingambit|Focus Sash
|-damage|p1a: Kingambit|1/100
|move|p2b: Garchomp|Earthquake|p1b: Charizard|[spread] p2a,p1a
|-immune|p1b: Charizard
|-supereffective|p2a: Raichu|1
|-supereffective|p1a: Kingambit|1
|-damage|p2a: Raichu|0 fnt
|-damage|p1a: Kingambit|0 fnt
|faint|p2a: Raichu
|faint|p1a: Kingambit
|-damage|p2b: Garchomp|68/100|[from] item: Life Orb
|
|upkeep
|
|t:|1785422162
|switch|p2a: Vanilluxe|Vanilluxe, L50, M|100/100
|switch|p1a: Farigiraf|Farigiraf, L50, M|62/100 par
|-weather|Snowscape|[from] ability: Snow Warning|[of] p2a: Vanilluxe
|turn|5
|inactive|azugamer has 30 seconds left.
|
|t:|1785422197
|detailschange|p1b: Charizard|Charizard-Mega-Y, L50, F, shiny
|-mega|p1b: Charizard|Charizard|Charizardite Y
|-weather|SunnyDay|[from] ability: Drought|[of] p1b: Charizard
|move|p1b: Charizard|Protect|p1b: Charizard
|-singleturn|p1b: Charizard|Protect
|move|p2a: Vanilluxe|Protect|p2a: Vanilluxe
|-singleturn|p2a: Vanilluxe|Protect
|move|p2b: Garchomp|Rock Slide|p1a: Farigiraf|[spread] p1a
|-activate|p1b: Charizard|move: Protect
|-damage|p1a: Farigiraf|40/100 par
|-damage|p2b: Garchomp|58/100|[from] item: Life Orb
|move|p1a: Farigiraf|Trick Room|p1a: Farigiraf
|-fieldstart|move: Trick Room|[of] p1a: Farigiraf
|
|-weather|SunnyDay|[upkeep]
|upkeep
|turn|6
|inactive|azugamer has 30 seconds left.
|inactive|luckycricket0326 has 30 seconds left.
|
|t:|1785422228
|move|p2b: Garchomp|Protect|p2b: Garchomp
|-singleturn|p2b: Garchomp|Protect
|move|p1a: Farigiraf|Twin Beam|p2b: Garchomp
|-activate|p2b: Garchomp|move: Protect
|move|p2a: Vanilluxe|Blizzard|p1b: Charizard|[spread] p1a,p1b
|-damage|p1a: Farigiraf|0 fnt
|-damage|p1b: Charizard|52/100
|faint|p1a: Farigiraf
|move|p1b: Charizard|Heat Wave|p2a: Vanilluxe|[spread] p2a
|-activate|p2b: Garchomp|move: Protect
|-supereffective|p2a: Vanilluxe|1
|-damage|p2a: Vanilluxe|0 fnt
|faint|p2a: Vanilluxe
|
|-weather|SunnyDay|[upkeep]
|upkeep
|turn|7
|
|t:|1785422243
|move|p1b: Charizard|Solar Beam||[still]
|-prepare|p1b: Charizard|Solar Beam
|-anim|p1b: Charizard|Solar Beam|p2b: Garchomp
|-damage|p2b: Garchomp|12/100
|move|p2b: Garchomp|Rock Slide|p1b: Charizard
|-supereffective|p1b: Charizard|2
|-damage|p1b: Charizard|0 fnt
|faint|p1b: Charizard
|-damage|p2b: Garchomp|2/100|[from] item: Life Orb
|
|win|luckycricket0326
|raw|azugamer's rating: 1157 → 1128(-29 for losing)
|raw|luckycricket0326's rating: 1103 → 1132(+29 for winning)
|l|☆azugamer
|player|p1|
