|j|☆lettitripppp
|j|☆Timothim Chalombre
|html|lettitrippppTimothim Chalombre    
|uhtml|bestof|Game 3 of a best-of-3
|t:|1783735643
|gametype|doubles
|player|p1|lettitripppp|lucas|1234
|player|p2|Timothim Chalombre|caitlin|1182
|gen|9
|tier|[Gen 9 Champions] VGC 2026 Reg M-B (Bo3)
|rated|
|rule|Species Clause: Limit one of each Pokémon
|rule|Item Clause: Limit 1 of each item
|clearpoke
|poke|p1|Blastoise, L50, F|
|poke|p1|Delphox, L50, F|
|poke|p1|Incineroar, L50, F|
|poke|p1|Sinistcha, L50, shiny|
|poke|p1|Sneasler, L50, F, shiny|
|poke|p1|Kingambit, L50, F, shiny|
|poke|p2|Basculegion, L50, M|
|poke|p2|Ceruledge, L50, F|
|poke|p2|Froslass, L50, F|
|poke|p2|Corviknight, L50, F|
|poke|p2|Sneasler, L50, M|
|poke|p2|Tsareena, L50, F|
|teampreview|4
|showteam|p1|Blastoise||Blastoisinite|RainDish|WaterSpout,ShellSmash,DarkPulse,Protect|Modest||F|||50|]Delphox||Delphoxite|Blaze|HeatWave,NastyPlot,Psyshock,Protect|Timid||F|||50|]Incineroar||PasshoBerry|Intimidate|HelpingHand,PartingShot,FlareBlitz,FakeOut|Careful||F|||50|]Sinistcha||SitrusBerry|Hospitality|MatchaGotcha,RagePowder,TrickRoom,Protect|Bold|||||50|]Sneasler||FocusSash|PoisonTouch|CloseCombat,QuickGuard,DireClaw,FakeOut|Jolly||F|||50|]Kingambit||BlackGlasses|Defiant|KowtowCleave,SwordsDance,SuckerPunch,Protect|Adamant||F|||50|
|showteam|p2|Basculegion||ChoiceScarf|Adaptability|WaveCrash,LastRespects,AquaJet,FlipTurn|Jolly||M|||50|]Ceruledge||ColburBerry|FlashFire|BitterBlade,ShadowSneak,SwordsDance,Protect|Adamant||F|||50|]Froslass||Froslassite|CursedBody|Blizzard,ShadowBall,AuroraVeil,Protect|Modest||F|||50|]Corviknight||Leftovers|MirrorArmor|Tailwind,Roost,BraveBird,Protect|Adamant||F|||50|]Sneasler||WhiteHerb|Unburden|FakeOut,CloseCombat,DireClaw,Protect|Jolly||M|||50|]Tsareena||SitrusBerry|QueenlyMajesty|TropKick,LowKick,Protect,Taunt|Adamant||F|||50|
|inactive|Battle timer is ON: inactive players will automatically lose when time's up. (requested by lettitripppp)
|
|t:|1783735666
|teamsize|p1|4
|teamsize|p2|4
|start
|switch|p1a: LET IT RAIN BIH|Blastoise, L50, F|100/100
|switch|p1b: AOI TODO|Incineroar, L50, F|100/100
|switch|p2a: Sneasler|Sneasler, L50, M|100/100
|switch|p2b: Ceruledge|Ceruledge, L50, F|100/100
|-ability|p1b: AOI TODO|Intimidate|boost
|-unboost|p2a: Sneasler|atk|1
|-unboost|p2b: Ceruledge|atk|1
|-enditem|p2a: Sneasler|White Herb
|-clearnegativeboost|p2a: Sneasler|[silent]
|turn|1
|
|t:|1783735682
|detailschange|p1a: LET IT RAIN BIH|Blastoise-Mega, L50, F
|-mega|p1a: LET IT RAIN BIH|Blastoise|Blastoisinite
|move|p2a: Sneasler|Fake Out|p1a: LET IT RAIN BIH
|-damage|p1a: LET IT RAIN BIH|88/100
|move|p2b: Ceruledge|Swords Dance|p2b: Ceruledge
|-boost|p2b: Ceruledge|atk|2
|cant|p1a: LET IT RAIN BIH|flinch
|move|p1b: AOI TODO|Parting Shot|p2a: Sneasler
|-unboost|p2a: Sneasler|atk|1
|-unboost|p2a: Sneasler|spa|1
|
|t:|1783735689
|switch|p1b: ASKIN|Sneasler, L50, F, shiny|100/100|[from] Parting Shot
|
|upkeep
|turn|2
|inactive|Timothim Chalombre has 30 seconds left.
|
|t:|1783735722
|switch|p2a: Basculegion|Basculegion, L50, M|100/100
|move|p1b: ASKIN|Fake Out|p2a: Basculegion
|-immune|p2a: Basculegion
|move|p2b: Ceruledge|Shadow Sneak|p1a: LET IT RAIN BIH
|-damage|p1a: LET IT RAIN BIH|64/100
|move|p1a: LET IT RAIN BIH|Shell Smash|p1a: LET IT RAIN BIH
|-unboost|p1a: LET IT RAIN BIH|def|1
|-unboost|p1a: LET IT RAIN BIH|spd|1
|-boost|p1a: LET IT RAIN BIH|atk|2
|-boost|p1a: LET IT RAIN BIH|spa|2
|-boost|p1a: LET IT RAIN BIH|spe|2
|
|upkeep
|turn|3
|inactive|lettitripppp has 30 seconds left.
|
|t:|1783735755
|switch|p1b: GENERAL BLADUS|Kingambit, L50, F, shiny|100/100
|move|p1a: LET IT RAIN BIH|Protect|p1a: LET IT RAIN BIH
|-singleturn|p1a: LET IT RAIN BIH|Protect
|move|p2a: Basculegion|Wave Crash|p1b: GENERAL BLADUS
|-damage|p1b: GENERAL BLADUS|45/100
|-damage|p2a: Basculegion|81/100|[from] Recoil
|move|p2b: Ceruledge|Swords Dance|p2b: Ceruledge
|-boost|p2b: Ceruledge|atk|2
|
|upkeep
|turn|4
|
|t:|1783735772
|move|p2b: Ceruledge|Shadow Sneak|p1a: LET IT RAIN BIH
|-damage|p1a: LET IT RAIN BIH|6/100
|move|p1b: GENERAL BLADUS|Sucker Punch|p2a: Basculegion
|-supereffective|p2a: Basculegion|1
|-damage|p2a: Basculegion|0 fnt
|faint|p2a: Basculegion
|move|p1a: LET IT RAIN BIH|Water Spout|p2b: Ceruledge
|-supereffective|p2b: Ceruledge|1
|-damage|p2b: Ceruledge|80/100
|
|upkeep
|
|t:|1783735783
|switch|p2a: Tsareena|Tsareena, L50, F|100/100
|turn|5
|
|t:|1783735788
|switch|p1b: ASKIN|Sneasler, L50, F, shiny|100/100
|move|p1a: LET IT RAIN BIH|Protect|p1a: LET IT RAIN BIH
|-singleturn|p1a: LET IT RAIN BIH|Protect
|move|p2b: Ceruledge|Shadow Sneak|p1a: LET IT RAIN BIH
|-activate|p1a: LET IT RAIN BIH|move: Protect
|move|p2a: Tsareena|Low Kick|p1b: ASKIN
|-resisted|p1b: ASKIN|1
|-damage|p1b: ASKIN|83/100
|
|upkeep
|turn|6
|
|t:|1783735801
|move|p2b: Ceruledge|Protect|p2b: Ceruledge
|-singleturn|p2b: Ceruledge|Protect
|move|p1b: ASKIN|Quick Guard|p1b: ASKIN
|-singleturn|p1b: ASKIN|Quick Guard
|move|p1a: LET IT RAIN BIH|Dark Pulse|p2a: Tsareena
|-damage|p2a: Tsareena|13/100
|-enditem|p2a: Tsareena|Sitrus Berry|[eat]
|-heal|p2a: Tsareena|38/100|[from] item: Sitrus Berry
|move|p2a: Tsareena|Taunt|p1b: ASKIN
|-start|p1b: ASKIN|move: Taunt
|
|upkeep
|turn|7
|
|t:|1783735820
|move|p2b: Ceruledge|Shadow Sneak|p1b: ASKIN
|-damage|p1b: ASKIN|4/100
|move|p1a: LET IT RAIN BIH|Dark Pulse|p2b: Ceruledge
|-supereffective|p2b: Ceruledge|1
|-enditem|p2b: Ceruledge|Colbur Berry|[eat]
|-enditem|p2b: Ceruledge|Colbur Berry|[weaken]
|-damage|p2b: Ceruledge|0 fnt
|faint|p2b: Ceruledge
|move|p1b: ASKIN|Dire Claw|p2a: Tsareena
|-supereffective|p2a: Tsareena|1
|-damage|p2a: Tsareena|0 fnt
|faint|p2a: Tsareena
|
|upkeep
|
|t:|1783735825
|switch|p2b: Sneasler|Sneasler, L50, M|100/100
|turn|8
|-message|Timothim Chalombre forfeited.
|
|win|lettitripppp
|raw|lettitripppp's rating: 1234 → 1255(+21 for winning)
|raw|Timothim Chalombre's rating: 1182 → 1161(-21 for losing)
