|j|☆waffle991vgc
|j|☆3rdPlaceTennis
|html|waffle991vgc3rdPlaceTennis    
|uhtml|bestof|Game 1 of a best-of-3
|t:|1756609432
|gametype|doubles
|player|p1|waffle991vgc|hilda|1002
|player|p2|3rdPlaceTennis|bugcatcher-gen4dp|1090
|gen|9
|tier|[Gen 9] VGC 2025 Reg H (Bo3)
|rated|
|rule|Species Clause: Limit one of each Pokémon
|rule|Item Clause: Limit 1 of each item
|clearpoke
|poke|p1|Sylveon, L50, F|
|poke|p1|Porygon2, L50|
|poke|p1|Ursaluna, L50, F|
|poke|p1|Gallade, L50, M|
|poke|p1|Farigiraf, L50, M|
|poke|p1|Incineroar, L50, F|
|poke|p2|Kommo-o, L50, F|
|poke|p2|Gothitelle, L50, M|
|poke|p2|Ninetales-Alola, L50, M|
|poke|p2|Incineroar, L50, M|
|poke|p2|Ursaluna, L50, M|
|poke|p2|Archaludon, L50, M|
|teampreview|4
|showteam|p1|Sylveon||ChoiceSpecs|Pixilate|HyperVoice,HyperBeam,ShadowBall,Psychic|||F|||50|,,,,,Fairy]Porygon2||Eviolite|Download|TrickRoom,TeraBlast,IceBeam,Protect||||||50|,,,,,Ghost]Ursaluna||FlameOrb|Guts|HeadlongRush,Facade,Protect,CloseCombat|||F|||50|,,,,,Normal]Gallade||ClearAmulet|Sharpness|SacredSword,WideGuard,TrickRoom,Protect|||M|||50|,,,,,Steel]Farigiraf||SafetyGoggles|ArmorTail|TrickRoom,DazzlingGleam,HyperVoice,Protect|||M|||50|,,,,,Fairy]Incineroar||SitrusBerry|Intimidate|FakeOut,KnockOff,PartingShot,FlareBlitz|||F|||50|,,,,,Ghost
|showteam|p2|Kommo-o||ThroatSpray|Soundproof|ClangingScales,Flamethrower,ClangorousSoul,Protect|||F|||50|,,,,,Fire]Gothitelle||Leftovers|ShadowTag|Protect,Psychic,TrickRoom,FakeOut|||M|||50|,,,,,Water]Ninetales-Alola||FocusSash|SnowWarning|Protect,Encore,Blizzard,IcyWind|||M|||50|,,,,,Ghost]Incineroar||SafetyGoggles|Intimidate|KnockOff,Taunt,FakeOut,PartingShot|||M|||50|,,,,,Ghost]Ursaluna||FlameOrb|Guts|Facade,HeadlongRush,Earthquake,Protect|||M|||50|,,,,,Fairy]Archaludon||PowerHerb|Sturdy|DracoMeteor,ElectroShot,Thunderbolt,Protect|||M|||50|,,,,,Electric
|
|t:|1756609473
|teamsize|p1|4
|teamsize|p2|4
|start
|switch|p1a: Porygon2|Porygon2, L50, shiny|100/100
|switch|p1b: Ursaluna|Ursaluna, L50, F|100/100
|switch|p2a: Incineroar|Incineroar, L50, M|100/100
|switch|p2b: Gothitelle|Gothitelle, L50, M|100/100
|-ability|p2a: Incineroar|Intimidate|boost
|-unboost|p1a: Porygon2|atk|1
|-unboost|p1b: Ursaluna|atk|1
|-ability|p1a: Porygon2|Download|boost
|-boost|p1a: Porygon2|atk|1
|turn|1
|inactive|Battle timer is ON: inactive players will automatically lose when time's up. (requested by waffle991vgc)
|
|t:|1756609496
|move|p1a: Porygon2|Protect|p1a: Porygon2
|-singleturn|p1a: Porygon2|Protect
|move|p1b: Ursaluna|Protect|p1b: Ursaluna
|-singleturn|p1b: Ursaluna|Protect
|move|p2b: Gothitelle|Fake Out|p1b: Ursaluna
|-activate|p1b: Ursaluna|move: Protect
|move|p2a: Incineroar|Taunt|p1a: Porygon2
|-activate|p1a: Porygon2|move: Protect
|
|-status|p1b: Ursaluna|brn|[from] item: Flame Orb
|upkeep
|turn|2
|
|t:|1756609519
|-terastallize|p2a: Incineroar|Ghost
|move|p2b: Gothitelle|Psychic|p1b: Ursaluna
|-damage|p1b: Ursaluna|76/100 brn
|move|p2a: Incineroar|Taunt|p1a: Porygon2
|-start|p1a: Porygon2|move: Taunt
|move|p1a: Porygon2|Tera Blast|p2a: Incineroar
|-immune|p2a: Incineroar
|move|p1b: Ursaluna|Facade|p2b: Gothitelle
|-damage|p2b: Gothitelle|15/100
|
|-heal|p2b: Gothitelle|22/100|[from] item: Leftovers
|-damage|p1b: Ursaluna|70/100 brn|[from] brn
|upkeep
|turn|3
|
|t:|1756609534
|-terastallize|p1a: Porygon2|Ghost
|move|p2b: Gothitelle|Psychic|p1b: Ursaluna
|-damage|p1b: Ursaluna|47/100 brn
|move|p2a: Incineroar|Knock Off|p1b: Ursaluna
|-damage|p1b: Ursaluna|9/100 brn
|-enditem|p1b: Ursaluna|Flame Orb|[from] move: Knock Off|[of] p2a: Incineroar
|move|p1a: Porygon2|Tera Blast|p2a: Incineroar|[anim] Tera Blast Ghost
|-supereffective|p2a: Incineroar
|-damage|p2a: Incineroar|41/100
|move|p1b: Ursaluna|Facade|p2b: Gothitelle
|-damage|p2b: Gothitelle|0 fnt
|faint|p2b: Gothitelle
|
|-damage|p1b: Ursaluna|3/100 brn|[from] brn
|upkeep
|
|t:|1756609545
|switch|p2b: Kommo-o|Kommo-o, L50, F|100/100
|turn|4
|
|t:|1756609550
|switch|p1b: Gallade|Gallade, L50, M, shiny|100/100
|move|p2b: Kommo-o|Clanging Scales|p1a: Porygon2|[spread] p1a,p1b
|-damage|p1a: Porygon2|80/100
|-damage|p1b: Gallade|63/100
|-unboost|p2b: Kommo-o|def|1
|-enditem|p2b: Kommo-o|Throat Spray
|-boost|p2b: Kommo-o|spa|1|[from] item: Throat Spray
|move|p2a: Incineroar|Knock Off|p1a: Porygon2
|-supereffective|p1a: Porygon2
|-damage|p1a: Porygon2|15/100
|-enditem|p1a: Porygon2|Eviolite|[from] move: Knock Off|[of] p2a: Incineroar
|move|p1a: Porygon2|Tera Blast|p2a: Incineroar|[anim] Tera Blast Ghost
|-supereffective|p2a: Incineroar
|-damage|p2a: Incineroar|0 fnt
|faint|p2a: Incineroar
|
|-end|p1a: Porygon2|move: Taunt
|upkeep
|
|t:|1756609554
|switch|p2a: Archaludon|Archaludon, L50, M|100/100
|turn|5
|
|t:|1756609567
|move|p1a: Porygon2|Protect|p1a: Porygon2
|-singleturn|p1a: Porygon2|Protect
|move|p2a: Archaludon|Electro Shot||[still]
|-prepare|p2a: Archaludon|Electro Shot
|-boost|p2a: Archaludon|spa|1
|-enditem|p2a: Archaludon|Power Herb
|-anim|p2a: Archaludon|Electro Shot|p1b: Gallade
|-damage|p1b: Gallade|0 fnt
|faint|p1b: Gallade
|move|p2b: Kommo-o|Flamethrower|p1a: Porygon2
|-activate|p1a: Porygon2|move: Protect
|
|upkeep
|
|t:|1756609576
|switch|p1b: Sylveon|Sylveon, L50, F, shiny|100/100
|turn|6
|
|t:|1756609586
|move|p2b: Kommo-o|Protect|p2b: Kommo-o
|-singleturn|p2b: Kommo-o|Protect
|move|p2a: Archaludon|Thunderbolt|p1a: Porygon2
|-damage|p1a: Porygon2|0 fnt
|faint|p1a: Porygon2
|move|p1b: Sylveon|Hyper Voice|p2a: Archaludon|[spread] p2a
|-activate|p2b: Kommo-o|move: Protect
|-damage|p2a: Archaludon|11/100
|
|upkeep
|
|t:|1756609589
|switch|p1a: Ursaluna|Ursaluna, L50, F|3/100 brn
|turn|7
|
|t:|1756609597
|move|p2a: Archaludon|Thunderbolt|p1b: Sylveon
|-damage|p1b: Sylveon|64/100
|move|p2b: Kommo-o|Flamethrower|p1a: Ursaluna
|-damage|p1a: Ursaluna|0 fnt
|faint|p1a: Ursaluna
|move|p1b: Sylveon|Hyper Voice|p2a: Archaludon|[spread] p2a
|-immune|p2b: Kommo-o|[from] ability: Soundproof
|-damage|p2a: Archaludon|0 fnt
|faint|p2a: Archaludon
|
|upkeep
|turn|8
|
|t:|1756609600
|move|p2b: Kommo-o|Flamethrower|p1b: Sylveon
|-damage|p1b: Sylveon|27/100
|move|p1b: Sylveon|Hyper Voice|p2b: Kommo-o
|-immune|p2b: Kommo-o|[from] ability: Soundproof
|
|upkeep
|turn|9
|-message|waffle991vgc forfeited.
|
|win|3rdPlaceTennis
