|j|☆wingblade33
|j|☆Danidelaserna20
|html|wingblade33Danidelaserna20    
|uhtml|bestof|Game 2 of a best-of-3
|t:|1784745627
|gametype|doubles
|player|p1|wingblade33|266|1126
|player|p2|Danidelaserna20|ethan|1222
|gen|9
|tier|[Gen 9 Champions] VGC 2026 Reg M-B (Bo3)
|rated|
|rule|Species Clause: Limit one of each Pokémon
|rule|Item Clause: Limit 1 of each item
|clearpoke
|poke|p1|Tyranitar, L50, F|
|poke|p1|Milotic, L50, F|
|poke|p1|Farigiraf, L50, F|
|poke|p1|Gholdengo, L50|
|poke|p1|Excadrill, L50, M|
|poke|p1|Staraptor, L50, F|
|poke|p2|Hydreigon, L50, F|
|poke|p2|Sneasler, L50, F|
|poke|p2|Floette-Eternal, L50, F|
|poke|p2|Gholdengo, L50|
|poke|p2|Whimsicott, L50, F|
|poke|p2|Incineroar, L50, F|
|teampreview|4
|showteam|p1|Tyranitar||Tyranitarite|SandStream|KnockOff,DragonDance,RockSlide,Protect|Adamant||F|||50|]Milotic||Leftovers|Competitive|IcyWind,Scald,Haze,Protect|Calm||F|||50|]Farigiraf||SitrusBerry|ArmorTail|Psychic,TrickRoom,Roar,Thunderbolt|Modest||F|||50|]Gholdengo||LifeOrb|GoodasGold|MakeItRain,ShadowBall,NastyPlot,Protect|Modest|||||50|]Excadrill||FocusSash|SandRush|HighHorsepower,IronHead,RockSlide,Protect|Adamant||M|||50|]Staraptor||Staraptite|Intimidate|CloseCombat,BraveBird,Tailwind,Protect|Jolly||F|||50|
|showteam|p2|Hydreigon||ChoiceScarf|Levitate|DarkPulse,DracoMeteor,Snarl,EarthPower|Modest||F|||50|]Sneasler||LifeOrb|PoisonTouch|FakeOut,DireClaw,CloseCombat,Protect|Jolly||F|||50|]Floette-Eternal||Floettite|FlowerVeil|CalmMind,DazzlingGleam,Moonblast,Protect|Timid||F|||50|]Gholdengo||FocusSash|GoodasGold|MakeItRain,ShadowBall,PowerGem,Protect|Modest|||||50|]Whimsicott||FairyFeather|Prankster|Tailwind,Moonblast,Encore,Protect|Timid||F|||50|]Incineroar||SitrusBerry|Intimidate|FakeOut,PartingShot,ThroatChop,FlareBlitz|Careful||F|||50|
|inactive|Battle timer is ON: inactive players will automatically lose when time's up. (requested by wingblade33)
|inactive|wingblade33 has 60 seconds left.
|inactive|Danidelaserna20 has 60 seconds left.
|
|t:|1784745677
|teamsize|p1|4
|teamsize|p2|4
|start
|switch|p1a: Milotic|Milotic, L50, F|100/100
|switch|p1b: Excadrill|Excadrill, L50, M|100/100
|switch|p2a: Incineroar|Incineroar, L50, F|100/100
|switch|p2b: Floette|Floette-Eternal, L50, F|100/100
|-ability|p2a: Incineroar|Intimidate|boost
|-unboost|p1a: Milotic|atk|1
|-ability|p1a: Milotic|Competitive|boost
|-boost|p1a: Milotic|spa|2
|-unboost|p1b: Excadrill|atk|1
|turn|1
|
|t:|1784745700
|detailschange|p2b: Floette|Floette-Mega, L50, F
|-mega|p2b: Floette|Floette|Floettite
|-ability|p2b: Floette|Fairy Aura
|move|p2a: Incineroar|Fake Out|p1b: Excadrill
|-resisted|p1b: Excadrill|1
|-damage|p1b: Excadrill|93/100
|move|p2b: Floette|Calm Mind|p2b: Floette
|-boost|p2b: Floette|spa|1
|-boost|p2b: Floette|spd|1
|cant|p1b: Excadrill|flinch
|move|p1a: Milotic|Scald|p2b: Floette
|-damage|p2b: Floette|75/100
|
|upkeep
|turn|2
|
|t:|1784745721
|move|p2b: Floette|Moonblast|p1a: Milotic
|-damage|p1a: Milotic|37/100
|move|p1b: Excadrill|Iron Head|p2b: Floette
|-supereffective|p2b: Floette|1
|-damage|p2b: Floette|13/100
|move|p1a: Milotic|Haze|p1a: Milotic
|-clearallboost
|move|p2a: Incineroar|Flare Blitz|p1b: Excadrill
|-supereffective|p1b: Excadrill|1
|-damage|p1b: Excadrill|0 fnt
|faint|p1b: Excadrill
|-damage|p2a: Incineroar|71/100|[from] Recoil
|
|-heal|p1a: Milotic|43/100|[from] item: Leftovers
|upkeep
|
|t:|1784745745
|switch|p1b: Staraptor|Staraptor, L50, F|100/100
|-ability|p1b: Staraptor|Intimidate|boost
|-unboost|p2a: Incineroar|atk|1
|-unboost|p2b: Floette|atk|1
|turn|3
|
|t:|1784745768
|switch|p2a: Whimsicott|Whimsicott, L50, F|100/100
|detailschange|p1b: Staraptor|Staraptor-Mega, L50, F
|-mega|p1b: Staraptor|Staraptor|Staraptite
|move|p1b: Staraptor|Close Combat|p2b: Floette
|-resisted|p2b: Floette|1
|-damage|p2b: Floette|0 fnt
|-boost|p1b: Staraptor|def|1
|-boost|p1b: Staraptor|spd|1
|faint|p2b: Floette
|move|p1a: Milotic|Scald|p2a: Whimsicott
|-resisted|p2a: Whimsicott|1
|-damage|p2a: Whimsicott|75/100
|-status|p2a: Whimsicott|brn
|
|-heal|p1a: Milotic|49/100|[from] item: Leftovers
|-damage|p2a: Whimsicott|69/100 brn|[from] brn
|upkeep
|
|t:|1784745790
|switch|p2b: Hydreigon|Hydreigon, L50, F|100/100
|turn|4
|inactive|wingblade33 has 30 seconds left.
|
|t:|1784745820
|switch|p1a: Gholdengo|Gholdengo, L50|100/100
|move|p2b: Hydreigon|Draco Meteor|p1b: Staraptor
|-damage|p1b: Staraptor|40/100
|-unboost|p2b: Hydreigon|spa|2
|move|p2a: Whimsicott|Moonblast|p1b: Staraptor
|-supereffective|p1b: Staraptor|1
|-damage|p1b: Staraptor|0 fnt
|faint|p1b: Staraptor
|
|-damage|p2a: Whimsicott|63/100 brn|[from] brn
|upkeep
|
|t:|1784745831
|switch|p1b: Milotic|Milotic, L50, F|49/100
|turn|5
|inactive|wingblade33 has 30 seconds left.
|
|t:|1784745858
|switch|p2b: Incineroar|Incineroar, L50, F|71/100
|-ability|p2b: Incineroar|Intimidate|boost
|-unboost|p1a: Gholdengo|atk|1
|-unboost|p1b: Milotic|atk|1
|-ability|p1b: Milotic|Competitive|boost
|-boost|p1b: Milotic|spa|2
|move|p2a: Whimsicott|Tailwind|p2a: Whimsicott
|-sidestart|p2: Danidelaserna20|move: Tailwind
|move|p1a: Gholdengo|Nasty Plot|p1a: Gholdengo
|-boost|p1a: Gholdengo|spa|2
|move|p1b: Milotic|Scald|p2b: Incineroar
|-supereffective|p2b: Incineroar|1
|-crit|p2b: Incineroar
|-damage|p2b: Incineroar|0 fnt
|faint|p2b: Incineroar
|
|-heal|p1b: Milotic|55/100|[from] item: Leftovers
|-damage|p2a: Whimsicott|57/100 brn|[from] brn
|upkeep
|
|t:|1784745870
|switch|p2b: Hydreigon|Hydreigon, L50, F|100/100
|turn|6
|
|t:|1784745890
|move|p2b: Hydreigon|Dark Pulse|p1a: Gholdengo
|-supereffective|p1a: Gholdengo|1
|-damage|p1a: Gholdengo|10/100
|move|p2a: Whimsicott|Moonblast|p1a: Gholdengo
|-resisted|p1a: Gholdengo|1
|-damage|p1a: Gholdengo|0 fnt
|faint|p1a: Gholdengo
|move|p1b: Milotic|Icy Wind|p2b: Hydreigon|[spread] p2a,p2b
|-supereffective|p2a: Whimsicott|1
|-supereffective|p2b: Hydreigon|1
|-damage|p2a: Whimsicott|0 fnt
|-damage|p2b: Hydreigon|53/100
|-unboost|p2b: Hydreigon|spe|1
|faint|p2a: Whimsicott
|
|-heal|p1b: Milotic|62/100|[from] item: Leftovers
|upkeep
|turn|7
|
|t:|1784745909
|move|p1b: Milotic|Protect|p1b: Milotic
|-singleturn|p1b: Milotic|Protect
|move|p2b: Hydreigon|Dark Pulse|p1b: Milotic
|-activate|p1b: Milotic|move: Protect
|
|-heal|p1b: Milotic|68/100|[from] item: Leftovers
|upkeep
|turn|8
|
|t:|1784745916
|move|p2b: Hydreigon|Dark Pulse|p1b: Milotic
|-damage|p1b: Milotic|36/100
|move|p1b: Milotic|Icy Wind|p2b: Hydreigon
|-supereffective|p2b: Hydreigon|1
|-damage|p2b: Hydreigon|0 fnt
|faint|p2b: Hydreigon
|
|win|wingblade33
||Danidelaserna20 is ready for game 3.
||wingblade33 is ready for game 3.
|uhtml|next|Next: Game 3 of 3
