|j|☆NegaiFreak
|j|☆impassw
|html|NegaiFreakimpassw    
|uhtml|bestof|Game 2 of a best-of-3
|t:|1756302435
|gametype|doubles
|player|p1|NegaiFreak|265|1100
|player|p2|impassw|giovanni|1119
|gen|9
|tier|[Gen 9] VGC 2025 Reg H (Bo3)
|rated|
|rule|Species Clause: Limit one of each Pokémon
|rule|Item Clause: Limit 1 of each item
|clearpoke
|poke|p1|Ceruledge, L50, F|
|poke|p1|Sneasler, L50, F|
|poke|p1|Rillaboom, L50, M|
|poke|p1|Salamence, L50, M|
|poke|p1|Milotic, L50, F|
|poke|p1|Ninetales-Alola, L50, M|
|poke|p2|Typhlosion-Hisui, L50, M|
|poke|p2|Whimsicott, L50, M|
|poke|p2|Ursaluna-Bloodmoon, L50, M|
|poke|p2|Primarina, L50, F|
|poke|p2|Meowscarada, L50, M|
|poke|p2|Farigiraf, L50, M|
|teampreview|4
|showteam|p1|Ceruledge||ClearAmulet|FlashFire|BitterBlade,ShadowSneak,BulkUp,Protect|||F|||50|,,,,,Grass]Sneasler||GrassySeed|Unburden|DireClaw,CloseCombat,Coaching,Protect|||F|||50|,,,,,Stellar]Rillaboom||AssaultVest|GrassySurge|FakeOut,GrassyGlide,WoodHammer,HighHorsepower|||M|||50|,,,,,Fire]Salamence||LifeOrb|Intimidate|AirSlash,DracoMeteor,Tailwind,Protect|||M|||50|,,,,,Steel]Milotic||Leftovers|Competitive|Scald,IceBeam,Haze,Protect|||F|||50|,,,,,Dragon]Ninetales-Alola||FocusSash|SnowWarning|FreezeDry,Moonblast,AuroraVeil,Protect|||M|||50|,,,,,Ice
|showteam|p2|Typhlosion-Hisui||Charcoal|Blaze|Eruption,HeatWave,ShadowBall,Protect|||M|||50|,,,,,Fire]Whimsicott||CovertCloak|Prankster|Tailwind,Moonblast,SunnyDay,Encore|||M|||50|,,,,,Dark]Ursaluna-Bloodmoon||LifeOrb|MindsEye|HyperVoice,BloodMoon,EarthPower,Protect|||M|||50|,,,,,Normal]Primarina||ThroatSpray|LiquidVoice|Moonblast,HyperVoice,Haze,Protect|||F|||50|,,,,,Grass]Meowscarada||FocusSash|Protean|FlowerTrick,KnockOff,Uturn,Protect|||M|||50|,,,,,Grass]Farigiraf||SafetyGoggles|ArmorTail|PsychicNoise,HyperVoice,HelpingHand,TrickRoom|||M|||50|,,,,,Fire
|
|t:|1756302467
|teamsize|p1|4
|teamsize|p2|4
|start
|switch|p1a: Sneasler|Sneasler, L50, F|100/100
|switch|p1b: Ceruledge|Ceruledge, L50, F, shiny|100/100
|switch|p2a: Typhlosion|Typhlosion-Hisui, L50, M|100/100
|switch|p2b: Whimsicott|Whimsicott, L50, M|100/100
|turn|1
|
|t:|1756302488
|-terastallize|p1b: Ceruledge|Grass
|move|p2b: Whimsicott|Tailwind|p2b: Whimsicott
|-sidestart|p2: impassw|move: Tailwind
|move|p2a: Typhlosion|Shadow Ball|p1b: Ceruledge
|-damage|p1b: Ceruledge|66/100
|move|p1a: Sneasler|Coaching|p1b: Ceruledge
|-boost|p1b: Ceruledge|atk|1
|-boost|p1b: Ceruledge|def|1
|move|p1b: Ceruledge|Bitter Blade|p2b: Whimsicott
|-supereffective|p2b: Whimsicott
|-damage|p2b: Whimsicott|0 fnt
|-heal|p1b: Ceruledge|100/100|[from] drain|[of] p2b: Whimsicott
|faint|p2b: Whimsicott
|
|upkeep
|
|t:|1756302527
|switch|p2b: Ursaluna|Ursaluna-Bloodmoon, L50, M|100/100
|turn|2
|
|t:|1756302564
|move|p2a: Typhlosion|Protect|p2a: Typhlosion
|-singleturn|p2a: Typhlosion|Protect
|move|p1a: Sneasler|Protect|p1a: Sneasler
|-singleturn|p1a: Sneasler|Protect
|move|p2b: Ursaluna|Blood Moon|p1b: Ceruledge
|-damage|p1b: Ceruledge|16/100
|-damage|p2b: Ursaluna|91/100|[from] item: Life Orb
|move|p1b: Ceruledge|Bitter Blade|p2a: Typhlosion
|-activate|p2a: Typhlosion|move: Protect
|
|upkeep
|turn|3
|
|t:|1756302588
|move|p1b: Ceruledge|Shadow Sneak|p2a: Typhlosion
|-supereffective|p2a: Typhlosion
|-damage|p2a: Typhlosion|6/100
|move|p2a: Typhlosion|Heat Wave|p1b: Ceruledge|[spread] p1a
|-start|p1b: Ceruledge|ability: Flash Fire
|-damage|p1a: Sneasler|9/100
|move|p2b: Ursaluna|Earth Power|p1a: Sneasler
|-supereffective|p1a: Sneasler
|-damage|p1a: Sneasler|0 fnt
|faint|p1a: Sneasler
|-damage|p2b: Ursaluna|81/100|[from] item: Life Orb
|
|upkeep
|
|t:|1756302604
|switch|p1a: Ninetales|Ninetales-Alola, L50, M|100/100
|-weather|Snowscape|[from] ability: Snow Warning|[of] p1a: Ninetales
|turn|4
|
|t:|1756302632
|move|p2a: Typhlosion|Protect|p2a: Typhlosion
|-singleturn|p2a: Typhlosion|Protect
|move|p1a: Ninetales|Protect|p1a: Ninetales
|-singleturn|p1a: Ninetales|Protect
|move|p1b: Ceruledge|Protect|p1b: Ceruledge
|-singleturn|p1b: Ceruledge|Protect
|move|p2b: Ursaluna|Earth Power|p1a: Ninetales
|-activate|p1a: Ninetales|move: Protect
|
|-weather|Snowscape|[upkeep]
|-sideend|p2: impassw|move: Tailwind
|upkeep
|turn|5
|
|t:|1756302657
|switch|p2a: Farigiraf|Farigiraf, L50, M|100/100
|move|p1a: Ninetales|Moonblast|p2a: Farigiraf
|-damage|p2a: Farigiraf|70/100
|move|p2b: Ursaluna|Blood Moon|p1a: Ninetales
|-enditem|p1a: Ninetales|Focus Sash
|-damage|p1a: Ninetales|1/100
|-damage|p2b: Ursaluna|72/100|[from] item: Life Orb
|move|p1b: Ceruledge|Bitter Blade|p2b: Ursaluna
|-crit|p2b: Ursaluna
|-damage|p2b: Ursaluna|0 fnt
|-heal|p1b: Ceruledge|54/100|[from] drain|[of] p2b: Ursaluna
|faint|p2b: Ursaluna
|
|-weather|Snowscape|[upkeep]
|upkeep
|
|t:|1756302673
|switch|p2b: Typhlosion|Typhlosion-Hisui, L50, M|6/100
|turn|6
|
|t:|1756302700
|-terastallize|p2a: Farigiraf|Fire
|move|p2b: Typhlosion|Protect|p2b: Typhlosion
|-singleturn|p2b: Typhlosion|Protect
|move|p1a: Ninetales|Moonblast|p2b: Typhlosion
|-activate|p2b: Typhlosion|move: Protect
|move|p1b: Ceruledge|Bitter Blade|p2a: Farigiraf
|-resisted|p2a: Farigiraf
|-damage|p2a: Farigiraf|27/100
|-heal|p1b: Ceruledge|82/100|[from] drain|[of] p2a: Farigiraf
|move|p2a: Farigiraf|Hyper Voice|p1a: Ninetales|[spread] p1a,p1b
|-damage|p1a: Ninetales|0 fnt
|-damage|p1b: Ceruledge|58/100
|faint|p1a: Ninetales
|
|-weather|Snowscape|[upkeep]
|upkeep
|
|t:|1756302717
|switch|p1a: Rillaboom|Rillaboom, L50, M|100/100
|-fieldstart|move: Grassy Terrain|[from] ability: Grassy Surge|[of] p1a: Rillaboom
|turn|7
|
|t:|1756302736
|move|p2a: Farigiraf|Helping Hand|p2b: Typhlosion
|-singleturn|p2b: Typhlosion|Helping Hand|[of] p2a: Farigiraf
|move|p2b: Typhlosion|Heat Wave|p1b: Ceruledge|[spread] p1a
|-immune|p1b: Ceruledge|[from] ability: Flash Fire
|-supereffective|p1a: Rillaboom
|-damage|p1a: Rillaboom|0 fnt
|faint|p1a: Rillaboom
|move|p1b: Ceruledge|Bitter Blade|p2b: Typhlosion
|-resisted|p2b: Typhlosion
|-crit|p2b: Typhlosion
|-damage|p2b: Typhlosion|0 fnt
|-heal|p1b: Ceruledge|60/100|[from] drain|[of] p2b: Typhlosion
|faint|p2b: Typhlosion
|
|-weather|Snowscape|[upkeep]
|-heal|p1b: Ceruledge|66/100|[from] Grassy Terrain
|-heal|p2a: Farigiraf|33/100|[from] Grassy Terrain
|upkeep
|turn|8
|
|t:|1756302754
|move|p1b: Ceruledge|Bitter Blade|p2a: Farigiraf
|-resisted|p2a: Farigiraf
|-damage|p2a: Farigiraf|0 fnt
|-heal|p1b: Ceruledge|87/100|[from] drain|[of] p2a: Farigiraf
|faint|p2a: Farigiraf
|
|win|NegaiFreak
|raw|NegaiFreak's rating: 1100 → 1126(+26 for winning)
|raw|impassw's rating: 1119 → 1093(-26 for losing)
|c|☆NegaiFreak|GG, WP
|l|☆impassw
|player|p2|
