|j|☆rlm00
|j|☆palle synchro
|html|rlm00palle synchro    
|uhtml|bestof|Game 1 of a best-of-3
|t:|1785790449
|gametype|doubles
|player|p1|rlm00|266|1345
|player|p2|palle synchro|ethan|1398
|gen|9
|tier|[Gen 9 Champions] VGC 2026 Reg M-B (Bo3)
|rated|
|rule|Species Clause: Limit one of each Pokémon
|rule|Item Clause: Limit 1 of each item
|clearpoke
|poke|p1|Staraptor, L50, F|
|poke|p1|Raichu, L50, M|
|poke|p1|Sylveon, L50, F|
|poke|p1|Farigiraf, L50, M|
|poke|p1|Arcanine-Hisui, L50, F|
|poke|p1|Kingambit, L50, F|
|poke|p2|Whimsicott, L50, M|
|poke|p2|Basculegion, L50, M|
|poke|p2|Kingambit, L50, F|
|poke|p2|Floette-Eternal, L50, F|
|poke|p2|Garchomp, L50, M|
|poke|p2|Charizard, L50, M|
|teampreview|4
|showteam|p1|Staraptor||Staraptite|Intimidate|Protect,Tailwind,CloseCombat,DualWingbeat|Jolly||F|||50|]Raichu||RaichuniteY|LightningRod|Protect,ZapCannon,FocusBlast,FakeOut|Timid||M|||50|]Sylveon||FairyFeather|Pixilate|Detect,HyperBeam,HyperVoice,QuickAttack|Modest||F|||50|]Farigiraf||SitrusBerry|ArmorTail|Protect,TrickRoom,HelpingHand,Psychic|Relaxed||M|||50|]Arcanine-Hisui||FocusSash|RockHead|Protect,HeadSmash,ExtremeSpeed,FlareBlitz|Adamant||F|||50|]Kingambit||LifeOrb|Defiant|Protect,SuckerPunch,SwordsDance,KowtowCleave|Adamant||F|||50|
|showteam|p2|Whimsicott||FocusSash|Prankster|Protect,Moonblast,Tailwind,Encore|Timid||M|||50|]Basculegion||MysticWater|Adaptability|WaveCrash,Protect,LastRespects,AquaJet|Adamant||M|||50|]Kingambit||ChopleBerry|Defiant|KowtowCleave,LowKick,SuckerPunch,IronHead|Adamant||F|||50|]Floette-Eternal||Floettite|FlowerVeil|Moonblast,DazzlingGleam,LightofRuin,Protect|Modest||F|||50|]Garchomp||LifeOrb|RoughSkin|Protect,StompingTantrum,DragonClaw,RockSlide|Jolly||M|||50|]Charizard||CharizarditeY|Blaze|HeatWave,SolarBeam,WeatherBall,Protect|Modest||M|||50|
|inactive|Battle timer is ON: inactive players will automatically lose when time's up. (requested by palle synchro)
|inactive|rlm00 has 60 seconds left.
|inactive|rlm00 has 30 seconds left.
|inactive|rlm00 has 20 seconds left.
|inactive|rlm00 has 15 seconds left.
|
|t:|1785790528
|teamsize|p1|4
|teamsize|p2|4
|start
|switch|p1a: Raichu|Raichu, L50, M|100/100
|switch|p1b: Farigiraf|Farigiraf, L50, M|100/100
|switch|p2a: Whimsicott|Whimsicott, L50, M|100/100
|switch|p2b: Basculegion|Basculegion, L50, M|100/100
|turn|1
|inactive|rlm00 has 30 seconds left.
|inactive|rlm00 has 20 seconds left.
|inactive|rlm00 has 15 seconds left.
|inactive|rlm00 has 10 seconds left.
|
|t:|1785790575
|detailschange|p1a: Raichu|Raichu-Mega-Y, L50, M
|-mega|p1a: Raichu|Raichu|Raichunite Y
|move|p2a: Whimsicott|Protect|p2a: Whimsicott
|-singleturn|p2a: Whimsicott|Protect
|move|p1a: Raichu|Protect|p1a: Raichu
|-singleturn|p1a: Raichu|Protect
|move|p2b: Basculegion|Protect|p2b: Basculegion
|-singleturn|p2b: Basculegion|Protect
|move|p1b: Farigiraf|Trick Room|p1b: Farigiraf
|-fieldstart|move: Trick Room|[of] p1b: Farigiraf
|
|upkeep
|turn|2
|inactive|rlm00 has 30 seconds left.
|inactive|rlm00 has 20 seconds left.
|inactive|rlm00 has 15 seconds left.
|inactive|rlm00 has 10 seconds left.
|
|t:|1785790623
|switch|p2a: Floette|Floette-Eternal, L50, F|100/100
|switch|p1a: Kingambit|Kingambit, L50, F|100/100
|move|p1b: Farigiraf|Protect|p1b: Farigiraf
|-singleturn|p1b: Farigiraf|Protect
|move|p2b: Basculegion|Wave Crash|p1a: Kingambit
|-damage|p1a: Kingambit|28/100
|-damage|p2b: Basculegion|76/100|[from] Recoil
|
|upkeep
|turn|3
|
|t:|1785790647
|switch|p1b: Sylveon|Sylveon, L50, F|100/100
|detailschange|p2a: Floette|Floette-Mega, L50, F
|-mega|p2a: Floette|Floette|Floettite
|-ability|p2a: Floette|Fairy Aura
|move|p1a: Kingambit|Protect|p1a: Kingambit
|-singleturn|p1a: Kingambit|Protect
|move|p2b: Basculegion|Protect|p2b: Basculegion
|-singleturn|p2b: Basculegion|Protect
|move|p2a: Floette|Dazzling Gleam|p1b: Sylveon|[spread] p1b
|-activate|p1a: Kingambit|move: Protect
|-damage|p1b: Sylveon|64/100
|
|upkeep
|turn|4
|
|t:|1785790671
|move|p2a: Floette|Protect|p2a: Floette
|-singleturn|p2a: Floette|Protect
|move|p2b: Basculegion|Aqua Jet|p1b: Sylveon
|-damage|p1b: Sylveon|32/100
|move|p1a: Kingambit|Kowtow Cleave|p2b: Basculegion
|-supereffective|p2b: Basculegion|1
|-damage|p2b: Basculegion|0 fnt
|faint|p2b: Basculegion
|-damage|p1a: Kingambit|18/100|[from] item: Life Orb
|move|p1b: Sylveon|Hyper Beam|p2a: Floette
|-activate|p2a: Floette|move: Protect
|
|upkeep
|
|t:|1785790685
|switch|p2b: Whimsicott|Whimsicott, L50, M|100/100
|turn|5
|
|t:|1785790708
|switch|p2a: Garchomp|Garchomp, L50, M|100/100
|move|p1a: Kingambit|Kowtow Cleave|p2b: Whimsicott
|-resisted|p2b: Whimsicott|1
|-damage|p2b: Whimsicott|51/100
|-damage|p1a: Kingambit|9/100|[from] item: Life Orb
|move|p1b: Sylveon|Hyper Voice|p2b: Whimsicott|[spread] p2a,p2b
|-supereffective|p2a: Garchomp|1
|-damage|p2a: Garchomp|0 fnt
|-damage|p2b: Whimsicott|0 fnt
|faint|p2a: Garchomp
|faint|p2b: Whimsicott
|
|-fieldend|move: Trick Room
|upkeep
|
|t:|1785790714
|switch|p2b: Floette|Floette-Mega, L50, F|100/100
|-ability|p2b: Floette|Fairy Aura
|turn|6
|
|t:|1785790729
|move|p2b: Floette|Protect|p2b: Floette
|-singleturn|p2b: Floette|Protect
|move|p1b: Sylveon|Detect|p1b: Sylveon
|-singleturn|p1b: Sylveon|Protect
|move|p1a: Kingambit|Sucker Punch||[still]
|-fail|p1a: Kingambit
|
|upkeep
|turn|7
|inactive|rlm00 has 30 seconds left.
|
|t:|1785790754
|switch|p1b: Farigiraf|Farigiraf, L50, M|100/100
|move|p1a: Kingambit|Sucker Punch|p2b: Floette
|-resisted|p2b: Floette|1
|-damage|p2b: Floette|65/100
|-damage|p1a: Kingambit|0 fnt|[from] item: Life Orb
|faint|p1a: Kingambit
|move|p2b: Floette|Dazzling Gleam|p1b: Farigiraf
|-damage|p1b: Farigiraf|33/100
|-enditem|p1b: Farigiraf|Sitrus Berry|[eat]
|-heal|p1b: Farigiraf|58/100|[from] item: Sitrus Berry
|
|upkeep
|
|t:|1785790771
|switch|p1a: Raichu|Raichu-Mega-Y, L50, M|100/100
|turn|8
|
|t:|1785790786
|move|p1a: Raichu|Fake Out|p2b: Floette
|-damage|p2b: Floette|54/100
|cant|p2b: Floette|flinch
|move|p1b: Farigiraf|Trick Room|p1b: Farigiraf
|-fieldstart|move: Trick Room|[of] p1b: Farigiraf
|
|upkeep
|turn|9
|
|t:|1785790795
|move|p2b: Floette|Protect|p2b: Floette
|-singleturn|p2b: Floette|Protect
|move|p1b: Farigiraf|Psychic|p2b: Floette
|-activate|p2b: Floette|move: Protect
|move|p1a: Raichu|Zap Cannon|p2b: Floette
|-activate|p2b: Floette|move: Protect
|
|upkeep
|turn|10
|
|t:|1785790799
|move|p1b: Farigiraf|Psychic|p2b: Floette
|-damage|p2b: Floette|26/100
|move|p2b: Floette|Moonblast|p1a: Raichu
|-damage|p1a: Raichu|0 fnt
|faint|p1a: Raichu
|
|upkeep
|
|t:|1785790804
|switch|p1a: Sylveon|Sylveon, L50, F|32/100
|turn|11
|
|t:|1785790808
|move|p2b: Floette|Protect|p2b: Floette
|-singleturn|p2b: Floette|Protect
|move|p1b: Farigiraf|Psychic|p2b: Floette
|-activate|p2b: Floette|move: Protect
|move|p1a: Sylveon|Hyper Voice|p2b: Floette
|-activate|p2b: Floette|move: Protect
|
|upkeep
|turn|12
|
|t:|1785790811
|move|p2b: Floette|Protect||[still]
|-fail|p2b: Floette
|move|p1b: Farigiraf|Psychic|p2b: Floette
|-crit|p2b: Floette
|-damage|p2b: Floette|0 fnt
|faint|p2b: Floette
|
|win|rlm00
