|j|☆Grogguu
|j|☆Hemz0 0
|html|GrogguuHemz0 0    
|uhtml|bestof|Game 2 of a best-of-3
|t:|1755983749
|gametype|doubles
|player|p1|Grogguu|zinzolin|1179
|player|p2|Hemz0 0|depotagent|1218
|gen|9
|tier|[Gen 9] VGC 2025 Reg H (Bo3)
|rated|
|rule|Species Clause: Limit one of each Pokémon
|rule|Item Clause: Limit 1 of each item
|clearpoke
|poke|p1|Dragonite, L50, F|
|poke|p1|Sneasler, L50, M|
|poke|p1|Primarina, L50, F|
|poke|p1|Rillaboom, L50, F|
|poke|p1|Magmar, L50, M|
|poke|p1|Volcarona, L50, F|
|poke|p2|Volcarona, L50, F|
|poke|p2|Incineroar, L50, M|
|poke|p2|Rillaboom, L50, F|
|poke|p2|Amoonguss, L50, M|
|poke|p2|Dragapult, L50, M|
|poke|p2|Quaquaval, L50, M|
|teampreview|4
|showteam|p1|Dragonite||LoadedDice|Multiscale|ScaleShot,ExtremeSpeed,Haze,Protect|||F|||50|,,,,,Normal]Sneasler||FocusSash|Unburden|CloseCombat,DireClaw,FakeOut,Protect|||M|||50|,,,,,Ghost]Primarina||SitrusBerry|LiquidVoice|HyperVoice,Moonblast,CalmMind,Protect|||F|||50|,,,,,Grass]Rillaboom||MiracleSeed|GrassySurge|WoodHammer,Uturn,GrassyGlide,FakeOut|||F|||50|,,,,,Grass]Magmar||Eviolite|VitalSpirit|Overheat,FollowMe,Taunt,HelpingHand|||M|||50|,,,,,Flying]Volcarona||GrassySeed|FlameBody|QuiverDance,HeatWave,GigaDrain,Protect|||F|||50|,,,,,Fairy
|showteam|p2|Volcarona||Leftovers|FlameBody|TeraBlast,HeatWave,Protect,QuiverDance|||F|||50|,,,,,Fairy]Incineroar||SafetyGoggles|Intimidate|Taunt,KnockOff,FakeOut,PartingShot|||M|||50|,,,,,Ghost]Rillaboom||AssaultVest|GrassySurge|WoodHammer,GrassyGlide,FakeOut,Uturn|||F|||50|,,,,,Fire]Amoonguss||SitrusBerry|Regenerator|RagePowder,Spore,PollenPuff,Protect|||M|||50|,,,,,Water]Dragapult||ChoiceBand|ClearBody|DragonDarts,PhantomForce,Uturn,BreakingSwipe|||M|||50|,,,,,Dragon]Quaquaval||FocusSash|Moxie|AquaStep,CloseCombat,AquaJet,Detect|||M|||50|,,,,,Water
|inactive|Battle timer is ON: inactive players will automatically lose when time's up. (requested by Grogguu)
|
|t:|1755983783
|teamsize|p1|4
|teamsize|p2|4
|start
|switch|p1a: Rillaboom|Rillaboom, L50, F|100/100
|switch|p1b: Volcarona|Volcarona, L50, F|100/100
|switch|p2a: Amoonguss|Amoonguss, L50, M|100/100
|switch|p2b: Volcarona|Volcarona, L50, F|100/100
|-fieldstart|move: Grassy Terrain|[from] ability: Grassy Surge|[of] p1a: Rillaboom
|-enditem|p1b: Volcarona|Grassy Seed
|-boost|p1b: Volcarona|def|1|[from] item: Grassy Seed
|turn|1
|
|t:|1755983807
|move|p1a: Rillaboom|Fake Out|p2a: Amoonguss
|-damage|p2a: Amoonguss|88/100
|move|p1b: Volcarona|Quiver Dance|p1b: Volcarona
|-boost|p1b: Volcarona|spa|1
|-boost|p1b: Volcarona|spd|1
|-boost|p1b: Volcarona|spe|1
|move|p2b: Volcarona|Quiver Dance|p2b: Volcarona
|-boost|p2b: Volcarona|spa|1
|-boost|p2b: Volcarona|spd|1
|-boost|p2b: Volcarona|spe|1
|cant|p2a: Amoonguss|flinch
|
|-heal|p2a: Amoonguss|94/100|[from] Grassy Terrain
|upkeep
|turn|2
|inactive|Grogguu has 30 seconds left.
|
|t:|1755983840
|switch|p1a: Dragonite|Dragonite, L50, F|100/100
|-terastallize|p2a: Amoonguss|Water
|move|p1b: Volcarona|Heat Wave|p2a: Amoonguss|[spread] p2a
|-miss|p1b: Volcarona|p2b: Volcarona
|-resisted|p2a: Amoonguss
|-damage|p2a: Amoonguss|71/100
|move|p2b: Volcarona|Quiver Dance|p2b: Volcarona
|-boost|p2b: Volcarona|spa|1
|-boost|p2b: Volcarona|spd|1
|-boost|p2b: Volcarona|spe|1
|move|p2a: Amoonguss|Spore|p1a: Dragonite
|-status|p1a: Dragonite|slp|[from] move: Spore
|
|-heal|p2a: Amoonguss|77/100|[from] Grassy Terrain
|upkeep
|turn|3
|inactive|Hemz0 0 has 30 seconds left.
|inactive|Grogguu has 30 seconds left.
|
|t:|1755983879
|move|p2b: Volcarona|Quiver Dance|p2b: Volcarona
|-boost|p2b: Volcarona|spa|1
|-boost|p2b: Volcarona|spd|1
|-boost|p2b: Volcarona|spe|1
|move|p1b: Volcarona|Giga Drain|p2a: Amoonguss
|-supereffective|p2a: Amoonguss
|-damage|p2a: Amoonguss|0 fnt
|faint|p2a: Amoonguss
|cant|p1a: Dragonite|slp
|
|upkeep
|
|t:|1755983889
|switch|p2a: Dragapult|Dragapult, L50, M|100/100
|turn|4
|
|t:|1755983910
|cant|p1a: Dragonite|slp
|move|p2b: Volcarona|Heat Wave|p1b: Volcarona|[spread] p1a,p1b
|-resisted|p1a: Dragonite
|-damage|p1a: Dragonite|81/100 slp
|-damage|p1b: Volcarona|39/100
|move|p1b: Volcarona|Quiver Dance|p1b: Volcarona
|-boost|p1b: Volcarona|spa|1
|-boost|p1b: Volcarona|spd|1
|-boost|p1b: Volcarona|spe|1
|move|p2a: Dragapult|Dragon Darts|p1b: Volcarona
|-damage|p1b: Volcarona|8/100
|-anim|p2a: Dragapult|Dragon Darts|p1a: Dragonite
|-supereffective|p1a: Dragonite
|-crit|p1a: Dragonite
|-damage|p1a: Dragonite|0 fnt
|faint|p1a: Dragonite
|
|-heal|p1b: Volcarona|15/100|[from] Grassy Terrain
|upkeep
|
|t:|1755983927
|switch|p1a: Primarina|Primarina, L50, F|100/100
|turn|5
|
|t:|1755983947
|switch|p2a: Quaquaval|Quaquaval, L50, M|100/100
|-terastallize|p1b: Volcarona|Fairy
|move|p2b: Volcarona|Heat Wave|p1a: Primarina|[spread] p1a,p1b
|-resisted|p1a: Primarina
|-damage|p1a: Primarina|64/100
|-damage|p1b: Volcarona|0 fnt
|faint|p1b: Volcarona
|move|p1a: Primarina|Moonblast|p2a: Quaquaval
|-supereffective|p2a: Quaquaval
|-enditem|p2a: Quaquaval|Focus Sash
|-damage|p2a: Quaquaval|1/100
|
|-heal|p2a: Quaquaval|7/100|[from] Grassy Terrain
|-heal|p1a: Primarina|69/100|[from] Grassy Terrain
|-fieldend|move: Grassy Terrain
|upkeep
|
|t:|1755983962
|switch|p1b: Rillaboom|Rillaboom, L50, F|100/100
|-fieldstart|move: Grassy Terrain|[from] ability: Grassy Surge|[of] p1b: Rillaboom
|turn|6
|inactive|Grogguu has 30 seconds left.
|inactive|Grogguu has 20 seconds left.
|inactive|Grogguu has 15 seconds left.
|inactive|Grogguu has 10 seconds left.
|
|t:|1755984008
|move|p2b: Volcarona|Protect|p2b: Volcarona
|-singleturn|p2b: Volcarona|Protect
|move|p2a: Quaquaval|Detect|p2a: Quaquaval
|-singleturn|p2a: Quaquaval|Protect
|move|p1b: Rillaboom|Fake Out|p2b: Volcarona
|-activate|p2b: Volcarona|move: Protect
|move|p1a: Primarina|Hyper Voice|p2a: Quaquaval|[spread] 
|-activate|p2a: Quaquaval|move: Protect
|-activate|p2b: Volcarona|move: Protect
|
|-heal|p2a: Quaquaval|14/100|[from] Grassy Terrain
|-heal|p1a: Primarina|75/100|[from] Grassy Terrain
|upkeep
|turn|7
|
|t:|1755984033
|move|p1b: Rillaboom|Grassy Glide|p2a: Quaquaval
|-supereffective|p2a: Quaquaval
|-damage|p2a: Quaquaval|0 fnt
|faint|p2a: Quaquaval
|move|p2b: Volcarona|Heat Wave|p1a: Primarina|[spread] p1a,p1b
|-resisted|p1a: Primarina
|-supereffective|p1b: Rillaboom
|-damage|p1a: Primarina|35/100
|-damage|p1b: Rillaboom|0 fnt
|-enditem|p1a: Primarina|Sitrus Berry|[eat]
|-heal|p1a: Primarina|60/100|[from] item: Sitrus Berry
|faint|p1b: Rillaboom
|move|p1a: Primarina|Hyper Voice|p2b: Volcarona
|-supereffective|p2b: Volcarona
|-damage|p2b: Volcarona|69/100
|
|-heal|p2b: Volcarona|75/100|[from] Grassy Terrain
|-heal|p2b: Volcarona|82/100|[from] item: Leftovers
|-heal|p1a: Primarina|66/100|[from] Grassy Terrain
|upkeep
|
|t:|1755984044
|switch|p2a: Dragapult|Dragapult, L50, M|100/100
|turn|8
|
|t:|1755984061
|move|p2b: Volcarona|Tera Blast|p1a: Primarina
|-crit|p1a: Primarina
|-damage|p1a: Primarina|0 fnt
|faint|p1a: Primarina
|
|win|Hemz0 0
|raw|Grogguu's rating: 1179 → 1157(-22 for losing)
|raw|Hemz0 0's rating: 1218 → 1240(+22 for winning)
|c|☆Hemz0 0|gg
|l|☆Grogguu
|player|p1|
