|j|☆spodermees
|j|☆Joru5753
|html|spodermeesJoru5753    
|uhtml|bestof|Game 1 of a best-of-3
|t:|1784135172
|gametype|doubles
|player|p1|spodermees|sailor|1178
|player|p2|Joru5753|102|1247
|gen|9
|tier|[Gen 9 Champions] VGC 2026 Reg M-B (Bo3)
|rated|
|rule|Species Clause: Limit one of each Pokémon
|rule|Item Clause: Limit 1 of each item
|clearpoke
|poke|p1|Garchomp, L50, F|
|poke|p1|Venusaur, L50, M|
|poke|p1|Incineroar, L50, M|
|poke|p1|Charizard, L50, F|
|poke|p1|Toxapex, L50, F|
|poke|p1|Sneasler, L50, F|
|poke|p2|Staraptor, L50, F|
|poke|p2|Incineroar, L50, F|
|poke|p2|Sinistcha, L50|
|poke|p2|Gholdengo, L50|
|poke|p2|Arcanine-Hisui, L50, F|
|poke|p2|Ninetales-Alola, L50, M|
|teampreview|4
|showteam|p1|Garchomp||ChoiceScarf|RoughSkin|Earthquake,RockSlide,DragonClaw,PoisonJab|Jolly||F|||50|]Venusaur||LifeOrb|Chlorophyll|SludgeBomb,SolarBeam,EarthPower,Protect|Modest||M|||50|]Incineroar||SitrusBerry|Intimidate|FakeOut,FlareBlitz,ThroatChop,PartingShot|Careful||M|||50|]Charizard||CharizarditeY|Blaze|HeatWave,WeatherBall,Protect,SolarBeam|Modest||F|||50|]Toxapex||Leftovers|Regenerator|Infestation,Toxic,WideGuard,BanefulBunker|Bold||F|||50|]Sneasler||WhiteHerb|Unburden|FakeOut,CloseCombat,DireClaw,Protect|Adamant||F|||50|
|showteam|p2|Staraptor||Staraptite|Intimidate|CloseCombat,Roost,BraveBird,Protect|Jolly||F|||50|]Incineroar||SitrusBerry|Intimidate|FlareBlitz,DarkestLariat,PartingShot,FakeOut|Careful||F|||50|]Sinistcha||ColburBerry|Hospitality|MatchaGotcha,RagePowder,Protect,TrickRoom|Bold|||||50|]Gholdengo||LifeOrb|GoodasGold|MakeItRain,ShadowBall,NastyPlot,Protect|Modest|||||50|]Arcanine-Hisui||FocusSash|RockHead|HeadSmash,FlareBlitz,ExtremeSpeed,Protect|Jolly||F|||50|]Ninetales-Alola||NeverMeltIce|SnowWarning|Blizzard,FreezeDry,AuroraVeil,Protect|Timid||M|||50|
|inactive|Battle timer is ON: inactive players will automatically lose when time's up. (requested by spodermees)
|inactive|Joru5753 has 60 seconds left.
|
|t:|1784135207
|teamsize|p1|4
|teamsize|p2|4
|start
|switch|p1a: Garchomp|Garchomp, L50, F|100/100
|switch|p1b: Incineroar|Incineroar, L50, M|100/100
|switch|p2a: Incineroar|Incineroar, L50, F|100/100
|switch|p2b: Staraptor|Staraptor, L50, F|100/100
|-ability|p2b: Staraptor|Intimidate|boost
|-unboost|p1a: Garchomp|atk|1
|-unboost|p1b: Incineroar|atk|1
|-ability|p1b: Incineroar|Intimidate|boost
|-unboost|p2a: Incineroar|atk|1
|-unboost|p2b: Staraptor|atk|1
|-ability|p2a: Incineroar|Intimidate|boost
|-unboost|p1a: Garchomp|atk|1
|-unboost|p1b: Incineroar|atk|1
|turn|1
|inactive|Joru5753 has 30 seconds left.
|inactive|Joru5753 has 20 seconds left.
|inactive|spodermees has 30 seconds left.
|inactive|Joru5753 has 15 seconds left.
|
|t:|1784135251
|switch|p1a: Charizard|Charizard, L50, F|100/100
|detailschange|p2b: Staraptor|Staraptor-Mega, L50, F
|-mega|p2b: Staraptor|Staraptor|Staraptite
|move|p2b: Staraptor|Protect|p2b: Staraptor
|-singleturn|p2b: Staraptor|Protect
|move|p2a: Incineroar|Fake Out|p1a: Charizard
|-damage|p1a: Charizard|89/100
|move|p1b: Incineroar|Parting Shot|p2a: Incineroar
|-unboost|p2a: Incineroar|atk|1
|-unboost|p2a: Incineroar|spa|1
|
|t:|1784135259
|switch|p1b: Garchomp|Garchomp, L50, F|100/100|[from] Parting Shot
|
|upkeep
|turn|2
|
|t:|1784135281
|switch|p2b: Arcanine|Arcanine-Hisui, L50, F|100/100
|detailschange|p1a: Charizard|Charizard-Mega-Y, L50, F
|-mega|p1a: Charizard|Charizard|Charizardite Y
|-weather|SunnyDay|[from] ability: Drought|[of] p1a: Charizard
|move|p1b: Garchomp|Rock Slide|p2a: Incineroar|[spread] p2a
|-miss|p1b: Garchomp|p2b: Arcanine
|-supereffective|p2a: Incineroar|1
|-damage|p2a: Incineroar|69/100
|move|p1a: Charizard|Weather Ball|p2b: Arcanine
|-resisted|p2b: Arcanine|2
|-damage|p2b: Arcanine|68/100
|move|p2a: Incineroar|Parting Shot|p1b: Garchomp
|-unboost|p1b: Garchomp|atk|1
|-unboost|p1b: Garchomp|spa|1
|
|t:|1784135298
|switch|p2a: Staraptor|Staraptor-Mega, L50, F|100/100|[from] Parting Shot
|
|-weather|SunnyDay|[upkeep]
|upkeep
|turn|3
|inactive|spodermees has 30 seconds left.
|inactive|Joru5753 has 30 seconds left.
|
|t:|1784135324
|switch|p2b: Incineroar|Incineroar, L50, F|69/100
|-ability|p2b: Incineroar|Intimidate|boost
|-unboost|p1a: Charizard|atk|1
|-unboost|p1b: Garchomp|atk|1
|move|p1a: Charizard|Protect|p1a: Charizard
|-singleturn|p1a: Charizard|Protect
|move|p1b: Garchomp|Rock Slide|p2b: Incineroar|[spread] p2a,p2b
|-supereffective|p2b: Incineroar|1
|-damage|p2a: Staraptor|88/100
|-damage|p2b: Incineroar|53/100
|cant|p2a: Staraptor|flinch
|
|-weather|SunnyDay|[upkeep]
|upkeep
|turn|4
|
|t:|1784135344
|move|p2b: Incineroar|Fake Out|p1b: Garchomp
|-damage|p1b: Garchomp|89/100
|-damage|p2b: Incineroar|41/100|[from] ability: Rough Skin|[of] p1b: Garchomp
|-enditem|p2b: Incineroar|Sitrus Berry|[eat]
|-heal|p2b: Incineroar|65/100|[from] item: Sitrus Berry
|cant|p1b: Garchomp|flinch
|move|p2a: Staraptor|Close Combat|p1a: Charizard
|-resisted|p1a: Charizard|1
|-damage|p1a: Charizard|42/100
|-boost|p2a: Staraptor|def|1
|-boost|p2a: Staraptor|spd|1
|move|p1a: Charizard|Weather Ball|p2a: Staraptor
|-damage|p2a: Staraptor|15/100
|
|-weather|SunnyDay|[upkeep]
|upkeep
|turn|5
|inactive|Joru5753 has 30 seconds left.
|inactive|spodermees has 30 seconds left.
|inactive|Joru5753 has 20 seconds left.
|inactive|spodermees has 20 seconds left.
|
|t:|1784135387
|switch|p1b: Incineroar|Incineroar, L50, M|100/100
|-ability|p1b: Incineroar|Intimidate|boost
|-boost|p2a: Staraptor|atk|1
|-unboost|p2b: Incineroar|atk|1
|move|p2a: Staraptor|Protect|p2a: Staraptor
|-singleturn|p2a: Staraptor|Protect
|move|p1a: Charizard|Heat Wave|p2b: Incineroar|[spread] p2b
|-activate|p2a: Staraptor|move: Protect
|-resisted|p2b: Incineroar|1
|-damage|p2b: Incineroar|40/100
|move|p2b: Incineroar|Darkest Lariat|p1a: Charizard
|-damage|p1a: Charizard|9/100
|
|-weather|SunnyDay|[upkeep]
|upkeep
|turn|6
|inactive|Joru5753 has 30 seconds left.
|
|t:|1784135422
|switch|p2a: Arcanine|Arcanine-Hisui, L50, F|68/100
|move|p1b: Incineroar|Fake Out|p2a: Arcanine
|-resisted|p2a: Arcanine|1
|-damage|p2a: Arcanine|62/100
|move|p1a: Charizard|Heat Wave|p2b: Incineroar|[spread] p2a,p2b
|-resisted|p2a: Arcanine|2
|-resisted|p2b: Incineroar|1
|-damage|p2a: Arcanine|39/100
|-damage|p2b: Incineroar|15/100
|move|p2b: Incineroar|Parting Shot|p1b: Incineroar
|-unboost|p1b: Incineroar|atk|1
|-unboost|p1b: Incineroar|spa|1
|
|t:|1784135435
|switch|p2b: Staraptor|Staraptor-Mega, L50, F|15/100|[from] Parting Shot
|
|-weather|none
|upkeep
|turn|7
|
|t:|1784135446
|switch|p2a: Incineroar|Incineroar, L50, F|15/100
|-ability|p2a: Incineroar|Intimidate|boost
|-unboost|p1a: Charizard|atk|1
|-unboost|p1b: Incineroar|atk|1
|switch|p1a: Garchomp|Garchomp, L50, F|89/100
|move|p2b: Staraptor|Roost|p2b: Staraptor
|-heal|p2b: Staraptor|66/100
|-singleturn|p2b: Staraptor|move: Roost
|move|p1b: Incineroar|Parting Shot|p2a: Incineroar
|-unboost|p2a: Incineroar|atk|1
|-unboost|p2a: Incineroar|spa|1
|
|t:|1784135455
|switch|p1b: Charizard|Charizard-Mega-Y, L50, F|9/100|[from] Parting Shot
|-weather|SunnyDay|[from] ability: Drought|[of] p1b: Charizard
|
|-weather|SunnyDay|[upkeep]
|upkeep
|turn|8
|
|t:|1784135470
|move|p1b: Charizard|Protect|p1b: Charizard
|-singleturn|p1b: Charizard|Protect
|move|p2a: Incineroar|Fake Out|p1b: Charizard
|-activate|p1b: Charizard|move: Protect
|move|p1a: Garchomp|Rock Slide|p2b: Staraptor|[spread] p2a,p2b
|-supereffective|p2a: Incineroar|1
|-damage|p2a: Incineroar|0 fnt
|-damage|p2b: Staraptor|44/100
|faint|p2a: Incineroar
|move|p2b: Staraptor|Close Combat|p1a: Garchomp
|-damage|p1a: Garchomp|19/100
|-boost|p2b: Staraptor|def|1
|-boost|p2b: Staraptor|spd|1
|-damage|p2b: Staraptor|31/100|[from] ability: Rough Skin|[of] p1a: Garchomp
|
|-weather|SunnyDay|[upkeep]
|upkeep
|
|t:|1784135489
|switch|p2a: Arcanine|Arcanine-Hisui, L50, F|39/100
|turn|9
|inactive|Joru5753 has 30 seconds left.
|inactive|Joru5753 has 20 seconds left.
|
|t:|1784135526
|switch|p1b: Incineroar|Incineroar, L50, M|100/100
|-ability|p1b: Incineroar|Intimidate|boost
|-unboost|p2a: Arcanine|atk|1
|-boost|p2b: Staraptor|atk|1
|move|p2a: Arcanine|Extreme Speed|p1b: Incineroar
|-damage|p1b: Incineroar|83/100
|move|p1a: Garchomp|Rock Slide|p2a: Arcanine|[spread] p2a,p2b
|-supereffective|p2a: Arcanine|1
|-damage|p2a: Arcanine|0 fnt
|-damage|p2b: Staraptor|18/100
|faint|p2a: Arcanine
|move|p2b: Staraptor|Roost|p2b: Staraptor
|-heal|p2b: Staraptor|68/100
|-singleturn|p2b: Staraptor|move: Roost
|
|-weather|SunnyDay|[upkeep]
|upkeep
|
|t:|1784135544
|switch|p2a: Gholdengo|Gholdengo, L50|100/100
|turn|10
|
|t:|1784135560
|move|p2b: Staraptor|Protect|p2b: Staraptor
|-singleturn|p2b: Staraptor|Protect
|move|p2a: Gholdengo|Protect|p2a: Gholdengo
|-singleturn|p2a: Gholdengo|Protect
|move|p1a: Garchomp|Rock Slide|p2a: Gholdengo|[spread] 
|-activate|p2a: Gholdengo|move: Protect
|-activate|p2b: Staraptor|move: Protect
|move|p1b: Incineroar|Flare Blitz|p2b: Staraptor
|-activate|p2b: Staraptor|move: Protect
|
|-weather|SunnyDay|[upkeep]
|upkeep
|turn|11
|
|t:|1784135579
|move|p1a: Garchomp|Rock Slide|p2a: Gholdengo|[spread] p2a,p2b
|-resisted|p2a: Gholdengo|1
|-damage|p2a: Gholdengo|89/100
|-damage|p2b: Staraptor|55/100
|move|p2b: Staraptor|Close Combat|p1b: Incineroar
|-supereffective|p1b: Incineroar|1
|-damage|p1b: Incineroar|0 fnt
|-boost|p2b: Staraptor|def|1
|-boost|p2b: Staraptor|spd|1
|faint|p1b: Incineroar
|move|p2a: Gholdengo|Nasty Plot|p2a: Gholdengo
|-boost|p2a: Gholdengo|spa|2
|
|-weather|none
|upkeep
|
|t:|1784135590
|switch|p1b: Venusaur|Venusaur, L50, M|100/100
|turn|12
|
|t:|1784135601
|switch|p1a: Charizard|Charizard-Mega-Y, L50, F|9/100
|-weather|SunnyDay|[from] ability: Drought|[of] p1a: Charizard
|move|p2a: Gholdengo|Protect|p2a: Gholdengo
|-singleturn|p2a: Gholdengo|Protect
|move|p1b: Venusaur|Earth Power|p2a: Gholdengo
|-activate|p2a: Gholdengo|move: Protect
|move|p2b: Staraptor|Close Combat|p1a: Charizard
|-resisted|p1a: Charizard|1
|-damage|p1a: Charizard|0 fnt
|-boost|p2b: Staraptor|def|1
|-boost|p2b: Staraptor|spd|1
|faint|p1a: Charizard
|
|-weather|SunnyDay|[upkeep]
|upkeep
|
|t:|1784135607
|switch|p1a: Garchomp|Garchomp, L50, F|19/100
|turn|13
|inactive|Joru5753 has 30 seconds left.
|inactive|Joru5753 has 20 seconds left.
|
|t:|1784135647
|move|p1b: Venusaur|Earth Power|p2a: Gholdengo
|-supereffective|p2a: Gholdengo|1
|-damage|p2a: Gholdengo|6/100
|-damage|p1b: Venusaur|90/100|[from] item: Life Orb
|move|p1a: Garchomp|Dragon Claw|p2b: Staraptor
|-damage|p2b: Staraptor|36/100
|move|p2b: Staraptor|Close Combat|p1a: Garchomp
|-damage|p1a: Garchomp|0 fnt
|-boost|p2b: Staraptor|def|1
|-boost|p2b: Staraptor|spd|1
|-damage|p2b: Staraptor|23/100|[from] ability: Rough Skin|[of] p1a: Garchomp
|faint|p1a: Garchomp
|move|p2a: Gholdengo|Make It Rain|p1b: Venusaur
|-damage|p1b: Venusaur|0 fnt
|-unboost|p2a: Gholdengo|spa|2
|faint|p1b: Venusaur
|-damage|p2a: Gholdengo|0 fnt|[from] item: Life Orb
|faint|p2a: Gholdengo
|
|win|Joru5753
