|j|☆Eagleknight
|j|☆godofsohai
|html|Eagleknightgodofsohai    
|uhtml|bestof|Game 1 of a best-of-3
|t:|1786108781
|gametype|doubles
|player|p1|Eagleknight|hilbert|1109
|player|p2|godofsohai|169|1000
|gen|9
|tier|[Gen 9 Champions] VGC 2026 Reg M-B (Bo3)
|rated|
|rule|Species Clause: Limit one of each Pokémon
|rule|Item Clause: Limit 1 of each item
|clearpoke
|poke|p1|Delphox, L50, F|
|poke|p1|Staraptor, L50, M|
|poke|p1|Whimsicott, L50, F|
|poke|p1|Garchomp, L50, M, shiny|
|poke|p1|Kingambit, L50, M|
|poke|p1|Sneasler, L50, F|
|poke|p2|Scolipede, L50, M|
|poke|p2|Delphox, L50, F|
|poke|p2|Incineroar, L50, M|
|poke|p2|Sinistcha, L50|
|poke|p2|Sneasler, L50, F|
|poke|p2|Kingambit, L50, M|
|teampreview|4
|showteam|p1|Delphox||Delphoxite|Blaze|HeatWave,Psychic,Substitute,Protect|Timid||F|||50|]Staraptor||Staraptite|Intimidate|DualWingbeat,CloseCombat,Roost,Protect|Jolly||M|||50|]Whimsicott||FocusSash|Prankster|Moonblast,Tailwind,Charm,LightScreen|Timid||F|||50|]Garchomp||LifeOrb|RoughSkin|DragonClaw,Earthquake,RockSlide,Protect|Jolly||M|||50|]Kingambit||ChopleBerry|Defiant|KowtowCleave,SuckerPunch,LowKick,Protect|Adamant||M|||50|]Sneasler||WhiteHerb|Unburden|DireClaw,CloseCombat,FakeOut,Protect|Adamant||F|||50|
|showteam|p2|Scolipede||Scolipite|SpeedBoost|LeechLife,RockSlide,SwordsDance,Protect|Adamant||M|||50|]Delphox||Delphoxite|Blaze|HeatWave,Psychic,NastyPlot,Protect|Timid||F|||50|]Incineroar||PasshoBerry|Intimidate|FlareBlitz,DarkestLariat,FakeOut,PartingShot|Impish||M|||50|]Sinistcha||SitrusBerry|Hospitality|MatchaGotcha,RagePowder,TrickRoom,Protect|Bold|||||50|]Sneasler||FocusSash|PoisonTouch|CloseCombat,PoisonJab,FakeOut,Coaching|Jolly||F|||50|]Kingambit||LifeOrb|Defiant|SuckerPunch,KowtowCleave,SwordsDance,Protect|Adamant||M|||50|
|
|t:|1786108849
|teamsize|p1|4
|teamsize|p2|4
|start
|switch|p1a: Delphox|Delphox, L50, F|100/100
|switch|p1b: Kingambit|Kingambit, L50, M|100/100
|switch|p2a: Incineroar|Incineroar, L50, M|100/100
|switch|p2b: Delphox|Delphox, L50, F|100/100
|-ability|p2a: Incineroar|Intimidate|boost
|-unboost|p1a: Delphox|atk|1
|-unboost|p1b: Kingambit|atk|1
|-ability|p1b: Kingambit|Defiant|boost
|-boost|p1b: Kingambit|atk|2
|turn|1
|inactive|Battle timer is ON: inactive players will automatically lose when time's up. (requested by godofsohai)
|inactive|godofsohai has 60 seconds left.
|
|t:|1786108891
|switch|p1a: Garchomp|Garchomp, L50, M, shiny|100/100
|detailschange|p2b: Delphox|Delphox-Mega, L50, F
|-mega|p2b: Delphox|Delphox|Delphoxite
|move|p1b: Kingambit|Protect|p1b: Kingambit
|-singleturn|p1b: Kingambit|Protect
|move|p2a: Incineroar|Fake Out|p1b: Kingambit
|-activate|p1b: Kingambit|move: Protect
|move|p2b: Delphox|Nasty Plot|p2b: Delphox
|-boost|p2b: Delphox|spa|2
|
|upkeep
|turn|2
|inactive|Eagleknight has 30 seconds left.
|inactive|Eagleknight has 20 seconds left.
|inactive|Eagleknight has 15 seconds left.
|
|t:|1786108933
|move|p2b: Delphox|Protect|p2b: Delphox
|-singleturn|p2b: Delphox|Protect
|move|p1b: Kingambit|Protect|p1b: Kingambit
|-singleturn|p1b: Kingambit|Protect
|move|p1a: Garchomp|Earthquake|p2a: Incineroar|[spread] p2a
|-activate|p1b: Kingambit|move: Protect
|-activate|p2b: Delphox|move: Protect
|-supereffective|p2a: Incineroar|1
|-damage|p2a: Incineroar|29/100
|-damage|p1a: Garchomp|90/100|[from] item: Life Orb
|move|p2a: Incineroar|Parting Shot|p1a: Garchomp
|-unboost|p1a: Garchomp|atk|1
|-unboost|p1a: Garchomp|spa|1
|
|t:|1786108945
|switch|p2a: Sinistcha|Sinistcha, L50|100/100|[from] Parting Shot
|
|upkeep
|turn|3
|
|t:|1786108969
|switch|p1b: Delphox|Delphox, L50, F|100/100
|move|p1a: Garchomp|Protect|p1a: Garchomp
|-singleturn|p1a: Garchomp|Protect
|move|p2a: Sinistcha|Rage Powder|p2a: Sinistcha
|-singleturn|p2a: Sinistcha|move: Rage Powder
|move|p2b: Delphox|Heat Wave|p1b: Delphox|[spread] p1b
|-activate|p1a: Garchomp|move: Protect
|-resisted|p1b: Delphox|1
|-damage|p1b: Delphox|57/100
|
|upkeep
|turn|4
|inactive|Eagleknight has 30 seconds left.
|inactive|godofsohai has 30 seconds left.
|
|t:|1786109000
|switch|p2a: Incineroar|Incineroar, L50, M|29/100
|-ability|p2a: Incineroar|Intimidate|boost
|-unboost|p1a: Garchomp|atk|1
|-unboost|p1b: Delphox|atk|1
|detailschange|p1b: Delphox|Delphox-Mega, L50, F
|-mega|p1b: Delphox|Delphox|Delphoxite
|move|p1b: Delphox|Psychic|p2b: Delphox
|-resisted|p2b: Delphox|1
|-damage|p2b: Delphox|78/100
|-unboost|p2b: Delphox|spd|1
|move|p2b: Delphox|Heat Wave|p1a: Garchomp|[spread] p1a,p1b
|-resisted|p1a: Garchomp|1
|-resisted|p1b: Delphox|1
|-damage|p1a: Garchomp|45/100
|-damage|p1b: Delphox|21/100
|move|p1a: Garchomp|Rock Slide|p2b: Delphox|[spread] p2a,p2b
|-supereffective|p2a: Incineroar|1
|-crit|p2a: Incineroar
|-supereffective|p2b: Delphox|1
|-damage|p2a: Incineroar|0 fnt
|-damage|p2b: Delphox|47/100
|faint|p2a: Incineroar
|-damage|p1a: Garchomp|36/100|[from] item: Life Orb
|
|upkeep
|
|t:|1786109019
|switch|p2a: Sinistcha|Sinistcha, L50|100/100
|-heal|p2b: Delphox|72/100|[from] ability: Hospitality|[of] p2a: Sinistcha
|turn|5
|
|t:|1786109027
|move|p2a: Sinistcha|Rage Powder|p2a: Sinistcha
|-singleturn|p2a: Sinistcha|move: Rage Powder
|move|p1b: Delphox|Heat Wave|p2b: Delphox|[spread] p2a,p2b
|-supereffective|p2a: Sinistcha|1
|-resisted|p2b: Delphox|1
|-damage|p2a: Sinistcha|19/100
|-damage|p2b: Delphox|45/100
|-enditem|p2a: Sinistcha|Sitrus Berry|[eat]
|-heal|p2a: Sinistcha|43/100|[from] item: Sitrus Berry
|move|p2b: Delphox|Heat Wave|p1b: Delphox|[spread] p1a,p1b
|-resisted|p1a: Garchomp|1
|-resisted|p1b: Delphox|1
|-damage|p1a: Garchomp|0 fnt
|-damage|p1b: Delphox|0 fnt
|faint|p1a: Garchomp
|faint|p1b: Delphox
|
|upkeep
|
|t:|1786109040
|switch|p1b: Kingambit|Kingambit, L50, M|100/100
|switch|p1a: Sneasler|Sneasler, L50, F|100/100
|turn|6
|
|t:|1786109058
|move|p2b: Delphox|Protect|p2b: Delphox
|-singleturn|p2b: Delphox|Protect
|move|p2a: Sinistcha|Protect|p2a: Sinistcha
|-singleturn|p2a: Sinistcha|Protect
|move|p1a: Sneasler|Fake Out|p2b: Delphox
|-activate|p2b: Delphox|move: Protect
|move|p1b: Kingambit|Kowtow Cleave|p2a: Sinistcha
|-activate|p2a: Sinistcha|move: Protect
|
|upkeep
|turn|7
|
|t:|1786109083
|move|p1b: Kingambit|Protect|p1b: Kingambit
|-singleturn|p1b: Kingambit|Protect
|move|p2a: Sinistcha|Rage Powder|p2a: Sinistcha
|-singleturn|p2a: Sinistcha|move: Rage Powder
|move|p2b: Delphox|Heat Wave|p1b: Kingambit|[spread] 
|-activate|p1b: Kingambit|move: Protect
|-miss|p2b: Delphox|p1a: Sneasler
|move|p1a: Sneasler|Dire Claw|p2a: Sinistcha
|-damage|p2a: Sinistcha|3/100
|-status|p2a: Sinistcha|par
|
|upkeep
|turn|8
|
|t:|1786109108
|switch|p2a: Sneasler|Sneasler, L50, F|100/100
|move|p2b: Delphox|Protect|p2b: Delphox
|-singleturn|p2b: Delphox|Protect
|move|p1a: Sneasler|Protect|p1a: Sneasler
|-singleturn|p1a: Sneasler|Protect
|move|p1b: Kingambit|Sucker Punch||[still]
|-fail|p1b: Kingambit
|
|upkeep
|turn|9
|inactive|Eagleknight has 30 seconds left.
|
|t:|1786109134
|move|p1a: Sneasler|Protect|p1a: Sneasler
|-singleturn|p1a: Sneasler|Protect
|move|p1b: Kingambit|Protect|p1b: Kingambit
|-singleturn|p1b: Kingambit|Protect
|move|p2a: Sneasler|Fake Out|p1b: Kingambit
|-activate|p1b: Kingambit|move: Protect
|move|p2b: Delphox|Psychic|p1a: Sneasler
|-activate|p1a: Sneasler|move: Protect
|
|upkeep
|turn|10
|
|t:|1786109150
|switch|p2a: Sinistcha|Sinistcha, L50|3/100 par
|-heal|p2b: Delphox|70/100|[from] ability: Hospitality|[of] p2a: Sinistcha
|move|p2b: Delphox|Protect|p2b: Delphox
|-singleturn|p2b: Delphox|Protect
|move|p1b: Kingambit|Sucker Punch||[still]
|-fail|p1b: Kingambit
|move|p1a: Sneasler|Dire Claw|p2a: Sinistcha
|-damage|p2a: Sinistcha|0 fnt
|-fail|p2a: Sinistcha
|faint|p2a: Sinistcha
|
|upkeep
|
|t:|1786109162
|switch|p2a: Sneasler|Sneasler, L50, F|100/100
|turn|11
|inactive|Eagleknight has 30 seconds left.
|inactive|Eagleknight has 20 seconds left.
|
|t:|1786109199
|move|p1a: Sneasler|Protect|p1a: Sneasler
|-singleturn|p1a: Sneasler|Protect
|move|p1b: Kingambit|Protect|p1b: Kingambit
|-singleturn|p1b: Kingambit|Protect
|move|p2b: Delphox|Heat Wave|p1b: Kingambit|[spread] 
|-activate|p1a: Sneasler|move: Protect
|-activate|p1b: Kingambit|move: Protect
|move|p2a: Sneasler|Coaching|p2b: Delphox
|-boost|p2b: Delphox|atk|1
|-boost|p2b: Delphox|def|1
|
|upkeep
|turn|12
|
|t:|1786109224
|move|p2b: Delphox|Protect|p2b: Delphox
|-singleturn|p2b: Delphox|Protect
|move|p1b: Kingambit|Protect||[still]
|-fail|p1b: Kingambit
|move|p2a: Sneasler|Close Combat|p1b: Kingambit
|-supereffective|p1b: Kingambit|2
|-enditem|p1b: Kingambit|Chople Berry|[eat]
|-enditem|p1b: Kingambit|Chople Berry|[weaken]
|-damage|p1b: Kingambit|9/100
|-unboost|p2a: Sneasler|def|1
|-unboost|p2a: Sneasler|spd|1
|move|p1a: Sneasler|Dire Claw|p2a: Sneasler
|-resisted|p2a: Sneasler|1
|-damage|p2a: Sneasler|40/100
|
|upkeep
|turn|13
|inactive|Eagleknight has 30 seconds left.
|
|t:|1786109259
|move|p1b: Kingambit|Sucker Punch|p2b: Delphox
|-supereffective|p2b: Delphox|1
|-damage|p2b: Delphox|0 fnt
|faint|p2b: Delphox
|move|p2a: Sneasler|Close Combat|p1b: Kingambit
|-supereffective|p1b: Kingambit|2
|-damage|p1b: Kingambit|0 fnt
|-unboost|p2a: Sneasler|def|1
|-unboost|p2a: Sneasler|spd|1
|faint|p1b: Kingambit
|move|p1a: Sneasler|Close Combat|p2a: Sneasler
|-resisted|p2a: Sneasler|1
|-damage|p2a: Sneasler|0 fnt
|-unboost|p1a: Sneasler|def|1
|-unboost|p1a: Sneasler|spd|1
|faint|p2a: Sneasler
|
|win|Eagleknight
||Eagleknight is ready for game 2.
|inactive|godofsohai has 30 seconds to confirm battle start!
||godofsohai is ready for game 2.
|uhtml|next|Next: Game 2 of 3
|l|☆godofsohai
|player|p2|
