|j|☆Alfaceb
|j|☆thoming
|html|Alfacebthoming    
|uhtml|bestof|Game 2 of a best-of-3
|t:|1783085833
|gametype|doubles
|player|p1|Alfaceb|pokefan|1152
|player|p2|thoming|2|1171
|gen|9
|tier|[Gen 9 Champions] VGC 2026 Reg M-B (Bo3)
|rated|
|rule|Species Clause: Limit one of each Pokémon
|rule|Item Clause: Limit 1 of each item
|clearpoke
|poke|p1|Charizard, L50, F|
|poke|p1|Blastoise, L50, M|
|poke|p1|Venusaur, L50, F|
|poke|p1|Aerodactyl, L50, M, shiny|
|poke|p1|Kangaskhan, L50, F|
|poke|p1|Clefable, L50, F|
|poke|p2|Blaziken, L50, F|
|poke|p2|Kingambit, L50, F|
|poke|p2|Milotic, L50, F|
|poke|p2|Ninetales-Alola, L50, M|
|poke|p2|Sinistcha-Masterpiece, L50|
|poke|p2|Sneasler, L50, F|
|teampreview|4
|showteam|p1|Charizard||CharizarditeY|SolarPower|HeatWave,WeatherBall,Protect,SolarBeam|Modest||F|||50|]Blastoise||Blastoisinite|Torrent|ShellSmash,WaterSpout,AuraSphere,Protect|Modest||M|||50|]Venusaur||LifeOrb|Chlorophyll|SleepPowder,SludgeBomb,EnergyBall,Protect|Modest||F|||50|]Aerodactyl||FocusSash|Unnerve|DualWingbeat,RockSlide,Protect,Tailwind|Jolly||M|||50|]Kangaskhan||SilkScarf|Scrappy|FakeOut,LastResort|Adamant||F|||50|]Clefable||SitrusBerry|Unaware|Moonblast,FollowMe,HelpingHand,Protect|Bold||F|||50|
|showteam|p2|Blaziken||Blazikenite|SpeedBoost|CloseCombat,FlareBlitz,RockSlide,Detect|Adamant||F|||50|]Kingambit||BlackGlasses|Defiant|Assurance,SuckerPunch,IronHead,Protect|Adamant||F|||50|]Milotic||Leftovers|Competitive|MuddyWater,Hypnosis,Coil,LifeDew|Calm||F|||50|]Ninetales-Alola||NeverMeltIce|SnowWarning|Blizzard,FreezeDry,Encore,Protect|Timid||M|||50|]Sinistcha-Masterpiece||KasibBerry|Hospitality|MatchaGotcha,RagePowder,TrickRoom,Protect|Bold|||||50|]Sneasler||WhiteHerb|Unburden|CloseCombat,DireClaw,FakeOut,Protect|Adamant||F|||50|
|inactive|Battle timer is ON: inactive players will automatically lose when time's up. (requested by Alfaceb)
|
|t:|1783085849
|teamsize|p1|4
|teamsize|p2|4
|start
|switch|p1a: Blastoise|Blastoise, L50, M|100/100
|switch|p1b: Kangaskhan|Kangaskhan, L50, F|100/100
|switch|p2a: Ninetales|Ninetales-Alola, L50, M|100/100
|switch|p2b: Milotic|Milotic, L50, F|100/100
|-weather|Snowscape|[from] ability: Snow Warning|[of] p2a: Ninetales
|turn|1
|
|t:|1783085864
|detailschange|p1a: Blastoise|Blastoise-Mega, L50, M
|-mega|p1a: Blastoise|Blastoise|Blastoisinite
|move|p2a: Ninetales|Protect|p2a: Ninetales
|-singleturn|p2a: Ninetales|Protect
|move|p1b: Kangaskhan|Fake Out|p2a: Ninetales
|-activate|p2a: Ninetales|move: Protect
|move|p1a: Blastoise|Shell Smash|p1a: Blastoise
|-unboost|p1a: Blastoise|def|1
|-unboost|p1a: Blastoise|spd|1
|-boost|p1a: Blastoise|atk|2
|-boost|p1a: Blastoise|spa|2
|-boost|p1a: Blastoise|spe|2
|move|p2b: Milotic|Coil|p2b: Milotic
|-boost|p2b: Milotic|atk|1
|-boost|p2b: Milotic|def|1
|-boost|p2b: Milotic|accuracy|1
|
|-weather|Snowscape|[upkeep]
|upkeep
|turn|2
|l|☆Alfaceb
|inactive|Alfaceb disconnected and has a minute to reconnect!
|player|p1|
|j|☆Alfaceb
|inactive|Alfaceb reconnected and has 35 seconds left.
|player|p1|Alfaceb|pokefan|
|inactive|Alfaceb has 30 seconds left.
|inactive|Alfaceb has 20 seconds left.
|
|t:|1783085899
|move|p1a: Blastoise|Water Spout|p2b: Milotic|[spread] p2a,p2b
|-resisted|p2b: Milotic|1
|-damage|p2a: Ninetales|0 fnt
|-damage|p2b: Milotic|56/100
|faint|p2a: Ninetales
|move|p1b: Kangaskhan|Last Resort|p2b: Milotic
|-damage|p2b: Milotic|10/100
|move|p2b: Milotic|Hypnosis|p1a: Blastoise|[miss]
|-miss|p2b: Milotic|p1a: Blastoise
|
|-weather|Snowscape|[upkeep]
|-heal|p2b: Milotic|16/100|[from] item: Leftovers
|upkeep
|
|t:|1783085913
|switch|p2a: Kingambit|Kingambit, L50, F|100/100
|turn|3
|
|t:|1783085921
|switch|p1b: Clefable|Clefable, L50, F|100/100
|move|p1a: Blastoise|Protect|p1a: Blastoise
|-singleturn|p1a: Blastoise|Protect
|move|p2a: Kingambit|Sucker Punch||[still]
|-fail|p2a: Kingambit
|move|p2b: Milotic|Muddy Water|p1a: Blastoise|[spread] p1b
|-activate|p1a: Blastoise|move: Protect
|-crit|p1b: Clefable
|-damage|p1b: Clefable|70/100
|
|-weather|Snowscape|[upkeep]
|-heal|p2b: Milotic|22/100|[from] item: Leftovers
|upkeep
|turn|4
|
|t:|1783085942
|move|p2a: Kingambit|Protect|p2a: Kingambit
|-singleturn|p2a: Kingambit|Protect
|move|p1b: Clefable|Follow Me|p1b: Clefable
|-singleturn|p1b: Clefable|move: Follow Me
|move|p1a: Blastoise|Water Spout|p2b: Milotic|[spread] p2b
|-activate|p2a: Kingambit|move: Protect
|-resisted|p2b: Milotic|1
|-damage|p2b: Milotic|0 fnt
|faint|p2b: Milotic
|
|-weather|Snowscape|[upkeep]
|upkeep
|
|t:|1783085948
|switch|p2b: Blaziken|Blaziken, L50, F|100/100
|turn|5
|
|t:|1783085958
|detailschange|p2b: Blaziken|Blaziken-Mega, L50, F
|-mega|p2b: Blaziken|Blaziken|Blazikenite
|move|p1b: Clefable|Follow Me|p1b: Clefable
|-singleturn|p1b: Clefable|move: Follow Me
|move|p1a: Blastoise|Aura Sphere|p2a: Kingambit
|-supereffective|p2a: Kingambit|2
|-damage|p2a: Kingambit|0 fnt
|faint|p2a: Kingambit
|move|p2b: Blaziken|Rock Slide|p1a: Blastoise|[spread] p1a,p1b
|-damage|p1a: Blastoise|64/100
|-damage|p1b: Clefable|50/100y
|-enditem|p1b: Clefable|Sitrus Berry|[eat]
|-heal|p1b: Clefable|74/100|[from] item: Sitrus Berry
|
|-weather|none
|-ability|p2b: Blaziken|Speed Boost|boost
|-boost|p2b: Blaziken|spe|1
|upkeep
|turn|6
|l|☆Alfaceb
|inactive|Alfaceb disconnected and has a minute to reconnect!
|player|p1|
|j|☆Alfaceb
|inactive|Alfaceb reconnected and has 35 seconds left.
|player|p1|Alfaceb|pokefan|
|inactive|Alfaceb has 30 seconds left.
|
|t:|1783085984
|move|p2b: Blaziken|Detect|p2b: Blaziken
|-singleturn|p2b: Blaziken|Protect
|move|p1b: Clefable|Follow Me|p1b: Clefable
|-singleturn|p1b: Clefable|move: Follow Me
|move|p1a: Blastoise|Water Spout|p2b: Blaziken
|-activate|p2b: Blaziken|move: Protect
|
|-ability|p2b: Blaziken|Speed Boost|boost
|-boost|p2b: Blaziken|spe|1
|upkeep
|turn|7
|
|t:|1783085997
|move|p1b: Clefable|Follow Me|p1b: Clefable
|-singleturn|p1b: Clefable|move: Follow Me
|move|p2b: Blaziken|Rock Slide|p1b: Clefable|[spread] p1a,p1b
|-damage|p1a: Blastoise|32/100
|-damage|p1b: Clefable|53/100
|cant|p1a: Blastoise|flinch
|
|-ability|p2b: Blaziken|Speed Boost|boost
|-boost|p2b: Blaziken|spe|1
|upkeep
|turn|8
|l|☆Alfaceb
|inactive|Alfaceb disconnected and has a minute to reconnect!
|player|p1|
|inactive|Alfaceb has 30 seconds left.
|j|☆Alfaceb
|inactive|Alfaceb reconnected and has 30 seconds left.
|player|p1|Alfaceb|pokefan|
|
|t:|1783086026
|move|p1b: Clefable|Follow Me|p1b: Clefable
|-singleturn|p1b: Clefable|move: Follow Me
|move|p2b: Blaziken|Rock Slide|p1b: Clefable|[spread] p1b
|-miss|p2b: Blaziken|p1a: Blastoise
|-damage|p1b: Clefable|30/100
|move|p1a: Blastoise|Aura Sphere|p2b: Blaziken
|-damage|p2b: Blaziken|0 fnt
|faint|p2b: Blaziken
|
|win|Alfaceb
|raw|Alfaceb's rating: 1152 → 1178(+26 for winning)
|raw|thoming's rating: 1171 → 1145(-26 for losing)
|l|☆thoming
|player|p2|
|l|☆Alfaceb
|player|p1|
|j|☆Alfaceb
|player|p1|Alfaceb|pokefan|
