|j|☆ZekromAllDay
|j|☆luckycharmstheteam
|html|ZekromAllDayluckycharmstheteam    
|uhtml|bestof|Game 3 of a best-of-3
|t:|1754871754
|gametype|doubles
|player|p1|ZekromAllDay|266|1226
|player|p2|luckycharmstheteam|shelly|1248
|gen|9
|tier|[Gen 9] VGC 2025 Reg H (Bo3)
|rated|
|rule|Species Clause: Limit one of each Pokémon
|rule|Item Clause: Limit 1 of each item
|clearpoke
|poke|p1|Basculegion, L50, M|
|poke|p1|Pelipper, L50, M|
|poke|p1|Archaludon, L50, F|
|poke|p1|Dragonite, L50, F|
|poke|p1|Incineroar, L50, M|
|poke|p1|Amoonguss, L50, F|
|poke|p2|Dragonite, L50, F|
|poke|p2|Annihilape, L50, M|
|poke|p2|Amoonguss, L50, M|
|poke|p2|Incineroar, L50, M|
|poke|p2|Kingambit, L50, M|
|poke|p2|Gholdengo, L50|
|teampreview|4
|showteam|p1|Basculegion||ChoiceBand|SwiftSwim|WaveCrash,LastRespects,AquaJet,FlipTurn|||M|||50|,,,,,Grass]Pelipper||CovertCloak|Drizzle|WeatherBall,Hurricane,Tailwind,MuddyWater|||M|||50|,,,,,Stellar]Archaludon||AssaultVest|Stamina|ElectroShot,DracoMeteor,BodyPress,FlashCannon|||F|||50|,,,,,Bug]Dragonite||LoadedDice|InnerFocus|ScaleShot,Tailwind,Haze,Protect|||F|||50|,,,,,Fairy]Incineroar||SafetyGoggles|Intimidate|FakeOut,KnockOff,PartingShot,FlareBlitz|||M|||50|,,,,,Ghost]Amoonguss||SitrusBerry|Regenerator|RagePowder,Spore,PollenPuff,ClearSmog|||F|||50|,,,,,Water
|showteam|p2|Dragonite||LoadedDice|Multiscale|Protect,ScaleShot,Tailwind,Haze|||F|||50|,,,,,Fairy]Annihilape||FocusSash|Defiant|DrainPunch,Coaching,Taunt,RageFist|||M|||50|,,,,,Grass]Amoonguss||CovertCloak|Regenerator|Protect,Spore,SludgeBomb,RagePowder|||M|||50|,,,,,Water]Incineroar||SafetyGoggles|Intimidate|FlareBlitz,KnockOff,FakeOut,PartingShot|||M|||50|,,,,,Grass]Kingambit||AssaultVest|Defiant|KowtowCleave,IronHead,LowKick,SuckerPunch|||M|||50|,,,,,Fire]Gholdengo||LifeOrb|GoodasGold|Protect,MakeItRain,NastyPlot,ShadowBall||||||50|,,,,,Water
|inactive|Battle timer is ON: inactive players will automatically lose when time's up. (requested by luckycharmstheteam)
|
|t:|1754871771
|teamsize|p1|4
|teamsize|p2|4
|start
|switch|p1a: Pelipper|Pelipper, L50, M|100/100
|switch|p1b: Basculegion|Basculegion, L50, M|100/100
|switch|p2a: Gholdengo|Gholdengo, L50|100/100
|switch|p2b: Amoonguss|Amoonguss, L50, M|100/100
|-weather|RainDance|[from] ability: Drizzle|[of] p1a: Pelipper
|turn|1
|
|t:|1754871792
|-terastallize|p1b: Basculegion|Grass
|move|p2a: Gholdengo|Protect|p2a: Gholdengo
|-singleturn|p2a: Gholdengo|Protect
|move|p2b: Amoonguss|Protect|p2b: Amoonguss
|-singleturn|p2b: Amoonguss|Protect
|move|p1b: Basculegion|Flip Turn|p2a: Gholdengo
|-activate|p2a: Gholdengo|move: Protect
|move|p1a: Pelipper|Tailwind|p1a: Pelipper
|-sidestart|p1: ZekromAllDay|move: Tailwind
|
|-weather|RainDance|[upkeep]
|upkeep
|turn|2
|
|t:|1754871815
|move|p1b: Basculegion|Flip Turn|p2a: Gholdengo
|-damage|p2a: Gholdengo|29/100
|
|t:|1754871820
|switch|p1b: Archaludon|Archaludon, L50, F|100/100|[from] Flip Turn
|move|p1a: Pelipper|Hurricane|p2a: Gholdengo
|-resisted|p2a: Gholdengo
|-damage|p2a: Gholdengo|0 fnt
|faint|p2a: Gholdengo
|move|p2b: Amoonguss|Spore|p1b: Archaludon
|-status|p1b: Archaludon|slp|[from] move: Spore
|
|-weather|RainDance|[upkeep]
|upkeep
|
|t:|1754871827
|switch|p2a: Dragonite|Dragonite, L50, F|100/100
|turn|3
|
|t:|1754871835
|cant|p1b: Archaludon|slp
|move|p1a: Pelipper|Muddy Water|p2b: Amoonguss|[spread] p2a,p2b
|-resisted|p2a: Dragonite
|-resisted|p2b: Amoonguss
|-damage|p2a: Dragonite|88/100
|-damage|p2b: Amoonguss|82/100
|move|p2a: Dragonite|Scale Shot|p1a: Pelipper
|-damage|p1a: Pelipper|81/100
|-damage|p1a: Pelipper|60/100
|-damage|p1a: Pelipper|42/100
|-damage|p1a: Pelipper|24/100
|-damage|p1a: Pelipper|4/100
|-hitcount|p1a: Pelipper|5
|-unboost|p2a: Dragonite|def|1
|-boost|p2a: Dragonite|spe|1
|move|p2b: Amoonguss|Sludge Bomb|p1a: Pelipper
|-damage|p1a: Pelipper|0 fnt
|faint|p1a: Pelipper
|
|-weather|RainDance|[upkeep]
|upkeep
|
|t:|1754871837
|switch|p1a: Basculegion|Basculegion, L50, M, tera:Grass|100/100
|turn|4
|
|t:|1754871855
|switch|p1a: Amoonguss|Amoonguss, L50, F|100/100
|move|p2a: Dragonite|Protect|p2a: Dragonite
|-singleturn|p2a: Dragonite|Protect
|cant|p1b: Archaludon|slp
|move|p2b: Amoonguss|Sludge Bomb|p1a: Amoonguss
|-damage|p1a: Amoonguss|79/100
|
|-weather|RainDance|[upkeep]
|-sideend|p1: ZekromAllDay|move: Tailwind
|upkeep
|turn|5
|
|t:|1754871868
|move|p2a: Dragonite|Scale Shot|p1a: Amoonguss
|-damage|p1a: Amoonguss|67/100
|-damage|p1a: Amoonguss|54/100
|-damage|p1a: Amoonguss|42/100
|-enditem|p1a: Amoonguss|Sitrus Berry|[eat]
|-heal|p1a: Amoonguss|67/100|[from] item: Sitrus Berry
|-damage|p1a: Amoonguss|55/100
|-hitcount|p1a: Amoonguss|4
|-unboost|p2a: Dragonite|def|1
|-boost|p2a: Dragonite|spe|1
|cant|p1b: Archaludon|slp
|move|p2b: Amoonguss|Sludge Bomb|p1a: Amoonguss
|-damage|p1a: Amoonguss|32/100
|move|p1a: Amoonguss|Pollen Puff|p1b: Archaludon
|
|-weather|none
|upkeep
|turn|6
|
|t:|1754871893
|move|p2a: Dragonite|Scale Shot|p1a: Amoonguss
|-damage|p1a: Amoonguss|20/100
|-damage|p1a: Amoonguss|8/100
|-damage|p1a: Amoonguss|0 fnt
|faint|p1a: Amoonguss
|-hitcount|p1: Amoonguss|3
|-unboost|p2a: Dragonite|def|1
|-boost|p2a: Dragonite|spe|1
|-curestatus|p1b: Archaludon|slp|[msg]
|move|p1b: Archaludon|Draco Meteor|p2a: Dragonite
|-supereffective|p2a: Dragonite
|-damage|p2a: Dragonite|0 fnt
|-unboost|p1b: Archaludon|spa|2
|faint|p2a: Dragonite
|move|p2b: Amoonguss|Spore|p1b: Archaludon
|-status|p1b: Archaludon|slp|[from] move: Spore
|
|upkeep
|
|t:|1754871901
|switch|p2a: Kingambit|Kingambit, L50, M|100/100
|switch|p1a: Basculegion|Basculegion, L50, M, tera:Grass|100/100
|turn|7
|
|t:|1754871914
|move|p1a: Basculegion|Wave Crash|p2a: Kingambit
|-damage|p2a: Kingambit|31/100
|-damage|p1a: Basculegion|76/100|[from] Recoil
|cant|p1b: Archaludon|slp
|move|p2a: Kingambit|Kowtow Cleave|p1a: Basculegion
|-damage|p1a: Basculegion|17/100
|move|p2b: Amoonguss|Sludge Bomb|p1a: Basculegion
|-supereffective|p1a: Basculegion
|-damage|p1a: Basculegion|0 fnt
|faint|p1a: Basculegion
|
|upkeep
|turn|8
|
|t:|1754871931
|move|p2b: Amoonguss|Rage Powder|p2b: Amoonguss
|-singleturn|p2b: Amoonguss|move: Rage Powder
|cant|p1b: Archaludon|slp
|move|p2a: Kingambit|Low Kick|p1b: Archaludon
|-supereffective|p1b: Archaludon
|-crit|p1b: Archaludon
|-damage|p1b: Archaludon|42/100 slp
|-ability|p1b: Archaludon|Stamina|boost
|-boost|p1b: Archaludon|def|1
|
|upkeep
|turn|9
|
|t:|1754871938
|move|p2b: Amoonguss|Rage Powder|p2b: Amoonguss
|-singleturn|p2b: Amoonguss|move: Rage Powder
|-curestatus|p1b: Archaludon|slp|[msg]
|move|p1b: Archaludon|Draco Meteor|p2b: Amoonguss
|-damage|p2b: Amoonguss|54/100
|-unboost|p1b: Archaludon|spa|2
|move|p2a: Kingambit|Low Kick|p1b: Archaludon
|-supereffective|p1b: Archaludon
|-damage|p1b: Archaludon|13/100
|-ability|p1b: Archaludon|Stamina|boost
|-boost|p1b: Archaludon|def|1
|
|upkeep
|turn|10
|-message|ZekromAllDay forfeited.
|raw|ZekromAllDay's rating: 1226 → 1203(-23 for losing)
|raw|luckycharmstheteam's rating: 1248 → 1271(+23 for winning)
|
|win|luckycharmstheteam
|l|☆ZekromAllDay
|player|p1|
