|j|☆squawkinator
|j|☆arc3deus
|html|squawkinatorarc3deus    
|uhtml|bestof|Game 2 of a best-of-3
|t:|1785636773
|gametype|doubles
|player|p1|squawkinator|caitlin|1146
|player|p2|arc3deus|266|1080
|gen|9
|tier|[Gen 9 Champions] VGC 2026 Reg M-B (Bo3)
|rated|
|rule|Species Clause: Limit one of each Pokémon
|rule|Item Clause: Limit 1 of each item
|clearpoke
|poke|p1|Hatterene, L50, F|
|poke|p1|Staraptor, L50, F|
|poke|p1|Incineroar, L50, F|
|poke|p1|Scolipede, L50, M|
|poke|p1|Pelipper, L50, F|
|poke|p1|Kingambit, L50, F|
|poke|p2|Charizard, L50, F|
|poke|p2|Garchomp, L50, M|
|poke|p2|Whimsicott, L50, M|
|poke|p2|Farigiraf, L50, F|
|poke|p2|Aerodactyl, L50, M|
|poke|p2|Sylveon, L50, F|
|teampreview|4
|showteam|p1|Hatterene||FocusSash|MagicBounce|MagicPowder,TrickRoom,DazzlingGleam,Protect|Relaxed||F|||50|]Staraptor||ChoiceScarf|Reckless|FinalGambit,Uturn,BraveBird,CloseCombat|Jolly||F|||50|]Incineroar||SitrusBerry|Intimidate|FakeOut,PartingShot,FlareBlitz,DarkestLariat|Adamant||F|||50|]Scolipede||Scolipite|SpeedBoost|GunkShot,Protect,SwordsDance,LeechLife|Adamant||M|||50|]Pelipper||LifeOrb|Drizzle|Hurricane,WeatherBall,Tailwind,WideGuard|Serious||F|||50|]Kingambit||ChopleBerry|Defiant|SuckerPunch,KowtowCleave,IronHead,Protect|Adamant||F|||50|
|showteam|p2|Charizard||CharizarditeY|Blaze|HeatWave,WeatherBall,Protect,SolarBeam|Modest||F|||50|]Garchomp||ChoiceScarf|RoughSkin|StompingTantrum,RockSlide,DragonClaw,Bulldoze|Jolly||M|||50|]Whimsicott||FocusSash|Prankster|Tailwind,Moonblast,Encore,SunnyDay|Modest||M|||50|]Farigiraf||Leftovers|ArmorTail|TrickRoom,TwinBeam,Protect,HelpingHand|Sassy||F|||50|]Aerodactyl||Aerodactylite|Unnerve|RockSlide,DualWingbeat,IceFang,Tailwind|Jolly||M|||50|]Sylveon||FairyFeather|Pixilate|HyperVoice,HyperBeam,Protect,CalmMind|Modest||F|||50|
|
|t:|1785636811
|teamsize|p1|4
|teamsize|p2|4
|start
|switch|p1a: Scolipede|Scolipede, L50, M|100/100
|switch|p1b: Incineroar|Incineroar, L50, F|100/100
|switch|p2a: Charizard|Charizard, L50, F|100/100
|switch|p2b: Whimsicott|Whimsicott, L50, M|100/100
|-ability|p1b: Incineroar|Intimidate|boost
|-unboost|p2a: Charizard|atk|1
|-unboost|p2b: Whimsicott|atk|1
|turn|1
|
|t:|1785636826
|detailschange|p2a: Charizard|Charizard-Mega-Y, L50, F
|-mega|p2a: Charizard|Charizard|Charizardite Y
|-weather|SunnyDay|[from] ability: Drought|[of] p2a: Charizard
|move|p1b: Incineroar|Fake Out|p2a: Charizard
|-damage|p2a: Charizard|82/100
|move|p2b: Whimsicott|Tailwind|p2b: Whimsicott
|-sidestart|p2: arc3deus|move: Tailwind
|cant|p2a: Charizard|flinch
|move|p1a: Scolipede|Swords Dance|p1a: Scolipede
|-boost|p1a: Scolipede|atk|2
|
|-weather|SunnyDay|[upkeep]
|-ability|p1a: Scolipede|Speed Boost|boost
|-boost|p1a: Scolipede|spe|1
|upkeep
|turn|2
|
|t:|1785636872
|move|p1a: Scolipede|Protect|p1a: Scolipede
|-singleturn|p1a: Scolipede|Protect
|move|p2b: Whimsicott|Encore|p1b: Incineroar
|-hint|Since gen 7, Dark is immune to Prankster moves.
|-immune|p1b: Incineroar
|move|p2a: Charizard|Heat Wave|p1a: Scolipede|[spread] p1b
|-activate|p1a: Scolipede|move: Protect
|-resisted|p1b: Incineroar|1
|-damage|p1b: Incineroar|67/100
|move|p1b: Incineroar|Parting Shot|p2a: Charizard
|-unboost|p2a: Charizard|atk|1
|-unboost|p2a: Charizard|spa|1
|
|t:|1785636884
|switch|p1b: Pelipper|Pelipper, L50, F|100/100|[from] Parting Shot
|-weather|RainDance|[from] ability: Drizzle|[of] p1b: Pelipper
|
|-weather|RainDance|[upkeep]
|-ability|p1a: Scolipede|Speed Boost|boost
|-boost|p1a: Scolipede|spe|1
|upkeep
|turn|3
|
|t:|1785636921
|move|p2b: Whimsicott|Sunny Day|p2b: Whimsicott
|-weather|SunnyDay
|move|p1a: Scolipede|Gunk Shot|p2b: Whimsicott|[miss]
|-miss|p1a: Scolipede|p2b: Whimsicott
|move|p2a: Charizard|Heat Wave|p1a: Scolipede|[spread] p1a
|-miss|p2a: Charizard|p1b: Pelipper
|-supereffective|p1a: Scolipede|1
|-damage|p1a: Scolipede|0 fnt
|faint|p1a: Scolipede
|move|p1b: Pelipper|Weather Ball|p2b: Whimsicott
|-supereffective|p2b: Whimsicott|1
|-enditem|p2b: Whimsicott|Focus Sash
|-damage|p2b: Whimsicott|1/100
|-damage|p1b: Pelipper|90/100|[from] item: Life Orb
|
|-weather|SunnyDay|[upkeep]
|upkeep
|
|t:|1785636937
|switch|p1a: Kingambit|Kingambit, L50, F|100/100
|turn|4
|
|t:|1785636951
|move|p1b: Pelipper|Wide Guard|p1b: Pelipper
|-singleturn|p1b: Pelipper|Wide Guard
|move|p2b: Whimsicott|Moonblast|p1b: Pelipper
|-damage|p1b: Pelipper|34/100
|move|p2a: Charizard|Heat Wave|p1a: Kingambit|[spread] 
|-activate|p1a: Kingambit|move: Wide Guard
|-activate|p1b: Pelipper|move: Wide Guard
|move|p1a: Kingambit|Kowtow Cleave|p2a: Charizard
|-damage|p2a: Charizard|22/100
|
|-weather|SunnyDay|[upkeep]
|-sideend|p2: arc3deus|move: Tailwind
|upkeep
|turn|5
|
|t:|1785636978
|move|p2b: Whimsicott|Tailwind|p2b: Whimsicott
|-sidestart|p2: arc3deus|move: Tailwind
|move|p1a: Kingambit|Sucker Punch|p2a: Charizard
|-damage|p2a: Charizard|0 fnt
|faint|p2a: Charizard
|move|p1b: Pelipper|Tailwind|p1b: Pelipper
|-sidestart|p1: squawkinator|move: Tailwind
|
|-weather|SunnyDay|[upkeep]
|upkeep
|
|t:|1785636989
|switch|p2a: Aerodactyl|Aerodactyl, L50, M|100/100
|-ability|p2a: Aerodactyl|Unnerve
|turn|6
|
|t:|1785637019
|switch|p2a: Farigiraf|Farigiraf, L50, F|100/100
|switch|p1b: Incineroar|Incineroar, L50, F|67/100
|-ability|p1b: Incineroar|Intimidate|boost
|-unboost|p2a: Farigiraf|atk|1
|-unboost|p2b: Whimsicott|atk|1
|move|p2b: Whimsicott|Moonblast|p1b: Incineroar
|-damage|p1b: Incineroar|28/100
|-enditem|p1b: Incineroar|Sitrus Berry|[eat]
|-heal|p1b: Incineroar|53/100|[from] item: Sitrus Berry
|move|p1a: Kingambit|Iron Head|p2b: Whimsicott
|-supereffective|p2b: Whimsicott|1
|-damage|p2b: Whimsicott|0 fnt
|faint|p2b: Whimsicott
|
|-weather|SunnyDay|[upkeep]
|upkeep
|
|t:|1785637034
|switch|p2b: Aerodactyl|Aerodactyl, L50, M|100/100
|-ability|p2b: Aerodactyl|Unnerve
|turn|7
|
|t:|1785637043
|move|p2a: Farigiraf|Helping Hand|p2b: Aerodactyl
|-singleturn|p2b: Aerodactyl|Helping Hand|[of] p2a: Farigiraf
|move|p2b: Aerodactyl|Rock Slide|p1b: Incineroar|[spread] p1a,p1b
|-resisted|p1a: Kingambit|1
|-supereffective|p1b: Incineroar|1
|-damage|p1a: Kingambit|85/100
|-damage|p1b: Incineroar|0 fnt
|faint|p1b: Incineroar
|move|p1a: Kingambit|Iron Head|p2b: Aerodactyl
|-supereffective|p2b: Aerodactyl|1
|-damage|p2b: Aerodactyl|0 fnt
|faint|p2b: Aerodactyl
|
|-weather|none
|upkeep
|
|t:|1785637053
|switch|p1b: Pelipper|Pelipper, L50, F|34/100
|-weather|RainDance|[from] ability: Drizzle|[of] p1b: Pelipper
|turn|8
|
|t:|1785637061
|move|p1b: Pelipper|Weather Ball|p2a: Farigiraf
|-damage|p2a: Farigiraf|43/100
|-damage|p1b: Pelipper|25/100|[from] item: Life Orb
|move|p2a: Farigiraf|Twin Beam|p1b: Pelipper
|-damage|p1b: Pelipper|3/100
|-damage|p1b: Pelipper|0 fnt
|faint|p1b: Pelipper
|-hitcount|p1: Pelipper|2
|move|p1a: Kingambit|Kowtow Cleave|p2a: Farigiraf
|-supereffective|p2a: Farigiraf|1
|-damage|p2a: Farigiraf|0 fnt
|faint|p2a: Farigiraf
|
|win|squawkinator
|raw|squawkinator's rating: 1146 → 1166(+20 for winning)
|raw|arc3deus's rating: 1080 → 1062(-18 for losing)
