|j|☆Hidea
|j|☆littlepotato13
|html|Hidealittlepotato13    
|uhtml|bestof|Game 2 of a best-of-3
|t:|1782408776
|gametype|doubles
|player|p1|Hidea|170|
|player|p2|littlepotato13|102|
|gen|9
|tier|[Gen 9 Champions] VGC 2026 Reg M-B (Bo3)
|rule|Species Clause: Limit one of each Pokémon
|rule|Item Clause: Limit 1 of each item
|clearpoke
|poke|p1|Pyroar, L50, F|
|poke|p1|Floette-Eternal, L50, F, shiny|
|poke|p1|Farigiraf, L50, M, shiny|
|poke|p1|Basculegion, L50, M|
|poke|p1|Ninetales, L50, M, shiny|
|poke|p1|Whimsicott, L50, F, shiny|
|poke|p2|Charizard, L50, F|
|poke|p2|Hydreigon, L50, F|
|poke|p2|Gholdengo, L50|
|poke|p2|Grimmsnarl, L50, M|
|poke|p2|Toxapex, L50, M|
|poke|p2|Incineroar, L50, F|
|teampreview|4
|showteam|p1|Pyroar||Pyroarite|Unnerve|HeatWave,Overheat,SolarBeam,Protect|Timid||F|||50|]Floette-Eternal||Floettite|FlowerVeil|Protect,DazzlingGleam,CalmMind,LightofRuin|Modest||F|||50|]Farigiraf||SitrusBerry|ArmorTail|HelpingHand,TwinBeam,Thunderbolt,TrickRoom|Bold||M|||50|]Basculegion||LifeOrb|Adaptability|Protect,AquaJet,WaveCrash,LastRespects|Adamant||M|||50|]Ninetales||ChoiceScarf|Drought|HeatWave,Overheat,SolarBeam,FakeTears|Modest||M|||50|]Whimsicott||FocusSash|Prankster|Moonblast,SunnyDay,Tailwind,Protect|Timid||F|||50|
|showteam|p2|Charizard||CharizarditeY|Blaze|HeatWave,WeatherBall,SolarBeam,Protect|Modest||F|||50|]Hydreigon||ChoiceScarf|Levitate|DracoMeteor,DarkPulse,Snarl,EarthPower|Modest||F|||50|]Gholdengo||LifeOrb|GoodasGold|MakeItRain,ShadowBall,Protect,NastyPlot|Modest|||||50|]Grimmsnarl||LightClay|Prankster|PartingShot,FakeOut,LightScreen,Reflect|Careful||M|||50|]Toxapex||Leftovers|Regenerator|Infestation,BanefulBunker,WideGuard,Toxic|Relaxed||M|||50|]Incineroar||SitrusBerry|Intimidate|FlareBlitz,ThroatChop,FakeOut,PartingShot|Adamant||F|||50|
|inactive|Battle timer is ON: inactive players will automatically lose when time's up. (requested by littlepotato13)
|c|☆Hidea|timer?
|inactive|Hidea has 60 seconds left.
|inactiveoff|Battle timer is now OFF.
|
|t:|1782408843
|teamsize|p1|4
|teamsize|p2|4
|start
|switch|p1a: Floette|Floette-Eternal, L50, F, shiny|100/100
|switch|p1b: Farigiraf|Farigiraf, L50, M, shiny|100/100
|switch|p2a: Hydreigon|Hydreigon, L50, F|100/100
|switch|p2b: Toxapex|Toxapex, L50, M|100/100
|turn|1
|
|t:|1782408879
|detailschange|p1a: Floette|Floette-Mega, L50, F, shiny
|-mega|p1a: Floette|Floette|Floettite
|-ability|p1a: Floette|Fairy Aura
|move|p1a: Floette|Protect|p1a: Floette
|-singleturn|p1a: Floette|Protect
|move|p2a: Hydreigon|Snarl|p1b: Farigiraf|[spread] p1b
|-activate|p1a: Floette|move: Protect
|-supereffective|p1b: Farigiraf|1
|-damage|p1b: Farigiraf|63/100
|-unboost|p1b: Farigiraf|spa|1
|move|p1b: Farigiraf|Twin Beam|p2b: Toxapex
|-supereffective|p2b: Toxapex|1
|-damage|p2b: Toxapex|84/100
|-supereffective|p2b: Toxapex|1
|-damage|p2b: Toxapex|67/100
|-hitcount|p2b: Toxapex|2
|move|p2b: Toxapex|Infestation|p1b: Farigiraf
|-supereffective|p1b: Farigiraf|1
|-damage|p1b: Farigiraf|58/100
|-activate|p1b: Farigiraf|move: Infestation|[of] p2b: Toxapex
|
|-heal|p2b: Toxapex|73/100|[from] item: Leftovers
|-damage|p1b: Farigiraf|45/100|[from] move: Infestation|[partiallytrapped]
|upkeep
|-enditem|p1b: Farigiraf|Sitrus Berry|[eat]
|-heal|p1b: Farigiraf|70/100|[from] item: Sitrus Berry
|turn|2
|
|t:|1782408898
|move|p1b: Farigiraf|Helping Hand|p1a: Floette
|-singleturn|p1a: Floette|Helping Hand|[of] p1b: Farigiraf
|move|p2a: Hydreigon|Snarl|p1b: Farigiraf|[spread] p1a,p1b
|-resisted|p1a: Floette|1
|-supereffective|p1b: Farigiraf|1
|-damage|p1a: Floette|92/100
|-damage|p1b: Farigiraf|31/100
|-unboost|p1a: Floette|spa|1
|-unboost|p1b: Farigiraf|spa|1
|move|p1a: Floette|Dazzling Gleam|p2a: Hydreigon|[spread] p2a,p2b
|-supereffective|p2a: Hydreigon|2
|-resisted|p2b: Toxapex|1
|-damage|p2a: Hydreigon|0 fnt
|-damage|p2b: Toxapex|54/100
|faint|p2a: Hydreigon
|move|p2b: Toxapex|Infestation|p1a: Floette
|-resisted|p1a: Floette|1
|-damage|p1a: Floette|91/100
|-activate|p1a: Floette|move: Infestation|[of] p2b: Toxapex
|
|-heal|p2b: Toxapex|60/100|[from] item: Leftovers
|-damage|p1a: Floette|79/100|[from] move: Infestation|[partiallytrapped]
|-damage|p1b: Farigiraf|19/100|[from] move: Infestation|[partiallytrapped]
|upkeep
|
|t:|1782408907
|switch|p2a: Charizard|Charizard, L50, F|100/100
|turn|3
|
|t:|1782408939
|move|p2a: Charizard|Protect|p2a: Charizard
|-singleturn|p2a: Charizard|Protect
|move|p1a: Floette|Protect|p1a: Floette
|-singleturn|p1a: Floette|Protect
|move|p2b: Toxapex|Baneful Bunker|p2b: Toxapex
|-singleturn|p2b: Toxapex|move: Protect
|move|p1b: Farigiraf|Thunderbolt|p2a: Charizard
|-activate|p2a: Charizard|move: Protect
|
|-heal|p2b: Toxapex|66/100|[from] item: Leftovers
|-damage|p1a: Floette|66/100|[from] move: Infestation|[partiallytrapped]
|-damage|p1b: Farigiraf|7/100|[from] move: Infestation|[partiallytrapped]
|upkeep
|turn|4
|
|t:|1782408963
|detailschange|p2a: Charizard|Charizard-Mega-Y, L50, F
|-mega|p2a: Charizard|Charizard|Charizardite Y
|-weather|SunnyDay|[from] ability: Drought|[of] p2a: Charizard
|move|p1b: Farigiraf|Helping Hand|p1a: Floette
|-singleturn|p1a: Floette|Helping Hand|[of] p1b: Farigiraf
|move|p2a: Charizard|Heat Wave|p1a: Floette|[spread] p1a,p1b
|-damage|p1a: Floette|17/100
|-damage|p1b: Farigiraf|0 fnt
|-status|p1a: Floette|brn
|faint|p1b: Farigiraf
|move|p1a: Floette|Light of Ruin|p2a: Charizard
|-resisted|p2a: Charizard|1
|-damage|p2a: Charizard|45/100
|-damage|p1a: Floette|0 fnt|[from] Recoil
|faint|p1a: Floette
|move|p2b: Toxapex|Toxic|p1: Floette|[notarget]
|-fail|p2b: Toxapex
|
|-weather|SunnyDay|[upkeep]
|-heal|p2b: Toxapex|71/100|[from] item: Leftovers
|upkeep
|
|t:|1782408974
|switch|p1a: Basculegion|Basculegion, L50, M|100/100
|switch|p1b: Whimsicott|Whimsicott, L50, F, shiny|100/100
|turn|5
|
|t:|1782408991
|switch|p2a: Incineroar|Incineroar, L50, F|100/100
|-ability|p2a: Incineroar|Intimidate|boost
|-unboost|p1a: Basculegion|atk|1
|-unboost|p1b: Whimsicott|atk|1
|move|p1b: Whimsicott|Moonblast|p2b: Toxapex
|-resisted|p2b: Toxapex|1
|-damage|p2b: Toxapex|58/100
|move|p1a: Basculegion|Last Respects|p2b: Toxapex
|-damage|p2b: Toxapex|3/100
|-damage|p1a: Basculegion|90/100|[from] item: Life Orb
|move|p2b: Toxapex|Infestation|p1a: Basculegion
|-resisted|p1a: Basculegion|1
|-damage|p1a: Basculegion|89/100
|-activate|p1a: Basculegion|move: Infestation|[of] p2b: Toxapex
|
|-weather|SunnyDay|[upkeep]
|-heal|p2b: Toxapex|8/100|[from] item: Leftovers
|-damage|p1a: Basculegion|76/100|[from] move: Infestation|[partiallytrapped]
|upkeep
|turn|6
|
|t:|1782409013
|move|p2b: Toxapex|Baneful Bunker|p2b: Toxapex
|-singleturn|p2b: Toxapex|move: Protect
|move|p1b: Whimsicott|Moonblast|p2b: Toxapex
|-activate|p2b: Toxapex|move: Protect
|move|p1a: Basculegion|Wave Crash|p2a: Incineroar
|-supereffective|p2a: Incineroar|1
|-damage|p2a: Incineroar|45/100
|-enditem|p2a: Incineroar|Sitrus Berry|[eat]
|-heal|p2a: Incineroar|70/100|[from] item: Sitrus Berry
|-damage|p1a: Basculegion|60/100|[from] Recoil
|-damage|p1a: Basculegion|50/100g|[from] item: Life Orb
|move|p2a: Incineroar|Parting Shot|p1a: Basculegion
|-unboost|p1a: Basculegion|atk|1
|-unboost|p1a: Basculegion|spa|1
|
|t:|1782409018
|switch|p2a: Charizard|Charizard-Mega-Y, L50, F|45/100|[from] Parting Shot
|
|-weather|SunnyDay|[upkeep]
|-heal|p2b: Toxapex|14/100|[from] item: Leftovers
|-damage|p1a: Basculegion|38/100|[from] move: Infestation|[partiallytrapped]
|upkeep
|turn|7
|
|t:|1782409031
|switch|p2a: Incineroar|Incineroar, L50, F|70/100
|-ability|p2a: Incineroar|Intimidate|boost
|-unboost|p1a: Basculegion|atk|1
|-unboost|p1b: Whimsicott|atk|1
|move|p1b: Whimsicott|Tailwind|p1b: Whimsicott
|-sidestart|p1: Hidea|move: Tailwind
|move|p1a: Basculegion|Wave Crash|p2a: Incineroar
|-supereffective|p2a: Incineroar|1
|-damage|p2a: Incineroar|36/100
|-damage|p1a: Basculegion|28/100|[from] Recoil
|-damage|p1a: Basculegion|18/100|[from] item: Life Orb
|move|p2b: Toxapex|Toxic|p1a: Basculegion
|-status|p1a: Basculegion|tox
|
|-weather|SunnyDay|[upkeep]
|-heal|p2b: Toxapex|20/100y|[from] item: Leftovers
|-damage|p1a: Basculegion|12/100 tox|[from] psn
|-damage|p1a: Basculegion|1/100 tox|[from] move: Infestation|[partiallytrapped]
|upkeep
|turn|8
|
|t:|1782409052
|move|p2b: Toxapex|Baneful Bunker|p2b: Toxapex
|-singleturn|p2b: Toxapex|move: Protect
|move|p1b: Whimsicott|Moonblast|p2a: Incineroar
|-damage|p2a: Incineroar|7/100
|move|p1a: Basculegion|Last Respects|p2b: Toxapex
|-activate|p2b: Toxapex|move: Protect
|move|p2a: Incineroar|Flare Blitz|p1b: Whimsicott
|-supereffective|p1b: Whimsicott|1
|-enditem|p1b: Whimsicott|Focus Sash
|-damage|p1b: Whimsicott|1/100
|-damage|p2a: Incineroar|0 fnt|[from] Recoil
|faint|p2a: Incineroar
|
|-weather|none
|-heal|p2b: Toxapex|26/100|[from] item: Leftovers
|-damage|p1a: Basculegion|0 fnt|[from] psn
|faint|p1a: Basculegion
|upkeep
|
|t:|1782409060
|switch|p2a: Charizard|Charizard-Mega-Y, L50, F|45/100
|-weather|SunnyDay|[from] ability: Drought|[of] p2a: Charizard
|turn|9
|c|☆Hidea|ggs
|c|☆littlepotato13|ggs
|
|t:|1782409068
|move|p1b: Whimsicott|Moonblast|p2a: Charizard
|-resisted|p2a: Charizard|1
|-damage|p2a: Charizard|29/100
|-unboost|p2a: Charizard|spa|1
|move|p2a: Charizard|Weather Ball|p1b: Whimsicott
|-supereffective|p1b: Whimsicott|1
|-damage|p1b: Whimsicott|0 fnt
|faint|p1b: Whimsicott
|
|win|littlepotato13
|l|☆Hidea
|player|p1|
