|j|☆weeeggggggeeeee
|j|☆letcheflan
|html|weeeggggggeeeeeletcheflan    
|uhtml|bestof|Game 1 of a best-of-3
|t:|1782226276
|gametype|doubles
|player|p1|weeeggggggeeeee|byron|1102
|player|p2|letcheflan|n|1143
|gen|9
|tier|[Gen 9 Champions] VGC 2026 Reg M-B (Bo3)
|rated|
|rule|Species Clause: Limit one of each Pokémon
|rule|Item Clause: Limit 1 of each item
|clearpoke
|poke|p1|Metagross, L50|
|poke|p1|Sableye, L50, F|
|poke|p1|Maushold, L50|
|poke|p1|Kommo-o, L50, F|
|poke|p1|Incineroar, L50, M|
|poke|p1|Lycanroc-Dusk, L50, F|
|poke|p2|Mawile, L50, F|
|poke|p2|Farigiraf, L50, F, shiny|
|poke|p2|Sableye, L50, M|
|poke|p2|Swampert, L50, M|
|poke|p2|Sinistcha, L50|
|poke|p2|Skeledirge, L50, F|
|teampreview|4
|showteam|p1|Metagross||Metagrossite|ClearBody|IronHead,PsychicFangs,Protect,IcePunch|Jolly|||||50|]Sableye||LightClay|Prankster|Quash,LightScreen,Reflect,Feint|Calm||F|||50|]Maushold||WideLens|FriendGuard|PopulationBomb,FollowMe,Protect,Taunt|Adamant|||||50|]Kommo-o||Leftovers|Bulletproof|ClangorousSoul,ClangingScales,AuraSphere,Protect|Modest||F|||50|]Incineroar||SitrusBerry|Intimidate|FakeOut,PartingShot,FlareBlitz,DarkestLariat|Impish||M|||50|]Lycanroc-Dusk||FocusSash|ToughClaws|Accelerock,Howl,CloseCombat,Protect|Jolly||F|||50|
|showteam|p2|Mawile||Mawilite|Intimidate|Protect,PlayRough,IronHead,SwordsDance|Brave||F|||50|]Farigiraf||SitrusBerry|ArmorTail|Protect,PsychicNoise,HelpingHand,TrickRoom|Bold||F|||50|]Sableye||RoseliBerry|Prankster|LightScreen,Reflect,RainDance,Quash|Careful||M|||50|]Swampert||Swampertite|Torrent|Protect,WaveCrash,HighHorsepower,KnockOff|Adamant||M|||50|]Sinistcha||CobaBerry|Hospitality|MatchaGotcha,RagePowder,LifeDew,TrickRoom|Bold|||||50|]Skeledirge||ColburBerry|Unaware|Protect,TorchSong,ShadowBall,AlluringVoice|Relaxed||F|||50|
|inactive|Battle timer is ON: inactive players will automatically lose when time's up. (requested by letcheflan)
|inactive|weeeggggggeeeee has 60 seconds left.
|inactive|letcheflan has 60 seconds left.
|
|t:|1782226325
|teamsize|p1|4
|teamsize|p2|4
|start
|switch|p1a: Maushold|Maushold, L50|100/100
|switch|p1b: Incineroar|Incineroar, L50, M|100/100
|switch|p2a: Salsa|Skeledirge, L50, F|100/100
|switch|p2b: Float|Farigiraf, L50, F, shiny|100/100
|-ability|p1b: Incineroar|Intimidate|boost
|-unboost|p2a: Salsa|atk|1
|-unboost|p2b: Float|atk|1
|turn|1
|
|t:|1782226344
|move|p1a: Maushold|Taunt|p2b: Float
|-start|p2b: Float|move: Taunt
|move|p1b: Incineroar|Darkest Lariat|p2a: Salsa
|-supereffective|p2a: Salsa|1
|-enditem|p2a: Salsa|Colbur Berry|[eat]
|-enditem|p2a: Salsa|Colbur Berry|[weaken]
|-damage|p2a: Salsa|80/100
|move|p2a: Salsa|Torch Song|p1a: Maushold
|-damage|p1a: Maushold|51/100
|-boost|p2a: Salsa|spa|1
|cant|p2b: Float|move: Taunt|Trick Room
|
|upkeep
|turn|2
|
|t:|1782226367
|switch|p2b: G4MER67|Sableye, L50, M|100/100
|move|p1a: Maushold|Protect|p1a: Maushold
|-singleturn|p1a: Maushold|Protect
|move|p2a: Salsa|Protect|p2a: Salsa
|-singleturn|p2a: Salsa|Protect
|move|p1b: Incineroar|Darkest Lariat|p2a: Salsa
|-activate|p2a: Salsa|move: Protect
|
|upkeep
|turn|3
|
|t:|1782226390
|move|p2b: G4MER67|Reflect|p2b: G4MER67
|-sidestart|p2: letcheflan|Reflect
|move|p1a: Maushold|Taunt|p2b: G4MER67
|-start|p2b: G4MER67|move: Taunt
|move|p1b: Incineroar|Darkest Lariat|p2a: Salsa
|-supereffective|p2a: Salsa|1
|-damage|p2a: Salsa|51/100
|move|p2a: Salsa|Torch Song|p1a: Maushold
|-damage|p1a: Maushold|0 fnt
|-boost|p2a: Salsa|spa|1
|faint|p1a: Maushold
|
|upkeep
|
|t:|1782226407
|switch|p1a: Sableye|Sableye, L50, F|100/100
|turn|4
|
|t:|1782226419
|switch|p2b: Float|Farigiraf, L50, F, shiny|100/100
|move|p1a: Sableye|Light Screen|p1a: Sableye
|-sidestart|p1: weeeggggggeeeee|move: Light Screen
|move|p1b: Incineroar|Darkest Lariat|p2a: Salsa
|-supereffective|p2a: Salsa|1
|-damage|p2a: Salsa|26/100
|move|p2a: Salsa|Alluring Voice|p1a: Sableye
|-supereffective|p1a: Sableye|1
|-damage|p1a: Sableye|33/100
|
|upkeep
|turn|5
|
|t:|1782226440
|move|p2a: Salsa|Protect|p2a: Salsa
|-singleturn|p2a: Salsa|Protect
|move|p1a: Sableye|Reflect|p1a: Sableye
|-sidestart|p1: weeeggggggeeeee|Reflect
|move|p1b: Incineroar|Darkest Lariat|p2b: Float
|-supereffective|p2b: Float|1
|-damage|p2b: Float|67/100
|move|p2b: Float|Trick Room|p2b: Float
|-fieldstart|move: Trick Room|[of] p2b: Float
|
|upkeep
|turn|6
|
|t:|1782226461
|move|p2b: Float|Helping Hand|p2a: Salsa
|-singleturn|p2a: Salsa|Helping Hand|[of] p2b: Float
|move|p1a: Sableye|Quash||[still]
|cant|p2b: Float|ability: Armor Tail|Quash|[of] p1a: Sableye
|move|p2a: Salsa|Alluring Voice|p1b: Incineroar
|-damage|p1b: Incineroar|65/100
|move|p1b: Incineroar|Darkest Lariat|p2a: Salsa
|-supereffective|p2a: Salsa|1
|-damage|p2a: Salsa|0 fnt
|faint|p2a: Salsa
|
|upkeep
|
|t:|1782226479
|switch|p2a: Swampert|Swampert, L50, M|100/100
|turn|7
|inactive|letcheflan has 30 seconds left.
|
|t:|1782226513
|switch|p1a: Metagross|Metagross, L50|100/100
|switch|p2b: G4MER67|Sableye, L50, M|100/100
|detailschange|p2a: Swampert|Swampert-Mega, L50, M
|-mega|p2a: Swampert|Swampert|Swampertite
|move|p1b: Incineroar|Parting Shot|p2a: Swampert
|-unboost|p2a: Swampert|atk|1
|-unboost|p2a: Swampert|spa|1
|
|t:|1782226523
|switch|p1b: Sableye|Sableye, L50, F|33/100|[from] Parting Shot
|move|p2a: Swampert|Wave Crash|p1b: Sableye
|-damage|p1b: Sableye|0 fnt
|faint|p1b: Sableye
|-damage|p2a: Swampert|90/100|[from] Recoil
|
|-sideend|p2: letcheflan|Reflect
|upkeep
|
|t:|1782226533
|switch|p1b: Incineroar|Incineroar, L50, M|65/100
|-ability|p1b: Incineroar|Intimidate|boost
|-unboost|p2a: Swampert|atk|1
|-unboost|p2b: G4MER67|atk|1
|turn|8
|
|t:|1782226541
|switch|p2a: Float|Farigiraf, L50, F, shiny|67/100
|detailschange|p1a: Metagross|Metagross-Mega, L50
|-mega|p1a: Metagross|Metagross|Metagrossite
|move|p1b: Incineroar|Fake Out||[still]
|cant|p2a: Float|ability: Armor Tail|Fake Out|[of] p1b: Incineroar
|move|p2b: G4MER67|Reflect|p2b: G4MER67
|-sidestart|p2: letcheflan|Reflect
|move|p1a: Metagross|Psychic Fangs|p2a: Float
|-sideend|p2: letcheflan|Reflect
|-resisted|p2a: Float|1
|-damage|p2a: Float|48/100
|-enditem|p2a: Float|Sitrus Berry|[eat]
|-heal|p2a: Float|72/100|[from] item: Sitrus Berry
|
|upkeep
|turn|9
|
|t:|1782226566
|move|p2a: Float|Protect|p2a: Float
|-singleturn|p2a: Float|Protect
|move|p2b: G4MER67|Rain Dance|p2b: G4MER67
|-weather|RainDance
|move|p1b: Incineroar|Darkest Lariat|p2a: Float
|-activate|p2a: Float|move: Protect
|move|p1a: Metagross|Iron Head|p2a: Float
|-activate|p2a: Float|move: Protect
|
|-weather|RainDance|[upkeep]
|-fieldend|move: Trick Room
|upkeep
|turn|10
|inactive|letcheflan has 30 seconds left.
|
|t:|1782226595
|move|p2b: G4MER67|Reflect|p2b: G4MER67
|-sidestart|p2: letcheflan|Reflect
|move|p1a: Metagross|Psychic Fangs|p2a: Float
|-sideend|p2: letcheflan|Reflect
|-resisted|p2a: Float|1
|-damage|p2a: Float|52/100
|move|p1b: Incineroar|Darkest Lariat|p2a: Float
|-supereffective|p2a: Float|1
|-damage|p2a: Float|1/100
|move|p2a: Float|Psychic Noise|p1a: Metagross
|-resisted|p1a: Metagross|2
|-damage|p1a: Metagross|95/100
|-start|p1a: Metagross|move: Heal Block
|
|-weather|RainDance|[upkeep]
|upkeep
|turn|11
|
|t:|1782226615
|move|p2b: G4MER67|Reflect|p2b: G4MER67
|-sidestart|p2: letcheflan|Reflect
|move|p1a: Metagross|Psychic Fangs|p2a: Float
|-sideend|p2: letcheflan|Reflect
|-resisted|p2a: Float|1
|-damage|p2a: Float|0 fnt
|faint|p2a: Float
|move|p1b: Incineroar|Darkest Lariat|p2b: G4MER67
|-damage|p2b: G4MER67|57/100
|
|-weather|RainDance|[upkeep]
|-end|p1a: Metagross|move: Heal Block
|-sideend|p1: weeeggggggeeeee|move: Light Screen
|upkeep
|
|t:|1782226628
|switch|p2a: Swampert|Swampert-Mega, L50, M|90/100
|turn|12
|
|t:|1782226636
|move|p2a: Swampert|Protect|p2a: Swampert
|-singleturn|p2a: Swampert|Protect
|move|p2b: G4MER67|Reflect|p2b: G4MER67
|-sidestart|p2: letcheflan|Reflect
|move|p1a: Metagross|Psychic Fangs|p2a: Swampert
|-activate|p2a: Swampert|move: Protect
|move|p1b: Incineroar|Parting Shot|p2a: Swampert
|-activate|p2a: Swampert|move: Protect
|
|-weather|RainDance|[upkeep]
|-sideend|p1: weeeggggggeeeee|Reflect
|upkeep
|turn|13
|
|t:|1782226656
|move|p1a: Metagross|Protect|p1a: Metagross
|-singleturn|p1a: Metagross|Protect
|move|p2b: G4MER67|Quash|p1a: Metagross
|-activate|p1a: Metagross|move: Protect
|move|p2a: Swampert|Wave Crash|p1b: Incineroar
|-supereffective|p1b: Incineroar|1
|-damage|p1b: Incineroar|0 fnt
|faint|p1b: Incineroar
|-damage|p2a: Swampert|65/100|[from] Recoil
|
|-weather|none
|upkeep
|turn|14
|
|t:|1782226672
|move|p2b: G4MER67|Rain Dance|p2b: G4MER67
|-weather|RainDance
|move|p2a: Swampert|High Horsepower|p1a: Metagross
|-supereffective|p1a: Metagross|1
|-damage|p1a: Metagross|5/100
|move|p1a: Metagross|Psychic Fangs|p2a: Swampert
|-sideend|p2: letcheflan|Reflect
|-damage|p2a: Swampert|16/100
|
|-weather|RainDance|[upkeep]
|upkeep
|turn|15
|
|t:|1782226686
|move|p1a: Metagross|Protect|p1a: Metagross
|-singleturn|p1a: Metagross|Protect
|move|p2b: G4MER67|Quash|p1a: Metagross
|-activate|p1a: Metagross|move: Protect
|move|p2a: Swampert|High Horsepower|p1a: Metagross
|-activate|p1a: Metagross|move: Protect
|
|-weather|RainDance|[upkeep]
|upkeep
|turn|16
|
|t:|1782226702
|move|p2b: G4MER67|Quash|p1a: Metagross
|-activate|p1a: Metagross|move: Quash
|move|p2a: Swampert|Knock Off|p1a: Metagross
|-supereffective|p1a: Metagross|1
|-damage|p1a: Metagross|0 fnt
|faint|p1a: Metagross
|
|win|letcheflan
||letcheflan is ready for game 2.
||weeeggggggeeeee is ready for game 2.
|uhtml|next|Next: Game 2 of 3
