|j|☆tang de maracuja
|j|☆ProGamer360FTW
|html|tang de maracujaProGamer360FTW    
|uhtml|bestof|Game 2 of a best-of-3
|t:|1784600063
|gametype|doubles
|player|p1|tang de maracuja|morty|1154
|player|p2|ProGamer360FTW|2|1068
|gen|9
|tier|[Gen 9 Champions] VGC 2026 Reg M-B (Bo3)
|rated|
|rule|Species Clause: Limit one of each Pokémon
|rule|Item Clause: Limit 1 of each item
|clearpoke
|poke|p1|Gengar, L50, M|
|poke|p1|Archaludon, L50, M|
|poke|p1|Politoed, L50, M|
|poke|p1|Swampert, L50, M|
|poke|p1|Vivillon, L50, F|
|poke|p1|Incineroar, L50, M|
|poke|p2|Farigiraf, L50, M|
|poke|p2|Incineroar, L50, M|
|poke|p2|Metagross, L50|
|poke|p2|Sinistcha, L50|
|poke|p2|Chesnaught, L50, M|
|poke|p2|Jolteon, L50, F|
|teampreview|4
|showteam|p1|Gengar||Gengarite|CursedBody|ShadowBall,SludgeBomb,PerishSong,Protect|Modest||M|||50|]Archaludon||Leftovers|Stamina|ElectroShot,DragonPulse,FlashCannon,Protect|Bold||M|||50|]Politoed||SitrusBerry|Drizzle|WeatherBall,Hypnosis,PerishSong,Protect|Calm||M|||50|]Swampert||Swampertite|Torrent|WaveCrash,Earthquake,IcePunch,Protect|Adamant||M|||50|]Vivillon||FocusSash|CompoundEyes|Hurricane,SleepPowder,RagePowder,Protect|Timid||F|||50|]Incineroar||PasshoBerry|Intimidate|ThroatChop,FakeOut,PartingShot,Protect|Impish||M|||50|
|showteam|p2|Farigiraf||ColburBerry|ArmorTail|TrickRoom,Psychic,Thunderbolt,HelpingHand|Serious||M|||50|]Incineroar||SitrusBerry|Intimidate|FlareBlitz,ThroatChop,PartingShot,FakeOut|Impish||M|||50|]Metagross||Metagrossite|ClearBody|IronHead,PsychicFangs,IcePunch,StompingTantrum|Jolly|||||50|]Sinistcha||OccaBerry|Hospitality|MatchaGotcha,LifeDew,RagePowder,Protect|Calm|||||50|]Chesnaught||Chesnaughtite|Bulletproof|IronDefense,BodyPress,SeedBomb,Synthesis|Impish||M|||50|]Jolteon||LifeOrb|VoltAbsorb|VoltSwitch,Thunderbolt,ShadowBall,Protect|Timid||F|||50|
|inactive|Battle timer is ON: inactive players will automatically lose when time's up. (requested by tang de maracuja)
|inactive|ProGamer360FTW has 60 seconds left.
|inactive|ProGamer360FTW has 30 seconds left.
|inactive|ProGamer360FTW has 20 seconds left.
|
|t:|1784600139
|teamsize|p1|4
|teamsize|p2|4
|start
|switch|p1a: Swampert|Swampert, L50, M|100/100
|switch|p1b: Vivillon|Vivillon, L50, F|100/100
|switch|p2a: Jolteon|Jolteon, L50, F|100/100
|switch|p2b: Incineroar|Incineroar, L50, M|100/100
|-ability|p2b: Incineroar|Intimidate|boost
|-unboost|p1a: Swampert|atk|1
|-unboost|p1b: Vivillon|atk|1
|turn|1
|inactive|tang de maracuja has 30 seconds left.
|
|t:|1784600167
|switch|p2b: Chesnaught|Chesnaught, L50, M|100/100
|detailschange|p1a: Swampert|Swampert-Mega, L50, M
|-mega|p1a: Swampert|Swampert|Swampertite
|move|p2a: Jolteon|Protect|p2a: Jolteon
|-singleturn|p2a: Jolteon|Protect
|move|p1b: Vivillon|Protect|p1b: Vivillon
|-singleturn|p1b: Vivillon|Protect
|move|p1a: Swampert|Protect||[still]
|-fail|p1a: Swampert
|
|upkeep
|turn|2
|
|t:|1784600185
|switch|p2b: Incineroar|Incineroar, L50, M|100/100
|-ability|p2b: Incineroar|Intimidate|boost
|-unboost|p1a: Swampert|atk|1
|-unboost|p1b: Vivillon|atk|1
|move|p2a: Jolteon|Volt Switch|p1b: Vivillon
|-supereffective|p1b: Vivillon|1
|-enditem|p1b: Vivillon|Focus Sash
|-damage|p1b: Vivillon|1/100
|-damage|p2a: Jolteon|90/100|[from] item: Life Orb
|
|t:|1784600194
|switch|p2a: Chesnaught|Chesnaught, L50, M|100/100|[from] Volt Switch
|move|p1b: Vivillon|Hurricane|p2b: Incineroar
|-damage|p2b: Incineroar|54/100
|move|p1a: Swampert|Earthquake|p2a: Chesnaught|[spread] p2a,p2b
|-immune|p1b: Vivillon
|-resisted|p2a: Chesnaught|1
|-supereffective|p2b: Incineroar|1
|-damage|p2a: Chesnaught|91/100
|-damage|p2b: Incineroar|12/100
|-enditem|p2b: Incineroar|Sitrus Berry|[eat]
|-heal|p2b: Incineroar|37/100|[from] item: Sitrus Berry
|
|upkeep
|turn|3
|inactive|tang de maracuja has 30 seconds left.
|inactive|ProGamer360FTW has 30 seconds left.
|inactive|tang de maracuja has 20 seconds left.
|
|t:|1784600231
|switch|p1a: Archaludon|Archaludon, L50, M|100/100
|detailschange|p2a: Chesnaught|Chesnaught-Mega, L50, M
|-mega|p2a: Chesnaught|Chesnaught|Chesnaughtite
|move|p1b: Vivillon|Protect|p1b: Vivillon
|-singleturn|p1b: Vivillon|Protect
|move|p2b: Incineroar|Fake Out|p1b: Vivillon
|-activate|p1b: Vivillon|move: Protect
|move|p2a: Chesnaught|Seed Bomb|p1a: Archaludon
|-resisted|p1a: Archaludon|2
|-damage|p1a: Archaludon|94/100
|-ability|p1a: Archaludon|Stamina|boost
|-boost|p1a: Archaludon|def|1
|
|-heal|p1a: Archaludon|100/100|[from] item: Leftovers
|upkeep
|turn|4
|inactive|ProGamer360FTW has 30 seconds left.
|
|t:|1784600265
|switch|p2a: Metagross|Metagross, L50|100/100
|move|p1b: Vivillon|Hurricane|p2a: Metagross
|-resisted|p2a: Metagross|1
|-damage|p2a: Metagross|73/100
|move|p1a: Archaludon|Dragon Pulse|p2b: Incineroar
|-damage|p2b: Incineroar|2/100
|move|p2b: Incineroar|Throat Chop|p1b: Vivillon
|-damage|p1b: Vivillon|0 fnt
|faint|p1b: Vivillon
|
|upkeep
|
|t:|1784600286
|switch|p1b: Politoed|Politoed, L50, M|100/100
|-weather|RainDance|[from] ability: Drizzle|[of] p1b: Politoed
|turn|5
|inactive|ProGamer360FTW has 30 seconds left.
|
|t:|1784600318
|switch|p1b: Swampert|Swampert-Mega, L50, M|100/100
|move|p2a: Metagross|Stomping Tantrum|p1a: Archaludon
|-supereffective|p1a: Archaludon|1
|-damage|p1a: Archaludon|75/100
|-ability|p1a: Archaludon|Stamina|boost
|-boost|p1a: Archaludon|def|1
|move|p1a: Archaludon|Electro Shot||[still]
|-prepare|p1a: Archaludon|Electro Shot
|-boost|p1a: Archaludon|spa|1
|-anim|p1a: Archaludon|Electro Shot|p2a: Metagross
|-damage|p2a: Metagross|9/100
|move|p2b: Incineroar|Throat Chop|p1b: Swampert
|-damage|p1b: Swampert|68/100
|-start|p1b: Swampert|Throat Chop|[silent]
|
|-weather|RainDance|[upkeep]
|-heal|p1a: Archaludon|81/100|[from] item: Leftovers
|upkeep
|turn|6
|inactive|tang de maracuja has 30 seconds left.
|
|t:|1784600350
|move|p1a: Archaludon|Protect|p1a: Archaludon
|-singleturn|p1a: Archaludon|Protect
|move|p1b: Swampert|Earthquake|p2b: Incineroar|[spread] p2a,p2b
|-activate|p1a: Archaludon|move: Protect
|-supereffective|p2a: Metagross|1
|-supereffective|p2b: Incineroar|1
|-damage|p2a: Metagross|0 fnt
|-damage|p2b: Incineroar|0 fnt
|faint|p2a: Metagross
|faint|p2b: Incineroar
|
|-weather|RainDance|[upkeep]
|-heal|p1a: Archaludon|87/100|[from] item: Leftovers
|-end|p1b: Swampert|Throat Chop|[silent]
|upkeep
|
|t:|1784600360
|switch|p2a: Jolteon|Jolteon, L50, F|90/100
|switch|p2b: Chesnaught|Chesnaught-Mega, L50, M|91/100
|turn|7
|inactive|tang de maracuja has 30 seconds left.
|inactive|tang de maracuja has 20 seconds left.
|
|t:|1784600400
|move|p1b: Swampert|Protect|p1b: Swampert
|-singleturn|p1b: Swampert|Protect
|move|p2a: Jolteon|Shadow Ball|p1a: Archaludon
|-damage|p1a: Archaludon|55/100
|-unboost|p1a: Archaludon|spd|1
|-ability|p1a: Archaludon|Stamina|boost
|-boost|p1a: Archaludon|def|1
|-damage|p2a: Jolteon|80/100|[from] item: Life Orb
|move|p1a: Archaludon|Dragon Pulse|p2b: Chesnaught
|-damage|p2b: Chesnaught|56/100
|move|p2b: Chesnaught|Iron Defense|p2b: Chesnaught
|-boost|p2b: Chesnaught|def|2
|
|-weather|RainDance|[upkeep]
|-heal|p1a: Archaludon|61/100|[from] item: Leftovers
|upkeep
|turn|8
|inactive|tang de maracuja has 30 seconds left.
|
|t:|1784600433
|move|p2a: Jolteon|Protect|p2a: Jolteon
|-singleturn|p2a: Jolteon|Protect
|move|p1b: Swampert|Ice Punch|p2b: Chesnaught
|-supereffective|p2b: Chesnaught|1
|-damage|p2b: Chesnaught|37/100
|-status|p2b: Chesnaught|frz
|move|p1a: Archaludon|Dragon Pulse|p2b: Chesnaught
|-damage|p2b: Chesnaught|1/100 frz
|cant|p2b: Chesnaught|frz
|
|-weather|RainDance|[upkeep]
|-heal|p1a: Archaludon|67/100|[from] item: Leftovers
|upkeep
|turn|9
|-message|ProGamer360FTW forfeited.
|
|win|tang de maracuja
