|j|â˜†PrinceVG
|j|â˜†SeanClubcardcoach
|html|PrinceVGSeanClubcardcoach    
|uhtml|bestof|Game 2 of a best-of-3
|t:|1754222139
|gametype|doubles
|player|p1|PrinceVG|2|1252
|player|p2|SeanClubcardcoach|265|1245
|gen|9
|tier|[Gen 9] VGC 2025 Reg H (Bo3)
|rated|
|rule|Species Clause: Limit one of each PokÃ©mon
|rule|Item Clause: Limit 1 of each item
|clearpoke
|poke|p1|Magmar, L50, M|
|poke|p1|Kingambit, L50, F|
|poke|p1|Rillaboom, L50, M|
|poke|p1|Primarina, L50, F|
|poke|p1|Dragapult, L50, F|
|poke|p1|Sneasler, L50, F|
|poke|p2|Indeedee-F, L50, F|
|poke|p2|Excadrill, L50, F|
|poke|p2|Sneasler, L50, M|
|poke|p2|Tyranitar, L50, M|
|poke|p2|Corviknight, L50, F|
|poke|p2|Armarouge, L50, F|
|teampreview|4
|showteam|p1|Magmar||Eviolite|VitalSpirit|Overheat,WillOWisp,FollowMe,Protect|||M|||50|,,,,,Ghost]Kingambit||BlackGlasses|Defiant|KowtowCleave,SuckerPunch,SwordsDance,Protect|||F|||50|,,,,,Ghost]Rillaboom||AssaultVest|GrassySurge|WoodHammer,GrassyGlide,HighHorsepower,FakeOut|||M|||50|,,,,,Fire]Primarina||SitrusBerry|LiquidVoice|HyperVoice,Moonblast,Haze,Protect|||F|||50|,,,,,Poison]Dragapult||ChoiceBand|ClearBody|DragonDarts,PhantomForce,TeraBlast,Uturn|||F|||50|,,,,,Ghost]Sneasler||FocusSash|PoisonTouch|CloseCombat,DireClaw,FakeOut,Protect|||F|||50|,,,,,Stellar
|showteam|p2|Indeedee-F||SafetyGoggles|PsychicSurge|Psychic,FollowMe,TrickRoom,HelpingHand|||F|||50|,,,,,Fairy]Excadrill||ClearAmulet|SandRush|Earthquake,HighHorsepower,IronHead,Protect|||F|||50|,,,,,Ghost]Sneasler||PsychicSeed|Unburden|DireClaw,CloseCombat,ThroatChop,Protect|||M|||50|,,,,,Dark]Tyranitar||AssaultVest|SandStream|RockSlide,TeraBlast,KnockOff,LowKick|||M|||50|,,,,,Flying]Corviknight||SitrusBerry|MirrorArmor|BraveBird,IronDefense,Roost,BodyPress|||F|||50|,,,,,Dragon]Armarouge||LifeOrb|FlashFire|TrickRoom,ArmorCannon,ExpandingForce,EnergyBall|||F|||50|,,,,,Grass
|inactive|Battle timer is ON: inactive players will automatically lose when time's up. (requested by SeanClubcardcoach)
|
|t:|1754222156
|teamsize|p1|4
|teamsize|p2|4
|start
|switch|p1a: Rillaboom|Rillaboom, L50, M|100/100
|switch|p1b: Primarina|Primarina, L50, F|100/100
|switch|p2a: Indeedee|Indeedee-F, L50, F|100/100
|switch|p2b: Sneasler|Sneasler, L50, M|100/100
|-fieldstart|move: Grassy Terrain|[from] ability: Grassy Surge|[of] p1a: Rillaboom
|-fieldstart|move: Psychic Terrain|[from] ability: Psychic Surge|[of] p2a: Indeedee
|-enditem|p2b: Sneasler|Psychic Seed
|-boost|p2b: Sneasler|spd|1|[from] item: Psychic Seed
|turn|1
|inactive|PrinceVG has 30 seconds left.
|inactive|PrinceVG has 20 seconds left.
|inactive|PrinceVG has 15 seconds left.
|inactive|PrinceVG has 10 seconds left.
|
|t:|1754222203
|switch|p2a: Tyranitar|Tyranitar, L50, M|100/100
|-weather|Sandstorm|[from] ability: Sand Stream|[of] p2a: Tyranitar
|move|p1b: Primarina|Protect|p1b: Primarina
|-singleturn|p1b: Primarina|Protect
|move|p2b: Sneasler|Dire Claw|p1b: Primarina
|-activate|p1b: Primarina|move: Protect
|move|p1a: Rillaboom|Wood Hammer|p2a: Tyranitar
|-supereffective|p2a: Tyranitar
|-damage|p2a: Tyranitar|1/100
|-damage|p1a: Rillaboom|69/100|[from] Recoil
|
|-weather|Sandstorm|[upkeep]
|-damage|p2b: Sneasler|95/100|[from] Sandstorm
|-damage|p1a: Rillaboom|63/100|[from] Sandstorm
|-damage|p1b: Primarina|95/100|[from] Sandstorm
|upkeep
|turn|2
|inactive|PrinceVG has 30 seconds left.
|inactive|SeanClubcardcoach has 30 seconds left.
|inactive|SeanClubcardcoach has 20 seconds left.
|
|t:|1754222239
|switch|p1a: Kingambit|Kingambit, L50, F|100/100
|-terastallize|p1b: Primarina|Poison
|move|p2b: Sneasler|Dire Claw|p1b: Primarina
|-resisted|p1b: Primarina
|-damage|p1b: Primarina|65/100
|move|p2a: Tyranitar|Low Kick|p1a: Kingambit
|-supereffective|p1a: Kingambit
|-damage|p1a: Kingambit|0 fnt
|faint|p1a: Kingambit
|move|p1b: Primarina|Hyper Voice|p2a: Tyranitar|[spread] p2a,p2b
|-supereffective|p2a: Tyranitar
|-damage|p2a: Tyranitar|0 fnt
|-damage|p2b: Sneasler|64/100
|faint|p2a: Tyranitar
|
|-weather|Sandstorm|[upkeep]
|-damage|p2b: Sneasler|58/100|[from] Sandstorm
|-damage|p1b: Primarina|59/100|[from] Sandstorm
|upkeep
|
|t:|1754222252
|switch|p2a: Excadrill|Excadrill, L50, F|100/100
|switch|p1a: Sneasler|Sneasler, L50, F|100/100
|turn|3
|
|t:|1754222269
|switch|p1a: Rillaboom|Rillaboom, L50, M|63/100
|-fieldstart|move: Grassy Terrain|[from] ability: Grassy Surge|[of] p1a: Rillaboom
|-terastallize|p2a: Excadrill|Ghost
|move|p2b: Sneasler|Protect|p2b: Sneasler
|-singleturn|p2b: Sneasler|Protect
|move|p1b: Primarina|Protect|p1b: Primarina
|-singleturn|p1b: Primarina|Protect
|move|p2a: Excadrill|Earthquake|p1b: Primarina|[spread] p1a
|-activate|p2b: Sneasler|move: Protect
|-activate|p1b: Primarina|move: Protect
|-resisted|p1a: Rillaboom
|-damage|p1a: Rillaboom|54/100
|
|-weather|Sandstorm|[upkeep]
|-damage|p2b: Sneasler|52/100|[from] Sandstorm
|-damage|p1a: Rillaboom|48/100|[from] Sandstorm
|-damage|p1b: Primarina|53/100|[from] Sandstorm
|-heal|p2b: Sneasler|58/100|[from] Grassy Terrain
|-heal|p1a: Rillaboom|54/100|[from] Grassy Terrain
|-heal|p1b: Primarina|59/100|[from] Grassy Terrain
|upkeep
|turn|4
|inactive|PrinceVG has 30 seconds left.
|inactive|PrinceVG has 20 seconds left.
|
|t:|1754222305
|switch|p2a: Indeedee|Indeedee-F, L50, F|100/100
|-fieldstart|move: Psychic Terrain|[from] ability: Psychic Surge|[of] p2a: Indeedee
|move|p1a: Rillaboom|Fake Out|p2b: Sneasler
|-activate|p2b: Sneasler|move: Psychic Terrain
|move|p2b: Sneasler|Dire Claw|p1a: Rillaboom
|-supereffective|p1a: Rillaboom
|-damage|p1a: Rillaboom|0 fnt
|faint|p1a: Rillaboom
|move|p1b: Primarina|Hyper Voice|p2a: Indeedee|[spread] p2a,p2b
|-damage|p2a: Indeedee|66/100
|-damage|p2b: Sneasler|22/100
|
|-weather|Sandstorm|[upkeep]
|-damage|p2b: Sneasler|17/100|[from] Sandstorm
|-damage|p1b: Primarina|53/100|[from] Sandstorm
|upkeep
|
|t:|1754222312
|switch|p1a: Sneasler|Sneasler, L50, F|100/100
|turn|5
|inactive|SeanClubcardcoach has 30 seconds left.
|
|t:|1754222339
|move|p2b: Sneasler|Close Combat|p1a: Sneasler
|-resisted|p1a: Sneasler
|-damage|p1a: Sneasler|39/100
|-unboost|p2b: Sneasler|def|1
|-unboost|p2b: Sneasler|spd|1
|move|p1a: Sneasler|Close Combat|p2a: Indeedee
|-damage|p2a: Indeedee|8/100
|-unboost|p1a: Sneasler|def|1
|-unboost|p1a: Sneasler|spd|1
|move|p1b: Primarina|Hyper Voice|p2b: Sneasler|[spread] p2a,p2b
|-damage|p2a: Indeedee|0 fnt
|-damage|p2b: Sneasler|0 fnt
|faint|p2a: Indeedee
|faint|p2b: Sneasler
|
|-weather|none
|upkeep
|
|t:|1754222350
|switch|p2b: Excadrill|Excadrill, L50, F, tera:Ghost|100/100
|turn|6
|
|t:|1754222355
|move|p1a: Sneasler|Dire Claw|p2b: Excadrill
|-resisted|p2b: Excadrill
|-damage|p2b: Excadrill|68/100
|-status|p2b: Excadrill|slp
|cant|p2b: Excadrill|slp
|move|p1b: Primarina|Hyper Voice|p2b: Excadrill
|-damage|p2b: Excadrill|0 fnt
|faint|p2b: Excadrill
|
|win|PrinceVG
|raw|PrinceVG's rating: 1252 → 1276(+24 for winning)
|raw|SeanClubcardcoach's rating: 1245 → 1221(-24 for losing)
|l|â˜†PrinceVG
|player|p1|
