|j|☆takedownmy
|j|☆Kahizar
|html|takedownmyKahizar    
|uhtml|bestof|Game 1 of a best-of-3
|t:|1756430137
|gametype|doubles
|player|p1|takedownmy|102|1127
|player|p2|Kahizar|265|1120
|gen|9
|tier|[Gen 9] VGC 2025 Reg H (Bo3)
|rated|
|rule|Species Clause: Limit one of each Pokémon
|rule|Item Clause: Limit 1 of each item
|clearpoke
|poke|p1|Glalie, L50, F|
|poke|p1|Incineroar, L50, M|
|poke|p1|Rillaboom, L50, M|
|poke|p1|Ninetales-Alola, L50, F|
|poke|p1|Gholdengo, L50|
|poke|p1|Sneasler, L50, M|
|poke|p2|Sylveon, L50, M|
|poke|p2|Arcanine-Hisui, L50, F|
|poke|p2|Rillaboom, L50, F|
|poke|p2|Sneasler, L50, M|
|poke|p2|Gholdengo, L50|
|poke|p2|Murkrow, L50, M|
|teampreview|4
|showteam|p1|Glalie||Leftovers|Moody|IceBeam,TeraBlast,Substitute,Protect|||F|||50|,,,,,Electric]Incineroar||SafetyGoggles|Intimidate|FlareBlitz,KnockOff,PartingShot,FakeOut|||M|||50|,,,,,Ghost]Rillaboom||AssaultVest|GrassySurge|FakeOut,GrassyGlide,DrumBeating,HighHorsepower|||M|||50|,,,,,Fire]Ninetales-Alola||FocusSash|SnowWarning|Blizzard,IcyWind,Encore,AuroraVeil|||F|||50|,,,,,Ghost]Gholdengo||GrassySeed|GoodasGold|NastyPlot,MakeItRain,ShadowBall,Protect||||||50|,,,,,Water]Sneasler||WhiteHerb|Unburden|CloseCombat,DireClaw,ThroatChop,Protect|||M|||50|,,,,,Dark
|showteam|p2|Sylveon||ThroatSpray|Pixilate|HyperVoice,Protect,TeraBlast,CalmMind|||M|||50|,,,,,Ground]Arcanine-Hisui||LifeOrb|Intimidate|RockSlide,FlareBlitz,Protect,ExtremeSpeed|||F|||50|,,,,,Grass]Rillaboom||AssaultVest|GrassySurge|FakeOut,WoodHammer,HighHorsepower,Uturn|||F|||50|,,,,,Grass]Sneasler||GrassySeed|Unburden|DireClaw,CloseCombat,ThroatChop,FakeOut|||M|||50|,,,,,Dark]Gholdengo||ChoiceSpecs|GoodasGold|MakeItRain,ShadowBall,DazzlingGleam,TeraBlast||||||50|,,,,,Water]Murkrow||Eviolite|Prankster|Taunt,Tailwind,Haze,FoulPlay|||M|||50|,,,,,Dark
|inactive|Battle timer is ON: inactive players will automatically lose when time's up. (requested by takedownmy)
|inactive|takedownmy has 60 seconds left.
|inactive|Kahizar has 60 seconds left.
|inactive|takedownmy has 30 seconds left.
|inactive|takedownmy has 20 seconds left.
|inactive|takedownmy has 15 seconds left.
|
|t:|1756430215
|teamsize|p1|4
|teamsize|p2|4
|start
|switch|p1a: Gholdengo|Gholdengo, L50|100/100
|switch|p1b: Sneasler|Sneasler, L50, M|100/100
|switch|p2a: Murkrow|Murkrow, L50, M|100/100
|switch|p2b: Sylveon|Sylveon, L50, M|100/100
|turn|1
|
|t:|1756430238
|switch|p1a: Rillaboom|Rillaboom, L50, M|100/100
|-fieldstart|move: Grassy Terrain|[from] ability: Grassy Surge|[of] p1a: Rillaboom
|-terastallize|p2b: Sylveon|Ground
|move|p1b: Sneasler|Protect|p1b: Sneasler
|-singleturn|p1b: Sneasler|Protect
|move|p2a: Murkrow|Tailwind|p2a: Murkrow
|-sidestart|p2: Kahizar|move: Tailwind
|move|p2b: Sylveon|Tera Blast|p1a: Rillaboom|[anim] Tera Blast Ground
|-resisted|p1a: Rillaboom
|-damage|p1a: Rillaboom|83/100
|
|-heal|p1a: Rillaboom|89/100|[from] Grassy Terrain
|upkeep
|turn|2
|inactive|takedownmy has 30 seconds left.
|
|t:|1756430265
|move|p1a: Rillaboom|Fake Out|p2b: Sylveon
|-damage|p2b: Sylveon|85/100
|move|p2a: Murkrow|Foul Play|p1b: Sneasler
|-resisted|p1b: Sneasler
|-crit|p1b: Sneasler
|-damage|p1b: Sneasler|50/100
|move|p1b: Sneasler|Close Combat|p2a: Murkrow
|-damage|p2a: Murkrow|23/100
|-unboost|p1b: Sneasler|def|1
|-unboost|p1b: Sneasler|spd|1
|-enditem|p1b: Sneasler|White Herb
|-clearnegativeboost|p1b: Sneasler|[silent]
|cant|p2b: Sylveon|flinch
|
|-heal|p1b: Sneasler|56/100|[from] Grassy Terrain
|-heal|p2b: Sylveon|91/100|[from] Grassy Terrain
|-heal|p1a: Rillaboom|95/100|[from] Grassy Terrain
|upkeep
|turn|3
|inactive|takedownmy has 30 seconds left.
|
|t:|1756430298
|move|p1b: Sneasler|Protect|p1b: Sneasler
|-singleturn|p1b: Sneasler|Protect
|move|p2a: Murkrow|Foul Play|p1a: Rillaboom
|-damage|p1a: Rillaboom|48/100
|move|p2b: Sylveon|Hyper Voice|p1a: Rillaboom|[spread] p1a
|-activate|p1b: Sneasler|move: Protect
|-damage|p1a: Rillaboom|13/100
|-enditem|p2b: Sylveon|Throat Spray
|-boost|p2b: Sylveon|spa|1|[from] item: Throat Spray
|move|p1a: Rillaboom|Drum Beating|p2b: Sylveon
|-supereffective|p2b: Sylveon
|-damage|p2b: Sylveon|0 fnt
|faint|p2b: Sylveon
|
|-heal|p1b: Sneasler|62/100|[from] Grassy Terrain
|-heal|p1a: Rillaboom|18/100|[from] Grassy Terrain
|upkeep
|
|t:|1756430318
|switch|p2b: Gholdengo|Gholdengo, L50|100/100
|turn|4
|
|t:|1756430338
|switch|p1a: Incineroar|Incineroar, L50, M|100/100
|-ability|p1a: Incineroar|Intimidate|boost
|-unboost|p2a: Murkrow|atk|1
|-unboost|p2b: Gholdengo|atk|1
|move|p1b: Sneasler|Close Combat|p2a: Murkrow
|-damage|p2a: Murkrow|0 fnt
|-unboost|p1b: Sneasler|def|1
|-unboost|p1b: Sneasler|spd|1
|faint|p2a: Murkrow
|move|p2b: Gholdengo|Make It Rain|p1a: Incineroar|[spread] p1a,p1b
|-resisted|p1a: Incineroar
|-damage|p1a: Incineroar|75/100
|-damage|p1b: Sneasler|0 fnt
|-unboost|p2b: Gholdengo|spa|1
|faint|p1b: Sneasler
|
|-heal|p1a: Incineroar|81/100|[from] Grassy Terrain
|-sideend|p2: Kahizar|move: Tailwind
|upkeep
|
|t:|1756430361
|switch|p1b: Gholdengo|Gholdengo, L50|100/100
|switch|p2a: Sneasler|Sneasler, L50, M|100/100
|-enditem|p2a: Sneasler|Grassy Seed
|-boost|p2a: Sneasler|def|1|[from] item: Grassy Seed
|-enditem|p1b: Gholdengo|Grassy Seed
|-boost|p1b: Gholdengo|def|1|[from] item: Grassy Seed
|turn|5
|inactive|takedownmy has 30 seconds left.
|inactive|takedownmy has 20 seconds left.
|
|t:|1756430400
|move|p1a: Incineroar|Fake Out|p2a: Sneasler
|-damage|p2a: Sneasler|90/100
|cant|p2a: Sneasler|flinch
|move|p2b: Gholdengo|Make It Rain|p1b: Gholdengo|[spread] p1a,p1b
|-resisted|p1a: Incineroar
|-resisted|p1b: Gholdengo
|-damage|p1a: Incineroar|62/100
|-damage|p1b: Gholdengo|77/100
|-unboost|p2b: Gholdengo|spa|1
|move|p1b: Gholdengo|Nasty Plot|p1b: Gholdengo
|-boost|p1b: Gholdengo|spa|2
|
|-heal|p2a: Sneasler|96/100|[from] Grassy Terrain
|-heal|p1b: Gholdengo|83/100|[from] Grassy Terrain
|-heal|p1a: Incineroar|69/100|[from] Grassy Terrain
|-fieldend|move: Grassy Terrain
|upkeep
|turn|6
|
|t:|1756430418
|switch|p1a: Rillaboom|Rillaboom, L50, M|18/100
|-fieldstart|move: Grassy Terrain|[from] ability: Grassy Surge|[of] p1a: Rillaboom
|move|p1b: Gholdengo|Protect|p1b: Gholdengo
|-singleturn|p1b: Gholdengo|Protect
|move|p2a: Sneasler|Throat Chop|p1b: Gholdengo
|-activate|p1b: Gholdengo|move: Protect
|move|p2b: Gholdengo|Make It Rain|p1b: Gholdengo|[spread] p1a
|-activate|p1b: Gholdengo|move: Protect
|-damage|p1a: Rillaboom|0 fnt
|-unboost|p2b: Gholdengo|spa|1
|faint|p1a: Rillaboom
|
|-heal|p2a: Sneasler|100/100|[from] Grassy Terrain
|-heal|p1b: Gholdengo|90/100|[from] Grassy Terrain
|upkeep
|
|t:|1756430434
|switch|p1a: Incineroar|Incineroar, L50, M|69/100
|-ability|p1a: Incineroar|Intimidate|boost
|-unboost|p2a: Sneasler|atk|1
|-unboost|p2b: Gholdengo|atk|1
|turn|7
|
|t:|1756430446
|move|p1a: Incineroar|Fake Out|p2a: Sneasler
|-damage|p2a: Sneasler|89/100
|cant|p2a: Sneasler|flinch
|move|p2b: Gholdengo|Make It Rain|p1b: Gholdengo|[spread] p1a,p1b
|-resisted|p1a: Incineroar
|-resisted|p1b: Gholdengo
|-damage|p1a: Incineroar|59/100
|-damage|p1b: Gholdengo|77/100
|-unboost|p2b: Gholdengo|spa|1
|move|p1b: Gholdengo|Make It Rain|p2a: Sneasler|[spread] p2a,p2b
|-resisted|p2b: Gholdengo
|-damage|p2a: Sneasler|0 fnt
|-damage|p2b: Gholdengo|54/100
|-unboost|p1b: Gholdengo|spa|1
|faint|p2a: Sneasler
|
|-heal|p2b: Gholdengo|60/100|[from] Grassy Terrain
|-heal|p1b: Gholdengo|83/100|[from] Grassy Terrain
|-heal|p1a: Incineroar|65/100|[from] Grassy Terrain
|upkeep
|turn|8
|-message|Kahizar forfeited.
|
|win|takedownmy
|l|☆Kahizar
|player|p2|
||takedownmy is ready for game 2.
||Kahizar is ready for game 2.
|uhtml|next|Next: Game 2 of 3
