|j|☆mikelpoyarzabal
|j|☆parmesanlugubre206
|html|mikelpoyarzabalparmesanlugubre206    
|uhtml|bestof|Game 1 of a best-of-3
|t:|1783881640
|gametype|doubles
|player|p1|mikelpoyarzabal|arven-s|1341
|player|p2|parmesanlugubre206|ethan|1306
|gen|9
|tier|[Gen 9 Champions] VGC 2026 Reg M-B (Bo3)
|rated|
|rule|Species Clause: Limit one of each Pokémon
|rule|Item Clause: Limit 1 of each item
|clearpoke
|poke|p1|Incineroar, L50, F|
|poke|p1|Sinistcha, L50|
|poke|p1|Sneasler, L50, F|
|poke|p1|Blastoise, L50, F|
|poke|p1|Delphox, L50, M|
|poke|p1|Kingambit, L50, F|
|poke|p2|Alakazam, L50, F|
|poke|p2|Meowstic, L50, M|
|poke|p2|Staraptor, L50, M|
|poke|p2|Sneasler, L50, F, shiny|
|poke|p2|Dragonite, L50, F|
|poke|p2|Aegislash, L50, M|
|teampreview|4
|showteam|p1|Incineroar||SitrusBerry|Intimidate|FakeOut,FlareBlitz,DarkestLariat,PartingShot|Impish||F|||50|]Sinistcha||OccaBerry|Hospitality|MatchaGotcha,TrickRoom,RagePowder,Protect|Bold|||||50|]Sneasler||FocusSash|PoisonTouch|FakeOut,CloseCombat,PoisonJab,RockTomb|Jolly||F|||50|]Blastoise||Blastoisinite|Torrent|WaterSpout,DarkPulse,ShellSmash,Protect|Modest||F|||50|]Delphox||Delphoxite|Blaze|HeatWave,Psychic,NastyPlot,Protect|Timid||M|||50|]Kingambit||LifeOrb|Defiant|SwordsDance,Protect,KowtowCleave,SuckerPunch|Adamant||F|||50|
|showteam|p2|Alakazam||Alakazite|InnerFocus|ExpandingForce,ShadowBall,Protect,Encore|Timid||F|||50|]Meowstic||FocusSash|Prankster|Psyshock,PsychicTerrain,Charm,ThunderWave|Modest||M|||50|]Staraptor||Staraptite|Intimidate|CloseCombat,BraveBird,Roost,Protect|Jolly||M|||50|]Sneasler||WhiteHerb|Unburden|CloseCombat,DireClaw,FakeOut,RockSlide|Jolly||F|||50|]Dragonite||LifeOrb|InnerFocus|DragonClaw,LowKick,Tailwind,Protect|Adamant||F|||50|]Aegislash||Leftovers|StanceChange|Poltergeist,IronHead,ShadowSneak,KingsShield|Adamant||M|||50|
|inactive|Battle timer is ON: inactive players will automatically lose when time's up. (requested by parmesanlugubre206)
|inactive|mikelpoyarzabal also wants the timer to be on.
|inactive|mikelpoyarzabal has 60 seconds left.
|inactive|parmesanlugubre206 has 60 seconds left.
|
|t:|1783881697
|teamsize|p1|4
|teamsize|p2|4
|start
|switch|p1a: Kingambit|Kingambit, L50, F|100/100
|switch|p1b: Sneasler|Sneasler, L50, F|100/100
|switch|p2a: Meowstic|Meowstic, L50, M|100/100
|switch|p2b: Sneasler|Sneasler, L50, F, shiny|100/100
|turn|1
|
|t:|1783881717
|move|p2b: Sneasler|Fake Out|p1a: Kingambit
|-resisted|p1a: Kingambit|1
|-damage|p1a: Kingambit|93/100
|move|p1b: Sneasler|Fake Out|p2b: Sneasler
|-damage|p2b: Sneasler|77/100
|move|p2a: Meowstic|Charm|p1b: Sneasler
|-unboost|p1b: Sneasler|atk|2
|cant|p1a: Kingambit|flinch
|
|upkeep
|turn|2
|
|t:|1783881729
|switch|p1a: Delphox|Delphox, L50, M|100/100
|move|p1b: Sneasler|Poison Jab|p2a: Meowstic
|-damage|p2a: Meowstic|69/100
|-status|p2a: Meowstic|psn
|move|p2b: Sneasler|Close Combat|p1a: Delphox
|-resisted|p1a: Delphox|1
|-damage|p1a: Delphox|63/100
|-unboost|p2b: Sneasler|def|1
|-unboost|p2b: Sneasler|spd|1
|-enditem|p2b: Sneasler|White Herb
|-clearnegativeboost|p2b: Sneasler|[silent]
|move|p2a: Meowstic|Psyshock|p1b: Sneasler
|-supereffective|p1b: Sneasler|2
|-enditem|p1b: Sneasler|Focus Sash
|-damage|p1b: Sneasler|1/100
|
|-damage|p2a: Meowstic|57/100 psn|[from] psn
|upkeep
|turn|3
|
|t:|1783881739
|switch|p1b: Sinistcha|Sinistcha, L50|100/100
|-heal|p1a: Delphox|88/100|[from] ability: Hospitality|[of] p1b: Sinistcha
|move|p1a: Delphox|Protect|p1a: Delphox
|-singleturn|p1a: Delphox|Protect
|move|p2a: Meowstic|Thunder Wave|p1a: Delphox
|-activate|p1a: Delphox|move: Protect
|move|p2b: Sneasler|Rock Slide|p1b: Sinistcha|[spread] p1b
|-activate|p1a: Delphox|move: Protect
|-damage|p1b: Sinistcha|82/100
|
|-damage|p2a: Meowstic|45/100 psn|[from] psn
|upkeep
|turn|4
|
|t:|1783881750
|detailschange|p1a: Delphox|Delphox-Mega, L50, M
|-mega|p1a: Delphox|Delphox|Delphoxite
|move|p1b: Sinistcha|Rage Powder|p1b: Sinistcha
|-singleturn|p1b: Sinistcha|move: Rage Powder
|move|p2a: Meowstic|Psychic Terrain|p2a: Meowstic
|-fieldstart|move: Psychic Terrain
|move|p2b: Sneasler|Rock Slide|p1b: Sinistcha|[spread] p1a,p1b
|-supereffective|p1a: Delphox|1
|-damage|p1a: Delphox|44/100
|-damage|p1b: Sinistcha|66/100
|move|p1a: Delphox|Psychic|p2b: Sneasler
|-supereffective|p2b: Sneasler|2
|-damage|p2b: Sneasler|0 fnt
|faint|p2b: Sneasler
|
|-damage|p2a: Meowstic|33/100 psn|[from] psn
|upkeep
|
|t:|1783881757
|switch|p2b: Alakazam|Alakazam, L50, F|100/100
|turn|5
|
|t:|1783881770
|switch|p2a: Dragonite|Dragonite, L50, F|100/100
|switch|p1b: Sneasler|Sneasler, L50, F|1/100
|detailschange|p2b: Alakazam|Alakazam-Mega, L50, F
|-mega|p2b: Alakazam|Alakazam|Alakazite
|-ability|p2b: Alakazam|Poison Touch|Trace|[from] ability: Trace|[of] p1b: Sneasler
|move|p1a: Delphox|Protect|p1a: Delphox
|-singleturn|p1a: Delphox|Protect
|move|p2b: Alakazam|Expanding Force|p1b: Sneasler|[spread] p1b
|-activate|p1a: Delphox|move: Protect
|-supereffective|p1b: Sneasler|2
|-damage|p1b: Sneasler|0 fnt
|faint|p1b: Sneasler
|
|upkeep
|
|t:|1783881777
|switch|p1b: Kingambit|Kingambit, L50, F|93/100
|turn|6
|
|t:|1783881787
|switch|p1a: Sinistcha|Sinistcha, L50|66/100
|-heal|p1b: Kingambit|100/100|[from] ability: Hospitality|[of] p1a: Sinistcha
|move|p1b: Kingambit|Protect|p1b: Kingambit
|-singleturn|p1b: Kingambit|Protect
|move|p2b: Alakazam|Shadow Ball|p1a: Sinistcha
|-supereffective|p1a: Sinistcha|1
|-damage|p1a: Sinistcha|0 fnt
|faint|p1a: Sinistcha
|move|p2a: Dragonite|Low Kick|p1b: Kingambit
|-activate|p1b: Kingambit|move: Protect
|
|upkeep
|
|t:|1783881790
|switch|p1a: Delphox|Delphox-Mega, L50, M|44/100
|turn|7
|
|t:|1783881795
|move|p2b: Alakazam|Shadow Ball|p1a: Delphox
|-supereffective|p1a: Delphox|1
|-damage|p1a: Delphox|0 fnt
|faint|p1a: Delphox
|move|p2a: Dragonite|Low Kick|p1b: Kingambit
|-supereffective|p1b: Kingambit|2
|-damage|p1b: Kingambit|0 fnt
|faint|p1b: Kingambit
|-damage|p2a: Dragonite|90/100|[from] item: Life Orb
|
|win|parmesanlugubre206
