|j|☆maxpro777
|j|☆Mojanf
|html|maxpro777Mojanf    
|uhtml|bestof|Game 2 of a best-of-3
|t:|1782190705
|gametype|doubles
|player|p1|maxpro777|cheren-gen5bw2|1062
|player|p2|Mojanf|2|1000
|gen|9
|tier|[Gen 9 Champions] VGC 2026 Reg M-B (Bo3)
|rated|
|rule|Species Clause: Limit one of each Pokémon
|rule|Item Clause: Limit 1 of each item
|clearpoke
|poke|p1|Swampert, L50, M|
|poke|p1|Pelipper, L50, M|
|poke|p1|Blaziken, L50, M|
|poke|p1|Archaludon, L50, M|
|poke|p1|Palafin, L50, M, shiny|
|poke|p1|Staraptor, L50, M|
|poke|p2|Delphox, L50, F|
|poke|p2|Sneasler, L50, F|
|poke|p2|Kingambit, L50, F|
|poke|p2|Whimsicott, L50, F|
|poke|p2|Tsareena, L50, F|
|poke|p2|Basculegion, L50, M|
|teampreview|4
|showteam|p1|Swampert||Swampertite|Torrent|Earthquake,Liquidation,IcePunch,RockSlide|Adamant||M|||50|]Pelipper||SitrusBerry|Drizzle|Protect,KnockOff,Tailwind,Hurricane|Relaxed||M|||50|]Blaziken||FocusSash|SpeedBoost|SwordsDance,CloseCombat,Protect,BlazeKick|Adamant||M|||50|]Archaludon||Leftovers|Stamina|AuraSphere,ElectroShot,FlashCannon,DragonPulse|Timid||M|||50|]Palafin||LifeOrb|ZerotoHero|FlipTurn,IcePunch,CloseCombat,Waterfall|Jolly||M|||50|]Staraptor||ChoiceScarf|Reckless|BraveBird,CloseCombat,DoubleEdge,Uturn|Jolly||M|||50|
|showteam|p2|Delphox||Delphoxite|Magician|HeatWave,Psychic,NastyPlot,Protect|Timid||F|||50|]Sneasler||WhiteHerb|Unburden|FakeOut,DireClaw,CloseCombat,Protect|Adamant||F|||50|]Kingambit||BlackGlasses|Defiant|KowtowCleave,SuckerPunch,IronHead,Protect|Adamant||F|||50|]Whimsicott||FocusSash|Prankster|Tailwind,Encore,Moonblast,Protect|Bold||F|||50|]Tsareena||SitrusBerry|QueenlyMajesty|TripleAxel,LowKick,TropKick,Protect|Adamant||F|||50|]Basculegion||ChoiceScarf|Adaptability|LastRespects,WaveCrash,FlipTurn,AquaJet|Jolly||M|||50|
|inactive|Battle timer is ON: inactive players will automatically lose when time's up. (requested by Mojanf)
|inactive|maxpro777 also wants the timer to be on.
|inactive|Mojanf has 60 seconds left.
|
|t:|1782190738
|teamsize|p1|4
|teamsize|p2|4
|start
|switch|p1a: Palafin|Palafin, L50, M, shiny|100/100
|switch|p1b: Pelipper|Pelipper, L50, M|100/100
|switch|p2a: Delphox|Delphox, L50, F|100/100
|switch|p2b: Whimsicott|Whimsicott, L50, F|100/100
|-weather|RainDance|[from] ability: Drizzle|[of] p1b: Pelipper
|turn|1
|
|t:|1782190760
|detailschange|p2a: Delphox|Delphox-Mega, L50, F
|-mega|p2a: Delphox|Delphox|Delphoxite
|move|p2a: Delphox|Psychic|p1a: Palafin
|-damage|p1a: Palafin|22/100
|move|p1a: Palafin|Flip Turn|p2a: Delphox
|-supereffective|p2a: Delphox|1
|-damage|p2a: Delphox|0 fnt
|faint|p2a: Delphox
|-damage|p1a: Palafin|12/100|[from] item: Life Orb
|
|t:|1782190769
|detailschange|p1a: Palafin|Palafin-Hero, L50, M, shiny
|switch|p1a: Archaludon|Archaludon, L50, M|100/100|[from] Flip Turn
|move|p2b: Whimsicott|Moonblast|p1a: Archaludon
|-damage|p1a: Archaludon|56/100
|-ability|p1a: Archaludon|Stamina|boost
|-boost|p1a: Archaludon|def|1
|move|p1b: Pelipper|Tailwind|p1b: Pelipper
|-sidestart|p1: maxpro777|move: Tailwind
|
|-weather|RainDance|[upkeep]
|-heal|p1a: Archaludon|62/100|[from] item: Leftovers
|upkeep
|
|t:|1782190778
|switch|p2a: Sneasler|Sneasler, L50, F|100/100
|turn|2
|
|t:|1782190791
|move|p2b: Whimsicott|Encore|p1b: Pelipper
|-start|p1b: Pelipper|Encore
|move|p1a: Archaludon|Flash Cannon|p2b: Whimsicott
|-supereffective|p2b: Whimsicott|1
|-enditem|p2b: Whimsicott|Focus Sash
|-damage|p2b: Whimsicott|1/100
|move|p2a: Sneasler|Close Combat|p1a: Archaludon
|-supereffective|p1a: Archaludon|1
|-damage|p1a: Archaludon|0 fnt
|-unboost|p2a: Sneasler|def|1
|-unboost|p2a: Sneasler|spd|1
|faint|p1a: Archaludon
|-enditem|p2a: Sneasler|White Herb
|-clearnegativeboost|p2a: Sneasler|[silent]
|move|p1b: Pelipper|Tailwind||[still]
|-fail|p1b: Pelipper
|
|-weather|RainDance|[upkeep]
|upkeep
|
|t:|1782190803
|switch|p1a: Swampert|Swampert, L50, M|100/100
|turn|3
|
|t:|1782190821
|switch|p1b: Palafin|Palafin-Hero, L50, M, shiny|12/100
|-activate|p1b: Palafin|ability: Zero to Hero
|detailschange|p1a: Swampert|Swampert-Mega, L50, M
|-mega|p1a: Swampert|Swampert|Swampertite
|move|p2b: Whimsicott|Tailwind|p2b: Whimsicott
|-sidestart|p2: Mojanf|move: Tailwind
|move|p2a: Sneasler|Close Combat|p1a: Swampert
|-damage|p1a: Swampert|36/100
|-unboost|p2a: Sneasler|def|1
|-unboost|p2a: Sneasler|spd|1
|move|p1a: Swampert|Earthquake|p2a: Sneasler|[spread] p1b,p2a,p2b
|-supereffective|p2a: Sneasler|1
|-resisted|p2b: Whimsicott|1
|-damage|p1b: Palafin|0 fnt
|-damage|p2a: Sneasler|0 fnt
|-damage|p2b: Whimsicott|0 fnt
|faint|p1b: Palafin
|faint|p2a: Sneasler
|faint|p2b: Whimsicott
|
|-weather|RainDance|[upkeep]
|upkeep
|
|t:|1782190836
|switch|p1b: Pelipper|Pelipper, L50, M|100/100
|switch|p2b: Basculegion|Basculegion, L50, M|100/100
|turn|4
|
|t:|1782190849
|move|p2b: Basculegion|Aqua Jet|p1a: Swampert
|-damage|p1a: Swampert|0 fnt
|faint|p1a: Swampert
|move|p1b: Pelipper|Knock Off|p2b: Basculegion
|-supereffective|p2b: Basculegion|1
|-damage|p2b: Basculegion|67/100
|-enditem|p2b: Basculegion|Choice Scarf|[from] move: Knock Off|[of] p1b: Pelipper
|
|-weather|RainDance|[upkeep]
|-sideend|p1: maxpro777|move: Tailwind
|upkeep
|turn|5
|
|t:|1782190859
|move|p1b: Pelipper|Protect|p1b: Pelipper
|-singleturn|p1b: Pelipper|Protect
|move|p2b: Basculegion|Last Respects|p1b: Pelipper
|-activate|p1b: Pelipper|move: Protect
|
|-weather|none
|upkeep
|turn|6
|
|t:|1782190868
|move|p2b: Basculegion|Last Respects|p1b: Pelipper
|-damage|p1b: Pelipper|0 fnt
|faint|p1b: Pelipper
|
|win|Mojanf
|raw|maxpro777's rating: 1062 → 1039(-23 for losing)
|raw|Mojanf's rating: 1000 → 1047(+47 for winning)
|l|☆maxpro777
|player|p1|
