|j|☆onihomie
|j|☆AN555GEL
|html|onihomieAN555GEL    
|uhtml|bestof|Game 2 of a best-of-3
|t:|1756232208
|gametype|doubles
|player|p1|onihomie|shauntal|1105
|player|p2|AN555GEL|170|1099
|gen|9
|tier|[Gen 9] VGC 2025 Reg H (Bo3)
|rated|
|rule|Species Clause: Limit one of each Pokémon
|rule|Item Clause: Limit 1 of each item
|clearpoke
|poke|p1|Dragonite, L50, F|
|poke|p1|Archaludon, L50, M|
|poke|p1|Ursaluna, L50, F|
|poke|p1|Incineroar, L50, F|
|poke|p1|Sinistcha, L50|
|poke|p1|Pelipper, L50, M|
|poke|p2|Archaludon, L50, F|
|poke|p2|Basculegion, L50, M|
|poke|p2|Pelipper, L50, F|
|poke|p2|Incineroar, L50, M|
|poke|p2|Clefable, L50, M|
|poke|p2|Gholdengo, L50|
|teampreview|4
|showteam|p1|Dragonite||LoadedDice|Multiscale|ScaleShot,ExtremeSpeed,Protect,Haze|||F|||50|,,,,,Fairy]Archaludon||AssaultVest|Stamina|FlashCannon,ElectroShot,BodyPress,DracoMeteor|||M|||50|,,,,,Bug]Ursaluna||FlameOrb|Guts|HeadlongRush,Earthquake,Protect,Facade|||F|||50|,,,,,Ghost]Incineroar||SafetyGoggles|Intimidate|PartingShot,FlareBlitz,KnockOff,FakeOut|||F|||50|,,,,,Ghost]Sinistcha||SitrusBerry|Hospitality|MatchaGotcha,RagePowder,TrickRoom,LifeDew||||||50|,,,,,Dark]Pelipper||FocusSash|Drizzle|WeatherBall,Tailwind,Hurricane,Protect|||M|||50|,,,,,Ghost
|showteam|p2|Archaludon||AssaultVest|Stamina|ElectroShot,BodyPress,DragonPulse,Snarl|||F|||50|,,,,,Grass]Basculegion||ChoiceBand|SwiftSwim|AquaJet,WaveCrash,FlipTurn,LastRespects|||M|||50|,,,,,Water]Pelipper||FocusSash|Drizzle|WeatherBall,Hurricane,Tailwind,Protect|||F|||50|,,,,,Ghost]Incineroar||SitrusBerry|Intimidate|FakeOut,KnockOff,Taunt,PartingShot|||M|||50|,,,,,Ghost]Clefable||SafetyGoggles|Unaware|Moonblast,FollowMe,Protect,LifeDew|||M|||50|,,,,,Water]Gholdengo||LifeOrb|GoodasGold|MakeItRain,NastyPlot,ShadowBall,Protect||||||50|,,,,,Water
|inactive|Battle timer is ON: inactive players will automatically lose when time's up. (requested by AN555GEL)
|
|t:|1756232257
|teamsize|p1|4
|teamsize|p2|4
|start
|switch|p1a: Sinistcha|Sinistcha, L50|100/100
|switch|p1b: Incineroar|Incineroar, L50, F|100/100
|switch|p2a: Clefable|Clefable, L50, M|100/100
|switch|p2b: Basculegion|Basculegion, L50, M|100/100
|-ability|p1b: Incineroar|Intimidate|boost
|-unboost|p2a: Clefable|atk|1
|-unboost|p2b: Basculegion|atk|1
|turn|1
|inactive|AN555GEL has 30 seconds left.
|inactive|onihomie has 30 seconds left.
|
|t:|1756232292
|switch|p2a: Archaludon|Archaludon, L50, F|100/100
|move|p2b: Basculegion|Flip Turn|p1b: Incineroar
|-supereffective|p1b: Incineroar
|-damage|p1b: Incineroar|42/100
|
|t:|1756232298
|switch|p2b: Clefable|Clefable, L50, M|100/100|[from] Flip Turn
|move|p1b: Incineroar|Parting Shot|p2b: Clefable
|-unboost|p2b: Clefable|atk|1
|-unboost|p2b: Clefable|spa|1
|
|t:|1756232303
|switch|p1b: Ursaluna|Ursaluna, L50, F|100/100|[from] Parting Shot
|move|p1a: Sinistcha|Trick Room|p1a: Sinistcha
|-fieldstart|move: Trick Room|[of] p1a: Sinistcha
|
|-status|p1b: Ursaluna|brn|[from] item: Flame Orb
|upkeep
|turn|2
|inactive|onihomie has 30 seconds left.
|inactive|AN555GEL has 30 seconds left.
|
|t:|1756232335
|switch|p2a: Pelipper|Pelipper, L50, F, shiny|100/100
|-weather|RainDance|[from] ability: Drizzle|[of] p2a: Pelipper
|move|p2b: Clefable|Protect|p2b: Clefable
|-singleturn|p2b: Clefable|Protect
|move|p1a: Sinistcha|Rage Powder|p1a: Sinistcha
|-singleturn|p1a: Sinistcha|move: Rage Powder
|move|p1b: Ursaluna|Facade|p2a: Pelipper
|-enditem|p2a: Pelipper|Focus Sash
|-damage|p2a: Pelipper|1/100
|
|-weather|RainDance|[upkeep]
|-damage|p1b: Ursaluna|95/100 brn|[from] brn
|upkeep
|turn|3
|inactive|onihomie has 30 seconds left.
|
|t:|1756232367
|switch|p2a: Archaludon|Archaludon, L50, F|100/100
|-terastallize|p1b: Ursaluna|Ghost
|move|p1a: Sinistcha|Rage Powder|p1a: Sinistcha
|-singleturn|p1a: Sinistcha|move: Rage Powder
|move|p2b: Clefable|Life Dew||[still]|[still]|[spread] 
|-fail|p2a: Archaludon|heal
|-fail|p2b: Clefable|heal
|move|p1b: Ursaluna|Facade|p2b: Clefable
|-damage|p2b: Clefable|0 fnt
|faint|p2b: Clefable
|
|-weather|RainDance|[upkeep]
|-damage|p1b: Ursaluna|89/100 brn|[from] brn
|upkeep
|
|t:|1756232382
|switch|p2b: Pelipper|Pelipper, L50, F, shiny|1/100
|turn|4
|inactive|onihomie has 30 seconds left.
|
|t:|1756232410
|-terastallize|p2a: Archaludon|Grass
|move|p2b: Pelipper|Protect|p2b: Pelipper
|-singleturn|p2b: Pelipper|Protect
|move|p1a: Sinistcha|Rage Powder|p1a: Sinistcha
|-singleturn|p1a: Sinistcha|move: Rage Powder
|move|p1b: Ursaluna|Facade|p2a: Archaludon
|-damage|p2a: Archaludon|3/100
|-ability|p2a: Archaludon|Stamina|boost
|-boost|p2a: Archaludon|def|1
|move|p2a: Archaludon|Electro Shot||[still]
|-prepare|p2a: Archaludon|Electro Shot
|-boost|p2a: Archaludon|spa|1
|-anim|p2a: Archaludon|Electro Shot|p1b: Ursaluna
|-damage|p1b: Ursaluna|19/100 brn
|
|-weather|RainDance|[upkeep]
|-damage|p1b: Ursaluna|14/100 brn|[from] brn
|upkeep
|turn|5
|inactive|onihomie has 30 seconds left.
|inactive|onihomie has 20 seconds left.
|inactive|onihomie has 15 seconds left.
|inactive|onihomie has 10 seconds left.
|
|t:|1756232457
|move|p2b: Pelipper|Protect||[still]
|-fail|p2b: Pelipper
|move|p1a: Sinistcha|Life Dew||[still]|[spread] p1a,p1b
|-fail|p1a: Sinistcha|heal
|-heal|p1b: Ursaluna|39/100 brn
|move|p1b: Ursaluna|Facade|p2a: Archaludon
|-damage|p2a: Archaludon|0 fnt
|faint|p2a: Archaludon
|
|-weather|RainDance|[upkeep]
|-damage|p1b: Ursaluna|33/100 brn|[from] brn
|-fieldend|move: Trick Room
|upkeep
|
|t:|1756232464
|switch|p2a: Basculegion|Basculegion, L50, M|100/100
|turn|6
|
|t:|1756232476
|move|p1b: Ursaluna|Protect|p1b: Ursaluna
|-singleturn|p1b: Ursaluna|Protect
|move|p2a: Basculegion|Last Respects|p1a: Sinistcha
|-supereffective|p1a: Sinistcha
|-damage|p1a: Sinistcha|0 fnt
|faint|p1a: Sinistcha
|move|p2b: Pelipper|Weather Ball|p1b: Ursaluna
|-activate|p1b: Ursaluna|move: Protect
|
|-weather|none
|-damage|p1b: Ursaluna|27/100 brn|[from] brn
|upkeep
|
|t:|1756232481
|switch|p1a: Incineroar|Incineroar, L50, F|42/100
|-ability|p1a: Incineroar|Intimidate|boost
|-unboost|p2a: Basculegion|atk|1
|-unboost|p2b: Pelipper|atk|1
|turn|7
|inactive|onihomie has 30 seconds left.
|
|t:|1756232509
|switch|p1b: Pelipper|Pelipper, L50, M, shiny|100/100
|-weather|RainDance|[from] ability: Drizzle|[of] p1b: Pelipper
|move|p1a: Incineroar|Fake Out|p2b: Pelipper
|-damage|p2b: Pelipper|0 fnt
|faint|p2b: Pelipper
|move|p2a: Basculegion|Last Respects|p1b: Pelipper
|-enditem|p1b: Pelipper|Focus Sash
|-damage|p1b: Pelipper|1/100
|
|-weather|RainDance|[upkeep]
|upkeep
|turn|8
|
|t:|1756232524
|move|p2a: Basculegion|Last Respects|p1a: Incineroar
|-resisted|p1a: Incineroar
|-damage|p1a: Incineroar|0 fnt
|faint|p1a: Incineroar
|move|p1b: Pelipper|Tailwind|p1b: Pelipper
|-sidestart|p1: onihomie|move: Tailwind
|
|-weather|RainDance|[upkeep]
|upkeep
|
|t:|1756232530
|switch|p1a: Ursaluna|Ursaluna, L50, F, tera:Ghost|27/100 brn
|turn|9
|inactive|onihomie has 30 seconds left.
|
|t:|1756232557
|move|p1a: Ursaluna|Protect|p1a: Ursaluna
|-singleturn|p1a: Ursaluna|Protect
|move|p2a: Basculegion|Last Respects|p1b: Pelipper
|-damage|p1b: Pelipper|0 fnt
|faint|p1b: Pelipper
|
|-weather|RainDance|[upkeep]
|-damage|p1a: Ursaluna|21/100 brn|[from] brn
|upkeep
|turn|10
|c|☆AN555GEL|gg
|
|t:|1756232566
|move|p2a: Basculegion|Last Respects|p1a: Ursaluna
|-supereffective|p1a: Ursaluna
|-damage|p1a: Ursaluna|0 fnt
|faint|p1a: Ursaluna
|
|win|AN555GEL
|raw|onihomie's rating: 1105 → 1080(-25 for losing)
|raw|AN555GEL's rating: 1099 → 1125(+26 for winning)
|c|☆onihomie|ggwp
|l|☆onihomie
|player|p1|
