|j|☆Pzdns99
|j|☆Urkin' Pincurchin
|html|Pzdns99Urkin' Pincurchin    
|uhtml|bestof|Game 2 of a best-of-3
|t:|1756693635
|gametype|doubles
|player|p1|Pzdns99|grimsley|1207
|player|p2|Urkin' Pincurchin|fisherman-gen4|1324
|gen|9
|tier|[Gen 9] VGC 2025 Reg H (Bo3)
|rated|
|rule|Species Clause: Limit one of each Pokémon
|rule|Item Clause: Limit 1 of each item
|clearpoke
|poke|p1|Lumineon, L50, F|
|poke|p1|Pelipper, L50, M|
|poke|p1|Archaludon, L50, F|
|poke|p1|Amoonguss, L50, F|
|poke|p1|Kingambit, L50, F|
|poke|p1|Weavile, L50, M|
|poke|p2|Ninetales-Alola, L50, F|
|poke|p2|Dragonite, L50, M|
|poke|p2|Incineroar, L50, M|
|poke|p2|Annihilape, L50, M|
|poke|p2|Gholdengo, L50|
|poke|p2|Ursaluna-Bloodmoon, L50, M|
|teampreview|4
|showteam|p1|Lumineon||CovertCloak|SwiftSwim|FlipTurn,Tailwind,Encore,RainDance|||F|||50|,,,,,Grass]Pelipper||ChoiceSpecs|Drizzle|Hurricane,MuddyWater,WeatherBall,Uturn|||M|||50|,,,,,Ghost]Archaludon||AssaultVest|Stamina|ElectroShot,BodyPress,Snarl,DracoMeteor|||F|||50|,,,,,Grass]Amoonguss||SitrusBerry|Regenerator|PollenPuff,Protect,RagePowder,Spore|||F|||50|,,,,,Psychic]Kingambit||SafetyGoggles|Defiant|KowtowCleave,SuckerPunch,SwordsDance,Protect|||F|||50|,,,,,Ghost]Weavile||FocusSash|Pickpocket|Taunt,TripleAxel,KnockOff,Protect|||M|||50|,,,,,Ghost
|showteam|p2|Ninetales-Alola||FocusSash|SnowWarning|Blizzard,IcyWind,Protect,Encore|||F|||50|,,,,,Ice]Dragonite||LoadedDice|Multiscale|ScaleShot,Tailwind,Protect,Haze|||M|||50|,,,,,Fairy]Incineroar||SafetyGoggles|Intimidate|FlareBlitz,KnockOff,FakeOut,PartingShot|||M|||50|,,,,,Ghost]Annihilape||SitrusBerry|Defiant|CloseCombat,RageFist,FinalGambit,Taunt|||M|||50|,,,,,Grass]Gholdengo||LifeOrb|GoodasGold|MakeItRain,ShadowBall,Protect,NastyPlot||||||50|,,,,,Water]Ursaluna-Bloodmoon||AssaultVest|MindsEye|BloodMoon,EarthPower,VacuumWave,HyperVoice|||M|||50|,,,,,Water
|inactive|Battle timer is ON: inactive players will automatically lose when time's up. (requested by Urkin' Pincurchin)
|inactive|Urkin' Pincurchin has 60 seconds left.
|j| teamthief420
|inactive|Urkin' Pincurchin has 30 seconds left.
|
|t:|1756693701
|teamsize|p1|4
|teamsize|p2|4
|start
|switch|p1a: Weavile|Weavile, L50, M|100/100
|switch|p1b: Lumineon|Lumineon, L50, F|100/100
|switch|p2a: Ninetales|Ninetales-Alola, L50, F|100/100
|switch|p2b: Annihilape|Annihilape, L50, M|100/100
|-weather|Snowscape|[from] ability: Snow Warning|[of] p2a: Ninetales
|turn|1
|
|t:|1756693724
|switch|p1a: Pelipper|Pelipper, L50, M|100/100
|-weather|RainDance|[from] ability: Drizzle|[of] p1a: Pelipper
|move|p1b: Lumineon|Flip Turn|p2a: Ninetales
|-damage|p2a: Ninetales|68/100
|
|t:|1756693730
|switch|p1b: Weavile|Weavile, L50, M|100/100|[from] Flip Turn
|move|p2a: Ninetales|Icy Wind|p1a: Pelipper|[spread] p1a,p1b
|-resisted|p1b: Weavile
|-damage|p1a: Pelipper|73/100
|-damage|p1b: Weavile|90/100
|-unboost|p1a: Pelipper|spe|1
|-unboost|p1b: Weavile|spe|1
|move|p2b: Annihilape|Close Combat|p1a: Pelipper
|-resisted|p1a: Pelipper
|-damage|p1a: Pelipper|42/100
|-unboost|p2b: Annihilape|def|1
|-unboost|p2b: Annihilape|spd|1
|
|-weather|RainDance|[upkeep]
|upkeep
|turn|2
|inactive|Pzdns99 has 30 seconds left.
|
|t:|1756693756
|switch|p1a: Lumineon|Lumineon, L50, F|100/100
|move|p1b: Weavile|Protect|p1b: Weavile
|-singleturn|p1b: Weavile|Protect
|move|p2a: Ninetales|Blizzard|p1a: Lumineon|[spread] p1a
|-activate|p1b: Weavile|move: Protect
|-resisted|p1a: Lumineon
|-damage|p1a: Lumineon|83/100
|move|p2b: Annihilape|Close Combat|p1b: Weavile
|-activate|p1b: Weavile|move: Protect
|
|-weather|RainDance|[upkeep]
|upkeep
|turn|3
|inactive|Urkin' Pincurchin has 30 seconds left.
|
|t:|1756693790
|switch|p2a: Ursaluna|Ursaluna-Bloodmoon, L50, M|100/100
|move|p1a: Lumineon|Tailwind|p1a: Lumineon
|-sidestart|p1: Pzdns99|move: Tailwind
|move|p1b: Weavile|Triple Axel|p2b: Annihilape
|-damage|p2b: Annihilape|85/100
|-damage|p2b: Annihilape|52/100
|-damage|p2b: Annihilape|5/100
|-enditem|p2b: Annihilape|Sitrus Berry|[eat]
|-heal|p2b: Annihilape|30/100|[from] item: Sitrus Berry
|-hitcount|p2b: Annihilape|3
|move|p2b: Annihilape|Close Combat|p1b: Weavile
|-supereffective|p1b: Weavile
|-damage|p1b: Weavile|0 fnt
|-unboost|p2b: Annihilape|def|1
|-unboost|p2b: Annihilape|spd|1
|faint|p1b: Weavile
|
|-weather|RainDance|[upkeep]
|upkeep
|
|t:|1756693804
|switch|p1b: Archaludon|Archaludon, L50, F|100/100
|turn|4
|j| Tindall64
|
|t:|1756693825
|switch|p2b: Gholdengo|Gholdengo, L50|100/100
|-terastallize|p1b: Archaludon|Grass
|move|p1a: Lumineon|Flip Turn|p2b: Gholdengo
|-damage|p2b: Gholdengo|75/100
|
|t:|1756693831
|switch|p1a: Pelipper|Pelipper, L50, M|42/100|[from] Flip Turn
|move|p1b: Archaludon|Snarl|p2a: Ursaluna|[spread] p2a,p2b
|-supereffective|p2b: Gholdengo
|-damage|p2a: Ursaluna|92/100
|-damage|p2b: Gholdengo|47/100
|-unboost|p2a: Ursaluna|spa|1
|-unboost|p2b: Gholdengo|spa|1
|move|p2a: Ursaluna|Blood Moon|p1a: Pelipper
|-damage|p1a: Pelipper|0 fnt
|faint|p1a: Pelipper
|
|-weather|RainDance|[upkeep]
|upkeep
|
|t:|1756693833
|switch|p1a: Lumineon|Lumineon, L50, F|83/100
|turn|5
|
|t:|1756693851
|move|p1a: Lumineon|Rain Dance||[still]
|-fail|p1a: Lumineon
|move|p1b: Archaludon|Snarl|p2a: Ursaluna|[spread] p2a,p2b
|-supereffective|p2b: Gholdengo
|-damage|p2a: Ursaluna|83/100
|-damage|p2b: Gholdengo|16/100
|-unboost|p2a: Ursaluna|spa|1
|-unboost|p2b: Gholdengo|spa|1
|move|p2b: Gholdengo|Shadow Ball|p1a: Lumineon
|-damage|p1a: Lumineon|52/100
|-damage|p2b: Gholdengo|6/100|[from] item: Life Orb
|move|p2a: Ursaluna|Earth Power|p1a: Lumineon
|-damage|p1a: Lumineon|27/100
|
|-weather|none
|upkeep
|turn|6
|
|t:|1756693870
|move|p2b: Gholdengo|Protect|p2b: Gholdengo
|-singleturn|p2b: Gholdengo|Protect
|move|p1a: Lumineon|Rain Dance|p1a: Lumineon
|-weather|RainDance
|move|p1b: Archaludon|Electro Shot||[still]
|-prepare|p1b: Archaludon|Electro Shot
|-boost|p1b: Archaludon|spa|1
|-anim|p1b: Archaludon|Electro Shot|p2b: Gholdengo
|-activate|p2b: Gholdengo|move: Protect
|move|p2a: Ursaluna|Blood Moon|p1a: Lumineon
|-damage|p1a: Lumineon|0 fnt
|faint|p1a: Lumineon
|
|-weather|RainDance|[upkeep]
|-sideend|p1: Pzdns99|move: Tailwind
|upkeep
|turn|7
|
|t:|1756693880
|switch|p2b: Ninetales|Ninetales-Alola, L50, F|68/100
|-weather|Snowscape|[from] ability: Snow Warning|[of] p2b: Ninetales
|switch|p2a: Annihilape|Annihilape, L50, M|30/100
|move|p1b: Archaludon|Snarl|p2b: Ninetales|[spread] p2a,p2b
|-resisted|p2b: Ninetales
|-damage|p2a: Annihilape|13/100
|-damage|p2b: Ninetales|56/100
|-unboost|p2a: Annihilape|spa|1
|-ability|p2a: Annihilape|Defiant|boost
|-boost|p2a: Annihilape|atk|2
|-unboost|p2b: Ninetales|spa|1
|
|-weather|Snowscape|[upkeep]
|upkeep
|turn|8
|
|t:|1756693891
|move|p2b: Ninetales|Encore|p1b: Archaludon
|-start|p1b: Archaludon|Encore
|move|p2a: Annihilape|Rage Fist|p1b: Archaludon
|-damage|p1b: Archaludon|0 fnt
|faint|p1b: Archaludon
|
|win|Urkin' Pincurchin
|raw|Pzdns99's rating: 1207 → 1190(-17 for losing)
|raw|Urkin' Pincurchin's rating: 1324 → 1338(+14 for winning)
