|j|☆SAInstinct
|j|☆Nessa333
|html|SAInstinctNessa333    
|uhtml|bestof|Game 1 of a best-of-3
|t:|1756666408
|gametype|doubles
|player|p1|SAInstinct|acetrainersnow|1049
|player|p2|Nessa333|1|1062
|gen|9
|tier|[Gen 9] VGC 2025 Reg H (Bo3)
|rated|
|rule|Species Clause: Limit one of each Pokémon
|rule|Item Clause: Limit 1 of each item
|clearpoke
|poke|p1|Tyranitar, L50, M|
|poke|p1|Annihilape, L50, F|
|poke|p1|Ursaluna-Bloodmoon, L50, M|
|poke|p1|Sneasler, L50, M|
|poke|p1|Indeedee, L50, M|
|poke|p1|Volcarona, L50, F|
|poke|p2|Garchomp, L50, M|
|poke|p2|Talonflame, L50, F|
|poke|p2|Indeedee, L50, M|
|poke|p2|Sneasler, L50, M|
|poke|p2|Amoonguss, L50, F|
|poke|p2|Incineroar, L50, F|
|teampreview|4
|showteam|p1|Tyranitar||AssaultVest|SandStream|RockSlide,KnockOff,TeraBlast,LowKick|||M|||50|,,,,,Flying]Annihilape||SafetyGoggles|Defiant|CloseCombat,RageFist,Taunt,FinalGambit|||F|||50|,,,,,Fairy]Ursaluna-Bloodmoon||LifeOrb|MindsEye|BloodMoon,HyperVoice,EarthPower,Protect|||M|||50|,,,,,Normal]Sneasler||PsychicSeed|Unburden|DireClaw,CloseCombat,ThroatChop,Protect|||M|||50|,,,,,Dark]Indeedee||ChoiceScarf|PsychicSurge|ExpandingForce,TeraBlast,Trick,Protect|||M|||50|,,,,,Psychic]Volcarona||SitrusBerry|FlameBody|Overheat,RagePowder,StruggleBug,Tailwind|||F|||50|,,,,,Grass
|showteam|p2|Garchomp||ClearAmulet|RoughSkin|RockSlide,Earthquake,DragonClaw,Protect|||M|||50|,,,,,Ground]Talonflame||CovertCloak|GaleWings|BraveBird,Tailwind,WillOWisp,Taunt|||F|||50|,,,,,Ghost]Indeedee||ChoiceScarf|PsychicSurge|ExpandingForce,Trick,DazzlingGleam,HyperVoice|||M|||50|,,,,,Fairy]Sneasler||PsychicSeed|Unburden|ThroatChop,CloseCombat,DireClaw,Protect|||M|||50|,,,,,Dark]Amoonguss||SitrusBerry|Regenerator|PollenPuff,Spore,RagePowder,Protect|||F|||50|,,,,,Water]Incineroar||SafetyGoggles|Intimidate|FlareBlitz,FakeOut,KnockOff,PartingShot|||F|||50|,,,,,Ghost
|
|t:|1756666474
|teamsize|p1|4
|teamsize|p2|4
|start
|switch|p1a: Tyranitar|Tyranitar, L50, M|100/100
|switch|p1b: Volcarona|Volcarona, L50, F|100/100
|switch|p2a: Talonflame|Talonflame, L50, F|100/100
|switch|p2b: Garchomp|Garchomp, L50, M|100/100
|-weather|Sandstorm|[from] ability: Sand Stream|[of] p1a: Tyranitar
|turn|1
|
|t:|1756666523
|move|p1b: Volcarona|Rage Powder|p1b: Volcarona
|-singleturn|p1b: Volcarona|move: Rage Powder
|move|p2a: Talonflame|Brave Bird|p1b: Volcarona
|-supereffective|p1b: Volcarona
|-damage|p1b: Volcarona|0 fnt
|faint|p1b: Volcarona
|-damage|p2a: Talonflame|60/100|[from] Recoil
|move|p2b: Garchomp|Dragon Claw|p1a: Tyranitar
|-damage|p1a: Tyranitar|59/100
|move|p1a: Tyranitar|Rock Slide|p2b: Garchomp|[spread] p2b
|-miss|p1a: Tyranitar|p2a: Talonflame
|-resisted|p2b: Garchomp
|-damage|p2b: Garchomp|86/100
|
|-weather|Sandstorm|[upkeep]
|-damage|p2a: Talonflame|54/100|[from] Sandstorm
|upkeep
|
|t:|1756666538
|switch|p1b: Indeedee|Indeedee, L50, M|100/100
|-fieldstart|move: Psychic Terrain|[from] ability: Psychic Surge|[of] p1b: Indeedee
|turn|2
|
|t:|1756666566
|move|p1b: Indeedee|Expanding Force|p2b: Garchomp|[spread] p2a,p2b
|-damage|p2a: Talonflame|0 fnt
|-damage|p2b: Garchomp|25/100
|faint|p2a: Talonflame
|move|p2b: Garchomp|Earthquake|p1a: Tyranitar|[spread] p1a,p1b
|-supereffective|p1a: Tyranitar
|-damage|p1a: Tyranitar|0 fnt
|-damage|p1b: Indeedee|14/100
|faint|p1a: Tyranitar
|
|-weather|Sandstorm|[upkeep]
|-damage|p1b: Indeedee|9/100|[from] Sandstorm
|upkeep
|
|t:|1756666581
|switch|p2a: Sneasler|Sneasler, L50, M, shiny|100/100
|switch|p1a: Sneasler|Sneasler, L50, M|100/100
|-enditem|p1a: Sneasler|Psychic Seed
|-boost|p1a: Sneasler|spd|1|[from] item: Psychic Seed
|-enditem|p2a: Sneasler|Psychic Seed
|-boost|p2a: Sneasler|spd|1|[from] item: Psychic Seed
|turn|3
|
|t:|1756666633
|move|p2a: Sneasler|Protect|p2a: Sneasler
|-singleturn|p2a: Sneasler|Protect
|move|p1a: Sneasler|Dire Claw|p2a: Sneasler
|-activate|p2a: Sneasler|move: Protect
|move|p1b: Indeedee|Expanding Force|p2a: Sneasler|[spread] p2b
|-activate|p2a: Sneasler|move: Protect
|-damage|p2b: Garchomp|0 fnt
|faint|p2b: Garchomp
|
|-weather|Sandstorm|[upkeep]
|-damage|p1a: Sneasler|95/100|[from] Sandstorm
|-damage|p2a: Sneasler|95/100|[from] Sandstorm
|-damage|p1b: Indeedee|3/100|[from] Sandstorm
|upkeep
|
|t:|1756666647
|switch|p2b: Indeedee|Indeedee, L50, M|100/100
|turn|4
|
|t:|1756666692
|-terastallize|p1a: Sneasler|Dark
|-terastallize|p2a: Sneasler|Dark
|move|p1a: Sneasler|Throat Chop|p2b: Indeedee
|-supereffective|p2b: Indeedee
|-damage|p2b: Indeedee|0 fnt
|faint|p2b: Indeedee
|move|p2a: Sneasler|Dire Claw|p1a: Sneasler
|-damage|p1a: Sneasler|13/100
|move|p1b: Indeedee|Expanding Force|p2a: Sneasler
|-immune|p2a: Sneasler
|
|-weather|Sandstorm|[upkeep]
|-damage|p1a: Sneasler|8/100|[from] Sandstorm
|-damage|p2a: Sneasler|89/100|[from] Sandstorm
|-damage|p1b: Indeedee|0 fnt|[from] Sandstorm
|faint|p1b: Indeedee
|upkeep
|turn|5
|
|t:|1756666713
|move|p1a: Sneasler|Close Combat|p2a: Sneasler
|-supereffective|p2a: Sneasler
|-damage|p2a: Sneasler|0 fnt
|-unboost|p1a: Sneasler|def|1
|-unboost|p1a: Sneasler|spd|1
|faint|p2a: Sneasler
|
|win|SAInstinct
||SAInstinct is ready for game 2.
||Nessa333 is ready for game 2.
|uhtml|next|Next: Game 2 of 3
|l|☆Nessa333
|player|p2|
