|j|☆Milesmate1998
|j|☆freakytheflower
|html|Milesmate1998freakytheflower    
|uhtml|bestof|Game 3 of a best-of-3
|t:|1784059007
|gametype|doubles
|player|p1|Milesmate1998|veteran|1157
|player|p2|freakytheflower|lebanne|1040
|gen|9
|tier|[Gen 9 Champions] VGC 2026 Reg M-B (Bo3)
|rated|
|rule|Species Clause: Limit one of each Pokémon
|rule|Item Clause: Limit 1 of each item
|clearpoke
|poke|p1|Tinkaton, L50, F|
|poke|p1|Chandelure, L50, F|
|poke|p1|Mamoswine, L50, F|
|poke|p1|Staraptor, L50, F|
|poke|p1|Rotom-Wash, L50, shiny|
|poke|p1|Vanilluxe, L50, F|
|poke|p2|Staraptor, L50, F|
|poke|p2|Basculegion, L50, M, shiny|
|poke|p2|Sinistcha, L50|
|poke|p2|Grimmsnarl, L50, M|
|poke|p2|Whimsicott, L50, F|
|poke|p2|Raichu, L50, M, shiny|
|teampreview|4
|showteam|p1|Tinkaton||WhiteHerb|MoldBreaker|FakeOut,GigatonHammer,HelpingHand,Feint|Adamant||F|||50|]Chandelure||Chandelurite|FlashFire|TrickRoom,Protect,HeatWave,ShadowBall|Quiet||F|||50|]Mamoswine||FocusSash|Oblivious|Earthquake,IceShard,Protect,RockSlide|Adamant||F|||50|]Staraptor||Staraptite|Intimidate|Tailwind,Protect,CloseCombat,BraveBird|Adamant||F|||50|]Rotom-Wash||Magnet|Levitate|Discharge,VoltSwitch,WillOWisp,Thunderbolt|Modest|||||50|]Vanilluxe||LightClay|SnowWarning|FreezeDry,Blizzard,AuroraVeil,Protect|Calm||F|||50|
|showteam|p2|Staraptor||Staraptite|Intimidate|CloseCombat,BraveBird,BlazeKick,Roost|Adamant||F|||50|]Basculegion||ChoiceScarf|Adaptability|FlipTurn,WaveCrash,PsychicFangs,LastRespects|Jolly||M|||50|]Sinistcha||Leftovers|Hospitality|RagePowder,MatchaGotcha,Scald,StrengthSap|Modest|||||50|]Grimmsnarl||LightClay|Prankster|Reflect,LightScreen,SpiritBreak,PartingShot|Adamant||M|||50|]Whimsicott||FocusSash|Prankster|CottonSpore,Charm,GigaDrain,Protect|Modest||F|||50|]Raichu||Magnet|LightningRod|VoltSwitch,FakeOut,GrassKnot,FocusBlast|Hasty||M|||50|
|inactive|Battle timer is ON: inactive players will automatically lose when time's up. (requested by freakytheflower)
|inactive|Milesmate1998 has 60 seconds left.
|
|t:|1784059051
|teamsize|p1|4
|teamsize|p2|4
|start
|switch|p1a: Staraptor|Staraptor, L50, F|100/100
|switch|p1b: Rotom|Rotom-Wash, L50, shiny|100/100
|switch|p2a: Free Bird|Staraptor, L50, F|100/100
|switch|p2b: Grimmothy|Grimmsnarl, L50, M|100/100
|-ability|p2a: Free Bird|Intimidate|boost
|-unboost|p1a: Staraptor|atk|1
|-unboost|p1b: Rotom|atk|1
|-ability|p1a: Staraptor|Intimidate|boost
|-unboost|p2a: Free Bird|atk|1
|-unboost|p2b: Grimmothy|atk|1
|turn|1
|inactive|Milesmate1998 has 30 seconds left.
|
|t:|1784059082
|switch|p1a: Mamoswine|Mamoswine, L50, F|100/100
|detailschange|p2a: Free Bird|Staraptor-Mega, L50, F
|-mega|p2a: Free Bird|Staraptor|Staraptite
|move|p2b: Grimmothy|Light Screen|p2b: Grimmothy
|-sidestart|p2: freakytheflower|move: Light Screen
|move|p2a: Free Bird|Brave Bird|p1a: Mamoswine
|-damage|p1a: Mamoswine|54/100
|-damage|p2a: Free Bird|79/100|[from] Recoil
|move|p1b: Rotom|Will-O-Wisp|p2b: Grimmothy
|-status|p2b: Grimmothy|brn
|
|-damage|p2b: Grimmothy|94/100 brn|[from] brn
|upkeep
|turn|2
|
|t:|1784059105
|move|p1a: Mamoswine|Ice Shard|p2a: Free Bird
|-supereffective|p2a: Free Bird|1
|-damage|p2a: Free Bird|33/100
|move|p2b: Grimmothy|Reflect|p2b: Grimmothy
|-sidestart|p2: freakytheflower|Reflect
|move|p2a: Free Bird|Close Combat|p1a: Mamoswine
|-supereffective|p1a: Mamoswine|1
|-damage|p1a: Mamoswine|0 fnt
|-boost|p2a: Free Bird|def|1
|-boost|p2a: Free Bird|spd|1
|faint|p1a: Mamoswine
|move|p1b: Rotom|Will-O-Wisp|p2a: Free Bird
|-status|p2a: Free Bird|brn
|
|-damage|p2a: Free Bird|26/100 brn|[from] brn
|-damage|p2b: Grimmothy|88/100 brn|[from] brn
|upkeep
|
|t:|1784059112
|switch|p1a: Vanilluxe|Vanilluxe, L50, F|100/100
|-weather|Snowscape|[from] ability: Snow Warning|[of] p1a: Vanilluxe
|turn|3
|
|t:|1784059136
|move|p2a: Free Bird|Roost|p2a: Free Bird
|-heal|p2a: Free Bird|76/100 brn
|-singleturn|p2a: Free Bird|move: Roost
|move|p1b: Rotom|Volt Switch|p2a: Free Bird
|-damage|p2a: Free Bird|55/100 brn
|
|t:|1784059143
|switch|p1b: Staraptor|Staraptor, L50, F|100/100|[from] Volt Switch
|-ability|p1b: Staraptor|Intimidate|boost
|-boost|p2a: Free Bird|atk|1
|-unboost|p2b: Grimmothy|atk|1
|move|p1a: Vanilluxe|Aurora Veil|p1a: Vanilluxe
|-sidestart|p1: Milesmate1998|move: Aurora Veil
|move|p2b: Grimmothy|Spirit Break|p1b: Staraptor
|-damage|p1b: Staraptor|91/100
|-unboost|p1b: Staraptor|spa|1
|
|-weather|Snowscape|[upkeep]
|-damage|p2a: Free Bird|48/100 brn|[from] brn
|-damage|p2b: Grimmothy|82/100 brn|[from] brn
|upkeep
|turn|4
|inactive|Milesmate1998 has 30 seconds left.
|inactive|freakytheflower has 30 seconds left.
|
|t:|1784059174
|switch|p1b: Rotom|Rotom-Wash, L50, shiny|100/100
|move|p2b: Grimmothy|Parting Shot|p1a: Vanilluxe
|-unboost|p1a: Vanilluxe|atk|1
|-unboost|p1a: Vanilluxe|spa|1
|
|t:|1784059183
|switch|p2b: Juice Box|Sinistcha, L50|100/100|[from] Parting Shot
|-heal|p2a: Free Bird|73/100 brn|[from] ability: Hospitality|[of] p2b: Juice Box
|move|p2a: Free Bird|Close Combat|p1a: Vanilluxe
|-supereffective|p1a: Vanilluxe|1
|-damage|p1a: Vanilluxe|63/100
|-boost|p2a: Free Bird|def|1
|-boost|p2a: Free Bird|spd|1
|move|p1a: Vanilluxe|Blizzard|p2b: Juice Box|[spread] p2a,p2b
|-supereffective|p2a: Free Bird|1
|-supereffective|p2b: Juice Box|1
|-damage|p2a: Free Bird|55/100 brn
|-damage|p2b: Juice Box|67/100
|
|-weather|Snowscape|[upkeep]
|-heal|p2b: Juice Box|73/100|[from] item: Leftovers
|-damage|p2a: Free Bird|49/100 brn|[from] brn
|upkeep
|turn|5
|inactive|freakytheflower has 30 seconds left.
|
|t:|1784059216
|move|p2a: Free Bird|Roost|p2a: Free Bird
|-heal|p2a: Free Bird|99/100 brn
|-singleturn|p2a: Free Bird|move: Roost
|move|p1b: Rotom|Discharge|p2b: Juice Box|[spread] p1a,p2a,p2b
|-resisted|p2b: Juice Box|1
|-damage|p1a: Vanilluxe|42/100
|-damage|p2a: Free Bird|86/100 brn
|-damage|p2b: Juice Box|60/100
|move|p1a: Vanilluxe|Blizzard|p2a: Free Bird|[spread] p2a,p2b
|-supereffective|p2b: Juice Box|1
|-damage|p2a: Free Bird|76/100 brn
|-damage|p2b: Juice Box|27/100
|move|p2b: Juice Box|Strength Sap|p2a: Free Bird
|-boost|p2a: Free Bird|atk|1
|-heal|p2b: Juice Box|100/100
|
|-weather|Snowscape|[upkeep]
|-damage|p2a: Free Bird|70/100 brn|[from] brn
|upkeep
|turn|6
|
|t:|1784059237
|switch|p2b: Grimmothy|Grimmsnarl, L50, M|82/100 brn
|move|p2a: Free Bird|Close Combat|p1a: Vanilluxe
|-supereffective|p1a: Vanilluxe|1
|-damage|p1a: Vanilluxe|0 fnt
|-boost|p2a: Free Bird|def|1
|-boost|p2a: Free Bird|spd|1
|faint|p1a: Vanilluxe
|move|p1b: Rotom|Discharge|p2b: Grimmothy|[spread] p2a,p2b
|-supereffective|p2a: Free Bird|1
|-crit|p2b: Grimmothy
|-damage|p2a: Free Bird|48/100 brn
|-damage|p2b: Grimmothy|25/100 brn
|
|-weather|Snowscape|[upkeep]
|-damage|p2a: Free Bird|41/100 brn|[from] brn
|-damage|p2b: Grimmothy|19/100 brn|[from] brn
|upkeep
|
|t:|1784059242
|switch|p1a: Staraptor|Staraptor, L50, F|91/100
|-ability|p1a: Staraptor|Intimidate|boost
|-boost|p2a: Free Bird|atk|1
|-unboost|p2b: Grimmothy|atk|1
|turn|7
|
|t:|1784059256
|detailschange|p1a: Staraptor|Staraptor-Mega, L50, F
|-mega|p1a: Staraptor|Staraptor|Staraptite
|move|p2b: Grimmothy|Parting Shot|p1b: Rotom
|-unboost|p1b: Rotom|atk|1
|-unboost|p1b: Rotom|spa|1
|
|t:|1784059261
|switch|p2b: Juice Box|Sinistcha, L50|100/100|[from] Parting Shot
|-heal|p2a: Free Bird|66/100 brn|[from] ability: Hospitality|[of] p2b: Juice Box
|move|p2a: Free Bird|Brave Bird|p1a: Staraptor
|-supereffective|p1a: Staraptor|1
|-damage|p1a: Staraptor|4/100
|-damage|p2a: Free Bird|32/100 brn|[from] Recoil
|move|p1a: Staraptor|Close Combat|p2a: Free Bird
|-resisted|p2a: Free Bird|1
|-damage|p2a: Free Bird|23/100 brn
|-boost|p1a: Staraptor|def|1
|-boost|p1a: Staraptor|spd|1
|move|p1b: Rotom|Thunderbolt|p2a: Free Bird
|-supereffective|p2a: Free Bird|1
|-damage|p2a: Free Bird|3/100 brn
|
|-weather|none
|-damage|p2a: Free Bird|0 fnt|[from] brn
|faint|p2a: Free Bird
|upkeep
|
|t:|1784059279
|switch|p2a: Locked In Monster|Basculegion, L50, M, shiny|100/100
|turn|8
|
|t:|1784059289
|move|p1a: Staraptor|Protect|p1a: Staraptor
|-singleturn|p1a: Staraptor|Protect
|move|p2a: Locked In Monster|Flip Turn|p1a: Staraptor
|-activate|p1a: Staraptor|move: Protect
|move|p1b: Rotom|Will-O-Wisp|p2a: Locked In Monster
|-status|p2a: Locked In Monster|brn
|move|p2b: Juice Box|Matcha Gotcha|p1a: Staraptor|[spread] p1b
|-activate|p1a: Staraptor|move: Protect
|-supereffective|p1b: Rotom|1
|-damage|p1b: Rotom|63/100
|
|-damage|p2a: Locked In Monster|93/100 brn|[from] brn
|-sideend|p2: freakytheflower|move: Light Screen
|upkeep
|turn|9
|
|t:|1784059304
|move|p2a: Locked In Monster|Flip Turn|p1a: Staraptor
|-damage|p1a: Staraptor|0 fnt
|faint|p1a: Staraptor
|
|t:|1784059308
|switch|p2a: Grimmothy|Grimmsnarl, L50, M|19/100 brn|[from] Flip Turn
|move|p1b: Rotom|Discharge|p2b: Juice Box|[spread] p2a,p2b
|-resisted|p2b: Juice Box|1
|-damage|p2a: Grimmothy|0 fnt
|-damage|p2b: Juice Box|86/100
|-status|p2b: Juice Box|par
|faint|p2a: Grimmothy
|move|p2b: Juice Box|Matcha Gotcha|p1b: Rotom|[miss]
|-miss|p2b: Juice Box|p1b: Rotom
|
|-heal|p2b: Juice Box|93/100 par|[from] item: Leftovers
|-sideend|p2: freakytheflower|Reflect
|upkeep
|-message|Milesmate1998 forfeited.
|
|win|freakytheflower
|raw|Milesmate1998's rating: 1157 → 1124(-33 for losing)
|raw|freakytheflower's rating: 1040 → 1085(+45 for winning)
|l|☆Milesmate1998
|player|p1|
|c|☆freakytheflower|ggs
