|j|☆Refanner
|j|☆Lstdnce
|html|RefannerLstdnce    
|uhtml|bestof|Game 3 of a best-of-3
|t:|1756809081
|gametype|doubles
|player|p1|Refanner|2|1216
|player|p2|Lstdnce|2|1269
|gen|9
|tier|[Gen 9] VGC 2025 Reg H (Bo3)
|rated|
|rule|Species Clause: Limit one of each Pokémon
|rule|Item Clause: Limit 1 of each item
|clearpoke
|poke|p1|Garchomp, L50, F|
|poke|p1|Incineroar, L50, M|
|poke|p1|Hydreigon, L50, M|
|poke|p1|Gholdengo, L50|
|poke|p1|Sneasler, L50, M|
|poke|p1|Amoonguss, L50, M|
|poke|p2|Dragonite, L50, F|
|poke|p2|Ursaluna-Bloodmoon, L50, M|
|poke|p2|Gholdengo, L50|
|poke|p2|Maushold-Four, L50|
|poke|p2|Annihilape, L50, M|
|poke|p2|Rillaboom, L50, F|
|teampreview|4
|showteam|p1|Garchomp||LoadedDice|RoughSkin|ScaleShot,Earthquake,StompingTantrum,Protect|||F|||50|,,,,,Fire]Incineroar||SitrusBerry|Intimidate|FlareBlitz,KnockOff,PartingShot,FakeOut|||M|||50|,,,,,Grass]Hydreigon||SafetyGoggles|Levitate|Snarl,DracoMeteor,Tailwind,Protect|||M|||50|,,,,,Ghost]Gholdengo||MetalCoat|GoodasGold|MakeItRain,ShadowBall,NastyPlot,Protect||||||50|,,,,,Flying]Sneasler||WhiteHerb|Unburden|CloseCombat,DireClaw,Protect,Coaching|||M|||50|,,,,,Ghost]Amoonguss||CovertCloak|Regenerator|PollenPuff,Spore,RagePowder,Protect|||M|||50|,,,,,Water
|showteam|p2|Dragonite||LoadedDice|Multiscale|ScaleShot,Tailwind,Haze,Protect|||F|||50|,,,,,Steel]Ursaluna-Bloodmoon||AssaultVest|MindsEye|BloodMoon,EarthPower,HyperVoice,VacuumWave|||M|||50|,,,,,Water]Gholdengo||LifeOrb|GoodasGold|MakeItRain,ShadowBall,NastyPlot,Protect||||||50|,,,,,Water]Maushold-Four||FocusSash|FriendGuard|SuperFang,FollowMe,BeatUp,Protect||||||50|,,,,,Ghost]Annihilape||SitrusBerry|Defiant|RageFist,DrainPunch,BulkUp,Protect|||M|||50|,,,,,Fire]Rillaboom||MiracleSeed|GrassySurge|WoodHammer,GrassyGlide,HighHorsepower,FakeOut|||F|||50|,,,,,Fire
|inactive|Battle timer is ON: inactive players will automatically lose when time's up. (requested by Lstdnce)
|inactive|Refanner has 60 seconds left.
|
|t:|1756809153
|teamsize|p1|4
|teamsize|p2|4
|start
|switch|p1a: Garchomp|Garchomp, L50, F|100/100
|switch|p1b: Amoonguss|Amoonguss, L50, M|100/100
|switch|p2a: Maushold|Maushold-Four, L50|100/100
|switch|p2b: Annihilape|Annihilape, L50, M|100/100
|turn|1
|
|t:|1756809172
|move|p2a: Maushold|Protect|p2a: Maushold
|-singleturn|p2a: Maushold|Protect
|move|p2b: Annihilape|Protect|p2b: Annihilape
|-singleturn|p2b: Annihilape|Protect
|move|p1a: Garchomp|Protect|p1a: Garchomp
|-singleturn|p1a: Garchomp|Protect
|move|p1b: Amoonguss|Spore|p2b: Annihilape
|-activate|p2b: Annihilape|move: Protect
|
|upkeep
|turn|2
|
|t:|1756809193
|move|p1b: Amoonguss|Rage Powder|p1b: Amoonguss
|-singleturn|p1b: Amoonguss|move: Rage Powder
|move|p2a: Maushold|Beat Up|p1b: Amoonguss
|-damage|p1b: Amoonguss|98/100
|-damage|p1b: Amoonguss|95/100
|-damage|p1b: Amoonguss|93/100
|-damage|p1b: Amoonguss|91/100
|-hitcount|p1b: Amoonguss|4
|move|p2b: Annihilape|Rage Fist|p1b: Amoonguss
|-damage|p1b: Amoonguss|70/100
|move|p1a: Garchomp|Scale Shot|p2b: Annihilape
|-damage|p2b: Annihilape|89/100
|-damage|p2b: Annihilape|78/100
|-damage|p2b: Annihilape|68/100
|-damage|p2b: Annihilape|56/100
|-damage|p2b: Annihilape|46/100
|-enditem|p2b: Annihilape|Sitrus Berry|[eat]
|-heal|p2b: Annihilape|71/100|[from] item: Sitrus Berry
|-hitcount|p2b: Annihilape|5
|-unboost|p1a: Garchomp|def|1
|-boost|p1a: Garchomp|spe|1
|
|upkeep
|turn|3
|inactive|Refanner has 30 seconds left.
|inactive|Lstdnce has 30 seconds left.
|inactive|Refanner has 20 seconds left.
|inactive|Refanner has 15 seconds left.
|inactive|Refanner has 10 seconds left.
|inactive|Lstdnce has 20 seconds left.
|inactive|Refanner has 5 seconds left.
|
|t:|1756809247
|move|p2a: Maushold|Follow Me|p2a: Maushold
|-singleturn|p2a: Maushold|move: Follow Me
|move|p1b: Amoonguss|Rage Powder|p1b: Amoonguss
|-singleturn|p1b: Amoonguss|move: Rage Powder
|move|p1a: Garchomp|Earthquake|p2b: Annihilape|[spread] p1b,p2a,p2b
|-damage|p1b: Amoonguss|31/100
|-damage|p2a: Maushold|47/100
|-damage|p2b: Annihilape|38/100
|move|p2b: Annihilape|Rage Fist|p1b: Amoonguss
|-damage|p1b: Amoonguss|0 fnt
|faint|p1b: Amoonguss
|
|upkeep
|
|t:|1756809262
|switch|p1b: Gholdengo|Gholdengo, L50|100/100
|turn|4
|inactive|Refanner has 30 seconds left.
|inactive|Refanner has 20 seconds left.
|
|t:|1756809298
|switch|p2a: Rillaboom|Rillaboom, L50, F|100/100
|-fieldstart|move: Grassy Terrain|[from] ability: Grassy Surge|[of] p2a: Rillaboom
|move|p1b: Gholdengo|Protect|p1b: Gholdengo
|-singleturn|p1b: Gholdengo|Protect
|move|p1a: Garchomp|Earthquake|p2a: Rillaboom|[spread] p2a,p2b
|-activate|p1b: Gholdengo|move: Protect
|-resisted|p2a: Rillaboom
|-damage|p2a: Rillaboom|91/100
|-damage|p2b: Annihilape|14/100
|move|p2b: Annihilape|Rage Fist|p1b: Gholdengo
|-activate|p1b: Gholdengo|move: Protect
|
|-heal|p2b: Annihilape|21/100|[from] Grassy Terrain
|-heal|p2a: Rillaboom|97/100|[from] Grassy Terrain
|upkeep
|turn|5
|inactive|Refanner has 30 seconds left.
|inactive|Refanner has 20 seconds left.
|
|t:|1756809337
|move|p1a: Garchomp|Protect|p1a: Garchomp
|-singleturn|p1a: Garchomp|Protect
|move|p2a: Rillaboom|Fake Out|p1a: Garchomp
|-activate|p1a: Garchomp|move: Protect
|move|p2b: Annihilape|Rage Fist|p1b: Gholdengo
|-supereffective|p1b: Gholdengo
|-damage|p1b: Gholdengo|0 fnt
|faint|p1b: Gholdengo
|
|-heal|p2b: Annihilape|27/100|[from] Grassy Terrain
|-heal|p2a: Rillaboom|100/100|[from] Grassy Terrain
|upkeep
|
|t:|1756809344
|switch|p1b: Sneasler|Sneasler, L50, M|100/100
|turn|6
|inactive|Refanner has 30 seconds left.
|inactive|Refanner has 20 seconds left.
|
|t:|1756809383
|switch|p2a: Gholdengo|Gholdengo, L50|100/100
|move|p2b: Annihilape|Protect|p2b: Annihilape
|-singleturn|p2b: Annihilape|Protect
|move|p1a: Garchomp|Stomping Tantrum|p2b: Annihilape
|-activate|p2b: Annihilape|move: Protect
|move|p1b: Sneasler|Dire Claw|p2a: Gholdengo
|-immune|p2a: Gholdengo
|
|-heal|p2b: Annihilape|33/100|[from] Grassy Terrain
|upkeep
|turn|7
|inactive|Refanner has 30 seconds left.
|
|t:|1756809417
|move|p1a: Garchomp|Stomping Tantrum|p2b: Annihilape
|-damage|p2b: Annihilape|0 fnt
|faint|p2b: Annihilape
|move|p1b: Sneasler|Coaching|p1a: Garchomp
|-boost|p1a: Garchomp|atk|1
|-boost|p1a: Garchomp|def|1
|move|p2a: Gholdengo|Nasty Plot|p2a: Gholdengo
|-boost|p2a: Gholdengo|spa|2
|
|upkeep
|
|t:|1756809437
|switch|p2b: Maushold|Maushold-Four, L50|47/100
|turn|8
|inactive|Refanner has 30 seconds left.
|inactive|Refanner has 20 seconds left.
|inactive|Refanner has 15 seconds left.
|inactive|Refanner has 10 seconds left.
|inactive|Refanner has 5 seconds left.
|
|t:|1756809491
|-terastallize|p1a: Garchomp|Fire
|-terastallize|p2a: Gholdengo|Water
|move|p1b: Sneasler|Protect|p1b: Sneasler
|-singleturn|p1b: Sneasler|Protect
|move|p2b: Maushold|Follow Me|p2b: Maushold
|-singleturn|p2b: Maushold|move: Follow Me
|move|p1a: Garchomp|Stomping Tantrum|p2b: Maushold
|-damage|p2b: Maushold|0 fnt
|faint|p2b: Maushold
|move|p2a: Gholdengo|Make It Rain|p1b: Sneasler|[spread] p1a
|-activate|p1b: Sneasler|move: Protect
|-resisted|p1a: Garchomp
|-damage|p1a: Garchomp|31/100
|-unboost|p2a: Gholdengo|spa|1
|-damage|p2a: Gholdengo|91/100|[from] item: Life Orb
|
|-heal|p1a: Garchomp|37/100|[from] Grassy Terrain
|-heal|p2a: Gholdengo|97/100|[from] Grassy Terrain
|-fieldend|move: Grassy Terrain
|upkeep
|
|t:|1756809497
|switch|p2b: Rillaboom|Rillaboom, L50, F|100/100
|-fieldstart|move: Grassy Terrain|[from] ability: Grassy Surge|[of] p2b: Rillaboom
|turn|9
|inactive|Refanner has 30 seconds left.
|inactive|Refanner has 20 seconds left.
|inactive|Refanner has 15 seconds left.
|
|t:|1756809540
|move|p1a: Garchomp|Protect|p1a: Garchomp
|-singleturn|p1a: Garchomp|Protect
|move|p1b: Sneasler|Protect||[still]
|-fail|p1b: Sneasler
|move|p2b: Rillaboom|Fake Out|p1b: Sneasler
|-damage|p1b: Sneasler|82/100
|move|p2a: Gholdengo|Make It Rain|p1b: Sneasler|[spread] p1b
|-activate|p1a: Garchomp|move: Protect
|-crit|p1b: Sneasler
|-damage|p1b: Sneasler|0 fnt
|-unboost|p2a: Gholdengo|spa|1
|faint|p1b: Sneasler
|-damage|p2a: Gholdengo|87/100|[from] item: Life Orb
|
|-heal|p1a: Garchomp|43/100|[from] Grassy Terrain
|-heal|p2a: Gholdengo|93/100|[from] Grassy Terrain
|upkeep
|turn|10
|
|t:|1756809555
|move|p1a: Garchomp|Stomping Tantrum|p2a: Gholdengo
|-damage|p2a: Gholdengo|22/100
|move|p2a: Gholdengo|Shadow Ball|p1a: Garchomp
|-damage|p1a: Garchomp|0 fnt
|faint|p1a: Garchomp
|-damage|p2a: Gholdengo|12/100|[from] item: Life Orb
|
|win|Lstdnce
|raw|Refanner's rating: 1216 → 1195(-21 for losing)
|raw|Lstdnce's rating: 1269 → 1290(+21 for winning)
|l|☆Lstdnce
|player|p2|
