|j|☆justsillys
|j|☆Daybs
|html|justsillysDaybs    
|uhtml|bestof|Game 1 of a best-of-3
|t:|1785951917
|gametype|doubles
|player|p1|justsillys|101|1082
|player|p2|Daybs|burglar|1111
|gen|9
|tier|[Gen 9 Champions] VGC 2026 Reg M-B (Bo3)
|rated|
|rule|Species Clause: Limit one of each Pokémon
|rule|Item Clause: Limit 1 of each item
|clearpoke
|poke|p1|Hatterene, L50, F|
|poke|p1|Oranguru, L50, M|
|poke|p1|Mawile, L50, F|
|poke|p1|Kangaskhan, L50, F|
|poke|p1|Venusaur, L50, M|
|poke|p1|Torkoal, L50, M|
|poke|p2|Sneasler, L50, M|
|poke|p2|Blastoise, L50, M|
|poke|p2|Kingambit, L50, M|
|poke|p2|Incineroar, L50, M|
|poke|p2|Delphox, L50, F|
|poke|p2|Sinistcha, L50|
|teampreview|4
|showteam|p1|Hatterene||LifeOrb|MagicBounce|Protect,Psychic,TrickRoom,DazzlingGleam|Quiet||F|||50|]Oranguru||MentalHerb|InnerFocus|Protect,Instruct,Psychic,TrickRoom|Bold||M|||50|]Mawile||Mawilite|HyperCutter|SuckerPunch,PlayRough,Protect,IronHead|Brave||F|||50|]Kangaskhan||SilkScarf|Scrappy|LastResort,FakeOut|Brave||F|||50|]Venusaur||FocusSash|Chlorophyll|LeafStorm,SludgeBomb,SleepPowder,Protect|Modest||M|||50|]Torkoal||Charcoal|Drought|Eruption,Protect,EarthPower,HeatWave|Quiet||M|||50|
|showteam|p2|Sneasler||FocusSash|PoisonTouch|PoisonJab,CloseCombat,FakeOut,QuickGuard|Jolly||M|||50|]Blastoise||Blastoisinite|RainDish|DarkPulse,WaterSpout,ShellSmash,Protect|Modest||M|||50|]Kingambit||BlackGlasses|Defiant|KowtowCleave,SuckerPunch,SwordsDance,Protect|Adamant||M|||50|]Incineroar||SitrusBerry|Intimidate|FlareBlitz,HelpingHand,PartingShot,FakeOut|Careful||M|||50|]Delphox||Delphoxite|Blaze|HeatWave,NastyPlot,Psyshock,Protect|Modest||F|||50|]Sinistcha||KasibBerry|Hospitality|MatchaGotcha,RagePowder,TrickRoom,Protect|Bold|||||50|
|inactive|Battle timer is ON: inactive players will automatically lose when time's up. (requested by Daybs)
|inactive|justsillys has 60 seconds left.
|
|t:|1785952015
|teamsize|p1|4
|teamsize|p2|4
|start
|switch|p1a: Alolan Rillaboom|Oranguru, L50, M|100/100
|switch|p1b: T&M|Torkoal, L50, M|100/100
|switch|p2a: Delphox|Delphox, L50, F|100/100
|switch|p2b: Sneasler|Sneasler, L50, M|100/100
|-weather|SunnyDay|[from] ability: Drought|[of] p1b: T&M
|turn|1
|inactive|Daybs has 30 seconds left.
|
|t:|1785952046
|detailschange|p2a: Delphox|Delphox-Mega, L50, F
|-mega|p2a: Delphox|Delphox|Delphoxite
|move|p1b: T&M|Protect|p1b: T&M
|-singleturn|p1b: T&M|Protect
|move|p2b: Sneasler|Fake Out|p1a: Alolan Rillaboom
|-damage|p1a: Alolan Rillaboom|88/100
|move|p2a: Delphox|Psyshock|p1b: T&M
|-activate|p1b: T&M|move: Protect
|move|p1a: Alolan Rillaboom|Trick Room|p1a: Alolan Rillaboom
|-fieldstart|move: Trick Room|[of] p1a: Alolan Rillaboom
|
|-weather|SunnyDay|[upkeep]
|upkeep
|turn|2
|
|t:|1785952070
|switch|p2b: Incineroar|Incineroar, L50, M|100/100
|-ability|p2b: Incineroar|Intimidate|boost
|-fail|p1a: Alolan Rillaboom|unboost|Attack|[from] ability: Inner Focus|[of] p1a: Alolan Rillaboom
|-unboost|p1b: T&M|atk|1
|move|p2a: Delphox|Protect|p2a: Delphox
|-singleturn|p2a: Delphox|Protect
|move|p1b: T&M|Eruption|p2a: Delphox|[spread] p2b
|-activate|p2a: Delphox|move: Protect
|-resisted|p2b: Incineroar|1
|-damage|p2b: Incineroar|63/100
|move|p1a: Alolan Rillaboom|Instruct|p1b: T&M
|-singleturn|p1b: T&M|move: Instruct|[of] p1a: Alolan Rillaboom
|move|p1b: T&M|Eruption|p2b: Incineroar|[spread] p2b
|-activate|p2a: Delphox|move: Protect
|-resisted|p2b: Incineroar|1
|-damage|p2b: Incineroar|28/100
|-enditem|p2b: Incineroar|Sitrus Berry|[eat]
|-heal|p2b: Incineroar|53/100|[from] item: Sitrus Berry
|
|-weather|SunnyDay|[upkeep]
|upkeep
|turn|3
|inactive|justsillys has 30 seconds left.
|inactive|justsillys has 20 seconds left.
|inactive|justsillys has 15 seconds left.
|inactive|justsillys has 10 seconds left.
|inactive|justsillys has 5 seconds left.
|
|t:|1785952123
|switch|p1a: Transylvania|Hatterene, L50, F|100/100
|move|p1b: T&M|Protect|p1b: T&M
|-singleturn|p1b: T&M|Protect
|move|p2b: Incineroar|Parting Shot|p1b: T&M
|-activate|p1b: T&M|move: Protect
|move|p2a: Delphox|Psyshock|p1b: T&M
|-activate|p1b: T&M|move: Protect
|
|-weather|SunnyDay|[upkeep]
|upkeep
|turn|4
|
|t:|1785952142
|switch|p2b: Sneasler|Sneasler, L50, M|100/100
|move|p2a: Delphox|Protect|p2a: Delphox
|-singleturn|p2a: Delphox|Protect
|move|p1b: T&M|Eruption|p2b: Sneasler|[spread] p2b
|-activate|p2a: Delphox|move: Protect
|-enditem|p2b: Sneasler|Focus Sash
|-damage|p2b: Sneasler|1/100
|move|p1a: Transylvania|Dazzling Gleam|p2a: Delphox|[spread] p2b
|-activate|p2a: Delphox|move: Protect
|-damage|p2b: Sneasler|0 fnt
|faint|p2b: Sneasler
|-damage|p1a: Transylvania|90/100|[from] item: Life Orb
|
|-weather|SunnyDay|[upkeep]
|upkeep
|
|t:|1785952154
|switch|p2b: Incineroar|Incineroar, L50, M|53/100
|-ability|p2b: Incineroar|Intimidate|boost
|-unboost|p1a: Transylvania|atk|1
|-unboost|p1b: T&M|atk|1
|turn|5
|inactive|justsillys has 30 seconds left.
|inactive|justsillys has 20 seconds left.
|inactive|justsillys has 15 seconds left.
|
|t:|1785952199
|move|p1b: T&M|Protect|p1b: T&M
|-singleturn|p1b: T&M|Protect
|move|p2b: Incineroar|Fake Out|p1a: Transylvania
|-damage|p1a: Transylvania|77/100
|cant|p1a: Transylvania|flinch
|move|p2a: Delphox|Nasty Plot|p2a: Delphox
|-boost|p2a: Delphox|spa|2
|
|-weather|none
|-fieldend|move: Trick Room
|upkeep
|turn|6
|inactive|justsillys has 30 seconds left.
|
|t:|1785952225
|switch|p1b: Alolan Rillaboom|Oranguru, L50, M|88/100
|move|p2b: Incineroar|Helping Hand|p2a: Delphox
|-singleturn|p2a: Delphox|Helping Hand|[of] p2b: Incineroar
|move|p2a: Delphox|Heat Wave|p1a: Transylvania|[spread] p1a,p1b
|-damage|p1a: Transylvania|0 fnt
|-damage|p1b: Alolan Rillaboom|0 fnt
|faint|p1a: Transylvania
|faint|p1b: Alolan Rillaboom
|
|upkeep
|
|t:|1785952236
|switch|p1b: T&M|Torkoal, L50, M|100/100
|switch|p1a: Bichota|Mawile, L50, F|100/100
|-weather|SunnyDay|[from] ability: Drought|[of] p1b: T&M
|turn|7
|
|t:|1785952253
|detailschange|p1a: Bichota|Mawile-Mega, L50, F
|-mega|p1a: Bichota|Mawile|Mawilite
|move|p2b: Incineroar|Helping Hand|p2a: Delphox
|-singleturn|p2a: Delphox|Helping Hand|[of] p2b: Incineroar
|move|p1a: Bichota|Protect|p1a: Bichota
|-singleturn|p1a: Bichota|Protect
|move|p2a: Delphox|Heat Wave|p1a: Bichota|[spread] p1b
|-activate|p1a: Bichota|move: Protect
|-resisted|p1b: T&M|1
|-damage|p1b: T&M|0 fnt
|faint|p1b: T&M
|
|-weather|SunnyDay|[upkeep]
|upkeep
|turn|8
|
|t:|1785952270
|move|p1a: Bichota|Sucker Punch|p2a: Delphox
|-supereffective|p2a: Delphox|1
|-damage|p2a: Delphox|0 fnt
|faint|p2a: Delphox
|move|p2b: Incineroar|Parting Shot|p1a: Bichota
|-unboost|p1a: Bichota|atk|1
|-unboost|p1a: Bichota|spa|1
|
|t:|1785952274
|switch|p2b: Kingambit|Kingambit, L50, M|100/100|[from] Parting Shot
|
|-weather|SunnyDay|[upkeep]
|upkeep
|
|t:|1785952275
|switch|p2a: Incineroar|Incineroar, L50, M|53/100
|-ability|p2a: Incineroar|Intimidate|boost
|-unboost|p1a: Bichota|atk|1
|turn|9
|-message|justsillys forfeited.
|
|win|Daybs
|l|☆justsillys
|player|p1|
||Daybs is ready for game 2.
|j|☆justsillys
|player|p1|justsillys|101|
