|j|☆AEB 328
|j|☆realredgod.
|html|AEB 328realredgod.    
|uhtml|bestof|Game 2 of a best-of-3
|t:|1756227104
|gametype|doubles
|player|p1|AEB 328|will|
|player|p2|realredgod.|170|
|gen|9
|tier|[Gen 9] VGC 2025 Reg H (Bo3)
|rule|Species Clause: Limit one of each Pokémon
|rule|Item Clause: Limit 1 of each item
|clearpoke
|poke|p1|Charizard, L50, M|
|poke|p1|Torkoal, L50, F|
|poke|p1|Porygon2, L50|
|poke|p1|Incineroar, L50, F|
|poke|p1|Jumpluff, L50, F|
|poke|p1|Ursaluna, L50, M|
|poke|p2|Rillaboom, L50, F|
|poke|p2|Magmar, L50, M|
|poke|p2|Dragapult, L50, F|
|poke|p2|Primarina, L50, F|
|poke|p2|Sneasler, L50, F|
|poke|p2|Kingambit, L50, M|
|teampreview|4
|showteam|p1|Charizard||ChoiceSpecs|SolarPower|HeatWave,SolarBeam,WeatherBall,AirSlash|||M|||50|,,,,,Ghost]Torkoal||EjectPack|Drought|HeatWave,Overheat,HelpingHand,Protect|||F|||50|,,,,,Grass]Porygon2||Eviolite|Download|IceBeam,TeraBlast,TrickRoom,Recover||||||50|,,,,,Fighting]Incineroar||SitrusBerry|Intimidate|FlareBlitz,KnockOff,FakeOut,PartingShot|||F|||50|,,,,,Ghost]Jumpluff||CovertCloak|Chlorophyll|SleepPowder,SunnyDay,RagePowder,Tailwind|||F|||50|,,,,,Water]Ursaluna||FlameOrb|Guts|HeadlongRush,Facade,Earthquake,Protect|||M|||50|,,,,,Fairy
|showteam|p2|Rillaboom||AssaultVest|GrassySurge|GrassyGlide,HighHorsepower,FakeOut,WoodHammer|||F|||50|,,,,,Fire]Magmar||Eviolite|VitalSpirit|Overheat,WillOWisp,FollowMe,Protect|||M|||50|,,,,,Ghost]Dragapult||ChoiceBand|ClearBody|DragonDarts,PhantomForce,Outrage,Uturn|||F|||50|,,,,,Dragon]Primarina||SitrusBerry|LiquidVoice|Haze,HyperVoice,Moonblast,Protect|||F|||50|,,,,,Poison]Sneasler||FocusSash|PoisonTouch|DireClaw,CloseCombat,FakeOut,Protect|||F|||50|,,,,,Ghost]Kingambit||BlackGlasses|Defiant|KowtowCleave,SuckerPunch,SwordsDance,Protect|||M|||50|,,,,,Dark
|inactive|Battle timer is ON: inactive players will automatically lose when time's up. (requested by AEB 328)
|
|t:|1756227129
|teamsize|p1|4
|teamsize|p2|4
|start
|switch|p1a: Jumpluff|Jumpluff, L50, F|100/100
|switch|p1b: Torkoal|Torkoal, L50, F|100/100
|switch|p2a: Rillaboom|Rillaboom, L50, F|100/100
|switch|p2b: Magmar|Magmar, L50, M|100/100
|-fieldstart|move: Grassy Terrain|[from] ability: Grassy Surge|[of] p2a: Rillaboom
|-weather|SunnyDay|[from] ability: Drought|[of] p1b: Torkoal
|turn|1
|
|t:|1756227151
|switch|p1a: Charizard|Charizard, L50, M|100/100
|move|p2a: Rillaboom|Fake Out|p1b: Torkoal
|-damage|p1b: Torkoal|88/100
|move|p2b: Magmar|Overheat|p1a: Charizard|[miss]
|-miss|p2b: Magmar|p1a: Charizard
|cant|p1b: Torkoal|flinch
|
|-weather|SunnyDay|[upkeep]
|-damage|p1a: Charizard|88/100|[from] ability: Solar Power|[of] p1a: Charizard
|-heal|p1b: Torkoal|94/100|[from] Grassy Terrain
|upkeep
|turn|2
|inactive|realredgod. has 30 seconds left.
|
|t:|1756227184
|switch|p2b: Primarina|Primarina, L50, F|100/100
|-terastallize|p2a: Rillaboom|Fire
|move|p1a: Charizard|Heat Wave|p2a: Rillaboom|[spread] p2b
|-miss|p1a: Charizard|p2a: Rillaboom
|-resisted|p2b: Primarina
|-damage|p2b: Primarina|49/100
|-enditem|p2b: Primarina|Sitrus Berry|[eat]
|-heal|p2b: Primarina|74/100|[from] item: Sitrus Berry
|move|p2a: Rillaboom|High Horsepower|p1b: Torkoal
|-supereffective|p1b: Torkoal
|-damage|p1b: Torkoal|43/100
|move|p1b: Torkoal|Overheat|p2a: Rillaboom
|-resisted|p2a: Rillaboom
|-damage|p2a: Rillaboom|67/100
|-unboost|p1b: Torkoal|spa|2
|-enditem|p1b: Torkoal|Eject Pack
|
|t:|1756227202
|switch|p1b: Jumpluff|Jumpluff, L50, F|100/100
|
|-weather|SunnyDay|[upkeep]
|-damage|p1a: Charizard|76/100|[from] ability: Solar Power|[of] p1a: Charizard
|-heal|p2a: Rillaboom|73/100|[from] Grassy Terrain
|-heal|p2b: Primarina|80/100|[from] Grassy Terrain
|upkeep
|turn|3
|
|t:|1756227226
|switch|p2a: Magmar|Magmar, L50, M|100/100
|move|p1b: Jumpluff|Sleep Powder|p2b: Primarina|[miss]
|-miss|p1b: Jumpluff|p2b: Primarina
|move|p1a: Charizard|Heat Wave|p2b: Primarina|[spread] p2b
|-miss|p1a: Charizard|p2a: Magmar
|-resisted|p2b: Primarina
|-damage|p2b: Primarina|30/100
|move|p2b: Primarina|Hyper Voice|p1b: Jumpluff|[spread] p1a,p1b
|-supereffective|p1a: Charizard
|-resisted|p1b: Jumpluff
|-damage|p1a: Charizard|29/100
|-damage|p1b: Jumpluff|93/100
|
|-weather|SunnyDay|[upkeep]
|-damage|p1a: Charizard|16/100|[from] ability: Solar Power|[of] p1a: Charizard
|-heal|p2b: Primarina|36/100|[from] Grassy Terrain
|upkeep
|turn|4
|inactive|realredgod. has 30 seconds left.
|
|t:|1756227255
|switch|p1b: Ursaluna|Ursaluna, L50, M|100/100
|move|p2b: Primarina|Protect|p2b: Primarina
|-singleturn|p2b: Primarina|Protect
|move|p1a: Charizard|Heat Wave|p2a: Magmar|[spread] 
|-activate|p2b: Primarina|move: Protect
|-miss|p1a: Charizard|p2a: Magmar
|move|p2a: Magmar|Overheat|p1b: Ursaluna
|-damage|p1b: Ursaluna|30/100
|-unboost|p2a: Magmar|spa|2
|
|-weather|SunnyDay|[upkeep]
|-damage|p1a: Charizard|4/100|[from] ability: Solar Power|[of] p1a: Charizard
|-heal|p2b: Primarina|42/100|[from] Grassy Terrain
|-heal|p1b: Ursaluna|36/100|[from] Grassy Terrain
|-status|p1b: Ursaluna|brn|[from] item: Flame Orb
|upkeep
|turn|5
|inactive|realredgod. has 30 seconds left.
|inactive|realredgod. has 20 seconds left.
|
|t:|1756227295
|move|p2a: Magmar|Follow Me|p2a: Magmar
|-singleturn|p2a: Magmar|move: Follow Me
|move|p1a: Charizard|Heat Wave|p2b: Primarina|[spread] p2a,p2b
|-resisted|p2a: Magmar
|-resisted|p2b: Primarina
|-damage|p2a: Magmar|54/100
|-damage|p2b: Primarina|0 fnt
|faint|p2b: Primarina
|move|p1b: Ursaluna|Facade|p2a: Magmar
|-damage|p2a: Magmar|0 fnt
|faint|p2a: Magmar
|
|-weather|none
|-heal|p1b: Ursaluna|42/100 brn|[from] Grassy Terrain
|-damage|p1b: Ursaluna|36/100 brn|[from] brn
|-fieldend|move: Grassy Terrain
|upkeep
|
|t:|1756227309
|switch|p2a: Sneasler|Sneasler, L50, F|100/100
|switch|p2b: Rillaboom|Rillaboom, L50, F, tera:Fire|73/100
|-fieldstart|move: Grassy Terrain|[from] ability: Grassy Surge|[of] p2b: Rillaboom
|turn|6
|
|t:|1756227331
|move|p1b: Ursaluna|Protect|p1b: Ursaluna
|-singleturn|p1b: Ursaluna|Protect
|move|p2b: Rillaboom|Grassy Glide|p1a: Charizard
|-resisted|p1a: Charizard
|-damage|p1a: Charizard|0 fnt
|faint|p1a: Charizard
|move|p2a: Sneasler|Dire Claw|p1b: Ursaluna
|-activate|p1b: Ursaluna|move: Protect
|
|-heal|p2b: Rillaboom|79/100|[from] Grassy Terrain
|-heal|p1b: Ursaluna|42/100 brn|[from] Grassy Terrain
|-damage|p1b: Ursaluna|36/100 brn|[from] brn
|upkeep
|
|t:|1756227335
|switch|p1a: Jumpluff|Jumpluff, L50, F|93/100
|turn|7
|inactive|AEB 328 has 30 seconds left.
|
|t:|1756227362
|-terastallize|p1a: Jumpluff|Water
|move|p1a: Jumpluff|Rage Powder|p1a: Jumpluff
|-singleturn|p1a: Jumpluff|move: Rage Powder
|move|p2a: Sneasler|Dire Claw|p1a: Jumpluff
|-damage|p1a: Jumpluff|45/100
|move|p2b: Rillaboom|Wood Hammer|p1a: Jumpluff
|-supereffective|p1a: Jumpluff
|-damage|p1a: Jumpluff|0 fnt
|faint|p1a: Jumpluff
|-damage|p2b: Rillaboom|66/100|[from] Recoil
|move|p1b: Ursaluna|Facade|p2b: Rillaboom
|-damage|p2b: Rillaboom|0 fnt
|faint|p2b: Rillaboom
|
|-heal|p1b: Ursaluna|42/100 brn|[from] Grassy Terrain
|-damage|p1b: Ursaluna|36/100 brn|[from] brn
|upkeep
|
|t:|1756227382
|switch|p1a: Torkoal|Torkoal, L50, F|43/100
|-weather|SunnyDay|[from] ability: Drought|[of] p1a: Torkoal
|turn|8
|inactive|realredgod. has 30 seconds left.
|inactive|realredgod. has 20 seconds left.
|inactive|realredgod. has 15 seconds left.
|inactive|realredgod. has 10 seconds left.
|inactive|realredgod. has 5 seconds left.
|
|t:|1756227433
|move|p1b: Ursaluna|Protect|p1b: Ursaluna
|-singleturn|p1b: Ursaluna|Protect
|move|p1a: Torkoal|Protect|p1a: Torkoal
|-singleturn|p1a: Torkoal|Protect
|move|p2a: Sneasler|Dire Claw|p1a: Torkoal
|-activate|p1a: Torkoal|move: Protect
|
|-weather|SunnyDay|[upkeep]
|-heal|p1b: Ursaluna|42/100 brn|[from] Grassy Terrain
|-heal|p1a: Torkoal|50/100|[from] Grassy Terrain
|-damage|p1b: Ursaluna|36/100 brn|[from] brn
|upkeep
|turn|9
|
|t:|1756227445
|move|p2a: Sneasler|Dire Claw|p1b: Ursaluna
|-resisted|p1b: Ursaluna
|-damage|p1b: Ursaluna|20/100 brn
|move|p1b: Ursaluna|Facade|p2a: Sneasler
|-enditem|p2a: Sneasler|Focus Sash
|-damage|p2a: Sneasler|1/100
|move|p1a: Torkoal|Heat Wave|p2a: Sneasler
|-damage|p2a: Sneasler|0 fnt
|faint|p2a: Sneasler
|
|win|AEB 328
|l|☆realredgod.
|player|p2|
|c|☆AEB 328|Gg!
