|j|☆wait for swarley
|j|☆DanteRush
|html|wait for swarleyDanteRush    
|uhtml|bestof|Game 1 of a best-of-3
|t:|1784988933
|gametype|doubles
|player|p1|wait for swarley|volo|1190
|player|p2|DanteRush|koga|1074
|gen|9
|tier|[Gen 9 Champions] VGC 2026 Reg M-B (Bo3)
|rated|
|rule|Species Clause: Limit one of each Pokémon
|rule|Item Clause: Limit 1 of each item
|clearpoke
|poke|p1|Grimmsnarl, L50, M|
|poke|p1|Incineroar, L50, F|
|poke|p1|Maushold-Four, L50|
|poke|p1|Annihilape, L50, M|
|poke|p1|Floette-Eternal, L50, F|
|poke|p1|Raichu, L50, F|
|poke|p2|Venusaur, L50, M|
|poke|p2|Pelipper, L50, F|
|poke|p2|Grimmsnarl, L50, M|
|poke|p2|Archaludon, L50, F|
|poke|p2|Basculegion, L50, M|
|poke|p2|Metagross, L50|
|teampreview|4
|showteam|p1|Grimmsnarl||LightClay|Prankster|SpiritBreak,Reflect,LightScreen,PartingShot|Careful||M|||50|]Incineroar||SitrusBerry|Intimidate|FakeOut,FlareBlitz,ThroatChop,PartingShot|Careful||F|||50|]Maushold-Four||FocusSash|FriendGuard|FollowMe,SuperFang,Encore,Protect|Timid|||||50|]Annihilape||Leftovers|Defiant|RageFist,DrainPunch,BulkUp,Protect|Adamant||M|||50|]Floette-Eternal||Floettite|FlowerVeil|Moonblast,DrainingKiss,CalmMind,Protect|Modest||F|||50|]Raichu||RaichuniteY|LightningRod|ZapCannon,GrassKnot,FakeOut,Protect|Modest||F|||50|
|showteam|p2|Venusaur||Venusaurite|Chlorophyll|Protect,EarthPower,SludgeBomb,GigaDrain|Modest||M|||50|]Pelipper||FocusSash|Drizzle|Protect,WeatherBall,Hurricane,Tailwind|Modest||F|||50|]Grimmsnarl||LightClay|Prankster|PartingShot,SpiritBreak,Reflect,LightScreen|Careful||M|||50|]Archaludon||Leftovers|Stamina|Protect,DragonPulse,FlashCannon,ElectroShot|Calm||F|||50|]Basculegion||ChoiceScarf|Adaptability|WaveCrash,FlipTurn,AquaJet,LastRespects|Jolly||M|||50|]Metagross||Metagrossite|ClearBody|Protect,IronHead,PsychicFangs,BodyPress|Jolly|||||50|
|inactive|Battle timer is ON: inactive players will automatically lose when time's up. (requested by wait for swarley)
|inactive|DanteRush also wants the timer to be on.
|inactive|DanteRush has 60 seconds left.
|inactive|DanteRush has 30 seconds left.
|inactive|DanteRush has 20 seconds left.
|inactive|DanteRush has 15 seconds left.
|inactive|DanteRush has 10 seconds left.
|inactive|DanteRush has 5 seconds left.
|
|t:|1784989021
|teamsize|p1|4
|teamsize|p2|4
|start
|switch|p1a: Raichu|Raichu, L50, F|100/100
|switch|p1b: Grimmsnarl|Grimmsnarl, L50, M|100/100
|switch|p2a: Basculegion|Basculegion, L50, M|100/100
|switch|p2b: Pelipper|Pelipper, L50, F|100/100
|-weather|RainDance|[from] ability: Drizzle|[of] p2b: Pelipper
|turn|1
|inactive|DanteRush has 30 seconds left.
|
|t:|1784989049
|move|p1a: Raichu|Protect|p1a: Raichu
|-singleturn|p1a: Raichu|Protect
|move|p1b: Grimmsnarl|Reflect|p1b: Grimmsnarl
|-sidestart|p1: wait for swarley|Reflect
|move|p2a: Basculegion|Flip Turn|p1b: Grimmsnarl
|-damage|p1b: Grimmsnarl|64/100
|
|t:|1784989058
|switch|p2a: Archaludon|Archaludon, L50, F|100/100|[from] Flip Turn
|move|p2b: Pelipper|Weather Ball|p1b: Grimmsnarl
|-damage|p1b: Grimmsnarl|7/100
|
|-weather|RainDance|[upkeep]
|upkeep
|turn|2
|
|t:|1784989070
|detailschange|p1a: Raichu|Raichu-Mega-Y, L50, F
|-mega|p1a: Raichu|Raichu|Raichunite Y
|move|p1b: Grimmsnarl|Parting Shot|p2a: Archaludon
|-unboost|p2a: Archaludon|atk|1
|-unboost|p2a: Archaludon|spa|1
|
|t:|1784989075
|switch|p1b: Annihilape|Annihilape, L50, M|100/100|[from] Parting Shot
|move|p1a: Raichu|Zap Cannon|p2b: Pelipper
|-supereffective|p2b: Pelipper|2
|-enditem|p2b: Pelipper|Focus Sash
|-damage|p2b: Pelipper|1/100
|-status|p2b: Pelipper|par
|move|p2a: Archaludon|Dragon Pulse|p1a: Raichu
|-damage|p1a: Raichu|71/100
|move|p2b: Pelipper|Weather Ball|p1b: Annihilape
|-damage|p1b: Annihilape|40/100
|
|-weather|RainDance|[upkeep]
|-heal|p1b: Annihilape|46/100|[from] item: Leftovers
|upkeep
|turn|3
|inactive|wait for swarley has 30 seconds left.
|inactive|DanteRush has 30 seconds left.
|inactive|DanteRush has 20 seconds left.
|
|t:|1784989110
|move|p1a: Raichu|Zap Cannon|p2b: Pelipper
|-supereffective|p2b: Pelipper|2
|-damage|p2b: Pelipper|0 fnt
|faint|p2b: Pelipper
|move|p1b: Annihilape|Bulk Up|p1b: Annihilape
|-boost|p1b: Annihilape|atk|1
|-boost|p1b: Annihilape|def|1
|move|p2a: Archaludon|Electro Shot||[still]
|-prepare|p2a: Archaludon|Electro Shot
|-boost|p2a: Archaludon|spa|1
|-anim|p2a: Archaludon|Electro Shot|p1b: Annihilape
|-damage|p1b: Annihilape|12/100
|
|-weather|RainDance|[upkeep]
|-heal|p1b: Annihilape|18/100|[from] item: Leftovers
|upkeep
|inactive|DanteRush has 30 seconds left.
|
|t:|1784989138
|switch|p2b: Basculegion|Basculegion, L50, M|100/100
|turn|4
|
|t:|1784989145
|move|p1b: Annihilape|Protect|p1b: Annihilape
|-singleturn|p1b: Annihilape|Protect
|move|p2b: Basculegion|Wave Crash|p1a: Raichu
|-damage|p1a: Raichu|0 fnt
|faint|p1a: Raichu
|-damage|p2b: Basculegion|80/100|[from] Recoil
|move|p2a: Archaludon|Electro Shot||[still]
|-prepare|p2a: Archaludon|Electro Shot
|-boost|p2a: Archaludon|spa|1
|-anim|p2a: Archaludon|Electro Shot|p1b: Annihilape
|-activate|p1b: Annihilape|move: Protect
|
|-weather|RainDance|[upkeep]
|-heal|p1b: Annihilape|25/100|[from] item: Leftovers
|upkeep
|
|t:|1784989156
|switch|p1a: Maushold|Maushold-Four, L50|100/100
|turn|5
|
|t:|1784989173
|move|p1a: Maushold|Follow Me|p1a: Maushold
|-singleturn|p1a: Maushold|move: Follow Me
|move|p2b: Basculegion|Wave Crash|p1a: Maushold
|-enditem|p1a: Maushold|Focus Sash
|-damage|p1a: Maushold|1/100
|-damage|p2b: Basculegion|49/100|[from] Recoil
|move|p1b: Annihilape|Drain Punch|p2a: Archaludon
|-supereffective|p2a: Archaludon|1
|-damage|p2a: Archaludon|32/100
|-heal|p1b: Annihilape|56/100|[from] drain|[of] p2a: Archaludon
|-ability|p2a: Archaludon|Stamina|boost
|-boost|p2a: Archaludon|def|1
|move|p2a: Archaludon|Electro Shot||[still]
|-prepare|p2a: Archaludon|Electro Shot
|-boost|p2a: Archaludon|spa|1
|-anim|p2a: Archaludon|Electro Shot|p1a: Maushold
|-damage|p1a: Maushold|0 fnt
|faint|p1a: Maushold
|
|-weather|none
|-heal|p1b: Annihilape|62/100|[from] item: Leftovers
|-heal|p2a: Archaludon|39/100|[from] item: Leftovers
|upkeep
|
|t:|1784989190
|switch|p1a: Grimmsnarl|Grimmsnarl, L50, M|7/100
|turn|6
|
|t:|1784989206
|move|p2a: Archaludon|Protect|p2a: Archaludon
|-singleturn|p2a: Archaludon|Protect
|move|p1a: Grimmsnarl|Parting Shot|p2b: Basculegion
|-unboost|p2b: Basculegion|atk|1
|-unboost|p2b: Basculegion|spa|1
|move|p2b: Basculegion|Wave Crash|p1a: Grimmsnarl
|-damage|p1a: Grimmsnarl|0 fnt
|faint|p1a: Grimmsnarl
|-damage|p2b: Basculegion|47/100|[from] Recoil
|move|p1b: Annihilape|Drain Punch|p2a: Archaludon
|-activate|p2a: Archaludon|move: Protect
|
|-heal|p1b: Annihilape|69/100|[from] item: Leftovers
|-heal|p2a: Archaludon|45/100|[from] item: Leftovers
|upkeep
|turn|7
|
|t:|1784989223
|move|p2b: Basculegion|Wave Crash|p1b: Annihilape
|-damage|p1b: Annihilape|45/100
|-damage|p2b: Basculegion|38/100|[from] Recoil
|move|p1b: Annihilape|Drain Punch|p2a: Archaludon
|-supereffective|p2a: Archaludon|1
|-damage|p2a: Archaludon|0 fnt
|-heal|p1b: Annihilape|67/100|[from] drain|[of] p2a: Archaludon
|faint|p2a: Archaludon
|
|-heal|p1b: Annihilape|73/100|[from] item: Leftovers
|upkeep
|
|t:|1784989231
|switch|p2a: Metagross|Metagross, L50|100/100
|turn|8
|
|t:|1784989241
|move|p2a: Metagross|Protect|p2a: Metagross
|-singleturn|p2a: Metagross|Protect
|move|p2b: Basculegion|Wave Crash|p1b: Annihilape
|-damage|p1b: Annihilape|49/100
|-damage|p2b: Basculegion|30/100|[from] Recoil
|move|p1b: Annihilape|Rage Fist|p2a: Metagross
|-activate|p2a: Metagross|move: Protect
|
|-heal|p1b: Annihilape|55/100|[from] item: Leftovers
|-sideend|p1: wait for swarley|Reflect
|upkeep
|turn|9
|
|t:|1784989259
|detailschange|p2a: Metagross|Metagross-Mega, L50
|-mega|p2a: Metagross|Metagross|Metagrossite
|move|p1b: Annihilape|Protect|p1b: Annihilape
|-singleturn|p1b: Annihilape|Protect
|move|p2b: Basculegion|Wave Crash|p1b: Annihilape
|-activate|p1b: Annihilape|move: Protect
|move|p2a: Metagross|Psychic Fangs|p1b: Annihilape
|-activate|p1b: Annihilape|move: Protect
|
|-heal|p1b: Annihilape|61/100|[from] item: Leftovers
|upkeep
|turn|10
|
|t:|1784989280
|move|p2b: Basculegion|Wave Crash|p1b: Annihilape
|-damage|p1b: Annihilape|28/100
|-damage|p2b: Basculegion|18/100|[from] Recoil
|move|p2a: Metagross|Psychic Fangs|p1b: Annihilape
|-supereffective|p1b: Annihilape|1
|-damage|p1b: Annihilape|0 fnt
|faint|p1b: Annihilape
|
|win|DanteRush
||DanteRush is ready for game 2.
|inactive|wait for swarley has 30 seconds to confirm battle start!
||wait for swarley is ready for game 2.
|uhtml|next|Next: Game 2 of 3
