|j|☆GetaJobApplication
|j|☆Orion11Vgc
|html|GetaJobApplicationOrion11Vgc    
|uhtml|bestof|Game 3 of a best-of-3
|t:|1782242240
|gametype|doubles
|player|p1|GetaJobApplication|cynthia|1161
|player|p2|Orion11Vgc|lucas|1159
|gen|9
|tier|[Gen 9 Champions] VGC 2026 Reg M-B (Bo3)
|rated|
|rule|Species Clause: Limit one of each Pokémon
|rule|Item Clause: Limit 1 of each item
|clearpoke
|poke|p1|Maushold-Four, L50|
|poke|p1|Pelipper, L50, M|
|poke|p1|Farigiraf, L50, F, shiny|
|poke|p1|Archaludon, L50, F|
|poke|p1|Swampert, L50, M|
|poke|p1|Mawile, L50, F|
|poke|p2|Raichu, L50, M|
|poke|p2|Floette-Eternal, L50, F|
|poke|p2|Incineroar, L50, F|
|poke|p2|Sinistcha, L50|
|poke|p2|Milotic, L50, F|
|poke|p2|Ceruledge, L50, M|
|teampreview|4
|showteam|p1|Maushold-Four||ChopleBerry|FriendGuard|FollowMe,Protect,RainDance,SuperFang|Timid|||||50|]Pelipper||FocusSash|Drizzle|Tailwind,Hurricane,Protect,WeatherBall|Modest||M|||50|]Farigiraf||SitrusBerry|ArmorTail|Psychic,TrickRoom,Protect,Thunderbolt|Modest||F|||50|]Archaludon||Leftovers|Stamina|FlashCannon,DragonPulse,ElectroShot,Protect|Modest||F|||50|]Swampert||Swampertite|Torrent|IcePunch,WaveCrash,HighHorsepower,Protect|Adamant||M|||50|]Mawile||Mawilite|HyperCutter|SuckerPunch,IronHead,PlayRough,Protect|Adamant||F|||50|
|showteam|p2|Raichu||RaichuniteY|LightningRod|ZapCannon,FocusBlast,FakeOut,Protect|Timid||M|||50|]Floette-Eternal||Floettite|FlowerVeil|DazzlingGleam,DrainingKiss,CalmMind,Protect|Timid||F|||50|]Incineroar||SitrusBerry|Intimidate|FakeOut,FlareBlitz,ThroatChop,PartingShot|Impish||F|||50|]Sinistcha||KasibBerry|Hospitality|MatchaGotcha,RagePowder,LifeDew,Protect|Relaxed|||||50|]Milotic||Leftovers|Competitive|MuddyWater,Coil,Hypnosis,Protect|Calm||F|||50|]Ceruledge||ColburBerry|FlashFire|BitterBlade,ShadowSneak,BulkUp,Protect|Adamant||M|||50|
|inactive|Battle timer is ON: inactive players will automatically lose when time's up. (requested by Orion11Vgc)
|
|t:|1782242263
|teamsize|p1|4
|teamsize|p2|4
|start
|switch|p1a: Pelipper|Pelipper, L50, M|100/100
|switch|p1b: Archaludon|Archaludon, L50, F|100/100
|switch|p2a: Raichu|Raichu, L50, M|100/100
|switch|p2b: Milotic|Milotic, L50, F|100/100
|-weather|RainDance|[from] ability: Drizzle|[of] p1a: Pelipper
|turn|1
|
|t:|1782242279
|move|p2a: Raichu|Fake Out|p1a: Pelipper
|-damage|p1a: Pelipper|89/100
|cant|p1a: Pelipper|flinch
|move|p1b: Archaludon|Dragon Pulse|p2a: Raichu
|-damage|p2a: Raichu|49/100
|move|p2b: Milotic|Coil|p2b: Milotic
|-boost|p2b: Milotic|atk|1
|-boost|p2b: Milotic|def|1
|-boost|p2b: Milotic|accuracy|1
|
|-weather|RainDance|[upkeep]
|upkeep
|turn|2
|
|t:|1782242300
|switch|p1a: Swampert|Swampert, L50, M|100/100
|move|p2a: Raichu|Protect|p2a: Raichu
|-singleturn|p2a: Raichu|Protect
|move|p1b: Archaludon|Dragon Pulse|p2a: Raichu
|-activate|p2a: Raichu|move: Protect
|move|p2b: Milotic|Hypnosis|p1b: Archaludon
|-status|p1b: Archaludon|slp|[from] move: Hypnosis
|
|-weather|RainDance|[upkeep]
|upkeep
|turn|3
|
|t:|1782242322
|switch|p2a: Sinistcha|Sinistcha, L50|100/100
|detailschange|p1a: Swampert|Swampert-Mega, L50, M
|-mega|p1a: Swampert|Swampert|Swampertite
|move|p1a: Swampert|Wave Crash|p2a: Sinistcha
|-resisted|p2a: Sinistcha|1
|-damage|p2a: Sinistcha|49/100
|-damage|p1a: Swampert|83/100|[from] Recoil
|cant|p1b: Archaludon|slp
|move|p2b: Milotic|Coil|p2b: Milotic
|-boost|p2b: Milotic|atk|1
|-boost|p2b: Milotic|def|1
|-boost|p2b: Milotic|accuracy|1
|
|-weather|RainDance|[upkeep]
|upkeep
|turn|4
|
|t:|1782242341
|move|p2a: Sinistcha|Protect|p2a: Sinistcha
|-singleturn|p2a: Sinistcha|Protect
|move|p1a: Swampert|Wave Crash|p2a: Sinistcha
|-activate|p2a: Sinistcha|move: Protect
|-curestatus|p1b: Archaludon|slp|[msg]
|move|p1b: Archaludon|Electro Shot||[still]
|-prepare|p1b: Archaludon|Electro Shot
|-boost|p1b: Archaludon|spa|1
|-anim|p1b: Archaludon|Electro Shot|p2b: Milotic
|-supereffective|p2b: Milotic|1
|-damage|p2b: Milotic|20/100y
|move|p2b: Milotic|Hypnosis|p1a: Swampert
|-status|p1a: Swampert|slp|[from] move: Hypnosis
|
|-weather|RainDance|[upkeep]
|-heal|p2b: Milotic|26/100|[from] item: Leftovers
|upkeep
|turn|5
|inactive|Orion11Vgc has 30 seconds left.
|
|t:|1782242367
|move|p2b: Milotic|Protect|p2b: Milotic
|-singleturn|p2b: Milotic|Protect
|cant|p1a: Swampert|slp
|move|p1b: Archaludon|Dragon Pulse|p2a: Sinistcha
|-damage|p2a: Sinistcha|0 fnt
|faint|p2a: Sinistcha
|
|-weather|none
|-heal|p2b: Milotic|32/100|[from] item: Leftovers
|upkeep
|
|t:|1782242379
|switch|p2a: Raichu|Raichu, L50, M|49/100
|turn|6
|
|t:|1782242389
|switch|p1a: Farigiraf|Farigiraf, L50, F, shiny|100/100
|detailschange|p2a: Raichu|Raichu-Mega-Y, L50, M
|-mega|p2a: Raichu|Raichu|Raichunite Y
|move|p2a: Raichu|Focus Blast|p1b: Archaludon
|-supereffective|p1b: Archaludon|1
|-crit|p1b: Archaludon
|-damage|p1b: Archaludon|0 fnt
|faint|p1b: Archaludon
|move|p2b: Milotic|Muddy Water|p1a: Farigiraf
|-damage|p1a: Farigiraf|68/100
|
|-heal|p2b: Milotic|38/100|[from] item: Leftovers
|upkeep
|c|☆GetaJobApplication|hey
|
|t:|1782242404
|switch|p1b: Swampert|Swampert-Mega, L50, M|83/100 slp
|turn|7
|c|☆Orion11Vgc|ohi ohi
|c|☆GetaJobApplication|thats my thing
|inactive|Orion11Vgc has 30 seconds left.
|
|t:|1782242432
|move|p2b: Milotic|Protect|p2b: Milotic
|-singleturn|p2b: Milotic|Protect
|move|p2a: Raichu|Zap Cannon|p1a: Farigiraf
|-damage|p1a: Farigiraf|8/100
|-status|p1a: Farigiraf|par
|-enditem|p1a: Farigiraf|Sitrus Berry|[eat]
|-heal|p1a: Farigiraf|33/100 par|[from] item: Sitrus Berry
|cant|p1b: Swampert|slp
|move|p1a: Farigiraf|Thunderbolt|p2b: Milotic
|-activate|p2b: Milotic|move: Protect
|
|-heal|p2b: Milotic|44/100|[from] item: Leftovers
|upkeep
|turn|8
|
|t:|1782242457
|switch|p2a: Incineroar|Incineroar, L50, F|100/100
|-ability|p2a: Incineroar|Intimidate|boost
|-unboost|p1a: Farigiraf|atk|1
|-unboost|p1b: Swampert|atk|1
|-curestatus|p1b: Swampert|slp|[msg]
|move|p1b: Swampert|High Horsepower|p2a: Incineroar
|-supereffective|p2a: Incineroar|1
|-damage|p2a: Incineroar|43/100
|-enditem|p2a: Incineroar|Sitrus Berry|[eat]
|-heal|p2a: Incineroar|68/100|[from] item: Sitrus Berry
|move|p2b: Milotic|Muddy Water|p1a: Farigiraf|[spread] p1a,p1b
|-crit|p1b: Swampert
|-damage|p1a: Farigiraf|12/100 par
|-damage|p1b: Swampert|52/100
|move|p1a: Farigiraf|Thunderbolt|p2b: Milotic
|-supereffective|p2b: Milotic|1
|-damage|p2b: Milotic|12/100
|
|-heal|p2b: Milotic|18/100|[from] item: Leftovers
|upkeep
|turn|9
|inactive|GetaJobApplication has 30 seconds left.
|
|t:|1782242491
|switch|p1a: Pelipper|Pelipper, L50, M|89/100
|-weather|RainDance|[from] ability: Drizzle|[of] p1a: Pelipper
|move|p2b: Milotic|Protect|p2b: Milotic
|-singleturn|p2b: Milotic|Protect
|move|p1b: Swampert|Wave Crash|p2a: Incineroar
|-supereffective|p2a: Incineroar|1
|-damage|p2a: Incineroar|0 fnt
|faint|p2a: Incineroar
|-damage|p1b: Swampert|26/100|[from] Recoil
|
|-weather|RainDance|[upkeep]
|-heal|p2b: Milotic|24/100|[from] item: Leftovers
|upkeep
|
|t:|1782242505
|switch|p2a: Raichu|Raichu-Mega-Y, L50, M|49/100
|turn|10
|
|t:|1782242513
|move|p2a: Raichu|Protect|p2a: Raichu
|-singleturn|p2a: Raichu|Protect
|move|p1b: Swampert|High Horsepower|p2a: Raichu
|-activate|p2a: Raichu|move: Protect
|move|p1a: Pelipper|Hurricane|p2b: Milotic
|-crit|p2b: Milotic
|-damage|p2b: Milotic|0 fnt
|faint|p2b: Milotic
|
|-weather|RainDance|[upkeep]
|upkeep
|turn|11
|c|☆GetaJobApplication|gg
|c|☆Orion11Vgc|bro ahahah
|c|☆Orion11Vgc|gg
|
|t:|1782242534
|move|p1b: Swampert|Wave Crash|p2a: Raichu
|-damage|p2a: Raichu|0 fnt
|faint|p2a: Raichu
|-damage|p1b: Swampert|11/100|[from] Recoil
|
|win|GetaJobApplication
|raw|GetaJobApplication's rating: 1161 → 1186(+25 for winning)
|raw|Orion11Vgc's rating: 1159 → 1134(-25 for losing)
|l|☆Orion11Vgc
|player|p2|
