|j|☆thaduck
|j|☆sedrav
|html|thaducksedrav    
|uhtml|bestof|Game 3 of a best-of-3
|t:|1785797136
|gametype|doubles
|player|p1|thaduck|ghetsis|1356
|player|p2|sedrav|hilbert|1293
|gen|9
|tier|[Gen 9 Champions] VGC 2026 Reg M-B (Bo3)
|rated|
|rule|Species Clause: Limit one of each Pokémon
|rule|Item Clause: Limit 1 of each item
|clearpoke
|poke|p1|Delphox, L50, M|
|poke|p1|Blastoise, L50, F|
|poke|p1|Sneasler, L50, F|
|poke|p1|Kingambit, L50, M|
|poke|p1|Incineroar, L50, M|
|poke|p1|Sinistcha, L50|
|poke|p2|Tyranitar, L50, M|
|poke|p2|Excadrill, L50, F|
|poke|p2|Milotic, L50, F|
|poke|p2|Sinistcha, L50|
|poke|p2|Staraptor, L50, F|
|poke|p2|Gholdengo, L50|
|teampreview|4
|showteam|p1|Delphox||Delphoxite|Blaze|HeatWave,Psychic,NastyPlot,Protect|Timid||M|||50|]Blastoise||Blastoisinite|Torrent|WaterSpout,DarkPulse,ShellSmash,Protect|Modest||F|||50|]Sneasler||FocusSash|PoisonTouch|FakeOut,PoisonJab,CloseCombat,QuickGuard|Jolly||F|||50|]Kingambit||LifeOrb|Defiant|KowtowCleave,SuckerPunch,SwordsDance,Protect|Adamant||M|||50|]Incineroar||SitrusBerry|Intimidate|FakeOut,FlareBlitz,HelpingHand,PartingShot|Impish||M|||50|]Sinistcha||ColburBerry|Hospitality|MatchaGotcha,RagePowder,TrickRoom,Protect|Bold|||||50|
|showteam|p2|Tyranitar||Tyranitarite|SandStream|KnockOff,RockSlide,LowKick,Protect|Jolly||M|||50|]Excadrill||FocusSash|SandRush|HighHorsepower,IronHead,RockSlide,Protect|Adamant||F|||50|]Milotic||SitrusBerry|Competitive|Scald,Haze,IceBeam,Protect|Bold||F|||50|]Sinistcha||ColburBerry|Hospitality|MatchaGotcha,ShadowBall,Protect,RagePowder|Bold|||||50|]Staraptor||Staraptite|Intimidate|CloseCombat,BraveBird,Tailwind,Protect|Jolly||F|||50|]Gholdengo||LifeOrb|GoodasGold|MakeItRain,ShadowBall,NastyPlot,Protect|Modest|||||50|
|inactive|Battle timer is ON: inactive players will automatically lose when time's up. (requested by sedrav)
|
|t:|1785797161
|teamsize|p1|4
|teamsize|p2|4
|start
|switch|p1a: Blastoise|Blastoise, L50, F|100/100
|switch|p1b: Sneasler|Sneasler, L50, F|100/100
|switch|p2a: Milotic|Milotic, L50, F|100/100
|switch|p2b: Staraptor|Staraptor, L50, F|100/100
|-ability|p2b: Staraptor|Intimidate|boost
|-unboost|p1a: Blastoise|atk|1
|-unboost|p1b: Sneasler|atk|1
|turn|1
|inactive|sedrav has 30 seconds left.
|inactive|sedrav has 20 seconds left.
|
|t:|1785797199
|detailschange|p2b: Staraptor|Staraptor-Mega, L50, F
|-mega|p2b: Staraptor|Staraptor|Staraptite
|detailschange|p1a: Blastoise|Blastoise-Mega, L50, F
|-mega|p1a: Blastoise|Blastoise|Blastoisinite
|move|p1b: Sneasler|Fake Out|p2a: Milotic
|-damage|p2a: Milotic|91/100
|move|p2b: Staraptor|Close Combat|p1a: Blastoise
|-damage|p1a: Blastoise|50/100y
|-boost|p2b: Staraptor|def|1
|-boost|p2b: Staraptor|spd|1
|move|p1a: Blastoise|Shell Smash|p1a: Blastoise
|-unboost|p1a: Blastoise|def|1
|-unboost|p1a: Blastoise|spd|1
|-boost|p1a: Blastoise|atk|2
|-boost|p1a: Blastoise|spa|2
|-boost|p1a: Blastoise|spe|2
|cant|p2a: Milotic|flinch
|
|upkeep
|turn|2
|
|t:|1785797219
|switch|p1b: Sinistcha|Sinistcha, L50|100/100
|-heal|p1a: Blastoise|74/100|[from] ability: Hospitality|[of] p1b: Sinistcha
|move|p1a: Blastoise|Protect|p1a: Blastoise
|-singleturn|p1a: Blastoise|Protect
|move|p2b: Staraptor|Close Combat|p1a: Blastoise
|-activate|p1a: Blastoise|move: Protect
|move|p2a: Milotic|Haze|p2a: Milotic
|-clearallboost
|
|upkeep
|turn|3
|
|t:|1785797238
|move|p1b: Sinistcha|Rage Powder|p1b: Sinistcha
|-singleturn|p1b: Sinistcha|move: Rage Powder
|move|p2b: Staraptor|Brave Bird|p1b: Sinistcha
|-supereffective|p1b: Sinistcha|1
|-damage|p1b: Sinistcha|14/100
|-damage|p2b: Staraptor|73/100|[from] Recoil
|move|p1a: Blastoise|Water Spout|p2a: Milotic|[spread] p2a,p2b
|-resisted|p2a: Milotic|1
|-damage|p2a: Milotic|74/100
|-damage|p2b: Staraptor|28/100
|move|p2a: Milotic|Ice Beam|p1b: Sinistcha
|-supereffective|p1b: Sinistcha|1
|-damage|p1b: Sinistcha|0 fnt
|faint|p1b: Sinistcha
|
|upkeep
|
|t:|1785797254
|switch|p1b: Sneasler|Sneasler, L50, F|100/100
|turn|4
|
|t:|1785797266
|switch|p2b: Sinistcha|Sinistcha, L50|100/100
|-heal|p2a: Milotic|99/100|[from] ability: Hospitality|[of] p2b: Sinistcha
|move|p1b: Sneasler|Fake Out|p2b: Sinistcha
|-immune|p2b: Sinistcha
|move|p1a: Blastoise|Water Spout|p2a: Milotic|[spread] p2a,p2b
|-resisted|p2a: Milotic|1
|-resisted|p2b: Sinistcha|1
|-damage|p2a: Milotic|81/100
|-damage|p2b: Sinistcha|80/100
|move|p2a: Milotic|Haze|p2a: Milotic
|-clearallboost
|
|upkeep
|turn|5
|
|t:|1785797283
|move|p1b: Sneasler|Poison Jab|p2b: Sinistcha
|-damage|p2b: Sinistcha|46/100
|-status|p2b: Sinistcha|psn|[from] ability: Poison Touch|[of] p1b: Sneasler
|move|p1a: Blastoise|Dark Pulse|p2b: Sinistcha
|-supereffective|p2b: Sinistcha|1
|-enditem|p2b: Sinistcha|Colbur Berry|[eat]
|-enditem|p2b: Sinistcha|Colbur Berry|[weaken]
|-damage|p2b: Sinistcha|1/100 psn
|move|p2a: Milotic|Scald|p1b: Sneasler
|-damage|p1b: Sneasler|57/100
|move|p2b: Sinistcha|Matcha Gotcha|p1b: Sneasler|[spread] p1a,p1b
|-supereffective|p1a: Blastoise|1
|-resisted|p1b: Sneasler|1
|-damage|p1a: Blastoise|32/100
|-heal|p2b: Sinistcha|24/100 psn|[from] drain|[of] p1a: Blastoise
|-damage|p1b: Sneasler|40/100
|-heal|p2b: Sinistcha|32/100 psn|[from] drain|[of] p1b: Sneasler
|
|-damage|p2b: Sinistcha|20/100r psn|[from] psn
|upkeep
|turn|6
|inactive|sedrav has 30 seconds left.
|
|t:|1785797318
|move|p1b: Sneasler|Poison Jab|p2b: Sinistcha
|-damage|p2b: Sinistcha|0 fnt
|faint|p2b: Sinistcha
|move|p1a: Blastoise|Shell Smash|p1a: Blastoise
|-unboost|p1a: Blastoise|def|1
|-unboost|p1a: Blastoise|spd|1
|-boost|p1a: Blastoise|atk|2
|-boost|p1a: Blastoise|spa|2
|-boost|p1a: Blastoise|spe|2
|move|p2a: Milotic|Scald|p1b: Sneasler
|-damage|p1b: Sneasler|0 fnt
|faint|p1b: Sneasler
|
|upkeep
|
|t:|1785797327
|switch|p1b: Incineroar|Incineroar, L50, M|100/100
|switch|p2b: Staraptor|Staraptor-Mega, L50, F|28/100
|-ability|p1b: Incineroar|Intimidate|boost
|-unboost|p2a: Milotic|atk|1
|-ability|p2a: Milotic|Competitive|boost
|-boost|p2a: Milotic|spa|2
|-boost|p2b: Staraptor|atk|1
|turn|7
|
|t:|1785797335
|move|p2b: Staraptor|Protect|p2b: Staraptor
|-singleturn|p2b: Staraptor|Protect
|move|p2a: Milotic|Protect|p2a: Milotic
|-singleturn|p2a: Milotic|Protect
|move|p1b: Incineroar|Fake Out|p2a: Milotic
|-activate|p2a: Milotic|move: Protect
|move|p1a: Blastoise|Water Spout|p2a: Milotic|[spread] 
|-activate|p2a: Milotic|move: Protect
|-activate|p2b: Staraptor|move: Protect
|
|upkeep
|turn|8
|
|t:|1785797359
|switch|p2b: Excadrill|Excadrill, L50, F|100/100
|move|p1a: Blastoise|Protect|p1a: Blastoise
|-singleturn|p1a: Blastoise|Protect
|move|p2a: Milotic|Haze|p2a: Milotic
|-clearallboost
|move|p1b: Incineroar|Flare Blitz|p2b: Excadrill
|-supereffective|p2b: Excadrill|1
|-enditem|p2b: Excadrill|Focus Sash
|-damage|p2b: Excadrill|1/100
|-damage|p1b: Incineroar|69/100|[from] Recoil
|
|upkeep
|turn|9
|inactive|sedrav has 30 seconds left.
|
|t:|1785797384
|move|p1b: Incineroar|Helping Hand|p1a: Blastoise
|-singleturn|p1a: Blastoise|Helping Hand|[of] p1b: Incineroar
|move|p2b: Excadrill|High Horsepower|p1b: Incineroar
|-supereffective|p1b: Incineroar|1
|-damage|p1b: Incineroar|0 fnt
|faint|p1b: Incineroar
|move|p1a: Blastoise|Dark Pulse|p2a: Milotic
|-damage|p2a: Milotic|32/100
|-enditem|p2a: Milotic|Sitrus Berry|[eat]
|-heal|p2a: Milotic|57/100|[from] item: Sitrus Berry
|move|p2a: Milotic|Haze|p2a: Milotic
|-clearallboost
|
|upkeep
|turn|10
|
|t:|1785797396
|move|p2b: Excadrill|High Horsepower|p1a: Blastoise
|-damage|p1a: Blastoise|0 fnt
|faint|p1a: Blastoise
|
|win|sedrav
|raw|thaduck's rating: 1356 → 1332(-24 for losing)
|raw|sedrav's rating: 1293 → 1322(+29 for winning)
