|j|☆maksimilian123
|j|☆Vfi
|html|maksimilian123Vfi    
|uhtml|bestof|Game 1 of a best-of-3
|t:|1783636913
|gametype|doubles
|player|p1|maksimilian123|266|1078
|player|p2|Vfi|170|1000
|gen|9
|tier|[Gen 9 Champions] VGC 2026 Reg M-B (Bo3)
|rated|
|rule|Species Clause: Limit one of each Pokémon
|rule|Item Clause: Limit 1 of each item
|clearpoke
|poke|p1|Gardevoir, L50, F|
|poke|p1|Talonflame, L50, M|
|poke|p1|Torkoal, L50, F|
|poke|p1|Vileplume, L50, M|
|poke|p1|Rotom-Wash, L50|
|poke|p1|Garchomp, L50, M|
|poke|p2|Pelipper, L50, M|
|poke|p2|Swampert, L50, F|
|poke|p2|Archaludon, L50, M|
|poke|p2|Kingambit, L50, F|
|poke|p2|Sinistcha, L50|
|poke|p2|Sableye, L50, M|
|teampreview|4
|showteam|p1|Gardevoir||Gardevoirite|Synchronize|HyperVoice,Psychic,EnergyBall,CalmMind|Timid||F|||50|]Talonflame||FocusSash|GaleWings|Tailwind,Protect,FlareBlitz,BraveBird|Adamant||M|||50|]Torkoal||Charcoal|Drought|Eruption,Yawn,Protect,SolarBeam|Modest||F|||50|]Vileplume||SitrusBerry|Chlorophyll|SolarBeam,SleepPowder,AfterYou,PollenPuff|Timid||M|||50|]Rotom-Wash||ChoiceScarf|Levitate|Electroweb,Trick,VoltSwitch,HydroPump|Timid|||||50|]Garchomp||LifeOrb|RoughSkin|RockSlide,Earthquake,DragonClaw,Protect|Jolly||M|||50|
|showteam|p2|Pelipper||FocusSash|Drizzle|Hurricane,Tailwind,Protect,WeatherBall|Modest||M|||50|]Swampert||Swampertite|Damp|WaveCrash,Protect,HighHorsepower,IcePunch|Adamant||F|||50|]Archaludon||Leftovers|Stamina|ElectroShot,DragonPulse,Protect,FlashCannon|Calm||M|||50|]Kingambit||ChopleBerry|Defiant|IronHead,KowtowCleave,SuckerPunch,LowKick|Adamant||F|||50|]Sinistcha||KasibBerry|Hospitality|LifeDew,RagePowder,MatchaGotcha,TrickRoom|Bold|||||50|]Sableye||LightClay|Prankster|RainDance,LightScreen,Reflect,Quash|Careful||M|||50|
|
|t:|1783636989
|teamsize|p1|4
|teamsize|p2|4
|start
|switch|p1a: Talonflame|Talonflame, L50, M|100/100
|switch|p1b: Gardevoir|Gardevoir, L50, F|100/100
|switch|p2a: Sableye|Sableye, L50, M|100/100
|switch|p2b: Swampert|Swampert, L50, F|100/100
|turn|1
|
|t:|1783637040
|switch|p2b: Archaludon|Archaludon, L50, M|100/100
|detailschange|p1b: Gardevoir|Gardevoir-Mega, L50, F
|-mega|p1b: Gardevoir|Gardevoir|Gardevoirite
|move|p1a: Talonflame|Tailwind|p1a: Talonflame
|-sidestart|p1: maksimilian123|move: Tailwind
|move|p2a: Sableye|Rain Dance|p2a: Sableye
|-weather|RainDance
|move|p1b: Gardevoir|Calm Mind|p1b: Gardevoir
|-boost|p1b: Gardevoir|spa|1
|-boost|p1b: Gardevoir|spd|1
|
|-weather|RainDance|[upkeep]
|upkeep
|turn|2
|
|t:|1783637063
|switch|p1a: Torkoal|Torkoal, L50, F|100/100
|-weather|SunnyDay|[from] ability: Drought|[of] p1a: Torkoal
|move|p2a: Sableye|Light Screen|p2a: Sableye
|-sidestart|p2: Vfi|move: Light Screen
|move|p1b: Gardevoir|Hyper Voice|p2a: Sableye|[spread] p2a,p2b
|-supereffective|p2a: Sableye|1
|-damage|p2a: Sableye|0 fnt
|-damage|p2b: Archaludon|50/100g
|-ability|p2b: Archaludon|Stamina|boost
|-boost|p2b: Archaludon|def|1
|faint|p2a: Sableye
|move|p2b: Archaludon|Electro Shot||[still]
|-prepare|p2b: Archaludon|Electro Shot
|-boost|p2b: Archaludon|spa|1
|
|-weather|SunnyDay|[upkeep]
|-heal|p2b: Archaludon|56/100|[from] item: Leftovers
|upkeep
|
|t:|1783637070
|switch|p2a: Pelipper|Pelipper, L50, M|100/100
|-weather|RainDance|[from] ability: Drizzle|[of] p2a: Pelipper
|turn|3
|
|t:|1783637082
|switch|p1a: Garchomp|Garchomp, L50, M|100/100
|move|p1b: Gardevoir|Hyper Voice|p2a: Pelipper|[spread] p2a,p2b
|-damage|p2a: Pelipper|13/100
|-damage|p2b: Archaludon|8/100
|-ability|p2b: Archaludon|Stamina|boost
|-boost|p2b: Archaludon|def|1
|move|p2b: Archaludon|Electro Shot|p1a: Garchomp|[from] lockedmove
|-immune|p1a: Garchomp
|move|p2a: Pelipper|Tailwind|p2a: Pelipper
|-sidestart|p2: Vfi|move: Tailwind
|
|-weather|RainDance|[upkeep]
|-heal|p2b: Archaludon|15/100|[from] item: Leftovers
|upkeep
|turn|4
|
|t:|1783637107
|move|p1a: Garchomp|Rock Slide|p2a: Pelipper|[spread] p2a,p2b
|-supereffective|p2a: Pelipper|1
|-resisted|p2b: Archaludon|1
|-damage|p2a: Pelipper|0 fnt
|-damage|p2b: Archaludon|10/100
|-ability|p2b: Archaludon|Stamina|boost
|-boost|p2b: Archaludon|def|1
|faint|p2a: Pelipper
|-damage|p1a: Garchomp|90/100|[from] item: Life Orb
|move|p1b: Gardevoir|Hyper Voice|p2b: Archaludon
|-damage|p2b: Archaludon|0 fnt
|faint|p2b: Archaludon
|
|-weather|RainDance|[upkeep]
|-sideend|p1: maksimilian123|move: Tailwind
|upkeep
|
|t:|1783637117
|switch|p2a: Swampert|Swampert, L50, F|100/100
|turn|5
|
|t:|1783637125
|detailschange|p2a: Swampert|Swampert-Mega, L50, F
|-mega|p2a: Swampert|Swampert|Swampertite
|move|p1a: Garchomp|Protect|p1a: Garchomp
|-singleturn|p1a: Garchomp|Protect
|move|p2a: Swampert|Wave Crash|p1b: Gardevoir
|-damage|p1b: Gardevoir|0 fnt
|faint|p1b: Gardevoir
|-damage|p2a: Swampert|72/100|[from] Recoil
|
|-weather|RainDance|[upkeep]
|upkeep
|
|t:|1783637144
|switch|p1b: Talonflame|Talonflame, L50, M|100/100
|turn|6
|
|t:|1783637158
|switch|p1b: Torkoal|Torkoal, L50, F|100/100
|-weather|SunnyDay|[from] ability: Drought|[of] p1b: Torkoal
|move|p2a: Swampert|Wave Crash|p1b: Torkoal
|-supereffective|p1b: Torkoal|1
|-damage|p1b: Torkoal|48/100
|-damage|p2a: Swampert|55/100|[from] Recoil
|move|p1a: Garchomp|Dragon Claw|p2a: Swampert
|-damage|p2a: Swampert|8/100
|-damage|p1a: Garchomp|80/100|[from] item: Life Orb
|
|-weather|SunnyDay|[upkeep]
|-sideend|p2: Vfi|move: Tailwind
|upkeep
|turn|7
|
|t:|1783637175
|move|p1a: Garchomp|Dragon Claw|p2a: Swampert
|-damage|p2a: Swampert|0 fnt
|faint|p2a: Swampert
|-damage|p1a: Garchomp|70/100|[from] item: Life Orb
|
|win|maksimilian123
|l|☆Vfi
|player|p2|
