|j|☆reynicotrolli
|j|☆daelien
|html|reynicotrollidaelien    
|uhtml|bestof|Game 1 of a best-of-3
|t:|1757685403
|gametype|doubles
|player|p1|reynicotrolli|265|1260
|player|p2|daelien|266|1263
|gen|9
|tier|[Gen 9] VGC 2025 Reg H (Bo3)
|rated|
|rule|Species Clause: Limit one of each Pokémon
|rule|Item Clause: Limit 1 of each item
|clearpoke
|poke|p1|Incineroar, L50, M|
|poke|p1|Amoonguss, L50, M|
|poke|p1|Archaludon, L50, M|
|poke|p1|Pelipper, L50, M|
|poke|p1|Gholdengo, L50|
|poke|p1|Basculegion, L50, M|
|poke|p2|Cyclizar, L50, F|
|poke|p2|Rillaboom, L50, M|
|poke|p2|Incineroar, L50, F|
|poke|p2|Palafin, L50, F|
|poke|p2|Kingambit, L50, F|
|poke|p2|Sneasler, L50, F|
|teampreview|4
|showteam|p1|Incineroar||SafetyGoggles|Intimidate|KnockOff,FlareBlitz,FakeOut,PartingShot|||M|||50|,,,,,Water]Amoonguss||SitrusBerry|Regenerator|Protect,PollenPuff,RagePowder,Spore|||M|||50|,,,,,Psychic]Archaludon||AssaultVest|Stamina|ElectroShot,BodyPress,DragonPulse,FlashCannon|||M|||50|,,,,,Bug]Pelipper||FocusSash|Drizzle|Hurricane,WeatherBall,Protect,Tailwind|||M|||50|,,,,,Ground]Gholdengo||LifeOrb|GoodasGold|MakeItRain,ShadowBall,NastyPlot,Protect||||||50|,,,,,Dragon]Basculegion||ChoiceBand|SwiftSwim|FlipTurn,WaveCrash,LastRespects,AquaJet|||M|||50|,,,,,Water
|showteam|p2|Cyclizar||SitrusBerry|Regenerator|BreakingSwipe,ShedTail,MudShot,DracoMeteor|||F|||50|,,,,,Ghost]Rillaboom||AssaultVest|GrassySurge|FakeOut,Uturn,GrassyGlide,WoodHammer|||M|||50|,,,,,Fire]Incineroar||SafetyGoggles|Intimidate|FakeOut,FlareBlitz,Taunt,PartingShot|||F|||50|,,,,,Bug]Palafin||MysticWater|ZerotoHero|JetPunch,WaveCrash,Haze,Protect|||F|||50|,,,,,Water]Kingambit||BlackGlasses|Defiant|KowtowCleave,SwordsDance,SuckerPunch,Protect|||F|||50|,,,,,Dark]Sneasler||FocusSash|Unburden|DireClaw,CloseCombat,Coaching,Protect|||F|||50|,,,,,Ghost
|inactive|Battle timer is ON: inactive players will automatically lose when time's up. (requested by daelien)
|inactive|reynicotrolli has 60 seconds left.
|
|t:|1757685455
|teamsize|p1|4
|teamsize|p2|4
|start
|switch|p1a: Archaludon|Archaludon, L50, M|100/100
|switch|p1b: Pelipper|Pelipper, L50, M|100/100
|switch|p2a: Kingambit|Kingambit, L50, F|100/100
|switch|p2b: Sneasler|Sneasler, L50, F|100/100
|-weather|RainDance|[from] ability: Drizzle|[of] p1b: Pelipper
|turn|1
|
|t:|1757685475
|-terastallize|p1a: Archaludon|Bug
|move|p2b: Sneasler|Close Combat|p1a: Archaludon
|-resisted|p1a: Archaludon
|-damage|p1a: Archaludon|81/100
|-unboost|p2b: Sneasler|def|1
|-unboost|p2b: Sneasler|spd|1
|-ability|p1a: Archaludon|Stamina|boost
|-boost|p1a: Archaludon|def|1
|move|p1a: Archaludon|Electro Shot||[still]
|-prepare|p1a: Archaludon|Electro Shot
|-boost|p1a: Archaludon|spa|1
|-anim|p1a: Archaludon|Electro Shot|p2a: Kingambit
|-damage|p2a: Kingambit|42/100
|move|p1b: Pelipper|Hurricane|p2b: Sneasler
|-supereffective|p2b: Sneasler
|-enditem|p2b: Sneasler|Focus Sash
|-damage|p2b: Sneasler|1/100
|move|p2a: Kingambit|Swords Dance|p2a: Kingambit
|-boost|p2a: Kingambit|atk|2
|
|-weather|RainDance|[upkeep]
|upkeep
|turn|2
|inactive|reynicotrolli has 30 seconds left.
|
|t:|1757685506
|move|p2a: Kingambit|Protect|p2a: Kingambit
|-singleturn|p2a: Kingambit|Protect
|move|p2b: Sneasler|Coaching|p2a: Kingambit
|-boost|p2a: Kingambit|atk|1
|-boost|p2a: Kingambit|def|1
|move|p1a: Archaludon|Electro Shot||[still]
|-prepare|p1a: Archaludon|Electro Shot
|-boost|p1a: Archaludon|spa|1
|-anim|p1a: Archaludon|Electro Shot|p2a: Kingambit
|-activate|p2a: Kingambit|move: Protect
|move|p1b: Pelipper|Weather Ball|p2a: Kingambit
|-activate|p2a: Kingambit|move: Protect
|
|-weather|RainDance|[upkeep]
|upkeep
|turn|3
|
|t:|1757685525
|switch|p1a: Amoonguss|Amoonguss, L50, M|100/100
|move|p2a: Kingambit|Sucker Punch||[still]
|-fail|p2a: Kingambit
|move|p2b: Sneasler|Dire Claw|p1b: Pelipper
|-damage|p1b: Pelipper|53/100
|-status|p1b: Pelipper|par
|cant|p1b: Pelipper|par
|
|-weather|RainDance|[upkeep]
|upkeep
|turn|4
|c|☆reynicotrolli|xd
|inactive|reynicotrolli has 30 seconds left.
|
|t:|1757685556
|switch|p2b: Incineroar|Incineroar, L50, F|100/100
|-ability|p2b: Incineroar|Intimidate|boost
|-unboost|p1a: Amoonguss|atk|1
|-unboost|p1b: Pelipper|atk|1
|move|p2a: Kingambit|Protect|p2a: Kingambit
|-singleturn|p2a: Kingambit|Protect
|move|p1a: Amoonguss|Rage Powder|p1a: Amoonguss
|-singleturn|p1a: Amoonguss|move: Rage Powder
|move|p1b: Pelipper|Weather Ball|p2a: Kingambit
|-activate|p2a: Kingambit|move: Protect
|
|-weather|RainDance|[upkeep]
|upkeep
|turn|5
|
|t:|1757685571
|switch|p1a: Incineroar|Incineroar, L50, M|100/100
|-ability|p1a: Incineroar|Intimidate|boost
|-unboost|p2a: Kingambit|atk|1
|-ability|p2a: Kingambit|Defiant|boost
|-boost|p2a: Kingambit|atk|2
|-unboost|p2b: Incineroar|atk|1
|move|p2b: Incineroar|Fake Out|p1b: Pelipper
|-damage|p1b: Pelipper|42/100 par
|move|p2a: Kingambit|Kowtow Cleave|p1a: Incineroar
|-resisted|p1a: Incineroar
|-damage|p1a: Incineroar|34/100
|cant|p1b: Pelipper|flinch
|
|-weather|none
|upkeep
|turn|6
|
|t:|1757685585
|move|p2a: Kingambit|Protect|p2a: Kingambit
|-singleturn|p2a: Kingambit|Protect
|move|p1a: Incineroar|Fake Out|p2a: Kingambit
|-activate|p2a: Kingambit|move: Protect
|move|p2b: Incineroar|Parting Shot|p1a: Incineroar
|-unboost|p1a: Incineroar|atk|1
|-unboost|p1a: Incineroar|spa|1
|-message|reynicotrolli forfeited.
|
|win|daelien
||reynicotrolli is ready for game 2.
|l|☆daelien
|player|p2|
||daelien is ready for game 2.
|uhtml|next|Next: Game 2 of 3
