|j|☆puli95
|j|☆salvulcano24
|html|puli95salvulcano24    
|uhtml|bestof|Game 3 of a best-of-3
|t:|1784752576
|gametype|doubles
|player|p1|puli95|170|1062
|player|p2|salvulcano24|pokemonbreederf|1143
|gen|9
|tier|[Gen 9 Champions] VGC 2026 Reg M-B (Bo3)
|rated|
|rule|Species Clause: Limit one of each Pokémon
|rule|Item Clause: Limit 1 of each item
|clearpoke
|poke|p1|Metagross, L50|
|poke|p1|Talonflame, L50, M|
|poke|p1|Hydreigon, L50, F|
|poke|p1|Sneasler, L50, F|
|poke|p1|Sinistcha, L50|
|poke|p1|Milotic, L50, F|
|poke|p2|Farigiraf, L50, F|
|poke|p2|Gardevoir, L50, M|
|poke|p2|Venusaur, L50, M|
|poke|p2|Aerodactyl, L50, F|
|poke|p2|Garchomp, L50, F|
|poke|p2|Rampardos, L50, M, shiny|
|teampreview|4
|showteam|p1|Metagross||Metagrossite|ClearBody|BulletPunch,PsychicFangs,RockSlide,Protect|Adamant|||||50|]Talonflame||Charcoal|GaleWings|Overheat,BraveBird,Tailwind,QuickGuard|Naive||M|||50|]Hydreigon||LifeOrb|Levitate|DarkPulse,DracoMeteor,EarthPower,Protect|Modest||F|||50|]Sneasler||FocusSash|PoisonTouch|CloseCombat,DireClaw,FakeOut,QuickGuard|Adamant||F|||50|]Sinistcha||SitrusBerry|Hospitality|MatchaGotcha,RagePowder,TrickRoom,Protect|Bold|||||50|]Milotic||Leftovers|MarvelScale|Scald,IceBeam,HelpingHand,Protect|Bold||F|||50|
|showteam|p2|Farigiraf||SitrusBerry|ArmorTail|Psychic,TrickRoom,Protect,HelpingHand|Bold||F|||50|]Gardevoir||Gardevoirite|Synchronize|Protect,AuraSphere,HyperVoice,TrickRoom|Modest||M|||50|]Venusaur||Venusaurite|Overgrow|Protect,GigaDrain,SludgeBomb,EarthPower|Modest||M|||50|]Aerodactyl||FocusSash|Unnerve|RockSlide,DualWingbeat,Tailwind,WideGuard|Jolly||F|||50|]Garchomp||RoseliBerry|RoughSkin|StompingTantrum,DragonClaw,SwordsDance,Protect|Jolly||F|||50|]Rampardos||LifeOrb|SheerForce|RockSlide,FirePunch,ThunderPunch,Protect|Adamant||M|||50|
|
|t:|1784752600
|teamsize|p1|4
|teamsize|p2|4
|start
|switch|p1a: Metagross|Metagross, L50|100/100
|switch|p1b: Sneasler|Sneasler, L50, F|100/100
|switch|p2a: Gardevoir|Gardevoir, L50, M|100/100
|switch|p2b: Rampardos|Rampardos, L50, M, shiny|100/100
|turn|1
|
|t:|1784752677
|detailschange|p1a: Metagross|Metagross-Mega, L50
|-mega|p1a: Metagross|Metagross|Metagrossite
|detailschange|p2a: Gardevoir|Gardevoir-Mega, L50, M
|-mega|p2a: Gardevoir|Gardevoir|Gardevoirite
|move|p2b: Rampardos|Protect|p2b: Rampardos
|-singleturn|p2b: Rampardos|Protect
|move|p1b: Sneasler|Dire Claw|p2a: Gardevoir
|-supereffective|p2a: Gardevoir|1
|-damage|p2a: Gardevoir|0 fnt
|faint|p2a: Gardevoir
|move|p1a: Metagross|Rock Slide|p2b: Rampardos
|-activate|p2b: Rampardos|move: Protect
|
|upkeep
|
|t:|1784752689
|switch|p2a: Farigiraf|Farigiraf, L50, F|100/100
|turn|2
|
|t:|1784752700
|switch|p2b: Garchomp|Garchomp, L50, F|100/100
|move|p1b: Sneasler|Dire Claw|p2a: Farigiraf
|-damage|p2a: Farigiraf|64/100
|-status|p2a: Farigiraf|psn
|move|p1a: Metagross|Rock Slide|p2b: Garchomp|[spread] p2a,p2b
|-resisted|p2b: Garchomp|1
|-damage|p2a: Farigiraf|44/100 psn
|-damage|p2b: Garchomp|90/100
|-enditem|p2a: Farigiraf|Sitrus Berry|[eat]
|-heal|p2a: Farigiraf|68/100 psn|[from] item: Sitrus Berry
|move|p2a: Farigiraf|Psychic|p1b: Sneasler
|-supereffective|p1b: Sneasler|2
|-enditem|p1b: Sneasler|Focus Sash
|-damage|p1b: Sneasler|1/100
|
|-damage|p2a: Farigiraf|56/100 psn|[from] psn
|upkeep
|turn|3
|
|t:|1784752731
|move|p1b: Sneasler|Close Combat|p2a: Farigiraf
|-damage|p2a: Farigiraf|0 fnt
|-unboost|p1b: Sneasler|def|1
|-unboost|p1b: Sneasler|spd|1
|faint|p2a: Farigiraf
|move|p2b: Garchomp|Swords Dance|p2b: Garchomp
|-boost|p2b: Garchomp|atk|2
|move|p1a: Metagross|Rock Slide|p2b: Garchomp
|-resisted|p2b: Garchomp|1
|-damage|p2b: Garchomp|76/100
|
|upkeep
|
|t:|1784752743
|switch|p2a: Rampardos|Rampardos, L50, M, shiny|100/100
|turn|4
|
|t:|1784752756
|switch|p1a: Sinistcha|Sinistcha, L50|100/100
|-heal|p1b: Sneasler|25/100|[from] ability: Hospitality|[of] p1a: Sinistcha
|move|p2a: Rampardos|Protect|p2a: Rampardos
|-singleturn|p2a: Rampardos|Protect
|move|p1b: Sneasler|Dire Claw|p2b: Garchomp
|-resisted|p2b: Garchomp|1
|-damage|p2b: Garchomp|57/100
|-damage|p1b: Sneasler|13/100|[from] ability: Rough Skin|[of] p2b: Garchomp
|move|p2b: Garchomp|Dragon Claw|p1b: Sneasler
|-damage|p1b: Sneasler|0 fnt
|faint|p1b: Sneasler
|
|upkeep
|
|t:|1784752772
|switch|p1b: Milotic|Milotic, L50, F|100/100
|turn|5
|
|t:|1784752780
|move|p2b: Garchomp|Dragon Claw|p1a: Sinistcha
|-damage|p1a: Sinistcha|46/100
|-enditem|p1a: Sinistcha|Sitrus Berry|[eat]
|-heal|p1a: Sinistcha|70/100|[from] item: Sitrus Berry
|move|p1b: Milotic|Ice Beam|p2b: Garchomp
|-supereffective|p2b: Garchomp|2
|-damage|p2b: Garchomp|0 fnt
|faint|p2b: Garchomp
|move|p1a: Sinistcha|Matcha Gotcha|p2a: Rampardos|[miss]
|-miss|p1a: Sinistcha|p2a: Rampardos
|move|p2a: Rampardos|Fire Punch|p1a: Sinistcha
|-supereffective|p1a: Sinistcha|1
|-damage|p1a: Sinistcha|0 fnt
|faint|p1a: Sinistcha
|
|upkeep
|
|t:|1784752795
|switch|p1a: Metagross|Metagross-Mega, L50|100/100
|turn|6
|
|t:|1784752801
|move|p1a: Metagross|Bullet Punch|p2a: Rampardos
|-supereffective|p2a: Rampardos|1
|-damage|p2a: Rampardos|13/100
|move|p1b: Milotic|Scald|p2a: Rampardos
|-supereffective|p2a: Rampardos|1
|-damage|p2a: Rampardos|0 fnt
|faint|p2a: Rampardos
|
|win|puli95
|raw|puli95's rating: 1062 → 1100(+38 for winning)
|raw|salvulcano24's rating: 1143 → 1112(-31 for losing)
|l|☆puli95
|player|p1|
