|j|☆entei enthusiast
|j|☆tipolucha
|html|entei enthusiasttipolucha    
|uhtml|bestof|Game 3 of a best-of-3
|t:|1783022461
|gametype|doubles
|player|p1|entei enthusiast|kamado-armor|1027
|player|p2|tipolucha|170|1119
|gen|9
|tier|[Gen 9 Champions] VGC 2026 Reg M-B (Bo3)
|rated|
|rule|Species Clause: Limit one of each Pokémon
|rule|Item Clause: Limit 1 of each item
|clearpoke
|poke|p1|Gyarados, L50, F, shiny|
|poke|p1|Floette-Eternal, L50, F|
|poke|p1|Sneasler, L50, F|
|poke|p1|Sinistcha, L50|
|poke|p1|Garchomp, L50, F|
|poke|p1|Incineroar, L50, F|
|poke|p2|Whimsicott, L50, M|
|poke|p2|Froslass, L50, F|
|poke|p2|Pelipper, L50, M|
|poke|p2|Scizor, L50, F|
|poke|p2|Milotic, L50, M|
|poke|p2|Sneasler, L50, M|
|teampreview|4
|showteam|p1|Gyarados||Gyaradosite|Intimidate|Waterfall,LashOut,DragonDance,Protect|Adamant||F|||50|]Floette-Eternal||Floettite|FlowerVeil|DrainingKiss,DazzlingGleam,CalmMind,Protect|Timid||F|||50|]Sneasler||FocusSash|PoisonTouch|CloseCombat,DireClaw,FakeOut,Coaching|Jolly||F|||50|]Sinistcha||SitrusBerry|Hospitality|MatchaGotcha,LifeDew,RagePowder,Protect|Calm|||||50|]Garchomp||LifeOrb|RoughSkin|DragonClaw,RockSlide,Earthquake,Protect|Jolly||F|||50|]Incineroar||PasshoBerry|Intimidate|FlareBlitz,FakeOut,PartingShot,Taunt|Careful||F|||50|
|showteam|p2|Whimsicott||FocusSash|Prankster|Tailwind,Encore,Moonblast,FakeTears|Timid||M|||50|]Froslass||Froslassite|SnowCloak|Blizzard,AuroraVeil,ShadowBall,Protect|Timid||F|||50|]Pelipper||SitrusBerry|Drizzle|Hurricane,WeatherBall,Tailwind,WideGuard|Bold||M|||50|]Scizor||Scizorite|Technician|BugBite,BrickBreak,BulletPunch,Protect|Adamant||F|||50|]Milotic||MysticWater|Competitive|AlluringVoice,Scald,IcyWind,Protect|Modest||M|||50|]Sneasler||WhiteHerb|Unburden|RockSlide,FakeOut,CloseCombat,DireClaw|Adamant||M|||50|
|inactive|Battle timer is ON: inactive players will automatically lose when time's up. (requested by entei enthusiast)
|inactive|entei enthusiast has 60 seconds left.
|
|t:|1783022494
|teamsize|p1|4
|teamsize|p2|4
|start
|switch|p1a: Floette|Floette-Eternal, L50, F|100/100
|switch|p1b: Sneasler|Sneasler, L50, F|100/100
|switch|p2a: Sneasler|Sneasler, L50, M|100/100
|switch|p2b: Froslass|Froslass, L50, F|100/100
|turn|1
|
|t:|1783022512
|detailschange|p2b: Froslass|Froslass-Mega, L50, F
|-mega|p2b: Froslass|Froslass|Froslassite
|-weather|Snowscape|[from] ability: Snow Warning|[of] p2b: Froslass
|detailschange|p1a: Floette|Floette-Mega, L50, F
|-mega|p1a: Floette|Floette|Floettite
|-ability|p1a: Floette|Fairy Aura
|move|p1b: Sneasler|Fake Out|p2a: Sneasler
|-damage|p2a: Sneasler|74/100
|cant|p2a: Sneasler|flinch
|move|p2b: Froslass|Blizzard|p1a: Floette|[spread] p1a,p1b
|-damage|p1a: Floette|68/100
|-damage|p1b: Sneasler|36/100
|move|p1a: Floette|Draining Kiss|p2a: Sneasler
|-damage|p2a: Sneasler|30/100
|-heal|p1a: Floette|98/100|[from] drain|[of] p2a: Sneasler
|
|-weather|Snowscape|[upkeep]
|upkeep
|turn|2
|inactive|entei enthusiast has 30 seconds left.
|
|t:|1783022539
|move|p1b: Sneasler|Close Combat|p2a: Sneasler
|-resisted|p2a: Sneasler|1
|-damage|p2a: Sneasler|0 fnt
|-unboost|p1b: Sneasler|def|1
|-unboost|p1b: Sneasler|spd|1
|faint|p2a: Sneasler
|move|p2b: Froslass|Blizzard|p1a: Floette|[spread] p1a,p1b
|-damage|p1a: Floette|65/100
|-damage|p1b: Sneasler|0 fnt
|faint|p1b: Sneasler
|move|p1a: Floette|Calm Mind|p1a: Floette
|-boost|p1a: Floette|spa|1
|-boost|p1a: Floette|spd|1
|
|-weather|Snowscape|[upkeep]
|upkeep
|
|t:|1783022549
|switch|p1b: Sinistcha|Sinistcha, L50|100/100
|switch|p2a: Whimsicott|Whimsicott, L50, M|100/100
|-heal|p1a: Floette|90/100|[from] ability: Hospitality|[of] p1b: Sinistcha
|turn|3
|
|t:|1783022558
|switch|p1a: Incineroar|Incineroar, L50, F|100/100
|-ability|p1a: Incineroar|Intimidate|boost
|-unboost|p2a: Whimsicott|atk|1
|-unboost|p2b: Froslass|atk|1
|move|p2a: Whimsicott|Fake Tears|p1a: Incineroar
|-hint|Since gen 7, Dark is immune to Prankster moves.
|-immune|p1a: Incineroar
|move|p2b: Froslass|Blizzard|p1b: Sinistcha|[spread] p1a,p1b
|-resisted|p1a: Incineroar|1
|-supereffective|p1b: Sinistcha|1
|-damage|p1a: Incineroar|81/100
|-damage|p1b: Sinistcha|22/100
|-enditem|p1b: Sinistcha|Sitrus Berry|[eat]
|-heal|p1b: Sinistcha|47/100|[from] item: Sitrus Berry
|move|p1b: Sinistcha|Matcha Gotcha|p2a: Whimsicott|[spread] p2a,p2b
|-resisted|p2a: Whimsicott|1
|-damage|p2a: Whimsicott|80/100
|-heal|p1b: Sinistcha|54/100|[from] drain|[of] p2a: Whimsicott
|-damage|p2b: Froslass|72/100
|-heal|p1b: Sinistcha|65/100|[from] drain|[of] p2b: Froslass
|-status|p2b: Froslass|brn
|
|-weather|Snowscape|[upkeep]
|-damage|p2b: Froslass|66/100 brn|[from] brn
|upkeep
|turn|4
|
|t:|1783022581
|switch|p2b: Milotic|Milotic, L50, M|100/100
|switch|p1b: Floette|Floette-Mega, L50, F|90/100
|-ability|p1b: Floette|Fairy Aura
|move|p2a: Whimsicott|Tailwind|p2a: Whimsicott
|-sidestart|p2: tipolucha|move: Tailwind
|move|p1a: Incineroar|Flare Blitz|p2b: Milotic
|-resisted|p2b: Milotic|1
|-damage|p2b: Milotic|74/100
|-status|p2b: Milotic|brn
|-damage|p1a: Incineroar|72/100|[from] Recoil
|
|-weather|Snowscape|[upkeep]
|-damage|p2b: Milotic|68/100 brn|[from] brn
|upkeep
|turn|5
|
|t:|1783022596
|switch|p1a: Sinistcha|Sinistcha, L50|65/100
|-heal|p1b: Floette|100/100|[from] ability: Hospitality|[of] p1a: Sinistcha
|move|p2a: Whimsicott|Fake Tears|p1b: Floette
|-unboost|p1b: Floette|spd|2
|move|p2b: Milotic|Scald|p1a: Sinistcha
|-resisted|p1a: Sinistcha|1
|-damage|p1a: Sinistcha|45/100
|-status|p1a: Sinistcha|brn
|move|p1b: Floette|Dazzling Gleam|p2a: Whimsicott|[spread] p2a,p2b
|-damage|p2a: Whimsicott|17/100
|-damage|p2b: Milotic|40/100 brn
|
|-weather|none
|-damage|p2b: Milotic|34/100 brn|[from] brn
|-damage|p1a: Sinistcha|39/100 brn|[from] brn
|upkeep
|turn|6
|
|t:|1783022618
|move|p2a: Whimsicott|Moonblast|p1a: Sinistcha
|-damage|p1a: Sinistcha|1/100 brn
|move|p2b: Milotic|Scald|p1b: Floette
|-damage|p1b: Floette|33/100
|move|p1b: Floette|Dazzling Gleam|p2b: Milotic|[spread] p2a,p2b
|-damage|p2a: Whimsicott|0 fnt
|-damage|p2b: Milotic|6/100 brn
|faint|p2a: Whimsicott
|move|p1a: Sinistcha|Matcha Gotcha|p2b: Milotic
|-supereffective|p2b: Milotic|1
|-damage|p2b: Milotic|0 fnt
|-heal|p1a: Sinistcha|5/100 brn|[from] drain|[of] p2b: Milotic
|faint|p2b: Milotic
|
|-damage|p1a: Sinistcha|0 fnt|[from] brn
|faint|p1a: Sinistcha
|upkeep
|
|t:|1783022624
|switch|p2b: Froslass|Froslass-Mega, L50, F|66/100 brn
|switch|p1a: Incineroar|Incineroar, L50, F|72/100
|-weather|Snowscape|[from] ability: Snow Warning|[of] p2b: Froslass
|-ability|p1a: Incineroar|Intimidate|boost
|-unboost|p2b: Froslass|atk|1
|turn|7
|
|t:|1783022632
|move|p1b: Floette|Protect|p1b: Floette
|-singleturn|p1b: Floette|Protect
|move|p2b: Froslass|Blizzard|p1a: Incineroar|[spread] p1a
|-activate|p1b: Floette|move: Protect
|-resisted|p1a: Incineroar|1
|-damage|p1a: Incineroar|53/100
|move|p1a: Incineroar|Flare Blitz|p2b: Froslass
|-supereffective|p2b: Froslass|1
|-damage|p2b: Froslass|0 fnt
|faint|p2b: Froslass
|-damage|p1a: Incineroar|37/100|[from] Recoil
|
|win|entei enthusiast
|raw|entei enthusiast's rating: 1027 → 1072(+45 for winning)
|raw|tipolucha's rating: 1119 → 1088(-31 for losing)
|l|☆tipolucha
|player|p2|
