|j|☆MrMrvz
|j|☆sidhuistic
|html|MrMrvzsidhuistic    
|uhtml|bestof|Game 1 of a best-of-3
|t:|1785946844
|gametype|doubles
|player|p1|MrMrvz|ethan|1172
|player|p2|sidhuistic|richboy-gen4|1186
|gen|9
|tier|[Gen 9 Champions] VGC 2026 Reg M-B (Bo3)
|rated|
|rule|Species Clause: Limit one of each Pokémon
|rule|Item Clause: Limit 1 of each item
|clearpoke
|poke|p1|Feraligatr, L50, M, shiny|
|poke|p1|Staraptor, L50, F|
|poke|p1|Whimsicott, L50, M|
|poke|p1|Glimmora, L50, F|
|poke|p1|Delphox, L50, F|
|poke|p1|Kingambit, L50, M, shiny|
|poke|p2|Delphox, L50, F|
|poke|p2|Blastoise, L50, M|
|poke|p2|Vivillon, L50, F|
|poke|p2|Maushold, L50|
|poke|p2|Incineroar, L50, M|
|poke|p2|Sinistcha, L50|
|teampreview|4
|showteam|p1|Feraligatr||LifeOrb|SheerForce|Liquidation,RockSlide,IcePunch,AquaJet|Adamant||M|||50|]Staraptor||Staraptite|Intimidate|BraveBird,CloseCombat,Roost,Protect|Jolly||F|||50|]Whimsicott||OccaBerry|Prankster|Tailwind,Moonblast,Charm,LightScreen|Timid||M|||50|]Glimmora||FocusSash|ToxicDebris|PowerGem,SludgeBomb,EarthPower,SpikyShield|Modest||F|||50|]Delphox||Delphoxite|Blaze|HeatWave,Psychic,Encore,Protect|Timid||F|||50|]Kingambit||ChopleBerry|Defiant|KowtowCleave,IronHead,LowKick,SuckerPunch|Adamant||M|||50|
|showteam|p2|Delphox||Delphoxite|Blaze|HeatWave,NastyPlot,Psyshock,Protect|Modest||F|||50|]Blastoise||Blastoisinite|RainDish|DarkPulse,WaterSpout,ShellSmash,Protect|Modest||M|||50|]Vivillon||ChoiceScarf|CompoundEyes|SleepPowder,Hurricane,RagePowder,PollenPuff|Timid||F|||50|]Maushold||WideLens|Technician|PopulationBomb,FollowMe,Feint,Protect|Jolly|||||50|]Incineroar||SitrusBerry|Intimidate|FlareBlitz,HelpingHand,PartingShot,FakeOut|Careful||M|||50|]Sinistcha||KasibBerry|Hospitality|MatchaGotcha,RagePowder,TrickRoom,Protect|Bold|||||50|
|inactive|Battle timer is ON: inactive players will automatically lose when time's up. (requested by sidhuistic)
|c|☆sidhuistic|ferali is cool
|inactive|sidhuistic has 60 seconds left.
|c|☆MrMrvz|yezzur! My fave :D
|
|t:|1785946916
|teamsize|p1|4
|teamsize|p2|4
|start
|switch|p1a: Whimsicott|Whimsicott, L50, M|100/100
|switch|p1b: Glimmora|Glimmora, L50, F|100/100
|switch|p2a: Blastoise|Blastoise, L50, M|100/100
|switch|p2b: Vivillon|Vivillon, L50, F|100/100
|turn|1
|inactive|MrMrvz has 30 seconds left.
|inactive|sidhuistic has 30 seconds left.
|
|t:|1785946947
|detailschange|p2a: Blastoise|Blastoise-Mega, L50, M
|-mega|p2a: Blastoise|Blastoise|Blastoisinite
|move|p1a: Whimsicott|Light Screen|p1a: Whimsicott
|-sidestart|p1: MrMrvz|move: Light Screen
|move|p2b: Vivillon|Sleep Powder|p1b: Glimmora
|-status|p1b: Glimmora|slp|[from] move: Sleep Powder
|cant|p1b: Glimmora|slp
|move|p2a: Blastoise|Shell Smash|p2a: Blastoise
|-unboost|p2a: Blastoise|def|1
|-unboost|p2a: Blastoise|spd|1
|-boost|p2a: Blastoise|atk|2
|-boost|p2a: Blastoise|spa|2
|-boost|p2a: Blastoise|spe|2
|
|upkeep
|turn|2
|
|t:|1785946969
|switch|p2b: Maushold|Maushold, L50|100/100
|move|p1a: Whimsicott|Tailwind|p1a: Whimsicott
|-sidestart|p1: MrMrvz|move: Tailwind
|cant|p1b: Glimmora|slp
|move|p2a: Blastoise|Water Spout|p1b: Glimmora|[spread] p1a,p1b
|-resisted|p1a: Whimsicott|1
|-supereffective|p1b: Glimmora|1
|-damage|p1a: Whimsicott|40/100
|-enditem|p1b: Glimmora|Focus Sash
|-damage|p1b: Glimmora|1/100 slp
|
|upkeep
|turn|3
|
|t:|1785946993
|-curestatus|p1b: Glimmora|slp|[msg]
|move|p1b: Glimmora|Spiky Shield|p1b: Glimmora
|-singleturn|p1b: Glimmora|move: Protect
|move|p2b: Maushold|Feint|p1b: Glimmora
|-activate|p1b: Glimmora|move: Feint
|-resisted|p1b: Glimmora|1
|-damage|p1b: Glimmora|0 fnt
|-activate|p1b: Glimmora|ability: Toxic Debris
|-sidestart|p2: sidhuistic|move: Toxic Spikes
|faint|p1b: Glimmora
|move|p1a: Whimsicott|Charm|p2b: Maushold
|-unboost|p2b: Maushold|atk|2
|move|p2a: Blastoise|Shell Smash|p2a: Blastoise
|-unboost|p2a: Blastoise|def|1
|-unboost|p2a: Blastoise|spd|1
|-boost|p2a: Blastoise|atk|2
|-boost|p2a: Blastoise|spa|2
|-boost|p2a: Blastoise|spe|2
|
|upkeep
|inactive|MrMrvz has 30 seconds left.
|inactive|MrMrvz has 20 seconds left.
|
|t:|1785947029
|switch|p1b: Feraligatr|Feraligatr, L50, M, shiny|100/100
|turn|4
|c|☆sidhuistic|i think u lost the sause now
|
|t:|1785947049
|move|p2b: Maushold|Follow Me|p2b: Maushold
|-singleturn|p2b: Maushold|move: Follow Me
|move|p2a: Blastoise|Water Spout|p1a: Whimsicott|[spread] p1a,p1b
|-resisted|p1a: Whimsicott|1
|-resisted|p1b: Feraligatr|1
|-damage|p1a: Whimsicott|0 fnt
|-damage|p1b: Feraligatr|38/100
|faint|p1a: Whimsicott
|move|p1b: Feraligatr|Rock Slide|p2b: Maushold|[spread] p2b
|-miss|p1b: Feraligatr|p2a: Blastoise
|-damage|p2b: Maushold|52/100
|
|upkeep
|
|t:|1785947059
|switch|p1a: Staraptor|Staraptor, L50, F|100/100
|-ability|p1a: Staraptor|Intimidate|boost
|-unboost|p2a: Blastoise|atk|1
|-unboost|p2b: Maushold|atk|1
|turn|5
|inactive|MrMrvz has 30 seconds left.
|
|t:|1785947085
|detailschange|p1a: Staraptor|Staraptor-Mega, L50, F
|-mega|p1a: Staraptor|Staraptor|Staraptite
|move|p2b: Maushold|Follow Me|p2b: Maushold
|-singleturn|p2b: Maushold|move: Follow Me
|move|p2a: Blastoise|Water Spout|p1a: Staraptor|[spread] p1a,p1b
|-resisted|p1b: Feraligatr|1
|-damage|p1a: Staraptor|0 fnt
|-damage|p1b: Feraligatr|0 fnt
|faint|p1a: Staraptor
|faint|p1b: Feraligatr
|
|win|sidhuistic
||MrMrvz is ready for game 2.
||sidhuistic is ready for game 2.
|uhtml|next|Next: Game 2 of 3
|l|☆MrMrvz
|player|p1|
|l|☆sidhuistic
|player|p2|
|j|☆MrMrvz
|player|p1|MrMrvz|ethan|
