|j|☆fangyusuhe
|j|☆syshj
|html|fangyusuhesyshj    
|uhtml|bestof|Game 3 of a best-of-3
|t:|1785073450
|gametype|doubles
|player|p1|fangyusuhe|dawn|
|player|p2|syshj|dawn|
|gen|9
|tier|[Gen 9 Champions] VGC 2026 Reg M-B (Bo3)
|rule|Species Clause: Limit one of each Pokémon
|rule|Item Clause: Limit 1 of each item
|clearpoke
|poke|p1|Tyranitar, L50, M|
|poke|p1|Excadrill, L50, F|
|poke|p1|Gholdengo, L50|
|poke|p1|Sinistcha, L50|
|poke|p1|Milotic, L50, M|
|poke|p1|Staraptor, L50, F|
|poke|p2|Delphox, L50, M|
|poke|p2|Sinistcha, L50|
|poke|p2|Sneasler, L50, M|
|poke|p2|Milotic, L50, F|
|poke|p2|Floette-Eternal, L50, F|
|poke|p2|Incineroar, L50, F|
|teampreview|4
|showteam|p1|Tyranitar||Tyranitarite|SandStream|RockSlide,KnockOff,IcePunch,Protect|Adamant||M|||50|]Excadrill||FocusSash|SandRush|IronHead,HighHorsepower,RockSlide,Protect|Adamant||F|||50|]Gholdengo||LifeOrb|GoodasGold|ShadowBall,MakeItRain,NastyPlot,Protect|Modest|||||50|]Sinistcha||ColburBerry|Hospitality|MatchaGotcha,RagePowder,TrickRoom,Protect|Bold|||||50|]Milotic||SitrusBerry|Competitive|Scald,IcyWind,Haze,Protect|Bold||M|||50|]Staraptor||Staraptite|Intimidate|BraveBird,CloseCombat,Tailwind,Protect|Jolly||F|||50|
|showteam|p2|Delphox||Delphoxite|Magician|HeatWave,Psychic,Protect,NastyPlot|Timid||M|||50|]Sinistcha||KasibBerry|Hospitality|LifeDew,RagePowder,MatchaGotcha,Protect|Bold|||||50|]Sneasler||FocusSash|Unburden|CloseCombat,DireClaw,RockSlide,FakeOut|Jolly||M|||50|]Milotic||Leftovers|Competitive|Hypnosis,Protect,Coil,MuddyWater|Bold||F|||50|]Floette-Eternal||Floettite|FlowerVeil|CalmMind,Moonblast,Protect,DazzlingGleam|Modest||F|||50|]Incineroar||SitrusBerry|Intimidate|FlareBlitz,DarkestLariat,PartingShot,FakeOut|Impish||F|||50|
|
|t:|1785073465
|teamsize|p1|4
|teamsize|p2|4
|start
|switch|p1a: Staraptor|Staraptor, L50, F|100/100
|switch|p1b: Gholdengo|Gholdengo, L50|100/100
|switch|p2a: Delphox|Delphox, L50, M|100/100
|switch|p2b: Milotic|Milotic, L50, F|100/100
|-ability|p1a: Staraptor|Intimidate|boost
|-unboost|p2a: Delphox|atk|1
|-unboost|p2b: Milotic|atk|1
|-ability|p2b: Milotic|Competitive|boost
|-boost|p2b: Milotic|spa|2
|turn|1
|inactive|Battle timer is ON: inactive players will automatically lose when time's up. (requested by fangyusuhe)
|
|t:|1785073493
|detailschange|p1a: Staraptor|Staraptor-Mega, L50, F
|-mega|p1a: Staraptor|Staraptor|Staraptite
|detailschange|p2a: Delphox|Delphox-Mega, L50, M
|-mega|p2a: Delphox|Delphox|Delphoxite
|move|p2a: Delphox|Heat Wave|p1a: Staraptor|[spread] p1a,p1b
|-supereffective|p1b: Gholdengo|1
|-damage|p1a: Staraptor|56/100
|-damage|p1b: Gholdengo|23/100
|-status|p1b: Gholdengo|brn
|move|p1a: Staraptor|Close Combat|p2b: Milotic
|-crit|p2b: Milotic
|-damage|p2b: Milotic|32/100
|-boost|p1a: Staraptor|def|1
|-boost|p1a: Staraptor|spd|1
|move|p1b: Gholdengo|Shadow Ball|p2b: Milotic
|-damage|p2b: Milotic|0 fnt
|faint|p2b: Milotic
|-damage|p1b: Gholdengo|14/100 brn|[from] item: Life Orb
|
|-damage|p1b: Gholdengo|8/100 brn|[from] brn
|upkeep
|
|t:|1785073508
|switch|p2b: Sinistcha|Sinistcha, L50|100/100
|turn|2
|
|t:|1785073518
|move|p2a: Delphox|Psychic|p1a: Staraptor
|-supereffective|p1a: Staraptor|1
|-damage|p1a: Staraptor|0 fnt
|faint|p1a: Staraptor
|move|p1b: Gholdengo|Shadow Ball|p2a: Delphox
|-supereffective|p2a: Delphox|1
|-damage|p2a: Delphox|0 fnt
|faint|p2a: Delphox
|-damage|p1b: Gholdengo|0 fnt|[from] item: Life Orb
|faint|p1b: Gholdengo
|move|p2b: Sinistcha|Matcha Gotcha|p1: Staraptor|[notarget]
|-fail|p2b: Sinistcha
|
|upkeep
|
|t:|1785073525
|switch|p2a: Incineroar|Incineroar, L50, F|100/100
|switch|p1a: Sinistcha|Sinistcha, L50|100/100
|switch|p1b: Excadrill|Excadrill, L50, F|100/100
|-ability|p2a: Incineroar|Intimidate|boost
|-unboost|p1a: Sinistcha|atk|1
|-unboost|p1b: Excadrill|atk|1
|turn|3
|
|t:|1785073545
|move|p1b: Excadrill|High Horsepower|p2a: Incineroar
|-supereffective|p2a: Incineroar|1
|-damage|p2a: Incineroar|39/100
|-enditem|p2a: Incineroar|Sitrus Berry|[eat]
|-heal|p2a: Incineroar|64/100|[from] item: Sitrus Berry
|move|p2b: Sinistcha|Matcha Gotcha|p1b: Excadrill|[spread] p1a,p1b
|-resisted|p1a: Sinistcha|1
|-damage|p1a: Sinistcha|87/100
|-damage|p1b: Excadrill|66/100
|move|p1a: Sinistcha|Matcha Gotcha|p2a: Incineroar|[spread] p2b
|-miss|p1a: Sinistcha|p2a: Incineroar
|-resisted|p2b: Sinistcha|1
|-damage|p2b: Sinistcha|88/100
|-heal|p1a: Sinistcha|93/100|[from] drain|[of] p2b: Sinistcha
|move|p2a: Incineroar|Flare Blitz|p1a: Sinistcha
|-supereffective|p1a: Sinistcha|1
|-damage|p1a: Sinistcha|24/100
|-damage|p2a: Incineroar|44/100|[from] Recoil
|
|upkeep
|turn|4
|
|t:|1785073561
|move|p1b: Excadrill|Rock Slide|p2b: Sinistcha|[spread] p2a,p2b
|-supereffective|p2a: Incineroar|1
|-damage|p2a: Incineroar|19/100
|-damage|p2b: Sinistcha|76/100
|move|p2b: Sinistcha|Matcha Gotcha|p1a: Sinistcha|[spread] p1a,p1b
|-resisted|p1a: Sinistcha|1
|-damage|p1a: Sinistcha|11/100
|-heal|p2b: Sinistcha|83/100|[from] drain|[of] p1a: Sinistcha
|-damage|p1b: Excadrill|31/100
|-heal|p2b: Sinistcha|100/100|[from] drain|[of] p1b: Excadrill
|move|p1a: Sinistcha|Matcha Gotcha|p2b: Sinistcha|[spread] p2a,p2b
|-resisted|p2a: Incineroar|1
|-resisted|p2b: Sinistcha|1
|-damage|p2a: Incineroar|9/100
|-heal|p1a: Sinistcha|16/100|[from] drain|[of] p2a: Incineroar
|-damage|p2b: Sinistcha|88/100
|-heal|p1a: Sinistcha|23/100|[from] drain|[of] p2b: Sinistcha
|cant|p2a: Incineroar|flinch
|
|upkeep
|turn|5
|
|t:|1785073569
|move|p1b: Excadrill|Rock Slide|p2a: Incineroar|[spread] p2a,p2b
|-supereffective|p2a: Incineroar|1
|-damage|p2a: Incineroar|0 fnt
|-damage|p2b: Sinistcha|76/100
|faint|p2a: Incineroar
|move|p2b: Sinistcha|Matcha Gotcha|p1b: Excadrill|[spread] p1a,p1b
|-resisted|p1a: Sinistcha|1
|-damage|p1a: Sinistcha|10/100
|-heal|p2b: Sinistcha|82/100|[from] drain|[of] p1a: Sinistcha
|-damage|p1b: Excadrill|0 fnt
|-heal|p2b: Sinistcha|98/100|[from] drain|[of] p1b: Excadrill
|-status|p1a: Sinistcha|brn
|faint|p1b: Excadrill
|move|p1a: Sinistcha|Matcha Gotcha|p2b: Sinistcha
|-resisted|p2b: Sinistcha|1
|-damage|p2b: Sinistcha|83/100
|-heal|p1a: Sinistcha|18/100 brn|[from] drain|[of] p2b: Sinistcha
|
|-damage|p1a: Sinistcha|12/100 brn|[from] brn
|upkeep
|turn|6
|
|t:|1785073575
|move|p2b: Sinistcha|Matcha Gotcha|p1a: Sinistcha
|-resisted|p1a: Sinistcha|1
|-crit|p1a: Sinistcha
|-damage|p1a: Sinistcha|0 fnt
|-heal|p2b: Sinistcha|89/100|[from] drain|[of] p1a: Sinistcha
|faint|p1a: Sinistcha
|
|win|syshj
|l|☆fangyusuhe
|player|p1|
