|j|☆Huasometa
|j|☆zefhkb505
|html|Huasometazefhkb505    
|uhtml|bestof|Game 3 of a best-of-3
|t:|1783741775
|gametype|doubles
|player|p1|Huasometa|elesa|1320
|player|p2|zefhkb505|hilbert|1269
|gen|9
|tier|[Gen 9 Champions] VGC 2026 Reg M-B (Bo3)
|rated|
|rule|Species Clause: Limit one of each Pokémon
|rule|Item Clause: Limit 1 of each item
|clearpoke
|poke|p1|Chandelure, L50, M|
|poke|p1|Kangaskhan, L50, F|
|poke|p1|Sylveon, L50, F|
|poke|p1|Kingambit, L50, F|
|poke|p1|Rotom-Wash, L50|
|poke|p1|Venusaur, L50, F|
|poke|p2|Azumarill, L50, M|
|poke|p2|Sinistcha, L50|
|poke|p2|Farigiraf, L50, M|
|poke|p2|Pelipper, L50, F|
|poke|p2|Tinkaton, L50, F|
|poke|p2|Raichu, L50, M|
|teampreview|4
|showteam|p1|Chandelure||FocusSash|FlashFire|HeatWave,ShadowBall,TrickRoom,Taunt|Quiet||M|||50|]Kangaskhan||Kangaskhanite|InnerFocus|FakeOut,DoubleEdge,SuckerPunch,HammerArm|Brave||F|||50|]Sylveon||FairyFeather|Pixilate|HyperVoice,Protect,HyperBeam,QuickAttack|Quiet||F|||50|]Kingambit||BlackGlasses|Defiant|KowtowCleave,SuckerPunch,IronHead,Protect|Brave||F|||50|]Rotom-Wash||SitrusBerry|Levitate|ThunderWave,VoltSwitch,HydroPump,Protect|Calm|||||50|]Venusaur||Venusaurite|Chlorophyll|EarthPower,SleepPowder,GigaDrain,Protect|Modest||F|||50|
|showteam|p2|Azumarill||SitrusBerry|HugePower|BellyDrum,AquaJet,PlayRough,Protect|Adamant||M|||50|]Sinistcha||CobaBerry|Hospitality|RagePowder,MatchaGotcha,TrickRoom,LifeDew|Relaxed|||||50|]Farigiraf||ColburBerry|ArmorTail|TwinBeam,TrickRoom,LightScreen,HyperVoice|Quiet||M|||50|]Pelipper||LifeOrb|Drizzle|Hurricane,WeatherBall,Roost,WideGuard|Modest||F|||50|]Tinkaton||FocusSash|MoldBreaker|FakeOut,GigatonHammer,SkillSwap,Encore|Jolly||F|||50|]Raichu||RaichuniteY|LightningRod|FakeOut,FocusBlast,ZapCannon,Protect|Timid||M|||50|
|
|t:|1783741819
|teamsize|p1|4
|teamsize|p2|4
|start
|switch|p1a: Kangaskhan|Kangaskhan, L50, F|100/100
|switch|p1b: Venusaur|Venusaur, L50, F|100/100
|switch|p2a: Azumarill|Azumarill, L50, M|100/100
|switch|p2b: Raichu|Raichu, L50, M|100/100
|turn|1
|
|t:|1783741839
|switch|p2a: Pelipper|Pelipper, L50, F|100/100
|-weather|RainDance|[from] ability: Drizzle|[of] p2a: Pelipper
|detailschange|p1b: Venusaur|Venusaur-Mega, L50, F
|-mega|p1b: Venusaur|Venusaur|Venusaurite
|move|p2b: Raichu|Fake Out|p1b: Venusaur
|-damage|p1b: Venusaur|94/100
|move|p1a: Kangaskhan|Fake Out|p2a: Pelipper
|-damage|p2a: Pelipper|83/100
|cant|p1b: Venusaur|flinch
|
|-weather|RainDance|[upkeep]
|upkeep
|turn|2
|
|t:|1783741866
|detailschange|p2b: Raichu|Raichu-Mega-Y, L50, M
|-mega|p2b: Raichu|Raichu|Raichunite Y
|move|p1b: Venusaur|Protect|p1b: Venusaur
|-singleturn|p1b: Venusaur|Protect
|move|p2b: Raichu|Focus Blast|p1a: Kangaskhan
|-supereffective|p1a: Kangaskhan|1
|-damage|p1a: Kangaskhan|1/100
|move|p1a: Kangaskhan|Double-Edge|p2b: Raichu
|-damage|p2b: Raichu|0 fnt
|faint|p2b: Raichu
|-damage|p1a: Kangaskhan|0 fnt|[from] Recoil
|faint|p1a: Kangaskhan
|move|p2a: Pelipper|Hurricane|p1b: Venusaur
|-activate|p1b: Venusaur|move: Protect
|
|-weather|RainDance|[upkeep]
|upkeep
|
|t:|1783741883
|switch|p2b: Tinkaton|Tinkaton, L50, F|100/100
|switch|p1a: Rotom|Rotom-Wash, L50|100/100
|-ability|p2b: Tinkaton|Mold Breaker
|turn|3
|
|t:|1783741892
|move|p2b: Tinkaton|Fake Out|p1a: Rotom
|-damage|p1a: Rotom|89/100
|move|p1b: Venusaur|Earth Power|p2b: Tinkaton
|-supereffective|p2b: Tinkaton|1
|-damage|p2b: Tinkaton|32/100
|cant|p1a: Rotom|flinch
|move|p2a: Pelipper|Hurricane|p1b: Venusaur
|-supereffective|p1b: Venusaur|1
|-damage|p1b: Venusaur|1/100
|-start|p1b: Venusaur|confusion
|-damage|p2a: Pelipper|74/100|[from] item: Life Orb
|
|-weather|RainDance|[upkeep]
|upkeep
|turn|4
|
|t:|1783741929
|move|p2b: Tinkaton|Skill Swap|p1a: Rotom
|-activate|p2b: Tinkaton|Skill Swap|Levitate|Mold Breaker|[of] p1a: Rotom
|-ability|p1a: Rotom|Mold Breaker
|-activate|p1b: Venusaur|confusion
|move|p1b: Venusaur|Earth Power|p2b: Tinkaton
|-immune|p2b: Tinkaton|[from] ability: Levitate
|move|p1a: Rotom|Volt Switch|p2a: Pelipper
|-supereffective|p2a: Pelipper|2
|-damage|p2a: Pelipper|0 fnt
|faint|p2a: Pelipper
|
|t:|1783741938
|switch|p1a: Kingambit|Kingambit, L50, F|100/100|[from] Volt Switch
|
|-weather|RainDance|[upkeep]
|upkeep
|
|t:|1783741942
|switch|p2a: Azumarill|Azumarill, L50, M|100/100
|turn|5
|
|t:|1783741963
|move|p2b: Tinkaton|Gigaton Hammer|p1b: Venusaur
|-damage|p1b: Venusaur|0 fnt
|faint|p1b: Venusaur
|move|p2a: Azumarill|Belly Drum|p2a: Azumarill
|-damage|p2a: Azumarill|50/100y
|-setboost|p2a: Azumarill|atk|6|[from] move: Belly Drum
|-enditem|p2a: Azumarill|Sitrus Berry|[eat]
|-heal|p2a: Azumarill|74/100|[from] item: Sitrus Berry
|move|p1a: Kingambit|Iron Head|p2b: Tinkaton
|-damage|p2b: Tinkaton|0 fnt
|faint|p2b: Tinkaton
|
|-weather|none
|upkeep
|
|t:|1783741966
|switch|p1b: Rotom|Rotom-Wash, L50|89/100
|turn|6
|
|t:|1783741977
|move|p1b: Rotom|Volt Switch|p2a: Azumarill
|-supereffective|p2a: Azumarill|1
|-damage|p2a: Azumarill|25/100
|move|p2a: Azumarill|Play Rough|p1b: Rotom
|-damage|p1b: Rotom|0 fnt
|faint|p1b: Rotom
|move|p1a: Kingambit|Iron Head|p2a: Azumarill
|-damage|p2a: Azumarill|0 fnt
|faint|p2a: Azumarill
|
|win|Huasometa
|raw|Huasometa's rating: 1320 → 1337(+17 for winning)
|raw|zefhkb505's rating: 1269 → 1248(-21 for losing)
|l|☆zefhkb505
|player|p2|
