|j|☆MMTQ
|j|☆robby w
|html|MMTQrobby w    
|uhtml|bestof|Game 2 of a best-of-3
|t:|1756665056
|gametype|doubles
|player|p1|MMTQ|101|1222
|player|p2|robby w|pokefan-gen4|1289
|gen|9
|tier|[Gen 9] VGC 2025 Reg H (Bo3)
|rated|
|rule|Species Clause: Limit one of each Pokémon
|rule|Item Clause: Limit 1 of each item
|clearpoke
|poke|p1|Gholdengo, L50|
|poke|p1|Sneasler, L50, M|
|poke|p1|Rillaboom, L50, F|
|poke|p1|Dragonite, L50, F|
|poke|p1|Ninetales-Alola, L50, M|
|poke|p1|Arcanine-Hisui, L50, F|
|poke|p2|Dondozo, L50, F|
|poke|p2|Tatsugiri, L50, F|
|poke|p2|Sneasler, L50, M|
|poke|p2|Indeedee, L50, M|
|poke|p2|Archaludon, L50, M|
|poke|p2|Whimsicott, L50, F|
|teampreview|4
|showteam|p1|Gholdengo||GrassySeed|GoodasGold|NastyPlot,MakeItRain,ShadowBall,Protect||||||50|,,,,,Water]Sneasler||WhiteHerb|Unburden|CloseCombat,DireClaw,Coaching,Protect|||M|||50|,,,,,Ghost]Rillaboom||AssaultVest|GrassySurge|FakeOut,GrassyGlide,DrumBeating,HighHorsepower|||F|||50|,,,,,Fire]Dragonite||LoadedDice|Multiscale|ScaleShot,StompingTantrum,Tailwind,Protect|||F|||50|,,,,,Ground]Ninetales-Alola||FocusSash|SnowWarning|Blizzard,IcyWind,Encore,AuroraVeil|||M|||50|,,,,,Ghost]Arcanine-Hisui||ClearAmulet|Intimidate|RockSlide,FlareBlitz,ExtremeSpeed,Protect|||F|||50|,,,,,Water
|showteam|p2|Dondozo||Leftovers|Unaware|Protect,WaveCrash,Earthquake,OrderUp|||F|||50|,,,,,Grass]Tatsugiri||ChoiceScarf|Commander|DragonPulse,IcyWind,DracoMeteor,MuddyWater|||F|||50|,,,,,Stellar]Sneasler||PsychicSeed|Unburden|DireClaw,CloseCombat,Protect,ThroatChop|||M|||50|,,,,,Dark]Indeedee||FocusSash|PsychicSurge|DazzlingGleam,HelpingHand,ExpandingForce,Protect|||M|||50|,,,,,Fairy]Archaludon||AssaultVest|Stamina|BodyPress,FlashCannon,Snarl,DracoMeteor|||M|||50|,,,,,Fighting]Whimsicott||CovertCloak|Prankster|Tailwind,Moonblast,Taunt,HelpingHand|||F|||50|,,,,,Grass
|inactive|Battle timer is ON: inactive players will automatically lose when time's up. (requested by robby w)
|
|t:|1756665123
|teamsize|p1|4
|teamsize|p2|4
|start
|switch|p1a: Gholdengo|Gholdengo, L50|100/100
|switch|p1b: Sneasler|Sneasler, L50, M|100/100
|switch|p2a: Dondozo|Dondozo, L50, F, shiny|100/100
|switch|p2b: Sneasler|Sneasler, L50, M|100/100
|turn|1
|inactive|MMTQ has 30 seconds left.
|inactive|robby w has 30 seconds left.
|inactive|robby w has 20 seconds left.
|inactive|robby w has 15 seconds left.
|
|t:|1756665167
|switch|p2b: Tatsugiri|Tatsugiri, L50, F|100/100
|-activate|p2b: Tatsugiri|ability: Commander|[of] p2a: Dondozo
|-boost|p2a: Dondozo|atk|2
|-boost|p2a: Dondozo|spa|2
|-boost|p2a: Dondozo|spe|2
|-boost|p2a: Dondozo|def|2
|-boost|p2a: Dondozo|spd|2
|switch|p1a: Rillaboom|Rillaboom, L50, F|100/100
|-fieldstart|move: Grassy Terrain|[from] ability: Grassy Surge|[of] p1a: Rillaboom
|move|p2a: Dondozo|Wave Crash|p1a: Rillaboom
|-resisted|p1a: Rillaboom
|-damage|p1a: Rillaboom|46/100
|-damage|p2a: Dondozo|85/100|[from] Recoil
|move|p1b: Sneasler|Dire Claw|p2a: Dondozo
|-damage|p2a: Dondozo|70/100
|
|-heal|p2a: Dondozo|76/100|[from] Grassy Terrain
|-heal|p2a: Dondozo|82/100|[from] item: Leftovers
|-heal|p1a: Rillaboom|52/100|[from] Grassy Terrain
|upkeep
|turn|2
|inactive|MMTQ has 30 seconds left.
|j| Leafeon03
|inactive|MMTQ has 20 seconds left.
|inactive|MMTQ has 15 seconds left.
|l| Leafeon03
|inactive|MMTQ has 10 seconds left.
|
|t:|1756665214
|move|p2a: Dondozo|Protect|p2a: Dondozo
|-singleturn|p2a: Dondozo|Protect
|move|p1b: Sneasler|Coaching|p1a: Rillaboom
|-boost|p1a: Rillaboom|atk|1
|-boost|p1a: Rillaboom|def|1
|move|p1a: Rillaboom|Drum Beating|p2a: Dondozo
|-activate|p2a: Dondozo|move: Protect
|
|-heal|p2a: Dondozo|89/100|[from] Grassy Terrain
|-heal|p2a: Dondozo|95/100|[from] item: Leftovers
|-heal|p1a: Rillaboom|59/100|[from] Grassy Terrain
|upkeep
|turn|3
|
|t:|1756665232
|-terastallize|p2a: Dondozo|Grass
|move|p2a: Dondozo|Order Up|p1a: Rillaboom
|-damage|p1a: Rillaboom|10/100
|-boost|p2a: Dondozo|atk|1
|move|p1b: Sneasler|Coaching|p1a: Rillaboom
|-boost|p1a: Rillaboom|atk|1
|-boost|p1a: Rillaboom|def|1
|move|p1a: Rillaboom|Drum Beating|p2a: Dondozo
|-resisted|p2a: Dondozo
|-damage|p2a: Dondozo|87/100
|-unboost|p2a: Dondozo|spe|1
|
|-heal|p1a: Rillaboom|16/100|[from] Grassy Terrain
|-heal|p2a: Dondozo|93/100|[from] Grassy Terrain
|-heal|p2a: Dondozo|99/100|[from] item: Leftovers
|upkeep
|turn|4
|inactive|MMTQ has 30 seconds left.
|
|t:|1756665262
|move|p1b: Sneasler|Dire Claw|p2a: Dondozo
|-supereffective|p2a: Dondozo
|-damage|p2a: Dondozo|67/100
|-status|p2a: Dondozo|psn
|move|p1a: Rillaboom|Drum Beating|p2a: Dondozo
|-resisted|p2a: Dondozo
|-damage|p2a: Dondozo|58/100 psn
|-unboost|p2a: Dondozo|spe|1
|move|p2a: Dondozo|Order Up|p1b: Sneasler
|-damage|p1b: Sneasler|14/100
|-boost|p2a: Dondozo|atk|1
|
|-heal|p1b: Sneasler|20/100|[from] Grassy Terrain
|-heal|p1a: Rillaboom|22/100|[from] Grassy Terrain
|-heal|p2a: Dondozo|65/100 psn|[from] Grassy Terrain
|-heal|p2a: Dondozo|71/100 psn|[from] item: Leftovers
|-damage|p2a: Dondozo|58/100 psn|[from] psn
|upkeep
|turn|5
|inactive|MMTQ has 30 seconds left.
|inactive|robby w has 30 seconds left.
|inactive|MMTQ has 20 seconds left.
|
|t:|1756665298
|switch|p1a: Gholdengo|Gholdengo, L50|100/100
|-enditem|p1a: Gholdengo|Grassy Seed
|-boost|p1a: Gholdengo|def|1|[from] item: Grassy Seed
|move|p1b: Sneasler|Dire Claw|p2a: Dondozo
|-supereffective|p2a: Dondozo
|-damage|p2a: Dondozo|28/100 psn
|move|p2a: Dondozo|Earthquake|p1b: Sneasler|[spread] p1a,p1b
|-miss|p2a: Dondozo|p2b: Tatsugiri
|-supereffective|p1a: Gholdengo
|-supereffective|p1b: Sneasler
|-damage|p1a: Gholdengo|33/100
|-damage|p1b: Sneasler|0 fnt
|faint|p1b: Sneasler
|
|-heal|p1a: Gholdengo|39/100|[from] Grassy Terrain
|-heal|p2a: Dondozo|35/100 psn|[from] Grassy Terrain
|-heal|p2a: Dondozo|41/100 psn|[from] item: Leftovers
|-damage|p2a: Dondozo|28/100 psn|[from] psn
|-fieldend|move: Grassy Terrain
|upkeep
|
|t:|1756665314
|switch|p1b: Rillaboom|Rillaboom, L50, F|22/100
|-fieldstart|move: Grassy Terrain|[from] ability: Grassy Surge|[of] p1b: Rillaboom
|turn|6
|
|t:|1756665325
|move|p1b: Rillaboom|Fake Out|p2a: Dondozo
|-crit|p2a: Dondozo
|-damage|p2a: Dondozo|16/100 psn
|move|p1a: Gholdengo|Nasty Plot|p1a: Gholdengo
|-boost|p1a: Gholdengo|spa|2
|cant|p2a: Dondozo|flinch
|
|-heal|p1b: Rillaboom|28/100|[from] Grassy Terrain
|-heal|p1a: Gholdengo|45/100|[from] Grassy Terrain
|-heal|p2a: Dondozo|22/100 psn|[from] Grassy Terrain
|-heal|p2a: Dondozo|28/100 psn|[from] item: Leftovers
|-damage|p2a: Dondozo|16/100 psn|[from] psn
|upkeep
|turn|7
|inactive|MMTQ has 30 seconds left.
|inactive|MMTQ has 20 seconds left.
|inactive|MMTQ has 15 seconds left.
|
|t:|1756665368
|switch|p1b: Arcanine|Arcanine-Hisui, L50, F, shiny|100/100
|-ability|p1b: Arcanine|Intimidate|boost
|-unboost|p2a: Dondozo|atk|1
|-unboost|p2b: Tatsugiri|atk|1
|move|p1a: Gholdengo|Shadow Ball|p2a: Dondozo
|-damage|p2a: Dondozo|0 fnt
|faint|p2a: Dondozo
|
|-heal|p1a: Gholdengo|52/100|[from] Grassy Terrain
|upkeep
|
|t:|1756665378
|switch|p2a: Indeedee|Indeedee, L50, M|100/100
|-fieldstart|move: Psychic Terrain|[from] ability: Psychic Surge|[of] p2a: Indeedee
|turn|8
|inactive|MMTQ has 30 seconds left.
|inactive|robby w has 30 seconds left.
|
|t:|1756665413
|-terastallize|p1b: Arcanine|Water
|move|p1a: Gholdengo|Protect|p1a: Gholdengo
|-singleturn|p1a: Gholdengo|Protect
|move|p2b: Tatsugiri|Icy Wind|p1a: Gholdengo|[spread] p1b
|-activate|p1a: Gholdengo|move: Protect
|-resisted|p1b: Arcanine
|-damage|p1b: Arcanine|92/100
|move|p2a: Indeedee|Expanding Force|p1a: Gholdengo|[spread] p1b
|-activate|p1a: Gholdengo|move: Protect
|-crit|p1b: Arcanine
|-damage|p1b: Arcanine|0 fnt
|faint|p1b: Arcanine
|
|upkeep
|
|t:|1756665425
|switch|p1b: Rillaboom|Rillaboom, L50, F|28/100
|-fieldstart|move: Grassy Terrain|[from] ability: Grassy Surge|[of] p1b: Rillaboom
|turn|9
|
|t:|1756665435
|switch|p2a: Sneasler|Sneasler, L50, M|100/100
|move|p1b: Rillaboom|Fake Out|p2b: Tatsugiri
|-damage|p2b: Tatsugiri|79/100
|cant|p2b: Tatsugiri|flinch
|move|p1a: Gholdengo|Make It Rain|p2a: Sneasler|[spread] p2a,p2b
|-crit|p2a: Sneasler
|-resisted|p2b: Tatsugiri
|-damage|p2a: Sneasler|0 fnt
|-damage|p2b: Tatsugiri|24/100
|-unboost|p1a: Gholdengo|spa|1
|faint|p2a: Sneasler
|
|-heal|p2b: Tatsugiri|30/100|[from] Grassy Terrain
|-heal|p1b: Rillaboom|35/100|[from] Grassy Terrain
|-heal|p1a: Gholdengo|58/100|[from] Grassy Terrain
|upkeep
|
|t:|1756665448
|switch|p2a: Indeedee|Indeedee, L50, M|100/100
|-fieldstart|move: Psychic Terrain|[from] ability: Psychic Surge|[of] p2a: Indeedee
|turn|10
|
|t:|1756665465
|move|p2b: Tatsugiri|Icy Wind|p1b: Rillaboom|[spread] p1a,p1b
|-resisted|p1a: Gholdengo
|-crit|p1a: Gholdengo
|-supereffective|p1b: Rillaboom
|-damage|p1a: Gholdengo|48/100
|-damage|p1b: Rillaboom|12/100
|-unboost|p1a: Gholdengo|spe|1
|-unboost|p1b: Rillaboom|spe|1
|move|p2a: Indeedee|Expanding Force|p1a: Gholdengo|[spread] p1a,p1b
|-resisted|p1a: Gholdengo
|-damage|p1a: Gholdengo|22/100
|-damage|p1b: Rillaboom|0 fnt
|faint|p1b: Rillaboom
|move|p1a: Gholdengo|Make It Rain|p2a: Indeedee|[spread] p2a,p2b
|-resisted|p2b: Tatsugiri
|-damage|p2a: Indeedee|16/100
|-damage|p2b: Tatsugiri|0 fnt
|-unboost|p1a: Gholdengo|spa|1
|faint|p2b: Tatsugiri
|
|upkeep
|turn|11
|
|t:|1756665482
|move|p2a: Indeedee|Expanding Force|p1a: Gholdengo
|-resisted|p1a: Gholdengo
|-damage|p1a: Gholdengo|0 fnt
|faint|p1a: Gholdengo
|
|win|robby w
|raw|MMTQ's rating: 1222 → 1202(-20 for losing)
|raw|robby w's rating: 1289 → 1309(+20 for winning)
|l|☆MMTQ
|player|p1|
