|j|☆jussdoit
|j|☆grendel zolga
|html|jussdoitgrendel zolga    
|uhtml|bestof|Game 1 of a best-of-3
|t:|1756813806
|gametype|doubles
|player|p1|jussdoit|steven|1125
|player|p2|grendel zolga|2|1215
|gen|9
|tier|[Gen 9] VGC 2025 Reg H (Bo3)
|rated|
|rule|Species Clause: Limit one of each Pokémon
|rule|Item Clause: Limit 1 of each item
|clearpoke
|poke|p1|Glaceon, L50, M|
|poke|p1|Ninetales-Alola, L50, F|
|poke|p1|Ceruledge, L50, F|
|poke|p1|Sneasler, L50, F|
|poke|p1|Greninja-*, L50, M|
|poke|p1|Sinistcha, L50|
|poke|p2|Gyarados, L50, M|
|poke|p2|Indeedee, L50, M|
|poke|p2|Sneasler, L50, F|
|poke|p2|Tyranitar, L50, M|
|poke|p2|Ursaluna-Bloodmoon, L50, M|
|poke|p2|Volcarona, L50, F|
|teampreview|4
|showteam|p1|Glaceon||ChoiceSpecs|SnowCloak|Blizzard,IceBeam,TeraBlast,WeatherBall|||M|||50|,,,,,Psychic]Ninetales-Alola||CovertCloak|SnowWarning|AuroraVeil,Snowscape,Moonblast,Encore|||F|||50|,,,,,Ice]Ceruledge||BigRoot|FlashFire|BitterBlade,ShadowSneak,SwordsDance,Protect|||F|||50|,,,,,Grass]Sneasler||NormalGem|Unburden|DireClaw,FakeOut,SwordsDance,CloseCombat|||F|||50|,,,,,Stellar]Greninja||LifeOrb|Protean|WaterShuriken,DarkPulse,Blizzard,Taunt|||M|||50|,,,,,Steel]Sinistcha||WeaknessPolicy|Hospitality|LifeDew,MatchaGotcha,StrengthSap,Protect||||||50|,,,,,Fire
|showteam|p2|Gyarados||SafetyGoggles|Intimidate|Taunt,ThunderWave,Waterfall,Protect|||M|||50|,,,,,Steel]Indeedee||ChoiceScarf|PsychicSurge|ExpandingForce,TeraBlast,Trick,Protect|||M|||50|,,,,,Psychic]Sneasler||PsychicSeed|Unburden|CloseCombat,DireClaw,ThroatChop,Protect|||F|||50|,,,,,Dark]Tyranitar||AssaultVest|SandStream|LowKick,TeraBlast,KnockOff,RockSlide|||M|||50|,,,,,Flying]Ursaluna-Bloodmoon||LifeOrb|MindsEye|HyperVoice,BloodMoon,EarthPower,Protect|||M|||50|,,,,,Normal]Volcarona||SitrusBerry|FlameBody|Overheat,StruggleBug,RagePowder,Tailwind|||F|||50|,,,,,Grass
|inactive|Battle timer is ON: inactive players will automatically lose when time's up. (requested by jussdoit)
|inactive|grendel zolga has 60 seconds left.
|inactive|grendel zolga has 30 seconds left.
|
|t:|1756813868
|teamsize|p1|4
|teamsize|p2|4
|start
|switch|p1a: Ninetales|Ninetales-Alola, L50, F|100/100
|switch|p1b: Glaceon|Glaceon, L50, M|100/100
|switch|p2a: Tsukuyomi|Ursaluna-Bloodmoon, L50, M|100/100
|switch|p2b: Seraphiel|Volcarona, L50, F|100/100
|-weather|Snowscape|[from] ability: Snow Warning|[of] p1a: Ninetales
|turn|1
|inactive|jussdoit has 30 seconds left.
|inactive|grendel zolga has 30 seconds left.
|
|t:|1756813902
|switch|p2b: Sirocco|Tyranitar, L50, M|100/100
|-weather|Sandstorm|[from] ability: Sand Stream|[of] p2b: Sirocco
|-terastallize|p2a: Tsukuyomi|Normal
|move|p1a: Ninetales|Snowscape|p1a: Ninetales
|-weather|Snowscape
|move|p2a: Tsukuyomi|Blood Moon|p1a: Ninetales
|-damage|p1a: Ninetales|0 fnt
|faint|p1a: Ninetales
|-damage|p2a: Tsukuyomi|91/100|[from] item: Life Orb
|move|p1b: Glaceon|Blizzard|p2b: Sirocco|[spread] p2a,p2b
|-damage|p2a: Tsukuyomi|8/100
|-damage|p2b: Sirocco|58/100
|
|-weather|Snowscape|[upkeep]
|upkeep
|
|t:|1756813919
|switch|p1a: Greninja|Greninja, L50, M|100/100
|turn|2
|
|t:|1756813937
|switch|p2b: Pythia|Indeedee, L50, M|100/100
|-fieldstart|move: Psychic Terrain|[from] ability: Psychic Surge|[of] p2b: Pythia
|move|p1a: Greninja|Blizzard|p2a: Tsukuyomi|[spread] p2a,p2b
|-start|p1a: Greninja|typechange|Ice|[from] ability: Protean
|-damage|p2a: Tsukuyomi|0 fnt
|-damage|p2b: Pythia|26/100
|faint|p2a: Tsukuyomi
|-damage|p1a: Greninja|91/100|[from] item: Life Orb
|move|p1b: Glaceon|Blizzard|p2b: Pythia
|-damage|p2b: Pythia|0 fnt
|faint|p2b: Pythia
|
|-weather|Snowscape|[upkeep]
|upkeep
|
|t:|1756813946
|switch|p2b: Seraphiel|Volcarona, L50, F|100/100
|switch|p2a: Sirocco|Tyranitar, L50, M|58/100
|-weather|Sandstorm|[from] ability: Sand Stream|[of] p2a: Sirocco
|turn|3
|
|t:|1756813969
|move|p1a: Greninja|Blizzard|p2a: Sirocco|[spread] p2b
|-miss|p1a: Greninja|p2a: Sirocco
|-resisted|p2b: Seraphiel
|-damage|p2b: Seraphiel|76/100
|-damage|p1a: Greninja|82/100|[from] item: Life Orb
|move|p2b: Seraphiel|Overheat|p1a: Greninja
|-supereffective|p1a: Greninja
|-damage|p1a: Greninja|0 fnt
|-unboost|p2b: Seraphiel|spa|2
|faint|p1a: Greninja
|move|p2a: Sirocco|Rock Slide|p1b: Glaceon
|-supereffective|p1b: Glaceon
|-damage|p1b: Glaceon|5/100
|move|p1b: Glaceon|Blizzard|p2a: Sirocco|[spread] p2a,p2b
|-resisted|p2b: Seraphiel
|-damage|p2a: Sirocco|33/100
|-damage|p2b: Seraphiel|45/100
|-enditem|p2b: Seraphiel|Sitrus Berry|[eat]
|-heal|p2b: Seraphiel|70/100|[from] item: Sitrus Berry
|
|-weather|Sandstorm|[upkeep]
|-damage|p2b: Seraphiel|64/100|[from] Sandstorm
|-damage|p1b: Glaceon|0 fnt|[from] Sandstorm
|faint|p1b: Glaceon
|upkeep
|
|t:|1756813990
|switch|p1b: Ceruledge|Ceruledge, L50, F|100/100
|turn|4
|
|t:|1756814004
|-terastallize|p1b: Ceruledge|Grass
|move|p2b: Seraphiel|Rage Powder|p2b: Seraphiel
|-singleturn|p2b: Seraphiel|move: Rage Powder
|move|p1b: Ceruledge|Bitter Blade|p2a: Sirocco
|-resisted|p2a: Sirocco
|-damage|p2a: Sirocco|14/100
|move|p2a: Sirocco|Knock Off|p1b: Ceruledge
|-damage|p1b: Ceruledge|29/100
|-enditem|p1b: Ceruledge|Big Root|[from] move: Knock Off|[of] p2a: Sirocco
|
|-weather|Sandstorm|[upkeep]
|-damage|p2b: Seraphiel|58/100|[from] Sandstorm
|-damage|p1b: Ceruledge|23/100|[from] Sandstorm
|upkeep
|turn|5
|
|t:|1756814019
|move|p2b: Seraphiel|Struggle Bug|p1b: Ceruledge
|-supereffective|p1b: Ceruledge
|-damage|p1b: Ceruledge|0 fnt
|faint|p1b: Ceruledge
|
|win|grendel zolga
||jussdoit is ready for game 2.
||grendel zolga is ready for game 2.
|uhtml|next|Next: Game 2 of 3
|l|☆jussdoit
|player|p1|
