|j|☆crimsonkidd
|j|☆Dudthestud
|html|crimsonkiddDudthestud    
|uhtml|bestof|Game 3 of a best-of-3
|t:|1757183277
|gametype|doubles
|player|p1|crimsonkidd|lance|1116
|player|p2|Dudthestud|101|1076
|gen|9
|tier|[Gen 9] VGC 2025 Reg H (Bo3)
|rated|
|rule|Species Clause: Limit one of each Pokémon
|rule|Item Clause: Limit 1 of each item
|clearpoke
|poke|p1|Tyranitar, L50, F|
|poke|p1|Garchomp, L50, F|
|poke|p1|Amoonguss, L50, M|
|poke|p1|Archaludon, L50, F|
|poke|p1|Milotic, L50, F|
|poke|p1|Dragonite, L50, M|
|poke|p2|Electabuzz, L50, M|
|poke|p2|Kingambit, L50, M|
|poke|p2|Volcarona, L50, M|
|poke|p2|Dragonite, L50, M|
|poke|p2|Sneasler, L50, F|
|poke|p2|Rillaboom, L50, F|
|teampreview|4
|showteam|p1|Tyranitar||AssaultVest|SandStream|KnockOff,RockSlide,TeraBlast,LowKick|||F|||50|,,,,,Flying]Garchomp||LifeOrb|SandVeil|Earthquake,SwordsDance,Protect,DragonClaw|||F|||50|,,,,,Ground]Amoonguss||CovertCloak|Regenerator|RagePowder,Spore,PollenPuff,SludgeBomb|||M|||50|,,,,,Water]Archaludon||PowerHerb|Sturdy|ElectroShot,AuraSphere,Protect,FlashCannon|||F|||50|,,,,,Stellar]Milotic||SitrusBerry|Competitive|Scald,IcyWind,Protect,Haze|||F|||50|,,,,,Poison]Dragonite||LoadedDice|Multiscale|ScaleShot,TeraBlast,Protect,Tailwind|||M|||50|,,,,,Flying
|showteam|p2|Electabuzz||Eviolite|VitalSpirit|FollowMe,Thunderbolt,Taunt,Protect|||M|||50|,,,,,Ghost]Kingambit||BlackGlasses|Defiant|KowtowCleave,SuckerPunch,SwordsDance,Protect|||M|||50|,,,,,Dark]Volcarona||Leftovers|FlameBody|HeatWave,TeraBlast,QuiverDance,Protect|||M|||50|,,,,,Fairy]Dragonite||LoadedDice|Multiscale|ScaleShot,ExtremeSpeed,Haze,Protect|||M|||50|,,,,,Fairy]Sneasler||FocusSash|Unburden|DireClaw,CloseCombat,Coaching,FakeOut|||F|||50|,,,,,Stellar]Rillaboom||AssaultVest|GrassySurge|FakeOut,WoodHammer,GrassyGlide,HighHorsepower|||F|||50|,,,,,Fire
|inactive|Battle timer is ON: inactive players will automatically lose when time's up. (requested by Dudthestud)
|inactive|crimsonkidd has 60 seconds left.
|inactive|crimsonkidd has 30 seconds left.
|
|t:|1757183346
|teamsize|p1|4
|teamsize|p2|4
|start
|switch|p1a: Milotic|Milotic, L50, F|100/100
|switch|p1b: Tyranitar|Tyranitar, L50, F, shiny|100/100
|switch|p2a: Electabuzz|Electabuzz, L50, M|100/100
|switch|p2b: Volcarona|Volcarona, L50, M|100/100
|-weather|Sandstorm|[from] ability: Sand Stream|[of] p1b: Tyranitar
|turn|1
|inactive|crimsonkidd has 30 seconds left.
|inactive|Dudthestud has 30 seconds left.
|
|t:|1757183378
|switch|p1a: Garchomp|Garchomp, L50, F|100/100
|move|p2b: Volcarona|Protect|p2b: Volcarona
|-singleturn|p2b: Volcarona|Protect
|move|p2a: Electabuzz|Taunt|p1a: Garchomp
|-start|p1a: Garchomp|move: Taunt
|move|p1b: Tyranitar|Rock Slide|p2a: Electabuzz|[spread] p2a
|-activate|p2b: Volcarona|move: Protect
|-damage|p2a: Electabuzz|77/100
|
|-weather|Sandstorm|[upkeep]
|-damage|p2b: Volcarona|94/100|[from] Sandstorm
|-damage|p2a: Electabuzz|71/100|[from] Sandstorm
|-heal|p2b: Volcarona|100/100|[from] item: Leftovers
|upkeep
|turn|2
|
|t:|1757183397
|switch|p2a: Rillaboom|Rillaboom, L50, F|100/100
|-fieldstart|move: Grassy Terrain|[from] ability: Grassy Surge|[of] p2a: Rillaboom
|-terastallize|p2b: Volcarona|Fairy
|-terastallize|p1b: Tyranitar|Flying
|move|p1a: Garchomp|Earthquake|p2a: Rillaboom|[spread] p2a,p2b
|-immune|p1b: Tyranitar
|-resisted|p2a: Rillaboom
|-damage|p2a: Rillaboom|90/100
|-damage|p2b: Volcarona|71/100
|-damage|p1a: Garchomp|91/100|[from] item: Life Orb
|move|p2b: Volcarona|Quiver Dance|p2b: Volcarona
|-boost|p2b: Volcarona|spa|1
|-boost|p2b: Volcarona|spd|1
|-boost|p2b: Volcarona|spe|1
|move|p1b: Tyranitar|Rock Slide|p2b: Volcarona|[spread] p2a,p2b
|-damage|p2a: Rillaboom|60/100
|-damage|p2b: Volcarona|35/100
|
|-weather|Sandstorm|[upkeep]
|-damage|p2b: Volcarona|29/100|[from] Sandstorm
|-damage|p2a: Rillaboom|54/100|[from] Sandstorm
|-damage|p1b: Tyranitar|94/100|[from] Sandstorm
|-heal|p2b: Volcarona|35/100|[from] Grassy Terrain
|-heal|p2b: Volcarona|42/100|[from] item: Leftovers
|-heal|p1a: Garchomp|97/100|[from] Grassy Terrain
|-heal|p2a: Rillaboom|60/100|[from] Grassy Terrain
|upkeep
|turn|3
|c|☆crimsonkidd|good play
|inactive|crimsonkidd has 30 seconds left.
|inactive|crimsonkidd has 20 seconds left.
|inactive|crimsonkidd has 15 seconds left.
|c|☆Dudthestud|Bout the only way I lived the turn
|inactive|crimsonkidd has 10 seconds left.
|
|t:|1757183443
|switch|p1a: Milotic|Milotic, L50, F|100/100
|move|p2a: Rillaboom|Fake Out|p1b: Tyranitar
|-damage|p1b: Tyranitar|83/100
|move|p2b: Volcarona|Tera Blast|p1a: Milotic|[anim] Tera Blast Fairy
|-damage|p1a: Milotic|58/100
|cant|p1b: Tyranitar|flinch
|
|-weather|Sandstorm|[upkeep]
|-damage|p2b: Volcarona|35/100|[from] Sandstorm
|-damage|p2a: Rillaboom|54/100|[from] Sandstorm
|-damage|p1a: Milotic|52/100|[from] Sandstorm
|-damage|p1b: Tyranitar|77/100|[from] Sandstorm
|-heal|p2b: Volcarona|42/100|[from] Grassy Terrain
|-heal|p2b: Volcarona|48/100|[from] item: Leftovers
|-heal|p2a: Rillaboom|60/100|[from] Grassy Terrain
|-heal|p1a: Milotic|58/100|[from] Grassy Terrain
|upkeep
|turn|4
|c|☆crimsonkidd|yeah i got a little excited
|inactive|Dudthestud has 30 seconds left.
|
|t:|1757183474
|switch|p2a: Electabuzz|Electabuzz, L50, M|71/100
|move|p1a: Milotic|Protect|p1a: Milotic
|-singleturn|p1a: Milotic|Protect
|move|p2b: Volcarona|Tera Blast|p1b: Tyranitar|[anim] Tera Blast Fairy
|-damage|p1b: Tyranitar|41/100
|move|p1b: Tyranitar|Tera Blast|p2a: Electabuzz|[anim] Tera Blast Flying
|-resisted|p2a: Electabuzz
|-damage|p2a: Electabuzz|53/100
|
|-weather|Sandstorm|[upkeep]
|-damage|p2b: Volcarona|42/100|[from] Sandstorm
|-damage|p2a: Electabuzz|47/100|[from] Sandstorm
|-damage|p1a: Milotic|52/100|[from] Sandstorm
|-damage|p1b: Tyranitar|35/100|[from] Sandstorm
|-heal|p2b: Volcarona|48/100|[from] Grassy Terrain
|-heal|p2b: Volcarona|54/100|[from] item: Leftovers
|-heal|p2a: Electabuzz|53/100|[from] Grassy Terrain
|-heal|p1a: Milotic|58/100|[from] Grassy Terrain
|upkeep
|turn|5
|inactive|crimsonkidd has 30 seconds left.
|
|t:|1757183499
|move|p2b: Volcarona|Tera Blast|p1b: Tyranitar|[anim] Tera Blast Fairy
|-damage|p1b: Tyranitar|2/100
|move|p2a: Electabuzz|Taunt|p1a: Milotic
|-start|p1a: Milotic|move: Taunt
|cant|p1a: Milotic|move: Taunt|Haze
|move|p1b: Tyranitar|Rock Slide|p2a: Electabuzz|[spread] p2a,p2b
|-damage|p2a: Electabuzz|30/100
|-damage|p2b: Volcarona|18/100
|
|-weather|none
|-heal|p2b: Volcarona|24/100|[from] Grassy Terrain
|-heal|p2b: Volcarona|30/100|[from] item: Leftovers
|-heal|p2a: Electabuzz|36/100|[from] Grassy Terrain
|-heal|p1a: Milotic|64/100|[from] Grassy Terrain
|upkeep
|turn|6
|c|☆crimsonkidd|i really hate how fast he is
|inactive|crimsonkidd has 30 seconds left.
|c|☆crimsonkidd|for no real reason
|inactive|crimsonkidd has 20 seconds left.
|c|☆Dudthestud|Yeah, it’s deceptively fast
|
|t:|1757183536
|move|p2b: Volcarona|Heat Wave|p1a: Milotic|[spread] p1a,p1b
|-resisted|p1a: Milotic
|-damage|p1a: Milotic|45/100
|-damage|p1b: Tyranitar|0 fnt
|-enditem|p1a: Milotic|Sitrus Berry|[eat]
|-heal|p1a: Milotic|70/100|[from] item: Sitrus Berry
|faint|p1b: Tyranitar
|move|p2a: Electabuzz|Thunderbolt|p1a: Milotic
|-supereffective|p1a: Milotic
|-damage|p1a: Milotic|22/100
|move|p1a: Milotic|Icy Wind|p2a: Electabuzz|[spread] p2a,p2b
|-damage|p2a: Electabuzz|27/100
|-damage|p2b: Volcarona|23/100
|-unboost|p2a: Electabuzz|spe|1
|-unboost|p2b: Volcarona|spe|1
|
|-heal|p2b: Volcarona|30/100|[from] Grassy Terrain
|-heal|p2b: Volcarona|36/100|[from] item: Leftovers
|-heal|p1a: Milotic|28/100|[from] Grassy Terrain
|-heal|p2a: Electabuzz|32/100|[from] Grassy Terrain
|-fieldend|move: Grassy Terrain
|upkeep
|
|t:|1757183541
|switch|p1b: Garchomp|Garchomp, L50, F|97/100
|turn|7
|inactive|crimsonkidd has 30 seconds left.
|inactive|crimsonkidd has 20 seconds left.
|inactive|crimsonkidd has 15 seconds left.
|
|t:|1757183584
|switch|p1a: Dragonite|Dragonite, L50, M|100/100
|switch|p2a: Rillaboom|Rillaboom, L50, F|60/100
|-fieldstart|move: Grassy Terrain|[from] ability: Grassy Surge|[of] p2a: Rillaboom
|move|p2b: Volcarona|Protect|p2b: Volcarona
|-singleturn|p2b: Volcarona|Protect
|move|p1b: Garchomp|Dragon Claw|p2a: Rillaboom
|-damage|p2a: Rillaboom|11/100
|-damage|p1b: Garchomp|87/100|[from] item: Life Orb
|
|-heal|p1b: Garchomp|93/100|[from] Grassy Terrain
|-heal|p2b: Volcarona|42/100|[from] Grassy Terrain
|-heal|p2b: Volcarona|48/100|[from] item: Leftovers
|-heal|p2a: Rillaboom|17/100|[from] Grassy Terrain
|upkeep
|turn|8
|c|☆Dudthestud|Also in Baltimore mine ohko a pelipper with electroweb and my opponent was baffled
|c|☆crimsonkidd|I mean 4x
|inactive|crimsonkidd has 30 seconds left.
|inactive|Dudthestud has 30 seconds left.
|inactive|crimsonkidd has 20 seconds left.
|inactive|crimsonkidd has 15 seconds left.
|inactive|crimsonkidd has 10 seconds left.
|
|t:|1757183632
|move|p1b: Garchomp|Protect|p1b: Garchomp
|-singleturn|p1b: Garchomp|Protect
|move|p1a: Dragonite|Protect|p1a: Dragonite
|-singleturn|p1a: Dragonite|Protect
|move|p2a: Rillaboom|Fake Out|p1a: Dragonite
|-activate|p1a: Dragonite|move: Protect
|move|p2b: Volcarona|Tera Blast|p1a: Dragonite|[anim] Tera Blast Fairy
|-activate|p1a: Dragonite|move: Protect
|
|-heal|p1b: Garchomp|99/100|[from] Grassy Terrain
|-heal|p2b: Volcarona|55/100|[from] Grassy Terrain
|-heal|p2b: Volcarona|61/100|[from] item: Leftovers
|-heal|p2a: Rillaboom|23/100|[from] Grassy Terrain
|upkeep
|turn|9
|
|t:|1757183657
|move|p2b: Volcarona|Protect|p2b: Volcarona
|-singleturn|p2b: Volcarona|Protect
|move|p2a: Rillaboom|Grassy Glide|p1a: Dragonite
|-resisted|p1a: Dragonite
|-damage|p1a: Dragonite|95/100
|move|p1b: Garchomp|Earthquake|p2a: Rillaboom|[spread] p2a
|-activate|p2b: Volcarona|move: Protect
|-immune|p1a: Dragonite
|-resisted|p2a: Rillaboom
|-damage|p2a: Rillaboom|11/100
|-damage|p1b: Garchomp|89/100|[from] item: Life Orb
|move|p1a: Dragonite|Scale Shot|p2a: Rillaboom
|-damage|p2a: Rillaboom|0 fnt
|faint|p2a: Rillaboom
|-hitcount|p2: Rillaboom|1
|-unboost|p1a: Dragonite|def|1
|-boost|p1a: Dragonite|spe|1
|
|-heal|p1b: Garchomp|95/100|[from] Grassy Terrain
|-heal|p2b: Volcarona|67/100|[from] Grassy Terrain
|-heal|p2b: Volcarona|73/100|[from] item: Leftovers
|upkeep
|
|t:|1757183673
|switch|p2a: Sneasler|Sneasler, L50, F|100/100
|turn|10
|inactive|crimsonkidd has 30 seconds left.
|inactive|crimsonkidd has 20 seconds left.
|
|t:|1757183708
|move|p1a: Dragonite|Scale Shot|p2a: Sneasler
|-damage|p2a: Sneasler|75/100
|-crit|p2a: Sneasler
|-damage|p2a: Sneasler|35/100
|-damage|p2a: Sneasler|11/100
|-damage|p2a: Sneasler|0 fnt
|faint|p2a: Sneasler
|-hitcount|p2: Sneasler|4
|-unboost|p1a: Dragonite|def|1
|-boost|p1a: Dragonite|spe|1
|move|p1b: Garchomp|Earthquake|p2b: Volcarona|[spread] p2b
|-immune|p1a: Dragonite
|-damage|p2b: Volcarona|48/100
|-damage|p1b: Garchomp|86/100|[from] item: Life Orb
|move|p2b: Volcarona|Quiver Dance|p2b: Volcarona
|-boost|p2b: Volcarona|spa|1
|-boost|p2b: Volcarona|spd|1
|-boost|p2b: Volcarona|spe|1
|
|-heal|p2b: Volcarona|55/100|[from] Grassy Terrain
|-heal|p2b: Volcarona|61/100|[from] item: Leftovers
|-heal|p1b: Garchomp|91/100|[from] Grassy Terrain
|upkeep
|
|t:|1757183715
|switch|p2a: Electabuzz|Electabuzz, L50, M|32/100
|turn|11
|inactive|crimsonkidd has 30 seconds left.
|inactive|crimsonkidd has 20 seconds left.
|
|t:|1757183752
|move|p2a: Electabuzz|Follow Me|p2a: Electabuzz
|-singleturn|p2a: Electabuzz|move: Follow Me
|move|p1a: Dragonite|Scale Shot|p2a: Electabuzz
|-damage|p2a: Electabuzz|21/100
|-crit|p2a: Electabuzz
|-damage|p2a: Electabuzz|6/100
|-damage|p2a: Electabuzz|0 fnt
|faint|p2a: Electabuzz
|-hitcount|p2: Electabuzz|3
|-unboost|p1a: Dragonite|def|1
|-boost|p1a: Dragonite|spe|1
|move|p2b: Volcarona|Tera Blast|p1b: Garchomp|[anim] Tera Blast Fairy
|-supereffective|p1b: Garchomp
|-damage|p1b: Garchomp|0 fnt
|faint|p1b: Garchomp
|
|-heal|p2b: Volcarona|67/100|[from] Grassy Terrain
|-heal|p2b: Volcarona|73/100|[from] item: Leftovers
|-fieldend|move: Grassy Terrain
|upkeep
|
|t:|1757183764
|switch|p1b: Milotic|Milotic, L50, F|28/100
|turn|12
|
|t:|1757183775
|move|p1a: Dragonite|Tailwind|p1a: Dragonite
|-sidestart|p1: crimsonkidd|move: Tailwind
|move|p1b: Milotic|Haze|p1b: Milotic
|-clearallboost
|move|p2b: Volcarona|Tera Blast|p1b: Milotic|[anim] Tera Blast Fairy
|-damage|p1b: Milotic|1/100
|
|-heal|p2b: Volcarona|80/100|[from] item: Leftovers
|upkeep
|turn|13
|
|t:|1757183797
|move|p1a: Dragonite|Tera Blast|p2b: Volcarona
|-damage|p2b: Volcarona|66/100
|move|p1b: Milotic|Scald|p2b: Volcarona
|-damage|p2b: Volcarona|36/100
|move|p2b: Volcarona|Heat Wave|p1b: Milotic|[spread] p1a,p1b
|-resisted|p1a: Dragonite
|-resisted|p1b: Milotic
|-damage|p1a: Dragonite|77/100
|-damage|p1b: Milotic|0 fnt
|faint|p1b: Milotic
|
|-heal|p2b: Volcarona|42/100|[from] item: Leftovers
|upkeep
|turn|14
|inactive|crimsonkidd has 30 seconds left.
|c|☆crimsonkidd|welpl
|c|☆Dudthestud|God what a game
|
|t:|1757183814
|move|p1a: Dragonite|Tera Blast|p2b: Volcarona
|-damage|p2b: Volcarona|25/100
|move|p2b: Volcarona|Tera Blast|p1a: Dragonite|[anim] Tera Blast Fairy
|-supereffective|p1a: Dragonite
|-damage|p1a: Dragonite|0 fnt
|faint|p1a: Dragonite
|
|win|Dudthestud
|raw|crimsonkidd's rating: 1116 → 1088(-28 for losing)
|raw|Dudthestud's rating: 1076 → 1108(+32 for winning)
|c|☆crimsonkidd|gg
|c|☆Dudthestud|Gg
|c|☆crimsonkidd|great set
|l|☆Dudthestud
|player|p2|
