|j|☆DilluVGC
|j|☆failandimprove5
|html|DilluVGCfailandimprove5    
|uhtml|bestof|Game 2 of a best-of-3
|t:|1784740367
|gametype|doubles
|player|p1|DilluVGC|blaine|
|player|p2|failandimprove5|2|
|gen|9
|tier|[Gen 9 Champions] VGC 2026 Reg M-B (Bo3)
|rule|Species Clause: Limit one of each Pokémon
|rule|Item Clause: Limit 1 of each item
|clearpoke
|poke|p1|Tyranitar, L50, F|
|poke|p1|Excadrill, L50, F|
|poke|p1|Milotic, L50, F|
|poke|p1|Gholdengo, L50|
|poke|p1|Sinistcha-Masterpiece, L50|
|poke|p1|Staraptor, L50, F|
|poke|p2|Kingambit, L50, M|
|poke|p2|Sneasler, L50, M|
|poke|p2|Froslass, L50, F|
|poke|p2|Lycanroc-Dusk, L50, F|
|poke|p2|Basculegion, L50, M|
|poke|p2|Scovillain, L50, M|
|teampreview|4
|showteam|p1|Tyranitar||Tyranitarite|SandStream|KnockOff,RockSlide,HighHorsepower,Protect|Jolly||F|||50|]Excadrill||FocusSash|SandRush|Earthquake,IronHead,RockSlide,Protect|Jolly||F|||50|]Milotic||SitrusBerry|Competitive|Scald,IcyWind,Haze,Protect|Calm||F|||50|]Gholdengo||LifeOrb|GoodasGold|MakeItRain,ShadowBall,NastyPlot,Protect|Modest|||||50|]Sinistcha-Masterpiece||ColburBerry|Hospitality|MatchaGotcha,ShadowBall,Protect,RagePowder|Bold|||||50|]Staraptor||Staraptite|Intimidate|CloseCombat,BraveBird,Tailwind,Protect|Jolly||F|||50|
|showteam|p2|Kingambit||LifeOrb|Defiant|KowtowCleave,SuckerPunch,SwordsDance,Protect|Adamant||M|||50|]Sneasler||WhiteHerb|Unburden|FakeOut,CloseCombat,GunkShot,Protect|Adamant||M|||50|]Froslass||Froslassite|SnowCloak|Blizzard,AuroraVeil,ShadowBall,Protect|Timid||F|||50|]Lycanroc-Dusk||FocusSash|ToughClaws|CloseCombat,RockSlide,Accelerock,Protect|Adamant||F|||50|]Basculegion||SitrusBerry|Adaptability|LastRespects,AquaJet,WaveCrash,Protect|Adamant||M|||50|]Scovillain||Scovillainite|Moody|Overheat,GigaDrain,RagePowder,Protect|Bold||M|||50|
|inactive|Battle timer is ON: inactive players will automatically lose when time's up. (requested by failandimprove5)
|
|t:|1784740390
|teamsize|p1|4
|teamsize|p2|4
|start
|switch|p1a: Rap-Turn'al|Staraptor, L50, F|100/100
|switch|p1b: Aftermath|Gholdengo, L50|100/100
|switch|p2a: Scovillain|Scovillain, L50, M|100/100
|switch|p2b: Kingambit|Kingambit, L50, M|100/100
|-ability|p1a: Rap-Turn'al|Intimidate|boost
|-unboost|p2a: Scovillain|atk|1
|-unboost|p2b: Kingambit|atk|1
|-ability|p2b: Kingambit|Defiant|boost
|-boost|p2b: Kingambit|atk|2
|turn|1
|inactive|failandimprove5 has 30 seconds left.
|inactive|failandimprove5 has 20 seconds left.
|inactive|failandimprove5 has 15 seconds left.
|
|t:|1784740434
|switch|p1b: Missy Eeliott|Milotic, L50, F|100/100
|detailschange|p1a: Rap-Turn'al|Staraptor-Mega, L50, F
|-mega|p1a: Rap-Turn'al|Staraptor|Staraptite
|detailschange|p2a: Scovillain|Scovillain-Mega, L50, M
|-mega|p2a: Scovillain|Scovillain|Scovillainite
|move|p2a: Scovillain|Rage Powder|p2a: Scovillain
|-singleturn|p2a: Scovillain|move: Rage Powder
|move|p1a: Rap-Turn'al|Close Combat|p2a: Scovillain
|-damage|p2a: Scovillain|54/100
|-boost|p1a: Rap-Turn'al|def|1
|-boost|p1a: Rap-Turn'al|spd|1
|-status|p1a: Rap-Turn'al|brn|[from] ability: Spicy Spray|[of] p2a: Scovillain
|move|p2b: Kingambit|Kowtow Cleave|p1a: Rap-Turn'al
|-resisted|p1a: Rap-Turn'al|1
|-damage|p1a: Rap-Turn'al|69/100 brn
|-damage|p2b: Kingambit|90/100|[from] item: Life Orb
|
|-damage|p1a: Rap-Turn'al|63/100 brn|[from] brn
|upkeep
|turn|2
|
|t:|1784740457
|switch|p2b: Basculegion|Basculegion, L50, M|100/100
|move|p1a: Rap-Turn'al|Tailwind|p1a: Rap-Turn'al
|-sidestart|p1: DilluVGC|move: Tailwind
|move|p1b: Missy Eeliott|Haze|p1b: Missy Eeliott
|-clearallboost
|move|p2a: Scovillain|Giga Drain|p1b: Missy Eeliott
|-supereffective|p1b: Missy Eeliott|1
|-damage|p1b: Missy Eeliott|48/100
|-heal|p2a: Scovillain|82/100|[from] drain|[of] p1b: Missy Eeliott
|-enditem|p1b: Missy Eeliott|Sitrus Berry|[eat]
|-heal|p1b: Missy Eeliott|73/100|[from] item: Sitrus Berry
|
|-damage|p1a: Rap-Turn'al|57/100 brn|[from] brn
|upkeep
|turn|3
|inactive|failandimprove5 has 30 seconds left.
|inactive|failandimprove5 has 20 seconds left.
|inactive|failandimprove5 has 15 seconds left.
|inactive|failandimprove5 has 10 seconds left.
|
|t:|1784740507
|switch|p1b: Notorious T|Tyranitar, L50, F|100/100
|-weather|Sandstorm|[from] ability: Sand Stream|[of] p1b: Notorious T
|move|p2a: Scovillain|Protect|p2a: Scovillain
|-singleturn|p2a: Scovillain|Protect
|move|p1a: Rap-Turn'al|Brave Bird|p2a: Scovillain
|-activate|p2a: Scovillain|move: Protect
|move|p2b: Basculegion|Wave Crash|p1b: Notorious T
|-supereffective|p1b: Notorious T|1
|-damage|p1b: Notorious T|0 fnt
|faint|p1b: Notorious T
|-damage|p2b: Basculegion|70/100|[from] Recoil
|
|-weather|Sandstorm|[upkeep]
|-damage|p1a: Rap-Turn'al|51/100 brn|[from] Sandstorm
|-damage|p2a: Scovillain|76/100|[from] Sandstorm
|-damage|p2b: Basculegion|64/100|[from] Sandstorm
|-damage|p1a: Rap-Turn'al|46/100 brn|[from] brn
|upkeep
|
|t:|1784740524
|switch|p1b: Aftermath|Gholdengo, L50|100/100
|turn|4
|inactive|failandimprove5 has 30 seconds left.
|
|t:|1784740552
|move|p1a: Rap-Turn'al|Brave Bird|p2a: Scovillain
|-supereffective|p2a: Scovillain|1
|-damage|p2a: Scovillain|25/100
|-damage|p1a: Rap-Turn'al|30/100 brn|[from] Recoil
|move|p1b: Aftermath|Shadow Ball|p2b: Basculegion
|-supereffective|p2b: Basculegion|1
|-damage|p2b: Basculegion|0 fnt
|faint|p2b: Basculegion
|-damage|p1b: Aftermath|90/100|[from] item: Life Orb
|move|p2a: Scovillain|Overheat|p1b: Aftermath
|-supereffective|p1b: Aftermath|1
|-damage|p1b: Aftermath|0 fnt
|-unboost|p2a: Scovillain|spa|2
|faint|p1b: Aftermath
|
|-weather|Sandstorm|[upkeep]
|-damage|p1a: Rap-Turn'al|24/100 brn|[from] Sandstorm
|-damage|p2a: Scovillain|19/100|[from] Sandstorm
|-damage|p1a: Rap-Turn'al|19/100 brn|[from] brn
|upkeep
|
|t:|1784740568
|switch|p1b: Missy Eeliott|Milotic, L50, F|73/100
|switch|p2b: Kingambit|Kingambit, L50, M|90/100
|turn|5
|
|t:|1784740587
|move|p2a: Scovillain|Protect|p2a: Scovillain
|-singleturn|p2a: Scovillain|Protect
|move|p2b: Kingambit|Protect|p2b: Kingambit
|-singleturn|p2b: Kingambit|Protect
|move|p1a: Rap-Turn'al|Close Combat|p2b: Kingambit
|-activate|p2b: Kingambit|move: Protect
|move|p1b: Missy Eeliott|Scald|p2a: Scovillain
|-activate|p2a: Scovillain|move: Protect
|
|-weather|Sandstorm|[upkeep]
|-damage|p1a: Rap-Turn'al|13/100 brn|[from] Sandstorm
|-damage|p1b: Missy Eeliott|67/100|[from] Sandstorm
|-damage|p2a: Scovillain|13/100|[from] Sandstorm
|-damage|p1a: Rap-Turn'al|7/100 brn|[from] brn
|-sideend|p1: DilluVGC|move: Tailwind
|upkeep
|turn|6
|inactive|DilluVGC has 30 seconds left.
|-message|DilluVGC forfeited.
|
|win|failandimprove5
