|j|☆platanoso
|j|☆platinumflare
|html|platanosoplatinumflare    
|uhtml|bestof|Game 3 of a best-of-3
|t:|1782337735
|gametype|doubles
|player|p1|platanoso|madame-gen4|1097
|player|p2|platinumflare|lance|1113
|gen|9
|tier|[Gen 9 Champions] VGC 2026 Reg M-B (Bo3)
|rated|
|rule|Species Clause: Limit one of each Pokémon
|rule|Item Clause: Limit 1 of each item
|clearpoke
|poke|p1|Raichu, L50, F|
|poke|p1|Floette-Eternal, L50, F|
|poke|p1|Sinistcha, L50|
|poke|p1|Ceruledge, L50, M|
|poke|p1|Milotic, L50, M|
|poke|p1|Incineroar, L50, F|
|poke|p2|Meowscarada, L50, F|
|poke|p2|Talonflame, L50, M|
|poke|p2|Basculegion, L50, M|
|poke|p2|Sneasler, L50, M|
|poke|p2|Garchomp, L50, M|
|poke|p2|Metagross, L50|
|teampreview|4
|showteam|p1|Raichu||RaichuniteY|LightningRod|ZapCannon,FocusBlast,FakeOut,Protect|Timid||F|||50|]Floette-Eternal||Floettite|FlowerVeil|Protect,DrainingKiss,DazzlingGleam,CalmMind|Timid||F|||50|]Sinistcha||KasibBerry|Hospitality|MatchaGotcha,LifeDew,RagePowder,Protect|Relaxed|||||50|]Ceruledge||ColburBerry|FlashFire|BitterBlade,ShadowSneak,BulkUp,Protect|Adamant||M|||50|]Milotic||Leftovers|Competitive|MuddyWater,Coil,Hypnosis,Protect|Calm||M|||50|]Incineroar||SitrusBerry|Intimidate|FlareBlitz,ThroatChop,FakeOut,PartingShot|Impish||F|||50|
|showteam|p2|Meowscarada||ChoiceScarf|Protean|FlowerTrick,TripleAxel,Uturn,ThroatChop|Adamant||F|||50|]Talonflame||FocusSash|GaleWings|Tailwind,DualWingbeat,Protect,BlazeKick|Jolly||M|||50|]Basculegion||LifeOrb|Adaptability|LastRespects,AquaJet,WaveCrash,Protect|Adamant||M|||50|]Sneasler||WhiteHerb|Unburden|FakeOut,CloseCombat,GunkShot,Protect|Jolly||M|||50|]Garchomp||SitrusBerry|RoughSkin|Earthquake,RockSlide,Protect,DragonClaw|Adamant||M|||50|]Metagross||Metagrossite|ClearBody|IronHead,PsychicFangs,Protect,StompingTantrum|Jolly|||||50|
|inactive|Battle timer is ON: inactive players will automatically lose when time's up. (requested by platinumflare)
|inactive|platanoso has 60 seconds left.
|
|t:|1782337776
|teamsize|p1|4
|teamsize|p2|4
|start
|switch|p1a: Milotic|Milotic, L50, M|100/100
|switch|p1b: Incineroar|Incineroar, L50, F|100/100
|switch|p2a: Basculegion|Basculegion, L50, M|100/100
|switch|p2b: Meowscarada|Meowscarada, L50, F|100/100
|-ability|p1b: Incineroar|Intimidate|boost
|-unboost|p2a: Basculegion|atk|1
|-unboost|p2b: Meowscarada|atk|1
|turn|1
|
|t:|1782337790
|move|p1b: Incineroar|Fake Out|p2b: Meowscarada
|-damage|p2b: Meowscarada|83/100
|cant|p2b: Meowscarada|flinch
|move|p2a: Basculegion|Wave Crash|p1b: Incineroar
|-supereffective|p1b: Incineroar|1
|-damage|p1b: Incineroar|0 fnt
|faint|p1b: Incineroar
|-damage|p2a: Basculegion|65/100|[from] Recoil
|-damage|p2a: Basculegion|56/100|[from] item: Life Orb
|move|p1a: Milotic|Coil|p1a: Milotic
|-boost|p1a: Milotic|atk|1
|-boost|p1a: Milotic|def|1
|-boost|p1a: Milotic|accuracy|1
|
|upkeep
|
|t:|1782337809
|switch|p1b: Raichu|Raichu, L50, F|100/100
|turn|2
|
|t:|1782337831
|switch|p2a: Sneasler|Sneasler, L50, M|100/100
|detailschange|p1b: Raichu|Raichu-Mega-Y, L50, F
|-mega|p1b: Raichu|Raichu|Raichunite Y
|move|p1b: Raichu|Fake Out|p2b: Meowscarada
|-damage|p2b: Meowscarada|69/100
|cant|p2b: Meowscarada|flinch
|move|p1a: Milotic|Hypnosis|p2a: Sneasler
|-status|p2a: Sneasler|slp|[from] move: Hypnosis
|
|upkeep
|turn|3
|
|t:|1782337844
|move|p1a: Milotic|Protect|p1a: Milotic
|-singleturn|p1a: Milotic|Protect
|move|p2b: Meowscarada|Flower Trick|p1a: Milotic
|-start|p2b: Meowscarada|typechange|Grass|[from] ability: Protean
|-activate|p1a: Milotic|move: Protect
|move|p1b: Raichu|Focus Blast|p2b: Meowscarada
|-damage|p2b: Meowscarada|1/100
|cant|p2a: Sneasler|slp
|
|upkeep
|turn|4
|inactive|platanoso has 30 seconds left.
|
|t:|1782337879
|switch|p2b: Metagross|Metagross, L50|100/100
|switch|p1a: Ceruledge|Ceruledge, L50, M|100/100
|move|p1b: Raichu|Zap Cannon|p2a: Sneasler
|-damage|p2a: Sneasler|21/100 slp
|-curestatus|p2a: Sneasler|slp|[msg]
|move|p2a: Sneasler|Close Combat|p1b: Raichu
|-damage|p1b: Raichu|3/100
|-unboost|p2a: Sneasler|def|1
|-unboost|p2a: Sneasler|spd|1
|-enditem|p2a: Sneasler|White Herb
|-clearnegativeboost|p2a: Sneasler|[silent]
|
|upkeep
|turn|5
|inactive|platanoso has 30 seconds left.
|
|t:|1782337906
|detailschange|p2b: Metagross|Metagross-Mega, L50
|-mega|p2b: Metagross|Metagross|Metagrossite
|move|p2a: Sneasler|Close Combat|p1b: Raichu
|-damage|p1b: Raichu|0 fnt
|-unboost|p2a: Sneasler|def|1
|-unboost|p2a: Sneasler|spd|1
|faint|p1b: Raichu
|move|p2b: Metagross|Stomping Tantrum|p1a: Ceruledge
|-supereffective|p1a: Ceruledge|1
|-crit|p1a: Ceruledge
|-damage|p1a: Ceruledge|0 fnt
|faint|p1a: Ceruledge
|
|upkeep
|-message|platanoso forfeited.
|raw|platanoso's rating: 1097 → 1074(-23 for losing)
|raw|platinumflare's rating: 1113 → 1137(+24 for winning)
|
|win|platinumflare
