|j|☆feedback9946
|j|☆Mestremarkusme
|html|feedback9946Mestremarkusme    
|uhtml|bestof|Game 1 of a best-of-3
|t:|1785148589
|gametype|doubles
|player|p1|feedback9946|grimsley-gen7|1180
|player|p2|Mestremarkusme|hiker-gen4|1153
|gen|9
|tier|[Gen 9 Champions] VGC 2026 Reg M-B (Bo3)
|rated|
|rule|Species Clause: Limit one of each Pokémon
|rule|Item Clause: Limit 1 of each item
|clearpoke
|poke|p1|Glimmora, L50, M|
|poke|p1|Swampert, L50, M|
|poke|p1|Kingambit, L50, M|
|poke|p1|Pelipper, L50, M|
|poke|p1|Rotom-Mow, L50|
|poke|p1|Noivern, L50, M|
|poke|p2|Incineroar, L50, F|
|poke|p2|Kingambit, L50, M|
|poke|p2|Sinistcha, L50|
|poke|p2|Sneasler, L50, M|
|poke|p2|Blastoise, L50, F|
|poke|p2|Delphox, L50, F|
|teampreview|4
|showteam|p1|Glimmora||Glimmoranite|ToxicDebris|PowerGem,SludgeWave,EarthPower,SpikyShield|Modest||M|||50|]Swampert||Swampertite|Torrent|WaveCrash,Earthquake,IcePunch,Protect|Adamant||M|||50|]Kingambit||ChopleBerry|Defiant|SuckerPunch,KowtowCleave,IronHead,Protect|Adamant||M|||50|]Pelipper||SitrusBerry|Drizzle|Hurricane,WeatherBall,WideGuard,Protect|Modest||M|||50|]Rotom-Mow||ChoiceScarf|Levitate|LeafStorm,VoltSwitch,Discharge,Electroweb|Timid|||||50|]Noivern||FocusSash|Telepathy|DracoMeteor,SuperFang,Tailwind,Protect|Timid||M|||50|
|showteam|p2|Incineroar||SitrusBerry|Intimidate|FakeOut,FlareBlitz,ThroatChop,PartingShot|Impish||F|||50|]Kingambit||BlackGlasses|Defiant|KowtowCleave,SuckerPunch,SwordsDance,Protect|Adamant||M|||50|]Sinistcha||OccaBerry|Hospitality|MatchaGotcha,RagePowder,TrickRoom,Protect|Relaxed|||||50|]Sneasler||FocusSash|PoisonTouch|FakeOut,CloseCombat,PoisonJab,QuickGuard|Jolly||M|||50|]Blastoise||Blastoisinite|RainDish|WaterSpout,DarkPulse,ShellSmash,Protect|Modest||F|||50|]Delphox||Delphoxite|Blaze|HeatWave,Psychic,NastyPlot,Protect|Timid||F|||50|
|
|t:|1785148665
|teamsize|p1|4
|teamsize|p2|4
|start
|switch|p1a: Noivern|Noivern, L50, M|100/100
|switch|p1b: Rotom|Rotom-Mow, L50|100/100
|switch|p2a: Blastoise|Blastoise, L50, F|100/100
|switch|p2b: Incineroar|Incineroar, L50, F|100/100
|-ability|p2b: Incineroar|Intimidate|boost
|-unboost|p1a: Noivern|atk|1
|-unboost|p1b: Rotom|atk|1
|turn|1
|
|t:|1785148736
|detailschange|p2a: Blastoise|Blastoise-Mega, L50, F
|-mega|p2a: Blastoise|Blastoise|Blastoisinite
|move|p2b: Incineroar|Fake Out|p1b: Rotom
|-damage|p1b: Rotom|87/100
|cant|p1b: Rotom|flinch
|move|p1a: Noivern|Super Fang|p2a: Blastoise
|-damage|p2a: Blastoise|50/100g
|move|p2a: Blastoise|Water Spout|p1b: Rotom|[spread] p1a,p1b
|-resisted|p1a: Noivern|1
|-resisted|p1b: Rotom|1
|-damage|p1a: Noivern|77/100
|-damage|p1b: Rotom|67/100
|
|upkeep
|turn|2
|
|t:|1785148771
|move|p2a: Blastoise|Protect|p2a: Blastoise
|-singleturn|p2a: Blastoise|Protect
|move|p1b: Rotom|Discharge|p2b: Incineroar|[spread] p2b
|-activate|p2a: Blastoise|move: Protect
|-activate|p1a: Noivern|ability: Telepathy
|-damage|p2b: Incineroar|76/100
|move|p1a: Noivern|Super Fang|p2b: Incineroar|[miss]
|-miss|p1a: Noivern|p2b: Incineroar
|move|p2b: Incineroar|Parting Shot|p1a: Noivern
|-unboost|p1a: Noivern|atk|1
|-unboost|p1a: Noivern|spa|1
|
|t:|1785148786
|switch|p2b: Sinistcha|Sinistcha, L50|100/100|[from] Parting Shot
|-heal|p2a: Blastoise|74/100|[from] ability: Hospitality|[of] p2b: Sinistcha
|
|upkeep
|turn|3
|
|t:|1785148800
|switch|p2a: Incineroar|Incineroar, L50, F|76/100
|-ability|p2a: Incineroar|Intimidate|boost
|-unboost|p1a: Noivern|atk|1
|-unboost|p1b: Rotom|atk|1
|move|p1b: Rotom|Discharge|p2a: Incineroar|[spread] p2a,p2b
|-activate|p1a: Noivern|ability: Telepathy
|-resisted|p2b: Sinistcha|1
|-damage|p2a: Incineroar|54/100
|-damage|p2b: Sinistcha|87/100
|move|p1a: Noivern|Super Fang|p2a: Incineroar|[miss]
|-miss|p1a: Noivern|p2a: Incineroar
|move|p2b: Sinistcha|Trick Room|p2b: Sinistcha
|-fieldstart|move: Trick Room|[of] p2b: Sinistcha
|
|upkeep
|turn|4
|
|t:|1785148849
|switch|p1b: Swampert|Swampert, L50, M|100/100
|move|p1a: Noivern|Protect|p1a: Noivern
|-singleturn|p1a: Noivern|Protect
|move|p2b: Sinistcha|Matcha Gotcha|p1a: Noivern|[spread] p1b
|-activate|p1a: Noivern|move: Protect
|-supereffective|p1b: Swampert|2
|-damage|p1b: Swampert|4/100
|-heal|p2b: Sinistcha|100/100|[from] drain|[of] p1b: Swampert
|-status|p1b: Swampert|brn
|move|p2a: Incineroar|Flare Blitz|p1b: Swampert
|-resisted|p1b: Swampert|1
|-damage|p1b: Swampert|0 fnt
|faint|p1b: Swampert
|-damage|p2a: Incineroar|53/100|[from] Recoil
|
|upkeep
|
|t:|1785148859
|switch|p1b: Pelipper|Pelipper, L50, M|100/100
|-weather|RainDance|[from] ability: Drizzle|[of] p1b: Pelipper
|turn|5
|
|t:|1785148879
|move|p2b: Sinistcha|Matcha Gotcha|p1b: Pelipper|[spread] p1b
|-miss|p2b: Sinistcha|p1a: Noivern
|-damage|p1b: Pelipper|59/100
|move|p2a: Incineroar|Parting Shot|p1b: Pelipper
|-unboost|p1b: Pelipper|atk|1
|-unboost|p1b: Pelipper|spa|1
|
|t:|1785148889
|switch|p2a: Blastoise|Blastoise-Mega, L50, F|74/100|[from] Parting Shot
|move|p1b: Pelipper|Hurricane|p2b: Sinistcha
|-supereffective|p2b: Sinistcha|1
|-damage|p2b: Sinistcha|28/100
|move|p1a: Noivern|Super Fang|p2a: Blastoise
|-damage|p2a: Blastoise|37/100
|
|-weather|RainDance|[upkeep]
|upkeep
|turn|6
|
|t:|1785148927
|switch|p2b: Incineroar|Incineroar, L50, F|53/100
|-ability|p2b: Incineroar|Intimidate|boost
|-unboost|p1a: Noivern|atk|1
|-unboost|p1b: Pelipper|atk|1
|move|p1b: Pelipper|Hurricane|p2b: Incineroar
|-damage|p2b: Incineroar|23/100
|-enditem|p2b: Incineroar|Sitrus Berry|[eat]
|-heal|p2b: Incineroar|48/100|[from] item: Sitrus Berry
|move|p2a: Blastoise|Dark Pulse|p1b: Pelipper
|-damage|p1b: Pelipper|0 fnt
|faint|p1b: Pelipper
|move|p1a: Noivern|Super Fang|p2a: Blastoise
|-damage|p2a: Blastoise|18/100
|
|-weather|RainDance|[upkeep]
|upkeep
|
|t:|1785148938
|switch|p1b: Rotom|Rotom-Mow, L50|67/100
|turn|7
|
|t:|1785148959
|move|p2b: Incineroar|Throat Chop|p1b: Rotom
|-damage|p1b: Rotom|32/100
|-start|p1b: Rotom|Throat Chop|[silent]
|move|p2a: Blastoise|Dark Pulse|p1b: Rotom
|-damage|p1b: Rotom|0 fnt
|faint|p1b: Rotom
|move|p1a: Noivern|Super Fang|p2b: Incineroar
|-damage|p2b: Incineroar|24/100
|
|-weather|RainDance|[upkeep]
|-fieldend|move: Trick Room
|upkeep
|turn|8
|
|t:|1785148973
|move|p1a: Noivern|Draco Meteor|p2a: Blastoise
|-damage|p2a: Blastoise|0 fnt
|-unboost|p1a: Noivern|spa|2
|faint|p2a: Blastoise
|move|p2b: Incineroar|Parting Shot|p1a: Noivern
|-unboost|p1a: Noivern|atk|1
|-unboost|p1a: Noivern|spa|1
|
|t:|1785148983
|switch|p2b: Sneasler|Sneasler, L50, M|100/100|[from] Parting Shot
|
|-weather|RainDance|[upkeep]
|upkeep
|
|t:|1785148988
|switch|p2a: Incineroar|Incineroar, L50, F|24/100
|-ability|p2a: Incineroar|Intimidate|boost
|-unboost|p1a: Noivern|atk|1
|turn|9
|
|t:|1785148998
|move|p1a: Noivern|Protect|p1a: Noivern
|-singleturn|p1a: Noivern|Protect
|move|p2a: Incineroar|Fake Out|p1a: Noivern
|-activate|p1a: Noivern|move: Protect
|move|p2b: Sneasler|Poison Jab|p1a: Noivern
|-activate|p1a: Noivern|move: Protect
|
|-weather|none
|upkeep
|turn|10
|
|t:|1785149004
|move|p1a: Noivern|Super Fang|p2b: Sneasler
|-damage|p2b: Sneasler|50/100g
|move|p2b: Sneasler|Poison Jab|p1a: Noivern
|-damage|p1a: Noivern|21/100
|move|p2a: Incineroar|Throat Chop|p1a: Noivern
|-damage|p1a: Noivern|0 fnt
|faint|p1a: Noivern
|
|win|Mestremarkusme
