|j|☆ronzthebonz
|j|☆paralyze u
|html|ronzthebonzparalyze u    
|uhtml|bestof|Game 1 of a best-of-3
|t:|1785203546
|gametype|doubles
|player|p1|ronzthebonz|101|1334
|player|p2|paralyze u|170|1212
|gen|9
|tier|[Gen 9 Champions] VGC 2026 Reg M-B (Bo3)
|rated|
|rule|Species Clause: Limit one of each Pokémon
|rule|Item Clause: Limit 1 of each item
|clearpoke
|poke|p1|Grimmsnarl, L50, M|
|poke|p1|Gholdengo, L50|
|poke|p1|Staraptor, L50, F|
|poke|p1|Charizard, L50, F|
|poke|p1|Venusaur, L50, M|
|poke|p1|Garchomp, L50, M|
|poke|p2|Tyranitar, L50, F|
|poke|p2|Excadrill, L50, M|
|poke|p2|Milotic, L50, M|
|poke|p2|Gholdengo, L50|
|poke|p2|Sinistcha, L50|
|poke|p2|Staraptor, L50, M|
|teampreview|4
|showteam|p1|Grimmsnarl||LightClay|Prankster|FoulPlay,PartingShot,LightScreen,Reflect|Calm||M|||50|]Gholdengo||LifeOrb|GoodasGold|ShadowBall,MakeItRain,Protect,NastyPlot|Modest|||||50|]Staraptor||Staraptite|Intimidate|CloseCombat,BraveBird,Roost,Protect|Adamant||F|||50|]Charizard||CharizarditeY|Blaze|HeatWave,WeatherBall,SolarBeam,Protect|Modest||F|||50|]Venusaur||FocusSash|Chlorophyll|SleepPowder,LeafStorm,SludgeBomb,Protect|Modest||M|||50|]Garchomp||SitrusBerry|RoughSkin|Earthquake,DragonClaw,RockTomb,Protect|Adamant||M|||50|
|showteam|p2|Tyranitar||Tyranitarite|SandStream|KnockOff,RockSlide,HighHorsepower,Protect|Jolly||F|||50|]Excadrill||FocusSash|SandRush|HighHorsepower,IronHead,RockSlide,Protect|Jolly||M|||50|]Milotic||SitrusBerry|Competitive|Scald,IcyWind,Haze,Protect|Calm||M|||50|]Gholdengo||LifeOrb|GoodasGold|MakeItRain,ShadowBall,NastyPlot,Protect|Modest|||||50|]Sinistcha||ColburBerry|Hospitality|MatchaGotcha,ShadowBall,Protect,RagePowder|Bold|||||50|]Staraptor||Staraptite|Intimidate|CloseCombat,BraveBird,Tailwind,Protect|Jolly||M|||50|
|inactive|Battle timer is ON: inactive players will automatically lose when time's up. (requested by ronzthebonz)
|inactive|paralyze u has 60 seconds left.
|inactive|paralyze u has 30 seconds left.
|inactive|paralyze u has 20 seconds left.
|inactive|paralyze u has 15 seconds left.
|
|t:|1785203630
|teamsize|p1|4
|teamsize|p2|4
|start
|switch|p1a: Venusaur|Venusaur, L50, M|100/100
|switch|p1b: Charizard|Charizard, L50, F|100/100
|switch|p2a: Tyranitar|Tyranitar, L50, F|100/100
|switch|p2b: Excadrill|Excadrill, L50, M|100/100
|-weather|Sandstorm|[from] ability: Sand Stream|[of] p2a: Tyranitar
|turn|1
|inactive|ronzthebonz has 30 seconds left.
|inactive|paralyze u has 30 seconds left.
|inactive|paralyze u has 20 seconds left.
|inactive|paralyze u has 15 seconds left.
|inactive|paralyze u has 10 seconds left.
|inactive|paralyze u has 5 seconds left.
|
|t:|1785203682
|detailschange|p2a: Tyranitar|Tyranitar-Mega, L50, F
|-mega|p2a: Tyranitar|Tyranitar|Tyranitarite
|move|p1b: Charizard|Protect|p1b: Charizard
|-singleturn|p1b: Charizard|Protect
|move|p2b: Excadrill|High Horsepower|p1a: Venusaur
|-damage|p1a: Venusaur|27/100
|move|p2a: Tyranitar|Rock Slide|p1b: Charizard|[spread] p1a
|-activate|p1b: Charizard|move: Protect
|-damage|p1a: Venusaur|0 fnt
|faint|p1a: Venusaur
|
|-weather|Sandstorm|[upkeep]
|-damage|p1b: Charizard|93/100|[from] Sandstorm
|upkeep
|
|t:|1785203697
|switch|p1a: Garchomp|Garchomp, L50, M|100/100
|turn|2
|inactive|paralyze u has 30 seconds left.
|
|t:|1785203722
|switch|p2a: Staraptor|Staraptor, L50, M|100/100
|-ability|p2a: Staraptor|Intimidate|boost
|-unboost|p1a: Garchomp|atk|1
|-unboost|p1b: Charizard|atk|1
|detailschange|p1b: Charizard|Charizard-Mega-Y, L50, F
|-mega|p1b: Charizard|Charizard|Charizardite Y
|-weather|SunnyDay|[from] ability: Drought|[of] p1b: Charizard
|move|p2b: Excadrill|Protect|p2b: Excadrill
|-singleturn|p2b: Excadrill|Protect
|move|p1a: Garchomp|Earthquake|p2b: Excadrill|[spread] 
|-activate|p2b: Excadrill|move: Protect
|-immune|p1b: Charizard
|-immune|p2a: Staraptor
|move|p1b: Charizard|Solar Beam||[still]
|-prepare|p1b: Charizard|Solar Beam
|-anim|p1b: Charizard|Solar Beam|p2a: Staraptor
|-resisted|p2a: Staraptor|1
|-damage|p2a: Staraptor|67/100
|
|-weather|SunnyDay|[upkeep]
|upkeep
|turn|3
|inactive|ronzthebonz has 30 seconds left.
|inactive|paralyze u has 30 seconds left.
|inactive|ronzthebonz has 20 seconds left.
|inactive|paralyze u has 20 seconds left.
|inactive|ronzthebonz has 15 seconds left.
|inactive|paralyze u has 15 seconds left.
|
|t:|1785203766
|switch|p2b: Tyranitar|Tyranitar-Mega, L50, F|100/100
|-weather|Sandstorm|[from] ability: Sand Stream|[of] p2b: Tyranitar
|switch|p1b: Gholdengo|Gholdengo, L50|100/100
|move|p2a: Staraptor|Tailwind|p2a: Staraptor
|-sidestart|p2: paralyze u|move: Tailwind
|move|p1a: Garchomp|Rock Tomb|p2b: Tyranitar
|-damage|p2b: Tyranitar|90/100
|-unboost|p2b: Tyranitar|spe|1
|
|-weather|Sandstorm|[upkeep]
|-damage|p2a: Staraptor|61/100|[from] Sandstorm
|upkeep
|turn|4
|
|t:|1785203791
|move|p1b: Gholdengo|Protect|p1b: Gholdengo
|-singleturn|p1b: Gholdengo|Protect
|move|p2a: Staraptor|Brave Bird|p1a: Garchomp
|-damage|p1a: Garchomp|56/100
|-damage|p2a: Staraptor|49/100|[from] ability: Rough Skin|[of] p1a: Garchomp
|-damage|p2a: Staraptor|32/100|[from] Recoil
|move|p2b: Tyranitar|Knock Off|p1a: Garchomp
|-damage|p1a: Garchomp|4/100
|-damage|p2b: Tyranitar|77/100|[from] ability: Rough Skin|[of] p1a: Garchomp
|-enditem|p1a: Garchomp|Sitrus Berry|[from] move: Knock Off|[of] p2b: Tyranitar
|move|p1a: Garchomp|Rock Tomb|p2b: Tyranitar
|-damage|p2b: Tyranitar|67/100
|-unboost|p2b: Tyranitar|spe|1
|
|-weather|Sandstorm|[upkeep]
|-damage|p2a: Staraptor|26/100|[from] Sandstorm
|upkeep
|turn|5
|
|t:|1785203815
|move|p2a: Staraptor|Brave Bird|p1a: Garchomp
|-damage|p1a: Garchomp|0 fnt
|-damage|p2a: Staraptor|14/100|[from] ability: Rough Skin|[of] p1a: Garchomp
|faint|p1a: Garchomp
|-damage|p2a: Staraptor|13/100|[from] Recoil
|move|p2b: Tyranitar|Knock Off|p1b: Gholdengo
|-supereffective|p1b: Gholdengo|1
|-damage|p1b: Gholdengo|0 fnt
|-enditem|p1b: Gholdengo|Life Orb|[from] move: Knock Off|[of] p2b: Tyranitar
|faint|p1b: Gholdengo
|
|-weather|Sandstorm|[upkeep]
|-damage|p2a: Staraptor|7/100|[from] Sandstorm
|upkeep
|
|t:|1785203819
|switch|p1b: Charizard|Charizard-Mega-Y, L50, F|93/100
|-weather|SunnyDay|[from] ability: Drought|[of] p1b: Charizard
|turn|6
|inactive|paralyze u has 30 seconds left.
|inactive|paralyze u has 20 seconds left.
|inactive|paralyze u has 15 seconds left.
|
|t:|1785203863
|switch|p2a: Milotic|Milotic, L50, M|100/100
|switch|p2b: Excadrill|Excadrill, L50, M|100/100
|move|p1b: Charizard|Heat Wave|p2b: Excadrill|[spread] p2a
|-miss|p1b: Charizard|p2b: Excadrill
|-resisted|p2a: Milotic|1
|-crit|p2a: Milotic
|-damage|p2a: Milotic|64/100
|
|-weather|SunnyDay|[upkeep]
|-sideend|p2: paralyze u|move: Tailwind
|upkeep
|turn|7
|
|t:|1785203871
|switch|p2a: Tyranitar|Tyranitar-Mega, L50, F|67/100
|-weather|Sandstorm|[from] ability: Sand Stream|[of] p2a: Tyranitar
|move|p2b: Excadrill|Rock Slide|p1b: Charizard
|-supereffective|p1b: Charizard|2
|-damage|p1b: Charizard|0 fnt
|faint|p1b: Charizard
|
|win|paralyze u
||ronzthebonz is ready for game 2.
|inactive|paralyze u has 30 seconds to confirm battle start!
|j| tedidn
|inactive|paralyze u has 20 seconds to confirm battle start!
|l| tedidn
|inactive|paralyze u has 10 seconds to confirm battle start!
||paralyze u is ready for game 2.
|uhtml|next|Next: Game 2 of 3
|l|☆ronzthebonz
|player|p1|
