|j|☆mikelpoyarzabal
|j|☆HikariRock
|html|mikelpoyarzabalHikariRock    
|uhtml|bestof|Game 2 of a best-of-3
|t:|1783610575
|gametype|doubles
|player|p1|mikelpoyarzabal|arven-s|1316
|player|p2|HikariRock|riley|1254
|gen|9
|tier|[Gen 9 Champions] VGC 2026 Reg M-B (Bo3)
|rated|
|rule|Species Clause: Limit one of each Pokémon
|rule|Item Clause: Limit 1 of each item
|clearpoke
|poke|p1|Incineroar, L50, M|
|poke|p1|Sinistcha, L50|
|poke|p1|Sneasler, L50, M|
|poke|p1|Blastoise, L50, F|
|poke|p1|Delphox, L50, F|
|poke|p1|Kingambit, L50, M|
|poke|p2|Tyranitar, L50, M|
|poke|p2|Excadrill, L50, F|
|poke|p2|Staraptor, L50, M|
|poke|p2|Sylveon, L50, F|
|poke|p2|Sinistcha, L50|
|poke|p2|Rotom-Wash, L50|
|teampreview|4
|showteam|p1|Incineroar||SitrusBerry|Intimidate|FakeOut,FlareBlitz,DarkestLariat,PartingShot|Impish||M|||50|]Sinistcha||OccaBerry|Hospitality|MatchaGotcha,TrickRoom,RagePowder,Protect|Bold|||||50|]Sneasler||FocusSash|PoisonTouch|FakeOut,CloseCombat,PoisonJab,RockTomb|Jolly||M|||50|]Blastoise||Blastoisinite|Torrent|WaterSpout,DarkPulse,ShellSmash,Protect|Modest||F|||50|]Delphox||Delphoxite|Blaze|HeatWave,Psychic,NastyPlot,Protect|Timid||F|||50|]Kingambit||LifeOrb|Defiant|SwordsDance,Protect,KowtowCleave,SuckerPunch|Adamant||M|||50|
|showteam|p2|Tyranitar||Tyranitarite|SandStream|RockSlide,KnockOff,LowKick,Protect|Adamant||M|||50|]Excadrill||FocusSash|SandRush|Earthquake,IronHead,RockSlide,Protect|Adamant||F|||50|]Staraptor||Staraptite|Intimidate|BraveBird,CloseCombat,Tailwind,Protect|Jolly||M|||50|]Sylveon||LifeOrb|Pixilate|HyperBeam,HyperVoice,QuickAttack,Detect|Modest||F|||50|]Sinistcha||KasibBerry|Hospitality|MatchaGotcha,TrickRoom,Protect,RagePowder|Bold|||||50|]Rotom-Wash||SitrusBerry|Levitate|HydroPump,Thunderbolt,WillOWisp,Protect|Modest|||||50|
|inactive|Battle timer is ON: inactive players will automatically lose when time's up. (requested by mikelpoyarzabal)
|
|t:|1783610599
|teamsize|p1|4
|teamsize|p2|4
|start
|switch|p1a: Incineroar|Incineroar, L50, M|100/100
|switch|p1b: Blastoise|Blastoise, L50, F|100/100
|switch|p2a: Staraptor|Staraptor, L50, M|100/100
|switch|p2b: Sylveon|Sylveon, L50, F|100/100
|-ability|p2a: Staraptor|Intimidate|boost
|-unboost|p1a: Incineroar|atk|1
|-unboost|p1b: Blastoise|atk|1
|-ability|p1a: Incineroar|Intimidate|boost
|-unboost|p2a: Staraptor|atk|1
|-unboost|p2b: Sylveon|atk|1
|turn|1
|
|t:|1783610617
|detailschange|p2a: Staraptor|Staraptor-Mega, L50, M
|-mega|p2a: Staraptor|Staraptor|Staraptite
|detailschange|p1b: Blastoise|Blastoise-Mega, L50, F
|-mega|p1b: Blastoise|Blastoise|Blastoisinite
|move|p1a: Incineroar|Fake Out|p2b: Sylveon
|-damage|p2b: Sylveon|91/100
|move|p2a: Staraptor|Tailwind|p2a: Staraptor
|-sidestart|p2: HikariRock|move: Tailwind
|cant|p2b: Sylveon|flinch
|move|p1b: Blastoise|Shell Smash|p1b: Blastoise
|-unboost|p1b: Blastoise|def|1
|-unboost|p1b: Blastoise|spd|1
|-boost|p1b: Blastoise|atk|2
|-boost|p1b: Blastoise|spa|2
|-boost|p1b: Blastoise|spe|2
|
|upkeep
|turn|2
|
|t:|1783610630
|move|p1b: Blastoise|Protect|p1b: Blastoise
|-singleturn|p1b: Blastoise|Protect
|move|p2a: Staraptor|Brave Bird|p1a: Incineroar
|-damage|p1a: Incineroar|66/100
|-damage|p2a: Staraptor|86/100|[from] Recoil
|move|p2b: Sylveon|Hyper Voice|p1a: Incineroar|[spread] p1a
|-activate|p1b: Blastoise|move: Protect
|-damage|p1a: Incineroar|25/100
|-enditem|p1a: Incineroar|Sitrus Berry|[eat]
|-heal|p1a: Incineroar|50/100g|[from] item: Sitrus Berry
|-damage|p2b: Sylveon|81/100|[from] item: Life Orb
|move|p1a: Incineroar|Parting Shot|p2b: Sylveon
|-unboost|p2b: Sylveon|atk|1
|-unboost|p2b: Sylveon|spa|1
|
|t:|1783610646
|switch|p1a: Sinistcha|Sinistcha, L50|100/100|[from] Parting Shot
|
|upkeep
|turn|3
|
|t:|1783610653
|move|p1a: Sinistcha|Rage Powder|p1a: Sinistcha
|-singleturn|p1a: Sinistcha|move: Rage Powder
|move|p2a: Staraptor|Brave Bird|p1a: Sinistcha
|-supereffective|p1a: Sinistcha|1
|-damage|p1a: Sinistcha|24/100
|-damage|p2a: Staraptor|60/100|[from] Recoil
|move|p1b: Blastoise|Water Spout|p2b: Sylveon|[spread] p2a,p2b
|-crit|p2a: Staraptor
|-damage|p2a: Staraptor|0 fnt
|-damage|p2b: Sylveon|0 fnt
|faint|p2a: Staraptor
|faint|p2b: Sylveon
|
|upkeep
|
|t:|1783610659
|switch|p2a: Excadrill|Excadrill, L50, F|100/100
|switch|p2b: Tyranitar|Tyranitar, L50, M|100/100
|-weather|Sandstorm|[from] ability: Sand Stream|[of] p2b: Tyranitar
|turn|4
|
|t:|1783610668
|switch|p1a: Incineroar|Incineroar, L50, M|50/100g
|-ability|p1a: Incineroar|Intimidate|boost
|-unboost|p2a: Excadrill|atk|1
|-unboost|p2b: Tyranitar|atk|1
|move|p1b: Blastoise|Protect|p1b: Blastoise
|-singleturn|p1b: Blastoise|Protect
|move|p2a: Excadrill|Rock Slide|p1b: Blastoise|[spread] p1a
|-activate|p1b: Blastoise|move: Protect
|-supereffective|p1a: Incineroar|1
|-damage|p1a: Incineroar|29/100
|move|p2b: Tyranitar|Rock Slide|p1a: Incineroar|[spread] p1a
|-activate|p1b: Blastoise|move: Protect
|-supereffective|p1a: Incineroar|1
|-damage|p1a: Incineroar|1/100
|
|-weather|Sandstorm|[upkeep]
|-damage|p1b: Blastoise|94/100|[from] Sandstorm
|-damage|p1a: Incineroar|0 fnt|[from] Sandstorm
|faint|p1a: Incineroar
|-sideend|p2: HikariRock|move: Tailwind
|upkeep
|
|t:|1783610674
|switch|p1a: Sneasler|Sneasler, L50, M|100/100
|turn|5
|
|t:|1783610680
|move|p2a: Excadrill|Protect|p2a: Excadrill
|-singleturn|p2a: Excadrill|Protect
|move|p1a: Sneasler|Fake Out|p2a: Excadrill
|-activate|p2a: Excadrill|move: Protect
|move|p1b: Blastoise|Water Spout|p2b: Tyranitar|[spread] p2b
|-activate|p2a: Excadrill|move: Protect
|-supereffective|p2b: Tyranitar|1
|-damage|p2b: Tyranitar|0 fnt
|faint|p2b: Tyranitar
|
|-weather|Sandstorm|[upkeep]
|-damage|p1b: Blastoise|88/100|[from] Sandstorm
|-damage|p1a: Sneasler|94/100|[from] Sandstorm
|upkeep
|turn|6
|
|t:|1783610696
|move|p2a: Excadrill|Earthquake|p1b: Blastoise|[spread] p1a,p1b
|-supereffective|p1a: Sneasler|1
|-crit|p1b: Blastoise
|-damage|p1a: Sneasler|1/100
|-damage|p1b: Blastoise|0 fnt
|faint|p1b: Blastoise
|move|p1a: Sneasler|Close Combat|p2a: Excadrill
|-supereffective|p2a: Excadrill|1
|-enditem|p2a: Excadrill|Focus Sash
|-damage|p2a: Excadrill|1/100
|-unboost|p1a: Sneasler|def|1
|-unboost|p1a: Sneasler|spd|1
|
|-weather|Sandstorm|[upkeep]
|-damage|p1a: Sneasler|0 fnt|[from] Sandstorm
|faint|p1a: Sneasler
|upkeep
|
|t:|1783610700
|switch|p1b: Sinistcha|Sinistcha, L50|24/100
|turn|7
|
|t:|1783610704
|move|p2a: Excadrill|Iron Head|p1b: Sinistcha
|-damage|p1b: Sinistcha|0 fnt
|faint|p1b: Sinistcha
|
|win|HikariRock
