|j|☆goat pincurchin
|j|☆Miggle SoCal
|html|goat pincurchinMiggle SoCal    
|uhtml|bestof|Game 2 of a best-of-3
|t:|1785122883
|gametype|doubles
|player|p1|goat pincurchin|pokemonranger-gen4|1407
|player|p2|Miggle SoCal|lucas|1314
|gen|9
|tier|[Gen 9 Champions] VGC 2026 Reg M-B (Bo3)
|rated|
|rule|Species Clause: Limit one of each Pokémon
|rule|Item Clause: Limit 1 of each item
|clearpoke
|poke|p1|Froslass, L50, F|
|poke|p1|Basculegion, L50, M|
|poke|p1|Kingambit, L50, M|
|poke|p1|Sneasler, L50, F|
|poke|p1|Lycanroc-Dusk, L50, M|
|poke|p1|Scovillain, L50, M|
|poke|p2|Froslass, L50, F|
|poke|p2|Dragonite, L50, M|
|poke|p2|Sneasler, L50, F|
|poke|p2|Toxapex, L50, F|
|poke|p2|Kingambit, L50, M|
|poke|p2|Blaziken, L50, F|
|teampreview|4
|showteam|p1|Froslass||Froslassite|SnowCloak|Blizzard,ShadowBall,AuroraVeil,Protect|Timid||F|||50|]Basculegion||SitrusBerry|Adaptability|WaveCrash,LastRespects,AquaJet,Protect|Adamant||M|||50|]Kingambit||BlackGlasses|Defiant|KowtowCleave,SuckerPunch,SwordsDance,Protect|Adamant||M|||50|]Sneasler||LifeOrb|PoisonTouch|CloseCombat,DireClaw,Protect,FakeOut|Jolly||F|||50|]Lycanroc-Dusk||FocusSash|ToughClaws|CloseCombat,Accelerock,RockSlide,Protect|Adamant||M|||50|]Scovillain||Scovillainite|Chlorophyll|GigaDrain,Overheat,RagePowder,Protect|Bold||M|||50|
|showteam|p2|Froslass||Froslassite|CursedBody|Protect,Blizzard,ShadowBall,AuroraVeil|Timid||F|||50|]Dragonite||LifeOrb|InnerFocus|DragonClaw,ExtremeSpeed,Protect,LowKick|Adamant||M|||50|]Sneasler||FocusSash|PoisonTouch|PoisonJab,Protect,CloseCombat,FakeOut|Jolly||F|||50|]Toxapex||Leftovers|Regenerator|Infestation,Toxic,BanefulBunker,WideGuard|Bold||F|||50|]Kingambit||BlackGlasses|Defiant|KowtowCleave,IronHead,SuckerPunch,Protect|Adamant||M|||50|]Blaziken||Blazikenite|SpeedBoost|Protect,CloseCombat,RockSlide,FlareBlitz|Adamant||F|||50|
|
|t:|1785122950
|teamsize|p1|4
|teamsize|p2|4
|start
|switch|p1a: Scovillain|Scovillain, L50, M|100/100
|switch|p1b: Kingambit|Kingambit, L50, M|100/100
|switch|p2a: Sneasler|Sneasler, L50, F|100/100
|switch|p2b: Froslass|Froslass, L50, F|100/100
|turn|1
|
|t:|1785122972
|detailschange|p2b: Froslass|Froslass-Mega, L50, F
|-mega|p2b: Froslass|Froslass|Froslassite
|-weather|Snowscape|[from] ability: Snow Warning|[of] p2b: Froslass
|detailschange|p1a: Scovillain|Scovillain-Mega, L50, M
|-mega|p1a: Scovillain|Scovillain|Scovillainite
|move|p2a: Sneasler|Fake Out|p1b: Kingambit
|-resisted|p1b: Kingambit|1
|-damage|p1b: Kingambit|94/100
|move|p2b: Froslass|Aurora Veil|p2b: Froslass
|-sidestart|p2: Miggle SoCal|move: Aurora Veil
|move|p1a: Scovillain|Overheat|p2b: Froslass
|-supereffective|p2b: Froslass|1
|-damage|p2b: Froslass|22/100
|-unboost|p1a: Scovillain|spa|2
|cant|p1b: Kingambit|flinch
|
|-weather|Snowscape|[upkeep]
|upkeep
|turn|2
|
|t:|1785122985
|move|p1a: Scovillain|Rage Powder|p1a: Scovillain
|-singleturn|p1a: Scovillain|move: Rage Powder
|move|p2a: Sneasler|Poison Jab|p1a: Scovillain
|-supereffective|p1a: Scovillain|1
|-damage|p1a: Scovillain|12/100
|-status|p2a: Sneasler|brn|[from] ability: Spicy Spray|[of] p1a: Scovillain
|move|p2b: Froslass|Blizzard|p1b: Kingambit|[spread] p1a,p1b
|-resisted|p1b: Kingambit|1
|-damage|p1a: Scovillain|0 fnt
|-damage|p1b: Kingambit|73/100
|-status|p2b: Froslass|brn|[from] ability: Spicy Spray|[of] p1a: Scovillain
|faint|p1a: Scovillain
|move|p1b: Kingambit|Swords Dance|p1b: Kingambit
|-boost|p1b: Kingambit|atk|2
|
|-weather|Snowscape|[upkeep]
|-damage|p2a: Sneasler|94/100 brn|[from] brn
|-damage|p2b: Froslass|16/100 brn|[from] brn
|upkeep
|
|t:|1785122997
|switch|p1a: Sneasler|Sneasler, L50, F|100/100
|turn|3
|
|t:|1785123008
|move|p2a: Sneasler|Protect|p2a: Sneasler
|-singleturn|p2a: Sneasler|Protect
|move|p1a: Sneasler|Fake Out|p2a: Sneasler
|-activate|p2a: Sneasler|move: Protect
|move|p2b: Froslass|Shadow Ball|p1a: Sneasler
|-damage|p1a: Sneasler|48/100
|move|p1b: Kingambit|Swords Dance|p1b: Kingambit
|-boost|p1b: Kingambit|atk|2
|
|-weather|Snowscape|[upkeep]
|-damage|p2a: Sneasler|88/100 brn|[from] brn
|-damage|p2b: Froslass|11/100 brn|[from] brn
|upkeep
|turn|4
|
|t:|1785123018
|move|p1b: Kingambit|Sucker Punch|p2a: Sneasler
|-resisted|p2a: Sneasler|1
|-damage|p2a: Sneasler|10/100 brn
|move|p2a: Sneasler|Close Combat|p1b: Kingambit
|-supereffective|p1b: Kingambit|2
|-damage|p1b: Kingambit|0 fnt
|-unboost|p2a: Sneasler|def|1
|-unboost|p2a: Sneasler|spd|1
|faint|p1b: Kingambit
|move|p1a: Sneasler|Dire Claw|p2b: Froslass
|-resisted|p2b: Froslass|1
|-damage|p2b: Froslass|0 fnt
|faint|p2b: Froslass
|-damage|p1a: Sneasler|38/100|[from] item: Life Orb
|
|-weather|Snowscape|[upkeep]
|-damage|p2a: Sneasler|4/100 brn|[from] brn
|upkeep
|
|t:|1785123035
|switch|p2b: Toxapex|Toxapex, L50, F|100/100
|switch|p1b: Basculegion|Basculegion, L50, M|100/100
|turn|5
|
|t:|1785123042
|move|p2b: Toxapex|Baneful Bunker|p2b: Toxapex
|-singleturn|p2b: Toxapex|move: Protect
|move|p2a: Sneasler|Close Combat|p1a: Sneasler
|-resisted|p1a: Sneasler|1
|-damage|p1a: Sneasler|12/100
|-unboost|p2a: Sneasler|def|1
|-unboost|p2a: Sneasler|spd|1
|move|p1a: Sneasler|Dire Claw|p2a: Sneasler
|-resisted|p2a: Sneasler|1
|-damage|p2a: Sneasler|0 fnt
|faint|p2a: Sneasler
|-damage|p1a: Sneasler|2/100|[from] item: Life Orb
|move|p1b: Basculegion|Last Respects|p2b: Toxapex
|-activate|p2b: Toxapex|move: Protect
|
|-weather|none
|-sideend|p2: Miggle SoCal|move: Aurora Veil
|upkeep
|
|t:|1785123055
|switch|p2a: Kingambit|Kingambit, L50, M|100/100
|turn|6
|
|t:|1785123063
|move|p1a: Sneasler|Protect|p1a: Sneasler
|-singleturn|p1a: Sneasler|Protect
|move|p2a: Kingambit|Sucker Punch||[still]
|-fail|p2a: Kingambit
|move|p1b: Basculegion|Last Respects|p2b: Toxapex
|-damage|p2b: Toxapex|35/100
|move|p2b: Toxapex|Toxic|p1b: Basculegion
|-status|p1b: Basculegion|tox
|
|-heal|p2b: Toxapex|40/100|[from] item: Leftovers
|-damage|p1b: Basculegion|93/100 tox|[from] psn
|upkeep
|turn|7
|
|t:|1785123077
|move|p1a: Sneasler|Protect||[still]
|-fail|p1a: Sneasler
|move|p2a: Kingambit|Sucker Punch||[still]
|-fail|p2a: Kingambit
|move|p1b: Basculegion|Last Respects|p2a: Kingambit
|-resisted|p2a: Kingambit|1
|-damage|p2a: Kingambit|61/100
|move|p2b: Toxapex|Infestation|p1b: Basculegion
|-resisted|p1b: Basculegion|1
|-damage|p1b: Basculegion|91/100 tox
|-activate|p1b: Basculegion|move: Infestation|[of] p2b: Toxapex
|
|-heal|p2b: Toxapex|46/100|[from] item: Leftovers
|-damage|p1b: Basculegion|79/100 tox|[from] psn
|-damage|p1b: Basculegion|67/100 tox|[from] move: Infestation|[partiallytrapped]
|upkeep
|turn|8
|
|t:|1785123093
|move|p2a: Kingambit|Protect|p2a: Kingambit
|-singleturn|p2a: Kingambit|Protect
|move|p2b: Toxapex|Baneful Bunker|p2b: Toxapex
|-singleturn|p2b: Toxapex|move: Protect
|move|p1a: Sneasler|Close Combat|p2a: Kingambit
|-activate|p2a: Kingambit|move: Protect
|move|p1b: Basculegion|Last Respects|p2b: Toxapex
|-activate|p2b: Toxapex|move: Protect
|
|-heal|p2b: Toxapex|52/100|[from] item: Leftovers
|-damage|p1b: Basculegion|49/100 tox|[from] psn
|-damage|p1b: Basculegion|37/100 tox|[from] move: Infestation|[partiallytrapped]
|upkeep
|-enditem|p1b: Basculegion|Sitrus Berry|[eat]
|-heal|p1b: Basculegion|61/100 tox|[from] item: Sitrus Berry
|turn|9
|
|t:|1785123110
|move|p1b: Basculegion|Aqua Jet|p2b: Toxapex
|-resisted|p2b: Toxapex|1
|-damage|p2b: Toxapex|42/100
|move|p2a: Kingambit|Sucker Punch|p1a: Sneasler
|-resisted|p1a: Sneasler|1
|-damage|p1a: Sneasler|0 fnt
|faint|p1a: Sneasler
|move|p2b: Toxapex|Infestation|p1b: Basculegion
|-resisted|p1b: Basculegion|1
|-damage|p1b: Basculegion|60/100 tox
|
|-heal|p2b: Toxapex|47/100|[from] item: Leftovers
|-damage|p1b: Basculegion|36/100 tox|[from] psn
|-damage|p1b: Basculegion|23/100 tox|[from] move: Infestation|[partiallytrapped]
|upkeep
|turn|10
|-message|goat pincurchin forfeited.
|
|win|Miggle SoCal
|raw|goat pincurchin's rating: 1407 → 1382(-25 for losing)
|raw|Miggle SoCal's rating: 1314 → 1339(+25 for winning)
|l|☆goat pincurchin
|player|p1|
|c|☆Miggle SoCal|gg wp
