|j|☆boncuss
|j|☆psychic system
|html|boncusspsychic system    
|uhtml|bestof|Game 1 of a best-of-3
|t:|1757780340
|gametype|doubles
|player|p1|boncuss|wattson|1121
|player|p2|psychic system|dawn|1083
|gen|9
|tier|[Gen 9] VGC 2025 Reg H (Bo3)
|rated|
|rule|Species Clause: Limit one of each Pokémon
|rule|Item Clause: Limit 1 of each item
|clearpoke
|poke|p1|Garganacl, L50, F|
|poke|p1|Tyranitar, L50, M|
|poke|p1|Glimmora, L50, F|
|poke|p1|Talonflame, L50, F|
|poke|p1|Excadrill, L50, F|
|poke|p1|Gastrodon, L50, M|
|poke|p2|Maushold, L50|
|poke|p2|Basculegion, L50, M|
|poke|p2|Electabuzz, L50, F|
|poke|p2|Rillaboom, L50, F|
|poke|p2|Volcarona, L50, F|
|poke|p2|Annihilape, L50, M|
|teampreview|4
|showteam|p1|Garganacl||Leftovers|PurifyingSalt|SaltCure,Avalanche,WideGuard,Protect|||F|||50|,,,,,Grass]Tyranitar||AssaultVest|SandStream|RockSlide,KnockOff,LashOut,IcePunch|||M|||50|,,,,,Flying]Glimmora||PowerHerb|ToxicDebris|MeteorBeam,SpikyShield,SludgeBomb,EarthPower|||F|||50|,,,,,Grass]Talonflame||CovertCloak|GaleWings|DualWingbeat,FlareBlitz,Tailwind,WillOWisp|||F|||50|,,,,,Flying]Excadrill||SitrusBerry|SandRush|IronHead,Earthquake,SwordsDance,Protect|||F|||50|,,,,,Ghost]Gastrodon||LifeOrb|StormDrain|EarthPower,MuddyWater,IceBeam,Protect|||M|||50|,,,,,Fire
|showteam|p2|Maushold||SafetyGoggles|FriendGuard|BeatUp,FollowMe,Taunt,Protect||||||50|,,,,,Normal]Basculegion||ChoiceScarf|Adaptability|WaveCrash,AquaJet,LastRespects,FlipTurn|||M|||50|,,,,,Water]Electabuzz||Eviolite|VitalSpirit|Electroweb,Taunt,FollowMe,Protect|||F|||50|,,,,,Ghost]Rillaboom||AssaultVest|GrassySurge|WoodHammer,GrassyGlide,HighHorsepower,FakeOut|||F|||50|,,,,,Fire]Volcarona||CovertCloak|FlameBody|HeatWave,TeraBlast,QuiverDance,Protect|||F|||50|,,,,,Fairy]Annihilape||Leftovers|Defiant|DrainPunch,RageFist,BulkUp,Protect|||M|||50|,,,,,Water
|inactive|Battle timer is ON: inactive players will automatically lose when time's up. (requested by boncuss)
|
|t:|1757780362
|teamsize|p1|4
|teamsize|p2|4
|start
|switch|p1a: Talonflame|Talonflame, L50, F|100/100
|switch|p1b: Glimmora|Glimmora, L50, F|100/100
|switch|p2a: Annihilape|Annihilape, L50, M|100/100
|switch|p2b: Maushold|Maushold, L50|100/100
|turn|1
|inactive|psychic system has 30 seconds left.
|inactive|psychic system has 20 seconds left.
|inactive|psychic system has 15 seconds left.
|
|t:|1757780402
|move|p2b: Maushold|Follow Me|p2b: Maushold
|-singleturn|p2b: Maushold|move: Follow Me
|move|p1a: Talonflame|Tailwind|p1a: Talonflame
|-sidestart|p1: boncuss|move: Tailwind
|move|p1b: Glimmora|Meteor Beam||[still]
|-prepare|p1b: Glimmora|Meteor Beam
|-boost|p1b: Glimmora|spa|1
|-enditem|p1b: Glimmora|Power Herb
|-anim|p1b: Glimmora|Meteor Beam|p2b: Maushold|[miss]
|-miss|p1b: Glimmora|p2b: Maushold
|move|p2a: Annihilape|Bulk Up|p2a: Annihilape
|-boost|p2a: Annihilape|atk|1
|-boost|p2a: Annihilape|def|1
|
|upkeep
|turn|2
|
|t:|1757780425
|move|p2b: Maushold|Follow Me|p2b: Maushold
|-singleturn|p2b: Maushold|move: Follow Me
|move|p1a: Talonflame|Dual Wingbeat|p2b: Maushold
|-damage|p2b: Maushold|77/100
|-damage|p2b: Maushold|57/100
|-hitcount|p2b: Maushold|2
|move|p1b: Glimmora|Sludge Bomb|p2b: Maushold
|-damage|p2b: Maushold|0 fnt
|faint|p2b: Maushold
|move|p2a: Annihilape|Bulk Up|p2a: Annihilape
|-boost|p2a: Annihilape|atk|1
|-boost|p2a: Annihilape|def|1
|
|upkeep
|
|t:|1757780438
|switch|p2b: Electabuzz|Electabuzz, L50, F|100/100
|turn|3
|
|t:|1757780451
|move|p1a: Talonflame|Will-O-Wisp|p2a: Annihilape
|-status|p2a: Annihilape|brn
|move|p1b: Glimmora|Earth Power|p2b: Electabuzz
|-supereffective|p2b: Electabuzz
|-damage|p2b: Electabuzz|20/100
|move|p2b: Electabuzz|Electroweb|p1b: Glimmora|[spread] p1a
|-miss|p2b: Electabuzz|p1b: Glimmora
|-supereffective|p1a: Talonflame
|-damage|p1a: Talonflame|60/100
|move|p2a: Annihilape|Drain Punch|p1b: Glimmora
|-damage|p1b: Glimmora|61/100
|-activate|p1b: Glimmora|ability: Toxic Debris
|-sidestart|p2: psychic system|move: Toxic Spikes
|
|-damage|p2a: Annihilape|94/100 brn|[from] brn
|upkeep
|turn|4
|inactive|psychic system has 30 seconds left.
|
|t:|1757780485
|move|p1a: Talonflame|Flare Blitz|p2b: Electabuzz
|-damage|p2b: Electabuzz|0 fnt
|faint|p2b: Electabuzz
|-damage|p1a: Talonflame|53/100|[from] Recoil
|move|p1b: Glimmora|Earth Power|p2a: Annihilape
|-damage|p2a: Annihilape|50/100 brn
|move|p2a: Annihilape|Drain Punch|p1b: Glimmora
|-damage|p1b: Glimmora|22/100
|-heal|p2a: Annihilape|65/100 brn|[from] drain|[of] p1b: Glimmora
|-activate|p1b: Glimmora|ability: Toxic Debris
|-sidestart|p2: psychic system|move: Toxic Spikes
|
|-heal|p2a: Annihilape|71/100 brn|[from] item: Leftovers
|-damage|p2a: Annihilape|65/100 brn|[from] brn
|-sideend|p1: boncuss|move: Tailwind
|upkeep
|
|t:|1757780501
|switch|p2b: Basculegion|Basculegion, L50, M|100/100
|-status|p2b: Basculegion|tox
|turn|5
|
|t:|1757780526
|move|p2b: Basculegion|Last Respects|p1a: Talonflame
|-damage|p1a: Talonflame|0 fnt
|faint|p1a: Talonflame
|move|p2a: Annihilape|Drain Punch|p1b: Glimmora
|-damage|p1b: Glimmora|0 fnt
|-heal|p2a: Annihilape|73/100 brn|[from] drain|[of] p1b: Glimmora
|faint|p1b: Glimmora
|
|-heal|p2a: Annihilape|79/100 brn|[from] item: Leftovers
|-damage|p2b: Basculegion|94/100 tox|[from] psn
|-damage|p2a: Annihilape|73/100 brn|[from] brn
|upkeep
|
|t:|1757780534
|switch|p1a: Tyranitar|Tyranitar, L50, M|100/100
|switch|p1b: Excadrill|Excadrill, L50, F|100/100
|-weather|Sandstorm|[from] ability: Sand Stream|[of] p1a: Tyranitar
|turn|6
|
|t:|1757780554
|-terastallize|p1a: Tyranitar|Flying
|move|p1b: Excadrill|Protect|p1b: Excadrill
|-singleturn|p1b: Excadrill|Protect
|move|p2b: Basculegion|Last Respects|p1b: Excadrill
|-activate|p1b: Excadrill|move: Protect
|move|p2a: Annihilape|Rage Fist|p1a: Tyranitar
|-damage|p1a: Tyranitar|67/100
|move|p1a: Tyranitar|Knock Off|p2b: Basculegion
|-supereffective|p2b: Basculegion
|-damage|p2b: Basculegion|0 fnt
|-enditem|p2b: Basculegion|Choice Scarf|[from] move: Knock Off|[of] p1a: Tyranitar
|faint|p2b: Basculegion
|
|-weather|Sandstorm|[upkeep]
|-damage|p2a: Annihilape|67/100 brn|[from] Sandstorm
|-damage|p1a: Tyranitar|61/100|[from] Sandstorm
|-heal|p2a: Annihilape|73/100 brn|[from] item: Leftovers
|-damage|p2a: Annihilape|67/100 brn|[from] brn
|upkeep
|turn|7
|
|t:|1757780571
|move|p1b: Excadrill|Iron Head|p2a: Annihilape
|-damage|p2a: Annihilape|42/100 brn
|move|p2a: Annihilape|Drain Punch|p1b: Excadrill
|-supereffective|p1b: Excadrill
|-damage|p1b: Excadrill|38/100
|-heal|p2a: Annihilape|70/100 brn|[from] drain|[of] p1b: Excadrill
|-enditem|p1b: Excadrill|Sitrus Berry|[eat]
|-heal|p1b: Excadrill|62/100|[from] item: Sitrus Berry
|move|p1a: Tyranitar|Knock Off|p2a: Annihilape
|-damage|p2a: Annihilape|38/100 brn
|-enditem|p2a: Annihilape|Leftovers|[from] move: Knock Off|[of] p1a: Tyranitar
|
|-weather|Sandstorm|[upkeep]
|-damage|p2a: Annihilape|32/100 brn|[from] Sandstorm
|-damage|p1a: Tyranitar|56/100|[from] Sandstorm
|-damage|p2a: Annihilape|26/100 brn|[from] brn
|upkeep
|turn|8
|inactive|boncuss has 30 seconds left.
|
|t:|1757780597
|move|p1b: Excadrill|Protect|p1b: Excadrill
|-singleturn|p1b: Excadrill|Protect
|move|p2a: Annihilape|Drain Punch|p1b: Excadrill
|-activate|p1b: Excadrill|move: Protect
|move|p1a: Tyranitar|Lash Out|p2a: Annihilape
|-crit|p2a: Annihilape
|-damage|p2a: Annihilape|0 fnt
|faint|p2a: Annihilape
|
|win|boncuss
||psychic system is ready for game 2.
||boncuss is ready for game 2.
|uhtml|next|Next: Game 2 of 3
