|j|☆ArekkusuKage
|j|☆ESCharge
|html|ArekkusuKageESCharge    
|uhtml|bestof|Game 1 of a best-of-3
|t:|1786098157
|gametype|doubles
|player|p1|ArekkusuKage|beni-ninja|
|player|p2|ESCharge|byron|
|gen|9
|tier|[Gen 9 Champions] VGC 2026 Reg M-B (Bo3)
|rule|Species Clause: Limit one of each Pokémon
|rule|Item Clause: Limit 1 of each item
|clearpoke
|poke|p1|Tinkaton, L50, F|
|poke|p1|Toucannon, L50, M, shiny|
|poke|p1|Zoroark, L50, M|
|poke|p1|Sableye, L50, M, shiny|
|poke|p1|Abomasnow, L50, M, shiny|
|poke|p1|Mr. Rime, L50, M, shiny|
|poke|p2|Heliolisk, L50, M|
|poke|p2|Slowbro, L50, M|
|poke|p2|Runerigus, L50, F, shiny|
|poke|p2|Zoroark, L50, F|
|poke|p2|Tinkaton, L50, F|
|poke|p2|Sableye, L50, M|
|teampreview|4
|showteam|p1|Tinkaton||ExpertBelt|MoldBreaker|GigatonHammer,PlayRough,RockSlide,IceHammer|Jolly||F|||50|]Toucannon||LifeOrb|SkillLink|BulletSeed,RockBlast,BeakBlast,Roost|Adamant||M|||50|]Zoroark||Leftovers|Illusion|KnockOff,SludgeBomb,Psychic,Uturn|Hasty||M|||50|]Sableye||LightClay|Prankster|Reflect,LightScreen,KnockOff,FakeOut|Adamant||M|||50|]Abomasnow||Abomasite|SnowWarning|Blizzard,IceShard,GigaDrain,EarthPower|Quiet||M|||50|]Mr. Rime||NeverMeltIce|IceBody|Blizzard,DazzlingGleam,Protect,Psychic|Modest||M|||50|
|showteam|p2|Heliolisk||WiseGlasses|SandVeil|Discharge,MorningSun,Substitute,HyperVoice|Timid||M|||50|]Slowbro||Slowbronite|Oblivious|SlackOff,IronDefense,Amnesia,StoredPower|Calm||M|||50|]Runerigus||SmoothRock|WanderingSpirit|IronDefense,BodyPress,DestinyBond,Sandstorm|Calm||F|||50|]Zoroark||WideLens|Illusion|Snarl,FocusBlast,Protect,Detect|Timid||F|||50|]Tinkaton||MuscleBand|OwnTempo|GigatonHammer,IceHammer,PlayRough,FakeOut|Adamant||F|||50|]Sableye||Sablenite|Prankster|ThunderWave,WillOWisp,PainSplit,Recover|Calm||M|||50|
|inactive|Battle timer is ON: inactive players will automatically lose when time's up. (requested by ESCharge)
|
|t:|1786098171
|teamsize|p1|4
|teamsize|p2|4
|start
|switch|p1a: Ambaries|Abomasnow, L50, M, shiny|100/100
|switch|p1b: Rimerio|Mr. Rime, L50, M, shiny|100/100
|switch|p2a: Tinkaton|Tinkaton, L50, F|100/100
|switch|p2b: Demond|Sableye, L50, M|100/100
|-weather|Snowscape|[from] ability: Snow Warning|[of] p1a: Ambaries
|turn|1
|
|t:|1786098193
|detailschange|p1a: Ambaries|Abomasnow-Mega, L50, M, shiny
|-mega|p1a: Ambaries|Abomasnow|Abomasite
|move|p2b: Demond|Thunder Wave|p1a: Ambaries
|-status|p1a: Ambaries|par
|move|p2a: Tinkaton|Snarl|p1a: Ambaries|[spread] p1a,p1b
|-supereffective|p1b: Rimerio|1
|-damage|p1a: Ambaries|81/100 par
|-damage|p1b: Rimerio|53/100
|-unboost|p1a: Ambaries|spa|1
|-unboost|p1b: Rimerio|spa|1
|move|p1b: Rimerio|Dazzling Gleam|p2b: Demond|[spread] p2a,p2b
|-supereffective|p2a: Tinkaton|1
|-supereffective|p2b: Demond|1
|-damage|p2a: Tinkaton|47/100
|-damage|p2b: Demond|69/100
|replace|p2a: Zoroark|Zoroark, L50, F
|-end|p2a: Zoroark|Illusion
|move|p1a: Ambaries|Earth Power|p2a: Zoroark
|-damage|p2a: Zoroark|0 fnt
|faint|p2a: Zoroark
|
|-weather|Snowscape|[upkeep]
|-heal|p1b: Rimerio|59/100|[from] ability: Ice Body
|upkeep
|inactive|ESCharge has 30 seconds left.
|
|t:|1786098220
|switch|p2a: Tinkaton|Tinkaton, L50, F|100/100
|turn|2
|inactive|ESCharge has 30 seconds left.
|
|t:|1786098247
|switch|p1a: Kinkie|Tinkaton, L50, F|100/100
|-ability|p1a: Kinkie|Mold Breaker
|move|p2b: Demond|Pain Split|p1a: Kinkie
|-sethp|p1a: Kinkie|83/100|[from] move: Pain Split|[silent]
|-sethp|p2b: Demond|85/100|[from] move: Pain Split
|move|p1b: Rimerio|Blizzard|p2a: Tinkaton|[spread] p2a,p2b
|-resisted|p2a: Tinkaton|1
|-crit|p2b: Demond
|-damage|p2a: Tinkaton|85/100
|-damage|p2b: Demond|11/100
|move|p2a: Tinkaton|Gigaton Hammer|p1a: Kinkie
|-damage|p1a: Kinkie|0 fnt
|faint|p1a: Kinkie
|
|-weather|Snowscape|[upkeep]
|-heal|p1b: Rimerio|65/100|[from] ability: Ice Body
|upkeep
|
|t:|1786098261
|switch|p1a: Saybai|Sableye, L50, M, shiny|100/100
|turn|3
|
|t:|1786098284
|move|p2b: Demond|Recover|p2b: Demond
|-heal|p2b: Demond|61/100
|move|p1a: Saybai|Reflect|p1a: Saybai
|-sidestart|p1: ArekkusuKage|Reflect
|move|p1b: Rimerio|Blizzard|p2b: Demond|[spread] p2a,p2b
|-resisted|p2a: Tinkaton|1
|-damage|p2a: Tinkaton|69/100
|-damage|p2b: Demond|26/100
|move|p2a: Tinkaton|Play Rough|p1a: Saybai|[miss]
|-miss|p2a: Tinkaton|p1a: Saybai
|
|-weather|Snowscape|[upkeep]
|-heal|p1b: Rimerio|70/100|[from] ability: Ice Body
|upkeep
|turn|4
|
|t:|1786098307
|move|p2b: Demond|Recover|p2b: Demond
|-heal|p2b: Demond|77/100
|move|p1a: Saybai|Light Screen|p1a: Saybai
|-sidestart|p1: ArekkusuKage|move: Light Screen
|move|p1b: Rimerio|Dazzling Gleam|p2a: Tinkaton|[spread] p2a,p2b
|-resisted|p2a: Tinkaton|1
|-supereffective|p2b: Demond|1
|-damage|p2a: Tinkaton|64/100
|-damage|p2b: Demond|46/100
|move|p2a: Tinkaton|Gigaton Hammer|p1b: Rimerio
|-supereffective|p1b: Rimerio|1
|-damage|p1b: Rimerio|0 fnt
|faint|p1b: Rimerio
|
|-weather|Snowscape|[upkeep]
|upkeep
|
|t:|1786098315
|switch|p1b: Ambaries|Abomasnow-Mega, L50, M, shiny|81/100 par
|turn|5
|inactive|ESCharge has 30 seconds left.
|inactive|ESCharge has 20 seconds left.
|
|t:|1786098357
|move|p2b: Demond|Recover|p2b: Demond
|-heal|p2b: Demond|96/100
|move|p2a: Tinkaton|Play Rough|p1a: Saybai
|-supereffective|p1a: Saybai|1
|-damage|p1a: Saybai|30/100
|move|p1a: Saybai|Knock Off|p2a: Tinkaton
|-resisted|p2a: Tinkaton|1
|-damage|p2a: Tinkaton|41/100
|-enditem|p2a: Tinkaton|Muscle Band|[from] move: Knock Off|[of] p1a: Saybai
|move|p1b: Ambaries|Earth Power|p2a: Tinkaton
|-supereffective|p2a: Tinkaton|1
|-damage|p2a: Tinkaton|0 fnt
|faint|p2a: Tinkaton
|
|-weather|none
|upkeep
|
|t:|1786098374
|switch|p2a: Runerigus|Runerigus, L50, F, shiny|100/100
|turn|6
|inactive|ESCharge has 30 seconds left.
|
|t:|1786098408
|detailschange|p2b: Demond|Sableye-Mega, L50, M
|-mega|p2b: Demond|Sableye|Sablenite
|move|p1a: Saybai|Knock Off|p2a: Runerigus
|-supereffective|p2a: Runerigus|1
|-damage|p2a: Runerigus|38/100
|-activate|p1a: Saybai|Skill Swap|Wandering Spirit|Prankster|[of] p2a: Runerigus
|-enditem|p2a: Runerigus|Smooth Rock|[from] move: Knock Off|[of] p1a: Saybai
|move|p2a: Runerigus|Iron Defense|p2a: Runerigus
|-boost|p2a: Runerigus|def|2
|move|p2b: Demond|Will-O-Wisp|p1a: Saybai
|-status|p1a: Saybai|brn
|move|p1b: Ambaries|Blizzard|p2a: Runerigus|[spread] p2a,p2b
|-supereffective|p2a: Runerigus|1
|-damage|p2a: Runerigus|0 fnt
|-damage|p2b: Demond|61/100
|faint|p2a: Runerigus
|
|-damage|p1a: Saybai|24/100 brn|[from] brn
|upkeep
|turn|7
|inactive|ESCharge has 30 seconds left.
|
|t:|1786098434
|move|p1a: Saybai|Knock Off|p2b: Demond
|-crit|p2b: Demond
|-damage|p2b: Demond|43/100
|move|p2b: Demond|Recover|p2b: Demond
|-heal|p2b: Demond|94/100
|move|p1b: Ambaries|Giga Drain|p2b: Demond
|-damage|p2b: Demond|59/100
|-heal|p1b: Ambaries|95/100 par|[from] drain|[of] p2b: Demond
|
|-damage|p1a: Saybai|19/100 brn|[from] brn
|upkeep
|turn|8
|
|t:|1786098447
|move|p1a: Saybai|Knock Off|p2b: Demond
|-damage|p2b: Demond|47/100
|move|p2b: Demond|Recover|p2b: Demond
|-heal|p2b: Demond|98/100
|move|p1b: Ambaries|Blizzard|p2b: Demond
|-damage|p2b: Demond|48/100
|
|-damage|p1a: Saybai|13/100 brn|[from] brn
|upkeep
|turn|9
|
|t:|1786098458
|move|p1a: Saybai|Knock Off|p2b: Demond
|-damage|p2b: Demond|36/100
|move|p2b: Demond|Recover|p2b: Demond
|-heal|p2b: Demond|86/100
|move|p1b: Ambaries|Blizzard|p2b: Demond
|-damage|p2b: Demond|42/100
|
|-damage|p1a: Saybai|7/100 brn|[from] brn
|upkeep
|turn|10
|
|t:|1786098471
|move|p1a: Saybai|Knock Off|p2b: Demond
|-crit|p2b: Demond
|-damage|p2b: Demond|23/100
|move|p2b: Demond|Recover|p2b: Demond
|-heal|p2b: Demond|73/100
|cant|p1b: Ambaries|par
|
|-damage|p1a: Saybai|1/100 brn|[from] brn
|-sideend|p1: ArekkusuKage|Reflect
|upkeep
|turn|11
|
|t:|1786098491
|move|p1a: Saybai|Knock Off|p2b: Demond
|-damage|p2b: Demond|61/100
|move|p2b: Demond|Pain Split|p1b: Ambaries
|-sethp|p1b: Ambaries|72/100 par|[from] move: Pain Split|[silent]
|-sethp|p2b: Demond|90/100|[from] move: Pain Split
|move|p1b: Ambaries|Blizzard|p2b: Demond
|-damage|p2b: Demond|40/100
|-status|p2b: Demond|frz
|
|-damage|p1a: Saybai|0 fnt|[from] brn
|faint|p1a: Saybai
|-sideend|p1: ArekkusuKage|move: Light Screen
|upkeep
|turn|12
|
|t:|1786098507
|-curestatus|p2b: Demond|frz|[msg]
|move|p2b: Demond|Recover|p2b: Demond
|-heal|p2b: Demond|91/100
|move|p1b: Ambaries|Blizzard|p2b: Demond
|-damage|p2b: Demond|47/100
|
|upkeep
|turn|13
|
|t:|1786098518
|move|p2b: Demond|Pain Split|p1b: Ambaries
|-sethp|p1b: Ambaries|54/100 par|[from] move: Pain Split|[silent]
|-sethp|p2b: Demond|68/100|[from] move: Pain Split
|move|p1b: Ambaries|Blizzard|p2b: Demond|[miss]
|-miss|p1b: Ambaries|p2b: Demond
|
|upkeep
|turn|14
|c|☆ArekkusuKage|Bruh
|
|t:|1786098531
|move|p2b: Demond|Pain Split|p1b: Ambaries
|-sethp|p1b: Ambaries|54/100 par|[from] move: Pain Split|[silent]
|-sethp|p2b: Demond|68/100|[from] move: Pain Split
|move|p1b: Ambaries|Blizzard|p2b: Demond
|-damage|p2b: Demond|22/100
|
|upkeep
|turn|15
|
|t:|1786098540
|move|p2b: Demond|Pain Split|p1b: Ambaries
|-sethp|p1b: Ambaries|36/100 par|[from] move: Pain Split|[silent]
|-sethp|p2b: Demond|45/100|[from] move: Pain Split
|move|p1b: Ambaries|Blizzard|p2b: Demond
|-damage|p2b: Demond|1/100
|
|upkeep
|turn|16
|
|t:|1786098549
|move|p2b: Demond|Pain Split|p1b: Ambaries
|-sethp|p1b: Ambaries|18/100 par|[from] move: Pain Split|[silent]
|-sethp|p2b: Demond|22/100|[from] move: Pain Split
|move|p1b: Ambaries|Giga Drain|p2b: Demond
|-damage|p2b: Demond|0 fnt
|-heal|p1b: Ambaries|27/100 par|[from] drain|[of] p2b: Demond
|faint|p2b: Demond
|
|win|ArekkusuKage
