|j|☆beykidgamer
|j|☆TacoBurger
|html|beykidgamerTacoBurger    
|uhtml|bestof|Game 1 of a best-of-3
|t:|1783785436
|gametype|doubles
|player|p1|beykidgamer|lucas-gen4pt|
|player|p2|TacoBurger|tuber|
|gen|9
|tier|[Gen 9 Champions] VGC 2026 Reg M-B (Bo3)
|rule|Species Clause: Limit one of each Pokémon
|rule|Item Clause: Limit 1 of each item
|clearpoke
|poke|p1|Basculegion, L50, M, shiny|
|poke|p1|Froslass, L50, F, shiny|
|poke|p1|Maushold-Four, L50|
|poke|p1|Rotom-Wash, L50|
|poke|p1|Goodra-Hisui, L50, M|
|poke|p1|Sneasler, L50, M, shiny|
|poke|p2|Pyroar, L50, M|
|poke|p2|Ninetales, L50, M|
|poke|p2|Incineroar, L50, M|
|poke|p2|Victreebel, L50, F|
|poke|p2|Basculegion, L50, M|
|poke|p2|Sneasler, L50, F|
|teampreview|4
|showteam|p1|Basculegion||FocusSash|Adaptability|LastRespects,Liquidation,AquaJet,Protect|Adamant||M|||50|]Froslass||Froslassite|SnowCloak|Blizzard,AuroraVeil,ShadowBall,Protect|Modest||F|||50|]Maushold-Four||ChopleBerry|FriendGuard|PopulationBomb,FollowMe,Taunt,Uturn|Adamant|||||50|]Rotom-Wash||RindoBerry|Levitate|Thunderbolt,HydroPump,WillOWisp,Reflect|Modest|||||50|]Goodra-Hisui||Leftovers|SapSipper|DragonPulse,FlashCannon,BodyPress,Shelter|Bold||M|||50|]Sneasler||WhiteHerb|Unburden|DireClaw,CloseCombat,FakeOut,Acrobatics|Adamant||M|||50|
|showteam|p2|Pyroar||Pyroarite|Unnerve|HeatWave,Overheat,SolarBeam,Protect|Timid||M|||50|]Ninetales||ChoiceScarf|Drought|HeatWave,Overheat,SolarBeam,FakeTears|Modest||M|||50|]Incineroar||SitrusBerry|Intimidate|FakeOut,FlareBlitz,ThroatChop,PartingShot|Adamant||M|||50|]Victreebel||WideLens|Chlorophyll|Protect,SleepPowder,EnergyBall,SludgeBomb|Timid||F|||50|]Basculegion||LifeOrb|Adaptability|WaveCrash,LastRespects,AquaJet,Protect|Adamant||M|||50|]Sneasler||WhiteHerb|Unburden|Protect,CloseCombat,DireClaw,RockSlide|Adamant||F|||50|
|c|☆TacoBurger|heey
|c|☆TacoBurger|gopod luck
|c|☆TacoBurger|good*
|
|t:|1783785523
|teamsize|p1|4
|teamsize|p2|4
|start
|switch|p1a: Froslass|Froslass, L50, F, shiny|100/100
|switch|p1b: Maushold|Maushold-Four, L50|100/100
|switch|p2a: Incineroar|Incineroar, L50, M|100/100
|switch|p2b: Victreebel|Victreebel, L50, F|100/100
|-ability|p2a: Incineroar|Intimidate|boost
|-unboost|p1a: Froslass|atk|1
|-unboost|p1b: Maushold|atk|1
|turn|1
|
|t:|1783785557
|switch|p2b: Basculegion|Basculegion, L50, M|100/100
|detailschange|p1a: Froslass|Froslass-Mega, L50, F, shiny
|-mega|p1a: Froslass|Froslass|Froslassite
|-weather|Snowscape|[from] ability: Snow Warning|[of] p1a: Froslass
|move|p1b: Maushold|Follow Me|p1b: Maushold
|-singleturn|p1b: Maushold|move: Follow Me
|move|p1a: Froslass|Aurora Veil|p1a: Froslass
|-sidestart|p1: beykidgamer|move: Aurora Veil
|move|p2a: Incineroar|Throat Chop|p1b: Maushold
|-damage|p1b: Maushold|73/100
|-start|p1b: Maushold|Throat Chop|[silent]
|
|-weather|Snowscape|[upkeep]
|upkeep
|turn|2
|
|t:|1783785588
|switch|p2a: Sneasler|Sneasler, L50, F|100/100
|move|p2b: Basculegion|Protect|p2b: Basculegion
|-singleturn|p2b: Basculegion|Protect
|move|p1b: Maushold|Follow Me|p1b: Maushold
|-singleturn|p1b: Maushold|move: Follow Me
|move|p1a: Froslass|Shadow Ball|p2b: Basculegion
|-activate|p2b: Basculegion|move: Protect
|
|-weather|Snowscape|[upkeep]
|-end|p1b: Maushold|Throat Chop|[silent]
|upkeep
|turn|3
|
|t:|1783785614
|switch|p2b: Incineroar|Incineroar, L50, M|100/100
|-ability|p2b: Incineroar|Intimidate|boost
|-unboost|p1a: Froslass|atk|1
|-unboost|p1b: Maushold|atk|1
|move|p1b: Maushold|Follow Me|p1b: Maushold
|-singleturn|p1b: Maushold|move: Follow Me
|move|p2a: Sneasler|Close Combat|p1b: Maushold
|-supereffective|p1b: Maushold|1
|-enditem|p1b: Maushold|Chople Berry|[eat]
|-enditem|p1b: Maushold|Chople Berry|[weaken]
|-damage|p1b: Maushold|19/100
|-unboost|p2a: Sneasler|def|1
|-unboost|p2a: Sneasler|spd|1
|-enditem|p2a: Sneasler|White Herb
|-clearnegativeboost|p2a: Sneasler|[silent]
|move|p1a: Froslass|Shadow Ball|p2b: Incineroar
|-resisted|p2b: Incineroar|1
|-damage|p2b: Incineroar|79/100
|
|-weather|Snowscape|[upkeep]
|upkeep
|turn|4
|
|t:|1783785641
|move|p1b: Maushold|Follow Me|p1b: Maushold
|-singleturn|p1b: Maushold|move: Follow Me
|move|p2a: Sneasler|Close Combat|p1b: Maushold
|-supereffective|p1b: Maushold|1
|-damage|p1b: Maushold|0 fnt
|-unboost|p2a: Sneasler|def|1
|-unboost|p2a: Sneasler|spd|1
|faint|p1b: Maushold
|move|p1a: Froslass|Blizzard|p2a: Sneasler|[spread] p2a,p2b
|-resisted|p2b: Incineroar|1
|-damage|p2a: Sneasler|0 fnt
|-damage|p2b: Incineroar|56/100
|faint|p2a: Sneasler
|move|p2b: Incineroar|Throat Chop|p1a: Froslass
|-supereffective|p1a: Froslass|1
|-damage|p1a: Froslass|51/100
|-start|p1a: Froslass|Throat Chop|[silent]
|
|-weather|Snowscape|[upkeep]
|upkeep
|
|t:|1783785663
|switch|p2a: Victreebel|Victreebel, L50, F|100/100
|switch|p1b: Rotom|Rotom-Wash, L50|100/100
|turn|5
|
|t:|1783785677
|move|p2a: Victreebel|Protect|p2a: Victreebel
|-singleturn|p2a: Victreebel|Protect
|move|p1a: Froslass|Blizzard|p2b: Incineroar|[spread] p2b
|-activate|p2a: Victreebel|move: Protect
|-resisted|p2b: Incineroar|1
|-damage|p2b: Incineroar|36/100
|-enditem|p2b: Incineroar|Sitrus Berry|[eat]
|-heal|p2b: Incineroar|60/100|[from] item: Sitrus Berry
|move|p1b: Rotom|Hydro Pump|p2b: Incineroar
|-supereffective|p2b: Incineroar|1
|-crit|p2b: Incineroar
|-damage|p2b: Incineroar|0 fnt
|faint|p2b: Incineroar
|
|-weather|none
|-end|p1a: Froslass|Throat Chop|[silent]
|-sideend|p1: beykidgamer|move: Aurora Veil
|upkeep
|
|t:|1783785690
|switch|p2b: Basculegion|Basculegion, L50, M|100/100
|turn|6
|
|t:|1783785712
|move|p2b: Basculegion|Protect|p2b: Basculegion
|-singleturn|p2b: Basculegion|Protect
|move|p1a: Froslass|Blizzard|p2a: Victreebel|[spread] 
|-activate|p2b: Basculegion|move: Protect
|-miss|p1a: Froslass|p2a: Victreebel
|move|p1b: Rotom|Thunderbolt|p2b: Basculegion
|-activate|p2b: Basculegion|move: Protect
|move|p2a: Victreebel|Sleep Powder|p1b: Rotom|[miss]
|-miss|p2a: Victreebel|p1b: Rotom
|
|upkeep
|turn|7
|
|t:|1783785741
|move|p1a: Froslass|Blizzard|p2a: Victreebel|[spread] p2a
|-miss|p1a: Froslass|p2b: Basculegion
|-supereffective|p2a: Victreebel|1
|-damage|p2a: Victreebel|0 fnt
|faint|p2a: Victreebel
|move|p2b: Basculegion|Last Respects|p1b: Rotom
|-damage|p1b: Rotom|0 fnt
|faint|p1b: Rotom
|-damage|p2b: Basculegion|90/100|[from] item: Life Orb
|
|upkeep
|
|t:|1783785752
|switch|p1b: Basculegion|Basculegion, L50, M, shiny|100/100
|turn|8
|
|t:|1783785761
|move|p2b: Basculegion|Aqua Jet|p1b: Basculegion
|-resisted|p1b: Basculegion|1
|-damage|p1b: Basculegion|75/100
|-damage|p2b: Basculegion|80/100|[from] item: Life Orb
|move|p1a: Froslass|Shadow Ball|p2b: Basculegion
|-supereffective|p2b: Basculegion|1
|-damage|p2b: Basculegion|0 fnt
|faint|p2b: Basculegion
|
|win|beykidgamer
|inactive|beykidgamer has 30 seconds to confirm battle start!
|inactive|TacoBurger has 30 seconds to confirm battle start!
||TacoBurger is ready for game 2.
|inactive|beykidgamer has 20 seconds to confirm battle start!
|l|☆beykidgamer
|player|p1|
|inactive|beykidgamer has 10 seconds to confirm battle start!
|uhtml|next|Next: Game 2 of 3
