|j|☆psychic system
|j|☆sorecruiser
|html|psychic systemsorecruiser    
|uhtml|bestof|Game 2 of a best-of-3
|t:|1757018597
|gametype|doubles
|player|p1|psychic system|lucas|1104
|player|p2|sorecruiser|furisodegirl-black|1086
|gen|9
|tier|[Gen 9] VGC 2025 Reg H (Bo3)
|rated|
|rule|Species Clause: Limit one of each Pokémon
|rule|Item Clause: Limit 1 of each item
|clearpoke
|poke|p1|Rillaboom, L50, M|
|poke|p1|Florges, L50, F|
|poke|p1|Amoonguss, L50, F|
|poke|p1|Kingambit, L50, F|
|poke|p1|Incineroar, L50, M|
|poke|p1|Pelipper, L50, F|
|poke|p2|Gholdengo, L50|
|poke|p2|Whimsicott, L50, F|
|poke|p2|Sneasler, L50, M|
|poke|p2|Basculegion, L50, M|
|poke|p2|Hydreigon, L50, F|
|poke|p2|Magmar, L50, F|
|teampreview|4
|showteam|p1|Rillaboom||AssaultVest|GrassySurge|FakeOut,GrassyGlide,DrumBeating,Uturn|||M|||50|,,,,,Fire]Florges||Leftovers|FlowerVeil|Moonblast,DazzlingGleam,CalmMind,Protect|||F|||50|,,,,,Grass]Amoonguss||SitrusBerry|Regenerator|ClearSmog,Spore,PollenPuff,RagePowder|||F|||50|,,,,,Water]Kingambit||BlackGlasses|Defiant|Protect,KowtowCleave,SuckerPunch,SwordsDance|||F|||50|,,,,,Ghost]Incineroar||SafetyGoggles|Intimidate|FakeOut,KnockOff,FlareBlitz,PartingShot|||M|||50|,,,,,Ghost]Pelipper||ChoiceScarf|Drizzle|MuddyWater,Hurricane,IcyWind,WeatherBall|||F|||50|,,,,,Water
|showteam|p2|Gholdengo||MetalCoat|GoodasGold|MakeItRain,ShadowBall,NastyPlot,Protect||||||50|,,,,,Steel]Whimsicott||CovertCloak|Prankster|Tailwind,Encore,FakeTears,Moonblast|||F|||50|,,,,,Dark]Sneasler||FocusSash|PoisonTouch|Protect,CloseCombat,DireClaw,ThroatChop|||M|||50|,,,,,Dark]Basculegion||ChoiceScarf|Adaptability|LastRespects,WaveCrash,AquaJet,FlipTurn|||M|||50|,,,,,Ghost]Hydreigon||ChoiceSpecs|Levitate|DarkPulse,DracoMeteor,Snarl,HeatWave|||F|||50|,,,,,Fire]Magmar||Eviolite|VitalSpirit|Protect,FollowMe,HeatWave,Taunt|||F|||50|,,,,,Water
|inactive|Battle timer is ON: inactive players will automatically lose when time's up. (requested by psychic system)
|inactive|sorecruiser has 60 seconds left.
|inactive|sorecruiser has 30 seconds left.
|
|t:|1757018664
|teamsize|p1|4
|teamsize|p2|4
|start
|switch|p1a: Florges|Florges, L50, F|100/100
|switch|p1b: Incineroar|Incineroar, L50, M|100/100
|switch|p2a: Gholdengo|Gholdengo, L50|100/100
|switch|p2b: Basculegion|Basculegion, L50, M|100/100
|-ability|p1b: Incineroar|Intimidate|boost
|-unboost|p2a: Gholdengo|atk|1
|-unboost|p2b: Basculegion|atk|1
|turn|1
|inactive|psychic system has 30 seconds left.
|inactive|psychic system has 20 seconds left.
|
|t:|1757018699
|-terastallize|p2a: Gholdengo|Steel
|move|p2b: Basculegion|Wave Crash|p1b: Incineroar
|-supereffective|p1b: Incineroar
|-damage|p1b: Incineroar|0 fnt
|faint|p1b: Incineroar
|-damage|p2b: Basculegion|66/100|[from] Recoil
|move|p2a: Gholdengo|Make It Rain|p1a: Florges
|-supereffective|p1a: Florges
|-damage|p1a: Florges|0 fnt
|-unboost|p2a: Gholdengo|spa|1
|faint|p1a: Florges
|
|upkeep
|
|t:|1757018712
|switch|p1a: Rillaboom|Rillaboom, L50, M|100/100
|switch|p1b: Kingambit|Kingambit, L50, F|100/100
|-fieldstart|move: Grassy Terrain|[from] ability: Grassy Surge|[of] p1a: Rillaboom
|turn|2
|inactive|psychic system has 30 seconds left.
|inactive|sorecruiser has 30 seconds left.
|inactive|sorecruiser has 20 seconds left.
|
|t:|1757018748
|switch|p2b: Hydreigon|Hydreigon, L50, F|100/100
|switch|p2a: Sneasler|Sneasler, L50, M|100/100
|move|p1a: Rillaboom|Grassy Glide|p2b: Hydreigon
|-resisted|p2b: Hydreigon
|-damage|p2b: Hydreigon|78/100
|move|p1b: Kingambit|Swords Dance|p1b: Kingambit
|-boost|p1b: Kingambit|atk|2
|
|upkeep
|turn|3
|
|t:|1757018773
|move|p1b: Kingambit|Protect|p1b: Kingambit
|-singleturn|p1b: Kingambit|Protect
|move|p2a: Sneasler|Throat Chop|p1b: Kingambit
|-activate|p1b: Kingambit|move: Protect
|move|p2b: Hydreigon|Heat Wave|p1a: Rillaboom|[spread] p1a
|-activate|p1b: Kingambit|move: Protect
|-supereffective|p1a: Rillaboom
|-damage|p1a: Rillaboom|45/100
|move|p1a: Rillaboom|U-turn|p2b: Hydreigon
|-supereffective|p2b: Hydreigon
|-damage|p2b: Hydreigon|23/100
|
|-heal|p1a: Rillaboom|51/100|[from] Grassy Terrain
|upkeep
|turn|4
|inactive|psychic system has 30 seconds left.
|inactive|sorecruiser has 30 seconds left.
|inactive|sorecruiser has 20 seconds left.
|inactive|sorecruiser has 15 seconds left.
|
|t:|1757018815
|switch|p2b: Gholdengo|Gholdengo, L50, tera:Steel|100/100
|-terastallize|p1b: Kingambit|Ghost
|move|p2a: Sneasler|Protect|p2a: Sneasler
|-singleturn|p2a: Sneasler|Protect
|move|p1a: Rillaboom|Grassy Glide|p2b: Gholdengo
|-resisted|p2b: Gholdengo
|-damage|p2b: Gholdengo|81/100
|move|p1b: Kingambit|Kowtow Cleave|p2a: Sneasler
|-activate|p2a: Sneasler|move: Protect
|
|-heal|p2b: Gholdengo|88/100|[from] Grassy Terrain
|-heal|p1a: Rillaboom|57/100|[from] Grassy Terrain
|upkeep
|turn|5
|inactive|sorecruiser has 30 seconds left.
|inactive|sorecruiser has 20 seconds left.
|inactive|sorecruiser has 15 seconds left.
|
|t:|1757018859
|move|p2b: Gholdengo|Protect|p2b: Gholdengo
|-singleturn|p2b: Gholdengo|Protect
|move|p1b: Kingambit|Sucker Punch||[still]
|-fail|p1b: Kingambit
|move|p2a: Sneasler|Throat Chop|p1b: Kingambit
|-supereffective|p1b: Kingambit
|-damage|p1b: Kingambit|57/100
|-start|p1b: Kingambit|Throat Chop|[silent]
|-status|p1b: Kingambit|psn|[from] ability: Poison Touch|[of] p2a: Sneasler
|move|p1a: Rillaboom|Drum Beating|p2a: Sneasler
|-resisted|p2a: Sneasler
|-damage|p2a: Sneasler|52/100
|-unboost|p2a: Sneasler|spe|1
|
|-heal|p2b: Gholdengo|94/100|[from] Grassy Terrain
|-heal|p2a: Sneasler|58/100|[from] Grassy Terrain
|-heal|p1a: Rillaboom|63/100|[from] Grassy Terrain
|-heal|p1b: Kingambit|63/100 psn|[from] Grassy Terrain
|-damage|p1b: Kingambit|51/100 psn|[from] psn
|upkeep
|turn|6
|
|t:|1757018883
|switch|p2a: Basculegion|Basculegion, L50, M|66/100
|move|p1b: Kingambit|Sucker Punch|p2b: Gholdengo
|-damage|p2b: Gholdengo|0 fnt
|faint|p2b: Gholdengo
|move|p1a: Rillaboom|Drum Beating|p2a: Basculegion
|-supereffective|p2a: Basculegion
|-damage|p2a: Basculegion|0 fnt
|faint|p2a: Basculegion
|
|-heal|p1a: Rillaboom|69/100|[from] Grassy Terrain
|-heal|p1b: Kingambit|57/100 psn|[from] Grassy Terrain
|-damage|p1b: Kingambit|44/100 psn|[from] psn
|-end|p1b: Kingambit|Throat Chop|[silent]
|-fieldend|move: Grassy Terrain
|upkeep
|
|t:|1757018889
|switch|p2b: Sneasler|Sneasler, L50, M|58/100
|switch|p2a: Hydreigon|Hydreigon, L50, F|23/100
|turn|7
|
|t:|1757018908
|move|p1b: Kingambit|Sucker Punch|p2a: Hydreigon
|-resisted|p2a: Hydreigon
|-damage|p2a: Hydreigon|0 fnt
|faint|p2a: Hydreigon
|move|p2b: Sneasler|Dire Claw|p1a: Rillaboom
|-supereffective|p1a: Rillaboom
|-damage|p1a: Rillaboom|0 fnt
|faint|p1a: Rillaboom
|
|-damage|p1b: Kingambit|32/100 psn|[from] psn
|upkeep
|turn|8
|
|t:|1757018922
|move|p2b: Sneasler|Protect|p2b: Sneasler
|-singleturn|p2b: Sneasler|Protect
|move|p1b: Kingambit|Sucker Punch||[still]
|-fail|p1b: Kingambit
|
|-damage|p1b: Kingambit|20/100 psn|[from] psn
|upkeep
|turn|9
|
|t:|1757018942
|move|p2b: Sneasler|Throat Chop|p1b: Kingambit
|-supereffective|p1b: Kingambit
|-damage|p1b: Kingambit|0 fnt
|faint|p1b: Kingambit
|
|win|sorecruiser
||psychic system is ready for game 3.
