|j|☆skylarsnowsong
|j|☆claudiusmaximus125
|html|skylarsnowsongclaudiusmaximus125    
|uhtml|bestof|Game 2 of a best-of-3
|t:|1757099531
|gametype|doubles
|player|p1|skylarsnowsong|plasmagruntf|
|player|p2|claudiusmaximus125|ghetsis-gen5bw|
|gen|9
|tier|[Gen 9] VGC 2025 Reg H (Bo3)
|rule|Species Clause: Limit one of each Pokémon
|rule|Item Clause: Limit 1 of each item
|clearpoke
|poke|p1|Grimmsnarl, L50, M|
|poke|p1|Tinkaton, L50, F|
|poke|p1|Incineroar, L50, M|
|poke|p1|Rillaboom, L50, M|
|poke|p1|Volcarona, L50, F|
|poke|p1|Krookodile, L50, M|
|poke|p2|Charizard, L50, M|
|poke|p2|Torkoal, L50, M|
|poke|p2|Porygon2, L50|
|poke|p2|Incineroar, L50, F|
|poke|p2|Jumpluff, L50, F|
|poke|p2|Ursaluna, L50, F|
|teampreview|4
|showteam|p1|Grimmsnarl||LightClay|Prankster|SpiritBreak,Reflect,Swagger,LightScreen|||M|||50|,,,,,Steel]Tinkaton||CovertCloak|OwnTempo|FakeOut,GigatonHammer,PlayRough,SwordsDance|||F|||50|,,,,,Water]Incineroar||SafetyGoggles|Intimidate|FakeOut,KnockOff,PartingShot,FlareBlitz|||M|||50|,,,,,Ghost]Rillaboom||AssaultVest|GrassySurge|FakeOut,WoodHammer,GrassyGlide,HighHorsepower|||M|||50|,,,,,Grass]Volcarona||Leftovers|FlameBody|Protect,FieryDance,RagePowder,Tailwind|||F|||50|,,,,,Ghost]Krookodile||FocusSash|Intimidate|KnockOff,Protect,HighHorsepower,CloseCombat|||M|||50|,,,,,Ground
|showteam|p2|Charizard||ChoiceSpecs|SolarPower|HeatWave,DragonPulse,WeatherBall,AirSlash|||M|||50|,,,,,Ghost]Torkoal||EjectPack|Drought|Eruption,Overheat,HelpingHand,Protect|||M|||50|,,,,,Fire]Porygon2||Eviolite|Download|TeraBlast,IceBeam,Recover,TrickRoom||||||50|,,,,,Fighting]Incineroar||SafetyGoggles|Intimidate|FlareBlitz,KnockOff,FakeOut,PartingShot|||F|||50|,,,,,Ghost]Jumpluff||CovertCloak|Chlorophyll|SleepPowder,SunnyDay,RagePowder,Tailwind|||F|||50|,,,,,Dark]Ursaluna||FlameOrb|Guts|HeadlongRush,Facade,Earthquake,Protect|||F|||50|,,,,,Ghost
|
|t:|1757099577
|teamsize|p1|4
|teamsize|p2|4
|start
|switch|p1a: Incineroar|Incineroar, L50, M|100/100
|switch|p1b: Grimmsnarl|Grimmsnarl, L50, M|100/100
|switch|p2a: Charizard|Charizard, L50, M, shiny|100/100
|switch|p2b: Jumpluff|Jumpluff, L50, F, shiny|100/100
|-ability|p1a: Incineroar|Intimidate|boost
|-unboost|p2a: Charizard|atk|1
|-unboost|p2b: Jumpluff|atk|1
|turn|1
|
|t:|1757099645
|switch|p1b: Rillaboom|Rillaboom, L50, M|100/100
|-fieldstart|move: Grassy Terrain|[from] ability: Grassy Surge|[of] p1b: Rillaboom
|move|p1a: Incineroar|Fake Out|p2a: Charizard
|-damage|p2a: Charizard|84/100
|move|p2b: Jumpluff|Sunny Day|p2b: Jumpluff
|-weather|SunnyDay
|cant|p2a: Charizard|flinch
|
|-weather|SunnyDay|[upkeep]
|-damage|p2a: Charizard|72/100|[from] ability: Solar Power|[of] p2a: Charizard
|upkeep
|turn|2
|
|t:|1757099674
|switch|p1b: Krookodile|Krookodile, L50, M|100/100
|-ability|p1b: Krookodile|Intimidate|boost
|-unboost|p2a: Charizard|atk|1
|-unboost|p2b: Jumpluff|atk|1
|-terastallize|p2a: Charizard|Ghost
|move|p2b: Jumpluff|Tailwind|p2b: Jumpluff
|-sidestart|p2: claudiusmaximus125|move: Tailwind
|move|p2a: Charizard|Weather Ball|p1b: Krookodile
|-enditem|p1b: Krookodile|Focus Sash
|-damage|p1b: Krookodile|1/100
|move|p1a: Incineroar|Parting Shot|p2a: Charizard
|-unboost|p2a: Charizard|atk|1
|-unboost|p2a: Charizard|spa|1
|
|t:|1757099690
|switch|p1a: Grimmsnarl|Grimmsnarl, L50, M|100/100|[from] Parting Shot
|
|-weather|SunnyDay|[upkeep]
|-damage|p2a: Charizard|59/100|[from] ability: Solar Power|[of] p2a: Charizard
|-heal|p2a: Charizard|65/100|[from] Grassy Terrain
|-heal|p1b: Krookodile|7/100|[from] Grassy Terrain
|upkeep
|turn|3
|
|t:|1757099702
|switch|p2b: Ursaluna|Ursaluna, L50, F, shiny|100/100
|move|p1b: Krookodile|Protect|p1b: Krookodile
|-singleturn|p1b: Krookodile|Protect
|move|p1a: Grimmsnarl|Light Screen|p1a: Grimmsnarl
|-sidestart|p1: skylarsnowsong|move: Light Screen
|move|p2a: Charizard|Weather Ball|p1a: Grimmsnarl
|-damage|p1a: Grimmsnarl|35/100
|
|-weather|SunnyDay|[upkeep]
|-damage|p2a: Charizard|53/100|[from] ability: Solar Power|[of] p2a: Charizard
|-heal|p2a: Charizard|59/100|[from] Grassy Terrain
|-heal|p1b: Krookodile|13/100|[from] Grassy Terrain
|-heal|p1a: Grimmsnarl|41/100|[from] Grassy Terrain
|-status|p2b: Ursaluna|brn|[from] item: Flame Orb
|upkeep
|turn|4
|
|t:|1757099722
|switch|p1b: Incineroar|Incineroar, L50, M|100/100
|-ability|p1b: Incineroar|Intimidate|boost
|-unboost|p2a: Charizard|atk|1
|-unboost|p2b: Ursaluna|atk|1
|move|p1a: Grimmsnarl|Reflect|p1a: Grimmsnarl
|-sidestart|p1: skylarsnowsong|Reflect
|move|p2a: Charizard|Weather Ball|p1b: Incineroar
|-resisted|p1b: Incineroar
|-crit|p1b: Incineroar
|-damage|p1b: Incineroar|22/100
|move|p2b: Ursaluna|Facade|p1a: Grimmsnarl
|-damage|p1a: Grimmsnarl|0 fnt
|faint|p1a: Grimmsnarl
|
|-weather|SunnyDay|[upkeep]
|-damage|p2a: Charizard|46/100|[from] ability: Solar Power|[of] p2a: Charizard
|-heal|p2a: Charizard|52/100|[from] Grassy Terrain
|-heal|p1b: Incineroar|28/100|[from] Grassy Terrain
|-damage|p2b: Ursaluna|95/100 brn|[from] brn
|upkeep
|
|t:|1757099743
|switch|p1a: Krookodile|Krookodile, L50, M|13/100
|-ability|p1a: Krookodile|Intimidate|boost
|-unboost|p2a: Charizard|atk|1
|-unboost|p2b: Ursaluna|atk|1
|turn|5
|
|t:|1757099774
|move|p2b: Ursaluna|Protect|p2b: Ursaluna
|-singleturn|p2b: Ursaluna|Protect
|move|p1a: Krookodile|Protect|p1a: Krookodile
|-singleturn|p1a: Krookodile|Protect
|move|p1b: Incineroar|Fake Out|p2b: Ursaluna
|-activate|p2b: Ursaluna|move: Protect
|move|p2a: Charizard|Weather Ball|p1b: Incineroar
|-resisted|p1b: Incineroar
|-damage|p1b: Incineroar|5/100
|
|-weather|none
|-heal|p2a: Charizard|58/100|[from] Grassy Terrain
|-heal|p2b: Ursaluna|100/100 brn|[from] Grassy Terrain
|-heal|p1a: Krookodile|19/100|[from] Grassy Terrain
|-heal|p1b: Incineroar|11/100|[from] Grassy Terrain
|-damage|p2b: Ursaluna|95/100 brn|[from] brn
|-sideend|p2: claudiusmaximus125|move: Tailwind
|-fieldend|move: Grassy Terrain
|upkeep
|turn|6
|
|t:|1757099811
|switch|p2a: Jumpluff|Jumpluff, L50, F, shiny|100/100
|switch|p1b: Rillaboom|Rillaboom, L50, M|100/100
|-fieldstart|move: Grassy Terrain|[from] ability: Grassy Surge|[of] p1b: Rillaboom
|move|p1a: Krookodile|Close Combat|p2b: Ursaluna
|-supereffective|p2b: Ursaluna
|-damage|p2b: Ursaluna|28/100 brn
|-unboost|p1a: Krookodile|def|1
|-unboost|p1a: Krookodile|spd|1
|move|p2b: Ursaluna|Earthquake|p1b: Rillaboom|[spread] p1a,p1b
|-immune|p2a: Jumpluff
|-resisted|p1b: Rillaboom
|-damage|p1a: Krookodile|0 fnt
|-damage|p1b: Rillaboom|95/100
|faint|p1a: Krookodile
|
|-heal|p1b: Rillaboom|100/100|[from] Grassy Terrain
|-heal|p2b: Ursaluna|34/100 brn|[from] Grassy Terrain
|-damage|p2b: Ursaluna|28/100 brn|[from] brn
|upkeep
|
|t:|1757099828
|switch|p1a: Incineroar|Incineroar, L50, M|11/100
|-ability|p1a: Incineroar|Intimidate|boost
|-unboost|p2a: Jumpluff|atk|1
|-unboost|p2b: Ursaluna|atk|1
|turn|7
|
|t:|1757099843
|switch|p2b: Incineroar|Incineroar, L50, F, shiny|100/100
|-ability|p2b: Incineroar|Intimidate|boost
|-unboost|p1a: Incineroar|atk|1
|-unboost|p1b: Rillaboom|atk|1
|move|p1b: Rillaboom|Grassy Glide|p2b: Incineroar
|-resisted|p2b: Incineroar
|-damage|p2b: Incineroar|89/100
|move|p2a: Jumpluff|Tailwind|p2a: Jumpluff
|-sidestart|p2: claudiusmaximus125|move: Tailwind
|move|p1a: Incineroar|Knock Off|p2a: Jumpluff
|-crit|p2a: Jumpluff
|-damage|p2a: Jumpluff|35/100
|-enditem|p2a: Jumpluff|Covert Cloak|[from] move: Knock Off|[of] p1a: Incineroar
|
|-heal|p2b: Incineroar|95/100|[from] Grassy Terrain
|-heal|p1a: Incineroar|17/100|[from] Grassy Terrain
|upkeep
|turn|8
|
|t:|1757099882
|-terastallize|p1a: Incineroar|Ghost
|move|p2a: Jumpluff|Sunny Day|p2a: Jumpluff
|-weather|SunnyDay
|move|p2b: Incineroar|Flare Blitz|p1b: Rillaboom
|-supereffective|p1b: Rillaboom
|-damage|p1b: Rillaboom|0 fnt
|faint|p1b: Rillaboom
|-damage|p2b: Incineroar|61/100|[from] Recoil
|move|p1a: Incineroar|Flare Blitz|p2a: Jumpluff
|-supereffective|p2a: Jumpluff
|-damage|p2a: Jumpluff|0 fnt
|faint|p2a: Jumpluff
|-damage|p1a: Incineroar|7/100|[from] Recoil
|
|-weather|SunnyDay|[upkeep]
|-heal|p2b: Incineroar|67/100|[from] Grassy Terrain
|-heal|p1a: Incineroar|13/100|[from] Grassy Terrain
|upkeep
|
|t:|1757099900
|switch|p2a: Ursaluna|Ursaluna, L50, F, shiny|28/100 brn
|turn|9
|
|t:|1757099908
|move|p2b: Incineroar|Knock Off|p1a: Incineroar
|-supereffective|p1a: Incineroar
|-damage|p1a: Incineroar|0 fnt
|-enditem|p1a: Incineroar|Safety Goggles|[from] move: Knock Off|[of] p2b: Incineroar
|faint|p1a: Incineroar
|
|win|claudiusmaximus125
|c|☆claudiusmaximus125|gg
