|j|☆Slowjow
|j|☆washingtongargacha
|html|Slowjowwashingtongargacha    
|uhtml|bestof|Game 2 of a best-of-3
|t:|1757725128
|gametype|doubles
|player|p1|Slowjow|1|1195
|player|p2|washingtongargacha|101|1154
|gen|9
|tier|[Gen 9] VGC 2025 Reg H (Bo3)
|rated|
|rule|Species Clause: Limit one of each Pokémon
|rule|Item Clause: Limit 1 of each item
|clearpoke
|poke|p1|Gliscor, L50, M|
|poke|p1|Electabuzz, L50, F|
|poke|p1|Tauros-Paldea-Blaze, L50, M|
|poke|p1|Gastrodon, L50, M|
|poke|p1|Kingambit, L50, M|
|poke|p1|Ninetales-Alola, L50, F|
|poke|p2|Talonflame, L50, M|
|poke|p2|Gholdengo, L50|
|poke|p2|Dragonite, L50, M|
|poke|p2|Archaludon, L50, M|
|poke|p2|Tyranitar, L50, F|
|poke|p2|Garchomp, L50, M|
|teampreview|4
|showteam|p1|Gliscor||ToxicOrb|PoisonHeal|HighHorsepower,DualWingbeat,SwordsDance,Protect|||M|||50|,,,,,Water]Electabuzz||Eviolite|VitalSpirit|Electroweb,Taunt,FollowMe,Protect|||F|||50|,,,,,Ghost]Tauros-Paldea-Blaze||MirrorHerb|Intimidate|RagingBull,CloseCombat,WillOWisp,Protect|||M|||50|,,,,,Grass]Gastrodon||Leftovers|StormDrain|MuddyWater,ClearSmog,Yawn,Protect|||M|||50|,,,,,Fire]Kingambit||BlackGlasses|Defiant|KowtowCleave,SuckerPunch,SwordsDance,Protect|||M|||50|,,,,,Dark]Ninetales-Alola||LightClay|SnowWarning|AuroraVeil,FreezeDry,Encore,Protect|||F|||50|,,,,,Water
|showteam|p2|Talonflame||CovertCloak|GaleWings|Tailwind,DualWingbeat,Taunt,FlareBlitz|||M|||50|,,,,,Stellar]Gholdengo||LifeOrb|GoodasGold|MakeItRain,NastyPlot,ShadowBall,Protect||||||50|,,,,,Steel]Dragonite||LoadedDice|Multiscale|ScaleShot,IceSpinner,Haze,Protect|||M|||50|,,,,,Steel]Archaludon||PowerHerb|Sturdy|FlashCannon,ElectroShot,DracoMeteor,Protect|||M|||50|,,,,,Flying]Tyranitar||AssaultVest|SandStream|KnockOff,RockSlide,TeraBlast,LowKick|||F|||50|,,,,,Flying]Garchomp||ClearAmulet|RoughSkin|DragonClaw,StompingTantrum,Earthquake,Protect|||M|||50|,,,,,Steel
|
|t:|1757725169
|teamsize|p1|4
|teamsize|p2|4
|start
|switch|p1a: Tauros|Tauros-Paldea-Blaze, L50, M|100/100
|switch|p1b: Gastrodon|Gastrodon, L50, M|100/100
|switch|p2a: Dragonite|Dragonite, L50, M|100/100
|switch|p2b: Gholdengo|Gholdengo, L50|100/100
|-ability|p1a: Tauros|Intimidate|boost
|-unboost|p2a: Dragonite|atk|1
|-unboost|p2b: Gholdengo|atk|1
|turn|1
|
|t:|1757725206
|switch|p2b: Garchomp|Garchomp, L50, M|100/100
|move|p1a: Tauros|Raging Bull|p2b: Garchomp
|-resisted|p2b: Garchomp
|-damage|p2b: Garchomp|83/100
|-damage|p1a: Tauros|88/100|[from] ability: Rough Skin|[of] p2b: Garchomp
|move|p2a: Dragonite|Scale Shot|p1b: Gastrodon
|-damage|p1b: Gastrodon|92/100
|-damage|p1b: Gastrodon|84/100
|-damage|p1b: Gastrodon|75/100
|-damage|p1b: Gastrodon|67/100
|-hitcount|p1b: Gastrodon|4
|-unboost|p2a: Dragonite|def|1
|-boost|p2a: Dragonite|spe|1
|-enditem|p1a: Tauros|Mirror Herb
|-boost|p1a: Tauros|spe|1|[from] item: Mirror Herb
|move|p1b: Gastrodon|Yawn|p2a: Dragonite
|-start|p2a: Dragonite|move: Yawn|[of] p1b: Gastrodon
|
|-heal|p1b: Gastrodon|73/100|[from] item: Leftovers
|upkeep
|turn|2
|
|t:|1757725232
|move|p1a: Tauros|Will-O-Wisp|p2b: Garchomp|[miss]
|-miss|p1a: Tauros|p2b: Garchomp
|move|p2a: Dragonite|Haze|p2a: Dragonite
|-clearallboost
|move|p2b: Garchomp|Earthquake|p1a: Tauros|[spread] p1a,p1b
|-immune|p2a: Dragonite
|-supereffective|p1a: Tauros
|-damage|p1a: Tauros|0 fnt
|-damage|p1b: Gastrodon|41/100
|faint|p1a: Tauros
|move|p1b: Gastrodon|Muddy Water|p2b: Garchomp|[spread] p2a,p2b
|-resisted|p2a: Dragonite
|-damage|p2a: Dragonite|95/100
|-damage|p2b: Garchomp|58/100
|-unboost|p2a: Dragonite|accuracy|1
|
|-heal|p1b: Gastrodon|47/100|[from] item: Leftovers
|-end|p2a: Dragonite|move: Yawn|[silent]
|-status|p2a: Dragonite|slp
|upkeep
|
|t:|1757725250
|switch|p1a: Gliscor|Gliscor, L50, M|100/100
|turn|3
|
|t:|1757725258
|move|p2b: Garchomp|Dragon Claw|p1a: Gliscor
|-damage|p1a: Gliscor|64/100
|cant|p2a: Dragonite|slp
|move|p1a: Gliscor|Swords Dance|p1a: Gliscor
|-boost|p1a: Gliscor|atk|2
|move|p1b: Gastrodon|Yawn|p2b: Garchomp
|-start|p2b: Garchomp|move: Yawn|[of] p1b: Gastrodon
|
|-heal|p1b: Gastrodon|53/100|[from] item: Leftovers
|-status|p1a: Gliscor|tox|[from] item: Toxic Orb
|upkeep
|turn|4
|
|t:|1757725275
|switch|p2b: Gholdengo|Gholdengo, L50|100/100
|-curestatus|p2a: Dragonite|slp|[msg]
|move|p2a: Dragonite|Ice Spinner|p1a: Gliscor
|-supereffective|p1a: Gliscor
|-damage|p1a: Gliscor|0 fnt
|faint|p1a: Gliscor
|move|p1b: Gastrodon|Muddy Water|p2a: Dragonite|[spread] p2a,p2b
|-resisted|p2a: Dragonite
|-damage|p2a: Dragonite|83/100
|-damage|p2b: Gholdengo|75/100
|-unboost|p2a: Dragonite|accuracy|1
|-unboost|p2b: Gholdengo|accuracy|1
|
|-heal|p1b: Gastrodon|59/100|[from] item: Leftovers
|upkeep
|
|t:|1757725289
|switch|p1a: Kingambit|Kingambit, L50, M|100/100
|turn|5
|
|t:|1757725318
|move|p2b: Gholdengo|Nasty Plot|p2b: Gholdengo
|-boost|p2b: Gholdengo|spa|2
|move|p2a: Dragonite|Haze|p2a: Dragonite
|-clearallboost
|move|p1a: Kingambit|Kowtow Cleave|p2a: Dragonite
|-damage|p2a: Dragonite|15/100
|move|p1b: Gastrodon|Yawn|p2a: Dragonite
|-start|p2a: Dragonite|move: Yawn|[of] p1b: Gastrodon
|
|-heal|p1b: Gastrodon|65/100|[from] item: Leftovers
|upkeep
|turn|6
|
|t:|1757725340
|-terastallize|p2b: Gholdengo|Steel
|move|p2b: Gholdengo|Make It Rain|p1a: Kingambit|[spread] p1a,p1b
|-resisted|p1a: Kingambit
|-resisted|p1b: Gastrodon
|-damage|p1a: Kingambit|53/100
|-damage|p1b: Gastrodon|22/100
|-unboost|p2b: Gholdengo|spa|1
|-damage|p2b: Gholdengo|65/100|[from] item: Life Orb
|move|p2a: Dragonite|Scale Shot|p1b: Gastrodon
|-damage|p1b: Gastrodon|11/100
|-damage|p1b: Gastrodon|0 fnt
|faint|p1b: Gastrodon
|-hitcount|p1: Gastrodon|2
|-unboost|p2a: Dragonite|def|1
|-boost|p2a: Dragonite|spe|1
|move|p1a: Kingambit|Swords Dance|p1a: Kingambit
|-boost|p1a: Kingambit|atk|2
|
|-end|p2a: Dragonite|move: Yawn|[silent]
|-status|p2a: Dragonite|slp
|upkeep
|turn|7
|
|t:|1757725365
|move|p2b: Gholdengo|Protect|p2b: Gholdengo
|-singleturn|p2b: Gholdengo|Protect
|cant|p2a: Dragonite|slp
|move|p1a: Kingambit|Kowtow Cleave|p2b: Gholdengo
|-activate|p2b: Gholdengo|move: Protect
|
|upkeep
|turn|8
|
|t:|1757725381
|cant|p2a: Dragonite|slp
|move|p2b: Gholdengo|Nasty Plot|p2b: Gholdengo
|-boost|p2b: Gholdengo|spa|2
|move|p1a: Kingambit|Kowtow Cleave|p2a: Dragonite
|-damage|p2a: Dragonite|0 fnt
|faint|p2a: Dragonite
|
|upkeep
|
|t:|1757725389
|switch|p2a: Archaludon|Archaludon, L50, M|100/100
|turn|9
|
|t:|1757725398
|move|p1a: Kingambit|Sucker Punch|p2b: Gholdengo
|-damage|p2b: Gholdengo|0 fnt
|faint|p2b: Gholdengo
|move|p2a: Archaludon|Electro Shot||[still]
|-prepare|p2a: Archaludon|Electro Shot
|-boost|p2a: Archaludon|spa|1
|-enditem|p2a: Archaludon|Power Herb
|-anim|p2a: Archaludon|Electro Shot|p1a: Kingambit
|-damage|p1a: Kingambit|0 fnt
|faint|p1a: Kingambit
|
|win|washingtongargacha
