|j|☆lillith4146
|html|Realmyth10lillith4146    
|uhtml|bestof|Game 2 of a best-of-3
|t:|1785781515
|gametype|doubles
|player|p1|Realmyth10|170|1128
|player|p2|lillith4146|102|1159
|gen|9
|tier|[Gen 9 Champions] VGC 2026 Reg M-B (Bo3)
|rated|
|rule|Species Clause: Limit one of each Pokémon
|rule|Item Clause: Limit 1 of each item
|clearpoke
|poke|p1|Froslass, L50, F|
|poke|p1|Bellibolt, L50, F|
|poke|p1|Garchomp, L50, F|
|poke|p1|Incineroar, L50, F|
|poke|p1|Venusaur, L50, M|
|poke|p1|Milotic, L50, M|
|poke|p2|Noivern, L50, F|
|poke|p2|Clefable, L50, M|
|poke|p2|Farigiraf, L50, F|
|poke|p2|Arcanine-Hisui, L50, F|
|poke|p2|Kingambit, L50, F|
|poke|p2|Blastoise, L50, M|
|teampreview|4
|showteam|p1|Froslass||Froslassite|SnowCloak|Blizzard,ShadowBall,Protect,AuroraVeil|Timid||F|||50|]Bellibolt||Leftovers|Electromorphosis|Electroweb,Protect,Thunderbolt,Soak|Quiet||F|||50|]Garchomp||ChoiceScarf|RoughSkin|DragonClaw,StompingTantrum,RockSlide,BreakingSwipe|Adamant||F|||50|]Incineroar||SitrusBerry|Intimidate|FakeOut,ThroatChop,PartingShot,FlareBlitz|Adamant||F|||50|]Venusaur||Venusaurite|Chlorophyll|SludgeBomb,EarthPower,SleepPowder,GigaDrain|Modest||M|||50|]Milotic||LifeOrb|Competitive|Scald,IcyWind,Protect,LifeDew|Modest||M|||50|
|showteam|p2|Noivern||FocusSash|Infiltrator|AirSlash,SuperFang,Tailwind,Taunt|Jolly||F|||50|]Clefable||Clefablite|MagicGuard|FollowMe,Encore,Moonblast,Protect|Calm||M|||50|]Farigiraf||SitrusBerry|ArmorTail|Psychic,TrickRoom,Imprison,Protect|Relaxed||F|||50|]Arcanine-Hisui||LifeOrb|Intimidate|RockSlide,FlareBlitz,CloseCombat,Protect|Jolly||F|||50|]Kingambit||ChopleBerry|Defiant|Protect,SuckerPunch,KowtowCleave,IronHead|Adamant||F|||50|]Blastoise||Blastoisinite|Torrent|WaterSpout,WaterPulse,AuraSphere,FakeOut|Modest||M|||50|
|j|☆Realmyth10
|player|p1|Realmyth10|170|
|inactive|Battle timer is ON: inactive players will automatically lose when time's up. (requested by Realmyth10)
|
|t:|1785781545
|teamsize|p1|4
|teamsize|p2|4
|start
|switch|p1a: Bellibolt|Bellibolt, L50, F|100/100
|switch|p1b: Froslass|Froslass, L50, F|100/100
|switch|p2a: Noivern|Noivern, L50, F|100/100
|switch|p2b: Arcanine|Arcanine-Hisui, L50, F|100/100
|-ability|p2b: Arcanine|Intimidate|boost
|-unboost|p1a: Bellibolt|atk|1
|-unboost|p1b: Froslass|atk|1
|turn|1
|
|t:|1785781562
|move|p1b: Froslass|Protect|p1b: Froslass
|-singleturn|p1b: Froslass|Protect
|move|p2a: Noivern|Tailwind|p2a: Noivern
|-sidestart|p2: lillith4146|move: Tailwind
|move|p2b: Arcanine|Flare Blitz|p1b: Froslass
|-activate|p1b: Froslass|move: Protect
|move|p1a: Bellibolt|Electroweb|p2b: Arcanine|[spread] p2a,p2b
|-damage|p2a: Noivern|78/100
|-damage|p2b: Arcanine|77/100
|-unboost|p2a: Noivern|spe|1
|-unboost|p2b: Arcanine|spe|1
|
|upkeep
|turn|2
|
|t:|1785781580
|switch|p1b: Milotic|Milotic, L50, M|100/100
|move|p2a: Noivern|Super Fang|p1a: Bellibolt
|-damage|p1a: Bellibolt|50/100y
|-start|p1a: Bellibolt|Charge|Super Fang|[from] ability: Electromorphosis
|move|p2b: Arcanine|Flare Blitz|p1b: Milotic
|-resisted|p1b: Milotic|1
|-damage|p1b: Milotic|65/100
|-damage|p2b: Arcanine|65/100|[from] Recoil
|-damage|p2b: Arcanine|55/100|[from] item: Life Orb
|move|p1a: Bellibolt|Electroweb|p2a: Noivern|[spread] p2a,p2b
|-crit|p2b: Arcanine
|-damage|p2a: Noivern|34/100
|-damage|p2b: Arcanine|0 fnt
|-unboost|p2a: Noivern|spe|1
|faint|p2b: Arcanine
|-end|p1a: Bellibolt|Charge|[silent]
|
|-heal|p1a: Bellibolt|56/100|[from] item: Leftovers
|upkeep
|
|t:|1785781584
|switch|p2b: Blastoise|Blastoise, L50, M|100/100
|turn|3
|inactive|Realmyth10 has 30 seconds left.
|
|t:|1785781612
|detailschange|p2b: Blastoise|Blastoise-Mega, L50, M
|-mega|p2b: Blastoise|Blastoise|Blastoisinite
|move|p1a: Bellibolt|Protect|p1a: Bellibolt
|-singleturn|p1a: Bellibolt|Protect
|move|p2b: Blastoise|Water Spout|p1b: Milotic|[spread] p1b
|-activate|p1a: Bellibolt|move: Protect
|-resisted|p1b: Milotic|1
|-damage|p1b: Milotic|37/100
|move|p2a: Noivern|Super Fang|p1b: Milotic
|-damage|p1b: Milotic|19/100
|move|p1b: Milotic|Icy Wind|p2b: Blastoise|[spread] p2a
|-miss|p1b: Milotic|p2b: Blastoise
|-supereffective|p2a: Noivern|2
|-damage|p2a: Noivern|0 fnt
|faint|p2a: Noivern
|-damage|p1b: Milotic|9/100|[from] item: Life Orb
|
|-heal|p1a: Bellibolt|62/100|[from] item: Leftovers
|upkeep
|
|t:|1785781621
|switch|p2a: Kingambit|Kingambit, L50, F|100/100
|turn|4
|inactive|Realmyth10 has 30 seconds left.
|
|t:|1785781647
|move|p1b: Milotic|Protect|p1b: Milotic
|-singleturn|p1b: Milotic|Protect
|move|p2b: Blastoise|Water Spout|p1a: Bellibolt|[spread] p1a
|-activate|p1b: Milotic|move: Protect
|-damage|p1a: Bellibolt|0 fnt
|faint|p1a: Bellibolt
|move|p2a: Kingambit|Kowtow Cleave|p1b: Milotic
|-activate|p1b: Milotic|move: Protect
|
|-sideend|p2: lillith4146|move: Tailwind
|upkeep
|
|t:|1785781657
|switch|p1a: Froslass|Froslass, L50, F|100/100
|turn|5
|
|t:|1785781665
|detailschange|p1a: Froslass|Froslass-Mega, L50, F
|-mega|p1a: Froslass|Froslass|Froslassite
|-weather|Snowscape|[from] ability: Snow Warning|[of] p1a: Froslass
|move|p1a: Froslass|Shadow Ball|p2b: Blastoise
|-damage|p2b: Blastoise|70/100
|move|p1b: Milotic|Scald|p2a: Kingambit
|-damage|p2a: Kingambit|48/100
|-damage|p1b: Milotic|0 fnt|[from] item: Life Orb
|faint|p1b: Milotic
|move|p2b: Blastoise|Water Spout|p1a: Froslass
|-damage|p1a: Froslass|29/100
|move|p2a: Kingambit|Kowtow Cleave|p1a: Froslass
|-supereffective|p1a: Froslass|1
|-damage|p1a: Froslass|0 fnt
|faint|p1a: Froslass
|
|-weather|Snowscape|[upkeep]
|upkeep
|
|t:|1785781682
|switch|p1a: Garchomp|Garchomp, L50, F|100/100
|turn|6
|
|t:|1785781695
|move|p2a: Kingambit|Protect|p2a: Kingambit
|-singleturn|p2a: Kingambit|Protect
|move|p1a: Garchomp|Stomping Tantrum|p2a: Kingambit
|-activate|p2a: Kingambit|move: Protect
|move|p2b: Blastoise|Water Pulse|p1a: Garchomp
|-damage|p1a: Garchomp|46/100
|
|-weather|Snowscape|[upkeep]
|upkeep
|turn|7
|
|t:|1785781701
|move|p2a: Kingambit|Sucker Punch|p1a: Garchomp
|-damage|p1a: Garchomp|2/100
|-damage|p2a: Kingambit|36/100|[from] ability: Rough Skin|[of] p1a: Garchomp
|move|p1a: Garchomp|Stomping Tantrum|p2b: Blastoise
|-damage|p2b: Blastoise|31/100
|move|p2b: Blastoise|Water Pulse|p1a: Garchomp
|-damage|p1a: Garchomp|0 fnt
|faint|p1a: Garchomp
|
|win|lillith4146
||lillith4146 is ready for game 3.
|l|☆Realmyth10
|player|p1|
|inactive|Realmyth10 has 30 seconds to confirm battle start!
|j|☆Realmyth10
|player|p1|Realmyth10|170|
