|j|☆Scoseb
|j|☆jonas.weevil
|html|Scosebjonas.weevil    
|uhtml|bestof|Game 1 of a best-of-3
|t:|1784578084
|gametype|doubles
|player|p1|Scoseb|brycenman|1316
|player|p2|jonas.weevil|170|1397
|gen|9
|tier|[Gen 9 Champions] VGC 2026 Reg M-B (Bo3)
|rated|
|rule|Species Clause: Limit one of each Pokémon
|rule|Item Clause: Limit 1 of each item
|clearpoke
|poke|p1|Gholdengo, L50|
|poke|p1|Zoroark-Hisui, L50, F|
|poke|p1|Incineroar, L50, M|
|poke|p1|Whimsicott, L50, M|
|poke|p1|Staraptor, L50, F|
|poke|p1|Garchomp, L50, M|
|poke|p2|Torkoal, L50, M, shiny|
|poke|p2|Venusaur, L50, M|
|poke|p2|Pyroar, L50, F, shiny|
|poke|p2|Scrafty, L50, M|
|poke|p2|Sylveon, L50, M, shiny|
|poke|p2|Farigiraf, L50, M|
|teampreview|4
|showteam|p1|Gholdengo||LifeOrb|GoodasGold|PowerGem,Protect,MakeItRain,ShadowBall|Modest|||||50|]Zoroark-Hisui||FocusSash|Illusion|Taunt,IcyWind,FakeTears,BitterMalice|Timid||F|||50|]Incineroar||SitrusBerry|Intimidate|FakeOut,PartingShot,FlareBlitz,DarkestLariat|Careful||M|||50|]Whimsicott||FairyFeather|Prankster|Moonblast,Tailwind,Charm,Encore|Modest||M|||50|]Staraptor||Staraptite|Reckless|CloseCombat,Protect,BraveBird,Roost|Jolly||F|||50|]Garchomp||Garchompite|RoughSkin|Protect,Earthquake,DragonClaw,RockSlide|Adamant||M|||50|
|showteam|p2|Torkoal||Charcoal|Drought|Eruption,WeatherBall,HelpingHand,Protect|Quiet||M|||50|]Venusaur||FocusSash|Chlorophyll|LeafStorm,SludgeBomb,SleepPowder,Protect|Modest||M|||50|]Pyroar||Pyroarite|Unnerve|Overheat,HeatWave,SolarBeam,Protect|Timid||F|||50|]Scrafty||Scraftinite|Intimidate|CloseCombat,KnockOff,StoneEdge,FakeOut|Brave||M|||50|]Sylveon||LifeOrb|Pixilate|HyperVoice,HyperBeam,QuickAttack,Detect|Quiet||M|||50|]Farigiraf||SitrusBerry|ArmorTail|Psychic,Thunderbolt,HelpingHand,TrickRoom|Relaxed||M|||50|
|inactive|Battle timer is ON: inactive players will automatically lose when time's up. (requested by Scoseb)
|inactive|jonas.weevil has 60 seconds left.
|inactive|jonas.weevil has 30 seconds left.
|
|t:|1784578146
|teamsize|p1|4
|teamsize|p2|4
|start
|switch|p1a: Garchomp|Garchomp, L50, M|100/100
|switch|p1b: Incineroar|Incineroar, L50, M|100/100
|switch|p2a: Napalm|Torkoal, L50, M, shiny|100/100
|switch|p2b: Anil|Pyroar, L50, F, shiny|100/100
|-ability|p2b: Anil|Unnerve
|-ability|p1b: Incineroar|Intimidate|boost
|-unboost|p2a: Napalm|atk|1
|-unboost|p2b: Anil|atk|1
|-weather|SunnyDay|[from] ability: Drought|[of] p2a: Napalm
|turn|1
|
|t:|1784578168
|detailschange|p2b: Anil|Pyroar-Mega, L50, F, shiny
|-mega|p2b: Anil|Pyroar|Pyroarite
|move|p2b: Anil|Protect|p2b: Anil
|-singleturn|p2b: Anil|Protect
|move|p2a: Napalm|Protect|p2a: Napalm
|-singleturn|p2a: Napalm|Protect
|move|p1a: Garchomp|Icy Wind|p2a: Napalm|[spread] 
|-activate|p2a: Napalm|move: Protect
|-activate|p2b: Anil|move: Protect
|move|p1b: Incineroar|Parting Shot|p2b: Anil
|-activate|p2b: Anil|move: Protect
|
|-weather|SunnyDay|[upkeep]
|upkeep
|turn|2
|inactive|jonas.weevil has 30 seconds left.
|
|t:|1784578196
|move|p2b: Anil|Heat Wave|p1b: Incineroar|[spread] p1a,p1b
|-resisted|p1b: Incineroar|1
|-enditem|p1a: Garchomp|Focus Sash
|-damage|p1a: Garchomp|1/100
|-damage|p1b: Incineroar|66/100
|replace|p1a: Zoroark|Zoroark-Hisui, L50, F
|-end|p1a: Zoroark|Illusion
|move|p1a: Zoroark|Bitter Malice|p2a: Napalm
|-damage|p2a: Napalm|46/100
|-unboost|p2a: Napalm|atk|1
|move|p1b: Incineroar|Parting Shot|p2b: Anil
|-unboost|p2b: Anil|atk|1
|-unboost|p2b: Anil|spa|1
|
|t:|1784578209
|switch|p1b: Garchomp|Garchomp, L50, M|100/100|[from] Parting Shot
|move|p2a: Napalm|Eruption|p1b: Garchomp|[spread] p1a,p1b
|-resisted|p1b: Garchomp|1
|-damage|p1a: Zoroark|0 fnt
|-damage|p1b: Garchomp|81/100
|faint|p1a: Zoroark
|
|-weather|SunnyDay|[upkeep]
|upkeep
|
|t:|1784578218
|switch|p1a: Staraptor|Staraptor, L50, F|100/100
|turn|3
|inactive|jonas.weevil has 30 seconds left.
|inactive|jonas.weevil has 20 seconds left.
|inactive|jonas.weevil has 15 seconds left.
|inactive|jonas.weevil has 10 seconds left.
|inactive|jonas.weevil has 5 seconds left.
|
|t:|1784578269
|switch|p2a: Venusaur|Venusaur, L50, M|100/100
|detailschange|p1a: Staraptor|Staraptor-Mega, L50, F
|-mega|p1a: Staraptor|Staraptor|Staraptite
|move|p2b: Anil|Overheat|p1a: Staraptor
|-damage|p1a: Staraptor|0 fnt
|-unboost|p2b: Anil|spa|2
|faint|p1a: Staraptor
|move|p1b: Garchomp|Earthquake|p2b: Anil|[spread] p2a,p2b
|-supereffective|p2b: Anil|1
|-damage|p2a: Venusaur|42/100
|-damage|p2b: Anil|4/100
|
|-weather|SunnyDay|[upkeep]
|upkeep
|
|t:|1784578281
|switch|p1a: Incineroar|Incineroar, L50, M|66/100
|-ability|p1a: Incineroar|Intimidate|boost
|-unboost|p2a: Venusaur|atk|1
|-unboost|p2b: Anil|atk|1
|turn|4
|inactive|Scoseb has 30 seconds left.
|inactive|jonas.weevil has 30 seconds left.
|inactive|Scoseb has 20 seconds left.
|inactive|Scoseb has 15 seconds left.
|
|t:|1784578323
|switch|p2b: Napalm|Torkoal, L50, M, shiny|46/100
|move|p2a: Venusaur|Protect|p2a: Venusaur
|-singleturn|p2a: Venusaur|Protect
|move|p1b: Garchomp|Rock Slide|p2a: Venusaur|[spread] p2b
|-activate|p2a: Venusaur|move: Protect
|-supereffective|p2b: Napalm|1
|-damage|p2b: Napalm|16/100
|move|p1a: Incineroar|Flare Blitz|p2a: Venusaur
|-activate|p2a: Venusaur|move: Protect
|
|-weather|SunnyDay|[upkeep]
|upkeep
|turn|5
|inactive|jonas.weevil has 30 seconds left.
|inactive|jonas.weevil has 20 seconds left.
|inactive|jonas.weevil has 15 seconds left.
|inactive|jonas.weevil has 10 seconds left.
|
|t:|1784578371
|move|p2b: Napalm|Protect|p2b: Napalm
|-singleturn|p2b: Napalm|Protect
|move|p2a: Venusaur|Leaf Storm|p1b: Garchomp
|-damage|p1b: Garchomp|21/100
|-unboost|p2a: Venusaur|spa|2
|move|p1b: Garchomp|Rock Slide|p2b: Napalm|[spread] p2a
|-activate|p2b: Napalm|move: Protect
|-damage|p2a: Venusaur|14/100
|move|p1a: Incineroar|Flare Blitz|p2a: Venusaur
|-supereffective|p2a: Venusaur|1
|-damage|p2a: Venusaur|0 fnt
|faint|p2a: Venusaur
|-damage|p1a: Incineroar|62/100|[from] Recoil
|
|-weather|none
|upkeep
|
|t:|1784578396
|switch|p2a: Björk|Sylveon, L50, M, shiny|100/100
|turn|6
|
|t:|1784578419
|switch|p2b: Anil|Pyroar-Mega, L50, F, shiny|4/100
|move|p2a: Björk|Quick Attack|p1b: Garchomp
|-supereffective|p1b: Garchomp|1
|-damage|p1b: Garchomp|0 fnt
|-damage|p2a: Björk|87/100|[from] ability: Rough Skin|[of] p1b: Garchomp
|faint|p1b: Garchomp
|-damage|p2a: Björk|77/100|[from] item: Life Orb
|move|p1a: Incineroar|Flare Blitz|p2a: Björk
|-damage|p2a: Björk|19/100
|-damage|p1a: Incineroar|42/100|[from] Recoil
|-enditem|p1a: Incineroar|Sitrus Berry|[eat]
|-heal|p1a: Incineroar|67/100|[from] item: Sitrus Berry
|
|upkeep
|turn|7
|inactive|jonas.weevil has 30 seconds left.
|inactive|jonas.weevil has 20 seconds left.
|
|t:|1784578458
|move|p2a: Björk|Detect|p2a: Björk
|-singleturn|p2a: Björk|Protect
|move|p2b: Anil|Heat Wave|p1a: Incineroar
|-resisted|p1a: Incineroar|1
|-damage|p1a: Incineroar|34/100
|move|p1a: Incineroar|Flare Blitz|p2b: Anil
|-resisted|p2b: Anil|1
|-damage|p2b: Anil|0 fnt
|faint|p2b: Anil
|-damage|p1a: Incineroar|33/100|[from] Recoil
|
|upkeep
|
|t:|1784578465
|switch|p2b: Napalm|Torkoal, L50, M, shiny|16/100
|-weather|SunnyDay|[from] ability: Drought|[of] p2b: Napalm
|turn|8
|
|t:|1784578475
|move|p1a: Incineroar|Flare Blitz|p2a: Björk
|-damage|p2a: Björk|0 fnt
|faint|p2a: Björk
|-damage|p1a: Incineroar|27/100|[from] Recoil
|move|p2b: Napalm|Weather Ball|p1a: Incineroar
|-resisted|p1a: Incineroar|1
|-damage|p1a: Incineroar|0 fnt
|faint|p1a: Incineroar
|
|win|jonas.weevil
|inactive|Scoseb has 30 seconds to confirm battle start!
|inactive|jonas.weevil has 30 seconds to confirm battle start!
||jonas.weevil is ready for game 2.
|inactive|Scoseb has 20 seconds to confirm battle start!
||Scoseb is ready for game 2.
|uhtml|next|Next: Game 2 of 3
