|j|☆Gengarlover1234
|j|☆ToastedArt
|html|Gengarlover1234ToastedArt    
|uhtml|bestof|Game 1 of a best-of-3
|t:|1785368950
|gametype|doubles
|player|p1|Gengarlover1234|266|1135
|player|p2|ToastedArt|iris|1101
|gen|9
|tier|[Gen 9 Champions] VGC 2026 Reg M-B (Bo3)
|rated|
|rule|Species Clause: Limit one of each Pokémon
|rule|Item Clause: Limit 1 of each item
|clearpoke
|poke|p1|Gengar, L50, M, shiny|
|poke|p1|Incineroar, L50, M|
|poke|p1|Politoed, L50, F, shiny|
|poke|p1|Archaludon, L50, F, shiny|
|poke|p1|Vivillon-Pokeball, L50, M|
|poke|p1|Basculegion, L50, M|
|poke|p2|Staraptor, L50, M|
|poke|p2|Gholdengo, L50|
|poke|p2|Sinistcha, L50|
|poke|p2|Grimmsnarl, L50, M|
|poke|p2|Raichu, L50, F|
|poke|p2|Incineroar, L50, M|
|teampreview|4
|showteam|p1|Gengar||Gengarite|CursedBody|ShadowBall,PerishSong,Substitute,Protect|Timid||M|||50|]Incineroar||PasshoBerry|Intimidate|ThroatChop,PartingShot,FakeOut,Protect|Sassy||M|||50|]Politoed||SitrusBerry|Drizzle|WeatherBall,PerishSong,Protect,Encore|Bold||F|||50|]Archaludon||Leftovers|Stamina|ElectroShot,FlashCannon,DragonPulse,Protect|Bold||F|||50|]Vivillon-Pokeball||FocusSash|CompoundEyes|Hurricane,RagePowder,SleepPowder,Protect|Timid||M|||50|]Basculegion||LifeOrb|SwiftSwim|LastRespects,WaveCrash,AquaJet,Protect|Adamant||M|||50|
|showteam|p2|Staraptor||Staraptite|Intimidate|CloseCombat,BraveBird,Tailwind,Protect|Jolly||M|||50|]Gholdengo||Leftovers|GoodasGold|MakeItRain,ShadowBall,NastyPlot,Protect|Modest|||||50|]Sinistcha||OccaBerry|Hospitality|MatchaGotcha,RagePowder,TrickRoom,LifeDew|Calm|||||50|]Grimmsnarl||LightClay|Prankster|Reflect,LightScreen,PartingShot,FakeTears|Calm||M|||50|]Raichu||RaichuniteX|LightningRod|VoltTackle,Charm,FakeTears,VoltSwitch|Jolly||F|||50|]Incineroar||SitrusBerry|Intimidate|FlareBlitz,PartingShot,FakeOut,ThroatChop|Impish||M|||50|
|inactive|Battle timer is ON: inactive players will automatically lose when time's up. (requested by ToastedArt)
|inactive|Gengarlover1234 has 60 seconds left.
|inactive|ToastedArt has 60 seconds left.
|inactive|ToastedArt has 30 seconds left.
|
|t:|1785369016
|teamsize|p1|4
|teamsize|p2|4
|start
|switch|p1a: Gengar|Gengar, L50, M, shiny|100/100
|switch|p1b: Incineroar|Incineroar, L50, M|100/100
|switch|p2a: Staraptor|Staraptor, L50, M|100/100
|switch|p2b: Grimmsnarl|Grimmsnarl, L50, M|100/100
|-ability|p2a: Staraptor|Intimidate|boost
|-unboost|p1a: Gengar|atk|1
|-unboost|p1b: Incineroar|atk|1
|-ability|p1b: Incineroar|Intimidate|boost
|-unboost|p2a: Staraptor|atk|1
|-unboost|p2b: Grimmsnarl|atk|1
|turn|1
|
|t:|1785369032
|detailschange|p2a: Staraptor|Staraptor-Mega, L50, M
|-mega|p2a: Staraptor|Staraptor|Staraptite
|detailschange|p1a: Gengar|Gengar-Mega, L50, M, shiny
|-mega|p1a: Gengar|Gengar|Gengarite
|move|p2a: Staraptor|Protect|p2a: Staraptor
|-singleturn|p2a: Staraptor|Protect
|move|p1b: Incineroar|Fake Out|p2b: Grimmsnarl
|-damage|p2b: Grimmsnarl|90/100
|cant|p2b: Grimmsnarl|flinch
|move|p1a: Gengar|Perish Song|p1a: Gengar
|-start|p1a: Gengar|perish3|[silent]
|-start|p1b: Incineroar|perish3|[silent]
|-start|p2a: Staraptor|perish3|[silent]
|-start|p2b: Grimmsnarl|perish3|[silent]
|-fieldactivate|move: Perish Song
|
|-start|p1a: Gengar|perish3
|-start|p2a: Staraptor|perish3
|-start|p2b: Grimmsnarl|perish3
|-start|p1b: Incineroar|perish3
|upkeep
|turn|2
|
|t:|1785369052
|move|p1a: Gengar|Protect|p1a: Gengar
|-singleturn|p1a: Gengar|Protect
|move|p1b: Incineroar|Protect|p1b: Incineroar
|-singleturn|p1b: Incineroar|Protect
|move|p2b: Grimmsnarl|Parting Shot|p2a: Staraptor
|-boost|p2a: Staraptor|atk|1
|-boost|p2a: Staraptor|spa|1
|
|t:|1785369060
|switch|p2b: Sinistcha|Sinistcha, L50|100/100|[from] Parting Shot
|move|p2a: Staraptor|Close Combat|p1b: Incineroar
|-activate|p1b: Incineroar|move: Protect
|
|-start|p1a: Gengar|perish2
|-start|p2a: Staraptor|perish2
|-start|p1b: Incineroar|perish2
|upkeep
|turn|3
|
|t:|1785369077
|switch|p1a: Politoed|Politoed, L50, F, shiny|100/100
|-weather|RainDance|[from] ability: Drizzle|[of] p1a: Politoed
|move|p2b: Sinistcha|Rage Powder|p2b: Sinistcha
|-singleturn|p2b: Sinistcha|move: Rage Powder
|move|p2a: Staraptor|Close Combat|p1b: Incineroar
|-supereffective|p1b: Incineroar|1
|-damage|p1b: Incineroar|0 fnt
|-boost|p2a: Staraptor|def|1
|-boost|p2a: Staraptor|spd|1
|faint|p1b: Incineroar
|
|-weather|RainDance|[upkeep]
|-start|p2a: Staraptor|perish1
|upkeep
|
|t:|1785369086
|switch|p1b: Gengar|Gengar-Mega, L50, M, shiny|100/100
|turn|4
|
|t:|1785369101
|move|p1b: Gengar|Protect|p1b: Gengar
|-singleturn|p1b: Gengar|Protect
|move|p1a: Politoed|Protect|p1a: Politoed
|-singleturn|p1a: Politoed|Protect
|move|p2a: Staraptor|Tailwind|p2a: Staraptor
|-sidestart|p2: ToastedArt|move: Tailwind
|move|p2b: Sinistcha|Matcha Gotcha|p1b: Gengar|[spread] 
|-activate|p1a: Politoed|move: Protect
|-activate|p1b: Gengar|move: Protect
|
|-weather|RainDance|[upkeep]
|-start|p2a: Staraptor|perish0
|faint|p2a: Staraptor
|upkeep
|
|t:|1785369106
|switch|p2a: Raichu|Raichu, L50, F|100/100
|turn|5
|
|t:|1785369122
|move|p2a: Raichu|Volt Tackle|p1a: Politoed
|-supereffective|p1a: Politoed|1
|-damage|p1a: Politoed|34/100
|-enditem|p1a: Politoed|Sitrus Berry|[eat]
|-heal|p1a: Politoed|59/100|[from] item: Sitrus Berry
|-damage|p2a: Raichu|70/100|[from] Recoil
|move|p2b: Sinistcha|Matcha Gotcha|p1b: Gengar|[spread] p1b
|-miss|p2b: Sinistcha|p1a: Politoed
|-resisted|p1b: Gengar|1
|-damage|p1b: Gengar|87/100
|move|p1b: Gengar|Perish Song|p1b: Gengar
|-start|p1a: Politoed|perish3|[silent]
|-start|p1b: Gengar|perish3|[silent]
|-start|p2a: Raichu|perish3|[silent]
|-start|p2b: Sinistcha|perish3|[silent]
|-fieldactivate|move: Perish Song
|move|p1a: Politoed|Perish Song||[still]
|-fail|p1a: Politoed
|
|-weather|RainDance|[upkeep]
|-start|p2a: Raichu|perish3
|-start|p2b: Sinistcha|perish3
|-start|p1b: Gengar|perish3
|-start|p1a: Politoed|perish3
|upkeep
|turn|6
|
|t:|1785369142
|move|p1b: Gengar|Protect|p1b: Gengar
|-singleturn|p1b: Gengar|Protect
|move|p1a: Politoed|Protect|p1a: Politoed
|-singleturn|p1a: Politoed|Protect
|move|p2a: Raichu|Volt Tackle|p1a: Politoed
|-activate|p1a: Politoed|move: Protect
|move|p2b: Sinistcha|Matcha Gotcha|p1b: Gengar|[spread] 
|-activate|p1a: Politoed|move: Protect
|-activate|p1b: Gengar|move: Protect
|
|-weather|RainDance|[upkeep]
|-start|p2a: Raichu|perish2
|-start|p2b: Sinistcha|perish2
|-start|p1b: Gengar|perish2
|-start|p1a: Politoed|perish2
|upkeep
|turn|7
|
|t:|1785369153
|move|p2a: Raichu|Volt Tackle|p1a: Politoed
|-supereffective|p1a: Politoed|1
|-damage|p1a: Politoed|0 fnt
|faint|p1a: Politoed
|-damage|p2a: Raichu|42/100|[from] Recoil
|move|p2b: Sinistcha|Matcha Gotcha|p1b: Gengar
|-resisted|p1b: Gengar|1
|-damage|p1b: Gengar|69/100
|-status|p1b: Gengar|brn
|move|p1b: Gengar|Shadow Ball|p2b: Sinistcha
|-supereffective|p2b: Sinistcha|1
|-damage|p2b: Sinistcha|28/100
|
|-weather|none
|-damage|p1b: Gengar|63/100 brn|[from] brn
|-start|p2a: Raichu|perish1
|-start|p2b: Sinistcha|perish1
|-start|p1b: Gengar|perish1
|-sideend|p2: ToastedArt|move: Tailwind
|upkeep
|
|t:|1785369156
|switch|p1a: Basculegion|Basculegion, L50, M|100/100
|turn|8
|
|t:|1785369167
|switch|p2b: Grimmsnarl|Grimmsnarl, L50, M|90/100
|move|p1a: Basculegion|Protect|p1a: Basculegion
|-singleturn|p1a: Basculegion|Protect
|move|p1b: Gengar|Shadow Ball|p2b: Grimmsnarl
|-resisted|p2b: Grimmsnarl|1
|-damage|p2b: Grimmsnarl|74/100
|move|p2a: Raichu|Volt Switch|p2b: Grimmsnarl
|-crit|p2b: Grimmsnarl
|-damage|p2b: Grimmsnarl|50/100g
|
|t:|1785369177
|switch|p2a: Sinistcha|Sinistcha, L50|28/100|[from] Volt Switch
|-heal|p2b: Grimmsnarl|75/100|[from] ability: Hospitality|[of] p2a: Sinistcha
|
|-damage|p1b: Gengar|56/100 brn|[from] brn
|-start|p1b: Gengar|perish0
|faint|p1b: Gengar
|upkeep
|turn|9
|
|t:|1785369198
|move|p2a: Sinistcha|Rage Powder|p2a: Sinistcha
|-singleturn|p2a: Sinistcha|move: Rage Powder
|move|p2b: Grimmsnarl|Reflect|p2b: Grimmsnarl
|-sidestart|p2: ToastedArt|Reflect
|move|p1a: Basculegion|Last Respects|p2a: Sinistcha
|-supereffective|p2a: Sinistcha|1
|-damage|p2a: Sinistcha|0 fnt
|faint|p2a: Sinistcha
|-damage|p1a: Basculegion|90/100|[from] item: Life Orb
|
|upkeep
|
|t:|1785369203
|switch|p2a: Raichu|Raichu, L50, F|42/100
|turn|10
|
|t:|1785369211
|move|p2b: Grimmsnarl|Parting Shot|p1a: Basculegion
|-unboost|p1a: Basculegion|atk|1
|-unboost|p1a: Basculegion|spa|1
|move|p2a: Raichu|Volt Tackle|p1a: Basculegion
|-supereffective|p1a: Basculegion|1
|-damage|p1a: Basculegion|0 fnt
|faint|p1a: Basculegion
|-damage|p2a: Raichu|1/100|[from] Recoil
|
|win|ToastedArt
