|j|☆idkvgc45
|j|☆pikajw
|html|idkvgc45pikajw    
|uhtml|bestof|Game 2 of a best-of-3
|t:|1756849353
|gametype|doubles
|player|p1|idkvgc45|ethan|1084
|player|p2|pikajw|265|1042
|gen|9
|tier|[Gen 9] VGC 2025 Reg H (Bo3)
|rated|
|rule|Species Clause: Limit one of each Pokémon
|rule|Item Clause: Limit 1 of each item
|clearpoke
|poke|p1|Indeedee, L50, M|
|poke|p1|Sneasler, L50, F|
|poke|p1|Excadrill, L50, F|
|poke|p1|Tyranitar, L50, M|
|poke|p1|Annihilape, L50, M|
|poke|p1|Corviknight, L50, M|
|poke|p2|Lilligant-Hisui, L50, F|
|poke|p2|Torkoal, L50, F|
|poke|p2|Kingambit, L50, F|
|poke|p2|Indeedee-F, L50, F|
|poke|p2|Farigiraf, L50, M|
|poke|p2|Ursaluna, L50, M|
|teampreview|4
|showteam|p1|Indeedee||ChoiceScarf|PsychicSurge|ExpandingForce,Trick,Protect,TeraBlast|||M|||50|,,,,,Psychic]Sneasler||PsychicSeed|Unburden|DireClaw,CloseCombat,ThroatChop,Protect|||F|||50|,,,,,Dark]Excadrill||FocusSash|SandRush|HighHorsepower,Earthquake,IronHead,Protect|||F|||50|,,,,,Stellar]Tyranitar||AssaultVest|SandStream|RockSlide,LowKick,KnockOff,TeraBlast|||M|||50|,,,,,Flying]Annihilape||SafetyGoggles|Defiant|CloseCombat,RageFist,FinalGambit,Taunt|||M|||50|,,,,,Water]Corviknight||SitrusBerry|MirrorArmor|BraveBird,Roost,Tailwind,BulkUp|||M|||50|,,,,,Dragon
|showteam|p2|Lilligant-Hisui||FocusSash|Chlorophyll|SolarBlade,AfterYou,SleepPowder,Coaching|||F|||50|,,,,,Ghost]Torkoal||SitrusBerry|Drought|Overheat,Eruption,BodyPress,Protect|||F|||50|,,,,,Fire]Kingambit||AssaultVest|Defiant|KowtowCleave,IronHead,Snarl,TeraBlast|||F|||50|,,,,,Fire]Indeedee-F||SafetyGoggles|PsychicSurge|DazzlingGleam,FollowMe,TrickRoom,Protect|||F|||50|,,,,,Fairy]Farigiraf||ThroatSpray|ArmorTail|ExpandingForce,HyperVoice,TrickRoom,Protect|||M|||50|,,,,,Psychic]Ursaluna||FlameOrb|Guts|Facade,HeadlongRush,Substitute,Protect|||M|||50|,,,,,Water
|
|t:|1756849378
|teamsize|p1|4
|teamsize|p2|4
|start
|switch|p1a: Excadrill|Excadrill, L50, F|100/100
|switch|p1b: Annihilape|Annihilape, L50, M|100/100
|switch|p2a: Lilligant|Lilligant-Hisui, L50, F|100/100
|switch|p2b: Torkoal|Torkoal, L50, F|100/100
|-weather|SunnyDay|[from] ability: Drought|[of] p2b: Torkoal
|turn|1
|
|t:|1756849430
|-terastallize|p1b: Annihilape|Water
|move|p2b: Torkoal|Protect|p2b: Torkoal
|-singleturn|p2b: Torkoal|Protect
|move|p2a: Lilligant|Sleep Powder|p1b: Annihilape
|-activate|p1b: Annihilape|item: Safety Goggles|Sleep Powder
|move|p1b: Annihilape|Rage Fist|p2a: Lilligant
|-damage|p2a: Lilligant|70/100
|move|p1a: Excadrill|Earthquake|p2a: Lilligant|[spread] p1b,p2a
|-activate|p2b: Torkoal|move: Protect
|-resisted|p2a: Lilligant
|-damage|p1b: Annihilape|60/100
|-damage|p2a: Lilligant|37/100
|
|-weather|SunnyDay|[upkeep]
|upkeep
|turn|2
|
|t:|1756849458
|switch|p1b: Tyranitar|Tyranitar, L50, M|100/100
|-weather|Sandstorm|[from] ability: Sand Stream|[of] p1b: Tyranitar
|switch|p2b: Ursaluna|Ursaluna, L50, M|100/100
|move|p1a: Excadrill|Earthquake|p2b: Ursaluna|[spread] p1b,p2a,p2b
|-supereffective|p1b: Tyranitar
|-resisted|p2a: Lilligant
|-damage|p1b: Tyranitar|27/100
|-damage|p2a: Lilligant|8/100
|-damage|p2b: Ursaluna|70/100
|move|p2a: Lilligant|Solar Blade||[still]
|-prepare|p2a: Lilligant|Solar Blade
|
|-weather|Sandstorm|[upkeep]
|-damage|p2a: Lilligant|2/100|[from] Sandstorm
|-status|p2b: Ursaluna|brn|[from] item: Flame Orb
|upkeep
|turn|3
|
|t:|1756849493
|move|p1a: Excadrill|Iron Head|p2a: Lilligant
|-damage|p2a: Lilligant|0 fnt
|faint|p2a: Lilligant
|move|p1b: Tyranitar|Low Kick|p2b: Ursaluna
|-supereffective|p2b: Ursaluna
|-damage|p2b: Ursaluna|5/100 brn
|move|p2b: Ursaluna|Headlong Rush|p1a: Excadrill
|-supereffective|p1a: Excadrill
|-enditem|p1a: Excadrill|Focus Sash
|-damage|p1a: Excadrill|1/100
|-unboost|p2b: Ursaluna|def|1
|-unboost|p2b: Ursaluna|spd|1
|
|-weather|Sandstorm|[upkeep]
|-damage|p2b: Ursaluna|0 fnt|[from] brn
|faint|p2b: Ursaluna
|upkeep
|
|t:|1756849503
|switch|p2a: Indeedee|Indeedee-F, L50, F|100/100
|switch|p2b: Torkoal|Torkoal, L50, F|100/100
|-fieldstart|move: Psychic Terrain|[from] ability: Psychic Surge|[of] p2a: Indeedee
|-weather|SunnyDay|[from] ability: Drought|[of] p2b: Torkoal
|turn|4
|
|t:|1756849530
|-terastallize|p2a: Indeedee|Fairy
|move|p2b: Torkoal|Protect|p2b: Torkoal
|-singleturn|p2b: Torkoal|Protect
|move|p1a: Excadrill|High Horsepower|p2a: Indeedee
|-damage|p2a: Indeedee|36/100
|move|p1b: Tyranitar|Knock Off|p2a: Indeedee
|-resisted|p2a: Indeedee
|-damage|p2a: Indeedee|4/100
|-enditem|p2a: Indeedee|Safety Goggles|[from] move: Knock Off|[of] p1b: Tyranitar
|move|p2a: Indeedee|Trick Room|p2a: Indeedee
|-fieldstart|move: Trick Room|[of] p2a: Indeedee
|
|-weather|SunnyDay|[upkeep]
|upkeep
|turn|5
|
|t:|1756849552
|switch|p1b: Annihilape|Annihilape, L50, M, tera:Water|60/100
|move|p1a: Excadrill|Protect|p1a: Excadrill
|-singleturn|p1a: Excadrill|Protect
|move|p2b: Torkoal|Eruption|p1b: Annihilape|[spread] p1b
|-activate|p1a: Excadrill|move: Protect
|-resisted|p1b: Annihilape
|-damage|p1b: Annihilape|31/100
|move|p2a: Indeedee|Dazzling Gleam|p1a: Excadrill|[spread] p1b
|-activate|p1a: Excadrill|move: Protect
|-damage|p1b: Annihilape|13/100
|
|-weather|SunnyDay|[upkeep]
|upkeep
|turn|6
|
|t:|1756849589
|move|p2b: Torkoal|Eruption|p1a: Excadrill|[spread] p1a,p1b
|-supereffective|p1a: Excadrill
|-resisted|p1b: Annihilape
|-damage|p1a: Excadrill|0 fnt
|-damage|p1b: Annihilape|0 fnt
|faint|p1a: Excadrill
|faint|p1b: Annihilape
|move|p2a: Indeedee|Dazzling Gleam|p1: Excadrill|[notarget]
|-fail|p2a: Indeedee
|
|-weather|SunnyDay|[upkeep]
|upkeep
|
|t:|1756849593
|switch|p1a: Indeedee|Indeedee, L50, M|100/100
|switch|p1b: Tyranitar|Tyranitar, L50, M|27/100
|-weather|Sandstorm|[from] ability: Sand Stream|[of] p1b: Tyranitar
|turn|7
|
|t:|1756849627
|move|p2b: Torkoal|Eruption|p1a: Indeedee|[spread] p1a,p1b
|-resisted|p1b: Tyranitar
|-damage|p1a: Indeedee|43/100
|-damage|p1b: Tyranitar|19/100
|move|p2a: Indeedee|Dazzling Gleam|p1b: Tyranitar|[spread] p1a,p1b
|-supereffective|p1b: Tyranitar
|-damage|p1a: Indeedee|18/100
|-damage|p1b: Tyranitar|0 fnt
|faint|p1b: Tyranitar
|move|p1a: Indeedee|Expanding Force|p2a: Indeedee|[spread] p2a,p2b
|-damage|p2a: Indeedee|0 fnt
|-damage|p2b: Torkoal|39/100
|-enditem|p2b: Torkoal|Sitrus Berry|[eat]
|-heal|p2b: Torkoal|64/100|[from] item: Sitrus Berry
|faint|p2a: Indeedee
|
|-weather|Sandstorm|[upkeep]
|-damage|p2b: Torkoal|58/100|[from] Sandstorm
|-damage|p1a: Indeedee|12/100|[from] Sandstorm
|upkeep
|turn|8
|
|t:|1756849648
|move|p2b: Torkoal|Body Press|p1a: Indeedee
|-damage|p1a: Indeedee|0 fnt
|faint|p1a: Indeedee
|
|win|pikajw
|raw|idkvgc45's rating: 1084 → 1059(-25 for losing)
|raw|pikajw's rating: 1042 → 1080(+38 for winning)
|c|☆pikajw|gg
