|j|☆XXX_AMONGUS_XXX69
|j|☆Rugss
|html|XXX_AMONGUS_XXX69Rugss    
|uhtml|bestof|Game 1 of a best-of-3
|t:|1784160356
|gametype|doubles
|player|p1|XXX_AMONGUS_XXX69|roxie|1101
|player|p2|Rugss|lucas|1053
|gen|9
|tier|[Gen 9 Champions] VGC 2026 Reg M-B (Bo3)
|rated|
|rule|Species Clause: Limit one of each Pokémon
|rule|Item Clause: Limit 1 of each item
|clearpoke
|poke|p1|Froslass, L50, F|
|poke|p1|Dragonite, L50, F|
|poke|p1|Toxapex, L50, M|
|poke|p1|Sneasler, L50, M|
|poke|p1|Kingambit, L50, M|
|poke|p1|Blaziken, L50, F|
|poke|p2|Toxapex, L50, F|
|poke|p2|Charizard, L50, M, shiny|
|poke|p2|Gliscor, L50, F|
|poke|p2|Incineroar, L50, M|
|poke|p2|Mamoswine, L50, M|
|poke|p2|Raichu, L50, F|
|teampreview|4
|showteam|p1|Froslass||Froslassite|CursedBody|Blizzard,ShadowBall,AuroraVeil,Protect|Timid||F|||50|]Dragonite||LifeOrb|InnerFocus|DragonClaw,ExtremeSpeed,LowKick,Protect|Adamant||F|||50|]Toxapex||Leftovers|Regenerator|Infestation,Toxic,WideGuard,BanefulBunker|Bold||M|||50|]Sneasler||FocusSash|PoisonTouch|CloseCombat,PoisonJab,FakeOut,Protect|Jolly||M|||50|]Kingambit||BlackGlasses|Defiant|KowtowCleave,IronHead,SuckerPunch,Protect|Adamant||M|||50|]Blaziken||Blazikenite|SpeedBoost|CloseCombat,FlareBlitz,RockSlide,Protect|Adamant||F|||50|
|showteam|p2|Toxapex||Leftovers|Regenerator|Infestation,Toxic,WideGuard,BanefulBunker|Bold||F|||50|]Charizard||CharizarditeY|Blaze|HeatWave,Protect,SolarBeam,WeatherBall|Timid||M|||50|]Gliscor||YacheBerry|HyperCutter|StealthRock,RockSlide,Protect,DualWingbeat|Jolly||F|||50|]Incineroar||SitrusBerry|Intimidate|FakeOut,PartingShot,FlareBlitz,ThroatChop|Impish||M|||50|]Mamoswine||FocusSash|Oblivious|Earthquake,IceShard,IcicleCrash,Protect|Adamant||M|||50|]Raichu||RaichuniteY|Static|FakeOut,Protect,ZapCannon,FocusBlast|Timid||F|||50|
|
|t:|1784160429
|teamsize|p1|4
|teamsize|p2|4
|start
|switch|p1a: Kingambit|Kingambit, L50, M|100/100
|switch|p1b: Blaziken|Blaziken, L50, F|100/100
|switch|p2a: Toxapex|Toxapex, L50, F|100/100
|switch|p2b: Charizard|Charizard, L50, M, shiny|100/100
|turn|1
|
|t:|1784160471
|detailschange|p2b: Charizard|Charizard-Mega-Y, L50, M, shiny
|-mega|p2b: Charizard|Charizard|Charizardite Y
|-weather|SunnyDay|[from] ability: Drought|[of] p2b: Charizard
|detailschange|p1b: Blaziken|Blaziken-Mega, L50, F
|-mega|p1b: Blaziken|Blaziken|Blazikenite
|move|p2a: Toxapex|Wide Guard|p2a: Toxapex
|-singleturn|p2a: Toxapex|Wide Guard
|move|p2b: Charizard|Weather Ball|p1a: Kingambit
|-supereffective|p1a: Kingambit|1
|-damage|p1a: Kingambit|0 fnt
|faint|p1a: Kingambit
|move|p1b: Blaziken|Rock Slide|p2b: Charizard|[spread] 
|-activate|p2a: Toxapex|move: Wide Guard
|-activate|p2b: Charizard|move: Wide Guard
|
|-weather|SunnyDay|[upkeep]
|-ability|p1b: Blaziken|Speed Boost|boost
|-boost|p1b: Blaziken|spe|1
|upkeep
|
|t:|1784160493
|switch|p1a: Sneasler|Sneasler, L50, M|100/100
|turn|2
|
|t:|1784160515
|move|p2b: Charizard|Protect|p2b: Charizard
|-singleturn|p2b: Charizard|Protect
|move|p1a: Sneasler|Fake Out|p2b: Charizard
|-activate|p2b: Charizard|move: Protect
|move|p1b: Blaziken|Rock Slide|p2b: Charizard|[spread] p2a
|-activate|p2b: Charizard|move: Protect
|-damage|p2a: Toxapex|84/100
|move|p2a: Toxapex|Infestation|p1a: Sneasler
|-resisted|p1a: Sneasler|2
|-damage|p1a: Sneasler|99/100
|-activate|p1a: Sneasler|move: Infestation|[of] p2a: Toxapex
|
|-weather|SunnyDay|[upkeep]
|-heal|p2a: Toxapex|89/100|[from] item: Leftovers
|-damage|p1a: Sneasler|87/100|[from] move: Infestation|[partiallytrapped]
|-ability|p1b: Blaziken|Speed Boost|boost
|-boost|p1b: Blaziken|spe|1
|upkeep
|turn|3
|
|t:|1784160541
|move|p2a: Toxapex|Wide Guard|p2a: Toxapex
|-singleturn|p2a: Toxapex|Wide Guard
|move|p1b: Blaziken|Flare Blitz|p2b: Charizard
|-resisted|p2b: Charizard|1
|-damage|p2b: Charizard|36/100
|-damage|p1b: Blaziken|78/100|[from] Recoil
|move|p1a: Sneasler|Poison Jab|p2b: Charizard
|-crit|p2b: Charizard
|-damage|p2b: Charizard|0 fnt
|faint|p2b: Charizard
|
|-weather|SunnyDay|[upkeep]
|-heal|p2a: Toxapex|95/100|[from] item: Leftovers
|-damage|p1a: Sneasler|74/100|[from] move: Infestation|[partiallytrapped]
|-ability|p1b: Blaziken|Speed Boost|boost
|-boost|p1b: Blaziken|spe|1
|upkeep
|
|t:|1784160556
|switch|p2b: Incineroar|Incineroar, L50, M|100/100
|-ability|p2b: Incineroar|Intimidate|boost
|-unboost|p1a: Sneasler|atk|1
|-unboost|p1b: Blaziken|atk|1
|turn|4
|
|t:|1784160583
|move|p1b: Blaziken|Protect|p1b: Blaziken
|-singleturn|p1b: Blaziken|Protect
|move|p1a: Sneasler|Protect|p1a: Sneasler
|-singleturn|p1a: Sneasler|Protect
|move|p2b: Incineroar|Fake Out|p1b: Blaziken
|-activate|p1b: Blaziken|move: Protect
|move|p2a: Toxapex|Toxic|p1b: Blaziken
|-activate|p1b: Blaziken|move: Protect
|
|-weather|SunnyDay|[upkeep]
|-heal|p2a: Toxapex|100/100|[from] item: Leftovers
|-damage|p1a: Sneasler|62/100|[from] move: Infestation|[partiallytrapped]
|-ability|p1b: Blaziken|Speed Boost|boost
|-boost|p1b: Blaziken|spe|1
|upkeep
|turn|5
|
|t:|1784160607
|move|p1b: Blaziken|Close Combat|p2b: Incineroar
|-supereffective|p2b: Incineroar|1
|-damage|p2b: Incineroar|10/100
|-unboost|p1b: Blaziken|def|1
|-unboost|p1b: Blaziken|spd|1
|-enditem|p2b: Incineroar|Sitrus Berry|[eat]
|-heal|p2b: Incineroar|35/100|[from] item: Sitrus Berry
|move|p1a: Sneasler|Poison Jab|p2b: Incineroar
|-damage|p2b: Incineroar|12/100
|move|p2b: Incineroar|Parting Shot|p1b: Blaziken
|-unboost|p1b: Blaziken|atk|1
|-unboost|p1b: Blaziken|spa|1
|
|t:|1784160618
|switch|p2b: Mamoswine|Mamoswine, L50, M|100/100|[from] Parting Shot
|move|p2a: Toxapex|Toxic|p1b: Blaziken
|-status|p1b: Blaziken|tox
|
|-weather|none
|-damage|p1b: Blaziken|72/100 tox|[from] psn
|-damage|p1a: Sneasler|50/100g|[from] move: Infestation|[partiallytrapped]
|-ability|p1b: Blaziken|Speed Boost|boost
|-boost|p1b: Blaziken|spe|1
|upkeep
|turn|6
|
|t:|1784160642
|switch|p1b: Toxapex|Toxapex, L50, M|100/100
|move|p2b: Mamoswine|Protect|p2b: Mamoswine
|-singleturn|p2b: Mamoswine|Protect
|move|p2a: Toxapex|Baneful Bunker|p2a: Toxapex
|-singleturn|p2a: Toxapex|move: Protect
|move|p1a: Sneasler|Poison Jab|p2b: Mamoswine
|-activate|p2b: Mamoswine|move: Protect
|
|-damage|p1a: Sneasler|38/100|[from] move: Infestation|[partiallytrapped]
|upkeep
|turn|7
|
|t:|1784160697
|switch|p2b: Incineroar|Incineroar, L50, M|12/100
|-ability|p2b: Incineroar|Intimidate|boost
|-unboost|p1a: Sneasler|atk|1
|-unboost|p1b: Toxapex|atk|1
|move|p1a: Sneasler|Poison Jab|p2b: Incineroar
|-damage|p2b: Incineroar|0 fnt
|faint|p2b: Incineroar
|move|p2a: Toxapex|Infestation|p1b: Toxapex
|-resisted|p1b: Toxapex|1
|-damage|p1b: Toxapex|98/100
|-activate|p1b: Toxapex|move: Infestation|[of] p2a: Toxapex
|move|p1b: Toxapex|Infestation|p2a: Toxapex
|-resisted|p2a: Toxapex|1
|-damage|p2a: Toxapex|98/100
|-activate|p2a: Toxapex|move: Infestation|[of] p1b: Toxapex
|
|-heal|p2a: Toxapex|100/100|[from] item: Leftovers
|-heal|p1b: Toxapex|100/100|[from] item: Leftovers
|-end|p1a: Sneasler|Infestation|[partiallytrapped]
|-damage|p1b: Toxapex|87/100|[from] move: Infestation|[partiallytrapped]
|-damage|p2a: Toxapex|87/100|[from] move: Infestation|[partiallytrapped]
|upkeep
|
|t:|1784160713
|switch|p2b: Mamoswine|Mamoswine, L50, M|100/100
|turn|8
|
|t:|1784160744
|move|p1b: Toxapex|Wide Guard|p1b: Toxapex
|-singleturn|p1b: Toxapex|Wide Guard
|move|p2b: Mamoswine|Ice Shard|p1a: Sneasler
|-damage|p1a: Sneasler|0 fnt
|faint|p1a: Sneasler
|move|p2a: Toxapex|Infestation|p1b: Toxapex
|-resisted|p1b: Toxapex|1
|-crit|p1b: Toxapex
|-damage|p1b: Toxapex|85/100
|
|-heal|p1b: Toxapex|91/100|[from] item: Leftovers
|-heal|p2a: Toxapex|93/100|[from] item: Leftovers
|-damage|p1b: Toxapex|79/100|[from] move: Infestation|[partiallytrapped]
|-damage|p2a: Toxapex|81/100|[from] move: Infestation|[partiallytrapped]
|upkeep
|
|t:|1784160749
|switch|p1a: Blaziken|Blaziken-Mega, L50, F|72/100 tox
|turn|9
|
|t:|1784160769
|move|p1a: Blaziken|Protect|p1a: Blaziken
|-singleturn|p1a: Blaziken|Protect
|move|p2b: Mamoswine|Protect|p2b: Mamoswine
|-singleturn|p2b: Mamoswine|Protect
|move|p1b: Toxapex|Infestation|p2b: Mamoswine
|-activate|p2b: Mamoswine|move: Protect
|move|p2a: Toxapex|Infestation|p1a: Blaziken
|-activate|p1a: Blaziken|move: Protect
|
|-heal|p2a: Toxapex|87/100|[from] item: Leftovers
|-heal|p1b: Toxapex|85/100|[from] item: Leftovers
|-damage|p1a: Blaziken|66/100 tox|[from] psn
|-damage|p2a: Toxapex|75/100|[from] move: Infestation|[partiallytrapped]
|-damage|p1b: Toxapex|73/100|[from] move: Infestation|[partiallytrapped]
|-ability|p1a: Blaziken|Speed Boost|boost
|-boost|p1a: Blaziken|spe|1
|upkeep
|turn|10
|
|t:|1784160795
|move|p2a: Toxapex|Wide Guard|p2a: Toxapex
|-singleturn|p2a: Toxapex|Wide Guard
|move|p1a: Blaziken|Close Combat|p2b: Mamoswine
|-supereffective|p2b: Mamoswine|1
|-enditem|p2b: Mamoswine|Focus Sash
|-damage|p2b: Mamoswine|1/100
|-unboost|p1a: Blaziken|def|1
|-unboost|p1a: Blaziken|spd|1
|move|p2b: Mamoswine|Earthquake|p1b: Toxapex|[spread] p1a,p1b
|-activate|p2a: Toxapex|move: Wide Guard
|-supereffective|p1a: Blaziken|1
|-supereffective|p1b: Toxapex|1
|-damage|p1a: Blaziken|0 fnt
|-damage|p1b: Toxapex|15/100
|faint|p1a: Blaziken
|move|p1b: Toxapex|Infestation|p2b: Mamoswine
|-damage|p2b: Mamoswine|0 fnt
|faint|p2b: Mamoswine
|
|-heal|p2a: Toxapex|80/100|[from] item: Leftovers
|-heal|p1b: Toxapex|21/100|[from] item: Leftovers
|-damage|p1b: Toxapex|9/100|[from] move: Infestation|[partiallytrapped]
|-damage|p2a: Toxapex|68/100|[from] move: Infestation|[partiallytrapped]
|upkeep
|turn|11
|
|t:|1784160815
|move|p1b: Toxapex|Infestation|p2a: Toxapex
|-resisted|p2a: Toxapex|1
|-damage|p2a: Toxapex|67/100
|move|p2a: Toxapex|Infestation|p1b: Toxapex
|-resisted|p1b: Toxapex|1
|-damage|p1b: Toxapex|8/100
|
|-heal|p2a: Toxapex|73/100|[from] item: Leftovers
|-heal|p1b: Toxapex|14/100|[from] item: Leftovers
|-end|p2a: Toxapex|Infestation|[partiallytrapped]
|-damage|p1b: Toxapex|1/100|[from] move: Infestation|[partiallytrapped]
|upkeep
|turn|12
|-message|XXX_AMONGUS_XXX69 forfeited.
|
|win|Rugss
|l|☆XXX_AMONGUS_XXX69
|player|p1|
||XXX_AMONGUS_XXX69 is ready for game 2.
