|j|☆moicito
|j|☆megacsc
|html|moicitomegacsc    
|uhtml|bestof|Game 2 of a best-of-3
|t:|1756255752
|gametype|doubles
|player|p1|moicito|266|1181
|player|p2|megacsc|n|1093
|gen|9
|tier|[Gen 9] VGC 2025 Reg H (Bo3)
|rated|
|rule|Species Clause: Limit one of each Pokémon
|rule|Item Clause: Limit 1 of each item
|clearpoke
|poke|p1|Kingambit, L50, F|
|poke|p1|Rillaboom, L50, F|
|poke|p1|Electabuzz, L50, M|
|poke|p1|Volcarona, L50, M|
|poke|p1|Sneasler, L50, F|
|poke|p1|Dragonite, L50, F|
|poke|p2|Pelipper, L50, F|
|poke|p2|Amoonguss, L50, F|
|poke|p2|Incineroar, L50, M|
|poke|p2|Archaludon, L50, F|
|poke|p2|Basculegion, L50, M|
|poke|p2|Gholdengo, L50|
|teampreview|4
|showteam|p1|Kingambit||BlackGlasses|Defiant|Protect,KowtowCleave,SuckerPunch,SwordsDance|||F|||50|,,,,,Dark]Rillaboom||AssaultVest|GrassySurge|WoodHammer,GrassyGlide,HighHorsepower,FakeOut|||F|||50|,,,,,Fire]Electabuzz||Eviolite|VitalSpirit|Protect,Thunderbolt,HelpingHand,FollowMe|||M|||50|,,,,,Ghost]Volcarona||CovertCloak|FlameBody|Protect,HeatWave,TeraBlast,QuiverDance|||M|||50|,,,,,Fairy]Sneasler||FocusSash|Unburden|CloseCombat,DireClaw,Coaching,FakeOut|||F|||50|,,,,,Stellar]Dragonite||LoadedDice|Multiscale|ScaleShot,Haze,ExtremeSpeed,Protect|||F|||50|,,,,,Fairy
|showteam|p2|Pelipper||FocusSash|Drizzle|WeatherBall,Hurricane,Tailwind,Protect|||F|||50|,,,,,Ground]Amoonguss||SitrusBerry|Regenerator|PollenPuff,Spore,RagePowder,Protect|||F|||50|,,,,,Psychic]Incineroar||SafetyGoggles|Intimidate|KnockOff,FlareBlitz,PartingShot,FakeOut|||M|||50|,,,,,Ghost]Archaludon||AssaultVest|Stamina|DracoMeteor,ElectroShot,FlashCannon,BodyPress|||F|||50|,,,,,Bug]Basculegion||ChoiceBand|SwiftSwim|WaveCrash,LastRespects,FlipTurn,AquaJet|||M|||50|,,,,,Water]Gholdengo||ChoiceSpecs|GoodasGold|MakeItRain,ShadowBall,Thunderbolt,PowerGem||||||50|,,,,,Water
|
|t:|1756255796
|teamsize|p1|4
|teamsize|p2|4
|start
|switch|p1a: Dragii|Dragonite, L50, F|100/100
|switch|p1b: Kingii|Kingambit, L50, F, shiny|100/100
|switch|p2a: Pelipper|Pelipper, L50, F|100/100
|switch|p2b: Basculegion|Basculegion, L50, M|100/100
|-weather|RainDance|[from] ability: Drizzle|[of] p2a: Pelipper
|turn|1
|
|t:|1756255816
|-terastallize|p2b: Basculegion|Water
|-terastallize|p1b: Kingii|Dark
|move|p1b: Kingii|Sucker Punch|p2b: Basculegion
|-damage|p2b: Basculegion|19/100
|move|p2b: Basculegion|Wave Crash|p1b: Kingii
|-damage|p1b: Kingii|0 fnt
|faint|p1b: Kingii
|-damage|p2b: Basculegion|0 fnt|[from] Recoil
|faint|p2b: Basculegion
|move|p1a: Dragii|Scale Shot|p2a: Pelipper
|-damage|p2a: Pelipper|82/100
|-damage|p2a: Pelipper|62/100
|-damage|p2a: Pelipper|42/100
|-damage|p2a: Pelipper|23/100
|-hitcount|p2a: Pelipper|4
|-unboost|p1a: Dragii|def|1
|-boost|p1a: Dragii|spe|1
|move|p2a: Pelipper|Tailwind|p2a: Pelipper
|-sidestart|p2: megacsc|move: Tailwind
|
|-weather|RainDance|[upkeep]
|upkeep
|
|t:|1756255838
|switch|p2b: Gholdengo|Gholdengo, L50|100/100
|switch|p1b: Elii|Electabuzz, L50, M, shiny|100/100
|turn|2
|
|t:|1756255858
|move|p1a: Dragii|Extreme Speed|p2a: Pelipper
|-damage|p2a: Pelipper|0 fnt
|faint|p2a: Pelipper
|move|p1b: Elii|Follow Me|p1b: Elii
|-singleturn|p1b: Elii|move: Follow Me
|move|p2b: Gholdengo|Make It Rain|p1b: Elii|[spread] p1a,p1b
|-resisted|p1b: Elii
|-damage|p1a: Dragii|61/100
|-damage|p1b: Elii|71/100
|-unboost|p2b: Gholdengo|spa|1
|
|-weather|RainDance|[upkeep]
|upkeep
|
|t:|1756255867
|switch|p2a: Archaludon|Archaludon, L50, F|100/100
|turn|3
|
|t:|1756255891
|move|p1b: Elii|Follow Me|p1b: Elii
|-singleturn|p1b: Elii|move: Follow Me
|move|p2b: Gholdengo|Make It Rain|p1a: Dragii|[spread] p1a,p1b
|-resisted|p1b: Elii
|-damage|p1a: Dragii|9/100
|-damage|p1b: Elii|51/100
|-unboost|p2b: Gholdengo|spa|1
|move|p2a: Archaludon|Electro Shot||[still]
|-prepare|p2a: Archaludon|Electro Shot
|-boost|p2a: Archaludon|spa|1
|-anim|p2a: Archaludon|Electro Shot|p1b: Elii
|-resisted|p1b: Elii
|-damage|p1b: Elii|25/100
|move|p1a: Dragii|Scale Shot|p2b: Gholdengo
|-resisted|p2b: Gholdengo
|-damage|p2b: Gholdengo|92/100
|-resisted|p2b: Gholdengo
|-damage|p2b: Gholdengo|84/100
|-resisted|p2b: Gholdengo
|-damage|p2b: Gholdengo|75/100
|-resisted|p2b: Gholdengo
|-damage|p2b: Gholdengo|67/100
|-resisted|p2b: Gholdengo
|-damage|p2b: Gholdengo|58/100
|-hitcount|p2b: Gholdengo|5
|-unboost|p1a: Dragii|def|1
|-boost|p1a: Dragii|spe|1
|
|-weather|RainDance|[upkeep]
|upkeep
|turn|4
|
|t:|1756255921
|move|p1a: Dragii|Protect|p1a: Dragii
|-singleturn|p1a: Dragii|Protect
|move|p1b: Elii|Protect|p1b: Elii
|-singleturn|p1b: Elii|Protect
|move|p2b: Gholdengo|Make It Rain|p1a: Dragii|[spread] 
|-activate|p1a: Dragii|move: Protect
|-activate|p1b: Elii|move: Protect
|move|p2a: Archaludon|Electro Shot||[still]
|-prepare|p2a: Archaludon|Electro Shot
|-boost|p2a: Archaludon|spa|1
|-anim|p2a: Archaludon|Electro Shot|p1b: Elii
|-activate|p1b: Elii|move: Protect
|
|-weather|RainDance|[upkeep]
|-sideend|p2: megacsc|move: Tailwind
|upkeep
|turn|5
|
|t:|1756255965
|move|p1b: Elii|Helping Hand|p1a: Dragii
|-singleturn|p1a: Dragii|Helping Hand|[of] p1b: Elii
|move|p1a: Dragii|Scale Shot|p2b: Gholdengo
|-resisted|p2b: Gholdengo
|-damage|p2b: Gholdengo|45/100
|-resisted|p2b: Gholdengo
|-damage|p2b: Gholdengo|33/100
|-resisted|p2b: Gholdengo
|-damage|p2b: Gholdengo|21/100
|-resisted|p2b: Gholdengo
|-damage|p2b: Gholdengo|8/100
|-resisted|p2b: Gholdengo
|-damage|p2b: Gholdengo|0 fnt
|faint|p2b: Gholdengo
|-hitcount|p2: Gholdengo|5
|-unboost|p1a: Dragii|def|1
|-boost|p1a: Dragii|spe|1
|move|p2a: Archaludon|Electro Shot||[still]
|-prepare|p2a: Archaludon|Electro Shot
|-boost|p2a: Archaludon|spa|1
|-anim|p2a: Archaludon|Electro Shot|p1b: Elii
|-resisted|p1b: Elii
|-damage|p1b: Elii|0 fnt
|faint|p1b: Elii
|
|-weather|none
|upkeep
|
|t:|1756255986
|switch|p1b: Volkii|Volcarona, L50, M, shiny|100/100
|turn|6
|
|t:|1756256003
|move|p1a: Dragii|Haze|p1a: Dragii
|-clearallboost
|move|p1b: Volkii|Quiver Dance|p1b: Volkii
|-boost|p1b: Volkii|spa|1
|-boost|p1b: Volkii|spd|1
|-boost|p1b: Volkii|spe|1
|move|p2a: Archaludon|Flash Cannon|p1a: Dragii
|-damage|p1a: Dragii|0 fnt
|faint|p1a: Dragii
|
|upkeep
|turn|7
|
|t:|1756256016
|move|p1b: Volkii|Quiver Dance|p1b: Volkii
|-boost|p1b: Volkii|spa|1
|-boost|p1b: Volkii|spd|1
|-boost|p1b: Volkii|spe|1
|move|p2a: Archaludon|Draco Meteor|p1b: Volkii
|-damage|p1b: Volkii|72/100
|-unboost|p2a: Archaludon|spa|2
|
|upkeep
|turn|8
|
|t:|1756256024
|move|p1b: Volkii|Quiver Dance|p1b: Volkii
|-boost|p1b: Volkii|spa|1
|-boost|p1b: Volkii|spd|1
|-boost|p1b: Volkii|spe|1
|move|p2a: Archaludon|Electro Shot||[still]
|-prepare|p2a: Archaludon|Electro Shot
|-boost|p2a: Archaludon|spa|1
|
|upkeep
|turn|9
|
|t:|1756256032
|move|p1b: Volkii|Heat Wave|p2a: Archaludon
|-damage|p2a: Archaludon|24/100
|-status|p2a: Archaludon|brn
|-ability|p2a: Archaludon|Stamina|boost
|-boost|p2a: Archaludon|def|1
|move|p2a: Archaludon|Electro Shot|p1b: Volkii|[from] lockedmove
|-damage|p1b: Volkii|62/100
|
|-damage|p2a: Archaludon|18/100 brn|[from] brn
|upkeep
|turn|10
|
|t:|1756256044
|move|p1b: Volkii|Heat Wave|p2a: Archaludon
|-damage|p2a: Archaludon|0 fnt
|faint|p2a: Archaludon
|
|win|moicito
||megacsc is ready for game 3.
||moicito is ready for game 3.
|uhtml|next|Next: Game 3 of 3
|l|☆megacsc
|player|p2|
