|j|☆impno
|j|☆abadanriyi92
|html|impnoabadanriyi92    
|uhtml|bestof|Game 1 of a best-of-3
|t:|1785782723
|gametype|doubles
|player|p1|impno|ethan|1124
|player|p2|abadanriyi92|colress|1247
|gen|9
|tier|[Gen 9 Champions] VGC 2026 Reg M-B (Bo3)
|rated|
|rule|Species Clause: Limit one of each Pokémon
|rule|Item Clause: Limit 1 of each item
|clearpoke
|poke|p1|Blaziken, L50, M, shiny|
|poke|p1|Whimsicott, L50, M, shiny|
|poke|p1|Ninetales-Alola, L50, M, shiny|
|poke|p1|Kingambit, L50, M, shiny|
|poke|p1|Basculegion, L50, M, shiny|
|poke|p1|Raichu, L50, F, shiny|
|poke|p2|Tyranitar, L50, F|
|poke|p2|Excadrill, L50, M|
|poke|p2|Milotic, L50, F|
|poke|p2|Sinistcha, L50|
|poke|p2|Staraptor, L50, M|
|poke|p2|Gholdengo, L50|
|teampreview|4
|showteam|p1|Blaziken||Blazikenite|SpeedBoost|FlareBlitz,CloseCombat,RockSlide,Detect|Adamant||M|||50|]Whimsicott||FocusSash|Prankster|Tailwind,Encore,Moonblast,Protect|Bold||M|||50|]Ninetales-Alola||MentalHerb|SnowWarning|Blizzard,AuroraVeil,Encore,DazzlingGleam|Timid||M|||50|]Kingambit||ChopleBerry|Defiant|KowtowCleave,IronHead,SuckerPunch,Protect|Brave||M|||50|]Basculegion||ChoiceScarf|Adaptability|WaveCrash,LastRespects,FlipTurn,AquaJet|Jolly||M|||50|]Raichu||RaichuniteY|Static|ZapCannon,Discharge,FocusBlast,Protect|Timid||F|||50|
|showteam|p2|Tyranitar||Tyranitarite|SandStream|KnockOff,RockSlide,HighHorsepower,Protect|Jolly||F|||50|]Excadrill||FocusSash|SandRush|Earthquake,IronHead,RockSlide,Protect|Adamant||M|||50|]Milotic||SitrusBerry|Competitive|Scald,IcyWind,Haze,Protect|Calm||F|||50|]Sinistcha||ColburBerry|Hospitality|MatchaGotcha,ShadowBall,Protect,RagePowder|Bold|||||50|]Staraptor||Staraptite|Intimidate|CloseCombat,BraveBird,Tailwind,Protect|Jolly||M|||50|]Gholdengo||LifeOrb|GoodasGold|MakeItRain,ShadowBall,NastyPlot,Protect|Modest|||||50|
|inactive|Battle timer is ON: inactive players will automatically lose when time's up. (requested by abadanriyi92)
|inactive|abadanriyi92 has 60 seconds left.
|
|t:|1785782769
|teamsize|p1|4
|teamsize|p2|4
|start
|switch|p1a: Whimsicott|Whimsicott, L50, M, shiny|100/100
|switch|p1b: Blaziken|Blaziken, L50, M, shiny|100/100
|switch|p2a: Staraptor|Staraptor, L50, M|100/100
|switch|p2b: Excadrill|Excadrill, L50, M|100/100
|-ability|p2a: Staraptor|Intimidate|boost
|-unboost|p1a: Whimsicott|atk|1
|-unboost|p1b: Blaziken|atk|1
|turn|1
|inactive|impno has 30 seconds left.
|
|t:|1785782800
|detailschange|p1b: Blaziken|Blaziken-Mega, L50, M, shiny
|-mega|p1b: Blaziken|Blaziken|Blazikenite
|move|p2b: Excadrill|Protect|p2b: Excadrill
|-singleturn|p2b: Excadrill|Protect
|move|p1b: Blaziken|Detect|p1b: Blaziken
|-singleturn|p1b: Blaziken|Protect
|move|p1a: Whimsicott|Tailwind|p1a: Whimsicott
|-sidestart|p1: impno|move: Tailwind
|move|p2a: Staraptor|Tailwind|p2a: Staraptor
|-sidestart|p2: abadanriyi92|move: Tailwind
|
|-ability|p1b: Blaziken|Speed Boost|boost
|-boost|p1b: Blaziken|spe|1
|upkeep
|turn|2
|inactive|impno has 30 seconds left.
|inactive|abadanriyi92 has 30 seconds left.
|
|t:|1785782839
|switch|p1b: Basculegion|Basculegion, L50, M, shiny|100/100
|switch|p2b: Sinistcha|Sinistcha, L50|100/100
|detailschange|p2a: Staraptor|Staraptor-Mega, L50, M
|-mega|p2a: Staraptor|Staraptor|Staraptite
|move|p1a: Whimsicott|Encore|p2a: Staraptor
|-start|p2a: Staraptor|Encore
|move|p2a: Staraptor|Tailwind||[still]
|-fail|p2a: Staraptor
|
|upkeep
|turn|3
|l|☆impno
|inactive|impno disconnected and has a minute to reconnect!
|player|p1|
|inactive|impno has 30 seconds left.
|inactive|abadanriyi92 has 30 seconds left.
|j|☆impno
|inactive|impno reconnected and has 30 seconds left.
|player|p1|impno|ethan|
|inactive|abadanriyi92 has 20 seconds left.
|inactive|abadanriyi92 has 15 seconds left.
|
|t:|1785782884
|switch|p2a: Tyranitar|Tyranitar, L50, F|100/100
|-weather|Sandstorm|[from] ability: Sand Stream|[of] p2a: Tyranitar
|move|p2b: Sinistcha|Rage Powder|p2b: Sinistcha
|-singleturn|p2b: Sinistcha|move: Rage Powder
|move|p1b: Basculegion|Flip Turn|p2b: Sinistcha
|-resisted|p2b: Sinistcha|1
|-damage|p2b: Sinistcha|86/100
|
|t:|1785782894
|switch|p1b: Blaziken|Blaziken-Mega, L50, M, shiny|100/100|[from] Flip Turn
|move|p1a: Whimsicott|Moonblast|p2a: Tyranitar
|-supereffective|p2a: Tyranitar|1
|-damage|p2a: Tyranitar|64/100
|
|-weather|Sandstorm|[upkeep]
|-damage|p1a: Whimsicott|94/100|[from] Sandstorm
|-damage|p1b: Blaziken|94/100|[from] Sandstorm
|-damage|p2b: Sinistcha|80/100|[from] Sandstorm
|upkeep
|turn|4
|inactive|impno has 30 seconds left.
|
|t:|1785782925
|switch|p2b: Excadrill|Excadrill, L50, M|100/100
|move|p2a: Tyranitar|Protect|p2a: Tyranitar
|-singleturn|p2a: Tyranitar|Protect
|move|p1b: Blaziken|Detect|p1b: Blaziken
|-singleturn|p1b: Blaziken|Protect
|move|p1a: Whimsicott|Moonblast|p2a: Tyranitar
|-activate|p2a: Tyranitar|move: Protect
|
|-weather|Sandstorm|[upkeep]
|-damage|p1a: Whimsicott|88/100|[from] Sandstorm
|-damage|p1b: Blaziken|88/100|[from] Sandstorm
|-sideend|p1: impno|move: Tailwind
|-sideend|p2: abadanriyi92|move: Tailwind
|-ability|p1b: Blaziken|Speed Boost|boost
|-boost|p1b: Blaziken|spe|1
|upkeep
|turn|5
|inactive|impno has 30 seconds left.
|inactive|abadanriyi92 has 30 seconds left.
|inactive|impno has 20 seconds left.
|inactive|impno has 15 seconds left.
|
|t:|1785782966
|switch|p1b: Kingambit|Kingambit, L50, M, shiny|100/100
|switch|p2a: Staraptor|Staraptor-Mega, L50, M|100/100
|move|p1a: Whimsicott|Tailwind|p1a: Whimsicott
|-sidestart|p1: impno|move: Tailwind
|move|p2b: Excadrill|Earthquake|p1b: Kingambit|[spread] p1a,p1b
|-immune|p2a: Staraptor
|-resisted|p1a: Whimsicott|1
|-supereffective|p1b: Kingambit|1
|-damage|p1a: Whimsicott|70/100
|-damage|p1b: Kingambit|32/100
|
|-weather|Sandstorm|[upkeep]
|-damage|p1a: Whimsicott|64/100|[from] Sandstorm
|-damage|p2a: Staraptor|94/100|[from] Sandstorm
|upkeep
|turn|6
|
|t:|1785782985
|move|p1b: Kingambit|Sucker Punch|p2b: Excadrill
|-crit|p2b: Excadrill
|-damage|p2b: Excadrill|14/100
|move|p2b: Excadrill|Earthquake|p1b: Kingambit|[spread] p1a,p1b
|-immune|p2a: Staraptor
|-resisted|p1a: Whimsicott|1
|-supereffective|p1b: Kingambit|1
|-damage|p1a: Whimsicott|43/100
|-damage|p1b: Kingambit|0 fnt
|faint|p1b: Kingambit
|move|p1a: Whimsicott|Moonblast|p2a: Staraptor
|-supereffective|p2a: Staraptor|1
|-damage|p2a: Staraptor|35/100
|move|p2a: Staraptor|Close Combat|p1a: Whimsicott
|-resisted|p1a: Whimsicott|1
|-damage|p1a: Whimsicott|18/100
|-boost|p2a: Staraptor|def|1
|-boost|p2a: Staraptor|spd|1
|
|-weather|Sandstorm|[upkeep]
|-damage|p1a: Whimsicott|12/100|[from] Sandstorm
|-damage|p2a: Staraptor|30/100|[from] Sandstorm
|upkeep
|
|t:|1785783001
|switch|p1b: Blaziken|Blaziken-Mega, L50, M, shiny|88/100
|turn|7
|inactive|impno has 30 seconds left.
|
|t:|1785783035
|switch|p2b: Sinistcha|Sinistcha, L50|80/100
|-heal|p2a: Staraptor|55/100|[from] ability: Hospitality|[of] p2b: Sinistcha
|move|p1b: Blaziken|Detect|p1b: Blaziken
|-singleturn|p1b: Blaziken|Protect
|move|p2a: Staraptor|Protect|p2a: Staraptor
|-singleturn|p2a: Staraptor|Protect
|move|p1a: Whimsicott|Moonblast|p2a: Staraptor
|-activate|p2a: Staraptor|move: Protect
|
|-weather|none
|-ability|p1b: Blaziken|Speed Boost|boost
|-boost|p1b: Blaziken|spe|1
|upkeep
|turn|8
|inactive|abadanriyi92 has 30 seconds left.
|
|t:|1785783061
|move|p2b: Sinistcha|Rage Powder|p2b: Sinistcha
|-singleturn|p2b: Sinistcha|move: Rage Powder
|move|p1a: Whimsicott|Encore|p2a: Staraptor
|-start|p2a: Staraptor|Encore
|move|p2a: Staraptor|Protect||[still]
|-fail|p2a: Staraptor
|move|p1b: Blaziken|Flare Blitz|p2b: Sinistcha
|-supereffective|p2b: Sinistcha|1
|-crit|p2b: Sinistcha
|-damage|p2b: Sinistcha|0 fnt
|faint|p2b: Sinistcha
|-damage|p1b: Blaziken|63/100|[from] Recoil
|
|-sideend|p1: impno|move: Tailwind
|-ability|p1b: Blaziken|Speed Boost|boost
|-boost|p1b: Blaziken|spe|1
|upkeep
|
|t:|1785783082
|switch|p2b: Excadrill|Excadrill, L50, M|14/100
|turn|9
|
|t:|1785783099
|switch|p2a: Tyranitar|Tyranitar, L50, F|64/100
|-weather|Sandstorm|[from] ability: Sand Stream|[of] p2a: Tyranitar
|move|p2b: Excadrill|Iron Head|p1a: Whimsicott
|-supereffective|p1a: Whimsicott|1
|-damage|p1a: Whimsicott|0 fnt
|faint|p1a: Whimsicott
|move|p1b: Blaziken|Rock Slide|p2b: Excadrill|[spread] p2a,p2b
|-resisted|p2b: Excadrill|2
|-damage|p2a: Tyranitar|44/100
|-damage|p2b: Excadrill|6/100
|
|-weather|Sandstorm|[upkeep]
|-damage|p1b: Blaziken|57/100|[from] Sandstorm
|-ability|p1b: Blaziken|Speed Boost|boost
|-boost|p1b: Blaziken|spe|1
|upkeep
|
|t:|1785783106
|switch|p1a: Basculegion|Basculegion, L50, M, shiny|100/100
|turn|10
|inactive|abadanriyi92 has 30 seconds left.
|inactive|abadanriyi92 has 20 seconds left.
|inactive|abadanriyi92 has 15 seconds left.
|inactive|abadanriyi92 has 10 seconds left.
|
|t:|1785783155
|move|p2b: Excadrill|Protect|p2b: Excadrill
|-singleturn|p2b: Excadrill|Protect
|move|p1a: Basculegion|Aqua Jet|p2b: Excadrill
|-activate|p2b: Excadrill|move: Protect
|move|p1b: Blaziken|Close Combat|p2a: Tyranitar
|-supereffective|p2a: Tyranitar|2
|-damage|p2a: Tyranitar|0 fnt
|-unboost|p1b: Blaziken|def|1
|-unboost|p1b: Blaziken|spd|1
|faint|p2a: Tyranitar
|
|-weather|Sandstorm|[upkeep]
|-damage|p1b: Blaziken|51/100|[from] Sandstorm
|-damage|p1a: Basculegion|93/100|[from] Sandstorm
|-ability|p1b: Blaziken|Speed Boost|boost
|-boost|p1b: Blaziken|spe|1
|upkeep
|
|t:|1785783169
|switch|p2a: Staraptor|Staraptor-Mega, L50, M|55/100
|turn|11
|
|t:|1785783182
|move|p1a: Basculegion|Aqua Jet|p2b: Excadrill
|-supereffective|p2b: Excadrill|1
|-damage|p2b: Excadrill|0 fnt
|faint|p2b: Excadrill
|move|p1b: Blaziken|Flare Blitz|p2a: Staraptor
|-damage|p2a: Staraptor|0 fnt
|faint|p2a: Staraptor
|-damage|p1b: Blaziken|33/100|[from] Recoil
|
|win|impno
||impno is ready for game 2.
