|j|☆steelag0
|j|☆Pokeman2010ash
|html|steelag0Pokeman2010ash    
|uhtml|bestof|Game 2 of a best-of-3
|t:|1782403867
|gametype|doubles
|player|p1|steelag0|policeman-gen4|1050
|player|p2|Pokeman2010ash|lucas|1142
|gen|9
|tier|[Gen 9 Champions] VGC 2026 Reg M-B (Bo3)
|rated|
|rule|Species Clause: Limit one of each Pokémon
|rule|Item Clause: Limit 1 of each item
|clearpoke
|poke|p1|Hydreigon, L50, M|
|poke|p1|Garchomp, L50, M|
|poke|p1|Metagross, L50|
|poke|p1|Charizard, L50, M|
|poke|p1|Grimmsnarl, L50, M|
|poke|p1|Toxapex, L50, F|
|poke|p2|Pelipper, L50, F|
|poke|p2|Swampert, L50, M|
|poke|p2|Archaludon, L50, M, shiny|
|poke|p2|Staraptor, L50, M, shiny|
|poke|p2|Grimmsnarl, L50, M, shiny|
|poke|p2|Sinistcha-Masterpiece, L50|
|teampreview|4
|showteam|p1|Hydreigon||ChoiceScarf|Levitate|HeatWave,DarkPulse,DracoMeteor,Snarl|Modest||M|||50|]Garchomp||SitrusBerry|RoughSkin|Earthquake,RockSlide,DragonClaw,Protect|Adamant||M|||50|]Metagross||Metagrossite|ClearBody|IronHead,PsychicFangs,BulletPunch,Protect|Adamant|||||50|]Charizard||CharizarditeY|Blaze|Protect,HeatWave,SolarBeam,WeatherBall|Timid||M|||50|]Grimmsnarl||RoseliBerry|Prankster|FakeOut,FoulPlay,Reflect,PartingShot|Sassy||M|||50|]Toxapex||Leftovers|Regenerator|Infestation,Toxic,BanefulBunker,WideGuard|Bold||F|||50|
|showteam|p2|Pelipper||SitrusBerry|Drizzle|WideGuard,Tailwind,WeatherBall,Hurricane|Modest||F|||50|]Swampert||Swampertite|Torrent|Earthquake,WaveCrash,FlipTurn,Protect|Adamant||M|||50|]Archaludon||Leftovers|Stamina|ElectroShot,DragonPulse,FlashCannon,Protect|Calm||M|||50|]Staraptor||Staraptite|Intimidate|CloseCombat,BraveBird,Protect,Roost|Jolly||M|||50|]Grimmsnarl||LightClay|Prankster|Reflect,LightScreen,PartingShot,SpiritBreak|Adamant||M|||50|]Sinistcha-Masterpiece||KasibBerry|Hospitality|MatchaGotcha,LifeDew,RagePowder,Protect|Modest|||||50|
|inactive|Battle timer is ON: inactive players will automatically lose when time's up. (requested by Pokeman2010ash)
|
|t:|1782403891
|teamsize|p1|4
|teamsize|p2|4
|start
|switch|p1a: Charizard|Charizard, L50, M|100/100
|switch|p1b: Grimmsnarl|Grimmsnarl, L50, M|100/100
|switch|p2a: Grimmsnarl|Grimmsnarl, L50, M, shiny|100/100
|switch|p2b: Swampert|Swampert, L50, M|100/100
|turn|1
|
|t:|1782403915
|detailschange|p1a: Charizard|Charizard-Mega-Y, L50, M
|-mega|p1a: Charizard|Charizard|Charizardite Y
|-weather|SunnyDay|[from] ability: Drought|[of] p1a: Charizard
|detailschange|p2b: Swampert|Swampert-Mega, L50, M
|-mega|p2b: Swampert|Swampert|Swampertite
|move|p2b: Swampert|Protect|p2b: Swampert
|-singleturn|p2b: Swampert|Protect
|move|p1b: Grimmsnarl|Fake Out|p2a: Grimmsnarl
|-damage|p2a: Grimmsnarl|86/100
|cant|p2a: Grimmsnarl|flinch
|move|p1a: Charizard|Solar Beam||[still]
|-prepare|p1a: Charizard|Solar Beam
|-anim|p1a: Charizard|Solar Beam|p2b: Swampert
|-activate|p2b: Swampert|move: Protect
|
|-weather|SunnyDay|[upkeep]
|upkeep
|turn|2
|
|t:|1782403937
|switch|p2a: Pelipper|Pelipper, L50, F|100/100
|-weather|RainDance|[from] ability: Drizzle|[of] p2a: Pelipper
|move|p1a: Charizard|Protect|p1a: Charizard
|-singleturn|p1a: Charizard|Protect
|move|p2b: Swampert|Flip Turn|p1a: Charizard
|-activate|p1a: Charizard|move: Protect
|move|p1b: Grimmsnarl|Foul Play|p2b: Swampert
|-damage|p2b: Swampert|52/100
|
|-weather|RainDance|[upkeep]
|upkeep
|turn|3
|
|t:|1782403954
|switch|p1a: Hydreigon|Hydreigon, L50, M|100/100
|move|p1b: Grimmsnarl|Reflect|p1b: Grimmsnarl
|-sidestart|p1: steelag0|Reflect
|move|p2b: Swampert|Flip Turn|p1a: Hydreigon
|-resisted|p1a: Hydreigon|1
|-damage|p1a: Hydreigon|77/100
|
|t:|1782403961
|switch|p2b: Grimmsnarl|Grimmsnarl, L50, M, shiny|86/100|[from] Flip Turn
|move|p2a: Pelipper|Tailwind|p2a: Pelipper
|-sidestart|p2: Pokeman2010ash|move: Tailwind
|
|-weather|RainDance|[upkeep]
|upkeep
|turn|4
|
|t:|1782403983
|switch|p1a: Charizard|Charizard-Mega-Y, L50, M|100/100
|-weather|SunnyDay|[from] ability: Drought|[of] p1a: Charizard
|switch|p2a: Archaludon|Archaludon, L50, M, shiny|100/100
|move|p1b: Grimmsnarl|Parting Shot|p2a: Archaludon
|-unboost|p2a: Archaludon|atk|1
|-unboost|p2a: Archaludon|spa|1
|
|t:|1782404000
|switch|p1b: Hydreigon|Hydreigon, L50, M|77/100|[from] Parting Shot
|move|p2b: Grimmsnarl|Spirit Break|p1a: Charizard
|-resisted|p1a: Charizard|1
|-damage|p1a: Charizard|85/100
|-unboost|p1a: Charizard|spa|1
|
|-weather|SunnyDay|[upkeep]
|upkeep
|turn|5
|
|t:|1782404017
|switch|p2a: Pelipper|Pelipper, L50, F|100/100
|-weather|RainDance|[from] ability: Drizzle|[of] p2a: Pelipper
|switch|p1a: Grimmsnarl|Grimmsnarl, L50, M|100/100
|move|p1b: Hydreigon|Draco Meteor|p2a: Pelipper
|-damage|p2a: Pelipper|6/100
|-unboost|p1b: Hydreigon|spa|2
|-enditem|p2a: Pelipper|Sitrus Berry|[eat]
|-heal|p2a: Pelipper|31/100|[from] item: Sitrus Berry
|move|p2b: Grimmsnarl|Spirit Break|p1b: Hydreigon
|-supereffective|p1b: Hydreigon|2
|-damage|p1b: Hydreigon|0 fnt
|faint|p1b: Hydreigon
|
|-weather|RainDance|[upkeep]
|upkeep
|
|t:|1782404034
|switch|p1b: Charizard|Charizard-Mega-Y, L50, M|85/100
|-weather|SunnyDay|[from] ability: Drought|[of] p1b: Charizard
|turn|6
|
|t:|1782404051
|switch|p2a: Archaludon|Archaludon, L50, M, shiny|100/100
|move|p2b: Grimmsnarl|Parting Shot|p1b: Charizard
|-unboost|p1b: Charizard|atk|1
|-unboost|p1b: Charizard|spa|1
|
|t:|1782404056
|switch|p2b: Pelipper|Pelipper, L50, F|31/100|[from] Parting Shot
|-weather|RainDance|[from] ability: Drizzle|[of] p2b: Pelipper
|move|p1b: Charizard|Weather Ball|p2b: Pelipper
|-resisted|p2b: Pelipper|1
|-damage|p2b: Pelipper|7/100
|move|p1a: Grimmsnarl|Foul Play|p2a: Archaludon
|-damage|p2a: Archaludon|73/100
|-ability|p2a: Archaludon|Stamina|boost
|-boost|p2a: Archaludon|def|1
|
|-weather|RainDance|[upkeep]
|-heal|p2a: Archaludon|80/100|[from] item: Leftovers
|-sideend|p2: Pokeman2010ash|move: Tailwind
|upkeep
|turn|7
|inactive|steelag0 has 30 seconds left.
|
|t:|1782404081
|switch|p1b: Garchomp|Garchomp, L50, M|100/100
|move|p1a: Grimmsnarl|Parting Shot|p2a: Archaludon
|-unboost|p2a: Archaludon|atk|1
|-unboost|p2a: Archaludon|spa|1
|
|t:|1782404086
|switch|p1a: Charizard|Charizard-Mega-Y, L50, M|85/100|[from] Parting Shot
|-weather|SunnyDay|[from] ability: Drought|[of] p1a: Charizard
|move|p2a: Archaludon|Electro Shot||[still]
|-prepare|p2a: Archaludon|Electro Shot
|-boost|p2a: Archaludon|spa|1
|move|p2b: Pelipper|Tailwind|p2b: Pelipper
|-sidestart|p2: Pokeman2010ash|move: Tailwind
|
|-weather|SunnyDay|[upkeep]
|-heal|p2a: Archaludon|86/100|[from] item: Leftovers
|-sideend|p1: steelag0|Reflect
|upkeep
|turn|8
|inactive|steelag0 has 30 seconds left.
|
|t:|1782404115
|switch|p2b: Grimmsnarl|Grimmsnarl, L50, M, shiny|86/100
|move|p2a: Archaludon|Electro Shot|p1b: Garchomp|[from] lockedmove
|-immune|p1b: Garchomp
|move|p1a: Charizard|Weather Ball|p2b: Grimmsnarl
|-damage|p2b: Grimmsnarl|6/100
|move|p1b: Garchomp|Dragon Claw|p2a: Archaludon
|-damage|p2a: Archaludon|61/100
|-ability|p2a: Archaludon|Stamina|boost
|-boost|p2a: Archaludon|def|1
|
|-weather|SunnyDay|[upkeep]
|-heal|p2a: Archaludon|68/100|[from] item: Leftovers
|upkeep
|turn|9
|
|t:|1782404134
|switch|p1a: Grimmsnarl|Grimmsnarl, L50, M|100/100
|move|p2b: Grimmsnarl|Parting Shot|p1b: Garchomp
|-unboost|p1b: Garchomp|atk|1
|-unboost|p1b: Garchomp|spa|1
|
|t:|1782404140
|switch|p2b: Pelipper|Pelipper, L50, F|7/100|[from] Parting Shot
|-weather|RainDance|[from] ability: Drizzle|[of] p2b: Pelipper
|move|p2a: Archaludon|Electro Shot||[still]
|-prepare|p2a: Archaludon|Electro Shot
|-boost|p2a: Archaludon|spa|1
|-anim|p2a: Archaludon|Electro Shot|p1a: Grimmsnarl
|-damage|p1a: Grimmsnarl|42/100
|move|p1b: Garchomp|Earthquake|p2a: Archaludon|[spread] p1a,p2a
|-immune|p2b: Pelipper
|-supereffective|p2a: Archaludon|1
|-damage|p1a: Grimmsnarl|16/100
|-damage|p2a: Archaludon|47/100
|-ability|p2a: Archaludon|Stamina|boost
|-boost|p2a: Archaludon|def|1
|
|-weather|RainDance|[upkeep]
|-heal|p2a: Archaludon|53/100|[from] item: Leftovers
|upkeep
|turn|10
|inactive|steelag0 has 30 seconds left.
|inactive|steelag0 has 20 seconds left.
|
|t:|1782404177
|switch|p1b: Charizard|Charizard-Mega-Y, L50, M|85/100
|-weather|SunnyDay|[from] ability: Drought|[of] p1b: Charizard
|move|p2a: Archaludon|Protect|p2a: Archaludon
|-singleturn|p2a: Archaludon|Protect
|move|p2b: Pelipper|Weather Ball|p1a: Grimmsnarl
|-damage|p1a: Grimmsnarl|0 fnt
|faint|p1a: Grimmsnarl
|
|-weather|SunnyDay|[upkeep]
|-heal|p2a: Archaludon|60/100|[from] item: Leftovers
|-sideend|p2: Pokeman2010ash|move: Tailwind
|upkeep
|
|t:|1782404188
|switch|p1a: Garchomp|Garchomp, L50, M|100/100
|turn|11
|
|t:|1782404208
|switch|p2b: Grimmsnarl|Grimmsnarl, L50, M, shiny|6/100
|move|p1a: Garchomp|Protect|p1a: Garchomp
|-singleturn|p1a: Garchomp|Protect
|move|p2a: Archaludon|Protect||[still]
|-fail|p2a: Archaludon
|move|p1b: Charizard|Weather Ball|p2a: Archaludon
|-damage|p2a: Archaludon|0 fnt
|faint|p2a: Archaludon
|
|-weather|SunnyDay|[upkeep]
|upkeep
|
|t:|1782404219
|switch|p2a: Swampert|Swampert-Mega, L50, M|52/100
|turn|12
|
|t:|1782404232
|move|p1b: Charizard|Protect|p1b: Charizard
|-singleturn|p1b: Charizard|Protect
|move|p2b: Grimmsnarl|Parting Shot|p1a: Garchomp
|-unboost|p1a: Garchomp|atk|1
|-unboost|p1a: Garchomp|spa|1
|
|t:|1782404237
|switch|p2b: Pelipper|Pelipper, L50, F|7/100|[from] Parting Shot
|-weather|RainDance|[from] ability: Drizzle|[of] p2b: Pelipper
|move|p2a: Swampert|Flip Turn|p1b: Charizard
|-activate|p1b: Charizard|move: Protect
|move|p1a: Garchomp|Rock Slide|p2b: Pelipper|[spread] 
|-miss|p1a: Garchomp|p2a: Swampert
|-miss|p1a: Garchomp|p2b: Pelipper
|
|-weather|RainDance|[upkeep]
|upkeep
|turn|13
|c|☆steelag0|¿¿¿
|inactive|steelag0 has 30 seconds left.
|inactive|steelag0 has 20 seconds left.
|
|t:|1782404277
|move|p1b: Charizard|Protect|p1b: Charizard
|-singleturn|p1b: Charizard|Protect
|move|p2a: Swampert|Flip Turn|p1b: Charizard
|-activate|p1b: Charizard|move: Protect
|move|p1a: Garchomp|Rock Slide|p2b: Pelipper|[spread] p2b
|-miss|p1a: Garchomp|p2a: Swampert
|-supereffective|p2b: Pelipper|1
|-damage|p2b: Pelipper|0 fnt
|faint|p2b: Pelipper
|
|-weather|RainDance|[upkeep]
|upkeep
|
|t:|1782404286
|switch|p2b: Grimmsnarl|Grimmsnarl, L50, M, shiny|6/100
|turn|14
|
|t:|1782404300
|move|p2b: Grimmsnarl|Reflect|p2b: Grimmsnarl
|-sidestart|p2: Pokeman2010ash|Reflect
|move|p2a: Swampert|Flip Turn|p1b: Charizard
|-supereffective|p1b: Charizard|1
|-damage|p1b: Charizard|0 fnt
|faint|p1b: Charizard
|move|p1a: Garchomp|Earthquake|p2b: Grimmsnarl|[spread] p2a,p2b
|-damage|p2a: Swampert|38/100
|-damage|p2b: Grimmsnarl|0 fnt
|faint|p2b: Grimmsnarl
|
|-weather|RainDance|[upkeep]
|upkeep
|turn|15
|
|t:|1782404315
|move|p1a: Garchomp|Protect|p1a: Garchomp
|-singleturn|p1a: Garchomp|Protect
|move|p2a: Swampert|Wave Crash|p1a: Garchomp
|-activate|p1a: Garchomp|move: Protect
|
|-weather|RainDance|[upkeep]
|upkeep
|turn|16
|
|t:|1782404321
|move|p2a: Swampert|Wave Crash|p1a: Garchomp
|-damage|p1a: Garchomp|11/100
|-damage|p2a: Swampert|26/100|[from] ability: Rough Skin|[of] p1a: Garchomp
|-enditem|p1a: Garchomp|Sitrus Berry|[eat]
|-heal|p1a: Garchomp|35/100|[from] item: Sitrus Berry
|-damage|p2a: Swampert|0 fnt|[from] Recoil
|faint|p2a: Swampert
|
|win|steelag0
||Pokeman2010ash is ready for game 3.
