|j|☆samki9
|j|☆Delacruso
|html|samki9Delacruso    
|uhtml|bestof|Game 2 of a best-of-3
|t:|1756748338
|gametype|doubles
|player|p1|samki9|170|1052
|player|p2|Delacruso|red|1131
|gen|9
|tier|[Gen 9] VGC 2025 Reg H (Bo3)
|rated|
|rule|Species Clause: Limit one of each Pokémon
|rule|Item Clause: Limit 1 of each item
|clearpoke
|poke|p1|Tyranitar, L50, M|
|poke|p1|Garchomp, L50, F|
|poke|p1|Corviknight, L50, M|
|poke|p1|Incineroar, L50, M|
|poke|p1|Gholdengo, L50|
|poke|p1|Vaporeon, L50, M|
|poke|p2|Ninetales, L50, M|
|poke|p2|Charizard, L50, M|
|poke|p2|Jumpluff, L50, F|
|poke|p2|Ursaluna-Bloodmoon, L50, M|
|poke|p2|Incineroar, L50, M|
|poke|p2|Porygon2, L50|
|teampreview|4
|showteam|p1|Tyranitar||AssaultVest|SandStream|RockSlide,KnockOff,IcePunch,TeraBlast|||M|||50|,,,,,Flying]Garchomp||LifeOrb|SandVeil|DragonClaw,Earthquake,StompingTantrum,Protect|||F|||50|,,,,,Steel]Corviknight||SitrusBerry|MirrorArmor|BraveBird,Tailwind,Defog,Protect|||M|||50|,,,,,Dragon]Incineroar||CovertCloak|Intimidate|FakeOut,PartingShot,Taunt,FlareBlitz|||M|||50|,,,,,Bug]Gholdengo||ChoiceSpecs|GoodasGold|MakeItRain,ShadowBall,Trick,Protect||||||50|,,,,,Water]Vaporeon||SafetyGoggles|WaterAbsorb|Scald,IcyWind,Haze,Protect|||M|||50|,,,,,Fairy
|showteam|p2|Ninetales||Charcoal|Drought|BatonPass,CalmMind,WillOWisp,HeatWave|||M|||50|,,,,,Grass]Charizard||ChoiceSpecs|SolarPower|DragonPulse,HeatWave,Overheat,WeatherBall|||M|||50|,,,,,Ghost]Jumpluff||CovertCloak|Chlorophyll|SleepPowder,SunnyDay,Tailwind,RagePowder|||F|||50|,,,,,Water]Ursaluna-Bloodmoon||AssaultVest|MindsEye|EarthPower,BloodMoon,HyperVoice,VacuumWave|||M|||50|,,,,,Normal]Incineroar||SitrusBerry|Intimidate|FakeOut,FlareBlitz,KnockOff,PartingShot|||M|||50|,,,,,Ghost]Porygon2||Eviolite|Download|Thunderbolt,IceBeam,Recover,TrickRoom||||||50|,,,,,Electric
|inactive|Battle timer is ON: inactive players will automatically lose when time's up. (requested by Delacruso)
|
|t:|1756748401
|teamsize|p1|4
|teamsize|p2|4
|start
|switch|p1a: Tyranitar|Tyranitar, L50, M|100/100
|switch|p1b: Vaporeon|Vaporeon, L50, M|100/100
|switch|p2a: Charizard|Charizard, L50, M, shiny|100/100
|switch|p2b: Ninetales|Ninetales, L50, M|100/100
|-weather|SunnyDay|[from] ability: Drought|[of] p2b: Ninetales
|-weather|Sandstorm|[from] ability: Sand Stream|[of] p1a: Tyranitar
|turn|1
|inactive|Delacruso has 30 seconds left.
|
|t:|1756748429
|switch|p2a: Incineroar|Incineroar, L50, M, shiny|100/100
|-ability|p2a: Incineroar|Intimidate|boost
|-unboost|p1a: Tyranitar|atk|1
|-unboost|p1b: Vaporeon|atk|1
|-terastallize|p2b: Ninetales|Grass
|move|p2b: Ninetales|Will-O-Wisp|p1a: Tyranitar
|-status|p1a: Tyranitar|brn
|move|p1b: Vaporeon|Scald|p2a: Incineroar
|-supereffective|p2a: Incineroar
|-damage|p2a: Incineroar|38/100
|-enditem|p2a: Incineroar|Sitrus Berry|[eat]
|-heal|p2a: Incineroar|63/100|[from] item: Sitrus Berry
|move|p1a: Tyranitar|Rock Slide|p2b: Ninetales|[spread] p2a,p2b
|-supereffective|p2a: Incineroar
|-damage|p2a: Incineroar|45/100
|-damage|p2b: Ninetales|92/100
|
|-weather|Sandstorm|[upkeep]
|-damage|p2b: Ninetales|85/100|[from] Sandstorm
|-damage|p2a: Incineroar|39/100|[from] Sandstorm
|-damage|p1a: Tyranitar|94/100 brn|[from] brn
|upkeep
|turn|2
|inactive|samki9 has 30 seconds left.
|inactive|Delacruso has 30 seconds left.
|
|t:|1756748463
|move|p2a: Incineroar|Fake Out|p1b: Vaporeon
|-damage|p1b: Vaporeon|87/100
|move|p2b: Ninetales|Calm Mind|p2b: Ninetales
|-boost|p2b: Ninetales|spa|1
|-boost|p2b: Ninetales|spd|1
|cant|p1b: Vaporeon|flinch
|move|p1a: Tyranitar|Knock Off|p2b: Ninetales
|-damage|p2b: Ninetales|69/100
|-enditem|p2b: Ninetales|Charcoal|[from] move: Knock Off|[of] p1a: Tyranitar
|
|-weather|Sandstorm|[upkeep]
|-damage|p2b: Ninetales|63/100|[from] Sandstorm
|-damage|p2a: Incineroar|33/100|[from] Sandstorm
|-damage|p1a: Tyranitar|88/100 brn|[from] brn
|upkeep
|turn|3
|inactive|Delacruso has 30 seconds left.
|inactive|Delacruso has 20 seconds left.
|inactive|samki9 has 30 seconds left.
|
|t:|1756748504
|move|p2b: Ninetales|Baton Pass|p2b: Ninetales
|
|t:|1756748512
|switch|p2b: Ursaluna|Ursaluna-Bloodmoon, L50, M|100/100|[from] Baton Pass
|move|p1b: Vaporeon|Haze|p1b: Vaporeon
|-clearallboost
|move|p1a: Tyranitar|Knock Off|p2b: Ursaluna
|-damage|p2b: Ursaluna|80/100
|-enditem|p2b: Ursaluna|Assault Vest|[from] move: Knock Off|[of] p1a: Tyranitar
|move|p2a: Incineroar|Parting Shot|p1b: Vaporeon
|-unboost|p1b: Vaporeon|atk|1
|-unboost|p1b: Vaporeon|spa|1
|
|t:|1756748531
|switch|p2a: Charizard|Charizard, L50, M, shiny|100/100|[from] Parting Shot
|
|-weather|Sandstorm|[upkeep]
|-damage|p2a: Charizard|95/100|[from] Sandstorm
|-damage|p1a: Tyranitar|82/100 brn|[from] brn
|upkeep
|turn|4
|inactive|Delacruso has 30 seconds left.
|inactive|Delacruso has 20 seconds left.
|inactive|Delacruso has 15 seconds left.
|inactive|Delacruso has 10 seconds left.
|
|t:|1756748580
|switch|p2a: Ninetales|Ninetales, L50, M, tera:Grass|63/100
|-weather|SunnyDay|[from] ability: Drought|[of] p2a: Ninetales
|switch|p1b: Incineroar|Incineroar, L50, M|100/100
|-ability|p1b: Incineroar|Intimidate|boost
|-unboost|p2a: Ninetales|atk|1
|-unboost|p2b: Ursaluna|atk|1
|move|p2b: Ursaluna|Blood Moon|p1b: Incineroar
|-damage|p1b: Incineroar|25/100
|move|p1a: Tyranitar|Ice Punch|p2b: Ursaluna
|-supereffective|p2b: Ursaluna
|-damage|p2b: Ursaluna|59/100
|
|-weather|SunnyDay|[upkeep]
|-damage|p1a: Tyranitar|76/100 brn|[from] brn
|upkeep
|turn|5
|inactive|samki9 has 30 seconds left.
|inactive|Delacruso has 30 seconds left.
|
|t:|1756748608
|switch|p1a: Vaporeon|Vaporeon, L50, M|87/100
|move|p2a: Ninetales|Calm Mind|p2a: Ninetales
|-boost|p2a: Ninetales|spa|1
|-boost|p2a: Ninetales|spd|1
|move|p2b: Ursaluna|Hyper Voice|p1a: Vaporeon|[spread] p1a,p1b
|-damage|p1a: Vaporeon|57/100
|-damage|p1b: Incineroar|0 fnt
|faint|p1b: Incineroar
|
|-weather|SunnyDay|[upkeep]
|upkeep
|
|t:|1756748619
|switch|p1b: Tyranitar|Tyranitar, L50, M|76/100 brn
|-weather|Sandstorm|[from] ability: Sand Stream|[of] p1b: Tyranitar
|turn|6
|inactive|Delacruso has 30 seconds left.
|inactive|samki9 has 30 seconds left.
|inactive|Delacruso has 20 seconds left.
|inactive|Delacruso has 15 seconds left.
|
|t:|1756748661
|move|p2a: Ninetales|Baton Pass|p2a: Ninetales
|
|t:|1756748663
|switch|p2a: Incineroar|Incineroar, L50, M, shiny|33/100|[from] Baton Pass
|-ability|p2a: Incineroar|Intimidate|boost
|-unboost|p1a: Vaporeon|atk|1
|-unboost|p1b: Tyranitar|atk|1
|move|p2b: Ursaluna|Earth Power|p1b: Tyranitar
|-supereffective|p1b: Tyranitar
|-damage|p1b: Tyranitar|35/100 brn
|move|p1a: Vaporeon|Scald|p2b: Ursaluna
|-supereffective|p2b: Ursaluna
|-damage|p2b: Ursaluna|0 fnt
|faint|p2b: Ursaluna
|move|p1b: Tyranitar|Ice Punch|p2a: Incineroar
|-resisted|p2a: Incineroar
|-damage|p2a: Incineroar|29/100
|
|-weather|Sandstorm|[upkeep]
|-damage|p2a: Incineroar|23/100|[from] Sandstorm
|-damage|p1b: Tyranitar|29/100 brn|[from] brn
|upkeep
|
|t:|1756748683
|switch|p2b: Charizard|Charizard, L50, M, shiny|95/100
|turn|7
|
|t:|1756748697
|switch|p1a: Garchomp|Garchomp, L50, F|100/100
|switch|p2a: Ninetales|Ninetales, L50, M, tera:Grass|63/100
|-weather|SunnyDay|[from] ability: Drought|[of] p2a: Ninetales
|move|p2b: Charizard|Heat Wave|p1a: Garchomp|[spread] p1b
|-miss|p2b: Charizard|p1a: Garchomp
|-resisted|p1b: Tyranitar
|-damage|p1b: Tyranitar|0 fnt
|faint|p1b: Tyranitar
|
|-weather|SunnyDay|[upkeep]
|-damage|p2b: Charizard|82/100|[from] ability: Solar Power|[of] p2b: Charizard
|upkeep
|
|t:|1756748709
|switch|p1b: Vaporeon|Vaporeon, L50, M|57/100
|turn|8
|
|t:|1756748730
|switch|p2b: Incineroar|Incineroar, L50, M, shiny|23/100
|-ability|p2b: Incineroar|Intimidate|boost
|-unboost|p1a: Garchomp|atk|1
|-unboost|p1b: Vaporeon|atk|1
|move|p1a: Garchomp|Protect|p1a: Garchomp
|-singleturn|p1a: Garchomp|Protect
|move|p2a: Ninetales|Will-O-Wisp|p1a: Garchomp
|-activate|p1a: Garchomp|move: Protect
|move|p1b: Vaporeon|Icy Wind|p2b: Incineroar|[spread] p2a,p2b
|-supereffective|p2a: Ninetales
|-resisted|p2b: Incineroar
|-damage|p2a: Ninetales|42/100
|-damage|p2b: Incineroar|17/100
|-unboost|p2a: Ninetales|spe|1
|-unboost|p2b: Incineroar|spe|1
|
|-weather|SunnyDay|[upkeep]
|upkeep
|turn|9
|inactive|Delacruso has 30 seconds left.
|inactive|samki9 has 30 seconds left.
|inactive|Delacruso has 20 seconds left.
|inactive|Delacruso has 15 seconds left.
|
|t:|1756748771
|move|p2b: Incineroar|Fake Out|p1a: Garchomp
|-damage|p1a: Garchomp|87/100
|cant|p1a: Garchomp|flinch
|move|p1b: Vaporeon|Scald|p2b: Incineroar
|-supereffective|p2b: Incineroar
|-damage|p2b: Incineroar|0 fnt
|faint|p2b: Incineroar
|move|p2a: Ninetales|Calm Mind|p2a: Ninetales
|-boost|p2a: Ninetales|spa|1
|-boost|p2a: Ninetales|spd|1
|
|-weather|SunnyDay|[upkeep]
|upkeep
|
|t:|1756748781
|switch|p2b: Charizard|Charizard, L50, M, shiny|82/100
|turn|10
|
|t:|1756748795
|move|p2b: Charizard|Heat Wave|p1a: Garchomp|[spread] p1a,p1b
|-resisted|p1a: Garchomp
|-resisted|p1b: Vaporeon
|-damage|p1a: Garchomp|26/100
|-damage|p1b: Vaporeon|15/100
|move|p1a: Garchomp|Dragon Claw|p2b: Charizard
|-damage|p2b: Charizard|26/100
|-damage|p1a: Garchomp|16/100|[from] item: Life Orb
|move|p1b: Vaporeon|Icy Wind|p2a: Ninetales|[spread] p2a,p2b
|-supereffective|p2a: Ninetales
|-damage|p2a: Ninetales|24/100
|-damage|p2b: Charizard|12/100
|-unboost|p2a: Ninetales|spe|1
|-unboost|p2b: Charizard|spe|1
|move|p2a: Ninetales|Heat Wave|p1b: Vaporeon|[spread] p1a,p1b
|-resisted|p1a: Garchomp
|-resisted|p1b: Vaporeon
|-damage|p1a: Garchomp|0 fnt
|-damage|p1b: Vaporeon|0 fnt
|faint|p1a: Garchomp
|faint|p1b: Vaporeon
|
|win|Delacruso
|raw|samki9's rating: 1052 → 1038(-14 for losing)
|raw|Delacruso's rating: 1131 → 1150(+19 for winning)
|l|☆samki9
|player|p1|
