|j|☆Can I pet the dog?
|j|☆janesqdef
|html|Can I pet the dog?janesqdef    
|uhtml|bestof|Game 1 of a best-of-3
|t:|1782582274
|gametype|doubles
|player|p1|Can I pet the dog?|yancy|1114
|player|p2|janesqdef|265|1059
|gen|9
|tier|[Gen 9 Champions] VGC 2026 Reg M-B (Bo3)
|rated|
|rule|Species Clause: Limit one of each Pokémon
|rule|Item Clause: Limit 1 of each item
|clearpoke
|poke|p1|Sinistcha, L50|
|poke|p1|Incineroar, L50, F|
|poke|p1|Milotic, L50, F|
|poke|p1|Raichu, L50, F|
|poke|p1|Floette-Eternal, L50, F|
|poke|p1|Ceruledge, L50, M|
|poke|p2|Mawile, L50, F|
|poke|p2|Grimmsnarl, L50, M|
|poke|p2|Mamoswine, L50, M|
|poke|p2|Sinistcha, L50|
|poke|p2|Rotom-Wash, L50|
|poke|p2|Slowbro, L50, M|
|teampreview|4
|showteam|p1|Sinistcha||KasibBerry|Hospitality|MatchaGotcha,LifeDew,RagePowder,Protect|Relaxed|||||50|]Incineroar||SitrusBerry|Intimidate|FlareBlitz,ThroatChop,FakeOut,PartingShot|Impish||F|||50|]Milotic||Leftovers|Competitive|MuddyWater,Coil,Hypnosis,Protect|Calm||F|||50|]Raichu||RaichuniteY|LightningRod|ZapCannon,FocusBlast,FakeOut,Protect|Timid||F|||50|]Floette-Eternal||Floettite|FlowerVeil|DazzlingGleam,DrainingKiss,CalmMind,Protect|Timid||F|||50|]Ceruledge||ColburBerry|FlashFire|BitterBlade,ShadowSneak,BulkUp,Protect|Adamant||M|||50|
|showteam|p2|Mawile||Mawilite|Intimidate|BrickBreak,PlayRough,SuckerPunch,IronHead|Adamant||F|||50|]Grimmsnarl||RoseliBerry|Prankster|LightScreen,PartingShot,Reflect,FoulPlay|Serious||M|||50|]Mamoswine||ExpertBelt|ThickFat|Protect,HighHorsepower,IceShard,IcicleCrash|Adamant||M|||50|]Sinistcha||SitrusBerry|Hospitality|TrickRoom,MatchaGotcha,RagePowder,Protect|Modest|||||50|]Rotom-Wash||Leftovers|Levitate|Protect,HydroPump,Thunderbolt,VoltSwitch|Serious|||||50|]Slowbro||ColburBerry|Regenerator|Yawn,TrickRoom,Disable,LightScreen|Relaxed||M|||50|
|inactive|Battle timer is ON: inactive players will automatically lose when time's up. (requested by Can I pet the dog?)
|inactive|janesqdef also wants the timer to be on.
|inactive|janesqdef has 60 seconds left.
|
|t:|1782582331
|teamsize|p1|4
|teamsize|p2|4
|start
|switch|p1a: Raichu|Raichu, L50, F|100/100
|switch|p1b: Ceruledge|Ceruledge, L50, M|100/100
|switch|p2a: Grimmsnarl|Grimmsnarl, L50, M|100/100
|switch|p2b: Slowbro|Slowbro, L50, M|100/100
|turn|1
|inactive|Can I pet the dog? has 30 seconds left.
|
|t:|1782582362
|detailschange|p1a: Raichu|Raichu-Mega-Y, L50, F
|-mega|p1a: Raichu|Raichu|Raichunite Y
|move|p2a: Grimmsnarl|Parting Shot|p1a: Raichu
|-unboost|p1a: Raichu|atk|1
|-unboost|p1a: Raichu|spa|1
|
|t:|1782582379
|switch|p2a: Mawile|Mawile, L50, F|100/100|[from] Parting Shot
|-ability|p2a: Mawile|Intimidate|boost
|-unboost|p1a: Raichu|atk|1
|-unboost|p1b: Ceruledge|atk|1
|move|p1a: Raichu|Zap Cannon|p2b: Slowbro
|-supereffective|p2b: Slowbro|1
|-damage|p2b: Slowbro|16/100
|-status|p2b: Slowbro|par
|move|p1b: Ceruledge|Bulk Up|p1b: Ceruledge
|-boost|p1b: Ceruledge|atk|1
|-boost|p1b: Ceruledge|def|1
|move|p2b: Slowbro|Trick Room|p2b: Slowbro
|-fieldstart|move: Trick Room|[of] p2b: Slowbro
|
|upkeep
|turn|2
|inactive|janesqdef has 30 seconds left.
|inactive|janesqdef has 20 seconds left.
|inactive|janesqdef has 15 seconds left.
|
|t:|1782582421
|switch|p1a: Incineroar|Incineroar, L50, F|100/100
|-ability|p1a: Incineroar|Intimidate|boost
|-unboost|p2a: Mawile|atk|1
|-unboost|p2b: Slowbro|atk|1
|detailschange|p2a: Mawile|Mawile-Mega, L50, F
|-mega|p2a: Mawile|Mawile|Mawilite
|move|p1b: Ceruledge|Shadow Sneak|p2b: Slowbro
|-supereffective|p2b: Slowbro|1
|-damage|p2b: Slowbro|0 fnt
|faint|p2b: Slowbro
|move|p2a: Mawile|Play Rough|p1a: Incineroar
|-crit|p1a: Incineroar
|-damage|p1a: Incineroar|0 fnt
|faint|p1a: Incineroar
|
|upkeep
|
|t:|1782582443
|switch|p2b: Mamoswine|Mamoswine, L50, M|100/100
|switch|p1a: Raichu|Raichu-Mega-Y, L50, F|100/100
|turn|3
|
|t:|1782582462
|move|p1a: Raichu|Fake Out|p2b: Mamoswine
|-damage|p2b: Mamoswine|89/100
|move|p2a: Mawile|Sucker Punch||[still]
|-fail|p2a: Mawile
|move|p1b: Ceruledge|Bulk Up|p1b: Ceruledge
|-boost|p1b: Ceruledge|atk|1
|-boost|p1b: Ceruledge|def|1
|cant|p2b: Mamoswine|flinch
|
|upkeep
|turn|4
|
|t:|1782582471
|move|p1a: Raichu|Protect|p1a: Raichu
|-singleturn|p1a: Raichu|Protect
|move|p2a: Mawile|Play Rough|p1b: Ceruledge
|-resisted|p1b: Ceruledge|1
|-damage|p1b: Ceruledge|84/100
|move|p1b: Ceruledge|Bitter Blade|p2b: Mamoswine
|-supereffective|p2b: Mamoswine|1
|-damage|p2b: Mamoswine|9/100
|-heal|p1b: Ceruledge|100/100|[from] drain|[of] p2b: Mamoswine
|move|p2b: Mamoswine|High Horsepower|p1a: Raichu
|-activate|p1a: Raichu|move: Protect
|
|upkeep
|turn|5
|
|t:|1782582485
|move|p2a: Mawile|Sucker Punch|p1b: Ceruledge
|-supereffective|p1b: Ceruledge|1
|-enditem|p1b: Ceruledge|Colbur Berry|[eat]
|-enditem|p1b: Ceruledge|Colbur Berry|[weaken]
|-damage|p1b: Ceruledge|83/100
|move|p1b: Ceruledge|Shadow Sneak|p2b: Mamoswine
|-damage|p2b: Mamoswine|0 fnt
|faint|p2b: Mamoswine
|move|p1a: Raichu|Zap Cannon|p2a: Mawile
|-damage|p2a: Mawile|24/100
|-status|p2a: Mawile|par
|
|-fieldend|move: Trick Room
|upkeep
|-message|janesqdef forfeited.
|raw|Can I pet the dog?'s rating: 1114 → 1135(+21 for winning)
|raw|janesqdef's rating: 1059 → 1043(-16 for losing)
|
|win|Can I pet the dog?
