|j|☆Diegoelsocorrista
|j|☆Hayz27727282828
|html|DiegoelsocorristaHayz27727282828    
|uhtml|bestof|Game 2 of a best-of-3
|t:|1757792894
|gametype|doubles
|player|p1|Diegoelsocorrista|blaine|1181
|player|p2|Hayz27727282828|101|1071
|gen|9
|tier|[Gen 9] VGC 2025 Reg H (Bo3)
|rated|
|rule|Species Clause: Limit one of each Pokémon
|rule|Item Clause: Limit 1 of each item
|clearpoke
|poke|p1|Archaludon, L50, M|
|poke|p1|Rillaboom, L50, F|
|poke|p1|Basculegion, L50, M|
|poke|p1|Kingambit, L50, F|
|poke|p1|Pelipper, L50, F|
|poke|p1|Electabuzz, L50, M|
|poke|p2|Tyranitar, L50, F|
|poke|p2|Rillaboom, L50, F|
|poke|p2|Volcarona, L50, M|
|poke|p2|Primarina, L50, M|
|poke|p2|Sneasler, L50, M|
|poke|p2|Baxcalibur, L50, F|
|teampreview|4
|showteam|p1|Archaludon||AssaultVest|Stamina|ElectroShot,DracoMeteor,FlashCannon,BodyPress|||M|||50|,,,,,Fairy]Rillaboom||LoadedDice|GrassySurge|BulletSeed,GrassyGlide,FakeOut,Uturn|||F|||50|,,,,,Fire]Basculegion||ChoiceBand|SwiftSwim|WaveCrash,LastRespects,FlipTurn,AquaJet|||M|||50|,,,,,Grass]Kingambit||BlackGlasses|Defiant|KowtowCleave,SuckerPunch,SwordsDance,Protect|||F|||50|,,,,,Dark]Pelipper||FocusSash|Drizzle|WeatherBall,Hurricane,Tailwind,Protect|||F|||50|,,,,,Ghost]Electabuzz||Eviolite|VitalSpirit|Electroweb,Taunt,FollowMe,Protect|||M|||50|,,,,,Ghost
|showteam|p2|Tyranitar||FocusSash|SandStream|RockSlide,KnockOff,Taunt,Protect|||F|||50|,,,,,Ghost]Rillaboom||AssaultVest|GrassySurge|HighHorsepower,Uturn,GrassyGlide,FakeOut|||F|||50|,,,,,Fire]Volcarona||Leftovers|FlameBody|FieryDance,QuiverDance,GigaDrain,Protect|||M|||50|,,,,,Dragon]Primarina||ThroatSpray|LiquidVoice|Moonblast,HyperVoice,Haze,Protect|||M|||50|,,,,,Ground]Sneasler||GrassySeed|Unburden|CloseCombat,DireClaw,Acrobatics,Protect|||M|||50|,,,,,Dark]Baxcalibur||ClearAmulet|ThermalExchange|IceShard,GlaiveRush,Protect,IcicleCrash|||F|||50|,,,,,Water
|inactive|Battle timer is ON: inactive players will automatically lose when time's up. (requested by Hayz27727282828)
|
|t:|1757792914
|teamsize|p1|4
|teamsize|p2|4
|start
|switch|p1a: Kingambit|Kingambit, L50, F, shiny|100/100
|switch|p1b: Electabuzz|Electabuzz, L50, M|100/100
|switch|p2a: Rillaboom|Rillaboom, L50, F|100/100
|switch|p2b: Sneasler|Sneasler, L50, M|100/100
|-fieldstart|move: Grassy Terrain|[from] ability: Grassy Surge|[of] p2a: Rillaboom
|-enditem|p2b: Sneasler|Grassy Seed
|-boost|p2b: Sneasler|def|1|[from] item: Grassy Seed
|turn|1
|inactive|Diegoelsocorrista has 30 seconds left.
|inactive|Hayz27727282828 has 30 seconds left.
|inactive|Diegoelsocorrista has 20 seconds left.
|inactive|Hayz27727282828 has 20 seconds left.
|inactive|Diegoelsocorrista has 15 seconds left.
|inactive|Hayz27727282828 has 15 seconds left.
|
|t:|1757792958
|move|p1b: Electabuzz|Protect|p1b: Electabuzz
|-singleturn|p1b: Electabuzz|Protect
|move|p1a: Kingambit|Protect|p1a: Kingambit
|-singleturn|p1a: Kingambit|Protect
|move|p2b: Sneasler|Close Combat|p1b: Electabuzz
|-activate|p1b: Electabuzz|move: Protect
|move|p2a: Rillaboom|High Horsepower|p1b: Electabuzz
|-activate|p1b: Electabuzz|move: Protect
|
|upkeep
|turn|2
|
|t:|1757792974
|move|p1b: Electabuzz|Follow Me|p1b: Electabuzz
|-singleturn|p1b: Electabuzz|move: Follow Me
|move|p2b: Sneasler|Close Combat|p1b: Electabuzz
|-damage|p1b: Electabuzz|56/100
|-unboost|p2b: Sneasler|def|1
|-unboost|p2b: Sneasler|spd|1
|move|p2a: Rillaboom|High Horsepower|p1b: Electabuzz
|-supereffective|p1b: Electabuzz
|-damage|p1b: Electabuzz|6/100
|move|p1a: Kingambit|Swords Dance|p1a: Kingambit
|-boost|p1a: Kingambit|atk|2
|
|-heal|p1b: Electabuzz|12/100|[from] Grassy Terrain
|upkeep
|turn|3
|
|t:|1757792995
|-terastallize|p1a: Kingambit|Dark
|move|p1b: Electabuzz|Protect|p1b: Electabuzz
|-singleturn|p1b: Electabuzz|Protect
|move|p1a: Kingambit|Sucker Punch|p2b: Sneasler
|-resisted|p2b: Sneasler
|-damage|p2b: Sneasler|0 fnt
|faint|p2b: Sneasler
|move|p2a: Rillaboom|U-turn|p1a: Kingambit
|-supereffective|p1a: Kingambit
|-damage|p1a: Kingambit|60/100
|
|t:|1757793009
|switch|p2a: Volcarona|Volcarona, L50, M|100/100|[from] U-turn
|
|-heal|p1b: Electabuzz|17/100|[from] Grassy Terrain
|-heal|p1a: Kingambit|66/100|[from] Grassy Terrain
|upkeep
|
|t:|1757793017
|switch|p2b: Rillaboom|Rillaboom, L50, F|100/100
|turn|4
|
|t:|1757793039
|move|p2b: Rillaboom|Fake Out|p1a: Kingambit
|-damage|p1a: Kingambit|56/100
|move|p2a: Volcarona|Quiver Dance|p2a: Volcarona
|-boost|p2a: Volcarona|spa|1
|-boost|p2a: Volcarona|spd|1
|-boost|p2a: Volcarona|spe|1
|move|p1b: Electabuzz|Taunt|p2a: Volcarona
|-start|p2a: Volcarona|move: Taunt
|cant|p1a: Kingambit|flinch
|
|-heal|p1b: Electabuzz|23/100|[from] Grassy Terrain
|-heal|p1a: Kingambit|61/100|[from] Grassy Terrain
|upkeep
|turn|5
|inactive|Hayz27727282828 has 30 seconds left.
|inactive|Hayz27727282828 has 20 seconds left.
|
|t:|1757793077
|move|p1b: Electabuzz|Follow Me|p1b: Electabuzz
|-singleturn|p1b: Electabuzz|move: Follow Me
|move|p1a: Kingambit|Sucker Punch|p2a: Volcarona
|-damage|p2a: Volcarona|0 fnt
|-status|p1a: Kingambit|brn|[from] ability: Flame Body|[of] p2a: Volcarona
|faint|p2a: Volcarona
|move|p2b: Rillaboom|U-turn|p1b: Electabuzz
|-damage|p1b: Electabuzz|5/100
|
|t:|1757793092
|switch|p2b: Tyranitar|Tyranitar, L50, F|100/100|[from] U-turn
|-weather|Sandstorm|[from] ability: Sand Stream|[of] p2b: Tyranitar
|
|-weather|Sandstorm|[upkeep]
|-damage|p1b: Electabuzz|0 fnt|[from] Sandstorm
|-damage|p1a: Kingambit|56/100 brn|[from] Sandstorm
|faint|p1b: Electabuzz
|-heal|p1a: Kingambit|61/100 brn|[from] Grassy Terrain
|-damage|p1a: Kingambit|56/100 brn|[from] brn
|-fieldend|move: Grassy Terrain
|upkeep
|
|t:|1757793106
|switch|p2a: Rillaboom|Rillaboom, L50, F|100/100
|switch|p1b: Pelipper|Pelipper, L50, F|100/100
|-weather|RainDance|[from] ability: Drizzle|[of] p1b: Pelipper
|-fieldstart|move: Grassy Terrain|[from] ability: Grassy Surge|[of] p2a: Rillaboom
|turn|6
|
|t:|1757793125
|move|p1b: Pelipper|Protect|p1b: Pelipper
|-singleturn|p1b: Pelipper|Protect
|move|p2a: Rillaboom|Fake Out|p1b: Pelipper
|-activate|p1b: Pelipper|move: Protect
|move|p1a: Kingambit|Sucker Punch|p2b: Tyranitar
|-resisted|p2b: Tyranitar
|-damage|p2b: Tyranitar|69/100
|move|p2b: Tyranitar|Knock Off|p1a: Kingambit
|-resisted|p1a: Kingambit
|-damage|p1a: Kingambit|34/100 brn
|-enditem|p1a: Kingambit|Black Glasses|[from] move: Knock Off|[of] p2b: Tyranitar
|
|-weather|RainDance|[upkeep]
|-heal|p2b: Tyranitar|75/100|[from] Grassy Terrain
|-heal|p1a: Kingambit|40/100 brn|[from] Grassy Terrain
|-damage|p1a: Kingambit|34/100 brn|[from] brn
|upkeep
|turn|7
|
|t:|1757793150
|-terastallize|p2b: Tyranitar|Ghost
|move|p1a: Kingambit|Sucker Punch|p2a: Rillaboom
|-damage|p2a: Rillaboom|46/100
|move|p1b: Pelipper|Hurricane|p2a: Rillaboom
|-supereffective|p2a: Rillaboom
|-damage|p2a: Rillaboom|0 fnt
|faint|p2a: Rillaboom
|move|p2b: Tyranitar|Rock Slide|p1a: Kingambit|[spread] p1a,p1b
|-supereffective|p1b: Pelipper
|-damage|p1a: Kingambit|10/100 brn
|-damage|p1b: Pelipper|11/100
|
|-weather|RainDance|[upkeep]
|-heal|p2b: Tyranitar|81/100|[from] Grassy Terrain
|-heal|p1a: Kingambit|16/100 brn|[from] Grassy Terrain
|-damage|p1a: Kingambit|10/100 brn|[from] brn
|upkeep
|turn|8
|
|t:|1757793171
|move|p1a: Kingambit|Sucker Punch|p2b: Tyranitar
|-supereffective|p2b: Tyranitar
|-damage|p2b: Tyranitar|0 fnt
|faint|p2b: Tyranitar
|
|win|Diegoelsocorrista
|raw|Diegoelsocorrista's rating: 1181 → 1198(+17 for winning)
|raw|Hayz27727282828's rating: 1071 → 1057(-14 for losing)
