|j|☆vgc yung eezy
|j|☆zigistardust
|html|vgc yung eezyzigistardust    
|uhtml|bestof|Game 1 of a best-of-3
|t:|1785685418
|gametype|doubles
|player|p1|vgc yung eezy|lucas|
|player|p2|zigistardust|2|
|gen|9
|tier|[Gen 9 Champions] VGC 2026 Reg M-B (Bo3)
|rule|Species Clause: Limit one of each Pokémon
|rule|Item Clause: Limit 1 of each item
|clearpoke
|poke|p1|Staraptor, L50, M|
|poke|p1|Charizard, L50, F|
|poke|p1|Glimmora, L50, M|
|poke|p1|Whimsicott, L50, M|
|poke|p1|Basculegion, L50, M|
|poke|p1|Garchomp, L50, F|
|poke|p2|Garchomp, L50, M|
|poke|p2|Kingambit, L50, F|
|poke|p2|Staraptor, L50, F|
|poke|p2|Whimsicott, L50, M|
|poke|p2|Charizard, L50, M|
|poke|p2|Incineroar, L50, M|
|teampreview|4
|showteam|p1|Staraptor||Staraptite|Intimidate|DualWingbeat,CloseCombat,Roost,Protect|Jolly||M|||50|]Charizard||CharizarditeY|Blaze|HeatWave,SolarBeam,WeatherBall,Protect|Modest||F|||50|]Glimmora||FocusSash|ToxicDebris|PowerGem,SludgeBomb,EarthPower,SpikyShield|Modest||M|||50|]Whimsicott||LifeOrb|Prankster|Moonblast,GrassKnot,Tailwind,Protect|Modest||M|||50|]Basculegion||ChoiceScarf|Adaptability|WaveCrash,LastRespects,AquaJet,FlipTurn|Jolly||M|||50|]Garchomp||SitrusBerry|RoughSkin|Earthquake,RockSlide,PoisonJab,DragonTail|Adamant||F|||50|
|showteam|p2|Garchomp||LifeOrb|RoughSkin|Protect,DragonClaw,Earthquake,StompingTantrum|Jolly||M|||50|]Kingambit||BlackGlasses|Defiant|Protect,KowtowCleave,IronHead,SuckerPunch|Adamant||F|||50|]Staraptor||Staraptite|Intimidate|Protect,CloseCombat,BraveBird,Roost|Jolly||F|||50|]Whimsicott||FocusSash|Prankster|Tailwind,Moonblast,SunnyDay,Encore|Timid||M|||50|]Charizard||CharizarditeY|Blaze|Protect,HeatWave,SolarBeam,WeatherBall|Modest||M|||50|]Incineroar||ChopleBerry|Intimidate|FakeOut,FlareBlitz,ThroatChop,PartingShot|Serious||M|||50|
|c|☆vgc yung eezy|hf
|c|☆zigistardust|glhf
|
|t:|1785685525
|teamsize|p1|4
|teamsize|p2|4
|start
|switch|p1a: Glimmora|Glimmora, L50, M|100/100
|switch|p1b: Garchomp|Garchomp, L50, F|100/100
|switch|p2a: Incineroar|Incineroar, L50, M|100/100
|switch|p2b: Kingambit|Kingambit, L50, F|100/100
|-ability|p2a: Incineroar|Intimidate|boost
|-unboost|p1a: Glimmora|atk|1
|-unboost|p1b: Garchomp|atk|1
|turn|1
|
|t:|1785685574
|move|p2a: Incineroar|Fake Out|p1b: Garchomp
|-damage|p1b: Garchomp|91/100
|-damage|p2a: Incineroar|87/100|[from] ability: Rough Skin|[of] p1b: Garchomp
|move|p1a: Glimmora|Earth Power|p2b: Kingambit
|-supereffective|p2b: Kingambit|1
|-damage|p2b: Kingambit|19/100
|cant|p1b: Garchomp|flinch
|move|p2b: Kingambit|Iron Head|p1a: Glimmora
|-supereffective|p1a: Glimmora|1
|-enditem|p1a: Glimmora|Focus Sash
|-damage|p1a: Glimmora|1/100
|-activate|p1a: Glimmora|ability: Toxic Debris
|-sidestart|p2: zigistardust|move: Toxic Spikes
|
|upkeep
|turn|2
|
|t:|1785685607
|move|p1a: Glimmora|Spiky Shield|p1a: Glimmora
|-singleturn|p1a: Glimmora|move: Protect
|move|p2b: Kingambit|Sucker Punch||[still]
|-fail|p2b: Kingambit
|move|p1b: Garchomp|Earthquake|p2a: Incineroar|[spread] p2a,p2b
|-activate|p1a: Glimmora|move: Protect
|-supereffective|p2a: Incineroar|1
|-supereffective|p2b: Kingambit|1
|-damage|p2a: Incineroar|40/100
|-damage|p2b: Kingambit|0 fnt
|faint|p2b: Kingambit
|move|p2a: Incineroar|Parting Shot|p1b: Garchomp
|-unboost|p1b: Garchomp|atk|1
|-unboost|p1b: Garchomp|spa|1
|
|t:|1785685624
|switch|p2a: Staraptor|Staraptor, L50, F|100/100|[from] Parting Shot
|-ability|p2a: Staraptor|Intimidate|boost
|-unboost|p1a: Glimmora|atk|1
|-unboost|p1b: Garchomp|atk|1
|
|upkeep
|
|t:|1785685638
|switch|p2b: Incineroar|Incineroar, L50, M|40/100
|-status|p2b: Incineroar|psn
|-ability|p2b: Incineroar|Intimidate|boost
|-unboost|p1a: Glimmora|atk|1
|-unboost|p1b: Garchomp|atk|1
|turn|3
|
|t:|1785685668
|switch|p1b: Staraptor|Staraptor, L50, M|100/100
|-ability|p1b: Staraptor|Intimidate|boost
|-unboost|p2a: Staraptor|atk|1
|-unboost|p2b: Incineroar|atk|1
|detailschange|p2a: Staraptor|Staraptor-Mega, L50, F
|-mega|p2a: Staraptor|Staraptor|Staraptite
|move|p2b: Incineroar|Fake Out|p1b: Staraptor
|-damage|p1b: Staraptor|90/100
|move|p2a: Staraptor|Close Combat|p1a: Glimmora
|-damage|p1a: Glimmora|0 fnt
|-boost|p2a: Staraptor|def|1
|-boost|p2a: Staraptor|spd|1
|-activate|p1a: Glimmora|ability: Toxic Debris
|-sidestart|p2: zigistardust|move: Toxic Spikes
|faint|p1a: Glimmora
|
|-damage|p2b: Incineroar|28/100 psn|[from] psn
|upkeep
|
|t:|1785685691
|switch|p1a: Garchomp|Garchomp, L50, F|91/100
|turn|4
|j| BigFishyLife
|
|t:|1785685717
|detailschange|p1b: Staraptor|Staraptor-Mega, L50, M
|-mega|p1b: Staraptor|Staraptor|Staraptite
|move|p2a: Staraptor|Brave Bird|p1b: Staraptor
|-supereffective|p1b: Staraptor|1
|-damage|p1b: Staraptor|18/100
|-damage|p2a: Staraptor|72/100|[from] Recoil
|move|p1b: Staraptor|Close Combat|p2a: Staraptor
|-resisted|p2a: Staraptor|1
|-damage|p2a: Staraptor|49/100
|-boost|p1b: Staraptor|def|1
|-boost|p1b: Staraptor|spd|1
|move|p1a: Garchomp|Rock Slide|p2a: Staraptor|[spread] p2a
|-miss|p1a: Garchomp|p2b: Incineroar
|-damage|p2a: Staraptor|34/100
|move|p2b: Incineroar|Parting Shot|p1a: Garchomp
|-unboost|p1a: Garchomp|atk|1
|-unboost|p1a: Garchomp|spa|1
|
|t:|1785685733
|switch|p2b: Garchomp|Garchomp, L50, M|100/100|[from] Parting Shot
|-status|p2b: Garchomp|tox
|
|-damage|p2b: Garchomp|94/100 tox|[from] psn
|upkeep
|turn|5
|
|t:|1785685753
|move|p1b: Staraptor|Protect|p1b: Staraptor
|-singleturn|p1b: Staraptor|Protect
|move|p2a: Staraptor|Brave Bird|p1b: Staraptor
|-activate|p1b: Staraptor|move: Protect
|move|p2b: Garchomp|Dragon Claw|p1a: Garchomp
|-supereffective|p1a: Garchomp|1
|-damage|p1a: Garchomp|8/100
|-damage|p2b: Garchomp|81/100 tox|[from] ability: Rough Skin|[of] p1a: Garchomp
|-enditem|p1a: Garchomp|Sitrus Berry|[eat]
|-heal|p1a: Garchomp|33/100|[from] item: Sitrus Berry
|-damage|p2b: Garchomp|71/100 tox|[from] item: Life Orb
|move|p1a: Garchomp|Rock Slide|p2a: Staraptor|[spread] p2a
|-miss|p1a: Garchomp|p2b: Garchomp
|-damage|p2a: Staraptor|24/100
|
|-damage|p2b: Garchomp|60/100 tox|[from] psn
|upkeep
|turn|6
|j| ido1234567890
|l| BigFishyLife
|
|t:|1785685796
|move|p1b: Staraptor|Protect||[still]
|-fail|p1b: Staraptor
|move|p2a: Staraptor|Brave Bird|p1b: Staraptor
|-supereffective|p1b: Staraptor|1
|-damage|p1b: Staraptor|0 fnt
|faint|p1b: Staraptor
|-damage|p2a: Staraptor|17/100|[from] Recoil
|move|p2b: Garchomp|Earthquake|p1a: Garchomp|[spread] p1a
|-immune|p2a: Staraptor
|-damage|p1a: Garchomp|0 fnt
|faint|p1a: Garchomp
|-damage|p2b: Garchomp|50/100g tox|[from] item: Life Orb
|
|-damage|p2b: Garchomp|32/100 tox|[from] psn
|upkeep
|
|t:|1785685808
|switch|p1b: Basculegion|Basculegion, L50, M|100/100
|turn|7
|
|t:|1785685872
|move|p2a: Staraptor|Protect|p2a: Staraptor
|-singleturn|p2a: Staraptor|Protect
|move|p1b: Basculegion|Flip Turn|p2a: Staraptor
|-activate|p2a: Staraptor|move: Protect
|move|p2b: Garchomp|Earthquake|p1b: Basculegion|[spread] p1b
|-activate|p2a: Staraptor|move: Protect
|-damage|p1b: Basculegion|31/100
|-damage|p2b: Garchomp|22/100 tox|[from] item: Life Orb
|
|-damage|p2b: Garchomp|0 fnt|[from] psn
|faint|p2b: Garchomp
|upkeep
|
|t:|1785685883
|switch|p2b: Incineroar|Incineroar, L50, M|28/100 psn
|-ability|p2b: Incineroar|Intimidate|boost
|-unboost|p1b: Basculegion|atk|1
|turn|8
|
|t:|1785685896
|move|p1b: Basculegion|Flip Turn|p2b: Incineroar
|-supereffective|p2b: Incineroar|1
|-damage|p2b: Incineroar|0 fnt
|faint|p2b: Incineroar
|move|p2a: Staraptor|Roost|p2a: Staraptor
|-heal|p2a: Staraptor|67/100
|-singleturn|p2a: Staraptor|move: Roost
|
|upkeep
|turn|9
|
|t:|1785685910
|move|p1b: Basculegion|Flip Turn|p2a: Staraptor
|-damage|p2a: Staraptor|47/100
|move|p2a: Staraptor|Brave Bird|p1b: Basculegion
|-damage|p1b: Basculegion|0 fnt
|faint|p1b: Basculegion
|-damage|p2a: Staraptor|35/100|[from] Recoil
|
|win|zigistardust
||vgc yung eezy is ready for game 2.
||zigistardust is ready for game 2.
|uhtml|next|Next: Game 2 of 3
|l| ido1234567890
|j| ido1234567890
|j| DravenVGC
|l|☆vgc yung eezy
|player|p1|
|j| Leon000
|l| Leon000
|l| DravenVGC
