|j|☆ultraclaw1
|j|☆Doomnik
|html|ultraclaw1Doomnik    
|uhtml|bestof|Game 2 of a best-of-3
|t:|1782544826
|gametype|doubles
|player|p1|ultraclaw1|alder|1190
|player|p2|Doomnik|volkner|1220
|gen|9
|tier|[Gen 9 Champions] VGC 2026 Reg M-B (Bo3)
|rated|
|rule|Species Clause: Limit one of each Pokémon
|rule|Item Clause: Limit 1 of each item
|clearpoke
|poke|p1|Raichu, L50, F|
|poke|p1|Incineroar, L50, M|
|poke|p1|Sinistcha-Masterpiece, L50|
|poke|p1|Froslass, L50, F|
|poke|p1|Whimsicott, L50, M|
|poke|p1|Garchomp, L50, F|
|poke|p2|Hydreigon, L50, F|
|poke|p2|Metagross, L50|
|poke|p2|Garchomp, L50, M|
|poke|p2|Grimmsnarl, L50, M|
|poke|p2|Toxapex, L50, F|
|poke|p2|Charizard, L50, F, shiny|
|teampreview|4
|showteam|p1|Raichu||RaichuniteY|LightningRod|NastyPlot,Protect,ZapCannon,FocusBlast|Modest||F|||50|]Incineroar||SitrusBerry|Intimidate|ThroatChop,FlareBlitz,PartingShot,FakeOut|Adamant||M|||50|]Sinistcha-Masterpiece||OccaBerry|Hospitality|TrickRoom,RagePowder,MatchaGotcha,StrengthSap|Sassy|||||50|]Froslass||Froslassite|CursedBody|Protect,NastyPlot,Blizzard,ShadowBall|Modest||F|||50|]Whimsicott||FocusSash|Prankster|Protect,Moonblast,Tailwind,Encore|Timid||M|||50|]Garchomp||LifeOrb|RoughSkin|DragonClaw,StompingTantrum,Protect,RockSlide|Jolly||F|||50|
|showteam|p2|Hydreigon||ChoiceScarf|Levitate|HeatWave,DarkPulse,Snarl,DracoMeteor|Modest||F|||50|]Metagross||Metagrossite|ClearBody|IronHead,BodyPress,BulletPunch,Protect|Adamant|||||50|]Garchomp||SitrusBerry|RoughSkin|Earthquake,DragonClaw,RockSlide,Protect|Adamant||M|||50|]Grimmsnarl||RoseliBerry|Prankster|PartingShot,Reflect,FakeOut,FoulPlay|Bold||M|||50|]Toxapex||Leftovers|Regenerator|Infestation,BanefulBunker,Toxic,WideGuard|Bold||F|||50|]Charizard||CharizarditeY|Blaze|WeatherBall,Protect,SolarBeam,HeatWave|Modest||F|||50|
|inactive|Battle timer is ON: inactive players will automatically lose when time's up. (requested by Doomnik)
|inactive|ultraclaw1 also wants the timer to be on.
|
|t:|1782544850
|teamsize|p1|4
|teamsize|p2|4
|start
|switch|p1a: Raichu|Raichu, L50, F|100/100
|switch|p1b: Incineroar|Incineroar, L50, M|100/100
|switch|p2a: Garchomp|Garchomp, L50, M|100/100
|switch|p2b: Hydreigon|Hydreigon, L50, F|100/100
|-ability|p1b: Incineroar|Intimidate|boost
|-unboost|p2a: Garchomp|atk|1
|-unboost|p2b: Hydreigon|atk|1
|turn|1
|
|t:|1782544865
|detailschange|p1a: Raichu|Raichu-Mega-Y, L50, F
|-mega|p1a: Raichu|Raichu|Raichunite Y
|move|p1b: Incineroar|Fake Out|p2a: Garchomp
|-damage|p2a: Garchomp|89/100
|-damage|p1b: Incineroar|87/100|[from] ability: Rough Skin|[of] p2a: Garchomp
|move|p2b: Hydreigon|Draco Meteor|p1a: Raichu
|-damage|p1a: Raichu|0 fnt
|-unboost|p2b: Hydreigon|spa|2
|faint|p1a: Raichu
|cant|p2a: Garchomp|flinch
|
|upkeep
|
|t:|1782544869
|switch|p1a: Whimsicott|Whimsicott, L50, M|100/100
|turn|2
|
|t:|1782544880
|switch|p2b: Grimmsnarl|Grimmsnarl, L50, M|100/100
|move|p1a: Whimsicott|Moonblast|p2b: Grimmsnarl
|-supereffective|p2b: Grimmsnarl|1
|-enditem|p2b: Grimmsnarl|Roseli Berry|[eat]
|-enditem|p2b: Grimmsnarl|Roseli Berry|[weaken]
|-damage|p2b: Grimmsnarl|68/100
|move|p2a: Garchomp|Rock Slide|p1a: Whimsicott|[spread] p1a,p1b
|-supereffective|p1b: Incineroar|1
|-damage|p1a: Whimsicott|82/100
|-damage|p1b: Incineroar|65/100
|cant|p1b: Incineroar|flinch
|
|upkeep
|turn|3
|
|t:|1782544891
|move|p2b: Grimmsnarl|Fake Out|p1a: Whimsicott
|-damage|p1a: Whimsicott|67/100
|cant|p1a: Whimsicott|flinch
|move|p2a: Garchomp|Rock Slide|p1a: Whimsicott|[spread] p1a,p1b
|-supereffective|p1b: Incineroar|1
|-damage|p1a: Whimsicott|50/100g
|-damage|p1b: Incineroar|42/100
|-enditem|p1b: Incineroar|Sitrus Berry|[eat]
|-heal|p1b: Incineroar|66/100|[from] item: Sitrus Berry
|move|p1b: Incineroar|Parting Shot|p2b: Grimmsnarl
|-unboost|p2b: Grimmsnarl|atk|1
|-unboost|p2b: Grimmsnarl|spa|1
|
|t:|1782544893
|switch|p1b: Garchomp|Garchomp, L50, F|100/100|[from] Parting Shot
|
|upkeep
|turn|4
|
|t:|1782544907
|move|p2b: Grimmsnarl|Reflect|p2b: Grimmsnarl
|-sidestart|p2: Doomnik|Reflect
|move|p1a: Whimsicott|Moonblast|p2b: Grimmsnarl
|-supereffective|p2b: Grimmsnarl|1
|-damage|p2b: Grimmsnarl|0 fnt
|faint|p2b: Grimmsnarl
|move|p1b: Garchomp|Dragon Claw|p2a: Garchomp
|-supereffective|p2a: Garchomp|1
|-damage|p2a: Garchomp|25/100
|-damage|p1b: Garchomp|87/100|[from] ability: Rough Skin|[of] p2a: Garchomp
|-enditem|p2a: Garchomp|Sitrus Berry|[eat]
|-heal|p2a: Garchomp|50/100g|[from] item: Sitrus Berry
|-damage|p1b: Garchomp|78/100|[from] item: Life Orb
|move|p2a: Garchomp|Rock Slide|p1b: Garchomp|[spread] p1b
|-miss|p2a: Garchomp|p1a: Whimsicott
|-resisted|p1b: Garchomp|1
|-damage|p1b: Garchomp|72/100
|
|upkeep
|
|t:|1782544924
|switch|p2b: Hydreigon|Hydreigon, L50, F|100/100
|turn|5
|
|t:|1782544929
|switch|p1b: Incineroar|Incineroar, L50, M|66/100
|-ability|p1b: Incineroar|Intimidate|boost
|-unboost|p2a: Garchomp|atk|1
|-unboost|p2b: Hydreigon|atk|1
|switch|p2a: Toxapex|Toxapex, L50, F|100/100
|move|p2b: Hydreigon|Heat Wave|p1a: Whimsicott|[spread] p1a,p1b
|-supereffective|p1a: Whimsicott|1
|-resisted|p1b: Incineroar|1
|-damage|p1a: Whimsicott|0 fnt
|-damage|p1b: Incineroar|54/100
|faint|p1a: Whimsicott
|
|upkeep
|
|t:|1782544938
|switch|p1a: Garchomp|Garchomp, L50, F|72/100
|turn|6
|
|t:|1782544943
|switch|p2b: Garchomp|Garchomp, L50, M|50/100g
|move|p2a: Toxapex|Baneful Bunker|p2a: Toxapex
|-singleturn|p2a: Toxapex|move: Protect
|move|p1b: Incineroar|Fake Out|p2b: Garchomp
|-damage|p2b: Garchomp|43/100
|-damage|p1b: Incineroar|42/100|[from] ability: Rough Skin|[of] p2b: Garchomp
|move|p1a: Garchomp|Dragon Claw|p2b: Garchomp
|-supereffective|p2b: Garchomp|1
|-damage|p2b: Garchomp|0 fnt
|-damage|p1a: Garchomp|60/100|[from] ability: Rough Skin|[of] p2b: Garchomp
|faint|p2b: Garchomp
|-damage|p1a: Garchomp|50/100g|[from] item: Life Orb
|
|upkeep
|
|t:|1782544950
|switch|p2b: Hydreigon|Hydreigon, L50, F|100/100
|turn|7
|
|t:|1782544955
|move|p2b: Hydreigon|Draco Meteor|p1a: Garchomp
|-supereffective|p1a: Garchomp|1
|-damage|p1a: Garchomp|0 fnt
|-unboost|p2b: Hydreigon|spa|2
|faint|p1a: Garchomp
|move|p1b: Incineroar|Parting Shot|p2b: Hydreigon
|-unboost|p2b: Hydreigon|atk|1
|-unboost|p2b: Hydreigon|spa|1
|move|p2a: Toxapex|Toxic|p1b: Incineroar
|-status|p1b: Incineroar|tox
|
|-damage|p1b: Incineroar|36/100 tox|[from] psn
|upkeep
|turn|8
|-message|ultraclaw1 forfeited.
|
|win|Doomnik
|l|☆ultraclaw1
|player|p1|
