|j|☆Uncreative7452
|j|☆Smollitalia
|html|Uncreative7452Smollitalia    
|uhtml|bestof|Game 2 of a best-of-3
|t:|1756352079
|gametype|doubles
|player|p1|Uncreative7452|266|1095
|player|p2|Smollitalia|265|1152
|gen|9
|tier|[Gen 9] VGC 2025 Reg H (Bo3)
|rated|
|rule|Species Clause: Limit one of each Pokémon
|rule|Item Clause: Limit 1 of each item
|clearpoke
|poke|p1|Porygon2, L50|
|poke|p1|Reuniclus, L50, F|
|poke|p1|Alcremie, L50, F|
|poke|p1|Chesnaught, L50, M|
|poke|p1|Pincurchin, L50, M|
|poke|p1|Kingambit, L50, M|
|poke|p2|Charizard, L50, F|
|poke|p2|Farigiraf, L50, F|
|poke|p2|Rillaboom, L50, F|
|poke|p2|Garchomp, L50, M|
|poke|p2|Torkoal, L50, F|
|poke|p2|Whimsicott, L50, M|
|teampreview|4
|showteam|p1|Porygon2||Eviolite|Download|IceBeam,TeraBlast,TrickRoom,Recover||||||50|,,,,,Fighting]Reuniclus||CovertCloak|Overcoat|ExpandingForce,ShadowBall,TrickRoom,Protect|||F|||50|,,,,,Dark]Alcremie||RoomService|AromaVeil|AlluringVoice,Decorate,Protect,HelpingHand|||F|||50|,,,,,Steel]Chesnaught||ElectricSeed|Bulletproof|LeechSeed,WideGuard,BodyPress,SpikyShield|||M|||50|,,,,,Steel]Pincurchin||FocusSash|ElectricSurge|SupercellSlam,ZingZap,Liquidation,Protect|||M|||50|,,,,,Electric]Kingambit||AssaultVest|Defiant|IronHead,SuckerPunch,TeraBlast,KowtowCleave|||M|||50|,,,,,Flying
|showteam|p2|Charizard||ChoiceSpecs|SolarPower|HeatWave,DragonPulse,WeatherBall,AirSlash|||F|||50|,,,,,Ghost]Farigiraf||ThroatSpray|ArmorTail|HyperVoice,Thunderbolt,TrickRoom,HelpingHand|||F|||50|,,,,,Electric]Rillaboom||AssaultVest|GrassySurge|FakeOut,WoodHammer,GrassyGlide,Uturn|||F|||50|,,,,,Fire]Garchomp||LifeOrb|RoughSkin|Earthquake,DragonClaw,StompingTantrum,Protect|||M|||50|,,,,,Steel]Torkoal||Charcoal|Drought|HeatWave,HelpingHand,Protect,Eruption|||F|||50|,,,,,Fire]Whimsicott||FocusSash|Prankster|Moonblast,Tailwind,Encore,SunnyDay|||M|||50|,,,,,Ghost
|
|t:|1756352117
|teamsize|p1|4
|teamsize|p2|4
|start
|switch|p1a: Porygon2|Porygon2, L50|100/100
|switch|p1b: Pincurchin|Pincurchin, L50, M|100/100
|switch|p2a: Whimsicott|Whimsicott, L50, M|100/100
|switch|p2b: Farigiraf|Farigiraf, L50, F|100/100
|-ability|p1a: Porygon2|Download|boost
|-boost|p1a: Porygon2|spa|1
|-fieldstart|move: Electric Terrain|[from] ability: Electric Surge|[of] p1b: Pincurchin
|turn|1
|
|t:|1756352139
|switch|p2b: Rillaboom|Rillaboom, L50, F, shiny|100/100
|-fieldstart|move: Grassy Terrain|[from] ability: Grassy Surge|[of] p2b: Rillaboom
|move|p2a: Whimsicott|Moonblast|p1b: Pincurchin
|-damage|p1b: Pincurchin|57/100
|move|p1a: Porygon2|Tera Blast|p2b: Rillaboom
|-damage|p2b: Rillaboom|70/100
|move|p1b: Pincurchin|Supercell Slam|p2b: Rillaboom
|-resisted|p2b: Rillaboom
|-damage|p2b: Rillaboom|50/100
|
|-heal|p2b: Rillaboom|56/100|[from] Grassy Terrain
|-heal|p1b: Pincurchin|63/100|[from] Grassy Terrain
|upkeep
|turn|2
|
|t:|1756352177
|move|p1b: Pincurchin|Protect|p1b: Pincurchin
|-singleturn|p1b: Pincurchin|Protect
|move|p2a: Whimsicott|Encore|p1a: Porygon2
|-start|p1a: Porygon2|Encore
|move|p2b: Rillaboom|Wood Hammer|p1b: Pincurchin
|-activate|p1b: Pincurchin|move: Protect
|move|p1a: Porygon2|Tera Blast|p2a: Whimsicott
|-damage|p2a: Whimsicott|28/100
|
|-heal|p2a: Whimsicott|34/100|[from] Grassy Terrain
|-heal|p2b: Rillaboom|61/100|[from] Grassy Terrain
|-heal|p1b: Pincurchin|69/100|[from] Grassy Terrain
|upkeep
|turn|3
|
|t:|1756352197
|move|p2a: Whimsicott|Moonblast|p1a: Porygon2
|-damage|p1a: Porygon2|80/100
|move|p2b: Rillaboom|Wood Hammer|p1b: Pincurchin
|-damage|p1b: Pincurchin|0 fnt
|faint|p1b: Pincurchin
|-damage|p2b: Rillaboom|44/100|[from] Recoil
|move|p1a: Porygon2|Tera Blast|p2a: Whimsicott
|-damage|p2a: Whimsicott|0 fnt
|faint|p2a: Whimsicott
|
|-heal|p2b: Rillaboom|50/100|[from] Grassy Terrain
|-heal|p1a: Porygon2|86/100|[from] Grassy Terrain
|upkeep
|
|t:|1756352212
|switch|p2a: Farigiraf|Farigiraf, L50, F|100/100
|switch|p1b: Chesnaught|Chesnaught, L50, M|100/100
|turn|4
|
|t:|1756352227
|-terastallize|p2a: Farigiraf|Electric
|move|p1b: Chesnaught|Wide Guard|p1b: Chesnaught
|-singleturn|p1b: Chesnaught|Wide Guard
|move|p2b: Rillaboom|U-turn|p1b: Chesnaught
|-crit|p1b: Chesnaught
|-damage|p1b: Chesnaught|79/100
|
|t:|1756352233
|switch|p2b: Charizard|Charizard, L50, F, shiny|100/100|[from] U-turn
|move|p2a: Farigiraf|Hyper Voice|p1a: Porygon2|[spread] 
|-activate|p1a: Porygon2|move: Wide Guard
|-activate|p1b: Chesnaught|move: Wide Guard
|move|p1a: Porygon2|Tera Blast|p2b: Charizard
|-damage|p2b: Charizard|43/100
|
|-heal|p1b: Chesnaught|85/100|[from] Grassy Terrain
|-heal|p1a: Porygon2|93/100|[from] Grassy Terrain
|-end|p1a: Porygon2|Encore
|upkeep
|turn|5
|
|t:|1756352253
|move|p1b: Chesnaught|Wide Guard|p1b: Chesnaught
|-singleturn|p1b: Chesnaught|Wide Guard
|move|p2b: Charizard|Air Slash|p1b: Chesnaught
|-supereffective|p1b: Chesnaught
|-damage|p1b: Chesnaught|0 fnt
|faint|p1b: Chesnaught
|move|p1a: Porygon2|Tera Blast|p2b: Charizard
|-damage|p2b: Charizard|0 fnt
|faint|p2b: Charizard
|move|p2a: Farigiraf|Trick Room|p2a: Farigiraf
|-fieldstart|move: Trick Room|[of] p2a: Farigiraf
|
|-heal|p1a: Porygon2|99/100|[from] Grassy Terrain
|-fieldend|move: Grassy Terrain
|upkeep
|
|t:|1756352265
|switch|p1b: Kingambit|Kingambit, L50, M|100/100
|switch|p2b: Rillaboom|Rillaboom, L50, F, shiny|50/100
|-fieldstart|move: Grassy Terrain|[from] ability: Grassy Surge|[of] p2b: Rillaboom
|turn|6
|
|t:|1756352295
|move|p2b: Rillaboom|Fake Out|p1a: Porygon2
|-damage|p1a: Porygon2|91/100
|move|p1b: Kingambit|Kowtow Cleave|p2a: Farigiraf
|-damage|p2a: Farigiraf|53/100
|cant|p1a: Porygon2|flinch
|move|p2a: Farigiraf|Trick Room|p2a: Farigiraf
|-fieldend|move: Trick Room
|
|-heal|p2b: Rillaboom|56/100|[from] Grassy Terrain
|-heal|p2a: Farigiraf|59/100|[from] Grassy Terrain
|-heal|p1a: Porygon2|97/100|[from] Grassy Terrain
|upkeep
|turn|7
|
|t:|1756352311
|move|p2b: Rillaboom|Wood Hammer|p1b: Kingambit
|-resisted|p1b: Kingambit
|-damage|p1b: Kingambit|75/100
|-damage|p2b: Rillaboom|48/100|[from] Recoil
|move|p2a: Farigiraf|Hyper Voice|p1a: Porygon2|[spread] p1a,p1b
|-resisted|p1b: Kingambit
|-damage|p1a: Porygon2|80/100
|-damage|p1b: Kingambit|65/100
|-enditem|p2a: Farigiraf|Throat Spray
|-boost|p2a: Farigiraf|spa|1|[from] item: Throat Spray
|move|p1a: Porygon2|Tera Blast|p2a: Farigiraf
|-damage|p2a: Farigiraf|17/100
|move|p1b: Kingambit|Kowtow Cleave|p2a: Farigiraf
|-damage|p2a: Farigiraf|0 fnt
|faint|p2a: Farigiraf
|
|-heal|p2b: Rillaboom|54/100|[from] Grassy Terrain
|-heal|p1a: Porygon2|86/100|[from] Grassy Terrain
|-heal|p1b: Kingambit|71/100|[from] Grassy Terrain
|upkeep
|turn|8
|-message|Smollitalia forfeited.
|
|win|Uncreative7452
|raw|Uncreative7452's rating: 1095 → 1125(+30 for winning)
|raw|Smollitalia's rating: 1152 → 1123(-29 for losing)
|l|☆Smollitalia
|player|p2|
