|j|☆spellbreakvgc
|j|☆upchicken
|html|spellbreakvgcupchicken    
|uhtml|bestof|Game 3 of a best-of-3
|t:|1756758590
|gametype|doubles
|player|p1|spellbreakvgc|lance|1126
|player|p2|upchicken|az|1248
|gen|9
|tier|[Gen 9] VGC 2025 Reg H (Bo3)
|rated|
|rule|Species Clause: Limit one of each Pokémon
|rule|Item Clause: Limit 1 of each item
|clearpoke
|poke|p1|Charizard, L50, F|
|poke|p1|Torkoal, L50, M|
|poke|p1|Porygon2, L50|
|poke|p1|Incineroar, L50, M|
|poke|p1|Jumpluff, L50, M|
|poke|p1|Ursaluna, L50, F|
|poke|p2|Grimmsnarl, L50, M|
|poke|p2|Annihilape, L50, F|
|poke|p2|Maushold, L50|
|poke|p2|Pelipper, L50, F|
|poke|p2|Archaludon, L50, F|
|poke|p2|Sinistcha, L50|
|teampreview|4
|showteam|p1|Charizard||ChoiceSpecs|SolarPower|HeatWave,DragonPulse,WeatherBall,AirSlash|||F|||50|,,,,,Ghost]Torkoal||EjectPack|Drought|Eruption,Overheat,HelpingHand,Protect|||M|||50|,,,,,Fire]Porygon2||Eviolite|Download|TeraBlast,IceBeam,Recover,TrickRoom||||||50|,,,,,Fighting]Incineroar||SitrusBerry|Intimidate|FlareBlitz,KnockOff,FakeOut,PartingShot|||M|||50|,,,,,Ghost]Jumpluff||CovertCloak|Chlorophyll|SleepPowder,SunnyDay,RagePowder,Tailwind|||M|||50|,,,,,Water]Ursaluna||FlameOrb|Guts|HeadlongRush,Facade,Earthquake,Protect|||F|||50|,,,,,Ghost
|showteam|p2|Grimmsnarl||LightClay|Prankster|Reflect,LightScreen,ThunderWave,SpiritBreak|||M|||50|,,,,,Steel]Annihilape||SpellTag|Defiant|BulkUp,Protect,DrainPunch,RageFist|||F|||50|,,,,,Fire]Maushold||SafetyGoggles|FriendGuard|BeatUp,Taunt,FollowMe,Protect||||||50|,,,,,Ghost]Pelipper||LifeOrb|Drizzle|WeatherBall,Hurricane,Tailwind,Protect|||F|||50|,,,,,Stellar]Archaludon||AssaultVest|Stamina|ElectroShot,DragonPulse,Snarl,BodyPress|||F|||50|,,,,,Fighting]Sinistcha||SitrusBerry|Hospitality|LifeDew,RagePowder,TrickRoom,MatchaGotcha||||||50|,,,,,Water
|inactive|Battle timer is ON: inactive players will automatically lose when time's up. (requested by upchicken)
|inactive|spellbreakvgc has 60 seconds left.
|inactive|spellbreakvgc has 30 seconds left.
|inactive|spellbreakvgc has 20 seconds left.
|inactive|spellbreakvgc has 15 seconds left.
|inactive|spellbreakvgc has 10 seconds left.
|
|t:|1756758720
|teamsize|p1|4
|teamsize|p2|4
|start
|switch|p1a: Jumpluff|Jumpluff, L50, M|100/100
|switch|p1b: Charizard|Charizard, L50, F, shiny|100/100
|switch|p2a: Grimmsnarl|Grimmsnarl, L50, M|100/100
|switch|p2b: Archaludon|Archaludon, L50, F|100/100
|turn|1
|inactive|upchicken has 30 seconds left.
|inactive|upchicken has 20 seconds left.
|
|t:|1756758757
|move|p2a: Grimmsnarl|Thunder Wave|p1b: Charizard|[miss]
|-miss|p2a: Grimmsnarl|p1b: Charizard
|move|p1a: Jumpluff|Sunny Day|p1a: Jumpluff
|-weather|SunnyDay
|move|p1b: Charizard|Heat Wave|p2b: Archaludon|[spread] p2b
|-miss|p1b: Charizard|p2a: Grimmsnarl
|-damage|p2b: Archaludon|23/100
|-ability|p2b: Archaludon|Stamina|boost
|-boost|p2b: Archaludon|def|1
|move|p2b: Archaludon|Snarl|p1a: Jumpluff|[spread] p1a,p1b
|-damage|p1a: Jumpluff|85/100
|-damage|p1b: Charizard|82/100
|-unboost|p1b: Charizard|spa|1
|
|-weather|SunnyDay|[upkeep]
|-damage|p1b: Charizard|69/100|[from] ability: Solar Power|[of] p1b: Charizard
|upkeep
|turn|2
|inactive|spellbreakvgc has 30 seconds left.
|inactive|spellbreakvgc has 20 seconds left.
|inactive|spellbreakvgc has 15 seconds left.
|inactive|spellbreakvgc has 10 seconds left.
|inactive|spellbreakvgc has 5 seconds left.
|
|t:|1756758809
|switch|p2b: Pelipper|Pelipper, L50, F|100/100
|-weather|RainDance|[from] ability: Drizzle|[of] p2b: Pelipper
|move|p2a: Grimmsnarl|Thunder Wave|p1b: Charizard
|-status|p1b: Charizard|par
|move|p1a: Jumpluff|Sunny Day|p1a: Jumpluff
|-weather|SunnyDay
|move|p1b: Charizard|Heat Wave|p2a: Grimmsnarl|[spread] p2a,p2b
|-resisted|p2b: Pelipper
|-damage|p2a: Grimmsnarl|38/100
|-damage|p2b: Pelipper|39/100
|
|-weather|SunnyDay|[upkeep]
|-damage|p1b: Charizard|57/100 par|[from] ability: Solar Power|[of] p1b: Charizard
|upkeep
|turn|3
|inactive|spellbreakvgc has 30 seconds left.
|
|t:|1756758844
|move|p2a: Grimmsnarl|Light Screen|p2a: Grimmsnarl
|-sidestart|p2: upchicken|move: Light Screen
|move|p1a: Jumpluff|Sleep Powder|p2b: Pelipper
|-status|p2b: Pelipper|slp|[from] move: Sleep Powder
|cant|p2b: Pelipper|slp
|move|p1b: Charizard|Heat Wave|p2b: Pelipper|[spread] p2a,p2b
|-resisted|p2b: Pelipper
|-damage|p2a: Grimmsnarl|0 fnt
|-damage|p2b: Pelipper|0 fnt
|faint|p2a: Grimmsnarl
|faint|p2b: Pelipper
|
|-weather|SunnyDay|[upkeep]
|-damage|p1b: Charizard|44/100 par|[from] ability: Solar Power|[of] p1b: Charizard
|upkeep
|
|t:|1756758853
|switch|p2b: Archaludon|Archaludon, L50, F|23/100
|switch|p2a: Sinistcha|Sinistcha, L50|100/100
|-heal|p2b: Archaludon|48/100|[from] ability: Hospitality|[of] p2a: Sinistcha
|turn|4
|inactive|spellbreakvgc has 30 seconds left.
|inactive|spellbreakvgc has 20 seconds left.
|inactive|spellbreakvgc has 15 seconds left.
|
|t:|1756758896
|-terastallize|p2a: Sinistcha|Water
|move|p1a: Jumpluff|Tailwind|p1a: Jumpluff
|-sidestart|p1: spellbreakvgc|move: Tailwind
|cant|p1b: Charizard|par
|move|p2b: Archaludon|Snarl|p1a: Jumpluff|[spread] p1a,p1b
|-damage|p1a: Jumpluff|71/100
|-damage|p1b: Charizard|26/100 par
|-unboost|p1b: Charizard|spa|1
|move|p2a: Sinistcha|Trick Room|p2a: Sinistcha
|-fieldstart|move: Trick Room|[of] p2a: Sinistcha
|
|-weather|SunnyDay|[upkeep]
|-damage|p1b: Charizard|14/100 par|[from] ability: Solar Power|[of] p1b: Charizard
|upkeep
|turn|5
|inactive|spellbreakvgc has 30 seconds left.
|
|t:|1756758929
|move|p2a: Sinistcha|Matcha Gotcha|p1b: Charizard|[spread] p1a,p1b
|-resisted|p1a: Jumpluff
|-resisted|p1b: Charizard
|-damage|p1a: Jumpluff|64/100
|-damage|p1b: Charizard|6/100 par
|move|p2b: Archaludon|Dragon Pulse|p1a: Jumpluff
|-damage|p1a: Jumpluff|23/100
|move|p1b: Charizard|Heat Wave|p2a: Sinistcha|[spread] p2a,p2b
|-resisted|p2a: Sinistcha
|-damage|p2a: Sinistcha|83/100
|-damage|p2b: Archaludon|24/100
|-ability|p2b: Archaludon|Stamina|boost
|-boost|p2b: Archaludon|def|1
|move|p1a: Jumpluff|Sleep Powder|p2b: Archaludon
|-status|p2b: Archaludon|slp|[from] move: Sleep Powder
|
|-weather|SunnyDay|[upkeep]
|-damage|p1b: Charizard|0 fnt|[from] ability: Solar Power|[of] p1b: Charizard
|faint|p1b: Charizard
|upkeep
|
|t:|1756758950
|switch|p1b: Torkoal|Torkoal, L50, M|100/100
|turn|6
|
|t:|1756758962
|move|p1b: Torkoal|Eruption|p2b: Archaludon|[spread] p2a,p2b
|-resisted|p2a: Sinistcha
|-damage|p2a: Sinistcha|62/100
|-damage|p2b: Archaludon|0 fnt
|faint|p2b: Archaludon
|move|p2a: Sinistcha|Matcha Gotcha|p1b: Torkoal|[spread] p1a,p1b
|-resisted|p1a: Jumpluff
|-resisted|p1b: Torkoal
|-damage|p1a: Jumpluff|16/100
|-heal|p2a: Sinistcha|66/100|[from] drain|[of] p1a: Jumpluff
|-damage|p1b: Torkoal|84/100
|-heal|p2a: Sinistcha|74/100|[from] drain|[of] p1b: Torkoal
|move|p1a: Jumpluff|Sleep Powder|p2a: Sinistcha
|-status|p2a: Sinistcha|slp|[from] move: Sleep Powder
|
|-weather|none
|upkeep
|turn|7
|inactive|spellbreakvgc has 30 seconds left.
|
|t:|1756758995
|move|p1b: Torkoal|Eruption|p2a: Sinistcha
|-resisted|p2a: Sinistcha
|-damage|p2a: Sinistcha|59/100 slp
|cant|p2a: Sinistcha|slp
|move|p1a: Jumpluff|Sunny Day|p1a: Jumpluff
|-weather|SunnyDay
|
|-weather|SunnyDay|[upkeep]
|-sideend|p1: spellbreakvgc|move: Tailwind
|upkeep
|turn|8
|
|t:|1756759017
|move|p1b: Torkoal|Eruption|p2a: Sinistcha
|-resisted|p2a: Sinistcha
|-damage|p2a: Sinistcha|36/100 slp
|-enditem|p2a: Sinistcha|Sitrus Berry|[eat]
|-heal|p2a: Sinistcha|61/100 slp|[from] item: Sitrus Berry
|-curestatus|p2a: Sinistcha|slp|[msg]
|move|p2a: Sinistcha|Matcha Gotcha|p1a: Jumpluff|[spread] p1a,p1b
|-resisted|p1a: Jumpluff
|-resisted|p1b: Torkoal
|-damage|p1a: Jumpluff|10/100
|-heal|p2a: Sinistcha|65/100|[from] drain|[of] p1a: Jumpluff
|-damage|p1b: Torkoal|69/100
|-heal|p2a: Sinistcha|72/100|[from] drain|[of] p1b: Torkoal
|move|p1a: Jumpluff|Sleep Powder|p2a: Sinistcha
|-status|p2a: Sinistcha|slp|[from] move: Sleep Powder
|
|-weather|SunnyDay|[upkeep]
|-fieldend|move: Trick Room
|upkeep
|turn|9
|inactive|spellbreakvgc has 30 seconds left.
|inactive|upchicken has 30 seconds left.
|
|t:|1756759050
|switch|p1a: Ursaluna|Ursaluna, L50, F|100/100
|cant|p2a: Sinistcha|slp
|move|p1b: Torkoal|Eruption|p2a: Sinistcha
|-resisted|p2a: Sinistcha
|-damage|p2a: Sinistcha|52/100 slp
|
|-weather|SunnyDay|[upkeep]
|-status|p1a: Ursaluna|brn|[from] item: Flame Orb
|upkeep
|turn|10
|
|t:|1756759072
|move|p1b: Torkoal|Helping Hand|p1a: Ursaluna
|-singleturn|p1a: Ursaluna|Helping Hand|[of] p1b: Torkoal
|cant|p2a: Sinistcha|slp
|move|p1a: Ursaluna|Facade|p2a: Sinistcha
|-damage|p2a: Sinistcha|0 fnt
|faint|p2a: Sinistcha
|
|win|spellbreakvgc
