|j|☆imptumnus
|j|☆ZacianBot
|html|imptumnusZacianBot    
|uhtml|bestof|Game 1 of a best-of-3
|t:|1785354614
|gametype|doubles
|player|p1|imptumnus|marlon|1096
|player|p2|ZacianBot|koga|1109
|gen|9
|tier|[Gen 9 Champions] VGC 2026 Reg M-B (Bo3)
|rated|
|rule|Species Clause: Limit one of each Pokémon
|rule|Item Clause: Limit 1 of each item
|clearpoke
|poke|p1|Raichu, L50, M|
|poke|p1|Sylveon, L50, M|
|poke|p1|Garchomp, L50, M|
|poke|p1|Sneasler, L50, M|
|poke|p1|Pelipper, L50, M|
|poke|p1|Incineroar, L50, M|
|poke|p2|Floette-Eternal, L50, F|
|poke|p2|Aerodactyl, L50, M|
|poke|p2|Garchomp, L50, F|
|poke|p2|Incineroar, L50, F|
|poke|p2|Sinistcha-Masterpiece, L50|
|poke|p2|Kingambit, L50, F|
|teampreview|4
|showteam|p1|Raichu||RaichuniteY|LightningRod|ZapCannon,FocusBlast,FakeOut,Protect|Timid||M|||50|]Sylveon||FairyFeather|Pixilate|HyperVoice,QuickAttack,Detect,HyperBeam|Modest||M|||50|]Garchomp||Garchompite|RoughSkin|DragonClaw,Protect,Earthquake,RockSlide|Jolly||M|||50|]Sneasler||FocusSash|PoisonTouch|PoisonJab,QuickGuard,CloseCombat,FakeOut|Jolly||M|||50|]Pelipper||DampRock|Drizzle|Hurricane,WideGuard,WeatherBall,Tailwind|Modest||M|||50|]Incineroar||SitrusBerry|Blaze|FakeOut,PartingShot,FlareBlitz,ThroatChop|Careful||M|||50|
|showteam|p2|Floette-Eternal||Floettite|FlowerVeil|Protect,DazzlingGleam,DrainingKiss,CalmMind|Modest||F|||50|]Aerodactyl||Aerodactylite|Unnerve|Protect,Tailwind,DualWingbeat,RockSlide|Jolly||M|||50|]Garchomp||SitrusBerry|RoughSkin|Protect,DragonClaw,StompingTantrum,RockSlide|Adamant||F|||50|]Incineroar||PasshoBerry|Intimidate|FlareBlitz,ThroatChop,PartingShot,FakeOut|Careful||F|||50|]Sinistcha-Masterpiece||OccaBerry|Hospitality|Protect,RagePowder,MatchaGotcha,TrickRoom|Bold|||||50|]Kingambit||BlackGlasses|Defiant|Protect,KowtowCleave,SuckerPunch,SwordsDance|Adamant||F|||50|
|inactive|Battle timer is ON: inactive players will automatically lose when time's up. (requested by ZacianBot)
|c|☆imptumnus|glhf
|inactive|imptumnus has 60 seconds left.
|inactive|ZacianBot has 60 seconds left.
|
|t:|1785354653
|teamsize|p1|4
|teamsize|p2|4
|start
|switch|p1a: Sneasler|Sneasler, L50, M|100/100
|switch|p1b: Raichu|Raichu, L50, M|100/100
|switch|p2a: Floette|Floette-Eternal, L50, F|100/100
|switch|p2b: Incineroar|Incineroar, L50, F|100/100
|-ability|p2b: Incineroar|Intimidate|boost
|-unboost|p1a: Sneasler|atk|1
|-unboost|p1b: Raichu|atk|1
|turn|1
|
|t:|1785354681
|detailschange|p1b: Raichu|Raichu-Mega-Y, L50, M
|-mega|p1b: Raichu|Raichu|Raichunite Y
|detailschange|p2a: Floette|Floette-Mega, L50, F
|-mega|p2a: Floette|Floette|Floettite
|-ability|p2a: Floette|Fairy Aura
|move|p1a: Sneasler|Quick Guard|p1a: Sneasler
|-singleturn|p1a: Sneasler|Quick Guard
|move|p2b: Incineroar|Fake Out|p1a: Sneasler
|-activate|p1a: Sneasler|move: Quick Guard
|move|p1b: Raichu|Zap Cannon|p2a: Floette
|-damage|p2a: Floette|47/100
|-status|p2a: Floette|par
|move|p2a: Floette|Calm Mind|p2a: Floette
|-boost|p2a: Floette|spa|1
|-boost|p2a: Floette|spd|1
|
|upkeep
|turn|2
|
|t:|1785354699
|switch|p2b: Sinistcha|Sinistcha-Masterpiece, L50|100/100
|-heal|p2a: Floette|72/100 par|[from] ability: Hospitality|[of] p2b: Sinistcha
|move|p2a: Floette|Protect|p2a: Floette
|-singleturn|p2a: Floette|Protect
|move|p1b: Raichu|Focus Blast|p2b: Sinistcha
|-immune|p2b: Sinistcha
|move|p1a: Sneasler|Poison Jab|p2a: Floette
|-activate|p2a: Floette|move: Protect
|
|upkeep
|turn|3
|
|t:|1785354717
|move|p2b: Sinistcha|Rage Powder|p2b: Sinistcha
|-singleturn|p2b: Sinistcha|move: Rage Powder
|move|p1b: Raichu|Zap Cannon|p2b: Sinistcha
|-resisted|p2b: Sinistcha|1
|-damage|p2b: Sinistcha|64/100
|-status|p2b: Sinistcha|par
|move|p1a: Sneasler|Poison Jab|p2b: Sinistcha
|-damage|p2b: Sinistcha|40/100 par
|move|p2a: Floette|Dazzling Gleam|p1b: Raichu|[spread] p1a,p1b
|-damage|p1a: Sneasler|6/100
|-damage|p1b: Raichu|1/100
|
|upkeep
|turn|4
|
|t:|1785354734
|switch|p2b: Incineroar|Incineroar, L50, F|100/100
|-ability|p2b: Incineroar|Intimidate|boost
|-unboost|p1a: Sneasler|atk|1
|-unboost|p1b: Raichu|atk|1
|move|p1b: Raichu|Protect|p1b: Raichu
|-singleturn|p1b: Raichu|Protect
|move|p2a: Floette|Protect|p2a: Floette
|-singleturn|p2a: Floette|Protect
|move|p1a: Sneasler|Poison Jab|p2a: Floette
|-activate|p2a: Floette|move: Protect
|
|upkeep
|turn|5
|
|t:|1785354754
|move|p1a: Sneasler|Quick Guard|p1a: Sneasler
|-singleturn|p1a: Sneasler|Quick Guard
|move|p2b: Incineroar|Fake Out|p1a: Sneasler
|-activate|p1a: Sneasler|move: Quick Guard
|move|p1b: Raichu|Zap Cannon|p2a: Floette
|-crit|p2a: Floette
|-damage|p2a: Floette|0 fnt
|faint|p2a: Floette
|
|upkeep
|
|t:|1785354763
|switch|p2a: Kingambit|Kingambit, L50, F|100/100
|turn|6
|
|t:|1785354784
|move|p2a: Kingambit|Protect|p2a: Kingambit
|-singleturn|p2a: Kingambit|Protect
|move|p1b: Raichu|Focus Blast|p2b: Incineroar
|-supereffective|p2b: Incineroar|1
|-damage|p2b: Incineroar|28/100
|move|p1a: Sneasler|Close Combat|p2a: Kingambit
|-activate|p2a: Kingambit|move: Protect
|move|p2b: Incineroar|Flare Blitz|p1a: Sneasler
|-damage|p1a: Sneasler|0 fnt
|faint|p1a: Sneasler
|-damage|p2b: Incineroar|27/100|[from] Recoil
|
|upkeep
|
|t:|1785354797
|switch|p1a: Garchomp|Garchomp, L50, M|100/100
|turn|7
|
|t:|1785354813
|move|p1b: Raichu|Protect|p1b: Raichu
|-singleturn|p1b: Raichu|Protect
|move|p2a: Kingambit|Sucker Punch||[still]
|-fail|p2a: Kingambit
|move|p1a: Garchomp|Earthquake|p2a: Kingambit|[spread] p2a,p2b
|-activate|p1b: Raichu|move: Protect
|-supereffective|p2a: Kingambit|1
|-supereffective|p2b: Incineroar|1
|-damage|p2a: Kingambit|39/100
|-damage|p2b: Incineroar|0 fnt
|faint|p2b: Incineroar
|
|upkeep
|
|t:|1785354820
|switch|p2b: Sinistcha|Sinistcha-Masterpiece, L50|40/100 par
|-heal|p2a: Kingambit|63/100|[from] ability: Hospitality|[of] p2b: Sinistcha
|turn|8
|
|t:|1785354832
|move|p2a: Kingambit|Protect|p2a: Kingambit
|-singleturn|p2a: Kingambit|Protect
|move|p1b: Raichu|Focus Blast|p2a: Kingambit
|-activate|p2a: Kingambit|move: Protect
|move|p1a: Garchomp|Dragon Claw|p2a: Kingambit
|-activate|p2a: Kingambit|move: Protect
|move|p2b: Sinistcha|Matcha Gotcha|p1b: Raichu|[spread] p1a,p1b
|-crit|p1a: Garchomp
|-damage|p1a: Garchomp|58/100
|-heal|p2b: Sinistcha|61/100 par|[from] drain|[of] p1a: Garchomp
|-damage|p1b: Raichu|0 fnt
|-heal|p2b: Sinistcha|62/100 par|[from] drain|[of] p1b: Raichu
|faint|p1b: Raichu
|
|upkeep
|
|t:|1785354848
|switch|p1b: Sylveon|Sylveon, L50, M|100/100
|turn|9
|
|t:|1785354860
|move|p1b: Sylveon|Detect|p1b: Sylveon
|-singleturn|p1b: Sylveon|Protect
|move|p2a: Kingambit|Sucker Punch|p1a: Garchomp
|-damage|p1a: Garchomp|8/100
|-damage|p2a: Kingambit|51/100|[from] ability: Rough Skin|[of] p1a: Garchomp
|move|p1a: Garchomp|Earthquake|p2a: Kingambit|[spread] p2a,p2b
|-activate|p1b: Sylveon|move: Protect
|-supereffective|p2a: Kingambit|1
|-resisted|p2b: Sinistcha|1
|-damage|p2a: Kingambit|0 fnt
|-damage|p2b: Sinistcha|47/100 par
|faint|p2a: Kingambit
|cant|p2b: Sinistcha|par
|
|upkeep
|turn|10
|-message|ZacianBot forfeited.
|
|win|imptumnus
||ZacianBot is ready for game 2.
||imptumnus is ready for game 2.
|uhtml|next|Next: Game 2 of 3
