|j|☆schleorge
|j|☆kokomiiiii
|html|schleorgekokomiiiii    
|uhtml|bestof|Game 2 of a best-of-3
|t:|1757905116
|gametype|doubles
|player|p1|schleorge|bianca|1212
|player|p2|kokomiiiii|lillie-masters|1194
|gen|9
|tier|[Gen 9] VGC 2025 Reg H (Bo3)
|rated|
|rule|Species Clause: Limit one of each Pokémon
|rule|Item Clause: Limit 1 of each item
|clearpoke
|poke|p1|Volcarona, L50, F|
|poke|p1|Kingambit, L50, F|
|poke|p1|Dragonite, L50, M|
|poke|p1|Sneasler, L50, F|
|poke|p1|Rillaboom, L50, M|
|poke|p1|Electabuzz, L50, F|
|poke|p2|Gholdengo, L50|
|poke|p2|Ursaluna, L50, M|
|poke|p2|Dragonite, L50, M|
|poke|p2|Porygon2, L50|
|poke|p2|Incineroar, L50, M|
|poke|p2|Amoonguss, L50, M|
|teampreview|4
|showteam|p1|Volcarona||Leftovers|FlameBody|HeatWave,TeraBlast,QuiverDance,Protect|||F|||50|,,,,,Fairy]Kingambit||BlackGlasses|Defiant|KowtowCleave,SuckerPunch,SwordsDance,Protect|||F|||50|,,,,,Dark]Dragonite||LoadedDice|Multiscale|ScaleShot,ExtremeSpeed,Haze,Protect|||M|||50|,,,,,Steel]Sneasler||FocusSash|PoisonTouch|CloseCombat,DireClaw,FakeOut,Coaching|||F|||50|,,,,,Stellar]Rillaboom||AssaultVest|GrassySurge|WoodHammer,GrassyGlide,HighHorsepower,FakeOut|||M|||50|,,,,,Fire]Electabuzz||Eviolite|VitalSpirit|Thunderbolt,Taunt,FollowMe,Protect|||F|||50|,,,,,Ghost
|showteam|p2|Gholdengo||LifeOrb|GoodasGold|MakeItRain,ShadowBall,NastyPlot,Protect||||||50|,,,,,Water]Ursaluna||FlameOrb|Guts|HeadlongRush,Facade,Earthquake,Protect|||M|||50|,,,,,Ghost]Dragonite||LoadedDice|Multiscale|ScaleShot,Haze,Tailwind,Protect|||M|||50|,,,,,Fairy]Porygon2||Eviolite|Download|IceBeam,TeraBlast,TrickRoom,Recover||||||50|,,,,,Fighting]Incineroar||SafetyGoggles|Intimidate|FakeOut,KnockOff,FlareBlitz,PartingShot|||M|||50|,,,,,Ghost]Amoonguss||SitrusBerry|Regenerator|RagePowder,PollenPuff,Spore,Protect|||M|||50|,,,,,Water
|
|t:|1757905140
|teamsize|p1|4
|teamsize|p2|4
|start
|switch|p1a: Sneasler|Sneasler, L50, F|100/100
|switch|p1b: Volcarona|Volcarona, L50, F|100/100
|switch|p2a: Midcineroar|Incineroar, L50, M, shiny|100/100
|switch|p2b: Annoyingon2|Porygon2, L50, shiny|100/100
|-ability|p2a: Midcineroar|Intimidate|boost
|-unboost|p1a: Sneasler|atk|1
|-unboost|p1b: Volcarona|atk|1
|-ability|p2b: Annoyingon2|Download|boost
|-boost|p2b: Annoyingon2|atk|1
|turn|1
|
|t:|1757905166
|switch|p2b: SHROOMSSSS|Amoonguss, L50, M, shiny|100/100
|move|p1a: Sneasler|Fake Out|p2b: SHROOMSSSS
|-damage|p2b: SHROOMSSSS|93/100
|move|p2a: Midcineroar|Fake Out|p1b: Volcarona
|-damage|p1b: Volcarona|89/100
|cant|p1b: Volcarona|flinch
|
|-heal|p1b: Volcarona|95/100|[from] item: Leftovers
|upkeep
|turn|2
|
|t:|1757905209
|switch|p1b: Rillaboom|Rillaboom, L50, M|100/100
|-fieldstart|move: Grassy Terrain|[from] ability: Grassy Surge|[of] p1b: Rillaboom
|-terastallize|p2a: Midcineroar|Ghost
|move|p1a: Sneasler|Close Combat|p2a: Midcineroar
|-immune|p2a: Midcineroar
|move|p2a: Midcineroar|Flare Blitz|p1a: Sneasler
|-damage|p1a: Sneasler|24/100
|-damage|p2a: Midcineroar|81/100|[from] Recoil
|move|p2b: SHROOMSSSS|Spore|p1b: Rillaboom
|-immune|p1b: Rillaboom
|
|-heal|p1a: Sneasler|30/100|[from] Grassy Terrain
|-heal|p2a: Midcineroar|87/100|[from] Grassy Terrain
|-heal|p2b: SHROOMSSSS|99/100|[from] Grassy Terrain
|upkeep
|turn|3
|
|t:|1757905241
|move|p1a: Sneasler|Coaching|p1b: Rillaboom
|-boost|p1b: Rillaboom|atk|1
|-boost|p1b: Rillaboom|def|1
|move|p1b: Rillaboom|Wood Hammer|p2a: Midcineroar
|-damage|p2a: Midcineroar|0 fnt
|faint|p2a: Midcineroar
|-damage|p1b: Rillaboom|72/100|[from] Recoil
|move|p2b: SHROOMSSSS|Spore|p1a: Sneasler
|-status|p1a: Sneasler|slp|[from] move: Spore
|
|-heal|p1a: Sneasler|36/100 slp|[from] Grassy Terrain
|-heal|p1b: Rillaboom|78/100|[from] Grassy Terrain
|-heal|p2b: SHROOMSSSS|100/100|[from] Grassy Terrain
|upkeep
|
|t:|1757905250
|switch|p2a: Annoyingon2|Porygon2, L50, shiny|100/100
|-ability|p2a: Annoyingon2|Download|boost
|-boost|p2a: Annoyingon2|spa|1
|turn|4
|
|t:|1757905296
|switch|p1a: Volcarona|Volcarona, L50, F|95/100
|move|p1b: Rillaboom|High Horsepower|p2b: SHROOMSSSS
|-damage|p2b: SHROOMSSSS|56/100
|move|p2b: SHROOMSSSS|Pollen Puff|p1b: Rillaboom
|-supereffective|p1b: Rillaboom
|-damage|p1b: Rillaboom|49/100
|move|p2a: Annoyingon2|Trick Room|p2a: Annoyingon2
|-fieldstart|move: Trick Room|[of] p2a: Annoyingon2
|
|-heal|p2b: SHROOMSSSS|62/100|[from] Grassy Terrain
|-heal|p1b: Rillaboom|55/100|[from] Grassy Terrain
|-heal|p1a: Volcarona|100/100|[from] Grassy Terrain
|upkeep
|turn|5
|inactive|Battle timer is ON: inactive players will automatically lose when time's up. (requested by kokomiiiii)
|inactive|schleorge has 60 seconds left.
|
|t:|1757905337
|-terastallize|p1b: Rillaboom|Fire
|move|p2b: SHROOMSSSS|Spore|p1a: Volcarona
|-status|p1a: Volcarona|slp|[from] move: Spore
|move|p2a: Annoyingon2|Ice Beam|p1b: Rillaboom
|-resisted|p1b: Rillaboom
|-damage|p1b: Rillaboom|41/100
|move|p1b: Rillaboom|High Horsepower|p2b: SHROOMSSSS
|-damage|p2b: SHROOMSSSS|21/100
|-enditem|p2b: SHROOMSSSS|Sitrus Berry|[eat]
|-heal|p2b: SHROOMSSSS|46/100|[from] item: Sitrus Berry
|cant|p1a: Volcarona|slp
|
|-heal|p2b: SHROOMSSSS|52/100|[from] Grassy Terrain
|-heal|p1b: Rillaboom|47/100|[from] Grassy Terrain
|upkeep
|turn|6
|
|t:|1757905358
|switch|p1b: Sneasler|Sneasler, L50, F|36/100 slp
|move|p2b: SHROOMSSSS|Spore|p1b: Sneasler
|-fail|p1b: Sneasler|slp
|move|p2a: Annoyingon2|Tera Blast|p1a: Volcarona
|-damage|p1a: Volcarona|53/100 slp
|cant|p1a: Volcarona|slp
|
|-heal|p2b: SHROOMSSSS|58/100|[from] Grassy Terrain
|-heal|p1a: Volcarona|59/100 slp|[from] Grassy Terrain
|-heal|p1a: Volcarona|65/100 slp|[from] item: Leftovers
|-heal|p1b: Sneasler|42/100 slp|[from] Grassy Terrain
|-fieldend|move: Grassy Terrain
|upkeep
|turn|7
|
|t:|1757905375
|switch|p2b: bam|Ursaluna, L50, M, shiny|100/100
|move|p2a: Annoyingon2|Tera Blast|p1a: Volcarona
|-damage|p1a: Volcarona|19/100 slp
|-curestatus|p1a: Volcarona|slp|[msg]
|move|p1a: Volcarona|Heat Wave|p2b: bam|[spread] p2a
|-miss|p1a: Volcarona|p2b: bam
|-damage|p2a: Annoyingon2|78/100
|-status|p2a: Annoyingon2|brn
|cant|p1b: Sneasler|slp
|
|-heal|p1a: Volcarona|25/100|[from] item: Leftovers
|-damage|p2a: Annoyingon2|72/100 brn|[from] brn
|-status|p2b: bam|brn|[from] item: Flame Orb
|upkeep
|turn|8
|inactive|schleorge has 30 seconds left.
|
|t:|1757905407
|move|p1a: Volcarona|Protect|p1a: Volcarona
|-singleturn|p1a: Volcarona|Protect
|move|p2a: Annoyingon2|Tera Blast|p1a: Volcarona
|-activate|p1a: Volcarona|move: Protect
|move|p2b: bam|Facade|p1b: Sneasler
|-damage|p1b: Sneasler|0 fnt
|faint|p1b: Sneasler
|
|-heal|p1a: Volcarona|31/100|[from] item: Leftovers
|-damage|p2a: Annoyingon2|67/100 brn|[from] brn
|-damage|p2b: bam|95/100 brn|[from] brn
|-fieldend|move: Trick Room
|upkeep
|
|t:|1757905413
|switch|p1b: Rillaboom|Rillaboom, L50, M, tera:Fire|47/100
|-fieldstart|move: Grassy Terrain|[from] ability: Grassy Surge|[of] p1b: Rillaboom
|turn|9
|
|t:|1757905429
|switch|p2b: SHROOMSSSS|Amoonguss, L50, M, shiny|91/100
|move|p1a: Volcarona|Heat Wave|p2b: SHROOMSSSS|[spread] p2a,p2b
|-supereffective|p2b: SHROOMSSSS
|-damage|p2a: Annoyingon2|45/100 brn
|-damage|p2b: SHROOMSSSS|32/100
|move|p1b: Rillaboom|Wood Hammer|p2b: SHROOMSSSS
|-resisted|p2b: SHROOMSSSS
|-damage|p2b: SHROOMSSSS|15/100
|-damage|p1b: Rillaboom|40/100|[from] Recoil
|move|p2a: Annoyingon2|Trick Room|p2a: Annoyingon2
|-fieldstart|move: Trick Room|[of] p2a: Annoyingon2
|
|-heal|p2b: SHROOMSSSS|21/100|[from] Grassy Terrain
|-heal|p2a: Annoyingon2|51/100 brn|[from] Grassy Terrain
|-heal|p1b: Rillaboom|46/100|[from] Grassy Terrain
|-heal|p1a: Volcarona|37/100|[from] Grassy Terrain
|-heal|p1a: Volcarona|44/100|[from] item: Leftovers
|-damage|p2a: Annoyingon2|45/100 brn|[from] brn
|upkeep
|turn|10
|
|t:|1757905453
|move|p1a: Volcarona|Protect|p1a: Volcarona
|-singleturn|p1a: Volcarona|Protect
|move|p2b: SHROOMSSSS|Spore|p1b: Rillaboom
|-status|p1b: Rillaboom|slp|[from] move: Spore
|move|p2a: Annoyingon2|Tera Blast|p1a: Volcarona
|-activate|p1a: Volcarona|move: Protect
|cant|p1b: Rillaboom|slp
|
|-heal|p2b: SHROOMSSSS|27/100|[from] Grassy Terrain
|-heal|p2a: Annoyingon2|51/100 brn|[from] Grassy Terrain
|-heal|p1b: Rillaboom|52/100 slp|[from] Grassy Terrain
|-heal|p1a: Volcarona|50/100|[from] Grassy Terrain
|-heal|p1a: Volcarona|56/100|[from] item: Leftovers
|-damage|p2a: Annoyingon2|45/100 brn|[from] brn
|upkeep
|turn|11
|-message|schleorge forfeited.
|
|win|kokomiiiii
|raw|schleorge's rating: 1212 → 1186(-26 for losing)
|raw|kokomiiiii's rating: 1194 → 1220(+26 for winning)
|l|☆schleorge
|player|p1|
