|j|☆Gen4lover2
|j|☆DaviDXrt
|html|Gen4lover2DaviDXrt    
|uhtml|bestof|Game 1 of a best-of-3
|t:|1785886877
|gametype|doubles
|player|p1|Gen4lover2|wallace|1279
|player|p2|DaviDXrt|266|1256
|gen|9
|tier|[Gen 9 Champions] VGC 2026 Reg M-B (Bo3)
|rated|
|rule|Species Clause: Limit one of each Pokémon
|rule|Item Clause: Limit 1 of each item
|clearpoke
|poke|p1|Tyranitar, L50, M|
|poke|p1|Excadrill, L50, F|
|poke|p1|Staraptor, L50, F|
|poke|p1|Milotic, L50, F, shiny|
|poke|p1|Gholdengo, L50|
|poke|p1|Sinistcha-Masterpiece, L50|
|poke|p2|Gengar, L50, M|
|poke|p2|Altaria, L50, F|
|poke|p2|Incineroar, L50, F|
|poke|p2|Sableye, L50, F|
|poke|p2|Sinistcha, L50|
|poke|p2|Oranguru, L50, M|
|teampreview|4
|showteam|p1|Tyranitar||Tyranitarite|SandStream|RockSlide,KnockOff,LowKick,Protect|Adamant||M|||50|]Excadrill||FocusSash|SandRush|HighHorsepower,IronHead,RockSlide,Protect|Adamant||F|||50|]Staraptor||Staraptite|Intimidate|BraveBird,CloseCombat,Tailwind,Protect|Jolly||F|||50|]Milotic||SitrusBerry|Competitive|Scald,IceBeam,Recover,Protect|Modest||F|||50|]Gholdengo||LifeOrb|GoodasGold|MakeItRain,ShadowBall,NastyPlot,Protect|Modest|||||50|]Sinistcha-Masterpiece||ColburBerry|Hospitality|MatchaGotcha,RagePowder,TrickRoom,Protect|Relaxed|||||50|
|showteam|p2|Gengar||Gengarite|CursedBody|Protect,PerishSong,ReflectType,ShadowBall|Calm||M|||50|]Altaria||SitrusBerry|CloudNine|Protect,PerishSong,Acrobatics,DracoMeteor|Relaxed||F|||50|]Incineroar||PasshoBerry|Intimidate|Protect,FakeOut,PartingShot,ThroatChop|Impish||F|||50|]Sableye||FocusSash|Prankster|Protect,Disable,SkillSwap,Encore|Relaxed||F|||50|]Sinistcha||Leftovers|Hospitality|Protect,LifeDew,RagePowder,MatchaGotcha|Sassy|||||50|]Oranguru||ColburBerry|InnerFocus|Protect,TrickRoom,Yawn,Instruct|Relaxed||M|||50|
|inactive|Battle timer is ON: inactive players will automatically lose when time's up. (requested by Gen4lover2)
|inactive|DaviDXrt also wants the timer to be on.
|
|t:|1785886906
|teamsize|p1|4
|teamsize|p2|4
|start
|switch|p1a: Tyranitar|Tyranitar, L50, M|100/100
|switch|p1b: Excadrill|Excadrill, L50, F|100/100
|switch|p2a: Sableye|Sableye, L50, F|100/100
|switch|p2b: Gengar|Gengar, L50, M|100/100
|-weather|Sandstorm|[from] ability: Sand Stream|[of] p1a: Tyranitar
|turn|1
|inactive|DaviDXrt has 30 seconds left.
|inactive|DaviDXrt has 20 seconds left.
|
|t:|1785886942
|detailschange|p1a: Tyranitar|Tyranitar-Mega, L50, M
|-mega|p1a: Tyranitar|Tyranitar|Tyranitarite
|move|p2a: Sableye|Protect|p2a: Sableye
|-singleturn|p2a: Sableye|Protect
|move|p2b: Gengar|Protect|p2b: Gengar
|-singleturn|p2b: Gengar|Protect
|move|p1b: Excadrill|High Horsepower|p2a: Sableye
|-activate|p2a: Sableye|move: Protect
|move|p1a: Tyranitar|Rock Slide|p2b: Gengar|[spread] 
|-activate|p2a: Sableye|move: Protect
|-activate|p2b: Gengar|move: Protect
|
|-weather|Sandstorm|[upkeep]
|-damage|p2b: Gengar|94/100|[from] Sandstorm
|-damage|p2a: Sableye|94/100|[from] Sandstorm
|upkeep
|turn|2
|
|t:|1785886966
|switch|p2b: Altaria|Altaria, L50, F|100/100
|-ability|p2b: Altaria|Cloud Nine
|move|p2a: Sableye|Disable|p1b: Excadrill
|-start|p1b: Excadrill|Disable|High Horsepower
|cant|p1b: Excadrill|Disable|High Horsepower
|move|p1a: Tyranitar|Rock Slide|p2b: Altaria|[spread] p2a,p2b
|-supereffective|p2b: Altaria|1
|-damage|p2a: Sableye|53/100
|-damage|p2b: Altaria|39/100
|-enditem|p2b: Altaria|Sitrus Berry|[eat]
|-heal|p2b: Altaria|64/100|[from] item: Sitrus Berry
|
|-weather|Sandstorm|[upkeep]
|upkeep
|turn|3
|inactive|DaviDXrt has 30 seconds left.
|
|t:|1785886991
|switch|p1b: Gholdengo|Gholdengo, L50|100/100
|move|p2a: Sableye|Disable|p1a: Tyranitar
|-hint|Since gen 7, Dark is immune to Prankster moves.
|-immune|p1a: Tyranitar
|move|p1a: Tyranitar|Rock Slide|p2a: Sableye|[spread] p2a,p2b
|-supereffective|p2b: Altaria|1
|-damage|p2a: Sableye|13/100
|-damage|p2b: Altaria|0 fnt
|faint|p2b: Altaria
|
|-weather|Sandstorm|[upkeep]
|-damage|p2a: Sableye|7/100|[from] Sandstorm
|upkeep
|
|t:|1785887000
|switch|p2b: Gengar|Gengar, L50, M|94/100
|turn|4
|
|t:|1785887014
|move|p2b: Gengar|Protect|p2b: Gengar
|-singleturn|p2b: Gengar|Protect
|move|p2a: Sableye|Skill Swap|p2b: Gengar
|-activate|p2b: Gengar|move: Protect
|move|p1b: Gholdengo|Shadow Ball|p2b: Gengar
|-activate|p2b: Gengar|move: Protect
|move|p1a: Tyranitar|Rock Slide|p2b: Gengar|[spread] p2a
|-activate|p2b: Gengar|move: Protect
|-damage|p2a: Sableye|0 fnt
|faint|p2a: Sableye
|
|-weather|Sandstorm|[upkeep]
|-damage|p2b: Gengar|88/100|[from] Sandstorm
|upkeep
|
|t:|1785887024
|switch|p2a: Sinistcha|Sinistcha, L50|100/100
|-heal|p2b: Gengar|100/100|[from] ability: Hospitality|[of] p2a: Sinistcha
|turn|5
|
|t:|1785887031
|detailschange|p2b: Gengar|Gengar-Mega, L50, M
|-mega|p2b: Gengar|Gengar|Gengarite
|move|p2a: Sinistcha|Rage Powder|p2a: Sinistcha
|-singleturn|p2a: Sinistcha|move: Rage Powder
|move|p2b: Gengar|Perish Song|p2b: Gengar
|-start|p1a: Tyranitar|perish3|[silent]
|-immune|p1b: Gholdengo|[from] ability: Good as Gold
|-start|p2a: Sinistcha|perish3|[silent]
|-start|p2b: Gengar|perish3|[silent]
|-fieldactivate|move: Perish Song
|move|p1b: Gholdengo|Shadow Ball|p2a: Sinistcha
|-supereffective|p2a: Sinistcha|1
|-damage|p2a: Sinistcha|0 fnt
|faint|p2a: Sinistcha
|-damage|p1b: Gholdengo|90/100|[from] item: Life Orb
|move|p1a: Tyranitar|Knock Off|p2b: Gengar
|-supereffective|p2b: Gengar|1
|-damage|p2b: Gengar|17/100
|
|-weather|none
|-start|p2b: Gengar|perish3
|-start|p1a: Tyranitar|perish3
|upkeep
|turn|6
|-message|DaviDXrt forfeited.
|
|win|Gen4lover2
|l|☆DaviDXrt
|player|p2|
|raw|Gen4lover2's rating: 1279 → 1302(+23 for winning)
|raw|DaviDXrt's rating: 1256 → 1233(-23 for losing)
