|j|☆kerzz49
|j|☆GholdengoMerchant7
|html|kerzz49GholdengoMerchant7    
|uhtml|bestof|Game 2 of a best-of-3
|t:|1782750760
|gametype|doubles
|player|p1|kerzz49|cilan|1269
|player|p2|GholdengoMerchant7|nate|1288
|gen|9
|tier|[Gen 9 Champions] VGC 2026 Reg M-B (Bo3)
|rated|
|rule|Species Clause: Limit one of each Pokémon
|rule|Item Clause: Limit 1 of each item
|clearpoke
|poke|p1|Gardevoir, L50, M, shiny|
|poke|p1|Maushold-Four, L50, shiny|
|poke|p1|Kingambit, L50, F, shiny|
|poke|p1|Ceruledge, L50, F, shiny|
|poke|p1|Garchomp, L50, F, shiny|
|poke|p1|Talonflame, L50, F, shiny|
|poke|p2|Blastoise, L50, F|
|poke|p2|Delphox, L50, F|
|poke|p2|Sneasler, L50, M|
|poke|p2|Incineroar, L50, F|
|poke|p2|Kingambit, L50, M|
|poke|p2|Sinistcha, L50|
|teampreview|4
|showteam|p1|Gardevoir||Gardevoirite|Telepathy|HyperVoice,Psyshock,HyperBeam,Protect|Timid||M|||50|]Maushold-Four||FocusSash|FriendGuard|Feint,FollowMe,SuperFang,Protect|Jolly|||||50|]Kingambit||BlackGlasses|SupremeOverlord|KowtowCleave,IronHead,LowKick,SuckerPunch|Adamant||F|||50|]Ceruledge||ColburBerry|FlashFire|BitterBlade,ShadowSneak,BulkUp,Protect|Adamant||F|||50|]Garchomp||LifeOrb|SandVeil|DragonClaw,RockSlide,StompingTantrum,Protect|Jolly||F|||50|]Talonflame||SharpBeak|GaleWings|BraveBird,QuickGuard,Tailwind,Protect|Jolly||F|||50|
|showteam|p2|Blastoise||Blastoisinite|RainDish|WaterSpout,DarkPulse,ShellSmash,Protect|Modest||F|||50|]Delphox||Delphoxite|Blaze|HeatWave,Psyshock,NastyPlot,Protect|Timid||F|||50|]Sneasler||FocusSash|PoisonTouch|FakeOut,CloseCombat,DireClaw,QuickGuard|Jolly||M|||50|]Incineroar||SitrusBerry|Intimidate|FakeOut,FlareBlitz,PartingShot,HelpingHand|Impish||F|||50|]Kingambit||BlackGlasses|Defiant|KowtowCleave,SuckerPunch,SwordsDance,Protect|Adamant||M|||50|]Sinistcha||OccaBerry|Hospitality|MatchaGotcha,RagePowder,TrickRoom,Protect|Bold|||||50|
|inactive|Battle timer is ON: inactive players will automatically lose when time's up. (requested by GholdengoMerchant7)
|
|t:|1782750782
|teamsize|p1|4
|teamsize|p2|4
|start
|switch|p1a: Talonflame|Talonflame, L50, F, shiny|100/100
|switch|p1b: Gardevoir|Gardevoir, L50, M, shiny|100/100
|switch|p2a: Blastoise|Blastoise, L50, F|100/100
|switch|p2b: Incineroar|Incineroar, L50, F|100/100
|-ability|p2b: Incineroar|Intimidate|boost
|-unboost|p1a: Talonflame|atk|1
|-unboost|p1b: Gardevoir|atk|1
|turn|1
|inactive|GholdengoMerchant7 has 30 seconds left.
|inactive|GholdengoMerchant7 has 20 seconds left.
|inactive|GholdengoMerchant7 has 15 seconds left.
|
|t:|1782750826
|detailschange|p1b: Gardevoir|Gardevoir-Mega, L50, M, shiny
|-mega|p1b: Gardevoir|Gardevoir|Gardevoirite
|detailschange|p2a: Blastoise|Blastoise-Mega, L50, F
|-mega|p2a: Blastoise|Blastoise|Blastoisinite
|move|p2b: Incineroar|Helping Hand|p2a: Blastoise
|-singleturn|p2a: Blastoise|Helping Hand|[of] p2b: Incineroar
|move|p1a: Talonflame|Quick Guard|p1a: Talonflame
|-singleturn|p1a: Talonflame|Quick Guard
|move|p1b: Gardevoir|Hyper Voice|p2a: Blastoise|[spread] p2a,p2b
|-damage|p2a: Blastoise|53/100
|-damage|p2b: Incineroar|53/100
|move|p2a: Blastoise|Water Spout|p1b: Gardevoir|[spread] p1a,p1b
|-supereffective|p1a: Talonflame|1
|-damage|p1a: Talonflame|0 fnt
|-damage|p1b: Gardevoir|46/100
|faint|p1a: Talonflame
|
|upkeep
|
|t:|1782750840
|switch|p1a: Maushold|Maushold-Four, L50, shiny|100/100
|turn|2
|
|t:|1782750850
|switch|p2a: Sneasler|Sneasler, L50, M|100/100
|move|p1a: Maushold|Super Fang|p2b: Incineroar
|-damage|p2b: Incineroar|27/100
|-enditem|p2b: Incineroar|Sitrus Berry|[eat]
|-heal|p2b: Incineroar|51/100|[from] item: Sitrus Berry
|move|p1b: Gardevoir|Hyper Voice|p2a: Sneasler|[spread] p2a,p2b
|-damage|p2a: Sneasler|28/100
|-damage|p2b: Incineroar|2/100
|move|p2b: Incineroar|Parting Shot|p1b: Gardevoir
|-unboost|p1b: Gardevoir|atk|1
|-unboost|p1b: Gardevoir|spa|1
|
|t:|1782750868
|switch|p2b: Blastoise|Blastoise-Mega, L50, F|53/100|[from] Parting Shot
|
|upkeep
|turn|3
|
|t:|1782750889
|move|p2a: Sneasler|Fake Out|p1b: Gardevoir
|-damage|p1b: Gardevoir|26/100
|-status|p1b: Gardevoir|psn|[from] ability: Poison Touch|[of] p2a: Sneasler
|move|p1a: Maushold|Super Fang|p2b: Blastoise
|-damage|p2b: Blastoise|26/100
|cant|p1b: Gardevoir|flinch
|move|p2b: Blastoise|Shell Smash|p2b: Blastoise
|-unboost|p2b: Blastoise|def|1
|-unboost|p2b: Blastoise|spd|1
|-boost|p2b: Blastoise|atk|2
|-boost|p2b: Blastoise|spa|2
|-boost|p2b: Blastoise|spe|2
|
|-damage|p1b: Gardevoir|13/100 psn|[from] psn
|upkeep
|turn|4
|
|t:|1782750911
|switch|p2a: Sinistcha|Sinistcha, L50|100/100
|-heal|p2b: Blastoise|51/100|[from] ability: Hospitality|[of] p2a: Sinistcha
|move|p1a: Maushold|Feint|p2b: Blastoise
|-damage|p2b: Blastoise|38/100
|move|p2b: Blastoise|Water Spout|p1a: Maushold|[spread] p1a,p1b
|-damage|p1a: Maushold|41/100
|-damage|p1b: Gardevoir|0 fnt
|faint|p1b: Gardevoir
|
|upkeep
|
|t:|1782750916
|switch|p1b: Garchomp|Garchomp, L50, F, shiny|100/100
|turn|5
|
|t:|1782750933
|move|p1a: Maushold|Feint|p2b: Blastoise
|-damage|p2b: Blastoise|26/100
|move|p2b: Blastoise|Dark Pulse|p1b: Garchomp
|-damage|p1b: Garchomp|19/100
|move|p1b: Garchomp|Rock Slide|p2b: Blastoise|[spread] p2a,p2b
|-damage|p2a: Sinistcha|79/100
|-damage|p2b: Blastoise|0 fnt
|faint|p2b: Blastoise
|-damage|p1b: Garchomp|10/100|[from] item: Life Orb
|cant|p2a: Sinistcha|flinch
|
|upkeep
|
|t:|1782750945
|switch|p2b: Incineroar|Incineroar, L50, F|2/100
|-ability|p2b: Incineroar|Intimidate|boost
|-unboost|p1a: Maushold|atk|1
|-unboost|p1b: Garchomp|atk|1
|turn|6
|-message|kerzz49 forfeited.
|
|win|GholdengoMerchant7
|raw|kerzz49's rating: 1269 → 1245(-24 for losing)
|raw|GholdengoMerchant7's rating: 1288 → 1312(+24 for winning)
|l|☆kerzz49
|player|p1|
