|j|☆wowiekazowee
|j|☆esid1470
|html|wowiekazoweeesid1470    
|uhtml|bestof|Game 1 of a best-of-3
|t:|1756154637
|gametype|doubles
|player|p1|wowiekazowee|idol|1086
|player|p2|esid1470|steven|1067
|gen|9
|tier|[Gen 9] VGC 2025 Reg H (Bo3)
|rated|
|rule|Species Clause: Limit one of each Pokémon
|rule|Item Clause: Limit 1 of each item
|clearpoke
|poke|p1|Pelipper, L50, M|
|poke|p1|Basculegion, L50, M|
|poke|p1|Archaludon, L50, M|
|poke|p1|Incineroar, L50, F|
|poke|p1|Sinistcha, L50|
|poke|p1|Ursaluna, L50, F|
|poke|p2|Ninetales-Alola, L50, M|
|poke|p2|Baxcalibur, L50, F|
|poke|p2|Sneasler, L50, F|
|poke|p2|Kingambit, L50, F|
|poke|p2|Corviknight, L50, F|
|poke|p2|Garchomp, L50, F|
|teampreview|4
|showteam|p1|Pelipper||FocusSash|Drizzle|Hurricane,WeatherBall,Tailwind,WideGuard|||M|||50|,,,,,Ghost]Basculegion||MysticWater|SwiftSwim|Protect,WaveCrash,AquaJet,LastRespects|||M|||50|,,,,,Water]Archaludon||AssaultVest|Stamina|ElectroShot,DracoMeteor,FlashCannon,BodyPress|||M|||50|,,,,,Grass]Incineroar||SafetyGoggles|Intimidate|FakeOut,FlareBlitz,KnockOff,PartingShot|||F|||50|,,,,,Water]Sinistcha||SitrusBerry|Hospitality|MatchaGotcha,LifeDew,RagePowder,TrickRoom||||||50|,,,,,Water]Ursaluna||FlameOrb|Guts|Facade,HeadlongRush,SwordsDance,Protect|||F|||50|,,,,,Ghost
|showteam|p2|Ninetales-Alola||LightClay|SnowWarning|AuroraVeil,Blizzard,IcyWind,Encore|||M|||50|,,,,,Ghost]Baxcalibur||LoadedDice|IceBody|IcicleSpear,ScaleShot,SwordsDance,Protect|||F|||50|,,,,,Poison]Sneasler||FocusSash|Unburden|Coaching,DireClaw,CloseCombat,FakeOut|||F|||50|,,,,,Dark]Kingambit||BlackGlasses|Defiant|SuckerPunch,KowtowCleave,Protect,SwordsDance|||F|||50|,,,,,Dark]Corviknight||SitrusBerry|MirrorArmor|Tailwind,BraveBird,Roost,BulkUp|||F|||50|,,,,,Dragon]Garchomp||LifeOrb|RoughSkin|Earthquake,StompingTantrum,DragonClaw,Protect|||F|||50|,,,,,Steel
|inactive|Battle timer is ON: inactive players will automatically lose when time's up. (requested by esid1470)
|inactive|esid1470 has 60 seconds left.
|
|t:|1756154697
|teamsize|p1|4
|teamsize|p2|4
|start
|switch|p1a: Sinistcha|Sinistcha, L50|100/100
|switch|p1b: Ursaluna|Ursaluna, L50, F|100/100
|switch|p2a: Kingambit|Kingambit, L50, F|100/100
|switch|p2b: Baxcalibur|Baxcalibur, L50, F|100/100
|turn|1
|
|t:|1756154721
|-terastallize|p1a: Sinistcha|Water
|-terastallize|p2a: Kingambit|Dark
|move|p2b: Baxcalibur|Icicle Spear|p1b: Ursaluna
|-supereffective|p1b: Ursaluna
|-damage|p1b: Ursaluna|77/100
|-supereffective|p1b: Ursaluna
|-damage|p1b: Ursaluna|53/100
|-supereffective|p1b: Ursaluna
|-damage|p1b: Ursaluna|28/100
|-supereffective|p1b: Ursaluna
|-damage|p1b: Ursaluna|3/100
|-supereffective|p1b: Ursaluna
|-damage|p1b: Ursaluna|0 fnt
|faint|p1b: Ursaluna
|-hitcount|p1: Ursaluna|5
|move|p2a: Kingambit|Kowtow Cleave|p1a: Sinistcha
|-damage|p1a: Sinistcha|35/100
|-enditem|p1a: Sinistcha|Sitrus Berry|[eat]
|-heal|p1a: Sinistcha|60/100|[from] item: Sitrus Berry
|move|p1a: Sinistcha|Trick Room|p1a: Sinistcha
|-fieldstart|move: Trick Room|[of] p1a: Sinistcha
|
|upkeep
|
|t:|1756154741
|switch|p1b: Pelipper|Pelipper, L50, M|100/100
|-weather|RainDance|[from] ability: Drizzle|[of] p1b: Pelipper
|turn|2
|
|t:|1756154760
|move|p2a: Kingambit|Protect|p2a: Kingambit
|-singleturn|p2a: Kingambit|Protect
|move|p2b: Baxcalibur|Protect|p2b: Baxcalibur
|-singleturn|p2b: Baxcalibur|Protect
|move|p1b: Pelipper|Hurricane|p2b: Baxcalibur
|-activate|p2b: Baxcalibur|move: Protect
|move|p1a: Sinistcha|Matcha Gotcha|p2b: Baxcalibur|[spread] 
|-activate|p2a: Kingambit|move: Protect
|-activate|p2b: Baxcalibur|move: Protect
|
|-weather|RainDance|[upkeep]
|upkeep
|turn|3
|inactive|esid1470 has 30 seconds left.
|inactive|esid1470 has 20 seconds left.
|inactive|esid1470 has 15 seconds left.
|
|t:|1756154800
|switch|p2a: Ninetales|Ninetales-Alola, L50, M|100/100
|-weather|Snowscape|[from] ability: Snow Warning|[of] p2a: Ninetales
|move|p1b: Pelipper|Hurricane|p2b: Baxcalibur|[miss]
|-miss|p1b: Pelipper|p2b: Baxcalibur
|move|p1a: Sinistcha|Matcha Gotcha|p2b: Baxcalibur|[spread] p2a,p2b
|-resisted|p2b: Baxcalibur
|-damage|p2a: Ninetales|69/100
|-heal|p1a: Sinistcha|74/100|[from] drain|[of] p2a: Ninetales
|-damage|p2b: Baxcalibur|86/100
|-heal|p1a: Sinistcha|82/100|[from] drain|[of] p2b: Baxcalibur
|-status|p2a: Ninetales|brn
|move|p2b: Baxcalibur|Icicle Spear|p1b: Pelipper
|-damage|p1b: Pelipper|82/100
|-damage|p1b: Pelipper|66/100
|-damage|p1b: Pelipper|48/100
|-damage|p1b: Pelipper|31/100
|-hitcount|p1b: Pelipper|4
|
|-weather|Snowscape|[upkeep]
|-heal|p2b: Baxcalibur|92/100|[from] ability: Ice Body
|-damage|p2a: Ninetales|63/100 brn|[from] brn
|upkeep
|turn|4
|inactive|wowiekazowee has 30 seconds left.
|inactive|esid1470 has 30 seconds left.
|
|t:|1756154831
|switch|p1b: Incineroar|Incineroar, L50, F|100/100
|-ability|p1b: Incineroar|Intimidate|boost
|-unboost|p2a: Ninetales|atk|1
|-unboost|p2b: Baxcalibur|atk|1
|move|p1a: Sinistcha|Matcha Gotcha|p2b: Baxcalibur|[spread] p2a,p2b
|-resisted|p2b: Baxcalibur
|-damage|p2a: Ninetales|27/100 brn
|-heal|p1a: Sinistcha|97/100|[from] drain|[of] p2a: Ninetales
|-damage|p2b: Baxcalibur|78/100
|-heal|p1a: Sinistcha|100/100|[from] drain|[of] p2b: Baxcalibur
|move|p2b: Baxcalibur|Swords Dance|p2b: Baxcalibur
|-boost|p2b: Baxcalibur|atk|2
|move|p2a: Ninetales|Aurora Veil|p2a: Ninetales
|-sidestart|p2: esid1470|move: Aurora Veil
|
|-weather|Snowscape|[upkeep]
|-heal|p2b: Baxcalibur|84/100|[from] ability: Ice Body
|-damage|p2a: Ninetales|22/100 brn|[from] brn
|upkeep
|turn|5
|
|t:|1756154854
|move|p2b: Baxcalibur|Protect|p2b: Baxcalibur
|-singleturn|p2b: Baxcalibur|Protect
|move|p1b: Incineroar|Fake Out|p2b: Baxcalibur
|-activate|p2b: Baxcalibur|move: Protect
|move|p1a: Sinistcha|Matcha Gotcha|p2a: Ninetales|[spread] p2a
|-activate|p2b: Baxcalibur|move: Protect
|-damage|p2a: Ninetales|0 fnt
|faint|p2a: Ninetales
|
|-weather|Snowscape|[upkeep]
|-heal|p2b: Baxcalibur|90/100|[from] ability: Ice Body
|-fieldend|move: Trick Room
|upkeep
|
|t:|1756154873
|switch|p2a: Sneasler|Sneasler, L50, F|100/100
|turn|6
|
|t:|1756154888
|move|p2a: Sneasler|Coaching|p2b: Baxcalibur
|-boost|p2b: Baxcalibur|atk|1
|-boost|p2b: Baxcalibur|def|1
|move|p2b: Baxcalibur|Scale Shot|p1a: Sinistcha
|-damage|p1a: Sinistcha|70/100
|-damage|p1a: Sinistcha|43/100
|-damage|p1a: Sinistcha|16/100
|-damage|p1a: Sinistcha|0 fnt
|faint|p1a: Sinistcha
|-hitcount|p1: Sinistcha|4
|-unboost|p2b: Baxcalibur|def|1
|-boost|p2b: Baxcalibur|spe|1
|move|p1b: Incineroar|Flare Blitz|p2a: Sneasler
|-damage|p2a: Sneasler|34/100
|-status|p2a: Sneasler|brn
|-damage|p1b: Incineroar|81/100|[from] Recoil
|
|-weather|Snowscape|[upkeep]
|-heal|p2b: Baxcalibur|96/100|[from] ability: Ice Body
|-damage|p2a: Sneasler|29/100 brn|[from] brn
|upkeep
|
|t:|1756154907
|switch|p1a: Pelipper|Pelipper, L50, M|31/100
|-weather|RainDance|[from] ability: Drizzle|[of] p1a: Pelipper
|turn|7
|
|t:|1756154927
|move|p2a: Sneasler|Coaching|p2b: Baxcalibur
|-boost|p2b: Baxcalibur|atk|1
|-boost|p2b: Baxcalibur|def|1
|move|p2b: Baxcalibur|Icicle Spear|p1a: Pelipper
|-damage|p1a: Pelipper|0 fnt
|faint|p1a: Pelipper
|-hitcount|p1: Pelipper|1
|move|p1b: Incineroar|Knock Off|p2b: Baxcalibur
|-damage|p2b: Baxcalibur|73/100
|-enditem|p2b: Baxcalibur|Loaded Dice|[from] move: Knock Off|[of] p1b: Incineroar
|
|-weather|RainDance|[upkeep]
|-damage|p2a: Sneasler|23/100 brn|[from] brn
|upkeep
|turn|8
|
|t:|1756154944
|move|p2a: Sneasler|Close Combat|p1b: Incineroar
|-supereffective|p1b: Incineroar
|-damage|p1b: Incineroar|20/100
|-unboost|p2a: Sneasler|def|1
|-unboost|p2a: Sneasler|spd|1
|move|p2b: Baxcalibur|Scale Shot|p1b: Incineroar
|-damage|p1b: Incineroar|0 fnt
|faint|p1b: Incineroar
|-hitcount|p1: Incineroar|1
|
|win|esid1470
||wowiekazowee is ready for game 2.
||esid1470 is ready for game 2.
|uhtml|next|Next: Game 2 of 3
