|j|☆zpoogi
|j|☆AnTree4
|html|zpoogiAnTree4    
|uhtml|bestof|Game 1 of a best-of-3
|t:|1757689739
|gametype|doubles
|player|p1|zpoogi|az|1174
|player|p2|AnTree4|brock|1166
|gen|9
|tier|[Gen 9] VGC 2025 Reg H (Bo3)
|rated|
|rule|Species Clause: Limit one of each Pokémon
|rule|Item Clause: Limit 1 of each item
|clearpoke
|poke|p1|Chesnaught, L50, F|
|poke|p1|Indeedee, L50, M|
|poke|p1|Sneasler, L50, M|
|poke|p1|Pelipper, L50, F|
|poke|p1|Basculegion, L50, M|
|poke|p1|Archaludon, L50, M|
|poke|p2|Tyranitar, L50, F|
|poke|p2|Corviknight, L50, F|
|poke|p2|Sneasler, L50, M|
|poke|p2|Indeedee, L50, M|
|poke|p2|Kommo-o, L50, F|
|poke|p2|Sinistcha, L50|
|teampreview|4
|showteam|p1|Chesnaught||PsychicSeed|Bulletproof|BulkUp,KnockOff,BodyPress,Synthesis|||F|||50|,,,,,Dragon]Indeedee||ChoiceScarf|PsychicSurge|ExpandingForce,TeraBlast,Trick,Protect|||M|||50|,,,,,Psychic]Sneasler||WhiteHerb|Unburden|CloseCombat,DireClaw,FakeOut,Coaching|||M|||50|,,,,,Stellar]Pelipper||FocusSash|Drizzle|Tailwind,WeatherBall,Hurricane,WideGuard|||F|||50|,,,,,Stellar]Basculegion||ChoiceBand|SwiftSwim|WaveCrash,FlipTurn,LastRespects,AquaJet|||M|||50|,,,,,Water]Archaludon||AssaultVest|Stamina|ElectroShot,FlashCannon,DracoMeteor,Snarl|||M|||50|,,,,,Bug
|showteam|p2|Tyranitar||ClearAmulet|SandStream|RockSlide,KnockOff,DragonDance,Protect|||F|||50|,,,,,Grass]Corviknight||RockyHelmet|MirrorArmor|BraveBird,BodyPress,BulkUp,Roost|||F|||50|,,,,,Dragon]Sneasler||PsychicSeed|Unburden|FakeOut,CloseCombat,DireClaw,Coaching|||M|||50|,,,,,Ghost]Indeedee||ChoiceScarf|PsychicSurge|ExpandingForce,TeraBlast,Trick,Protect|||M|||50|,,,,,Psychic]Kommo-o||ThroatSpray|Bulletproof|ClangingScales,Flamethrower,ClangorousSoul,Protect|||F|||50|,,,,,Fire]Sinistcha||SitrusBerry|Hospitality|MatchaGotcha,RagePowder,LifeDew,TrickRoom||||||50|,,,,,Fire
|inactive|Battle timer is ON: inactive players will automatically lose when time's up. (requested by zpoogi)
|
|t:|1757689796
|teamsize|p1|4
|teamsize|p2|4
|start
|switch|p1a: Indeedee|Indeedee, L50, M|100/100
|switch|p1b: Pelipper|Pelipper, L50, F|100/100
|switch|p2a: Tyranitar|Tyranitar, L50, F|100/100
|switch|p2b: Sneasler|Sneasler, L50, M|100/100
|-fieldstart|move: Psychic Terrain|[from] ability: Psychic Surge|[of] p1a: Indeedee
|-enditem|p2b: Sneasler|Psychic Seed
|-boost|p2b: Sneasler|spd|1|[from] item: Psychic Seed
|-weather|RainDance|[from] ability: Drizzle|[of] p1b: Pelipper
|-weather|Sandstorm|[from] ability: Sand Stream|[of] p2a: Tyranitar
|turn|1
|inactive|AnTree4 has 30 seconds left.
|
|t:|1757689830
|switch|p1b: Chesnaught|Chesnaught, L50, F|100/100
|-enditem|p1b: Chesnaught|Psychic Seed
|-boost|p1b: Chesnaught|spd|1|[from] item: Psychic Seed
|move|p2b: Sneasler|Fake Out|p1b: Chesnaught
|-activate|p1b: Chesnaught|move: Psychic Terrain
|move|p1a: Indeedee|Expanding Force|p2b: Sneasler|[spread] p2b
|-immune|p2a: Tyranitar
|-supereffective|p2b: Sneasler
|-damage|p2b: Sneasler|0 fnt
|faint|p2b: Sneasler
|move|p2a: Tyranitar|Rock Slide|p1b: Chesnaught|[spread] p1a,p1b
|-resisted|p1b: Chesnaught
|-damage|p1a: Indeedee|35/100
|-damage|p1b: Chesnaught|88/100
|
|-weather|Sandstorm|[upkeep]
|-damage|p1a: Indeedee|29/100|[from] Sandstorm
|-damage|p1b: Chesnaught|82/100|[from] Sandstorm
|upkeep
|
|t:|1757689848
|switch|p2b: Indeedee|Indeedee, L50, M|100/100
|turn|2
|
|t:|1757689870
|switch|p1a: Pelipper|Pelipper, L50, F|100/100
|-weather|RainDance|[from] ability: Drizzle|[of] p1a: Pelipper
|-terastallize|p2b: Indeedee|Psychic
|-terastallize|p1b: Chesnaught|Dragon
|move|p2b: Indeedee|Expanding Force|p1a: Pelipper|[spread] p1a,p1b
|-enditem|p1a: Pelipper|Focus Sash
|-damage|p1a: Pelipper|1/100
|-damage|p1b: Chesnaught|30/100
|move|p2a: Tyranitar|Rock Slide|p1b: Chesnaught|[spread] p1a,p1b
|-supereffective|p1a: Pelipper
|-damage|p1a: Pelipper|0 fnt
|-damage|p1b: Chesnaught|7/100
|faint|p1a: Pelipper
|move|p1b: Chesnaught|Knock Off|p2b: Indeedee
|-supereffective|p2b: Indeedee
|-damage|p2b: Indeedee|0 fnt
|-enditem|p2b: Indeedee|Choice Scarf|[from] move: Knock Off|[of] p1b: Chesnaught
|faint|p2b: Indeedee
|
|-weather|RainDance|[upkeep]
|upkeep
|
|t:|1757689888
|switch|p2b: Corviknight|Corviknight, L50, F|100/100
|switch|p1a: Basculegion|Basculegion, L50, M|100/100
|turn|3
|
|t:|1757689902
|move|p2a: Tyranitar|Protect|p2a: Tyranitar
|-singleturn|p2a: Tyranitar|Protect
|move|p1a: Basculegion|Flip Turn|p2a: Tyranitar
|-activate|p2a: Tyranitar|move: Protect
|move|p2b: Corviknight|Brave Bird|p1a: Basculegion
|-damage|p1a: Basculegion|56/100
|-damage|p2b: Corviknight|86/100|[from] Recoil
|move|p1b: Chesnaught|Synthesis|p1b: Chesnaught
|-heal|p1b: Chesnaught|31/100
|
|-weather|RainDance|[upkeep]
|upkeep
|turn|4
|
|t:|1757689919
|move|p1a: Basculegion|Flip Turn|p2a: Tyranitar
|-supereffective|p2a: Tyranitar
|-damage|p2a: Tyranitar|0 fnt
|faint|p2a: Tyranitar
|
|t:|1757689923
|switch|p1a: Indeedee|Indeedee, L50, M|29/100|[from] Flip Turn
|move|p2b: Corviknight|Bulk Up|p2b: Corviknight
|-boost|p2b: Corviknight|atk|1
|-boost|p2b: Corviknight|def|1
|move|p1b: Chesnaught|Bulk Up|p1b: Chesnaught
|-boost|p1b: Chesnaught|atk|1
|-boost|p1b: Chesnaught|def|1
|
|-weather|RainDance|[upkeep]
|upkeep
|turn|5
|
|t:|1757689939
|move|p1a: Indeedee|Trick|p2b: Corviknight
|-activate|p1a: Indeedee|move: Trick|[of] p2b: Corviknight
|-item|p2b: Corviknight|Choice Scarf|[from] move: Trick
|-item|p1a: Indeedee|Rocky Helmet|[from] move: Trick
|move|p2b: Corviknight|Brave Bird|p1b: Chesnaught
|-damage|p1b: Chesnaught|5/100
|-damage|p2b: Corviknight|77/100|[from] Recoil
|move|p1b: Chesnaught|Synthesis|p1b: Chesnaught
|-heal|p1b: Chesnaught|29/100
|
|-weather|RainDance|[upkeep]
|-fieldend|move: Psychic Terrain
|upkeep
|turn|6
|
|t:|1757689956
|switch|p1a: Basculegion|Basculegion, L50, M|56/100
|move|p2b: Corviknight|Brave Bird|p1b: Chesnaught
|-damage|p1b: Chesnaught|1/100
|-damage|p2b: Corviknight|68/100|[from] Recoil
|move|p1b: Chesnaught|Synthesis|p1b: Chesnaught
|-heal|p1b: Chesnaught|26/100
|
|-weather|none
|upkeep
|turn|7
|
|t:|1757689969
|move|p2b: Corviknight|Brave Bird|p1b: Chesnaught
|-damage|p1b: Chesnaught|0 fnt
|faint|p1b: Chesnaught
|-damage|p2b: Corviknight|60/100|[from] Recoil
|move|p1a: Basculegion|Last Respects|p2b: Corviknight
|-damage|p2b: Corviknight|0 fnt
|faint|p2b: Corviknight
|
|win|zpoogi
||zpoogi is ready for game 2.
||AnTree4 is ready for game 2.
|uhtml|next|Next: Game 2 of 3
|l|☆AnTree4
|player|p2|
