|j|☆roggol
|j|☆Mozilla Fennekin
|html|roggolMozilla Fennekin    
|uhtml|bestof|Game 2 of a best-of-3
|t:|1784543622
|gametype|doubles
|player|p1|roggol|169|
|player|p2|Mozilla Fennekin|marnie-masters3|
|gen|9
|tier|[Gen 9 Champions] VGC 2026 Reg M-B (Bo3)
|rule|Species Clause: Limit one of each Pokémon
|rule|Item Clause: Limit 1 of each item
|clearpoke
|poke|p1|Froslass, L50, F|
|poke|p1|Tyranitar, L50, M|
|poke|p1|Steelix, L50, F|
|poke|p1|Zoroark-Hisui, L50, M|
|poke|p1|Pidgeot, L50, M|
|poke|p1|Sandaconda, L50, M|
|poke|p2|Delphox, L50, M|
|poke|p2|Torkoal, L50, M|
|poke|p2|Alakazam, L50, F|
|poke|p2|Heliolisk, L50, F|
|poke|p2|Scovillain, L50, M|
|poke|p2|Hydrapple, L50, M|
|teampreview|4
|showteam|p1|Froslass||Froslassite|CursedBody|Blizzard,ShadowBall,AuroraVeil,Protect|Timid||F|||50|]Tyranitar||Tyranitarite|SandStream|KnockOff,RockSlide,Protect,IcePunch|Adamant||M|||50|]Steelix||ChopleBerry|Sturdy|HighHorsepower,BodyPress,HeavySlam,WideGuard|Careful||F|||50|]Zoroark-Hisui||FocusSash|Illusion|ShadowBall,SludgeBomb,Protect,Taunt|Timid||M|||50|]Pidgeot||LifeOrb|KeenEye|Tailwind,Uturn,QuickAttack,BraveBird|Careful||M|||50|]Sandaconda||BrightPowder|SandVeil|Minimize,IronDefense,BodyPress,RockSlide|Careful||M|||50|
|showteam|p2|Delphox||Delphoxite|Magician|HeatWave,ScorchingSands,Encore,Protect|Timid||M|||50|]Torkoal||Charcoal|Drought|Eruption,EarthPower,WillOWisp,Protect|Modest||M|||50|]Alakazam||FocusSash|MagicGuard|Taunt,SpeedSwap,Psychic,FocusBlast|Timid||F|||50|]Heliolisk||HeatRock|SolarPower|SunnyDay,Thunderbolt,WeatherBall,Protect|Timid||F|||50|]Scovillain||LifeOrb|Chlorophyll|SunnyDay,Flamethrower,EnergyBall,LeafStorm|Modest||M|||50|]Hydrapple||Leftovers|SupersweetSyrup|FickleBeam,GigaDrain,SolarBeam,Protect|Modest||M|||50|
|inactive|Battle timer is ON: inactive players will automatically lose when time's up. (requested by roggol)
|
|t:|1784543652
|teamsize|p1|4
|teamsize|p2|4
|start
|switch|p1a: Pidgeot|Pidgeot, L50, M|100/100
|switch|p1b: Steelix|Steelix, L50, F|100/100
|switch|p2a: Alakazam|Alakazam, L50, F|100/100
|switch|p2b: Torkoal|Torkoal, L50, M|100/100
|-weather|SunnyDay|[from] ability: Drought|[of] p2b: Torkoal
|turn|1
|inactive|roggol has 30 seconds left.
|
|t:|1784543679
|move|p2a: Alakazam|Speed Swap|p2b: Torkoal
|-activate|p2a: Alakazam|move: Speed Swap|[of] p2b: Torkoal
|move|p2b: Torkoal|Eruption|p1b: Steelix|[spread] p1a,p1b
|-damage|p1a: Pidgeot|18/100
|-enditem|p1b: Steelix|Focus Sash
|-damage|p1b: Steelix|1/100
|replace|p1b: Zoroark|Zoroark-Hisui, L50, M
|-end|p1b: Zoroark|Illusion
|move|p1b: Zoroark|Shadow Ball|p2a: Alakazam
|-supereffective|p2a: Alakazam|1
|-enditem|p2a: Alakazam|Focus Sash
|-damage|p2a: Alakazam|1/100
|move|p1a: Pidgeot|Tailwind|p1a: Pidgeot
|-sidestart|p1: roggol|move: Tailwind
|
|-weather|SunnyDay|[upkeep]
|upkeep
|turn|2
|inactive|Mozilla Fennekin has 30 seconds left.
|
|t:|1784543713
|move|p1a: Pidgeot|Quick Attack|p2a: Alakazam
|-damage|p2a: Alakazam|0 fnt
|faint|p2a: Alakazam
|-damage|p1a: Pidgeot|8/100|[from] item: Life Orb
|move|p1b: Zoroark|Shadow Ball|p2b: Torkoal
|-damage|p2b: Torkoal|46/100
|move|p2b: Torkoal|Eruption|p1b: Zoroark|[spread] p1a,p1b
|-damage|p1a: Pidgeot|0 fnt
|-damage|p1b: Zoroark|0 fnt
|faint|p1a: Pidgeot
|faint|p1b: Zoroark
|
|-weather|SunnyDay|[upkeep]
|upkeep
|
|t:|1784543726
|switch|p2a: Heliolisk|Heliolisk, L50, F|100/100
|switch|p1b: Steelix|Steelix, L50, F|100/100
|switch|p1a: Tyranitar|Tyranitar, L50, M|100/100
|-weather|Sandstorm|[from] ability: Sand Stream|[of] p1a: Tyranitar
|turn|3
|
|t:|1784543744
|detailschange|p1a: Tyranitar|Tyranitar-Mega, L50, M
|-mega|p1a: Tyranitar|Tyranitar|Tyranitarite
|move|p2b: Torkoal|Will-O-Wisp|p1a: Tyranitar
|-status|p1a: Tyranitar|brn
|move|p1a: Tyranitar|Knock Off|p2a: Heliolisk
|-damage|p2a: Heliolisk|28/100
|-enditem|p2a: Heliolisk|Heat Rock|[from] move: Knock Off|[of] p1a: Tyranitar
|move|p2a: Heliolisk|Sunny Day|p2a: Heliolisk
|-weather|SunnyDay
|move|p1b: Steelix|High Horsepower|p2a: Heliolisk
|-supereffective|p2a: Heliolisk|1
|-damage|p2a: Heliolisk|0 fnt
|faint|p2a: Heliolisk
|
|-weather|SunnyDay|[upkeep]
|-damage|p1a: Tyranitar|94/100 brn|[from] brn
|upkeep
|
|t:|1784543757
|switch|p2a: Delphox|Delphox, L50, M|100/100
|turn|4
|
|t:|1784543767
|detailschange|p2a: Delphox|Delphox-Mega, L50, M
|-mega|p2a: Delphox|Delphox|Delphoxite
|move|p2a: Delphox|Protect|p2a: Delphox
|-singleturn|p2a: Delphox|Protect
|move|p1b: Steelix|Wide Guard|p1b: Steelix
|-singleturn|p1b: Steelix|Wide Guard
|move|p2b: Torkoal|Earth Power|p1a: Tyranitar
|-supereffective|p1a: Tyranitar|1
|-damage|p1a: Tyranitar|55/100 brn
|move|p1a: Tyranitar|Rock Slide|p2a: Delphox|[spread] p2b
|-activate|p2a: Delphox|move: Protect
|-supereffective|p2b: Torkoal|1
|-damage|p2b: Torkoal|19/100
|
|-weather|SunnyDay|[upkeep]
|-damage|p1a: Tyranitar|49/100 brn|[from] brn
|-sideend|p1: roggol|move: Tailwind
|upkeep
|turn|5
|
|t:|1784543785
|move|p1b: Steelix|Wide Guard|p1b: Steelix
|-singleturn|p1b: Steelix|Wide Guard
|move|p2a: Delphox|Encore|p1b: Steelix
|-start|p1b: Steelix|Encore
|move|p2b: Torkoal|Earth Power|p1a: Tyranitar
|-supereffective|p1a: Tyranitar|1
|-damage|p1a: Tyranitar|12/100 brn
|move|p1a: Tyranitar|Rock Slide|p2b: Torkoal|[spread] p2a,p2b
|-supereffective|p2a: Delphox|1
|-supereffective|p2b: Torkoal|1
|-damage|p2a: Delphox|40/100
|-damage|p2b: Torkoal|0 fnt
|faint|p2b: Torkoal
|
|-weather|SunnyDay|[upkeep]
|-damage|p1a: Tyranitar|6/100 brn|[from] brn
|upkeep
|turn|6
|
|t:|1784543801
|move|p1b: Steelix|Wide Guard|p1b: Steelix
|-singleturn|p1b: Steelix|Wide Guard
|move|p2a: Delphox|Scorching Sands|p1a: Tyranitar
|-supereffective|p1a: Tyranitar|1
|-damage|p1a: Tyranitar|0 fnt
|faint|p1a: Tyranitar
|
|-weather|SunnyDay|[upkeep]
|upkeep
|turn|7
|
|t:|1784543809
|move|p1b: Steelix|Wide Guard|p1b: Steelix
|-singleturn|p1b: Steelix|Wide Guard
|move|p2a: Delphox|Scorching Sands|p1b: Steelix
|-supereffective|p1b: Steelix|1
|-damage|p1b: Steelix|36/100
|-status|p1b: Steelix|brn
|
|-weather|none
|-damage|p1b: Steelix|30/100 brn|[from] brn
|upkeep
|turn|8
|
|t:|1784543818
|move|p1b: Steelix|Wide Guard|p1b: Steelix
|-singleturn|p1b: Steelix|Wide Guard
|move|p2a: Delphox|Scorching Sands|p1b: Steelix
|-supereffective|p1b: Steelix|1
|-damage|p1b: Steelix|0 fnt
|faint|p1b: Steelix
|
|win|Mozilla Fennekin
||Mozilla Fennekin is ready for game 3.
|inactive|roggol has 30 seconds to confirm battle start!
