|j|☆evil_s!dd_1
|j|☆monsoonisbest
|html|evil_s!dd_1monsoonisbest    
|uhtml|bestof|Game 1 of a best-of-3
|t:|1785144637
|gametype|doubles
|player|p1|evil_s!dd_1|flannery-gen6|1182
|player|p2|monsoonisbest|265|1201
|gen|9
|tier|[Gen 9 Champions] VGC 2026 Reg M-B (Bo3)
|rated|
|rule|Species Clause: Limit one of each Pokémon
|rule|Item Clause: Limit 1 of each item
|clearpoke
|poke|p1|Whimsicott, L50, F|
|poke|p1|Excadrill, L50, M|
|poke|p1|Meowstic-F, L50, F|
|poke|p1|Incineroar, L50, F|
|poke|p1|Vivillon, L50, M|
|poke|p1|Primarina, L50, F|
|poke|p2|Gengar, L50, M|
|poke|p2|Swampert, L50, M|
|poke|p2|Incineroar, L50, M|
|poke|p2|Politoed, L50, F|
|poke|p2|Archaludon, L50, F|
|poke|p2|Vivillon-Monsoon, L50, F|
|teampreview|4
|showteam|p1|Whimsicott||LifeOrb|Prankster|Moonblast,EnergyBall,Tailwind,Protect|Modest||F|||50|]Excadrill||Excadrite|MoldBreaker|Earthquake,IronHead,RockSlide,Protect|Adamant||M|||50|]Meowstic-F||Meowsticite|Competitive|Psychic,Thunderbolt,FakeOut,Protect|Timid||F|||50|]Incineroar||PasshoBerry|Intimidate|FlareBlitz,Snarl,FakeOut,PartingShot|Careful||F|||50|]Vivillon||FocusSash|FriendGuard|AirSlash,PollenPuff,RagePowder,Protect|Timid||M|||50|]Primarina||SitrusBerry|LiquidVoice|HyperVoice,Moonblast,CalmMind,Protect|Quiet||F|||50|
|showteam|p2|Gengar||Gengarite|CursedBody|ShadowBall,PerishSong,SludgeBomb,Protect|Timid||M|||50|]Swampert||Swampertite|Damp|WaveCrash,Earthquake,IcePunch,Protect|Adamant||M|||50|]Incineroar||PasshoBerry|Intimidate|ThroatChop,PartingShot,FakeOut,Protect|Sassy||M|||50|]Politoed||SitrusBerry|Drizzle|WeatherBall,PerishSong,Encore,Protect|Calm||F|||50|]Archaludon||Leftovers|Stamina|DragonPulse,FlashCannon,ElectroShot,Protect|Bold||F|||50|]Vivillon-Monsoon||FocusSash|CompoundEyes|Hurricane,SleepPowder,RagePowder,Protect|Timid||F|||50|
|inactive|Battle timer is ON: inactive players will automatically lose when time's up. (requested by evil_s!dd_1)
|inactive|evil_s!dd_1 has 60 seconds left.
|
|t:|1785144679
|teamsize|p1|4
|teamsize|p2|4
|start
|switch|p1a: Meowstic|Meowstic-F, L50, F|100/100
|switch|p1b: Incineroar|Incineroar, L50, F|100/100
|switch|p2a: Politoed|Politoed, L50, F|100/100
|switch|p2b: Archaludon|Archaludon, L50, F|100/100
|-weather|RainDance|[from] ability: Drizzle|[of] p2a: Politoed
|-ability|p1b: Incineroar|Intimidate|boost
|-unboost|p2a: Politoed|atk|1
|-unboost|p2b: Archaludon|atk|1
|turn|1
|inactive|evil_s!dd_1 has 30 seconds left.
|inactive|evil_s!dd_1 has 20 seconds left.
|inactive|evil_s!dd_1 has 15 seconds left.
|
|t:|1785144722
|switch|p1b: Excadrill|Excadrill, L50, M|100/100
|-ability|p1b: Excadrill|Mold Breaker
|move|p1a: Meowstic|Fake Out|p2a: Politoed
|-damage|p2a: Politoed|95/100
|move|p2b: Archaludon|Electro Shot||[still]
|-prepare|p2b: Archaludon|Electro Shot
|-boost|p2b: Archaludon|spa|1
|-anim|p2b: Archaludon|Electro Shot|p1b: Excadrill
|-immune|p1b: Excadrill
|cant|p2a: Politoed|flinch
|
|-weather|RainDance|[upkeep]
|upkeep
|turn|2
|
|t:|1785144739
|switch|p1a: Whimsicott|Whimsicott, L50, F|100/100
|move|p1b: Excadrill|Protect|p1b: Excadrill
|-singleturn|p1b: Excadrill|Protect
|move|p2b: Archaludon|Electro Shot||[still]
|-prepare|p2b: Archaludon|Electro Shot
|-boost|p2b: Archaludon|spa|1
|-anim|p2b: Archaludon|Electro Shot|p1a: Whimsicott
|-resisted|p1a: Whimsicott|1
|-crit|p1a: Whimsicott
|-damage|p1a: Whimsicott|17/100
|move|p2a: Politoed|Weather Ball|p1b: Excadrill
|-activate|p1b: Excadrill|move: Protect
|
|-weather|RainDance|[upkeep]
|upkeep
|turn|3
|
|t:|1785144753
|detailschange|p1b: Excadrill|Excadrill-Mega, L50, M
|-mega|p1b: Excadrill|Excadrill|Excadrite
|move|p2b: Archaludon|Protect|p2b: Archaludon
|-singleturn|p2b: Archaludon|Protect
|move|p1a: Whimsicott|Energy Ball|p2a: Politoed
|-supereffective|p2a: Politoed|1
|-damage|p2a: Politoed|24/100
|-enditem|p2a: Politoed|Sitrus Berry|[eat]
|-heal|p2a: Politoed|49/100|[from] item: Sitrus Berry
|-damage|p1a: Whimsicott|8/100|[from] item: Life Orb
|move|p1b: Excadrill|Earthquake|p2b: Archaludon|[spread] p1a,p2a
|-activate|p2b: Archaludon|move: Protect
|-resisted|p1a: Whimsicott|1
|-damage|p1a: Whimsicott|0 fnt
|-damage|p2a: Politoed|0 fnt
|faint|p1a: Whimsicott
|faint|p2a: Politoed
|
|-weather|RainDance|[upkeep]
|upkeep
|
|t:|1785144770
|switch|p1a: Incineroar|Incineroar, L50, F|100/100
|switch|p2a: Vivillon|Vivillon-Monsoon, L50, F|100/100
|-ability|p1a: Incineroar|Intimidate|boost
|-unboost|p2a: Vivillon|atk|1
|-unboost|p2b: Archaludon|atk|1
|turn|4
|
|t:|1785144781
|switch|p2b: Swampert|Swampert, L50, M|100/100
|move|p1a: Incineroar|Fake Out|p2a: Vivillon
|-damage|p2a: Vivillon|80/100
|move|p1b: Excadrill|Earthquake|p2b: Swampert|[spread] p1a,p2b
|-immune|p2a: Vivillon
|-supereffective|p1a: Incineroar|1
|-damage|p1a: Incineroar|7/100
|-damage|p2b: Swampert|42/100
|cant|p2a: Vivillon|flinch
|
|-weather|RainDance|[upkeep]
|upkeep
|turn|5
|
|t:|1785144788
|detailschange|p2b: Swampert|Swampert-Mega, L50, M
|-mega|p2b: Swampert|Swampert|Swampertite
|move|p1b: Excadrill|Protect|p1b: Excadrill
|-singleturn|p1b: Excadrill|Protect
|move|p2b: Swampert|Earthquake|p1a: Incineroar|[spread] p1a
|-activate|p1b: Excadrill|move: Protect
|-immune|p2a: Vivillon
|-supereffective|p1a: Incineroar|1
|-damage|p1a: Incineroar|0 fnt
|faint|p1a: Incineroar
|move|p2a: Vivillon|Sleep Powder|p1b: Excadrill
|-activate|p1b: Excadrill|move: Protect
|
|-weather|none
|upkeep
|
|t:|1785144793
|switch|p1a: Meowstic|Meowstic-F, L50, F|100/100
|turn|6
|
|t:|1785144802
|move|p2a: Vivillon|Protect|p2a: Vivillon
|-singleturn|p2a: Vivillon|Protect
|move|p2b: Swampert|Protect|p2b: Swampert
|-singleturn|p2b: Swampert|Protect
|move|p1a: Meowstic|Fake Out|p2b: Swampert
|-activate|p2b: Swampert|move: Protect
|move|p1b: Excadrill|Rock Slide|p2a: Vivillon|[spread] 
|-activate|p2a: Vivillon|move: Protect
|-activate|p2b: Swampert|move: Protect
|
|upkeep
|turn|7
|
|t:|1785144810
|move|p1a: Meowstic|Thunderbolt|p2a: Vivillon
|-supereffective|p2a: Vivillon|1
|-damage|p2a: Vivillon|0 fnt
|faint|p2a: Vivillon
|move|p1b: Excadrill|Earthquake|p2b: Swampert|[spread] p1a,p2b
|-damage|p1a: Meowstic|22/100
|-damage|p2b: Swampert|0 fnt
|faint|p2b: Swampert
|
|upkeep
|
|t:|1785144814
|switch|p2b: Archaludon|Archaludon, L50, F|100/100
|turn|8
|
|t:|1785144818
|move|p1a: Meowstic|Protect|p1a: Meowstic
|-singleturn|p1a: Meowstic|Protect
|move|p2b: Archaludon|Protect|p2b: Archaludon
|-singleturn|p2b: Archaludon|Protect
|move|p1b: Excadrill|Earthquake|p2b: Archaludon|[spread] 
|-activate|p1a: Meowstic|move: Protect
|-activate|p2b: Archaludon|move: Protect
|
|upkeep
|turn|9
|
|t:|1785144824
|move|p1a: Meowstic|Protect||[still]
|-fail|p1a: Meowstic
|move|p1b: Excadrill|Earthquake|p2b: Archaludon|[spread] p1a,p2b
|-supereffective|p2b: Archaludon|1
|-damage|p1a: Meowstic|0 fnt
|-damage|p2b: Archaludon|35/100
|-ability|p2b: Archaludon|Stamina|boost
|-boost|p2b: Archaludon|def|1
|faint|p1a: Meowstic
|move|p2b: Archaludon|Flash Cannon|p1b: Excadrill
|-resisted|p1b: Excadrill|1
|-damage|p1b: Excadrill|77/100
|
|-heal|p2b: Archaludon|41/100|[from] item: Leftovers
|upkeep
|turn|10
|
|t:|1785144832
|move|p2b: Archaludon|Protect|p2b: Archaludon
|-singleturn|p2b: Archaludon|Protect
|move|p1b: Excadrill|Earthquake|p2b: Archaludon
|-activate|p2b: Archaludon|move: Protect
|
|-heal|p2b: Archaludon|47/100|[from] item: Leftovers
|upkeep
|turn|11
|
|t:|1785144836
|move|p1b: Excadrill|Earthquake|p2b: Archaludon
|-supereffective|p2b: Archaludon|1
|-damage|p2b: Archaludon|0 fnt
|faint|p2b: Archaludon
|
|win|evil_s!dd_1
