|j|☆sampsonwildbeast
|j|☆AyushXD
|html|sampsonwildbeastAyushXD    
|uhtml|bestof|Game 1 of a best-of-3
|t:|1784392039
|gametype|doubles
|player|p1|sampsonwildbeast|169|1040
|player|p2|AyushXD|lucas-gen4pt|1085
|gen|9
|tier|[Gen 9 Champions] VGC 2026 Reg M-B (Bo3)
|rated|
|rule|Species Clause: Limit one of each Pokémon
|rule|Item Clause: Limit 1 of each item
|clearpoke
|poke|p1|Gengar, L50, F|
|poke|p1|Incineroar, L50, F|
|poke|p1|Politoed, L50, M|
|poke|p1|Meganium, L50, M|
|poke|p1|Basculegion, L50, M|
|poke|p1|Maushold, L50|
|poke|p2|Blastoise, L50, F|
|poke|p2|Delphox, L50, M|
|poke|p2|Sneasler, L50, M|
|poke|p2|Incineroar, L50, M|
|poke|p2|Kingambit, L50, M|
|poke|p2|Sinistcha, L50|
|teampreview|4
|showteam|p1|Gengar||Gengarite|CursedBody|Protect,PerishSong,ShadowBall,SludgeBomb|Timid||F|||50|]Incineroar||SitrusBerry|Intimidate|FakeOut,Protect,PartingShot,FlareBlitz|Careful||F|||50|]Politoed||DampRock|Drizzle|PerishSong,Protect,IceBeam,WeatherBall|Calm||M|||50|]Meganium||Meganiumite|Overgrow|Protect,DazzlingGleam,WeatherBall,SolarBeam|Timid||M|||50|]Basculegion||LifeOrb|SwiftSwim|Protect,LastRespects,AquaJet,Liquidation|Adamant||M|||50|]Maushold||WideLens|FriendGuard|PopulationBomb,FollowMe,Protect,Encore|Jolly|||||50|
|showteam|p2|Blastoise||Blastoisinite|RainDish|DarkPulse,WaterSpout,ShellSmash,Protect|Modest||F|||50|]Delphox||Delphoxite|Blaze|HeatWave,Psyshock,NastyPlot,Protect|Modest||M|||50|]Sneasler||FocusSash|PoisonTouch|PoisonJab,CloseCombat,FakeOut,QuickGuard|Jolly||M|||50|]Incineroar||SitrusBerry|Intimidate|FlareBlitz,FakeOut,PartingShot,HelpingHand|Careful||M|||50|]Kingambit||BlackGlasses|Defiant|KowtowCleave,SuckerPunch,SwordsDance,Protect|Adamant||M|||50|]Sinistcha||KasibBerry|Hospitality|MatchaGotcha,RagePowder,TrickRoom,Protect|Bold|||||50|
|inactive|Battle timer is ON: inactive players will automatically lose when time's up. (requested by AyushXD)
|
|t:|1784392084
|teamsize|p1|4
|teamsize|p2|4
|start
|switch|p1a: Gengar|Gengar, L50, F|100/100
|switch|p1b: Incineroar|Incineroar, L50, F|100/100
|switch|p2a: Delphox|Delphox, L50, M|100/100
|switch|p2b: Sneasler|Sneasler, L50, M|100/100
|-ability|p1b: Incineroar|Intimidate|boost
|-unboost|p2a: Delphox|atk|1
|-unboost|p2b: Sneasler|atk|1
|turn|1
|
|t:|1784392100
|detailschange|p1a: Gengar|Gengar-Mega, L50, F
|-mega|p1a: Gengar|Gengar|Gengarite
|detailschange|p2a: Delphox|Delphox-Mega, L50, M
|-mega|p2a: Delphox|Delphox|Delphoxite
|move|p2b: Sneasler|Fake Out|p1b: Incineroar
|-damage|p1b: Incineroar|91/100
|cant|p1b: Incineroar|flinch
|move|p1a: Gengar|Shadow Ball|p2a: Delphox
|-supereffective|p2a: Delphox|1
|-damage|p2a: Delphox|16/100
|move|p2a: Delphox|Psyshock|p1a: Gengar
|-supereffective|p1a: Gengar|1
|-damage|p1a: Gengar|0 fnt
|faint|p1a: Gengar
|
|upkeep
|
|t:|1784392114
|switch|p1a: Politoed|Politoed, L50, M|100/100
|-weather|RainDance|[from] ability: Drizzle|[of] p1a: Politoed
|turn|2
|
|t:|1784392136
|switch|p2b: Sinistcha|Sinistcha, L50|100/100
|-heal|p2a: Delphox|41/100|[from] ability: Hospitality|[of] p2b: Sinistcha
|move|p2a: Delphox|Psyshock|p1a: Politoed
|-damage|p1a: Politoed|44/100
|move|p1a: Politoed|Weather Ball|p2a: Delphox
|-supereffective|p2a: Delphox|1
|-damage|p2a: Delphox|0 fnt
|faint|p2a: Delphox
|move|p1b: Incineroar|Parting Shot|p2b: Sinistcha
|-unboost|p2b: Sinistcha|atk|1
|-unboost|p2b: Sinistcha|spa|1
|
|t:|1784392149
|switch|p1b: Basculegion|Basculegion, L50, M|100/100|[from] Parting Shot
|
|-weather|RainDance|[upkeep]
|upkeep
|
|t:|1784392153
|switch|p2a: Incineroar|Incineroar, L50, M|100/100
|-ability|p2a: Incineroar|Intimidate|boost
|-unboost|p1a: Politoed|atk|1
|-unboost|p1b: Basculegion|atk|1
|turn|3
|
|t:|1784392168
|move|p2a: Incineroar|Fake Out|p1a: Politoed
|-damage|p1a: Politoed|31/100
|move|p1b: Basculegion|Last Respects|p2b: Sinistcha
|-supereffective|p2b: Sinistcha|1
|-enditem|p2b: Sinistcha|Kasib Berry|[eat]
|-enditem|p2b: Sinistcha|Kasib Berry|[weaken]
|-damage|p2b: Sinistcha|60/100
|-damage|p1b: Basculegion|90/100|[from] item: Life Orb
|cant|p1a: Politoed|flinch
|move|p2b: Sinistcha|Trick Room|p2b: Sinistcha
|-fieldstart|move: Trick Room|[of] p2b: Sinistcha
|
|-weather|RainDance|[upkeep]
|upkeep
|turn|4
|
|t:|1784392191
|move|p1b: Basculegion|Aqua Jet|p2a: Incineroar
|-supereffective|p2a: Incineroar|1
|-damage|p2a: Incineroar|46/100
|-enditem|p2a: Incineroar|Sitrus Berry|[eat]
|-heal|p2a: Incineroar|70/100|[from] item: Sitrus Berry
|-damage|p1b: Basculegion|80/100|[from] item: Life Orb
|move|p2b: Sinistcha|Matcha Gotcha|p1a: Politoed|[spread] p1a,p1b
|-supereffective|p1a: Politoed|1
|-supereffective|p1b: Basculegion|1
|-damage|p1a: Politoed|10/100
|-heal|p2b: Sinistcha|71/100|[from] drain|[of] p1a: Politoed
|-damage|p1b: Basculegion|46/100
|-heal|p2b: Sinistcha|91/100|[from] drain|[of] p1b: Basculegion
|move|p1a: Politoed|Ice Beam|p2b: Sinistcha
|-supereffective|p2b: Sinistcha|1
|-damage|p2b: Sinistcha|57/100
|move|p2a: Incineroar|Parting Shot|p1b: Basculegion
|-unboost|p1b: Basculegion|atk|1
|-unboost|p1b: Basculegion|spa|1
|
|t:|1784392210
|switch|p2a: Sneasler|Sneasler, L50, M|100/100|[from] Parting Shot
|
|-weather|RainDance|[upkeep]
|upkeep
|turn|5
|
|t:|1784392228
|switch|p2a: Incineroar|Incineroar, L50, M|70/100
|-ability|p2a: Incineroar|Intimidate|boost
|-unboost|p1a: Politoed|atk|1
|-unboost|p1b: Basculegion|atk|1
|move|p1a: Politoed|Protect|p1a: Politoed
|-singleturn|p1a: Politoed|Protect
|move|p1b: Basculegion|Aqua Jet|p2a: Incineroar
|-supereffective|p2a: Incineroar|1
|-damage|p2a: Incineroar|40/100
|-damage|p1b: Basculegion|36/100|[from] item: Life Orb
|move|p2b: Sinistcha|Matcha Gotcha|p1a: Politoed|[spread] p1b
|-activate|p1a: Politoed|move: Protect
|-supereffective|p1b: Basculegion|1
|-damage|p1b: Basculegion|0 fnt
|-heal|p2b: Sinistcha|77/100|[from] drain|[of] p1b: Basculegion
|faint|p1b: Basculegion
|
|-weather|RainDance|[upkeep]
|upkeep
|
|t:|1784392246
|switch|p1b: Incineroar|Incineroar, L50, F|91/100
|-ability|p1b: Incineroar|Intimidate|boost
|-unboost|p2a: Incineroar|atk|1
|-unboost|p2b: Sinistcha|atk|1
|turn|6
|
|t:|1784392266
|move|p1b: Incineroar|Fake Out|p2a: Incineroar
|-damage|p2a: Incineroar|29/100
|cant|p2a: Incineroar|flinch
|move|p1a: Politoed|Perish Song|p1a: Politoed
|-start|p1a: Politoed|perish3|[silent]
|-start|p1b: Incineroar|perish3|[silent]
|-start|p2a: Incineroar|perish3|[silent]
|-start|p2b: Sinistcha|perish3|[silent]
|-fieldactivate|move: Perish Song
|move|p2b: Sinistcha|Matcha Gotcha|p1b: Incineroar|[spread] p1a,p1b
|-supereffective|p1a: Politoed|1
|-resisted|p1b: Incineroar|1
|-damage|p1a: Politoed|0 fnt
|-heal|p2b: Sinistcha|83/100|[from] drain|[of] p1a: Politoed
|-damage|p1b: Incineroar|85/100
|-heal|p2b: Sinistcha|86/100|[from] drain|[of] p1b: Incineroar
|faint|p1a: Politoed
|
|-weather|RainDance|[upkeep]
|-start|p1b: Incineroar|perish3
|-start|p2b: Sinistcha|perish3
|-start|p2a: Incineroar|perish3
|upkeep
|turn|7
|
|t:|1784392285
|move|p1b: Incineroar|Flare Blitz|p2b: Sinistcha
|-supereffective|p2b: Sinistcha|1
|-damage|p2b: Sinistcha|49/100
|-damage|p1b: Incineroar|74/100|[from] Recoil
|move|p2b: Sinistcha|Matcha Gotcha|p1b: Incineroar
|-resisted|p1b: Incineroar|1
|-damage|p1b: Incineroar|66/100
|-heal|p2b: Sinistcha|53/100|[from] drain|[of] p1b: Incineroar
|move|p2a: Incineroar|Parting Shot|p1b: Incineroar
|-unboost|p1b: Incineroar|atk|1
|-unboost|p1b: Incineroar|spa|1
|
|t:|1784392291
|switch|p2a: Sneasler|Sneasler, L50, M|100/100|[from] Parting Shot
|
|-weather|RainDance|[upkeep]
|-start|p1b: Incineroar|perish2
|-start|p2b: Sinistcha|perish2
|-fieldend|move: Trick Room
|upkeep
|turn|8
|
|t:|1784392304
|switch|p2b: Incineroar|Incineroar, L50, M|29/100
|-ability|p2b: Incineroar|Intimidate|boost
|-unboost|p1b: Incineroar|atk|1
|move|p2a: Sneasler|Fake Out|p1b: Incineroar
|-damage|p1b: Incineroar|51/100
|-status|p1b: Incineroar|psn|[from] ability: Poison Touch|[of] p2a: Sneasler
|cant|p1b: Incineroar|flinch
|
|-weather|RainDance|[upkeep]
|-damage|p1b: Incineroar|39/100 psn|[from] psn
|-start|p1b: Incineroar|perish1
|upkeep
|-enditem|p1b: Incineroar|Sitrus Berry|[eat]
|-heal|p1b: Incineroar|64/100 psn|[from] item: Sitrus Berry
|turn|9
|
|t:|1784392318
|move|p2b: Incineroar|Fake Out|p1b: Incineroar
|-damage|p1b: Incineroar|53/100 psn
|move|p2a: Sneasler|Close Combat|p1b: Incineroar
|-supereffective|p1b: Incineroar|1
|-damage|p1b: Incineroar|0 fnt
|-unboost|p2a: Sneasler|def|1
|-unboost|p2a: Sneasler|spd|1
|faint|p1b: Incineroar
|
|win|AyushXD
||sampsonwildbeast is ready for game 2.
||AyushXD is ready for game 2.
|uhtml|next|Next: Game 2 of 3
|l|☆sampsonwildbeast
|player|p1|
