|j|☆battle sim trainer
|j|☆silver moon boy
|html|battle sim trainersilver moon boy    
|uhtml|bestof|Game 2 of a best-of-3
|t:|1783607930
|gametype|doubles
|player|p1|battle sim trainer|turo|1165
|player|p2|silver moon boy|unknown|1201
|gen|9
|tier|[Gen 9 Champions] VGC 2026 Reg M-B (Bo3)
|rated|
|rule|Species Clause: Limit one of each Pokémon
|rule|Item Clause: Limit 1 of each item
|clearpoke
|poke|p1|Swampert, L50, M|
|poke|p1|Pelipper, L50, F|
|poke|p1|Archaludon, L50, F|
|poke|p1|Grimmsnarl, L50, M|
|poke|p1|Sinistcha, L50|
|poke|p1|Greninja, L50, M|
|poke|p2|Tyranitar, L50, M|
|poke|p2|Sneasler, L50, M, shiny|
|poke|p2|Blastoise, L50, F|
|poke|p2|Sinistcha-Masterpiece, L50|
|poke|p2|Ninetales-Alola, L50, M|
|poke|p2|Tinkaton, L50, F|
|teampreview|4
|showteam|p1|Swampert||Swampertite|Damp|WaveCrash,Earthquake,IcePunch,Protect|Adamant||M|||50|]Pelipper||SitrusBerry|Drizzle|Hurricane,WeatherBall,Tailwind,Protect|Modest||F|||50|]Archaludon||Leftovers|Stamina|ElectroShot,DragonPulse,FlashCannon,Protect|Modest||F|||50|]Grimmsnarl||LightClay|Prankster|SpiritBreak,Reflect,LightScreen,PartingShot|Careful||M|||50|]Sinistcha|||Hospitality|LifeDew,MatchaGotcha,TrickRoom,RagePowder|Bold|||||50|]Greninja||FocusSash|Protean|SludgeWave,FlipTurn,WaterShuriken,DarkPulse|Modest||M|||50|
|showteam|p2|Tyranitar||Tyranitarite|SandStream|Curse,KnockOff,RockSlide,Protect|Brave||M|||50|]Sneasler||WhiteHerb|Unburden|CloseCombat,DireClaw,FakeOut,Protect|Adamant||M|||50|]Blastoise||Blastoisinite|Torrent|DarkPulse,ShellSmash,Protect,WaterSpout|Timid||F|||50|]Sinistcha-Masterpiece||ColburBerry|Hospitality|TrickRoom,RagePowder,MatchaGotcha,Protect|Relaxed|||||50|]Ninetales-Alola||NeverMeltIce|SnowCloak|Blizzard,FreezeDry,Protect,Encore|Timid||M|||50|]Tinkaton||ExpertBelt|MoldBreaker|FakeOut,GigatonHammer,Feint,PlayRough|Impish||F|||50|
|inactive|Battle timer is ON: inactive players will automatically lose when time's up. (requested by silver moon boy)
|inactive|silver moon boy has 60 seconds left.
|
|t:|1783607983
|teamsize|p1|4
|teamsize|p2|4
|start
|switch|p1a: Archaludon|Archaludon, L50, F|100/100
|switch|p1b: Pelipper|Pelipper, L50, F|100/100
|switch|p2a: Sneasler|Sneasler, L50, M, shiny|100/100
|switch|p2b: Blastoise|Blastoise, L50, F|100/100
|-weather|RainDance|[from] ability: Drizzle|[of] p1b: Pelipper
|turn|1
|inactive|battle sim trainer has 30 seconds left.
|
|t:|1783608018
|switch|p2a: Tyranitar|Tyranitar, L50, M|100/100
|-weather|Sandstorm|[from] ability: Sand Stream|[of] p2a: Tyranitar
|detailschange|p2b: Blastoise|Blastoise-Mega, L50, F
|-mega|p2b: Blastoise|Blastoise|Blastoisinite
|move|p1a: Archaludon|Protect|p1a: Archaludon
|-singleturn|p1a: Archaludon|Protect
|move|p2b: Blastoise|Shell Smash|p2b: Blastoise
|-unboost|p2b: Blastoise|def|1
|-unboost|p2b: Blastoise|spd|1
|-boost|p2b: Blastoise|atk|2
|-boost|p2b: Blastoise|spa|2
|-boost|p2b: Blastoise|spe|2
|move|p1b: Pelipper|Tailwind|p1b: Pelipper
|-sidestart|p1: battle sim trainer|move: Tailwind
|
|-weather|Sandstorm|[upkeep]
|-damage|p2b: Blastoise|93/100|[from] Sandstorm
|-damage|p1b: Pelipper|93/100|[from] Sandstorm
|upkeep
|turn|2
|inactive|battle sim trainer has 30 seconds left.
|inactive|silver moon boy has 30 seconds left.
|inactive|battle sim trainer has 20 seconds left.
|inactive|silver moon boy has 20 seconds left.
|inactive|silver moon boy has 15 seconds left.
|inactive|silver moon boy has 10 seconds left.
|
|t:|1783608065
|switch|p1b: Sinistcha|Sinistcha, L50|100/100
|move|p2b: Blastoise|Dark Pulse|p1a: Archaludon
|-damage|p1a: Archaludon|13/100
|-ability|p1a: Archaludon|Stamina|boost
|-boost|p1a: Archaludon|def|1
|move|p1a: Archaludon|Dragon Pulse|p2b: Blastoise
|-damage|p2b: Blastoise|33/100
|move|p2a: Tyranitar|Rock Slide|p1b: Sinistcha|[spread] p1a,p1b
|-resisted|p1a: Archaludon|1
|-damage|p1a: Archaludon|6/100
|-damage|p1b: Sinistcha|76/100
|-ability|p1a: Archaludon|Stamina|boost
|-boost|p1a: Archaludon|def|1
|
|-weather|Sandstorm|[upkeep]
|-damage|p2b: Blastoise|26/100|[from] Sandstorm
|-damage|p1b: Sinistcha|70/100|[from] Sandstorm
|-heal|p1a: Archaludon|12/100|[from] item: Leftovers
|upkeep
|turn|3
|inactive|battle sim trainer has 30 seconds left.
|inactive|silver moon boy has 30 seconds left.
|inactive|silver moon boy has 20 seconds left.
|inactive|silver moon boy has 15 seconds left.
|inactive|silver moon boy has 10 seconds left.
|
|t:|1783608114
|switch|p2a: Sinistcha|Sinistcha-Masterpiece, L50|100/100
|-heal|p2b: Blastoise|51/100|[from] ability: Hospitality|[of] p2a: Sinistcha
|move|p2b: Blastoise|Water Spout|p1a: Archaludon|[spread] p1a,p1b
|-resisted|p1a: Archaludon|1
|-resisted|p1b: Sinistcha|1
|-damage|p1a: Archaludon|0 fnt
|-damage|p1b: Sinistcha|34/100
|faint|p1a: Archaludon
|move|p1b: Sinistcha|Matcha Gotcha|p2b: Blastoise|[spread] p2a,p2b
|-resisted|p2a: Sinistcha|1
|-supereffective|p2b: Blastoise|1
|-damage|p2a: Sinistcha|89/100
|-heal|p1b: Sinistcha|40/100|[from] drain|[of] p2a: Sinistcha
|-damage|p2b: Blastoise|0 fnt
|-heal|p1b: Sinistcha|64/100|[from] drain|[of] p2b: Blastoise
|-status|p2a: Sinistcha|brn
|faint|p2b: Blastoise
|
|-weather|Sandstorm|[upkeep]
|-damage|p1b: Sinistcha|57/100|[from] Sandstorm
|-damage|p2a: Sinistcha|83/100 brn|[from] Sandstorm
|-damage|p2a: Sinistcha|76/100 brn|[from] brn
|upkeep
|inactive|silver moon boy has 30 seconds left.
|
|t:|1783608144
|switch|p2b: Sneasler|Sneasler, L50, M, shiny|100/100
|switch|p1a: Greninja|Greninja, L50, M|100/100
|turn|4
|inactive|silver moon boy has 30 seconds left.
|inactive|silver moon boy has 20 seconds left.
|
|t:|1783608182
|switch|p1a: Pelipper|Pelipper, L50, F|93/100
|-weather|RainDance|[from] ability: Drizzle|[of] p1a: Pelipper
|move|p2a: Sinistcha|Protect|p2a: Sinistcha
|-singleturn|p2a: Sinistcha|Protect
|move|p2b: Sneasler|Fake Out|p1a: Pelipper
|-damage|p1a: Pelipper|77/100
|move|p1b: Sinistcha|Matcha Gotcha|p2b: Sneasler|[spread] p2b
|-activate|p2a: Sinistcha|move: Protect
|-resisted|p2b: Sneasler|1
|-crit|p2b: Sneasler
|-damage|p2b: Sneasler|74/100
|-heal|p1b: Sinistcha|69/100|[from] drain|[of] p2b: Sneasler
|
|-weather|RainDance|[upkeep]
|-damage|p2a: Sinistcha|70/100 brn|[from] brn
|-sideend|p1: battle sim trainer|move: Tailwind
|upkeep
|turn|5
|inactive|silver moon boy has 30 seconds left.
|
|t:|1783608216
|switch|p2a: Tyranitar|Tyranitar, L50, M|100/100
|-weather|Sandstorm|[from] ability: Sand Stream|[of] p2a: Tyranitar
|move|p2b: Sneasler|Close Combat|p1a: Pelipper
|-resisted|p1a: Pelipper|1
|-damage|p1a: Pelipper|41/100
|-unboost|p2b: Sneasler|def|1
|-unboost|p2b: Sneasler|spd|1
|-enditem|p1a: Pelipper|Sitrus Berry|[eat]
|-heal|p1a: Pelipper|66/100|[from] item: Sitrus Berry
|-enditem|p2b: Sneasler|White Herb
|-clearnegativeboost|p2b: Sneasler|[silent]
|move|p1b: Sinistcha|Matcha Gotcha|p2a: Tyranitar|[spread] p2a,p2b
|-supereffective|p2a: Tyranitar|1
|-resisted|p2b: Sneasler|1
|-damage|p2a: Tyranitar|73/100
|-heal|p1b: Sinistcha|84/100|[from] drain|[of] p2a: Tyranitar
|-damage|p2b: Sneasler|57/100
|-heal|p1b: Sinistcha|92/100|[from] drain|[of] p2b: Sneasler
|move|p1a: Pelipper|Tailwind|p1a: Pelipper
|-sidestart|p1: battle sim trainer|move: Tailwind
|
|-weather|Sandstorm|[upkeep]
|-damage|p2b: Sneasler|51/100|[from] Sandstorm
|-damage|p1b: Sinistcha|86/100|[from] Sandstorm
|-damage|p1a: Pelipper|60/100|[from] Sandstorm
|upkeep
|turn|6
|inactive|battle sim trainer has 30 seconds left.
|inactive|silver moon boy has 30 seconds left.
|
|t:|1783608247
|move|p1a: Pelipper|Protect|p1a: Pelipper
|-singleturn|p1a: Pelipper|Protect
|move|p2b: Sneasler|Dire Claw|p1a: Pelipper
|-activate|p1a: Pelipper|move: Protect
|move|p1b: Sinistcha|Matcha Gotcha|p2b: Sneasler|[spread] p2a,p2b
|-supereffective|p2a: Tyranitar|1
|-resisted|p2b: Sneasler|1
|-damage|p2a: Tyranitar|46/100
|-heal|p1b: Sinistcha|100/100|[from] drain|[of] p2a: Tyranitar
|-damage|p2b: Sneasler|34/100
|move|p2a: Tyranitar|Knock Off|p1b: Sinistcha
|-supereffective|p1b: Sinistcha|1
|-damage|p1b: Sinistcha|46/100
|
|-weather|Sandstorm|[upkeep]
|-damage|p2b: Sneasler|28/100|[from] Sandstorm
|-damage|p1b: Sinistcha|39/100|[from] Sandstorm
|-damage|p1a: Pelipper|54/100|[from] Sandstorm
|upkeep
|turn|7
|inactive|battle sim trainer has 30 seconds left.
|inactive|silver moon boy has 30 seconds left.
|inactive|battle sim trainer has 20 seconds left.
|inactive|silver moon boy has 20 seconds left.
|inactive|battle sim trainer has 15 seconds left.
|inactive|silver moon boy has 15 seconds left.
|inactive|silver moon boy has 10 seconds left.
|
|t:|1783608296
|move|p2b: Sneasler|Dire Claw|p1a: Pelipper
|-damage|p1a: Pelipper|5/100
|move|p1b: Sinistcha|Life Dew|p1b: Sinistcha|[spread] p1a,p1b
|-heal|p1a: Pelipper|30/100
|-heal|p1b: Sinistcha|65/100
|move|p1a: Pelipper|Weather Ball|p2b: Sneasler
|-resisted|p2b: Sneasler|1
|-damage|p2b: Sneasler|13/100
|move|p2a: Tyranitar|Knock Off|p1b: Sinistcha
|-supereffective|p1b: Sinistcha|1
|-damage|p1b: Sinistcha|11/100
|
|-weather|Sandstorm|[upkeep]
|-damage|p2b: Sneasler|7/100|[from] Sandstorm
|-damage|p1b: Sinistcha|5/100|[from] Sandstorm
|-damage|p1a: Pelipper|24/100|[from] Sandstorm
|upkeep
|turn|8
|inactive|battle sim trainer has 30 seconds left.
|inactive|silver moon boy has 30 seconds left.
|inactive|battle sim trainer has 20 seconds left.
|inactive|silver moon boy has 20 seconds left.
|inactive|battle sim trainer has 15 seconds left.
|inactive|silver moon boy has 15 seconds left.
|
|t:|1783608337
|move|p2b: Sneasler|Dire Claw|p1b: Sinistcha
|-damage|p1b: Sinistcha|0 fnt
|faint|p1b: Sinistcha
|move|p1a: Pelipper|Weather Ball|p2b: Sneasler
|-resisted|p2b: Sneasler|1
|-damage|p2b: Sneasler|0 fnt
|faint|p2b: Sneasler
|move|p2a: Tyranitar|Rock Slide|p1a: Pelipper
|-supereffective|p1a: Pelipper|1
|-damage|p1a: Pelipper|0 fnt
|faint|p1a: Pelipper
|
|-weather|Sandstorm|[upkeep]
|-sideend|p1: battle sim trainer|move: Tailwind
|upkeep
|
|t:|1783608350
|switch|p2b: Sinistcha|Sinistcha-Masterpiece, L50|70/100 brn
|switch|p1a: Greninja|Greninja, L50, M|100/100
|-heal|p2a: Tyranitar|71/100|[from] ability: Hospitality|[of] p2b: Sinistcha
|turn|9
|
|t:|1783608368
|move|p1a: Greninja|Dark Pulse|p2b: Sinistcha
|-start|p1a: Greninja|typechange|Dark|[from] ability: Protean
|-supereffective|p2b: Sinistcha|1
|-enditem|p2b: Sinistcha|Colbur Berry|[eat]
|-enditem|p2b: Sinistcha|Colbur Berry|[weaken]
|-damage|p2b: Sinistcha|31/100 brn
|cant|p2b: Sinistcha|flinch
|move|p2a: Tyranitar|Rock Slide|p1a: Greninja
|-damage|p1a: Greninja|29/100
|
|-weather|none
|-damage|p2b: Sinistcha|25/100 brn|[from] brn
|upkeep
|turn|10
|
|t:|1783608384
|move|p2b: Sinistcha|Rage Powder|p2b: Sinistcha
|-singleturn|p2b: Sinistcha|move: Rage Powder
|move|p1a: Greninja|Water Shuriken|p2b: Sinistcha
|-resisted|p2b: Sinistcha|1
|-crit|p2b: Sinistcha
|-damage|p2b: Sinistcha|21/100 brn
|-resisted|p2b: Sinistcha|1
|-damage|p2b: Sinistcha|19/100 brn
|-hitcount|p2b: Sinistcha|2
|move|p2a: Tyranitar|Rock Slide|p1a: Greninja
|-damage|p1a: Greninja|0 fnt
|faint|p1a: Greninja
|
|win|silver moon boy
|l|☆silver moon boy
|player|p2|
||silver moon boy is ready for game 3.
