|j|‽birbsrnice
|j|☆25th_mang
|html|birbsrnice25th_mang    
|uhtml|bestof|Game 3 of a best-of-3
|t:|1784259761
|gametype|doubles
|player|p1|birbsrnice|265|1138
|player|p2|25th_mang|ballguy|1241
|gen|9
|tier|[Gen 9 Champions] VGC 2026 Reg M-B (Bo3)
|rated|
|rule|Species Clause: Limit one of each Pokémon
|rule|Item Clause: Limit 1 of each item
|clearpoke
|poke|p1|Raichu, L50, F|
|poke|p1|Pelipper, L50, F|
|poke|p1|Swampert, L50, F|
|poke|p1|Basculegion, L50, M|
|poke|p1|Archaludon, L50, F|
|poke|p1|Whimsicott, L50, M|
|poke|p2|Blastoise, L50, F|
|poke|p2|Camerupt, L50, M|
|poke|p2|Farigiraf, L50, F|
|poke|p2|Kingambit, L50, F|
|poke|p2|Vanilluxe, L50, M|
|poke|p2|Staraptor, L50, M|
|teampreview|4
|showteam|p1|Raichu||RaichuniteY|LightningRod|FakeOut,FocusBlast,ZapCannon,Protect|Hasty||F|||50|]Pelipper||DampRock|Drizzle|WeatherBall,Hurricane,Protect,WideGuard|Bold||F|||50|]Swampert||Swampertite|Damp|WaveCrash,IcePunch,Protect,HighHorsepower|Adamant||F|||50|]Basculegion||ChoiceScarf|Adaptability|WaveCrash,LastRespects,HeadSmash,Outrage|Jolly||M|||50|]Archaludon||Leftovers|Stalwart|DracoMeteor,ElectroShot,Protect,FlashCannon|Modest||F|||50|]Whimsicott||FocusSash|Prankster|Tailwind,Encore,Charm,Moonblast|Modest||M|||50|
|showteam|p2|Blastoise||Blastoisinite|RainDish|WaterSpout,DarkPulse,AuraSphere,FakeOut|Quiet||F|||50|]Camerupt||Cameruptite|SolidRock|AncientPower,EarthPower,HeatWave,Protect|Quiet||M|||50|]Farigiraf||SitrusBerry|ArmorTail|PsychicFangs,HyperVoice,HelpingHand,TrickRoom|Relaxed||F|||50|]Kingambit||LifeOrb|Defiant|KowtowCleave,IronHead,Protect,SuckerPunch|Brave||F|||50|]Vanilluxe||NeverMeltIce|SnowWarning|Blizzard,FreezeDry,Protect,IceShard|Quiet||M|||50|]Staraptor||ChoiceScarf|Intimidate|FinalGambit,CloseCombat,BraveBird,Uturn|Jolly||M|||50|
|inactive|Battle timer is ON: inactive players will automatically lose when time's up. (requested by 25th_mang)
|inactive|birbsrnice has 60 seconds left.
|inactive|25th_mang has 60 seconds left.
|
|t:|1784259805
|teamsize|p1|4
|teamsize|p2|4
|start
|switch|p1a: Pelipper|Pelipper, L50, F|100/100
|switch|p1b: Basculegion|Basculegion, L50, M|100/100
|switch|p2a: Blind Spot|Farigiraf, L50, F|100/100
|switch|p2b: Haven|Blastoise, L50, F|100/100
|-weather|RainDance|[from] ability: Drizzle|[of] p1a: Pelipper
|turn|1
|inactive|25th_mang has 30 seconds left.
|
|t:|1784259833
|switch|p2b: Ta|Vanilluxe, L50, M|100/100
|-weather|Snowscape|[from] ability: Snow Warning|[of] p2b: Ta
|move|p1b: Basculegion|Wave Crash|p2a: Blind Spot
|-damage|p2a: Blind Spot|35/100
|-enditem|p2a: Blind Spot|Sitrus Berry|[eat]
|-heal|p2a: Blind Spot|60/100|[from] item: Sitrus Berry
|-damage|p1b: Basculegion|75/100|[from] Recoil
|move|p1a: Pelipper|Weather Ball|p2a: Blind Spot
|-damage|p2a: Blind Spot|38/100
|move|p2a: Blind Spot|Trick Room|p2a: Blind Spot
|-fieldstart|move: Trick Room|[of] p2a: Blind Spot
|
|-weather|Snowscape|[upkeep]
|upkeep
|turn|2
|inactive|25th_mang has 30 seconds left.
|inactive|25th_mang has 20 seconds left.
|inactive|25th_mang has 15 seconds left.
|inactive|25th_mang has 10 seconds left.
|
|t:|1784259881
|switch|p2a: Haven|Blastoise, L50, F|100/100
|switch|p1b: Archaludon|Archaludon, L50, F|100/100
|move|p1a: Pelipper|Protect|p1a: Pelipper
|-singleturn|p1a: Pelipper|Protect
|move|p2b: Ta|Blizzard|p1a: Pelipper|[spread] p1b
|-activate|p1a: Pelipper|move: Protect
|-damage|p1b: Archaludon|28/100
|
|-weather|Snowscape|[upkeep]
|-heal|p1b: Archaludon|34/100|[from] item: Leftovers
|upkeep
|turn|3
|inactive|birbsrnice has 30 seconds left.
|inactive|birbsrnice has 20 seconds left.
|
|t:|1784259920
|switch|p1b: Basculegion|Basculegion, L50, M|75/100
|detailschange|p2a: Haven|Blastoise-Mega, L50, F
|-mega|p2a: Haven|Blastoise|Blastoisinite
|move|p1a: Pelipper|Wide Guard|p1a: Pelipper
|-singleturn|p1a: Pelipper|Wide Guard
|move|p2a: Haven|Aura Sphere|p1b: Basculegion
|-immune|p1b: Basculegion
|move|p2b: Ta|Freeze-Dry|p1a: Pelipper
|-supereffective|p1a: Pelipper|2
|-damage|p1a: Pelipper|0 fnt
|faint|p1a: Pelipper
|
|-weather|Snowscape|[upkeep]
|upkeep
|
|t:|1784259939
|switch|p1a: Raichu|Raichu, L50, F|100/100
|turn|4
|
|t:|1784259962
|switch|p2a: Blind Spot|Farigiraf, L50, F|38/100
|detailschange|p1a: Raichu|Raichu-Mega-Y, L50, F
|-mega|p1a: Raichu|Raichu|Raichunite Y
|move|p1a: Raichu|Fake Out||[still]
|cant|p2a: Blind Spot|ability: Armor Tail|Fake Out|[of] p1a: Raichu
|move|p2b: Ta|Blizzard|p1a: Raichu|[spread] p1a,p1b
|-resisted|p1b: Basculegion|1
|-damage|p1a: Raichu|23/100
|-damage|p1b: Basculegion|48/100
|-status|p1b: Basculegion|frz
|cant|p1b: Basculegion|frz
|
|-weather|Snowscape|[upkeep]
|upkeep
|turn|5
|
|t:|1784259985
|move|p1a: Raichu|Protect|p1a: Raichu
|-singleturn|p1a: Raichu|Protect
|move|p2a: Blind Spot|Psychic Fangs|p1b: Basculegion
|-damage|p1b: Basculegion|10/100 frz
|move|p2b: Ta|Blizzard|p1a: Raichu|[spread] p1b
|-activate|p1a: Raichu|move: Protect
|-resisted|p1b: Basculegion|1
|-damage|p1b: Basculegion|0 fnt
|faint|p1b: Basculegion
|
|-weather|none
|-fieldend|move: Trick Room
|upkeep
|
|t:|1784259993
|switch|p1b: Archaludon|Archaludon, L50, F|34/100
|turn|6
|
|t:|1784260009
|move|p2b: Ta|Ice Shard|p1a: Raichu
|-damage|p1a: Raichu|0 fnt
|faint|p1a: Raichu
|move|p1b: Archaludon|Flash Cannon|p2b: Ta
|-supereffective|p2b: Ta|1
|-damage|p2b: Ta|2/100
|move|p2a: Blind Spot|Trick Room|p2a: Blind Spot
|-fieldstart|move: Trick Room|[of] p2a: Blind Spot
|
|-heal|p1b: Archaludon|39/100|[from] item: Leftovers
|upkeep
|turn|7
|-message|birbsrnice forfeited.
|
|win|25th_mang
|raw|birbsrnice's rating: 1138 → 1120(-18 for losing)
|raw|25th_mang's rating: 1241 → 1259(+18 for winning)
|l|‽birbsrnice
|player|p1|
|l|☆25th_mang
|player|p2|
|j|☆25th_mang
|player|p2|25th_mang|ballguy|
