|j|☆koronops5
|j|☆MrKiran
|html|koronops5MrKiran    
|uhtml|bestof|Game 2 of a best-of-3
|t:|1756767252
|gametype|doubles
|player|p1|koronops5|170|1166
|player|p2|MrKiran|n|1177
|gen|9
|tier|[Gen 9] VGC 2025 Reg H (Bo3)
|rated|
|rule|Species Clause: Limit one of each Pokémon
|rule|Item Clause: Limit 1 of each item
|clearpoke
|poke|p1|Charizard, L50, M|
|poke|p1|Torkoal, L50, M|
|poke|p1|Porygon2, L50|
|poke|p1|Incineroar, L50, M|
|poke|p1|Jumpluff, L50, F|
|poke|p1|Ursaluna, L50, F|
|poke|p2|Porygon2, L50|
|poke|p2|Incineroar, L50, F|
|poke|p2|Amoonguss, L50, M|
|poke|p2|Gholdengo, L50|
|poke|p2|Sneasler, L50, F|
|poke|p2|Dragonite, L50, M|
|teampreview|4
|showteam|p1|Charizard||ChoiceSpecs|SolarPower|HeatWave,DragonPulse,WeatherBall,AirSlash|||M|||50|,,,,,Ghost]Torkoal||EjectPack|Drought|Eruption,Overheat,HelpingHand,Protect|||M|||50|,,,,,Fire]Porygon2||Eviolite|Download|TeraBlast,IceBeam,Recover,TrickRoom||||||50|,,,,,Fighting]Incineroar||SitrusBerry|Intimidate|FlareBlitz,KnockOff,FakeOut,PartingShot|||M|||50|,,,,,Ghost]Jumpluff||CovertCloak|Chlorophyll|SleepPowder,SunnyDay,RagePowder,Tailwind|||F|||50|,,,,,Water]Ursaluna||FlameOrb|Guts|HeadlongRush,Facade,Earthquake,Protect|||F|||50|,,,,,Ghost
|showteam|p2|Porygon2||Eviolite|Download|TeraBlast,IceBeam,Recover,TrickRoom||||||50|,,,,,Ground]Incineroar||SafetyGoggles|Intimidate|FlareBlitz,KnockOff,FakeOut,PartingShot|||F|||50|,,,,,Water]Amoonguss||SitrusBerry|Regenerator|PollenPuff,Spore,RagePowder,Protect|||M|||50|,,,,,Fairy]Gholdengo||LifeOrb|GoodasGold|MakeItRain,ShadowBall,NastyPlot,Protect||||||50|,,,,,Water]Sneasler||FocusSash|PoisonTouch|CloseCombat,DireClaw,Coaching,Protect|||F|||50|,,,,,Stellar]Dragonite||LoadedDice|Multiscale|ScaleShot,StompingTantrum,Encore,Protect|||M|||50|,,,,,Ground
|
|t:|1756767291
|teamsize|p1|4
|teamsize|p2|4
|start
|switch|p1a: Jumpluff|Jumpluff, L50, F|100/100
|switch|p1b: Charizard|Charizard, L50, M|100/100
|switch|p2a: Incineroar|Incineroar, L50, F|100/100
|switch|p2b: Gholdengo|Gholdengo, L50|100/100
|-ability|p2a: Incineroar|Intimidate|boost
|-unboost|p1a: Jumpluff|atk|1
|-unboost|p1b: Charizard|atk|1
|turn|1
|inactive|Battle timer is ON: inactive players will automatically lose when time's up. (requested by MrKiran)
|
|t:|1756767326
|-terastallize|p1b: Charizard|Ghost
|move|p2b: Gholdengo|Protect|p2b: Gholdengo
|-singleturn|p2b: Gholdengo|Protect
|move|p1a: Jumpluff|Sunny Day|p1a: Jumpluff
|-weather|SunnyDay
|move|p1b: Charizard|Heat Wave|p2a: Incineroar|[spread] 
|-activate|p2b: Gholdengo|move: Protect
|-miss|p1b: Charizard|p2a: Incineroar
|move|p2a: Incineroar|Knock Off|p1b: Charizard
|-supereffective|p1b: Charizard
|-damage|p1b: Charizard|0 fnt
|-enditem|p1b: Charizard|Choice Specs|[from] move: Knock Off|[of] p2a: Incineroar
|faint|p1b: Charizard
|
|-weather|SunnyDay|[upkeep]
|upkeep
|c|☆koronops5|ima kms
|
|t:|1756767339
|switch|p1b: Ursaluna|Ursaluna, L50, F|100/100
|turn|2
|
|t:|1756767353
|switch|p2b: Dragonite|Dragonite, L50, M|100/100
|-terastallize|p2a: Incineroar|Water
|move|p1a: Jumpluff|Tailwind|p1a: Jumpluff
|-sidestart|p1: koronops5|move: Tailwind
|move|p1b: Ursaluna|Earthquake|p2a: Incineroar|[spread] p2a
|-immune|p1a: Jumpluff
|-immune|p2b: Dragonite
|-damage|p2a: Incineroar|54/100
|move|p2a: Incineroar|Flare Blitz|p1a: Jumpluff
|-supereffective|p1a: Jumpluff
|-damage|p1a: Jumpluff|0 fnt
|faint|p1a: Jumpluff
|-damage|p2a: Incineroar|24/100|[from] Recoil
|
|-weather|SunnyDay|[upkeep]
|-status|p1b: Ursaluna|brn|[from] item: Flame Orb
|upkeep
|
|t:|1756767356
|switch|p1a: Incineroar|Incineroar, L50, M|100/100
|-ability|p1a: Incineroar|Intimidate|boost
|-unboost|p2a: Incineroar|atk|1
|-unboost|p2b: Dragonite|atk|1
|turn|3
|
|t:|1756767368
|switch|p2a: Porygon2|Porygon2, L50|100/100
|-ability|p2a: Porygon2|Download|boost
|-boost|p2a: Porygon2|spa|1
|move|p2b: Dragonite|Protect|p2b: Dragonite
|-singleturn|p2b: Dragonite|Protect
|move|p1a: Incineroar|Fake Out|p2b: Dragonite
|-activate|p2b: Dragonite|move: Protect
|move|p1b: Ursaluna|Headlong Rush|p2a: Porygon2
|-damage|p2a: Porygon2|33/100
|-unboost|p1b: Ursaluna|def|1
|-unboost|p1b: Ursaluna|spd|1
|
|-weather|SunnyDay|[upkeep]
|-damage|p1b: Ursaluna|95/100 brn|[from] brn
|upkeep
|turn|4
|inactive|MrKiran has 30 seconds left.
|
|t:|1756767397
|move|p1a: Incineroar|Knock Off|p2a: Porygon2
|-damage|p2a: Porygon2|7/100
|-enditem|p2a: Porygon2|Eviolite|[from] move: Knock Off|[of] p1a: Incineroar
|move|p1b: Ursaluna|Facade|p2b: Dragonite
|-damage|p2b: Dragonite|27/100
|move|p2b: Dragonite|Scale Shot|p1b: Ursaluna
|-damage|p1b: Ursaluna|82/100 brn
|-damage|p1b: Ursaluna|70/100 brn
|-damage|p1b: Ursaluna|57/100 brn
|-crit|p1b: Ursaluna
|-damage|p1b: Ursaluna|28/100 brn
|-damage|p1b: Ursaluna|17/100 brn
|-hitcount|p1b: Ursaluna|5
|-unboost|p2b: Dragonite|def|1
|-boost|p2b: Dragonite|spe|1
|move|p2a: Porygon2|Recover|p2a: Porygon2
|-heal|p2a: Porygon2|57/100
|
|-weather|SunnyDay|[upkeep]
|-damage|p1b: Ursaluna|11/100 brn|[from] brn
|upkeep
|turn|5
|
|t:|1756767416
|switch|p2a: Incineroar|Incineroar, L50, F, tera:Water|24/100
|-ability|p2a: Incineroar|Intimidate|boost
|-unboost|p1a: Incineroar|atk|1
|-unboost|p1b: Ursaluna|atk|1
|move|p2b: Dragonite|Protect|p2b: Dragonite
|-singleturn|p2b: Dragonite|Protect
|move|p1a: Incineroar|Knock Off|p2b: Dragonite
|-activate|p2b: Dragonite|move: Protect
|move|p1b: Ursaluna|Earthquake|p2b: Dragonite|[spread] p1a,p2a
|-activate|p2b: Dragonite|move: Protect
|-supereffective|p1a: Incineroar
|-crit|p1a: Incineroar
|-damage|p1a: Incineroar|0 fnt
|-damage|p2a: Incineroar|0 fnt
|faint|p1a: Incineroar
|faint|p2a: Incineroar
|
|-weather|none
|-damage|p1b: Ursaluna|5/100 brn|[from] brn
|-sideend|p1: koronops5|move: Tailwind
|upkeep
|c|☆koronops5|sigh
|c|☆koronops5|oops
|
|t:|1756767428
|switch|p2a: Gholdengo|Gholdengo, L50|100/100
|turn|6
|c|☆koronops5|misclick
|
|t:|1756767438
|move|p1b: Ursaluna|Protect|p1b: Ursaluna
|-singleturn|p1b: Ursaluna|Protect
|move|p2b: Dragonite|Scale Shot|p1b: Ursaluna
|-activate|p1b: Ursaluna|move: Protect
|move|p2a: Gholdengo|Make It Rain|p1b: Ursaluna
|-activate|p1b: Ursaluna|move: Protect
|
|-damage|p1b: Ursaluna|0 fnt|[from] brn
|faint|p1b: Ursaluna
|
|win|MrKiran
|raw|koronops5's rating: 1166 → 1143(-23 for losing)
|raw|MrKiran's rating: 1196 → 1219(+23 for winning)
