|j|☆DrXJ13
|j|☆carolchanning
|html|DrXJ13carolchanning    
|uhtml|bestof|Game 1 of a best-of-3
|t:|1783266073
|gametype|doubles
|player|p1|DrXJ13|cyrus|1278
|player|p2|carolchanning|101|1303
|gen|9
|tier|[Gen 9 Champions] VGC 2026 Reg M-B (Bo3)
|rated|
|rule|Species Clause: Limit one of each Pokémon
|rule|Item Clause: Limit 1 of each item
|clearpoke
|poke|p1|Froslass, L50, F|
|poke|p1|Sneasler, L50, M|
|poke|p1|Kingambit, L50, F|
|poke|p1|Scovillain, L50, M|
|poke|p1|Basculegion, L50, M|
|poke|p1|Lycanroc-Dusk, L50, F|
|poke|p2|Charizard, L50, M|
|poke|p2|Garchomp, L50, M|
|poke|p2|Incineroar, L50, F|
|poke|p2|Sylveon, L50, M|
|poke|p2|Farigiraf, L50, M|
|poke|p2|Aerodactyl, L50, M|
|teampreview|4
|showteam|p1|Froslass||Froslassite|CursedBody|Blizzard,ShadowBall,AuroraVeil,Protect|Modest||F|||50|]Sneasler||WhiteHerb|Unburden|FakeOut,CloseCombat,DireClaw,Protect|Jolly||M|||50|]Kingambit||BlackGlasses|Defiant|SwordsDance,SuckerPunch,Protect,KowtowCleave|Adamant||F|||50|]Scovillain||Scovillainite|Moody|Overheat,GigaDrain,RagePowder,Protect|Bold||M|||50|]Basculegion||ChoiceScarf|Adaptability|AquaJet,FlipTurn,WaveCrash,LastRespects|Jolly||M|||50|]Lycanroc-Dusk||FocusSash|ToughClaws|Accelerock,CloseCombat,RockSlide,Protect|Adamant||F|||50|
|showteam|p2|Charizard||CharizarditeY|Blaze|HeatWave,WeatherBall,SolarBeam,Protect|Modest||M|||50|]Garchomp||LifeOrb|RoughSkin|Earthquake,DragonClaw,StompingTantrum,Protect|Jolly||M|||50|]Incineroar||Charcoal|Intimidate|FakeOut,PartingShot,DarkestLariat,FlareBlitz|Brave||F|||50|]Sylveon||FairyFeather|Pixilate|HyperVoice,QuickAttack,Yawn,Protect|Modest||M|||50|]Farigiraf||SitrusBerry|ArmorTail|Psyshock,HelpingHand,TrickRoom,Protect|Calm||M|||50|]Aerodactyl||FocusSash|Unnerve|RockSlide,Tailwind,WideGuard,Protect|Jolly||M|||50|
|inactive|Battle timer is ON: inactive players will automatically lose when time's up. (requested by DrXJ13)
|inactive|carolchanning also wants the timer to be on.
|
|t:|1783266093
|teamsize|p1|4
|teamsize|p2|4
|start
|switch|p1a: Basculegion|Basculegion, L50, M|100/100
|switch|p1b: Lycanroc|Lycanroc-Dusk, L50, F|100/100
|switch|p2a: Sylveon|Sylveon, L50, M|100/100
|switch|p2b: Incineroar|Incineroar, L50, F|100/100
|-ability|p2b: Incineroar|Intimidate|boost
|-unboost|p1a: Basculegion|atk|1
|-unboost|p1b: Lycanroc|atk|1
|turn|1
|
|t:|1783266109
|switch|p1b: Froslass|Froslass, L50, F|100/100
|move|p2b: Incineroar|Fake Out|p1b: Froslass
|-immune|p1b: Froslass
|move|p1a: Basculegion|Wave Crash|p2b: Incineroar
|-supereffective|p2b: Incineroar|1
|-damage|p2b: Incineroar|6/100
|-damage|p1a: Basculegion|68/100|[from] Recoil
|move|p2a: Sylveon|Hyper Voice|p1a: Basculegion|[spread] p1a,p1b
|-damage|p1a: Basculegion|10/100
|-damage|p1b: Froslass|38/100
|-start|p2a: Sylveon|Disable|Hyper Voice|[from] ability: Cursed Body|[of] p1b: Froslass
|
|upkeep
|turn|2
|
|t:|1783266133
|switch|p2b: Charizard|Charizard, L50, M|100/100
|detailschange|p1b: Froslass|Froslass-Mega, L50, F
|-mega|p1b: Froslass|Froslass|Froslassite
|-weather|Snowscape|[from] ability: Snow Warning|[of] p1b: Froslass
|move|p2a: Sylveon|Quick Attack|p1a: Basculegion
|-damage|p1a: Basculegion|0 fnt
|faint|p1a: Basculegion
|move|p1b: Froslass|Blizzard|p2b: Charizard|[spread] p2a,p2b
|-damage|p2a: Sylveon|70/100
|-damage|p2b: Charizard|46/100
|
|-weather|Snowscape|[upkeep]
|upkeep
|
|t:|1783266151
|switch|p1a: Kingambit|Kingambit, L50, F|100/100
|turn|3
|
|t:|1783266165
|switch|p1b: Lycanroc|Lycanroc-Dusk, L50, F|100/100
|detailschange|p2b: Charizard|Charizard-Mega-Y, L50, M
|-mega|p2b: Charizard|Charizard|Charizardite Y
|-weather|SunnyDay|[from] ability: Drought|[of] p2b: Charizard
|move|p1a: Kingambit|Sucker Punch|p2b: Charizard
|-damage|p2b: Charizard|0 fnt
|faint|p2b: Charizard
|move|p2a: Sylveon|Yawn|p1a: Kingambit
|-start|p1a: Kingambit|move: Yawn|[of] p2a: Sylveon
|
|-weather|SunnyDay|[upkeep]
|upkeep
|
|t:|1783266174
|switch|p2b: Garchomp|Garchomp, L50, M|100/100
|turn|4
|inactive|DrXJ13 has 30 seconds left.
|
|t:|1783266207
|move|p1b: Lycanroc|Protect|p1b: Lycanroc
|-singleturn|p1b: Lycanroc|Protect
|move|p2b: Garchomp|Stomping Tantrum|p1a: Kingambit
|-supereffective|p1a: Kingambit|1
|-damage|p1a: Kingambit|19/100
|-damage|p2b: Garchomp|90/100|[from] item: Life Orb
|move|p2a: Sylveon|Yawn|p1b: Lycanroc
|-activate|p1b: Lycanroc|move: Protect
|move|p1a: Kingambit|Kowtow Cleave|p2a: Sylveon
|-resisted|p2a: Sylveon|1
|-damage|p2a: Sylveon|38/100
|
|-weather|SunnyDay|[upkeep]
|-end|p2a: Sylveon|Disable
|-end|p1a: Kingambit|move: Yawn|[silent]
|-status|p1a: Kingambit|slp
|upkeep
|turn|5
|
|t:|1783266224
|move|p1b: Lycanroc|Accelerock|p2a: Sylveon
|-damage|p2a: Sylveon|8/100
|cant|p1a: Kingambit|slp
|move|p2b: Garchomp|Stomping Tantrum|p1b: Lycanroc
|-supereffective|p1b: Lycanroc|1
|-enditem|p1b: Lycanroc|Focus Sash
|-damage|p1b: Lycanroc|1/100
|-damage|p2b: Garchomp|80/100|[from] item: Life Orb
|move|p2a: Sylveon|Hyper Voice|p1b: Lycanroc|[spread] p1a,p1b
|-damage|p1a: Kingambit|0 fnt
|-damage|p1b: Lycanroc|0 fnt
|faint|p1a: Kingambit
|faint|p1b: Lycanroc
|
|-weather|SunnyDay|[upkeep]
|upkeep
|
|t:|1783266232
|switch|p1b: Froslass|Froslass-Mega, L50, F|38/100
|-weather|Snowscape|[from] ability: Snow Warning|[of] p1b: Froslass
|turn|6
|
|t:|1783266242
|move|p2a: Sylveon|Protect|p2a: Sylveon
|-singleturn|p2a: Sylveon|Protect
|move|p1b: Froslass|Blizzard|p2a: Sylveon|[spread] p2b
|-activate|p2a: Sylveon|move: Protect
|-supereffective|p2b: Garchomp|2
|-damage|p2b: Garchomp|0 fnt
|faint|p2b: Garchomp
|
|-weather|Snowscape|[upkeep]
|upkeep
|
|t:|1783266246
|switch|p2b: Incineroar|Incineroar, L50, F|6/100
|-ability|p2b: Incineroar|Intimidate|boost
|-unboost|p1b: Froslass|atk|1
|turn|7
|
|t:|1783266253
|move|p2a: Sylveon|Quick Attack|p1b: Froslass
|-damage|p1b: Froslass|25/100
|move|p1b: Froslass|Blizzard|p2b: Incineroar|[spread] p2a,p2b
|-resisted|p2b: Incineroar|1
|-damage|p2a: Sylveon|0 fnt
|-damage|p2b: Incineroar|0 fnt
|faint|p2a: Sylveon
|faint|p2b: Incineroar
|
|win|DrXJ13
||carolchanning is ready for game 2.
||DrXJ13 is ready for game 2.
|uhtml|next|Next: Game 2 of 3
