|j|☆Promanvgc
|j|☆lildarkrai7
|html|Promanvgclildarkrai7    
|uhtml|bestof|Game 1 of a best-of-3
|t:|1786136421
|gametype|doubles
|player|p1|Promanvgc|lucas|
|player|p2|lildarkrai7|#smogonxnpa2025draftee|
|gen|9
|tier|[Gen 9 Champions] VGC 2026 Reg M-B (Bo3)
|rule|Species Clause: Limit one of each Pokémon
|rule|Item Clause: Limit 1 of each item
|clearpoke
|poke|p1|Aerodactyl, L50, F|
|poke|p1|Kingambit, L50, M|
|poke|p1|Sylveon, L50, F|
|poke|p1|Garchomp, L50, M|
|poke|p1|Charizard, L50, M|
|poke|p1|Incineroar, L50, M|
|poke|p2|Froslass, L50, F, shiny|
|poke|p2|Basculegion, L50, M, shiny|
|poke|p2|Kingambit, L50, M, shiny|
|poke|p2|Lycanroc-Dusk, L50, F, shiny|
|poke|p2|Scovillain, L50, F, shiny|
|poke|p2|Sneasler, L50, M, shiny|
|teampreview|4
|showteam|p1|Aerodactyl||Aerodactylite|Unnerve|RockSlide,IceFang,Tailwind,WideGuard|Jolly||F|||50|]Kingambit||FocusSash|Defiant|KowtowCleave,SuckerPunch,IronHead,Protect|Adamant||M|||50|]Sylveon||FairyFeather|Pixilate|Detect,HyperVoice,HyperBeam,QuickAttack|Modest||F|||50|]Garchomp||LifeOrb|RoughSkin|Earthquake,DragonClaw,StompingTantrum,Protect|Jolly||M|||50|]Charizard||CharizarditeY|Blaze|Protect,HeatWave,SolarBeam,WeatherBall|Modest||M|||50|]Incineroar||SitrusBerry|Intimidate|DarkestLariat,FlareBlitz,FakeOut,PartingShot|Impish||M|||50|
|showteam|p2|Froslass||Froslassite|SnowCloak|Blizzard,Thunderbolt,ShadowBall,Protect|Timid||F|||50|]Basculegion||SitrusBerry|Adaptability|WaveCrash,AquaJet,LastRespects,Protect|Adamant||M|||50|]Kingambit||LifeOrb|Defiant|KowtowCleave,SuckerPunch,SwordsDance,Protect|Adamant||M|||50|]Lycanroc-Dusk||FocusSash|ToughClaws|Accelerock,CloseCombat,RockSlide,Protect|Adamant||F|||50|]Scovillain||Scovillainite|Moody|Overheat,GigaDrain,RagePowder,Protect|Bold||F|||50|]Sneasler||WhiteHerb|Unburden|FakeOut,GunkShot,CloseCombat,Protect|Adamant||M|||50|
|c|☆lildarkrai7|glhf
|c|☆Promanvgc|Glhf
|
|t:|1786136484
|teamsize|p1|4
|teamsize|p2|4
|start
|switch|p1a: Charizard|Charizard, L50, M|100/100
|switch|p1b: Aerodactyl|Aerodactyl, L50, F|100/100
|switch|p2a: Scovillain|Scovillain, L50, F, shiny|100/100
|switch|p2b: Basculegion|Basculegion, L50, M, shiny|100/100
|-ability|p1b: Aerodactyl|Unnerve
|turn|1
|
|t:|1786136518
|switch|p1b: Incineroar|Incineroar, L50, M|100/100
|-ability|p1b: Incineroar|Intimidate|boost
|-unboost|p2a: Scovillain|atk|1
|-unboost|p2b: Basculegion|atk|1
|detailschange|p1a: Charizard|Charizard-Mega-Y, L50, M
|-mega|p1a: Charizard|Charizard|Charizardite Y
|-weather|SunnyDay|[from] ability: Drought|[of] p1a: Charizard
|move|p2a: Scovillain|Protect|p2a: Scovillain
|-singleturn|p2a: Scovillain|Protect
|move|p2b: Basculegion|Protect|p2b: Basculegion
|-singleturn|p2b: Basculegion|Protect
|move|p1a: Charizard|Heat Wave|p2a: Scovillain|[spread] 
|-activate|p2a: Scovillain|move: Protect
|-activate|p2b: Basculegion|move: Protect
|
|-weather|SunnyDay|[upkeep]
|-ability|p2a: Scovillain|Moody|boost
|-boost|p2a: Scovillain|spe|2
|-unboost|p2a: Scovillain|spd|1
|upkeep
|turn|2
|
|t:|1786136562
|detailschange|p2a: Scovillain|Scovillain-Mega, L50, F, shiny
|-mega|p2a: Scovillain|Scovillain|Scovillainite
|move|p2a: Scovillain|Overheat|p1a: Charizard
|-resisted|p1a: Charizard|1
|-damage|p1a: Charizard|59/100
|-unboost|p2a: Scovillain|spa|2
|move|p1a: Charizard|Solar Beam||[still]
|-prepare|p1a: Charizard|Solar Beam
|-anim|p1a: Charizard|Solar Beam|p2b: Basculegion
|-supereffective|p2b: Basculegion|1
|-damage|p2b: Basculegion|13/100
|-enditem|p2b: Basculegion|Sitrus Berry|[eat]
|-heal|p2b: Basculegion|37/100|[from] item: Sitrus Berry
|move|p2b: Basculegion|Wave Crash|p1a: Charizard
|-supereffective|p1a: Charizard|1
|-damage|p1a: Charizard|7/100
|-damage|p2b: Basculegion|24/100|[from] Recoil
|move|p1b: Incineroar|Parting Shot|p2a: Scovillain
|-unboost|p2a: Scovillain|atk|1
|-unboost|p2a: Scovillain|spa|1
|
|t:|1786136569
|switch|p1b: Aerodactyl|Aerodactyl, L50, F|100/100|[from] Parting Shot
|-ability|p1b: Aerodactyl|Unnerve
|
|-weather|SunnyDay|[upkeep]
|upkeep
|turn|3
|
|t:|1786136618
|switch|p2a: Sneasler|Sneasler, L50, M, shiny|100/100
|switch|p1a: Garchomp|Garchomp, L50, M|100/100
|move|p2b: Basculegion|Aqua Jet|p1a: Garchomp
|-damage|p1a: Garchomp|91/100
|-damage|p2b: Basculegion|11/100|[from] ability: Rough Skin|[of] p1a: Garchomp
|move|p1b: Aerodactyl|Tailwind|p1b: Aerodactyl
|-sidestart|p1: Promanvgc|move: Tailwind
|
|-weather|SunnyDay|[upkeep]
|upkeep
|turn|4
|
|t:|1786136631
|switch|p2b: Scovillain|Scovillain-Mega, L50, F, shiny|100/100
|move|p2a: Sneasler|Fake Out|p1a: Garchomp
|-damage|p1a: Garchomp|78/100
|-damage|p2a: Sneasler|87/100|[from] ability: Rough Skin|[of] p1a: Garchomp
|move|p1b: Aerodactyl|Rock Slide|p2b: Scovillain|[spread] p2b
|-miss|p1b: Aerodactyl|p2a: Sneasler
|-supereffective|p2b: Scovillain|1
|-damage|p2b: Scovillain|58/100
|-status|p1b: Aerodactyl|brn|[from] ability: Spicy Spray|[of] p2b: Scovillain
|cant|p1a: Garchomp|flinch
|
|-weather|SunnyDay|[upkeep]
|-damage|p1b: Aerodactyl|93/100 brn|[from] brn
|upkeep
|turn|5
|
|t:|1786136650
|move|p2a: Sneasler|Protect|p2a: Sneasler
|-singleturn|p2a: Sneasler|Protect
|move|p1b: Aerodactyl|Rock Slide|p2a: Sneasler|[spread] p2b
|-activate|p2a: Sneasler|move: Protect
|-supereffective|p2b: Scovillain|1
|-damage|p2b: Scovillain|37/100
|move|p1a: Garchomp|Stomping Tantrum|p2a: Sneasler
|-activate|p2a: Sneasler|move: Protect
|move|p2b: Scovillain|Giga Drain|p1a: Garchomp
|-damage|p1a: Garchomp|39/100
|-heal|p2b: Scovillain|57/100|[from] drain|[of] p1a: Garchomp
|
|-weather|none
|-damage|p1b: Aerodactyl|87/100 brn|[from] brn
|upkeep
|turn|6
|
|t:|1786136694
|switch|p2b: Basculegion|Basculegion, L50, M, shiny|11/100
|move|p1b: Aerodactyl|Rock Slide|p2b: Basculegion|[spread] p2a
|-miss|p1b: Aerodactyl|p2b: Basculegion
|-resisted|p2a: Sneasler|1
|-damage|p2a: Sneasler|81/100
|move|p1a: Garchomp|Earthquake|p2b: Basculegion|[spread] p2a,p2b
|-immune|p1b: Aerodactyl
|-supereffective|p2a: Sneasler|1
|-damage|p2a: Sneasler|0 fnt
|-damage|p2b: Basculegion|0 fnt
|faint|p2a: Sneasler
|faint|p2b: Basculegion
|-damage|p1a: Garchomp|30/100|[from] item: Life Orb
|
|-damage|p1b: Aerodactyl|81/100 brn|[from] brn
|-sideend|p1: Promanvgc|move: Tailwind
|upkeep
|
|t:|1786136704
|switch|p2a: Lycanroc|Lycanroc-Dusk, L50, F, shiny|100/100
|switch|p2b: Scovillain|Scovillain-Mega, L50, F, shiny|57/100
|turn|7
|
|t:|1786136730
|move|p2a: Lycanroc|Protect|p2a: Lycanroc
|-singleturn|p2a: Lycanroc|Protect
|move|p1b: Aerodactyl|Rock Slide|p2a: Lycanroc|[spread] p2b
|-activate|p2a: Lycanroc|move: Protect
|-supereffective|p2b: Scovillain|1
|-damage|p2b: Scovillain|34/100
|move|p1a: Garchomp|Earthquake|p2b: Scovillain|[spread] p2b
|-activate|p2a: Lycanroc|move: Protect
|-immune|p1b: Aerodactyl
|-damage|p2b: Scovillain|0 fnt
|-status|p1a: Garchomp|brn|[from] ability: Spicy Spray|[of] p2b: Scovillain
|faint|p2b: Scovillain
|-damage|p1a: Garchomp|20/100y brn|[from] item: Life Orb
|
|-damage|p1b: Aerodactyl|75/100 brn|[from] brn
|-damage|p1a: Garchomp|14/100 brn|[from] brn
|upkeep
|turn|8
|
|t:|1786136739
|move|p1b: Aerodactyl|Rock Slide|p2a: Lycanroc
|-damage|p2a: Lycanroc|76/100
|move|p1a: Garchomp|Earthquake|p2a: Lycanroc|[spread] p2a
|-immune|p1b: Aerodactyl
|-supereffective|p2a: Lycanroc|1
|-damage|p2a: Lycanroc|0 fnt
|faint|p2a: Lycanroc
|-damage|p1a: Garchomp|4/100 brn|[from] item: Life Orb
|
|win|Promanvgc
||Promanvgc is ready for game 2.
|c|☆lildarkrai7|gg
||lildarkrai7 is ready for game 2.
|uhtml|next|Next: Game 2 of 3
|c|☆Promanvgc|GG
|j| Daneci
