|j|☆MuseigenTest
|j|☆theonlyambipomfan
|html|MuseigenTesttheonlyambipomfan    
|uhtml|bestof|Game 3 of a best-of-3
|t:|1782254013
|gametype|doubles
|player|p1|MuseigenTest|102|1046
|player|p2|theonlyambipomfan|volkner|1160
|gen|9
|tier|[Gen 9 Champions] VGC 2026 Reg M-B (Bo3)
|rated|
|rule|Species Clause: Limit one of each Pokémon
|rule|Item Clause: Limit 1 of each item
|clearpoke
|poke|p1|Sinistcha, L50, shiny|
|poke|p1|Incineroar, L50, M, shiny|
|poke|p1|Milotic, L50, F|
|poke|p1|Metagross, L50|
|poke|p1|Floette-Eternal, L50, F|
|poke|p1|Ceruledge, L50, M, shiny|
|poke|p2|Houndstone, L50, M|
|poke|p2|Tyranitar, L50, F|
|poke|p2|Excadrill, L50, F, shiny|
|poke|p2|Rotom-Wash, L50, shiny|
|poke|p2|Corviknight, L50, F|
|poke|p2|Farigiraf, L50, F|
|teampreview|4
|showteam|p1|Sinistcha||KasibBerry|Hospitality|Protect,RagePowder,MatchaGotcha,LifeDew|Calm|||||50|]Incineroar||SitrusBerry|Intimidate|FakeOut,ThroatChop,FlareBlitz,PartingShot|Impish||M|||50|]Milotic||Leftovers|Competitive|Coil,MuddyWater,Hypnosis,Protect|Bold||F|||50|]Metagross||Metagrossite|ClearBody|PsychicFangs,IronHead,StompingTantrum,Protect|Adamant|||||50|]Floette-Eternal||Floettite|FlowerVeil|Protect,DrainingKiss,CalmMind,DazzlingGleam|Timid||F|||50|]Ceruledge||ColburBerry|FlashFire|BulkUp,Protect,ShadowSneak,BitterBlade|Adamant||M|||50|
|showteam|p2|Houndstone||LifeOrb|SandRush|LastRespects,ShadowSneak,Protect,WillOWisp|Jolly||M|||50|]Tyranitar||Tyranitarite|SandStream|RockSlide,IcePunch,KnockOff,Protect|Adamant||F|||50|]Excadrill||FocusSash|SandRush|IronHead,HighHorsepower,RockSlide,Earthquake|Adamant||F|||50|]Rotom-Wash||Magnet|Levitate|VoltSwitch,HydroPump,Thunderbolt,WillOWisp|Calm|||||50|]Corviknight||Leftovers|MirrorArmor|Tailwind,BulkUp,IronHead,BraveBird|Careful||F|||50|]Farigiraf||SitrusBerry|ArmorTail|Protect,Psychic,TrickRoom,HyperVoice|Sassy||F|||50|
|inactive|Battle timer is ON: inactive players will automatically lose when time's up. (requested by MuseigenTest)
|inactive|MuseigenTest has 60 seconds left.
|
|t:|1782254058
|teamsize|p1|4
|teamsize|p2|4
|start
|switch|p1a: Ceruledge|Ceruledge, L50, M, shiny|100/100
|switch|p1b: Sinistcha|Sinistcha, L50, shiny|100/100
|switch|p2a: Tyranitar|Tyranitar, L50, F|100/100
|switch|p2b: Corviknight|Corviknight, L50, F|100/100
|-weather|Sandstorm|[from] ability: Sand Stream|[of] p2a: Tyranitar
|turn|1
|inactive|MuseigenTest has 30 seconds left.
|inactive|MuseigenTest has 20 seconds left.
|inactive|MuseigenTest has 15 seconds left.
|inactive|MuseigenTest has 10 seconds left.
|
|t:|1782254106
|detailschange|p2a: Tyranitar|Tyranitar-Mega, L50, F
|-mega|p2a: Tyranitar|Tyranitar|Tyranitarite
|move|p1b: Sinistcha|Rage Powder|p1b: Sinistcha
|-singleturn|p1b: Sinistcha|move: Rage Powder
|move|p2b: Corviknight|Tailwind|p2b: Corviknight
|-sidestart|p2: theonlyambipomfan|move: Tailwind
|move|p2a: Tyranitar|Rock Slide|p1a: Ceruledge|[spread] p1a,p1b
|-supereffective|p1a: Ceruledge|1
|-crit|p1a: Ceruledge
|-damage|p1a: Ceruledge|0 fnt
|-damage|p1b: Sinistcha|67/100
|faint|p1a: Ceruledge
|
|-weather|Sandstorm|[upkeep]
|-damage|p1b: Sinistcha|61/100|[from] Sandstorm
|upkeep
|
|t:|1782254118
|switch|p1a: Incineroar|Incineroar, L50, M, shiny|100/100
|-ability|p1a: Incineroar|Intimidate|boost
|-unboost|p2a: Tyranitar|atk|1
|-ability|p2b: Corviknight|Mirror Armor
|-unboost|p1a: Incineroar|atk|1
|turn|2
|
|t:|1782254135
|move|p1a: Incineroar|Fake Out|p2b: Corviknight
|-resisted|p2b: Corviknight|1
|-damage|p2b: Corviknight|97/100
|cant|p2b: Corviknight|flinch
|move|p2a: Tyranitar|Rock Slide|p1b: Sinistcha|[spread] p1a,p1b
|-supereffective|p1a: Incineroar|1
|-damage|p1a: Incineroar|58/100
|-damage|p1b: Sinistcha|40/100
|move|p1b: Sinistcha|Matcha Gotcha|p2b: Corviknight|[spread] p2a,p2b
|-supereffective|p2a: Tyranitar|1
|-resisted|p2b: Corviknight|2
|-damage|p2a: Tyranitar|75/100
|-heal|p1b: Sinistcha|54/100|[from] drain|[of] p2a: Tyranitar
|-damage|p2b: Corviknight|92/100
|-heal|p1b: Sinistcha|57/100|[from] drain|[of] p2b: Corviknight
|-status|p2b: Corviknight|brn
|
|-weather|Sandstorm|[upkeep]
|-damage|p1a: Incineroar|52/100|[from] Sandstorm
|-damage|p1b: Sinistcha|51/100|[from] Sandstorm
|-heal|p2b: Corviknight|98/100 brn|[from] item: Leftovers
|-damage|p2b: Corviknight|92/100 brn|[from] brn
|upkeep
|turn|3
|
|t:|1782254163
|switch|p1a: Floette|Floette-Eternal, L50, F|100/100
|move|p1b: Sinistcha|Protect|p1b: Sinistcha
|-singleturn|p1b: Sinistcha|Protect
|move|p2b: Corviknight|Brave Bird|p1b: Sinistcha
|-activate|p1b: Sinistcha|move: Protect
|move|p2a: Tyranitar|Rock Slide|p1a: Floette|[spread] p1a
|-activate|p1b: Sinistcha|move: Protect
|-damage|p1a: Floette|72/100
|
|-weather|Sandstorm|[upkeep]
|-damage|p1a: Floette|66/100|[from] Sandstorm
|-damage|p1b: Sinistcha|44/100|[from] Sandstorm
|-heal|p2b: Corviknight|98/100 brn|[from] item: Leftovers
|-damage|p2b: Corviknight|92/100 brn|[from] brn
|upkeep
|turn|4
|
|t:|1782254182
|switch|p2b: Excadrill|Excadrill, L50, F, shiny|100/100
|switch|p1b: Incineroar|Incineroar, L50, M, shiny|52/100
|-ability|p1b: Incineroar|Intimidate|boost
|-unboost|p2a: Tyranitar|atk|1
|-unboost|p2b: Excadrill|atk|1
|detailschange|p1a: Floette|Floette-Mega, L50, F
|-mega|p1a: Floette|Floette|Floettite
|-ability|p1a: Floette|Fairy Aura
|move|p2a: Tyranitar|Knock Off|p1b: Incineroar
|-resisted|p1b: Incineroar|1
|-damage|p1b: Incineroar|39/100
|-enditem|p1b: Incineroar|Sitrus Berry|[from] move: Knock Off|[of] p2a: Tyranitar
|move|p1a: Floette|Calm Mind|p1a: Floette
|-boost|p1a: Floette|spa|1
|-boost|p1a: Floette|spd|1
|
|-weather|Sandstorm|[upkeep]
|-damage|p1a: Floette|60/100|[from] Sandstorm
|-damage|p1b: Incineroar|33/100|[from] Sandstorm
|-sideend|p2: theonlyambipomfan|move: Tailwind
|upkeep
|turn|5
|inactive|MuseigenTest has 30 seconds left.
|
|t:|1782254208
|switch|p2a: Corviknight|Corviknight, L50, F|92/100 brn
|move|p1b: Incineroar|Fake Out|p2b: Excadrill
|-resisted|p2b: Excadrill|1
|-damage|p2b: Excadrill|93/100
|cant|p2b: Excadrill|flinch
|move|p1a: Floette|Draining Kiss|p2b: Excadrill
|-resisted|p2b: Excadrill|1
|-damage|p2b: Excadrill|59/100
|-heal|p1a: Floette|93/100|[from] drain|[of] p2b: Excadrill
|
|-weather|none
|-heal|p2a: Corviknight|98/100 brn|[from] item: Leftovers
|-damage|p2a: Corviknight|92/100 brn|[from] brn
|upkeep
|turn|6
|inactive|MuseigenTest has 30 seconds left.
|
|t:|1782254236
|switch|p2a: Tyranitar|Tyranitar-Mega, L50, F|75/100
|-weather|Sandstorm|[from] ability: Sand Stream|[of] p2a: Tyranitar
|move|p1a: Floette|Protect|p1a: Floette
|-singleturn|p1a: Floette|Protect
|move|p2b: Excadrill|Iron Head|p1a: Floette
|-activate|p1a: Floette|move: Protect
|move|p1b: Incineroar|Flare Blitz|p2b: Excadrill
|-supereffective|p2b: Excadrill|1
|-damage|p2b: Excadrill|0 fnt
|faint|p2b: Excadrill
|-damage|p1b: Incineroar|13/100|[from] Recoil
|
|-weather|Sandstorm|[upkeep]
|-damage|p1a: Floette|87/100|[from] Sandstorm
|-damage|p1b: Incineroar|7/100|[from] Sandstorm
|upkeep
|
|t:|1782254253
|switch|p2b: Houndstone|Houndstone, L50, M|100/100
|turn|7
|inactive|MuseigenTest has 30 seconds left.
|inactive|MuseigenTest has 20 seconds left.
|inactive|MuseigenTest has 15 seconds left.
|inactive|MuseigenTest has 10 seconds left.
|
|t:|1782254301
|switch|p1b: Sinistcha|Sinistcha, L50, shiny|44/100
|-heal|p1a: Floette|100/100|[from] ability: Hospitality|[of] p1b: Sinistcha
|move|p1a: Floette|Protect||[still]
|-fail|p1a: Floette
|move|p2a: Tyranitar|Protect|p2a: Tyranitar
|-singleturn|p2a: Tyranitar|Protect
|move|p2b: Houndstone|Last Respects|p1a: Floette
|-damage|p1a: Floette|41/100
|-damage|p2b: Houndstone|90/100|[from] item: Life Orb
|
|-weather|Sandstorm|[upkeep]
|-damage|p1a: Floette|36/100|[from] Sandstorm
|-damage|p1b: Sinistcha|38/100|[from] Sandstorm
|upkeep
|turn|8
|
|t:|1782254318
|switch|p2a: Corviknight|Corviknight, L50, F|92/100 brn
|move|p1b: Sinistcha|Rage Powder|p1b: Sinistcha
|-singleturn|p1b: Sinistcha|move: Rage Powder
|move|p2b: Houndstone|Last Respects|p1b: Sinistcha
|-supereffective|p1b: Sinistcha|1
|-enditem|p1b: Sinistcha|Kasib Berry|[eat]
|-enditem|p1b: Sinistcha|Kasib Berry|[weaken]
|-damage|p1b: Sinistcha|0 fnt
|faint|p1b: Sinistcha
|-damage|p2b: Houndstone|80/100|[from] item: Life Orb
|move|p1a: Floette|Draining Kiss|p2b: Houndstone
|-damage|p2b: Houndstone|23/100
|-heal|p1a: Floette|78/100|[from] drain|[of] p2b: Houndstone
|
|-weather|Sandstorm|[upkeep]
|-damage|p1a: Floette|72/100|[from] Sandstorm
|-heal|p2a: Corviknight|98/100 brn|[from] item: Leftovers
|-damage|p2a: Corviknight|92/100 brn|[from] brn
|upkeep
|
|t:|1782254328
|switch|p1b: Incineroar|Incineroar, L50, M, shiny|7/100
|-ability|p1b: Incineroar|Intimidate|boost
|-ability|p2a: Corviknight|Mirror Armor
|-unboost|p1b: Incineroar|atk|1
|-unboost|p2b: Houndstone|atk|1
|turn|9
|
|t:|1782254349
|move|p1b: Incineroar|Fake Out|p2a: Corviknight
|-resisted|p2a: Corviknight|1
|-damage|p2a: Corviknight|89/100 brn
|move|p2b: Houndstone|Last Respects|p1a: Floette
|-damage|p1a: Floette|34/100
|-damage|p2b: Houndstone|14/100|[from] item: Life Orb
|move|p1a: Floette|Dazzling Gleam|p2b: Houndstone|[spread] p2a,p2b
|-resisted|p2a: Corviknight|1
|-damage|p2a: Corviknight|64/100 brn
|-damage|p2b: Houndstone|0 fnt
|faint|p2b: Houndstone
|cant|p2a: Corviknight|flinch
|
|-weather|Sandstorm|[upkeep]
|-damage|p1a: Floette|28/100|[from] Sandstorm
|-damage|p1b: Incineroar|1/100|[from] Sandstorm
|-heal|p2a: Corviknight|70/100 brn|[from] item: Leftovers
|-damage|p2a: Corviknight|64/100 brn|[from] brn
|upkeep
|
|t:|1782254365
|switch|p2b: Tyranitar|Tyranitar-Mega, L50, F|75/100
|turn|10
|
|t:|1782254375
|move|p2b: Tyranitar|Protect|p2b: Tyranitar
|-singleturn|p2b: Tyranitar|Protect
|move|p1a: Floette|Draining Kiss|p2a: Corviknight
|-resisted|p2a: Corviknight|1
|-damage|p2a: Corviknight|43/100 brn
|-heal|p1a: Floette|49/100|[from] drain|[of] p2a: Corviknight
|move|p2a: Corviknight|Iron Head|p1a: Floette
|-supereffective|p1a: Floette|1
|-damage|p1a: Floette|23/100
|move|p1b: Incineroar|Flare Blitz|p2a: Corviknight
|-supereffective|p2a: Corviknight|1
|-damage|p2a: Corviknight|0 fnt
|faint|p2a: Corviknight
|-damage|p1b: Incineroar|0 fnt|[from] Recoil
|faint|p1b: Incineroar
|
|-weather|none
|upkeep
|turn|11
|
|t:|1782254392
|move|p1a: Floette|Draining Kiss|p2b: Tyranitar
|-supereffective|p2b: Tyranitar|1
|-damage|p2b: Tyranitar|0 fnt
|-heal|p1a: Floette|98/100|[from] drain|[of] p2b: Tyranitar
|faint|p2b: Tyranitar
|
|win|MuseigenTest
|raw|MuseigenTest's rating: 1046 → 1090(+44 for winning)
|raw|theonlyambipomfan's rating: 1160 → 1127(-33 for losing)
|c|☆MuseigenTest|gg wp
|c|☆theonlyambipomfan|ggs
|l|☆theonlyambipomfan
|player|p2|
