|j|☆randomguy1114s
|j|☆Dimitrievski78
|html|randomguy1114sDimitrievski78    
|uhtml|bestof|Game 3 of a best-of-3
|t:|1756159128
|gametype|doubles
|player|p1|randomguy1114s|lillie-masters|1091
|player|p2|Dimitrievski78|102|1023
|gen|9
|tier|[Gen 9] VGC 2025 Reg H (Bo3)
|rated|
|rule|Species Clause: Limit one of each Pokémon
|rule|Item Clause: Limit 1 of each item
|clearpoke
|poke|p1|Sneasler, L50, F|
|poke|p1|Indeedee, L50, M|
|poke|p1|Volcarona, L50, M|
|poke|p1|Ursaluna-Bloodmoon, L50, M|
|poke|p1|Annihilape, L50, M|
|poke|p1|Tyranitar, L50, M|
|poke|p2|Tyranitar, L50, M|
|poke|p2|Excadrill, L50, M|
|poke|p2|Corviknight, L50, F|
|poke|p2|Rillaboom, L50, F|
|poke|p2|Sneasler, L50, F|
|poke|p2|Dragonite, L50, F|
|teampreview|4
|showteam|p1|Sneasler||PsychicSeed|Unburden|CloseCombat,DireClaw,ThroatChop,Protect|||F|||50|,,,,,Dark]Indeedee||ChoiceScarf|PsychicSurge|ExpandingForce,TeraBlast,Trick,Protect|||M|||50|,,,,,Psychic]Volcarona||SitrusBerry|FlameBody|Overheat,StruggleBug,RagePowder,Tailwind|||M|||50|,,,,,Grass]Ursaluna-Bloodmoon||LifeOrb|MindsEye|BloodMoon,HyperVoice,EarthPower,Protect|||M|||50|,,,,,Normal]Annihilape||SafetyGoggles|Defiant|CloseCombat,RageFist,Taunt,FinalGambit|||M|||50|,,,,,Fairy]Tyranitar||AssaultVest|SandStream|RockSlide,KnockOff,TeraBlast,LowKick|||M|||50|,,,,,Flying
|showteam|p2|Tyranitar||AssaultVest|SandStream|KnockOff,RockSlide,LowKick,TeraBlast|||M|||50|,,,,,Flying]Excadrill||FocusSash|SandRush|Earthquake,IronHead,Protect,HighHorsepower|||M|||50|,,,,,Ground]Corviknight||CovertCloak|MirrorArmor|BraveBird,Tailwind,Protect,Reflect|||F|||50|,,,,,Dragon]Rillaboom||MiracleSeed|GrassySurge|FakeOut,WoodHammer,GrassyGlide,Protect|||F|||50|,,,,,Fire]Sneasler||WhiteHerb|Unburden|CloseCombat,Protect,DireClaw,ThroatChop|||F|||50|,,,,,Stellar]Dragonite||LoadedDice|Multiscale|Haze,Tailwind,ExtremeSpeed,ScaleShot|||F|||50|,,,,,Normal
|
|t:|1756159168
|teamsize|p1|4
|teamsize|p2|4
|start
|switch|p1a: Volcarona|Volcarona, L50, M|100/100
|switch|p1b: Tyranitar|Tyranitar, L50, M|100/100
|switch|p2a: RONALDO NAZARIO|Rillaboom, L50, F|100/100
|switch|p2b: MBAPPÉ|Sneasler, L50, F, shiny|100/100
|-fieldstart|move: Grassy Terrain|[from] ability: Grassy Surge|[of] p2a: RONALDO NAZARIO
|-weather|Sandstorm|[from] ability: Sand Stream|[of] p1b: Tyranitar
|turn|1
|
|t:|1756159206
|-terastallize|p1b: Tyranitar|Flying
|move|p2a: RONALDO NAZARIO|Fake Out|p1a: Volcarona
|-damage|p1a: Volcarona|84/100
|move|p2b: MBAPPÉ|Close Combat|p1b: Tyranitar
|-resisted|p1b: Tyranitar
|-damage|p1b: Tyranitar|74/100
|-unboost|p2b: MBAPPÉ|def|1
|-unboost|p2b: MBAPPÉ|spd|1
|-enditem|p2b: MBAPPÉ|White Herb
|-clearnegativeboost|p2b: MBAPPÉ|[silent]
|cant|p1a: Volcarona|flinch
|move|p1b: Tyranitar|Tera Blast|p2b: MBAPPÉ|[anim] Tera Blast Flying
|-supereffective|p2b: MBAPPÉ
|-damage|p2b: MBAPPÉ|0 fnt
|faint|p2b: MBAPPÉ
|
|-weather|Sandstorm|[upkeep]
|-damage|p1a: Volcarona|78/100|[from] Sandstorm
|-damage|p2a: RONALDO NAZARIO|95/100|[from] Sandstorm
|-damage|p1b: Tyranitar|68/100|[from] Sandstorm
|-heal|p1a: Volcarona|84/100|[from] Grassy Terrain
|-heal|p2a: RONALDO NAZARIO|100/100|[from] Grassy Terrain
|upkeep
|
|t:|1756159231
|switch|p2b: LUKA MODRIC|Tyranitar, L50, M|100/100
|turn|2
|
|t:|1756159260
|switch|p1b: Ursaluna|Ursaluna-Bloodmoon, L50, M|100/100
|move|p1a: Volcarona|Overheat|p2a: RONALDO NAZARIO
|-supereffective|p2a: RONALDO NAZARIO
|-damage|p2a: RONALDO NAZARIO|0 fnt
|-unboost|p1a: Volcarona|spa|2
|faint|p2a: RONALDO NAZARIO
|move|p2b: LUKA MODRIC|Rock Slide|p1a: Volcarona|[spread] p1b
|-miss|p2b: LUKA MODRIC|p1a: Volcarona
|-resisted|p1b: Ursaluna
|-damage|p1b: Ursaluna|88/100
|
|-weather|Sandstorm|[upkeep]
|-damage|p1a: Volcarona|78/100|[from] Sandstorm
|-heal|p1a: Volcarona|84/100|[from] Grassy Terrain
|-heal|p1b: Ursaluna|94/100|[from] Grassy Terrain
|upkeep
|
|t:|1756159274
|switch|p2a: CRISTIANO RONALDO|Excadrill, L50, M|100/100
|turn|3
|
|t:|1756159296
|move|p2a: CRISTIANO RONALDO|Earthquake|p1a: Volcarona|[spread] p2b,p1a,p1b
|-supereffective|p2b: LUKA MODRIC
|-damage|p2b: LUKA MODRIC|68/100
|-damage|p1a: Volcarona|58/100
|-damage|p1b: Ursaluna|76/100
|move|p1a: Volcarona|Tailwind|p1a: Volcarona
|-sidestart|p1: randomguy1114s|move: Tailwind
|move|p1b: Ursaluna|Hyper Voice|p2a: CRISTIANO RONALDO|[spread] p2a,p2b
|-resisted|p2a: CRISTIANO RONALDO
|-resisted|p2b: LUKA MODRIC
|-damage|p2a: CRISTIANO RONALDO|70/100
|-damage|p2b: LUKA MODRIC|57/100
|-damage|p1b: Ursaluna|67/100|[from] item: Life Orb
|move|p2b: LUKA MODRIC|Low Kick|p1b: Ursaluna
|-supereffective|p1b: Ursaluna
|-damage|p1b: Ursaluna|0 fnt
|faint|p1b: Ursaluna
|
|-weather|Sandstorm|[upkeep]
|-damage|p1a: Volcarona|52/100|[from] Sandstorm
|-heal|p1a: Volcarona|58/100|[from] Grassy Terrain
|-heal|p2a: CRISTIANO RONALDO|76/100|[from] Grassy Terrain
|-heal|p2b: LUKA MODRIC|63/100|[from] Grassy Terrain
|upkeep
|
|t:|1756159311
|switch|p1b: Annihilape|Annihilape, L50, M|100/100
|turn|4
|
|t:|1756159338
|-terastallize|p2a: CRISTIANO RONALDO|Ground
|move|p1a: Volcarona|Overheat|p2a: CRISTIANO RONALDO
|-damage|p2a: CRISTIANO RONALDO|45/100
|-unboost|p1a: Volcarona|spa|2
|move|p1b: Annihilape|Final Gambit|p2b: LUKA MODRIC
|-damage|p2b: LUKA MODRIC|0 fnt
|faint|p1b: Annihilape
|faint|p2b: LUKA MODRIC
|move|p2a: CRISTIANO RONALDO|High Horsepower|p1a: Volcarona
|-damage|p1a: Volcarona|0 fnt
|faint|p1a: Volcarona
|
|-weather|Sandstorm|[upkeep]
|-heal|p2a: CRISTIANO RONALDO|51/100|[from] Grassy Terrain
|upkeep
|
|t:|1756159361
|switch|p1b: Tyranitar|Tyranitar, L50, M, tera:Flying|68/100
|turn|5
|
|t:|1756159384
|move|p2a: CRISTIANO RONALDO|Iron Head|p1b: Tyranitar
|-damage|p1b: Tyranitar|28/100
|cant|p1b: Tyranitar|flinch
|
|-weather|none
|-heal|p2a: CRISTIANO RONALDO|57/100|[from] Grassy Terrain
|-fieldend|move: Grassy Terrain
|upkeep
|turn|6
|
|t:|1756159414
|move|p1b: Tyranitar|Knock Off|p2a: CRISTIANO RONALDO
|-damage|p2a: CRISTIANO RONALDO|0 fnt
|-enditem|p2a: CRISTIANO RONALDO|Focus Sash|[from] move: Knock Off|[of] p1b: Tyranitar
|faint|p2a: CRISTIANO RONALDO
|
|win|randomguy1114s
|raw|randomguy1114s's rating: 1091 → 1112(+21 for winning)
|raw|Dimitrievski78's rating: 1023 → 1012(-11 for losing)
