|j|☆DGAvalon
|j|☆Jsnobs
|html|DGAvalonJsnobs    
|uhtml|bestof|Game 1 of a best-of-3
|t:|1783165348
|gametype|doubles
|player|p1|DGAvalon|169|
|player|p2|Jsnobs|acetrainer-gen4dp|
|gen|9
|tier|[Gen 9 Champions] VGC 2026 Reg M-B (Bo3)
|rule|Species Clause: Limit one of each Pokémon
|rule|Item Clause: Limit 1 of each item
|clearpoke
|poke|p1|Swampert, L50, F|
|poke|p1|Sableye, L50, M|
|poke|p1|Vivillon-Fancy, L50, F|
|poke|p1|Politoed, L50, F|
|poke|p1|Raichu, L50, F|
|poke|p1|Gholdengo, L50|
|poke|p2|Sceptile, L50, M, shiny|
|poke|p2|Meowstic, L50, M, shiny|
|poke|p2|Oranguru, L50, M, shiny|
|poke|p2|Torkoal, L50, M, shiny|
|poke|p2|Araquanid, L50, M, shiny|
|poke|p2|Mawile, L50, F, shiny|
|teampreview|4
|showteam|p1|Swampert||Swampertite|Torrent|IcePunch,Earthquake,SmackDown,WideGuard|Adamant||F|||50|]Sableye||SitrusBerry|Prankster|RainDance,Quash,Taunt,NightShade|Calm||M|||50|]Vivillon-Fancy||FocusSash|CompoundEyes|SleepPowder,Hurricane,PollenPuff,RagePowder|Timid||F|||50|]Politoed||Leftovers|Drizzle|EarthPower,IceBeam,Protect,HelpingHand|Calm||F|||50|]Raichu||RaichuniteY|LightningRod|FakeOut,AlluringVoice,Thunderbolt,Protect|Timid||F|||50|]Gholdengo||LifeOrb|GoodasGold|MakeItRain,PowerGem,NastyPlot,Protect|Modest|||||50|
|showteam|p2|Sceptile||Sceptilite|Overgrow|Detect,LeafStorm,DragonPulse,EarthPower|Timid||M|||50|]Meowstic||FocusSash|Prankster|FakeOut,SunnyDay,LightScreen,ShadowBall|Timid||M|||50|]Oranguru||MentalHerb|InnerFocus|Protect,TrickRoom,Instruct,Encore|Sassy||M|||50|]Torkoal||Charcoal|Drought|Protect,Eruption,Flamethrower,SolarBeam|Quiet||M|||50|]Araquanid||MysticWater|WaterBubble|Protect,Liquidation,LeechLife,IcyWind|Brave||M|||50|]Mawile||Mawilite|HyperCutter|Protect,PlayRough,KnockOff,SuckerPunch|Brave||F|||50|
|c|☆Jsnobs|gl hf
|c|☆DGAvalon|you too!
|
|t:|1783165401
|teamsize|p1|4
|teamsize|p2|4
|start
|switch|p1a: Vivillon|Vivillon-Fancy, L50, F|100/100
|switch|p1b: Raichu|Raichu, L50, F|100/100
|switch|p2a: Sceptile|Sceptile, L50, M, shiny|100/100
|switch|p2b: Araquanid|Araquanid, L50, M, shiny|100/100
|turn|1
|
|t:|1783165423
|detailschange|p2a: Sceptile|Sceptile-Mega, L50, M, shiny
|-mega|p2a: Sceptile|Sceptile|Sceptilite
|move|p2a: Sceptile|Detect|p2a: Sceptile
|-singleturn|p2a: Sceptile|Protect
|move|p1b: Raichu|Fake Out|p2a: Sceptile
|-activate|p2a: Sceptile|move: Protect
|move|p1a: Vivillon|Sleep Powder|p2b: Araquanid
|-status|p2b: Araquanid|slp|[from] move: Sleep Powder
|cant|p2b: Araquanid|slp
|
|upkeep
|turn|2
|j| Treyunt
|
|t:|1783165444
|cant|p2b: Araquanid|slp
|move|p2a: Sceptile|Dragon Pulse|p1b: Raichu
|-damage|p1b: Raichu|43/100
|move|p1b: Raichu|Alluring Voice|p2a: Sceptile
|-supereffective|p2a: Sceptile|1
|-damage|p2a: Sceptile|53/100
|move|p1a: Vivillon|Hurricane|p2a: Sceptile
|-supereffective|p2a: Sceptile|1
|-damage|p2a: Sceptile|0 fnt
|faint|p2a: Sceptile
|
|upkeep
|l| Treyunt
|
|t:|1783165455
|switch|p2a: Oranguru|Oranguru, L50, M, shiny|100/100
|turn|3
|
|t:|1783165471
|switch|p1b: Sableye|Sableye, L50, M|100/100
|-curestatus|p2b: Araquanid|slp|[msg]
|move|p2b: Araquanid|Protect|p2b: Araquanid
|-singleturn|p2b: Araquanid|Protect
|move|p1a: Vivillon|Sleep Powder|p2a: Oranguru
|-status|p2a: Oranguru|slp|[from] move: Sleep Powder
|cant|p2a: Oranguru|slp
|
|upkeep
|turn|4
|
|t:|1783165490
|move|p1a: Vivillon|Hurricane|p2b: Araquanid
|-supereffective|p2b: Araquanid|1
|-damage|p2b: Araquanid|40/100
|move|p1b: Sableye|Night Shade|p2b: Araquanid
|-damage|p2b: Araquanid|12/100
|move|p2b: Araquanid|Liquidation|p1a: Vivillon
|-enditem|p1a: Vivillon|Focus Sash
|-damage|p1a: Vivillon|1/100
|cant|p2a: Oranguru|slp
|
|upkeep
|turn|5
|
|t:|1783165507
|move|p2b: Araquanid|Protect|p2b: Araquanid
|-singleturn|p2b: Araquanid|Protect
|move|p1a: Vivillon|Hurricane|p2a: Oranguru
|-damage|p2a: Oranguru|73/100 slp
|move|p1b: Sableye|Night Shade|p2b: Araquanid
|-activate|p2b: Araquanid|move: Protect
|-curestatus|p2a: Oranguru|slp|[msg]
|move|p2a: Oranguru|Trick Room|p2a: Oranguru
|-fieldstart|move: Trick Room|[of] p2a: Oranguru
|
|upkeep
|turn|6
|
|t:|1783165524
|move|p1a: Vivillon|Rage Powder|p1a: Vivillon
|-singleturn|p1a: Vivillon|move: Rage Powder
|move|p2b: Araquanid|Liquidation|p1a: Vivillon
|-damage|p1a: Vivillon|0 fnt
|faint|p1a: Vivillon
|move|p1b: Sableye|Night Shade|p2b: Araquanid
|-damage|p2b: Araquanid|0 fnt
|faint|p2b: Araquanid
|move|p2a: Oranguru|Instruct|p2: Araquanid|[notarget]
|-fail|p2a: Oranguru
|
|upkeep
|
|t:|1783165536
|switch|p2b: Torkoal|Torkoal, L50, M, shiny|100/100
|switch|p1a: Raichu|Raichu, L50, F|43/100
|-weather|SunnyDay|[from] ability: Drought|[of] p2b: Torkoal
|turn|7
|
|t:|1783165556
|move|p2b: Torkoal|Protect|p2b: Torkoal
|-singleturn|p2b: Torkoal|Protect
|move|p1a: Raichu|Fake Out|p2b: Torkoal
|-activate|p2b: Torkoal|move: Protect
|move|p1b: Sableye|Taunt|p2a: Oranguru
|-start|p2a: Oranguru|move: Taunt
|-enditem|p2a: Oranguru|Mental Herb
|-end|p2a: Oranguru|move: Taunt
|move|p2a: Oranguru|Encore|p1a: Raichu
|-start|p1a: Raichu|Encore
|
|-weather|SunnyDay|[upkeep]
|upkeep
|turn|8
|
|t:|1783165586
|move|p1b: Sableye|Taunt|p2a: Oranguru
|-start|p2a: Oranguru|move: Taunt
|move|p2b: Torkoal|Eruption|p1a: Raichu|[spread] p1a,p1b
|-damage|p1a: Raichu|0 fnt
|-damage|p1b: Sableye|14/100
|-enditem|p1b: Sableye|Sitrus Berry|[eat]
|-heal|p1b: Sableye|38/100|[from] item: Sitrus Berry
|faint|p1a: Raichu
|cant|p2a: Oranguru|move: Taunt|Instruct
|
|-weather|SunnyDay|[upkeep]
|upkeep
|
|t:|1783165595
|switch|p1a: Swampert|Swampert, L50, F|100/100
|turn|9
|
|t:|1783165610
|detailschange|p1a: Swampert|Swampert-Mega, L50, F
|-mega|p1a: Swampert|Swampert|Swampertite
|move|p1b: Sableye|Rain Dance|p1b: Sableye
|-weather|RainDance
|move|p2b: Torkoal|Solar Beam||[still]
|-prepare|p2b: Torkoal|Solar Beam
|-activate|p2a: Oranguru|move: Struggle
|move|p2a: Oranguru|Struggle|p1b: Sableye
|-damage|p1b: Sableye|28/100
|-damage|p2a: Oranguru|48/100|[from] recoil
|move|p1a: Swampert|Earthquake|p2b: Torkoal|[spread] p1b,p2a,p2b
|-supereffective|p2b: Torkoal|1
|-damage|p1b: Sableye|0 fnt
|-damage|p2a: Oranguru|6/100
|-damage|p2b: Torkoal|31/100
|faint|p1b: Sableye
|
|-weather|RainDance|[upkeep]
|-fieldend|move: Trick Room
|upkeep
|turn|10
|
|t:|1783165625
|move|p1a: Swampert|Earthquake|p2b: Torkoal|[spread] p2a,p2b
|-supereffective|p2b: Torkoal|1
|-damage|p2a: Oranguru|0 fnt
|-damage|p2b: Torkoal|0 fnt
|faint|p2a: Oranguru
|faint|p2b: Torkoal
|
|win|DGAvalon
|c|☆DGAvalon|GG G1
||Jsnobs is ready for game 2.
||DGAvalon is ready for game 2.
|uhtml|next|Next: Game 2 of 3
