|j|☆ttsui234
|j|☆huanyu0.0
|html|ttsui234huanyu0.0    
|uhtml|bestof|Game 1 of a best-of-3
|t:|1784984772
|gametype|doubles
|player|p1|ttsui234|169|
|player|p2|huanyu0.0|102|
|gen|9
|tier|[Gen 9 Champions] VGC 2026 Reg M-B (Bo3)
|rule|Species Clause: Limit one of each Pokémon
|rule|Item Clause: Limit 1 of each item
|clearpoke
|poke|p1|Charizard, L50, M|
|poke|p1|Aerodactyl, L50, M|
|poke|p1|Sylveon, L50, M|
|poke|p1|Mamoswine, L50, F|
|poke|p1|Basculegion, L50, M|
|poke|p1|Incineroar, L50, F|
|poke|p2|Staraptor, L50, M|
|poke|p2|Tyranitar, L50, M|
|poke|p2|Excadrill, L50, F|
|poke|p2|Gholdengo, L50|
|poke|p2|Milotic, L50, M|
|poke|p2|Sinistcha, L50|
|teampreview|4
|showteam|p1|Charizard||CharizarditeY|Blaze|HeatWave,WeatherBall,SolarBeam,Protect|Modest||M|||50|]Aerodactyl||Aerodactylite|Unnerve|RockSlide,DualWingbeat,Tailwind,Protect|Jolly||M|||50|]Sylveon||FairyFeather|Pixilate|HyperVoice,QuickAttack,Moonblast,Protect|Modest||M|||50|]Mamoswine||FocusSash|Oblivious|IcicleCrash,HighHorsepower,IceShard,Protect|Adamant||F|||50|]Basculegion||ChoiceScarf|Adaptability|LastRespects,WaveCrash,AquaJet,FlipTurn|Jolly||M|||50|]Incineroar||SitrusBerry|Intimidate|FlareBlitz,DarkestLariat,FakeOut,PartingShot|Adamant||F|||50|
|showteam|p2|Staraptor||Staraptite|Intimidate|CloseCombat,BraveBird,Tailwind,Protect|Jolly||M|||50|]Tyranitar||Tyranitarite|SandStream|RockSlide,KnockOff,LowKick,Protect|Adamant||M|||50|]Excadrill||FocusSash|SandRush|IronHead,HighHorsepower,RockSlide,Protect|Adamant||F|||50|]Gholdengo||LifeOrb|GoodasGold|MakeItRain,ShadowBall,NastyPlot,Protect|Timid|||||50|]Milotic||SitrusBerry|MarvelScale|Scald,IceBeam,Recover,Protect|Modest||M|||50|]Sinistcha||ColburBerry|Hospitality|MatchaGotcha,RagePowder,TrickRoom,Protect|Calm|||||50|
|inactive|Battle timer is ON: inactive players will automatically lose when time's up. (requested by huanyu0.0)
|inactive|ttsui234 has 60 seconds left.
|inactive|huanyu0.0 has 60 seconds left.
|inactive|ttsui234 has 30 seconds left.
|inactive|huanyu0.0 has 30 seconds left.
|inactive|ttsui234 has 20 seconds left.
|inactive|huanyu0.0 has 20 seconds left.
|inactive|huanyu0.0 has 15 seconds left.
|inactive|huanyu0.0 has 10 seconds left.
|inactive|huanyu0.0 has 5 seconds left.
|
|t:|1784984863
|teamsize|p1|4
|teamsize|p2|4
|start
|switch|p1a: Sylveon|Sylveon, L50, M|100/100
|switch|p1b: Basculegion|Basculegion, L50, M|100/100
|switch|p2a: Staraptor|Staraptor, L50, M|100/100
|switch|p2b: Excadrill|Excadrill, L50, F|100/100
|-ability|p2a: Staraptor|Intimidate|boost
|-unboost|p1a: Sylveon|atk|1
|-unboost|p1b: Basculegion|atk|1
|turn|1
|inactive|huanyu0.0 has 30 seconds left.
|inactive|huanyu0.0 has 20 seconds left.
|inactive|huanyu0.0 has 15 seconds left.
|
|t:|1784984905
|switch|p1a: Incineroar|Incineroar, L50, F|100/100
|-ability|p1a: Incineroar|Intimidate|boost
|-unboost|p2a: Staraptor|atk|1
|-unboost|p2b: Excadrill|atk|1
|move|p2b: Excadrill|Protect|p2b: Excadrill
|-singleturn|p2b: Excadrill|Protect
|move|p1b: Basculegion|Flip Turn|p2b: Excadrill
|-activate|p2b: Excadrill|move: Protect
|move|p2a: Staraptor|Tailwind|p2a: Staraptor
|-sidestart|p2: huanyu0.0|move: Tailwind
|
|upkeep
|turn|2
|inactive|huanyu0.0 has 30 seconds left.
|inactive|huanyu0.0 has 20 seconds left.
|inactive|huanyu0.0 has 15 seconds left.
|inactive|huanyu0.0 has 10 seconds left.
|
|t:|1784984953
|switch|p2b: Sinistcha|Sinistcha, L50|100/100
|move|p2a: Staraptor|Protect|p2a: Staraptor
|-singleturn|p2a: Staraptor|Protect
|move|p1a: Incineroar|Fake Out|p2a: Staraptor
|-activate|p2a: Staraptor|move: Protect
|move|p1b: Basculegion|Flip Turn|p2b: Sinistcha
|-resisted|p2b: Sinistcha|1
|-damage|p2b: Sinistcha|88/100
|
|t:|1784984958
|switch|p1b: Sylveon|Sylveon, L50, M|100/100|[from] Flip Turn
|
|upkeep
|turn|3
|
|t:|1784984984
|switch|p2a: Excadrill|Excadrill, L50, F|100/100
|move|p2b: Sinistcha|Matcha Gotcha|p1b: Sylveon|[spread] p1a,p1b
|-resisted|p1a: Incineroar|1
|-damage|p1a: Incineroar|90/100
|-heal|p2b: Sinistcha|94/100|[from] drain|[of] p1a: Incineroar
|-damage|p1b: Sylveon|81/100
|-heal|p2b: Sinistcha|100/100|[from] drain|[of] p1b: Sylveon
|move|p1b: Sylveon|Hyper Voice|p2a: Excadrill|[spread] p2a,p2b
|-resisted|p2a: Excadrill|1
|-crit|p2b: Sinistcha
|-damage|p2a: Excadrill|65/100
|-damage|p2b: Sinistcha|40/100
|move|p1a: Incineroar|Parting Shot|p2b: Sinistcha
|-unboost|p2b: Sinistcha|atk|1
|-unboost|p2b: Sinistcha|spa|1
|
|t:|1784985000
|switch|p1a: Charizard|Charizard, L50, M|100/100|[from] Parting Shot
|
|upkeep
|turn|4
|inactive|huanyu0.0 has 30 seconds left.
|
|t:|1784985026
|switch|p1b: Incineroar|Incineroar, L50, F|90/100
|-ability|p1b: Incineroar|Intimidate|boost
|-unboost|p2a: Excadrill|atk|1
|-unboost|p2b: Sinistcha|atk|1
|detailschange|p1a: Charizard|Charizard-Mega-Y, L50, M
|-mega|p1a: Charizard|Charizard|Charizardite Y
|-weather|SunnyDay|[from] ability: Drought|[of] p1a: Charizard
|move|p2b: Sinistcha|Protect|p2b: Sinistcha
|-singleturn|p2b: Sinistcha|Protect
|move|p2a: Excadrill|Rock Slide|p1a: Charizard|[spread] p1a,p1b
|-supereffective|p1a: Charizard|2
|-supereffective|p1b: Incineroar|1
|-damage|p1a: Charizard|33/100
|-damage|p1b: Incineroar|63/100
|move|p1a: Charizard|Heat Wave|p2b: Sinistcha|[spread] 
|-activate|p2b: Sinistcha|move: Protect
|-miss|p1a: Charizard|p2a: Excadrill
|
|-weather|SunnyDay|[upkeep]
|-sideend|p2: huanyu0.0|move: Tailwind
|upkeep
|turn|5
|inactive|ttsui234 has 30 seconds left.
|
|t:|1784985055
|switch|p1a: Basculegion|Basculegion, L50, M|100/100
|switch|p2b: Tyranitar|Tyranitar, L50, M|100/100
|-weather|Sandstorm|[from] ability: Sand Stream|[of] p2b: Tyranitar
|move|p2a: Excadrill|Protect|p2a: Excadrill
|-singleturn|p2a: Excadrill|Protect
|move|p1b: Incineroar|Darkest Lariat|p2b: Tyranitar
|-resisted|p2b: Tyranitar|1
|-damage|p2b: Tyranitar|83/100
|
|-weather|Sandstorm|[upkeep]
|-damage|p1a: Basculegion|93/100|[from] Sandstorm
|-damage|p1b: Incineroar|57/100|[from] Sandstorm
|upkeep
|turn|6
|inactive|ttsui234 has 30 seconds left.
|inactive|huanyu0.0 has 30 seconds left.
|inactive|ttsui234 has 20 seconds left.
|inactive|huanyu0.0 has 20 seconds left.
|inactive|ttsui234 has 15 seconds left.
|inactive|ttsui234 has 10 seconds left.
|
|t:|1784985101
|switch|p2a: Staraptor|Staraptor, L50, M|100/100
|-ability|p2a: Staraptor|Intimidate|boost
|-unboost|p1a: Basculegion|atk|1
|-unboost|p1b: Incineroar|atk|1
|switch|p1b: Sylveon|Sylveon, L50, M|81/100
|move|p1a: Basculegion|Wave Crash|p2b: Tyranitar
|-supereffective|p2b: Tyranitar|1
|-damage|p2b: Tyranitar|0 fnt
|faint|p2b: Tyranitar
|-damage|p1a: Basculegion|67/100|[from] Recoil
|
|-weather|Sandstorm|[upkeep]
|-damage|p1a: Basculegion|61/100|[from] Sandstorm
|-damage|p2a: Staraptor|94/100|[from] Sandstorm
|-damage|p1b: Sylveon|75/100|[from] Sandstorm
|upkeep
|
|t:|1784985123
|switch|p2b: Excadrill|Excadrill, L50, F|65/100
|turn|7
|
|t:|1784985135
|switch|p1b: Incineroar|Incineroar, L50, F|57/100
|-ability|p1b: Incineroar|Intimidate|boost
|-unboost|p2a: Staraptor|atk|1
|-unboost|p2b: Excadrill|atk|1
|detailschange|p2a: Staraptor|Staraptor-Mega, L50, M
|-mega|p2a: Staraptor|Staraptor|Staraptite
|move|p2b: Excadrill|High Horsepower|p1a: Basculegion
|-damage|p1a: Basculegion|15/100
|move|p1a: Basculegion|Wave Crash|p2b: Excadrill
|-supereffective|p2b: Excadrill|1
|-damage|p2b: Excadrill|0 fnt
|faint|p2b: Excadrill
|-damage|p1a: Basculegion|0 fnt|[from] Recoil
|faint|p1a: Basculegion
|move|p2a: Staraptor|Close Combat|p1b: Incineroar
|-supereffective|p1b: Incineroar|1
|-damage|p1b: Incineroar|0 fnt
|-boost|p2a: Staraptor|def|1
|-boost|p2a: Staraptor|spd|1
|faint|p1b: Incineroar
|
|-weather|Sandstorm|[upkeep]
|-damage|p2a: Staraptor|88/100|[from] Sandstorm
|upkeep
|
|t:|1784985155
|switch|p1a: Sylveon|Sylveon, L50, M|75/100
|switch|p2b: Sinistcha|Sinistcha, L50|40/100
|switch|p1b: Charizard|Charizard-Mega-Y, L50, M|33/100
|-weather|SunnyDay|[from] ability: Drought|[of] p1b: Charizard
|-heal|p2a: Staraptor|100/100|[from] ability: Hospitality|[of] p2b: Sinistcha
|turn|8
|inactive|huanyu0.0 has 30 seconds left.
|inactive|huanyu0.0 has 20 seconds left.
|
|t:|1784985194
|move|p1b: Charizard|Protect|p1b: Charizard
|-singleturn|p1b: Charizard|Protect
|move|p2b: Sinistcha|Protect|p2b: Sinistcha
|-singleturn|p2b: Sinistcha|Protect
|move|p2a: Staraptor|Brave Bird|p1a: Sylveon
|-damage|p1a: Sylveon|27/100
|-damage|p2a: Staraptor|82/100|[from] Recoil
|move|p1a: Sylveon|Hyper Voice|p2a: Staraptor|[spread] p2a
|-activate|p2b: Sinistcha|move: Protect
|-supereffective|p2a: Staraptor|1
|-damage|p2a: Staraptor|16/100
|
|-weather|SunnyDay|[upkeep]
|upkeep
|turn|9
|inactive|huanyu0.0 has 30 seconds left.
|
|t:|1784985229
|move|p2a: Staraptor|Brave Bird|p1b: Charizard
|-damage|p1b: Charizard|0 fnt
|faint|p1b: Charizard
|-damage|p2a: Staraptor|5/100|[from] Recoil
|move|p2b: Sinistcha|Matcha Gotcha|p1a: Sylveon
|-damage|p1a: Sylveon|1/100
|-heal|p2b: Sinistcha|53/100|[from] drain|[of] p1a: Sylveon
|move|p1a: Sylveon|Hyper Voice|p2b: Sinistcha|[spread] p2a,p2b
|-supereffective|p2a: Staraptor|1
|-damage|p2a: Staraptor|0 fnt
|-damage|p2b: Sinistcha|10/100
|faint|p2a: Staraptor
|
|-weather|SunnyDay|[upkeep]
|upkeep
|turn|10
|
|t:|1784985245
|move|p1a: Sylveon|Quick Attack|p2b: Sinistcha
|-damage|p2b: Sinistcha|0 fnt
|faint|p2b: Sinistcha
|
|win|ttsui234
||huanyu0.0 is ready for game 2.
|inactive|ttsui234 has 30 seconds to confirm battle start!
|inactive|ttsui234 has 20 seconds to confirm battle start!
|inactive|ttsui234 has 10 seconds to confirm battle start!
|uhtml|next|Next: Game 2 of 3
|l|☆ttsui234
|player|p1|
|j|☆ttsui234
|player|p1|ttsui234|169|
