|j|☆rodjilius
|j|☆Luh_simoes-04
|html|rodjiliusLuh_simoes-04    
|uhtml|bestof|Game 2 of a best-of-3
|t:|1757788856
|gametype|doubles
|player|p1|rodjilius|unknown|1331
|player|p2|Luh_simoes-04|drayden|1283
|gen|9
|tier|[Gen 9] VGC 2025 Reg H (Bo3)
|rated|
|rule|Species Clause: Limit one of each Pokémon
|rule|Item Clause: Limit 1 of each item
|clearpoke
|poke|p1|Dragapult, L50, F|
|poke|p1|Sneasler, L50, M|
|poke|p1|Indeedee, L50, M|
|poke|p1|Incineroar, L50, M|
|poke|p1|Typhlosion-Hisui, L50, F|
|poke|p1|Whimsicott, L50, F|
|poke|p2|Armarouge, L50, F|
|poke|p2|Ursaluna-Bloodmoon, L50, M|
|poke|p2|Indeedee-F, L50, F|
|poke|p2|Tsareena, L50, F|
|poke|p2|Primarina, L50, F|
|poke|p2|Gallade, L50, M|
|teampreview|4
|showteam|p1|Dragapult||ChoiceBand|ClearBody|DragonDarts,PhantomForce,Uturn,Outrage|||F|||50|,,,,,Dragon]Sneasler||PsychicSeed|Unburden|DireClaw,CloseCombat,Protect,ThroatChop|||M|||50|,,,,,Dark]Indeedee||FocusSash|PsychicSurge|ExpandingForce,Imprison,TeraBlast,TrickRoom|||M|||50|,,,,,Ground]Incineroar||SafetyGoggles|Intimidate|FakeOut,FlareBlitz,KnockOff,PartingShot|||M|||50|,,,,,Bug]Typhlosion-Hisui||ChoiceSpecs|Blaze|Eruption,HeatWave,ShadowBall,Overheat|||F|||50|,,,,,Fire]Whimsicott||CovertCloak|Prankster|Moonblast,Protect,Tailwind,SunnyDay|||F|||50|,,,,,Steel
|showteam|p2|Armarouge||PowerHerb|FlashFire|ArmorCannon,ExpandingForce,MeteorBeam,TrickRoom|||F|||50|,,,,,Grass]Ursaluna-Bloodmoon||LifeOrb|MindsEye|HyperVoice,BloodMoon,EarthPower,Protect|||M|||50|,,,,,Normal]Indeedee-F||MentalHerb|PsychicSurge|Psychic,HelpingHand,FollowMe,TrickRoom|||F|||50|,,,,,Fairy]Tsareena||WideLens|QueenlyMajesty|PowerWhip,TripleAxel,Taunt,Protect|||F|||50|,,,,,Ice]Primarina||ThroatSpray|LiquidVoice|HyperVoice,Moonblast,Haze,Protect|||F|||50|,,,,,Steel]Gallade||SafetyGoggles|Sharpness|SacredSword,PsychoCut,WideGuard,TrickRoom|||M|||50|,,,,,Water
|inactive|Battle timer is ON: inactive players will automatically lose when time's up. (requested by Luh_simoes-04)
|inactive|rodjilius also wants the timer to be on.
|
|t:|1757788874
|teamsize|p1|4
|teamsize|p2|4
|start
|switch|p1a: Indeedee|Indeedee, L50, M|100/100
|switch|p1b: Sneasler|Sneasler, L50, M|100/100
|switch|p2a: Primarina|Primarina, L50, F|100/100
|switch|p2b: Gallade|Gallade, L50, M|100/100
|-fieldstart|move: Psychic Terrain|[from] ability: Psychic Surge|[of] p1a: Indeedee
|-enditem|p1b: Sneasler|Psychic Seed
|-boost|p1b: Sneasler|spd|1|[from] item: Psychic Seed
|turn|1
|
|t:|1757788891
|switch|p2a: Indeedee|Indeedee-F, L50, F|100/100
|-terastallize|p1b: Sneasler|Dark
|move|p1b: Sneasler|Throat Chop|p2a: Indeedee
|-supereffective|p2a: Indeedee
|-damage|p2a: Indeedee|21/100
|-start|p2a: Indeedee|Throat Chop|[silent]
|move|p1a: Indeedee|Imprison|p1a: Indeedee
|-start|p1a: Indeedee|move: Imprison
|cant|p2b: Gallade|move: Imprison|Trick Room
|
|upkeep
|turn|2
|inactive|rodjilius has 30 seconds left.
|inactive|Luh_simoes-04 has 30 seconds left.
|
|t:|1757788926
|switch|p2a: Primarina|Primarina, L50, F|100/100
|move|p1b: Sneasler|Dire Claw|p2b: Gallade
|-damage|p2b: Gallade|54/100
|-status|p2b: Gallade|psn
|move|p1a: Indeedee|Tera Blast|p2a: Primarina
|-damage|p2a: Primarina|68/100
|move|p2b: Gallade|Sacred Sword|p1a: Indeedee
|-enditem|p1a: Indeedee|Focus Sash
|-damage|p1a: Indeedee|1/100
|
|-damage|p2b: Gallade|42/100 psn|[from] psn
|upkeep
|turn|3
|inactive|rodjilius has 30 seconds left.
|
|t:|1757788958
|-terastallize|p2a: Primarina|Steel
|move|p1b: Sneasler|Protect|p1b: Sneasler
|-singleturn|p1b: Sneasler|Protect
|move|p2b: Gallade|Wide Guard|p2b: Gallade
|-singleturn|p2b: Gallade|Wide Guard
|move|p1a: Indeedee|Tera Blast|p2b: Gallade
|-damage|p2b: Gallade|9/100 psn
|move|p2a: Primarina|Hyper Voice|p1a: Indeedee|[spread] p1a
|-activate|p1b: Sneasler|move: Protect
|-damage|p1a: Indeedee|0 fnt
|faint|p1a: Indeedee
|-enditem|p2a: Primarina|Throat Spray
|-boost|p2a: Primarina|spa|1|[from] item: Throat Spray
|
|-damage|p2b: Gallade|0 fnt|[from] psn
|faint|p2b: Gallade
|upkeep
|
|t:|1757788973
|switch|p1a: Incineroar|Incineroar, L50, M|100/100
|switch|p2b: Armarouge|Armarouge, L50, F|100/100
|-ability|p1a: Incineroar|Intimidate|boost
|-unboost|p2a: Primarina|atk|1
|-unboost|p2b: Armarouge|atk|1
|turn|4
|
|t:|1757788984
|move|p1b: Sneasler|Throat Chop|p2b: Armarouge
|-supereffective|p2b: Armarouge
|-damage|p2b: Armarouge|24/100
|-start|p2b: Armarouge|Throat Chop|[silent]
|move|p1a: Incineroar|Knock Off|p2b: Armarouge
|-supereffective|p2b: Armarouge
|-damage|p2b: Armarouge|0 fnt
|-enditem|p2b: Armarouge|Power Herb|[from] move: Knock Off|[of] p1a: Incineroar
|faint|p2b: Armarouge
|move|p2a: Primarina|Hyper Voice|p1b: Sneasler|[spread] p1a,p1b
|-supereffective|p1a: Incineroar
|-damage|p1a: Incineroar|3/100
|-damage|p1b: Sneasler|54/100
|
|upkeep
|
|t:|1757788986
|switch|p2b: Indeedee|Indeedee-F, L50, F|21/100
|turn|5
|
|t:|1757789005
|move|p2b: Indeedee|Follow Me|p2b: Indeedee
|-singleturn|p2b: Indeedee|move: Follow Me
|move|p1b: Sneasler|Throat Chop|p2b: Indeedee
|-supereffective|p2b: Indeedee
|-damage|p2b: Indeedee|0 fnt
|faint|p2b: Indeedee
|move|p1a: Incineroar|Flare Blitz|p2a: Primarina
|-supereffective|p2a: Primarina
|-damage|p2a: Primarina|0 fnt
|faint|p2a: Primarina
|-damage|p1a: Incineroar|0 fnt|[from] Recoil
|faint|p1a: Incineroar
|
|win|rodjilius
||rodjilius is ready for game 3.
|inactive|Luh_simoes-04 has 30 seconds to confirm battle start!
||Luh_simoes-04 is ready for game 3.
|uhtml|next|Next: Game 3 of 3
|l|☆Luh_simoes-04
|player|p2|
|l|☆rodjilius
|player|p1|
