|j|☆test for MB
|j|☆RiniRin
|html|test for MBRiniRin    
|uhtml|bestof|Game 2 of a best-of-3
|t:|1786157301
|gametype|doubles
|player|p1|test for MB|102|1292
|player|p2|RiniRin|lacey|1381
|gen|9
|tier|[Gen 9 Champions] VGC 2026 Reg M-B (Bo3)
|rated|
|rule|Species Clause: Limit one of each Pokémon
|rule|Item Clause: Limit 1 of each item
|clearpoke
|poke|p1|Delphox, L50, M|
|poke|p1|Sneasler, L50, M|
|poke|p1|Sinistcha-Masterpiece, L50|
|poke|p1|Annihilape, L50, F|
|poke|p1|Garchomp, L50, F|
|poke|p1|Raichu, L50, F|
|poke|p2|Charizard, L50, M|
|poke|p2|Garchomp, L50, F|
|poke|p2|Farigiraf, L50, M|
|poke|p2|Mawile, L50, M|
|poke|p2|Basculegion, L50, M|
|poke|p2|Whimsicott, L50, F|
|teampreview|4
|showteam|p1|Delphox||Delphoxite|Blaze|Psychic,HeatWave,NastyPlot,Protect|Timid||M|||50|]Sneasler||FocusSash|PoisonTouch|FakeOut,PoisonJab,CloseCombat,Coaching|Jolly||M|||50|]Sinistcha-Masterpiece||KasibBerry|Hospitality|MatchaGotcha,RagePowder,LifeDew,TrickRoom|Bold|||||50|]Annihilape||SitrusBerry|Defiant|DrainPunch,RageFist,BulkUp,Protect|Adamant||F|||50|]Garchomp||LifeOrb|RoughSkin|DragonClaw,RockSlide,StompingTantrum,Protect|Jolly||F|||50|]Raichu||RaichuniteY|LightningRod|FakeOut,ZapCannon,FocusBlast,Protect|Timid||F|||50|
|showteam|p2|Charizard||CharizarditeY|Blaze|HeatWave,WeatherBall,Protect,SolarBeam|Modest||M|||50|]Garchomp||ExpertBelt|RoughSkin|EarthPower,DracoMeteor,Protect,PowerGem|Modest||F|||50|]Farigiraf||ColburBerry|ArmorTail|TwinBeam,TrickRoom,Thunderbolt,HelpingHand|Modest||M|||50|]Mawile||Mawilite|HyperCutter|PlayRough,Protect,SuckerPunch,RockSlide|Adamant||M|||50|]Basculegion||SitrusBerry|Adaptability|WaveCrash,LastRespects,AquaJet,Protect|Adamant||M|||50|]Whimsicott||FocusSash|Prankster|Moonblast,WorrySeed,Protect,Tailwind|Timid||F|||50|
|inactive|Battle timer is ON: inactive players will automatically lose when time's up. (requested by test for MB)
|inactive|test for MB has 60 seconds left.
|inactive|test for MB has 30 seconds left.
|inactive|test for MB has 20 seconds left.
|inactive|test for MB has 15 seconds left.
|inactive|test for MB has 10 seconds left.
|inactive|test for MB has 5 seconds left.
|
|t:|1786157392
|teamsize|p1|4
|teamsize|p2|4
|start
|switch|p1a: Delphox|Delphox, L50, M|100/100
|switch|p1b: Garchomp|Garchomp, L50, F|100/100
|switch|p2a: Mawile|Mawile, L50, M|100/100
|switch|p2b: Whimsicott|Whimsicott, L50, F|100/100
|turn|1
|inactive|test for MB has 30 seconds left.
|inactive|test for MB has 20 seconds left.
|
|t:|1786157430
|switch|p1b: Sneasler|Sneasler, L50, M|100/100
|detailschange|p1a: Delphox|Delphox-Mega, L50, M
|-mega|p1a: Delphox|Delphox|Delphoxite
|detailschange|p2a: Mawile|Mawile-Mega, L50, M
|-mega|p2a: Mawile|Mawile|Mawilite
|move|p2b: Whimsicott|Tailwind|p2b: Whimsicott
|-sidestart|p2: RiniRin|move: Tailwind
|move|p1a: Delphox|Heat Wave|p2b: Whimsicott|[spread] p2a,p2b
|-supereffective|p2a: Mawile|1
|-crit|p2a: Mawile
|-supereffective|p2b: Whimsicott|1
|-damage|p2a: Mawile|0 fnt
|-enditem|p2b: Whimsicott|Focus Sash
|-damage|p2b: Whimsicott|1/100
|faint|p2a: Mawile
|
|upkeep
|inactive|RiniRin has 30 seconds left.
|inactive|RiniRin has 20 seconds left.
|inactive|RiniRin has 15 seconds left.
|
|t:|1786157473
|switch|p2a: Basculegion|Basculegion, L50, M|100/100
|turn|2
|inactive|test for MB has 30 seconds left.
|inactive|test for MB has 20 seconds left.
|inactive|test for MB has 15 seconds left.
|inactive|test for MB has 10 seconds left.
|
|t:|1786157520
|switch|p2b: Garchomp|Garchomp, L50, F|100/100
|move|p1a: Delphox|Protect|p1a: Delphox
|-singleturn|p1a: Delphox|Protect
|move|p2a: Basculegion|Last Respects|p1a: Delphox
|-activate|p1a: Delphox|move: Protect
|move|p1b: Sneasler|Poison Jab|p2a: Basculegion
|-resisted|p2a: Basculegion|1
|-damage|p2a: Basculegion|80/100
|
|upkeep
|turn|3
|inactive|test for MB has 30 seconds left.
|
|t:|1786157549
|switch|p1a: Garchomp|Garchomp, L50, F|100/100
|move|p2b: Garchomp|Earth Power|p1b: Sneasler
|-supereffective|p1b: Sneasler|1
|-enditem|p1b: Sneasler|Focus Sash
|-damage|p1b: Sneasler|1/100
|move|p2a: Basculegion|Last Respects|p1a: Garchomp
|-damage|p1a: Garchomp|31/100
|move|p1b: Sneasler|Close Combat|p2b: Garchomp
|-damage|p2b: Garchomp|48/100
|-unboost|p1b: Sneasler|def|1
|-unboost|p1b: Sneasler|spd|1
|-damage|p1b: Sneasler|0 fnt|[from] ability: Rough Skin|[of] p2b: Garchomp
|faint|p1b: Sneasler
|
|upkeep
|inactive|test for MB has 30 seconds left.
|
|t:|1786157581
|switch|p1b: Sinistcha|Sinistcha-Masterpiece, L50|100/100
|-heal|p1a: Garchomp|56/100|[from] ability: Hospitality|[of] p1b: Sinistcha
|turn|4
|
|t:|1786157597
|move|p2b: Garchomp|Draco Meteor|p1b: Sinistcha
|-damage|p1b: Sinistcha|45/100
|-unboost|p2b: Garchomp|spa|2
|move|p2a: Basculegion|Last Respects|p1b: Sinistcha
|-supereffective|p1b: Sinistcha|1
|-enditem|p1b: Sinistcha|Kasib Berry|[eat]
|-enditem|p1b: Sinistcha|Kasib Berry|[weaken]
|-damage|p1b: Sinistcha|0 fnt
|faint|p1b: Sinistcha
|move|p1a: Garchomp|Dragon Claw|p2a: Basculegion
|-damage|p2a: Basculegion|30/100
|-enditem|p2a: Basculegion|Sitrus Berry|[eat]
|-heal|p2a: Basculegion|55/100|[from] item: Sitrus Berry
|-damage|p1a: Garchomp|47/100|[from] item: Life Orb
|
|-sideend|p2: RiniRin|move: Tailwind
|upkeep
|
|t:|1786157614
|switch|p1b: Delphox|Delphox-Mega, L50, M|100/100
|turn|5
|
|t:|1786157632
|move|p2a: Basculegion|Protect|p2a: Basculegion
|-singleturn|p2a: Basculegion|Protect
|move|p1b: Delphox|Psychic|p2a: Basculegion
|-activate|p2a: Basculegion|move: Protect
|move|p1a: Garchomp|Dragon Claw|p2a: Basculegion
|-activate|p2a: Basculegion|move: Protect
|move|p2b: Garchomp|Draco Meteor|p1a: Garchomp
|-supereffective|p1a: Garchomp|1
|-damage|p1a: Garchomp|0 fnt
|-unboost|p2b: Garchomp|spa|2
|faint|p1a: Garchomp
|
|upkeep
|turn|6
|inactive|test for MB has 30 seconds left.
|
|t:|1786157659
|switch|p2b: Whimsicott|Whimsicott, L50, F|1/100
|move|p2a: Basculegion|Aqua Jet|p1b: Delphox
|-supereffective|p1b: Delphox|1
|-damage|p1b: Delphox|39/100
|move|p1b: Delphox|Psychic|p2a: Basculegion
|-damage|p2a: Basculegion|4/100
|
|upkeep
|turn|7
|
|t:|1786157670
|move|p2b: Whimsicott|Tailwind|p2b: Whimsicott
|-sidestart|p2: RiniRin|move: Tailwind
|move|p2a: Basculegion|Last Respects|p1b: Delphox
|-supereffective|p1b: Delphox|1
|-damage|p1b: Delphox|0 fnt
|faint|p1b: Delphox
|
|win|RiniRin
|raw|test for MB's rating: 1292 → 1273(-19 for losing)
|raw|RiniRin's rating: 1381 → 1396(+15 for winning)
