|j|☆jamirolol
|j|☆ossigt
|html|jamirololossigt    
|uhtml|bestof|Game 1 of a best-of-3
|t:|1757932521
|gametype|doubles
|player|p1|jamirolol|101|1364
|player|p2|ossigt|hilbert-wonderlauncher|1343
|gen|9
|tier|[Gen 9] VGC 2025 Reg H (Bo3)
|rated|
|rule|Species Clause: Limit one of each Pokémon
|rule|Item Clause: Limit 1 of each item
|clearpoke
|poke|p1|Volcarona, L50, F|
|poke|p1|Rillaboom, L50, F|
|poke|p1|Sneasler, L50, F|
|poke|p1|Dragapult, L50, F|
|poke|p1|Oricorio-Sensu, L50, M|
|poke|p1|Tyranitar, L50, F|
|poke|p2|Kingambit, L50, F|
|poke|p2|Rillaboom, L50, F|
|poke|p2|Electabuzz, L50, M|
|poke|p2|Dragapult, L50, M|
|poke|p2|Volcarona, L50, M|
|poke|p2|Tauros-Paldea-Aqua, L50, M|
|teampreview|4
|showteam|p1|Volcarona||Leftovers|FlameBody|FieryDance,GigaDrain,QuiverDance,Protect|||F|||50|,,,,,Steel]Rillaboom||AssaultVest|GrassySurge|HighHorsepower,FakeOut,GrassyGlide,WoodHammer|||F|||50|,,,,,Fire]Sneasler||GrassySeed|Unburden|DireClaw,FakeOut,CloseCombat,Protect|||F|||50|,,,,,Dark]Dragapult||ChoiceBand|ClearBody|Uturn,DragonDarts,PhantomForce,PsychicFangs|||F|||50|,,,,,Dragon]Oricorio-Sensu||FocusSash|Dancer|RevelationDance,AlluringVoice,Taunt,Protect|||M|||50|,,,,,Ground]Tyranitar||ClearAmulet|SandStream|Protect,DragonDance,RockSlide,KnockOff|||F|||50|,,,,,Fire
|showteam|p2|Kingambit||BlackGlasses|Defiant|Protect,KowtowCleave,SuckerPunch,SwordsDance|||F|||50|,,,,,Dark]Rillaboom||AssaultVest|GrassySurge|WoodHammer,GrassyGlide,Uturn,FakeOut|||F|||50|,,,,,Fire]Electabuzz||Eviolite|VitalSpirit|Protect,Thunderbolt,HelpingHand,FollowMe|||M|||50|,,,,,Ghost]Dragapult||ChoiceBand|ClearBody|DragonDarts,PhantomForce,Outrage,Uturn|||M|||50|,,,,,Ghost]Volcarona||CovertCloak|FlameBody|Protect,HeatWave,GigaDrain,QuiverDance|||M|||50|,,,,,Dragon]Tauros-Paldea-Aqua||MirrorHerb|Intimidate|Protect,WaveCrash,CloseCombat,AquaJet|||M|||50|,,,,,Water
|inactive|Battle timer is ON: inactive players will automatically lose when time's up. (requested by jamirolol)
|inactive|jamirolol has 60 seconds left.
|inactive|ossigt has 60 seconds left.
|inactive|jamirolol has 30 seconds left.
|inactive|jamirolol has 20 seconds left.
|
|t:|1757932594
|teamsize|p1|4
|teamsize|p2|4
|start
|switch|p1a: Volcarona|Volcarona, L50, F|100/100
|switch|p1b: Tyranitar|Tyranitar, L50, F|100/100
|switch|p2a: Dragapult|Dragapult, L50, M, shiny|100/100
|switch|p2b: Electabuzz|Electabuzz, L50, M, shiny|100/100
|-weather|Sandstorm|[from] ability: Sand Stream|[of] p1b: Tyranitar
|turn|1
|
|t:|1757932617
|-terastallize|p1a: Volcarona|Steel
|move|p2b: Electabuzz|Follow Me|p2b: Electabuzz
|-singleturn|p2b: Electabuzz|move: Follow Me
|move|p2a: Dragapult|Dragon Darts|p1b: Tyranitar
|-damage|p1b: Tyranitar|63/100
|-anim|p2a: Dragapult|Dragon Darts|p1a: Volcarona
|-resisted|p1a: Volcarona
|-damage|p1a: Volcarona|77/100
|move|p1a: Volcarona|Quiver Dance|p1a: Volcarona
|-boost|p1a: Volcarona|spa|1
|-boost|p1a: Volcarona|spd|1
|-boost|p1a: Volcarona|spe|1
|move|p1b: Tyranitar|Dragon Dance|p1b: Tyranitar
|-boost|p1b: Tyranitar|atk|1
|-boost|p1b: Tyranitar|spe|1
|
|-weather|Sandstorm|[upkeep]
|-damage|p2a: Dragapult|94/100|[from] Sandstorm
|-damage|p2b: Electabuzz|95/100|[from] Sandstorm
|-heal|p1a: Volcarona|83/100|[from] item: Leftovers
|upkeep
|turn|2
|
|t:|1757932642
|move|p2b: Electabuzz|Follow Me|p2b: Electabuzz
|-singleturn|p2b: Electabuzz|move: Follow Me
|move|p1a: Volcarona|Fiery Dance|p2b: Electabuzz
|-damage|p2b: Electabuzz|49/100
|move|p2a: Dragapult|Dragon Darts|p1a: Volcarona
|-resisted|p1a: Volcarona
|-damage|p1a: Volcarona|58/100
|-anim|p2a: Dragapult|Dragon Darts|p1b: Tyranitar
|-damage|p1b: Tyranitar|28/100
|move|p1b: Tyranitar|Rock Slide|p2b: Electabuzz|[spread] p2a,p2b
|-damage|p2a: Dragapult|23/100
|-damage|p2b: Electabuzz|14/100
|
|-weather|Sandstorm|[upkeep]
|-damage|p2a: Dragapult|17/100|[from] Sandstorm
|-damage|p2b: Electabuzz|8/100|[from] Sandstorm
|-heal|p1a: Volcarona|64/100|[from] item: Leftovers
|upkeep
|turn|3
|inactive|ossigt has 30 seconds left.
|
|t:|1757932669
|switch|p2a: Kingambit|Kingambit, L50, F, shiny|100/100
|switch|p2b: Tauros|Tauros-Paldea-Aqua, L50, M|100/100
|-ability|p2b: Tauros|Intimidate|boost
|-unboost|p1a: Volcarona|atk|1
|-fail|p1b: Tyranitar|unboost|[from] item: Clear Amulet|[of] p1b: Tyranitar
|move|p1a: Volcarona|Quiver Dance|p1a: Volcarona
|-boost|p1a: Volcarona|spa|1
|-boost|p1a: Volcarona|spd|1
|-boost|p1a: Volcarona|spe|1
|-enditem|p2b: Tauros|Mirror Herb
|-boost|p2b: Tauros|spa|1|[from] item: Mirror Herb
|-boost|p2b: Tauros|spd|1|[from] item: Mirror Herb
|-boost|p2b: Tauros|spe|1|[from] item: Mirror Herb
|move|p1b: Tyranitar|Rock Slide|p2a: Kingambit|[spread] p2a,p2b
|-resisted|p2a: Kingambit
|-resisted|p2b: Tauros
|-damage|p2a: Kingambit|81/100
|-damage|p2b: Tauros|73/100
|
|-weather|Sandstorm|[upkeep]
|-damage|p2b: Tauros|67/100|[from] Sandstorm
|-heal|p1a: Volcarona|70/100|[from] item: Leftovers
|upkeep
|turn|4
|inactive|jamirolol has 30 seconds left.
|
|t:|1757932695
|-terastallize|p2a: Kingambit|Dark
|move|p1b: Tyranitar|Protect|p1b: Tyranitar
|-singleturn|p1b: Tyranitar|Protect
|move|p2b: Tauros|Aqua Jet|p1b: Tyranitar
|-activate|p1b: Tyranitar|move: Protect
|move|p2a: Kingambit|Sucker Punch|p1a: Volcarona
|-damage|p1a: Volcarona|0 fnt
|-status|p2a: Kingambit|brn|[from] ability: Flame Body|[of] p1a: Volcarona
|faint|p1a: Volcarona
|
|-weather|Sandstorm|[upkeep]
|-damage|p2b: Tauros|60/100|[from] Sandstorm
|-damage|p2a: Kingambit|75/100 brn|[from] Sandstorm
|-damage|p2a: Kingambit|70/100 brn|[from] brn
|upkeep
|inactive|jamirolol has 30 seconds left.
|
|t:|1757932723
|switch|p1a: Rillaboom|Rillaboom, L50, F|100/100
|-fieldstart|move: Grassy Terrain|[from] ability: Grassy Surge|[of] p1a: Rillaboom
|turn|5
|
|t:|1757932748
|move|p2b: Tauros|Protect|p2b: Tauros
|-singleturn|p2b: Tauros|Protect
|move|p2a: Kingambit|Protect|p2a: Kingambit
|-singleturn|p2a: Kingambit|Protect
|move|p1a: Rillaboom|Fake Out|p2b: Tauros
|-activate|p2b: Tauros|move: Protect
|move|p1b: Tyranitar|Rock Slide|p2b: Tauros|[spread] 
|-activate|p2a: Kingambit|move: Protect
|-activate|p2b: Tauros|move: Protect
|
|-weather|none
|-heal|p2b: Tauros|67/100|[from] Grassy Terrain
|-heal|p1b: Tyranitar|34/100|[from] Grassy Terrain
|-heal|p2a: Kingambit|75/100 brn|[from] Grassy Terrain
|-damage|p2a: Kingambit|70/100 brn|[from] brn
|upkeep
|turn|6
|
|t:|1757932759
|move|p1b: Tyranitar|Protect|p1b: Tyranitar
|-singleturn|p1b: Tyranitar|Protect
|move|p2b: Tauros|Aqua Jet|p1b: Tyranitar
|-activate|p1b: Tyranitar|move: Protect
|move|p1a: Rillaboom|Grassy Glide|p2b: Tauros
|-supereffective|p2b: Tauros
|-damage|p2b: Tauros|0 fnt
|faint|p2b: Tauros
|move|p2a: Kingambit|Kowtow Cleave|p1a: Rillaboom
|-damage|p1a: Rillaboom|61/100
|
|-heal|p1b: Tyranitar|40/100|[from] Grassy Terrain
|-heal|p1a: Rillaboom|67/100|[from] Grassy Terrain
|-heal|p2a: Kingambit|75/100 brn|[from] Grassy Terrain
|-damage|p2a: Kingambit|70/100 brn|[from] brn
|upkeep
|
|t:|1757932762
|switch|p2b: Dragapult|Dragapult, L50, M, shiny|17/100
|turn|7
|inactive|jamirolol has 30 seconds left.
|inactive|ossigt has 30 seconds left.
|
|t:|1757932796
|switch|p2b: Electabuzz|Electabuzz, L50, M, shiny|8/100
|move|p1b: Tyranitar|Rock Slide|p2b: Electabuzz|[spread] p2a,p2b
|-damage|p2a: Kingambit|36/100 brn
|-damage|p2b: Electabuzz|0 fnt
|faint|p2b: Electabuzz
|move|p1a: Rillaboom|Wood Hammer|p2a: Kingambit
|-damage|p2a: Kingambit|0 fnt
|faint|p2a: Kingambit
|-damage|p1a: Rillaboom|55/100|[from] Recoil
|
|-heal|p1b: Tyranitar|46/100|[from] Grassy Terrain
|-heal|p1a: Rillaboom|61/100|[from] Grassy Terrain
|upkeep
|
|t:|1757932800
|switch|p2b: Dragapult|Dragapult, L50, M, shiny|17/100
|turn|8
|
|t:|1757932809
|move|p2b: Dragapult|Dragon Darts|p1a: Rillaboom
|-damage|p1a: Rillaboom|27/100
|-anim|p2b: Dragapult|Dragon Darts|p1b: Tyranitar
|-crit|p1b: Tyranitar
|-damage|p1b: Tyranitar|0 fnt
|faint|p1b: Tyranitar
|move|p1a: Rillaboom|Wood Hammer|p2b: Dragapult
|-resisted|p2b: Dragapult
|-damage|p2b: Dragapult|0 fnt
|faint|p2b: Dragapult
|-damage|p1a: Rillaboom|22/100|[from] Recoil
|
|win|jamirolol
|inactive|jamirolol has 30 seconds to confirm battle start!
|inactive|ossigt has 30 seconds to confirm battle start!
||ossigt is ready for game 2.
||jamirolol is ready for game 2.
|uhtml|next|Next: Game 2 of 3
