|j|☆chuta
|j|☆minccino fan
|html|chutaminccino fan    
|uhtml|bestof|Game 1 of a best-of-3
|t:|1756356097
|gametype|doubles
|player|p1|chuta|101|1005
|player|p2|minccino fan|265|1280
|gen|9
|tier|[Gen 9] VGC 2025 Reg H (Bo3)
|rated|
|rule|Species Clause: Limit one of each Pokémon
|rule|Item Clause: Limit 1 of each item
|clearpoke
|poke|p1|Dachsbun, L50, M|
|poke|p1|Typhlosion-Hisui, L50, M|
|poke|p1|Kingambit, L50, F|
|poke|p1|Whimsicott, L50, M|
|poke|p1|Rillaboom, L50, F|
|poke|p1|Torkoal, L50, F|
|poke|p2|Charizard, L50, M|
|poke|p2|Torkoal, L50, M|
|poke|p2|Porygon2, L50|
|poke|p2|Incineroar, L50, F|
|poke|p2|Jumpluff, L50, F|
|poke|p2|Ursaluna, L50, M|
|teampreview|4
|showteam|p1|Dachsbun||Leftovers|WellBakedBody|BodyPress,Snarl,HelpingHand,Protect|||M|||50|,,,,,Steel]Typhlosion-Hisui||ChoiceSpecs|Blaze|Eruption,LavaPlume,WillOWisp,ShadowBall|||M|||50|,,,,,Fire]Kingambit||SafetyGoggles|Defiant|Protect,KowtowCleave,SuckerPunch,SwordsDance|||F|||50|,,,,,Dark]Whimsicott||CovertCloak|Prankster|Moonblast,Tailwind,SunnyDay,Encore|||M|||50|,,,,,Steel]Rillaboom||AssaultVest|GrassySurge|WoodHammer,GrassyGlide,FakeOut,HighHorsepower|||F|||50|,,,,,Water]Torkoal||SitrusBerry|Drought|HeatWave,LavaPlume,ClearSmog,Protect|||F|||50|,,,,,Fairy
|showteam|p2|Charizard||ChoiceSpecs|SolarPower|HeatWave,Overheat,WeatherBall,AirSlash|||M|||50|,,,,,Ghost]Torkoal||EjectPack|Drought|Eruption,Overheat,HelpingHand,Protect|||M|||50|,,,,,Fire]Porygon2||Eviolite|Download|TeraBlast,IceBeam,Recover,TrickRoom||||||50|,,,,,Fighting]Incineroar||SitrusBerry|Intimidate|FlareBlitz,KnockOff,FakeOut,PartingShot|||F|||50|,,,,,Ghost]Jumpluff||CovertCloak|Chlorophyll|SleepPowder,SunnyDay,RagePowder,Tailwind|||F|||50|,,,,,Water]Ursaluna||FlameOrb|Guts|HeadlongRush,Facade,Earthquake,Protect|||M|||50|,,,,,Ghost
|inactive|Battle timer is ON: inactive players will automatically lose when time's up. (requested by minccino fan)
|inactive|minccino fan has 60 seconds left.
|inactive|minccino fan has 30 seconds left.
|inactive|minccino fan has 20 seconds left.
|inactive|minccino fan has 15 seconds left.
|inactive|minccino fan has 10 seconds left.
|
|t:|1756356179
|teamsize|p1|4
|teamsize|p2|4
|start
|switch|p1a: Typhlosion|Typhlosion-Hisui, L50, M|100/100
|switch|p1b: Whimsicott|Whimsicott, L50, M|100/100
|switch|p2a: Jumpluff|Jumpluff, L50, F|100/100
|switch|p2b: Charizard|Charizard, L50, M|100/100
|turn|1
|
|t:|1756356195
|-terastallize|p2a: Jumpluff|Water
|-terastallize|p1a: Typhlosion|Fire
|move|p1b: Whimsicott|Tailwind|p1b: Whimsicott
|-sidestart|p1: chuta|move: Tailwind
|move|p1a: Typhlosion|Eruption|p2b: Charizard|[spread] p2a,p2b
|-resisted|p2a: Jumpluff
|-resisted|p2b: Charizard
|-damage|p2a: Jumpluff|49/100
|-damage|p2b: Charizard|34/100
|move|p2a: Jumpluff|Sleep Powder|p1a: Typhlosion
|-status|p1a: Typhlosion|slp|[from] move: Sleep Powder
|move|p2b: Charizard|Heat Wave|p1b: Whimsicott|[spread] p1a,p1b
|-resisted|p1a: Typhlosion
|-supereffective|p1b: Whimsicott
|-damage|p1a: Typhlosion|66/100 slp
|-damage|p1b: Whimsicott|0 fnt
|faint|p1b: Whimsicott
|
|upkeep
|
|t:|1756356210
|switch|p1b: Dachsbun|Dachsbun, L50, M|100/100
|turn|2
|
|t:|1756356219
|switch|p2b: Ursaluna|Ursaluna, L50, M|100/100
|cant|p1a: Typhlosion|slp
|move|p1b: Dachsbun|Body Press|p2a: Jumpluff
|-damage|p2a: Jumpluff|19/100
|move|p2a: Jumpluff|Sleep Powder|p1b: Dachsbun
|-status|p1b: Dachsbun|slp|[from] move: Sleep Powder
|
|-status|p2b: Ursaluna|brn|[from] item: Flame Orb
|upkeep
|turn|3
|inactive|minccino fan has 30 seconds left.
|
|t:|1756356251
|cant|p1a: Typhlosion|slp
|cant|p1b: Dachsbun|slp
|move|p2a: Jumpluff|Tailwind|p2a: Jumpluff
|-sidestart|p2: minccino fan|move: Tailwind
|move|p2b: Ursaluna|Earthquake|p1a: Typhlosion|[spread] p2a,p1a,p1b
|-supereffective|p1a: Typhlosion
|-damage|p2a: Jumpluff|0 fnt
|-damage|p1a: Typhlosion|0 fnt
|-damage|p1b: Dachsbun|41/100 slp
|faint|p2a: Jumpluff
|faint|p1a: Typhlosion
|
|-heal|p1b: Dachsbun|47/100 slp|[from] item: Leftovers
|-damage|p2b: Ursaluna|95/100 brn|[from] brn
|upkeep
|
|t:|1756356266
|switch|p2a: Charizard|Charizard, L50, M|34/100
|switch|p1a: Rillaboom|Rillaboom, L50, F|100/100
|-fieldstart|move: Grassy Terrain|[from] ability: Grassy Surge|[of] p1a: Rillaboom
|turn|4
|
|t:|1756356280
|move|p2b: Ursaluna|Protect|p2b: Ursaluna
|-singleturn|p2b: Ursaluna|Protect
|move|p1a: Rillaboom|Fake Out|p2a: Charizard
|-crit|p2a: Charizard
|-damage|p2a: Charizard|4/100
|cant|p2a: Charizard|flinch
|cant|p1b: Dachsbun|slp
|
|-heal|p1b: Dachsbun|54/100 slp|[from] Grassy Terrain
|-heal|p1b: Dachsbun|60/100 slp|[from] item: Leftovers
|-heal|p2b: Ursaluna|100/100 brn|[from] Grassy Terrain
|-damage|p2b: Ursaluna|95/100 brn|[from] brn
|-sideend|p1: chuta|move: Tailwind
|upkeep
|turn|5
|
|t:|1756356296
|move|p1a: Rillaboom|Grassy Glide|p2b: Ursaluna
|-supereffective|p2b: Ursaluna
|-damage|p2b: Ursaluna|40/100 brn
|move|p2a: Charizard|Overheat|p1a: Rillaboom
|-supereffective|p1a: Rillaboom
|-damage|p1a: Rillaboom|0 fnt
|-unboost|p2a: Charizard|spa|2
|faint|p1a: Rillaboom
|move|p2b: Ursaluna|Facade|p1b: Dachsbun
|-damage|p1b: Dachsbun|0 fnt
|faint|p1b: Dachsbun
|
|win|minccino fan
