|j|☆Cristante terabug
|j|☆Cage92
|html|Cristante terabugCage92    
|uhtml|bestof|Game 3 of a best-of-3
|t:|1756841755
|gametype|doubles
|player|p1|Cristante terabug|kieran-champion|
|player|p2|Cage92|bugsy|
|gen|9
|tier|[Gen 9] VGC 2025 Reg H (Bo3)
|rule|Species Clause: Limit one of each Pokémon
|rule|Item Clause: Limit 1 of each item
|clearpoke
|poke|p1|Incineroar, L50, M|
|poke|p1|Pelipper, L50, M|
|poke|p1|Archaludon, L50, M|
|poke|p1|Dragonite, L50, M|
|poke|p1|Sinistcha, L50|
|poke|p1|Ursaluna, L50, F|
|poke|p2|Corviknight, L50, M|
|poke|p2|Garchomp, L50, M|
|poke|p2|Tyranitar, L50, M|
|poke|p2|Gholdengo, L50|
|poke|p2|Sneasler, L50, M|
|poke|p2|Incineroar, L50, M|
|teampreview|4
|showteam|p1|Incineroar||SafetyGoggles|Intimidate|FakeOut,PartingShot,KnockOff,Taunt|||M|||50|,,,,,Ghost]Pelipper||FocusSash|Drizzle|Hurricane,MuddyWater,Tailwind,Protect|||M|||50|,,,,,Ghost]Archaludon||AssaultVest|Stamina|ElectroShot,Snarl,FlashCannon,BodyPress|||M|||50|,,,,,Fighting]Dragonite||LoadedDice|Multiscale|ScaleShot,Tailwind,Haze,Protect|||M|||50|,,,,,Fairy]Sinistcha||SitrusBerry|Hospitality|MatchaGotcha,RagePowder,LifeDew,TrickRoom||||||50|,,,,,Dark]Ursaluna||FlameOrb|Guts|Earthquake,Facade,HeadlongRush,Protect|||F|||50|,,,,,Ghost
|showteam|p2|Corviknight||CovertCloak|MirrorArmor|BraveBird,Taunt,Roost,Tailwind|||M|||50|,,,,,Dragon]Garchomp||ClearAmulet|RoughSkin|Earthquake,DragonClaw,StompingTantrum,Protect|||M|||50|,,,,,Steel]Tyranitar||AssaultVest|SandStream|RockSlide,KnockOff,TeraBlast,LowKick|||M|||50|,,,,,Flying]Gholdengo||LifeOrb|GoodasGold|MakeItRain,ShadowBall,NastyPlot,Protect||||||50|,,,,,Flying]Sneasler||WhiteHerb|Unburden|DireClaw,CloseCombat,Coaching,Protect|||M|||50|,,,,,Ghost]Incineroar||SafetyGoggles|Intimidate|FlareBlitz,WillOWisp,PartingShot,FakeOut|||M|||50|,,,,,Ghost
|
|t:|1756841776
|teamsize|p1|4
|teamsize|p2|4
|start
|switch|p1a: Paolo|Dragonite, L50, M|100/100
|switch|p1b: Olmo|Ursaluna, L50, F|100/100
|switch|p2a: Incineroar|Incineroar, L50, M|100/100
|switch|p2b: Gholdengo|Gholdengo, L50|100/100
|-ability|p2a: Incineroar|Intimidate|boost
|-unboost|p1a: Paolo|atk|1
|-unboost|p1b: Olmo|atk|1
|turn|1
|
|t:|1756841800
|move|p2a: Incineroar|Fake Out|p1a: Paolo
|-damage|p1a: Paolo|95/100
|move|p2b: Gholdengo|Nasty Plot|p2b: Gholdengo
|-boost|p2b: Gholdengo|spa|2
|cant|p1a: Paolo|flinch
|move|p1b: Olmo|Headlong Rush|p2b: Gholdengo
|-supereffective|p2b: Gholdengo
|-damage|p2b: Gholdengo|3/100
|-unboost|p1b: Olmo|def|1
|-unboost|p1b: Olmo|spd|1
|
|-status|p1b: Olmo|brn|[from] item: Flame Orb
|upkeep
|turn|2
|
|t:|1756841831
|switch|p2a: Corviknight|Corviknight, L50, M, shiny|100/100
|move|p1b: Olmo|Protect|p1b: Olmo
|-singleturn|p1b: Olmo|Protect
|move|p2b: Gholdengo|Make It Rain|p1b: Olmo|[spread] p1a
|-activate|p1b: Olmo|move: Protect
|-damage|p1a: Paolo|0 fnt
|-unboost|p2b: Gholdengo|spa|1
|faint|p1a: Paolo
|-damage|p2b: Gholdengo|0 fnt|[from] item: Life Orb
|faint|p2b: Gholdengo
|
|-damage|p1b: Olmo|94/100 brn|[from] brn
|upkeep
|
|t:|1756841861
|switch|p2b: Incineroar|Incineroar, L50, M|100/100
|switch|p1a: Luca|Archaludon, L50, M|100/100
|-ability|p2b: Incineroar|Intimidate|boost
|-unboost|p1a: Luca|atk|1
|-unboost|p1b: Olmo|atk|1
|turn|3
|
|t:|1756841905
|switch|p1b: Silvano|Pelipper, L50, M, shiny|100/100
|-weather|RainDance|[from] ability: Drizzle|[of] p1b: Silvano
|move|p2a: Corviknight|Tailwind|p2a: Corviknight
|-sidestart|p2: Cage92|move: Tailwind
|move|p2b: Incineroar|Parting Shot|p1a: Luca
|-unboost|p1a: Luca|atk|1
|-unboost|p1a: Luca|spa|1
|
|t:|1756841913
|switch|p2b: Tyranitar|Tyranitar, L50, M|100/100|[from] Parting Shot
|-weather|Sandstorm|[from] ability: Sand Stream|[of] p2b: Tyranitar
|move|p1a: Luca|Electro Shot||[still]
|-prepare|p1a: Luca|Electro Shot
|-boost|p1a: Luca|spa|1
|
|-weather|Sandstorm|[upkeep]
|-damage|p1b: Silvano|95/100|[from] Sandstorm
|upkeep
|turn|4
|
|t:|1756841948
|move|p1b: Silvano|Protect|p1b: Silvano
|-singleturn|p1b: Silvano|Protect
|move|p2a: Corviknight|Taunt|p1b: Silvano
|-activate|p1b: Silvano|move: Protect
|move|p2b: Tyranitar|Low Kick|p1a: Luca
|-supereffective|p1a: Luca
|-damage|p1a: Luca|65/100
|-ability|p1a: Luca|Stamina|boost
|-boost|p1a: Luca|def|1
|move|p1a: Luca|Electro Shot|p2a: Corviknight|[from] lockedmove
|-supereffective|p2a: Corviknight
|-damage|p2a: Corviknight|24/100
|
|-weather|Sandstorm|[upkeep]
|-damage|p1b: Silvano|89/100|[from] Sandstorm
|upkeep
|turn|5
|
|t:|1756841977
|-terastallize|p2b: Tyranitar|Flying
|-terastallize|p1a: Luca|Fighting
|move|p2a: Corviknight|Roost|p2a: Corviknight
|-heal|p2a: Corviknight|74/100
|-singleturn|p2a: Corviknight|move: Roost
|move|p2b: Tyranitar|Rock Slide|p1a: Luca|[spread] p1a,p1b
|-resisted|p1a: Luca
|-supereffective|p1b: Silvano
|-damage|p1a: Luca|59/100
|-damage|p1b: Silvano|14/100
|-ability|p1a: Luca|Stamina|boost
|-boost|p1a: Luca|def|1
|move|p1b: Silvano|Muddy Water|p2a: Corviknight|[spread] p2a,p2b
|-crit|p2a: Corviknight
|-damage|p2a: Corviknight|27/100
|-damage|p2b: Tyranitar|83/100
|move|p1a: Luca|Body Press|p2b: Tyranitar
|-resisted|p2b: Tyranitar
|-damage|p2b: Tyranitar|48/100
|
|-weather|Sandstorm|[upkeep]
|-damage|p2b: Tyranitar|42/100|[from] Sandstorm
|-damage|p1b: Silvano|8/100|[from] Sandstorm
|-damage|p1a: Luca|52/100|[from] Sandstorm
|upkeep
|turn|6
|
|t:|1756842003
|move|p2a: Corviknight|Brave Bird|p1a: Luca
|-supereffective|p1a: Luca
|-damage|p1a: Luca|23/100
|-ability|p1a: Luca|Stamina|boost
|-boost|p1a: Luca|def|1
|-damage|p2a: Corviknight|18/100|[from] Recoil
|move|p2b: Tyranitar|Tera Blast|p1a: Luca|[anim] Tera Blast Flying
|-supereffective|p1a: Luca
|-damage|p1a: Luca|0 fnt
|faint|p1a: Luca
|move|p1b: Silvano|Muddy Water|p2a: Corviknight|[spread] p2a,p2b
|-damage|p2a: Corviknight|0 fnt
|-damage|p2b: Tyranitar|23/100
|faint|p2a: Corviknight
|
|-weather|Sandstorm|[upkeep]
|-damage|p2b: Tyranitar|17/100|[from] Sandstorm
|-damage|p1b: Silvano|2/100|[from] Sandstorm
|-sideend|p2: Cage92|move: Tailwind
|upkeep
|
|t:|1756842018
|switch|p2a: Incineroar|Incineroar, L50, M|100/100
|switch|p1a: Olmo|Ursaluna, L50, F|94/100 brn
|-ability|p2a: Incineroar|Intimidate|boost
|-unboost|p1a: Olmo|atk|1
|-unboost|p1b: Silvano|atk|1
|turn|7
|
|t:|1756842031
|move|p2a: Incineroar|Fake Out|p1b: Silvano
|-damage|p1b: Silvano|0 fnt
|faint|p1b: Silvano
|move|p2b: Tyranitar|Low Kick|p1a: Olmo
|-supereffective|p1a: Olmo
|-damage|p1a: Olmo|21/100 brn
|move|p1a: Olmo|Facade|p2b: Tyranitar
|-damage|p2b: Tyranitar|0 fnt
|faint|p2b: Tyranitar
|
|-weather|none
|-damage|p1a: Olmo|15/100 brn|[from] brn
|upkeep
|turn|8
|
|t:|1756842044
|move|p1a: Olmo|Headlong Rush|p2a: Incineroar
|-supereffective|p2a: Incineroar
|-damage|p2a: Incineroar|0 fnt
|-unboost|p1a: Olmo|def|1
|-unboost|p1a: Olmo|spd|1
|faint|p2a: Incineroar
|
|win|Cristante terabug
