|j|☆testdigi
|j|☆kettil
|html|testdigikettil    
|uhtml|bestof|Game 2 of a best-of-3
|t:|1785151829
|gametype|doubles
|player|p1|testdigi|169|1160
|player|p2|kettil|skier|1033
|gen|9
|tier|[Gen 9 Champions] VGC 2026 Reg M-B (Bo3)
|rated|
|rule|Species Clause: Limit one of each Pokémon
|rule|Item Clause: Limit 1 of each item
|clearpoke
|poke|p1|Raichu, L50, M|
|poke|p1|Sinistcha, L50|
|poke|p1|Corviknight, L50, M|
|poke|p1|Sylveon, L50, M|
|poke|p1|Garchomp, L50, M|
|poke|p1|Tyranitar, L50, M|
|poke|p2|Mawile, L50, F|
|poke|p2|Vivillon, L50, F|
|poke|p2|Sinistcha, L50|
|poke|p2|Milotic, L50, F|
|poke|p2|Arcanine-Hisui, L50, M|
|poke|p2|Ninetales-Alola, L50, F|
|teampreview|4
|showteam|p1|Raichu||RaichuniteY|LightningRod|ZapCannon,FocusBlast,FakeOut,Protect|Timid||M|||50|]Sinistcha||KasibBerry|Hospitality|MatchaGotcha,LifeDew,RagePowder,Protect|Modest|||||50|]Corviknight||OccaBerry|MirrorArmor|IronHead,BraveBird,Tailwind,Protect|Adamant||M|||50|]Sylveon||FairyFeather|Pixilate|HyperVoice,QuickAttack,Yawn,Detect|Modest||M|||50|]Garchomp||LifeOrb|RoughSkin|DragonClaw,StompingTantrum,RockSlide,Protect|Adamant||M|||50|]Tyranitar||FocusSash|SandStream|RockSlide,KnockOff,Superpower,Protect|Adamant||M|||50|
|showteam|p2|Mawile||Mawilite|Intimidate|SuckerPunch,PlayRough,SwordsDance,Protect|Brave||F|||50|]Vivillon||FocusSash|CompoundEyes|SleepPowder,Hurricane,RagePowder,Protect|Timid||F|||50|]Sinistcha||SitrusBerry|Hospitality|RagePowder,TrickRoom,MatchaGotcha,Protect|Relaxed|||||50|]Milotic||Leftovers|Competitive|Scald,Hypnosis,Coil,Protect|Relaxed||F|||50|]Arcanine-Hisui||ChoiceScarf|RockHead|HeadSmash,FlareBlitz,WildCharge,ExtremeSpeed|Jolly||M|||50|]Ninetales-Alola||LightClay|SnowWarning|AuroraVeil,Blizzard,FreezeDry,Protect|Timid||F|||50|
|
|t:|1785151844
|teamsize|p1|4
|teamsize|p2|4
|start
|switch|p1a: Raichu|Raichu, L50, M|100/100
|switch|p1b: Corviknight|Corviknight, L50, M|100/100
|switch|p2a: Mawile|Mawile, L50, F|100/100
|switch|p2b: Vivillon|Vivillon, L50, F|100/100
|-ability|p2a: Mawile|Intimidate|boost
|-unboost|p1a: Raichu|atk|1
|-ability|p1b: Corviknight|Mirror Armor
|-unboost|p2a: Mawile|atk|1
|turn|1
|
|t:|1785151860
|detailschange|p1a: Raichu|Raichu-Mega-Y, L50, M
|-mega|p1a: Raichu|Raichu|Raichunite Y
|move|p2a: Mawile|Protect|p2a: Mawile
|-singleturn|p2a: Mawile|Protect
|move|p1a: Raichu|Zap Cannon|p2b: Vivillon
|-supereffective|p2b: Vivillon|1
|-enditem|p2b: Vivillon|Focus Sash
|-damage|p2b: Vivillon|1/100
|-status|p2b: Vivillon|par
|move|p1b: Corviknight|Tailwind|p1b: Corviknight
|-sidestart|p1: testdigi|move: Tailwind
|move|p2b: Vivillon|Sleep Powder|p1a: Raichu
|-status|p1a: Raichu|slp|[from] move: Sleep Powder
|
|upkeep
|turn|2
|
|t:|1785151886
|switch|p1a: Garchomp|Garchomp, L50, M|100/100
|detailschange|p2a: Mawile|Mawile-Mega, L50, F
|-mega|p2a: Mawile|Mawile|Mawilite
|cant|p2b: Vivillon|par
|move|p1b: Corviknight|Iron Head|p2b: Vivillon
|-damage|p2b: Vivillon|0 fnt
|faint|p2b: Vivillon
|move|p2a: Mawile|Swords Dance|p2a: Mawile
|-boost|p2a: Mawile|atk|2
|
|upkeep
|inactive|Battle timer is ON: inactive players will automatically lose when time's up. (requested by testdigi)
|
|t:|1785151953
|switch|p2b: Sinistcha|Sinistcha, L50|100/100
|turn|3
|
|t:|1785151968
|switch|p1a: Raichu|Raichu-Mega-Y, L50, M|100/100 slp
|move|p2a: Mawile|Protect|p2a: Mawile
|-singleturn|p2a: Mawile|Protect
|move|p1b: Corviknight|Brave Bird|p2b: Sinistcha
|-supereffective|p2b: Sinistcha|1
|-damage|p2b: Sinistcha|19/100
|-enditem|p2b: Sinistcha|Sitrus Berry|[eat]
|-heal|p2b: Sinistcha|43/100|[from] item: Sitrus Berry
|-damage|p1b: Corviknight|74/100|[from] Recoil
|move|p2b: Sinistcha|Trick Room|p2b: Sinistcha
|-fieldstart|move: Trick Room|[of] p2b: Sinistcha
|
|upkeep
|turn|4
|inactive|kettil has 30 seconds left.
|
|t:|1785152000
|cant|p1a: Raichu|slp
|move|p2b: Sinistcha|Rage Powder|p2b: Sinistcha
|-singleturn|p2b: Sinistcha|move: Rage Powder
|move|p2a: Mawile|Play Rough|p1b: Corviknight
|-resisted|p1b: Corviknight|1
|-damage|p1b: Corviknight|13/100
|move|p1b: Corviknight|Brave Bird|p2b: Sinistcha
|-supereffective|p2b: Sinistcha|1
|-damage|p2b: Sinistcha|0 fnt
|faint|p2b: Sinistcha
|-damage|p1b: Corviknight|0 fnt|[from] Recoil
|faint|p1b: Corviknight
|
|-sideend|p1: testdigi|move: Tailwind
|upkeep
|
|t:|1785152013
|switch|p2b: Milotic|Milotic, L50, F|100/100
|switch|p1b: Sinistcha|Sinistcha, L50|100/100
|turn|5
|
|t:|1785152025
|cant|p1a: Raichu|slp
|move|p2a: Mawile|Play Rough|p1a: Raichu
|-damage|p1a: Raichu|0 fnt
|faint|p1a: Raichu
|move|p2b: Milotic|Coil|p2b: Milotic
|-boost|p2b: Milotic|atk|1
|-boost|p2b: Milotic|def|1
|-boost|p2b: Milotic|accuracy|1
|move|p1b: Sinistcha|Matcha Gotcha|p2a: Mawile|[spread] p2a,p2b
|-resisted|p2a: Mawile|1
|-supereffective|p2b: Milotic|1
|-damage|p2a: Mawile|84/100
|-damage|p2b: Milotic|64/100
|-status|p2a: Mawile|brn
|
|-heal|p2b: Milotic|70/100|[from] item: Leftovers
|-damage|p2a: Mawile|78/100 brn|[from] brn
|upkeep
|
|t:|1785152031
|switch|p1a: Garchomp|Garchomp, L50, M|100/100
|turn|6
|
|t:|1785152048
|move|p1b: Sinistcha|Rage Powder|p1b: Sinistcha
|-singleturn|p1b: Sinistcha|move: Rage Powder
|move|p2a: Mawile|Play Rough|p1b: Sinistcha
|-damage|p1b: Sinistcha|45/100
|move|p2b: Milotic|Hypnosis|p1b: Sinistcha|[miss]
|-miss|p2b: Milotic|p1b: Sinistcha
|move|p1a: Garchomp|Stomping Tantrum|p2a: Mawile
|-supereffective|p2a: Mawile|1
|-damage|p2a: Mawile|0 fnt
|faint|p2a: Mawile
|-damage|p1a: Garchomp|90/100|[from] item: Life Orb
|
|-heal|p2b: Milotic|76/100|[from] item: Leftovers
|upkeep
|turn|7
|
|t:|1785152062
|move|p1b: Sinistcha|Protect|p1b: Sinistcha
|-singleturn|p1b: Sinistcha|Protect
|move|p1a: Garchomp|Protect|p1a: Garchomp
|-singleturn|p1a: Garchomp|Protect
|move|p2b: Milotic|Hypnosis|p1a: Garchomp
|-activate|p1a: Garchomp|move: Protect
|
|-heal|p2b: Milotic|82/100|[from] item: Leftovers
|-fieldend|move: Trick Room
|upkeep
|turn|8
|
|t:|1785152075
|move|p1b: Sinistcha|Rage Powder|p1b: Sinistcha
|-singleturn|p1b: Sinistcha|move: Rage Powder
|move|p1a: Garchomp|Dragon Claw|p2b: Milotic
|-damage|p2b: Milotic|56/100
|-damage|p1a: Garchomp|80/100|[from] item: Life Orb
|move|p2b: Milotic|Hypnosis|p1b: Sinistcha
|-status|p1b: Sinistcha|slp|[from] move: Hypnosis
|
|-heal|p2b: Milotic|62/100|[from] item: Leftovers
|upkeep
|turn|9
|
|t:|1785152095
|move|p1a: Garchomp|Stomping Tantrum|p2b: Milotic
|-damage|p2b: Milotic|37/100
|-damage|p1a: Garchomp|70/100|[from] item: Life Orb
|cant|p1b: Sinistcha|slp
|move|p2b: Milotic|Hypnosis|p1a: Garchomp|[miss]
|-miss|p2b: Milotic|p1a: Garchomp
|
|-heal|p2b: Milotic|43/100|[from] item: Leftovers
|upkeep
|turn|10
|
|t:|1785152116
|move|p1a: Garchomp|Stomping Tantrum|p2b: Milotic
|-damage|p2b: Milotic|16/100
|-damage|p1a: Garchomp|60/100|[from] item: Life Orb
|cant|p1b: Sinistcha|slp
|move|p2b: Milotic|Hypnosis|p1a: Garchomp
|-status|p1a: Garchomp|slp|[from] move: Hypnosis
|
|-heal|p2b: Milotic|22/100|[from] item: Leftovers
|upkeep
|turn|11
|
|t:|1785152129
|cant|p1a: Garchomp|slp
|-curestatus|p1b: Sinistcha|slp|[msg]
|move|p1b: Sinistcha|Life Dew|p1b: Sinistcha|[spread] p1a,p1b
|-heal|p1a: Garchomp|85/100 slp
|-heal|p1b: Sinistcha|70/100
|move|p2b: Milotic|Scald|p1a: Garchomp
|-damage|p1a: Garchomp|59/100 slp
|
|-heal|p2b: Milotic|28/100|[from] item: Leftovers
|upkeep
|turn|12
|-message|kettil forfeited.
|
|win|testdigi
