|j|☆DannyPokemonPgh
|j|☆Trafalgar-Froakie
|html|DannyPokemonPghTrafalgar-Froakie    
|uhtml|bestof|Game 2 of a best-of-3
|t:|1756853603
|gametype|doubles
|player|p1|DannyPokemonPgh|1|1000
|player|p2|Trafalgar-Froakie|marshal|1062
|gen|9
|tier|[Gen 9] VGC 2025 Reg H (Bo3)
|rated|
|rule|Species Clause: Limit one of each Pokémon
|rule|Item Clause: Limit 1 of each item
|clearpoke
|poke|p1|Indeedee-F, L50, F|
|poke|p1|Torkoal, L50, M|
|poke|p1|Gallade, L50, M|
|poke|p1|Hatterene, L50, F|
|poke|p1|Ursaluna, L50, F|
|poke|p1|Politoed, L50, M|
|poke|p2|Archaludon, L50, M|
|poke|p2|Pelipper, L50, F|
|poke|p2|Sinistcha, L50|
|poke|p2|Ursaluna, L50, M|
|poke|p2|Dragonite, L50, F|
|poke|p2|Gholdengo, L50|
|teampreview|4
|showteam|p1|Indeedee-F||PsychicSeed|PsychicSurge|TrickRoom,HelpingHand,FollowMe,DazzlingGleam|||F|||50|,,,,,Grass]Torkoal||Charcoal|Drought|WeatherBall,Eruption,Protect,HeatWave|||M|||50|,,,,,Fire]Gallade||ClearAmulet|Sharpness|SacredSword,PsychoCut,WideGuard,TrickRoom|||M|||50|,,,,,Grass]Hatterene||LifeOrb|MagicBounce|ExpandingForce,DazzlingGleam,TrickRoom,Protect|||F|||50|,,,,,Psychic]Ursaluna||FlameOrb|Guts|Facade,HeadlongRush,Protect,Roar|||F|||50|,,,,,Ground]Politoed||ChoiceSpecs|Drizzle|WeatherBall,MuddyWater,EarthPower,IceBeam|||M|||50|,,,,,Water
|showteam|p2|Archaludon||AssaultVest|Stamina|FlashCannon,BodyPress,ElectroShot,Snarl|||M|||50|,,,,,Fighting]Pelipper||FocusSash|Drizzle|Hurricane,MuddyWater,Tailwind,WideGuard|||F|||50|,,,,,Ghost]Sinistcha||SitrusBerry|Hospitality|MatchaGotcha,RagePowder,LifeDew,TrickRoom||||||50|,,,,,Dark]Ursaluna||FlameOrb|Guts|Facade,HeadlongRush,Earthquake,Protect|||M|||50|,,,,,Ghost]Dragonite||LoadedDice|Multiscale|Tailwind,Haze,ScaleShot,Protect|||F|||50|,,,,,Fairy]Gholdengo||ChoiceScarf|GoodasGold|MakeItRain,ShadowBall,TeraBlast,Trick||||||50|,,,,,Water
|inactive|Battle timer is ON: inactive players will automatically lose when time's up. (requested by DannyPokemonPgh)
|inactive|Trafalgar-Froakie has 60 seconds left.
|inactive|Trafalgar-Froakie has 30 seconds left.
|inactive|Trafalgar-Froakie has 20 seconds left.
|
|t:|1756853702
|teamsize|p1|4
|teamsize|p2|4
|start
|switch|p1a: Indeedee|Indeedee-F, L50, F|100/100
|switch|p1b: Hatterene|Hatterene, L50, F|100/100
|switch|p2a: Ursaluna|Ursaluna, L50, M|100/100
|switch|p2b: Gholdengo|Gholdengo, L50|100/100
|-fieldstart|move: Psychic Terrain|[from] ability: Psychic Surge|[of] p1a: Indeedee
|-enditem|p1a: Indeedee|Psychic Seed
|-boost|p1a: Indeedee|spd|1|[from] item: Psychic Seed
|turn|1
|inactive|DannyPokemonPgh has 30 seconds left.
|inactive|Trafalgar-Froakie has 30 seconds left.
|inactive|Trafalgar-Froakie has 20 seconds left.
|inactive|Trafalgar-Froakie has 15 seconds left.
|inactive|Trafalgar-Froakie has 10 seconds left.
|
|t:|1756853747
|-terastallize|p2b: Gholdengo|Water
|move|p1b: Hatterene|Protect|p1b: Hatterene
|-singleturn|p1b: Hatterene|Protect
|move|p2b: Gholdengo|Make It Rain|p1b: Hatterene|[spread] p1a
|-activate|p1b: Hatterene|move: Protect
|-damage|p1a: Indeedee|70/100
|-unboost|p2b: Gholdengo|spa|1
|move|p2a: Ursaluna|Earthquake|p1b: Hatterene|[spread] p2b,p1a
|-activate|p1b: Hatterene|move: Protect
|-damage|p2b: Gholdengo|50/100
|-damage|p1a: Indeedee|33/100
|move|p1a: Indeedee|Trick Room|p1a: Indeedee
|-fieldstart|move: Trick Room|[of] p1a: Indeedee
|
|-status|p2a: Ursaluna|brn|[from] item: Flame Orb
|upkeep
|turn|2
|inactive|DannyPokemonPgh has 30 seconds left.
|inactive|DannyPokemonPgh has 20 seconds left.
|inactive|DannyPokemonPgh has 15 seconds left.
|inactive|DannyPokemonPgh has 10 seconds left.
|inactive|DannyPokemonPgh has 5 seconds left.
|
|t:|1756853803
|move|p2a: Ursaluna|Protect|p2a: Ursaluna
|-singleturn|p2a: Ursaluna|Protect
|move|p1b: Hatterene|Expanding Force|p2a: Ursaluna|[spread] p2b
|-activate|p2a: Ursaluna|move: Protect
|-damage|p2b: Gholdengo|0 fnt
|faint|p2b: Gholdengo
|-damage|p1b: Hatterene|91/100|[from] item: Life Orb
|move|p1a: Indeedee|Trick Room|p1a: Indeedee
|-fieldend|move: Trick Room
|
|-damage|p2a: Ursaluna|95/100 brn|[from] brn
|upkeep
|
|t:|1756853825
|switch|p2b: Pelipper|Pelipper, L50, F|100/100
|-weather|RainDance|[from] ability: Drizzle|[of] p2b: Pelipper
|turn|3
|
|t:|1756853844
|move|p1a: Indeedee|Follow Me|p1a: Indeedee
|-singleturn|p1a: Indeedee|move: Follow Me
|move|p2b: Pelipper|Hurricane|p1a: Indeedee
|-damage|p1a: Indeedee|0 fnt
|faint|p1a: Indeedee
|move|p2a: Ursaluna|Earthquake|p1b: Hatterene|[spread] p1b
|-immune|p2b: Pelipper
|-damage|p1b: Hatterene|12/100
|move|p1b: Hatterene|Trick Room|p1b: Hatterene
|-fieldstart|move: Trick Room|[of] p1b: Hatterene
|
|-weather|RainDance|[upkeep]
|-damage|p2a: Ursaluna|89/100 brn|[from] brn
|upkeep
|
|t:|1756853861
|switch|p1a: Gallade|Gallade, L50, M|100/100
|turn|4
|
|t:|1756853882
|move|p1b: Hatterene|Protect|p1b: Hatterene
|-singleturn|p1b: Hatterene|Protect
|move|p2b: Pelipper|Wide Guard|p2b: Pelipper
|-singleturn|p2b: Pelipper|Wide Guard
|move|p2a: Ursaluna|Facade|p1b: Hatterene
|-activate|p1b: Hatterene|move: Protect
|move|p1a: Gallade|Psycho Cut|p2b: Pelipper
|-enditem|p2b: Pelipper|Focus Sash
|-damage|p2b: Pelipper|1/100
|
|-weather|RainDance|[upkeep]
|-damage|p2a: Ursaluna|83/100 brn|[from] brn
|upkeep
|turn|5
|inactive|DannyPokemonPgh has 30 seconds left.
|inactive|DannyPokemonPgh has 20 seconds left.
|inactive|DannyPokemonPgh has 15 seconds left.
|inactive|DannyPokemonPgh has 10 seconds left.
|inactive|DannyPokemonPgh has 5 seconds left.
|
|t:|1756853937
|move|p2b: Pelipper|Wide Guard|p2b: Pelipper
|-singleturn|p2b: Pelipper|Wide Guard
|move|p1b: Hatterene|Expanding Force|p2a: Ursaluna|[spread] 
|-activate|p2a: Ursaluna|move: Wide Guard
|-activate|p2b: Pelipper|move: Wide Guard
|move|p2a: Ursaluna|Earthquake|p1b: Hatterene|[spread] p1a,p1b
|-activate|p2b: Pelipper|move: Wide Guard
|-damage|p1a: Gallade|16/100
|-damage|p1b: Hatterene|0 fnt
|faint|p1b: Hatterene
|move|p1a: Gallade|Sacred Sword|p2a: Ursaluna
|-supereffective|p2a: Ursaluna
|-damage|p2a: Ursaluna|0 fnt
|faint|p2a: Ursaluna
|
|-weather|RainDance|[upkeep]
|-fieldend|move: Psychic Terrain
|upkeep
|
|t:|1756853953
|switch|p1b: Torkoal|Torkoal, L50, M|100/100
|switch|p2a: Archaludon|Archaludon, L50, M|100/100
|-weather|SunnyDay|[from] ability: Drought|[of] p1b: Torkoal
|turn|6
|
|t:|1756853973
|move|p2b: Pelipper|Wide Guard|p2b: Pelipper
|-singleturn|p2b: Pelipper|Wide Guard
|move|p1b: Torkoal|Weather Ball|p2a: Archaludon
|-damage|p2a: Archaludon|52/100
|-ability|p2a: Archaludon|Stamina|boost
|-boost|p2a: Archaludon|def|1
|move|p1a: Gallade|Sacred Sword|p2a: Archaludon
|-supereffective|p2a: Archaludon
|-crit|p2a: Archaludon
|-damage|p2a: Archaludon|0 fnt
|faint|p2a: Archaludon
|
|-weather|SunnyDay|[upkeep]
|upkeep
|turn|7
|-message|Trafalgar-Froakie forfeited.
|
|win|DannyPokemonPgh
||Trafalgar-Froakie is ready for game 3.
|inactive|DannyPokemonPgh has 30 seconds to confirm battle start!
||DannyPokemonPgh is ready for game 3.
|uhtml|next|Next: Game 3 of 3
