|j|☆JCosio
|j|☆holo-lyte
|html|JCosioholo-lyte    
|uhtml|bestof|Game 2 of a best-of-3
|t:|1783648904
|gametype|doubles
|player|p1|JCosio|fisherman-gen4|1161
|player|p2|holo-lyte|avery|1086
|gen|9
|tier|[Gen 9 Champions] VGC 2026 Reg M-B (Bo3)
|rated|
|rule|Species Clause: Limit one of each Pokémon
|rule|Item Clause: Limit 1 of each item
|clearpoke
|poke|p1|Whimsicott, L50, M|
|poke|p1|Charizard, L50, F|
|poke|p1|Sneasler, L50, F|
|poke|p1|Garchomp, L50, M|
|poke|p1|Kingambit, L50, F|
|poke|p1|Farigiraf, L50, M|
|poke|p2|Blaziken, L50, M|
|poke|p2|Milotic, L50, F|
|poke|p2|Whimsicott, L50, F|
|poke|p2|Sinistcha-Masterpiece, L50|
|poke|p2|Lycanroc-Dusk, L50, M, shiny|
|poke|p2|Dragapult, L50, F|
|teampreview|4
|showteam|p1|Whimsicott||FocusSash|Prankster|Protect,Encore,Tailwind,Moonblast|Timid||M|||50|]Charizard||CharizarditeY|Blaze|SolarBeam,WeatherBall,Protect,HeatWave|Timid||F|||50|]Sneasler||WhiteHerb|Unburden|DireClaw,CloseCombat,FakeOut,Protect|Jolly||F|||50|]Garchomp||LifeOrb|RoughSkin|Protect,DragonClaw,Earthquake,RockSlide|Jolly||M|||50|]Kingambit||BlackGlasses|Defiant|KowtowCleave,IronHead,SuckerPunch,Protect|Adamant||F|||50|]Farigiraf||SitrusBerry|ArmorTail|TrickRoom,HyperVoice,Psychic,HelpingHand|Modest||M|||50|
|showteam|p2|Blaziken||Blazikenite|SpeedBoost|FlareBlitz,CloseCombat,UpperHand,Protect|Adamant||M|||50|]Milotic||LifeOrb|Competitive|Surf,LifeDew,AlluringVoice,IceBeam|Modest||F|||50|]Whimsicott||FocusSash|Prankster|Tailwind,SunnyDay,Taunt,DazzlingGleam|Modest||F|||50|]Sinistcha-Masterpiece||SitrusBerry|Hospitality|StrengthSap,MatchaGotcha,Protect,ShadowBall|Modest|||||50|]Lycanroc-Dusk||BrightPowder|ToughClaws|RockSlide,Crunch,Accelerock,DrillRun|Adamant||M|||50|]Dragapult||ExpertBelt|Infiltrator|DragonDarts,PhantomForce,PsychicFangs,WillOWisp|Jolly||F|||50|
|inactive|Battle timer is ON: inactive players will automatically lose when time's up. (requested by holo-lyte)
|
|t:|1783648933
|teamsize|p1|4
|teamsize|p2|4
|start
|switch|p1a: Whimsicott|Whimsicott, L50, M|100/100
|switch|p1b: Sneasler|Sneasler, L50, F|100/100
|switch|p2a: Whimsicott|Whimsicott, L50, F|100/100
|switch|p2b: Milotic|Milotic, L50, F|100/100
|turn|1
|
|t:|1783648957
|move|p1b: Sneasler|Fake Out|p2b: Milotic
|-damage|p2b: Milotic|84/100
|move|p1a: Whimsicott|Tailwind|p1a: Whimsicott
|-sidestart|p1: JCosio|move: Tailwind
|move|p2a: Whimsicott|Taunt|p1a: Whimsicott
|-start|p1a: Whimsicott|move: Taunt
|cant|p2b: Milotic|flinch
|
|upkeep
|turn|2
|inactive|JCosio has 30 seconds left.
|
|t:|1783648986
|move|p2a: Whimsicott|Tailwind|p2a: Whimsicott
|-sidestart|p2: holo-lyte|move: Tailwind
|move|p1b: Sneasler|Dire Claw|p2a: Whimsicott
|-supereffective|p2a: Whimsicott|2
|-enditem|p2a: Whimsicott|Focus Sash
|-damage|p2a: Whimsicott|1/100
|-status|p2a: Whimsicott|psn
|move|p1a: Whimsicott|Moonblast|p2a: Whimsicott
|-damage|p2a: Whimsicott|0 fnt
|faint|p2a: Whimsicott
|move|p2b: Milotic|Ice Beam|p1a: Whimsicott
|-supereffective|p1a: Whimsicott|1
|-enditem|p1a: Whimsicott|Focus Sash
|-damage|p1a: Whimsicott|1/100
|-damage|p2b: Milotic|74/100|[from] item: Life Orb
|
|upkeep
|
|t:|1783648998
|switch|p2a: Blaziken|Blaziken, L50, M|100/100
|turn|3
|inactive|JCosio has 30 seconds left.
|
|t:|1783649032
|move|p2a: Blaziken|Protect|p2a: Blaziken
|-singleturn|p2a: Blaziken|Protect
|move|p1b: Sneasler|Dire Claw|p2b: Milotic
|-damage|p2b: Milotic|25/100
|-status|p2b: Milotic|psn
|move|p1a: Whimsicott|Moonblast|p2b: Milotic
|-damage|p2b: Milotic|0 fnt
|faint|p2b: Milotic
|
|-ability|p2a: Blaziken|Speed Boost|boost
|-boost|p2a: Blaziken|spe|1
|upkeep
|
|t:|1783649041
|switch|p2b: Sinistcha|Sinistcha-Masterpiece, L50|100/100
|turn|4
|inactive|JCosio has 30 seconds left.
|
|t:|1783649070
|switch|p1a: Charizard|Charizard, L50, F|100/100
|detailschange|p2a: Blaziken|Blaziken-Mega, L50, M
|-mega|p2a: Blaziken|Blaziken|Blazikenite
|move|p2b: Sinistcha|Protect|p2b: Sinistcha
|-singleturn|p2b: Sinistcha|Protect
|move|p1b: Sneasler|Dire Claw|p2a: Blaziken
|-damage|p2a: Blaziken|50/100g
|move|p2a: Blaziken|Flare Blitz|p1a: Charizard
|-resisted|p1a: Charizard|1
|-damage|p1a: Charizard|41/100
|-damage|p2a: Blaziken|34/100|[from] Recoil
|
|-sideend|p1: JCosio|move: Tailwind
|-ability|p2a: Blaziken|Speed Boost|boost
|-boost|p2a: Blaziken|spe|1
|upkeep
|turn|5
|inactive|JCosio has 30 seconds left.
|inactive|JCosio has 20 seconds left.
|inactive|JCosio has 15 seconds left.
|
|t:|1783649113
|move|p1b: Sneasler|Protect|p1b: Sneasler
|-singleturn|p1b: Sneasler|Protect
|move|p1a: Charizard|Protect|p1a: Charizard
|-singleturn|p1a: Charizard|Protect
|move|p2a: Blaziken|Flare Blitz|p1b: Sneasler
|-activate|p1b: Sneasler|move: Protect
|move|p2b: Sinistcha|Shadow Ball|p1a: Charizard
|-activate|p1a: Charizard|move: Protect
|
|-sideend|p2: holo-lyte|move: Tailwind
|-ability|p2a: Blaziken|Speed Boost|boost
|-boost|p2a: Blaziken|spe|1
|upkeep
|turn|6
|inactive|JCosio has 30 seconds left.
|inactive|JCosio has 20 seconds left.
|
|t:|1783649152
|move|p2b: Sinistcha|Protect|p2b: Sinistcha
|-singleturn|p2b: Sinistcha|Protect
|move|p2a: Blaziken|Flare Blitz|p1b: Sneasler
|-damage|p1b: Sneasler|0 fnt
|faint|p1b: Sneasler
|-damage|p2a: Blaziken|6/100|[from] Recoil
|move|p1a: Charizard|Heat Wave|p2b: Sinistcha|[spread] p2a
|-activate|p2b: Sinistcha|move: Protect
|-resisted|p2a: Blaziken|1
|-damage|p2a: Blaziken|0 fnt
|faint|p2a: Blaziken
|
|upkeep
|
|t:|1783649165
|switch|p1b: Whimsicott|Whimsicott, L50, M|1/100
|turn|7
|
|t:|1783649184
|detailschange|p1a: Charizard|Charizard-Mega-Y, L50, F
|-mega|p1a: Charizard|Charizard|Charizardite Y
|-weather|SunnyDay|[from] ability: Drought|[of] p1a: Charizard
|move|p1b: Whimsicott|Encore|p2b: Sinistcha
|-start|p2b: Sinistcha|Encore
|move|p2b: Sinistcha|Protect||[still]
|-fail|p2b: Sinistcha
|move|p1a: Charizard|Weather Ball|p2b: Sinistcha
|-supereffective|p2b: Sinistcha|1
|-damage|p2b: Sinistcha|0 fnt
|faint|p2b: Sinistcha
|
|win|JCosio
|raw|JCosio's rating: 1161 → 1181(+20 for winning)
|raw|holo-lyte's rating: 1086 → 1068(-18 for losing)
|l|☆holo-lyte
|player|p2|
|c|☆JCosio|ggwp
