|j|☆mystabloom
|j|☆jadenbr09
|html|mystabloomjadenbr09    
|uhtml|bestof|Game 2 of a best-of-3
|t:|1784002001
|gametype|doubles
|player|p1|mystabloom|265|1130
|player|p2|jadenbr09|roark|1026
|gen|9
|tier|[Gen 9 Champions] VGC 2026 Reg M-B (Bo3)
|rated|
|rule|Species Clause: Limit one of each Pokémon
|rule|Item Clause: Limit 1 of each item
|clearpoke
|poke|p1|Charizard, L50, M|
|poke|p1|Venusaur, L50, F|
|poke|p1|Garchomp, L50, F|
|poke|p1|Incineroar, L50, M|
|poke|p1|Toxapex, L50, F|
|poke|p1|Annihilape, L50, M|
|poke|p2|Charizard, L50, M|
|poke|p2|Venusaur, L50, F|
|poke|p2|Milotic, L50, M|
|poke|p2|Incineroar, L50, M|
|poke|p2|Ninetales-Alola, L50, M|
|poke|p2|Kingambit, L50, M|
|teampreview|4
|showteam|p1|Charizard||CharizarditeY|Blaze|HeatWave,SolarBeam,WeatherBall,Protect|Modest||M|||50|]Venusaur||LifeOrb|Chlorophyll|SludgeBomb,SleepPowder,EarthPower,Protect|Modest||F|||50|]Garchomp||ChoiceScarf|RoughSkin|Earthquake,DragonClaw,StompingTantrum,RockSlide|Adamant||F|||50|]Incineroar||SitrusBerry|Intimidate|FlareBlitz,ThroatChop,PartingShot,FakeOut|Impish||M|||50|]Toxapex||Leftovers|Regenerator|Infestation,Toxic,WideGuard,BanefulBunker|Bold||F|||50|]Annihilape||FocusSash|Defiant|RageFist,CloseCombat,PhantomForce,Protect|Jolly||M|||50|
|showteam|p2|Charizard||CharizarditeX|SolarPower|DragonClaw,FlareBlitz,DragonDance,Protect|Jolly||M|||50|]Venusaur||Venusaurite|Chlorophyll|SleepPowder,SludgeBomb,EarthPower,Protect|Modest||F|||50|]Milotic||Leftovers|Competitive|MuddyWater,Hypnosis,Coil,IcyWind|Bold||M|||50|]Incineroar||PasshoBerry|Intimidate|FakeOut,DarkestLariat,FlareBlitz,PartingShot|Careful||M|||50|]Ninetales-Alola||FocusSash|SnowWarning|Blizzard,Encore,AuroraVeil,Protect|Timid||M|||50|]Kingambit||ChopleBerry|Defiant|KowtowCleave,SuckerPunch,IronHead,SwordsDance|Careful||M|||50|
|inactive|Battle timer is ON: inactive players will automatically lose when time's up. (requested by mystabloom)
|inactive|jadenbr09 has 60 seconds left.
|
|t:|1784002082
|teamsize|p1|4
|teamsize|p2|4
|start
|switch|p1a: Garchomp|Garchomp, L50, F|100/100
|switch|p1b: Toxapex|Toxapex, L50, F|100/100
|switch|p2a: Kingambit|Kingambit, L50, M|100/100
|switch|p2b: Milotic|Milotic, L50, M|100/100
|turn|1
|inactive|mystabloom has 30 seconds left.
|inactive|jadenbr09 has 30 seconds left.
|inactive|mystabloom has 20 seconds left.
|
|t:|1784002117
|move|p1a: Garchomp|Dragon Claw|p2a: Kingambit
|-resisted|p2a: Kingambit|1
|-damage|p2a: Kingambit|80/100
|move|p2b: Milotic|Coil|p2b: Milotic
|-boost|p2b: Milotic|atk|1
|-boost|p2b: Milotic|def|1
|-boost|p2b: Milotic|accuracy|1
|move|p2a: Kingambit|Swords Dance|p2a: Kingambit
|-boost|p2a: Kingambit|atk|2
|move|p1b: Toxapex|Toxic|p2b: Milotic
|-status|p2b: Milotic|tox
|
|-damage|p2b: Milotic|94/100 tox|[from] psn
|upkeep
|turn|2
|inactive|mystabloom has 30 seconds left.
|inactive|mystabloom has 20 seconds left.
|
|t:|1784002155
|switch|p1a: Venusaur|Venusaur, L50, F|100/100
|move|p2b: Milotic|Hypnosis|p1b: Toxapex
|-status|p1b: Toxapex|slp|[from] move: Hypnosis
|move|p2a: Kingambit|Kowtow Cleave|p1a: Venusaur
|-damage|p1a: Venusaur|0 fnt
|faint|p1a: Venusaur
|cant|p1b: Toxapex|slp
|
|-heal|p2b: Milotic|100/100 tox|[from] item: Leftovers
|-damage|p2b: Milotic|88/100 tox|[from] psn
|upkeep
|
|t:|1784002177
|switch|p1a: Garchomp|Garchomp, L50, F|100/100
|turn|3
|
|t:|1784002185
|switch|p1b: Charizard|Charizard, L50, M|100/100
|move|p2a: Kingambit|Sucker Punch|p1a: Garchomp
|-damage|p1a: Garchomp|23/100
|-damage|p2a: Kingambit|68/100|[from] ability: Rough Skin|[of] p1a: Garchomp
|move|p1a: Garchomp|Earthquake|p2b: Milotic|[spread] p2a,p2b
|-immune|p1b: Charizard
|-supereffective|p2a: Kingambit|1
|-damage|p2a: Kingambit|0 fnt
|-damage|p2b: Milotic|64/100 tox
|faint|p2a: Kingambit
|move|p2b: Milotic|Icy Wind|p1a: Garchomp|[spread] p1a,p1b
|-supereffective|p1a: Garchomp|2
|-damage|p1a: Garchomp|0 fnt
|-damage|p1b: Charizard|86/100
|-unboost|p1b: Charizard|spe|1
|faint|p1a: Garchomp
|
|-heal|p2b: Milotic|70/100 tox|[from] item: Leftovers
|-damage|p2b: Milotic|52/100 tox|[from] psn
|upkeep
|
|t:|1784002206
|switch|p1a: Toxapex|Toxapex, L50, F|100/100 slp
|switch|p2a: Charizard|Charizard, L50, M|100/100
|turn|4
|
|t:|1784002224
|detailschange|p2a: Charizard|Charizard-Mega-X, L50, M
|-mega|p2a: Charizard|Charizard|Charizardite X
|move|p1b: Charizard|Protect|p1b: Charizard
|-singleturn|p1b: Charizard|Protect
|move|p2a: Charizard|Dragon Dance|p2a: Charizard
|-boost|p2a: Charizard|atk|1
|-boost|p2a: Charizard|spe|1
|move|p2b: Milotic|Hypnosis|p1b: Charizard
|-activate|p1b: Charizard|move: Protect
|-curestatus|p1a: Toxapex|slp|[msg]
|move|p1a: Toxapex|Toxic|p2a: Charizard
|-status|p2a: Charizard|tox
|
|-heal|p2b: Milotic|58/100 tox|[from] item: Leftovers
|-damage|p2a: Charizard|94/100 tox|[from] psn
|-damage|p2b: Milotic|35/100 tox|[from] psn
|upkeep
|turn|5
|inactive|mystabloom has 30 seconds left.
|
|t:|1784002251
|detailschange|p1b: Charizard|Charizard-Mega-Y, L50, M
|-mega|p1b: Charizard|Charizard|Charizardite Y
|-weather|SunnyDay|[from] ability: Drought|[of] p1b: Charizard
|move|p1a: Toxapex|Baneful Bunker|p1a: Toxapex
|-singleturn|p1a: Toxapex|move: Protect
|move|p2a: Charizard|Dragon Claw|p1b: Charizard
|-damage|p1b: Charizard|0 fnt
|faint|p1b: Charizard
|move|p2b: Milotic|Hypnosis|p1a: Toxapex
|-activate|p1a: Toxapex|move: Protect
|
|-weather|SunnyDay|[upkeep]
|-heal|p2b: Milotic|41/100 tox|[from] item: Leftovers
|-damage|p2a: Charizard|82/100 tox|[from] psn
|-damage|p2b: Milotic|11/100 tox|[from] psn
|upkeep
|turn|6
|inactive|mystabloom has 30 seconds left.
|
|t:|1784002276
|move|p1a: Toxapex|Baneful Bunker|p1a: Toxapex
|-singleturn|p1a: Toxapex|move: Protect
|move|p2a: Charizard|Dragon Claw|p1a: Toxapex
|-activate|p1a: Toxapex|move: Protect
|move|p2b: Milotic|Hypnosis|p1a: Toxapex
|-activate|p1a: Toxapex|move: Protect
|
|-weather|SunnyDay|[upkeep]
|-heal|p2b: Milotic|17/100 tox|[from] item: Leftovers
|-damage|p2a: Charizard|64/100 tox|[from] psn
|-damage|p2b: Milotic|0 fnt|[from] psn
|faint|p2b: Milotic
|upkeep
|
|t:|1784002290
|switch|p2b: Ninetales|Ninetales-Alola, L50, M|100/100
|-weather|Snowscape|[from] ability: Snow Warning|[of] p2b: Ninetales
|turn|7
|
|t:|1784002311
|move|p2a: Charizard|Dragon Dance|p2a: Charizard
|-boost|p2a: Charizard|atk|1
|-boost|p2a: Charizard|spe|1
|move|p2b: Ninetales|Encore|p1a: Toxapex
|-start|p1a: Toxapex|Encore
|move|p1a: Toxapex|Baneful Bunker||[still]
|-fail|p1a: Toxapex
|
|-weather|Snowscape|[upkeep]
|-damage|p2a: Charizard|41/100 tox|[from] psn
|upkeep
|turn|8
|
|t:|1784002325
|move|p1a: Toxapex|Baneful Bunker|p1a: Toxapex
|-singleturn|p1a: Toxapex|move: Protect
|move|p2a: Charizard|Dragon Dance|p2a: Charizard
|-boost|p2a: Charizard|atk|1
|-boost|p2a: Charizard|spe|1
|move|p2b: Ninetales|Blizzard|p1a: Toxapex
|-activate|p1a: Toxapex|move: Protect
|
|-weather|Snowscape|[upkeep]
|-damage|p2a: Charizard|11/100 tox|[from] psn
|upkeep
|turn|9
|
|t:|1784002338
|move|p1a: Toxapex|Baneful Bunker||[still]
|-fail|p1a: Toxapex
|move|p2a: Charizard|Dragon Claw|p1a: Toxapex
|-damage|p1a: Toxapex|26/100
|move|p2b: Ninetales|Blizzard|p1a: Toxapex
|-resisted|p1a: Toxapex|1
|-damage|p1a: Toxapex|10/100
|
|-weather|Snowscape|[upkeep]
|-heal|p1a: Toxapex|16/100|[from] item: Leftovers
|-damage|p2a: Charizard|0 fnt|[from] psn
|faint|p2a: Charizard
|-end|p1a: Toxapex|Encore
|upkeep
|turn|10
|inactive|mystabloom has 30 seconds left.
|
|t:|1784002366
|move|p2b: Ninetales|Encore|p1a: Toxapex
|-start|p1a: Toxapex|Encore
|move|p1a: Toxapex|Baneful Bunker||[still]
|-fail|p1a: Toxapex
|
|-weather|Snowscape|[upkeep]
|-heal|p1a: Toxapex|22/100|[from] item: Leftovers
|upkeep
|turn|11
|
|t:|1784002375
|move|p1a: Toxapex|Baneful Bunker|p1a: Toxapex
|-singleturn|p1a: Toxapex|move: Protect
|move|p2b: Ninetales|Blizzard|p1a: Toxapex
|-activate|p1a: Toxapex|move: Protect
|
|-weather|none
|-heal|p1a: Toxapex|28/100|[from] item: Leftovers
|upkeep
|turn|12
|
|t:|1784002384
|move|p1a: Toxapex|Baneful Bunker||[still]
|-fail|p1a: Toxapex
|move|p2b: Ninetales|Blizzard|p1a: Toxapex
|-resisted|p1a: Toxapex|1
|-damage|p1a: Toxapex|12/100
|
|-heal|p1a: Toxapex|18/100|[from] item: Leftovers
|-end|p1a: Toxapex|Encore
|upkeep
|turn|13
|
|t:|1784002400
|move|p2b: Ninetales|Blizzard|p1a: Toxapex
|-resisted|p1a: Toxapex|1
|-damage|p1a: Toxapex|3/100
|move|p1a: Toxapex|Toxic|p2b: Ninetales
|-status|p2b: Ninetales|tox
|
|-heal|p1a: Toxapex|8/100|[from] item: Leftovers
|-damage|p2b: Ninetales|93/100 tox|[from] psn
|upkeep
|turn|14
|c|☆mystabloom|LMAOAOAOAO
|c|☆mystabloom|what a win
|
|t:|1784002414
|move|p1a: Toxapex|Wide Guard|p1a: Toxapex
|-singleturn|p1a: Toxapex|Wide Guard
|move|p2b: Ninetales|Encore|p1a: Toxapex
|-start|p1a: Toxapex|Encore
|
|-heal|p1a: Toxapex|14/100|[from] item: Leftovers
|-damage|p2b: Ninetales|81/100 tox|[from] psn
|upkeep
|turn|15
|
|t:|1784002423
|move|p1a: Toxapex|Wide Guard|p1a: Toxapex
|-singleturn|p1a: Toxapex|Wide Guard
|move|p2b: Ninetales|Blizzard|p1a: Toxapex
|-activate|p1a: Toxapex|move: Wide Guard
|
|-heal|p1a: Toxapex|20/100y|[from] item: Leftovers
|-damage|p2b: Ninetales|63/100 tox|[from] psn
|upkeep
|turn|16
|c|☆mystabloom|thats such a funny way to win
|c|☆jadenbr09|Chinga tu madre
|inactive|jadenbr09 has 30 seconds left.
|inactive|jadenbr09 has 20 seconds left.
|inactive|jadenbr09 has 15 seconds left.
|-message|jadenbr09 forfeited.
|
|win|mystabloom
