|j|☆KodeBeast0526
|j|☆quatrokilla
|html|KodeBeast0526quatrokilla    
|uhtml|bestof|Game 1 of a best-of-3
|t:|1783438388
|gametype|doubles
|player|p1|KodeBeast0526|hiker|1153
|player|p2|quatrokilla|170|1154
|gen|9
|tier|[Gen 9 Champions] VGC 2026 Reg M-B (Bo3)
|rated|
|rule|Species Clause: Limit one of each Pokémon
|rule|Item Clause: Limit 1 of each item
|clearpoke
|poke|p1|Gengar, L50, M|
|poke|p1|Swampert, L50, F|
|poke|p1|Incineroar, L50, F|
|poke|p1|Politoed, L50, M|
|poke|p1|Archaludon, L50, F|
|poke|p1|Vivillon-Ocean, L50, F|
|poke|p2|Glimmora, L50, F|
|poke|p2|Toxapex, L50, F|
|poke|p2|Venusaur, L50, F|
|poke|p2|Rotom-Wash, L50|
|poke|p2|Sinistcha, L50|
|poke|p2|Incineroar, L50, F|
|teampreview|4
|showteam|p1|Gengar||Gengarite|CursedBody|ShadowBall,PerishSong,SludgeBomb,Protect|Timid||M|||50|]Swampert||Swampertite|Torrent|WaveCrash,Earthquake,IcePunch,Protect|Adamant||F|||50|]Incineroar||PasshoBerry|Intimidate|ThroatChop,PartingShot,FakeOut,Protect|Sassy||F|||50|]Politoed||SitrusBerry|Drizzle|WeatherBall,PerishSong,Encore,Protect|Calm||M|||50|]Archaludon||Leftovers|Stamina|DragonPulse,FlashCannon,ElectroShot,Protect|Bold||F|||50|]Vivillon-Ocean||FocusSash|CompoundEyes|Hurricane,SleepPowder,RagePowder,Protect|Timid||F|||50|
|showteam|p2|Glimmora||FocusSash|ToxicDebris|SpikyShield,MortalSpin,Venoshock,EarthPower|Timid||F|||50|]Toxapex||SitrusBerry|Regenerator|Toxic,Infestation,WideGuard,BanefulBunker|Bold||F|||50|]Venusaur||Venusaurite|Chlorophyll|Protect,SludgeBomb,LeechSeed,GigaDrain|Bold||F|||50|]Rotom-Wash||ChoiceScarf|Levitate|Electroweb,Trick,VoltSwitch,HydroPump|Timid|||||50|]Sinistcha||Leftovers|Hospitality|Hex,TrickRoom,MatchaGotcha,RagePowder|Sassy|||||50|]Incineroar||ChopleBerry|Intimidate|FakeOut,PartingShot,DarkestLariat,WillOWisp|Careful||F|||50|
|
|t:|1783438426
|teamsize|p1|4
|teamsize|p2|4
|start
|switch|p1a: Gengar|Gengar, L50, M|100/100
|switch|p1b: Incineroar|Incineroar, L50, F|100/100
|switch|p2a: Glimmora|Glimmora, L50, F|100/100
|switch|p2b: Sinistcha|Sinistcha, L50|100/100
|-ability|p1b: Incineroar|Intimidate|boost
|-unboost|p2a: Glimmora|atk|1
|-unboost|p2b: Sinistcha|atk|1
|turn|1
|
|t:|1783438450
|switch|p2b: Incineroar|Incineroar, L50, F|100/100
|-ability|p2b: Incineroar|Intimidate|boost
|-unboost|p1a: Gengar|atk|1
|-unboost|p1b: Incineroar|atk|1
|detailschange|p1a: Gengar|Gengar-Mega, L50, M
|-mega|p1a: Gengar|Gengar|Gengarite
|move|p2a: Glimmora|Spiky Shield|p2a: Glimmora
|-singleturn|p2a: Glimmora|move: Protect
|move|p1b: Incineroar|Fake Out|p2a: Glimmora
|-activate|p2a: Glimmora|move: Protect
|-damage|p1b: Incineroar|87/100|[from] Spiky Shield|[of] p2a: Glimmora
|move|p1a: Gengar|Perish Song|p1a: Gengar
|-start|p1a: Gengar|perish3|[silent]
|-start|p1b: Incineroar|perish3|[silent]
|-start|p2a: Glimmora|perish3|[silent]
|-start|p2b: Incineroar|perish3|[silent]
|-fieldactivate|move: Perish Song
|
|-start|p1a: Gengar|perish3
|-start|p2a: Glimmora|perish3
|-start|p2b: Incineroar|perish3
|-start|p1b: Incineroar|perish3
|upkeep
|turn|2
|
|t:|1783438465
|move|p1a: Gengar|Protect|p1a: Gengar
|-singleturn|p1a: Gengar|Protect
|move|p1b: Incineroar|Protect|p1b: Incineroar
|-singleturn|p1b: Incineroar|Protect
|move|p2a: Glimmora|Earth Power|p1b: Incineroar
|-activate|p1b: Incineroar|move: Protect
|move|p2b: Incineroar|Darkest Lariat|p1a: Gengar
|-activate|p1a: Gengar|move: Protect
|
|-start|p1a: Gengar|perish2
|-start|p2a: Glimmora|perish2
|-start|p2b: Incineroar|perish2
|-start|p1b: Incineroar|perish2
|upkeep
|turn|3
|
|t:|1783438480
|switch|p1a: Archaludon|Archaludon, L50, F|100/100
|move|p2a: Glimmora|Earth Power|p1a: Archaludon
|-supereffective|p1a: Archaludon|1
|-damage|p1a: Archaludon|38/100
|-ability|p1a: Archaludon|Stamina|boost
|-boost|p1a: Archaludon|def|1
|move|p2b: Incineroar|Parting Shot|p1b: Incineroar
|-unboost|p1b: Incineroar|atk|1
|-unboost|p1b: Incineroar|spa|1
|
|t:|1783438491
|switch|p2b: Rotom|Rotom-Wash, L50|100/100|[from] Parting Shot
|move|p1b: Incineroar|Parting Shot|p2a: Glimmora
|-unboost|p2a: Glimmora|atk|1
|-unboost|p2a: Glimmora|spa|1
|
|t:|1783438501
|switch|p1b: Gengar|Gengar-Mega, L50, M|100/100|[from] Parting Shot
|
|-heal|p1a: Archaludon|44/100|[from] item: Leftovers
|-start|p2a: Glimmora|perish1
|upkeep
|turn|4
|
|t:|1783438516
|move|p1b: Gengar|Protect|p1b: Gengar
|-singleturn|p1b: Gengar|Protect
|move|p1a: Archaludon|Protect|p1a: Archaludon
|-singleturn|p1a: Archaludon|Protect
|move|p2b: Rotom|Volt Switch|p1b: Gengar
|-activate|p1b: Gengar|move: Protect
|move|p2a: Glimmora|Earth Power|p1a: Archaludon
|-activate|p1a: Archaludon|move: Protect
|
|-heal|p1a: Archaludon|50/100g|[from] item: Leftovers
|-start|p2a: Glimmora|perish0
|faint|p2a: Glimmora
|upkeep
|
|t:|1783438521
|switch|p2a: Incineroar|Incineroar, L50, F|100/100
|-ability|p2a: Incineroar|Intimidate|boost
|-unboost|p1a: Archaludon|atk|1
|-unboost|p1b: Gengar|atk|1
|turn|5
|
|t:|1783438530
|switch|p1b: Politoed|Politoed, L50, M|100/100
|-weather|RainDance|[from] ability: Drizzle|[of] p1b: Politoed
|move|p2b: Rotom|Volt Switch|p1b: Politoed
|-supereffective|p1b: Politoed|1
|-damage|p1b: Politoed|47/100
|-enditem|p1b: Politoed|Sitrus Berry|[eat]
|-heal|p1b: Politoed|72/100|[from] item: Sitrus Berry
|
|t:|1783438538
|switch|p2b: Sinistcha|Sinistcha, L50|100/100|[from] Volt Switch
|move|p1a: Archaludon|Electro Shot||[still]
|-prepare|p1a: Archaludon|Electro Shot
|-boost|p1a: Archaludon|spa|1
|-anim|p1a: Archaludon|Electro Shot|p2b: Sinistcha
|-resisted|p2b: Sinistcha|1
|-damage|p2b: Sinistcha|68/100
|move|p2a: Incineroar|Darkest Lariat|p1b: Politoed
|-damage|p1b: Politoed|42/100
|
|-weather|RainDance|[upkeep]
|-heal|p1a: Archaludon|56/100|[from] item: Leftovers
|-heal|p2b: Sinistcha|74/100|[from] item: Leftovers
|upkeep
|turn|6
|
|t:|1783438558
|switch|p2a: Rotom|Rotom-Wash, L50|100/100
|move|p1a: Archaludon|Electro Shot||[still]
|-prepare|p1a: Archaludon|Electro Shot
|-boost|p1a: Archaludon|spa|1
|-anim|p1a: Archaludon|Electro Shot|p2b: Sinistcha
|-resisted|p2b: Sinistcha|1
|-damage|p2b: Sinistcha|38/100
|move|p1b: Politoed|Weather Ball|p2b: Sinistcha
|-resisted|p2b: Sinistcha|1
|-damage|p2b: Sinistcha|10/100
|move|p2b: Sinistcha|Matcha Gotcha|p1b: Politoed|[spread] p1a,p1b
|-resisted|p1a: Archaludon|2
|-supereffective|p1b: Politoed|1
|-damage|p1a: Archaludon|49/100
|-heal|p2b: Sinistcha|14/100|[from] drain|[of] p1a: Archaludon
|-damage|p1b: Politoed|5/100
|-heal|p2b: Sinistcha|34/100|[from] drain|[of] p1b: Politoed
|-ability|p1a: Archaludon|Stamina|boost
|-boost|p1a: Archaludon|def|1
|
|-weather|RainDance|[upkeep]
|-heal|p1a: Archaludon|55/100|[from] item: Leftovers
|-heal|p2b: Sinistcha|40/100|[from] item: Leftovers
|upkeep
|turn|7
|inactive|Battle timer is ON: inactive players will automatically lose when time's up. (requested by KodeBeast0526)
|
|t:|1783438613
|move|p2a: Rotom|Electroweb|p1a: Archaludon|[spread] p1a,p1b
|-resisted|p1a: Archaludon|1
|-crit|p1a: Archaludon
|-supereffective|p1b: Politoed|1
|-damage|p1a: Archaludon|40/100
|-damage|p1b: Politoed|0 fnt
|-unboost|p1a: Archaludon|spe|1
|-ability|p1a: Archaludon|Stamina|boost
|-boost|p1a: Archaludon|def|1
|faint|p1b: Politoed
|move|p2b: Sinistcha|Matcha Gotcha|p1a: Archaludon
|-resisted|p1a: Archaludon|2
|-damage|p1a: Archaludon|30/100
|-heal|p2b: Sinistcha|46/100|[from] drain|[of] p1a: Archaludon
|-ability|p1a: Archaludon|Stamina|boost
|-boost|p1a: Archaludon|def|1
|move|p1a: Archaludon|Electro Shot||[still]
|-prepare|p1a: Archaludon|Electro Shot
|-boost|p1a: Archaludon|spa|1
|-anim|p1a: Archaludon|Electro Shot|p2a: Rotom
|-damage|p2a: Rotom|0 fnt
|faint|p2a: Rotom
|
|-weather|RainDance|[upkeep]
|-heal|p2b: Sinistcha|52/100|[from] item: Leftovers
|-heal|p1a: Archaludon|36/100|[from] item: Leftovers
|upkeep
|
|t:|1783438632
|switch|p2a: Incineroar|Incineroar, L50, F|100/100
|switch|p1b: Incineroar|Incineroar, L50, F|87/100
|-ability|p2a: Incineroar|Intimidate|boost
|-unboost|p1a: Archaludon|atk|1
|-unboost|p1b: Incineroar|atk|1
|-ability|p1b: Incineroar|Intimidate|boost
|-unboost|p2a: Incineroar|atk|1
|-unboost|p2b: Sinistcha|atk|1
|turn|8
|
|t:|1783438643
|move|p1b: Incineroar|Fake Out|p2a: Incineroar
|-damage|p2a: Incineroar|93/100
|move|p2b: Sinistcha|Hex|p1a: Archaludon
|-damage|p1a: Archaludon|6/100
|-ability|p1a: Archaludon|Stamina|boost
|-boost|p1a: Archaludon|def|1
|cant|p2a: Incineroar|flinch
|move|p1a: Archaludon|Dragon Pulse|p2b: Sinistcha
|-damage|p2b: Sinistcha|0 fnt
|faint|p2b: Sinistcha
|
|-weather|RainDance|[upkeep]
|-heal|p1a: Archaludon|12/100|[from] item: Leftovers
|upkeep
|turn|9
|
|t:|1783438655
|move|p2a: Incineroar|Will-O-Wisp|p1a: Archaludon
|-status|p1a: Archaludon|brn
|move|p1a: Archaludon|Dragon Pulse|p2a: Incineroar
|-damage|p2a: Incineroar|36/100
|move|p1b: Incineroar|Throat Chop|p2a: Incineroar
|-resisted|p2a: Incineroar|1
|-damage|p2a: Incineroar|26/100
|-start|p2a: Incineroar|Throat Chop|[silent]
|
|-weather|none
|-heal|p1a: Archaludon|18/100 brn|[from] item: Leftovers
|-damage|p1a: Archaludon|12/100 brn|[from] brn
|upkeep
|turn|10
|
|t:|1783438668
|move|p2a: Incineroar|Darkest Lariat|p1b: Incineroar
|-resisted|p1b: Incineroar|1
|-damage|p1b: Incineroar|77/100
|move|p1a: Archaludon|Dragon Pulse|p2a: Incineroar
|-damage|p2a: Incineroar|0 fnt
|faint|p2a: Incineroar
|
|win|KodeBeast0526
||KodeBeast0526 is ready for game 2.
