|j|☆swerve88
|j|☆TheEvanTran
|html|swerve88TheEvanTran    
|uhtml|bestof|Game 3 of a best-of-3
|t:|1756218085
|gametype|doubles
|player|p1|swerve88|birdkeeper|
|player|p2|TheEvanTran|101|
|gen|9
|tier|[Gen 9] VGC 2025 Reg H (Bo3)
|rule|Species Clause: Limit one of each Pokémon
|rule|Item Clause: Limit 1 of each item
|clearpoke
|poke|p1|Politoed, L50, M|
|poke|p1|Basculegion, L50, M|
|poke|p1|Archaludon, L50, M|
|poke|p1|Salamence, L50, F|
|poke|p1|Mienshao, L50, M|
|poke|p1|Electrode-Hisui, L50|
|poke|p2|Indeedee-F, L50, F|
|poke|p2|Armarouge, L50, M|
|poke|p2|Klefki, L50, M|
|poke|p2|Dragonite, L50, F|
|poke|p2|Meowscarada, L50, M|
|poke|p2|Primarina, L50, M|
|teampreview|4
|showteam|p1|Politoed||SitrusBerry|Drizzle|WeatherBall,HelpingHand,MuddyWater,Protect|||M|||50|,,,,,Grass]Basculegion||ChoiceBand|SwiftSwim|LastRespects,WaveCrash,FlipTurn,Liquidation|||M|||50|,,,,,Water]Archaludon||AssaultVest|Stamina|BodyPress,ElectroShot,DragonPulse,FlashCannon|||M|||50|,,,,,Fairy]Salamence||LifeOrb|Intimidate|DracoMeteor,Tailwind,Hurricane,Protect|||F|||50|,,,,,Steel]Mienshao||FocusSash|InnerFocus|FakeOut,WideGuard,KnockOff,CloseCombat|||M|||50|,,,,,Fighting]Electrode-Hisui||LoadedDice|Aftermath|RainDance,BulletSeed,Electroweb,Taunt||||||50|,,,,,Electric
|showteam|p2|Indeedee-F||AbilityShield|PsychicSurge|TrickRoom,Trick,FollowMe,Psychic|||F|||50|,,,,,Fairy]Armarouge||TwistedSpoon|FlashFire|ExpandingForce,ArmorCannon,Protect,HeatWave|||M|||50|,,,,,Psychic]Klefki||LightClay|Prankster|Reflect,LightScreen,TrickRoom,FoulPlay|||M|||50|,,,,,Water]Dragonite||LoadedDice|Multiscale|LowKick,ScaleShot,Protect,Haze|||F|||50|,,,,,Fairy]Meowscarada||FocusSash|Overgrow|FlowerTrick,GrassPledge,KnockOff,Protect|||M|||50|,,,,,Grass]Primarina||LifeOrb|LiquidVoice|WaterPledge,HyperVoice,Moonblast,Protect|||M|||50|,,,,,Poison
|inactive|Battle timer is ON: inactive players will automatically lose when time's up. (requested by swerve88)
|inactive|swerve88 has 60 seconds left.
|inactive|swerve88 has 30 seconds left.
|
|t:|1756218152
|teamsize|p1|4
|teamsize|p2|4
|start
|switch|p1a: Politoed|Politoed, L50, M, shiny|100/100
|switch|p1b: Salamence|Salamence, L50, F|100/100
|switch|p2a: Meowscarada|Meowscarada, L50, M|100/100
|switch|p2b: Primarina|Primarina, L50, M|100/100
|-ability|p1b: Salamence|Intimidate|boost
|-unboost|p2a: Meowscarada|atk|1
|-unboost|p2b: Primarina|atk|1
|-weather|RainDance|[from] ability: Drizzle|[of] p1a: Politoed
|turn|1
|inactive|swerve88 has 30 seconds left.
|inactive|swerve88 has 20 seconds left.
|inactive|TheEvanTran has 30 seconds left.
|
|t:|1756218192
|move|p2a: Meowscarada|Grass Pledge|p1b: Salamence
|-waiting|p2a: Meowscarada|p2b: Primarina
|move|p2b: Primarina|Water Pledge|p1b: Salamence|[from] move: Grass Pledge
|-combine
|-resisted|p1b: Salamence
|-damage|p1b: Salamence|68/100
|-sidestart|p1: swerve88|Grass Pledge
|-damage|p2b: Primarina|91/100|[from] item: Life Orb
|move|p1b: Salamence|Hurricane|p2b: Primarina
|-damage|p2b: Primarina|32/100
|-damage|p1b: Salamence|58/100|[from] item: Life Orb
|move|p1a: Politoed|Muddy Water|p2b: Primarina|[spread] p2a,p2b
|-resisted|p2a: Meowscarada
|-resisted|p2b: Primarina
|-damage|p2a: Meowscarada|73/100
|-damage|p2b: Primarina|16/100
|-unboost|p2a: Meowscarada|accuracy|1
|
|-weather|RainDance|[upkeep]
|upkeep
|turn|2
|inactive|swerve88 has 30 seconds left.
|inactive|TheEvanTran has 30 seconds left.
|inactive|swerve88 has 20 seconds left.
|inactive|swerve88 has 15 seconds left.
|inactive|TheEvanTran has 20 seconds left.
|inactive|swerve88 has 10 seconds left.
|
|t:|1756218238
|move|p1b: Salamence|Protect|p1b: Salamence
|-singleturn|p1b: Salamence|Protect
|move|p2a: Meowscarada|Flower Trick|p1b: Salamence
|-activate|p1b: Salamence|move: Protect
|move|p2b: Primarina|Moonblast|p1b: Salamence
|-activate|p1b: Salamence|move: Protect
|move|p1a: Politoed|Weather Ball|p2b: Primarina
|-resisted|p2b: Primarina
|-damage|p2b: Primarina|0 fnt
|faint|p2b: Primarina
|
|-weather|RainDance|[upkeep]
|upkeep
|
|t:|1756218252
|switch|p2b: Indeedee|Indeedee-F, L50, F|100/100
|-fieldstart|move: Psychic Terrain|[from] ability: Psychic Surge|[of] p2b: Indeedee
|turn|3
|inactive|swerve88 has 30 seconds left.
|inactive|swerve88 has 20 seconds left.
|
|t:|1756218290
|move|p2a: Meowscarada|Flower Trick|p1b: Salamence
|-resisted|p1b: Salamence
|-crit|p1b: Salamence
|-damage|p1b: Salamence|40/100
|move|p2b: Indeedee|Psychic|p1b: Salamence
|-damage|p1b: Salamence|0 fnt
|faint|p1b: Salamence
|move|p1a: Politoed|Muddy Water|p2a: Meowscarada|[spread] p2a,p2b
|-resisted|p2a: Meowscarada
|-damage|p2a: Meowscarada|41/100
|-damage|p2b: Indeedee|71/100
|-unboost|p2b: Indeedee|accuracy|1
|
|-weather|RainDance|[upkeep]
|upkeep
|
|t:|1756218302
|switch|p1b: Mienshao|Mienshao, L50, M|100/100
|turn|4
|
|t:|1756218317
|-terastallize|p2b: Indeedee|Fairy
|move|p2b: Indeedee|Follow Me|p2b: Indeedee
|-singleturn|p2b: Indeedee|move: Follow Me
|move|p2a: Meowscarada|Flower Trick|p1a: Politoed
|-supereffective|p1a: Politoed
|-crit|p1a: Politoed
|-damage|p1a: Politoed|0 fnt
|faint|p1a: Politoed
|move|p1b: Mienshao|Knock Off|p2b: Indeedee
|-resisted|p2b: Indeedee
|-damage|p2b: Indeedee|49/100
|-enditem|p2b: Indeedee|Ability Shield|[from] move: Knock Off|[of] p1b: Mienshao
|
|-weather|RainDance|[upkeep]
|-sideend|p1: swerve88|Grass Pledge
|upkeep
|
|t:|1756218329
|switch|p1a: Archaludon|Archaludon, L50, M|100/100
|turn|5
|
|t:|1756218350
|switch|p2a: Armarouge|Armarouge, L50, M|100/100
|-terastallize|p1a: Archaludon|Fairy
|move|p2b: Indeedee|Follow Me|p2b: Indeedee
|-singleturn|p2b: Indeedee|move: Follow Me
|move|p1b: Mienshao|Close Combat|p2b: Indeedee
|-resisted|p2b: Indeedee
|-damage|p2b: Indeedee|8/100
|-unboost|p1b: Mienshao|def|1
|-unboost|p1b: Mienshao|spd|1
|move|p1a: Archaludon|Flash Cannon|p2b: Indeedee
|-supereffective|p2b: Indeedee
|-damage|p2b: Indeedee|0 fnt
|faint|p2b: Indeedee
|
|-weather|none
|upkeep
|
|t:|1756218363
|switch|p2b: Meowscarada|Meowscarada, L50, M|41/100
|turn|6
|inactive|swerve88 has 30 seconds left.
|
|t:|1756218392
|move|p2b: Meowscarada|Knock Off|p1a: Archaludon
|-resisted|p1a: Archaludon
|-damage|p1a: Archaludon|84/100
|-ability|p1a: Archaludon|Stamina|boost
|-boost|p1a: Archaludon|def|1
|-enditem|p1a: Archaludon|Assault Vest|[from] move: Knock Off|[of] p2b: Meowscarada
|move|p1b: Mienshao|Knock Off|p2a: Armarouge
|-supereffective|p2a: Armarouge
|-damage|p2a: Armarouge|27/100
|-enditem|p2a: Armarouge|Twisted Spoon|[from] move: Knock Off|[of] p1b: Mienshao
|move|p2a: Armarouge|Armor Cannon|p1a: Archaludon
|-crit|p1a: Archaludon
|-damage|p1a: Archaludon|0 fnt
|-unboost|p2a: Armarouge|def|1
|-unboost|p2a: Armarouge|spd|1
|faint|p1a: Archaludon
|
|upkeep
|turn|7
|inactive|swerve88 has 30 seconds left.
|inactive|TheEvanTran has 30 seconds left.
|inactive|swerve88 has 20 seconds left.
|inactive|TheEvanTran has 20 seconds left.
|inactive|swerve88 has 15 seconds left.
|inactive|TheEvanTran has 15 seconds left.
|inactive|TheEvanTran has 10 seconds left.
|
|t:|1756218439
|move|p2b: Meowscarada|Protect|p2b: Meowscarada
|-singleturn|p2b: Meowscarada|Protect
|move|p1b: Mienshao|Knock Off|p2a: Armarouge
|-supereffective|p2a: Armarouge
|-damage|p2a: Armarouge|0 fnt
|faint|p2a: Armarouge
|
|-fieldend|move: Psychic Terrain
|upkeep
|turn|8
|
|t:|1756218446
|move|p2b: Meowscarada|Knock Off|p1b: Mienshao
|-resisted|p1b: Mienshao
|-damage|p1b: Mienshao|28/100
|-enditem|p1b: Mienshao|Focus Sash|[from] move: Knock Off|[of] p2b: Meowscarada
|move|p1b: Mienshao|Close Combat|p2b: Meowscarada
|-supereffective|p2b: Meowscarada
|-damage|p2b: Meowscarada|0 fnt
|-unboost|p1b: Mienshao|def|1
|-unboost|p1b: Mienshao|spd|1
|faint|p2b: Meowscarada
|
|win|swerve88
