|j|☆radonvgc
|j|☆yeray402
|html|radonvgcyeray402    
|uhtml|bestof|Game 3 of a best-of-3
|t:|1783270297
|gametype|doubles
|player|p1|radonvgc|169|1179
|player|p2|yeray402|101|1187
|gen|9
|tier|[Gen 9 Champions] VGC 2026 Reg M-B (Bo3)
|rated|
|rule|Species Clause: Limit one of each Pokémon
|rule|Item Clause: Limit 1 of each item
|clearpoke
|poke|p1|Sneasler, L50, M|
|poke|p1|Kingambit, L50, M|
|poke|p1|Farigiraf, L50, M|
|poke|p1|Sceptile, L50, F|
|poke|p1|Rotom-Heat, L50|
|poke|p1|Garchomp, L50, M|
|poke|p2|Kingambit, L50, M|
|poke|p2|Aerodactyl, L50, F|
|poke|p2|Charizard, L50, F|
|poke|p2|Sylveon, L50, M|
|poke|p2|Farigiraf, L50, M|
|poke|p2|Garchomp, L50, M|
|teampreview|4
|showteam|p1|Sneasler||FocusSash|Unburden|CloseCombat,GunkShot,FakeOut,Coaching|Jolly||M|||50|]Kingambit||ChopleBerry|Defiant|KowtowCleave,SuckerPunch,IronHead,Protect|Adamant||M|||50|]Farigiraf||SitrusBerry|ArmorTail|TwinBeam,TrickRoom,HelpingHand,Protect|Modest||M|||50|]Sceptile||Sceptilite|Overgrow|LeafStorm,DragonPulse,Protect,EarthPower|Timid||F|||50|]Rotom-Heat||ChoiceScarf|Levitate|Overheat,VoltSwitch,Electroweb,Discharge|Timid|||||50|]Garchomp||LifeOrb|RoughSkin|Earthquake,DragonClaw,RockSlide,Protect|Jolly||M|||50|
|showteam|p2|Kingambit||FocusSash|Defiant|LowKick,KowtowCleave,SuckerPunch,IronHead|Adamant||M|||50|]Aerodactyl||Aerodactylite|Unnerve|RockSlide,DualWingbeat,IceFang,Tailwind|Jolly||F|||50|]Charizard||CharizarditeY|Blaze|Protect,HeatWave,WeatherBall,SolarBeam|Modest||F|||50|]Sylveon||FairyFeather|Pixilate|Protect,HyperVoice,HyperBeam,QuickAttack|Modest||M|||50|]Farigiraf||SitrusBerry|ArmorTail|PsychicFangs,Thunderbolt,TrickRoom,Roar|Bold||M|||50|]Garchomp||LifeOrb|RoughSkin|Protect,DragonClaw,StompingTantrum,Earthquake|Jolly||M|||50|
|inactive|Battle timer is ON: inactive players will automatically lose when time's up. (requested by radonvgc)
|inactive|radonvgc has 60 seconds left.
|inactive|yeray402 has 60 seconds left.
|
|t:|1783270337
|teamsize|p1|4
|teamsize|p2|4
|start
|switch|p1a: Rotom|Rotom-Heat, L50|100/100
|switch|p1b: Garchomp|Garchomp, L50, M|100/100
|switch|p2a: Charizard|Charizard, L50, F|100/100
|switch|p2b: Garchomp|Garchomp, L50, M|100/100
|turn|1
|
|t:|1783270356
|switch|p1a: Sneasler|Sneasler, L50, M|100/100
|move|p2a: Charizard|Protect|p2a: Charizard
|-singleturn|p2a: Charizard|Protect
|move|p1b: Garchomp|Dragon Claw|p2b: Garchomp
|-supereffective|p2b: Garchomp|1
|-damage|p2b: Garchomp|0 fnt
|-damage|p1b: Garchomp|87/100|[from] ability: Rough Skin|[of] p2b: Garchomp
|faint|p2b: Garchomp
|-damage|p1b: Garchomp|77/100|[from] item: Life Orb
|
|upkeep
|
|t:|1783270367
|switch|p2b: Sylveon|Sylveon, L50, M|100/100
|turn|2
|
|t:|1783270372
|switch|p2a: Farigiraf|Farigiraf, L50, M|100/100
|move|p1a: Sneasler|Fake Out||[still]
|cant|p2a: Farigiraf|ability: Armor Tail|Fake Out|[of] p1a: Sneasler
|move|p1b: Garchomp|Rock Slide|p2b: Sylveon|[spread] p2a,p2b
|-crit|p2a: Farigiraf
|-crit|p2b: Sylveon
|-damage|p2a: Farigiraf|68/100
|-damage|p2b: Sylveon|53/100
|-damage|p1b: Garchomp|68/100|[from] item: Life Orb
|move|p2b: Sylveon|Hyper Voice|p1a: Sneasler|[spread] p1a,p1b
|-supereffective|p1b: Garchomp|1
|-damage|p1a: Sneasler|36/100
|-damage|p1b: Garchomp|0 fnt
|faint|p1b: Garchomp
|
|upkeep
|
|t:|1783270378
|switch|p1b: Rotom|Rotom-Heat, L50|100/100
|turn|3
|inactive|yeray402 has 30 seconds left.
|
|t:|1783270406
|move|p2b: Sylveon|Protect|p2b: Sylveon
|-singleturn|p2b: Sylveon|Protect
|move|p1b: Rotom|Volt Switch|p2a: Farigiraf
|-damage|p2a: Farigiraf|38/100
|-enditem|p2a: Farigiraf|Sitrus Berry|[eat]
|-heal|p2a: Farigiraf|63/100|[from] item: Sitrus Berry
|
|t:|1783270409
|switch|p1b: Farigiraf|Farigiraf, L50, M|100/100|[from] Volt Switch
|move|p1a: Sneasler|Close Combat|p2a: Farigiraf
|-damage|p2a: Farigiraf|11/100
|-unboost|p1a: Sneasler|def|1
|-unboost|p1a: Sneasler|spd|1
|move|p2a: Farigiraf|Trick Room|p2a: Farigiraf
|-fieldstart|move: Trick Room|[of] p2a: Farigiraf
|
|upkeep
|turn|4
|inactive|radonvgc has 30 seconds left.
|inactive|yeray402 has 30 seconds left.
|inactive|radonvgc has 20 seconds left.
|inactive|yeray402 has 20 seconds left.
|inactive|radonvgc has 15 seconds left.
|inactive|radonvgc has 10 seconds left.
|
|t:|1783270458
|switch|p1a: Rotom|Rotom-Heat, L50|100/100
|move|p2a: Farigiraf|Thunderbolt|p1b: Farigiraf
|-damage|p1b: Farigiraf|80/100
|move|p2b: Sylveon|Hyper Voice|p1a: Rotom|[spread] p1a,p1b
|-resisted|p1a: Rotom|1
|-damage|p1a: Rotom|69/100
|-damage|p1b: Farigiraf|37/100
|-enditem|p1b: Farigiraf|Sitrus Berry|[eat]
|-heal|p1b: Farigiraf|62/100|[from] item: Sitrus Berry
|move|p1b: Farigiraf|Trick Room|p1b: Farigiraf
|-fieldend|move: Trick Room
|
|upkeep
|turn|5
|inactive|yeray402 has 30 seconds left.
|inactive|yeray402 has 20 seconds left.
|inactive|yeray402 has 15 seconds left.
|
|t:|1783270501
|move|p1b: Farigiraf|Helping Hand|p1a: Rotom
|-singleturn|p1a: Rotom|Helping Hand|[of] p1b: Farigiraf
|move|p1a: Rotom|Discharge|p2a: Farigiraf|[spread] p1b,p2a,p2b
|-damage|p1b: Farigiraf|26/100
|-damage|p2a: Farigiraf|0 fnt
|-damage|p2b: Sylveon|20/100y
|faint|p2a: Farigiraf
|move|p2b: Sylveon|Hyper Voice|p1a: Rotom|[spread] p1a,p1b
|-resisted|p1a: Rotom|1
|-damage|p1a: Rotom|38/100
|-damage|p1b: Farigiraf|0 fnt
|faint|p1b: Farigiraf
|
|upkeep
|
|t:|1783270510
|switch|p2a: Charizard|Charizard, L50, F|100/100
|switch|p1b: Sneasler|Sneasler, L50, M|36/100
|turn|6
|
|t:|1783270529
|detailschange|p2a: Charizard|Charizard-Mega-Y, L50, F
|-mega|p2a: Charizard|Charizard|Charizardite Y
|-weather|SunnyDay|[from] ability: Drought|[of] p2a: Charizard
|move|p2a: Charizard|Protect|p2a: Charizard
|-singleturn|p2a: Charizard|Protect
|move|p2b: Sylveon|Protect|p2b: Sylveon
|-singleturn|p2b: Sylveon|Protect
|move|p1b: Sneasler|Fake Out|p1a: Rotom
|-damage|p1a: Rotom|18/100
|cant|p1a: Rotom|flinch
|
|-weather|SunnyDay|[upkeep]
|upkeep
|turn|7
|inactive|yeray402 has 30 seconds left.
|
|t:|1783270562
|move|p2b: Sylveon|Quick Attack|p1b: Sneasler
|-damage|p1b: Sneasler|15/100
|move|p1a: Rotom|Discharge|p2b: Sylveon|[spread] p1b,p2a,p2b
|-supereffective|p2a: Charizard|1
|-damage|p1b: Sneasler|0 fnt
|-damage|p2a: Charizard|47/100
|-damage|p2b: Sylveon|0 fnt
|faint|p1b: Sneasler
|faint|p2b: Sylveon
|move|p2a: Charizard|Weather Ball|p1a: Rotom
|-resisted|p1a: Rotom|1
|-crit|p1a: Rotom
|-damage|p1a: Rotom|0 fnt
|faint|p1a: Rotom
|
|win|yeray402
|raw|radonvgc's rating: 1179 → 1155(-24 for losing)
|raw|yeray402's rating: 1187 → 1211(+24 for winning)
