|j|☆notoriousczr
|j|☆MeteorPlayz_
|html|notoriousczrMeteorPlayz_    
|uhtml|bestof|Game 2 of a best-of-3
|t:|1785339811
|gametype|doubles
|player|p1|notoriousczr|clown|1071
|player|p2|MeteorPlayz_|cynthia-masters4|1000
|gen|9
|tier|[Gen 9 Champions] VGC 2026 Reg M-B (Bo3)
|rated|
|rule|Species Clause: Limit one of each Pokémon
|rule|Item Clause: Limit 1 of each item
|clearpoke
|poke|p1|Drampa, L50, F|
|poke|p1|Diggersby, L50, M|
|poke|p1|Zoroark-Hisui, L50, F|
|poke|p1|Kangaskhan, L50, F|
|poke|p1|Lopunny, L50, M|
|poke|p1|Farigiraf, L50, M|
|poke|p2|Venusaur, L50, M|
|poke|p2|Charizard, L50, M|
|poke|p2|Farigiraf, L50, F|
|poke|p2|Incineroar, L50, F|
|poke|p2|Garchomp, L50, M|
|poke|p2|Sylveon, L50, M|
|teampreview|4
|showteam|p1|Drampa||SitrusBerry|Berserk|DragonPulse,HyperVoice,HeatWave,Protect|Modest||F|||50|]Diggersby||SilkScarf|HugePower|BodySlam,HighHorsepower,QuickAttack,Protect|Brave||M|||50|]Zoroark-Hisui||LifeOrb|Illusion|BitterMalice,Snarl,HyperVoice,Protect|Timid||F|||50|]Kangaskhan||Kangaskhanite|Scrappy|FakeOut,HammerArm,DoubleEdge,SuckerPunch|Adamant||F|||50|]Lopunny||Lopunnite|Limber|FakeOut,CloseCombat,TripleAxel,Protect|Jolly||M|||50|]Farigiraf||ColburBerry|ArmorTail|TrickRoom,Protect,Reflect,Psychic|Quiet||M|||50|
|showteam|p2|Venusaur||FocusSash|Chlorophyll|GigaDrain,SludgeBomb,Protect,EarthPower|Modest||M|||50|]Charizard||CharizarditeY|Blaze|HeatWave,WeatherBall,Protect,SolarBeam|Modest||M|||50|]Farigiraf||ColburBerry|ArmorTail|TrickRoom,HelpingHand,Thunderbolt,Psychic|Quiet||F|||50|]Incineroar||SitrusBerry|Intimidate|PartingShot,FakeOut,FlareBlitz,ThroatChop|Careful||F|||50|]Garchomp||LifeOrb|RoughSkin|Earthquake,Protect,DragonClaw,RockSlide|Adamant||M|||50|]Sylveon||FairyFeather|Pixilate|HyperBeam,HyperVoice,QuickAttack,Detect|Modest||M|||50|
|inactive|Battle timer is ON: inactive players will automatically lose when time's up. (requested by MeteorPlayz_)
|inactive|MeteorPlayz_ has 60 seconds left.
|
|t:|1785339853
|teamsize|p1|4
|teamsize|p2|4
|start
|switch|p1a: MonoPsychic|Farigiraf, L50, M|100/100
|switch|p1b: MonoDragon|Drampa, L50, F|100/100
|switch|p2a: Sylveon|Sylveon, L50, M|100/100
|switch|p2b: Farigiraf|Farigiraf, L50, F|100/100
|turn|1
|
|t:|1785339863
|move|p2a: Sylveon|Hyper Voice|p1a: MonoPsychic|[spread] p1a,p1b
|-supereffective|p1b: MonoDragon|1
|-damage|p1a: MonoPsychic|51/100
|-damage|p1b: MonoDragon|4/100
|-ability|p1b: MonoDragon|Berserk|boost
|-boost|p1b: MonoDragon|spa|1
|-enditem|p1b: MonoDragon|Sitrus Berry|[eat]
|-heal|p1b: MonoDragon|29/100|[from] item: Sitrus Berry
|move|p1a: MonoPsychic|Psychic|p2a: Sylveon
|-damage|p2a: Sylveon|69/100
|move|p1b: MonoDragon|Hyper Voice|p2b: Farigiraf|[spread] p2a,p2b
|-damage|p2a: Sylveon|24/100
|-damage|p2b: Farigiraf|35/100
|move|p2b: Farigiraf|Trick Room|p2b: Farigiraf
|-fieldstart|move: Trick Room|[of] p2b: Farigiraf
|
|upkeep
|turn|2
|
|t:|1785339879
|switch|p1a: MonoNormal(genius)|Kangaskhan, L50, F|100/100
|move|p2a: Sylveon|Detect|p2a: Sylveon
|-singleturn|p2a: Sylveon|Protect
|move|p1b: MonoDragon|Hyper Voice|p2a: Sylveon|[spread] p2b
|-activate|p2a: Sylveon|move: Protect
|-damage|p2b: Farigiraf|0 fnt
|faint|p2b: Farigiraf
|
|upkeep
|
|t:|1785339887
|switch|p2b: Incineroar|Incineroar, L50, F|100/100
|-ability|p2b: Incineroar|Intimidate|boost
|-fail|p1a: MonoNormal(genius)|unboost|Attack|[from] ability: Scrappy|[of] p1a: MonoNormal(genius)
|-unboost|p1b: MonoDragon|atk|1
|turn|3
|
|t:|1785339895
|detailschange|p1a: MonoNormal(genius)|Kangaskhan-Mega, L50, F
|-mega|p1a: MonoNormal(genius)|Kangaskhan|Kangaskhanite
|move|p2b: Incineroar|Fake Out|p1a: MonoNormal(genius)
|-damage|p1a: MonoNormal(genius)|90/100
|cant|p1a: MonoNormal(genius)|flinch
|move|p2a: Sylveon|Quick Attack|p1b: MonoDragon
|-supereffective|p1b: MonoDragon|1
|-damage|p1b: MonoDragon|1/100
|move|p1b: MonoDragon|Hyper Voice|p2b: Incineroar|[spread] p2a,p2b
|-damage|p2a: Sylveon|0 fnt
|-damage|p2b: Incineroar|62/100
|faint|p2a: Sylveon
|
|upkeep
|
|t:|1785339904
|switch|p2a: Garchomp|Garchomp, L50, M|100/100
|turn|4
|
|t:|1785339919
|move|p1b: MonoDragon|Hyper Voice|p2a: Garchomp|[spread] p2a,p2b
|-damage|p2a: Garchomp|32/100
|-damage|p2b: Incineroar|20/100y
|-enditem|p2b: Incineroar|Sitrus Berry|[eat]
|-heal|p2b: Incineroar|45/100|[from] item: Sitrus Berry
|move|p2b: Incineroar|Flare Blitz|p1a: MonoNormal(genius)
|-damage|p1a: MonoNormal(genius)|47/100
|-damage|p2b: Incineroar|30/100|[from] Recoil
|move|p1a: MonoNormal(genius)|Hammer Arm|p2b: Incineroar
|-supereffective|p2b: Incineroar|1
|-damage|p2b: Incineroar|0 fnt
|-unboost|p1a: MonoNormal(genius)|spe|1
|faint|p2b: Incineroar
|move|p2a: Garchomp|Rock Slide|p1b: MonoDragon|[spread] p1a,p1b
|-damage|p1a: MonoNormal(genius)|22/100
|-damage|p1b: MonoDragon|0 fnt
|faint|p1b: MonoDragon
|-damage|p2a: Garchomp|23/100|[from] item: Life Orb
|
|upkeep
|
|t:|1785339924
|switch|p1b: MonoGround|Diggersby, L50, M|100/100
|turn|5
|
|t:|1785339939
|move|p1b: MonoGround|Quick Attack|p2a: Garchomp
|-damage|p2a: Garchomp|0 fnt
|-damage|p1b: MonoGround|87/100|[from] ability: Rough Skin|[of] p2a: Garchomp
|faint|p2a: Garchomp
|
|win|notoriousczr
|raw|notoriousczr's rating: 1071 → 1094(+23 for winning)
|raw|MeteorPlayz_'s rating: 1000 → 1000(+0 for losing)
