|j|☆ShakenNBaken027
|j|☆iamtheratkng
|html|ShakenNBaken027iamtheratkng    
|uhtml|bestof|Game 2 of a best-of-3
|t:|1783131646
|gametype|doubles
|player|p1|ShakenNBaken027|266|
|player|p2|iamtheratkng|101|
|gen|9
|tier|[Gen 9 Champions] VGC 2026 Reg M-B (Bo3)
|rule|Species Clause: Limit one of each Pokémon
|rule|Item Clause: Limit 1 of each item
|clearpoke
|poke|p1|Floette-Eternal, L50, F|
|poke|p1|Sinistcha-Masterpiece, L50|
|poke|p1|Glimmora, L50, M|
|poke|p1|Meowstic, L50, M|
|poke|p1|Toxapex, L50, M|
|poke|p1|Armarouge, L50, M|
|poke|p2|Lucario, L50, F|
|poke|p2|Gengar, L50, M|
|poke|p2|Garchomp, L50, M|
|poke|p2|Blastoise, L50, M|
|poke|p2|Skeledirge, L50, M|
|poke|p2|Raichu, L50, M|
|teampreview|4
|showteam|p1|Floette-Eternal||Floettite|FlowerVeil|DazzlingGleam,DrainingKiss,Protect,LightofRuin|Timid||F|||50|]Sinistcha-Masterpiece||FocusSash|Hospitality|MatchaGotcha,RagePowder,Protect,ShadowBall|Bold|||||50|]Glimmora||Glimmoranite|ToxicDebris|SludgeWave,PowerGem,EarthPower,Spikes|Timid||M|||50|]Meowstic||QuickClaw|Prankster|FakeOut,LightScreen,Reflect,PsychicTerrain|Careful||M|||50|]Toxapex||PoisonBarb|Merciless|BanefulBunker,Liquidation,GunkShot,Hex|Brave||M|||50|]Armarouge||ExpertBelt|WeakArmor|WillOWisp,ExpandingForce,HeatWave,DarkPulse|Modest||M|||50|
|showteam|p2|Lucario||Lucarionite|Steadfast|AuraSphere,BrickBreak,CircleThrow,DragonPulse|Serious||F|||50|]Gengar|||CursedBody|DestinyBond,GunkShot,Haze,ClearSmog|Serious||M|||50|]Garchomp|||SandVeil|DracoMeteor,DragonPulse,BrickBreak,IronHead|Serious||M|||50|]Blastoise||Blastoisinite|Torrent|AuraSphere,BodyPress,DragonPulse,FlashCannon|Serious||M|||50|]Skeledirge|||Blaze|Crunch,Hex,FireBlast,FlameCharge|Serious||M|||50|]Raichu|||Static|IronTail,KnockOff,FocusPunch,Discharge|Modest||M|||50|
|
|t:|1783131678
|teamsize|p1|4
|teamsize|p2|4
|start
|switch|p1a: Glimmora|Glimmora, L50, M|100/100
|switch|p1b: Toxapex|Toxapex, L50, M|100/100
|switch|p2a: leonardo dihcaprio|Lucario, L50, F|100/100
|switch|p2b: my babygirl|Skeledirge, L50, M|100/100
|turn|1
|
|t:|1783131699
|detailschange|p2a: leonardo dihcaprio|Lucario-Mega, L50, F
|-mega|p2a: leonardo dihcaprio|Lucario|Lucarionite
|move|p1a: Glimmora|Earth Power|p2a: leonardo dihcaprio
|-supereffective|p2a: leonardo dihcaprio|1
|-damage|p2a: leonardo dihcaprio|15/100
|move|p2b: my babygirl|Fire Blast|p1b: Toxapex
|-resisted|p1b: Toxapex|1
|-damage|p1b: Toxapex|82/100
|move|p1b: Toxapex|Liquidation|p2b: my babygirl
|-supereffective|p2b: my babygirl|1
|-damage|p2b: my babygirl|35/100
|move|p2a: leonardo dihcaprio|Circle Throw|p1b: Toxapex
|-resisted|p1b: Toxapex|1
|-damage|p1b: Toxapex|68/100
|drag|p1b: Sinistcha|Sinistcha-Masterpiece, L50|100/100
|
|upkeep
|turn|2
|
|t:|1783131725
|move|p1b: Sinistcha|Rage Powder|p1b: Sinistcha
|-singleturn|p1b: Sinistcha|move: Rage Powder
|move|p1a: Glimmora|Earth Power|p2a: leonardo dihcaprio
|-supereffective|p2a: leonardo dihcaprio|1
|-damage|p2a: leonardo dihcaprio|0 fnt
|faint|p2a: leonardo dihcaprio
|move|p2b: my babygirl|Crunch|p1b: Sinistcha
|-supereffective|p1b: Sinistcha|1
|-damage|p1b: Sinistcha|75/100
|
|upkeep
|
|t:|1783131736
|switch|p2a: Raichu|Raichu, L50, M|100/100
|turn|3
|
|t:|1783131746
|move|p1a: Glimmora|Earth Power|p2a: Raichu
|-supereffective|p2a: Raichu|1
|-damage|p2a: Raichu|22/100
|move|p2a: Raichu|Discharge|p1a: Glimmora|[spread] p2b,p1a,p1b
|-resisted|p1b: Sinistcha|1
|-damage|p2b: my babygirl|14/100
|-damage|p1a: Glimmora|72/100
|-damage|p1b: Sinistcha|63/100
|-status|p1b: Sinistcha|par
|move|p2b: my babygirl|Hex|p1a: Glimmora
|-damage|p1a: Glimmora|42/100
|cant|p1b: Sinistcha|par
|
|upkeep
|turn|4
|
|t:|1783131771
|-singleturn|p2a: Raichu|move: Focus Punch
|move|p1a: Glimmora|Earth Power|p2a: Raichu
|-supereffective|p2a: Raichu|1
|-damage|p2a: Raichu|0 fnt
|faint|p2a: Raichu
|move|p2b: my babygirl|Flame Charge|p1a: Glimmora
|-resisted|p1a: Glimmora|1
|-crit|p1a: Glimmora
|-damage|p1a: Glimmora|16/100
|-boost|p2b: my babygirl|spe|1
|-activate|p1a: Glimmora|ability: Toxic Debris
|-sidestart|p2: iamtheratkng|move: Toxic Spikes
|move|p1b: Sinistcha|Shadow Ball|p2b: my babygirl
|-supereffective|p2b: my babygirl|1
|-damage|p2b: my babygirl|0 fnt
|faint|p2b: my babygirl
|
|upkeep
|
|t:|1783131792
|switch|p2b: tom cruise|Blastoise, L50, M|100/100
|-status|p2b: tom cruise|psn
|turn|5
|
|t:|1783131810
|switch|p1a: Toxapex|Toxapex, L50, M|68/100
|move|p2b: tom cruise|Flash Cannon|p1a: Toxapex
|-resisted|p1a: Toxapex|1
|-damage|p1a: Toxapex|61/100
|cant|p1b: Sinistcha|par
|
|-damage|p2b: tom cruise|87/100 psn|[from] psn
|upkeep
|turn|6
|
|t:|1783131829
|move|p2b: tom cruise|Body Press|p1b: Sinistcha
|-immune|p1b: Sinistcha
|move|p1a: Toxapex|Gunk Shot|p2b: tom cruise
|-crit|p2b: tom cruise
|-damage|p2b: tom cruise|15/100 psn
|move|p1b: Sinistcha|Matcha Gotcha|p2b: tom cruise
|-supereffective|p2b: tom cruise|1
|-damage|p2b: tom cruise|0 fnt
|-heal|p1b: Sinistcha|71/100 par|[from] drain|[of] p2b: tom cruise
|faint|p2b: tom cruise
|
|win|ShakenNBaken027
|l|☆ShakenNBaken027
|player|p1|
|l|☆iamtheratkng
|player|p2|
|j|☆ShakenNBaken027
|player|p1|ShakenNBaken027|266|
|n|☆ShakenNBaken027|shakennbaken027
