|j|☆Anicredible
|j|☆earthmeal
|html|Anicredibleearthmeal    
|uhtml|bestof|Game 1 of a best-of-3
|t:|1784392723
|gametype|doubles
|player|p1|Anicredible|schoolkid-gen4|1053
|player|p2|earthmeal|170|1116
|gen|9
|tier|[Gen 9 Champions] VGC 2026 Reg M-B (Bo3)
|rated|
|rule|Species Clause: Limit one of each Pokémon
|rule|Item Clause: Limit 1 of each item
|clearpoke
|poke|p1|Gholdengo, L50|
|poke|p1|Whimsicott, L50, M|
|poke|p1|Incineroar, L50, M|
|poke|p1|Grimmsnarl, L50, M|
|poke|p1|Garchomp, L50, M|
|poke|p1|Staraptor, L50, F, shiny|
|poke|p2|Jolteon, L50, F|
|poke|p2|Sylveon, L50, M|
|poke|p2|Espeon, L50, F|
|poke|p2|Vaporeon, L50, F|
|poke|p2|Floette-Eternal, L50, F|
|poke|p2|Umbreon, L50, F|
|teampreview|4
|showteam|p1|Gholdengo||MetalCoat|GoodasGold|Protect,NastyPlot,MakeItRain,ShadowBall|Modest|||||50|]Whimsicott||FocusSash|Prankster|Protect,Tailwind,Moonblast,Tickle|Timid||M|||50|]Incineroar||ShucaBerry|Intimidate|FakeOut,FlareBlitz,ThroatChop,PartingShot|Brave||M|||50|]Grimmsnarl||RoseliBerry|Prankster|Imprison,Reflect,PartingShot,SpiritBreak|Careful||M|||50|]Garchomp||LifeOrb|RoughSkin|Protect,DragonClaw,Earthquake,RockSlide|Jolly||M|||50|]Staraptor||Staraptite|Intimidate|Protect,Roost,CloseCombat,BraveBird|Jolly||F|||50|
|showteam|p2|Jolteon||FocusSash|VoltAbsorb|Electroweb,RainDance,Protect,Thunderbolt|Timid||F|||50|]Sylveon||FairyFeather|Pixilate|HyperBeam,Protect,HyperVoice,MysticalFire|Timid||M|||50|]Espeon||ChoiceScarf|MagicBounce|Trick,TrickRoom,PowerGem,Psychic|Rash||F|||50|]Vaporeon||Leftovers|WaterAbsorb|MuddyWater,IcyWind,Protect,Scald|Calm||F|||50|]Floette-Eternal||Floettite|FlowerVeil|LightofRuin,Moonblast,Protect,DazzlingGleam|Modest||F|||50|]Umbreon||SitrusBerry|InnerFocus|FoulPlay,Snarl,Toxic,AlluringVoice|Bold||F|||50|
|inactive|Battle timer is ON: inactive players will automatically lose when time's up. (requested by Anicredible)
|c|☆Anicredible|eevee
|c|☆Anicredible|what have they done to you
|inactive|Anicredible has 60 seconds left.
|inactive|earthmeal has 60 seconds left.
|inactive|Anicredible has 30 seconds left.
|inactive|earthmeal has 30 seconds left.
|inactive|Anicredible has 20 seconds left.
|inactive|Anicredible has 15 seconds left.
|inactive|Anicredible has 10 seconds left.
|inactive|Anicredible has 5 seconds left.
|
|t:|1784392811
|teamsize|p1|4
|teamsize|p2|4
|start
|switch|p1a: Gholdengo|Gholdengo, L50|100/100
|switch|p1b: Incineroar|Incineroar, L50, M|100/100
|switch|p2a: Jolteon|Jolteon, L50, F|100/100
|switch|p2b: Umbreon|Umbreon, L50, F|100/100
|-ability|p1b: Incineroar|Intimidate|boost
|-unboost|p2a: Jolteon|atk|1
|-fail|p2b: Umbreon|unboost|Attack|[from] ability: Inner Focus|[of] p2b: Umbreon
|turn|1
|inactive|Anicredible has 30 seconds left.
|inactive|Anicredible has 20 seconds left.
|inactive|Anicredible has 15 seconds left.
|
|t:|1784392854
|move|p2a: Jolteon|Protect|p2a: Jolteon
|-singleturn|p2a: Jolteon|Protect
|move|p1b: Incineroar|Fake Out|p2b: Umbreon
|-damage|p2b: Umbreon|92/100
|move|p1a: Gholdengo|Nasty Plot|p1a: Gholdengo
|-boost|p1a: Gholdengo|spa|2
|move|p2b: Umbreon|Toxic|p1b: Incineroar
|-status|p1b: Incineroar|tox
|
|-damage|p1b: Incineroar|94/100 tox|[from] psn
|upkeep
|turn|2
|inactive|Anicredible has 30 seconds left.
|
|t:|1784392885
|move|p1a: Gholdengo|Protect|p1a: Gholdengo
|-singleturn|p1a: Gholdengo|Protect
|move|p2a: Jolteon|Electroweb|p1a: Gholdengo|[spread] p1b
|-activate|p1a: Gholdengo|move: Protect
|-damage|p1b: Incineroar|77/100 tox
|-unboost|p1b: Incineroar|spe|1
|move|p2b: Umbreon|Snarl|p1b: Incineroar|[spread] p1b
|-activate|p1a: Gholdengo|move: Protect
|-resisted|p1b: Incineroar|1
|-damage|p1b: Incineroar|73/100 tox
|-unboost|p1b: Incineroar|spa|1
|move|p1b: Incineroar|Parting Shot|p2b: Umbreon
|-unboost|p2b: Umbreon|atk|1
|-unboost|p2b: Umbreon|spa|1
|
|t:|1784392902
|switch|p1b: Whimsicott|Whimsicott, L50, M|100/100|[from] Parting Shot
|
|upkeep
|turn|3
|inactive|Anicredible has 30 seconds left.
|
|t:|1784392935
|move|p2a: Jolteon|Electroweb|p1b: Whimsicott|[spread] p1a
|-miss|p2a: Jolteon|p1b: Whimsicott
|-damage|p1a: Gholdengo|78/100
|-unboost|p1a: Gholdengo|spe|1
|move|p1b: Whimsicott|Moonblast|p2a: Jolteon
|-damage|p2a: Jolteon|53/100
|move|p1a: Gholdengo|Shadow Ball|p2a: Jolteon
|-damage|p2a: Jolteon|0 fnt
|faint|p2a: Jolteon
|move|p2b: Umbreon|Snarl|p1a: Gholdengo|[spread] p1a,p1b
|-supereffective|p1a: Gholdengo|1
|-resisted|p1b: Whimsicott|1
|-damage|p1a: Gholdengo|64/100
|-damage|p1b: Whimsicott|95/100
|-unboost|p1a: Gholdengo|spa|1
|-unboost|p1b: Whimsicott|spa|1
|
|upkeep
|
|t:|1784392954
|switch|p2a: Vaporeon|Vaporeon, L50, F|100/100
|turn|4
|inactive|Anicredible has 30 seconds left.
|inactive|Anicredible has 20 seconds left.
|inactive|Anicredible has 15 seconds left.
|inactive|Anicredible has 10 seconds left.
|inactive|Anicredible has 5 seconds left.
|
|t:|1784393006
|move|p1b: Whimsicott|Moonblast|p2b: Umbreon
|-supereffective|p2b: Umbreon|1
|-damage|p2b: Umbreon|58/100
|move|p1a: Gholdengo|Nasty Plot|p1a: Gholdengo
|-boost|p1a: Gholdengo|spa|2
|move|p2a: Vaporeon|Icy Wind|p1b: Whimsicott|[spread] p1a,p1b
|-resisted|p1a: Gholdengo|1
|-supereffective|p1b: Whimsicott|1
|-damage|p1a: Gholdengo|58/100
|-damage|p1b: Whimsicott|57/100
|-unboost|p1a: Gholdengo|spe|1
|-unboost|p1b: Whimsicott|spe|1
|move|p2b: Umbreon|Toxic|p1b: Whimsicott
|-status|p1b: Whimsicott|tox
|
|-damage|p1b: Whimsicott|51/100 tox|[from] psn
|upkeep
|turn|5
|
|t:|1784393025
|move|p1b: Whimsicott|Tailwind|p1b: Whimsicott
|-sidestart|p1: Anicredible|move: Tailwind
|move|p1a: Gholdengo|Make It Rain|p2b: Umbreon|[spread] p2a,p2b
|-resisted|p2a: Vaporeon|1
|-damage|p2a: Vaporeon|58/100
|-damage|p2b: Umbreon|0 fnt
|-unboost|p1a: Gholdengo|spa|2
|faint|p2b: Umbreon
|move|p2a: Vaporeon|Muddy Water|p1a: Gholdengo|[spread] p1a
|-miss|p2a: Vaporeon|p1b: Whimsicott
|-damage|p1a: Gholdengo|29/100
|
|-heal|p2a: Vaporeon|64/100|[from] item: Leftovers
|-damage|p1b: Whimsicott|40/100 tox|[from] psn
|upkeep
|
|t:|1784393040
|switch|p2b: Floette|Floette-Eternal, L50, F|100/100
|turn|6
|
|t:|1784393055
|detailschange|p2b: Floette|Floette-Mega, L50, F
|-mega|p2b: Floette|Floette|Floettite
|-ability|p2b: Floette|Fairy Aura
|move|p2b: Floette|Protect|p2b: Floette
|-singleturn|p2b: Floette|Protect
|move|p1b: Whimsicott|Moonblast|p2a: Vaporeon
|-damage|p2a: Vaporeon|47/100
|move|p1a: Gholdengo|Make It Rain|p2b: Floette|[spread] p2a
|-activate|p2b: Floette|move: Protect
|-resisted|p2a: Vaporeon|1
|-damage|p2a: Vaporeon|18/100
|-unboost|p1a: Gholdengo|spa|2
|move|p2a: Vaporeon|Icy Wind|p1a: Gholdengo|[spread] p1a,p1b
|-resisted|p1a: Gholdengo|1
|-supereffective|p1b: Whimsicott|1
|-damage|p1a: Gholdengo|23/100
|-damage|p1b: Whimsicott|3/100 tox
|-unboost|p1a: Gholdengo|spe|1
|-unboost|p1b: Whimsicott|spe|1
|
|-heal|p2a: Vaporeon|24/100|[from] item: Leftovers
|-damage|p1b: Whimsicott|0 fnt|[from] psn
|faint|p1b: Whimsicott
|upkeep
|
|t:|1784393075
|switch|p1b: Incineroar|Incineroar, L50, M|73/100 tox
|-ability|p1b: Incineroar|Intimidate|boost
|-unboost|p2a: Vaporeon|atk|1
|-unboost|p2b: Floette|atk|1
|turn|7
|
|t:|1784393087
|switch|p1a: Staraptor|Staraptor, L50, F, shiny|100/100
|-ability|p1a: Staraptor|Intimidate|boost
|-unboost|p2a: Vaporeon|atk|1
|-unboost|p2b: Floette|atk|1
|move|p1b: Incineroar|Parting Shot|p2b: Floette
|-unboost|p2b: Floette|atk|1
|-unboost|p2b: Floette|spa|1
|
|t:|1784393094
|switch|p1b: Gholdengo|Gholdengo, L50|23/100|[from] Parting Shot
|move|p2b: Floette|Dazzling Gleam|p1a: Staraptor|[spread] p1a,p1b
|-resisted|p1b: Gholdengo|1
|-damage|p1a: Staraptor|56/100
|-damage|p1b: Gholdengo|6/100
|move|p2a: Vaporeon|Muddy Water|p1b: Gholdengo|[spread] p1a,p1b
|-damage|p1a: Staraptor|21/100
|-damage|p1b: Gholdengo|0 fnt
|-unboost|p1a: Staraptor|accuracy|1
|faint|p1b: Gholdengo
|
|-heal|p2a: Vaporeon|30/100|[from] item: Leftovers
|upkeep
|
|t:|1784393103
|switch|p1b: Incineroar|Incineroar, L50, M|73/100 tox
|-ability|p1b: Incineroar|Intimidate|boost
|-unboost|p2a: Vaporeon|atk|1
|-unboost|p2b: Floette|atk|1
|turn|8
|
|t:|1784393127
|move|p2b: Floette|Protect|p2b: Floette
|-singleturn|p2b: Floette|Protect
|move|p2a: Vaporeon|Protect|p2a: Vaporeon
|-singleturn|p2a: Vaporeon|Protect
|move|p1b: Incineroar|Fake Out|p2a: Vaporeon
|-activate|p2a: Vaporeon|move: Protect
|move|p1a: Staraptor|Roost|p1a: Staraptor
|-heal|p1a: Staraptor|71/100
|-singleturn|p1a: Staraptor|move: Roost
|
|-heal|p2a: Vaporeon|36/100|[from] item: Leftovers
|-damage|p1b: Incineroar|67/100 tox|[from] psn
|-sideend|p1: Anicredible|move: Tailwind
|upkeep
|turn|9
|inactive|Anicredible has 30 seconds left.
|inactive|earthmeal has 30 seconds left.
|inactive|Anicredible has 20 seconds left.
|inactive|Anicredible has 15 seconds left.
|inactive|Anicredible has 10 seconds left.
|
|t:|1784393175
|move|p1a: Staraptor|Protect|p1a: Staraptor
|-singleturn|p1a: Staraptor|Protect
|move|p2b: Floette|Light of Ruin|p1a: Staraptor
|-activate|p1a: Staraptor|move: Protect
|move|p2a: Vaporeon|Muddy Water|p1a: Staraptor|[spread] p1b
|-activate|p1a: Staraptor|move: Protect
|-supereffective|p1b: Incineroar|1
|-damage|p1b: Incineroar|26/100 tox
|move|p1b: Incineroar|Flare Blitz|p2b: Floette
|-damage|p2b: Floette|41/100
|-damage|p1b: Incineroar|10/100 tox|[from] Recoil
|
|-heal|p2a: Vaporeon|42/100|[from] item: Leftovers
|-damage|p1b: Incineroar|0 fnt|[from] psn
|faint|p1b: Incineroar
|upkeep
|turn|10
|inactive|Anicredible has 30 seconds left.
|inactive|earthmeal has 30 seconds left.
|inactive|Anicredible has 20 seconds left.
|
|t:|1784393213
|detailschange|p1a: Staraptor|Staraptor-Mega, L50, F, shiny
|-mega|p1a: Staraptor|Staraptor|Staraptite
|move|p1a: Staraptor|Brave Bird|p2b: Floette
|-damage|p2b: Floette|0 fnt
|faint|p2b: Floette
|-damage|p1a: Staraptor|59/100|[from] Recoil
|move|p2a: Vaporeon|Icy Wind|p1a: Staraptor
|-supereffective|p1a: Staraptor|1
|-damage|p1a: Staraptor|29/100
|-boost|p1a: Staraptor|spe|1
|
|-heal|p2a: Vaporeon|48/100|[from] item: Leftovers
|upkeep
|turn|11
|
|t:|1784393229
|move|p1a: Staraptor|Roost|p1a: Staraptor
|-heal|p1a: Staraptor|79/100
|-singleturn|p1a: Staraptor|move: Roost
|move|p2a: Vaporeon|Scald|p1a: Staraptor
|-damage|p1a: Staraptor|50/100y
|-status|p1a: Staraptor|brn
|
|-heal|p2a: Vaporeon|54/100|[from] item: Leftovers
|-damage|p1a: Staraptor|43/100 brn|[from] brn
|upkeep
|turn|12
|
|t:|1784393242
|move|p1a: Staraptor|Close Combat|p2a: Vaporeon|[miss]
|-miss|p1a: Staraptor|p2a: Vaporeon
|move|p2a: Vaporeon|Scald|p1a: Staraptor
|-damage|p1a: Staraptor|12/100 brn
|
|-heal|p2a: Vaporeon|60/100|[from] item: Leftovers
|-damage|p1a: Staraptor|6/100 brn|[from] brn
|upkeep
|turn|13
|
|t:|1784393252
|move|p1a: Staraptor|Roost|p1a: Staraptor
|-heal|p1a: Staraptor|56/100 brn
|-singleturn|p1a: Staraptor|move: Roost
|move|p2a: Vaporeon|Scald|p1a: Staraptor
|-damage|p1a: Staraptor|27/100 brn
|
|-heal|p2a: Vaporeon|66/100|[from] item: Leftovers
|-damage|p1a: Staraptor|21/100 brn|[from] brn
|upkeep
|turn|14
|
|t:|1784393264
|move|p1a: Staraptor|Roost|p1a: Staraptor
|-heal|p1a: Staraptor|71/100 brn
|-singleturn|p1a: Staraptor|move: Roost
|move|p2a: Vaporeon|Scald|p1a: Staraptor
|-damage|p1a: Staraptor|42/100 brn
|
|-heal|p2a: Vaporeon|72/100|[from] item: Leftovers
|-damage|p1a: Staraptor|36/100 brn|[from] brn
|upkeep
|turn|15
|
|t:|1784393277
|move|p1a: Staraptor|Close Combat|p2a: Vaporeon
|-damage|p2a: Vaporeon|37/100
|-boost|p1a: Staraptor|def|1
|-boost|p1a: Staraptor|spd|1
|move|p2a: Vaporeon|Scald|p1a: Staraptor
|-damage|p1a: Staraptor|14/100 brn
|
|-heal|p2a: Vaporeon|43/100|[from] item: Leftovers
|-damage|p1a: Staraptor|7/100 brn|[from] brn
|upkeep
|turn|16
|
|t:|1784393289
|move|p1a: Staraptor|Roost|p1a: Staraptor
|-heal|p1a: Staraptor|57/100 brn
|-singleturn|p1a: Staraptor|move: Roost
|move|p2a: Vaporeon|Icy Wind|p1a: Staraptor
|-damage|p1a: Staraptor|47/100 brn
|-boost|p1a: Staraptor|spe|1
|
|-heal|p2a: Vaporeon|49/100|[from] item: Leftovers
|-damage|p1a: Staraptor|41/100 brn|[from] brn
|upkeep
|turn|17
|
|t:|1784393304
|move|p1a: Staraptor|Roost|p1a: Staraptor
|-heal|p1a: Staraptor|91/100 brn
|-singleturn|p1a: Staraptor|move: Roost
|move|p2a: Vaporeon|Scald|p1a: Staraptor
|-damage|p1a: Staraptor|72/100 brn
|
|-heal|p2a: Vaporeon|55/100|[from] item: Leftovers
|-damage|p1a: Staraptor|66/100 brn|[from] brn
|upkeep
|turn|18
|
|t:|1784393315
|move|p1a: Staraptor|Close Combat|p2a: Vaporeon
|-damage|p2a: Vaporeon|22/100
|-boost|p1a: Staraptor|def|1
|-boost|p1a: Staraptor|spd|1
|move|p2a: Vaporeon|Scald|p1a: Staraptor
|-damage|p1a: Staraptor|50/100y brn
|
|-heal|p2a: Vaporeon|28/100|[from] item: Leftovers
|-damage|p1a: Staraptor|43/100 brn|[from] brn
|upkeep
|turn|19
|
|t:|1784393327
|move|p2a: Vaporeon|Protect|p2a: Vaporeon
|-singleturn|p2a: Vaporeon|Protect
|move|p1a: Staraptor|Close Combat|p2a: Vaporeon
|-activate|p2a: Vaporeon|move: Protect
|
|-heal|p2a: Vaporeon|34/100|[from] item: Leftovers
|-damage|p1a: Staraptor|37/100 brn|[from] brn
|upkeep
|turn|20
|
|t:|1784393337
|move|p1a: Staraptor|Roost|p1a: Staraptor
|-heal|p1a: Staraptor|87/100 brn
|-singleturn|p1a: Staraptor|move: Roost
|move|p2a: Vaporeon|Scald|p1a: Staraptor
|-damage|p1a: Staraptor|72/100 brn
|
|-heal|p2a: Vaporeon|40/100|[from] item: Leftovers
|-damage|p1a: Staraptor|66/100 brn|[from] brn
|upkeep
|turn|21
|inactive|Anicredible has 30 seconds left.
|
|t:|1784393349
|move|p1a: Staraptor|Close Combat|p2a: Vaporeon
|-damage|p2a: Vaporeon|7/100
|-boost|p1a: Staraptor|def|1
|-boost|p1a: Staraptor|spd|1
|move|p2a: Vaporeon|Scald|p1a: Staraptor
|-damage|p1a: Staraptor|54/100 brn
|
|-heal|p2a: Vaporeon|13/100|[from] item: Leftovers
|-damage|p1a: Staraptor|47/100 brn|[from] brn
|upkeep
|turn|22
|inactive|Anicredible has 30 seconds left this turn.
|inactive|Anicredible has 20 seconds left.
|inactive|Anicredible has 15 seconds left.
|
|t:|1784393367
|move|p2a: Vaporeon|Protect|p2a: Vaporeon
|-singleturn|p2a: Vaporeon|Protect
|move|p1a: Staraptor|Close Combat|p2a: Vaporeon
|-activate|p2a: Vaporeon|move: Protect
|
|-heal|p2a: Vaporeon|19/100|[from] item: Leftovers
|-damage|p1a: Staraptor|41/100 brn|[from] brn
|upkeep
|turn|23
|inactive|Anicredible has 15 seconds left this turn.
|inactive|Anicredible has 10 seconds left.
|
|t:|1784393377
|move|p1a: Staraptor|Close Combat|p2a: Vaporeon
|-damage|p2a: Vaporeon|0 fnt
|-boost|p1a: Staraptor|def|1
|-boost|p1a: Staraptor|spd|1
|faint|p2a: Vaporeon
|
|win|Anicredible
||earthmeal is ready for game 2.
|c|☆Anicredible|ggwp
