|j|☆CEO of Crawdaunt
|j|☆ZekromAllDay
|html|CEO of CrawdauntZekromAllDay    
|uhtml|bestof|Game 1 of a best-of-3
|t:|1757787700
|gametype|doubles
|player|p1|CEO of Crawdaunt|parasollady|1242
|player|p2|ZekromAllDay|170|1243
|gen|9
|tier|[Gen 9] VGC 2025 Reg H (Bo3)
|rated|
|rule|Species Clause: Limit one of each Pokémon
|rule|Item Clause: Limit 1 of each item
|clearpoke
|poke|p1|Skeledirge, L50, M|
|poke|p1|Rillaboom, L50, M|
|poke|p1|Electabuzz, L50, M|
|poke|p1|Kingambit, L50, F|
|poke|p1|Dragonite, L50, F|
|poke|p1|Ninetales-Alola, L50, F|
|poke|p2|Indeedee, L50, M|
|poke|p2|Sneasler, L50, F|
|poke|p2|Volcarona, L50, M|
|poke|p2|Incineroar, L50, F|
|poke|p2|Dragonite, L50, F|
|poke|p2|Araquanid, L50, F|
|teampreview|4
|showteam|p1|Skeledirge||SitrusBerry|Unaware|TorchSong,TeraBlast,SlackOff,Protect|||M|||50|,,,,,Fairy]Rillaboom||AssaultVest|GrassySurge|WoodHammer,HighHorsepower,GrassyGlide,FakeOut|||M|||50|,,,,,Grass]Electabuzz||Eviolite|VitalSpirit|Thunderbolt,Taunt,FollowMe,Protect|||M|||50|,,,,,Electric]Kingambit||BlackGlasses|Defiant|KowtowCleave,SuckerPunch,SwordsDance,Protect|||F|||50|,,,,,Dark]Dragonite||LoadedDice|Multiscale|ScaleShot,ExtremeSpeed,Tailwind,Protect|||F|||50|,,,,,Normal]Ninetales-Alola||FocusSash|SnowWarning|Blizzard,Moonblast,AuroraVeil,Protect|||F|||50|,,,,,Ice
|showteam|p2|Indeedee||FocusSash|PsychicSurge|ExpandingForce,TrickRoom,TeraBlast,Protect|||M|||50|,,,,,Fighting]Sneasler||PsychicSeed|Unburden|CloseCombat,DireClaw,Protect,ThroatChop|||F|||50|,,,,,Dark]Volcarona||CovertCloak|FlameBody|QuiverDance,HeatWave,TeraBlast,Protect|||M|||50|,,,,,Fairy]Incineroar||SafetyGoggles|Intimidate|FakeOut,FlareBlitz,PartingShot,KnockOff|||F|||50|,,,,,Ghost]Dragonite||LoadedDice|InnerFocus|ScaleShot,Tailwind,Haze,Protect|||F|||50|,,,,,Fairy]Araquanid||ClearAmulet|WaterBubble|Liquidation,LeechLife,WideGuard,Protect|||F|||50|,,,,,Water
|
|t:|1757787742
|teamsize|p1|4
|teamsize|p2|4
|start
|switch|p1a: Skeledirge|Skeledirge, L50, M|100/100
|switch|p1b: Rillaboom|Rillaboom, L50, M|100/100
|switch|p2a: Volcarona|Volcarona, L50, M, shiny|100/100
|switch|p2b: Dragonite|Dragonite, L50, F|100/100
|-fieldstart|move: Grassy Terrain|[from] ability: Grassy Surge|[of] p1b: Rillaboom
|turn|1
|
|t:|1757787774
|switch|p1b: Electabuzz|Electabuzz, L50, M|100/100
|move|p2a: Volcarona|Quiver Dance|p2a: Volcarona
|-boost|p2a: Volcarona|spa|1
|-boost|p2a: Volcarona|spd|1
|-boost|p2a: Volcarona|spe|1
|move|p2b: Dragonite|Tailwind|p2b: Dragonite
|-sidestart|p2: ZekromAllDay|move: Tailwind
|move|p1a: Skeledirge|Torch Song|p2a: Volcarona
|-damage|p2a: Volcarona|64/100
|-boost|p1a: Skeledirge|spa|1
|
|-heal|p2a: Volcarona|70/100|[from] Grassy Terrain
|upkeep
|turn|2
|
|t:|1757787793
|-terastallize|p1a: Skeledirge|Fairy
|move|p1b: Electabuzz|Protect|p1b: Electabuzz
|-singleturn|p1b: Electabuzz|Protect
|move|p2a: Volcarona|Heat Wave|p1b: Electabuzz|[spread] p1a
|-activate|p1b: Electabuzz|move: Protect
|-damage|p1a: Skeledirge|58/100
|move|p2b: Dragonite|Scale Shot|p1a: Skeledirge
|-immune|p1a: Skeledirge
|move|p1a: Skeledirge|Torch Song|p2a: Volcarona
|-damage|p2a: Volcarona|20/100
|-boost|p1a: Skeledirge|spa|1
|
|-heal|p2a: Volcarona|26/100|[from] Grassy Terrain
|-heal|p1a: Skeledirge|64/100|[from] Grassy Terrain
|upkeep
|turn|3
|
|t:|1757787811
|switch|p1b: Dragonite|Dragonite, L50, F|100/100
|move|p2a: Volcarona|Heat Wave|p1a: Skeledirge|[spread] p1a,p1b
|-resisted|p1b: Dragonite
|-damage|p1a: Skeledirge|27/100
|-damage|p1b: Dragonite|84/100
|-enditem|p1a: Skeledirge|Sitrus Berry|[eat]
|-heal|p1a: Skeledirge|52/100|[from] item: Sitrus Berry
|move|p2b: Dragonite|Scale Shot|p1b: Dragonite|[miss]
|-miss|p2b: Dragonite|p1b: Dragonite
|move|p1a: Skeledirge|Tera Blast|p2b: Dragonite|[anim] Tera Blast Fairy
|-supereffective|p2b: Dragonite
|-damage|p2b: Dragonite|0 fnt
|faint|p2b: Dragonite
|
|-heal|p2a: Volcarona|32/100|[from] Grassy Terrain
|-heal|p1a: Skeledirge|58/100|[from] Grassy Terrain
|upkeep
|
|t:|1757787822
|switch|p2b: Incineroar|Incineroar, L50, F|100/100
|-ability|p2b: Incineroar|Intimidate|boost
|-unboost|p1a: Skeledirge|atk|1
|-unboost|p1b: Dragonite|atk|1
|turn|4
|
|t:|1757787834
|-terastallize|p2a: Volcarona|Fairy
|move|p1b: Dragonite|Protect|p1b: Dragonite
|-singleturn|p1b: Dragonite|Protect
|move|p1a: Skeledirge|Protect|p1a: Skeledirge
|-singleturn|p1a: Skeledirge|Protect
|move|p2b: Incineroar|Fake Out|p1a: Skeledirge
|-activate|p1a: Skeledirge|move: Protect
|move|p2a: Volcarona|Tera Blast|p1b: Dragonite|[anim] Tera Blast Fairy
|-activate|p1b: Dragonite|move: Protect
|
|-heal|p2a: Volcarona|38/100|[from] Grassy Terrain
|-heal|p1a: Skeledirge|64/100|[from] Grassy Terrain
|-sideend|p2: ZekromAllDay|move: Tailwind
|upkeep
|turn|5
|
|t:|1757787843
|move|p1b: Dragonite|Extreme Speed|p2a: Volcarona
|-damage|p2a: Volcarona|10/100
|move|p2a: Volcarona|Tera Blast|p1b: Dragonite|[anim] Tera Blast Fairy
|-supereffective|p1b: Dragonite
|-damage|p1b: Dragonite|0 fnt
|faint|p1b: Dragonite
|move|p1a: Skeledirge|Torch Song|p2a: Volcarona
|-crit|p2a: Volcarona
|-damage|p2a: Volcarona|0 fnt
|-boost|p1a: Skeledirge|spa|1
|faint|p2a: Volcarona
|move|p2b: Incineroar|Parting Shot|p1a: Skeledirge
|-unboost|p1a: Skeledirge|atk|1
|-unboost|p1a: Skeledirge|spa|1
|
|t:|1757787856
|switch|p2b: Sneasler|Sneasler, L50, F|100/100|[from] Parting Shot
|
|-heal|p1a: Skeledirge|70/100|[from] Grassy Terrain
|-fieldend|move: Grassy Terrain
|upkeep
|
|t:|1757787861
|switch|p2a: Incineroar|Incineroar, L50, F|100/100
|switch|p1b: Electabuzz|Electabuzz, L50, M|100/100
|-ability|p2a: Incineroar|Intimidate|boost
|-unboost|p1a: Skeledirge|atk|1
|-unboost|p1b: Electabuzz|atk|1
|turn|6
|
|t:|1757787872
|move|p1b: Electabuzz|Protect|p1b: Electabuzz
|-singleturn|p1b: Electabuzz|Protect
|move|p1a: Skeledirge|Protect|p1a: Skeledirge
|-singleturn|p1a: Skeledirge|Protect
|move|p2a: Incineroar|Fake Out|p1a: Skeledirge
|-activate|p1a: Skeledirge|move: Protect
|move|p2b: Sneasler|Dire Claw|p1b: Electabuzz
|-activate|p1b: Electabuzz|move: Protect
|
|upkeep
|turn|7
|
|t:|1757787880
|move|p2b: Sneasler|Protect|p2b: Sneasler
|-singleturn|p2b: Sneasler|Protect
|move|p1b: Electabuzz|Follow Me|p1b: Electabuzz
|-singleturn|p1b: Electabuzz|move: Follow Me
|move|p1a: Skeledirge|Torch Song|p2b: Sneasler
|-activate|p2b: Sneasler|move: Protect
|move|p2a: Incineroar|Knock Off|p1b: Electabuzz
|-damage|p1b: Electabuzz|69/100
|-enditem|p1b: Electabuzz|Eviolite|[from] move: Knock Off|[of] p2a: Incineroar
|
|upkeep
|turn|8
|
|t:|1757787891
|move|p1b: Electabuzz|Follow Me|p1b: Electabuzz
|-singleturn|p1b: Electabuzz|move: Follow Me
|move|p2b: Sneasler|Dire Claw|p1b: Electabuzz
|-damage|p1b: Electabuzz|14/100
|move|p1a: Skeledirge|Torch Song|p2b: Sneasler
|-damage|p2b: Sneasler|10/100
|-boost|p1a: Skeledirge|spa|1
|move|p2a: Incineroar|Flare Blitz|p1b: Electabuzz
|-damage|p1b: Electabuzz|0 fnt
|faint|p1b: Electabuzz
|-damage|p2a: Incineroar|96/100|[from] Recoil
|
|upkeep
|
|t:|1757787899
|switch|p1b: Rillaboom|Rillaboom, L50, M|100/100
|-fieldstart|move: Grassy Terrain|[from] ability: Grassy Surge|[of] p1b: Rillaboom
|turn|9
|
|t:|1757787907
|move|p2b: Sneasler|Protect|p2b: Sneasler
|-singleturn|p2b: Sneasler|Protect
|move|p1b: Rillaboom|High Horsepower|p2a: Incineroar
|-supereffective|p2a: Incineroar
|-damage|p2a: Incineroar|41/100
|move|p1a: Skeledirge|Tera Blast|p2a: Incineroar|[anim] Tera Blast Fairy
|-damage|p2a: Incineroar|0 fnt
|faint|p2a: Incineroar
|
|-heal|p2b: Sneasler|15/100|[from] Grassy Terrain
|-heal|p1a: Skeledirge|76/100|[from] Grassy Terrain
|upkeep
|turn|10
|
|t:|1757787916
|move|p1b: Rillaboom|Grassy Glide|p2b: Sneasler
|-resisted|p2b: Sneasler
|-damage|p2b: Sneasler|0 fnt
|faint|p2b: Sneasler
|
|win|CEO of Crawdaunt
||ZekromAllDay is ready for game 2.
||CEO of Crawdaunt is ready for game 2.
|uhtml|next|Next: Game 2 of 3
