|j|☆freudianbreath
|j|☆GetaJobApplication
|html|freudianbreathGetaJobApplication    
|uhtml|bestof|Game 2 of a best-of-3
|t:|1784151915
|gametype|doubles
|player|p1|freudianbreath|2|1062
|player|p2|GetaJobApplication|cynthia|1294
|gen|9
|tier|[Gen 9 Champions] VGC 2026 Reg M-B (Bo3)
|rated|
|rule|Species Clause: Limit one of each Pokémon
|rule|Item Clause: Limit 1 of each item
|clearpoke
|poke|p1|Incineroar, L50, F|
|poke|p1|Volcarona, L50, F|
|poke|p1|Sneasler, L50, F, shiny|
|poke|p1|Sinistcha, L50|
|poke|p1|Gyarados, L50, F|
|poke|p1|Grimmsnarl, L50, M|
|poke|p2|Garchomp, L50, F|
|poke|p2|Orthworm, L50, F|
|poke|p2|Annihilape, L50, M|
|poke|p2|Sinistcha-Masterpiece, L50|
|poke|p2|Toxapex, L50, F|
|poke|p2|Tyranitar, L50, F|
|teampreview|4
|showteam|p1|Incineroar||SitrusBerry|Intimidate|FakeOut,FlareBlitz,PartingShot,HelpingHand|Impish||F|||50|]Volcarona||Leftovers|FlameBody|HeatWave,GigaDrain,QuiverDance,Protect|Modest||F|||50|]Sneasler||FocusSash|PoisonTouch|CloseCombat,PoisonJab,FakeOut,QuickGuard|Jolly||F|||50|]Sinistcha||OccaBerry|Hospitality|MatchaGotcha,RagePowder,TrickRoom,Protect|Bold|||||50|]Gyarados||Gyaradosite|Intimidate|Waterfall,LashOut,DragonDance,Protect|Adamant||F|||50|]Grimmsnarl||LightClay|Prankster|SpiritBreak,Reflect,LightScreen,PartingShot|Careful||M|||50|
|showteam|p2|Garchomp||Garchompite|RoughSkin|Earthquake,DragonClaw,RockSlide,Protect|Adamant||F|||50|]Orthworm||SitrusBerry|EarthEater|BodyPress,IronHead,ShedTail,Protect|Relaxed||F|||50|]Annihilape||FocusSash|Defiant|Coaching,PhantomForce,CloseCombat,Taunt|Adamant||M|||50|]Sinistcha-Masterpiece||KasibBerry|Hospitality|MatchaGotcha,RagePowder,TrickRoom,Protect|Bold|||||50|]Toxapex||Leftovers|Regenerator|Toxic,WideGuard,Infestation,Protect|Bold||F|||50|]Tyranitar||Tyranitarite|SandStream|RockSlide,KnockOff,Protect,LowKick|Adamant||F|||50|
|inactive|Battle timer is ON: inactive players will automatically lose when time's up. (requested by GetaJobApplication)
|inactive|freudianbreath has 60 seconds left.
|
|t:|1784151992
|teamsize|p1|4
|teamsize|p2|4
|start
|switch|p1a: Grimmsnarl|Grimmsnarl, L50, M|100/100
|switch|p1b: Sneasler|Sneasler, L50, F, shiny|100/100
|switch|p2a: Annihilape|Annihilape, L50, M|100/100
|switch|p2b: Orthworm|Orthworm, L50, F|100/100
|turn|1
|inactive|freudianbreath has 30 seconds left.
|inactive|GetaJobApplication has 30 seconds left.
|inactive|freudianbreath has 20 seconds left.
|inactive|GetaJobApplication has 20 seconds left.
|inactive|freudianbreath has 15 seconds left.
|inactive|freudianbreath has 10 seconds left.
|
|t:|1784152040
|switch|p2b: Toxapex|Toxapex, L50, F|100/100
|move|p1b: Sneasler|Fake Out|p2b: Toxapex
|-damage|p2b: Toxapex|89/100
|move|p1a: Grimmsnarl|Reflect|p1a: Grimmsnarl
|-sidestart|p1: freudianbreath|Reflect
|move|p2a: Annihilape|Phantom Force||[still]
|-prepare|p2a: Annihilape|Phantom Force
|
|-heal|p2b: Toxapex|95/100|[from] item: Leftovers
|upkeep
|turn|2
|inactive|freudianbreath has 30 seconds left.
|inactive|freudianbreath has 20 seconds left.
|
|t:|1784152078
|move|p1a: Grimmsnarl|Light Screen|p1a: Grimmsnarl
|-sidestart|p1: freudianbreath|move: Light Screen
|move|p1b: Sneasler|Close Combat|p2a: Annihilape|[miss]
|-miss|p1b: Sneasler|p2a: Annihilape
|move|p2a: Annihilape|Phantom Force|p1b: Sneasler|[from] lockedmove
|-damage|p1b: Sneasler|48/100
|move|p2b: Toxapex|Toxic|p1a: Grimmsnarl
|-status|p1a: Grimmsnarl|tox
|
|-heal|p2b: Toxapex|100/100|[from] item: Leftovers
|-damage|p1a: Grimmsnarl|94/100 tox|[from] psn
|upkeep
|turn|3
|inactive|freudianbreath has 30 seconds left.
|
|t:|1784152107
|move|p1b: Sneasler|Poison Jab|p2a: Annihilape
|-resisted|p2a: Annihilape|1
|-damage|p2a: Annihilape|77/100
|move|p2a: Annihilape|Close Combat|p1a: Grimmsnarl
|-damage|p1a: Grimmsnarl|46/100 tox
|-unboost|p2a: Annihilape|def|1
|-unboost|p2a: Annihilape|spd|1
|move|p1a: Grimmsnarl|Spirit Break|p2a: Annihilape
|-supereffective|p2a: Annihilape|1
|-damage|p2a: Annihilape|0 fnt
|faint|p2a: Annihilape
|move|p2b: Toxapex|Infestation|p1b: Sneasler
|-resisted|p1b: Sneasler|2
|-damage|p1b: Sneasler|47/100
|-activate|p1b: Sneasler|move: Infestation|[of] p2b: Toxapex
|
|-damage|p1a: Grimmsnarl|34/100 tox|[from] psn
|-damage|p1b: Sneasler|35/100|[from] move: Infestation|[partiallytrapped]
|upkeep
|
|t:|1784152119
|switch|p2a: Orthworm|Orthworm, L50, F|100/100
|turn|4
|inactive|freudianbreath has 30 seconds left.
|
|t:|1784152145
|move|p1a: Grimmsnarl|Parting Shot|p2b: Toxapex
|-unboost|p2b: Toxapex|atk|1
|-unboost|p2b: Toxapex|spa|1
|inactive|freudianbreath has 30 seconds left.
|inactive|freudianbreath has 20 seconds left.
|
|t:|1784152181
|switch|p1a: Volcarona|Volcarona, L50, F|100/100|[from] Parting Shot
|move|p1b: Sneasler|Close Combat|p2a: Orthworm
|-supereffective|p2a: Orthworm|1
|-damage|p2a: Orthworm|13/100
|-unboost|p1b: Sneasler|def|1
|-unboost|p1b: Sneasler|spd|1
|-enditem|p2a: Orthworm|Sitrus Berry|[eat]
|-heal|p2a: Orthworm|38/100|[from] item: Sitrus Berry
|move|p2a: Orthworm|Shed Tail|p2a: Orthworm
|-fail|p2a: Orthworm|move: Shed Tail|[weak]
|move|p2b: Toxapex|Infestation|p1a: Volcarona
|-resisted|p1a: Volcarona|1
|-damage|p1a: Volcarona|99/100
|-activate|p1a: Volcarona|move: Infestation|[of] p2b: Toxapex
|-status|p2b: Toxapex|brn|[from] ability: Flame Body|[of] p1a: Volcarona
|
|-heal|p1a: Volcarona|100/100|[from] item: Leftovers
|-damage|p2b: Toxapex|94/100 brn|[from] brn
|-damage|p1b: Sneasler|23/100|[from] move: Infestation|[partiallytrapped]
|-damage|p1a: Volcarona|87/100|[from] move: Infestation|[partiallytrapped]
|upkeep
|turn|5
|inactive|freudianbreath has 30 seconds left.
|inactive|freudianbreath has 20 seconds left.
|
|t:|1784152217
|switch|p2a: Garchomp|Garchomp, L50, F|100/100
|move|p1b: Sneasler|Close Combat|p2a: Garchomp
|-damage|p2a: Garchomp|40/100
|-unboost|p1b: Sneasler|def|1
|-unboost|p1b: Sneasler|spd|1
|-damage|p1b: Sneasler|11/100|[from] ability: Rough Skin|[of] p2a: Garchomp
|move|p1a: Volcarona|Quiver Dance|p1a: Volcarona
|-boost|p1a: Volcarona|spa|1
|-boost|p1a: Volcarona|spd|1
|-boost|p1a: Volcarona|spe|1
|move|p2b: Toxapex|Toxic|p1a: Volcarona
|-status|p1a: Volcarona|tox
|
|-heal|p1a: Volcarona|93/100 tox|[from] item: Leftovers
|-heal|p2b: Toxapex|100/100 brn|[from] item: Leftovers
|-damage|p1a: Volcarona|87/100 tox|[from] psn
|-damage|p2b: Toxapex|94/100 brn|[from] brn
|-damage|p1a: Volcarona|75/100 tox|[from] move: Infestation|[partiallytrapped]
|-damage|p1b: Sneasler|0 fnt|[from] move: Infestation|[partiallytrapped]
|faint|p1b: Sneasler
|upkeep
|inactive|freudianbreath has 30 seconds left.
|inactive|freudianbreath has 20 seconds left.
|inactive|freudianbreath has 15 seconds left.
|
|t:|1784152258
|switch|p1b: Gyarados|Gyarados, L50, F|100/100
|-ability|p1b: Gyarados|Intimidate|boost
|-unboost|p2a: Garchomp|atk|1
|-unboost|p2b: Toxapex|atk|1
|turn|6
|
|t:|1784152280
|detailschange|p2a: Garchomp|Garchomp-Mega, L50, F
|-mega|p2a: Garchomp|Garchomp|Garchompite
|move|p1b: Gyarados|Protect|p1b: Gyarados
|-singleturn|p1b: Gyarados|Protect
|move|p1a: Volcarona|Giga Drain|p2a: Garchomp
|-damage|p2a: Garchomp|9/100
|-heal|p1a: Volcarona|92/100 tox|[from] drain|[of] p2a: Garchomp
|move|p2a: Garchomp|Rock Slide|p1b: Gyarados|[spread] p1a
|-activate|p1b: Gyarados|move: Protect
|-supereffective|p1a: Volcarona|2
|-damage|p1a: Volcarona|38/100 tox
|move|p2b: Toxapex|Infestation|p1b: Gyarados
|-activate|p1b: Gyarados|move: Protect
|
|-heal|p1a: Volcarona|44/100 tox|[from] item: Leftovers
|-heal|p2b: Toxapex|100/100 brn|[from] item: Leftovers
|-damage|p1a: Volcarona|31/100 tox|[from] psn
|-damage|p2b: Toxapex|94/100 brn|[from] brn
|-damage|p1a: Volcarona|19/100 tox|[from] move: Infestation|[partiallytrapped]
|upkeep
|turn|7
|inactive|freudianbreath has 30 seconds left.
|inactive|freudianbreath has 20 seconds left.
|inactive|freudianbreath has 15 seconds left.
|inactive|freudianbreath has 10 seconds left.
|inactive|freudianbreath has 5 seconds left.
|
|t:|1784152333
|detailschange|p1b: Gyarados|Gyarados-Mega, L50, F
|-mega|p1b: Gyarados|Gyarados|Gyaradosite
|-ability|p1b: Gyarados|Mold Breaker
|move|p2a: Garchomp|Protect|p2a: Garchomp
|-singleturn|p2a: Garchomp|Protect
|move|p2b: Toxapex|Protect|p2b: Toxapex
|-singleturn|p2b: Toxapex|Protect
|move|p1a: Volcarona|Giga Drain|p2b: Toxapex
|-activate|p2b: Toxapex|move: Protect
|move|p1b: Gyarados|Waterfall|p2a: Garchomp
|-activate|p2a: Garchomp|move: Protect
|
|-heal|p1a: Volcarona|25/100 tox|[from] item: Leftovers
|-heal|p2b: Toxapex|100/100 brn|[from] item: Leftovers
|-damage|p1a: Volcarona|6/100 tox|[from] psn
|-damage|p2b: Toxapex|94/100 brn|[from] brn
|-damage|p1a: Volcarona|0 fnt|[from] move: Infestation|[partiallytrapped]
|faint|p1a: Volcarona
|upkeep
|
|t:|1784152340
|switch|p1a: Grimmsnarl|Grimmsnarl, L50, M|34/100 tox
|turn|8
|inactive|freudianbreath has 30 seconds left.
|inactive|freudianbreath has 20 seconds left.
|
|t:|1784152378
|move|p1b: Gyarados|Protect|p1b: Gyarados
|-singleturn|p1b: Gyarados|Protect
|move|p2a: Garchomp|Rock Slide|p1a: Grimmsnarl|[spread] p1a
|-activate|p1b: Gyarados|move: Protect
|-damage|p1a: Grimmsnarl|22/100 tox
|cant|p1a: Grimmsnarl|flinch
|move|p2b: Toxapex|Toxic|p1b: Gyarados
|-activate|p1b: Gyarados|move: Protect
|
|-heal|p2b: Toxapex|100/100 brn|[from] item: Leftovers
|-damage|p1a: Grimmsnarl|16/100 tox|[from] psn
|-damage|p2b: Toxapex|94/100 brn|[from] brn
|-sideend|p1: freudianbreath|Reflect
|upkeep
|turn|9
|inactive|freudianbreath has 30 seconds left.
|inactive|freudianbreath has 20 seconds left.
|inactive|freudianbreath has 15 seconds left.
|inactive|freudianbreath has 10 seconds left.
|inactive|freudianbreath has 5 seconds left.
|
|t:|1784152429
|move|p1a: Grimmsnarl|Reflect|p1a: Grimmsnarl
|-sidestart|p1: freudianbreath|Reflect
|move|p1b: Gyarados|Waterfall|p2b: Toxapex
|-resisted|p2b: Toxapex|1
|-damage|p2b: Toxapex|76/100 brn
|move|p2a: Garchomp|Dragon Claw|p1b: Gyarados
|-damage|p1b: Gyarados|77/100
|move|p2b: Toxapex|Toxic|p1b: Gyarados
|-status|p1b: Gyarados|tox
|
|-heal|p2b: Toxapex|82/100 brn|[from] item: Leftovers
|-damage|p1b: Gyarados|71/100 tox|[from] psn
|-damage|p1a: Grimmsnarl|4/100 tox|[from] psn
|-damage|p2b: Toxapex|76/100 brn|[from] brn
|-sideend|p1: freudianbreath|move: Light Screen
|upkeep
|turn|10
|inactive|freudianbreath has 20 seconds left this turn.
|inactive|freudianbreath has 15 seconds left.
|inactive|freudianbreath has 10 seconds left.
|inactive|freudianbreath has 5 seconds left.
|
|t:|1784152447
|switch|p2a: Orthworm|Orthworm, L50, F|38/100
|move|p1b: Gyarados|Dragon Dance|p1b: Gyarados
|-boost|p1b: Gyarados|atk|1
|-boost|p1b: Gyarados|spe|1
|move|p1a: Grimmsnarl|Spirit Break|p2a: Orthworm
|-resisted|p2a: Orthworm|1
|-damage|p2a: Orthworm|27/100
|-unboost|p2a: Orthworm|spa|1
|move|p2b: Toxapex|Infestation|p1b: Gyarados
|-supereffective|p1b: Gyarados|1
|-damage|p1b: Gyarados|68/100 tox
|-activate|p1b: Gyarados|move: Infestation|[of] p2b: Toxapex
|
|-heal|p2b: Toxapex|82/100 brn|[from] item: Leftovers
|-damage|p1b: Gyarados|56/100 tox|[from] psn
|-damage|p1a: Grimmsnarl|0 fnt|[from] psn
|faint|p1a: Grimmsnarl
|-damage|p2b: Toxapex|76/100 brn|[from] brn
|-damage|p1b: Gyarados|44/100 tox|[from] move: Infestation|[partiallytrapped]
|upkeep
|turn|11
|inactive|freudianbreath has 5 seconds left this turn.
|
|t:|1784152457
|move|p2b: Toxapex|Protect|p2b: Toxapex
|-singleturn|p2b: Toxapex|Protect
|move|p1b: Gyarados|Waterfall|p2a: Orthworm
|-damage|p2a: Orthworm|0 fnt
|faint|p2a: Orthworm
|
|-heal|p2b: Toxapex|82/100 brn|[from] item: Leftovers
|-damage|p1b: Gyarados|25/100 tox|[from] psn
|-damage|p2b: Toxapex|76/100 brn|[from] brn
|-damage|p1b: Gyarados|13/100 tox|[from] move: Infestation|[partiallytrapped]
|upkeep
|
|t:|1784152459
|switch|p2a: Garchomp|Garchomp-Mega, L50, F|9/100
|turn|12
|inactive|freudianbreath has 5 seconds left this turn.
|
|t:|1784152463
|move|p2a: Garchomp|Protect|p2a: Garchomp
|-singleturn|p2a: Garchomp|Protect
|move|p2b: Toxapex|Protect||[still]
|-fail|p2b: Toxapex
|move|p1b: Gyarados|Waterfall|p2a: Garchomp
|-activate|p2a: Garchomp|move: Protect
|
|-heal|p2b: Toxapex|82/100 brn|[from] item: Leftovers
|-damage|p1b: Gyarados|0 fnt|[from] psn
|faint|p1b: Gyarados
|
|win|GetaJobApplication
|raw|freudianbreath's rating: 1062 → 1054(-8 for losing)
|raw|GetaJobApplication's rating: 1294 → 1304(+10 for winning)
|c|☆freudianbreath|Ggs
