|j|☆belinvgc
|j|☆TheDoomDraogn
|html|belinvgcTheDoomDraogn    
|uhtml|bestof|Game 2 of a best-of-3
|t:|1784648472
|gametype|doubles
|player|p1|belinvgc|101|1190
|player|p2|TheDoomDraogn|gentleman-gen4|1258
|gen|9
|tier|[Gen 9 Champions] VGC 2026 Reg M-B (Bo3)
|rated|
|rule|Species Clause: Limit one of each Pokémon
|rule|Item Clause: Limit 1 of each item
|clearpoke
|poke|p1|Pelipper, L50, M|
|poke|p1|Archaludon, L50, M|
|poke|p1|Grimmsnarl, L50, M|
|poke|p1|Basculegion, L50, M|
|poke|p1|Venusaur, L50, F|
|poke|p1|Charizard, L50, F|
|poke|p2|Charizard, L50, F, shiny|
|poke|p2|Metagross, L50, shiny|
|poke|p2|Hydreigon, L50, F|
|poke|p2|Incineroar, L50, F|
|poke|p2|Toxapex, L50, F, shiny|
|poke|p2|Annihilape, L50, F, shiny|
|teampreview|4
|showteam|p1|Pelipper||SitrusBerry|Drizzle|WeatherBall,Hurricane,Tailwind,WideGuard|Modest||M|||50|]Archaludon||Leftovers|Stamina|ElectroShot,DragonPulse,FlashCannon,Protect|Calm||M|||50|]Grimmsnarl||LightClay|Prankster|FoulPlay,LightScreen,Reflect,PartingShot|Calm||M|||50|]Basculegion||ChoiceScarf|Adaptability|WaveCrash,FlipTurn,LastRespects,AquaJet|Jolly||M|||50|]Venusaur||FocusSash|Chlorophyll|SleepPowder,SludgeBomb,EarthPower,Protect|Modest||F|||50|]Charizard||CharizarditeY|SolarPower|HeatWave,WeatherBall,SolarBeam,Protect|Modest||F|||50|
|showteam|p2|Charizard||CharizarditeY|Blaze|HeatWave,WeatherBall,SolarBeam,Protect|Modest||F|||50|]Metagross||Metagrossite|ClearBody|PsychicFangs,BulletPunch,IcePunch,Protect|Jolly|||||50|]Hydreigon||ChoiceScarf|Levitate|DarkPulse,DracoMeteor,Snarl,EarthPower|Modest||F|||50|]Incineroar||SitrusBerry|Intimidate|FlareBlitz,ThroatChop,PartingShot,FakeOut|Impish||F|||50|]Toxapex||Leftovers|Regenerator|Infestation,Toxic,WideGuard,BanefulBunker|Relaxed||F|||50|]Annihilape||FocusSash|Defiant|PhantomForce,CloseCombat,RockTomb,Protect|Jolly||F|||50|
|
|t:|1784648510
|teamsize|p1|4
|teamsize|p2|4
|start
|switch|p1a: Venusaur|Venusaur, L50, F|100/100
|switch|p1b: Grimmsnarl|Grimmsnarl, L50, M|100/100
|switch|p2a: Toxapex|Toxapex, L50, F, shiny|100/100
|switch|p2b: Charizard|Charizard, L50, F, shiny|100/100
|turn|1
|
|t:|1784648545
|detailschange|p2b: Charizard|Charizard-Mega-Y, L50, F, shiny
|-mega|p2b: Charizard|Charizard|Charizardite Y
|-weather|SunnyDay|[from] ability: Drought|[of] p2b: Charizard
|move|p1b: Grimmsnarl|Light Screen|p1b: Grimmsnarl
|-sidestart|p1: belinvgc|move: Light Screen
|move|p1a: Venusaur|Sleep Powder|p2a: Toxapex|[miss]
|-miss|p1a: Venusaur|p2a: Toxapex
|move|p2b: Charizard|Heat Wave|p1b: Grimmsnarl|[spread] p1a
|-miss|p2b: Charizard|p1b: Grimmsnarl
|-supereffective|p1a: Venusaur|1
|-damage|p1a: Venusaur|3/100
|move|p2a: Toxapex|Infestation|p1a: Venusaur
|-damage|p1a: Venusaur|1/100
|-activate|p1a: Venusaur|move: Infestation|[of] p2a: Toxapex
|
|-weather|SunnyDay|[upkeep]
|-damage|p1a: Venusaur|0 fnt|[from] move: Infestation|[partiallytrapped]
|faint|p1a: Venusaur
|upkeep
|
|t:|1784648553
|switch|p1a: Archaludon|Archaludon, L50, M|100/100
|turn|2
|
|t:|1784648575
|switch|p2b: Hydreigon|Hydreigon, L50, F|100/100
|switch|p1b: Pelipper|Pelipper, L50, M|100/100
|-weather|RainDance|[from] ability: Drizzle|[of] p1b: Pelipper
|move|p1a: Archaludon|Electro Shot||[still]
|-prepare|p1a: Archaludon|Electro Shot
|-boost|p1a: Archaludon|spa|1
|-anim|p1a: Archaludon|Electro Shot|p2b: Hydreigon
|-resisted|p2b: Hydreigon|1
|-damage|p2b: Hydreigon|68/100
|move|p2a: Toxapex|Infestation|p1b: Pelipper
|-resisted|p1b: Pelipper|1
|-damage|p1b: Pelipper|98/100
|-activate|p1b: Pelipper|move: Infestation|[of] p2a: Toxapex
|
|-weather|RainDance|[upkeep]
|-damage|p1b: Pelipper|86/100|[from] move: Infestation|[partiallytrapped]
|upkeep
|turn|3
|
|t:|1784648592
|move|p2a: Toxapex|Baneful Bunker|p2a: Toxapex
|-singleturn|p2a: Toxapex|move: Protect
|move|p2b: Hydreigon|Snarl|p1b: Pelipper|[spread] p1a,p1b
|-damage|p1a: Archaludon|84/100
|-damage|p1b: Pelipper|68/100
|-unboost|p1a: Archaludon|spa|1
|-unboost|p1b: Pelipper|spa|1
|-ability|p1a: Archaludon|Stamina|boost
|-boost|p1a: Archaludon|def|1
|move|p1a: Archaludon|Electro Shot||[still]
|-prepare|p1a: Archaludon|Electro Shot
|-boost|p1a: Archaludon|spa|1
|-anim|p1a: Archaludon|Electro Shot|p2a: Toxapex
|-activate|p2a: Toxapex|move: Protect
|move|p1b: Pelipper|Tailwind|p1b: Pelipper
|-sidestart|p1: belinvgc|move: Tailwind
|
|-weather|RainDance|[upkeep]
|-heal|p1a: Archaludon|91/100|[from] item: Leftovers
|-damage|p1b: Pelipper|56/100|[from] move: Infestation|[partiallytrapped]
|upkeep
|turn|4
|
|t:|1784648611
|switch|p2b: Charizard|Charizard-Mega-Y, L50, F, shiny|100/100
|-weather|SunnyDay|[from] ability: Drought|[of] p2b: Charizard
|move|p1a: Archaludon|Electro Shot||[still]
|-prepare|p1a: Archaludon|Electro Shot
|-boost|p1a: Archaludon|spa|1
|move|p1b: Pelipper|Hurricane|p2b: Charizard|[miss]
|-miss|p1b: Pelipper|p2b: Charizard
|move|p2a: Toxapex|Infestation|p1a: Archaludon
|-resisted|p1a: Archaludon|1
|-damage|p1a: Archaludon|90/100
|-activate|p1a: Archaludon|move: Infestation|[of] p2a: Toxapex
|-ability|p1a: Archaludon|Stamina|boost
|-boost|p1a: Archaludon|def|1
|
|-weather|SunnyDay|[upkeep]
|-heal|p1a: Archaludon|96/100|[from] item: Leftovers
|-damage|p1a: Archaludon|83/100|[from] move: Infestation|[partiallytrapped]
|-damage|p1b: Pelipper|44/100|[from] move: Infestation|[partiallytrapped]
|upkeep
|-enditem|p1b: Pelipper|Sitrus Berry|[eat]
|-heal|p1b: Pelipper|68/100|[from] item: Sitrus Berry
|turn|5
|
|t:|1784648640
|move|p2b: Charizard|Protect|p2b: Charizard
|-singleturn|p2b: Charizard|Protect
|move|p2a: Toxapex|Baneful Bunker|p2a: Toxapex
|-singleturn|p2a: Toxapex|move: Protect
|move|p1a: Archaludon|Electro Shot|p2b: Charizard|[from] lockedmove
|-activate|p2b: Charizard|move: Protect
|move|p1b: Pelipper|Hurricane|p2a: Toxapex
|-activate|p2a: Toxapex|move: Protect
|
|-weather|SunnyDay|[upkeep]
|-heal|p1a: Archaludon|90/100|[from] item: Leftovers
|-damage|p1a: Archaludon|77/100|[from] move: Infestation|[partiallytrapped]
|-damage|p1b: Pelipper|56/100|[from] move: Infestation|[partiallytrapped]
|upkeep
|turn|6
|
|t:|1784648657
|move|p1a: Archaludon|Dragon Pulse|p2b: Charizard
|-damage|p2b: Charizard|35/100
|move|p1b: Pelipper|Weather Ball|p2b: Charizard
|-resisted|p2b: Charizard|1
|-damage|p2b: Charizard|24/100
|move|p2b: Charizard|Weather Ball|p1a: Archaludon
|-damage|p1a: Archaludon|23/100
|-ability|p1a: Archaludon|Stamina|boost
|-boost|p1a: Archaludon|def|1
|move|p2a: Toxapex|Toxic|p1b: Pelipper
|-status|p1b: Pelipper|tox
|
|-weather|SunnyDay|[upkeep]
|-heal|p1a: Archaludon|29/100|[from] item: Leftovers
|-damage|p1b: Pelipper|50/100g tox|[from] psn
|-damage|p1a: Archaludon|17/100|[from] move: Infestation|[partiallytrapped]
|-damage|p1b: Pelipper|38/100 tox|[from] move: Infestation|[partiallytrapped]
|-sideend|p1: belinvgc|move: Tailwind
|upkeep
|turn|7
|
|t:|1784648698
|move|p1a: Archaludon|Protect|p1a: Archaludon
|-singleturn|p1a: Archaludon|Protect
|move|p2b: Charizard|Weather Ball|p1a: Archaludon
|-activate|p1a: Archaludon|move: Protect
|move|p1b: Pelipper|Tailwind|p1b: Pelipper
|-sidestart|p1: belinvgc|move: Tailwind
|move|p2a: Toxapex|Infestation|p1b: Pelipper
|-resisted|p1b: Pelipper|1
|-damage|p1b: Pelipper|37/100 tox
|
|-weather|SunnyDay|[upkeep]
|-heal|p1a: Archaludon|23/100|[from] item: Leftovers
|-damage|p1b: Pelipper|25/100 tox|[from] psn
|-damage|p1a: Archaludon|10/100|[from] move: Infestation|[partiallytrapped]
|-end|p1b: Pelipper|Infestation|[partiallytrapped]
|upkeep
|turn|8
|
|t:|1784648753
|switch|p1b: Grimmsnarl|Grimmsnarl, L50, M|100/100
|move|p1a: Archaludon|Dragon Pulse|p2b: Charizard
|-damage|p2b: Charizard|0 fnt
|faint|p2b: Charizard
|move|p2a: Toxapex|Infestation|p1b: Grimmsnarl
|-damage|p1b: Grimmsnarl|98/100
|-activate|p1b: Grimmsnarl|move: Infestation|[of] p2a: Toxapex
|
|-weather|none
|-heal|p1a: Archaludon|17/100|[from] item: Leftovers
|-end|p1a: Archaludon|Infestation|[partiallytrapped]
|-damage|p1b: Grimmsnarl|85/100|[from] move: Infestation|[partiallytrapped]
|-sideend|p1: belinvgc|move: Light Screen
|upkeep
|
|t:|1784648769
|switch|p2b: Hydreigon|Hydreigon, L50, F|68/100
|turn|9
|
|t:|1784648778
|move|p1b: Grimmsnarl|Parting Shot|p2a: Toxapex
|-unboost|p2a: Toxapex|atk|1
|-unboost|p2a: Toxapex|spa|1
|
|t:|1784648782
|switch|p1b: Pelipper|Pelipper, L50, M|25/100 tox|[from] Parting Shot
|-weather|RainDance|[from] ability: Drizzle|[of] p1b: Pelipper
|move|p1a: Archaludon|Dragon Pulse|p2b: Hydreigon
|-supereffective|p2b: Hydreigon|1
|-damage|p2b: Hydreigon|0 fnt
|faint|p2b: Hydreigon
|move|p2a: Toxapex|Infestation|p1a: Archaludon
|-resisted|p1a: Archaludon|1
|-damage|p1a: Archaludon|16/100
|-activate|p1a: Archaludon|move: Infestation|[of] p2a: Toxapex
|-ability|p1a: Archaludon|Stamina|boost
|-boost|p1a: Archaludon|def|1
|
|-weather|RainDance|[upkeep]
|-heal|p1a: Archaludon|22/100|[from] item: Leftovers
|-damage|p1b: Pelipper|19/100 tox|[from] psn
|-damage|p1a: Archaludon|9/100|[from] move: Infestation|[partiallytrapped]
|upkeep
|
|t:|1784648799
|switch|p2b: Incineroar|Incineroar, L50, F|100/100
|-ability|p2b: Incineroar|Intimidate|boost
|-unboost|p1a: Archaludon|atk|1
|-unboost|p1b: Pelipper|atk|1
|turn|10
|
|t:|1784648808
|move|p2b: Incineroar|Fake Out|p1a: Archaludon
|-resisted|p1a: Archaludon|1
|-damage|p1a: Archaludon|8/100
|-ability|p1a: Archaludon|Stamina|boost
|-boost|p1a: Archaludon|def|1
|cant|p1a: Archaludon|flinch
|move|p1b: Pelipper|Weather Ball|p2b: Incineroar
|-supereffective|p2b: Incineroar|1
|-damage|p2b: Incineroar|0 fnt
|faint|p2b: Incineroar
|move|p2a: Toxapex|Infestation|p1b: Pelipper
|-resisted|p1b: Pelipper|1
|-damage|p1b: Pelipper|18/100 tox
|-activate|p1b: Pelipper|move: Infestation|[of] p2a: Toxapex
|
|-weather|RainDance|[upkeep]
|-heal|p1a: Archaludon|14/100|[from] item: Leftovers
|-damage|p1b: Pelipper|6/100 tox|[from] psn
|-damage|p1a: Archaludon|2/100|[from] move: Infestation|[partiallytrapped]
|-damage|p1b: Pelipper|0 fnt|[from] move: Infestation|[partiallytrapped]
|faint|p1b: Pelipper
|-sideend|p1: belinvgc|move: Tailwind
|upkeep
|
|t:|1784648817
|switch|p1b: Grimmsnarl|Grimmsnarl, L50, M|85/100
|turn|11
|
|t:|1784648829
|move|p2a: Toxapex|Baneful Bunker|p2a: Toxapex
|-singleturn|p2a: Toxapex|move: Protect
|move|p1a: Archaludon|Electro Shot||[still]
|-prepare|p1a: Archaludon|Electro Shot
|-boost|p1a: Archaludon|spa|1
|-anim|p1a: Archaludon|Electro Shot|p2a: Toxapex
|-activate|p2a: Toxapex|move: Protect
|move|p1b: Grimmsnarl|Foul Play|p2a: Toxapex
|-activate|p2a: Toxapex|move: Protect
|-status|p1b: Grimmsnarl|psn
|
|-weather|RainDance|[upkeep]
|-heal|p1a: Archaludon|8/100|[from] item: Leftovers
|-damage|p1b: Grimmsnarl|73/100 psn|[from] psn
|-damage|p1a: Archaludon|0 fnt|[from] move: Infestation|[partiallytrapped]
|faint|p1a: Archaludon
|upkeep
|turn|12
|-message|belinvgc forfeited.
|
|win|TheDoomDraogn
|raw|belinvgc's rating: 1190 → 1170(-20 for losing)
|raw|TheDoomDraogn's rating: 1258 → 1278(+20 for winning)
|l|☆belinvgc
|player|p1|
