|j|☆ThunDragon67
|j|‽jfaria97
|html|ThunDragon67jfaria97    
|uhtml|bestof|Game 2 of a best-of-3
|t:|1756444901
|gametype|doubles
|player|p1|ThunDragon67|li|1078
|player|p2|jfaria97|red|1078
|gen|9
|tier|[Gen 9] VGC 2025 Reg H (Bo3)
|rated|
|rule|Species Clause: Limit one of each Pokémon
|rule|Item Clause: Limit 1 of each item
|clearpoke
|poke|p1|Tsareena, L50, F|
|poke|p1|Volcarona, L50, F|
|poke|p1|Archaludon, L50, M|
|poke|p1|Primarina, L50, M|
|poke|p1|Malamar, L50, F|
|poke|p1|Talonflame, L50, M|
|poke|p2|Garchomp, L50, M|
|poke|p2|Gholdengo, L50|
|poke|p2|Weezing-Galar, L50, F|
|poke|p2|Incineroar, L50, F|
|poke|p2|Dragonite, L50, M|
|poke|p2|Amoonguss, L50, M|
|teampreview|4
|showteam|p1|Tsareena||RockyHelmet|QueenlyMajesty|BulletSeed,LowSweep,Protect,Uturn|||F|||50|,,,,,Water]Volcarona||Leftovers|FlameBody|QuiverDance,RagePowder,FieryDance,BugBuzz|||F|||50|,,,,,Dark]Archaludon||PowerHerb|Stamina|BodyPress,FlashCannon,Protect,ElectroShot|||M|||50|,,,,,Fighting]Primarina||WeaknessPolicy|LiquidVoice|HyperVoice,IcyWind,Moonblast,Protect|||M|||50|,,,,,Ice]Malamar||SitrusBerry|Contrary|Superpower,TopsyTurvy,KnockOff,Protect|||F|||50|,,,,,Dark]Talonflame||FocusSash|GaleWings|BraveBird,FlameCharge,Protect,Tailwind|||M|||50|,,,,,Fire
|showteam|p2|Garchomp||LifeOrb|RoughSkin|Earthquake,StompingTantrum,DragonClaw,Protect|||M|||50|,,,,,Steel]Gholdengo||ChoiceSpecs|GoodasGold|MakeItRain,ShadowBall,Thunderbolt,Trick||||||50|,,,,,Steel]Weezing-Galar||SitrusBerry|NeutralizingGas|StrangeSteam,SludgeBomb,Taunt,Protect|||F|||50|,,,,,Dark]Incineroar||SafetyGoggles|Intimidate|FlareBlitz,KnockOff,FakeOut,PartingShot|||F|||50|,,,,,Ghost]Dragonite||ChoiceBand|InnerFocus|ExtremeSpeed,Outrage,AerialAce,StompingTantrum|||M|||50|,,,,,Normal]Amoonguss||Leftovers|Regenerator|RagePowder,ClearSmog,PollenPuff,Spore|||M|||50|,,,,,Water
|inactive|Battle timer is ON: inactive players will automatically lose when time's up. (requested by jfaria97)
|inactive|jfaria97 has 60 seconds left.
|
|t:|1756444964
|teamsize|p1|4
|teamsize|p2|4
|start
|switch|p1a: Talonflame|Talonflame, L50, M|100/100
|switch|p1b: Malamar|Malamar, L50, F|100/100
|switch|p2a: Incineroar|Incineroar, L50, F|100/100
|switch|p2b: Weezing|Weezing-Galar, L50, F|100/100
|-ability|p2b: Weezing|Neutralizing Gas
|turn|1
|
|t:|1756444983
|move|p1a: Talonflame|Protect|p1a: Talonflame
|-singleturn|p1a: Talonflame|Protect
|move|p2a: Incineroar|Fake Out|p1a: Talonflame
|-activate|p1a: Talonflame|move: Protect
|move|p1b: Malamar|Superpower|p2a: Incineroar
|-supereffective|p2a: Incineroar
|-damage|p2a: Incineroar|45/100
|-unboost|p1b: Malamar|atk|1
|-unboost|p1b: Malamar|def|1
|move|p2b: Weezing|Strange Steam|p1a: Talonflame
|-activate|p1a: Talonflame|move: Protect
|
|upkeep
|turn|2
|inactive|ThunDragon67 has 30 seconds left.
|inactive|ThunDragon67 has 20 seconds left.
|inactive|ThunDragon67 has 15 seconds left.
|
|t:|1756445024
|switch|p2a: Gholdengo|Gholdengo, L50|100/100
|move|p1a: Talonflame|Tailwind|p1a: Talonflame
|-sidestart|p1: ThunDragon67|move: Tailwind
|move|p1b: Malamar|Superpower|p2a: Gholdengo
|-immune|p2a: Gholdengo
|move|p2b: Weezing|Strange Steam|p1b: Malamar
|-supereffective|p1b: Malamar
|-crit|p1b: Malamar
|-damage|p1b: Malamar|2/100
|-start|p1b: Malamar|confusion
|-enditem|p1b: Malamar|Sitrus Berry|[eat]
|-heal|p1b: Malamar|27/100|[from] item: Sitrus Berry
|
|upkeep
|turn|3
|inactive|jfaria97 has 30 seconds left.
|
|t:|1756445054
|-terastallize|p1a: Talonflame|Fire
|move|p1a: Talonflame|Flame Charge|p2a: Gholdengo
|-supereffective|p2a: Gholdengo
|-damage|p2a: Gholdengo|31/100
|-boost|p1a: Talonflame|spe|1
|-activate|p1b: Malamar|confusion
|-damage|p1b: Malamar|15/100|[from] confusion
|move|p2a: Gholdengo|Thunderbolt|p1a: Talonflame
|-damage|p1a: Talonflame|32/100
|move|p2b: Weezing|Sludge Bomb|p1a: Talonflame
|-damage|p1a: Talonflame|0 fnt
|faint|p1a: Talonflame
|
|upkeep
|
|t:|1756445068
|switch|p1a: Volcarona|Volcarona, L50, F|100/100
|turn|4
|
|t:|1756445084
|switch|p2a: Incineroar|Incineroar, L50, F|45/100
|move|p2b: Weezing|Protect|p2b: Weezing
|-singleturn|p2b: Weezing|Protect
|move|p1a: Volcarona|Fiery Dance|p2a: Incineroar
|-resisted|p2a: Incineroar
|-damage|p2a: Incineroar|30/100
|-end|p1b: Malamar|confusion
|move|p1b: Malamar|Knock Off|p2b: Weezing
|-activate|p2b: Weezing|move: Protect
|
|upkeep
|turn|5
|
|t:|1756445100
|move|p1b: Malamar|Protect|p1b: Malamar
|-singleturn|p1b: Malamar|Protect
|move|p2a: Incineroar|Fake Out|p1a: Volcarona
|-damage|p1a: Volcarona|88/100
|cant|p1a: Volcarona|flinch
|move|p2b: Weezing|Strange Steam|p1b: Malamar
|-activate|p1b: Malamar|move: Protect
|
|-heal|p1a: Volcarona|94/100|[from] item: Leftovers
|-sideend|p1: ThunDragon67|move: Tailwind
|upkeep
|turn|6
|
|t:|1756445116
|switch|p1b: Archaludon|Archaludon, L50, M|100/100
|switch|p2a: Gholdengo|Gholdengo, L50|31/100
|move|p1a: Volcarona|Quiver Dance|p1a: Volcarona
|-boost|p1a: Volcarona|spa|1
|-boost|p1a: Volcarona|spd|1
|-boost|p1a: Volcarona|spe|1
|move|p2b: Weezing|Sludge Bomb|p1a: Volcarona
|-damage|p1a: Volcarona|73/100
|
|-heal|p1a: Volcarona|79/100|[from] item: Leftovers
|upkeep
|turn|7
|
|t:|1756445134
|move|p1a: Volcarona|Fiery Dance|p2a: Gholdengo
|-supereffective|p2a: Gholdengo
|-damage|p2a: Gholdengo|0 fnt
|-boost|p1a: Volcarona|spa|1
|faint|p2a: Gholdengo
|move|p1b: Archaludon|Flash Cannon|p2b: Weezing
|-supereffective|p2b: Weezing
|-damage|p2b: Weezing|23/100
|-enditem|p2b: Weezing|Sitrus Berry|[eat]
|-heal|p2b: Weezing|47/100|[from] item: Sitrus Berry
|move|p2b: Weezing|Sludge Bomb|p1a: Volcarona
|-damage|p1a: Volcarona|58/100
|-status|p1a: Volcarona|psn
|
|-heal|p1a: Volcarona|64/100 psn|[from] item: Leftovers
|-damage|p1a: Volcarona|52/100 psn|[from] psn
|upkeep
|
|t:|1756445139
|switch|p2a: Garchomp|Garchomp, L50, M|100/100
|turn|8
|inactive|ThunDragon67 has 30 seconds left.
|
|t:|1756445164
|move|p2b: Weezing|Protect|p2b: Weezing
|-singleturn|p2b: Weezing|Protect
|move|p1a: Volcarona|Bug Buzz|p2a: Garchomp
|-damage|p2a: Garchomp|12/100
|-unboost|p2a: Garchomp|spd|1
|move|p2a: Garchomp|Earthquake|p1a: Volcarona|[spread] p1a,p1b
|-activate|p2b: Weezing|move: Protect
|-supereffective|p1b: Archaludon
|-damage|p1a: Volcarona|0 fnt
|-damage|p1b: Archaludon|15/100
|faint|p1a: Volcarona
|-damage|p2a: Garchomp|3/100|[from] item: Life Orb
|move|p1b: Archaludon|Body Press|p2a: Garchomp
|-damage|p2a: Garchomp|0 fnt
|faint|p2a: Garchomp
|
|upkeep
|
|t:|1756445180
|switch|p2a: Incineroar|Incineroar, L50, F|30/100
|switch|p1a: Malamar|Malamar, L50, F|15/100
|turn|9
|
|t:|1756445188
|move|p1b: Archaludon|Protect|p1b: Archaludon
|-singleturn|p1b: Archaludon|Protect
|move|p1a: Malamar|Protect|p1a: Malamar
|-singleturn|p1a: Malamar|Protect
|move|p2a: Incineroar|Fake Out|p1b: Archaludon
|-activate|p1b: Archaludon|move: Protect
|move|p2b: Weezing|Strange Steam|p1b: Archaludon
|-activate|p1b: Archaludon|move: Protect
|
|upkeep
|turn|10
|
|t:|1756445212
|-terastallize|p2a: Incineroar|Ghost
|move|p1b: Archaludon|Flash Cannon|p2b: Weezing
|-supereffective|p2b: Weezing
|-damage|p2b: Weezing|0 fnt
|faint|p2b: Weezing
|-end|p2b: Weezing|ability: Neutralizing Gas
|-ability|p2a: Incineroar|Intimidate|boost
|-boost|p1a: Malamar|atk|1
|-unboost|p1b: Archaludon|atk|1
|move|p1a: Malamar|Knock Off|p2a: Incineroar
|-supereffective|p2a: Incineroar
|-damage|p2a: Incineroar|0 fnt
|-enditem|p2a: Incineroar|Safety Goggles|[from] move: Knock Off|[of] p1a: Malamar
|faint|p2a: Incineroar
|
|win|ThunDragon67
||jfaria97 is ready for game 3.
|inactive|ThunDragon67 has 30 seconds to confirm battle start!
||ThunDragon67 is ready for game 3.
|uhtml|next|Next: Game 3 of 3
|l|‽jfaria97
|player|p2|
