|j|☆WhatsUpkeep
|j|☆jackpaulsartre33
|html|WhatsUpkeepjackpaulsartre33    
|uhtml|bestof|Game 3 of a best-of-3
|t:|1785458958
|gametype|doubles
|player|p1|WhatsUpkeep|backersf|1147
|player|p2|jackpaulsartre33|silver|1136
|gen|9
|tier|[Gen 9 Champions] VGC 2026 Reg M-B (Bo3)
|rated|
|rule|Species Clause: Limit one of each Pokémon
|rule|Item Clause: Limit 1 of each item
|clearpoke
|poke|p1|Ninetales-Alola, L50, F|
|poke|p1|Kingambit, L50, M|
|poke|p1|Glimmora, L50, F|
|poke|p1|Kommo-o, L50, M|
|poke|p1|Whimsicott, L50, F|
|poke|p1|Basculegion, L50, M|
|poke|p2|Gengar, L50, M|
|poke|p2|Incineroar, L50, M|
|poke|p2|Ninetales-Alola, L50, F|
|poke|p2|Garchomp, L50, F|
|poke|p2|Kingambit, L50, M|
|poke|p2|Charizard, L50, M|
|teampreview|4
|showteam|p1|Ninetales-Alola||NeverMeltIce|SnowWarning|Protect,Blizzard,FreezeDry,HelpingHand|Timid||F|||50|]Kingambit||ChopleBerry|Defiant|Protect,KowtowCleave,LowKick,SuckerPunch|Adamant||M|||50|]Glimmora||Glimmoranite|ToxicDebris|SpikyShield,PowerGem,SludgeBomb,EarthPower|Modest||F|||50|]Kommo-o||LifeOrb|Soundproof|Protect,AuraSphere,ClangingScales,VacuumWave|Modest||M|||50|]Whimsicott||FocusSash|Prankster|Protect,Moonblast,Tailwind,Encore|Timid||F|||50|]Basculegion||ChoiceScarf|Adaptability|WaveCrash,LastRespects,FlipTurn,AquaJet|Jolly||M|||50|
|showteam|p2|Gengar||Gengarite|CursedBody|Protect,ShadowBall,SludgeBomb,PerishSong|Timid||M|||50|]Incineroar||SitrusBerry|Intimidate|Protect,PartingShot,ThroatChop,FakeOut|Impish||M|||50|]Ninetales-Alola||NeverMeltIce|SnowWarning|Protect,Blizzard,FreezeDry,IcyWind|Timid||F|||50|]Garchomp||LifeOrb|RoughSkin|Protect,DragonClaw,StompingTantrum,RockSlide|Jolly||F|||50|]Kingambit||FocusSash|Defiant|Protect,KowtowCleave,SuckerPunch,LowKick|Adamant||M|||50|]Charizard||CharizarditeY|Blaze|Protect,HeatWave,SolarBeam,WeatherBall|Modest||M|||50|
|inactive|Battle timer is ON: inactive players will automatically lose when time's up. (requested by jackpaulsartre33)
|inactive|WhatsUpkeep has 60 seconds left.
|
|t:|1785459002
|teamsize|p1|4
|teamsize|p2|4
|start
|switch|p1a: Glimmora|Glimmora, L50, F|100/100
|switch|p1b: Whimsicott|Whimsicott, L50, F|100/100
|switch|p2a: Charizard|Charizard, L50, M|100/100
|switch|p2b: Incineroar|Incineroar, L50, M|100/100
|-ability|p2b: Incineroar|Intimidate|boost
|-unboost|p1a: Glimmora|atk|1
|-unboost|p1b: Whimsicott|atk|1
|turn|1
|
|t:|1785459024
|detailschange|p2a: Charizard|Charizard-Mega-Y, L50, M
|-mega|p2a: Charizard|Charizard|Charizardite Y
|-weather|SunnyDay|[from] ability: Drought|[of] p2a: Charizard
|move|p1b: Whimsicott|Protect|p1b: Whimsicott
|-singleturn|p1b: Whimsicott|Protect
|move|p2b: Incineroar|Fake Out|p1b: Whimsicott
|-activate|p1b: Whimsicott|move: Protect
|move|p1a: Glimmora|Power Gem|p2a: Charizard
|-supereffective|p2a: Charizard|2
|-crit|p2a: Charizard
|-damage|p2a: Charizard|0 fnt
|faint|p2a: Charizard
|
|-weather|SunnyDay|[upkeep]
|upkeep
|
|t:|1785459040
|switch|p2a: Garchomp|Garchomp, L50, F|100/100
|turn|2
|inactive|WhatsUpkeep has 30 seconds left.
|inactive|WhatsUpkeep has 20 seconds left.
|inactive|WhatsUpkeep has 15 seconds left.
|
|t:|1785459082
|switch|p1a: Kommo-o|Kommo-o, L50, M|100/100
|move|p1b: Whimsicott|Tailwind|p1b: Whimsicott
|-sidestart|p1: WhatsUpkeep|move: Tailwind
|move|p2a: Garchomp|Stomping Tantrum|p1a: Kommo-o
|-damage|p1a: Kommo-o|50/100g
|-damage|p2a: Garchomp|90/100|[from] item: Life Orb
|move|p2b: Incineroar|Throat Chop|p1b: Whimsicott
|-resisted|p1b: Whimsicott|1
|-damage|p1b: Whimsicott|75/100
|-start|p1b: Whimsicott|Throat Chop|[silent]
|
|-weather|SunnyDay|[upkeep]
|upkeep
|turn|3
|inactive|WhatsUpkeep has 30 seconds left.
|inactive|jackpaulsartre33 has 30 seconds left.
|
|t:|1785459113
|move|p2a: Garchomp|Protect|p2a: Garchomp
|-singleturn|p2a: Garchomp|Protect
|move|p1b: Whimsicott|Moonblast|p2b: Incineroar
|-crit|p2b: Incineroar
|-damage|p2b: Incineroar|51/100
|move|p1a: Kommo-o|Clanging Scales|p2a: Garchomp|[spread] p2b
|-activate|p2a: Garchomp|move: Protect
|-damage|p2b: Incineroar|5/100
|-enditem|p2b: Incineroar|Sitrus Berry|[eat]
|-heal|p2b: Incineroar|30/100|[from] item: Sitrus Berry
|-unboost|p1a: Kommo-o|def|1
|-damage|p1a: Kommo-o|40/100|[from] item: Life Orb
|move|p2b: Incineroar|Throat Chop|p1a: Kommo-o
|-resisted|p1a: Kommo-o|1
|-damage|p1a: Kommo-o|17/100
|-start|p1a: Kommo-o|Throat Chop|[silent]
|
|-weather|SunnyDay|[upkeep]
|-end|p1b: Whimsicott|Throat Chop|[silent]
|upkeep
|turn|4
|
|t:|1785459138
|switch|p2a: Kingambit|Kingambit, L50, M|100/100
|move|p2b: Incineroar|Protect|p2b: Incineroar
|-singleturn|p2b: Incineroar|Protect
|move|p1b: Whimsicott|Moonblast|p2a: Kingambit
|-damage|p2a: Kingambit|57/100
|move|p1a: Kommo-o|Aura Sphere|p2a: Kingambit
|-supereffective|p2a: Kingambit|2
|-damage|p2a: Kingambit|0 fnt
|faint|p2a: Kingambit
|-damage|p1a: Kommo-o|7/100|[from] item: Life Orb
|
|-weather|SunnyDay|[upkeep]
|-end|p1a: Kommo-o|Throat Chop|[silent]
|upkeep
|
|t:|1785459152
|switch|p2a: Garchomp|Garchomp, L50, F|90/100
|turn|5
|inactive|jackpaulsartre33 has 30 seconds left.
|
|t:|1785459181
|move|p1b: Whimsicott|Moonblast|p2a: Garchomp
|-supereffective|p2a: Garchomp|1
|-damage|p2a: Garchomp|11/100
|move|p1a: Kommo-o|Aura Sphere|p2b: Incineroar
|-supereffective|p2b: Incineroar|1
|-damage|p2b: Incineroar|0 fnt
|faint|p2b: Incineroar
|-damage|p1a: Kommo-o|0 fnt|[from] item: Life Orb
|faint|p1a: Kommo-o
|move|p2a: Garchomp|Dragon Claw|p1b: Whimsicott
|-immune|p1b: Whimsicott
|
|-weather|none
|-sideend|p1: WhatsUpkeep|move: Tailwind
|upkeep
|c|☆jackpaulsartre33|lol
|-message|jackpaulsartre33 forfeited.
|
|win|WhatsUpkeep
|raw|WhatsUpkeep's rating: 1147 → 1171(+24 for winning)
|raw|jackpaulsartre33's rating: 1136 → 1112(-24 for losing)
