|j|☆redrog1
|j|☆endK649
|html|redrog1endK649    
|uhtml|bestof|Game 1 of a best-of-3
|t:|1756656678
|gametype|doubles
|player|p1|redrog1|dancer|1124
|player|p2|endK649|gambler|1203
|gen|9
|tier|[Gen 9] VGC 2025 Reg H (Bo3)
|rated|
|rule|Species Clause: Limit one of each Pokémon
|rule|Item Clause: Limit 1 of each item
|clearpoke
|poke|p1|Electabuzz, L50, M|
|poke|p1|Kingambit, L50, F|
|poke|p1|Volcarona, L50, M|
|poke|p1|Sneasler, L50, F|
|poke|p1|Primarina, L50, M|
|poke|p1|Amoonguss, L50, F|
|poke|p2|Feraligatr, L50, M|
|poke|p2|Kommo-o, L50, F|
|poke|p2|Politoed, L50, M|
|poke|p2|Rillaboom, L50, F|
|poke|p2|Incineroar, L50, F|
|poke|p2|Amoonguss, L50, M|
|teampreview|4
|showteam|p1|Electabuzz||Eviolite|VitalSpirit|Taunt,Electroweb,FollowMe,Protect|||M|||50|,,,,,Ghost]Kingambit||BlackGlasses|Defiant|KowtowCleave,Protect,SwordsDance,SuckerPunch|||F|||50|,,,,,Dark]Volcarona||CovertCloak|FlameBody|HeatWave,Protect,GigaDrain,QuiverDance|||M|||50|,,,,,Grass]Sneasler||FocusSash|Unburden|DireClaw,CloseCombat,Protect,FakeOut|||F|||50|,,,,,Stellar]Primarina||ThroatSpray|LiquidVoice|HyperVoice,Moonblast,HelpingHand,Protect|||M|||50|,,,,,Steel]Amoonguss||SitrusBerry|Regenerator|Spore,RagePowder,PollenPuff,Protect|||F|||50|,,,,,Water
|showteam|p2|Feraligatr||LifeOrb|SheerForce|Liquidation,Crunch,DragonDance,Protect|||M|||50|,,,,,Dark]Kommo-o||ThroatSpray|Overcoat|ClangingScales,AuraSphere,ClangorousSoul,Protect|||F|||50|,,,,,Fairy]Politoed||SitrusBerry|Drizzle|WeatherBall,IcyWind,Haze,Protect|||M|||50|,,,,,Grass]Rillaboom||AssaultVest|GrassySurge|WoodHammer,GrassyGlide,FakeOut,Uturn|||F|||50|,,,,,Fire]Incineroar||SafetyGoggles|Intimidate|KnockOff,FakeOut,Taunt,PartingShot|||F|||50|,,,,,Ghost]Amoonguss||CovertCloak|Regenerator|PollenPuff,Spore,RagePowder,Protect|||M|||50|,,,,,Water
|inactive|Battle timer is ON: inactive players will automatically lose when time's up. (requested by redrog1)
|inactive|endK649 has 60 seconds left.
|
|t:|1756656779
|teamsize|p1|4
|teamsize|p2|4
|start
|switch|p1a: Electabuzz|Electabuzz, L50, M|100/100
|switch|p1b: Primarina|Primarina, L50, M|100/100
|switch|p2a: Kommo-o|Kommo-o, L50, F|100/100
|switch|p2b: Rillaboom|Rillaboom, L50, F, shiny|100/100
|-fieldstart|move: Grassy Terrain|[from] ability: Grassy Surge|[of] p2b: Rillaboom
|turn|1
|inactive|endK649 has 30 seconds left.
|inactive|endK649 has 20 seconds left.
|inactive|endK649 has 15 seconds left.
|
|t:|1756656820
|-terastallize|p1a: Electabuzz|Ghost
|-terastallize|p2a: Kommo-o|Fairy
|move|p2b: Rillaboom|Fake Out|p1a: Electabuzz
|-immune|p1a: Electabuzz
|move|p1a: Electabuzz|Taunt|p2a: Kommo-o
|-start|p2a: Kommo-o|move: Taunt
|cant|p2a: Kommo-o|move: Taunt|Clangorous Soul
|move|p1b: Primarina|Hyper Voice|p2a: Kommo-o|[spread] p2a,p2b
|-resisted|p2b: Rillaboom
|-crit|p2b: Rillaboom
|-damage|p2a: Kommo-o|57/100
|-damage|p2b: Rillaboom|80/100
|-enditem|p1b: Primarina|Throat Spray
|-boost|p1b: Primarina|spa|1|[from] item: Throat Spray
|
|-heal|p2a: Kommo-o|64/100|[from] Grassy Terrain
|-heal|p2b: Rillaboom|86/100|[from] Grassy Terrain
|upkeep
|turn|2
|
|t:|1756656845
|switch|p2a: Amoonguss|Amoonguss, L50, M, shiny|100/100
|move|p1a: Electabuzz|Follow Me|p1a: Electabuzz
|-singleturn|p1a: Electabuzz|move: Follow Me
|move|p2b: Rillaboom|Wood Hammer|p1a: Electabuzz
|-damage|p1a: Electabuzz|13/100
|-damage|p2b: Rillaboom|62/100|[from] Recoil
|move|p1b: Primarina|Moonblast|p2b: Rillaboom
|-damage|p2b: Rillaboom|11/100
|
|-heal|p1a: Electabuzz|19/100|[from] Grassy Terrain
|-heal|p2b: Rillaboom|16/100|[from] Grassy Terrain
|upkeep
|turn|3
|
|t:|1756656861
|move|p1a: Electabuzz|Protect|p1a: Electabuzz
|-singleturn|p1a: Electabuzz|Protect
|move|p2b: Rillaboom|U-turn|p1a: Electabuzz
|-activate|p1a: Electabuzz|move: Protect
|move|p1b: Primarina|Hyper Voice|p2a: Amoonguss|[spread] p2a,p2b
|-resisted|p2a: Amoonguss
|-resisted|p2b: Rillaboom
|-damage|p2a: Amoonguss|75/100
|-damage|p2b: Rillaboom|0 fnt
|faint|p2b: Rillaboom
|move|p2a: Amoonguss|Pollen Puff|p2: Rillaboom|[notarget]
|-fail|p2a: Amoonguss
|
|-heal|p1a: Electabuzz|25/100|[from] Grassy Terrain
|-heal|p2a: Amoonguss|81/100|[from] Grassy Terrain
|upkeep
|
|t:|1756656864
|switch|p2b: Feraligatr|Feraligatr, L50, M, shiny|100/100
|turn|4
|
|t:|1756656878
|move|p1a: Electabuzz|Electroweb|p2a: Amoonguss|[spread] p2a,p2b
|-resisted|p2a: Amoonguss
|-crit|p2a: Amoonguss
|-supereffective|p2b: Feraligatr
|-crit|p2b: Feraligatr
|-damage|p2a: Amoonguss|72/100
|-damage|p2b: Feraligatr|47/100
|-unboost|p2b: Feraligatr|spe|1
|move|p2b: Feraligatr|Dragon Dance|p2b: Feraligatr
|-boost|p2b: Feraligatr|atk|1
|-boost|p2b: Feraligatr|spe|1
|move|p1b: Primarina|Moonblast|p2b: Feraligatr
|-damage|p2b: Feraligatr|0 fnt
|faint|p2b: Feraligatr
|move|p2a: Amoonguss|Pollen Puff|p2: Feraligatr|[notarget]
|-fail|p2a: Amoonguss
|
|-heal|p1a: Electabuzz|31/100|[from] Grassy Terrain
|-heal|p2a: Amoonguss|78/100|[from] Grassy Terrain
|upkeep
|
|t:|1756656892
|switch|p2b: Kommo-o|Kommo-o, L50, F, tera:Fairy|64/100
|turn|5
|
|t:|1756656896
|move|p1a: Electabuzz|Follow Me|p1a: Electabuzz
|-singleturn|p1a: Electabuzz|move: Follow Me
|move|p2a: Amoonguss|Rage Powder|p2a: Amoonguss
|-singleturn|p2a: Amoonguss|move: Rage Powder
|move|p2b: Kommo-o|Clangorous Soul|p2b: Kommo-o
|-boost|p2b: Kommo-o|atk|1
|-boost|p2b: Kommo-o|def|1
|-boost|p2b: Kommo-o|spa|1
|-boost|p2b: Kommo-o|spd|1
|-boost|p2b: Kommo-o|spe|1
|-damage|p2b: Kommo-o|31/100
|-enditem|p2b: Kommo-o|Throat Spray
|-boost|p2b: Kommo-o|spa|1|[from] item: Throat Spray
|move|p1b: Primarina|Moonblast|p2a: Amoonguss
|-resisted|p2a: Amoonguss
|-damage|p2a: Amoonguss|44/100
|
|-heal|p2b: Kommo-o|37/100|[from] Grassy Terrain
|-heal|p1a: Electabuzz|37/100|[from] Grassy Terrain
|-heal|p2a: Amoonguss|50/100|[from] Grassy Terrain
|-fieldend|move: Grassy Terrain
|upkeep
|turn|6
|
|t:|1756656908
|move|p1a: Electabuzz|Follow Me|p1a: Electabuzz
|-singleturn|p1a: Electabuzz|move: Follow Me
|move|p2b: Kommo-o|Clanging Scales|p1b: Primarina|[spread] p1a
|-immune|p1b: Primarina
|-damage|p1a: Electabuzz|0 fnt
|faint|p1a: Electabuzz
|-unboost|p2b: Kommo-o|def|1
|move|p1b: Primarina|Hyper Voice|p2a: Amoonguss|[spread] p2a,p2b
|-resisted|p2a: Amoonguss
|-damage|p2a: Amoonguss|27/100
|-damage|p2b: Kommo-o|0 fnt
|faint|p2b: Kommo-o
|move|p2a: Amoonguss|Pollen Puff|p2: Kommo-o|[notarget]
|-fail|p2a: Amoonguss
|
|upkeep
|
|t:|1756656911
|switch|p1a: Sneasler|Sneasler, L50, F|100/100
|turn|7
|-message|endK649 forfeited.
|
|win|redrog1
||endK649 is ready for game 2.
||redrog1 is ready for game 2.
|uhtml|next|Next: Game 2 of 3
