|j|☆CaratroncoSun
|j|☆lljkjkbhvghcv
|html|CaratroncoSunlljkjkbhvghcv    
|uhtml|bestof|Game 1 of a best-of-3
|t:|1782225051
|gametype|doubles
|player|p1|CaratroncoSun|juan|1112
|player|p2|lljkjkbhvghcv|pokemonrangerf|1000
|gen|9
|tier|[Gen 9 Champions] VGC 2026 Reg M-B (Bo3)
|rated|
|rule|Species Clause: Limit one of each Pokémon
|rule|Item Clause: Limit 1 of each item
|clearpoke
|poke|p1|Overqwil, L50, F, shiny|
|poke|p1|Swampert, L50, F|
|poke|p1|Pelipper, L50, M|
|poke|p1|Metagross, L50, shiny|
|poke|p1|Sneasler, L50, M|
|poke|p1|Sinistcha-Masterpiece, L50|
|poke|p2|Raichu, L50, F|
|poke|p2|Sinistcha, L50|
|poke|p2|Grimmsnarl, L50, M|
|poke|p2|Gholdengo, L50|
|poke|p2|Aerodactyl, L50, F|
|poke|p2|Volcarona, L50, F|
|teampreview|4
|showteam|p1|Overqwil||LifeOrb|SwiftSwim|Protect,PoisonJab,ThroatChop,Liquidation|Adamant||F|||50|]Swampert||Swampertite|Damp|Protect,WaveCrash,HighHorsepower,IcePunch|Adamant||F|||50|]Pelipper||FocusSash|Drizzle|Protect,Tailwind,Hurricane,WeatherBall|Modest||M|||50|]Metagross||Metagrossite|ClearBody|Protect,PsychicFangs,MeteorMash,IcePunch|Jolly|||||50|]Sneasler||WhiteHerb|Unburden|Coaching,FakeOut,DireClaw,CloseCombat|Jolly||M|||50|]Sinistcha-Masterpiece||SitrusBerry|Hospitality|MatchaGotcha,TrickRoom,LifeDew,RagePowder|Bold|||||50|
|showteam|p2|Raichu||RaichuniteX|LightningRod|VoltTackle,FakeOut,PlayRough,KnockOff|Adamant||F|||50|]Sinistcha||SitrusBerry|Hospitality|LifeDew,RagePowder,MatchaGotcha,Protect|Bold|||||50|]Grimmsnarl||LightClay|Prankster|LightScreen,Reflect,PartingShot,SpiritBreak|Careful||M|||50|]Gholdengo||ChoiceScarf|GoodasGold|PowerGem,Trick,MakeItRain,ShadowBall|Modest|||||50|]Aerodactyl||FocusSash|Unnerve|RockSlide,Tailwind,WideGuard,Protect|Jolly||F|||50|]Volcarona||Leftovers|FlameBody|RagePowder,FieryDance,Protect,StruggleBug|Timid||F|||50|
|inactive|Battle timer is ON: inactive players will automatically lose when time's up. (requested by lljkjkbhvghcv)
|inactive|CaratroncoSun has 60 seconds left.
|
|t:|1782225090
|teamsize|p1|4
|teamsize|p2|4
|start
|switch|p1a: Swampert|Swampert, L50, F|100/100
|switch|p1b: Sneasler|Sneasler, L50, M|100/100
|switch|p2a: Raichu|Raichu, L50, F|100/100
|switch|p2b: Grimmsnarl|Grimmsnarl, L50, M|100/100
|turn|1
|
|t:|1782225106
|detailschange|p2a: Raichu|Raichu-Mega-X, L50, F
|-mega|p2a: Raichu|Raichu|Raichunite X
|-fieldstart|move: Electric Terrain|[from] ability: Electric Surge|[of] p2a: Raichu
|detailschange|p1a: Swampert|Swampert-Mega, L50, F
|-mega|p1a: Swampert|Swampert|Swampertite
|move|p2b: Grimmsnarl|Reflect|p2b: Grimmsnarl
|-sidestart|p2: lljkjkbhvghcv|Reflect
|move|p1b: Sneasler|Dire Claw|p2b: Grimmsnarl
|-supereffective|p2b: Grimmsnarl|1
|-damage|p2b: Grimmsnarl|36/100
|-status|p2b: Grimmsnarl|psn
|move|p2a: Raichu|Volt Tackle|p1b: Sneasler
|-damage|p1b: Sneasler|0 fnt
|faint|p1b: Sneasler
|-damage|p2a: Raichu|58/100|[from] Recoil
|move|p1a: Swampert|High Horsepower|p2a: Raichu
|-supereffective|p2a: Raichu|1
|-damage|p2a: Raichu|0 fnt
|faint|p2a: Raichu
|
|-damage|p2b: Grimmsnarl|24/100 psn|[from] psn
|upkeep
|
|t:|1782225127
|switch|p1b: Pelipper|Pelipper, L50, M|100/100
|switch|p2a: Sinistcha|Sinistcha, L50|100/100
|-weather|RainDance|[from] ability: Drizzle|[of] p1b: Pelipper
|-heal|p2b: Grimmsnarl|49/100 psn|[from] ability: Hospitality|[of] p2a: Sinistcha
|turn|2
|
|t:|1782225145
|switch|p1a: Overqwil|Overqwil, L50, F, shiny|100/100
|move|p2b: Grimmsnarl|Light Screen|p2b: Grimmsnarl
|-sidestart|p2: lljkjkbhvghcv|move: Light Screen
|move|p1b: Pelipper|Hurricane|p2a: Sinistcha
|-supereffective|p2a: Sinistcha|1
|-damage|p2a: Sinistcha|12/100
|-enditem|p2a: Sinistcha|Sitrus Berry|[eat]
|-heal|p2a: Sinistcha|37/100|[from] item: Sitrus Berry
|move|p2a: Sinistcha|Matcha Gotcha|p1a: Overqwil|[spread] p1a,p1b
|-resisted|p1a: Overqwil|1
|-damage|p1a: Overqwil|83/100
|-heal|p2a: Sinistcha|44/100|[from] drain|[of] p1a: Overqwil
|-damage|p1b: Pelipper|59/100
|-heal|p2a: Sinistcha|60/100|[from] drain|[of] p1b: Pelipper
|
|-weather|RainDance|[upkeep]
|-damage|p2b: Grimmsnarl|36/100 psn|[from] psn
|upkeep
|turn|3
|inactive|CaratroncoSun has 30 seconds left.
|inactive|CaratroncoSun has 20 seconds left.
|inactive|CaratroncoSun has 15 seconds left.
|inactive|lljkjkbhvghcv has 30 seconds left.
|inactive|CaratroncoSun has 10 seconds left.
|
|t:|1782225193
|switch|p2a: Gholdengo|Gholdengo, L50|100/100
|move|p1a: Overqwil|Poison Jab|p2b: Grimmsnarl
|-supereffective|p2b: Grimmsnarl|1
|-damage|p2b: Grimmsnarl|0 fnt
|faint|p2b: Grimmsnarl
|-damage|p1a: Overqwil|73/100|[from] item: Life Orb
|move|p1b: Pelipper|Hurricane|p2a: Gholdengo
|-resisted|p2a: Gholdengo|1
|-damage|p2a: Gholdengo|80/100
|-start|p2a: Gholdengo|confusion
|
|-weather|RainDance|[upkeep]
|upkeep
|
|t:|1782225202
|switch|p2b: Sinistcha|Sinistcha, L50|60/100
|-heal|p2a: Gholdengo|100/100|[from] ability: Hospitality|[of] p2b: Sinistcha
|turn|4
|
|t:|1782225225
|move|p1a: Overqwil|Throat Chop|p2b: Sinistcha
|-supereffective|p2b: Sinistcha|1
|-damage|p2b: Sinistcha|11/100
|-start|p2b: Sinistcha|Throat Chop|[silent]
|-damage|p1a: Overqwil|63/100|[from] item: Life Orb
|-activate|p2a: Gholdengo|confusion
|move|p2a: Gholdengo|Make It Rain|p1a: Overqwil|[spread] p1a,p1b
|-resisted|p1b: Pelipper|1
|-damage|p1a: Overqwil|0 fnt
|-damage|p1b: Pelipper|10/100
|-unboost|p2a: Gholdengo|spa|2
|faint|p1a: Overqwil
|move|p1b: Pelipper|Hurricane|p2b: Sinistcha
|-supereffective|p2b: Sinistcha|1
|-damage|p2b: Sinistcha|0 fnt
|faint|p2b: Sinistcha
|
|-weather|RainDance|[upkeep]
|upkeep
|
|t:|1782225241
|switch|p1a: Swampert|Swampert-Mega, L50, F|100/100
|turn|5
|
|t:|1782225265
|move|p1b: Pelipper|Protect|p1b: Pelipper
|-singleturn|p1b: Pelipper|Protect
|move|p1a: Swampert|High Horsepower|p2a: Gholdengo
|-supereffective|p2a: Gholdengo|1
|-damage|p2a: Gholdengo|7/100
|-activate|p2a: Gholdengo|confusion
|move|p2a: Gholdengo|Make It Rain|p1b: Pelipper|[spread] p1a
|-activate|p1b: Pelipper|move: Protect
|-resisted|p1a: Swampert|1
|-damage|p1a: Swampert|89/100
|-unboost|p2a: Gholdengo|spa|2
|
|-weather|RainDance|[upkeep]
|-fieldend|move: Electric Terrain
|upkeep
|turn|6
|
|t:|1782225283
|move|p1a: Swampert|Wave Crash|p2a: Gholdengo
|-damage|p2a: Gholdengo|0 fnt
|faint|p2a: Gholdengo
|-damage|p1a: Swampert|87/100|[from] Recoil
|
|win|CaratroncoSun
