|j|☆Beeetch
|j|☆Rantix D Red
|html|BeeetchRantix D Red    
|uhtml|bestof|Game 2 of a best-of-3
|t:|1756860637
|gametype|doubles
|player|p1|Beeetch|beauty-gen4dp|1231
|player|p2|Rantix D Red|n|1187
|gen|9
|tier|[Gen 9] VGC 2025 Reg H (Bo3)
|rated|
|rule|Species Clause: Limit one of each Pokémon
|rule|Item Clause: Limit 1 of each item
|clearpoke
|poke|p1|Excadrill, L50, F|
|poke|p1|Tyranitar, L50, M|
|poke|p1|Sneasler, L50, M|
|poke|p1|Indeedee, L50, M|
|poke|p1|Corviknight, L50, M|
|poke|p1|Annihilape, L50, M|
|poke|p2|Tyranitar, L50, M|
|poke|p2|Excadrill, L50, F|
|poke|p2|Corviknight, L50, M|
|poke|p2|Gyarados, L50, F|
|poke|p2|Sinistcha-Masterpiece, L50|
|poke|p2|Indeedee, L50, M|
|teampreview|4
|showteam|p1|Excadrill||FocusSash|SandRush|IronHead,HighHorsepower,Earthquake,Protect|||F|||50|,,,,,Stellar]Tyranitar||AssaultVest|SandStream|RockSlide,KnockOff,TeraBlast,LowKick|||M|||50|,,,,,Flying]Sneasler||PsychicSeed|Unburden|DireClaw,CloseCombat,ThroatChop,Protect|||M|||50|,,,,,Dark]Indeedee||ChoiceScarf|PsychicSurge|ExpandingForce,TeraBlast,Protect,Trick|||M|||50|,,,,,Psychic]Corviknight||Leftovers|MirrorArmor|BraveBird,BulkUp,Roost,Tailwind|||M|||50|,,,,,Dragon]Annihilape||SafetyGoggles|Defiant|CloseCombat,FinalGambit,RageFist,Taunt|||M|||50|,,,,,Water
|showteam|p2|Tyranitar||AssaultVest|SandStream|TeraBlast,RockSlide,KnockOff,LowKick|||M|||50|,,,,,Flying]Excadrill||ChoiceBand|SandRush|Earthquake,StompingTantrum,IronHead,RockSlide|||F|||50|,,,,,Ghost]Corviknight||PsychicSeed|MirrorArmor|PowerTrip,BraveBird,Roost,BulkUp|||M|||50|,,,,,Water]Gyarados||ClearAmulet|Intimidate|Waterfall,Protect,DragonDance,TeraBlast|||F|||50|,,,,,Fairy]Sinistcha-Masterpiece||SitrusBerry|Hospitality|RagePowder,LifeDew,MatchaGotcha,TrickRoom||||||50|,,,,,Flying]Indeedee||ChoiceScarf|PsychicSurge|ExpandingForce,Psychic,Trick,TeraBlast|||M|||50|,,,,,Ground
|inactive|Battle timer is ON: inactive players will automatically lose when time's up. (requested by Rantix D Red)
|inactive|Rantix D Red has 60 seconds left.
|
|t:|1756860676
|teamsize|p1|4
|teamsize|p2|4
|start
|switch|p1a: Sneasler|Sneasler, L50, M, shiny|100/100
|switch|p1b: Annihilape|Annihilape, L50, M|100/100
|switch|p2a: Tyranitar|Tyranitar, L50, M|100/100
|switch|p2b: Excadrill|Excadrill, L50, F|100/100
|-weather|Sandstorm|[from] ability: Sand Stream|[of] p2a: Tyranitar
|turn|1
|inactive|Rantix D Red has 30 seconds left.
|inactive|Rantix D Red has 20 seconds left.
|inactive|Rantix D Red has 15 seconds left.
|
|t:|1756860717
|switch|p1b: Indeedee|Indeedee, L50, M, shiny|100/100
|-fieldstart|move: Psychic Terrain|[from] ability: Psychic Surge|[of] p1b: Indeedee
|-enditem|p1a: Sneasler|Psychic Seed
|-boost|p1a: Sneasler|spd|1|[from] item: Psychic Seed
|switch|p2a: Corviknight|Corviknight, L50, M|100/100
|-enditem|p2a: Corviknight|Psychic Seed
|-boost|p2a: Corviknight|spd|1|[from] item: Psychic Seed
|-terastallize|p1a: Sneasler|Dark
|move|p1a: Sneasler|Throat Chop|p2b: Excadrill
|-damage|p2b: Excadrill|32/100
|-start|p2b: Excadrill|Throat Chop|[silent]
|move|p2b: Excadrill|Earthquake|p1b: Indeedee|[spread] p1a,p1b
|-immune|p2a: Corviknight
|-damage|p1a: Sneasler|0 fnt
|-damage|p1b: Indeedee|0 fnt
|faint|p1a: Sneasler
|faint|p1b: Indeedee
|
|-weather|Sandstorm|[upkeep]
|upkeep
|
|t:|1756860734
|switch|p1a: Corviknight|Corviknight, L50, M|100/100
|switch|p1b: Annihilape|Annihilape, L50, M|100/100
|turn|2
|inactive|Rantix D Red has 30 seconds left.
|
|t:|1756860764
|move|p2b: Excadrill|Earthquake|p1a: Corviknight|[spread] p1b
|-immune|p2a: Corviknight
|-immune|p1a: Corviknight
|-damage|p1b: Annihilape|40/100
|move|p1b: Annihilape|Taunt|p2a: Corviknight
|-start|p2a: Corviknight|move: Taunt
|move|p1a: Corviknight|Tailwind|p1a: Corviknight
|-sidestart|p1: Beeetch|move: Tailwind
|cant|p2a: Corviknight|move: Taunt|Bulk Up
|
|-weather|Sandstorm|[upkeep]
|-end|p2b: Excadrill|Throat Chop|[silent]
|upkeep
|turn|3
|inactive|Beeetch has 30 seconds left.
|
|t:|1756860790
|move|p1b: Annihilape|Rage Fist|p2a: Corviknight
|-damage|p2a: Corviknight|67/100
|move|p2b: Excadrill|Earthquake|p1a: Corviknight|[spread] p1b
|-immune|p2a: Corviknight
|-immune|p1a: Corviknight
|-damage|p1b: Annihilape|0 fnt
|faint|p1b: Annihilape
|move|p1a: Corviknight|Bulk Up|p1a: Corviknight
|-boost|p1a: Corviknight|atk|1
|-boost|p1a: Corviknight|def|1
|move|p2a: Corviknight|Brave Bird|p1a: Corviknight
|-resisted|p1a: Corviknight
|-damage|p1a: Corviknight|89/100
|-damage|p2a: Corviknight|63/100|[from] Recoil
|
|-weather|Sandstorm|[upkeep]
|-heal|p1a: Corviknight|95/100|[from] item: Leftovers
|upkeep
|turn|4
|inactive|Rantix D Red has 30 seconds left.
|
|t:|1756860818
|switch|p2b: Tyranitar|Tyranitar, L50, M|100/100
|move|p1a: Corviknight|Bulk Up|p1a: Corviknight
|-boost|p1a: Corviknight|atk|1
|-boost|p1a: Corviknight|def|1
|move|p2a: Corviknight|Brave Bird|p1a: Corviknight
|-resisted|p1a: Corviknight
|-damage|p1a: Corviknight|85/100
|-damage|p2a: Corviknight|60/100|[from] Recoil
|
|-weather|Sandstorm|[upkeep]
|-heal|p1a: Corviknight|92/100|[from] item: Leftovers
|-end|p2a: Corviknight|move: Taunt
|upkeep
|turn|5
|
|t:|1756860839
|move|p1a: Corviknight|Brave Bird|p2b: Tyranitar
|-resisted|p2b: Tyranitar
|-damage|p2b: Tyranitar|72/100
|-damage|p1a: Corviknight|81/100|[from] Recoil
|move|p2a: Corviknight|Bulk Up|p2a: Corviknight
|-boost|p2a: Corviknight|atk|1
|-boost|p2a: Corviknight|def|1
|move|p2b: Tyranitar|Knock Off|p1a: Corviknight
|-damage|p1a: Corviknight|57/100
|-enditem|p1a: Corviknight|Leftovers|[from] move: Knock Off|[of] p2b: Tyranitar
|
|-weather|none
|-sideend|p1: Beeetch|move: Tailwind
|-fieldend|move: Psychic Terrain
|upkeep
|turn|6
|inactive|Rantix D Red has 30 seconds left.
|inactive|Rantix D Red has 20 seconds left.
|inactive|Rantix D Red has 15 seconds left.
|
|t:|1756860880
|move|p1a: Corviknight|Roost|p1a: Corviknight
|-heal|p1a: Corviknight|100/100
|-singleturn|p1a: Corviknight|move: Roost
|move|p2a: Corviknight|Bulk Up|p2a: Corviknight
|-boost|p2a: Corviknight|atk|1
|-boost|p2a: Corviknight|def|1
|move|p2b: Tyranitar|Rock Slide|p1a: Corviknight
|-resisted|p1a: Corviknight
|-damage|p1a: Corviknight|92/100
|
|upkeep
|turn|7
|-message|Beeetch forfeited.
|
|win|Rantix D Red
|raw|Beeetch's rating: 1231 → 1203(-28 for losing)
|raw|Rantix D Red's rating: 1187 → 1215(+28 for winning)
|l|☆Beeetch
|player|p1|
|j|☆Beeetch
|player|p1|Beeetch|beauty-gen4dp|
