|j|☆Mahdrescher
|j|☆snailboss
|html|Mahdreschersnailboss    
|uhtml|bestof|Game 3 of a best-of-3
|t:|1756767765
|gametype|doubles
|player|p1|Mahdrescher|266|1231
|player|p2|snailboss|hilda-wonderlauncher|1166
|gen|9
|tier|[Gen 9] VGC 2025 Reg H (Bo3)
|rated|
|rule|Species Clause: Limit one of each Pokémon
|rule|Item Clause: Limit 1 of each item
|clearpoke
|poke|p1|Annihilape, L50, M|
|poke|p1|Rillaboom, L50, M|
|poke|p1|Gholdengo, L50|
|poke|p1|Ursaluna-Bloodmoon, L50, M|
|poke|p1|Incineroar, L50, M|
|poke|p1|Dragonite, L50, F|
|poke|p2|Zoroark-Hisui, L50, M|
|poke|p2|Tyranitar, L50, F|
|poke|p2|Excadrill, L50, M|
|poke|p2|Indeedee-F, L50, F|
|poke|p2|Gallade, L50, M|
|poke|p2|Noivern, L50, F|
|teampreview|4
|showteam|p1|Annihilape||SafetyGoggles|Defiant|CloseCombat,RageFist,FinalGambit,Taunt|||M|||50|,,,,,Water]Rillaboom||AssaultVest|GrassySurge|WoodHammer,GrassyGlide,HighHorsepower,FakeOut|||M|||50|,,,,,Fire]Gholdengo||LifeOrb|GoodasGold|MakeItRain,ShadowBall,NastyPlot,Protect||||||50|,,,,,Water]Ursaluna-Bloodmoon||FocusSash|MindsEye|HyperVoice,BloodMoon,EarthPower,Protect|||M|||50|,,,,,Normal]Incineroar||SitrusBerry|Intimidate|FlareBlitz,KnockOff,PartingShot,FakeOut|||M|||50|,,,,,Ghost]Dragonite||LoadedDice|Multiscale|ScaleShot,Haze,Tailwind,Protect|||F|||50|,,,,,Steel
|showteam|p2|Zoroark-Hisui||ChoiceSpecs|Illusion|HyperVoice,Flamethrower,ShadowBall,HyperBeam|||M|||50|,,,,,Normal]Tyranitar||AssaultVest|SandStream|RockSlide,KnockOff,LowKick,TeraBlast|||F|||50|,,,,,Flying]Excadrill||FocusSash|SandRush|IronHead,Protect,SwordsDance,Earthquake|||M|||50|,,,,,Ground]Indeedee-F||SafetyGoggles|PsychicSurge|TrickRoom,FollowMe,Psychic,HelpingHand|||F|||50|,,,,,Water]Gallade||ClearAmulet|Sharpness|PsychoCut,TrickRoom,WideGuard,SacredSword|||M|||50|,,,,,Grass]Noivern||CovertCloak|Telepathy|SuperFang,Tailwind,Taunt,DracoMeteor|||F|||50|,,,,,Fairy
|
|t:|1756767821
|teamsize|p1|4
|teamsize|p2|4
|start
|switch|p1a: Ursaluna|Ursaluna-Bloodmoon, L50, M|100/100
|switch|p1b: Incineroar|Incineroar, L50, M|100/100
|switch|p2a: Butter|Indeedee-F, L50, F|100/100
|switch|p2b: Alice|Tyranitar, L50, F|100/100
|-weather|Sandstorm|[from] ability: Sand Stream|[of] p2b: Alice
|-ability|p1b: Incineroar|Intimidate|boost
|-unboost|p2a: Butter|atk|1
|-unboost|p2b: Alice|atk|1
|-fieldstart|move: Psychic Terrain|[from] ability: Psychic Surge|[of] p2a: Butter
|turn|1
|
|t:|1756767874
|switch|p2b: Alistair|Gallade, L50, M|100/100
|move|p1b: Incineroar|Knock Off|p2a: Butter
|-supereffective|p2a: Butter
|-damage|p2a: Butter|15/100
|-enditem|p2a: Butter|Safety Goggles|[from] move: Knock Off|[of] p1b: Incineroar
|move|p1a: Ursaluna|Earth Power|p2a: Butter
|-damage|p2a: Butter|0 fnt
|faint|p2a: Butter
|
|-weather|Sandstorm|[upkeep]
|-damage|p1b: Incineroar|94/100|[from] Sandstorm
|-damage|p2b: Alistair|95/100|[from] Sandstorm
|upkeep
|
|t:|1756767887
|switch|p2a: Dr. Drills|Excadrill, L50, M|100/100
|turn|2
|
|t:|1756767937
|-terastallize|p1b: Incineroar|Ghost
|move|p2a: Dr. Drills|Swords Dance|p2a: Dr. Drills
|-boost|p2a: Dr. Drills|atk|2
|move|p1b: Incineroar|Flare Blitz|p2a: Dr. Drills
|-supereffective|p2a: Dr. Drills
|-enditem|p2a: Dr. Drills|Focus Sash
|-damage|p2a: Dr. Drills|1/100
|-damage|p1b: Incineroar|64/100|[from] Recoil
|move|p1a: Ursaluna|Hyper Voice|p2a: Dr. Drills|[spread] p2a,p2b
|-resisted|p2a: Dr. Drills
|-damage|p2a: Dr. Drills|0 fnt
|-damage|p2b: Alistair|60/100
|faint|p2a: Dr. Drills
|move|p2b: Alistair|Sacred Sword|p1a: Ursaluna
|-supereffective|p1a: Ursaluna
|-enditem|p1a: Ursaluna|Focus Sash
|-damage|p1a: Ursaluna|1/100
|
|-weather|Sandstorm|[upkeep]
|-damage|p1b: Incineroar|58/100|[from] Sandstorm
|-damage|p2b: Alistair|55/100|[from] Sandstorm
|upkeep
|
|t:|1756767954
|switch|p2a: Alice|Tyranitar, L50, F|100/100
|turn|3
|
|t:|1756767977
|move|p2a: Alice|Rock Slide|p1a: Ursaluna|[spread] p1a,p1b
|-resisted|p1a: Ursaluna
|-damage|p1a: Ursaluna|0 fnt
|-damage|p1b: Incineroar|26/100
|-enditem|p1b: Incineroar|Sitrus Berry|[eat]
|-heal|p1b: Incineroar|51/100|[from] item: Sitrus Berry
|faint|p1a: Ursaluna
|move|p1b: Incineroar|Flare Blitz|p2b: Alistair
|-damage|p2b: Alistair|0 fnt
|faint|p2b: Alistair
|-damage|p1b: Incineroar|36/100|[from] Recoil
|
|-weather|Sandstorm|[upkeep]
|-damage|p1b: Incineroar|30/100|[from] Sandstorm
|upkeep
|c|☆snailboss|ggs
|c|☆snailboss|got me on the leads
|
|t:|1756767990
|switch|p1a: Rillaboom|Rillaboom, L50, M|100/100
|-fieldstart|move: Grassy Terrain|[from] ability: Grassy Surge|[of] p1a: Rillaboom
|turn|4
|
|t:|1756768006
|-terastallize|p2a: Alice|Flying
|move|p1a: Rillaboom|Fake Out|p2a: Alice
|-damage|p2a: Alice|88/100
|cant|p2a: Alice|flinch
|move|p1b: Incineroar|Knock Off|p2a: Alice
|-damage|p2a: Alice|47/100
|-enditem|p2a: Alice|Assault Vest|[from] move: Knock Off|[of] p1b: Incineroar
|
|-weather|Sandstorm|[upkeep]
|-damage|p1a: Rillaboom|95/100|[from] Sandstorm
|-damage|p2a: Alice|42/100|[from] Sandstorm
|-damage|p1b: Incineroar|24/100|[from] Sandstorm
|-heal|p1a: Rillaboom|100/100|[from] Grassy Terrain
|-heal|p1b: Incineroar|30/100|[from] Grassy Terrain
|upkeep
|turn|5
|c|☆Mahdrescher|gg
|
|t:|1756768039
|move|p1a: Rillaboom|Wood Hammer|p2a: Alice
|-resisted|p2a: Alice
|-damage|p2a: Alice|7/100
|-damage|p1a: Rillaboom|91/100|[from] Recoil
|move|p2a: Alice|Tera Blast|p1a: Rillaboom|[anim] Tera Blast Flying
|-supereffective|p1a: Rillaboom
|-damage|p1a: Rillaboom|3/100
|move|p1b: Incineroar|Flare Blitz|p2a: Alice
|-damage|p2a: Alice|0 fnt
|faint|p2a: Alice
|-damage|p1b: Incineroar|28/100|[from] Recoil
|
|win|Mahdrescher
|raw|Mahdrescher's rating: 1231 → 1251(+20 for winning)
|raw|snailboss's rating: 1166 → 1146(-20 for losing)
