|j|☆washingtongargacha
|j|☆Atc13
|html|washingtongargachaAtc13    
|uhtml|bestof|Game 2 of a best-of-3
|t:|1756889298
|gametype|doubles
|player|p1|washingtongargacha|102|1099
|player|p2|Atc13|265|1000
|gen|9
|tier|[Gen 9] VGC 2025 Reg H (Bo3)
|rated|
|rule|Species Clause: Limit one of each Pokémon
|rule|Item Clause: Limit 1 of each item
|clearpoke
|poke|p1|Talonflame, L50, M|
|poke|p1|Gholdengo, L50|
|poke|p1|Dragonite, L50, F|
|poke|p1|Archaludon, L50, M|
|poke|p1|Tyranitar, L50, F|
|poke|p1|Garchomp, L50, F|
|poke|p2|Yanmega, L50, M|
|poke|p2|Sneasler, L50, F|
|poke|p2|Ninetales-Alola, L50, F|
|poke|p2|Electabuzz, L50, M|
|poke|p2|Baxcalibur, L50, M|
|poke|p2|Incineroar, L50, M|
|teampreview|4
|showteam|p1|Talonflame||CovertCloak|GaleWings|Tailwind,BraveBird,Taunt,WillOWisp|||M|||50|,,,,,Ghost]Gholdengo||ChoiceSpecs|GoodasGold|MakeItRain,SteelBeam,ShadowBall,PowerGem||||||50|,,,,,Steel]Dragonite||LoadedDice|Multiscale|ScaleShot,IceSpinner,Haze,Protect|||F|||50|,,,,,Steel]Archaludon||PowerHerb|Sturdy|FlashCannon,ElectroShot,DracoMeteor,Protect|||M|||50|,,,,,Flying]Tyranitar||AssaultVest|SandStream|KnockOff,RockSlide,TeraBlast,LowKick|||F|||50|,,,,,Flying]Garchomp||LifeOrb|RoughSkin|DragonClaw,StompingTantrum,Earthquake,Protect|||F|||50|,,,,,Steel
|showteam|p2|Yanmega||FocusSash|SpeedBoost|Tailwind,Protect,AirSlash,GigaDrain|||M|||50|,,,,,Grass]Sneasler||WhiteHerb|Unburden|Coaching,DireClaw,CloseCombat,Protect|||F|||50|,,,,,Dark]Ninetales-Alola||NeverMeltIce|SnowWarning|AuroraVeil,Encore,Blizzard,Protect|||F|||50|,,,,,Ghost]Electabuzz||Eviolite|VitalSpirit|Taunt,Electroweb,FollowMe,Leer|||M|||50|,,,,,Ghost]Baxcalibur||AssaultVest|ThermalExchange|GlaiveRush,IcicleCrash,HighHorsepower,IronHead|||M|||50|,,,,,Poison]Incineroar||SafetyGoggles|Intimidate|FakeOut,FlareBlitz,KnockOff,PartingShot|||M|||50|,,,,,Water
|
|t:|1756889359
|teamsize|p1|4
|teamsize|p2|4
|start
|switch|p1a: Talonflame|Talonflame, L50, M|100/100
|switch|p1b: Gholdengo|Gholdengo, L50|100/100
|switch|p2a: Ninetales|Ninetales-Alola, L50, F|100/100
|switch|p2b: Incineroar|Incineroar, L50, M, shiny|100/100
|-weather|Snowscape|[from] ability: Snow Warning|[of] p2a: Ninetales
|-ability|p2b: Incineroar|Intimidate|boost
|-unboost|p1a: Talonflame|atk|1
|-unboost|p1b: Gholdengo|atk|1
|turn|1
|
|t:|1756889380
|-terastallize|p1b: Gholdengo|Steel
|move|p2a: Ninetales|Protect|p2a: Ninetales
|-singleturn|p2a: Ninetales|Protect
|move|p1a: Talonflame|Tailwind|p1a: Talonflame
|-sidestart|p1: washingtongargacha|move: Tailwind
|move|p1b: Gholdengo|Make It Rain|p2b: Incineroar|[spread] p2b
|-activate|p2a: Ninetales|move: Protect
|-resisted|p2b: Incineroar
|-damage|p2b: Incineroar|58/100
|-unboost|p1b: Gholdengo|spa|1
|move|p2b: Incineroar|Knock Off|p1b: Gholdengo
|-damage|p1b: Gholdengo|52/100
|-enditem|p1b: Gholdengo|Choice Specs|[from] move: Knock Off|[of] p2b: Incineroar
|
|-weather|Snowscape|[upkeep]
|upkeep
|turn|2
|
|t:|1756889409
|switch|p2a: Baxcalibur|Baxcalibur, L50, M|100/100
|move|p1a: Talonflame|Brave Bird|p2b: Incineroar
|-damage|p2b: Incineroar|37/100
|-damage|p1a: Talonflame|93/100|[from] Recoil
|move|p1b: Gholdengo|Make It Rain|p2b: Incineroar|[spread] p2a,p2b
|-supereffective|p2a: Baxcalibur
|-resisted|p2b: Incineroar
|-damage|p2a: Baxcalibur|50/100
|-damage|p2b: Incineroar|15/100
|-unboost|p1b: Gholdengo|spa|1
|move|p2b: Incineroar|Knock Off|p1a: Talonflame
|-damage|p1a: Talonflame|29/100
|-enditem|p1a: Talonflame|Covert Cloak|[from] move: Knock Off|[of] p2b: Incineroar
|
|-weather|Snowscape|[upkeep]
|upkeep
|turn|3
|
|t:|1756889443
|switch|p2b: Ninetales|Ninetales-Alola, L50, F|100/100
|-terastallize|p2a: Baxcalibur|Poison
|move|p1a: Talonflame|Brave Bird|p2a: Baxcalibur
|-damage|p2a: Baxcalibur|27/100
|-damage|p1a: Talonflame|20/100|[from] Recoil
|move|p1b: Gholdengo|Make It Rain|p2a: Baxcalibur|[spread] p2a,p2b
|-supereffective|p2b: Ninetales
|-damage|p2a: Baxcalibur|6/100
|-damage|p2b: Ninetales|0 fnt
|-unboost|p1b: Gholdengo|spa|1
|faint|p2b: Ninetales
|move|p2a: Baxcalibur|High Horsepower|p1b: Gholdengo
|-supereffective|p1b: Gholdengo
|-damage|p1b: Gholdengo|0 fnt
|faint|p1b: Gholdengo
|
|-weather|Snowscape|[upkeep]
|upkeep
|
|t:|1756889464
|switch|p2b: Sneasler|Sneasler, L50, F|100/100
|switch|p1b: Tyranitar|Tyranitar, L50, F|100/100
|-weather|Sandstorm|[from] ability: Sand Stream|[of] p1b: Tyranitar
|turn|4
|
|t:|1756889475
|switch|p1b: Dragonite|Dragonite, L50, F|100/100
|switch|p2a: Incineroar|Incineroar, L50, M, shiny|15/100
|-ability|p2a: Incineroar|Intimidate|boost
|-unboost|p1a: Talonflame|atk|1
|-unboost|p1b: Dragonite|atk|1
|move|p2b: Sneasler|Protect|p2b: Sneasler
|-singleturn|p2b: Sneasler|Protect
|move|p1a: Talonflame|Brave Bird|p2b: Sneasler
|-activate|p2b: Sneasler|move: Protect
|
|-weather|Sandstorm|[upkeep]
|-damage|p1a: Talonflame|14/100|[from] Sandstorm
|-damage|p1b: Dragonite|95/100|[from] Sandstorm
|-damage|p2b: Sneasler|95/100|[from] Sandstorm
|-sideend|p1: washingtongargacha|move: Tailwind
|upkeep
|turn|5
|
|t:|1756889505
|move|p2a: Incineroar|Fake Out|p1a: Talonflame
|-damage|p1a: Talonflame|0 fnt
|faint|p1a: Talonflame
|move|p2b: Sneasler|Dire Claw|p1b: Dragonite
|-damage|p1b: Dragonite|42/100
|move|p1b: Dragonite|Scale Shot|p2b: Sneasler
|-damage|p2b: Sneasler|77/100
|-damage|p2b: Sneasler|60/100
|-damage|p2b: Sneasler|44/100
|-damage|p2b: Sneasler|26/100
|-hitcount|p2b: Sneasler|4
|-unboost|p1b: Dragonite|def|1
|-boost|p1b: Dragonite|spe|1
|
|-weather|Sandstorm|[upkeep]
|-damage|p1b: Dragonite|36/100|[from] Sandstorm
|-damage|p2b: Sneasler|20/100|[from] Sandstorm
|upkeep
|
|t:|1756889520
|switch|p1a: Tyranitar|Tyranitar, L50, F|100/100
|turn|6
|
|t:|1756889557
|switch|p2a: Baxcalibur|Baxcalibur, L50, M, tera:Poison|6/100
|move|p1b: Dragonite|Ice Spinner|p2b: Sneasler
|-damage|p2b: Sneasler|0 fnt
|faint|p2b: Sneasler
|move|p1a: Tyranitar|Low Kick|p2a: Baxcalibur
|-resisted|p2a: Baxcalibur
|-damage|p2a: Baxcalibur|0 fnt
|faint|p2a: Baxcalibur
|
|-weather|Sandstorm|[upkeep]
|-damage|p1b: Dragonite|30/100|[from] Sandstorm
|upkeep
|-message|Atc13 forfeited.
|
|win|washingtongargacha
|l|☆Atc13
|player|p2|
