|j|☆FlaminDragons
|j|☆EconomyTrash
|html|FlaminDragonsEconomyTrash    
|uhtml|bestof|Game 1 of a best-of-3
|t:|1784953737
|gametype|doubles
|player|p1|FlaminDragons|1|
|player|p2|EconomyTrash|1|
|gen|9
|tier|[Gen 9 Champions] VGC 2026 Reg M-B (Bo3)
|rule|Species Clause: Limit one of each Pokémon
|rule|Item Clause: Limit 1 of each item
|clearpoke
|poke|p1|Politoed, L50, M, shiny|
|poke|p1|Araquanid, L50, M, shiny|
|poke|p1|Blastoise, L50, F|
|poke|p1|Venusaur, L50, F, shiny|
|poke|p1|Blaziken, L50, F|
|poke|p1|Klefki, L50, M|
|poke|p2|Farigiraf, L50, F|
|poke|p2|Mimikyu, L50, F|
|poke|p2|Chandelure, L50, F|
|poke|p2|Mawile, L50, M|
|poke|p2|Azumarill, L50, M|
|poke|p2|Aegislash, L50, M|
|teampreview|4
|showteam|p1|Politoed||DampRock|Drizzle|EarthPower,Protect,HelpingHand,WeatherBall|Calm||M|||50|]Araquanid||MysticWater|WaterBubble|Entrainment,Liquidation,LeechLife,WideGuard|Adamant||M|||50|]Blastoise||WhiteHerb|RainDish|ShellSmash,WaterSpout,WeatherBall,AquaJet|Serious||F|||50|]Venusaur||LifeOrb|Chlorophyll|SludgeBomb,EarthPower,Protect,KnockOff|Serious||F|||50|]Blaziken||Blazikenite|SpeedBoost|Detect,PoisonJab,Earthquake,KnockOff|Adamant||F|||50|]Klefki||SitrusBerry|Prankster|Imprison,TrickRoom,Protect,DazzlingGleam|Relaxed||M|||50|
|showteam|p2|Farigiraf||SitrusBerry|ArmorTail|TrickRoom,HyperVoice,Psychic,Protect|Relaxed||F|||50|]Mimikyu||MentalHerb|Disguise|TrickRoom,PlayRough,Protect,ShadowClaw|Brave||F|||50|]Chandelure||Chandelurite|Infiltrator|HeatWave,EnergyBall,ShadowBall,Protect|Quiet||F|||50|]Mawile||Mawilite|HyperCutter|PlayRough,IronHead,SuckerPunch,ThunderPunch|Adamant||M|||50|]Azumarill||LifeOrb|HugePower|KnockOff,PlayRough,AquaJet,Protect|Adamant||M|||50|]Aegislash||Leftovers|StanceChange|KingsShield,ShadowBall,AirSlash,ShadowSneak|Quiet||M|||50|
|inactive|Battle timer is ON: inactive players will automatically lose when time's up. (requested by EconomyTrash)
|
|t:|1784953755
|teamsize|p1|4
|teamsize|p2|4
|start
|switch|p1a: Prowler|Araquanid, L50, M, shiny|100/100
|switch|p1b: Big Man|Blastoise, L50, F|100/100
|switch|p2a: Mimikyu|Mimikyu, L50, F|100/100
|switch|p2b: Chandelure|Chandelure, L50, F|100/100
|turn|1
|inactive|FlaminDragons has 30 seconds left.
|inactiveoff|Battle timer is now OFF.
|
|t:|1784953784
|detailschange|p2b: Chandelure|Chandelure-Mega, L50, F
|-mega|p2b: Chandelure|Chandelure|Chandelurite
|move|p2b: Chandelure|Protect|p2b: Chandelure
|-singleturn|p2b: Chandelure|Protect
|move|p1b: Big Man|Shell Smash|p1b: Big Man
|-unboost|p1b: Big Man|def|1
|-unboost|p1b: Big Man|spd|1
|-boost|p1b: Big Man|atk|2
|-boost|p1b: Big Man|spa|2
|-boost|p1b: Big Man|spe|2
|-enditem|p1b: Big Man|White Herb
|-clearnegativeboost|p1b: Big Man|[silent]
|move|p1a: Prowler|Entrainment|p1b: Big Man
|-ability|p1b: Big Man|Water Bubble|Rain Dish|[from] move: Entrainment|[of] p1a: Prowler
|move|p2a: Mimikyu|Trick Room|p2a: Mimikyu
|-fieldstart|move: Trick Room|[of] p2a: Mimikyu
|
|upkeep
|turn|2
|
|t:|1784953826
|switch|p1a: Temu Greninja|Politoed, L50, M, shiny|100/100
|-weather|RainDance|[from] ability: Drizzle|[of] p1a: Temu Greninja
|move|p2b: Chandelure|Energy Ball|p1b: Big Man
|-supereffective|p1b: Big Man|1
|-damage|p1b: Big Man|28/100
|move|p2a: Mimikyu|Play Rough|p1a: Temu Greninja
|-damage|p1a: Temu Greninja|51/100
|move|p1b: Big Man|Water Spout|p2a: Mimikyu|[spread] p2a,p2b
|-supereffective|p2b: Chandelure|1
|-activate|p2a: Mimikyu|ability: Disguise
|-damage|p2a: Mimikyu|100/100
|-damage|p2b: Chandelure|0 fnt
|detailschange|p2a: Mimikyu|Mimikyu-Busted, L50, F
|-damage|p2a: Mimikyu|87/100|[from] pokemon: Mimikyu-Busted
|faint|p2b: Chandelure
|
|-weather|RainDance|[upkeep]
|upkeep
|
|t:|1784953850
|switch|p2b: Aegislash|Aegislash, L50, M|100/100
|turn|3
|
|t:|1784953876
|move|p1a: Temu Greninja|Helping Hand|p1b: Big Man
|-singleturn|p1b: Big Man|Helping Hand|[of] p1a: Temu Greninja
|move|p1b: Big Man|Aqua Jet|p2a: Mimikyu
|-damage|p2a: Mimikyu|0 fnt
|faint|p2a: Mimikyu
|-formechange|p2b: Aegislash|Aegislash-Blade|
|move|p2b: Aegislash|Air Slash|p1a: Temu Greninja
|-crit|p1a: Temu Greninja
|-damage|p1a: Temu Greninja|23/100
|
|-weather|RainDance|[upkeep]
|upkeep
|
|t:|1784953887
|switch|p2a: Farigiraf|Farigiraf, L50, F|100/100
|turn|4
|
|t:|1784953920
|move|p1a: Temu Greninja|Protect|p1a: Temu Greninja
|-singleturn|p1a: Temu Greninja|Protect
|move|p2b: Aegislash|Shadow Sneak|p1b: Big Man
|-damage|p1b: Big Man|12/100
|move|p2a: Farigiraf|Hyper Voice|p1a: Temu Greninja|[spread] p1b
|-activate|p1a: Temu Greninja|move: Protect
|-damage|p1b: Big Man|0 fnt
|faint|p1b: Big Man
|
|-weather|RainDance|[upkeep]
|upkeep
|
|t:|1784953931
|switch|p1b: Prowler|Araquanid, L50, M, shiny|100/100
|turn|5
|
|t:|1784953955
|move|p1a: Temu Greninja|Helping Hand|p1b: Prowler
|-singleturn|p1b: Prowler|Helping Hand|[of] p1a: Temu Greninja
|-formechange|p2b: Aegislash|Aegislash|
|move|p2b: Aegislash|King's Shield|p2b: Aegislash
|-singleturn|p2b: Aegislash|Protect
|move|p1b: Prowler|Liquidation|p2a: Farigiraf
|-damage|p2a: Farigiraf|0 fnt
|faint|p2a: Farigiraf
|
|-weather|RainDance|[upkeep]
|-fieldend|move: Trick Room
|upkeep
|turn|6
|
|t:|1784953988
|move|p1a: Temu Greninja|Earth Power|p2b: Aegislash
|-supereffective|p2b: Aegislash|1
|-damage|p2b: Aegislash|68/100
|-formechange|p2b: Aegislash|Aegislash-Blade|
|move|p2b: Aegislash|Air Slash|p1b: Prowler
|-supereffective|p1b: Prowler|1
|-crit|p1b: Prowler
|-damage|p1b: Prowler|10/100
|move|p1b: Prowler|Liquidation|p2b: Aegislash
|-damage|p2b: Aegislash|0 fnt
|faint|p2b: Aegislash
|
|win|FlaminDragons
|inactive|FlaminDragons has 30 seconds to confirm battle start!
|inactive|EconomyTrash has 30 seconds to confirm battle start!
||EconomyTrash is ready for game 2.
|inactive|FlaminDragons has 20 seconds to confirm battle start!
|inactive|FlaminDragons has 10 seconds to confirm battle start!
|uhtml|next|Next: Game 2 of 3
|l|☆FlaminDragons
|player|p1|
|j|☆FlaminDragons
|player|p1|FlaminDragons|1|
