|j|☆Benjojos
|j|☆natsukivgc
|html|Benjojosnatsukivgc    
|uhtml|bestof|Game 1 of a best-of-3
|t:|1785467082
|gametype|doubles
|player|p1|Benjojos|169|1106
|player|p2|natsukivgc|1|1064
|gen|9
|tier|[Gen 9 Champions] VGC 2026 Reg M-B (Bo3)
|rated|
|rule|Species Clause: Limit one of each Pokémon
|rule|Item Clause: Limit 1 of each item
|clearpoke
|poke|p1|Rampardos, L50, F, shiny|
|poke|p1|Incineroar, L50, M|
|poke|p1|Farigiraf, L50, F|
|poke|p1|Mamoswine, L50, M|
|poke|p1|Annihilape, L50, M|
|poke|p1|Charizard, L50, M|
|poke|p2|Charizard, L50, M|
|poke|p2|Sneasler, L50, M|
|poke|p2|Kingambit, L50, M|
|poke|p2|Dragonite, L50, F|
|poke|p2|Floette-Eternal, L50, F|
|poke|p2|Whimsicott, L50, M|
|teampreview|4
|showteam|p1|Rampardos||LifeOrb|SheerForce|RockSlide,HammerArm,Protect,DragonClaw|Brave||F|||50|]Incineroar||WhiteHerb|Intimidate|FlareBlitz,Assurance,FakeOut,PartingShot|Brave||M|||50|]Farigiraf||ColburBerry|ArmorTail|Psychic,HyperVoice,TrickRoom,HelpingHand|Sassy||F|||50|]Mamoswine||FocusSash|Oblivious|IceShard,HighHorsepower,Earthquake,Protect|Adamant||M|||50|]Annihilape||ChoiceScarf|Defiant|PhantomForce,RockSlide,CloseCombat,GunkShot|Adamant||M|||50|]Charizard||CharizarditeY|Blaze|WeatherBall,SolarBeam,HeatWave,Protect|Modest||M|||50|
|showteam|p2|Charizard||CharizarditeY|Blaze|HeatWave,SolarBeam,WeatherBall,Protect|Modest||M|||50|]Sneasler||WhiteHerb|Unburden|CloseCombat,DireClaw,FakeOut,Coaching|Jolly||M|||50|]Kingambit||BlackGlasses|Defiant|KowtowCleave,SuckerPunch,SwordsDance,Protect|Adamant||M|||50|]Dragonite||LifeOrb|InnerFocus|DragonClaw,LowKick,ExtremeSpeed,Protect|Adamant||F|||50|]Floette-Eternal||Floettite|FlowerVeil|Moonblast,DazzlingGleam,LightofRuin,Protect|Modest||F|||50|]Whimsicott||FocusSash|Prankster|Moonblast,Tailwind,Encore,Protect|Timid||M|||50|
|inactive|Battle timer is ON: inactive players will automatically lose when time's up. (requested by Benjojos)
|inactive|natsukivgc has 60 seconds left.
|
|t:|1785467150
|teamsize|p1|4
|teamsize|p2|4
|start
|switch|p1a: Annihilape|Annihilape, L50, M|100/100
|switch|p1b: Farigiraf|Farigiraf, L50, F|100/100
|switch|p2a: Sneasler|Sneasler, L50, M|100/100
|switch|p2b: Dragonite|Dragonite, L50, F|100/100
|turn|1
|inactive|natsukivgc has 30 seconds left.
|
|t:|1785467177
|move|p1a: Annihilape|Rock Slide|p2a: Sneasler|[spread] p2a,p2b
|-resisted|p2a: Sneasler|1
|-supereffective|p2b: Dragonite|1
|-damage|p2a: Sneasler|83/100
|-damage|p2b: Dragonite|57/100
|move|p2a: Sneasler|Coaching|p2b: Dragonite
|-boost|p2b: Dragonite|atk|1
|-boost|p2b: Dragonite|def|1
|move|p2b: Dragonite|Dragon Claw|p1b: Farigiraf
|-damage|p1b: Farigiraf|18/100
|-damage|p2b: Dragonite|48/100|[from] item: Life Orb
|move|p1b: Farigiraf|Trick Room|p1b: Farigiraf
|-fieldstart|move: Trick Room|[of] p1b: Farigiraf
|
|upkeep
|turn|2
|inactive|Benjojos has 30 seconds left.
|inactive|natsukivgc has 30 seconds left.
|
|t:|1785467212
|switch|p1a: Rampardos|Rampardos, L50, F, shiny|100/100
|move|p1b: Farigiraf|Psychic|p2a: Sneasler
|-supereffective|p2a: Sneasler|2
|-damage|p2a: Sneasler|0 fnt
|faint|p2a: Sneasler
|move|p2b: Dragonite|Dragon Claw|p1a: Rampardos
|-damage|p1a: Rampardos|0 fnt
|faint|p1a: Rampardos
|-damage|p2b: Dragonite|38/100|[from] item: Life Orb
|
|upkeep
|
|t:|1785467227
|switch|p1a: Charizard|Charizard, L50, M|100/100
|switch|p2a: Floette|Floette-Eternal, L50, F|100/100
|turn|3
|
|t:|1785467236
|detailschange|p1a: Charizard|Charizard-Mega-Y, L50, M
|-mega|p1a: Charizard|Charizard|Charizardite Y
|-weather|SunnyDay|[from] ability: Drought|[of] p1a: Charizard
|detailschange|p2a: Floette|Floette-Mega, L50, F
|-mega|p2a: Floette|Floette|Floettite
|-ability|p2a: Floette|Fairy Aura
|move|p2b: Dragonite|Protect|p2b: Dragonite
|-singleturn|p2b: Dragonite|Protect
|move|p2a: Floette|Protect|p2a: Floette
|-singleturn|p2a: Floette|Protect
|move|p1b: Farigiraf|Psychic|p2b: Dragonite
|-activate|p2b: Dragonite|move: Protect
|move|p1a: Charizard|Weather Ball|p2a: Floette
|-activate|p2a: Floette|move: Protect
|
|-weather|SunnyDay|[upkeep]
|upkeep
|turn|4
|inactive|natsukivgc has 30 seconds left.
|
|t:|1785467272
|switch|p2a: Whimsicott|Whimsicott, L50, M|100/100
|move|p1a: Charizard|Protect|p1a: Charizard
|-singleturn|p1a: Charizard|Protect
|move|p1b: Farigiraf|Psychic|p2b: Dragonite
|-damage|p2b: Dragonite|4/100
|move|p2b: Dragonite|Dragon Claw|p1b: Farigiraf
|-damage|p1b: Farigiraf|0 fnt
|faint|p1b: Farigiraf
|-damage|p2b: Dragonite|0 fnt|[from] item: Life Orb
|faint|p2b: Dragonite
|
|-weather|SunnyDay|[upkeep]
|upkeep
|
|t:|1785467286
|switch|p1b: Annihilape|Annihilape, L50, M|100/100
|switch|p2b: Floette|Floette-Mega, L50, F|100/100
|-ability|p2b: Floette|Fairy Aura
|turn|5
|inactive|natsukivgc has 30 seconds left.
|inactive|natsukivgc has 20 seconds left.
|inactive|natsukivgc has 15 seconds left.
|
|t:|1785467328
|move|p2b: Floette|Protect|p2b: Floette
|-singleturn|p2b: Floette|Protect
|move|p2a: Whimsicott|Tailwind|p2a: Whimsicott
|-sidestart|p2: natsukivgc|move: Tailwind
|move|p1a: Charizard|Heat Wave|p2a: Whimsicott|[spread] p2a
|-activate|p2b: Floette|move: Protect
|-supereffective|p2a: Whimsicott|1
|-enditem|p2a: Whimsicott|Focus Sash
|-damage|p2a: Whimsicott|1/100
|move|p1b: Annihilape|Gunk Shot|p2b: Floette
|-activate|p2b: Floette|move: Protect
|
|-weather|SunnyDay|[upkeep]
|-fieldend|move: Trick Room
|upkeep
|turn|6
|inactive|natsukivgc has 30 seconds left.
|
|t:|1785467356
|move|p2a: Whimsicott|Moonblast|p1b: Annihilape
|-supereffective|p1b: Annihilape|1
|-damage|p1b: Annihilape|1/100
|move|p2b: Floette|Dazzling Gleam|p1a: Charizard|[spread] p1a,p1b
|-resisted|p1a: Charizard|1
|-supereffective|p1b: Annihilape|1
|-damage|p1a: Charizard|77/100
|-damage|p1b: Annihilape|0 fnt
|faint|p1b: Annihilape
|move|p1a: Charizard|Heat Wave|p2b: Floette|[spread] p2a,p2b
|-supereffective|p2a: Whimsicott|1
|-damage|p2a: Whimsicott|0 fnt
|-damage|p2b: Floette|48/100
|faint|p2a: Whimsicott
|
|-weather|SunnyDay|[upkeep]
|upkeep
|turn|7
|
|t:|1785467377
|move|p2b: Floette|Protect|p2b: Floette
|-singleturn|p2b: Floette|Protect
|move|p1a: Charizard|Weather Ball|p2b: Floette
|-activate|p2b: Floette|move: Protect
|
|-weather|none
|upkeep
|turn|8
|
|t:|1785467396
|move|p1a: Charizard|Protect|p1a: Charizard
|-singleturn|p1a: Charizard|Protect
|move|p2b: Floette|Moonblast|p1a: Charizard
|-activate|p1a: Charizard|move: Protect
|
|-sideend|p2: natsukivgc|move: Tailwind
|upkeep
|turn|9
|
|t:|1785467406
|move|p2b: Floette|Moonblast|p1a: Charizard
|-resisted|p1a: Charizard|1
|-damage|p1a: Charizard|39/100
|move|p1a: Charizard|Heat Wave|p2b: Floette|[miss]
|-miss|p1a: Charizard|p2b: Floette
|
|upkeep
|turn|10
|inactive|natsukivgc has 30 seconds left.
|
|t:|1785467433
|move|p2b: Floette|Light of Ruin|p1a: Charizard
|-resisted|p1a: Charizard|1
|-damage|p1a: Charizard|0 fnt
|faint|p1a: Charizard
|-damage|p2b: Floette|26/100|[from] Recoil
|
|win|natsukivgc
