|j|☆tpgamer007
|j|☆Setaton
|html|tpgamer007Setaton    
|uhtml|bestof|Game 2 of a best-of-3
|t:|1757007346
|gametype|doubles
|player|p1|tpgamer007|misty|1000
|player|p2|Setaton|volkner|1000
|gen|9
|tier|[Gen 9] VGC 2025 Reg H (Bo3)
|rated|
|rule|Species Clause: Limit one of each Pokémon
|rule|Item Clause: Limit 1 of each item
|clearpoke
|poke|p1|Ursaluna-Bloodmoon, L50, M|
|poke|p1|Incineroar, L50, M|
|poke|p1|Indeedee-F, L50, F|
|poke|p1|Amoonguss, L50, F|
|poke|p1|Primarina, L50, M|
|poke|p1|Gallade, L50, M|
|poke|p2|Sneasler, L50, M|
|poke|p2|Rillaboom, L50, M|
|poke|p2|Electabuzz, L50, M|
|poke|p2|Dragonite, L50, F|
|poke|p2|Volcarona, L50, F|
|poke|p2|Kingambit, L50, M|
|teampreview|4
|showteam|p1|Ursaluna-Bloodmoon||LifeOrb|MindsEye|EarthPower,BloodMoon,Protect,HyperVoice|||M|||50|,,,,,Normal]Incineroar||SafetyGoggles|Intimidate|FakeOut,PartingShot,KnockOff,FlareBlitz|||M|||50|,,,,,Ghost]Indeedee-F||PsychicSeed|PsychicSurge|FollowMe,TrickRoom,HelpingHand,Psychic|||F|||50|,,,,,Psychic]Amoonguss||RockyHelmet|Regenerator|Spore,PollenPuff,RagePowder,Protect|||F|||50|,,,,,Water]Primarina||ThroatSpray|LiquidVoice|HyperVoice,Moonblast,Haze,Protect|||M|||50|,,,,,Steel]Gallade||ScopeLens|Sharpness|SacredSword,NightSlash,PsychoCut,TrickRoom|||M|||50|,,,,,Dark
|showteam|p2|Sneasler||FocusSash|PoisonTouch|CloseCombat,DireClaw,Coaching,FakeOut|||M|||50|,,,,,Ghost]Rillaboom||AssaultVest|GrassySurge|WoodHammer,GrassyGlide,HighHorsepower,FakeOut|||M|||50|,,,,,Fire]Electabuzz||Eviolite|VitalSpirit|Electroweb,Taunt,Protect,FollowMe|||M|||50|,,,,,Fairy]Dragonite||LoadedDice|Multiscale|ScaleShot,ExtremeSpeed,Haze,Tailwind|||F|||50|,,,,,Fairy]Volcarona||Leftovers|FlameBody|HeatWave,TeraBlast,QuiverDance,Protect|||F|||50|,,,,,Fairy]Kingambit||BlackGlasses|Defiant|KowtowCleave,SuckerPunch,SwordsDance,Protect|||M|||50|,,,,,Dark
|inactive|Battle timer is ON: inactive players will automatically lose when time's up. (requested by tpgamer007)
|inactive|tpgamer007 has 60 seconds left.
|
|t:|1757007379
|teamsize|p1|4
|teamsize|p2|4
|start
|switch|p1a: Ursaluna|Ursaluna-Bloodmoon, L50, M|100/100
|switch|p1b: Gallade|Gallade, L50, M|100/100
|switch|p2a: Electabuzz|Electabuzz, L50, M|100/100
|switch|p2b: Kingambit|Kingambit, L50, M|100/100
|turn|1
|inactive|Setaton has 30 seconds left.
|
|t:|1757007406
|switch|p2b: Rillaboom|Rillaboom, L50, M|100/100
|-fieldstart|move: Grassy Terrain|[from] ability: Grassy Surge|[of] p2b: Rillaboom
|move|p2a: Electabuzz|Taunt|p1b: Gallade
|-start|p1b: Gallade|move: Taunt
|move|p1b: Gallade|Sacred Sword|p2b: Rillaboom
|-damage|p2b: Rillaboom|39/100
|move|p1a: Ursaluna|Earth Power|p2a: Electabuzz
|-supereffective|p2a: Electabuzz
|-damage|p2a: Electabuzz|3/100
|-damage|p1a: Ursaluna|90/100|[from] item: Life Orb
|
|-heal|p2a: Electabuzz|9/100|[from] Grassy Terrain
|-heal|p2b: Rillaboom|45/100|[from] Grassy Terrain
|-heal|p1a: Ursaluna|96/100|[from] Grassy Terrain
|upkeep
|turn|2
|inactive|tpgamer007 has 30 seconds left.
|inactive|Setaton has 30 seconds left.
|inactive|tpgamer007 has 20 seconds left.
|inactive|Setaton has 20 seconds left.
|
|t:|1757007443
|-terastallize|p1a: Ursaluna|Normal
|move|p2a: Electabuzz|Protect|p2a: Electabuzz
|-singleturn|p2a: Electabuzz|Protect
|move|p2b: Rillaboom|Wood Hammer|p1b: Gallade
|-damage|p1b: Gallade|0 fnt
|faint|p1b: Gallade
|-damage|p2b: Rillaboom|16/100|[from] Recoil
|move|p1a: Ursaluna|Hyper Voice|p2b: Rillaboom|[spread] p2b
|-activate|p2a: Electabuzz|move: Protect
|-damage|p2b: Rillaboom|0 fnt
|faint|p2b: Rillaboom
|-damage|p1a: Ursaluna|86/100|[from] item: Life Orb
|
|-heal|p2a: Electabuzz|15/100|[from] Grassy Terrain
|-heal|p1a: Ursaluna|92/100|[from] Grassy Terrain
|upkeep
|
|t:|1757007460
|switch|p2b: Volcarona|Volcarona, L50, F|100/100
|switch|p1b: Amoonguss|Amoonguss, L50, F|100/100
|turn|3
|
|t:|1757007479
|move|p1b: Amoonguss|Protect|p1b: Amoonguss
|-singleturn|p1b: Amoonguss|Protect
|move|p2a: Electabuzz|Taunt|p1b: Amoonguss
|-activate|p1b: Amoonguss|move: Protect
|move|p2b: Volcarona|Quiver Dance|p2b: Volcarona
|-boost|p2b: Volcarona|spa|1
|-boost|p2b: Volcarona|spd|1
|-boost|p2b: Volcarona|spe|1
|move|p1a: Ursaluna|Hyper Voice|p2a: Electabuzz|[spread] p2a,p2b
|-crit|p2b: Volcarona
|-damage|p2a: Electabuzz|0 fnt
|-damage|p2b: Volcarona|12/100
|faint|p2a: Electabuzz
|-damage|p1a: Ursaluna|82/100|[from] item: Life Orb
|
|-heal|p2b: Volcarona|18/100|[from] Grassy Terrain
|-heal|p2b: Volcarona|24/100|[from] item: Leftovers
|-heal|p1a: Ursaluna|88/100|[from] Grassy Terrain
|upkeep
|
|t:|1757007495
|switch|p2a: Kingambit|Kingambit, L50, M|100/100
|turn|4
|
|t:|1757007506
|move|p1b: Amoonguss|Rage Powder|p1b: Amoonguss
|-singleturn|p1b: Amoonguss|move: Rage Powder
|move|p2a: Kingambit|Sucker Punch||[still]
|-fail|p2a: Kingambit
|move|p2b: Volcarona|Heat Wave|p1a: Ursaluna|[spread] p1a,p1b
|-crit|p1a: Ursaluna
|-supereffective|p1b: Amoonguss
|-damage|p1a: Ursaluna|0 fnt
|-damage|p1b: Amoonguss|12/100
|faint|p1a: Ursaluna
|
|-heal|p2b: Volcarona|30/100|[from] Grassy Terrain
|-heal|p2b: Volcarona|37/100|[from] item: Leftovers
|-heal|p1b: Amoonguss|18/100|[from] Grassy Terrain
|upkeep
|
|t:|1757007512
|switch|p1a: Indeedee|Indeedee-F, L50, F|100/100
|-fieldstart|move: Psychic Terrain|[from] ability: Psychic Surge|[of] p1a: Indeedee
|-enditem|p1a: Indeedee|Psychic Seed
|-boost|p1a: Indeedee|spd|1|[from] item: Psychic Seed
|turn|5
|
|t:|1757007535
|move|p2b: Volcarona|Protect|p2b: Volcarona
|-singleturn|p2b: Volcarona|Protect
|move|p1b: Amoonguss|Protect|p1b: Amoonguss
|-singleturn|p1b: Amoonguss|Protect
|move|p2a: Kingambit|Kowtow Cleave|p1b: Amoonguss
|-activate|p1b: Amoonguss|move: Protect
|move|p1a: Indeedee|Trick Room|p1a: Indeedee
|-fieldstart|move: Trick Room|[of] p1a: Indeedee
|
|-heal|p2b: Volcarona|43/100|[from] item: Leftovers
|upkeep
|turn|6
|inactive|tpgamer007 has 30 seconds left.
|
|t:|1757007565
|move|p1a: Indeedee|Follow Me|p1a: Indeedee
|-singleturn|p1a: Indeedee|move: Follow Me
|move|p1b: Amoonguss|Spore|p2b: Volcarona
|-status|p2b: Volcarona|slp|[from] move: Spore
|move|p2a: Kingambit|Kowtow Cleave|p1a: Indeedee
|-supereffective|p1a: Indeedee
|-damage|p1a: Indeedee|0 fnt
|faint|p1a: Indeedee
|cant|p2b: Volcarona|slp
|
|-heal|p2b: Volcarona|49/100 slp|[from] item: Leftovers
|upkeep
|turn|7
|
|t:|1757007577
|move|p1b: Amoonguss|Spore|p2a: Kingambit
|-status|p2a: Kingambit|slp|[from] move: Spore
|cant|p2a: Kingambit|slp
|cant|p2b: Volcarona|slp
|
|-heal|p2b: Volcarona|55/100 slp|[from] item: Leftovers
|upkeep
|turn|8
|-message|tpgamer007 forfeited.
|
|win|Setaton
|l|☆tpgamer007
|player|p1|
||tpgamer007 is ready for game 3.
