|badge|p1|bronze|gen9ou|100-6
|uhtml|medal-msg|Curious what those medals under the avatar are? PS now has Ladder Seasons! For more information, check out the thread on Smogon.
|j|☆JackRG1
|j|☆We_Are_Toasted
|html|JackRG1We_Are_Toasted    
|uhtml|bestof|Game 1 of a best-of-3
|t:|1757184780
|gametype|doubles
|player|p1|JackRG1|dawn-gen4pt|1235
|player|p2|We_Are_Toasted|larry|1193
|gen|9
|tier|[Gen 9] VGC 2025 Reg H (Bo3)
|rated|
|rule|Species Clause: Limit one of each Pokémon
|rule|Item Clause: Limit 1 of each item
|clearpoke
|poke|p1|Excadrill, L50, F|
|poke|p1|Tyranitar, L50, F|
|poke|p1|Gholdengo, L50|
|poke|p1|Dragapult, L50, F|
|poke|p1|Talonflame, L50, F|
|poke|p1|Farigiraf, L50, F|
|poke|p2|Hydreigon, L50, M|
|poke|p2|Incineroar, L50, F|
|poke|p2|Porygon2, L50|
|poke|p2|Ursaluna, L50, F|
|poke|p2|Amoonguss, L50, M|
|poke|p2|Gholdengo, L50|
|teampreview|4
|showteam|p1|Excadrill||FocusSash|SandRush|IronHead,Protect,Earthquake,HighHorsepower|||F|||50|,,,,,Ground]Tyranitar||ClearAmulet|SandStream|RockSlide,Snarl,Protect,LowKick|||F|||50|,,,,,Ghost]Gholdengo||MetalCoat|GoodasGold|MakeItRain,ShadowBall,NastyPlot,Protect||||||50|,,,,,Flying]Dragapult||ChoiceBand|ClearBody|PhantomForce,DragonDarts,BreakingSwipe,Uturn|||F|||50|,,,,,Dragon]Talonflame||CovertCloak|GaleWings|Tailwind,Taunt,WillOWisp,BraveBird|||F|||50|,,,,,Ghost]Farigiraf||MentalHerb|ArmorTail|TrickRoom,Imprison,Protect,FoulPlay|||F|||50|,,,,,Fairy
|showteam|p2|Hydreigon||SafetyGoggles|Levitate|Snarl,DracoMeteor,Tailwind,Protect|||M|||50|,,,,,Ghost]Incineroar||SitrusBerry|Intimidate|FlareBlitz,KnockOff,PartingShot,FakeOut|||F|||50|,,,,,Ghost]Porygon2||Eviolite|Download|TeraBlast,IceBeam,TrickRoom,Recover||||||50|,,,,,Fighting]Ursaluna||FlameOrb|Guts|Facade,HeadlongRush,Earthquake,Protect|||F|||50|,,,,,Ghost]Amoonguss||RockyHelmet|Regenerator|PollenPuff,Spore,RagePowder,Protect|||M|||50|,,,,,Fire]Gholdengo||MetalCoat|GoodasGold|MakeItRain,ShadowBall,NastyPlot,Protect||||||50|,,,,,Water
|inactive|Battle timer is ON: inactive players will automatically lose when time's up. (requested by JackRG1)
|inactive|JackRG1 has 60 seconds left.
|inactive|We_Are_Toasted has 60 seconds left.
|inactive|We_Are_Toasted has 30 seconds left.
|inactive|We_Are_Toasted has 20 seconds left.
|inactive|We_Are_Toasted has 15 seconds left.
|inactive|We_Are_Toasted has 10 seconds left.
|
|t:|1757184864
|teamsize|p1|4
|teamsize|p2|4
|start
|switch|p1a: Talonflame|Talonflame, L50, F|100/100
|switch|p1b: Tyranitar|Tyranitar, L50, F|100/100
|switch|p2a: Incineroar|Incineroar, L50, F|100/100
|switch|p2b: Porygon2|Porygon2, L50|100/100
|-ability|p2a: Incineroar|Intimidate|boost
|-unboost|p1a: Talonflame|atk|1
|-fail|p1b: Tyranitar|unboost|[from] item: Clear Amulet|[of] p1b: Tyranitar
|-weather|Sandstorm|[from] ability: Sand Stream|[of] p1b: Tyranitar
|-ability|p2b: Porygon2|Download|boost
|-boost|p2b: Porygon2|spa|1
|turn|1
|inactive|We_Are_Toasted has 30 seconds left.
|inactive|We_Are_Toasted has 20 seconds left.
|
|t:|1757184903
|-terastallize|p2b: Porygon2|Fighting
|move|p1b: Tyranitar|Protect|p1b: Tyranitar
|-singleturn|p1b: Tyranitar|Protect
|move|p1a: Talonflame|Taunt|p2b: Porygon2
|-start|p2b: Porygon2|move: Taunt
|move|p2a: Incineroar|Knock Off|p1a: Talonflame
|-damage|p1a: Talonflame|34/100
|-enditem|p1a: Talonflame|Covert Cloak|[from] move: Knock Off|[of] p2a: Incineroar
|move|p2b: Porygon2|Tera Blast|p1b: Tyranitar|[anim] Tera Blast Fighting
|-activate|p1b: Tyranitar|move: Protect
|
|-weather|Sandstorm|[upkeep]
|-damage|p1a: Talonflame|28/100|[from] Sandstorm
|-damage|p2a: Incineroar|94/100|[from] Sandstorm
|-damage|p2b: Porygon2|94/100|[from] Sandstorm
|upkeep
|turn|2
|
|t:|1757184925
|move|p1a: Talonflame|Brave Bird|p2b: Porygon2
|-supereffective|p2b: Porygon2
|-damage|p2b: Porygon2|56/100
|-damage|p1a: Talonflame|13/100|[from] Recoil
|move|p2a: Incineroar|Knock Off|p1b: Tyranitar
|-resisted|p1b: Tyranitar
|-damage|p1b: Tyranitar|82/100
|-enditem|p1b: Tyranitar|Clear Amulet|[from] move: Knock Off|[of] p2a: Incineroar
|move|p1b: Tyranitar|Rock Slide|p2b: Porygon2|[spread] p2b
|-miss|p1b: Tyranitar|p2a: Incineroar
|-resisted|p2b: Porygon2
|-damage|p2b: Porygon2|46/100
|move|p2b: Porygon2|Ice Beam|p1a: Talonflame
|-damage|p1a: Talonflame|0 fnt
|faint|p1a: Talonflame
|
|-weather|Sandstorm|[upkeep]
|-damage|p2a: Incineroar|88/100|[from] Sandstorm
|-damage|p2b: Porygon2|40/100|[from] Sandstorm
|upkeep
|
|t:|1757184943
|switch|p1a: Dragapult|Dragapult, L50, F|100/100
|turn|3
|
|t:|1757184965
|-terastallize|p1a: Dragapult|Dragon
|move|p1a: Dragapult|Dragon Darts|p2a: Incineroar
|-damage|p2a: Incineroar|36/100
|-enditem|p2a: Incineroar|Sitrus Berry|[eat]
|-heal|p2a: Incineroar|61/100|[from] item: Sitrus Berry
|-anim|p1a: Dragapult|Dragon Darts|p2b: Porygon2
|-damage|p2b: Porygon2|3/100
|move|p2a: Incineroar|Knock Off|p1a: Dragapult
|-damage|p1a: Dragapult|42/100
|-enditem|p1a: Dragapult|Choice Band|[from] move: Knock Off|[of] p2a: Incineroar
|move|p1b: Tyranitar|Rock Slide|p2a: Incineroar|[spread] p2b
|-miss|p1b: Tyranitar|p2a: Incineroar
|-resisted|p2b: Porygon2
|-damage|p2b: Porygon2|0 fnt
|faint|p2b: Porygon2
|
|-weather|Sandstorm|[upkeep]
|-damage|p1a: Dragapult|36/100|[from] Sandstorm
|-damage|p2a: Incineroar|55/100|[from] Sandstorm
|upkeep
|
|t:|1757184982
|switch|p2b: Amoonguss|Amoonguss, L50, M, shiny|100/100
|turn|4
|
|t:|1757184999
|switch|p2a: Ursaluna|Ursaluna, L50, F|100/100
|move|p1a: Dragapult|Dragon Darts|p2b: Amoonguss
|-damage|p2b: Amoonguss|65/100
|-anim|p1a: Dragapult|Dragon Darts|p2a: Ursaluna
|-damage|p2a: Ursaluna|71/100
|move|p1b: Tyranitar|Rock Slide|p2b: Amoonguss|[spread] p2a,p2b
|-resisted|p2a: Ursaluna
|-damage|p2a: Ursaluna|58/100
|-damage|p2b: Amoonguss|36/100
|move|p2b: Amoonguss|Spore|p1a: Dragapult
|-status|p1a: Dragapult|slp|[from] move: Spore
|
|-weather|Sandstorm|[upkeep]
|-damage|p1a: Dragapult|30/100 slp|[from] Sandstorm
|-damage|p2b: Amoonguss|30/100|[from] Sandstorm
|-status|p2a: Ursaluna|brn|[from] item: Flame Orb
|upkeep
|turn|5
|inactive|We_Are_Toasted has 30 seconds left.
|inactive|We_Are_Toasted has 20 seconds left.
|
|t:|1757185036
|move|p1b: Tyranitar|Protect|p1b: Tyranitar
|-singleturn|p1b: Tyranitar|Protect
|move|p2b: Amoonguss|Rage Powder|p2b: Amoonguss
|-singleturn|p2b: Amoonguss|move: Rage Powder
|cant|p1a: Dragapult|slp
|move|p2a: Ursaluna|Headlong Rush|p1b: Tyranitar
|-activate|p1b: Tyranitar|move: Protect
|
|-weather|none
|-damage|p2a: Ursaluna|53/100 brn|[from] brn
|upkeep
|turn|6
|inactive|We_Are_Toasted has 30 seconds left.
|inactive|We_Are_Toasted has 20 seconds left.
|
|t:|1757185073
|cant|p1a: Dragapult|slp
|move|p1b: Tyranitar|Low Kick|p2a: Ursaluna
|-supereffective|p2a: Ursaluna
|-damage|p2a: Ursaluna|0 fnt
|faint|p2a: Ursaluna
|move|p2b: Amoonguss|Pollen Puff|p2: Ursaluna|[notarget]
|-fail|p2b: Amoonguss
|
|upkeep
|
|t:|1757185077
|switch|p2a: Incineroar|Incineroar, L50, F|55/100
|-ability|p2a: Incineroar|Intimidate|boost
|-fail|p1a: Dragapult|unboost|[from] ability: Clear Body|[of] p1a: Dragapult
|-unboost|p1b: Tyranitar|atk|1
|turn|7
|-message|We_Are_Toasted forfeited.
|
|win|JackRG1
||We_Are_Toasted is ready for game 2.
||JackRG1 is ready for game 2.
|uhtml|next|Next: Game 2 of 3
|l|☆JackRG1
|player|p1|
