|j|☆TheLackluster7
|j|☆Alecat
|html|TheLackluster7Alecat    
|uhtml|bestof|Game 2 of a best-of-3
|t:|1756453288
|gametype|doubles
|player|p1|TheLackluster7|juggler|1156
|player|p2|Alecat|scientistf|1067
|gen|9
|tier|[Gen 9] VGC 2025 Reg H (Bo3)
|rated|
|rule|Species Clause: Limit one of each Pokémon
|rule|Item Clause: Limit 1 of each item
|clearpoke
|poke|p1|Indeedee-F, L50, F|
|poke|p1|Armarouge, L50, F|
|poke|p1|Zoroark-Hisui, L50, F|
|poke|p1|Abomasnow, L50, F|
|poke|p1|Sneasler, L50, F|
|poke|p1|Ursaluna-Bloodmoon, L50, M|
|poke|p2|Pawmot, L50, M|
|poke|p2|Gyarados, L50, F|
|poke|p2|Volcarona, L50, F|
|poke|p2|Murkrow, L50, F|
|poke|p2|Incineroar, L50, M|
|poke|p2|Archaludon, L50, M|
|teampreview|4
|showteam|p1|Indeedee-F||MentalHerb|PsychicSurge|Psychic,HyperVoice,FollowMe,TrickRoom|||F|||50|,,,,,Steel]Armarouge||LifeOrb|FlashFire|ArmorCannon,ExpandingForce,AuraSphere,Protect|||F|||50|,,,,,Grass]Zoroark-Hisui||FocusSash|Illusion|NastyPlot,HyperVoice,ShadowBall,IcyWind|||F|||50|,,,,,Stellar]Abomasnow||SitrusBerry|SnowWarning|Blizzard,GigaDrain,EarthPower,Protect|||F|||50|,,,,,Fire]Sneasler||PsychicSeed|Unburden|ThroatChop,DireClaw,CloseCombat,Protect|||F|||50|,,,,,Dark]Ursaluna-Bloodmoon||SilkScarf|MindsEye|HyperVoice,BloodMoon,EarthPower,Protect|||M|||50|,,,,,Normal
|showteam|p2|Pawmot||FocusSash|VoltAbsorb|DoubleShock,Coaching,CloseCombat,Protect|||M|||50|,,,,,Electric]Gyarados||ClearAmulet|Moxie|Waterfall,DragonDance,Earthquake,Protect|||F|||50|,,,,,Ground]Volcarona||SitrusBerry|FlameBody|Overheat,StruggleBug,RagePowder,Tailwind|||F|||50|,,,,,Grass]Murkrow||Eviolite|Prankster|FoulPlay,RainDance,Tailwind,SunnyDay|||F|||50|,,,,,Dark]Incineroar||AssaultVest|Intimidate|FlareBlitz,FakeOut,Bulldoze,KnockOff|||M|||50|,,,,,Ghost]Archaludon||PowerHerb|Stalwart|DragonTail,FlashCannon,ElectroShot,Protect|||M|||50|,,,,,Grass
|inactive|Battle timer is ON: inactive players will automatically lose when time's up. (requested by Alecat)
|
|t:|1756453315
|teamsize|p1|4
|teamsize|p2|4
|start
|switch|p1a: Indeedee|Indeedee-F, L50, F|100/100
|switch|p1b: Ursaluna|Ursaluna-Bloodmoon, L50, M|100/100
|switch|p2a: Pawmot|Pawmot, L50, M|100/100
|switch|p2b: Archaludon|Archaludon, L50, M|100/100
|-fieldstart|move: Psychic Terrain|[from] ability: Psychic Surge|[of] p1a: Indeedee
|turn|1
|
|t:|1756453339
|move|p1b: Ursaluna|Icy Wind|p2a: Pawmot|[spread] p2a,p2b
|-damage|p2a: Pawmot|77/100
|-damage|p2b: Archaludon|74/100
|-unboost|p2a: Pawmot|spe|1
|-unboost|p2b: Archaludon|spe|1
|move|p2a: Pawmot|Close Combat|p1a: Indeedee
|-damage|p1a: Indeedee|42/100
|-unboost|p2a: Pawmot|def|1
|-unboost|p2a: Pawmot|spd|1
|move|p1a: Indeedee|Psychic|p2a: Pawmot
|-supereffective|p2a: Pawmot
|-damage|p2a: Pawmot|0 fnt
|faint|p2a: Pawmot
|move|p2b: Archaludon|Dragon Tail|p1b: Ursaluna
|-damage|p1b: Ursaluna|57/100
|replace|p1b: Zoroark|Zoroark-Hisui, L50, F
|-end|p1b: Zoroark|Illusion
|drag|p1b: Ursaluna|Ursaluna-Bloodmoon, L50, M|100/100
|
|upkeep
|inactive|Alecat has 30 seconds left.
|
|t:|1756453367
|switch|p2a: Gyarados|Gyarados, L50, F|100/100
|turn|2
|
|t:|1756453385
|-terastallize|p1b: Ursaluna|Normal
|move|p2a: Gyarados|Protect|p2a: Gyarados
|-singleturn|p2a: Gyarados|Protect
|move|p1a: Indeedee|Follow Me|p1a: Indeedee
|-singleturn|p1a: Indeedee|move: Follow Me
|move|p1b: Ursaluna|Blood Moon|p2a: Gyarados
|-activate|p2a: Gyarados|move: Protect
|move|p2b: Archaludon|Dragon Tail|p1a: Indeedee
|-damage|p1a: Indeedee|20/100
|drag|p1a: Sneasler|Sneasler, L50, F|100/100
|-enditem|p1a: Sneasler|Psychic Seed
|-boost|p1a: Sneasler|spd|1|[from] item: Psychic Seed
|
|upkeep
|turn|3
|inactive|TheLackluster7 has 30 seconds left.
|
|t:|1756453414
|-terastallize|p2a: Gyarados|Ground
|move|p1a: Sneasler|Close Combat|p2b: Archaludon
|-supereffective|p2b: Archaludon
|-damage|p2b: Archaludon|0 fnt
|-unboost|p1a: Sneasler|def|1
|-unboost|p1a: Sneasler|spd|1
|faint|p2b: Archaludon
|move|p2a: Gyarados|Earthquake|p1b: Ursaluna|[spread] p1a,p1b
|-supereffective|p1a: Sneasler
|-damage|p1a: Sneasler|0 fnt
|-damage|p1b: Ursaluna|73/100
|faint|p1a: Sneasler
|-ability|p2a: Gyarados|Moxie|boost
|-boost|p2a: Gyarados|atk|1
|move|p1b: Ursaluna|Hyper Voice|p2a: Gyarados
|-damage|p2a: Gyarados|18/100
|
|upkeep
|
|t:|1756453428
|switch|p1a: Indeedee|Indeedee-F, L50, F|57/100
|switch|p2b: Volcarona|Volcarona, L50, F|100/100
|turn|4
|
|t:|1756453452
|move|p2a: Gyarados|Protect|p2a: Gyarados
|-singleturn|p2a: Gyarados|Protect
|move|p1a: Indeedee|Hyper Voice|p2a: Gyarados|[spread] p2b
|-activate|p2a: Gyarados|move: Protect
|-damage|p2b: Volcarona|68/100
|move|p2b: Volcarona|Struggle Bug|p1a: Indeedee|[spread] p1a,p1b
|-resisted|p1a: Indeedee
|-crit|p1b: Ursaluna
|-damage|p1a: Indeedee|41/100
|-damage|p1b: Ursaluna|44/100
|-unboost|p1a: Indeedee|spa|1
|-unboost|p1b: Ursaluna|spa|1
|replace|p1a: Zoroark|Zoroark-Hisui, L50, F
|-end|p1a: Zoroark|Illusion
|move|p1b: Ursaluna|Blood Moon|p2b: Volcarona
|-damage|p2b: Volcarona|0 fnt
|faint|p2b: Volcarona
|
|upkeep
|turn|5
|
|t:|1756453469
|move|p1a: Zoroark|Shadow Ball|p2a: Gyarados
|-damage|p2a: Gyarados|0 fnt
|faint|p2a: Gyarados
|
|win|TheLackluster7
|raw|TheLackluster7's rating: 1156 → 1175(+19 for winning)
|raw|Alecat's rating: 1067 → 1052(-15 for losing)
|l|☆TheLackluster7
|player|p1|
