|j|☆HeatInSeven14
|j|☆Franconcino
|html|HeatInSeven14Franconcino    
|uhtml|bestof|Game 2 of a best-of-3
|t:|1782531826
|gametype|doubles
|player|p1|HeatInSeven14|265|1104
|player|p2|Franconcino|101|1054
|gen|9
|tier|[Gen 9 Champions] VGC 2026 Reg M-B (Bo3)
|rated|
|rule|Species Clause: Limit one of each Pokémon
|rule|Item Clause: Limit 1 of each item
|clearpoke
|poke|p1|Vileplume, L50, M, shiny|
|poke|p1|Torkoal, L50, F, shiny|
|poke|p1|Kangaskhan, L50, F, shiny|
|poke|p1|Farigiraf, L50, M, shiny|
|poke|p1|Basculegion, L50, M, shiny|
|poke|p1|Kommo-o, L50, M, shiny|
|poke|p2|Weavile, L50, M|
|poke|p2|Metagross, L50|
|poke|p2|Sylveon, L50, M|
|poke|p2|Annihilape, L50, M|
|poke|p2|Talonflame, L50, M|
|poke|p2|Araquanid, L50, F|
|teampreview|4
|showteam|p1|Vileplume||FocusSash|Chlorophyll|SludgeBomb,Protect,SleepPowder,AfterYou|Timid||M|||50|]Torkoal||Charcoal|Drought|Eruption,WeatherBall,HeatWave,Protect|Quiet||F|||50|]Kangaskhan||Kangaskhanite|Scrappy|DoubleEdge,FakeOut,LowKick,SuckerPunch|Adamant||F|||50|]Farigiraf||ColburBerry|ArmorTail|HyperVoice,Psychic,Protect,TrickRoom|Quiet||M|||50|]Basculegion||ChoiceScarf|Adaptability|AquaJet,WaveCrash,LastRespects,FlipTurn|Jolly||M|||50|]Kommo-o||LifeOrb|Soundproof|ClangingScales,AuraSphere,DracoMeteor,Protect|Modest||M|||50|
|showteam|p2|Weavile||FocusSash|Pressure|FakeOut,TripleAxel,KnockOff,IcyWind|Hasty||M|||50|]Metagross||Metagrossite|ClearBody|PsychicFangs,IronHead,StompingTantrum,Protect|Jolly|||||50|]Sylveon||FairyFeather|Pixilate|HyperVoice,CalmMind,QuickAttack,Protect|Calm||M|||50|]Annihilape||LifeOrb|Defiant|CloseCombat,RageFist,Assurance,Protect|Jolly||M|||50|]Talonflame||MentalHerb|GaleWings|Tailwind,Taunt,Protect,DualWingbeat|Timid||M|||50|]Araquanid||Leftovers|WaterBubble|Liquidation,LeechLife,MirrorCoat,Protect|Careful||F|||50|
|
|t:|1782531887
|teamsize|p1|4
|teamsize|p2|4
|start
|switch|p1a: Kangaskhan|Kangaskhan, L50, F, shiny|100/100
|switch|p1b: Farigiraf|Farigiraf, L50, M, shiny|100/100
|switch|p2a: Sylveon|Sylveon, L50, M|100/100
|switch|p2b: Araquanid|Araquanid, L50, F|100/100
|turn|1
|
|t:|1782531927
|detailschange|p1a: Kangaskhan|Kangaskhan-Mega, L50, F, shiny
|-mega|p1a: Kangaskhan|Kangaskhan|Kangaskhanite
|move|p1a: Kangaskhan|Fake Out|p2b: Araquanid
|-damage|p2b: Araquanid|82/100
|-damage|p2b: Araquanid|78/100
|-hitcount|p2b: Araquanid|2
|move|p2a: Sylveon|Calm Mind|p2a: Sylveon
|-boost|p2a: Sylveon|spa|1
|-boost|p2a: Sylveon|spd|1
|cant|p2b: Araquanid|flinch
|move|p1b: Farigiraf|Trick Room|p1b: Farigiraf
|-fieldstart|move: Trick Room|[of] p1b: Farigiraf
|
|-heal|p2b: Araquanid|84/100|[from] item: Leftovers
|upkeep
|turn|2
|
|t:|1782531952
|move|p2a: Sylveon|Protect|p2a: Sylveon
|-singleturn|p2a: Sylveon|Protect
|move|p2b: Araquanid|Liquidation|p1a: Kangaskhan
|-damage|p1a: Kangaskhan|61/100
|move|p1b: Farigiraf|Hyper Voice|p2b: Araquanid|[spread] p2b
|-activate|p2a: Sylveon|move: Protect
|-damage|p2b: Araquanid|59/100
|move|p1a: Kangaskhan|Double-Edge|p2a: Sylveon
|-activate|p2a: Sylveon|move: Protect
|
|-heal|p2b: Araquanid|65/100|[from] item: Leftovers
|upkeep
|turn|3
|
|t:|1782531975
|move|p2b: Araquanid|Leech Life|p1b: Farigiraf
|-supereffective|p1b: Farigiraf|1
|-damage|p1b: Farigiraf|47/100
|-heal|p2b: Araquanid|99/100|[from] drain|[of] p1b: Farigiraf
|move|p1b: Farigiraf|Hyper Voice|p2a: Sylveon|[spread] p2a,p2b
|-damage|p2a: Sylveon|86/100
|-damage|p2b: Araquanid|74/100
|move|p2a: Sylveon|Hyper Voice|p1a: Kangaskhan|[spread] p1a,p1b
|-damage|p1a: Kangaskhan|7/100
|-damage|p1b: Farigiraf|0 fnt
|faint|p1b: Farigiraf
|move|p1a: Kangaskhan|Double-Edge|p2a: Sylveon
|-damage|p2a: Sylveon|17/100
|-damage|p2a: Sylveon|2/100
|-hitcount|p2a: Sylveon|2
|-damage|p1a: Kangaskhan|0 fnt|[from] Recoil
|faint|p1a: Kangaskhan
|
|-heal|p2b: Araquanid|80/100|[from] item: Leftovers
|upkeep
|
|t:|1782531991
|switch|p1b: Basculegion|Basculegion, L50, M, shiny|100/100
|switch|p1a: Torkoal|Torkoal, L50, F, shiny|100/100
|-weather|SunnyDay|[from] ability: Drought|[of] p1a: Torkoal
|turn|4
|
|t:|1782532033
|switch|p2b: Talonflame|Talonflame, L50, M|100/100
|move|p2a: Sylveon|Protect|p2a: Sylveon
|-singleturn|p2a: Sylveon|Protect
|move|p1a: Torkoal|Eruption|p2a: Sylveon|[spread] p2b
|-activate|p2a: Sylveon|move: Protect
|-resisted|p2b: Talonflame|1
|-damage|p2b: Talonflame|40/100
|move|p1b: Basculegion|Last Respects|p2b: Talonflame
|-damage|p2b: Talonflame|0 fnt
|faint|p2b: Talonflame
|
|-weather|SunnyDay|[upkeep]
|upkeep
|
|t:|1782532045
|switch|p2b: Araquanid|Araquanid, L50, F|80/100
|turn|5
|
|t:|1782532093
|move|p1a: Torkoal|Eruption|p2b: Araquanid|[spread] p2a,p2b
|-damage|p2a: Sylveon|0 fnt
|-damage|p2b: Araquanid|50/100g
|faint|p2a: Sylveon
|move|p2b: Araquanid|Liquidation|p1a: Torkoal
|-supereffective|p1a: Torkoal|1
|-damage|p1a: Torkoal|58/100
|move|p1b: Basculegion|Last Respects|p2b: Araquanid
|-damage|p2b: Araquanid|0 fnt
|faint|p2b: Araquanid
|
|-weather|SunnyDay|[upkeep]
|-fieldend|move: Trick Room
|upkeep
|
|t:|1782532101
|switch|p2b: Metagross|Metagross, L50|100/100
|turn|6
|
|t:|1782532131
|detailschange|p2b: Metagross|Metagross-Mega, L50
|-mega|p2b: Metagross|Metagross|Metagrossite
|move|p1b: Basculegion|Last Respects|p2b: Metagross
|-supereffective|p2b: Metagross|1
|-damage|p2b: Metagross|0 fnt
|faint|p2b: Metagross
|
|win|HeatInSeven14
|raw|HeatInSeven14's rating: 1104 → 1125(+21 for winning)
|raw|Franconcino's rating: 1054 → 1038(-16 for losing)
