|j|☆new mental
|j|☆ElDiabloGas
|html|new mentalElDiabloGas    
|uhtml|bestof|Game 1 of a best-of-3
|t:|1784828015
|gametype|doubles
|player|p1|new mental|volkner|1239
|player|p2|ElDiabloGas|galacticgrunt|1144
|gen|9
|tier|[Gen 9 Champions] VGC 2026 Reg M-B (Bo3)
|rated|
|rule|Species Clause: Limit one of each Pokémon
|rule|Item Clause: Limit 1 of each item
|clearpoke
|poke|p1|Charizard, L50, F|
|poke|p1|Garchomp, L50, F|
|poke|p1|Incineroar, L50, F|
|poke|p1|Venusaur, L50, M|
|poke|p1|Toxapex, L50, M|
|poke|p1|Sylveon, L50, F|
|poke|p2|Sharpedo, L50, F|
|poke|p2|Pelipper, L50, F|
|poke|p2|Meganium, L50, M|
|poke|p2|Dragonite, L50, M|
|poke|p2|Garchomp, L50, M|
|poke|p2|Gholdengo, L50|
|teampreview|4
|showteam|p1|Charizard||CharizarditeY|SolarPower|WeatherBall,HeatWave,AncientPower,Protect|Modest||F|||50|]Garchomp||ChoiceScarf|RoughSkin|RockSlide,DragonClaw,Earthquake,StompingTantrum|Adamant||F|||50|]Incineroar||SitrusBerry|Intimidate|FlareBlitz,FakeOut,DarkestLariat,PartingShot|Impish||F|||50|]Venusaur||LifeOrb|Chlorophyll|SludgeBomb,LeafStorm,EarthPower,Protect|Modest||M|||50|]Toxapex||Leftovers|Regenerator|Infestation,Toxic,WideGuard,BanefulBunker|Bold||M|||50|]Sylveon||FairyFeather|Pixilate|HyperVoice,QuickAttack,Yawn,Detect|Modest||F|||50|
|showteam|p2|Sharpedo||FocusSash|SpeedBoost|Taunt,Waterfall,Protect,DestinyBond|Adamant||F|||50|]Pelipper||WacanBerry|Drizzle|Tailwind,WideGuard,Hurricane,WeatherBall|Modest||F|||50|]Meganium||Meganiumite|LeafGuard|Protect,WeatherBall,DazzlingGleam,SolarBeam|Timid||M|||50|]Dragonite||Dragoninite|Multiscale|Protect,DracoMeteor,Hurricane,Thunder|Modest||M|||50|]Garchomp||LifeOrb|RoughSkin|Earthquake,Protect,RockSlide,DragonClaw|Jolly||M|||50|]Gholdengo||WhiteHerb|GoodasGold|MakeItRain,Protect,ShadowBall,PowerGem|Modest|||||50|
|inactive|Battle timer is ON: inactive players will automatically lose when time's up. (requested by new mental)
|inactive|ElDiabloGas has 60 seconds left.
|
|t:|1784828079
|teamsize|p1|4
|teamsize|p2|4
|start
|switch|p1a: Charizard|Charizard, L50, F|100/100
|switch|p1b: Toxapex|Toxapex, L50, M|100/100
|switch|p2a: Sharpedo|Sharpedo, L50, F|100/100
|switch|p2b: Garchomp|Garchomp, L50, M|100/100
|turn|1
|
|t:|1784828096
|switch|p1b: Sylveon|Sylveon, L50, F|100/100
|detailschange|p1a: Charizard|Charizard-Mega-Y, L50, F
|-mega|p1a: Charizard|Charizard|Charizardite Y
|-weather|SunnyDay|[from] ability: Drought|[of] p1a: Charizard
|move|p2b: Garchomp|Protect|p2b: Garchomp
|-singleturn|p2b: Garchomp|Protect
|move|p2a: Sharpedo|Protect|p2a: Sharpedo
|-singleturn|p2a: Sharpedo|Protect
|move|p1a: Charizard|Heat Wave|p2b: Garchomp|[spread] 
|-activate|p2a: Sharpedo|move: Protect
|-activate|p2b: Garchomp|move: Protect
|
|-weather|SunnyDay|[upkeep]
|-ability|p2a: Sharpedo|Speed Boost|boost
|-boost|p2a: Sharpedo|spe|1
|upkeep
|turn|2
|inactive|ElDiabloGas has 30 seconds left.
|inactive|ElDiabloGas has 20 seconds left.
|
|t:|1784828132
|switch|p1a: Incineroar|Incineroar, L50, F|100/100
|-ability|p1a: Incineroar|Intimidate|boost
|-unboost|p2a: Sharpedo|atk|1
|-unboost|p2b: Garchomp|atk|1
|move|p2a: Sharpedo|Waterfall|p1b: Sylveon
|-damage|p1b: Sylveon|85/100
|move|p2b: Garchomp|Rock Slide|p1b: Sylveon|[spread] p1b
|-miss|p2b: Garchomp|p1a: Incineroar
|-damage|p1b: Sylveon|69/100
|-damage|p2b: Garchomp|90/100|[from] item: Life Orb
|cant|p1b: Sylveon|flinch
|
|-weather|SunnyDay|[upkeep]
|-ability|p2a: Sharpedo|Speed Boost|boost
|-boost|p2a: Sharpedo|spe|1
|upkeep
|turn|3
|inactive|new mental has 30 seconds left.
|
|t:|1784828158
|switch|p2b: Pelipper|Pelipper, L50, F|100/100
|-weather|RainDance|[from] ability: Drizzle|[of] p2b: Pelipper
|move|p2a: Sharpedo|Protect|p2a: Sharpedo
|-singleturn|p2a: Sharpedo|Protect
|move|p1a: Incineroar|Fake Out|p2a: Sharpedo
|-activate|p2a: Sharpedo|move: Protect
|move|p1b: Sylveon|Yawn|p2b: Pelipper
|-start|p2b: Pelipper|move: Yawn|[of] p1b: Sylveon
|
|-weather|RainDance|[upkeep]
|-ability|p2a: Sharpedo|Speed Boost|boost
|-boost|p2a: Sharpedo|spe|1
|upkeep
|turn|4
|
|t:|1784828175
|switch|p1a: Charizard|Charizard-Mega-Y, L50, F|100/100
|-weather|SunnyDay|[from] ability: Drought|[of] p1a: Charizard
|move|p2a: Sharpedo|Waterfall|p1a: Charizard
|-supereffective|p1a: Charizard|1
|-damage|p1a: Charizard|76/100
|move|p2b: Pelipper|Tailwind|p2b: Pelipper
|-sidestart|p2: ElDiabloGas|move: Tailwind
|move|p1b: Sylveon|Hyper Voice|p2a: Sharpedo|[spread] p2a,p2b
|-supereffective|p2a: Sharpedo|1
|-enditem|p2a: Sharpedo|Focus Sash
|-damage|p2a: Sharpedo|1/100
|-damage|p2b: Pelipper|35/100
|
|-weather|SunnyDay|[upkeep]
|-end|p2b: Pelipper|move: Yawn|[silent]
|-status|p2b: Pelipper|slp
|-ability|p2a: Sharpedo|Speed Boost|boost
|-boost|p2a: Sharpedo|spe|1
|upkeep
|turn|5
|
|t:|1784828198
|move|p1b: Sylveon|Quick Attack|p2a: Sharpedo
|-supereffective|p2a: Sharpedo|1
|-damage|p2a: Sharpedo|0 fnt
|faint|p2a: Sharpedo
|cant|p2b: Pelipper|slp
|move|p1a: Charizard|Weather Ball|p2b: Pelipper
|-resisted|p2b: Pelipper|1
|-crit|p2b: Pelipper
|-damage|p2b: Pelipper|0 fnt
|faint|p2b: Pelipper
|
|-weather|SunnyDay|[upkeep]
|upkeep
|
|t:|1784828208
|switch|p2a: Garchomp|Garchomp, L50, M|90/100
|switch|p2b: Meganium|Meganium, L50, M|100/100
|turn|6
|
|t:|1784828223
|switch|p1a: Toxapex|Toxapex, L50, M|100/100
|switch|p1b: Incineroar|Incineroar, L50, F|100/100
|-ability|p1b: Incineroar|Intimidate|boost
|-unboost|p2a: Garchomp|atk|1
|-unboost|p2b: Meganium|atk|1
|detailschange|p2b: Meganium|Meganium-Mega, L50, M
|-mega|p2b: Meganium|Meganium|Meganiumite
|move|p2a: Garchomp|Rock Slide|p1a: Toxapex|[spread] p1a,p1b
|-supereffective|p1b: Incineroar|1
|-damage|p1a: Toxapex|88/100
|-damage|p1b: Incineroar|75/100
|-damage|p2a: Garchomp|80/100|[from] item: Life Orb
|move|p2b: Meganium|Solar Beam||[still]
|-prepare|p2b: Meganium|Solar Beam
|-anim|p2b: Meganium|Solar Beam|p1b: Incineroar
|-resisted|p1b: Incineroar|1
|-damage|p1b: Incineroar|47/100
|-enditem|p1b: Incineroar|Sitrus Berry|[eat]
|-heal|p1b: Incineroar|71/100|[from] item: Sitrus Berry
|
|-weather|SunnyDay|[upkeep]
|-heal|p1a: Toxapex|94/100|[from] item: Leftovers
|upkeep
|turn|7
|-message|ElDiabloGas forfeited.
|
|win|new mental
