|j|☆Potatomonstr
|j|‽kurowasun
|html|Potatomonstrkurowasun    
|uhtml|bestof|Game 2 of a best-of-3
|t:|1786160658
|gametype|doubles
|player|p1|Potatomonstr|miku-flying|
|player|p2|kurowasun|102|
|gen|9
|tier|[Gen 9 Champions] VGC 2026 Reg M-B (Bo3)
|rule|Species Clause: Limit one of each Pokémon
|rule|Item Clause: Limit 1 of each item
|clearpoke
|poke|p1|Simisage, L50, M|
|poke|p1|Houndstone, L50, F|
|poke|p1|Klefki, L50, F|
|poke|p1|Floette-Eternal, L50, F|
|poke|p1|Primarina, L50, F|
|poke|p1|Typhlosion-Hisui, L50, F|
|poke|p2|Metagross, L50|
|poke|p2|Swampert, L50, F|
|poke|p2|Pelipper, L50, M|
|poke|p2|Sneasler, L50, M|
|poke|p2|Goodra-Hisui, L50, F|
|poke|p2|Tsareena, L50, F|
|teampreview|4
|showteam|p1|Simisage||SitrusBerry|Gluttony|FakeOut,Taunt,Protect,GrassKnot|Adamant||M|||50|]Houndstone||KasibBerry|Fluffy|LastRespects,WillOWisp,AllySwitch,PsychicFangs|Adamant||F|||50|]Klefki||LightClay|Prankster|Reflect,LightScreen,ThunderWave,SunnyDay|Bold||F|||50|]Floette-Eternal||Floettite|FlowerVeil|CalmMind,DrainingKiss,Protect,Moonblast|Bold||F|||50|]Primarina||LifeOrb|LiquidVoice|HyperVoice,Protect,Moonblast,Haze|Modest||F|||50|]Typhlosion-Hisui||ChoiceScarf|Frisk|Eruption,HeatWave,ShadowBall,Overheat|Timid||F|||50|
|showteam|p2|Metagross||Metagrossite|ClearBody|RockSlide,IronHead,BodyPress,Protect|Jolly|||||50|]Swampert||Swampertite|Torrent|WaveCrash,PoisonJab,Earthquake,Protect|Adamant||F|||50|]Pelipper||SitrusBerry|Drizzle|Hurricane,WeatherBall,Tailwind,WideGuard|Modest||M|||50|]Sneasler||FocusSash|Unburden|FakeOut,ThroatChop,DireClaw,Protect|Jolly||M|||50|]Goodra-Hisui||Leftovers|ShellArmor|BodyPress,HeavySlam,Shelter,LifeDew|Brave||F|||50|]Tsareena||WideLens|QueenlyMajesty|PowerWhip,LowKick,Taunt,Protect|Jolly||F|||50|
|inactive|Battle timer is ON: inactive players will automatically lose when time's up. (requested by kurowasun)
|j| PuffTheCutie
|j| tobyga
|j| tempestuwumeow
|j| falba
|inactive|kurowasun has 60 seconds left.
|j| andorite2
|j| BambooCyclone
|inactive|kurowasun has 30 seconds left.
|inactive|kurowasun has 20 seconds left.
|inactive|kurowasun has 15 seconds left.
|inactive|kurowasun has 10 seconds left.
|inactive|kurowasun has 5 seconds left.
|
|t:|1786160749
|teamsize|p1|4
|teamsize|p2|4
|start
|switch|p1a: my dead dog|Houndstone, L50, F|100/100
|switch|p1b: flat keys|Klefki, L50, F|100/100
|switch|p2a: Swampert|Swampert, L50, F|100/100
|switch|p2b: Pelipper|Pelipper, L50, M|100/100
|-weather|RainDance|[from] ability: Drizzle|[of] p2b: Pelipper
|turn|1
|inactive|Potatomonstr has 30 seconds left.
|
|t:|1786160777
|move|p2a: Swampert|Protect|p2a: Swampert
|-singleturn|p2a: Swampert|Protect
|move|p1a: my dead dog|Ally Switch|p1a: my dead dog
|swap|p1a: my dead dog|1|[from] move: Ally Switch
|move|p1a: flat keys|Sunny Day|p1a: flat keys
|-weather|SunnyDay
|move|p2b: Pelipper|Weather Ball|p1a: flat keys
|-supereffective|p1a: flat keys|1
|-damage|p1a: flat keys|10/100
|
|-weather|SunnyDay|[upkeep]
|upkeep
|turn|2
|inactive|kurowasun has 30 seconds left.
|inactive|kurowasun has 20 seconds left.
|inactive|kurowasun has 15 seconds left.
|
|t:|1786160817
|switch|p2a: Sneasler|Sneasler, L50, M|100/100
|switch|p1a: Funeral flowers|Floette-Eternal, L50, F|100/100
|move|p1b: my dead dog|Will-O-Wisp|p2a: Sneasler
|-status|p2a: Sneasler|brn
|move|p2b: Pelipper|Weather Ball|p1a: Funeral flowers
|-damage|p1a: Funeral flowers|65/100
|
|-weather|SunnyDay|[upkeep]
|-damage|p2a: Sneasler|94/100 brn|[from] brn
|upkeep
|turn|3
|inactive|Potatomonstr has 30 seconds left.
|inactive|kurowasun has 30 seconds left.
|inactive|Potatomonstr has 20 seconds left.
|
|t:|1786160853
|switch|p1a: flat keys|Klefki, L50, F|10/100
|switch|p2b: Goodra|Goodra-Hisui, L50, F|100/100
|move|p2a: Sneasler|Dire Claw|p1b: my dead dog
|-resisted|p1b: my dead dog|1
|-damage|p1b: my dead dog|93/100
|move|p1b: my dead dog|Psychic Fangs|p2b: Goodra
|-resisted|p2b: Goodra|1
|-damage|p2b: Goodra|89/100
|
|-weather|SunnyDay|[upkeep]
|-heal|p2b: Goodra|95/100|[from] item: Leftovers
|-damage|p2a: Sneasler|88/100 brn|[from] brn
|upkeep
|turn|4
|l| andorite2
|j| andorite2
|inactive|kurowasun has 30 seconds left.
|inactive|kurowasun has 20 seconds left.
|
|t:|1786160889
|move|p1a: flat keys|Thunder Wave||[still]
|-fail|p1a: flat keys
|move|p2a: Sneasler|Throat Chop|p1a: flat keys
|-resisted|p1a: flat keys|1
|-damage|p1a: flat keys|4/100
|-start|p1a: flat keys|Throat Chop|[silent]
|move|p1b: my dead dog|Will-O-Wisp|p2b: Goodra
|-status|p2b: Goodra|brn
|move|p2b: Goodra|Heavy Slam|p1a: flat keys
|-damage|p1a: flat keys|0 fnt
|faint|p1a: flat keys
|
|-weather|SunnyDay|[upkeep]
|-heal|p2b: Goodra|100/100 brn|[from] item: Leftovers
|-damage|p2a: Sneasler|82/100 brn|[from] brn
|-damage|p2b: Goodra|94/100 brn|[from] brn
|upkeep
|
|t:|1786160903
|switch|p1a: Funeral flowers|Floette-Eternal, L50, F|65/100
|turn|5
|
|t:|1786160925
|detailschange|p1a: Funeral flowers|Floette-Mega, L50, F
|-mega|p1a: Funeral flowers|Floette|Floettite
|-ability|p1a: Funeral flowers|Fairy Aura
|move|p2a: Sneasler|Dire Claw|p1b: my dead dog
|-resisted|p1b: my dead dog|1
|-damage|p1b: my dead dog|87/100
|move|p1a: Funeral flowers|Calm Mind|p1a: Funeral flowers
|-boost|p1a: Funeral flowers|spa|1
|-boost|p1a: Funeral flowers|spd|1
|move|p1b: my dead dog|Psychic Fangs|p2a: Sneasler
|-supereffective|p2a: Sneasler|2
|-damage|p2a: Sneasler|0 fnt
|faint|p2a: Sneasler
|move|p2b: Goodra|Heavy Slam|p1a: Funeral flowers
|-supereffective|p1a: Funeral flowers|1
|-crit|p1a: Funeral flowers
|-damage|p1a: Funeral flowers|25/100
|
|-weather|none
|-heal|p2b: Goodra|100/100 brn|[from] item: Leftovers
|-damage|p2b: Goodra|94/100 brn|[from] brn
|upkeep
|
|t:|1786160942
|switch|p2a: Swampert|Swampert, L50, F|100/100
|turn|6
|inactive|Potatomonstr has 30 seconds left.
|inactive|Potatomonstr has 20 seconds left.
|
|t:|1786160977
|switch|p2b: Pelipper|Pelipper, L50, M|100/100
|-weather|RainDance|[from] ability: Drizzle|[of] p2b: Pelipper
|detailschange|p2a: Swampert|Swampert-Mega, L50, F
|-mega|p2a: Swampert|Swampert|Swampertite
|move|p1a: Funeral flowers|Protect|p1a: Funeral flowers
|-singleturn|p1a: Funeral flowers|Protect
|move|p2a: Swampert|Earthquake|p1a: Funeral flowers|[spread] p1b
|-activate|p1a: Funeral flowers|move: Protect
|-immune|p2b: Pelipper
|-damage|p1b: my dead dog|32/100
|move|p1b: my dead dog|Last Respects|p2b: Pelipper
|-damage|p2b: Pelipper|45/100
|-enditem|p2b: Pelipper|Sitrus Berry|[eat]
|-heal|p2b: Pelipper|69/100|[from] item: Sitrus Berry
|
|-weather|RainDance|[upkeep]
|upkeep
|turn|7
|
|t:|1786160996
|switch|p1a: Curious george|Simisage, L50, M|100/100
|move|p2a: Swampert|Earthquake|p1b: my dead dog|[spread] p1a,p1b
|-immune|p2b: Pelipper
|-resisted|p1a: Curious george|1
|-damage|p1a: Curious george|63/100
|-damage|p1b: my dead dog|0 fnt
|faint|p1b: my dead dog
|move|p2b: Pelipper|Weather Ball|p1a: Curious george
|-resisted|p1a: Curious george|1
|-damage|p1a: Curious george|16/100
|-enditem|p1a: Curious george|Sitrus Berry|[eat]
|-heal|p1a: Curious george|41/100|[from] item: Sitrus Berry
|
|-weather|RainDance|[upkeep]
|upkeep
|
|t:|1786161000
|switch|p1b: Funeral flowers|Floette-Mega, L50, F|25/100
|-ability|p1b: Funeral flowers|Fairy Aura
|turn|8
|
|t:|1786161018
|move|p1a: Curious george|Fake Out|p2a: Swampert
|-damage|p2a: Swampert|87/100
|cant|p2a: Swampert|flinch
|move|p1b: Funeral flowers|Draining Kiss|p2b: Pelipper
|-damage|p2b: Pelipper|31/100
|-heal|p1b: Funeral flowers|52/100|[from] drain|[of] p2b: Pelipper
|move|p2b: Pelipper|Hurricane|p1a: Curious george
|-supereffective|p1a: Curious george|1
|-damage|p1a: Curious george|0 fnt
|faint|p1a: Curious george
|
|-weather|RainDance|[upkeep]
|upkeep
|turn|9
|
|t:|1786161035
|move|p2a: Swampert|Wave Crash|p1b: Funeral flowers
|-damage|p1b: Funeral flowers|0 fnt
|faint|p1b: Funeral flowers
|-damage|p2a: Swampert|70/100|[from] Recoil
|
|win|kurowasun
||Potatomonstr is ready for game 3.
