|j|☆iamtay
|j|☆lemonancy
|html|iamtaylemonancy    
|uhtml|bestof|Game 2 of a best-of-3
|t:|1782959954
|gametype|doubles
|player|p1|iamtay|266|
|player|p2|lemonancy|bellelba|
|gen|9
|tier|[Gen 9 Champions] VGC 2026 Reg M-B (Bo3)
|rule|Species Clause: Limit one of each Pokémon
|rule|Item Clause: Limit 1 of each item
|clearpoke
|poke|p1|Swampert, L50, F|
|poke|p1|Archaludon, L50, M|
|poke|p1|Politoed, L50, M|
|poke|p1|Incineroar, L50, M|
|poke|p1|Vivillon, L50, F|
|poke|p1|Gengar, L50, M|
|poke|p2|Delphox, L50, F|
|poke|p2|Kingambit, L50, M|
|poke|p2|Incineroar, L50, F|
|poke|p2|Floette-Eternal, L50, F|
|poke|p2|Sinistcha, L50|
|poke|p2|Sneasler, L50, M|
|teampreview|4
|showteam|p1|Swampert||Swampertite|Torrent|WaveCrash,Earthquake,FlipTurn,Protect|Adamant||F|||50|]Archaludon||Leftovers|Stamina|ElectroShot,DragonPulse,FlashCannon,Protect|Bold||M|||50|]Politoed||SitrusBerry|Drizzle|WeatherBall,Encore,PerishSong,Protect|Calm||M|||50|]Incineroar||PasshoBerry|Intimidate|FakeOut,DarkestLariat,PartingShot,Protect|Sassy||M|||50|]Vivillon||FocusSash|CompoundEyes|SleepPowder,Hurricane,RagePowder,Protect|Timid||F|||50|]Gengar||Gengarite|CursedBody|ShadowBall,SludgeBomb,PerishSong,Protect|Timid||M|||50|
|showteam|p2|Delphox||Delphoxite|Blaze|HeatWave,NastyPlot,Psyshock,Protect|Timid||F|||50|]Kingambit||BlackGlasses|Defiant|KowtowCleave,SuckerPunch,SwordsDance,Protect|Adamant||M|||50|]Incineroar||SitrusBerry|Intimidate|FlareBlitz,ThroatChop,FakeOut,PartingShot|Careful||F|||50|]Floette-Eternal||Floettite|FlowerVeil|Moonblast,DazzlingGleam,Protect,CalmMind|Timid||F|||50|]Sinistcha||OccaBerry|Hospitality|MatchaGotcha,TrickRoom,RagePowder,Protect|Bold|||||50|]Sneasler||FocusSash|PoisonTouch|CloseCombat,PoisonJab,FakeOut,QuickGuard|Jolly||M|||50|
|j| GradientVector
|j| table 2 worlds
|inactive|Battle timer is ON: inactive players will automatically lose when time's up. (requested by lemonancy)
|j|+Aldrich
|j| shrimplyasapphic
|l|+Aldrich
|j| Evelyie
|l| Evelyie
|j| Autin Mago
|inactive|lemonancy has 60 seconds left.
|
|t:|1782959988
|teamsize|p1|4
|teamsize|p2|4
|start
|switch|p1a: Swampert|Swampert, L50, F|100/100
|switch|p1b: Vivillon|Vivillon, L50, F|100/100
|switch|p2a: FreshFknMani|Sneasler, L50, M|100/100
|switch|p2b: A Teagirl|Sinistcha, L50|100/100
|turn|1
|j| Lepotatochip
|j| Evelyie
|inactive|iamtay has 30 seconds left.
|inactive|iamtay has 20 seconds left.
|inactive|iamtay has 15 seconds left.
|inactive|iamtay has 10 seconds left.
|
|t:|1782960033
|switch|p1a: Politoed|Politoed, L50, M|100/100
|-weather|RainDance|[from] ability: Drizzle|[of] p1a: Politoed
|move|p2a: FreshFknMani|Fake Out|p1b: Vivillon
|-damage|p1b: Vivillon|70/100
|-status|p1b: Vivillon|psn|[from] ability: Poison Touch|[of] p2a: FreshFknMani
|cant|p1b: Vivillon|flinch
|move|p2b: A Teagirl|Matcha Gotcha|p1a: Politoed|[spread] p1a,p1b
|-supereffective|p1a: Politoed|1
|-resisted|p1b: Vivillon|2
|-damage|p1a: Politoed|66/100
|-damage|p1b: Vivillon|59/100 psn
|
|-weather|RainDance|[upkeep]
|-damage|p1b: Vivillon|47/100 psn|[from] psn
|upkeep
|turn|2
|l| Evelyie
|
|t:|1782960053
|move|p2b: A Teagirl|Rage Powder|p2b: A Teagirl
|-singleturn|p2b: A Teagirl|move: Rage Powder
|move|p2a: FreshFknMani|Poison Jab|p1b: Vivillon
|-damage|p1b: Vivillon|0 fnt
|faint|p1b: Vivillon
|move|p1a: Politoed|Weather Ball|p2b: A Teagirl
|-resisted|p2b: A Teagirl|1
|-damage|p2b: A Teagirl|76/100
|
|-weather|RainDance|[upkeep]
|upkeep
|
|t:|1782960060
|switch|p1b: Archaludon|Archaludon, L50, M|100/100
|turn|3
|j| Evelyie
|l| Lepotatochip
|j| Lepotatochip
|inactive|iamtay has 30 seconds left.
|
|t:|1782960087
|move|p2b: A Teagirl|Rage Powder|p2b: A Teagirl
|-singleturn|p2b: A Teagirl|move: Rage Powder
|move|p2a: FreshFknMani|Close Combat|p1b: Archaludon
|-supereffective|p1b: Archaludon|1
|-damage|p1b: Archaludon|16/100
|-unboost|p2a: FreshFknMani|def|1
|-unboost|p2a: FreshFknMani|spd|1
|-ability|p1b: Archaludon|Stamina|boost
|-boost|p1b: Archaludon|def|1
|move|p1b: Archaludon|Electro Shot||[still]
|-prepare|p1b: Archaludon|Electro Shot
|-boost|p1b: Archaludon|spa|1
|-anim|p1b: Archaludon|Electro Shot|p2b: A Teagirl
|-resisted|p2b: A Teagirl|1
|-damage|p2b: A Teagirl|47/100
|move|p1a: Politoed|Encore|p2b: A Teagirl
|-start|p2b: A Teagirl|Encore
|
|-weather|RainDance|[upkeep]
|-heal|p1b: Archaludon|22/100|[from] item: Leftovers
|upkeep
|turn|4
|j| WeAreSudozZen
|inactive|lemonancy has 30 seconds left.
|
|t:|1782960113
|switch|p1a: Swampert|Swampert, L50, F|100/100
|move|p1b: Archaludon|Protect|p1b: Archaludon
|-singleturn|p1b: Archaludon|Protect
|move|p2b: A Teagirl|Rage Powder|p2b: A Teagirl
|-singleturn|p2b: A Teagirl|move: Rage Powder
|move|p2a: FreshFknMani|Close Combat|p1a: Swampert
|-damage|p1a: Swampert|35/100
|-unboost|p2a: FreshFknMani|def|1
|-unboost|p2a: FreshFknMani|spd|1
|
|-weather|RainDance|[upkeep]
|-heal|p1b: Archaludon|28/100|[from] item: Leftovers
|upkeep
|turn|5
|inactive|iamtay has 30 seconds left.
|l| Evelyie
|
|t:|1782960141
|detailschange|p1a: Swampert|Swampert-Mega, L50, F
|-mega|p1a: Swampert|Swampert|Swampertite
|move|p2b: A Teagirl|Rage Powder|p2b: A Teagirl
|-singleturn|p2b: A Teagirl|move: Rage Powder
|move|p1a: Swampert|Flip Turn|p2b: A Teagirl
|-resisted|p2b: A Teagirl|1
|-damage|p2b: A Teagirl|24/100
|
|t:|1782960145
|switch|p1a: Politoed|Politoed, L50, M|66/100|[from] Flip Turn
|move|p2a: FreshFknMani|Close Combat|p1b: Archaludon
|-supereffective|p1b: Archaludon|1
|-damage|p1b: Archaludon|0 fnt
|-unboost|p2a: FreshFknMani|def|1
|-unboost|p2a: FreshFknMani|spd|1
|faint|p1b: Archaludon
|
|-weather|none
|upkeep
|j| Evelyie
|c|☆iamtay|//forfeit
|c|☆iamtay|oh
|c|☆iamtay|lol
|-message|iamtay forfeited.
|
|win|lemonancy
|l|☆iamtay
|player|p1|
||lemonancy is ready for game 3.
|j|☆iamtay
|player|p1|iamtay|266|
||iamtay is ready for game 3.
|uhtml|next|Next: Game 3 of 3
|l| Lepotatochip
|l| Autin Mago
|l| Evelyie
|l| WeAreSudozZen
|l| shrimplyasapphic
|l| GradientVector
|l|☆iamtay
|player|p1|
