|j|☆fustor
|j|☆Le P VGC
|html|fustorLe P VGC    
|uhtml|bestof|Game 2 of a best-of-3
|t:|1757933300
|gametype|doubles
|player|p1|fustor|265|1145
|player|p2|Le P VGC|lucian|1223
|gen|9
|tier|[Gen 9] VGC 2025 Reg H (Bo3)
|rated|
|rule|Species Clause: Limit one of each Pokémon
|rule|Item Clause: Limit 1 of each item
|clearpoke
|poke|p1|Charizard, L50, F|
|poke|p1|Torkoal, L50, F|
|poke|p1|Porygon2, L50|
|poke|p1|Incineroar, L50, M|
|poke|p1|Jumpluff, L50, M|
|poke|p1|Ursaluna, L50, F|
|poke|p2|Talonflame, L50, F|
|poke|p2|Garchomp, L50, F|
|poke|p2|Gholdengo, L50|
|poke|p2|Tyranitar, L50, M|
|poke|p2|Amoonguss, L50, M|
|poke|p2|Milotic, L50, F|
|teampreview|4
|showteam|p1|Charizard||ChoiceSpecs|SolarPower|HeatWave,Overheat,WeatherBall,AirSlash|||F|||50|,,,,,Ghost]Torkoal||EjectPack|Drought|Eruption,Overheat,HelpingHand,Protect|||F|||50|,,,,,Fire]Porygon2||Eviolite|Download|TeraBlast,IceBeam,Recover,TrickRoom||||||50|,,,,,Fighting]Incineroar||SitrusBerry|Intimidate|FlareBlitz,KnockOff,FakeOut,PartingShot|||M|||50|,,,,,Ghost]Jumpluff||CovertCloak|Chlorophyll|SleepPowder,SunnyDay,RagePowder,Tailwind|||M|||50|,,,,,Water]Ursaluna||FlameOrb|Guts|HeadlongRush,Facade,Earthquake,Protect|||F|||50|,,,,,Ghost
|showteam|p2|Talonflame||CovertCloak|GaleWings|Tailwind,BraveBird,WillOWisp,Taunt|||F|||50|,,,,,Ghost]Garchomp||LifeOrb|RoughSkin|Earthquake,Protect,StompingTantrum,DragonClaw|||F|||50|,,,,,Steel]Gholdengo||ChoiceSpecs|GoodasGold|MakeItRain,Trick,ShadowBall,PowerGem||||||50|,,,,,Steel]Tyranitar||AssaultVest|SandStream|RockSlide,TeraBlast,KnockOff,LowKick|||M|||50|,,,,,Flying]Amoonguss||SitrusBerry|Regenerator|RagePowder,Protect,Spore,PollenPuff|||M|||50|,,,,,Water]Milotic||SafetyGoggles|Competitive|Scald,IcyWind,Protect,Haze|||F|||50|,,,,,Dragon
|inactive|Battle timer is ON: inactive players will automatically lose when time's up. (requested by Le P VGC)
|inactive|fustor has 60 seconds left.
|inactive|fustor has 30 seconds left.
|inactive|fustor has 20 seconds left.
|
|t:|1757933382
|teamsize|p1|4
|teamsize|p2|4
|start
|switch|p1a: Porygon2|Porygon2, L50|100/100
|switch|p1b: Jumpluff|Jumpluff, L50, M|100/100
|switch|p2a: Talonflame|Talonflame, L50, F|100/100
|switch|p2b: Milotic|Milotic, L50, F|100/100
|-ability|p1a: Porygon2|Download|boost
|-boost|p1a: Porygon2|atk|1
|turn|1
|inactive|fustor has 30 seconds left.
|
|t:|1757933413
|move|p2b: Milotic|Protect|p2b: Milotic
|-singleturn|p2b: Milotic|Protect
|move|p2a: Talonflame|Taunt|p1a: Porygon2
|-start|p1a: Porygon2|move: Taunt
|move|p1b: Jumpluff|Tailwind|p1b: Jumpluff
|-sidestart|p1: fustor|move: Tailwind
|cant|p1a: Porygon2|move: Taunt|Trick Room
|
|upkeep
|turn|2
|inactive|fustor has 30 seconds left.
|
|t:|1757933448
|switch|p2b: Gholdengo|Gholdengo, L50|100/100
|move|p2a: Talonflame|Tailwind|p2a: Talonflame
|-sidestart|p2: Le P VGC|move: Tailwind
|move|p1b: Jumpluff|Sleep Powder|p2a: Talonflame
|-status|p2a: Talonflame|slp|[from] move: Sleep Powder
|move|p1a: Porygon2|Tera Blast|p2b: Gholdengo
|-immune|p2b: Gholdengo
|
|upkeep
|turn|3
|inactive|fustor has 30 seconds left.
|inactive|fustor has 20 seconds left.
|
|t:|1757933483
|switch|p1b: Incineroar|Incineroar, L50, M|100/100
|-ability|p1b: Incineroar|Intimidate|boost
|-unboost|p2a: Talonflame|atk|1
|-unboost|p2b: Gholdengo|atk|1
|cant|p2a: Talonflame|slp
|move|p2b: Gholdengo|Trick|p1b: Incineroar
|-activate|p2b: Gholdengo|move: Trick|[of] p1b: Incineroar
|-item|p1b: Incineroar|Choice Specs|[from] move: Trick
|-item|p2b: Gholdengo|Sitrus Berry|[from] move: Trick
|move|p1a: Porygon2|Tera Blast|p2a: Talonflame
|-damage|p2a: Talonflame|53/100 slp
|
|-end|p1a: Porygon2|move: Taunt
|upkeep
|turn|4
|
|t:|1757933507
|-curestatus|p2a: Talonflame|slp|[msg]
|move|p2a: Talonflame|Taunt|p1a: Porygon2
|-start|p1a: Porygon2|move: Taunt
|move|p2b: Gholdengo|Power Gem|p1b: Incineroar
|-supereffective|p1b: Incineroar
|-damage|p1b: Incineroar|45/100
|move|p1b: Incineroar|Flare Blitz|p2b: Gholdengo
|-supereffective|p2b: Gholdengo
|-damage|p2b: Gholdengo|0 fnt
|faint|p2b: Gholdengo
|-damage|p1b: Incineroar|19/100|[from] Recoil
|move|p1a: Porygon2|Tera Blast|p2a: Talonflame
|-damage|p2a: Talonflame|3/100
|
|-sideend|p1: fustor|move: Tailwind
|upkeep
|
|t:|1757933529
|switch|p2b: Milotic|Milotic, L50, F|100/100
|turn|5
|
|t:|1757933549
|switch|p2a: Tyranitar|Tyranitar, L50, M|100/100
|-weather|Sandstorm|[from] ability: Sand Stream|[of] p2a: Tyranitar
|switch|p1b: Jumpluff|Jumpluff, L50, M|100/100
|move|p2b: Milotic|Scald|p1b: Jumpluff
|-resisted|p1b: Jumpluff
|-damage|p1b: Jumpluff|85/100
|move|p1a: Porygon2|Tera Blast|p2a: Tyranitar
|-resisted|p2a: Tyranitar
|-damage|p2a: Tyranitar|93/100
|
|-weather|Sandstorm|[upkeep]
|-damage|p1b: Jumpluff|79/100|[from] Sandstorm
|-damage|p1a: Porygon2|94/100|[from] Sandstorm
|-sideend|p2: Le P VGC|move: Tailwind
|upkeep
|turn|6
|
|t:|1757933571
|move|p1b: Jumpluff|Tailwind|p1b: Jumpluff
|-sidestart|p1: fustor|move: Tailwind
|move|p1a: Porygon2|Ice Beam|p2a: Tyranitar
|-damage|p2a: Tyranitar|80/100
|move|p2b: Milotic|Icy Wind|p1b: Jumpluff|[spread] p1b
|-miss|p2b: Milotic|p1a: Porygon2
|-supereffective|p1b: Jumpluff
|-damage|p1b: Jumpluff|39/100
|move|p2a: Tyranitar|Rock Slide|p1a: Porygon2|[spread] p1a,p1b
|-supereffective|p1b: Jumpluff
|-damage|p1a: Porygon2|74/100
|-damage|p1b: Jumpluff|0 fnt
|faint|p1b: Jumpluff
|
|-weather|Sandstorm|[upkeep]
|-damage|p1a: Porygon2|68/100|[from] Sandstorm
|-end|p1a: Porygon2|move: Taunt
|upkeep
|
|t:|1757933591
|switch|p1b: Ursaluna|Ursaluna, L50, F|100/100
|turn|7
|
|t:|1757933601
|move|p1b: Ursaluna|Protect|p1b: Ursaluna
|-singleturn|p1b: Ursaluna|Protect
|move|p1a: Porygon2|Tera Blast|p2b: Milotic
|-damage|p2b: Milotic|72/100
|move|p2b: Milotic|Scald|p1a: Porygon2
|-damage|p1a: Porygon2|47/100
|-status|p1a: Porygon2|brn
|move|p2a: Tyranitar|Knock Off|p1a: Porygon2
|-damage|p1a: Porygon2|8/100 brn
|-enditem|p1a: Porygon2|Eviolite|[from] move: Knock Off|[of] p2a: Tyranitar
|
|-weather|Sandstorm|[upkeep]
|-damage|p1a: Porygon2|2/100 brn|[from] Sandstorm
|-damage|p1a: Porygon2|0 fnt|[from] brn
|faint|p1a: Porygon2
|-status|p1b: Ursaluna|brn|[from] item: Flame Orb
|upkeep
|
|t:|1757933617
|switch|p1a: Incineroar|Incineroar, L50, M|19/100
|-ability|p1a: Incineroar|Intimidate|boost
|-unboost|p2a: Tyranitar|atk|1
|-unboost|p2b: Milotic|atk|1
|-ability|p2b: Milotic|Competitive|boost
|-boost|p2b: Milotic|spa|2
|turn|8
|
|t:|1757933638
|switch|p2a: Talonflame|Talonflame, L50, F|3/100
|move|p1a: Incineroar|Fake Out|p2b: Milotic
|-damage|p2b: Milotic|62/100
|move|p1b: Ursaluna|Facade|p2a: Talonflame
|-crit|p2a: Talonflame
|-damage|p2a: Talonflame|0 fnt
|faint|p2a: Talonflame
|cant|p2b: Milotic|flinch
|
|-weather|Sandstorm|[upkeep]
|-damage|p1a: Incineroar|13/100|[from] Sandstorm
|-damage|p1b: Ursaluna|95/100 brn|[from] brn
|upkeep
|
|t:|1757933649
|switch|p2a: Tyranitar|Tyranitar, L50, M|80/100
|turn|9
|
|t:|1757933664
|-terastallize|p1b: Ursaluna|Ghost
|-terastallize|p2a: Tyranitar|Flying
|move|p2b: Milotic|Protect|p2b: Milotic
|-singleturn|p2b: Milotic|Protect
|move|p1a: Incineroar|Fake Out||[still]
|-hint|Fake Out only works on your first turn out.
|-fail|p1a: Incineroar
|move|p1b: Ursaluna|Facade|p2a: Tyranitar
|-damage|p2a: Tyranitar|0 fnt
|faint|p2a: Tyranitar
|
|-weather|none
|-damage|p1b: Ursaluna|89/100 brn|[from] brn
|-sideend|p1: fustor|move: Tailwind
|upkeep
|turn|10
|
|t:|1757933684
|move|p1a: Incineroar|Fake Out||[still]
|-hint|Fake Out only works on your first turn out.
|-fail|p1a: Incineroar
|move|p2b: Milotic|Scald|p1b: Ursaluna
|-damage|p1b: Ursaluna|32/100 brn
|move|p1b: Ursaluna|Facade|p2b: Milotic
|-damage|p2b: Milotic|0 fnt
|faint|p2b: Milotic
|
|win|fustor
|inactive|fustor has 30 seconds to confirm battle start!
|inactive|Le P VGC has 30 seconds to confirm battle start!
||Le P VGC is ready for game 3.
||fustor is ready for game 3.
|uhtml|next|Next: Game 3 of 3
|l|☆Le P VGC
|player|p2|
