|j|☆RadarUndetectable
|j|☆Yajezy18
|html|RadarUndetectableYajezy18    
|uhtml|bestof|Game 1 of a best-of-3
|t:|1783534205
|gametype|doubles
|player|p1|RadarUndetectable|dawn|
|player|p2|Yajezy18|266|
|gen|9
|tier|[Gen 9 Champions] VGC 2026 Reg M-B (Bo3)
|rule|Species Clause: Limit one of each Pokémon
|rule|Item Clause: Limit 1 of each item
|clearpoke
|poke|p1|Meowscarada, L50, M|
|poke|p1|Raichu, L50, F|
|poke|p1|Pelipper, L50, F|
|poke|p1|Swampert, L50, F|
|poke|p1|Archaludon, L50, F|
|poke|p1|Drampa, L50, F|
|poke|p2|Sinistcha, L50|
|poke|p2|Aerodactyl, L50, F, shiny|
|poke|p2|Delphox, L50, F|
|poke|p2|Sneasler, L50, M|
|poke|p2|Sylveon, L50, F|
|poke|p2|Incineroar, L50, F|
|teampreview|4
|showteam|p1|Meowscarada||ChoiceScarf|Protean|FlowerTrick,Uturn,TripleAxel,KnockOff|Jolly||M|||50|]Raichu||RaichuniteX|LightningRod|RainDance,FakeOut,Electroweb,RisingVoltage|Modest||F|||50|]Pelipper||FocusSash|Drizzle|Hurricane,Tailwind,Soak,WideGuard|Timid||F|||50|]Swampert||Swampertite|Torrent|Earthquake,WaveCrash,PoisonJab,Protect|Adamant||F|||50|]Archaludon||Leftovers|Stalwart|ElectroShot,DracoMeteor,FlashCannon,Protect|Modest||F|||50|]Drampa||SitrusBerry|CloudNine|IcyWind,HyperVoice,Thunderbolt,Protect|Calm||F|||50|
|showteam|p2|Sinistcha||Leftovers|Hospitality|MatchaGotcha,ShadowBall,TrickRoom,RagePowder|Relaxed|||||50|]Aerodactyl||FocusSash|Unnerve|Tailwind,DualWingbeat,RockSlide,Protect|Adamant||F|||50|]Delphox||Delphoxite|Blaze|NastyPlot,HeatWave,Psychic,Protect|Timid||F|||50|]Sneasler||WhiteHerb|Unburden|CloseCombat,DireClaw,FakeOut,Protect|Jolly||M|||50|]Sylveon||FairyFeather|Pixilate|HyperVoice,ShadowBall,Protect,QuickAttack|Modest||F|||50|]Incineroar||SitrusBerry|Intimidate|FakeOut,FlareBlitz,PartingShot,DarkestLariat|Brave||F|||50|
|inactive|Battle timer is ON: inactive players will automatically lose when time's up. (requested by Yajezy18)
|inactive|RadarUndetectable has 60 seconds left.
|
|t:|1783534240
|teamsize|p1|4
|teamsize|p2|4
|start
|switch|p1a: Meowscarada|Meowscarada, L50, M|100/100
|switch|p1b: Raichu|Raichu, L50, F|100/100
|switch|p2a: Sinistcha|Sinistcha, L50|100/100
|switch|p2b: Incineroar|Incineroar, L50, F|100/100
|-ability|p2b: Incineroar|Intimidate|boost
|-unboost|p1a: Meowscarada|atk|1
|-unboost|p1b: Raichu|atk|1
|turn|1
|inactive|RadarUndetectable has 30 seconds left.
|inactive|RadarUndetectable has 20 seconds left.
|
|t:|1783534278
|detailschange|p1b: Raichu|Raichu-Mega-X, L50, F
|-mega|p1b: Raichu|Raichu|Raichunite X
|-fieldstart|move: Electric Terrain|[from] ability: Electric Surge|[of] p1b: Raichu
|move|p1b: Raichu|Fake Out|p2b: Incineroar
|-damage|p2b: Incineroar|92/100
|move|p1a: Meowscarada|Triple Axel|p2a: Sinistcha
|-start|p1a: Meowscarada|typechange|Ice|[from] ability: Protean
|-supereffective|p2a: Sinistcha|1
|-damage|p2a: Sinistcha|86/100
|-supereffective|p2a: Sinistcha|1
|-damage|p2a: Sinistcha|61/100
|-supereffective|p2a: Sinistcha|1
|-damage|p2a: Sinistcha|28/100
|-hitcount|p2a: Sinistcha|3
|cant|p2b: Incineroar|flinch
|move|p2a: Sinistcha|Trick Room|p2a: Sinistcha
|-fieldstart|move: Trick Room|[of] p2a: Sinistcha
|
|-heal|p2a: Sinistcha|34/100|[from] item: Leftovers
|upkeep
|turn|2
|inactive|RadarUndetectable has 30 seconds left.
|inactive|RadarUndetectable has 20 seconds left.
|
|t:|1783534316
|switch|p1b: Archaludon|Archaludon, L50, F|100/100
|switch|p1a: Pelipper|Pelipper, L50, F|100/100
|-weather|RainDance|[from] ability: Drizzle|[of] p1a: Pelipper
|move|p2b: Incineroar|Flare Blitz|p1a: Pelipper
|-resisted|p1a: Pelipper|1
|-damage|p1a: Pelipper|80/100
|-status|p1a: Pelipper|brn
|-damage|p2b: Incineroar|87/100|[from] Recoil
|move|p2a: Sinistcha|Matcha Gotcha|p1a: Pelipper|[spread] p1a,p1b
|-resisted|p1b: Archaludon|2
|-damage|p1a: Pelipper|27/100 brn
|-heal|p2a: Sinistcha|60/100|[from] drain|[of] p1a: Pelipper
|-damage|p1b: Archaludon|91/100
|-heal|p2a: Sinistcha|65/100|[from] drain|[of] p1b: Archaludon
|
|-weather|RainDance|[upkeep]
|-heal|p2a: Sinistcha|71/100|[from] item: Leftovers
|-heal|p1b: Archaludon|97/100|[from] item: Leftovers
|-damage|p1a: Pelipper|21/100 brn|[from] brn
|upkeep
|turn|3
|inactive|RadarUndetectable has 30 seconds left.
|inactive|Yajezy18 has 30 seconds left.
|inactive|RadarUndetectable has 20 seconds left.
|inactive|Yajezy18 has 20 seconds left.
|inactive|Yajezy18 has 15 seconds left.
|inactive|Yajezy18 has 10 seconds left.
|inactive|Yajezy18 has 5 seconds left.
|
|t:|1783534368
|move|p2b: Incineroar|Darkest Lariat|p1b: Archaludon
|-damage|p1b: Archaludon|65/100
|move|p2a: Sinistcha|Matcha Gotcha|p1a: Pelipper|[spread] p1b
|-miss|p2a: Sinistcha|p1a: Pelipper
|-resisted|p1b: Archaludon|2
|-damage|p1b: Archaludon|57/100
|-heal|p2a: Sinistcha|77/100|[from] drain|[of] p1b: Archaludon
|move|p1b: Archaludon|Electro Shot||[still]
|-prepare|p1b: Archaludon|Electro Shot
|-boost|p1b: Archaludon|spa|1
|-anim|p1b: Archaludon|Electro Shot|p2b: Incineroar
|-damage|p2b: Incineroar|0 fnt
|faint|p2b: Incineroar
|move|p1a: Pelipper|Hurricane|p2a: Sinistcha
|-supereffective|p2a: Sinistcha|1
|-damage|p2a: Sinistcha|0 fnt
|faint|p2a: Sinistcha
|
|-weather|RainDance|[upkeep]
|-heal|p1b: Archaludon|63/100|[from] item: Leftovers
|-damage|p1a: Pelipper|15/100 brn|[from] brn
|upkeep
|inactive|Yajezy18 has 30 seconds left.
|
|t:|1783534394
|switch|p2b: Delphox|Delphox, L50, F|100/100
|switch|p2a: Sylveon|Sylveon, L50, F|100/100
|turn|4
|inactive|RadarUndetectable has 30 seconds left.
|
|t:|1783534426
|detailschange|p2b: Delphox|Delphox-Mega, L50, F
|-mega|p2b: Delphox|Delphox|Delphoxite
|move|p1a: Pelipper|Wide Guard|p1a: Pelipper
|-singleturn|p1a: Pelipper|Wide Guard
|move|p2a: Sylveon|Hyper Voice|p1a: Pelipper|[spread] 
|-activate|p1a: Pelipper|move: Wide Guard
|-activate|p1b: Archaludon|move: Wide Guard
|move|p1b: Archaludon|Flash Cannon|p2a: Sylveon
|-supereffective|p2a: Sylveon|1
|-damage|p2a: Sylveon|15/100
|-unboost|p2a: Sylveon|spd|1
|move|p2b: Delphox|Heat Wave|p1a: Pelipper|[spread] 
|-activate|p1a: Pelipper|move: Wide Guard
|-activate|p1b: Archaludon|move: Wide Guard
|
|-weather|RainDance|[upkeep]
|-heal|p1b: Archaludon|69/100|[from] item: Leftovers
|-damage|p1a: Pelipper|9/100 brn|[from] brn
|upkeep
|turn|5
|inactive|RadarUndetectable has 30 seconds left.
|inactive|RadarUndetectable has 20 seconds left.
|inactive|RadarUndetectable has 15 seconds left.
|inactive|Yajezy18 has 30 seconds left.
|inactive|RadarUndetectable has 10 seconds left.
|
|t:|1783534474
|move|p1b: Archaludon|Protect|p1b: Archaludon
|-singleturn|p1b: Archaludon|Protect
|move|p2b: Delphox|Protect|p2b: Delphox
|-singleturn|p2b: Delphox|Protect
|move|p2a: Sylveon|Quick Attack|p1a: Pelipper
|-damage|p1a: Pelipper|0 fnt
|faint|p1a: Pelipper
|
|-weather|RainDance|[upkeep]
|-heal|p1b: Archaludon|75/100|[from] item: Leftovers
|-fieldend|move: Trick Room
|-fieldend|move: Electric Terrain
|upkeep
|
|t:|1783534490
|switch|p1a: Raichu|Raichu-Mega-X, L50, F|100/100
|-fieldstart|move: Electric Terrain|[from] ability: Electric Surge|[of] p1a: Raichu
|turn|6
|
|t:|1783534505
|move|p2b: Delphox|Heat Wave|p1a: Raichu|[spread] p1a,p1b
|-damage|p1a: Raichu|73/100
|-damage|p1b: Archaludon|57/100
|move|p1a: Raichu|Rain Dance||[still]
|-fail|p1a: Raichu
|move|p1b: Archaludon|Electro Shot||[still]
|-prepare|p1b: Archaludon|Electro Shot
|-boost|p1b: Archaludon|spa|1
|-anim|p1b: Archaludon|Electro Shot|p2b: Delphox
|-damage|p2b: Delphox|13/100
|move|p2a: Sylveon|Shadow Ball|p1b: Archaludon
|-damage|p1b: Archaludon|28/100
|
|-weather|none
|-heal|p1b: Archaludon|34/100|[from] item: Leftovers
|upkeep
|turn|7
|inactive|RadarUndetectable has 30 seconds left.
|
|t:|1783534536
|move|p2b: Delphox|Protect|p2b: Delphox
|-singleturn|p2b: Delphox|Protect
|move|p1b: Archaludon|Protect|p1b: Archaludon
|-singleturn|p1b: Archaludon|Protect
|move|p1a: Raichu|Electroweb|p2b: Delphox|[spread] p2a
|-activate|p2b: Delphox|move: Protect
|-damage|p2a: Sylveon|0 fnt
|faint|p2a: Sylveon
|
|-heal|p1b: Archaludon|40/100|[from] item: Leftovers
|upkeep
|turn|8
|-message|Yajezy18 forfeited.
|
|win|RadarUndetectable
|l|☆Yajezy18
|player|p2|
||Yajezy18 is ready for game 2.
||RadarUndetectable is ready for game 2.
|uhtml|next|Next: Game 2 of 3
