|j|☆G 36951735
|j|☆JCosio
|html|G 36951735JCosio    
|uhtml|bestof|Game 1 of a best-of-3
|t:|1782460031
|gametype|doubles
|player|p1|G 36951735|red|1000
|player|p2|JCosio|170|1066
|gen|9
|tier|[Gen 9 Champions] VGC 2026 Reg M-B (Bo3)
|rated|
|rule|Species Clause: Limit one of each Pokémon
|rule|Item Clause: Limit 1 of each item
|clearpoke
|poke|p1|Charizard, L50, M|
|poke|p1|Whimsicott, L50, M, shiny|
|poke|p1|Rotom-Wash, L50|
|poke|p1|Corviknight, L50, M|
|poke|p1|Floette-Eternal, L50, F|
|poke|p1|Garchomp, L50, F|
|poke|p2|Gholdengo, L50|
|poke|p2|Whimsicott, L50, M|
|poke|p2|Incineroar, L50, M|
|poke|p2|Basculegion, L50, M|
|poke|p2|Charizard, L50, M|
|poke|p2|Sneasler, L50, M|
|teampreview|4
|showteam|p1|Charizard||CharizarditeY|SolarPower|HeatWave,SolarBeam,WeatherBall,Protect|Modest||M|||50|]Whimsicott||FocusSash|Infiltrator|Tailwind,Moonblast,Encore,SolarBeam|Timid||M|||50|]Rotom-Wash||Magnet|Levitate|HydroPump,Thunderbolt,WillOWisp,Protect|Modest|||||50|]Corviknight||Leftovers|MirrorArmor|BodyPress,IronHead,IronDefense,Roost|Impish||M|||50|]Floette-Eternal||Floettite|Symbiosis|LightofRuin,Moonblast,DazzlingGleam,Protect|Timid||F|||50|]Garchomp||LifeOrb|RoughSkin|Earthquake,DragonClaw,RockSlide,Protect|Jolly||F|||50|
|showteam|p2|Gholdengo||LifeOrb|GoodasGold|MakeItRain,ShadowBall,NastyPlot,Protect|Modest|||||50|]Whimsicott||FocusSash|Prankster|Moonblast,Encore,Tailwind,Protect|Timid||M|||50|]Incineroar||SitrusBerry|Intimidate|DarkestLariat,FakeOut,FlareBlitz,PartingShot|Impish||M|||50|]Basculegion||MysticWater|Adaptability|WaveCrash,LastRespects,AquaJet,FlipTurn|Adamant||M|||50|]Charizard||CharizarditeY|Blaze|HeatWave,WeatherBall,SolarBeam,Protect|Modest||M|||50|]Sneasler||WhiteHerb|Unburden|DireClaw,CloseCombat,FakeOut,Protect|Jolly||M|||50|
|inactive|Battle timer is ON: inactive players will automatically lose when time's up. (requested by JCosio)
|inactive|G 36951735 has 60 seconds left.
|inactive|JCosio has 60 seconds left.
|inactive|JCosio has 30 seconds left.
|inactive|JCosio has 20 seconds left.
|inactive|JCosio has 15 seconds left.
|
|t:|1782460110
|teamsize|p1|4
|teamsize|p2|4
|start
|switch|p1a: Garchomp|Garchomp, L50, F|100/100
|switch|p1b: Whimsicott|Whimsicott, L50, M, shiny|100/100
|switch|p2a: Whimsicott|Whimsicott, L50, M|100/100
|switch|p2b: Sneasler|Sneasler, L50, M|100/100
|turn|1
|inactive|JCosio has 30 seconds left.
|
|t:|1782460136
|move|p1a: Garchomp|Protect|p1a: Garchomp
|-singleturn|p1a: Garchomp|Protect
|move|p2b: Sneasler|Fake Out|p1a: Garchomp
|-activate|p1a: Garchomp|move: Protect
|move|p2a: Whimsicott|Moonblast|p1a: Garchomp
|-activate|p1a: Garchomp|move: Protect
|move|p1b: Whimsicott|Tailwind|p1b: Whimsicott
|-sidestart|p1: G 36951735|move: Tailwind
|
|upkeep
|turn|2
|
|t:|1782460160
|switch|p2b: Charizard|Charizard, L50, M|100/100
|move|p1b: Whimsicott|Encore||[still]
|-fail|p1b: Whimsicott
|move|p1a: Garchomp|Rock Slide|p2a: Whimsicott|[spread] p2a
|-miss|p1a: Garchomp|p2b: Charizard
|-damage|p2a: Whimsicott|62/100
|-damage|p1a: Garchomp|90/100|[from] item: Life Orb
|cant|p2a: Whimsicott|flinch
|
|upkeep
|turn|3
|inactive|G 36951735 has 30 seconds left.
|
|t:|1782460193
|switch|p1b: Rotom|Rotom-Wash, L50|100/100
|detailschange|p2b: Charizard|Charizard-Mega-Y, L50, M
|-mega|p2b: Charizard|Charizard|Charizardite Y
|-weather|SunnyDay|[from] ability: Drought|[of] p2b: Charizard
|move|p2b: Charizard|Protect|p2b: Charizard
|-singleturn|p2b: Charizard|Protect
|move|p1a: Garchomp|Rock Slide|p2a: Whimsicott|[spread] p2a
|-activate|p2b: Charizard|move: Protect
|-damage|p2a: Whimsicott|21/100
|-damage|p1a: Garchomp|80/100|[from] item: Life Orb
|move|p2a: Whimsicott|Moonblast|p1a: Garchomp
|-supereffective|p1a: Garchomp|1
|-damage|p1a: Garchomp|0 fnt
|faint|p1a: Garchomp
|
|-weather|SunnyDay|[upkeep]
|upkeep
|
|t:|1782460211
|switch|p1a: Whimsicott|Whimsicott, L50, M, shiny|100/100
|turn|4
|inactive|JCosio has 30 seconds left.
|
|t:|1782460241
|switch|p2b: Incineroar|Incineroar, L50, M|100/100
|-ability|p2b: Incineroar|Intimidate|boost
|-unboost|p1a: Whimsicott|atk|1
|-unboost|p1b: Rotom|atk|1
|move|p2a: Whimsicott|Tailwind|p2a: Whimsicott
|-sidestart|p2: JCosio|move: Tailwind
|move|p1a: Whimsicott|Encore||[still]
|-fail|p1a: Whimsicott
|move|p1b: Rotom|Thunderbolt|p2a: Whimsicott
|-resisted|p2a: Whimsicott|1
|-damage|p2a: Whimsicott|0 fnt
|faint|p2a: Whimsicott
|
|-weather|SunnyDay|[upkeep]
|-sideend|p1: G 36951735|move: Tailwind
|upkeep
|
|t:|1782460257
|switch|p2a: Sneasler|Sneasler, L50, M|100/100
|turn|5
|inactive|G 36951735 has 30 seconds left.
|
|t:|1782460283
|move|p2a: Sneasler|Dire Claw|p1a: Whimsicott
|-supereffective|p1a: Whimsicott|2
|-crit|p1a: Whimsicott
|-enditem|p1a: Whimsicott|Focus Sash
|-damage|p1a: Whimsicott|1/100
|move|p1a: Whimsicott|Tailwind|p1a: Whimsicott
|-sidestart|p1: G 36951735|move: Tailwind
|move|p1b: Rotom|Hydro Pump|p2b: Incineroar
|-supereffective|p2b: Incineroar|1
|-damage|p2b: Incineroar|55/100
|move|p2b: Incineroar|Parting Shot|p1b: Rotom
|-unboost|p1b: Rotom|atk|1
|-unboost|p1b: Rotom|spa|1
|
|t:|1782460295
|switch|p2b: Charizard|Charizard-Mega-Y, L50, M|100/100|[from] Parting Shot
|
|-weather|SunnyDay|[upkeep]
|upkeep
|turn|6
|
|t:|1782460317
|move|p2a: Sneasler|Close Combat|p1a: Whimsicott
|-resisted|p1a: Whimsicott|1
|-damage|p1a: Whimsicott|0 fnt
|-unboost|p2a: Sneasler|def|1
|-unboost|p2a: Sneasler|spd|1
|faint|p1a: Whimsicott
|-enditem|p2a: Sneasler|White Herb
|-clearnegativeboost|p2a: Sneasler|[silent]
|move|p2b: Charizard|Solar Beam||[still]
|-prepare|p2b: Charizard|Solar Beam
|-anim|p2b: Charizard|Solar Beam|p1b: Rotom
|-supereffective|p1b: Rotom|1
|-damage|p1b: Rotom|0 fnt
|faint|p1b: Rotom
|
|-weather|SunnyDay|[upkeep]
|upkeep
|
|t:|1782460321
|switch|p1b: Charizard|Charizard, L50, M|100/100
|turn|7
|inactive|JCosio has 30 seconds left.
|
|t:|1782460347
|detailschange|p1b: Charizard|Charizard-Mega-Y, L50, M
|-mega|p1b: Charizard|Charizard|Charizardite Y
|move|p2a: Sneasler|Dire Claw|p1b: Charizard
|-damage|p1b: Charizard|37/100
|move|p1b: Charizard|Heat Wave|p2b: Charizard|[spread] p2a,p2b
|-resisted|p2b: Charizard|1
|-damage|p2a: Sneasler|11/100
|-damage|p2b: Charizard|63/100
|move|p2b: Charizard|Weather Ball|p1b: Charizard
|-resisted|p1b: Charizard|1
|-damage|p1b: Charizard|0 fnt
|faint|p1b: Charizard
|
|win|JCosio
||G 36951735 is ready for game 2.
|inactive|JCosio has 30 seconds to confirm battle start!
|l|☆G 36951735
|player|p1|
||JCosio is ready for game 2.
|uhtml|next|Next: Game 2 of 3
|l|☆JCosio
|player|p2|
|j|☆JCosio
|player|p2|JCosio|170|
