|j|☆AUBrigade
|j|☆spellbreakvgc
|html|AUBrigadespellbreakvgc    
|uhtml|bestof|Game 1 of a best-of-3
|t:|1756796372
|gametype|doubles
|player|p1|AUBrigade|morty|1249
|player|p2|spellbreakvgc|lance|1189
|gen|9
|tier|[Gen 9] VGC 2025 Reg H (Bo3)
|rated|
|rule|Species Clause: Limit one of each Pokémon
|rule|Item Clause: Limit 1 of each item
|clearpoke
|poke|p1|Sneasler, L50, M|
|poke|p1|Dragonite, L50, F|
|poke|p1|Incineroar, L50, M|
|poke|p1|Annihilape, L50, M|
|poke|p1|Kingambit, L50, M|
|poke|p1|Ninetales-Alola, L50, M|
|poke|p2|Garchomp, L50, F|
|poke|p2|Weezing-Galar, L50, M|
|poke|p2|Archaludon, L50, M|
|poke|p2|Gholdengo, L50|
|poke|p2|Talonflame, L50, M|
|poke|p2|Annihilape, L50, F|
|teampreview|4
|showteam|p1|Sneasler||WhiteHerb|Unburden|DireClaw,Protect,Coaching,CloseCombat|||M|||50|,,,,,Ghost]Dragonite||LoadedDice|Multiscale|ScaleShot,Protect,IceSpinner,ExtremeSpeed|||F|||50|,,,,,Steel]Incineroar||SitrusBerry|Intimidate|FakeOut,PartingShot,FlareBlitz,KnockOff|||M|||50|,,,,,Grass]Annihilape||SafetyGoggles|Defiant|RageFist,CloseCombat,Taunt,FinalGambit|||M|||50|,,,,,Steel]Kingambit||AssaultVest|Defiant|KowtowCleave,SuckerPunch,LowKick,IronHead|||M|||50|,,,,,Dark]Ninetales-Alola||FocusSash|SnowWarning|Protect,Blizzard,FreezeDry,AuroraVeil|||M|||50|,,,,,Ice
|showteam|p2|Garchomp||LifeOrb|RoughSkin|DragonClaw,Earthquake,StompingTantrum,Protect|||F|||50|,,,,,Ground]Weezing-Galar||FocusSash|NeutralizingGas|Protect,SludgeBomb,Taunt,StrangeSteam|||M|||50|,,,,,Flying]Archaludon||PowerHerb|Sturdy|ElectroShot,Thunderbolt,DracoMeteor,Protect|||M|||50|,,,,,Electric]Gholdengo||ChoiceSpecs|GoodasGold|ShadowBall,DazzlingGleam,PowerGem,MakeItRain||||||50|,,,,,Fairy]Talonflame||CovertCloak|GaleWings|Tailwind,DualWingbeat,WillOWisp,FlareBlitz|||M|||50|,,,,,Stellar]Annihilape||AssaultVest|Defiant|CloseCombat,RageFist,FinalGambit,IcePunch|||F|||50|,,,,,Grass
|inactive|Battle timer is ON: inactive players will automatically lose when time's up. (requested by spellbreakvgc)
|
|t:|1756796430
|teamsize|p1|4
|teamsize|p2|4
|start
|switch|p1a: Sneasler|Sneasler, L50, M|100/100
|switch|p1b: Ninetales|Ninetales-Alola, L50, M|100/100
|switch|p2a: Weezing|Weezing-Galar, L50, M|100/100
|switch|p2b: Annihilape|Annihilape, L50, F|100/100
|-ability|p2a: Weezing|Neutralizing Gas
|turn|1
|inactive|AUBrigade has 30 seconds left.
|inactive|spellbreakvgc has 30 seconds left.
|inactive|spellbreakvgc has 20 seconds left.
|inactive|spellbreakvgc has 15 seconds left.
|inactive|spellbreakvgc has 10 seconds left.
|
|t:|1756796478
|move|p1a: Sneasler|Protect|p1a: Sneasler
|-singleturn|p1a: Sneasler|Protect
|move|p1b: Ninetales|Protect|p1b: Ninetales
|-singleturn|p1b: Ninetales|Protect
|move|p2b: Annihilape|Rage Fist|p1a: Sneasler
|-activate|p1a: Sneasler|move: Protect
|move|p2a: Weezing|Strange Steam|p1a: Sneasler
|-activate|p1a: Sneasler|move: Protect
|
|upkeep
|turn|2
|
|t:|1756796498
|switch|p1b: Kingambit|Kingambit, L50, M|100/100
|move|p1a: Sneasler|Coaching|p1b: Kingambit
|-boost|p1b: Kingambit|atk|1
|-boost|p1b: Kingambit|def|1
|move|p2b: Annihilape|Close Combat|p1a: Sneasler
|-resisted|p1a: Sneasler
|-damage|p1a: Sneasler|59/100
|-unboost|p2b: Annihilape|def|1
|-unboost|p2b: Annihilape|spd|1
|move|p2a: Weezing|Strange Steam|p1a: Sneasler
|-damage|p1a: Sneasler|10/100
|
|upkeep
|turn|3
|inactive|AUBrigade has 30 seconds left.
|inactive|spellbreakvgc has 30 seconds left.
|inactive|AUBrigade has 20 seconds left.
|inactive|spellbreakvgc has 20 seconds left.
|
|t:|1756796536
|switch|p2b: Gholdengo|Gholdengo, L50|100/100
|-terastallize|p1b: Kingambit|Dark
|move|p1b: Kingambit|Sucker Punch||[still]
|-fail|p1b: Kingambit
|move|p1a: Sneasler|Close Combat|p2b: Gholdengo
|-immune|p2b: Gholdengo
|move|p2a: Weezing|Strange Steam|p1b: Kingambit
|-supereffective|p1b: Kingambit
|-damage|p1b: Kingambit|54/100
|
|upkeep
|turn|4
|
|t:|1756796559
|-terastallize|p2b: Gholdengo|Fairy
|move|p1b: Kingambit|Sucker Punch|p2a: Weezing
|-resisted|p2a: Weezing
|-damage|p2a: Weezing|58/100
|move|p1a: Sneasler|Dire Claw|p2a: Weezing
|-damage|p2a: Weezing|9/100
|move|p2b: Gholdengo|Dazzling Gleam|p1b: Kingambit|[spread] p1a,p1b
|-supereffective|p1b: Kingambit
|-damage|p1a: Sneasler|0 fnt
|-damage|p1b: Kingambit|0 fnt
|faint|p1a: Sneasler
|faint|p1b: Kingambit
|move|p2a: Weezing|Strange Steam|p1: Sneasler|[notarget]
|-fail|p2a: Weezing
|
|upkeep
|
|t:|1756796573
|switch|p1a: Incineroar|Incineroar, L50, M|100/100
|switch|p1b: Ninetales|Ninetales-Alola, L50, M|100/100
|turn|5
|
|t:|1756796591
|move|p2a: Weezing|Protect|p2a: Weezing
|-singleturn|p2a: Weezing|Protect
|move|p1a: Incineroar|Fake Out|p2b: Gholdengo
|-damage|p2b: Gholdengo|88/100
|move|p1b: Ninetales|Freeze-Dry|p2a: Weezing
|-activate|p2a: Weezing|move: Protect
|cant|p2b: Gholdengo|flinch
|
|upkeep
|turn|6
|inactive|AUBrigade has 30 seconds left.
|
|t:|1756796617
|move|p1b: Ninetales|Protect|p1b: Ninetales
|-singleturn|p1b: Ninetales|Protect
|move|p2b: Gholdengo|Dazzling Gleam|p1a: Incineroar|[spread] p1a
|-activate|p1b: Ninetales|move: Protect
|-damage|p1a: Incineroar|59/100
|move|p2a: Weezing|Sludge Bomb|p1b: Ninetales
|-activate|p1b: Ninetales|move: Protect
|move|p1a: Incineroar|Knock Off|p2a: Weezing
|-resisted|p2a: Weezing
|-damage|p2a: Weezing|0 fnt
|-enditem|p2a: Weezing|Focus Sash|[from] move: Knock Off|[of] p1a: Incineroar
|faint|p2a: Weezing
|-end|p2a: Weezing|ability: Neutralizing Gas
|-weather|Snowscape|[from] ability: Snow Warning|[of] p1b: Ninetales
|-ability|p1a: Incineroar|Intimidate|boost
|-unboost|p2b: Gholdengo|atk|1
|
|-weather|Snowscape|[upkeep]
|upkeep
|inactive|spellbreakvgc has 30 seconds left.
|
|t:|1756796650
|switch|p2a: Annihilape|Annihilape, L50, F|100/100
|turn|7
|
|t:|1756796661
|move|p1b: Ninetales|Blizzard|p2a: Annihilape|[spread] p2a,p2b
|-damage|p2a: Annihilape|78/100
|-damage|p2b: Gholdengo|55/100
|move|p2a: Annihilape|Final Gambit|p1b: Ninetales
|-enditem|p1b: Ninetales|Focus Sash
|-damage|p1b: Ninetales|1/100
|faint|p2a: Annihilape
|move|p2b: Gholdengo|Dazzling Gleam|p1a: Incineroar|[spread] p1a,p1b
|-damage|p1a: Incineroar|16/100
|-damage|p1b: Ninetales|0 fnt
|-enditem|p1a: Incineroar|Sitrus Berry|[eat]
|-heal|p1a: Incineroar|40/100|[from] item: Sitrus Berry
|faint|p1b: Ninetales
|move|p1a: Incineroar|Flare Blitz|p2b: Gholdengo
|-damage|p2b: Gholdengo|2/100
|-damage|p1a: Incineroar|25/100|[from] Recoil
|
|-weather|Snowscape|[upkeep]
|upkeep
|
|t:|1756796673
|switch|p2a: Garchomp|Garchomp, L50, F|100/100
|turn|8
|
|t:|1756796681
|move|p1a: Incineroar|Fake Out||[still]
|-hint|Fake Out only works on your first turn out.
|-fail|p1a: Incineroar
|move|p2a: Garchomp|Stomping Tantrum|p1a: Incineroar
|-supereffective|p1a: Incineroar
|-damage|p1a: Incineroar|0 fnt
|faint|p1a: Incineroar
|-damage|p2a: Garchomp|91/100|[from] item: Life Orb
|
|win|spellbreakvgc
||spellbreakvgc is ready for game 2.
||AUBrigade is ready for game 2.
|uhtml|next|Next: Game 2 of 3
