|j|☆M0teM0te13
|j|☆sedrav
|html|M0teM0te13sedrav    
|uhtml|bestof|Game 3 of a best-of-3
|t:|1756427946
|gametype|doubles
|player|p1|M0teM0te13|170|1185
|player|p2|sedrav|hilbert|1200
|gen|9
|tier|[Gen 9] VGC 2025 Reg H (Bo3)
|rated|
|rule|Species Clause: Limit one of each Pokémon
|rule|Item Clause: Limit 1 of each item
|clearpoke
|poke|p1|Volcarona, L50, F|
|poke|p1|Rillaboom, L50, F|
|poke|p1|Kingambit, L50, M|
|poke|p1|Ninetales-Alola, L50, M|
|poke|p1|Dragapult, L50, M|
|poke|p1|Maushold, L50|
|poke|p2|Dragonite, L50, F|
|poke|p2|Rillaboom, L50, M|
|poke|p2|Arcanine-Hisui, L50, F|
|poke|p2|Sneasler, L50, M|
|poke|p2|Ninetales-Alola, L50, M|
|poke|p2|Gholdengo, L50|
|teampreview|4
|showteam|p1|Volcarona||GrassySeed|FlameBody|GigaDrain,HeatWave,QuiverDance,Protect|||F|||50|,,,,,Grass]Rillaboom||AssaultVest|GrassySurge|FakeOut,Uturn,WoodHammer,GrassyGlide|||F|||50|,,,,,Fire]Kingambit||SafetyGoggles|Defiant|SuckerPunch,KowtowCleave,SwordsDance,Protect|||M|||50|,,,,,Dark]Ninetales-Alola||LightClay|SnowWarning|AuroraVeil,Blizzard,Encore,IcyWind|||M|||50|,,,,,Ghost]Dragapult||DracoPlate|ClearBody|DragonDarts,WillOWisp,Disable,Protect|||M|||50|,,,,,Fairy]Maushold||SitrusBerry|FriendGuard|PopulationBomb,Taunt,FollowMe,Protect||||||50|,,,,,Poison
|showteam|p2|Dragonite||LoadedDice|Multiscale|ScaleShot,Tailwind,StompingTantrum,Protect|||F|||50|,,,,,Ground]Rillaboom||AssaultVest|GrassySurge|DrumBeating,GrassyGlide,HighHorsepower,FakeOut|||M|||50|,,,,,Fire]Arcanine-Hisui||ClearAmulet|Intimidate|FlareBlitz,RockSlide,ExtremeSpeed,Protect|||F|||50|,,,,,Water]Sneasler||WhiteHerb|Unburden|CloseCombat,DireClaw,Coaching,Protect|||M|||50|,,,,,Ghost]Ninetales-Alola||FocusSash|SnowWarning|Blizzard,Encore,IcyWind,AuroraVeil|||M|||50|,,,,,Ghost]Gholdengo||GrassySeed|GoodasGold|MakeItRain,ShadowBall,NastyPlot,Protect||||||50|,,,,,Water
|inactive|Battle timer is ON: inactive players will automatically lose when time's up. (requested by sedrav)
|inactive|sedrav has 60 seconds left.
|inactive|sedrav has 30 seconds left.
|
|t:|1756428028
|teamsize|p1|4
|teamsize|p2|4
|start
|switch|p1a: Rillaboom|Rillaboom, L50, F|100/100
|switch|p1b: Kingambit|Kingambit, L50, M|100/100
|switch|p2a: Sneasler|Sneasler, L50, M|100/100
|switch|p2b: Dragonite|Dragonite, L50, F|100/100
|-fieldstart|move: Grassy Terrain|[from] ability: Grassy Surge|[of] p1a: Rillaboom
|turn|1
|inactive|M0teM0te13 has 30 seconds left.
|inactive|sedrav has 30 seconds left.
|
|t:|1756428060
|switch|p1b: Volcarona|Volcarona, L50, F|100/100
|-enditem|p1b: Volcarona|Grassy Seed
|-boost|p1b: Volcarona|def|1|[from] item: Grassy Seed
|-terastallize|p2a: Sneasler|Ghost
|move|p2a: Sneasler|Close Combat|p1b: Volcarona
|-resisted|p1b: Volcarona
|-damage|p1b: Volcarona|74/100
|-unboost|p2a: Sneasler|def|1
|-unboost|p2a: Sneasler|spd|1
|-enditem|p2a: Sneasler|White Herb
|-clearnegativeboost|p2a: Sneasler|[silent]
|move|p2b: Dragonite|Stomping Tantrum|p1b: Volcarona
|-damage|p1b: Volcarona|49/100
|move|p1a: Rillaboom|U-turn|p2b: Dragonite
|-resisted|p2b: Dragonite
|-damage|p2b: Dragonite|95/100
|
|t:|1756428084
|switch|p1a: Ninetales|Ninetales-Alola, L50, M|100/100|[from] U-turn
|-weather|Snowscape|[from] ability: Snow Warning|[of] p1a: Ninetales
|
|-weather|Snowscape|[upkeep]
|-heal|p1b: Volcarona|55/100|[from] Grassy Terrain
|upkeep
|turn|2
|inactive|M0teM0te13 has 30 seconds left.
|inactive|sedrav has 30 seconds left.
|inactive|sedrav has 20 seconds left.
|inactive|sedrav has 15 seconds left.
|inactive|sedrav has 10 seconds left.
|
|t:|1756428131
|move|p1b: Volcarona|Protect|p1b: Volcarona
|-singleturn|p1b: Volcarona|Protect
|move|p2b: Dragonite|Protect|p2b: Dragonite
|-singleturn|p2b: Dragonite|Protect
|move|p2a: Sneasler|Dire Claw|p1a: Ninetales
|-supereffective|p1a: Ninetales
|-damage|p1a: Ninetales|41/100
|move|p1a: Ninetales|Aurora Veil|p1a: Ninetales
|-sidestart|p1: M0teM0te13|move: Aurora Veil
|
|-weather|Snowscape|[upkeep]
|-heal|p1a: Ninetales|48/100|[from] Grassy Terrain
|-heal|p1b: Volcarona|61/100|[from] Grassy Terrain
|upkeep
|turn|3
|
|t:|1756428154
|switch|p2b: Arcanine|Arcanine-Hisui, L50, F|100/100
|-ability|p2b: Arcanine|Intimidate|boost
|-unboost|p1a: Ninetales|atk|1
|-unboost|p1b: Volcarona|atk|1
|move|p2a: Sneasler|Coaching|p2b: Arcanine
|-boost|p2b: Arcanine|atk|1
|-boost|p2b: Arcanine|def|1
|move|p1a: Ninetales|Blizzard|p2a: Sneasler|[spread] p2a,p2b
|-resisted|p2b: Arcanine
|-damage|p2a: Sneasler|71/100
|-damage|p2b: Arcanine|86/100
|move|p1b: Volcarona|Quiver Dance|p1b: Volcarona
|-boost|p1b: Volcarona|spa|1
|-boost|p1b: Volcarona|spd|1
|-boost|p1b: Volcarona|spe|1
|
|-weather|Snowscape|[upkeep]
|-heal|p2a: Sneasler|77/100|[from] Grassy Terrain
|-heal|p1b: Volcarona|67/100|[from] Grassy Terrain
|-heal|p1a: Ninetales|54/100|[from] Grassy Terrain
|-heal|p2b: Arcanine|92/100|[from] Grassy Terrain
|upkeep
|turn|4
|inactive|M0teM0te13 has 30 seconds left.
|inactive|sedrav has 30 seconds left.
|inactive|M0teM0te13 has 20 seconds left.
|inactive|M0teM0te13 has 15 seconds left.
|inactive|sedrav has 20 seconds left.
|inactive|sedrav has 15 seconds left.
|inactive|M0teM0te13 has 10 seconds left.
|
|t:|1756428208
|move|p2b: Arcanine|Protect|p2b: Arcanine
|-singleturn|p2b: Arcanine|Protect
|move|p2a: Sneasler|Coaching|p2b: Arcanine
|-boost|p2b: Arcanine|atk|1
|-boost|p2b: Arcanine|def|1
|move|p1b: Volcarona|Giga Drain|p2b: Arcanine
|-activate|p2b: Arcanine|move: Protect
|move|p1a: Ninetales|Encore|p2a: Sneasler
|-start|p2a: Sneasler|Encore
|
|-weather|Snowscape|[upkeep]
|-heal|p2a: Sneasler|84/100|[from] Grassy Terrain
|-heal|p1b: Volcarona|72/100|[from] Grassy Terrain
|-heal|p1a: Ninetales|60/100|[from] Grassy Terrain
|-heal|p2b: Arcanine|98/100|[from] Grassy Terrain
|upkeep
|turn|5
|inactive|sedrav has 30 seconds left.
|
|t:|1756428242
|-terastallize|p1b: Volcarona|Grass
|move|p2b: Arcanine|Extreme Speed|p1b: Volcarona
|-damage|p1b: Volcarona|43/100
|move|p2a: Sneasler|Coaching|p2b: Arcanine
|-boost|p2b: Arcanine|atk|1
|-boost|p2b: Arcanine|def|1
|move|p1b: Volcarona|Giga Drain|p2b: Arcanine
|-damage|p2b: Arcanine|12/100
|-heal|p1b: Volcarona|82/100|[from] drain|[of] p2b: Arcanine
|move|p1a: Ninetales|Blizzard|p2a: Sneasler|[spread] p2a,p2b
|-resisted|p2b: Arcanine
|-damage|p2a: Sneasler|56/100
|-damage|p2b: Arcanine|0 fnt
|faint|p2b: Arcanine
|
|-weather|none
|-heal|p2a: Sneasler|63/100|[from] Grassy Terrain
|-heal|p1b: Volcarona|88/100|[from] Grassy Terrain
|-heal|p1a: Ninetales|66/100|[from] Grassy Terrain
|-fieldend|move: Grassy Terrain
|upkeep
|
|t:|1756428260
|switch|p2b: Ninetales|Ninetales-Alola, L50, M|100/100
|-weather|Snowscape|[from] ability: Snow Warning|[of] p2b: Ninetales
|turn|6
|
|t:|1756428284
|move|p2a: Sneasler|Coaching|p2b: Ninetales
|-boost|p2b: Ninetales|atk|1
|-boost|p2b: Ninetales|def|1
|move|p1b: Volcarona|Heat Wave|p2b: Ninetales|[spread] p2a,p2b
|-supereffective|p2b: Ninetales
|-damage|p2a: Sneasler|0 fnt
|-enditem|p2b: Ninetales|Focus Sash
|-damage|p2b: Ninetales|1/100
|faint|p2a: Sneasler
|move|p2b: Ninetales|Blizzard|p1a: Ninetales|[spread] p1a,p1b
|-resisted|p1a: Ninetales
|-supereffective|p1b: Volcarona
|-crit|p1b: Volcarona
|-damage|p1a: Ninetales|56/100
|-damage|p1b: Volcarona|8/100
|move|p1a: Ninetales|Icy Wind|p2b: Ninetales|[miss]
|-miss|p1a: Ninetales|p2b: Ninetales
|
|-weather|Snowscape|[upkeep]
|upkeep
|
|t:|1756428299
|switch|p2a: Dragonite|Dragonite, L50, F|95/100
|turn|7
|
|t:|1756428322
|move|p1b: Volcarona|Heat Wave|p2b: Ninetales|[spread] p2a,p2b
|-resisted|p2a: Dragonite
|-supereffective|p2b: Ninetales
|-damage|p2a: Dragonite|68/100
|-damage|p2b: Ninetales|0 fnt
|faint|p2b: Ninetales
|move|p1a: Ninetales|Blizzard|p2a: Dragonite
|-supereffective|p2a: Dragonite
|-damage|p2a: Dragonite|0 fnt
|faint|p2a: Dragonite
|
|win|M0teM0te13
|raw|M0teM0te13's rating: 1185 → 1211(+26 for winning)
|raw|sedrav's rating: 1200 → 1174(-26 for losing)
