|j|☆chawieeee
|j|☆JuanGuerrero09
|html|chawieeeeJuanGuerrero09    
|uhtml|bestof|Game 2 of a best-of-3
|t:|1756903202
|gametype|doubles
|player|p1|chawieeee|102|1093
|player|p2|JuanGuerrero09|1|1088
|gen|9
|tier|[Gen 9] VGC 2025 Reg H (Bo3)
|rated|
|rule|Species Clause: Limit one of each Pokémon
|rule|Item Clause: Limit 1 of each item
|clearpoke
|poke|p1|Tinkaton, L50, F|
|poke|p1|Ursaluna-Bloodmoon, L50, M|
|poke|p1|Rillaboom, L50, M|
|poke|p1|Incineroar, L50, M|
|poke|p1|Sneasler, L50, F|
|poke|p1|Basculegion, L50, M|
|poke|p2|Sneasler, L50, M|
|poke|p2|Indeedee, L50, M|
|poke|p2|Tyranitar, L50, M|
|poke|p2|Excadrill, L50, M|
|poke|p2|Gholdengo, L50|
|poke|p2|Incineroar, L50, M|
|teampreview|4
|showteam|p1|Tinkaton||WideLens|MoldBreaker|FakeOut,ThunderWave,Encore,PlayRough|||F|||50|,,,,,Grass]Ursaluna-Bloodmoon||LifeOrb|MindsEye|BloodMoon,EarthPower,HyperVoice,Protect|||M|||50|,,,,,Ghost]Rillaboom||AssaultVest|GrassySurge|FakeOut,Uturn,WoodHammer,GrassyGlide|||M|||50|,,,,,Fire]Incineroar||SafetyGoggles|Intimidate|FakeOut,PartingShot,KnockOff,FlareBlitz|||M|||50|,,,,,Bug]Sneasler||FocusSash|Unburden|CloseCombat,DireClaw,SwordsDance,Protect|||F|||50|,,,,,Stellar]Basculegion||ChoiceScarf|Adaptability|WaveCrash,FlipTurn,LastRespects,AquaJet|||M|||50|,,,,,Water
|showteam|p2|Sneasler||WhiteHerb|Unburden|CloseCombat,DireClaw,FakeOut,Protect|||M|||50|,,,,,Dark]Indeedee||ChoiceScarf|PsychicSurge|ExpandingForce,TeraBlast,Trick,Protect|||M|||50|,,,,,Fire]Tyranitar||AssaultVest|SandStream|RockSlide,KnockOff,TeraBlast,LowKick|||M|||50|,,,,,Flying]Excadrill||FocusSash|SandRush|HighHorsepower,Earthquake,IronHead,Protect|||M|||50|,,,,,Ground]Gholdengo||MetalCoat|GoodasGold|ShadowBall,Protect,MakeItRain,NastyPlot||||||50|,,,,,Water]Incineroar||SafetyGoggles|Intimidate|FakeOut,KnockOff,FlareBlitz,PartingShot|||M|||50|,,,,,Ghost
|inactive|Battle timer is ON: inactive players will automatically lose when time's up. (requested by chawieeee)
|inactive|chawieeee has 60 seconds left.
|inactive|JuanGuerrero09 has 60 seconds left.
|
|t:|1756903248
|teamsize|p1|4
|teamsize|p2|4
|start
|switch|p1a: Basculegion|Basculegion, L50, M|100/100
|switch|p1b: Tinkaton|Tinkaton, L50, F|100/100
|switch|p2a: Incineroar|Incineroar, L50, M|100/100
|switch|p2b: Tyranitar|Tyranitar, L50, M|100/100
|-ability|p1b: Tinkaton|Mold Breaker
|-ability|p2a: Incineroar|Intimidate|boost
|-unboost|p1a: Basculegion|atk|1
|-unboost|p1b: Tinkaton|atk|1
|-weather|Sandstorm|[from] ability: Sand Stream|[of] p2b: Tyranitar
|turn|1
|
|t:|1756903265
|-terastallize|p2b: Tyranitar|Flying
|move|p2a: Incineroar|Fake Out|p1b: Tinkaton
|-resisted|p1b: Tinkaton
|-damage|p1b: Tinkaton|94/100
|move|p1a: Basculegion|Flip Turn|p2a: Incineroar
|-supereffective|p2a: Incineroar
|-damage|p2a: Incineroar|55/100
|
|t:|1756903271
|switch|p1a: Incineroar|Incineroar, L50, M|100/100|[from] Flip Turn
|-ability|p1a: Incineroar|Intimidate|boost
|-unboost|p2a: Incineroar|atk|1
|-unboost|p2b: Tyranitar|atk|1
|cant|p1b: Tinkaton|flinch
|move|p2b: Tyranitar|Knock Off|p1a: Incineroar
|-resisted|p1a: Incineroar
|-damage|p1a: Incineroar|86/100
|-enditem|p1a: Incineroar|Safety Goggles|[from] move: Knock Off|[of] p2b: Tyranitar
|
|-weather|Sandstorm|[upkeep]
|-damage|p1a: Incineroar|80/100|[from] Sandstorm
|-damage|p2b: Tyranitar|95/100|[from] Sandstorm
|upkeep
|turn|2
|inactive|JuanGuerrero09 has 30 seconds left.
|inactive|JuanGuerrero09 has 20 seconds left.
|
|t:|1756903307
|switch|p2b: Gholdengo|Gholdengo, L50|100/100
|move|p1b: Tinkaton|Encore|p2a: Incineroar
|-start|p2a: Incineroar|Encore
|move|p2a: Incineroar|Fake Out||[still]
|-hint|Fake Out only works on your first turn out.
|-fail|p2a: Incineroar
|move|p1a: Incineroar|Parting Shot|p2b: Gholdengo
|-immune|p2b: Gholdengo|[from] ability: Good as Gold
|
|-weather|Sandstorm|[upkeep]
|-damage|p1a: Incineroar|74/100|[from] Sandstorm
|upkeep
|turn|3
|
|t:|1756903329
|switch|p2a: Excadrill|Excadrill, L50, M|100/100
|move|p2b: Gholdengo|Protect|p2b: Gholdengo
|-singleturn|p2b: Gholdengo|Protect
|move|p1b: Tinkaton|Thunder Wave|p2b: Gholdengo
|-activate|p2b: Gholdengo|move: Protect
|move|p1a: Incineroar|Parting Shot|p2a: Excadrill
|-unboost|p2a: Excadrill|atk|1
|-unboost|p2a: Excadrill|spa|1
|
|t:|1756903341
|switch|p1a: Basculegion|Basculegion, L50, M|100/100|[from] Parting Shot
|
|-weather|Sandstorm|[upkeep]
|-damage|p1a: Basculegion|94/100|[from] Sandstorm
|upkeep
|turn|4
|
|t:|1756903355
|switch|p2b: Tyranitar|Tyranitar, L50, M, tera:Flying|95/100
|move|p2a: Excadrill|Earthquake|p1b: Tinkaton|[spread] p1a,p1b
|-immune|p2b: Tyranitar
|-supereffective|p1b: Tinkaton
|-damage|p1a: Basculegion|56/100
|-damage|p1b: Tinkaton|28/100
|move|p1a: Basculegion|Flip Turn|p2b: Tyranitar
|-damage|p2b: Tyranitar|61/100
|
|t:|1756903364
|switch|p1a: Incineroar|Incineroar, L50, M|74/100|[from] Flip Turn
|-ability|p1a: Incineroar|Intimidate|boost
|-unboost|p2a: Excadrill|atk|1
|-unboost|p2b: Tyranitar|atk|1
|move|p1b: Tinkaton|Encore||[still]
|-fail|p1b: Tinkaton
|
|-weather|Sandstorm|[upkeep]
|-damage|p1a: Incineroar|68/100|[from] Sandstorm
|-damage|p2b: Tyranitar|55/100|[from] Sandstorm
|upkeep
|turn|5
|
|t:|1756903382
|move|p1a: Incineroar|Fake Out|p2a: Excadrill
|-resisted|p2a: Excadrill
|-damage|p2a: Excadrill|93/100
|cant|p2a: Excadrill|flinch
|move|p1b: Tinkaton|Thunder Wave|p2b: Tyranitar
|-status|p2b: Tyranitar|par
|move|p2b: Tyranitar|Rock Slide|p1b: Tinkaton|[spread] 
|-miss|p2b: Tyranitar|p1a: Incineroar
|-miss|p2b: Tyranitar|p1b: Tinkaton
|
|-weather|none
|upkeep
|turn|6
|inactive|chawieeee has 30 seconds left.
|inactive|JuanGuerrero09 has 30 seconds left.
|inactive|chawieeee has 20 seconds left.
|inactive|JuanGuerrero09 has 20 seconds left.
|inactive|JuanGuerrero09 has 15 seconds left.
|
|t:|1756903424
|switch|p2a: Incineroar|Incineroar, L50, M|55/100
|-ability|p2a: Incineroar|Intimidate|boost
|-unboost|p1a: Incineroar|atk|1
|-unboost|p1b: Tinkaton|atk|1
|move|p1b: Tinkaton|Play Rough|p2b: Tyranitar
|-damage|p2b: Tyranitar|46/100 par
|move|p1a: Incineroar|Flare Blitz|p2a: Incineroar
|-resisted|p2a: Incineroar
|-damage|p2a: Incineroar|41/100
|-damage|p1a: Incineroar|64/100|[from] Recoil
|cant|p2b: Tyranitar|par
|
|upkeep
|turn|7
|
|t:|1756903446
|switch|p1a: Ursaluna|Ursaluna-Bloodmoon, L50, M|100/100
|move|p2a: Incineroar|Fake Out|p1a: Ursaluna
|-damage|p1a: Ursaluna|92/100
|move|p1b: Tinkaton|Thunder Wave|p2a: Incineroar
|-status|p2a: Incineroar|par
|move|p2b: Tyranitar|Rock Slide|p1a: Ursaluna|[spread] p1a,p1b
|-resisted|p1a: Ursaluna
|-resisted|p1b: Tinkaton
|-damage|p1a: Ursaluna|85/100
|-damage|p1b: Tinkaton|17/100
|
|upkeep
|turn|8
|
|t:|1756903469
|switch|p2a: Excadrill|Excadrill, L50, M|93/100
|move|p1b: Tinkaton|Encore||[still]
|-fail|p1b: Tinkaton
|move|p1a: Ursaluna|Blood Moon|p2b: Tyranitar
|-damage|p2b: Tyranitar|0 fnt
|faint|p2b: Tyranitar
|-damage|p1a: Ursaluna|75/100|[from] item: Life Orb
|
|upkeep
|
|t:|1756903482
|switch|p2b: Gholdengo|Gholdengo, L50|100/100
|turn|9
|
|t:|1756903503
|switch|p1a: Incineroar|Incineroar, L50, M|64/100
|-ability|p1a: Incineroar|Intimidate|boost
|-unboost|p2a: Excadrill|atk|1
|-unboost|p2b: Gholdengo|atk|1
|-terastallize|p1b: Tinkaton|Grass
|move|p2b: Gholdengo|Protect|p2b: Gholdengo
|-singleturn|p2b: Gholdengo|Protect
|move|p1b: Tinkaton|Thunder Wave|p2b: Gholdengo
|-activate|p2b: Gholdengo|move: Protect
|move|p2a: Excadrill|Earthquake|p1b: Tinkaton|[spread] p1a,p1b
|-activate|p2b: Gholdengo|move: Protect
|-supereffective|p1a: Incineroar
|-resisted|p1b: Tinkaton
|-damage|p1a: Incineroar|13/100
|-damage|p1b: Tinkaton|0 fnt
|faint|p1b: Tinkaton
|
|upkeep
|inactive|chawieeee has 30 seconds left.
|
|t:|1756903530
|switch|p1b: Basculegion|Basculegion, L50, M|56/100
|turn|10
|inactive|chawieeee has 30 seconds left.
|
|t:|1756903557
|switch|p2b: Incineroar|Incineroar, L50, M|41/100 par
|-ability|p2b: Incineroar|Intimidate|boost
|-unboost|p1a: Incineroar|atk|1
|-unboost|p1b: Basculegion|atk|1
|switch|p1a: Ursaluna|Ursaluna-Bloodmoon, L50, M|75/100
|move|p2a: Excadrill|Protect|p2a: Excadrill
|-singleturn|p2a: Excadrill|Protect
|move|p1b: Basculegion|Flip Turn|p2a: Excadrill
|-activate|p2a: Excadrill|move: Protect
|
|upkeep
|turn|11
|inactive|JuanGuerrero09 has 30 seconds left.
|
|t:|1756903590
|switch|p2a: Gholdengo|Gholdengo, L50|100/100
|cant|p2b: Incineroar|par
|move|p1b: Basculegion|Flip Turn|p2b: Incineroar
|-supereffective|p2b: Incineroar
|-damage|p2b: Incineroar|0 fnt
|faint|p2b: Incineroar
|
|t:|1756903597
|switch|p1b: Incineroar|Incineroar, L50, M|13/100|[from] Flip Turn
|-ability|p1b: Incineroar|Intimidate|boost
|-unboost|p2a: Gholdengo|atk|1
|move|p1a: Ursaluna|Earth Power|p2a: Gholdengo
|-supereffective|p2a: Gholdengo
|-damage|p2a: Gholdengo|0 fnt
|faint|p2a: Gholdengo
|-damage|p1a: Ursaluna|66/100|[from] item: Life Orb
|
|upkeep
|
|t:|1756903610
|switch|p2b: Excadrill|Excadrill, L50, M|93/100
|turn|12
|
|t:|1756903618
|switch|p1a: Basculegion|Basculegion, L50, M|56/100
|move|p2b: Excadrill|Protect|p2b: Excadrill
|-singleturn|p2b: Excadrill|Protect
|move|p1b: Incineroar|Fake Out|p2b: Excadrill
|-activate|p2b: Excadrill|move: Protect
|
|upkeep
|turn|13
|
|t:|1756903626
|switch|p1b: Ursaluna|Ursaluna-Bloodmoon, L50, M|66/100
|move|p1a: Basculegion|Wave Crash|p2b: Excadrill
|-supereffective|p2b: Excadrill
|-damage|p2b: Excadrill|0 fnt
|faint|p2b: Excadrill
|-damage|p1a: Basculegion|27/100|[from] Recoil
|
|win|chawieeee
