|j|☆50/50 Kamisama
|j|☆frisbya
|html|50/50 Kamisamafrisbya    
|uhtml|bestof|Game 1 of a best-of-3
|t:|1782272946
|gametype|doubles
|player|p1|50/50 Kamisama|sage|1059
|player|p2|frisbya|1|1046
|gen|9
|tier|[Gen 9 Champions] VGC 2026 Reg M-B (Bo3)
|rated|
|rule|Species Clause: Limit one of each Pokémon
|rule|Item Clause: Limit 1 of each item
|clearpoke
|poke|p1|Excadrill, L50, F|
|poke|p1|Tyranitar, L50, M|
|poke|p1|Corviknight, L50, M, shiny|
|poke|p1|Hydreigon, L50, M|
|poke|p1|Scovillain, L50, F|
|poke|p1|Houndstone, L50, M|
|poke|p2|Basculegion, L50, M|
|poke|p2|Delphox, L50, M|
|poke|p2|Garchomp, L50, F|
|poke|p2|Grimmsnarl, L50, M|
|poke|p2|Sinistcha, L50|
|poke|p2|Staraptor, L50, F|
|teampreview|4
|showteam|p1|Excadrill||FocusSash|SandRush|HighHorsepower,IronHead,RockSlide,Protect|Jolly||F|||50|]Tyranitar||Tyranitarite|SandStream|RockSlide,KnockOff,LowKick,Protect|Adamant||M|||50|]Corviknight||Leftovers|MirrorArmor|BraveBird,BulkUp,Roost,Tailwind|Impish||M|||50|]Hydreigon||ChoiceScarf|Levitate|DracoMeteor,HeatWave,Snarl,DarkPulse|Modest||M|||50|]Scovillain||Scovillainite|Moody|Flamethrower,GigaDrain,RagePowder,Protect|Calm||F|||50|]Houndstone||SitrusBerry|SandRush|LastRespects,ShadowSneak,WillOWisp,Protect|Adamant||M|||50|
|showteam|p2|Basculegion||FocusSash|Adaptability|Liquidation,LastRespects,AquaJet,Protect|Adamant||M|||50|]Delphox||Delphoxite|Blaze|HeatWave,Psyshock,NastyPlot,Protect|Timid||M|||50|]Garchomp||LifeOrb|RoughSkin|DragonClaw,RockSlide,Earthquake,Protect|Jolly||F|||50|]Grimmsnarl||LightClay|Prankster|SpiritBreak,PartingShot,LightScreen,Reflect|Careful||M|||50|]Sinistcha||KasibBerry|Hospitality|MatchaGotcha,RagePowder,StrengthSap,Protect|Bold|||||50|]Staraptor||Staraptite|Intimidate|CloseCombat,BraveBird,Roost,Protect|Jolly||F|||50|
|inactive|Battle timer is ON: inactive players will automatically lose when time's up. (requested by 50/50 Kamisama)
|inactive|50/50 Kamisama has 60 seconds left.
|inactive|frisbya has 60 seconds left.
|inactive|frisbya has 30 seconds left.
|inactive|frisbya has 20 seconds left.
|inactive|frisbya has 15 seconds left.
|inactive|frisbya has 10 seconds left.
|
|t:|1782273030
|teamsize|p1|4
|teamsize|p2|4
|start
|switch|p1a: Scovillain|Scovillain, L50, F|100/100
|switch|p1b: Excadrill|Excadrill, L50, F|100/100
|switch|p2a: Staraptor|Staraptor, L50, F|100/100
|switch|p2b: Grimmsnarl|Grimmsnarl, L50, M|100/100
|-ability|p2a: Staraptor|Intimidate|boost
|-unboost|p1a: Scovillain|atk|1
|-unboost|p1b: Excadrill|atk|1
|turn|1
|inactive|frisbya has 30 seconds left.
|inactive|frisbya has 20 seconds left.
|inactive|frisbya has 15 seconds left.
|inactive|frisbya has 10 seconds left.
|
|t:|1782273078
|detailschange|p2a: Staraptor|Staraptor-Mega, L50, F
|-mega|p2a: Staraptor|Staraptor|Staraptite
|detailschange|p1a: Scovillain|Scovillain-Mega, L50, F
|-mega|p1a: Scovillain|Scovillain|Scovillainite
|move|p1a: Scovillain|Rage Powder|p1a: Scovillain
|-singleturn|p1a: Scovillain|move: Rage Powder
|move|p2b: Grimmsnarl|Parting Shot|p1a: Scovillain
|-unboost|p1a: Scovillain|atk|1
|-unboost|p1a: Scovillain|spa|1
|
|t:|1782273088
|switch|p2b: Garchomp|Garchomp, L50, F|100/100|[from] Parting Shot
|move|p2a: Staraptor|Close Combat|p1a: Scovillain
|-damage|p1a: Scovillain|36/100
|-boost|p2a: Staraptor|def|1
|-boost|p2a: Staraptor|spd|1
|-status|p2a: Staraptor|brn|[from] ability: Spicy Spray|[of] p1a: Scovillain
|move|p1b: Excadrill|Iron Head|p2b: Garchomp
|-damage|p2b: Garchomp|71/100
|-damage|p1b: Excadrill|87/100|[from] ability: Rough Skin|[of] p2b: Garchomp
|
|-damage|p2a: Staraptor|93/100 brn|[from] brn
|upkeep
|turn|2
|inactive|50/50 Kamisama has 30 seconds left.
|inactive|50/50 Kamisama has 20 seconds left.
|
|t:|1782273126
|move|p1b: Excadrill|Protect|p1b: Excadrill
|-singleturn|p1b: Excadrill|Protect
|move|p2a: Staraptor|Close Combat|p1b: Excadrill
|-activate|p1b: Excadrill|move: Protect
|move|p2b: Garchomp|Earthquake|p1a: Scovillain|[spread] p1a
|-activate|p1b: Excadrill|move: Protect
|-immune|p2a: Staraptor
|-damage|p1a: Scovillain|0 fnt
|-status|p2b: Garchomp|brn|[from] ability: Spicy Spray|[of] p1a: Scovillain
|faint|p1a: Scovillain
|-damage|p2b: Garchomp|61/100 brn|[from] item: Life Orb
|
|-damage|p2a: Staraptor|87/100 brn|[from] brn
|-damage|p2b: Garchomp|55/100 brn|[from] brn
|upkeep
|
|t:|1782273138
|switch|p1a: Tyranitar|Tyranitar, L50, M|100/100
|-weather|Sandstorm|[from] ability: Sand Stream|[of] p1a: Tyranitar
|turn|3
|inactive|50/50 Kamisama has 30 seconds left.
|
|t:|1782273164
|move|p1a: Tyranitar|Protect|p1a: Tyranitar
|-singleturn|p1a: Tyranitar|Protect
|move|p1b: Excadrill|High Horsepower|p2b: Garchomp
|-damage|p2b: Garchomp|17/100 brn
|-damage|p1b: Excadrill|75/100|[from] ability: Rough Skin|[of] p2b: Garchomp
|move|p2a: Staraptor|Close Combat|p1b: Excadrill
|-supereffective|p1b: Excadrill|1
|-damage|p1b: Excadrill|0 fnt
|-boost|p2a: Staraptor|def|1
|-boost|p2a: Staraptor|spd|1
|faint|p1b: Excadrill
|move|p2b: Garchomp|Earthquake|p1a: Tyranitar|[spread] 
|-activate|p1a: Tyranitar|move: Protect
|-immune|p2a: Staraptor
|
|-weather|Sandstorm|[upkeep]
|-damage|p2a: Staraptor|81/100 brn|[from] Sandstorm
|-damage|p2a: Staraptor|75/100 brn|[from] brn
|-damage|p2b: Garchomp|11/100 brn|[from] brn
|upkeep
|
|t:|1782273173
|switch|p1b: Houndstone|Houndstone, L50, M|100/100
|turn|4
|inactive|frisbya has 30 seconds left.
|inactive|frisbya has 20 seconds left.
|
|t:|1782273212
|move|p1b: Houndstone|Last Respects|p2a: Staraptor
|-damage|p2a: Staraptor|46/100 brn
|move|p2a: Staraptor|Close Combat|p1a: Tyranitar
|-supereffective|p1a: Tyranitar|2
|-damage|p1a: Tyranitar|6/100
|-boost|p2a: Staraptor|def|1
|-boost|p2a: Staraptor|spd|1
|move|p2b: Garchomp|Dragon Claw|p1b: Houndstone
|-damage|p1b: Houndstone|72/100
|-damage|p2b: Garchomp|1/100 brn|[from] item: Life Orb
|move|p1a: Tyranitar|Knock Off|p2b: Garchomp
|-damage|p2b: Garchomp|0 fnt
|-damage|p1a: Tyranitar|0 fnt|[from] ability: Rough Skin|[of] p2b: Garchomp
|-enditem|p2b: Garchomp|Life Orb|[from] move: Knock Off|[of] p1a: Tyranitar
|faint|p2b: Garchomp
|faint|p1a: Tyranitar
|
|-weather|Sandstorm|[upkeep]
|-damage|p2a: Staraptor|40/100 brn|[from] Sandstorm
|-damage|p2a: Staraptor|34/100 brn|[from] brn
|upkeep
|
|t:|1782273232
|switch|p2b: Sinistcha|Sinistcha, L50|100/100
|-heal|p2a: Staraptor|58/100 brn|[from] ability: Hospitality|[of] p2b: Sinistcha
|turn|5
|l|☆50/50 Kamisama
|inactive|50/50 Kamisama disconnected and has a minute to reconnect!
|player|p1|
|inactive|50/50 Kamisama has 30 seconds left.
|inactive|frisbya has 30 seconds left.
|inactive|50/50 Kamisama has 20 seconds left.
|inactive|50/50 Kamisama has 15 seconds left.
|inactive|frisbya has 20 seconds left.
|inactive|50/50 Kamisama has 10 seconds left.
|inactive|50/50 Kamisama has 5 seconds left.
|-message|50/50 Kamisama lost due to inactivity.
|
|win|frisbya
||frisbya is ready for game 2.
|raw|50/50 Kamisama's rating: 1059 → 1039(-20 for losing)
|raw|frisbya's rating: 1046 → 1080(+34 for winning)
