|j|☆mikelpoyarzabal
|j|☆HikariRock
|html|mikelpoyarzabalHikariRock    
|uhtml|bestof|Game 3 of a best-of-3
|t:|1783610708
|gametype|doubles
|player|p1|mikelpoyarzabal|arven-s|1316
|player|p2|HikariRock|riley|1254
|gen|9
|tier|[Gen 9 Champions] VGC 2026 Reg M-B (Bo3)
|rated|
|rule|Species Clause: Limit one of each Pokémon
|rule|Item Clause: Limit 1 of each item
|clearpoke
|poke|p1|Incineroar, L50, F|
|poke|p1|Sinistcha, L50|
|poke|p1|Sneasler, L50, M|
|poke|p1|Blastoise, L50, M|
|poke|p1|Delphox, L50, F|
|poke|p1|Kingambit, L50, F|
|poke|p2|Tyranitar, L50, F|
|poke|p2|Excadrill, L50, F|
|poke|p2|Staraptor, L50, M|
|poke|p2|Sylveon, L50, M|
|poke|p2|Sinistcha, L50|
|poke|p2|Rotom-Wash, L50|
|teampreview|4
|showteam|p1|Incineroar||SitrusBerry|Intimidate|FakeOut,FlareBlitz,DarkestLariat,PartingShot|Impish||F|||50|]Sinistcha||OccaBerry|Hospitality|MatchaGotcha,TrickRoom,RagePowder,Protect|Bold|||||50|]Sneasler||FocusSash|PoisonTouch|FakeOut,CloseCombat,PoisonJab,RockTomb|Jolly||M|||50|]Blastoise||Blastoisinite|Torrent|WaterSpout,DarkPulse,ShellSmash,Protect|Modest||M|||50|]Delphox||Delphoxite|Blaze|HeatWave,Psychic,NastyPlot,Protect|Timid||F|||50|]Kingambit||LifeOrb|Defiant|SwordsDance,Protect,KowtowCleave,SuckerPunch|Adamant||F|||50|
|showteam|p2|Tyranitar||Tyranitarite|SandStream|RockSlide,KnockOff,LowKick,Protect|Adamant||F|||50|]Excadrill||FocusSash|SandRush|Earthquake,IronHead,RockSlide,Protect|Adamant||F|||50|]Staraptor||Staraptite|Intimidate|BraveBird,CloseCombat,Tailwind,Protect|Jolly||M|||50|]Sylveon||LifeOrb|Pixilate|HyperBeam,HyperVoice,QuickAttack,Detect|Modest||M|||50|]Sinistcha||KasibBerry|Hospitality|MatchaGotcha,TrickRoom,Protect,RagePowder|Bold|||||50|]Rotom-Wash||SitrusBerry|Levitate|HydroPump,Thunderbolt,WillOWisp,Protect|Modest|||||50|
|inactive|Battle timer is ON: inactive players will automatically lose when time's up. (requested by mikelpoyarzabal)
|
|t:|1783610733
|teamsize|p1|4
|teamsize|p2|4
|start
|switch|p1a: Blastoise|Blastoise, L50, M|100/100
|switch|p1b: Incineroar|Incineroar, L50, F|100/100
|switch|p2a: Sinistcha|Sinistcha, L50|100/100
|switch|p2b: Rotom|Rotom-Wash, L50|100/100
|-ability|p1b: Incineroar|Intimidate|boost
|-unboost|p2a: Sinistcha|atk|1
|-unboost|p2b: Rotom|atk|1
|turn|1
|
|t:|1783610747
|switch|p1a: Sinistcha|Sinistcha, L50|100/100
|move|p2b: Rotom|Hydro Pump|p1b: Incineroar|[miss]
|-miss|p2b: Rotom|p1b: Incineroar
|move|p1b: Incineroar|Darkest Lariat|p2b: Rotom
|-damage|p2b: Rotom|68/100
|move|p2a: Sinistcha|Trick Room|p2a: Sinistcha
|-fieldstart|move: Trick Room|[of] p2a: Sinistcha
|
|upkeep
|turn|2
|
|t:|1783610772
|switch|p2b: Staraptor|Staraptor, L50, M|100/100
|-ability|p2b: Staraptor|Intimidate|boost
|-unboost|p1a: Sinistcha|atk|1
|-unboost|p1b: Incineroar|atk|1
|move|p1b: Incineroar|Flare Blitz|p2a: Sinistcha
|-supereffective|p2a: Sinistcha|1
|-damage|p2a: Sinistcha|52/100
|-damage|p1b: Incineroar|86/100|[from] Recoil
|move|p1a: Sinistcha|Matcha Gotcha|p2b: Staraptor|[spread] p2a,p2b
|-resisted|p2a: Sinistcha|1
|-resisted|p2b: Staraptor|1
|-damage|p2a: Sinistcha|41/100
|-damage|p2b: Staraptor|81/100
|move|p2a: Sinistcha|Trick Room|p2a: Sinistcha
|-fieldend|move: Trick Room
|
|upkeep
|turn|3
|
|t:|1783610787
|detailschange|p2b: Staraptor|Staraptor-Mega, L50, M
|-mega|p2b: Staraptor|Staraptor|Staraptite
|move|p1a: Sinistcha|Protect|p1a: Sinistcha
|-singleturn|p1a: Sinistcha|Protect
|move|p2a: Sinistcha|Protect|p2a: Sinistcha
|-singleturn|p2a: Sinistcha|Protect
|move|p2b: Staraptor|Brave Bird|p1a: Sinistcha
|-activate|p1a: Sinistcha|move: Protect
|move|p1b: Incineroar|Parting Shot|p2a: Sinistcha
|-activate|p2a: Sinistcha|move: Protect
|
|upkeep
|turn|4
|
|t:|1783610802
|switch|p2a: Rotom|Rotom-Wash, L50|68/100
|switch|p1a: Sneasler|Sneasler, L50, M|100/100
|move|p2b: Staraptor|Brave Bird|p1a: Sneasler
|-supereffective|p1a: Sneasler|1
|-enditem|p1a: Sneasler|Focus Sash
|-damage|p1a: Sneasler|1/100
|-damage|p2b: Staraptor|50/100g|[from] Recoil
|move|p1b: Incineroar|Flare Blitz|p2a: Rotom
|-resisted|p2a: Rotom|1
|-damage|p2a: Rotom|51/100
|-damage|p1b: Incineroar|81/100|[from] Recoil
|
|upkeep
|turn|5
|
|t:|1783610819
|move|p1a: Sneasler|Rock Tomb|p2a: Rotom
|-damage|p2a: Rotom|30/100
|-unboost|p2a: Rotom|spe|1
|-enditem|p2a: Rotom|Sitrus Berry|[eat]
|-heal|p2a: Rotom|55/100|[from] item: Sitrus Berry
|move|p2b: Staraptor|Tailwind|p2b: Staraptor
|-sidestart|p2: HikariRock|move: Tailwind
|move|p2a: Rotom|Hydro Pump|p1b: Incineroar
|-supereffective|p1b: Incineroar|1
|-damage|p1b: Incineroar|0 fnt
|faint|p1b: Incineroar
|
|upkeep
|
|t:|1783610830
|switch|p1b: Blastoise|Blastoise, L50, M|100/100
|turn|6
|
|t:|1783610843
|move|p1b: Blastoise|Protect|p1b: Blastoise
|-singleturn|p1b: Blastoise|Protect
|move|p2b: Staraptor|Brave Bird|p1a: Sneasler
|-supereffective|p1a: Sneasler|1
|-damage|p1a: Sneasler|0 fnt
|faint|p1a: Sneasler
|-damage|p2b: Staraptor|50/100y|[from] Recoil
|move|p2a: Rotom|Thunderbolt|p1b: Blastoise
|-activate|p1b: Blastoise|move: Protect
|
|upkeep
|
|t:|1783610846
|switch|p1a: Sinistcha|Sinistcha, L50|100/100
|turn|7
|
|t:|1783610854
|switch|p2a: Sinistcha|Sinistcha, L50|41/100
|-heal|p2b: Staraptor|74/100|[from] ability: Hospitality|[of] p2a: Sinistcha
|detailschange|p1b: Blastoise|Blastoise-Mega, L50, M
|-mega|p1b: Blastoise|Blastoise|Blastoisinite
|move|p1a: Sinistcha|Rage Powder|p1a: Sinistcha
|-singleturn|p1a: Sinistcha|move: Rage Powder
|move|p2b: Staraptor|Brave Bird|p1a: Sinistcha
|-supereffective|p1a: Sinistcha|1
|-damage|p1a: Sinistcha|0 fnt
|faint|p1a: Sinistcha
|-damage|p2b: Staraptor|39/100|[from] Recoil
|move|p1b: Blastoise|Shell Smash|p1b: Blastoise
|-unboost|p1b: Blastoise|def|1
|-unboost|p1b: Blastoise|spd|1
|-boost|p1b: Blastoise|atk|2
|-boost|p1b: Blastoise|spa|2
|-boost|p1b: Blastoise|spe|2
|
|upkeep
|turn|8
|
|t:|1783610864
|move|p1b: Blastoise|Protect|p1b: Blastoise
|-singleturn|p1b: Blastoise|Protect
|move|p2a: Sinistcha|Rage Powder|p2a: Sinistcha
|-singleturn|p2a: Sinistcha|move: Rage Powder
|move|p2b: Staraptor|Close Combat|p1b: Blastoise
|-activate|p1b: Blastoise|move: Protect
|
|-sideend|p2: HikariRock|move: Tailwind
|upkeep
|turn|9
|
|t:|1783610878
|move|p2b: Staraptor|Protect|p2b: Staraptor
|-singleturn|p2b: Staraptor|Protect
|move|p1b: Blastoise|Water Spout|p2b: Staraptor|[spread] p2a
|-activate|p2b: Staraptor|move: Protect
|-resisted|p2a: Sinistcha|1
|-damage|p2a: Sinistcha|0 fnt
|faint|p2a: Sinistcha
|
|upkeep
|
|t:|1783610884
|switch|p2a: Excadrill|Excadrill, L50, F|100/100
|turn|10
|
|t:|1783610889
|move|p1b: Blastoise|Water Spout|p2b: Staraptor|[spread] p2a,p2b
|-supereffective|p2a: Excadrill|1
|-enditem|p2a: Excadrill|Focus Sash
|-damage|p2a: Excadrill|1/100
|-damage|p2b: Staraptor|0 fnt
|faint|p2b: Staraptor
|move|p2a: Excadrill|Earthquake|p1b: Blastoise
|-damage|p1b: Blastoise|10/100
|
|upkeep
|
|t:|1783610892
|switch|p2b: Rotom|Rotom-Wash, L50|55/100
|turn|11
|
|t:|1783610900
|move|p1b: Blastoise|Dark Pulse|p2b: Rotom
|-damage|p2b: Rotom|0 fnt
|faint|p2b: Rotom
|move|p2a: Excadrill|Earthquake|p1b: Blastoise
|-damage|p1b: Blastoise|0 fnt
|faint|p1b: Blastoise
|
|win|HikariRock
|raw|mikelpoyarzabal's rating: 1316 → 1292(-24 for losing)
|raw|HikariRock's rating: 1254 → 1283(+29 for winning)
