|j|☆uglybeast
|j|☆Zengikk
|html|uglybeastZengikk    
|uhtml|bestof|Game 1 of a best-of-3
|t:|1756911811
|gametype|doubles
|player|p1|uglybeast|lucas|1313
|player|p2|Zengikk|giovanni|1176
|gen|9
|tier|[Gen 9] VGC 2025 Reg H (Bo3)
|rated|
|rule|Species Clause: Limit one of each Pokémon
|rule|Item Clause: Limit 1 of each item
|clearpoke
|poke|p1|Murkrow, L50, F|
|poke|p1|Ursaluna-Bloodmoon, L50, M|
|poke|p1|Sneasler, L50, M|
|poke|p1|Dragapult, L50, F|
|poke|p1|Armarouge, L50, M|
|poke|p1|Indeedee-F, L50, F|
|poke|p2|Sneasler, L50, M|
|poke|p2|Dragapult, L50, M|
|poke|p2|Primarina, L50, F|
|poke|p2|Rillaboom, L50, F|
|poke|p2|Kingambit, L50, F|
|poke|p2|Magmar, L50, F|
|teampreview|4
|showteam|p1|Murkrow||Eviolite|Prankster|Haze,SunnyDay,Tailwind,BraveBird|||F|||50|,,,,,Ghost]Ursaluna-Bloodmoon||LifeOrb|MindsEye|BloodMoon,HyperVoice,Protect,EarthPower|||M|||50|,,,,,Normal]Sneasler||PsychicSeed|Unburden|ThroatChop,DireClaw,CloseCombat,Protect|||M|||50|,,,,,Dark]Dragapult||ChoiceBand|ClearBody|DragonDarts,Outrage,Uturn,PhantomForce|||F|||50|,,,,,Dragon]Armarouge||PowerHerb|FlashFire|HeatWave,MeteorBeam,ExpandingForce,Protect|||M|||50|,,,,,Grass]Indeedee-F||RockyHelmet|PsychicSurge|DazzlingGleam,FollowMe,HelpingHand,TrickRoom|||F|||50|,,,,,Grass
|showteam|p2|Sneasler||FocusSash|PoisonTouch|CloseCombat,DireClaw,FakeOut,Protect|||M|||50|,,,,,Stellar]Dragapult||ChoiceBand|ClearBody|DragonDarts,TeraBlast,PhantomForce,Uturn|||M|||50|,,,,,Ghost]Primarina||SitrusBerry|LiquidVoice|HyperVoice,Moonblast,Haze,Protect|||F|||50|,,,,,Water]Rillaboom||AssaultVest|GrassySurge|WoodHammer,GrassyGlide,HighHorsepower,FakeOut|||F|||50|,,,,,Fire]Kingambit||BlackGlasses|Defiant|KowtowCleave,SuckerPunch,SwordsDance,Protect|||F|||50|,,,,,Ghost]Magmar||Eviolite|VitalSpirit|Overheat,WillOWisp,FollowMe,Protect|||F|||50|,,,,,Ghost
|inactive|Battle timer is ON: inactive players will automatically lose when time's up. (requested by Zengikk)
|inactive|uglybeast has 60 seconds left.
|inactive|uglybeast has 30 seconds left.
|
|t:|1756911876
|teamsize|p1|4
|teamsize|p2|4
|start
|switch|p1a: Laz|Dragapult, L50, F|100/100
|switch|p1b: Anagnoman|Sneasler, L50, M|100/100
|switch|p2a: Sneasler|Sneasler, L50, M|100/100
|switch|p2b: Kingambit|Kingambit, L50, F|100/100
|turn|1
|inactive|uglybeast has 30 seconds left.
|
|t:|1756911907
|switch|p1b: Blade|Indeedee-F, L50, F|100/100
|-fieldstart|move: Psychic Terrain|[from] ability: Psychic Surge|[of] p1b: Blade
|move|p2a: Sneasler|Fake Out|p1b: Blade
|-activate|p1b: Blade|move: Psychic Terrain
|move|p2b: Kingambit|Sucker Punch|p1a: Laz
|-activate|p1a: Laz|move: Psychic Terrain
|move|p1a: Laz|U-turn|p2a: Sneasler
|-resisted|p2a: Sneasler
|-damage|p2a: Sneasler|85/100
|
|t:|1756911924
|switch|p1a: Giandam|Armarouge, L50, M|100/100|[from] U-turn
|
|upkeep
|turn|2
|
|t:|1756911934
|-terastallize|p2b: Kingambit|Ghost
|move|p1b: Blade|Follow Me|p1b: Blade
|-singleturn|p1b: Blade|move: Follow Me
|move|p2a: Sneasler|Dire Claw|p1b: Blade
|-damage|p1b: Blade|61/100
|-status|p1b: Blade|slp
|-damage|p2a: Sneasler|69/100|[from] item: Rocky Helmet|[of] p1b: Blade
|move|p1a: Giandam|Meteor Beam||[still]
|-prepare|p1a: Giandam|Meteor Beam
|-boost|p1a: Giandam|spa|1
|-enditem|p1a: Giandam|Power Herb
|-anim|p1a: Giandam|Meteor Beam|p2a: Sneasler
|-resisted|p2a: Sneasler
|-damage|p2a: Sneasler|26/100
|move|p2b: Kingambit|Kowtow Cleave|p1b: Blade
|-supereffective|p1b: Blade
|-damage|p1b: Blade|0 fnt
|-damage|p2b: Kingambit|84/100|[from] item: Rocky Helmet|[of] p1b: Blade
|faint|p1b: Blade
|
|upkeep
|inactive|uglybeast has 30 seconds left.
|
|t:|1756911965
|switch|p1b: Anagnoman|Sneasler, L50, M|100/100
|-enditem|p1b: Anagnoman|Psychic Seed
|-boost|p1b: Anagnoman|spd|1|[from] item: Psychic Seed
|turn|3
|
|t:|1756911978
|-terastallize|p1a: Giandam|Grass
|move|p1b: Anagnoman|Dire Claw|p2a: Sneasler
|-resisted|p2a: Sneasler
|-damage|p2a: Sneasler|0 fnt
|faint|p2a: Sneasler
|move|p1a: Giandam|Heat Wave|p2b: Kingambit|[miss]
|-miss|p1a: Giandam|p2b: Kingambit
|move|p2b: Kingambit|Kowtow Cleave|p1a: Giandam
|-damage|p1a: Giandam|40/100
|
|upkeep
|
|t:|1756911990
|switch|p2a: Dragapult|Dragapult, L50, M|100/100
|turn|4
|
|t:|1756912002
|move|p1a: Giandam|Protect|p1a: Giandam
|-singleturn|p1a: Giandam|Protect
|move|p2b: Kingambit|Protect|p2b: Kingambit
|-singleturn|p2b: Kingambit|Protect
|move|p1b: Anagnoman|Throat Chop|p2a: Dragapult
|-supereffective|p2a: Dragapult
|-damage|p2a: Dragapult|17/100
|-start|p2a: Dragapult|Throat Chop|[silent]
|move|p2a: Dragapult|Dragon Darts|p1b: Anagnoman
|-damage|p1b: Anagnoman|33/100
|-anim|p2a: Dragapult|Dragon Darts|p1b: Anagnoman
|-damage|p1b: Anagnoman|0 fnt
|faint|p1b: Anagnoman
|
|upkeep
|
|t:|1756912009
|switch|p1b: Laz|Dragapult, L50, F|100/100
|turn|5
|
|t:|1756912027
|move|p2a: Dragapult|Dragon Darts|p1b: Laz
|-supereffective|p1b: Laz
|-damage|p1b: Laz|0 fnt
|-anim|p2a: Dragapult|Dragon Darts|p1a: Giandam
|-damage|p1a: Giandam|0 fnt
|faint|p1b: Laz
|faint|p1a: Giandam
|
|win|Zengikk
