|j|☆Bread2468
|j|☆The median voter
|html|Bread2468The median voter    
|uhtml|bestof|Game 1 of a best-of-3
|t:|1757106918
|gametype|doubles
|player|p1|Bread2468|2|1234
|player|p2|The median voter|scientist-gen4dp|1292
|gen|9
|tier|[Gen 9] VGC 2025 Reg H (Bo3)
|rated|
|rule|Species Clause: Limit one of each Pokémon
|rule|Item Clause: Limit 1 of each item
|clearpoke
|poke|p1|Gholdengo, L50|
|poke|p1|Sneasler, L50, M|
|poke|p1|Incineroar, L50, F|
|poke|p1|Amoonguss, L50, M|
|poke|p1|Dragonite, L50, F|
|poke|p1|Ursaluna-Bloodmoon, L50, M|
|poke|p2|Arcanine-Hisui, L50, M|
|poke|p2|Ninetales-Alola, L50, M|
|poke|p2|Gholdengo, L50|
|poke|p2|Sneasler, L50, F|
|poke|p2|Rillaboom, L50, M|
|poke|p2|Dragonite, L50, M|
|teampreview|4
|showteam|p1|Gholdengo||LifeOrb|GoodasGold|MakeItRain,ShadowBall,NastyPlot,Protect||||||50|,,,,,Water]Sneasler||FocusSash|PoisonTouch|ThroatChop,CloseCombat,DireClaw,Protect|||M|||50|,,,,,Stellar]Incineroar||SafetyGoggles|Intimidate|FakeOut,FlareBlitz,KnockOff,PartingShot|||F|||50|,,,,,Ghost]Amoonguss||SitrusBerry|Regenerator|Spore,RagePowder,SludgeBomb,Protect|||M|||50|,,,,,Psychic]Dragonite||LoadedDice|Multiscale|ScaleShot,Haze,Tailwind,Protect|||F|||50|,,,,,Fairy]Ursaluna-Bloodmoon||AssaultVest|MindsEye|HyperVoice,BloodMoon,EarthPower,VacuumWave|||M|||50|,,,,,Normal
|showteam|p2|Arcanine-Hisui||ClearAmulet|Intimidate|FlareBlitz,RockSlide,Protect,ExtremeSpeed|||M|||50|,,,,,Water]Ninetales-Alola||FocusSash|SnowWarning|Blizzard,IcyWind,AuroraVeil,Encore|||M|||50|,,,,,Ghost]Gholdengo||GrassySeed|GoodasGold|MakeItRain,NastyPlot,ShadowBall,Protect||||||50|,,,,,Water]Sneasler||WhiteHerb|Unburden|DireClaw,CloseCombat,Coaching,Protect|||F|||50|,,,,,Ghost]Rillaboom||AssaultVest|GrassySurge|FakeOut,DrumBeating,HighHorsepower,GrassyGlide|||M|||50|,,,,,Fire]Dragonite||LoadedDice|Multiscale|ScaleShot,Protect,StompingTantrum,Tailwind|||M|||50|,,,,,Ground
|inactive|Battle timer is ON: inactive players will automatically lose when time's up. (requested by Bread2468)
|inactive|Bread2468 has 60 seconds left.
|inactive|The median voter has 60 seconds left.
|
|t:|1757106957
|teamsize|p1|4
|teamsize|p2|4
|start
|switch|p1a: Ursaluna|Ursaluna-Bloodmoon, L50, M|100/100
|switch|p1b: Dragonite|Dragonite, L50, F|100/100
|switch|p2a: Rillaboom|Rillaboom, L50, M|100/100
|switch|p2b: Gholdengo|Gholdengo, L50|100/100
|-fieldstart|move: Grassy Terrain|[from] ability: Grassy Surge|[of] p2a: Rillaboom
|-enditem|p2b: Gholdengo|Grassy Seed
|-boost|p2b: Gholdengo|def|1|[from] item: Grassy Seed
|turn|1
|j| teamthief420
|
|t:|1757106974
|-terastallize|p1a: Ursaluna|Normal
|move|p2b: Gholdengo|Protect|p2b: Gholdengo
|-singleturn|p2b: Gholdengo|Protect
|move|p2a: Rillaboom|Grassy Glide|p1a: Ursaluna
|-damage|p1a: Ursaluna|74/100
|move|p1b: Dragonite|Tailwind|p1b: Dragonite
|-sidestart|p1: Bread2468|move: Tailwind
|move|p1a: Ursaluna|Blood Moon|p2b: Gholdengo
|-activate|p2b: Gholdengo|move: Protect
|
|-heal|p1a: Ursaluna|79/100|[from] Grassy Terrain
|upkeep
|turn|2
|
|t:|1757106993
|-terastallize|p2b: Gholdengo|Water
|move|p1b: Dragonite|Scale Shot|p2b: Gholdengo
|-damage|p2b: Gholdengo|89/100
|-damage|p2b: Gholdengo|76/100
|-damage|p2b: Gholdengo|65/100
|-damage|p2b: Gholdengo|53/100
|-damage|p2b: Gholdengo|40/100
|-hitcount|p2b: Gholdengo|5
|-unboost|p1b: Dragonite|def|1
|-boost|p1b: Dragonite|spe|1
|move|p1a: Ursaluna|Hyper Voice|p2b: Gholdengo|[spread] p2a,p2b
|-crit|p2a: Rillaboom
|-damage|p2a: Rillaboom|38/100
|-damage|p2b: Gholdengo|0 fnt
|faint|p2b: Gholdengo
|move|p2a: Rillaboom|Drum Beating|p1a: Ursaluna
|-damage|p1a: Ursaluna|45/100
|-unboost|p1a: Ursaluna|spe|1
|
|-heal|p2a: Rillaboom|45/100|[from] Grassy Terrain
|-heal|p1a: Ursaluna|50/100|[from] Grassy Terrain
|upkeep
|
|t:|1757107003
|switch|p2b: Ninetales|Ninetales-Alola, L50, M|100/100
|-weather|Snowscape|[from] ability: Snow Warning|[of] p2b: Ninetales
|turn|3
|
|t:|1757107024
|switch|p1b: Gholdengo|Gholdengo, L50|100/100
|switch|p1a: Incineroar|Incineroar, L50, F, shiny|100/100
|-ability|p1a: Incineroar|Intimidate|boost
|-unboost|p2a: Rillaboom|atk|1
|-unboost|p2b: Ninetales|atk|1
|move|p2a: Rillaboom|Grassy Glide|p1b: Gholdengo
|-resisted|p1b: Gholdengo
|-damage|p1b: Gholdengo|90/100
|move|p2b: Ninetales|Blizzard|p1a: Incineroar|[spread] p1a,p1b
|-resisted|p1a: Incineroar
|-resisted|p1b: Gholdengo
|-damage|p1a: Incineroar|91/100
|-damage|p1b: Gholdengo|73/100
|-status|p1a: Incineroar|frz
|
|-weather|Snowscape|[upkeep]
|-heal|p1b: Gholdengo|79/100|[from] Grassy Terrain
|-heal|p1a: Incineroar|97/100 frz|[from] Grassy Terrain
|-heal|p2a: Rillaboom|51/100|[from] Grassy Terrain
|upkeep
|turn|4
|
|t:|1757107042
|switch|p2a: Arcanine|Arcanine-Hisui, L50, M|100/100
|-ability|p2a: Arcanine|Intimidate|boost
|-unboost|p1a: Incineroar|atk|1
|-unboost|p1b: Gholdengo|atk|1
|move|p1b: Gholdengo|Make It Rain|p2b: Ninetales|[spread] p2a,p2b
|-supereffective|p2b: Ninetales
|-damage|p2a: Arcanine|38/100
|-enditem|p2b: Ninetales|Focus Sash
|-damage|p2b: Ninetales|1/100
|-unboost|p1b: Gholdengo|spa|1
|-damage|p1b: Gholdengo|69/100|[from] item: Life Orb
|move|p2b: Ninetales|Aurora Veil|p2b: Ninetales
|-sidestart|p2: The median voter|move: Aurora Veil
|-curestatus|p1a: Incineroar|frz|[from] move: Flare Blitz
|move|p1a: Incineroar|Flare Blitz|p2b: Ninetales
|-supereffective|p2b: Ninetales
|-damage|p2b: Ninetales|0 fnt
|faint|p2b: Ninetales
|-damage|p1a: Incineroar|96/100|[from] Recoil
|
|-weather|Snowscape|[upkeep]
|-heal|p1b: Gholdengo|75/100|[from] Grassy Terrain
|-heal|p1a: Incineroar|100/100|[from] Grassy Terrain
|-heal|p2a: Arcanine|44/100|[from] Grassy Terrain
|-sideend|p1: Bread2468|move: Tailwind
|upkeep
|
|t:|1757107050
|switch|p2b: Rillaboom|Rillaboom, L50, M|51/100
|turn|5
|
|t:|1757107059
|move|p2a: Arcanine|Rock Slide|p1b: Gholdengo|[spread] p1a,p1b
|-supereffective|p1a: Incineroar
|-resisted|p1b: Gholdengo
|-damage|p1a: Incineroar|53/100
|-damage|p1b: Gholdengo|62/100
|move|p2b: Rillaboom|Drum Beating|p1a: Incineroar
|-resisted|p1a: Incineroar
|-damage|p1a: Incineroar|29/100
|-unboost|p1a: Incineroar|spe|1
|cant|p1b: Gholdengo|flinch
|move|p1a: Incineroar|Flare Blitz|p2b: Rillaboom
|-supereffective|p2b: Rillaboom
|-damage|p2b: Rillaboom|11/100
|-damage|p1a: Incineroar|17/100|[from] Recoil
|
|-weather|Snowscape|[upkeep]
|-heal|p2a: Arcanine|50/100|[from] Grassy Terrain
|-heal|p2b: Rillaboom|17/100|[from] Grassy Terrain
|-heal|p1b: Gholdengo|68/100|[from] Grassy Terrain
|-heal|p1a: Incineroar|23/100|[from] Grassy Terrain
|-fieldend|move: Grassy Terrain
|upkeep
|turn|6
|
|t:|1757107073
|move|p2a: Arcanine|Rock Slide|p1b: Gholdengo|[spread] p1a,p1b
|-supereffective|p1a: Incineroar
|-resisted|p1b: Gholdengo
|-crit|p1b: Gholdengo
|-damage|p1a: Incineroar|0 fnt
|-damage|p1b: Gholdengo|47/100
|faint|p1a: Incineroar
|move|p2b: Rillaboom|High Horsepower|p1b: Gholdengo
|-supereffective|p1b: Gholdengo
|-damage|p1b: Gholdengo|0 fnt
|faint|p1b: Gholdengo
|
|-weather|Snowscape|[upkeep]
|upkeep
|
|t:|1757107077
|switch|p1b: Ursaluna|Ursaluna-Bloodmoon, L50, M, tera:Normal|50/100
|switch|p1a: Dragonite|Dragonite, L50, F|100/100
|turn|7
|
|t:|1757107090
|move|p2a: Arcanine|Rock Slide|p1b: Ursaluna|[spread] p1a,p1b
|-supereffective|p1a: Dragonite
|-damage|p1a: Dragonite|70/100
|-damage|p1b: Ursaluna|26/100
|move|p2b: Rillaboom|Drum Beating|p1b: Ursaluna
|-damage|p1b: Ursaluna|0 fnt
|faint|p1b: Ursaluna
|cant|p1a: Dragonite|flinch
|
|-weather|none
|upkeep
|turn|8
|
|t:|1757107102
|move|p2a: Arcanine|Rock Slide|p1a: Dragonite
|-supereffective|p1a: Dragonite
|-damage|p1a: Dragonite|0 fnt
|faint|p1a: Dragonite
|
|win|The median voter
||Bread2468 is ready for game 2.
||The median voter is ready for game 2.
|uhtml|next|Next: Game 2 of 3
|l| teamthief420
|l|☆The median voter
|player|p2|
|n|☆Bread2468|bread2468
