|j|☆jANMxRin
|j|☆Cosentino
|html|jANMxRinCosentino    
|uhtml|bestof|Game 3 of a best-of-3
|t:|1756944157
|gametype|doubles
|player|p1|jANMxRin|acerola-masters|1139
|player|p2|Cosentino|clown|1188
|gen|9
|tier|[Gen 9] VGC 2025 Reg H (Bo3)
|rated|
|rule|Species Clause: Limit one of each Pokémon
|rule|Item Clause: Limit 1 of each item
|clearpoke
|poke|p1|Corviknight, L50, M|
|poke|p1|Tyranitar, L50, F|
|poke|p1|Garchomp, L50, F|
|poke|p1|Annihilape, L50, F|
|poke|p1|Indeedee-F, L50, F|
|poke|p1|Armarouge, L50, M|
|poke|p2|Baxcalibur, L50, M|
|poke|p2|Kingambit, L50, F|
|poke|p2|Sneasler, L50, M|
|poke|p2|Farigiraf, L50, F|
|poke|p2|Ursaluna-Bloodmoon, L50, M|
|poke|p2|Rillaboom, L50, F|
|teampreview|4
|showteam|p1|Corviknight||Leftovers|MirrorArmor|BraveBird,BulkUp,Roost,Tailwind|||M|||50|,,,,,Dragon]Tyranitar||AssaultVest|SandStream|RockSlide,KnockOff,LowKick,TeraBlast|||F|||50|,,,,,Flying]Garchomp||LifeOrb|RoughSkin|Protect,DragonClaw,StompingTantrum,Earthquake|||F|||50|,,,,,Ground]Annihilape||SafetyGoggles|Defiant|CloseCombat,FinalGambit,RageFist,Taunt|||F|||50|,,,,,Water]Indeedee-F||FocusSash|PsychicSurge|FollowMe,HelpingHand,DazzlingGleam,Protect|||F|||50|,,,,,Fairy]Armarouge||SitrusBerry|FlashFire|ExpandingForce,HeatWave,ArmorCannon,Protect|||M|||50|,,,,,Grass
|showteam|p2|Baxcalibur||LoadedDice|ThermalExchange|Protect,IcicleSpear,ScaleShot,DragonTail|||M|||50|,,,,,Water]Kingambit||LifeOrb|Defiant|Protect,KowtowCleave,IronHead,SuckerPunch|||F|||50|,,,,,Dark]Sneasler||FocusSash|PoisonTouch|FakeOut,Coaching,CloseCombat,DireClaw|||M|||50|,,,,,Ghost]Farigiraf||SitrusBerry|ArmorTail|Psychic,HelpingHand,TrickRoom,HyperVoice|||F|||50|,,,,,Fire]Ursaluna-Bloodmoon||SilkScarf|MindsEye|EarthPower,BloodMoon,HyperVoice,Protect|||M|||50|,,,,,Ghost]Rillaboom||AssaultVest|GrassySurge|KnockOff,GrassyGlide,WoodHammer,FakeOut|||F|||50|,,,,,Fire
|
|t:|1756944205
|teamsize|p1|4
|teamsize|p2|4
|start
|switch|p1a: Indeedee|Indeedee-F, L50, F, shiny|100/100
|switch|p1b: Annihilape|Annihilape, L50, F|100/100
|switch|p2a: Farigiraf|Farigiraf, L50, F|100/100
|switch|p2b: Sneasler|Sneasler, L50, M|100/100
|-fieldstart|move: Psychic Terrain|[from] ability: Psychic Surge|[of] p1a: Indeedee
|turn|1
|
|t:|1756944225
|switch|p1b: Tyranitar|Tyranitar, L50, F|100/100
|-weather|Sandstorm|[from] ability: Sand Stream|[of] p1b: Tyranitar
|switch|p2a: Ursaluna|Ursaluna-Bloodmoon, L50, M|100/100
|move|p2b: Sneasler|Close Combat|p1a: Indeedee
|-crit|p1a: Indeedee
|-damage|p1a: Indeedee|8/100
|-unboost|p2b: Sneasler|def|1
|-unboost|p2b: Sneasler|spd|1
|move|p1a: Indeedee|Dazzling Gleam|p2a: Ursaluna|[spread] p2a,p2b
|-damage|p2a: Ursaluna|86/100
|-damage|p2b: Sneasler|74/100
|
|-weather|Sandstorm|[upkeep]
|-damage|p2b: Sneasler|68/100|[from] Sandstorm
|-damage|p1a: Indeedee|2/100|[from] Sandstorm
|upkeep
|turn|2
|
|t:|1756944311
|move|p1a: Indeedee|Helping Hand|p1b: Tyranitar
|-singleturn|p1b: Tyranitar|Helping Hand|[of] p1a: Indeedee
|move|p2a: Ursaluna|Protect|p2a: Ursaluna
|-singleturn|p2a: Ursaluna|Protect
|move|p2b: Sneasler|Dire Claw|p1b: Tyranitar
|-resisted|p1b: Tyranitar
|-damage|p1b: Tyranitar|84/100
|move|p1b: Tyranitar|Low Kick|p2b: Sneasler
|-resisted|p2b: Sneasler
|-damage|p2b: Sneasler|23/100
|
|-weather|Sandstorm|[upkeep]
|-damage|p2b: Sneasler|17/100|[from] Sandstorm
|-damage|p1a: Indeedee|0 fnt|[from] Sandstorm
|faint|p1a: Indeedee
|upkeep
|
|t:|1756944327
|switch|p1a: Garchomp|Garchomp, L50, F|100/100
|turn|3
|
|t:|1756944379
|-terastallize|p1b: Tyranitar|Flying
|move|p2b: Sneasler|Close Combat|p1b: Tyranitar
|-resisted|p1b: Tyranitar
|-damage|p1b: Tyranitar|58/100
|-unboost|p2b: Sneasler|def|1
|-unboost|p2b: Sneasler|spd|1
|move|p1a: Garchomp|Earthquake|p2b: Sneasler|[spread] p2a,p2b
|-immune|p1b: Tyranitar
|-supereffective|p2b: Sneasler
|-damage|p2a: Ursaluna|52/100
|-damage|p2b: Sneasler|0 fnt
|faint|p2b: Sneasler
|-damage|p1a: Garchomp|91/100|[from] item: Life Orb
|move|p1b: Tyranitar|Knock Off|p2a: Ursaluna
|-damage|p2a: Ursaluna|14/100
|-enditem|p2a: Ursaluna|Silk Scarf|[from] move: Knock Off|[of] p1b: Tyranitar
|move|p2a: Ursaluna|Blood Moon|p1a: Garchomp
|-damage|p1a: Garchomp|0 fnt
|faint|p1a: Garchomp
|
|-weather|Sandstorm|[upkeep]
|-damage|p1b: Tyranitar|52/100|[from] Sandstorm
|upkeep
|
|t:|1756944400
|switch|p2b: Kingambit|Kingambit, L50, F|100/100
|switch|p1a: Annihilape|Annihilape, L50, F|100/100
|turn|4
|
|t:|1756944423
|-terastallize|p2b: Kingambit|Dark
|move|p2b: Kingambit|Sucker Punch|p1b: Tyranitar
|-hint|Psychic Terrain doesn't affect Pokémon immune to Ground.
|-damage|p1b: Tyranitar|0 fnt
|faint|p1b: Tyranitar
|-damage|p2b: Kingambit|91/100|[from] item: Life Orb
|move|p1a: Annihilape|Taunt|p2a: Ursaluna
|-start|p2a: Ursaluna|move: Taunt
|move|p2a: Ursaluna|Hyper Voice|p1a: Annihilape
|-damage|p1a: Annihilape|56/100
|
|-weather|Sandstorm|[upkeep]
|-damage|p2b: Kingambit|85/100|[from] Sandstorm
|upkeep
|turn|5
|
|t:|1756944451
|move|p1a: Annihilape|Close Combat|p2b: Kingambit
|-supereffective|p2b: Kingambit
|-damage|p2b: Kingambit|17/100
|-unboost|p1a: Annihilape|def|1
|-unboost|p1a: Annihilape|spd|1
|move|p2a: Ursaluna|Blood Moon|p1a: Annihilape
|-crit|p1a: Annihilape
|-damage|p1a: Annihilape|0 fnt
|faint|p1a: Annihilape
|
|win|Cosentino
|raw|jANMxRin's rating: 1139 → 1118(-21 for losing)
|raw|Cosentino's rating: 1188 → 1209(+21 for winning)
