|j|‚òÜuglybeast
|j|‚òÜCavaliereIsSoPeak
|html|uglybeastCavaliereIsSoPeak    
|uhtml|bestof|Game 1 of a best-of-3
|t:|1756803626
|gametype|doubles
|player|p1|uglybeast|lucas|1359
|player|p2|CavaliereIsSoPeak|gambler|1356
|gen|9
|tier|[Gen 9] VGC 2025 Reg H (Bo3)
|rated|
|rule|Species Clause: Limit one of each Pok√©mon
|rule|Item Clause: Limit 1 of each item
|clearpoke
|poke|p1|Murkrow, L50, M|
|poke|p1|Ursaluna-Bloodmoon, L50, M|
|poke|p1|Sneasler, L50, F|
|poke|p1|Dragapult, L50, F|
|poke|p1|Armarouge, L50, M|
|poke|p1|Indeedee-F, L50, F|
|poke|p2|Volcarona, L50, M|
|poke|p2|Gholdengo, L50|
|poke|p2|Sneasler, L50, F|
|poke|p2|Dragonite, L50, M|
|poke|p2|Ursaluna-Bloodmoon, L50, M|
|poke|p2|Whimsicott, L50, F|
|teampreview|4
|showteam|p1|Murkrow||Eviolite|Prankster|Haze,SunnyDay,Tailwind,BraveBird|||M|||50|,,,,,Ghost]Ursaluna-Bloodmoon||LifeOrb|MindsEye|BloodMoon,HyperVoice,Protect,EarthPower|||M|||50|,,,,,Normal]Sneasler||PsychicSeed|Unburden|ThroatChop,DireClaw,CloseCombat,Protect|||F|||50|,,,,,Dark]Dragapult||ChoiceBand|ClearBody|DragonDarts,Outrage,Uturn,PhantomForce|||F|||50|,,,,,Dragon]Armarouge||PowerHerb|FlashFire|HeatWave,MeteorBeam,ExpandingForce,Protect|||M|||50|,,,,,Grass]Indeedee-F||RockyHelmet|PsychicSurge|DazzlingGleam,FollowMe,HelpingHand,TrickRoom|||F|||50|,,,,,Grass
|showteam|p2|Volcarona||SitrusBerry|FlameBody|HeatWave,TeraBlast,QuiverDance,Protect|||M|||50|,,,,,Fairy]Gholdengo||ChoiceSpecs|GoodasGold|MakeItRain,ShadowBall,PowerGem,Trick||||||50|,,,,,Steel]Sneasler||FocusSash|Unburden|DireClaw,CloseCombat,ThroatChop,Protect|||F|||50|,,,,,Dark]Dragonite||LoadedDice|Multiscale|ScaleShot,ExtremeSpeed,Haze,Protect|||M|||50|,,,,,Steel]Ursaluna-Bloodmoon||LifeOrb|MindsEye|BloodMoon,HyperVoice,EarthPower,Protect|||M|||50|,,,,,Normal]Whimsicott||CovertCloak|Prankster|Moonblast,Tailwind,Encore,SunnyDay|||F|||50|,,,,,Poison
|inactive|Battle timer is ON: inactive players will automatically lose when time's up. (requested by uglybeast)
|
|t:|1756803691
|teamsize|p1|4
|teamsize|p2|4
|start
|switch|p1a: Kwstas|Murkrow, L50, M|100/100
|switch|p1b: Giandam|Armarouge, L50, M|100/100
|switch|p2a: ShƒÅhmat|Ursaluna-Bloodmoon, L50, M|100/100
|switch|p2b: ƒÄureo|Gholdengo, L50|100/100
|turn|1
|inactive|uglybeast has 30 seconds left.
|inactive|CavaliereIsSoPeak has 30 seconds left.
|inactive|CavaliereIsSoPeak has 20 seconds left.
|
|t:|1756803728
|-terastallize|p1b: Giandam|Grass
|move|p1a: Kwstas|Tailwind|p1a: Kwstas
|-sidestart|p1: uglybeast|move: Tailwind
|move|p1b: Giandam|Heat Wave|p2b: ƒÄureo|[spread] p2a
|-miss|p1b: Giandam|p2b: ƒÄureo
|-damage|p2a: ShƒÅhmat|56/100
|move|p2b: ƒÄureo|Shadow Ball|p1b: Giandam
|-damage|p1b: Giandam|20/100
|move|p2a: ShƒÅhmat|Blood Moon|p1a: Kwstas
|-damage|p1a: Kwstas|0 fnt
|faint|p1a: Kwstas
|-damage|p2a: ShƒÅhmat|46/100|[from] item: Life Orb
|
|upkeep
|inactive|uglybeast has 30 seconds left.
|
|t:|1756803756
|switch|p1a: Anagnoman|Sneasler, L50, F|100/100
|turn|2
|
|t:|1756803767
|switch|p2b: Mary|Whimsicott, L50, F|100/100
|move|p2a: ShƒÅhmat|Protect|p2a: ShƒÅhmat
|-singleturn|p2a: ShƒÅhmat|Protect
|move|p1a: Anagnoman|Close Combat|p2a: ShƒÅhmat
|-activate|p2a: ShƒÅhmat|move: Protect
|move|p1b: Giandam|Heat Wave|p2b: Mary|[spread] p2b
|-activate|p2a: ShƒÅhmat|move: Protect
|-supereffective|p2b: Mary
|-damage|p2b: Mary|7/100
|
|upkeep
|turn|3
|inactive|uglybeast has 30 seconds left.
|
|t:|1756803798
|move|p2b: Mary|Tailwind|p2b: Mary
|-sidestart|p2: CavaliereIsSoPeak|move: Tailwind
|move|p1a: Anagnoman|Dire Claw|p2b: Mary
|-supereffective|p2b: Mary
|-damage|p2b: Mary|0 fnt
|faint|p2b: Mary
|move|p1b: Giandam|Meteor Beam||[still]
|-prepare|p1b: Giandam|Meteor Beam
|-boost|p1b: Giandam|spa|1
|-enditem|p1b: Giandam|Power Herb
|-anim|p1b: Giandam|Meteor Beam|p2a: ShƒÅhmat
|-resisted|p2a: ShƒÅhmat
|-damage|p2a: ShƒÅhmat|10/100
|move|p2a: ShƒÅhmat|Hyper Voice|p1b: Giandam|[spread] p1a,p1b
|-crit|p1a: Anagnoman
|-damage|p1a: Anagnoman|2/100
|-damage|p1b: Giandam|0 fnt
|faint|p1b: Giandam
|-damage|p2a: ShƒÅhmat|0 fnt|[from] item: Life Orb
|faint|p2a: ShƒÅhmat
|
|upkeep
|
|t:|1756803811
|switch|p2b: ƒÄureo|Gholdengo, L50|100/100
|switch|p1b: Blade|Indeedee-F, L50, F|100/100
|switch|p2a: D'oro|Sneasler, L50, F|100/100
|-fieldstart|move: Psychic Terrain|[from] ability: Psychic Surge|[of] p1b: Blade
|-enditem|p1a: Anagnoman|Psychic Seed
|-boost|p1a: Anagnoman|spd|1|[from] item: Psychic Seed
|turn|4
|
|t:|1756803827
|-terastallize|p2a: D'oro|Dark
|move|p1a: Anagnoman|Protect|p1a: Anagnoman
|-singleturn|p1a: Anagnoman|Protect
|move|p2a: D'oro|Throat Chop|p1b: Blade
|-supereffective|p1b: Blade
|-damage|p1b: Blade|9/100
|-start|p1b: Blade|Throat Chop|[silent]
|-damage|p2a: D'oro|84/100|[from] item: Rocky Helmet|[of] p1b: Blade
|move|p2b: ƒÄureo|Make It Rain|p1a: Anagnoman|[spread] p1b
|-activate|p1a: Anagnoman|move: Protect
|-damage|p1b: Blade|0 fnt
|-unboost|p2b: ƒÄureo|spa|1
|faint|p1b: Blade
|
|-sideend|p1: uglybeast|move: Tailwind
|upkeep
|turn|5
|
|t:|1756803840
|move|p1a: Anagnoman|Throat Chop|p2b: ƒÄureo
|-supereffective|p2b: ƒÄureo
|-damage|p2b: ƒÄureo|34/100
|-start|p2b: ƒÄureo|Throat Chop|[silent]
|move|p2a: D'oro|Dire Claw|p1a: Anagnoman
|-resisted|p1a: Anagnoman
|-damage|p1a: Anagnoman|0 fnt
|faint|p1a: Anagnoman
|
|win|CavaliereIsSoPeak
||uglybeast is ready for game 2.
||CavaliereIsSoPeak is ready for game 2.
|uhtml|next|Next: Game 2 of 3
|l|‚òÜCavaliereIsSoPeak
|player|p2|
