|j|☆joseanfox
|j|☆Creepalvaro
|html|joseanfoxCreepalvaro    
|uhtml|bestof|Game 2 of a best-of-3
|t:|1782265975
|gametype|doubles
|player|p1|joseanfox|dawn|1071
|player|p2|Creepalvaro|266|1000
|gen|9
|tier|[Gen 9 Champions] VGC 2026 Reg M-B (Bo3)
|rated|
|rule|Species Clause: Limit one of each Pokémon
|rule|Item Clause: Limit 1 of each item
|clearpoke
|poke|p1|Staraptor, L50, F|
|poke|p1|Sinistcha, L50|
|poke|p1|Archaludon, L50, M|
|poke|p1|Raichu, L50, F|
|poke|p1|Pelipper, L50, M|
|poke|p1|Grimmsnarl, L50, M|
|poke|p2|Tyranitar, L50, M|
|poke|p2|Rotom-Wash, L50|
|poke|p2|Staraptor, L50, F|
|poke|p2|Whimsicott, L50, F|
|poke|p2|Delphox, L50, F|
|poke|p2|Excadrill, L50, F|
|teampreview|4
|showteam|p1|Staraptor||Staraptite|Intimidate|CloseCombat,Roost,Protect,BraveBird|Adamant||F|||50|]Sinistcha||FocusSash|Hospitality|MatchaGotcha,ShadowBall,RagePowder,StrengthSap|Modest|||||50|]Archaludon||QuickClaw|Sturdy|AuraSphere,ElectroShot,FlashCannon,DracoMeteor|Timid||M|||50|]Raichu||RaichuniteX|LightningRod|FakeOut,BrickBreak,VoltTackle,VoltSwitch|Jolly||F|||50|]Pelipper||DampRock|Drizzle|WeatherBall,WideGuard,Hurricane,Tailwind|Serious||M|||50|]Grimmsnarl||LightClay|Prankster|LightScreen,Reflect,PartingShot,SpiritBreak|Relaxed||M|||50|
|showteam|p2|Tyranitar||ChopleBerry|SandStream|RockSlide,KnockOff,Protect,Avalanche|Adamant||M|||50|]Rotom-Wash||SitrusBerry|Levitate|HydroPump,WillOWisp,Thunderbolt,Protect|Modest|||||50|]Staraptor||Staraptite|Intimidate|BraveBird,CloseCombat,Protect,Roost|Adamant||F|||50|]Whimsicott||FairyFeather|Prankster|Tailwind,Moonblast,Encore,Protect|Timid||F|||50|]Delphox||Delphoxite|Blaze|BurningJealousy,Psychic,Protect,Charm|Timid||F|||50|]Excadrill||FocusSash|SandRush|IronHead,Protect,RockSlide,Earthquake|Adamant||F|||50|
|
|t:|1782266001
|teamsize|p1|4
|teamsize|p2|4
|start
|switch|p1a: Mate|Sinistcha, L50|100/100
|switch|p1b: Persida|Raichu, L50, F|100/100
|switch|p2a: Tyranitar|Tyranitar, L50, M|100/100
|switch|p2b: Rotom|Rotom-Wash, L50|100/100
|-weather|Sandstorm|[from] ability: Sand Stream|[of] p2a: Tyranitar
|turn|1
|
|t:|1782266034
|detailschange|p1b: Persida|Raichu-Mega-X, L50, F
|-mega|p1b: Persida|Raichu|Raichunite X
|-fieldstart|move: Electric Terrain|[from] ability: Electric Surge|[of] p1b: Persida
|move|p1b: Persida|Brick Break|p2a: Tyranitar
|-supereffective|p2a: Tyranitar|2
|-enditem|p2a: Tyranitar|Chople Berry|[eat]
|-enditem|p2a: Tyranitar|Chople Berry|[weaken]
|-damage|p2a: Tyranitar|54/100
|move|p2b: Rotom|Will-O-Wisp|p1b: Persida|[miss]
|-miss|p2b: Rotom|p1b: Persida
|move|p1a: Mate|Matcha Gotcha|p2a: Tyranitar|[spread] p2a,p2b
|-supereffective|p2a: Tyranitar|1
|-supereffective|p2b: Rotom|1
|-damage|p2a: Tyranitar|25/100
|-damage|p2b: Rotom|24/100
|-status|p2b: Rotom|brn
|-enditem|p2b: Rotom|Sitrus Berry|[eat]
|-heal|p2b: Rotom|48/100 brn|[from] item: Sitrus Berry
|move|p2a: Tyranitar|Knock Off|p1a: Mate
|-supereffective|p1a: Mate|1
|-enditem|p1a: Mate|Focus Sash
|-damage|p1a: Mate|1/100
|
|-weather|Sandstorm|[upkeep]
|-damage|p1b: Persida|94/100|[from] Sandstorm
|-damage|p2b: Rotom|43/100 brn|[from] Sandstorm
|-damage|p1a: Mate|0 fnt|[from] Sandstorm
|faint|p1a: Mate
|-damage|p2b: Rotom|37/100 brn|[from] brn
|upkeep
|
|t:|1782266065
|switch|p1a: Veil|Pelipper, L50, M|100/100
|-weather|RainDance|[from] ability: Drizzle|[of] p1a: Veil
|turn|2
|
|t:|1782266082
|switch|p1a: Salchipapa|Archaludon, L50, M|100/100
|move|p2a: Tyranitar|Protect|p2a: Tyranitar
|-singleturn|p2a: Tyranitar|Protect
|move|p1b: Persida|Volt Tackle|p2a: Tyranitar
|-activate|p2a: Tyranitar|move: Protect
|move|p2b: Rotom|Thunderbolt|p1a: Salchipapa
|-resisted|p1a: Salchipapa|1
|-damage|p1a: Salchipapa|65/100
|
|-weather|RainDance|[upkeep]
|-damage|p2b: Rotom|32/100 brn|[from] brn
|upkeep
|turn|3
|
|t:|1782266111
|switch|p2a: Excadrill|Excadrill, L50, F|100/100
|move|p1b: Persida|Volt Tackle|p2a: Excadrill
|-immune|p2a: Excadrill
|move|p1a: Salchipapa|Electro Shot||[still]
|-prepare|p1a: Salchipapa|Electro Shot
|-boost|p1a: Salchipapa|spa|1
|-anim|p1a: Salchipapa|Electro Shot|p2b: Rotom
|-damage|p2b: Rotom|0 fnt
|faint|p2b: Rotom
|
|-weather|RainDance|[upkeep]
|upkeep
|
|t:|1782266127
|switch|p2b: Tyranitar|Tyranitar, L50, M|25/100
|-weather|Sandstorm|[from] ability: Sand Stream|[of] p2b: Tyranitar
|turn|4
|
|t:|1782266148
|switch|p1b: Veil|Pelipper, L50, M|100/100
|-weather|RainDance|[from] ability: Drizzle|[of] p1b: Veil
|move|p2b: Tyranitar|Protect|p2b: Tyranitar
|-singleturn|p2b: Tyranitar|Protect
|move|p1a: Salchipapa|Aura Sphere|p2a: Excadrill
|-supereffective|p2a: Excadrill|1
|-enditem|p2a: Excadrill|Focus Sash
|-damage|p2a: Excadrill|1/100
|move|p2a: Excadrill|Earthquake|p1a: Salchipapa|[spread] p1a
|-activate|p2b: Tyranitar|move: Protect
|-immune|p1b: Veil
|-supereffective|p1a: Salchipapa|1
|-damage|p1a: Salchipapa|0 fnt
|faint|p1a: Salchipapa
|
|-weather|RainDance|[upkeep]
|upkeep
|
|t:|1782266169
|switch|p1a: Persida|Raichu-Mega-X, L50, F|94/100
|turn|5
|
|t:|1782266193
|move|p2a: Excadrill|Protect|p2a: Excadrill
|-singleturn|p2a: Excadrill|Protect
|move|p2b: Tyranitar|Protect||[still]
|-fail|p2b: Tyranitar
|move|p1a: Persida|Fake Out|p2a: Excadrill
|-activate|p2a: Excadrill|move: Protect
|move|p1b: Veil|Weather Ball|p2b: Tyranitar
|-supereffective|p2b: Tyranitar|1
|-damage|p2b: Tyranitar|0 fnt
|faint|p2b: Tyranitar
|
|-weather|RainDance|[upkeep]
|-fieldend|move: Electric Terrain
|upkeep
|
|t:|1782266203
|switch|p2b: Delphox|Delphox, L50, F|100/100
|turn|6
|
|t:|1782266244
|detailschange|p2b: Delphox|Delphox-Mega, L50, F
|-mega|p2b: Delphox|Delphox|Delphoxite
|move|p2b: Delphox|Psychic|p1b: Veil
|-damage|p1b: Veil|28/100
|move|p1a: Persida|Volt Tackle|p2b: Delphox
|-damage|p2b: Delphox|0 fnt
|faint|p2b: Delphox
|-damage|p1a: Persida|57/100|[from] Recoil
|move|p2a: Excadrill|Earthquake|p1a: Persida|[spread] p1a
|-immune|p1b: Veil
|-supereffective|p1a: Persida|1
|-damage|p1a: Persida|0 fnt
|faint|p1a: Persida
|move|p1b: Veil|Tailwind|p1b: Veil
|-sidestart|p1: joseanfox|move: Tailwind
|
|-weather|RainDance|[upkeep]
|upkeep
|turn|7
|
|t:|1782266264
|move|p1b: Veil|Weather Ball|p2a: Excadrill
|-supereffective|p2a: Excadrill|1
|-damage|p2a: Excadrill|0 fnt
|faint|p2a: Excadrill
|
|win|joseanfox
||Creepalvaro is ready for game 3.
