|j|☆ivanmrtnnez
|j|☆gundot
|html|ivanmrtnnezgundot    
|uhtml|bestof|Game 2 of a best-of-3
|t:|1782750132
|gametype|doubles
|player|p1|ivanmrtnnez|alder|1135
|player|p2|gundot|ethan-gen2|1127
|gen|9
|tier|[Gen 9 Champions] VGC 2026 Reg M-B (Bo3)
|rated|
|rule|Species Clause: Limit one of each Pokémon
|rule|Item Clause: Limit 1 of each item
|clearpoke
|poke|p1|Charizard, L50, M|
|poke|p1|Aerodactyl, L50, F|
|poke|p1|Farigiraf, L50, M|
|poke|p1|Kingambit, L50, M|
|poke|p1|Garchomp, L50, F|
|poke|p1|Sylveon, L50, F|
|poke|p2|Charizard, L50, M, shiny|
|poke|p2|Whimsicott, L50, F, shiny|
|poke|p2|Floette-Eternal, L50, F|
|poke|p2|Garchomp, L50, M|
|poke|p2|Kingambit, L50, M|
|poke|p2|Basculegion, L50, M|
|teampreview|4
|showteam|p1|Charizard||CharizarditeY|Blaze|WeatherBall,HeatWave,SolarBeam,Protect|Modest||M|||50|]Aerodactyl||Aerodactylite|Pressure|RockSlide,DualWingbeat,Tailwind,IceFang|Jolly||F|||50|]Farigiraf||SitrusBerry|ArmorTail|TrickRoom,TwinBeam,Roar,EnergyBall|Bold||M|||50|]Kingambit||FocusSash|Defiant|SuckerPunch,KowtowCleave,IronHead,LowKick|Adamant||M|||50|]Garchomp||LifeOrb|RoughSkin|DragonClaw,Earthquake,StompingTantrum,Protect|Jolly||F|||50|]Sylveon||FairyFeather|Pixilate|Detect,HyperVoice,QuickAttack,HyperBeam|Modest||F|||50|
|showteam|p2|Charizard||CharizarditeY|SolarPower|HeatWave,WeatherBall,SolarBeam,Protect|Modest||M|||50|]Whimsicott||FocusSash|Prankster|Moonblast,Tailwind,Encore,Protect|Timid||F|||50|]Floette-Eternal||Floettite|FlowerVeil|Moonblast,DazzlingGleam,LightofRuin,Protect|Timid||F|||50|]Garchomp||SitrusBerry|RoughSkin|Earthquake,DragonClaw,RockSlide,Protect|Jolly||M|||50|]Kingambit||BlackGlasses|Defiant|KowtowCleave,SuckerPunch,IronHead,Protect|Adamant||M|||50|]Basculegion||MysticWater|Adaptability|WaveCrash,AquaJet,LastRespects,Protect|Adamant||M|||50|
|inactive|Battle timer is ON: inactive players will automatically lose when time's up. (requested by gundot)
|inactive|gundot has 60 seconds left.
|
|t:|1782750177
|teamsize|p1|4
|teamsize|p2|4
|start
|switch|p1a: Aerodactyl|Aerodactyl, L50, F|100/100
|switch|p1b: Kingambit|Kingambit, L50, M|100/100
|switch|p2a: Floette|Floette-Eternal, L50, F|100/100
|switch|p2b: Whimsicott|Whimsicott, L50, F, shiny|100/100
|-ability|p1a: Aerodactyl|Pressure
|turn|1
|
|t:|1782750198
|detailschange|p1a: Aerodactyl|Aerodactyl-Mega, L50, F
|-mega|p1a: Aerodactyl|Aerodactyl|Aerodactylite
|detailschange|p2a: Floette|Floette-Mega, L50, F
|-mega|p2a: Floette|Floette|Floettite
|-ability|p2a: Floette|Fairy Aura
|move|p2b: Whimsicott|Tailwind|p2b: Whimsicott
|-sidestart|p2: gundot|move: Tailwind
|move|p2a: Floette|Light of Ruin|p1a: Aerodactyl|[miss]
|-miss|p2a: Floette|p1a: Aerodactyl
|move|p1a: Aerodactyl|Tailwind|p1a: Aerodactyl
|-sidestart|p1: ivanmrtnnez|move: Tailwind
|move|p1b: Kingambit|Iron Head|p2a: Floette
|-supereffective|p2a: Floette|1
|-damage|p2a: Floette|0 fnt
|faint|p2a: Floette
|
|upkeep
|
|t:|1782750215
|switch|p2a: Garchomp|Garchomp, L50, M|100/100
|turn|2
|
|t:|1782750228
|move|p2b: Whimsicott|Encore|p1a: Aerodactyl
|-start|p1a: Aerodactyl|Encore
|move|p1a: Aerodactyl|Tailwind||[still]
|-fail|p1a: Aerodactyl
|move|p2a: Garchomp|Dragon Claw|p1a: Aerodactyl
|-damage|p1a: Aerodactyl|55/100
|move|p1b: Kingambit|Iron Head|p2b: Whimsicott
|-supereffective|p2b: Whimsicott|1
|-enditem|p2b: Whimsicott|Focus Sash
|-damage|p2b: Whimsicott|1/100
|
|upkeep
|turn|3
|
|t:|1782750246
|switch|p1a: Sylveon|Sylveon, L50, F|100/100
|move|p1b: Kingambit|Sucker Punch|p2a: Garchomp
|-damage|p2a: Garchomp|60/100
|-damage|p1b: Kingambit|87/100|[from] ability: Rough Skin|[of] p2a: Garchomp
|move|p2b: Whimsicott|Moonblast|p1b: Kingambit
|-damage|p1b: Kingambit|46/100
|move|p2a: Garchomp|Earthquake|p1b: Kingambit|[spread] p2b,p1a,p1b
|-resisted|p2b: Whimsicott|1
|-supereffective|p1b: Kingambit|1
|-damage|p2b: Whimsicott|0 fnt
|-damage|p1a: Sylveon|59/100
|-damage|p1b: Kingambit|0 fnt
|faint|p2b: Whimsicott
|faint|p1b: Kingambit
|
|upkeep
|
|t:|1782750259
|switch|p2b: Basculegion|Basculegion, L50, M|100/100
|switch|p1b: Garchomp|Garchomp, L50, F|100/100
|turn|4
|
|t:|1782750275
|move|p1b: Garchomp|Protect|p1b: Garchomp
|-singleturn|p1b: Garchomp|Protect
|move|p2a: Garchomp|Dragon Claw|p1b: Garchomp
|-activate|p1b: Garchomp|move: Protect
|move|p2b: Basculegion|Last Respects|p1a: Sylveon
|-damage|p1a: Sylveon|0 fnt
|faint|p1a: Sylveon
|
|-sideend|p1: ivanmrtnnez|move: Tailwind
|-sideend|p2: gundot|move: Tailwind
|upkeep
|
|t:|1782750285
|switch|p1a: Aerodactyl|Aerodactyl-Mega, L50, F|55/100
|turn|5
|
|t:|1782750297
|move|p2a: Garchomp|Protect|p2a: Garchomp
|-singleturn|p2a: Garchomp|Protect
|move|p1a: Aerodactyl|Ice Fang|p2a: Garchomp
|-activate|p2a: Garchomp|move: Protect
|move|p1b: Garchomp|Dragon Claw|p2b: Basculegion
|-damage|p2b: Basculegion|41/100
|-damage|p1b: Garchomp|90/100|[from] item: Life Orb
|move|p2b: Basculegion|Wave Crash|p1a: Aerodactyl
|-supereffective|p1a: Aerodactyl|1
|-damage|p1a: Aerodactyl|0 fnt
|faint|p1a: Aerodactyl
|-damage|p2b: Basculegion|25/100|[from] Recoil
|
|upkeep
|turn|6
|
|t:|1782750312
|move|p2a: Garchomp|Dragon Claw|p1b: Garchomp
|-supereffective|p1b: Garchomp|1
|-damage|p1b: Garchomp|28/100
|-damage|p2a: Garchomp|47/100|[from] ability: Rough Skin|[of] p1b: Garchomp
|-enditem|p2a: Garchomp|Sitrus Berry|[eat]
|-heal|p2a: Garchomp|72/100|[from] item: Sitrus Berry
|move|p1b: Garchomp|Dragon Claw|p2a: Garchomp
|-supereffective|p2a: Garchomp|1
|-damage|p2a: Garchomp|0 fnt
|-damage|p1b: Garchomp|16/100|[from] ability: Rough Skin|[of] p2a: Garchomp
|faint|p2a: Garchomp
|-damage|p1b: Garchomp|6/100|[from] item: Life Orb
|move|p2b: Basculegion|Last Respects|p1b: Garchomp
|-damage|p1b: Garchomp|0 fnt
|faint|p1b: Garchomp
|
|win|gundot
