|j|☆taj11
|j|☆koronops5
|html|taj11koronops5    
|uhtml|bestof|Game 3 of a best-of-3
|t:|1756537150
|gametype|doubles
|player|p1|taj11|wallace|1105
|player|p2|koronops5|169|1074
|gen|9
|tier|[Gen 9] VGC 2025 Reg H (Bo3)
|rated|
|rule|Species Clause: Limit one of each Pokémon
|rule|Item Clause: Limit 1 of each item
|clearpoke
|poke|p1|Volcarona, L50, F|
|poke|p1|Rillaboom, L50, M|
|poke|p1|Electabuzz, L50, F|
|poke|p1|Dragonite, L50, F|
|poke|p1|Kingambit, L50, F|
|poke|p1|Sneasler, L50, F|
|poke|p2|Charizard, L50, F|
|poke|p2|Torkoal, L50, M|
|poke|p2|Porygon2, L50|
|poke|p2|Incineroar, L50, F|
|poke|p2|Jumpluff, L50, F|
|poke|p2|Ursaluna, L50, M|
|teampreview|4
|showteam|p1|Volcarona||Leftovers|FlameBody|HeatWave,TeraBlast,QuiverDance,Protect|||F|||50|,,,,,Fairy]Rillaboom||AssaultVest|GrassySurge|WoodHammer,GrassyGlide,HighHorsepower,FakeOut|||M|||50|,,,,,Fire]Electabuzz||Eviolite|VitalSpirit|Thunderbolt,FollowMe,Taunt,Protect|||F|||50|,,,,,Ghost]Dragonite||LoadedDice|Multiscale|ScaleShot,ExtremeSpeed,Haze,Protect|||F|||50|,,,,,Steel]Kingambit||BlackGlasses|Defiant|KowtowCleave,SuckerPunch,SwordsDance,Protect|||F|||50|,,,,,Dark]Sneasler||FocusSash|Unburden|CloseCombat,DireClaw,Coaching,Protect|||F|||50|,,,,,Stellar
|showteam|p2|Charizard||ChoiceSpecs|SolarPower|HeatWave,DragonPulse,WeatherBall,AirSlash|||F|||50|,,,,,Ghost]Torkoal||EjectPack|Drought|Eruption,Overheat,HelpingHand,Protect|||M|||50|,,,,,Fire]Porygon2||Eviolite|Download|TeraBlast,IceBeam,Recover,TrickRoom||||||50|,,,,,Fighting]Incineroar||SitrusBerry|Intimidate|FlareBlitz,KnockOff,FakeOut,PartingShot|||F|||50|,,,,,Ghost]Jumpluff||CovertCloak|Chlorophyll|SleepPowder,SunnyDay,RagePowder,Tailwind|||F|||50|,,,,,Water]Ursaluna||FlameOrb|Guts|HeadlongRush,Facade,Earthquake,Protect|||M|||50|,,,,,Ghost
|inactive|Battle timer is ON: inactive players will automatically lose when time's up. (requested by koronops5)
|
|t:|1756537178
|teamsize|p1|4
|teamsize|p2|4
|start
|switch|p1a: Electabuzz|Electabuzz, L50, F|100/100
|switch|p1b: Volcarona|Volcarona, L50, F|100/100
|switch|p2a: Torkoal|Torkoal, L50, M|100/100
|switch|p2b: Porygon2|Porygon2, L50|100/100
|-ability|p2b: Porygon2|Download|boost
|-boost|p2b: Porygon2|atk|1
|-weather|SunnyDay|[from] ability: Drought|[of] p2a: Torkoal
|turn|1
|inactive|taj11 has 30 seconds left.
|
|t:|1756537204
|-terastallize|p2a: Torkoal|Fire
|move|p1a: Electabuzz|Taunt|p2b: Porygon2
|-start|p2b: Porygon2|move: Taunt
|move|p1b: Volcarona|Tera Blast|p2a: Torkoal
|-crit|p2a: Torkoal
|-damage|p2a: Torkoal|46/100
|move|p2b: Porygon2|Tera Blast|p1b: Volcarona
|-damage|p1b: Volcarona|63/100
|move|p2a: Torkoal|Overheat|p1b: Volcarona
|-damage|p1b: Volcarona|0 fnt
|-unboost|p2a: Torkoal|spa|2
|faint|p1b: Volcarona
|-enditem|p2a: Torkoal|Eject Pack
|
|t:|1756537216
|switch|p2a: Incineroar|Incineroar, L50, F|100/100
|-ability|p2a: Incineroar|Intimidate|boost
|-unboost|p1a: Electabuzz|atk|1
|
|-weather|SunnyDay|[upkeep]
|upkeep
|
|t:|1756537230
|switch|p1b: Dragonite|Dragonite, L50, F|100/100
|turn|2
|
|t:|1756537241
|switch|p2b: Ursaluna|Ursaluna, L50, M|100/100
|-terastallize|p1a: Electabuzz|Ghost
|move|p2a: Incineroar|Fake Out|p1b: Dragonite
|-damage|p1b: Dragonite|93/100
|move|p1a: Electabuzz|Follow Me|p1a: Electabuzz
|-singleturn|p1a: Electabuzz|move: Follow Me
|cant|p1b: Dragonite|flinch
|
|-weather|SunnyDay|[upkeep]
|-status|p2b: Ursaluna|brn|[from] item: Flame Orb
|upkeep
|turn|3
|
|t:|1756537255
|move|p1a: Electabuzz|Follow Me|p1a: Electabuzz
|-singleturn|p1a: Electabuzz|move: Follow Me
|move|p1b: Dragonite|Scale Shot|p2b: Ursaluna
|-damage|p2b: Ursaluna|88/100 brn
|-damage|p2b: Ursaluna|77/100 brn
|-damage|p2b: Ursaluna|66/100 brn
|-damage|p2b: Ursaluna|56/100 brn
|-damage|p2b: Ursaluna|44/100 brn
|-hitcount|p2b: Ursaluna|5
|-unboost|p1b: Dragonite|def|1
|-boost|p1b: Dragonite|spe|1
|move|p2a: Incineroar|Knock Off|p1a: Electabuzz
|-supereffective|p1a: Electabuzz
|-damage|p1a: Electabuzz|31/100
|-enditem|p1a: Electabuzz|Eviolite|[from] move: Knock Off|[of] p2a: Incineroar
|move|p2b: Ursaluna|Facade|p1a: Electabuzz
|-immune|p1a: Electabuzz
|
|-weather|SunnyDay|[upkeep]
|-damage|p2b: Ursaluna|38/100 brn|[from] brn
|upkeep
|turn|4
|inactive|taj11 has 30 seconds left.
|inactive|taj11 has 20 seconds left.
|
|t:|1756537295
|switch|p2a: Porygon2|Porygon2, L50|100/100
|-ability|p2a: Porygon2|Download|boost
|-boost|p2a: Porygon2|atk|1
|move|p1a: Electabuzz|Protect|p1a: Electabuzz
|-singleturn|p1a: Electabuzz|Protect
|move|p2b: Ursaluna|Protect|p2b: Ursaluna
|-singleturn|p2b: Ursaluna|Protect
|move|p1b: Dragonite|Scale Shot|p2b: Ursaluna
|-activate|p2b: Ursaluna|move: Protect
|
|-weather|SunnyDay|[upkeep]
|-damage|p2b: Ursaluna|32/100 brn|[from] brn
|upkeep
|turn|5
|inactive|koronops5 has 30 seconds left.
|
|t:|1756537323
|switch|p2a: Incineroar|Incineroar, L50, F|100/100
|-ability|p2a: Incineroar|Intimidate|boost
|-unboost|p1a: Electabuzz|atk|1
|-unboost|p1b: Dragonite|atk|1
|move|p1b: Dragonite|Protect|p1b: Dragonite
|-singleturn|p1b: Dragonite|Protect
|move|p1a: Electabuzz|Taunt|p2a: Incineroar
|-start|p2a: Incineroar|move: Taunt
|move|p2b: Ursaluna|Facade|p1b: Dragonite
|-activate|p1b: Dragonite|move: Protect
|
|-weather|none
|-damage|p2b: Ursaluna|26/100 brn|[from] brn
|upkeep
|turn|6
|inactive|taj11 has 30 seconds left.
|inactive|taj11 has 20 seconds left.
|inactive|taj11 has 15 seconds left.
|inactive|taj11 has 10 seconds left.
|
|t:|1756537373
|switch|p1b: Kingambit|Kingambit, L50, F|100/100
|move|p2b: Ursaluna|Protect|p2b: Ursaluna
|-singleturn|p2b: Ursaluna|Protect
|move|p1a: Electabuzz|Thunderbolt|p2a: Incineroar
|-damage|p2a: Incineroar|72/100
|-status|p2a: Incineroar|par
|move|p2a: Incineroar|Knock Off|p1b: Kingambit
|-resisted|p1b: Kingambit
|-damage|p1b: Kingambit|86/100
|-enditem|p1b: Kingambit|Black Glasses|[from] move: Knock Off|[of] p2a: Incineroar
|
|-damage|p2b: Ursaluna|20/100 brn|[from] brn
|upkeep
|turn|7
|inactive|taj11 has 30 seconds left.
|
|t:|1756537406
|switch|p2b: Porygon2|Porygon2, L50|100/100
|-ability|p2b: Porygon2|Download|boost
|-boost|p2b: Porygon2|spa|1
|move|p1a: Electabuzz|Follow Me|p1a: Electabuzz
|-singleturn|p1a: Electabuzz|move: Follow Me
|move|p1b: Kingambit|Kowtow Cleave|p2b: Porygon2
|-damage|p2b: Porygon2|69/100
|move|p2a: Incineroar|Knock Off|p1a: Electabuzz
|-supereffective|p1a: Electabuzz
|-damage|p1a: Electabuzz|0 fnt
|faint|p1a: Electabuzz
|
|-end|p2a: Incineroar|move: Taunt
|upkeep
|
|t:|1756537415
|switch|p1a: Dragonite|Dragonite, L50, F|93/100
|turn|8
|inactive|koronops5 has 30 seconds left.
|
|t:|1756537444
|move|p1a: Dragonite|Scale Shot|p2b: Porygon2
|-damage|p2b: Porygon2|59/100
|-damage|p2b: Porygon2|49/100
|-damage|p2b: Porygon2|40/100
|-damage|p2b: Porygon2|30/100
|-damage|p2b: Porygon2|20/100
|-hitcount|p2b: Porygon2|5
|-unboost|p1a: Dragonite|def|1
|-boost|p1a: Dragonite|spe|1
|move|p2b: Porygon2|Recover|p2b: Porygon2
|-heal|p2b: Porygon2|70/100
|move|p1b: Kingambit|Kowtow Cleave|p2b: Porygon2
|-crit|p2b: Porygon2
|-damage|p2b: Porygon2|23/100
|move|p2a: Incineroar|Flare Blitz|p1b: Kingambit
|-supereffective|p1b: Kingambit
|-damage|p1b: Kingambit|5/100
|-damage|p2a: Incineroar|45/100 par|[from] Recoil
|-enditem|p2a: Incineroar|Sitrus Berry|[eat]
|-heal|p2a: Incineroar|69/100 par|[from] item: Sitrus Berry
|
|upkeep
|turn|9
|inactive|taj11 has 30 seconds left.
|inactive|koronops5 has 30 seconds left.
|inactive|taj11 has 20 seconds left.
|inactive|koronops5 has 20 seconds left.
|
|t:|1756537482
|switch|p2b: Torkoal|Torkoal, L50, M, tera:Fire|46/100
|-weather|SunnyDay|[from] ability: Drought|[of] p2b: Torkoal
|move|p1b: Kingambit|Protect|p1b: Kingambit
|-singleturn|p1b: Kingambit|Protect
|move|p1a: Dragonite|Scale Shot|p2b: Torkoal
|-damage|p2b: Torkoal|35/100
|-crit|p2b: Torkoal
|-damage|p2b: Torkoal|20/100
|-damage|p2b: Torkoal|9/100
|-damage|p2b: Torkoal|0 fnt
|faint|p2b: Torkoal
|-hitcount|p2: Torkoal|4
|-unboost|p1a: Dragonite|def|1
|-boost|p1a: Dragonite|spe|1
|move|p2a: Incineroar|Knock Off|p1a: Dragonite
|-damage|p1a: Dragonite|0 fnt
|-enditem|p1a: Dragonite|Loaded Dice|[from] move: Knock Off|[of] p2a: Incineroar
|faint|p1a: Dragonite
|
|-weather|SunnyDay|[upkeep]
|upkeep
|
|t:|1756537500
|switch|p2b: Ursaluna|Ursaluna, L50, M|20/100 brn
|turn|10
|
|t:|1756537509
|move|p2b: Ursaluna|Headlong Rush|p1b: Kingambit
|-supereffective|p1b: Kingambit
|-damage|p1b: Kingambit|0 fnt
|-unboost|p2b: Ursaluna|def|1
|-unboost|p2b: Ursaluna|spd|1
|faint|p1b: Kingambit
|
|win|koronops5
|raw|taj11's rating: 1105 → 1078(-27 for losing)
|raw|koronops5's rating: 1074 → 1105(+31 for winning)
|l|☆taj11
|player|p1|
|c|☆koronops5|holy gg man
