|j|☆eriksp
|j|☆f89 DonOMarVGC
|html|erikspf89 DonOMarVGC    
|uhtml|bestof|Game 1 of a best-of-3
|t:|1783816571
|gametype|doubles
|player|p1|eriksp|cynthia-masters4|1154
|player|p2|f89 DonOMarVGC|lucas|1243
|gen|9
|tier|[Gen 9 Champions] VGC 2026 Reg M-B (Bo3)
|rated|
|rule|Species Clause: Limit one of each Pokémon
|rule|Item Clause: Limit 1 of each item
|clearpoke
|poke|p1|Floette-Eternal, L50, F|
|poke|p1|Charizard, L50, F|
|poke|p1|Whimsicott, L50, F|
|poke|p1|Garchomp, L50, F|
|poke|p1|Basculegion, L50, M|
|poke|p1|Kingambit, L50, M|
|poke|p2|Grimmsnarl, L50, M|
|poke|p2|Tsareena, L50, F|
|poke|p2|Glimmora, L50, F|
|poke|p2|Umbreon, L50, M|
|poke|p2|Charizard, L50, F|
|poke|p2|Metagross, L50|
|teampreview|4
|showteam|p1|Floette-Eternal||Floettite|FlowerVeil|Moonblast,DazzlingGleam,LightofRuin,Protect|Modest||F|||50|]Charizard||CharizarditeY|Blaze|HeatWave,WeatherBall,SolarBeam,Protect|Timid||F|||50|]Whimsicott||FocusSash|Prankster|Moonblast,Tailwind,Encore,Protect|Timid||F|||50|]Garchomp||LifeOrb|RoughSkin|DragonClaw,Earthquake,Protect,RockSlide|Jolly||F|||50|]Basculegion||MysticWater|Adaptability|WaveCrash,LastRespects,AquaJet,Protect|Adamant||M|||50|]Kingambit||ChopleBerry|Defiant|KowtowCleave,IronHead,SuckerPunch,LowKick|Adamant||M|||50|
|showteam|p2|Grimmsnarl||LightClay|Prankster|Reflect,LightScreen,SpiritBreak,PartingShot|Impish||M|||50|]Tsareena||SitrusBerry|QueenlyMajesty|TropKick,TripleAxel,HighJumpKick,KnockOff|Adamant||F|||50|]Glimmora||FocusSash|ToxicDebris|SpikyShield,EarthPower,PowerGem,SludgeBomb|Modest||F|||50|]Umbreon||Leftovers|InnerFocus|FoulPlay,Snarl,Yawn,Moonlight|Impish||M|||50|]Charizard||CharizarditeY|SolarPower|Protect,HeatWave,WeatherBall,SolarBeam|Modest||F|||50|]Metagross||Metagrossite|ClearBody|Protect,PsychicFangs,MeteorMash,BulletPunch|Adamant|||||50|
|inactive|Battle timer is ON: inactive players will automatically lose when time's up. (requested by f89 DonOMarVGC)
|
|t:|1783816619
|teamsize|p1|4
|teamsize|p2|4
|start
|switch|p1a: Whimsicott|Whimsicott, L50, F|100/100
|switch|p1b: Garchomp|Garchomp, L50, F|100/100
|switch|p2a: Grimmsnarl|Grimmsnarl, L50, M|100/100
|switch|p2b: Umbreon|Umbreon, L50, M|100/100
|turn|1
|
|t:|1783816636
|switch|p1b: Kingambit|Kingambit, L50, M|100/100
|move|p2a: Grimmsnarl|Light Screen|p2a: Grimmsnarl
|-sidestart|p2: f89 DonOMarVGC|move: Light Screen
|move|p1a: Whimsicott|Moonblast|p2b: Umbreon
|-supereffective|p2b: Umbreon|1
|-damage|p2b: Umbreon|72/100
|move|p2b: Umbreon|Foul Play|p1b: Kingambit
|-resisted|p1b: Kingambit|1
|-damage|p1b: Kingambit|78/100
|
|-heal|p2b: Umbreon|78/100|[from] item: Leftovers
|upkeep
|turn|2
|
|t:|1783816657
|move|p2a: Grimmsnarl|Reflect|p2a: Grimmsnarl
|-sidestart|p2: f89 DonOMarVGC|Reflect
|move|p1a: Whimsicott|Moonblast|p2a: Grimmsnarl
|-supereffective|p2a: Grimmsnarl|1
|-damage|p2a: Grimmsnarl|54/100
|move|p2b: Umbreon|Yawn|p1b: Kingambit
|-start|p1b: Kingambit|move: Yawn|[of] p2b: Umbreon
|move|p1b: Kingambit|Iron Head|p2a: Grimmsnarl
|-supereffective|p2a: Grimmsnarl|1
|-damage|p2a: Grimmsnarl|0 fnt
|faint|p2a: Grimmsnarl
|
|-heal|p2b: Umbreon|84/100|[from] item: Leftovers
|upkeep
|
|t:|1783816670
|switch|p2a: Charizard|Charizard, L50, F|100/100
|turn|3
|
|t:|1783816683
|detailschange|p2a: Charizard|Charizard-Mega-Y, L50, F
|-mega|p2a: Charizard|Charizard|Charizardite Y
|-weather|SunnyDay|[from] ability: Drought|[of] p2a: Charizard
|move|p1a: Whimsicott|Protect|p1a: Whimsicott
|-singleturn|p1a: Whimsicott|Protect
|move|p2a: Charizard|Heat Wave|p1b: Kingambit|[spread] p1b
|-activate|p1a: Whimsicott|move: Protect
|-supereffective|p1b: Kingambit|1
|-damage|p1b: Kingambit|0 fnt
|faint|p1b: Kingambit
|move|p2b: Umbreon|Foul Play|p1a: Whimsicott
|-activate|p1a: Whimsicott|move: Protect
|
|-weather|SunnyDay|[upkeep]
|-heal|p2b: Umbreon|90/100|[from] item: Leftovers
|upkeep
|
|t:|1783816692
|switch|p1b: Garchomp|Garchomp, L50, F|100/100
|turn|4
|
|t:|1783816700
|switch|p2a: Glimmora|Glimmora, L50, F|100/100
|move|p1a: Whimsicott|Moonblast|p2b: Umbreon
|-supereffective|p2b: Umbreon|1
|-damage|p2b: Umbreon|61/100
|move|p1b: Garchomp|Rock Slide|p2a: Glimmora|[spread] p2a,p2b
|-crit|p2a: Glimmora
|-damage|p2a: Glimmora|58/100
|-damage|p2b: Umbreon|50/100y
|-activate|p2a: Glimmora|ability: Toxic Debris
|-sidestart|p1: eriksp|move: Toxic Spikes
|-damage|p1b: Garchomp|90/100|[from] item: Life Orb
|move|p2b: Umbreon|Foul Play|p1b: Garchomp
|-damage|p1b: Garchomp|39/100
|-damage|p2b: Umbreon|37/100|[from] ability: Rough Skin|[of] p1b: Garchomp
|
|-weather|SunnyDay|[upkeep]
|-heal|p2b: Umbreon|43/100|[from] item: Leftovers
|upkeep
|turn|5
|inactive|f89 DonOMarVGC has 30 seconds left.
|
|t:|1783816730
|move|p2a: Glimmora|Spiky Shield|p2a: Glimmora
|-singleturn|p2a: Glimmora|move: Protect
|move|p1a: Whimsicott|Moonblast|p2b: Umbreon
|-supereffective|p2b: Umbreon|1
|-damage|p2b: Umbreon|9/100
|move|p1b: Garchomp|Earthquake|p2a: Glimmora|[spread] p1a,p2b
|-activate|p2a: Glimmora|move: Protect
|-resisted|p1a: Whimsicott|1
|-damage|p1a: Whimsicott|61/100
|-damage|p2b: Umbreon|0 fnt
|faint|p2b: Umbreon
|-damage|p1b: Garchomp|29/100|[from] item: Life Orb
|
|-weather|SunnyDay|[upkeep]
|upkeep
|
|t:|1783816740
|switch|p2b: Charizard|Charizard-Mega-Y, L50, F|100/100
|turn|6
|
|t:|1783816752
|move|p1a: Whimsicott|Encore|p2a: Glimmora
|-start|p2a: Glimmora|Encore
|move|p2a: Glimmora|Spiky Shield||[still]
|-fail|p2a: Glimmora
|move|p1b: Garchomp|Rock Slide|p2a: Glimmora|[spread] p2a,p2b
|-supereffective|p2b: Charizard|2
|-damage|p2a: Glimmora|42/100
|-damage|p2b: Charizard|21/100
|-activate|p2a: Glimmora|ability: Toxic Debris
|-sidestart|p1: eriksp|move: Toxic Spikes
|-damage|p1b: Garchomp|19/100|[from] item: Life Orb
|move|p2b: Charizard|Heat Wave|p1a: Whimsicott|[spread] p1a,p1b
|-supereffective|p1a: Whimsicott|1
|-resisted|p1b: Garchomp|1
|-damage|p1a: Whimsicott|0 fnt
|-damage|p1b: Garchomp|0 fnt
|faint|p1a: Whimsicott
|faint|p1b: Garchomp
|
|-weather|SunnyDay|[upkeep]
|upkeep
|
|t:|1783816765
|switch|p1b: Charizard|Charizard, L50, F|100/100
|turn|7
|
|t:|1783816785
|move|p2b: Charizard|Protect|p2b: Charizard
|-singleturn|p2b: Charizard|Protect
|move|p2a: Glimmora|Spiky Shield|p2a: Glimmora
|-singleturn|p2a: Glimmora|move: Protect
|move|p1b: Charizard|Weather Ball|p2b: Charizard
|-activate|p2b: Charizard|move: Protect
|
|-weather|none
|upkeep
|turn|8
|
|t:|1783816797
|detailschange|p1b: Charizard|Charizard-Mega-Y, L50, F
|-mega|p1b: Charizard|Charizard|Charizardite Y
|-weather|SunnyDay|[from] ability: Drought|[of] p1b: Charizard
|move|p2a: Glimmora|Spiky Shield||[still]
|-fail|p2a: Glimmora
|move|p1b: Charizard|Solar Beam||[still]
|-prepare|p1b: Charizard|Solar Beam
|-anim|p1b: Charizard|Solar Beam|p2a: Glimmora
|-damage|p2a: Glimmora|8/100
|move|p2b: Charizard|Weather Ball|p1b: Charizard
|-resisted|p1b: Charizard|1
|-damage|p1b: Charizard|55/100
|
|-weather|SunnyDay|[upkeep]
|-end|p2a: Glimmora|Encore
|-sideend|p2: f89 DonOMarVGC|move: Light Screen
|upkeep
|turn|9
|
|t:|1783816821
|move|p2a: Glimmora|Spiky Shield|p2a: Glimmora
|-singleturn|p2a: Glimmora|move: Protect
|move|p1b: Charizard|Heat Wave|p2a: Glimmora|[spread] p2b
|-activate|p2a: Glimmora|move: Protect
|-resisted|p2b: Charizard|1
|-damage|p2b: Charizard|0 fnt
|faint|p2b: Charizard
|
|-weather|SunnyDay|[upkeep]
|-sideend|p2: f89 DonOMarVGC|Reflect
|upkeep
|turn|10
|
|t:|1783816828
|move|p1b: Charizard|Weather Ball|p2a: Glimmora
|-resisted|p2a: Glimmora|1
|-damage|p2a: Glimmora|0 fnt
|faint|p2a: Glimmora
|
|win|eriksp
