|j|☆INKevin
|j|☆FrancoilCieco777
|html|INKevinFrancoilCieco777    
|uhtml|bestof|Game 2 of a best-of-3
|t:|1756997145
|gametype|doubles
|player|p1|INKevin|1|1067
|player|p2|FrancoilCieco777|baker|1040
|gen|9
|tier|[Gen 9] VGC 2025 Reg H (Bo3)
|rated|
|rule|Species Clause: Limit one of each Pokémon
|rule|Item Clause: Limit 1 of each item
|clearpoke
|poke|p1|Pelipper, L50, M|
|poke|p1|Archaludon, L50, F|
|poke|p1|Maushold, L50|
|poke|p1|Ludicolo, L50, M|
|poke|p1|Gholdengo, L50|
|poke|p1|Annihilape, L50, M|
|poke|p2|Volcarona, L50, M|
|poke|p2|Electabuzz, L50, M|
|poke|p2|Sneasler, L50, F|
|poke|p2|Kingambit, L50, F|
|poke|p2|Dragonite, L50, M|
|poke|p2|Rillaboom, L50, F|
|teampreview|4
|showteam|p1|Pelipper||CovertCloak|Drizzle|Hurricane,WeatherBall,IcyWind,WideGuard|||M|||50|,,,,,Grass]Archaludon||AssaultVest|Stamina|DracoMeteor,FlashCannon,BodyPress,ElectroShot|||F|||50|,,,,,Bug]Maushold||RockyHelmet|FriendGuard|FollowMe,FakeTears,BeatUp,Protect||||||50|,,,,,Ghost]Ludicolo||LifeOrb|SwiftSwim|FakeOut,MuddyWater,GigaDrain,Protect|||M|||50|,,,,,Poison]Gholdengo||SitrusBerry|GoodasGold|MakeItRain,ShadowBall,NastyPlot,Protect||||||50|,,,,,Dragon]Annihilape||SafetyGoggles|Defiant|RageFist,DrainPunch,BulkUp,Protect|||M|||50|,,,,,Steel
|showteam|p2|Volcarona||CovertCloak|FlameBody|HeatWave,TeraBlast,QuiverDance,Protect|||M|||50|,,,,,Fairy]Electabuzz||Eviolite|VitalSpirit|Thunderbolt,FollowMe,Taunt,Protect|||M|||50|,,,,,Ghost]Sneasler||FocusSash|Unburden|FakeOut,CloseCombat,DireClaw,Coaching|||F|||50|,,,,,Stellar]Kingambit||BlackGlasses|Defiant|KowtowCleave,SuckerPunch,SwordsDance,Protect|||F|||50|,,,,,Dark]Dragonite||LoadedDice|Multiscale|ScaleShot,ExtremeSpeed,Haze,Protect|||M|||50|,,,,,Normal]Rillaboom||AssaultVest|GrassySurge|WoodHammer,GrassyGlide,HighHorsepower,FakeOut|||F|||50|,,,,,Fire
|inactive|Battle timer is ON: inactive players will automatically lose when time's up. (requested by FrancoilCieco777)
|
|t:|1756997174
|teamsize|p1|4
|teamsize|p2|4
|start
|switch|p1a: Archaludon|Archaludon, L50, F|100/100
|switch|p1b: Gholdengo|Gholdengo, L50|100/100
|switch|p2a: Electabuzz|Electabuzz, L50, M|100/100
|switch|p2b: Kingambit|Kingambit, L50, F, shiny|100/100
|turn|1
|
|t:|1756997191
|-terastallize|p1b: Gholdengo|Dragon
|move|p2a: Electabuzz|Follow Me|p2a: Electabuzz
|-singleturn|p2a: Electabuzz|move: Follow Me
|move|p1b: Gholdengo|Nasty Plot|p1b: Gholdengo
|-boost|p1b: Gholdengo|spa|2
|move|p1a: Archaludon|Flash Cannon|p2a: Electabuzz
|-resisted|p2a: Electabuzz
|-damage|p2a: Electabuzz|84/100
|move|p2b: Kingambit|Swords Dance|p2b: Kingambit
|-boost|p2b: Kingambit|atk|2
|
|upkeep
|turn|2
|
|t:|1756997213
|move|p1b: Gholdengo|Protect|p1b: Gholdengo
|-singleturn|p1b: Gholdengo|Protect
|move|p2a: Electabuzz|Follow Me|p2a: Electabuzz
|-singleturn|p2a: Electabuzz|move: Follow Me
|move|p1a: Archaludon|Body Press|p2a: Electabuzz
|-damage|p2a: Electabuzz|65/100
|move|p2b: Kingambit|Swords Dance|p2b: Kingambit
|-boost|p2b: Kingambit|atk|2
|
|upkeep
|turn|3
|
|t:|1756997228
|switch|p1a: Maushold|Maushold, L50|100/100
|move|p1b: Gholdengo|Protect|p1b: Gholdengo
|-singleturn|p1b: Gholdengo|Protect
|move|p2a: Electabuzz|Follow Me|p2a: Electabuzz
|-singleturn|p2a: Electabuzz|move: Follow Me
|move|p2b: Kingambit|Kowtow Cleave|p1a: Maushold
|-damage|p1a: Maushold|0 fnt
|-damage|p2b: Kingambit|84/100|[from] item: Rocky Helmet|[of] p1a: Maushold
|faint|p1a: Maushold
|
|upkeep
|
|t:|1756997238
|switch|p1a: Archaludon|Archaludon, L50, F|100/100
|turn|4
|
|t:|1756997245
|move|p2a: Electabuzz|Follow Me|p2a: Electabuzz
|-singleturn|p2a: Electabuzz|move: Follow Me
|move|p1b: Gholdengo|Make It Rain|p2b: Kingambit|[spread] p2a,p2b
|-resisted|p2a: Electabuzz
|-resisted|p2b: Kingambit
|-damage|p2a: Electabuzz|25/100
|-damage|p2b: Kingambit|35/100
|-unboost|p1b: Gholdengo|spa|1
|move|p1a: Archaludon|Body Press|p2a: Electabuzz
|-damage|p2a: Electabuzz|6/100
|move|p2b: Kingambit|Kowtow Cleave|p1a: Archaludon
|-damage|p1a: Archaludon|0 fnt
|faint|p1a: Archaludon
|
|upkeep
|
|t:|1756997259
|switch|p1a: Pelipper|Pelipper, L50, M, shiny|100/100
|-weather|RainDance|[from] ability: Drizzle|[of] p1a: Pelipper
|turn|5
|
|t:|1756997270
|-terastallize|p2b: Kingambit|Dark
|move|p2b: Kingambit|Sucker Punch|p1b: Gholdengo
|-damage|p1b: Gholdengo|0 fnt
|faint|p1b: Gholdengo
|move|p2a: Electabuzz|Thunderbolt|p1a: Pelipper
|-supereffective|p1a: Pelipper
|-damage|p1a: Pelipper|0 fnt
|faint|p1a: Pelipper
|
|win|FrancoilCieco777
|raw|INKevin's rating: 1067 → 1045(-22 for losing)
|raw|FrancoilCieco777's rating: 1040 → 1077(+37 for winning)
