|j|☆MurQrow
|j|☆wind charmer
|html|MurQrowwind charmer    
|uhtml|bestof|Game 2 of a best-of-3
|t:|1756259435
|gametype|doubles
|player|p1|MurQrow|169|1025
|player|p2|wind charmer|jasmine|1083
|gen|9
|tier|[Gen 9] VGC 2025 Reg H (Bo3)
|rated|
|rule|Species Clause: Limit one of each Pokémon
|rule|Item Clause: Limit 1 of each item
|clearpoke
|poke|p1|Ninetales-Alola, L50, F|
|poke|p1|Baxcalibur, L50, F|
|poke|p1|Gholdengo, L50|
|poke|p1|Magmar, L50, M|
|poke|p1|Rillaboom, L50, F|
|poke|p1|Flamigo, L50, M|
|poke|p2|Garchomp, L50, M|
|poke|p2|Milotic, L50, F|
|poke|p2|Gholdengo, L50|
|poke|p2|Talonflame, L50, F|
|poke|p2|Amoonguss, L50, M|
|poke|p2|Tyranitar, L50, M|
|teampreview|4
|showteam|p1|Ninetales-Alola||CovertCloak|SnowWarning|Blizzard,FreezeDry,Encore,AuroraVeil|||F|||50|,,,,,Fire]Baxcalibur||LoadedDice|ThermalExchange|Protect,IceShard,IcicleSpear,ScaleShot|||F|||50|,,,,,Water]Gholdengo||LifeOrb|GoodasGold|NastyPlot,Protect,MakeItRain,ShadowBall||||||50|,,,,,Water]Magmar||Eviolite|VitalSpirit|ClearSmog,FollowMe,Protect,Flamethrower|||M|||50|,,,,,Ghost]Rillaboom||AssaultVest|GrassySurge|FakeOut,GrassyGlide,WoodHammer,HighHorsepower|||F|||50|,,,,,Fire]Flamigo||ChoiceScarf|Scrappy|CloseCombat,BraveBird,DualWingbeat,Tailwind|||M|||50|,,,,,Ghost
|showteam|p2|Garchomp||LifeOrb|RoughSkin|Earthquake,StompingTantrum,DragonClaw,Protect|||M|||50|,,,,,Ground]Milotic||SafetyGoggles|Competitive|Scald,IcyWind,Haze,Protect|||F|||50|,,,,,Dragon]Gholdengo||MetalCoat|GoodasGold|MakeItRain,ShadowBall,NastyPlot,Protect||||||50|,,,,,Flying]Talonflame||CovertCloak|GaleWings|BraveBird,Tailwind,WillOWisp,Taunt|||F|||50|,,,,,Ghost]Amoonguss||SitrusBerry|Regenerator|Spore,PollenPuff,RagePowder,Protect|||M|||50|,,,,,Water]Tyranitar||AssaultVest|SandStream|RockSlide,KnockOff,LowKick,TeraBlast|||M|||50|,,,,,Flying
|
|t:|1756259477
|teamsize|p1|4
|teamsize|p2|4
|start
|switch|p1a: Flush five|Baxcalibur, L50, F|100/100
|switch|p1b: Flamigo|Flamigo, L50, M|100/100
|switch|p2a: Talonflame|Talonflame, L50, F|100/100
|switch|p2b: Gholdengo|Gholdengo, L50|100/100
|turn|1
|
|t:|1756259517
|-terastallize|p1a: Flush five|Water
|move|p2b: Gholdengo|Protect|p2b: Gholdengo
|-singleturn|p2b: Gholdengo|Protect
|move|p2a: Talonflame|Tailwind|p2a: Talonflame
|-sidestart|p2: wind charmer|move: Tailwind
|move|p1b: Flamigo|Tailwind|p1b: Flamigo
|-sidestart|p1: MurQrow|move: Tailwind
|move|p1a: Flush five|Scale Shot|p2b: Gholdengo
|-activate|p2b: Gholdengo|move: Protect
|
|upkeep
|turn|2
|
|t:|1756259550
|switch|p1b: Ninetales|Ninetales-Alola, L50, F|100/100
|-weather|Snowscape|[from] ability: Snow Warning|[of] p1b: Ninetales
|move|p1a: Flush five|Protect|p1a: Flush five
|-singleturn|p1a: Flush five|Protect
|move|p2a: Talonflame|Brave Bird|p1a: Flush five
|-activate|p1a: Flush five|move: Protect
|move|p2b: Gholdengo|Make It Rain|p1b: Ninetales|[spread] p1b
|-activate|p1a: Flush five|move: Protect
|-supereffective|p1b: Ninetales
|-damage|p1b: Ninetales|0 fnt
|-unboost|p2b: Gholdengo|spa|1
|faint|p1b: Ninetales
|
|-weather|Snowscape|[upkeep]
|upkeep
|
|t:|1756259566
|switch|p1b: Magmar|Magmar, L50, M|100/100
|turn|3
|
|t:|1756259582
|switch|p2b: Tyranitar|Tyranitar, L50, M|100/100
|-weather|Sandstorm|[from] ability: Sand Stream|[of] p2b: Tyranitar
|move|p2a: Talonflame|Taunt|p1b: Magmar
|-start|p1b: Magmar|move: Taunt
|move|p1a: Flush five|Icicle Spear|p2a: Talonflame
|-damage|p2a: Talonflame|78/100
|-damage|p2a: Talonflame|56/100
|-crit|p2a: Talonflame
|-damage|p2a: Talonflame|26/100
|-damage|p2a: Talonflame|5/100
|-hitcount|p2a: Talonflame|4
|move|p1b: Magmar|Flamethrower|p2b: Tyranitar
|-resisted|p2b: Tyranitar
|-damage|p2b: Tyranitar|94/100
|-status|p2b: Tyranitar|brn
|
|-weather|Sandstorm|[upkeep]
|-damage|p2a: Talonflame|0 fnt|[from] Sandstorm
|-damage|p1a: Flush five|94/100|[from] Sandstorm
|-damage|p1b: Magmar|95/100|[from] Sandstorm
|faint|p2a: Talonflame
|-damage|p2b: Tyranitar|88/100 brn|[from] brn
|upkeep
|
|t:|1756259631
|switch|p2a: Garchomp|Garchomp, L50, M|100/100
|turn|4
|
|t:|1756259659
|-terastallize|p2a: Garchomp|Ground
|move|p2a: Garchomp|Stomping Tantrum|p1a: Flush five
|-damage|p1a: Flush five|21/100
|-damage|p2a: Garchomp|91/100|[from] item: Life Orb
|move|p1a: Flush five|Icicle Spear|p2a: Garchomp
|-supereffective|p2a: Garchomp
|-damage|p2a: Garchomp|57/100
|-supereffective|p2a: Garchomp
|-damage|p2a: Garchomp|27/100
|-supereffective|p2a: Garchomp
|-damage|p2a: Garchomp|0 fnt
|faint|p2a: Garchomp
|-hitcount|p2: Garchomp|3
|move|p1b: Magmar|Clear Smog|p2b: Tyranitar
|-resisted|p2b: Tyranitar
|-damage|p2b: Tyranitar|86/100 brn
|-clearboost|p2b: Tyranitar
|move|p2b: Tyranitar|Knock Off|p1b: Magmar
|-damage|p1b: Magmar|74/100
|-enditem|p1b: Magmar|Eviolite|[from] move: Knock Off|[of] p2b: Tyranitar
|
|-weather|Sandstorm|[upkeep]
|-damage|p1a: Flush five|15/100|[from] Sandstorm
|-damage|p1b: Magmar|68/100|[from] Sandstorm
|-damage|p2b: Tyranitar|80/100 brn|[from] brn
|-sideend|p1: MurQrow|move: Tailwind
|-sideend|p2: wind charmer|move: Tailwind
|upkeep
|
|t:|1756259680
|switch|p2a: Gholdengo|Gholdengo, L50|100/100
|turn|5
|
|t:|1756259710
|move|p2a: Gholdengo|Shadow Ball|p1b: Magmar
|-damage|p1b: Magmar|19/100
|-unboost|p1b: Magmar|spd|1
|move|p1a: Flush five|Icicle Spear|p2b: Tyranitar
|-damage|p2b: Tyranitar|66/100 brn
|-damage|p2b: Tyranitar|52/100 brn
|-damage|p2b: Tyranitar|39/100 brn
|-damage|p2b: Tyranitar|24/100 brn
|-damage|p2b: Tyranitar|11/100 brn
|-hitcount|p2b: Tyranitar|5
|move|p1b: Magmar|Flamethrower|p2a: Gholdengo
|-supereffective|p2a: Gholdengo
|-damage|p2a: Gholdengo|33/100
|move|p2b: Tyranitar|Rock Slide|p1b: Magmar|[spread] p1a,p1b
|-supereffective|p1b: Magmar
|-damage|p1a: Flush five|0 fnt
|-damage|p1b: Magmar|0 fnt
|faint|p1a: Flush five
|faint|p1b: Magmar
|
|-weather|Sandstorm|[upkeep]
|-damage|p2b: Tyranitar|5/100 brn|[from] brn
|upkeep
|
|t:|1756259730
|switch|p1b: Flamigo|Flamigo, L50, M|100/100
|turn|6
|
|t:|1756259746
|move|p1b: Flamigo|Close Combat|p2a: Gholdengo
|-supereffective|p2a: Gholdengo
|-damage|p2a: Gholdengo|0 fnt
|-unboost|p1b: Flamigo|def|1
|-unboost|p1b: Flamigo|spd|1
|faint|p2a: Gholdengo
|move|p2b: Tyranitar|Rock Slide|p1b: Flamigo
|-damage|p1b: Flamigo|54/100
|
|-weather|Sandstorm|[upkeep]
|-damage|p1b: Flamigo|49/100|[from] Sandstorm
|-damage|p2b: Tyranitar|0 fnt|[from] brn
|faint|p2b: Tyranitar
|
|win|MurQrow
||wind charmer is ready for game 3.
|inactive|MurQrow has 30 seconds to confirm battle start!
