|j|☆entei enthusiast
|j|☆The median voter
|html|entei enthusiastThe median voter    
|uhtml|bestof|Game 2 of a best-of-3
|t:|1754523331
|gametype|doubles
|player|p1|entei enthusiast|nate-masters|1124
|player|p2|The median voter|scientist-gen4dp|1240
|gen|9
|tier|[Gen 9] VGC 2025 Reg H (Bo3)
|rated|
|rule|Species Clause: Limit one of each Pokémon
|rule|Item Clause: Limit 1 of each item
|clearpoke
|poke|p1|Arcanine-Hisui, L50, F|
|poke|p1|Rillaboom, L50, M|
|poke|p1|Dragonite, L50, F|
|poke|p1|Sneasler, L50, F|
|poke|p1|Ninetales-Alola, L50, F|
|poke|p1|Gholdengo, L50|
|poke|p2|Kommo-o, L50, F|
|poke|p2|Volcarona, L50, F|
|poke|p2|Rillaboom, L50, M|
|poke|p2|Kingambit, L50, F|
|poke|p2|Ninetales-Alola, L50, M|
|poke|p2|Arcanine-Hisui, L50, F|
|teampreview|4
|showteam|p1|Arcanine-Hisui||ClearAmulet|Intimidate|FlareBlitz,RockSlide,ExtremeSpeed,Protect|||F|||50|,,,,,Water]Rillaboom||AssaultVest|GrassySurge|DrumBeating,GrassyGlide,HighHorsepower,FakeOut|||M|||50|,,,,,Fire]Dragonite||LoadedDice|Multiscale|ScaleShot,Tailwind,StompingTantrum,Protect|||F|||50|,,,,,Ground]Sneasler||WhiteHerb|Unburden|CloseCombat,DireClaw,Coaching,Protect|||F|||50|,,,,,Ghost]Ninetales-Alola||FocusSash|SnowWarning|Blizzard,Encore,IcyWind,AuroraVeil|||F|||50|,,,,,Ghost]Gholdengo||GrassySeed|GoodasGold|NastyPlot,MakeItRain,ShadowBall,Protect||||||50|,,,,,Water
|showteam|p2|Kommo-o||GrassySeed|Overcoat|BodyPress,IronDefense,Protect,Flamethrower|||F|||50|,,,,,Fire]Volcarona||SitrusBerry|FlameBody|HeatWave,GigaDrain,QuiverDance,Protect|||F|||50|,,,,,Grass]Rillaboom||AssaultVest|GrassySurge|FakeOut,GrassyGlide,WoodHammer,HighHorsepower|||M|||50|,,,,,Fire]Kingambit||BlackGlasses|Defiant|KowtowCleave,SuckerPunch,SwordsDance,Protect|||F|||50|,,,,,Flying]Ninetales-Alola||LifeOrb|SnowWarning|Blizzard,Protect,Encore,FreezeDry|||M|||50|,,,,,Ghost]Arcanine-Hisui||FocusSash|Intimidate|RockSlide,FlareBlitz,ExtremeSpeed,Protect|||F|||50|,,,,,Ghost
|
|t:|1754523392
|teamsize|p1|4
|teamsize|p2|4
|start
|switch|p1a: Rillaboom|Rillaboom, L50, M|100/100
|switch|p1b: Ninetales|Ninetales-Alola, L50, F|100/100
|switch|p2a: Volcarona|Volcarona, L50, F|100/100
|switch|p2b: Rillaboom|Rillaboom, L50, M|100/100
|-weather|Snowscape|[from] ability: Snow Warning|[of] p1b: Ninetales
|-fieldstart|move: Grassy Terrain|[from] ability: Grassy Surge|[of] p1a: Rillaboom
|turn|1
|l|☆The median voter
|player|p2|
|inactive|Battle timer is ON: inactive players will automatically lose when time's up. (requested by entei enthusiast)
|j|☆The median voter
|inactive|The median voter reconnected and has 85 seconds left.
|player|p2|The median voter|scientist-gen4dp|
|inactive|entei enthusiast has 60 seconds left.
|
|t:|1754523451
|-terastallize|p2b: Rillaboom|Fire
|move|p1a: Rillaboom|Fake Out|p2b: Rillaboom
|-damage|p2b: Rillaboom|89/100
|move|p1b: Ninetales|Icy Wind|p2b: Rillaboom|[spread] p2a,p2b
|-resisted|p2a: Volcarona
|-resisted|p2b: Rillaboom
|-damage|p2a: Volcarona|93/100
|-damage|p2b: Rillaboom|83/100
|-unboost|p2a: Volcarona|spe|1
|-unboost|p2b: Rillaboom|spe|1
|move|p2a: Volcarona|Quiver Dance|p2a: Volcarona
|-boost|p2a: Volcarona|spa|1
|-boost|p2a: Volcarona|spd|1
|-boost|p2a: Volcarona|spe|1
|cant|p2b: Rillaboom|flinch
|
|-weather|Snowscape|[upkeep]
|-heal|p2a: Volcarona|99/100|[from] Grassy Terrain
|-heal|p2b: Rillaboom|89/100|[from] Grassy Terrain
|upkeep
|turn|2
|
|t:|1754523477
|switch|p1a: Arcanine|Arcanine-Hisui, L50, F|100/100
|-ability|p1a: Arcanine|Intimidate|boost
|-unboost|p2a: Volcarona|atk|1
|-unboost|p2b: Rillaboom|atk|1
|move|p1b: Ninetales|Encore|p2a: Volcarona
|-start|p2a: Volcarona|Encore
|move|p2a: Volcarona|Quiver Dance|p2a: Volcarona
|-boost|p2a: Volcarona|spa|1
|-boost|p2a: Volcarona|spd|1
|-boost|p2a: Volcarona|spe|1
|move|p2b: Rillaboom|Wood Hammer|p1b: Ninetales
|-damage|p1b: Ninetales|43/100
|-damage|p2b: Rillaboom|75/100|[from] Recoil
|
|-weather|Snowscape|[upkeep]
|-heal|p2a: Volcarona|100/100|[from] Grassy Terrain
|-heal|p1b: Ninetales|49/100|[from] Grassy Terrain
|-heal|p2b: Rillaboom|81/100|[from] Grassy Terrain
|upkeep
|turn|3
|
|t:|1754523498
|switch|p2b: Kommo-o|Kommo-o, L50, F|100/100
|-enditem|p2b: Kommo-o|Grassy Seed
|-boost|p2b: Kommo-o|def|1|[from] item: Grassy Seed
|move|p2a: Volcarona|Quiver Dance|p2a: Volcarona
|-boost|p2a: Volcarona|spa|1
|-boost|p2a: Volcarona|spd|1
|-boost|p2a: Volcarona|spe|1
|move|p1b: Ninetales|Aurora Veil|p1b: Ninetales
|-sidestart|p1: entei enthusiast|move: Aurora Veil
|move|p1a: Arcanine|Rock Slide|p2b: Kommo-o|[spread] p2a,p2b
|-supereffective|p2a: Volcarona
|-resisted|p2b: Kommo-o
|-damage|p2a: Volcarona|0 fnt
|-damage|p2b: Kommo-o|94/100
|faint|p2a: Volcarona
|
|-weather|Snowscape|[upkeep]
|-heal|p1b: Ninetales|56/100|[from] Grassy Terrain
|-heal|p2b: Kommo-o|99/100|[from] Grassy Terrain
|upkeep
|
|t:|1754523511
|switch|p2a: Rillaboom|Rillaboom, L50, M, tera:Fire|81/100
|turn|4
|inactive|entei enthusiast has 30 seconds left.
|inactive|The median voter has 30 seconds left.
|
|t:|1754523539
|-terastallize|p1b: Ninetales|Ghost
|move|p1b: Ninetales|Blizzard|p2a: Rillaboom|[spread] p2a,p2b
|-resisted|p2a: Rillaboom
|-supereffective|p2b: Kommo-o
|-damage|p2a: Rillaboom|70/100
|-damage|p2b: Kommo-o|28/100
|move|p2b: Kommo-o|Body Press|p1a: Arcanine
|-supereffective|p1a: Arcanine
|-damage|p1a: Arcanine|9/100
|move|p1a: Arcanine|Rock Slide|p2b: Kommo-o|[spread] p2a,p2b
|-supereffective|p2a: Rillaboom
|-resisted|p2b: Kommo-o
|-damage|p2a: Rillaboom|16/100
|-damage|p2b: Kommo-o|22/100
|cant|p2a: Rillaboom|flinch
|
|-weather|Snowscape|[upkeep]
|-heal|p1b: Ninetales|62/100|[from] Grassy Terrain
|-heal|p2b: Kommo-o|28/100|[from] Grassy Terrain
|-heal|p1a: Arcanine|15/100|[from] Grassy Terrain
|-heal|p2a: Rillaboom|22/100|[from] Grassy Terrain
|upkeep
|turn|5
|
|t:|1754523561
|switch|p2b: Kingambit|Kingambit, L50, F|100/100
|move|p1a: Arcanine|Extreme Speed|p2a: Rillaboom
|-crit|p2a: Rillaboom
|-damage|p2a: Rillaboom|0 fnt
|faint|p2a: Rillaboom
|move|p1b: Ninetales|Blizzard|p2b: Kingambit
|-resisted|p2b: Kingambit
|-damage|p2b: Kingambit|78/100
|
|-weather|none
|-heal|p1b: Ninetales|68/100|[from] Grassy Terrain
|-heal|p1a: Arcanine|21/100|[from] Grassy Terrain
|-heal|p2b: Kingambit|84/100|[from] Grassy Terrain
|-fieldend|move: Grassy Terrain
|upkeep
|
|t:|1754523567
|switch|p2a: Kommo-o|Kommo-o, L50, F|28/100
|turn|6
|inactive|entei enthusiast has 30 seconds left.
|inactive|entei enthusiast has 20 seconds left.
|
|t:|1754523606
|move|p1a: Arcanine|Extreme Speed|p2a: Kommo-o
|-damage|p2a: Kommo-o|4/100
|move|p2b: Kingambit|Sucker Punch||[still]
|-fail|p2b: Kingambit
|move|p1b: Ninetales|Encore|p2b: Kingambit
|-start|p2b: Kingambit|Encore
|move|p2a: Kommo-o|Iron Defense|p2a: Kommo-o
|-boost|p2a: Kommo-o|def|2
|
|upkeep
|turn|7
|
|t:|1754523621
|switch|p1b: Sneasler|Sneasler, L50, F|100/100
|move|p1a: Arcanine|Extreme Speed|p2a: Kommo-o
|-damage|p2a: Kommo-o|0 fnt
|faint|p2a: Kommo-o
|move|p2b: Kingambit|Sucker Punch||[still]
|-fail|p2b: Kingambit
|
|-sideend|p1: entei enthusiast|move: Aurora Veil
|upkeep
|turn|8
|-message|The median voter forfeited.
|raw|entei enthusiast's rating: 1124 → 1157(+33 for winning)
|raw|The median voter's rating: 1240 → 1207(-33 for losing)
|
|win|entei enthusiast
