|j|☆vamioli
|j|☆Serendepityz
|html|vamioliSerendepityz    
|uhtml|bestof|Game 2 of a best-of-3
|t:|1782208219
|gametype|doubles
|player|p1|vamioli|170|1181
|player|p2|Serendepityz|101|1252
|gen|9
|tier|[Gen 9 Champions] VGC 2026 Reg M-B (Bo3)
|rated|
|rule|Species Clause: Limit one of each Pokémon
|rule|Item Clause: Limit 1 of each item
|clearpoke
|poke|p1|Annihilape, L50, F|
|poke|p1|Gholdengo, L50|
|poke|p1|Whimsicott, L50, F|
|poke|p1|Sinistcha, L50|
|poke|p1|Excadrill, L50, F|
|poke|p1|Tyranitar, L50, M|
|poke|p2|Swampert, L50, F|
|poke|p2|Maushold, L50|
|poke|p2|Sinistcha, L50|
|poke|p2|Archaludon, L50, F|
|poke|p2|Gholdengo, L50|
|poke|p2|Pelipper, L50, F|
|teampreview|4
|showteam|p1|Annihilape||Leftovers|Defiant|Protect,RageFist,DrainPunch,BulkUp|Adamant||F|||50|]Gholdengo||ExpertBelt|GoodasGold|ShadowBall,MakeItRain,NastyPlot,Protect|Modest|||||50|]Whimsicott||CobaBerry|Prankster|Tailwind,Moonblast,Encore,Protect|Timid||F|||50|]Sinistcha||ColburBerry|Hospitality|RagePowder,MatchaGotcha,Protect,TrickRoom|Bold|||||50|]Excadrill||LifeOrb|SandRush|IronHead,HighHorsepower,Protect,RockSlide|Adamant||F|||50|]Tyranitar||Tyranitarite|SandStream|DragonDance,KnockOff,RockSlide,Protect|Adamant||M|||50|
|showteam|p2|Swampert||Swampertite|Damp|WaveCrash,HighHorsepower,IcePunch,Protect|Adamant||F|||50|]Maushold||FocusSash|FriendGuard|SuperFang,FollowMe,RainDance,Protect|Timid|||||50|]Sinistcha||KasibBerry|Hospitality|MatchaGotcha,RagePowder,Imprison,TrickRoom|Bold|||||50|]Archaludon||Leftovers|Stamina|ElectroShot,DragonPulse,FlashCannon,Protect|Calm||F|||50|]Gholdengo||LifeOrb|GoodasGold|MakeItRain,ShadowBall,NastyPlot,Protect|Modest|||||50|]Pelipper||SitrusBerry|Drizzle|Hurricane,WeatherBall,Tailwind,WideGuard|Bold||F|||50|
|inactive|Battle timer is ON: inactive players will automatically lose when time's up. (requested by vamioli)
|
|t:|1782208257
|teamsize|p1|4
|teamsize|p2|4
|start
|switch|p1a: Tyranitar|Tyranitar, L50, M|100/100
|switch|p1b: Excadrill|Excadrill, L50, F|100/100
|switch|p2a: Swampert|Swampert, L50, F|100/100
|switch|p2b: Pelipper|Pelipper, L50, F|100/100
|-weather|Sandstorm|[from] ability: Sand Stream|[of] p1a: Tyranitar
|-weather|RainDance|[from] ability: Drizzle|[of] p2b: Pelipper
|turn|1
|inactive|vamioli has 30 seconds left.
|inactive|Serendepityz has 30 seconds left.
|
|t:|1782208288
|switch|p1b: Whimsicott|Whimsicott, L50, F|100/100
|detailschange|p2a: Swampert|Swampert-Mega, L50, F
|-mega|p2a: Swampert|Swampert|Swampertite
|move|p1a: Tyranitar|Protect|p1a: Tyranitar
|-singleturn|p1a: Tyranitar|Protect
|move|p2a: Swampert|Wave Crash|p1a: Tyranitar
|-activate|p1a: Tyranitar|move: Protect
|move|p2b: Pelipper|Tailwind|p2b: Pelipper
|-sidestart|p2: Serendepityz|move: Tailwind
|
|-weather|RainDance|[upkeep]
|upkeep
|turn|2
|
|t:|1782208305
|switch|p2b: Sinistcha|Sinistcha, L50|100/100
|switch|p1a: Sinistcha|Sinistcha, L50|100/100
|move|p1b: Whimsicott|Encore||[still]
|-fail|p1b: Whimsicott
|move|p2a: Swampert|Wave Crash|p1a: Sinistcha
|-resisted|p1a: Sinistcha|1
|-damage|p1a: Sinistcha|50/100g
|-damage|p2a: Swampert|85/100|[from] Recoil
|
|-weather|RainDance|[upkeep]
|upkeep
|turn|3
|inactive|vamioli has 30 seconds left.
|
|t:|1782208333
|move|p1a: Sinistcha|Protect|p1a: Sinistcha
|-singleturn|p1a: Sinistcha|Protect
|move|p2a: Swampert|Ice Punch|p1b: Whimsicott
|-supereffective|p1b: Whimsicott|1
|-damage|p1b: Whimsicott|28/100
|move|p2b: Sinistcha|Imprison|p2b: Sinistcha
|-start|p2b: Sinistcha|move: Imprison
|move|p1b: Whimsicott|Moonblast|p2a: Swampert
|-damage|p2a: Swampert|61/100
|
|-weather|RainDance|[upkeep]
|upkeep
|turn|4
|inactive|Serendepityz has 30 seconds left.
|
|t:|1782208366
|switch|p1b: Excadrill|Excadrill, L50, F|100/100
|switch|p1a: Tyranitar|Tyranitar, L50, M|100/100
|-weather|Sandstorm|[from] ability: Sand Stream|[of] p1a: Tyranitar
|move|p2b: Sinistcha|Matcha Gotcha|p1b: Excadrill|[spread] p1a,p1b
|-supereffective|p1a: Tyranitar|1
|-damage|p1a: Tyranitar|72/100
|-damage|p1b: Excadrill|65/100
|move|p2a: Swampert|Ice Punch|p1b: Excadrill
|-damage|p1b: Excadrill|22/100
|
|-weather|Sandstorm|[upkeep]
|-damage|p2b: Sinistcha|93/100|[from] Sandstorm
|-sideend|p2: Serendepityz|move: Tailwind
|upkeep
|turn|5
|inactive|Serendepityz has 30 seconds left.
|inactive|vamioli has 30 seconds left.
|
|t:|1782208401
|switch|p2b: Archaludon|Archaludon, L50, F|100/100
|move|p2a: Swampert|Protect|p2a: Swampert
|-singleturn|p2a: Swampert|Protect
|move|p1b: Excadrill|Rock Slide|p2a: Swampert|[spread] p2b
|-activate|p2a: Swampert|move: Protect
|-resisted|p2b: Archaludon|1
|-damage|p2b: Archaludon|90/100
|-ability|p2b: Archaludon|Stamina|boost
|-boost|p2b: Archaludon|def|1
|-damage|p1b: Excadrill|13/100|[from] item: Life Orb
|move|p1a: Tyranitar|Dragon Dance|p1a: Tyranitar
|-boost|p1a: Tyranitar|atk|1
|-boost|p1a: Tyranitar|spe|1
|
|-weather|Sandstorm|[upkeep]
|-heal|p2b: Archaludon|96/100|[from] item: Leftovers
|upkeep
|turn|6
|inactive|vamioli has 30 seconds left.
|
|t:|1782208434
|switch|p2a: Pelipper|Pelipper, L50, F|100/100
|-weather|RainDance|[from] ability: Drizzle|[of] p2a: Pelipper
|move|p1a: Tyranitar|Protect|p1a: Tyranitar
|-singleturn|p1a: Tyranitar|Protect
|move|p1b: Excadrill|Protect|p1b: Excadrill
|-singleturn|p1b: Excadrill|Protect
|move|p2b: Archaludon|Flash Cannon|p1a: Tyranitar
|-activate|p1a: Tyranitar|move: Protect
|
|-weather|RainDance|[upkeep]
|-heal|p2b: Archaludon|100/100|[from] item: Leftovers
|upkeep
|turn|7
|
|t:|1782208452
|detailschange|p1a: Tyranitar|Tyranitar-Mega, L50, M
|-mega|p1a: Tyranitar|Tyranitar|Tyranitarite
|-weather|Sandstorm|[from] ability: Sand Stream|[of] p1a: Tyranitar
|move|p1b: Excadrill|Rock Slide|p2a: Pelipper|[spread] p2a,p2b
|-supereffective|p2a: Pelipper|1
|-resisted|p2b: Archaludon|1
|-damage|p2a: Pelipper|46/100
|-damage|p2b: Archaludon|93/100
|-ability|p2b: Archaludon|Stamina|boost
|-boost|p2b: Archaludon|def|1
|-enditem|p2a: Pelipper|Sitrus Berry|[eat]
|-heal|p2a: Pelipper|71/100|[from] item: Sitrus Berry
|-damage|p1b: Excadrill|3/100|[from] item: Life Orb
|move|p1a: Tyranitar|Knock Off|p2a: Pelipper
|-damage|p2a: Pelipper|18/100
|move|p2b: Archaludon|Flash Cannon|p1a: Tyranitar
|-supereffective|p1a: Tyranitar|1
|-damage|p1a: Tyranitar|37/100
|move|p2a: Pelipper|Tailwind|p2a: Pelipper
|-sidestart|p2: Serendepityz|move: Tailwind
|
|-weather|Sandstorm|[upkeep]
|-damage|p2a: Pelipper|12/100|[from] Sandstorm
|-heal|p2b: Archaludon|99/100|[from] item: Leftovers
|upkeep
|turn|8
|inactive|vamioli has 30 seconds left.
|inactive|Serendepityz has 30 seconds left.
|inactive|vamioli has 20 seconds left.
|inactive|vamioli has 15 seconds left.
|
|t:|1782208498
|switch|p2a: Sinistcha|Sinistcha, L50|93/100
|-heal|p2b: Archaludon|100/100|[from] ability: Hospitality|[of] p2a: Sinistcha
|move|p1b: Excadrill|Rock Slide|p2b: Archaludon|[spread] p2a,p2b
|-resisted|p2b: Archaludon|1
|-damage|p2a: Sinistcha|72/100
|-damage|p2b: Archaludon|93/100
|-ability|p2b: Archaludon|Stamina|boost
|-boost|p2b: Archaludon|def|1
|-damage|p1b: Excadrill|0 fnt|[from] item: Life Orb
|faint|p1b: Excadrill
|cant|p2b: Archaludon|flinch
|move|p1a: Tyranitar|Knock Off|p2b: Archaludon
|-damage|p2b: Archaludon|67/100
|-ability|p2b: Archaludon|Stamina|boost
|-boost|p2b: Archaludon|def|1
|-enditem|p2b: Archaludon|Leftovers|[from] move: Knock Off|[of] p1a: Tyranitar
|
|-weather|Sandstorm|[upkeep]
|-damage|p2a: Sinistcha|66/100|[from] Sandstorm
|upkeep
|inactive|vamioli has 30 seconds left.
|
|t:|1782208533
|switch|p1b: Whimsicott|Whimsicott, L50, F|28/100
|turn|9
|
|t:|1782208543
|move|p1b: Whimsicott|Tailwind|p1b: Whimsicott
|-sidestart|p1: vamioli|move: Tailwind
|move|p1a: Tyranitar|Knock Off|p2a: Sinistcha
|-supereffective|p2a: Sinistcha|1
|-damage|p2a: Sinistcha|0 fnt
|-enditem|p2a: Sinistcha|Kasib Berry|[from] move: Knock Off|[of] p1a: Tyranitar
|faint|p2a: Sinistcha
|move|p2b: Archaludon|Flash Cannon|p1b: Whimsicott
|-supereffective|p1b: Whimsicott|1
|-damage|p1b: Whimsicott|0 fnt
|faint|p1b: Whimsicott
|
|-weather|Sandstorm|[upkeep]
|upkeep
|inactive|Serendepityz has 30 seconds left.
|
|t:|1782208576
|switch|p1b: Sinistcha|Sinistcha, L50|50/100g
|switch|p2a: Pelipper|Pelipper, L50, F|12/100
|-weather|RainDance|[from] ability: Drizzle|[of] p2a: Pelipper
|-heal|p1a: Tyranitar|61/100|[from] ability: Hospitality|[of] p1b: Sinistcha
|turn|10
|inactive|Serendepityz has 30 seconds left.
|
|t:|1782208608
|move|p1b: Sinistcha|Rage Powder|p1b: Sinistcha
|-singleturn|p1b: Sinistcha|move: Rage Powder
|move|p1a: Tyranitar|Rock Slide|p2b: Archaludon|[spread] p2a,p2b
|-supereffective|p2a: Pelipper|1
|-resisted|p2b: Archaludon|1
|-damage|p2a: Pelipper|0 fnt
|-damage|p2b: Archaludon|60/100
|-ability|p2b: Archaludon|Stamina|boost
|-boost|p2b: Archaludon|def|1
|faint|p2a: Pelipper
|cant|p2b: Archaludon|flinch
|
|-weather|RainDance|[upkeep]
|-sideend|p2: Serendepityz|move: Tailwind
|upkeep
|
|t:|1782208614
|switch|p2a: Swampert|Swampert-Mega, L50, F|61/100
|turn|11
|
|t:|1782208629
|move|p1a: Tyranitar|Protect|p1a: Tyranitar
|-singleturn|p1a: Tyranitar|Protect
|move|p2a: Swampert|Protect|p2a: Swampert
|-singleturn|p2a: Swampert|Protect
|move|p1b: Sinistcha|Matcha Gotcha|p2b: Archaludon|[spread] 
|-activate|p2a: Swampert|move: Protect
|-miss|p1b: Sinistcha|p2b: Archaludon
|move|p2b: Archaludon|Electro Shot||[still]
|-prepare|p2b: Archaludon|Electro Shot
|-boost|p2b: Archaludon|spa|1
|-anim|p2b: Archaludon|Electro Shot|p1b: Sinistcha
|-resisted|p1b: Sinistcha|1
|-damage|p1b: Sinistcha|20/100y
|
|-weather|RainDance|[upkeep]
|upkeep
|turn|12
|inactive|Serendepityz has 30 seconds left.
|inactive|Serendepityz has 20 seconds left.
|
|t:|1782208664
|move|p1a: Tyranitar|Rock Slide|p2a: Swampert|[spread] p2a,p2b
|-resisted|p2a: Swampert|1
|-resisted|p2b: Archaludon|1
|-damage|p2a: Swampert|41/100
|-damage|p2b: Archaludon|54/100
|-ability|p2b: Archaludon|Stamina|boost
|-boost|p2b: Archaludon|def|1
|move|p2a: Swampert|Wave Crash|p1a: Tyranitar
|-supereffective|p1a: Tyranitar|1
|-damage|p1a: Tyranitar|0 fnt
|faint|p1a: Tyranitar
|-damage|p2a: Swampert|19/100|[from] Recoil
|move|p1b: Sinistcha|Matcha Gotcha|p2a: Swampert|[spread] p2a,p2b
|-supereffective|p2a: Swampert|2
|-resisted|p2b: Archaludon|2
|-damage|p2a: Swampert|0 fnt
|-heal|p1b: Sinistcha|31/100|[from] drain|[of] p2a: Swampert
|-damage|p2b: Archaludon|48/100
|-heal|p1b: Sinistcha|34/100|[from] drain|[of] p2b: Archaludon
|faint|p2a: Swampert
|move|p2b: Archaludon|Electro Shot||[still]
|-prepare|p2b: Archaludon|Electro Shot
|-boost|p2b: Archaludon|spa|1
|-anim|p2b: Archaludon|Electro Shot|p1b: Sinistcha
|-resisted|p1b: Sinistcha|1
|-damage|p1b: Sinistcha|0 fnt
|faint|p1b: Sinistcha
|
|win|Serendepityz
||vamioli is ready for game 3.
|inactive|Serendepityz has 30 seconds to confirm battle start!
||Serendepityz is ready for game 3.
|uhtml|next|Next: Game 3 of 3
