|j|☆Kdbc73
|j|☆Yfhcuc
|html|Kdbc73Yfhcuc    
|uhtml|bestof|Game 2 of a best-of-3
|t:|1756177128
|gametype|doubles
|player|p1|Kdbc73|preschoolerf|1097
|player|p2|Yfhcuc|1|1010
|gen|9
|tier|[Gen 9] VGC 2025 Reg H (Bo3)
|rated|
|rule|Species Clause: Limit one of each Pokémon
|rule|Item Clause: Limit 1 of each item
|clearpoke
|poke|p1|Sneasler, L50, F|
|poke|p1|Indeedee, L50, M|
|poke|p1|Ursaluna-Bloodmoon, L50, M|
|poke|p1|Electabuzz, L50, M|
|poke|p1|Incineroar, L50, M|
|poke|p1|Talonflame, L50, F|
|poke|p2|Klefki, L50, M|
|poke|p2|Ursaluna-Bloodmoon, L50, M|
|poke|p2|Dragonite, L50, F|
|poke|p2|Archaludon, L50, M|
|poke|p2|Annihilape, L50, F|
|poke|p2|Maushold-Four, L50|
|teampreview|4
|showteam|p1|Sneasler||PsychicSeed|Unburden|CloseCombat,DireClaw,ThroatChop,Protect|||F|||50|,,,,,Dark]Indeedee||FocusSash|PsychicSurge|ExpandingForce,TrickRoom,HelpingHand,Protect|||M|||50|,,,,,Psychic]Ursaluna-Bloodmoon||LifeOrb|MindsEye|BloodMoon,HyperVoice,EarthPower,Protect|||M|||50|,,,,,Normal]Electabuzz||Eviolite|VitalSpirit|Electroweb,FollowMe,Taunt,Protect|||M|||50|,,,,,Dragon]Incineroar||SafetyGoggles|Intimidate|FlareBlitz,KnockOff,PartingShot,FakeOut|||M|||50|,,,,,Ghost]Talonflame||CovertCloak|GaleWings|FlareBlitz,DualWingbeat,WillOWisp,Tailwind|||F|||50|,,,,,Fairy
|showteam|p2|Klefki||LightClay|Prankster|DazzlingGleam,MistyTerrain,Reflect,LightScreen|||M|||50|,,,,,Water]Ursaluna-Bloodmoon||AssaultVest|MindsEye|BloodMoon,EarthPower,HyperVoice,VacuumWave|||M|||50|,,,,,Electric]Dragonite||LoadedDice|Multiscale|ScaleShot,Tailwind,Haze,Protect|||F|||50|,,,,,Steel]Archaludon||PowerHerb|Sturdy|ElectroShot,FlashCannon,DracoMeteor,Protect|||M|||50|,,,,,Grass]Annihilape||Leftovers|Defiant|RageFist,DrainPunch,BulkUp,Protect|||F|||50|,,,,,Fire]Maushold-Four||FocusSash|FriendGuard|BeatUp,FollowMe,Taunt,Protect||||||50|,,,,,Ghost
|
|t:|1756177164
|teamsize|p1|4
|teamsize|p2|4
|start
|switch|p1a: Indeedee|Indeedee, L50, M|100/100
|switch|p1b: Talonflame|Talonflame, L50, F|100/100
|switch|p2a: Klefki|Klefki, L50, M|100/100
|switch|p2b: Ursaluna|Ursaluna-Bloodmoon, L50, M|100/100
|-fieldstart|move: Psychic Terrain|[from] ability: Psychic Surge|[of] p1a: Indeedee
|turn|1
|
|t:|1756177188
|move|p2a: Klefki|Reflect|p2a: Klefki
|-sidestart|p2: Yfhcuc|Reflect
|move|p1b: Talonflame|Flare Blitz|p2a: Klefki
|-supereffective|p2a: Klefki
|-damage|p2a: Klefki|44/100
|-damage|p1b: Talonflame|81/100|[from] Recoil
|move|p1a: Indeedee|Expanding Force|p2b: Ursaluna|[spread] p2a,p2b
|-resisted|p2a: Klefki
|-crit|p2a: Klefki
|-damage|p2a: Klefki|4/100
|-damage|p2b: Ursaluna|62/100
|move|p2b: Ursaluna|Hyper Voice|p1a: Indeedee|[spread] p1a,p1b
|-damage|p1a: Indeedee|45/100
|-damage|p1b: Talonflame|19/100
|
|upkeep
|turn|2
|
|t:|1756177229
|move|p2a: Klefki|Light Screen|p2a: Klefki
|-sidestart|p2: Yfhcuc|move: Light Screen
|move|p1b: Talonflame|Dual Wingbeat|p2b: Ursaluna
|-damage|p2b: Ursaluna|54/100
|-damage|p2b: Ursaluna|47/100
|-hitcount|p2b: Ursaluna|2
|move|p1a: Indeedee|Expanding Force|p2b: Ursaluna|[spread] p2a,p2b
|-resisted|p2a: Klefki
|-crit|p2a: Klefki
|-damage|p2a: Klefki|0 fnt
|-damage|p2b: Ursaluna|21/100
|faint|p2a: Klefki
|move|p2b: Ursaluna|Hyper Voice|p1b: Talonflame|[spread] p1a,p1b
|-damage|p1a: Indeedee|0 fnt
|-damage|p1b: Talonflame|0 fnt
|faint|p1a: Indeedee
|faint|p1b: Talonflame
|
|upkeep
|
|t:|1756177249
|switch|p1b: Sneasler|Sneasler, L50, F|100/100
|switch|p1a: Ursaluna|Ursaluna-Bloodmoon, L50, M|100/100
|switch|p2a: Dragonite|Dragonite, L50, F|100/100
|-enditem|p1b: Sneasler|Psychic Seed
|-boost|p1b: Sneasler|spd|1|[from] item: Psychic Seed
|turn|3
|
|t:|1756177259
|switch|p2b: Archaludon|Archaludon, L50, M|100/100
|move|p1b: Sneasler|Dire Claw|p2a: Dragonite
|-crit|p2a: Dragonite
|-damage|p2a: Dragonite|63/100
|-status|p2a: Dragonite|par
|move|p1a: Ursaluna|Hyper Voice|p2b: Archaludon|[spread] p2a,p2b
|-resisted|p2b: Archaludon
|-damage|p2a: Dragonite|27/100 par
|-damage|p2b: Archaludon|75/100
|-damage|p1a: Ursaluna|91/100|[from] item: Life Orb
|move|p2a: Dragonite|Tailwind|p2a: Dragonite
|-sidestart|p2: Yfhcuc|move: Tailwind
|
|upkeep
|turn|4
|
|t:|1756177316
|move|p1b: Sneasler|Close Combat|p2b: Archaludon
|-supereffective|p2b: Archaludon
|-damage|p2b: Archaludon|0 fnt
|-unboost|p1b: Sneasler|def|1
|-unboost|p1b: Sneasler|spd|1
|faint|p2b: Archaludon
|move|p2a: Dragonite|Scale Shot|p1b: Sneasler
|-crit|p1b: Sneasler
|-damage|p1b: Sneasler|48/100
|-damage|p1b: Sneasler|10/100
|-damage|p1b: Sneasler|0 fnt
|faint|p1b: Sneasler
|-hitcount|p1: Sneasler|3
|-unboost|p2a: Dragonite|def|1
|-boost|p2a: Dragonite|spe|1
|move|p1a: Ursaluna|Hyper Voice|p2a: Dragonite
|-damage|p2a: Dragonite|0 fnt
|faint|p2a: Dragonite
|-damage|p1a: Ursaluna|81/100|[from] item: Life Orb
|
|upkeep
|
|t:|1756177326
|switch|p2a: Ursaluna|Ursaluna-Bloodmoon, L50, M|21/100
|turn|5
|
|t:|1756177331
|-terastallize|p2a: Ursaluna|Electric
|move|p1a: Ursaluna|Protect|p1a: Ursaluna
|-singleturn|p1a: Ursaluna|Protect
|move|p2a: Ursaluna|Blood Moon|p1a: Ursaluna
|-activate|p1a: Ursaluna|move: Protect
|
|-fieldend|move: Psychic Terrain
|upkeep
|turn|6
|
|t:|1756177351
|-terastallize|p1a: Ursaluna|Normal
|move|p2a: Ursaluna|Hyper Voice|p1a: Ursaluna
|-damage|p1a: Ursaluna|14/100
|move|p1a: Ursaluna|Earth Power|p2a: Ursaluna
|-supereffective|p2a: Ursaluna
|-damage|p2a: Ursaluna|0 fnt
|faint|p2a: Ursaluna
|-damage|p1a: Ursaluna|5/100|[from] item: Life Orb
|
|win|Kdbc73
||Yfhcuc is ready for game 3.
|inactive|Kdbc73 has 30 seconds to confirm battle start!
||Kdbc73 is ready for game 3.
|uhtml|next|Next: Game 3 of 3
|l|☆Yfhcuc
|player|p2|
