|j|☆WhatAreWorms
|j|☆Luisnm01
|html|WhatAreWormsLuisnm01    
|uhtml|bestof|Game 1 of a best-of-3
|t:|1786036667
|gametype|doubles
|player|p1|WhatAreWorms|170|1080
|player|p2|Luisnm01|1|1115
|gen|9
|tier|[Gen 9 Champions] VGC 2026 Reg M-B (Bo3)
|rated|
|rule|Species Clause: Limit one of each Pokémon
|rule|Item Clause: Limit 1 of each item
|clearpoke
|poke|p1|Froslass, L50, F|
|poke|p1|Sneasler, L50, F|
|poke|p1|Kingambit, L50, M|
|poke|p1|Arcanine-Hisui, L50, F|
|poke|p1|Scolipede, L50, M|
|poke|p1|Whimsicott, L50, M|
|poke|p2|Archaludon, L50, M|
|poke|p2|Pelipper, L50, M|
|poke|p2|Basculegion, L50, M|
|poke|p2|Sinistcha, L50|
|poke|p2|Sableye, L50, M|
|poke|p2|Meganium, L50, M|
|teampreview|4
|showteam|p1|Froslass||Froslassite|CursedBody|Blizzard,ShadowBall,AuroraVeil,Protect|Modest||F|||50|]Sneasler||WhiteHerb|Unburden|CloseCombat,DireClaw,FakeOut,Protect|Adamant||F|||50|]Kingambit||BlackGlasses|SupremeOverlord|SuckerPunch,KowtowCleave,IronHead,SwordsDance|Adamant||M|||50|]Arcanine-Hisui||WideLens|RockHead|HeadSmash,RockSlide,FlareBlitz,Protect|Jolly||F|||50|]Scolipede||Leftovers|SpeedBoost|Protect,LeechLife,RockSlide,GunkShot|Adamant||M|||50|]Whimsicott||FocusSash|Prankster|Tailwind,Moonblast,Encore,EnergyBall|Timid||M|||50|
|showteam|p2|Archaludon||Leftovers|Stamina|Protect,ElectroShot,FlashCannon,DragonPulse|Modest||M|||50|]Pelipper||LifeOrb|Drizzle|Protect,Hurricane,WeatherBall,Tailwind|Timid||M|||50|]Basculegion||ChoiceScarf|Adaptability|LastRespects,AquaJet,WaveCrash,FlipTurn|Jolly||M|||50|]Sinistcha||KasibBerry|Hospitality|RagePowder,MatchaGotcha,LifeDew,TrickRoom|Bold|||||50|]Sableye||LightClay|Prankster|LightScreen,Reflect,RainDance,Encore|Calm||M|||50|]Meganium||Meganiumite|Overgrow|SolarBeam,Protect,DazzlingGleam,WeatherBall|Modest||M|||50|
|
|t:|1786036744
|teamsize|p1|4
|teamsize|p2|4
|start
|switch|p1a: Froslass|Froslass, L50, F|100/100
|switch|p1b: Sneasler|Sneasler, L50, F|100/100
|switch|p2a: Sableye|Sableye, L50, M|100/100
|switch|p2b: Archaludon|Archaludon, L50, M|100/100
|turn|1
|inactive|Battle timer is ON: inactive players will automatically lose when time's up. (requested by Luisnm01)
|inactive|WhatAreWorms has 60 seconds left.
|
|t:|1786036786
|move|p2b: Archaludon|Protect|p2b: Archaludon
|-singleturn|p2b: Archaludon|Protect
|move|p2a: Sableye|Reflect|p2a: Sableye
|-sidestart|p2: Luisnm01|Reflect
|move|p1b: Sneasler|Close Combat|p2b: Archaludon
|-activate|p2b: Archaludon|move: Protect
|move|p1a: Froslass|Shadow Ball|p2a: Sableye
|-damage|p2a: Sableye|63/100
|
|upkeep
|turn|2
|
|t:|1786036803
|switch|p2b: Basculegion|Basculegion, L50, M|100/100
|move|p2a: Sableye|Light Screen|p2a: Sableye
|-sidestart|p2: Luisnm01|move: Light Screen
|move|p1b: Sneasler|Close Combat|p2b: Basculegion
|-immune|p2b: Basculegion
|move|p1a: Froslass|Shadow Ball|p2a: Sableye
|-damage|p2a: Sableye|36/100
|
|upkeep
|turn|3
|inactive|WhatAreWorms has 30 seconds left.
|inactive|Luisnm01 has 30 seconds left.
|
|t:|1786036835
|switch|p1a: Kingambit|Kingambit, L50, M|100/100
|move|p2a: Sableye|Rain Dance|p2a: Sableye
|-weather|RainDance
|move|p2b: Basculegion|Flip Turn|p1b: Sneasler
|-damage|p1b: Sneasler|0 fnt
|faint|p1b: Sneasler
|
|t:|1786036842
|switch|p2b: Archaludon|Archaludon, L50, M|100/100|[from] Flip Turn
|
|-weather|RainDance|[upkeep]
|upkeep
|
|t:|1786036855
|switch|p1b: Arcanine|Arcanine-Hisui, L50, F|100/100
|turn|4
|inactive|Luisnm01 has 30 seconds left.
|
|t:|1786036880
|switch|p2a: Pelipper|Pelipper, L50, M|100/100
|move|p1b: Arcanine|Flare Blitz|p2a: Pelipper
|-resisted|p2a: Pelipper|1
|-damage|p2a: Pelipper|89/100
|move|p2b: Archaludon|Electro Shot||[still]
|-prepare|p2b: Archaludon|Electro Shot
|-boost|p2b: Archaludon|spa|1
|-anim|p2b: Archaludon|Electro Shot|p1a: Kingambit
|-damage|p1a: Kingambit|44/100
|move|p1a: Kingambit|Swords Dance|p1a: Kingambit
|-boost|p1a: Kingambit|atk|2
|
|-weather|RainDance|[upkeep]
|upkeep
|turn|5
|
|t:|1786036902
|move|p1a: Kingambit|Sucker Punch|p2a: Pelipper
|-damage|p2a: Pelipper|8/100
|move|p1b: Arcanine|Rock Slide|p2a: Pelipper|[spread] p2a,p2b
|-supereffective|p2a: Pelipper|1
|-resisted|p2b: Archaludon|1
|-damage|p2a: Pelipper|0 fnt
|-damage|p2b: Archaludon|94/100
|-ability|p2b: Archaludon|Stamina|boost
|-boost|p2b: Archaludon|def|1
|faint|p2a: Pelipper
|move|p2b: Archaludon|Electro Shot||[still]
|-prepare|p2b: Archaludon|Electro Shot
|-boost|p2b: Archaludon|spa|1
|-anim|p2b: Archaludon|Electro Shot|p1a: Kingambit
|-damage|p1a: Kingambit|0 fnt
|faint|p1a: Kingambit
|-end|p1a: Kingambit|fallenundefined|[silent]
|
|-weather|RainDance|[upkeep]
|-heal|p2b: Archaludon|100/100|[from] item: Leftovers
|upkeep
|
|t:|1786036923
|switch|p2a: Sableye|Sableye, L50, M|36/100
|switch|p1a: Froslass|Froslass, L50, F|100/100
|turn|6
|inactive|WhatAreWorms has 30 seconds left.
|inactive|WhatAreWorms has 20 seconds left.
|
|t:|1786036958
|switch|p2a: Basculegion|Basculegion, L50, M|100/100
|detailschange|p1a: Froslass|Froslass-Mega, L50, F
|-mega|p1a: Froslass|Froslass|Froslassite
|-weather|Snowscape|[from] ability: Snow Warning|[of] p1a: Froslass
|move|p1a: Froslass|Blizzard|p2b: Archaludon|[spread] p2a,p2b
|-resisted|p2a: Basculegion|1
|-damage|p2a: Basculegion|81/100
|-damage|p2b: Archaludon|70/100
|-ability|p2b: Archaludon|Stamina|boost
|-boost|p2b: Archaludon|def|1
|move|p1b: Arcanine|Head Smash|p2a: Basculegion|[miss]
|-miss|p1b: Arcanine|p2a: Basculegion
|move|p2b: Archaludon|Flash Cannon|p1a: Froslass
|-supereffective|p1a: Froslass|1
|-damage|p1a: Froslass|0 fnt
|faint|p1a: Froslass
|
|-weather|Snowscape|[upkeep]
|-heal|p2b: Archaludon|76/100|[from] item: Leftovers
|upkeep
|turn|7
|
|t:|1786036981
|move|p2a: Basculegion|Wave Crash|p1b: Arcanine
|-supereffective|p1b: Arcanine|2
|-damage|p1b: Arcanine|0 fnt
|faint|p1b: Arcanine
|-damage|p2a: Basculegion|53/100|[from] Recoil
|
|win|Luisnm01
|l|☆WhatAreWorms
|player|p1|
||Luisnm01 is ready for game 2.
||WhatAreWorms is ready for game 2.
|uhtml|next|Next: Game 2 of 3
