|j|☆tedidn
|j|☆sbhaga34
|html|tedidnsbhaga34    
|uhtml|bestof|Game 2 of a best-of-3
|t:|1756863507
|gametype|doubles
|player|p1|tedidn|marshal|1276
|player|p2|sbhaga34|hugh|1229
|gen|9
|tier|[Gen 9] VGC 2025 Reg H (Bo3)
|rated|
|rule|Species Clause: Limit one of each Pokémon
|rule|Item Clause: Limit 1 of each item
|clearpoke
|poke|p1|Ninetales, L50, M|
|poke|p1|Jumpluff, L50, F|
|poke|p1|Dragonite, L50, M|
|poke|p1|Kingambit, L50, M|
|poke|p1|Sneasler, L50, F|
|poke|p1|Garchomp, L50, M|
|poke|p2|Indeedee-F, L50, F|
|poke|p2|Hydreigon, L50, M|
|poke|p2|Tyranitar, L50, F|
|poke|p2|Excadrill, L50, M|
|poke|p2|Gardevoir, L50, M|
|poke|p2|Incineroar, L50, M|
|teampreview|4
|showteam|p1|Ninetales||ChoiceSpecs|Drought|Overheat,HeatWave,SolarBeam,WeatherBall|||M|||50|,,,,,Grass]Jumpluff||CovertCloak|Chlorophyll|SleepPowder,RagePowder,Tailwind,SunnyDay|||F|||50|,,,,,Steel]Dragonite||LoadedDice|Multiscale|ScaleShot,ExtremeSpeed,Haze,Protect|||M|||50|,,,,,Fairy]Kingambit||SafetyGoggles|Defiant|KowtowCleave,SuckerPunch,SwordsDance,Protect|||M|||50|,,,,,Dark]Sneasler||FocusSash|Unburden|CloseCombat,Coaching,DireClaw,FakeOut|||F|||50|,,,,,Stellar]Garchomp||LifeOrb|RoughSkin|Earthquake,StompingTantrum,DragonClaw,Protect|||M|||50|,,,,,Fire
|showteam|p2|Indeedee-F||SafetyGoggles|PsychicSurge|FollowMe,TrickRoom,Imprison,Psychic|||F|||50|,,,,,Fairy]Hydreigon||CovertCloak|Levitate|DracoMeteor,DarkPulse,Tailwind,Taunt|||M|||50|,,,,,Ghost]Tyranitar||WeaknessPolicy|SandStream|RockSlide,KnockOff,LowKick,Protect|||F|||50|,,,,,Flying]Excadrill||FocusSash|SandRush|Earthquake,IronHead,SwordsDance,Protect|||M|||50|,,,,,Ground]Gardevoir||ChoiceScarf|Telepathy|ExpandingForce,DazzlingGleam,Moonblast,IcyWind|||M|||50|,,,,,Psychic]Incineroar||RockyHelmet|Intimidate|FakeOut,FlareBlitz,WillOWisp,PartingShot|||M|||50|,,,,,Grass
|inactive|Battle timer is ON: inactive players will automatically lose when time's up. (requested by tedidn)
|j| We_Are_Toasted
|
|t:|1756863530
|teamsize|p1|4
|teamsize|p2|4
|start
|switch|p1a: Cordyceps|Jumpluff, L50, F|100/100
|switch|p1b: Swiper|Ninetales, L50, M|100/100
|switch|p2a: Indeedee|Indeedee-F, L50, F|100/100
|switch|p2b: Tyranitar|Tyranitar, L50, F|100/100
|-weather|SunnyDay|[from] ability: Drought|[of] p1b: Swiper
|-fieldstart|move: Psychic Terrain|[from] ability: Psychic Surge|[of] p2a: Indeedee
|-weather|Sandstorm|[from] ability: Sand Stream|[of] p2b: Tyranitar
|turn|1
|
|t:|1756863554
|switch|p1b: Thrasher|Garchomp, L50, M|100/100
|move|p2b: Tyranitar|Protect|p2b: Tyranitar
|-singleturn|p2b: Tyranitar|Protect
|move|p1a: Cordyceps|Sunny Day|p1a: Cordyceps
|-weather|SunnyDay
|move|p2a: Indeedee|Trick Room|p2a: Indeedee
|-fieldstart|move: Trick Room|[of] p2a: Indeedee
|
|-weather|SunnyDay|[upkeep]
|upkeep
|turn|2
|inactive|tedidn has 30 seconds left.
|
|t:|1756863584
|move|p2a: Indeedee|Follow Me|p2a: Indeedee
|-singleturn|p2a: Indeedee|move: Follow Me
|move|p1a: Cordyceps|Rage Powder|p1a: Cordyceps
|-singleturn|p1a: Cordyceps|move: Rage Powder
|move|p2b: Tyranitar|Knock Off|p1a: Cordyceps
|-damage|p1a: Cordyceps|39/100
|-enditem|p1a: Cordyceps|Covert Cloak|[from] move: Knock Off|[of] p2b: Tyranitar
|move|p1b: Thrasher|Earthquake|p2a: Indeedee|[spread] p2a,p2b
|-immune|p1a: Cordyceps
|-supereffective|p2b: Tyranitar
|-damage|p2a: Indeedee|38/100
|-damage|p2b: Tyranitar|23/100
|-enditem|p2b: Tyranitar|Weakness Policy
|-boost|p2b: Tyranitar|atk|2|[from] item: Weakness Policy
|-boost|p2b: Tyranitar|spa|2|[from] item: Weakness Policy
|-damage|p1b: Thrasher|91/100|[from] item: Life Orb
|
|-weather|SunnyDay|[upkeep]
|upkeep
|turn|3
|
|t:|1756863607
|move|p2b: Tyranitar|Protect|p2b: Tyranitar
|-singleturn|p2b: Tyranitar|Protect
|move|p1a: Cordyceps|Rage Powder|p1a: Cordyceps
|-singleturn|p1a: Cordyceps|move: Rage Powder
|move|p2a: Indeedee|Psychic|p1a: Cordyceps
|-damage|p1a: Cordyceps|0 fnt
|faint|p1a: Cordyceps
|move|p1b: Thrasher|Earthquake|p2a: Indeedee|[spread] p2a
|-activate|p2b: Tyranitar|move: Protect
|-damage|p2a: Indeedee|0 fnt
|faint|p2a: Indeedee
|-damage|p1b: Thrasher|81/100|[from] item: Life Orb
|
|-weather|SunnyDay|[upkeep]
|upkeep
|
|t:|1756863621
|switch|p2a: Excadrill|Excadrill, L50, M, shiny|100/100
|switch|p1a: Douglass|Dragonite, L50, M|100/100
|turn|4
|inactive|sbhaga34 has 30 seconds left.
|inactive|sbhaga34 has 20 seconds left.
|inactive|sbhaga34 has 15 seconds left.
|
|t:|1756863669
|switch|p2a: Gardevoir|Gardevoir, L50, M, shiny|100/100
|move|p2b: Tyranitar|Rock Slide|p1b: Thrasher|[spread] p1a,p1b
|-supereffective|p1a: Douglass
|-crit|p1a: Douglass
|-resisted|p1b: Thrasher
|-damage|p1a: Douglass|3/100
|-damage|p1b: Thrasher|51/100
|move|p1a: Douglass|Scale Shot|p2b: Tyranitar
|-damage|p2b: Tyranitar|11/100
|-damage|p2b: Tyranitar|0 fnt
|faint|p2b: Tyranitar
|-hitcount|p2: Tyranitar|2
|-unboost|p1a: Douglass|def|1
|-boost|p1a: Douglass|spe|1
|move|p1b: Thrasher|Earthquake|p2a: Gardevoir|[spread] p2a
|-immune|p1a: Douglass
|-damage|p2a: Gardevoir|28/100
|-damage|p1b: Thrasher|42/100|[from] item: Life Orb
|
|-weather|SunnyDay|[upkeep]
|upkeep
|
|t:|1756863687
|switch|p2b: Excadrill|Excadrill, L50, M, shiny|100/100
|turn|5
|
|t:|1756863711
|-terastallize|p2b: Excadrill|Ground
|move|p1a: Douglass|Protect|p1a: Douglass
|-singleturn|p1a: Douglass|Protect
|move|p2b: Excadrill|Earthquake|p1a: Douglass|[spread] p1b
|-activate|p1a: Douglass|move: Protect
|-activate|p2a: Gardevoir|ability: Telepathy
|-damage|p1b: Thrasher|0 fnt
|faint|p1b: Thrasher
|move|p2a: Gardevoir|Dazzling Gleam|p1a: Douglass
|-activate|p1a: Douglass|move: Protect
|
|-weather|none
|-fieldend|move: Trick Room
|-fieldend|move: Psychic Terrain
|upkeep
|
|t:|1756863716
|switch|p1b: Swiper|Ninetales, L50, M|100/100
|-weather|SunnyDay|[from] ability: Drought|[of] p1b: Swiper
|turn|6
|
|t:|1756863732
|-terastallize|p1b: Swiper|Grass
|move|p2b: Excadrill|Protect|p2b: Excadrill
|-singleturn|p2b: Excadrill|Protect
|move|p1a: Douglass|Extreme Speed|p2a: Gardevoir
|-damage|p2a: Gardevoir|0 fnt
|faint|p2a: Gardevoir
|move|p1b: Swiper|Solar Beam||[still]
|-prepare|p1b: Swiper|Solar Beam
|-anim|p1b: Swiper|Solar Beam|p2b: Excadrill
|-activate|p2b: Excadrill|move: Protect
|
|-weather|SunnyDay|[upkeep]
|upkeep
|turn|7
|-message|sbhaga34 forfeited.
|
|win|tedidn
|l|☆sbhaga34
|player|p2|
