|j|☆dengonumber1fan
|j|☆Shnipe_Cizy
|html|dengonumber1fanShnipe_Cizy    
|uhtml|bestof|Game 2 of a best-of-3
|t:|1757695539
|gametype|doubles
|player|p1|dengonumber1fan|benga|
|player|p2|Shnipe_Cizy|blue-masters2|
|gen|9
|tier|[Gen 9] VGC 2025 Reg H (Bo3)
|rule|Species Clause: Limit one of each Pokémon
|rule|Item Clause: Limit 1 of each item
|clearpoke
|poke|p1|Sneasler, L50, F|
|poke|p1|Gholdengo, L50|
|poke|p1|Ursaluna-Bloodmoon, L50, M|
|poke|p1|Incineroar, L50, M|
|poke|p1|Annihilape, L50, F|
|poke|p1|Rillaboom, L50, M|
|poke|p2|Dondozo, L50, M|
|poke|p2|Tatsugiri, L50, M|
|poke|p2|Sneasler, L50, F|
|poke|p2|Indeedee, L50, M|
|poke|p2|Talonflame, L50, M|
|poke|p2|Ursaluna-Bloodmoon, L50, M|
|teampreview|4
|showteam|p1|Sneasler||GrassySeed|Unburden|CloseCombat,DireClaw,Acrobatics,Protect|||F|||50|,,,,,Flying]Gholdengo||ChoiceScarf|GoodasGold|MakeItRain,ShadowBall,Trick,Protect||||||50|,,,,,Steel]Ursaluna-Bloodmoon||Leftovers|MindsEye|BloodMoon,EarthPower,CalmMind,Protect|||M|||50|,,,,,Water]Incineroar||SitrusBerry|Intimidate|KnockOff,PartingShot,FlareBlitz,FakeOut|||M|||50|,,,,,Ghost]Annihilape||SafetyGoggles|Defiant|CloseCombat,RageFist,FinalGambit,Coaching|||F|||50|,,,,,Grass]Rillaboom||AssaultVest|GrassySurge|DrumBeating,GrassyGlide,HighHorsepower,FakeOut|||M|||50|,,,,,Fire
|showteam|p2|Dondozo||CovertCloak|Unaware|WaveCrash,OrderUp,TeraBlast,Protect|||M|||50|,,,,,Poison]Tatsugiri||SafetyGoggles|Commander|DragonPulse,MuddyWater,Taunt,Protect|||M|||50|,,,,,Fairy]Sneasler||PsychicSeed|Unburden|DireClaw,CloseCombat,ThroatChop,Protect|||F|||50|,,,,,Dark]Indeedee||FocusSash|PsychicSurge|ExpandingForce,TrickRoom,Imprison,Protect|||M|||50|,,,,,Psychic]Talonflame||ClearAmulet|GaleWings|BraveBird,FlareBlitz,Tailwind,Protect|||M|||50|,,,,,Ghost]Ursaluna-Bloodmoon||LifeOrb|MindsEye|BloodMoon,HyperVoice,EarthPower,Protect|||M|||50|,,,,,Normal
|inactive|Battle timer is ON: inactive players will automatically lose when time's up. (requested by dengonumber1fan)
|inactive|dengonumber1fan has 60 seconds left.
|inactive|Shnipe_Cizy has 60 seconds left.
|inactive|dengonumber1fan has 30 seconds left.
|inactive|dengonumber1fan has 20 seconds left.
|inactive|dengonumber1fan has 15 seconds left.
|inactive|dengonumber1fan has 10 seconds left.
|
|t:|1757695621
|teamsize|p1|4
|teamsize|p2|4
|start
|switch|p1a: Ursaluna|Ursaluna-Bloodmoon, L50, M|100/100
|switch|p1b: Sneasler|Sneasler, L50, F|100/100
|switch|p2a: Talonflame|Talonflame, L50, M|100/100
|switch|p2b: Ursaluna|Ursaluna-Bloodmoon, L50, M|100/100
|turn|1
|
|t:|1757695641
|switch|p1a: Rillaboom|Rillaboom, L50, M|100/100
|-fieldstart|move: Grassy Terrain|[from] ability: Grassy Surge|[of] p1a: Rillaboom
|-enditem|p1b: Sneasler|Grassy Seed
|-boost|p1b: Sneasler|def|1|[from] item: Grassy Seed
|move|p2a: Talonflame|Tailwind|p2a: Talonflame
|-sidestart|p2: Shnipe_Cizy|move: Tailwind
|move|p1b: Sneasler|Close Combat|p2b: Ursaluna
|-supereffective|p2b: Ursaluna
|-damage|p2b: Ursaluna|7/100
|-unboost|p1b: Sneasler|def|1
|-unboost|p1b: Sneasler|spd|1
|move|p2b: Ursaluna|Blood Moon|p1b: Sneasler
|-damage|p1b: Sneasler|0 fnt
|faint|p1b: Sneasler
|-damage|p2b: Ursaluna|0 fnt|[from] item: Life Orb
|faint|p2b: Ursaluna
|
|upkeep
|inactive|dengonumber1fan has 30 seconds left.
|inactive|dengonumber1fan has 20 seconds left.
|
|t:|1757695680
|switch|p1b: Incineroar|Incineroar, L50, M|100/100
|switch|p2b: Dondozo|Dondozo, L50, M|100/100
|-ability|p1b: Incineroar|Intimidate|boost
|-fail|p2a: Talonflame|unboost|[from] item: Clear Amulet|[of] p2a: Talonflame
|-unboost|p2b: Dondozo|atk|1
|turn|2
|inactive|dengonumber1fan has 30 seconds left.
|
|t:|1757695712
|switch|p2a: Tatsugiri|Tatsugiri, L50, M|100/100
|-activate|p2a: Tatsugiri|ability: Commander|[of] p2b: Dondozo
|-boost|p2b: Dondozo|atk|2
|-boost|p2b: Dondozo|spa|2
|-boost|p2b: Dondozo|spe|2
|-boost|p2b: Dondozo|def|2
|-boost|p2b: Dondozo|spd|2
|switch|p1a: Ursaluna|Ursaluna-Bloodmoon, L50, M|100/100
|-terastallize|p2b: Dondozo|Poison
|-terastallize|p1b: Incineroar|Ghost
|move|p2b: Dondozo|Wave Crash|p1b: Incineroar
|-damage|p1b: Incineroar|25/100
|-enditem|p1b: Incineroar|Sitrus Berry|[eat]
|-heal|p1b: Incineroar|50/100|[from] item: Sitrus Berry
|-damage|p2b: Dondozo|78/100|[from] Recoil
|move|p1b: Incineroar|Knock Off|p2b: Dondozo
|-damage|p2b: Dondozo|62/100
|-enditem|p2b: Dondozo|Covert Cloak|[from] move: Knock Off|[of] p1b: Incineroar
|
|-heal|p2b: Dondozo|68/100|[from] Grassy Terrain
|-heal|p1b: Incineroar|55/100|[from] Grassy Terrain
|upkeep
|turn|3
|inactive|dengonumber1fan has 30 seconds left.
|inactive|dengonumber1fan has 20 seconds left.
|inactive|dengonumber1fan has 15 seconds left.
|
|t:|1757695756
|switch|p1b: Rillaboom|Rillaboom, L50, M|100/100
|move|p2b: Dondozo|Tera Blast|p1b: Rillaboom|[anim] Tera Blast Poison
|-supereffective|p1b: Rillaboom
|-damage|p1b: Rillaboom|7/100
|move|p1a: Ursaluna|Earth Power|p2b: Dondozo
|-supereffective|p2b: Dondozo
|-crit|p2b: Dondozo
|-damage|p2b: Dondozo|0 fnt
|faint|p2b: Dondozo
|
|-heal|p1b: Rillaboom|13/100|[from] Grassy Terrain
|upkeep
|
|t:|1757695763
|switch|p2b: Talonflame|Talonflame, L50, M|100/100
|turn|4
|
|t:|1757695780
|move|p1b: Rillaboom|Fake Out|p2a: Tatsugiri
|-damage|p2a: Tatsugiri|79/100
|move|p2b: Talonflame|Brave Bird|p1a: Ursaluna
|-damage|p1a: Ursaluna|67/100
|-damage|p2b: Talonflame|85/100|[from] Recoil
|cant|p2a: Tatsugiri|flinch
|move|p1a: Ursaluna|Calm Mind|p1a: Ursaluna
|-boost|p1a: Ursaluna|spa|1
|-boost|p1a: Ursaluna|spd|1
|
|-heal|p2a: Tatsugiri|84/100|[from] Grassy Terrain
|-heal|p1b: Rillaboom|19/100|[from] Grassy Terrain
|-heal|p1a: Ursaluna|74/100|[from] Grassy Terrain
|-heal|p1a: Ursaluna|80/100|[from] item: Leftovers
|-sideend|p2: Shnipe_Cizy|move: Tailwind
|upkeep
|turn|5
|
|t:|1757695796
|move|p1b: Rillaboom|Grassy Glide|p2a: Tatsugiri
|-damage|p2a: Tatsugiri|21/100
|move|p2b: Talonflame|Brave Bird|p1a: Ursaluna
|-damage|p1a: Ursaluna|43/100
|-damage|p2b: Talonflame|69/100|[from] Recoil
|move|p2a: Tatsugiri|Muddy Water|p1b: Rillaboom|[spread] p1b
|-miss|p2a: Tatsugiri|p1a: Ursaluna
|-resisted|p1b: Rillaboom
|-damage|p1b: Rillaboom|5/100
|move|p1a: Ursaluna|Blood Moon|p2b: Talonflame
|-damage|p2b: Talonflame|0 fnt
|faint|p2b: Talonflame
|
|-heal|p1b: Rillaboom|11/100|[from] Grassy Terrain
|-heal|p2a: Tatsugiri|26/100|[from] Grassy Terrain
|-heal|p1a: Ursaluna|50/100|[from] Grassy Terrain
|-heal|p1a: Ursaluna|56/100|[from] item: Leftovers
|-fieldend|move: Grassy Terrain
|upkeep
|turn|6
|c|☆Shnipe_Cizy|rip
|c|☆Shnipe_Cizy|gg
|-message|Shnipe_Cizy forfeited.
|
|win|dengonumber1fan
||Shnipe_Cizy is ready for game 3.
|l|☆dengonumber1fan
|player|p1|
||dengonumber1fan is ready for game 3.
|uhtml|next|Next: Game 3 of 3
|j|☆dengonumber1fan
|player|p1|dengonumber1fan|benga|
