|j|☆RowansMuscleShirt
|j|☆God-King Kuzan
|html|RowansMuscleShirtGod-King Kuzan    
|uhtml|bestof|Game 2 of a best-of-3
|t:|1757099202
|gametype|doubles
|player|p1|RowansMuscleShirt|ltsurge|1080
|player|p2|God-King Kuzan|marnie-masters3|1040
|gen|9
|tier|[Gen 9] VGC 2025 Reg H (Bo3)
|rated|
|rule|Species Clause: Limit one of each Pokémon
|rule|Item Clause: Limit 1 of each item
|clearpoke
|poke|p1|Dragonite, L50, M|
|poke|p1|Gholdengo, L50|
|poke|p1|Ursaluna-Bloodmoon, L50, M|
|poke|p1|Annihilape, L50, F|
|poke|p1|Maushold-Four, L50|
|poke|p1|Rillaboom, L50, M|
|poke|p2|Indeedee-F, L50, F|
|poke|p2|Hatterene, L50, F|
|poke|p2|Gallade, L50, M|
|poke|p2|Ursaluna, L50, M|
|poke|p2|Lilligant-Hisui, L50, F|
|poke|p2|Torkoal, L50, M|
|teampreview|4
|showteam|p1|Dragonite||LoadedDice|Multiscale|ScaleShot,Tailwind,Haze,Protect|||M|||50|,,,,,Fairy]Gholdengo||LifeOrb|GoodasGold|MakeItRain,ShadowBall,NastyPlot,Protect||||||50|,,,,,Water]Ursaluna-Bloodmoon||AssaultVest|MindsEye|BloodMoon,EarthPower,HyperVoice,VacuumWave|||M|||50|,,,,,Water]Annihilape||SitrusBerry|Defiant|DrainPunch,RageFist,BulkUp,Protect|||F|||50|,,,,,Fire]Maushold-Four||FocusSash|FriendGuard|SuperFang,BeatUp,FollowMe,Protect||||||50|,,,,,Ghost]Rillaboom||MiracleSeed|GrassySurge|WoodHammer,GrassyGlide,HighHorsepower,FakeOut|||M|||50|,,,,,Fire
|showteam|p2|Indeedee-F||PsychicSeed|PsychicSurge|TrickRoom,FollowMe,HelpingHand,DazzlingGleam|||F|||50|,,,,,Fire]Hatterene||LifeOrb|MagicBounce|ExpandingForce,TrickRoom,DazzlingGleam,Protect|||F|||50|,,,,,Psychic]Gallade||ClearAmulet|Sharpness|PsychoCut,TrickRoom,SacredSword,WideGuard|||M|||50|,,,,,Grass]Ursaluna||FlameOrb|Guts|HeadlongRush,Facade,SwordsDance,Protect|||M|||50|,,,,,Ghost]Lilligant-Hisui||FocusSash|Chlorophyll|SolarBlade,SleepPowder,CloseCombat,AfterYou|||F|||50|,,,,,Ghost]Torkoal||ChoiceSpecs|Drought|Eruption,HeatWave,WeatherBall,EarthPower|||M|||50|,,,,,Fire
|inactive|Battle timer is ON: inactive players will automatically lose when time's up. (requested by RowansMuscleShirt)
|
|t:|1757099226
|teamsize|p1|4
|teamsize|p2|4
|start
|switch|p1a: Ursaluna|Ursaluna-Bloodmoon, L50, M|100/100
|switch|p1b: Maushold|Maushold-Four, L50|100/100
|switch|p2a: Lilligant|Lilligant-Hisui, L50, F, shiny|100/100
|switch|p2b: Torkoal|Torkoal, L50, M, shiny|100/100
|-weather|SunnyDay|[from] ability: Drought|[of] p2b: Torkoal
|turn|1
|
|t:|1757099248
|-terastallize|p1a: Ursaluna|Water
|-terastallize|p2b: Torkoal|Fire
|move|p2a: Lilligant|After You|p2b: Torkoal
|-activate|p2b: Torkoal|move: After You
|move|p2b: Torkoal|Eruption|p1b: Maushold|[spread] p1a,p1b
|-resisted|p1a: Ursaluna
|-damage|p1a: Ursaluna|61/100
|-enditem|p1b: Maushold|Focus Sash
|-damage|p1b: Maushold|1/100
|move|p1b: Maushold|Super Fang|p2a: Lilligant
|-damage|p2a: Lilligant|50/100
|move|p1a: Ursaluna|Hyper Voice|p2b: Torkoal|[spread] p2a,p2b
|-damage|p2a: Lilligant|0 fnt
|-damage|p2b: Torkoal|48/100
|faint|p2a: Lilligant
|
|-weather|SunnyDay|[upkeep]
|upkeep
|
|t:|1757099256
|switch|p2a: Indeedee|Indeedee-F, L50, F, shiny|100/100
|-fieldstart|move: Psychic Terrain|[from] ability: Psychic Surge|[of] p2a: Indeedee
|-enditem|p2a: Indeedee|Psychic Seed
|-boost|p2a: Indeedee|spd|1|[from] item: Psychic Seed
|turn|2
|
|t:|1757099278
|switch|p2b: Ursaluna|Ursaluna, L50, M, shiny|100/100
|move|p1b: Maushold|Super Fang|p2a: Indeedee
|-damage|p2a: Indeedee|51/100
|move|p1a: Ursaluna|Hyper Voice|p2a: Indeedee|[spread] p2a,p2b
|-damage|p2a: Indeedee|26/100
|-damage|p2b: Ursaluna|66/100
|move|p2a: Indeedee|Trick Room|p2a: Indeedee
|-fieldstart|move: Trick Room|[of] p2a: Indeedee
|
|-weather|SunnyDay|[upkeep]
|-status|p2b: Ursaluna|brn|[from] item: Flame Orb
|upkeep
|turn|3
|inactive|God-King Kuzan has 30 seconds left.
|inactive|God-King Kuzan has 20 seconds left.
|inactive|God-King Kuzan has 15 seconds left.
|
|t:|1757099321
|move|p2a: Indeedee|Follow Me|p2a: Indeedee
|-singleturn|p2a: Indeedee|move: Follow Me
|move|p1b: Maushold|Follow Me|p1b: Maushold
|-singleturn|p1b: Maushold|move: Follow Me
|move|p2b: Ursaluna|Facade|p1b: Maushold
|-damage|p1b: Maushold|0 fnt
|faint|p1b: Maushold
|move|p1a: Ursaluna|Hyper Voice|p2a: Indeedee|[spread] p2a,p2b
|-damage|p2a: Indeedee|0 fnt
|-damage|p2b: Ursaluna|29/100 brn
|faint|p2a: Indeedee
|
|-weather|SunnyDay|[upkeep]
|-damage|p2b: Ursaluna|23/100 brn|[from] brn
|upkeep
|inactive|RowansMuscleShirt has 30 seconds left.
|
|t:|1757099351
|switch|p2a: Torkoal|Torkoal, L50, M, shiny, tera:Fire|48/100
|switch|p1b: Rillaboom|Rillaboom, L50, M|100/100
|-fieldstart|move: Grassy Terrain|[from] ability: Grassy Surge|[of] p1b: Rillaboom
|turn|4
|inactive|RowansMuscleShirt has 30 seconds left.
|inactive|RowansMuscleShirt has 20 seconds left.
|
|t:|1757099391
|move|p1b: Rillaboom|Fake Out|p2a: Torkoal
|-damage|p2a: Torkoal|37/100
|move|p1a: Ursaluna|Vacuum Wave|p2b: Ursaluna
|-supereffective|p2b: Ursaluna
|-damage|p2b: Ursaluna|0 fnt
|faint|p2b: Ursaluna
|cant|p2a: Torkoal|flinch
|
|-weather|SunnyDay|[upkeep]
|-heal|p2a: Torkoal|43/100|[from] Grassy Terrain
|-heal|p1a: Ursaluna|67/100|[from] Grassy Terrain
|upkeep
|turn|5
|-message|God-King Kuzan forfeited.
|
|win|RowansMuscleShirt
||God-King Kuzan is ready for game 3.
||RowansMuscleShirt is ready for game 3.
|uhtml|next|Next: Game 3 of 3
|l|☆RowansMuscleShirt
|player|p1|
