|j|☆Advertisementish
|j|☆Traindelpivgc
|html|AdvertisementishTraindelpivgc    
|uhtml|bestof|Game 2 of a best-of-3
|t:|1756213441
|gametype|doubles
|player|p1|Advertisementish|n|1166
|player|p2|Traindelpivgc|hilbert-wonderlauncher|1118
|gen|9
|tier|[Gen 9] VGC 2025 Reg H (Bo3)
|rated|
|rule|Species Clause: Limit one of each Pokémon
|rule|Item Clause: Limit 1 of each item
|clearpoke
|poke|p1|Dragonite, L50, F|
|poke|p1|Tatsugiri-Droopy, L50, M|
|poke|p1|Dondozo, L50, M|
|poke|p1|Glimmora, L50, M|
|poke|p1|Gholdengo, L50|
|poke|p1|Talonflame, L50, M|
|poke|p2|Incineroar, L50, M|
|poke|p2|Amoonguss, L50, F|
|poke|p2|Ursaluna-Bloodmoon, L50, M|
|poke|p2|Sneasler, L50, M|
|poke|p2|Gholdengo, L50|
|poke|p2|Dragonite, L50, F|
|teampreview|4
|showteam|p1|Dragonite||ChoiceBand|InnerFocus|IceSpinner,ExtremeSpeed,Earthquake,Outrage|||F|||50|,,,,,Normal]Tatsugiri-Droopy||FocusSash|Commander|MuddyWater,Protect,DracoMeteor,IcyWind|||M|||50|,,,,,Steel]Dondozo||Leftovers|Unaware|Crunch,OrderUp,Protect,BodyPress|||M|||50|,,,,,Grass]Glimmora||AssaultVest|ToxicDebris|EarthPower,PowerGem,MortalSpin,EnergyBall|||M|||50|,,,,,Grass]Gholdengo||ChoiceSpecs|GoodasGold|MakeItRain,ShadowBall,Thunderbolt,PowerGem||||||50|,,,,,Steel]Talonflame||CovertCloak|GaleWings|DualWingbeat,WillOWisp,Taunt,Tailwind|||M|||50|,,,,,Flying
|showteam|p2|Incineroar||SafetyGoggles|Intimidate|FlareBlitz,KnockOff,PartingShot,FakeOut|||M|||50|,,,,,Ghost]Amoonguss||SitrusBerry|Regenerator|Spore,RagePowder,PollenPuff,Protect|||F|||50|,,,,,Psychic]Ursaluna-Bloodmoon||AssaultVest|MindsEye|HyperVoice,BloodMoon,EarthPower,VacuumWave|||M|||50|,,,,,Water]Sneasler||FocusSash|Unburden|CloseCombat,DireClaw,ThroatChop,Protect|||M|||50|,,,,,Stellar]Gholdengo||LifeOrb|GoodasGold|MakeItRain,ShadowBall,NastyPlot,Protect||||||50|,,,,,Water]Dragonite||LoadedDice|Multiscale|ScaleShot,Tailwind,Haze,Protect|||F|||50|,,,,,Fairy
|inactive|Battle timer is ON: inactive players will automatically lose when time's up. (requested by Advertisementish)
|inactive|Traindelpivgc has 60 seconds left.
|inactive|Traindelpivgc has 30 seconds left.
|
|t:|1756213511
|teamsize|p1|4
|teamsize|p2|4
|start
|switch|p1a: Dragonite|Dragonite, L50, F|100/100
|switch|p1b: Glimmora|Glimmora, L50, M|100/100
|switch|p2a: Dragonite|Dragonite, L50, F|100/100
|switch|p2b: Incineroar|Incineroar, L50, M|100/100
|-ability|p2b: Incineroar|Intimidate|boost
|-fail|p1a: Dragonite|unboost|Attack|[from] ability: Inner Focus|[of] p1a: Dragonite
|-unboost|p1b: Glimmora|atk|1
|turn|1
|
|t:|1756213533
|-terastallize|p2a: Dragonite|Fairy
|-terastallize|p1a: Dragonite|Normal
|move|p2a: Dragonite|Tailwind|p2a: Dragonite
|-sidestart|p2: Traindelpivgc|move: Tailwind
|move|p2b: Incineroar|Knock Off|p1b: Glimmora
|-damage|p1b: Glimmora|66/100
|-activate|p1b: Glimmora|ability: Toxic Debris
|-sidestart|p2: Traindelpivgc|move: Toxic Spikes
|-enditem|p1b: Glimmora|Assault Vest|[from] move: Knock Off|[of] p2b: Incineroar
|move|p1b: Glimmora|Mortal Spin|p2b: Incineroar|[spread] p2a,p2b
|-supereffective|p2a: Dragonite
|-damage|p2a: Dragonite|97/100
|-damage|p2b: Incineroar|99/100
|-status|p2a: Dragonite|psn
|-status|p2b: Incineroar|psn
|move|p1a: Dragonite|Ice Spinner|p2a: Dragonite
|-damage|p2a: Dragonite|47/100 psn
|
|-damage|p2a: Dragonite|34/100 psn|[from] psn
|-damage|p2b: Incineroar|86/100 psn|[from] psn
|upkeep
|turn|2
|inactive|Traindelpivgc has 30 seconds left.
|
|t:|1756213560
|move|p2a: Dragonite|Scale Shot|p1b: Glimmora
|-damage|p1b: Glimmora|54/100
|-activate|p1b: Glimmora|ability: Toxic Debris
|-sidestart|p2: Traindelpivgc|move: Toxic Spikes
|-damage|p1b: Glimmora|42/100
|-damage|p1b: Glimmora|30/100
|-damage|p1b: Glimmora|18/100
|-hitcount|p1b: Glimmora|4
|-unboost|p2a: Dragonite|def|1
|-boost|p2a: Dragonite|spe|1
|move|p2b: Incineroar|Parting Shot|p1a: Dragonite
|-unboost|p1a: Dragonite|atk|1
|-unboost|p1a: Dragonite|spa|1
|inactive|Traindelpivgc has 30 seconds left.
|
|t:|1756213588
|switch|p2b: Gholdengo|Gholdengo, L50|100/100|[from] Parting Shot
|move|p1b: Glimmora|Power Gem|p2b: Gholdengo
|-resisted|p2b: Gholdengo
|-damage|p2b: Gholdengo|81/100
|move|p1a: Dragonite|Ice Spinner|p2a: Dragonite
|-damage|p2a: Dragonite|0 fnt
|faint|p2a: Dragonite
|
|upkeep
|
|t:|1756213604
|switch|p2a: Sneasler|Sneasler, L50, M|100/100
|-sideend|p2: Traindelpivgc|move: Toxic Spikes|[of] p2a: Sneasler
|turn|3
|
|t:|1756213618
|move|p2a: Sneasler|Protect|p2a: Sneasler
|-singleturn|p2a: Sneasler|Protect
|move|p2b: Gholdengo|Nasty Plot|p2b: Gholdengo
|-boost|p2b: Gholdengo|spa|2
|move|p1b: Glimmora|Earth Power|p2b: Gholdengo
|-supereffective|p2b: Gholdengo
|-damage|p2b: Gholdengo|26/100
|move|p1a: Dragonite|Ice Spinner|p2a: Sneasler
|-activate|p2a: Sneasler|move: Protect
|
|upkeep
|turn|4
|
|t:|1756213636
|switch|p2a: Incineroar|Incineroar, L50, M|86/100 psn
|-ability|p2a: Incineroar|Intimidate|boost
|-fail|p1a: Dragonite|unboost|Attack|[from] ability: Inner Focus|[of] p1a: Dragonite
|-unboost|p1b: Glimmora|atk|1
|move|p2b: Gholdengo|Make It Rain|p1b: Glimmora|[spread] p1a,p1b
|-supereffective|p1b: Glimmora
|-damage|p1a: Dragonite|0 fnt
|-damage|p1b: Glimmora|0 fnt
|-unboost|p2b: Gholdengo|spa|1
|faint|p1a: Dragonite
|faint|p1b: Glimmora
|-damage|p2b: Gholdengo|17/100|[from] item: Life Orb
|
|-damage|p2a: Incineroar|74/100 psn|[from] psn
|-sideend|p2: Traindelpivgc|move: Tailwind
|upkeep
|
|t:|1756213650
|switch|p1b: Dondozo|Dondozo, L50, M|100/100
|switch|p1a: Tatsugiri|Tatsugiri-Droopy, L50, M, shiny|100/100
|-activate|p1a: Tatsugiri|ability: Commander|[of] p1b: Dondozo
|-boost|p1b: Dondozo|atk|2
|-boost|p1b: Dondozo|spa|2
|-boost|p1b: Dondozo|spe|2
|-boost|p1b: Dondozo|def|2
|-boost|p1b: Dondozo|spd|2
|turn|5
|
|t:|1756213662
|move|p1b: Dondozo|Protect|p1b: Dondozo
|-singleturn|p1b: Dondozo|Protect
|move|p2a: Incineroar|Fake Out|p1b: Dondozo
|-activate|p1b: Dondozo|move: Protect
|move|p2b: Gholdengo|Nasty Plot|p2b: Gholdengo
|-boost|p2b: Gholdengo|spa|2
|
|-damage|p2a: Incineroar|61/100 psn|[from] psn
|upkeep
|turn|6
|inactive|Traindelpivgc has 30 seconds left.
|
|t:|1756213688
|switch|p2a: Sneasler|Sneasler, L50, M|100/100
|move|p2b: Gholdengo|Protect|p2b: Gholdengo
|-singleturn|p2b: Gholdengo|Protect
|move|p1b: Dondozo|Crunch|p2b: Gholdengo
|-activate|p2b: Gholdengo|move: Protect
|
|upkeep
|turn|7
|
|t:|1756213707
|move|p2a: Sneasler|Dire Claw|p1b: Dondozo
|-damage|p1b: Dondozo|89/100
|-status|p1b: Dondozo|par
|move|p2b: Gholdengo|Make It Rain|p1b: Dondozo|[spread] p1b
|-miss|p2b: Gholdengo|p1a: Tatsugiri
|-resisted|p1b: Dondozo
|-damage|p1b: Dondozo|74/100 par
|-unboost|p2b: Gholdengo|spa|1
|-damage|p2b: Gholdengo|7/100|[from] item: Life Orb
|move|p1b: Dondozo|Crunch|p2b: Gholdengo
|-supereffective|p2b: Gholdengo
|-damage|p2b: Gholdengo|0 fnt
|faint|p2b: Gholdengo
|
|-heal|p1b: Dondozo|81/100 par|[from] item: Leftovers
|upkeep
|
|t:|1756213723
|switch|p2b: Incineroar|Incineroar, L50, M|61/100 psn
|-ability|p2b: Incineroar|Intimidate|boost
|-unboost|p1a: Tatsugiri|atk|1
|-unboost|p1b: Dondozo|atk|1
|turn|8
|
|t:|1756213736
|move|p1b: Dondozo|Protect|p1b: Dondozo
|-singleturn|p1b: Dondozo|Protect
|move|p2b: Incineroar|Fake Out|p1b: Dondozo
|-activate|p1b: Dondozo|move: Protect
|move|p2a: Sneasler|Close Combat|p1b: Dondozo
|-activate|p1b: Dondozo|move: Protect
|
|-heal|p1b: Dondozo|87/100 par|[from] item: Leftovers
|-damage|p2b: Incineroar|49/100 psn|[from] psn
|upkeep
|turn|9
|
|t:|1756213750
|move|p2a: Sneasler|Close Combat|p1b: Dondozo
|-crit|p1b: Dondozo
|-damage|p1b: Dondozo|36/100 par
|-unboost|p2a: Sneasler|def|1
|-unboost|p2a: Sneasler|spd|1
|move|p2b: Incineroar|Knock Off|p1b: Dondozo
|-damage|p1b: Dondozo|24/100 par
|-enditem|p1b: Dondozo|Leftovers|[from] move: Knock Off|[of] p2b: Incineroar
|move|p1b: Dondozo|Order Up|p2a: Sneasler
|-damage|p2a: Sneasler|55/100
|-boost|p1b: Dondozo|def|1
|
|-damage|p2b: Incineroar|37/100 psn|[from] psn
|upkeep
|turn|10
|
|t:|1756213771
|move|p1b: Dondozo|Protect|p1b: Dondozo
|-singleturn|p1b: Dondozo|Protect
|move|p2a: Sneasler|Close Combat|p1b: Dondozo
|-activate|p1b: Dondozo|move: Protect
|move|p2b: Incineroar|Knock Off|p1b: Dondozo
|-activate|p1b: Dondozo|move: Protect
|
|-damage|p2b: Incineroar|24/100 psn|[from] psn
|upkeep
|turn|11
|
|t:|1756213784
|move|p2a: Sneasler|Close Combat|p1b: Dondozo
|-damage|p1b: Dondozo|9/100 par
|-unboost|p2a: Sneasler|def|1
|-unboost|p2a: Sneasler|spd|1
|move|p2b: Incineroar|Knock Off|p1b: Dondozo
|-crit|p1b: Dondozo
|-damage|p1b: Dondozo|0 fnt
|faint|p1b: Dondozo
|
|-damage|p2b: Incineroar|12/100 psn|[from] psn
|upkeep
|turn|12
|
|t:|1756213802
|move|p1a: Tatsugiri|Protect|p1a: Tatsugiri
|-singleturn|p1a: Tatsugiri|Protect
|move|p2a: Sneasler|Dire Claw|p1a: Tatsugiri
|-activate|p1a: Tatsugiri|move: Protect
|move|p2b: Incineroar|Knock Off|p1a: Tatsugiri
|-activate|p1a: Tatsugiri|move: Protect
|
|-damage|p2b: Incineroar|0 fnt|[from] psn
|faint|p2b: Incineroar
|upkeep
|turn|13
|
|t:|1756213813
|move|p2a: Sneasler|Dire Claw|p1a: Tatsugiri
|-damage|p1a: Tatsugiri|21/100
|-status|p1a: Tatsugiri|slp
|cant|p1a: Tatsugiri|slp
|
|upkeep
|turn|14
|
|t:|1756213821
|move|p2a: Sneasler|Dire Claw|p1a: Tatsugiri
|-crit|p1a: Tatsugiri
|-damage|p1a: Tatsugiri|0 fnt
|faint|p1a: Tatsugiri
|
|win|Traindelpivgc
||Advertisementish is ready for game 3.
|l|☆Advertisementish
|player|p1|
||Traindelpivgc is ready for game 3.
|uhtml|next|Next: Game 3 of 3
