|j|☆bassacucina777
|j|☆luriss
|html|bassacucina777luriss    
|uhtml|bestof|Game 2 of a best-of-3
|t:|1756581451
|gametype|doubles
|player|p1|bassacucina777|1|1172
|player|p2|luriss|ltsurge|1079
|gen|9
|tier|[Gen 9] VGC 2025 Reg H (Bo3)
|rated|
|rule|Species Clause: Limit one of each Pokémon
|rule|Item Clause: Limit 1 of each item
|clearpoke
|poke|p1|Ceruledge, L50, F|
|poke|p1|Sneasler, L50, M|
|poke|p1|Rillaboom, L50, M|
|poke|p1|Electabuzz, L50, F|
|poke|p1|Ursaluna-Bloodmoon, L50, M|
|poke|p1|Ninetales-Alola, L50, F|
|poke|p2|Sneasler, L50, M|
|poke|p2|Indeedee, L50, M|
|poke|p2|Volcarona, L50, M|
|poke|p2|Ursaluna-Bloodmoon, L50, M|
|poke|p2|Annihilape, L50, M|
|poke|p2|Tyranitar, L50, M|
|teampreview|4
|showteam|p1|Ceruledge||GrassySeed|FlashFire|BitterBlade,ShadowSneak,SwordsDance,Protect|||F|||50|,,,,,Grass]Sneasler||FocusSash|Unburden|CloseCombat,DireClaw,Coaching,Protect|||M|||50|,,,,,Stellar]Rillaboom||AssaultVest|GrassySurge|FakeOut,WoodHammer,HighHorsepower,GrassyGlide|||M|||50|,,,,,Fire]Electabuzz||Eviolite|VitalSpirit|Electroweb,Taunt,FollowMe,Protect|||F|||50|,,,,,Dragon]Ursaluna-Bloodmoon||LifeOrb|MindsEye|BloodMoon,HyperVoice,EarthPower,Protect|||M|||50|,,,,,Normal]Ninetales-Alola||CovertCloak|SnowWarning|Blizzard,AuroraVeil,Encore,Protect|||F|||50|,,,,,Water
|showteam|p2|Sneasler||PsychicSeed|Unburden|CloseCombat,DireClaw,ThroatChop,Protect|||M|||50|,,,,,Dark]Indeedee||ChoiceScarf|PsychicSurge|ExpandingForce,TeraBlast,Trick,Protect|||M|||50|,,,,,Psychic]Volcarona||SitrusBerry|FlameBody|Overheat,StruggleBug,RagePowder,Tailwind|||M|||50|,,,,,Grass]Ursaluna-Bloodmoon||LifeOrb|MindsEye|BloodMoon,HyperVoice,EarthPower,Protect|||M|||50|,,,,,Normal]Annihilape||SafetyGoggles|Defiant|CloseCombat,RageFist,Taunt,FinalGambit|||M|||50|,,,,,Fairy]Tyranitar||AssaultVest|SandStream|RockSlide,KnockOff,TeraBlast,LowKick|||M|||50|,,,,,Flying
|
|t:|1756581474
|teamsize|p1|4
|teamsize|p2|4
|start
|switch|p1a: Ursaluna|Ursaluna-Bloodmoon, L50, M|100/100
|switch|p1b: Electabuzz|Electabuzz, L50, F|100/100
|switch|p2a: Tyranitar|Tyranitar, L50, M|100/100
|switch|p2b: Indeedee|Indeedee, L50, M|100/100
|-fieldstart|move: Psychic Terrain|[from] ability: Psychic Surge|[of] p2b: Indeedee
|-weather|Sandstorm|[from] ability: Sand Stream|[of] p2a: Tyranitar
|turn|1
|
|t:|1756581515
|move|p1b: Electabuzz|Follow Me|p1b: Electabuzz
|-singleturn|p1b: Electabuzz|move: Follow Me
|move|p2b: Indeedee|Expanding Force|p1a: Ursaluna|[spread] p1a,p1b
|-damage|p1a: Ursaluna|27/100
|-damage|p1b: Electabuzz|51/100
|move|p2a: Tyranitar|Low Kick|p1b: Electabuzz
|-damage|p1b: Electabuzz|36/100
|move|p1a: Ursaluna|Blood Moon|p2b: Indeedee
|-damage|p2b: Indeedee|0 fnt
|faint|p2b: Indeedee
|-damage|p1a: Ursaluna|18/100|[from] item: Life Orb
|
|-weather|Sandstorm|[upkeep]
|-damage|p1b: Electabuzz|30/100|[from] Sandstorm
|upkeep
|
|t:|1756581530
|switch|p2b: Volcarona|Volcarona, L50, M|100/100
|turn|2
|
|t:|1756581545
|move|p1a: Ursaluna|Protect|p1a: Ursaluna
|-singleturn|p1a: Ursaluna|Protect
|move|p2b: Volcarona|Tailwind|p2b: Volcarona
|-sidestart|p2: luriss|move: Tailwind
|move|p2a: Tyranitar|Rock Slide|p1a: Ursaluna|[spread] p1b
|-activate|p1a: Ursaluna|move: Protect
|-damage|p1b: Electabuzz|7/100
|cant|p1b: Electabuzz|flinch
|
|-weather|Sandstorm|[upkeep]
|-damage|p2b: Volcarona|94/100|[from] Sandstorm
|-damage|p1b: Electabuzz|2/100|[from] Sandstorm
|upkeep
|turn|3
|
|t:|1756581563
|switch|p1a: Rillaboom|Rillaboom, L50, M|100/100
|-fieldstart|move: Grassy Terrain|[from] ability: Grassy Surge|[of] p1a: Rillaboom
|move|p2b: Volcarona|Struggle Bug|p1b: Electabuzz|[spread] p1a,p1b
|-supereffective|p1a: Rillaboom
|-damage|p1a: Rillaboom|76/100
|-damage|p1b: Electabuzz|0 fnt
|-unboost|p1a: Rillaboom|spa|1
|faint|p1b: Electabuzz
|move|p2a: Tyranitar|Rock Slide|p1a: Rillaboom
|-damage|p1a: Rillaboom|35/100
|
|-weather|Sandstorm|[upkeep]
|-damage|p2b: Volcarona|88/100|[from] Sandstorm
|-damage|p1a: Rillaboom|29/100|[from] Sandstorm
|-heal|p2b: Volcarona|94/100|[from] Grassy Terrain
|-heal|p1a: Rillaboom|35/100|[from] Grassy Terrain
|upkeep
|
|t:|1756581573
|switch|p1b: Ninetales|Ninetales-Alola, L50, F|100/100
|-weather|Snowscape|[from] ability: Snow Warning|[of] p1b: Ninetales
|turn|4
|
|t:|1756581612
|-terastallize|p1b: Ninetales|Water
|move|p2b: Volcarona|Rage Powder|p2b: Volcarona
|-singleturn|p2b: Volcarona|move: Rage Powder
|move|p2a: Tyranitar|Rock Slide|p1a: Rillaboom|[spread] p1a,p1b
|-damage|p1a: Rillaboom|8/100
|-damage|p1b: Ninetales|60/100
|move|p1b: Ninetales|Blizzard|p2b: Volcarona|[spread] p2a,p2b
|-resisted|p2b: Volcarona
|-damage|p2a: Tyranitar|86/100
|-damage|p2b: Volcarona|84/100
|move|p1a: Rillaboom|Wood Hammer|p2a: Tyranitar
|-supereffective|p2a: Tyranitar
|-damage|p2a: Tyranitar|0 fnt
|faint|p2a: Tyranitar
|-damage|p1a: Rillaboom|0 fnt|[from] Recoil
|faint|p1a: Rillaboom
|
|-weather|Snowscape|[upkeep]
|-heal|p2b: Volcarona|90/100|[from] Grassy Terrain
|-heal|p1b: Ninetales|66/100|[from] Grassy Terrain
|upkeep
|
|t:|1756581625
|switch|p1a: Ursaluna|Ursaluna-Bloodmoon, L50, M|18/100
|switch|p2a: Sneasler|Sneasler, L50, M|100/100
|turn|5
|
|t:|1756581652
|move|p1b: Ninetales|Protect|p1b: Ninetales
|-singleturn|p1b: Ninetales|Protect
|move|p1a: Ursaluna|Protect|p1a: Ursaluna
|-singleturn|p1a: Ursaluna|Protect
|move|p2a: Sneasler|Dire Claw|p1b: Ninetales
|-activate|p1b: Ninetales|move: Protect
|move|p2b: Volcarona|Struggle Bug|p1a: Ursaluna|[spread] 
|-activate|p1a: Ursaluna|move: Protect
|-activate|p1b: Ninetales|move: Protect
|
|-weather|Snowscape|[upkeep]
|-heal|p2b: Volcarona|96/100|[from] Grassy Terrain
|-heal|p1b: Ninetales|72/100|[from] Grassy Terrain
|-heal|p1a: Ursaluna|24/100|[from] Grassy Terrain
|-sideend|p2: luriss|move: Tailwind
|upkeep
|turn|6
|
|t:|1756581668
|move|p2a: Sneasler|Dire Claw|p1a: Ursaluna
|-resisted|p1a: Ursaluna
|-damage|p1a: Ursaluna|8/100
|-status|p1a: Ursaluna|par
|move|p1b: Ninetales|Blizzard|p2b: Volcarona|[spread] p2a,p2b
|-resisted|p2b: Volcarona
|-damage|p2a: Sneasler|67/100
|-damage|p2b: Volcarona|84/100
|move|p2b: Volcarona|Struggle Bug|p1a: Ursaluna|[spread] p1a,p1b
|-damage|p1a: Ursaluna|0 fnt
|-damage|p1b: Ninetales|56/100
|faint|p1a: Ursaluna
|
|-weather|Snowscape|[upkeep]
|-heal|p2a: Sneasler|73/100|[from] Grassy Terrain
|-heal|p1b: Ninetales|62/100|[from] Grassy Terrain
|-heal|p2b: Volcarona|90/100|[from] Grassy Terrain
|upkeep
|turn|7
|
|t:|1756581681
|move|p1b: Ninetales|Protect|p1b: Ninetales
|-singleturn|p1b: Ninetales|Protect
|move|p2a: Sneasler|Dire Claw|p1b: Ninetales
|-activate|p1b: Ninetales|move: Protect
|move|p2b: Volcarona|Struggle Bug|p1b: Ninetales
|-activate|p1b: Ninetales|move: Protect
|
|-weather|Snowscape|[upkeep]
|-heal|p2a: Sneasler|79/100|[from] Grassy Terrain
|-heal|p1b: Ninetales|69/100|[from] Grassy Terrain
|-heal|p2b: Volcarona|96/100|[from] Grassy Terrain
|-fieldend|move: Grassy Terrain
|upkeep
|turn|8
|
|t:|1756581688
|move|p2a: Sneasler|Dire Claw|p1b: Ninetales
|-damage|p1b: Ninetales|19/100
|move|p1b: Ninetales|Blizzard|p2a: Sneasler|[spread] p2a,p2b
|-resisted|p2b: Volcarona
|-damage|p2a: Sneasler|47/100
|-damage|p2b: Volcarona|85/100
|move|p2b: Volcarona|Struggle Bug|p1b: Ninetales
|-damage|p1b: Ninetales|0 fnt
|faint|p1b: Ninetales
|
|win|luriss
|raw|bassacucina777's rating: 1172 → 1140(-32 for losing)
|raw|luriss's rating: 1079 → 1115(+36 for winning)
