|j|☆jiggyjagga
|j|☆cheesebiscuit12
|html|jiggyjaggacheesebiscuit12    
|uhtml|bestof|Game 2 of a best-of-3
|t:|1785162405
|gametype|doubles
|player|p1|jiggyjagga|1|
|player|p2|cheesebiscuit12|169|
|gen|9
|tier|[Gen 9 Champions] VGC 2026 Reg M-B (Bo3)
|rule|Species Clause: Limit one of each Pokémon
|rule|Item Clause: Limit 1 of each item
|clearpoke
|poke|p1|Froslass, L50, F|
|poke|p1|Abomasnow, L50, M, shiny|
|poke|p1|Liepard, L50, F, shiny|
|poke|p1|Zoroark-Hisui, L50, F|
|poke|p1|Maushold-Four, L50|
|poke|p1|Altaria, L50, F|
|poke|p2|Gardevoir, L50, F|
|poke|p2|Metagross, L50|
|poke|p2|Whimsicott, L50, F|
|poke|p2|Sableye, L50, F|
|poke|p2|Flapple, L50, M|
|poke|p2|Azumarill, L50, M|
|teampreview|4
|showteam|p1|Froslass||Froslassite|SnowCloak|Blizzard,ShadowBall,Protect,DrainingKiss|Modest||F|||50|]Abomasnow||SitrusBerry|SnowWarning|Earthquake,IceShard,SeedBomb,Protect|Adamant||M|||50|]Liepard||RoseliBerry|Prankster|FakeOut,KnockOff,Taunt,FakeTears|Adamant||F|||50|]Zoroark-Hisui||ChoiceScarf|Illusion|BitterMalice,DarkPulse,IcyWind,Protect|Modest||F|||50|]Maushold-Four||ChopleBerry|FriendGuard|ThunderWave,FollowMe,Protect,SuperFang|Timid|||||50|]Altaria||Altarianite|NaturalCure|DoubleEdge,Roost,DragonClaw,Tailwind|Adamant||F|||50|
|showteam|p2|Gardevoir||Gardevoirite|Telepathy|HyperVoice,Protect,Psyshock,CalmMind|Timid||F|||50|]Metagross||ExpertBelt|ClearBody|IronHead,IcePunch,Earthquake,PsychicFangs|Adamant|||||50|]Whimsicott||FocusSash|Prankster|Protect,Moonblast,Tailwind,TrickRoom|Relaxed||F|||50|]Sableye||Sablenite|Prankster|Gravity,WillOWisp,SuckerPunch,LightScreen|Careful||F|||50|]Flapple||MiracleSeed|Hustle|GravApple,DragonRush,Uturn,Protect|Jolly||M|||50|]Azumarill||SitrusBerry|HugePower|BellyDrum,PlayRough,Liquidation,AquaJet|Adamant||M|||50|
|
|t:|1785162421
|teamsize|p1|4
|teamsize|p2|4
|start
|switch|p1a: Liepard|Liepard, L50, F, shiny|100/100
|switch|p1b: Froslass|Froslass, L50, F|100/100
|switch|p2a: Benjamin Netanyahu|Sableye, L50, F|100/100
|switch|p2b: Xi Jinping|Whimsicott, L50, F|100/100
|turn|1
|
|t:|1785162438
|detailschange|p1b: Froslass|Froslass-Mega, L50, F
|-mega|p1b: Froslass|Froslass|Froslassite
|-weather|Snowscape|[from] ability: Snow Warning|[of] p1b: Froslass
|move|p1a: Liepard|Fake Out|p2b: Xi Jinping
|-damage|p2b: Xi Jinping|89/100
|cant|p2b: Xi Jinping|flinch
|move|p2a: Benjamin Netanyahu|Light Screen|p2a: Benjamin Netanyahu
|-sidestart|p2: cheesebiscuit12|move: Light Screen
|move|p1b: Froslass|Blizzard|p2a: Benjamin Netanyahu|[spread] p2a,p2b
|-supereffective|p2b: Xi Jinping|1
|-damage|p2a: Benjamin Netanyahu|63/100
|-damage|p2b: Xi Jinping|3/100
|
|-weather|Snowscape|[upkeep]
|upkeep
|turn|2
|
|t:|1785162458
|move|p2b: Xi Jinping|Tailwind|p2b: Xi Jinping
|-sidestart|p2: cheesebiscuit12|move: Tailwind
|move|p2a: Benjamin Netanyahu|Gravity|p2a: Benjamin Netanyahu
|-fieldstart|move: Gravity
|move|p1b: Froslass|Blizzard|p2a: Benjamin Netanyahu|[spread] p2a,p2b
|-supereffective|p2b: Xi Jinping|1
|-damage|p2a: Benjamin Netanyahu|25/100
|-damage|p2b: Xi Jinping|0 fnt
|faint|p2b: Xi Jinping
|move|p1a: Liepard|Knock Off|p2a: Benjamin Netanyahu
|-damage|p2a: Benjamin Netanyahu|0 fnt
|faint|p2a: Benjamin Netanyahu
|
|-weather|Snowscape|[upkeep]
|upkeep
|
|t:|1785162471
|switch|p2b: Putin|Azumarill, L50, M|100/100
|switch|p2a: Paul Biya|Flapple, L50, M|100/100
|turn|3
|
|t:|1785162529
|move|p1a: Liepard|Fake Tears|p2b: Putin
|-unboost|p2b: Putin|spd|2
|move|p2a: Paul Biya|Grav Apple|p1b: Froslass
|-damage|p1b: Froslass|0 fnt
|faint|p1b: Froslass
|move|p2b: Putin|Play Rough|p1a: Liepard
|-supereffective|p1a: Liepard|1
|-enditem|p1a: Liepard|Roseli Berry|[eat]
|-enditem|p1a: Liepard|Roseli Berry|[weaken]
|-damage|p1a: Liepard|0 fnt
|faint|p1a: Liepard
|
|-weather|Snowscape|[upkeep]
|upkeep
|
|t:|1785162540
|switch|p1b: Maushold|Maushold-Four, L50|100/100
|switch|p1a: Maushold|Maushold-Four, L50|100/100
|turn|4
|
|t:|1785162590
|move|p1b: Maushold|Follow Me|p1b: Maushold
|-singleturn|p1b: Maushold|move: Follow Me
|move|p1a: Maushold|Bitter Malice|p2a: Paul Biya
|-damage|p2a: Paul Biya|65/100
|-unboost|p2a: Paul Biya|atk|1
|move|p2a: Paul Biya|Grav Apple|p1b: Maushold
|-damage|p1b: Maushold|0 fnt
|faint|p1b: Maushold
|move|p2b: Putin|Belly Drum|p2b: Putin
|-damage|p2b: Putin|50/100y
|-setboost|p2b: Putin|atk|6|[from] move: Belly Drum
|-enditem|p2b: Putin|Sitrus Berry|[eat]
|-heal|p2b: Putin|74/100|[from] item: Sitrus Berry
|
|-weather|Snowscape|[upkeep]
|upkeep
|turn|5
|
|t:|1785162613
|move|p1a: Maushold|Bitter Malice|p2b: Putin
|-damage|p2b: Putin|22/100
|-unboost|p2b: Putin|atk|1
|move|p2a: Paul Biya|Grav Apple|p1a: Maushold
|-damage|p1a: Maushold|0 fnt
|replace|p1a: Zoroark|Zoroark-Hisui, L50, F
|-end|p1a: Zoroark|Illusion
|faint|p1a: Zoroark
|
|win|cheesebiscuit12
|inactive|jiggyjagga has 30 seconds to confirm battle start!
|inactive|cheesebiscuit12 has 30 seconds to confirm battle start!
