|j|☆ruddyreboot
|j|☆cm3112
|html|ruddyrebootcm3112    
|uhtml|bestof|Game 1 of a best-of-3
|t:|1757685623
|gametype|doubles
|player|p1|ruddyreboot|crasherwake|1221
|player|p2|cm3112|169|1342
|gen|9
|tier|[Gen 9] VGC 2025 Reg H (Bo3)
|rated|
|rule|Species Clause: Limit one of each Pokémon
|rule|Item Clause: Limit 1 of each item
|clearpoke
|poke|p1|Mimikyu, L50, F|
|poke|p1|Farigiraf, L50, M|
|poke|p1|Ursaluna-Bloodmoon, L50, M|
|poke|p1|Smeargle, L50, M|
|poke|p1|Rillaboom, L50, M|
|poke|p1|Torkoal, L50, F|
|poke|p2|Porygon2, L50|
|poke|p2|Toxtricity, L50, F|
|poke|p2|Ursaluna, L50, M|
|poke|p2|Amoonguss, L50, M|
|poke|p2|Charizard, L50, F|
|poke|p2|Torkoal, L50, M|
|teampreview|4
|showteam|p1|Mimikyu||MentalHerb|Disguise|PlayRough,ShadowSneak,TrickRoom,Taunt|||F|||50|,,,,,Steel]Farigiraf||ThroatSpray|ArmorTail|Protect,TrickRoom,HyperVoice,Psychic|||M|||50|,,,,,Grass]Ursaluna-Bloodmoon||LifeOrb|MindsEye|Protect,EarthPower,HyperVoice,BloodMoon|||M|||50|,,,,,Normal]Smeargle||FocusSash|Technician|FakeOut,Decorate,Spore,FollowMe|||M|||50|,,,,,Grass]Rillaboom||AssaultVest|GrassySurge|WoodHammer,GrassyGlide,HighHorsepower,FakeOut|||M|||50|,,,,,Fire]Torkoal||Charcoal|Drought|Eruption,ClearSmog,Protect,Flamethrower|||F|||50|,,,,,Fire
|showteam|p2|Porygon2||Eviolite|Download|TeraBlast,IceBeam,Recover,TrickRoom||||||50|,,,,,Ghost]Toxtricity||ThroatSpray|PunkRock|Boomburst,Overdrive,SludgeWave,Snarl|||F|||50|,,,,,Ghost]Ursaluna||FlameOrb|Guts|Facade,HeadlongRush,Earthquake,Protect|||M|||50|,,,,,Grass]Amoonguss||CovertCloak|Regenerator|Spore,RagePowder,PollenPuff,ClearSmog|||M|||50|,,,,,Water]Charizard||ChoiceScarf|SolarPower|HeatWave,WeatherBall,Overheat,AirSlash|||F|||50|,,,,,Ghost]Torkoal||Charcoal|Drought|HeatWave,HelpingHand,Yawn,Protect|||M|||50|,,,,,Fire
|inactive|Battle timer is ON: inactive players will automatically lose when time's up. (requested by ruddyreboot)
|inactive|cm3112 has 60 seconds left.
|
|t:|1757685670
|teamsize|p1|4
|teamsize|p2|4
|start
|switch|p1a: Smeargle|Smeargle, L50, M, shiny|100/100
|switch|p1b: Mimikyu|Mimikyu, L50, F|100/100
|switch|p2a: Charizard|Charizard, L50, F|100/100
|switch|p2b: Amoonguss|Amoonguss, L50, M|100/100
|turn|1
|inactive|cm3112 has 30 seconds left.
|
|t:|1757685697
|switch|p2a: Porygon2|Porygon2, L50|100/100
|-ability|p2a: Porygon2|Download|boost
|-boost|p2a: Porygon2|atk|1
|move|p1b: Mimikyu|Taunt|p2b: Amoonguss
|-start|p2b: Amoonguss|move: Taunt
|move|p1a: Smeargle|Spore|p2a: Porygon2
|-status|p2a: Porygon2|slp|[from] move: Spore
|move|p2b: Amoonguss|Pollen Puff|p1a: Smeargle
|-damage|p1a: Smeargle|60/100
|
|upkeep
|turn|2
|inactive|ruddyreboot has 30 seconds left.
|
|t:|1757685724
|switch|p1b: Ursaluna|Ursaluna-Bloodmoon, L50, M|100/100
|cant|p2a: Porygon2|slp
|move|p1a: Smeargle|Decorate|p1b: Ursaluna
|-boost|p1b: Ursaluna|atk|2
|-boost|p1b: Ursaluna|spa|2
|move|p2b: Amoonguss|Clear Smog|p1b: Ursaluna
|-resisted|p1b: Ursaluna
|-damage|p1b: Ursaluna|92/100
|-clearboost|p1b: Ursaluna
|
|upkeep
|turn|3
|
|t:|1757685742
|-terastallize|p1b: Ursaluna|Normal
|cant|p2a: Porygon2|slp
|move|p1b: Ursaluna|Hyper Voice|p2b: Amoonguss|[spread] p2a,p2b
|-damage|p2a: Porygon2|56/100 slp
|-damage|p2b: Amoonguss|46/100
|-damage|p1b: Ursaluna|83/100|[from] item: Life Orb
|move|p1a: Smeargle|Decorate|p1b: Ursaluna
|-boost|p1b: Ursaluna|atk|2
|-boost|p1b: Ursaluna|spa|2
|move|p2b: Amoonguss|Clear Smog|p1b: Ursaluna
|-damage|p1b: Ursaluna|65/100
|-clearboost|p1b: Ursaluna
|
|-end|p2b: Amoonguss|move: Taunt
|upkeep
|turn|4
|inactive|cm3112 has 30 seconds left.
|
|t:|1757685772
|switch|p1a: Rillaboom|Rillaboom, L50, M|100/100
|-fieldstart|move: Grassy Terrain|[from] ability: Grassy Surge|[of] p1a: Rillaboom
|-curestatus|p2a: Porygon2|slp|[msg]
|move|p2a: Porygon2|Ice Beam|p1a: Rillaboom
|-supereffective|p1a: Rillaboom
|-damage|p1a: Rillaboom|55/100
|move|p1b: Ursaluna|Hyper Voice|p2a: Porygon2|[spread] p2a,p2b
|-damage|p2a: Porygon2|8/100
|-damage|p2b: Amoonguss|0 fnt
|faint|p2b: Amoonguss
|-damage|p1b: Ursaluna|56/100|[from] item: Life Orb
|
|-heal|p1a: Rillaboom|62/100|[from] Grassy Terrain
|-heal|p2a: Porygon2|15/100|[from] Grassy Terrain
|-heal|p1b: Ursaluna|61/100|[from] Grassy Terrain
|upkeep
|
|t:|1757685783
|switch|p2b: Charizard|Charizard, L50, F|100/100
|turn|5
|
|t:|1757685798
|-terastallize|p2b: Charizard|Ghost
|move|p1a: Rillaboom|Grassy Glide|p2a: Porygon2
|-damage|p2a: Porygon2|0 fnt
|faint|p2a: Porygon2
|move|p2b: Charizard|Heat Wave|p1a: Rillaboom|[spread] p1a,p1b
|-supereffective|p1a: Rillaboom
|-damage|p1a: Rillaboom|5/100
|-damage|p1b: Ursaluna|28/100
|move|p1b: Ursaluna|Hyper Voice|p2b: Charizard
|-damage|p2b: Charizard|0 fnt
|faint|p2b: Charizard
|-damage|p1b: Ursaluna|18/100|[from] item: Life Orb
|
|-heal|p1a: Rillaboom|11/100|[from] Grassy Terrain
|-heal|p1b: Ursaluna|24/100|[from] Grassy Terrain
|upkeep
|-message|cm3112 forfeited.
|
|win|ruddyreboot
|l|☆cm3112
|player|p2|
||ruddyreboot is ready for game 2.
||cm3112 is ready for game 2.
|uhtml|next|Next: Game 2 of 3
