|j|☆spellbreakvgc
|j|☆adam z.x.y
|html|spellbreakvgcadam z.x.y    
|uhtml|bestof|Game 2 of a best-of-3
|t:|1756990621
|gametype|doubles
|player|p1|spellbreakvgc|lance|1118
|player|p2|adam z.x.y|ethan|1044
|gen|9
|tier|[Gen 9] VGC 2025 Reg H (Bo3)
|rated|
|rule|Species Clause: Limit one of each Pokémon
|rule|Item Clause: Limit 1 of each item
|clearpoke
|poke|p1|Baxcalibur, L50, F|
|poke|p1|Kingambit, L50, M|
|poke|p1|Volcarona, L50, M|
|poke|p1|Dondozo, L50, M|
|poke|p1|Sneasler, L50, F|
|poke|p1|Rillaboom, L50, M|
|poke|p2|Scizor, L50, F|
|poke|p2|Clefairy, L50, F|
|poke|p2|Primarina, L50, M|
|poke|p2|Volcarona, L50, M|
|poke|p2|Arboliva, L50, F|
|teampreview|4
|showteam|p1|Baxcalibur||LoadedDice|ThermalExchange|Protect,IcicleSpear,ScaleShot,IceShard|||F|||50|,,,,,Ghost]Kingambit||SafetyGoggles|Defiant|Protect,KowtowCleave,SuckerPunch,SwordsDance|||M|||50|,,,,,Ghost]Volcarona||CovertCloak|FlameBody|HeatWave,TeraBlast,QuiverDance,RagePowder|||M|||50|,,,,,Fairy]Dondozo||Leftovers|Unaware|Protect,Liquidation,Yawn,Fissure|||M|||50|,,,,,Poison]Sneasler||FocusSash|Unburden|Protect,CloseCombat,DireClaw,Coaching|||F|||50|,,,,,Stellar]Rillaboom||AssaultVest|GrassySurge|WoodHammer,GrassyGlide,FakeOut,HighHorsepower|||M|||50|,,,,,Water
|showteam|p2|Scizor||MetalCoat|Technician|BulletPunch,Pounce,SwordsDance,Trailblaze|||F|||50|,,,,,Dragon]Clefairy||Eviolite|FriendGuard|FollowMe,DazzlingGleam,HelpingHand,Protect|||F|||50|,,,,,Stellar]Primarina||ThroatSpray|LiquidVoice|HyperVoice,Moonblast,IceBeam,Protect|||M|||50|,,,,,Ice]Volcarona||FocusSash|FlameBody|QuiverDance,FieryDance,BugBuzz,GigaDrain|||M|||50|,,,,,Water]Arboliva||Leftovers|SeedSower|EnergyBall,PollenPuff,Protect,LeechSeed|||F|||50|,,,,,Grass
|inactive|Battle timer is ON: inactive players will automatically lose when time's up. (requested by spellbreakvgc)
|inactive|spellbreakvgc has 60 seconds left.
|
|t:|1756990682
|teamsize|p1|4
|teamsize|p2|4
|start
|switch|p1a: Dondozo|Dondozo, L50, M|100/100
|switch|p1b: Volcarona|Volcarona, L50, M|100/100
|switch|p2a: Arboliva|Arboliva, L50, F|100/100
|switch|p2b: Primarina|Primarina, L50, M|100/100
|turn|1
|inactive|spellbreakvgc has 30 seconds left.
|inactive|spellbreakvgc has 20 seconds left.
|inactive|spellbreakvgc has 15 seconds left.
|inactive|spellbreakvgc has 10 seconds left.
|inactive|spellbreakvgc has 5 seconds left.
|
|t:|1756990737
|move|p2a: Arboliva|Protect|p2a: Arboliva
|-singleturn|p2a: Arboliva|Protect
|move|p1a: Dondozo|Protect|p1a: Dondozo
|-singleturn|p1a: Dondozo|Protect
|move|p1b: Volcarona|Heat Wave|p2b: Primarina|[spread] 
|-activate|p2a: Arboliva|move: Protect
|-miss|p1b: Volcarona|p2b: Primarina
|move|p2b: Primarina|Hyper Voice|p1a: Dondozo|[spread] p1b
|-activate|p1a: Dondozo|move: Protect
|-supereffective|p1b: Volcarona
|-damage|p1b: Volcarona|40/100
|-enditem|p2b: Primarina|Throat Spray
|-boost|p2b: Primarina|spa|1|[from] item: Throat Spray
|
|upkeep
|turn|2
|inactive|spellbreakvgc has 30 seconds left.
|
|t:|1756990767
|switch|p1b: Rillaboom|Rillaboom, L50, M|100/100
|-fieldstart|move: Grassy Terrain|[from] ability: Grassy Surge|[of] p1b: Rillaboom
|switch|p2a: Clefairy|Clefairy, L50, F|100/100
|-terastallize|p1a: Dondozo|Poison
|move|p2b: Primarina|Hyper Voice|p1a: Dondozo|[spread] p1a,p1b
|-resisted|p1b: Rillaboom
|-damage|p1a: Dondozo|77/100
|-damage|p1b: Rillaboom|80/100
|move|p1a: Dondozo|Yawn|p2b: Primarina
|-start|p2b: Primarina|move: Yawn|[of] p1a: Dondozo
|
|-heal|p1b: Rillaboom|86/100|[from] Grassy Terrain
|-heal|p1a: Dondozo|83/100|[from] Grassy Terrain
|-heal|p1a: Dondozo|89/100|[from] item: Leftovers
|upkeep
|turn|3
|inactive|adam z.x.y has 30 seconds left.
|inactive|adam z.x.y has 20 seconds left.
|inactive|adam z.x.y has 15 seconds left.
|inactive|adam z.x.y has 10 seconds left.
|
|t:|1756990814
|switch|p1b: Volcarona|Volcarona, L50, M|40/100
|switch|p2a: Arboliva|Arboliva, L50, F|100/100
|move|p2b: Primarina|Protect|p2b: Primarina
|-singleturn|p2b: Primarina|Protect
|move|p1a: Dondozo|Yawn|p2a: Arboliva
|-start|p2a: Arboliva|move: Yawn|[of] p1a: Dondozo
|
|-heal|p1b: Volcarona|46/100|[from] Grassy Terrain
|-heal|p1a: Dondozo|95/100|[from] Grassy Terrain
|-heal|p1a: Dondozo|100/100|[from] item: Leftovers
|-end|p2b: Primarina|move: Yawn|[silent]
|-status|p2b: Primarina|slp
|upkeep
|turn|4
|inactive|adam z.x.y has 30 seconds left.
|
|t:|1756990842
|switch|p2a: Clefairy|Clefairy, L50, F|100/100
|cant|p2b: Primarina|slp
|move|p1b: Volcarona|Quiver Dance|p1b: Volcarona
|-boost|p1b: Volcarona|spa|1
|-boost|p1b: Volcarona|spd|1
|-boost|p1b: Volcarona|spe|1
|move|p1a: Dondozo|Fissure|p2b: Primarina
|-damage|p2b: Primarina|0 fnt
|faint|p2b: Primarina
|-ohko
|
|-heal|p1b: Volcarona|53/100|[from] Grassy Terrain
|upkeep
|
|t:|1756990856
|switch|p2b: Volcarona|Volcarona, L50, M|100/100
|turn|5
|
|t:|1756990879
|-terastallize|p2b: Volcarona|Water
|move|p2a: Clefairy|Helping Hand|p2b: Volcarona
|-singleturn|p2b: Volcarona|Helping Hand|[of] p2a: Clefairy
|move|p1b: Volcarona|Quiver Dance|p1b: Volcarona
|-boost|p1b: Volcarona|spa|1
|-boost|p1b: Volcarona|spd|1
|-boost|p1b: Volcarona|spe|1
|move|p2b: Volcarona|Quiver Dance|p2b: Volcarona
|-boost|p2b: Volcarona|spa|1
|-boost|p2b: Volcarona|spd|1
|-boost|p2b: Volcarona|spe|1
|move|p1a: Dondozo|Yawn|p2b: Volcarona
|-start|p2b: Volcarona|move: Yawn|[of] p1a: Dondozo
|
|-heal|p1b: Volcarona|59/100|[from] Grassy Terrain
|upkeep
|turn|6
|
|t:|1756990902
|move|p2a: Clefairy|Helping Hand|p2b: Volcarona
|-singleturn|p2b: Volcarona|Helping Hand|[of] p2a: Clefairy
|move|p1b: Volcarona|Quiver Dance|p1b: Volcarona
|-boost|p1b: Volcarona|spa|1
|-boost|p1b: Volcarona|spd|1
|-boost|p1b: Volcarona|spe|1
|move|p2b: Volcarona|Fiery Dance|p1b: Volcarona
|-damage|p1b: Volcarona|18/100
|move|p1a: Dondozo|Yawn|p2a: Clefairy
|-start|p2a: Clefairy|move: Yawn|[of] p1a: Dondozo
|
|-heal|p1b: Volcarona|24/100|[from] Grassy Terrain
|-end|p2b: Volcarona|move: Yawn|[silent]
|-status|p2b: Volcarona|slp
|-fieldend|move: Grassy Terrain
|upkeep
|turn|7
|inactive|adam z.x.y has 30 seconds left.
|inactive|spellbreakvgc has 30 seconds left.
|inactive|adam z.x.y has 20 seconds left.
|inactive|adam z.x.y has 15 seconds left.
|
|t:|1756990946
|move|p2a: Clefairy|Follow Me|p2a: Clefairy
|-singleturn|p2a: Clefairy|move: Follow Me
|move|p1b: Volcarona|Heat Wave|p2a: Clefairy|[spread] p2a,p2b
|-resisted|p2b: Volcarona
|-damage|p2a: Clefairy|46/100
|-damage|p2b: Volcarona|78/100 slp
|cant|p2b: Volcarona|slp
|move|p1a: Dondozo|Fissure|p2a: Clefairy|[miss]
|-miss|p1a: Dondozo|p2a: Clefairy
|
|-end|p2a: Clefairy|move: Yawn|[silent]
|-status|p2a: Clefairy|slp
|upkeep
|turn|8
|
|t:|1756990962
|cant|p2a: Clefairy|slp
|move|p1b: Volcarona|Heat Wave|p2b: Volcarona|[spread] p2a,p2b
|-resisted|p2b: Volcarona
|-damage|p2a: Clefairy|0 fnt
|-damage|p2b: Volcarona|55/100 slp
|faint|p2a: Clefairy
|cant|p2b: Volcarona|slp
|move|p1a: Dondozo|Fissure|p2b: Volcarona|[miss]
|-miss|p1a: Dondozo|p2b: Volcarona
|
|upkeep
|
|t:|1756990972
|switch|p2a: Arboliva|Arboliva, L50, F|100/100
|turn|9
|
|t:|1756990991
|move|p1b: Volcarona|Heat Wave|p2a: Arboliva|[spread] p2a
|-miss|p1b: Volcarona|p2b: Volcarona
|-supereffective|p2a: Arboliva
|-damage|p2a: Arboliva|0 fnt
|-fieldstart|move: Grassy Terrain|[from] ability: Seed Sower|[of] p2a: Arboliva
|faint|p2a: Arboliva
|-curestatus|p2b: Volcarona|slp|[msg]
|move|p2b: Volcarona|Fiery Dance|p1b: Volcarona
|-damage|p1b: Volcarona|0 fnt
|-boost|p2b: Volcarona|spa|1
|faint|p1b: Volcarona
|move|p1a: Dondozo|Fissure|p2b: Volcarona|[miss]
|-miss|p1a: Dondozo|p2b: Volcarona
|
|-heal|p2b: Volcarona|61/100|[from] Grassy Terrain
|upkeep
|
|t:|1756991008
|switch|p1b: Rillaboom|Rillaboom, L50, M|86/100
|turn|10
|
|t:|1756991014
|move|p1b: Rillaboom|Fake Out|p2b: Volcarona
|-damage|p2b: Volcarona|38/100
|cant|p2b: Volcarona|flinch
|move|p1a: Dondozo|Yawn|p2b: Volcarona
|-start|p2b: Volcarona|move: Yawn|[of] p1a: Dondozo
|
|-heal|p2b: Volcarona|45/100|[from] Grassy Terrain
|-heal|p1b: Rillaboom|92/100|[from] Grassy Terrain
|upkeep
|turn|11
|
|t:|1756991028
|switch|p1b: Sneasler|Sneasler, L50, F|100/100
|move|p2b: Volcarona|Fiery Dance|p1b: Sneasler
|-enditem|p1b: Sneasler|Focus Sash
|-damage|p1b: Sneasler|1/100
|-boost|p2b: Volcarona|spa|1
|move|p1a: Dondozo|Fissure|p2b: Volcarona
|-damage|p2b: Volcarona|0 fnt
|faint|p2b: Volcarona
|-ohko
|
|win|spellbreakvgc
