|j|☆saecha0
|j|☆djlittlec07
|html|saecha0djlittlec07    
|uhtml|bestof|Game 1 of a best-of-3
|t:|1784591459
|gametype|doubles
|player|p1|saecha0|169|
|player|p2|djlittlec07|giovanni|
|gen|9
|tier|[Gen 9 Champions] VGC 2026 Reg M-B (Bo3)
|rule|Species Clause: Limit one of each Pokémon
|rule|Item Clause: Limit 1 of each item
|clearpoke
|poke|p1|Steelix, L50, M, shiny|
|poke|p1|Tyranitar, L50, M|
|poke|p1|Farigiraf, L50, F|
|poke|p1|Sableye, L50, F|
|poke|p1|Hatterene, L50, F|
|poke|p1|Oranguru, L50, M|
|poke|p2|Palafin, L50, F|
|poke|p2|Pelipper, L50, F|
|poke|p2|Raichu, L50, M|
|poke|p2|Quaquaval, L50, M|
|poke|p2|Samurott-Hisui, L50, M|
|poke|p2|Toxapex, L50, F|
|teampreview|4
|showteam|p1|Steelix||Steelixite|RockHead|Protect,Earthquake,HeavySlam,BodyPress|Adamant||M|||50|]Tyranitar||ChopleBerry|SandStream|BrickBreak,Avalanche,KnockOff,RockSlide|Adamant||M|||50|]Farigiraf||SitrusBerry|ArmorTail|TrickRoom,HyperVoice,HelpingHand,DazzlingGleam|Sassy||F|||50|]Sableye||LightClay|Prankster|Reflect,LightScreen,FakeOut,Taunt|Impish||F|||50|]Hatterene||LifeOrb|MagicBounce|DazzlingGleam,MysticalFire,Protect,ShadowBall|Modest||F|||50|]Oranguru||MentalHerb|InnerFocus|TrickRoom,Taunt,KnockOff,Protect|Sassy||M|||50|
|showteam|p2|Palafin||LifeOrb|ZerotoHero|CloseCombat,IcePunch,FlipTurn,BulkUp|Jolly||F|||50|]Pelipper||FocusSash|Drizzle|Hurricane,ChillingWater,Tailwind,Uturn|Timid||F|||50|]Raichu||RaichuniteY|LightningRod|ZapCannon,GrassKnot,FocusBlast,NastyPlot|Modest||M|||50|]Quaquaval||ExpertBelt|Moxie|AquaStep,CloseCombat,Uturn,Roost|Jolly||M|||50|]Samurott-Hisui||ChoiceScarf|Sharpness|CeaselessEdge,RazorShell,SacredSword,XScissor|Jolly||M|||50|]Toxapex||Leftovers|Regenerator|BanefulBunker,GunkShot,Liquidation,ToxicSpikes|Adamant||F|||50|
|
|t:|1784591470
|teamsize|p1|4
|teamsize|p2|4
|start
|switch|p1a: Shaq|Farigiraf, L50, F|100/100
|switch|p1b: balls and steel|Sableye, L50, F|100/100
|switch|p2a: Pelipper|Pelipper, L50, F|100/100
|switch|p2b: Palafin|Palafin, L50, F|100/100
|-weather|RainDance|[from] ability: Drizzle|[of] p2a: Pelipper
|turn|1
|
|t:|1784591487
|move|p1b: balls and steel|Fake Out|p2b: Palafin
|-damage|p2b: Palafin|89/100
|cant|p2b: Palafin|flinch
|move|p2a: Pelipper|Tailwind|p2a: Pelipper
|-sidestart|p2: djlittlec07|move: Tailwind
|move|p1a: Shaq|Trick Room|p1a: Shaq
|-fieldstart|move: Trick Room|[of] p1a: Shaq
|
|-weather|RainDance|[upkeep]
|upkeep
|turn|2
|
|t:|1784591507
|switch|p1a: Ball and steel|Tyranitar, L50, M|100/100
|-weather|Sandstorm|[from] ability: Sand Stream|[of] p1a: Ball and steel
|move|p1b: balls and steel|Reflect|p1b: balls and steel
|-sidestart|p1: saecha0|Reflect
|move|p2a: Pelipper|Hurricane|p1a: Ball and steel|[miss]
|-miss|p2a: Pelipper|p1a: Ball and steel
|move|p2b: Palafin|Flip Turn|p1a: Ball and steel
|-supereffective|p1a: Ball and steel|1
|-damage|p1a: Ball and steel|70/100
|-damage|p2b: Palafin|79/100|[from] item: Life Orb
|
|t:|1784591523
|detailschange|p2b: Palafin|Palafin-Hero, L50, F
|switch|p2b: Toxapex|Toxapex, L50, F|100/100|[from] Flip Turn
|
|-weather|Sandstorm|[upkeep]
|-damage|p1b: balls and steel|94/100|[from] Sandstorm
|-damage|p2b: Toxapex|94/100|[from] Sandstorm
|-damage|p2a: Pelipper|94/100|[from] Sandstorm
|-heal|p2b: Toxapex|100/100|[from] item: Leftovers
|upkeep
|turn|3
|
|t:|1784591535
|move|p1b: balls and steel|Light Screen|p1b: balls and steel
|-sidestart|p1: saecha0|move: Light Screen
|move|p1a: Ball and steel|Rock Slide|p2b: Toxapex|[spread] p2a,p2b
|-supereffective|p2a: Pelipper|1
|-damage|p2a: Pelipper|13/100
|-damage|p2b: Toxapex|72/100
|move|p2b: Toxapex|Toxic Spikes|p1b: balls and steel
|-sidestart|p1: saecha0|move: Toxic Spikes
|move|p2a: Pelipper|U-turn|p1b: balls and steel
|-damage|p1b: balls and steel|86/100
|
|t:|1784591547
|switch|p2a: Palafin|Palafin-Hero, L50, F|79/100|[from] U-turn
|-activate|p2a: Palafin|ability: Zero to Hero
|
|-weather|Sandstorm|[upkeep]
|-damage|p1b: balls and steel|81/100|[from] Sandstorm
|-damage|p2b: Toxapex|66/100|[from] Sandstorm
|-damage|p2a: Palafin|73/100|[from] Sandstorm
|-heal|p2b: Toxapex|72/100|[from] item: Leftovers
|upkeep
|turn|4
|
|t:|1784591567
|switch|p1b: Balls and steel|Steelix, L50, M, shiny|100/100
|move|p2b: Toxapex|Baneful Bunker|p2b: Toxapex
|-singleturn|p2b: Toxapex|move: Protect
|move|p1a: Ball and steel|Rock Slide|p2b: Toxapex|[spread] p2a
|-activate|p2b: Toxapex|move: Protect
|-damage|p2a: Palafin|39/100
|cant|p2a: Palafin|flinch
|
|-weather|Sandstorm|[upkeep]
|-damage|p2b: Toxapex|66/100|[from] Sandstorm
|-damage|p2a: Palafin|33/100|[from] Sandstorm
|-heal|p2b: Toxapex|72/100|[from] item: Leftovers
|-sideend|p2: djlittlec07|move: Tailwind
|upkeep
|turn|5
|
|t:|1784591587
|switch|p1a: Shaq|Farigiraf, L50, F|100/100
|-status|p1a: Shaq|psn
|detailschange|p1b: Balls and steel|Steelix-Mega, L50, M, shiny
|-mega|p1b: Balls and steel|Steelix|Steelixite
|move|p1b: Balls and steel|Earthquake|p2b: Toxapex|[spread] p1a,p2a,p2b
|-supereffective|p2b: Toxapex|1
|-damage|p1a: Shaq|64/100 psn
|-damage|p2a: Palafin|0 fnt
|-damage|p2b: Toxapex|0 fnt
|faint|p2a: Palafin
|faint|p2b: Toxapex
|
|-weather|Sandstorm|[upkeep]
|-damage|p1a: Shaq|58/100 psn|[from] Sandstorm
|-damage|p1a: Shaq|45/100 psn|[from] psn
|-fieldend|move: Trick Room
|upkeep
|-enditem|p1a: Shaq|Sitrus Berry|[eat]
|-heal|p1a: Shaq|70/100 psn|[from] item: Sitrus Berry
|
|t:|1784591603
|switch|p2a: Pelipper|Pelipper, L50, F|13/100
|switch|p2b: Raichu|Raichu, L50, M|100/100
|-weather|RainDance|[from] ability: Drizzle|[of] p2a: Pelipper
|turn|6
|
|t:|1784591623
|switch|p1b: Ball and steel|Tyranitar, L50, M|70/100
|-status|p1b: Ball and steel|psn
|-weather|Sandstorm|[from] ability: Sand Stream|[of] p1b: Ball and steel
|detailschange|p2b: Raichu|Raichu-Mega-Y, L50, M
|-mega|p2b: Raichu|Raichu|Raichunite Y
|move|p2b: Raichu|Grass Knot|p1b: Ball and steel
|-supereffective|p1b: Ball and steel|1
|-damage|p1b: Ball and steel|30/100 psn
|move|p2a: Pelipper|Chilling Water|p1b: Ball and steel
|-supereffective|p1b: Ball and steel|1
|-damage|p1b: Ball and steel|11/100 psn
|-unboost|p1b: Ball and steel|atk|1
|move|p1a: Shaq|Trick Room|p1a: Shaq
|-fieldstart|move: Trick Room|[of] p1a: Shaq
|
|-weather|Sandstorm|[upkeep]
|-damage|p1a: Shaq|64/100 psn|[from] Sandstorm
|-damage|p2a: Pelipper|8/100|[from] Sandstorm
|-damage|p2b: Raichu|94/100|[from] Sandstorm
|-damage|p1a: Shaq|52/100 psn|[from] psn
|-damage|p1b: Ball and steel|0 fnt|[from] psn
|faint|p1b: Ball and steel
|upkeep
|
|t:|1784591640
|switch|p1b: Balls and steel|Steelix-Mega, L50, M, shiny|100/100
|turn|7
|
|t:|1784591650
|move|p1b: Balls and steel|Earthquake|p2b: Raichu|[spread] p1a,p2b
|-immune|p2a: Pelipper
|-supereffective|p2b: Raichu|1
|-damage|p1a: Shaq|20/100y psn
|-damage|p2b: Raichu|0 fnt
|faint|p2b: Raichu
|move|p1a: Shaq|Hyper Voice|p2a: Pelipper
|-damage|p2a: Pelipper|0 fnt
|faint|p2a: Pelipper
|
|win|saecha0
|l|☆djlittlec07
|player|p2|
