|j|☆tbpgerard
|j|☆Escalon209
|html|tbpgerardEscalon209    
|uhtml|bestof|Game 1 of a best-of-3
|t:|1757648046
|gametype|doubles
|player|p1|tbpgerard|guitarist|1159
|player|p2|Escalon209|striker|1136
|gen|9
|tier|[Gen 9] VGC 2025 Reg H (Bo3)
|rated|
|rule|Species Clause: Limit one of each Pokémon
|rule|Item Clause: Limit 1 of each item
|clearpoke
|poke|p1|Indeedee-F, L50, F|
|poke|p1|Hatterene, L50, F|
|poke|p1|Gallade, L50, M|
|poke|p1|Ursaluna, L50, M|
|poke|p1|Lilligant-Hisui, L50, F|
|poke|p1|Torkoal, L50, M|
|poke|p2|Torkoal, L50, F|
|poke|p2|Jumpluff, L50, M|
|poke|p2|Charizard, L50, M|
|poke|p2|Porygon2, L50|
|poke|p2|Ursaluna, L50, M|
|poke|p2|Incineroar, L50, M|
|teampreview|4
|showteam|p1|Indeedee-F||SafetyGoggles|PsychicSurge|DazzlingGleam,FollowMe,HelpingHand,TrickRoom|||F|||50|,,,,,Fairy]Hatterene||LifeOrb|MagicBounce|ExpandingForce,DazzlingGleam,Protect,TrickRoom|||F|||50|,,,,,Water]Gallade||ClearAmulet|Sharpness|SacredSword,PsychoCut,WideGuard,TrickRoom|||M|||50|,,,,,Grass]Ursaluna||FlameOrb|Guts|Facade,HeadlongRush,Substitute,Protect|||M|||50|,,,,,Ghost]Lilligant-Hisui||FocusSash|Chlorophyll|CloseCombat,LeafBlade,SleepPowder,AfterYou|||F|||50|,,,,,Ghost]Torkoal||ChoiceSpecs|Drought|Eruption,HeatWave,Flamethrower,ClearSmog|||M|||50|,,,,,Fire
|showteam|p2|Torkoal||Charcoal|Drought|Eruption,HeatWave,EarthPower,Protect|||F|||50|,,,,,Fire]Jumpluff||WideLens|Chlorophyll|RagePowder,SleepPowder,Tailwind,PollenPuff|||M|||50|,,,,,Ghost]Charizard||LifeOrb|SolarPower|HeatWave,Overheat,AirSlash,Protect|||M|||50|,,,,,Ghost]Porygon2||Eviolite|Download|TeraBlast,IceBeam,Recover,TrickRoom||||||50|,,,,,Poison]Ursaluna||FlameOrb|Guts|Earthquake,Facade,Protect,HeadlongRush|||M|||50|,,,,,Ghost]Incineroar||SafetyGoggles|Intimidate|FlareBlitz,KnockOff,PartingShot,FakeOut|||M|||50|,,,,,Bug
|inactive|Battle timer is ON: inactive players will automatically lose when time's up. (requested by Escalon209)
|
|t:|1757648076
|teamsize|p1|4
|teamsize|p2|4
|start
|switch|p1a: labubu|Indeedee-F, L50, F|100/100
|switch|p1b: matcha|Gallade, L50, M|100/100
|switch|p2a: Charizard|Charizard, L50, M|100/100
|switch|p2b: Jumpluff|Jumpluff, L50, M|100/100
|-fieldstart|move: Psychic Terrain|[from] ability: Psychic Surge|[of] p1a: labubu
|turn|1
|
|t:|1757648100
|switch|p2b: Torkoal|Torkoal, L50, F, shiny|100/100
|-weather|SunnyDay|[from] ability: Drought|[of] p2b: Torkoal
|move|p1a: labubu|Follow Me|p1a: labubu
|-singleturn|p1a: labubu|move: Follow Me
|move|p2a: Charizard|Overheat|p1a: labubu|[miss]
|-miss|p2a: Charizard|p1a: labubu
|move|p1b: matcha|Trick Room|p1b: matcha
|-fieldstart|move: Trick Room|[of] p1b: matcha
|
|-weather|SunnyDay|[upkeep]
|-damage|p2a: Charizard|88/100|[from] ability: Solar Power|[of] p2a: Charizard
|upkeep
|turn|2
|inactive|tbpgerard has 30 seconds left.
|
|t:|1757648132
|move|p2b: Torkoal|Protect|p2b: Torkoal
|-singleturn|p2b: Torkoal|Protect
|move|p1a: labubu|Follow Me|p1a: labubu
|-singleturn|p1a: labubu|move: Follow Me
|move|p1b: matcha|Psycho Cut|p2b: Torkoal
|-activate|p2b: Torkoal|move: Protect
|move|p2a: Charizard|Overheat|p1a: labubu|[miss]
|-miss|p2a: Charizard|p1a: labubu
|
|-weather|SunnyDay|[upkeep]
|-damage|p2a: Charizard|76/100|[from] ability: Solar Power|[of] p2a: Charizard
|upkeep
|turn|3
|
|t:|1757648144
|-terastallize|p2b: Torkoal|Fire
|move|p1a: labubu|Follow Me|p1a: labubu
|-singleturn|p1a: labubu|move: Follow Me
|move|p2b: Torkoal|Eruption|p1b: matcha|[spread] p1a,p1b
|-damage|p1a: labubu|0 fnt
|-damage|p1b: matcha|0 fnt
|faint|p1a: labubu
|faint|p1b: matcha
|move|p2a: Charizard|Heat Wave|p1: labubu|[notarget]
|-fail|p2a: Charizard
|
|-weather|SunnyDay|[upkeep]
|-damage|p2a: Charizard|63/100|[from] ability: Solar Power|[of] p2a: Charizard
|upkeep
|
|t:|1757648149
|switch|p1b: fem lit|Torkoal, L50, M|100/100
|switch|p1a: clairo|Hatterene, L50, F, shiny|100/100
|turn|4
|
|t:|1757648157
|-terastallize|p1b: fem lit|Fire
|move|p1b: fem lit|Eruption|p2a: Charizard|[spread] p2a,p2b
|-resisted|p2a: Charizard
|-resisted|p2b: Torkoal
|-damage|p2a: Charizard|0 fnt
|-damage|p2b: Torkoal|3/100
|faint|p2a: Charizard
|move|p1a: clairo|Expanding Force|p2b: Torkoal
|-damage|p2b: Torkoal|0 fnt
|faint|p2b: Torkoal
|-damage|p1a: clairo|91/100|[from] item: Life Orb
|
|-weather|SunnyDay|[upkeep]
|upkeep
|
|t:|1757648166
|switch|p2b: Ursaluna|Ursaluna, L50, M|100/100
|switch|p2a: Jumpluff|Jumpluff, L50, M|100/100
|turn|5
|
|t:|1757648182
|move|p2b: Ursaluna|Protect|p2b: Ursaluna
|-singleturn|p2b: Ursaluna|Protect
|move|p2a: Jumpluff|Rage Powder|p2a: Jumpluff
|-singleturn|p2a: Jumpluff|move: Rage Powder
|move|p1b: fem lit|Eruption|p2b: Ursaluna|[spread] p2a
|-activate|p2b: Ursaluna|move: Protect
|-supereffective|p2a: Jumpluff
|-damage|p2a: Jumpluff|0 fnt
|faint|p2a: Jumpluff
|move|p1a: clairo|Expanding Force|p2b: Ursaluna
|-activate|p2b: Ursaluna|move: Protect
|
|-weather|none
|-fieldend|move: Trick Room
|-fieldend|move: Psychic Terrain
|-status|p2b: Ursaluna|brn|[from] item: Flame Orb
|upkeep
|turn|6
|
|t:|1757648194
|move|p2b: Ursaluna|Earthquake|p1a: clairo|[spread] p1a,p1b
|-supereffective|p1b: fem lit
|-damage|p1a: clairo|27/100
|-damage|p1b: fem lit|2/100
|move|p1a: clairo|Expanding Force|p2b: Ursaluna
|-damage|p2b: Ursaluna|40/100 brn
|-damage|p1a: clairo|17/100|[from] item: Life Orb
|move|p1b: fem lit|Eruption|p2b: Ursaluna
|-damage|p2b: Ursaluna|39/100 brn
|
|-damage|p2b: Ursaluna|33/100 brn|[from] brn
|upkeep
|turn|7
|
|t:|1757648200
|move|p1a: clairo|Protect|p1a: clairo
|-singleturn|p1a: clairo|Protect
|move|p2b: Ursaluna|Earthquake|p1b: fem lit|[spread] p1b
|-activate|p1a: clairo|move: Protect
|-supereffective|p1b: fem lit
|-damage|p1b: fem lit|0 fnt
|faint|p1b: fem lit
|
|-damage|p2b: Ursaluna|27/100 brn|[from] brn
|upkeep
|turn|8
|
|t:|1757648205
|move|p2b: Ursaluna|Facade|p1a: clairo
|-damage|p1a: clairo|0 fnt
|faint|p1a: clairo
|
|win|Escalon209
||tbpgerard is ready for game 2.
||Escalon209 is ready for game 2.
|uhtml|next|Next: Game 2 of 3
