|j|☆KodeBeast0526
|j|☆sserpiente3
|html|KodeBeast0526sserpiente3    
|uhtml|bestof|Game 2 of a best-of-3
|t:|1783392320
|gametype|doubles
|player|p1|KodeBeast0526|sailor|1113
|player|p2|sserpiente3|veteran|1005
|gen|9
|tier|[Gen 9 Champions] VGC 2026 Reg M-B (Bo3)
|rated|
|rule|Species Clause: Limit one of each Pokémon
|rule|Item Clause: Limit 1 of each item
|clearpoke
|poke|p1|Gengar, L50, M, shiny|
|poke|p1|Swampert, L50, F, shiny|
|poke|p1|Incineroar, L50, F, shiny|
|poke|p1|Politoed, L50, M, shiny|
|poke|p1|Archaludon, L50, M|
|poke|p1|Vivillon-Ocean, L50, M|
|poke|p2|Dragalge, L50, F|
|poke|p2|Sableye, L50, M|
|poke|p2|Sinistcha, L50|
|poke|p2|Blaziken, L50, M|
|poke|p2|Milotic, L50, M|
|poke|p2|Kingambit, L50, F|
|teampreview|4
|showteam|p1|Gengar||Gengarite|CursedBody|ShadowBall,PerishSong,SludgeBomb,Protect|Timid||M|||50|]Swampert||Swampertite|Torrent|WaveCrash,Earthquake,IcePunch,Protect|Adamant||F|||50|]Incineroar||PasshoBerry|Intimidate|ThroatChop,PartingShot,FakeOut,Protect|Sassy||F|||50|]Politoed||SitrusBerry|Drizzle|WeatherBall,PerishSong,Encore,Protect|Calm||M|||50|]Archaludon||Leftovers|Stamina|DragonPulse,FlashCannon,ElectroShot,Protect|Bold||M|||50|]Vivillon-Ocean||FocusSash|CompoundEyes|Hurricane,SleepPowder,RagePowder,Protect|Timid||M|||50|
|showteam|p2|Dragalge||Dragalgite|PoisonTouch|SludgeBomb,DragonPulse,AcidArmor,Protect|Modest||F|||50|]Sableye||LightClay|Prankster|Reflect,LightScreen,Disable,WillOWisp|Relaxed||M|||50|]Sinistcha||FocusSash|Hospitality|LifeDew,TrickRoom,MatchaGotcha,StrengthSap|Calm|||||50|]Blaziken||ZoomLens|SpeedBoost|FocusBlast,Flamethrower,BatonPass,Protect|Modest||M|||50|]Milotic||Leftovers|Competitive|Coil,IceBeam,HydroPump,Recover|Modest||M|||50|]Kingambit||LifeOrb|Defiant|SuckerPunch,KowtowCleave,LowKick,IronHead|Adamant||F|||50|
|
|t:|1783392339
|teamsize|p1|4
|teamsize|p2|4
|start
|switch|p1a: Swampert|Swampert, L50, F, shiny|100/100
|switch|p1b: Politoed|Politoed, L50, M, shiny|100/100
|switch|p2a: Blaziken|Blaziken, L50, M|100/100
|switch|p2b: szayelaporro|Sableye, L50, M|100/100
|-weather|RainDance|[from] ability: Drizzle|[of] p1b: Politoed
|turn|1
|
|t:|1783392352
|switch|p1a: Archaludon|Archaludon, L50, M|100/100
|move|p2a: Blaziken|Protect|p2a: Blaziken
|-singleturn|p2a: Blaziken|Protect
|move|p2b: szayelaporro|Will-O-Wisp|p1a: Archaludon
|-status|p1a: Archaludon|brn
|move|p1b: Politoed|Weather Ball|p2b: szayelaporro
|-damage|p2b: szayelaporro|39/100
|
|-weather|RainDance|[upkeep]
|-damage|p1a: Archaludon|93/100 brn|[from] brn
|-ability|p2a: Blaziken|Speed Boost|boost
|-boost|p2a: Blaziken|spe|1
|upkeep
|turn|2
|
|t:|1783392367
|move|p2b: szayelaporro|Disable|p1b: Politoed
|-start|p1b: Politoed|Disable|Weather Ball
|move|p2a: Blaziken|Focus Blast|p1a: Archaludon
|-supereffective|p1a: Archaludon|1
|-damage|p1a: Archaludon|0 fnt
|faint|p1a: Archaludon
|cant|p1b: Politoed|Disable|Weather Ball
|
|-weather|RainDance|[upkeep]
|-ability|p2a: Blaziken|Speed Boost|boost
|-boost|p2a: Blaziken|spe|1
|upkeep
|
|t:|1783392377
|switch|p1a: Vivillon|Vivillon-Ocean, L50, M|100/100
|turn|3
|
|t:|1783392391
|switch|p1b: Swampert|Swampert, L50, F, shiny|100/100
|move|p2a: Blaziken|Protect|p2a: Blaziken
|-singleturn|p2a: Blaziken|Protect
|move|p2b: szayelaporro|Light Screen|p2b: szayelaporro
|-sidestart|p2: sserpiente3|move: Light Screen
|move|p1a: Vivillon|Hurricane|p2a: Blaziken
|-activate|p2a: Blaziken|move: Protect
|
|-weather|RainDance|[upkeep]
|-ability|p2a: Blaziken|Speed Boost|boost
|-boost|p2a: Blaziken|spe|1
|upkeep
|turn|4
|
|t:|1783392402
|detailschange|p1b: Swampert|Swampert-Mega, L50, F, shiny
|-mega|p1b: Swampert|Swampert|Swampertite
|move|p1a: Vivillon|Rage Powder|p1a: Vivillon
|-singleturn|p1a: Vivillon|move: Rage Powder
|move|p2b: szayelaporro|Will-O-Wisp|p1a: Vivillon
|-status|p1a: Vivillon|brn
|move|p2a: Blaziken|Baton Pass|p2a: Blaziken
|
|t:|1783392409
|switch|p2a: Dragalge|Dragalge, L50, F|100/100|[from] Baton Pass
|move|p1b: Swampert|Earthquake|p2a: Dragalge|[spread] p2a,p2b
|-immune|p1a: Vivillon
|-supereffective|p2a: Dragalge|1
|-damage|p2a: Dragalge|4/100
|-damage|p2b: szayelaporro|0 fnt
|faint|p2b: szayelaporro
|
|-weather|RainDance|[upkeep]
|-damage|p1a: Vivillon|94/100 brn|[from] brn
|upkeep
|
|t:|1783392415
|switch|p2b: Kingambit|Kingambit, L50, F|100/100
|turn|5
|
|t:|1783392448
|detailschange|p2a: Dragalge|Dragalge-Mega, L50, F
|-mega|p2a: Dragalge|Dragalge|Dragalgite
|move|p2a: Dragalge|Protect|p2a: Dragalge
|-singleturn|p2a: Dragalge|Protect
|move|p1a: Vivillon|Rage Powder|p1a: Vivillon
|-singleturn|p1a: Vivillon|move: Rage Powder
|move|p1b: Swampert|Earthquake|p2a: Dragalge|[spread] p2b
|-activate|p2a: Dragalge|move: Protect
|-immune|p1a: Vivillon
|-supereffective|p2b: Kingambit|1
|-damage|p2b: Kingambit|24/100
|move|p2b: Kingambit|Kowtow Cleave|p1a: Vivillon
|-damage|p1a: Vivillon|0 fnt
|faint|p1a: Vivillon
|-damage|p2b: Kingambit|14/100|[from] item: Life Orb
|
|-weather|none
|upkeep
|
|t:|1783392461
|switch|p1a: Politoed|Politoed, L50, M, shiny|100/100
|-weather|RainDance|[from] ability: Drizzle|[of] p1a: Politoed
|turn|6
|
|t:|1783392474
|move|p2b: Kingambit|Sucker Punch|p1b: Swampert
|-damage|p1b: Swampert|50/100g
|-damage|p2b: Kingambit|5/100|[from] item: Life Orb
|move|p1b: Swampert|Earthquake|p2b: Kingambit|[spread] p1a,p2a,p2b
|-supereffective|p2a: Dragalge|1
|-supereffective|p2b: Kingambit|1
|-crit|p2b: Kingambit
|-damage|p1a: Politoed|55/100
|-damage|p2a: Dragalge|0 fnt
|-damage|p2b: Kingambit|0 fnt
|faint|p2a: Dragalge
|faint|p2b: Kingambit
|move|p1a: Politoed|Weather Ball|p2: Dragalge|[notarget]
|-fail|p1a: Politoed
|
|-weather|RainDance|[upkeep]
|upkeep
|
|t:|1783392477
|switch|p2b: Blaziken|Blaziken, L50, M|100/100
|turn|7
|
|t:|1783392482
|move|p1b: Swampert|Earthquake|p2b: Blaziken|[spread] p1a,p2b
|-supereffective|p2b: Blaziken|1
|-damage|p1a: Politoed|14/100
|-damage|p2b: Blaziken|0 fnt
|-enditem|p1a: Politoed|Sitrus Berry|[eat]
|-heal|p1a: Politoed|39/100|[from] item: Sitrus Berry
|faint|p2b: Blaziken
|
|win|KodeBeast0526
|raw|KodeBeast0526's rating: 1113 → 1130(+17 for winning)
|raw|sserpiente3's rating: 1005 → 1000(-5 for losing)
