|j|☆gundot
|j|☆glaedr1994
|html|gundotglaedr1994    
|uhtml|bestof|Game 1 of a best-of-3
|t:|1783684432
|gametype|doubles
|player|p1|gundot|ethan-gen2|1294
|player|p2|glaedr1994|169|1287
|gen|9
|tier|[Gen 9 Champions] VGC 2026 Reg M-B (Bo3)
|rated|
|rule|Species Clause: Limit one of each Pokémon
|rule|Item Clause: Limit 1 of each item
|clearpoke
|poke|p1|Charizard, L50, F, shiny|
|poke|p1|Whimsicott, L50, F|
|poke|p1|Mawile, L50, M|
|poke|p1|Garchomp, L50, M|
|poke|p1|Farigiraf, L50, M|
|poke|p1|Basculegion, L50, M|
|poke|p2|Swampert, L50, F|
|poke|p2|Pelipper, L50, M|
|poke|p2|Archaludon, L50, M|
|poke|p2|Gholdengo, L50|
|poke|p2|Sneasler, L50, F|
|poke|p2|Dragonite, L50, M|
|teampreview|4
|showteam|p1|Charizard||CharizarditeY|SolarPower|HeatWave,WeatherBall,SolarBeam,Protect|Modest||F|||50|]Whimsicott||FocusSash|Prankster|Moonblast,Tailwind,Encore,Protect|Timid||F|||50|]Mawile||Mawilite|Intimidate|PlayRough,RockSlide,SuckerPunch,Protect|Adamant||M|||50|]Garchomp||LifeOrb|RoughSkin|Earthquake,DragonClaw,RockSlide,Protect|Jolly||M|||50|]Farigiraf||SitrusBerry|ArmorTail|Psychic,Thunderbolt,TrickRoom,HelpingHand|Modest||M|||50|]Basculegion||MysticWater|Adaptability|WaveCrash,AquaJet,LastRespects,Protect|Adamant||M|||50|
|showteam|p2|Swampert||Swampertite|Torrent|Earthquake,WaveCrash,Protect,IcePunch|Adamant||F|||50|]Pelipper||FocusSash|Drizzle|Tailwind,Hurricane,WeatherBall,WideGuard|Modest||M|||50|]Archaludon||Leftovers|Stamina|ElectroShot,Protect,DragonPulse,AuraSphere|Modest||M|||50|]Gholdengo||ChoiceScarf|GoodasGold|PowerGem,MakeItRain,ShadowBall,Trick|Timid|||||50|]Sneasler||WhiteHerb|Unburden|FakeOut,CloseCombat,DireClaw,Protect|Jolly||F|||50|]Dragonite||Dragoninite|Multiscale|Hurricane,DragonPulse,Tailwind,Protect|Modest||M|||50|
|inactive|Battle timer is ON: inactive players will automatically lose when time's up. (requested by gundot)
|inactive|gundot has 60 seconds left.
|inactive|glaedr1994 has 60 seconds left.
|inactive|gundot has 30 seconds left.
|
|t:|1783684493
|teamsize|p1|4
|teamsize|p2|4
|start
|switch|p1a: Whimsicott|Whimsicott, L50, F|100/100
|switch|p1b: Basculegion|Basculegion, L50, M|100/100
|switch|p2a: Dragonite|Dragonite, L50, M|100/100
|switch|p2b: Sneasler|Sneasler, L50, F|100/100
|turn|1
|inactive|gundot has 30 seconds left.
|inactive|glaedr1994 has 30 seconds left.
|inactive|glaedr1994 has 20 seconds left.
|inactive|glaedr1994 has 15 seconds left.
|
|t:|1783684536
|move|p2b: Sneasler|Fake Out|p1a: Whimsicott
|-damage|p1a: Whimsicott|77/100
|cant|p1a: Whimsicott|flinch
|move|p2a: Dragonite|Dragon Pulse|p1b: Basculegion
|-damage|p1b: Basculegion|53/100
|move|p1b: Basculegion|Wave Crash|p2b: Sneasler
|-damage|p2b: Sneasler|0 fnt
|faint|p2b: Sneasler
|-damage|p1b: Basculegion|28/100|[from] Recoil
|
|upkeep
|
|t:|1783684552
|switch|p2b: Swampert|Swampert, L50, F|100/100
|turn|2
|
|t:|1783684568
|detailschange|p2b: Swampert|Swampert-Mega, L50, F
|-mega|p2b: Swampert|Swampert|Swampertite
|move|p1a: Whimsicott|Tailwind|p1a: Whimsicott
|-sidestart|p1: gundot|move: Tailwind
|move|p1b: Basculegion|Wave Crash|p2b: Swampert
|-damage|p2b: Swampert|15/100
|-damage|p1b: Basculegion|3/100|[from] Recoil
|move|p2a: Dragonite|Tailwind|p2a: Dragonite
|-sidestart|p2: glaedr1994|move: Tailwind
|move|p2b: Swampert|Ice Punch|p1a: Whimsicott
|-supereffective|p1a: Whimsicott|1
|-damage|p1a: Whimsicott|0 fnt
|faint|p1a: Whimsicott
|
|upkeep
|inactive|gundot has 30 seconds left.
|
|t:|1783684596
|switch|p1a: Farigiraf|Farigiraf, L50, M|100/100
|turn|3
|
|t:|1783684618
|move|p1b: Basculegion|Aqua Jet|p2b: Swampert
|-damage|p2b: Swampert|0 fnt
|faint|p2b: Swampert
|move|p2a: Dragonite|Dragon Pulse|p1a: Farigiraf
|-damage|p1a: Farigiraf|65/100
|move|p1a: Farigiraf|Trick Room|p1a: Farigiraf
|-fieldstart|move: Trick Room|[of] p1a: Farigiraf
|
|upkeep
|
|t:|1783684626
|switch|p2b: Pelipper|Pelipper, L50, M|100/100
|-weather|RainDance|[from] ability: Drizzle|[of] p2b: Pelipper
|turn|4
|
|t:|1783684647
|move|p1b: Basculegion|Aqua Jet|p2b: Pelipper
|-resisted|p2b: Pelipper|1
|-damage|p2b: Pelipper|65/100
|move|p1a: Farigiraf|Thunderbolt|p2b: Pelipper
|-supereffective|p2b: Pelipper|2
|-damage|p2b: Pelipper|0 fnt
|faint|p2b: Pelipper
|move|p2a: Dragonite|Hurricane|p1a: Farigiraf
|-damage|p1a: Farigiraf|22/100
|-enditem|p1a: Farigiraf|Sitrus Berry|[eat]
|-heal|p1a: Farigiraf|47/100|[from] item: Sitrus Berry
|
|-weather|RainDance|[upkeep]
|upkeep
|turn|5
|
|t:|1783684667
|move|p1a: Farigiraf|Psychic|p2a: Dragonite
|-damage|p2a: Dragonite|81/100
|move|p1b: Basculegion|Last Respects|p2a: Dragonite
|-damage|p2a: Dragonite|7/100
|move|p2a: Dragonite|Dragon Pulse|p1b: Basculegion
|-crit|p1b: Basculegion
|-damage|p1b: Basculegion|0 fnt
|faint|p1b: Basculegion
|
|-weather|RainDance|[upkeep]
|-sideend|p1: gundot|move: Tailwind
|-sideend|p2: glaedr1994|move: Tailwind
|upkeep
|
|t:|1783684673
|switch|p1b: Charizard|Charizard, L50, F, shiny|100/100
|turn|6
|-message|glaedr1994 forfeited.
|
|win|gundot
