|j|☆totsbite4
|j|☆AikonZ_Test
|html|totsbite4AikonZ_Test    
|uhtml|bestof|Game 2 of a best-of-3
|t:|1756763597
|gametype|doubles
|player|p1|totsbite4|jogger|1247
|player|p2|AikonZ_Test|veteran|1321
|gen|9
|tier|[Gen 9] VGC 2025 Reg H (Bo3)
|rated|
|rule|Species Clause: Limit one of each Pokémon
|rule|Item Clause: Limit 1 of each item
|clearpoke
|poke|p1|Kommo-o, L50, F|
|poke|p1|Electabuzz, L50, M|
|poke|p1|Primarina, L50, M|
|poke|p1|Incineroar, L50, F|
|poke|p1|Rillaboom, L50, M|
|poke|p1|Sneasler, L50, F|
|poke|p2|Porygon2, L50|
|poke|p2|Ursaluna, L50, M|
|poke|p2|Volcarona, L50, F|
|poke|p2|Grimmsnarl, L50, M|
|poke|p2|Annihilape, L50, F|
|poke|p2|Gholdengo, L50|
|teampreview|4
|showteam|p1|Kommo-o||ThroatSpray|Soundproof|ClangingScales,Flamethrower,ClangorousSoul,Protect|||F|||50|,,,,,Fire]Electabuzz||Eviolite|VitalSpirit|FollowMe,Electroweb,Taunt,Protect|||M|||50|,,,,,Ghost]Primarina||LifeOrb|LiquidVoice|HyperVoice,Moonblast,Haze,Protect|||M|||50|,,,,,Poison]Incineroar||SafetyGoggles|Intimidate|FakeOut,FlareBlitz,KnockOff,PartingShot|||F|||50|,,,,,Ghost]Rillaboom||AssaultVest|GrassySurge|GrassyGlide,WoodHammer,FakeOut,Uturn|||M|||50|,,,,,Fire]Sneasler||FocusSash|Unburden|DireClaw,CloseCombat,ThroatChop,Protect|||F|||50|,,,,,Dark
|showteam|p2|Porygon2||Eviolite|Download|TriAttack,ShadowBall,Recover,TrickRoom||||||50|,,,,,Ghost]Ursaluna||FlameOrb|Guts|Facade,Earthquake,HeadlongRush,Protect|||M|||50|,,,,,Ghost]Volcarona||CovertCloak|FlameBody|Overheat,StruggleBug,RagePowder,WillOWisp|||F|||50|,,,,,Dragon]Grimmsnarl||LightClay|Prankster|SpiritBreak,Reflect,LightScreen,Taunt|||M|||50|,,,,,Steel]Annihilape||SafetyGoggles|Defiant|RageFist,DrainPunch,Protect,BulkUp|||F|||50|,,,,,Water]Gholdengo||ChoiceSpecs|GoodasGold|ShadowBall,MakeItRain,PowerGem,Trick||||||50|,,,,,Dragon
|inactive|Battle timer is ON: inactive players will automatically lose when time's up. (requested by totsbite4)
|inactive|totsbite4 has 60 seconds left.
|
|t:|1756763638
|teamsize|p1|4
|teamsize|p2|4
|start
|switch|p1a: Electabuzz|Electabuzz, L50, M|100/100
|switch|p1b: Primarina|Primarina, L50, M|100/100
|switch|p2a: Volcarona|Volcarona, L50, F|100/100
|switch|p2b: Gholdengo|Gholdengo, L50|100/100
|turn|1
|
|t:|1756763658
|switch|p1b: Incineroar|Incineroar, L50, F|100/100
|-ability|p1b: Incineroar|Intimidate|boost
|-unboost|p2a: Volcarona|atk|1
|-unboost|p2b: Gholdengo|atk|1
|move|p2a: Volcarona|Struggle Bug|p1a: Electabuzz|[spread] p1a,p1b
|-crit|p1b: Incineroar
|-damage|p1a: Electabuzz|88/100
|-damage|p1b: Incineroar|73/100
|-unboost|p1a: Electabuzz|spa|1
|-unboost|p1b: Incineroar|spa|1
|move|p1a: Electabuzz|Electroweb|p2a: Volcarona|[spread] p2a,p2b
|-damage|p2a: Volcarona|92/100
|-damage|p2b: Gholdengo|92/100
|-unboost|p2b: Gholdengo|spe|1
|move|p2b: Gholdengo|Shadow Ball|p1a: Electabuzz
|-damage|p1a: Electabuzz|36/100
|
|upkeep
|turn|2
|
|t:|1756763679
|switch|p2b: Porygon2|Porygon2, L50, shiny|100/100
|-ability|p2b: Porygon2|Download|boost
|-boost|p2b: Porygon2|spa|1
|move|p1a: Electabuzz|Protect|p1a: Electabuzz
|-singleturn|p1a: Electabuzz|Protect
|move|p2a: Volcarona|Struggle Bug|p1b: Incineroar|[spread] p1b
|-activate|p1a: Electabuzz|move: Protect
|-damage|p1b: Incineroar|55/100
|-unboost|p1b: Incineroar|spa|1
|move|p1b: Incineroar|Knock Off|p2b: Porygon2
|-damage|p2b: Porygon2|72/100
|-enditem|p2b: Porygon2|Eviolite|[from] move: Knock Off|[of] p1b: Incineroar
|
|upkeep
|turn|3
|inactive|AikonZ_Test has 30 seconds left.
|
|t:|1756763705
|move|p2a: Volcarona|Overheat|p1a: Electabuzz
|-damage|p1a: Electabuzz|0 fnt
|-unboost|p2a: Volcarona|spa|2
|faint|p1a: Electabuzz
|move|p1b: Incineroar|Parting Shot|p2b: Porygon2
|-unboost|p2b: Porygon2|atk|1
|-unboost|p2b: Porygon2|spa|1
|
|t:|1756763714
|switch|p1b: Primarina|Primarina, L50, M|100/100|[from] Parting Shot
|move|p2b: Porygon2|Tri Attack|p1b: Primarina
|-damage|p1b: Primarina|72/100
|
|upkeep
|
|t:|1756763724
|switch|p1a: Kommo-o|Kommo-o, L50, F|100/100
|turn|4
|
|t:|1756763739
|switch|p1b: Incineroar|Incineroar, L50, F|55/100
|-ability|p1b: Incineroar|Intimidate|boost
|-unboost|p2a: Volcarona|atk|1
|-unboost|p2b: Porygon2|atk|1
|move|p2a: Volcarona|Struggle Bug|p1a: Kommo-o|[spread] p1a,p1b
|-resisted|p1a: Kommo-o
|-damage|p1a: Kommo-o|97/100
|-damage|p1b: Incineroar|45/100
|-unboost|p1a: Kommo-o|spa|1
|-unboost|p1b: Incineroar|spa|1
|move|p1a: Kommo-o|Clangorous Soul|p1a: Kommo-o
|-boost|p1a: Kommo-o|atk|1
|-boost|p1a: Kommo-o|def|1
|-boost|p1a: Kommo-o|spa|1
|-boost|p1a: Kommo-o|spd|1
|-boost|p1a: Kommo-o|spe|1
|-damage|p1a: Kommo-o|64/100
|-enditem|p1a: Kommo-o|Throat Spray
|-boost|p1a: Kommo-o|spa|1|[from] item: Throat Spray
|move|p2b: Porygon2|Trick Room|p2b: Porygon2
|-fieldstart|move: Trick Room|[of] p2b: Porygon2
|
|upkeep
|turn|5
|inactive|totsbite4 has 30 seconds left.
|
|t:|1756763765
|switch|p2b: Ursaluna|Ursaluna, L50, M|100/100
|move|p1a: Kommo-o|Protect|p1a: Kommo-o
|-singleturn|p1a: Kommo-o|Protect
|move|p1b: Incineroar|Parting Shot|p2b: Ursaluna
|-unboost|p2b: Ursaluna|atk|1
|-unboost|p2b: Ursaluna|spa|1
|
|t:|1756763773
|switch|p1b: Primarina|Primarina, L50, M|72/100|[from] Parting Shot
|move|p2a: Volcarona|Struggle Bug|p1b: Primarina|[spread] p1b
|-activate|p1a: Kommo-o|move: Protect
|-resisted|p1b: Primarina
|-damage|p1b: Primarina|68/100
|-unboost|p1b: Primarina|spa|1
|
|-status|p2b: Ursaluna|brn|[from] item: Flame Orb
|upkeep
|turn|6
|
|t:|1756763791
|move|p2b: Ursaluna|Facade|p1b: Primarina
|-damage|p1b: Primarina|0 fnt
|faint|p1b: Primarina
|move|p2a: Volcarona|Struggle Bug|p1a: Kommo-o
|-resisted|p1a: Kommo-o
|-damage|p1a: Kommo-o|60/100
|-unboost|p1a: Kommo-o|spa|1
|move|p1a: Kommo-o|Clanging Scales|p2a: Volcarona|[spread] p2a,p2b
|-damage|p2a: Volcarona|64/100
|-damage|p2b: Ursaluna|71/100 brn
|-unboost|p1a: Kommo-o|def|1
|
|-damage|p2b: Ursaluna|65/100 brn|[from] brn
|upkeep
|
|t:|1756763805
|switch|p1b: Incineroar|Incineroar, L50, F|45/100
|-ability|p1b: Incineroar|Intimidate|boost
|-unboost|p2a: Volcarona|atk|1
|-unboost|p2b: Ursaluna|atk|1
|turn|7
|-message|totsbite4 forfeited.
|
|win|AikonZ_Test
|raw|totsbite4's rating: 1247 → 1227(-20 for losing)
|raw|AikonZ_Test's rating: 1321 → 1337(+16 for winning)
