|j|☆arm fire
|j|☆TetosStrongest
|html|arm fireTetosStrongest    
|uhtml|bestof|Game 3 of a best-of-3
|t:|1755876709
|gametype|doubles
|player|p1|arm fire|flannery|1225
|player|p2|TetosStrongest|cowgirl|1162
|gen|9
|tier|[Gen 9] VGC 2025 Reg H (Bo3)
|rated|
|rule|Species Clause: Limit one of each Pokémon
|rule|Item Clause: Limit 1 of each item
|clearpoke
|poke|p1|Garchomp, L50, M|
|poke|p1|Gholdengo, L50|
|poke|p1|Incineroar, L50, F|
|poke|p1|Amoonguss, L50, M|
|poke|p1|Kilowattrel, L50, F|
|poke|p1|Tyranitar, L50, F|
|poke|p2|Palafin, L50, F|
|poke|p2|Volcarona, L50, F|
|poke|p2|Sinistcha, L50|
|poke|p2|Hydreigon, L50, F|
|poke|p2|Incineroar, L50, F|
|poke|p2|Ursaluna, L50, F|
|teampreview|4
|showteam|p1|Garchomp||LifeOrb|SandVeil|DragonClaw,StompingTantrum,Earthquake,Protect|||M|||50|,,,,,Ground]Gholdengo||MetalCoat|GoodasGold|MakeItRain,ShadowBall,NastyPlot,Protect||||||50|,,,,,Flying]Incineroar||SafetyGoggles|Intimidate|FakeOut,FlareBlitz,KnockOff,PartingShot|||F|||50|,,,,,Ghost]Amoonguss||SitrusBerry|Regenerator|Protect,PollenPuff,Spore,RagePowder|||M|||50|,,,,,Fairy]Kilowattrel||FocusSash|Competitive|Electroweb,VoltSwitch,AirSlash,Tailwind|||F|||50|,,,,,Ghost]Tyranitar||AssaultVest|SandStream|RockSlide,KnockOff,LowKick,TeraBlast|||F|||50|,,,,,Flying
|showteam|p2|Palafin||MysticWater|ZerotoHero|WaveCrash,JetPunch,Haze,Protect|||F|||50|,,,,,Grass]Volcarona||Leftovers|FlameBody|HeatWave,TeraBlast,QuiverDance,Protect|||F|||50|,,,,,Fairy]Sinistcha||MentalHerb|Hospitality|MatchaGotcha,RagePowder,TrickRoom,LifeDew||||||50|,,,,,Water]Hydreigon||CovertCloak|Levitate|Tailwind,Snarl,DracoMeteor,Protect|||F|||50|,,,,,Poison]Incineroar||AssaultVest|Intimidate|FakeOut,FlareBlitz,Uturn,KnockOff|||F|||50|,,,,,Grass]Ursaluna||FlameOrb|Guts|Facade,Earthquake,HeadlongRush,Protect|||F|||50|,,,,,Ghost
|inactive|Battle timer is ON: inactive players will automatically lose when time's up. (requested by arm fire)
|
|t:|1755876718
|teamsize|p1|4
|teamsize|p2|4
|start
|switch|p1a: Kilowattrel|Kilowattrel, L50, F|100/100
|switch|p1b: Garchomp|Garchomp, L50, M|100/100
|switch|p2a: Triple Baka|Hydreigon, L50, F|100/100
|switch|p2b: HITO Mania|Palafin, L50, F, shiny|100/100
|turn|1
|
|t:|1755876735
|detailschange|p2b: HITO Mania|Palafin-Hero, L50, F, shiny
|switch|p2b: Spoken For|Ursaluna, L50, F|100/100
|-terastallize|p1b: Garchomp|Ground
|-terastallize|p2a: Triple Baka|Poison
|move|p1a: Kilowattrel|Electroweb|p2b: Spoken For|[spread] p2a
|-immune|p2b: Spoken For
|-damage|p2a: Triple Baka|81/100
|move|p1b: Garchomp|Dragon Claw|p2a: Triple Baka
|-damage|p2a: Triple Baka|26/100
|-damage|p1b: Garchomp|91/100|[from] item: Life Orb
|move|p2a: Triple Baka|Tailwind|p2a: Triple Baka
|-sidestart|p2: TetosStrongest|move: Tailwind
|
|-status|p2b: Spoken For|brn|[from] item: Flame Orb
|upkeep
|turn|2
|
|t:|1755876746
|move|p2a: Triple Baka|Snarl|p1b: Garchomp|[spread] p1a,p1b
|-damage|p1a: Kilowattrel|65/100
|-damage|p1b: Garchomp|69/100
|-unboost|p1a: Kilowattrel|spa|1
|-ability|p1a: Kilowattrel|Competitive|boost
|-boost|p1a: Kilowattrel|spa|2
|-unboost|p1b: Garchomp|spa|1
|move|p1a: Kilowattrel|Tailwind|p1a: Kilowattrel
|-sidestart|p1: arm fire|move: Tailwind
|move|p1b: Garchomp|Dragon Claw|p2b: Spoken For
|-damage|p2b: Spoken For|60/100 brn
|-damage|p1b: Garchomp|60/100|[from] item: Life Orb
|move|p2b: Spoken For|Facade|p1a: Kilowattrel
|-damage|p1a: Kilowattrel|0 fnt
|faint|p1a: Kilowattrel
|
|-damage|p2b: Spoken For|54/100 brn|[from] brn
|upkeep
|
|t:|1755876749
|switch|p1a: Gholdengo|Gholdengo, L50|100/100
|turn|3
|
|t:|1755876757
|move|p2b: Spoken For|Protect|p2b: Spoken For
|-singleturn|p2b: Spoken For|Protect
|move|p1b: Garchomp|Dragon Claw|p2a: Triple Baka
|-damage|p2a: Triple Baka|0 fnt
|faint|p2a: Triple Baka
|-damage|p1b: Garchomp|50/100|[from] item: Life Orb
|move|p1a: Gholdengo|Make It Rain|p2b: Spoken For
|-activate|p2b: Spoken For|move: Protect
|
|-damage|p2b: Spoken For|48/100 brn|[from] brn
|upkeep
|
|t:|1755876759
|switch|p2a: HITO Mania|Palafin-Hero, L50, F, shiny|100/100
|-activate|p2a: HITO Mania|ability: Zero to Hero
|turn|4
|
|t:|1755876770
|switch|p2b: Territory|Incineroar, L50, F|100/100
|-ability|p2b: Territory|Intimidate|boost
|-unboost|p1a: Gholdengo|atk|1
|-unboost|p1b: Garchomp|atk|1
|move|p1b: Garchomp|Dragon Claw|p2a: HITO Mania
|-damage|p2a: HITO Mania|61/100
|-damage|p1b: Garchomp|40/100|[from] item: Life Orb
|move|p2a: HITO Mania|Wave Crash|p1a: Gholdengo
|-damage|p1a: Gholdengo|0 fnt
|faint|p1a: Gholdengo
|-damage|p2a: HITO Mania|31/100|[from] Recoil
|
|-sideend|p2: TetosStrongest|move: Tailwind
|upkeep
|
|t:|1755876772
|switch|p1a: Amoonguss|Amoonguss, L50, M|100/100
|turn|5
|
|t:|1755876779
|move|p1b: Garchomp|Protect|p1b: Garchomp
|-singleturn|p1b: Garchomp|Protect
|move|p1a: Amoonguss|Protect|p1a: Amoonguss
|-singleturn|p1a: Amoonguss|Protect
|move|p2b: Territory|Fake Out|p1a: Amoonguss
|-activate|p1a: Amoonguss|move: Protect
|move|p2a: HITO Mania|Jet Punch|p1b: Garchomp
|-activate|p1b: Garchomp|move: Protect
|
|-sideend|p1: arm fire|move: Tailwind
|upkeep
|turn|6
|
|t:|1755876789
|switch|p2b: Spoken For|Ursaluna, L50, F|48/100 brn
|move|p2a: HITO Mania|Protect|p2a: HITO Mania
|-singleturn|p2a: HITO Mania|Protect
|move|p1a: Amoonguss|Rage Powder|p1a: Amoonguss
|-singleturn|p1a: Amoonguss|move: Rage Powder
|move|p1b: Garchomp|Dragon Claw|p2a: HITO Mania
|-activate|p2a: HITO Mania|move: Protect
|
|-damage|p2b: Spoken For|42/100 brn|[from] brn
|upkeep
|turn|7
|
|t:|1755876797
|switch|p2a: Territory|Incineroar, L50, F|100/100
|-ability|p2a: Territory|Intimidate|boost
|-unboost|p1a: Amoonguss|atk|1
|-unboost|p1b: Garchomp|atk|1
|move|p2b: Spoken For|Protect|p2b: Spoken For
|-singleturn|p2b: Spoken For|Protect
|move|p1a: Amoonguss|Rage Powder|p1a: Amoonguss
|-singleturn|p1a: Amoonguss|move: Rage Powder
|move|p1b: Garchomp|Earthquake|p2b: Spoken For|[spread] p1a,p2a
|-activate|p2b: Spoken For|move: Protect
|-supereffective|p2a: Territory
|-damage|p1a: Amoonguss|72/100
|-damage|p2a: Territory|27/100
|-damage|p1b: Garchomp|30/100|[from] item: Life Orb
|
|-damage|p2b: Spoken For|36/100 brn|[from] brn
|upkeep
|turn|8
|
|t:|1755876812
|switch|p2a: HITO Mania|Palafin-Hero, L50, F, shiny|31/100
|move|p1b: Garchomp|Protect|p1b: Garchomp
|-singleturn|p1b: Garchomp|Protect
|move|p1a: Amoonguss|Protect|p1a: Amoonguss
|-singleturn|p1a: Amoonguss|Protect
|move|p2b: Spoken For|Earthquake|p1a: Amoonguss|[spread] p2a
|-activate|p1a: Amoonguss|move: Protect
|-activate|p1b: Garchomp|move: Protect
|-damage|p2a: HITO Mania|0 fnt
|faint|p2a: HITO Mania
|
|-damage|p2b: Spoken For|30/100 brn|[from] brn
|upkeep
|
|t:|1755876813
|switch|p2a: Territory|Incineroar, L50, F|27/100
|-ability|p2a: Territory|Intimidate|boost
|-unboost|p1a: Amoonguss|atk|1
|-unboost|p1b: Garchomp|atk|1
|turn|9
|inactive|arm fire has 30 seconds left.
|inactive|arm fire has 20 seconds left.
|
|t:|1755876867
|move|p2a: Territory|Fake Out|p1b: Garchomp
|-damage|p1b: Garchomp|15/100
|move|p1a: Amoonguss|Rage Powder|p1a: Amoonguss
|-singleturn|p1a: Amoonguss|move: Rage Powder
|cant|p1b: Garchomp|flinch
|move|p2b: Spoken For|Earthquake|p1a: Amoonguss|[spread] p2a,p1a,p1b
|-supereffective|p2a: Territory
|-damage|p2a: Territory|0 fnt
|-damage|p1a: Amoonguss|17/100
|-damage|p1b: Garchomp|0 fnt
|-enditem|p1a: Amoonguss|Sitrus Berry|[eat]
|-heal|p1a: Amoonguss|42/100|[from] item: Sitrus Berry
|faint|p2a: Territory
|faint|p1b: Garchomp
|
|-damage|p2b: Spoken For|24/100 brn|[from] brn
|upkeep
|turn|10
|
|t:|1755876877
|move|p1a: Amoonguss|Protect|p1a: Amoonguss
|-singleturn|p1a: Amoonguss|Protect
|move|p2b: Spoken For|Facade|p1a: Amoonguss
|-activate|p1a: Amoonguss|move: Protect
|
|-damage|p2b: Spoken For|19/100 brn|[from] brn
|upkeep
|turn|11
|
|t:|1755876884
|move|p1a: Amoonguss|Protect|p1a: Amoonguss
|-singleturn|p1a: Amoonguss|Protect
|move|p2b: Spoken For|Facade|p1a: Amoonguss
|-activate|p1a: Amoonguss|move: Protect
|
|-damage|p2b: Spoken For|13/100 brn|[from] brn
|upkeep
|turn|12
|
|t:|1755876886
|move|p1a: Amoonguss|Protect||[still]
|-fail|p1a: Amoonguss
|move|p2b: Spoken For|Facade|p1a: Amoonguss
|-damage|p1a: Amoonguss|0 fnt
|faint|p1a: Amoonguss
|
|win|TetosStrongest
|raw|arm fire's rating: 1225 → 1196(-29 for losing)
|raw|TetosStrongest's rating: 1162 → 1191(+29 for winning)
|c|☆TetosStrongest|Gg
|c|☆arm fire|Gg
|l|☆arm fire
|player|p1|
