|j|☆RustyTacos27
|j|☆MrTedno
|html|RustyTacos27MrTedno    
|uhtml|bestof|Game 2 of a best-of-3
|t:|1756419806
|gametype|doubles
|player|p1|RustyTacos27|266|1217
|player|p2|MrTedno|barry|1232
|gen|9
|tier|[Gen 9] VGC 2025 Reg H (Bo3)
|rated|
|rule|Species Clause: Limit one of each Pokémon
|rule|Item Clause: Limit 1 of each item
|clearpoke
|poke|p1|Archaludon, L50, F|
|poke|p1|Dragonite, L50, M|
|poke|p1|Pelipper, L50, M|
|poke|p1|Ursaluna, L50, F|
|poke|p1|Sinistcha, L50|
|poke|p1|Gholdengo, L50|
|poke|p2|Dondozo, L50, M|
|poke|p2|Tatsugiri, L50, F|
|poke|p2|Politoed, L50, F|
|poke|p2|Archaludon, L50, F|
|poke|p2|Amoonguss, L50, M|
|poke|p2|Overqwil, L50, M|
|teampreview|4
|showteam|p1|Archaludon||AssaultVest|Stamina|FlashCannon,BodyPress,ElectroShot,Snarl|||F|||50|,,,,,Fighting]Dragonite||LoadedDice|Multiscale|ScaleShot,Tailwind,Haze,Protect|||M|||50|,,,,,Fairy]Pelipper||FocusSash|Drizzle|MuddyWater,Hurricane,Tailwind,Protect|||M|||50|,,,,,Ghost]Ursaluna||FlameOrb|Guts|Facade,HeadlongRush,Earthquake,Protect|||F|||50|,,,,,Ghost]Sinistcha||SitrusBerry|Hospitality|MatchaGotcha,LifeDew,RagePowder,TrickRoom||||||50|,,,,,Dark]Gholdengo||ChoiceScarf|GoodasGold|MakeItRain,ShadowBall,Trick,Protect||||||50|,,,,,Flying
|showteam|p2|Dondozo||LifeOrb|Unaware|Surf,Protect,SleepTalk|||M|||50|,,,,,Water]Tatsugiri||FocusSash|Commander|DracoMeteor,Protect,MuddyWater,Taunt|||F|||50|,,,,,Stellar]Politoed||SitrusBerry|Drizzle|WeatherBall,IceBeam,Haze,Protect|||F|||50|,,,,,Steel]Archaludon||AssaultVest|Stamina|BodyPress,ElectroShot,DragonPulse,FlashCannon|||F|||50|,,,,,Grass]Amoonguss||RockyHelmet|Regenerator|Spore,RagePowder,PollenPuff,Protect|||M|||50|,,,,,Fairy]Overqwil||ChoiceBand|SwiftSwim|PoisonJab,ThroatChop,Liquidation,PinMissile|||M|||50|,,,,,Ghost
|
|t:|1756419831
|teamsize|p1|4
|teamsize|p2|4
|start
|switch|p1a: Ursaluna|Ursaluna, L50, F|100/100
|switch|p1b: Dragonite|Dragonite, L50, M|100/100
|switch|p2a: Barnacles|Archaludon, L50, F|100/100
|switch|p2b: Turnip|Amoonguss, L50, M|100/100
|turn|1
|
|t:|1756419885
|-terastallize|p2b: Turnip|Fairy
|move|p1a: Ursaluna|Protect|p1a: Ursaluna
|-singleturn|p1a: Ursaluna|Protect
|move|p1b: Dragonite|Tailwind|p1b: Dragonite
|-sidestart|p1: RustyTacos27|move: Tailwind
|move|p2a: Barnacles|Dragon Pulse|p1b: Dragonite
|-supereffective|p1b: Dragonite
|-damage|p1b: Dragonite|59/100
|move|p2b: Turnip|Spore|p1a: Ursaluna
|-activate|p1a: Ursaluna|move: Protect
|
|-status|p1a: Ursaluna|brn|[from] item: Flame Orb
|upkeep
|turn|2
|
|t:|1756419920
|switch|p1b: Pelipper|Pelipper, L50, M|100/100
|-weather|RainDance|[from] ability: Drizzle|[of] p1b: Pelipper
|move|p2b: Turnip|Rage Powder|p2b: Turnip
|-singleturn|p2b: Turnip|move: Rage Powder
|move|p1a: Ursaluna|Earthquake|p2a: Barnacles|[spread] p2a,p2b
|-immune|p1b: Pelipper
|-supereffective|p2a: Barnacles
|-damage|p2a: Barnacles|0 fnt
|-damage|p2b: Turnip|48/100
|faint|p2a: Barnacles
|
|-weather|RainDance|[upkeep]
|-damage|p1a: Ursaluna|95/100 brn|[from] brn
|upkeep
|
|t:|1756419934
|switch|p2a: Peso|Tatsugiri, L50, F|100/100
|turn|3
|
|t:|1756419950
|move|p2a: Peso|Protect|p2a: Peso
|-singleturn|p2a: Peso|Protect
|move|p2b: Turnip|Protect|p2b: Turnip
|-singleturn|p2b: Turnip|Protect
|move|p1b: Pelipper|Hurricane|p2a: Peso
|-activate|p2a: Peso|move: Protect
|move|p1a: Ursaluna|Earthquake|p2a: Peso|[spread] 
|-activate|p2a: Peso|move: Protect
|-activate|p2b: Turnip|move: Protect
|-immune|p1b: Pelipper
|
|-weather|RainDance|[upkeep]
|-damage|p1a: Ursaluna|89/100 brn|[from] brn
|upkeep
|turn|4
|
|t:|1756419960
|move|p2b: Turnip|Rage Powder|p2b: Turnip
|-singleturn|p2b: Turnip|move: Rage Powder
|move|p1b: Pelipper|Hurricane|p2b: Turnip
|-damage|p2b: Turnip|1/100
|move|p1a: Ursaluna|Earthquake|p2b: Turnip|[spread] p2a,p2b
|-immune|p1b: Pelipper
|-enditem|p2a: Peso|Focus Sash
|-damage|p2a: Peso|1/100
|-damage|p2b: Turnip|0 fnt
|faint|p2b: Turnip
|move|p2a: Peso|Muddy Water|p1b: Pelipper|[spread] p1a
|-miss|p2a: Peso|p1b: Pelipper
|-supereffective|p1a: Ursaluna
|-damage|p1a: Ursaluna|0 fnt
|faint|p1a: Ursaluna
|
|-weather|RainDance|[upkeep]
|-sideend|p1: RustyTacos27|move: Tailwind
|upkeep
|
|t:|1756419974
|switch|p1a: Archaludon|Archaludon, L50, F|100/100
|switch|p2b: Shellington|Overqwil, L50, M|100/100
|turn|5
|
|t:|1756419985
|move|p2b: Shellington|Throat Chop|p1a: Archaludon
|-damage|p1a: Archaludon|66/100
|-start|p1a: Archaludon|Throat Chop|[silent]
|-ability|p1a: Archaludon|Stamina|boost
|-boost|p1a: Archaludon|def|1
|move|p2a: Peso|Draco Meteor|p1a: Archaludon
|-damage|p1a: Archaludon|22/100
|-unboost|p2a: Peso|spa|2
|-ability|p1a: Archaludon|Stamina|boost
|-boost|p1a: Archaludon|def|1
|move|p1b: Pelipper|Tailwind|p1b: Pelipper
|-sidestart|p1: RustyTacos27|move: Tailwind
|move|p1a: Archaludon|Electro Shot||[still]
|-prepare|p1a: Archaludon|Electro Shot
|-boost|p1a: Archaludon|spa|1
|-anim|p1a: Archaludon|Electro Shot|p2a: Peso
|-damage|p2a: Peso|0 fnt
|faint|p2a: Peso
|
|-weather|RainDance|[upkeep]
|upkeep
|turn|6
|
|t:|1756420003
|-terastallize|p1a: Archaludon|Fighting
|move|p2b: Shellington|Throat Chop|p1a: Archaludon
|-resisted|p1a: Archaludon
|-damage|p1a: Archaludon|13/100
|-ability|p1a: Archaludon|Stamina|boost
|-boost|p1a: Archaludon|def|1
|move|p1b: Pelipper|Hurricane|p2b: Shellington
|-damage|p2b: Shellington|15/100
|move|p1a: Archaludon|Body Press|p2b: Shellington
|-damage|p2b: Shellington|0 fnt
|faint|p2b: Shellington
|
|win|RustyTacos27
|raw|RustyTacos27's rating: 1217 → 1243(+26 for winning)
|raw|MrTedno's rating: 1232 → 1206(-26 for losing)
