|j|☆TrumpForPrez2028
|j|‽babysha
|html|TrumpForPrez2028babysha    
|uhtml|bestof|Game 1 of a best-of-3
|t:|1785617683
|gametype|doubles
|player|p1|TrumpForPrez2028|2|1141
|player|p2|babysha|266|1076
|gen|9
|tier|[Gen 9 Champions] VGC 2026 Reg M-B (Bo3)
|rated|
|rule|Species Clause: Limit one of each Pokémon
|rule|Item Clause: Limit 1 of each item
|clearpoke
|poke|p1|Basculegion, L50, M|
|poke|p1|Garchomp, L50, M|
|poke|p1|Charizard, L50, F|
|poke|p1|Farigiraf, L50, M|
|poke|p1|Whimsicott, L50, M|
|poke|p1|Kingambit, L50, M|
|poke|p2|Aerodactyl, L50, F|
|poke|p2|Kingambit, L50, F|
|poke|p2|Sinistcha, L50|
|poke|p2|Swampert, L50, M|
|poke|p2|Sneasler, L50, F|
|poke|p2|Pelipper, L50, M|
|teampreview|4
|showteam|p1|Basculegion||ChoiceScarf|Adaptability|AquaJet,LastRespects,WaveCrash,FlipTurn|Jolly||M|||50|]Garchomp||LifeOrb|RoughSkin|Earthquake,Protect,RockSlide,DragonClaw|Jolly||M|||50|]Charizard||CharizarditeY|Blaze|HeatWave,Protect,WeatherBall,SolarBeam|Modest||F|||50|]Farigiraf||ColburBerry|ArmorTail|TrickRoom,Imprison,HyperVoice,Thunderbolt|Modest||M|||50|]Whimsicott||FocusSash|Prankster|Tailwind,Protect,Moonblast,Encore|Timid||M|||50|]Kingambit||BlackGlasses|Defiant|SuckerPunch,KowtowCleave,Protect,IronHead|Adamant||M|||50|
|showteam|p2|Aerodactyl||FocusSash|Unnerve|Tailwind,DualWingbeat,RockSlide,Protect|Jolly||F|||50|]Kingambit||LifeOrb|Defiant|KowtowCleave,SuckerPunch,IronHead,Protect|Jolly||F|||50|]Sinistcha||SitrusBerry|Hospitality|RagePowder,MatchaGotcha,Imprison,TrickRoom|Bold|||||50|]Swampert||Swampertite|Torrent|WaveCrash,Earthquake,IcePunch,Protect|Adamant||M|||50|]Sneasler||WhiteHerb|Unburden|FakeOut,DireClaw,CloseCombat,Protect|Adamant||F|||50|]Pelipper||DampRock|Drizzle|Tailwind,Hurricane,WeatherBall,Protect|Timid||M|||50|
|inactive|Battle timer is ON: inactive players will automatically lose when time's up. (requested by babysha)
|inactive|TrumpForPrez2028 has 60 seconds left.
|
|t:|1785617729
|teamsize|p1|4
|teamsize|p2|4
|start
|switch|p1a: Garchomp|Garchomp, L50, M|100/100
|switch|p1b: Farigiraf|Farigiraf, L50, M|100/100
|switch|p2a: Aerodactyl|Aerodactyl, L50, F|100/100
|switch|p2b: Kingambit|Kingambit, L50, F|100/100
|-ability|p2a: Aerodactyl|Unnerve
|turn|1
|
|t:|1785617747
|move|p2a: Aerodactyl|Rock Slide|p1a: Garchomp|[spread] p1a
|-miss|p2a: Aerodactyl|p1b: Farigiraf
|-resisted|p1a: Garchomp|1
|-damage|p1a: Garchomp|88/100
|move|p1a: Garchomp|Rock Slide|p2a: Aerodactyl|[spread] p2a,p2b
|-supereffective|p2a: Aerodactyl|1
|-resisted|p2b: Kingambit|1
|-damage|p2a: Aerodactyl|10/100
|-damage|p2b: Kingambit|89/100
|-damage|p1a: Garchomp|78/100|[from] item: Life Orb
|move|p2b: Kingambit|Kowtow Cleave|p1b: Farigiraf
|-supereffective|p1b: Farigiraf|1
|-damage|p1b: Farigiraf|0 fnt
|faint|p1b: Farigiraf
|-damage|p2b: Kingambit|80/100|[from] item: Life Orb
|
|upkeep
|
|t:|1785617766
|switch|p1b: Charizard|Charizard, L50, F|100/100
|turn|2
|
|t:|1785617780
|move|p2a: Aerodactyl|Protect|p2a: Aerodactyl
|-singleturn|p2a: Aerodactyl|Protect
|move|p1b: Charizard|Protect|p1b: Charizard
|-singleturn|p1b: Charizard|Protect
|move|p1a: Garchomp|Rock Slide|p2a: Aerodactyl|[spread] p2b
|-activate|p2a: Aerodactyl|move: Protect
|-resisted|p2b: Kingambit|1
|-damage|p2b: Kingambit|70/100
|-damage|p1a: Garchomp|69/100|[from] item: Life Orb
|move|p2b: Kingambit|Kowtow Cleave|p1a: Garchomp
|-damage|p1a: Garchomp|8/100
|-damage|p2b: Kingambit|57/100|[from] ability: Rough Skin|[of] p1a: Garchomp
|-damage|p2b: Kingambit|48/100|[from] item: Life Orb
|
|upkeep
|turn|3
|
|t:|1785617800
|switch|p1b: Basculegion|Basculegion, L50, M|100/100
|move|p2b: Kingambit|Sucker Punch||[still]
|-fail|p2b: Kingambit
|move|p2a: Aerodactyl|Rock Slide|p1b: Basculegion|[spread] p1a,p1b
|-resisted|p1a: Garchomp|1
|-damage|p1a: Garchomp|0 fnt
|-damage|p1b: Basculegion|65/100
|faint|p1a: Garchomp
|
|upkeep
|
|t:|1785617803
|switch|p1a: Charizard|Charizard, L50, F|100/100
|turn|4
|
|t:|1785617824
|move|p2a: Aerodactyl|Protect|p2a: Aerodactyl
|-singleturn|p2a: Aerodactyl|Protect
|move|p1b: Basculegion|Aqua Jet|p2a: Aerodactyl
|-activate|p2a: Aerodactyl|move: Protect
|move|p2b: Kingambit|Sucker Punch|p1a: Charizard
|-damage|p1a: Charizard|32/100
|-damage|p2b: Kingambit|38/100|[from] item: Life Orb
|move|p1a: Charizard|Heat Wave|p2a: Aerodactyl|[spread] p2b
|-activate|p2a: Aerodactyl|move: Protect
|-supereffective|p2b: Kingambit|1
|-damage|p2b: Kingambit|0 fnt
|faint|p2b: Kingambit
|
|upkeep
|
|t:|1785617844
|switch|p2b: Swampert|Swampert, L50, M|100/100
|turn|5
|
|t:|1785617861
|detailschange|p2b: Swampert|Swampert-Mega, L50, M
|-mega|p2b: Swampert|Swampert|Swampertite
|move|p1a: Charizard|Protect|p1a: Charizard
|-singleturn|p1a: Charizard|Protect
|move|p1b: Basculegion|Aqua Jet|p2a: Aerodactyl
|-supereffective|p2a: Aerodactyl|1
|-damage|p2a: Aerodactyl|0 fnt
|faint|p2a: Aerodactyl
|move|p2b: Swampert|Wave Crash|p1a: Charizard
|-activate|p1a: Charizard|move: Protect
|
|upkeep
|
|t:|1785617866
|switch|p2a: Pelipper|Pelipper, L50, M|100/100
|-weather|RainDance|[from] ability: Drizzle|[of] p2a: Pelipper
|turn|6
|
|t:|1785617879
|detailschange|p1a: Charizard|Charizard-Mega-Y, L50, F
|-mega|p1a: Charizard|Charizard|Charizardite Y
|-weather|SunnyDay|[from] ability: Drought|[of] p1a: Charizard
|move|p2b: Swampert|Protect|p2b: Swampert
|-singleturn|p2b: Swampert|Protect
|move|p1b: Basculegion|Aqua Jet|p2a: Pelipper
|-resisted|p2a: Pelipper|1
|-damage|p2a: Pelipper|90/100
|move|p1a: Charizard|Solar Beam||[still]
|-prepare|p1a: Charizard|Solar Beam
|-anim|p1a: Charizard|Solar Beam|p2b: Swampert
|-activate|p2b: Swampert|move: Protect
|move|p2a: Pelipper|Tailwind|p2a: Pelipper
|-sidestart|p2: babysha|move: Tailwind
|
|-weather|SunnyDay|[upkeep]
|upkeep
|turn|7
|inactive|babysha has 30 seconds left.
|
|t:|1785617911
|move|p1b: Basculegion|Aqua Jet|p2a: Pelipper
|-resisted|p2a: Pelipper|1
|-damage|p2a: Pelipper|81/100
|move|p2a: Pelipper|Hurricane|p1b: Basculegion
|-damage|p1b: Basculegion|15/100
|move|p2b: Swampert|Wave Crash|p1a: Charizard
|-supereffective|p1a: Charizard|1
|-damage|p1a: Charizard|0 fnt
|faint|p1a: Charizard
|-damage|p2b: Swampert|90/100|[from] Recoil
|
|-weather|SunnyDay|[upkeep]
|upkeep
|turn|8
|-message|TrumpForPrez2028 forfeited.
|
|win|babysha
||babysha is ready for game 2.
||TrumpForPrez2028 is ready for game 2.
|uhtml|next|Next: Game 2 of 3
|l|‽babysha
|player|p2|
