|j|☆SakiVGC
|j|☆new mental
|html|SakiVGCnew mental    
|uhtml|bestof|Game 2 of a best-of-3
|t:|1783422859
|gametype|doubles
|player|p1|SakiVGC|bellelba|1312
|player|p2|new mental|volkner|1353
|gen|9
|tier|[Gen 9 Champions] VGC 2026 Reg M-B (Bo3)
|rated|
|rule|Species Clause: Limit one of each Pokémon
|rule|Item Clause: Limit 1 of each item
|clearpoke
|poke|p1|Blaziken, L50, F|
|poke|p1|Greninja, L50, F|
|poke|p1|Kingambit, L50, F|
|poke|p1|Maushold, L50|
|poke|p1|Floette-Eternal, L50, F|
|poke|p1|Sinistcha, L50|
|poke|p2|Aerodactyl, L50, F|
|poke|p2|Garchomp, L50, F|
|poke|p2|Kingambit, L50, F|
|poke|p2|Charizard, L50, M|
|poke|p2|Sylveon, L50, F|
|poke|p2|Farigiraf, L50, F|
|teampreview|4
|showteam|p1|Blaziken||Blazikenite|SpeedBoost|FlareBlitz,CloseCombat,RockSlide,Detect|Adamant||F|||50|]Greninja||LifeOrb|Protean|HydroPump,DarkPulse,IceBeam,Protect|Timid||F|||50|]Kingambit||BlackGlasses|Defiant|KowtowCleave,SuckerPunch,IronHead,Protect|Adamant||F|||50|]Maushold||ChopleBerry|FriendGuard|FollowMe,Feint,Protect,HelpingHand|Impish|||||50|]Floette-Eternal||Floettite|FlowerVeil|Moonblast,DazzlingGleam,LightofRuin,Protect|Timid||F|||50|]Sinistcha||FocusSash|Hospitality|ShadowBall,MatchaGotcha,RagePowder,Protect|Timid|||||50|
|showteam|p2|Aerodactyl||Aerodactylite|Unnerve|IceFang,RockSlide,Tailwind,DualWingbeat|Jolly||F|||50|]Garchomp||LifeOrb|RoughSkin|DragonClaw,StompingTantrum,Earthquake,Protect|Jolly||F|||50|]Kingambit||FocusSash|Defiant|SuckerPunch,KowtowCleave,IronHead,LowKick|Adamant||F|||50|]Charizard||CharizarditeY|SolarPower|Protect,HeatWave,SolarBeam,WeatherBall|Timid||M|||50|]Sylveon||FairyFeather|Pixilate|Protect,HyperVoice,HyperBeam,QuickAttack|Modest||F|||50|]Farigiraf||SitrusBerry|ArmorTail|TrickRoom,Thunderbolt,Psychic,Roar|Bold||F|||50|
|inactive|Battle timer is ON: inactive players will automatically lose when time's up. (requested by SakiVGC)
|
|t:|1783422878
|teamsize|p1|4
|teamsize|p2|4
|start
|switch|p1a: Maushold|Maushold, L50|100/100
|switch|p1b: Floette|Floette-Eternal, L50, F|100/100
|switch|p2a: Aerodactyl|Aerodactyl, L50, F|100/100
|switch|p2b: Garchomp|Garchomp, L50, F|100/100
|-ability|p2a: Aerodactyl|Unnerve
|turn|1
|
|t:|1783422902
|detailschange|p2a: Aerodactyl|Aerodactyl-Mega, L50, F
|-mega|p2a: Aerodactyl|Aerodactyl|Aerodactylite
|detailschange|p1b: Floette|Floette-Mega, L50, F
|-mega|p1b: Floette|Floette|Floettite
|-ability|p1b: Floette|Fairy Aura
|move|p1a: Maushold|Helping Hand|p1b: Floette
|-singleturn|p1b: Floette|Helping Hand|[of] p1a: Maushold
|move|p2a: Aerodactyl|Tailwind|p2a: Aerodactyl
|-sidestart|p2: new mental|move: Tailwind
|move|p2b: Garchomp|Earthquake|p1a: Maushold|[spread] p1a,p1b
|-immune|p2a: Aerodactyl
|-crit|p1b: Floette
|-damage|p1a: Maushold|54/100
|-damage|p1b: Floette|29/100
|-damage|p2b: Garchomp|90/100|[from] item: Life Orb
|move|p1b: Floette|Dazzling Gleam|p2a: Aerodactyl|[spread] p2a,p2b
|-supereffective|p2b: Garchomp|1
|-crit|p2b: Garchomp
|-damage|p2a: Aerodactyl|31/100
|-damage|p2b: Garchomp|0 fnt
|faint|p2b: Garchomp
|
|upkeep
|
|t:|1783422913
|switch|p2b: Sylveon|Sylveon, L50, F|100/100
|turn|2
|
|t:|1783422922
|move|p1b: Floette|Protect|p1b: Floette
|-singleturn|p1b: Floette|Protect
|move|p1a: Maushold|Protect|p1a: Maushold
|-singleturn|p1a: Maushold|Protect
|move|p2a: Aerodactyl|Rock Slide|p1a: Maushold|[spread] 
|-activate|p1a: Maushold|move: Protect
|-activate|p1b: Floette|move: Protect
|move|p2b: Sylveon|Hyper Voice|p1b: Floette|[spread] 
|-activate|p1a: Maushold|move: Protect
|-activate|p1b: Floette|move: Protect
|
|upkeep
|turn|3
|
|t:|1783422933
|switch|p1a: Kingambit|Kingambit, L50, F|100/100
|move|p2a: Aerodactyl|Rock Slide|p1a: Kingambit|[spread] p1a,p1b
|-resisted|p1a: Kingambit|1
|-damage|p1a: Kingambit|89/100
|-damage|p1b: Floette|0 fnt
|faint|p1b: Floette
|move|p2b: Sylveon|Hyper Voice|p1a: Kingambit
|-damage|p1a: Kingambit|24/100
|
|upkeep
|
|t:|1783422940
|switch|p1b: Blaziken|Blaziken, L50, F|100/100
|turn|4
|
|t:|1783422948
|move|p1b: Blaziken|Detect|p1b: Blaziken
|-singleturn|p1b: Blaziken|Protect
|move|p1a: Kingambit|Protect|p1a: Kingambit
|-singleturn|p1a: Kingambit|Protect
|move|p2a: Aerodactyl|Tailwind||[still]
|-fail|p2a: Aerodactyl
|move|p2b: Sylveon|Hyper Voice|p1b: Blaziken|[spread] 
|-activate|p1a: Kingambit|move: Protect
|-activate|p1b: Blaziken|move: Protect
|
|-sideend|p2: new mental|move: Tailwind
|-ability|p1b: Blaziken|Speed Boost|boost
|-boost|p1b: Blaziken|spe|1
|upkeep
|turn|5
|
|t:|1783422960
|move|p2a: Aerodactyl|Tailwind|p2a: Aerodactyl
|-sidestart|p2: new mental|move: Tailwind
|move|p1b: Blaziken|Rock Slide|p2a: Aerodactyl|[spread] p2a,p2b
|-supereffective|p2a: Aerodactyl|1
|-damage|p2a: Aerodactyl|0 fnt
|-damage|p2b: Sylveon|77/100
|faint|p2a: Aerodactyl
|move|p2b: Sylveon|Hyper Voice|p1a: Kingambit|[spread] p1a,p1b
|-crit|p1b: Blaziken
|-damage|p1a: Kingambit|0 fnt
|-damage|p1b: Blaziken|0 fnt
|faint|p1a: Kingambit
|faint|p1b: Blaziken
|
|upkeep
|-message|SakiVGC forfeited.
|
|win|new mental
|raw|SakiVGC's rating: 1312 → 1294(-18 for losing)
|raw|new mental's rating: 1353 → 1371(+18 for winning)
|l|☆SakiVGC
|player|p1|
