|j|☆citrus12340
|j|☆TOPlagueKnight
|html|citrus12340TOPlagueKnight    
|uhtml|bestof|Game 1 of a best-of-3
|t:|1785401012
|gametype|doubles
|player|p1|citrus12340|170|1091
|player|p2|TOPlagueKnight|emmet|1000
|gen|9
|tier|[Gen 9 Champions] VGC 2026 Reg M-B (Bo3)
|rated|
|rule|Species Clause: Limit one of each Pokémon
|rule|Item Clause: Limit 1 of each item
|clearpoke
|poke|p1|Ceruledge, L50, M|
|poke|p1|Ninetales-Alola, L50, F|
|poke|p1|Incineroar, L50, F|
|poke|p1|Sinistcha, L50|
|poke|p1|Raichu, L50, M|
|poke|p1|Milotic, L50, M|
|poke|p2|Aerodactyl, L50, M|
|poke|p2|Raichu, L50, M|
|poke|p2|Archaludon, L50, M|
|poke|p2|Politoed, L50, M|
|poke|p2|Basculegion, L50, M|
|poke|p2|Swampert, L50, F|
|teampreview|4
|showteam|p1|Ceruledge||ColburBerry|FlashFire|BitterBlade,ShadowSneak,BulkUp,Protect|Adamant||M|||50|]Ninetales-Alola||FocusSash|SnowWarning|Blizzard,FreezeDry,AuroraVeil,Protect|Timid||F|||50|]Incineroar||SitrusBerry|Intimidate|FakeOut,FlareBlitz,PartingShot,ThroatChop|Careful||F|||50|]Sinistcha||KasibBerry|Hospitality|MatchaGotcha,LifeDew,RagePowder,TrickRoom|Bold|||||50|]Raichu||RaichuniteY|LightningRod|FakeOut,ZapCannon,FocusBlast,Protect|Timid||M|||50|]Milotic||Leftovers|Competitive|Coil,Hypnosis,Scald,Protect|Bold||M|||50|
|showteam|p2|Aerodactyl||FocusSash|Pressure|WideGuard,Tailwind,Protect,RockSlide|Jolly||M|||50|]Raichu||RaichuniteY|LightningRod|ZapCannon,FocusBlast,NastyPlot,FakeOut|Timid||M|||50|]Archaludon||Leftovers|Stamina|FlashCannon,DracoMeteor,Thunderbolt,StealthRock|Modest||M|||50|]Politoed||DampRock|Drizzle|Haze,WeatherBall,IceBeam,Encore|Bold||M|||50|]Basculegion||ChoiceScarf|Adaptability|WaveCrash,LastRespects,FlipTurn,AquaJet|Adamant||M|||50|]Swampert||Swampertite|Damp|WaveCrash,Earthquake,IcePunch,Protect|Adamant||F|||50|
|inactive|Battle timer is ON: inactive players will automatically lose when time's up. (requested by citrus12340)
|
|t:|1785401051
|teamsize|p1|4
|teamsize|p2|4
|start
|switch|p1a: Raichu|Raichu, L50, M|100/100
|switch|p1b: Milotic|Milotic, L50, M|100/100
|switch|p2a: Aerodactyl|Aerodactyl, L50, M|100/100
|switch|p2b: Raichu|Raichu, L50, M|100/100
|-ability|p2a: Aerodactyl|Pressure
|turn|1
|
|t:|1785401076
|detailschange|p2b: Raichu|Raichu-Mega-Y, L50, M
|-mega|p2b: Raichu|Raichu|Raichunite Y
|detailschange|p1a: Raichu|Raichu-Mega-Y, L50, M
|-mega|p1a: Raichu|Raichu|Raichunite Y
|move|p1b: Milotic|Protect|p1b: Milotic
|-singleturn|p1b: Milotic|Protect
|move|p2b: Raichu|Fake Out|p1a: Raichu
|-damage|p1a: Raichu|83/100
|cant|p1a: Raichu|flinch
|move|p2a: Aerodactyl|Tailwind|p2a: Aerodactyl
|-sidestart|p2: TOPlagueKnight|move: Tailwind
|
|upkeep
|turn|2
|
|t:|1785401094
|switch|p1b: Sinistcha|Sinistcha, L50|100/100
|-heal|p1a: Raichu|100/100|[from] ability: Hospitality|[of] p1b: Sinistcha
|move|p2a: Aerodactyl|Rock Slide|p1a: Raichu|[spread] p1a,p1b
|-damage|p1a: Raichu|46/100
|-damage|p1b: Sinistcha|78/100
|move|p2b: Raichu|Zap Cannon|p1b: Sinistcha
|-resisted|p1b: Sinistcha|1
|-damage|p1b: Sinistcha|39/100
|-status|p1b: Sinistcha|par
|move|p1a: Raichu|Zap Cannon|p2a: Aerodactyl
|-supereffective|p2a: Aerodactyl|1
|-crit|p2a: Aerodactyl
|-enditem|p2a: Aerodactyl|Focus Sash
|-damage|p2a: Aerodactyl|1/100
|-status|p2a: Aerodactyl|par
|
|upkeep
|turn|3
|inactive|citrus12340 has 30 seconds left.
|inactive|citrus12340 has 20 seconds left.
|inactive|citrus12340 has 15 seconds left.
|inactive|citrus12340 has 10 seconds left.
|
|t:|1785401139
|move|p1a: Raichu|Protect|p1a: Raichu
|-singleturn|p1a: Raichu|Protect
|move|p2a: Aerodactyl|Wide Guard|p2a: Aerodactyl
|-singleturn|p2a: Aerodactyl|Wide Guard
|move|p2b: Raichu|Focus Blast|p1a: Raichu
|-activate|p1a: Raichu|move: Protect
|move|p1b: Sinistcha|Matcha Gotcha|p2a: Aerodactyl|[spread] 
|-activate|p2a: Aerodactyl|move: Wide Guard
|-activate|p2b: Raichu|move: Wide Guard
|
|upkeep
|turn|4
|
|t:|1785401160
|switch|p1a: Milotic|Milotic, L50, M|100/100
|move|p2a: Aerodactyl|Protect|p2a: Aerodactyl
|-singleturn|p2a: Aerodactyl|Protect
|move|p2b: Raichu|Focus Blast|p1a: Milotic
|-damage|p1a: Milotic|64/100
|move|p1b: Sinistcha|Matcha Gotcha|p2b: Raichu|[spread] p2b
|-activate|p2a: Aerodactyl|move: Protect
|-damage|p2b: Raichu|64/100
|-heal|p1b: Sinistcha|52/100 par|[from] drain|[of] p2b: Raichu
|
|-heal|p1a: Milotic|70/100|[from] item: Leftovers
|-sideend|p2: TOPlagueKnight|move: Tailwind
|upkeep
|turn|5
|inactive|citrus12340 has 30 seconds left.
|
|t:|1785401187
|move|p2a: Aerodactyl|Wide Guard|p2a: Aerodactyl
|-singleturn|p2a: Aerodactyl|Wide Guard
|move|p1b: Sinistcha|Rage Powder|p1b: Sinistcha
|-singleturn|p1b: Sinistcha|move: Rage Powder
|move|p2b: Raichu|Zap Cannon|p1b: Sinistcha
|-resisted|p1b: Sinistcha|1
|-damage|p1b: Sinistcha|13/100 par
|move|p1a: Milotic|Scald|p2b: Raichu
|-damage|p2b: Raichu|24/100
|
|-heal|p1a: Milotic|76/100|[from] item: Leftovers
|upkeep
|turn|6
|
|t:|1785401207
|switch|p2b: Archaludon|Archaludon, L50, M|100/100
|move|p1a: Milotic|Protect|p1a: Milotic
|-singleturn|p1a: Milotic|Protect
|cant|p2a: Aerodactyl|par
|move|p1b: Sinistcha|Matcha Gotcha|p2b: Archaludon|[spread] p2a,p2b
|-resisted|p2b: Archaludon|2
|-damage|p2a: Aerodactyl|0 fnt
|-heal|p1b: Sinistcha|14/100 par|[from] drain|[of] p2a: Aerodactyl
|-damage|p2b: Archaludon|92/100
|-heal|p1b: Sinistcha|17/100 par|[from] drain|[of] p2b: Archaludon
|-status|p2b: Archaludon|brn
|-ability|p2b: Archaludon|Stamina|boost
|-boost|p2b: Archaludon|def|1
|faint|p2a: Aerodactyl
|
|-heal|p2b: Archaludon|98/100 brn|[from] item: Leftovers
|-heal|p1a: Milotic|82/100|[from] item: Leftovers
|-damage|p2b: Archaludon|92/100 brn|[from] brn
|upkeep
|
|t:|1785401228
|switch|p2a: Basculegion|Basculegion, L50, M|100/100
|turn|7
|inactive|citrus12340 has 30 seconds left.
|inactive|citrus12340 has 20 seconds left.
|
|t:|1785401264
|move|p2a: Basculegion|Last Respects|p1b: Sinistcha
|-supereffective|p1b: Sinistcha|1
|-enditem|p1b: Sinistcha|Kasib Berry|[eat]
|-enditem|p1b: Sinistcha|Kasib Berry|[weaken]
|-damage|p1b: Sinistcha|0 fnt
|faint|p1b: Sinistcha
|move|p2b: Archaludon|Thunderbolt|p1a: Milotic
|-supereffective|p1a: Milotic|1
|-damage|p1a: Milotic|30/100
|move|p1a: Milotic|Scald|p2a: Basculegion
|-resisted|p2a: Basculegion|1
|-damage|p2a: Basculegion|84/100
|-status|p2a: Basculegion|brn
|
|-heal|p2b: Archaludon|98/100 brn|[from] item: Leftovers
|-heal|p1a: Milotic|36/100|[from] item: Leftovers
|-damage|p2a: Basculegion|78/100 brn|[from] brn
|-damage|p2b: Archaludon|92/100 brn|[from] brn
|upkeep
|
|t:|1785401282
|switch|p1b: Ninetales|Ninetales-Alola, L50, F|100/100
|-weather|Snowscape|[from] ability: Snow Warning|[of] p1b: Ninetales
|turn|8
|
|t:|1785401293
|switch|p1a: Raichu|Raichu-Mega-Y, L50, M|46/100
|move|p2a: Basculegion|Last Respects|p1a: Raichu
|-damage|p1a: Raichu|0 fnt
|faint|p1a: Raichu
|move|p1b: Ninetales|Freeze-Dry|p2a: Basculegion
|-supereffective|p2a: Basculegion|1
|-damage|p2a: Basculegion|14/100 brn
|move|p2b: Archaludon|Flash Cannon|p1b: Ninetales
|-supereffective|p1b: Ninetales|2
|-enditem|p1b: Ninetales|Focus Sash
|-damage|p1b: Ninetales|1/100
|-unboost|p1b: Ninetales|spd|1
|
|-weather|Snowscape|[upkeep]
|-heal|p2b: Archaludon|98/100 brn|[from] item: Leftovers
|-damage|p2a: Basculegion|8/100 brn|[from] brn
|-damage|p2b: Archaludon|92/100 brn|[from] brn
|upkeep
|
|t:|1785401305
|switch|p1a: Milotic|Milotic, L50, M|36/100
|turn|9
|
|t:|1785401315
|move|p1a: Milotic|Protect|p1a: Milotic
|-singleturn|p1a: Milotic|Protect
|move|p2a: Basculegion|Last Respects|p1b: Ninetales
|-damage|p1b: Ninetales|0 fnt
|faint|p1b: Ninetales
|move|p2b: Archaludon|Thunderbolt|p1a: Milotic
|-activate|p1a: Milotic|move: Protect
|
|-weather|Snowscape|[upkeep]
|-heal|p2b: Archaludon|98/100 brn|[from] item: Leftovers
|-heal|p1a: Milotic|42/100|[from] item: Leftovers
|-damage|p2a: Basculegion|2/100 brn|[from] brn
|-damage|p2b: Archaludon|92/100 brn|[from] brn
|upkeep
|turn|10
|-message|citrus12340 forfeited.
|
|win|TOPlagueKnight
|l|☆citrus12340
|player|p1|
||citrus12340 is ready for game 2.
||TOPlagueKnight is ready for game 2.
|uhtml|next|Next: Game 2 of 3
