|j|☆AzureTheTimeblind
|j|☆Aotius
|html|AzureTheTimeblindAotius    
|uhtml|bestof|Game 2 of a best-of-3
|t:|1757724199
|gametype|doubles
|player|p1|AzureTheTimeblind|169|1053
|player|p2|Aotius|170|1165
|gen|9
|tier|[Gen 9] VGC 2025 Reg H (Bo3)
|rated|
|rule|Species Clause: Limit one of each Pokémon
|rule|Item Clause: Limit 1 of each item
|clearpoke
|poke|p1|Ursaluna-Bloodmoon, L50, M|
|poke|p1|Gholdengo, L50|
|poke|p1|Dragonite, L50, M|
|poke|p1|Rillaboom, L50, F|
|poke|p1|Sneasler, L50, M|
|poke|p1|Ninetales-Alola, L50, M|
|poke|p2|Gholdengo, L50|
|poke|p2|Sneasler, L50, M|
|poke|p2|Rillaboom, L50, M|
|poke|p2|Dragonite, L50, F|
|poke|p2|Ninetales-Alola, L50, F|
|poke|p2|Arcanine-Hisui, L50, M|
|teampreview|4
|showteam|p1|Ursaluna-Bloodmoon||CovertCloak|MindsEye|EarthPower,BloodMoon,HyperVoice,Protect|||M|||50|,,,,,Normal]Gholdengo||LifeOrb|GoodasGold|NastyPlot,MakeItRain,ShadowBall,Protect||||||50|,,,,,Water]Dragonite||LoadedDice|Multiscale|ScaleShot,Tailwind,Protect,ExtremeSpeed|||M|||50|,,,,,Normal]Rillaboom||AssaultVest|GrassySurge|FakeOut,WoodHammer,Uturn,GrassyGlide|||F|||50|,,,,,Fire]Sneasler||GrassySeed|Unburden|FakeOut,CloseCombat,DireClaw,ThroatChop|||M|||50|,,,,,Dark]Ninetales-Alola||FocusSash|SnowWarning|Moonblast,AuroraVeil,Blizzard,Encore|||M|||50|,,,,,Ghost
|showteam|p2|Gholdengo||GrassySeed|GoodasGold|NastyPlot,MakeItRain,ShadowBall,Protect||||||50|,,,,,Water]Sneasler||WhiteHerb|Unburden|CloseCombat,DireClaw,Coaching,Protect|||M|||50|,,,,,Ghost]Rillaboom||AssaultVest|GrassySurge|FakeOut,GrassyGlide,DrumBeating,HighHorsepower|||M|||50|,,,,,Fire]Dragonite||LoadedDice|Multiscale|ScaleShot,StompingTantrum,Tailwind,Protect|||F|||50|,,,,,Ground]Ninetales-Alola||FocusSash|SnowWarning|Blizzard,IcyWind,Encore,AuroraVeil|||F|||50|,,,,,Ghost]Arcanine-Hisui||ClearAmulet|Intimidate|RockSlide,FlareBlitz,ExtremeSpeed,Protect|||M|||50|,,,,,Water
|inactive|Battle timer is ON: inactive players will automatically lose when time's up. (requested by Aotius)
|inactive|AzureTheTimeblind has 60 seconds left.
|inactive|Aotius has 60 seconds left.
|
|t:|1757724242
|teamsize|p1|4
|teamsize|p2|4
|start
|switch|p1a: Dragonite|Dragonite, L50, M|100/100
|switch|p1b: Gholdengo|Gholdengo, L50|100/100
|switch|p2a: Gholdengo|Gholdengo, L50|100/100
|switch|p2b: Rillaboom|Rillaboom, L50, M|100/100
|-fieldstart|move: Grassy Terrain|[from] ability: Grassy Surge|[of] p2b: Rillaboom
|-enditem|p2a: Gholdengo|Grassy Seed
|-boost|p2a: Gholdengo|def|1|[from] item: Grassy Seed
|turn|1
|j| cazabichosroger
|inactive|AzureTheTimeblind has 30 seconds left.
|
|t:|1757724271
|-terastallize|p1b: Gholdengo|Water
|-terastallize|p2a: Gholdengo|Water
|move|p1a: Dragonite|Protect|p1a: Dragonite
|-singleturn|p1a: Dragonite|Protect
|move|p2b: Rillaboom|Fake Out|p1a: Dragonite
|-activate|p1a: Dragonite|move: Protect
|move|p1b: Gholdengo|Shadow Ball|p2a: Gholdengo
|-damage|p2a: Gholdengo|49/100
|-damage|p1b: Gholdengo|91/100|[from] item: Life Orb
|move|p2a: Gholdengo|Nasty Plot|p2a: Gholdengo
|-boost|p2a: Gholdengo|spa|2
|
|-heal|p1b: Gholdengo|97/100|[from] Grassy Terrain
|-heal|p2a: Gholdengo|55/100|[from] Grassy Terrain
|upkeep
|turn|2
|inactive|AzureTheTimeblind has 30 seconds left.
|
|t:|1757724303
|move|p2b: Rillaboom|Drum Beating|p1a: Dragonite
|-resisted|p1a: Dragonite
|-damage|p1a: Dragonite|94/100
|-unboost|p1a: Dragonite|spe|1
|move|p1b: Gholdengo|Shadow Ball|p2a: Gholdengo
|-crit|p2a: Gholdengo
|-damage|p2a: Gholdengo|0 fnt
|faint|p2a: Gholdengo
|-damage|p1b: Gholdengo|88/100|[from] item: Life Orb
|move|p1a: Dragonite|Scale Shot|p2b: Rillaboom
|-damage|p2b: Rillaboom|86/100
|-damage|p2b: Rillaboom|71/100
|-damage|p2b: Rillaboom|57/100
|-damage|p2b: Rillaboom|41/100
|-damage|p2b: Rillaboom|25/100
|-hitcount|p2b: Rillaboom|5
|-unboost|p1a: Dragonite|def|1
|-boost|p1a: Dragonite|spe|1
|
|-heal|p2b: Rillaboom|31/100|[from] Grassy Terrain
|-heal|p1b: Gholdengo|94/100|[from] Grassy Terrain
|upkeep
|
|t:|1757724315
|switch|p2a: Ninetales|Ninetales-Alola, L50, F|100/100
|-weather|Snowscape|[from] ability: Snow Warning|[of] p2a: Ninetales
|turn|3
|
|t:|1757724329
|move|p1a: Dragonite|Protect|p1a: Dragonite
|-singleturn|p1a: Dragonite|Protect
|move|p2a: Ninetales|Blizzard|p1a: Dragonite|[spread] p1b
|-activate|p1a: Dragonite|move: Protect
|-resisted|p1b: Gholdengo
|-damage|p1b: Gholdengo|75/100
|move|p2b: Rillaboom|Drum Beating|p1b: Gholdengo
|-supereffective|p1b: Gholdengo
|-damage|p1b: Gholdengo|0 fnt
|faint|p1b: Gholdengo
|
|-weather|Snowscape|[upkeep]
|-heal|p2b: Rillaboom|36/100|[from] Grassy Terrain
|upkeep
|
|t:|1757724345
|switch|p1b: Sneasler|Sneasler, L50, M|100/100
|-enditem|p1b: Sneasler|Grassy Seed
|-boost|p1b: Sneasler|def|1|[from] item: Grassy Seed
|turn|4
|inactive|AzureTheTimeblind has 30 seconds left.
|inactive|AzureTheTimeblind has 20 seconds left.
|
|t:|1757724384
|switch|p2a: Arcanine|Arcanine-Hisui, L50, M|100/100
|-ability|p2a: Arcanine|Intimidate|boost
|-unboost|p1a: Dragonite|atk|1
|-unboost|p1b: Sneasler|atk|1
|move|p1b: Sneasler|Fake Out|p2a: Arcanine
|-resisted|p2a: Arcanine
|-damage|p2a: Arcanine|94/100
|move|p2b: Rillaboom|High Horsepower|p1b: Sneasler
|-supereffective|p1b: Sneasler
|-damage|p1b: Sneasler|34/100
|move|p1a: Dragonite|Tailwind|p1a: Dragonite
|-sidestart|p1: AzureTheTimeblind|move: Tailwind
|
|-weather|Snowscape|[upkeep]
|-heal|p1b: Sneasler|40/100|[from] Grassy Terrain
|-heal|p2a: Arcanine|99/100|[from] Grassy Terrain
|-heal|p2b: Rillaboom|42/100|[from] Grassy Terrain
|upkeep
|turn|5
|inactive|Aotius has 30 seconds left.
|inactive|Aotius has 20 seconds left.
|inactive|Aotius has 15 seconds left.
|inactive|Aotius has 10 seconds left.
|
|t:|1757724432
|switch|p1a: Rillaboom|Rillaboom, L50, F|100/100
|switch|p2b: Ninetales|Ninetales-Alola, L50, F|100/100
|move|p2a: Arcanine|Protect|p2a: Arcanine
|-singleturn|p2a: Arcanine|Protect
|move|p1b: Sneasler|Dire Claw|p2b: Ninetales
|-supereffective|p2b: Ninetales
|-damage|p2b: Ninetales|39/100
|
|-weather|Snowscape|[upkeep]
|-heal|p1b: Sneasler|45/100|[from] Grassy Terrain
|-heal|p2b: Ninetales|45/100|[from] Grassy Terrain
|-heal|p2a: Arcanine|100/100|[from] Grassy Terrain
|-fieldend|move: Grassy Terrain
|upkeep
|turn|6
|inactive|Aotius has 30 seconds left.
|
|t:|1757724457
|move|p1a: Rillaboom|Fake Out|p2a: Arcanine
|-resisted|p2a: Arcanine
|-damage|p2a: Arcanine|91/100
|cant|p2a: Arcanine|flinch
|move|p1b: Sneasler|Dire Claw|p2b: Ninetales
|-supereffective|p2b: Ninetales
|-damage|p2b: Ninetales|0 fnt
|faint|p2b: Ninetales
|
|-weather|Snowscape|[upkeep]
|upkeep
|
|t:|1757724463
|switch|p2b: Rillaboom|Rillaboom, L50, M|42/100
|-fieldstart|move: Grassy Terrain|[from] ability: Grassy Surge|[of] p2b: Rillaboom
|turn|7
|
|t:|1757724482
|switch|p1b: Dragonite|Dragonite, L50, M|94/100
|move|p2b: Rillaboom|Fake Out|p1b: Dragonite
|-damage|p1b: Dragonite|80/100
|move|p1a: Rillaboom|U-turn|p2b: Rillaboom
|-supereffective|p2b: Rillaboom
|-damage|p2b: Rillaboom|0 fnt
|faint|p2b: Rillaboom
|
|t:|1757724489
|switch|p1a: Sneasler|Sneasler, L50, M|45/100|[from] U-turn
|move|p2a: Arcanine|Flare Blitz|p1b: Dragonite
|-resisted|p1b: Dragonite
|-damage|p1b: Dragonite|51/100
|-damage|p2a: Arcanine|82/100|[from] Recoil
|
|-weather|none
|-heal|p1a: Sneasler|51/100|[from] Grassy Terrain
|-heal|p2a: Arcanine|88/100|[from] Grassy Terrain
|-sideend|p1: AzureTheTimeblind|move: Tailwind
|upkeep
|turn|8
|
|t:|1757724504
|move|p2a: Arcanine|Extreme Speed|p1a: Sneasler
|-damage|p1a: Sneasler|4/100
|move|p1a: Sneasler|Close Combat|p2a: Arcanine
|-supereffective|p2a: Arcanine
|-damage|p2a: Arcanine|0 fnt
|-unboost|p1a: Sneasler|def|1
|-unboost|p1a: Sneasler|spd|1
|faint|p2a: Arcanine
|
|win|AzureTheTimeblind
|raw|AzureTheTimeblind's rating: 1053 → 1095(+42 for winning)
|raw|Aotius's rating: 1165 → 1132(-33 for losing)
