|j|☆CrazyComet37
|j|☆thegreatestnone
|html|CrazyComet37thegreatestnone    
|uhtml|bestof|Game 2 of a best-of-3
|t:|1783741433
|gametype|doubles
|player|p1|CrazyComet37|flint|1284
|player|p2|thegreatestnone|169|1172
|gen|9
|tier|[Gen 9 Champions] VGC 2026 Reg M-B (Bo3)
|rated|
|rule|Species Clause: Limit one of each Pokémon
|rule|Item Clause: Limit 1 of each item
|clearpoke
|poke|p1|Whimsicott, L50, M|
|poke|p1|Garchomp, L50, F|
|poke|p1|Charizard, L50, F|
|poke|p1|Floette-Eternal, L50, F|
|poke|p1|Kingambit, L50, M|
|poke|p1|Basculegion, L50, M|
|poke|p2|Grimmsnarl, L50, M|
|poke|p2|Toxapex, L50, M|
|poke|p2|Tyranitar, L50, M|
|poke|p2|Garchomp, L50, F|
|poke|p2|Basculegion, L50, M|
|poke|p2|Scovillain, L50, F|
|teampreview|4
|showteam|p1|Whimsicott||FocusSash|Prankster|Protect,Tailwind,Moonblast,Encore|Timid||M|||50|]Garchomp||LifeOrb|RoughSkin|Protect,Earthquake,DragonClaw,RockSlide|Jolly||F|||50|]Charizard||CharizarditeY|Blaze|Protect,HeatWave,WeatherBall,SolarBeam|Modest||F|||50|]Floette-Eternal||Floettite|FlowerVeil|Protect,LightofRuin,DazzlingGleam,Moonblast|Modest||F|||50|]Kingambit||ChopleBerry|Defiant|IronHead,SuckerPunch,KowtowCleave,LowKick|Adamant||M|||50|]Basculegion||MysticWater|Adaptability|Protect,AquaJet,LastRespects,WaveCrash|Adamant||M|||50|
|showteam|p2|Grimmsnarl||LightClay|Prankster|Protect,Reflect,PartingShot,LightScreen|Sassy||M|||50|]Toxapex||Leftovers|Regenerator|BanefulBunker,Infestation,Toxic,Recover|Relaxed||M|||50|]Tyranitar||Tyranitarite|SandStream|DragonDance,RockSlide,Protect,LowKick|Impish||M|||50|]Garchomp||SitrusBerry|RoughSkin|Protect,RockSlide,StompingTantrum,SwordsDance|Impish||F|||50|]Basculegion||ChoiceScarf|Adaptability|WaveCrash,FlipTurn,LastRespects,AquaJet|Adamant||M|||50|]Scovillain||Scovillainite|Chlorophyll|LeechSeed,RagePowder,Protect,Flamethrower|Calm||F|||50|
|
|t:|1783741458
|teamsize|p1|4
|teamsize|p2|4
|start
|switch|p1a: Garchomp|Garchomp, L50, F|100/100
|switch|p1b: Charizard|Charizard, L50, F|100/100
|switch|p2a: Grimmsnarl|Grimmsnarl, L50, M|100/100
|switch|p2b: Scovillain|Scovillain, L50, F|100/100
|turn|1
|inactive|Battle timer is ON: inactive players will automatically lose when time's up. (requested by CrazyComet37)
|
|t:|1783741468
|detailschange|p1b: Charizard|Charizard-Mega-Y, L50, F
|-mega|p1b: Charizard|Charizard|Charizardite Y
|-weather|SunnyDay|[from] ability: Drought|[of] p1b: Charizard
|detailschange|p2b: Scovillain|Scovillain-Mega, L50, F
|-mega|p2b: Scovillain|Scovillain|Scovillainite
|move|p2a: Grimmsnarl|Light Screen|p2a: Grimmsnarl
|-sidestart|p2: thegreatestnone|move: Light Screen
|move|p1a: Garchomp|Earthquake|p2a: Grimmsnarl|[spread] p2a,p2b
|-immune|p1b: Charizard
|-damage|p2a: Grimmsnarl|53/100
|-damage|p2b: Scovillain|47/100
|-status|p1a: Garchomp|brn|[from] ability: Spicy Spray|[of] p2b: Scovillain
|-damage|p1a: Garchomp|90/100 brn|[from] item: Life Orb
|move|p1b: Charizard|Heat Wave|p2a: Grimmsnarl|[spread] p2a,p2b
|-damage|p2a: Grimmsnarl|11/100
|-damage|p2b: Scovillain|3/100
|-immune|p1b: Charizard
|move|p2b: Scovillain|Leech Seed|p1b: Charizard
|-start|p1b: Charizard|move: Leech Seed
|
|-weather|SunnyDay|[upkeep]
|-damage|p1b: Charizard|87/100|[from] Leech Seed|[of] p2b: Scovillain
|-heal|p2b: Scovillain|14/100|[silent]
|-damage|p1a: Garchomp|84/100 brn|[from] brn
|upkeep
|turn|2
|
|t:|1783741491
|move|p2b: Scovillain|Protect|p2b: Scovillain
|-singleturn|p2b: Scovillain|Protect
|move|p2a: Grimmsnarl|Reflect|p2a: Grimmsnarl
|-sidestart|p2: thegreatestnone|Reflect
|move|p1a: Garchomp|Earthquake|p2b: Scovillain|[spread] p2a
|-activate|p2b: Scovillain|move: Protect
|-immune|p1b: Charizard
|-damage|p2a: Grimmsnarl|0 fnt
|faint|p2a: Grimmsnarl
|-damage|p1a: Garchomp|74/100 brn|[from] item: Life Orb
|move|p1b: Charizard|Heat Wave|p2b: Scovillain
|-activate|p2b: Scovillain|move: Protect
|
|-weather|SunnyDay|[upkeep]
|-damage|p1b: Charizard|75/100|[from] Leech Seed|[of] p2b: Scovillain
|-heal|p2b: Scovillain|25/100|[silent]
|-damage|p1a: Garchomp|68/100 brn|[from] brn
|upkeep
|
|t:|1783741502
|switch|p2a: Tyranitar|Tyranitar, L50, M|100/100
|-weather|Sandstorm|[from] ability: Sand Stream|[of] p2a: Tyranitar
|turn|3
|
|t:|1783741518
|switch|p1b: Kingambit|Kingambit, L50, M|100/100
|switch|p2b: Toxapex|Toxapex, L50, M|100/100
|move|p1a: Garchomp|Rock Slide|p2a: Tyranitar|[spread] p2a,p2b
|-damage|p2a: Tyranitar|95/100
|-damage|p2b: Toxapex|94/100
|-damage|p1a: Garchomp|58/100 brn|[from] item: Life Orb
|move|p2a: Tyranitar|Dragon Dance|p2a: Tyranitar
|-boost|p2a: Tyranitar|atk|1
|-boost|p2a: Tyranitar|spe|1
|
|-weather|Sandstorm|[upkeep]
|-damage|p2b: Toxapex|89/100|[from] Sandstorm
|-heal|p2b: Toxapex|94/100|[from] item: Leftovers
|-damage|p1a: Garchomp|52/100 brn|[from] brn
|upkeep
|turn|4
|
|t:|1783741537
|move|p1a: Garchomp|Rock Slide|p2a: Tyranitar|[spread] p2a,p2b
|-damage|p2a: Tyranitar|90/100
|-damage|p2b: Toxapex|89/100
|-damage|p1a: Garchomp|43/100 brn|[from] item: Life Orb
|cant|p2a: Tyranitar|flinch
|move|p1b: Kingambit|Low Kick|p2a: Tyranitar
|-supereffective|p2a: Tyranitar|2
|-damage|p2a: Tyranitar|10/100
|cant|p2b: Toxapex|flinch
|
|-weather|Sandstorm|[upkeep]
|-damage|p2b: Toxapex|83/100|[from] Sandstorm
|-heal|p2b: Toxapex|89/100|[from] item: Leftovers
|-damage|p1a: Garchomp|37/100 brn|[from] brn
|upkeep
|turn|5
|
|t:|1783741557
|switch|p1b: Charizard|Charizard-Mega-Y, L50, F|75/100
|-weather|SunnyDay|[from] ability: Drought|[of] p1b: Charizard
|move|p2a: Tyranitar|Protect|p2a: Tyranitar
|-singleturn|p2a: Tyranitar|Protect
|move|p1a: Garchomp|Earthquake|p2a: Tyranitar|[spread] p2b
|-activate|p2a: Tyranitar|move: Protect
|-immune|p1b: Charizard
|-supereffective|p2b: Toxapex|1
|-damage|p2b: Toxapex|66/100
|-damage|p1a: Garchomp|27/100 brn|[from] item: Life Orb
|move|p2b: Toxapex|Infestation|p1b: Charizard
|-resisted|p1b: Charizard|2
|-damage|p1b: Charizard|74/100
|-activate|p1b: Charizard|move: Infestation|[of] p2b: Toxapex
|
|-weather|SunnyDay|[upkeep]
|-heal|p2b: Toxapex|72/100|[from] item: Leftovers
|-damage|p1a: Garchomp|21/100 brn|[from] brn
|-damage|p1b: Charizard|62/100|[from] move: Infestation|[partiallytrapped]
|upkeep
|turn|6
|
|t:|1783741583
|switch|p2a: Scovillain|Scovillain-Mega, L50, F|25/100
|move|p1a: Garchomp|Earthquake|p2b: Toxapex|[spread] p2a,p2b
|-immune|p1b: Charizard
|-supereffective|p2b: Toxapex|1
|-damage|p2a: Scovillain|8/100
|-damage|p2b: Toxapex|49/100
|-damage|p1a: Garchomp|11/100 brn|[from] item: Life Orb
|move|p1b: Charizard|Weather Ball|p2a: Scovillain
|-damage|p2a: Scovillain|0 fnt
|-immune|p1b: Charizard
|faint|p2a: Scovillain
|move|p2b: Toxapex|Recover|p2b: Toxapex
|-heal|p2b: Toxapex|99/100
|
|-weather|SunnyDay|[upkeep]
|-heal|p2b: Toxapex|100/100|[from] item: Leftovers
|-damage|p1a: Garchomp|5/100 brn|[from] brn
|-damage|p1b: Charizard|50/100g|[from] move: Infestation|[partiallytrapped]
|upkeep
|
|t:|1783741596
|switch|p2a: Tyranitar|Tyranitar, L50, M|10/100
|-weather|Sandstorm|[from] ability: Sand Stream|[of] p2a: Tyranitar
|turn|7
|
|t:|1783741614
|switch|p1a: Kingambit|Kingambit, L50, M|100/100
|move|p2a: Tyranitar|Protect|p2a: Tyranitar
|-singleturn|p2a: Tyranitar|Protect
|move|p1b: Charizard|Weather Ball|p2a: Tyranitar
|-activate|p2a: Tyranitar|move: Protect
|move|p2b: Toxapex|Toxic|p1b: Charizard
|-status|p1b: Charizard|tox
|
|-weather|Sandstorm|[upkeep]
|-damage|p1b: Charizard|44/100 tox|[from] Sandstorm
|-damage|p2b: Toxapex|94/100|[from] Sandstorm
|-heal|p2b: Toxapex|100/100|[from] item: Leftovers
|-damage|p1b: Charizard|38/100 tox|[from] psn
|-damage|p1b: Charizard|26/100 tox|[from] move: Infestation|[partiallytrapped]
|upkeep
|turn|8
|
|t:|1783741633
|move|p1b: Charizard|Weather Ball|p2a: Tyranitar
|-damage|p2a: Tyranitar|0 fnt
|faint|p2a: Tyranitar
|move|p1a: Kingambit|Kowtow Cleave|p2b: Toxapex
|-damage|p2b: Toxapex|78/100
|move|p2b: Toxapex|Infestation|p1a: Kingambit
|-crit|p1a: Kingambit
|-damage|p1a: Kingambit|95/100
|-activate|p1a: Kingambit|move: Infestation|[of] p2b: Toxapex
|
|-weather|Sandstorm|[upkeep]
|-damage|p1b: Charizard|20/100y tox|[from] Sandstorm
|-damage|p2b: Toxapex|73/100|[from] Sandstorm
|-heal|p2b: Toxapex|78/100|[from] item: Leftovers
|-damage|p1b: Charizard|9/100 tox|[from] psn
|-damage|p1b: Charizard|0 fnt|[from] move: Infestation|[partiallytrapped]
|faint|p1b: Charizard
|-damage|p1a: Kingambit|82/100|[from] move: Infestation|[partiallytrapped]
|-sideend|p2: thegreatestnone|move: Light Screen
|upkeep
|
|t:|1783741645
|switch|p1b: Garchomp|Garchomp, L50, F|5/100 brn
|turn|9
|
|t:|1783741651
|move|p2b: Toxapex|Baneful Bunker|p2b: Toxapex
|-singleturn|p2b: Toxapex|move: Protect
|move|p1b: Garchomp|Dragon Claw|p2b: Toxapex
|-activate|p2b: Toxapex|move: Protect
|move|p1a: Kingambit|Kowtow Cleave|p2b: Toxapex
|-activate|p2b: Toxapex|move: Protect
|
|-weather|Sandstorm|[upkeep]
|-damage|p2b: Toxapex|73/100|[from] Sandstorm
|-heal|p2b: Toxapex|78/100|[from] item: Leftovers
|-damage|p1b: Garchomp|0 fnt|[from] brn
|faint|p1b: Garchomp
|-damage|p1a: Kingambit|70/100|[from] move: Infestation|[partiallytrapped]
|-sideend|p2: thegreatestnone|Reflect
|upkeep
|
|t:|1783741653
|switch|p1b: Basculegion|Basculegion, L50, M|100/100
|turn|10
|
|t:|1783741658
|move|p1b: Basculegion|Last Respects|p2b: Toxapex
|-damage|p2b: Toxapex|5/100
|move|p1a: Kingambit|Kowtow Cleave|p2b: Toxapex
|-damage|p2b: Toxapex|0 fnt
|faint|p2b: Toxapex
|
|win|CrazyComet37
||CrazyComet37 is ready for game 3.
||thegreatestnone is ready for game 3.
|uhtml|next|Next: Game 3 of 3
