|j|☆nov2023
|j|☆taillow40
|html|nov2023taillow40    
|uhtml|bestof|Game 1 of a best-of-3
|t:|1757097878
|gametype|doubles
|player|p1|nov2023|cameraman|1129
|player|p2|taillow40|101|1099
|gen|9
|tier|[Gen 9] VGC 2025 Reg H (Bo3)
|rated|
|rule|Species Clause: Limit one of each Pokémon
|rule|Item Clause: Limit 1 of each item
|clearpoke
|poke|p1|Reuniclus, L50, F|
|poke|p1|Tyranitar, L50, F|
|poke|p1|Indeedee-F, L50, F|
|poke|p1|Garchomp, L50, F|
|poke|p1|Volcarona, L50, M|
|poke|p1|Hitmontop, L50, M|
|poke|p2|Pelipper, L50, F|
|poke|p2|Archaludon, L50, F|
|poke|p2|Basculegion, L50, M|
|poke|p2|Amoonguss, L50, F|
|poke|p2|Indeedee-F, L50, F|
|poke|p2|Kingambit, L50, F|
|teampreview|4
|showteam|p1|Reuniclus||LifeOrb|MagicGuard|Protect,ExpandingForce,AllySwitch,TeraBlast|||F|||50|,,,,,Fighting]Tyranitar||AssaultVest|SandStream|LowKick,RockSlide,KnockOff,TeraBlast|||F|||50|,,,,,Stellar]Indeedee-F||PsychicSeed|PsychicSurge|TrickRoom,HelpingHand,FollowMe,Imprison|||F|||50|,,,,,Grass]Garchomp||ClearAmulet|SandVeil|Earthquake,DragonClaw,Protect,SwordsDance|||F|||50|,,,,,Fairy]Volcarona||SafetyGoggles|FlameBody|Tailwind,GigaDrain,HeatWave,QuiverDance|||M|||50|,,,,,Flying]Hitmontop||EjectPack|Intimidate|WideGuard,HelpingHand,CloseCombat,Protect|||M|||50|,,,,,Fighting
|showteam|p2|Pelipper||FocusSash|Drizzle|Uturn,Tailwind,Hurricane,Protect|||F|||50|,,,,,Water]Archaludon||LifeOrb|Stamina|ElectroShot,FlashCannon,DragonPulse,Protect|||F|||50|,,,,,Steel]Basculegion||ChoiceBand|SwiftSwim|FlipTurn,LastRespects,Crunch,WaveCrash|||M|||50|,,,,,Water]Amoonguss||RockyHelmet|Regenerator|RagePowder,Protect,PollenPuff,Spore|||F|||50|,,,,,Water]Indeedee-F||MentalHerb|PsychicSurge|TrickRoom,Psychic,FollowMe,Protect|||F|||50|,,,,,Psychic]Kingambit||Leftovers|Defiant|SuckerPunch,Protect,SwordsDance,ThroatChop|||F|||50|,,,,,Ghost
|inactive|Battle timer is ON: inactive players will automatically lose when time's up. (requested by taillow40)
|inactive|nov2023 also wants the timer to be on.
|inactive|nov2023 has 60 seconds left.
|inactive|taillow40 has 60 seconds left.
|inactive|taillow40 has 30 seconds left.
|inactive|taillow40 has 20 seconds left.
|inactive|taillow40 has 15 seconds left.
|
|t:|1757097956
|teamsize|p1|4
|teamsize|p2|4
|start
|switch|p1a: Indeedee|Indeedee-F, L50, F|100/100
|switch|p1b: Hitmontop|Hitmontop, L50, M|100/100
|switch|p2a: Kingambit|Kingambit, L50, F|100/100
|switch|p2b: Amoonguss|Amoonguss, L50, F|100/100
|-ability|p1b: Hitmontop|Intimidate|boost
|-unboost|p2a: Kingambit|atk|1
|-ability|p2a: Kingambit|Defiant|boost
|-boost|p2a: Kingambit|atk|2
|-unboost|p2b: Amoonguss|atk|1
|-fieldstart|move: Psychic Terrain|[from] ability: Psychic Surge|[of] p1a: Indeedee
|-enditem|p1a: Indeedee|Psychic Seed
|-boost|p1a: Indeedee|spd|1|[from] item: Psychic Seed
|turn|1
|inactive|taillow40 has 30 seconds left.
|inactive|taillow40 has 20 seconds left.
|inactive|taillow40 has 15 seconds left.
|
|t:|1757097997
|-terastallize|p1a: Indeedee|Grass
|-terastallize|p2a: Kingambit|Ghost
|move|p1b: Hitmontop|Close Combat|p2a: Kingambit
|-immune|p2a: Kingambit
|move|p2a: Kingambit|Throat Chop|p1a: Indeedee
|-damage|p1a: Indeedee|29/100
|-start|p1a: Indeedee|Throat Chop|[silent]
|move|p2b: Amoonguss|Spore|p1b: Hitmontop
|-status|p1b: Hitmontop|slp|[from] move: Spore
|move|p1a: Indeedee|Trick Room|p1a: Indeedee
|-fieldstart|move: Trick Room|[of] p1a: Indeedee
|
|upkeep
|turn|2
|inactive|taillow40 has 30 seconds left.
|inactive|taillow40 has 20 seconds left.
|inactive|taillow40 has 15 seconds left.
|
|t:|1757098041
|switch|p1b: Reuniclus|Reuniclus, L50, F|100/100
|move|p1a: Indeedee|Follow Me|p1a: Indeedee
|-singleturn|p1a: Indeedee|move: Follow Me
|move|p2b: Amoonguss|Spore|p1a: Indeedee
|-immune|p1a: Indeedee
|move|p2a: Kingambit|Throat Chop|p1a: Indeedee
|-damage|p1a: Indeedee|0 fnt
|faint|p1a: Indeedee
|
|upkeep
|
|t:|1757098051
|switch|p1a: Hitmontop|Hitmontop, L50, M|100/100 slp
|-ability|p1a: Hitmontop|Intimidate|boost
|-unboost|p2a: Kingambit|atk|1
|-ability|p2a: Kingambit|Defiant|boost
|-boost|p2a: Kingambit|atk|2
|-unboost|p2b: Amoonguss|atk|1
|turn|3
|
|t:|1757098068
|cant|p1a: Hitmontop|slp
|move|p2b: Amoonguss|Protect|p2b: Amoonguss
|-singleturn|p2b: Amoonguss|Protect
|move|p1b: Reuniclus|Expanding Force|p2a: Kingambit|[spread] p2a
|-activate|p2b: Amoonguss|move: Protect
|-damage|p2a: Kingambit|0 fnt
|faint|p2a: Kingambit
|
|upkeep
|
|t:|1757098085
|switch|p2a: Archaludon|Archaludon, L50, F|100/100
|turn|4
|
|t:|1757098097
|switch|p2b: Pelipper|Pelipper, L50, F|100/100
|-weather|RainDance|[from] ability: Drizzle|[of] p2b: Pelipper
|move|p1b: Reuniclus|Expanding Force|p2a: Archaludon|[spread] p2a,p2b
|-resisted|p2a: Archaludon
|-crit|p2a: Archaludon
|-damage|p2a: Archaludon|0 fnt
|-damage|p2b: Pelipper|13/100
|faint|p2a: Archaludon
|cant|p1a: Hitmontop|slp
|
|-weather|RainDance|[upkeep]
|upkeep
|
|t:|1757098106
|switch|p2a: Amoonguss|Amoonguss, L50, F|100/100
|turn|5
|
|t:|1757098116
|switch|p1b: Tyranitar|Tyranitar, L50, F|100/100
|-weather|Sandstorm|[from] ability: Sand Stream|[of] p1b: Tyranitar
|move|p2a: Amoonguss|Spore|p1b: Tyranitar
|-status|p1b: Tyranitar|slp|[from] move: Spore
|move|p2b: Pelipper|Hurricane|p1a: Hitmontop
|-supereffective|p1a: Hitmontop
|-damage|p1a: Hitmontop|8/100 slp
|-curestatus|p1a: Hitmontop|slp|[msg]
|move|p1a: Hitmontop|Close Combat|p2a: Amoonguss
|-resisted|p2a: Amoonguss
|-damage|p2a: Amoonguss|77/100
|-unboost|p1a: Hitmontop|def|1
|-unboost|p1a: Hitmontop|spd|1
|-damage|p1a: Hitmontop|0 fnt|[from] item: Rocky Helmet|[of] p2a: Amoonguss
|faint|p1a: Hitmontop
|
|-weather|Sandstorm|[upkeep]
|-damage|p2a: Amoonguss|71/100|[from] Sandstorm
|-damage|p2b: Pelipper|7/100|[from] Sandstorm
|-fieldend|move: Trick Room
|-fieldend|move: Psychic Terrain
|upkeep
|
|t:|1757098135
|switch|p1a: Reuniclus|Reuniclus, L50, F|100/100
|turn|6
|
|t:|1757098151
|move|p2b: Pelipper|Protect|p2b: Pelipper
|-singleturn|p2b: Pelipper|Protect
|move|p1a: Reuniclus|Ally Switch|p1a: Reuniclus
|swap|p1a: Reuniclus|1|[from] move: Ally Switch
|cant|p1a: Tyranitar|slp
|move|p2a: Amoonguss|Spore|p1a: Tyranitar
|-fail|p1a: Tyranitar|slp
|
|-weather|Sandstorm|[upkeep]
|-damage|p2b: Pelipper|1/100|[from] Sandstorm
|-damage|p2a: Amoonguss|65/100|[from] Sandstorm
|upkeep
|turn|7
|
|t:|1757098170
|move|p1b: Reuniclus|Ally Switch|p1b: Reuniclus
|swap|p1b: Reuniclus|0|[from] move: Ally Switch
|-curestatus|p1b: Tyranitar|slp|[msg]
|move|p1b: Tyranitar|Rock Slide|p2a: Amoonguss|[spread] p2a,p2b
|-supereffective|p2b: Pelipper
|-damage|p2a: Amoonguss|38/100
|-damage|p2b: Pelipper|0 fnt
|faint|p2b: Pelipper
|move|p2a: Amoonguss|Spore|p1b: Tyranitar
|-status|p1b: Tyranitar|slp|[from] move: Spore
|
|-weather|Sandstorm|[upkeep]
|-damage|p2a: Amoonguss|33/100|[from] Sandstorm
|upkeep
|turn|8
|-message|taillow40 forfeited.
|
|win|nov2023
||nov2023 is ready for game 2.
||taillow40 is ready for game 2.
|uhtml|next|Next: Game 2 of 3
