|j|☆Afrikannah
|j|☆viatles
|html|Afrikannahviatles    
|uhtml|bestof|Game 2 of a best-of-3
|t:|1783962524
|gametype|doubles
|player|p1|Afrikannah|iris|1035
|player|p2|viatles|hiker|1092
|gen|9
|tier|[Gen 9 Champions] VGC 2026 Reg M-B (Bo3)
|rated|
|rule|Species Clause: Limit one of each Pokémon
|rule|Item Clause: Limit 1 of each item
|clearpoke
|poke|p1|Pelipper, L50, M|
|poke|p1|Archaludon, L50, F|
|poke|p1|Beartic, L50, F|
|poke|p1|Charizard, L50, F|
|poke|p1|Arcanine-Hisui, L50, M|
|poke|p1|Basculegion, L50, M|
|poke|p2|Beedrill, L50, F, shiny|
|poke|p2|Talonflame, L50, F, shiny|
|poke|p2|Farigiraf, L50, M|
|poke|p2|Milotic, L50, F, shiny|
|poke|p2|Typhlosion-Hisui, L50, F|
|poke|p2|Mamoswine, L50, F|
|teampreview|4
|showteam|p1|Pelipper||DampRock|Drizzle|MuddyWater,Hurricane,IcyWind,Protect|Modest||M|||50|]Archaludon||WiseGlasses|Stamina|ElectroShot,DracoMeteor,FlashCannon,Protect|Timid||F|||50|]Beartic||WideLens|SwiftSwim|Liquidation,IcicleCrash,PlayRough,Charm|Adamant||F|||50|]Charizard||CharizarditeY|Blaze|Hurricane,ScorchingSands,WeatherBall,SolarBeam|Timid||F|||50|]Arcanine-Hisui||ExpertBelt|RockHead|ExtremeSpeed,WildCharge,HeadSmash,FlareBlitz|Jolly||M|||50|]Basculegion||LifeOrb|SwiftSwim|LastRespects,AquaJet,WaveCrash,Facade|Adamant||M|||50|
|showteam|p2|Beedrill||Beedrillite|Swarm|Uturn,DrillRun,PoisonJab,Protect|Jolly||F|||50|]Talonflame||SharpBeak|GaleWings|DualWingbeat,Tailwind,Protect,WillOWisp|Jolly||F|||50|]Farigiraf||SitrusBerry|ArmorTail|TrickRoom,Thunderbolt,TwinBeam,HelpingHand|Bold||M|||50|]Milotic||Leftovers|Competitive|IcyWind,Scald,Protect,LifeDew|Bold||F|||50|]Typhlosion-Hisui||ChoiceScarf|Blaze|Eruption,HeatWave,ShadowBall,Overheat|Timid||F|||50|]Mamoswine||LifeOrb|Oblivious|RockSlide,Earthquake,IceShard,Protect|Adamant||F|||50|
|inactive|Battle timer is ON: inactive players will automatically lose when time's up. (requested by Afrikannah)
|inactive|Afrikannah has 60 seconds left.
|inactive|Afrikannah has 30 seconds left.
|
|t:|1783962586
|teamsize|p1|4
|teamsize|p2|4
|start
|switch|p1a: Gulp|Pelipper, L50, M|100/100
|switch|p1b: Fever|Beartic, L50, F|100/100
|switch|p2a: Typhlosion|Typhlosion-Hisui, L50, F|100/100
|switch|p2b: Malsumas|Beedrill, L50, F, shiny|100/100
|-weather|RainDance|[from] ability: Drizzle|[of] p1a: Gulp
|turn|1
|inactive|Afrikannah has 30 seconds left.
|inactive|Afrikannah has 20 seconds left.
|
|t:|1783962624
|switch|p2a: Pentious|Milotic, L50, F, shiny|100/100
|detailschange|p2b: Malsumas|Beedrill-Mega, L50, F, shiny
|-mega|p2b: Malsumas|Beedrill|Beedrillite
|move|p1a: Gulp|Protect|p1a: Gulp
|-singleturn|p1a: Gulp|Protect
|move|p2b: Malsumas|U-turn|p1b: Fever
|-damage|p1b: Fever|33/100
|
|t:|1783962639
|switch|p2b: Typhlosion|Typhlosion-Hisui, L50, F|100/100|[from] U-turn
|move|p1b: Fever|Liquidation|p2a: Pentious
|-resisted|p2a: Pentious|1
|-damage|p2a: Pentious|80/100
|
|-weather|RainDance|[upkeep]
|-heal|p2a: Pentious|86/100|[from] item: Leftovers
|upkeep
|turn|2
|
|t:|1783962652
|move|p2b: Typhlosion|Shadow Ball|p1a: Gulp
|-damage|p1a: Gulp|49/100
|-unboost|p1a: Gulp|spd|1
|move|p1b: Fever|Liquidation|p2b: Typhlosion
|-supereffective|p2b: Typhlosion|1
|-damage|p2b: Typhlosion|0 fnt
|faint|p2b: Typhlosion
|move|p2a: Pentious|Icy Wind|p1a: Gulp|[spread] p1a,p1b
|-resisted|p1b: Fever|1
|-damage|p1a: Gulp|25/100
|-damage|p1b: Fever|26/100
|-unboost|p1a: Gulp|spe|1
|-unboost|p1b: Fever|spe|1
|move|p1a: Gulp|Icy Wind|p2a: Pentious
|-resisted|p2a: Pentious|1
|-damage|p2a: Pentious|80/100
|-unboost|p2a: Pentious|spe|1
|-ability|p2a: Pentious|Competitive|boost
|-boost|p2a: Pentious|spa|2
|
|-weather|RainDance|[upkeep]
|-heal|p2a: Pentious|86/100|[from] item: Leftovers
|upkeep
|
|t:|1783962671
|switch|p2b: Malsumas|Beedrill-Mega, L50, F, shiny|100/100
|turn|3
|
|t:|1783962683
|switch|p1a: Mjolnir|Archaludon, L50, F|100/100
|move|p2b: Malsumas|Protect|p2b: Malsumas
|-singleturn|p2b: Malsumas|Protect
|move|p1b: Fever|Liquidation|p2b: Malsumas
|-activate|p2b: Malsumas|move: Protect
|move|p2a: Pentious|Icy Wind|p1b: Fever|[spread] p1a,p1b
|-resisted|p1b: Fever|1
|-damage|p1a: Mjolnir|68/100
|-damage|p1b: Fever|14/100
|-unboost|p1a: Mjolnir|spe|1
|-unboost|p1b: Fever|spe|1
|-ability|p1a: Mjolnir|Stamina|boost
|-boost|p1a: Mjolnir|def|1
|
|-weather|RainDance|[upkeep]
|-heal|p2a: Pentious|92/100|[from] item: Leftovers
|upkeep
|turn|4
|inactive|viatles has 30 seconds left.
|
|t:|1783962709
|move|p2b: Malsumas|U-turn|p1b: Fever
|-damage|p1b: Fever|0 fnt
|faint|p1b: Fever
|
|t:|1783962713
|switch|p2b: Mamoswine|Mamoswine, L50, F|100/100|[from] U-turn
|move|p1a: Mjolnir|Electro Shot||[still]
|-prepare|p1a: Mjolnir|Electro Shot
|-boost|p1a: Mjolnir|spa|1
|-anim|p1a: Mjolnir|Electro Shot|p2a: Pentious
|-supereffective|p2a: Pentious|1
|-damage|p2a: Pentious|0 fnt
|faint|p2a: Pentious
|
|-weather|RainDance|[upkeep]
|upkeep
|inactive|Afrikannah has 30 seconds left.
|inactive|Afrikannah has 20 seconds left.
|inactive|Afrikannah has 15 seconds left.
|
|t:|1783962757
|switch|p1b: Olympia|Arcanine-Hisui, L50, M|100/100
|switch|p2a: Malsumas|Beedrill-Mega, L50, F, shiny|100/100
|turn|5
|
|t:|1783962773
|move|p2a: Malsumas|Drill Run|p1b: Olympia|[miss]
|-miss|p2a: Malsumas|p1b: Olympia
|move|p1b: Olympia|Head Smash|p2a: Malsumas
|-supereffective|p2a: Malsumas|1
|-damage|p2a: Malsumas|0 fnt
|faint|p2a: Malsumas
|move|p2b: Mamoswine|Rock Slide|p1b: Olympia|[spread] 
|-miss|p2b: Mamoswine|p1a: Mjolnir
|-miss|p2b: Mamoswine|p1b: Olympia
|move|p1a: Mjolnir|Flash Cannon|p2b: Mamoswine
|-supereffective|p2b: Mamoswine|1
|-damage|p2b: Mamoswine|0 fnt
|faint|p2b: Mamoswine
|
|win|Afrikannah
|raw|Afrikannah's rating: 1035 → 1075(+40 for winning)
|raw|viatles's rating: 1092 → 1064(-28 for losing)
|c|☆viatles|welp gg
