|j|☆Escanor_CS
|j|☆sparshjha
|html|Escanor_CSsparshjha    
|uhtml|bestof|Game 3 of a best-of-3
|t:|1784403417
|gametype|doubles
|player|p1|Escanor_CS|101|1266
|player|p2|sparshjha|1|1158
|gen|9
|tier|[Gen 9 Champions] VGC 2026 Reg M-B (Bo3)
|rated|
|rule|Species Clause: Limit one of each Pokémon
|rule|Item Clause: Limit 1 of each item
|clearpoke
|poke|p1|Staraptor, L50, F|
|poke|p1|Torkoal, L50, M|
|poke|p1|Farigiraf, L50, F|
|poke|p1|Grimmsnarl, L50, M|
|poke|p1|Ceruledge, L50, F|
|poke|p1|Meganium, L50, F|
|poke|p2|Charizard, L50, M|
|poke|p2|Aerodactyl, L50, F|
|poke|p2|Incineroar, L50, F|
|poke|p2|Garchomp, L50, F|
|poke|p2|Sylveon, L50, F|
|poke|p2|Kingambit, L50, F|
|teampreview|4
|showteam|p1|Staraptor||Staraptite|Intimidate|CloseCombat,BraveBird,Roost,Protect|Jolly||F|||50|]Torkoal||Charcoal|Drought|Eruption,HeatWave,EarthPower,Protect|Quiet||M|||50|]Farigiraf||SitrusBerry|ArmorTail|Psychic,Thunderbolt,TrickRoom,Protect|Bold||F|||50|]Grimmsnarl||LightClay|Prankster|SpiritBreak,Reflect,LightScreen,PartingShot|Careful||M|||50|]Ceruledge||ColburBerry|FlashFire|BitterBlade,ShadowSneak,BulkUp,Protect|Adamant||F|||50|]Meganium||Meganiumite|Overgrow|DazzlingGleam,SolarBeam,WeatherBall,Protect|Quiet||F|||50|
|showteam|p2|Charizard||CharizarditeY|Blaze|HeatWave,SolarBeam,WeatherBall,Protect|Timid||M|||50|]Aerodactyl||Aerodactylite|Unnerve|RockSlide,WideGuard,IceFang,Tailwind|Timid||F|||50|]Incineroar||SitrusBerry|Intimidate|FakeOut,FlareBlitz,PartingShot,DarkestLariat|Relaxed||F|||50|]Garchomp||LifeOrb|RoughSkin|Earthquake,DragonClaw,StompingTantrum,Protect|Jolly||F|||50|]Sylveon||FairyFeather|Pixilate|HyperVoice,HyperBeam,QuickAttack,Detect|Modest||F|||50|]Kingambit||FocusSash|Defiant|KowtowCleave,IronHead,SuckerPunch,LowKick|Lonely||F|||50|
|inactive|Battle timer is ON: inactive players will automatically lose when time's up. (requested by sparshjha)
|
|t:|1784403443
|teamsize|p1|4
|teamsize|p2|4
|start
|switch|p1a: Staraptor|Staraptor, L50, F|100/100
|switch|p1b: Grimmsnarl|Grimmsnarl, L50, M|100/100
|switch|p2a: Charizard|Charizard, L50, M|100/100
|switch|p2b: Sylveon|Sylveon, L50, F|100/100
|-ability|p1a: Staraptor|Intimidate|boost
|-unboost|p2a: Charizard|atk|1
|-unboost|p2b: Sylveon|atk|1
|turn|1
|
|t:|1784403456
|detailschange|p1a: Staraptor|Staraptor-Mega, L50, F
|-mega|p1a: Staraptor|Staraptor|Staraptite
|detailschange|p2a: Charizard|Charizard-Mega-Y, L50, M
|-mega|p2a: Charizard|Charizard|Charizardite Y
|-weather|SunnyDay|[from] ability: Drought|[of] p2a: Charizard
|move|p1a: Staraptor|Protect|p1a: Staraptor
|-singleturn|p1a: Staraptor|Protect
|move|p1b: Grimmsnarl|Light Screen|p1b: Grimmsnarl
|-sidestart|p1: Escanor_CS|move: Light Screen
|move|p2a: Charizard|Heat Wave|p1a: Staraptor|[spread] p1b
|-activate|p1a: Staraptor|move: Protect
|-damage|p1b: Grimmsnarl|64/100
|move|p2b: Sylveon|Hyper Voice|p1b: Grimmsnarl|[spread] p1b
|-activate|p1a: Staraptor|move: Protect
|-supereffective|p1b: Grimmsnarl|1
|-damage|p1b: Grimmsnarl|9/100
|
|-weather|SunnyDay|[upkeep]
|upkeep
|turn|2
|inactive|sparshjha has 30 seconds left.
|inactive|sparshjha has 20 seconds left.
|
|t:|1784403493
|move|p2a: Charizard|Protect|p2a: Charizard
|-singleturn|p2a: Charizard|Protect
|move|p1b: Grimmsnarl|Parting Shot|p2b: Sylveon
|-unboost|p2b: Sylveon|atk|1
|-unboost|p2b: Sylveon|spa|1
|
|t:|1784403498
|switch|p1b: Ceruledge|Ceruledge, L50, F|100/100|[from] Parting Shot
|move|p1a: Staraptor|Close Combat|p2b: Sylveon
|-resisted|p2b: Sylveon|1
|-damage|p2b: Sylveon|69/100
|-boost|p1a: Staraptor|def|1
|-boost|p1a: Staraptor|spd|1
|move|p2b: Sylveon|Hyper Beam|p1a: Staraptor|[miss]
|-miss|p2b: Sylveon|p1a: Staraptor
|
|-weather|SunnyDay|[upkeep]
|upkeep
|turn|3
|inactive|sparshjha has 30 seconds left.
|inactive|sparshjha has 20 seconds left.
|inactive|sparshjha has 15 seconds left.
|inactive|sparshjha has 10 seconds left.
|
|t:|1784403546
|switch|p2b: Garchomp|Garchomp, L50, F|100/100
|move|p1a: Staraptor|Close Combat|p2b: Garchomp
|-damage|p2b: Garchomp|46/100
|-boost|p1a: Staraptor|def|1
|-boost|p1a: Staraptor|spd|1
|-damage|p1a: Staraptor|87/100|[from] ability: Rough Skin|[of] p2b: Garchomp
|move|p2a: Charizard|Weather Ball|p1a: Staraptor
|-damage|p1a: Staraptor|56/100
|move|p1b: Ceruledge|Bulk Up|p1b: Ceruledge
|-boost|p1b: Ceruledge|atk|1
|-boost|p1b: Ceruledge|def|1
|
|-weather|SunnyDay|[upkeep]
|upkeep
|turn|4
|
|t:|1784403565
|move|p2b: Garchomp|Protect|p2b: Garchomp
|-singleturn|p2b: Garchomp|Protect
|move|p1a: Staraptor|Close Combat|p2b: Garchomp
|-activate|p2b: Garchomp|move: Protect
|move|p2a: Charizard|Weather Ball|p1a: Staraptor
|-damage|p1a: Staraptor|27/100
|move|p1b: Ceruledge|Bitter Blade|p2a: Charizard
|-resisted|p2a: Charizard|1
|-damage|p2a: Charizard|43/100
|
|-weather|SunnyDay|[upkeep]
|upkeep
|turn|5
|inactive|Escanor_CS has 30 seconds left.
|inactive|sparshjha has 30 seconds left.
|inactive|sparshjha has 20 seconds left.
|inactive|sparshjha has 15 seconds left.
|inactive|sparshjha has 10 seconds left.
|inactive|sparshjha has 5 seconds left.
|
|t:|1784403616
|move|p1a: Staraptor|Protect|p1a: Staraptor
|-singleturn|p1a: Staraptor|Protect
|move|p2b: Garchomp|Earthquake|p1a: Staraptor|[spread] p1b
|-activate|p1a: Staraptor|move: Protect
|-immune|p2a: Charizard
|-supereffective|p1b: Ceruledge|1
|-damage|p1b: Ceruledge|16/100
|-damage|p2b: Garchomp|36/100|[from] item: Life Orb
|move|p2a: Charizard|Weather Ball|p1a: Staraptor
|-activate|p1a: Staraptor|move: Protect
|move|p1b: Ceruledge|Bitter Blade|p2b: Garchomp
|-resisted|p2b: Garchomp|1
|-damage|p2b: Garchomp|0 fnt
|-heal|p1b: Ceruledge|35/100|[from] drain|[of] p2b: Garchomp
|-damage|p1b: Ceruledge|23/100|[from] ability: Rough Skin|[of] p2b: Garchomp
|faint|p2b: Garchomp
|
|-weather|none
|upkeep
|
|t:|1784403639
|switch|p2b: Kingambit|Kingambit, L50, F|100/100
|turn|6
|
|t:|1784403661
|switch|p2b: Sylveon|Sylveon, L50, F|69/100
|move|p1b: Ceruledge|Shadow Sneak|p2a: Charizard
|-crit|p2a: Charizard
|-damage|p2a: Charizard|0 fnt
|faint|p2a: Charizard
|move|p1a: Staraptor|Roost|p1a: Staraptor
|-heal|p1a: Staraptor|77/100
|-singleturn|p1a: Staraptor|move: Roost
|
|upkeep
|
|t:|1784403669
|switch|p2a: Kingambit|Kingambit, L50, F|100/100
|turn|7
|
|t:|1784403687
|move|p1b: Ceruledge|Shadow Sneak|p2a: Kingambit
|-resisted|p2a: Kingambit|1
|-damage|p2a: Kingambit|84/100
|move|p1a: Staraptor|Close Combat|p2a: Kingambit
|-supereffective|p2a: Kingambit|2
|-damage|p2a: Kingambit|0 fnt
|-boost|p1a: Staraptor|def|1
|-boost|p1a: Staraptor|spd|1
|faint|p2a: Kingambit
|move|p2b: Sylveon|Hyper Voice|p1b: Ceruledge|[spread] p1a,p1b
|-supereffective|p1a: Staraptor|1
|-resisted|p1b: Ceruledge|1
|-damage|p1a: Staraptor|51/100
|-damage|p1b: Ceruledge|8/100
|
|upkeep
|turn|8
|
|t:|1784403703
|move|p1b: Ceruledge|Shadow Sneak|p2b: Sylveon
|-damage|p2b: Sylveon|33/100
|move|p1a: Staraptor|Brave Bird|p2b: Sylveon
|-damage|p2b: Sylveon|0 fnt
|faint|p2b: Sylveon
|-damage|p1a: Staraptor|40/100|[from] Recoil
|
|win|Escanor_CS
|raw|Escanor_CS's rating: 1266 → 1283(+17 for winning)
|raw|sparshjha's rating: 1158 → 1141(-17 for losing)
|l|☆sparshjha
|player|p2|
|l|☆Escanor_CS
|player|p1|
|j|☆Escanor_CS
|player|p1|Escanor_CS|101|
