|j|☆Desirety
|j|☆raichuwatch
|html|Desiretyraichuwatch    
|uhtml|bestof|Game 3 of a best-of-3
|t:|1785437573
|gametype|doubles
|player|p1|Desirety|preschooler|1166
|player|p2|raichuwatch|acetrainersnow|1050
|gen|9
|tier|[Gen 9 Champions] VGC 2026 Reg M-B (Bo3)
|rated|
|rule|Species Clause: Limit one of each Pokémon
|rule|Item Clause: Limit 1 of each item
|clearpoke
|poke|p1|Charizard, L50, M|
|poke|p1|Floette-Eternal, L50, F|
|poke|p1|Sinistcha, L50|
|poke|p1|Incineroar, L50, M|
|poke|p1|Kingambit, L50, F, shiny|
|poke|p1|Aerodactyl, L50, M|
|poke|p2|Mawile, L50, F, shiny|
|poke|p2|Glimmora, L50, M, shiny|
|poke|p2|Incineroar, L50, M|
|poke|p2|Garchomp, L50, M|
|poke|p2|Whimsicott, L50, F|
|poke|p2|Milotic, L50, M|
|teampreview|4
|showteam|p1|Charizard||CharizarditeX|Blaze|DragonDance,DragonClaw,Protect,FlareBlitz|Adamant||M|||50|]Floette-Eternal||Floettite|FlowerVeil|DazzlingGleam,DrainingKiss,CalmMind,Protect|Modest||F|||50|]Sinistcha||CobaBerry|Hospitality|MatchaGotcha,TrickRoom,Imprison,RagePowder|Bold|||||50|]Incineroar||SitrusBerry|Intimidate|WillOWisp,PartingShot,DarkestLariat,FakeOut|Adamant||M|||50|]Kingambit||LifeOrb|Defiant|SuckerPunch,KowtowCleave,LowKick,Protect|Adamant||F|||50|]Aerodactyl||WideLens|Unnerve|RockSlide,Tailwind,Taunt,WideGuard|Jolly||M|||50|
|showteam|p2|Mawile||Mawilite|HyperCutter|IronHead,PlayRough,SuckerPunch,Protect|Adamant||F|||50|]Glimmora||Glimmoranite|ToxicDebris|PowerGem,SludgeBomb,DazzlingGleam,Protect|Timid||M|||50|]Incineroar||SitrusBerry|Intimidate|FlareBlitz,PartingShot,FakeOut,Protect|Careful||M|||50|]Garchomp||LifeOrb|RoughSkin|DragonClaw,Earthquake,RockSlide,Protect|Jolly||M|||50|]Whimsicott||FocusSash|Prankster|Moonblast,Taunt,Tailwind,Protect|Bold||F|||50|]Milotic||Leftovers|Competitive|Scald,IceBeam,Recover,Protect|Bold||M|||50|
|
|t:|1785437612
|teamsize|p1|4
|teamsize|p2|4
|start
|switch|p1a: Charizard|Charizard, L50, M|100/100
|switch|p1b: Sinistcha|Sinistcha, L50|100/100
|switch|p2a: Whimsicott|Whimsicott, L50, F|100/100
|switch|p2b: Incineroar|Incineroar, L50, M|100/100
|-ability|p2b: Incineroar|Intimidate|boost
|-unboost|p1a: Charizard|atk|1
|-unboost|p1b: Sinistcha|atk|1
|turn|1
|
|t:|1785437643
|switch|p1b: Incineroar|Incineroar, L50, M|100/100
|-ability|p1b: Incineroar|Intimidate|boost
|-unboost|p2a: Whimsicott|atk|1
|-unboost|p2b: Incineroar|atk|1
|move|p1a: Charizard|Protect|p1a: Charizard
|-singleturn|p1a: Charizard|Protect
|move|p2b: Incineroar|Fake Out|p1a: Charizard
|-activate|p1a: Charizard|move: Protect
|move|p2a: Whimsicott|Tailwind|p2a: Whimsicott
|-sidestart|p2: raichuwatch|move: Tailwind
|
|upkeep
|turn|2
|
|t:|1785437663
|move|p1b: Incineroar|Fake Out|p2b: Incineroar
|-damage|p2b: Incineroar|87/100
|move|p2a: Whimsicott|Moonblast|p1b: Incineroar
|-damage|p1b: Incineroar|74/100
|cant|p2b: Incineroar|flinch
|move|p1a: Charizard|Dragon Dance|p1a: Charizard
|-boost|p1a: Charizard|atk|1
|-boost|p1a: Charizard|spe|1
|
|upkeep
|turn|3
|
|t:|1785437677
|switch|p1a: Kingambit|Kingambit, L50, F, shiny|100/100
|move|p2a: Whimsicott|Moonblast|p1a: Kingambit
|-damage|p1a: Kingambit|71/100
|move|p2b: Incineroar|Parting Shot|p1a: Kingambit
|-unboost|p1a: Kingambit|atk|1
|-ability|p1a: Kingambit|Defiant|boost
|-boost|p1a: Kingambit|atk|2
|-unboost|p1a: Kingambit|spa|1
|-ability|p1a: Kingambit|Defiant|boost
|-boost|p1a: Kingambit|atk|2
|
|t:|1785437704
|switch|p2b: Mawile|Mawile, L50, F, shiny|100/100|[from] Parting Shot
|move|p1b: Incineroar|Darkest Lariat|p2a: Whimsicott
|-resisted|p2a: Whimsicott|1
|-damage|p2a: Whimsicott|85/100
|
|upkeep
|turn|4
|
|t:|1785437733
|switch|p2b: Incineroar|Incineroar, L50, M|87/100
|-ability|p2b: Incineroar|Intimidate|boost
|-unboost|p1a: Kingambit|atk|1
|-ability|p1a: Kingambit|Defiant|boost
|-boost|p1a: Kingambit|atk|2
|-unboost|p1b: Incineroar|atk|1
|move|p2a: Whimsicott|Protect|p2a: Whimsicott
|-singleturn|p2a: Whimsicott|Protect
|move|p1a: Kingambit|Protect|p1a: Kingambit
|-singleturn|p1a: Kingambit|Protect
|move|p1b: Incineroar|Will-O-Wisp|p2b: Incineroar
|-immune|p2b: Incineroar
|
|-sideend|p2: raichuwatch|move: Tailwind
|upkeep
|turn|5
|
|t:|1785437753
|switch|p1b: Sinistcha|Sinistcha, L50|100/100
|-heal|p1a: Kingambit|95/100|[from] ability: Hospitality|[of] p1b: Sinistcha
|move|p1a: Kingambit|Protect|p1a: Kingambit
|-singleturn|p1a: Kingambit|Protect
|move|p2b: Incineroar|Fake Out|p1a: Kingambit
|-activate|p1a: Kingambit|move: Protect
|move|p2a: Whimsicott|Tailwind|p2a: Whimsicott
|-sidestart|p2: raichuwatch|move: Tailwind
|
|upkeep
|turn|6
|
|t:|1785437772
|move|p1b: Sinistcha|Rage Powder|p1b: Sinistcha
|-singleturn|p1b: Sinistcha|move: Rage Powder
|move|p2a: Whimsicott|Taunt|p1b: Sinistcha
|-start|p1b: Sinistcha|move: Taunt
|move|p2b: Incineroar|Flare Blitz|p1b: Sinistcha
|-supereffective|p1b: Sinistcha|1
|-damage|p1b: Sinistcha|34/100
|-damage|p2b: Incineroar|68/100|[from] Recoil
|move|p1a: Kingambit|Low Kick|p2b: Incineroar
|-supereffective|p2b: Incineroar|1
|-damage|p2b: Incineroar|0 fnt
|faint|p2b: Incineroar
|-damage|p1a: Kingambit|85/100|[from] item: Life Orb
|
|upkeep
|
|t:|1785437788
|switch|p2b: Mawile|Mawile, L50, F, shiny|100/100
|turn|7
|
|t:|1785437805
|switch|p1b: Incineroar|Incineroar, L50, M|74/100
|-ability|p1b: Incineroar|Intimidate|boost
|-unboost|p2a: Whimsicott|atk|1
|-fail|p2b: Mawile|unboost|Attack|[from] ability: Hyper Cutter|[of] p2b: Mawile
|move|p1a: Kingambit|Protect|p1a: Kingambit
|-singleturn|p1a: Kingambit|Protect
|move|p2a: Whimsicott|Moonblast|p1b: Incineroar
|-damage|p1b: Incineroar|49/100
|-enditem|p1b: Incineroar|Sitrus Berry|[eat]
|-heal|p1b: Incineroar|73/100|[from] item: Sitrus Berry
|move|p2b: Mawile|Play Rough|p1b: Incineroar|[miss]
|-miss|p2b: Mawile|p1b: Incineroar
|
|upkeep
|turn|8
|
|t:|1785437843
|move|p1b: Incineroar|Fake Out|p2b: Mawile
|-resisted|p2b: Mawile|1
|-damage|p2b: Mawile|92/100
|move|p2a: Whimsicott|Taunt|p1b: Incineroar
|-hint|Since gen 7, Dark is immune to Prankster moves.
|-immune|p1b: Incineroar
|move|p1a: Kingambit|Sucker Punch||[still]
|-fail|p1a: Kingambit
|cant|p2b: Mawile|flinch
|
|-sideend|p2: raichuwatch|move: Tailwind
|upkeep
|turn|9
|
|t:|1785437861
|detailschange|p2b: Mawile|Mawile-Mega, L50, F, shiny
|-mega|p2b: Mawile|Mawile|Mawilite
|move|p1a: Kingambit|Protect|p1a: Kingambit
|-singleturn|p1a: Kingambit|Protect
|move|p2a: Whimsicott|Moonblast|p1a: Kingambit
|-activate|p1a: Kingambit|move: Protect
|move|p1b: Incineroar|Will-O-Wisp|p2b: Mawile
|-status|p2b: Mawile|brn
|move|p2b: Mawile|Play Rough|p1a: Kingambit
|-activate|p1a: Kingambit|move: Protect
|
|-damage|p2b: Mawile|87/100 brn|[from] brn
|upkeep
|turn|10
|
|t:|1785437879
|move|p2a: Whimsicott|Moonblast|p1a: Kingambit
|-damage|p1a: Kingambit|57/100
|move|p1b: Incineroar|Parting Shot|p2b: Mawile
|-unboost|p2b: Mawile|atk|1
|-unboost|p2b: Mawile|spa|1
|
|t:|1785437884
|switch|p1b: Sinistcha|Sinistcha, L50|34/100|[from] Parting Shot
|-heal|p1a: Kingambit|81/100|[from] ability: Hospitality|[of] p1b: Sinistcha
|move|p1a: Kingambit|Kowtow Cleave|p2a: Whimsicott
|-resisted|p2a: Whimsicott|1
|-damage|p2a: Whimsicott|1/100
|-damage|p1a: Kingambit|71/100|[from] item: Life Orb
|move|p2b: Mawile|Play Rough|p1a: Kingambit
|-damage|p1a: Kingambit|50/100g
|-unboost|p1a: Kingambit|atk|1
|-ability|p1a: Kingambit|Defiant|boost
|-boost|p1a: Kingambit|atk|2
|
|-damage|p2b: Mawile|81/100 brn|[from] brn
|upkeep
|turn|11
|
|t:|1785437912
|move|p1a: Kingambit|Protect|p1a: Kingambit
|-singleturn|p1a: Kingambit|Protect
|move|p2a: Whimsicott|Moonblast|p1b: Sinistcha
|-damage|p1b: Sinistcha|5/100
|-unboost|p1b: Sinistcha|spa|1
|move|p1b: Sinistcha|Matcha Gotcha|p2a: Whimsicott|[spread] p2b
|-miss|p1b: Sinistcha|p2a: Whimsicott
|-resisted|p2b: Mawile|1
|-damage|p2b: Mawile|72/100 brn
|-heal|p1b: Sinistcha|9/100|[from] drain|[of] p2b: Mawile
|move|p2b: Mawile|Play Rough|p1a: Kingambit
|-activate|p1a: Kingambit|move: Protect
|
|-damage|p2b: Mawile|66/100 brn|[from] brn
|upkeep
|turn|12
|
|t:|1785437934
|switch|p1b: Incineroar|Incineroar, L50, M|73/100
|-ability|p1b: Incineroar|Intimidate|boost
|-unboost|p2a: Whimsicott|atk|1
|-unboost|p2b: Mawile|atk|1
|move|p1a: Kingambit|Sucker Punch|p2a: Whimsicott
|-resisted|p2a: Whimsicott|1
|-damage|p2a: Whimsicott|0 fnt
|faint|p2a: Whimsicott
|-damage|p1a: Kingambit|40/100|[from] item: Life Orb
|move|p2b: Mawile|Play Rough|p1a: Kingambit
|-damage|p1a: Kingambit|25/100
|
|-damage|p2b: Mawile|61/100 brn|[from] brn
|upkeep
|
|t:|1785437949
|switch|p2a: Glimmora|Glimmora, L50, M, shiny|100/100
|turn|13
|
|t:|1785437964
|switch|p1b: Sinistcha|Sinistcha, L50|9/100
|-heal|p1a: Kingambit|50/100g|[from] ability: Hospitality|[of] p1b: Sinistcha
|move|p1a: Kingambit|Protect|p1a: Kingambit
|-singleturn|p1a: Kingambit|Protect
|move|p2a: Glimmora|Power Gem|p1b: Sinistcha
|-damage|p1b: Sinistcha|0 fnt
|faint|p1b: Sinistcha
|move|p2b: Mawile|Play Rough|p1a: Kingambit
|-activate|p1a: Kingambit|move: Protect
|
|-damage|p2b: Mawile|55/100 brn|[from] brn
|upkeep
|
|t:|1785437972
|switch|p1b: Incineroar|Incineroar, L50, M|73/100
|-ability|p1b: Incineroar|Intimidate|boost
|-unboost|p2a: Glimmora|atk|1
|-unboost|p2b: Mawile|atk|1
|turn|14
|
|t:|1785437986
|move|p1b: Incineroar|Fake Out|p2a: Glimmora
|-resisted|p2a: Glimmora|1
|-damage|p2a: Glimmora|93/100
|-activate|p2a: Glimmora|ability: Toxic Debris
|-sidestart|p1: Desirety|move: Toxic Spikes
|move|p1a: Kingambit|Sucker Punch|p2a: Glimmora
|-damage|p2a: Glimmora|0 fnt
|-activate|p2a: Glimmora|ability: Toxic Debris
|-sidestart|p1: Desirety|move: Toxic Spikes
|faint|p2a: Glimmora
|-damage|p1a: Kingambit|40/100|[from] item: Life Orb
|move|p2b: Mawile|Play Rough|p1a: Kingambit
|-damage|p1a: Kingambit|27/100
|
|-damage|p2b: Mawile|49/100 brn|[from] brn
|upkeep
|turn|15
|c|☆raichuwatch|Gg man
|c|☆Desirety|gg
|
|t:|1785438008
|move|p1a: Kingambit|Protect|p1a: Kingambit
|-singleturn|p1a: Kingambit|Protect
|move|p1b: Incineroar|Parting Shot|p2b: Mawile
|-unboost|p2b: Mawile|atk|1
|-unboost|p2b: Mawile|spa|1
|c|☆Desirety|this is a rough matchup for me the incin parting shot predict saved me
|
|t:|1785438025
|switch|p1b: Charizard|Charizard, L50, M|100/100|[from] Parting Shot
|move|p2b: Mawile|Play Rough|p1b: Charizard
|-resisted|p1b: Charizard|1
|-damage|p1b: Charizard|91/100
|
|-damage|p2b: Mawile|43/100 brn|[from] brn
|upkeep
|turn|16
|
|t:|1785438035
|detailschange|p1b: Charizard|Charizard-Mega-X, L50, M
|-mega|p1b: Charizard|Charizard|Charizardite X
|move|p1a: Kingambit|Sucker Punch|p2b: Mawile
|-resisted|p2b: Mawile|1
|-damage|p2b: Mawile|0 fnt
|faint|p2b: Mawile
|-damage|p1a: Kingambit|17/100|[from] item: Life Orb
|
|win|Desirety
|raw|Desirety's rating: 1166 → 1183(+17 for winning)
|raw|raichuwatch's rating: 1050 → 1038(-12 for losing)
|l|☆raichuwatch
|player|p2|
