|j|☆PikaTROD
|j|☆500Cake
|html|PikaTROD500Cake    
|uhtml|bestof|Game 2 of a best-of-3
|t:|1755190127
|gametype|doubles
|player|p1|PikaTROD|170|1267
|player|p2|500Cake|hugh|1246
|gen|9
|tier|[Gen 9] VGC 2025 Reg H (Bo3)
|rated|
|rule|Species Clause: Limit one of each Pokémon
|rule|Item Clause: Limit 1 of each item
|clearpoke
|poke|p1|Kingambit, L50, F|
|poke|p1|Primarina, L50, F|
|poke|p1|Sneasler, L50, F|
|poke|p1|Magmar, L50, M|
|poke|p1|Rillaboom, L50, M|
|poke|p1|Dragapult, L50, F|
|poke|p2|Typhlosion-Hisui, L50, F|
|poke|p2|Garchomp, L50, F|
|poke|p2|Murkrow, L50, M|
|poke|p2|Indeedee, L50, M|
|poke|p2|Weezing-Galar, L50, F|
|poke|p2|Maushold, L50|
|teampreview|4
|showteam|p1|Kingambit||BlackGlasses|Defiant|KowtowCleave,SuckerPunch,SwordsDance,Protect|||F|||50|,,,,,Dark]Primarina||SitrusBerry|LiquidVoice|HyperVoice,Moonblast,Haze,Protect|||F|||50|,,,,,Poison]Sneasler||FocusSash|PoisonTouch|CloseCombat,DireClaw,FakeOut,Protect|||F|||50|,,,,,Ghost]Magmar||Eviolite|VitalSpirit|Overheat,WillOWisp,FollowMe,Protect|||M|||50|,,,,,Ghost]Rillaboom||AssaultVest|GrassySurge|WoodHammer,GrassyGlide,HighHorsepower,FakeOut|||M|||50|,,,,,Fire]Dragapult||ChoiceBand|ClearBody|DragonDarts,PhantomForce,Outrage,Uturn|||F|||50|,,,,,Dragon
|showteam|p2|Typhlosion-Hisui||Charcoal|Blaze|Eruption,HeatWave,Protect,ShadowBall|||F|||50|,,,,,Fire]Garchomp||LifeOrb|RoughSkin|Protect,Earthquake,StompingTantrum,DragonClaw|||F|||50|,,,,,Fairy]Murkrow||Eviolite|Prankster|Tailwind,SunnyDay,Haze,FoulPlay|||M|||50|,,,,,Ghost]Indeedee||FocusSash|PsychicSurge|TeraBlast,Imprison,ExpandingForce,TrickRoom|||M|||50|,,,,,Fighting]Weezing-Galar||Leftovers|NeutralizingGas|StrangeSteam,Taunt,SludgeBomb,Protect|||F|||50|,,,,,Ghost]Maushold||WideLens|Technician|PopulationBomb,Protect,Taunt,FollowMe||||||50|,,,,,Normal
|inactive|Battle timer is ON: inactive players will automatically lose when time's up. (requested by PikaTROD)
|
|t:|1755190167
|teamsize|p1|4
|teamsize|p2|4
|start
|switch|p1a: Sneasler|Sneasler, L50, F|100/100
|switch|p1b: Primarina|Primarina, L50, F|100/100
|switch|p2a: Weezing|Weezing-Galar, L50, F, shiny|100/100
|switch|p2b: Typhlosion|Typhlosion-Hisui, L50, F, shiny|100/100
|-ability|p2a: Weezing|Neutralizing Gas
|turn|1
|inactive|PikaTROD has 30 seconds left.
|inactive|500Cake has 30 seconds left.
|inactive|PikaTROD has 20 seconds left.
|inactive|500Cake has 20 seconds left.
|inactive|PikaTROD has 15 seconds left.
|
|t:|1755190209
|switch|p1a: Dragapult|Dragapult, L50, F|100/100
|move|p2b: Typhlosion|Heat Wave|p1a: Dragapult|[spread] p1a,p1b
|-resisted|p1a: Dragapult
|-crit|p1a: Dragapult
|-resisted|p1b: Primarina
|-damage|p1a: Dragapult|56/100
|-damage|p1b: Primarina|83/100
|move|p1b: Primarina|Hyper Voice|p2a: Weezing|[spread] p2a
|-immune|p2b: Typhlosion
|-damage|p2a: Weezing|76/100
|move|p2a: Weezing|Sludge Bomb|p1b: Primarina
|-supereffective|p1b: Primarina
|-damage|p1b: Primarina|27/100
|-enditem|p1b: Primarina|Sitrus Berry|[eat]
|-heal|p1b: Primarina|52/100|[from] item: Sitrus Berry
|
|-heal|p2a: Weezing|82/100|[from] item: Leftovers
|upkeep
|turn|2
|inactive|PikaTROD has 30 seconds left.
|inactive|500Cake has 30 seconds left.
|inactive|PikaTROD has 20 seconds left.
|inactive|PikaTROD has 15 seconds left.
|
|t:|1755190250
|move|p2b: Typhlosion|Protect|p2b: Typhlosion
|-singleturn|p2b: Typhlosion|Protect
|move|p1b: Primarina|Protect|p1b: Primarina
|-singleturn|p1b: Primarina|Protect
|move|p2a: Weezing|Protect|p2a: Weezing
|-singleturn|p2a: Weezing|Protect
|move|p1a: Dragapult|Phantom Force||[still]
|-prepare|p1a: Dragapult|Phantom Force
|
|-heal|p2a: Weezing|88/100|[from] item: Leftovers
|upkeep
|turn|3
|
|t:|1755190267
|switch|p2b: Murkrow|Murkrow, L50, M, shiny|100/100
|move|p1a: Dragapult|Phantom Force|p2b: Murkrow|[from] lockedmove
|-resisted|p2b: Murkrow
|-damage|p2b: Murkrow|64/100
|move|p1b: Primarina|Hyper Voice|p2a: Weezing|[spread] p2a,p2b
|-damage|p2a: Weezing|62/100
|-damage|p2b: Murkrow|42/100
|move|p2a: Weezing|Strange Steam|p1a: Dragapult
|-supereffective|p1a: Dragapult
|-damage|p1a: Dragapult|0 fnt
|faint|p1a: Dragapult
|
|-heal|p2a: Weezing|68/100|[from] item: Leftovers
|upkeep
|
|t:|1755190277
|switch|p1a: Sneasler|Sneasler, L50, F|100/100
|turn|4
|inactive|500Cake has 30 seconds left.
|
|t:|1755190305
|-terastallize|p2b: Murkrow|Ghost
|move|p2a: Weezing|Protect|p2a: Weezing
|-singleturn|p2a: Weezing|Protect
|move|p1a: Sneasler|Dire Claw|p2b: Murkrow
|-resisted|p2b: Murkrow
|-damage|p2b: Murkrow|20/100
|move|p2b: Murkrow|Tailwind|p2b: Murkrow
|-sidestart|p2: 500Cake|move: Tailwind
|move|p1b: Primarina|Hyper Voice|p2a: Weezing|[spread] 
|-activate|p2a: Weezing|move: Protect
|-immune|p2b: Murkrow
|
|-heal|p2a: Weezing|74/100|[from] item: Leftovers
|upkeep
|turn|5
|inactive|PikaTROD has 30 seconds left.
|inactive|500Cake has 30 seconds left.
|
|t:|1755190334
|switch|p1b: Kingambit|Kingambit, L50, F|100/100
|move|p2b: Murkrow|Foul Play|p1a: Sneasler
|-resisted|p1a: Sneasler
|-damage|p1a: Sneasler|61/100
|move|p1a: Sneasler|Dire Claw|p2a: Weezing
|-damage|p2a: Weezing|42/100
|-status|p2a: Weezing|slp
|cant|p2a: Weezing|slp
|
|-heal|p2a: Weezing|48/100 slp|[from] item: Leftovers
|upkeep
|turn|6
|
|t:|1755190357
|move|p2b: Murkrow|Sunny Day|p2b: Murkrow
|-weather|SunnyDay
|move|p1a: Sneasler|Dire Claw|p2b: Murkrow
|-resisted|p2b: Murkrow
|-damage|p2b: Murkrow|0 fnt
|faint|p2b: Murkrow
|-curestatus|p2a: Weezing|slp|[msg]
|move|p2a: Weezing|Strange Steam|p1a: Sneasler
|-damage|p1a: Sneasler|20/100
|move|p1b: Kingambit|Swords Dance|p1b: Kingambit
|-boost|p1b: Kingambit|atk|2
|
|-weather|SunnyDay|[upkeep]
|-heal|p2a: Weezing|53/100|[from] item: Leftovers
|upkeep
|inactive|500Cake has 30 seconds left.
|
|t:|1755190390
|switch|p2b: Garchomp|Garchomp, L50, F, shiny|100/100
|turn|7
|inactive|500Cake has 30 seconds left.
|inactive|500Cake has 20 seconds left.
|
|t:|1755190431
|-terastallize|p1b: Kingambit|Dark
|move|p1b: Kingambit|Sucker Punch|p2b: Garchomp
|-damage|p2b: Garchomp|0 fnt
|faint|p2b: Garchomp
|move|p1a: Sneasler|Dire Claw|p2a: Weezing
|-damage|p2a: Weezing|21/100
|move|p2a: Weezing|Strange Steam|p1b: Kingambit|[miss]
|-miss|p2a: Weezing|p1b: Kingambit
|
|-weather|SunnyDay|[upkeep]
|-heal|p2a: Weezing|27/100|[from] item: Leftovers
|-sideend|p2: 500Cake|move: Tailwind
|upkeep
|
|t:|1755190443
|switch|p2b: Typhlosion|Typhlosion-Hisui, L50, F, shiny|100/100
|turn|8
|c|☆PikaTROD|gg
|inactive|500Cake has 30 seconds left.
|
|t:|1755190476
|move|p2b: Typhlosion|Protect|p2b: Typhlosion
|-singleturn|p2b: Typhlosion|Protect
|move|p1b: Kingambit|Sucker Punch||[still]
|-fail|p1b: Kingambit
|move|p1a: Sneasler|Dire Claw|p2a: Weezing
|-damage|p2a: Weezing|0 fnt
|faint|p2a: Weezing
|-end|p2a: Weezing|ability: Neutralizing Gas
|
|-weather|SunnyDay|[upkeep]
|upkeep
|turn|9
|
|t:|1755190492
|move|p2b: Typhlosion|Protect||[still]
|-fail|p2b: Typhlosion
|move|p1b: Kingambit|Sucker Punch||[still]
|-fail|p1b: Kingambit
|move|p1a: Sneasler|Dire Claw|p2b: Typhlosion
|-resisted|p2b: Typhlosion
|-damage|p2b: Typhlosion|70/100
|
|-weather|SunnyDay|[upkeep]
|upkeep
|turn|10
|inactive|500Cake has 30 seconds left.
|inactive|500Cake has 20 seconds left.
|inactive|500Cake has 15 seconds left.
|inactive|500Cake has 10 seconds left.
|inactive|500Cake has 5 seconds left.
|
|t:|1755190544
|move|p2b: Typhlosion|Protect|p2b: Typhlosion
|-singleturn|p2b: Typhlosion|Protect
|move|p1b: Kingambit|Sucker Punch||[still]
|-fail|p1b: Kingambit
|move|p1a: Sneasler|Dire Claw|p2b: Typhlosion
|-activate|p2b: Typhlosion|move: Protect
|
|-weather|none
|upkeep
|turn|11
|inactive|500Cake has 30 seconds left.
|inactive|500Cake has 20 seconds left.
|inactive|500Cake has 15 seconds left.
|inactive|500Cake has 10 seconds left.
|
|t:|1755190593
|move|p2b: Typhlosion|Protect||[still]
|-fail|p2b: Typhlosion
|move|p1b: Kingambit|Sucker Punch||[still]
|-fail|p1b: Kingambit
|move|p1a: Sneasler|Dire Claw|p2b: Typhlosion
|-resisted|p2b: Typhlosion
|-damage|p2b: Typhlosion|41/100
|-status|p2b: Typhlosion|slp
|
|upkeep
|turn|12
|c|☆PikaTROD|:-/
|inactive|500Cake has 30 seconds left.
|inactive|500Cake has 20 seconds left.
|inactive|500Cake has 15 seconds left.
|inactive|500Cake has 10 seconds left.
|inactive|500Cake has 5 seconds left.
|
|t:|1755190648
|move|p1a: Sneasler|Dire Claw|p2b: Typhlosion
|-resisted|p2b: Typhlosion
|-damage|p2b: Typhlosion|8/100 slp
|cant|p2b: Typhlosion|slp
|move|p1b: Kingambit|Kowtow Cleave|p2b: Typhlosion
|-supereffective|p2b: Typhlosion
|-damage|p2b: Typhlosion|0 fnt
|faint|p2b: Typhlosion
|
|win|PikaTROD
|raw|PikaTROD's rating: 1267 → 1290(+23 for winning)
|raw|500Cake's rating: 1246 → 1223(-23 for losing)
