|j|☆kommander
|j|☆emforbes
|html|kommanderemforbes    
|uhtml|bestof|Game 2 of a best-of-3
|t:|1783303623
|gametype|doubles
|player|p1|kommander|#smogonxnpa2025winner|
|player|p2|emforbes|#wcop2026uswest2|
|gen|9
|tier|[Gen 9 Champions] VGC 2026 Reg M-B (Bo3)
|rule|Species Clause: Limit one of each Pokémon
|rule|Item Clause: Limit 1 of each item
|clearpoke
|poke|p1|Aerodactyl, L50, M|
|poke|p1|Sylveon, L50, M, shiny|
|poke|p1|Charizard, L50, F|
|poke|p1|Kingambit, L50, F, shiny|
|poke|p1|Farigiraf, L50, M, shiny|
|poke|p1|Garchomp, L50, M, shiny|
|poke|p2|Incineroar, L50, F, shiny|
|poke|p2|Garchomp, L50, F|
|poke|p2|Charizard, L50, M, shiny|
|poke|p2|Toxapex, L50, F, shiny|
|poke|p2|Hydreigon, L50, F|
|poke|p2|Metagross, L50|
|teampreview|4
|showteam|p1|Aerodactyl||Aerodactylite|Unnerve|RockSlide,DualWingbeat,Tailwind,IceFang|Jolly||M|||50|]Sylveon||FairyFeather|Pixilate|HyperVoice,QuickAttack,HyperBeam,Detect|Modest||M|||50|]Charizard||CharizarditeY|Blaze|HeatWave,WeatherBall,SolarBeam,Protect|Modest||F|||50|]Kingambit||FocusSash|Defiant|KowtowCleave,SuckerPunch,IronHead,LowKick|Adamant||F|||50|]Farigiraf||SitrusBerry|ArmorTail|TwinBeam,Thunderbolt,TrickRoom,HelpingHand|Relaxed||M|||50|]Garchomp||LifeOrb|RoughSkin|DragonClaw,StompingTantrum,Earthquake,Protect|Jolly||M|||50|
|showteam|p2|Incineroar||SitrusBerry|Intimidate|FlareBlitz,DarkestLariat,FakeOut,PartingShot|Impish||F|||50|]Garchomp||LifeOrb|RoughSkin|Earthquake,DragonClaw,RockSlide,Protect|Jolly||F|||50|]Charizard||CharizarditeY|Blaze|HeatWave,WeatherBall,SolarBeam,Protect|Modest||M|||50|]Toxapex||Leftovers|Regenerator|Infestation,WideGuard,Toxic,BanefulBunker|Bold||F|||50|]Hydreigon||ChoiceScarf|Levitate|DracoMeteor,DarkPulse,Snarl,HeatWave|Modest||F|||50|]Metagross||Metagrossite|ClearBody|IronHead,BodyPress,PsychicFangs,Protect|Jolly|||||50|
|j| Naniroma
|inactive|Battle timer is ON: inactive players will automatically lose when time's up. (requested by emforbes)
|j| 21Kieran
|j| TheHorrorHare
|j| kunal
|j| vikram chan
|j| arekusabi
|j| Uncle Lou
|j| KnockingOnMyIncin
|j| thacrow
|inactive|kommander has 60 seconds left.
|inactive|emforbes has 60 seconds left.
|l| KnockingOnMyIncin
|j| Galahad Excalibur
|j| braverius
|l| 21Kieran
|j| tryingsomethingnew
|inactive|kommander has 30 seconds left.
|j|+Radio Free C-Side
|j| beben la lechee
|inactive|kommander has 20 seconds left.
|inactive|kommander has 15 seconds left.
|j| KnockingOnMyIncin
|inactive|kommander has 10 seconds left.
|inactive|kommander has 5 seconds left.
|j| GetNikkDon
|
|t:|1783303713
|teamsize|p1|4
|teamsize|p2|4
|start
|switch|p1a: Charizard|Charizard, L50, F|100/100
|switch|p1b: Garchomp|Garchomp, L50, M, shiny|100/100
|switch|p2a: Metagross|Metagross, L50|100/100
|switch|p2b: Toxapex|Toxapex, L50, F, shiny|100/100
|turn|1
|inactive|kommander has 30 seconds left.
|inactive|emforbes has 30 seconds left.
|l| KnockingOnMyIncin
|j| KnockingOnMyIncin
|inactive|emforbes has 20 seconds left.
|l| arekusabi
|inactive|emforbes has 15 seconds left.
|inactive|emforbes has 10 seconds left.
|
|t:|1783303761
|switch|p2a: Incineroar|Incineroar, L50, F, shiny|100/100
|-ability|p2a: Incineroar|Intimidate|boost
|-unboost|p1a: Charizard|atk|1
|-unboost|p1b: Garchomp|atk|1
|detailschange|p1a: Charizard|Charizard-Mega-Y, L50, F
|-mega|p1a: Charizard|Charizard|Charizardite Y
|-weather|SunnyDay|[from] ability: Drought|[of] p1a: Charizard
|move|p1b: Garchomp|Stomping Tantrum|p2b: Toxapex
|-supereffective|p2b: Toxapex|1
|-damage|p2b: Toxapex|58/100
|-damage|p1b: Garchomp|90/100|[from] item: Life Orb
|move|p1a: Charizard|Weather Ball|p2a: Incineroar
|-resisted|p2a: Incineroar|1
|-damage|p2a: Incineroar|62/100
|move|p2b: Toxapex|Toxic|p1b: Garchomp
|-status|p1b: Garchomp|tox
|
|-weather|SunnyDay|[upkeep]
|-heal|p2b: Toxapex|64/100|[from] item: Leftovers
|-damage|p1b: Garchomp|84/100 tox|[from] psn
|upkeep
|turn|2
|l| thacrow
|j| arekusabi
|inactive|kommander has 30 seconds left.
|inactive|emforbes has 30 seconds left.
|inactive|kommander has 20 seconds left.
|inactive|emforbes has 20 seconds left.
|j| thacrow
|inactive|emforbes has 15 seconds left.
|l| KnockingOnMyIncin
|inactive|emforbes has 10 seconds left.
|l| TheHorrorHare
|inactive|emforbes has 5 seconds left.
|
|t:|1783303811
|move|p2b: Toxapex|Baneful Bunker|p2b: Toxapex
|-singleturn|p2b: Toxapex|move: Protect
|move|p1b: Garchomp|Earthquake|p2b: Toxapex|[spread] p2a
|-activate|p2b: Toxapex|move: Protect
|-immune|p1a: Charizard
|-supereffective|p2a: Incineroar|1
|-damage|p2a: Incineroar|3/100
|-enditem|p2a: Incineroar|Sitrus Berry|[eat]
|-heal|p2a: Incineroar|28/100|[from] item: Sitrus Berry
|-damage|p1b: Garchomp|75/100 tox|[from] item: Life Orb
|move|p1a: Charizard|Solar Beam||[still]
|-prepare|p1a: Charizard|Solar Beam
|-anim|p1a: Charizard|Solar Beam|p2b: Toxapex
|-activate|p2b: Toxapex|move: Protect
|move|p2a: Incineroar|Parting Shot|p1b: Garchomp
|-unboost|p1b: Garchomp|atk|1
|-unboost|p1b: Garchomp|spa|1
|
|t:|1783303817
|switch|p2a: Garchomp|Garchomp, L50, F|100/100|[from] Parting Shot
|
|-weather|SunnyDay|[upkeep]
|-heal|p2b: Toxapex|70/100|[from] item: Leftovers
|-damage|p1b: Garchomp|63/100 tox|[from] psn
|upkeep
|turn|3
|j| KnockingOnMyIncin
|inactive|kommander has 30 seconds left.
|inactive|emforbes has 30 seconds left.
|inactive|kommander has 20 seconds left.
|inactive|emforbes has 20 seconds left.
|
|t:|1783303857
|switch|p1a: Farigiraf|Farigiraf, L50, M, shiny|100/100
|move|p2a: Garchomp|Rock Slide|p1a: Farigiraf|[spread] p1a,p1b
|-resisted|p1b: Garchomp|1
|-damage|p1a: Farigiraf|80/100
|-damage|p1b: Garchomp|51/100 tox
|-damage|p2a: Garchomp|90/100|[from] item: Life Orb
|cant|p1b: Garchomp|flinch
|move|p2b: Toxapex|Infestation|p1b: Garchomp
|-damage|p1b: Garchomp|47/100 tox
|-activate|p1b: Garchomp|move: Infestation|[of] p2b: Toxapex
|-damage|p2b: Toxapex|57/100|[from] ability: Rough Skin|[of] p1b: Garchomp
|
|-weather|SunnyDay|[upkeep]
|-heal|p2b: Toxapex|63/100|[from] item: Leftovers
|-damage|p1b: Garchomp|30/100 tox|[from] psn
|-damage|p1b: Garchomp|17/100 tox|[from] move: Infestation|[partiallytrapped]
|upkeep
|turn|4
|l|+Radio Free C-Side
|inactive|emforbes has 30 seconds left.
|inactive|emforbes has 20 seconds left.
|
|t:|1783303893
|move|p2a: Garchomp|Protect|p2a: Garchomp
|-singleturn|p2a: Garchomp|Protect
|move|p2b: Toxapex|Baneful Bunker|p2b: Toxapex
|-singleturn|p2b: Toxapex|move: Protect
|move|p1b: Garchomp|Stomping Tantrum|p2b: Toxapex
|-activate|p2b: Toxapex|move: Protect
|move|p1a: Farigiraf|Trick Room|p1a: Farigiraf
|-fieldstart|move: Trick Room|[of] p1a: Farigiraf
|
|-weather|SunnyDay|[upkeep]
|-heal|p2b: Toxapex|69/100|[from] item: Leftovers
|-damage|p1b: Garchomp|0 fnt|[from] psn
|faint|p1b: Garchomp
|upkeep
|
|t:|1783303900
|switch|p1b: Sylveon|Sylveon, L50, M, shiny|100/100
|turn|5
|
|t:|1783303924
|-heal|p2b: Toxapex|100/100|[from] ability: Regenerator|[silent]
|switch|p2b: Metagross|Metagross, L50|100/100
|switch|p2a: Incineroar|Incineroar, L50, F, shiny|28/100
|-ability|p2a: Incineroar|Intimidate|boost
|-unboost|p1a: Farigiraf|atk|1
|-unboost|p1b: Sylveon|atk|1
|move|p1b: Sylveon|Detect|p1b: Sylveon
|-singleturn|p1b: Sylveon|Protect
|move|p1a: Farigiraf|Twin Beam|p2b: Metagross
|-resisted|p2b: Metagross|2
|-damage|p2b: Metagross|95/100
|-resisted|p2b: Metagross|2
|-damage|p2b: Metagross|90/100
|-hitcount|p2b: Metagross|2
|
|-weather|none
|upkeep
|turn|6
|
|t:|1783303948
|switch|p1b: Charizard|Charizard-Mega-Y, L50, F|100/100
|-weather|SunnyDay|[from] ability: Drought|[of] p1b: Charizard
|detailschange|p2b: Metagross|Metagross-Mega, L50
|-mega|p2b: Metagross|Metagross|Metagrossite
|move|p1a: Farigiraf|Thunderbolt|p2a: Incineroar
|-damage|p2a: Incineroar|10/100
|move|p2a: Incineroar|Parting Shot|p1a: Farigiraf
|-unboost|p1a: Farigiraf|atk|1
|-unboost|p1a: Farigiraf|spa|1
|
|t:|1783303956
|switch|p2a: Garchomp|Garchomp, L50, F|90/100|[from] Parting Shot
|move|p2b: Metagross|Iron Head|p1b: Charizard
|-resisted|p1b: Charizard|1
|-damage|p1b: Charizard|75/100
|
|-weather|SunnyDay|[upkeep]
|upkeep
|turn|7
|l| KnockingOnMyIncin
|inactive|kommander has 30 seconds left.
|j| Pmc21
|inactive|kommander has 20 seconds left.
|inactive|kommander has 15 seconds left.
|inactive|kommander has 10 seconds left.
|l| thacrow
|
|t:|1783304002
|switch|p1a: Sylveon|Sylveon, L50, M, shiny|100/100
|switch|p2b: Toxapex|Toxapex, L50, F, shiny|100/100
|move|p1b: Charizard|Heat Wave|p2b: Toxapex|[spread] p2a,p2b
|-resisted|p2a: Garchomp|1
|-resisted|p2b: Toxapex|1
|-damage|p2a: Garchomp|55/100
|-damage|p2b: Toxapex|75/100
|move|p2a: Garchomp|Rock Slide|p1a: Sylveon|[spread] p1a,p1b
|-supereffective|p1b: Charizard|2
|-damage|p1a: Sylveon|70/100
|-damage|p1b: Charizard|0 fnt
|faint|p1b: Charizard
|-damage|p2a: Garchomp|45/100|[from] item: Life Orb
|
|-weather|SunnyDay|[upkeep]
|-heal|p2b: Toxapex|81/100|[from] item: Leftovers
|upkeep
|
|t:|1783304009
|switch|p1b: Farigiraf|Farigiraf, L50, M, shiny|80/100
|turn|8
|j| thacrow
|
|t:|1783304022
|move|p1b: Farigiraf|Helping Hand|p1a: Sylveon
|-singleturn|p1a: Sylveon|Helping Hand|[of] p1b: Farigiraf
|move|p2a: Garchomp|Protect|p2a: Garchomp
|-singleturn|p2a: Garchomp|Protect
|move|p2b: Toxapex|Infestation|p1b: Farigiraf
|-supereffective|p1b: Farigiraf|1
|-damage|p1b: Farigiraf|73/100
|-activate|p1b: Farigiraf|move: Infestation|[of] p2b: Toxapex
|move|p1a: Sylveon|Hyper Voice|p2a: Garchomp|[spread] p2b
|-activate|p2a: Garchomp|move: Protect
|-resisted|p2b: Toxapex|1
|-damage|p2b: Toxapex|54/100
|
|-weather|SunnyDay|[upkeep]
|-heal|p2b: Toxapex|59/100|[from] item: Leftovers
|-damage|p1b: Farigiraf|61/100|[from] move: Infestation|[partiallytrapped]
|-fieldend|move: Trick Room
|upkeep
|turn|9
|l| thacrow
|
|t:|1783304036
|move|p2b: Toxapex|Wide Guard|p2b: Toxapex
|-singleturn|p2b: Toxapex|Wide Guard
|move|p2a: Garchomp|Earthquake|p1b: Farigiraf|[spread] p1a,p1b
|-activate|p2b: Toxapex|move: Wide Guard
|-damage|p1a: Sylveon|16/100
|-damage|p1b: Farigiraf|20/100y
|-enditem|p1b: Farigiraf|Sitrus Berry|[eat]
|-heal|p1b: Farigiraf|45/100|[from] item: Sitrus Berry
|-damage|p2a: Garchomp|35/100|[from] item: Life Orb
|move|p1a: Sylveon|Hyper Voice|p2a: Garchomp|[spread] 
|-activate|p2a: Garchomp|move: Wide Guard
|-activate|p2b: Toxapex|move: Wide Guard
|move|p1b: Farigiraf|Twin Beam|p2b: Toxapex
|-supereffective|p2b: Toxapex|1
|-damage|p2b: Toxapex|35/100
|-supereffective|p2b: Toxapex|1
|-damage|p2b: Toxapex|11/100
|-hitcount|p2b: Toxapex|2
|
|-weather|SunnyDay|[upkeep]
|-heal|p2b: Toxapex|17/100|[from] item: Leftovers
|-damage|p1b: Farigiraf|33/100|[from] move: Infestation|[partiallytrapped]
|upkeep
|turn|10
|
|t:|1783304047
|move|p2b: Toxapex|Wide Guard|p2b: Toxapex
|-singleturn|p2b: Toxapex|Wide Guard
|move|p1a: Sylveon|Quick Attack|p2a: Garchomp
|-supereffective|p2a: Garchomp|1
|-damage|p2a: Garchomp|9/100
|-damage|p1a: Sylveon|4/100|[from] ability: Rough Skin|[of] p2a: Garchomp
|move|p2a: Garchomp|Earthquake|p1b: Farigiraf|[spread] p1a,p1b
|-activate|p2b: Toxapex|move: Wide Guard
|-damage|p1a: Sylveon|0 fnt
|-damage|p1b: Farigiraf|0 fnt
|faint|p1a: Sylveon
|faint|p1b: Farigiraf
|-damage|p2a: Garchomp|0 fnt|[from] item: Life Orb
|faint|p2a: Garchomp
|
|win|emforbes
||kommander is ready for game 3.
||emforbes is ready for game 3.
|uhtml|next|Next: Game 3 of 3
|l| GetNikkDon
|l| Galahad Excalibur
|j| Galahad Excalibur
|j| thacrow
|j| KnockingOnMyIncin
|l| arekusabi
|j|+Radio Free C-Side
|j| gephicka
|l| thacrow
|l| gephicka
|j| CICCIOTT fan
|l| KnockingOnMyIncin
|j| partingshottosinis
|l|+Radio Free C-Side
|l| CICCIOTT fan
|j| SlycedBreadVGC
|l| tryingsomethingnew
|j| NashVGC7
|l| Pmc21
|j| Pmc21
|l| NashVGC7
|l| partingshottosinis
|j| Sushinoya TM
|j| mareeohyt
|l| Naniroma
|l| Galahad Excalibur
|l| Pmc21
|l| mareeohyt
|l|☆emforbes
|player|p2|
|l| beben la lechee
|j| Code
|l| Uncle Lou
|l| vikram chan
|j| slitherwingfan6
|l| slitherwingfan6
|j| CICCIOTT fan
|l| Code
|l| CICCIOTT fan
|l| kunal
|j| Mogo
|l| Mogo
|j| Darth Floette
|j| abhayfive
|l| braverius
|l| abhayfive
