|j|☆soulmoonvgc
|j|☆Lemon468881
|html|soulmoonvgcLemon468881    
|uhtml|bestof|Game 1 of a best-of-3
|t:|1782726038
|gametype|doubles
|player|p1|soulmoonvgc|marshal|1047
|player|p2|Lemon468881|102|1047
|gen|9
|tier|[Gen 9 Champions] VGC 2026 Reg M-B (Bo3)
|rated|
|rule|Species Clause: Limit one of each Pokémon
|rule|Item Clause: Limit 1 of each item
|clearpoke
|poke|p1|Aerodactyl, L50, F|
|poke|p1|Scovillain, L50, F|
|poke|p1|Gholdengo, L50|
|poke|p1|Sneasler, L50, M|
|poke|p1|Basculegion, L50, M|
|poke|p1|Garchomp, L50, F|
|poke|p2|Staraptor, L50, F|
|poke|p2|Torkoal, L50, F|
|poke|p2|Oranguru, L50, F|
|poke|p2|Grimmsnarl, L50, M|
|poke|p2|Basculegion, L50, M|
|poke|p2|Kingambit, L50, F|
|teampreview|4
|showteam|p1|Aerodactyl||Aerodactylite|Unnerve|DualWingbeat,Tailwind,RockSlide,Protect|Jolly||F|||50|]Scovillain||Scovillainite|Chlorophyll|Overheat,LeechSeed,RagePowder,Protect|Calm||F|||50|]Gholdengo||LifeOrb|GoodasGold|MakeItRain,ShadowBall,NastyPlot,Protect|Modest|||||50|]Sneasler||FocusSash|Unburden|CloseCombat,DireClaw,FakeOut,QuickGuard|Jolly||M|||50|]Basculegion||ChoiceScarf|Adaptability|WaveCrash,FlipTurn,LastRespects,AquaJet|Jolly||M|||50|]Garchomp||ExpertBelt|RoughSkin|Earthquake,DragonClaw,RockSlide,Protect|Jolly||F|||50|
|showteam|p2|Staraptor||Staraptite|Intimidate|CloseCombat,BraveBird,Tailwind,Protect|Adamant||F|||50|]Torkoal||Charcoal|Drought|Eruption,HeatWave,SolarBeam,Protect|Quiet||F|||50|]Oranguru||ColburBerry|InnerFocus|Instruct,Psychic,TrickRoom,Protect|Bold||F|||50|]Grimmsnarl||SitrusBerry|Prankster|FoulPlay,LightScreen,Reflect,PartingShot|Impish||M|||50|]Basculegion||ChoiceScarf|Adaptability|LastRespects,FlipTurn,WaveCrash,AquaJet|Adamant||M|||50|]Kingambit||FocusSash|Defiant|KowtowCleave,SuckerPunch,LowKick,Protect|Adamant||F|||50|
|inactive|Battle timer is ON: inactive players will automatically lose when time's up. (requested by soulmoonvgc)
|inactive|soulmoonvgc has 60 seconds left.
|inactive|Lemon468881 has 60 seconds left.
|
|t:|1782726078
|teamsize|p1|4
|teamsize|p2|4
|start
|switch|p1a: Garchomp|Garchomp, L50, F|100/100
|switch|p1b: Scovillain|Scovillain, L50, F|100/100
|switch|p2a: Kingambit|Kingambit, L50, F|100/100
|switch|p2b: Oranguru|Oranguru, L50, F|100/100
|turn|1
|inactive|Lemon468881 has 30 seconds left.
|
|t:|1782726105
|detailschange|p1b: Scovillain|Scovillain-Mega, L50, F
|-mega|p1b: Scovillain|Scovillain|Scovillainite
|move|p2a: Kingambit|Protect|p2a: Kingambit
|-singleturn|p2a: Kingambit|Protect
|move|p1a: Garchomp|Rock Slide|p2b: Oranguru|[spread] p2b
|-activate|p2a: Kingambit|move: Protect
|-damage|p2b: Oranguru|84/100
|move|p1b: Scovillain|Leech Seed|p2a: Kingambit
|-activate|p2a: Kingambit|move: Protect
|move|p2b: Oranguru|Trick Room|p2b: Oranguru
|-fieldstart|move: Trick Room|[of] p2b: Oranguru
|
|upkeep
|turn|2
|inactive|Lemon468881 has 30 seconds left.
|
|t:|1782726134
|move|p1a: Garchomp|Protect|p1a: Garchomp
|-singleturn|p1a: Garchomp|Protect
|move|p2a: Kingambit|Kowtow Cleave|p1b: Scovillain
|-damage|p1b: Scovillain|48/100
|-status|p2a: Kingambit|brn|[from] ability: Spicy Spray|[of] p1b: Scovillain
|move|p2b: Oranguru|Instruct|p2a: Kingambit
|-singleturn|p2a: Kingambit|move: Instruct|[of] p2b: Oranguru
|move|p2a: Kingambit|Kowtow Cleave|p1b: Scovillain
|-damage|p1b: Scovillain|23/100
|move|p1b: Scovillain|Leech Seed|p2b: Oranguru
|-start|p2b: Oranguru|move: Leech Seed
|
|-damage|p2b: Oranguru|72/100|[from] Leech Seed|[of] p1b: Scovillain
|-heal|p1b: Scovillain|38/100|[silent]
|-damage|p2a: Kingambit|94/100 brn|[from] brn
|upkeep
|turn|3
|
|t:|1782726155
|move|p1b: Scovillain|Protect|p1b: Scovillain
|-singleturn|p1b: Scovillain|Protect
|move|p2a: Kingambit|Kowtow Cleave|p1b: Scovillain
|-activate|p1b: Scovillain|move: Protect
|move|p2b: Oranguru|Instruct|p2a: Kingambit
|-singleturn|p2a: Kingambit|move: Instruct|[of] p2b: Oranguru
|move|p2a: Kingambit|Kowtow Cleave|p1b: Scovillain
|-activate|p1b: Scovillain|move: Protect
|move|p1a: Garchomp|Earthquake|p2b: Oranguru|[spread] p2a,p2b
|-activate|p1b: Scovillain|move: Protect
|-supereffective|p2a: Kingambit|1
|-damage|p2a: Kingambit|20/100y brn
|-damage|p2b: Oranguru|40/100
|
|-damage|p2b: Oranguru|27/100|[from] Leech Seed|[of] p1b: Scovillain
|-heal|p1b: Scovillain|52/100|[silent]
|-damage|p2a: Kingambit|14/100 brn|[from] brn
|upkeep
|turn|4
|
|t:|1782726176
|move|p2a: Kingambit|Kowtow Cleave|p1b: Scovillain
|-damage|p1b: Scovillain|27/100
|move|p2b: Oranguru|Instruct|p2a: Kingambit
|-singleturn|p2a: Kingambit|move: Instruct|[of] p2b: Oranguru
|move|p2a: Kingambit|Kowtow Cleave|p1b: Scovillain
|-damage|p1b: Scovillain|0 fnt
|faint|p1b: Scovillain
|move|p1a: Garchomp|Dragon Claw|p2b: Oranguru
|-damage|p2b: Oranguru|0 fnt
|faint|p2b: Oranguru
|
|-damage|p2a: Kingambit|8/100 brn|[from] brn
|upkeep
|
|t:|1782726192
|switch|p2b: Staraptor|Staraptor, L50, F|100/100
|switch|p1b: Gholdengo|Gholdengo, L50|100/100
|-ability|p2b: Staraptor|Intimidate|boost
|-unboost|p1a: Garchomp|atk|1
|-unboost|p1b: Gholdengo|atk|1
|turn|5
|
|t:|1782726211
|detailschange|p2b: Staraptor|Staraptor-Mega, L50, F
|-mega|p2b: Staraptor|Staraptor|Staraptite
|move|p2a: Kingambit|Kowtow Cleave|p1b: Gholdengo
|-supereffective|p1b: Gholdengo|1
|-damage|p1b: Gholdengo|54/100
|move|p1b: Gholdengo|Make It Rain|p2b: Staraptor|[spread] p2a,p2b
|-resisted|p2a: Kingambit|1
|-damage|p2a: Kingambit|0 fnt
|-damage|p2b: Staraptor|29/100
|-unboost|p1b: Gholdengo|spa|2
|faint|p2a: Kingambit
|-damage|p1b: Gholdengo|44/100|[from] item: Life Orb
|move|p2b: Staraptor|Brave Bird|p1b: Gholdengo
|-resisted|p1b: Gholdengo|1
|-damage|p1b: Gholdengo|12/100
|-damage|p2b: Staraptor|18/100|[from] Recoil
|move|p1a: Garchomp|Dragon Claw|p2b: Staraptor
|-damage|p2b: Staraptor|0 fnt
|faint|p2b: Staraptor
|
|-fieldend|move: Trick Room
|upkeep
|
|t:|1782726227
|switch|p2b: Basculegion|Basculegion, L50, M|100/100
|turn|6
|
|t:|1782726231
|move|p2b: Basculegion|Last Respects|p1b: Gholdengo
|-supereffective|p1b: Gholdengo|1
|-damage|p1b: Gholdengo|0 fnt
|faint|p1b: Gholdengo
|move|p1a: Garchomp|Dragon Claw|p2b: Basculegion
|-damage|p2b: Basculegion|66/100
|
|upkeep
|
|t:|1782726233
|switch|p1b: Basculegion|Basculegion, L50, M|100/100
|turn|7
|
|t:|1782726241
|move|p1b: Basculegion|Last Respects|p2b: Basculegion
|-supereffective|p2b: Basculegion|1
|-damage|p2b: Basculegion|0 fnt
|faint|p2b: Basculegion
|
|win|soulmoonvgc
