|j|☆marines malevolent
|j|☆Alex Agni
|html|marines malevolentAlex Agni    
|uhtml|bestof|Game 1 of a best-of-3
|t:|1785872731
|gametype|doubles
|player|p1|marines malevolent|hiker-gen2|
|player|p2|Alex Agni|shadowtriad|
|gen|9
|tier|[Gen 9 Champions] VGC 2026 Reg M-B (Bo3)
|rule|Species Clause: Limit one of each Pokémon
|rule|Item Clause: Limit 1 of each item
|clearpoke
|poke|p1|Pidgeot, L50, F|
|poke|p1|Ninetales, L50, F|
|poke|p1|Garchomp, L50, M|
|poke|p1|Whimsicott, L50, F, shiny|
|poke|p1|Sinistcha, L50|
|poke|p1|Sneasler, L50, F|
|poke|p2|Blastoise, L50, F|
|poke|p2|Delphox, L50, F|
|poke|p2|Sinistcha, L50|
|poke|p2|Incineroar, L50, M|
|poke|p2|Sneasler, L50, F|
|poke|p2|Primarina, L50, M|
|teampreview|4
|showteam|p1|Pidgeot||Pidgeotite|KeenEye|Hurricane,HeatWave,Protect,Uturn|Timid||F|||50|]Ninetales||HeatRock|Drought|HeatWave,Protect,HelpingHand,WillOWisp|Timid||F|||50|]Garchomp||SitrusBerry|RoughSkin|Earthquake,RockSlide,Protect,DragonClaw|Jolly||M|||50|]Whimsicott||FocusSash|Prankster|Moonblast,Taunt,Tailwind,FakeTears|Timid||F|||50|]Sinistcha||Leftovers|Hospitality|MatchaGotcha,RagePowder,Protect,ShadowBall|Bold|||||50|]Sneasler||WhiteHerb|Unburden|CloseCombat,Protect,FakeOut,GunkShot|Jolly||F|||50|
|showteam|p2|Blastoise||Blastoisinite|Torrent|WaterSpout,DarkPulse,ShellSmash,Protect|Modest||F|||50|]Delphox||Delphoxite|Blaze|HeatWave,Psyshock,NastyPlot,Protect|Timid||F|||50|]Sinistcha||KasibBerry|Hospitality|MatchaGotcha,ShadowBall,RagePowder,Protect|Bold|||||50|]Incineroar||SitrusBerry|Intimidate|FlareBlitz,DarkestLariat,FakeOut,PartingShot|Adamant||M|||50|]Sneasler||FocusSash|PoisonTouch|FakeOut,CloseCombat,PoisonJab,Protect|Jolly||F|||50|]Primarina||Leftovers|LiquidVoice|DrainingKiss,HyperVoice,ShadowBall,Protect|Modest||M|||50|
|j| Raspree
|j| JinWasHere
|j| MomijiTheTengu
|c| JinWasHere|Aspettate che vi diamo il via
|c|☆Alex Agni|ok
|c| Raspree|Potete cominciare. Buona fortuna
|
|t:|1785872808
|teamsize|p1|4
|teamsize|p2|4
|start
|switch|p1a: Ninetales|Ninetales, L50, F|100/100
|switch|p1b: Sinistcha|Sinistcha, L50|100/100
|switch|p2a: Bohemian Rhapsody|Incineroar, L50, M|100/100
|switch|p2b: 99 Problem|Sneasler, L50, F|100/100
|-weather|SunnyDay|[from] ability: Drought|[of] p1a: Ninetales
|-ability|p2a: Bohemian Rhapsody|Intimidate|boost
|-unboost|p1a: Ninetales|atk|1
|-unboost|p1b: Sinistcha|atk|1
|turn|1
|
|t:|1785872859
|move|p2b: 99 Problem|Fake Out|p1a: Ninetales
|-damage|p1a: Ninetales|82/100
|-status|p1a: Ninetales|psn|[from] ability: Poison Touch|[of] p2b: 99 Problem
|move|p1b: Sinistcha|Rage Powder|p1b: Sinistcha
|-singleturn|p1b: Sinistcha|move: Rage Powder
|cant|p1a: Ninetales|flinch
|move|p2a: Bohemian Rhapsody|Flare Blitz|p1b: Sinistcha
|-supereffective|p1b: Sinistcha|1
|-damage|p1b: Sinistcha|0 fnt
|faint|p1b: Sinistcha
|-damage|p2a: Bohemian Rhapsody|70/100|[from] Recoil
|
|-weather|SunnyDay|[upkeep]
|-damage|p1a: Ninetales|70/100 psn|[from] psn
|upkeep
|
|t:|1785872883
|switch|p1b: Garchomp|Garchomp, L50, M|100/100
|turn|2
|
|t:|1785872896
|move|p2b: 99 Problem|Protect|p2b: 99 Problem
|-singleturn|p2b: 99 Problem|Protect
|move|p1a: Ninetales|Protect|p1a: Ninetales
|-singleturn|p1a: Ninetales|Protect
|move|p1b: Garchomp|Rock Slide|p2b: 99 Problem|[spread] p2a
|-activate|p2b: 99 Problem|move: Protect
|-supereffective|p2a: Bohemian Rhapsody|1
|-damage|p2a: Bohemian Rhapsody|37/100
|-enditem|p2a: Bohemian Rhapsody|Sitrus Berry|[eat]
|-heal|p2a: Bohemian Rhapsody|61/100|[from] item: Sitrus Berry
|move|p2a: Bohemian Rhapsody|Parting Shot|p1b: Garchomp
|-unboost|p1b: Garchomp|atk|1
|-unboost|p1b: Garchomp|spa|1
|
|t:|1785872913
|switch|p2a: Sonne|Delphox, L50, F|100/100|[from] Parting Shot
|
|-weather|SunnyDay|[upkeep]
|-damage|p1a: Ninetales|58/100 psn|[from] psn
|upkeep
|turn|3
|
|t:|1785872987
|detailschange|p2a: Sonne|Delphox-Mega, L50, F
|-mega|p2a: Sonne|Delphox|Delphoxite
|move|p2a: Sonne|Psyshock|p1b: Garchomp
|-damage|p1b: Garchomp|47/100
|-enditem|p1b: Garchomp|Sitrus Berry|[eat]
|-heal|p1b: Garchomp|72/100|[from] item: Sitrus Berry
|move|p2b: 99 Problem|Close Combat|p1b: Garchomp
|-damage|p1b: Garchomp|14/100
|-unboost|p2b: 99 Problem|def|1
|-unboost|p2b: 99 Problem|spd|1
|-damage|p2b: 99 Problem|87/100|[from] ability: Rough Skin|[of] p1b: Garchomp
|move|p1b: Garchomp|Dragon Claw|p2a: Sonne
|-damage|p2a: Sonne|54/100
|move|p1a: Ninetales|Heat Wave|p2b: 99 Problem|[spread] p2a,p2b
|-resisted|p2a: Sonne|1
|-damage|p2a: Sonne|35/100
|-damage|p2b: 99 Problem|11/100
|
|-weather|SunnyDay|[upkeep]
|-damage|p1a: Ninetales|46/100 psn|[from] psn
|upkeep
|turn|4
|
|t:|1785873060
|move|p2a: Sonne|Protect|p2a: Sonne
|-singleturn|p2a: Sonne|Protect
|move|p2b: 99 Problem|Close Combat|p1b: Garchomp
|-damage|p1b: Garchomp|0 fnt
|-unboost|p2b: 99 Problem|def|1
|-unboost|p2b: 99 Problem|spd|1
|-damage|p2b: 99 Problem|0 fnt|[from] ability: Rough Skin|[of] p1b: Garchomp
|faint|p1b: Garchomp
|faint|p2b: 99 Problem
|move|p1a: Ninetales|Heat Wave|p2a: Sonne
|-activate|p2a: Sonne|move: Protect
|
|-weather|SunnyDay|[upkeep]
|-damage|p1a: Ninetales|34/100 psn|[from] psn
|upkeep
|
|t:|1785873075
|switch|p2b: Vivarium|Sinistcha, L50|100/100
|switch|p1b: Whimsicott|Whimsicott, L50, F, shiny|100/100
|-heal|p2a: Sonne|60/100|[from] ability: Hospitality|[of] p2b: Vivarium
|turn|5
|
|t:|1785873104
|move|p1a: Ninetales|Protect|p1a: Ninetales
|-singleturn|p1a: Ninetales|Protect
|move|p1b: Whimsicott|Tailwind|p1b: Whimsicott
|-sidestart|p1: marines malevolent|move: Tailwind
|move|p2a: Sonne|Heat Wave|p1b: Whimsicott|[spread] 
|-activate|p1a: Ninetales|move: Protect
|-miss|p2a: Sonne|p1b: Whimsicott
|move|p2b: Vivarium|Shadow Ball|p1b: Whimsicott
|-damage|p1b: Whimsicott|51/100
|-unboost|p1b: Whimsicott|spd|1
|
|-weather|SunnyDay|[upkeep]
|-damage|p1a: Ninetales|21/100 psn|[from] psn
|upkeep
|turn|6
|
|t:|1785873131
|move|p2a: Sonne|Protect|p2a: Sonne
|-singleturn|p2a: Sonne|Protect
|move|p1b: Whimsicott|Moonblast|p2b: Vivarium
|-damage|p2b: Vivarium|70/100
|move|p1a: Ninetales|Will-O-Wisp|p2b: Vivarium
|-status|p2b: Vivarium|brn
|move|p2b: Vivarium|Shadow Ball|p1b: Whimsicott
|-damage|p1b: Whimsicott|0 fnt
|faint|p1b: Whimsicott
|
|-weather|SunnyDay|[upkeep]
|-damage|p1a: Ninetales|9/100 psn|[from] psn
|-damage|p2b: Vivarium|64/100 brn|[from] brn
|upkeep
|turn|7
|
|t:|1785873151
|move|p1a: Ninetales|Heat Wave|p2a: Sonne|[spread] p2a,p2b
|-resisted|p2a: Sonne|1
|-supereffective|p2b: Vivarium|1
|-damage|p2a: Sonne|43/100
|-damage|p2b: Vivarium|0 fnt
|faint|p2b: Vivarium
|move|p2a: Sonne|Psyshock|p1a: Ninetales
|-damage|p1a: Ninetales|0 fnt
|faint|p1a: Ninetales
|
|win|Alex Agni
||Alex Agni is ready for game 2.
|inactive|marines malevolent has 30 seconds to confirm battle start!
