|j|☆ESCharge
|j|‽flyver33
|html|ESChargeflyver33    
|uhtml|bestof|Game 1 of a best-of-3
|t:|1785674765
|gametype|doubles
|player|p1|ESCharge|byron|
|player|p2|flyver33|n|
|gen|9
|tier|[Gen 9 Champions] VGC 2026 Reg M-B (Bo3)
|rule|Species Clause: Limit one of each Pokémon
|rule|Item Clause: Limit 1 of each item
|clearpoke
|poke|p1|Heliolisk, L50, M|
|poke|p1|Simisear, L50, M|
|poke|p1|Garbodor, L50, F|
|poke|p1|Toucannon, L50, M|
|poke|p1|Zoroark, L50, F|
|poke|p1|Runerigus, L50, M|
|poke|p2|Runerigus, L50, F|
|poke|p2|Zoroark, L50, F|
|poke|p2|Simipour, L50, F|
|poke|p2|Toucannon, L50, M|
|poke|p2|Mr. Rime, L50, F|
|poke|p2|Garbodor, L50, M|
|teampreview|4
|showteam|p1|Heliolisk||WiseGlasses|SolarPower|Discharge,FocusBlast,HyperVoice,Substitute|Timid||M|||50|]Simisear||HeatRock|Gluttony|SunnyDay,FakeOut,WillOWisp,Protect|Jolly||M|||50|]Garbodor||BrightPowder|Aftermath|ToxicSpikes,PainSplit,Haze,Spikes|Calm||F|||50|]Toucannon||LifeOrb|SkillLink|BulletSeed,BraveBird,RockBlast,Roost|Adamant||M|||50|]Zoroark||ChoiceScarf|Illusion|SunnyDay,DarkPulse,Protect,Trick|Timid||F|||50|]Runerigus||Leftovers|WanderingSpirit|IronDefense,BodyPress,WillOWisp,Protect|Careful||M|||50|
|showteam|p2|Runerigus||ExpertBelt|WanderingSpirit|TrickRoom,Earthquake,WillOWisp,BodyPress|Adamant||F|||50|]Zoroark||ChoiceScarf|Illusion|Trick,Taunt,DarkPulse,Snarl|Modest||F|||50|]Simipour||MysticWater|Torrent|FakeOut,IceBeam,Scald,Protect|Modest||F|||50|]Toucannon||LifeOrb|SheerForce|Tailwind,BeakBlast,Protect,ThroatChop|Careful||M|||50|]Mr. Rime||IcyRock|IceBody|LightScreen,Protect,Snowscape,Blizzard|Quiet||F|||50|]Garbodor||SitrusBerry|Stench|StompingTantrum,PoisonJab,ToxicSpikes,Protect|Careful||M|||50|
|inactive|Battle timer is ON: inactive players will automatically lose when time's up. (requested by ESCharge)
|inactive|flyver33 has 60 seconds left.
|inactive|flyver33 has 30 seconds left.
|
|t:|1785674839
|teamsize|p1|4
|teamsize|p2|4
|start
|switch|p1a: Runerigus|Runerigus, L50, M|100/100
|switch|p1b: Simisear|Simisear, L50, M|100/100
|switch|p2a: Simipour|Simipour, L50, F|100/100
|switch|p2b: Toucannon|Toucannon, L50, M|100/100
|turn|1
|inactive|ESCharge has 30 seconds left.
|inactive|flyver33 has 30 seconds left.
|inactive|ESCharge has 20 seconds left.
|inactive|flyver33 has 20 seconds left.
|inactive|flyver33 has 15 seconds left.
|
|t:|1785674886
|move|p2a: Simipour|Fake Out|p1b: Simisear
|-damage|p1b: Simisear|88/100
|move|p1a: Runerigus|Trick|p2a: Simipour
|-activate|p1a: Runerigus|move: Trick|[of] p2a: Simipour
|-item|p2a: Simipour|Choice Scarf|[from] move: Trick
|-item|p1a: Runerigus|Mystic Water|[from] move: Trick
|move|p2b: Toucannon|Trick|p1a: Runerigus
|-activate|p2b: Toucannon|move: Trick|[of] p1a: Runerigus
|-item|p1a: Runerigus|Choice Scarf|[from] move: Trick
|-item|p2b: Toucannon|Mystic Water|[from] move: Trick
|cant|p1b: Simisear|flinch
|
|upkeep
|turn|2
|
|t:|1785674903
|move|p1a: Runerigus|Sunny Day|p1a: Runerigus
|-weather|SunnyDay
|move|p2a: Simipour|Scald|p1b: Simisear
|-supereffective|p1b: Simisear|1
|-damage|p1b: Simisear|45/100
|move|p1b: Simisear|Sunny Day||[still]
|-fail|p1b: Simisear
|move|p2b: Toucannon|Trick|p2a: Simipour
|-activate|p2b: Toucannon|move: Trick|[of] p2a: Simipour
|-item|p2a: Simipour|Mystic Water|[from] move: Trick
|-item|p2b: Toucannon|Choice Scarf|[from] move: Trick
|
|-weather|SunnyDay|[upkeep]
|upkeep
|turn|3
|
|t:|1785674925
|switch|p1a: Nicola|Heliolisk, L50, M|100/100
|move|p2b: Toucannon|Snarl|p1a: Nicola|[spread] p1a,p1b
|-damage|p1a: Nicola|71/100
|-damage|p1b: Simisear|15/100
|-unboost|p1a: Nicola|spa|1
|-unboost|p1b: Simisear|spa|1
|move|p1b: Simisear|Will-O-Wisp|p2b: Toucannon
|-status|p2b: Toucannon|brn
|move|p2a: Simipour|Scald|p1b: Simisear
|-supereffective|p1b: Simisear|1
|-damage|p1b: Simisear|0 fnt
|faint|p1b: Simisear
|
|-weather|SunnyDay|[upkeep]
|-damage|p1a: Nicola|58/100|[from] ability: Solar Power|[of] p1a: Nicola
|-damage|p2b: Toucannon|93/100 brn|[from] brn
|upkeep
|inactive|ESCharge has 30 seconds left.
|
|t:|1785674955
|switch|p1b: Runerigus|Runerigus, L50, M|100/100
|turn|4
|
|t:|1785674963
|move|p2a: Simipour|Protect|p2a: Simipour
|-singleturn|p2a: Simipour|Protect
|move|p2b: Toucannon|Snarl|p1b: Runerigus|[spread] p1a,p1b
|-supereffective|p1b: Runerigus|1
|-damage|p1a: Nicola|30/100
|-damage|p1b: Runerigus|67/100
|-unboost|p1a: Nicola|spa|1
|-unboost|p1b: Runerigus|spa|1
|move|p1a: Nicola|Substitute|p1a: Nicola
|-start|p1a: Nicola|Substitute
|-damage|p1a: Nicola|6/100
|move|p1b: Runerigus|Iron Defense|p1b: Runerigus
|-boost|p1b: Runerigus|def|2
|
|-weather|SunnyDay|[upkeep]
|-damage|p1a: Nicola|0 fnt|[from] ability: Solar Power|[of] p1a: Nicola
|faint|p1a: Nicola
|-heal|p1b: Runerigus|73/100|[from] item: Leftovers
|-damage|p2b: Toucannon|87/100 brn|[from] brn
|upkeep
|
|t:|1785674984
|switch|p1a: Runerigus|Runerigus, L50, M|100/100
|turn|5
|
|t:|1785674996
|move|p1a: Runerigus|Dark Pulse|p2b: Toucannon
|-resisted|p2b: Toucannon|1
|-damage|p2b: Toucannon|57/100 brn
|replace|p2b: Zoroark|Zoroark, L50, F
|-end|p2b: Zoroark|Illusion
|cant|p2b: Zoroark|flinch
|move|p2a: Simipour|Scald|p1b: Runerigus
|-supereffective|p1b: Runerigus|1
|-damage|p1b: Runerigus|40/100
|move|p1b: Runerigus|Body Press|p2a: Simipour
|-damage|p2a: Simipour|25/100
|
|-weather|SunnyDay|[upkeep]
|-heal|p1b: Runerigus|46/100|[from] item: Leftovers
|-damage|p2b: Zoroark|51/100 brn|[from] brn
|upkeep
|turn|6
|
|t:|1785675019
|move|p1a: Runerigus|Dark Pulse|p2a: Simipour
|-damage|p2a: Simipour|0 fnt
|faint|p2a: Simipour
|move|p2b: Zoroark|Snarl|p1a: Runerigus|[spread] p1a,p1b
|-resisted|p1a: Runerigus|1
|-supereffective|p1b: Runerigus|1
|-crit|p1b: Runerigus
|-damage|p1a: Runerigus|78/100
|-damage|p1b: Runerigus|0 fnt
|-unboost|p1a: Runerigus|spa|1
|replace|p1a: Zoroark|Zoroark, L50, F
|-end|p1a: Zoroark|Illusion
|faint|p1b: Runerigus
|
|-weather|none
|-damage|p2b: Zoroark|44/100 brn|[from] brn
|upkeep
|
|t:|1785675034
|switch|p2a: Toucannon|Toucannon, L50, M|100/100
|turn|7
|
|t:|1785675039
|-singleturn|p2a: Toucannon|move: Beak Blast
|move|p1a: Zoroark|Dark Pulse|p2a: Toucannon
|-damage|p2a: Toucannon|72/100
|move|p2b: Zoroark|Snarl|p1a: Zoroark
|-resisted|p1a: Zoroark|1
|-damage|p1a: Zoroark|51/100
|-unboost|p1a: Zoroark|spa|1
|move|p2a: Toucannon|Beak Blast|p1a: Zoroark
|-damage|p1a: Zoroark|0 fnt
|faint|p1a: Zoroark
|-damage|p2a: Toucannon|62/100|[from] item: Life Orb
|
|win|flyver33
|inactive|ESCharge has 30 seconds to confirm battle start!
|inactive|flyver33 has 30 seconds to confirm battle start!
||flyver33 is ready for game 2.
||ESCharge is ready for game 2.
|uhtml|next|Next: Game 2 of 3
