|j|☆Kyooby
|j|☆ruddyreboot
|html|Kyoobyruddyreboot    
|uhtml|bestof|Game 3 of a best-of-3
|t:|1757674174
|gametype|doubles
|player|p1|Kyooby|volkner|1133
|player|p2|ruddyreboot|crasherwake|1127
|gen|9
|tier|[Gen 9] VGC 2025 Reg H (Bo3)
|rated|
|rule|Species Clause: Limit one of each Pokémon
|rule|Item Clause: Limit 1 of each item
|clearpoke
|poke|p1|Sinistcha, L50|
|poke|p1|Archaludon, L50, M|
|poke|p1|Pelipper, L50, M|
|poke|p1|Basculegion, L50, M|
|poke|p1|Hydreigon, L50, M|
|poke|p1|Electrode-Hisui, L50|
|poke|p2|Gallade, L50, M|
|poke|p2|Indeedee-F, L50, F|
|poke|p2|Armarouge, L50, F|
|poke|p2|Torkoal, L50, M|
|poke|p2|Ursaluna, L50, F|
|poke|p2|Grimmsnarl, L50, M|
|teampreview|4
|showteam|p1|Sinistcha||SitrusBerry|Hospitality|MatchaGotcha,StrengthSap,RagePowder,TrickRoom||||||50|,,,,,Fire]Archaludon||AssaultVest|Stamina|DragonPulse,FlashCannon,ElectroShot,BodyPress|||M|||50|,,,,,Bug]Pelipper||FocusSash|Drizzle|WeatherBall,Hurricane,Tailwind,Protect|||M|||50|,,,,,Stellar]Basculegion||LifeOrb|SwiftSwim|WaveCrash,LastRespects,AquaJet,Protect|||M|||50|,,,,,Grass]Hydreigon||ScopeLens|Levitate|DracoMeteor,DarkPulse,FocusEnergy,Protect|||M|||50|,,,,,Steel]Electrode-Hisui||LoadedDice|Soundproof|BulletSeed,Electroweb,Taunt,RainDance||||||50|,,,,,Ghost
|showteam|p2|Gallade||ClearAmulet|Sharpness|SacredSword,PsychoCut,WideGuard,TrickRoom|||M|||50|,,,,,Grass]Indeedee-F||SafetyGoggles|PsychicSurge|FollowMe,TrickRoom,SkillSwap,Psychic|||F|||50|,,,,,Water]Armarouge||LifeOrb|FlashFire|HeatWave,ExpandingForce,ArmorCannon,TrickRoom|||F|||50|,,,,,Grass]Torkoal||Charcoal|Drought|Eruption,ClearSmog,Protect,WeatherBall|||M|||50|,,,,,Fire]Ursaluna||FlameOrb|Guts|Facade,HeadlongRush,Protect,Earthquake|||F|||50|,,,,,Ghost]Grimmsnarl||CovertCloak|Prankster|ThroatChop,FakeOut,Imprison,SpiritBreak|||M|||50|,,,,,Ghost
|inactive|Battle timer is ON: inactive players will automatically lose when time's up. (requested by ruddyreboot)
|inactive|Kyooby also wants the timer to be on.
|inactive|Kyooby has 60 seconds left.
|
|t:|1757674213
|teamsize|p1|4
|teamsize|p2|4
|start
|switch|p1a: Sinistcha|Sinistcha, L50|100/100
|switch|p1b: Hydreigon|Hydreigon, L50, M|100/100
|switch|p2a: Gallade|Gallade, L50, M|100/100
|switch|p2b: Indeedee|Indeedee-F, L50, F|100/100
|-fieldstart|move: Psychic Terrain|[from] ability: Psychic Surge|[of] p2b: Indeedee
|turn|1
|
|t:|1757674235
|switch|p2b: Ursaluna|Ursaluna, L50, F|100/100
|-terastallize|p2a: Gallade|Grass
|move|p1a: Sinistcha|Rage Powder|p1a: Sinistcha
|-singleturn|p1a: Sinistcha|move: Rage Powder
|move|p1b: Hydreigon|Focus Energy|p1b: Hydreigon
|-start|p1b: Hydreigon|move: Focus Energy
|move|p2a: Gallade|Sacred Sword|p1b: Hydreigon
|-supereffective|p1b: Hydreigon
|-damage|p1b: Hydreigon|0 fnt
|faint|p1b: Hydreigon
|
|-status|p2b: Ursaluna|brn|[from] item: Flame Orb
|upkeep
|
|t:|1757674249
|switch|p1b: Basculegion|Basculegion, L50, M|100/100
|turn|2
|
|t:|1757674262
|move|p1b: Basculegion|Last Respects|p2a: Gallade
|-damage|p2a: Gallade|20/100
|-damage|p1b: Basculegion|91/100|[from] item: Life Orb
|move|p1a: Sinistcha|Strength Sap|p2b: Ursaluna
|-unboost|p2b: Ursaluna|atk|1
|move|p2b: Ursaluna|Headlong Rush|p1a: Sinistcha
|-resisted|p1a: Sinistcha
|-damage|p1a: Sinistcha|67/100
|-unboost|p2b: Ursaluna|def|1
|-unboost|p2b: Ursaluna|spd|1
|move|p2a: Gallade|Trick Room|p2a: Gallade
|-fieldstart|move: Trick Room|[of] p2a: Gallade
|
|-damage|p2b: Ursaluna|95/100 brn|[from] brn
|upkeep
|turn|3
|
|t:|1757674285
|switch|p2b: Indeedee|Indeedee-F, L50, F|100/100
|move|p2a: Gallade|Psycho Cut|p1b: Basculegion
|-damage|p1b: Basculegion|0 fnt
|faint|p1b: Basculegion
|move|p1a: Sinistcha|Strength Sap|p2b: Indeedee
|-unboost|p2b: Indeedee|atk|1
|-heal|p1a: Sinistcha|98/100
|
|upkeep
|
|t:|1757674291
|switch|p1b: Pelipper|Pelipper, L50, M|100/100
|-weather|RainDance|[from] ability: Drizzle|[of] p1b: Pelipper
|turn|4
|
|t:|1757674302
|move|p1b: Pelipper|Protect|p1b: Pelipper
|-singleturn|p1b: Pelipper|Protect
|move|p2a: Gallade|Psycho Cut|p1b: Pelipper
|-activate|p1b: Pelipper|move: Protect
|move|p1a: Sinistcha|Matcha Gotcha|p2b: Indeedee|[spread] p2a,p2b
|-resisted|p2a: Gallade
|-damage|p2a: Gallade|10/100
|-heal|p1a: Sinistcha|100/100|[from] drain|[of] p2a: Gallade
|-damage|p2b: Indeedee|80/100
|move|p2b: Indeedee|Psychic|p1b: Pelipper
|-activate|p1b: Pelipper|move: Protect
|
|-weather|RainDance|[upkeep]
|upkeep
|turn|5
|
|t:|1757674317
|move|p1b: Pelipper|Protect||[still]
|-fail|p1b: Pelipper
|move|p2a: Gallade|Psycho Cut|p1b: Pelipper
|-damage|p1b: Pelipper|14/100
|move|p1a: Sinistcha|Matcha Gotcha|p2a: Gallade|[spread] p2a,p2b
|-resisted|p2a: Gallade
|-damage|p2a: Gallade|0 fnt
|-damage|p2b: Indeedee|56/100
|faint|p2a: Gallade
|move|p2b: Indeedee|Psychic|p1b: Pelipper
|-crit|p1b: Pelipper
|-damage|p1b: Pelipper|0 fnt
|faint|p1b: Pelipper
|
|-weather|RainDance|[upkeep]
|-fieldend|move: Psychic Terrain
|upkeep
|
|t:|1757674327
|switch|p2a: Torkoal|Torkoal, L50, M|100/100
|-weather|SunnyDay|[from] ability: Drought|[of] p2a: Torkoal
|turn|6
|
|t:|1757674331
|-terastallize|p1a: Sinistcha|Fire
|move|p2a: Torkoal|Eruption|p1a: Sinistcha
|-resisted|p1a: Sinistcha
|-damage|p1a: Sinistcha|47/100
|-enditem|p1a: Sinistcha|Sitrus Berry|[eat]
|-heal|p1a: Sinistcha|71/100|[from] item: Sitrus Berry
|move|p1a: Sinistcha|Matcha Gotcha|p2a: Torkoal|[spread] p2a
|-miss|p1a: Sinistcha|p2b: Indeedee
|-resisted|p2a: Torkoal
|-damage|p2a: Torkoal|84/100
|-heal|p1a: Sinistcha|79/100|[from] drain|[of] p2a: Torkoal
|move|p2b: Indeedee|Skill Swap|p1a: Sinistcha
|-activate|p2b: Indeedee|move: Skill Swap|Hospitality|Psychic Surge|[of] p1a: Sinistcha
|-heal|p2a: Torkoal|100/100|[from] ability: Hospitality|[of] p2b: Indeedee
|-fieldstart|move: Psychic Terrain|[from] ability: Psychic Surge|[of] p1a: Sinistcha
|
|-weather|SunnyDay|[upkeep]
|-fieldend|move: Trick Room
|upkeep
|turn|7
|-message|Kyooby forfeited.
|
|win|ruddyreboot
|raw|Kyooby's rating: 1133 → 1108(-25 for losing)
|raw|ruddyreboot's rating: 1127 → 1152(+25 for winning)
