|j|☆TheGayOne420
|j|☆acmilanvgc
|html|TheGayOne420acmilanvgc    
|uhtml|bestof|Game 2 of a best-of-3
|t:|1785902532
|gametype|doubles
|player|p1|TheGayOne420|266|1120
|player|p2|acmilanvgc|misty|1189
|gen|9
|tier|[Gen 9 Champions] VGC 2026 Reg M-B (Bo3)
|rated|
|rule|Species Clause: Limit one of each Pokémon
|rule|Item Clause: Limit 1 of each item
|clearpoke
|poke|p1|Eelektross, L50, F|
|poke|p1|Sinistcha, L50|
|poke|p1|Staraptor, L50, M|
|poke|p1|Talonflame, L50, M|
|poke|p1|Incineroar, L50, M|
|poke|p1|Garchomp, L50, F|
|poke|p2|Excadrill, L50, F|
|poke|p2|Tyranitar, L50, F|
|poke|p2|Milotic, L50, F|
|poke|p2|Gholdengo, L50|
|poke|p2|Sinistcha, L50|
|poke|p2|Staraptor, L50, F|
|teampreview|4
|showteam|p1|Eelektross||LifeOrb|Levitate|Thunderbolt,Flamethrower,Protect,GigaDrain|Modest||F|||50|]Sinistcha||OccaBerry|Hospitality|ShadowBall,MatchaGotcha,LifeDew,RagePowder|Modest|||||50|]Staraptor||Staraptite|Intimidate|CloseCombat,Roost,Protect,BraveBird|Jolly||M|||50|]Talonflame||FocusSash|GaleWings|DualWingbeat,FeatherDance,Protect,Tailwind|Adamant||M|||50|]Incineroar||SitrusBerry|Intimidate|FakeOut,FlareBlitz,PartingShot,DarkestLariat|Adamant||M|||50|]Garchomp||WideLens|SandVeil|RockSlide,DragonRush,Protect,Earthquake|Jolly||F|||50|
|showteam|p2|Excadrill||FocusSash|SandRush|HighHorsepower,IronHead,RockSlide,Protect|Jolly||F|||50|]Tyranitar||Tyranitarite|SandStream|KnockOff,RockSlide,LowKick,Protect|Jolly||F|||50|]Milotic||SitrusBerry|Competitive|Scald,IcyWind,IceBeam,Protect|Calm||F|||50|]Gholdengo||LifeOrb|GoodasGold|MakeItRain,ShadowBall,Thunderbolt,Protect|Modest|||||50|]Sinistcha||ColburBerry|Hospitality|MatchaGotcha,RagePowder,TrickRoom,Protect|Bold|||||50|]Staraptor||Staraptite|Intimidate|CloseCombat,BraveBird,Tailwind,Protect|Jolly||F|||50|
|inactive|Battle timer is ON: inactive players will automatically lose when time's up. (requested by acmilanvgc)
|
|t:|1785902601
|teamsize|p1|4
|teamsize|p2|4
|start
|switch|p1a: Talonflame|Talonflame, L50, M|100/100
|switch|p1b: Sinistcha|Sinistcha, L50|100/100
|switch|p2a: Excadrill|Excadrill, L50, F|100/100
|switch|p2b: Milotic|Milotic, L50, F|100/100
|turn|1
|inactive|TheGayOne420 has 30 seconds left.
|inactive|acmilanvgc has 30 seconds left.
|
|t:|1785902627
|move|p1a: Talonflame|Tailwind|p1a: Talonflame
|-sidestart|p1: TheGayOne420|move: Tailwind
|move|p1b: Sinistcha|Matcha Gotcha|p2a: Excadrill|[spread] p2b
|-miss|p1b: Sinistcha|p2a: Excadrill
|-supereffective|p2b: Milotic|1
|-damage|p2b: Milotic|55/100
|move|p2a: Excadrill|Rock Slide|p1b: Sinistcha|[spread] p1a,p1b
|-supereffective|p1a: Talonflame|2
|-enditem|p1a: Talonflame|Focus Sash
|-damage|p1a: Talonflame|1/100
|-damage|p1b: Sinistcha|78/100
|move|p2b: Milotic|Ice Beam|p1b: Sinistcha
|-supereffective|p1b: Sinistcha|1
|-damage|p1b: Sinistcha|33/100
|
|upkeep
|turn|2
|inactive|acmilanvgc has 30 seconds left.
|inactive|acmilanvgc has 20 seconds left.
|inactive|acmilanvgc has 15 seconds left.
|
|t:|1785902670
|move|p2a: Excadrill|Protect|p2a: Excadrill
|-singleturn|p2a: Excadrill|Protect
|move|p1a: Talonflame|Feather Dance|p2a: Excadrill
|-activate|p2a: Excadrill|move: Protect
|move|p1b: Sinistcha|Matcha Gotcha|p2b: Milotic|[spread] p2b
|-activate|p2a: Excadrill|move: Protect
|-supereffective|p2b: Milotic|1
|-damage|p2b: Milotic|8/100
|-heal|p1b: Sinistcha|61/100|[from] drain|[of] p2b: Milotic
|-enditem|p2b: Milotic|Sitrus Berry|[eat]
|-heal|p2b: Milotic|33/100|[from] item: Sitrus Berry
|move|p2b: Milotic|Ice Beam|p1b: Sinistcha
|-supereffective|p1b: Sinistcha|1
|-damage|p1b: Sinistcha|16/100
|
|upkeep
|turn|3
|
|t:|1785902690
|switch|p2a: Gholdengo|Gholdengo, L50|100/100
|move|p2b: Milotic|Protect|p2b: Milotic
|-singleturn|p2b: Milotic|Protect
|move|p1a: Talonflame|Feather Dance|p2a: Gholdengo
|-immune|p2a: Gholdengo|[from] ability: Good as Gold
|move|p1b: Sinistcha|Matcha Gotcha|p2b: Milotic|[spread] p2a
|-activate|p2b: Milotic|move: Protect
|-resisted|p2a: Gholdengo|1
|-damage|p2a: Gholdengo|82/100
|-heal|p1b: Sinistcha|26/100|[from] drain|[of] p2a: Gholdengo
|
|upkeep
|turn|4
|
|t:|1785902715
|switch|p2b: Tyranitar|Tyranitar, L50, F|100/100
|-weather|Sandstorm|[from] ability: Sand Stream|[of] p2b: Tyranitar
|move|p1a: Talonflame|Dual Wingbeat|p2b: Tyranitar
|-resisted|p2b: Tyranitar|1
|-damage|p2b: Tyranitar|93/100
|-resisted|p2b: Tyranitar|1
|-damage|p2b: Tyranitar|85/100
|-hitcount|p2b: Tyranitar|2
|move|p1b: Sinistcha|Matcha Gotcha|p2a: Gholdengo|[spread] p2a,p2b
|-resisted|p2a: Gholdengo|1
|-supereffective|p2b: Tyranitar|1
|-damage|p2a: Gholdengo|64/100
|-heal|p1b: Sinistcha|36/100|[from] drain|[of] p2a: Gholdengo
|-damage|p2b: Tyranitar|41/100
|-heal|p1b: Sinistcha|63/100|[from] drain|[of] p2b: Tyranitar
|-status|p2b: Tyranitar|brn
|move|p2a: Gholdengo|Shadow Ball|p1b: Sinistcha
|-supereffective|p1b: Sinistcha|1
|-damage|p1b: Sinistcha|0 fnt
|faint|p1b: Sinistcha
|-damage|p2a: Gholdengo|55/100|[from] item: Life Orb
|
|-weather|Sandstorm|[upkeep]
|-damage|p1a: Talonflame|0 fnt|[from] Sandstorm
|faint|p1a: Talonflame
|-damage|p2b: Tyranitar|35/100 brn|[from] brn
|-sideend|p1: TheGayOne420|move: Tailwind
|upkeep
|inactive|TheGayOne420 has 30 seconds left.
|
|t:|1785902741
|switch|p1a: Staraptor|Staraptor, L50, M|100/100
|switch|p1b: Garchomp|Garchomp, L50, F|100/100
|-ability|p1a: Staraptor|Intimidate|boost
|-unboost|p2a: Gholdengo|atk|1
|-unboost|p2b: Tyranitar|atk|1
|turn|5
|inactive|acmilanvgc has 30 seconds left.
|inactive|acmilanvgc has 20 seconds left.
|inactive|acmilanvgc has 15 seconds left.
|inactive|acmilanvgc has 10 seconds left.
|
|t:|1785902788
|detailschange|p1a: Staraptor|Staraptor-Mega, L50, M
|-mega|p1a: Staraptor|Staraptor|Staraptite
|detailschange|p2b: Tyranitar|Tyranitar-Mega, L50, F
|-mega|p2b: Tyranitar|Tyranitar|Tyranitarite
|move|p2a: Gholdengo|Protect|p2a: Gholdengo
|-singleturn|p2a: Gholdengo|Protect
|move|p1a: Staraptor|Close Combat|p2b: Tyranitar
|-supereffective|p2b: Tyranitar|2
|-damage|p2b: Tyranitar|0 fnt
|-boost|p1a: Staraptor|def|1
|-boost|p1a: Staraptor|spd|1
|faint|p2b: Tyranitar
|move|p1b: Garchomp|Earthquake|p2a: Gholdengo|[spread] 
|-activate|p2a: Gholdengo|move: Protect
|-immune|p1a: Staraptor
|
|-weather|Sandstorm|[upkeep]
|-damage|p1a: Staraptor|93/100|[from] Sandstorm
|upkeep
|
|t:|1785902795
|switch|p2b: Excadrill|Excadrill, L50, F|100/100
|turn|6
|
|t:|1785902810
|move|p2b: Excadrill|Rock Slide|p1a: Staraptor|[spread] p1a,p1b
|-resisted|p1b: Garchomp|1
|-damage|p1a: Staraptor|79/100
|-damage|p1b: Garchomp|90/100
|move|p1a: Staraptor|Close Combat|p2b: Excadrill
|-supereffective|p2b: Excadrill|1
|-enditem|p2b: Excadrill|Focus Sash
|-damage|p2b: Excadrill|1/100
|-boost|p1a: Staraptor|def|1
|-boost|p1a: Staraptor|spd|1
|cant|p1b: Garchomp|flinch
|move|p2a: Gholdengo|Thunderbolt|p1a: Staraptor
|-supereffective|p1a: Staraptor|1
|-damage|p1a: Staraptor|27/100
|-damage|p2a: Gholdengo|45/100|[from] item: Life Orb
|
|-weather|Sandstorm|[upkeep]
|-damage|p1a: Staraptor|21/100|[from] Sandstorm
|upkeep
|turn|7
|inactive|TheGayOne420 has 30 seconds left.
|inactive|acmilanvgc has 30 seconds left.
|inactive|TheGayOne420 has 20 seconds left.
|
|t:|1785902846
|move|p1a: Staraptor|Protect|p1a: Staraptor
|-singleturn|p1a: Staraptor|Protect
|move|p2a: Gholdengo|Protect|p2a: Gholdengo
|-singleturn|p2a: Gholdengo|Protect
|move|p2b: Excadrill|Iron Head|p1a: Staraptor
|-activate|p1a: Staraptor|move: Protect
|move|p1b: Garchomp|Earthquake|p2a: Gholdengo|[spread] p2b
|-activate|p1a: Staraptor|move: Protect
|-activate|p2a: Gholdengo|move: Protect
|-supereffective|p2b: Excadrill|1
|-damage|p2b: Excadrill|0 fnt
|faint|p2b: Excadrill
|
|-weather|Sandstorm|[upkeep]
|-damage|p1a: Staraptor|15/100|[from] Sandstorm
|upkeep
|
|t:|1785902850
|switch|p2b: Milotic|Milotic, L50, F|33/100
|turn|8
|
|t:|1785902869
|move|p1a: Staraptor|Close Combat|p2b: Milotic
|-damage|p2b: Milotic|0 fnt
|-boost|p1a: Staraptor|def|1
|-boost|p1a: Staraptor|spd|1
|faint|p2b: Milotic
|move|p1b: Garchomp|Earthquake|p2a: Gholdengo|[spread] p2a
|-immune|p1a: Staraptor
|-supereffective|p2a: Gholdengo|1
|-damage|p2a: Gholdengo|0 fnt
|faint|p2a: Gholdengo
|
|win|TheGayOne420
||acmilanvgc is ready for game 3.
|inactive|TheGayOne420 has 30 seconds to confirm battle start!
||TheGayOne420 is ready for game 3.
|uhtml|next|Next: Game 3 of 3
