|j|☆ButterisBetter
|j|☆falafirst_vgc
|html|ButterisBetterfalafirst_vgc    
|uhtml|bestof|Game 1 of a best-of-3
|t:|1783708365
|gametype|doubles
|player|p1|ButterisBetter|ethan|1080
|player|p2|falafirst_vgc|jogger|1064
|gen|9
|tier|[Gen 9 Champions] VGC 2026 Reg M-B (Bo3)
|rated|
|rule|Species Clause: Limit one of each Pokémon
|rule|Item Clause: Limit 1 of each item
|clearpoke
|poke|p1|Charizard, L50, M|
|poke|p1|Whimsicott, L50, M|
|poke|p1|Sneasler, L50, F|
|poke|p1|Metagross, L50|
|poke|p1|Sylveon, L50, M|
|poke|p1|Venusaur, L50, M|
|poke|p2|Charizard, L50, M|
|poke|p2|Aerodactyl, L50, M|
|poke|p2|Garchomp, L50, M|
|poke|p2|Farigiraf, L50, F|
|poke|p2|Sylveon, L50, F|
|poke|p2|Kingambit, L50, M|
|teampreview|4
|showteam|p1|Charizard||CharizarditeY|Blaze|HeatWave,SolarBeam,FocusBlast,Protect|Timid||M|||50|]Whimsicott||FocusSash|Prankster|Moonblast,Tailwind,Encore,FakeTears|Bold||M|||50|]Sneasler||WhiteHerb|Unburden|DireClaw,CloseCombat,ThroatChop,FakeOut|Adamant||F|||50|]Metagross||Metagrossite|ClearBody|BulletPunch,PsychicFangs,BodyPress,IronDefense|Adamant|||||50|]Sylveon||FairyFeather|Pixilate|HyperVoice,QuickAttack,Protect,Yawn|Sassy||M|||50|]Venusaur||LifeOrb|Chlorophyll|GigaDrain,WeatherBall,EarthPower,Protect|Modest||M|||50|
|showteam|p2|Charizard||CharizarditeY|Blaze|WeatherBall,HeatWave,SolarBeam,Protect|Modest||M|||50|]Aerodactyl||Aerodactylite|RockHead|RockSlide,Tailwind,DualWingbeat,Protect|Jolly||M|||50|]Garchomp||LifeOrb|RoughSkin|Earthquake,DragonClaw,RockSlide,Protect|Jolly||M|||50|]Farigiraf||SitrusBerry|ArmorTail|Psychic,Thunderbolt,TrickRoom,Protect|Bold||F|||50|]Sylveon||FairyFeather|Pixilate|HyperVoice,QuickAttack,HyperBeam,Detect|Modest||F|||50|]Kingambit||FocusSash|Defiant|SuckerPunch,KowtowCleave,IronHead,LowKick|Adamant||M|||50|
|
|t:|1783708408
|teamsize|p1|4
|teamsize|p2|4
|start
|switch|p1a: Sneasler|Sneasler, L50, F|100/100
|switch|p1b: Sylveon|Sylveon, L50, M|100/100
|switch|p2a: Charizard|Charizard, L50, M|100/100
|switch|p2b: Aerodactyl|Aerodactyl, L50, M|100/100
|turn|1
|inactive|Battle timer is ON: inactive players will automatically lose when time's up. (requested by falafirst_vgc)
|
|t:|1783708426
|detailschange|p2b: Aerodactyl|Aerodactyl-Mega, L50, M
|-mega|p2b: Aerodactyl|Aerodactyl|Aerodactylite
|move|p2a: Charizard|Protect|p2a: Charizard
|-singleturn|p2a: Charizard|Protect
|move|p1a: Sneasler|Fake Out|p2a: Charizard
|-activate|p2a: Charizard|move: Protect
|move|p2b: Aerodactyl|Dual Wingbeat|p1a: Sneasler
|-supereffective|p1a: Sneasler|1
|-damage|p1a: Sneasler|8/100
|-supereffective|p1a: Sneasler|1
|-crit|p1a: Sneasler
|-damage|p1a: Sneasler|0 fnt
|faint|p1a: Sneasler
|-hitcount|p1: Sneasler|2
|move|p1b: Sylveon|Hyper Voice|p2b: Aerodactyl|[spread] p2b
|-activate|p2a: Charizard|move: Protect
|-damage|p2b: Aerodactyl|64/100
|
|upkeep
|
|t:|1783708441
|switch|p1a: Metagross|Metagross, L50|100/100
|turn|2
|
|t:|1783708447
|detailschange|p1a: Metagross|Metagross-Mega, L50
|-mega|p1a: Metagross|Metagross|Metagrossite
|move|p1a: Metagross|Bullet Punch|p2b: Aerodactyl
|-supereffective|p2b: Aerodactyl|1
|-damage|p2b: Aerodactyl|0 fnt
|faint|p2b: Aerodactyl
|move|p2a: Charizard|Heat Wave|p1b: Sylveon|[spread] p1b
|-miss|p2a: Charizard|p1a: Metagross
|-damage|p1b: Sylveon|84/100
|move|p1b: Sylveon|Yawn|p2a: Charizard
|-start|p2a: Charizard|move: Yawn|[of] p1b: Sylveon
|
|upkeep
|
|t:|1783708460
|switch|p2b: Garchomp|Garchomp, L50, M|100/100
|turn|3
|
|t:|1783708466
|switch|p1a: Venusaur|Venusaur, L50, M|100/100
|move|p2a: Charizard|Protect|p2a: Charizard
|-singleturn|p2a: Charizard|Protect
|move|p2b: Garchomp|Earthquake|p1b: Sylveon|[spread] p1a,p1b
|-activate|p2a: Charizard|move: Protect
|-damage|p1a: Venusaur|31/100
|-damage|p1b: Sylveon|22/100
|-damage|p2b: Garchomp|90/100|[from] item: Life Orb
|move|p1b: Sylveon|Hyper Voice|p2a: Charizard|[spread] p2b
|-activate|p2a: Charizard|move: Protect
|-supereffective|p2b: Garchomp|1
|-damage|p2b: Garchomp|5/100
|
|-end|p2a: Charizard|move: Yawn|[silent]
|-status|p2a: Charizard|slp
|upkeep
|turn|4
|
|t:|1783708484
|switch|p1a: Metagross|Metagross-Mega, L50|100/100
|move|p2b: Garchomp|Protect|p2b: Garchomp
|-singleturn|p2b: Garchomp|Protect
|move|p1b: Sylveon|Quick Attack|p2b: Garchomp
|-activate|p2b: Garchomp|move: Protect
|cant|p2a: Charizard|slp
|
|upkeep
|turn|5
|inactive|ButterisBetter has 30 seconds left.
|inactive|ButterisBetter has 20 seconds left.
|
|t:|1783708524
|switch|p2b: Kingambit|Kingambit, L50, M|100/100
|move|p1b: Sylveon|Quick Attack|p2b: Kingambit
|-damage|p2b: Kingambit|87/100
|move|p1a: Metagross|Psychic Fangs|p2a: Charizard
|-damage|p2a: Charizard|35/100 slp
|-curestatus|p2a: Charizard|slp|[msg]
|move|p2a: Charizard|Heat Wave|p1b: Sylveon|[spread] p1a,p1b
|-supereffective|p1a: Metagross|1
|-damage|p1a: Metagross|45/100
|-damage|p1b: Sylveon|6/100
|
|upkeep
|turn|6
|inactive|falafirst_vgc has 30 seconds left.
|
|t:|1783708550
|move|p2b: Kingambit|Sucker Punch|p1b: Sylveon
|-resisted|p1b: Sylveon|1
|-damage|p1b: Sylveon|0 fnt
|faint|p1b: Sylveon
|move|p1a: Metagross|Body Press|p2b: Kingambit
|-supereffective|p2b: Kingambit|2
|-damage|p2b: Kingambit|0 fnt
|faint|p2b: Kingambit
|move|p2a: Charizard|Heat Wave|p1a: Metagross
|-supereffective|p1a: Metagross|1
|-damage|p1a: Metagross|0 fnt
|faint|p1a: Metagross
|
|upkeep
|-message|ButterisBetter forfeited.
|
|win|falafirst_vgc
|l|☆ButterisBetter
|player|p1|
|raw|ButterisBetter's rating: 1080 → 1057(-23 for losing)
|raw|falafirst_vgc's rating: 1064 → 1096(+32 for winning)
