|j|☆caevz027
|j|☆NoitUK_VGC
|html|caevz027NoitUK_VGC    
|uhtml|bestof|Game 2 of a best-of-3
|t:|1784837030
|gametype|doubles
|player|p1|caevz027|101|1114
|player|p2|NoitUK_VGC|102|1127
|gen|9
|tier|[Gen 9 Champions] VGC 2026 Reg M-B (Bo3)
|rated|
|rule|Species Clause: Limit one of each Pokémon
|rule|Item Clause: Limit 1 of each item
|clearpoke
|poke|p1|Charizard, L50, M|
|poke|p1|Whimsicott, L50, F|
|poke|p1|Farigiraf, L50, F|
|poke|p1|Sneasler, L50, F|
|poke|p1|Kingambit, L50, F|
|poke|p1|Garchomp, L50, F|
|poke|p2|Gengar, L50, M|
|poke|p2|Ninetales-Alola, L50, M|
|poke|p2|Incineroar, L50, F|
|poke|p2|Kingambit, L50, M|
|poke|p2|Staraptor, L50, F|
|poke|p2|Garchomp, L50, M|
|teampreview|4
|showteam|p1|Charizard||CharizarditeY|SolarPower|HeatWave,Protect,WeatherBall,SolarBeam|Modest||M|||50|]Whimsicott||FocusSash|Prankster|Encore,Moonblast,Tailwind,SunnyDay|Timid||F|||50|]Farigiraf||SitrusBerry|ArmorTail|Thunderbolt,Psychic,TrickRoom,HelpingHand|Modest||F|||50|]Sneasler||WhiteHerb|Unburden|FakeOut,DireClaw,CloseCombat,Protect|Adamant||F|||50|]Kingambit||ChopleBerry|Defiant|KowtowCleave,LowKick,SuckerPunch,IronHead|Adamant||F|||50|]Garchomp||LifeOrb|RoughSkin|RockSlide,Earthquake,DragonClaw,Protect|Jolly||F|||50|
|showteam|p2|Gengar||Gengarite|CursedBody|ShadowBall,SludgeBomb,Protect,PerishSong|Timid||M|||50|]Ninetales-Alola||NeverMeltIce|SnowWarning|Blizzard,Encore,Protect,Disable|Timid||M|||50|]Incineroar||SitrusBerry|Intimidate|FlareBlitz,PartingShot,Protect,FakeOut|Relaxed||F|||50|]Kingambit||BlackGlasses|Defiant|KowtowCleave,SuckerPunch,Protect,LowKick|Adamant||M|||50|]Staraptor||ChoiceScarf|Intimidate|FinalGambit,CloseCombat,BraveBird,Uturn|Jolly||F|||50|]Garchomp||LifeOrb|RoughSkin|Protect,RockSlide,StompingTantrum,DragonClaw|Adamant||M|||50|
|inactive|Battle timer is ON: inactive players will automatically lose when time's up. (requested by NoitUK_VGC)
|inactive|caevz027 has 60 seconds left.
|inactive|NoitUK_VGC has 60 seconds left.
|
|t:|1784837081
|teamsize|p1|4
|teamsize|p2|4
|start
|switch|p1a: Garchomp|Garchomp, L50, F|100/100
|switch|p1b: Kingambit|Kingambit, L50, F|100/100
|switch|p2a: Gengar|Gengar, L50, M|100/100
|switch|p2b: Garchomp|Garchomp, L50, M|100/100
|turn|1
|inactive|caevz027 has 30 seconds left.
|inactive|caevz027 has 20 seconds left.
|inactive|caevz027 has 15 seconds left.
|inactive|caevz027 has 10 seconds left.
|inactive|caevz027 has 5 seconds left.
|
|t:|1784837131
|switch|p1b: Whimsicott|Whimsicott, L50, F|100/100
|detailschange|p2a: Gengar|Gengar-Mega, L50, M
|-mega|p2a: Gengar|Gengar|Gengarite
|move|p2a: Gengar|Protect|p2a: Gengar
|-singleturn|p2a: Gengar|Protect
|move|p1a: Garchomp|Dragon Claw|p2b: Garchomp
|-supereffective|p2b: Garchomp|1
|-damage|p2b: Garchomp|5/100
|-damage|p1a: Garchomp|87/100|[from] ability: Rough Skin|[of] p2b: Garchomp
|-damage|p1a: Garchomp|77/100|[from] item: Life Orb
|move|p2b: Garchomp|Dragon Claw|p1a: Garchomp
|-supereffective|p1a: Garchomp|1
|-damage|p1a: Garchomp|0 fnt
|-damage|p2b: Garchomp|0 fnt|[from] ability: Rough Skin|[of] p1a: Garchomp
|faint|p1a: Garchomp
|faint|p2b: Garchomp
|
|upkeep
|
|t:|1784837148
|switch|p1a: Kingambit|Kingambit, L50, F|100/100
|switch|p2b: Ninetales|Ninetales-Alola, L50, M|100/100
|-weather|Snowscape|[from] ability: Snow Warning|[of] p2b: Ninetales
|turn|2
|
|t:|1784837163
|switch|p2a: Incineroar|Incineroar, L50, F|100/100
|-ability|p2a: Incineroar|Intimidate|boost
|-unboost|p1a: Kingambit|atk|1
|-ability|p1a: Kingambit|Defiant|boost
|-boost|p1a: Kingambit|atk|2
|-unboost|p1b: Whimsicott|atk|1
|move|p1b: Whimsicott|Encore|p2a: Incineroar
|-hint|Since gen 7, Dark is immune to Prankster moves.
|-immune|p2a: Incineroar
|move|p2b: Ninetales|Blizzard|p1b: Whimsicott|[spread] p1a,p1b
|-resisted|p1a: Kingambit|1
|-crit|p1a: Kingambit
|-supereffective|p1b: Whimsicott|1
|-damage|p1a: Kingambit|79/100
|-damage|p1b: Whimsicott|28/100
|move|p1a: Kingambit|Iron Head|p2b: Ninetales
|-supereffective|p2b: Ninetales|2
|-damage|p2b: Ninetales|0 fnt
|faint|p2b: Ninetales
|
|-weather|Snowscape|[upkeep]
|upkeep
|
|t:|1784837178
|switch|p2b: Gengar|Gengar-Mega, L50, M|100/100
|turn|3
|
|t:|1784837199
|move|p2b: Gengar|Protect|p2b: Gengar
|-singleturn|p2b: Gengar|Protect
|move|p1b: Whimsicott|Tailwind|p1b: Whimsicott
|-sidestart|p1: caevz027|move: Tailwind
|move|p1a: Kingambit|Low Kick|p2a: Incineroar
|-supereffective|p2a: Incineroar|1
|-damage|p2a: Incineroar|31/100
|-enditem|p2a: Incineroar|Sitrus Berry|[eat]
|-heal|p2a: Incineroar|56/100|[from] item: Sitrus Berry
|move|p2a: Incineroar|Flare Blitz|p1b: Whimsicott
|-supereffective|p1b: Whimsicott|1
|-damage|p1b: Whimsicott|0 fnt
|faint|p1b: Whimsicott
|-damage|p2a: Incineroar|48/100|[from] Recoil
|
|-weather|Snowscape|[upkeep]
|upkeep
|c|☆caevz027|perish
|
|t:|1784837213
|switch|p1b: Farigiraf|Farigiraf, L50, F|100/100
|turn|4
|
|t:|1784837219
|move|p2b: Gengar|Perish Song|p2b: Gengar
|-start|p1a: Kingambit|perish3|[silent]
|-start|p1b: Farigiraf|perish3|[silent]
|-start|p2a: Incineroar|perish3|[silent]
|-start|p2b: Gengar|perish3|[silent]
|-fieldactivate|move: Perish Song
|move|p1b: Farigiraf|Thunderbolt|p2a: Incineroar
|-damage|p2a: Incineroar|28/100
|-status|p2a: Incineroar|par
|move|p1a: Kingambit|Kowtow Cleave|p2b: Gengar
|-supereffective|p2b: Gengar|1
|-damage|p2b: Gengar|0 fnt
|faint|p2b: Gengar
|move|p2a: Incineroar|Flare Blitz|p1a: Kingambit
|-supereffective|p1a: Kingambit|1
|-damage|p1a: Kingambit|12/100
|-damage|p2a: Incineroar|5/100 par|[from] Recoil
|
|-weather|Snowscape|[upkeep]
|-start|p1b: Farigiraf|perish3
|-start|p1a: Kingambit|perish3
|-start|p2a: Incineroar|perish3
|upkeep
|turn|5
|
|t:|1784837238
|move|p2a: Incineroar|Protect|p2a: Incineroar
|-singleturn|p2a: Incineroar|Protect
|move|p1b: Farigiraf|Thunderbolt|p2a: Incineroar
|-activate|p2a: Incineroar|move: Protect
|move|p1a: Kingambit|Low Kick|p2a: Incineroar
|-activate|p2a: Incineroar|move: Protect
|
|-weather|Snowscape|[upkeep]
|-start|p1b: Farigiraf|perish2
|-start|p1a: Kingambit|perish2
|-start|p2a: Incineroar|perish2
|upkeep
|turn|6
|
|t:|1784837250
|move|p2a: Incineroar|Protect||[still]
|-fail|p2a: Incineroar
|move|p1b: Farigiraf|Thunderbolt|p2a: Incineroar
|-damage|p2a: Incineroar|0 fnt
|faint|p2a: Incineroar
|
|win|caevz027
