|j|☆aldishh
|j|☆sedrav
|html|aldishhsedrav    
|uhtml|bestof|Game 2 of a best-of-3
|t:|1757046959
|gametype|doubles
|player|p1|aldishh|169|1114
|player|p2|sedrav|hilbert|1276
|gen|9
|tier|[Gen 9] VGC 2025 Reg H (Bo3)
|rated|
|rule|Species Clause: Limit one of each Pokémon
|rule|Item Clause: Limit 1 of each item
|clearpoke
|poke|p1|Volcarona, L50, F|
|poke|p1|Rillaboom, L50, M|
|poke|p1|Gholdengo, L50|
|poke|p1|Dragonite, L50, F|
|poke|p1|Gallade, L50, M|
|poke|p1|Incineroar, L50, M|
|poke|p2|Garchomp, L50, F|
|poke|p2|Gholdengo, L50|
|poke|p2|Tyranitar, L50, F|
|poke|p2|Amoonguss, L50, M|
|poke|p2|Kilowattrel, L50, M|
|poke|p2|Incineroar, L50, M|
|teampreview|4
|showteam|p1|Volcarona||Leftovers|FlameBody|QuiverDance,FieryDance,RagePowder,Protect|||F|||50|,,,,,Fairy]Rillaboom||AssaultVest|GrassySurge|GrassyGlide,WoodHammer,FakeOut,Uturn|||M|||50|,,,,,Fire]Gholdengo||SitrusBerry|GoodasGold|NastyPlot,Protect,MakeItRain,ShadowBall||||||50|,,,,,Water]Dragonite||LoadedDice|Multiscale|ScaleShot,Protect,Haze,Tailwind|||F|||50|,,,,,Steel]Gallade||FocusSash|Sharpness|TrickRoom,SacredSword,PsychoCut,WideGuard|||M|||50|,,,,,Water]Incineroar||SafetyGoggles|Intimidate|PartingShot,FakeOut,KnockOff,Taunt|||M|||50|,,,,,Ghost
|showteam|p2|Garchomp||LifeOrb|RoughSkin|DragonClaw,StompingTantrum,Earthquake,Protect|||F|||50|,,,,,Ground]Gholdengo||MetalCoat|GoodasGold|MakeItRain,ShadowBall,NastyPlot,Protect||||||50|,,,,,Flying]Tyranitar||AssaultVest|SandStream|RockSlide,KnockOff,LowKick,TeraBlast|||F|||50|,,,,,Flying]Amoonguss||SitrusBerry|Regenerator|Spore,RagePowder,PollenPuff,Protect|||M|||50|,,,,,Water]Kilowattrel||FocusSash|Competitive|AirSlash,Tailwind,VoltSwitch,Protect|||M|||50|,,,,,Ghost]Incineroar||SafetyGoggles|Intimidate|FakeOut,FlareBlitz,KnockOff,PartingShot|||M|||50|,,,,,Ghost
|inactive|Battle timer is ON: inactive players will automatically lose when time's up. (requested by sedrav)
|inactive|aldishh has 60 seconds left.
|
|t:|1757047009
|teamsize|p1|4
|teamsize|p2|4
|start
|switch|p1a: Gallade|Gallade, L50, M|100/100
|switch|p1b: Dragonite|Dragonite, L50, F|100/100
|switch|p2a: Kilowattrel|Kilowattrel, L50, M|100/100
|switch|p2b: Incineroar|Incineroar, L50, M|100/100
|-ability|p2b: Incineroar|Intimidate|boost
|-unboost|p1a: Gallade|atk|1
|-unboost|p1b: Dragonite|atk|1
|turn|1
|inactive|aldishh has 30 seconds left.
|inactive|sedrav has 30 seconds left.
|
|t:|1757047037
|move|p2b: Incineroar|Fake Out|p1a: Gallade
|-damage|p1a: Gallade|82/100
|move|p2a: Kilowattrel|Volt Switch|p1a: Gallade
|-damage|p1a: Gallade|53/100
|
|t:|1757047049
|switch|p2a: Tyranitar|Tyranitar, L50, F|100/100|[from] Volt Switch
|-weather|Sandstorm|[from] ability: Sand Stream|[of] p2a: Tyranitar
|move|p1b: Dragonite|Scale Shot|p2a: Tyranitar
|-damage|p2a: Tyranitar|91/100
|-damage|p2a: Tyranitar|82/100
|-damage|p2a: Tyranitar|74/100
|-damage|p2a: Tyranitar|65/100
|-hitcount|p2a: Tyranitar|4
|-unboost|p1b: Dragonite|def|1
|-boost|p1b: Dragonite|spe|1
|cant|p1a: Gallade|flinch
|
|-weather|Sandstorm|[upkeep]
|-damage|p1b: Dragonite|94/100|[from] Sandstorm
|-damage|p1a: Gallade|47/100|[from] Sandstorm
|upkeep
|turn|2
|inactive|aldishh has 30 seconds left.
|inactive|sedrav has 30 seconds left.
|
|t:|1757047083
|-terastallize|p2a: Tyranitar|Flying
|move|p1b: Dragonite|Protect|p1b: Dragonite
|-singleturn|p1b: Dragonite|Protect
|move|p2b: Incineroar|Knock Off|p1b: Dragonite
|-activate|p1b: Dragonite|move: Protect
|move|p1a: Gallade|Sacred Sword|p2b: Incineroar
|-supereffective|p2b: Incineroar
|-damage|p2b: Incineroar|0 fnt
|faint|p2b: Incineroar
|move|p2a: Tyranitar|Tera Blast|p1a: Gallade|[anim] Tera Blast Flying
|-supereffective|p1a: Gallade
|-crit|p1a: Gallade
|-damage|p1a: Gallade|0 fnt
|faint|p1a: Gallade
|
|-weather|Sandstorm|[upkeep]
|-damage|p1b: Dragonite|88/100|[from] Sandstorm
|-damage|p2a: Tyranitar|60/100|[from] Sandstorm
|upkeep
|
|t:|1757047101
|switch|p2b: Kilowattrel|Kilowattrel, L50, M|100/100
|switch|p1a: Gholdengo|Gholdengo, L50|100/100
|turn|3
|
|t:|1757047124
|-terastallize|p1b: Dragonite|Steel
|move|p2b: Kilowattrel|Tailwind|p2b: Kilowattrel
|-sidestart|p2: sedrav|move: Tailwind
|move|p2a: Tyranitar|Knock Off|p1a: Gholdengo
|-supereffective|p1a: Gholdengo
|-damage|p1a: Gholdengo|16/100
|-enditem|p1a: Gholdengo|Sitrus Berry|[from] move: Knock Off|[of] p2a: Tyranitar
|move|p1b: Dragonite|Tailwind|p1b: Dragonite
|-sidestart|p1: aldishh|move: Tailwind
|move|p1a: Gholdengo|Nasty Plot|p1a: Gholdengo
|-boost|p1a: Gholdengo|spa|2
|
|-weather|Sandstorm|[upkeep]
|-damage|p2b: Kilowattrel|94/100|[from] Sandstorm
|-damage|p2a: Tyranitar|54/100|[from] Sandstorm
|upkeep
|turn|4
|inactive|sedrav has 30 seconds left.
|
|t:|1757047153
|move|p1a: Gholdengo|Protect|p1a: Gholdengo
|-singleturn|p1a: Gholdengo|Protect
|move|p2b: Kilowattrel|Air Slash|p1a: Gholdengo
|-activate|p1a: Gholdengo|move: Protect
|move|p1b: Dragonite|Scale Shot|p2b: Kilowattrel
|-damage|p2b: Kilowattrel|74/100
|-damage|p2b: Kilowattrel|56/100
|-damage|p2b: Kilowattrel|38/100
|-damage|p2b: Kilowattrel|17/100
|-damage|p2b: Kilowattrel|0 fnt
|faint|p2b: Kilowattrel
|-hitcount|p2: Kilowattrel|5
|-unboost|p1b: Dragonite|def|1
|-boost|p1b: Dragonite|spe|1
|move|p2a: Tyranitar|Low Kick|p1b: Dragonite
|-supereffective|p1b: Dragonite
|-damage|p1b: Dragonite|0 fnt
|faint|p1b: Dragonite
|
|-weather|Sandstorm|[upkeep]
|-damage|p2a: Tyranitar|48/100|[from] Sandstorm
|upkeep
|
|t:|1757047172
|switch|p2b: Garchomp|Garchomp, L50, F|100/100
|switch|p1b: Incineroar|Incineroar, L50, M, shiny|100/100
|-ability|p1b: Incineroar|Intimidate|boost
|-unboost|p2a: Tyranitar|atk|1
|-unboost|p2b: Garchomp|atk|1
|turn|5
|
|t:|1757047188
|move|p2b: Garchomp|Protect|p2b: Garchomp
|-singleturn|p2b: Garchomp|Protect
|move|p1b: Incineroar|Fake Out|p2b: Garchomp
|-activate|p2b: Garchomp|move: Protect
|move|p1a: Gholdengo|Make It Rain|p2b: Garchomp|[spread] p2a
|-activate|p2b: Garchomp|move: Protect
|-damage|p2a: Tyranitar|0 fnt
|-unboost|p1a: Gholdengo|spa|1
|faint|p2a: Tyranitar
|
|-weather|none
|upkeep
|turn|6
|inactive|aldishh has 30 seconds left.
|
|t:|1757047214
|move|p1a: Gholdengo|Protect|p1a: Gholdengo
|-singleturn|p1a: Gholdengo|Protect
|move|p2b: Garchomp|Earthquake|p1a: Gholdengo|[spread] p1b
|-activate|p1a: Gholdengo|move: Protect
|-supereffective|p1b: Incineroar
|-damage|p1b: Incineroar|45/100
|-damage|p2b: Garchomp|91/100|[from] item: Life Orb
|move|p1b: Incineroar|Parting Shot|p2b: Garchomp
|-unboost|p2b: Garchomp|atk|1
|-unboost|p2b: Garchomp|spa|1
|
|-sideend|p2: sedrav|move: Tailwind
|-sideend|p1: aldishh|move: Tailwind
|upkeep
|turn|7
|
|t:|1757047233
|move|p2b: Garchomp|Earthquake|p1a: Gholdengo|[spread] p1a,p1b
|-supereffective|p1a: Gholdengo
|-supereffective|p1b: Incineroar
|-damage|p1a: Gholdengo|0 fnt
|-damage|p1b: Incineroar|2/100
|faint|p1a: Gholdengo
|-damage|p2b: Garchomp|81/100|[from] item: Life Orb
|move|p1b: Incineroar|Knock Off|p2b: Garchomp
|-damage|p2b: Garchomp|43/100
|-damage|p1b: Incineroar|0 fnt|[from] ability: Rough Skin|[of] p2b: Garchomp
|faint|p1b: Incineroar
|
|win|sedrav
|raw|aldishh's rating: 1114 → 1100(-14 for losing)
|raw|sedrav's rating: 1276 → 1290(+14 for winning)
|l|☆aldishh
|player|p1|
