|j|☆dotKuro
|j|☆The median voter
|html|dotKuroThe median voter    
|uhtml|bestof|Game 3 of a best-of-3
|t:|1755089803
|gametype|doubles
|player|p1|dotKuro|2|1266
|player|p2|The median voter|scientist-gen4dp|1258
|gen|9
|tier|[Gen 9] VGC 2025 Reg H (Bo3)
|rated|
|rule|Species Clause: Limit one of each Pokémon
|rule|Item Clause: Limit 1 of each item
|clearpoke
|poke|p1|Garchomp, L50, M|
|poke|p1|Gholdengo, L50|
|poke|p1|Tyranitar, L50, M|
|poke|p1|Incineroar, L50, F|
|poke|p1|Amoonguss, L50, F|
|poke|p1|Talonflame, L50, F|
|poke|p2|Kommo-o, L50, F|
|poke|p2|Volcarona, L50, M|
|poke|p2|Rillaboom, L50, M|
|poke|p2|Kingambit, L50, F|
|poke|p2|Ninetales-Alola, L50, F|
|poke|p2|Arcanine-Hisui, L50, M|
|teampreview|4
|showteam|p1|Garchomp||LifeOrb|RoughSkin|DragonClaw,StompingTantrum,Earthquake,Protect|||M|||50|,,,,,Fire]Gholdengo||MetalCoat|GoodasGold|MakeItRain,ShadowBall,NastyPlot,Protect||||||50|,,,,,Flying]Tyranitar||AssaultVest|SandStream|KnockOff,RockSlide,TeraBlast,LowKick|||M|||50|,,,,,Flying]Incineroar||SafetyGoggles|Intimidate|FakeOut,KnockOff,FlareBlitz,PartingShot|||F|||50|,,,,,Grass]Amoonguss||SitrusBerry|Regenerator|PollenPuff,Spore,RagePowder,Protect|||F|||50|,,,,,Water]Talonflame||CovertCloak|GaleWings|WillOWisp,BraveBird,Tailwind,Protect|||F|||50|,,,,,Grass
|showteam|p2|Kommo-o||GrassySeed|Overcoat|BodyPress,Taunt,Protect,Flamethrower|||F|||50|,,,,,Steel]Volcarona||SitrusBerry|FlameBody|HeatWave,TeraBlast,QuiverDance,Protect|||M|||50|,,,,,Water]Rillaboom||AssaultVest|GrassySurge|FakeOut,GrassyGlide,WoodHammer,HighHorsepower|||M|||50|,,,,,Fire]Kingambit||BlackGlasses|Defiant|KowtowCleave,SuckerPunch,SwordsDance,Protect|||F|||50|,,,,,Dark]Ninetales-Alola||LifeOrb|SnowWarning|Blizzard,Protect,Encore,FreezeDry|||F|||50|,,,,,Ghost]Arcanine-Hisui||FocusSash|Intimidate|RockSlide,FlareBlitz,ExtremeSpeed,Protect|||M|||50|,,,,,Ghost
|
|t:|1755089820
|teamsize|p1|4
|teamsize|p2|4
|start
|switch|p1a: Gholdengo|Gholdengo, L50|100/100
|switch|p1b: Incineroar|Incineroar, L50, F|100/100
|switch|p2a: Volcarona|Volcarona, L50, M|100/100
|switch|p2b: Kommo-o|Kommo-o, L50, F|100/100
|-ability|p1b: Incineroar|Intimidate|boost
|-unboost|p2a: Volcarona|atk|1
|-unboost|p2b: Kommo-o|atk|1
|turn|1
|
|t:|1755089858
|-terastallize|p2b: Kommo-o|Steel
|-terastallize|p1a: Gholdengo|Flying
|move|p1b: Incineroar|Fake Out|p2a: Volcarona
|-damage|p2a: Volcarona|86/100
|move|p2b: Kommo-o|Body Press|p1b: Incineroar
|-supereffective|p1b: Incineroar
|-damage|p1b: Incineroar|29/100
|cant|p2a: Volcarona|flinch
|move|p1a: Gholdengo|Nasty Plot|p1a: Gholdengo
|-boost|p1a: Gholdengo|spa|2
|
|upkeep
|turn|2
|
|t:|1755089894
|switch|p1b: Garchomp|Garchomp, L50, M|100/100
|move|p2a: Volcarona|Protect|p2a: Volcarona
|-singleturn|p2a: Volcarona|Protect
|move|p2b: Kommo-o|Flamethrower|p1a: Gholdengo
|-damage|p1a: Gholdengo|78/100
|move|p1a: Gholdengo|Shadow Ball|p2a: Volcarona
|-activate|p2a: Volcarona|move: Protect
|
|upkeep
|turn|3
|
|t:|1755089925
|switch|p2b: Rillaboom|Rillaboom, L50, M|100/100
|-fieldstart|move: Grassy Terrain|[from] ability: Grassy Surge|[of] p2b: Rillaboom
|move|p1b: Garchomp|Stomping Tantrum|p2b: Rillaboom
|-resisted|p2b: Rillaboom
|-damage|p2b: Rillaboom|74/100
|-damage|p1b: Garchomp|91/100|[from] item: Life Orb
|move|p1a: Gholdengo|Shadow Ball|p2b: Rillaboom
|-damage|p2b: Rillaboom|9/100
|move|p2a: Volcarona|Quiver Dance|p2a: Volcarona
|-boost|p2a: Volcarona|spa|1
|-boost|p2a: Volcarona|spd|1
|-boost|p2a: Volcarona|spe|1
|
|-heal|p2a: Volcarona|93/100|[from] Grassy Terrain
|-heal|p1b: Garchomp|97/100|[from] Grassy Terrain
|-heal|p2b: Rillaboom|15/100|[from] Grassy Terrain
|upkeep
|turn|4
|
|t:|1755089976
|switch|p2b: Kommo-o|Kommo-o, L50, F, tera:Steel|100/100
|-enditem|p2b: Kommo-o|Grassy Seed
|-boost|p2b: Kommo-o|def|1|[from] item: Grassy Seed
|move|p2a: Volcarona|Heat Wave|p1b: Garchomp|[spread] p1a
|-miss|p2a: Volcarona|p1b: Garchomp
|-damage|p1a: Gholdengo|13/100
|move|p1b: Garchomp|Earthquake|p2a: Volcarona|[spread] p2a,p2b
|-immune|p1a: Gholdengo
|-supereffective|p2b: Kommo-o
|-damage|p2a: Volcarona|58/100
|-damage|p2b: Kommo-o|73/100
|-damage|p1b: Garchomp|87/100|[from] item: Life Orb
|move|p1a: Gholdengo|Shadow Ball|p2a: Volcarona
|-damage|p2a: Volcarona|8/100
|-enditem|p2a: Volcarona|Sitrus Berry|[eat]
|-heal|p2a: Volcarona|33/100|[from] item: Sitrus Berry
|
|-heal|p2a: Volcarona|40/100|[from] Grassy Terrain
|-heal|p1b: Garchomp|93/100|[from] Grassy Terrain
|-heal|p2b: Kommo-o|79/100|[from] Grassy Terrain
|upkeep
|turn|5
|
|t:|1755090003
|switch|p1a: Tyranitar|Tyranitar, L50, M|100/100
|-weather|Sandstorm|[from] ability: Sand Stream|[of] p1a: Tyranitar
|move|p2a: Volcarona|Protect|p2a: Volcarona
|-singleturn|p2a: Volcarona|Protect
|move|p1b: Garchomp|Protect|p1b: Garchomp
|-singleturn|p1b: Garchomp|Protect
|move|p2b: Kommo-o|Body Press|p1b: Garchomp
|-activate|p1b: Garchomp|move: Protect
|
|-weather|Sandstorm|[upkeep]
|-damage|p2a: Volcarona|33/100|[from] Sandstorm
|-heal|p2a: Volcarona|40/100|[from] Grassy Terrain
|-heal|p1b: Garchomp|99/100|[from] Grassy Terrain
|-heal|p2b: Kommo-o|85/100|[from] Grassy Terrain
|upkeep
|turn|6
|
|t:|1755090026
|switch|p1a: Gholdengo|Gholdengo, L50, tera:Flying|13/100
|move|p2a: Volcarona|Heat Wave|p1b: Garchomp|[spread] p1a,p1b
|-resisted|p1b: Garchomp
|-damage|p1a: Gholdengo|0 fnt
|-damage|p1b: Garchomp|70/100
|faint|p1a: Gholdengo
|move|p1b: Garchomp|Earthquake|p2b: Kommo-o|[spread] p2a,p2b
|-supereffective|p2b: Kommo-o
|-damage|p2a: Volcarona|4/100
|-damage|p2b: Kommo-o|53/100
|-damage|p1b: Garchomp|60/100|[from] item: Life Orb
|move|p2b: Kommo-o|Body Press|p1b: Garchomp
|-damage|p1b: Garchomp|0 fnt
|-damage|p2b: Kommo-o|42/100|[from] ability: Rough Skin|[of] p1b: Garchomp
|faint|p1b: Garchomp
|
|-weather|Sandstorm|[upkeep]
|-damage|p2a: Volcarona|0 fnt|[from] Sandstorm
|faint|p2a: Volcarona
|-heal|p2b: Kommo-o|48/100|[from] Grassy Terrain
|upkeep
|
|t:|1755090045
|switch|p1b: Tyranitar|Tyranitar, L50, M|100/100
|switch|p1a: Incineroar|Incineroar, L50, F|29/100
|switch|p2a: Rillaboom|Rillaboom, L50, M|15/100
|-ability|p1a: Incineroar|Intimidate|boost
|-unboost|p2a: Rillaboom|atk|1
|-unboost|p2b: Kommo-o|atk|1
|turn|7
|inactive|Battle timer is ON: inactive players will automatically lose when time's up. (requested by The median voter)
|
|t:|1755090065
|move|p2a: Rillaboom|Fake Out|p1a: Incineroar
|-damage|p1a: Incineroar|20/100
|move|p2b: Kommo-o|Body Press|p1b: Tyranitar
|-supereffective|p1b: Tyranitar
|-damage|p1b: Tyranitar|0 fnt
|faint|p1b: Tyranitar
|cant|p1a: Incineroar|flinch
|
|-weather|Sandstorm|[upkeep]
|-damage|p2a: Rillaboom|9/100|[from] Sandstorm
|-heal|p2b: Kommo-o|53/100|[from] Grassy Terrain
|-heal|p2a: Rillaboom|15/100|[from] Grassy Terrain
|-heal|p1a: Incineroar|26/100|[from] Grassy Terrain
|-fieldend|move: Grassy Terrain
|upkeep
|turn|8
|-message|dotKuro forfeited.
|
|win|The median voter
|raw|dotKuro's rating: 1266 → 1240(-26 for losing)
|raw|The median voter's rating: 1258 → 1284(+26 for winning)
