|j|☆Javy Moment
|j|☆ZeraSora
|html|Javy MomentZeraSora    
|uhtml|bestof|Game 1 of a best-of-3
|t:|1756418950
|gametype|doubles
|player|p1|Javy Moment|2|
|player|p2|ZeraSora|steven|
|gen|9
|tier|[Gen 9] VGC 2025 Reg H (Bo3)
|rule|Species Clause: Limit one of each Pokémon
|rule|Item Clause: Limit 1 of each item
|clearpoke
|poke|p1|Yanmega, L50, M|
|poke|p1|Sableye, L50, F|
|poke|p1|Ursaluna, L50, M|
|poke|p1|Corviknight, L50, F|
|poke|p1|Volcarona, L50, F|
|poke|p1|Primarina, L50, F|
|poke|p2|Volcarona, L50, M|
|poke|p2|Rillaboom, L50, M|
|poke|p2|Gholdengo, L50|
|poke|p2|Whimsicott, L50, M|
|poke|p2|Palafin, L50, M|
|poke|p2|Ursaluna-Bloodmoon, L50, M|
|teampreview|4
|showteam|p1|Yanmega||FocusSash|SpeedBoost|AirSlash,Tailwind,Hypnosis,Protect|||M|||50|,,,,,Ghost]Sableye||EjectButton|Prankster|FoulPlay,Gravity,FakeOut,Quash|||F|||50|,,,,,Steel]Ursaluna||FlameOrb|Guts|Protect,Facade,HeadlongRush,Earthquake|||M|||50|,,,,,Ground]Corviknight||AguavBerry|MirrorArmor|BraveBird,Tailwind,Protect,Roost|||F|||50|,,,,,Dragon]Volcarona||CovertCloak|FlameBody|QuiverDance,HeatWave,GigaDrain,Protect|||F|||50|,,,,,Grass]Primarina||ThroatSpray|LiquidVoice|HyperVoice,Moonblast,Protect,PerishSong|||F|||50|,,,,,Ghost
|showteam|p2|Volcarona||Leftovers|FlameBody|TeraBlast,HeatWave,QuiverDance,Protect|||M|||50|,,,,,Fairy]Rillaboom||AssaultVest|GrassySurge|FakeOut,GrassyGlide,WoodHammer,Uturn|||M|||50|,,,,,Fire]Gholdengo||IronPlate|GoodasGold|NastyPlot,Protect,MakeItRain,ShadowBall||||||50|,,,,,Steel]Whimsicott||CovertCloak|Prankster|Tailwind,Moonblast,HelpingHand,Taunt|||M|||50|,,,,,Water]Palafin||ChoiceBand|ZerotoHero|JetPunch,WaveCrash,FlipTurn,CloseCombat|||M|||50|,,,,,Water]Ursaluna-Bloodmoon||LifeOrb|MindsEye|HyperVoice,BloodMoon,EarthPower,Protect|||M|||50|,,,,,Normal
|c|☆ZeraSora|gl :3
|c|☆Javy Moment|glhf fren
|c|☆Javy Moment|ill grab link
|c|☆ZeraSora|thanks <3
|c|☆Javy Moment|oh wait thats a lie im not logged into discord on this computer
|c|☆Javy Moment|sorry
|c|☆Javy Moment|LMAO
|c|☆ZeraSora|i can do it dw
|c|☆Javy Moment|ty
|j| Sogerto
|j| chaseatlanticrocks
|j| L1mun
|l| chaseatlanticrocks
|j| nebbyblast
|c| nebbyblast|LETS GO SORA WOOO
|j| nzmb
|c| L1mun|javy doing this mid vacation
|j| sharkssss
|l| nebbyblast
|l| nzmb
|
|t:|1756419097
|teamsize|p1|4
|teamsize|p2|4
|start
|switch|p1a: Yanmega|Yanmega, L50, M|100/100
|switch|p1b: Sableye|Sableye, L50, F|100/100
|switch|p2a: Whimsicott|Whimsicott, L50, M, shiny|100/100
|switch|p2b: Palafin|Palafin, L50, M|100/100
|turn|1
|j| nebbyblast
|
|t:|1756419128
|move|p1b: Sableye|Fake Out|p2a: Whimsicott
|-damage|p2a: Whimsicott|91/100
|move|p2a: Whimsicott|Taunt|p1a: Yanmega
|-start|p1a: Yanmega|move: Taunt
|move|p1a: Yanmega|Air Slash|p2a: Whimsicott
|-supereffective|p2a: Whimsicott
|-damage|p2a: Whimsicott|0 fnt
|faint|p2a: Whimsicott
|move|p2b: Palafin|Flip Turn|p1a: Yanmega
|-damage|p1a: Yanmega|59/100
|j| ConnorClub
|
|t:|1756419139
|detailschange|p2b: Palafin|Palafin-Hero, L50, M
|switch|p2b: Ursaluna|Ursaluna-Bloodmoon, L50, M|100/100|[from] Flip Turn
|
|-ability|p1a: Yanmega|Speed Boost|boost
|-boost|p1a: Yanmega|spe|1
|upkeep
|
|t:|1756419141
|switch|p2a: Volcarona|Volcarona, L50, M, shiny|100/100
|turn|2
|j| Scarlanox
|
|t:|1756419218
|-terastallize|p2a: Volcarona|Fairy
|move|p1a: Yanmega|Air Slash|p2b: Ursaluna
|-damage|p2b: Ursaluna|54/100
|move|p2a: Volcarona|Quiver Dance|p2a: Volcarona
|-boost|p2a: Volcarona|spa|1
|-boost|p2a: Volcarona|spd|1
|-boost|p2a: Volcarona|spe|1
|move|p2b: Ursaluna|Hyper Voice|p1a: Yanmega|[spread] p1a,p1b
|-damage|p1a: Yanmega|0 fnt
|-damage|p1b: Sableye|43/100
|faint|p1a: Yanmega
|-enditem|p1b: Sableye|Eject Button
|-damage|p2b: Ursaluna|44/100|[from] item: Life Orb
|
|t:|1756419231
|switch|p1b: Corviknight|Corviknight, L50, F|100/100
|
|upkeep
|
|t:|1756419242
|switch|p1a: Volcarona|Volcarona, L50, F|100/100
|turn|3
|
|t:|1756419322
|-terastallize|p1b: Corviknight|Dragon
|move|p2b: Ursaluna|Protect|p2b: Ursaluna
|-singleturn|p2b: Ursaluna|Protect
|move|p2a: Volcarona|Heat Wave|p1a: Volcarona|[spread] p1a,p1b
|-resisted|p1b: Corviknight
|-damage|p1a: Volcarona|61/100
|-damage|p1b: Corviknight|79/100
|move|p1a: Volcarona|Giga Drain|p2b: Ursaluna
|-activate|p2b: Ursaluna|move: Protect
|move|p1b: Corviknight|Brave Bird|p2a: Volcarona
|-damage|p2a: Volcarona|53/100
|-damage|p1b: Corviknight|64/100|[from] Recoil
|
|-heal|p2a: Volcarona|59/100|[from] item: Leftovers
|upkeep
|turn|4
|j| Shotgun John
|
|t:|1756419436
|move|p2a: Volcarona|Heat Wave|p1a: Volcarona|[spread] p1a,p1b
|-resisted|p1b: Corviknight
|-damage|p1a: Volcarona|21/100
|-damage|p1b: Corviknight|42/100
|move|p1a: Volcarona|Giga Drain|p2b: Ursaluna
|-supereffective|p2b: Ursaluna
|-crit|p2b: Ursaluna
|-damage|p2b: Ursaluna|0 fnt
|-heal|p1a: Volcarona|43/100|[from] drain|[of] p2b: Ursaluna
|faint|p2b: Ursaluna
|move|p1b: Corviknight|Brave Bird|p2a: Volcarona
|-damage|p2a: Volcarona|11/100
|-damage|p1b: Corviknight|28/100|[from] Recoil
|
|-heal|p2a: Volcarona|17/100|[from] item: Leftovers
|upkeep
|
|t:|1756419442
|switch|p2b: Palafin|Palafin-Hero, L50, M|100/100
|-activate|p2b: Palafin|ability: Zero to Hero
|turn|5
|j| Adam2Big
|
|t:|1756419532
|move|p1a: Volcarona|Protect|p1a: Volcarona
|-singleturn|p1a: Volcarona|Protect
|move|p2b: Palafin|Jet Punch|p1a: Volcarona
|-activate|p1a: Volcarona|move: Protect
|move|p2a: Volcarona|Tera Blast|p1b: Corviknight|[anim] Tera Blast Fairy
|-supereffective|p1b: Corviknight
|-damage|p1b: Corviknight|0 fnt
|faint|p1b: Corviknight
|
|-heal|p2a: Volcarona|23/100|[from] item: Leftovers
|upkeep
|
|t:|1756419540
|switch|p1b: Sableye|Sableye, L50, F|43/100
|turn|6
|l| Shotgun John
|
|t:|1756419637
|move|p1b: Sableye|Fake Out|p2a: Volcarona
|-damage|p2a: Volcarona|16/100
|move|p2b: Palafin|Jet Punch|p1a: Volcarona
|-supereffective|p1a: Volcarona
|-damage|p1a: Volcarona|0 fnt
|-status|p2b: Palafin|brn|[from] ability: Flame Body|[of] p1a: Volcarona
|faint|p1a: Volcarona
|cant|p2a: Volcarona|flinch
|
|-heal|p2a: Volcarona|22/100|[from] item: Leftovers
|-damage|p2b: Palafin|94/100 brn|[from] brn
|upkeep
|turn|7
|
|t:|1756419651
|move|p2b: Palafin|Jet Punch|p1b: Sableye
|-damage|p1b: Sableye|4/100
|move|p2a: Volcarona|Tera Blast|p1b: Sableye|[anim] Tera Blast Fairy
|-supereffective|p1b: Sableye
|-damage|p1b: Sableye|0 fnt
|faint|p1b: Sableye
|
|win|ZeraSora
|c|☆Javy Moment|ggs
|c|☆ZeraSora|ggs
||Javy Moment is ready for game 2.
|c| nebbyblast|THATS MY GOAT
|l|☆Javy Moment
|player|p1|
||ZeraSora is ready for game 2.
|uhtml|next|Next: Game 2 of 3
|l| Scarlanox
|j| Kekerzz
|l| Kekerzz
|l| sharkssss
|j| SistasUnited
|n| Spud5You|spud5you
|l| Spud5You
|l| SistasUnited
|l| nebbyblast
|l| Sogerto
|l| L1mun
|j| Spud5You
