|j|☆CoachChris
|j|☆ToddHowardVGC
|html|CoachChrisToddHowardVGC    
|uhtml|bestof|Game 3 of a best-of-3
|t:|1754513177
|gametype|doubles
|player|p1|CoachChris|2|1215
|player|p2|ToddHowardVGC|pokemonranger-gen4|1182
|gen|9
|tier|[Gen 9] VGC 2025 Reg H (Bo3)
|rated|
|rule|Species Clause: Limit one of each Pokémon
|rule|Item Clause: Limit 1 of each item
|clearpoke
|poke|p1|Garganacl, L50, M|
|poke|p1|Dondozo, L50, F|
|poke|p1|Sneasler, L50, F|
|poke|p1|Gholdengo, L50|
|poke|p1|Ninetales-Alola, L50, M|
|poke|p1|Incineroar, L50, F|
|poke|p2|Maushold, L50|
|poke|p2|Annihilape, L50, F|
|poke|p2|Pelipper, L50, F|
|poke|p2|Archaludon, L50, F|
|poke|p2|Klefki, L50, M|
|poke|p2|Sinistcha, L50|
|teampreview|4
|showteam|p1|Garganacl||MarangaBerry|PurifyingSalt|SaltCure,StealthRock,Protect,Recover|||M|||50|,,,,,Flying]Dondozo||Leftovers|Unaware|Liquidation,Yawn,Curse,Protect|||F|||50|,,,,,Poison]Sneasler||FocusSash|PoisonTouch|DireClaw,CloseCombat,Coaching,Protect|||F|||50|,,,,,Ghost]Gholdengo||ChoiceScarf|GoodasGold|MakeItRain,ShadowBall,Trick,PowerGem||||||50|,,,,,Steel]Ninetales-Alola||NeverMeltIce|SnowWarning|Blizzard,FreezeDry,Protect,AuroraVeil|||M|||50|,,,,,Ice]Incineroar||AssaultVest|Intimidate|FlareBlitz,KnockOff,FakeOut,DrainPunch|||F|||50|,,,,,Grass
|showteam|p2|Maushold||SafetyGoggles|FriendGuard|BeatUp,FollowMe,Taunt,Protect||||||50|,,,,,Ghost]Annihilape||SpellTag|Defiant|DrainPunch,RageFist,BulkUp,Protect|||F|||50|,,,,,Water]Pelipper||FocusSash|Drizzle|WeatherBall,Hurricane,Tailwind,Protect|||F|||50|,,,,,Stellar]Archaludon||AssaultVest|Stamina|DracoMeteor,FlashCannon,ElectroShot,BodyPress|||F|||50|,,,,,Grass]Klefki||LightClay|Prankster|DazzlingGleam,MistyTerrain,LightScreen,Reflect|||M|||50|,,,,,Ghost]Sinistcha||SitrusBerry|Hospitality|MatchaGotcha,RagePowder,LifeDew,TrickRoom||||||50|,,,,,Fairy
|
|t:|1754513194
|teamsize|p1|4
|teamsize|p2|4
|start
|switch|p1a: Dondozo|Dondozo, L50, F|100/100
|switch|p1b: Sneasler|Sneasler, L50, F|100/100
|switch|p2a: Archaludon|Archaludon, L50, F|100/100
|switch|p2b: The Keys|Klefki, L50, M|100/100
|turn|1
|
|t:|1754513221
|move|p2b: The Keys|Reflect|p2b: The Keys
|-sidestart|p2: ToddHowardVGC|Reflect
|move|p1b: Sneasler|Coaching|p1a: Dondozo
|-boost|p1a: Dondozo|atk|1
|-boost|p1a: Dondozo|def|1
|move|p2a: Archaludon|Flash Cannon|p1b: Sneasler
|-damage|p1b: Sneasler|48/100
|move|p1a: Dondozo|Yawn|p2a: Archaludon
|-start|p2a: Archaludon|move: Yawn|[of] p1a: Dondozo
|
|upkeep
|turn|2
|
|t:|1754513240
|move|p2b: The Keys|Misty Terrain|p2b: The Keys
|-fieldstart|move: Misty Terrain
|move|p1b: Sneasler|Coaching|p1a: Dondozo
|-boost|p1a: Dondozo|atk|1
|-boost|p1a: Dondozo|def|1
|move|p2a: Archaludon|Flash Cannon|p1b: Sneasler
|-damage|p1b: Sneasler|0 fnt
|faint|p1b: Sneasler
|move|p1a: Dondozo|Curse|p1a: Dondozo
|-unboost|p1a: Dondozo|spe|1
|-boost|p1a: Dondozo|atk|1
|-boost|p1a: Dondozo|def|1
|
|-end|p2a: Archaludon|move: Yawn|[silent]
|-activate|p2a: Archaludon|move: Misty Terrain
|upkeep
|
|t:|1754513251
|switch|p1b: Gholdengo|Gholdengo, L50|100/100
|turn|3
|
|t:|1754513273
|move|p2b: The Keys|Light Screen|p2b: The Keys
|-sidestart|p2: ToddHowardVGC|move: Light Screen
|move|p1b: Gholdengo|Shadow Ball|p2a: Archaludon
|-damage|p2a: Archaludon|82/100
|-ability|p2a: Archaludon|Stamina|boost
|-boost|p2a: Archaludon|def|1
|move|p2a: Archaludon|Flash Cannon|p1a: Dondozo
|-resisted|p1a: Dondozo
|-damage|p1a: Dondozo|87/100
|move|p1a: Dondozo|Liquidation|p2a: Archaludon
|-resisted|p2a: Archaludon
|-damage|p2a: Archaludon|59/100
|-unboost|p2a: Archaludon|def|1
|-ability|p2a: Archaludon|Stamina|boost
|-boost|p2a: Archaludon|def|1
|
|-heal|p1a: Dondozo|93/100|[from] item: Leftovers
|upkeep
|turn|4
|
|t:|1754513314
|switch|p2b: Quackers|Pelipper, L50, F|100/100
|-weather|RainDance|[from] ability: Drizzle|[of] p2b: Quackers
|move|p1b: Gholdengo|Shadow Ball|p2b: Quackers
|-damage|p2b: Quackers|55/100
|move|p2a: Archaludon|Electro Shot||[still]
|-prepare|p2a: Archaludon|Electro Shot
|-boost|p2a: Archaludon|spa|1
|-anim|p2a: Archaludon|Electro Shot|p1b: Gholdengo
|-damage|p1b: Gholdengo|25/100
|move|p1a: Dondozo|Liquidation|p2b: Quackers
|-resisted|p2b: Quackers
|-damage|p2b: Quackers|0 fnt
|faint|p2b: Quackers
|
|-weather|RainDance|[upkeep]
|-heal|p1a: Dondozo|99/100|[from] item: Leftovers
|upkeep
|
|t:|1754513332
|switch|p2b: Frank|Sinistcha, L50|100/100
|-heal|p2a: Archaludon|84/100|[from] ability: Hospitality|[of] p2b: Frank
|turn|5
|
|t:|1754513360
|switch|p1b: Ninetales|Ninetales-Alola, L50, M|100/100
|-weather|Snowscape|[from] ability: Snow Warning|[of] p1b: Ninetales
|switch|p2b: The Keys|Klefki, L50, M|100/100
|move|p2a: Archaludon|Electro Shot||[still]
|-prepare|p2a: Archaludon|Electro Shot
|-boost|p2a: Archaludon|spa|1
|move|p1a: Dondozo|Curse|p1a: Dondozo
|-unboost|p1a: Dondozo|spe|1
|-boost|p1a: Dondozo|atk|1
|-boost|p1a: Dondozo|def|1
|
|-weather|Snowscape|[upkeep]
|-heal|p1a: Dondozo|100/100|[from] item: Leftovers
|upkeep
|turn|6
|
|t:|1754513381
|switch|p2b: Frank|Sinistcha, L50|100/100
|-heal|p2a: Archaludon|100/100|[from] ability: Hospitality|[of] p2b: Frank
|move|p1b: Ninetales|Blizzard|p2b: Frank|[spread] p2a,p2b
|-supereffective|p2b: Frank
|-damage|p2a: Archaludon|85/100
|-damage|p2b: Frank|57/100
|-ability|p2a: Archaludon|Stamina|boost
|-boost|p2a: Archaludon|def|1
|move|p2a: Archaludon|Electro Shot|p1b: Ninetales|[from] lockedmove
|-damage|p1b: Ninetales|4/100
|move|p1a: Dondozo|Liquidation|p2a: Archaludon
|-resisted|p2a: Archaludon
|-damage|p2a: Archaludon|60/100
|-ability|p2a: Archaludon|Stamina|boost
|-boost|p2a: Archaludon|def|1
|
|-weather|Snowscape|[upkeep]
|-fieldend|Misty Terrain
|upkeep
|turn|7
|
|t:|1754513419
|-terastallize|p1b: Ninetales|Ice
|-terastallize|p2b: Frank|Fairy
|move|p1b: Ninetales|Blizzard|p2b: Frank|[spread] p2a,p2b
|-damage|p2a: Archaludon|37/100
|-damage|p2b: Frank|28/100
|-ability|p2a: Archaludon|Stamina|boost
|-boost|p2a: Archaludon|def|1
|-enditem|p2b: Frank|Sitrus Berry|[eat]
|-heal|p2b: Frank|53/100|[from] item: Sitrus Berry
|move|p2a: Archaludon|Flash Cannon|p1b: Ninetales
|-supereffective|p1b: Ninetales
|-damage|p1b: Ninetales|0 fnt
|faint|p1b: Ninetales
|move|p2b: Frank|Life Dew|p2b: Frank|[spread] p2a,p2b
|-heal|p2a: Archaludon|62/100
|-heal|p2b: Frank|78/100
|move|p1a: Dondozo|Liquidation|p2a: Archaludon
|-resisted|p2a: Archaludon
|-damage|p2a: Archaludon|38/100
|-ability|p2a: Archaludon|Stamina|boost
|-boost|p2a: Archaludon|def|1
|
|-weather|Snowscape|[upkeep]
|upkeep
|
|t:|1754513439
|switch|p1b: Gholdengo|Gholdengo, L50|25/100
|turn|8
|
|t:|1754513469
|move|p1b: Gholdengo|Make It Rain|p2a: Archaludon|[spread] p2a,p2b
|-resisted|p2a: Archaludon
|-supereffective|p2b: Frank
|-damage|p2a: Archaludon|28/100
|-damage|p2b: Frank|26/100
|-unboost|p1b: Gholdengo|spa|1
|-ability|p2a: Archaludon|Stamina|boost
|-boost|p2a: Archaludon|def|1
|move|p2a: Archaludon|Electro Shot||[still]
|-prepare|p2a: Archaludon|Electro Shot
|-boost|p2a: Archaludon|spa|1
|move|p2b: Frank|Life Dew|p2b: Frank|[spread] p2a,p2b
|-heal|p2a: Archaludon|53/100
|-heal|p2b: Frank|51/100
|move|p1a: Dondozo|Liquidation|p2a: Archaludon
|-resisted|p2a: Archaludon
|-damage|p2a: Archaludon|30/100
|-unboost|p2a: Archaludon|def|1
|-ability|p2a: Archaludon|Stamina|boost
|-boost|p2a: Archaludon|def|1
|
|-weather|Snowscape|[upkeep]
|-sideend|p2: ToddHowardVGC|Reflect
|upkeep
|turn|9
|
|t:|1754513498
|switch|p2b: The Keys|Klefki, L50, M|100/100
|move|p1b: Gholdengo|Make It Rain|p2a: Archaludon|[spread] p2a,p2b
|-resisted|p2a: Archaludon
|-damage|p2a: Archaludon|23/100
|-damage|p2b: The Keys|78/100
|-unboost|p1b: Gholdengo|spa|1
|move|p2a: Archaludon|Electro Shot|p1b: Gholdengo|[from] lockedmove
|-damage|p1b: Gholdengo|0 fnt
|faint|p1b: Gholdengo
|move|p1a: Dondozo|Liquidation|p2b: The Keys
|-damage|p2b: The Keys|0 fnt
|faint|p2b: The Keys
|
|-weather|none
|upkeep
|
|t:|1754513513
|switch|p2b: Frank|Sinistcha, L50, tera:Fairy|51/100
|-heal|p2a: Archaludon|48/100|[from] ability: Hospitality|[of] p2b: Frank
|turn|10
|
|t:|1754513522
|move|p2a: Archaludon|Draco Meteor|p1a: Dondozo
|-crit|p1a: Dondozo
|-damage|p1a: Dondozo|35/100
|-unboost|p2a: Archaludon|spa|2
|move|p2b: Frank|Life Dew|p2b: Frank|[spread] p2a,p2b
|-heal|p2a: Archaludon|73/100
|-heal|p2b: Frank|76/100
|move|p1a: Dondozo|Liquidation|p2b: Frank
|-damage|p2b: Frank|0 fnt
|faint|p2b: Frank
|
|-heal|p1a: Dondozo|41/100|[from] item: Leftovers
|-sideend|p2: ToddHowardVGC|move: Light Screen
|upkeep
|turn|11
|
|t:|1754513539
|move|p1a: Dondozo|Protect|p1a: Dondozo
|-singleturn|p1a: Dondozo|Protect
|move|p2a: Archaludon|Draco Meteor|p1a: Dondozo
|-activate|p1a: Dondozo|move: Protect
|
|-heal|p1a: Dondozo|47/100|[from] item: Leftovers
|upkeep
|turn|12
|inactive|Battle timer is ON: inactive players will automatically lose when time's up. (requested by ToddHowardVGC)
|
|t:|1754513566
|move|p2a: Archaludon|Draco Meteor|p1a: Dondozo
|-damage|p1a: Dondozo|0 fnt
|-unboost|p2a: Archaludon|spa|2
|faint|p1a: Dondozo
|
|win|ToddHowardVGC
|raw|CoachChris's rating: 1215 → 1188(-27 for losing)
|raw|ToddHowardVGC's rating: 1182 → 1209(+27 for winning)
