|j|☆J4yz1lla
|j|☆rip bozo lol lmao
|html|J4yz1llarip bozo lol lmao    
|uhtml|bestof|Game 1 of a best-of-3
|t:|1757643953
|gametype|doubles
|player|p1|J4yz1lla|2|1122
|player|p2|rip bozo lol lmao|miku-fairy|1105
|gen|9
|tier|[Gen 9] VGC 2025 Reg H (Bo3)
|rated|
|rule|Species Clause: Limit one of each Pokémon
|rule|Item Clause: Limit 1 of each item
|clearpoke
|poke|p1|Garchomp, L50, F|
|poke|p1|Tyranitar, L50, F|
|poke|p1|Corviknight, L50, F|
|poke|p1|Gastrodon, L50, M|
|poke|p1|Annihilape, L50, M|
|poke|p1|Grimmsnarl, L50, M|
|poke|p2|Corviknight, L50, F|
|poke|p2|Indeedee, L50, M|
|poke|p2|Tyranitar, L50, M|
|poke|p2|Excadrill, L50, F|
|poke|p2|Sneasler, L50, M|
|poke|p2|Sinistcha, L50|
|teampreview|4
|showteam|p1|Garchomp||ClearAmulet|RoughSkin|Earthquake,SwordsDance,Protect,IronHead|||F|||50|,,,,,Steel]Tyranitar||AssaultVest|SandStream|LowKick,RockSlide,KnockOff,HighHorsepower|||F|||50|,,,,,Flying]Corviknight||SitrusBerry|MirrorArmor|BodyPress,BulkUp,BraveBird,Tailwind|||F|||50|,,,,,Dragon]Gastrodon||CovertCloak|StormDrain|Yawn,MuddyWater,Protect,EarthPower|||M|||50|,,,,,Poison]Annihilape||Leftovers|Defiant|BulkUp,RageFist,DrainPunch,Protect|||M|||50|,,,,,Water]Grimmsnarl||LightClay|Prankster|Reflect,LightScreen,MistyTerrain,SpiritBreak|||M|||50|,,,,,Ghost
|showteam|p2|Corviknight||PsychicSeed|MirrorArmor|BraveBird,PowerTrip,BulkUp,Roost|||F|||50|,,,,,Fire]Indeedee||ChoiceScarf|PsychicSurge|ExpandingForce,TeraBlast,Trick,DazzlingGleam|||M|||50|,,,,,Psychic]Tyranitar||AssaultVest|SandStream|RockSlide,KnockOff,TeraBlast,LowKick|||M|||50|,,,,,Flying]Excadrill||FocusSash|SandRush|Earthquake,IronHead,SwordsDance,Protect|||F|||50|,,,,,Ground]Sneasler||WhiteHerb|Unburden|DireClaw,CloseCombat,Coaching,Protect|||M|||50|,,,,,Ghost]Sinistcha||SitrusBerry|Hospitality|MatchaGotcha,RagePowder,Curse,LifeDew||||||50|,,,,,Dark
|inactive|Battle timer is ON: inactive players will automatically lose when time's up. (requested by rip bozo lol lmao)
|
|t:|1757644018
|teamsize|p1|4
|teamsize|p2|4
|start
|switch|p1a: Grimmsnarl|Grimmsnarl, L50, M|100/100
|switch|p1b: Annihilape|Annihilape, L50, M|100/100
|switch|p2a: Inthony Deetano|Indeedee, L50, M|100/100
|switch|p2b: I hate this mon|Sneasler, L50, M|100/100
|-fieldstart|move: Psychic Terrain|[from] ability: Psychic Surge|[of] p2a: Inthony Deetano
|turn|1
|inactive|J4yz1lla has 30 seconds left.
|
|t:|1757644050
|switch|p2a: BIRDBRAIN|Corviknight, L50, F, shiny|100/100
|-enditem|p2a: BIRDBRAIN|Psychic Seed
|-boost|p2a: BIRDBRAIN|spd|1|[from] item: Psychic Seed
|move|p1a: Grimmsnarl|Misty Terrain|p1a: Grimmsnarl
|-fieldstart|move: Misty Terrain
|move|p2b: I hate this mon|Coaching|p2a: BIRDBRAIN
|-boost|p2a: BIRDBRAIN|atk|1
|-boost|p2a: BIRDBRAIN|def|1
|move|p1b: Annihilape|Rage Fist|p2b: I hate this mon
|-damage|p2b: I hate this mon|54/100
|
|upkeep
|turn|2
|
|t:|1757644071
|move|p1a: Grimmsnarl|Reflect|p1a: Grimmsnarl
|-sidestart|p1: J4yz1lla|Reflect
|move|p2b: I hate this mon|Coaching|p2a: BIRDBRAIN
|-boost|p2a: BIRDBRAIN|atk|1
|-boost|p2a: BIRDBRAIN|def|1
|move|p1b: Annihilape|Bulk Up|p1b: Annihilape
|-boost|p1b: Annihilape|atk|1
|-boost|p1b: Annihilape|def|1
|move|p2a: BIRDBRAIN|Bulk Up|p2a: BIRDBRAIN
|-boost|p2a: BIRDBRAIN|atk|1
|-boost|p2a: BIRDBRAIN|def|1
|
|upkeep
|turn|3
|inactive|J4yz1lla has 30 seconds left.
|
|t:|1757644097
|move|p2b: I hate this mon|Coaching|p2a: BIRDBRAIN
|-boost|p2a: BIRDBRAIN|atk|1
|-boost|p2a: BIRDBRAIN|def|1
|move|p1b: Annihilape|Rage Fist|p2b: I hate this mon
|-damage|p2b: I hate this mon|0 fnt
|faint|p2b: I hate this mon
|move|p2a: BIRDBRAIN|Brave Bird|p1b: Annihilape
|-supereffective|p1b: Annihilape
|-damage|p1b: Annihilape|0 fnt
|faint|p1b: Annihilape
|-damage|p2a: BIRDBRAIN|64/100|[from] Recoil
|move|p1a: Grimmsnarl|Spirit Break|p2a: BIRDBRAIN
|-resisted|p2a: BIRDBRAIN
|-damage|p2a: BIRDBRAIN|59/100
|-ability|p2a: BIRDBRAIN|Mirror Armor
|-unboost|p1a: Grimmsnarl|spa|1
|
|upkeep
|
|t:|1757644110
|switch|p2b: Four Loko|Sinistcha, L50|100/100
|switch|p1b: Gastrodon|Gastrodon, L50, M|100/100
|-heal|p2a: BIRDBRAIN|84/100|[from] ability: Hospitality|[of] p2b: Four Loko
|turn|4
|
|t:|1757644123
|move|p1b: Gastrodon|Protect|p1b: Gastrodon
|-singleturn|p1b: Gastrodon|Protect
|move|p1a: Grimmsnarl|Light Screen|p1a: Grimmsnarl
|-sidestart|p1: J4yz1lla|move: Light Screen
|move|p2a: BIRDBRAIN|Brave Bird|p1b: Gastrodon
|-activate|p1b: Gastrodon|move: Protect
|move|p2b: Four Loko|Matcha Gotcha|p1a: Grimmsnarl|[spread] p1a
|-activate|p1b: Gastrodon|move: Protect
|-damage|p1a: Grimmsnarl|85/100
|
|upkeep
|turn|5
|
|t:|1757644139
|-terastallize|p1b: Gastrodon|Poison
|move|p2a: BIRDBRAIN|Brave Bird|p1b: Gastrodon
|-damage|p1b: Gastrodon|21/100
|-damage|p2a: BIRDBRAIN|56/100|[from] Recoil
|move|p2b: Four Loko|Matcha Gotcha|p1b: Gastrodon|[spread] p1a,p1b
|-resisted|p1b: Gastrodon
|-damage|p1a: Grimmsnarl|69/100
|-damage|p1b: Gastrodon|15/100
|move|p1b: Gastrodon|Yawn|p2a: BIRDBRAIN
|-start|p2a: BIRDBRAIN|move: Yawn|[of] p1b: Gastrodon
|move|p1a: Grimmsnarl|Spirit Break|p2b: Four Loko
|-damage|p2b: Four Loko|75/100
|-unboost|p2b: Four Loko|spa|1
|
|-fieldend|Misty Terrain
|upkeep
|turn|6
|
|t:|1757644160
|move|p1b: Gastrodon|Protect|p1b: Gastrodon
|-singleturn|p1b: Gastrodon|Protect
|move|p2a: BIRDBRAIN|Brave Bird|p1a: Grimmsnarl
|-damage|p1a: Grimmsnarl|0 fnt
|faint|p1a: Grimmsnarl
|-damage|p2a: BIRDBRAIN|33/100|[from] Recoil
|move|p2b: Four Loko|Life Dew|p2b: Four Loko|[spread] p2a,p2b
|-heal|p2a: BIRDBRAIN|58/100
|-heal|p2b: Four Loko|99/100
|
|-end|p2a: BIRDBRAIN|move: Yawn|[silent]
|-status|p2a: BIRDBRAIN|slp
|upkeep
|
|t:|1757644166
|switch|p1a: Garchomp|Garchomp, L50, F|100/100
|turn|7
|inactive|rip bozo lol lmao has 30 seconds left.
|
|t:|1757644192
|move|p1a: Garchomp|Swords Dance|p1a: Garchomp
|-boost|p1a: Garchomp|atk|2
|cant|p2a: BIRDBRAIN|slp
|move|p2b: Four Loko|Curse|p1a: Garchomp
|-start|p1a: Garchomp|Curse|[of] p2b: Four Loko
|-damage|p2b: Four Loko|50/100
|-enditem|p2b: Four Loko|Sitrus Berry|[eat]
|-heal|p2b: Four Loko|75/100|[from] item: Sitrus Berry
|move|p1b: Gastrodon|Yawn|p2b: Four Loko
|-start|p2b: Four Loko|move: Yawn|[of] p1b: Gastrodon
|
|-damage|p1a: Garchomp|76/100|[from] Curse
|upkeep
|turn|8
|
|t:|1757644209
|move|p2b: Four Loko|Rage Powder|p2b: Four Loko
|-singleturn|p2b: Four Loko|move: Rage Powder
|move|p1a: Garchomp|Iron Head|p2b: Four Loko
|-damage|p2b: Four Loko|20/100
|cant|p2a: BIRDBRAIN|slp
|move|p1b: Gastrodon|Muddy Water|p2a: BIRDBRAIN|[spread] p2a,p2b
|-resisted|p2b: Four Loko
|-damage|p2a: BIRDBRAIN|44/100 slp
|-damage|p2b: Four Loko|10/100
|-unboost|p2b: Four Loko|accuracy|1
|
|-damage|p1a: Garchomp|51/100|[from] Curse
|-end|p2b: Four Loko|move: Yawn|[silent]
|-status|p2b: Four Loko|slp
|upkeep
|turn|9
|
|t:|1757644230
|cant|p2b: Four Loko|slp
|move|p1a: Garchomp|Iron Head|p2a: BIRDBRAIN
|-resisted|p2a: BIRDBRAIN
|-damage|p2a: BIRDBRAIN|36/100 slp
|cant|p2a: BIRDBRAIN|slp
|move|p1b: Gastrodon|Muddy Water|p2b: Four Loko|[spread] p2a
|-miss|p1b: Gastrodon|p2b: Four Loko
|-damage|p2a: BIRDBRAIN|20/100 slp
|
|-damage|p1a: Garchomp|27/100|[from] Curse
|-sideend|p1: J4yz1lla|Reflect
|upkeep
|turn|10
|
|t:|1757644244
|cant|p2b: Four Loko|slp
|move|p1a: Garchomp|Iron Head|p2a: BIRDBRAIN
|-resisted|p2a: BIRDBRAIN
|-damage|p2a: BIRDBRAIN|11/100 slp
|-curestatus|p2a: BIRDBRAIN|slp|[msg]
|cant|p2a: BIRDBRAIN|flinch
|move|p1b: Gastrodon|Muddy Water|p2b: Four Loko|[spread] p2a
|-miss|p1b: Gastrodon|p2b: Four Loko
|-damage|p2a: BIRDBRAIN|0 fnt
|faint|p2a: BIRDBRAIN
|
|-damage|p1a: Garchomp|2/100|[from] Curse
|upkeep
|
|t:|1757644248
|switch|p2a: Inthony Deetano|Indeedee, L50, M|100/100
|-fieldstart|move: Psychic Terrain|[from] ability: Psychic Surge|[of] p2a: Inthony Deetano
|turn|11
|
|t:|1757644273
|cant|p2b: Four Loko|slp
|move|p2a: Inthony Deetano|Expanding Force|p1a: Garchomp|[spread] p1a,p1b
|-supereffective|p1b: Gastrodon
|-damage|p1a: Garchomp|0 fnt
|-damage|p1b: Gastrodon|0 fnt
|faint|p1a: Garchomp
|faint|p1b: Gastrodon
|
|win|rip bozo lol lmao
|l|☆J4yz1lla
|player|p1|
||J4yz1lla is ready for game 2.
