|j|‽redpkmntrainer14
|j|☆castoriceball
|html|redpkmntrainer14castoriceball    
|uhtml|bestof|Game 1 of a best-of-3
|t:|1784020739
|gametype|doubles
|player|p1|redpkmntrainer14|guitarist|1198
|player|p2|castoriceball|miku-flying|1253
|gen|9
|tier|[Gen 9 Champions] VGC 2026 Reg M-B (Bo3)
|rated|
|rule|Species Clause: Limit one of each Pokémon
|rule|Item Clause: Limit 1 of each item
|clearpoke
|poke|p1|Charizard, L50, F|
|poke|p1|Sinistcha, L50|
|poke|p1|Sneasler, L50, F|
|poke|p1|Kingambit, L50, F|
|poke|p1|Scizor, L50, F, shiny|
|poke|p1|Glimmora, L50, F|
|poke|p2|Garchomp, L50, F|
|poke|p2|Floette-Eternal, L50, F|
|poke|p2|Talonflame, L50, M|
|poke|p2|Rotom-Wash, L50, shiny|
|poke|p2|Sneasler, L50, F|
|poke|p2|Venusaur, L50, F|
|teampreview|4
|showteam|p1|Charizard||CharizarditeX|Blaze|BellyDrum,BreakingSwipe,FlareBlitz,Protect|Jolly||F|||50|]Sinistcha||SitrusBerry|Hospitality|RagePowder,MatchaGotcha,LifeDew,StrengthSap|Modest|||||50|]Sneasler||FocusSash|PoisonTouch|DireClaw,Uturn,CloseCombat,FakeOut|Adamant||F|||50|]Kingambit||LifeOrb|SupremeOverlord|Protect,KowtowCleave,IronHead,SuckerPunch|Adamant||F|||50|]Scizor||Scizorite|Technician|BulletPunch,CloseCombat,SwordsDance,BugBite|Adamant||F|||50|]Glimmora||ShucaBerry|ToxicDebris|DazzlingGleam,EarthPower,PowerGem,SludgeBomb|Modest||F|||50|
|showteam|p2|Garchomp||LifeOrb|RoughSkin|DragonClaw,Earthquake,RockSlide,Protect|Adamant||F|||50|]Floette-Eternal||Floettite|FlowerVeil|Moonblast,DazzlingGleam,LightofRuin,Protect|Modest||F|||50|]Talonflame||SharpBeak|GaleWings|Tailwind,DualWingbeat,FlareBlitz,Protect|Jolly||M|||50|]Rotom-Wash||Magnet|Levitate|Thunderbolt,HydroPump,Electroweb,Protect|Modest|||||50|]Sneasler||FocusSash|PoisonTouch|FakeOut,CloseCombat,DireClaw,QuickGuard|Adamant||F|||50|]Venusaur||Venusaurite|Chlorophyll|GigaDrain,SludgeBomb,EarthPower,Protect|Modest||F|||50|
|inactive|Battle timer is ON: inactive players will automatically lose when time's up. (requested by redpkmntrainer14)
|
|t:|1784020791
|teamsize|p1|4
|teamsize|p2|4
|start
|switch|p1a: Sneasler|Sneasler, L50, F|100/100
|switch|p1b: Charizard|Charizard, L50, F|100/100
|switch|p2a: $70 flutter|Floette-Eternal, L50, F|100/100
|switch|p2b: BIRDD|Talonflame, L50, M|100/100
|turn|1
|
|t:|1784020809
|detailschange|p1b: Charizard|Charizard-Mega-X, L50, F
|-mega|p1b: Charizard|Charizard|Charizardite X
|detailschange|p2a: $70 flutter|Floette-Mega, L50, F
|-mega|p2a: $70 flutter|Floette|Floettite
|-ability|p2a: $70 flutter|Fairy Aura
|move|p1a: Sneasler|Fake Out|p2a: $70 flutter
|-damage|p2a: $70 flutter|81/100
|move|p2b: BIRDD|Dual Wingbeat|p1a: Sneasler
|-supereffective|p1a: Sneasler|1
|-damage|p1a: Sneasler|38/100
|-supereffective|p1a: Sneasler|1
|-damage|p1a: Sneasler|0 fnt
|faint|p1a: Sneasler
|-hitcount|p1: Sneasler|2
|move|p1b: Charizard|Breaking Swipe|p2b: BIRDD|[spread] p2b
|-immune|p2a: $70 flutter
|-damage|p2b: BIRDD|56/100
|-unboost|p2b: BIRDD|atk|1
|cant|p2a: $70 flutter|flinch
|
|upkeep
|
|t:|1784020825
|switch|p1a: Glimmora|Glimmora, L50, F|100/100
|turn|2
|
|t:|1784020832
|switch|p2a: jarchomp|Garchomp, L50, F|100/100
|move|p2b: BIRDD|Protect|p2b: BIRDD
|-singleturn|p2b: BIRDD|Protect
|move|p1b: Charizard|Breaking Swipe|p2a: jarchomp|[spread] p2a
|-activate|p2b: BIRDD|move: Protect
|-supereffective|p2a: jarchomp|1
|-damage|p2a: jarchomp|34/100
|-unboost|p2a: jarchomp|atk|1
|-damage|p1b: Charizard|87/100|[from] ability: Rough Skin|[of] p2a: jarchomp
|move|p1a: Glimmora|Sludge Bomb|p2a: jarchomp
|-resisted|p2a: jarchomp|1
|-damage|p2a: jarchomp|5/100
|
|upkeep
|turn|3
|
|t:|1784020846
|move|p2a: jarchomp|Protect|p2a: jarchomp
|-singleturn|p2a: jarchomp|Protect
|move|p2b: BIRDD|Tailwind|p2b: BIRDD
|-sidestart|p2: castoriceball|move: Tailwind
|move|p1b: Charizard|Breaking Swipe|p2b: BIRDD|[spread] p2b
|-activate|p2a: jarchomp|move: Protect
|-damage|p2b: BIRDD|5/100
|-unboost|p2b: BIRDD|atk|1
|move|p1a: Glimmora|Power Gem|p2b: BIRDD
|-supereffective|p2b: BIRDD|2
|-damage|p2b: BIRDD|0 fnt
|faint|p2b: BIRDD
|
|upkeep
|
|t:|1784020851
|switch|p2b: Laundry List|Rotom-Wash, L50, shiny|100/100
|turn|4
|
|t:|1784020866
|switch|p1a: Sinistcha|Sinistcha, L50|100/100
|-heal|p1b: Charizard|100/100|[from] ability: Hospitality|[of] p1a: Sinistcha
|move|p2a: jarchomp|Earthquake|p1b: Charizard|[spread] p1a,p1b
|-immune|p2b: Laundry List|[from] ability: Levitate
|-resisted|p1a: Sinistcha|1
|-supereffective|p1b: Charizard|1
|-damage|p1a: Sinistcha|84/100
|-damage|p1b: Charizard|16/100
|-damage|p2a: jarchomp|0 fnt|[from] item: Life Orb
|faint|p2a: jarchomp
|move|p2b: Laundry List|Hydro Pump|p1b: Charizard|[miss]
|-miss|p2b: Laundry List|p1b: Charizard
|move|p1b: Charizard|Breaking Swipe|p2b: Laundry List
|-damage|p2b: Laundry List|55/100
|-unboost|p2b: Laundry List|atk|1
|
|upkeep
|
|t:|1784020884
|switch|p2a: $70 flutter|Floette-Mega, L50, F|81/100
|-ability|p2a: $70 flutter|Fairy Aura
|turn|5
|
|t:|1784020893
|move|p1b: Charizard|Protect|p1b: Charizard
|-singleturn|p1b: Charizard|Protect
|move|p2a: $70 flutter|Light of Ruin|p1a: Sinistcha
|-damage|p1a: Sinistcha|0 fnt
|faint|p1a: Sinistcha
|-damage|p2a: $70 flutter|42/100|[from] Recoil
|move|p2b: Laundry List|Thunderbolt|p1b: Charizard
|-activate|p1b: Charizard|move: Protect
|
|upkeep
|
|t:|1784020902
|switch|p1a: Glimmora|Glimmora, L50, F|100/100
|turn|6
|
|t:|1784020910
|move|p2a: $70 flutter|Dazzling Gleam|p1b: Charizard|[spread] p1a,p1b
|-resisted|p1a: Glimmora|1
|-damage|p1a: Glimmora|69/100
|-damage|p1b: Charizard|0 fnt
|faint|p1b: Charizard
|move|p2b: Laundry List|Hydro Pump|p1a: Glimmora
|-supereffective|p1a: Glimmora|1
|-crit|p1a: Glimmora
|-damage|p1a: Glimmora|0 fnt
|faint|p1a: Glimmora
|
|win|castoriceball
