|j|☆ancyor
|j|☆Harry Hard TR
|html|ancyorHarry Hard TR    
|uhtml|bestof|Game 1 of a best-of-3
|t:|1785472919
|gametype|doubles
|player|p1|ancyor|plasmagruntf|1079
|player|p2|Harry Hard TR|lass-gen8|1152
|gen|9
|tier|[Gen 9 Champions] VGC 2026 Reg M-B (Bo3)
|rated|
|rule|Species Clause: Limit one of each Pokémon
|rule|Item Clause: Limit 1 of each item
|clearpoke
|poke|p1|Eelektross, L50, M|
|poke|p1|Pelipper, L50, M|
|poke|p1|Metagross, L50|
|poke|p1|Espathra, L50, F, shiny|
|poke|p1|Corviknight, L50, F, shiny|
|poke|p1|Annihilape, L50, M, shiny|
|poke|p2|Gardevoir, L50, M|
|poke|p2|Meowstic, L50, M|
|poke|p2|Archaludon, L50, M|
|poke|p2|Pelipper, L50, M|
|poke|p2|Maushold, L50|
|poke|p2|Swampert, L50, M|
|teampreview|4
|showteam|p1|Eelektross||Eelektrossite|Levitate|Thunder,SupercellSlam,CloseCombat,Liquidation|Hasty||M|||50|]Pelipper||ExpertBelt|Drizzle|RainDance,Hurricane,Tailwind,MuddyWater|Bold||M|||50|]Metagross||Metagrossite|ClearBody|BulletPunch,ZenHeadbutt,BodyPress,Earthquake|Jolly|||||50|]Espathra||ColburBerry|SpeedBoost|Hypnosis,ConfuseRay,LightScreen,DazzlingGleam|Timid||F|||50|]Corviknight||Leftovers|MirrorArmor|IronHead,BodyPress,Roost,RainDance|Impish||F|||50|]Annihilape||FocusSash|Defiant|BrickBreak,LowKick,ShadowClaw,IcePunch|Hasty||M|||50|
|showteam|p2|Gardevoir||Gardevoirite|Synchronize|Protect,HyperVoice,ExpandingForce,AuraSphere|Modest||M|||50|]Meowstic||LightClay|Prankster|PsychicNoise,PsychicTerrain,LightScreen,Reflect|Bold||M|||50|]Archaludon||Leftovers|Stamina|Protect,DragonPulse,FlashCannon,ElectroShot|Calm||M|||50|]Pelipper||SitrusBerry|Drizzle|WideGuard,WeatherBall,Hurricane,Tailwind|Bold||M|||50|]Maushold||FocusSash|FriendGuard|Protect,SuperFang,Encore,FollowMe|Timid|||||50|]Swampert||Swampertite|Torrent|Protect,WaveCrash,Earthquake,IcePunch|Adamant||M|||50|
|inactive|Battle timer is ON: inactive players will automatically lose when time's up. (requested by ancyor)
|
|t:|1785472969
|teamsize|p1|4
|teamsize|p2|4
|start
|switch|p1a: Espathra|Espathra, L50, F, shiny|100/100
|switch|p1b: Corviknight|Corviknight, L50, F, shiny|100/100
|switch|p2a: Pelipper|Pelipper, L50, M|100/100
|switch|p2b: Archaludon|Archaludon, L50, M|100/100
|-weather|RainDance|[from] ability: Drizzle|[of] p2a: Pelipper
|turn|1
|
|t:|1785472990
|switch|p1b: Eelektross|Eelektross, L50, M|100/100
|move|p1a: Espathra|Hypnosis|p2b: Archaludon
|-status|p2b: Archaludon|slp|[from] move: Hypnosis
|cant|p2b: Archaludon|slp
|move|p2a: Pelipper|Tailwind|p2a: Pelipper
|-sidestart|p2: Harry Hard TR|move: Tailwind
|
|-weather|RainDance|[upkeep]
|-ability|p1a: Espathra|Speed Boost|boost
|-boost|p1a: Espathra|spe|1
|upkeep
|turn|2
|
|t:|1785473010
|detailschange|p1b: Eelektross|Eelektross-Mega, L50, M
|-mega|p1b: Eelektross|Eelektross|Eelektrossite
|move|p1a: Espathra|Confuse Ray|p2b: Archaludon
|-start|p2b: Archaludon|confusion
|cant|p2b: Archaludon|slp
|move|p2a: Pelipper|Weather Ball|p1a: Espathra
|-damage|p1a: Espathra|32/100
|move|p1b: Eelektross|Thunder|p2a: Pelipper
|-supereffective|p2a: Pelipper|2
|-damage|p2a: Pelipper|0 fnt
|faint|p2a: Pelipper
|-ability|p1b: Eelektross|Eelevate|boost
|-boost|p1b: Eelektross|atk|1
|
|-weather|RainDance|[upkeep]
|-ability|p1a: Espathra|Speed Boost|boost
|-boost|p1a: Espathra|spe|1
|upkeep
|
|t:|1785473021
|switch|p2a: Meowstic|Meowstic, L50, M|100/100
|turn|3
|
|t:|1785473041
|switch|p1a: Annihilape|Annihilape, L50, M, shiny|100/100
|move|p2a: Meowstic|Reflect|p2a: Meowstic
|-sidestart|p2: Harry Hard TR|Reflect
|-curestatus|p2b: Archaludon|slp|[msg]
|-activate|p2b: Archaludon|confusion
|-damage|p2b: Archaludon|93/100|[from] confusion
|move|p1b: Eelektross|Close Combat|p2b: Archaludon
|-supereffective|p2b: Archaludon|1
|-damage|p2b: Archaludon|28/100
|-unboost|p1b: Eelektross|def|1
|-unboost|p1b: Eelektross|spd|1
|-ability|p2b: Archaludon|Stamina|boost
|-boost|p2b: Archaludon|def|1
|
|-weather|RainDance|[upkeep]
|-heal|p2b: Archaludon|34/100|[from] item: Leftovers
|upkeep
|turn|4
|inactive|ancyor has 30 seconds left.
|
|t:|1785473067
|move|p2a: Meowstic|Psychic Terrain|p2a: Meowstic
|-fieldstart|move: Psychic Terrain
|-activate|p2b: Archaludon|confusion
|move|p2b: Archaludon|Dragon Pulse|p1b: Eelektross
|-damage|p1b: Eelektross|36/100
|move|p1a: Annihilape|Brick Break|p2b: Archaludon
|-sideend|p2: Harry Hard TR|Reflect
|-supereffective|p2b: Archaludon|1
|-damage|p2b: Archaludon|0 fnt
|faint|p2b: Archaludon
|move|p1b: Eelektross|Thunder|p2a: Meowstic
|-crit|p2a: Meowstic
|-damage|p2a: Meowstic|20/100y
|-status|p2a: Meowstic|par
|
|-weather|RainDance|[upkeep]
|-sideend|p2: Harry Hard TR|move: Tailwind
|upkeep
|
|t:|1785473073
|switch|p2b: Gardevoir|Gardevoir, L50, M|100/100
|turn|5
|inactive|ancyor has 30 seconds left.
|
|t:|1785473099
|detailschange|p2b: Gardevoir|Gardevoir-Mega, L50, M
|-mega|p2b: Gardevoir|Gardevoir|Gardevoirite
|move|p2a: Meowstic|Reflect|p2a: Meowstic
|-sidestart|p2: Harry Hard TR|Reflect
|move|p1a: Annihilape|Shadow Claw|p2b: Gardevoir
|-supereffective|p2b: Gardevoir|1
|-damage|p2b: Gardevoir|36/100
|move|p1b: Eelektross|Liquidation|p2a: Meowstic
|-damage|p2a: Meowstic|0 fnt
|faint|p2a: Meowstic
|-ability|p1b: Eelektross|Eelevate|boost
|-boost|p1b: Eelektross|atk|1
|move|p2b: Gardevoir|Expanding Force|p1b: Eelektross|[spread] p1a,p1b
|-supereffective|p1a: Annihilape|1
|-enditem|p1a: Annihilape|Focus Sash
|-damage|p1a: Annihilape|1/100
|-damage|p1b: Eelektross|0 fnt
|faint|p1b: Eelektross
|
|-weather|none
|upkeep
|
|t:|1785473119
|switch|p1b: Espathra|Espathra, L50, F, shiny|32/100
|turn|6
|
|t:|1785473128
|move|p1b: Espathra|Hypnosis|p2b: Gardevoir|[miss]
|-miss|p1b: Espathra|p2b: Gardevoir
|move|p1a: Annihilape|Shadow Claw|p2b: Gardevoir
|-supereffective|p2b: Gardevoir|1
|-damage|p2b: Gardevoir|0 fnt
|faint|p2b: Gardevoir
|
|win|ancyor
