|j|☆dhrx
|j|☆Jcoisa
|html|dhrxJcoisa    
|uhtml|bestof|Game 1 of a best-of-3
|t:|1783560513
|gametype|doubles
|player|p1|dhrx|lucian|
|player|p2|Jcoisa|red|
|gen|9
|tier|[Gen 9 Champions] VGC 2026 Reg M-B (Bo3)
|rule|Species Clause: Limit one of each Pokémon
|rule|Item Clause: Limit 1 of each item
|clearpoke
|poke|p1|Delphox, L50, F|
|poke|p1|Blastoise, L50, M|
|poke|p1|Sneasler, L50, F|
|poke|p1|Incineroar, L50, M|
|poke|p1|Sinistcha, L50|
|poke|p1|Maushold-Four, L50|
|poke|p2|Scovillain, L50, F|
|poke|p2|Excadrill, L50, F|
|poke|p2|Tyranitar, L50, M|
|poke|p2|Basculegion, L50, M|
|poke|p2|Corviknight, L50, F|
|poke|p2|Sneasler, L50, M|
|teampreview|4
|showteam|p1|Delphox||Delphoxite|Blaze|Protect,HeatWave,Psyshock,NastyPlot|Modest||F|||50|]Blastoise||Blastoisinite|RainDish|Protect,WaterSpout,ShellSmash,DarkPulse|Modest||M|||50|]Sneasler||WhiteHerb|Unburden|GunkShot,CloseCombat,RainDance,FakeOut|Jolly||F|||50|]Incineroar||SitrusBerry|Intimidate|FlareBlitz,ThroatChop,FakeOut,PartingShot|Impish||M|||50|]Sinistcha||KasibBerry|Hospitality|Protect,MatchaGotcha,LifeDew,RagePowder|Bold|||||50|]Maushold-Four||FocusSash|FriendGuard|Protect,FollowMe,SuperFang,Feint|Jolly|||||50|
|showteam|p2|Scovillain||Scovillainite|Moody|Overheat,GigaDrain,RagePowder,Protect|Modest||F|||50|]Excadrill||FocusSash|SandRush|HighHorsepower,IronHead,RockSlide,Protect|Adamant||F|||50|]Tyranitar||Tyranitarite|SandStream|RockSlide,KnockOff,LowKick,Protect|Adamant||M|||50|]Basculegion||ChoiceScarf|Adaptability|WaveCrash,FlipTurn,AquaJet,LastRespects|Jolly||M|||50|]Corviknight||Leftovers|MirrorArmor|BraveBird,IronHead,BulkUp,Tailwind|Adamant||F|||50|]Sneasler||WhiteHerb|Unburden|DireClaw,CloseCombat,FakeOut,Protect|Jolly||M|||50|
|
|t:|1783560608
|teamsize|p1|4
|teamsize|p2|4
|start
|switch|p1a: Blastoise|Blastoise, L50, M|100/100
|switch|p1b: Sneasler|Sneasler, L50, F|100/100
|switch|p2a: Sneasler|Sneasler, L50, M|100/100
|switch|p2b: Basculegion|Basculegion, L50, M|100/100
|turn|1
|
|t:|1783560628
|detailschange|p1a: Blastoise|Blastoise-Mega, L50, M
|-mega|p1a: Blastoise|Blastoise|Blastoisinite
|move|p1b: Sneasler|Fake Out|p2a: Sneasler
|-damage|p2a: Sneasler|88/100
|cant|p2a: Sneasler|flinch
|move|p2b: Basculegion|Flip Turn|p1b: Sneasler
|-damage|p1b: Sneasler|58/100
|
|t:|1783560637
|switch|p2b: Scovillain|Scovillain, L50, F|100/100|[from] Flip Turn
|move|p1a: Blastoise|Shell Smash|p1a: Blastoise
|-unboost|p1a: Blastoise|def|1
|-unboost|p1a: Blastoise|spd|1
|-boost|p1a: Blastoise|atk|2
|-boost|p1a: Blastoise|spa|2
|-boost|p1a: Blastoise|spe|2
|
|-ability|p2b: Scovillain|Moody|boost
|-boost|p2b: Scovillain|spa|2
|-unboost|p2b: Scovillain|atk|1
|upkeep
|turn|2
|
|t:|1783560656
|switch|p1b: Incineroar|Incineroar, L50, M|100/100
|-ability|p1b: Incineroar|Intimidate|boost
|-unboost|p2a: Sneasler|atk|1
|-unboost|p2b: Scovillain|atk|1
|-enditem|p2a: Sneasler|White Herb
|-clearnegativeboost|p2a: Sneasler|[silent]
|detailschange|p2b: Scovillain|Scovillain-Mega, L50, F
|-mega|p2b: Scovillain|Scovillain|Scovillainite
|move|p2a: Sneasler|Protect|p2a: Sneasler
|-singleturn|p2a: Sneasler|Protect
|move|p1a: Blastoise|Protect|p1a: Blastoise
|-singleturn|p1a: Blastoise|Protect
|move|p2b: Scovillain|Giga Drain|p1a: Blastoise
|-activate|p1a: Blastoise|move: Protect
|
|upkeep
|turn|3
|
|t:|1783560681
|move|p1b: Incineroar|Fake Out|p2a: Sneasler
|-damage|p2a: Sneasler|77/100
|move|p2b: Scovillain|Rage Powder|p2b: Scovillain
|-singleturn|p2b: Scovillain|move: Rage Powder
|cant|p2a: Sneasler|flinch
|move|p1a: Blastoise|Water Spout|p2b: Scovillain|[spread] p2a,p2b
|-damage|p2a: Sneasler|0 fnt
|-damage|p2b: Scovillain|0 fnt
|-status|p1a: Blastoise|brn|[from] ability: Spicy Spray|[of] p2b: Scovillain
|faint|p2a: Sneasler
|faint|p2b: Scovillain
|
|-damage|p1a: Blastoise|94/100 brn|[from] brn
|upkeep
|
|t:|1783560695
|switch|p2a: Basculegion|Basculegion, L50, M|100/100
|switch|p2b: Tyranitar|Tyranitar, L50, M|100/100
|-weather|Sandstorm|[from] ability: Sand Stream|[of] p2b: Tyranitar
|turn|4
|
|t:|1783560713
|move|p1a: Blastoise|Dark Pulse|p2a: Basculegion
|-supereffective|p2a: Basculegion|1
|-damage|p2a: Basculegion|0 fnt
|faint|p2a: Basculegion
|move|p2b: Tyranitar|Rock Slide|p1a: Blastoise|[spread] p1a,p1b
|-supereffective|p1b: Incineroar|1
|-damage|p1a: Blastoise|53/100 brn
|-damage|p1b: Incineroar|61/100
|move|p1b: Incineroar|Parting Shot|p2b: Tyranitar
|-unboost|p2b: Tyranitar|atk|1
|-unboost|p2b: Tyranitar|spa|1
|
|t:|1783560722
|switch|p1b: Sneasler|Sneasler, L50, F|58/100|[from] Parting Shot
|
|-weather|Sandstorm|[upkeep]
|-damage|p1a: Blastoise|48/100 brn|[from] Sandstorm
|-damage|p1b: Sneasler|52/100|[from] Sandstorm
|-damage|p1a: Blastoise|42/100 brn|[from] brn
|upkeep
|turn|5
|
|t:|1783560731
|move|p1a: Blastoise|Protect|p1a: Blastoise
|-singleturn|p1a: Blastoise|Protect
|move|p1b: Sneasler|Rain Dance|p1b: Sneasler
|-weather|RainDance
|move|p2b: Tyranitar|Rock Slide|p1a: Blastoise|[spread] p1b
|-activate|p1a: Blastoise|move: Protect
|-resisted|p1b: Sneasler|1
|-damage|p1b: Sneasler|41/100
|
|-weather|RainDance|[upkeep]
|-damage|p1a: Blastoise|36/100 brn|[from] brn
|upkeep
|turn|6
|
|t:|1783560746
|switch|p1b: Sinistcha|Sinistcha, L50|100/100
|-heal|p1a: Blastoise|61/100 brn|[from] ability: Hospitality|[of] p1b: Sinistcha
|move|p2b: Tyranitar|Protect|p2b: Tyranitar
|-singleturn|p2b: Tyranitar|Protect
|move|p1a: Blastoise|Water Spout|p2b: Tyranitar
|-activate|p2b: Tyranitar|move: Protect
|
|-weather|RainDance|[upkeep]
|-damage|p1a: Blastoise|55/100 brn|[from] brn
|upkeep
|turn|7
|
|t:|1783560760
|move|p1a: Blastoise|Water Spout|p2b: Tyranitar
|-supereffective|p2b: Tyranitar|1
|-damage|p2b: Tyranitar|0 fnt
|faint|p2b: Tyranitar
|
|win|dhrx
|inactive|dhrx has 30 seconds to confirm battle start!
|inactive|Jcoisa has 30 seconds to confirm battle start!
||Jcoisa is ready for game 2.
||dhrx is ready for game 2.
|uhtml|next|Next: Game 2 of 3
