|j|☆jacre22
|j|☆goat pincurchin
|html|jacre22goat pincurchin    
|uhtml|bestof|Game 2 of a best-of-3
|t:|1755649014
|gametype|doubles
|player|p1|jacre22|iris-gen5bw2|1180
|player|p2|goat pincurchin|1|1198
|gen|9
|tier|[Gen 9] VGC 2025 Reg H (Bo3)
|rated|
|rule|Species Clause: Limit one of each Pokémon
|rule|Item Clause: Limit 1 of each item
|clearpoke
|poke|p1|Whimsicott, L50, M|
|poke|p1|Garchomp, L50, M|
|poke|p1|Gholdengo, L50|
|poke|p1|Incineroar, L50, F|
|poke|p1|Sneasler, L50, M|
|poke|p1|Dragonite, L50, M|
|poke|p2|Jumpluff, L50, F|
|poke|p2|Torkoal, L50, F|
|poke|p2|Porygon2, L50|
|poke|p2|Ursaluna, L50, F|
|poke|p2|Incineroar, L50, M|
|poke|p2|Charizard, L50, M|
|teampreview|4
|showteam|p1|Whimsicott||FocusSash|Prankster|Moonblast,Tailwind,Encore,Protect|||M|||50|,,,,,Ghost]Garchomp||LifeOrb|RoughSkin|Earthquake,DragonClaw,StompingTantrum,Protect|||M|||50|,,,,,Ground]Gholdengo||ChoiceSpecs|GoodasGold|MakeItRain,ShadowBall,Trick,Protect||||||50|,,,,,Steel]Incineroar||AssaultVest|Intimidate|FakeOut,FlareBlitz,KnockOff,Uturn|||F|||50|,,,,,Grass]Sneasler||WhiteHerb|Unburden|FakeOut,DireClaw,CloseCombat,Protect|||M|||50|,,,,,Stellar]Dragonite||ChoiceBand|InnerFocus|ExtremeSpeed,Outrage,IceSpinner,StompingTantrum|||M|||50|,,,,,Normal
|showteam|p2|Jumpluff||CovertCloak|Chlorophyll|RagePowder,SunnyDay,SleepPowder,Tailwind|||F|||50|,,,,,Water]Torkoal||EjectPack|Drought|Overheat,HelpingHand,Eruption,Protect|||F|||50|,,,,,Fire]Porygon2||Eviolite|Download|TeraBlast,IceBeam,TrickRoom,Recover||||||50|,,,,,Fighting]Ursaluna||FlameOrb|Guts|Protect,Facade,HeadlongRush,Earthquake|||F|||50|,,,,,Ghost]Incineroar||AssaultVest|Intimidate|FlareBlitz,KnockOff,Uturn,FakeOut|||M|||50|,,,,,Grass]Charizard||ChoiceSpecs|SolarPower|HeatWave,WeatherBall,AirSlash,Overheat|||M|||50|,,,,,Ghost
|inactive|Battle timer is ON: inactive players will automatically lose when time's up. (requested by goat pincurchin)
|
|t:|1755649033
|teamsize|p1|4
|teamsize|p2|4
|start
|switch|p1a: Dragonite|Dragonite, L50, M|100/100
|switch|p1b: Whimsicott|Whimsicott, L50, M|100/100
|switch|p2a: Incineroar|Incineroar, L50, M|100/100
|switch|p2b: Porygon2|Porygon2, L50|100/100
|-ability|p2a: Incineroar|Intimidate|boost
|-fail|p1a: Dragonite|unboost|Attack|[from] ability: Inner Focus|[of] p1a: Dragonite
|-unboost|p1b: Whimsicott|atk|1
|-ability|p2b: Porygon2|Download|boost
|-boost|p2b: Porygon2|spa|1
|turn|1
|inactive|jacre22 has 30 seconds left.
|
|t:|1755649067
|move|p1b: Whimsicott|Protect|p1b: Whimsicott
|-singleturn|p1b: Whimsicott|Protect
|move|p1a: Dragonite|Outrage|p2a: Incineroar
|-damage|p2a: Incineroar|3/100
|move|p2a: Incineroar|Knock Off|p1a: Dragonite
|-damage|p1a: Dragonite|58/100
|-enditem|p1a: Dragonite|Choice Band|[from] move: Knock Off|[of] p2a: Incineroar
|move|p2b: Porygon2|Trick Room|p2b: Porygon2
|-fieldstart|move: Trick Room|[of] p2b: Porygon2
|
|upkeep
|turn|2
|inactive|jacre22 has 30 seconds left.
|
|t:|1755649095
|switch|p2b: Torkoal|Torkoal, L50, F|100/100
|-weather|SunnyDay|[from] ability: Drought|[of] p2b: Torkoal
|move|p2a: Incineroar|U-turn|p1b: Whimsicott
|-damage|p1b: Whimsicott|74/100
|
|t:|1755649109
|switch|p2a: Porygon2|Porygon2, L50|100/100|[from] U-turn
|-ability|p2a: Porygon2|Download|boost
|-boost|p2a: Porygon2|spa|1
|move|p1a: Dragonite|Outrage|p2b: Torkoal|[from] lockedmove
|-crit|p2b: Torkoal
|-damage|p2b: Torkoal|28/100
|-start|p1a: Dragonite|confusion|[fatigue]
|move|p1b: Whimsicott|Moonblast|p2b: Torkoal
|-resisted|p2b: Torkoal
|-damage|p2b: Torkoal|10/100
|
|-weather|SunnyDay|[upkeep]
|upkeep
|turn|3
|inactive|jacre22 has 30 seconds left.
|
|t:|1755649138
|switch|p1a: Incineroar|Incineroar, L50, F|100/100
|-ability|p1a: Incineroar|Intimidate|boost
|-unboost|p2a: Porygon2|atk|1
|-unboost|p2b: Torkoal|atk|1
|-enditem|p2b: Torkoal|Eject Pack
|
|t:|1755649147
|switch|p2b: Ursaluna|Ursaluna, L50, F|100/100
|move|p1b: Whimsicott|Protect|p1b: Whimsicott
|-singleturn|p1b: Whimsicott|Protect
|move|p2a: Porygon2|Ice Beam|p1a: Incineroar
|-resisted|p1a: Incineroar
|-damage|p1a: Incineroar|88/100
|
|-weather|SunnyDay|[upkeep]
|-status|p2b: Ursaluna|brn|[from] item: Flame Orb
|upkeep
|turn|4
|inactive|jacre22 has 30 seconds left.
|inactive|jacre22 has 20 seconds left.
|inactive|jacre22 has 15 seconds left.
|inactive|jacre22 has 10 seconds left.
|inactive|jacre22 has 5 seconds left.
|
|t:|1755649199
|switch|p1a: Gholdengo|Gholdengo, L50|100/100
|move|p2a: Porygon2|Ice Beam|p1b: Whimsicott
|-supereffective|p1b: Whimsicott
|-damage|p1b: Whimsicott|0 fnt
|faint|p1b: Whimsicott
|move|p2b: Ursaluna|Facade|p1a: Gholdengo
|-immune|p1a: Gholdengo
|
|-weather|SunnyDay|[upkeep]
|-damage|p2b: Ursaluna|95/100 brn|[from] brn
|upkeep
|
|t:|1755649216
|switch|p1b: Incineroar|Incineroar, L50, F|88/100
|-ability|p1b: Incineroar|Intimidate|boost
|-unboost|p2a: Porygon2|atk|1
|-unboost|p2b: Ursaluna|atk|1
|turn|5
|
|t:|1755649235
|switch|p2b: Incineroar|Incineroar, L50, M|3/100
|-ability|p2b: Incineroar|Intimidate|boost
|-unboost|p1a: Gholdengo|atk|1
|-unboost|p1b: Incineroar|atk|1
|switch|p1a: Dragonite|Dragonite, L50, M|58/100
|-terastallize|p2a: Porygon2|Fighting
|move|p2a: Porygon2|Tera Blast|p1b: Incineroar|[anim] Tera Blast Fighting
|-supereffective|p1b: Incineroar
|-damage|p1b: Incineroar|17/100
|move|p1b: Incineroar|Knock Off|p2b: Incineroar
|-resisted|p2b: Incineroar
|-damage|p2b: Incineroar|0 fnt
|-enditem|p2b: Incineroar|Assault Vest|[from] move: Knock Off|[of] p1b: Incineroar
|faint|p2b: Incineroar
|
|-weather|SunnyDay|[upkeep]
|-fieldend|move: Trick Room
|upkeep
|
|t:|1755649257
|switch|p2b: Ursaluna|Ursaluna, L50, F|95/100 brn
|turn|6
|
|t:|1755649277
|move|p1b: Incineroar|Knock Off|p2a: Porygon2
|-resisted|p2a: Porygon2
|-damage|p2a: Porygon2|93/100
|-enditem|p2a: Porygon2|Eviolite|[from] move: Knock Off|[of] p1b: Incineroar
|move|p1a: Dragonite|Outrage|p2b: Ursaluna
|-damage|p2b: Ursaluna|36/100 brn
|move|p2b: Ursaluna|Facade|p1b: Incineroar
|-damage|p1b: Incineroar|0 fnt
|faint|p1b: Incineroar
|move|p2a: Porygon2|Trick Room|p2a: Porygon2
|-fieldstart|move: Trick Room|[of] p2a: Porygon2
|
|-weather|none
|-damage|p2b: Ursaluna|30/100 brn|[from] brn
|upkeep
|
|t:|1755649289
|switch|p1b: Gholdengo|Gholdengo, L50|100/100
|turn|7
|
|t:|1755649304
|-terastallize|p1b: Gholdengo|Steel
|move|p2a: Porygon2|Ice Beam|p1a: Dragonite
|-supereffective|p1a: Dragonite
|-damage|p1a: Dragonite|0 fnt
|faint|p1a: Dragonite
|move|p2b: Ursaluna|Headlong Rush|p1b: Gholdengo
|-supereffective|p1b: Gholdengo
|-damage|p1b: Gholdengo|0 fnt
|-unboost|p2b: Ursaluna|def|1
|-unboost|p2b: Ursaluna|spd|1
|faint|p1b: Gholdengo
|
|win|goat pincurchin
|raw|jacre22's rating: 1180 → 1156(-24 for losing)
|raw|goat pincurchin's rating: 1198 → 1222(+24 for winning)
