|j|☆robotarmadillo
|j|☆acharmercharmander
|html|robotarmadilloacharmercharmander    
|uhtml|bestof|Game 3 of a best-of-3
|t:|1783639037
|gametype|doubles
|player|p1|robotarmadillo|red|
|player|p2|acharmercharmander|blackbelt-gen4dp|
|gen|9
|tier|[Gen 9 Champions] VGC 2026 Reg M-B (Bo3)
|rule|Species Clause: Limit one of each Pokémon
|rule|Item Clause: Limit 1 of each item
|clearpoke
|poke|p1|Tyranitar, L50, M|
|poke|p1|Garchomp, L50, F|
|poke|p1|Skarmory, L50, F|
|poke|p1|Meowscarada, L50, F|
|poke|p1|Milotic, L50, F|
|poke|p1|Chandelure, L50, F|
|poke|p2|Excadrill, L50, M|
|poke|p2|Blastoise, L50, F|
|poke|p2|Gliscor, L50, F|
|poke|p2|Greninja, L50, F|
|poke|p2|Floette-Eternal, L50, F|
|poke|p2|Houndoom, L50, F|
|teampreview|4
|showteam|p1|Tyranitar||Tyranitarite|SandStream|RockSlide,Crunch,LowKick,Protect|Adamant||M|||50|]Garchomp||LifeOrb|RoughSkin|Earthquake,RockSlide,SwordsDance,Protect|Jolly||F|||50|]Skarmory||SitrusBerry|Sturdy|Tailwind,BraveBird,IronHead,Roost|Impish||F|||50|]Meowscarada||FocusSash|Protean|KnockOff,FlowerTrick,SuckerPunch,Protect|Jolly||F|||50|]Milotic||Leftovers|Competitive|Scald,IceBeam,Recover,Protect|Bold||F|||50|]Chandelure||Chandelurite|FlashFire|HeatWave,ShadowBall,TrickRoom,Protect|Timid||F|||50|
|showteam|p2|Excadrill||FocusSash|SandRush|BrickBreak,Earthquake,XScissor,IronHead|Adamant||M|||50|]Blastoise||WhiteHerb|RainDish|AquaJet,FakeOut,ShellSmash,Liquidation|Adamant||F|||50|]Gliscor||MentalHerb|SandVeil|Tailwind,ToxicSpikes,KnockOff,Sandstorm|Careful||F|||50|]Greninja||Greninjite|Protean|SludgeWave,Protect,IceBeam,WaterShuriken|Timid||F|||50|]Floette-Eternal||Floettite|FlowerVeil|Moonblast,EnergyBall,Protect,Psychic|Timid||F|||50|]Houndoom||Charcoal|FlashFire|Flamethrower,FoulPlay,SludgeBomb,Protect|Timid||F|||50|
|
|t:|1783639098
|teamsize|p1|4
|teamsize|p2|4
|start
|switch|p1a: Meowscarada|Meowscarada, L50, F|100/100
|switch|p1b: Skarmory|Skarmory, L50, F|100/100
|switch|p2a: Houndoom|Houndoom, L50, F|100/100
|switch|p2b: Gliscor|Gliscor, L50, F|100/100
|turn|1
|
|t:|1783639163
|move|p1a: Meowscarada|Knock Off|p2a: Houndoom
|-start|p1a: Meowscarada|typechange|Dark|[from] ability: Protean
|-resisted|p2a: Houndoom|1
|-damage|p2a: Houndoom|52/100
|-enditem|p2a: Houndoom|Charcoal|[from] move: Knock Off|[of] p1a: Meowscarada
|move|p2a: Houndoom|Flamethrower|p1b: Skarmory
|-supereffective|p1b: Skarmory|1
|-ability|p1b: Skarmory|Sturdy
|-damage|p1b: Skarmory|1/100
|-enditem|p1b: Skarmory|Sitrus Berry|[eat]
|-heal|p1b: Skarmory|25/100|[from] item: Sitrus Berry
|move|p2b: Gliscor|Tailwind|p2b: Gliscor
|-sidestart|p2: acharmercharmander|move: Tailwind
|move|p1b: Skarmory|Tailwind|p1b: Skarmory
|-sidestart|p1: robotarmadillo|move: Tailwind
|
|upkeep
|turn|2
|
|t:|1783639242
|move|p1a: Meowscarada|Flower Trick|p2a: Houndoom
|-resisted|p2a: Houndoom|1
|-crit|p2a: Houndoom
|-damage|p2a: Houndoom|18/100
|move|p2a: Houndoom|Flamethrower|p1b: Skarmory
|-supereffective|p1b: Skarmory|1
|-damage|p1b: Skarmory|0 fnt
|faint|p1b: Skarmory
|move|p2b: Gliscor|Knock Off|p1a: Meowscarada
|-resisted|p1a: Meowscarada|1
|-damage|p1a: Meowscarada|81/100
|-enditem|p1a: Meowscarada|Focus Sash|[from] move: Knock Off|[of] p2b: Gliscor
|
|upkeep
|
|t:|1783639307
|switch|p1b: Tyranitar|Tyranitar, L50, M|100/100
|-weather|Sandstorm|[from] ability: Sand Stream|[of] p1b: Tyranitar
|turn|3
|
|t:|1783639393
|move|p1a: Meowscarada|Knock Off|p2a: Houndoom
|-resisted|p2a: Houndoom|1
|-damage|p2a: Houndoom|0 fnt
|faint|p2a: Houndoom
|move|p2b: Gliscor|Toxic Spikes|p1a: Meowscarada
|-sidestart|p1: robotarmadillo|move: Toxic Spikes
|move|p1b: Tyranitar|Crunch|p2b: Gliscor|[miss]
|-miss|p1b: Tyranitar|p2b: Gliscor
|
|-weather|Sandstorm|[upkeep]
|-damage|p1a: Meowscarada|75/100|[from] Sandstorm
|upkeep
|
|t:|1783639409
|switch|p2a: Floette|Floette-Eternal, L50, F|100/100
|turn|4
|
|t:|1783639488
|move|p1a: Meowscarada|Knock Off|p2a: Floette
|-resisted|p2a: Floette|1
|-damage|p2a: Floette|74/100
|move|p2a: Floette|Moonblast|p1b: Tyranitar
|-supereffective|p1b: Tyranitar|1
|-damage|p1b: Tyranitar|41/100
|move|p2b: Gliscor|Knock Off|p1b: Tyranitar
|-resisted|p1b: Tyranitar|1
|-damage|p1b: Tyranitar|35/100
|move|p1b: Tyranitar|Rock Slide|p2b: Gliscor|[spread] p2a
|-miss|p1b: Tyranitar|p2b: Gliscor
|-damage|p2a: Floette|20/100y
|
|-weather|Sandstorm|[upkeep]
|-damage|p1a: Meowscarada|69/100|[from] Sandstorm
|-damage|p2a: Floette|14/100|[from] Sandstorm
|-sideend|p1: robotarmadillo|move: Tailwind
|-sideend|p2: acharmercharmander|move: Tailwind
|upkeep
|turn|5
|
|t:|1783639556
|detailschange|p2a: Floette|Floette-Mega, L50, F
|-mega|p2a: Floette|Floette|Floettite
|-ability|p2a: Floette|Fairy Aura
|move|p2a: Floette|Protect|p2a: Floette
|-singleturn|p2a: Floette|Protect
|move|p1a: Meowscarada|Flower Trick|p2a: Floette
|-activate|p2a: Floette|move: Protect
|move|p2b: Gliscor|Tailwind|p2b: Gliscor
|-sidestart|p2: acharmercharmander|move: Tailwind
|move|p1b: Tyranitar|Rock Slide|p2a: Floette|[spread] 
|-activate|p2a: Floette|move: Protect
|-miss|p1b: Tyranitar|p2b: Gliscor
|
|-weather|Sandstorm|[upkeep]
|-damage|p2a: Floette|8/100|[from] Sandstorm
|-damage|p1a: Meowscarada|64/100|[from] Sandstorm
|upkeep
|turn|6
|j| Grendylicius
|l| Grendylicius
|
|t:|1783639650
|move|p1a: Meowscarada|Sucker Punch|p2a: Floette
|-resisted|p2a: Floette|1
|-damage|p2a: Floette|0 fnt
|faint|p2a: Floette
|move|p2b: Gliscor|Knock Off|p1a: Meowscarada
|-resisted|p1a: Meowscarada|1
|-damage|p1a: Meowscarada|53/100
|move|p1b: Tyranitar|Rock Slide|p2b: Gliscor|[miss]
|-miss|p1b: Tyranitar|p2b: Gliscor
|
|-weather|Sandstorm|[upkeep]
|-damage|p1a: Meowscarada|47/100|[from] Sandstorm
|upkeep
|
|t:|1783639684
|switch|p2a: Excadrill|Excadrill, L50, M|100/100
|turn|7
|
|t:|1783639721
|move|p2a: Excadrill|Earthquake|p1b: Tyranitar|[spread] p1a,p1b
|-immune|p2b: Gliscor
|-supereffective|p1b: Tyranitar|1
|-damage|p1a: Meowscarada|0 fnt
|-damage|p1b: Tyranitar|0 fnt
|faint|p1a: Meowscarada
|faint|p1b: Tyranitar
|move|p2b: Gliscor|Knock Off|p1: Meowscarada|[notarget]
|-fail|p2b: Gliscor
|
|-weather|none
|upkeep
|
|t:|1783639732
|switch|p1b: Chandelure|Chandelure, L50, F|100/100
|-status|p1b: Chandelure|psn
|turn|8
|
|t:|1783639782
|detailschange|p1b: Chandelure|Chandelure-Mega, L50, F
|-mega|p1b: Chandelure|Chandelure|Chandelurite
|move|p2a: Excadrill|Earthquake|p1b: Chandelure|[spread] p1b
|-immune|p2b: Gliscor
|-supereffective|p1b: Chandelure|1
|-damage|p1b: Chandelure|0 fnt
|faint|p1b: Chandelure
|
|win|acharmercharmander
