|j|☆Descugi
|j|☆totsbite4
|html|Descugitotsbite4    
|uhtml|bestof|Game 1 of a best-of-3
|t:|1756759044
|gametype|doubles
|player|p1|Descugi|101|1166
|player|p2|totsbite4|jogger|1268
|gen|9
|tier|[Gen 9] VGC 2025 Reg H (Bo3)
|rated|
|rule|Species Clause: Limit one of each Pokémon
|rule|Item Clause: Limit 1 of each item
|clearpoke
|poke|p1|Corviknight, L50, M|
|poke|p1|Garchomp, L50, F|
|poke|p1|Tyranitar, L50, F|
|poke|p1|Gholdengo, L50|
|poke|p1|Sneasler, L50, F|
|poke|p1|Incineroar, L50, M|
|poke|p2|Kommo-o, L50, F|
|poke|p2|Electabuzz, L50, F|
|poke|p2|Primarina, L50, F|
|poke|p2|Incineroar, L50, M|
|poke|p2|Rillaboom, L50, M|
|poke|p2|Sneasler, L50, M|
|teampreview|4
|showteam|p1|Corviknight||CovertCloak|MirrorArmor|BraveBird,Taunt,Roost,Tailwind|||M|||50|,,,,,Dragon]Garchomp||ClearAmulet|RoughSkin|Earthquake,DragonClaw,StompingTantrum,Protect|||F|||50|,,,,,Ground]Tyranitar||AssaultVest|SandStream|RockSlide,KnockOff,TeraBlast,LowKick|||F|||50|,,,,,Flying]Gholdengo||LifeOrb|GoodasGold|MakeItRain,ShadowBall,NastyPlot,Protect||||||50|,,,,,Water]Sneasler||WhiteHerb|Unburden|DireClaw,CloseCombat,Coaching,Protect|||F|||50|,,,,,Ghost]Incineroar||SitrusBerry|Intimidate|FlareBlitz,KnockOff,PartingShot,FakeOut|||M|||50|,,,,,Grass
|showteam|p2|Kommo-o||ThroatSpray|Soundproof|ClangingScales,Flamethrower,ClangorousSoul,Protect|||F|||50|,,,,,Fire]Electabuzz||Eviolite|VitalSpirit|FollowMe,Electroweb,Taunt,Protect|||F|||50|,,,,,Ghost]Primarina||LifeOrb|LiquidVoice|HyperVoice,Moonblast,Haze,Protect|||F|||50|,,,,,Poison]Incineroar||SafetyGoggles|Intimidate|FakeOut,FlareBlitz,KnockOff,PartingShot|||M|||50|,,,,,Ghost]Rillaboom||AssaultVest|GrassySurge|GrassyGlide,WoodHammer,FakeOut,Uturn|||M|||50|,,,,,Fire]Sneasler||FocusSash|Unburden|DireClaw,CloseCombat,ThroatChop,Protect|||M|||50|,,,,,Dark
|inactive|Battle timer is ON: inactive players will automatically lose when time's up. (requested by totsbite4)
|inactive|totsbite4 has 60 seconds left.
|
|t:|1756759101
|teamsize|p1|4
|teamsize|p2|4
|start
|switch|p1a: Corviknight|Corviknight, L50, M|100/100
|switch|p1b: Sneasler|Sneasler, L50, F|100/100
|switch|p2a: Incineroar|Incineroar, L50, M|100/100
|switch|p2b: Rillaboom|Rillaboom, L50, M|100/100
|-fieldstart|move: Grassy Terrain|[from] ability: Grassy Surge|[of] p2b: Rillaboom
|-ability|p2a: Incineroar|Intimidate|boost
|-ability|p1a: Corviknight|Mirror Armor
|-unboost|p2a: Incineroar|atk|1
|-unboost|p1b: Sneasler|atk|1
|-enditem|p1b: Sneasler|White Herb
|-clearnegativeboost|p1b: Sneasler|[silent]
|turn|1
|inactive|Descugi has 30 seconds left.
|inactive|totsbite4 has 30 seconds left.
|
|t:|1756759131
|switch|p2a: Kommo-o|Kommo-o, L50, F|100/100
|move|p2b: Rillaboom|Fake Out|p1b: Sneasler
|-damage|p1b: Sneasler|78/100
|cant|p1b: Sneasler|flinch
|move|p1a: Corviknight|Brave Bird|p2b: Rillaboom
|-supereffective|p2b: Rillaboom
|-damage|p2b: Rillaboom|12/100
|-damage|p1a: Corviknight|73/100|[from] Recoil
|
|-heal|p1b: Sneasler|84/100|[from] Grassy Terrain
|-heal|p2b: Rillaboom|19/100|[from] Grassy Terrain
|upkeep
|turn|2
|inactive|Descugi has 30 seconds left.
|
|t:|1756759157
|switch|p2b: Incineroar|Incineroar, L50, M|100/100
|-ability|p2b: Incineroar|Intimidate|boost
|-ability|p1a: Corviknight|Mirror Armor
|-unboost|p2b: Incineroar|atk|1
|-unboost|p1b: Sneasler|atk|1
|-terastallize|p2a: Kommo-o|Fire
|move|p1b: Sneasler|Dire Claw|p2b: Incineroar
|-damage|p2b: Incineroar|69/100
|move|p2a: Kommo-o|Clangorous Soul|p2a: Kommo-o
|-boost|p2a: Kommo-o|atk|1
|-boost|p2a: Kommo-o|def|1
|-boost|p2a: Kommo-o|spa|1
|-boost|p2a: Kommo-o|spd|1
|-boost|p2a: Kommo-o|spe|1
|-damage|p2a: Kommo-o|68/100
|-enditem|p2a: Kommo-o|Throat Spray
|-boost|p2a: Kommo-o|spa|1|[from] item: Throat Spray
|move|p1a: Corviknight|Taunt|p2a: Kommo-o
|-start|p2a: Kommo-o|move: Taunt
|
|-heal|p1b: Sneasler|90/100|[from] Grassy Terrain
|-heal|p2a: Kommo-o|74/100|[from] Grassy Terrain
|-heal|p2b: Incineroar|75/100|[from] Grassy Terrain
|upkeep
|turn|3
|inactive|Descugi has 30 seconds left.
|inactive|totsbite4 has 30 seconds left.
|
|t:|1756759195
|switch|p2b: Rillaboom|Rillaboom, L50, M|19/100
|switch|p1a: Incineroar|Incineroar, L50, M|100/100
|-ability|p1a: Incineroar|Intimidate|boost
|-unboost|p2a: Kommo-o|atk|1
|-unboost|p2b: Rillaboom|atk|1
|move|p1b: Sneasler|Protect|p1b: Sneasler
|-singleturn|p1b: Sneasler|Protect
|move|p2a: Kommo-o|Flamethrower|p1a: Incineroar
|-resisted|p1a: Incineroar
|-crit|p1a: Incineroar
|-damage|p1a: Incineroar|55/100
|
|-heal|p1b: Sneasler|95/100|[from] Grassy Terrain
|-heal|p2a: Kommo-o|80/100|[from] Grassy Terrain
|-heal|p2b: Rillaboom|25/100|[from] Grassy Terrain
|-heal|p1a: Incineroar|61/100|[from] Grassy Terrain
|upkeep
|turn|4
|
|t:|1756759216
|switch|p1b: Corviknight|Corviknight, L50, M|73/100
|move|p2b: Rillaboom|Fake Out|p1a: Incineroar
|-damage|p1a: Incineroar|53/100
|move|p2a: Kommo-o|Clanging Scales|p1a: Incineroar|[spread] p1a,p1b
|-resisted|p1b: Corviknight
|-damage|p1a: Incineroar|0 fnt
|-damage|p1b: Corviknight|47/100
|faint|p1a: Incineroar
|-unboost|p2a: Kommo-o|def|1
|
|-heal|p2a: Kommo-o|86/100|[from] Grassy Terrain
|-heal|p2b: Rillaboom|31/100|[from] Grassy Terrain
|upkeep
|
|t:|1756759241
|switch|p1a: Sneasler|Sneasler, L50, F|95/100
|turn|5
|
|t:|1756759260
|move|p2b: Rillaboom|Grassy Glide|p1a: Sneasler
|-resisted|p1a: Sneasler
|-damage|p1a: Sneasler|76/100
|move|p2a: Kommo-o|Clanging Scales|p1b: Corviknight|[spread] p1a,p1b
|-resisted|p1b: Corviknight
|-damage|p1a: Sneasler|0 fnt
|-damage|p1b: Corviknight|20/100
|faint|p1a: Sneasler
|-unboost|p2a: Kommo-o|def|1
|move|p1b: Corviknight|Tailwind|p1b: Corviknight
|-sidestart|p1: Descugi|move: Tailwind
|
|-heal|p2a: Kommo-o|93/100|[from] Grassy Terrain
|-heal|p2b: Rillaboom|37/100|[from] Grassy Terrain
|-end|p2a: Kommo-o|move: Taunt
|-fieldend|move: Grassy Terrain
|upkeep
|
|t:|1756759271
|switch|p1a: Garchomp|Garchomp, L50, F|100/100
|turn|6
|
|t:|1756759284
|switch|p2b: Incineroar|Incineroar, L50, M|75/100
|-ability|p2b: Incineroar|Intimidate|boost
|-fail|p1a: Garchomp|unboost|[from] item: Clear Amulet|[of] p1a: Garchomp
|-ability|p1b: Corviknight|Mirror Armor
|-unboost|p2b: Incineroar|atk|1
|-terastallize|p1a: Garchomp|Ground
|move|p2a: Kommo-o|Protect|p2a: Kommo-o
|-singleturn|p2a: Kommo-o|Protect
|move|p1a: Garchomp|Earthquake|p2a: Kommo-o|[spread] p2b
|-activate|p2a: Kommo-o|move: Protect
|-immune|p1b: Corviknight
|-supereffective|p2b: Incineroar
|-damage|p2b: Incineroar|0 fnt
|faint|p2b: Incineroar
|move|p1b: Corviknight|Taunt|p2a: Kommo-o
|-activate|p2a: Kommo-o|move: Protect
|
|upkeep
|
|t:|1756759305
|switch|p2b: Rillaboom|Rillaboom, L50, M|37/100
|-fieldstart|move: Grassy Terrain|[from] ability: Grassy Surge|[of] p2b: Rillaboom
|turn|7
|inactive|Descugi has 30 seconds left.
|
|t:|1756759333
|move|p1a: Garchomp|Protect|p1a: Garchomp
|-singleturn|p1a: Garchomp|Protect
|move|p2b: Rillaboom|Fake Out|p1a: Garchomp
|-activate|p1a: Garchomp|move: Protect
|move|p2a: Kommo-o|Flamethrower|p1b: Corviknight
|-supereffective|p1b: Corviknight
|-damage|p1b: Corviknight|0 fnt
|faint|p1b: Corviknight
|
|-heal|p2a: Kommo-o|99/100|[from] Grassy Terrain
|-heal|p2b: Rillaboom|44/100|[from] Grassy Terrain
|upkeep
|turn|8
|
|t:|1756759354
|move|p2a: Kommo-o|Protect|p2a: Kommo-o
|-singleturn|p2a: Kommo-o|Protect
|move|p2b: Rillaboom|Grassy Glide|p1a: Garchomp
|-supereffective|p1a: Garchomp
|-damage|p1a: Garchomp|29/100
|-damage|p2b: Rillaboom|31/100|[from] ability: Rough Skin|[of] p1a: Garchomp
|move|p1a: Garchomp|Dragon Claw|p2b: Rillaboom
|-damage|p2b: Rillaboom|0 fnt
|faint|p2b: Rillaboom
|
|-heal|p1a: Garchomp|35/100|[from] Grassy Terrain
|-heal|p2a: Kommo-o|100/100|[from] Grassy Terrain
|-sideend|p1: Descugi|move: Tailwind
|upkeep
|
|t:|1756759368
|switch|p2b: Primarina|Primarina, L50, F|100/100
|turn|9
|
|t:|1756759372
|move|p2a: Kommo-o|Clanging Scales|p1a: Garchomp
|-damage|p1a: Garchomp|0 fnt
|faint|p1a: Garchomp
|
|win|totsbite4
||Descugi is ready for game 2.
