|j|☆reifard
|j|☆zanfire73
|html|reifardzanfire73    
|uhtml|bestof|Game 3 of a best-of-3
|t:|1785785958
|gametype|doubles
|player|p1|reifard|lance-masters2|
|player|p2|zanfire73|steven|
|gen|9
|tier|[Gen 9 Champions] VGC 2026 Reg M-B (Bo3)
|rule|Species Clause: Limit one of each Pokémon
|rule|Item Clause: Limit 1 of each item
|clearpoke
|poke|p1|Golurk, L50|
|poke|p1|Oranguru, L50, F, shiny|
|poke|p1|Torkoal, L50, M|
|poke|p1|Chandelure, L50, F|
|poke|p1|Farigiraf, L50, F, shiny|
|poke|p1|Venusaur, L50, F|
|poke|p2|Cofagrigus, L50, M|
|poke|p2|Incineroar, L50, F|
|poke|p2|Sylveon, L50, M|
|poke|p2|Camerupt, L50, F|
|poke|p2|Araquanid, L50, M|
|poke|p2|Dragalge, L50, F|
|teampreview|4
|showteam|p1|Golurk||Golurkite|IronFist|HeadlongRush,Poltergeist,Protect,IcePunch|Brave|||||50|]Oranguru||ColburBerry|InnerFocus|Instruct,TrickRoom,Protect,Psychic|Sassy||F|||50|]Torkoal||Charcoal|Drought|Eruption,Protect,WeatherBall,EarthPower|Quiet||M|||50|]Chandelure||Chandelurite|FlashFire|HeatWave,ShadowBall,CalmMind,TrickRoom|Modest||F|||50|]Farigiraf||SitrusBerry|ArmorTail|TrickRoom,Psychic,Thunderbolt,HelpingHand|Quiet||F|||50|]Venusaur||FocusSash|Chlorophyll|SleepPowder,SludgeBomb,Protect,GigaDrain|Modest||F|||50|
|showteam|p2|Cofagrigus||Leftovers|Mummy|BodyPress,WillOWisp,TrickRoom,Disable|Relaxed||M|||50|]Incineroar||ChopleBerry|Intimidate|FakeOut,PartingShot,DarkestLariat,FlareBlitz|Impish||F|||50|]Sylveon||FairyFeather|Pixilate|MysticalFire,HyperBeam,HyperVoice,Detect|Modest||M|||50|]Camerupt||Cameruptite|SolidRock|EarthPower,Eruption,HeatWave,Protect|Quiet||F|||50|]Araquanid||LifeOrb|WaterBubble|LeechLife,WideGuard,Liquidation,Protect|Adamant||M|||50|]Dragalge||ExpertBelt|Adaptability|DragonPulse,SludgeBomb,AcidSpray,Protect|Quiet||F|||50|
|j| Alex Agni
|j| Raspree
|j| MomijiTheTengu
|c| Raspree|Potete cominciare. Buona fortuna
|
|t:|1785786065
|teamsize|p1|4
|teamsize|p2|4
|start
|switch|p1a: Caster|Oranguru, L50, F, shiny|100/100
|switch|p1b: Lancer|Torkoal, L50, M|100/100
|switch|p2a: TheGoat|Cofagrigus, L50, M|100/100
|switch|p2b: TheCow|Camerupt, L50, F|100/100
|-weather|SunnyDay|[from] ability: Drought|[of] p1b: Lancer
|turn|1
|
|t:|1785786140
|detailschange|p2b: TheCow|Camerupt-Mega, L50, F
|-mega|p2b: TheCow|Camerupt|Cameruptite
|move|p1b: Lancer|Protect|p1b: Lancer
|-singleturn|p1b: Lancer|Protect
|move|p1a: Caster|Psychic|p2b: TheCow
|-damage|p2b: TheCow|68/100
|move|p2b: TheCow|Eruption|p1a: Caster|[spread] p1a
|-activate|p1b: Lancer|move: Protect
|-damage|p1a: Caster|60/100
|move|p2a: TheGoat|Trick Room|p2a: TheGoat
|-fieldstart|move: Trick Room|[of] p2a: TheGoat
|
|-weather|SunnyDay|[upkeep]
|upkeep
|turn|2
|
|t:|1785786198
|move|p2b: TheCow|Earth Power|p1b: Lancer
|-supereffective|p1b: Lancer|1
|-damage|p1b: Lancer|0 fnt
|faint|p1b: Lancer
|move|p2a: TheGoat|Body Press|p1a: Caster
|-damage|p1a: Caster|29/100
|move|p1a: Caster|Instruct|p1: Lancer|[notarget]
|-fail|p1a: Caster
|
|-weather|SunnyDay|[upkeep]
|upkeep
|
|t:|1785786204
|switch|p1b: Berserker|Golurk, L50|100/100
|turn|3
|
|t:|1785786226
|switch|p2b: TheCat|Incineroar, L50, F|100/100
|-ability|p2b: TheCat|Intimidate|boost
|-fail|p1a: Caster|unboost|Attack|[from] ability: Inner Focus|[of] p1a: Caster
|-unboost|p1b: Berserker|atk|1
|detailschange|p1b: Berserker|Golurk-Mega, L50
|-mega|p1b: Berserker|Golurk|Golurkite
|move|p2a: TheGoat|Will-O-Wisp|p1b: Berserker
|-status|p1b: Berserker|brn
|move|p1b: Berserker|Headlong Rush|p2b: TheCat
|-supereffective|p2b: TheCat|1
|-damage|p2b: TheCat|61/100
|-unboost|p1b: Berserker|def|1
|-unboost|p1b: Berserker|spd|1
|move|p1a: Caster|Trick Room|p1a: Caster
|-fieldend|move: Trick Room
|
|-weather|SunnyDay|[upkeep]
|-damage|p1b: Berserker|93/100 brn|[from] brn
|upkeep
|turn|4
|
|t:|1785786252
|switch|p1b: Avanger|Venusaur, L50, F|100/100
|move|p1a: Caster|Protect|p1a: Caster
|-singleturn|p1a: Caster|Protect
|move|p2b: TheCat|Darkest Lariat|p1b: Avanger
|-damage|p1b: Avanger|53/100
|move|p2a: TheGoat|Disable|p1a: Caster
|-activate|p1a: Caster|move: Protect
|
|-weather|SunnyDay|[upkeep]
|upkeep
|turn|5
|
|t:|1785786289
|switch|p2b: TheSpider|Araquanid, L50, M|100/100
|move|p1b: Avanger|Sleep Powder|p2b: TheSpider
|-status|p2b: TheSpider|slp|[from] move: Sleep Powder
|move|p1a: Caster|Psychic|p2a: TheGoat
|-damage|p2a: TheGoat|73/100
|move|p2a: TheGoat|Trick Room|p2a: TheGoat
|-fieldstart|move: Trick Room|[of] p2a: TheGoat
|
|-weather|none
|-heal|p2a: TheGoat|80/100|[from] item: Leftovers
|upkeep
|turn|6
|
|t:|1785786314
|switch|p2b: TheCow|Camerupt-Mega, L50, F|68/100
|move|p2a: TheGoat|Disable|p1b: Avanger
|-start|p1b: Avanger|Disable|Sleep Powder
|move|p1b: Avanger|Sludge Bomb|p2b: TheCow
|-resisted|p2b: TheCow|1
|-damage|p2b: TheCow|48/100
|-status|p2b: TheCow|psn
|move|p1a: Caster|Trick Room|p1a: Caster
|-fieldend|move: Trick Room
|
|-heal|p2a: TheGoat|86/100|[from] item: Leftovers
|-damage|p2b: TheCow|36/100 psn|[from] psn
|upkeep
|turn|7
|
|t:|1785786334
|switch|p2a: TheCat|Incineroar, L50, F|61/100
|-ability|p2a: TheCat|Intimidate|boost
|-fail|p1a: Caster|unboost|Attack|[from] ability: Inner Focus|[of] p1a: Caster
|-unboost|p1b: Avanger|atk|1
|move|p2b: TheCow|Protect|p2b: TheCow
|-singleturn|p2b: TheCow|Protect
|move|p1b: Avanger|Giga Drain|p2b: TheCow
|-activate|p2b: TheCow|move: Protect
|move|p1a: Caster|Psychic|p2a: TheCat
|-immune|p2a: TheCat
|
|-damage|p2b: TheCow|23/100 psn|[from] psn
|upkeep
|turn|8
|
|t:|1785786355
|switch|p2b: TheGoat|Cofagrigus, L50, M|86/100
|move|p1b: Avanger|Giga Drain|p2b: TheGoat
|-damage|p2b: TheGoat|50/100g
|-heal|p1b: Avanger|71/100|[from] drain|[of] p2b: TheGoat
|move|p2a: TheCat|Darkest Lariat|p1a: Caster
|-supereffective|p1a: Caster|1
|-enditem|p1a: Caster|Colbur Berry|[eat]
|-enditem|p1a: Caster|Colbur Berry|[weaken]
|-damage|p1a: Caster|0 fnt
|faint|p1a: Caster
|
|-heal|p2b: TheGoat|56/100|[from] item: Leftovers
|upkeep
|
|t:|1785786366
|switch|p1a: Berserker|Golurk-Mega, L50|93/100 brn
|turn|9
|
|t:|1785786390
|switch|p2a: TheCow|Camerupt-Mega, L50, F|23/100 psn
|move|p1b: Avanger|Sludge Bomb|p2a: TheCow
|-resisted|p2a: TheCow|1
|-damage|p2a: TheCow|1/100 psn
|move|p1a: Berserker|Poltergeist|p2b: TheGoat
|-activate|p2b: TheGoat|move: Poltergeist|Leftovers
|-supereffective|p2b: TheGoat|1
|-damage|p2b: TheGoat|5/100
|move|p2b: TheGoat|Will-O-Wisp|p1b: Avanger
|-status|p1b: Avanger|brn
|
|-heal|p2b: TheGoat|11/100|[from] item: Leftovers
|-damage|p2a: TheCow|0 fnt|[from] psn
|faint|p2a: TheCow
|-damage|p1b: Avanger|66/100 brn|[from] brn
|-damage|p1a: Berserker|87/100 brn|[from] brn
|-end|p1b: Avanger|Disable
|upkeep
|
|t:|1785786407
|switch|p2a: TheCat|Incineroar, L50, F|61/100
|-ability|p2a: TheCat|Intimidate|boost
|-unboost|p1a: Berserker|atk|1
|-unboost|p1b: Avanger|atk|1
|turn|10
|
|t:|1785786434
|move|p1b: Avanger|Protect|p1b: Avanger
|-singleturn|p1b: Avanger|Protect
|move|p2a: TheCat|Flare Blitz|p1b: Avanger
|-activate|p1b: Avanger|move: Protect
|move|p1a: Berserker|Headlong Rush|p2a: TheCat
|-supereffective|p2a: TheCat|1
|-damage|p2a: TheCat|19/100
|-unboost|p1a: Berserker|def|1
|-unboost|p1a: Berserker|spd|1
|move|p2b: TheGoat|Disable|p1a: Berserker
|-start|p1a: Berserker|Disable|Headlong Rush
|
|-heal|p2b: TheGoat|17/100|[from] item: Leftovers
|-damage|p1b: Avanger|60/100 brn|[from] brn
|-damage|p1a: Berserker|81/100 brn|[from] brn
|upkeep
|turn|11
|
|t:|1785786461
|move|p1b: Avanger|Sludge Bomb|p2a: TheCat
|-damage|p2a: TheCat|0 fnt
|faint|p2a: TheCat
|move|p1a: Berserker|Poltergeist|p2b: TheGoat
|-activate|p2b: TheGoat|move: Poltergeist|Leftovers
|-supereffective|p2b: TheGoat|1
|-damage|p2b: TheGoat|0 fnt
|faint|p2b: TheGoat
|
|-damage|p1b: Avanger|54/100 brn|[from] brn
|-damage|p1a: Berserker|75/100 brn|[from] brn
|upkeep
|
|t:|1785786472
|switch|p2a: TheSpider|Araquanid, L50, M|100/100 slp
|turn|12
|
|t:|1785786479
|move|p1b: Avanger|Sludge Bomb|p2a: TheSpider
|-damage|p2a: TheSpider|65/100 slp
|move|p1a: Berserker|Poltergeist|p2a: TheSpider|[miss]
|-miss|p1a: Berserker|p2a: TheSpider
|cant|p2a: TheSpider|slp
|
|-damage|p1b: Avanger|49/100 brn|[from] brn
|-damage|p1a: Berserker|69/100 brn|[from] brn
|upkeep
|turn|13
|
|t:|1785786491
|move|p1b: Avanger|Sludge Bomb|p2a: TheSpider
|-damage|p2a: TheSpider|24/100 slp
|move|p1a: Berserker|Poltergeist|p2a: TheSpider
|-activate|p2a: TheSpider|move: Poltergeist|Life Orb
|-damage|p2a: TheSpider|1/100 slp
|cant|p2a: TheSpider|slp
|
|-damage|p1b: Avanger|43/100 brn|[from] brn
|-damage|p1a: Berserker|63/100 brn|[from] brn
|upkeep
|turn|14
|
|t:|1785786504
|-curestatus|p2a: TheSpider|slp|[msg]
|move|p2a: TheSpider|Protect|p2a: TheSpider
|-singleturn|p2a: TheSpider|Protect
|move|p1b: Avanger|Giga Drain|p2a: TheSpider
|-activate|p2a: TheSpider|move: Protect
|move|p1a: Berserker|Poltergeist|p2a: TheSpider
|-activate|p2a: TheSpider|move: Protect
|
|-damage|p1b: Avanger|37/100 brn|[from] brn
|-damage|p1a: Berserker|57/100 brn|[from] brn
|-end|p1a: Berserker|Disable
|upkeep
|turn|15
|
|t:|1785786519
|move|p1b: Avanger|Giga Drain|p2a: TheSpider
|-damage|p2a: TheSpider|0 fnt
|-heal|p1b: Avanger|38/100 brn|[from] drain|[of] p2a: TheSpider
|faint|p2a: TheSpider
|
|win|reifard
