|j|☆WASHINGTONGARGACHA
|j|☆FilthyJonhy
|html|WASHINGTONGARGACHAFilthyJonhy    
|uhtml|bestof|Game 2 of a best-of-3
|t:|1756371854
|gametype|doubles
|player|p1|WASHINGTONGARGACHA|265|1118
|player|p2|FilthyJonhy|birdkeeper|1000
|gen|9
|tier|[Gen 9] VGC 2025 Reg H (Bo3)
|rated|
|rule|Species Clause: Limit one of each Pokémon
|rule|Item Clause: Limit 1 of each item
|clearpoke
|poke|p1|Gholdengo, L50|
|poke|p1|Ursaluna, L50, M|
|poke|p1|Archaludon, L50, F|
|poke|p1|Murkrow, L50, F|
|poke|p1|Farigiraf, L50, F|
|poke|p1|Palafin, L50, M|
|poke|p2|Dragonite, L50, M|
|poke|p2|Ursaluna, L50, M|
|poke|p2|Talonflame, L50, M|
|poke|p2|Gholdengo, L50|
|poke|p2|Ninetales-Alola, L50, F|
|poke|p2|Farigiraf, L50, M|
|teampreview|4
|showteam|p1|Gholdengo||SitrusBerry|GoodasGold|ShadowBall,MakeItRain,NastyPlot,Protect||||||50|,,,,,Water]Ursaluna||FlameOrb|Guts|Facade,Earthquake,Protect,HeadlongRush|||M|||50|,,,,,Ghost]Archaludon||PowerHerb|Stamina|ElectroShot,FlashCannon,DracoMeteor,Protect|||F|||50|,,,,,Grass]Murkrow||Eviolite|Prankster|Tailwind,RainDance,FoulPlay,Haze|||F|||50|,,,,,Dark]Farigiraf||ThroatSpray|ArmorTail|HyperVoice,TrickRoom,Psychic,Protect|||F|||50|,,,,,Fairy]Palafin||MysticWater|ZerotoHero|CloseCombat,Protect,JetPunch,WaveCrash|||M|||50|,,,,,Water
|showteam|p2|Dragonite||LoadedDice|InnerFocus|IceSpinner,ExtremeSpeed,ScaleShot,Protect|||M|||50|,,,,,Steel]Ursaluna||FlameOrb|Guts|Protect,Facade,Earthquake,HeadlongRush|||M|||50|,,,,,Fairy]Talonflame||SharpBeak|GaleWings|Tailwind,Protect,BraveBird,Taunt|||M|||50|,,,,,Ghost]Gholdengo||LifeOrb|GoodasGold|Protect,NastyPlot,MakeItRain,ShadowBall||||||50|,,,,,Steel]Ninetales-Alola||LightClay|SnowWarning|Protect,AuroraVeil,HelpingHand,FreezeDry|||F|||50|,,,,,Fire]Farigiraf||SafetyGoggles|ArmorTail|Protect,DazzlingGleam,PsychicNoise,TrickRoom|||M|||50|,,,,,Fairy
|
|t:|1756371873
|teamsize|p1|4
|teamsize|p2|4
|start
|switch|p1a: Farigiraf|Farigiraf, L50, F|100/100
|switch|p1b: Ursaluna|Ursaluna, L50, M|100/100
|switch|p2a: Talonflame|Talonflame, L50, M|100/100
|switch|p2b: Gholdengo|Gholdengo, L50|100/100
|turn|1
|
|t:|1756371894
|switch|p2b: Dragonite|Dragonite, L50, M|100/100
|move|p1a: Farigiraf|Protect|p1a: Farigiraf
|-singleturn|p1a: Farigiraf|Protect
|move|p2a: Talonflame|Taunt|p1a: Farigiraf
|-activate|p1a: Farigiraf|move: Protect
|move|p1b: Ursaluna|Headlong Rush|p2b: Dragonite
|-immune|p2b: Dragonite
|
|-status|p1b: Ursaluna|brn|[from] item: Flame Orb
|upkeep
|turn|2
|
|t:|1756371937
|switch|p1b: Gholdengo|Gholdengo, L50|100/100
|-terastallize|p2b: Dragonite|Steel
|move|p2a: Talonflame|Taunt|p1a: Farigiraf
|-start|p1a: Farigiraf|move: Taunt
|move|p2b: Dragonite|Scale Shot|p1a: Farigiraf
|-crit|p1a: Farigiraf
|-damage|p1a: Farigiraf|78/100
|-damage|p1a: Farigiraf|62/100
|-damage|p1a: Farigiraf|45/100
|-damage|p1a: Farigiraf|29/100
|-damage|p1a: Farigiraf|13/100
|-hitcount|p1a: Farigiraf|5
|-unboost|p2b: Dragonite|def|1
|-boost|p2b: Dragonite|spe|1
|move|p1a: Farigiraf|Hyper Voice|p2a: Talonflame|[spread] p2a,p2b
|-resisted|p2b: Dragonite
|-damage|p2a: Talonflame|58/100
|-damage|p2b: Dragonite|86/100
|-enditem|p1a: Farigiraf|Throat Spray
|-boost|p1a: Farigiraf|spa|1|[from] item: Throat Spray
|
|upkeep
|turn|3
|
|t:|1756371990
|move|p2a: Talonflame|Tailwind|p2a: Talonflame
|-sidestart|p2: FilthyJonhy|move: Tailwind
|move|p2b: Dragonite|Scale Shot|p1b: Gholdengo
|-resisted|p1b: Gholdengo
|-damage|p1b: Gholdengo|94/100
|-resisted|p1b: Gholdengo
|-damage|p1b: Gholdengo|87/100
|-resisted|p1b: Gholdengo
|-damage|p1b: Gholdengo|80/100
|-resisted|p1b: Gholdengo
|-crit|p1b: Gholdengo
|-damage|p1b: Gholdengo|69/100
|-resisted|p1b: Gholdengo
|-damage|p1b: Gholdengo|62/100
|-hitcount|p1b: Gholdengo|5
|-unboost|p2b: Dragonite|def|1
|-boost|p2b: Dragonite|spe|1
|move|p1b: Gholdengo|Nasty Plot|p1b: Gholdengo
|-boost|p1b: Gholdengo|spa|2
|move|p1a: Farigiraf|Hyper Voice|p2b: Dragonite|[spread] p2a,p2b
|-resisted|p2b: Dragonite
|-damage|p2a: Talonflame|0 fnt
|-damage|p2b: Dragonite|68/100
|faint|p2a: Talonflame
|
|upkeep
|
|t:|1756372010
|switch|p2a: Gholdengo|Gholdengo, L50|100/100
|turn|4
|
|t:|1756372028
|move|p1b: Gholdengo|Protect|p1b: Gholdengo
|-singleturn|p1b: Gholdengo|Protect
|move|p2b: Dragonite|Scale Shot|p1a: Farigiraf
|-damage|p1a: Farigiraf|0 fnt
|faint|p1a: Farigiraf
|-hitcount|p1: Farigiraf|1
|-unboost|p2b: Dragonite|def|1
|-boost|p2b: Dragonite|spe|1
|move|p2a: Gholdengo|Shadow Ball|p1b: Gholdengo
|-activate|p1b: Gholdengo|move: Protect
|
|upkeep
|
|t:|1756372043
|switch|p1a: Archaludon|Archaludon, L50, F|100/100
|turn|5
|
|t:|1756372086
|switch|p1b: Ursaluna|Ursaluna, L50, M|100/100 brn
|-terastallize|p1a: Archaludon|Grass
|move|p2b: Dragonite|Scale Shot|p1a: Archaludon
|-damage|p1a: Archaludon|87/100
|-ability|p1a: Archaludon|Stamina|boost
|-boost|p1a: Archaludon|def|1
|-damage|p1a: Archaludon|78/100
|-ability|p1a: Archaludon|Stamina|boost
|-boost|p1a: Archaludon|def|1
|-damage|p1a: Archaludon|71/100
|-ability|p1a: Archaludon|Stamina|boost
|-boost|p1a: Archaludon|def|1
|-damage|p1a: Archaludon|65/100
|-ability|p1a: Archaludon|Stamina|boost
|-boost|p1a: Archaludon|def|1
|-damage|p1a: Archaludon|60/100
|-ability|p1a: Archaludon|Stamina|boost
|-boost|p1a: Archaludon|def|1
|-hitcount|p1a: Archaludon|5
|-unboost|p2b: Dragonite|def|1
|-boost|p2b: Dragonite|spe|1
|move|p2a: Gholdengo|Shadow Ball|p1b: Ursaluna
|-immune|p1b: Ursaluna
|move|p1a: Archaludon|Electro Shot||[still]
|-prepare|p1a: Archaludon|Electro Shot
|-boost|p1a: Archaludon|spa|1
|-enditem|p1a: Archaludon|Power Herb
|-anim|p1a: Archaludon|Electro Shot|p2a: Gholdengo
|-damage|p2a: Gholdengo|37/100
|
|-damage|p1b: Ursaluna|94/100 brn|[from] brn
|upkeep
|turn|6
|
|t:|1756372170
|move|p1a: Archaludon|Protect|p1a: Archaludon
|-singleturn|p1a: Archaludon|Protect
|move|p2b: Dragonite|Ice Spinner|p1a: Archaludon
|-activate|p1a: Archaludon|move: Protect
|move|p2a: Gholdengo|Make It Rain|p1a: Archaludon|[spread] p1b
|-activate|p1a: Archaludon|move: Protect
|-damage|p1b: Ursaluna|44/100 brn
|-unboost|p2a: Gholdengo|spa|1
|-damage|p2a: Gholdengo|28/100|[from] item: Life Orb
|move|p1b: Ursaluna|Earthquake|p2b: Dragonite|[spread] p2a,p2b
|-activate|p1a: Archaludon|move: Protect
|-supereffective|p2a: Gholdengo
|-supereffective|p2b: Dragonite
|-damage|p2a: Gholdengo|0 fnt
|-damage|p2b: Dragonite|0 fnt
|faint|p2a: Gholdengo
|faint|p2b: Dragonite
|
|-damage|p1b: Ursaluna|38/100 brn|[from] brn
|-sideend|p2: FilthyJonhy|move: Tailwind
|upkeep
|
|t:|1756372205
|switch|p2a: Ursaluna|Ursaluna, L50, M|100/100
|turn|7
|
|t:|1756372222
|move|p2a: Ursaluna|Protect|p2a: Ursaluna
|-singleturn|p2a: Ursaluna|Protect
|move|p1a: Archaludon|Flash Cannon|p2a: Ursaluna
|-activate|p2a: Ursaluna|move: Protect
|move|p1b: Ursaluna|Facade|p2a: Ursaluna
|-activate|p2a: Ursaluna|move: Protect
|
|-damage|p1b: Ursaluna|32/100 brn|[from] brn
|-status|p2a: Ursaluna|brn|[from] item: Flame Orb
|upkeep
|turn|8
|
|t:|1756372236
|move|p1a: Archaludon|Flash Cannon|p2a: Ursaluna
|-damage|p2a: Ursaluna|45/100 brn
|move|p1b: Ursaluna|Facade|p2a: Ursaluna
|-damage|p2a: Ursaluna|0 fnt
|faint|p2a: Ursaluna
|
|win|WASHINGTONGARGACHA
