|j|☆maxpro777
|j|☆Mojanf
|html|maxpro777Mojanf    
|uhtml|bestof|Game 1 of a best-of-3
|t:|1782190474
|gametype|doubles
|player|p1|maxpro777|cheren-gen5bw2|1062
|player|p2|Mojanf|2|1000
|gen|9
|tier|[Gen 9 Champions] VGC 2026 Reg M-B (Bo3)
|rated|
|rule|Species Clause: Limit one of each Pokémon
|rule|Item Clause: Limit 1 of each item
|clearpoke
|poke|p1|Swampert, L50, M|
|poke|p1|Pelipper, L50, M|
|poke|p1|Blaziken, L50, M|
|poke|p1|Archaludon, L50, M|
|poke|p1|Palafin, L50, M, shiny|
|poke|p1|Staraptor, L50, M|
|poke|p2|Delphox, L50, F|
|poke|p2|Sneasler, L50, M|
|poke|p2|Kingambit, L50, F|
|poke|p2|Whimsicott, L50, M|
|poke|p2|Tsareena, L50, F|
|poke|p2|Basculegion, L50, M|
|teampreview|4
|showteam|p1|Swampert||Swampertite|Torrent|Earthquake,Liquidation,IcePunch,RockSlide|Adamant||M|||50|]Pelipper||SitrusBerry|Drizzle|Protect,KnockOff,Tailwind,Hurricane|Relaxed||M|||50|]Blaziken||FocusSash|SpeedBoost|SwordsDance,CloseCombat,Protect,BlazeKick|Adamant||M|||50|]Archaludon||Leftovers|Stamina|AuraSphere,ElectroShot,FlashCannon,DragonPulse|Timid||M|||50|]Palafin||LifeOrb|ZerotoHero|FlipTurn,IcePunch,CloseCombat,Waterfall|Jolly||M|||50|]Staraptor||ChoiceScarf|Reckless|BraveBird,CloseCombat,DoubleEdge,Uturn|Jolly||M|||50|
|showteam|p2|Delphox||Delphoxite|Magician|HeatWave,Psychic,NastyPlot,Protect|Timid||F|||50|]Sneasler||WhiteHerb|Unburden|FakeOut,DireClaw,CloseCombat,Protect|Adamant||M|||50|]Kingambit||BlackGlasses|Defiant|KowtowCleave,SuckerPunch,IronHead,Protect|Adamant||F|||50|]Whimsicott||FocusSash|Prankster|Tailwind,Encore,Moonblast,Protect|Bold||M|||50|]Tsareena||SitrusBerry|QueenlyMajesty|TripleAxel,LowKick,TropKick,Protect|Adamant||F|||50|]Basculegion||ChoiceScarf|Adaptability|LastRespects,WaveCrash,FlipTurn,AquaJet|Jolly||M|||50|
|inactive|Battle timer is ON: inactive players will automatically lose when time's up. (requested by Mojanf)
|inactive|maxpro777 also wants the timer to be on.
|inactive|Mojanf has 60 seconds left.
|inactive|Mojanf has 30 seconds left.
|inactive|Mojanf has 20 seconds left.
|inactive|Mojanf has 15 seconds left.
|inactive|Mojanf has 10 seconds left.
|
|t:|1782190555
|teamsize|p1|4
|teamsize|p2|4
|start
|switch|p1a: Blaziken|Blaziken, L50, M|100/100
|switch|p1b: Staraptor|Staraptor, L50, M|100/100
|switch|p2a: Whimsicott|Whimsicott, L50, M|100/100
|switch|p2b: Delphox|Delphox, L50, F|100/100
|turn|1
|
|t:|1782190570
|detailschange|p2b: Delphox|Delphox-Mega, L50, F
|-mega|p2b: Delphox|Delphox|Delphoxite
|move|p1a: Blaziken|Protect|p1a: Blaziken
|-singleturn|p1a: Blaziken|Protect
|move|p2a: Whimsicott|Tailwind|p2a: Whimsicott
|-sidestart|p2: Mojanf|move: Tailwind
|move|p2b: Delphox|Psychic|p1b: Staraptor
|-damage|p1b: Staraptor|16/100
|move|p1b: Staraptor|Brave Bird|p2a: Whimsicott
|-supereffective|p2a: Whimsicott|1
|-crit|p2a: Whimsicott
|-enditem|p2a: Whimsicott|Focus Sash
|-damage|p2a: Whimsicott|1/100
|-damage|p1b: Staraptor|0 fnt|[from] Recoil
|faint|p1b: Staraptor
|
|-ability|p1a: Blaziken|Speed Boost|boost
|-boost|p1a: Blaziken|spe|1
|upkeep
|
|t:|1782190585
|switch|p1b: Pelipper|Pelipper, L50, M|100/100
|-weather|RainDance|[from] ability: Drizzle|[of] p1b: Pelipper
|turn|2
|
|t:|1782190610
|switch|p2a: Basculegion|Basculegion, L50, M|100/100
|move|p2b: Delphox|Psychic|p1a: Blaziken
|-supereffective|p1a: Blaziken|1
|-enditem|p1a: Blaziken|Focus Sash
|-damage|p1a: Blaziken|1/100
|-unboost|p1a: Blaziken|spd|1
|move|p1a: Blaziken|Swords Dance|p1a: Blaziken
|-boost|p1a: Blaziken|atk|2
|move|p1b: Pelipper|Tailwind|p1b: Pelipper
|-sidestart|p1: maxpro777|move: Tailwind
|
|-weather|RainDance|[upkeep]
|-ability|p1a: Blaziken|Speed Boost|boost
|-boost|p1a: Blaziken|spe|1
|upkeep
|turn|3
|
|t:|1782190630
|move|p1a: Blaziken|Protect|p1a: Blaziken
|-singleturn|p1a: Blaziken|Protect
|move|p2a: Basculegion|Aqua Jet|p1a: Blaziken
|-activate|p1a: Blaziken|move: Protect
|move|p2b: Delphox|Psychic|p1b: Pelipper
|-damage|p1b: Pelipper|17/100
|-enditem|p1b: Pelipper|Sitrus Berry|[eat]
|-heal|p1b: Pelipper|41/100|[from] item: Sitrus Berry
|move|p1b: Pelipper|Knock Off|p2a: Basculegion
|-supereffective|p2a: Basculegion|1
|-damage|p2a: Basculegion|63/100
|-enditem|p2a: Basculegion|Choice Scarf|[from] move: Knock Off|[of] p1b: Pelipper
|
|-weather|RainDance|[upkeep]
|-ability|p1a: Blaziken|Speed Boost|boost
|-boost|p1a: Blaziken|spe|1
|upkeep
|turn|4
|inactive|maxpro777 has 30 seconds left.
|inactive|maxpro777 has 20 seconds left.
|
|t:|1782190665
|move|p2a: Basculegion|Aqua Jet|p1a: Blaziken
|-supereffective|p1a: Blaziken|1
|-damage|p1a: Blaziken|0 fnt
|faint|p1a: Blaziken
|move|p2b: Delphox|Psychic|p1b: Pelipper
|-damage|p1b: Pelipper|0 fnt
|faint|p1b: Pelipper
|
|-weather|RainDance|[upkeep]
|-sideend|p2: Mojanf|move: Tailwind
|upkeep
|
|t:|1782190670
|switch|p1b: Swampert|Swampert, L50, M|100/100
|turn|5
|
|t:|1782190691
|detailschange|p1b: Swampert|Swampert-Mega, L50, M
|-mega|p1b: Swampert|Swampert|Swampertite
|move|p1b: Swampert|Liquidation|p2b: Delphox
|-supereffective|p2b: Delphox|1
|-damage|p2b: Delphox|0 fnt
|faint|p2b: Delphox
|move|p2a: Basculegion|Wave Crash|p1b: Swampert
|-damage|p1b: Swampert|0 fnt
|faint|p1b: Swampert
|-damage|p2a: Basculegion|34/100|[from] Recoil
|
|win|Mojanf
|inactive|maxpro777 has 30 seconds to confirm battle start!
|inactive|Mojanf has 30 seconds to confirm battle start!
||Mojanf is ready for game 2.
||maxpro777 is ready for game 2.
|uhtml|next|Next: Game 2 of 3
|l|☆maxpro777
|player|p1|
