|j|☆geardox
|j|☆Zengikk
|html|geardoxZengikk    
|uhtml|bestof|Game 2 of a best-of-3
|t:|1756563735
|gametype|doubles
|player|p1|geardox|cyclist|1121
|player|p2|Zengikk|giovanni|1138
|gen|9
|tier|[Gen 9] VGC 2025 Reg H (Bo3)
|rated|
|rule|Species Clause: Limit one of each Pokémon
|rule|Item Clause: Limit 1 of each item
|clearpoke
|poke|p1|Sneasler, L50, M|
|poke|p1|Garchomp, L50, M|
|poke|p1|Corviknight, L50, F|
|poke|p1|Archaludon, L50, M|
|poke|p1|Amoonguss, L50, F|
|poke|p1|Incineroar, L50, M|
|poke|p2|Sneasler, L50, M|
|poke|p2|Dragapult, L50, F|
|poke|p2|Primarina, L50, M|
|poke|p2|Rillaboom, L50, M|
|poke|p2|Kingambit, L50, M|
|poke|p2|Magmar, L50, M|
|teampreview|4
|showteam|p1|Sneasler||FocusSash|Unburden|DireClaw,CloseCombat,ThroatChop,Coaching|||M|||50|,,,,,Ghost]Garchomp||LifeOrb|RoughSkin|Protect,Earthquake,DragonClaw,StompingTantrum|||M|||50|,,,,,Ground]Corviknight||SitrusBerry|MirrorArmor|BraveBird,Tailwind,Roost,Taunt|||F|||50|,,,,,Fire]Archaludon||PowerHerb|Stamina|Protect,DracoMeteor,FlashCannon,ElectroShot|||M|||50|,,,,,Dragon]Amoonguss||RockyHelmet|Regenerator|ClearSmog,RagePowder,Spore,PollenPuff|||F|||50|,,,,,Water]Incineroar||AssaultVest|Intimidate|KnockOff,FlareBlitz,FakeOut,Uturn|||M|||50|,,,,,Ghost
|showteam|p2|Sneasler||FocusSash|PoisonTouch|CloseCombat,DireClaw,FakeOut,Protect|||M|||50|,,,,,Stellar]Dragapult||ChoiceBand|ClearBody|DragonDarts,TeraBlast,PhantomForce,Uturn|||F|||50|,,,,,Ghost]Primarina||SitrusBerry|LiquidVoice|HyperVoice,Moonblast,Haze,Protect|||M|||50|,,,,,Water]Rillaboom||AssaultVest|GrassySurge|WoodHammer,GrassyGlide,HighHorsepower,FakeOut|||M|||50|,,,,,Fire]Kingambit||BlackGlasses|Defiant|KowtowCleave,SuckerPunch,SwordsDance,Protect|||M|||50|,,,,,Ghost]Magmar||Eviolite|VitalSpirit|Overheat,WillOWisp,FollowMe,Protect|||M|||50|,,,,,Ghost
|inactive|Battle timer is ON: inactive players will automatically lose when time's up. (requested by Zengikk)
|
|t:|1756563768
|teamsize|p1|4
|teamsize|p2|4
|start
|switch|p1a: Riku|Sneasler, L50, M|100/100
|switch|p1b: Chica|Corviknight, L50, F|100/100
|switch|p2a: Sneasler|Sneasler, L50, M|100/100
|switch|p2b: Primarina|Primarina, L50, M|100/100
|turn|1
|
|t:|1756563783
|move|p2a: Sneasler|Fake Out|p1a: Riku
|-damage|p1a: Riku|79/100
|cant|p1a: Riku|flinch
|move|p1b: Chica|Tailwind|p1b: Chica
|-sidestart|p1: geardox|move: Tailwind
|move|p2b: Primarina|Hyper Voice|p1a: Riku|[spread] p1a,p1b
|-damage|p1a: Riku|32/100
|-damage|p1b: Chica|77/100
|
|upkeep
|turn|2
|
|t:|1756563799
|-terastallize|p2b: Primarina|Water
|move|p1a: Riku|Dire Claw|p2b: Primarina
|-damage|p2b: Primarina|56/100
|move|p1b: Chica|Brave Bird|p2a: Sneasler
|-supereffective|p2a: Sneasler
|-enditem|p2a: Sneasler|Focus Sash
|-damage|p2a: Sneasler|1/100
|-damage|p1b: Chica|52/100|[from] Recoil
|move|p2a: Sneasler|Dire Claw|p1a: Riku
|-resisted|p1a: Riku
|-damage|p1a: Riku|0 fnt
|faint|p1a: Riku
|move|p2b: Primarina|Hyper Voice|p1b: Chica
|-damage|p1b: Chica|6/100
|-enditem|p1b: Chica|Sitrus Berry|[eat]
|-heal|p1b: Chica|31/100|[from] item: Sitrus Berry
|
|upkeep
|
|t:|1756563815
|switch|p1a: Incineroar|Incineroar, L50, M|100/100
|-ability|p1a: Incineroar|Intimidate|boost
|-unboost|p2a: Sneasler|atk|1
|-unboost|p2b: Primarina|atk|1
|turn|3
|
|t:|1756563834
|switch|p2a: Magmar|Magmar, L50, M|100/100
|move|p2b: Primarina|Protect|p2b: Primarina
|-singleturn|p2b: Primarina|Protect
|move|p1a: Incineroar|Flare Blitz|p2a: Magmar
|-resisted|p2a: Magmar
|-damage|p2a: Magmar|80/100
|-damage|p1a: Incineroar|94/100|[from] Recoil
|move|p1b: Chica|Roost|p1b: Chica
|-heal|p1b: Chica|81/100
|-singleturn|p1b: Chica|move: Roost
|
|upkeep
|turn|4
|inactive|geardox has 30 seconds left.
|
|t:|1756563860
|move|p1a: Incineroar|Knock Off|p2a: Magmar
|-damage|p2a: Magmar|48/100
|-enditem|p2a: Magmar|Eviolite|[from] move: Knock Off|[of] p1a: Incineroar
|move|p1b: Chica|Brave Bird|p2b: Primarina
|-damage|p2b: Primarina|20/100
|-enditem|p2b: Primarina|Sitrus Berry|[eat]
|-heal|p2b: Primarina|45/100|[from] item: Sitrus Berry
|-damage|p1b: Chica|70/100|[from] Recoil
|move|p2a: Magmar|Overheat|p1b: Chica
|-supereffective|p1b: Chica
|-damage|p1b: Chica|0 fnt
|-unboost|p2a: Magmar|spa|2
|faint|p1b: Chica
|move|p2b: Primarina|Hyper Voice|p1a: Incineroar
|-supereffective|p1a: Incineroar
|-damage|p1a: Incineroar|16/100
|
|-sideend|p1: geardox|move: Tailwind
|upkeep
|
|t:|1756563877
|switch|p1b: Stinky Pete|Garchomp, L50, M|100/100
|turn|5
|
|t:|1756563893
|-terastallize|p1b: Stinky Pete|Ground
|move|p1b: Stinky Pete|Earthquake|p2b: Primarina|[spread] p1a,p2a,p2b
|-supereffective|p1a: Incineroar
|-supereffective|p2a: Magmar
|-damage|p1a: Incineroar|0 fnt
|-damage|p2a: Magmar|0 fnt
|-damage|p2b: Primarina|0 fnt
|faint|p1a: Incineroar
|faint|p2a: Magmar
|faint|p2b: Primarina
|-damage|p1b: Stinky Pete|91/100|[from] item: Life Orb
|
|upkeep
|
|t:|1756563905
|switch|p2a: Sneasler|Sneasler, L50, M|1/100
|switch|p2b: Kingambit|Kingambit, L50, M|100/100
|turn|6
|
|t:|1756563923
|move|p2a: Sneasler|Fake Out|p1b: Stinky Pete
|-damage|p1b: Stinky Pete|75/100
|-damage|p2a: Sneasler|0 fnt|[from] ability: Rough Skin|[of] p1b: Stinky Pete
|faint|p2a: Sneasler
|cant|p1b: Stinky Pete|flinch
|move|p2b: Kingambit|Swords Dance|p2b: Kingambit
|-boost|p2b: Kingambit|atk|2
|
|upkeep
|turn|7
|
|t:|1756563933
|move|p1b: Stinky Pete|Protect|p1b: Stinky Pete
|-singleturn|p1b: Stinky Pete|Protect
|move|p2b: Kingambit|Sucker Punch||[still]
|-fail|p2b: Kingambit
|
|upkeep
|turn|8
|
|t:|1756563939
|move|p1b: Stinky Pete|Protect|p1b: Stinky Pete
|-singleturn|p1b: Stinky Pete|Protect
|move|p2b: Kingambit|Sucker Punch||[still]
|-fail|p2b: Kingambit
|
|upkeep
|turn|9
|
|t:|1756563947
|move|p1b: Stinky Pete|Protect||[still]
|-fail|p1b: Stinky Pete
|move|p2b: Kingambit|Sucker Punch||[still]
|-fail|p2b: Kingambit
|
|upkeep
|turn|10
|
|t:|1756563953
|move|p1b: Stinky Pete|Protect|p1b: Stinky Pete
|-singleturn|p1b: Stinky Pete|Protect
|move|p2b: Kingambit|Sucker Punch||[still]
|-fail|p2b: Kingambit
|
|upkeep
|turn|11
|
|t:|1756563959
|move|p1b: Stinky Pete|Protect||[still]
|-fail|p1b: Stinky Pete
|move|p2b: Kingambit|Kowtow Cleave|p1b: Stinky Pete
|-damage|p1b: Stinky Pete|0 fnt
|-damage|p2b: Kingambit|88/100|[from] ability: Rough Skin|[of] p1b: Stinky Pete
|faint|p1b: Stinky Pete
|
|win|Zengikk
