|j|☆no_dupes
|j|☆LordTentacle69
|html|no_dupesLordTentacle69    
|uhtml|bestof|Game 2 of a best-of-3
|t:|1757119087
|gametype|doubles
|player|p1|no_dupes|brock-gen2|1318
|player|p2|LordTentacle69|plasmagruntf|1311
|gen|9
|tier|[Gen 9] VGC 2025 Reg H (Bo3)
|rated|
|rule|Species Clause: Limit one of each Pokémon
|rule|Item Clause: Limit 1 of each item
|clearpoke
|poke|p1|Sneasler, L50, F|
|poke|p1|Indeedee, L50, M|
|poke|p1|Volcarona, L50, M|
|poke|p1|Ursaluna-Bloodmoon, L50, M|
|poke|p1|Annihilape, L50, M|
|poke|p1|Tyranitar, L50, M|
|poke|p2|Sneasler, L50, M|
|poke|p2|Indeedee, L50, M|
|poke|p2|Volcarona, L50, F|
|poke|p2|Ursaluna-Bloodmoon, L50, M|
|poke|p2|Annihilape, L50, M|
|poke|p2|Tyranitar, L50, F|
|teampreview|4
|showteam|p1|Sneasler||PsychicSeed|Unburden|CloseCombat,DireClaw,ThroatChop,Protect|||F|||50|,,,,,Dark]Indeedee||ChoiceScarf|PsychicSurge|ExpandingForce,TeraBlast,Trick,Protect|||M|||50|,,,,,Psychic]Volcarona||SitrusBerry|FlameBody|Overheat,StruggleBug,RagePowder,Tailwind|||M|||50|,,,,,Grass]Ursaluna-Bloodmoon||LifeOrb|MindsEye|BloodMoon,HyperVoice,EarthPower,Protect|||M|||50|,,,,,Normal]Annihilape||SafetyGoggles|Defiant|CloseCombat,RageFist,Taunt,FinalGambit|||M|||50|,,,,,Fairy]Tyranitar||AssaultVest|SandStream|RockSlide,KnockOff,TeraBlast,LowKick|||M|||50|,,,,,Flying
|showteam|p2|Sneasler||PsychicSeed|Unburden|CloseCombat,DireClaw,ThroatChop,Protect|||M|||50|,,,,,Dark]Indeedee||ChoiceScarf|PsychicSurge|ExpandingForce,TeraBlast,Trick,Protect|||M|||50|,,,,,Psychic]Volcarona||SitrusBerry|FlameBody|Overheat,StruggleBug,RagePowder,Tailwind|||F|||50|,,,,,Grass]Ursaluna-Bloodmoon||LifeOrb|MindsEye|BloodMoon,HyperVoice,EarthPower,Protect|||M|||50|,,,,,Normal]Annihilape||SafetyGoggles|Defiant|CloseCombat,RageFist,Taunt,FinalGambit|||M|||50|,,,,,Fairy]Tyranitar||AssaultVest|SandStream|RockSlide,KnockOff,TeraBlast,LowKick|||F|||50|,,,,,Flying
|inactive|Battle timer is ON: inactive players will automatically lose when time's up. (requested by no_dupes)
|
|t:|1757119105
|teamsize|p1|4
|teamsize|p2|4
|start
|switch|p1a: Indeedee|Indeedee, L50, M|100/100
|switch|p1b: Sneasler|Sneasler, L50, F, shiny|100/100
|switch|p2a: Sneasler|Sneasler, L50, M|100/100
|switch|p2b: Volcarona|Volcarona, L50, F|100/100
|-fieldstart|move: Psychic Terrain|[from] ability: Psychic Surge|[of] p1a: Indeedee
|-enditem|p2a: Sneasler|Psychic Seed
|-boost|p2a: Sneasler|spd|1|[from] item: Psychic Seed
|-enditem|p1b: Sneasler|Psychic Seed
|-boost|p1b: Sneasler|spd|1|[from] item: Psychic Seed
|turn|1
|
|t:|1757119124
|-terastallize|p2a: Sneasler|Dark
|move|p2b: Volcarona|Rage Powder|p2b: Volcarona
|-singleturn|p2b: Volcarona|move: Rage Powder
|move|p2a: Sneasler|Throat Chop|p1a: Indeedee
|-supereffective|p1a: Indeedee
|-damage|p1a: Indeedee|0 fnt
|faint|p1a: Indeedee
|move|p1b: Sneasler|Dire Claw|p2b: Volcarona
|-damage|p2b: Volcarona|42/100
|-status|p2b: Volcarona|slp
|-enditem|p2b: Volcarona|Sitrus Berry|[eat]
|-heal|p2b: Volcarona|67/100 slp|[from] item: Sitrus Berry
|
|upkeep
|
|t:|1757119134
|switch|p1a: Volcarona|Volcarona, L50, M, shiny|100/100
|turn|2
|
|t:|1757119150
|move|p2a: Sneasler|Dire Claw|p1b: Sneasler
|-resisted|p1b: Sneasler
|-damage|p1b: Sneasler|59/100
|-status|p1b: Sneasler|par
|cant|p1b: Sneasler|par
|cant|p2b: Volcarona|slp
|move|p1a: Volcarona|Tailwind|p1a: Volcarona
|-sidestart|p1: no_dupes|move: Tailwind
|
|upkeep
|turn|3
|
|t:|1757119174
|switch|p2a: Annihilape|Annihilape, L50, M|100/100
|cant|p1b: Sneasler|par
|move|p1a: Volcarona|Struggle Bug|p2b: Volcarona|[spread] p2a,p2b
|-resisted|p2a: Annihilape
|-resisted|p2b: Volcarona
|-damage|p2a: Annihilape|97/100
|-damage|p2b: Volcarona|59/100 slp
|-unboost|p2a: Annihilape|spa|1
|-ability|p2a: Annihilape|Defiant|boost
|-boost|p2a: Annihilape|atk|2
|-unboost|p2b: Volcarona|spa|1
|cant|p2b: Volcarona|slp
|
|upkeep
|turn|4
|inactive|LordTentacle69 has 30 seconds left.
|
|t:|1757119200
|cant|p2b: Volcarona|slp
|move|p1b: Sneasler|Throat Chop|p2a: Annihilape
|-damage|p2a: Annihilape|63/100
|-start|p2a: Annihilape|Throat Chop|[silent]
|move|p1a: Volcarona|Overheat|p2a: Annihilape
|-damage|p2a: Annihilape|10/100
|-unboost|p1a: Volcarona|spa|2
|move|p2a: Annihilape|Rage Fist|p1b: Sneasler
|-damage|p1b: Sneasler|0 fnt
|faint|p1b: Sneasler
|
|upkeep
|
|t:|1757119207
|switch|p1b: Caesar|Annihilape, L50, M, shiny|100/100
|turn|5
|
|t:|1757119224
|move|p1a: Volcarona|Overheat|p2b: Volcarona
|-damage|p2b: Volcarona|33/100 slp
|-unboost|p1a: Volcarona|spa|2
|move|p1b: Caesar|Rage Fist|p2a: Annihilape
|-supereffective|p2a: Annihilape
|-damage|p2a: Annihilape|0 fnt
|faint|p2a: Annihilape
|-curestatus|p2b: Volcarona|slp|[msg]
|move|p2b: Volcarona|Tailwind|p2b: Volcarona
|-sidestart|p2: LordTentacle69|move: Tailwind
|
|-sideend|p1: no_dupes|move: Tailwind
|-fieldend|move: Psychic Terrain
|upkeep
|
|t:|1757119241
|switch|p2a: Indeedee|Indeedee, L50, M|100/100
|-fieldstart|move: Psychic Terrain|[from] ability: Psychic Surge|[of] p2a: Indeedee
|turn|6
|
|t:|1757119266
|switch|p2b: Sneasler|Sneasler, L50, M, tera:Dark|100/100
|-terastallize|p1b: Caesar|Fairy
|move|p2a: Indeedee|Expanding Force|p1b: Caesar|[spread] p1a,p1b
|-damage|p1a: Volcarona|45/100
|-damage|p1b: Caesar|51/100
|-enditem|p1a: Volcarona|Sitrus Berry|[eat]
|-heal|p1a: Volcarona|70/100|[from] item: Sitrus Berry
|move|p1a: Volcarona|Tailwind|p1a: Volcarona
|-sidestart|p1: no_dupes|move: Tailwind
|move|p1b: Caesar|Close Combat|p2a: Indeedee
|-damage|p2a: Indeedee|3/100
|-unboost|p1b: Caesar|def|1
|-unboost|p1b: Caesar|spd|1
|
|upkeep
|turn|7
|
|t:|1757119288
|move|p2a: Indeedee|Expanding Force|p1a: Volcarona|[spread] p1a,p1b
|-damage|p1a: Volcarona|15/100
|-damage|p1b: Caesar|0 fnt
|faint|p1b: Caesar
|move|p2b: Sneasler|Dire Claw|p1a: Volcarona
|-damage|p1a: Volcarona|0 fnt
|faint|p1a: Volcarona
|
|win|LordTentacle69
||LordTentacle69 is ready for game 3.
