|j|☆KodeBeast0526
|j|☆CappoFeFe
|html|KodeBeast0526CappoFeFe    
|uhtml|bestof|Game 1 of a best-of-3
|t:|1785181163
|gametype|doubles
|player|p1|KodeBeast0526|hiker|1250
|player|p2|CappoFeFe|169|1277
|gen|9
|tier|[Gen 9 Champions] VGC 2026 Reg M-B (Bo3)
|rated|
|rule|Species Clause: Limit one of each Pokémon
|rule|Item Clause: Limit 1 of each item
|clearpoke
|poke|p1|Aerodactyl, L50, M|
|poke|p1|Kingambit, L50, M|
|poke|p1|Sylveon, L50, M|
|poke|p1|Garchomp, L50, M|
|poke|p1|Charizard, L50, M|
|poke|p1|Farigiraf, L50, M, shiny|
|poke|p2|Farigiraf, L50, F, shiny|
|poke|p2|Camerupt, L50, M, shiny|
|poke|p2|Sylveon, L50, M, shiny|
|poke|p2|Incineroar, L50, F, shiny|
|poke|p2|Scovillain, L50, F, shiny|
|poke|p2|Araquanid, L50, F, shiny|
|teampreview|4
|showteam|p1|Aerodactyl||Aerodactylite|Unnerve|RockSlide,IceFang,Tailwind,WideGuard|Jolly||M|||50|]Kingambit||FocusSash|Defiant|KowtowCleave,SuckerPunch,IronHead,LowKick|Adamant||M|||50|]Sylveon||FairyFeather|Pixilate|Detect,HyperVoice,HyperBeam,QuickAttack|Modest||M|||50|]Garchomp||LifeOrb|RoughSkin|Earthquake,DragonClaw,StompingTantrum,Protect|Jolly||M|||50|]Charizard||CharizarditeY|Blaze|Protect,HeatWave,SolarBeam,WeatherBall|Modest||M|||50|]Farigiraf||SitrusBerry|ArmorTail|Thunderbolt,PsychicNoise,TrickRoom,HelpingHand|Bold||M|||50|
|showteam|p2|Farigiraf||SitrusBerry|ArmorTail|Psychic,Thunderbolt,TrickRoom,Protect|Modest||F|||50|]Camerupt||Cameruptite|SolidRock|AncientPower,EarthPower,HeatWave,Protect|Quiet||M|||50|]Sylveon||LifeOrb|Pixilate|HyperVoice,HyperBeam,QuickAttack,Detect|Quiet||M|||50|]Incineroar||Charcoal|Intimidate|FakeOut,FlareBlitz,ThroatChop,PartingShot|Adamant||F|||50|]Scovillain||Scovillainite|Moody|RagePowder,Protect,LeechSeed,Flamethrower|Calm||F|||50|]Araquanid||MysticWater|WaterBubble|Liquidation,Lunge,Protect,WideGuard|Brave||F|||50|
|
|t:|1785181215
|teamsize|p1|4
|teamsize|p2|4
|start
|switch|p1a: Farigiraf|Farigiraf, L50, M, shiny|100/100
|switch|p1b: Sylveon|Sylveon, L50, M|100/100
|switch|p2a: Farigiraf|Farigiraf, L50, F, shiny|100/100
|switch|p2b: Incineroar|Incineroar, L50, F, shiny|100/100
|-ability|p2b: Incineroar|Intimidate|boost
|-unboost|p1a: Farigiraf|atk|1
|-unboost|p1b: Sylveon|atk|1
|turn|1
|inactive|Battle timer is ON: inactive players will automatically lose when time's up. (requested by CappoFeFe)
|
|t:|1785181241
|move|p1a: Farigiraf|Helping Hand|p1b: Sylveon
|-singleturn|p1b: Sylveon|Helping Hand|[of] p1a: Farigiraf
|move|p2a: Farigiraf|Protect|p2a: Farigiraf
|-singleturn|p2a: Farigiraf|Protect
|move|p1b: Sylveon|Hyper Voice|p2b: Incineroar|[spread] p2b
|-activate|p2a: Farigiraf|move: Protect
|-damage|p2b: Incineroar|40/100
|move|p2b: Incineroar|Throat Chop|p1b: Sylveon
|-resisted|p1b: Sylveon|1
|-damage|p1b: Sylveon|77/100
|-start|p1b: Sylveon|Throat Chop|[silent]
|
|upkeep
|turn|2
|
|t:|1785181263
|move|p1b: Sylveon|Hyper Beam|p2a: Farigiraf
|-damage|p2a: Farigiraf|0 fnt
|-mustrecharge|p1b: Sylveon
|faint|p2a: Farigiraf
|move|p1a: Farigiraf|Thunderbolt|p2b: Incineroar
|-damage|p2b: Incineroar|21/100
|move|p2b: Incineroar|Parting Shot|p1b: Sylveon
|-unboost|p1b: Sylveon|atk|1
|-unboost|p1b: Sylveon|spa|1
|
|t:|1785181272
|switch|p2b: Sylveon|Sylveon, L50, M, shiny|100/100|[from] Parting Shot
|
|-end|p1b: Sylveon|Throat Chop|[silent]
|upkeep
|
|t:|1785181275
|switch|p2a: Camerupt|Camerupt, L50, M, shiny|100/100
|turn|3
|
|t:|1785181286
|detailschange|p2a: Camerupt|Camerupt-Mega, L50, M, shiny
|-mega|p2a: Camerupt|Camerupt|Cameruptite
|cant|p1b: Sylveon|recharge
|move|p1a: Farigiraf|Psychic Noise|p2a: Camerupt
|-damage|p2a: Camerupt|72/100
|-start|p2a: Camerupt|move: Heal Block
|move|p2b: Sylveon|Hyper Voice|p1a: Farigiraf|[spread] p1a,p1b
|-crit|p1b: Sylveon
|-damage|p1a: Farigiraf|53/100
|-damage|p1b: Sylveon|15/100
|-damage|p2b: Sylveon|90/100|[from] item: Life Orb
|move|p2a: Camerupt|Earth Power|p1a: Farigiraf
|-damage|p1a: Farigiraf|0 fnt
|faint|p1a: Farigiraf
|
|upkeep
|
|t:|1785181291
|switch|p1a: Charizard|Charizard, L50, M|100/100
|turn|4
|
|t:|1785181304
|switch|p1b: Kingambit|Kingambit, L50, M|100/100
|detailschange|p1a: Charizard|Charizard-Mega-Y, L50, M
|-mega|p1a: Charizard|Charizard|Charizardite Y
|-weather|SunnyDay|[from] ability: Drought|[of] p1a: Charizard
|move|p2b: Sylveon|Quick Attack|p1b: Kingambit
|-damage|p1b: Kingambit|87/100
|-damage|p2b: Sylveon|80/100|[from] item: Life Orb
|move|p1a: Charizard|Heat Wave|p2a: Camerupt|[spread] p2a,p2b
|-resisted|p2a: Camerupt|1
|-damage|p2a: Camerupt|42/100
|-damage|p2b: Sylveon|37/100
|move|p2a: Camerupt|Ancient Power|p1a: Charizard
|-supereffective|p1a: Charizard|2
|-damage|p1a: Charizard|0 fnt
|faint|p1a: Charizard
|
|-weather|SunnyDay|[upkeep]
|-end|p2a: Camerupt|move: Heal Block
|upkeep
|
|t:|1785181319
|switch|p1a: Sylveon|Sylveon, L50, M|15/100
|turn|5
|
|t:|1785181331
|move|p2a: Camerupt|Protect|p2a: Camerupt
|-singleturn|p2a: Camerupt|Protect
|move|p2b: Sylveon|Quick Attack|p1a: Sylveon
|-damage|p1a: Sylveon|0 fnt
|faint|p1a: Sylveon
|-damage|p2b: Sylveon|27/100|[from] item: Life Orb
|move|p1b: Kingambit|Iron Head|p2b: Sylveon
|-supereffective|p2b: Sylveon|1
|-damage|p2b: Sylveon|0 fnt
|faint|p2b: Sylveon
|
|-weather|SunnyDay|[upkeep]
|upkeep
|
|t:|1785181339
|switch|p2b: Incineroar|Incineroar, L50, F, shiny|21/100
|-ability|p2b: Incineroar|Intimidate|boost
|-unboost|p1b: Kingambit|atk|1
|-ability|p1b: Kingambit|Defiant|boost
|-boost|p1b: Kingambit|atk|2
|turn|6
|
|t:|1785181348
|move|p1b: Kingambit|Sucker Punch|p2a: Camerupt
|-damage|p2a: Camerupt|0 fnt
|faint|p2a: Camerupt
|move|p2b: Incineroar|Flare Blitz|p1b: Kingambit
|-supereffective|p1b: Kingambit|1
|-damage|p1b: Kingambit|0 fnt
|faint|p1b: Kingambit
|-damage|p2b: Incineroar|0 fnt|[from] Recoil
|faint|p2b: Incineroar
|
|win|CappoFeFe
||KodeBeast0526 is ready for game 2.
