|j|☆axolotlwooper
|j|☆predatorssg
|html|axolotlwooperpredatorssg    
|uhtml|bestof|Game 1 of a best-of-3
|t:|1785763452
|gametype|doubles
|player|p1|axolotlwooper|linebacker|1164
|player|p2|predatorssg|266|1218
|gen|9
|tier|[Gen 9 Champions] VGC 2026 Reg M-B (Bo3)
|rated|
|rule|Species Clause: Limit one of each Pokémon
|rule|Item Clause: Limit 1 of each item
|clearpoke
|poke|p1|Farigiraf, L50, M|
|poke|p1|Absol, L50, F|
|poke|p1|Blastoise, L50, F, shiny|
|poke|p1|Camerupt, L50, F|
|poke|p1|Tinkaton, L50, F|
|poke|p1|Vanilluxe, L50, M|
|poke|p2|Archaludon, L50, M|
|poke|p2|Pelipper, L50, F|
|poke|p2|Grimmsnarl, L50, M|
|poke|p2|Swampert, L50, F|
|poke|p2|Talonflame, L50, F|
|poke|p2|Gardevoir, L50, F|
|teampreview|4
|showteam|p1|Farigiraf||SitrusBerry|ArmorTail|PsychicFangs,HyperVoice,BeatUp,TrickRoom|Relaxed||M|||50|]Absol||LifeOrb|Justified|RockSlide,SuckerPunch,CloseCombat,Protect|Brave||F|||50|]Blastoise||Blastoisinite|RainDish|WaterSpout,DarkPulse,AuraSphere,FakeOut|Quiet||F|||50|]Camerupt||Cameruptite|SolidRock|HeatWave,EarthPower,AncientPower,Protect|Quiet||F|||50|]Tinkaton||MetalCoat|MoldBreaker|GigatonHammer,PlayRough,Feint,FakeOut|Brave||F|||50|]Vanilluxe||NeverMeltIce|SnowWarning|Blizzard,FreezeDry,IceShard,Protect|Quiet||M|||50|
|showteam|p2|Archaludon||Leftovers|Stamina|ElectroShot,AuraSphere,FlashCannon,Protect|Modest||M|||50|]Pelipper||SitrusBerry|Drizzle|HelpingHand,WeatherBall,Hurricane,WideGuard|Modest||F|||50|]Grimmsnarl||LightClay|Prankster|PartingShot,SpiritBreak,Reflect,LightScreen|Calm||M|||50|]Swampert||Swampertite|Torrent|WaveCrash,Earthquake,IcePunch,Protect|Adamant||F|||50|]Talonflame||FocusSash|GaleWings|Protect,Tailwind,RainDance,DualWingbeat|Jolly||F|||50|]Gardevoir||Gardevoirite|Synchronize|Protect,HyperVoice,Psychic,Thunderbolt|Modest||F|||50|
|inactive|Battle timer is ON: inactive players will automatically lose when time's up. (requested by axolotlwooper)
|inactive|axolotlwooper has 60 seconds left.
|inactive|predatorssg has 60 seconds left.
|inactive|axolotlwooper has 30 seconds left.
|inactive|axolotlwooper has 20 seconds left.
|inactive|axolotlwooper has 15 seconds left.
|inactive|axolotlwooper has 10 seconds left.
|
|t:|1785763536
|teamsize|p1|4
|teamsize|p2|4
|start
|switch|p1a: Farigiraf|Farigiraf, L50, M|100/100
|switch|p1b: Blastoise|Blastoise, L50, F, shiny|100/100
|switch|p2a: Grimmsnarl|Grimmsnarl, L50, M|100/100
|switch|p2b: Archaludon|Archaludon, L50, M|100/100
|turn|1
|
|t:|1785763558
|move|p1b: Blastoise|Fake Out|p2a: Grimmsnarl
|-damage|p2a: Grimmsnarl|92/100
|cant|p2a: Grimmsnarl|flinch
|move|p2b: Archaludon|Flash Cannon|p1a: Farigiraf
|-damage|p1a: Farigiraf|64/100
|move|p1a: Farigiraf|Trick Room|p1a: Farigiraf
|-fieldstart|move: Trick Room|[of] p1a: Farigiraf
|
|upkeep
|turn|2
|inactive|axolotlwooper has 30 seconds left.
|
|t:|1785763586
|switch|p1a: Camerupt|Camerupt, L50, F|100/100
|move|p2a: Grimmsnarl|Light Screen|p2a: Grimmsnarl
|-sidestart|p2: predatorssg|move: Light Screen
|move|p1b: Blastoise|Aura Sphere|p2b: Archaludon
|-supereffective|p2b: Archaludon|1
|-damage|p2b: Archaludon|61/100
|-ability|p2b: Archaludon|Stamina|boost
|-boost|p2b: Archaludon|def|1
|move|p2b: Archaludon|Flash Cannon|p1a: Camerupt
|-resisted|p1a: Camerupt|1
|-damage|p1a: Camerupt|76/100
|
|-heal|p2b: Archaludon|68/100|[from] item: Leftovers
|upkeep
|turn|3
|
|t:|1785763606
|detailschange|p1a: Camerupt|Camerupt-Mega, L50, F
|-mega|p1a: Camerupt|Camerupt|Cameruptite
|move|p2a: Grimmsnarl|Parting Shot|p1a: Camerupt
|-unboost|p1a: Camerupt|atk|1
|-unboost|p1a: Camerupt|spa|1
|
|t:|1785763610
|switch|p2a: Pelipper|Pelipper, L50, F|100/100|[from] Parting Shot
|-weather|RainDance|[from] ability: Drizzle|[of] p2a: Pelipper
|move|p1a: Camerupt|Earth Power|p2b: Archaludon
|-supereffective|p2b: Archaludon|1
|-damage|p2b: Archaludon|0 fnt
|faint|p2b: Archaludon
|move|p1b: Blastoise|Aura Sphere|p2a: Pelipper
|-resisted|p2a: Pelipper|1
|-damage|p2a: Pelipper|91/100
|
|-weather|RainDance|[upkeep]
|upkeep
|
|t:|1785763621
|switch|p2b: Swampert|Swampert, L50, F|100/100
|turn|4
|
|t:|1785763633
|detailschange|p2b: Swampert|Swampert-Mega, L50, F
|-mega|p2b: Swampert|Swampert|Swampertite
|move|p1a: Camerupt|Ancient Power|p2a: Pelipper
|-supereffective|p2a: Pelipper|1
|-damage|p2a: Pelipper|55/100
|move|p1b: Blastoise|Dark Pulse|p2b: Swampert
|-damage|p2b: Swampert|87/100
|move|p2a: Pelipper|Hurricane|p1b: Blastoise
|-damage|p1b: Blastoise|63/100
|move|p2b: Swampert|Earthquake|p1b: Blastoise|[spread] p1a,p1b
|-immune|p2a: Pelipper
|-supereffective|p1a: Camerupt|1
|-damage|p1a: Camerupt|0 fnt
|-damage|p1b: Blastoise|15/100
|faint|p1a: Camerupt
|
|-weather|RainDance|[upkeep]
|-heal|p1b: Blastoise|21/100|[from] ability: Rain Dish
|upkeep
|
|t:|1785763649
|switch|p1a: Vanilluxe|Vanilluxe, L50, M|100/100
|-weather|Snowscape|[from] ability: Snow Warning|[of] p1a: Vanilluxe
|turn|5
|
|t:|1785763666
|switch|p2a: Grimmsnarl|Grimmsnarl, L50, M|92/100
|move|p2b: Swampert|Protect|p2b: Swampert
|-singleturn|p2b: Swampert|Protect
|move|p1b: Blastoise|Dark Pulse|p2a: Grimmsnarl
|-resisted|p2a: Grimmsnarl|2
|-damage|p2a: Grimmsnarl|89/100
|move|p1a: Vanilluxe|Blizzard|p2b: Swampert|[spread] p2a
|-activate|p2b: Swampert|move: Protect
|-damage|p2a: Grimmsnarl|58/100
|
|-weather|Snowscape|[upkeep]
|-fieldend|move: Trick Room
|upkeep
|turn|6
|
|t:|1785763684
|move|p2a: Grimmsnarl|Parting Shot|p1a: Vanilluxe
|-unboost|p1a: Vanilluxe|atk|1
|-unboost|p1a: Vanilluxe|spa|1
|
|t:|1785763687
|switch|p2a: Pelipper|Pelipper, L50, F|55/100|[from] Parting Shot
|-weather|RainDance|[from] ability: Drizzle|[of] p2a: Pelipper
|move|p2b: Swampert|Earthquake|p1b: Blastoise|[spread] p1a,p1b
|-immune|p2a: Pelipper
|-damage|p1a: Vanilluxe|47/100
|-damage|p1b: Blastoise|0 fnt
|faint|p1b: Blastoise
|move|p1a: Vanilluxe|Freeze-Dry|p2b: Swampert
|-supereffective|p2b: Swampert|2
|-damage|p2b: Swampert|24/100
|
|-weather|RainDance|[upkeep]
|upkeep
|
|t:|1785763700
|switch|p1b: Farigiraf|Farigiraf, L50, M|64/100
|turn|7
|
|t:|1785763706
|move|p2b: Swampert|Earthquake|p1b: Farigiraf|[spread] p1a,p1b
|-immune|p2a: Pelipper
|-damage|p1a: Vanilluxe|0 fnt
|-damage|p1b: Farigiraf|28/100
|-enditem|p1b: Farigiraf|Sitrus Berry|[eat]
|-heal|p1b: Farigiraf|53/100|[from] item: Sitrus Berry
|faint|p1a: Vanilluxe
|move|p2a: Pelipper|Weather Ball|p1b: Farigiraf
|-damage|p1b: Farigiraf|1/100
|move|p1b: Farigiraf|Hyper Voice|p2a: Pelipper|[spread] p2a,p2b
|-damage|p2a: Pelipper|34/100
|-damage|p2b: Swampert|9/100
|-enditem|p2a: Pelipper|Sitrus Berry|[eat]
|-heal|p2a: Pelipper|59/100|[from] item: Sitrus Berry
|
|-weather|RainDance|[upkeep]
|upkeep
|turn|8
|-message|axolotlwooper forfeited.
|
|win|predatorssg
||axolotlwooper is ready for game 2.
||predatorssg is ready for game 2.
|uhtml|next|Next: Game 2 of 3
