|j|☆muslego
|j|☆johannes100100
|html|muslegojohannes100100    
|uhtml|bestof|Game 3 of a best-of-3
|t:|1757667098
|gametype|doubles
|player|p1|muslego|nate|1066
|player|p2|johannes100100|preschooler|1214
|gen|9
|tier|[Gen 9] VGC 2025 Reg H (Bo3)
|rated|
|rule|Species Clause: Limit one of each Pokémon
|rule|Item Clause: Limit 1 of each item
|clearpoke
|poke|p1|Charizard, L50, M|
|poke|p1|Torkoal, L50, M|
|poke|p1|Porygon2, L50|
|poke|p1|Incineroar, L50, M|
|poke|p1|Jumpluff, L50, F|
|poke|p1|Ursaluna, L50, F|
|poke|p2|Gallade, L50, M|
|poke|p2|Indeedee-F, L50, F|
|poke|p2|Ursaluna, L50, M|
|poke|p2|Torkoal, L50, M|
|poke|p2|Hatterene, L50, F|
|poke|p2|Maushold, L50|
|teampreview|4
|showteam|p1|Charizard||ChoiceSpecs|SolarPower|HeatWave,Overheat,WeatherBall,AirSlash|||M|||50|,,,,,Ghost]Torkoal||EjectPack|Drought|Eruption,Overheat,HelpingHand,Protect|||M|||50|,,,,,Fire]Porygon2||Eviolite|Download|TeraBlast,IceBeam,Recover,TrickRoom||||||50|,,,,,Fighting]Incineroar||SitrusBerry|Intimidate|FlareBlitz,KnockOff,FakeOut,PartingShot|||M|||50|,,,,,Ghost]Jumpluff||CovertCloak|Chlorophyll|SleepPowder,SunnyDay,RagePowder,Tailwind|||F|||50|,,,,,Water]Ursaluna||FlameOrb|Guts|HeadlongRush,Facade,Earthquake,Protect|||F|||50|,,,,,Ghost
|showteam|p2|Gallade||ClearAmulet|Sharpness|SacredSword,NightSlash,WideGuard,TrickRoom|||M|||50|,,,,,Dark]Indeedee-F||RockyHelmet|PsychicSurge|Psychic,FollowMe,HelpingHand,TrickRoom|||F|||50|,,,,,Grass]Ursaluna||FlameOrb|Guts|Protect,HeadlongRush,Facade,Earthquake|||M|||50|,,,,,Ghost]Torkoal||Charcoal|Drought|Protect,Eruption,WeatherBall,ClearSmog|||M|||50|,,,,,Fire]Hatterene||CovertCloak|MagicBounce|ExpandingForce,DazzlingGleam,MysticalFire,TrickRoom|||F|||50|,,,,,Fire]Maushold||WideLens|Technician|Protect,PopulationBomb,FollowMe,Taunt||||||50|,,,,,Poison
|inactive|Battle timer is ON: inactive players will automatically lose when time's up. (requested by muslego)
|inactive|muslego has 60 seconds left.
|inactive|johannes100100 has 60 seconds left.
|
|t:|1757667149
|teamsize|p1|4
|teamsize|p2|4
|start
|switch|p1a: Charizard|Charizard, L50, M|100/100
|switch|p1b: Torkoal|Torkoal, L50, M|100/100
|switch|p2a: Ursaluna|Ursaluna, L50, M|100/100
|switch|p2b: Maushold|Maushold, L50|100/100
|-weather|SunnyDay|[from] ability: Drought|[of] p1b: Torkoal
|turn|1
|
|t:|1757667173
|-terastallize|p1a: Charizard|Ghost
|move|p2a: Ursaluna|Protect|p2a: Ursaluna
|-singleturn|p2a: Ursaluna|Protect
|move|p2b: Maushold|Population Bomb|p1a: Charizard
|-immune|p1a: Charizard
|move|p1a: Charizard|Heat Wave|p2b: Maushold|[spread] p2b
|-activate|p2a: Ursaluna|move: Protect
|-damage|p2b: Maushold|0 fnt
|faint|p2b: Maushold
|move|p1b: Torkoal|Overheat|p2a: Ursaluna
|-activate|p2a: Ursaluna|move: Protect
|
|-weather|SunnyDay|[upkeep]
|-damage|p1a: Charizard|88/100|[from] ability: Solar Power|[of] p1a: Charizard
|-status|p2a: Ursaluna|brn|[from] item: Flame Orb
|upkeep
|
|t:|1757667189
|switch|p2b: Gallade|Gallade, L50, M|100/100
|turn|2
|
|t:|1757667204
|switch|p1b: Incineroar|Incineroar, L50, M|100/100
|-ability|p1b: Incineroar|Intimidate|boost
|-unboost|p2a: Ursaluna|atk|1
|-fail|p2b: Gallade|unboost|[from] item: Clear Amulet|[of] p2b: Gallade
|move|p2b: Gallade|Wide Guard|p2b: Gallade
|-singleturn|p2b: Gallade|Wide Guard
|move|p1a: Charizard|Heat Wave|p2a: Ursaluna|[spread] 
|-activate|p2a: Ursaluna|move: Wide Guard
|-activate|p2b: Gallade|move: Wide Guard
|move|p2a: Ursaluna|Headlong Rush|p1b: Incineroar
|-supereffective|p1b: Incineroar
|-damage|p1b: Incineroar|0 fnt
|-unboost|p2a: Ursaluna|def|1
|-unboost|p2a: Ursaluna|spd|1
|faint|p1b: Incineroar
|
|-weather|SunnyDay|[upkeep]
|-damage|p1a: Charizard|76/100|[from] ability: Solar Power|[of] p1a: Charizard
|-damage|p2a: Ursaluna|94/100 brn|[from] brn
|upkeep
|inactive|muslego has 30 seconds left.
|
|t:|1757667230
|switch|p1b: Torkoal|Torkoal, L50, M|100/100
|turn|3
|
|t:|1757667235
|move|p2b: Gallade|Wide Guard|p2b: Gallade
|-singleturn|p2b: Gallade|Wide Guard
|move|p1a: Charizard|Heat Wave|p2a: Ursaluna|[spread] 
|-activate|p2a: Ursaluna|move: Wide Guard
|-activate|p2b: Gallade|move: Wide Guard
|move|p2a: Ursaluna|Headlong Rush|p1b: Torkoal
|-supereffective|p1b: Torkoal
|-damage|p1b: Torkoal|0 fnt
|-unboost|p2a: Ursaluna|def|1
|-unboost|p2a: Ursaluna|spd|1
|faint|p1b: Torkoal
|
|-weather|SunnyDay|[upkeep]
|-damage|p1a: Charizard|63/100|[from] ability: Solar Power|[of] p1a: Charizard
|-damage|p2a: Ursaluna|88/100 brn|[from] brn
|upkeep
|
|t:|1757667244
|switch|p1b: Porygon2|Porygon2, L50|100/100
|-ability|p1b: Porygon2|Download|boost
|-boost|p1b: Porygon2|atk|1
|turn|4
|
|t:|1757667254
|move|p2b: Gallade|Wide Guard|p2b: Gallade
|-singleturn|p2b: Gallade|Wide Guard
|move|p1a: Charizard|Heat Wave|p2b: Gallade|[spread] 
|-activate|p2a: Ursaluna|move: Wide Guard
|-activate|p2b: Gallade|move: Wide Guard
|move|p1b: Porygon2|Ice Beam|p2b: Gallade
|-damage|p2b: Gallade|78/100
|move|p2a: Ursaluna|Headlong Rush|p1a: Charizard
|-damage|p1a: Charizard|0 fnt
|-unboost|p2a: Ursaluna|def|1
|-unboost|p2a: Ursaluna|spd|1
|faint|p1a: Charizard
|
|-weather|SunnyDay|[upkeep]
|-damage|p2a: Ursaluna|82/100 brn|[from] brn
|upkeep
|turn|5
|c|☆muslego|darn
|c|☆muslego|gg
|-message|muslego forfeited.
|raw|muslego's rating: 1066 → 1054(-12 for losing)
|raw|johannes100100's rating: 1214 → 1229(+15 for winning)
|
|win|johannes100100
|l|☆muslego
|player|p1|
