|j|☆alkittxn
|j|☆DragonairJordan23
|html|alkittxnDragonairJordan23    
|uhtml|bestof|Game 1 of a best-of-3
|t:|1785822127
|gametype|doubles
|player|p1|alkittxn|aaron|1059
|player|p2|DragonairJordan23|dancer|1123
|gen|9
|tier|[Gen 9 Champions] VGC 2026 Reg M-B (Bo3)
|rated|
|rule|Species Clause: Limit one of each Pokémon
|rule|Item Clause: Limit 1 of each item
|clearpoke
|poke|p1|Gallade, L50, M|
|poke|p1|Camerupt, L50, M|
|poke|p1|Farigiraf, L50, M|
|poke|p1|Basculegion, L50, M|
|poke|p1|Kingambit, L50, M|
|poke|p1|Talonflame, L50, F|
|poke|p2|Grimmsnarl, L50, M|
|poke|p2|Slowbro, L50, F|
|poke|p2|Glimmora, L50, M|
|poke|p2|Sinistcha, L50|
|poke|p2|Blaziken, L50, M|
|poke|p2|Kingambit, L50, M|
|teampreview|4
|showteam|p1|Gallade||FocusSash|Sharpness|SacredSword,TripleAxel,WideGuard,TrickRoom|Adamant||M|||50|]Camerupt||Cameruptite|SolidRock|AncientPower,HeatWave,EarthPower,Protect|Quiet||M|||50|]Farigiraf||SitrusBerry|ArmorTail|HelpingHand,TrickRoom,Protect,Thunderbolt|Bold||M|||50|]Basculegion||MysticWater|Adaptability|AquaJet,WaveCrash,LastRespects,FlipTurn|Adamant||M|||50|]Kingambit||ChopleBerry|Defiant|SuckerPunch,KowtowCleave,IronHead,Protect|Adamant||M|||50|]Talonflame||SharpBeak|GaleWings|BraveBird,Tailwind,Taunt,Protect|Impish||F|||50|
|showteam|p2|Grimmsnarl||LightClay|Prankster|FoulPlay,LightScreen,Reflect,PartingShot|Careful||M|||50|]Slowbro||Slowbronite|Regenerator|SlackOff,StoredPower,Scald,CalmMind|Relaxed||F|||50|]Glimmora||SitrusBerry|ToxicDebris|MortalSpin,PowerGem,EarthPower,SludgeBomb|Modest||M|||50|]Sinistcha||KasibBerry|Hospitality|Protect,MatchaGotcha,RagePowder,TrickRoom|Relaxed|||||50|]Blaziken||Blazikenite|SpeedBoost|CloseCombat,FlareBlitz,RockSlide,Protect|Adamant||M|||50|]Kingambit||FocusSash|Defiant|SuckerPunch,KowtowCleave,Protect,IronHead|Adamant||M|||50|
|
|t:|1785822173
|teamsize|p1|4
|teamsize|p2|4
|start
|switch|p1a: Farigiraf|Farigiraf, L50, M|100/100
|switch|p1b: Camerupt|Camerupt, L50, M|100/100
|switch|p2a: Grimmsnarl|Grimmsnarl, L50, M|100/100
|switch|p2b: Glimmora|Glimmora, L50, M|100/100
|turn|1
|
|t:|1785822201
|detailschange|p1b: Camerupt|Camerupt-Mega, L50, M
|-mega|p1b: Camerupt|Camerupt|Cameruptite
|move|p2a: Grimmsnarl|Light Screen|p2a: Grimmsnarl
|-sidestart|p2: DragonairJordan23|move: Light Screen
|move|p2b: Glimmora|Mortal Spin|p1a: Farigiraf|[spread] p1a,p1b
|-resisted|p1b: Camerupt|1
|-damage|p1a: Farigiraf|96/100
|-damage|p1b: Camerupt|97/100
|-status|p1a: Farigiraf|psn
|-status|p1b: Camerupt|psn
|move|p1b: Camerupt|Earth Power|p2b: Glimmora
|-supereffective|p2b: Glimmora|2
|-damage|p2b: Glimmora|0 fnt
|faint|p2b: Glimmora
|move|p1a: Farigiraf|Trick Room|p1a: Farigiraf
|-fieldstart|move: Trick Room|[of] p1a: Farigiraf
|
|-damage|p1b: Camerupt|85/100 psn|[from] psn
|-damage|p1a: Farigiraf|83/100 psn|[from] psn
|upkeep
|
|t:|1785822212
|switch|p2b: Slowbro|Slowbro, L50, F|100/100
|turn|2
|
|t:|1785822239
|detailschange|p2b: Slowbro|Slowbro-Mega, L50, F
|-mega|p2b: Slowbro|Slowbro|Slowbronite
|move|p1b: Camerupt|Protect|p1b: Camerupt
|-singleturn|p1b: Camerupt|Protect
|move|p2a: Grimmsnarl|Reflect|p2a: Grimmsnarl
|-sidestart|p2: DragonairJordan23|Reflect
|move|p2b: Slowbro|Calm Mind|p2b: Slowbro
|-boost|p2b: Slowbro|spa|1
|-boost|p2b: Slowbro|spd|1
|move|p1a: Farigiraf|Thunderbolt|p2b: Slowbro
|-supereffective|p2b: Slowbro|1
|-damage|p2b: Slowbro|82/100
|
|-damage|p1b: Camerupt|72/100 psn|[from] psn
|-damage|p1a: Farigiraf|71/100 psn|[from] psn
|upkeep
|turn|3
|
|t:|1785822259
|switch|p1a: Gallade|Gallade, L50, M|100/100
|move|p1b: Camerupt|Protect||[still]
|-fail|p1b: Camerupt
|move|p2b: Slowbro|Calm Mind|p2b: Slowbro
|-boost|p2b: Slowbro|spa|1
|-boost|p2b: Slowbro|spd|1
|move|p2a: Grimmsnarl|Foul Play|p1b: Camerupt
|-damage|p1b: Camerupt|33/100 psn
|
|-damage|p1b: Camerupt|20/100y psn|[from] psn
|upkeep
|turn|4
|
|t:|1785822286
|move|p1b: Camerupt|Earth Power|p2b: Slowbro
|-damage|p2b: Slowbro|62/100
|move|p2b: Slowbro|Stored Power|p1a: Gallade
|-enditem|p1a: Gallade|Focus Sash
|-damage|p1a: Gallade|1/100
|move|p2a: Grimmsnarl|Foul Play|p1a: Gallade
|-damage|p1a: Gallade|0 fnt
|faint|p1a: Gallade
|
|-damage|p1b: Camerupt|8/100 psn|[from] psn
|upkeep
|
|t:|1785822301
|switch|p1a: Farigiraf|Farigiraf, L50, M|71/100 psn
|turn|5
|
|t:|1785822309
|switch|p2a: Sinistcha|Sinistcha, L50|100/100
|-heal|p2b: Slowbro|87/100|[from] ability: Hospitality|[of] p2a: Sinistcha
|move|p1a: Farigiraf|Helping Hand|p1b: Camerupt
|-singleturn|p1b: Camerupt|Helping Hand|[of] p1a: Farigiraf
|move|p1b: Camerupt|Earth Power|p2b: Slowbro
|-damage|p2b: Slowbro|57/100
|move|p2b: Slowbro|Scald|p1a: Farigiraf
|-damage|p1a: Farigiraf|7/100 psn
|-enditem|p1a: Farigiraf|Sitrus Berry|[eat]
|-heal|p1a: Farigiraf|32/100 psn|[from] item: Sitrus Berry
|
|-damage|p1b: Camerupt|0 fnt|[from] psn
|faint|p1b: Camerupt
|-damage|p1a: Farigiraf|19/100 psn|[from] psn
|-fieldend|move: Trick Room
|upkeep
|-message|alkittxn forfeited.
|
|win|DragonairJordan23
