|j|☆ziggleroid_don
|j|☆Kiula45494
|html|ziggleroid_donKiula45494    
|uhtml|bestof|Game 1 of a best-of-3
|t:|1786030893
|gametype|doubles
|player|p1|ziggleroid_don|2|
|player|p2|Kiula45494|preschoolerf|
|gen|9
|tier|[Gen 9 Champions] VGC 2026 Reg M-B (Bo3)
|rule|Species Clause: Limit one of each Pokémon
|rule|Item Clause: Limit 1 of each item
|clearpoke
|poke|p1|Heliolisk, L50, F|
|poke|p1|Simisear, L50, M|
|poke|p1|Zoroark, L50, M|
|poke|p1|Tinkaton, L50, F|
|poke|p1|Emboar, L50, M|
|poke|p1|Sableye, L50, M|
|poke|p2|Steelix, L50, F|
|poke|p2|Toucannon, L50, F|
|poke|p2|Zoroark, L50, M|
|poke|p2|Heliolisk, L50, F|
|poke|p2|Mr. Rime, L50, M|
|poke|p2|Kleavor, L50, M|
|teampreview|4
|showteam|p1|Heliolisk||ChoiceScarf|SolarPower|Thunderbolt,VoltSwitch,WeatherBall,HyperVoice|Timid||F|||50|]Simisear||LifeOrb|Gluttony|RockSlide,FlameCharge,FlareBlitz,Protect|Jolly||M|||50|]Zoroark||HeatRock|Illusion|SunnyDay,Crunch,Protect,Uturn|Jolly||M|||50|]Tinkaton||Leftovers|MoldBreaker|FakeOut,GigatonHammer,KnockOff,Encore|Serious||F|||50|]Emboar||Emboarite|Blaze|FlareBlitz,BulkUp,DrainPunch,Protect|Adamant||M|||50|]Sableye||FocusSash|Prankster|Quash,FakeOut,SunnyDay,Taunt|Careful||M|||50|
|showteam|p2|Steelix||Steelixite|Sturdy|HeavySlam,HighHorsepower,Protect,Earthquake|Adamant||F|||50|]Toucannon||MentalHerb|SkillLink|Tailwind,Protect,BulletSeed,BeakBlast|Careful||F|||50|]Zoroark||LifeOrb|Illusion|DarkPulse,FocusBlast,Uturn,Protect|Timid||M|||50|]Heliolisk||WhiteHerb|DrySkin|Electroweb,Thunderbolt,GrassKnot,Protect|Timid||F|||50|]Mr. Rime||OccaBerry|ScreenCleaner|Psychic,FakeOut,TrickRoom,FreezeDry|Quiet||M|||50|]Kleavor||FocusSash|Sharpness|StoneAxe,XScissor,SwordsDance,Trailblaze|Jolly||M|||50|
|
|t:|1786030928
|teamsize|p1|4
|teamsize|p2|4
|start
|switch|p1a: Heliolisk|Heliolisk, L50, F|100/100
|switch|p1b: Sableye|Sableye, L50, M|100/100
|switch|p2a: Heliolisk|Heliolisk, L50, F|100/100
|switch|p2b: Kleavor|Kleavor, L50, M|100/100
|turn|1
|
|t:|1786030961
|move|p1b: Sableye|Sunny Day|p1b: Sableye
|-weather|SunnyDay
|move|p1a: Heliolisk|Hyper Voice|p2b: Kleavor|[spread] p2a,p2b
|-damage|p2a: Heliolisk|41/100
|-damage|p2b: Kleavor|7/100
|replace|p2b: Zoroark|Zoroark, L50, M
|-end|p2b: Zoroark|Illusion
|move|p2a: Heliolisk|Electroweb|p1b: Sableye|[spread] p1a,p1b
|-resisted|p1a: Heliolisk|1
|-damage|p1a: Heliolisk|87/100
|-damage|p1b: Sableye|78/100
|-unboost|p1a: Heliolisk|spe|1
|-unboost|p1b: Sableye|spe|1
|move|p2b: Zoroark|Focus Blast|p1a: Heliolisk|[miss]
|-miss|p2b: Zoroark|p1a: Heliolisk
|
|-weather|SunnyDay|[upkeep]
|-damage|p2a: Heliolisk|28/100|[from] ability: Dry Skin|[of] p2a: Heliolisk
|-damage|p1a: Heliolisk|75/100|[from] ability: Solar Power|[of] p1a: Heliolisk
|upkeep
|turn|2
|
|t:|1786030990
|move|p1b: Sableye|Quash|p2a: Heliolisk
|-activate|p2a: Heliolisk|move: Quash
|move|p1a: Heliolisk|Hyper Voice|p2a: Heliolisk|[spread] p2a,p2b
|-damage|p2a: Heliolisk|0 fnt
|-damage|p2b: Zoroark|0 fnt
|faint|p2a: Heliolisk
|faint|p2b: Zoroark
|
|-weather|SunnyDay|[upkeep]
|-damage|p1a: Heliolisk|63/100|[from] ability: Solar Power|[of] p1a: Heliolisk
|upkeep
|
|t:|1786030997
|switch|p2a: Mr. Rime|Mr. Rime, L50, M|100/100
|switch|p2b: Kleavor|Kleavor, L50, M|100/100
|turn|3
|
|t:|1786031014
|move|p2a: Mr. Rime|Fake Out|p1a: Heliolisk
|-damage|p1a: Heliolisk|43/100
|move|p1b: Sableye|Taunt|p2a: Mr. Rime
|-start|p2a: Mr. Rime|move: Taunt
|cant|p1a: Heliolisk|flinch
|move|p2b: Kleavor|X-Scissor|p1a: Heliolisk
|-damage|p1a: Heliolisk|0 fnt
|faint|p1a: Heliolisk
|
|-weather|SunnyDay|[upkeep]
|upkeep
|
|t:|1786031027
|switch|p1a: Emboar|Emboar, L50, M|100/100
|turn|4
|
|t:|1786031045
|detailschange|p1a: Emboar|Emboar-Mega, L50, M
|-mega|p1a: Emboar|Emboar|Emboarite
|-ability|p1a: Emboar|Mold Breaker
|move|p1b: Sableye|Quash|p2b: Kleavor
|-activate|p2b: Kleavor|move: Quash
|move|p1a: Emboar|Bulk Up|p1a: Emboar
|-boost|p1a: Emboar|atk|1
|-boost|p1a: Emboar|def|1
|move|p2a: Mr. Rime|Psychic|p1a: Emboar
|-supereffective|p1a: Emboar|1
|-damage|p1a: Emboar|35/100
|move|p2b: Kleavor|X-Scissor|p1b: Sableye
|-damage|p1b: Sableye|0 fnt
|faint|p1b: Sableye
|
|-weather|SunnyDay|[upkeep]
|upkeep
|
|t:|1786031059
|switch|p1b: Simisear|Simisear, L50, M|100/100
|turn|5
|
|t:|1786031087
|move|p1b: Simisear|Flame Charge|p2a: Mr. Rime
|-supereffective|p2a: Mr. Rime|1
|-enditem|p2a: Mr. Rime|Occa Berry|[eat]
|-enditem|p2a: Mr. Rime|Occa Berry|[weaken]
|-damage|p2a: Mr. Rime|43/100
|-boost|p1b: Simisear|spe|1
|-damage|p1b: Simisear|90/100|[from] item: Life Orb
|move|p2b: Kleavor|Stone Axe|p1b: Simisear
|-supereffective|p1b: Simisear|1
|-damage|p1b: Simisear|0 fnt
|-sidestart|p1: ziggleroid_don|move: Stealth Rock
|faint|p1b: Simisear
|move|p1a: Emboar|Drain Punch|p2b: Kleavor
|-damage|p2b: Kleavor|10/100
|-heal|p1a: Emboar|65/100|[from] drain|[of] p2b: Kleavor
|move|p2a: Mr. Rime|Psychic|p1a: Emboar
|-supereffective|p1a: Emboar|1
|-damage|p1a: Emboar|0 fnt
|faint|p1a: Emboar
|
|win|Kiula45494
|inactive|ziggleroid_don has 30 seconds to confirm battle start!
|inactive|Kiula45494 has 30 seconds to confirm battle start!
||Kiula45494 is ready for game 2.
||ziggleroid_don is ready for game 2.
|uhtml|next|Next: Game 2 of 3
