|j|☆fanman64
|j|☆noriaki kasai
|html|fanman64noriaki kasai    
|uhtml|bestof|Game 1 of a best-of-3
|t:|1757021687
|gametype|doubles
|player|p1|fanman64|volkner|1221
|player|p2|noriaki kasai|swimmer-gen4dp|1312
|gen|9
|tier|[Gen 9] VGC 2025 Reg H (Bo3)
|rated|
|rule|Species Clause: Limit one of each Pokémon
|rule|Item Clause: Limit 1 of each item
|clearpoke
|poke|p1|Kommo-o, L50, M|
|poke|p1|Sinistcha, L50|
|poke|p1|Ninetales-Alola, L50, F|
|poke|p1|Ursaluna, L50, M|
|poke|p1|Incineroar, L50, F|
|poke|p1|Kilowattrel, L50, F|
|poke|p2|Annihilape, L50, F|
|poke|p2|Sinistcha, L50|
|poke|p2|Maushold-Four, L50|
|poke|p2|Klefki, L50, M|
|poke|p2|Ursaluna-Bloodmoon, L50, M|
|poke|p2|Ninetales-Alola, L50, F|
|teampreview|4
|showteam|p1|Kommo-o||ThroatSpray|Soundproof|ClangingScales,Flamethrower,Protect,ClangorousSoul|||M|||50|,,,,,Fire]Sinistcha||SitrusBerry|Hospitality|MatchaGotcha,RagePowder,ShadowBall,TrickRoom||||||50|,,,,,Water]Ninetales-Alola||CovertCloak|SnowWarning|Blizzard,IcyWind,AuroraVeil,Protect|||F|||50|,,,,,Fire]Ursaluna||FlameOrb|Guts|Earthquake,HeadlongRush,Facade,Protect|||M|||50|,,,,,Ghost]Incineroar||AssaultVest|Intimidate|FlareBlitz,KnockOff,FakeOut,Uturn|||F|||50|,,,,,Grass]Kilowattrel||FocusSash|Competitive|Thunderbolt,AirSlash,Tailwind,Protect|||F|||50|,,,,,Ghost
|showteam|p2|Annihilape||Leftovers|Defiant|Protect,BulkUp,DrainPunch,RageFist|||F|||50|,,,,,Fire]Sinistcha||SitrusBerry|Hospitality|MatchaGotcha,TrickRoom,LifeDew,RagePowder||||||50|,,,,,Water]Maushold-Four||FocusSash|FriendGuard|FollowMe,Taunt,BeatUp,Protect||||||50|,,,,,Ghost]Klefki||LightClay|Prankster|Reflect,LightScreen,MistyTerrain,DazzlingGleam|||M|||50|,,,,,Ghost]Ursaluna-Bloodmoon||AssaultVest|MindsEye|BloodMoon,HyperVoice,EarthPower,VacuumWave|||M|||50|,,,,,Water]Ninetales-Alola||ChoiceSpecs|SnowWarning|Blizzard,IcyWind,FreezeDry,Moonblast|||F|||50|,,,,,Ghost
|
|t:|1757021748
|teamsize|p1|4
|teamsize|p2|4
|start
|switch|p1a: Ursaluna|Ursaluna, L50, M|100/100
|switch|p1b: Kilowattrel|Kilowattrel, L50, F|100/100
|switch|p2a: Annihilape|Annihilape, L50, F, shiny|100/100
|switch|p2b: Maushold|Maushold-Four, L50|100/100
|turn|1
|inactive|Battle timer is ON: inactive players will automatically lose when time's up. (requested by noriaki kasai)
|
|t:|1757021778
|move|p1a: Ursaluna|Protect|p1a: Ursaluna
|-singleturn|p1a: Ursaluna|Protect
|move|p1b: Kilowattrel|Air Slash|p2a: Annihilape
|-supereffective|p2a: Annihilape
|-damage|p2a: Annihilape|53/100
|move|p2b: Maushold|Beat Up|p2a: Annihilape
|-damage|p2a: Annihilape|51/100
|-damage|p2a: Annihilape|49/100
|-crit|p2a: Annihilape
|-damage|p2a: Annihilape|47/100
|-damage|p2a: Annihilape|45/100
|-hitcount|p2a: Annihilape|4
|move|p2a: Annihilape|Drain Punch|p1a: Ursaluna
|-activate|p1a: Ursaluna|move: Protect
|
|-heal|p2a: Annihilape|51/100|[from] item: Leftovers
|-status|p1a: Ursaluna|brn|[from] item: Flame Orb
|upkeep
|turn|2
|inactive|fanman64 has 30 seconds left.
|
|t:|1757021804
|move|p2a: Annihilape|Protect|p2a: Annihilape
|-singleturn|p2a: Annihilape|Protect
|move|p1b: Kilowattrel|Tailwind|p1b: Kilowattrel
|-sidestart|p1: fanman64|move: Tailwind
|move|p2b: Maushold|Taunt|p1b: Kilowattrel
|-start|p1b: Kilowattrel|move: Taunt
|move|p1a: Ursaluna|Earthquake|p2a: Annihilape|[spread] p2b
|-activate|p2a: Annihilape|move: Protect
|-immune|p1b: Kilowattrel
|-damage|p2b: Maushold|10/100
|
|-heal|p2a: Annihilape|57/100|[from] item: Leftovers
|-damage|p1a: Ursaluna|94/100 brn|[from] brn
|upkeep
|turn|3
|inactive|noriaki kasai has 30 seconds left.
|
|t:|1757021833
|move|p2b: Maushold|Follow Me|p2b: Maushold
|-singleturn|p2b: Maushold|move: Follow Me
|move|p1b: Kilowattrel|Thunderbolt|p2b: Maushold
|-crit|p2b: Maushold
|-damage|p2b: Maushold|0 fnt
|faint|p2b: Maushold
|move|p1a: Ursaluna|Headlong Rush|p2a: Annihilape
|-damage|p2a: Annihilape|0 fnt
|-unboost|p1a: Ursaluna|def|1
|-unboost|p1a: Ursaluna|spd|1
|faint|p2a: Annihilape
|
|-damage|p1a: Ursaluna|88/100 brn|[from] brn
|upkeep
|
|t:|1757021836
|switch|p2b: Ninetales|Ninetales-Alola, L50, F, shiny|100/100
|switch|p2a: Sinistcha|Sinistcha, L50|100/100
|-weather|Snowscape|[from] ability: Snow Warning|[of] p2b: Ninetales
|turn|4
|inactive|fanman64 has 30 seconds left.
|
|t:|1757021864
|-terastallize|p1a: Ursaluna|Ghost
|move|p1b: Kilowattrel|Air Slash|p2a: Sinistcha
|-supereffective|p2a: Sinistcha
|-crit|p2a: Sinistcha
|-damage|p2a: Sinistcha|0 fnt
|faint|p2a: Sinistcha
|move|p2b: Ninetales|Blizzard|p1a: Ursaluna|[spread] p1a,p1b
|-supereffective|p1b: Kilowattrel
|-damage|p1a: Ursaluna|29/100 brn
|-enditem|p1b: Kilowattrel|Focus Sash
|-damage|p1b: Kilowattrel|1/100
|move|p1a: Ursaluna|Earthquake|p2b: Ninetales|[spread] p2b
|-immune|p1b: Kilowattrel
|-damage|p2b: Ninetales|37/100
|
|-weather|Snowscape|[upkeep]
|-damage|p1a: Ursaluna|23/100 brn|[from] brn
|upkeep
|turn|5
|inactive|fanman64 has 30 seconds left.
|
|t:|1757021892
|move|p1b: Kilowattrel|Thunderbolt|p2b: Ninetales
|-damage|p2b: Ninetales|0 fnt
|faint|p2b: Ninetales
|
|win|fanman64
