|j|☆sr_pato_cuac
|j|☆mariodepor
|html|sr_pato_cuacmariodepor    
|uhtml|bestof|Game 2 of a best-of-3
|t:|1757707941
|gametype|doubles
|player|p1|sr_pato_cuac|pokemaniac|
|player|p2|mariodepor|clown|
|gen|9
|tier|[Gen 9] VGC 2025 Reg H (Bo3)
|rule|Species Clause: Limit one of each Pokémon
|rule|Item Clause: Limit 1 of each item
|clearpoke
|poke|p1|Gholdengo, L50|
|poke|p1|Incineroar, L50, M|
|poke|p1|Amoonguss, L50, M|
|poke|p1|Ursaluna, L50, F|
|poke|p1|Porygon2, L50|
|poke|p1|Hydreigon, L50, M|
|poke|p2|Ninetales-Alola, L50, M|
|poke|p2|Sneasler, L50, F|
|poke|p2|Dragonite, L50, F|
|poke|p2|Magmar, L50, M|
|poke|p2|Gholdengo, L50|
|poke|p2|Ursaluna-Bloodmoon, L50, M|
|teampreview|4
|showteam|p1|Gholdengo||LifeOrb|GoodasGold|MakeItRain,ShadowBall,Protect,NastyPlot||||||50|,,,,,Water]Incineroar||AssaultVest|Intimidate|FlareBlitz,KnockOff,FakeOut,Uturn|||M|||50|,,,,,Grass]Amoonguss||CovertCloak|Regenerator|PollenPuff,ClearSmog,RagePowder,Spore|||M|||50|,,,,,Fire]Ursaluna||FlameOrb|Guts|Facade,HeadlongRush,Earthquake,Protect|||F|||50|,,,,,Ghost]Porygon2||Eviolite|Download|TeraBlast,IceBeam,TrickRoom,Recover||||||50|,,,,,Fighting]Hydreigon||ChoiceSpecs|Levitate|DracoMeteor,DarkPulse,Snarl,HeatWave|||M|||50|,,,,,Fire
|showteam|p2|Ninetales-Alola||CovertCloak|SnowWarning|Blizzard,FreezeDry,AuroraVeil,IcyWind|||M|||50|,,,,,Water]Sneasler||FocusSash|Unburden|DireClaw,CloseCombat,Coaching,FakeOut|||F|||50|,,,,,Ghost]Dragonite||LoadedDice|Multiscale|ScaleShot,StompingTantrum,Tailwind,Protect|||F|||50|,,,,,Fairy]Magmar||Eviolite|VitalSpirit|Flamethrower,WillOWisp,Protect,FollowMe|||M|||50|,,,,,Ghost]Gholdengo||LifeOrb|GoodasGold|MakeItRain,ShadowBall,NastyPlot,Protect||||||50|,,,,,Water]Ursaluna-Bloodmoon||AssaultVest|MindsEye|BloodMoon,EarthPower,HyperVoice,VacuumWave|||M|||50|,,,,,Ghost
|inactive|Battle timer is ON: inactive players will automatically lose when time's up. (requested by sr_pato_cuac)
|
|t:|1757707990
|teamsize|p1|4
|teamsize|p2|4
|start
|switch|p1a: Amoonguss|Amoonguss, L50, M|100/100
|switch|p1b: Porygon2|Porygon2, L50|100/100
|switch|p2a: Dragonite|Dragonite, L50, F|100/100
|switch|p2b: Sneasler|Sneasler, L50, F|100/100
|-ability|p1b: Porygon2|Download|boost
|-boost|p1b: Porygon2|atk|1
|turn|1
|inactive|sr_pato_cuac has 30 seconds left.
|inactive|mariodepor has 30 seconds left.
|inactive|mariodepor has 20 seconds left.
|
|t:|1757708027
|-terastallize|p1a: Amoonguss|Fire
|move|p2b: Sneasler|Fake Out|p1b: Porygon2
|-damage|p1b: Porygon2|92/100
|move|p2a: Dragonite|Scale Shot|p1a: Amoonguss
|-damage|p1a: Amoonguss|90/100
|-damage|p1a: Amoonguss|77/100
|-damage|p1a: Amoonguss|66/100
|-damage|p1a: Amoonguss|55/100
|-damage|p1a: Amoonguss|43/100
|-hitcount|p1a: Amoonguss|5
|-unboost|p2a: Dragonite|def|1
|-boost|p2a: Dragonite|spe|1
|move|p1a: Amoonguss|Spore|p2a: Dragonite
|-status|p2a: Dragonite|slp|[from] move: Spore
|cant|p1b: Porygon2|flinch
|
|upkeep
|turn|2
|inactive|sr_pato_cuac has 30 seconds left.
|inactive|mariodepor has 30 seconds left.
|inactive|sr_pato_cuac has 20 seconds left.
|inactive|sr_pato_cuac has 15 seconds left.
|
|t:|1757708068
|switch|p1a: Ursaluna|Ursaluna, L50, F|100/100
|cant|p2a: Dragonite|slp
|move|p2b: Sneasler|Close Combat|p1a: Ursaluna
|-supereffective|p1a: Ursaluna
|-damage|p1a: Ursaluna|0 fnt
|-unboost|p2b: Sneasler|def|1
|-unboost|p2b: Sneasler|spd|1
|faint|p1a: Ursaluna
|move|p1b: Porygon2|Trick Room|p1b: Porygon2
|-fieldstart|move: Trick Room|[of] p1b: Porygon2
|
|upkeep
|
|t:|1757708079
|switch|p1a: Amoonguss|Amoonguss, L50, M, tera:Fire|76/100
|turn|3
|
|t:|1757708095
|switch|p2b: Magmar|Magmar, L50, M|100/100
|move|p1a: Amoonguss|Pollen Puff|p2b: Magmar
|-resisted|p2b: Magmar
|-damage|p2b: Magmar|93/100
|move|p1b: Porygon2|Ice Beam|p2a: Dragonite
|-supereffective|p2a: Dragonite
|-damage|p2a: Dragonite|49/100 slp
|cant|p2a: Dragonite|slp
|
|upkeep
|turn|4
|
|t:|1757708116
|move|p2b: Magmar|Follow Me|p2b: Magmar
|-singleturn|p2b: Magmar|move: Follow Me
|move|p1a: Amoonguss|Spore|p2b: Magmar
|-immune|p2b: Magmar|[from] ability: Vital Spirit
|move|p1b: Porygon2|Ice Beam|p2b: Magmar
|-resisted|p2b: Magmar
|-damage|p2b: Magmar|82/100
|-curestatus|p2a: Dragonite|slp|[msg]
|move|p2a: Dragonite|Scale Shot|p1a: Amoonguss
|-damage|p1a: Amoonguss|64/100
|-damage|p1a: Amoonguss|52/100
|-damage|p1a: Amoonguss|40/100
|-damage|p1a: Amoonguss|29/100
|-hitcount|p1a: Amoonguss|4
|-unboost|p2a: Dragonite|def|1
|-boost|p2a: Dragonite|spe|1
|
|upkeep
|turn|5
|
|t:|1757708137
|switch|p1a: Hydreigon|Hydreigon, L50, M|100/100
|move|p2b: Magmar|Follow Me|p2b: Magmar
|-singleturn|p2b: Magmar|move: Follow Me
|move|p1b: Porygon2|Ice Beam|p2b: Magmar
|-resisted|p2b: Magmar
|-damage|p2b: Magmar|72/100
|move|p2a: Dragonite|Stomping Tantrum|p1a: Hydreigon
|-immune|p1a: Hydreigon|[from] ability: Levitate
|
|upkeep
|turn|6
|
|t:|1757708158
|move|p2b: Magmar|Protect|p2b: Magmar
|-singleturn|p2b: Magmar|Protect
|move|p2a: Dragonite|Protect|p2a: Dragonite
|-singleturn|p2a: Dragonite|Protect
|move|p1b: Porygon2|Tera Blast|p2a: Dragonite
|-activate|p2a: Dragonite|move: Protect
|move|p1a: Hydreigon|Draco Meteor|p2a: Dragonite
|-activate|p2a: Dragonite|move: Protect
|
|-fieldend|move: Trick Room
|upkeep
|turn|7
|
|t:|1757708172
|move|p2a: Dragonite|Scale Shot|p1a: Hydreigon
|-supereffective|p1a: Hydreigon
|-damage|p1a: Hydreigon|69/100
|-supereffective|p1a: Hydreigon
|-damage|p1a: Hydreigon|36/100
|-supereffective|p1a: Hydreigon
|-damage|p1a: Hydreigon|0 fnt
|faint|p1a: Hydreigon
|-hitcount|p1: Hydreigon|3
|-unboost|p2a: Dragonite|def|1
|-boost|p2a: Dragonite|spe|1
|move|p2b: Magmar|Will-O-Wisp|p1b: Porygon2
|-status|p1b: Porygon2|brn
|move|p1b: Porygon2|Trick Room|p1b: Porygon2
|-fieldstart|move: Trick Room|[of] p1b: Porygon2
|
|-damage|p1b: Porygon2|86/100 brn|[from] brn
|upkeep
|
|t:|1757708187
|switch|p1a: Amoonguss|Amoonguss, L50, M, tera:Fire|62/100
|turn|8
|
|t:|1757708197
|move|p2b: Magmar|Follow Me|p2b: Magmar
|-singleturn|p2b: Magmar|move: Follow Me
|move|p1a: Amoonguss|Pollen Puff|p2b: Magmar
|-resisted|p2b: Magmar
|-damage|p2b: Magmar|64/100
|move|p1b: Porygon2|Tera Blast|p2b: Magmar
|-damage|p2b: Magmar|37/100
|move|p2a: Dragonite|Stomping Tantrum|p1a: Amoonguss
|-supereffective|p1a: Amoonguss
|-damage|p1a: Amoonguss|16/100
|
|-damage|p1b: Porygon2|80/100 brn|[from] brn
|upkeep
|turn|9
|
|t:|1757708215
|move|p2b: Magmar|Follow Me|p2b: Magmar
|-singleturn|p2b: Magmar|move: Follow Me
|move|p1a: Amoonguss|Spore|p2b: Magmar
|-immune|p2b: Magmar|[from] ability: Vital Spirit
|move|p1b: Porygon2|Tera Blast|p2b: Magmar
|-damage|p2b: Magmar|8/100
|move|p2a: Dragonite|Stomping Tantrum|p1a: Amoonguss
|-supereffective|p1a: Amoonguss
|-damage|p1a: Amoonguss|0 fnt
|faint|p1a: Amoonguss
|
|-damage|p1b: Porygon2|74/100 brn|[from] brn
|upkeep
|turn|10
|
|t:|1757708237
|move|p2b: Magmar|Follow Me|p2b: Magmar
|-singleturn|p2b: Magmar|move: Follow Me
|move|p1b: Porygon2|Tera Blast|p2b: Magmar
|-damage|p2b: Magmar|0 fnt
|faint|p2b: Magmar
|move|p2a: Dragonite|Scale Shot|p1b: Porygon2
|-damage|p1b: Porygon2|66/100 brn
|-damage|p1b: Porygon2|58/100 brn
|-damage|p1b: Porygon2|48/100 brn
|-damage|p1b: Porygon2|40/100 brn
|-hitcount|p1b: Porygon2|4
|-unboost|p2a: Dragonite|def|1
|-boost|p2a: Dragonite|spe|1
|
|-damage|p1b: Porygon2|34/100 brn|[from] brn
|upkeep
|
|t:|1757708244
|switch|p2b: Sneasler|Sneasler, L50, F|100/100
|turn|11
|
|t:|1757708253
|move|p2b: Sneasler|Fake Out|p1b: Porygon2
|-damage|p1b: Porygon2|25/100 brn
|cant|p1b: Porygon2|flinch
|move|p2a: Dragonite|Scale Shot|p1b: Porygon2
|-damage|p1b: Porygon2|16/100 brn
|-damage|p1b: Porygon2|8/100 brn
|-damage|p1b: Porygon2|0 fnt
|faint|p1b: Porygon2
|-hitcount|p1: Porygon2|3
|
|win|mariodepor
|c|☆sr_pato_cuac|gg
|c|☆mariodepor|ggs
