|j|☆getchudlifeinshape
|j|☆drake78976
|html|getchudlifeinshapedrake78976    
|uhtml|bestof|Game 3 of a best-of-3
|t:|1756618792
|gametype|doubles
|player|p1|getchudlifeinshape|1|
|player|p2|drake78976|li|
|gen|9
|tier|[Gen 9] VGC 2025 Reg H (Bo3)
|rule|Species Clause: Limit one of each Pokémon
|rule|Item Clause: Limit 1 of each item
|clearpoke
|poke|p1|Dragonite, L50, F|
|poke|p1|Scizor, L50, M|
|poke|p1|Whimsicott, L50, F|
|poke|p1|Smeargle, L50, M|
|poke|p1|Rotom-Wash, L50|
|poke|p1|Venusaur, L50, F|
|poke|p2|Primarina, L50, F|
|poke|p2|Archaludon, L50, F|
|poke|p2|Politoed, L50, M|
|poke|p2|Blaziken, L50, M|
|poke|p2|Electrode-Hisui, L50|
|poke|p2|Serperior, L50, F|
|teampreview|4
|showteam|p1|Dragonite||WeaknessPolicy|Multiscale|ThunderPunch,DragonDance,Roost,Earthquake|||F|||50|,,,,,Steel]Scizor||OccaBerry|Technician|BulletPunch,Protect,CloseCombat,Uturn|||M|||50|,,,,,Bug]Whimsicott||FocusSash|Prankster|Moonblast,Tailwind,Taunt,FakeTears|||F|||50|,,,,,Grass]Smeargle||FocusBand|Moody|Spore,FollowMe,FakeOut,Protect|||M|||50|,,,,,Normal]Rotom-Wash||Leftovers|Levitate|WillOWisp,ThunderWave,VoltSwitch,Protect||||||50|,,,,,Electric]Venusaur||LifeOrb|Overgrow|EarthPower,SludgeBomb,EnergyBall,Growth|||F|||50|,,,,,Grass
|showteam|p2|Primarina||LifeOrb|LiquidVoice|HyperVoice,Protect,Moonblast,WaterPledge|||F|||50|,,,,,Water]Archaludon||AssaultVest|Stamina|DracoMeteor,FlashCannon,ElectroShot,BodyPress|||F|||50|,,,,,Electric]Politoed||DampRock|Drizzle|WeatherBall,Encore,PerishSong,Protect|||M|||50|,,,,,Steel]Blaziken||ClearAmulet|SpeedBoost|Protect,FlareBlitz,CloseCombat,FirePledge|||M|||50|,,,,,Fire]Electrode-Hisui||LoadedDice|Aftermath|BulletSeed,RainDance,Electroweb,Protect||||||50|,,,,,Ghost]Serperior||FocusSash|Contrary|LeafStorm,GrassPledge,TeraBlast,Protect|||F|||50|,,,,,Stellar
|
|t:|1756618837
|teamsize|p1|4
|teamsize|p2|4
|start
|switch|p1a: Venusaur|Venusaur, L50, F|100/100
|switch|p1b: Whimsicott|Whimsicott, L50, F|100/100
|switch|p2a: Blaziken|Blaziken, L50, M|100/100
|switch|p2b: Serperior|Serperior, L50, F|100/100
|turn|1
|inactive|Battle timer is ON: inactive players will automatically lose when time's up. (requested by drake78976)
|
|t:|1756618924
|move|p1b: Whimsicott|Tailwind|p1b: Whimsicott
|-sidestart|p1: getchudlifeinshape|move: Tailwind
|move|p1a: Venusaur|Sludge Bomb|p2b: Serperior
|-supereffective|p2b: Serperior
|-enditem|p2b: Serperior|Focus Sash
|-damage|p2b: Serperior|1/100
|-damage|p1a: Venusaur|91/100|[from] item: Life Orb
|move|p2b: Serperior|Leaf Storm|p1b: Whimsicott
|-resisted|p1b: Whimsicott
|-damage|p1b: Whimsicott|69/100
|-boost|p2b: Serperior|spa|2
|move|p2a: Blaziken|Flare Blitz|p1a: Venusaur
|-supereffective|p1a: Venusaur
|-crit|p1a: Venusaur
|-damage|p1a: Venusaur|0 fnt
|faint|p1a: Venusaur
|-damage|p2a: Blaziken|71/100|[from] Recoil
|
|-ability|p2a: Blaziken|Speed Boost|boost
|-boost|p2a: Blaziken|spe|1
|upkeep
|inactive|getchudlifeinshape has 30 seconds left.
|
|t:|1756618952
|switch|p1a: Dragonite|Dragonite, L50, F|100/100
|turn|2
|inactive|getchudlifeinshape has 30 seconds left.
|inactive|getchudlifeinshape has 20 seconds left.
|inactive|getchudlifeinshape has 15 seconds left.
|
|t:|1756618995
|move|p2a: Blaziken|Protect|p2a: Blaziken
|-singleturn|p2a: Blaziken|Protect
|move|p2b: Serperior|Protect|p2b: Serperior
|-singleturn|p2b: Serperior|Protect
|move|p1b: Whimsicott|Moonblast|p2a: Blaziken
|-activate|p2a: Blaziken|move: Protect
|move|p1a: Dragonite|Earthquake|p2b: Serperior|[spread] p1b
|-activate|p2a: Blaziken|move: Protect
|-activate|p2b: Serperior|move: Protect
|-resisted|p1b: Whimsicott
|-damage|p1b: Whimsicott|57/100
|
|-ability|p2a: Blaziken|Speed Boost|boost
|-boost|p2a: Blaziken|spe|1
|upkeep
|turn|3
|inactive|drake78976 has 30 seconds left.
|
|t:|1756619027
|move|p1b: Whimsicott|Moonblast|p2a: Blaziken
|-damage|p2a: Blaziken|28/100
|move|p2a: Blaziken|Fire Pledge|p1b: Whimsicott
|-waiting|p2a: Blaziken|p2b: Serperior
|move|p2b: Serperior|Grass Pledge|p1b: Whimsicott|[from] move: Fire Pledge
|-combine
|-supereffective|p1b: Whimsicott
|-crit|p1b: Whimsicott
|-damage|p1b: Whimsicott|0 fnt
|-sidestart|p1: getchudlifeinshape|Fire Pledge
|faint|p1b: Whimsicott
|move|p1a: Dragonite|Earthquake|p2b: Serperior|[spread] p2a,p2b
|-supereffective|p2a: Blaziken
|-resisted|p2b: Serperior
|-damage|p2a: Blaziken|0 fnt
|-damage|p2b: Serperior|0 fnt
|faint|p2a: Blaziken
|faint|p2b: Serperior
|
|-damage|p1a: Dragonite|88/100|[from] Fire Pledge
|upkeep
|
|t:|1756619045
|switch|p2b: Primarina|Primarina, L50, F|100/100
|switch|p1b: Smeargle|Smeargle, L50, M|100/100
|switch|p2a: Politoed|Politoed, L50, M|100/100
|-weather|RainDance|[from] ability: Drizzle|[of] p2a: Politoed
|turn|4
|inactive|getchudlifeinshape has 30 seconds left.
|inactive|getchudlifeinshape has 20 seconds left.
|inactive|getchudlifeinshape has 15 seconds left.
|inactive|getchudlifeinshape has 10 seconds left.
|inactive|getchudlifeinshape has 5 seconds left.
|
|t:|1756619097
|-terastallize|p1a: Dragonite|Steel
|move|p2a: Politoed|Protect|p2a: Politoed
|-singleturn|p2a: Politoed|Protect
|move|p2b: Primarina|Protect|p2b: Primarina
|-singleturn|p2b: Primarina|Protect
|move|p1b: Smeargle|Fake Out|p2a: Politoed
|-activate|p2a: Politoed|move: Protect
|move|p1a: Dragonite|Dragon Dance|p1a: Dragonite
|-boost|p1a: Dragonite|atk|1
|-boost|p1a: Dragonite|spe|1
|
|-weather|RainDance|[upkeep]
|-damage|p1a: Dragonite|76/100|[from] Fire Pledge
|-damage|p1b: Smeargle|88/100|[from] Fire Pledge
|-sideend|p1: getchudlifeinshape|move: Tailwind
|-ability|p1b: Smeargle|Moody|boost
|-boost|p1b: Smeargle|spd|2
|-unboost|p1b: Smeargle|atk|1
|upkeep
|turn|5
|inactive|getchudlifeinshape has 30 seconds left.
|inactive|drake78976 has 30 seconds left.
|
|t:|1756619130
|move|p1a: Dragonite|Thunder Punch|p2a: Politoed
|-supereffective|p2a: Politoed
|-damage|p2a: Politoed|2/100
|move|p1b: Smeargle|Spore|p2b: Primarina
|-status|p2b: Primarina|slp|[from] move: Spore
|move|p2a: Politoed|Weather Ball|p1a: Dragonite
|-damage|p1a: Dragonite|23/100
|cant|p2b: Primarina|slp
|
|-weather|RainDance|[upkeep]
|-damage|p1a: Dragonite|11/100|[from] Fire Pledge
|-damage|p1b: Smeargle|76/100|[from] Fire Pledge
|-ability|p1b: Smeargle|Moody|boost
|-boost|p1b: Smeargle|spd|2
|-unboost|p1b: Smeargle|spa|1
|upkeep
|turn|6
|inactive|getchudlifeinshape has 30 seconds left.
|
|t:|1756619160
|move|p2a: Politoed|Protect|p2a: Politoed
|-singleturn|p2a: Politoed|Protect
|move|p1b: Smeargle|Follow Me|p1b: Smeargle
|-singleturn|p1b: Smeargle|move: Follow Me
|move|p1a: Dragonite|Earthquake|p2a: Politoed|[spread] p1b,p2b
|-activate|p2a: Politoed|move: Protect
|-damage|p1b: Smeargle|0 fnt
|-damage|p2b: Primarina|49/100 slp
|faint|p1b: Smeargle
|cant|p2b: Primarina|slp
|
|-weather|RainDance|[upkeep]
|-damage|p1a: Dragonite|0 fnt|[from] Fire Pledge
|faint|p1a: Dragonite
|
|win|drake78976
|c|☆drake78976|Ggs
|c|☆drake78976|Very close
