|j|☆sybe123
|j|☆Shoto.tx
|html|sybe123Shoto.tx    
|uhtml|bestof|Game 1 of a best-of-3
|t:|1757088773
|gametype|doubles
|player|p1|sybe123|170|1141
|player|p2|Shoto.tx|1|1027
|gen|9
|tier|[Gen 9] VGC 2025 Reg H (Bo3)
|rated|
|rule|Species Clause: Limit one of each Pokémon
|rule|Item Clause: Limit 1 of each item
|clearpoke
|poke|p1|Garchomp, L50, M|
|poke|p1|Tyranitar, L50, F|
|poke|p1|Gholdengo, L50|
|poke|p1|Incineroar, L50, F|
|poke|p1|Amoonguss, L50, M|
|poke|p1|Kilowattrel, L50, M|
|poke|p2|Archaludon, L50, F|
|poke|p2|Politoed, L50, F|
|poke|p2|Gothitelle, L50, M|
|poke|p2|Kingdra, L50, M|
|poke|p2|Incineroar, L50, M|
|poke|p2|Amoonguss, L50, M|
|teampreview|4
|showteam|p1|Garchomp||LifeOrb|RoughSkin|DragonClaw,StompingTantrum,Earthquake,Protect|||M|||50|,,,,,Steel]Tyranitar||AssaultVest|SandStream|RockSlide,KnockOff,LowKick,TeraBlast|||F|||50|,,,,,Flying]Gholdengo||MetalCoat|GoodasGold|MakeItRain,ShadowBall,NastyPlot,Protect||||||50|,,,,,Flying]Incineroar||SafetyGoggles|Intimidate|FakeOut,FlareBlitz,KnockOff,PartingShot|||F|||50|,,,,,Ghost]Amoonguss||SitrusBerry|Regenerator|Spore,RagePowder,PollenPuff,Protect|||M|||50|,,,,,Water]Kilowattrel||FocusSash|Competitive|Tailwind,AirSlash,Thunderbolt,Protect|||M|||50|,,,,,Ghost
|showteam|p2|Archaludon||PowerHerb|Sturdy|ElectroShot,FlashCannon,DragonPulse,Protect|||F|||50|,,,,,Electric]Politoed||Leftovers|Drizzle|WeatherBall,PerishSong,Encore,Protect|||F|||50|,,,,,Grass]Gothitelle||SitrusBerry|ShadowTag|Psychic,FakeOut,TrickRoom,Protect|||M|||50|,,,,,Dark]Kingdra||LifeOrb|SwiftSwim|DracoMeteor,WeatherBall,MuddyWater,Protect|||M|||50|,,,,,Stellar]Incineroar||SafetyGoggles|Intimidate|FakeOut,KnockOff,PartingShot,Protect|||M|||50|,,,,,Ghost]Amoonguss||EjectButton|Regenerator|Spore,RagePowder,PollenPuff,Protect|||M|||50|,,,,,Fairy
|inactive|Battle timer is ON: inactive players will automatically lose when time's up. (requested by sybe123)
|
|t:|1757088808
|teamsize|p1|4
|teamsize|p2|4
|start
|switch|p1a: Gholdengo|Gholdengo, L50|100/100
|switch|p1b: Incineroar|Incineroar, L50, F|100/100
|switch|p2a: Gothitelle|Gothitelle, L50, M, shiny|100/100
|switch|p2b: Kingdra|Kingdra, L50, M, shiny|100/100
|-ability|p1b: Incineroar|Intimidate|boost
|-unboost|p2a: Gothitelle|atk|1
|-unboost|p2b: Kingdra|atk|1
|turn|1
|
|t:|1757088825
|move|p2b: Kingdra|Protect|p2b: Kingdra
|-singleturn|p2b: Kingdra|Protect
|move|p2a: Gothitelle|Protect|p2a: Gothitelle
|-singleturn|p2a: Gothitelle|Protect
|move|p1b: Incineroar|Fake Out|p2b: Kingdra
|-activate|p2b: Kingdra|move: Protect
|move|p1a: Gholdengo|Nasty Plot|p1a: Gholdengo
|-boost|p1a: Gholdengo|spa|2
|
|upkeep
|turn|2
|inactive|sybe123 has 30 seconds left.
|inactive|sybe123 has 20 seconds left.
|
|t:|1757088863
|switch|p2a: Politoed|Politoed, L50, F, shiny|100/100
|-weather|RainDance|[from] ability: Drizzle|[of] p2a: Politoed
|-terastallize|p2b: Kingdra|Stellar
|move|p2b: Kingdra|Weather Ball|p1a: Gholdengo
|-damage|p1a: Gholdengo|0 fnt
|faint|p1a: Gholdengo
|-damage|p2b: Kingdra|91/100|[from] item: Life Orb
|move|p1b: Incineroar|Knock Off|p2a: Politoed
|-damage|p2a: Politoed|52/100
|-enditem|p2a: Politoed|Leftovers|[from] move: Knock Off|[of] p1b: Incineroar
|
|-weather|RainDance|[upkeep]
|upkeep
|
|t:|1757088882
|switch|p1a: Tyranitar|Tyranitar, L50, F|100/100
|-weather|Sandstorm|[from] ability: Sand Stream|[of] p1a: Tyranitar
|turn|3
|
|t:|1757088898
|switch|p2a: Incineroar|Incineroar, L50, M, shiny|100/100
|-ability|p2a: Incineroar|Intimidate|boost
|-unboost|p1a: Tyranitar|atk|1
|-unboost|p1b: Incineroar|atk|1
|move|p1b: Incineroar|Knock Off|p2b: Kingdra
|-damage|p2b: Kingdra|63/100
|-enditem|p2b: Kingdra|Life Orb|[from] move: Knock Off|[of] p1b: Incineroar
|move|p2b: Kingdra|Muddy Water|p1a: Tyranitar|[spread] p1a,p1b
|-supereffective|p1a: Tyranitar
|-supereffective|p1b: Incineroar
|-damage|p1a: Tyranitar|73/100
|-damage|p1b: Incineroar|43/100
|move|p1a: Tyranitar|Rock Slide|p2b: Kingdra|[spread] p2a,p2b
|-supereffective|p2a: Incineroar
|-damage|p2a: Incineroar|61/100
|-damage|p2b: Kingdra|43/100
|
|-weather|Sandstorm|[upkeep]
|-damage|p2b: Kingdra|37/100|[from] Sandstorm
|upkeep
|turn|4
|inactive|Shoto.tx has 30 seconds left.
|
|t:|1757088924
|switch|p2a: Politoed|Politoed, L50, F, shiny|52/100
|-weather|RainDance|[from] ability: Drizzle|[of] p2a: Politoed
|move|p2b: Kingdra|Weather Ball|p1a: Tyranitar
|-supereffective|p1a: Tyranitar
|-damage|p1a: Tyranitar|0 fnt
|faint|p1a: Tyranitar
|move|p1b: Incineroar|Knock Off|p2a: Politoed
|-damage|p2a: Politoed|32/100
|
|-weather|RainDance|[upkeep]
|upkeep
|
|t:|1757088944
|switch|p1a: Garchomp|Garchomp, L50, M|100/100
|turn|5
|
|t:|1757088961
|move|p2b: Kingdra|Protect|p2b: Kingdra
|-singleturn|p2b: Kingdra|Protect
|move|p1a: Garchomp|Earthquake|p2b: Kingdra|[spread] p1b,p2a
|-activate|p2b: Kingdra|move: Protect
|-supereffective|p1b: Incineroar
|-damage|p1b: Incineroar|0 fnt
|-damage|p2a: Politoed|0 fnt
|faint|p1b: Incineroar
|faint|p2a: Politoed
|-damage|p1a: Garchomp|91/100|[from] item: Life Orb
|
|-weather|RainDance|[upkeep]
|upkeep
|
|t:|1757088974
|switch|p2a: Gothitelle|Gothitelle, L50, M, shiny|100/100
|turn|6
|
|t:|1757088983
|move|p1a: Garchomp|Protect|p1a: Garchomp
|-singleturn|p1a: Garchomp|Protect
|move|p2a: Gothitelle|Fake Out|p1a: Garchomp
|-activate|p1a: Garchomp|move: Protect
|move|p2b: Kingdra|Weather Ball|p1a: Garchomp
|-activate|p1a: Garchomp|move: Protect
|
|-weather|RainDance|[upkeep]
|upkeep
|turn|7
|
|t:|1757089000
|move|p2b: Kingdra|Weather Ball|p1a: Garchomp
|-damage|p1a: Garchomp|14/100
|move|p1a: Garchomp|Earthquake|p2a: Gothitelle|[spread] p2a,p2b
|-damage|p2a: Gothitelle|49/100
|-damage|p2b: Kingdra|0 fnt
|-enditem|p2a: Gothitelle|Sitrus Berry|[eat]
|-heal|p2a: Gothitelle|74/100|[from] item: Sitrus Berry
|faint|p2b: Kingdra
|-damage|p1a: Garchomp|4/100|[from] item: Life Orb
|move|p2a: Gothitelle|Psychic|p1a: Garchomp
|-damage|p1a: Garchomp|0 fnt
|faint|p1a: Garchomp
|
|win|Shoto.tx
||sybe123 is ready for game 2.
|l|☆sybe123
|player|p1|
|inactive|Shoto.tx has 30 seconds to confirm battle start!
