|j|☆MagickeySY
|j|☆shieeeee
|html|MagickeySYshieeeee    
|uhtml|bestof|Game 1 of a best-of-3
|t:|1757001181
|gametype|doubles
|player|p1|MagickeySY|steven|1133
|player|p2|shieeeee|169|1229
|gen|9
|tier|[Gen 9] VGC 2025 Reg H (Bo3)
|rated|
|rule|Species Clause: Limit one of each Pokémon
|rule|Item Clause: Limit 1 of each item
|clearpoke
|poke|p1|Dragonite, L50, M|
|poke|p1|Sneasler, L50, M|
|poke|p1|Annihilape, L50, M|
|poke|p1|Maushold-Four, L50|
|poke|p1|Sinistcha-Masterpiece, L50|
|poke|p1|Archaludon, L50, M|
|poke|p2|Whimsicott, L50, F|
|poke|p2|Garchomp, L50, M|
|poke|p2|Gholdengo, L50|
|poke|p2|Incineroar, L50, M|
|poke|p2|Sneasler, L50, F|
|poke|p2|Dragonite, L50, M|
|teampreview|4
|showteam|p1|Dragonite||ChoiceBand|InnerFocus|ExtremeSpeed,TeraBlast,ScaleShot,StompingTantrum|||M|||50|,,,,,Flying]Sneasler||FocusSash|Unburden|FakeOut,CloseCombat,Coaching,DireClaw|||M|||50|,,,,,Ghost]Annihilape||Leftovers|Defiant|DrainPunch,RageFist,BulkUp,Protect|||M|||50|,,,,,Water]Maushold-Four||SafetyGoggles|FriendGuard|BeatUp,Taunt,FollowMe,Protect||||||50|,,,,,Ghost]Sinistcha-Masterpiece||SitrusBerry|Hospitality|MatchaGotcha,LifeDew,RagePowder,TrickRoom||||||50|,,,,,Water]Archaludon||AssaultVest|Stamina|BodyPress,DragonPulse,ElectroShot,FlashCannon|||M|||50|,,,,,Fairy
|showteam|p2|Whimsicott||FocusSash|Prankster|Moonblast,Tailwind,Encore,Protect|||F|||50|,,,,,Ghost]Garchomp||LifeOrb|RoughSkin|Earthquake,DragonClaw,StompingTantrum,Protect|||M|||50|,,,,,Ground]Gholdengo||ChoiceSpecs|GoodasGold|MakeItRain,ShadowBall,Trick,Protect||||||50|,,,,,Steel]Incineroar||AssaultVest|Intimidate|FlareBlitz,FakeOut,KnockOff,Uturn|||M|||50|,,,,,Grass]Sneasler||WhiteHerb|Unburden|FakeOut,DireClaw,CloseCombat,Protect|||F|||50|,,,,,Stellar]Dragonite||ChoiceBand|InnerFocus|ExtremeSpeed,Outrage,IceSpinner,StompingTantrum|||M|||50|,,,,,Normal
|inactive|Battle timer is ON: inactive players will automatically lose when time's up. (requested by shieeeee)
|inactive|shieeeee has 60 seconds left.
|
|t:|1757001237
|teamsize|p1|4
|teamsize|p2|4
|start
|switch|p1a: Maushold|Maushold-Four, L50|100/100
|switch|p1b: Annihilape|Annihilape, L50, M|100/100
|switch|p2a: Whimsicott|Whimsicott, L50, F, shiny|100/100
|switch|p2b: Garchomp|Garchomp, L50, M, shiny|100/100
|turn|1
|inactive|MagickeySY has 30 seconds left.
|
|t:|1757001265
|move|p2a: Whimsicott|Moonblast|p1b: Annihilape
|-supereffective|p1b: Annihilape
|-damage|p1b: Annihilape|54/100
|move|p1a: Maushold|Beat Up|p1b: Annihilape
|-crit|p1b: Annihilape
|-damage|p1b: Annihilape|51/100
|-damage|p1b: Annihilape|50/100
|-damage|p1b: Annihilape|48/100
|-damage|p1b: Annihilape|46/100
|-hitcount|p1b: Annihilape|4
|move|p2b: Garchomp|Dragon Claw|p1b: Annihilape
|-damage|p1b: Annihilape|3/100
|-damage|p2b: Garchomp|91/100|[from] item: Life Orb
|move|p1b: Annihilape|Rage Fist|p2b: Garchomp
|-damage|p2b: Garchomp|0 fnt
|-damage|p1b: Annihilape|0 fnt|[from] ability: Rough Skin|[of] p2b: Garchomp
|faint|p2b: Garchomp
|faint|p1b: Annihilape
|
|upkeep
|inactive|MagickeySY has 30 seconds left.
|
|t:|1757001291
|switch|p2b: Sneasler|Sneasler, L50, F|100/100
|switch|p1b: Archaludon|Archaludon, L50, M|100/100
|turn|2
|inactive|MagickeySY has 30 seconds left.
|
|t:|1757001320
|-terastallize|p1b: Archaludon|Fairy
|move|p2b: Sneasler|Protect|p2b: Sneasler
|-singleturn|p2b: Sneasler|Protect
|move|p2a: Whimsicott|Encore|p1a: Maushold
|-start|p1a: Maushold|Encore
|move|p1a: Maushold|Beat Up|p1b: Archaludon
|-resisted|p1b: Archaludon
|-damage|p1b: Archaludon|99/100
|-ability|p1b: Archaludon|Stamina|boost
|-boost|p1b: Archaludon|def|1
|-resisted|p1b: Archaludon
|-damage|p1b: Archaludon|99/100
|-ability|p1b: Archaludon|Stamina|boost
|-boost|p1b: Archaludon|def|1
|-resisted|p1b: Archaludon
|-damage|p1b: Archaludon|99/100
|-ability|p1b: Archaludon|Stamina|boost
|-boost|p1b: Archaludon|def|1
|-hitcount|p1b: Archaludon|3
|move|p1b: Archaludon|Body Press|p2b: Sneasler
|-activate|p2b: Sneasler|move: Protect
|
|upkeep
|turn|3
|inactive|MagickeySY has 30 seconds left.
|inactive|MagickeySY has 20 seconds left.
|inactive|MagickeySY has 15 seconds left.
|inactive|MagickeySY has 10 seconds left.
|
|t:|1757001365
|switch|p1a: Sinistcha|Sinistcha-Masterpiece, L50|100/100
|-heal|p1b: Archaludon|100/100|[from] ability: Hospitality|[of] p1a: Sinistcha
|move|p2a: Whimsicott|Encore|p1b: Archaludon
|-start|p1b: Archaludon|Encore
|move|p2b: Sneasler|Close Combat|p1a: Sinistcha
|-immune|p1a: Sinistcha
|move|p1b: Archaludon|Body Press|p2b: Sneasler
|-resisted|p2b: Sneasler
|-damage|p2b: Sneasler|53/100
|
|upkeep
|turn|4
|inactive|shieeeee has 30 seconds left.
|
|t:|1757001398
|move|p2a: Whimsicott|Moonblast|p1b: Archaludon
|-damage|p1b: Archaludon|76/100
|-ability|p1b: Archaludon|Stamina|boost
|-boost|p1b: Archaludon|def|1
|move|p2b: Sneasler|Dire Claw|p1b: Archaludon
|-supereffective|p1b: Archaludon
|-damage|p1b: Archaludon|54/100
|-ability|p1b: Archaludon|Stamina|boost
|-boost|p1b: Archaludon|def|1
|move|p1b: Archaludon|Body Press|p2b: Sneasler
|-resisted|p2b: Sneasler
|-damage|p2b: Sneasler|0 fnt
|faint|p2b: Sneasler
|move|p1a: Sinistcha|Trick Room|p1a: Sinistcha
|-fieldstart|move: Trick Room|[of] p1a: Sinistcha
|
|upkeep
|
|t:|1757001408
|switch|p2b: Gholdengo|Gholdengo, L50|100/100
|turn|5
|inactive|MagickeySY has 30 seconds left.
|
|t:|1757001434
|-terastallize|p2a: Whimsicott|Ghost
|move|p1a: Sinistcha|Matcha Gotcha|p2a: Whimsicott|[spread] p2a,p2b
|-resisted|p2b: Gholdengo
|-damage|p2a: Whimsicott|62/100
|-damage|p2b: Gholdengo|86/100
|-status|p2a: Whimsicott|brn
|move|p1b: Archaludon|Body Press|p2a: Whimsicott
|-immune|p2a: Whimsicott
|move|p2b: Gholdengo|Make It Rain|p1a: Sinistcha|[spread] p1a,p1b
|-supereffective|p1b: Archaludon
|-damage|p1a: Sinistcha|29/100
|-damage|p1b: Archaludon|0 fnt
|-unboost|p2b: Gholdengo|spa|1
|-enditem|p1a: Sinistcha|Sitrus Berry|[eat]
|-heal|p1a: Sinistcha|54/100|[from] item: Sitrus Berry
|faint|p1b: Archaludon
|move|p2a: Whimsicott|Moonblast|p1a: Sinistcha
|-damage|p1a: Sinistcha|17/100
|
|-damage|p2a: Whimsicott|56/100 brn|[from] brn
|upkeep
|
|t:|1757001455
|switch|p1b: Maushold|Maushold-Four, L50|100/100
|turn|6
|inactive|MagickeySY has 30 seconds left.
|inactive|MagickeySY has 20 seconds left.
|inactive|MagickeySY has 15 seconds left.
|inactive|MagickeySY has 10 seconds left.
|
|t:|1757001500
|move|p1b: Maushold|Follow Me|p1b: Maushold
|-singleturn|p1b: Maushold|move: Follow Me
|move|p1a: Sinistcha|Matcha Gotcha|p2b: Gholdengo|[spread] p2a,p2b
|-resisted|p2b: Gholdengo
|-crit|p2b: Gholdengo
|-damage|p2a: Whimsicott|14/100 brn
|-heal|p1a: Sinistcha|33/100|[from] drain|[of] p2a: Whimsicott
|-damage|p2b: Gholdengo|66/100
|-heal|p1a: Sinistcha|43/100|[from] drain|[of] p2b: Gholdengo
|move|p2b: Gholdengo|Make It Rain|p1b: Maushold|[spread] p1a,p1b
|-damage|p1a: Sinistcha|8/100
|-damage|p1b: Maushold|43/100
|-unboost|p2b: Gholdengo|spa|1
|move|p2a: Whimsicott|Moonblast|p1b: Maushold
|-damage|p1b: Maushold|0 fnt
|faint|p1b: Maushold
|
|-damage|p2a: Whimsicott|8/100 brn|[from] brn
|upkeep
|turn|7
|inactive|MagickeySY has 30 seconds left.
|
|t:|1757001529
|move|p2a: Whimsicott|Protect|p2a: Whimsicott
|-singleturn|p2a: Whimsicott|Protect
|move|p1a: Sinistcha|Matcha Gotcha|p2b: Gholdengo|[spread] p2b
|-activate|p2a: Whimsicott|move: Protect
|-resisted|p2b: Gholdengo
|-damage|p2b: Gholdengo|53/100
|-heal|p1a: Sinistcha|15/100|[from] drain|[of] p2b: Gholdengo
|move|p2b: Gholdengo|Make It Rain|p1a: Sinistcha
|-damage|p1a: Sinistcha|0 fnt
|-unboost|p2b: Gholdengo|spa|1
|faint|p1a: Sinistcha
|
|win|shieeeee
||shieeeee is ready for game 2.
|inactive|MagickeySY has 30 seconds to confirm battle start!
||MagickeySY is ready for game 2.
|uhtml|next|Next: Game 2 of 3
|l|☆MagickeySY
|player|p1|
