|j|☆legionvgc
|j|☆Qicide
|html|legionvgcQicide    
|uhtml|bestof|Game 1 of a best-of-3
|t:|1757731911
|gametype|doubles
|player|p1|legionvgc|101|1349
|player|p2|Qicide|red|1246
|gen|9
|tier|[Gen 9] VGC 2025 Reg H (Bo3)
|rated|
|rule|Species Clause: Limit one of each Pokémon
|rule|Item Clause: Limit 1 of each item
|clearpoke
|poke|p1|Jumpluff, L50, F|
|poke|p1|Charizard, L50, M|
|poke|p1|Incineroar, L50, M|
|poke|p1|Ursaluna, L50, M|
|poke|p1|Porygon2, L50|
|poke|p1|Torkoal, L50, M|
|poke|p2|Porygon2, L50|
|poke|p2|Incineroar, L50, F|
|poke|p2|Ursaluna, L50, M|
|poke|p2|Jumpluff, L50, M|
|poke|p2|Charizard, L50, F|
|poke|p2|Torkoal, L50, M|
|teampreview|4
|showteam|p1|Jumpluff||CovertCloak|Chlorophyll|RagePowder,SleepPowder,SunnyDay,Tailwind|||F|||50|,,,,,Water]Charizard||ChoiceSpecs|SolarPower|HeatWave,Overheat,WeatherBall,AirSlash|||M|||50|,,,,,Ghost]Incineroar||SitrusBerry|Intimidate|FlareBlitz,KnockOff,FakeOut,PartingShot|||M|||50|,,,,,Ghost]Ursaluna||FlameOrb|Guts|HeadlongRush,Facade,Earthquake,Protect|||M|||50|,,,,,Ghost]Porygon2||Eviolite|Download|TeraBlast,IceBeam,Recover,TrickRoom||||||50|,,,,,Fighting]Torkoal||EjectPack|Drought|Eruption,Overheat,HelpingHand,Protect|||M|||50|,,,,,Fire
|showteam|p2|Porygon2||Eviolite|Download|TeraBlast,IceBeam,TrickRoom,Recover||||||50|,,,,,Fighting]Incineroar||SitrusBerry|Intimidate|FakeOut,KnockOff,FlareBlitz,PartingShot|||F|||50|,,,,,Ghost]Ursaluna||FlameOrb|Guts|HeadlongRush,Facade,Earthquake,Protect|||M|||50|,,,,,Ghost]Jumpluff||CovertCloak|Chlorophyll|RagePowder,SunnyDay,Tailwind,SleepPowder|||M|||50|,,,,,Water]Charizard||ChoiceSpecs|SolarPower|HeatWave,Overheat,WeatherBall,SolarBeam|||F|||50|,,,,,Ghost]Torkoal||EjectPack|Drought|Overheat,Eruption,HelpingHand,Protect|||M|||50|,,,,,Fire
|inactive|Battle timer is ON: inactive players will automatically lose when time's up. (requested by Qicide)
|
|t:|1757731940
|teamsize|p1|4
|teamsize|p2|4
|start
|switch|p1a: Blueberry|Jumpluff, L50, F|100/100
|switch|p1b: Baloo|Ursaluna, L50, M, shiny|100/100
|switch|p2a: Porygon2|Porygon2, L50, shiny|100/100
|switch|p2b: Incineroar|Incineroar, L50, F|100/100
|-ability|p2b: Incineroar|Intimidate|boost
|-unboost|p1a: Blueberry|atk|1
|-unboost|p1b: Baloo|atk|1
|-ability|p2a: Porygon2|Download|boost
|-boost|p2a: Porygon2|spa|1
|turn|1
|
|t:|1757731961
|switch|p1b: Scat Pack|Incineroar, L50, M|100/100
|-ability|p1b: Scat Pack|Intimidate|boost
|-unboost|p2a: Porygon2|atk|1
|-unboost|p2b: Incineroar|atk|1
|move|p1a: Blueberry|Sleep Powder|p2a: Porygon2
|-status|p2a: Porygon2|slp|[from] move: Sleep Powder
|move|p2b: Incineroar|Flare Blitz|p1a: Blueberry
|-supereffective|p1a: Blueberry
|-damage|p1a: Blueberry|0 fnt
|faint|p1a: Blueberry
|-damage|p2b: Incineroar|71/100|[from] Recoil
|cant|p2a: Porygon2|slp
|
|upkeep
|
|t:|1757731974
|switch|p1a: Raven|Charizard, L50, M, shiny|100/100
|turn|2
|
|t:|1757731992
|move|p1a: Raven|Heat Wave|p2a: Porygon2|[spread] p2b
|-miss|p1a: Raven|p2a: Porygon2
|-resisted|p2b: Incineroar
|-damage|p2b: Incineroar|47/100
|-enditem|p2b: Incineroar|Sitrus Berry|[eat]
|-heal|p2b: Incineroar|72/100|[from] item: Sitrus Berry
|move|p1b: Scat Pack|Parting Shot|p2a: Porygon2
|-unboost|p2a: Porygon2|atk|1
|-unboost|p2a: Porygon2|spa|1
|
|t:|1757732000
|switch|p1b: Baloo|Ursaluna, L50, M, shiny|100/100|[from] Parting Shot
|move|p2b: Incineroar|Knock Off|p1a: Raven
|-damage|p1a: Raven|51/100
|-enditem|p1a: Raven|Choice Specs|[from] move: Knock Off|[of] p2b: Incineroar
|cant|p2a: Porygon2|slp
|
|-status|p1b: Baloo|brn|[from] item: Flame Orb
|upkeep
|turn|3
|
|t:|1757732020
|move|p1a: Raven|Air Slash|p2a: Porygon2
|-damage|p2a: Porygon2|75/100 slp
|move|p1b: Baloo|Earthquake|p2b: Incineroar|[spread] p2a,p2b
|-immune|p1a: Raven
|-supereffective|p2b: Incineroar
|-damage|p2a: Porygon2|37/100 slp
|-damage|p2b: Incineroar|0 fnt
|faint|p2b: Incineroar
|-curestatus|p2a: Porygon2|slp|[msg]
|move|p2a: Porygon2|Trick Room|p2a: Porygon2
|-fieldstart|move: Trick Room|[of] p2a: Porygon2
|
|-damage|p1b: Baloo|95/100 brn|[from] brn
|upkeep
|
|t:|1757732034
|switch|p2b: Ursaluna|Ursaluna, L50, M|100/100
|turn|4
|inactive|Qicide has 30 seconds left.
|
|t:|1757732065
|-terastallize|p1a: Raven|Ghost
|move|p2a: Porygon2|Ice Beam|p1b: Baloo
|-supereffective|p1b: Baloo
|-damage|p1b: Baloo|37/100 brn
|move|p2b: Ursaluna|Headlong Rush|p1b: Baloo
|-damage|p1b: Baloo|0 fnt
|-unboost|p2b: Ursaluna|def|1
|-unboost|p2b: Ursaluna|spd|1
|faint|p1b: Baloo
|move|p1a: Raven|Overheat|p2a: Porygon2|[miss]
|-miss|p1a: Raven|p2a: Porygon2
|
|-status|p2b: Ursaluna|brn|[from] item: Flame Orb
|upkeep
|
|t:|1757732086
|switch|p1b: Scat Pack|Incineroar, L50, M|100/100
|-ability|p1b: Scat Pack|Intimidate|boost
|-unboost|p2a: Porygon2|atk|1
|-unboost|p2b: Ursaluna|atk|1
|turn|5
|
|t:|1757732095
|move|p1b: Scat Pack|Fake Out|p2a: Porygon2
|-damage|p2a: Porygon2|29/100
|cant|p2a: Porygon2|flinch
|move|p2b: Ursaluna|Headlong Rush|p1a: Raven
|-damage|p1a: Raven|0 fnt
|-unboost|p2b: Ursaluna|def|1
|-unboost|p2b: Ursaluna|spd|1
|faint|p1a: Raven
|
|-damage|p2b: Ursaluna|95/100 brn|[from] brn
|upkeep
|turn|6
|-message|legionvgc forfeited.
|
|win|Qicide
||legionvgc is ready for game 2.
