|j|☆CuboX11n
|j|☆carrotvg
|html|CuboX11ncarrotvg    
|uhtml|bestof|Game 1 of a best-of-3
|t:|1757843663
|gametype|doubles
|player|p1|CuboX11n|crasherwake|1264
|player|p2|carrotvg|266|1379
|gen|9
|tier|[Gen 9] VGC 2025 Reg H (Bo3)
|rated|
|rule|Species Clause: Limit one of each Pokémon
|rule|Item Clause: Limit 1 of each item
|clearpoke
|poke|p1|Tyranitar, L50, M|
|poke|p1|Garchomp, L50, F|
|poke|p1|Basculegion, L50, M|
|poke|p1|Volcarona, L50, M|
|poke|p1|Amoonguss, L50, F|
|poke|p1|Grimmsnarl, L50, M|
|poke|p2|Sinistcha, L50|
|poke|p2|Archaludon, L50, F|
|poke|p2|Pelipper, L50, M|
|poke|p2|Dragonite, L50, F|
|poke|p2|Ursaluna, L50, M|
|poke|p2|Gholdengo, L50|
|teampreview|4
|showteam|p1|Tyranitar||AssaultVest|SandStream|LowKick,TeraBlast,RockSlide,KnockOff|||M|||50|,,,,,Flying]Garchomp||BrightPowder|SandVeil|StompingTantrum,DragonClaw,SwordsDance,Protect|||F|||50|,,,,,Poison]Basculegion||ChoiceScarf|Adaptability|LastRespects,WaveCrash,FlipTurn,AquaJet|||M|||50|,,,,,Water]Volcarona||Leftovers|FlameBody|HeatWave,GigaDrain,QuiverDance,Protect|||M|||50|,,,,,Grass]Amoonguss||SitrusBerry|Regenerator|Spore,RagePowder,LeafStorm,ClearSmog|||F|||50|,,,,,Steel]Grimmsnarl||LightClay|Prankster|ThunderWave,LightScreen,Reflect,SpiritBreak|||M|||50|,,,,,Water
|showteam|p2|Sinistcha||SitrusBerry|Hospitality|MatchaGotcha,RagePowder,LifeDew,TrickRoom||||||50|,,,,,Dark]Archaludon||AssaultVest|Stamina|BodyPress,ElectroShot,FlashCannon,Snarl|||F|||50|,,,,,Fighting]Pelipper||SafetyGoggles|Drizzle|MuddyWater,Hurricane,WideGuard,Protect|||M|||50|,,,,,Steel]Dragonite||LoadedDice|Multiscale|ScaleShot,Tailwind,Haze,Protect|||F|||50|,,,,,Fairy]Ursaluna||FlameOrb|Guts|HeadlongRush,Earthquake,Facade,Protect|||M|||50|,,,,,Ghost]Gholdengo||ChoiceScarf|GoodasGold|MakeItRain,ShadowBall,TeraBlast,Trick||||||50|,,,,,Water
|inactive|Battle timer is ON: inactive players will automatically lose when time's up. (requested by CuboX11n)
|inactive|carrotvg has 60 seconds left.
|
|t:|1757843712
|teamsize|p1|4
|teamsize|p2|4
|start
|switch|p1a: Grimmsnarl|Grimmsnarl, L50, M, shiny|100/100
|switch|p1b: Volcarona|Volcarona, L50, M|100/100
|switch|p2a: Archaludon|Archaludon, L50, F|100/100
|switch|p2b: Dragonite|Dragonite, L50, F|100/100
|turn|1
|
|t:|1757843730
|move|p1a: Grimmsnarl|Reflect|p1a: Grimmsnarl
|-sidestart|p1: CuboX11n|Reflect
|move|p2b: Dragonite|Scale Shot|p2a: Archaludon
|-damage|p2a: Archaludon|91/100
|-ability|p2a: Archaludon|Stamina|boost
|-boost|p2a: Archaludon|def|1
|-damage|p2a: Archaludon|85/100
|-ability|p2a: Archaludon|Stamina|boost
|-boost|p2a: Archaludon|def|1
|-damage|p2a: Archaludon|81/100
|-ability|p2a: Archaludon|Stamina|boost
|-boost|p2a: Archaludon|def|1
|-damage|p2a: Archaludon|76/100
|-ability|p2a: Archaludon|Stamina|boost
|-boost|p2a: Archaludon|def|1
|-damage|p2a: Archaludon|72/100
|-ability|p2a: Archaludon|Stamina|boost
|-boost|p2a: Archaludon|def|1
|-hitcount|p2a: Archaludon|5
|-unboost|p2b: Dragonite|def|1
|-boost|p2b: Dragonite|spe|1
|move|p1b: Volcarona|Heat Wave|p2a: Archaludon|[spread] p2a,p2b
|-resisted|p2b: Dragonite
|-damage|p2a: Archaludon|48/100
|-damage|p2b: Dragonite|92/100
|-ability|p2a: Archaludon|Stamina|boost
|-boost|p2a: Archaludon|def|1
|move|p2a: Archaludon|Snarl|p1b: Volcarona|[spread] p1a,p1b
|-resisted|p1a: Grimmsnarl
|-damage|p1a: Grimmsnarl|98/100
|-damage|p1b: Volcarona|90/100
|-unboost|p1a: Grimmsnarl|spa|1
|-unboost|p1b: Volcarona|spa|1
|
|-heal|p1b: Volcarona|96/100|[from] item: Leftovers
|upkeep
|turn|2
|inactive|carrotvg has 30 seconds left.
|
|t:|1757843757
|switch|p2b: Sinistcha|Sinistcha, L50|100/100
|-heal|p2a: Archaludon|73/100|[from] ability: Hospitality|[of] p2b: Sinistcha
|-terastallize|p2a: Archaludon|Fighting
|move|p1a: Grimmsnarl|Thunder Wave|p2b: Sinistcha|[miss]
|-miss|p1a: Grimmsnarl|p2b: Sinistcha
|move|p1b: Volcarona|Heat Wave|p2b: Sinistcha|[spread] p2a,p2b
|-supereffective|p2b: Sinistcha
|-damage|p2a: Archaludon|56/100
|-damage|p2b: Sinistcha|62/100
|move|p2a: Archaludon|Body Press|p1a: Grimmsnarl
|-damage|p1a: Grimmsnarl|0 fnt
|faint|p1a: Grimmsnarl
|
|-heal|p1b: Volcarona|100/100|[from] item: Leftovers
|upkeep
|inactive|CuboX11n has 30 seconds left.
|
|t:|1757843785
|switch|p1a: Amoonguss|Amoonguss, L50, F|100/100
|turn|3
|inactive|carrotvg has 30 seconds left.
|
|t:|1757843811
|switch|p2b: Ursaluna|Ursaluna, L50, M|100/100
|move|p1b: Volcarona|Quiver Dance|p1b: Volcarona
|-boost|p1b: Volcarona|spa|1
|-boost|p1b: Volcarona|spd|1
|-boost|p1b: Volcarona|spe|1
|move|p2a: Archaludon|Snarl|p1a: Amoonguss|[spread] p1a,p1b
|-damage|p1a: Amoonguss|91/100
|-damage|p1b: Volcarona|93/100
|-unboost|p1a: Amoonguss|spa|1
|-unboost|p1b: Volcarona|spa|1
|move|p1a: Amoonguss|Spore|p2a: Archaludon
|-status|p2a: Archaludon|slp|[from] move: Spore
|
|-heal|p1b: Volcarona|99/100|[from] item: Leftovers
|-status|p2b: Ursaluna|brn|[from] item: Flame Orb
|upkeep
|turn|4
|inactive|CuboX11n has 30 seconds left.
|
|t:|1757843841
|move|p1b: Volcarona|Quiver Dance|p1b: Volcarona
|-boost|p1b: Volcarona|spa|1
|-boost|p1b: Volcarona|spd|1
|-boost|p1b: Volcarona|spe|1
|cant|p2a: Archaludon|slp
|move|p2b: Ursaluna|Facade|p1b: Volcarona
|-damage|p1b: Volcarona|7/100
|move|p1a: Amoonguss|Leaf Storm|p2b: Ursaluna
|-supereffective|p2b: Ursaluna
|-damage|p2b: Ursaluna|49/100 brn
|-unboost|p1a: Amoonguss|spa|2
|
|-heal|p1b: Volcarona|14/100|[from] item: Leftovers
|-damage|p2b: Ursaluna|44/100 brn|[from] brn
|upkeep
|turn|5
|
|t:|1757843858
|switch|p2b: Sinistcha|Sinistcha, L50|62/100
|-heal|p2a: Archaludon|81/100 slp|[from] ability: Hospitality|[of] p2b: Sinistcha
|move|p1b: Volcarona|Giga Drain|p2b: Sinistcha
|-resisted|p2b: Sinistcha
|-damage|p2b: Sinistcha|52/100
|-heal|p1b: Volcarona|19/100|[from] drain|[of] p2b: Sinistcha
|-curestatus|p2a: Archaludon|slp|[msg]
|move|p2a: Archaludon|Body Press|p1b: Volcarona
|-resisted|p1b: Volcarona
|-damage|p1b: Volcarona|0 fnt
|faint|p1b: Volcarona
|move|p1a: Amoonguss|Clear Smog|p2a: Archaludon
|-damage|p2a: Archaludon|76/100
|-clearboost|p2a: Archaludon
|-ability|p2a: Archaludon|Stamina|boost
|-boost|p2a: Archaludon|def|1
|
|upkeep
|
|t:|1757843869
|switch|p1b: Tyranitar|Tyranitar, L50, M|100/100
|-weather|Sandstorm|[from] ability: Sand Stream|[of] p1b: Tyranitar
|turn|6
|
|t:|1757843884
|-terastallize|p1b: Tyranitar|Flying
|move|p1a: Amoonguss|Rage Powder|p1a: Amoonguss
|-singleturn|p1a: Amoonguss|move: Rage Powder
|move|p2a: Archaludon|Body Press|p1a: Amoonguss
|-resisted|p1a: Amoonguss
|-damage|p1a: Amoonguss|74/100
|move|p1b: Tyranitar|Tera Blast|p2a: Archaludon|[anim] Tera Blast Flying
|-supereffective|p2a: Archaludon
|-damage|p2a: Archaludon|39/100
|-ability|p2a: Archaludon|Stamina|boost
|-boost|p2a: Archaludon|def|1
|move|p2b: Sinistcha|Life Dew|p2b: Sinistcha|[spread] p2a,p2b
|-heal|p2a: Archaludon|64/100
|-heal|p2b: Sinistcha|77/100
|
|-weather|Sandstorm|[upkeep]
|-damage|p2a: Archaludon|58/100|[from] Sandstorm
|-damage|p1b: Tyranitar|94/100|[from] Sandstorm
|-damage|p2b: Sinistcha|71/100|[from] Sandstorm
|-damage|p1a: Amoonguss|68/100|[from] Sandstorm
|upkeep
|turn|7
|
|t:|1757843900
|move|p2a: Archaludon|Body Press|p1a: Amoonguss
|-resisted|p1a: Amoonguss
|-damage|p1a: Amoonguss|44/100
|-enditem|p1a: Amoonguss|Sitrus Berry|[eat]
|-heal|p1a: Amoonguss|68/100|[from] item: Sitrus Berry
|move|p1b: Tyranitar|Tera Blast|p2b: Sinistcha|[anim] Tera Blast Flying
|-supereffective|p2b: Sinistcha
|-damage|p2b: Sinistcha|0 fnt
|faint|p2b: Sinistcha
|move|p1a: Amoonguss|Spore|p2a: Archaludon
|-status|p2a: Archaludon|slp|[from] move: Spore
|
|-weather|Sandstorm|[upkeep]
|-damage|p2a: Archaludon|52/100 slp|[from] Sandstorm
|-damage|p1b: Tyranitar|88/100|[from] Sandstorm
|-damage|p1a: Amoonguss|62/100|[from] Sandstorm
|upkeep
|
|t:|1757843918
|switch|p2b: Dragonite|Dragonite, L50, F|92/100
|turn|8
|
|t:|1757843932
|move|p2b: Dragonite|Scale Shot|p1a: Amoonguss
|-damage|p1a: Amoonguss|52/100
|-crit|p1a: Amoonguss
|-damage|p1a: Amoonguss|30/100
|-damage|p1a: Amoonguss|21/100
|-damage|p1a: Amoonguss|12/100
|-hitcount|p1a: Amoonguss|4
|-unboost|p2b: Dragonite|def|1
|-boost|p2b: Dragonite|spe|1
|cant|p2a: Archaludon|slp
|move|p1b: Tyranitar|Tera Blast|p2a: Archaludon|[anim] Tera Blast Flying
|-supereffective|p2a: Archaludon
|-damage|p2a: Archaludon|24/100 slp
|-ability|p2a: Archaludon|Stamina|boost
|-boost|p2a: Archaludon|def|1
|move|p1a: Amoonguss|Spore|p2b: Dragonite
|-status|p2b: Dragonite|slp|[from] move: Spore
|
|-weather|Sandstorm|[upkeep]
|-damage|p2b: Dragonite|86/100 slp|[from] Sandstorm
|-damage|p2a: Archaludon|18/100 slp|[from] Sandstorm
|-damage|p1b: Tyranitar|82/100|[from] Sandstorm
|-damage|p1a: Amoonguss|6/100|[from] Sandstorm
|-sideend|p1: CuboX11n|Reflect
|upkeep
|turn|9
|
|t:|1757843949
|cant|p2b: Dragonite|slp
|cant|p2a: Archaludon|slp
|move|p1b: Tyranitar|Rock Slide|p2b: Dragonite|[spread] p2a,p2b
|-resisted|p2a: Archaludon
|-supereffective|p2b: Dragonite
|-damage|p2a: Archaludon|14/100 slp
|-damage|p2b: Dragonite|0 fnt
|-ability|p2a: Archaludon|Stamina|boost
|-boost|p2a: Archaludon|def|1
|faint|p2b: Dragonite
|move|p1a: Amoonguss|Leaf Storm|p2a: Archaludon
|-damage|p2a: Archaludon|4/100 slp
|-unboost|p1a: Amoonguss|spa|2
|-ability|p2a: Archaludon|Stamina|boost
|-boost|p2a: Archaludon|def|1
|
|-weather|Sandstorm|[upkeep]
|-damage|p2a: Archaludon|0 fnt|[from] Sandstorm
|-damage|p1b: Tyranitar|76/100|[from] Sandstorm
|-damage|p1a: Amoonguss|0 fnt|[from] Sandstorm
|faint|p2a: Archaludon
|faint|p1a: Amoonguss
|upkeep
|
|t:|1757843956
|switch|p2b: Ursaluna|Ursaluna, L50, M|44/100 brn
|turn|10
|
|t:|1757843972
|move|p2b: Ursaluna|Protect|p2b: Ursaluna
|-singleturn|p2b: Ursaluna|Protect
|move|p1b: Tyranitar|Low Kick|p2b: Ursaluna
|-activate|p2b: Ursaluna|move: Protect
|
|-weather|none
|-damage|p2b: Ursaluna|38/100 brn|[from] brn
|upkeep
|turn|11
|
|t:|1757843977
|move|p1b: Tyranitar|Low Kick|p2b: Ursaluna
|-supereffective|p2b: Ursaluna
|-damage|p2b: Ursaluna|0 fnt
|faint|p2b: Ursaluna
|
|win|CuboX11n
||carrotvg is ready for game 2.
||CuboX11n is ready for game 2.
|uhtml|next|Next: Game 2 of 3
|l|☆carrotvg
|player|p2|
