|j|☆Glavenus71601
|j|☆Quill86
|html|Glavenus71601Quill86    
|uhtml|bestof|Game 2 of a best-of-3
|t:|1756674311
|gametype|doubles
|player|p1|Glavenus71601|fisherman-gen4|1151
|player|p2|Quill86|lucas|1248
|gen|9
|tier|[Gen 9] VGC 2025 Reg H (Bo3)
|rated|
|rule|Species Clause: Limit one of each Pokémon
|rule|Item Clause: Limit 1 of each item
|clearpoke
|poke|p1|Pelipper, L50, F|
|poke|p1|Basculegion, L50, M|
|poke|p1|Archaludon, L50, M|
|poke|p1|Rillaboom, L50, M|
|poke|p1|Maushold, L50|
|poke|p1|Annihilape, L50, M|
|poke|p2|Indeedee-F, L50, F|
|poke|p2|Gallade, L50, M|
|poke|p2|Torkoal, L50, M|
|poke|p2|Ursaluna, L50, M|
|poke|p2|Hatterene, L50, F|
|poke|p2|Smeargle, L50, F|
|teampreview|4
|showteam|p1|Pelipper||FocusSash|Drizzle|WeatherBall,Hurricane,Tailwind,Protect|||F|||50|,,,,,Ghost]Basculegion||ChoiceBand|SwiftSwim|WaveCrash,FlipTurn,LastRespects,AquaJet|||M|||50|,,,,,Water]Archaludon||AssaultVest|Stamina|ElectroShot,BodyPress,DragonPulse,FlashCannon|||M|||50|,,,,,Grass]Rillaboom||LoadedDice|GrassySurge|GrassyGlide,FakeOut,BulletSeed,HighHorsepower|||M|||50|,,,,,Fire]Maushold||WideLens|FriendGuard|PopulationBomb,BeatUp,FollowMe,ThunderWave||||||50|,,,,,Ghost]Annihilape||SitrusBerry|Defiant|RageFist,FinalGambit,DrainPunch,Protect|||M|||50|,,,,,Steel
|showteam|p2|Indeedee-F||PsychicSeed|PsychicSurge|FollowMe,TrickRoom,HelpingHand,DazzlingGleam|||F|||50|,,,,,Fairy]Gallade||ClearAmulet|Sharpness|SacredSword,PsychoCut,WideGuard,TrickRoom|||M|||50|,,,,,Grass]Torkoal||ChoiceSpecs|Drought|Eruption,WeatherBall,EarthPower,HeatWave|||M|||50|,,,,,Fire]Ursaluna||FlameOrb|Guts|Protect,HeadlongRush,Facade,Earthquake|||M|||50|,,,,,Ghost]Hatterene||LifeOrb|MagicBounce|DazzlingGleam,ExpandingForce,MysticalFire,TrickRoom|||F|||50|,,,,,Fire]Smeargle||FocusSash|Moody|FakeOut,Spore,Decorate,FollowMe|||F|||50|,,,,,Ghost
|inactive|Battle timer is ON: inactive players will automatically lose when time's up. (requested by Quill86)
|
|t:|1756674327
|teamsize|p1|4
|teamsize|p2|4
|start
|switch|p1a: Maushold|Maushold, L50|100/100
|switch|p1b: Fort Pitt|Archaludon, L50, M|100/100
|switch|p2a: Indeedee|Indeedee-F, L50, F|100/100
|switch|p2b: Gallade|Gallade, L50, M|100/100
|-fieldstart|move: Psychic Terrain|[from] ability: Psychic Surge|[of] p2a: Indeedee
|-enditem|p2a: Indeedee|Psychic Seed
|-boost|p2a: Indeedee|spd|1|[from] item: Psychic Seed
|turn|1
|
|t:|1756674345
|switch|p1b: Annihilape|Annihilape, L50, M|100/100
|move|p2a: Indeedee|Follow Me|p2a: Indeedee
|-singleturn|p2a: Indeedee|move: Follow Me
|move|p1a: Maushold|Thunder Wave|p2a: Indeedee
|-status|p2a: Indeedee|par
|move|p2b: Gallade|Trick Room|p2b: Gallade
|-fieldstart|move: Trick Room|[of] p2b: Gallade
|
|upkeep
|turn|2
|
|t:|1756674360
|switch|p2a: Hatterene|Hatterene, L50, F|100/100
|switch|p1a: Fort Pitt|Archaludon, L50, M|100/100
|move|p1b: Annihilape|Protect|p1b: Annihilape
|-singleturn|p1b: Annihilape|Protect
|move|p2b: Gallade|Psycho Cut|p1b: Annihilape
|-activate|p1b: Annihilape|move: Protect
|
|upkeep
|turn|3
|
|t:|1756674384
|-terastallize|p1b: Annihilape|Steel
|move|p2a: Hatterene|Expanding Force|p1a: Fort Pitt|[spread] p1a,p1b
|-resisted|p1a: Fort Pitt
|-resisted|p1b: Annihilape
|-damage|p1a: Fort Pitt|71/100
|-damage|p1b: Annihilape|60/100
|-ability|p1a: Fort Pitt|Stamina|boost
|-boost|p1a: Fort Pitt|def|1
|-damage|p2a: Hatterene|91/100|[from] item: Life Orb
|move|p2b: Gallade|Sacred Sword|p1b: Annihilape
|-supereffective|p1b: Annihilape
|-damage|p1b: Annihilape|0 fnt
|faint|p1b: Annihilape
|move|p1a: Fort Pitt|Flash Cannon|p2a: Hatterene
|-supereffective|p2a: Hatterene
|-damage|p2a: Hatterene|18/100
|
|upkeep
|
|t:|1756674395
|switch|p1b: Pelican Sam|Pelipper, L50, F|100/100
|-weather|RainDance|[from] ability: Drizzle|[of] p1b: Pelican Sam
|turn|4
|
|t:|1756674402
|switch|p2a: Torkoal|Torkoal, L50, M|100/100
|-weather|SunnyDay|[from] ability: Drought|[of] p2a: Torkoal
|move|p2b: Gallade|Sacred Sword|p1a: Fort Pitt
|-supereffective|p1a: Fort Pitt
|-damage|p1a: Fort Pitt|0 fnt
|faint|p1a: Fort Pitt
|move|p1b: Pelican Sam|Hurricane|p2b: Gallade
|-supereffective|p2b: Gallade
|-damage|p2b: Gallade|38/100
|
|-weather|SunnyDay|[upkeep]
|upkeep
|
|t:|1756674406
|switch|p1a: Maushold|Maushold, L50|100/100
|turn|5
|
|t:|1756674419
|-terastallize|p2a: Torkoal|Fire
|move|p2a: Torkoal|Eruption|p1a: Maushold|[spread] p1a,p1b
|-resisted|p1b: Pelican Sam
|-damage|p1a: Maushold|0 fnt
|-damage|p1b: Pelican Sam|28/100
|faint|p1a: Maushold
|move|p2b: Gallade|Psycho Cut|p1b: Pelican Sam
|-damage|p1b: Pelican Sam|0 fnt
|faint|p1b: Pelican Sam
|
|win|Quill86
|raw|Glavenus71601's rating: 1151 → 1133(-18 for losing)
|raw|Quill86's rating: 1248 → 1266(+18 for winning)
|l|☆Glavenus71601
|player|p1|
