|j|☆BonnieSSR
|j|☆Boomyy
|html|BonnieSSRBoomyy    
|uhtml|bestof|Game 1 of a best-of-3
|t:|1756472294
|gametype|doubles
|player|p1|BonnieSSR|miku-ground|1229
|player|p2|Boomyy|brawly|1303
|gen|9
|tier|[Gen 9] VGC 2025 Reg H (Bo3)
|rated|
|rule|Species Clause: Limit one of each Pokémon
|rule|Item Clause: Limit 1 of each item
|clearpoke
|poke|p1|Tyranitar, L50, F|
|poke|p1|Amoonguss, L50, M|
|poke|p1|Kilowattrel, L50, F|
|poke|p1|Excadrill, L50, F|
|poke|p1|Kommo-o, L50, F|
|poke|p1|Incineroar, L50, M|
|poke|p2|Indeedee-F, L50, F|
|poke|p2|Exeggutor, L50, F|
|poke|p2|Torkoal, L50, F|
|poke|p2|Ursaluna, L50, M|
|poke|p2|Gallade, L50, M|
|poke|p2|Zoroark-Hisui, L50, M|
|teampreview|4
|showteam|p1|Tyranitar||AssaultVest|SandStream|LowKick,RockSlide,KnockOff,TeraBlast|||F|||50|,,,,,Flying]Amoonguss||SitrusBerry|Regenerator|Spore,RagePowder,SludgeBomb,Protect|||M|||50|,,,,,Water]Kilowattrel||ChoiceSpecs|Competitive|Thunderbolt,Discharge,VoltSwitch,AirSlash|||F|||50|,,,,,Ghost]Excadrill||FocusSash|SandRush|IronHead,Earthquake,HighHorsepower,Protect|||F|||50|,,,,,Ground]Kommo-o||Leftovers|Overcoat|IronDefense,BodyPress,ThroatChop,Protect|||F|||50|,,,,,Steel]Incineroar||SafetyGoggles|Intimidate|FlareBlitz,KnockOff,PartingShot,FakeOut|||M|||50|,,,,,Ghost
|showteam|p2|Indeedee-F||PsychicSeed|PsychicSurge|FollowMe,Psychic,HelpingHand,TrickRoom|||F|||50|,,,,,Grass]Exeggutor||FocusSash|Chlorophyll|ExpandingForce,EnergyBall,SleepPowder,TrickRoom|||F|||50|,,,,,Psychic]Torkoal||Charcoal|Drought|Eruption,WeatherBall,ClearSmog,Protect|||F|||50|,,,,,Fire]Ursaluna||FlameOrb|Guts|Facade,HeadlongRush,Earthquake,Protect|||M|||50|,,,,,Ghost]Gallade||ClearAmulet|Sharpness|PsychoCut,SacredSword,WideGuard,TrickRoom|||M|||50|,,,,,Fire]Zoroark-Hisui||ChoiceSpecs|Illusion|HyperVoice,ShadowBall,TeraBlast,HyperBeam|||M|||50|,,,,,Stellar
|inactive|Battle timer is ON: inactive players will automatically lose when time's up. (requested by Boomyy)
|inactive|BonnieSSR has 60 seconds left.
|
|t:|1756472339
|teamsize|p1|4
|teamsize|p2|4
|start
|switch|p1a: Wolfey|Incineroar, L50, M, shiny|100/100
|switch|p1b: Lacey|Excadrill, L50, F, shiny|100/100
|switch|p2a: Indeedee|Indeedee-F, L50, F|100/100
|switch|p2b: Gallade|Gallade, L50, M|100/100
|-ability|p1a: Wolfey|Intimidate|boost
|-unboost|p2a: Indeedee|atk|1
|-fail|p2b: Gallade|unboost|[from] item: Clear Amulet|[of] p2b: Gallade
|-fieldstart|move: Psychic Terrain|[from] ability: Psychic Surge|[of] p2a: Indeedee
|-enditem|p2a: Indeedee|Psychic Seed
|-boost|p2a: Indeedee|spd|1|[from] item: Psychic Seed
|turn|1
|inactive|Boomyy has 30 seconds left.
|inactive|Boomyy has 20 seconds left.
|
|t:|1756472379
|move|p1b: Lacey|High Horsepower|p2b: Gallade
|-damage|p2b: Gallade|24/100
|move|p2b: Gallade|Sacred Sword|p1a: Wolfey
|-supereffective|p1a: Wolfey
|-damage|p1a: Wolfey|0 fnt
|faint|p1a: Wolfey
|move|p2a: Indeedee|Trick Room|p2a: Indeedee
|-fieldstart|move: Trick Room|[of] p2a: Indeedee
|
|upkeep
|
|t:|1756472389
|switch|p1a: Transassa|Amoonguss, L50, M, shiny|100/100
|turn|2
|inactive|Boomyy has 30 seconds left.
|
|t:|1756472416
|-terastallize|p2a: Indeedee|Grass
|move|p1a: Transassa|Protect|p1a: Transassa
|-singleturn|p1a: Transassa|Protect
|move|p2a: Indeedee|Follow Me|p2a: Indeedee
|-singleturn|p2a: Indeedee|move: Follow Me
|move|p2b: Gallade|Psycho Cut|p1a: Transassa
|-activate|p1a: Transassa|move: Protect
|move|p1b: Lacey|Earthquake|p2b: Gallade|[spread] p2a,p2b
|-activate|p1a: Transassa|move: Protect
|-resisted|p2a: Indeedee
|-damage|p2a: Indeedee|80/100
|-damage|p2b: Gallade|0 fnt
|faint|p2b: Gallade
|
|upkeep
|
|t:|1756472421
|switch|p2b: Torkoal|Torkoal, L50, F|100/100
|-weather|SunnyDay|[from] ability: Drought|[of] p2b: Torkoal
|turn|3
|
|t:|1756472432
|switch|p1b: Ouroboros|Tyranitar, L50, F, shiny|100/100
|-weather|Sandstorm|[from] ability: Sand Stream|[of] p1b: Ouroboros
|-terastallize|p1a: Transassa|Water
|move|p2b: Torkoal|Eruption|p1b: Ouroboros|[spread] p1a,p1b
|-resisted|p1a: Transassa
|-resisted|p1b: Ouroboros
|-damage|p1a: Transassa|76/100
|-damage|p1b: Ouroboros|88/100
|move|p1a: Transassa|Sludge Bomb|p2a: Indeedee
|-supereffective|p2a: Indeedee
|-damage|p2a: Indeedee|43/100
|move|p2a: Indeedee|Psychic|p1b: Ouroboros
|-immune|p1b: Ouroboros
|
|-weather|Sandstorm|[upkeep]
|-damage|p2b: Torkoal|94/100|[from] Sandstorm
|-damage|p1a: Transassa|70/100|[from] Sandstorm
|-damage|p2a: Indeedee|37/100|[from] Sandstorm
|upkeep
|turn|4
|
|t:|1756472456
|switch|p2b: Ursaluna|Ursaluna, L50, M|100/100
|move|p1a: Transassa|Sludge Bomb|p2a: Indeedee
|-supereffective|p2a: Indeedee
|-damage|p2a: Indeedee|0 fnt
|faint|p2a: Indeedee
|move|p1b: Ouroboros|Rock Slide|p2b: Ursaluna
|-resisted|p2b: Ursaluna
|-damage|p2b: Ursaluna|84/100
|
|-weather|Sandstorm|[upkeep]
|-damage|p1a: Transassa|65/100|[from] Sandstorm
|-status|p2b: Ursaluna|brn|[from] item: Flame Orb
|upkeep
|
|t:|1756472461
|switch|p2a: Torkoal|Torkoal, L50, F|94/100
|-weather|SunnyDay|[from] ability: Drought|[of] p2a: Torkoal
|turn|5
|inactive|BonnieSSR has 30 seconds left.
|inactive|Boomyy has 30 seconds left.
|
|t:|1756472494
|move|p1a: Transassa|Rage Powder|p1a: Transassa
|-singleturn|p1a: Transassa|move: Rage Powder
|move|p2a: Torkoal|Eruption|p1a: Transassa|[spread] p1a,p1b
|-resisted|p1a: Transassa
|-resisted|p1b: Ouroboros
|-damage|p1a: Transassa|35/100
|-damage|p1b: Ouroboros|62/100
|-enditem|p1a: Transassa|Sitrus Berry|[eat]
|-heal|p1a: Transassa|60/100|[from] item: Sitrus Berry
|move|p2b: Ursaluna|Headlong Rush|p1a: Transassa
|-damage|p1a: Transassa|0 fnt
|-unboost|p2b: Ursaluna|def|1
|-unboost|p2b: Ursaluna|spd|1
|faint|p1a: Transassa
|move|p1b: Ouroboros|Low Kick|p2b: Ursaluna
|-supereffective|p2b: Ursaluna
|-damage|p2b: Ursaluna|0 fnt
|faint|p2b: Ursaluna
|
|-weather|SunnyDay|[upkeep]
|-fieldend|move: Trick Room
|-fieldend|move: Psychic Terrain
|upkeep
|-message|Boomyy forfeited.
|
|win|BonnieSSR
|l|☆Boomyy
|player|p2|
||Boomyy is ready for game 2.
||BonnieSSR is ready for game 2.
|uhtml|next|Next: Game 2 of 3
