|j|☆JDizzle98
|j|☆Sedrav
|html|JDizzle98Sedrav    
|uhtml|bestof|Game 2 of a best-of-3
|t:|1756954424
|gametype|doubles
|player|p1|JDizzle98|colress|1189
|player|p2|Sedrav|265|1156
|gen|9
|tier|[Gen 9] VGC 2025 Reg H (Bo3)
|rated|
|rule|Species Clause: Limit one of each Pokémon
|rule|Item Clause: Limit 1 of each item
|clearpoke
|poke|p1|Dragapult, L50, M|
|poke|p1|Blaziken, L50, M|
|poke|p1|Meowscarada, L50, M|
|poke|p1|Metagross, L50|
|poke|p1|Primarina, L50, M|
|poke|p1|Porygon2, L50|
|poke|p2|Garchomp, L50, F|
|poke|p2|Talonflame, L50, M|
|poke|p2|Gholdengo, L50|
|poke|p2|Tyranitar, L50, M|
|poke|p2|Amoonguss, L50, F|
|poke|p2|Milotic, L50, M|
|teampreview|4
|showteam|p1|Dragapult||ChoiceBand|ClearBody|Outrage,DragonDarts,PhantomForce,Uturn|||M|||50|,,,,,Dragon]Blaziken||CovertCloak|SpeedBoost|Coaching,FirePledge,Detect,HelpingHand|||M|||50|,,,,,Flying]Meowscarada||FocusSash|Overgrow|FlowerTrick,GrassPledge,PollenPuff,KnockOff|||M|||50|,,,,,Ghost]Metagross||AssaultVest|ClearBody|HeavySlam,PsychicFangs,KnockOff,BulletPunch||||||50|,,,,,Fire]Primarina||SitrusBerry|Torrent|Haze,Moonblast,WaterPledge,Protect|||M|||50|,,,,,Poison]Porygon2||Eviolite|Download|IceBeam,TeraBlast,Recover,TrickRoom||||||50|,,,,,Ground
|showteam|p2|Garchomp||LifeOrb|RoughSkin|DragonClaw,StompingTantrum,Earthquake,Protect|||F|||50|,,,,,Fairy]Talonflame||CovertCloak|GaleWings|BraveBird,Tailwind,WillOWisp,Taunt|||M|||50|,,,,,Grass]Gholdengo||MetalCoat|GoodasGold|MakeItRain,ShadowBall,NastyPlot,Protect||||||50|,,,,,Flying]Tyranitar||AssaultVest|SandStream|RockSlide,KnockOff,LowKick,TeraBlast|||M|||50|,,,,,Flying]Amoonguss||SitrusBerry|Regenerator|Spore,RagePowder,PollenPuff,Protect|||F|||50|,,,,,Water]Milotic||SafetyGoggles|Competitive|Scald,IcyWind,Haze,Protect|||M|||50|,,,,,Dragon
|inactive|Battle timer is ON: inactive players will automatically lose when time's up. (requested by Sedrav)
|inactive|JDizzle98 has 60 seconds left.
|inactive|Sedrav has 60 seconds left.
|
|t:|1756954486
|teamsize|p1|4
|teamsize|p2|4
|start
|switch|p1a: Dragapult|Dragapult, L50, M, shiny|100/100
|switch|p1b: Porygon2|Porygon2, L50, shiny|100/100
|switch|p2a: Tyranitar|Tyranitar, L50, M|100/100
|switch|p2b: Amoonguss|Amoonguss, L50, F|100/100
|-weather|Sandstorm|[from] ability: Sand Stream|[of] p2a: Tyranitar
|-ability|p1b: Porygon2|Download|boost
|-boost|p1b: Porygon2|spa|1
|turn|1
|inactive|Sedrav has 30 seconds left.
|
|t:|1756954517
|-terastallize|p1a: Dragapult|Dragon
|-terastallize|p2b: Amoonguss|Water
|move|p1a: Dragapult|Outrage|p2a: Tyranitar
|-damage|p2a: Tyranitar|1/100
|move|p2a: Tyranitar|Rock Slide|p1b: Porygon2|[spread] p1a,p1b
|-damage|p1a: Dragapult|59/100
|-damage|p1b: Porygon2|82/100
|move|p1b: Porygon2|Ice Beam|p2b: Amoonguss
|-resisted|p2b: Amoonguss
|-damage|p2b: Amoonguss|85/100
|move|p2b: Amoonguss|Spore|p1b: Porygon2
|-status|p1b: Porygon2|slp|[from] move: Spore
|
|-weather|Sandstorm|[upkeep]
|-damage|p1a: Dragapult|53/100|[from] Sandstorm
|-damage|p1b: Porygon2|76/100 slp|[from] Sandstorm
|-damage|p2b: Amoonguss|79/100|[from] Sandstorm
|upkeep
|turn|2
|j| teamthief420
|l| teamthief420
|c|☆JDizzle98|how much hp is ttar on?
|inactive|JDizzle98 has 30 seconds left.
|inactive|JDizzle98 has 20 seconds left.
|inactive|JDizzle98 has 15 seconds left.
|inactive|JDizzle98 has 10 seconds left.
|
|t:|1756954564
|move|p1a: Dragapult|Outrage|p2a: Tyranitar|[from] lockedmove
|-damage|p2a: Tyranitar|0 fnt
|faint|p2a: Tyranitar
|-start|p1a: Dragapult|confusion|[fatigue]
|cant|p1b: Porygon2|slp
|move|p2b: Amoonguss|Spore|p1a: Dragapult
|-status|p1a: Dragapult|slp|[from] move: Spore
|
|-weather|Sandstorm|[upkeep]
|-damage|p1a: Dragapult|47/100 slp|[from] Sandstorm
|-damage|p1b: Porygon2|70/100 slp|[from] Sandstorm
|-damage|p2b: Amoonguss|73/100|[from] Sandstorm
|upkeep
|
|t:|1756954576
|switch|p2a: Garchomp|Garchomp, L50, F|100/100
|turn|3
|
|t:|1756954594
|switch|p1a: Primarina|Primarina, L50, M, shiny|100/100
|move|p2b: Amoonguss|Rage Powder|p2b: Amoonguss
|-singleturn|p2b: Amoonguss|move: Rage Powder
|move|p2a: Garchomp|Earthquake|p1a: Primarina|[spread] p2b,p1a,p1b
|-damage|p2b: Amoonguss|25/100
|-damage|p1a: Primarina|31/100
|-damage|p1b: Porygon2|39/100 slp
|-enditem|p1a: Primarina|Sitrus Berry|[eat]
|-heal|p1a: Primarina|56/100|[from] item: Sitrus Berry
|-enditem|p2b: Amoonguss|Sitrus Berry|[eat]
|-heal|p2b: Amoonguss|49/100|[from] item: Sitrus Berry
|-damage|p2a: Garchomp|91/100|[from] item: Life Orb
|cant|p1b: Porygon2|slp
|
|-weather|Sandstorm|[upkeep]
|-damage|p1a: Primarina|50/100|[from] Sandstorm
|-damage|p1b: Porygon2|33/100 slp|[from] Sandstorm
|-damage|p2b: Amoonguss|43/100|[from] Sandstorm
|upkeep
|turn|4
|
|t:|1756954615
|switch|p2b: Talonflame|Talonflame, L50, M|100/100
|move|p1a: Primarina|Protect|p1a: Primarina
|-singleturn|p1a: Primarina|Protect
|move|p2a: Garchomp|Earthquake|p1b: Porygon2|[spread] p1b
|-activate|p1a: Primarina|move: Protect
|-immune|p2b: Talonflame
|-damage|p1b: Porygon2|0 fnt
|faint|p1b: Porygon2
|-damage|p2a: Garchomp|81/100|[from] item: Life Orb
|
|-weather|Sandstorm|[upkeep]
|-damage|p2b: Talonflame|95/100|[from] Sandstorm
|-damage|p1a: Primarina|44/100|[from] Sandstorm
|upkeep
|
|t:|1756954629
|switch|p1b: Dragapult|Dragapult, L50, M, shiny, tera:Dragon|47/100 slp
|turn|5
|
|t:|1756954642
|cant|p1b: Dragapult|slp
|move|p2b: Talonflame|Tailwind|p2b: Talonflame
|-sidestart|p2: Sedrav|move: Tailwind
|move|p2a: Garchomp|Earthquake|p1a: Primarina|[spread] p1a,p1b
|-immune|p2b: Talonflame
|-damage|p1a: Primarina|0 fnt
|-damage|p1b: Dragapult|0 fnt
|faint|p1a: Primarina
|faint|p1b: Dragapult
|-damage|p2a: Garchomp|71/100|[from] item: Life Orb
|
|-weather|none
|upkeep
|-message|JDizzle98 forfeited.
|raw|JDizzle98's rating: 1189 → 1162(-27 for losing)
|raw|Sedrav's rating: 1156 → 1183(+27 for winning)
|
|win|Sedrav
|l|☆JDizzle98
|player|p1|
