|j|☆raphaelk1602
|j|☆KatKraydel
|html|raphaelk1602KatKraydel    
|uhtml|bestof|Game 2 of a best-of-3
|t:|1757849191
|gametype|doubles
|player|p1|raphaelk1602|101|1154
|player|p2|KatKraydel|caitlin-masters|1120
|gen|9
|tier|[Gen 9] VGC 2025 Reg H (Bo3)
|rated|
|rule|Species Clause: Limit one of each Pokémon
|rule|Item Clause: Limit 1 of each item
|clearpoke
|poke|p1|Sneasler, L50, M|
|poke|p1|Tyranitar, L50, M|
|poke|p1|Excadrill, L50, M|
|poke|p1|Kilowattrel, L50, F|
|poke|p1|Magmar, L50, F|
|poke|p1|Indeedee, L50, M|
|poke|p2|Primarina, L50, F|
|poke|p2|Talonflame, L50, M|
|poke|p2|Garchomp, L50, M|
|poke|p2|Ninetales-Alola, L50, M|
|poke|p2|Sinistcha, L50|
|poke|p2|Conkeldurr, L50, M|
|teampreview|4
|showteam|p1|Sneasler||WhiteHerb|Unburden|Coaching,Protect,CloseCombat,DireClaw|||M|||50|,,,,,Flying]Tyranitar||FocusSash|SandStream|KnockOff,RockSlide,Protect,DragonDance|||M|||50|,,,,,Flying]Excadrill||ChoiceBand|SandRush|Earthquake,HighHorsepower,IronHead,RockSlide|||M|||50|,,,,,Ghost]Kilowattrel||ChoiceSpecs|Competitive|Discharge,VoltSwitch,AirSlash,Thunderbolt|||F|||50|,,,,,Ghost]Magmar||Eviolite|FlameBody|HeatWave,FollowMe,HelpingHand,Protect|||F|||50|,,,,,Flying]Indeedee||ChoiceScarf|PsychicSurge|ExpandingForce,HyperVoice,Trick,DazzlingGleam|||M|||50|,,,,,Fairy
|showteam|p2|Primarina||SitrusBerry|LiquidVoice|HyperVoice,Moonblast,Haze,Protect|||F|||50|,,,,,Poison]Talonflame||SharpBeak|GaleWings|DualWingbeat,FlareBlitz,Tailwind,Taunt|||M|||50|,,,,,Ghost]Garchomp||LifeOrb|RoughSkin|StompingTantrum,Earthquake,Protect,DragonClaw|||M|||50|,,,,,Ground]Ninetales-Alola||FocusSash|SnowWarning|Blizzard,FreezeDry,Moonblast,Protect|||M|||50|,,,,,Fire]Sinistcha||RockyHelmet|Hospitality|MatchaGotcha,RagePowder,LifeDew,Protect||||||50|,,,,,Water]Conkeldurr||FlameOrb|Guts|CloseCombat,KnockOff,WideGuard,MachPunch|||M|||50|,,,,,Dark
|
|t:|1757849208
|teamsize|p1|4
|teamsize|p2|4
|start
|switch|p1a: Kilowattrel|Kilowattrel, L50, F|100/100
|switch|p1b: Sneasler|Sneasler, L50, M|100/100
|switch|p2a: Talonflame|Talonflame, L50, M, shiny|100/100
|switch|p2b: Garchomp|Garchomp, L50, M, shiny|100/100
|turn|1
|inactive|Battle timer is ON: inactive players will automatically lose when time's up. (requested by raphaelk1602)
|
|t:|1757849222
|-terastallize|p1b: Sneasler|Flying
|-terastallize|p2b: Garchomp|Ground
|move|p2a: Talonflame|Tailwind|p2a: Talonflame
|-sidestart|p2: KatKraydel|move: Tailwind
|move|p2b: Garchomp|Stomping Tantrum|p1a: Kilowattrel
|-immune|p1a: Kilowattrel
|move|p1a: Kilowattrel|Volt Switch|p2a: Talonflame
|-supereffective|p2a: Talonflame
|-damage|p2a: Talonflame|0 fnt
|faint|p2a: Talonflame
|
|t:|1757849236
|switch|p1a: Magmar|Magmar, L50, F|100/100|[from] Volt Switch
|move|p1b: Sneasler|Close Combat|p2b: Garchomp
|-damage|p2b: Garchomp|28/100
|-unboost|p1b: Sneasler|def|1
|-unboost|p1b: Sneasler|spd|1
|-damage|p1b: Sneasler|88/100|[from] ability: Rough Skin|[of] p2b: Garchomp
|-enditem|p1b: Sneasler|White Herb
|-clearnegativeboost|p1b: Sneasler|[silent]
|
|upkeep
|
|t:|1757849247
|switch|p2a: Ninetales|Ninetales-Alola, L50, M, shiny|100/100
|-weather|Snowscape|[from] ability: Snow Warning|[of] p2a: Ninetales
|turn|2
|
|t:|1757849254
|move|p1b: Sneasler|Protect|p1b: Sneasler
|-singleturn|p1b: Sneasler|Protect
|move|p1a: Magmar|Protect|p1a: Magmar
|-singleturn|p1a: Magmar|Protect
|move|p2b: Garchomp|Stomping Tantrum|p1a: Magmar
|-activate|p1a: Magmar|move: Protect
|move|p2a: Ninetales|Blizzard|p1a: Magmar|[spread] 
|-activate|p1a: Magmar|move: Protect
|-activate|p1b: Sneasler|move: Protect
|
|-weather|Snowscape|[upkeep]
|upkeep
|turn|3
|c|☆KatKraydel|thanks
|
|t:|1757849270
|move|p1a: Magmar|Helping Hand|p1b: Sneasler
|-singleturn|p1b: Sneasler|Helping Hand|[of] p1a: Magmar
|move|p1b: Sneasler|Dire Claw|p2a: Ninetales
|-supereffective|p2a: Ninetales
|-enditem|p2a: Ninetales|Focus Sash
|-damage|p2a: Ninetales|1/100
|-status|p2a: Ninetales|par
|move|p2b: Garchomp|Stomping Tantrum|p1a: Magmar
|-supereffective|p1a: Magmar
|-damage|p1a: Magmar|0 fnt
|faint|p1a: Magmar
|-damage|p2b: Garchomp|18/100|[from] item: Life Orb
|move|p2a: Ninetales|Blizzard|p1b: Sneasler
|-supereffective|p1b: Sneasler
|-damage|p1b: Sneasler|0 fnt
|faint|p1b: Sneasler
|
|-weather|Snowscape|[upkeep]
|upkeep
|c|☆KatKraydel|for 150 stomping
|
|t:|1757849278
|switch|p1b: Kilowattrel|Kilowattrel, L50, F|100/100
|switch|p1a: Indeedee|Indeedee, L50, M|100/100
|-fieldstart|move: Psychic Terrain|[from] ability: Psychic Surge|[of] p1a: Indeedee
|turn|4
|
|t:|1757849299
|move|p2b: Garchomp|Earthquake|p1a: Indeedee|[spread] p2a,p1a
|-immune|p1b: Kilowattrel
|-damage|p2a: Ninetales|0 fnt
|-damage|p1a: Indeedee|0 fnt
|faint|p2a: Ninetales
|faint|p1a: Indeedee
|-damage|p2b: Garchomp|9/100|[from] item: Life Orb
|move|p1b: Kilowattrel|Air Slash|p2b: Garchomp
|-damage|p2b: Garchomp|0 fnt
|faint|p2b: Garchomp
|
|-weather|Snowscape|[upkeep]
|-sideend|p2: KatKraydel|move: Tailwind
|upkeep
|
|t:|1757849305
|switch|p2a: Conkeldurr|Conkeldurr, L50, M, shiny|100/100
|turn|5
|
|t:|1757849310
|move|p1b: Kilowattrel|Air Slash|p2a: Conkeldurr
|-supereffective|p2a: Conkeldurr
|-damage|p2a: Conkeldurr|0 fnt
|faint|p2a: Conkeldurr
|
|win|raphaelk1602
||KatKraydel is ready for game 3.
||raphaelk1602 is ready for game 3.
|uhtml|next|Next: Game 3 of 3
