|j|☆Danidelaserna20
|j|☆eviovulpix
|html|Danidelaserna20eviovulpix    
|uhtml|bestof|Game 2 of a best-of-3
|t:|1783941525
|gametype|doubles
|player|p1|Danidelaserna20|ethan|1347
|player|p2|eviovulpix|170|1215
|gen|9
|tier|[Gen 9 Champions] VGC 2026 Reg M-B (Bo3)
|rated|
|rule|Species Clause: Limit one of each Pokémon
|rule|Item Clause: Limit 1 of each item
|clearpoke
|poke|p1|Kingambit, L50, F, shiny|
|poke|p1|Aerodactyl, L50, M|
|poke|p1|Farigiraf, L50, M|
|poke|p1|Sylveon, L50, M|
|poke|p1|Garchomp, L50, F|
|poke|p1|Charizard, L50, F|
|poke|p2|Raichu, L50, F|
|poke|p2|Mawile, L50, M|
|poke|p2|Sinistcha, L50|
|poke|p2|Ceruledge, L50, F|
|poke|p2|Milotic, L50, F|
|poke|p2|Incineroar, L50, M|
|teampreview|4
|showteam|p1|Kingambit||FocusSash|Defiant|KowtowCleave,LowKick,SuckerPunch,IronHead|Adamant||F|||50|]Aerodactyl||Aerodactylite|Unnerve|DualWingbeat,IceFang,Tailwind,RockSlide|Jolly||M|||50|]Farigiraf||SitrusBerry|ArmorTail|Thunderbolt,PsychicFangs,TrickRoom,SunnyDay|Relaxed||M|||50|]Sylveon||FairyFeather|Pixilate|HyperVoice,Protect,QuickAttack,HyperBeam|Modest||M|||50|]Garchomp||LifeOrb|RoughSkin|Earthquake,StompingTantrum,Protect,DragonClaw|Jolly||F|||50|]Charizard||CharizarditeY|Blaze|HeatWave,Protect,WeatherBall,SolarBeam|Modest||F|||50|
|showteam|p2|Raichu||RaichuniteY|LightningRod|ZapCannon,FocusBlast,FakeOut,Protect|Timid||F|||50|]Mawile||Mawilite|HyperCutter|PlayRough,SuckerPunch,SwordsDance,Protect|Adamant||M|||50|]Sinistcha||KasibBerry|Hospitality|MatchaGotcha,LifeDew,RagePowder,TrickRoom|Bold|||||50|]Ceruledge||ColburBerry|FlashFire|BitterBlade,ShadowSneak,BulkUp,Protect|Adamant||F|||50|]Milotic||Leftovers|Competitive|MuddyWater,Coil,Hypnosis,Protect|Calm||F|||50|]Incineroar||SitrusBerry|Intimidate|FlareBlitz,ThroatChop,FakeOut,PartingShot|Impish||M|||50|
|inactive|Battle timer is ON: inactive players will automatically lose when time's up. (requested by Danidelaserna20)
|
|t:|1783941540
|teamsize|p1|4
|teamsize|p2|4
|start
|switch|p1a: Garchomp|Garchomp, L50, F|100/100
|switch|p1b: Aerodactyl|Aerodactyl, L50, M|100/100
|switch|p2a: Raichu|Raichu, L50, F|100/100
|switch|p2b: Incineroar|Incineroar, L50, M|100/100
|-ability|p1b: Aerodactyl|Unnerve
|-ability|p2b: Incineroar|Intimidate|boost
|-unboost|p1a: Garchomp|atk|1
|-unboost|p1b: Aerodactyl|atk|1
|turn|1
|
|t:|1783941556
|detailschange|p1b: Aerodactyl|Aerodactyl-Mega, L50, M
|-mega|p1b: Aerodactyl|Aerodactyl|Aerodactylite
|move|p2a: Raichu|Protect|p2a: Raichu
|-singleturn|p2a: Raichu|Protect
|move|p1b: Aerodactyl|Rock Slide|p2a: Raichu|[spread] p2b
|-activate|p2a: Raichu|move: Protect
|-supereffective|p2b: Incineroar|1
|-damage|p2b: Incineroar|76/100
|move|p1a: Garchomp|Earthquake|p2b: Incineroar|[spread] p2b
|-activate|p2a: Raichu|move: Protect
|-immune|p1b: Aerodactyl
|-supereffective|p2b: Incineroar|1
|-damage|p2b: Incineroar|29/100
|-enditem|p2b: Incineroar|Sitrus Berry|[eat]
|-heal|p2b: Incineroar|54/100|[from] item: Sitrus Berry
|-damage|p1a: Garchomp|90/100|[from] item: Life Orb
|cant|p2b: Incineroar|flinch
|
|upkeep
|turn|2
|
|t:|1783941581
|switch|p2a: Sinistcha|Sinistcha, L50|100/100
|-heal|p2b: Incineroar|79/100|[from] ability: Hospitality|[of] p2a: Sinistcha
|move|p1b: Aerodactyl|Tailwind|p1b: Aerodactyl
|-sidestart|p1: Danidelaserna20|move: Tailwind
|move|p1a: Garchomp|Earthquake|p2a: Sinistcha|[spread] p2a,p2b
|-immune|p1b: Aerodactyl
|-resisted|p2a: Sinistcha|1
|-supereffective|p2b: Incineroar|1
|-damage|p2a: Sinistcha|85/100
|-damage|p2b: Incineroar|29/100
|-damage|p1a: Garchomp|80/100|[from] item: Life Orb
|move|p2b: Incineroar|Parting Shot|p1a: Garchomp
|-unboost|p1a: Garchomp|atk|1
|-unboost|p1a: Garchomp|spa|1
|
|t:|1783941595
|switch|p2b: Ceruledge|Ceruledge, L50, F|100/100|[from] Parting Shot
|
|upkeep
|turn|3
|
|t:|1783941605
|switch|p1b: Kingambit|Kingambit, L50, F, shiny|100/100
|move|p1a: Garchomp|Earthquake|p2b: Ceruledge|[spread] p1b,p2a,p2b
|-supereffective|p1b: Kingambit|1
|-resisted|p2a: Sinistcha|1
|-crit|p2a: Sinistcha
|-supereffective|p2b: Ceruledge|1
|-damage|p1b: Kingambit|51/100
|-damage|p2a: Sinistcha|53/100
|-damage|p2b: Ceruledge|46/100
|-damage|p1a: Garchomp|71/100|[from] item: Life Orb
|move|p2b: Ceruledge|Bulk Up|p2b: Ceruledge
|-boost|p2b: Ceruledge|atk|1
|-boost|p2b: Ceruledge|def|1
|move|p2a: Sinistcha|Trick Room|p2a: Sinistcha
|-fieldstart|move: Trick Room|[of] p2a: Sinistcha
|
|upkeep
|turn|4
|
|t:|1783941623
|switch|p1a: Farigiraf|Farigiraf, L50, M|100/100
|move|p2a: Sinistcha|Rage Powder|p2a: Sinistcha
|-singleturn|p2a: Sinistcha|move: Rage Powder
|move|p2b: Ceruledge|Bitter Blade|p1b: Kingambit
|-supereffective|p1b: Kingambit|1
|-damage|p1b: Kingambit|0 fnt
|-heal|p2b: Ceruledge|71/100|[from] drain|[of] p1b: Kingambit
|faint|p1b: Kingambit
|
|upkeep
|
|t:|1783941634
|switch|p1b: Garchomp|Garchomp, L50, F|71/100
|turn|5
|
|t:|1783941642
|move|p2a: Sinistcha|Life Dew|p2a: Sinistcha|[spread] p2a,p2b
|-heal|p2a: Sinistcha|78/100
|-heal|p2b: Ceruledge|96/100
|move|p2b: Ceruledge|Bulk Up|p2b: Ceruledge
|-boost|p2b: Ceruledge|atk|1
|-boost|p2b: Ceruledge|def|1
|move|p1b: Garchomp|Stomping Tantrum|p2b: Ceruledge
|-supereffective|p2b: Ceruledge|1
|-damage|p2b: Ceruledge|44/100
|-damage|p1b: Garchomp|61/100|[from] item: Life Orb
|move|p1a: Farigiraf|Trick Room|p1a: Farigiraf
|-fieldend|move: Trick Room
|
|-sideend|p1: Danidelaserna20|move: Tailwind
|upkeep
|turn|6
|
|t:|1783941664
|switch|p2a: Incineroar|Incineroar, L50, M|29/100
|-ability|p2a: Incineroar|Intimidate|boost
|-unboost|p1a: Farigiraf|atk|1
|-unboost|p1b: Garchomp|atk|1
|switch|p1a: Aerodactyl|Aerodactyl-Mega, L50, M|100/100
|move|p1b: Garchomp|Earthquake|p2a: Incineroar|[spread] p2a,p2b
|-immune|p1a: Aerodactyl
|-supereffective|p2a: Incineroar|1
|-supereffective|p2b: Ceruledge|1
|-damage|p2a: Incineroar|0 fnt
|-damage|p2b: Ceruledge|6/100
|faint|p2a: Incineroar
|-damage|p1b: Garchomp|52/100|[from] item: Life Orb
|move|p2b: Ceruledge|Bitter Blade|p1a: Aerodactyl
|-resisted|p1a: Aerodactyl|1
|-damage|p1a: Aerodactyl|39/100
|-heal|p2b: Ceruledge|35/100|[from] drain|[of] p1a: Aerodactyl
|
|upkeep
|
|t:|1783941681
|switch|p2a: Sinistcha|Sinistcha, L50|78/100
|-heal|p2b: Ceruledge|60/100|[from] ability: Hospitality|[of] p2a: Sinistcha
|turn|7
|
|t:|1783941690
|move|p2b: Ceruledge|Protect|p2b: Ceruledge
|-singleturn|p2b: Ceruledge|Protect
|move|p1a: Aerodactyl|Rock Slide|p2a: Sinistcha|[spread] p2a
|-activate|p2b: Ceruledge|move: Protect
|-damage|p2a: Sinistcha|55/100
|move|p1b: Garchomp|Earthquake|p2b: Ceruledge|[spread] p2a
|-activate|p2b: Ceruledge|move: Protect
|-immune|p1a: Aerodactyl
|-resisted|p2a: Sinistcha|1
|-damage|p2a: Sinistcha|42/100
|-damage|p1b: Garchomp|42/100|[from] item: Life Orb
|move|p2a: Sinistcha|Trick Room|p2a: Sinistcha
|-fieldstart|move: Trick Room|[of] p2a: Sinistcha
|
|upkeep
|turn|8
|
|t:|1783941708
|switch|p1a: Farigiraf|Farigiraf, L50, M|100/100
|move|p2a: Sinistcha|Life Dew|p2a: Sinistcha|[spread] p2a,p2b
|-heal|p2a: Sinistcha|67/100
|-heal|p2b: Ceruledge|85/100
|move|p2b: Ceruledge|Bitter Blade|p1a: Farigiraf
|-damage|p1a: Farigiraf|27/100
|-heal|p2b: Ceruledge|100/100|[from] drain|[of] p1a: Farigiraf
|-enditem|p1a: Farigiraf|Sitrus Berry|[eat]
|-heal|p1a: Farigiraf|52/100|[from] item: Sitrus Berry
|move|p1b: Garchomp|Stomping Tantrum|p2b: Ceruledge
|-supereffective|p2b: Ceruledge|1
|-crit|p2b: Ceruledge
|-damage|p2b: Ceruledge|0 fnt
|faint|p2b: Ceruledge
|-damage|p1b: Garchomp|33/100|[from] item: Life Orb
|
|upkeep
|
|t:|1783941724
|switch|p2b: Raichu|Raichu, L50, F|100/100
|turn|9
|
|t:|1783941734
|detailschange|p2b: Raichu|Raichu-Mega-Y, L50, F
|-mega|p2b: Raichu|Raichu|Raichunite Y
|move|p1a: Farigiraf|Psychic Fangs|p2a: Sinistcha
|-damage|p2a: Sinistcha|43/100
|move|p2a: Sinistcha|Matcha Gotcha|p1b: Garchomp|[spread] p1a,p1b
|-damage|p1a: Farigiraf|28/100
|-heal|p2a: Sinistcha|57/100|[from] drain|[of] p1a: Farigiraf
|-damage|p1b: Garchomp|6/100
|-heal|p2a: Sinistcha|72/100|[from] drain|[of] p1b: Garchomp
|move|p1b: Garchomp|Earthquake|p2b: Raichu|[spread] p1a,p2a,p2b
|-resisted|p2a: Sinistcha|1
|-supereffective|p2b: Raichu|1
|-damage|p1a: Farigiraf|5/100
|-damage|p2a: Sinistcha|57/100
|-damage|p2b: Raichu|10/100
|-damage|p1b: Garchomp|0 fnt|[from] item: Life Orb
|faint|p1b: Garchomp
|move|p2b: Raichu|Zap Cannon|p1a: Farigiraf
|-crit|p1a: Farigiraf
|-damage|p1a: Farigiraf|0 fnt
|faint|p1a: Farigiraf
|
|upkeep
|
|t:|1783941748
|switch|p1b: Aerodactyl|Aerodactyl-Mega, L50, M|39/100
|turn|10
|
|t:|1783941755
|move|p2a: Sinistcha|Matcha Gotcha|p1b: Aerodactyl
|-damage|p1b: Aerodactyl|6/100
|-heal|p2a: Sinistcha|74/100|[from] drain|[of] p1b: Aerodactyl
|move|p2b: Raichu|Zap Cannon|p1b: Aerodactyl
|-supereffective|p1b: Aerodactyl|1
|-damage|p1b: Aerodactyl|0 fnt
|faint|p1b: Aerodactyl
|
|win|eviovulpix
|raw|Danidelaserna20's rating: 1347 → 1320(-27 for losing)
|raw|eviovulpix's rating: 1215 → 1249(+34 for winning)
|l|☆Danidelaserna20
|player|p1|
