|j|☆WASHINGTONGARGACHA
|j|☆andrewcips
|html|WASHINGTONGARGACHAandrewcips    
|uhtml|bestof|Game 2 of a best-of-3
|t:|1757860047
|gametype|doubles
|player|p1|WASHINGTONGARGACHA|169|1095
|player|p2|andrewcips|alder|1065
|gen|9
|tier|[Gen 9] VGC 2025 Reg H (Bo3)
|rated|
|rule|Species Clause: Limit one of each Pokémon
|rule|Item Clause: Limit 1 of each item
|clearpoke
|poke|p1|Typhlosion-Hisui, L50, F|
|poke|p1|Whimsicott, L50, F|
|poke|p1|Dragapult, L50, F|
|poke|p1|Torkoal, L50, M|
|poke|p1|Lilligant-Hisui, L50, F|
|poke|p1|Electabuzz, L50, F|
|poke|p2|Amoonguss, L50, M|
|poke|p2|Sneasler, L50, M|
|poke|p2|Gholdengo, L50|
|poke|p2|Incineroar, L50, F|
|poke|p2|Ursaluna-Bloodmoon, L50, M|
|poke|p2|Dragonite, L50, F|
|teampreview|4
|showteam|p1|Typhlosion-Hisui||ChoiceSpecs|Blaze|HeatWave,Eruption,ShadowBall,FocusPunch|||F|||50|,,,,,Fire]Whimsicott||CovertCloak|Prankster|Tailwind,Moonblast,SunnyDay,Encore|||F|||50|,,,,,Water]Dragapult||ChoiceBand|ClearBody|Uturn,Outrage,DragonDarts,PhantomForce|||F|||50|,,,,,Dragon]Torkoal||LifeOrb|Drought|HeatWave,Eruption,Protect,WeatherBall|||M|||50|,,,,,Fire]Lilligant-Hisui||FocusSash|Chlorophyll|CloseCombat,SleepPowder,AfterYou,LeafBlade|||F|||50|,,,,,Ghost]Electabuzz||Eviolite|VitalSpirit|FollowMe,Taunt,Electroweb,Protect|||F|||50|,,,,,Grass
|showteam|p2|Amoonguss||SitrusBerry|Regenerator|RagePowder,Spore,PollenPuff,Protect|||M|||50|,,,,,Psychic]Sneasler||FocusSash|Unburden|Protect,DireClaw,CloseCombat,ThroatChop|||M|||50|,,,,,Stellar]Gholdengo||LifeOrb|GoodasGold|Protect,MakeItRain,ShadowBall,NastyPlot||||||50|,,,,,Water]Incineroar||SafetyGoggles|Intimidate|KnockOff,PartingShot,FlareBlitz,FakeOut|||F|||50|,,,,,Ghost]Ursaluna-Bloodmoon||AssaultVest|MindsEye|BloodMoon,EarthPower,VacuumWave,HyperVoice|||M|||50|,,,,,Water]Dragonite||LoadedDice|Multiscale|ScaleShot,Tailwind,Haze,Protect|||F|||50|,,,,,Fairy
|inactive|Battle timer is ON: inactive players will automatically lose when time's up. (requested by andrewcips)
|
|t:|1757860066
|teamsize|p1|4
|teamsize|p2|4
|start
|switch|p1a: Typhlosion|Typhlosion-Hisui, L50, F|100/100
|switch|p1b: Electabuzz|Electabuzz, L50, F|100/100
|switch|p2a: Golden Wind|Dragonite, L50, F|100/100
|switch|p2b: 8|Sneasler, L50, M|100/100
|turn|1
|inactive|andrewcips has 30 seconds left.
|inactive|andrewcips has 20 seconds left.
|
|t:|1757860104
|-terastallize|p1a: Typhlosion|Fire
|move|p1b: Electabuzz|Follow Me|p1b: Electabuzz
|-singleturn|p1b: Electabuzz|move: Follow Me
|move|p2b: 8|Dire Claw|p1b: Electabuzz
|-damage|p1b: Electabuzz|55/100
|move|p1a: Typhlosion|Eruption|p2a: Golden Wind|[spread] p2a,p2b
|-resisted|p2a: Golden Wind
|-damage|p2a: Golden Wind|70/100
|-enditem|p2b: 8|Focus Sash
|-damage|p2b: 8|1/100
|move|p2a: Golden Wind|Tailwind|p2a: Golden Wind
|-sidestart|p2: andrewcips|move: Tailwind
|
|upkeep
|turn|2
|inactive|WASHINGTONGARGACHA has 30 seconds left.
|inactive|andrewcips has 30 seconds left.
|
|t:|1757860137
|move|p1b: Electabuzz|Follow Me|p1b: Electabuzz
|-singleturn|p1b: Electabuzz|move: Follow Me
|move|p2b: 8|Close Combat|p1b: Electabuzz
|-damage|p1b: Electabuzz|0 fnt
|-unboost|p2b: 8|def|1
|-unboost|p2b: 8|spd|1
|faint|p1b: Electabuzz
|move|p2a: Golden Wind|Scale Shot|p1a: Typhlosion
|-damage|p1a: Typhlosion|78/100
|-damage|p1a: Typhlosion|52/100
|-damage|p1a: Typhlosion|27/100
|-damage|p1a: Typhlosion|5/100
|-hitcount|p1a: Typhlosion|4
|-unboost|p2a: Golden Wind|def|1
|-boost|p2a: Golden Wind|spe|1
|move|p1a: Typhlosion|Eruption|p2b: 8|[spread] p2a,p2b
|-resisted|p2a: Golden Wind
|-damage|p2a: Golden Wind|67/100
|-damage|p2b: 8|0 fnt
|faint|p2b: 8
|
|upkeep
|
|t:|1757860158
|switch|p2b: Tony|Ursaluna-Bloodmoon, L50, M|100/100
|switch|p1b: Torkoal|Torkoal, L50, M|100/100
|-weather|SunnyDay|[from] ability: Drought|[of] p1b: Torkoal
|turn|3
|
|t:|1757860173
|-terastallize|p2b: Tony|Water
|move|p1b: Torkoal|Protect|p1b: Torkoal
|-singleturn|p1b: Torkoal|Protect
|move|p2a: Golden Wind|Scale Shot|p1b: Torkoal
|-activate|p1b: Torkoal|move: Protect
|move|p2b: Tony|Hyper Voice|p1b: Torkoal|[spread] p1a
|-activate|p1b: Torkoal|move: Protect
|-damage|p1a: Typhlosion|0 fnt
|faint|p1a: Typhlosion
|
|-weather|SunnyDay|[upkeep]
|upkeep
|
|t:|1757860184
|switch|p1a: Lilligant|Lilligant-Hisui, L50, F|100/100
|turn|4
|inactive|andrewcips has 30 seconds left.
|
|t:|1757860214
|move|p2a: Golden Wind|Scale Shot|p1b: Torkoal
|-damage|p1b: Torkoal|88/100
|-damage|p1b: Torkoal|76/100
|-damage|p1b: Torkoal|65/100
|-damage|p1b: Torkoal|54/100
|-damage|p1b: Torkoal|42/100
|-hitcount|p1b: Torkoal|5
|-unboost|p2a: Golden Wind|def|1
|-boost|p2a: Golden Wind|spe|1
|move|p1a: Lilligant|Leaf Blade|p2b: Tony
|-supereffective|p2b: Tony
|-damage|p2b: Tony|33/100
|move|p2b: Tony|Hyper Voice|p1b: Torkoal|[spread] p1a,p1b
|-damage|p1a: Lilligant|49/100
|-damage|p1b: Torkoal|0 fnt
|faint|p1b: Torkoal
|
|-weather|SunnyDay|[upkeep]
|-sideend|p2: andrewcips|move: Tailwind
|upkeep
|turn|5
|-message|WASHINGTONGARGACHA forfeited.
|raw|WASHINGTONGARGACHA's rating: 1095 → 1069(-26 for losing)
|raw|andrewcips's rating: 1065 → 1098(+33 for winning)
|
|win|andrewcips
