|j|☆root2iris
|j|☆Free Torre Pacheco
|html|root2irisFree Torre Pacheco    
|uhtml|bestof|Game 1 of a best-of-3
|t:|1756239220
|gametype|doubles
|player|p1|root2iris|guitarist|1225
|player|p2|Free Torre Pacheco|rosa|1196
|gen|9
|tier|[Gen 9] VGC 2025 Reg H (Bo3)
|rated|
|rule|Species Clause: Limit one of each Pokémon
|rule|Item Clause: Limit 1 of each item
|clearpoke
|poke|p1|Archaludon, L50, F|
|poke|p1|Pelipper, L50, M|
|poke|p1|Amoonguss, L50, F|
|poke|p1|Incineroar, L50, M|
|poke|p1|Baxcalibur, L50, M|
|poke|p1|Annihilape, L50, M|
|poke|p2|Pelipper, L50, M|
|poke|p2|Archaludon, L50, M|
|poke|p2|Basculegion, L50, M|
|poke|p2|Incineroar, L50, F|
|poke|p2|Amoonguss, L50, M|
|poke|p2|Gholdengo, L50|
|teampreview|4
|showteam|p1|Archaludon||AssaultVest|Stamina|DragonPulse,ElectroShot,BodyPress,Thunderbolt|||F|||50|,,,,,Bug]Pelipper||FocusSash|Drizzle|MuddyWater,Hurricane,Tailwind,Protect|||M|||50|,,,,,Ghost]Amoonguss||CovertCloak|Regenerator|PollenPuff,RagePowder,Spore,Protect|||F|||50|,,,,,Fairy]Incineroar||SafetyGoggles|Intimidate|KnockOff,BurningJealousy,PartingShot,FakeOut|||M|||50|,,,,,Ghost]Baxcalibur||LoadedDice|ThermalExchange|IcicleSpear,ScaleShot,HighHorsepower,Protect|||M|||50|,,,,,Ghost]Annihilape||SitrusBerry|Defiant|RageFist,FinalGambit,Coaching,Taunt|||M|||50|,,,,,Fire
|showteam|p2|Pelipper||FocusSash|Drizzle|Tailwind,Hurricane,WeatherBall,Protect|||M|||50|,,,,,Stellar]Archaludon||AssaultVest|Stamina|ElectroShot,BodyPress,FlashCannon,DragonPulse|||M|||50|,,,,,Fairy]Basculegion||ChoiceBand|SwiftSwim|LastRespects,WaveCrash,AquaJet,FlipTurn|||M|||50|,,,,,Grass]Incineroar||SafetyGoggles|Intimidate|FakeOut,KnockOff,FlareBlitz,PartingShot|||F|||50|,,,,,Ghost]Amoonguss||SitrusBerry|Regenerator|Spore,RagePowder,PollenPuff,ClearSmog|||M|||50|,,,,,Fire]Gholdengo||LifeOrb|GoodasGold|NastyPlot,MakeItRain,ShadowBall,Protect||||||50|,,,,,Water
|inactive|Battle timer is ON: inactive players will automatically lose when time's up. (requested by root2iris)
|inactive|root2iris has 60 seconds left.
|inactive|Free Torre Pacheco has 60 seconds left.
|
|t:|1756239279
|teamsize|p1|4
|teamsize|p2|4
|start
|switch|p1a: Roxas|Archaludon, L50, F|100/100
|switch|p1b: Oathkeeper|Pelipper, L50, M, shiny|100/100
|switch|p2a: Archaludon|Archaludon, L50, M, shiny|100/100
|switch|p2b: Gholdengo|Gholdengo, L50|100/100
|-weather|RainDance|[from] ability: Drizzle|[of] p1b: Oathkeeper
|turn|1
|
|t:|1756239300
|move|p2b: Gholdengo|Nasty Plot|p2b: Gholdengo
|-boost|p2b: Gholdengo|spa|2
|move|p1a: Roxas|Electro Shot||[still]
|-prepare|p1a: Roxas|Electro Shot
|-boost|p1a: Roxas|spa|1
|-anim|p1a: Roxas|Electro Shot|p2b: Gholdengo
|-damage|p2b: Gholdengo|32/100
|move|p1b: Oathkeeper|Tailwind|p1b: Oathkeeper
|-sidestart|p1: root2iris|move: Tailwind
|move|p2a: Archaludon|Electro Shot||[still]
|-prepare|p2a: Archaludon|Electro Shot
|-boost|p2a: Archaludon|spa|1
|-anim|p2a: Archaludon|Electro Shot|p1b: Oathkeeper
|-supereffective|p1b: Oathkeeper
|-enditem|p1b: Oathkeeper|Focus Sash
|-damage|p1b: Oathkeeper|1/100
|
|-weather|RainDance|[upkeep]
|upkeep
|turn|2
|
|t:|1756239324
|switch|p1b: Mikael Mouse|Amoonguss, L50, F|100/100
|move|p2b: Gholdengo|Protect|p2b: Gholdengo
|-singleturn|p2b: Gholdengo|Protect
|move|p1a: Roxas|Electro Shot||[still]
|-prepare|p1a: Roxas|Electro Shot
|-boost|p1a: Roxas|spa|1
|-anim|p1a: Roxas|Electro Shot|p2b: Gholdengo
|-activate|p2b: Gholdengo|move: Protect
|move|p2a: Archaludon|Electro Shot||[still]
|-prepare|p2a: Archaludon|Electro Shot
|-boost|p2a: Archaludon|spa|1
|-anim|p2a: Archaludon|Electro Shot|p1b: Mikael Mouse
|-resisted|p1b: Mikael Mouse
|-damage|p1b: Mikael Mouse|68/100
|
|-weather|RainDance|[upkeep]
|upkeep
|turn|3
|
|t:|1756239348
|move|p1a: Roxas|Electro Shot||[still]
|-prepare|p1a: Roxas|Electro Shot
|-boost|p1a: Roxas|spa|1
|-anim|p1a: Roxas|Electro Shot|p2b: Gholdengo
|-damage|p2b: Gholdengo|0 fnt
|faint|p2b: Gholdengo
|move|p2a: Archaludon|Dragon Pulse|p1b: Mikael Mouse
|-damage|p1b: Mikael Mouse|5/100
|move|p1b: Mikael Mouse|Spore|p2a: Archaludon
|-status|p2a: Archaludon|slp|[from] move: Spore
|
|-weather|RainDance|[upkeep]
|upkeep
|
|t:|1756239359
|switch|p2b: Pelipper|Pelipper, L50, M|100/100
|turn|4
|inactive|root2iris has 30 seconds left.
|inactive|root2iris has 20 seconds left.
|inactive|root2iris has 15 seconds left.
|inactive|root2iris has 10 seconds left.
|
|t:|1756239405
|-terastallize|p2a: Archaludon|Fairy
|move|p1a: Roxas|Electro Shot||[still]
|-prepare|p1a: Roxas|Electro Shot
|-boost|p1a: Roxas|spa|1
|-anim|p1a: Roxas|Electro Shot|p2b: Pelipper
|-supereffective|p2b: Pelipper
|-enditem|p2b: Pelipper|Focus Sash
|-damage|p2b: Pelipper|1/100
|move|p2b: Pelipper|Tailwind|p2b: Pelipper
|-sidestart|p2: Free Torre Pacheco|move: Tailwind
|cant|p2a: Archaludon|slp
|move|p1b: Mikael Mouse|Spore|p2b: Pelipper
|-status|p2b: Pelipper|slp|[from] move: Spore
|
|-weather|RainDance|[upkeep]
|-sideend|p1: root2iris|move: Tailwind
|upkeep
|turn|5
|inactive|Free Torre Pacheco has 30 seconds left.
|inactive|Free Torre Pacheco has 20 seconds left.
|
|t:|1756239442
|switch|p1b: RC|Incineroar, L50, M|100/100
|-ability|p1b: RC|Intimidate|boost
|-unboost|p2a: Archaludon|atk|1
|-unboost|p2b: Pelipper|atk|1
|cant|p2b: Pelipper|slp
|cant|p2a: Archaludon|slp
|move|p1a: Roxas|Electro Shot||[still]
|-prepare|p1a: Roxas|Electro Shot
|-boost|p1a: Roxas|spa|1
|-anim|p1a: Roxas|Electro Shot|p2a: Archaludon
|-damage|p2a: Archaludon|3/100 slp
|-ability|p2a: Archaludon|Stamina|boost
|-boost|p2a: Archaludon|def|1
|
|-weather|none
|upkeep
|turn|6
|-message|Free Torre Pacheco forfeited.
|
|win|root2iris
||Free Torre Pacheco is ready for game 2.
||root2iris is ready for game 2.
|uhtml|next|Next: Game 2 of 3
|l|☆Free Torre Pacheco
|player|p2|
