|j|☆Zero_BlazeVGC
|j|☆frenchnails
|html|Zero_BlazeVGCfrenchnails    
|uhtml|bestof|Game 2 of a best-of-3
|t:|1755728430
|gametype|doubles
|player|p1|Zero_BlazeVGC|flint|1314
|player|p2|frenchnails|lady|1350
|gen|9
|tier|[Gen 9] VGC 2025 Reg H (Bo3)
|rated|
|rule|Species Clause: Limit one of each Pokémon
|rule|Item Clause: Limit 1 of each item
|clearpoke
|poke|p1|Gholdengo, L50|
|poke|p1|Pelipper, L50, M|
|poke|p1|Basculegion, L50, M|
|poke|p1|Amoonguss, L50, F|
|poke|p1|Archaludon, L50, M|
|poke|p1|Incineroar, L50, M|
|poke|p2|Ninetales-Alola, L50, F|
|poke|p2|Dragonite, L50, F|
|poke|p2|Garchomp, L50, M|
|poke|p2|Sneasler, L50, M|
|poke|p2|Annihilape, L50, M|
|poke|p2|Kingambit, L50, M|
|teampreview|4
|showteam|p1|Gholdengo||LifeOrb|GoodasGold|Protect,NastyPlot,MakeItRain,ShadowBall||||||50|,,,,,Water]Pelipper||FocusSash|Drizzle|Protect,Tailwind,WeatherBall,Hurricane|||M|||50|,,,,,Stellar]Basculegion||ChoiceBand|SwiftSwim|AquaJet,WaveCrash,FlipTurn,LastRespects|||M|||50|,,,,,Fairy]Amoonguss||SitrusBerry|Regenerator|PollenPuff,Spore,RagePowder,Protect|||F|||50|,,,,,Fairy]Archaludon||AssaultVest|Stamina|ElectroShot,Snarl,FlashCannon,BodyPress|||M|||50|,,,,,Bug]Incineroar||SafetyGoggles|Intimidate|FakeOut,KnockOff,PartingShot,Taunt|||M|||50|,,,,,Ghost
|showteam|p2|Ninetales-Alola||NeverMeltIce|SnowWarning|Blizzard,FreezeDry,AuroraVeil,Protect|||F|||50|,,,,,Ghost]Dragonite||LoadedDice|Multiscale|ScaleShot,Tailwind,Haze,Protect|||F|||50|,,,,,Fairy]Garchomp||LifeOrb|RoughSkin|DragonClaw,Earthquake,StompingTantrum,Protect|||M|||50|,,,,,Steel]Sneasler||FocusSash|Unburden|CloseCombat,DireClaw,FakeOut,Coaching|||M|||50|,,,,,Ghost]Annihilape||AssaultVest|Defiant|CloseCombat,FinalGambit,RageFist,RockTomb|||M|||50|,,,,,Fire]Kingambit||SafetyGoggles|Defiant|KowtowCleave,SuckerPunch,SwordsDance,Protect|||M|||50|,,,,,Fairy
|inactive|Battle timer is ON: inactive players will automatically lose when time's up. (requested by Zero_BlazeVGC)
|inactive|Zero_BlazeVGC has 60 seconds left.
|
|t:|1755728474
|teamsize|p1|4
|teamsize|p2|4
|start
|switch|p1a: Omega|Gholdengo, L50|100/100
|switch|p1b: Oogie Boogie|Basculegion, L50, M|100/100
|switch|p2a: Dragonite|Dragonite, L50, F|100/100
|switch|p2b: Sneasler|Sneasler, L50, M|100/100
|turn|1
|inactive|Zero_BlazeVGC has 30 seconds left.
|
|t:|1755728502
|move|p2b: Sneasler|Dire Claw|p1b: Oogie Boogie
|-resisted|p1b: Oogie Boogie
|-damage|p1b: Oogie Boogie|76/100
|move|p1a: Omega|Make It Rain|p2b: Sneasler|[spread] p2a,p2b
|-damage|p2a: Dragonite|65/100
|-damage|p2b: Sneasler|13/100
|-unboost|p1a: Omega|spa|1
|-damage|p1a: Omega|91/100|[from] item: Life Orb
|move|p1b: Oogie Boogie|Flip Turn|p2a: Dragonite
|-resisted|p2a: Dragonite
|-damage|p2a: Dragonite|43/100
|
|t:|1755728515
|switch|p1b: Metalman|Archaludon, L50, M|100/100|[from] Flip Turn
|move|p2a: Dragonite|Scale Shot|p1b: Metalman
|-damage|p1b: Metalman|88/100
|-ability|p1b: Metalman|Stamina|boost
|-boost|p1b: Metalman|def|1
|-damage|p1b: Metalman|80/100
|-ability|p1b: Metalman|Stamina|boost
|-boost|p1b: Metalman|def|1
|-damage|p1b: Metalman|73/100
|-ability|p1b: Metalman|Stamina|boost
|-boost|p1b: Metalman|def|1
|-damage|p1b: Metalman|68/100
|-ability|p1b: Metalman|Stamina|boost
|-boost|p1b: Metalman|def|1
|-hitcount|p1b: Metalman|4
|-unboost|p2a: Dragonite|def|1
|-boost|p2a: Dragonite|spe|1
|
|upkeep
|turn|2
|inactive|Zero_BlazeVGC has 30 seconds left.
|inactive|Zero_BlazeVGC has 20 seconds left.
|
|t:|1755728550
|-terastallize|p1b: Metalman|Bug
|move|p2a: Dragonite|Haze|p2a: Dragonite
|-clearallboost
|move|p2b: Sneasler|Close Combat|p1b: Metalman
|-resisted|p1b: Metalman
|-damage|p1b: Metalman|43/100
|-unboost|p2b: Sneasler|def|1
|-unboost|p2b: Sneasler|spd|1
|-ability|p1b: Metalman|Stamina|boost
|-boost|p1b: Metalman|def|1
|move|p1b: Metalman|Flash Cannon|p2a: Dragonite
|-damage|p2a: Dragonite|7/100
|move|p1a: Omega|Make It Rain|p2b: Sneasler|[spread] p2a,p2b
|-damage|p2a: Dragonite|0 fnt
|-damage|p2b: Sneasler|0 fnt
|-unboost|p1a: Omega|spa|1
|faint|p2a: Dragonite
|faint|p2b: Sneasler
|-damage|p1a: Omega|81/100|[from] item: Life Orb
|
|upkeep
|inactive|frenchnails has 30 seconds left.
|
|t:|1755728578
|switch|p2b: Ninetales|Ninetales-Alola, L50, F|100/100
|switch|p2a: Garchomp|Garchomp, L50, M|100/100
|-weather|Snowscape|[from] ability: Snow Warning|[of] p2b: Ninetales
|turn|3
|inactive|Zero_BlazeVGC has 30 seconds left.
|inactive|Zero_BlazeVGC has 20 seconds left.
|
|t:|1755728614
|switch|p1a: Berry Delite|Pelipper, L50, M|100/100
|-weather|RainDance|[from] ability: Drizzle|[of] p1a: Berry Delite
|move|p2b: Ninetales|Blizzard|p1b: Metalman|[spread] p1a,p1b
|-damage|p1a: Berry Delite|33/100
|-damage|p1b: Metalman|13/100
|-ability|p1b: Metalman|Stamina|boost
|-boost|p1b: Metalman|def|1
|move|p2a: Garchomp|Earthquake|p1b: Metalman|[spread] p2b,p1b
|-immune|p1a: Berry Delite
|-resisted|p1b: Metalman
|-damage|p2b: Ninetales|30/100
|-damage|p1b: Metalman|3/100
|-ability|p1b: Metalman|Stamina|boost
|-boost|p1b: Metalman|def|1
|-damage|p2a: Garchomp|91/100|[from] item: Life Orb
|move|p1b: Metalman|Flash Cannon|p2b: Ninetales
|-supereffective|p2b: Ninetales
|-damage|p2b: Ninetales|0 fnt
|faint|p2b: Ninetales
|
|-weather|RainDance|[upkeep]
|upkeep
|turn|4
|
|t:|1755728638
|move|p2a: Garchomp|Dragon Claw|p1a: Berry Delite
|-damage|p1a: Berry Delite|0 fnt
|faint|p1a: Berry Delite
|-damage|p2a: Garchomp|81/100|[from] item: Life Orb
|move|p1b: Metalman|Flash Cannon|p2a: Garchomp
|-damage|p2a: Garchomp|43/100
|
|-weather|RainDance|[upkeep]
|upkeep
|
|t:|1755728642
|switch|p1a: Oogie Boogie|Basculegion, L50, M|76/100
|turn|5
|
|t:|1755728652
|move|p1a: Oogie Boogie|Wave Crash|p2a: Garchomp
|-damage|p2a: Garchomp|0 fnt
|-damage|p1a: Oogie Boogie|64/100|[from] ability: Rough Skin|[of] p2a: Garchomp
|faint|p2a: Garchomp
|-damage|p1a: Oogie Boogie|51/100|[from] Recoil
|
|win|Zero_BlazeVGC
|raw|Zero_BlazeVGC's rating: 1314 → 1336(+22 for winning)
|raw|frenchnails's rating: 1350 → 1328(-22 for losing)
|l|☆frenchnails
|player|p2|
