|j|☆Myfriendgarchomp
|j|☆olive19907
|html|Myfriendgarchompolive19907    
|uhtml|bestof|Game 2 of a best-of-3
|t:|1757780666
|gametype|doubles
|player|p1|Myfriendgarchomp|colress|1081
|player|p2|olive19907|101|1000
|gen|9
|tier|[Gen 9] VGC 2025 Reg H (Bo3)
|rated|
|rule|Species Clause: Limit one of each Pokémon
|rule|Item Clause: Limit 1 of each item
|clearpoke
|poke|p1|Weezing-Galar, L50, M|
|poke|p1|Baxcalibur, L50, F|
|poke|p1|Dondozo, L50, M|
|poke|p1|Tatsugiri, L50, F|
|poke|p1|Ursaluna-Bloodmoon, L50, M|
|poke|p1|Talonflame, L50, M|
|poke|p2|Sylveon, L50, M|
|poke|p2|Amoonguss, L50, F|
|poke|p2|Gastrodon-East, L50, F|
|poke|p2|Garchomp, L50, F|
|poke|p2|Incineroar, L50, M|
|poke|p2|Klefki, L50, M|
|teampreview|4
|showteam|p1|Weezing-Galar||SitrusBerry|NeutralizingGas|WillOWisp,PoisonGas,StrangeSteam,Protect|||M|||50|,,,,,Flying]Baxcalibur||LoadedDice|ThermalExchange|ScaleShot,IcicleSpear,Protect,IceShard|||F|||50|,,,,,Ghost]Dondozo||Leftovers|Unaware|WaveCrash,OrderUp,Earthquake,Protect|||M|||50|,,,,,Grass]Tatsugiri||ChoiceScarf|Commander|DragonPulse,DracoMeteor,IcyWind,MuddyWater|||F|||50|,,,,,Dragon]Ursaluna-Bloodmoon||AssaultVest|MindsEye|VacuumWave,HyperVoice,EarthPower,BloodMoon|||M|||50|,,,,,Electric]Talonflame||FocusSash|GaleWings|WillOWisp,BraveBird,Tailwind,Taunt|||M|||50|,,,,,Ghost
|showteam|p2|Sylveon||ThroatSpray|Pixilate|HyperVoice,TeraBlast,QuickAttack,Protect|||M|||50|,,,,,Fire]Amoonguss||WikiBerry|Regenerator|PollenPuff,Spore,RagePowder,Protect|||F|||50|,,,,,Water]Gastrodon-East||Leftovers|StormDrain|EarthPower,Surf,Snowscape,Protect|||F|||50|,,,,,Fire]Garchomp||ClearAmulet|RoughSkin|Earthquake,RockSlide,SwordsDance,Protect|||F|||50|,,,,,Fire]Incineroar||AssaultVest|Intimidate|FlareBlitz,KnockOff,FakeOut,PartingShot|||M|||50|,,,,,Grass]Klefki||LightClay|Prankster|FoulPlay,TrickRoom,LightScreen,Reflect|||M|||50|,,,,,Dark
|
|t:|1757780717
|teamsize|p1|4
|teamsize|p2|4
|start
|switch|p1a: Ursaluna|Ursaluna-Bloodmoon, L50, M|100/100
|switch|p1b: Weezing|Weezing-Galar, L50, M|100/100
|switch|p2a: Garchomp|Garchomp, L50, F|100/100
|switch|p2b: Amoonguss|Amoonguss, L50, F|100/100
|-ability|p1b: Weezing|Neutralizing Gas
|turn|1
|
|t:|1757780747
|move|p2a: Garchomp|Swords Dance|p2a: Garchomp
|-boost|p2a: Garchomp|atk|2
|move|p1a: Ursaluna|Hyper Voice|p2a: Garchomp|[spread] p2a,p2b
|-damage|p2a: Garchomp|59/100
|-damage|p2b: Amoonguss|68/100
|move|p1b: Weezing|Will-O-Wisp|p1a: Ursaluna
|-status|p1a: Ursaluna|brn
|move|p2b: Amoonguss|Spore||[still]
|-fail|p2b: Amoonguss
|
|-damage|p1a: Ursaluna|95/100 brn|[from] brn
|upkeep
|turn|2
|inactive|Battle timer is ON: inactive players will automatically lose when time's up. (requested by olive19907)
|
|t:|1757780776
|-terastallize|p1b: Weezing|Flying
|move|p2b: Amoonguss|Protect|p2b: Amoonguss
|-singleturn|p2b: Amoonguss|Protect
|move|p2a: Garchomp|Earthquake|p1a: Ursaluna|[spread] p1a
|-activate|p2b: Amoonguss|move: Protect
|-immune|p1b: Weezing
|-damage|p1a: Ursaluna|31/100 brn
|move|p1a: Ursaluna|Blood Moon|p2b: Amoonguss
|-activate|p2b: Amoonguss|move: Protect
|move|p1b: Weezing|Strange Steam|p2a: Garchomp
|-supereffective|p2a: Garchomp
|-damage|p2a: Garchomp|0 fnt
|faint|p2a: Garchomp
|
|-damage|p1a: Ursaluna|25/100 brn|[from] brn
|upkeep
|
|t:|1757780795
|switch|p2a: Sylveon|Sylveon, L50, M|100/100
|turn|3
|
|t:|1757780806
|move|p1b: Weezing|Protect|p1b: Weezing
|-singleturn|p1b: Weezing|Protect
|move|p2a: Sylveon|Protect|p2a: Sylveon
|-singleturn|p2a: Sylveon|Protect
|move|p1a: Ursaluna|Hyper Voice|p2b: Amoonguss|[spread] p2b
|-activate|p2a: Sylveon|move: Protect
|-damage|p2b: Amoonguss|34/100
|move|p2b: Amoonguss|Spore|p1b: Weezing
|-activate|p1b: Weezing|move: Protect
|
|-damage|p1a: Ursaluna|19/100 brn|[from] brn
|upkeep
|turn|4
|inactive|olive19907 has 30 seconds left.
|
|t:|1757780837
|move|p1a: Ursaluna|Blood Moon|p2a: Sylveon
|-damage|p2a: Sylveon|31/100
|move|p1b: Weezing|Strange Steam|p2a: Sylveon
|-damage|p2a: Sylveon|10/100
|move|p2a: Sylveon|Hyper Voice|p1b: Weezing|[spread] p1a,p1b
|-damage|p1a: Ursaluna|0 fnt
|-damage|p1b: Weezing|78/100
|faint|p1a: Ursaluna
|-enditem|p2a: Sylveon|Throat Spray
|-boost|p2a: Sylveon|spa|1|[from] item: Throat Spray
|move|p2b: Amoonguss|Pollen Puff|p2a: Sylveon
|-heal|p2a: Sylveon|60/100
|
|upkeep
|
|t:|1757780846
|switch|p1a: Dondozo|Dondozo, L50, M|100/100
|turn|5
|
|t:|1757780864
|-end|p1b: Weezing|ability: Neutralizing Gas
|switch|p1b: Tatsugiri|Tatsugiri, L50, F|100/100
|-activate|p1b: Tatsugiri|ability: Commander|[of] p1a: Dondozo
|-boost|p1a: Dondozo|atk|2
|-boost|p1a: Dondozo|spa|2
|-boost|p1a: Dondozo|spe|2
|-boost|p1a: Dondozo|def|2
|-boost|p1a: Dondozo|spd|2
|switch|p2b: Incineroar|Incineroar, L50, M|100/100
|-ability|p2b: Incineroar|Intimidate|boost
|-unboost|p1a: Dondozo|atk|1
|-unboost|p1b: Tatsugiri|atk|1
|move|p1a: Dondozo|Earthquake|p2a: Sylveon|[spread] p2a,p2b
|-miss|p1a: Dondozo|p1b: Tatsugiri
|-supereffective|p2b: Incineroar
|-damage|p2a: Sylveon|27/100
|-damage|p2b: Incineroar|55/100
|move|p2a: Sylveon|Hyper Voice|p1a: Dondozo|[spread] p1a
|-miss|p2a: Sylveon|p1b: Tatsugiri
|-damage|p1a: Dondozo|80/100
|
|-heal|p1a: Dondozo|86/100|[from] item: Leftovers
|upkeep
|turn|6
|inactive|olive19907 has 30 seconds left.
|
|t:|1757780898
|switch|p2a: Amoonguss|Amoonguss, L50, F|67/100
|-terastallize|p2b: Incineroar|Grass
|move|p1a: Dondozo|Protect|p1a: Dondozo
|-singleturn|p1a: Dondozo|Protect
|move|p2b: Incineroar|Knock Off|p1a: Dondozo
|-activate|p1a: Dondozo|move: Protect
|
|-heal|p1a: Dondozo|93/100|[from] item: Leftovers
|upkeep
|turn|7
|
|t:|1757780912
|move|p1a: Dondozo|Order Up|p2b: Incineroar
|-damage|p2b: Incineroar|30/100
|-boost|p1a: Dondozo|atk|1
|move|p2b: Incineroar|Knock Off|p1a: Dondozo
|-damage|p1a: Dondozo|79/100
|-enditem|p1a: Dondozo|Leftovers|[from] move: Knock Off|[of] p2b: Incineroar
|move|p2a: Amoonguss|Spore|p1a: Dondozo
|-status|p1a: Dondozo|slp|[from] move: Spore
|
|upkeep
|turn|8
|
|t:|1757780933
|switch|p2b: Sylveon|Sylveon, L50, M|27/100
|cant|p1a: Dondozo|slp
|move|p2a: Amoonguss|Pollen Puff|p2b: Sylveon
|-heal|p2b: Sylveon|77/100
|
|upkeep
|turn|9
|
|t:|1757780955
|cant|p1a: Dondozo|slp
|move|p2b: Sylveon|Hyper Voice|p1a: Dondozo|[spread] p1a
|-miss|p2b: Sylveon|p1b: Tatsugiri
|-damage|p1a: Dondozo|56/100 slp
|move|p2a: Amoonguss|Pollen Puff|p2b: Sylveon
|-heal|p2b: Sylveon|100/100
|
|upkeep
|turn|10
|
|t:|1757780972
|-curestatus|p1a: Dondozo|slp|[msg]
|move|p1a: Dondozo|Wave Crash|p2b: Sylveon
|-damage|p2b: Sylveon|0 fnt
|faint|p2b: Sylveon
|-damage|p1a: Dondozo|31/100|[from] Recoil
|move|p2a: Amoonguss|Spore|p1a: Dondozo
|-status|p1a: Dondozo|slp|[from] move: Spore
|
|upkeep
|
|t:|1757780981
|switch|p2b: Incineroar|Incineroar, L50, M, tera:Grass|30/100
|-ability|p2b: Incineroar|Intimidate|boost
|-unboost|p1a: Dondozo|atk|1
|-unboost|p1b: Tatsugiri|atk|1
|turn|11
|
|t:|1757780995
|cant|p1a: Dondozo|slp
|move|p2b: Incineroar|Knock Off|p1a: Dondozo
|-damage|p1a: Dondozo|23/100 slp
|move|p2a: Amoonguss|Pollen Puff|p2b: Incineroar
|-heal|p2b: Incineroar|80/100
|
|upkeep
|turn|12
|
|t:|1757781007
|-curestatus|p1a: Dondozo|slp|[msg]
|move|p1a: Dondozo|Order Up|p2a: Amoonguss
|-damage|p2a: Amoonguss|35/100
|-boost|p1a: Dondozo|atk|1
|move|p2b: Incineroar|Flare Blitz|p1a: Dondozo
|-resisted|p1a: Dondozo
|-damage|p1a: Dondozo|15/100
|-damage|p2b: Incineroar|77/100|[from] Recoil
|move|p2a: Amoonguss|Pollen Puff|p2b: Incineroar
|-heal|p2b: Incineroar|100/100
|
|upkeep
|turn|13
|
|t:|1757781028
|move|p1a: Dondozo|Order Up|p2a: Amoonguss
|-damage|p2a: Amoonguss|0 fnt
|faint|p2a: Amoonguss
|-boost|p1a: Dondozo|atk|1
|move|p2b: Incineroar|Flare Blitz|p1a: Dondozo
|-resisted|p1a: Dondozo
|-damage|p1a: Dondozo|6/100
|-damage|p2b: Incineroar|97/100|[from] Recoil
|
|upkeep
|turn|14
|
|t:|1757781042
|move|p1a: Dondozo|Order Up|p2b: Incineroar
|-damage|p2b: Incineroar|53/100
|-boost|p1a: Dondozo|atk|1
|move|p2b: Incineroar|Flare Blitz|p1a: Dondozo
|-resisted|p1a: Dondozo
|-damage|p1a: Dondozo|0 fnt
|faint|p1a: Dondozo
|-damage|p2b: Incineroar|51/100|[from] Recoil
|
|upkeep
|
|t:|1757781046
|switch|p1a: Weezing|Weezing-Galar, L50, M, tera:Flying|78/100
|-ability|p1a: Weezing|Neutralizing Gas
|turn|15
|
|t:|1757781057
|move|p1b: Tatsugiri|Dragon Pulse|p2b: Incineroar
|-damage|p2b: Incineroar|23/100
|move|p1a: Weezing|Will-O-Wisp|p2b: Incineroar
|-status|p2b: Incineroar|brn
|move|p2b: Incineroar|Flare Blitz|p1a: Weezing
|-damage|p1a: Weezing|58/100
|-damage|p2b: Incineroar|17/100 brn|[from] Recoil
|
|-damage|p2b: Incineroar|11/100 brn|[from] brn
|upkeep
|turn|16
|-message|olive19907 forfeited.
|
|win|Myfriendgarchomp
|raw|Myfriendgarchomp's rating: 1081 → 1102(+21 for winning)
|raw|olive19907's rating: 1000 → 1000(+0 for losing)
|l|☆olive19907
|player|p2|
