|j|☆Ossi1590
|j|☆SomeKidJon
|html|Ossi1590SomeKidJon    
|uhtml|bestof|Game 1 of a best-of-3
|t:|1783425043
|gametype|doubles
|player|p1|Ossi1590|colress|1344
|player|p2|SomeKidJon|scientistf|1291
|gen|9
|tier|[Gen 9 Champions] VGC 2026 Reg M-B (Bo3)
|rated|
|rule|Species Clause: Limit one of each Pokémon
|rule|Item Clause: Limit 1 of each item
|clearpoke
|poke|p1|Raichu, L50, M|
|poke|p1|Mawile, L50, M|
|poke|p1|Sinistcha, L50|
|poke|p1|Ceruledge, L50, F|
|poke|p1|Milotic, L50, F|
|poke|p1|Incineroar, L50, M|
|poke|p2|Camerupt, L50, F|
|poke|p2|Farigiraf, L50, F|
|poke|p2|Primarina, L50, F|
|poke|p2|Hatterene, L50, F|
|poke|p2|Lopunny, L50, M|
|poke|p2|Staraptor, L50, M|
|teampreview|4
|showteam|p1|Raichu||RaichuniteY|LightningRod|ZapCannon,FocusBlast,FakeOut,Protect|Timid||M|||50|]Mawile||Mawilite|HyperCutter|PlayRough,SuckerPunch,SwordsDance,Protect|Adamant||M|||50|]Sinistcha||KasibBerry|Hospitality|MatchaGotcha,LifeDew,RagePowder,Protect|Relaxed|||||50|]Ceruledge||ColburBerry|FlashFire|BitterBlade,ShadowSneak,BulkUp,Protect|Adamant||F|||50|]Milotic||Leftovers|Competitive|MuddyWater,Coil,Hypnosis,Protect|Calm||F|||50|]Incineroar||SitrusBerry|Intimidate|FlareBlitz,ThroatChop,FakeOut,PartingShot|Impish||M|||50|
|showteam|p2|Camerupt||Cameruptite|SolidRock|AncientPower,HeatWave,EarthPower,Protect|Quiet||F|||50|]Farigiraf||SitrusBerry|ArmorTail|Protect,HelpingHand,DazzlingGleam,TrickRoom|Bold||F|||50|]Primarina||Leftovers|LiquidVoice|HyperVoice,Protect,Moonblast,CalmMind|Modest||F|||50|]Hatterene||FocusSash|MagicBounce|Psychic,Protect,DazzlingGleam,TrickRoom|Quiet||F|||50|]Lopunny||Lopunnite|Klutz|FakeOut,CloseCombat,AfterYou,TripleAxel|Jolly||M|||50|]Staraptor||ChoiceScarf|Intimidate|FinalGambit,DoubleEdge,BraveBird,Uturn|Adamant||M|||50|
|
|t:|1783425090
|teamsize|p1|4
|teamsize|p2|4
|start
|switch|p1a: Incineroar|Incineroar, L50, M|100/100
|switch|p1b: Milotic|Milotic, L50, F|100/100
|switch|p2a: Farigiraf|Farigiraf, L50, F|100/100
|switch|p2b: Staraptor|Staraptor, L50, M|100/100
|-ability|p2b: Staraptor|Intimidate|boost
|-unboost|p1a: Incineroar|atk|1
|-unboost|p1b: Milotic|atk|1
|-ability|p1b: Milotic|Competitive|boost
|-boost|p1b: Milotic|spa|2
|-ability|p1a: Incineroar|Intimidate|boost
|-unboost|p2a: Farigiraf|atk|1
|-unboost|p2b: Staraptor|atk|1
|turn|1
|
|t:|1783425109
|move|p1b: Milotic|Protect|p1b: Milotic
|-singleturn|p1b: Milotic|Protect
|move|p2b: Staraptor|Final Gambit|p1b: Milotic
|-activate|p1b: Milotic|move: Protect
|move|p1a: Incineroar|Parting Shot|p2a: Farigiraf
|-unboost|p2a: Farigiraf|atk|1
|-unboost|p2a: Farigiraf|spa|1
|
|t:|1783425116
|switch|p1a: Sinistcha|Sinistcha, L50|100/100|[from] Parting Shot
|move|p2a: Farigiraf|Trick Room|p2a: Farigiraf
|-fieldstart|move: Trick Room|[of] p2a: Farigiraf
|
|upkeep
|turn|2
|
|t:|1783425133
|switch|p2b: Hatterene|Hatterene, L50, F|100/100
|move|p2a: Farigiraf|Protect|p2a: Farigiraf
|-singleturn|p2a: Farigiraf|Protect
|move|p1a: Sinistcha|Rage Powder|p1a: Sinistcha
|-singleturn|p1a: Sinistcha|move: Rage Powder
|move|p1b: Milotic|Muddy Water|p2b: Hatterene|[spread] p2b
|-activate|p2a: Farigiraf|move: Protect
|-damage|p2b: Hatterene|53/100
|
|upkeep
|turn|3
|
|t:|1783425160
|move|p2a: Farigiraf|Helping Hand|p2b: Hatterene
|-singleturn|p2b: Hatterene|Helping Hand|[of] p2a: Farigiraf
|move|p2b: Hatterene|Dazzling Gleam|p1a: Sinistcha|[spread] p1a,p1b
|-crit|p1b: Milotic
|-damage|p1a: Sinistcha|47/100
|-damage|p1b: Milotic|50/100g
|move|p1a: Sinistcha|Matcha Gotcha|p2b: Hatterene|[spread] p2a,p2b
|-damage|p2a: Farigiraf|78/100
|-heal|p1a: Sinistcha|60/100|[from] drain|[of] p2a: Farigiraf
|-damage|p2b: Hatterene|29/100
|-heal|p1a: Sinistcha|71/100|[from] drain|[of] p2b: Hatterene
|move|p1b: Milotic|Muddy Water|p2a: Farigiraf|[spread] p2a,p2b
|-damage|p2a: Farigiraf|36/100
|-damage|p2b: Hatterene|0 fnt
|-enditem|p2a: Farigiraf|Sitrus Berry|[eat]
|-heal|p2a: Farigiraf|61/100|[from] item: Sitrus Berry
|faint|p2b: Hatterene
|
|-heal|p1b: Milotic|56/100|[from] item: Leftovers
|upkeep
|
|t:|1783425174
|switch|p2b: Camerupt|Camerupt, L50, F|100/100
|turn|4
|
|t:|1783425184
|switch|p1a: Ceruledge|Ceruledge, L50, F|100/100
|detailschange|p2b: Camerupt|Camerupt-Mega, L50, F
|-mega|p2b: Camerupt|Camerupt|Cameruptite
|move|p2b: Camerupt|Protect|p2b: Camerupt
|-singleturn|p2b: Camerupt|Protect
|move|p1b: Milotic|Protect|p1b: Milotic
|-singleturn|p1b: Milotic|Protect
|move|p2a: Farigiraf|Dazzling Gleam|p1b: Milotic|[spread] p1a
|-activate|p1b: Milotic|move: Protect
|-resisted|p1a: Ceruledge|1
|-damage|p1a: Ceruledge|95/100
|
|-heal|p1b: Milotic|62/100|[from] item: Leftovers
|upkeep
|turn|5
|
|t:|1783425196
|switch|p1a: Sinistcha|Sinistcha, L50|71/100
|-heal|p1b: Milotic|87/100|[from] ability: Hospitality|[of] p1a: Sinistcha
|move|p2a: Farigiraf|Helping Hand|p2b: Camerupt
|-singleturn|p2b: Camerupt|Helping Hand|[of] p2a: Farigiraf
|move|p2b: Camerupt|Earth Power|p1b: Milotic
|-damage|p1b: Milotic|22/100
|move|p1b: Milotic|Muddy Water|p2a: Farigiraf|[spread] p2a,p2b
|-supereffective|p2b: Camerupt|2
|-damage|p2a: Farigiraf|22/100
|-damage|p2b: Camerupt|0 fnt
|faint|p2b: Camerupt
|
|-heal|p1b: Milotic|28/100|[from] item: Leftovers
|-fieldend|move: Trick Room
|upkeep
|
|t:|1783425199
|switch|p2b: Staraptor|Staraptor, L50, M|100/100
|-ability|p2b: Staraptor|Intimidate|boost
|-unboost|p1a: Sinistcha|atk|1
|-unboost|p1b: Milotic|atk|1
|-ability|p1b: Milotic|Competitive|boost
|-boost|p1b: Milotic|spa|2
|turn|6
|
|t:|1783425218
|move|p2a: Farigiraf|Protect|p2a: Farigiraf
|-singleturn|p2a: Farigiraf|Protect
|move|p1a: Sinistcha|Rage Powder|p1a: Sinistcha
|-singleturn|p1a: Sinistcha|move: Rage Powder
|move|p2b: Staraptor|Brave Bird|p1a: Sinistcha
|-supereffective|p1a: Sinistcha|1
|-damage|p1a: Sinistcha|0 fnt
|faint|p1a: Sinistcha
|-damage|p2b: Staraptor|78/100|[from] Recoil
|move|p1b: Milotic|Muddy Water|p2a: Farigiraf|[spread] p2b
|-activate|p2a: Farigiraf|move: Protect
|-damage|p2b: Staraptor|0 fnt
|faint|p2b: Staraptor
|
|-heal|p1b: Milotic|34/100|[from] item: Leftovers
|upkeep
|-message|SomeKidJon forfeited.
|
|win|Ossi1590
|l|☆SomeKidJon
|player|p2|
||SomeKidJon is ready for game 2.
||Ossi1590 is ready for game 2.
|uhtml|next|Next: Game 2 of 3
