|j|☆andiom123
|j|☆Slim reaper 69
|html|andiom123Slim reaper 69    
|uhtml|bestof|Game 1 of a best-of-3
|t:|1783183411
|gametype|doubles
|player|p1|andiom123|red|1092
|player|p2|Slim reaper 69|hiker-gen4|1149
|gen|9
|tier|[Gen 9 Champions] VGC 2026 Reg M-B (Bo3)
|rated|
|rule|Species Clause: Limit one of each Pokémon
|rule|Item Clause: Limit 1 of each item
|clearpoke
|poke|p1|Incineroar, L50, F|
|poke|p1|Farigiraf, L50, F|
|poke|p1|Sylveon, L50, M|
|poke|p1|Torkoal, L50, F|
|poke|p1|Kangaskhan, L50, F|
|poke|p1|Mawile, L50, F|
|poke|p2|Whimsicott, L50, M|
|poke|p2|Rotom-Wash, L50|
|poke|p2|Gholdengo, L50|
|poke|p2|Blaziken, L50, F|
|poke|p2|Milotic, L50, F|
|poke|p2|Garchomp, L50, F|
|teampreview|4
|showteam|p1|Incineroar||MuscleBand|Intimidate|ThroatChop,FlareBlitz,FakeOut,PartingShot|Brave||F|||50|]Farigiraf||SitrusBerry|ArmorTail|FoulPlay,PsychicNoise,TrickRoom,HelpingHand|Relaxed||F|||50|]Sylveon||LifeOrb|Pixilate|HyperVoice,HyperBeam,QuickAttack,Detect|Modest||M|||50|]Torkoal||Charcoal|Drought|Eruption,EarthPower,Flamethrower,Protect|Quiet||F|||50|]Kangaskhan||Kangaskhanite|Scrappy|DoubleEdge,FakeOut,IcePunch,HammerArm|Brave||F|||50|]Mawile||Mawilite|HyperCutter|RockSlide,PlayRough,SuckerPunch,Protect|Brave||F|||50|
|showteam|p2|Whimsicott||FocusSash|Prankster|Tailwind,Moonblast,Protect,Encore|Timid||M|||50|]Rotom-Wash||SitrusBerry|Levitate|Electroweb,WillOWisp,HydroPump,VoltSwitch|Bold|||||50|]Gholdengo||ColburBerry|GoodasGold|ShadowBall,MakeItRain,Protect,NastyPlot|Modest|||||50|]Blaziken||Blazikenite|SpeedBoost|CloseCombat,FlareBlitz,RockSlide,Protect|Jolly||F|||50|]Milotic||Leftovers|Competitive|Scald,IcyWind,Recover,Protect|Calm||F|||50|]Garchomp||LifeOrb|RoughSkin|Earthquake,DragonClaw,RockSlide,Protect|Jolly||F|||50|
|
|t:|1783183454
|teamsize|p1|4
|teamsize|p2|4
|start
|switch|p1a: Farigiraf|Farigiraf, L50, F|100/100
|switch|p1b: Kangaskhan|Kangaskhan, L50, F|100/100
|switch|p2a: Milotic|Milotic, L50, F|100/100
|switch|p2b: Gholdengo|Gholdengo, L50|100/100
|turn|1
|
|t:|1783183497
|move|p1b: Kangaskhan|Fake Out|p2b: Gholdengo
|-resisted|p2b: Gholdengo|1
|-damage|p2b: Gholdengo|89/100
|cant|p2b: Gholdengo|flinch
|move|p2a: Milotic|Scald|p1b: Kangaskhan
|-damage|p1b: Kangaskhan|72/100
|-status|p1b: Kangaskhan|brn
|move|p1a: Farigiraf|Trick Room|p1a: Farigiraf
|-fieldstart|move: Trick Room|[of] p1a: Farigiraf
|
|-damage|p1b: Kangaskhan|66/100 brn|[from] brn
|upkeep
|turn|2
|
|t:|1783183541
|switch|p1b: Torkoal|Torkoal, L50, F|100/100
|-weather|SunnyDay|[from] ability: Drought|[of] p1b: Torkoal
|move|p1a: Farigiraf|Foul Play|p2b: Gholdengo
|-supereffective|p2b: Gholdengo|1
|-enditem|p2b: Gholdengo|Colbur Berry|[eat]
|-enditem|p2b: Gholdengo|Colbur Berry|[weaken]
|-damage|p2b: Gholdengo|75/100
|move|p2a: Milotic|Scald|p1b: Torkoal
|-supereffective|p1b: Torkoal|1
|-damage|p1b: Torkoal|59/100
|move|p2b: Gholdengo|Nasty Plot|p2b: Gholdengo
|-boost|p2b: Gholdengo|spa|2
|
|-weather|SunnyDay|[upkeep]
|upkeep
|turn|3
|
|t:|1783183562
|switch|p1a: Sylveon|Sylveon, L50, M|100/100
|move|p2b: Gholdengo|Protect|p2b: Gholdengo
|-singleturn|p2b: Gholdengo|Protect
|move|p1b: Torkoal|Eruption|p2b: Gholdengo|[spread] p2a
|-activate|p2b: Gholdengo|move: Protect
|-resisted|p2a: Milotic|1
|-damage|p2a: Milotic|84/100
|move|p2a: Milotic|Scald|p1b: Torkoal
|-supereffective|p1b: Torkoal|1
|-damage|p1b: Torkoal|20/100y
|
|-weather|SunnyDay|[upkeep]
|-heal|p2a: Milotic|90/100|[from] item: Leftovers
|upkeep
|turn|4
|
|t:|1783183583
|move|p1b: Torkoal|Flamethrower|p2b: Gholdengo
|-supereffective|p2b: Gholdengo|1
|-damage|p2b: Gholdengo|0 fnt
|faint|p2b: Gholdengo
|move|p1a: Sylveon|Hyper Voice|p2a: Milotic
|-damage|p2a: Milotic|46/100
|-damage|p1a: Sylveon|90/100|[from] item: Life Orb
|move|p2a: Milotic|Scald|p1b: Torkoal
|-supereffective|p1b: Torkoal|1
|-damage|p1b: Torkoal|0 fnt
|faint|p1b: Torkoal
|
|-weather|SunnyDay|[upkeep]
|-heal|p2a: Milotic|51/100|[from] item: Leftovers
|upkeep
|
|t:|1783183604
|switch|p1b: Farigiraf|Farigiraf, L50, F|100/100
|switch|p2b: Rotom|Rotom-Wash, L50|100/100
|turn|5
|
|t:|1783183621
|move|p1b: Farigiraf|Helping Hand|p1a: Sylveon
|-singleturn|p1a: Sylveon|Helping Hand|[of] p1b: Farigiraf
|move|p1a: Sylveon|Hyper Voice|p2b: Rotom|[spread] p2a,p2b
|-damage|p2a: Milotic|5/100
|-damage|p2b: Rotom|27/100
|-enditem|p2b: Rotom|Sitrus Berry|[eat]
|-heal|p2b: Rotom|52/100|[from] item: Sitrus Berry
|-damage|p1a: Sylveon|80/100|[from] item: Life Orb
|move|p2a: Milotic|Scald|p1a: Sylveon
|-damage|p1a: Sylveon|69/100
|move|p2b: Rotom|Volt Switch|p1a: Sylveon
|-damage|p1a: Sylveon|50/100g
|
|t:|1783183638
|switch|p2b: Garchomp|Garchomp, L50, F|100/100|[from] Volt Switch
|
|-weather|SunnyDay|[upkeep]
|-heal|p2a: Milotic|11/100|[from] item: Leftovers
|-fieldend|move: Trick Room
|upkeep
|turn|6
|
|t:|1783183653
|switch|p2a: Rotom|Rotom-Wash, L50|52/100
|move|p1a: Sylveon|Detect|p1a: Sylveon
|-singleturn|p1a: Sylveon|Protect
|move|p2b: Garchomp|Earthquake|p1b: Farigiraf|[spread] p1b
|-activate|p1a: Sylveon|move: Protect
|-immune|p2a: Rotom|[from] ability: Levitate
|-damage|p1b: Farigiraf|64/100
|-damage|p2b: Garchomp|90/100|[from] item: Life Orb
|move|p1b: Farigiraf|Trick Room|p1b: Farigiraf
|-fieldstart|move: Trick Room|[of] p1b: Farigiraf
|
|-weather|none
|upkeep
|turn|7
|-message|Slim reaper 69 forfeited.
|
|win|andiom123
||Slim reaper 69 is ready for game 2.
||andiom123 is ready for game 2.
|uhtml|next|Next: Game 2 of 3
|l|☆Slim reaper 69
|player|p2|
