|j|☆dont make me walk
|j|☆Realfrytki
|html|dont make me walkRealfrytki    
|uhtml|bestof|Game 3 of a best-of-3
|t:|1755290649
|gametype|doubles
|player|p1|dont make me walk|red-masters3|1371
|player|p2|Realfrytki|veteranf|1374
|gen|9
|tier|[Gen 9] VGC 2025 Reg H (Bo3)
|rated|
|rule|Species Clause: Limit one of each Pokémon
|rule|Item Clause: Limit 1 of each item
|clearpoke
|poke|p1|Murkrow, L50, F|
|poke|p1|Indeedee-F, L50, F|
|poke|p1|Ursaluna-Bloodmoon, L50, M|
|poke|p1|Armarouge, L50, F|
|poke|p1|Gholdengo, L50|
|poke|p1|Annihilape, L50, M|
|poke|p2|Volcarona, L50, M|
|poke|p2|Rillaboom, L50, M|
|poke|p2|Dragonite, L50, F|
|poke|p2|Kingambit, L50, F|
|poke|p2|Sneasler, L50, M|
|poke|p2|Gastrodon, L50, M|
|teampreview|4
|showteam|p1|Murkrow||Eviolite|Prankster|Tailwind,FoulPlay,Haze,SunnyDay|||F|||50|,,,,,Ghost]Indeedee-F||RockyHelmet|PsychicSurge|FollowMe,TrickRoom,HelpingHand,Psychic|||F|||50|,,,,,Fairy]Ursaluna-Bloodmoon||LifeOrb|MindsEye|Protect,EarthPower,HyperVoice,BloodMoon|||M|||50|,,,,,Normal]Armarouge||PowerHerb|FlashFire|TrickRoom,MeteorBeam,HeatWave,ExpandingForce|||F|||50|,,,,,Grass]Gholdengo||ChoiceSpecs|GoodasGold|MakeItRain,ShadowBall,Protect,Trick||||||50|,,,,,Steel]Annihilape||SafetyGoggles|Defiant|Protect,BulkUp,RageFist,DrainPunch|||M|||50|,,,,,Fire
|showteam|p2|Volcarona||Leftovers|FlameBody|HeatWave,TeraBlast,QuiverDance,Protect|||M|||50|,,,,,Fairy]Rillaboom||MiracleSeed|GrassySurge|WoodHammer,GrassyGlide,FakeOut,Protect|||M|||50|,,,,,Fire]Dragonite||LoadedDice|Multiscale|ScaleShot,ExtremeSpeed,Haze,Protect|||F|||50|,,,,,Steel]Kingambit||AssaultVest|Defiant|KowtowCleave,SuckerPunch,IronHead,TeraBlast|||F|||50|,,,,,Flying]Sneasler||FocusSash|Unburden|CloseCombat,DireClaw,Coaching,FakeOut|||M|||50|,,,,,Stellar]Gastrodon||SitrusBerry|StormDrain|EarthPower,IceBeam,Yawn,Protect|||M|||50|,,,,,Poison
|inactive|Battle timer is ON: inactive players will automatically lose when time's up. (requested by dont make me walk)
|
|t:|1755290665
|teamsize|p1|4
|teamsize|p2|4
|start
|switch|p1a: Murkrow|Murkrow, L50, F, shiny|100/100
|switch|p1b: Gholdengo|Gholdengo, L50|100/100
|switch|p2a: Sneasler|Sneasler, L50, M|100/100
|switch|p2b: Dragonite|Dragonite, L50, F|100/100
|turn|1
|
|t:|1755290674
|switch|p2b: Kingambit|Kingambit, L50, F|100/100
|move|p1a: Murkrow|Tailwind|p1a: Murkrow
|-sidestart|p1: dont make me walk|move: Tailwind
|move|p1b: Gholdengo|Make It Rain|p2a: Sneasler|[spread] p2a,p2b
|-resisted|p2b: Kingambit
|-enditem|p2a: Sneasler|Focus Sash
|-damage|p2a: Sneasler|1/100
|-damage|p2b: Kingambit|74/100
|-unboost|p1b: Gholdengo|spa|1
|move|p2a: Sneasler|Coaching|p2b: Kingambit
|-boost|p2b: Kingambit|atk|1
|-boost|p2b: Kingambit|def|1
|
|upkeep
|turn|2
|inactive|dont make me walk has 30 seconds left.
|inactive|Realfrytki has 30 seconds left.
|
|t:|1755290703
|move|p1a: Murkrow|Haze|p1a: Murkrow
|-clearallboost
|move|p2a: Sneasler|Coaching|p2b: Kingambit
|-boost|p2b: Kingambit|atk|1
|-boost|p2b: Kingambit|def|1
|move|p1b: Gholdengo|Make It Rain|p2a: Sneasler|[spread] p2a,p2b
|-resisted|p2b: Kingambit
|-damage|p2a: Sneasler|0 fnt
|-damage|p2b: Kingambit|50/100
|-unboost|p1b: Gholdengo|spa|1
|faint|p2a: Sneasler
|move|p2b: Kingambit|Iron Head|p1a: Murkrow
|-crit|p1a: Murkrow
|-damage|p1a: Murkrow|0 fnt
|faint|p1a: Murkrow
|
|upkeep
|
|t:|1755290720
|switch|p2a: Rillaboom|Rillaboom, L50, M|100/100
|switch|p1a: Ursaluna|Ursaluna-Bloodmoon, L50, M|100/100
|-fieldstart|move: Grassy Terrain|[from] ability: Grassy Surge|[of] p2a: Rillaboom
|turn|3
|inactive|dont make me walk has 30 seconds left.
|inactive|dont make me walk has 20 seconds left.
|
|t:|1755290756
|switch|p1b: Indeedee|Indeedee-F, L50, F|100/100
|-fieldstart|move: Psychic Terrain|[from] ability: Psychic Surge|[of] p1b: Indeedee
|switch|p2a: Dragonite|Dragonite, L50, F|100/100
|-terastallize|p1a: Ursaluna|Normal
|move|p1a: Ursaluna|Hyper Voice|p2a: Dragonite|[spread] p2a,p2b
|-resisted|p2b: Kingambit
|-damage|p2a: Dragonite|65/100
|-damage|p2b: Kingambit|27/100
|-damage|p1a: Ursaluna|91/100|[from] item: Life Orb
|move|p2b: Kingambit|Kowtow Cleave|p1b: Indeedee
|-supereffective|p1b: Indeedee
|-damage|p1b: Indeedee|0 fnt
|-damage|p2b: Kingambit|11/100|[from] item: Rocky Helmet|[of] p1b: Indeedee
|faint|p1b: Indeedee
|
|upkeep
|
|t:|1755290764
|switch|p1b: Gholdengo|Gholdengo, L50|100/100
|turn|4
|inactive|Realfrytki has 30 seconds left.
|inactive|Realfrytki has 20 seconds left.
|
|t:|1755290800
|switch|p2a: Rillaboom|Rillaboom, L50, M|100/100
|-fieldstart|move: Grassy Terrain|[from] ability: Grassy Surge|[of] p2a: Rillaboom
|move|p2b: Kingambit|Sucker Punch|p1a: Ursaluna
|-damage|p1a: Ursaluna|41/100
|move|p1b: Gholdengo|Trick|p2a: Rillaboom
|-activate|p1b: Gholdengo|move: Trick|[of] p2a: Rillaboom
|-item|p2a: Rillaboom|Choice Specs|[from] move: Trick
|-item|p1b: Gholdengo|Miracle Seed|[from] move: Trick
|move|p1a: Ursaluna|Hyper Voice|p2a: Rillaboom|[spread] p2a,p2b
|-resisted|p2b: Kingambit
|-damage|p2a: Rillaboom|33/100
|-damage|p2b: Kingambit|0 fnt
|faint|p2b: Kingambit
|-damage|p1a: Ursaluna|31/100|[from] item: Life Orb
|
|-heal|p1a: Ursaluna|37/100|[from] Grassy Terrain
|-heal|p2a: Rillaboom|39/100|[from] Grassy Terrain
|-sideend|p1: dont make me walk|move: Tailwind
|upkeep
|
|t:|1755290816
|switch|p2b: Dragonite|Dragonite, L50, F|65/100
|turn|5
|inactive|dont make me walk has 30 seconds left.
|
|t:|1755290843
|-terastallize|p2b: Dragonite|Steel
|move|p1a: Ursaluna|Protect|p1a: Ursaluna
|-singleturn|p1a: Ursaluna|Protect
|move|p1b: Gholdengo|Shadow Ball|p2b: Dragonite
|-damage|p2b: Dragonite|14/100
|move|p2b: Dragonite|Scale Shot|p1a: Ursaluna
|-activate|p1a: Ursaluna|move: Protect
|move|p2a: Rillaboom|Wood Hammer|p1b: Gholdengo
|-resisted|p1b: Gholdengo
|-damage|p1b: Gholdengo|52/100
|-damage|p2a: Rillaboom|26/100|[from] Recoil
|
|-heal|p1b: Gholdengo|58/100|[from] Grassy Terrain
|-heal|p2b: Dragonite|20/100|[from] Grassy Terrain
|-heal|p2a: Rillaboom|32/100|[from] Grassy Terrain
|-heal|p1a: Ursaluna|43/100|[from] Grassy Terrain
|upkeep
|turn|6
|
|t:|1755290862
|move|p2b: Dragonite|Protect|p2b: Dragonite
|-singleturn|p2b: Dragonite|Protect
|move|p1b: Gholdengo|Make It Rain|p2a: Rillaboom|[spread] p2a
|-activate|p2b: Dragonite|move: Protect
|-damage|p2a: Rillaboom|0 fnt
|-unboost|p1b: Gholdengo|spa|1
|faint|p2a: Rillaboom
|move|p1a: Ursaluna|Hyper Voice|p2b: Dragonite
|-activate|p2b: Dragonite|move: Protect
|
|-heal|p1b: Gholdengo|64/100|[from] Grassy Terrain
|-heal|p2b: Dragonite|26/100|[from] Grassy Terrain
|-heal|p1a: Ursaluna|49/100|[from] Grassy Terrain
|upkeep
|turn|7
|-message|Realfrytki forfeited.
|
|win|dont make me walk
|raw|dont make me walk's rating: 1371 → 1391(+20 for winning)
|raw|Realfrytki's rating: 1374 → 1354(-20 for losing)
|l|☆Realfrytki
|player|p2|
