|j|☆FefoVGC
|j|☆platinumflare
|html|FefoVGCplatinumflare    
|uhtml|bestof|Game 1 of a best-of-3
|t:|1784839493
|gametype|doubles
|player|p1|FefoVGC|102|1155
|player|p2|platinumflare|lance|1253
|gen|9
|tier|[Gen 9 Champions] VGC 2026 Reg M-B (Bo3)
|rated|
|rule|Species Clause: Limit one of each Pokémon
|rule|Item Clause: Limit 1 of each item
|clearpoke
|poke|p1|Arcanine-Hisui, L50, F|
|poke|p1|Froslass, L50, F|
|poke|p1|Venusaur, L50, F|
|poke|p1|Garchomp, L50, F|
|poke|p1|Basculegion, L50, M|
|poke|p1|Kingambit, L50, M|
|poke|p2|Raichu, L50, M|
|poke|p2|Farigiraf, L50, F|
|poke|p2|Meowscarada, L50, M|
|poke|p2|Sneasler, L50, F|
|poke|p2|Talonflame, L50, M|
|poke|p2|Basculegion, L50, M|
|teampreview|4
|showteam|p1|Arcanine-Hisui||SitrusBerry|Intimidate|FlareBlitz,ExtremeSpeed,HeadSmash,Protect|Adamant||F|||50|]Froslass||Froslassite|CursedBody|AuroraVeil,Blizzard,ShadowBall,Protect|Timid||F|||50|]Venusaur||Venusaurite|Chlorophyll|SludgeBomb,EarthPower,SleepPowder,Protect|Modest||F|||50|]Garchomp||LifeOrb|RoughSkin|StompingTantrum,RockSlide,DragonClaw,Protect|Jolly||F|||50|]Basculegion||ChoiceScarf|Adaptability|WaveCrash,LastRespects,AquaJet,FlipTurn|Jolly||M|||50|]Kingambit||BlackGlasses|Defiant|KowtowCleave,IronHead,SuckerPunch,LowKick|Adamant||M|||50|
|showteam|p2|Raichu||RaichuniteY|LightningRod|ZapCannon,FocusBlast,Protect,GrassKnot|Timid||M|||50|]Farigiraf||SitrusBerry|ArmorTail|Psychic,Roar,HyperVoice,Protect|Modest||F|||50|]Meowscarada||ChoiceScarf|Protean|FlowerTrick,ThroatChop,TripleAxel,Uturn|Jolly||M|||50|]Sneasler||WhiteHerb|Unburden|GunkShot,CloseCombat,Protect,FakeOut|Jolly||F|||50|]Talonflame||SharpBeak|GaleWings|Tailwind,DualWingbeat,Protect,FlareBlitz|Jolly||M|||50|]Basculegion||LifeOrb|Adaptability|WaveCrash,AquaJet,LastRespects,Protect|Adamant||M|||50|
|inactive|Battle timer is ON: inactive players will automatically lose when time's up. (requested by platinumflare)
|inactive|FefoVGC has 60 seconds left.
|inactive|platinumflare has 60 seconds left.
|
|t:|1784839539
|teamsize|p1|4
|teamsize|p2|4
|start
|switch|p1a: Arcanine|Arcanine-Hisui, L50, F|100/100
|switch|p1b: Garchomp|Garchomp, L50, F|100/100
|switch|p2a: Raichu|Raichu, L50, M|100/100
|switch|p2b: Meowscarada|Meowscarada, L50, M|100/100
|-ability|p1a: Arcanine|Intimidate|boost
|-unboost|p2a: Raichu|atk|1
|-unboost|p2b: Meowscarada|atk|1
|turn|1
|
|t:|1784839558
|detailschange|p2a: Raichu|Raichu-Mega-Y, L50, M
|-mega|p2a: Raichu|Raichu|Raichunite Y
|move|p1b: Garchomp|Protect|p1b: Garchomp
|-singleturn|p1b: Garchomp|Protect
|move|p2b: Meowscarada|Triple Axel|p1b: Garchomp
|-start|p2b: Meowscarada|typechange|Ice|[from] ability: Protean
|-activate|p1b: Garchomp|move: Protect
|move|p2a: Raichu|Focus Blast|p1a: Arcanine
|-supereffective|p1a: Arcanine|1
|-damage|p1a: Arcanine|0 fnt
|faint|p1a: Arcanine
|
|upkeep
|
|t:|1784839578
|switch|p1a: Basculegion|Basculegion, L50, M|100/100
|turn|2
|
|t:|1784839598
|move|p2b: Meowscarada|Triple Axel|p1b: Garchomp
|-supereffective|p1b: Garchomp|2
|-damage|p1b: Garchomp|71/100
|-damage|p2b: Meowscarada|87/100|[from] ability: Rough Skin|[of] p1b: Garchomp
|-supereffective|p1b: Garchomp|2
|-damage|p1b: Garchomp|20/100r
|-damage|p2b: Meowscarada|75/100|[from] ability: Rough Skin|[of] p1b: Garchomp
|-supereffective|p1b: Garchomp|2
|-damage|p1b: Garchomp|0 fnt
|-damage|p2b: Meowscarada|62/100|[from] ability: Rough Skin|[of] p1b: Garchomp
|faint|p1b: Garchomp
|-hitcount|p1: Garchomp|3
|move|p1a: Basculegion|Last Respects|p2a: Raichu
|-damage|p2a: Raichu|0 fnt
|faint|p2a: Raichu
|
|upkeep
|
|t:|1784839617
|switch|p2a: Sneasler|Sneasler, L50, F|100/100
|switch|p1b: Kingambit|Kingambit, L50, M|100/100
|turn|3
|
|t:|1784839639
|switch|p2b: Basculegion|Basculegion, L50, M|100/100
|move|p2a: Sneasler|Protect|p2a: Sneasler
|-singleturn|p2a: Sneasler|Protect
|move|p1a: Basculegion|Last Respects|p2a: Sneasler
|-activate|p2a: Sneasler|move: Protect
|move|p1b: Kingambit|Iron Head|p2b: Basculegion
|-resisted|p2b: Basculegion|1
|-damage|p2b: Basculegion|71/100
|
|upkeep
|turn|4
|inactive|platinumflare has 30 seconds left.
|
|t:|1784839664
|move|p1b: Kingambit|Sucker Punch|p2b: Basculegion
|-supereffective|p2b: Basculegion|1
|-damage|p2b: Basculegion|0 fnt
|faint|p2b: Basculegion
|move|p1a: Basculegion|Last Respects|p2a: Sneasler
|-damage|p2a: Sneasler|0 fnt
|faint|p2a: Sneasler
|
|upkeep
|
|t:|1784839668
|switch|p2b: Meowscarada|Meowscarada, L50, M|62/100
|turn|5
|
|t:|1784839693
|move|p2b: Meowscarada|Flower Trick|p1a: Basculegion
|-start|p2b: Meowscarada|typechange|Grass|[from] ability: Protean
|-supereffective|p1a: Basculegion|1
|-crit|p1a: Basculegion
|-damage|p1a: Basculegion|0 fnt
|faint|p1a: Basculegion
|move|p1b: Kingambit|Iron Head|p2b: Meowscarada
|-damage|p2b: Meowscarada|0 fnt
|faint|p2b: Meowscarada
|
|win|FefoVGC
||platinumflare is ready for game 2.
||FefoVGC is ready for game 2.
|uhtml|next|Next: Game 2 of 3
|l|☆FefoVGC
|player|p1|
