|j|☆Naya314
|j|☆tyho45
|html|Naya314tyho45    
|uhtml|bestof|Game 3 of a best-of-3
|t:|1783534149
|gametype|doubles
|player|p1|Naya314|candice|1116
|player|p2|tyho45|n|1117
|gen|9
|tier|[Gen 9 Champions] VGC 2026 Reg M-B (Bo3)
|rated|
|rule|Species Clause: Limit one of each Pokémon
|rule|Item Clause: Limit 1 of each item
|clearpoke
|poke|p1|Scizor, L50, F|
|poke|p1|Charizard, L50, F|
|poke|p1|Garchomp, L50, F|
|poke|p1|Basculegion, L50, M|
|poke|p1|Whimsicott, L50, M|
|poke|p1|Floette-Eternal, L50, F|
|poke|p2|Incineroar, L50, M|
|poke|p2|Ceruledge, L50, M|
|poke|p2|Sinistcha-Masterpiece, L50|
|poke|p2|Glimmora, L50, M|
|poke|p2|Dragonite, L50, F|
|poke|p2|Ninetales-Alola, L50, F|
|teampreview|4
|showteam|p1|Scizor||ExpertBelt|Technician|BugBite,BulletPunch,CloseCombat,Protect|Adamant||F|||50|]Charizard||CharizarditeY|Blaze|HeatWave,SolarBeam,WeatherBall,Protect|Modest||F|||50|]Garchomp||LifeOrb|RoughSkin|Earthquake,DragonClaw,RockSlide,Protect|Jolly||F|||50|]Basculegion||ChoiceScarf|Adaptability|LastRespects,WaveCrash,AquaJet,FlipTurn|Adamant||M|||50|]Whimsicott||FocusSash|Prankster|Moonblast,Tailwind,Encore,Protect|Timid||M|||50|]Floette-Eternal||Floettite|FlowerVeil|DazzlingGleam,EnergyBall,Moonblast,Protect|Modest||F|||50|
|showteam|p2|Incineroar||ChopleBerry|Intimidate|PartingShot,ThroatChop,FlareBlitz,FakeOut|Impish||M|||50|]Ceruledge||ColburBerry|FlashFire|BulkUp,Protect,ShadowSneak,BitterBlade|Adamant||M|||50|]Sinistcha-Masterpiece||SitrusBerry|Hospitality|LifeDew,RagePowder,TrickRoom,MatchaGotcha|Bold|||||50|]Glimmora||Glimmoranite|ToxicDebris|SpikyShield,EarthPower,SludgeBomb,PowerGem|Timid||M|||50|]Dragonite||Dragoninite|Multiscale|DracoMeteor,Thunderbolt,Tailwind,Protect|Modest||F|||50|]Ninetales-Alola||ChoiceScarf|SnowWarning|FreezeDry,Blizzard,IcyWind,Moonblast|Timid||F|||50|
|inactive|Battle timer is ON: inactive players will automatically lose when time's up. (requested by Naya314)
|
|t:|1783534179
|teamsize|p1|4
|teamsize|p2|4
|start
|switch|p1a: Garchomp|Garchomp, L50, F|100/100
|switch|p1b: Scizor|Scizor, L50, F|100/100
|switch|p2a: Glimmora|Glimmora, L50, M|100/100
|switch|p2b: Incineroar|Incineroar, L50, M|100/100
|-ability|p2b: Incineroar|Intimidate|boost
|-unboost|p1a: Garchomp|atk|1
|-unboost|p1b: Scizor|atk|1
|turn|1
|inactive|tyho45 has 30 seconds left.
|
|t:|1783534210
|detailschange|p2a: Glimmora|Glimmora-Mega, L50, M
|-mega|p2a: Glimmora|Glimmora|Glimmoranite
|move|p2a: Glimmora|Spiky Shield|p2a: Glimmora
|-singleturn|p2a: Glimmora|move: Protect
|move|p1b: Scizor|Bullet Punch|p2a: Glimmora
|-activate|p2a: Glimmora|move: Protect
|-damage|p1b: Scizor|87/100|[from] Spiky Shield|[of] p2a: Glimmora
|move|p1a: Garchomp|Earthquake|p2a: Glimmora|[spread] p1b,p2b
|-activate|p2a: Glimmora|move: Protect
|-supereffective|p2b: Incineroar|1
|-damage|p1b: Scizor|58/100
|-damage|p2b: Incineroar|50/100y
|-damage|p1a: Garchomp|90/100|[from] item: Life Orb
|move|p2b: Incineroar|Parting Shot|p1b: Scizor
|-unboost|p1b: Scizor|atk|1
|-unboost|p1b: Scizor|spa|1
|
|t:|1783534229
|switch|p2b: Ninetales|Ninetales-Alola, L50, F|100/100|[from] Parting Shot
|-weather|Snowscape|[from] ability: Snow Warning|[of] p2b: Ninetales
|
|-weather|Snowscape|[upkeep]
|upkeep
|turn|2
|
|t:|1783534248
|switch|p2b: Incineroar|Incineroar, L50, M|50/100y
|-ability|p2b: Incineroar|Intimidate|boost
|-unboost|p1a: Garchomp|atk|1
|-unboost|p1b: Scizor|atk|1
|move|p1a: Garchomp|Protect|p1a: Garchomp
|-singleturn|p1a: Garchomp|Protect
|move|p1b: Scizor|Bullet Punch|p2b: Incineroar
|-resisted|p2b: Incineroar|1
|-damage|p2b: Incineroar|44/100
|move|p2a: Glimmora|Power Gem|p1b: Scizor
|-damage|p1b: Scizor|0 fnt
|faint|p1b: Scizor
|
|-weather|Snowscape|[upkeep]
|upkeep
|
|t:|1783534269
|switch|p1b: Basculegion|Basculegion, L50, M|100/100
|turn|3
|
|t:|1783534293
|move|p2a: Glimmora|Spiky Shield|p2a: Glimmora
|-singleturn|p2a: Glimmora|move: Protect
|move|p1b: Basculegion|Flip Turn|p2b: Incineroar
|-supereffective|p2b: Incineroar|1
|-damage|p2b: Incineroar|0 fnt
|faint|p2b: Incineroar
|
|t:|1783534300
|switch|p1b: Charizard|Charizard, L50, F|100/100|[from] Flip Turn
|move|p1a: Garchomp|Earthquake|p2a: Glimmora|[spread] 
|-activate|p2a: Glimmora|move: Protect
|-immune|p1b: Charizard
|
|-weather|Snowscape|[upkeep]
|upkeep
|
|t:|1783534311
|switch|p2b: Ninetales|Ninetales-Alola, L50, F|100/100
|turn|4
|
|t:|1783534332
|move|p1a: Garchomp|Protect|p1a: Garchomp
|-singleturn|p1a: Garchomp|Protect
|move|p1b: Charizard|Protect|p1b: Charizard
|-singleturn|p1b: Charizard|Protect
|move|p2b: Ninetales|Freeze-Dry|p1a: Garchomp
|-activate|p1a: Garchomp|move: Protect
|move|p2a: Glimmora|Power Gem|p1b: Charizard
|-activate|p1b: Charizard|move: Protect
|
|-weather|Snowscape|[upkeep]
|upkeep
|turn|5
|inactive|Naya314 has 30 seconds left.
|inactive|Naya314 has 20 seconds left.
|inactive|Naya314 has 15 seconds left.
|
|t:|1783534376
|detailschange|p1b: Charizard|Charizard-Mega-Y, L50, F
|-mega|p1b: Charizard|Charizard|Charizardite Y
|-weather|SunnyDay|[from] ability: Drought|[of] p1b: Charizard
|move|p2b: Ninetales|Freeze-Dry|p1a: Garchomp
|-supereffective|p1a: Garchomp|2
|-damage|p1a: Garchomp|0 fnt
|faint|p1a: Garchomp
|move|p2a: Glimmora|Power Gem|p1b: Charizard
|-supereffective|p1b: Charizard|2
|-damage|p1b: Charizard|0 fnt
|faint|p1b: Charizard
|
|-weather|SunnyDay|[upkeep]
|upkeep
|-message|Naya314 forfeited.
|
|win|tyho45
|raw|Naya314's rating: 1116 → 1091(-25 for losing)
|raw|tyho45's rating: 1117 → 1142(+25 for winning)
|l|☆Naya314
|player|p1|
|l|☆tyho45
|player|p2|
|j|☆tyho45
|player|p2|tyho45|n|
