|j|☆Taste the raynbow
|j|☆misaos
|html|Taste the raynbowmisaos    
|uhtml|bestof|Game 3 of a best-of-3
|t:|1757905294
|gametype|doubles
|player|p1|Taste the raynbow|steven-masters2|1084
|player|p2|misaos|acetrainer-gen4dp|1000
|gen|9
|tier|[Gen 9] VGC 2025 Reg H (Bo3)
|rated|
|rule|Species Clause: Limit one of each Pokémon
|rule|Item Clause: Limit 1 of each item
|clearpoke
|poke|p1|Sableye, L50, M|
|poke|p1|Dragonite, L50, M|
|poke|p1|Annihilape, L50, F|
|poke|p1|Rillaboom, L50, M|
|poke|p1|Ursaluna-Bloodmoon, L50, M|
|poke|p1|Maushold-Four, L50|
|poke|p2|Dragonite, L50, M|
|poke|p2|Ursaluna-Bloodmoon, L50, M|
|poke|p2|Gholdengo, L50|
|poke|p2|Maushold-Four, L50|
|poke|p2|Annihilape, L50, M|
|poke|p2|Rillaboom, L50, F|
|teampreview|4
|showteam|p1|Sableye||LightClay|Prankster|Disable,Taunt,LightScreen,Reflect|||M|||50|,,,,,Grass]Dragonite||LoadedDice|Multiscale|ScaleShot,Haze,Tailwind,Protect|||M|||50|,,,,,Normal]Annihilape||SitrusBerry|Defiant|RageFist,DrainPunch,BulkUp,Protect|||F|||50|,,,,,Water]Rillaboom||MiracleSeed|GrassySurge|FakeOut,GrassyGlide,WoodHammer,HighHorsepower|||M|||50|,,,,,Water]Ursaluna-Bloodmoon||AssaultVest|MindsEye|BloodMoon,HyperVoice,EarthPower,VacuumWave|||M|||50|,,,,,Ghost]Maushold-Four||WideLens|FriendGuard|PopulationBomb,FollowMe,Encore,Protect||||||50|,,,,,Ghost
|showteam|p2|Dragonite||LoadedDice|Multiscale|ScaleShot,Tailwind,Haze,Protect|||M|||50|,,,,,Fairy]Ursaluna-Bloodmoon||AssaultVest|MindsEye|BloodMoon,EarthPower,HyperVoice,VacuumWave|||M|||50|,,,,,Water]Gholdengo||LifeOrb|GoodasGold|MakeItRain,ShadowBall,NastyPlot,Protect||||||50|,,,,,Water]Maushold-Four||FocusSash|FriendGuard|SuperFang,FollowMe,BeatUp,Protect||||||50|,,,,,Ghost]Annihilape||SitrusBerry|Defiant|RageFist,DrainPunch,BulkUp,Protect|||M|||50|,,,,,Fire]Rillaboom||MiracleSeed|GrassySurge|WoodHammer,GrassyGlide,HighHorsepower,FakeOut|||F|||50|,,,,,Fire
|
|t:|1757905327
|teamsize|p1|4
|teamsize|p2|4
|start
|switch|p1a: Sableye|Sableye, L50, M|100/100
|switch|p1b: Dragonite|Dragonite, L50, M|100/100
|switch|p2a: Gholdengo|Gholdengo, L50|100/100
|switch|p2b: Rillaboom|Rillaboom, L50, F|100/100
|-fieldstart|move: Grassy Terrain|[from] ability: Grassy Surge|[of] p2b: Rillaboom
|turn|1
|
|t:|1757905357
|switch|p1b: Annihilape|Annihilape, L50, F|100/100
|move|p2b: Rillaboom|Fake Out|p1b: Annihilape
|-immune|p1b: Annihilape
|move|p1a: Sableye|Light Screen|p1a: Sableye
|-sidestart|p1: Taste the raynbow|move: Light Screen
|move|p2a: Gholdengo|Nasty Plot|p2a: Gholdengo
|-boost|p2a: Gholdengo|spa|2
|
|upkeep
|turn|2
|
|t:|1757905377
|move|p1b: Annihilape|Protect|p1b: Annihilape
|-singleturn|p1b: Annihilape|Protect
|move|p1a: Sableye|Reflect|p1a: Sableye
|-sidestart|p1: Taste the raynbow|Reflect
|move|p2a: Gholdengo|Make It Rain|p1a: Sableye|[spread] p1a
|-activate|p1b: Annihilape|move: Protect
|-damage|p1a: Sableye|0 fnt
|-unboost|p2a: Gholdengo|spa|1
|faint|p1a: Sableye
|-damage|p2a: Gholdengo|91/100|[from] item: Life Orb
|move|p2b: Rillaboom|Wood Hammer|p1b: Annihilape
|-activate|p1b: Annihilape|move: Protect
|
|-heal|p2a: Gholdengo|97/100|[from] Grassy Terrain
|upkeep
|
|t:|1757905394
|switch|p1a: Dragonite|Dragonite, L50, M|100/100
|turn|3
|
|t:|1757905414
|-terastallize|p1b: Annihilape|Water
|-terastallize|p2a: Gholdengo|Water
|move|p1b: Annihilape|Bulk Up|p1b: Annihilape
|-boost|p1b: Annihilape|atk|1
|-boost|p1b: Annihilape|def|1
|move|p2a: Gholdengo|Shadow Ball|p1b: Annihilape
|-damage|p1b: Annihilape|58/100
|-damage|p2a: Gholdengo|87/100|[from] item: Life Orb
|move|p1a: Dragonite|Scale Shot|p2b: Rillaboom|[miss]
|-miss|p1a: Dragonite|p2b: Rillaboom
|move|p2b: Rillaboom|Wood Hammer|p1b: Annihilape
|-supereffective|p1b: Annihilape
|-damage|p1b: Annihilape|0 fnt
|faint|p1b: Annihilape
|-damage|p2b: Rillaboom|80/100|[from] Recoil
|
|-heal|p2a: Gholdengo|93/100|[from] Grassy Terrain
|-heal|p2b: Rillaboom|86/100|[from] Grassy Terrain
|upkeep
|
|t:|1757905435
|switch|p1b: Ursaluna|Ursaluna-Bloodmoon, L50, M|100/100
|turn|4
|
|t:|1757905460
|move|p2a: Gholdengo|Make It Rain|p1a: Dragonite|[spread] p1a,p1b
|-crit|p1a: Dragonite
|-damage|p1a: Dragonite|26/100
|-damage|p1b: Ursaluna|56/100
|-unboost|p2a: Gholdengo|spa|1
|-damage|p2a: Gholdengo|84/100|[from] item: Life Orb
|move|p1a: Dragonite|Haze|p1a: Dragonite
|-clearallboost
|move|p2b: Rillaboom|Wood Hammer|p1b: Ursaluna
|-supereffective|p1b: Ursaluna
|-damage|p1b: Ursaluna|0 fnt
|faint|p1b: Ursaluna
|-damage|p2b: Rillaboom|67/100|[from] Recoil
|
|-heal|p2a: Gholdengo|90/100|[from] Grassy Terrain
|-heal|p2b: Rillaboom|73/100|[from] Grassy Terrain
|upkeep
|turn|5
|
|t:|1757905487
|switch|p2b: Ursaluna|Ursaluna-Bloodmoon, L50, M|100/100
|move|p2a: Gholdengo|Shadow Ball|p1a: Dragonite
|-damage|p1a: Dragonite|0 fnt
|faint|p1a: Dragonite
|-damage|p2a: Gholdengo|80/100|[from] item: Life Orb
|
|win|misaos
|raw|Taste the raynbow's rating: 1084 → 1056(-28 for losing)
|raw|misaos's rating: 1000 → 1049(+49 for winning)
|l|☆misaos
|player|p2|
