|j|☆Atrix MJ
|j|☆Bergmann VGC
|html|Atrix MJBergmann VGC    
|uhtml|bestof|Game 2 of a best-of-3
|t:|1756644596
|gametype|doubles
|player|p1|Atrix MJ|miku-fire|1430
|player|p2|Bergmann VGC|volkner|1294
|gen|9
|tier|[Gen 9] VGC 2025 Reg H (Bo3)
|rated|
|rule|Species Clause: Limit one of each Pokémon
|rule|Item Clause: Limit 1 of each item
|clearpoke
|poke|p1|Kommo-o, L50, F|
|poke|p1|Mimikyu, L50, F|
|poke|p1|Tyranitar, L50, F|
|poke|p1|Incineroar, L50, M|
|poke|p1|Ursaluna, L50, F|
|poke|p1|Amoonguss, L50, F|
|poke|p2|Charizard, L50, M|
|poke|p2|Torkoal, L50, F|
|poke|p2|Porygon2, L50|
|poke|p2|Incineroar, L50, M|
|poke|p2|Jumpluff, L50, F|
|poke|p2|Ursaluna, L50, M|
|teampreview|4
|showteam|p1|Kommo-o||ThroatSpray|Soundproof|ClangingScales,Flamethrower,ClangorousSoul,Protect|||F|||50|,,,,,Fire]Mimikyu||LifeOrb|Disguise|PlayRough,TrickRoom,ShadowSneak,Curse|||F|||50|,,,,,Steel]Tyranitar||AssaultVest|SandStream|RockSlide,KnockOff,LowKick,TeraBlast|||F|||50|,,,,,Flying]Incineroar||SafetyGoggles|Intimidate|FakeOut,PartingShot,KnockOff,FlareBlitz|||M|||50|,,,,,Ghost]Ursaluna||FlameOrb|Guts|Facade,HeadlongRush,Earthquake,Protect|||F|||50|,,,,,Ghost]Amoonguss||RockyHelmet|Regenerator|Spore,RagePowder,Protect,SludgeBomb|||F|||50|,,,,,Dark
|showteam|p2|Charizard||ChoiceSpecs|SolarPower|HeatWave,Overheat,WeatherBall,AirSlash|||M|||50|,,,,,Ghost]Torkoal||EjectPack|Drought|Eruption,Overheat,HelpingHand,Protect|||F|||50|,,,,,Fire]Porygon2||Eviolite|Download|TeraBlast,IceBeam,Recover,TrickRoom||||||50|,,,,,Fighting]Incineroar||SafetyGoggles|Intimidate|FlareBlitz,KnockOff,FakeOut,PartingShot|||M|||50|,,,,,Ghost]Jumpluff||CovertCloak|Chlorophyll|SleepPowder,SunnyDay,RagePowder,Tailwind|||F|||50|,,,,,Water]Ursaluna||FlameOrb|Guts|HeadlongRush,Facade,Earthquake,Protect|||M|||50|,,,,,Ghost
|inactive|Battle timer is ON: inactive players will automatically lose when time's up. (requested by Bergmann VGC)
|
|t:|1756644620
|teamsize|p1|4
|teamsize|p2|4
|start
|switch|p1a: SHAMBLES|Mimikyu, L50, F, shiny|100/100
|switch|p1b: PUNK ROTTEN|Incineroar, L50, M|100/100
|switch|p2a: Ryo the Stern|Torkoal, L50, F|100/100
|switch|p2b: Kenshin|Charizard, L50, M, shiny|100/100
|-ability|p1b: PUNK ROTTEN|Intimidate|boost
|-unboost|p2a: Ryo the Stern|atk|1
|-unboost|p2b: Kenshin|atk|1
|-weather|SunnyDay|[from] ability: Drought|[of] p2a: Ryo the Stern
|-enditem|p2a: Ryo the Stern|Eject Pack
|
|t:|1756644624
|switch|p2a: Koshamain|Ursaluna, L50, M|100/100
|turn|1
|
|t:|1756644643
|-terastallize|p2b: Kenshin|Ghost
|move|p1b: PUNK ROTTEN|Fake Out|p2a: Koshamain
|-damage|p2a: Koshamain|89/100
|move|p2b: Kenshin|Heat Wave|p1b: PUNK ROTTEN|[spread] p1a
|-miss|p2b: Kenshin|p1b: PUNK ROTTEN
|-activate|p1a: SHAMBLES|ability: Disguise
|-damage|p1a: SHAMBLES|100/100
|detailschange|p1a: SHAMBLES|Mimikyu-Busted, L50, F, shiny
|-damage|p1a: SHAMBLES|88/100|[from] pokemon: Mimikyu-Busted
|cant|p2a: Koshamain|flinch
|move|p1a: SHAMBLES|Trick Room|p1a: SHAMBLES
|-fieldstart|move: Trick Room|[of] p1a: SHAMBLES
|
|-weather|SunnyDay|[upkeep]
|-damage|p2b: Kenshin|88/100|[from] ability: Solar Power|[of] p2b: Kenshin
|-status|p2a: Koshamain|brn|[from] item: Flame Orb
|upkeep
|turn|2
|inactive|Atrix MJ has 30 seconds left.
|inactive|Atrix MJ has 20 seconds left.
|
|t:|1756644681
|switch|p1a: DEPARTURE|Ursaluna, L50, F, shiny|100/100
|switch|p2b: Shōnagon|Jumpluff, L50, F|100/100
|-terastallize|p1b: PUNK ROTTEN|Ghost
|move|p2a: Koshamain|Earthquake|p1b: PUNK ROTTEN|[spread] p1a,p1b
|-immune|p2b: Shōnagon
|-damage|p1a: DEPARTURE|54/100
|-damage|p1b: PUNK ROTTEN|41/100
|move|p1b: PUNK ROTTEN|Knock Off|p2b: Shōnagon
|-damage|p2b: Shōnagon|39/100
|-enditem|p2b: Shōnagon|Covert Cloak|[from] move: Knock Off|[of] p1b: PUNK ROTTEN
|
|-weather|SunnyDay|[upkeep]
|-damage|p2a: Koshamain|83/100 brn|[from] brn
|-status|p1a: DEPARTURE|brn|[from] item: Flame Orb
|upkeep
|turn|3
|inactive|Bergmann VGC has 30 seconds left.
|
|t:|1756644706
|move|p2b: Shōnagon|Rage Powder|p2b: Shōnagon
|-singleturn|p2b: Shōnagon|move: Rage Powder
|move|p1a: DEPARTURE|Facade|p2b: Shōnagon
|-damage|p2b: Shōnagon|0 fnt
|faint|p2b: Shōnagon
|move|p2a: Koshamain|Earthquake|p1b: PUNK ROTTEN|[spread] p1a,p1b
|-damage|p1a: DEPARTURE|5/100 brn
|-damage|p1b: PUNK ROTTEN|0 fnt
|faint|p1b: PUNK ROTTEN
|
|-weather|SunnyDay|[upkeep]
|-damage|p1a: DEPARTURE|0 fnt|[from] brn
|faint|p1a: DEPARTURE
|-damage|p2a: Koshamain|78/100 brn|[from] brn
|upkeep
|
|t:|1756644714
|switch|p1a: SOVREIGNTY|Tyranitar, L50, F|100/100
|switch|p1b: SHAMBLES|Mimikyu-Busted, L50, F, shiny|88/100
|switch|p2b: Ryo the Stern|Torkoal, L50, F|100/100
|-weather|Sandstorm|[from] ability: Sand Stream|[of] p1a: SOVREIGNTY
|turn|4
|
|t:|1756644736
|move|p1b: SHAMBLES|Shadow Sneak|p2b: Ryo the Stern
|-damage|p2b: Ryo the Stern|81/100
|-damage|p1b: SHAMBLES|78/100|[from] item: Life Orb
|move|p2b: Ryo the Stern|Eruption|p1a: SOVREIGNTY|[spread] p1a,p1b
|-resisted|p1a: SOVREIGNTY
|-crit|p1a: SOVREIGNTY
|-damage|p1a: SOVREIGNTY|89/100
|-damage|p1b: SHAMBLES|34/100
|move|p1a: SOVREIGNTY|Low Kick|p2a: Koshamain
|-supereffective|p2a: Koshamain
|-damage|p2a: Koshamain|9/100 brn
|move|p2a: Koshamain|Headlong Rush|p1a: SOVREIGNTY
|-supereffective|p1a: SOVREIGNTY
|-damage|p1a: SOVREIGNTY|0 fnt
|-unboost|p2a: Koshamain|def|1
|-unboost|p2a: Koshamain|spd|1
|faint|p1a: SOVREIGNTY
|
|-weather|Sandstorm|[upkeep]
|-damage|p2b: Ryo the Stern|75/100|[from] Sandstorm
|-damage|p1b: SHAMBLES|28/100|[from] Sandstorm
|-damage|p2a: Koshamain|3/100 brn|[from] brn
|upkeep
|turn|5
|
|t:|1756644754
|move|p1b: SHAMBLES|Shadow Sneak|p2a: Koshamain
|-immune|p2a: Koshamain
|move|p2b: Ryo the Stern|Overheat|p1b: SHAMBLES
|-damage|p1b: SHAMBLES|0 fnt
|-unboost|p2b: Ryo the Stern|spa|2
|faint|p1b: SHAMBLES
|
|win|Bergmann VGC
|raw|Atrix MJ's rating: 1430 → 1403(-27 for losing)
|raw|Bergmann VGC's rating: 1294 → 1328(+34 for winning)
