|j|☆You’reJustDead!
|j|☆Oscarm92
|html|You’reJustDead!Oscarm92    
|uhtml|bestof|Game 1 of a best-of-3
|t:|1784320847
|gametype|doubles
|player|p1|You’reJustDead!|misty|1172
|player|p2|Oscarm92|102|1265
|gen|9
|tier|[Gen 9 Champions] VGC 2026 Reg M-B (Bo3)
|rated|
|rule|Species Clause: Limit one of each Pokémon
|rule|Item Clause: Limit 1 of each item
|clearpoke
|poke|p1|Mawile, L50, M|
|poke|p1|Farigiraf, L50, M|
|poke|p1|Venusaur, L50, F|
|poke|p1|Aerodactyl, L50, M|
|poke|p1|Incineroar, L50, M, shiny|
|poke|p1|Basculegion, L50, M, shiny|
|poke|p2|Charizard, L50, F, shiny|
|poke|p2|Aerodactyl, L50, F|
|poke|p2|Garchomp, L50, F, shiny|
|poke|p2|Kingambit, L50, F|
|poke|p2|Sylveon, L50, M|
|poke|p2|Farigiraf, L50, F|
|teampreview|4
|showteam|p1|Mawile||Mawilite|HyperCutter|IronHead,PlayRough,SwordsDance,SuckerPunch|Adamant||M|||50|]Farigiraf||ColburBerry|ArmorTail|TrickRoom,Psychic,HyperVoice,Protect|Bold||M|||50|]Venusaur||Venusaurite|Chlorophyll|GigaDrain,SludgeBomb,EarthPower,Protect|Modest||F|||50|]Aerodactyl||FocusSash|Unnerve|RockSlide,DualWingbeat,Protect,Tailwind|Jolly||M|||50|]Incineroar||ChopleBerry|Intimidate|FakeOut,PartingShot,Protect,FlareBlitz|Careful||M|||50|]Basculegion||SitrusBerry|Adaptability|WaveCrash,LastRespects,AquaJet,Protect|Adamant||M|||50|
|showteam|p2|Charizard||CharizarditeY|Blaze|HeatWave,WeatherBall,SolarBeam,Protect|Modest||F|||50|]Aerodactyl||Aerodactylite|Unnerve|IceFang,RockSlide,Tailwind,DualWingbeat|Jolly||F|||50|]Garchomp||LifeOrb|RoughSkin|DragonClaw,StompingTantrum,Earthquake,Protect|Jolly||F|||50|]Kingambit||FocusSash|Defiant|SuckerPunch,KowtowCleave,IronHead,LowKick|Adamant||F|||50|]Sylveon||FairyFeather|Pixilate|QuickAttack,HyperVoice,HyperBeam,Protect|Modest||M|||50|]Farigiraf||SitrusBerry|ArmorTail|TrickRoom,Thunderbolt,Roar,Psychic|Bold||F|||50|
|inactive|Battle timer is ON: inactive players will automatically lose when time's up. (requested by You’reJustDead!)
|inactive|Oscarm92 has 60 seconds left.
|inactive|You’reJustDead! has 60 seconds left.
|inactive|Oscarm92 has 30 seconds left.
|inactive|Oscarm92 has 20 seconds left.
|inactive|Oscarm92 has 15 seconds left.
|inactive|Oscarm92 has 10 seconds left.
|
|t:|1784320928
|teamsize|p1|4
|teamsize|p2|4
|start
|switch|p1a: Aerodactyl|Aerodactyl, L50, M|100/100
|switch|p1b: Venusaur|Venusaur, L50, F|100/100
|switch|p2a: Aerodactyl|Aerodactyl, L50, F|100/100
|switch|p2b: Garchomp|Garchomp, L50, F, shiny|100/100
|-ability|p1a: Aerodactyl|Unnerve
|-ability|p2a: Aerodactyl|Unnerve
|turn|1
|inactive|Oscarm92 has 30 seconds left.
|
|t:|1784320958
|detailschange|p2a: Aerodactyl|Aerodactyl-Mega, L50, F
|-mega|p2a: Aerodactyl|Aerodactyl|Aerodactylite
|detailschange|p1b: Venusaur|Venusaur-Mega, L50, F
|-mega|p1b: Venusaur|Venusaur|Venusaurite
|move|p2a: Aerodactyl|Rock Slide|p1b: Venusaur|[spread] p1a,p1b
|-supereffective|p1a: Aerodactyl|1
|-damage|p1a: Aerodactyl|10/100
|-damage|p1b: Venusaur|80/100
|cant|p1a: Aerodactyl|flinch
|move|p2b: Garchomp|Dragon Claw|p1a: Aerodactyl
|-damage|p1a: Aerodactyl|0 fnt
|faint|p1a: Aerodactyl
|-damage|p2b: Garchomp|90/100|[from] item: Life Orb
|move|p1b: Venusaur|Giga Drain|p2a: Aerodactyl
|-damage|p2a: Aerodactyl|56/100
|-heal|p1b: Venusaur|100/100|[from] drain|[of] p2a: Aerodactyl
|
|upkeep
|
|t:|1784320969
|switch|p1a: Basculegion|Basculegion, L50, M, shiny|100/100
|turn|2
|
|t:|1784320990
|move|p1b: Venusaur|Protect|p1b: Venusaur
|-singleturn|p1b: Venusaur|Protect
|move|p2a: Aerodactyl|Tailwind|p2a: Aerodactyl
|-sidestart|p2: Oscarm92|move: Tailwind
|move|p2b: Garchomp|Earthquake|p1a: Basculegion|[spread] p1a
|-activate|p1b: Venusaur|move: Protect
|-immune|p2a: Aerodactyl
|-damage|p1a: Basculegion|39/100
|-enditem|p1a: Basculegion|Sitrus Berry|[eat]
|-heal|p1a: Basculegion|64/100|[from] item: Sitrus Berry
|-damage|p2b: Garchomp|80/100|[from] item: Life Orb
|move|p1a: Basculegion|Wave Crash|p2a: Aerodactyl
|-supereffective|p2a: Aerodactyl|1
|-damage|p2a: Aerodactyl|0 fnt
|faint|p2a: Aerodactyl
|-damage|p1a: Basculegion|48/100|[from] Recoil
|
|upkeep
|
|t:|1784321001
|switch|p2a: Farigiraf|Farigiraf, L50, F|100/100
|turn|3
|
|t:|1784321020
|move|p1a: Basculegion|Protect|p1a: Basculegion
|-singleturn|p1a: Basculegion|Protect
|move|p2b: Garchomp|Stomping Tantrum|p1a: Basculegion
|-activate|p1a: Basculegion|move: Protect
|move|p2a: Farigiraf|Psychic|p1b: Venusaur
|-supereffective|p1b: Venusaur|1
|-damage|p1b: Venusaur|50/100g
|move|p1b: Venusaur|Giga Drain|p2b: Garchomp
|-damage|p2b: Garchomp|37/100
|-heal|p1b: Venusaur|72/100|[from] drain|[of] p2b: Garchomp
|
|upkeep
|turn|4
|
|t:|1784321034
|switch|p1a: Farigiraf|Farigiraf, L50, M|100/100
|move|p2b: Garchomp|Stomping Tantrum|p1b: Venusaur
|-damage|p1b: Venusaur|35/100
|-damage|p2b: Garchomp|27/100|[from] item: Life Orb
|move|p2a: Farigiraf|Thunderbolt|p1a: Farigiraf
|-damage|p1a: Farigiraf|78/100
|move|p1b: Venusaur|Giga Drain|p2b: Garchomp
|-damage|p2b: Garchomp|0 fnt
|-heal|p1b: Venusaur|49/100|[from] drain|[of] p2b: Garchomp
|faint|p2b: Garchomp
|
|upkeep
|
|t:|1784321038
|switch|p2b: Charizard|Charizard, L50, F, shiny|100/100
|turn|5
|
|t:|1784321044
|switch|p1b: Basculegion|Basculegion, L50, M, shiny|48/100
|move|p2b: Charizard|Heat Wave|p1b: Basculegion|[spread] p1a,p1b
|-resisted|p1b: Basculegion|1
|-damage|p1a: Farigiraf|51/100
|-damage|p1b: Basculegion|34/100
|move|p2a: Farigiraf|Psychic|p1b: Basculegion
|-damage|p1b: Basculegion|4/100
|-unboost|p1b: Basculegion|spd|1
|move|p1a: Farigiraf|Trick Room|p1a: Farigiraf
|-fieldstart|move: Trick Room|[of] p1a: Farigiraf
|
|-sideend|p2: Oscarm92|move: Tailwind
|upkeep
|turn|6
|
|t:|1784321052
|move|p2a: Farigiraf|Thunderbolt|p1b: Basculegion
|-supereffective|p1b: Basculegion|1
|-damage|p1b: Basculegion|0 fnt
|faint|p1b: Basculegion
|move|p1a: Farigiraf|Hyper Voice|p2a: Farigiraf|[spread] p2a,p2b
|-damage|p2a: Farigiraf|75/100
|-damage|p2b: Charizard|68/100
|move|p2b: Charizard|Heat Wave|p1a: Farigiraf
|-damage|p1a: Farigiraf|17/100
|
|upkeep
|
|t:|1784321055
|switch|p1b: Venusaur|Venusaur-Mega, L50, F|49/100
|turn|7
|
|t:|1784321065
|move|p2a: Farigiraf|Psychic|p1b: Venusaur
|-supereffective|p1b: Venusaur|1
|-damage|p1b: Venusaur|0 fnt
|faint|p1b: Venusaur
|move|p1a: Farigiraf|Hyper Voice|p2b: Charizard|[spread] p2a,p2b
|-damage|p2a: Farigiraf|53/100
|-damage|p2b: Charizard|42/100
|move|p2b: Charizard|Heat Wave|p1a: Farigiraf
|-damage|p1a: Farigiraf|0 fnt
|faint|p1a: Farigiraf
|
|win|Oscarm92
||You’reJustDead! is ready for game 2.
|inactive|Oscarm92 has 30 seconds to confirm battle start!
||Oscarm92 is ready for game 2.
|uhtml|next|Next: Game 2 of 3
|l|☆You’reJustDead!
|player|p1|
