|j|☆2daygon
|j|☆k1ngm3
|html|2daygonk1ngm3    
|uhtml|bestof|Game 1 of a best-of-3
|t:|1785464855
|gametype|doubles
|player|p1|2daygon|266|1058
|player|p2|k1ngm3|dragontamer|1100
|gen|9
|tier|[Gen 9 Champions] VGC 2026 Reg M-B (Bo3)
|rated|
|rule|Species Clause: Limit one of each Pokémon
|rule|Item Clause: Limit 1 of each item
|clearpoke
|poke|p1|Tyranitar, L50, M|
|poke|p1|Lycanroc, L50, F, shiny|
|poke|p1|Glimmora, L50, F|
|poke|p1|Aerodactyl, L50, F, shiny|
|poke|p1|Barbaracle, L50, F|
|poke|p1|Arcanine-Hisui, L50, M, shiny|
|poke|p2|Arbok, L50, M|
|poke|p2|Victreebel, L50, M|
|poke|p2|Skarmory, L50, M|
|poke|p2|Ditto, L50|
|poke|p2|Milotic, L50, F|
|poke|p2|Pelipper, L50, F|
|teampreview|4
|showteam|p1|Tyranitar||Tyranitarite|SandStream|RockSlide,KnockOff,AerialAce,Protect|Adamant||M|||50|]Lycanroc||LifeOrb|SandRush|CloseCombat,Accelerock,RockSlide,Protect|Adamant||F|||50|]Glimmora||SitrusBerry|ToxicDebris|EarthPower,EnergyBall,SludgeBomb,SpikyShield|Bold||F|||50|]Aerodactyl||Aerodactylite|Unnerve|RockSlide,DualWingbeat,Tailwind,Protect|Jolly||F|||50|]Barbaracle||Leftovers|ToughClaws|Liquidation,BulkUp,Earthquake,Protect|Adamant||F|||50|]Arcanine-Hisui||FocusSash|Intimidate|FlareBlitz,WildCharge,ExtremeSpeed,Protect|Jolly||M|||50|
|showteam|p2|Arbok||MentalHerb|Intimidate|Substitute,SludgeWave,SuckerPunch,Coil|Hasty||M|||50|]Victreebel||Victreebelite|Chlorophyll|GigaDrain,SludgeBomb,Lunge,WeatherBall|Mild||M|||50|]Skarmory||Skarmorite|WeakArmor|AirSlash,SteelWing,DrillRun,RockSlide|Naive||M|||50|]Ditto||ChoiceScarf|Imposter|Transform|Bold|||||50|]Milotic||Leftovers|Competitive|IcyWind,MuddyWater,Coil,Hypnosis|Calm||F|||50|]Pelipper||LifeOrb|RainDish|Hurricane,Tailwind,WeatherBall,Protect|Bold||F|||50|
|inactive|Battle timer is ON: inactive players will automatically lose when time's up. (requested by 2daygon)
|inactive|2daygon has 60 seconds left.
|inactive|k1ngm3 has 60 seconds left.
|
|t:|1785464909
|teamsize|p1|4
|teamsize|p2|4
|start
|switch|p1a: Aerodactyl|Aerodactyl, L50, F, shiny|100/100
|switch|p1b: Tyranitar|Tyranitar, L50, M|100/100
|switch|p2a: Arbok|Arbok, L50, M|100/100
|switch|p2b: Skarmory|Skarmory, L50, M|100/100
|-ability|p1a: Aerodactyl|Unnerve
|-ability|p2a: Arbok|Intimidate|boost
|-unboost|p1a: Aerodactyl|atk|1
|-unboost|p1b: Tyranitar|atk|1
|-weather|Sandstorm|[from] ability: Sand Stream|[of] p1b: Tyranitar
|turn|1
|inactive|2daygon has 30 seconds left.
|inactive|k1ngm3 has 30 seconds left.
|inactive|k1ngm3 has 20 seconds left.
|
|t:|1785464946
|switch|p1b: Arcanine|Arcanine-Hisui, L50, M, shiny|100/100
|-ability|p1b: Arcanine|Intimidate|boost
|-unboost|p2a: Arbok|atk|1
|-unboost|p2b: Skarmory|atk|1
|detailschange|p2b: Skarmory|Skarmory-Mega, L50, M
|-mega|p2b: Skarmory|Skarmory|Skarmorite
|move|p1a: Aerodactyl|Tailwind|p1a: Aerodactyl
|-sidestart|p1: 2daygon|move: Tailwind
|move|p2b: Skarmory|Rock Slide|p1a: Aerodactyl|[spread] p1a,p1b
|-supereffective|p1a: Aerodactyl|1
|-supereffective|p1b: Arcanine|1
|-damage|p1a: Aerodactyl|55/100
|-damage|p1b: Arcanine|67/100
|move|p2a: Arbok|Coil|p2a: Arbok
|-boost|p2a: Arbok|atk|1
|-boost|p2a: Arbok|def|1
|-boost|p2a: Arbok|accuracy|1
|
|-weather|Sandstorm|[upkeep]
|-damage|p2a: Arbok|94/100|[from] Sandstorm
|upkeep
|turn|2
|inactive|2daygon has 30 seconds left.
|inactive|k1ngm3 has 30 seconds left.
|
|t:|1785464976
|switch|p1a: Tyranitar|Tyranitar, L50, M|100/100
|switch|p2b: Pelipper|Pelipper, L50, F|100/100
|move|p1b: Arcanine|Flare Blitz|p2b: Pelipper
|-resisted|p2b: Pelipper|1
|-damage|p2b: Pelipper|79/100
|-damage|p1b: Arcanine|60/100|[from] Recoil
|move|p2a: Arbok|Sludge Wave|p1b: Arcanine|[spread] p2b,p1a,p1b
|-resisted|p1a: Tyranitar|1
|-resisted|p1b: Arcanine|1
|-damage|p2b: Pelipper|52/100
|-damage|p1a: Tyranitar|95/100
|-damage|p1b: Arcanine|53/100
|
|-weather|Sandstorm|[upkeep]
|-damage|p2a: Arbok|88/100|[from] Sandstorm
|-damage|p2b: Pelipper|46/100|[from] Sandstorm
|upkeep
|turn|3
|inactive|2daygon has 30 seconds left.
|inactive|k1ngm3 has 30 seconds left.
|inactive|2daygon has 20 seconds left.
|inactive|2daygon has 15 seconds left.
|
|t:|1785465018
|switch|p2b: Ditto|Ditto, L50|100/100
|-transform|p2b: Ditto|p1a: Tyranitar|[from] ability: Imposter
|move|p1b: Arcanine|Wild Charge|p2b: Ditto
|-damage|p2b: Ditto|67/100
|-damage|p1b: Arcanine|45/100|[from] Recoil
|move|p1a: Tyranitar|Rock Slide|p2b: Ditto|[spread] p2a,p2b
|-damage|p2a: Arbok|51/100
|-damage|p2b: Ditto|34/100
|cant|p2a: Arbok|flinch
|
|-weather|Sandstorm|[upkeep]
|-damage|p2a: Arbok|45/100|[from] Sandstorm
|upkeep
|turn|4
|inactive|2daygon has 30 seconds left.
|inactive|2daygon has 20 seconds left.
|
|t:|1785465056
|switch|p1b: Barbaracle|Barbaracle, L50, F|100/100
|move|p1a: Tyranitar|Protect|p1a: Tyranitar
|-singleturn|p1a: Tyranitar|Protect
|move|p2a: Arbok|Sucker Punch||[still]
|-fail|p2a: Arbok
|move|p2b: Ditto|Rock Slide|p1a: Tyranitar|[spread] p1b
|-activate|p1a: Tyranitar|move: Protect
|-damage|p1b: Barbaracle|74/100
|
|-weather|Sandstorm|[upkeep]
|-damage|p2a: Arbok|40/100|[from] Sandstorm
|-heal|p1b: Barbaracle|80/100|[from] item: Leftovers
|-sideend|p1: 2daygon|move: Tailwind
|upkeep
|turn|5
|inactive|k1ngm3 has 30 seconds left.
|
|t:|1785465082
|switch|p1a: Aerodactyl|Aerodactyl, L50, F, shiny|55/100
|-ability|p1a: Aerodactyl|Unnerve
|move|p2b: Ditto|Rock Slide|p1a: Aerodactyl|[spread] p1a,p1b
|-supereffective|p1a: Aerodactyl|1
|-damage|p1a: Aerodactyl|0 fnt
|-damage|p1b: Barbaracle|56/100
|faint|p1a: Aerodactyl
|move|p2a: Arbok|Substitute|p2a: Arbok
|-start|p2a: Arbok|Substitute
|-damage|p2a: Arbok|15/100
|move|p1b: Barbaracle|Earthquake|p2a: Arbok|[spread] p2a,p2b
|-supereffective|p2a: Arbok|1
|-end|p2a: Arbok|Substitute
|-supereffective|p2b: Ditto|1
|-crit|p2b: Ditto
|-damage|p2b: Ditto|0 fnt
|faint|p2b: Ditto
|
|-weather|none
|-heal|p1b: Barbaracle|62/100|[from] item: Leftovers
|upkeep
|
|t:|1785465100
|switch|p1a: Tyranitar|Tyranitar, L50, M|95/100
|switch|p2b: Skarmory|Skarmory-Mega, L50, M|100/100
|-weather|Sandstorm|[from] ability: Sand Stream|[of] p1a: Tyranitar
|turn|6
|inactive|k1ngm3 has 30 seconds left.
|
|t:|1785465127
|switch|p2a: Pelipper|Pelipper, L50, F|46/100
|switch|p1a: Arcanine|Arcanine-Hisui, L50, M, shiny|45/100
|-ability|p1a: Arcanine|Intimidate|boost
|-unboost|p2a: Pelipper|atk|1
|-unboost|p2b: Skarmory|atk|1
|move|p2b: Skarmory|Drill Run|p1a: Arcanine|[miss]
|-miss|p2b: Skarmory|p1a: Arcanine
|move|p1b: Barbaracle|Bulk Up|p1b: Barbaracle
|-boost|p1b: Barbaracle|atk|1
|-boost|p1b: Barbaracle|def|1
|
|-weather|Sandstorm|[upkeep]
|-damage|p2a: Pelipper|40/100|[from] Sandstorm
|-heal|p1b: Barbaracle|68/100|[from] item: Leftovers
|upkeep
|turn|7
|inactive|2daygon has 30 seconds left.
|
|t:|1785465153
|switch|p2b: Arbok|Arbok, L50, M|15/100
|-ability|p2b: Arbok|Intimidate|boost
|-unboost|p1a: Arcanine|atk|1
|-unboost|p1b: Barbaracle|atk|1
|move|p1a: Arcanine|Flare Blitz|p2b: Arbok
|-damage|p2b: Arbok|0 fnt
|faint|p2b: Arbok
|-damage|p1a: Arcanine|41/100|[from] Recoil
|move|p1b: Barbaracle|Bulk Up|p1b: Barbaracle
|-boost|p1b: Barbaracle|atk|1
|-boost|p1b: Barbaracle|def|1
|move|p2a: Pelipper|Tailwind|p2a: Pelipper
|-sidestart|p2: k1ngm3|move: Tailwind
|
|-weather|Sandstorm|[upkeep]
|-damage|p2a: Pelipper|34/100|[from] Sandstorm
|-heal|p1b: Barbaracle|74/100|[from] item: Leftovers
|upkeep
|
|t:|1785465169
|switch|p2b: Skarmory|Skarmory-Mega, L50, M|100/100
|turn|8
|
|t:|1785465183
|move|p1a: Arcanine|Extreme Speed|p2a: Pelipper
|-damage|p2a: Pelipper|21/100
|move|p2b: Skarmory|Steel Wing|p1a: Arcanine
|-damage|p1a: Arcanine|0 fnt
|faint|p1a: Arcanine
|move|p2a: Pelipper|Hurricane|p1b: Barbaracle
|-resisted|p1b: Barbaracle|1
|-damage|p1b: Barbaracle|58/100
|-damage|p2a: Pelipper|11/100|[from] item: Life Orb
|move|p1b: Barbaracle|Bulk Up|p1b: Barbaracle
|-boost|p1b: Barbaracle|atk|1
|-boost|p1b: Barbaracle|def|1
|
|-weather|Sandstorm|[upkeep]
|-damage|p2a: Pelipper|5/100|[from] Sandstorm
|-heal|p1b: Barbaracle|64/100|[from] item: Leftovers
|upkeep
|
|t:|1785465196
|switch|p1a: Tyranitar|Tyranitar, L50, M|95/100
|turn|9
|
|t:|1785465210
|move|p1a: Tyranitar|Protect|p1a: Tyranitar
|-singleturn|p1a: Tyranitar|Protect
|move|p2b: Skarmory|Steel Wing|p1b: Barbaracle
|-damage|p1b: Barbaracle|50/100g
|move|p2a: Pelipper|Weather Ball|p1b: Barbaracle
|-damage|p1b: Barbaracle|29/100
|-damage|p2a: Pelipper|0 fnt|[from] item: Life Orb
|faint|p2a: Pelipper
|move|p1b: Barbaracle|Bulk Up|p1b: Barbaracle
|-boost|p1b: Barbaracle|atk|1
|-boost|p1b: Barbaracle|def|1
|
|-weather|Sandstorm|[upkeep]
|-heal|p1b: Barbaracle|35/100|[from] item: Leftovers
|upkeep
|turn|10
|
|t:|1785465230
|move|p2b: Skarmory|Rock Slide|p1b: Barbaracle|[spread] p1a,p1b
|-damage|p1a: Tyranitar|78/100
|-damage|p1b: Barbaracle|29/100
|cant|p1a: Tyranitar|flinch
|move|p1b: Barbaracle|Liquidation|p2b: Skarmory
|-damage|p2b: Skarmory|0 fnt
|faint|p2b: Skarmory
|
|win|2daygon
||k1ngm3 is ready for game 2.
|inactive|2daygon has 30 seconds to confirm battle start!
