|j|☆jagheter
|j|☆thethigotherworld
|html|jagheterthethigotherworld    
|uhtml|bestof|Game 3 of a best-of-3
|t:|1756444819
|gametype|doubles
|player|p1|jagheter|worker|1023
|player|p2|thethigotherworld|ghetsis|1087
|gen|9
|tier|[Gen 9] VGC 2025 Reg H (Bo3)
|rated|
|rule|Species Clause: Limit one of each Pokémon
|rule|Item Clause: Limit 1 of each item
|clearpoke
|poke|p1|Venusaur, L50, F|
|poke|p1|Volcarona, L50, F|
|poke|p1|Incineroar, L50, M|
|poke|p1|Grimmsnarl, L50, M|
|poke|p1|Dondozo, L50, M|
|poke|p1|Rillaboom, L50, M|
|poke|p2|Ursaluna-Bloodmoon, L50, M|
|poke|p2|Electabuzz, L50, F|
|poke|p2|Rillaboom, L50, M|
|poke|p2|Dragonite, L50, F|
|poke|p2|Blaziken, L50, F|
|poke|p2|Palafin, L50, M|
|teampreview|4
|showteam|p1|Venusaur||WideLens|Chlorophyll|SleepPowder,Protect,SludgeBomb,EarthPower|||F|||50|,,,,,Ghost]Volcarona||CovertCloak|FlameBody|FieryDance,GigaDrain,QuiverDance,Protect|||F|||50|,,,,,Dragon]Incineroar||MirrorHerb|Intimidate|FakeOut,KnockOff,Taunt,FlareBlitz|||M|||50|,,,,,Ghost]Grimmsnarl||BlackGlasses|Prankster|Reflect,LightScreen,SpiritBreak,SuckerPunch|||M|||50|,,,,,Dark]Dondozo||Leftovers|Unaware|Fissure,Protect,Liquidation,Yawn|||M|||50|,,,,,Ghost]Rillaboom||AssaultVest|GrassySurge|FakeOut,WoodHammer,GrassyGlide,Uturn|||M|||50|,,,,,Fire
|showteam|p2|Ursaluna-Bloodmoon||Leftovers|MindsEye|HyperVoice,EarthPower,CalmMind,Protect|||M|||50|,,,,,Ghost]Electabuzz||Eviolite|VitalSpirit|Electroweb,Thunderbolt,FollowMe,Protect|||F|||50|,,,,,Ghost]Rillaboom||AssaultVest|GrassySurge|GrassyGlide,WoodHammer,FakeOut,Uturn|||M|||50|,,,,,Fire]Dragonite||LoadedDice|InnerFocus|ExtremeSpeed,ScaleShot,DragonDance,Protect|||F|||50|,,,,,Fairy]Blaziken||FocusSash|SpeedBoost|Coaching,HeatWave,AuraSphere,Detect|||F|||50|,,,,,Fire]Palafin||MysticWater|ZerotoHero|JetPunch,FlipTurn,Haze,Protect|||M|||50|,,,,,Grass
|
|t:|1756444852
|teamsize|p1|4
|teamsize|p2|4
|start
|switch|p1a: Venusaur|Venusaur, L50, F, shiny|100/100
|switch|p1b: Volcarona|Volcarona, L50, F, shiny|100/100
|switch|p2a: Blaziken|Blaziken, L50, F, shiny|100/100
|switch|p2b: Palafin|Palafin, L50, M|100/100
|turn|1
|
|t:|1756444884
|-terastallize|p2a: Blaziken|Fire
|-terastallize|p1b: Volcarona|Dragon
|move|p1a: Venusaur|Sleep Powder|p2a: Blaziken
|-status|p2a: Blaziken|slp|[from] move: Sleep Powder
|move|p2b: Palafin|Flip Turn|p1b: Volcarona
|-resisted|p1b: Volcarona
|-damage|p1b: Volcarona|86/100
|
|t:|1756444889
|detailschange|p2b: Palafin|Palafin-Hero, L50, M
|switch|p2b: Electabuzz|Electabuzz, L50, F|100/100|[from] Flip Turn
|cant|p2a: Blaziken|slp
|move|p1b: Volcarona|Quiver Dance|p1b: Volcarona
|-boost|p1b: Volcarona|spa|1
|-boost|p1b: Volcarona|spd|1
|-boost|p1b: Volcarona|spe|1
|
|-ability|p2a: Blaziken|Speed Boost|boost
|-boost|p2a: Blaziken|spe|1
|upkeep
|turn|2
|
|t:|1756444903
|-curestatus|p2a: Blaziken|slp|[msg]
|move|p2a: Blaziken|Heat Wave|p1b: Volcarona|[spread] p1a,p1b
|-supereffective|p1a: Venusaur
|-resisted|p1b: Volcarona
|-damage|p1a: Venusaur|12/100
|-damage|p1b: Volcarona|71/100
|move|p1b: Volcarona|Fiery Dance|p2a: Blaziken
|-resisted|p2a: Blaziken
|-damage|p2a: Blaziken|58/100
|move|p1a: Venusaur|Earth Power|p2a: Blaziken
|-supereffective|p2a: Blaziken
|-damage|p2a: Blaziken|0 fnt
|faint|p2a: Blaziken
|move|p2b: Electabuzz|Electroweb|p1a: Venusaur|[spread] p1a,p1b
|-resisted|p1a: Venusaur
|-resisted|p1b: Volcarona
|-damage|p1a: Venusaur|6/100
|-damage|p1b: Volcarona|67/100
|-unboost|p1a: Venusaur|spe|1
|
|upkeep
|
|t:|1756444909
|switch|p2a: Palafin|Palafin-Hero, L50, M|100/100
|-activate|p2a: Palafin|ability: Zero to Hero
|turn|3
|
|t:|1756444925
|switch|p1a: Incineroar|Incineroar, L50, M, shiny|100/100
|-ability|p1a: Incineroar|Intimidate|boost
|-unboost|p2a: Palafin|atk|1
|-unboost|p2b: Electabuzz|atk|1
|move|p1b: Volcarona|Protect|p1b: Volcarona
|-singleturn|p1b: Volcarona|Protect
|move|p2a: Palafin|Jet Punch|p1b: Volcarona
|-activate|p1b: Volcarona|move: Protect
|move|p2b: Electabuzz|Electroweb|p1a: Incineroar|[spread] p1a
|-activate|p1b: Volcarona|move: Protect
|-damage|p1a: Incineroar|86/100
|-unboost|p1a: Incineroar|spe|1
|
|upkeep
|turn|4
|
|t:|1756444944
|move|p2a: Palafin|Protect|p2a: Palafin
|-singleturn|p2a: Palafin|Protect
|move|p1a: Incineroar|Fake Out|p2a: Palafin
|-activate|p2a: Palafin|move: Protect
|move|p1b: Volcarona|Quiver Dance|p1b: Volcarona
|-boost|p1b: Volcarona|spa|1
|-boost|p1b: Volcarona|spd|1
|-boost|p1b: Volcarona|spe|1
|move|p2b: Electabuzz|Electroweb|p1a: Incineroar|[spread] p1a,p1b
|-resisted|p1b: Volcarona
|-damage|p1a: Incineroar|74/100
|-damage|p1b: Volcarona|64/100
|-unboost|p1a: Incineroar|spe|1
|
|upkeep
|turn|5
|
|t:|1756444957
|switch|p1a: Venusaur|Venusaur, L50, F, shiny|6/100
|move|p1b: Volcarona|Protect|p1b: Volcarona
|-singleturn|p1b: Volcarona|Protect
|move|p2b: Electabuzz|Follow Me|p2b: Electabuzz
|-singleturn|p2b: Electabuzz|move: Follow Me
|move|p2a: Palafin|Haze|p2a: Palafin
|-clearallboost
|
|upkeep
|turn|6
|
|t:|1756444981
|move|p2a: Palafin|Jet Punch|p1a: Venusaur
|-resisted|p1a: Venusaur
|-damage|p1a: Venusaur|0 fnt
|faint|p1a: Venusaur
|move|p2b: Electabuzz|Electroweb|p1b: Volcarona
|-resisted|p1b: Volcarona
|-damage|p1b: Volcarona|55/100
|move|p1b: Volcarona|Fiery Dance|p2b: Electabuzz
|-damage|p2b: Electabuzz|70/100
|
|upkeep
|
|t:|1756444990
|switch|p1a: Incineroar|Incineroar, L50, M, shiny|74/100
|-ability|p1a: Incineroar|Intimidate|boost
|-unboost|p2a: Palafin|atk|1
|-unboost|p2b: Electabuzz|atk|1
|turn|7
|
|t:|1756444999
|switch|p2a: Ursaluna|Ursaluna-Bloodmoon, L50, M|100/100
|switch|p1a: Dondozo|Dondozo, L50, M, shiny|100/100
|move|p2b: Electabuzz|Electroweb|p1a: Dondozo|[spread] p1a,p1b
|-supereffective|p1a: Dondozo
|-resisted|p1b: Volcarona
|-damage|p1a: Dondozo|80/100
|-damage|p1b: Volcarona|49/100
|-unboost|p1a: Dondozo|spe|1
|move|p1b: Volcarona|Quiver Dance|p1b: Volcarona
|-boost|p1b: Volcarona|spa|1
|-boost|p1b: Volcarona|spd|1
|-boost|p1b: Volcarona|spe|1
|
|-heal|p1a: Dondozo|86/100|[from] item: Leftovers
|upkeep
|turn|8
|
|t:|1756445016
|move|p2b: Electabuzz|Follow Me|p2b: Electabuzz
|-singleturn|p2b: Electabuzz|move: Follow Me
|move|p1b: Volcarona|Giga Drain|p2b: Electabuzz
|-damage|p2b: Electabuzz|42/100
|-heal|p1b: Volcarona|62/100|[from] drain|[of] p2b: Electabuzz
|move|p2a: Ursaluna|Hyper Voice|p1a: Dondozo|[spread] p1a,p1b
|-damage|p1a: Dondozo|57/100
|-damage|p1b: Volcarona|39/100
|move|p1a: Dondozo|Fissure|p2b: Electabuzz|[miss]
|-miss|p1a: Dondozo|p2b: Electabuzz
|
|-heal|p1a: Dondozo|63/100|[from] item: Leftovers
|upkeep
|turn|9
|
|t:|1756445038
|move|p1a: Dondozo|Protect|p1a: Dondozo
|-singleturn|p1a: Dondozo|Protect
|move|p2b: Electabuzz|Follow Me|p2b: Electabuzz
|-singleturn|p2b: Electabuzz|move: Follow Me
|move|p1b: Volcarona|Giga Drain|p2b: Electabuzz
|-damage|p2b: Electabuzz|14/100
|-heal|p1b: Volcarona|51/100|[from] drain|[of] p2b: Electabuzz
|move|p2a: Ursaluna|Hyper Voice|p1a: Dondozo|[spread] p1b
|-activate|p1a: Dondozo|move: Protect
|-damage|p1b: Volcarona|28/100
|
|-heal|p1a: Dondozo|69/100|[from] item: Leftovers
|upkeep
|turn|10
|
|t:|1756445065
|move|p2b: Electabuzz|Protect|p2b: Electabuzz
|-singleturn|p2b: Electabuzz|Protect
|move|p1b: Volcarona|Giga Drain|p2b: Electabuzz
|-activate|p2b: Electabuzz|move: Protect
|move|p2a: Ursaluna|Calm Mind|p2a: Ursaluna
|-boost|p2a: Ursaluna|spa|1
|-boost|p2a: Ursaluna|spd|1
|move|p1a: Dondozo|Yawn|p2a: Ursaluna
|-start|p2a: Ursaluna|move: Yawn|[of] p1a: Dondozo
|
|-heal|p1a: Dondozo|75/100|[from] item: Leftovers
|upkeep
|turn|11
|
|t:|1756445080
|switch|p2a: Palafin|Palafin-Hero, L50, M|100/100
|move|p1b: Volcarona|Protect|p1b: Volcarona
|-singleturn|p1b: Volcarona|Protect
|move|p1a: Dondozo|Protect|p1a: Dondozo
|-singleturn|p1a: Dondozo|Protect
|move|p2b: Electabuzz|Thunderbolt|p1a: Dondozo
|-activate|p1a: Dondozo|move: Protect
|
|-heal|p1a: Dondozo|82/100|[from] item: Leftovers
|upkeep
|turn|12
|
|t:|1756445092
|switch|p1a: Incineroar|Incineroar, L50, M, shiny|74/100
|-ability|p1a: Incineroar|Intimidate|boost
|-unboost|p2a: Palafin|atk|1
|-unboost|p2b: Electabuzz|atk|1
|move|p2a: Palafin|Jet Punch|p1b: Volcarona
|-resisted|p1b: Volcarona
|-damage|p1b: Volcarona|10/100
|move|p1b: Volcarona|Giga Drain|p2a: Palafin
|-supereffective|p2a: Palafin
|-damage|p2a: Palafin|33/100
|-heal|p1b: Volcarona|44/100|[from] drain|[of] p2a: Palafin
|move|p2b: Electabuzz|Thunderbolt|p1b: Volcarona
|-resisted|p1b: Volcarona
|-damage|p1b: Volcarona|36/100
|
|upkeep
|turn|13
|
|t:|1756445110
|move|p1a: Incineroar|Fake Out|p2a: Palafin
|-damage|p2a: Palafin|21/100
|cant|p2a: Palafin|flinch
|move|p1b: Volcarona|Giga Drain|p2b: Electabuzz
|-damage|p2b: Electabuzz|0 fnt
|-heal|p1b: Volcarona|42/100|[from] drain|[of] p2b: Electabuzz
|faint|p2b: Electabuzz
|
|upkeep
|-message|thethigotherworld forfeited.
|
|win|jagheter
|raw|jagheter's rating: 1023 → 1066(+43 for winning)
|raw|thethigotherworld's rating: 1087 → 1060(-27 for losing)
|l|☆thethigotherworld
|player|p2|
