|j|☆nachoconpicodgallo
|j|☆9mel
|html|nachoconpicodgallo9mel    
|uhtml|bestof|Game 2 of a best-of-3
|t:|1786067544
|gametype|doubles
|player|p1|nachoconpicodgallo|guitarist|1117
|player|p2|9mel|veteran|1019
|gen|9
|tier|[Gen 9 Champions] VGC 2026 Reg M-B (Bo3)
|rated|
|rule|Species Clause: Limit one of each Pokémon
|rule|Item Clause: Limit 1 of each item
|clearpoke
|poke|p1|Gengar, L50, M, shiny|
|poke|p1|Ninetales-Alola, L50, M, shiny|
|poke|p1|Incineroar, L50, M|
|poke|p1|Scovillain, L50, M|
|poke|p1|Lycanroc-Dusk, L50, F|
|poke|p1|Dragonite, L50, M|
|poke|p2|Annihilape, L50, F|
|poke|p2|Staraptor, L50, M, shiny|
|poke|p2|Ceruledge, L50, M|
|poke|p2|Incineroar, L50, M|
|poke|p2|Charizard, L50, M, shiny|
|poke|p2|Sinistcha, L50|
|teampreview|4
|showteam|p1|Gengar||Gengarite|CursedBody|ShadowBall,SludgeBomb,Substitute,Protect|Modest||M|||50|]Ninetales-Alola||ChoiceScarf|SnowWarning|Blizzard,FreezeDry,IcyWind,Encore|Timid||M|||50|]Incineroar||SitrusBerry|Intimidate|PartingShot,FlareBlitz,ThroatChop,FakeOut|Impish||M|||50|]Scovillain||Scovillainite|Moody|Overheat,GigaDrain,RagePowder,Protect|Bold||M|||50|]Lycanroc-Dusk||FocusSash|ToughClaws|RockSlide,CloseCombat,Accelerock,Protect|Adamant||F|||50|]Dragonite||LifeOrb|InnerFocus|DragonClaw,ExtremeSpeed,Superpower,Protect|Adamant||M|||50|
|showteam|p2|Annihilape||ChestoBerry|Defiant|RageFist,DrainPunch,BulkUp,Rest|Careful||F|||50|]Staraptor||Staraptite|Intimidate|CloseCombat,BraveBird,Roost,Protect|Adamant||M|||50|]Ceruledge||ColburBerry|FlashFire|BitterBlade,ShadowSneak,BulkUp,Protect|Adamant||M|||50|]Incineroar||SitrusBerry|Intimidate|FakeOut,DarkestLariat,PartingShot,FlareBlitz|Impish||M|||50|]Charizard||CharizarditeY|Blaze|WeatherBall,HeatWave,SolarBeam,Protect|Timid||M|||50|]Sinistcha||KasibBerry|Hospitality|MatchaGotcha,LifeDew,RagePowder,Protect|Bold|||||50|
|inactive|Battle timer is ON: inactive players will automatically lose when time's up. (requested by nachoconpicodgallo)
|inactive|9mel has 60 seconds left.
|
|t:|1786067589
|teamsize|p1|4
|teamsize|p2|4
|start
|switch|p1a: Incineroar|Incineroar, L50, M|100/100
|switch|p1b: Dragonite|Dragonite, L50, M|100/100
|switch|p2a: Charizard|Charizard, L50, M, shiny|100/100
|switch|p2b: Ceruledge|Ceruledge, L50, M|100/100
|-ability|p1a: Incineroar|Intimidate|boost
|-unboost|p2a: Charizard|atk|1
|-unboost|p2b: Ceruledge|atk|1
|turn|1
|inactive|9mel has 30 seconds left.
|
|t:|1786067616
|detailschange|p2a: Charizard|Charizard-Mega-Y, L50, M, shiny
|-mega|p2a: Charizard|Charizard|Charizardite Y
|-weather|SunnyDay|[from] ability: Drought|[of] p2a: Charizard
|move|p2a: Charizard|Protect|p2a: Charizard
|-singleturn|p2a: Charizard|Protect
|move|p1b: Dragonite|Dragon Claw|p2b: Ceruledge
|-damage|p2b: Ceruledge|35/100
|-damage|p1b: Dragonite|90/100|[from] item: Life Orb
|move|p2b: Ceruledge|Bulk Up|p2b: Ceruledge
|-boost|p2b: Ceruledge|atk|1
|-boost|p2b: Ceruledge|def|1
|move|p1a: Incineroar|Parting Shot|p2b: Ceruledge
|-unboost|p2b: Ceruledge|atk|1
|-unboost|p2b: Ceruledge|spa|1
|
|t:|1786067627
|switch|p1a: Lycanroc|Lycanroc-Dusk, L50, F|100/100|[from] Parting Shot
|
|-weather|SunnyDay|[upkeep]
|upkeep
|turn|2
|
|t:|1786067649
|switch|p2a: Sinistcha|Sinistcha, L50|100/100
|-heal|p2b: Ceruledge|60/100|[from] ability: Hospitality|[of] p2a: Sinistcha
|switch|p2b: Annihilape|Annihilape, L50, F|100/100
|move|p1a: Lycanroc|Rock Slide|p2b: Annihilape|[spread] p2a,p2b
|-resisted|p2b: Annihilape|1
|-damage|p2a: Sinistcha|75/100
|-damage|p2b: Annihilape|88/100
|move|p1b: Dragonite|Dragon Claw|p2a: Sinistcha
|-damage|p2a: Sinistcha|21/100
|-damage|p1b: Dragonite|80/100|[from] item: Life Orb
|
|-weather|SunnyDay|[upkeep]
|upkeep
|turn|3
|inactive|9mel has 30 seconds left.
|
|t:|1786067675
|switch|p1a: Gengar|Gengar, L50, M, shiny|100/100
|move|p2a: Sinistcha|Protect|p2a: Sinistcha
|-singleturn|p2a: Sinistcha|Protect
|move|p2b: Annihilape|Drain Punch|p1a: Gengar
|-immune|p1a: Gengar
|move|p1b: Dragonite|Dragon Claw|p2a: Sinistcha
|-activate|p2a: Sinistcha|move: Protect
|
|-weather|SunnyDay|[upkeep]
|upkeep
|turn|4
|
|t:|1786067700
|switch|p2a: Charizard|Charizard-Mega-Y, L50, M, shiny|100/100
|detailschange|p1a: Gengar|Gengar-Mega, L50, M, shiny
|-mega|p1a: Gengar|Gengar|Gengarite
|move|p1a: Gengar|Substitute|p1a: Gengar
|-start|p1a: Gengar|Substitute
|-damage|p1a: Gengar|75/100
|move|p2b: Annihilape|Rage Fist|p1a: Gengar
|-supereffective|p1a: Gengar|1
|-end|p1a: Gengar|Substitute
|move|p1b: Dragonite|Dragon Claw|p2a: Charizard
|-damage|p2a: Charizard|12/100
|-damage|p1b: Dragonite|70/100|[from] item: Life Orb
|
|-weather|SunnyDay|[upkeep]
|upkeep
|turn|5
|
|t:|1786067724
|move|p1b: Dragonite|Extreme Speed|p2a: Charizard
|-damage|p2a: Charizard|0 fnt
|faint|p2a: Charizard
|-damage|p1b: Dragonite|61/100|[from] item: Life Orb
|move|p1a: Gengar|Shadow Ball|p2b: Annihilape
|-supereffective|p2b: Annihilape|1
|-damage|p2b: Annihilape|1/100
|move|p2b: Annihilape|Rest|p2b: Annihilape
|-status|p2b: Annihilape|slp|[from] move: Rest
|-heal|p2b: Annihilape|100/100 slp|[silent]
|-enditem|p2b: Annihilape|Chesto Berry|[eat]
|-curestatus|p2b: Annihilape|slp|[msg]
|
|-weather|none
|upkeep
|
|t:|1786067741
|switch|p2a: Ceruledge|Ceruledge, L50, M|60/100
|turn|6
|
|t:|1786067753
|move|p2a: Ceruledge|Shadow Sneak|p1a: Gengar
|-supereffective|p1a: Gengar|1
|-damage|p1a: Gengar|20/100r
|move|p1a: Gengar|Shadow Ball|p2b: Annihilape
|-supereffective|p2b: Annihilape|1
|-damage|p2b: Annihilape|17/100
|move|p2b: Annihilape|Rage Fist|p1a: Gengar
|-supereffective|p1a: Gengar|1
|-damage|p1a: Gengar|0 fnt
|faint|p1a: Gengar
|move|p1b: Dragonite|Dragon Claw|p2b: Annihilape
|-damage|p2b: Annihilape|0 fnt
|faint|p2b: Annihilape
|-damage|p1b: Dragonite|51/100|[from] item: Life Orb
|
|upkeep
|
|t:|1786067769
|switch|p1a: Incineroar|Incineroar, L50, M|100/100
|switch|p2b: Sinistcha|Sinistcha, L50|21/100
|-ability|p1a: Incineroar|Intimidate|boost
|-unboost|p2a: Ceruledge|atk|1
|-unboost|p2b: Sinistcha|atk|1
|-heal|p2a: Ceruledge|85/100|[from] ability: Hospitality|[of] p2b: Sinistcha
|turn|7
|
|t:|1786067787
|move|p2b: Sinistcha|Protect|p2b: Sinistcha
|-singleturn|p2b: Sinistcha|Protect
|move|p2a: Ceruledge|Bulk Up|p2a: Ceruledge
|-boost|p2a: Ceruledge|atk|1
|-boost|p2a: Ceruledge|def|1
|move|p1b: Dragonite|Dragon Claw|p2b: Sinistcha
|-activate|p2b: Sinistcha|move: Protect
|move|p1a: Incineroar|Parting Shot|p2a: Ceruledge
|-unboost|p2a: Ceruledge|atk|1
|-unboost|p2a: Ceruledge|spa|1
|
|t:|1786067790
|switch|p1a: Lycanroc|Lycanroc-Dusk, L50, F|100/100|[from] Parting Shot
|
|upkeep
|turn|8
|
|t:|1786067807
|move|p1a: Lycanroc|Rock Slide|p2a: Ceruledge|[spread] p2a,p2b
|-supereffective|p2a: Ceruledge|1
|-damage|p2a: Ceruledge|39/100
|-damage|p2b: Sinistcha|0 fnt
|faint|p2b: Sinistcha
|move|p2a: Ceruledge|Bulk Up|p2a: Ceruledge
|-boost|p2a: Ceruledge|atk|1
|-boost|p2a: Ceruledge|def|1
|move|p1b: Dragonite|Dragon Claw|p2a: Ceruledge
|-damage|p2a: Ceruledge|3/100
|-damage|p1b: Dragonite|41/100|[from] item: Life Orb
|
|upkeep
|turn|9
|
|t:|1786067818
|move|p1a: Lycanroc|Accelerock|p2a: Ceruledge
|-supereffective|p2a: Ceruledge|1
|-damage|p2a: Ceruledge|0 fnt
|faint|p2a: Ceruledge
|
|win|nachoconpicodgallo
