|j|☆Beeetch
|j|☆Gozante
|html|BeeetchGozante    
|uhtml|bestof|Game 2 of a best-of-3
|t:|1756304695
|gametype|doubles
|player|p1|Beeetch|beauty-gen4dp|1316
|player|p2|Gozante|169|1467
|gen|9
|tier|[Gen 9] VGC 2025 Reg H (Bo3)
|rated|
|rule|Species Clause: Limit one of each Pokémon
|rule|Item Clause: Limit 1 of each item
|clearpoke
|poke|p1|Toedscruel, L50, F|
|poke|p1|Weezing-Galar, L50, F|
|poke|p1|Corviknight, L50, F|
|poke|p1|Pawmot, L50, F|
|poke|p1|Garchomp, L50, F|
|poke|p1|Typhlosion-Hisui, L50, M|
|poke|p2|Pelipper, L50, F|
|poke|p2|Archaludon, L50, M|
|poke|p2|Sinistcha, L50|
|poke|p2|Ursaluna, L50, F|
|poke|p2|Dragonite, L50, M|
|poke|p2|Incineroar, L50, M|
|teampreview|4
|showteam|p1|Toedscruel||CovertCloak|MyceliumMight|Spore,EarthPower,AcidSpray,RagePowder|||F|||50|,,,,,Water]Weezing-Galar||ChoiceSpecs|NeutralizingGas|DazzlingGleam,SludgeBomb,StrangeSteam,Flamethrower|||F|||50|,,,,,Flying]Corviknight||SitrusBerry|MirrorArmor|Protect,Tailwind,Roost,BraveBird|||F|||50|,,,,,Dragon]Pawmot||FocusSash|NaturalCure|Protect,CloseCombat,DoubleShock,FakeOut|||F|||50|,,,,,Electric]Garchomp||LifeOrb|RoughSkin|Protect,Earthquake,DragonClaw,StompingTantrum|||F|||50|,,,,,Ground]Typhlosion-Hisui||ChoiceScarf|Blaze|Eruption,SleepTalk,HeatWave,ShadowBall|||M|||50|,,,,,Fire
|showteam|p2|Pelipper||FocusSash|Drizzle|MuddyWater,Hurricane,WideGuard,Tailwind|||F|||50|,,,,,Ground]Archaludon||AssaultVest|Stamina|FlashCannon,BodyPress,ElectroShot,Snarl|||M|||50|,,,,,Bug]Sinistcha||SitrusBerry|Hospitality|MatchaGotcha,LifeDew,RagePowder,TrickRoom||||||50|,,,,,Dark]Ursaluna||FlameOrb|Guts|Protect,Facade,HeadlongRush,Earthquake|||F|||50|,,,,,Ghost]Dragonite||LoadedDice|Multiscale|Protect,ScaleShot,Haze,Tailwind|||M|||50|,,,,,Fairy]Incineroar||SafetyGoggles|Intimidate|FakeOut,PartingShot,KnockOff,FlareBlitz|||M|||50|,,,,,Ghost
|
|t:|1756304753
|teamsize|p1|4
|teamsize|p2|4
|start
|switch|p1a: Weezing|Weezing-Galar, L50, F|100/100
|switch|p1b: Corviknight|Corviknight, L50, F|100/100
|switch|p2a: Dragonite|Dragonite, L50, M|100/100
|switch|p2b: Ursaluna|Ursaluna, L50, F|100/100
|-ability|p1a: Weezing|Neutralizing Gas
|turn|1
|
|t:|1756304769
|move|p2b: Ursaluna|Protect|p2b: Ursaluna
|-singleturn|p2b: Ursaluna|Protect
|move|p2a: Dragonite|Tailwind|p2a: Dragonite
|-sidestart|p2: Gozante|move: Tailwind
|move|p1b: Corviknight|Tailwind|p1b: Corviknight
|-sidestart|p1: Beeetch|move: Tailwind
|move|p1a: Weezing|Dazzling Gleam|p2a: Dragonite|[spread] p2a
|-activate|p2b: Ursaluna|move: Protect
|-supereffective|p2a: Dragonite
|-damage|p2a: Dragonite|17/100
|
|-status|p2b: Ursaluna|brn|[from] item: Flame Orb
|upkeep
|turn|2
|
|t:|1756304791
|-terastallize|p1a: Weezing|Flying
|move|p2a: Dragonite|Protect|p2a: Dragonite
|-singleturn|p2a: Dragonite|Protect
|move|p2b: Ursaluna|Facade|p1a: Weezing
|-damage|p1a: Weezing|24/100
|move|p1b: Corviknight|Brave Bird|p2b: Ursaluna
|-damage|p2b: Ursaluna|61/100 brn
|-damage|p1b: Corviknight|87/100|[from] Recoil
|move|p1a: Weezing|Dazzling Gleam|p2b: Ursaluna|[spread] p2b
|-activate|p2a: Dragonite|move: Protect
|-damage|p2b: Ursaluna|23/100 brn
|
|-damage|p2b: Ursaluna|17/100 brn|[from] brn
|upkeep
|turn|3
|
|t:|1756304817
|move|p2a: Dragonite|Scale Shot|p1a: Weezing
|-damage|p1a: Weezing|8/100
|-damage|p1a: Weezing|0 fnt
|faint|p1a: Weezing
|-end|p1a: Weezing|ability: Neutralizing Gas
|-hitcount|p1: Weezing|2
|-unboost|p2a: Dragonite|def|1
|-boost|p2a: Dragonite|spe|1
|move|p2b: Ursaluna|Facade|p1b: Corviknight
|-resisted|p1b: Corviknight
|-damage|p1b: Corviknight|36/100
|-enditem|p1b: Corviknight|Sitrus Berry|[eat]
|-heal|p1b: Corviknight|61/100|[from] item: Sitrus Berry
|move|p1b: Corviknight|Brave Bird|p2a: Dragonite
|-damage|p2a: Dragonite|0 fnt
|faint|p2a: Dragonite
|-damage|p1b: Corviknight|57/100|[from] Recoil
|
|-damage|p2b: Ursaluna|11/100 brn|[from] brn
|upkeep
|
|t:|1756304825
|switch|p2a: Sinistcha|Sinistcha, L50|100/100
|switch|p1a: Garchomp|Garchomp, L50, F|100/100
|-heal|p2b: Ursaluna|36/100 brn|[from] ability: Hospitality|[of] p2a: Sinistcha
|turn|4
|
|t:|1756304838
|-terastallize|p2a: Sinistcha|Dark
|move|p2b: Ursaluna|Protect|p2b: Ursaluna
|-singleturn|p2b: Ursaluna|Protect
|move|p1a: Garchomp|Earthquake|p2b: Ursaluna|[spread] p2a
|-activate|p2b: Ursaluna|move: Protect
|-immune|p1b: Corviknight
|-damage|p2a: Sinistcha|54/100
|-damage|p1a: Garchomp|91/100|[from] item: Life Orb
|move|p1b: Corviknight|Brave Bird|p2a: Sinistcha
|-damage|p2a: Sinistcha|15/100
|-enditem|p2a: Sinistcha|Sitrus Berry|[eat]
|-heal|p2a: Sinistcha|39/100|[from] item: Sitrus Berry
|-damage|p1b: Corviknight|45/100|[from] Recoil
|move|p2a: Sinistcha|Trick Room|p2a: Sinistcha
|-fieldstart|move: Trick Room|[of] p2a: Sinistcha
|
|-damage|p2b: Ursaluna|30/100 brn|[from] brn
|-sideend|p2: Gozante|move: Tailwind
|-sideend|p1: Beeetch|move: Tailwind
|upkeep
|turn|5
|
|t:|1756304876
|move|p1a: Garchomp|Protect|p1a: Garchomp
|-singleturn|p1a: Garchomp|Protect
|move|p2a: Sinistcha|Life Dew|p2a: Sinistcha|[spread] p2a,p2b
|-heal|p2a: Sinistcha|65/100
|-heal|p2b: Ursaluna|55/100 brn
|move|p1b: Corviknight|Roost|p1b: Corviknight
|-heal|p1b: Corviknight|96/100
|-singleturn|p1b: Corviknight|move: Roost
|move|p2b: Ursaluna|Facade|p1b: Corviknight
|-resisted|p1b: Corviknight
|-damage|p1b: Corviknight|40/100
|
|-damage|p2b: Ursaluna|49/100 brn|[from] brn
|upkeep
|turn|6
|
|t:|1756304898
|move|p2a: Sinistcha|Life Dew|p2a: Sinistcha|[spread] p2a,p2b
|-heal|p2a: Sinistcha|90/100
|-heal|p2b: Ursaluna|74/100 brn
|move|p1b: Corviknight|Brave Bird|p2b: Ursaluna
|-damage|p2b: Ursaluna|39/100 brn
|-damage|p1b: Corviknight|28/100|[from] Recoil
|move|p2b: Ursaluna|Facade|p1a: Garchomp
|-damage|p1a: Garchomp|0 fnt
|-damage|p2b: Ursaluna|27/100 brn|[from] ability: Rough Skin|[of] p1a: Garchomp
|faint|p1a: Garchomp
|
|-damage|p2b: Ursaluna|21/100 brn|[from] brn
|upkeep
|
|t:|1756304911
|switch|p1a: Pawmot|Pawmot, L50, F|100/100
|turn|7
|
|t:|1756304927
|switch|p2b: Incineroar|Incineroar, L50, M|100/100
|-ability|p2b: Incineroar|Intimidate|boost
|-unboost|p1a: Pawmot|atk|1
|-ability|p1b: Corviknight|Mirror Armor
|-unboost|p2b: Incineroar|atk|1
|move|p1a: Pawmot|Fake Out|p2a: Sinistcha
|-damage|p2a: Sinistcha|82/100
|cant|p2a: Sinistcha|flinch
|move|p1b: Corviknight|Brave Bird|p2b: Incineroar
|-damage|p2b: Incineroar|58/100
|-damage|p1b: Corviknight|14/100|[from] Recoil
|
|upkeep
|turn|8
|
|t:|1756304956
|move|p2b: Incineroar|Fake Out|p1a: Pawmot
|-damage|p1a: Pawmot|88/100
|move|p2a: Sinistcha|Life Dew|p2a: Sinistcha|[spread] p2a,p2b
|-heal|p2a: Sinistcha|100/100
|-heal|p2b: Incineroar|84/100
|move|p1b: Corviknight|Roost|p1b: Corviknight
|-heal|p1b: Corviknight|64/100
|-singleturn|p1b: Corviknight|move: Roost
|cant|p1a: Pawmot|flinch
|
|-fieldend|move: Trick Room
|upkeep
|turn|9
|
|t:|1756304979
|move|p1a: Pawmot|Close Combat|p2b: Incineroar
|-supereffective|p2b: Incineroar
|-damage|p2b: Incineroar|11/100
|-unboost|p1a: Pawmot|def|1
|-unboost|p1a: Pawmot|spd|1
|move|p1b: Corviknight|Brave Bird|p2b: Incineroar
|-damage|p2b: Incineroar|0 fnt
|faint|p2b: Incineroar
|-damage|p1b: Corviknight|61/100|[from] Recoil
|move|p2a: Sinistcha|Trick Room|p2a: Sinistcha
|-fieldstart|move: Trick Room|[of] p2a: Sinistcha
|
|upkeep
|
|t:|1756304983
|switch|p2b: Ursaluna|Ursaluna, L50, F|21/100 brn
|turn|10
|
|t:|1756305000
|move|p1a: Pawmot|Protect|p1a: Pawmot
|-singleturn|p1a: Pawmot|Protect
|move|p2a: Sinistcha|Life Dew||[still]|[spread] p2a,p2b
|-fail|p2a: Sinistcha|heal
|-heal|p2b: Ursaluna|46/100 brn
|move|p1b: Corviknight|Brave Bird|p2b: Ursaluna
|-damage|p2b: Ursaluna|10/100 brn
|-damage|p1b: Corviknight|49/100|[from] Recoil
|move|p2b: Ursaluna|Facade|p1a: Pawmot
|-activate|p1a: Pawmot|move: Protect
|
|-damage|p2b: Ursaluna|4/100 brn|[from] brn
|upkeep
|turn|11
|
|t:|1756305028
|move|p2a: Sinistcha|Rage Powder|p2a: Sinistcha
|-singleturn|p2a: Sinistcha|move: Rage Powder
|move|p1b: Corviknight|Roost|p1b: Corviknight
|-heal|p1b: Corviknight|99/100
|-singleturn|p1b: Corviknight|move: Roost
|move|p2b: Ursaluna|Facade|p1a: Pawmot
|-damage|p1a: Pawmot|0 fnt
|faint|p1a: Pawmot
|
|-damage|p2b: Ursaluna|0 fnt|[from] brn
|faint|p2b: Ursaluna
|upkeep
|turn|12
|
|t:|1756305041
|move|p2a: Sinistcha|Matcha Gotcha|p1b: Corviknight
|-resisted|p1b: Corviknight
|-damage|p1b: Corviknight|92/100
|move|p1b: Corviknight|Brave Bird|p2a: Sinistcha
|-damage|p2a: Sinistcha|59/100
|-damage|p1b: Corviknight|80/100|[from] Recoil
|
|upkeep
|turn|13
|
|t:|1756305051
|move|p2a: Sinistcha|Matcha Gotcha|p1b: Corviknight
|-resisted|p1b: Corviknight
|-damage|p1b: Corviknight|73/100
|-heal|p2a: Sinistcha|64/100|[from] drain|[of] p1b: Corviknight
|move|p1b: Corviknight|Brave Bird|p2a: Sinistcha
|-damage|p2a: Sinistcha|26/100
|-damage|p1b: Corviknight|62/100|[from] Recoil
|
|-fieldend|move: Trick Room
|upkeep
|turn|14
|
|t:|1756305057
|move|p1b: Corviknight|Brave Bird|p2a: Sinistcha
|-damage|p2a: Sinistcha|0 fnt
|faint|p2a: Sinistcha
|-damage|p1b: Corviknight|55/100|[from] Recoil
|
|win|Beeetch
|raw|Beeetch's rating: 1316 → 1344(+28 for winning)
|raw|Gozante's rating: 1467 → 1439(-28 for losing)
|l|☆Gozante
|player|p2|
