|j|☆PuniHina
|j|☆new mental
|html|PuniHinanew mental    
|uhtml|bestof|Game 2 of a best-of-3
|t:|1783950009
|gametype|doubles
|player|p1|PuniHina|lacey|1287
|player|p2|new mental|volkner|1338
|gen|9
|tier|[Gen 9 Champions] VGC 2026 Reg M-B (Bo3)
|rated|
|rule|Species Clause: Limit one of each Pokémon
|rule|Item Clause: Limit 1 of each item
|clearpoke
|poke|p1|Meganium, L50, M, shiny|
|poke|p1|Altaria, L50, M|
|poke|p1|Incineroar, L50, F|
|poke|p1|Scizor, L50, M|
|poke|p1|Basculegion, L50, M|
|poke|p1|Garchomp, L50, F|
|poke|p2|Charizard, L50, M|
|poke|p2|Kingambit, L50, M|
|poke|p2|Sylveon, L50, M|
|poke|p2|Garchomp, L50, M|
|poke|p2|Aerodactyl, L50, M|
|poke|p2|Farigiraf, L50, F|
|teampreview|4
|showteam|p1|Meganium||Meganiumite|LeafGuard|SolarBeam,DazzlingGleam,Protect,EarthPower|Modest||M|||50|]Altaria||RoseliBerry|CloudNine|BraveBird,Roost,Tailwind,WillOWisp|Impish||M|||50|]Incineroar||PasshoBerry|Intimidate|FlareBlitz,ThroatChop,FakeOut,PartingShot|Impish||F|||50|]Scizor||Scizorite|Technician|BulletPunch,BugBite,Protect,SwordsDance|Adamant||M|||50|]Basculegion||SitrusBerry|Adaptability|WaveCrash,LastRespects,AquaJet,Protect|Adamant||M|||50|]Garchomp||LifeOrb|RoughSkin|StompingTantrum,DragonClaw,RockSlide,Protect|Jolly||F|||50|
|showteam|p2|Charizard||CharizarditeY|SolarPower|Protect,HeatWave,SolarBeam,WeatherBall|Modest||M|||50|]Kingambit||FocusSash|Defiant|IronHead,SuckerPunch,KowtowCleave,LowKick|Adamant||M|||50|]Sylveon||FairyFeather|Pixilate|Detect,HyperVoice,HyperBeam,QuickAttack|Modest||M|||50|]Garchomp||LifeOrb|RoughSkin|Protect,DragonClaw,Earthquake,RockSlide|Jolly||M|||50|]Aerodactyl||Aerodactylite|Unnerve|IceFang,RockSlide,Tailwind,DualWingbeat|Jolly||M|||50|]Farigiraf||SitrusBerry|ArmorTail|TrickRoom,Psychic,Thunderbolt,Roar|Bold||F|||50|
|
|t:|1783950017
|teamsize|p1|4
|teamsize|p2|4
|start
|switch|p1a: Scizor|Scizor, L50, M|100/100
|switch|p1b: Basculegion|Basculegion, L50, M|100/100
|switch|p2a: Charizard|Charizard, L50, M|100/100
|switch|p2b: Farigiraf|Farigiraf, L50, F|100/100
|turn|1
|
|t:|1783950025
|switch|p2b: Kingambit|Kingambit, L50, M|100/100
|detailschange|p2a: Charizard|Charizard-Mega-Y, L50, M
|-mega|p2a: Charizard|Charizard|Charizardite Y
|-weather|SunnyDay|[from] ability: Drought|[of] p2a: Charizard
|move|p1b: Basculegion|Protect|p1b: Basculegion
|-singleturn|p1b: Basculegion|Protect
|move|p1a: Scizor|Protect|p1a: Scizor
|-singleturn|p1a: Scizor|Protect
|move|p2a: Charizard|Heat Wave|p1b: Basculegion|[spread] 
|-activate|p1a: Scizor|move: Protect
|-activate|p1b: Basculegion|move: Protect
|
|-weather|SunnyDay|[upkeep]
|upkeep
|turn|2
|
|t:|1783950047
|switch|p1a: Altaria|Altaria, L50, M|100/100
|-ability|p1a: Altaria|Cloud Nine
|move|p2a: Charizard|Heat Wave|p1b: Basculegion|[spread] p1a,p1b
|-resisted|p1a: Altaria|1
|-resisted|p1b: Basculegion|1
|-damage|p1a: Altaria|82/100
|-damage|p1b: Basculegion|77/100
|move|p1b: Basculegion|Wave Crash|p2a: Charizard
|-supereffective|p2a: Charizard|1
|-damage|p2a: Charizard|0 fnt
|faint|p2a: Charizard
|-damage|p1b: Basculegion|48/100|[from] Recoil
|-enditem|p1b: Basculegion|Sitrus Berry|[eat]
|-heal|p1b: Basculegion|73/100|[from] item: Sitrus Berry
|move|p2b: Kingambit|Kowtow Cleave|p1b: Basculegion
|-supereffective|p1b: Basculegion|1
|-damage|p1b: Basculegion|0 fnt
|faint|p1b: Basculegion
|
|-weather|SunnyDay|[upkeep]
|upkeep
|
|t:|1783950063
|switch|p2a: Sylveon|Sylveon, L50, M|100/100
|switch|p1b: Scizor|Scizor, L50, M|100/100
|turn|3
|
|t:|1783950072
|switch|p2b: Farigiraf|Farigiraf, L50, F|100/100
|detailschange|p1b: Scizor|Scizor-Mega, L50, M
|-mega|p1b: Scizor|Scizor|Scizorite
|move|p1a: Altaria|Will-O-Wisp|p2b: Farigiraf
|-status|p2b: Farigiraf|brn
|move|p1b: Scizor|Bug Bite|p2b: Farigiraf
|-supereffective|p2b: Farigiraf|1
|-crit|p2b: Farigiraf
|-damage|p2b: Farigiraf|0 fnt
|-enditem|p2b: Farigiraf|Sitrus Berry|[from] stealeat|[move] Bug Bite|[of] p1b: Scizor
|faint|p2b: Farigiraf
|move|p2a: Sylveon|Hyper Voice|p1a: Altaria|[spread] p1a,p1b
|-supereffective|p1a: Altaria|1
|-enditem|p1a: Altaria|Roseli Berry|[eat]
|-enditem|p1a: Altaria|Roseli Berry|[weaken]
|-resisted|p1b: Scizor|1
|-damage|p1a: Altaria|42/100
|-damage|p1b: Scizor|77/100
|
|-weather|SunnyDay|[upkeep]
|upkeep
|
|t:|1783950087
|switch|p2b: Kingambit|Kingambit, L50, M|100/100
|turn|4
|
|t:|1783950092
|move|p2a: Sylveon|Detect|p2a: Sylveon
|-singleturn|p2a: Sylveon|Protect
|move|p1b: Scizor|Bullet Punch|p2a: Sylveon
|-activate|p2a: Sylveon|move: Protect
|move|p1a: Altaria|Will-O-Wisp|p2b: Kingambit
|-status|p2b: Kingambit|brn
|move|p2b: Kingambit|Kowtow Cleave|p1b: Scizor
|-damage|p1b: Scizor|58/100
|
|-weather|SunnyDay|[upkeep]
|-damage|p2b: Kingambit|93/100 brn|[from] brn
|upkeep
|turn|5
|
|t:|1783950105
|move|p2a: Sylveon|Detect|p2a: Sylveon
|-singleturn|p2a: Sylveon|Protect
|move|p1b: Scizor|Bullet Punch|p2a: Sylveon
|-activate|p2a: Sylveon|move: Protect
|move|p1a: Altaria|Brave Bird|p2a: Sylveon
|-activate|p2a: Sylveon|move: Protect
|move|p2b: Kingambit|Kowtow Cleave|p1b: Scizor
|-damage|p1b: Scizor|39/100
|
|-weather|none
|-damage|p2b: Kingambit|87/100 brn|[from] brn
|upkeep
|turn|6
|inactive|Battle timer is ON: inactive players will automatically lose when time's up. (requested by PuniHina)
|
|t:|1783950125
|move|p1b: Scizor|Bullet Punch|p2a: Sylveon
|-supereffective|p2a: Sylveon|1
|-damage|p2a: Sylveon|11/100
|move|p2b: Kingambit|Sucker Punch||[still]
|-fail|p2b: Kingambit
|move|p1a: Altaria|Brave Bird|p2a: Sylveon
|-damage|p2a: Sylveon|0 fnt
|faint|p2a: Sylveon
|-damage|p1a: Altaria|39/100|[from] Recoil
|
|-damage|p2b: Kingambit|81/100 brn|[from] brn
|upkeep
|turn|7
|-message|new mental forfeited.
|
|win|PuniHina
|raw|PuniHina's rating: 1287 → 1316(+29 for winning)
|raw|new mental's rating: 1338 → 1315(-23 for losing)
