|j|☆matrod
|j|☆SleepySilver07
|html|matrodSleepySilver07    
|uhtml|bestof|Game 2 of a best-of-3
|t:|1756016308
|gametype|doubles
|player|p1|matrod|steven|1177
|player|p2|SleepySilver07|265|1319
|gen|9
|tier|[Gen 9] VGC 2025 Reg H (Bo3)
|rated|
|rule|Species Clause: Limit one of each Pokémon
|rule|Item Clause: Limit 1 of each item
|clearpoke
|poke|p1|Incineroar, L50, M|
|poke|p1|Amoonguss, L50, M|
|poke|p1|Pelipper, L50, F|
|poke|p1|Archaludon, L50, F|
|poke|p1|Gholdengo, L50|
|poke|p1|Palafin, L50, M|
|poke|p2|Arcanine-Hisui, L50, F|
|poke|p2|Corviknight, L50, M|
|poke|p2|Garchomp, L50, M|
|poke|p2|Tyranitar, L50, F|
|poke|p2|Clefable, L50, M|
|poke|p2|Sinistcha-Masterpiece, L50|
|teampreview|4
|showteam|p1|Incineroar||RockyHelmet|Intimidate|KnockOff,FakeOut,WillOWisp,PartingShot|||M|||50|,,,,,Water]Amoonguss||SitrusBerry|Regenerator|Spore,Protect,RagePowder,PollenPuff|||M|||50|,,,,,Fairy]Pelipper||FocusSash|Drizzle|MuddyWater,Hurricane,Tailwind,Protect|||F|||50|,,,,,Ground]Archaludon||AssaultVest|Stamina|DracoMeteor,ElectroShot,FlashCannon,BodyPress|||F|||50|,,,,,Bug]Gholdengo||LifeOrb|GoodasGold|MakeItRain,ShadowBall,NastyPlot,Protect||||||50|,,,,,Bug]Palafin||MysticWater|ZerotoHero|WaveCrash,JetPunch,Haze,Protect|||M|||50|,,,,,Water
|showteam|p2|Arcanine-Hisui||ClearAmulet|Intimidate|FlareBlitz,HeadSmash,Howl,Protect|||F|||50|,,,,,Ghost]Corviknight||CovertCloak|MirrorArmor|BraveBird,Roost,BulkUp,Tailwind|||M|||50|,,,,,Dragon]Garchomp||LifeOrb|SandVeil|StompingTantrum,DragonClaw,Earthquake,Protect|||M|||50|,,,,,Steel]Tyranitar||AssaultVest|SandStream|RockSlide,KnockOff,TeraBlast,LowKick|||F|||50|,,,,,Flying]Clefable||RockyHelmet|Unaware|Moonblast,HelpingHand,Protect,FollowMe|||M|||50|,,,,,Grass]Sinistcha-Masterpiece||MiracleSeed|Hospitality|MatchaGotcha,ShadowBall,NastyPlot,TrickRoom||||||50|,,,,,Water
|inactive|Battle timer is ON: inactive players will automatically lose when time's up. (requested by matrod)
|inactive|matrod has 60 seconds left.
|
|t:|1756016363
|teamsize|p1|4
|teamsize|p2|4
|start
|switch|p1a: Gholdengo|Gholdengo, L50|100/100
|switch|p1b: Amoonguss|Amoonguss, L50, M, shiny|100/100
|switch|p2a: Corviknight|Corviknight, L50, M|100/100
|switch|p2b: Arcanine|Arcanine-Hisui, L50, F|100/100
|-ability|p2b: Arcanine|Intimidate|boost
|-unboost|p1a: Gholdengo|atk|1
|-unboost|p1b: Amoonguss|atk|1
|turn|1
|
|t:|1756016375
|move|p2b: Arcanine|Flare Blitz|p1b: Amoonguss
|-supereffective|p1b: Amoonguss
|-damage|p1b: Amoonguss|14/100
|-enditem|p1b: Amoonguss|Sitrus Berry|[eat]
|-heal|p1b: Amoonguss|39/100|[from] item: Sitrus Berry
|-damage|p2b: Arcanine|65/100|[from] Recoil
|move|p1a: Gholdengo|Nasty Plot|p1a: Gholdengo
|-boost|p1a: Gholdengo|spa|2
|move|p2a: Corviknight|Brave Bird|p1b: Amoonguss
|-supereffective|p1b: Amoonguss
|-damage|p1b: Amoonguss|0 fnt
|faint|p1b: Amoonguss
|-damage|p2a: Corviknight|87/100|[from] Recoil
|
|upkeep
|inactive|matrod has 30 seconds left.
|inactive|matrod has 20 seconds left.
|inactive|matrod has 15 seconds left.
|inactive|matrod has 10 seconds left.
|
|t:|1756016421
|switch|p1b: Pelipper|Pelipper, L50, F|100/100
|-weather|RainDance|[from] ability: Drizzle|[of] p1b: Pelipper
|turn|2
|inactive|SleepySilver07 has 30 seconds left.
|inactive|SleepySilver07 has 20 seconds left.
|
|t:|1756016461
|move|p1a: Gholdengo|Protect|p1a: Gholdengo
|-singleturn|p1a: Gholdengo|Protect
|move|p2b: Arcanine|Howl|p2b: Arcanine|[spread] p2a,p2b
|-boost|p2a: Corviknight|atk|1
|-boost|p2b: Arcanine|atk|1
|move|p1b: Pelipper|Tailwind|p1b: Pelipper
|-sidestart|p1: matrod|move: Tailwind
|move|p2a: Corviknight|Tailwind|p2a: Corviknight
|-sidestart|p2: SleepySilver07|move: Tailwind
|
|-weather|RainDance|[upkeep]
|upkeep
|turn|3
|
|t:|1756016482
|switch|p2a: Tyranitar|Tyranitar, L50, F|100/100
|-weather|Sandstorm|[from] ability: Sand Stream|[of] p2a: Tyranitar
|move|p2b: Arcanine|Flare Blitz|p1a: Gholdengo
|-supereffective|p1a: Gholdengo
|-damage|p1a: Gholdengo|0 fnt
|faint|p1a: Gholdengo
|-damage|p2b: Arcanine|29/100|[from] Recoil
|move|p1b: Pelipper|Muddy Water|p2b: Arcanine|[spread] p2b
|-miss|p1b: Pelipper|p2a: Tyranitar
|-supereffective|p2b: Arcanine
|-crit|p2b: Arcanine
|-damage|p2b: Arcanine|0 fnt
|faint|p2b: Arcanine
|
|-weather|Sandstorm|[upkeep]
|-damage|p1b: Pelipper|95/100|[from] Sandstorm
|upkeep
|
|t:|1756016497
|switch|p2b: Garchomp|Garchomp, L50, M|100/100
|switch|p1a: Archaludon|Archaludon, L50, F|100/100
|turn|4
|inactive|SleepySilver07 has 30 seconds left.
|
|t:|1756016529
|-terastallize|p2a: Tyranitar|Flying
|move|p1b: Pelipper|Protect|p1b: Pelipper
|-singleturn|p1b: Pelipper|Protect
|move|p2b: Garchomp|Earthquake|p1b: Pelipper|[spread] p1a
|-activate|p1b: Pelipper|move: Protect
|-immune|p2a: Tyranitar
|-supereffective|p1a: Archaludon
|-damage|p1a: Archaludon|25/100
|-ability|p1a: Archaludon|Stamina|boost
|-boost|p1a: Archaludon|def|1
|-damage|p2b: Garchomp|91/100|[from] item: Life Orb
|move|p1a: Archaludon|Draco Meteor|p2b: Garchomp|[miss]
|-miss|p1a: Archaludon|p2b: Garchomp
|move|p2a: Tyranitar|Rock Slide|p1b: Pelipper|[spread] p1a
|-activate|p1b: Pelipper|move: Protect
|-resisted|p1a: Archaludon
|-damage|p1a: Archaludon|18/100
|-ability|p1a: Archaludon|Stamina|boost
|-boost|p1a: Archaludon|def|1
|
|-weather|Sandstorm|[upkeep]
|-damage|p1b: Pelipper|89/100|[from] Sandstorm
|-damage|p2a: Tyranitar|94/100|[from] Sandstorm
|upkeep
|turn|5
|c|☆SleepySilver07|i love sand veil
|inactive|matrod has 30 seconds left.
|inactive|SleepySilver07 has 30 seconds left.
|inactive|SleepySilver07 has 20 seconds left.
|
|t:|1756016564
|-terastallize|p1a: Archaludon|Bug
|move|p2b: Garchomp|Earthquake|p1a: Archaludon|[spread] p1a
|-immune|p2a: Tyranitar
|-immune|p1b: Pelipper
|-resisted|p1a: Archaludon
|-damage|p1a: Archaludon|8/100
|-ability|p1a: Archaludon|Stamina|boost
|-boost|p1a: Archaludon|def|1
|-damage|p2b: Garchomp|81/100|[from] item: Life Orb
|move|p1b: Pelipper|Muddy Water|p2a: Tyranitar|[spread] p2a
|-miss|p1b: Pelipper|p2b: Garchomp
|-damage|p2a: Tyranitar|77/100
|-unboost|p2a: Tyranitar|accuracy|1
|move|p1a: Archaludon|Draco Meteor|p2b: Garchomp|[miss]
|-miss|p1a: Archaludon|p2b: Garchomp
|move|p2a: Tyranitar|Rock Slide|p1a: Archaludon|[spread] p1b
|-miss|p2a: Tyranitar|p1a: Archaludon
|-supereffective|p1b: Pelipper
|-damage|p1b: Pelipper|9/100
|
|-weather|Sandstorm|[upkeep]
|-damage|p1b: Pelipper|3/100|[from] Sandstorm
|-damage|p1a: Archaludon|2/100|[from] Sandstorm
|-damage|p2a: Tyranitar|71/100|[from] Sandstorm
|-sideend|p2: SleepySilver07|move: Tailwind
|-sideend|p1: matrod|move: Tailwind
|upkeep
|turn|6
|c|☆SleepySilver07|i love sand veil
|inactive|matrod has 30 seconds left.
|inactive|SleepySilver07 has 30 seconds left.
|inactive|matrod has 20 seconds left.
|inactive|SleepySilver07 has 20 seconds left.
|inactive|matrod has 15 seconds left.
|c|☆matrod|I didnt even realize you were sand veil holy
|inactive|matrod has 10 seconds left.
|
|t:|1756016611
|move|p2b: Garchomp|Dragon Claw|p1a: Archaludon
|-damage|p1a: Archaludon|0 fnt
|faint|p1a: Archaludon
|-damage|p2b: Garchomp|71/100|[from] item: Life Orb
|move|p1b: Pelipper|Muddy Water|p2b: Garchomp|[spread] p2a,p2b
|-damage|p2a: Tyranitar|52/100
|-damage|p2b: Garchomp|42/100
|-unboost|p2a: Tyranitar|accuracy|1
|-unboost|p2b: Garchomp|accuracy|1
|move|p2a: Tyranitar|Knock Off|p1b: Pelipper|[miss]
|-miss|p2a: Tyranitar|p1b: Pelipper
|
|-weather|Sandstorm|[upkeep]
|-damage|p1b: Pelipper|0 fnt|[from] Sandstorm
|-damage|p2a: Tyranitar|46/100|[from] Sandstorm
|faint|p1b: Pelipper
|
|win|SleepySilver07
|raw|matrod's rating: 1177 → 1162(-15 for losing)
|raw|SleepySilver07's rating: 1319 → 1331(+12 for winning)
