|j|☆dont make me walk
|j|☆Realfrytki
|html|dont make me walkRealfrytki    
|uhtml|bestof|Game 2 of a best-of-3
|t:|1755002644
|gametype|doubles
|player|p1|dont make me walk|red-masters3|1239
|player|p2|Realfrytki|veteranf|1320
|gen|9
|tier|[Gen 9] VGC 2025 Reg H (Bo3)
|rated|
|rule|Species Clause: Limit one of each Pokémon
|rule|Item Clause: Limit 1 of each item
|clearpoke
|poke|p1|Murkrow, L50, F|
|poke|p1|Indeedee-F, L50, F|
|poke|p1|Ursaluna-Bloodmoon, L50, M|
|poke|p1|Armarouge, L50, F|
|poke|p1|Gholdengo, L50|
|poke|p1|Annihilape, L50, F|
|poke|p2|Volcarona, L50, F|
|poke|p2|Rillaboom, L50, F|
|poke|p2|Dragonite, L50, F|
|poke|p2|Kingambit, L50, M|
|poke|p2|Sneasler, L50, M|
|poke|p2|Gastrodon, L50, F|
|teampreview|4
|showteam|p1|Murkrow||Eviolite|Prankster|Tailwind,FoulPlay,Haze,SunnyDay|||F|||50|,,,,,Ghost]Indeedee-F||RockyHelmet|PsychicSurge|FollowMe,TrickRoom,HelpingHand,Psychic|||F|||50|,,,,,Fairy]Ursaluna-Bloodmoon||LifeOrb|MindsEye|Protect,EarthPower,HyperVoice,BloodMoon|||M|||50|,,,,,Normal]Armarouge||PowerHerb|FlashFire|TrickRoom,MeteorBeam,HeatWave,ExpandingForce|||F|||50|,,,,,Grass]Gholdengo||ChoiceSpecs|GoodasGold|MakeItRain,ShadowBall,Thunderbolt,Trick||||||50|,,,,,Steel]Annihilape||SafetyGoggles|Defiant|Protect,BulkUp,RageFist,DrainPunch|||F|||50|,,,,,Fire
|showteam|p2|Volcarona||Leftovers|FlameBody|HeatWave,TeraBlast,QuiverDance,Protect|||F|||50|,,,,,Fairy]Rillaboom||MiracleSeed|GrassySurge|WoodHammer,GrassyGlide,FakeOut,Protect|||F|||50|,,,,,Fire]Dragonite||LoadedDice|Multiscale|ScaleShot,ExtremeSpeed,Haze,Protect|||F|||50|,,,,,Steel]Kingambit||AssaultVest|Defiant|KowtowCleave,SuckerPunch,IronHead,TeraBlast|||M|||50|,,,,,Flying]Sneasler||FocusSash|Unburden|CloseCombat,DireClaw,Coaching,FakeOut|||M|||50|,,,,,Stellar]Gastrodon||SitrusBerry|StormDrain|EarthPower,IceBeam,Yawn,Protect|||F|||50|,,,,,Poison
|inactive|Battle timer is ON: inactive players will automatically lose when time's up. (requested by dont make me walk)
|
|t:|1755002668
|teamsize|p1|4
|teamsize|p2|4
|start
|switch|p1a: Murkrow|Murkrow, L50, F, shiny|100/100
|switch|p1b: Ursaluna|Ursaluna-Bloodmoon, L50, M|100/100
|switch|p2a: Rillaboom|Rillaboom, L50, F|100/100
|switch|p2b: Volcarona|Volcarona, L50, F|100/100
|-fieldstart|move: Grassy Terrain|[from] ability: Grassy Surge|[of] p2a: Rillaboom
|turn|1
|
|t:|1755002679
|move|p1b: Ursaluna|Protect|p1b: Ursaluna
|-singleturn|p1b: Ursaluna|Protect
|move|p2a: Rillaboom|Fake Out|p1b: Ursaluna
|-activate|p1b: Ursaluna|move: Protect
|move|p2b: Volcarona|Quiver Dance|p2b: Volcarona
|-boost|p2b: Volcarona|spa|1
|-boost|p2b: Volcarona|spd|1
|-boost|p2b: Volcarona|spe|1
|move|p1a: Murkrow|Foul Play|p2a: Rillaboom
|-damage|p2a: Rillaboom|48/100
|
|-heal|p2a: Rillaboom|54/100|[from] Grassy Terrain
|upkeep
|turn|2
|inactive|Realfrytki has 30 seconds left.
|
|t:|1755002705
|-terastallize|p2b: Volcarona|Fairy
|-terastallize|p1b: Ursaluna|Normal
|move|p1a: Murkrow|Tailwind|p1a: Murkrow
|-sidestart|p1: dont make me walk|move: Tailwind
|move|p2b: Volcarona|Tera Blast|p1a: Murkrow|[anim] Tera Blast Fairy
|-supereffective|p1a: Murkrow
|-damage|p1a: Murkrow|0 fnt
|faint|p1a: Murkrow
|move|p1b: Ursaluna|Hyper Voice|p2a: Rillaboom|[spread] p2a,p2b
|-damage|p2a: Rillaboom|0 fnt
|-damage|p2b: Volcarona|56/100
|faint|p2a: Rillaboom
|-damage|p1b: Ursaluna|91/100|[from] item: Life Orb
|
|-heal|p2b: Volcarona|63/100|[from] Grassy Terrain
|-heal|p2b: Volcarona|69/100|[from] item: Leftovers
|-heal|p1b: Ursaluna|97/100|[from] Grassy Terrain
|upkeep
|
|t:|1755002724
|switch|p1a: Indeedee|Indeedee-F, L50, F|100/100
|switch|p2a: Sneasler|Sneasler, L50, M|100/100
|-fieldstart|move: Psychic Terrain|[from] ability: Psychic Surge|[of] p1a: Indeedee
|turn|3
|
|t:|1755002738
|move|p2b: Volcarona|Heat Wave|p1b: Ursaluna|[spread] p1a,p1b
|-damage|p1a: Indeedee|50/100
|-damage|p1b: Ursaluna|25/100
|move|p1b: Ursaluna|Hyper Voice|p2a: Sneasler|[spread] p2a,p2b
|-damage|p2a: Sneasler|5/100
|-damage|p2b: Volcarona|29/100
|-damage|p1b: Ursaluna|15/100|[from] item: Life Orb
|move|p2a: Sneasler|Close Combat|p1b: Ursaluna
|-supereffective|p1b: Ursaluna
|-damage|p1b: Ursaluna|0 fnt
|-unboost|p2a: Sneasler|def|1
|-unboost|p2a: Sneasler|spd|1
|faint|p1b: Ursaluna
|move|p1a: Indeedee|Psychic|p2a: Sneasler
|-supereffective|p2a: Sneasler
|-damage|p2a: Sneasler|0 fnt
|faint|p2a: Sneasler
|
|-heal|p2b: Volcarona|36/100|[from] item: Leftovers
|upkeep
|
|t:|1755002755
|switch|p2a: Kingambit|Kingambit, L50, M|100/100
|switch|p1b: Annihilape|Annihilape, L50, F, shiny|100/100
|turn|4
|inactive|dont make me walk has 30 seconds left.
|inactive|dont make me walk has 20 seconds left.
|inactive|dont make me walk has 15 seconds left.
|
|t:|1755002796
|move|p1a: Indeedee|Helping Hand|p1b: Annihilape
|-singleturn|p1b: Annihilape|Helping Hand|[of] p1a: Indeedee
|move|p1b: Annihilape|Rage Fist|p2b: Volcarona
|-damage|p2b: Volcarona|0 fnt
|-status|p1b: Annihilape|brn|[from] ability: Flame Body|[of] p2b: Volcarona
|faint|p2b: Volcarona
|move|p2a: Kingambit|Kowtow Cleave|p1a: Indeedee
|-supereffective|p1a: Indeedee
|-damage|p1a: Indeedee|0 fnt
|-damage|p2a: Kingambit|84/100|[from] item: Rocky Helmet|[of] p1a: Indeedee
|faint|p1a: Indeedee
|
|-damage|p1b: Annihilape|95/100 brn|[from] brn
|upkeep
|turn|5
|
|t:|1755002813
|move|p1b: Annihilape|Drain Punch|p2a: Kingambit
|-supereffective|p2a: Kingambit
|-damage|p2a: Kingambit|43/100
|-heal|p1b: Annihilape|100/100 brn|[from] drain|[of] p2a: Kingambit
|move|p2a: Kingambit|Kowtow Cleave|p1b: Annihilape
|-damage|p1b: Annihilape|52/100 brn
|
|-damage|p1b: Annihilape|46/100 brn|[from] brn
|-sideend|p1: dont make me walk|move: Tailwind
|upkeep
|turn|6
|
|t:|1755002830
|move|p1b: Annihilape|Bulk Up|p1b: Annihilape
|-boost|p1b: Annihilape|atk|1
|-boost|p1b: Annihilape|def|1
|move|p2a: Kingambit|Kowtow Cleave|p1b: Annihilape
|-damage|p1b: Annihilape|15/100 brn
|
|-damage|p1b: Annihilape|9/100 brn|[from] brn
|upkeep
|turn|7
|
|t:|1755002843
|move|p1b: Annihilape|Drain Punch|p2a: Kingambit
|-supereffective|p2a: Kingambit
|-damage|p2a: Kingambit|0 fnt
|-heal|p1b: Annihilape|30/100 brn|[from] drain|[of] p2a: Kingambit
|faint|p2a: Kingambit
|
|win|dont make me walk
|raw|dont make me walk's rating: 1239 → 1270(+31 for winning)
|raw|Realfrytki's rating: 1320 → 1295(-25 for losing)
|l|☆Realfrytki
|player|p2|
