|j|☆nice_flop
|j|☆TreyBayBay
|html|nice_flopTreyBayBay    
|uhtml|bestof|Game 1 of a best-of-3
|t:|1757686853
|gametype|doubles
|player|p1|nice_flop|1|1182
|player|p2|TreyBayBay|ninjaboy|1135
|gen|9
|tier|[Gen 9] VGC 2025 Reg H (Bo3)
|rated|
|rule|Species Clause: Limit one of each Pokémon
|rule|Item Clause: Limit 1 of each item
|clearpoke
|poke|p1|Malamar, L50, F|
|poke|p1|Rillaboom, L50, F|
|poke|p1|Incineroar, L50, F|
|poke|p1|Primarina, L50, F|
|poke|p1|Pelipper, L50, F|
|poke|p1|Archaludon, L50, F|
|poke|p2|Ninetales-Alola, L50, F|
|poke|p2|Farigiraf, L50, F|
|poke|p2|Sneasler, L50, F|
|poke|p2|Incineroar, L50, F|
|poke|p2|Archaludon, L50, M|
|poke|p2|Hydreigon, L50, M|
|teampreview|4
|showteam|p1|Malamar||SitrusBerry|Contrary|Protect,TopsyTurvy,KnockOff,Superpower|||F|||50|,,,,,Ghost]Rillaboom||MiracleSeed|GrassySurge|Protect,FakeOut,GrassyGlide,WoodHammer|||F|||50|,,,,,Grass]Incineroar||SafetyGoggles|Intimidate|PartingShot,FakeOut,KnockOff,FlareBlitz|||F|||50|,,,,,Ghost]Primarina||Leftovers|LiquidVoice|Protect,TeraBlast,Moonblast,HyperVoice|||F|||50|,,,,,Steel]Pelipper||FocusSash|Drizzle|Protect,Tailwind,WeatherBall,Hurricane|||F|||50|,,,,,Ghost]Archaludon||AssaultVest|Stamina|BodyPress,ElectroShot,FlashCannon,DracoMeteor|||F|||50|,,,,,Fairy
|showteam|p2|Ninetales-Alola||LightClay|SnowWarning|Protect,Blizzard,Moonblast,AuroraVeil|||F|||50|,,,,,Ghost]Farigiraf||ThroatSpray|ArmorTail|ExpandingForce,HyperVoice,TrickRoom,Imprison|||F|||50|,,,,,Fairy]Sneasler||FocusSash|PoisonTouch|FakeOut,DireClaw,CloseCombat,Taunt|||F|||50|,,,,,Stellar]Incineroar||SafetyGoggles|Intimidate|FakeOut,FlareBlitz,KnockOff,WillOWisp|||F|||50|,,,,,Ghost]Archaludon||AssaultVest|Stamina|DracoMeteor,FlashCannon,BodyPress,Snarl|||M|||50|,,,,,Bug]Hydreigon||CovertCloak|Levitate|DarkPulse,EarthPower,NastyPlot,Tailwind|||M|||50|,,,,,Ghost
|inactive|Battle timer is ON: inactive players will automatically lose when time's up. (requested by nice_flop)
|inactive|nice_flop has 60 seconds left.
|inactive|TreyBayBay has 60 seconds left.
|
|t:|1757686913
|teamsize|p1|4
|teamsize|p2|4
|start
|switch|p1a: Incineroar|Incineroar, L50, F|100/100
|switch|p1b: Primarina|Primarina, L50, F|100/100
|switch|p2a: Sneasler|Sneasler, L50, F|100/100
|switch|p2b: Hydreigon|Hydreigon, L50, M, shiny|100/100
|-ability|p1a: Incineroar|Intimidate|boost
|-unboost|p2a: Sneasler|atk|1
|-unboost|p2b: Hydreigon|atk|1
|turn|1
|inactive|nice_flop has 30 seconds left.
|inactive|TreyBayBay has 30 seconds left.
|inactive|nice_flop has 20 seconds left.
|inactive|nice_flop has 15 seconds left.
|
|t:|1757686955
|move|p2a: Sneasler|Fake Out|p1b: Primarina
|-damage|p1b: Primarina|89/100
|move|p1a: Incineroar|Fake Out|p2a: Sneasler
|-damage|p2a: Sneasler|77/100
|move|p2b: Hydreigon|Nasty Plot|p2b: Hydreigon
|-boost|p2b: Hydreigon|spa|2
|cant|p1b: Primarina|flinch
|
|-heal|p1b: Primarina|95/100|[from] item: Leftovers
|upkeep
|turn|2
|inactive|nice_flop has 30 seconds left.
|
|t:|1757686983
|-terastallize|p2b: Hydreigon|Ghost
|move|p2a: Sneasler|Dire Claw|p1b: Primarina
|-supereffective|p1b: Primarina
|-damage|p1b: Primarina|24/100
|-status|p1b: Primarina|par
|move|p2b: Hydreigon|Earth Power|p1a: Incineroar
|-supereffective|p1a: Incineroar
|-damage|p1a: Incineroar|0 fnt
|faint|p1a: Incineroar
|move|p1b: Primarina|Moonblast|p2b: Hydreigon
|-damage|p2b: Hydreigon|53/100
|
|-heal|p1b: Primarina|30/100 par|[from] item: Leftovers
|upkeep
|
|t:|1757687000
|switch|p1a: Pelipper|Pelipper, L50, F|100/100
|-weather|RainDance|[from] ability: Drizzle|[of] p1a: Pelipper
|turn|3
|
|t:|1757687017
|move|p2a: Sneasler|Dire Claw|p1a: Pelipper
|-damage|p1a: Pelipper|69/100
|move|p2b: Hydreigon|Dark Pulse|p1a: Pelipper
|-damage|p1a: Pelipper|0 fnt
|faint|p1a: Pelipper
|move|p1b: Primarina|Hyper Voice|p2b: Hydreigon|[spread] p2a,p2b
|-damage|p2a: Sneasler|1/100
|-damage|p2b: Hydreigon|2/100
|
|-weather|RainDance|[upkeep]
|-heal|p1b: Primarina|36/100 par|[from] item: Leftovers
|upkeep
|
|t:|1757687030
|switch|p1a: Archaludon|Archaludon, L50, F|100/100
|turn|4
|
|t:|1757687048
|switch|p2a: Ninetales|Ninetales-Alola, L50, F, shiny|100/100
|-weather|Snowscape|[from] ability: Snow Warning|[of] p2a: Ninetales
|move|p2b: Hydreigon|Earth Power|p1a: Archaludon
|-supereffective|p1a: Archaludon
|-damage|p1a: Archaludon|0 fnt
|faint|p1a: Archaludon
|move|p1b: Primarina|Hyper Voice|p2b: Hydreigon|[spread] p2a,p2b
|-crit|p2b: Hydreigon
|-damage|p2a: Ninetales|58/100
|-damage|p2b: Hydreigon|0 fnt
|faint|p2b: Hydreigon
|
|-weather|Snowscape|[upkeep]
|-heal|p1b: Primarina|43/100 par|[from] item: Leftovers
|upkeep
|
|t:|1757687061
|switch|p2b: Sneasler|Sneasler, L50, F|1/100
|turn|5
|
|t:|1757687067
|-terastallize|p1b: Primarina|Steel
|move|p2b: Sneasler|Dire Claw|p1b: Primarina
|-immune|p1b: Primarina
|move|p2a: Ninetales|Moonblast|p1b: Primarina
|-resisted|p1b: Primarina
|-damage|p1b: Primarina|27/100 par
|move|p1b: Primarina|Hyper Voice|p2a: Ninetales|[spread] p2a,p2b
|-damage|p2a: Ninetales|12/100
|-damage|p2b: Sneasler|0 fnt
|faint|p2b: Sneasler
|
|-weather|Snowscape|[upkeep]
|-heal|p1b: Primarina|33/100 par|[from] item: Leftovers
|upkeep
|
|t:|1757687079
|switch|p2b: Archaludon|Archaludon, L50, M, shiny|100/100
|turn|6
|
|t:|1757687086
|move|p2a: Ninetales|Blizzard|p1b: Primarina
|-resisted|p1b: Primarina
|-damage|p1b: Primarina|16/100 par
|move|p2b: Archaludon|Body Press|p1b: Primarina
|-supereffective|p1b: Primarina
|-crit|p1b: Primarina
|-damage|p1b: Primarina|0 fnt
|faint|p1b: Primarina
|
|win|TreyBayBay
