|j|☆Nudi777
|j|☆prod_axel
|html|Nudi777prod_axel    
|uhtml|bestof|Game 1 of a best-of-3
|t:|1757785559
|gametype|doubles
|player|p1|Nudi777|fisherman-gen4|1094
|player|p2|prod_axel|unknown|1201
|gen|9
|tier|[Gen 9] VGC 2025 Reg H (Bo3)
|rated|
|rule|Species Clause: Limit one of each Pokémon
|rule|Item Clause: Limit 1 of each item
|clearpoke
|poke|p1|Weezing-Galar, L50, F|
|poke|p1|Slaking, L50, F|
|poke|p1|Medicham, L50, M|
|poke|p1|Toedscruel, L50, M|
|poke|p1|Tinkaton, L50, F|
|poke|p1|Meowstic, L50, M|
|poke|p2|Basculegion, L50, M|
|poke|p2|Pelipper, L50, F|
|poke|p2|Archaludon, L50, M|
|poke|p2|Rillaboom, L50, M|
|poke|p2|Electabuzz, L50, F|
|poke|p2|Kingambit, L50, F|
|teampreview|4
|showteam|p1|Weezing-Galar||AguavBerry|NeutralizingGas|Protect,WillOWisp,Taunt,DazzlingGleam|||F|||50|,,,,,Steel]Slaking||ChoiceBand|Truant|DoubleEdge,Earthquake,HeavySlam,BrickBreak|||F|||50|,,,,,Normal]Medicham||AbilityShield|PurePower|Detect,SkillSwap,CloseCombat,FakeOut|||M|||50|,,,,,Ghost]Toedscruel||SitrusBerry|MyceliumMight|Spore,Protect,EarthPower,EnergyBall|||M|||50|,,,,,Dark]Tinkaton||Leftovers|MoldBreaker|GigatonHammer,Protect,SkillSwap,PlayRough|||F|||50|,,,,,Flying]Meowstic||CovertCloak|Prankster|Protect,TrickRoom,SkillSwap,FakeOut|||M|||50|,,,,,Psychic
|showteam|p2|Basculegion||ChoiceBand|SwiftSwim|WaveCrash,FlipTurn,AquaJet,LastRespects|||M|||50|,,,,,Water]Pelipper||FocusSash|Drizzle|Hurricane,WeatherBall,Protect,Tailwind|||F|||50|,,,,,Ghost]Archaludon||AssaultVest|Stamina|FlashCannon,DragonPulse,ElectroShot,BodyPress|||M|||50|,,,,,Fairy]Rillaboom||LoadedDice|GrassySurge|BulletSeed,GrassyGlide,FakeOut,HighHorsepower|||M|||50|,,,,,Fire]Electabuzz||Eviolite|VitalSpirit|FollowMe,Taunt,VoltSwitch,Electroweb|||F|||50|,,,,,Ghost]Kingambit||BlackGlasses|Defiant|SuckerPunch,KowtowCleave,SwordsDance,Protect|||F|||50|,,,,,Dark
|inactive|Battle timer is ON: inactive players will automatically lose when time's up. (requested by prod_axel)
|inactive|prod_axel has 60 seconds left.
|inactive|prod_axel has 30 seconds left.
|inactive|prod_axel has 20 seconds left.
|
|t:|1757785634
|teamsize|p1|4
|teamsize|p2|4
|start
|switch|p1a: Weezing|Weezing-Galar, L50, F|100/100
|switch|p1b: Medicham|Medicham, L50, M|100/100
|switch|p2a: Electabuzz|Electabuzz, L50, F|100/100
|switch|p2b: Rillaboom|Rillaboom, L50, M|100/100
|-ability|p1a: Weezing|Neutralizing Gas
|-block|p1b: Medicham|item: Ability Shield
|turn|1
|
|t:|1757785649
|move|p1b: Medicham|Detect|p1b: Medicham
|-singleturn|p1b: Medicham|Protect
|move|p2b: Rillaboom|Fake Out|p1a: Weezing
|-damage|p1a: Weezing|89/100
|move|p2a: Electabuzz|Taunt|p1b: Medicham
|-activate|p1b: Medicham|move: Protect
|cant|p1a: Weezing|flinch
|
|upkeep
|turn|2
|inactive|Nudi777 has 30 seconds left.
|inactive|prod_axel has 30 seconds left.
|inactive|Nudi777 has 20 seconds left.
|inactive|prod_axel has 20 seconds left.
|inactive|Nudi777 has 15 seconds left.
|
|t:|1757785691
|switch|p1b: Slaking|Slaking, L50, F|100/100
|move|p2a: Electabuzz|Taunt|p1b: Slaking
|-start|p1b: Slaking|move: Taunt
|move|p2b: Rillaboom|Bullet Seed|p1b: Slaking
|-damage|p1b: Slaking|90/100
|-damage|p1b: Slaking|79/100
|-crit|p1b: Slaking
|-damage|p1b: Slaking|62/100
|-damage|p1b: Slaking|51/100
|-hitcount|p1b: Slaking|4
|move|p1a: Weezing|Taunt|p2b: Rillaboom
|-start|p2b: Rillaboom|move: Taunt
|
|upkeep
|turn|3
|inactive|Nudi777 has 30 seconds left.
|inactive|prod_axel has 30 seconds left.
|
|t:|1757785720
|-terastallize|p1b: Slaking|Normal
|move|p2a: Electabuzz|Follow Me|p2a: Electabuzz
|-singleturn|p2a: Electabuzz|move: Follow Me
|move|p1b: Slaking|Double-Edge|p2a: Electabuzz
|-damage|p2a: Electabuzz|0 fnt
|faint|p2a: Electabuzz
|-damage|p1b: Slaking|26/100|[from] Recoil
|move|p2b: Rillaboom|Bullet Seed|p1b: Slaking
|-damage|p1b: Slaking|15/100
|-damage|p1b: Slaking|5/100
|-crit|p1b: Slaking
|-damage|p1b: Slaking|0 fnt
|faint|p1b: Slaking
|-hitcount|p1: Slaking|3
|move|p1a: Weezing|Will-O-Wisp|p2b: Rillaboom
|-status|p2b: Rillaboom|brn
|
|-damage|p2b: Rillaboom|95/100 brn|[from] brn
|upkeep
|
|t:|1757785737
|switch|p1b: Medicham|Medicham, L50, M|100/100
|switch|p2a: Archaludon|Archaludon, L50, M|100/100
|turn|4
|inactive|prod_axel has 30 seconds left.
|
|t:|1757785764
|-end|p1a: Weezing|ability: Neutralizing Gas
|-fieldstart|move: Grassy Terrain|[from] ability: Grassy Surge|[of] p2b: Rillaboom
|switch|p1a: Tinkaton|Tinkaton, L50, F|100/100
|-ability|p1a: Tinkaton|Mold Breaker
|-terastallize|p2a: Archaludon|Fairy
|move|p1b: Medicham|Skill Swap|p1a: Tinkaton
|-block|p1b: Medicham|item: Ability Shield
|move|p2b: Rillaboom|Bullet Seed|p1a: Tinkaton
|-resisted|p1a: Tinkaton
|-damage|p1a: Tinkaton|96/100
|-resisted|p1a: Tinkaton
|-crit|p1a: Tinkaton
|-damage|p1a: Tinkaton|88/100
|-resisted|p1a: Tinkaton
|-damage|p1a: Tinkaton|83/100
|-resisted|p1a: Tinkaton
|-crit|p1a: Tinkaton
|-damage|p1a: Tinkaton|76/100
|-resisted|p1a: Tinkaton
|-damage|p1a: Tinkaton|72/100
|-hitcount|p1a: Tinkaton|5
|move|p2a: Archaludon|Dragon Pulse|p1b: Medicham
|-damage|p1b: Medicham|25/100
|
|-heal|p1b: Medicham|31/100|[from] Grassy Terrain
|-heal|p1a: Tinkaton|78/100|[from] Grassy Terrain
|-heal|p1a: Tinkaton|84/100|[from] item: Leftovers
|-heal|p2b: Rillaboom|100/100 brn|[from] Grassy Terrain
|-damage|p2b: Rillaboom|95/100 brn|[from] brn
|upkeep
|turn|5
|inactive|Nudi777 has 30 seconds left.
|inactive|prod_axel has 30 seconds left.
|inactive|Nudi777 has 20 seconds left.
|inactive|prod_axel has 20 seconds left.
|inactive|Nudi777 has 15 seconds left.
|inactive|prod_axel has 15 seconds left.
|
|t:|1757785808
|switch|p2a: Pelipper|Pelipper, L50, F|100/100
|-weather|RainDance|[from] ability: Drizzle|[of] p2a: Pelipper
|move|p1b: Medicham|Close Combat|p2b: Rillaboom
|-damage|p2b: Rillaboom|16/100 brn
|-unboost|p1b: Medicham|def|1
|-unboost|p1b: Medicham|spd|1
|move|p1a: Tinkaton|Gigaton Hammer|p2a: Pelipper
|-resisted|p2a: Pelipper
|-damage|p2a: Pelipper|61/100
|move|p2b: Rillaboom|Bullet Seed|p1a: Tinkaton
|-resisted|p1a: Tinkaton
|-damage|p1a: Tinkaton|79/100
|-resisted|p1a: Tinkaton
|-damage|p1a: Tinkaton|75/100
|-resisted|p1a: Tinkaton
|-damage|p1a: Tinkaton|70/100
|-resisted|p1a: Tinkaton
|-damage|p1a: Tinkaton|65/100
|-hitcount|p1a: Tinkaton|4
|
|-weather|RainDance|[upkeep]
|-heal|p1b: Medicham|37/100|[from] Grassy Terrain
|-heal|p1a: Tinkaton|71/100|[from] Grassy Terrain
|-heal|p1a: Tinkaton|77/100|[from] item: Leftovers
|-heal|p2b: Rillaboom|22/100 brn|[from] Grassy Terrain
|-damage|p2b: Rillaboom|16/100 brn|[from] brn
|-end|p2b: Rillaboom|move: Taunt
|upkeep
|turn|6
|inactive|Nudi777 has 30 seconds left.
|
|t:|1757785836
|switch|p1b: Weezing|Weezing-Galar, L50, F|89/100
|-ability|p1b: Weezing|Neutralizing Gas
|move|p2b: Rillaboom|Grassy Glide|p1b: Weezing
|-resisted|p1b: Weezing
|-damage|p1b: Weezing|82/100
|move|p2a: Pelipper|Tailwind|p2a: Pelipper
|-sidestart|p2: prod_axel|move: Tailwind
|move|p1a: Tinkaton|Play Rough|p2b: Rillaboom
|-damage|p2b: Rillaboom|0 fnt
|faint|p2b: Rillaboom
|
|-weather|RainDance|[upkeep]
|-heal|p1a: Tinkaton|83/100|[from] Grassy Terrain
|-heal|p1a: Tinkaton|89/100|[from] item: Leftovers
|-heal|p1b: Weezing|88/100|[from] Grassy Terrain
|upkeep
|-message|Nudi777 forfeited.
|
|win|prod_axel
|l|☆Nudi777
|player|p1|
|raw|Nudi777's rating: 1094 → 1077(-17 for losing)
|raw|prod_axel's rating: 1201 → 1219(+18 for winning)
|l|☆prod_axel
|player|p2|
