|j|☆iceshard00
|j|☆Yoters
|html|iceshard00Yoters    
|uhtml|bestof|Game 1 of a best-of-3
|t:|1756151827
|gametype|doubles
|player|p1|iceshard00|lucas|1055
|player|p2|Yoters|veteranf|1044
|gen|9
|tier|[Gen 9] VGC 2025 Reg H (Bo3)
|rated|
|rule|Species Clause: Limit one of each Pokémon
|rule|Item Clause: Limit 1 of each item
|clearpoke
|poke|p1|Ninetales-Alola, L50, M|
|poke|p1|Baxcalibur, L50, F|
|poke|p1|Empoleon, L50, F|
|poke|p1|Volcarona, L50, M|
|poke|p1|Talonflame, L50, M|
|poke|p1|Rillaboom, L50, M|
|poke|p2|Torkoal, L50, M|
|poke|p2|Lilligant-Hisui, L50, F|
|poke|p2|Golem-Alola, L50, M|
|poke|p2|Corviknight, L50, M|
|poke|p2|Gliscor, L50, F|
|poke|p2|Dragapult, L50, F|
|teampreview|4
|showteam|p1|Ninetales-Alola||LightClay|SnowWarning|Blizzard,IcyWind,AuroraVeil,HelpingHand|||M|||50|,,,,,Water]Baxcalibur||ClearAmulet|ThermalExchange|IcicleCrash,GlaiveRush,HighHorsepower,Protect|||F|||50|,,,,,Fire]Empoleon||Leftovers|Competitive|WaterPledge,FlashCannon,Haze,Protect|||F|||50|,,,,,Fairy]Volcarona||SitrusBerry|FlameBody|HeatWave,GigaDrain,QuiverDance,Protect|||M|||50|,,,,,Grass]Talonflame||CovertCloak|GaleWings|DualWingbeat,FlareBlitz,Tailwind,Taunt|||M|||50|,,,,,Stellar]Rillaboom||AssaultVest|GrassySurge|WoodHammer,GrassyGlide,FakeOut,HighHorsepower|||M|||50|,,,,,Fire
|showteam|p2|Torkoal||EjectPack|Drought|Overheat,ClearSmog,EarthPower,Protect|||M|||50|,,,,,Grass]Lilligant-Hisui||LifeOrb|Chlorophyll|SolarBlade,IceSpinner,AfterYou,Protect|||F|||50|,,,,,Fire]Golem-Alola||ClearAmulet|Galvanize|Explosion,DoubleEdge,Protect,RockSlide|||M|||50|,,,,,Electric]Corviknight||RockyHelmet|MirrorArmor|LightScreen,Tailwind,BodyPress,Uturn|||M|||50|,,,,,Dragon]Gliscor||ToxicOrb|PoisonHeal|KnockOff,HighHorsepower,Protect,SunnyDay|||F|||50|,,,,,Steel]Dragapult||AssaultVest|ClearBody|DragonDarts,PsychicFangs,SuckerPunch,Uturn|||F|||50|,,,,,Fairy
|inactive|Battle timer is ON: inactive players will automatically lose when time's up. (requested by Yoters)
|
|t:|1756151892
|teamsize|p1|4
|teamsize|p2|4
|start
|switch|p1a: Rillaboom|Rillaboom, L50, M|100/100
|switch|p1b: Volcarona|Volcarona, L50, M|100/100
|switch|p2a: Dragapult|Dragapult, L50, F|100/100
|switch|p2b: Torkoal|Torkoal, L50, M|100/100
|-fieldstart|move: Grassy Terrain|[from] ability: Grassy Surge|[of] p1a: Rillaboom
|-weather|SunnyDay|[from] ability: Drought|[of] p2b: Torkoal
|turn|1
|inactive|iceshard00 has 30 seconds left.
|
|t:|1756151922
|-terastallize|p1a: Rillaboom|Fire
|move|p2b: Torkoal|Protect|p2b: Torkoal
|-singleturn|p2b: Torkoal|Protect
|move|p2a: Dragapult|Dragon Darts|p1b: Volcarona
|-damage|p1b: Volcarona|69/100
|-anim|p2a: Dragapult|Dragon Darts|p1a: Rillaboom
|-damage|p1a: Rillaboom|76/100
|move|p1b: Volcarona|Quiver Dance|p1b: Volcarona
|-boost|p1b: Volcarona|spa|1
|-boost|p1b: Volcarona|spd|1
|-boost|p1b: Volcarona|spe|1
|move|p1a: Rillaboom|High Horsepower|p2b: Torkoal
|-activate|p2b: Torkoal|move: Protect
|
|-weather|SunnyDay|[upkeep]
|-heal|p1b: Volcarona|75/100|[from] Grassy Terrain
|-heal|p1a: Rillaboom|82/100|[from] Grassy Terrain
|upkeep
|turn|2
|inactive|Yoters has 30 seconds left.
|inactive|Yoters has 20 seconds left.
|
|t:|1756151957
|move|p1b: Volcarona|Protect|p1b: Volcarona
|-singleturn|p1b: Volcarona|Protect
|move|p2a: Dragapult|U-turn|p1a: Rillaboom
|-resisted|p1a: Rillaboom
|-damage|p1a: Rillaboom|71/100
|inactive|Yoters has 30 seconds left.
|inactive|Yoters has 20 seconds left.
|
|t:|1756151996
|switch|p2a: Golem|Golem-Alola, L50, M|100/100|[from] U-turn
|move|p1a: Rillaboom|High Horsepower|p2b: Torkoal
|-supereffective|p2b: Torkoal
|-damage|p2b: Torkoal|54/100
|move|p2b: Torkoal|Clear Smog|p1b: Volcarona
|-activate|p1b: Volcarona|move: Protect
|
|-weather|SunnyDay|[upkeep]
|-heal|p1b: Volcarona|82/100|[from] Grassy Terrain
|-heal|p1a: Rillaboom|76/100|[from] Grassy Terrain
|-heal|p2b: Torkoal|60/100|[from] Grassy Terrain
|upkeep
|turn|3
|inactive|iceshard00 has 30 seconds left.
|inactive|iceshard00 has 20 seconds left.
|
|t:|1756152035
|-terastallize|p2a: Golem|Electric
|move|p2b: Torkoal|Protect|p2b: Torkoal
|-singleturn|p2b: Torkoal|Protect
|move|p1a: Rillaboom|Grassy Glide|p2a: Golem
|-damage|p2a: Golem|73/100
|move|p1b: Volcarona|Giga Drain|p2a: Golem
|-damage|p2a: Golem|2/100
|-heal|p1b: Volcarona|100/100|[from] drain|[of] p2a: Golem
|move|p2a: Golem|Explosion|p1b: Volcarona|[spread] p1a,p1b
|-activate|p2b: Torkoal|move: Protect
|-damage|p1a: Rillaboom|0 fnt
|-damage|p1b: Volcarona|0 fnt
|faint|p2a: Golem
|faint|p1a: Rillaboom
|faint|p1b: Volcarona
|
|-weather|SunnyDay|[upkeep]
|-heal|p2b: Torkoal|67/100|[from] Grassy Terrain
|upkeep
|
|t:|1756152057
|switch|p1b: Talonflame|Talonflame, L50, M|100/100
|switch|p1a: Empoleon|Empoleon, L50, F, shiny|100/100
|switch|p2a: Dragapult|Dragapult, L50, F|100/100
|turn|4
|
|t:|1756152075
|switch|p2b: Corviknight|Corviknight, L50, M|100/100
|move|p1b: Talonflame|Tailwind|p1b: Talonflame
|-sidestart|p1: iceshard00|move: Tailwind
|move|p2a: Dragapult|Dragon Darts|p1b: Talonflame
|-damage|p1b: Talonflame|59/100
|-anim|p2a: Dragapult|Dragon Darts|p1a: Empoleon
|-resisted|p1a: Empoleon
|-damage|p1a: Empoleon|87/100
|move|p1a: Empoleon|Water Pledge|p2b: Corviknight
|-damage|p2b: Corviknight|81/100
|
|-weather|SunnyDay|[upkeep]
|-heal|p1a: Empoleon|93/100|[from] Grassy Terrain
|-heal|p1a: Empoleon|99/100|[from] item: Leftovers
|upkeep
|turn|5
|inactive|iceshard00 has 30 seconds left.
|inactive|iceshard00 has 20 seconds left.
|
|t:|1756152115
|move|p1a: Empoleon|Protect|p1a: Empoleon
|-singleturn|p1a: Empoleon|Protect
|move|p2a: Dragapult|Sucker Punch|p1b: Talonflame
|-damage|p1b: Talonflame|19/100
|move|p1b: Talonflame|Flare Blitz|p2b: Corviknight
|-supereffective|p2b: Corviknight
|-damage|p2b: Corviknight|0 fnt
|-damage|p1b: Talonflame|3/100|[from] item: Rocky Helmet|[of] p2b: Corviknight
|faint|p2b: Corviknight
|-damage|p1b: Talonflame|0 fnt|[from] Recoil
|faint|p1b: Talonflame
|
|-weather|none
|-heal|p1a: Empoleon|100/100|[from] Grassy Terrain
|-fieldend|move: Grassy Terrain
|upkeep
|
|t:|1756152127
|switch|p2b: Torkoal|Torkoal, L50, M|67/100
|-weather|SunnyDay|[from] ability: Drought|[of] p2b: Torkoal
|turn|6
|
|t:|1756152137
|move|p2b: Torkoal|Protect|p2b: Torkoal
|-singleturn|p2b: Torkoal|Protect
|move|p2a: Dragapult|Sucker Punch|p1a: Empoleon
|-damage|p1a: Empoleon|72/100
|move|p1a: Empoleon|Water Pledge|p2b: Torkoal
|-activate|p2b: Torkoal|move: Protect
|
|-weather|SunnyDay|[upkeep]
|-heal|p1a: Empoleon|77/100|[from] item: Leftovers
|upkeep
|turn|7
|
|t:|1756152151
|move|p2a: Dragapult|Sucker Punch|p1a: Empoleon
|-damage|p1a: Empoleon|50/100
|move|p1a: Empoleon|Water Pledge|p2b: Torkoal
|-supereffective|p2b: Torkoal
|-damage|p2b: Torkoal|8/100
|move|p2b: Torkoal|Earth Power|p1a: Empoleon
|-supereffective|p1a: Empoleon
|-damage|p1a: Empoleon|0 fnt
|faint|p1a: Empoleon
|
|win|Yoters
||Yoters is ready for game 2.
|inactive|iceshard00 has 30 seconds to confirm battle start!
||iceshard00 is ready for game 2.
|uhtml|next|Next: Game 2 of 3
|l|☆Yoters
|player|p2|
