|j|☆Venomzito
|j|☆gjxbxjxjjxx
|html|Venomzitogjxbxjxjjxx    
|uhtml|bestof|Game 1 of a best-of-3
|t:|1785771284
|gametype|doubles
|player|p1|Venomzito|benga|1000
|player|p2|gjxbxjxjjxx|265|1000
|gen|9
|tier|[Gen 9 Champions] VGC 2026 Reg M-B (Bo3)
|rated|
|rule|Species Clause: Limit one of each Pokémon
|rule|Item Clause: Limit 1 of each item
|clearpoke
|poke|p1|Dragonite, L50, F|
|poke|p1|Kingambit, L50, M|
|poke|p1|Sableye, L50, M|
|poke|p1|Milotic, L50, F|
|poke|p1|Raichu, L50, M|
|poke|p1|Gallade, L50, M|
|poke|p2|Raichu, L50, M|
|poke|p2|Palafin, L50, F|
|poke|p2|Incineroar, L50, M|
|poke|p2|Garchomp, L50, F|
|poke|p2|Corviknight, L50, M|
|poke|p2|Banette, L50, F|
|teampreview|4
|showteam|p1|Dragonite||Dragoninite|InnerFocus|Tailwind,Hurricane,DracoMeteor,Protect|Timid||F|||50|]Kingambit||BlackGlasses|Defiant|KowtowCleave,SuckerPunch,Protect,LowKick|Adamant||M|||50|]Sableye||LightClay|Prankster|RainDance,FoulPlay,LightScreen,Reflect|Careful||M|||50|]Milotic||Leftovers|Competitive|Scald,Haze,IcyWind,Protect|Modest||F|||50|]Raichu||RaichuniteY|LightningRod|UpperHand,ZapCannon,Electroweb,Protect|Timid||M|||50|]Gallade||SitrusBerry|Sharpness|SacredSword,WideGuard,PsychoCut,Taunt|Adamant||M|||50|
|showteam|p2|Raichu||RaichuniteY|Static|ZapCannon,FocusBlast,FakeOut,Protect|Timid||M|||50|]Palafin||MysticWater|ZerotoHero|WaveCrash,JetPunch,Protect,DrainPunch|Adamant||F|||50|]Incineroar||SitrusBerry|Intimidate|FlareBlitz,FakeOut,PartingShot,DarkestLariat|Adamant||M|||50|]Garchomp||LifeOrb|RoughSkin|RockSlide,StompingTantrum,DragonClaw,Protect|Jolly||F|||50|]Corviknight||OccaBerry|MirrorArmor|BraveBird,Tailwind,IronHead,Protect|Jolly||M|||50|]Banette||Banettite|Frisk|WillOWisp,Protect,Poltergeist,RolePlay|Adamant||F|||50|
|inactive|Battle timer is ON: inactive players will automatically lose when time's up. (requested by Venomzito)
|inactive|Venomzito has 60 seconds left.
|
|t:|1785771329
|teamsize|p1|4
|teamsize|p2|4
|start
|switch|p1a: Raichu|Raichu, L50, M|100/100
|switch|p1b: Milotic|Milotic, L50, F|100/100
|switch|p2a: Palafin|Palafin, L50, F|100/100
|switch|p2b: Corviknight|Corviknight, L50, M|100/100
|turn|1
|inactive|gjxbxjxjjxx has 30 seconds left.
|inactive|gjxbxjxjjxx has 20 seconds left.
|inactive|gjxbxjxjjxx has 15 seconds left.
|
|t:|1785771373
|detailschange|p2a: Palafin|Palafin-Hero, L50, F
|switch|p2a: Garchomp|Garchomp, L50, F|100/100
|detailschange|p1a: Raichu|Raichu-Mega-Y, L50, M
|-mega|p1a: Raichu|Raichu|Raichunite Y
|move|p1a: Raichu|Zap Cannon|p2a: Garchomp
|-immune|p2a: Garchomp
|move|p2b: Corviknight|Tailwind|p2b: Corviknight
|-sidestart|p2: gjxbxjxjjxx|move: Tailwind
|move|p1b: Milotic|Icy Wind|p2b: Corviknight|[spread] p2a,p2b
|-supereffective|p2a: Garchomp|2
|-damage|p2a: Garchomp|50/100g
|-damage|p2b: Corviknight|88/100
|-unboost|p2a: Garchomp|spe|1
|-ability|p2b: Corviknight|Mirror Armor
|-unboost|p1b: Milotic|spe|1
|-ability|p1b: Milotic|Competitive|boost
|-boost|p1b: Milotic|spa|2
|
|upkeep
|turn|2
|inactive|gjxbxjxjjxx has 30 seconds left.
|
|t:|1785771403
|move|p1a: Raichu|Protect|p1a: Raichu
|-singleturn|p1a: Raichu|Protect
|move|p2b: Corviknight|Brave Bird|p1b: Milotic
|-damage|p1b: Milotic|64/100
|-damage|p2b: Corviknight|77/100|[from] Recoil
|move|p2a: Garchomp|Stomping Tantrum|p1a: Raichu
|-activate|p1a: Raichu|move: Protect
|move|p1b: Milotic|Icy Wind|p2b: Corviknight|[spread] p2a,p2b
|-supereffective|p2a: Garchomp|2
|-damage|p2a: Garchomp|0 fnt
|-damage|p2b: Corviknight|52/100
|-ability|p2b: Corviknight|Mirror Armor
|-unboost|p1b: Milotic|spe|1
|-ability|p1b: Milotic|Competitive|boost
|-boost|p1b: Milotic|spa|2
|faint|p2a: Garchomp
|
|-heal|p1b: Milotic|70/100|[from] item: Leftovers
|upkeep
|
|t:|1785771424
|switch|p2a: Banette|Banette, L50, F|100/100
|-item|p1a: Raichu|Raichunite Y|[from] ability: Frisk|[of] p2a: Banette
|-item|p1b: Milotic|Leftovers|[from] ability: Frisk|[of] p2a: Banette
|turn|3
|inactive|gjxbxjxjjxx has 30 seconds left.
|inactive|gjxbxjxjjxx has 20 seconds left.
|inactive|gjxbxjxjjxx has 15 seconds left.
|
|t:|1785771465
|switch|p1a: Sableye|Sableye, L50, M|100/100
|detailschange|p2a: Banette|Banette-Mega, L50, F
|-mega|p2a: Banette|Banette|Banettite
|move|p2b: Corviknight|Brave Bird|p1b: Milotic
|-damage|p1b: Milotic|31/100
|-damage|p2b: Corviknight|40/100|[from] Recoil
|move|p2a: Banette|Poltergeist|p1b: Milotic
|-activate|p1b: Milotic|move: Poltergeist|Leftovers
|-damage|p1b: Milotic|0 fnt
|faint|p1b: Milotic
|
|upkeep
|
|t:|1785771483
|switch|p1b: Raichu|Raichu-Mega-Y, L50, M|100/100
|turn|4
|
|t:|1785771507
|move|p1b: Raichu|Protect|p1b: Raichu
|-singleturn|p1b: Raichu|Protect
|move|p1a: Sableye|Reflect|p1a: Sableye
|-sidestart|p1: Venomzito|Reflect
|move|p2b: Corviknight|Brave Bird|p1a: Sableye
|-damage|p1a: Sableye|66/100
|-damage|p2b: Corviknight|32/100|[from] Recoil
|move|p2a: Banette|Poltergeist|p1b: Raichu
|-activate|p1b: Raichu|move: Protect
|
|-sideend|p2: gjxbxjxjjxx|move: Tailwind
|upkeep
|turn|5
|
|t:|1785771522
|move|p1b: Raichu|Zap Cannon|p2b: Corviknight
|-supereffective|p2b: Corviknight|1
|-damage|p2b: Corviknight|0 fnt
|faint|p2b: Corviknight
|move|p2a: Banette|Poltergeist|p1b: Raichu
|-activate|p1b: Raichu|move: Poltergeist|Raichunite Y
|-damage|p1b: Raichu|4/100
|move|p1a: Sableye|Foul Play|p2a: Banette
|-supereffective|p2a: Banette|1
|-crit|p2a: Banette
|-damage|p2a: Banette|0 fnt
|faint|p2a: Banette
|
|upkeep
|
|t:|1785771536
|switch|p2b: Palafin|Palafin-Hero, L50, F|100/100
|-activate|p2b: Palafin|ability: Zero to Hero
|turn|6
|
|t:|1785771545
|move|p1b: Raichu|Upper Hand|p2b: Palafin
|-damage|p2b: Palafin|86/100
|cant|p2b: Palafin|flinch
|move|p1a: Sableye|Foul Play|p2b: Palafin
|-damage|p2b: Palafin|31/100
|
|upkeep
|turn|7
|
|t:|1785771556
|move|p2b: Palafin|Jet Punch|p1b: Raichu
|-damage|p1b: Raichu|0 fnt
|faint|p1b: Raichu
|move|p1a: Sableye|Foul Play|p2b: Palafin
|-damage|p2b: Palafin|0 fnt
|faint|p2b: Palafin
|
|win|Venomzito
|raw|Venomzito's rating: 1000 → 1040(+40 for winning)
|raw|gjxbxjxjjxx's rating: 1000 → 1000(+0 for losing)
