|j|☆PenguimSAL
|j|☆paralyze u
|html|PenguimSALparalyze u    
|uhtml|bestof|Game 1 of a best-of-3
|t:|1786050241
|gametype|doubles
|player|p1|PenguimSAL|266|1263
|player|p2|paralyze u|169|1337
|gen|9
|tier|[Gen 9 Champions] VGC 2026 Reg M-B (Bo3)
|rated|
|rule|Species Clause: Limit one of each Pokémon
|rule|Item Clause: Limit 1 of each item
|clearpoke
|poke|p1|Charizard, L50, M|
|poke|p1|Venusaur, L50, M|
|poke|p1|Garchomp, L50, F|
|poke|p1|Incineroar, L50, F|
|poke|p1|Toxapex, L50, F|
|poke|p1|Sylveon, L50, M|
|poke|p2|Gardevoir, L50, F, shiny|
|poke|p2|Basculegion, L50, M|
|poke|p2|Talonflame, L50, F|
|poke|p2|Maushold, L50|
|poke|p2|Kingambit, L50, F|
|poke|p2|Kommo-o, L50, M|
|teampreview|4
|showteam|p1|Charizard||CharizarditeY|Blaze|HeatWave,WeatherBall,AncientPower,Protect|Modest||M|||50|]Venusaur||LifeOrb|Chlorophyll|SolarBeam,SludgeBomb,EarthPower,Protect|Modest||M|||50|]Garchomp||ChoiceScarf|RoughSkin|DragonClaw,Earthquake,RockSlide,StompingTantrum|Adamant||F|||50|]Incineroar||SitrusBerry|Intimidate|FlareBlitz,ThroatChop,PartingShot,FakeOut|Impish||F|||50|]Toxapex||Leftovers|Regenerator|Toxic,Infestation,WideGuard,BanefulBunker|Bold||F|||50|]Sylveon||FairyFeather|Pixilate|HyperVoice,Yawn,Detect,QuickAttack|Modest||M|||50|
|showteam|p2|Gardevoir||Gardevoirite|Trace|HyperVoice,Psychic,Thunderbolt,Protect|Modest||F|||50|]Basculegion||ChoiceScarf|Adaptability|WaveCrash,LastRespects,FlipTurn,AquaJet|Jolly||M|||50|]Talonflame||SharpBeak|GaleWings|DualWingbeat,FlareBlitz,Tailwind,Protect|Jolly||F|||50|]Maushold||FocusSash|FriendGuard|SuperFang,Feint,FollowMe,Protect|Jolly|||||50|]Kingambit||ExpertBelt|Defiant|KowtowCleave,SuckerPunch,IronHead,LowKick|Jolly||F|||50|]Kommo-o||LifeOrb|Soundproof|ClangingScales,VacuumWave,AuraSphere,Protect|Modest||M|||50|
|inactive|Battle timer is ON: inactive players will automatically lose when time's up. (requested by PenguimSAL)
|
|t:|1786050329
|teamsize|p1|4
|teamsize|p2|4
|start
|switch|p1a: Charizard|Charizard, L50, M|100/100
|switch|p1b: Incineroar|Incineroar, L50, F|100/100
|switch|p2a: Kommo-o|Kommo-o, L50, M|100/100
|switch|p2b: Maushold|Maushold, L50|100/100
|-ability|p1b: Incineroar|Intimidate|boost
|-unboost|p2a: Kommo-o|atk|1
|-unboost|p2b: Maushold|atk|1
|turn|1
|inactive|PenguimSAL has 30 seconds left.
|
|t:|1786050360
|detailschange|p1a: Charizard|Charizard-Mega-Y, L50, M
|-mega|p1a: Charizard|Charizard|Charizardite Y
|-weather|SunnyDay|[from] ability: Drought|[of] p1a: Charizard
|move|p2b: Maushold|Protect|p2b: Maushold
|-singleturn|p2b: Maushold|Protect
|move|p2a: Kommo-o|Protect|p2a: Kommo-o
|-singleturn|p2a: Kommo-o|Protect
|move|p1b: Incineroar|Fake Out|p2a: Kommo-o
|-activate|p2a: Kommo-o|move: Protect
|move|p1a: Charizard|Heat Wave|p2a: Kommo-o|[spread] 
|-activate|p2a: Kommo-o|move: Protect
|-activate|p2b: Maushold|move: Protect
|
|-weather|SunnyDay|[upkeep]
|upkeep
|turn|2
|
|t:|1786050377
|move|p2b: Maushold|Super Fang|p1a: Charizard|[miss]
|-miss|p2b: Maushold|p1a: Charizard
|move|p2a: Kommo-o|Clanging Scales|p1b: Incineroar|[spread] p1a,p1b
|-damage|p1a: Charizard|58/100
|-damage|p1b: Incineroar|53/100
|-unboost|p2a: Kommo-o|def|1
|-damage|p2a: Kommo-o|90/100|[from] item: Life Orb
|move|p1a: Charizard|Heat Wave|p2b: Maushold|[spread] p2a,p2b
|-resisted|p2a: Kommo-o|1
|-damage|p2a: Kommo-o|63/100
|-damage|p2b: Maushold|24/100
|move|p1b: Incineroar|Flare Blitz|p2a: Kommo-o
|-resisted|p2a: Kommo-o|1
|-damage|p2a: Kommo-o|24/100
|-damage|p1b: Incineroar|43/100|[from] Recoil
|-enditem|p1b: Incineroar|Sitrus Berry|[eat]
|-heal|p1b: Incineroar|68/100|[from] item: Sitrus Berry
|
|-weather|SunnyDay|[upkeep]
|upkeep
|turn|3
|inactive|PenguimSAL has 30 seconds left.
|inactive|paralyze u has 30 seconds left.
|inactive|PenguimSAL has 20 seconds left.
|inactive|paralyze u has 20 seconds left.
|
|t:|1786050416
|move|p1a: Charizard|Protect|p1a: Charizard
|-singleturn|p1a: Charizard|Protect
|move|p2b: Maushold|Super Fang|p1a: Charizard
|-activate|p1a: Charizard|move: Protect
|move|p2a: Kommo-o|Clanging Scales|p1a: Charizard|[spread] p1b
|-activate|p1a: Charizard|move: Protect
|-damage|p1b: Incineroar|25/100
|-unboost|p2a: Kommo-o|def|1
|-damage|p2a: Kommo-o|14/100|[from] item: Life Orb
|move|p1b: Incineroar|Flare Blitz|p2a: Kommo-o
|-resisted|p2a: Kommo-o|1
|-damage|p2a: Kommo-o|0 fnt
|faint|p2a: Kommo-o
|-damage|p1b: Incineroar|22/100|[from] Recoil
|
|-weather|SunnyDay|[upkeep]
|upkeep
|
|t:|1786050422
|switch|p2a: Gardevoir|Gardevoir, L50, F, shiny|100/100
|-ability|p2a: Gardevoir|Drought|Trace|[from] ability: Trace|[of] p1a: Charizard
|turn|4
|
|t:|1786050442
|detailschange|p2a: Gardevoir|Gardevoir-Mega, L50, F, shiny
|-mega|p2a: Gardevoir|Gardevoir|Gardevoirite
|move|p2b: Maushold|Follow Me|p2b: Maushold
|-singleturn|p2b: Maushold|move: Follow Me
|move|p2a: Gardevoir|Thunderbolt|p1a: Charizard
|-supereffective|p1a: Charizard|1
|-damage|p1a: Charizard|0 fnt
|faint|p1a: Charizard
|move|p1b: Incineroar|Parting Shot|p2b: Maushold
|-unboost|p2b: Maushold|atk|1
|-unboost|p2b: Maushold|spa|1
|
|t:|1786050450
|switch|p1b: Venusaur|Venusaur, L50, M|100/100|[from] Parting Shot
|
|-weather|SunnyDay|[upkeep]
|upkeep
|
|t:|1786050455
|switch|p1a: Garchomp|Garchomp, L50, F|100/100
|turn|5
|inactive|paralyze u has 30 seconds left.
|
|t:|1786050480
|move|p2b: Maushold|Protect|p2b: Maushold
|-singleturn|p2b: Maushold|Protect
|move|p2a: Gardevoir|Protect|p2a: Gardevoir
|-singleturn|p2a: Gardevoir|Protect
|move|p1b: Venusaur|Sludge Bomb|p2a: Gardevoir
|-activate|p2a: Gardevoir|move: Protect
|move|p1a: Garchomp|Rock Slide|p2a: Gardevoir|[spread] 
|-activate|p2a: Gardevoir|move: Protect
|-activate|p2b: Maushold|move: Protect
|
|-weather|none
|upkeep
|turn|6
|inactive|paralyze u has 30 seconds left.
|inactive|paralyze u has 20 seconds left.
|
|t:|1786050517
|switch|p1a: Incineroar|Incineroar, L50, F|22/100
|-ability|p1a: Incineroar|Intimidate|boost
|-unboost|p2a: Gardevoir|atk|1
|-unboost|p2b: Maushold|atk|1
|move|p2b: Maushold|Protect|p2b: Maushold
|-singleturn|p2b: Maushold|Protect
|move|p2a: Gardevoir|Hyper Voice|p1b: Venusaur|[spread] p1a,p1b
|-resisted|p1b: Venusaur|1
|-damage|p1a: Incineroar|0 fnt
|-damage|p1b: Venusaur|70/100
|faint|p1a: Incineroar
|move|p1b: Venusaur|Sludge Bomb|p2a: Gardevoir
|-supereffective|p2a: Gardevoir|1
|-damage|p2a: Gardevoir|19/100
|-damage|p1b: Venusaur|60/100|[from] item: Life Orb
|
|upkeep
|
|t:|1786050521
|switch|p1a: Garchomp|Garchomp, L50, F|100/100
|turn|7
|
|t:|1786050541
|move|p2a: Gardevoir|Protect|p2a: Gardevoir
|-singleturn|p2a: Gardevoir|Protect
|move|p1a: Garchomp|Rock Slide|p2a: Gardevoir|[spread] p2b
|-activate|p2a: Gardevoir|move: Protect
|-damage|p2b: Maushold|0 fnt
|faint|p2b: Maushold
|move|p1b: Venusaur|Sludge Bomb|p2a: Gardevoir
|-activate|p2a: Gardevoir|move: Protect
|
|upkeep
|
|t:|1786050544
|switch|p2b: Talonflame|Talonflame, L50, F|100/100
|turn|8
|
|t:|1786050554
|move|p2b: Talonflame|Tailwind|p2b: Talonflame
|-sidestart|p2: paralyze u|move: Tailwind
|move|p2a: Gardevoir|Hyper Voice|p1b: Venusaur|[spread] p1a,p1b
|-supereffective|p1a: Garchomp|1
|-resisted|p1b: Venusaur|1
|-damage|p1a: Garchomp|0 fnt
|-damage|p1b: Venusaur|28/100
|faint|p1a: Garchomp
|move|p1b: Venusaur|Sludge Bomb|p2a: Gardevoir
|-supereffective|p2a: Gardevoir|1
|-damage|p2a: Gardevoir|0 fnt
|faint|p2a: Gardevoir
|-damage|p1b: Venusaur|19/100|[from] item: Life Orb
|
|upkeep
|turn|9
|
|t:|1786050566
|move|p2b: Talonflame|Flare Blitz|p1b: Venusaur
|-supereffective|p1b: Venusaur|1
|-damage|p1b: Venusaur|0 fnt
|faint|p1b: Venusaur
|-damage|p2b: Talonflame|93/100|[from] Recoil
|
|win|paralyze u
||PenguimSAL is ready for game 2.
|inactive|paralyze u has 30 seconds to confirm battle start!
