|j|☆entei enthusiast
|j|☆execute order 222
|html|entei enthusiastexecute order 222    
|uhtml|bestof|Game 2 of a best-of-3
|t:|1783998321
|gametype|doubles
|player|p1|entei enthusiast|kamado-armor|1281
|player|p2|execute order 222|courtney|1302
|gen|9
|tier|[Gen 9 Champions] VGC 2026 Reg M-B (Bo3)
|rated|
|rule|Species Clause: Limit one of each Pokémon
|rule|Item Clause: Limit 1 of each item
|clearpoke
|poke|p1|Floette-Eternal, L50, F|
|poke|p1|Palafin, L50, F, shiny|
|poke|p1|Kingambit, L50, F|
|poke|p1|Sneasler, L50, M|
|poke|p1|Incineroar, L50, F|
|poke|p1|Aerodactyl, L50, F|
|poke|p2|Metagross, L50, shiny|
|poke|p2|Hydreigon, L50, F|
|poke|p2|Venusaur, L50, F|
|poke|p2|Primarina, L50, F|
|poke|p2|Lycanroc-Dusk, L50, F|
|poke|p2|Talonflame, L50, M, shiny|
|teampreview|4
|showteam|p1|Floette-Eternal||Floettite|FlowerVeil|DazzlingGleam,DrainingKiss,CalmMind,Protect|Modest||F|||50|]Palafin||Leftovers|ZerotoHero|WaveCrash,JetPunch,BulkUp,Protect|Adamant||F|||50|]Kingambit||BlackGlasses|Defiant|KowtowCleave,SuckerPunch,SwordsDance,Protect|Adamant||F|||50|]Sneasler||FocusSash|Unburden|CloseCombat,DireClaw,FakeOut,Coaching|Jolly||M|||50|]Incineroar||SitrusBerry|Intimidate|FlareBlitz,FakeOut,DarkestLariat,PartingShot|Careful||F|||50|]Aerodactyl||Aerodactylite|Unnerve|RockSlide,DualWingbeat,IceFang,Protect|Jolly||F|||50|
|showteam|p2|Metagross||Metagrossite|ClearBody|IronHead,PsychicFangs,IcePunch,Protect|Jolly|||||50|]Hydreigon||LifeOrb|Levitate|DarkPulse,DracoMeteor,EarthPower,Protect|Modest||F|||50|]Venusaur||Venusaurite|Chlorophyll|GigaDrain,SludgeBomb,EarthPower,Protect|Modest||F|||50|]Primarina||ExpertBelt|LiquidVoice|HyperVoice,Moonblast,IceBeam,Protect|Modest||F|||50|]Lycanroc-Dusk||FocusSash|ToughClaws|RockSlide,CloseCombat,Accelerock,Protect|Adamant||F|||50|]Talonflame||Charcoal|GaleWings|Overheat,Tailwind,QuickGuard,Taunt|Timid||M|||50|
|inactive|Battle timer is ON: inactive players will automatically lose when time's up. (requested by entei enthusiast)
|inactive|entei enthusiast has 60 seconds left.
|inactive|execute order 222 has 60 seconds left.
|inactive|entei enthusiast has 30 seconds left.
|
|t:|1783998387
|teamsize|p1|4
|teamsize|p2|4
|start
|switch|p1a: Floette|Floette-Eternal, L50, F|100/100
|switch|p1b: Palafin|Palafin, L50, F, shiny|100/100
|switch|p2a: Nanojump|Talonflame, L50, M, shiny|100/100
|switch|p2b: Yo-chan|Primarina, L50, F|100/100
|turn|1
|inactive|execute order 222 has 30 seconds left.
|
|t:|1783998420
|move|p1a: Floette|Protect|p1a: Floette
|-singleturn|p1a: Floette|Protect
|move|p2a: Nanojump|Tailwind|p2a: Nanojump
|-sidestart|p2: execute order 222|move: Tailwind
|move|p2b: Yo-chan|Moonblast|p1a: Floette
|-activate|p1a: Floette|move: Protect
|move|p1b: Palafin|Wave Crash|p2a: Nanojump
|-supereffective|p2a: Nanojump|1
|-damage|p2a: Nanojump|0 fnt
|faint|p2a: Nanojump
|-damage|p1b: Palafin|73/100|[from] Recoil
|
|-heal|p1b: Palafin|79/100|[from] item: Leftovers
|upkeep
|
|t:|1783998426
|switch|p2a: Jungle Dump|Venusaur, L50, F|100/100
|turn|2
|
|t:|1783998455
|detailschange|p1b: Palafin|Palafin-Hero, L50, F, shiny
|switch|p1b: Sneasler|Sneasler, L50, M|100/100
|detailschange|p2a: Jungle Dump|Venusaur-Mega, L50, F
|-mega|p2a: Jungle Dump|Venusaur|Venusaurite
|detailschange|p1a: Floette|Floette-Mega, L50, F
|-mega|p1a: Floette|Floette|Floettite
|-ability|p1a: Floette|Fairy Aura
|move|p2a: Jungle Dump|Sludge Bomb|p1a: Floette
|-supereffective|p1a: Floette|1
|-damage|p1a: Floette|31/100
|move|p2b: Yo-chan|Hyper Voice|p1b: Sneasler|[spread] p1a,p1b
|-damage|p1a: Floette|5/100
|-damage|p1b: Sneasler|57/100
|move|p1a: Floette|Draining Kiss|p2b: Yo-chan
|-damage|p2b: Yo-chan|70/100
|-heal|p1a: Floette|28/100|[from] drain|[of] p2b: Yo-chan
|
|upkeep
|turn|3
|inactive|entei enthusiast has 30 seconds left.
|inactive|execute order 222 has 30 seconds left.
|inactive|entei enthusiast has 20 seconds left.
|inactive|entei enthusiast has 15 seconds left.
|
|t:|1783998497
|switch|p1b: Incineroar|Incineroar, L50, F|100/100
|-ability|p1b: Incineroar|Intimidate|boost
|-unboost|p2a: Jungle Dump|atk|1
|-unboost|p2b: Yo-chan|atk|1
|move|p1a: Floette|Protect|p1a: Floette
|-singleturn|p1a: Floette|Protect
|move|p2a: Jungle Dump|Earth Power|p1b: Incineroar
|-supereffective|p1b: Incineroar|1
|-damage|p1b: Incineroar|47/100
|-enditem|p1b: Incineroar|Sitrus Berry|[eat]
|-heal|p1b: Incineroar|72/100|[from] item: Sitrus Berry
|move|p2b: Yo-chan|Moonblast|p1a: Floette
|-activate|p1a: Floette|move: Protect
|
|upkeep
|turn|4
|inactive|execute order 222 has 30 seconds left.
|
|t:|1783998526
|switch|p1a: Sneasler|Sneasler, L50, M|57/100
|move|p1b: Incineroar|Fake Out|p2b: Yo-chan
|-damage|p2b: Yo-chan|58/100
|move|p2a: Jungle Dump|Sludge Bomb|p1a: Sneasler
|-resisted|p1a: Sneasler|1
|-damage|p1a: Sneasler|26/100
|cant|p2b: Yo-chan|flinch
|
|-sideend|p2: execute order 222|move: Tailwind
|upkeep
|turn|5
|
|t:|1783998549
|move|p2a: Jungle Dump|Protect|p2a: Jungle Dump
|-singleturn|p2a: Jungle Dump|Protect
|move|p2b: Yo-chan|Protect|p2b: Yo-chan
|-singleturn|p2b: Yo-chan|Protect
|move|p1a: Sneasler|Fake Out|p2a: Jungle Dump
|-activate|p2a: Jungle Dump|move: Protect
|move|p1b: Incineroar|Parting Shot|p2b: Yo-chan
|-activate|p2b: Yo-chan|move: Protect
|
|upkeep
|turn|6
|
|t:|1783998571
|switch|p2b: Earth Bud|Lycanroc-Dusk, L50, F|100/100
|move|p1a: Sneasler|Dire Claw|p2b: Earth Bud
|-resisted|p2b: Earth Bud|1
|-crit|p2b: Earth Bud
|-damage|p2b: Earth Bud|45/100
|move|p2a: Jungle Dump|Earth Power|p1a: Sneasler
|-supereffective|p1a: Sneasler|1
|-damage|p1a: Sneasler|0 fnt
|faint|p1a: Sneasler
|move|p1b: Incineroar|Parting Shot|p2a: Jungle Dump
|-unboost|p2a: Jungle Dump|atk|1
|-unboost|p2a: Jungle Dump|spa|1
|
|t:|1783998581
|switch|p1b: Palafin|Palafin-Hero, L50, F, shiny|79/100|[from] Parting Shot
|-activate|p1b: Palafin|ability: Zero to Hero
|
|-heal|p1b: Palafin|85/100|[from] item: Leftovers
|upkeep
|
|t:|1783998583
|switch|p1a: Incineroar|Incineroar, L50, F|72/100
|-ability|p1a: Incineroar|Intimidate|boost
|-unboost|p2a: Jungle Dump|atk|1
|-unboost|p2b: Earth Bud|atk|1
|turn|7
|inactive|execute order 222 has 30 seconds left.
|
|t:|1783998608
|move|p1a: Incineroar|Fake Out|p2a: Jungle Dump
|-damage|p2a: Jungle Dump|92/100
|move|p2b: Earth Bud|Rock Slide|p1a: Incineroar|[spread] p1a
|-miss|p2b: Earth Bud|p1b: Palafin
|-supereffective|p1a: Incineroar|1
|-damage|p1a: Incineroar|32/100
|move|p1b: Palafin|Bulk Up|p1b: Palafin
|-boost|p1b: Palafin|atk|1
|-boost|p1b: Palafin|def|1
|cant|p2a: Jungle Dump|flinch
|
|-heal|p1b: Palafin|91/100|[from] item: Leftovers
|upkeep
|turn|8
|
|t:|1783998632
|switch|p1a: Floette|Floette-Mega, L50, F|28/100
|-ability|p1a: Floette|Fairy Aura
|move|p2b: Earth Bud|Accelerock|p1a: Floette
|-damage|p1a: Floette|7/100
|move|p1b: Palafin|Jet Punch|p2b: Earth Bud
|-supereffective|p2b: Earth Bud|1
|-damage|p2b: Earth Bud|0 fnt
|faint|p2b: Earth Bud
|move|p2a: Jungle Dump|Giga Drain|p1a: Floette
|-damage|p1a: Floette|0 fnt
|-heal|p2a: Jungle Dump|96/100|[from] drain|[of] p1a: Floette
|faint|p1a: Floette
|
|-heal|p1b: Palafin|97/100|[from] item: Leftovers
|upkeep
|
|t:|1783998642
|switch|p2b: Yo-chan|Primarina, L50, F|58/100
|switch|p1a: Incineroar|Incineroar, L50, F|32/100
|-ability|p1a: Incineroar|Intimidate|boost
|-unboost|p2a: Jungle Dump|atk|1
|-unboost|p2b: Yo-chan|atk|1
|turn|9
|
|t:|1783998650
|move|p1a: Incineroar|Fake Out|p2b: Yo-chan
|-damage|p2b: Yo-chan|46/100
|move|p1b: Palafin|Bulk Up|p1b: Palafin
|-boost|p1b: Palafin|atk|1
|-boost|p1b: Palafin|def|1
|move|p2a: Jungle Dump|Giga Drain|p1b: Palafin
|-supereffective|p1b: Palafin|1
|-damage|p1b: Palafin|45/100
|-heal|p2a: Jungle Dump|100/100|[from] drain|[of] p1b: Palafin
|cant|p2b: Yo-chan|flinch
|
|-heal|p1b: Palafin|51/100|[from] item: Leftovers
|upkeep
|turn|10
|inactive|entei enthusiast has 30 seconds left.
|inactive|entei enthusiast has 20 seconds left.
|inactive|entei enthusiast has 15 seconds left.
|
|t:|1783998695
|move|p1b: Palafin|Jet Punch|p2b: Yo-chan
|-resisted|p2b: Yo-chan|1
|-damage|p2b: Yo-chan|2/100
|move|p2a: Jungle Dump|Earth Power|p1a: Incineroar
|-supereffective|p1a: Incineroar|1
|-damage|p1a: Incineroar|0 fnt
|faint|p1a: Incineroar
|move|p2b: Yo-chan|Moonblast|p1b: Palafin
|-damage|p1b: Palafin|3/100
|
|-heal|p1b: Palafin|9/100|[from] item: Leftovers
|upkeep
|turn|11
|inactive|entei enthusiast has 30 seconds left.
|
|t:|1783998725
|move|p1b: Palafin|Protect|p1b: Palafin
|-singleturn|p1b: Palafin|Protect
|move|p2a: Jungle Dump|Giga Drain|p1b: Palafin
|-activate|p1b: Palafin|move: Protect
|move|p2b: Yo-chan|Moonblast|p1b: Palafin
|-activate|p1b: Palafin|move: Protect
|
|-heal|p1b: Palafin|15/100|[from] item: Leftovers
|upkeep
|turn|12
|
|t:|1783998731
|move|p1b: Palafin|Wave Crash|p2a: Jungle Dump
|-resisted|p2a: Jungle Dump|1
|-damage|p2a: Jungle Dump|40/100
|-damage|p1b: Palafin|0 fnt|[from] Recoil
|faint|p1b: Palafin
|
|win|execute order 222
|raw|entei enthusiast's rating: 1281 → 1258(-23 for losing)
|raw|execute order 222's rating: 1302 → 1321(+19 for winning)
|l|☆execute order 222
|player|p2|
