|j|☆bosilek
|j|☆boober_magmar
|html|bosilekboober_magmar    
|uhtml|bestof|Game 1 of a best-of-3
|t:|1756329212
|gametype|doubles
|player|p1|bosilek|hilbert-wonderlauncher|1161
|player|p2|boober_magmar|gambler|1201
|gen|9
|tier|[Gen 9] VGC 2025 Reg H (Bo3)
|rated|
|rule|Species Clause: Limit one of each Pokémon
|rule|Item Clause: Limit 1 of each item
|clearpoke
|poke|p1|Garchomp, L50, F|
|poke|p1|Talonflame, L50, M|
|poke|p1|Gholdengo, L50|
|poke|p1|Ninetales-Alola, L50, F|
|poke|p1|Hydreigon, L50, F|
|poke|p1|Annihilape, L50, F|
|poke|p2|Dragonite, L50, M|
|poke|p2|Sneasler, L50, F|
|poke|p2|Incineroar, L50, M|
|poke|p2|Gholdengo, L50|
|poke|p2|Ursaluna-Bloodmoon, L50, M|
|poke|p2|Amoonguss, L50, F|
|teampreview|4
|showteam|p1|Garchomp||LifeOrb|RoughSkin|Protect,Earthquake,DragonClaw,StompingTantrum|||F|||50|,,,,,Steel]Talonflame||CovertCloak|GaleWings|BraveBird,Taunt,WillOWisp,Tailwind|||M|||50|,,,,,Grass]Gholdengo||MetalCoat|GoodasGold|MakeItRain,ShadowBall,Protect,NastyPlot||||||50|,,,,,Water]Ninetales-Alola||FocusSash|SnowWarning|Blizzard,FreezeDry,Encore,Protect|||F|||50|,,,,,Water]Hydreigon||ChoiceSpecs|Levitate|HeatWave,Snarl,EarthPower,DragonPulse|||F|||50|,,,,,Fire]Annihilape||SafetyGoggles|Defiant|FinalGambit,RageFist,CloseCombat,Protect|||F|||50|,,,,,Fire
|showteam|p2|Dragonite||LoadedDice|Multiscale|ScaleShot,Tailwind,Haze,Protect|||M|||50|,,,,,Fairy]Sneasler||FocusSash|Unburden|DireClaw,CloseCombat,Coaching,Protect|||F|||50|,,,,,Stellar]Incineroar||SafetyGoggles|Intimidate|FakeOut,FlareBlitz,KnockOff,PartingShot|||M|||50|,,,,,Ghost]Gholdengo||LifeOrb|GoodasGold|MakeItRain,ShadowBall,NastyPlot,Protect||||||50|,,,,,Water]Ursaluna-Bloodmoon||AssaultVest|MindsEye|HyperVoice,EarthPower,BloodMoon,VacuumWave|||M|||50|,,,,,Poison]Amoonguss||SitrusBerry|Regenerator|PollenPuff,Spore,RagePowder,Protect|||F|||50|,,,,,Dark
|
|t:|1756329277
|teamsize|p1|4
|teamsize|p2|4
|start
|switch|p1a: Annihilape|Annihilape, L50, F|100/100
|switch|p1b: Garchomp|Garchomp, L50, F|100/100
|switch|p2a: Gholdengo|Gholdengo, L50|100/100
|switch|p2b: Dragonite|Dragonite, L50, M|100/100
|turn|1
|
|t:|1756329309
|-terastallize|p2a: Gholdengo|Water
|move|p1b: Garchomp|Stomping Tantrum|p2a: Gholdengo
|-damage|p2a: Gholdengo|52/100
|-damage|p1b: Garchomp|91/100|[from] item: Life Orb
|move|p1a: Annihilape|Final Gambit|p2b: Dragonite
|-damage|p2b: Dragonite|0 fnt
|faint|p1a: Annihilape
|faint|p2b: Dragonite
|move|p2a: Gholdengo|Shadow Ball|p1b: Garchomp
|-damage|p1b: Garchomp|31/100
|-damage|p2a: Gholdengo|42/100|[from] item: Life Orb
|
|upkeep
|
|t:|1756329323
|switch|p1a: Ninetales|Ninetales-Alola, L50, F|100/100
|switch|p2b: Sneasler|Sneasler, L50, F|100/100
|-weather|Snowscape|[from] ability: Snow Warning|[of] p1a: Ninetales
|turn|2
|
|t:|1756329354
|-terastallize|p1a: Ninetales|Water
|move|p1b: Garchomp|Protect|p1b: Garchomp
|-singleturn|p1b: Garchomp|Protect
|move|p2b: Sneasler|Close Combat|p1b: Garchomp
|-activate|p1b: Garchomp|move: Protect
|move|p1a: Ninetales|Blizzard|p2b: Sneasler|[spread] p2a,p2b
|-resisted|p2a: Gholdengo
|-damage|p2a: Gholdengo|26/100
|-damage|p2b: Sneasler|56/100
|move|p2a: Gholdengo|Make It Rain|p1a: Ninetales|[spread] p1a
|-activate|p1b: Garchomp|move: Protect
|-resisted|p1a: Ninetales
|-damage|p1a: Ninetales|65/100
|-unboost|p2a: Gholdengo|spa|1
|-damage|p2a: Gholdengo|16/100|[from] item: Life Orb
|
|-weather|Snowscape|[upkeep]
|upkeep
|turn|3
|
|t:|1756329383
|move|p2b: Sneasler|Close Combat|p1b: Garchomp
|-damage|p1b: Garchomp|0 fnt
|-unboost|p2b: Sneasler|def|1
|-unboost|p2b: Sneasler|spd|1
|-damage|p2b: Sneasler|43/100|[from] ability: Rough Skin|[of] p1b: Garchomp
|faint|p1b: Garchomp
|move|p1a: Ninetales|Blizzard|p2a: Gholdengo|[spread] p2a,p2b
|-resisted|p2a: Gholdengo
|-crit|p2a: Gholdengo
|-damage|p2a: Gholdengo|0 fnt
|-damage|p2b: Sneasler|0 fnt
|faint|p2a: Gholdengo
|faint|p2b: Sneasler
|
|-weather|Snowscape|[upkeep]
|upkeep
|
|t:|1756329393
|switch|p1b: Talonflame|Talonflame, L50, M|100/100
|switch|p2a: Incineroar|Incineroar, L50, M|100/100
|-ability|p2a: Incineroar|Intimidate|boost
|-unboost|p1a: Ninetales|atk|1
|-unboost|p1b: Talonflame|atk|1
|turn|4
|
|t:|1756329410
|move|p1a: Ninetales|Protect|p1a: Ninetales
|-singleturn|p1a: Ninetales|Protect
|move|p1b: Talonflame|Taunt|p2a: Incineroar
|-start|p2a: Incineroar|move: Taunt
|move|p2a: Incineroar|Knock Off|p1a: Ninetales
|-activate|p1a: Ninetales|move: Protect
|
|-weather|Snowscape|[upkeep]
|upkeep
|turn|5
|
|t:|1756329421
|move|p1b: Talonflame|Brave Bird|p2a: Incineroar
|-damage|p2a: Incineroar|69/100
|-damage|p1b: Talonflame|87/100|[from] Recoil
|move|p1a: Ninetales|Blizzard|p2a: Incineroar
|-resisted|p2a: Incineroar
|-damage|p2a: Incineroar|50/100
|move|p2a: Incineroar|Knock Off|p1a: Ninetales
|-damage|p1a: Ninetales|0 fnt
|-enditem|p1a: Ninetales|Focus Sash|[from] move: Knock Off|[of] p2a: Incineroar
|faint|p1a: Ninetales
|
|-weather|Snowscape|[upkeep]
|upkeep
|turn|6
|
|t:|1756329434
|move|p1b: Talonflame|Brave Bird|p2a: Incineroar
|-damage|p2a: Incineroar|21/100
|-damage|p1b: Talonflame|74/100|[from] Recoil
|move|p2a: Incineroar|Knock Off|p1b: Talonflame
|-damage|p1b: Talonflame|8/100
|-enditem|p1b: Talonflame|Covert Cloak|[from] move: Knock Off|[of] p2a: Incineroar
|
|-weather|none
|-end|p2a: Incineroar|move: Taunt
|upkeep
|turn|7
|
|t:|1756329446
|move|p1b: Talonflame|Brave Bird|p2a: Incineroar
|-damage|p2a: Incineroar|0 fnt
|faint|p2a: Incineroar
|-damage|p1b: Talonflame|0 fnt|[from] Recoil
|faint|p1b: Talonflame
|
|win|bosilek
||boober_magmar is ready for game 2.
