|j|☆FillmooreTJ
|j|☆Paco Amores
|html|FillmooreTJPaco Amores    
|uhtml|bestof|Game 3 of a best-of-3
|t:|1783118059
|gametype|doubles
|player|p1|FillmooreTJ|clair|1074
|player|p2|Paco Amores|birdkeeper|1163
|gen|9
|tier|[Gen 9 Champions] VGC 2026 Reg M-B (Bo3)
|rated|
|rule|Species Clause: Limit one of each Pokémon
|rule|Item Clause: Limit 1 of each item
|clearpoke
|poke|p1|Raichu, L50, M|
|poke|p1|Basculegion-F, L50, F|
|poke|p1|Ninetales-Alola, L50, F|
|poke|p1|Staraptor, L50, M|
|poke|p1|Arcanine-Hisui, L50, F|
|poke|p1|Tsareena, L50, F|
|poke|p2|Sylveon, L50, M|
|poke|p2|Incineroar, L50, M|
|poke|p2|Aerodactyl, L50, F|
|poke|p2|Charizard, L50, F|
|poke|p2|Metagross, L50|
|poke|p2|Garchomp, L50, M|
|teampreview|4
|showteam|p1|Raichu||RaichuniteY|LightningRod|FakeOut,Thunder,FocusBlast,HelpingHand|Timid||M|||50|]Basculegion-F||ChoiceScarf|Adaptability|ShadowBall,MuddyWater,FlipTurn,Blizzard|Modest||F|||50|]Ninetales-Alola||NeverMeltIce|SnowWarning|AuroraVeil,Blizzard,Protect,IcyWind|Timid||F|||50|]Staraptor||Staraptite|Intimidate|CloseCombat,Roost,BraveBird,Protect|Adamant||M|||50|]Arcanine-Hisui||ShucaBerry|Intimidate|HeadSmash,FlareBlitz,ExtremeSpeed,Protect|Adamant||F|||50|]Tsareena||SitrusBerry|QueenlyMajesty|TropKick,LowKick,Taunt,Uturn|Adamant||F|||50|
|showteam|p2|Sylveon||FairyFeather|Pixilate|HyperBeam,HyperVoice,Detect,QuickAttack|Modest||M|||50|]Incineroar||SitrusBerry|Intimidate|FakeOut,PartingShot,FlareBlitz,ThroatChop|Careful||M|||50|]Aerodactyl||FocusSash|Unnerve|Tailwind,RockSlide,DualWingbeat,Protect|Jolly||F|||50|]Charizard||CharizarditeY|SolarPower|Protect,WeatherBall,SolarBeam,HeatWave|Modest||F|||50|]Metagross||Metagrossite|ClearBody|BulletPunch,PsychicFangs,BodyPress,Protect|Adamant|||||50|]Garchomp||LifeOrb|RoughSkin|Protect,RockSlide,Earthquake,DragonClaw|Jolly||M|||50|
|
|t:|1783118148
|teamsize|p1|4
|teamsize|p2|4
|start
|switch|p1a: Ninetales|Ninetales-Alola, L50, F|100/100
|switch|p1b: Tsareena|Tsareena, L50, F|100/100
|switch|p2a: Incineroar|Incineroar, L50, M|100/100
|switch|p2b: Metagross|Metagross, L50|100/100
|-weather|Snowscape|[from] ability: Snow Warning|[of] p1a: Ninetales
|-ability|p2a: Incineroar|Intimidate|boost
|-unboost|p1a: Ninetales|atk|1
|-unboost|p1b: Tsareena|atk|1
|turn|1
|
|t:|1783118222
|detailschange|p2b: Metagross|Metagross-Mega, L50
|-mega|p2b: Metagross|Metagross|Metagrossite
|move|p1a: Ninetales|Aurora Veil|p1a: Ninetales
|-sidestart|p1: FillmooreTJ|move: Aurora Veil
|move|p2b: Metagross|Psychic Fangs|p1a: Ninetales
|-sideend|p1: FillmooreTJ|move: Aurora Veil
|-damage|p1a: Ninetales|31/100
|move|p1b: Tsareena|Low Kick|p2a: Incineroar
|-supereffective|p2a: Incineroar|1
|-damage|p2a: Incineroar|68/100
|move|p2a: Incineroar|Flare Blitz|p1a: Ninetales
|-supereffective|p1a: Ninetales|1
|-damage|p1a: Ninetales|0 fnt
|faint|p1a: Ninetales
|-damage|p2a: Incineroar|60/100|[from] Recoil
|
|-weather|Snowscape|[upkeep]
|upkeep
|
|t:|1783118234
|switch|p1a: Basculegion|Basculegion-F, L50, F|100/100
|turn|2
|
|t:|1783118304
|move|p2b: Metagross|Protect|p2b: Metagross
|-singleturn|p2b: Metagross|Protect
|move|p1a: Basculegion|Muddy Water|p2a: Incineroar|[spread] p2a
|-activate|p2b: Metagross|move: Protect
|-supereffective|p2a: Incineroar|1
|-damage|p2a: Incineroar|0 fnt
|faint|p2a: Incineroar
|move|p1b: Tsareena|Taunt|p2b: Metagross
|-activate|p2b: Metagross|move: Protect
|
|-weather|Snowscape|[upkeep]
|upkeep
|
|t:|1783118339
|switch|p2a: Aerodactyl|Aerodactyl, L50, F|100/100
|-ability|p2a: Aerodactyl|Unnerve
|turn|3
|
|t:|1783118364
|move|p2a: Aerodactyl|Tailwind|p2a: Aerodactyl
|-sidestart|p2: Paco Amores|move: Tailwind
|move|p2b: Metagross|Psychic Fangs|p1a: Basculegion
|-damage|p1a: Basculegion|17/100
|move|p1a: Basculegion|Muddy Water|p2a: Aerodactyl|[spread] p2a,p2b
|-supereffective|p2a: Aerodactyl|1
|-enditem|p2a: Aerodactyl|Focus Sash
|-damage|p2a: Aerodactyl|1/100
|-damage|p2b: Metagross|60/100
|-unboost|p2a: Aerodactyl|accuracy|1
|-unboost|p2b: Metagross|accuracy|1
|move|p1b: Tsareena|U-turn|p2a: Aerodactyl
|-resisted|p2a: Aerodactyl|1
|-damage|p2a: Aerodactyl|0 fnt
|faint|p2a: Aerodactyl
|
|t:|1783118379
|switch|p1b: Raichu|Raichu, L50, M|100/100|[from] U-turn
|
|-weather|Snowscape|[upkeep]
|upkeep
|
|t:|1783118383
|switch|p2a: Garchomp|Garchomp, L50, M|100/100
|turn|4
|
|t:|1783118406
|switch|p1a: Tsareena|Tsareena, L50, F|100/100
|detailschange|p1b: Raichu|Raichu-Mega-Y, L50, M
|-mega|p1b: Raichu|Raichu|Raichunite Y
|move|p2a: Garchomp|Protect|p2a: Garchomp
|-singleturn|p2a: Garchomp|Protect
|move|p2b: Metagross|Protect|p2b: Metagross
|-singleturn|p2b: Metagross|Protect
|move|p1b: Raichu|Thunder|p2b: Metagross
|-activate|p2b: Metagross|move: Protect
|
|-weather|Snowscape|[upkeep]
|upkeep
|turn|5
|
|t:|1783118454
|move|p1b: Raichu|Helping Hand|p1a: Tsareena
|-singleturn|p1a: Tsareena|Helping Hand|[of] p1b: Raichu
|move|p2a: Garchomp|Rock Slide|p1b: Raichu|[spread] p1a,p1b
|-damage|p1a: Tsareena|71/100
|-damage|p1b: Raichu|47/100
|-damage|p2a: Garchomp|90/100|[from] item: Life Orb
|move|p2b: Metagross|Psychic Fangs|p1a: Tsareena
|-damage|p1a: Tsareena|0 fnt
|faint|p1a: Tsareena
|
|-weather|none
|upkeep
|
|t:|1783118466
|switch|p1a: Basculegion|Basculegion-F, L50, F|17/100
|turn|6
|
|t:|1783118486
|move|p1b: Raichu|Helping Hand|p1a: Basculegion
|-singleturn|p1a: Basculegion|Helping Hand|[of] p1b: Raichu
|move|p2b: Metagross|Protect|p2b: Metagross
|-singleturn|p2b: Metagross|Protect
|move|p2a: Garchomp|Earthquake|p1a: Basculegion|[spread] p1a,p1b
|-activate|p2b: Metagross|move: Protect
|-supereffective|p1b: Raichu|1
|-damage|p1a: Basculegion|0 fnt
|-damage|p1b: Raichu|0 fnt
|faint|p1a: Basculegion
|faint|p1b: Raichu
|-damage|p2a: Garchomp|80/100|[from] item: Life Orb
|
|win|Paco Amores
|raw|FillmooreTJ's rating: 1074 → 1058(-16 for losing)
|raw|Paco Amores's rating: 1163 → 1182(+19 for winning)
|l|☆FillmooreTJ
|player|p1|
