|j|☆ToniToniChoppr
|j|☆zweeta
|html|ToniToniChopprzweeta    
|uhtml|bestof|Game 2 of a best-of-3
|t:|1756599868
|gametype|doubles
|player|p1|ToniToniChoppr|guitarist|1000
|player|p2|zweeta|pokekid|1000
|gen|9
|tier|[Gen 9] VGC 2025 Reg H (Bo3)
|rated|
|rule|Species Clause: Limit one of each Pokémon
|rule|Item Clause: Limit 1 of each item
|clearpoke
|poke|p1|Ursaluna, L50, F|
|poke|p1|Flapple, L50, F|
|poke|p1|Incineroar, L50, F|
|poke|p1|Oranguru, L50, M|
|poke|p1|Vikavolt, L50, F|
|poke|p1|Hatterene, L50, F|
|poke|p2|Gholdengo, L50|
|poke|p2|Ursaluna, L50, M|
|poke|p2|Sinistcha, L50|
|poke|p2|Sneasler, L50, M|
|poke|p2|Dragonite, L50, M|
|poke|p2|Incineroar, L50, M|
|teampreview|4
|showteam|p1|Ursaluna||FlameOrb|Guts|Facade,Earthquake,SwordsDance,Protect|||F|||50|,,,,,Ghost]Flapple||ChoiceBand|Hustle|GravApple,DragonRush,SuckerPunch,Uturn|||F|||50|,,,,,Steel]Incineroar||AssaultVest|Intimidate|FakeOut,FlareBlitz,KnockOff,Uturn|||F|||50|,,,,,Bug]Oranguru||SafetyGoggles|Telepathy|PsychicNoise,Instruct,Taunt,TrickRoom|||M|||50|,,,,,Fairy]Vikavolt||ChoiceSpecs|Levitate|Thunderbolt,Discharge,StruggleBug,FlashCannon|||F|||50|,,,,,Electric]Hatterene||LifeOrb|MagicBounce|ExpandingForce,DazzlingGleam,TrickRoom,Protect|||F|||50|,,,,,Steel
|showteam|p2|Gholdengo||LifeOrb|GoodasGold|MakeItRain,ShadowBall,NastyPlot,Protect||||||50|,,,,,Water]Ursaluna||FlameOrb|Guts|Facade,HeadlongRush,Earthquake,Protect|||M|||50|,,,,,Ghost]Sinistcha||SitrusBerry|Hospitality|MatchaGotcha,LifeDew,RagePowder,TrickRoom||||||50|,,,,,Dark]Sneasler||FocusSash|PoisonTouch|DireClaw,CloseCombat,Coaching,Protect|||M|||50|,,,,,Flying]Dragonite||LoadedDice|Multiscale|ScaleShot,Haze,Tailwind,Protect|||M|||50|,,,,,Fairy]Incineroar||SafetyGoggles|Intimidate|FakeOut,FlareBlitz,KnockOff,PartingShot|||M|||50|,,,,,Ghost
|inactive|Battle timer is ON: inactive players will automatically lose when time's up. (requested by zweeta)
|
|t:|1756599896
|teamsize|p1|4
|teamsize|p2|4
|start
|switch|p1a: Oranguru|Oranguru, L50, M, shiny|100/100
|switch|p1b: Incineroar|Incineroar, L50, F, shiny|100/100
|switch|p2a: Incineroar|Incineroar, L50, M|100/100
|switch|p2b: Gholdengo|Gholdengo, L50, shiny|100/100
|-ability|p2a: Incineroar|Intimidate|boost
|-unboost|p1a: Oranguru|atk|1
|-unboost|p1b: Incineroar|atk|1
|-ability|p1b: Incineroar|Intimidate|boost
|-unboost|p2a: Incineroar|atk|1
|-unboost|p2b: Gholdengo|atk|1
|turn|1
|
|t:|1756599913
|-terastallize|p2b: Gholdengo|Water
|move|p2b: Gholdengo|Make It Rain|p1b: Incineroar|[spread] p1a,p1b
|-resisted|p1b: Incineroar
|-damage|p1a: Oranguru|49/100
|-damage|p1b: Incineroar|83/100
|-unboost|p2b: Gholdengo|spa|1
|-damage|p2b: Gholdengo|91/100|[from] item: Life Orb
|move|p2a: Incineroar|Knock Off|p1a: Oranguru
|-supereffective|p1a: Oranguru
|-crit|p1a: Oranguru
|-damage|p1a: Oranguru|0 fnt
|-enditem|p1a: Oranguru|Safety Goggles|[from] move: Knock Off|[of] p2a: Incineroar
|faint|p1a: Oranguru
|move|p1b: Incineroar|Flare Blitz|p2b: Gholdengo
|-resisted|p2b: Gholdengo
|-damage|p2b: Gholdengo|71/100
|-damage|p1b: Incineroar|78/100|[from] Recoil
|
|upkeep
|
|t:|1756599934
|switch|p1a: Vikavolt|Vikavolt, L50, F, shiny|100/100
|turn|2
|
|t:|1756599944
|switch|p1b: Ursaluna|Ursaluna, L50, F, shiny|100/100
|-terastallize|p1a: Vikavolt|Electric
|move|p2b: Gholdengo|Protect|p2b: Gholdengo
|-singleturn|p2b: Gholdengo|Protect
|move|p2a: Incineroar|Parting Shot|p1a: Vikavolt
|-unboost|p1a: Vikavolt|atk|1
|-unboost|p1a: Vikavolt|spa|1
|
|t:|1756599956
|switch|p2a: Sinistcha|Sinistcha, L50|100/100|[from] Parting Shot
|-heal|p2b: Gholdengo|96/100|[from] ability: Hospitality|[of] p2a: Sinistcha
|move|p1a: Vikavolt|Discharge|p2b: Gholdengo|[spread] p2a
|-activate|p2b: Gholdengo|move: Protect
|-immune|p1b: Ursaluna
|-resisted|p2a: Sinistcha
|-damage|p2a: Sinistcha|77/100
|
|-status|p1b: Ursaluna|brn|[from] item: Flame Orb
|upkeep
|turn|3
|
|t:|1756599973
|move|p2b: Gholdengo|Nasty Plot|p2b: Gholdengo
|-boost|p2b: Gholdengo|spa|2
|move|p2a: Sinistcha|Matcha Gotcha|p1b: Ursaluna|[spread] p1a,p1b
|-supereffective|p1b: Ursaluna
|-damage|p1a: Vikavolt|71/100
|-heal|p2a: Sinistcha|92/100|[from] drain|[of] p1a: Vikavolt
|-damage|p1b: Ursaluna|60/100 brn
|-heal|p2a: Sinistcha|100/100|[from] drain|[of] p1b: Ursaluna
|move|p1b: Ursaluna|Earthquake|p2b: Gholdengo|[spread] p2a,p2b
|-immune|p1a: Vikavolt|[from] ability: Levitate
|-resisted|p2a: Sinistcha
|-damage|p2a: Sinistcha|71/100
|-damage|p2b: Gholdengo|27/100
|move|p1a: Vikavolt|Discharge|p2b: Gholdengo|[spread] p2a,p2b
|-immune|p1b: Ursaluna
|-resisted|p2a: Sinistcha
|-crit|p2a: Sinistcha
|-supereffective|p2b: Gholdengo
|-damage|p2a: Sinistcha|24/100
|-damage|p2b: Gholdengo|0 fnt
|-enditem|p2a: Sinistcha|Sitrus Berry|[eat]
|-heal|p2a: Sinistcha|48/100|[from] item: Sitrus Berry
|faint|p2b: Gholdengo
|
|-damage|p1b: Ursaluna|54/100 brn|[from] brn
|upkeep
|
|t:|1756599982
|switch|p2b: Incineroar|Incineroar, L50, M|100/100
|-ability|p2b: Incineroar|Intimidate|boost
|-unboost|p1a: Vikavolt|atk|1
|-unboost|p1b: Ursaluna|atk|1
|turn|4
|
|t:|1756600000
|move|p2b: Incineroar|Parting Shot|p1a: Vikavolt
|-unboost|p1a: Vikavolt|atk|1
|-unboost|p1a: Vikavolt|spa|1
|
|t:|1756600003
|switch|p2b: Ursaluna|Ursaluna, L50, M, shiny|100/100|[from] Parting Shot
|move|p2a: Sinistcha|Matcha Gotcha|p1a: Vikavolt|[spread] p1a
|-miss|p2a: Sinistcha|p1b: Ursaluna
|-damage|p1a: Vikavolt|42/100
|-heal|p2a: Sinistcha|63/100|[from] drain|[of] p1a: Vikavolt
|move|p1b: Ursaluna|Earthquake|p2b: Ursaluna|[spread] p2a,p2b
|-immune|p1a: Vikavolt|[from] ability: Levitate
|-resisted|p2a: Sinistcha
|-damage|p2a: Sinistcha|45/100
|-damage|p2b: Ursaluna|69/100
|move|p1a: Vikavolt|Discharge|p2b: Ursaluna|[spread] p2a
|-immune|p1b: Ursaluna
|-immune|p2b: Ursaluna
|-resisted|p2a: Sinistcha
|-damage|p2a: Sinistcha|29/100
|
|-damage|p1b: Ursaluna|48/100 brn|[from] brn
|-status|p2b: Ursaluna|brn|[from] item: Flame Orb
|upkeep
|turn|5
|
|t:|1756600018
|move|p1b: Ursaluna|Protect|p1b: Ursaluna
|-singleturn|p1b: Ursaluna|Protect
|move|p2b: Ursaluna|Facade|p1b: Ursaluna
|-activate|p1b: Ursaluna|move: Protect
|move|p2a: Sinistcha|Life Dew|p2a: Sinistcha|[spread] p2a,p2b
|-heal|p2a: Sinistcha|54/100
|-heal|p2b: Ursaluna|94/100 brn
|move|p1a: Vikavolt|Discharge|p2a: Sinistcha|[spread] p2a
|-activate|p1b: Ursaluna|move: Protect
|-immune|p2b: Ursaluna
|-resisted|p2a: Sinistcha
|-damage|p2a: Sinistcha|38/100
|
|-damage|p2b: Ursaluna|88/100 brn|[from] brn
|-damage|p1b: Ursaluna|42/100 brn|[from] brn
|upkeep
|turn|6
|
|t:|1756600033
|move|p2b: Ursaluna|Facade|p1b: Ursaluna
|-damage|p1b: Ursaluna|0 fnt
|faint|p1b: Ursaluna
|move|p2a: Sinistcha|Life Dew|p2a: Sinistcha|[spread] p2a,p2b
|-heal|p2a: Sinistcha|63/100
|-heal|p2b: Ursaluna|100/100 brn
|move|p1a: Vikavolt|Discharge|p2b: Ursaluna|[spread] p2a
|-immune|p2b: Ursaluna
|-resisted|p2a: Sinistcha
|-damage|p2a: Sinistcha|45/100
|
|-damage|p2b: Ursaluna|94/100 brn|[from] brn
|upkeep
|
|t:|1756600036
|switch|p1b: Incineroar|Incineroar, L50, F, shiny|78/100
|-ability|p1b: Incineroar|Intimidate|boost
|-unboost|p2a: Sinistcha|atk|1
|-unboost|p2b: Ursaluna|atk|1
|turn|7
|
|t:|1756600050
|move|p2a: Sinistcha|Rage Powder|p2a: Sinistcha
|-singleturn|p2a: Sinistcha|move: Rage Powder
|move|p2b: Ursaluna|Facade|p1a: Vikavolt
|-damage|p1a: Vikavolt|0 fnt
|faint|p1a: Vikavolt
|move|p1b: Incineroar|Knock Off|p2a: Sinistcha
|-supereffective|p2a: Sinistcha
|-damage|p2a: Sinistcha|0 fnt
|faint|p2a: Sinistcha
|
|-damage|p2b: Ursaluna|88/100 brn|[from] brn
|upkeep
|
|t:|1756600053
|switch|p2a: Incineroar|Incineroar, L50, M|100/100
|-ability|p2a: Incineroar|Intimidate|boost
|-unboost|p1b: Incineroar|atk|1
|turn|8
|
|t:|1756600059
|move|p2a: Incineroar|Fake Out|p1b: Incineroar
|-damage|p1b: Incineroar|67/100
|move|p2b: Ursaluna|Headlong Rush|p1b: Incineroar
|-supereffective|p1b: Incineroar
|-damage|p1b: Incineroar|0 fnt
|-unboost|p2b: Ursaluna|def|1
|-unboost|p2b: Ursaluna|spd|1
|faint|p1b: Incineroar
|
|win|zweeta
|raw|ToniToniChoppr's rating: 1000 → 1000(+0 for losing)
|raw|zweeta's rating: 1000 → 1040(+40 for winning)
|l|☆ToniToniChoppr
|player|p1|
