|j|☆fumomarlboro
|j|☆panqueca25
|html|fumomarlboropanqueca25    
|uhtml|bestof|Game 2 of a best-of-3
|t:|1757780122
|gametype|doubles
|player|p1|fumomarlboro|swimmerf-gen4|1293
|player|p2|panqueca25|169|1238
|gen|9
|tier|[Gen 9] VGC 2025 Reg H (Bo3)
|rated|
|rule|Species Clause: Limit one of each Pokémon
|rule|Item Clause: Limit 1 of each item
|clearpoke
|poke|p1|Tauros-Paldea-Aqua, L50, M|
|poke|p1|Gholdengo, L50|
|poke|p1|Sinistcha, L50|
|poke|p1|Pelipper, L50, F|
|poke|p1|Dragonite, L50, M|
|poke|p1|Archaludon, L50, F|
|poke|p2|Gholdengo, L50|
|poke|p2|Incineroar, L50, F|
|poke|p2|Porygon2, L50|
|poke|p2|Ursaluna, L50, F|
|poke|p2|Clefable, L50, F|
|poke|p2|Primarina, L50, F|
|teampreview|4
|showteam|p1|Tauros-Paldea-Aqua||MirrorHerb|Intimidate|WaveCrash,CloseCombat,AquaJet,Protect|||M|||50|,,,,,Grass]Gholdengo||ChoiceScarf|GoodasGold|MakeItRain,ShadowBall,Trick,Protect||||||50|,,,,,Fairy]Sinistcha||SitrusBerry|Hospitality|MatchaGotcha,LifeDew,RagePowder,TrickRoom||||||50|,,,,,Dark]Pelipper||FocusSash|Drizzle|MuddyWater,Hurricane,Tailwind,Protect|||F|||50|,,,,,Ghost]Dragonite||LoadedDice|Multiscale|ScaleShot,Tailwind,Haze,Protect|||M|||50|,,,,,Fairy]Archaludon||AssaultVest|Stamina|DragonPulse,BodyPress,ElectroShot,Snarl|||F|||50|,,,,,Grass
|showteam|p2|Gholdengo||Leftovers|GoodasGold|MakeItRain,ShadowBall,NastyPlot,Protect||||||50|,,,,,Water]Incineroar||SafetyGoggles|Intimidate|FlareBlitz,KnockOff,PartingShot,FakeOut|||F|||50|,,,,,Ghost]Porygon2||Eviolite|Download|TeraBlast,IceBeam,TrickRoom,Recover||||||50|,,,,,Fighting]Ursaluna||FlameOrb|Guts|Facade,HeadlongRush,Earthquake,Protect|||F|||50|,,,,,Ghost]Clefable||RockyHelmet|Unaware|Moonblast,FollowMe,Encore,Protect|||F|||50|,,,,,Ghost]Primarina||SitrusBerry|LiquidVoice|HyperVoice,Moonblast,Haze,Protect|||F|||50|,,,,,Poison
|inactive|Battle timer is ON: inactive players will automatically lose when time's up. (requested by panqueca25)
|
|t:|1757780140
|teamsize|p1|4
|teamsize|p2|4
|start
|switch|p1a: Gholdengo|Gholdengo, L50|100/100
|switch|p1b: Pelipper|Pelipper, L50, F|100/100
|switch|p2a: Clefable|Clefable, L50, F|100/100
|switch|p2b: Porygon2|Porygon2, L50, shiny|100/100
|-weather|RainDance|[from] ability: Drizzle|[of] p1b: Pelipper
|-ability|p2b: Porygon2|Download|boost
|-boost|p2b: Porygon2|spa|1
|turn|1
|
|t:|1757780156
|move|p2a: Clefable|Follow Me|p2a: Clefable
|-singleturn|p2a: Clefable|move: Follow Me
|move|p1a: Gholdengo|Trick|p2a: Clefable
|-activate|p1a: Gholdengo|move: Trick|[of] p2a: Clefable
|-item|p2a: Clefable|Choice Scarf|[from] move: Trick
|-item|p1a: Gholdengo|Rocky Helmet|[from] move: Trick
|move|p1b: Pelipper|Muddy Water|p2a: Clefable|[spread] p2a,p2b
|-damage|p2a: Clefable|60/100
|-damage|p2b: Porygon2|75/100
|move|p2b: Porygon2|Trick Room|p2b: Porygon2
|-fieldstart|move: Trick Room|[of] p2b: Porygon2
|
|-weather|RainDance|[upkeep]
|upkeep
|turn|2
|
|t:|1757780178
|move|p2b: Porygon2|Tera Blast|p1b: Pelipper
|-damage|p1b: Pelipper|27/100
|move|p1b: Pelipper|Muddy Water|p2a: Clefable|[spread] p2a,p2b
|-damage|p2a: Clefable|22/100
|-damage|p2b: Porygon2|50/100
|-unboost|p2a: Clefable|accuracy|1
|-unboost|p2b: Porygon2|accuracy|1
|move|p2a: Clefable|Moonblast|p1b: Pelipper
|-damage|p1b: Pelipper|0 fnt
|faint|p1b: Pelipper
|move|p1a: Gholdengo|Shadow Ball|p2a: Clefable
|-damage|p2a: Clefable|0 fnt
|faint|p2a: Clefable
|
|-weather|RainDance|[upkeep]
|upkeep
|
|t:|1757780190
|switch|p2a: Ursaluna|Ursaluna, L50, F|100/100
|switch|p1b: Archaludon|Archaludon, L50, F|100/100
|turn|3
|
|t:|1757780215
|switch|p1b: Sinistcha|Sinistcha, L50|100/100
|-terastallize|p1a: Gholdengo|Fairy
|move|p2a: Ursaluna|Protect|p2a: Ursaluna
|-singleturn|p2a: Ursaluna|Protect
|move|p2b: Porygon2|Recover|p2b: Porygon2
|-heal|p2b: Porygon2|100/100
|move|p1a: Gholdengo|Make It Rain|p2a: Ursaluna|[spread] p2b
|-activate|p2a: Ursaluna|move: Protect
|-damage|p2b: Porygon2|70/100
|-unboost|p1a: Gholdengo|spa|1
|
|-weather|RainDance|[upkeep]
|-status|p2a: Ursaluna|brn|[from] item: Flame Orb
|upkeep
|turn|4
|
|t:|1757780227
|move|p1a: Gholdengo|Protect|p1a: Gholdengo
|-singleturn|p1a: Gholdengo|Protect
|move|p2a: Ursaluna|Headlong Rush|p1a: Gholdengo
|-activate|p1a: Gholdengo|move: Protect
|move|p2b: Porygon2|Ice Beam|p1b: Sinistcha
|-supereffective|p1b: Sinistcha
|-damage|p1b: Sinistcha|45/100
|-enditem|p1b: Sinistcha|Sitrus Berry|[eat]
|-heal|p1b: Sinistcha|70/100|[from] item: Sitrus Berry
|move|p1b: Sinistcha|Matcha Gotcha|p2a: Ursaluna|[spread] p2b
|-miss|p1b: Sinistcha|p2a: Ursaluna
|-damage|p2b: Porygon2|56/100
|-heal|p1b: Sinistcha|78/100|[from] drain|[of] p2b: Porygon2
|
|-weather|RainDance|[upkeep]
|-damage|p2a: Ursaluna|95/100 brn|[from] brn
|upkeep
|turn|5
|inactive|fumomarlboro has 30 seconds left.
|inactive|fumomarlboro has 20 seconds left.
|
|t:|1757780277
|switch|p2b: Gholdengo|Gholdengo, L50|100/100
|move|p1b: Sinistcha|Rage Powder|p1b: Sinistcha
|-singleturn|p1b: Sinistcha|move: Rage Powder
|move|p2a: Ursaluna|Headlong Rush|p1b: Sinistcha
|-resisted|p1b: Sinistcha
|-damage|p1b: Sinistcha|27/100
|-unboost|p2a: Ursaluna|def|1
|-unboost|p2a: Ursaluna|spd|1
|move|p1a: Gholdengo|Make It Rain|p2b: Gholdengo|[spread] p2a,p2b
|-resisted|p2b: Gholdengo
|-damage|p2a: Ursaluna|49/100 brn
|-damage|p2b: Gholdengo|83/100
|-unboost|p1a: Gholdengo|spa|1
|
|-weather|none
|-heal|p2b: Gholdengo|90/100|[from] item: Leftovers
|-damage|p2a: Ursaluna|43/100 brn|[from] brn
|-fieldend|move: Trick Room
|upkeep
|turn|6
|
|t:|1757780301
|switch|p1b: Archaludon|Archaludon, L50, F|100/100
|switch|p2a: Porygon2|Porygon2, L50, shiny|56/100
|-ability|p2a: Porygon2|Download|boost
|-boost|p2a: Porygon2|spa|1
|-terastallize|p2b: Gholdengo|Water
|move|p1a: Gholdengo|Make It Rain|p2b: Gholdengo|[spread] p2a,p2b
|-resisted|p2b: Gholdengo
|-damage|p2a: Porygon2|42/100
|-damage|p2b: Gholdengo|77/100
|-unboost|p1a: Gholdengo|spa|1
|move|p2b: Gholdengo|Shadow Ball|p1b: Archaludon
|-damage|p1b: Archaludon|74/100
|-unboost|p1b: Archaludon|spd|1
|-ability|p1b: Archaludon|Stamina|boost
|-boost|p1b: Archaludon|def|1
|
|-heal|p2b: Gholdengo|83/100|[from] item: Leftovers
|upkeep
|turn|7
|
|t:|1757780318
|switch|p1a: Sinistcha|Sinistcha, L50|27/100
|-heal|p1b: Archaludon|99/100|[from] ability: Hospitality|[of] p1a: Sinistcha
|move|p2b: Gholdengo|Nasty Plot|p2b: Gholdengo
|-boost|p2b: Gholdengo|spa|2
|move|p1b: Archaludon|Body Press|p2a: Porygon2
|-supereffective|p2a: Porygon2
|-damage|p2a: Porygon2|0 fnt
|faint|p2a: Porygon2
|
|-heal|p2b: Gholdengo|89/100|[from] item: Leftovers
|upkeep
|
|t:|1757780321
|switch|p2a: Ursaluna|Ursaluna, L50, F|43/100 brn
|turn|8
|inactive|fumomarlboro has 30 seconds left.
|inactive|fumomarlboro has 20 seconds left.
|
|t:|1757780359
|move|p1a: Sinistcha|Rage Powder|p1a: Sinistcha
|-singleturn|p1a: Sinistcha|move: Rage Powder
|move|p2b: Gholdengo|Make It Rain|p1a: Sinistcha|[spread] p1a,p1b
|-resisted|p1b: Archaludon
|-damage|p1a: Sinistcha|0 fnt
|-damage|p1b: Archaludon|58/100
|-unboost|p2b: Gholdengo|spa|1
|-ability|p1b: Archaludon|Stamina|boost
|-boost|p1b: Archaludon|def|1
|faint|p1a: Sinistcha
|move|p1b: Archaludon|Body Press|p2a: Ursaluna
|-supereffective|p2a: Ursaluna
|-damage|p2a: Ursaluna|0 fnt
|faint|p2a: Ursaluna
|
|-heal|p2b: Gholdengo|95/100|[from] item: Leftovers
|upkeep
|
|t:|1757780364
|switch|p1a: Gholdengo|Gholdengo, L50, tera:Fairy|100/100
|turn|9
|
|t:|1757780378
|move|p1a: Gholdengo|Shadow Ball|p2b: Gholdengo
|-damage|p2b: Gholdengo|53/100
|-unboost|p2b: Gholdengo|spd|1
|move|p2b: Gholdengo|Nasty Plot|p2b: Gholdengo
|-boost|p2b: Gholdengo|spa|2
|move|p1b: Archaludon|Body Press|p2b: Gholdengo
|-damage|p2b: Gholdengo|5/100
|
|-heal|p2b: Gholdengo|11/100|[from] item: Leftovers
|upkeep
|turn|10
|
|t:|1757780392
|move|p2b: Gholdengo|Protect|p2b: Gholdengo
|-singleturn|p2b: Gholdengo|Protect
|move|p1a: Gholdengo|Shadow Ball|p2b: Gholdengo
|-activate|p2b: Gholdengo|move: Protect
|move|p1b: Archaludon|Body Press|p2b: Gholdengo
|-activate|p2b: Gholdengo|move: Protect
|
|-heal|p2b: Gholdengo|18/100|[from] item: Leftovers
|upkeep
|turn|11
|
|t:|1757780397
|move|p1a: Gholdengo|Shadow Ball|p2b: Gholdengo
|-damage|p2b: Gholdengo|0 fnt
|faint|p2b: Gholdengo
|
|win|fumomarlboro
||fumomarlboro is ready for game 3.
||fumomarlboro is ready for game 3.
||panqueca25 is ready for game 3.
|uhtml|next|Next: Game 3 of 3
