|j|☆Gyaradostyranitar
|j|☆Wooperdooperpooper
|html|GyaradostyranitarWooperdooperpooper    
|uhtml|bestof|Game 2 of a best-of-3
|t:|1756024625
|gametype|doubles
|player|p1|Gyaradostyranitar|adaman|1232
|player|p2|Wooperdooperpooper|ninjaboy|1412
|gen|9
|tier|[Gen 9] VGC 2025 Reg H (Bo3)
|rated|
|rule|Species Clause: Limit one of each Pokémon
|rule|Item Clause: Limit 1 of each item
|clearpoke
|poke|p1|Kommo-o, L50, F|
|poke|p1|Gholdengo, L50|
|poke|p1|Volcarona, L50, F|
|poke|p1|Rillaboom, L50, F|
|poke|p1|Ninetales-Alola, L50, M|
|poke|p1|Primarina, L50, F|
|poke|p2|Charizard, L50, F|
|poke|p2|Indeedee-F, L50, F|
|poke|p2|Ursaluna, L50, M|
|poke|p2|Torkoal, L50, F|
|poke|p2|Gallade, L50, M|
|poke|p2|Hatterene, L50, F|
|teampreview|4
|showteam|p1|Kommo-o||Leftovers|Overcoat|BodyPress,IronDefense,Flamethrower,Protect|||F|||50|,,,,,Fire]Gholdengo||MetalCoat|GoodasGold|MakeItRain,ShadowBall,NastyPlot,Protect||||||50|,,,,,Steel]Volcarona||SafetyGoggles|FlameBody|HeatWave,RagePowder,Tailwind,Protect|||F|||50|,,,,,Steel]Rillaboom||AssaultVest|GrassySurge|GrassyGlide,WoodHammer,Uturn,FakeOut|||F|||50|,,,,,Water]Ninetales-Alola||FocusSash|SnowWarning|Blizzard,IcyWind,Encore,Protect|||M|||50|,,,,,Ice]Primarina||SitrusBerry|LiquidVoice|Moonblast,HyperVoice,Haze,Protect|||F|||50|,,,,,Poison
|showteam|p2|Charizard||ChoiceScarf|SolarPower|HeatWave,Overheat,WeatherBall,ScorchingSands|||F|||50|,,,,,Fire]Indeedee-F||SafetyGoggles|PsychicSurge|DazzlingGleam,FollowMe,TrickRoom,HelpingHand|||F|||50|,,,,,Water]Ursaluna||FlameOrb|Guts|HeadlongRush,Facade,RockSlide,Protect|||M|||50|,,,,,Dragon]Torkoal||Charcoal|Drought|Eruption,Overheat,HelpingHand,Protect|||F|||50|,,,,,Fire]Gallade||ClearAmulet|Sharpness|SacredSword,PsychoCut,TrickRoom,WideGuard|||M|||50|,,,,,Grass]Hatterene||LifeOrb|MagicBounce|ExpandingForce,DazzlingGleam,TrickRoom,Protect|||F|||50|,,,,,Water
|inactive|Battle timer is ON: inactive players will automatically lose when time's up. (requested by Wooperdooperpooper)
|inactive|Gyaradostyranitar also wants the timer to be on.
|inactive|Gyaradostyranitar has 60 seconds left.
|
|t:|1756024675
|teamsize|p1|4
|teamsize|p2|4
|start
|switch|p1a: Ninetales|Ninetales-Alola, L50, M|100/100
|switch|p1b: Primarina|Primarina, L50, F|100/100
|switch|p2a: Hatterene|Hatterene, L50, F|100/100
|switch|p2b: Indeedee|Indeedee-F, L50, F, shiny|100/100
|-weather|Snowscape|[from] ability: Snow Warning|[of] p1a: Ninetales
|-fieldstart|move: Psychic Terrain|[from] ability: Psychic Surge|[of] p2b: Indeedee
|turn|1
|
|t:|1756024693
|switch|p2b: Torkoal|Torkoal, L50, F|100/100
|-weather|SunnyDay|[from] ability: Drought|[of] p2b: Torkoal
|-terastallize|p2a: Hatterene|Water
|move|p1a: Ninetales|Blizzard|p2b: Torkoal|[spread] p2a,p2b
|-resisted|p2a: Hatterene
|-resisted|p2b: Torkoal
|-damage|p2a: Hatterene|83/100
|-damage|p2b: Torkoal|79/100
|move|p1b: Primarina|Hyper Voice|p2a: Hatterene|[spread] p2a,p2b
|-resisted|p2a: Hatterene
|-supereffective|p2b: Torkoal
|-damage|p2a: Hatterene|75/100
|-damage|p2b: Torkoal|40/100
|move|p2a: Hatterene|Trick Room|p2a: Hatterene
|-fieldstart|move: Trick Room|[of] p2a: Hatterene
|
|-weather|SunnyDay|[upkeep]
|upkeep
|turn|2
|inactive|Gyaradostyranitar has 30 seconds left.
|inactive|Gyaradostyranitar has 20 seconds left.
|
|t:|1756024730
|switch|p1a: Rillaboom|Rillaboom, L50, F|100/100
|-fieldstart|move: Grassy Terrain|[from] ability: Grassy Surge|[of] p1a: Rillaboom
|move|p2b: Torkoal|Eruption|p1a: Rillaboom|[spread] p1a,p1b
|-supereffective|p1a: Rillaboom
|-resisted|p1b: Primarina
|-damage|p1a: Rillaboom|50/100
|-damage|p1b: Primarina|86/100
|move|p2a: Hatterene|Dazzling Gleam|p1a: Rillaboom|[spread] p1a,p1b
|-damage|p1a: Rillaboom|16/100
|-damage|p1b: Primarina|50/100
|-enditem|p1b: Primarina|Sitrus Berry|[eat]
|-heal|p1b: Primarina|75/100|[from] item: Sitrus Berry
|-damage|p2a: Hatterene|66/100|[from] item: Life Orb
|move|p1b: Primarina|Hyper Voice|p2b: Torkoal|[spread] p2a,p2b
|-resisted|p2a: Hatterene
|-supereffective|p2b: Torkoal
|-damage|p2a: Hatterene|58/100
|-damage|p2b: Torkoal|0 fnt
|faint|p2b: Torkoal
|
|-weather|SunnyDay|[upkeep]
|-heal|p2a: Hatterene|65/100|[from] Grassy Terrain
|-heal|p1b: Primarina|81/100|[from] Grassy Terrain
|-heal|p1a: Rillaboom|22/100|[from] Grassy Terrain
|upkeep
|
|t:|1756024737
|switch|p2b: Indeedee|Indeedee-F, L50, F, shiny|100/100
|-fieldstart|move: Psychic Terrain|[from] ability: Psychic Surge|[of] p2b: Indeedee
|turn|3
|
|t:|1756024752
|switch|p2b: Ursaluna|Ursaluna, L50, M|100/100
|switch|p1a: Ninetales|Ninetales-Alola, L50, M|100/100
|-weather|Snowscape|[from] ability: Snow Warning|[of] p1a: Ninetales
|move|p1b: Primarina|Protect|p1b: Primarina
|-singleturn|p1b: Primarina|Protect
|move|p2a: Hatterene|Expanding Force|p1b: Primarina|[spread] p1a
|-activate|p1b: Primarina|move: Protect
|-damage|p1a: Ninetales|3/100
|-damage|p2a: Hatterene|55/100|[from] item: Life Orb
|
|-weather|Snowscape|[upkeep]
|-status|p2b: Ursaluna|brn|[from] item: Flame Orb
|upkeep
|turn|4
|
|t:|1756024769
|switch|p1b: Rillaboom|Rillaboom, L50, F|22/100
|-fieldstart|move: Grassy Terrain|[from] ability: Grassy Surge|[of] p1b: Rillaboom
|move|p1a: Ninetales|Protect|p1a: Ninetales
|-singleturn|p1a: Ninetales|Protect
|move|p2a: Hatterene|Dazzling Gleam|p1a: Ninetales|[spread] p1b
|-activate|p1a: Ninetales|move: Protect
|-damage|p1b: Rillaboom|0 fnt
|faint|p1b: Rillaboom
|-damage|p2a: Hatterene|45/100|[from] item: Life Orb
|move|p2b: Ursaluna|Facade|p1a: Ninetales
|-activate|p1a: Ninetales|move: Protect
|
|-weather|Snowscape|[upkeep]
|-heal|p2a: Hatterene|51/100|[from] Grassy Terrain
|-heal|p1a: Ninetales|9/100|[from] Grassy Terrain
|-damage|p2b: Ursaluna|95/100 brn|[from] brn
|upkeep
|
|t:|1756024779
|switch|p1b: Primarina|Primarina, L50, F|81/100
|turn|5
|
|t:|1756024787
|move|p1b: Primarina|Protect|p1b: Primarina
|-singleturn|p1b: Primarina|Protect
|move|p1a: Ninetales|Protect|p1a: Ninetales
|-singleturn|p1a: Ninetales|Protect
|move|p2a: Hatterene|Dazzling Gleam|p1b: Primarina|[spread] 
|-activate|p1a: Ninetales|move: Protect
|-activate|p1b: Primarina|move: Protect
|move|p2b: Ursaluna|Facade|p1b: Primarina
|-activate|p1b: Primarina|move: Protect
|
|-weather|Snowscape|[upkeep]
|-heal|p2a: Hatterene|57/100|[from] Grassy Terrain
|-heal|p2b: Ursaluna|100/100 brn|[from] Grassy Terrain
|-heal|p1b: Primarina|87/100|[from] Grassy Terrain
|-heal|p1a: Ninetales|15/100|[from] Grassy Terrain
|-damage|p2b: Ursaluna|95/100 brn|[from] brn
|-fieldend|move: Trick Room
|upkeep
|turn|6
|inactive|Gyaradostyranitar has 30 seconds left.
|
|t:|1756024813
|switch|p2b: Indeedee|Indeedee-F, L50, F, shiny|100/100
|-fieldstart|move: Psychic Terrain|[from] ability: Psychic Surge|[of] p2b: Indeedee
|move|p2a: Hatterene|Protect|p2a: Hatterene
|-singleturn|p2a: Hatterene|Protect
|move|p1a: Ninetales|Blizzard|p2a: Hatterene|[spread] p2b
|-activate|p2a: Hatterene|move: Protect
|-damage|p2b: Indeedee|73/100
|move|p1b: Primarina|Moonblast|p2a: Hatterene
|-activate|p2a: Hatterene|move: Protect
|
|-weather|Snowscape|[upkeep]
|upkeep
|turn|7
|inactive|Gyaradostyranitar has 30 seconds left.
|
|t:|1756024843
|move|p2b: Indeedee|Follow Me|p2b: Indeedee
|-singleturn|p2b: Indeedee|move: Follow Me
|move|p1a: Ninetales|Icy Wind|p2a: Hatterene|[spread] p2a,p2b
|-resisted|p2a: Hatterene
|-damage|p2a: Hatterene|48/100
|-damage|p2b: Indeedee|57/100
|-unboost|p2a: Hatterene|spe|1
|-unboost|p2b: Indeedee|spe|1
|move|p1b: Primarina|Hyper Voice|p2a: Hatterene|[spread] p2a,p2b
|-resisted|p2a: Hatterene
|-damage|p2a: Hatterene|32/100
|-damage|p2b: Indeedee|29/100
|move|p2a: Hatterene|Trick Room|p2a: Hatterene
|-fieldstart|move: Trick Room|[of] p2a: Hatterene
|
|-weather|none
|upkeep
|turn|8
|
|t:|1756024865
|move|p2b: Indeedee|Helping Hand|p2a: Hatterene
|-singleturn|p2a: Hatterene|Helping Hand|[of] p2b: Indeedee
|move|p2a: Hatterene|Expanding Force|p1b: Primarina|[spread] p1a,p1b
|-damage|p1a: Ninetales|0 fnt
|-damage|p1b: Primarina|0 fnt
|faint|p1a: Ninetales
|faint|p1b: Primarina
|-damage|p2a: Hatterene|22/100|[from] item: Life Orb
|
|upkeep
|-message|Gyaradostyranitar forfeited.
|
|win|Wooperdooperpooper
|raw|Gyaradostyranitar's rating: 1232 → 1219(-13 for losing)
|raw|Wooperdooperpooper's rating: 1412 → 1422(+10 for winning)
|l|☆Gyaradostyranitar
|player|p1|
