|j|☆shulivgc
|j|☆miraai1
|html|shulivgcmiraai1    
|uhtml|bestof|Game 1 of a best-of-3
|t:|1783354825
|gametype|doubles
|player|p1|shulivgc|#smogonxnpa2024draftee2|
|player|p2|miraai1|caitlin|
|gen|9
|tier|[Gen 9 Champions] VGC 2026 Reg M-B (Bo3)
|rule|Species Clause: Limit one of each Pokémon
|rule|Item Clause: Limit 1 of each item
|clearpoke
|poke|p1|Blastoise, L50, M|
|poke|p1|Delphox, L50, M|
|poke|p1|Sinistcha, L50|
|poke|p1|Sneasler, L50, F|
|poke|p1|Incineroar, L50, M|
|poke|p1|Kingambit, L50, M|
|poke|p2|Charizard, L50, M|
|poke|p2|Venusaur, L50, M|
|poke|p2|Toxapex, L50, M|
|poke|p2|Garchomp, L50, M|
|poke|p2|Annihilape, L50, F|
|poke|p2|Incineroar, L50, F|
|teampreview|4
|showteam|p1|Blastoise||Blastoisinite|RainDish|WaterSpout,DarkPulse,Protect,ShellSmash|Modest||M|||50|]Delphox||Delphoxite|Blaze|HeatWave,Psychic,NastyPlot,Protect|Timid||M|||50|]Sinistcha||KasibBerry|Hospitality|MatchaGotcha,Protect,LifeDew,RagePowder|Bold|||||50|]Sneasler||FocusSash|PoisonTouch|FakeOut,CloseCombat,PoisonJab,QuickGuard|Jolly||F|||50|]Incineroar||SitrusBerry|Intimidate|FakeOut,HelpingHand,FlareBlitz,PartingShot|Careful||M|||50|]Kingambit||BlackGlasses|Defiant|KowtowCleave,SuckerPunch,SwordsDance,Protect|Adamant||M|||50|
|showteam|p2|Charizard||CharizarditeY|Blaze|HeatWave,WeatherBall,HelpingHand,Protect|Modest||M|||50|]Venusaur||LifeOrb|Chlorophyll|SludgeBomb,EarthPower,SolarBeam,Protect|Modest||M|||50|]Toxapex||Leftovers|Regenerator|Toxic,Infestation,BanefulBunker,WideGuard|Bold||M|||50|]Garchomp||ChoiceScarf|RoughSkin|DragonClaw,RockSlide,StompingTantrum,Earthquake|Adamant||M|||50|]Annihilape||FocusSash|Defiant|CloseCombat,Taunt,PhantomForce,StoneEdge|Jolly||F|||50|]Incineroar||SitrusBerry|Intimidate|FakeOut,DarkestLariat,FlareBlitz,PartingShot|Brave||F|||50|
|c|☆miraai1|sending links
|c|☆miraai1|glhf
|j| TabuVGC
|j| Hecate2
|j| Fogmog
|c|☆shulivgc|gl
|j| Phoebe Chupi
|j| templevgc
|j| Pd0nZ
|j| xmarsh
|j| Carneyasada
|j| FBISurveillanceMan
|
|t:|1783354954
|teamsize|p1|4
|teamsize|p2|4
|start
|switch|p1a: Delphox|Delphox, L50, M|100/100
|switch|p1b: Incineroar|Incineroar, L50, M|100/100
|switch|p2a: Annihilape|Annihilape, L50, F|100/100
|switch|p2b: Incineroar|Incineroar, L50, F|100/100
|-ability|p1b: Incineroar|Intimidate|boost
|-unboost|p2a: Annihilape|atk|1
|-ability|p2a: Annihilape|Defiant|boost
|-boost|p2a: Annihilape|atk|2
|-unboost|p2b: Incineroar|atk|1
|-ability|p2b: Incineroar|Intimidate|boost
|-unboost|p1a: Delphox|atk|1
|-unboost|p1b: Incineroar|atk|1
|turn|1
|j| arekusabi
|j| Clipperz
|
|t:|1783354987
|detailschange|p1a: Delphox|Delphox-Mega, L50, M
|-mega|p1a: Delphox|Delphox|Delphoxite
|move|p1b: Incineroar|Fake Out|p2b: Incineroar
|-damage|p2b: Incineroar|94/100
|move|p1a: Delphox|Heat Wave|p2a: Annihilape|[spread] p2a,p2b
|-resisted|p2b: Incineroar|1
|-damage|p2a: Annihilape|58/100
|-damage|p2b: Incineroar|77/100
|move|p2a: Annihilape|Phantom Force||[still]
|-prepare|p2a: Annihilape|Phantom Force
|cant|p2b: Incineroar|flinch
|
|upkeep
|turn|2
|j| idczaq
|j| belgium z
|l| idczaq
|l| xmarsh
|
|t:|1783355027
|switch|p1a: Sneasler|Sneasler, L50, F|100/100
|move|p2a: Annihilape|Phantom Force|p1a: Sneasler|[from] lockedmove
|-enditem|p1a: Sneasler|Focus Sash
|-damage|p1a: Sneasler|1/100
|move|p1b: Incineroar|Parting Shot|p2b: Incineroar
|-unboost|p2b: Incineroar|atk|1
|-unboost|p2b: Incineroar|spa|1
|
|t:|1783355036
|switch|p1b: Delphox|Delphox-Mega, L50, M|100/100|[from] Parting Shot
|move|p2b: Incineroar|Parting Shot|p1b: Delphox
|-unboost|p1b: Delphox|atk|1
|-unboost|p1b: Delphox|spa|1
|
|t:|1783355039
|switch|p2b: Garchomp|Garchomp, L50, M|100/100|[from] Parting Shot
|
|upkeep
|turn|3
|j| JHufself
|l| belgium z
|
|t:|1783355059
|switch|p2a: Incineroar|Incineroar, L50, F|77/100
|-ability|p2a: Incineroar|Intimidate|boost
|-unboost|p1a: Sneasler|atk|1
|-unboost|p1b: Delphox|atk|1
|move|p1a: Sneasler|Fake Out|p2b: Garchomp
|-damage|p2b: Garchomp|90/100
|-damage|p1a: Sneasler|0 fnt|[from] ability: Rough Skin|[of] p2b: Garchomp
|faint|p1a: Sneasler
|cant|p2b: Garchomp|flinch
|move|p1b: Delphox|Nasty Plot|p1b: Delphox
|-boost|p1b: Delphox|spa|2
|
|upkeep
|j| belgium z
|l| belgium z
|
|t:|1783355076
|switch|p1a: Incineroar|Incineroar, L50, M|100/100
|-ability|p1a: Incineroar|Intimidate|boost
|-unboost|p2a: Incineroar|atk|1
|-unboost|p2b: Garchomp|atk|1
|turn|4
|
|t:|1783355085
|move|p1a: Incineroar|Fake Out|p2a: Incineroar
|-damage|p2a: Incineroar|67/100
|cant|p2a: Incineroar|flinch
|move|p2b: Garchomp|Rock Slide|p1a: Incineroar|[spread] p1a,p1b
|-supereffective|p1a: Incineroar|1
|-crit|p1a: Incineroar
|-supereffective|p1b: Delphox|1
|-damage|p1a: Incineroar|37/100
|-damage|p1b: Delphox|67/100
|-enditem|p1a: Incineroar|Sitrus Berry|[eat]
|-heal|p1a: Incineroar|62/100|[from] item: Sitrus Berry
|cant|p1b: Delphox|flinch
|
|upkeep
|turn|5
|
|t:|1783355104
|switch|p1a: Sinistcha|Sinistcha, L50|100/100
|-heal|p1b: Delphox|92/100|[from] ability: Hospitality|[of] p1a: Sinistcha
|switch|p2a: Annihilape|Annihilape, L50, F|58/100
|move|p1b: Delphox|Protect|p1b: Delphox
|-singleturn|p1b: Delphox|Protect
|move|p2b: Garchomp|Rock Slide|p1b: Delphox|[spread] p1a
|-activate|p1b: Delphox|move: Protect
|-damage|p1a: Sinistcha|87/100
|
|upkeep
|turn|6
|
|t:|1783355124
|move|p2b: Garchomp|Rock Slide|p1b: Delphox|[spread] p1a,p1b
|-supereffective|p1b: Delphox|1
|-damage|p1a: Sinistcha|75/100
|-damage|p1b: Delphox|56/100
|move|p1b: Delphox|Heat Wave|p2a: Annihilape|[spread] p2a,p2b
|-resisted|p2b: Garchomp|1
|-damage|p2a: Annihilape|1/100
|-damage|p2b: Garchomp|59/100
|move|p2a: Annihilape|Phantom Force||[still]
|-prepare|p2a: Annihilape|Phantom Force
|move|p1a: Sinistcha|Matcha Gotcha|p2a: Annihilape|[spread] p2b
|-miss|p1a: Sinistcha|p2a: Annihilape
|-damage|p2b: Garchomp|32/100
|-heal|p1a: Sinistcha|89/100|[from] drain|[of] p2b: Garchomp
|-status|p2b: Garchomp|brn
|
|-damage|p2b: Garchomp|26/100 brn|[from] brn
|upkeep
|turn|7
|j| YOASOBI stan
|
|t:|1783355141
|switch|p1b: Incineroar|Incineroar, L50, M|62/100
|-ability|p1b: Incineroar|Intimidate|boost
|-unboost|p2a: Annihilape|atk|1
|-ability|p2a: Annihilape|Defiant|boost
|-boost|p2a: Annihilape|atk|2
|-unboost|p2b: Garchomp|atk|1
|move|p2b: Garchomp|Rock Slide|p1a: Sinistcha|[spread] p1a,p1b
|-supereffective|p1b: Incineroar|1
|-damage|p1a: Sinistcha|84/100
|-damage|p1b: Incineroar|52/100
|move|p2a: Annihilape|Phantom Force|p1b: Incineroar|[from] lockedmove
|-resisted|p1b: Incineroar|1
|-damage|p1b: Incineroar|20/100y
|move|p1a: Sinistcha|Matcha Gotcha|p2b: Garchomp|[spread] p2b
|-miss|p1a: Sinistcha|p2a: Annihilape
|-damage|p2b: Garchomp|1/100 brn
|-heal|p1a: Sinistcha|97/100|[from] drain|[of] p2b: Garchomp
|
|-damage|p2b: Garchomp|0 fnt|[from] brn
|faint|p2b: Garchomp
|upkeep
|
|t:|1783355154
|switch|p2b: Charizard|Charizard, L50, M|100/100
|turn|8
|j|+PinkSylvie
|
|t:|1783355184
|detailschange|p2b: Charizard|Charizard-Mega-Y, L50, M
|-mega|p2b: Charizard|Charizard|Charizardite Y
|-weather|SunnyDay|[from] ability: Drought|[of] p2b: Charizard
|move|p1a: Sinistcha|Protect|p1a: Sinistcha
|-singleturn|p1a: Sinistcha|Protect
|move|p2a: Annihilape|Close Combat|p1b: Incineroar
|-supereffective|p1b: Incineroar|1
|-damage|p1b: Incineroar|0 fnt
|-unboost|p2a: Annihilape|def|1
|-unboost|p2a: Annihilape|spd|1
|faint|p1b: Incineroar
|move|p2b: Charizard|Heat Wave|p1a: Sinistcha
|-activate|p1a: Sinistcha|move: Protect
|
|-weather|SunnyDay|[upkeep]
|upkeep
|j| Dontpmobruh
|
|t:|1783355195
|switch|p1b: Delphox|Delphox-Mega, L50, M|56/100
|turn|9
|j| A Regu1ar Guy
|
|t:|1783355214
|move|p1b: Delphox|Heat Wave|p2a: Annihilape|[spread] p2a,p2b
|-resisted|p2b: Charizard|1
|-damage|p2a: Annihilape|0 fnt
|-damage|p2b: Charizard|75/100
|faint|p2a: Annihilape
|move|p2b: Charizard|Weather Ball|p1a: Sinistcha
|-supereffective|p1a: Sinistcha|1
|-damage|p1a: Sinistcha|0 fnt
|faint|p1a: Sinistcha
|
|-weather|SunnyDay|[upkeep]
|upkeep
|l|+PinkSylvie
|
|t:|1783355216
|switch|p2a: Incineroar|Incineroar, L50, F|67/100
|-ability|p2a: Incineroar|Intimidate|boost
|-unboost|p1b: Delphox|atk|1
|turn|10
|-message|shulivgc forfeited.
|
|win|miraai1
||miraai1 is ready for game 2.
||shulivgc is ready for game 2.
|uhtml|next|Next: Game 2 of 3
|j| Galahad Excalibur
|l| arekusabi
|j| InkVG
|j| Code
|j| yep trust
|l| Pd0nZ
|l| Clipperz
|l| YOASOBI stan
|j| val16
|l| val16
|l| A Regu1ar Guy
|l| InkVG
|j| jmodri
|j| A Regu1ar Guy
|l| A Regu1ar Guy
|l| jmodri
|l| yep trust
|l| Phoebe Chupi
|j| Mogo
|j| thacrow
|l| Mogo
|l| Code
|l| thacrow
|l| JHufself
|l| FBISurveillanceMan
|l| templevgc
|l| Carneyasada
|j| LeunamTG
|j| Shhshsndndnd
|j| KnockingOnMyIncin
|l| LeunamTG
|l| KnockingOnMyIncin
|l| TabuVGC
|l| Shhshsndndnd
|j| Pmc21
|l| Pmc21
|j| pocket zyn
|l| pocket zyn
|l| Galahad Excalibur
|j| NJ11VGC
|l| NJ11VGC
|l|☆miraai1
|player|p2|
|j| Fogmog
|j| CICCIOTT fan
|l| CICCIOTT fan
|j| zgrzgr
|l|☆shulivgc
|player|p1|
|l| zgrzgr
|j| zgrzgr
|j| KnockingOnMyIncin
|l| KnockingOnMyIncin
|l| zgrzgr
|n| Hecate2@!|hecate2
|n| Hecate2@!|hecate2
|j| Fogmog
