|j|☆temporary name 3
|j|☆Le P VGC
|html|temporary name 3Le P VGC    
|uhtml|bestof|Game 2 of a best-of-3
|t:|1784645099
|gametype|doubles
|player|p1|temporary name 3|2|1144
|player|p2|Le P VGC|2|1121
|gen|9
|tier|[Gen 9 Champions] VGC 2026 Reg M-B (Bo3)
|rated|
|rule|Species Clause: Limit one of each Pokémon
|rule|Item Clause: Limit 1 of each item
|clearpoke
|poke|p1|Charizard, L50, M|
|poke|p1|Venusaur, L50, M|
|poke|p1|Torkoal, L50, M|
|poke|p1|Farigiraf, L50, M|
|poke|p1|Dragapult, L50, M|
|poke|p1|Mawile, L50, F|
|poke|p2|Incineroar, L50, M|
|poke|p2|Delphox, L50, F|
|poke|p2|Sneasler, L50, F|
|poke|p2|Sinistcha, L50|
|poke|p2|Kingambit, L50, F|
|poke|p2|Blastoise, L50, M|
|teampreview|4
|showteam|p1|Charizard||CharizarditeY|SolarPower|Protect,HeatWave,WeatherBall,SolarBeam|Modest||M|||50|]Venusaur||LifeOrb|Chlorophyll|EarthPower,SleepPowder,SludgeBomb,Protect|Modest||M|||50|]Torkoal||Charcoal|Drought|Protect,Eruption,WeatherBall,HelpingHand|Quiet||M|||50|]Farigiraf||SitrusBerry|ArmorTail|TrickRoom,HyperVoice,Protect,Psychic|Bold||M|||50|]Dragapult||FocusSash|ClearBody|Uturn,DragonDarts,PhantomForce,Protect|Adamant||M|||50|]Mawile||Mawilite|Intimidate|PlayRough,Protect,SuckerPunch,IronHead|Adamant||F|||50|
|showteam|p2|Incineroar||SitrusBerry|Intimidate|FakeOut,FlareBlitz,ThroatChop,PartingShot|Impish||M|||50|]Delphox||Delphoxite|Blaze|HeatWave,NastyPlot,Protect,Psychic|Timid||F|||50|]Sneasler||FocusSash|PoisonTouch|FakeOut,CloseCombat,QuickGuard,PoisonJab|Jolly||F|||50|]Sinistcha||OccaBerry|Hospitality|MatchaGotcha,RagePowder,TrickRoom,Protect|Bold|||||50|]Kingambit||ChopleBerry|Defiant|SuckerPunch,KowtowCleave,IronHead,Protect|Adamant||F|||50|]Blastoise||Blastoisinite|RainDish|ShellSmash,Protect,WaterSpout,DarkPulse|Modest||M|||50|
|inactive|Battle timer is ON: inactive players will automatically lose when time's up. (requested by Le P VGC)
|
|t:|1784645132
|teamsize|p1|4
|teamsize|p2|4
|start
|switch|p1a: Charizard|Charizard, L50, M|100/100
|switch|p1b: Venusaur|Venusaur, L50, M|100/100
|switch|p2a: Incineroar|Incineroar, L50, M|100/100
|switch|p2b: Delphox|Delphox, L50, F|100/100
|-ability|p2a: Incineroar|Intimidate|boost
|-unboost|p1a: Charizard|atk|1
|-unboost|p1b: Venusaur|atk|1
|turn|1
|
|t:|1784645151
|detailschange|p2b: Delphox|Delphox-Mega, L50, F
|-mega|p2b: Delphox|Delphox|Delphoxite
|move|p2b: Delphox|Protect|p2b: Delphox
|-singleturn|p2b: Delphox|Protect
|move|p1b: Venusaur|Protect|p1b: Venusaur
|-singleturn|p1b: Venusaur|Protect
|move|p1a: Charizard|Protect|p1a: Charizard
|-singleturn|p1a: Charizard|Protect
|move|p2a: Incineroar|Flare Blitz|p1b: Venusaur
|-activate|p1b: Venusaur|move: Protect
|
|upkeep
|turn|2
|
|t:|1784645173
|detailschange|p1a: Charizard|Charizard-Mega-Y, L50, M
|-mega|p1a: Charizard|Charizard|Charizardite Y
|-weather|SunnyDay|[from] ability: Drought|[of] p1a: Charizard
|move|p1b: Venusaur|Sleep Powder|p2b: Delphox
|-status|p2b: Delphox|slp|[from] move: Sleep Powder
|cant|p2b: Delphox|slp
|move|p1a: Charizard|Weather Ball|p2b: Delphox
|-resisted|p2b: Delphox|1
|-damage|p2b: Delphox|59/100 slp
|move|p2a: Incineroar|Flare Blitz|p1b: Venusaur
|-supereffective|p1b: Venusaur|1
|-damage|p1b: Venusaur|0 fnt
|faint|p1b: Venusaur
|-damage|p2a: Incineroar|74/100|[from] Recoil
|
|-weather|SunnyDay|[upkeep]
|upkeep
|inactive|temporary name 3 has 30 seconds left.
|
|t:|1784645201
|switch|p1b: Dragapult|Dragapult, L50, M|100/100
|turn|3
|
|t:|1784645208
|cant|p2b: Delphox|slp
|move|p1b: Dragapult|Dragon Darts|p2b: Delphox
|-damage|p2b: Delphox|23/100 slp
|-anim|p1b: Dragapult|Dragon Darts|p2a: Incineroar
|-damage|p2a: Incineroar|51/100
|move|p1a: Charizard|Heat Wave|p2b: Delphox|[spread] p2a,p2b
|-resisted|p2a: Incineroar|1
|-resisted|p2b: Delphox|1
|-damage|p2a: Incineroar|23/100
|-damage|p2b: Delphox|0 fnt
|-enditem|p2a: Incineroar|Sitrus Berry|[eat]
|-heal|p2a: Incineroar|48/100|[from] item: Sitrus Berry
|faint|p2b: Delphox
|move|p2a: Incineroar|Parting Shot|p1a: Charizard
|-unboost|p1a: Charizard|atk|1
|-unboost|p1a: Charizard|spa|1
|
|t:|1784645223
|switch|p2a: Sinistcha|Sinistcha, L50|100/100|[from] Parting Shot
|
|-weather|SunnyDay|[upkeep]
|upkeep
|
|t:|1784645231
|switch|p2b: Incineroar|Incineroar, L50, M|48/100
|-ability|p2b: Incineroar|Intimidate|boost
|-unboost|p1a: Charizard|atk|1
|-fail|p1b: Dragapult|unboost|[from] ability: Clear Body|[of] p1b: Dragapult
|turn|4
|
|t:|1784645239
|switch|p1a: Farigiraf|Farigiraf, L50, M|100/100
|move|p2a: Sinistcha|Protect|p2a: Sinistcha
|-singleturn|p2a: Sinistcha|Protect
|move|p1b: Dragapult|U-turn|p2b: Incineroar
|-damage|p2b: Incineroar|28/100
|
|t:|1784645246
|switch|p1b: Charizard|Charizard-Mega-Y, L50, M|100/100|[from] U-turn
|move|p2b: Incineroar|Parting Shot|p1a: Farigiraf
|-unboost|p1a: Farigiraf|atk|1
|-unboost|p1a: Farigiraf|spa|1
|
|t:|1784645248
|switch|p2b: Kingambit|Kingambit, L50, F|100/100|[from] Parting Shot
|
|-weather|SunnyDay|[upkeep]
|upkeep
|turn|5
|
|t:|1784645265
|move|p2b: Kingambit|Protect|p2b: Kingambit
|-singleturn|p2b: Kingambit|Protect
|move|p1b: Charizard|Heat Wave|p2b: Kingambit|[spread] p2a
|-activate|p2b: Kingambit|move: Protect
|-supereffective|p2a: Sinistcha|1
|-enditem|p2a: Sinistcha|Occa Berry|[eat]
|-enditem|p2a: Sinistcha|Occa Berry|[weaken]
|-damage|p2a: Sinistcha|30/100
|move|p1a: Farigiraf|Hyper Voice|p2b: Kingambit|[spread] 
|-activate|p2b: Kingambit|move: Protect
|-immune|p2a: Sinistcha
|move|p2a: Sinistcha|Trick Room|p2a: Sinistcha
|-fieldstart|move: Trick Room|[of] p2a: Sinistcha
|
|-weather|SunnyDay|[upkeep]
|upkeep
|turn|6
|
|t:|1784645276
|move|p2b: Kingambit|Kowtow Cleave|p1a: Farigiraf
|-supereffective|p1a: Farigiraf|1
|-damage|p1a: Farigiraf|17/100
|-enditem|p1a: Farigiraf|Sitrus Berry|[eat]
|-heal|p1a: Farigiraf|42/100|[from] item: Sitrus Berry
|move|p2a: Sinistcha|Matcha Gotcha|p1b: Charizard|[spread] p1a,p1b
|-resisted|p1b: Charizard|2
|-damage|p1a: Farigiraf|17/100
|-heal|p2a: Sinistcha|45/100|[from] drain|[of] p1a: Farigiraf
|-damage|p1b: Charizard|95/100
|-heal|p2a: Sinistcha|47/100|[from] drain|[of] p1b: Charizard
|-status|p1a: Farigiraf|brn
|move|p1b: Charizard|Weather Ball|p2a: Sinistcha
|-supereffective|p2a: Sinistcha|1
|-damage|p2a: Sinistcha|0 fnt
|faint|p2a: Sinistcha
|move|p1a: Farigiraf|Trick Room|p1a: Farigiraf
|-fieldend|move: Trick Room
|
|-weather|none
|-damage|p1a: Farigiraf|11/100 brn|[from] brn
|upkeep
|
|t:|1784645282
|switch|p2a: Incineroar|Incineroar, L50, M|28/100
|-ability|p2a: Incineroar|Intimidate|boost
|-unboost|p1a: Farigiraf|atk|1
|-unboost|p1b: Charizard|atk|1
|turn|7
|
|t:|1784645297
|move|p1b: Charizard|Heat Wave|p2a: Incineroar|[spread] p2a,p2b
|-resisted|p2a: Incineroar|1
|-supereffective|p2b: Kingambit|1
|-damage|p2a: Incineroar|8/100
|-damage|p2b: Kingambit|22/100
|move|p2a: Incineroar|Throat Chop|p1b: Charizard
|-damage|p1b: Charizard|68/100
|-start|p1b: Charizard|Throat Chop|[silent]
|move|p1a: Farigiraf|Hyper Voice|p2b: Kingambit|[spread] p2a,p2b
|-resisted|p2b: Kingambit|1
|-damage|p2a: Incineroar|0 fnt
|-damage|p2b: Kingambit|13/100
|faint|p2a: Incineroar
|move|p2b: Kingambit|Kowtow Cleave|p1b: Charizard
|-damage|p1b: Charizard|27/100
|
|-damage|p1a: Farigiraf|5/100 brn|[from] brn
|upkeep
|turn|8
|
|t:|1784645312
|move|p2b: Kingambit|Protect|p2b: Kingambit
|-singleturn|p2b: Kingambit|Protect
|move|p1b: Charizard|Heat Wave|p2b: Kingambit
|-activate|p2b: Kingambit|move: Protect
|move|p1a: Farigiraf|Hyper Voice|p2b: Kingambit
|-activate|p2b: Kingambit|move: Protect
|
|-damage|p1a: Farigiraf|0 fnt|[from] brn
|faint|p1a: Farigiraf
|-end|p1b: Charizard|Throat Chop|[silent]
|upkeep
|
|t:|1784645317
|switch|p1a: Dragapult|Dragapult, L50, M|100/100
|turn|9
|
|t:|1784645335
|move|p2b: Kingambit|Sucker Punch|p1b: Charizard
|-damage|p1b: Charizard|0 fnt
|faint|p1b: Charizard
|move|p1a: Dragapult|Dragon Darts|p2b: Kingambit
|-resisted|p2b: Kingambit|1
|-damage|p2b: Kingambit|3/100
|-anim|p1a: Dragapult|Dragon Darts|p2b: Kingambit
|-resisted|p2b: Kingambit|1
|-damage|p2b: Kingambit|0 fnt
|faint|p2b: Kingambit
|
|win|temporary name 3
