|j|☆0-x ft wayne
|j|☆11880USERSONLINE
|html|0-x ft wayne11880USERSONLINE    
|uhtml|bestof|Game 1 of a best-of-3
|t:|1756324253
|gametype|doubles
|player|p1|0-x ft wayne|kamado-armor|1208
|player|p2|11880USERSONLINE|2|1197
|gen|9
|tier|[Gen 9] VGC 2025 Reg H (Bo3)
|rated|
|rule|Species Clause: Limit one of each Pokémon
|rule|Item Clause: Limit 1 of each item
|clearpoke
|poke|p1|Garchomp, L50, F|
|poke|p1|Sneasler, L50, M|
|poke|p1|Vivillon-Continental, L50, F|
|poke|p1|Ninetales-Alola, L50, M|
|poke|p1|Incineroar, L50, M|
|poke|p1|Dragonite, L50, F|
|poke|p2|Rillaboom, L50, M|
|poke|p2|Kingambit, L50, F|
|poke|p2|Sneasler, L50, F|
|poke|p2|Dragonite, L50, F|
|poke|p2|Magmar, L50, M|
|poke|p2|Dondozo, L50, F|
|teampreview|4
|showteam|p1|Garchomp||LifeOrb|RoughSkin|Earthquake,DragonClaw,StompingTantrum,Protect|||F|||50|,,,,,Ground]Sneasler||WhiteHerb|Unburden|Coaching,Protect,DireClaw,CloseCombat|||M|||50|,,,,,Stellar]Vivillon-Continental||FocusSash|CompoundEyes|Hurricane,SleepPowder,RagePowder,Protect|||F|||50|,,,,,Ghost]Ninetales-Alola||CovertCloak|SnowWarning|Blizzard,Encore,FreezeDry,IcyWind|||M|||50|,,,,,Ghost]Incineroar||SafetyGoggles|Intimidate|FakeOut,FlareBlitz,KnockOff,PartingShot|||M|||50|,,,,,Ghost]Dragonite||LoadedDice|InnerFocus|TeraBlast,ScaleShot,Tailwind,Protect|||F|||50|,,,,,Flying
|showteam|p2|Rillaboom||AssaultVest|GrassySurge|WoodHammer,GrassyGlide,HighHorsepower,FakeOut|||M|||50|,,,,,Water]Kingambit||BlackGlasses|Defiant|KowtowCleave,SuckerPunch,SwordsDance,Protect|||F|||50|,,,,,Ghost]Sneasler||FocusSash|Unburden|DireClaw,CloseCombat,Coaching,Protect|||F|||50|,,,,,Stellar]Dragonite||LoadedDice|Multiscale|ScaleShot,StompingTantrum,Haze,Protect|||F|||50|,,,,,Fairy]Magmar||Eviolite|VitalSpirit|Overheat,WillOWisp,FollowMe,Protect|||M|||50|,,,,,Ghost]Dondozo||Leftovers|Unaware|Liquidation,Fissure,Yawn,Protect|||F|||50|,,,,,Bug
|
|t:|1756324332
|teamsize|p1|4
|teamsize|p2|4
|start
|switch|p1a: Dragonite|Dragonite, L50, F|100/100
|switch|p1b: Sneasler|Sneasler, L50, M|100/100
|switch|p2a: Kingambit|Kingambit, L50, F|100/100
|switch|p2b: Magmar|Magmar, L50, M|100/100
|turn|1
|
|t:|1756324370
|move|p2a: Kingambit|Protect|p2a: Kingambit
|-singleturn|p2a: Kingambit|Protect
|move|p1b: Sneasler|Coaching|p1a: Dragonite
|-boost|p1a: Dragonite|atk|1
|-boost|p1a: Dragonite|def|1
|move|p1a: Dragonite|Scale Shot|p2b: Magmar
|-damage|p2b: Magmar|84/100
|-damage|p2b: Magmar|70/100
|-damage|p2b: Magmar|53/100
|-damage|p2b: Magmar|37/100
|-hitcount|p2b: Magmar|4
|-unboost|p1a: Dragonite|def|1
|-boost|p1a: Dragonite|spe|1
|move|p2b: Magmar|Will-O-Wisp|p1a: Dragonite
|-status|p1a: Dragonite|brn
|
|-damage|p1a: Dragonite|94/100 brn|[from] brn
|upkeep
|turn|2
|
|t:|1756324405
|switch|p1a: Ninetales|Ninetales-Alola, L50, M, shiny|100/100
|-weather|Snowscape|[from] ability: Snow Warning|[of] p1a: Ninetales
|move|p1b: Sneasler|Close Combat|p2b: Magmar
|-damage|p2b: Magmar|0 fnt
|-unboost|p1b: Sneasler|def|1
|-unboost|p1b: Sneasler|spd|1
|faint|p2b: Magmar
|-enditem|p1b: Sneasler|White Herb
|-clearnegativeboost|p1b: Sneasler|[silent]
|move|p2a: Kingambit|Swords Dance|p2a: Kingambit
|-boost|p2a: Kingambit|atk|2
|
|-weather|Snowscape|[upkeep]
|upkeep
|
|t:|1756324423
|switch|p2b: Sneasler|Sneasler, L50, F|100/100
|turn|3
|
|t:|1756324450
|-terastallize|p2a: Kingambit|Ghost
|move|p2a: Kingambit|Sucker Punch|p1b: Sneasler
|-resisted|p1b: Sneasler
|-damage|p1b: Sneasler|17/100
|move|p1b: Sneasler|Close Combat|p2b: Sneasler
|-resisted|p2b: Sneasler
|-damage|p2b: Sneasler|44/100
|-unboost|p1b: Sneasler|def|1
|-unboost|p1b: Sneasler|spd|1
|move|p2b: Sneasler|Dire Claw|p1a: Ninetales
|-supereffective|p1a: Ninetales
|-damage|p1a: Ninetales|19/100
|move|p1a: Ninetales|Encore|p2a: Kingambit
|-start|p2a: Kingambit|Encore
|
|-weather|Snowscape|[upkeep]
|upkeep
|turn|4
|
|t:|1756324475
|switch|p1a: Kaladin|Garchomp, L50, F, shiny|100/100
|move|p2a: Kingambit|Sucker Punch||[still]
|-fail|p2a: Kingambit
|move|p1b: Sneasler|Coaching|p1a: Kaladin
|-boost|p1a: Kaladin|atk|1
|-boost|p1a: Kaladin|def|1
|move|p2b: Sneasler|Dire Claw|p1a: Kaladin
|-resisted|p1a: Kaladin
|-damage|p1a: Kaladin|86/100
|-damage|p2b: Sneasler|32/100|[from] ability: Rough Skin|[of] p1a: Kaladin
|
|-weather|Snowscape|[upkeep]
|upkeep
|turn|5
|
|t:|1756324491
|move|p1a: Kaladin|Protect|p1a: Kaladin
|-singleturn|p1a: Kaladin|Protect
|move|p2a: Kingambit|Sucker Punch||[still]
|-fail|p2a: Kingambit
|move|p1b: Sneasler|Coaching|p1a: Kaladin
|-boost|p1a: Kaladin|atk|1
|-boost|p1a: Kaladin|def|1
|move|p2b: Sneasler|Dire Claw|p1b: Sneasler
|-resisted|p1b: Sneasler
|-damage|p1b: Sneasler|0 fnt
|faint|p1b: Sneasler
|
|-weather|Snowscape|[upkeep]
|upkeep
|
|t:|1756324515
|switch|p1b: Dragonite|Dragonite, L50, F|94/100 brn
|turn|6
|
|t:|1756324529
|move|p1a: Kaladin|Protect|p1a: Kaladin
|-singleturn|p1a: Kaladin|Protect
|move|p2a: Kingambit|Sucker Punch||[still]
|-fail|p2a: Kingambit
|move|p2b: Sneasler|Coaching|p2a: Kingambit
|-boost|p2a: Kingambit|atk|1
|-boost|p2a: Kingambit|def|1
|move|p1b: Dragonite|Tailwind|p1b: Dragonite
|-sidestart|p1: 0-x ft wayne|move: Tailwind
|
|-weather|none
|-damage|p1b: Dragonite|88/100 brn|[from] brn
|-end|p2a: Kingambit|Encore
|upkeep
|turn|7
|
|t:|1756324563
|-terastallize|p1a: Kaladin|Ground
|move|p2b: Sneasler|Protect|p2b: Sneasler
|-singleturn|p2b: Sneasler|Protect
|move|p1a: Kaladin|Earthquake|p2b: Sneasler|[spread] p2a
|-activate|p2b: Sneasler|move: Protect
|-immune|p1b: Dragonite
|-damage|p2a: Kingambit|36/100
|-damage|p1a: Kaladin|76/100|[from] item: Life Orb
|move|p1b: Dragonite|Scale Shot|p2a: Kingambit
|-damage|p2a: Kingambit|32/100
|-damage|p2a: Kingambit|28/100
|-damage|p2a: Kingambit|24/100
|-damage|p2a: Kingambit|20/100
|-hitcount|p2a: Kingambit|4
|-unboost|p1b: Dragonite|def|1
|-boost|p1b: Dragonite|spe|1
|move|p2a: Kingambit|Kowtow Cleave|p1b: Dragonite
|-damage|p1b: Dragonite|0 fnt
|faint|p1b: Dragonite
|
|upkeep
|
|t:|1756324581
|switch|p1b: Ninetales|Ninetales-Alola, L50, M, shiny|19/100
|-weather|Snowscape|[from] ability: Snow Warning|[of] p1b: Ninetales
|turn|8
|
|t:|1756324629
|move|p2a: Kingambit|Protect|p2a: Kingambit
|-singleturn|p2a: Kingambit|Protect
|move|p1b: Ninetales|Blizzard|p2a: Kingambit|[spread] p2b
|-activate|p2a: Kingambit|move: Protect
|-damage|p2b: Sneasler|0 fnt
|faint|p2b: Sneasler
|move|p1a: Kaladin|Earthquake|p2a: Kingambit|[spread] p1b
|-activate|p2a: Kingambit|move: Protect
|-damage|p1b: Ninetales|0 fnt
|faint|p1b: Ninetales
|-damage|p1a: Kaladin|66/100|[from] item: Life Orb
|
|-weather|Snowscape|[upkeep]
|upkeep
|
|t:|1756324638
|switch|p2b: Rillaboom|Rillaboom, L50, M|100/100
|-fieldstart|move: Grassy Terrain|[from] ability: Grassy Surge|[of] p2b: Rillaboom
|turn|9
|
|t:|1756324644
|move|p2b: Rillaboom|Fake Out|p1a: Kaladin
|-damage|p1a: Kaladin|59/100
|-damage|p2b: Rillaboom|88/100|[from] ability: Rough Skin|[of] p1a: Kaladin
|cant|p1a: Kaladin|flinch
|move|p2a: Kingambit|Swords Dance|p2a: Kingambit
|-boost|p2a: Kingambit|atk|2
|
|-weather|Snowscape|[upkeep]
|-heal|p1a: Kaladin|65/100|[from] Grassy Terrain
|-heal|p2b: Rillaboom|94/100|[from] Grassy Terrain
|-heal|p2a: Kingambit|26/100|[from] Grassy Terrain
|-sideend|p1: 0-x ft wayne|move: Tailwind
|upkeep
|turn|10
|
|t:|1756324652
|move|p2b: Rillaboom|Grassy Glide|p1a: Kaladin
|-supereffective|p1a: Kaladin
|-damage|p1a: Kaladin|28/100
|-damage|p2b: Rillaboom|81/100|[from] ability: Rough Skin|[of] p1a: Kaladin
|move|p2a: Kingambit|Sucker Punch|p1a: Kaladin
|-damage|p1a: Kaladin|0 fnt
|-damage|p2a: Kingambit|14/100|[from] ability: Rough Skin|[of] p1a: Kaladin
|faint|p1a: Kaladin
|
|win|11880USERSONLINE
