|j|☆Arsene14
|j|☆castoriceball
|html|Arsene14castoriceball    
|uhtml|bestof|Game 1 of a best-of-3
|t:|1785651444
|gametype|doubles
|player|p1|Arsene14|steven|1249
|player|p2|castoriceball|miku-flying|1257
|gen|9
|tier|[Gen 9 Champions] VGC 2026 Reg M-B (Bo3)
|rated|
|rule|Species Clause: Limit one of each Pokémon
|rule|Item Clause: Limit 1 of each item
|clearpoke
|poke|p1|Charizard, L50, F|
|poke|p1|Farigiraf, L50, M|
|poke|p1|Kingambit, L50, F|
|poke|p1|Sylveon, L50, F|
|poke|p1|Garchomp, L50, F, shiny|
|poke|p1|Whimsicott, L50, F|
|poke|p2|Staraptor, L50, M|
|poke|p2|Garchomp, L50, F|
|poke|p2|Whimsicott, L50, F|
|poke|p2|Delphox, L50, F|
|poke|p2|Glimmora, L50, M|
|poke|p2|Kingambit, L50, M, shiny|
|teampreview|4
|showteam|p1|Charizard||CharizarditeY|Blaze|Protect,AncientPower,SolarBeam,WeatherBall|Modest||F|||50|]Farigiraf||SitrusBerry|ArmorTail|PsychicFangs,Thunderbolt,SunnyDay,TrickRoom|Relaxed||M|||50|]Kingambit||LifeOrb|Defiant|KowtowCleave,IronHead,Protect,SuckerPunch|Adamant||F|||50|]Sylveon||FairyFeather|Pixilate|Moonblast,HyperBeam,HyperVoice,Protect|Modest||F|||50|]Garchomp||RoseliBerry|RoughSkin|DragonClaw,StompingTantrum,Protect,RockSlide|Adamant||F|||50|]Whimsicott||FocusSash|Prankster|Tailwind,Encore,Moonblast,SunnyDay|Timid||F|||50|
|showteam|p2|Staraptor||Staraptite|Intimidate|Protect,Roost,CloseCombat,BraveBird|Jolly||M|||50|]Garchomp||LifeOrb|RoughSkin|Earthquake,RockSlide,DragonClaw,Protect|Jolly||F|||50|]Whimsicott||OccaBerry|Prankster|Moonblast,Tailwind,Charm,LightScreen|Timid||F|||50|]Delphox||Delphoxite|Magician|Protect,Psychic,HeatWave,NastyPlot|Modest||F|||50|]Glimmora||FocusSash|ToxicDebris|SpikyShield,EarthPower,PowerGem,SludgeBomb|Timid||M|||50|]Kingambit||ChopleBerry|Defiant|KowtowCleave,IronHead,SuckerPunch,LowKick|Adamant||M|||50|
|
|t:|1785651490
|teamsize|p1|4
|teamsize|p2|4
|start
|switch|p1a: CHAKKK|Sylveon, L50, F|100/100
|switch|p1b: Whimsicott|Whimsicott, L50, F|100/100
|switch|p2a: Delphox|Delphox, L50, F|100/100
|switch|p2b: Whimsicott|Whimsicott, L50, F|100/100
|turn|1
|inactive|Battle timer is ON: inactive players will automatically lose when time's up. (requested by Arsene14)
|
|t:|1785651519
|detailschange|p2a: Delphox|Delphox-Mega, L50, F
|-mega|p2a: Delphox|Delphox|Delphoxite
|move|p1b: Whimsicott|Tailwind|p1b: Whimsicott
|-sidestart|p1: Arsene14|move: Tailwind
|move|p2b: Whimsicott|Light Screen|p2b: Whimsicott
|-sidestart|p2: castoriceball|move: Light Screen
|move|p2a: Delphox|Nasty Plot|p2a: Delphox
|-boost|p2a: Delphox|spa|2
|move|p1a: CHAKKK|Hyper Voice|p2b: Whimsicott|[spread] p2a,p2b
|-resisted|p2a: Delphox|1
|-damage|p2a: Delphox|85/100
|-damage|p2b: Whimsicott|54/100
|
|upkeep
|turn|2
|
|t:|1785651543
|switch|p1a: El Reseñas|Garchomp, L50, F, shiny|100/100
|move|p2a: Delphox|Protect|p2a: Delphox
|-singleturn|p2a: Delphox|Protect
|move|p1b: Whimsicott|Encore|p2a: Delphox
|-activate|p2a: Delphox|move: Protect
|move|p2b: Whimsicott|Moonblast|p1b: Whimsicott
|-damage|p1b: Whimsicott|56/100
|
|upkeep
|turn|3
|
|t:|1785651560
|switch|p2a: Garchomp|Garchomp, L50, F|100/100
|move|p2b: Whimsicott|Tailwind|p2b: Whimsicott
|-sidestart|p2: castoriceball|move: Tailwind
|move|p1b: Whimsicott|Moonblast|p2b: Whimsicott
|-crit|p2b: Whimsicott
|-damage|p2b: Whimsicott|0 fnt
|faint|p2b: Whimsicott
|move|p1a: El Reseñas|Rock Slide|p2a: Garchomp
|-resisted|p2a: Garchomp|1
|-damage|p2a: Garchomp|87/100
|
|upkeep
|
|t:|1785651570
|switch|p2b: Delphox|Delphox-Mega, L50, F|85/100
|turn|4
|
|t:|1785651581
|move|p1b: Whimsicott|Moonblast|p2a: Garchomp
|-supereffective|p2a: Garchomp|1
|-damage|p2a: Garchomp|35/100
|move|p2b: Delphox|Heat Wave|p1b: Whimsicott|[spread] p1a,p1b
|-resisted|p1a: El Reseñas|1
|-supereffective|p1b: Whimsicott|1
|-damage|p1a: El Reseñas|76/100
|-damage|p1b: Whimsicott|0 fnt
|faint|p1b: Whimsicott
|move|p2a: Garchomp|Dragon Claw|p1a: El Reseñas
|-supereffective|p1a: El Reseñas|1
|-damage|p1a: El Reseñas|0 fnt
|-damage|p2a: Garchomp|22/100|[from] ability: Rough Skin|[of] p1a: El Reseñas
|faint|p1a: El Reseñas
|-damage|p2a: Garchomp|12/100|[from] item: Life Orb
|
|-sideend|p1: Arsene14|move: Tailwind
|upkeep
|
|t:|1785651589
|switch|p1b: MegaKingampi|Kingambit, L50, F|100/100
|switch|p1a: CHAKKK|Sylveon, L50, F|100/100
|turn|5
|
|t:|1785651613
|move|p2b: Delphox|Heat Wave|p1b: MegaKingampi|[spread] p1a,p1b
|-supereffective|p1b: MegaKingampi|1
|-damage|p1a: CHAKKK|61/100
|-damage|p1b: MegaKingampi|0 fnt
|faint|p1b: MegaKingampi
|move|p2a: Garchomp|Earthquake|p1a: CHAKKK|[spread] p1a
|-immune|p2b: Delphox|[from] ability: Levitate
|-damage|p1a: CHAKKK|0 fnt
|faint|p1a: CHAKKK
|-damage|p2a: Garchomp|3/100|[from] item: Life Orb
|
|win|castoriceball
