|j|☆Koebel
|j|☆Yunobo7
|html|KoebelYunobo7    
|uhtml|bestof|Game 1 of a best-of-3
|t:|1756766574
|gametype|doubles
|player|p1|Koebel|2|
|player|p2|Yunobo7|nancy|
|gen|9
|tier|[Gen 9] VGC 2025 Reg H (Bo3)
|rule|Species Clause: Limit one of each Pokémon
|rule|Item Clause: Limit 1 of each item
|clearpoke
|poke|p1|Typhlosion-Hisui, L50, F|
|poke|p1|Torkoal, L50, F|
|poke|p1|Ursaluna, L50, F|
|poke|p1|Porygon2, L50|
|poke|p1|Maushold-Four, L50|
|poke|p1|Archaludon, L50, F|
|poke|p2|Glimmora, L50, F|
|poke|p2|Incineroar, L50, M|
|poke|p2|Rillaboom, L50, M|
|poke|p2|Sneasler, L50, M|
|poke|p2|Dragonite, L50, M|
|poke|p2|Tyranitar, L50, M|
|teampreview|4
|showteam|p1|Typhlosion-Hisui||ChoiceScarf|Blaze|Eruption,ShadowBall,HeatWave,SleepTalk|||F|||50|,,,,,Fire]Torkoal||Charcoal|Drought|Eruption,HelpingHand,HeatWave,Protect|||F|||50|,,,,,Fire]Ursaluna||FlameOrb|Guts|Facade,Earthquake,HeadlongRush,Protect|||F|||50|,,,,,Ghost]Porygon2||Eviolite|Download|TeraBlast,Recover,TrickRoom,Protect||||||50|,,,,,Fighting]Maushold-Four||WideLens|Technician|PopulationBomb,FollowMe,Taunt,Protect||||||50|,,,,,Ghost]Archaludon||AssaultVest|Stamina|DragonPulse,ElectroShot,FlashCannon,BodyPress|||F|||50|,,,,,Dragon
|showteam|p2|Glimmora||PowerHerb|ToxicDebris|MeteorBeam,EarthPower,SludgeBomb,SpikyShield|||F|||50|,,,,,Grass]Incineroar||SafetyGoggles|Intimidate|FlareBlitz,Taunt,KnockOff,FakeOut|||M|||50|,,,,,Ghost]Rillaboom||LifeOrb|GrassySurge|WoodHammer,HighHorsepower,GrassyGlide,FakeOut|||M|||50|,,,,,Ground]Sneasler||GrassySeed|Unburden|DireClaw,Coaching,CloseCombat,Protect|||M|||50|,,,,,Ghost]Dragonite||LoadedDice|InnerFocus|ScaleShot,Tailwind,StompingTantrum,Protect|||M|||50|,,,,,Steel]Tyranitar||AssaultVest|SandStream|RockSlide,LowKick,KnockOff,TeraBlast|||M|||50|,,,,,Flying
|inactive|Battle timer is ON: inactive players will automatically lose when time's up. (requested by Yunobo7)
|inactiveoff|Battle timer is now OFF.
|
|t:|1756766623
|teamsize|p1|4
|teamsize|p2|4
|start
|switch|p1a: Porygon2|Porygon2, L50|100/100
|switch|p1b: Maushold|Maushold-Four, L50, shiny|100/100
|switch|p2a: Incineroar|Incineroar, L50, M, shiny|100/100
|switch|p2b: Rillaboom|Rillaboom, L50, M, shiny|100/100
|-fieldstart|move: Grassy Terrain|[from] ability: Grassy Surge|[of] p2b: Rillaboom
|-ability|p2a: Incineroar|Intimidate|boost
|-unboost|p1a: Porygon2|atk|1
|-unboost|p1b: Maushold|atk|1
|-ability|p1a: Porygon2|Download|boost
|-boost|p1a: Porygon2|atk|1
|turn|1
|
|t:|1756766667
|-terastallize|p1b: Maushold|Ghost
|move|p2b: Rillaboom|Fake Out|p1b: Maushold
|-immune|p1b: Maushold
|move|p1b: Maushold|Follow Me|p1b: Maushold
|-singleturn|p1b: Maushold|move: Follow Me
|move|p2a: Incineroar|Taunt|p1b: Maushold
|-start|p1b: Maushold|move: Taunt
|move|p1a: Porygon2|Tera Blast|p2a: Incineroar
|-damage|p2a: Incineroar|70/100
|
|-heal|p2a: Incineroar|76/100|[from] Grassy Terrain
|upkeep
|turn|2
|
|t:|1756766701
|switch|p1a: Torkoal|Torkoal, L50, F|100/100
|-weather|SunnyDay|[from] ability: Drought|[of] p1a: Torkoal
|-terastallize|p2a: Incineroar|Ghost
|move|p1b: Maushold|Population Bomb|p2b: Rillaboom
|-damage|p2b: Rillaboom|94/100
|-damage|p2b: Rillaboom|88/100
|-damage|p2b: Rillaboom|80/100
|-damage|p2b: Rillaboom|74/100
|-damage|p2b: Rillaboom|67/100
|-damage|p2b: Rillaboom|59/100
|-damage|p2b: Rillaboom|52/100
|-damage|p2b: Rillaboom|45/100
|-damage|p2b: Rillaboom|38/100
|-damage|p2b: Rillaboom|30/100
|-hitcount|p2b: Rillaboom|10
|move|p2b: Rillaboom|Wood Hammer|p1b: Maushold
|-damage|p1b: Maushold|0 fnt
|faint|p1b: Maushold
|-damage|p2b: Rillaboom|6/100|[from] Recoil
|-damage|p2b: Rillaboom|0 fnt|[from] item: Life Orb
|faint|p2b: Rillaboom
|move|p2a: Incineroar|Taunt|p1a: Torkoal
|-start|p1a: Torkoal|move: Taunt
|
|-weather|SunnyDay|[upkeep]
|-heal|p2a: Incineroar|82/100|[from] Grassy Terrain
|upkeep
|
|t:|1756766730
|switch|p1b: Typhlosion|Typhlosion-Hisui, L50, F|100/100
|switch|p2b: Sneasler|Sneasler, L50, M, shiny|100/100
|-enditem|p2b: Sneasler|Grassy Seed
|-boost|p2b: Sneasler|def|1|[from] item: Grassy Seed
|turn|3
|
|t:|1756766748
|switch|p2a: Tyranitar|Tyranitar, L50, M, shiny|100/100
|-weather|Sandstorm|[from] ability: Sand Stream|[of] p2a: Tyranitar
|move|p2b: Sneasler|Protect|p2b: Sneasler
|-singleturn|p2b: Sneasler|Protect
|move|p1b: Typhlosion|Eruption|p2a: Tyranitar|[spread] p2a
|-activate|p2b: Sneasler|move: Protect
|-resisted|p2a: Tyranitar
|-damage|p2a: Tyranitar|90/100
|move|p1a: Torkoal|Heat Wave|p2b: Sneasler|[spread] p2a
|-activate|p2b: Sneasler|move: Protect
|-resisted|p2a: Tyranitar
|-damage|p2a: Tyranitar|83/100
|
|-weather|Sandstorm|[upkeep]
|-damage|p2b: Sneasler|94/100|[from] Sandstorm
|-damage|p1b: Typhlosion|94/100|[from] Sandstorm
|-damage|p1a: Torkoal|94/100|[from] Sandstorm
|-heal|p2b: Sneasler|100/100|[from] Grassy Terrain
|-heal|p1b: Typhlosion|100/100|[from] Grassy Terrain
|-heal|p2a: Tyranitar|89/100|[from] Grassy Terrain
|-heal|p1a: Torkoal|100/100|[from] Grassy Terrain
|upkeep
|turn|4
|
|t:|1756766776
|switch|p1a: Porygon2|Porygon2, L50|100/100
|-ability|p1a: Porygon2|Download|boost
|-boost|p1a: Porygon2|spa|1
|move|p2b: Sneasler|Coaching|p2a: Tyranitar
|-boost|p2a: Tyranitar|atk|1
|-boost|p2a: Tyranitar|def|1
|move|p1b: Typhlosion|Eruption|p2b: Sneasler|[spread] p2a,p2b
|-resisted|p2a: Tyranitar
|-damage|p2a: Tyranitar|79/100
|-damage|p2b: Sneasler|25/100
|move|p2a: Tyranitar|Rock Slide|p1a: Porygon2|[spread] p1a
|-miss|p2a: Tyranitar|p1b: Typhlosion
|-damage|p1a: Porygon2|75/100
|
|-weather|Sandstorm|[upkeep]
|-damage|p2b: Sneasler|19/100|[from] Sandstorm
|-damage|p1b: Typhlosion|94/100|[from] Sandstorm
|-damage|p1a: Porygon2|69/100|[from] Sandstorm
|-heal|p2b: Sneasler|25/100|[from] Grassy Terrain
|-heal|p1b: Typhlosion|100/100|[from] Grassy Terrain
|-heal|p1a: Porygon2|75/100|[from] Grassy Terrain
|-heal|p2a: Tyranitar|85/100|[from] Grassy Terrain
|upkeep
|turn|5
|
|t:|1756766805
|move|p2b: Sneasler|Close Combat|p1a: Porygon2
|-supereffective|p1a: Porygon2
|-damage|p1a: Porygon2|3/100
|-unboost|p2b: Sneasler|def|1
|-unboost|p2b: Sneasler|spd|1
|move|p1b: Typhlosion|Eruption|p2a: Tyranitar|[spread] p2a,p2b
|-resisted|p2a: Tyranitar
|-crit|p2a: Tyranitar
|-damage|p2a: Tyranitar|70/100
|-damage|p2b: Sneasler|0 fnt
|faint|p2b: Sneasler
|move|p1a: Porygon2|Tera Blast|p2a: Tyranitar
|-resisted|p2a: Tyranitar
|-damage|p2a: Tyranitar|59/100
|move|p2a: Tyranitar|Rock Slide|p1a: Porygon2|[spread] p1a,p1b
|-supereffective|p1b: Typhlosion
|-damage|p1a: Porygon2|0 fnt
|-damage|p1b: Typhlosion|0 fnt
|faint|p1a: Porygon2
|faint|p1b: Typhlosion
|
|-weather|Sandstorm|[upkeep]
|-heal|p2a: Tyranitar|65/100|[from] Grassy Terrain
|-fieldend|move: Grassy Terrain
|upkeep
|
|t:|1756766825
|switch|p2b: Incineroar|Incineroar, L50, M, shiny, tera:Ghost|82/100
|switch|p1b: Torkoal|Torkoal, L50, F|100/100
|-ability|p2b: Incineroar|Intimidate|boost
|-unboost|p1b: Torkoal|atk|1
|-weather|SunnyDay|[from] ability: Drought|[of] p1b: Torkoal
|turn|6
|
|t:|1756766842
|move|p1b: Torkoal|Protect|p1b: Torkoal
|-singleturn|p1b: Torkoal|Protect
|move|p2b: Incineroar|Fake Out|p1b: Torkoal
|-activate|p1b: Torkoal|move: Protect
|move|p2a: Tyranitar|Knock Off|p1b: Torkoal
|-activate|p1b: Torkoal|move: Protect
|
|-weather|SunnyDay|[upkeep]
|upkeep
|turn|7
|
|t:|1756766851
|move|p2b: Incineroar|Flare Blitz|p1b: Torkoal
|-resisted|p1b: Torkoal
|-damage|p1b: Torkoal|68/100
|-damage|p2b: Incineroar|73/100|[from] Recoil
|move|p2a: Tyranitar|Knock Off|p1b: Torkoal
|-damage|p1b: Torkoal|11/100
|-enditem|p1b: Torkoal|Charcoal|[from] move: Knock Off|[of] p2a: Tyranitar
|move|p1b: Torkoal|Heat Wave|p2a: Tyranitar|[spread] p2a,p2b
|-resisted|p2a: Tyranitar
|-damage|p2a: Tyranitar|52/100
|-damage|p2b: Incineroar|32/100
|
|-weather|SunnyDay|[upkeep]
|upkeep
|turn|8
|
|t:|1756766862
|move|p2b: Incineroar|Knock Off|p1b: Torkoal
|-damage|p1b: Torkoal|0 fnt
|faint|p1b: Torkoal
|
|win|Yunobo7
||Yunobo7 is ready for game 2.
|l|☆Koebel
|player|p1|
||Koebel is ready for game 2.
|uhtml|next|Next: Game 2 of 3
