|j|☆Staryu14
|j|☆Cristante terabug
|html|Staryu14Cristante terabug    
|uhtml|bestof|Game 2 of a best-of-3
|t:|1756334032
|gametype|doubles
|player|p1|Staryu14|matt|1168
|player|p2|Cristante terabug|kieran-champion|1133
|gen|9
|tier|[Gen 9] VGC 2025 Reg H (Bo3)
|rated|
|rule|Species Clause: Limit one of each Pokémon
|rule|Item Clause: Limit 1 of each item
|clearpoke
|poke|p1|Archaludon, L50, F|
|poke|p1|Pelipper, L50, M|
|poke|p1|Basculegion, L50, M|
|poke|p1|Incineroar, L50, M|
|poke|p1|Toxicroak, L50, M|
|poke|p1|Amoonguss, L50, M|
|poke|p2|Tyranitar, L50, M|
|poke|p2|Kommo-o, L50, M|
|poke|p2|Primarina, L50, F|
|poke|p2|Corviknight, L50, F|
|poke|p2|Volcarona, L50, F|
|poke|p2|Sinistcha, L50|
|teampreview|4
|showteam|p1|Archaludon||AssaultVest|Stamina|ElectroShot,Snarl,DragonPulse,BodyPress|||F|||50|,,,,,Grass]Pelipper||FocusSash|Drizzle|WeatherBall,Hurricane,Protect,Tailwind|||M|||50|,,,,,Stellar]Basculegion||MysticWater|SwiftSwim|AquaJet,WaveCrash,Protect,LastRespects|||M|||50|,,,,,Water]Incineroar||SafetyGoggles|Intimidate|FakeOut,FlareBlitz,KnockOff,PartingShot|||M|||50|,,,,,Ghost]Toxicroak||LifeOrb|DrySkin|FakeOut,CloseCombat,PoisonJab,SuckerPunch|||M|||50|,,,,,Dark]Amoonguss||CovertCloak|Regenerator|Protect,RagePowder,PollenPuff,Spore|||M|||50|,,,,,Fairy
|showteam|p2|Tyranitar||AssaultVest|SandStream|KnockOff,LowKick,RockSlide,TeraBlast|||M|||50|,,,,,Flying]Kommo-o||Leftovers|Overcoat|BodyPress,IronDefense,ThroatChop,Protect|||M|||50|,,,,,Steel]Primarina||MysticWater|LiquidVoice|Haze,Moonblast,HyperVoice,Protect|||F|||50|,,,,,Poison]Corviknight||SafetyGoggles|MirrorArmor|BraveBird,BulkUp,Roost,Tailwind|||F|||50|,,,,,Ghost]Volcarona||CovertCloak|FlameBody|HeatWave,Protect,RagePowder,StruggleBug|||F|||50|,,,,,Dragon]Sinistcha||SitrusBerry|Hospitality|Protect,MatchaGotcha,RagePowder,ShadowBall||||||50|,,,,,Water
|inactive|Battle timer is ON: inactive players will automatically lose when time's up. (requested by Cristante terabug)
|inactive|Staryu14 has 60 seconds left.
|
|t:|1756334085
|teamsize|p1|4
|teamsize|p2|4
|start
|switch|p1a: Archaludon|Archaludon, L50, F|100/100
|switch|p1b: Basculegion|Basculegion, L50, M|100/100
|switch|p2a: Aubrey|Primarina, L50, F|100/100
|switch|p2b: Omori|Kommo-o, L50, M|100/100
|turn|1
|
|t:|1756334096
|switch|p1b: Pelipper|Pelipper, L50, M|100/100
|-weather|RainDance|[from] ability: Drizzle|[of] p1b: Pelipper
|-terastallize|p2b: Omori|Steel
|move|p2b: Omori|Iron Defense|p2b: Omori
|-boost|p2b: Omori|def|2
|move|p1a: Archaludon|Electro Shot||[still]
|-prepare|p1a: Archaludon|Electro Shot
|-boost|p1a: Archaludon|spa|1
|-anim|p1a: Archaludon|Electro Shot|p2a: Aubrey
|-supereffective|p2a: Aubrey
|-damage|p2a: Aubrey|1/100
|move|p2a: Aubrey|Moonblast|p1a: Archaludon
|-damage|p1a: Archaludon|66/100
|-unboost|p1a: Archaludon|spa|1
|-ability|p1a: Archaludon|Stamina|boost
|-boost|p1a: Archaludon|def|1
|
|-weather|RainDance|[upkeep]
|upkeep
|turn|2
|inactive|Staryu14 has 30 seconds left.
|inactive|Cristante terabug has 30 seconds left.
|inactive|Cristante terabug has 20 seconds left.
|inactive|Staryu14 has 20 seconds left.
|inactive|Staryu14 has 15 seconds left.
|
|t:|1756334144
|-terastallize|p1a: Archaludon|Grass
|move|p2b: Omori|Body Press|p1a: Archaludon
|-damage|p1a: Archaludon|28/100
|-ability|p1a: Archaludon|Stamina|boost
|-boost|p1a: Archaludon|def|1
|move|p1b: Pelipper|Tailwind|p1b: Pelipper
|-sidestart|p1: Staryu14|move: Tailwind
|move|p1a: Archaludon|Electro Shot||[still]
|-prepare|p1a: Archaludon|Electro Shot
|-boost|p1a: Archaludon|spa|1
|-anim|p1a: Archaludon|Electro Shot|p2b: Omori
|-damage|p2b: Omori|44/100
|move|p2a: Aubrey|Moonblast|p1b: Pelipper
|-crit|p1b: Pelipper
|-enditem|p1b: Pelipper|Focus Sash
|-damage|p1b: Pelipper|1/100
|
|-weather|RainDance|[upkeep]
|-heal|p2b: Omori|50/100|[from] item: Leftovers
|upkeep
|turn|3
|
|t:|1756334163
|switch|p1b: Toxicroak|Toxicroak, L50, M|100/100
|switch|p2a: Hero|Tyranitar, L50, M|100/100
|-weather|Sandstorm|[from] ability: Sand Stream|[of] p2a: Hero
|move|p2b: Omori|Protect|p2b: Omori
|-singleturn|p2b: Omori|Protect
|move|p1a: Archaludon|Body Press|p2a: Hero
|-supereffective|p2a: Hero
|-damage|p2a: Hero|0 fnt
|faint|p2a: Hero
|
|-weather|Sandstorm|[upkeep]
|-damage|p1b: Toxicroak|95/100|[from] Sandstorm
|-damage|p1a: Archaludon|22/100|[from] Sandstorm
|-heal|p2b: Omori|56/100|[from] item: Leftovers
|upkeep
|
|t:|1756334173
|switch|p2a: Mari|Sinistcha, L50|100/100
|-heal|p2b: Omori|80/100|[from] ability: Hospitality|[of] p2a: Mari
|turn|4
|inactive|Staryu14 has 30 seconds left.
|
|t:|1756334208
|move|p1b: Toxicroak|Fake Out|p2b: Omori
|-resisted|p2b: Omori
|-damage|p2b: Omori|78/100
|-damage|p1b: Toxicroak|85/100|[from] item: Life Orb
|move|p2a: Mari|Rage Powder|p2a: Mari
|-singleturn|p2a: Mari|move: Rage Powder
|move|p1a: Archaludon|Dragon Pulse|p2a: Mari
|-damage|p2a: Mari|41/100
|-enditem|p2a: Mari|Sitrus Berry|[eat]
|-heal|p2a: Mari|65/100|[from] item: Sitrus Berry
|cant|p2b: Omori|flinch
|
|-weather|Sandstorm|[upkeep]
|-damage|p1b: Toxicroak|80/100|[from] Sandstorm
|-damage|p1a: Archaludon|16/100|[from] Sandstorm
|-damage|p2a: Mari|59/100|[from] Sandstorm
|-heal|p2b: Omori|83/100|[from] item: Leftovers
|upkeep
|turn|5
|
|t:|1756334225
|switch|p1b: Pelipper|Pelipper, L50, M|1/100
|-weather|RainDance|[from] ability: Drizzle|[of] p1b: Pelipper
|move|p2a: Mari|Protect|p2a: Mari
|-singleturn|p2a: Mari|Protect
|move|p1a: Archaludon|Electro Shot||[still]
|-prepare|p1a: Archaludon|Electro Shot
|-boost|p1a: Archaludon|spa|1
|-anim|p1a: Archaludon|Electro Shot|p2b: Omori
|-damage|p2b: Omori|0 fnt
|faint|p2b: Omori
|
|-weather|RainDance|[upkeep]
|-sideend|p1: Staryu14|move: Tailwind
|upkeep
|
|t:|1756334229
|switch|p2b: Aubrey|Primarina, L50, F|1/100
|turn|6
|
|t:|1756334232
|switch|p1b: Toxicroak|Toxicroak, L50, M|80/100
|move|p1a: Archaludon|Snarl|p2b: Aubrey|[spread] p2a,p2b
|-supereffective|p2a: Mari
|-resisted|p2b: Aubrey
|-damage|p2a: Mari|5/100
|-damage|p2b: Aubrey|0 fnt
|-unboost|p2a: Mari|spa|1
|faint|p2b: Aubrey
|move|p2a: Mari|Matcha Gotcha|p1a: Archaludon|[spread] p1a
|-miss|p2a: Mari|p1b: Toxicroak
|-resisted|p1a: Archaludon
|-damage|p1a: Archaludon|10/100
|-heal|p2a: Mari|8/100|[from] drain|[of] p1a: Archaludon
|-ability|p1a: Archaludon|Stamina|boost
|-boost|p1a: Archaludon|def|1
|
|-weather|RainDance|[upkeep]
|-heal|p1b: Toxicroak|92/100|[from] ability: Dry Skin
|upkeep
|turn|7
|-message|Cristante terabug forfeited.
|
|win|Staryu14
|raw|Staryu14's rating: 1168 → 1190(+22 for winning)
|raw|Cristante terabug's rating: 1133 → 1111(-22 for losing)
|l|☆Cristante terabug
|player|p2|
|j|☆Cristante terabug
|player|p2|Cristante terabug|kieran-champion|
|l|☆Cristante terabug
|player|p2|
