|j|☆idkFrosty
|j|☆Clob5
|html|idkFrostyClob5    
|uhtml|bestof|Game 3 of a best-of-3
|t:|1785268014
|gametype|doubles
|player|p1|idkFrosty|1|1053
|player|p2|Clob5|170|1040
|gen|9
|tier|[Gen 9 Champions] VGC 2026 Reg M-B (Bo3)
|rated|
|rule|Species Clause: Limit one of each Pokémon
|rule|Item Clause: Limit 1 of each item
|clearpoke
|poke|p1|Ampharos, L50, F, shiny|
|poke|p1|Metagross, L50, shiny|
|poke|p1|Runerigus, L50, M, shiny|
|poke|p1|Clefable, L50, F, shiny|
|poke|p1|Rotom-Wash, L50|
|poke|p1|Chandelure, L50, M|
|poke|p2|Glimmora, L50, F|
|poke|p2|Whimsicott, L50, M|
|poke|p2|Basculegion, L50, M|
|poke|p2|Sylveon, L50, M|
|poke|p2|Rotom-Wash, L50|
|poke|p2|Kommo-o, L50, F|
|teampreview|4
|showteam|p1|Ampharos||Ampharosite|Static|ParabolicCharge,DragonPulse,Protect,Thunderbolt|Modest||F|||50|]Metagross||Metagrossite|ClearBody|PsychicFangs,MeteorMash,StompingTantrum,Protect|Jolly|||||50|]Runerigus||Leftovers|WanderingSpirit|TrickRoom,Curse,Poltergeist,ToxicSpikes|Relaxed||M|||50|]Clefable||SitrusBerry|CuteCharm|FollowMe,HelpingHand,DrainingKiss,Protect|Calm||F|||50|]Rotom-Wash||ChoiceScarf|Levitate|WillOWisp,VoltSwitch,RisingVoltage,HydroPump|Calm|||||50|]Chandelure||FocusSash|FlashFire|TrickRoom,HeatWave,ShadowBall,Protect|Sassy||M|||50|
|showteam|p2|Glimmora||Glimmoranite|ToxicDebris|SpikyShield,PowerGem,SludgeBomb,EarthPower|Timid||F|||50|]Whimsicott||FocusSash|Prankster|Moonblast,Tailwind,Encore,LightScreen|Timid||M|||50|]Basculegion||ChoiceScarf|SwiftSwim|WaveCrash,LastRespects,AquaJet,IceFang|Adamant||M|||50|]Sylveon||FairyFeather|Pixilate|Detect,HyperVoice,QuickAttack,HyperBeam|Modest||M|||50|]Rotom-Wash||SitrusBerry|Levitate|Protect,HydroPump,VoltSwitch,WillOWisp|Modest|||||50|]Kommo-o||LifeOrb|Soundproof|Protect,ClangingScales,ClangorousSoul,AuraSphere|Modest||F|||50|
|inactive|Battle timer is ON: inactive players will automatically lose when time's up. (requested by Clob5)
|inactive|idkFrosty has 60 seconds left.
|
|t:|1785268060
|teamsize|p1|4
|teamsize|p2|4
|start
|switch|p1a: Runerigus|Runerigus, L50, M, shiny|100/100
|switch|p1b: Rotom|Rotom-Wash, L50|100/100
|switch|p2a: Basculegion|Basculegion, L50, M|100/100
|switch|p2b: Whimsicott|Whimsicott, L50, M|100/100
|turn|1
|
|t:|1785268084
|move|p2a: Basculegion|Wave Crash|p1a: Runerigus
|-supereffective|p1a: Runerigus|1
|-damage|p1a: Runerigus|20/100r
|-activate|p2a: Basculegion|Skill Swap|Wandering Spirit|Swift Swim|[of] p1a: Runerigus
|-damage|p2a: Basculegion|77/100|[from] Recoil
|move|p2b: Whimsicott|Moonblast|p1a: Runerigus
|-damage|p1a: Runerigus|0 fnt
|faint|p1a: Runerigus
|move|p1b: Rotom|Volt Switch|p2a: Basculegion
|-supereffective|p2a: Basculegion|1
|-damage|p2a: Basculegion|16/100
|
|t:|1785268098
|switch|p1b: Metagross|Metagross, L50, shiny|100/100|[from] Volt Switch
|
|upkeep
|
|t:|1785268104
|switch|p1a: Clefable|Clefable, L50, F, shiny|100/100
|turn|2
|
|t:|1785268116
|detailschange|p1b: Metagross|Metagross-Mega, L50, shiny
|-mega|p1b: Metagross|Metagross|Metagrossite
|move|p1a: Clefable|Follow Me|p1a: Clefable
|-singleturn|p1a: Clefable|move: Follow Me
|move|p2b: Whimsicott|Light Screen|p2b: Whimsicott
|-sidestart|p2: Clob5|move: Light Screen
|move|p2a: Basculegion|Wave Crash|p1a: Clefable
|-damage|p1a: Clefable|27/100
|-enditem|p1a: Clefable|Sitrus Berry|[eat]
|-heal|p1a: Clefable|51/100|[from] item: Sitrus Berry
|-damage|p2a: Basculegion|0 fnt|[from] Recoil
|faint|p2a: Basculegion
|move|p1b: Metagross|Meteor Mash|p2b: Whimsicott
|-supereffective|p2b: Whimsicott|1
|-enditem|p2b: Whimsicott|Focus Sash
|-damage|p2b: Whimsicott|1/100
|
|upkeep
|
|t:|1785268132
|switch|p2a: Glimmora|Glimmora, L50, F|100/100
|turn|3
|
|t:|1785268146
|detailschange|p2a: Glimmora|Glimmora-Mega, L50, F
|-mega|p2a: Glimmora|Glimmora|Glimmoranite
|move|p1a: Clefable|Follow Me|p1a: Clefable
|-singleturn|p1a: Clefable|move: Follow Me
|move|p2b: Whimsicott|Tailwind|p2b: Whimsicott
|-sidestart|p2: Clob5|move: Tailwind
|move|p2a: Glimmora|Sludge Bomb|p1a: Clefable
|-supereffective|p1a: Clefable|1
|-damage|p1a: Clefable|0 fnt
|faint|p1a: Clefable
|move|p1b: Metagross|Stomping Tantrum|p2a: Glimmora
|-supereffective|p2a: Glimmora|2
|-damage|p2a: Glimmora|0 fnt
|faint|p2a: Glimmora
|
|upkeep
|j| soulmoonvgc
|
|t:|1785268158
|switch|p2a: Sylveon|Sylveon, L50, M|100/100
|switch|p1a: Rotom|Rotom-Wash, L50|100/100
|turn|4
|
|t:|1785268170
|move|p2b: Whimsicott|Encore|p1b: Metagross
|-start|p1b: Metagross|Encore
|move|p1b: Metagross|Stomping Tantrum|p2b: Whimsicott
|-resisted|p2b: Whimsicott|1
|-damage|p2b: Whimsicott|0 fnt
|faint|p2b: Whimsicott
|move|p2a: Sylveon|Hyper Beam|p1b: Metagross|[miss]
|-miss|p2a: Sylveon|p1b: Metagross
|move|p1a: Rotom|Volt Switch|p2a: Sylveon
|-damage|p2a: Sylveon|88/100
|
|upkeep
|turn|5
|
|t:|1785268183
|move|p1b: Metagross|Stomping Tantrum|p2a: Sylveon
|-damage|p2a: Sylveon|46/100
|move|p2a: Sylveon|Hyper Beam|p1b: Metagross
|-resisted|p1b: Metagross|1
|-damage|p1b: Metagross|42/100
|-mustrecharge|p2a: Sylveon
|move|p1a: Rotom|Volt Switch|p2a: Sylveon
|-damage|p2a: Sylveon|32/100
|
|upkeep
|turn|6
|
|t:|1785268193
|move|p1b: Metagross|Stomping Tantrum|p2a: Sylveon
|-damage|p2a: Sylveon|0 fnt
|faint|p2a: Sylveon
|
|win|idkFrosty
|raw|idkFrosty's rating: 1053 → 1084(+31 for winning)
|raw|Clob5's rating: 1040 → 1025(-15 for losing)
