|j|☆PKMNSGaming!
|j|☆Spottedwoot
|html|PKMNSGaming!Spottedwoot    
|uhtml|bestof|Game 2 of a best-of-3
|t:|1785290083
|gametype|doubles
|player|p1|PKMNSGaming!|hilda|
|player|p2|Spottedwoot|169|
|gen|9
|tier|[Gen 9 Champions] VGC 2026 Reg M-B (Bo3)
|rule|Species Clause: Limit one of each Pokémon
|rule|Item Clause: Limit 1 of each item
|clearpoke
|poke|p1|Floette-Eternal, L50, F|
|poke|p1|Aerodactyl, L50, F|
|poke|p1|Kangaskhan, L50, F|
|poke|p1|Clefable, L50, M|
|poke|p1|Scizor, L50, F|
|poke|p1|Milotic, L50, M|
|poke|p2|Blastoise, L50, F|
|poke|p2|Sinistcha, L50|
|poke|p2|Incineroar, L50, M|
|poke|p2|Tsareena, L50, F|
|poke|p2|Bastiodon, L50, F|
|poke|p2|Gardevoir, L50, M|
|teampreview|4
|showteam|p1|Floette-Eternal||Floettite|FlowerVeil|Moonblast,DazzlingGleam,CalmMind,Protect|Timid||F|||50|]Aerodactyl||Aerodactylite|Unnerve|DualWingbeat,RockSlide,Taunt,WideGuard|Adamant||F|||50|]Kangaskhan||SilkScarf|Scrappy|FakeOut,DoubleEdge,LowKick,Protect|Jolly||F|||50|]Clefable||SitrusBerry|Unaware|Moonblast,FollowMe,LifeDew,AfterYou|Calm||M|||50|]Scizor||OccaBerry|Technician|BulletPunch,BugBite,QuickGuard,Protect|Adamant||F|||50|]Milotic||Leftovers|Competitive|MuddyWater,IcyWind,LifeDew,Protect|Modest||M|||50|
|showteam|p2|Blastoise||Blastoisinite|Torrent|WaterSpout,FakeOut,Protect,FlashCannon|Quiet||F|||50|]Sinistcha||Leftovers|Hospitality|MatchaGotcha,TrickRoom,RagePowder,StrengthSap|Relaxed|||||50|]Incineroar||SitrusBerry|Intimidate|FlareBlitz,FakeOut,PartingShot,WillOWisp|Careful||M|||50|]Tsareena||LifeOrb|QueenlyMajesty|Protect,PowerWhip,KnockOff,TripleAxel|Brave||F|||50|]Bastiodon||ChopleBerry|Sturdy|WideGuard,BodyPress,IronDefense,HeavySlam|Careful||F|||50|]Gardevoir||Gardevoirite|Trace|HyperVoice,Protect,MysticalFire,Taunt|Timid||M|||50|
|j| cookiecorner
|
|t:|1785290169
|teamsize|p1|4
|teamsize|p2|4
|start
|switch|p1a: Floette|Floette-Eternal, L50, F|100/100
|switch|p1b: Kangaskhan|Kangaskhan, L50, F|100/100
|switch|p2a: Sinistcha|Sinistcha, L50|100/100
|switch|p2b: Bastiodon|Bastiodon, L50, F|100/100
|turn|1
|
|t:|1785290208
|detailschange|p1a: Floette|Floette-Mega, L50, F
|-mega|p1a: Floette|Floette|Floettite
|-ability|p1a: Floette|Fairy Aura
|move|p1b: Kangaskhan|Fake Out|p2a: Sinistcha
|-damage|p2a: Sinistcha|84/100
|move|p1a: Floette|Moonblast|p2a: Sinistcha
|-damage|p2a: Sinistcha|0 fnt
|faint|p2a: Sinistcha
|move|p2b: Bastiodon|Iron Defense|p2b: Bastiodon
|-boost|p2b: Bastiodon|def|2
|
|upkeep
|
|t:|1785290220
|switch|p2a: Blastoise|Blastoise, L50, F|100/100
|turn|2
|
|t:|1785290294
|switch|p1a: Aerodactyl|Aerodactyl, L50, F|100/100
|-ability|p1a: Aerodactyl|Unnerve
|detailschange|p2a: Blastoise|Blastoise-Mega, L50, F
|-mega|p2a: Blastoise|Blastoise|Blastoisinite
|move|p1b: Kangaskhan|Low Kick|p2b: Bastiodon
|-supereffective|p2b: Bastiodon|2
|-damage|p2b: Bastiodon|59/100
|move|p2a: Blastoise|Flash Cannon|p1a: Aerodactyl
|-supereffective|p1a: Aerodactyl|1
|-damage|p1a: Aerodactyl|19/100
|move|p2b: Bastiodon|Body Press|p1b: Kangaskhan
|-supereffective|p1b: Kangaskhan|1
|-damage|p1b: Kangaskhan|0 fnt
|faint|p1b: Kangaskhan
|
|upkeep
|
|t:|1785290309
|switch|p1b: Floette|Floette-Mega, L50, F|100/100
|-ability|p1b: Floette|Fairy Aura
|turn|3
|
|t:|1785290326
|move|p1a: Aerodactyl|Wide Guard|p1a: Aerodactyl
|-singleturn|p1a: Aerodactyl|Wide Guard
|move|p1b: Floette|Moonblast|p2b: Bastiodon
|-resisted|p2b: Bastiodon|1
|-damage|p2b: Bastiodon|37/100
|move|p2a: Blastoise|Flash Cannon|p1b: Floette
|-supereffective|p1b: Floette|1
|-damage|p1b: Floette|44/100
|move|p2b: Bastiodon|Body Press|p1b: Floette
|-resisted|p1b: Floette|1
|-damage|p1b: Floette|7/100
|
|upkeep
|turn|4
|
|t:|1785290343
|move|p1a: Aerodactyl|Rock Slide|p2a: Blastoise|[spread] p2a,p2b
|-resisted|p2b: Bastiodon|1
|-damage|p2a: Blastoise|79/100
|-damage|p2b: Bastiodon|32/100
|move|p1b: Floette|Moonblast|p2b: Bastiodon
|-resisted|p2b: Bastiodon|1
|-damage|p2b: Bastiodon|8/100
|move|p2a: Blastoise|Water Spout|p1b: Floette|[spread] p1a,p1b
|-supereffective|p1a: Aerodactyl|1
|-damage|p1a: Aerodactyl|0 fnt
|-damage|p1b: Floette|0 fnt
|faint|p1a: Aerodactyl
|faint|p1b: Floette
|move|p2b: Bastiodon|Body Press|p1: Aerodactyl|[notarget]
|-fail|p2b: Bastiodon
|
|upkeep
|
|t:|1785290355
|switch|p1a: Scizor|Scizor, L50, F|100/100
|turn|5
|
|t:|1785290376
|move|p2a: Blastoise|Water Spout|p1a: Scizor
|-damage|p1a: Scizor|23/100
|move|p1a: Scizor|Bug Bite|p2a: Blastoise
|-damage|p2a: Blastoise|37/100
|move|p2b: Bastiodon|Body Press|p1a: Scizor
|-damage|p1a: Scizor|0 fnt
|faint|p1a: Scizor
|
|win|Spottedwoot
|l|☆Spottedwoot
|player|p2|
|l| cookiecorner
