|j|☆chingling is life
|j|☆Tearamizuu
|html|chingling is lifeTearamizuu    
|uhtml|bestof|Game 2 of a best-of-3
|t:|1785602357
|gametype|doubles
|player|p1|chingling is life|1|
|player|p2|Tearamizuu|acetrainerf-gen4|
|gen|9
|tier|[Gen 9 Champions] VGC 2026 Reg M-B (Bo3)
|rule|Species Clause: Limit one of each Pokémon
|rule|Item Clause: Limit 1 of each item
|clearpoke
|poke|p1|Pelipper, L50, F|
|poke|p1|Basculegion-F, L50, F|
|poke|p1|Espathra, L50, M|
|poke|p1|Sneasler, L50, F|
|poke|p1|Dragonite, L50, F|
|poke|p1|Vivillon, L50, F|
|poke|p2|Drampa, L50, M|
|poke|p2|Whimsicott, L50, M|
|poke|p2|Milotic, L50, F|
|poke|p2|Farigiraf, L50, F|
|poke|p2|Goodra-Hisui, L50, M|
|poke|p2|Houndoom, L50, M|
|teampreview|4
|showteam|p1|Pelipper||FocusSash|Drizzle|Tailwind,MuddyWater,WeatherBall,Hurricane|Modest||F|||50|]Basculegion-F||LifeOrb|Adaptability|WaveCrash,AquaJet,LastRespects,Protect|Adamant||F|||50|]Espathra||MentalHerb|SpeedBoost|Protect,CalmMind,LuminaCrash,BatonPass|Calm||M|||50|]Sneasler||WhiteHerb|Unburden|FakeOut,CloseCombat,PoisonJab,Protect|Adamant||F|||50|]Dragonite||Dragoninite|Multiscale|Thunderbolt,Protect,Hurricane,WeatherBall|Modest||F|||50|]Vivillon||ChoiceScarf|CompoundEyes|Tailwind,SleepPowder,Hurricane,RainDance|Calm||F|||50|
|showteam|p2|Drampa||Drampanite|CloudNine|Protect,HyperVoice,EarthPower,DragonPulse|Quiet||M|||50|]Whimsicott||FocusSash|Prankster|Charm,Moonblast,Protect,Tailwind|Modest||M|||50|]Milotic||Leftovers|MarvelScale|LifeDew,Coil,IceBeam,MuddyWater|Modest||F|||50|]Farigiraf||SitrusBerry|ArmorTail|Thunderbolt,HelpingHand,TwinBeam,TrickRoom|Modest||F|||50|]Goodra-Hisui||ChopleBerry|Gooey|Shelter,LifeDew,DragonPulse,Thunderbolt|Relaxed||M|||50|]Houndoom||Houndoominite|FlashFire|Protect,HeatWave,Uproar,DarkPulse|Timid||M|||50|
|inactive|Battle timer is ON: inactive players will automatically lose when time's up. (requested by Tearamizuu)
|c|☆chingling is life|at least I won a game
|c|☆chingling is life|right
|
|t:|1785602386
|teamsize|p1|4
|teamsize|p2|4
|start
|switch|p1a: Basculegion|Basculegion-F, L50, F|100/100
|switch|p1b: Vivillon|Vivillon, L50, F|100/100
|switch|p2a: Farigiraf|Farigiraf, L50, F|100/100
|switch|p2b: Goodra|Goodra-Hisui, L50, M|100/100
|turn|1
|
|t:|1785602392
|switch|p1b: Pelipper|Pelipper, L50, F|100/100
|-weather|RainDance|[from] ability: Drizzle|[of] p1b: Pelipper
|move|p1a: Basculegion|Wave Crash|p2a: Farigiraf
|-damage|p2a: Farigiraf|0 fnt
|faint|p2a: Farigiraf
|-damage|p1a: Basculegion|67/100|[from] Recoil
|-damage|p1a: Basculegion|57/100|[from] item: Life Orb
|move|p2b: Goodra|Shelter|p2b: Goodra
|-boost|p2b: Goodra|def|2
|
|-weather|RainDance|[upkeep]
|upkeep
|
|t:|1785602404
|switch|p2a: Whimsicott|Whimsicott, L50, M|100/100
|turn|2
|
|t:|1785602413
|switch|p1a: Sneasler|Sneasler, L50, F|100/100
|move|p2a: Whimsicott|Tailwind|p2a: Whimsicott
|-sidestart|p2: Tearamizuu|move: Tailwind
|move|p2b: Goodra|Thunderbolt|p1a: Sneasler
|-crit|p1a: Sneasler
|-damage|p1a: Sneasler|44/100
|move|p1b: Pelipper|Hurricane|p2a: Whimsicott
|-supereffective|p2a: Whimsicott|1
|-enditem|p2a: Whimsicott|Focus Sash
|-damage|p2a: Whimsicott|1/100
|
|-weather|RainDance|[upkeep]
|upkeep
|turn|3
|
|t:|1785602433
|move|p2a: Whimsicott|Protect|p2a: Whimsicott
|-singleturn|p2a: Whimsicott|Protect
|move|p1a: Sneasler|Close Combat|p2b: Goodra
|-supereffective|p2b: Goodra|1
|-enditem|p2b: Goodra|Chople Berry|[eat]
|-enditem|p2b: Goodra|Chople Berry|[weaken]
|-damage|p2b: Goodra|72/100
|-unboost|p1a: Sneasler|def|1
|-unboost|p1a: Sneasler|spd|1
|-ability|p2b: Goodra|Gooey
|-unboost|p1a: Sneasler|spe|1
|-enditem|p1a: Sneasler|White Herb
|-clearnegativeboost|p1a: Sneasler|[silent]
|move|p2b: Goodra|Thunderbolt|p1b: Pelipper
|-supereffective|p1b: Pelipper|2
|-enditem|p1b: Pelipper|Focus Sash
|-damage|p1b: Pelipper|1/100
|move|p1b: Pelipper|Weather Ball|p2b: Goodra
|-resisted|p2b: Goodra|1
|-damage|p2b: Goodra|48/100
|
|-weather|RainDance|[upkeep]
|upkeep
|turn|4
|inactive|chingling is life has 30 seconds left.
|
|t:|1785602458
|move|p1a: Sneasler|Close Combat|p2b: Goodra
|-supereffective|p2b: Goodra|1
|-damage|p2b: Goodra|0 fnt
|-unboost|p1a: Sneasler|def|1
|-unboost|p1a: Sneasler|spd|1
|-ability|p2b: Goodra|Gooey
|-unboost|p1a: Sneasler|spe|1
|faint|p2b: Goodra
|move|p2a: Whimsicott|Moonblast|p1a: Sneasler
|-damage|p1a: Sneasler|0 fnt
|faint|p1a: Sneasler
|move|p1b: Pelipper|Weather Ball|p2a: Whimsicott
|-resisted|p2a: Whimsicott|1
|-damage|p2a: Whimsicott|0 fnt
|faint|p2a: Whimsicott
|
|-weather|RainDance|[upkeep]
|upkeep
|
|t:|1785602472
|switch|p1a: Basculegion|Basculegion-F, L50, F|57/100
|switch|p2b: Drampa|Drampa, L50, M|100/100
|-ability|p2b: Drampa|Cloud Nine
|turn|5
|-message|Tearamizuu forfeited.
|
|win|chingling is life
