|j|☆Sinho77
|j|☆snakke001
|html|Sinho77snakke001    
|uhtml|bestof|Game 1 of a best-of-3
|t:|1782197980
|gametype|doubles
|player|p1|Sinho77|tate|1081
|player|p2|snakke001|hiker-gen4|1178
|gen|9
|tier|[Gen 9 Champions] VGC 2026 Reg M-B (Bo3)
|rated|
|rule|Species Clause: Limit one of each Pokémon
|rule|Item Clause: Limit 1 of each item
|clearpoke
|poke|p1|Swampert, L50, M|
|poke|p1|Pelipper, L50, M|
|poke|p1|Rotom-Heat, L50|
|poke|p1|Kingambit, L50, F|
|poke|p1|Venusaur, L50, F|
|poke|p1|Dragonite, L50, F|
|poke|p2|Scrafty, L50, F|
|poke|p2|Metagross, L50|
|poke|p2|Mamoswine, L50, F|
|poke|p2|Toxapex, L50, F|
|poke|p2|Dragonite, L50, M|
|poke|p2|Charizard, L50, M|
|teampreview|4
|showteam|p1|Swampert||Swampertite|Torrent|Earthquake,WaveCrash,Protect,RockSlide|Adamant||M|||50|]Pelipper||SitrusBerry|Drizzle|Hurricane,WeatherBall,Tailwind,Protect|Bold||M|||50|]Rotom-Heat||Leftovers|Levitate|Overheat,VoltSwitch,WillOWisp,Protect|Bold|||||50|]Kingambit||BlackGlasses|Defiant|KowtowCleave,SuckerPunch,IronHead,Protect|Adamant||F|||50|]Venusaur||FocusSash|Chlorophyll|EnergyBall,SludgeBomb,SleepPowder,Protect|Modest||F|||50|]Dragonite||Dragoninite|Multiscale|DragonPulse,Hurricane,Thunderbolt,Protect|Modest||F|||50|
|showteam|p2|Scrafty||Scraftinite|Intimidate|ThroatChop,DrainPunch,FakeOut,Protect|Impish||F|||50|]Metagross||MetalCoat|ClearBody|MeteorMash,PsychicFangs,BulletPunch,Protect|Adamant|||||50|]Mamoswine||FocusSash|Oblivious|Earthquake,IcicleCrash,IceShard,Protect|Adamant||F|||50|]Toxapex||Leftovers|Regenerator|Infestation,Toxic,WideGuard,BanefulBunker|Bold||F|||50|]Dragonite||DragonFang|Multiscale|DragonClaw,ExtremeSpeed,FirePunch,Protect|Adamant||M|||50|]Charizard||CharizarditeY|Blaze|HeatWave,SolarBeam,WeatherBall,Protect|Timid||M|||50|
|inactive|Battle timer is ON: inactive players will automatically lose when time's up. (requested by snakke001)
|l|☆snakke001
|inactive|snakke001 disconnected and has a minute to reconnect!
|player|p2|
|j|☆snakke001
|inactive|snakke001 reconnected and has 80 seconds left.
|player|p2|snakke001|hiker-gen4|
|inactive|Sinho77 has 60 seconds left.
|inactive|snakke001 has 60 seconds left.
|inactive|Sinho77 has 30 seconds left.
|inactive|Sinho77 has 20 seconds left.
|inactive|Sinho77 has 15 seconds left.
|
|t:|1782198060
|teamsize|p1|4
|teamsize|p2|4
|start
|switch|p1a: Dragonite|Dragonite, L50, F|100/100
|switch|p1b: Venusaur|Venusaur, L50, F|100/100
|switch|p2a: Charizard|Charizard, L50, M|100/100
|switch|p2b: Mamoswine|Mamoswine, L50, F|100/100
|turn|1
|inactive|snakke001 has 30 seconds left.
|
|t:|1782198087
|switch|p1a: Rotom|Rotom-Heat, L50|100/100
|move|p2a: Charizard|Heat Wave|p1a: Rotom|[spread] 
|-miss|p2a: Charizard|p1a: Rotom
|-miss|p2a: Charizard|p1b: Venusaur
|move|p2b: Mamoswine|Icicle Crash|p1a: Rotom
|-resisted|p1a: Rotom|1
|-damage|p1a: Rotom|77/100
|move|p1b: Venusaur|Sleep Powder|p2a: Charizard|[miss]
|-miss|p1b: Venusaur|p2a: Charizard
|
|-heal|p1a: Rotom|84/100|[from] item: Leftovers
|upkeep
|turn|2
|
|t:|1782198110
|move|p1b: Venusaur|Protect|p1b: Venusaur
|-singleturn|p1b: Venusaur|Protect
|move|p2a: Charizard|Heat Wave|p1a: Rotom|[spread] p1a
|-activate|p1b: Venusaur|move: Protect
|-resisted|p1a: Rotom|1
|-damage|p1a: Rotom|69/100
|move|p2b: Mamoswine|Icicle Crash|p1b: Venusaur
|-activate|p1b: Venusaur|move: Protect
|move|p1a: Rotom|Volt Switch|p2a: Charizard
|-supereffective|p2a: Charizard|1
|-damage|p2a: Charizard|34/100
|
|t:|1782198127
|switch|p1a: Pelipper|Pelipper, L50, M|100/100|[from] Volt Switch
|-weather|RainDance|[from] ability: Drizzle|[of] p1a: Pelipper
|
|-weather|RainDance|[upkeep]
|upkeep
|turn|3
|
|t:|1782198145
|detailschange|p2a: Charizard|Charizard-Mega-Y, L50, M
|-mega|p2a: Charizard|Charizard|Charizardite Y
|-weather|SunnyDay|[from] ability: Drought|[of] p2a: Charizard
|move|p1b: Venusaur|Sleep Powder|p2a: Charizard
|-status|p2a: Charizard|slp|[from] move: Sleep Powder
|cant|p2a: Charizard|slp
|move|p2b: Mamoswine|Icicle Crash|p1b: Venusaur
|-supereffective|p1b: Venusaur|1
|-enditem|p1b: Venusaur|Focus Sash
|-damage|p1b: Venusaur|1/100
|move|p1a: Pelipper|Weather Ball|p2b: Mamoswine
|-supereffective|p2b: Mamoswine|1
|-enditem|p2b: Mamoswine|Focus Sash
|-damage|p2b: Mamoswine|1/100
|
|-weather|SunnyDay|[upkeep]
|upkeep
|turn|4
|
|t:|1782198169
|switch|p2a: Toxapex|Toxapex, L50, F|100/100
|move|p1b: Venusaur|Sludge Bomb|p2a: Toxapex
|-resisted|p2a: Toxapex|1
|-damage|p2a: Toxapex|85/100
|move|p2b: Mamoswine|Icicle Crash|p1a: Pelipper
|-damage|p1a: Pelipper|52/100
|move|p1a: Pelipper|Tailwind|p1a: Pelipper
|-sidestart|p1: Sinho77|move: Tailwind
|
|-weather|SunnyDay|[upkeep]
|-heal|p2a: Toxapex|91/100|[from] item: Leftovers
|upkeep
|turn|5
|inactive|Sinho77 has 30 seconds left.
|
|t:|1782198195
|switch|p1a: Dragonite|Dragonite, L50, F|100/100
|move|p2b: Mamoswine|Ice Shard|p1b: Venusaur
|-supereffective|p1b: Venusaur|1
|-damage|p1b: Venusaur|0 fnt
|faint|p1b: Venusaur
|move|p2a: Toxapex|Infestation|p1a: Dragonite
|-resisted|p1a: Dragonite|1
|-damage|p1a: Dragonite|99/100
|-activate|p1a: Dragonite|move: Infestation|[of] p2a: Toxapex
|
|-weather|SunnyDay|[upkeep]
|-heal|p2a: Toxapex|97/100|[from] item: Leftovers
|-damage|p1a: Dragonite|86/100|[from] move: Infestation|[partiallytrapped]
|upkeep
|
|t:|1782198207
|switch|p1b: Rotom|Rotom-Heat, L50|69/100
|turn|6
|
|t:|1782198228
|detailschange|p1a: Dragonite|Dragonite-Mega, L50, F
|-mega|p1a: Dragonite|Dragonite|Dragoninite
|move|p1a: Dragonite|Protect|p1a: Dragonite
|-singleturn|p1a: Dragonite|Protect
|move|p2b: Mamoswine|Ice Shard|p1a: Dragonite
|-activate|p1a: Dragonite|move: Protect
|move|p1b: Rotom|Will-O-Wisp|p2b: Mamoswine
|-status|p2b: Mamoswine|brn
|move|p2a: Toxapex|Toxic|p1b: Rotom
|-status|p1b: Rotom|tox
|
|-weather|SunnyDay|[upkeep]
|-heal|p1b: Rotom|75/100 tox|[from] item: Leftovers
|-heal|p2a: Toxapex|100/100|[from] item: Leftovers
|-damage|p1b: Rotom|69/100 tox|[from] psn
|-damage|p2b: Mamoswine|0 fnt|[from] brn
|faint|p2b: Mamoswine
|-damage|p1a: Dragonite|74/100|[from] move: Infestation|[partiallytrapped]
|upkeep
|
|t:|1782198249
|switch|p2b: Dragonite|Dragonite, L50, M|100/100
|turn|7
|
|t:|1782198269
|move|p2b: Dragonite|Protect|p2b: Dragonite
|-singleturn|p2b: Dragonite|Protect
|move|p1a: Dragonite|Thunderbolt|p2a: Toxapex
|-supereffective|p2a: Toxapex|1
|-damage|p2a: Toxapex|40/100
|move|p1b: Rotom|Volt Switch|p2a: Toxapex
|-supereffective|p2a: Toxapex|1
|-damage|p2a: Toxapex|4/100
|
|t:|1782198278
|switch|p1b: Pelipper|Pelipper, L50, M|52/100|[from] Volt Switch
|-weather|RainDance|[from] ability: Drizzle|[of] p1b: Pelipper
|move|p2a: Toxapex|Toxic|p1a: Dragonite
|-status|p1a: Dragonite|tox
|
|-weather|RainDance|[upkeep]
|-heal|p2a: Toxapex|10/100|[from] item: Leftovers
|-damage|p1a: Dragonite|68/100 tox|[from] psn
|-damage|p1a: Dragonite|55/100 tox|[from] move: Infestation|[partiallytrapped]
|-sideend|p1: Sinho77|move: Tailwind
|upkeep
|turn|8
|l|☆snakke001
|inactive|snakke001 disconnected and has a minute to reconnect!
|player|p2|
|j|☆snakke001
|inactive|snakke001 reconnected and has 40 seconds left.
|player|p2|snakke001|hiker-gen4|
|inactive|snakke001 has 30 seconds left.
|inactive|Sinho77 has 30 seconds left.
|inactive|snakke001 has 20 seconds left.
|inactive|snakke001 has 15 seconds left.
|inactive|snakke001 has 10 seconds left.
|
|t:|1782198326
|-heal|p2a: Toxapex|43/100|[from] ability: Regenerator|[silent]
|switch|p2a: Charizard|Charizard-Mega-Y, L50, M|34/100 slp
|-weather|SunnyDay|[from] ability: Drought|[of] p2a: Charizard
|move|p1a: Dragonite|Dragon Pulse|p2b: Dragonite
|-supereffective|p2b: Dragonite|1
|-damage|p2b: Dragonite|53/100
|move|p2b: Dragonite|Dragon Claw|p1a: Dragonite
|-supereffective|p1a: Dragonite|1
|-damage|p1a: Dragonite|0 fnt
|faint|p1a: Dragonite
|move|p1b: Pelipper|Tailwind|p1b: Pelipper
|-sidestart|p1: Sinho77|move: Tailwind
|
|-weather|SunnyDay|[upkeep]
|upkeep
|
|t:|1782198338
|switch|p1a: Rotom|Rotom-Heat, L50|69/100 tox
|turn|9
|
|t:|1782198362
|move|p2b: Dragonite|Extreme Speed|p1b: Pelipper
|-damage|p1b: Pelipper|23/100
|-enditem|p1b: Pelipper|Sitrus Berry|[eat]
|-heal|p1b: Pelipper|48/100|[from] item: Sitrus Berry
|move|p1a: Rotom|Will-O-Wisp|p2b: Dragonite
|-status|p2b: Dragonite|brn
|move|p1b: Pelipper|Weather Ball|p2a: Charizard
|-resisted|p2a: Charizard|1
|-damage|p2a: Charizard|18/100 slp
|cant|p2a: Charizard|slp
|
|-weather|SunnyDay|[upkeep]
|-heal|p1a: Rotom|75/100 tox|[from] item: Leftovers
|-damage|p1a: Rotom|69/100 tox|[from] psn
|-damage|p2b: Dragonite|48/100 brn|[from] brn
|upkeep
|turn|10
|
|t:|1782198385
|-curestatus|p2a: Charizard|slp|[msg]
|move|p2a: Charizard|Protect|p2a: Charizard
|-singleturn|p2a: Charizard|Protect
|move|p2b: Dragonite|Protect|p2b: Dragonite
|-singleturn|p2b: Dragonite|Protect
|move|p1a: Rotom|Volt Switch|p2b: Dragonite
|-activate|p2b: Dragonite|move: Protect
|move|p1b: Pelipper|Weather Ball|p2a: Charizard
|-activate|p2a: Charizard|move: Protect
|
|-weather|SunnyDay|[upkeep]
|-heal|p1a: Rotom|75/100 tox|[from] item: Leftovers
|-damage|p1a: Rotom|63/100 tox|[from] psn
|-damage|p2b: Dragonite|42/100 brn|[from] brn
|upkeep
|turn|11
|
|t:|1782198406
|move|p2b: Dragonite|Extreme Speed|p1b: Pelipper
|-damage|p1b: Pelipper|35/100
|move|p1a: Rotom|Volt Switch|p2b: Dragonite
|-damage|p2b: Dragonite|15/100 brn
|move|p1b: Pelipper|Weather Ball|p2a: Charizard
|-resisted|p2a: Charizard|1
|-damage|p2a: Charizard|1/100
|move|p2a: Charizard|Heat Wave|p1a: Rotom|[spread] p1a,p1b
|-resisted|p1a: Rotom|1
|-resisted|p1b: Pelipper|1
|-damage|p1a: Rotom|30/100 tox
|-damage|p1b: Pelipper|0 fnt
|faint|p1b: Pelipper
|
|-weather|SunnyDay|[upkeep]
|-heal|p1a: Rotom|36/100 tox|[from] item: Leftovers
|-damage|p1a: Rotom|18/100 tox|[from] psn
|-damage|p2b: Dragonite|9/100 brn|[from] brn
|-sideend|p1: Sinho77|move: Tailwind
|upkeep
|turn|12
|-message|Sinho77 forfeited.
|
|win|snakke001
||snakke001 is ready for game 2.
|inactive|Sinho77 has 30 seconds to confirm battle start!
||Sinho77 is ready for game 2.
|uhtml|next|Next: Game 2 of 3
|l|☆snakke001
|player|p2|
