|j|☆sedrav
|j|☆Daniw9
|html|sedravDaniw9    
|uhtml|bestof|Game 2 of a best-of-3
|t:|1756337778
|gametype|doubles
|player|p1|sedrav|hilbert|1144
|player|p2|Daniw9|2|1140
|gen|9
|tier|[Gen 9] VGC 2025 Reg H (Bo3)
|rated|
|rule|Species Clause: Limit one of each Pokémon
|rule|Item Clause: Limit 1 of each item
|clearpoke
|poke|p1|Dragonite, L50, M|
|poke|p1|Rillaboom, L50, M|
|poke|p1|Arcanine-Hisui, L50, F|
|poke|p1|Sneasler, L50, F|
|poke|p1|Ninetales-Alola, L50, F|
|poke|p1|Gholdengo, L50|
|poke|p2|Garchomp, L50, M|
|poke|p2|Tyranitar, L50, M|
|poke|p2|Delphox, L50, M|
|poke|p2|Indeedee-F, L50, F|
|poke|p2|Gallade, L50, M|
|poke|p2|Whimsicott, L50, F|
|teampreview|4
|showteam|p1|Dragonite||LoadedDice|Multiscale|ScaleShot,Tailwind,StompingTantrum,Protect|||M|||50|,,,,,Ground]Rillaboom||AssaultVest|GrassySurge|DrumBeating,GrassyGlide,HighHorsepower,FakeOut|||M|||50|,,,,,Fire]Arcanine-Hisui||ClearAmulet|Intimidate|FlareBlitz,RockSlide,ExtremeSpeed,Protect|||F|||50|,,,,,Water]Sneasler||WhiteHerb|Unburden|CloseCombat,DireClaw,Coaching,Protect|||F|||50|,,,,,Ghost]Ninetales-Alola||FocusSash|SnowWarning|Blizzard,Encore,IcyWind,AuroraVeil|||F|||50|,,,,,Ghost]Gholdengo||GrassySeed|GoodasGold|MakeItRain,ShadowBall,NastyPlot,Protect||||||50|,,,,,Water
|showteam|p2|Garchomp||LifeOrb|RoughSkin|Earthquake,StompingTantrum,Protect,DragonClaw|||M|||50|,,,,,Steel]Tyranitar||AssaultVest|SandStream|RockSlide,TeraBlast,KnockOff,LowKick|||M|||50|,,,,,Flying]Delphox||PsychicSeed|Magician|ExpandingForce,HeatWave,TeraBlast,Protect|||M|||50|,,,,,Fairy]Indeedee-F||SafetyGoggles|PsychicSurge|DazzlingGleam,TrickRoom,FollowMe,HelpingHand|||F|||50|,,,,,Water]Gallade||ClearAmulet|Sharpness|SacredSword,PsychoCut,TrickRoom,Protect|||M|||50|,,,,,Grass]Whimsicott||CovertCloak|Prankster|Moonblast,Tailwind,Encore,Protect|||F|||50|,,,,,Ghost
|inactive|Battle timer is ON: inactive players will automatically lose when time's up. (requested by sedrav)
|
|t:|1756337791
|teamsize|p1|4
|teamsize|p2|4
|start
|switch|p1a: Rillaboom|Rillaboom, L50, M|100/100
|switch|p1b: Ninetales|Ninetales-Alola, L50, F|100/100
|switch|p2a: Delphox|Delphox, L50, M|100/100
|switch|p2b: Indeedee|Indeedee-F, L50, F|100/100
|-weather|Snowscape|[from] ability: Snow Warning|[of] p1b: Ninetales
|-fieldstart|move: Grassy Terrain|[from] ability: Grassy Surge|[of] p1a: Rillaboom
|-fieldstart|move: Psychic Terrain|[from] ability: Psychic Surge|[of] p2b: Indeedee
|-enditem|p2a: Delphox|Psychic Seed
|-boost|p2a: Delphox|spd|1|[from] item: Psychic Seed
|turn|1
|inactive|sedrav has 30 seconds left.
|
|t:|1756337820
|switch|p1a: Gholdengo|Gholdengo, L50|100/100
|switch|p2b: Tyranitar|Tyranitar, L50, M|100/100
|-weather|Sandstorm|[from] ability: Sand Stream|[of] p2b: Tyranitar
|move|p1b: Ninetales|Aurora Veil||[still]
|-fail|p1b: Ninetales
|move|p2a: Delphox|Heat Wave|p1a: Gholdengo|[spread] p1a,p1b
|-supereffective|p1a: Gholdengo
|-supereffective|p1b: Ninetales
|-damage|p1a: Gholdengo|34/100
|-damage|p1b: Ninetales|20/100
|-item|p2a: Delphox|Focus Sash|[from] ability: Magician|[of] p1b: Ninetales
|
|-weather|Sandstorm|[upkeep]
|-damage|p1b: Ninetales|14/100|[from] Sandstorm
|-damage|p2a: Delphox|95/100|[from] Sandstorm
|upkeep
|turn|2
|inactive|sedrav has 30 seconds left.
|inactive|sedrav has 20 seconds left.
|
|t:|1756337856
|switch|p1b: Arcanine|Arcanine-Hisui, L50, F|100/100
|-ability|p1b: Arcanine|Intimidate|boost
|-unboost|p2a: Delphox|atk|1
|-unboost|p2b: Tyranitar|atk|1
|switch|p2b: Indeedee|Indeedee-F, L50, F|100/100
|-terastallize|p1a: Gholdengo|Water
|move|p2a: Delphox|Heat Wave|p1b: Arcanine|[spread] p1a,p1b
|-resisted|p1a: Gholdengo
|-resisted|p1b: Arcanine
|-damage|p1a: Gholdengo|17/100
|-damage|p1b: Arcanine|93/100
|move|p1a: Gholdengo|Shadow Ball|p2a: Delphox
|-supereffective|p2a: Delphox
|-damage|p2a: Delphox|30/100
|
|-weather|Sandstorm|[upkeep]
|-damage|p2a: Delphox|25/100|[from] Sandstorm
|-damage|p1a: Gholdengo|10/100|[from] Sandstorm
|upkeep
|turn|3
|
|t:|1756337879
|move|p2a: Delphox|Protect|p2a: Delphox
|-singleturn|p2a: Delphox|Protect
|move|p1b: Arcanine|Rock Slide|p2b: Indeedee|[spread] 
|-activate|p2a: Delphox|move: Protect
|-miss|p1b: Arcanine|p2b: Indeedee
|move|p1a: Gholdengo|Make It Rain|p2b: Indeedee|[spread] p2b
|-activate|p2a: Delphox|move: Protect
|-damage|p2b: Indeedee|58/100
|-unboost|p1a: Gholdengo|spa|1
|move|p2b: Indeedee|Trick Room|p2b: Indeedee
|-fieldstart|move: Trick Room|[of] p2b: Indeedee
|
|-weather|Sandstorm|[upkeep]
|-damage|p1a: Gholdengo|4/100|[from] Sandstorm
|-damage|p2a: Delphox|19/100|[from] Sandstorm
|upkeep
|turn|4
|
|t:|1756337903
|switch|p1a: Rillaboom|Rillaboom, L50, M|100/100
|-fieldstart|move: Grassy Terrain|[from] ability: Grassy Surge|[of] p1a: Rillaboom
|switch|p2a: Gallade|Gallade, L50, M|100/100
|move|p2b: Indeedee|Follow Me|p2b: Indeedee
|-singleturn|p2b: Indeedee|move: Follow Me
|move|p1b: Arcanine|Extreme Speed|p2b: Indeedee
|-damage|p2b: Indeedee|33/100
|
|-weather|Sandstorm|[upkeep]
|-damage|p2a: Gallade|95/100|[from] Sandstorm
|-damage|p1a: Rillaboom|95/100|[from] Sandstorm
|-heal|p2b: Indeedee|39/100|[from] Grassy Terrain
|-heal|p2a: Gallade|100/100|[from] Grassy Terrain
|-heal|p1a: Rillaboom|100/100|[from] Grassy Terrain
|-heal|p1b: Arcanine|99/100|[from] Grassy Terrain
|upkeep
|turn|5
|inactive|sedrav has 30 seconds left.
|inactive|sedrav has 20 seconds left.
|inactive|sedrav has 15 seconds left.
|inactive|sedrav has 10 seconds left.
|inactive|sedrav has 5 seconds left.
|
|t:|1756337953
|switch|p2b: Delphox|Delphox, L50, M|19/100
|switch|p1b: Gholdengo|Gholdengo, L50, tera:Water|4/100
|-enditem|p1b: Gholdengo|Grassy Seed
|-boost|p1b: Gholdengo|def|1|[from] item: Grassy Seed
|move|p2a: Gallade|Protect|p2a: Gallade
|-singleturn|p2a: Gallade|Protect
|move|p1a: Rillaboom|Drum Beating|p2b: Delphox
|-resisted|p2b: Delphox
|-damage|p2b: Delphox|0 fnt
|faint|p2b: Delphox
|
|-weather|none
|-heal|p1b: Gholdengo|10/100|[from] Grassy Terrain
|upkeep
|
|t:|1756337965
|switch|p2b: Indeedee|Indeedee-F, L50, F|39/100
|-fieldstart|move: Psychic Terrain|[from] ability: Psychic Surge|[of] p2b: Indeedee
|turn|6
|
|t:|1756337976
|switch|p1a: Ninetales|Ninetales-Alola, L50, F|14/100
|-weather|Snowscape|[from] ability: Snow Warning|[of] p1a: Ninetales
|move|p1b: Gholdengo|Protect|p1b: Gholdengo
|-singleturn|p1b: Gholdengo|Protect
|move|p2b: Indeedee|Dazzling Gleam|p1a: Ninetales|[spread] p1a
|-activate|p1b: Gholdengo|move: Protect
|-damage|p1a: Ninetales|0 fnt
|faint|p1a: Ninetales
|move|p2a: Gallade|Psycho Cut|p1b: Gholdengo
|-activate|p1b: Gholdengo|move: Protect
|
|-weather|Snowscape|[upkeep]
|upkeep
|
|t:|1756337999
|switch|p1a: Rillaboom|Rillaboom, L50, M|100/100
|-fieldstart|move: Grassy Terrain|[from] ability: Grassy Surge|[of] p1a: Rillaboom
|turn|7
|
|t:|1756338021
|-terastallize|p2a: Gallade|Grass
|move|p1a: Rillaboom|Fake Out|p2a: Gallade
|-damage|p2a: Gallade|82/100
|move|p2b: Indeedee|Dazzling Gleam|p1b: Gholdengo|[spread] p1a,p1b
|-damage|p1a: Rillaboom|89/100
|-damage|p1b: Gholdengo|0 fnt
|faint|p1b: Gholdengo
|cant|p2a: Gallade|flinch
|
|-weather|Snowscape|[upkeep]
|-heal|p2b: Indeedee|45/100|[from] Grassy Terrain
|-heal|p2a: Gallade|88/100|[from] Grassy Terrain
|-heal|p1a: Rillaboom|95/100|[from] Grassy Terrain
|-fieldend|move: Trick Room
|upkeep
|
|t:|1756338031
|switch|p1b: Arcanine|Arcanine-Hisui, L50, F|99/100
|-ability|p1b: Arcanine|Intimidate|boost
|-fail|p2a: Gallade|unboost|[from] item: Clear Amulet|[of] p2a: Gallade
|-unboost|p2b: Indeedee|atk|1
|turn|8
|inactive|sedrav has 30 seconds left.
|
|t:|1756338063
|switch|p2b: Tyranitar|Tyranitar, L50, M|100/100
|-weather|Sandstorm|[from] ability: Sand Stream|[of] p2b: Tyranitar
|move|p1b: Arcanine|Protect|p1b: Arcanine
|-singleturn|p1b: Arcanine|Protect
|move|p2a: Gallade|Protect|p2a: Gallade
|-singleturn|p2a: Gallade|Protect
|move|p1a: Rillaboom|Drum Beating|p2b: Tyranitar
|-supereffective|p2b: Tyranitar
|-damage|p2b: Tyranitar|22/100
|-unboost|p2b: Tyranitar|spe|1
|
|-weather|Sandstorm|[upkeep]
|-damage|p1a: Rillaboom|89/100|[from] Sandstorm
|-damage|p2a: Gallade|82/100|[from] Sandstorm
|-heal|p1b: Arcanine|100/100|[from] Grassy Terrain
|-heal|p1a: Rillaboom|95/100|[from] Grassy Terrain
|-heal|p2a: Gallade|88/100|[from] Grassy Terrain
|-heal|p2b: Tyranitar|28/100|[from] Grassy Terrain
|upkeep
|turn|9
|
|t:|1756338082
|switch|p2a: Indeedee|Indeedee-F, L50, F|45/100
|-fieldstart|move: Psychic Terrain|[from] ability: Psychic Surge|[of] p2a: Indeedee
|move|p1b: Arcanine|Flare Blitz|p2a: Indeedee
|-damage|p2a: Indeedee|0 fnt
|faint|p2a: Indeedee
|-damage|p1b: Arcanine|85/100|[from] Recoil
|move|p1a: Rillaboom|Drum Beating|p2b: Tyranitar
|-supereffective|p2b: Tyranitar
|-damage|p2b: Tyranitar|0 fnt
|faint|p2b: Tyranitar
|
|-weather|Sandstorm|[upkeep]
|-damage|p1a: Rillaboom|89/100|[from] Sandstorm
|upkeep
|-message|Daniw9 forfeited.
|
|win|sedrav
|raw|sedrav's rating: 1144 → 1169(+25 for winning)
|raw|Daniw9's rating: 1140 → 1115(-25 for losing)
|l|☆Daniw9
|player|p2|
|l|☆sedrav
|player|p1|
|j|☆Daniw9
|player|p2|Daniw9|2|
