|j|☆SFmrmimers
|j|☆Daniw9
|html|SFmrmimersDaniw9    
|uhtml|bestof|Game 2 of a best-of-3
|t:|1756424739
|gametype|doubles
|player|p1|SFmrmimers|n|1075
|player|p2|Daniw9|102|1110
|gen|9
|tier|[Gen 9] VGC 2025 Reg H (Bo3)
|rated|
|rule|Species Clause: Limit one of each Pokémon
|rule|Item Clause: Limit 1 of each item
|clearpoke
|poke|p1|Sneasler, L50, F|
|poke|p1|Kingambit, L50, M|
|poke|p1|Rillaboom, L50, M|
|poke|p1|Basculegion, L50, M|
|poke|p1|Magmar, L50, F|
|poke|p1|Ninetales-Alola, L50, M|
|poke|p2|Garchomp, L50, F|
|poke|p2|Tyranitar, L50, M|
|poke|p2|Delphox, L50, F|
|poke|p2|Indeedee-F, L50, F|
|poke|p2|Gallade, L50, M|
|poke|p2|Whimsicott, L50, F|
|teampreview|4
|showteam|p1|Sneasler||FocusSash|PoisonTouch|DireClaw,CloseCombat,FakeOut,Protect|||F|||50|,,,,,Ghost]Kingambit||BlackGlasses|Defiant|KowtowCleave,SuckerPunch,SwordsDance,Protect|||M|||50|,,,,,Fire]Rillaboom||AssaultVest|GrassySurge|FakeOut,Uturn,GrassyGlide,WoodHammer|||M|||50|,,,,,Fire]Basculegion||ChoiceScarf|Adaptability|WaveCrash,LastRespects,TeraBlast,FlipTurn|||M|||50|,,,,,Fairy]Magmar||Eviolite|VitalSpirit|FollowMe,HeatWave,Taunt,Protect|||F|||50|,,,,,Ghost]Ninetales-Alola||NeverMeltIce|SnowWarning|Blizzard,FreezeDry,Encore,Protect|||M|||50|,,,,,Ghost
|showteam|p2|Garchomp||LifeOrb|SandVeil|Earthquake,StompingTantrum,Protect,DragonClaw|||F|||50|,,,,,Steel]Tyranitar||AssaultVest|SandStream|RockSlide,TeraBlast,KnockOff,LowKick|||M|||50|,,,,,Flying]Delphox||PsychicSeed|Magician|ExpandingForce,HeatWave,TeraBlast,Protect|||F|||50|,,,,,Fairy]Indeedee-F||SafetyGoggles|PsychicSurge|DazzlingGleam,TrickRoom,FollowMe,HelpingHand|||F|||50|,,,,,Water]Gallade||ClearAmulet|Sharpness|SacredSword,PsychoCut,TrickRoom,Protect|||M|||50|,,,,,Grass]Whimsicott||CovertCloak|Prankster|Moonblast,Tailwind,Encore,Protect|||F|||50|,,,,,Ghost
|
|t:|1756424780
|teamsize|p1|4
|teamsize|p2|4
|start
|switch|p1a: Basculegion|Basculegion, L50, M, shiny|100/100
|switch|p1b: Sneasler|Sneasler, L50, F|100/100
|switch|p2a: Indeedee|Indeedee-F, L50, F|100/100
|switch|p2b: Gallade|Gallade, L50, M|100/100
|-fieldstart|move: Psychic Terrain|[from] ability: Psychic Surge|[of] p2a: Indeedee
|turn|1
|
|t:|1756424805
|-terastallize|p2a: Indeedee|Water
|move|p1b: Sneasler|Protect|p1b: Sneasler
|-singleturn|p1b: Sneasler|Protect
|move|p2a: Indeedee|Follow Me|p2a: Indeedee
|-singleturn|p2a: Indeedee|move: Follow Me
|move|p1a: Basculegion|Flip Turn|p2a: Indeedee
|-resisted|p2a: Indeedee
|-damage|p2a: Indeedee|84/100
|
|t:|1756424816
|switch|p1a: Rillaboom|Rillaboom, L50, M|100/100|[from] Flip Turn
|-fieldstart|move: Grassy Terrain|[from] ability: Grassy Surge|[of] p1a: Rillaboom
|move|p2b: Gallade|Trick Room|p2b: Gallade
|-fieldstart|move: Trick Room|[of] p2b: Gallade
|
|-heal|p2a: Indeedee|90/100|[from] Grassy Terrain
|upkeep
|turn|2
|
|t:|1756424836
|switch|p2a: Delphox|Delphox, L50, F|100/100
|move|p1a: Rillaboom|Fake Out|p2b: Gallade
|-damage|p2b: Gallade|81/100
|cant|p2b: Gallade|flinch
|move|p1b: Sneasler|Close Combat|p2a: Delphox
|-resisted|p2a: Delphox
|-damage|p2a: Delphox|49/100
|-unboost|p1b: Sneasler|def|1
|-unboost|p1b: Sneasler|spd|1
|
|-heal|p2b: Gallade|86/100|[from] Grassy Terrain
|-heal|p2a: Delphox|55/100|[from] Grassy Terrain
|upkeep
|turn|3
|
|t:|1756424870
|move|p1a: Rillaboom|Grassy Glide|p2b: Gallade
|-damage|p2b: Gallade|30/100
|move|p2b: Gallade|Sacred Sword|p1a: Rillaboom
|-damage|p1a: Rillaboom|34/100
|move|p2a: Delphox|Heat Wave|p1b: Sneasler|[spread] p1a,p1b
|-supereffective|p1a: Rillaboom
|-damage|p1a: Rillaboom|0 fnt
|-damage|p1b: Sneasler|35/100
|faint|p1a: Rillaboom
|move|p1b: Sneasler|Dire Claw|p2a: Delphox
|-damage|p2a: Delphox|0 fnt
|faint|p2a: Delphox
|
|-heal|p2b: Gallade|36/100|[from] Grassy Terrain
|-heal|p1b: Sneasler|41/100|[from] Grassy Terrain
|upkeep
|
|t:|1756424893
|switch|p1a: Basculegion|Basculegion, L50, M, shiny|100/100
|switch|p2a: Indeedee|Indeedee-F, L50, F, tera:Water|90/100
|-fieldstart|move: Psychic Terrain|[from] ability: Psychic Surge|[of] p2a: Indeedee
|turn|4
|
|t:|1756424915
|-terastallize|p1a: Basculegion|Fairy
|move|p2a: Indeedee|Helping Hand|p2b: Gallade
|-singleturn|p2b: Gallade|Helping Hand|[of] p2a: Indeedee
|move|p2b: Gallade|Psycho Cut|p1a: Basculegion
|-damage|p1a: Basculegion|0 fnt
|faint|p1a: Basculegion
|move|p1b: Sneasler|Close Combat|p2a: Indeedee
|-damage|p2a: Indeedee|33/100
|-unboost|p1b: Sneasler|def|1
|-unboost|p1b: Sneasler|spd|1
|-status|p2a: Indeedee|psn|[from] ability: Poison Touch|[of] p1b: Sneasler
|
|-damage|p2a: Indeedee|21/100 psn|[from] psn
|upkeep
|
|t:|1756424936
|switch|p1a: Ninetales|Ninetales-Alola, L50, M, shiny|100/100
|-weather|Snowscape|[from] ability: Snow Warning|[of] p1a: Ninetales
|turn|5
|
|t:|1756424945
|move|p1a: Ninetales|Protect|p1a: Ninetales
|-singleturn|p1a: Ninetales|Protect
|move|p1b: Sneasler|Protect|p1b: Sneasler
|-singleturn|p1b: Sneasler|Protect
|move|p2a: Indeedee|Trick Room|p2a: Indeedee
|-fieldend|move: Trick Room
|move|p2b: Gallade|Trick Room|p2b: Gallade
|-fieldstart|move: Trick Room|[of] p2b: Gallade
|
|-weather|Snowscape|[upkeep]
|-damage|p2a: Indeedee|8/100 psn|[from] psn
|upkeep
|turn|6
|
|t:|1756424961
|move|p2a: Indeedee|Dazzling Gleam|p1a: Ninetales|[spread] p1a,p1b
|-damage|p1a: Ninetales|86/100
|-damage|p1b: Sneasler|2/100
|move|p2b: Gallade|Psycho Cut|p1b: Sneasler
|-supereffective|p1b: Sneasler
|-damage|p1b: Sneasler|0 fnt
|faint|p1b: Sneasler
|move|p1a: Ninetales|Blizzard|p2b: Gallade|[spread] p2a,p2b
|-resisted|p2a: Indeedee
|-damage|p2a: Indeedee|0 fnt
|-damage|p2b: Gallade|4/100
|faint|p2a: Indeedee
|
|-weather|Snowscape|[upkeep]
|upkeep
|
|t:|1756424969
|switch|p2a: Tyranitar|Tyranitar, L50, M|100/100
|-weather|Sandstorm|[from] ability: Sand Stream|[of] p2a: Tyranitar
|turn|7
|
|t:|1756424975
|move|p2a: Tyranitar|Rock Slide|p1a: Ninetales|[miss]
|-miss|p2a: Tyranitar|p1a: Ninetales
|move|p2b: Gallade|Psycho Cut|p1a: Ninetales
|-damage|p1a: Ninetales|0 fnt
|faint|p1a: Ninetales
|
|win|Daniw9
|raw|SFmrmimers's rating: 1075 → 1056(-19 for losing)
|raw|Daniw9's rating: 1110 → 1132(+22 for winning)
|l|☆SFmrmimers
|player|p1|
