|j|☆Diglett1
|j|☆bananamandoge420
|html|Diglett1bananamandoge420    
|uhtml|bestof|Game 3 of a best-of-3
|t:|1783312820
|gametype|doubles
|player|p1|Diglett1|swimmer|
|player|p2|bananamandoge420|102|
|gen|9
|tier|[Gen 9 Champions] VGC 2026 Reg M-B (Bo3)
|rule|Species Clause: Limit one of each Pokémon
|rule|Item Clause: Limit 1 of each item
|clearpoke
|poke|p1|Meowstic, L50, M, shiny|
|poke|p1|Torkoal, L50, F|
|poke|p1|Kingambit, L50, F|
|poke|p1|Garchomp, L50, F, shiny|
|poke|p1|Delphox, L50, M, shiny|
|poke|p1|Farigiraf, L50, F, shiny|
|poke|p2|Sinistcha, L50|
|poke|p2|Farigiraf, L50, M|
|poke|p2|Kingambit, L50, M|
|poke|p2|Skarmory, L50, F, shiny|
|poke|p2|Dragonite, L50, M|
|poke|p2|Pelipper, L50, M|
|teampreview|4
|showteam|p1|Meowstic||FocusSash|Prankster|SkillSwap,FakeOut,PsychicTerrain,Protect|Sassy||M|||50|]Torkoal||HeatRock|Drought|Eruption,Flamethrower,Protect,StealthRock|Bold||F|||50|]Kingambit||LumBerry|SupremeOverlord|SuckerPunch,SwordsDance,KowtowCleave,IronHead|Adamant||F|||50|]Garchomp||ChoiceScarf|RoughSkin|RockSlide,Earthquake,IronHead,DragonClaw|Jolly||F|||50|]Delphox||Delphoxite|Blaze|Flamethrower,DazzlingGleam,ExpandingForce,Substitute|Timid||M|||50|]Farigiraf||Leftovers|ArmorTail|TrickRoom,Psychic,HyperVoice,Protect|Sassy||F|||50|
|showteam|p2|Sinistcha||Leftovers|Hospitality|MatchaGotcha,ShadowBall,RagePowder,Protect|Quiet|||||50|]Farigiraf||SitrusBerry|ArmorTail|TwinBeam,Protect,TrickRoom,HelpingHand|Sassy||M|||50|]Kingambit||FocusSash|SupremeOverlord|SuckerPunch,LowKick,ThroatChop,IronHead|Brave||M|||50|]Skarmory||Skarmorite|KeenEye|Protect,BraveBird,BodyPress,IronHead|Adamant||F|||50|]Dragonite||IronBall|Multiscale|Fling,DragonRush,ExtremeSpeed,LightScreen|Adamant||M|||50|]Pelipper||LifeOrb|Drizzle|Hurricane,WeatherBall,Tailwind,Uturn|Modest||M|||50|
|j| ShmebKing
|
|t:|1783312870
|teamsize|p1|4
|teamsize|p2|4
|start
|switch|p1a: Big Man|Torkoal, L50, F|100/100
|switch|p1b: Andy|Farigiraf, L50, F, shiny|100/100
|switch|p2a: Queen's Gambit|Kingambit, L50, M|100/100
|switch|p2b: MegaSkar|Skarmory, L50, F, shiny|100/100
|-weather|SunnyDay|[from] ability: Drought|[of] p1a: Big Man
|turn|1
|
|t:|1783312919
|switch|p2b: Seagull|Pelipper, L50, M|100/100
|-weather|RainDance|[from] ability: Drizzle|[of] p2b: Seagull
|move|p1a: Big Man|Protect|p1a: Big Man
|-singleturn|p1a: Big Man|Protect
|move|p2a: Queen's Gambit|Throat Chop|p1b: Andy
|-supereffective|p1b: Andy|1
|-damage|p1b: Andy|0 fnt
|faint|p1b: Andy
|
|-weather|RainDance|[upkeep]
|upkeep
|
|t:|1783312926
|switch|p1b: Le Mon|Meowstic, L50, M, shiny|100/100
|turn|2
|
|t:|1783312963
|switch|p1a: Racist|Kingambit, L50, F|100/100
|-activate|p1a: Racist|ability: Supreme Overlord
|-start|p1a: Racist|fallen1|[silent]
|move|p1b: Le Mon|Skill Swap|p2b: Seagull
|-activate|p1b: Le Mon|Skill Swap|Drizzle|Prankster|[of] p2b: Seagull
|move|p2b: Seagull|Weather Ball|p1a: Racist
|-damage|p1a: Racist|16/100
|-damage|p2b: Seagull|90/100|[from] item: Life Orb
|move|p2a: Queen's Gambit|Throat Chop|p1b: Le Mon
|-supereffective|p1b: Le Mon|1
|-enditem|p1b: Le Mon|Focus Sash
|-damage|p1b: Le Mon|1/100
|-start|p1b: Le Mon|Throat Chop|[silent]
|
|-weather|RainDance|[upkeep]
|upkeep
|turn|3
|
|t:|1783312999
|switch|p1b: Big Man|Torkoal, L50, F|100/100
|-weather|SunnyDay|[from] ability: Drought|[of] p1b: Big Man
|move|p1a: Racist|Sucker Punch|p2a: Queen's Gambit
|-resisted|p2a: Queen's Gambit|1
|-damage|p2a: Queen's Gambit|83/100
|move|p2a: Queen's Gambit|Sucker Punch||[still]
|-fail|p2a: Queen's Gambit
|move|p2b: Seagull|U-turn|p1b: Big Man
|-resisted|p1b: Big Man|1
|-damage|p1b: Big Man|96/100
|-damage|p2b: Seagull|80/100|[from] item: Life Orb
|
|t:|1783313015
|switch|p2b: John Cena|Dragonite, L50, M|100/100|[from] U-turn
|
|-weather|SunnyDay|[upkeep]
|upkeep
|turn|4
|
|t:|1783313046
|move|p2a: Queen's Gambit|Sucker Punch|p1b: Big Man
|-damage|p1b: Big Man|72/100
|move|p1a: Racist|Iron Head|p2b: John Cena
|-damage|p2b: John Cena|75/100
|move|p2b: John Cena|Light Screen|p2b: John Cena
|-sidestart|p2: bananamandoge420|move: Light Screen
|move|p1b: Big Man|Flamethrower|p2a: Queen's Gambit
|-supereffective|p2a: Queen's Gambit|1
|-damage|p2a: Queen's Gambit|24/100
|-status|p2a: Queen's Gambit|brn
|
|-weather|SunnyDay|[upkeep]
|-damage|p2a: Queen's Gambit|18/100 brn|[from] brn
|upkeep
|turn|5
|
|t:|1783313070
|move|p2b: John Cena|Extreme Speed|p1a: Racist
|-resisted|p1a: Racist|1
|-damage|p1a: Racist|3/100
|move|p1a: Racist|Iron Head|p2b: John Cena
|-damage|p2b: John Cena|25/100
|move|p2a: Queen's Gambit|Throat Chop|p1b: Big Man
|-damage|p1b: Big Man|59/100
|-start|p1b: Big Man|Throat Chop|[silent]
|move|p1b: Big Man|Eruption|p2b: John Cena|[spread] p2a,p2b
|-supereffective|p2a: Queen's Gambit|1
|-resisted|p2b: John Cena|1
|-damage|p2a: Queen's Gambit|0 fnt
|-damage|p2b: John Cena|15/100
|faint|p2a: Queen's Gambit
|-end|p2a: Queen's Gambit|fallenundefined|[silent]
|
|-weather|SunnyDay|[upkeep]
|upkeep
|
|t:|1783313086
|switch|p2a: Seagull|Pelipper, L50, M|80/100
|-weather|RainDance|[from] ability: Drizzle|[of] p2a: Seagull
|turn|6
|
|t:|1783313094
|move|p1b: Big Man|Protect|p1b: Big Man
|-singleturn|p1b: Big Man|Protect
|move|p2b: John Cena|Extreme Speed|p1a: Racist
|-resisted|p1a: Racist|1
|-damage|p1a: Racist|0 fnt
|faint|p1a: Racist
|-end|p1a: Racist|fallen1|[silent]
|move|p2a: Seagull|Weather Ball|p1b: Big Man
|-activate|p1b: Big Man|move: Protect
|
|-weather|RainDance|[upkeep]
|-end|p1b: Big Man|Throat Chop|[silent]
|upkeep
|
|t:|1783313096
|switch|p1a: Le Mon|Meowstic, L50, M, shiny|1/100
|turn|7
|
|t:|1783313109
|move|p2b: John Cena|Extreme Speed|p1a: Le Mon
|-damage|p1a: Le Mon|0 fnt
|faint|p1a: Le Mon
|move|p2a: Seagull|Weather Ball|p1b: Big Man
|-supereffective|p1b: Big Man|1
|-damage|p1b: Big Man|0 fnt
|faint|p1b: Big Man
|-damage|p2a: Seagull|71/100|[from] item: Life Orb
|
|win|bananamandoge420
|l|☆Diglett1
|player|p1|
|l|☆bananamandoge420
|player|p2|
