|j|☆Yoelsan8
|j|☆breakstormsamuraix
|html|Yoelsan8breakstormsamuraix    
|uhtml|bestof|Game 1 of a best-of-3
|t:|1785853724
|gametype|doubles
|player|p1|Yoelsan8|alder|1162
|player|p2|breakstormsamuraix|n|1252
|gen|9
|tier|[Gen 9 Champions] VGC 2026 Reg M-B (Bo3)
|rated|
|rule|Species Clause: Limit one of each Pokémon
|rule|Item Clause: Limit 1 of each item
|clearpoke
|poke|p1|Whimsicott, L50, M|
|poke|p1|Basculegion, L50, M|
|poke|p1|Floette-Eternal, L50, F|
|poke|p1|Garchomp, L50, M|
|poke|p1|Kingambit, L50, M|
|poke|p1|Charizard, L50, F|
|poke|p2|Charizard, L50, M, shiny|
|poke|p2|Farigiraf, L50, F|
|poke|p2|Garchomp, L50, M, shiny|
|poke|p2|Sylveon, L50, F|
|poke|p2|Incineroar, L50, M|
|poke|p2|Aerodactyl, L50, M, shiny|
|teampreview|4
|showteam|p1|Whimsicott||FocusSash|Prankster|Protect,Tailwind,Moonblast,Encore|Timid||M|||50|]Basculegion||LifeOrb|Adaptability|Protect,WaveCrash,LastRespects,AquaJet|Adamant||M|||50|]Floette-Eternal||Floettite|FlowerVeil|Protect,HelpingHand,Moonblast,DazzlingGleam|Timid||F|||50|]Garchomp||SitrusBerry|RoughSkin|DragonClaw,Earthquake,PoisonJab,RockSlide|Adamant||M|||50|]Kingambit||ChopleBerry|Defiant|IronHead,KowtowCleave,SuckerPunch,LowKick|Adamant||M|||50|]Charizard||CharizarditeY|Blaze|Protect,HeatWave,WeatherBall,SolarBeam|Modest||F|||50|
|showteam|p2|Charizard||CharizarditeY|Blaze|HeatWave,WeatherBall,SolarBeam,Protect|Modest||M|||50|]Farigiraf||SitrusBerry|ArmorTail|TwinBeam,Thunderbolt,TrickRoom,Protect|Modest||F|||50|]Garchomp||LumBerry|RoughSkin|Earthquake,RockSlide,StompingTantrum,Protect|Adamant||M|||50|]Sylveon||FairyFeather|Pixilate|HyperVoice,HyperBeam,QuickAttack,Protect|Modest||F|||50|]Incineroar||Leftovers|Intimidate|FlareBlitz,ThroatChop,PartingShot,FakeOut|Careful||M|||50|]Aerodactyl||Aerodactylite|Unnerve|RockSlide,DualWingbeat,Tailwind,WideGuard|Jolly||M|||50|
|inactive|Battle timer is ON: inactive players will automatically lose when time's up. (requested by breakstormsamuraix)
|inactive|Yoelsan8 has 60 seconds left.
|inactive|breakstormsamuraix has 60 seconds left.
|inactive|Yoelsan8 has 30 seconds left.
|inactive|Yoelsan8 has 20 seconds left.
|inactive|Yoelsan8 has 15 seconds left.
|inactive|Yoelsan8 has 10 seconds left.
|
|t:|1785853809
|teamsize|p1|4
|teamsize|p2|4
|start
|switch|p1a: Whimsicott|Whimsicott, L50, M|100/100
|switch|p1b: Basculegion|Basculegion, L50, M|100/100
|switch|p2a: Aerodactyl|Aerodactyl, L50, M, shiny|100/100
|switch|p2b: Charizard|Charizard, L50, M, shiny|100/100
|-ability|p2a: Aerodactyl|Unnerve
|turn|1
|inactive|Yoelsan8 has 30 seconds left.
|inactive|breakstormsamuraix has 30 seconds left.
|inactive|Yoelsan8 has 20 seconds left.
|inactive|breakstormsamuraix has 20 seconds left.
|
|t:|1785853846
|detailschange|p2b: Charizard|Charizard-Mega-Y, L50, M, shiny
|-mega|p2b: Charizard|Charizard|Charizardite Y
|-weather|SunnyDay|[from] ability: Drought|[of] p2b: Charizard
|move|p1a: Whimsicott|Protect|p1a: Whimsicott
|-singleturn|p1a: Whimsicott|Protect
|move|p2a: Aerodactyl|Tailwind|p2a: Aerodactyl
|-sidestart|p2: breakstormsamuraix|move: Tailwind
|move|p2b: Charizard|Heat Wave|p1b: Basculegion|[spread] p1b
|-activate|p1a: Whimsicott|move: Protect
|-resisted|p1b: Basculegion|1
|-damage|p1b: Basculegion|61/100
|move|p1b: Basculegion|Wave Crash|p2a: Aerodactyl
|-supereffective|p2a: Aerodactyl|1
|-damage|p2a: Aerodactyl|0 fnt
|faint|p2a: Aerodactyl
|-damage|p1b: Basculegion|34/100|[from] Recoil
|-damage|p1b: Basculegion|25/100|[from] item: Life Orb
|
|-weather|SunnyDay|[upkeep]
|upkeep
|inactive|breakstormsamuraix has 30 seconds left.
|inactive|breakstormsamuraix has 20 seconds left.
|inactive|breakstormsamuraix has 15 seconds left.
|
|t:|1785853890
|switch|p2a: Incineroar|Incineroar, L50, M|100/100
|-ability|p2a: Incineroar|Intimidate|boost
|-unboost|p1a: Whimsicott|atk|1
|-unboost|p1b: Basculegion|atk|1
|turn|2
|
|t:|1785853912
|switch|p1a: Garchomp|Garchomp, L50, M|100/100
|move|p1b: Basculegion|Aqua Jet|p2b: Charizard
|-supereffective|p2b: Charizard|1
|-damage|p2b: Charizard|72/100
|-damage|p1b: Basculegion|15/100|[from] item: Life Orb
|move|p2b: Charizard|Heat Wave|p1b: Basculegion|[spread] p1a,p1b
|-resisted|p1a: Garchomp|1
|-resisted|p1b: Basculegion|1
|-damage|p1a: Garchomp|72/100
|-damage|p1b: Basculegion|0 fnt
|faint|p1b: Basculegion
|move|p2a: Incineroar|Parting Shot|p1a: Garchomp
|-unboost|p1a: Garchomp|atk|1
|-unboost|p1a: Garchomp|spa|1
|
|t:|1785853926
|switch|p2a: Sylveon|Sylveon, L50, F|100/100|[from] Parting Shot
|
|-weather|SunnyDay|[upkeep]
|upkeep
|inactive|Yoelsan8 has 30 seconds left.
|inactive|Yoelsan8 has 20 seconds left.
|inactive|Yoelsan8 has 15 seconds left.
|
|t:|1785853971
|switch|p1b: Floette|Floette-Eternal, L50, F|100/100
|turn|3
|
|t:|1785853990
|detailschange|p1b: Floette|Floette-Mega, L50, F
|-mega|p1b: Floette|Floette|Floettite
|-ability|p1b: Floette|Fairy Aura
|move|p1b: Floette|Protect|p1b: Floette
|-singleturn|p1b: Floette|Protect
|move|p2b: Charizard|Heat Wave|p1a: Garchomp|[spread] p1a
|-activate|p1b: Floette|move: Protect
|-resisted|p1a: Garchomp|1
|-damage|p1a: Garchomp|41/100
|-enditem|p1a: Garchomp|Sitrus Berry|[eat]
|-heal|p1a: Garchomp|65/100|[from] item: Sitrus Berry
|move|p2a: Sylveon|Hyper Voice|p1b: Floette|[spread] p1a
|-activate|p1b: Floette|move: Protect
|-supereffective|p1a: Garchomp|1
|-damage|p1a: Garchomp|0 fnt
|faint|p1a: Garchomp
|
|-weather|SunnyDay|[upkeep]
|upkeep
|
|t:|1785854005
|switch|p1a: Whimsicott|Whimsicott, L50, M|100/100
|turn|4
|inactive|Yoelsan8 has 30 seconds left.
|inactive|Yoelsan8 has 20 seconds left.
|inactive|Yoelsan8 has 15 seconds left.
|
|t:|1785854048
|move|p1a: Whimsicott|Tailwind|p1a: Whimsicott
|-sidestart|p1: Yoelsan8|move: Tailwind
|move|p1b: Floette|Moonblast|p2b: Charizard
|-resisted|p2b: Charizard|1
|-damage|p2b: Charizard|40/100
|move|p2b: Charizard|Weather Ball|p1b: Floette
|-damage|p1b: Floette|27/100
|move|p2a: Sylveon|Hyper Voice|p1a: Whimsicott|[spread] p1a,p1b
|-enditem|p1a: Whimsicott|Focus Sash
|-damage|p1a: Whimsicott|1/100
|-damage|p1b: Floette|0 fnt
|faint|p1b: Floette
|
|-weather|SunnyDay|[upkeep]
|-sideend|p2: breakstormsamuraix|move: Tailwind
|upkeep
|turn|5
|
|t:|1785854062
|switch|p2b: Incineroar|Incineroar, L50, M|100/100
|-ability|p2b: Incineroar|Intimidate|boost
|-unboost|p1a: Whimsicott|atk|1
|move|p2a: Sylveon|Quick Attack|p1a: Whimsicott
|-damage|p1a: Whimsicott|0 fnt
|faint|p1a: Whimsicott
|
|win|breakstormsamuraix
||breakstormsamuraix is ready for game 2.
||Yoelsan8 is ready for game 2.
|uhtml|next|Next: Game 2 of 3
