|j|☆Leafeon Enjoyer
|j|☆gamma_90
|html|Leafeon Enjoyergamma_90    
|uhtml|bestof|Game 2 of a best-of-3
|t:|1783031265
|gametype|doubles
|player|p1|Leafeon Enjoyer|shauntal|1271
|player|p2|gamma_90|2|1220
|gen|9
|tier|[Gen 9 Champions] VGC 2026 Reg M-B (Bo3)
|rated|
|rule|Species Clause: Limit one of each Pokémon
|rule|Item Clause: Limit 1 of each item
|clearpoke
|poke|p1|Charizard, L50, F|
|poke|p1|Aerodactyl, L50, F, shiny|
|poke|p1|Kingambit, L50, F|
|poke|p1|Farigiraf, L50, F|
|poke|p1|Sylveon, L50, F, shiny|
|poke|p1|Garchomp, L50, F|
|poke|p2|Annihilape, L50, M|
|poke|p2|Incineroar, L50, F|
|poke|p2|Maushold-Four, L50|
|poke|p2|Froslass, L50, F|
|poke|p2|Gholdengo, L50|
|poke|p2|Aerodactyl, L50, F|
|teampreview|4
|showteam|p1|Charizard||CharizarditeY|Blaze|HeatWave,WeatherBall,SolarBeam,Protect|Modest||F|||50|]Aerodactyl||Aerodactylite|Unnerve|RockSlide,IceFang,DualWingbeat,Tailwind|Jolly||F|||50|]Kingambit||FocusSash|Defiant|KowtowCleave,SuckerPunch,IronHead,LowKick|Adamant||F|||50|]Farigiraf||SitrusBerry|ArmorTail|Psychic,TrickRoom,Thunderbolt,Protect|Bold||F|||50|]Sylveon||FairyFeather|Pixilate|HyperVoice,HyperBeam,QuickAttack,Detect|Modest||F|||50|]Garchomp||LifeOrb|RoughSkin|Earthquake,DragonClaw,StompingTantrum,Protect|Jolly||F|||50|
|showteam|p2|Annihilape||Leftovers|Defiant|DrainPunch,RageFist,BulkUp,Protect|Adamant||M|||50|]Incineroar||PasshoBerry|Intimidate|PartingShot,DarkestLariat,WillOWisp,FakeOut|Careful||F|||50|]Maushold-Four||SitrusBerry|FriendGuard|BeatUp,FollowMe,Taunt,Protect|Timid|||||50|]Froslass||Froslassite|SnowCloak|Blizzard,ShadowBall,AuroraVeil,Protect|Timid||F|||50|]Gholdengo||ChoiceScarf|GoodasGold|MakeItRain,ShadowBall,FlashCannon,PowerGem|Timid|||||50|]Aerodactyl||Aerodactylite|RockHead|RockSlide,Tailwind,IceFang,Protect|Jolly||F|||50|
|inactive|Battle timer is ON: inactive players will automatically lose when time's up. (requested by Leafeon Enjoyer)
|
|t:|1783031274
|teamsize|p1|4
|teamsize|p2|4
|start
|switch|p1a: astroemeria|Farigiraf, L50, F|100/100
|switch|p1b: true|Garchomp, L50, F|100/100
|switch|p2a: Annihilape|Annihilape, L50, M|100/100
|switch|p2b: Maushold|Maushold-Four, L50|100/100
|turn|1
|
|t:|1783031294
|move|p2b: Maushold|Follow Me|p2b: Maushold
|-singleturn|p2b: Maushold|move: Follow Me
|move|p1b: true|Earthquake|p2a: Annihilape|[spread] p1a,p2a,p2b
|-crit|p2a: Annihilape
|-damage|p1a: astroemeria|62/100
|-damage|p2a: Annihilape|45/100
|-damage|p2b: Maushold|33/100
|-enditem|p2b: Maushold|Sitrus Berry|[eat]
|-heal|p2b: Maushold|58/100|[from] item: Sitrus Berry
|-damage|p1b: true|90/100|[from] item: Life Orb
|move|p2a: Annihilape|Bulk Up|p2a: Annihilape
|-boost|p2a: Annihilape|atk|1
|-boost|p2a: Annihilape|def|1
|move|p1a: astroemeria|Psychic|p2b: Maushold
|-damage|p2b: Maushold|12/100
|
|-heal|p2a: Annihilape|51/100|[from] item: Leftovers
|upkeep
|turn|2
|inactive|gamma_90 has 30 seconds left.
|inactive|gamma_90 has 20 seconds left.
|
|t:|1783031333
|move|p2b: Maushold|Follow Me|p2b: Maushold
|-singleturn|p2b: Maushold|move: Follow Me
|move|p1b: true|Dragon Claw|p2b: Maushold
|-damage|p2b: Maushold|0 fnt
|faint|p2b: Maushold
|-damage|p1b: true|80/100|[from] item: Life Orb
|move|p2a: Annihilape|Drain Punch|p1a: astroemeria
|-damage|p1a: astroemeria|19/100
|-heal|p2a: Annihilape|73/100|[from] drain|[of] p1a: astroemeria
|-enditem|p1a: astroemeria|Sitrus Berry|[eat]
|-heal|p1a: astroemeria|44/100|[from] item: Sitrus Berry
|move|p1a: astroemeria|Trick Room|p1a: astroemeria
|-fieldstart|move: Trick Room|[of] p1a: astroemeria
|
|-heal|p2a: Annihilape|80/100|[from] item: Leftovers
|upkeep
|
|t:|1783031338
|switch|p2b: Incineroar|Incineroar, L50, F|100/100
|-ability|p2b: Incineroar|Intimidate|boost
|-unboost|p1a: astroemeria|atk|1
|-unboost|p1b: true|atk|1
|turn|3
|
|t:|1783031359
|move|p1a: astroemeria|Protect|p1a: astroemeria
|-singleturn|p1a: astroemeria|Protect
|move|p2b: Incineroar|Parting Shot|p1b: true
|-unboost|p1b: true|atk|1
|-unboost|p1b: true|spa|1
|
|t:|1783031364
|switch|p2b: Aerodactyl|Aerodactyl, L50, F|100/100|[from] Parting Shot
|move|p2a: Annihilape|Drain Punch|p1a: astroemeria
|-activate|p1a: astroemeria|move: Protect
|move|p1b: true|Stomping Tantrum|p2b: Aerodactyl
|-immune|p2b: Aerodactyl
|
|-heal|p2a: Annihilape|86/100|[from] item: Leftovers
|upkeep
|turn|4
|
|t:|1783031377
|switch|p1b: mizuiro|Sylveon, L50, F, shiny|100/100
|switch|p2b: Incineroar|Incineroar, L50, F|100/100
|-ability|p2b: Incineroar|Intimidate|boost
|-unboost|p1a: astroemeria|atk|1
|-unboost|p1b: mizuiro|atk|1
|move|p1a: astroemeria|Psychic|p2a: Annihilape
|-supereffective|p2a: Annihilape|1
|-damage|p2a: Annihilape|30/100
|move|p2a: Annihilape|Rage Fist|p1b: mizuiro
|-damage|p1b: mizuiro|0 fnt
|faint|p1b: mizuiro
|
|-heal|p2a: Annihilape|36/100|[from] item: Leftovers
|upkeep
|
|t:|1783031388
|switch|p1b: Blossom|Charizard, L50, F|100/100
|turn|5
|inactive|Leafeon Enjoyer has 30 seconds left.
|
|t:|1783031415
|detailschange|p1b: Blossom|Charizard-Mega-Y, L50, F
|-mega|p1b: Blossom|Charizard|Charizardite Y
|-weather|SunnyDay|[from] ability: Drought|[of] p1b: Blossom
|move|p2a: Annihilape|Protect|p2a: Annihilape
|-singleturn|p2a: Annihilape|Protect
|move|p1a: astroemeria|Psychic|p2a: Annihilape
|-activate|p2a: Annihilape|move: Protect
|move|p2b: Incineroar|Darkest Lariat|p1a: astroemeria
|-supereffective|p1a: astroemeria|1
|-damage|p1a: astroemeria|0 fnt
|faint|p1a: astroemeria
|move|p1b: Blossom|Solar Beam||[still]
|-prepare|p1b: Blossom|Solar Beam
|-anim|p1b: Blossom|Solar Beam|p2b: Incineroar
|-resisted|p2b: Incineroar|1
|-damage|p2b: Incineroar|81/100
|
|-weather|SunnyDay|[upkeep]
|-heal|p2a: Annihilape|42/100|[from] item: Leftovers
|upkeep
|
|t:|1783031423
|switch|p1a: true|Garchomp, L50, F|80/100
|turn|6
|inactive|gamma_90 has 30 seconds left.
|inactive|gamma_90 has 20 seconds left.
|
|t:|1783031461
|move|p2b: Incineroar|Parting Shot|p1b: Blossom
|-unboost|p1b: Blossom|atk|1
|-unboost|p1b: Blossom|spa|1
|
|t:|1783031464
|switch|p2b: Aerodactyl|Aerodactyl, L50, F|100/100|[from] Parting Shot
|move|p2a: Annihilape|Drain Punch|p1a: true
|-damage|p1a: true|22/100
|-heal|p2a: Annihilape|67/100|[from] drain|[of] p1a: true
|-damage|p2a: Annihilape|55/100|[from] ability: Rough Skin|[of] p1a: true
|move|p1b: Blossom|Weather Ball|p2a: Annihilape
|-damage|p2a: Annihilape|6/100
|move|p1a: true|Dragon Claw|p2a: Annihilape
|-damage|p2a: Annihilape|0 fnt
|faint|p2a: Annihilape
|-damage|p1a: true|12/100|[from] item: Life Orb
|
|-weather|SunnyDay|[upkeep]
|-fieldend|move: Trick Room
|upkeep
|
|t:|1783031466
|switch|p2a: Incineroar|Incineroar, L50, F|81/100
|-ability|p2a: Incineroar|Intimidate|boost
|-unboost|p1a: true|atk|1
|-unboost|p1b: Blossom|atk|1
|turn|7
|-message|Leafeon Enjoyer forfeited.
|
|win|gamma_90
|l|☆Leafeon Enjoyer
|player|p1|
||Leafeon Enjoyer is ready for game 3.
||gamma_90 is ready for game 3.
|uhtml|next|Next: Game 3 of 3
