|j|☆Rockslap
|j|☆louffytarau
|html|Rockslaplouffytarau    
|uhtml|bestof|Game 1 of a best-of-3
|t:|1756357309
|gametype|doubles
|player|p1|Rockslap|hiker-gen4|1194
|player|p2|louffytarau|2|1171
|gen|9
|tier|[Gen 9] VGC 2025 Reg H (Bo3)
|rated|
|rule|Species Clause: Limit one of each Pokémon
|rule|Item Clause: Limit 1 of each item
|clearpoke
|poke|p1|Kommo-o, L50, M|
|poke|p1|Golduck, L50, F|
|poke|p1|Incineroar, L50, F|
|poke|p1|Rillaboom, L50, F|
|poke|p1|Volcarona, L50, F|
|poke|p1|Amoonguss, L50, M|
|poke|p2|Incineroar, L50, M|
|poke|p2|Gholdengo, L50|
|poke|p2|Amoonguss, L50, F|
|poke|p2|Hydreigon, L50, F|
|poke|p2|Porygon2, L50|
|poke|p2|Ursaluna, L50, F|
|teampreview|4
|showteam|p1|Kommo-o||ThroatSpray|Soundproof|ClangingScales,FlashCannon,ClangorousSoul,Protect|||M|||50|,,,,,Steel]Golduck||CovertCloak|CloudNine|Encore,IcyWind,Taunt,SimpleBeam|||F|||50|,,,,,Ghost]Incineroar||SafetyGoggles|Intimidate|FakeOut,KnockOff,PartingShot,FlareBlitz|||F|||50|,,,,,Bug]Rillaboom||AssaultVest|GrassySurge|FakeOut,WoodHammer,GrassyGlide,HighHorsepower|||F|||50|,,,,,Water]Volcarona||SitrusBerry|FlameBody|QuiverDance,HeatWave,GigaDrain,Protect|||F|||50|,,,,,Grass]Amoonguss||RockyHelmet|Regenerator|PollenPuff,RagePowder,ClearSmog,Spore|||M|||50|,,,,,Water
|showteam|p2|Incineroar||SitrusBerry|Intimidate|KnockOff,FakeOut,FlareBlitz,PartingShot|||M|||50|,,,,,Ghost]Gholdengo||MetalCoat|GoodasGold|Protect,NastyPlot,MakeItRain,ShadowBall||||||50|,,,,,Water]Amoonguss||RockyHelmet|Regenerator|Spore,RagePowder,PollenPuff,Protect|||F|||50|,,,,,Fairy]Hydreigon||SafetyGoggles|Levitate|DracoMeteor,Snarl,Tailwind,Protect|||F|||50|,,,,,Ghost]Porygon2||Eviolite|Download|Recover,IceBeam,TeraBlast,TrickRoom||||||50|,,,,,Fighting]Ursaluna||FlameOrb|Guts|Earthquake,Facade,HeadlongRush,Protect|||F|||50|,,,,,Ghost
|
|t:|1756357368
|teamsize|p1|4
|teamsize|p2|4
|start
|switch|p1a: Golduck|Golduck, L50, F|100/100
|switch|p1b: Volcarona|Volcarona, L50, F|100/100
|switch|p2a: Hydreigon|Hydreigon, L50, F|100/100
|switch|p2b: Incineroar|Incineroar, L50, M, shiny|100/100
|-ability|p1a: Golduck|Cloud Nine
|-ability|p2b: Incineroar|Intimidate|boost
|-unboost|p1a: Golduck|atk|1
|-unboost|p1b: Volcarona|atk|1
|turn|1
|
|t:|1756357397
|move|p1b: Volcarona|Protect|p1b: Volcarona
|-singleturn|p1b: Volcarona|Protect
|move|p2b: Incineroar|Fake Out|p1b: Volcarona
|-activate|p1b: Volcarona|move: Protect
|move|p2a: Hydreigon|Snarl|p1a: Golduck|[spread] p1a
|-activate|p1b: Volcarona|move: Protect
|-damage|p1a: Golduck|79/100
|move|p1a: Golduck|Encore|p2a: Hydreigon
|-start|p2a: Hydreigon|Encore
|
|upkeep
|turn|2
|
|t:|1756357414
|switch|p1b: Kommo-o|Kommo-o, L50, M, shiny|100/100
|move|p2a: Hydreigon|Snarl|p1a: Golduck|[spread] p1a
|-immune|p1b: Kommo-o|[from] ability: Soundproof
|-damage|p1a: Golduck|56/100
|move|p1a: Golduck|Encore|p2b: Incineroar
|-start|p2b: Incineroar|Encore
|move|p2b: Incineroar|Fake Out||[still]
|-hint|Fake Out only works on your first turn out.
|-fail|p2b: Incineroar
|
|upkeep
|turn|3
|
|t:|1756357434
|switch|p2a: Gholdengo|Gholdengo, L50|100/100
|switch|p2b: Ursaluna|Ursaluna, L50, F|100/100
|move|p1a: Golduck|Simple Beam|p1b: Kommo-o
|-ability|p1b: Kommo-o|Simple|Soundproof|[from] move: Simple Beam
|move|p1b: Kommo-o|Clangorous Soul|p1b: Kommo-o
|-boost|p1b: Kommo-o|atk|2
|-boost|p1b: Kommo-o|def|2
|-boost|p1b: Kommo-o|spa|2
|-boost|p1b: Kommo-o|spd|2
|-boost|p1b: Kommo-o|spe|2
|-damage|p1b: Kommo-o|68/100
|-enditem|p1b: Kommo-o|Throat Spray
|-boost|p1b: Kommo-o|spa|2|[from] item: Throat Spray
|
|-status|p2b: Ursaluna|brn|[from] item: Flame Orb
|upkeep
|turn|4
|
|t:|1756357461
|switch|p2b: Incineroar|Incineroar, L50, M, shiny|100/100
|-ability|p2b: Incineroar|Intimidate|boost
|-unboost|p1a: Golduck|atk|1
|-unboost|p1b: Kommo-o|atk|2
|-terastallize|p1b: Kommo-o|Steel
|move|p1b: Kommo-o|Clanging Scales|p2a: Gholdengo|[spread] p2a,p2b
|-resisted|p2a: Gholdengo
|-damage|p2a: Gholdengo|47/100
|-damage|p2b: Incineroar|12/100
|-enditem|p2b: Incineroar|Sitrus Berry|[eat]
|-heal|p2b: Incineroar|37/100|[from] item: Sitrus Berry
|-unboost|p1b: Kommo-o|def|2
|move|p1a: Golduck|Icy Wind|p2b: Incineroar|[spread] p2a,p2b
|-resisted|p2a: Gholdengo
|-resisted|p2b: Incineroar
|-damage|p2a: Gholdengo|42/100
|-damage|p2b: Incineroar|33/100
|-unboost|p2a: Gholdengo|spe|1
|-unboost|p2b: Incineroar|spe|1
|move|p2a: Gholdengo|Nasty Plot|p2a: Gholdengo
|-boost|p2a: Gholdengo|spa|2
|
|upkeep
|turn|5
|
|t:|1756357512
|switch|p1a: Incineroar|Incineroar, L50, F|100/100
|-ability|p1a: Incineroar|Intimidate|boost
|-unboost|p2a: Gholdengo|atk|1
|-unboost|p2b: Incineroar|atk|1
|move|p1b: Kommo-o|Protect|p1b: Kommo-o
|-singleturn|p1b: Kommo-o|Protect
|move|p2b: Incineroar|Fake Out|p1b: Kommo-o
|-activate|p1b: Kommo-o|move: Protect
|move|p2a: Gholdengo|Shadow Ball|p1a: Incineroar
|-resisted|p1a: Incineroar
|-damage|p1a: Incineroar|66/100
|
|upkeep
|turn|6
|
|t:|1756357538
|move|p2a: Gholdengo|Protect|p2a: Gholdengo
|-singleturn|p2a: Gholdengo|Protect
|move|p1b: Kommo-o|Clanging Scales|p2b: Incineroar|[spread] p2b
|-activate|p2a: Gholdengo|move: Protect
|-damage|p2b: Incineroar|0 fnt
|faint|p2b: Incineroar
|-unboost|p1b: Kommo-o|def|2
|move|p1a: Incineroar|Knock Off|p2a: Gholdengo
|-activate|p2a: Gholdengo|move: Protect
|
|upkeep
|
|t:|1756357552
|switch|p2b: Ursaluna|Ursaluna, L50, F|100/100 brn
|turn|7
|
|t:|1756357584
|-terastallize|p2a: Gholdengo|Water
|move|p2b: Ursaluna|Protect|p2b: Ursaluna
|-singleturn|p2b: Ursaluna|Protect
|move|p1b: Kommo-o|Clanging Scales|p2a: Gholdengo|[spread] p2a
|-activate|p2b: Ursaluna|move: Protect
|-damage|p2a: Gholdengo|0 fnt
|faint|p2a: Gholdengo
|-unboost|p1b: Kommo-o|def|2
|move|p1a: Incineroar|Flare Blitz|p2b: Ursaluna
|-activate|p2b: Ursaluna|move: Protect
|
|-damage|p2b: Ursaluna|94/100 brn|[from] brn
|upkeep
|-message|louffytarau forfeited.
|
|win|Rockslap
||Rockslap is ready for game 2.
|inactive|louffytarau has 30 seconds to confirm battle start!
||louffytarau is ready for game 2.
|uhtml|next|Next: Game 2 of 3
