|j|☆Truevillany123
|j|☆FilthyJonhy
|html|Truevillany123FilthyJonhy    
|uhtml|bestof|Game 2 of a best-of-3
|t:|1756913944
|gametype|doubles
|player|p1|Truevillany123|steven|1031
|player|p2|FilthyJonhy|birdkeeper|1071
|gen|9
|tier|[Gen 9] VGC 2025 Reg H (Bo3)
|rated|
|rule|Species Clause: Limit one of each Pokémon
|rule|Item Clause: Limit 1 of each item
|clearpoke
|poke|p1|Ursaluna-Bloodmoon, L50, M|
|poke|p1|Gholdengo, L50|
|poke|p1|Dragonite, L50, F|
|poke|p1|Sneasler, L50, F|
|poke|p1|Incineroar, L50, M|
|poke|p1|Amoonguss, L50, F|
|poke|p2|Primarina, L50, F|
|poke|p2|Farigiraf, L50, M|
|poke|p2|Pelipper, L50, F|
|poke|p2|Rillaboom, L50, M|
|poke|p2|Dragapult, L50, F|
|poke|p2|Archaludon, L50, M|
|teampreview|4
|showteam|p1|Ursaluna-Bloodmoon||AssaultVest|MindsEye|BloodMoon,EarthPower,VacuumWave,HyperVoice|||M|||50|,,,,,Water]Gholdengo||LifeOrb|GoodasGold|Protect,MakeItRain,ShadowBall,NastyPlot||||||50|,,,,,Water]Dragonite||LoadedDice|Multiscale|ScaleShot,Tailwind,Haze,Protect|||F|||50|,,,,,Fairy]Sneasler||FocusSash|Unburden|Protect,DireClaw,CloseCombat,ThroatChop|||F|||50|,,,,,Stellar]Incineroar||SafetyGoggles|Intimidate|KnockOff,PartingShot,FlareBlitz,FakeOut|||M|||50|,,,,,Ghost]Amoonguss||SitrusBerry|Regenerator|RagePowder,Spore,PollenPuff,Protect|||F|||50|,,,,,Psychic
|showteam|p2|Primarina||ThroatSpray|LiquidVoice|HyperVoice,Moonblast,Haze,Protect|||F|||50|,,,,,Poison]Farigiraf||SafetyGoggles|ArmorTail|HelpingHand,Protect,PsychicNoise,TrickRoom|||M|||50|,,,,,Fairy]Pelipper||FocusSash|Drizzle|Tailwind,Hurricane,WideGuard,Uturn|||F|||50|,,,,,Grass]Rillaboom||BlackBelt|GrassySurge|FakeOut,GrassyGlide,Uturn,KnockOff|||M|||50|,,,,,Fire]Dragapult||LifeOrb|ClearBody|Uturn,DragonDarts,SuckerPunch,TeraBlast|||F|||50|,,,,,Ghost]Archaludon||AssaultVest|Stamina|BodyPress,ElectroShot,DarkPulse,DragonPulse|||M|||50|,,,,,Grass
|c|☆Truevillany123|Gg u won
|
|t:|1756913975
|teamsize|p1|4
|teamsize|p2|4
|start
|switch|p1a: Dragonite|Dragonite, L50, F|100/100
|switch|p1b: Sneasler|Sneasler, L50, F|100/100
|switch|p2a: Archaludon|Archaludon, L50, M|100/100
|switch|p2b: Rillaboom|Rillaboom, L50, M, shiny|100/100
|-fieldstart|move: Grassy Terrain|[from] ability: Grassy Surge|[of] p2b: Rillaboom
|turn|1
|inactive|Battle timer is ON: inactive players will automatically lose when time's up. (requested by Truevillany123)
|
|t:|1756914015
|move|p1b: Sneasler|Protect|p1b: Sneasler
|-singleturn|p1b: Sneasler|Protect
|move|p1a: Dragonite|Protect|p1a: Dragonite
|-singleturn|p1a: Dragonite|Protect
|move|p2b: Rillaboom|Fake Out|p1b: Sneasler
|-activate|p1b: Sneasler|move: Protect
|move|p2a: Archaludon|Electro Shot||[still]
|-prepare|p2a: Archaludon|Electro Shot
|-boost|p2a: Archaludon|spa|1
|
|upkeep
|turn|2
|
|t:|1756914031
|-terastallize|p1b: Sneasler|Stellar
|move|p1b: Sneasler|Dire Claw|p2b: Rillaboom
|-supereffective|p2b: Rillaboom
|-damage|p2b: Rillaboom|0 fnt
|faint|p2b: Rillaboom
|move|p1a: Dragonite|Haze|p1a: Dragonite
|-clearallboost
|move|p2a: Archaludon|Electro Shot|p1a: Dragonite|[from] lockedmove
|-damage|p1a: Dragonite|78/100
|
|upkeep
|
|t:|1756914042
|switch|p2b: Dragapult|Dragapult, L50, F|100/100
|turn|3
|inactive|FilthyJonhy has 30 seconds left.
|
|t:|1756914076
|move|p2b: Dragapult|Dragon Darts|p1b: Sneasler
|-damage|p1b: Sneasler|40/100
|-anim|p2b: Dragapult|Dragon Darts|p1a: Dragonite
|-supereffective|p1a: Dragonite
|-damage|p1a: Dragonite|2/100
|-damage|p2b: Dragapult|91/100|[from] item: Life Orb
|move|p1b: Sneasler|Throat Chop|p2b: Dragapult
|-supereffective|p2b: Dragapult
|-damage|p2b: Dragapult|7/100
|-start|p2b: Dragapult|Throat Chop|[silent]
|move|p1a: Dragonite|Tailwind|p1a: Dragonite
|-sidestart|p1: Truevillany123|move: Tailwind
|move|p2a: Archaludon|Dragon Pulse|p1a: Dragonite
|-supereffective|p1a: Dragonite
|-damage|p1a: Dragonite|0 fnt
|faint|p1a: Dragonite
|
|-heal|p1b: Sneasler|46/100|[from] Grassy Terrain
|-heal|p2b: Dragapult|13/100|[from] Grassy Terrain
|upkeep
|
|t:|1756914086
|switch|p1a: Incineroar|Incineroar, L50, M|100/100
|-ability|p1a: Incineroar|Intimidate|boost
|-unboost|p2a: Archaludon|atk|1
|-fail|p2b: Dragapult|unboost|[from] ability: Clear Body|[of] p2b: Dragapult
|turn|4
|
|t:|1756914108
|move|p1b: Sneasler|Protect|p1b: Sneasler
|-singleturn|p1b: Sneasler|Protect
|move|p2b: Dragapult|Sucker Punch||[still]
|-fail|p2b: Dragapult
|move|p1a: Incineroar|Knock Off|p2b: Dragapult
|-supereffective|p2b: Dragapult
|-damage|p2b: Dragapult|0 fnt
|-enditem|p2b: Dragapult|Life Orb|[from] move: Knock Off|[of] p1a: Incineroar
|faint|p2b: Dragapult
|move|p2a: Archaludon|Body Press|p1a: Incineroar
|-supereffective|p1a: Incineroar
|-damage|p1a: Incineroar|56/100
|
|-heal|p1b: Sneasler|51/100|[from] Grassy Terrain
|-heal|p1a: Incineroar|62/100|[from] Grassy Terrain
|upkeep
|
|t:|1756914120
|switch|p2b: Pelipper|Pelipper, L50, F|100/100
|-weather|RainDance|[from] ability: Drizzle|[of] p2b: Pelipper
|turn|5
|
|t:|1756914140
|move|p1b: Sneasler|Dire Claw|p2b: Pelipper
|-damage|p2b: Pelipper|45/100
|-status|p2b: Pelipper|par
|move|p1a: Incineroar|Knock Off|p2b: Pelipper
|-damage|p2b: Pelipper|0 fnt
|-enditem|p2b: Pelipper|Focus Sash|[from] move: Knock Off|[of] p1a: Incineroar
|faint|p2b: Pelipper
|move|p2a: Archaludon|Electro Shot||[still]
|-prepare|p2a: Archaludon|Electro Shot
|-boost|p2a: Archaludon|spa|1
|-anim|p2a: Archaludon|Electro Shot|p1b: Sneasler
|-damage|p1b: Sneasler|0 fnt
|faint|p1b: Sneasler
|
|-weather|RainDance|[upkeep]
|-heal|p1a: Incineroar|68/100|[from] Grassy Terrain
|-fieldend|move: Grassy Terrain
|upkeep
|
|t:|1756914144
|switch|p1b: Amoonguss|Amoonguss, L50, F|100/100
|turn|6
|c|☆Truevillany123|Gg FUCK
|c|☆Truevillany123|OVER FUCKING OREDICKED
|
|t:|1756914170
|-terastallize|p2a: Archaludon|Grass
|move|p1a: Incineroar|Flare Blitz|p1b: Amoonguss
|-supereffective|p1b: Amoonguss
|-crit|p1b: Amoonguss
|-damage|p1b: Amoonguss|40/100
|-enditem|p1b: Amoonguss|Sitrus Berry|[eat]
|-heal|p1b: Amoonguss|65/100|[from] item: Sitrus Berry
|-damage|p1a: Incineroar|46/100|[from] Recoil
|move|p2a: Archaludon|Body Press|p1a: Incineroar
|-supereffective|p1a: Incineroar
|-damage|p1a: Incineroar|1/100
|move|p1b: Amoonguss|Spore|p1a: Incineroar
|-activate|p1a: Incineroar|item: Safety Goggles|Spore
|
|-weather|RainDance|[upkeep]
|-sideend|p1: Truevillany123|move: Tailwind
|upkeep
|turn|7
|c|☆Truevillany123|Now it happens
|c|☆Truevillany123|Gg
|
|t:|1756914193
|move|p2a: Archaludon|Body Press|p1a: Incineroar
|-supereffective|p1a: Incineroar
|-damage|p1a: Incineroar|0 fnt
|faint|p1a: Incineroar
|move|p1b: Amoonguss|Spore|p1: Incineroar|[notarget]
|-fail|p1b: Amoonguss
|
|-weather|RainDance|[upkeep]
|upkeep
|turn|8
|
|t:|1756914203
|move|p2a: Archaludon|Body Press|p1b: Amoonguss
|-resisted|p1b: Amoonguss
|-damage|p1b: Amoonguss|55/100
|move|p1b: Amoonguss|Spore|p1: Incineroar|[notarget]
|-fail|p1b: Amoonguss
|
|-weather|RainDance|[upkeep]
|upkeep
|turn|9
|c|☆Truevillany123|Fuck man
|
|t:|1756914214
|move|p2a: Archaludon|Body Press|p1b: Amoonguss
|-resisted|p1b: Amoonguss
|-damage|p1b: Amoonguss|46/100
|move|p1b: Amoonguss|Spore|p1: Incineroar|[notarget]
|-fail|p1b: Amoonguss
|
|-weather|none
|upkeep
|turn|10
|c|☆Truevillany123|Alright
|
|t:|1756914230
|move|p2a: Archaludon|Body Press|p1b: Amoonguss
|-resisted|p1b: Amoonguss
|-damage|p1b: Amoonguss|37/100
|move|p1b: Amoonguss|Spore|p1: Incineroar|[notarget]
|-fail|p1b: Amoonguss
|
|upkeep
|turn|11
|c|☆Truevillany123|Really
|
|t:|1756914246
|move|p2a: Archaludon|Body Press|p1b: Amoonguss
|-resisted|p1b: Amoonguss
|-damage|p1b: Amoonguss|28/100
|move|p1b: Amoonguss|Pollen Puff|p2a: Archaludon
|-supereffective|p2a: Archaludon
|-crit|p2a: Archaludon
|-damage|p2a: Archaludon|63/100
|-ability|p2a: Archaludon|Stamina|boost
|-boost|p2a: Archaludon|def|1
|
|upkeep
|turn|12
|
|t:|1756914256
|move|p2a: Archaludon|Body Press|p1b: Amoonguss
|-resisted|p1b: Amoonguss
|-damage|p1b: Amoonguss|13/100
|move|p1b: Amoonguss|Spore|p1: Incineroar|[notarget]
|-fail|p1b: Amoonguss
|
|upkeep
|turn|13
|c|☆Truevillany123|Gg wp
|
|t:|1756914267
|move|p1b: Amoonguss|Rage Powder|p1b: Amoonguss
|-singleturn|p1b: Amoonguss|move: Rage Powder
|move|p2a: Archaludon|Body Press|p1b: Amoonguss
|-resisted|p1b: Amoonguss
|-crit|p1b: Amoonguss
|-damage|p1b: Amoonguss|0 fnt
|faint|p1b: Amoonguss
|
|win|FilthyJonhy
