|j|☆ryanpowneyissoslay
|j|☆Shishio_Ax
|html|ryanpowneyissoslayShishio_Ax    
|uhtml|bestof|Game 1 of a best-of-3
|t:|1757780216
|gametype|doubles
|player|p1|ryanpowneyissoslay|ghetsis|1375
|player|p2|Shishio_Ax|gambler|1450
|gen|9
|tier|[Gen 9] VGC 2025 Reg H (Bo3)
|rated|
|rule|Species Clause: Limit one of each Pokémon
|rule|Item Clause: Limit 1 of each item
|clearpoke
|poke|p1|Porygon2, L50|
|poke|p1|Ursaluna, L50, F|
|poke|p1|Incineroar, L50, F|
|poke|p1|Gholdengo, L50|
|poke|p1|Ribombee, L50, M|
|poke|p1|Annihilape, L50, M|
|poke|p2|Volcarona, L50, M|
|poke|p2|Basculegion, L50, M|
|poke|p2|Sneasler, L50, F|
|poke|p2|Dragonite, L50, M|
|poke|p2|Ursaluna-Bloodmoon, L50, M|
|poke|p2|Whimsicott, L50, F|
|teampreview|4
|showteam|p1|Porygon2||Eviolite|Download|TeraBlast,IceBeam,Recover,TrickRoom||||||50|,,,,,Fighting]Ursaluna||FlameOrb|Guts|Facade,HeadlongRush,Earthquake,Protect|||F|||50|,,,,,Ghost]Incineroar||AssaultVest|Intimidate|FlareBlitz,KnockOff,Uturn,FakeOut|||F|||50|,,,,,Water]Gholdengo||LifeOrb|GoodasGold|MakeItRain,ShadowBall,NastyPlot,Protect||||||50|,,,,,Water]Ribombee||FocusSash|ShieldDust|Moonblast,PollenPuff,Tailwind,Protect|||M|||50|,,,,,Flying]Annihilape||SafetyGoggles|Defiant|CloseCombat,RageFist,FinalGambit,Protect|||M|||50|,,,,,Water
|showteam|p2|Volcarona||SitrusBerry|FlameBody|HeatWave,TeraBlast,QuiverDance,Protect|||M|||50|,,,,,Fairy]Basculegion||ChoiceBand|Adaptability|WaveCrash,FlipTurn,AquaJet,LastRespects|||M|||50|,,,,,Water]Sneasler||FocusSash|Unburden|DireClaw,CloseCombat,ThroatChop,Protect|||F|||50|,,,,,Dark]Dragonite||LoadedDice|Multiscale|ScaleShot,ExtremeSpeed,Haze,Protect|||M|||50|,,,,,Steel]Ursaluna-Bloodmoon||LifeOrb|MindsEye|BloodMoon,HyperVoice,EarthPower,Protect|||M|||50|,,,,,Normal]Whimsicott||CovertCloak|Prankster|Moonblast,Tailwind,Encore,Taunt|||F|||50|,,,,,Poison
|inactive|Battle timer is ON: inactive players will automatically lose when time's up. (requested by ryanpowneyissoslay)
|inactive|ryanpowneyissoslay has 60 seconds left.
|inactive|Shishio_Ax has 60 seconds left.
|
|t:|1757780267
|teamsize|p1|4
|teamsize|p2|4
|start
|switch|p1a: Porygon2|Porygon2, L50|100/100
|switch|p1b: Incineroar|Incineroar, L50, F|100/100
|switch|p2a: Shāhmat|Ursaluna-Bloodmoon, L50, M|100/100
|switch|p2b: Mary|Whimsicott, L50, F|100/100
|-ability|p1b: Incineroar|Intimidate|boost
|-unboost|p2a: Shāhmat|atk|1
|-unboost|p2b: Mary|atk|1
|-ability|p1a: Porygon2|Download|boost
|-boost|p1a: Porygon2|spa|1
|turn|1
|inactive|ryanpowneyissoslay has 30 seconds left.
|
|t:|1757780298
|move|p2b: Mary|Taunt|p1a: Porygon2
|-start|p1a: Porygon2|move: Taunt
|move|p2a: Shāhmat|Earth Power|p1b: Incineroar
|-supereffective|p1b: Incineroar
|-damage|p1b: Incineroar|22/100
|-damage|p2a: Shāhmat|91/100|[from] item: Life Orb
|move|p1b: Incineroar|Flare Blitz|p2b: Mary
|-supereffective|p2b: Mary
|-crit|p2b: Mary
|-damage|p2b: Mary|0 fnt
|faint|p2b: Mary
|-damage|p1b: Incineroar|0 fnt|[from] Recoil
|faint|p1b: Incineroar
|move|p1a: Porygon2|Ice Beam|p2a: Shāhmat
|-supereffective|p2a: Shāhmat
|-damage|p2a: Shāhmat|0 fnt
|faint|p2a: Shāhmat
|
|upkeep
|
|t:|1757780319
|switch|p2b: Aqua|Basculegion, L50, M|100/100
|switch|p2a: D'oro|Sneasler, L50, F|100/100
|switch|p1b: Ribombee|Ribombee, L50, M|100/100
|turn|2
|inactive|Shishio_Ax has 30 seconds left.
|
|t:|1757780353
|-terastallize|p2b: Aqua|Water
|move|p1b: Ribombee|Protect|p1b: Ribombee
|-singleturn|p1b: Ribombee|Protect
|move|p2b: Aqua|Aqua Jet|p1b: Ribombee
|-activate|p1b: Ribombee|move: Protect
|move|p2a: D'oro|Close Combat|p1a: Porygon2
|-supereffective|p1a: Porygon2
|-damage|p1a: Porygon2|0 fnt
|-unboost|p2a: D'oro|def|1
|-unboost|p2a: D'oro|spd|1
|faint|p1a: Porygon2
|
|upkeep
|
|t:|1757780357
|switch|p1a: Ursaluna|Ursaluna, L50, F|100/100
|turn|3
|
|t:|1757780365
|move|p1a: Ursaluna|Protect|p1a: Ursaluna
|-singleturn|p1a: Ursaluna|Protect
|move|p2b: Aqua|Aqua Jet|p1b: Ribombee
|-damage|p1b: Ribombee|9/100
|move|p1b: Ribombee|Tailwind|p1b: Ribombee
|-sidestart|p1: ryanpowneyissoslay|move: Tailwind
|move|p2a: D'oro|Dire Claw|p1b: Ribombee
|-supereffective|p1b: Ribombee
|-damage|p1b: Ribombee|0 fnt
|faint|p1b: Ribombee
|
|-status|p1a: Ursaluna|brn|[from] item: Flame Orb
|upkeep
|turn|4
|
|t:|1757780382
|-terastallize|p1a: Ursaluna|Ghost
|move|p2b: Aqua|Aqua Jet|p1a: Ursaluna
|-crit|p1a: Ursaluna
|-damage|p1a: Ursaluna|55/100 brn
|move|p1a: Ursaluna|Facade|p2a: D'oro
|-enditem|p2a: D'oro|Focus Sash
|-damage|p2a: D'oro|1/100
|move|p2a: D'oro|Throat Chop|p1a: Ursaluna
|-supereffective|p1a: Ursaluna
|-damage|p1a: Ursaluna|11/100 brn
|-start|p1a: Ursaluna|Throat Chop|[silent]
|
|-damage|p1a: Ursaluna|5/100 brn|[from] brn
|upkeep
|turn|5
|
|t:|1757780388
|move|p2b: Aqua|Aqua Jet|p1a: Ursaluna
|-damage|p1a: Ursaluna|0 fnt
|faint|p1a: Ursaluna
|
|win|Shishio_Ax
||ryanpowneyissoslay is ready for game 2.
||Shishio_Ax is ready for game 2.
|uhtml|next|Next: Game 2 of 3
