|j|☆pirro9
|j|☆Radlars
|html|pirro9Radlars    
|uhtml|bestof|Game 2 of a best-of-3
|t:|1782647803
|gametype|doubles
|player|p1|pirro9|266|1108
|player|p2|Radlars|102|1140
|gen|9
|tier|[Gen 9 Champions] VGC 2026 Reg M-B (Bo3)
|rated|
|rule|Species Clause: Limit one of each Pokémon
|rule|Item Clause: Limit 1 of each item
|clearpoke
|poke|p1|Blastoise, L50, F|
|poke|p1|Incineroar, L50, M|
|poke|p1|Maushold, L50|
|poke|p1|Sinistcha, L50|
|poke|p1|Delphox, L50, M|
|poke|p1|Hydreigon, L50, M|
|poke|p2|Tyranitar, L50, M|
|poke|p2|Glimmora, L50, F|
|poke|p2|Sinistcha, L50|
|poke|p2|Excadrill, L50, F|
|poke|p2|Rotom-Wash, L50|
|poke|p2|Mamoswine, L50, F|
|teampreview|4
|showteam|p1|Blastoise||Blastoisinite|RainDish|DarkPulse,WaterSpout,Protect,ShellSmash|Modest||F|||50|]Incineroar||SitrusBerry|Intimidate|FlareBlitz,FakeOut,PartingShot,Taunt|Impish||M|||50|]Maushold||FocusSash|FriendGuard|Feint,HelpingHand,FollowMe,Protect|Impish|||||50|]Sinistcha||KasibBerry|Hospitality|TrickRoom,RagePowder,MatchaGotcha,LifeDew|Relaxed|||||50|]Delphox||Delphoxite|Blaze|HeatWave,Psyshock,Protect,NastyPlot|Modest||M|||50|]Hydreigon||ChoiceScarf|Levitate|DarkPulse,DracoMeteor,Snarl,EarthPower|Modest||M|||50|
|showteam|p2|Tyranitar||Tyranitarite|SandStream|KnockOff,DragonDance,RockSlide,Protect|Adamant||M|||50|]Glimmora||Glimmoranite|Corrosion|SludgeBomb,RockPolish,PowerGem,SpikyShield|Modest||F|||50|]Sinistcha||KasibBerry|Hospitality|RagePowder,MatchaGotcha,TrickRoom,Protect|Relaxed|||||50|]Excadrill||FocusSash|SandRush|IronHead,HighHorsepower,RockSlide,Protect|Adamant||F|||50|]Rotom-Wash||Leftovers|Levitate|WillOWisp,Electroweb,LightScreen,VoltSwitch|Bold|||||50|]Mamoswine||LifeOrb|Oblivious|IceShard,IcicleCrash,HighHorsepower,Protect|Adamant||F|||50|
|inactive|Battle timer is ON: inactive players will automatically lose when time's up. (requested by pirro9)
|inactive|Radlars has 60 seconds left.
|
|t:|1782647870
|teamsize|p1|4
|teamsize|p2|4
|start
|switch|p1a: Incineroar|Incineroar, L50, M|100/100
|switch|p1b: Sinistcha|Sinistcha, L50|100/100
|switch|p2a: Sinistcha|Sinistcha, L50|100/100
|switch|p2b: Rotom|Rotom-Wash, L50|100/100
|-ability|p1a: Incineroar|Intimidate|boost
|-unboost|p2a: Sinistcha|atk|1
|-unboost|p2b: Rotom|atk|1
|turn|1
|inactive|Radlars has 30 seconds left.
|
|t:|1782647902
|move|p2b: Rotom|Volt Switch|p1a: Incineroar
|-damage|p1a: Incineroar|75/100
|
|t:|1782647911
|switch|p2b: Tyranitar|Tyranitar, L50, M|100/100|[from] Volt Switch
|-weather|Sandstorm|[from] ability: Sand Stream|[of] p2b: Tyranitar
|move|p1b: Sinistcha|Matcha Gotcha|p2a: Sinistcha|[spread] p2a,p2b
|-resisted|p2a: Sinistcha|1
|-supereffective|p2b: Tyranitar|1
|-damage|p2a: Sinistcha|87/100
|-damage|p2b: Tyranitar|70/100
|move|p1a: Incineroar|Flare Blitz|p2a: Sinistcha
|-supereffective|p2a: Sinistcha|1
|-damage|p2a: Sinistcha|5/100
|-damage|p1a: Incineroar|51/100|[from] Recoil
|move|p2a: Sinistcha|Trick Room|p2a: Sinistcha
|-fieldstart|move: Trick Room|[of] p2a: Sinistcha
|
|-weather|Sandstorm|[upkeep]
|-damage|p1a: Incineroar|46/100|[from] Sandstorm
|-damage|p1b: Sinistcha|93/100|[from] Sandstorm
|-damage|p2a: Sinistcha|0 fnt|[from] Sandstorm
|-enditem|p1a: Incineroar|Sitrus Berry|[eat]
|-heal|p1a: Incineroar|70/100|[from] item: Sitrus Berry
|faint|p2a: Sinistcha
|upkeep
|
|t:|1782647936
|switch|p2a: Rotom|Rotom-Wash, L50|100/100
|turn|2
|inactive|pirro9 has 30 seconds left.
|inactive|Radlars has 30 seconds left.
|
|t:|1782647967
|switch|p1b: Maushold|Maushold, L50|100/100
|move|p1a: Incineroar|Parting Shot|p2a: Rotom
|-unboost|p2a: Rotom|atk|1
|-unboost|p2a: Rotom|spa|1
|
|t:|1782647976
|switch|p1a: Blastoise|Blastoise, L50, F|100/100|[from] Parting Shot
|move|p2a: Rotom|Light Screen|p2a: Rotom
|-sidestart|p2: Radlars|move: Light Screen
|move|p2b: Tyranitar|Rock Slide|p1b: Maushold|[spread] p1b
|-miss|p2b: Tyranitar|p1a: Blastoise
|-damage|p1b: Maushold|70/100
|
|-weather|Sandstorm|[upkeep]
|-damage|p2a: Rotom|94/100|[from] Sandstorm
|-damage|p1a: Blastoise|94/100|[from] Sandstorm
|-damage|p1b: Maushold|64/100|[from] Sandstorm
|-heal|p2a: Rotom|100/100|[from] item: Leftovers
|upkeep
|turn|3
|inactive|pirro9 has 30 seconds left.
|inactive|Radlars has 30 seconds left.
|inactive|Radlars has 20 seconds left.
|
|t:|1782648015
|detailschange|p1a: Blastoise|Blastoise-Mega, L50, F
|-mega|p1a: Blastoise|Blastoise|Blastoisinite
|move|p1b: Maushold|Helping Hand|p1a: Blastoise
|-singleturn|p1a: Blastoise|Helping Hand|[of] p1b: Maushold
|move|p2a: Rotom|Electroweb|p1a: Blastoise|[spread] p1a,p1b
|-supereffective|p1a: Blastoise|1
|-damage|p1a: Blastoise|76/100
|-damage|p1b: Maushold|52/100
|-unboost|p1a: Blastoise|spe|1
|-unboost|p1b: Maushold|spe|1
|move|p1a: Blastoise|Water Spout|p2b: Tyranitar|[spread] p2a,p2b
|-resisted|p2a: Rotom|1
|-crit|p2a: Rotom
|-supereffective|p2b: Tyranitar|1
|-damage|p2a: Rotom|40/100
|-damage|p2b: Tyranitar|7/100
|move|p2b: Tyranitar|Rock Slide|p1a: Blastoise|[spread] p1a,p1b
|-damage|p1a: Blastoise|57/100
|-damage|p1b: Maushold|22/100
|
|-weather|Sandstorm|[upkeep]
|-damage|p1a: Blastoise|51/100|[from] Sandstorm
|-damage|p1b: Maushold|16/100|[from] Sandstorm
|-damage|p2a: Rotom|35/100|[from] Sandstorm
|-heal|p2a: Rotom|40/100|[from] item: Leftovers
|upkeep
|turn|4
|inactive|pirro9 has 30 seconds left.
|inactive|Radlars has 30 seconds left.
|
|t:|1782648047
|move|p1b: Maushold|Helping Hand|p1a: Blastoise
|-singleturn|p1a: Blastoise|Helping Hand|[of] p1b: Maushold
|move|p1a: Blastoise|Dark Pulse|p2a: Rotom
|-damage|p2a: Rotom|0 fnt
|faint|p2a: Rotom
|move|p2b: Tyranitar|Knock Off|p1b: Maushold
|-damage|p1b: Maushold|0 fnt
|-enditem|p1b: Maushold|Focus Sash|[from] move: Knock Off|[of] p2b: Tyranitar
|faint|p1b: Maushold
|
|-weather|Sandstorm|[upkeep]
|-damage|p1a: Blastoise|46/100|[from] Sandstorm
|upkeep
|
|t:|1782648062
|switch|p2a: Glimmora|Glimmora, L50, F|100/100
|switch|p1b: Sinistcha|Sinistcha, L50|93/100
|-heal|p1a: Blastoise|71/100|[from] ability: Hospitality|[of] p1b: Sinistcha
|turn|5
|inactive|Radlars has 30 seconds left.
|
|t:|1782648090
|detailschange|p2a: Glimmora|Glimmora-Mega, L50, F
|-mega|p2a: Glimmora|Glimmora|Glimmoranite
|move|p2b: Tyranitar|Protect|p2b: Tyranitar
|-singleturn|p2b: Tyranitar|Protect
|move|p1b: Sinistcha|Rage Powder|p1b: Sinistcha
|-singleturn|p1b: Sinistcha|move: Rage Powder
|move|p1a: Blastoise|Water Spout|p2a: Glimmora|[spread] p2a
|-activate|p2b: Tyranitar|move: Protect
|-supereffective|p2a: Glimmora|1
|-damage|p2a: Glimmora|55/100
|move|p2a: Glimmora|Rock Polish|p2a: Glimmora
|-boost|p2a: Glimmora|spe|2
|
|-weather|none
|-fieldend|move: Trick Room
|upkeep
|turn|6
|inactive|pirro9 has 30 seconds left.
|inactive|Radlars has 30 seconds left.
|inactive|Radlars has 20 seconds left.
|
|t:|1782648128
|move|p2a: Glimmora|Spiky Shield|p2a: Glimmora
|-singleturn|p2a: Glimmora|move: Protect
|move|p1b: Sinistcha|Rage Powder|p1b: Sinistcha
|-singleturn|p1b: Sinistcha|move: Rage Powder
|move|p2b: Tyranitar|Knock Off|p1b: Sinistcha
|-supereffective|p1b: Sinistcha|1
|-damage|p1b: Sinistcha|12/100
|-enditem|p1b: Sinistcha|Kasib Berry|[from] move: Knock Off|[of] p2b: Tyranitar
|move|p1a: Blastoise|Shell Smash|p1a: Blastoise
|-unboost|p1a: Blastoise|def|1
|-unboost|p1a: Blastoise|spd|1
|-boost|p1a: Blastoise|atk|2
|-boost|p1a: Blastoise|spa|2
|-boost|p1a: Blastoise|spe|2
|
|-sideend|p2: Radlars|move: Light Screen
|upkeep
|turn|7
|inactive|Radlars has 30 seconds left.
|
|t:|1782648153
|switch|p1b: Incineroar|Incineroar, L50, M|70/100
|-ability|p1b: Incineroar|Intimidate|boost
|-unboost|p2a: Glimmora|atk|1
|-unboost|p2b: Tyranitar|atk|1
|move|p1a: Blastoise|Protect|p1a: Blastoise
|-singleturn|p1a: Blastoise|Protect
|move|p2a: Glimmora|Sludge Bomb|p1a: Blastoise
|-activate|p1a: Blastoise|move: Protect
|move|p2b: Tyranitar|Dragon Dance|p2b: Tyranitar
|-boost|p2b: Tyranitar|atk|1
|-boost|p2b: Tyranitar|spe|1
|
|upkeep
|turn|8
|
|t:|1782648172
|move|p2a: Glimmora|Spiky Shield|p2a: Glimmora
|-singleturn|p2a: Glimmora|move: Protect
|move|p2b: Tyranitar|Protect|p2b: Tyranitar
|-singleturn|p2b: Tyranitar|Protect
|move|p1b: Incineroar|Fake Out|p2a: Glimmora
|-activate|p2a: Glimmora|move: Protect
|-damage|p1b: Incineroar|58/100|[from] Spiky Shield|[of] p2a: Glimmora
|move|p1a: Blastoise|Water Spout|p2b: Tyranitar|[spread] 
|-activate|p2a: Glimmora|move: Protect
|-activate|p2b: Tyranitar|move: Protect
|
|upkeep
|turn|9
|inactive|pirro9 has 30 seconds left.
|
|t:|1782648200
|move|p1a: Blastoise|Protect|p1a: Blastoise
|-singleturn|p1a: Blastoise|Protect
|move|p2a: Glimmora|Sludge Bomb|p1b: Incineroar
|-damage|p1b: Incineroar|0 fnt
|faint|p1b: Incineroar
|move|p2b: Tyranitar|Dragon Dance|p2b: Tyranitar
|-boost|p2b: Tyranitar|atk|1
|-boost|p2b: Tyranitar|spe|1
|
|upkeep
|
|t:|1782648211
|switch|p1b: Sinistcha|Sinistcha, L50|12/100
|-heal|p1a: Blastoise|96/100|[from] ability: Hospitality|[of] p1b: Sinistcha
|turn|10
|inactive|Radlars has 30 seconds left.
|inactive|Radlars has 20 seconds left.
|
|t:|1782648249
|move|p2a: Glimmora|Spiky Shield|p2a: Glimmora
|-singleturn|p2a: Glimmora|move: Protect
|move|p1b: Sinistcha|Rage Powder|p1b: Sinistcha
|-singleturn|p1b: Sinistcha|move: Rage Powder
|move|p2b: Tyranitar|Knock Off|p1b: Sinistcha
|-supereffective|p1b: Sinistcha|1
|-damage|p1b: Sinistcha|0 fnt
|faint|p1b: Sinistcha
|move|p1a: Blastoise|Water Spout|p2a: Glimmora|[spread] p2b
|-activate|p2a: Glimmora|move: Protect
|-supereffective|p2b: Tyranitar|1
|-damage|p2b: Tyranitar|0 fnt
|faint|p2b: Tyranitar
|
|upkeep
|turn|11
|
|t:|1782648267
|move|p2a: Glimmora|Sludge Bomb|p1a: Blastoise
|-damage|p1a: Blastoise|0 fnt
|faint|p1a: Blastoise
|
|win|Radlars
|raw|pirro9's rating: 1108 → 1085(-23 for losing)
|raw|Radlars's rating: 1140 → 1163(+23 for winning)
