|j|☆Da Newnew
|j|☆RamonTheKiller
|html|Da NewnewRamonTheKiller    
|uhtml|bestof|Game 1 of a best-of-3
|t:|1756404657
|gametype|doubles
|player|p1|Da Newnew|169|1162
|player|p2|RamonTheKiller|palmer|1072
|gen|9
|tier|[Gen 9] VGC 2025 Reg H (Bo3)
|rated|
|rule|Species Clause: Limit one of each Pokémon
|rule|Item Clause: Limit 1 of each item
|clearpoke
|poke|p1|Tyranitar, L50, F|
|poke|p1|Volcarona, L50, F|
|poke|p1|Houndstone, L50, M|
|poke|p1|Sneasler, L50, F|
|poke|p1|Rillaboom, L50, M|
|poke|p1|Dragonite, L50, F|
|poke|p2|Incineroar, L50, F|
|poke|p2|Amoonguss, L50, M|
|poke|p2|Gholdengo, L50|
|poke|p2|Dragonite, L50, F|
|poke|p2|Sneasler, L50, M|
|poke|p2|Primarina, L50, M|
|teampreview|4
|showteam|p1|Tyranitar||AssaultVest|SandStream|RockSlide,KnockOff,TeraBlast,LowKick|||F|||50|,,,,,Flying]Volcarona||Leftovers|FlameBody|HeatWave,GigaDrain,QuiverDance,Protect|||F|||50|,,,,,Dragon]Houndstone||ClearAmulet|SandRush|Protect,LastRespects,PsychicFangs,Poltergeist|||M|||50|,,,,,Ghost]Sneasler||GrassySeed|Unburden|Protect,DireClaw,CloseCombat,Coaching|||F|||50|,,,,,Stellar]Rillaboom||MiracleSeed|GrassySurge|FakeOut,GrassyGlide,WoodHammer,HighHorsepower|||M|||50|,,,,,Fire]Dragonite||LoadedDice|Multiscale|ScaleShot,Haze,Tailwind,ExtremeSpeed|||F|||50|,,,,,Dragon
|showteam|p2|Incineroar||SafetyGoggles|Intimidate|KnockOff,FakeOut,PartingShot,FlareBlitz|||F|||50|,,,,,Ghost]Amoonguss||RockyHelmet|Regenerator|RagePowder,PollenPuff,Spore,Protect|||M|||50|,,,,,Fairy]Gholdengo||LifeOrb|GoodasGold|MakeItRain,ShadowBall,NastyPlot,Protect||||||50|,,,,,Water]Dragonite||LoadedDice|Multiscale|ScaleShot,Protect,Tailwind,Haze|||F|||50|,,,,,Fairy]Sneasler||FocusSash|Unburden|DireClaw,CloseCombat,Protect,ThroatChop|||M|||50|,,,,,Stellar]Primarina||AssaultVest|LiquidVoice|HyperVoice,Moonblast,IcyWind,TeraBlast|||M|||50|,,,,,Poison
|inactive|Battle timer is ON: inactive players will automatically lose when time's up. (requested by RamonTheKiller)
|
|t:|1756404708
|teamsize|p1|4
|teamsize|p2|4
|start
|switch|p1a: Volcarona|Volcarona, L50, F|100/100
|switch|p1b: Sneasler|Sneasler, L50, F|100/100
|switch|p2a: Dragonite|Dragonite, L50, F|100/100
|switch|p2b: Incineroar|Incineroar, L50, F|100/100
|-ability|p2b: Incineroar|Intimidate|boost
|-unboost|p1a: Volcarona|atk|1
|-unboost|p1b: Sneasler|atk|1
|turn|1
|
|t:|1756404724
|move|p2b: Incineroar|Fake Out|p1b: Sneasler
|-damage|p1b: Sneasler|83/100
|cant|p1b: Sneasler|flinch
|move|p1a: Volcarona|Quiver Dance|p1a: Volcarona
|-boost|p1a: Volcarona|spa|1
|-boost|p1a: Volcarona|spd|1
|-boost|p1a: Volcarona|spe|1
|move|p2a: Dragonite|Tailwind|p2a: Dragonite
|-sidestart|p2: RamonTheKiller|move: Tailwind
|
|upkeep
|turn|2
|inactive|Da Newnew has 30 seconds left.
|
|t:|1756404758
|move|p1a: Volcarona|Protect|p1a: Volcarona
|-singleturn|p1a: Volcarona|Protect
|move|p2a: Dragonite|Scale Shot|p1b: Sneasler
|-damage|p1b: Sneasler|61/100
|-damage|p1b: Sneasler|39/100
|-damage|p1b: Sneasler|16/100
|-damage|p1b: Sneasler|0 fnt
|faint|p1b: Sneasler
|-hitcount|p1: Sneasler|4
|-unboost|p2a: Dragonite|def|1
|-boost|p2a: Dragonite|spe|1
|move|p2b: Incineroar|Knock Off|p1a: Volcarona
|-activate|p1a: Volcarona|move: Protect
|
|upkeep
|
|t:|1756404774
|switch|p1b: Rillaboom|Rillaboom, L50, M|100/100
|-fieldstart|move: Grassy Terrain|[from] ability: Grassy Surge|[of] p1b: Rillaboom
|turn|3
|inactive|Da Newnew has 30 seconds left.
|
|t:|1756404801
|-terastallize|p1b: Rillaboom|Fire
|move|p2a: Dragonite|Scale Shot|p1a: Volcarona
|-damage|p1a: Volcarona|85/100
|-damage|p1a: Volcarona|69/100
|-damage|p1a: Volcarona|54/100
|-damage|p1a: Volcarona|36/100
|-hitcount|p1a: Volcarona|4
|-unboost|p2a: Dragonite|def|1
|-boost|p2a: Dragonite|spe|1
|move|p2b: Incineroar|Parting Shot|p1a: Volcarona
|-unboost|p1a: Volcarona|atk|1
|-unboost|p1a: Volcarona|spa|1
|
|t:|1756404814
|switch|p2b: Sneasler|Sneasler, L50, M|100/100|[from] Parting Shot
|move|p1a: Volcarona|Heat Wave|p2b: Sneasler|[spread] p2a,p2b
|-resisted|p2a: Dragonite
|-crit|p2b: Sneasler
|-damage|p2a: Dragonite|91/100
|-damage|p2b: Sneasler|31/100
|-status|p2b: Sneasler|brn
|move|p1b: Rillaboom|High Horsepower|p2b: Sneasler
|-supereffective|p2b: Sneasler
|-damage|p2b: Sneasler|0 fnt
|faint|p2b: Sneasler
|
|-heal|p1a: Volcarona|43/100|[from] Grassy Terrain
|-heal|p1a: Volcarona|49/100|[from] item: Leftovers
|upkeep
|
|t:|1756404832
|switch|p2b: Incineroar|Incineroar, L50, F|100/100
|-ability|p2b: Incineroar|Intimidate|boost
|-unboost|p1a: Volcarona|atk|1
|-unboost|p1b: Rillaboom|atk|1
|turn|4
|
|t:|1756404849
|move|p1a: Volcarona|Protect|p1a: Volcarona
|-singleturn|p1a: Volcarona|Protect
|move|p2b: Incineroar|Fake Out|p1b: Rillaboom
|-damage|p1b: Rillaboom|91/100
|move|p2a: Dragonite|Scale Shot|p1a: Volcarona
|-activate|p1a: Volcarona|move: Protect
|cant|p1b: Rillaboom|flinch
|
|-heal|p1a: Volcarona|55/100|[from] Grassy Terrain
|-heal|p1a: Volcarona|61/100|[from] item: Leftovers
|-heal|p1b: Rillaboom|97/100|[from] Grassy Terrain
|-sideend|p2: RamonTheKiller|move: Tailwind
|upkeep
|turn|5
|inactive|Da Newnew has 30 seconds left.
|
|t:|1756404880
|move|p2a: Dragonite|Scale Shot|p1a: Volcarona
|-damage|p1a: Volcarona|46/100
|-damage|p1a: Volcarona|29/100
|-damage|p1a: Volcarona|11/100
|-damage|p1a: Volcarona|0 fnt
|faint|p1a: Volcarona
|-hitcount|p1: Volcarona|4
|-unboost|p2a: Dragonite|def|1
|-boost|p2a: Dragonite|spe|1
|move|p2b: Incineroar|Parting Shot|p1b: Rillaboom
|-unboost|p1b: Rillaboom|atk|1
|-unboost|p1b: Rillaboom|spa|1
|
|t:|1756404892
|switch|p2b: Gholdengo|Gholdengo, L50|100/100|[from] Parting Shot
|move|p1b: Rillaboom|High Horsepower|p2b: Gholdengo
|-supereffective|p2b: Gholdengo
|-damage|p2b: Gholdengo|60/100
|
|-heal|p2b: Gholdengo|66/100|[from] Grassy Terrain
|-heal|p1b: Rillaboom|100/100|[from] Grassy Terrain
|upkeep
|
|t:|1756404899
|switch|p1a: Houndstone|Houndstone, L50, M|100/100
|turn|6
|
|t:|1756404913
|move|p2a: Dragonite|Tailwind|p2a: Dragonite
|-sidestart|p2: RamonTheKiller|move: Tailwind
|move|p2b: Gholdengo|Shadow Ball|p1a: Houndstone
|-supereffective|p1a: Houndstone
|-damage|p1a: Houndstone|0 fnt
|faint|p1a: Houndstone
|-damage|p2b: Gholdengo|57/100|[from] item: Life Orb
|move|p1b: Rillaboom|Wood Hammer|p2a: Dragonite
|-resisted|p2a: Dragonite
|-damage|p2a: Dragonite|56/100
|-damage|p1b: Rillaboom|91/100|[from] Recoil
|
|-heal|p2b: Gholdengo|63/100|[from] Grassy Terrain
|-heal|p1b: Rillaboom|97/100|[from] Grassy Terrain
|upkeep
|turn|7
|
|t:|1756404930
|move|p2a: Dragonite|Scale Shot|p1b: Rillaboom
|-damage|p1b: Rillaboom|84/100
|-damage|p1b: Rillaboom|71/100
|-damage|p1b: Rillaboom|56/100
|-damage|p1b: Rillaboom|42/100
|-damage|p1b: Rillaboom|29/100
|-hitcount|p1b: Rillaboom|5
|-unboost|p2a: Dragonite|def|1
|-boost|p2a: Dragonite|spe|1
|move|p2b: Gholdengo|Shadow Ball|p1b: Rillaboom
|-damage|p1b: Rillaboom|0 fnt
|faint|p1b: Rillaboom
|-damage|p2b: Gholdengo|53/100|[from] item: Life Orb
|
|win|RamonTheKiller
||Da Newnew is ready for game 2.
|inactive|RamonTheKiller has 30 seconds to confirm battle start!
