|j|☆iapapaberryvgc
|j|☆ErikT007
|html|iapapaberryvgcErikT007    
|uhtml|bestof|Game 1 of a best-of-3
|t:|1757705330
|gametype|doubles
|player|p1|iapapaberryvgc|102|1133
|player|p2|ErikT007|lucas-gen4pt|1155
|gen|9
|tier|[Gen 9] VGC 2025 Reg H (Bo3)
|rated|
|rule|Species Clause: Limit one of each Pokémon
|rule|Item Clause: Limit 1 of each item
|clearpoke
|poke|p1|Sneasler, L50, F|
|poke|p1|Dragonite, L50, F|
|poke|p1|Volcarona, L50, M|
|poke|p1|Rillaboom, L50, F|
|poke|p1|Kingambit, L50, M|
|poke|p1|Electabuzz, L50, M|
|poke|p2|Leafeon, L50, M|
|poke|p2|Floatzel, L50, M|
|poke|p2|Politoed, L50, F|
|poke|p2|Sneasler, L50, F|
|poke|p2|Archaludon, L50, F|
|poke|p2|Rillaboom, L50, M|
|teampreview|4
|showteam|p1|Sneasler||FocusSash|PoisonTouch|DireClaw,CloseCombat,Coaching,Protect|||F|||50|,,,,,Stellar]Dragonite||LoadedDice|Multiscale|ScaleShot,ExtremeSpeed,Haze,Protect|||F|||50|,,,,,Normal]Volcarona||Leftovers|FlameBody|HeatWave,QuiverDance,TeraBlast,Protect|||M|||50|,,,,,Fairy]Rillaboom||AssaultVest|GrassySurge|WoodHammer,GrassyGlide,HighHorsepower,FakeOut|||F|||50|,,,,,Fire]Kingambit||BlackGlasses|Defiant|KowtowCleave,SuckerPunch,SwordsDance,Protect|||M|||50|,,,,,Ghost]Electabuzz||Eviolite|VitalSpirit|Thunderbolt,Protect,FollowMe,Taunt|||M|||50|,,,,,Dragon
|showteam|p2|Leafeon||CovertCloak|Chlorophyll|RainDance,KnockOff,Yawn,HelpingHand|||M|||50|,,,,,Dark]Floatzel||ChoiceBand|SwiftSwim|IceSpinner,WaveCrash,Crunch,AquaJet|||M|||50|,,,,,Ice]Politoed||SitrusBerry|Drizzle|Haze,EarthPower,IceBeam,WeatherBall|||F|||50|,,,,,Grass]Sneasler||GrassySeed|Unburden|Acrobatics,Protect,DireClaw,CloseCombat|||F|||50|,,,,,Ghost]Archaludon||PowerHerb|Stalwart|ElectroShot,DragonPulse,FlashCannon,Protect|||F|||50|,,,,,Electric]Rillaboom||AssaultVest|GrassySurge|FakeOut,GrassyGlide,WoodHammer,StompingTantrum|||M|||50|,,,,,Ghost
|inactive|Battle timer is ON: inactive players will automatically lose when time's up. (requested by iapapaberryvgc)
|inactive|iapapaberryvgc has 60 seconds left.
|inactive|iapapaberryvgc has 30 seconds left.
|
|t:|1757705399
|teamsize|p1|4
|teamsize|p2|4
|start
|switch|p1a: Electabuzz|Electabuzz, L50, M|100/100
|switch|p1b: Volcarona|Volcarona, L50, M|100/100
|switch|p2a: Archaludon|Archaludon, L50, F|100/100
|switch|p2b: Rillaboom|Rillaboom, L50, M|100/100
|-fieldstart|move: Grassy Terrain|[from] ability: Grassy Surge|[of] p2b: Rillaboom
|turn|1
|inactive|iapapaberryvgc has 30 seconds left.
|inactive|iapapaberryvgc has 20 seconds left.
|
|t:|1757705435
|switch|p1a: Rillaboom|Rillaboom, L50, F|100/100
|move|p1b: Volcarona|Protect|p1b: Volcarona
|-singleturn|p1b: Volcarona|Protect
|move|p2b: Rillaboom|Fake Out|p1a: Rillaboom
|-damage|p1a: Rillaboom|87/100
|move|p2a: Archaludon|Dragon Pulse|p1b: Volcarona
|-activate|p1b: Volcarona|move: Protect
|
|-heal|p1a: Rillaboom|93/100|[from] Grassy Terrain
|upkeep
|turn|2
|
|t:|1757705449
|switch|p2b: Politoed|Politoed, L50, F|100/100
|-weather|RainDance|[from] ability: Drizzle|[of] p2b: Politoed
|move|p2a: Archaludon|Protect|p2a: Archaludon
|-singleturn|p2a: Archaludon|Protect
|move|p1b: Volcarona|Quiver Dance|p1b: Volcarona
|-boost|p1b: Volcarona|spa|1
|-boost|p1b: Volcarona|spd|1
|-boost|p1b: Volcarona|spe|1
|move|p1a: Rillaboom|High Horsepower|p2a: Archaludon
|-activate|p2a: Archaludon|move: Protect
|
|-weather|RainDance|[upkeep]
|-heal|p1a: Rillaboom|99/100|[from] Grassy Terrain
|upkeep
|turn|3
|
|t:|1757705464
|-terastallize|p2a: Archaludon|Electric
|move|p1b: Volcarona|Heat Wave|p2b: Politoed|[spread] p2a,p2b
|-resisted|p2b: Politoed
|-damage|p2a: Archaludon|62/100
|-damage|p2b: Politoed|93/100
|move|p2a: Archaludon|Electro Shot||[still]
|-prepare|p2a: Archaludon|Electro Shot
|-boost|p2a: Archaludon|spa|1
|-anim|p2a: Archaludon|Electro Shot|p1b: Volcarona
|-damage|p1b: Volcarona|41/100
|move|p1a: Rillaboom|Wood Hammer|p2b: Politoed
|-supereffective|p2b: Politoed
|-damage|p2b: Politoed|0 fnt
|faint|p2b: Politoed
|-damage|p1a: Rillaboom|70/100|[from] Recoil
|
|-weather|RainDance|[upkeep]
|-heal|p1b: Volcarona|47/100|[from] Grassy Terrain
|-heal|p1b: Volcarona|53/100|[from] item: Leftovers
|-heal|p2a: Archaludon|68/100|[from] Grassy Terrain
|-heal|p1a: Rillaboom|76/100|[from] Grassy Terrain
|upkeep
|
|t:|1757705481
|switch|p2b: Sneasler|Sneasler, L50, F|100/100
|-enditem|p2b: Sneasler|Grassy Seed
|-boost|p2b: Sneasler|def|1|[from] item: Grassy Seed
|turn|4
|
|t:|1757705498
|switch|p1a: Electabuzz|Electabuzz, L50, M|100/100
|move|p1b: Volcarona|Protect|p1b: Volcarona
|-singleturn|p1b: Volcarona|Protect
|move|p2b: Sneasler|Dire Claw|p1a: Electabuzz
|-damage|p1a: Electabuzz|58/100
|move|p2a: Archaludon|Electro Shot||[still]
|-prepare|p2a: Archaludon|Electro Shot
|-boost|p2a: Archaludon|spa|1
|-anim|p2a: Archaludon|Electro Shot|p1b: Volcarona
|-activate|p1b: Volcarona|move: Protect
|
|-weather|RainDance|[upkeep]
|-heal|p1b: Volcarona|60/100|[from] Grassy Terrain
|-heal|p1b: Volcarona|66/100|[from] item: Leftovers
|-heal|p1a: Electabuzz|65/100|[from] Grassy Terrain
|-heal|p2a: Archaludon|74/100|[from] Grassy Terrain
|upkeep
|turn|5
|
|t:|1757705517
|move|p2b: Sneasler|Dire Claw|p1a: Electabuzz
|-damage|p1a: Electabuzz|20/100
|move|p1b: Volcarona|Heat Wave|p2a: Archaludon|[spread] p2a,p2b
|-damage|p2a: Archaludon|39/100
|-damage|p2b: Sneasler|69/100
|move|p1a: Electabuzz|Thunderbolt|p2b: Sneasler
|-damage|p2b: Sneasler|25/100
|move|p2a: Archaludon|Electro Shot||[still]
|-prepare|p2a: Archaludon|Electro Shot
|-boost|p2a: Archaludon|spa|1
|-anim|p2a: Archaludon|Electro Shot|p1b: Volcarona
|-damage|p1b: Volcarona|0 fnt
|faint|p1b: Volcarona
|
|-weather|RainDance|[upkeep]
|-heal|p2b: Sneasler|32/100|[from] Grassy Terrain
|-heal|p1a: Electabuzz|26/100|[from] Grassy Terrain
|-heal|p2a: Archaludon|45/100|[from] Grassy Terrain
|-fieldend|move: Grassy Terrain
|upkeep
|
|t:|1757705530
|switch|p1b: Sneasler|Sneasler, L50, F|100/100
|turn|6
|
|t:|1757705550
|-terastallize|p1b: Sneasler|Stellar
|move|p2b: Sneasler|Acrobatics|p1b: Sneasler
|-supereffective|p1b: Sneasler
|-enditem|p1b: Sneasler|Focus Sash
|-damage|p1b: Sneasler|1/100
|move|p1b: Sneasler|Close Combat|p2a: Archaludon
|-damage|p2a: Archaludon|0 fnt
|-unboost|p1b: Sneasler|def|1
|-unboost|p1b: Sneasler|spd|1
|faint|p2a: Archaludon
|move|p1a: Electabuzz|Thunderbolt|p2b: Sneasler
|-crit|p2b: Sneasler
|-damage|p2b: Sneasler|0 fnt
|faint|p2b: Sneasler
|
|-weather|none
|upkeep
|
|t:|1757705560
|switch|p2a: Rillaboom|Rillaboom, L50, M|100/100
|-fieldstart|move: Grassy Terrain|[from] ability: Grassy Surge|[of] p2a: Rillaboom
|turn|7
|
|t:|1757705573
|switch|p1a: Rillaboom|Rillaboom, L50, F|76/100
|move|p1b: Sneasler|Protect|p1b: Sneasler
|-singleturn|p1b: Sneasler|Protect
|move|p2a: Rillaboom|Stomping Tantrum|p1a: Rillaboom
|-resisted|p1a: Rillaboom
|-damage|p1a: Rillaboom|64/100
|
|-heal|p1b: Sneasler|7/100|[from] Grassy Terrain
|-heal|p1a: Rillaboom|69/100|[from] Grassy Terrain
|upkeep
|turn|8
|
|t:|1757705584
|move|p1a: Rillaboom|Fake Out|p2a: Rillaboom
|-damage|p2a: Rillaboom|87/100
|cant|p2a: Rillaboom|flinch
|move|p1b: Sneasler|Dire Claw|p2a: Rillaboom
|-supereffective|p2a: Rillaboom
|-damage|p2a: Rillaboom|0 fnt
|faint|p2a: Rillaboom
|
|win|iapapaberryvgc
||ErikT007 is ready for game 2.
||iapapaberryvgc is ready for game 2.
|uhtml|next|Next: Game 2 of 3
|l|☆ErikT007
|player|p2|
|l|☆iapapaberryvgc
|player|p1|
