|j|☆hometwn
|j|☆ghjk09
|html|hometwnghjk09    
|uhtml|bestof|Game 2 of a best-of-3
|t:|1784384080
|gametype|doubles
|player|p1|hometwn|alder|1062
|player|p2|ghjk09|hilbert|1076
|gen|9
|tier|[Gen 9 Champions] VGC 2026 Reg M-B (Bo3)
|rated|
|rule|Species Clause: Limit one of each Pokémon
|rule|Item Clause: Limit 1 of each item
|clearpoke
|poke|p1|Blaziken, L50, F|
|poke|p1|Gholdengo, L50|
|poke|p1|Talonflame, L50, F|
|poke|p1|Basculegion, L50, M|
|poke|p1|Garchomp, L50, F|
|poke|p1|Meganium, L50, M|
|poke|p2|Grimmsnarl, L50, M|
|poke|p2|Floette-Eternal, L50, F|
|poke|p2|Staraptor, L50, M|
|poke|p2|Incineroar, L50, M|
|poke|p2|Sinistcha-Masterpiece, L50|
|poke|p2|Garchomp, L50, M|
|teampreview|4
|showteam|p1|Blaziken||Blazikenite|SpeedBoost|FlareBlitz,CloseCombat,RockSlide,Protect|Adamant||F|||50|]Gholdengo||ChoiceScarf|GoodasGold|MakeItRain,FocusBlast,ShadowBall,PowerGem|Modest|||||50|]Talonflame||SharpBeak|GaleWings|DualWingbeat,FlareBlitz,Tailwind,QuickGuard|Jolly||F|||50|]Basculegion||FocusSash|Adaptability|Liquidation,AquaJet,LastRespects,Protect|Adamant||M|||50|]Garchomp||SitrusBerry|RoughSkin|Protect,Earthquake,DragonClaw,RockSlide|Jolly||F|||50|]Meganium||Meganiumite|Overgrow|SolarBeam,DazzlingGleam,WeatherBall,Protect|Modest||M|||50|
|showteam|p2|Grimmsnarl||LightClay|Prankster|Reflect,PartingShot,LightScreen,SpiritBreak|Impish||M|||50|]Floette-Eternal||Floettite|FlowerVeil|CalmMind,Protect,DrainingKiss,DazzlingGleam|Modest||F|||50|]Staraptor||Staraptite|Intimidate|DualWingbeat,CloseCombat,Protect,Roost|Jolly||M|||50|]Incineroar||PasshoBerry|Intimidate|PartingShot,FakeOut,FlareBlitz,ThroatChop|Careful||M|||50|]Sinistcha-Masterpiece||SitrusBerry|Hospitality|MatchaGotcha,RagePowder,LifeDew,Protect|Relaxed|||||50|]Garchomp||LifeOrb|RoughSkin|Earthquake,DragonClaw,StompingTantrum,Protect|Jolly||M|||50|
|l|☆ghjk09
|player|p2|
|inactive|Battle timer is ON: inactive players will automatically lose when time's up. (requested by hometwn)
|j|☆ghjk09
|inactive|ghjk09 reconnected and has 65 seconds left.
|player|p2|ghjk09|hilbert|
|inactive|ghjk09 has 60 seconds left.
|
|t:|1784384162
|teamsize|p1|4
|teamsize|p2|4
|start
|switch|p1a: Meganium|Meganium, L50, M|100/100
|switch|p1b: Talonflame|Talonflame, L50, F|100/100
|switch|p2a: Grimmsnarl|Grimmsnarl, L50, M|100/100
|switch|p2b: Staraptor|Staraptor, L50, M|100/100
|-ability|p2b: Staraptor|Intimidate|boost
|-unboost|p1a: Meganium|atk|1
|-unboost|p1b: Talonflame|atk|1
|turn|1
|
|t:|1784384183
|detailschange|p2b: Staraptor|Staraptor-Mega, L50, M
|-mega|p2b: Staraptor|Staraptor|Staraptite
|detailschange|p1a: Meganium|Meganium-Mega, L50, M
|-mega|p1a: Meganium|Meganium|Meganiumite
|move|p2b: Staraptor|Protect|p2b: Staraptor
|-singleturn|p2b: Staraptor|Protect
|move|p1b: Talonflame|Tailwind|p1b: Talonflame
|-sidestart|p1: hometwn|move: Tailwind
|move|p2a: Grimmsnarl|Light Screen|p2a: Grimmsnarl
|-sidestart|p2: ghjk09|move: Light Screen
|move|p1a: Meganium|Dazzling Gleam|p2a: Grimmsnarl|[spread] p2a
|-activate|p2b: Staraptor|move: Protect
|-supereffective|p2a: Grimmsnarl|1
|-damage|p2a: Grimmsnarl|56/100
|
|upkeep
|turn|2
|inactive|ghjk09 has 30 seconds left.
|inactive|ghjk09 has 20 seconds left.
|inactive|ghjk09 has 15 seconds left.
|
|t:|1784384224
|move|p1a: Meganium|Protect|p1a: Meganium
|-singleturn|p1a: Meganium|Protect
|move|p1b: Talonflame|Dual Wingbeat|p2b: Staraptor
|-supereffective|p2b: Staraptor|1
|-damage|p2b: Staraptor|75/100
|-supereffective|p2b: Staraptor|1
|-damage|p2b: Staraptor|50/100y
|-hitcount|p2b: Staraptor|2
|move|p2a: Grimmsnarl|Light Screen||[still]
|-fail|p2a: Grimmsnarl
|move|p2b: Staraptor|Dual Wingbeat|p1a: Meganium
|-activate|p1a: Meganium|move: Protect
|
|upkeep
|turn|3
|
|t:|1784384249
|switch|p2b: Sinistcha|Sinistcha-Masterpiece, L50|100/100
|-heal|p2a: Grimmsnarl|81/100|[from] ability: Hospitality|[of] p2b: Sinistcha
|move|p1b: Talonflame|Dual Wingbeat|p2a: Grimmsnarl
|-damage|p2a: Grimmsnarl|68/100
|-damage|p2a: Grimmsnarl|56/100
|-hitcount|p2a: Grimmsnarl|2
|move|p2a: Grimmsnarl|Reflect|p2a: Grimmsnarl
|-sidestart|p2: ghjk09|Reflect
|move|p1a: Meganium|Dazzling Gleam|p2b: Sinistcha|[spread] p2a,p2b
|-supereffective|p2a: Grimmsnarl|1
|-damage|p2a: Grimmsnarl|8/100
|-damage|p2b: Sinistcha|78/100
|
|upkeep
|turn|4
|inactive|ghjk09 has 30 seconds left.
|
|t:|1784384277
|move|p1b: Talonflame|Dual Wingbeat|p2b: Sinistcha
|-supereffective|p2b: Sinistcha|1
|-damage|p2b: Sinistcha|62/100
|-supereffective|p2b: Sinistcha|1
|-damage|p2b: Sinistcha|48/100
|-enditem|p2b: Sinistcha|Sitrus Berry|[eat]
|-heal|p2b: Sinistcha|73/100|[from] item: Sitrus Berry
|-hitcount|p2b: Sinistcha|2
|move|p1a: Meganium|Dazzling Gleam|p2a: Grimmsnarl|[spread] p2a,p2b
|-supereffective|p2a: Grimmsnarl|1
|-damage|p2a: Grimmsnarl|0 fnt
|-damage|p2b: Sinistcha|51/100
|faint|p2a: Grimmsnarl
|move|p2b: Sinistcha|Life Dew|p2b: Sinistcha
|-heal|p2b: Sinistcha|76/100
|
|-sideend|p1: hometwn|move: Tailwind
|upkeep
|inactive|ghjk09 has 30 seconds left.
|inactive|ghjk09 has 20 seconds left.
|inactive|ghjk09 has 15 seconds left.
|inactive|ghjk09 has 10 seconds left.
|
|t:|1784384327
|switch|p2a: Staraptor|Staraptor-Mega, L50, M|50/100y
|turn|5
|
|t:|1784384334
|move|p2a: Staraptor|Protect|p2a: Staraptor
|-singleturn|p2a: Staraptor|Protect
|move|p1b: Talonflame|Dual Wingbeat|p2a: Staraptor
|-activate|p2a: Staraptor|move: Protect
|move|p1a: Meganium|Dazzling Gleam|p2a: Staraptor|[spread] p2b
|-activate|p2a: Staraptor|move: Protect
|-damage|p2b: Sinistcha|55/100
|move|p2b: Sinistcha|Life Dew|p2b: Sinistcha|[spread] p2a,p2b
|-heal|p2a: Staraptor|75/100
|-heal|p2b: Sinistcha|80/100
|
|upkeep
|turn|6
|inactive|ghjk09 has 30 seconds left.
|
|t:|1784384360
|move|p2b: Sinistcha|Rage Powder|p2b: Sinistcha
|-singleturn|p2b: Sinistcha|move: Rage Powder
|move|p1b: Talonflame|Dual Wingbeat|p2b: Sinistcha
|-supereffective|p2b: Sinistcha|1
|-damage|p2b: Sinistcha|66/100
|-supereffective|p2b: Sinistcha|1
|-damage|p2b: Sinistcha|52/100
|-hitcount|p2b: Sinistcha|2
|move|p2a: Staraptor|Dual Wingbeat|p1a: Meganium
|-supereffective|p1a: Meganium|1
|-damage|p1a: Meganium|63/100
|-supereffective|p1a: Meganium|1
|-damage|p1a: Meganium|27/100
|-hitcount|p1a: Meganium|2
|move|p1a: Meganium|Dazzling Gleam|p2a: Staraptor|[spread] p2a,p2b
|-supereffective|p2a: Staraptor|1
|-damage|p2a: Staraptor|27/100
|-damage|p2b: Sinistcha|27/100
|
|upkeep
|turn|7
|inactive|ghjk09 has 30 seconds left.
|inactive|ghjk09 has 20 seconds left.
|inactive|hometwn has 30 seconds left.
|
|t:|1784384404
|move|p1a: Meganium|Protect|p1a: Meganium
|-singleturn|p1a: Meganium|Protect
|move|p2b: Sinistcha|Rage Powder|p2b: Sinistcha
|-singleturn|p2b: Sinistcha|move: Rage Powder
|move|p1b: Talonflame|Flare Blitz|p2b: Sinistcha
|-supereffective|p2b: Sinistcha|1
|-damage|p2b: Sinistcha|0 fnt
|faint|p2b: Sinistcha
|-damage|p1b: Talonflame|89/100|[from] Recoil
|move|p2a: Staraptor|Dual Wingbeat|p1b: Talonflame|[miss]
|-miss|p2a: Staraptor|p1b: Talonflame
|
|upkeep
|
|t:|1784384419
|switch|p2b: Garchomp|Garchomp, L50, M|100/100
|turn|8
|inactive|ghjk09 has 30 seconds left.
|inactive|ghjk09 has 20 seconds left.
|inactive|ghjk09 has 15 seconds left.
|inactive|ghjk09 has 10 seconds left.
|
|t:|1784384465
|move|p2a: Staraptor|Protect|p2a: Staraptor
|-singleturn|p2a: Staraptor|Protect
|move|p1b: Talonflame|Tailwind|p1b: Talonflame
|-sidestart|p1: hometwn|move: Tailwind
|move|p1a: Meganium|Dazzling Gleam|p2b: Garchomp|[spread] p2b
|-activate|p2a: Staraptor|move: Protect
|-supereffective|p2b: Garchomp|1
|-damage|p2b: Garchomp|45/100
|move|p2b: Garchomp|Earthquake|p1a: Meganium|[spread] p1a
|-activate|p2a: Staraptor|move: Protect
|-immune|p1b: Talonflame
|-resisted|p1a: Meganium|1
|-damage|p1a: Meganium|4/100
|-damage|p2b: Garchomp|36/100|[from] item: Life Orb
|
|-sideend|p2: ghjk09|move: Light Screen
|upkeep
|turn|9
|-message|ghjk09 forfeited.
|raw|hometwn's rating: 1062 → 1092(+30 for winning)
|raw|ghjk09's rating: 1050 → 1033(-17 for losing)
|
|win|hometwn
