|j|☆WILLIWONKINEITOR
|j|☆ZilverZurfer
|html|WILLIWONKINEITORZilverZurfer    
|uhtml|bestof|Game 3 of a best-of-3
|t:|1757639522
|gametype|doubles
|player|p1|WILLIWONKINEITOR|265|1058
|player|p2|ZilverZurfer|2|1148
|gen|9
|tier|[Gen 9] VGC 2025 Reg H (Bo3)
|rated|
|rule|Species Clause: Limit one of each Pokémon
|rule|Item Clause: Limit 1 of each item
|clearpoke
|poke|p1|Incineroar, L50, F|
|poke|p1|Gholdengo, L50|
|poke|p1|Kommo-o, L50, M|
|poke|p1|Whimsicott, L50, M|
|poke|p1|Ursaluna, L50, M|
|poke|p1|Sinistcha, L50|
|poke|p2|Torkoal, L50, F|
|poke|p2|Lilligant-Hisui, L50, F|
|poke|p2|Indeedee-F, L50, F|
|poke|p2|Hatterene, L50, F|
|poke|p2|Gallade, L50, M|
|poke|p2|Ursaluna, L50, F|
|teampreview|4
|showteam|p1|Incineroar||AssaultVest|Intimidate|FlareBlitz,KnockOff,Uturn,FakeOut|||F|||50|,,,,,Ghost]Gholdengo||ChoiceSpecs|GoodasGold|DazzlingGleam,MakeItRain,ShadowBall,Thunderbolt||||||50|,,,,,Fairy]Kommo-o||ThroatSpray|Bulletproof|Protect,ClangorousSoul,ClangingScales,Flamethrower|||M|||50|,,,,,Fire]Whimsicott||CovertCloak|Prankster|Moonblast,Tailwind,FakeTears,Encore|||M|||50|,,,,,Dark]Ursaluna||FlameOrb|Guts|HeadlongRush,Facade,Earthquake,Protect|||M|||50|,,,,,Ghost]Sinistcha||SitrusBerry|Hospitality|RagePowder,MatchaGotcha,TrickRoom,LifeDew||||||50|,,,,,Fairy
|showteam|p2|Torkoal||ChoiceSpecs|Drought|Eruption,HeatWave,EarthPower,WeatherBall|||F|||50|,,,,,Fire]Lilligant-Hisui||FocusSash|Chlorophyll|Protect,AfterYou,CloseCombat,SolarBlade|||F|||50|,,,,,Ghost]Indeedee-F||PsychicSeed|PsychicSurge|Psychic,HelpingHand,TrickRoom,FollowMe|||F|||50|,,,,,Water]Hatterene||LifeOrb|MagicBounce|Protect,ExpandingForce,DazzlingGleam,TrickRoom|||F|||50|,,,,,Fire]Gallade||ClearAmulet|Sharpness|SacredSword,PsychoCut,TrickRoom,WideGuard|||M|||50|,,,,,Grass]Ursaluna||FlameOrb|Guts|Protect,HeadlongRush,Earthquake,Facade|||F|||50|,,,,,Ghost
|inactive|Battle timer is ON: inactive players will automatically lose when time's up. (requested by ZilverZurfer)
|
|t:|1757639560
|teamsize|p1|4
|teamsize|p2|4
|start
|switch|p1a: Gholdengo|Gholdengo, L50|100/100
|switch|p1b: Incineroar|Incineroar, L50, F|100/100
|switch|p2a: Gallade|Gallade, L50, M|100/100
|switch|p2b: Indeedee|Indeedee-F, L50, F|100/100
|-fieldstart|move: Psychic Terrain|[from] ability: Psychic Surge|[of] p2b: Indeedee
|-enditem|p2b: Indeedee|Psychic Seed
|-boost|p2b: Indeedee|spd|1|[from] item: Psychic Seed
|-ability|p1b: Incineroar|Intimidate|boost
|-fail|p2a: Gallade|unboost|[from] item: Clear Amulet|[of] p2a: Gallade
|-unboost|p2b: Indeedee|atk|1
|turn|1
|
|t:|1757639573
|-terastallize|p1a: Gholdengo|Fairy
|move|p2a: Gallade|Wide Guard|p2a: Gallade
|-singleturn|p2a: Gallade|Wide Guard
|move|p1a: Gholdengo|Dazzling Gleam|p2b: Indeedee|[spread] 
|-activate|p2a: Gallade|move: Wide Guard
|-activate|p2b: Indeedee|move: Wide Guard
|move|p1b: Incineroar|U-turn|p2a: Gallade
|-damage|p2a: Gallade|67/100
|
|t:|1757639585
|switch|p1b: Ursaluna|Ursaluna, L50, M|100/100|[from] U-turn
|move|p2b: Indeedee|Trick Room|p2b: Indeedee
|-fieldstart|move: Trick Room|[of] p2b: Indeedee
|
|-status|p1b: Ursaluna|brn|[from] item: Flame Orb
|upkeep
|turn|2
|inactive|ZilverZurfer has 30 seconds left.
|
|t:|1757639616
|switch|p1a: Incineroar|Incineroar, L50, F|100/100
|-ability|p1a: Incineroar|Intimidate|boost
|-fail|p2a: Gallade|unboost|[from] item: Clear Amulet|[of] p2a: Gallade
|-unboost|p2b: Indeedee|atk|1
|move|p1b: Ursaluna|Protect|p1b: Ursaluna
|-singleturn|p1b: Ursaluna|Protect
|move|p2b: Indeedee|Follow Me|p2b: Indeedee
|-singleturn|p2b: Indeedee|move: Follow Me
|move|p2a: Gallade|Sacred Sword|p1a: Incineroar
|-supereffective|p1a: Incineroar
|-damage|p1a: Incineroar|0 fnt
|faint|p1a: Incineroar
|
|-damage|p1b: Ursaluna|95/100 brn|[from] brn
|upkeep
|
|t:|1757639629
|switch|p1a: Gholdengo|Gholdengo, L50, tera:Fairy|100/100
|turn|3
|inactive|WILLIWONKINEITOR has 30 seconds left.
|
|t:|1757639658
|move|p2b: Indeedee|Follow Me|p2b: Indeedee
|-singleturn|p2b: Indeedee|move: Follow Me
|move|p1b: Ursaluna|Facade|p2b: Indeedee
|-damage|p2b: Indeedee|0 fnt
|faint|p2b: Indeedee
|move|p2a: Gallade|Psycho Cut|p1a: Gholdengo
|-damage|p1a: Gholdengo|18/100
|move|p1a: Gholdengo|Dazzling Gleam|p2a: Gallade
|-supereffective|p2a: Gallade
|-damage|p2a: Gallade|0 fnt
|faint|p2a: Gallade
|
|-damage|p1b: Ursaluna|89/100 brn|[from] brn
|upkeep
|
|t:|1757639666
|switch|p2a: Hatterene|Hatterene, L50, F|100/100
|switch|p2b: Torkoal|Torkoal, L50, F|100/100
|-weather|SunnyDay|[from] ability: Drought|[of] p2b: Torkoal
|turn|4
|inactive|WILLIWONKINEITOR has 30 seconds left.
|
|t:|1757639699
|switch|p1a: Sinistcha|Sinistcha, L50|100/100
|-heal|p1b: Ursaluna|100/100 brn|[from] ability: Hospitality|[of] p1a: Sinistcha
|move|p1b: Ursaluna|Protect|p1b: Ursaluna
|-singleturn|p1b: Ursaluna|Protect
|move|p2b: Torkoal|Eruption|p1b: Ursaluna|[spread] p1a
|-activate|p1b: Ursaluna|move: Protect
|-supereffective|p1a: Sinistcha
|-damage|p1a: Sinistcha|0 fnt
|faint|p1a: Sinistcha
|move|p2a: Hatterene|Expanding Force|p1b: Ursaluna
|-activate|p1b: Ursaluna|move: Protect
|
|-weather|SunnyDay|[upkeep]
|-damage|p1b: Ursaluna|95/100 brn|[from] brn
|upkeep
|
|t:|1757639710
|switch|p1a: Gholdengo|Gholdengo, L50, tera:Fairy|18/100
|turn|5
|
|t:|1757639716
|move|p1b: Ursaluna|Protect||[still]
|-fail|p1b: Ursaluna
|move|p2b: Torkoal|Eruption|p1b: Ursaluna|[spread] p1a,p1b
|-damage|p1a: Gholdengo|0 fnt
|-damage|p1b: Ursaluna|0 fnt
|faint|p1a: Gholdengo
|faint|p1b: Ursaluna
|
|win|ZilverZurfer
|raw|WILLIWONKINEITOR's rating: 1058 → 1044(-14 for losing)
|raw|ZilverZurfer's rating: 1148 → 1167(+19 for winning)
|l|☆WILLIWONKINEITOR
|player|p1|
