|j|☆nupe_123
|j|☆genisisvgc
|html|nupe_123genisisvgc    
|uhtml|bestof|Game 2 of a best-of-3
|t:|1785250492
|gametype|doubles
|player|p1|nupe_123|266|1152
|player|p2|genisisvgc|101|1157
|gen|9
|tier|[Gen 9 Champions] VGC 2026 Reg M-B (Bo3)
|rated|
|rule|Species Clause: Limit one of each Pokémon
|rule|Item Clause: Limit 1 of each item
|clearpoke
|poke|p1|Froslass, L50, F|
|poke|p1|Garchomp, L50, M, shiny|
|poke|p1|Incineroar, L50, F, shiny|
|poke|p1|Kingambit, L50, F, shiny|
|poke|p1|Glimmora, L50, F|
|poke|p1|Farigiraf, L50, M, shiny|
|poke|p2|Hydreigon, L50, F|
|poke|p2|Delphox, L50, M|
|poke|p2|Sneasler, L50, M|
|poke|p2|Sinistcha, L50|
|poke|p2|Incineroar, L50, F|
|poke|p2|Sylveon, L50, M|
|teampreview|4
|showteam|p1|Froslass||Froslassite|CursedBody|Blizzard,ShadowBall,AuroraVeil,Protect|Timid||F|||50|]Garchomp||LifeOrb|RoughSkin|RockSlide,DragonClaw,StompingTantrum,Protect|Jolly||M|||50|]Incineroar||SitrusBerry|Intimidate|FlareBlitz,ThroatChop,FakeOut,PartingShot|Impish||F|||50|]Kingambit||BlackGlasses|Defiant|KowtowCleave,SuckerPunch,LowKick,Protect|Brave||F|||50|]Glimmora||FocusSash|ToxicDebris|PowerGem,SludgeBomb,EarthPower,SpikyShield|Modest||F|||50|]Farigiraf||ColburBerry|ArmorTail|Psychic,Thunderbolt,TrickRoom,HelpingHand|Relaxed||M|||50|
|showteam|p2|Hydreigon||ChoiceScarf|Levitate|DracoMeteor,DarkPulse,HeatWave,EarthPower|Timid||F|||50|]Delphox||Delphoxite|Blaze|HeatWave,Psychic,Protect,Substitute|Timid||M|||50|]Sneasler||WhiteHerb|Unburden|DireClaw,CloseCombat,Protect,FakeOut|Jolly||M|||50|]Sinistcha||ColburBerry|Hospitality|MatchaGotcha,RagePowder,ShadowBall,Protect|Calm|||||50|]Incineroar||ChopleBerry|Intimidate|FlareBlitz,PartingShot,FakeOut,DarkestLariat|Serious||F|||50|]Sylveon||FairyFeather|Pixilate|HyperBeam,HyperVoice,QuickAttack,Protect|Bold||M|||50|
|inactive|Battle timer is ON: inactive players will automatically lose when time's up. (requested by genisisvgc)
|
|t:|1785250571
|teamsize|p1|4
|teamsize|p2|4
|start
|switch|p1a: Incineroar|Incineroar, L50, F, shiny|100/100
|switch|p1b: Farigiraf|Farigiraf, L50, M, shiny|100/100
|switch|p2a: Sinistcha|Sinistcha, L50|100/100
|switch|p2b: Sylveon|Sylveon, L50, M|100/100
|-ability|p1a: Incineroar|Intimidate|boost
|-unboost|p2a: Sinistcha|atk|1
|-unboost|p2b: Sylveon|atk|1
|turn|1
|inactive|nupe_123 has 30 seconds left.
|inactive|genisisvgc has 30 seconds left.
|inactive|nupe_123 has 20 seconds left.
|
|t:|1785250607
|move|p1a: Incineroar|Fake Out|p2b: Sylveon
|-damage|p2b: Sylveon|88/100
|cant|p2b: Sylveon|flinch
|move|p2a: Sinistcha|Matcha Gotcha|p1b: Farigiraf|[spread] p1a,p1b
|-resisted|p1a: Incineroar|1
|-damage|p1a: Incineroar|89/100
|-damage|p1b: Farigiraf|79/100
|move|p1b: Farigiraf|Trick Room|p1b: Farigiraf
|-fieldstart|move: Trick Room|[of] p1b: Farigiraf
|
|upkeep
|turn|2
|inactive|genisisvgc has 30 seconds left.
|
|t:|1785250634
|switch|p1b: Kingambit|Kingambit, L50, F, shiny|100/100
|move|p2a: Sinistcha|Rage Powder|p2a: Sinistcha
|-singleturn|p2a: Sinistcha|move: Rage Powder
|move|p1a: Incineroar|Flare Blitz|p2a: Sinistcha
|-supereffective|p2a: Sinistcha|1
|-damage|p2a: Sinistcha|5/100
|-damage|p1a: Incineroar|61/100|[from] Recoil
|move|p2b: Sylveon|Hyper Beam|p1b: Kingambit
|-damage|p1b: Kingambit|15/100
|-mustrecharge|p2b: Sylveon
|
|upkeep
|turn|3
|inactive|nupe_123 has 30 seconds left.
|inactive|nupe_123 has 20 seconds left.
|inactive|nupe_123 has 15 seconds left.
|
|t:|1785250678
|move|p2a: Sinistcha|Rage Powder|p2a: Sinistcha
|-singleturn|p2a: Sinistcha|move: Rage Powder
|move|p1b: Kingambit|Kowtow Cleave|p2a: Sinistcha
|-supereffective|p2a: Sinistcha|1
|-enditem|p2a: Sinistcha|Colbur Berry|[eat]
|-enditem|p2a: Sinistcha|Colbur Berry|[weaken]
|-damage|p2a: Sinistcha|0 fnt
|faint|p2a: Sinistcha
|move|p1a: Incineroar|Parting Shot|p2b: Sylveon
|-unboost|p2b: Sylveon|atk|1
|-unboost|p2b: Sylveon|spa|1
|
|t:|1785250690
|switch|p1a: Glimmora|Glimmora, L50, F|100/100|[from] Parting Shot
|cant|p2b: Sylveon|recharge
|
|upkeep
|
|t:|1785250695
|switch|p2a: Incineroar|Incineroar, L50, F|100/100
|-ability|p2a: Incineroar|Intimidate|boost
|-unboost|p1a: Glimmora|atk|1
|-unboost|p1b: Kingambit|atk|1
|-ability|p1b: Kingambit|Defiant|boost
|-boost|p1b: Kingambit|atk|2
|turn|4
|inactive|nupe_123 has 30 seconds left.
|
|t:|1785250728
|switch|p1a: Farigiraf|Farigiraf, L50, M, shiny|79/100
|move|p1b: Kingambit|Low Kick|p2a: Incineroar
|-supereffective|p2a: Incineroar|1
|-enditem|p2a: Incineroar|Chople Berry|[eat]
|-enditem|p2a: Incineroar|Chople Berry|[weaken]
|-damage|p2a: Incineroar|64/100
|move|p2a: Incineroar|Darkest Lariat|p1b: Kingambit
|-resisted|p1b: Kingambit|1
|-damage|p1b: Kingambit|2/100
|move|p2b: Sylveon|Hyper Voice|p1a: Farigiraf|[spread] p1a,p1b
|-damage|p1a: Farigiraf|53/100
|-damage|p1b: Kingambit|0 fnt
|faint|p1b: Kingambit
|
|upkeep
|
|t:|1785250738
|switch|p1b: Incineroar|Incineroar, L50, F, shiny|61/100
|-ability|p1b: Incineroar|Intimidate|boost
|-unboost|p2a: Incineroar|atk|1
|-unboost|p2b: Sylveon|atk|1
|turn|5
|
|t:|1785250759
|switch|p2b: Delphox|Delphox, L50, M|100/100
|move|p1a: Farigiraf|Psychic|p2b: Delphox
|-resisted|p2b: Delphox|1
|-damage|p2b: Delphox|81/100
|move|p1b: Incineroar|Parting Shot|p2a: Incineroar
|-unboost|p2a: Incineroar|atk|1
|-unboost|p2a: Incineroar|spa|1
|
|t:|1785250767
|switch|p1b: Glimmora|Glimmora, L50, F|100/100|[from] Parting Shot
|move|p2a: Incineroar|Parting Shot|p1b: Glimmora
|-unboost|p1b: Glimmora|atk|1
|-unboost|p1b: Glimmora|spa|1
|
|t:|1785250773
|switch|p2a: Sylveon|Sylveon, L50, M|88/100|[from] Parting Shot
|
|-fieldend|move: Trick Room
|upkeep
|turn|6
|
|t:|1785250788
|detailschange|p2b: Delphox|Delphox-Mega, L50, M
|-mega|p2b: Delphox|Delphox|Delphoxite
|move|p2b: Delphox|Substitute|p2b: Delphox
|-start|p2b: Delphox|Substitute
|-damage|p2b: Delphox|56/100
|move|p1b: Glimmora|Power Gem|p2b: Delphox
|-supereffective|p2b: Delphox|1
|-end|p2b: Delphox|Substitute
|move|p2a: Sylveon|Hyper Beam|p1a: Farigiraf
|-damage|p1a: Farigiraf|0 fnt
|-mustrecharge|p2a: Sylveon
|faint|p1a: Farigiraf
|
|upkeep
|
|t:|1785250799
|switch|p1a: Incineroar|Incineroar, L50, F, shiny|61/100
|-ability|p1a: Incineroar|Intimidate|boost
|-unboost|p2a: Sylveon|atk|1
|-unboost|p2b: Delphox|atk|1
|turn|7
|
|t:|1785250818
|move|p2b: Delphox|Protect|p2b: Delphox
|-singleturn|p2b: Delphox|Protect
|move|p1a: Incineroar|Fake Out|p2b: Delphox
|-activate|p2b: Delphox|move: Protect
|move|p1b: Glimmora|Sludge Bomb|p2a: Sylveon
|-supereffective|p2a: Sylveon|1
|-damage|p2a: Sylveon|30/100
|-status|p2a: Sylveon|psn
|cant|p2a: Sylveon|recharge
|
|-damage|p2a: Sylveon|18/100 psn|[from] psn
|upkeep
|turn|8
|
|t:|1785250836
|move|p2b: Delphox|Psychic|p1b: Glimmora
|-supereffective|p1b: Glimmora|1
|-enditem|p1b: Glimmora|Focus Sash
|-damage|p1b: Glimmora|1/100
|move|p1b: Glimmora|Power Gem|p2b: Delphox
|-supereffective|p2b: Delphox|1
|-damage|p2b: Delphox|4/100
|move|p2a: Sylveon|Hyper Beam|p1a: Incineroar
|-damage|p1a: Incineroar|0 fnt
|-mustrecharge|p2a: Sylveon
|faint|p1a: Incineroar
|
|-damage|p2a: Sylveon|5/100 psn|[from] psn
|upkeep
|turn|9
|-message|nupe_123 forfeited.
|
|win|genisisvgc
||genisisvgc is ready for game 3.
||nupe_123 is ready for game 3.
|uhtml|next|Next: Game 3 of 3
|l|☆genisisvgc
|player|p2|
