|j|☆Yukihiro_SnM
|j|☆Professor_J93
|html|Yukihiro_SnMProfessor_J93    
|uhtml|bestof|Game 2 of a best-of-3
|t:|1782328176
|gametype|doubles
|player|p1|Yukihiro_SnM|cynthia|
|player|p2|Professor_J93|n|
|gen|9
|tier|[Gen 9 Champions] VGC 2026 Reg M-B (Bo3)
|rule|Species Clause: Limit one of each Pokémon
|rule|Item Clause: Limit 1 of each item
|clearpoke
|poke|p1|Raichu, L50, F|
|poke|p1|Staraptor, L50, M|
|poke|p1|Sinistcha, L50|
|poke|p1|Ceruledge, L50, F|
|poke|p1|Milotic, L50, F|
|poke|p1|Incineroar, L50, M|
|poke|p2|Raichu, L50, M|
|poke|p2|Vivillon-Ocean, L50, F|
|poke|p2|Infernape, L50, M|
|poke|p2|Sylveon, L50, F|
|poke|p2|Basculegion, L50, M|
|poke|p2|Farigiraf, L50, M|
|teampreview|4
|showteam|p1|Raichu||RaichuniteY|LightningRod|ZapCannon,FocusBlast,FakeOut,Protect|Timid||F|||50|]Staraptor||Staraptite|Intimidate|CloseCombat,BraveBird,Roost,Protect|Adamant||M|||50|]Sinistcha||KasibBerry|Hospitality|MatchaGotcha,LifeDew,RagePowder,Protect|Relaxed|||||50|]Ceruledge||ColburBerry|FlashFire|BitterBlade,ShadowSneak,BulkUp,Protect|Adamant||F|||50|]Milotic||Leftovers|Competitive|MuddyWater,Coil,Hypnosis,Protect|Calm||F|||50|]Incineroar||SitrusBerry|Intimidate|FlareBlitz,ThroatChop,FakeOut,PartingShot|Impish||M|||50|
|showteam|p2|Raichu||RaichuniteY|LightningRod|ZapCannon,FocusBlast,FakeOut,Protect|Modest||M|||50|]Vivillon-Ocean||FocusSash|CompoundEyes|Hurricane,Tailwind,SleepPowder,Protect|Timid||F|||50|]Infernape||Charcoal|Blaze|Overheat,FakeOut,Encore,Protect|Timid||M|||50|]Sylveon||FairyFeather|Pixilate|HyperVoice,HyperBeam,QuickAttack,Protect|Modest||F|||50|]Basculegion||MysticWater|Adaptability|WaveCrash,AquaJet,LastRespects,Protect|Jolly||M|||50|]Farigiraf||SitrusBerry|ArmorTail|Psyshock,Roar,TrickRoom,HelpingHand|Relaxed||M|||50|
|
|t:|1782328190
|teamsize|p1|4
|teamsize|p2|4
|start
|switch|p1a: Raichu|Raichu, L50, F|100/100
|switch|p1b: Ceruledge|Ceruledge, L50, F|100/100
|switch|p2a: Raichu|Raichu, L50, M|100/100
|switch|p2b: Vivillon|Vivillon-Ocean, L50, F|100/100
|turn|1
|
|t:|1782328244
|switch|p2a: Farigiraf|Farigiraf, L50, M|100/100
|move|p1a: Raichu|Fake Out||[still]
|cant|p2a: Farigiraf|ability: Armor Tail|Fake Out|[of] p1a: Raichu
|move|p2b: Vivillon|Sleep Powder|p1b: Ceruledge
|-status|p1b: Ceruledge|slp|[from] move: Sleep Powder
|cant|p1b: Ceruledge|slp
|
|upkeep
|turn|2
|
|t:|1782328262
|switch|p1a: Incineroar|Incineroar, L50, M|100/100
|-ability|p1a: Incineroar|Intimidate|boost
|-unboost|p2a: Farigiraf|atk|1
|-unboost|p2b: Vivillon|atk|1
|switch|p2b: Raichu|Raichu, L50, M|100/100
|cant|p1b: Ceruledge|slp
|move|p2a: Farigiraf|Psyshock|p1a: Incineroar
|-immune|p1a: Incineroar
|
|upkeep
|turn|3
|
|t:|1782328279
|detailschange|p2b: Raichu|Raichu-Mega-Y, L50, M
|-mega|p2b: Raichu|Raichu|Raichunite Y
|move|p2a: Farigiraf|Helping Hand|p2b: Raichu
|-singleturn|p2b: Raichu|Helping Hand|[of] p2a: Farigiraf
|move|p2b: Raichu|Focus Blast|p1a: Incineroar
|-supereffective|p1a: Incineroar|1
|-damage|p1a: Incineroar|0 fnt
|faint|p1a: Incineroar
|-curestatus|p1b: Ceruledge|slp|[msg]
|move|p1b: Ceruledge|Bitter Blade|p2b: Raichu
|-damage|p2b: Raichu|13/100
|
|upkeep
|
|t:|1782328290
|switch|p1a: Raichu|Raichu, L50, F|100/100
|turn|4
|
|t:|1782328311
|detailschange|p1a: Raichu|Raichu-Mega-Y, L50, F
|-mega|p1a: Raichu|Raichu|Raichunite Y
|move|p1a: Raichu|Zap Cannon|p2b: Raichu
|-resisted|p2b: Raichu|1
|-damage|p2b: Raichu|0 fnt
|faint|p2b: Raichu
|move|p1b: Ceruledge|Bulk Up|p1b: Ceruledge
|-boost|p1b: Ceruledge|atk|1
|-boost|p1b: Ceruledge|def|1
|move|p2a: Farigiraf|Trick Room|p2a: Farigiraf
|-fieldstart|move: Trick Room|[of] p2a: Farigiraf
|
|upkeep
|
|t:|1782328315
|switch|p2b: Basculegion|Basculegion, L50, M|100/100
|turn|5
|
|t:|1782328335
|switch|p1b: Sinistcha|Sinistcha, L50|100/100
|move|p1a: Raichu|Protect|p1a: Raichu
|-singleturn|p1a: Raichu|Protect
|move|p2b: Basculegion|Wave Crash|p1a: Raichu
|-activate|p1a: Raichu|move: Protect
|move|p2a: Farigiraf|Roar|p1b: Sinistcha
|drag|p1b: Ceruledge|Ceruledge, L50, F|100/100
|
|upkeep
|turn|6
|
|t:|1782328360
|switch|p1a: Sinistcha|Sinistcha, L50|100/100
|move|p2a: Farigiraf|Helping Hand|p2b: Basculegion
|-singleturn|p2b: Basculegion|Helping Hand|[of] p2a: Farigiraf
|move|p1b: Ceruledge|Bitter Blade|p2a: Farigiraf
|-damage|p2a: Farigiraf|59/100
|move|p2b: Basculegion|Last Respects|p1a: Sinistcha
|-supereffective|p1a: Sinistcha|1
|-enditem|p1a: Sinistcha|Kasib Berry|[eat]
|-enditem|p1a: Sinistcha|Kasib Berry|[weaken]
|-damage|p1a: Sinistcha|23/100
|
|upkeep
|turn|7
|
|t:|1782328377
|move|p2a: Farigiraf|Psyshock|p1a: Sinistcha
|-damage|p1a: Sinistcha|0 fnt
|faint|p1a: Sinistcha
|move|p1b: Ceruledge|Bitter Blade|p2a: Farigiraf
|-damage|p2a: Farigiraf|23/100
|-enditem|p2a: Farigiraf|Sitrus Berry|[eat]
|-heal|p2a: Farigiraf|48/100|[from] item: Sitrus Berry
|move|p2b: Basculegion|Wave Crash|p1b: Ceruledge
|-supereffective|p1b: Ceruledge|1
|-damage|p1b: Ceruledge|0 fnt
|faint|p1b: Ceruledge
|-damage|p2b: Basculegion|70/100|[from] Recoil
|
|upkeep
|
|t:|1782328386
|switch|p1b: Raichu|Raichu-Mega-Y, L50, F|100/100
|turn|8
|
|t:|1782328395
|move|p2b: Basculegion|Wave Crash|p1b: Raichu
|-damage|p1b: Raichu|0 fnt
|faint|p1b: Raichu
|-damage|p2b: Basculegion|44/100|[from] Recoil
|
|win|Professor_J93
||Professor_J93 is ready for game 3.
||Yukihiro_SnM is ready for game 3.
|uhtml|next|Next: Game 3 of 3
