|j|☆Mclovingods
|j|☆KodeBeast0526
|html|MclovingodsKodeBeast0526    
|uhtml|bestof|Game 3 of a best-of-3
|t:|1783563649
|gametype|doubles
|player|p1|Mclovingods|170|1228
|player|p2|KodeBeast0526|hiker|1118
|gen|9
|tier|[Gen 9 Champions] VGC 2026 Reg M-B (Bo3)
|rated|
|rule|Species Clause: Limit one of each Pokémon
|rule|Item Clause: Limit 1 of each item
|clearpoke
|poke|p1|Delphox, L50, F|
|poke|p1|Sinistcha, L50|
|poke|p1|Incineroar, L50, F|
|poke|p1|Blastoise, L50, M|
|poke|p1|Kingambit, L50, F|
|poke|p1|Sneasler, L50, M|
|poke|p2|Tyranitar, L50, M, shiny|
|poke|p2|Incineroar, L50, M, shiny|
|poke|p2|Garchomp, L50, M, shiny|
|poke|p2|Sneasler, L50, M, shiny|
|poke|p2|Excadrill, L50, M|
|poke|p2|Sinistcha, L50|
|teampreview|4
|showteam|p1|Delphox||Delphoxite|Blaze|NastyPlot,HeatWave,Psychic,Protect|Timid||F|||50|]Sinistcha||CobaBerry|Hospitality|MatchaGotcha,RagePowder,LifeDew,TrickRoom|Calm|||||50|]Incineroar||SitrusBerry|Intimidate|FakeOut,PartingShot,FlareBlitz,DarkestLariat|Adamant||F|||50|]Blastoise||Blastoisinite|Torrent|WaterSpout,AuraSphere,Protect,ShellSmash|Modest||M|||50|]Kingambit||BlackGlasses|Defiant|IronHead,SwordsDance,SuckerPunch,KowtowCleave|Adamant||F|||50|]Sneasler||WhiteHerb|Unburden|FakeOut,CloseCombat,DireClaw,Protect|Jolly||M|||50|
|showteam|p2|Tyranitar||Tyranitarite|SandStream|RockSlide,KnockOff,IcePunch,Protect|Adamant||M|||50|]Incineroar||SitrusBerry|Intimidate|FakeOut,Protect,PartingShot,FlareBlitz|Impish||M|||50|]Garchomp||LifeOrb|RoughSkin|DragonClaw,RockSlide,Protect,Earthquake|Jolly||M|||50|]Sneasler||WhiteHerb|Unburden|DireClaw,FakeOut,CloseCombat,Protect|Adamant||M|||50|]Excadrill||FocusSash|SandRush|Earthquake,IronHead,RockTomb,Protect|Jolly||M|||50|]Sinistcha||Leftovers|Hospitality|MatchaGotcha,LifeDew,Protect,RagePowder|Bold|||||50|
|
|t:|1783563676
|teamsize|p1|4
|teamsize|p2|4
|start
|switch|p1a: Blastoise|Blastoise, L50, M|100/100
|switch|p1b: Incineroar|Incineroar, L50, F|100/100
|switch|p2a: Incineroar|Incineroar, L50, M, shiny|100/100
|switch|p2b: Sneasler|Sneasler, L50, M, shiny|100/100
|-ability|p2a: Incineroar|Intimidate|boost
|-unboost|p1a: Blastoise|atk|1
|-unboost|p1b: Incineroar|atk|1
|-ability|p1b: Incineroar|Intimidate|boost
|-unboost|p2a: Incineroar|atk|1
|-unboost|p2b: Sneasler|atk|1
|-enditem|p2b: Sneasler|White Herb
|-clearnegativeboost|p2b: Sneasler|[silent]
|turn|1
|inactive|Battle timer is ON: inactive players will automatically lose when time's up. (requested by KodeBeast0526)
|
|t:|1783563686
|switch|p1b: Sneasler|Sneasler, L50, M|100/100
|detailschange|p1a: Blastoise|Blastoise-Mega, L50, M
|-mega|p1a: Blastoise|Blastoise|Blastoisinite
|move|p1a: Blastoise|Protect|p1a: Blastoise
|-singleturn|p1a: Blastoise|Protect
|move|p2b: Sneasler|Fake Out|p1a: Blastoise
|-activate|p1a: Blastoise|move: Protect
|move|p2a: Incineroar|Parting Shot|p1b: Sneasler
|-unboost|p1b: Sneasler|atk|1
|-unboost|p1b: Sneasler|spa|1
|
|t:|1783563698
|switch|p2a: Tyranitar|Tyranitar, L50, M, shiny|100/100|[from] Parting Shot
|-enditem|p1b: Sneasler|White Herb
|-clearnegativeboost|p1b: Sneasler|[silent]
|-weather|Sandstorm|[from] ability: Sand Stream|[of] p2a: Tyranitar
|
|-weather|Sandstorm|[upkeep]
|-damage|p1b: Sneasler|94/100|[from] Sandstorm
|-damage|p2b: Sneasler|94/100|[from] Sandstorm
|-damage|p1a: Blastoise|94/100|[from] Sandstorm
|upkeep
|turn|2
|
|t:|1783563706
|switch|p2a: Incineroar|Incineroar, L50, M, shiny|100/100
|-ability|p2a: Incineroar|Intimidate|boost
|-unboost|p1a: Blastoise|atk|1
|-unboost|p1b: Sneasler|atk|1
|move|p1b: Sneasler|Fake Out|p2b: Sneasler
|-damage|p2b: Sneasler|77/100
|cant|p2b: Sneasler|flinch
|move|p1a: Blastoise|Shell Smash|p1a: Blastoise
|-unboost|p1a: Blastoise|def|1
|-unboost|p1a: Blastoise|spd|1
|-boost|p1a: Blastoise|atk|2
|-boost|p1a: Blastoise|spa|2
|-boost|p1a: Blastoise|spe|2
|
|-weather|Sandstorm|[upkeep]
|-damage|p1b: Sneasler|88/100|[from] Sandstorm
|-damage|p2b: Sneasler|71/100|[from] Sandstorm
|-damage|p1a: Blastoise|88/100|[from] Sandstorm
|-damage|p2a: Incineroar|94/100|[from] Sandstorm
|upkeep
|turn|3
|
|t:|1783563719
|switch|p1b: Incineroar|Incineroar, L50, F|100/100
|-ability|p1b: Incineroar|Intimidate|boost
|-unboost|p2a: Incineroar|atk|1
|-unboost|p2b: Sneasler|atk|1
|move|p1a: Blastoise|Protect|p1a: Blastoise
|-singleturn|p1a: Blastoise|Protect
|move|p2b: Sneasler|Close Combat|p1a: Blastoise
|-activate|p1a: Blastoise|move: Protect
|move|p2a: Incineroar|Parting Shot|p1a: Blastoise
|-activate|p1a: Blastoise|move: Protect
|
|-weather|Sandstorm|[upkeep]
|-damage|p2b: Sneasler|65/100|[from] Sandstorm
|-damage|p1a: Blastoise|82/100|[from] Sandstorm
|-damage|p2a: Incineroar|88/100|[from] Sandstorm
|-damage|p1b: Incineroar|94/100|[from] Sandstorm
|upkeep
|turn|4
|
|t:|1783563735
|move|p2b: Sneasler|Protect|p2b: Sneasler
|-singleturn|p2b: Sneasler|Protect
|move|p1b: Incineroar|Fake Out|p2b: Sneasler
|-activate|p2b: Sneasler|move: Protect
|move|p1a: Blastoise|Water Spout|p2b: Sneasler|[spread] p2a
|-activate|p2b: Sneasler|move: Protect
|-supereffective|p2a: Incineroar|1
|-damage|p2a: Incineroar|0 fnt
|faint|p2a: Incineroar
|
|-weather|Sandstorm|[upkeep]
|-damage|p2b: Sneasler|60/100|[from] Sandstorm
|-damage|p1a: Blastoise|76/100|[from] Sandstorm
|-damage|p1b: Incineroar|88/100|[from] Sandstorm
|upkeep
|
|t:|1783563747
|switch|p2a: Excadrill|Excadrill, L50, M|100/100
|turn|5
|
|t:|1783563761
|switch|p1b: Sneasler|Sneasler, L50, M|88/100
|move|p1a: Blastoise|Protect|p1a: Blastoise
|-singleturn|p1a: Blastoise|Protect
|move|p2b: Sneasler|Close Combat|p1a: Blastoise
|-activate|p1a: Blastoise|move: Protect
|move|p2a: Excadrill|Rock Tomb|p1a: Blastoise
|-activate|p1a: Blastoise|move: Protect
|
|-weather|none
|upkeep
|turn|6
|
|t:|1783563778
|move|p2a: Excadrill|Protect|p2a: Excadrill
|-singleturn|p2a: Excadrill|Protect
|move|p1b: Sneasler|Fake Out|p2a: Excadrill
|-activate|p2a: Excadrill|move: Protect
|move|p2b: Sneasler|Close Combat|p1a: Blastoise
|-damage|p1a: Blastoise|7/100
|-unboost|p2b: Sneasler|def|1
|-unboost|p2b: Sneasler|spd|1
|move|p1a: Blastoise|Water Spout|p2a: Excadrill|[spread] p2b
|-activate|p2a: Excadrill|move: Protect
|-damage|p2b: Sneasler|40/100
|
|upkeep
|turn|7
|
|t:|1783563797
|switch|p1b: Sinistcha|Sinistcha, L50|100/100
|-heal|p1a: Blastoise|32/100|[from] ability: Hospitality|[of] p1b: Sinistcha
|move|p2b: Sneasler|Protect|p2b: Sneasler
|-singleturn|p2b: Sneasler|Protect
|move|p1a: Blastoise|Protect|p1a: Blastoise
|-singleturn|p1a: Blastoise|Protect
|move|p2a: Excadrill|Earthquake|p1b: Sinistcha|[spread] p1b
|-activate|p2b: Sneasler|move: Protect
|-activate|p1a: Blastoise|move: Protect
|-resisted|p1b: Sinistcha|1
|-damage|p1b: Sinistcha|81/100
|
|upkeep
|turn|8
|
|t:|1783563815
|switch|p2b: Tyranitar|Tyranitar, L50, M, shiny|100/100
|-weather|Sandstorm|[from] ability: Sand Stream|[of] p2b: Tyranitar
|move|p2a: Excadrill|Protect|p2a: Excadrill
|-singleturn|p2a: Excadrill|Protect
|move|p1b: Sinistcha|Rage Powder|p1b: Sinistcha
|-singleturn|p1b: Sinistcha|move: Rage Powder
|move|p1a: Blastoise|Aura Sphere|p2a: Excadrill
|-activate|p2a: Excadrill|move: Protect
|
|-weather|Sandstorm|[upkeep]
|-damage|p1a: Blastoise|26/100|[from] Sandstorm
|-damage|p1b: Sinistcha|75/100|[from] Sandstorm
|upkeep
|turn|9
|
|t:|1783563836
|switch|p1b: Incineroar|Incineroar, L50, F|88/100
|-ability|p1b: Incineroar|Intimidate|boost
|-unboost|p2a: Excadrill|atk|1
|-unboost|p2b: Tyranitar|atk|1
|move|p1a: Blastoise|Protect|p1a: Blastoise
|-singleturn|p1a: Blastoise|Protect
|move|p2b: Tyranitar|Protect|p2b: Tyranitar
|-singleturn|p2b: Tyranitar|Protect
|move|p2a: Excadrill|Earthquake|p1a: Blastoise|[spread] p1b
|-activate|p2b: Tyranitar|move: Protect
|-activate|p1a: Blastoise|move: Protect
|-supereffective|p1b: Incineroar|1
|-damage|p1b: Incineroar|34/100
|-enditem|p1b: Incineroar|Sitrus Berry|[eat]
|-heal|p1b: Incineroar|59/100|[from] item: Sitrus Berry
|
|-weather|Sandstorm|[upkeep]
|-damage|p1a: Blastoise|20/100y|[from] Sandstorm
|-damage|p1b: Incineroar|53/100|[from] Sandstorm
|upkeep
|turn|10
|
|t:|1783563848
|switch|p2b: Sneasler|Sneasler, L50, M, shiny|40/100
|move|p1b: Incineroar|Fake Out|p2a: Excadrill
|-resisted|p2a: Excadrill|1
|-damage|p2a: Excadrill|90/100
|cant|p2a: Excadrill|flinch
|move|p1a: Blastoise|Aura Sphere|p2b: Sneasler
|-resisted|p2b: Sneasler|1
|-damage|p2b: Sneasler|0 fnt
|faint|p2b: Sneasler
|
|-weather|Sandstorm|[upkeep]
|-damage|p1a: Blastoise|14/100|[from] Sandstorm
|-damage|p1b: Incineroar|47/100|[from] Sandstorm
|upkeep
|
|t:|1783563856
|switch|p2b: Tyranitar|Tyranitar, L50, M, shiny|100/100
|turn|11
|
|t:|1783563864
|switch|p1b: Sinistcha|Sinistcha, L50|75/100
|-heal|p1a: Blastoise|39/100|[from] ability: Hospitality|[of] p1b: Sinistcha
|move|p1a: Blastoise|Protect|p1a: Blastoise
|-singleturn|p1a: Blastoise|Protect
|move|p2b: Tyranitar|Protect|p2b: Tyranitar
|-singleturn|p2b: Tyranitar|Protect
|move|p2a: Excadrill|Earthquake|p1a: Blastoise|[spread] p1b
|-activate|p2b: Tyranitar|move: Protect
|-activate|p1a: Blastoise|move: Protect
|-resisted|p1b: Sinistcha|1
|-damage|p1b: Sinistcha|62/100
|
|-weather|Sandstorm|[upkeep]
|-damage|p1a: Blastoise|33/100|[from] Sandstorm
|-damage|p1b: Sinistcha|56/100|[from] Sandstorm
|upkeep
|turn|12
|
|t:|1783563883
|switch|p1b: Incineroar|Incineroar, L50, F|47/100
|-ability|p1b: Incineroar|Intimidate|boost
|-unboost|p2a: Excadrill|atk|1
|-unboost|p2b: Tyranitar|atk|1
|detailschange|p2b: Tyranitar|Tyranitar-Mega, L50, M, shiny
|-mega|p2b: Tyranitar|Tyranitar|Tyranitarite
|move|p2a: Excadrill|Earthquake|p1a: Blastoise|[spread] p2b,p1a,p1b
|-supereffective|p2b: Tyranitar|1
|-supereffective|p1b: Incineroar|1
|-damage|p2b: Tyranitar|76/100
|-damage|p1a: Blastoise|6/100
|-damage|p1b: Incineroar|7/100
|move|p1a: Blastoise|Aura Sphere|p2b: Tyranitar
|-supereffective|p2b: Tyranitar|2
|-damage|p2b: Tyranitar|0 fnt
|faint|p2b: Tyranitar
|
|-weather|none
|upkeep
|turn|13
|
|t:|1783563898
|move|p1a: Blastoise|Aura Sphere|p2a: Excadrill
|-supereffective|p2a: Excadrill|1
|-damage|p2a: Excadrill|0 fnt
|faint|p2a: Excadrill
|
|win|Mclovingods
|raw|Mclovingods's rating: 1228 → 1245(+17 for winning)
|raw|KodeBeast0526's rating: 1118 → 1101(-17 for losing)
