|j|☆abadanriyi92
|j|☆AyushXD
|html|abadanriyi92AyushXD    
|uhtml|bestof|Game 1 of a best-of-3
|t:|1785902204
|gametype|doubles
|player|p1|abadanriyi92|colress|1277
|player|p2|AyushXD|lucas|1337
|gen|9
|tier|[Gen 9 Champions] VGC 2026 Reg M-B (Bo3)
|rated|
|rule|Species Clause: Limit one of each Pokémon
|rule|Item Clause: Limit 1 of each item
|clearpoke
|poke|p1|Tyranitar, L50, F|
|poke|p1|Excadrill, L50, M|
|poke|p1|Milotic, L50, M|
|poke|p1|Sinistcha, L50|
|poke|p1|Staraptor, L50, M|
|poke|p1|Gholdengo, L50|
|poke|p2|Gengar, L50, M, shiny|
|poke|p2|Archaludon, L50, M|
|poke|p2|Politoed, L50, M|
|poke|p2|Swampert, L50, F|
|poke|p2|Vivillon, L50, M|
|poke|p2|Incineroar, L50, M|
|teampreview|4
|showteam|p1|Tyranitar||Tyranitarite|SandStream|KnockOff,RockSlide,HighHorsepower,Protect|Jolly||F|||50|]Excadrill||FocusSash|SandRush|Earthquake,IronHead,RockSlide,Protect|Adamant||M|||50|]Milotic||SitrusBerry|Competitive|Scald,IcyWind,Haze,Protect|Calm||M|||50|]Sinistcha||ColburBerry|Hospitality|MatchaGotcha,ShadowBall,Protect,RagePowder|Bold|||||50|]Staraptor||Staraptite|Intimidate|CloseCombat,BraveBird,Tailwind,Protect|Jolly||M|||50|]Gholdengo||LifeOrb|GoodasGold|MakeItRain,ShadowBall,NastyPlot,Protect|Modest|||||50|
|showteam|p2|Gengar||Gengarite|CursedBody|ShadowBall,SludgeBomb,PerishSong,Protect|Modest||M|||50|]Archaludon||Leftovers|Stamina|ElectroShot,DragonPulse,FlashCannon,Protect|Bold||M|||50|]Politoed||SitrusBerry|Drizzle|WeatherBall,Hypnosis,PerishSong,Protect|Calm||M|||50|]Swampert||Swampertite|Torrent|WaveCrash,Earthquake,IcePunch,Protect|Adamant||F|||50|]Vivillon||FocusSash|CompoundEyes|Hurricane,SleepPowder,RagePowder,Protect|Timid||M|||50|]Incineroar||PasshoBerry|Intimidate|ThroatChop,FakeOut,PartingShot,Protect|Impish||M|||50|
|inactive|Battle timer is ON: inactive players will automatically lose when time's up. (requested by AyushXD)
|
|t:|1785902236
|teamsize|p1|4
|teamsize|p2|4
|start
|switch|p1a: Gholdengo|Gholdengo, L50|100/100
|switch|p1b: Sinistcha|Sinistcha, L50|100/100
|switch|p2a: Incineroar|Incineroar, L50, M|100/100
|switch|p2b: Gengar|Gengar, L50, M, shiny|100/100
|-ability|p2a: Incineroar|Intimidate|boost
|-unboost|p1a: Gholdengo|atk|1
|-unboost|p1b: Sinistcha|atk|1
|turn|1
|
|t:|1785902255
|detailschange|p2b: Gengar|Gengar-Mega, L50, M, shiny
|-mega|p2b: Gengar|Gengar|Gengarite
|move|p2b: Gengar|Protect|p2b: Gengar
|-singleturn|p2b: Gengar|Protect
|move|p1b: Sinistcha|Rage Powder|p1b: Sinistcha
|-singleturn|p1b: Sinistcha|move: Rage Powder
|move|p1a: Gholdengo|Shadow Ball|p2b: Gengar
|-activate|p2b: Gengar|move: Protect
|move|p2a: Incineroar|Throat Chop|p1b: Sinistcha
|-supereffective|p1b: Sinistcha|1
|-enditem|p1b: Sinistcha|Colbur Berry|[eat]
|-enditem|p1b: Sinistcha|Colbur Berry|[weaken]
|-damage|p1b: Sinistcha|74/100
|-start|p1b: Sinistcha|Throat Chop|[silent]
|
|upkeep
|turn|2
|
|t:|1785902273
|switch|p2b: Politoed|Politoed, L50, M|100/100
|-weather|RainDance|[from] ability: Drizzle|[of] p2b: Politoed
|move|p1b: Sinistcha|Rage Powder|p1b: Sinistcha
|-singleturn|p1b: Sinistcha|move: Rage Powder
|move|p1a: Gholdengo|Shadow Ball|p2b: Politoed
|-damage|p2b: Politoed|61/100
|-damage|p1a: Gholdengo|90/100|[from] item: Life Orb
|move|p2a: Incineroar|Throat Chop|p1b: Sinistcha
|-supereffective|p1b: Sinistcha|1
|-damage|p1b: Sinistcha|21/100
|
|-weather|RainDance|[upkeep]
|-end|p1b: Sinistcha|Throat Chop|[silent]
|upkeep
|turn|3
|
|t:|1785902304
|move|p1b: Sinistcha|Protect|p1b: Sinistcha
|-singleturn|p1b: Sinistcha|Protect
|move|p1a: Gholdengo|Nasty Plot|p1a: Gholdengo
|-boost|p1a: Gholdengo|spa|2
|move|p2b: Politoed|Weather Ball|p1a: Gholdengo
|-damage|p1a: Gholdengo|45/100
|move|p2a: Incineroar|Throat Chop|p1b: Sinistcha
|-activate|p1b: Sinistcha|move: Protect
|
|-weather|RainDance|[upkeep]
|upkeep
|turn|4
|inactive|abadanriyi92 has 30 seconds left.
|
|t:|1785902331
|switch|p1b: Milotic|Milotic, L50, M|100/100
|move|p1a: Gholdengo|Protect|p1a: Gholdengo
|-singleturn|p1a: Gholdengo|Protect
|move|p2b: Politoed|Protect|p2b: Politoed
|-singleturn|p2b: Politoed|Protect
|move|p2a: Incineroar|Throat Chop|p1a: Gholdengo
|-activate|p1a: Gholdengo|move: Protect
|
|-weather|RainDance|[upkeep]
|upkeep
|turn|5
|inactive|abadanriyi92 has 30 seconds left.
|
|t:|1785902363
|switch|p1b: Sinistcha|Sinistcha, L50|21/100
|-heal|p1a: Gholdengo|70/100|[from] ability: Hospitality|[of] p1b: Sinistcha
|move|p2b: Politoed|Protect||[still]
|-fail|p2b: Politoed
|move|p1a: Gholdengo|Shadow Ball|p2b: Politoed
|-damage|p2b: Politoed|0 fnt
|faint|p2b: Politoed
|-damage|p1a: Gholdengo|60/100|[from] item: Life Orb
|move|p2a: Incineroar|Throat Chop|p1a: Gholdengo
|-supereffective|p1a: Gholdengo|1
|-damage|p1a: Gholdengo|5/100
|-start|p1a: Gholdengo|Throat Chop|[silent]
|
|-weather|RainDance|[upkeep]
|upkeep
|
|t:|1785902378
|switch|p2b: Gengar|Gengar-Mega, L50, M, shiny|100/100
|turn|6
|
|t:|1785902388
|move|p2b: Gengar|Protect|p2b: Gengar
|-singleturn|p2b: Gengar|Protect
|move|p1a: Gholdengo|Protect|p1a: Gholdengo
|-singleturn|p1a: Gholdengo|Protect
|move|p1b: Sinistcha|Protect|p1b: Sinistcha
|-singleturn|p1b: Sinistcha|Protect
|move|p2a: Incineroar|Throat Chop|p1b: Sinistcha
|-activate|p1b: Sinistcha|move: Protect
|
|-weather|none
|-end|p1a: Gholdengo|Throat Chop|[silent]
|upkeep
|turn|7
|
|t:|1785902414
|switch|p2b: Archaludon|Archaludon, L50, M|100/100
|move|p1b: Sinistcha|Rage Powder|p1b: Sinistcha
|-singleturn|p1b: Sinistcha|move: Rage Powder
|move|p1a: Gholdengo|Shadow Ball|p2b: Archaludon
|-damage|p2b: Archaludon|0 fnt
|faint|p2b: Archaludon
|-damage|p1a: Gholdengo|0 fnt|[from] item: Life Orb
|faint|p1a: Gholdengo
|move|p2a: Incineroar|Throat Chop|p1b: Sinistcha
|-supereffective|p1b: Sinistcha|1
|-damage|p1b: Sinistcha|0 fnt
|faint|p1b: Sinistcha
|
|upkeep
|
|t:|1785902429
|switch|p1a: Staraptor|Staraptor, L50, M|100/100
|switch|p2b: Gengar|Gengar-Mega, L50, M, shiny|100/100
|switch|p1b: Milotic|Milotic, L50, M|100/100
|-ability|p1a: Staraptor|Intimidate|boost
|-unboost|p2a: Incineroar|atk|1
|-unboost|p2b: Gengar|atk|1
|turn|8
|
|t:|1785902445
|detailschange|p1a: Staraptor|Staraptor-Mega, L50, M
|-mega|p1a: Staraptor|Staraptor|Staraptite
|move|p2a: Incineroar|Protect|p2a: Incineroar
|-singleturn|p2a: Incineroar|Protect
|move|p1a: Staraptor|Close Combat|p2a: Incineroar
|-activate|p2a: Incineroar|move: Protect
|move|p2b: Gengar|Sludge Bomb|p1a: Staraptor
|-damage|p1a: Staraptor|46/100
|move|p1b: Milotic|Scald|p2a: Incineroar
|-activate|p2a: Incineroar|move: Protect
|
|upkeep
|turn|9
|
|t:|1785902470
|move|p2a: Incineroar|Protect||[still]
|-fail|p2a: Incineroar
|move|p1a: Staraptor|Close Combat|p2a: Incineroar
|-supereffective|p2a: Incineroar|1
|-damage|p2a: Incineroar|9/100
|-boost|p1a: Staraptor|def|1
|-boost|p1a: Staraptor|spd|1
|move|p2b: Gengar|Sludge Bomb|p1a: Staraptor
|-damage|p1a: Staraptor|8/100
|move|p1b: Milotic|Scald|p2a: Incineroar
|-supereffective|p2a: Incineroar|1
|-enditem|p2a: Incineroar|Passho Berry|[eat]
|-enditem|p2a: Incineroar|Passho Berry|[weaken]
|-damage|p2a: Incineroar|0 fnt
|faint|p2a: Incineroar
|
|upkeep
|turn|10
|
|t:|1785902487
|move|p1a: Staraptor|Brave Bird|p2b: Gengar
|-damage|p2b: Gengar|33/100
|-damage|p1a: Staraptor|0 fnt|[from] Recoil
|faint|p1a: Staraptor
|move|p2b: Gengar|Shadow Ball|p1b: Milotic
|-damage|p1b: Milotic|64/100
|move|p1b: Milotic|Scald|p2b: Gengar
|-damage|p2b: Gengar|6/100
|
|upkeep
|turn|11
|
|t:|1785902500
|move|p2b: Gengar|Sludge Bomb|p1b: Milotic
|-damage|p1b: Milotic|28/100
|-status|p1b: Milotic|psn
|-enditem|p1b: Milotic|Sitrus Berry|[eat]
|-heal|p1b: Milotic|53/100 psn|[from] item: Sitrus Berry
|move|p1b: Milotic|Scald|p2b: Gengar
|-damage|p2b: Gengar|0 fnt
|faint|p2b: Gengar
|
|win|abadanriyi92
||AyushXD is ready for game 2.
