|j|☆NotMameon
|j|☆Mameon
|html|NotMameonMameon    
|uhtml|bestof|Game 2 of a best-of-3
|t:|1786018296
|gametype|doubles
|player|p1|NotMameon|red|
|player|p2|Mameon|red|
|gen|9
|tier|[Gen 9 Champions] VGC 2026 Reg M-B (Bo3)
|rule|Species Clause: Limit one of each Pokémon
|rule|Item Clause: Limit 1 of each item
|clearpoke
|poke|p1|Raichu, L50, F|
|poke|p1|Staraptor, L50, F|
|poke|p1|Arcanine-Hisui, L50, M|
|poke|p1|Farigiraf, L50, M|
|poke|p1|Sylveon, L50, F|
|poke|p1|Kingambit, L50, M|
|poke|p2|Tyranitar, L50, M|
|poke|p2|Excadrill, L50, M|
|poke|p2|Milotic, L50, F|
|poke|p2|Sinistcha, L50|
|poke|p2|Staraptor, L50, M|
|poke|p2|Gholdengo, L50, shiny|
|teampreview|4
|showteam|p1|Raichu||RaichuniteY|LightningRod|ZapCannon,FocusBlast,FakeOut,Protect|Timid||F|||50|]Staraptor||Staraptite|Intimidate|CloseCombat,DualWingbeat,Tailwind,Protect|Jolly||F|||50|]Arcanine-Hisui||FocusSash|RockHead|FlareBlitz,HeadSmash,ExtremeSpeed,Protect|Jolly||M|||50|]Farigiraf||SitrusBerry|ArmorTail|Psychic,HelpingHand,TrickRoom,Protect|Calm||M|||50|]Sylveon||FairyFeather|Pixilate|HyperVoice,QuickAttack,HyperBeam,Detect|Modest||F|||50|]Kingambit||LifeOrb|Defiant|KowtowCleave,SuckerPunch,SwordsDance,Protect|Adamant||M|||50|
|showteam|p2|Tyranitar||Tyranitarite|SandStream|RockSlide,KnockOff,LowKick,Protect|Jolly||M|||50|]Excadrill||FocusSash|SandRush|IronHead,HighHorsepower,RockSlide,Protect|Jolly||M|||50|]Milotic||SitrusBerry|Competitive|Scald,IcyWind,IceBeam,Protect|Calm||F|||50|]Sinistcha||ColburBerry|Hospitality|MatchaGotcha,ShadowBall,Protect,RagePowder|Bold|||||50|]Staraptor||Staraptite|Intimidate|CloseCombat,BraveBird,Tailwind,Protect|Jolly||M|||50|]Gholdengo||LifeOrb|GoodasGold|ShadowBall,MakeItRain,NastyPlot,Protect|Modest|||||50|
|
|t:|1786018417
|teamsize|p1|4
|teamsize|p2|4
|start
|switch|p1a: Staraptor|Staraptor, L50, F|100/100
|switch|p1b: Raichu|Raichu, L50, F|100/100
|switch|p2a: Milotic|Milotic, L50, F|100/100
|switch|p2b: Sinistcha|Sinistcha, L50|100/100
|-ability|p1a: Staraptor|Intimidate|boost
|-unboost|p2a: Milotic|atk|1
|-ability|p2a: Milotic|Competitive|boost
|-boost|p2a: Milotic|spa|2
|-unboost|p2b: Sinistcha|atk|1
|turn|1
|
|t:|1786018466
|detailschange|p1b: Raichu|Raichu-Mega-Y, L50, F
|-mega|p1b: Raichu|Raichu|Raichunite Y
|move|p2b: Sinistcha|Rage Powder|p2b: Sinistcha
|-singleturn|p2b: Sinistcha|move: Rage Powder
|move|p1b: Raichu|Zap Cannon|p2b: Sinistcha
|-resisted|p2b: Sinistcha|1
|-crit|p2b: Sinistcha
|-damage|p2b: Sinistcha|50/100g
|-status|p2b: Sinistcha|par
|move|p1a: Staraptor|Dual Wingbeat|p2b: Sinistcha
|-supereffective|p2b: Sinistcha|1
|-damage|p2b: Sinistcha|22/100 par
|-supereffective|p2b: Sinistcha|1
|-damage|p2b: Sinistcha|0 fnt
|faint|p2b: Sinistcha
|-hitcount|p2: Sinistcha|2
|move|p2a: Milotic|Ice Beam|p1a: Staraptor
|-supereffective|p1a: Staraptor|1
|-damage|p1a: Staraptor|0 fnt
|faint|p1a: Staraptor
|
|upkeep
|
|t:|1786018490
|switch|p1a: Kingambit|Kingambit, L50, M|100/100
|switch|p2b: Excadrill|Excadrill, L50, M|100/100
|turn|2
|
|t:|1786018569
|switch|p2a: Tyranitar|Tyranitar, L50, M|100/100
|-weather|Sandstorm|[from] ability: Sand Stream|[of] p2a: Tyranitar
|move|p1a: Kingambit|Sucker Punch|p2b: Excadrill
|-damage|p2b: Excadrill|20/100r
|-damage|p1a: Kingambit|90/100|[from] item: Life Orb
|move|p2b: Excadrill|High Horsepower|p1b: Raichu
|-supereffective|p1b: Raichu|1
|-damage|p1b: Raichu|0 fnt
|faint|p1b: Raichu
|
|-weather|Sandstorm|[upkeep]
|upkeep
|
|t:|1786018581
|switch|p1b: Sylveon|Sylveon, L50, F|100/100
|turn|3
|
|t:|1786018611
|detailschange|p2a: Tyranitar|Tyranitar-Mega, L50, M
|-mega|p2a: Tyranitar|Tyranitar|Tyranitarite
|move|p1a: Kingambit|Sucker Punch|p2b: Excadrill
|-damage|p2b: Excadrill|0 fnt
|faint|p2b: Excadrill
|-damage|p1a: Kingambit|80/100|[from] item: Life Orb
|move|p2a: Tyranitar|Low Kick|p1a: Kingambit
|-supereffective|p1a: Kingambit|2
|-damage|p1a: Kingambit|0 fnt
|faint|p1a: Kingambit
|move|p1b: Sylveon|Hyper Beam|p2a: Tyranitar
|-supereffective|p2a: Tyranitar|1
|-damage|p2a: Tyranitar|0 fnt
|-mustrecharge|p1b: Sylveon
|faint|p2a: Tyranitar
|
|-weather|Sandstorm|[upkeep]
|-damage|p1b: Sylveon|93/100|[from] Sandstorm
|upkeep
|
|t:|1786018627
|switch|p2b: Milotic|Milotic, L50, F|100/100
|turn|4
|
|t:|1786018632
|move|p2b: Milotic|Scald|p1b: Sylveon
|-damage|p1b: Sylveon|69/100
|-status|p1b: Sylveon|brn
|cant|p1b: Sylveon|recharge
|
|-weather|Sandstorm|[upkeep]
|-damage|p2b: Milotic|94/100|[from] Sandstorm
|-damage|p1b: Sylveon|63/100 brn|[from] Sandstorm
|-damage|p1b: Sylveon|57/100 brn|[from] brn
|upkeep
|turn|5
|
|t:|1786018649
|move|p2b: Milotic|Scald|p1b: Sylveon
|-crit|p1b: Sylveon
|-damage|p1b: Sylveon|25/100 brn
|move|p1b: Sylveon|Hyper Voice|p2b: Milotic
|-damage|p2b: Milotic|51/100
|
|-weather|Sandstorm|[upkeep]
|-damage|p2b: Milotic|45/100|[from] Sandstorm
|-damage|p1b: Sylveon|19/100 brn|[from] Sandstorm
|-enditem|p2b: Milotic|Sitrus Berry|[eat]
|-heal|p2b: Milotic|70/100|[from] item: Sitrus Berry
|-damage|p1b: Sylveon|13/100 brn|[from] brn
|upkeep
|turn|6
|
|t:|1786018665
|move|p2b: Milotic|Protect|p2b: Milotic
|-singleturn|p2b: Milotic|Protect
|move|p1b: Sylveon|Hyper Beam|p2b: Milotic
|-activate|p2b: Milotic|move: Protect
|
|-weather|none
|-damage|p1b: Sylveon|7/100 brn|[from] brn
|upkeep
|turn|7
|
|t:|1786018677
|move|p2b: Milotic|Scald|p1b: Sylveon
|-damage|p1b: Sylveon|0 fnt
|faint|p1b: Sylveon
|
|win|Mameon
