|j|☆SuperNovaKush
|j|☆TitanoPigro3
|html|SuperNovaKushTitanoPigro3    
|uhtml|bestof|Game 1 of a best-of-3
|t:|1785517733
|gametype|doubles
|player|p1|SuperNovaKush|red|
|player|p2|TitanoPigro3|red|
|gen|9
|tier|[Gen 9 Champions] VGC 2026 Reg M-B (Bo3)
|rule|Species Clause: Limit one of each Pokémon
|rule|Item Clause: Limit 1 of each item
|clearpoke
|poke|p1|Hydreigon, L50, F|
|poke|p1|Primarina, L50, F|
|poke|p1|Corviknight, L50, M|
|poke|p1|Kangaskhan, L50, F|
|poke|p1|Delphox, L50, M|
|poke|p1|Venusaur, L50, F|
|poke|p2|Ceruledge, L50, M|
|poke|p2|Kommo-o, L50, M|
|poke|p2|Milotic, L50, F|
|poke|p2|Serperior, L50, M|
|poke|p2|Wyrdeer, L50, F|
|poke|p2|Gardevoir, L50, M|
|teampreview|4
|showteam|p1|Hydreigon||ChoiceScarf|Levitate|Snarl,DarkPulse,HeatWave,DracoMeteor|Modest||F|||50|]Primarina||LifeOrb|LiquidVoice|HyperVoice,Moonblast,CalmMind,Protect|Modest||F|||50|]Corviknight||SitrusBerry|MirrorArmor|Tailwind,IronHead,BodyPress,IronDefense|Bold||M|||50|]Kangaskhan||SilkScarf|Scrappy|FakeOut,LastResort|Adamant||F|||50|]Delphox||Delphoxite|Magician|HeatWave,Psychic,NastyPlot,Protect|Timid||M|||50|]Venusaur||Venusaurite|Chlorophyll|LeafStorm,Earthquake,SludgeBomb,Protect|Modest||F|||50|
|showteam|p2|Ceruledge||Charcoal|FlashFire|BitterBlade,ShadowSneak,BulkUp,Protect|Adamant||M|||50|]Kommo-o||DragonFang|Soundproof|ClangingScales,DrainPunch,ClangorousSoul,Protect|Naive||M|||50|]Milotic||Leftovers|Competitive|MuddyWater,Hypnosis,LifeDew,Coil|Sassy||F|||50|]Serperior||SitrusBerry|Contrary|LeafStorm,LightScreen,Reflect,Glare|Timid||M|||50|]Wyrdeer||ColburBerry|Intimidate|PsyshieldBash,Gravity,Hypnosis,TrickRoom|Adamant||F|||50|]Gardevoir||Gardevoirite|Trace|HyperVoice,Psyshock,TrickRoom,Protect|Modest||M|||50|
|inactive|Battle timer is ON: inactive players will automatically lose when time's up. (requested by TitanoPigro3)
|inactive|SuperNovaKush has 60 seconds left.
|inactive|TitanoPigro3 has 60 seconds left.
|inactive|SuperNovaKush has 30 seconds left.
|inactive|TitanoPigro3 has 30 seconds left.
|inactive|SuperNovaKush has 20 seconds left.
|inactive|TitanoPigro3 has 20 seconds left.
|inactive|SuperNovaKush has 15 seconds left.
|inactive|TitanoPigro3 has 15 seconds left.
|inactive|SuperNovaKush has 10 seconds left.
|inactive|TitanoPigro3 has 10 seconds left.
|inactive|TitanoPigro3 has 5 seconds left.
|
|t:|1785517820
|teamsize|p1|4
|teamsize|p2|4
|start
|switch|p1a: Kangaskhan|Kangaskhan, L50, F|100/100
|switch|p1b: Venusaur|Venusaur, L50, F|100/100
|switch|p2a: Wyrdeer|Wyrdeer, L50, F|100/100
|switch|p2b: Milotic|Milotic, L50, F|100/100
|-ability|p2a: Wyrdeer|Intimidate|boost
|-fail|p1a: Kangaskhan|unboost|Attack|[from] ability: Scrappy|[of] p1a: Kangaskhan
|-unboost|p1b: Venusaur|atk|1
|turn|1
|
|t:|1785517836
|switch|p2b: Ceruledge|Ceruledge, L50, M|100/100
|detailschange|p1b: Venusaur|Venusaur-Mega, L50, F
|-mega|p1b: Venusaur|Venusaur|Venusaurite
|move|p1a: Kangaskhan|Fake Out|p2a: Wyrdeer
|-damage|p2a: Wyrdeer|73/100
|move|p1b: Venusaur|Leaf Storm|p2b: Ceruledge
|-resisted|p2b: Ceruledge|1
|-damage|p2b: Ceruledge|62/100
|-unboost|p1b: Venusaur|spa|2
|cant|p2a: Wyrdeer|flinch
|
|upkeep
|turn|2
|inactive|SuperNovaKush has 30 seconds left.
|inactive|TitanoPigro3 has 30 seconds left.
|
|t:|1785517863
|switch|p1b: Primarina|Primarina, L50, F|100/100
|move|p2b: Ceruledge|Protect|p2b: Ceruledge
|-singleturn|p2b: Ceruledge|Protect
|move|p1a: Kangaskhan|Last Resort|p2a: Wyrdeer
|-damage|p2a: Wyrdeer|0 fnt
|faint|p2a: Wyrdeer
|
|upkeep
|
|t:|1785517872
|switch|p2a: Serperior|Serperior, L50, M|100/100
|turn|3
|
|t:|1785517891
|move|p1b: Primarina|Protect|p1b: Primarina
|-singleturn|p1b: Primarina|Protect
|move|p2a: Serperior|Leaf Storm|p1a: Kangaskhan|[miss]
|-miss|p2a: Serperior|p1a: Kangaskhan
|move|p2b: Ceruledge|Bitter Blade|p1a: Kangaskhan
|-damage|p1a: Kangaskhan|52/100
|-heal|p2b: Ceruledge|90/100|[from] drain|[of] p1a: Kangaskhan
|move|p1a: Kangaskhan|Last Resort|p2b: Ceruledge
|-damage|p2b: Ceruledge|22/100
|
|upkeep
|turn|4
|
|t:|1785517913
|switch|p1b: Venusaur|Venusaur-Mega, L50, F|100/100
|move|p2a: Serperior|Leaf Storm|p1a: Kangaskhan
|-damage|p1a: Kangaskhan|17/100
|-boost|p2a: Serperior|spa|2
|move|p2b: Ceruledge|Bitter Blade|p1b: Venusaur
|-supereffective|p1b: Venusaur|1
|-damage|p1b: Venusaur|54/100
|-heal|p2b: Ceruledge|41/100|[from] drain|[of] p1b: Venusaur
|move|p1a: Kangaskhan|Last Resort|p2a: Serperior
|-damage|p2a: Serperior|20/100y
|-enditem|p2a: Serperior|Sitrus Berry|[eat]
|-heal|p2a: Serperior|45/100|[from] item: Sitrus Berry
|
|upkeep
|turn|5
|inactive|SuperNovaKush has 30 seconds left.
|
|t:|1785517943
|switch|p1a: Corviknight|Corviknight, L50, M|100/100
|move|p2a: Serperior|Leaf Storm|p1a: Corviknight
|-resisted|p1a: Corviknight|2
|-damage|p1a: Corviknight|87/100
|-boost|p2a: Serperior|spa|2
|move|p1b: Venusaur|Sludge Bomb|p2a: Serperior
|-supereffective|p2a: Serperior|1
|-damage|p2a: Serperior|0 fnt
|faint|p2a: Serperior
|move|p2b: Ceruledge|Bitter Blade|p1b: Venusaur
|-supereffective|p1b: Venusaur|1
|-damage|p1b: Venusaur|4/100
|-heal|p2b: Ceruledge|63/100|[from] drain|[of] p1b: Venusaur
|
|upkeep
|
|t:|1785517957
|switch|p2a: Milotic|Milotic, L50, F|100/100
|turn|6
|
|t:|1785517969
|move|p2b: Ceruledge|Shadow Sneak|p1b: Venusaur
|-damage|p1b: Venusaur|0 fnt
|faint|p1b: Venusaur
|move|p2a: Milotic|Coil|p2a: Milotic
|-boost|p2a: Milotic|atk|1
|-boost|p2a: Milotic|def|1
|-boost|p2a: Milotic|accuracy|1
|move|p1a: Corviknight|Tailwind|p1a: Corviknight
|-sidestart|p1: SuperNovaKush|move: Tailwind
|
|upkeep
|
|t:|1785517985
|switch|p1b: Kangaskhan|Kangaskhan, L50, F|17/100
|turn|7
|
|t:|1785517997
|switch|p1a: Primarina|Primarina, L50, F|100/100
|move|p1b: Kangaskhan|Fake Out|p2a: Milotic
|-damage|p2a: Milotic|86/100
|move|p2b: Ceruledge|Bitter Blade|p1a: Primarina
|-resisted|p1a: Primarina|1
|-damage|p1a: Primarina|69/100
|-heal|p2b: Ceruledge|79/100|[from] drain|[of] p1a: Primarina
|cant|p2a: Milotic|flinch
|
|-heal|p2a: Milotic|92/100|[from] item: Leftovers
|upkeep
|turn|8
|
|t:|1785518017
|move|p1b: Kangaskhan|Last Resort|p2b: Ceruledge
|-damage|p2b: Ceruledge|7/100
|move|p1a: Primarina|Hyper Voice|p2b: Ceruledge|[spread] p2a,p2b
|-resisted|p2a: Milotic|1
|-supereffective|p2b: Ceruledge|1
|-damage|p2a: Milotic|76/100
|-damage|p2b: Ceruledge|0 fnt
|faint|p2b: Ceruledge
|-damage|p1a: Primarina|59/100|[from] item: Life Orb
|move|p2a: Milotic|Hypnosis|p1a: Primarina|[miss]
|-miss|p2a: Milotic|p1a: Primarina
|
|-heal|p2a: Milotic|82/100|[from] item: Leftovers
|upkeep
|turn|9
|
|t:|1785518034
|move|p1b: Kangaskhan|Last Resort|p2a: Milotic
|-damage|p2a: Milotic|43/100
|move|p1a: Primarina|Moonblast|p2a: Milotic
|-damage|p2a: Milotic|0 fnt
|faint|p2a: Milotic
|-damage|p1a: Primarina|50/100g|[from] item: Life Orb
|
|win|SuperNovaKush
||SuperNovaKush is ready for game 2.
||TitanoPigro3 is ready for game 2.
|uhtml|next|Next: Game 2 of 3
|l|☆TitanoPigro3
|player|p2|
