|j|☆roggenrola05019
|j|☆Napo777
|html|roggenrola05019Napo777    
|uhtml|bestof|Game 2 of a best-of-3
|t:|1786196267
|gametype|doubles
|player|p1|roggenrola05019|170|
|player|p2|Napo777|nurse|
|gen|9
|tier|[Gen 9 Champions] VGC 2026 Reg M-B (Bo3)
|rule|Species Clause: Limit one of each Pokémon
|rule|Item Clause: Limit 1 of each item
|clearpoke
|poke|p1|Mawile, L50, F|
|poke|p1|Charizard, L50, F|
|poke|p1|Farigiraf, L50, F|
|poke|p1|Garchomp, L50, F|
|poke|p1|Venusaur, L50, M|
|poke|p1|Incineroar, L50, F, shiny|
|poke|p2|Raichu, L50, F|
|poke|p2|Primarina, L50, M|
|poke|p2|Gholdengo, L50|
|poke|p2|Meowscarada, L50, M|
|poke|p2|Staraptor, L50, F|
|poke|p2|Whimsicott, L50, F|
|teampreview|4
|showteam|p1|Mawile||Mawilite|HyperCutter|PlayRough,SuckerPunch,RockSlide,Protect|Brave||F|||50|]Charizard||CharizarditeY|Blaze|HeatWave,WeatherBall,SolarBeam,Protect|Modest||F|||50|]Farigiraf||ColburBerry|ArmorTail|Psychic,Thunderbolt,HelpingHand,TrickRoom|Modest||F|||50|]Garchomp||LifeOrb|RoughSkin|DragonClaw,Earthquake,RockSlide,Protect|Jolly||F|||50|]Venusaur||FocusSash|Chlorophyll|LeafStorm,SludgeBomb,SleepPowder,Protect|Modest||M|||50|]Incineroar||SitrusBerry|Intimidate|FlareBlitz,DarkestLariat,PartingShot,FakeOut|Careful||F|||50|
|showteam|p2|Raichu||RaichuniteY|LightningRod|FakeOut,ZapCannon,FocusBlast,Protect|Timid||F|||50|]Primarina||SitrusBerry|LiquidVoice|HyperVoice,CalmMind,DazzlingGleam,Protect|Modest||M|||50|]Gholdengo||FocusSash|GoodasGold|ShadowBall,PowerGem,MakeItRain,NastyPlot|Timid|||||50|]Meowscarada||LifeOrb|Overgrow|FlowerTrick,LowKick,SuckerPunch,Protect|Adamant||M|||50|]Staraptor||Staraptite|Intimidate|BraveBird,CloseCombat,Roost,Protect|Jolly||F|||50|]Whimsicott||OccaBerry|Prankster|Encore,Charm,Tailwind,Moonblast|Timid||F|||50|
|j| winsomelosealot
|j| goodryan2630
|j| mirrorer
|l| winsomelosealot
|j| 86test
|j| winsomelosealot
|
|t:|1786196386
|teamsize|p1|4
|teamsize|p2|4
|start
|switch|p1a: Incineroar|Incineroar, L50, F, shiny|100/100
|switch|p1b: Farigiraf|Farigiraf, L50, F|100/100
|switch|p2a: Raichu|Raichu, L50, F|100/100
|switch|p2b: Primarina|Primarina, L50, M|100/100
|-ability|p1a: Incineroar|Intimidate|boost
|-unboost|p2a: Raichu|atk|1
|-unboost|p2b: Primarina|atk|1
|turn|1
|l| winsomelosealot
|j| winsomelosealot
|
|t:|1786196433
|detailschange|p2a: Raichu|Raichu-Mega-Y, L50, F
|-mega|p2a: Raichu|Raichu|Raichunite Y
|move|p1a: Incineroar|Fake Out|p2b: Primarina
|-damage|p2b: Primarina|89/100
|move|p2a: Raichu|Focus Blast|p1a: Incineroar
|-supereffective|p1a: Incineroar|1
|-damage|p1a: Incineroar|32/100
|-enditem|p1a: Incineroar|Sitrus Berry|[eat]
|-heal|p1a: Incineroar|57/100|[from] item: Sitrus Berry
|cant|p2b: Primarina|flinch
|move|p1b: Farigiraf|Trick Room|p1b: Farigiraf
|-fieldstart|move: Trick Room|[of] p1b: Farigiraf
|
|upkeep
|turn|2
|
|t:|1786196501
|move|p1b: Farigiraf|Thunderbolt|p2b: Primarina
|-supereffective|p2b: Primarina|1
|-damage|p2b: Primarina|35/100
|-enditem|p2b: Primarina|Sitrus Berry|[eat]
|-heal|p2b: Primarina|60/100|[from] item: Sitrus Berry
|move|p1a: Incineroar|Flare Blitz|p2a: Raichu
|-damage|p2a: Raichu|20/100y
|-damage|p1a: Incineroar|35/100|[from] Recoil
|move|p2b: Primarina|Calm Mind|p2b: Primarina
|-boost|p2b: Primarina|spa|1
|-boost|p2b: Primarina|spd|1
|move|p2a: Raichu|Zap Cannon|p1a: Incineroar
|-damage|p1a: Incineroar|0 fnt
|faint|p1a: Incineroar
|
|upkeep
|j| otenkoz
|
|t:|1786196526
|switch|p1a: Charizard|Charizard, L50, F|100/100
|turn|3
|
|t:|1786196554
|detailschange|p1a: Charizard|Charizard-Mega-Y, L50, F
|-mega|p1a: Charizard|Charizard|Charizardite Y
|-weather|SunnyDay|[from] ability: Drought|[of] p1a: Charizard
|move|p2b: Primarina|Protect|p2b: Primarina
|-singleturn|p2b: Primarina|Protect
|move|p1b: Farigiraf|Thunderbolt|p2b: Primarina
|-activate|p2b: Primarina|move: Protect
|move|p1a: Charizard|Heat Wave|p2a: Raichu|[spread] p2a
|-activate|p2b: Primarina|move: Protect
|-damage|p2a: Raichu|0 fnt
|faint|p2a: Raichu
|
|-weather|SunnyDay|[upkeep]
|upkeep
|
|t:|1786196565
|switch|p2a: Gholdengo|Gholdengo, L50|100/100
|turn|4
|
|t:|1786196594
|move|p1b: Farigiraf|Psychic|p2a: Gholdengo
|-resisted|p2a: Gholdengo|1
|-damage|p2a: Gholdengo|77/100
|move|p2b: Primarina|Hyper Voice|p1b: Farigiraf|[spread] p1a,p1b
|-supereffective|p1a: Charizard|1
|-damage|p1a: Charizard|52/100
|-damage|p1b: Farigiraf|75/100
|move|p1a: Charizard|Weather Ball|p2a: Gholdengo
|-supereffective|p2a: Gholdengo|1
|-damage|p2a: Gholdengo|0 fnt
|faint|p2a: Gholdengo
|
|-weather|SunnyDay|[upkeep]
|upkeep
|
|t:|1786196615
|switch|p2a: Meowscarada|Meowscarada, L50, M|100/100
|turn|5
|
|t:|1786196655
|move|p2b: Primarina|Protect|p2b: Primarina
|-singleturn|p2b: Primarina|Protect
|move|p2a: Meowscarada|Protect|p2a: Meowscarada
|-singleturn|p2a: Meowscarada|Protect
|move|p1b: Farigiraf|Thunderbolt|p2b: Primarina
|-activate|p2b: Primarina|move: Protect
|move|p1a: Charizard|Heat Wave|p2a: Meowscarada|[spread] 
|-activate|p2a: Meowscarada|move: Protect
|-activate|p2b: Primarina|move: Protect
|
|-weather|SunnyDay|[upkeep]
|-fieldend|move: Trick Room
|upkeep
|turn|6
|
|t:|1786196685
|move|p2a: Meowscarada|Flower Trick|p1a: Charizard
|-resisted|p1a: Charizard|2
|-crit|p1a: Charizard
|-damage|p1a: Charizard|33/100
|-damage|p2a: Meowscarada|90/100|[from] item: Life Orb
|move|p1a: Charizard|Weather Ball|p2a: Meowscarada
|-supereffective|p2a: Meowscarada|1
|-damage|p2a: Meowscarada|0 fnt
|faint|p2a: Meowscarada
|move|p2b: Primarina|Hyper Voice|p1a: Charizard|[spread] p1a,p1b
|-supereffective|p1a: Charizard|1
|-damage|p1a: Charizard|0 fnt
|-damage|p1b: Farigiraf|53/100
|faint|p1a: Charizard
|move|p1b: Farigiraf|Thunderbolt|p2b: Primarina
|-supereffective|p2b: Primarina|1
|-damage|p2b: Primarina|26/100
|-status|p2b: Primarina|par
|
|-weather|SunnyDay|[upkeep]
|upkeep
|
|t:|1786196701
|switch|p1a: Garchomp|Garchomp, L50, F|100/100
|turn|7
|
|t:|1786196711
|move|p1a: Garchomp|Earthquake|p2b: Primarina|[spread] p1b,p2b
|-damage|p1b: Farigiraf|8/100
|-damage|p2b: Primarina|0 fnt
|faint|p2b: Primarina
|-damage|p1a: Garchomp|90/100|[from] item: Life Orb
|
|win|roggenrola05019
|l| winsomelosealot
