|j|☆JLUKES
|j|☆abadanriyi92
|html|JLUKESabadanriyi92    
|uhtml|bestof|Game 2 of a best-of-3
|t:|1785894746
|gametype|doubles
|player|p1|JLUKES|265|1348
|player|p2|abadanriyi92|colress|1309
|gen|9
|tier|[Gen 9 Champions] VGC 2026 Reg M-B (Bo3)
|rated|
|rule|Species Clause: Limit one of each Pokémon
|rule|Item Clause: Limit 1 of each item
|clearpoke
|poke|p1|Delphox, L50, F|
|poke|p1|Garchomp, L50, M|
|poke|p1|Staraptor, L50, F|
|poke|p1|Whimsicott, L50, M|
|poke|p1|Glimmora, L50, F|
|poke|p1|Kingambit, L50, M|
|poke|p2|Tyranitar, L50, M|
|poke|p2|Excadrill, L50, M|
|poke|p2|Milotic, L50, M|
|poke|p2|Sinistcha, L50|
|poke|p2|Staraptor, L50, F|
|poke|p2|Gholdengo, L50|
|teampreview|4
|showteam|p1|Delphox||Delphoxite|Blaze|Psychic,HeatWave,Encore,Protect|Timid||F|||50|]Garchomp||ChoiceScarf|RoughSkin|Earthquake,StompingTantrum,DragonClaw,RockSlide|Adamant||M|||50|]Staraptor||Staraptite|Intimidate|CloseCombat,BraveBird,Roost,Protect|Jolly||F|||50|]Whimsicott||OccaBerry|Prankster|Moonblast,Charm,Tailwind,LightScreen|Timid||M|||50|]Glimmora||FocusSash|ToxicDebris|SludgeBomb,PowerGem,EarthPower,SpikyShield|Modest||F|||50|]Kingambit||ChopleBerry|Defiant|KowtowCleave,SuckerPunch,IronHead,LowKick|Adamant||M|||50|
|showteam|p2|Tyranitar||Tyranitarite|SandStream|KnockOff,RockSlide,HighHorsepower,Protect|Jolly||M|||50|]Excadrill||FocusSash|SandRush|Earthquake,IronHead,RockSlide,Protect|Adamant||M|||50|]Milotic||SitrusBerry|Competitive|Scald,IcyWind,Haze,Protect|Calm||M|||50|]Sinistcha||ColburBerry|Hospitality|MatchaGotcha,ShadowBall,Protect,RagePowder|Bold|||||50|]Staraptor||Staraptite|Intimidate|CloseCombat,BraveBird,Tailwind,Protect|Jolly||F|||50|]Gholdengo||LifeOrb|GoodasGold|MakeItRain,ShadowBall,NastyPlot,Protect|Modest|||||50|
|inactive|Battle timer is ON: inactive players will automatically lose when time's up. (requested by abadanriyi92)
|
|t:|1785894799
|teamsize|p1|4
|teamsize|p2|4
|start
|switch|p1a: Delphox|Delphox, L50, F|100/100
|switch|p1b: Whimsicott|Whimsicott, L50, M|100/100
|switch|p2a: Tyranitar|Tyranitar, L50, M|100/100
|switch|p2b: Excadrill|Excadrill, L50, M|100/100
|-weather|Sandstorm|[from] ability: Sand Stream|[of] p2a: Tyranitar
|turn|1
|inactive|JLUKES has 30 seconds left.
|inactive|abadanriyi92 has 30 seconds left.
|inactive|JLUKES has 20 seconds left.
|inactive|abadanriyi92 has 20 seconds left.
|inactive|JLUKES has 15 seconds left.
|inactive|JLUKES has 10 seconds left.
|
|t:|1785894847
|switch|p1a: Kingambit|Kingambit, L50, M|100/100
|move|p1b: Whimsicott|Charm|p2b: Excadrill
|-unboost|p2b: Excadrill|atk|2
|move|p2b: Excadrill|Iron Head|p1b: Whimsicott
|-supereffective|p1b: Whimsicott|1
|-crit|p1b: Whimsicott
|-damage|p1b: Whimsicott|0 fnt
|faint|p1b: Whimsicott
|move|p2a: Tyranitar|Rock Slide|p1a: Kingambit|[miss]
|-miss|p2a: Tyranitar|p1a: Kingambit
|
|-weather|Sandstorm|[upkeep]
|upkeep
|inactive|JLUKES has 30 seconds left.
|inactive|JLUKES has 20 seconds left.
|inactive|JLUKES has 15 seconds left.
|
|t:|1785894890
|switch|p1b: Delphox|Delphox, L50, F|100/100
|turn|2
|inactive|JLUKES has 30 seconds left.
|inactive|abadanriyi92 has 30 seconds left.
|inactive|abadanriyi92 has 20 seconds left.
|
|t:|1785894927
|detailschange|p1b: Delphox|Delphox-Mega, L50, F
|-mega|p1b: Delphox|Delphox|Delphoxite
|move|p1b: Delphox|Protect|p1b: Delphox
|-singleturn|p1b: Delphox|Protect
|move|p2b: Excadrill|Rock Slide|p1a: Kingambit|[spread] p1a
|-activate|p1b: Delphox|move: Protect
|-resisted|p1a: Kingambit|1
|-damage|p1a: Kingambit|95/100
|move|p2a: Tyranitar|High Horsepower|p1a: Kingambit
|-supereffective|p1a: Kingambit|1
|-crit|p1a: Kingambit
|-damage|p1a: Kingambit|24/100
|cant|p1a: Kingambit|flinch
|
|-weather|Sandstorm|[upkeep]
|-damage|p1b: Delphox|94/100|[from] Sandstorm
|upkeep
|turn|3
|inactive|JLUKES has 30 seconds left.
|inactive|abadanriyi92 has 30 seconds left.
|inactive|JLUKES has 20 seconds left.
|inactive|JLUKES has 15 seconds left.
|inactive|JLUKES has 10 seconds left.
|inactive|JLUKES has 5 seconds left.
|
|t:|1785894981
|move|p2b: Excadrill|Rock Slide|p1a: Kingambit|[spread] p1a,p1b
|-resisted|p1a: Kingambit|1
|-supereffective|p1b: Delphox|1
|-damage|p1a: Kingambit|20/100y
|-damage|p1b: Delphox|59/100
|cant|p1b: Delphox|flinch
|move|p2a: Tyranitar|High Horsepower|p1a: Kingambit
|-supereffective|p1a: Kingambit|1
|-damage|p1a: Kingambit|0 fnt
|faint|p1a: Kingambit
|
|-weather|Sandstorm|[upkeep]
|-damage|p1b: Delphox|53/100|[from] Sandstorm
|upkeep
|
|t:|1785894989
|switch|p1a: Glimmora|Glimmora, L50, F|100/100
|turn|4
|
|t:|1785895017
|move|p2b: Excadrill|Rock Slide|p1a: Glimmora|[spread] p1a
|-miss|p2b: Excadrill|p1b: Delphox
|-damage|p1a: Glimmora|86/100
|-activate|p1a: Glimmora|ability: Toxic Debris
|-sidestart|p2: abadanriyi92|move: Toxic Spikes
|move|p1b: Delphox|Heat Wave|p2a: Tyranitar|[spread] p2a,p2b
|-resisted|p2a: Tyranitar|1
|-supereffective|p2b: Excadrill|1
|-damage|p2a: Tyranitar|85/100
|-enditem|p2b: Excadrill|Focus Sash
|-damage|p2b: Excadrill|1/100
|-status|p2b: Excadrill|brn
|move|p1a: Glimmora|Earth Power|p2a: Tyranitar
|-supereffective|p2a: Tyranitar|1
|-damage|p2a: Tyranitar|42/100
|move|p2a: Tyranitar|Rock Slide|p1a: Glimmora|[spread] p1a,p1b
|-supereffective|p1b: Delphox|1
|-damage|p1a: Glimmora|52/100
|-damage|p1b: Delphox|0 fnt
|-activate|p1a: Glimmora|ability: Toxic Debris
|-sidestart|p2: abadanriyi92|move: Toxic Spikes
|faint|p1b: Delphox
|
|-weather|Sandstorm|[upkeep]
|-damage|p2b: Excadrill|0 fnt|[from] brn
|faint|p2b: Excadrill
|upkeep
|
|t:|1785895040
|switch|p2b: Staraptor|Staraptor, L50, F|100/100
|-ability|p2b: Staraptor|Intimidate|boost
|-unboost|p1a: Glimmora|atk|1
|turn|5
|
|t:|1785895051
|detailschange|p2b: Staraptor|Staraptor-Mega, L50, F
|-mega|p2b: Staraptor|Staraptor|Staraptite
|move|p2b: Staraptor|Close Combat|p1a: Glimmora
|-damage|p1a: Glimmora|0 fnt
|-boost|p2b: Staraptor|def|1
|-boost|p2b: Staraptor|spd|1
|faint|p1a: Glimmora
|
|win|abadanriyi92
