|j|☆masterhax3
|j|☆T1guel
|html|masterhax3T1guel    
|uhtml|bestof|Game 1 of a best-of-3
|t:|1756727872
|gametype|doubles
|player|p1|masterhax3|scientist-gen4dp|1110
|player|p2|T1guel|hilbert|1074
|gen|9
|tier|[Gen 9] VGC 2025 Reg H (Bo3)
|rated|
|rule|Species Clause: Limit one of each Pokémon
|rule|Item Clause: Limit 1 of each item
|clearpoke
|poke|p1|Incineroar, L50, M|
|poke|p1|Porygon2, L50|
|poke|p1|Ursaluna, L50, M|
|poke|p1|Vivillon-Polar, L50, F|
|poke|p1|Gholdengo, L50|
|poke|p1|Sneasler, L50, M|
|poke|p2|Leafeon, L50, M|
|poke|p2|Ninetales, L50, F|
|poke|p2|Incineroar, L50, F|
|poke|p2|Hydreigon, L50, M|
|poke|p2|Amoonguss, L50, M|
|poke|p2|Palafin, L50, M|
|teampreview|4
|showteam|p1|Incineroar||SafetyGoggles|Intimidate|FakeOut,FlareBlitz,KnockOff,PartingShot|||M|||50|,,,,,Ghost]Porygon2||Eviolite|Download|TeraBlast,IceBeam,TrickRoom,Recover||||||50|,,,,,Fighting]Ursaluna||FlameOrb|Guts|HeadlongRush,Facade,Earthquake,Protect|||M|||50|,,,,,Poison]Vivillon-Polar||FocusSash|CompoundEyes|Hurricane,SleepPowder,Tailwind,Protect|||F|||50|,,,,,Ghost]Gholdengo||LifeOrb|GoodasGold|MakeItRain,ShadowBall,NastyPlot,Protect||||||50|,,,,,Water]Sneasler||WhiteHerb|Unburden|CloseCombat,DireClaw,ThroatChop,Protect|||M|||50|,,,,,Dark
|showteam|p2|Leafeon||LifeOrb|Chlorophyll|SolarBlade,TeraBlast,Synthesis,Yawn|||M|||50|,,,,,Ice]Ninetales||ChoiceScarf|Drought|Flamethrower,ShadowBall,WillOWisp,HeatWave|||F|||50|,,,,,Ghost]Incineroar||SafetyGoggles|Intimidate|FakeOut,FlareBlitz,PartingShot,KnockOff|||F|||50|,,,,,Ghost]Hydreigon||DragonFang|Levitate|DragonPulse,EarthPower,Protect,NastyPlot|||M|||50|,,,,,Fire]Amoonguss||SitrusBerry|Regenerator|RagePowder,Spore,Protect,SludgeBomb|||M|||50|,,,,,Water]Palafin||MysticWater|ZerotoHero|JetPunch,CloseCombat,Protect,FlipTurn|||M|||50|,,,,,Water
|c|☆T1guel|glhf
|
|t:|1756727908
|teamsize|p1|4
|teamsize|p2|4
|start
|switch|p1a: Incineroar|Incineroar, L50, M|100/100
|switch|p1b: Porygon2|Porygon2, L50|100/100
|switch|p2a: Palafin|Palafin, L50, M|100/100
|switch|p2b: Hydreigon|Hydreigon, L50, M|100/100
|-ability|p1a: Incineroar|Intimidate|boost
|-unboost|p2a: Palafin|atk|1
|-unboost|p2b: Hydreigon|atk|1
|-ability|p1b: Porygon2|Download|boost
|-boost|p1b: Porygon2|spa|1
|turn|1
|
|t:|1756727925
|detailschange|p2a: Palafin|Palafin-Hero, L50, M
|switch|p2a: Incineroar|Incineroar, L50, F|100/100
|-ability|p2a: Incineroar|Intimidate|boost
|-unboost|p1a: Incineroar|atk|1
|-unboost|p1b: Porygon2|atk|1
|move|p1a: Incineroar|Fake Out|p2a: Incineroar
|-damage|p2a: Incineroar|94/100
|move|p2b: Hydreigon|Nasty Plot|p2b: Hydreigon
|-boost|p2b: Hydreigon|spa|2
|move|p1b: Porygon2|Trick Room|p1b: Porygon2
|-fieldstart|move: Trick Room|[of] p1b: Porygon2
|
|upkeep
|turn|2
|
|t:|1756727945
|switch|p1a: Ursaluna|Ursaluna, L50, M|100/100
|-terastallize|p1b: Porygon2|Fighting
|-terastallize|p2b: Hydreigon|Fire
|move|p2a: Incineroar|Fake Out|p1a: Ursaluna
|-damage|p1a: Ursaluna|90/100
|move|p1b: Porygon2|Tera Blast|p2b: Hydreigon|[anim] Tera Blast Fighting
|-damage|p2b: Hydreigon|38/100
|move|p2b: Hydreigon|Earth Power|p1a: Ursaluna
|-damage|p1a: Ursaluna|29/100
|
|-status|p1a: Ursaluna|brn|[from] item: Flame Orb
|upkeep
|turn|3
|
|t:|1756727965
|switch|p2a: Amoonguss|Amoonguss, L50, M|100/100
|move|p2b: Hydreigon|Protect|p2b: Hydreigon
|-singleturn|p2b: Hydreigon|Protect
|move|p1b: Porygon2|Tera Blast|p2a: Amoonguss|[anim] Tera Blast Fighting
|-resisted|p2a: Amoonguss
|-damage|p2a: Amoonguss|81/100
|move|p1a: Ursaluna|Facade|p2b: Hydreigon
|-activate|p2b: Hydreigon|move: Protect
|
|-damage|p1a: Ursaluna|23/100 brn|[from] brn
|upkeep
|turn|4
|
|t:|1756727987
|move|p2a: Amoonguss|Rage Powder|p2a: Amoonguss
|-singleturn|p2a: Amoonguss|move: Rage Powder
|move|p1b: Porygon2|Ice Beam|p2a: Amoonguss
|-supereffective|p2a: Amoonguss
|-damage|p2a: Amoonguss|22/100
|-status|p2a: Amoonguss|frz
|-enditem|p2a: Amoonguss|Sitrus Berry|[eat]
|-heal|p2a: Amoonguss|47/100 frz|[from] item: Sitrus Berry
|move|p1a: Ursaluna|Headlong Rush|p2a: Amoonguss
|-damage|p2a: Amoonguss|0 fnt
|-unboost|p1a: Ursaluna|def|1
|-unboost|p1a: Ursaluna|spd|1
|faint|p2a: Amoonguss
|move|p2b: Hydreigon|Dragon Pulse|p1a: Ursaluna
|-damage|p1a: Ursaluna|0 fnt
|faint|p1a: Ursaluna
|
|upkeep
|
|t:|1756728001
|switch|p2a: Palafin|Palafin-Hero, L50, M|100/100
|switch|p1a: Gholdengo|Gholdengo, L50|100/100
|-activate|p2a: Palafin|ability: Zero to Hero
|turn|5
|
|t:|1756728016
|move|p2a: Palafin|Protect|p2a: Palafin
|-singleturn|p2a: Palafin|Protect
|move|p2b: Hydreigon|Protect|p2b: Hydreigon
|-singleturn|p2b: Hydreigon|Protect
|move|p1b: Porygon2|Tera Blast|p2a: Palafin|[anim] Tera Blast Fighting
|-activate|p2a: Palafin|move: Protect
|move|p1a: Gholdengo|Shadow Ball|p2a: Palafin
|-activate|p2a: Palafin|move: Protect
|
|-fieldend|move: Trick Room
|upkeep
|turn|6
|
|t:|1756728031
|move|p2a: Palafin|Jet Punch|p1a: Gholdengo
|-damage|p1a: Gholdengo|49/100
|move|p2b: Hydreigon|Earth Power|p1a: Gholdengo
|-supereffective|p1a: Gholdengo
|-damage|p1a: Gholdengo|0 fnt
|faint|p1a: Gholdengo
|move|p1b: Porygon2|Trick Room|p1b: Porygon2
|-fieldstart|move: Trick Room|[of] p1b: Porygon2
|
|upkeep
|
|t:|1756728039
|switch|p1a: Incineroar|Incineroar, L50, M|100/100
|-ability|p1a: Incineroar|Intimidate|boost
|-unboost|p2a: Palafin|atk|1
|-unboost|p2b: Hydreigon|atk|1
|turn|7
|
|t:|1756728046
|switch|p2a: Incineroar|Incineroar, L50, F|94/100
|-ability|p2a: Incineroar|Intimidate|boost
|-unboost|p1a: Incineroar|atk|1
|-unboost|p1b: Porygon2|atk|1
|move|p2b: Hydreigon|Protect|p2b: Hydreigon
|-singleturn|p2b: Hydreigon|Protect
|move|p1a: Incineroar|Fake Out|p2a: Incineroar
|-damage|p2a: Incineroar|87/100
|move|p1b: Porygon2|Tera Blast|p2b: Hydreigon|[anim] Tera Blast Fighting
|-activate|p2b: Hydreigon|move: Protect
|
|upkeep
|turn|8
|
|t:|1756728063
|move|p2a: Incineroar|Knock Off|p1b: Porygon2
|-resisted|p1b: Porygon2
|-damage|p1b: Porygon2|85/100
|-enditem|p1b: Porygon2|Eviolite|[from] move: Knock Off|[of] p2a: Incineroar
|move|p1b: Porygon2|Tera Blast|p2a: Incineroar|[anim] Tera Blast Fighting
|-supereffective|p2a: Incineroar
|-damage|p2a: Incineroar|0 fnt
|faint|p2a: Incineroar
|move|p1a: Incineroar|Knock Off|p2b: Hydreigon
|-damage|p2b: Hydreigon|9/100
|-enditem|p2b: Hydreigon|Dragon Fang|[from] move: Knock Off|[of] p1a: Incineroar
|move|p2b: Hydreigon|Dragon Pulse|p1b: Porygon2
|-damage|p1b: Porygon2|4/100
|
|upkeep
|
|t:|1756728076
|switch|p2a: Palafin|Palafin-Hero, L50, M|100/100
|turn|9
|
|t:|1756728088
|move|p2a: Palafin|Jet Punch|p1b: Porygon2
|-damage|p1b: Porygon2|0 fnt
|faint|p1b: Porygon2
|move|p1a: Incineroar|Knock Off|p2b: Hydreigon
|-damage|p2b: Hydreigon|0 fnt
|faint|p2b: Hydreigon
|
|upkeep
|turn|10
|
|t:|1756728093
|move|p2a: Palafin|Jet Punch|p1a: Incineroar
|-supereffective|p1a: Incineroar
|-damage|p1a: Incineroar|0 fnt
|faint|p1a: Incineroar
|
|win|T1guel
||T1guel is ready for game 2.
|inactive|masterhax3 has 30 seconds to confirm battle start!
||masterhax3 is ready for game 2.
|uhtml|next|Next: Game 2 of 3
|l|☆T1guel
|player|p2|
