|j|☆Juno48
|j|☆quailfish
|html|Juno48quailfish    
|uhtml|bestof|Game 3 of a best-of-3
|t:|1784792766
|gametype|doubles
|player|p1|Juno48|265|1136
|player|p2|quailfish|266|1164
|gen|9
|tier|[Gen 9 Champions] VGC 2026 Reg M-B (Bo3)
|rated|
|rule|Species Clause: Limit one of each Pokémon
|rule|Item Clause: Limit 1 of each item
|clearpoke
|poke|p1|Aerodactyl, L50, F|
|poke|p1|Kingambit, L50, M|
|poke|p1|Sylveon, L50, F|
|poke|p1|Garchomp, L50, M|
|poke|p1|Charizard, L50, M|
|poke|p1|Incineroar, L50, M|
|poke|p2|Swampert, L50, F|
|poke|p2|Pelipper, L50, F|
|poke|p2|Grimmsnarl, L50, M|
|poke|p2|Orthworm, L50, F|
|poke|p2|Chimecho, L50, F|
|poke|p2|Dragapult, L50, M|
|teampreview|4
|showteam|p1|Aerodactyl||Aerodactylite|Unnerve|RockSlide,IceFang,Tailwind,WideGuard|Jolly||F|||50|]Kingambit||FocusSash|Defiant|KowtowCleave,SuckerPunch,IronHead,Protect|Adamant||M|||50|]Sylveon||FairyFeather|Pixilate|Detect,HyperVoice,HyperBeam,QuickAttack|Modest||F|||50|]Garchomp||LifeOrb|RoughSkin|Earthquake,DragonClaw,StompingTantrum,Protect|Jolly||M|||50|]Charizard||CharizarditeY|Blaze|Protect,HeatWave,SolarBeam,WeatherBall|Modest||M|||50|]Incineroar||SitrusBerry|Intimidate|DarkestLariat,FlareBlitz,FakeOut,PartingShot|Impish||M|||50|
|showteam|p2|Swampert||Swampertite|Torrent|Earthquake,WaveCrash,Protect,FlipTurn|Adamant||F|||50|]Pelipper||FocusSash|Drizzle|Hurricane,Protect,MuddyWater,Tailwind|Modest||F|||50|]Grimmsnarl||LightClay|Prankster|PartingShot,Reflect,LightScreen,FakeOut|Careful||M|||50|]Orthworm||SitrusBerry|EarthEater|Protect,ShedTail,RockTomb,BodyPress|Impish||F|||50|]Chimecho||Chimechite|Levitate|Gravity,Psychic,Protect,Hypnosis|Modest||F|||50|]Dragapult||Leftovers|ClearBody|DragonDarts,WillOWisp,Uturn,Disable|Jolly||M|||50|
|
|t:|1784792871
|teamsize|p1|4
|teamsize|p2|4
|start
|switch|p1a: Garchomp|Garchomp, L50, M|100/100
|switch|p1b: Charizard|Charizard, L50, M|100/100
|switch|p2a: Grimmsnarl|Grimmsnarl, L50, M|100/100
|switch|p2b: Swampert|Swampert, L50, F|100/100
|turn|1
|
|t:|1784792902
|detailschange|p1b: Charizard|Charizard-Mega-Y, L50, M
|-mega|p1b: Charizard|Charizard|Charizardite Y
|-weather|SunnyDay|[from] ability: Drought|[of] p1b: Charizard
|detailschange|p2b: Swampert|Swampert-Mega, L50, F
|-mega|p2b: Swampert|Swampert|Swampertite
|move|p2a: Grimmsnarl|Fake Out|p1b: Charizard
|-damage|p1b: Charizard|89/100
|move|p1a: Garchomp|Earthquake|p2a: Grimmsnarl|[spread] p2a,p2b
|-immune|p1b: Charizard
|-damage|p2a: Grimmsnarl|56/100
|-damage|p2b: Swampert|58/100
|-damage|p1a: Garchomp|90/100|[from] item: Life Orb
|cant|p1b: Charizard|flinch
|move|p2b: Swampert|Flip Turn|p1a: Garchomp
|-damage|p1a: Garchomp|71/100
|-damage|p2b: Swampert|46/100|[from] ability: Rough Skin|[of] p1a: Garchomp
|
|t:|1784792921
|switch|p2b: Pelipper|Pelipper, L50, F|100/100|[from] Flip Turn
|-weather|RainDance|[from] ability: Drizzle|[of] p2b: Pelipper
|
|-weather|RainDance|[upkeep]
|upkeep
|turn|2
|
|t:|1784792942
|switch|p1b: Kingambit|Kingambit, L50, M|100/100
|move|p2a: Grimmsnarl|Reflect|p2a: Grimmsnarl
|-sidestart|p2: quailfish|Reflect
|move|p1a: Garchomp|Dragon Claw|p2b: Pelipper
|-damage|p2b: Pelipper|59/100
|-damage|p1a: Garchomp|61/100|[from] item: Life Orb
|move|p2b: Pelipper|Muddy Water|p1b: Kingambit|[spread] p1a,p1b
|-damage|p1a: Garchomp|13/100
|-damage|p1b: Kingambit|50/100g
|
|-weather|RainDance|[upkeep]
|upkeep
|turn|3
|
|t:|1784792993
|switch|p1a: Incineroar|Incineroar, L50, M|100/100
|-ability|p1a: Incineroar|Intimidate|boost
|-unboost|p2a: Grimmsnarl|atk|1
|-unboost|p2b: Pelipper|atk|1
|switch|p1b: Charizard|Charizard-Mega-Y, L50, M|89/100
|-weather|SunnyDay|[from] ability: Drought|[of] p1b: Charizard
|switch|p2b: Dragapult|Dragapult, L50, M|100/100
|move|p2a: Grimmsnarl|Parting Shot|p1a: Incineroar
|-hint|Since gen 7, Dark is immune to Prankster moves.
|-immune|p1a: Incineroar
|
|-weather|SunnyDay|[upkeep]
|upkeep
|turn|4
|inactive|Battle timer is ON: inactive players will automatically lose when time's up. (requested by Juno48)
|
|t:|1784793028
|switch|p2b: Swampert|Swampert-Mega, L50, F|46/100
|switch|p1b: Kingambit|Kingambit, L50, M|50/100g
|move|p2a: Grimmsnarl|Parting Shot|p1b: Kingambit
|-hint|Since gen 7, Dark is immune to Prankster moves.
|-immune|p1b: Kingambit
|move|p1a: Incineroar|Darkest Lariat|p2b: Swampert
|-damage|p2b: Swampert|28/100
|
|-weather|SunnyDay|[upkeep]
|upkeep
|turn|5
|inactive|Juno48 has 30 seconds left.
|inactive|quailfish has 30 seconds left.
|inactive|Juno48 has 20 seconds left.
|inactive|Juno48 has 15 seconds left.
|inactive|Juno48 has 10 seconds left.
|inactive|Juno48 has 5 seconds left.
|
|t:|1784793079
|switch|p1a: Charizard|Charizard-Mega-Y, L50, M|89/100
|switch|p2a: Dragapult|Dragapult, L50, M|100/100
|move|p2b: Swampert|Protect|p2b: Swampert
|-singleturn|p2b: Swampert|Protect
|move|p1b: Kingambit|Sucker Punch||[still]
|-fail|p1b: Kingambit
|
|-weather|SunnyDay|[upkeep]
|upkeep
|turn|6
|inactive|Juno48 has 30 seconds left.
|inactive|Juno48 has 20 seconds left.
|
|t:|1784793118
|switch|p1a: Incineroar|Incineroar, L50, M|100/100
|-ability|p1a: Incineroar|Intimidate|boost
|-fail|p2a: Dragapult|unboost|[from] ability: Clear Body|[of] p2a: Dragapult
|-unboost|p2b: Swampert|atk|1
|switch|p2b: Pelipper|Pelipper, L50, F|59/100
|-weather|RainDance|[from] ability: Drizzle|[of] p2b: Pelipper
|move|p1b: Kingambit|Protect|p1b: Kingambit
|-singleturn|p1b: Kingambit|Protect
|move|p2a: Dragapult|Will-O-Wisp|p1b: Kingambit
|-activate|p1b: Kingambit|move: Protect
|
|-weather|RainDance|[upkeep]
|upkeep
|turn|7
|
|t:|1784793141
|switch|p1b: Charizard|Charizard-Mega-Y, L50, M|89/100
|-weather|SunnyDay|[from] ability: Drought|[of] p1b: Charizard
|move|p2a: Dragapult|U-turn|p1a: Incineroar
|-damage|p1a: Incineroar|85/100
|
|t:|1784793150
|switch|p2a: Grimmsnarl|Grimmsnarl, L50, M|56/100|[from] U-turn
|move|p2b: Pelipper|Muddy Water|p1a: Incineroar|[spread] p1a,p1b
|-supereffective|p1a: Incineroar|1
|-supereffective|p1b: Charizard|1
|-damage|p1a: Incineroar|60/100
|-damage|p1b: Charizard|62/100
|move|p1a: Incineroar|Darkest Lariat|p2a: Grimmsnarl
|-resisted|p2a: Grimmsnarl|2
|-damage|p2a: Grimmsnarl|52/100
|
|-weather|SunnyDay|[upkeep]
|upkeep
|turn|8
|inactive|Juno48 has 30 seconds left.
|inactive|Juno48 has 20 seconds left.
|
|t:|1784793185
|switch|p1b: Garchomp|Garchomp, L50, M|13/100
|move|p2a: Grimmsnarl|Fake Out|p1b: Garchomp
|-damage|p1b: Garchomp|3/100
|-damage|p2a: Grimmsnarl|40/100|[from] ability: Rough Skin|[of] p1b: Garchomp
|move|p2b: Pelipper|Muddy Water|p1b: Garchomp|[spread] p1a,p1b
|-supereffective|p1a: Incineroar|1
|-damage|p1a: Incineroar|33/100
|-damage|p1b: Garchomp|0 fnt
|-unboost|p1a: Incineroar|accuracy|1
|-enditem|p1a: Incineroar|Sitrus Berry|[eat]
|-heal|p1a: Incineroar|57/100|[from] item: Sitrus Berry
|faint|p1b: Garchomp
|move|p1a: Incineroar|Darkest Lariat|p2b: Pelipper
|-damage|p2b: Pelipper|35/100
|
|-weather|SunnyDay|[upkeep]
|upkeep
|
|t:|1784793201
|switch|p1b: Kingambit|Kingambit, L50, M|50/100g
|turn|9
|inactive|Juno48 has 30 seconds left.
|inactive|Juno48 has 20 seconds left.
|inactive|Juno48 has 15 seconds left.
|
|t:|1784793242
|move|p2a: Grimmsnarl|Light Screen|p2a: Grimmsnarl
|-sidestart|p2: quailfish|move: Light Screen
|move|p1b: Kingambit|Kowtow Cleave|p2b: Pelipper
|-damage|p2b: Pelipper|1/100
|move|p2b: Pelipper|Tailwind|p2b: Pelipper
|-sidestart|p2: quailfish|move: Tailwind
|move|p1a: Incineroar|Darkest Lariat|p2b: Pelipper
|-damage|p2b: Pelipper|0 fnt
|faint|p2b: Pelipper
|
|-weather|SunnyDay|[upkeep]
|-sideend|p2: quailfish|Reflect
|upkeep
|
|t:|1784793261
|switch|p2b: Swampert|Swampert-Mega, L50, F|28/100
|turn|10
|
|t:|1784793279
|move|p1b: Kingambit|Protect|p1b: Kingambit
|-singleturn|p1b: Kingambit|Protect
|move|p2a: Grimmsnarl|Reflect|p2a: Grimmsnarl
|-sidestart|p2: quailfish|Reflect
|move|p2b: Swampert|Earthquake|p1a: Incineroar|[spread] p2a,p1a
|-activate|p1b: Kingambit|move: Protect
|-supereffective|p1a: Incineroar|1
|-damage|p2a: Grimmsnarl|12/100
|-damage|p1a: Incineroar|0 fnt
|faint|p1a: Incineroar
|
|-weather|SunnyDay|[upkeep]
|upkeep
|
|t:|1784793288
|switch|p1a: Charizard|Charizard-Mega-Y, L50, M|62/100
|turn|11
|
|t:|1784793296
|move|p2b: Swampert|Protect|p2b: Swampert
|-singleturn|p2b: Swampert|Protect
|move|p2a: Grimmsnarl|Parting Shot|p1a: Charizard
|-unboost|p1a: Charizard|atk|1
|-unboost|p1a: Charizard|spa|1
|
|t:|1784793302
|switch|p2a: Dragapult|Dragapult, L50, M|100/100|[from] Parting Shot
|move|p1b: Kingambit|Sucker Punch||[still]
|-fail|p1b: Kingambit
|move|p1a: Charizard|Heat Wave|p2b: Swampert|[spread] p2a
|-activate|p2b: Swampert|move: Protect
|-resisted|p2a: Dragapult|1
|-damage|p2a: Dragapult|86/100
|
|-weather|none
|-heal|p2a: Dragapult|92/100|[from] item: Leftovers
|upkeep
|turn|12
|inactive|quailfish has 30 seconds left.
|
|t:|1784793330
|move|p1a: Charizard|Protect|p1a: Charizard
|-singleturn|p1a: Charizard|Protect
|move|p1b: Kingambit|Protect|p1b: Kingambit
|-singleturn|p1b: Kingambit|Protect
|move|p2a: Dragapult|Will-O-Wisp|p1b: Kingambit
|-activate|p1b: Kingambit|move: Protect
|move|p2b: Swampert|Flip Turn|p1a: Charizard
|-activate|p1a: Charizard|move: Protect
|
|-heal|p2a: Dragapult|98/100|[from] item: Leftovers
|-sideend|p2: quailfish|move: Tailwind
|upkeep
|turn|13
|
|t:|1784793351
|move|p2b: Swampert|Protect|p2b: Swampert
|-singleturn|p2b: Swampert|Protect
|move|p1b: Kingambit|Sucker Punch||[still]
|-fail|p1b: Kingambit
|move|p2a: Dragapult|Will-O-Wisp|p1b: Kingambit
|-status|p1b: Kingambit|brn
|move|p1a: Charizard|Heat Wave|p2b: Swampert|[spread] p2a
|-activate|p2b: Swampert|move: Protect
|-resisted|p2a: Dragapult|1
|-damage|p2a: Dragapult|88/100
|
|-heal|p2a: Dragapult|94/100|[from] item: Leftovers
|-damage|p1b: Kingambit|44/100 brn|[from] brn
|upkeep
|turn|14
|inactive|quailfish has 30 seconds left.
|
|t:|1784793376
|move|p1b: Kingambit|Sucker Punch|p2b: Swampert
|-damage|p2b: Swampert|18/100
|move|p2a: Dragapult|Disable|p1a: Charizard
|-start|p1a: Charizard|Disable|Heat Wave
|cant|p1a: Charizard|Disable|Heat Wave
|move|p2b: Swampert|Flip Turn|p1b: Kingambit
|-damage|p1b: Kingambit|11/100 brn
|
|t:|1784793386
|switch|p2b: Grimmsnarl|Grimmsnarl, L50, M|12/100|[from] Flip Turn
|
|-heal|p2a: Dragapult|100/100|[from] item: Leftovers
|-damage|p1b: Kingambit|5/100 brn|[from] brn
|upkeep
|turn|15
|c|☆Juno48|GG's
|inactive|quailfish has 30 seconds left.
|inactive|quailfish has 20 seconds left.
|inactive|quailfish has 15 seconds left.
|inactive|quailfish has 10 seconds left.
|inactive|quailfish has 5 seconds left.
|
|t:|1784793437
|move|p2b: Grimmsnarl|Parting Shot|p1a: Charizard
|-unboost|p1a: Charizard|atk|1
|-unboost|p1a: Charizard|spa|1
|
|t:|1784793440
|switch|p2b: Swampert|Swampert-Mega, L50, F|18/100|[from] Parting Shot
|move|p2a: Dragapult|Dragon Darts|p1b: Kingambit
|-resisted|p1b: Kingambit|1
|-damage|p1b: Kingambit|0 fnt
|-anim|p2a: Dragapult|Dragon Darts|p1a: Charizard
|-damage|p1a: Charizard|41/100
|faint|p1b: Kingambit
|move|p1a: Charizard|Weather Ball|p2b: Swampert
|-damage|p2b: Swampert|13/100
|
|upkeep
|turn|16
|-message|Juno48 forfeited.
|
|win|quailfish
|raw|Juno48's rating: 1136 → 1113(-23 for losing)
|raw|quailfish's rating: 1164 → 1187(+23 for winning)
|c|☆quailfish|Gg
|l|☆quailfish
|player|p2|
