|j|☆Mclovingods
|j|☆ripmyhopes
|html|Mclovingodsripmyhopes    
|uhtml|bestof|Game 2 of a best-of-3
|t:|1782360032
|gametype|doubles
|player|p1|Mclovingods|102|1127
|player|p2|ripmyhopes|1|1066
|gen|9
|tier|[Gen 9 Champions] VGC 2026 Reg M-B (Bo3)
|rated|
|rule|Species Clause: Limit one of each Pokémon
|rule|Item Clause: Limit 1 of each item
|clearpoke
|poke|p1|Delphox, L50, M|
|poke|p1|Basculegion, L50, M|
|poke|p1|Sinistcha, L50|
|poke|p1|Incineroar, L50, M|
|poke|p1|Garchomp, L50, M|
|poke|p1|Staraptor, L50, M|
|poke|p2|Scrafty, L50, M|
|poke|p2|Maushold-Four, L50|
|poke|p2|Grimmsnarl, L50, M|
|poke|p2|Ceruledge, L50, F|
|poke|p2|Garchomp, L50, F|
|poke|p2|Delphox, L50, F|
|teampreview|4
|showteam|p1|Delphox||Delphoxite|Blaze|NastyPlot,HeatWave,Psychic,Protect|Timid||M|||50|]Basculegion||MysticWater|Adaptability|WaveCrash,AquaJet,LastRespects,Protect|Jolly||M|||50|]Sinistcha||CobaBerry|Hospitality|MatchaGotcha,RagePowder,LifeDew,TrickRoom|Calm|||||50|]Incineroar||SitrusBerry|Intimidate|FakeOut,PartingShot,FlareBlitz,DarkestLariat|Careful||M|||50|]Garchomp||LifeOrb|RoughSkin|Earthquake,DragonClaw,RockSlide,Protect|Jolly||M|||50|]Staraptor||Staraptite|Intimidate|CloseCombat,BraveBird,Protect,Roost|Jolly||M|||50|
|showteam|p2|Scrafty||Scraftinite|Intimidate|SwordsDance,DrainPunch,KnockOff,Detect|Adamant||M|||50|]Maushold-Four||FocusSash|FriendGuard|Encore,SuperFang,HelpingHand,FollowMe|Careful|||||50|]Grimmsnarl||LightClay|Prankster|LightScreen,Reflect,FakeOut,SpiritBreak|Careful||M|||50|]Ceruledge||Charcoal|FlashFire|BitterBlade,ShadowSneak,BulkUp,Protect|Adamant||F|||50|]Garchomp||LifeOrb|RoughSkin|Earthquake,RockSlide,DragonClaw,Protect|Jolly||F|||50|]Delphox||Delphoxite|Blaze|HeatWave,Psyshock,NastyPlot,Protect|Timid||F|||50|
|
|t:|1782360046
|teamsize|p1|4
|teamsize|p2|4
|start
|switch|p1a: Delphox|Delphox, L50, M|100/100
|switch|p1b: Incineroar|Incineroar, L50, M|100/100
|switch|p2a: Scrafty|Scrafty, L50, M|100/100
|switch|p2b: Maushold|Maushold-Four, L50|100/100
|-ability|p1b: Incineroar|Intimidate|boost
|-unboost|p2a: Scrafty|atk|1
|-unboost|p2b: Maushold|atk|1
|-ability|p2a: Scrafty|Intimidate|boost
|-unboost|p1a: Delphox|atk|1
|-unboost|p1b: Incineroar|atk|1
|turn|1
|
|t:|1782360055
|switch|p2b: Grimmsnarl|Grimmsnarl, L50, M|100/100
|detailschange|p1a: Delphox|Delphox-Mega, L50, M
|-mega|p1a: Delphox|Delphox|Delphoxite
|move|p2a: Scrafty|Detect|p2a: Scrafty
|-singleturn|p2a: Scrafty|Protect
|move|p1b: Incineroar|Fake Out|p2a: Scrafty
|-activate|p2a: Scrafty|move: Protect
|move|p1a: Delphox|Nasty Plot|p1a: Delphox
|-boost|p1a: Delphox|spa|2
|
|upkeep
|turn|2
|
|t:|1782360068
|switch|p1b: Sinistcha|Sinistcha, L50|100/100
|detailschange|p2a: Scrafty|Scrafty-Mega, L50, M
|-mega|p2a: Scrafty|Scrafty|Scraftinite
|-ability|p2a: Scrafty|Intimidate|boost
|-unboost|p1a: Delphox|atk|1
|-unboost|p1b: Sinistcha|atk|1
|move|p1a: Delphox|Protect|p1a: Delphox
|-singleturn|p1a: Delphox|Protect
|move|p2b: Grimmsnarl|Fake Out|p1a: Delphox
|-activate|p1a: Delphox|move: Protect
|move|p2a: Scrafty|Swords Dance|p2a: Scrafty
|-boost|p2a: Scrafty|atk|2
|
|upkeep
|turn|3
|
|t:|1782360098
|move|p1b: Sinistcha|Rage Powder|p1b: Sinistcha
|-singleturn|p1b: Sinistcha|move: Rage Powder
|move|p2b: Grimmsnarl|Light Screen|p2b: Grimmsnarl
|-sidestart|p2: ripmyhopes|move: Light Screen
|move|p1a: Delphox|Heat Wave|p2b: Grimmsnarl|[spread] p2a,p2b
|-damage|p2a: Scrafty|61/100
|-damage|p2b: Grimmsnarl|44/100
|move|p2a: Scrafty|Knock Off|p1b: Sinistcha
|-supereffective|p1b: Sinistcha|1
|-crit|p1b: Sinistcha
|-damage|p1b: Sinistcha|0 fnt
|-enditem|p1b: Sinistcha|Coba Berry|[from] move: Knock Off|[of] p2a: Scrafty
|faint|p1b: Sinistcha
|
|upkeep
|
|t:|1782360106
|switch|p1b: Incineroar|Incineroar, L50, M|100/100
|-ability|p1b: Incineroar|Intimidate|boost
|-unboost|p2a: Scrafty|atk|1
|-unboost|p2b: Grimmsnarl|atk|1
|turn|4
|
|t:|1782360118
|move|p2a: Scrafty|Detect|p2a: Scrafty
|-singleturn|p2a: Scrafty|Protect
|move|p1b: Incineroar|Fake Out|p2a: Scrafty
|-activate|p2a: Scrafty|move: Protect
|move|p1a: Delphox|Heat Wave|p2b: Grimmsnarl|[spread] p2b
|-activate|p2a: Scrafty|move: Protect
|-damage|p2b: Grimmsnarl|0 fnt
|faint|p2b: Grimmsnarl
|
|upkeep
|
|t:|1782360126
|switch|p2b: Maushold|Maushold-Four, L50|100/100
|turn|5
|
|t:|1782360134
|move|p1a: Delphox|Protect|p1a: Delphox
|-singleturn|p1a: Delphox|Protect
|move|p2b: Maushold|Follow Me|p2b: Maushold
|-singleturn|p2b: Maushold|move: Follow Me
|move|p2a: Scrafty|Knock Off|p1a: Delphox
|-activate|p1a: Delphox|move: Protect
|move|p1b: Incineroar|Parting Shot|p2b: Maushold
|-unboost|p2b: Maushold|atk|1
|-unboost|p2b: Maushold|spa|1
|
|t:|1782360140
|switch|p1b: Basculegion|Basculegion, L50, M|100/100|[from] Parting Shot
|
|upkeep
|turn|6
|
|t:|1782360153
|switch|p1b: Incineroar|Incineroar, L50, M|100/100
|-ability|p1b: Incineroar|Intimidate|boost
|-unboost|p2a: Scrafty|atk|1
|-unboost|p2b: Maushold|atk|1
|move|p2b: Maushold|Follow Me|p2b: Maushold
|-singleturn|p2b: Maushold|move: Follow Me
|move|p1a: Delphox|Heat Wave|p2a: Scrafty|[spread] p2a,p2b
|-damage|p2a: Scrafty|28/100
|-damage|p2b: Maushold|45/100
|-status|p2a: Scrafty|brn
|move|p2a: Scrafty|Knock Off|p1a: Delphox
|-supereffective|p1a: Delphox|1
|-damage|p1a: Delphox|68/100
|
|-damage|p2a: Scrafty|22/100 brn|[from] brn
|upkeep
|turn|7
|
|t:|1782360179
|switch|p2a: Garchomp|Garchomp, L50, F|100/100
|move|p1b: Incineroar|Fake Out|p2b: Maushold
|-damage|p2b: Maushold|32/100
|move|p1a: Delphox|Heat Wave|p2a: Garchomp|[spread] p2a,p2b
|-resisted|p2a: Garchomp|1
|-damage|p2a: Garchomp|75/100
|-damage|p2b: Maushold|0 fnt
|faint|p2b: Maushold
|
|upkeep
|
|t:|1782360185
|switch|p2b: Scrafty|Scrafty-Mega, L50, M|22/100 brn
|-ability|p2b: Scrafty|Intimidate|boost
|-unboost|p1a: Delphox|atk|1
|-unboost|p1b: Incineroar|atk|1
|turn|8
|
|t:|1782360198
|move|p1a: Delphox|Protect|p1a: Delphox
|-singleturn|p1a: Delphox|Protect
|move|p2a: Garchomp|Rock Slide|p1b: Incineroar|[spread] p1b
|-activate|p1a: Delphox|move: Protect
|-supereffective|p1b: Incineroar|1
|-damage|p1b: Incineroar|58/100
|-damage|p2a: Garchomp|65/100|[from] item: Life Orb
|move|p2b: Scrafty|Drain Punch|p1b: Incineroar
|-supereffective|p1b: Incineroar|1
|-damage|p1b: Incineroar|27/100
|-heal|p2b: Scrafty|41/100 brn|[from] drain|[of] p1b: Incineroar
|-enditem|p1b: Incineroar|Sitrus Berry|[eat]
|-heal|p1b: Incineroar|52/100|[from] item: Sitrus Berry
|move|p1b: Incineroar|Parting Shot|p2a: Garchomp
|-unboost|p2a: Garchomp|atk|1
|-unboost|p2a: Garchomp|spa|1
|
|t:|1782360202
|switch|p1b: Basculegion|Basculegion, L50, M|100/100|[from] Parting Shot
|
|-damage|p2b: Scrafty|35/100 brn|[from] brn
|upkeep
|turn|9
|
|t:|1782360219
|move|p1a: Delphox|Psychic|p2a: Garchomp
|-damage|p2a: Garchomp|0 fnt
|faint|p2a: Garchomp
|move|p1b: Basculegion|Wave Crash|p2b: Scrafty
|-damage|p2b: Scrafty|0 fnt
|faint|p2b: Scrafty
|-damage|p1b: Basculegion|89/100|[from] Recoil
|
|win|Mclovingods
|raw|Mclovingods's rating: 1127 → 1148(+21 for winning)
|raw|ripmyhopes's rating: 1066 → 1050(-16 for losing)
|c|☆Mclovingods|gg
|c|☆ripmyhopes|gg
