|badge|p1|silver|gen9doublesou|30-6
|uhtml|medal-msg|Curious what those medals under the avatar are? PS now has Ladder Seasons! For more information, check out the thread on Smogon.
|j|☆Il Falco
|j|☆risotto_venere
|html|Il Falcorisotto_venere    
|uhtml|bestof|Game 1 of a best-of-3
|t:|1757932229
|gametype|doubles
|player|p1|Il Falco|cheren-masters|1213
|player|p2|risotto_venere|n|1181
|gen|9
|tier|[Gen 9] VGC 2025 Reg H (Bo3)
|rated|
|rule|Species Clause: Limit one of each Pokémon
|rule|Item Clause: Limit 1 of each item
|clearpoke
|poke|p1|Maushold-Four, L50|
|poke|p1|Annihilape, L50, M|
|poke|p1|Archaludon, L50, M|
|poke|p1|Pelipper, L50, M|
|poke|p1|Basculegion, L50, M|
|poke|p1|Sinistcha, L50|
|poke|p2|Sneasler, L50, F|
|poke|p2|Dragapult, L50, F|
|poke|p2|Dondozo, L50, F|
|poke|p2|Rillaboom, L50, M|
|poke|p2|Volcarona, L50, F|
|poke|p2|Maushold, L50|
|teampreview|4
|showteam|p1|Maushold-Four||SafetyGoggles|FriendGuard|BeatUp,Taunt,FollowMe,Protect||||||50|,,,,,Ghost]Annihilape||SitrusBerry|Defiant|RageFist,DrainPunch,BulkUp,Protect|||M|||50|,,,,,Fire]Archaludon||AssaultVest|Stamina|ElectroShot,FlashCannon,DracoMeteor,BodyPress|||M|||50|,,,,,Grass]Pelipper||FocusSash|Drizzle|WeatherBall,Hurricane,Tailwind,Protect|||M|||50|,,,,,Fairy]Basculegion||ChoiceBand|SwiftSwim|WaveCrash,LastRespects,FlipTurn,AquaJet|||M|||50|,,,,,Grass]Sinistcha||RockyHelmet|Hospitality|MatchaGotcha,RagePowder,LifeDew,TrickRoom||||||50|,,,,,Dark
|showteam|p2|Sneasler||WhiteHerb|Unburden|FakeOut,DireClaw,CloseCombat,Protect|||F|||50|,,,,,Ghost]Dragapult||ChoiceBand|ClearBody|DragonDarts,PhantomForce,Uturn,Outrage|||F|||50|,,,,,Dragon]Dondozo||Leftovers|Unaware|WaveCrash,Yawn,Fissure,Protect|||F|||50|,,,,,Poison]Rillaboom||AssaultVest|GrassySurge|FakeOut,WoodHammer,GrassyGlide,HighHorsepower|||M|||50|,,,,,Fire]Volcarona||CovertCloak|FlameBody|HeatWave,QuiverDance,TeraBlast,Protect|||F|||50|,,,,,Fairy]Maushold||FocusSash|FriendGuard|FollowMe,Taunt,HelpingHand,PopulationBomb||||||50|,,,,,Ghost
|j| volcaronavgc
|c| volcaronavgc|Mobile misclick my b
|c| volcaronavgc|Hi
|c|☆risotto_venere|hi
|c|☆Il Falco|Yeah I know the feeling
|c|☆Il Falco|I'm Always on mobile
|c| volcaronavgc|😂when ur fed tf up of college
|c| volcaronavgc|So want to be depressed on this website
|c| volcaronavgc|🔥
|c| volcaronavgc|I play vs zee t16 invis tho falco
|c| volcaronavgc|For vgc
|c| volcaronavgc|Gonna do extension cuz they got exams but hoping months prep is enough
|l| volcaronavgc
|c|☆Il Falco|Good luck with zee then
|j| volcaronavgc
|c|☆Il Falco|Damn She left
|c| volcaronavgc|Nah im back
|c| volcaronavgc|My music cut
|c| volcaronavgc|😂
|c|☆Il Falco|Ahah
|c|☆risotto_venere|what is happening
|c| volcaronavgc|They know me it seems
|c|☆Il Falco|Non preoccuparti risotto
|c| volcaronavgc|:o
|c|☆Il Falco|Siamo due conoscenti che chiacchierano
|c|☆risotto_venere|mi sento il terzo in comodo fra
|c|☆Il Falco|Scusa scusa
|c|☆Il Falco|Ora leaddo
|c| volcaronavgc|im getting keter to traslate this shit later
|c|☆risotto_venere|ahhahahahha
|c| volcaronavgc|😂
|c|☆Il Falco|Nah it's not shit
|c| volcaronavgc|Ik xD
|c| volcaronavgc|Im trollin
|c|☆Il Falco|Okok
|c|☆Il Falco|🤣
|c| volcaronavgc|The boredom be makin me trollin more than usual
|c| volcaronavgc|🤣
|c|☆Il Falco|Let's zee the lead
|c|☆risotto_venere|senza electabuzz mi sento scoperto in questo match up
|c|☆Il Falco|See*
|c| volcaronavgc|Talonflame is based fuck dnite missing 8/16 scale shots
|c|☆Il Falco|Non l'ho ancora guardato risotto
|c| volcaronavgc|🔥
|c| volcaronavgc|Im so close to going ttar due to that
|c| volcaronavgc|🤣
|c| volcaronavgc|But it fucks all my lines
|c| volcaronavgc|(prepped a month just to drop the team for rain 5minutes before the game 🔥
|
|t:|1757932540
|teamsize|p1|4
|teamsize|p2|4
|start
|switch|p1a: Pelipper|Pelipper, L50, M|100/100
|switch|p1b: Basculegion|Basculegion, L50, M|100/100
|switch|p2a: Dondozo|Dondozo, L50, F|100/100
|switch|p2b: Sneasler|Sneasler, L50, F|100/100
|-weather|RainDance|[from] ability: Drizzle|[of] p1a: Pelipper
|turn|1
|c|☆Il Falco|LOL
|c|☆Il Falco|I know also this feeling
|
|t:|1757932568
|move|p2b: Sneasler|Protect|p2b: Sneasler
|-singleturn|p2b: Sneasler|Protect
|move|p1a: Pelipper|Protect|p1a: Pelipper
|-singleturn|p1a: Pelipper|Protect
|move|p1b: Basculegion|Flip Turn|p2b: Sneasler
|-activate|p2b: Sneasler|move: Protect
|move|p2a: Dondozo|Yawn|p1b: Basculegion
|-start|p1b: Basculegion|move: Yawn|[of] p2a: Dondozo
|
|-weather|RainDance|[upkeep]
|upkeep
|turn|2
|
|t:|1757932583
|switch|p2b: Rillaboom|Rillaboom, L50, M|100/100
|-fieldstart|move: Grassy Terrain|[from] ability: Grassy Surge|[of] p2b: Rillaboom
|move|p1b: Basculegion|Flip Turn|p2b: Rillaboom
|-resisted|p2b: Rillaboom
|-damage|p2b: Rillaboom|68/100
|
|t:|1757932587
|switch|p1b: Archaludon|Archaludon, L50, M|100/100|[from] Flip Turn
|move|p1a: Pelipper|Hurricane|p2a: Dondozo
|-damage|p2a: Dondozo|67/100
|move|p2a: Dondozo|Yawn|p1b: Archaludon
|-start|p1b: Archaludon|move: Yawn|[of] p2a: Dondozo
|
|-weather|RainDance|[upkeep]
|-heal|p2b: Rillaboom|74/100|[from] Grassy Terrain
|-heal|p2a: Dondozo|73/100|[from] Grassy Terrain
|-heal|p2a: Dondozo|79/100|[from] item: Leftovers
|upkeep
|turn|3
|c| volcaronavgc|If u want a talk after set tho feel free
|c| volcaronavgc|Lilyvgc on discord incase i crash
|
|t:|1757932606
|switch|p1a: Annihilape|Annihilape, L50, M|100/100
|move|p2a: Dondozo|Protect|p2a: Dondozo
|-singleturn|p2a: Dondozo|Protect
|move|p2b: Rillaboom|Fake Out|p1a: Annihilape
|-immune|p1a: Annihilape
|move|p1b: Archaludon|Electro Shot||[still]
|-prepare|p1b: Archaludon|Electro Shot
|-boost|p1b: Archaludon|spa|1
|-anim|p1b: Archaludon|Electro Shot|p2a: Dondozo
|-activate|p2a: Dondozo|move: Protect
|
|-weather|RainDance|[upkeep]
|-heal|p2b: Rillaboom|80/100|[from] Grassy Terrain
|-heal|p2a: Dondozo|85/100|[from] Grassy Terrain
|-heal|p2a: Dondozo|91/100|[from] item: Leftovers
|-end|p1b: Archaludon|move: Yawn|[silent]
|-status|p1b: Archaludon|slp
|upkeep
|turn|4
|c| volcaronavgc|Internets awful
|c|☆Il Falco|Ok thank you
|c|☆Il Falco|I'm testing this team cuz I want to Bring It to a irl tournament
|c| volcaronavgc|Milan locals 🔥
|
|t:|1757932653
|move|p1a: Annihilape|Protect|p1a: Annihilape
|-singleturn|p1a: Annihilape|Protect
|move|p2b: Rillaboom|Wood Hammer|p1a: Annihilape
|-activate|p1a: Annihilape|move: Protect
|cant|p1b: Archaludon|slp
|move|p2a: Dondozo|Wave Crash|p1a: Annihilape
|-activate|p1a: Annihilape|move: Protect
|
|-weather|RainDance|[upkeep]
|-heal|p2b: Rillaboom|86/100|[from] Grassy Terrain
|-heal|p2a: Dondozo|98/100|[from] Grassy Terrain
|-heal|p2a: Dondozo|100/100|[from] item: Leftovers
|upkeep
|turn|5
|c|☆Il Falco|No, Rome locale
|c| volcaronavgc|Cya there (not actually)
|c| volcaronavgc|Oh rome aha
|c| volcaronavgc|Valid
|
|t:|1757932686
|move|p1a: Annihilape|Drain Punch|p2a: Dondozo
|-damage|p2a: Dondozo|82/100
|move|p2b: Rillaboom|Wood Hammer|p1a: Annihilape
|-damage|p1a: Annihilape|15/100
|-enditem|p1a: Annihilape|Sitrus Berry|[eat]
|-heal|p1a: Annihilape|40/100|[from] item: Sitrus Berry
|-damage|p2b: Rillaboom|57/100|[from] Recoil
|cant|p1b: Archaludon|slp
|move|p2a: Dondozo|Wave Crash|p1a: Annihilape
|-damage|p1a: Annihilape|0 fnt
|faint|p1a: Annihilape
|-damage|p2a: Dondozo|71/100|[from] Recoil
|
|-weather|none
|-heal|p2b: Rillaboom|63/100|[from] Grassy Terrain
|-heal|p2a: Dondozo|77/100|[from] Grassy Terrain
|-heal|p2a: Dondozo|83/100|[from] item: Leftovers
|upkeep
|
|t:|1757932701
|switch|p1a: Pelipper|Pelipper, L50, M|100/100
|-weather|RainDance|[from] ability: Drizzle|[of] p1a: Pelipper
|turn|6
|
|t:|1757932713
|-terastallize|p2a: Dondozo|Poison
|move|p2b: Rillaboom|Grassy Glide|p1a: Pelipper
|-damage|p1a: Pelipper|54/100
|move|p1a: Pelipper|Hurricane|p2b: Rillaboom
|-supereffective|p2b: Rillaboom
|-damage|p2b: Rillaboom|0 fnt
|faint|p2b: Rillaboom
|cant|p1b: Archaludon|slp
|move|p2a: Dondozo|Wave Crash|p1a: Pelipper
|-resisted|p1a: Pelipper
|-damage|p1a: Pelipper|12/100
|-damage|p2a: Dondozo|76/100|[from] Recoil
|
|-weather|RainDance|[upkeep]
|-heal|p2a: Dondozo|82/100|[from] Grassy Terrain
|-heal|p2a: Dondozo|88/100|[from] item: Leftovers
|-fieldend|move: Grassy Terrain
|upkeep
|c| volcaronavgc|§∆}¢°•^•°=÷{∆§
|
|t:|1757932724
|switch|p2b: Dragapult|Dragapult, L50, F|100/100
|turn|7
|
|t:|1757932743
|move|p1a: Pelipper|Protect|p1a: Pelipper
|-singleturn|p1a: Pelipper|Protect
|move|p2b: Dragapult|U-turn|p1a: Pelipper
|-activate|p1a: Pelipper|move: Protect
|-curestatus|p1b: Archaludon|slp|[msg]
|move|p1b: Archaludon|Draco Meteor|p2a: Dondozo
|-damage|p2a: Dondozo|39/100
|-unboost|p1b: Archaludon|spa|2
|move|p2a: Dondozo|Yawn|p1b: Archaludon
|-start|p1b: Archaludon|move: Yawn|[of] p2a: Dondozo
|
|-weather|RainDance|[upkeep]
|-heal|p2a: Dondozo|45/100|[from] item: Leftovers
|upkeep
|turn|8
|c| volcaronavgc|Fuck the =+ misclicks
|c| volcaronavgc|💀
|
|t:|1757932768
|move|p2a: Dondozo|Protect|p2a: Dondozo
|-singleturn|p2a: Dondozo|Protect
|move|p2b: Dragapult|U-turn|p1a: Pelipper
|-resisted|p1a: Pelipper
|-damage|p1a: Pelipper|0 fnt
|faint|p1a: Pelipper
|
|t:|1757932772
|switch|p2b: Sneasler|Sneasler, L50, F|100/100|[from] U-turn
|move|p1b: Archaludon|Electro Shot||[still]
|-prepare|p1b: Archaludon|Electro Shot
|-boost|p1b: Archaludon|spa|1
|-anim|p1b: Archaludon|Electro Shot|p2b: Sneasler
|-damage|p2b: Sneasler|42/100
|
|-weather|RainDance|[upkeep]
|-heal|p2a: Dondozo|51/100|[from] item: Leftovers
|-end|p1b: Archaludon|move: Yawn|[silent]
|-status|p1b: Archaludon|slp
|upkeep
|
|t:|1757932781
|switch|p1a: Basculegion|Basculegion, L50, M|100/100
|turn|9
|inactive|Battle timer is ON: inactive players will automatically lose when time's up. (requested by risotto_venere)
|
|t:|1757932806
|move|p2b: Sneasler|Protect|p2b: Sneasler
|-singleturn|p2b: Sneasler|Protect
|move|p1a: Basculegion|Last Respects|p2a: Dondozo
|-damage|p2a: Dondozo|0 fnt
|faint|p2a: Dondozo
|cant|p1b: Archaludon|slp
|
|-weather|RainDance|[upkeep]
|upkeep
|
|t:|1757932812
|switch|p2a: Dragapult|Dragapult, L50, F|100/100
|turn|10
|-message|risotto_venere forfeited.
|
|win|Il Falco
