|j|☆berja
|j|☆battle sim trainer
|html|berjabattle sim trainer    
|uhtml|bestof|Game 2 of a best-of-3
|t:|1783626438
|gametype|doubles
|player|p1|berja|gambler|1118
|player|p2|battle sim trainer|turo|1184
|gen|9
|tier|[Gen 9 Champions] VGC 2026 Reg M-B (Bo3)
|rated|
|rule|Species Clause: Limit one of each Pokémon
|rule|Item Clause: Limit 1 of each item
|clearpoke
|poke|p1|Metagross, L50|
|poke|p1|Hydreigon, L50, F|
|poke|p1|Pelipper, L50, M|
|poke|p1|Swampert, L50, M|
|poke|p1|Archaludon, L50, M|
|poke|p1|Tsareena, L50, F|
|poke|p2|Swampert, L50, F|
|poke|p2|Pelipper, L50, F|
|poke|p2|Archaludon, L50, M|
|poke|p2|Grimmsnarl, L50, M|
|poke|p2|Skarmory, L50, M|
|poke|p2|Hydreigon, L50, F|
|teampreview|4
|showteam|p1|Metagross||Metagrossite|ClearBody|PsychicFangs,BodyPress,BulletPunch,Protect|Jolly|||||50|]Hydreigon||ChoiceScarf|Levitate|DracoMeteor,DarkPulse,EarthPower,Snarl|Modest||F|||50|]Pelipper||SitrusBerry|Drizzle|WeatherBall,Hurricane,Tailwind,WideGuard|Modest||M|||50|]Swampert||Swampertite|Torrent|WaveCrash,Earthquake,IcePunch,Protect|Adamant||M|||50|]Archaludon||Leftovers|Stamina|ElectroShot,DracoMeteor,FlashCannon,Protect|Modest||M|||50|]Tsareena||CobaBerry|QueenlyMajesty|TropKick,KnockOff,LowKick,Protect|Adamant||F|||50|
|showteam|p2|Swampert||Swampertite|Damp|WaveCrash,Earthquake,IcePunch,Protect|Adamant||F|||50|]Pelipper||SitrusBerry|Drizzle|Hurricane,WeatherBall,Tailwind,Protect|Modest||F|||50|]Archaludon||Leftovers|Stamina|ElectroShot,DragonPulse,FlashCannon,Protect|Modest||M|||50|]Grimmsnarl||LightClay|Prankster|SpiritBreak,Reflect,LightScreen,PartingShot|Careful||M|||50|]Skarmory||Skarmorite|KeenEye|BraveBird,IronHead,Tailwind,Protect|Jolly||M|||50|]Hydreigon||ChoiceScarf|Levitate|DarkPulse,DragonPulse,Uturn,EarthPower|Modest||F|||50|
|inactive|Battle timer is ON: inactive players will automatically lose when time's up. (requested by berja)
|
|t:|1783626461
|teamsize|p1|4
|teamsize|p2|4
|start
|switch|p1a: Archaludon|Archaludon, L50, M|100/100
|switch|p1b: Tsareena|Tsareena, L50, F|100/100
|switch|p2a: Pelipper|Pelipper, L50, F|100/100
|switch|p2b: Archaludon|Archaludon, L50, M|100/100
|-weather|RainDance|[from] ability: Drizzle|[of] p2a: Pelipper
|turn|1
|
|t:|1783626485
|move|p2a: Pelipper|Protect|p2a: Pelipper
|-singleturn|p2a: Pelipper|Protect
|move|p2b: Archaludon|Electro Shot||[still]
|-prepare|p2b: Archaludon|Electro Shot
|-boost|p2b: Archaludon|spa|1
|-anim|p2b: Archaludon|Electro Shot|p1b: Tsareena
|-resisted|p1b: Tsareena|1
|-damage|p1b: Tsareena|70/100
|move|p1a: Archaludon|Electro Shot||[still]
|-prepare|p1a: Archaludon|Electro Shot
|-boost|p1a: Archaludon|spa|1
|-anim|p1a: Archaludon|Electro Shot|p2a: Pelipper
|-activate|p2a: Pelipper|move: Protect
|move|p1b: Tsareena|Knock Off|p2b: Archaludon
|-damage|p2b: Archaludon|74/100
|-ability|p2b: Archaludon|Stamina|boost
|-boost|p2b: Archaludon|def|1
|-enditem|p2b: Archaludon|Leftovers|[from] move: Knock Off|[of] p1b: Tsareena
|
|-weather|RainDance|[upkeep]
|upkeep
|turn|2
|inactive|berja has 30 seconds left.
|inactive|battle sim trainer has 30 seconds left.
|inactive|berja has 20 seconds left.
|inactive|berja has 15 seconds left.
|
|t:|1783626527
|move|p1a: Archaludon|Protect|p1a: Archaludon
|-singleturn|p1a: Archaludon|Protect
|move|p2b: Archaludon|Dragon Pulse|p1a: Archaludon
|-activate|p1a: Archaludon|move: Protect
|move|p1b: Tsareena|Low Kick|p2b: Archaludon
|-supereffective|p2b: Archaludon|1
|-damage|p2b: Archaludon|46/100
|-ability|p2b: Archaludon|Stamina|boost
|-boost|p2b: Archaludon|def|1
|move|p2a: Pelipper|Hurricane|p1b: Tsareena
|-supereffective|p1b: Tsareena|1
|-enditem|p1b: Tsareena|Coba Berry|[eat]
|-enditem|p1b: Tsareena|Coba Berry|[weaken]
|-damage|p1b: Tsareena|30/100
|
|-weather|RainDance|[upkeep]
|upkeep
|turn|3
|
|t:|1783626551
|move|p2b: Archaludon|Protect|p2b: Archaludon
|-singleturn|p2b: Archaludon|Protect
|move|p1a: Archaludon|Electro Shot||[still]
|-prepare|p1a: Archaludon|Electro Shot
|-boost|p1a: Archaludon|spa|1
|-anim|p1a: Archaludon|Electro Shot|p2a: Pelipper
|-supereffective|p2a: Pelipper|2
|-damage|p2a: Pelipper|0 fnt
|faint|p2a: Pelipper
|move|p1b: Tsareena|Knock Off|p2b: Archaludon
|-activate|p2b: Archaludon|move: Protect
|
|-weather|RainDance|[upkeep]
|upkeep
|inactive|battle sim trainer has 30 seconds left.
|inactive|battle sim trainer has 20 seconds left.
|
|t:|1783626590
|switch|p2a: Swampert|Swampert, L50, F|100/100
|turn|4
|inactive|battle sim trainer has 30 seconds left.
|
|t:|1783626615
|detailschange|p2a: Swampert|Swampert-Mega, L50, F
|-mega|p2a: Swampert|Swampert|Swampertite
|move|p1a: Archaludon|Protect|p1a: Archaludon
|-singleturn|p1a: Archaludon|Protect
|move|p2a: Swampert|Ice Punch|p1b: Tsareena
|-supereffective|p1b: Tsareena|1
|-damage|p1b: Tsareena|0 fnt
|faint|p1b: Tsareena
|move|p2b: Archaludon|Dragon Pulse|p1a: Archaludon
|-activate|p1a: Archaludon|move: Protect
|
|-weather|RainDance|[upkeep]
|upkeep
|
|t:|1783626632
|switch|p1b: Swampert|Swampert, L50, M|100/100
|turn|5
|inactive|battle sim trainer has 30 seconds left.
|
|t:|1783626667
|detailschange|p1b: Swampert|Swampert-Mega, L50, M
|-mega|p1b: Swampert|Swampert|Swampertite
|move|p2b: Archaludon|Protect|p2b: Archaludon
|-singleturn|p2b: Archaludon|Protect
|move|p2a: Swampert|Earthquake|p1b: Swampert|[spread] p1a,p1b
|-activate|p2b: Archaludon|move: Protect
|-supereffective|p1a: Archaludon|1
|-damage|p1a: Archaludon|35/100
|-damage|p1b: Swampert|58/100
|-ability|p1a: Archaludon|Stamina|boost
|-boost|p1a: Archaludon|def|1
|move|p1b: Swampert|Wave Crash|p2a: Swampert
|-damage|p2a: Swampert|1/100
|-damage|p1b: Swampert|26/100|[from] Recoil
|move|p1a: Archaludon|Electro Shot||[still]
|-prepare|p1a: Archaludon|Electro Shot
|-boost|p1a: Archaludon|spa|1
|-anim|p1a: Archaludon|Electro Shot|p2b: Archaludon
|-activate|p2b: Archaludon|move: Protect
|
|-weather|none
|-heal|p1a: Archaludon|41/100|[from] item: Leftovers
|upkeep
|turn|6
|inactive|berja has 30 seconds left.
|inactive|battle sim trainer has 30 seconds left.
|inactive|berja has 20 seconds left.
|
|t:|1783626704
|switch|p2b: Hydreigon|Hydreigon, L50, F|100/100
|move|p1a: Archaludon|Protect|p1a: Archaludon
|-singleturn|p1a: Archaludon|Protect
|move|p2a: Swampert|Earthquake|p1b: Swampert|[spread] p1b
|-activate|p1a: Archaludon|move: Protect
|-immune|p2b: Hydreigon|[from] ability: Levitate
|-damage|p1b: Swampert|0 fnt
|faint|p1b: Swampert
|
|-heal|p1a: Archaludon|47/100|[from] item: Leftovers
|upkeep
|
|t:|1783626714
|switch|p1b: Hydreigon|Hydreigon, L50, F|100/100
|turn|7
|inactive|battle sim trainer has 30 seconds left.
|
|t:|1783626742
|move|p1b: Hydreigon|Draco Meteor|p2b: Hydreigon
|-supereffective|p2b: Hydreigon|1
|-damage|p2b: Hydreigon|0 fnt
|-unboost|p1b: Hydreigon|spa|2
|faint|p2b: Hydreigon
|move|p2a: Swampert|Earthquake|p1a: Archaludon|[spread] p1a
|-immune|p1b: Hydreigon|[from] ability: Levitate
|-supereffective|p1a: Archaludon|1
|-damage|p1a: Archaludon|1/100
|-ability|p1a: Archaludon|Stamina|boost
|-boost|p1a: Archaludon|def|1
|move|p1a: Archaludon|Flash Cannon|p2a: Swampert
|-resisted|p2a: Swampert|1
|-damage|p2a: Swampert|0 fnt
|faint|p2a: Swampert
|
|-heal|p1a: Archaludon|6/100|[from] item: Leftovers
|upkeep
|
|t:|1783626752
|switch|p2a: Archaludon|Archaludon, L50, M|46/100
|turn|8
|
|t:|1783626765
|move|p2a: Archaludon|Protect|p2a: Archaludon
|-singleturn|p2a: Archaludon|Protect
|move|p1b: Hydreigon|Draco Meteor|p2a: Archaludon
|-activate|p2a: Archaludon|move: Protect
|move|p1a: Archaludon|Draco Meteor|p2a: Archaludon
|-activate|p2a: Archaludon|move: Protect
|
|-heal|p1a: Archaludon|12/100|[from] item: Leftovers
|upkeep
|turn|9
|
|t:|1783626778
|move|p1b: Hydreigon|Draco Meteor|p2a: Archaludon
|-damage|p2a: Archaludon|14/100
|-unboost|p1b: Hydreigon|spa|2
|-ability|p2a: Archaludon|Stamina|boost
|-boost|p2a: Archaludon|def|1
|move|p2a: Archaludon|Dragon Pulse|p1a: Archaludon
|-damage|p1a: Archaludon|0 fnt
|faint|p1a: Archaludon
|
|upkeep
|turn|10
|
|t:|1783626791
|move|p2a: Archaludon|Protect|p2a: Archaludon
|-singleturn|p2a: Archaludon|Protect
|move|p1b: Hydreigon|Draco Meteor|p2a: Archaludon
|-activate|p2a: Archaludon|move: Protect
|
|upkeep
|turn|11
|
|t:|1783626800
|move|p1b: Hydreigon|Draco Meteor|p2a: Archaludon
|-damage|p2a: Archaludon|0 fnt
|-unboost|p1b: Hydreigon|spa|2
|faint|p2a: Archaludon
|
|win|berja
|raw|berja's rating: 1118 → 1148(+30 for winning)
|raw|battle sim trainer's rating: 1184 → 1154(-30 for losing)
|c|☆battle sim trainer|gg
