|j|☆Mewtwo's Husband
|j|☆damage77
|html|Mewtwo's Husbanddamage77    
|uhtml|bestof|Game 1 of a best-of-3
|t:|1756323819
|gametype|doubles
|player|p1|Mewtwo's Husband|170|1307
|player|p2|damage77|flint|1400
|gen|9
|tier|[Gen 9] VGC 2025 Reg H (Bo3)
|rated|
|rule|Species Clause: Limit one of each Pokémon
|rule|Item Clause: Limit 1 of each item
|clearpoke
|poke|p1|Gholdengo, L50|
|poke|p1|Garchomp, L50, F|
|poke|p1|Rillaboom, L50, M|
|poke|p1|Sneasler, L50, M|
|poke|p1|Tyranitar, L50, F|
|poke|p1|Magmar, L50, F|
|poke|p2|Ninetales-Alola, L50, F|
|poke|p2|Gholdengo, L50|
|poke|p2|Dragonite, L50, F|
|poke|p2|Annihilape, L50, M|
|poke|p2|Ursaluna-Bloodmoon, L50, M|
|poke|p2|Incineroar, L50, F|
|teampreview|4
|showteam|p1|Gholdengo||Leftovers|GoodasGold|MakeItRain,ShadowBall,NastyPlot,Protect||||||50|,,,,,Water]Garchomp||LifeOrb|SandVeil|StompingTantrum,DragonClaw,Protect,SwordsDance|||F|||50|,,,,,Fire]Rillaboom||MiracleSeed|GrassySurge|WoodHammer,GrassyGlide,HighHorsepower,FakeOut|||M|||50|,,,,,Ghost]Sneasler||WhiteHerb|Unburden|Protect,DireClaw,CloseCombat,FakeOut|||M|||50|,,,,,Stellar]Tyranitar||AssaultVest|SandStream|RockSlide,KnockOff,LowKick,TeraBlast|||F|||50|,,,,,Flying]Magmar||Eviolite|VitalSpirit|Protect,HeatWave,Taunt,FollowMe|||F|||50|,,,,,Ghost
|showteam|p2|Ninetales-Alola||LightClay|SnowWarning|IcicleSpear,Blizzard,AuroraVeil,IcyWind|||F|||50|,,,,,Ghost]Gholdengo||ChoiceScarf|GoodasGold|MakeItRain,ShadowBall,Trick,NastyPlot||||||50|,,,,,Steel]Dragonite||LoadedDice|Multiscale|ScaleShot,ExtremeSpeed,Protect,Haze|||F|||50|,,,,,Normal]Annihilape||SafetyGoggles|Defiant|DrainPunch,RageFist,BulkUp,Protect|||M|||50|,,,,,Fire]Ursaluna-Bloodmoon||AssaultVest|MindsEye|BloodMoon,HyperVoice,EarthPower,VacuumWave|||M|||50|,,,,,Water]Incineroar||SitrusBerry|Intimidate|FakeOut,FlareBlitz,KnockOff,PartingShot|||F|||50|,,,,,Ghost
|inactive|Battle timer is ON: inactive players will automatically lose when time's up. (requested by damage77)
|
|t:|1756323874
|teamsize|p1|4
|teamsize|p2|4
|start
|switch|p1a: Tyranitar|Tyranitar, L50, F|100/100
|switch|p1b: Garchomp|Garchomp, L50, F|100/100
|switch|p2a: Gholdengo|Gholdengo, L50|100/100
|switch|p2b: Dragonite|Dragonite, L50, F|100/100
|-weather|Sandstorm|[from] ability: Sand Stream|[of] p1a: Tyranitar
|turn|1
|inactive|damage77 has 30 seconds left.
|inactive|damage77 has 20 seconds left.
|
|t:|1756323914
|switch|p2a: Ursaluna|Ursaluna-Bloodmoon, L50, M|100/100
|move|p1b: Garchomp|Stomping Tantrum|p2a: Ursaluna
|-damage|p2a: Ursaluna|63/100
|-damage|p1b: Garchomp|91/100|[from] item: Life Orb
|move|p2b: Dragonite|Scale Shot|p1b: Garchomp
|-supereffective|p1b: Garchomp
|-damage|p1b: Garchomp|60/100
|-supereffective|p1b: Garchomp
|-damage|p1b: Garchomp|30/100
|-supereffective|p1b: Garchomp
|-damage|p1b: Garchomp|0 fnt
|faint|p1b: Garchomp
|-hitcount|p1: Garchomp|3
|-unboost|p2b: Dragonite|def|1
|-boost|p2b: Dragonite|spe|1
|move|p1a: Tyranitar|Rock Slide|p2b: Dragonite|[spread] p2a,p2b
|-resisted|p2a: Ursaluna
|-supereffective|p2b: Dragonite
|-damage|p2a: Ursaluna|53/100
|-damage|p2b: Dragonite|53/100
|
|-weather|Sandstorm|[upkeep]
|-damage|p2b: Dragonite|47/100|[from] Sandstorm
|upkeep
|
|t:|1756323935
|switch|p1b: Sneasler|Sneasler, L50, M|100/100
|turn|2
|inactive|Mewtwo's Husband has 30 seconds left.
|
|t:|1756323962
|switch|p2a: Annihilape|Annihilape, L50, M|100/100
|move|p2b: Dragonite|Protect|p2b: Dragonite
|-singleturn|p2b: Dragonite|Protect
|move|p1b: Sneasler|Fake Out|p2b: Dragonite
|-activate|p2b: Dragonite|move: Protect
|move|p1a: Tyranitar|Low Kick|p2a: Annihilape
|-immune|p2a: Annihilape
|
|-weather|Sandstorm|[upkeep]
|-damage|p2b: Dragonite|41/100|[from] Sandstorm
|-damage|p1b: Sneasler|95/100|[from] Sandstorm
|upkeep
|turn|3
|inactive|damage77 has 30 seconds left.
|
|t:|1756323993
|switch|p1b: Gholdengo|Gholdengo, L50|100/100
|-terastallize|p1a: Tyranitar|Flying
|move|p2b: Dragonite|Scale Shot|p1a: Tyranitar
|-damage|p1a: Tyranitar|89/100
|-damage|p1a: Tyranitar|77/100
|-damage|p1a: Tyranitar|65/100
|-damage|p1a: Tyranitar|53/100
|-damage|p1a: Tyranitar|40/100
|-hitcount|p1a: Tyranitar|5
|-unboost|p2b: Dragonite|def|1
|-boost|p2b: Dragonite|spe|1
|move|p2a: Annihilape|Bulk Up|p2a: Annihilape
|-boost|p2a: Annihilape|atk|1
|-boost|p2a: Annihilape|def|1
|move|p1a: Tyranitar|Tera Blast|p2a: Annihilape|[anim] Tera Blast Flying
|-supereffective|p2a: Annihilape
|-damage|p2a: Annihilape|46/100
|
|-weather|Sandstorm|[upkeep]
|-damage|p2b: Dragonite|35/100|[from] Sandstorm
|-damage|p1a: Tyranitar|34/100|[from] Sandstorm
|upkeep
|turn|4
|inactive|Mewtwo's Husband has 30 seconds left.
|inactive|damage77 has 30 seconds left.
|inactive|Mewtwo's Husband has 20 seconds left.
|
|t:|1756324028
|move|p2b: Dragonite|Scale Shot|p1a: Tyranitar|[miss]
|-miss|p2b: Dragonite|p1a: Tyranitar
|move|p2a: Annihilape|Rage Fist|p1b: Gholdengo
|-supereffective|p1b: Gholdengo
|-damage|p1b: Gholdengo|0 fnt
|faint|p1b: Gholdengo
|move|p1a: Tyranitar|Knock Off|p2b: Dragonite
|-damage|p2b: Dragonite|0 fnt
|-enditem|p2b: Dragonite|Loaded Dice|[from] move: Knock Off|[of] p1a: Tyranitar
|faint|p2b: Dragonite
|
|-weather|Sandstorm|[upkeep]
|-damage|p1a: Tyranitar|28/100|[from] Sandstorm
|upkeep
|
|t:|1756324041
|switch|p2b: Ursaluna|Ursaluna-Bloodmoon, L50, M|53/100
|switch|p1b: Sneasler|Sneasler, L50, M|95/100
|turn|5
|-message|Mewtwo's Husband forfeited.
|
|win|damage77
|l|☆Mewtwo's Husband
|player|p1|
||Mewtwo's Husband is ready for game 2.
||damage77 is ready for game 2.
|uhtml|next|Next: Game 2 of 3
