|j|☆Pareng Khufra
|j|☆fangyusuhe
|html|Pareng Khufrafangyusuhe    
|uhtml|bestof|Game 1 of a best-of-3
|t:|1784662104
|gametype|doubles
|player|p1|Pareng Khufra|2|1226
|player|p2|fangyusuhe|dawn|1179
|gen|9
|tier|[Gen 9 Champions] VGC 2026 Reg M-B (Bo3)
|rated|
|rule|Species Clause: Limit one of each Pokémon
|rule|Item Clause: Limit 1 of each item
|clearpoke
|poke|p1|Gholdengo, L50|
|poke|p1|Milotic, L50, M|
|poke|p1|Sinistcha, L50|
|poke|p1|Tyranitar, L50, M|
|poke|p1|Excadrill, L50, F|
|poke|p1|Staraptor, L50, F|
|poke|p2|Whimsicott, L50, F|
|poke|p2|Ceruledge, L50, F|
|poke|p2|Garchomp, L50, F|
|poke|p2|Gholdengo, L50|
|poke|p2|Kingambit, L50, M|
|poke|p2|Staraptor, L50, M|
|teampreview|4
|showteam|p1|Gholdengo||LifeOrb|GoodasGold|NastyPlot,Protect,ShadowBall,MakeItRain|Modest|||||50|]Milotic||SitrusBerry|Competitive|Protect,Haze,IcyWind,Scald|Calm||M|||50|]Sinistcha||ColburBerry|Hospitality|MatchaGotcha,ShadowBall,RagePowder,Protect|Bold|||||50|]Tyranitar||Tyranitarite|SandStream|RockSlide,HighHorsepower,Protect,KnockOff|Jolly||M|||50|]Excadrill||FocusSash|SandRush|RockSlide,IronHead,Earthquake,Protect|Jolly||F|||50|]Staraptor||Staraptite|Intimidate|Tailwind,CloseCombat,BraveBird,Protect|Jolly||F|||50|
|showteam|p2|Whimsicott||FocusSash|Prankster|Moonblast,Tailwind,Charm,Protect|Timid||F|||50|]Ceruledge||ColburBerry|FlashFire|BitterBlade,ShadowSneak,BulkUp,Protect|Adamant||F|||50|]Garchomp||LifeOrb|RoughSkin|Earthquake,RockSlide,DragonClaw,Protect|Jolly||F|||50|]Gholdengo||SpellTag|GoodasGold|MakeItRain,ShadowBall,NastyPlot,Protect|Modest|||||50|]Kingambit||OccaBerry|Defiant|KowtowCleave,SuckerPunch,LowKick,IronHead|Adamant||M|||50|]Staraptor||Staraptite|Intimidate|CloseCombat,Roost,BraveBird,Protect|Jolly||M|||50|
|inactive|Battle timer is ON: inactive players will automatically lose when time's up. (requested by fangyusuhe)
|inactive|Pareng Khufra has 60 seconds left.
|
|t:|1784662173
|teamsize|p1|4
|teamsize|p2|4
|start
|switch|p1a: Milotic|Milotic, L50, M|100/100
|switch|p1b: Gholdengo|Gholdengo, L50|100/100
|switch|p2a: Staraptor|Staraptor, L50, M|100/100
|switch|p2b: Whimsicott|Whimsicott, L50, F|100/100
|-ability|p2a: Staraptor|Intimidate|boost
|-unboost|p1a: Milotic|atk|1
|-ability|p1a: Milotic|Competitive|boost
|-boost|p1a: Milotic|spa|2
|-unboost|p1b: Gholdengo|atk|1
|turn|1
|
|t:|1784662190
|detailschange|p2a: Staraptor|Staraptor-Mega, L50, M
|-mega|p2a: Staraptor|Staraptor|Staraptite
|move|p2b: Whimsicott|Charm|p2a: Staraptor
|-boost|p2a: Staraptor|atk|2
|move|p2a: Staraptor|Close Combat|p1a: Milotic
|-damage|p1a: Milotic|0 fnt
|-boost|p2a: Staraptor|def|1
|-boost|p2a: Staraptor|spd|1
|faint|p1a: Milotic
|move|p1b: Gholdengo|Make It Rain|p2b: Whimsicott|[spread] p2a,p2b
|-supereffective|p2b: Whimsicott|1
|-damage|p2a: Staraptor|61/100
|-enditem|p2b: Whimsicott|Focus Sash
|-damage|p2b: Whimsicott|1/100
|-unboost|p1b: Gholdengo|spa|2
|-damage|p1b: Gholdengo|90/100|[from] item: Life Orb
|
|upkeep
|
|t:|1784662200
|switch|p1a: Sinistcha|Sinistcha, L50|100/100
|-heal|p1b: Gholdengo|100/100|[from] ability: Hospitality|[of] p1a: Sinistcha
|turn|2
|
|t:|1784662211
|switch|p2b: Garchomp|Garchomp, L50, F|100/100
|move|p2a: Staraptor|Brave Bird|p1a: Sinistcha
|-supereffective|p1a: Sinistcha|1
|-damage|p1a: Sinistcha|0 fnt
|faint|p1a: Sinistcha
|-damage|p2a: Staraptor|31/100|[from] Recoil
|move|p1b: Gholdengo|Nasty Plot|p1b: Gholdengo
|-boost|p1b: Gholdengo|spa|2
|
|upkeep
|
|t:|1784662218
|switch|p1a: Staraptor|Staraptor, L50, F|100/100
|-ability|p1a: Staraptor|Intimidate|boost
|-boost|p2a: Staraptor|atk|1
|-unboost|p2b: Garchomp|atk|1
|turn|3
|
|t:|1784662227
|detailschange|p1a: Staraptor|Staraptor-Mega, L50, F
|-mega|p1a: Staraptor|Staraptor|Staraptite
|move|p1a: Staraptor|Brave Bird|p2a: Staraptor
|-supereffective|p2a: Staraptor|1
|-damage|p2a: Staraptor|0 fnt
|faint|p2a: Staraptor
|-damage|p1a: Staraptor|89/100|[from] Recoil
|move|p2b: Garchomp|Earthquake|p1a: Staraptor|[spread] p1b
|-immune|p1a: Staraptor
|-supereffective|p1b: Gholdengo|1
|-crit|p1b: Gholdengo
|-damage|p1b: Gholdengo|0 fnt
|faint|p1b: Gholdengo
|-damage|p2b: Garchomp|90/100|[from] item: Life Orb
|
|upkeep
|
|t:|1784662236
|switch|p2a: Gholdengo|Gholdengo, L50|100/100
|turn|4
|
|t:|1784662243
|move|p2b: Garchomp|Protect|p2b: Garchomp
|-singleturn|p2b: Garchomp|Protect
|move|p1a: Staraptor|Close Combat|p2b: Garchomp
|-activate|p2b: Garchomp|move: Protect
|move|p2a: Gholdengo|Nasty Plot|p2a: Gholdengo
|-boost|p2a: Gholdengo|spa|2
|
|upkeep
|turn|5
|
|t:|1784662253
|move|p1a: Staraptor|Close Combat|p2b: Garchomp
|-damage|p2b: Garchomp|36/100
|-boost|p1a: Staraptor|def|1
|-boost|p1a: Staraptor|spd|1
|-damage|p1a: Staraptor|77/100|[from] ability: Rough Skin|[of] p2b: Garchomp
|move|p2b: Garchomp|Rock Slide|p1a: Staraptor|[miss]
|-miss|p2b: Garchomp|p1a: Staraptor
|move|p2a: Gholdengo|Make It Rain|p1a: Staraptor
|-damage|p1a: Staraptor|0 fnt
|-unboost|p2a: Gholdengo|spa|2
|faint|p1a: Staraptor
|
|win|fangyusuhe
|inactive|Pareng Khufra has 30 seconds to confirm battle start!
|inactive|fangyusuhe has 30 seconds to confirm battle start!
||Pareng Khufra is ready for game 2.
||fangyusuhe is ready for game 2.
|uhtml|next|Next: Game 2 of 3
