|j|☆DragonCloak99
|j|☆luka008
|html|DragonCloak99luka008    
|uhtml|bestof|Game 2 of a best-of-3
|t:|1783350180
|gametype|doubles
|player|p1|DragonCloak99|lance|1000
|player|p2|luka008|colress|1105
|gen|9
|tier|[Gen 9 Champions] VGC 2026 Reg M-B (Bo3)
|rated|
|rule|Species Clause: Limit one of each Pokémon
|rule|Item Clause: Limit 1 of each item
|clearpoke
|poke|p1|Sceptile, L50, M|
|poke|p1|Rotom-Heat, L50|
|poke|p1|Basculegion, L50, M|
|poke|p1|Aerodactyl, L50, M|
|poke|p1|Garchomp, L50, M|
|poke|p1|Floette-Eternal, L50, F|
|poke|p2|Gholdengo, L50|
|poke|p2|Incineroar, L50, F|
|poke|p2|Garchomp, L50, F|
|poke|p2|Charizard, L50, M|
|poke|p2|Whimsicott, L50, F|
|poke|p2|Basculegion, L50, M|
|teampreview|4
|showteam|p1|Sceptile||Sceptilite|Overgrow|GrassKnot,DragonPulse,EarthPower,Detect|Timid||M|||50|]Rotom-Heat||ChoiceScarf|Levitate|Thunderbolt,Overheat,VoltSwitch,Discharge|Timid|||||50|]Basculegion||SitrusBerry|Adaptability|WaveCrash,LastRespects,AquaJet,Protect|Adamant||M|||50|]Aerodactyl||FocusSash|Unnerve|RockSlide,DualWingbeat,Tailwind,WideGuard|Jolly||M|||50|]Garchomp||LifeOrb|RoughSkin|DragonClaw,Earthquake,RockSlide,Protect|Jolly||M|||50|]Floette-Eternal||Floettite|FlowerVeil|Moonblast,DazzlingGleam,LightofRuin,Protect|Timid||F|||50|
|showteam|p2|Gholdengo||MetalCoat|GoodasGold|MakeItRain,ShadowBall,NastyPlot,Protect|Modest|||||50|]Incineroar||SitrusBerry|Intimidate|FakeOut,FlareBlitz,PartingShot,ThroatChop|Impish||F|||50|]Garchomp||LifeOrb|RoughSkin|Earthquake,DragonClaw,RockSlide,Protect|Jolly||F|||50|]Charizard||CharizarditeY|Blaze|HeatWave,SolarBeam,WeatherBall,Protect|Modest||M|||50|]Whimsicott||FocusSash|Prankster|Tailwind,Encore,Moonblast,Protect|Timid||F|||50|]Basculegion||MysticWater|Adaptability|LastRespects,AquaJet,WaveCrash,Protect|Adamant||M|||50|
|
|t:|1783350225
|teamsize|p1|4
|teamsize|p2|4
|start
|switch|p1a: Rotom|Rotom-Heat, L50|100/100
|switch|p1b: Sceptile|Sceptile, L50, M|100/100
|switch|p2a: Whimsicott|Whimsicott, L50, F|100/100
|switch|p2b: Basculegion|Basculegion, L50, M|100/100
|turn|1
|inactive|Battle timer is ON: inactive players will automatically lose when time's up. (requested by DragonCloak99)
|inactive|DragonCloak99 has 60 seconds left.
|
|t:|1783350274
|detailschange|p1b: Sceptile|Sceptile-Mega, L50, M
|-mega|p1b: Sceptile|Sceptile|Sceptilite
|move|p2a: Whimsicott|Tailwind|p2a: Whimsicott
|-sidestart|p2: luka008|move: Tailwind
|move|p1a: Rotom|Discharge|p2b: Basculegion|[spread] p2a,p2b
|-ability|p1b: Sceptile|Lightning Rod|boost
|-boost|p1b: Sceptile|spa|1
|-resisted|p2a: Whimsicott|1
|-supereffective|p2b: Basculegion|1
|-damage|p2a: Whimsicott|76/100
|-damage|p2b: Basculegion|41/100
|move|p2b: Basculegion|Wave Crash|p1a: Rotom
|-supereffective|p1a: Rotom|1
|-damage|p1a: Rotom|0 fnt
|faint|p1a: Rotom
|-damage|p2b: Basculegion|21/100|[from] Recoil
|move|p1b: Sceptile|Grass Knot|p2b: Basculegion
|-supereffective|p2b: Basculegion|1
|-damage|p2b: Basculegion|0 fnt
|faint|p2b: Basculegion
|
|upkeep
|
|t:|1783350294
|switch|p1a: Aerodactyl|Aerodactyl, L50, M|100/100
|switch|p2b: Charizard|Charizard, L50, M|100/100
|-ability|p1a: Aerodactyl|Unnerve
|turn|2
|inactive|DragonCloak99 has 30 seconds left.
|inactive|luka008 has 30 seconds left.
|
|t:|1783350324
|detailschange|p2b: Charizard|Charizard-Mega-Y, L50, M
|-mega|p2b: Charizard|Charizard|Charizardite Y
|-weather|SunnyDay|[from] ability: Drought|[of] p2b: Charizard
|move|p1b: Sceptile|Detect|p1b: Sceptile
|-singleturn|p1b: Sceptile|Protect
|move|p2a: Whimsicott|Moonblast|p1a: Aerodactyl
|-damage|p1a: Aerodactyl|53/100
|move|p2b: Charizard|Solar Beam||[still]
|-prepare|p2b: Charizard|Solar Beam
|-anim|p2b: Charizard|Solar Beam|p1a: Aerodactyl
|-damage|p1a: Aerodactyl|0 fnt
|faint|p1a: Aerodactyl
|
|-weather|SunnyDay|[upkeep]
|upkeep
|
|t:|1783350336
|switch|p1a: Garchomp|Garchomp, L50, M|100/100
|turn|3
|
|t:|1783350355
|switch|p2b: Garchomp|Garchomp, L50, F|100/100
|move|p2a: Whimsicott|Encore|p1b: Sceptile
|-start|p1b: Sceptile|Encore
|move|p1b: Sceptile|Detect|p1b: Sceptile
|-singleturn|p1b: Sceptile|Protect
|move|p1a: Garchomp|Rock Slide|p2a: Whimsicott|[spread] p2a,p2b
|-resisted|p2b: Garchomp|1
|-damage|p2a: Whimsicott|40/100
|-damage|p2b: Garchomp|87/100
|-damage|p1a: Garchomp|90/100|[from] item: Life Orb
|
|-weather|SunnyDay|[upkeep]
|upkeep
|turn|4
|
|t:|1783350374
|move|p1b: Sceptile|Detect||[still]
|-fail|p1b: Sceptile
|move|p2a: Whimsicott|Moonblast|p1a: Garchomp
|-supereffective|p1a: Garchomp|1
|-damage|p1a: Garchomp|15/100
|move|p2b: Garchomp|Dragon Claw|p1b: Sceptile
|-supereffective|p1b: Sceptile|1
|-damage|p1b: Sceptile|0 fnt
|faint|p1b: Sceptile
|-damage|p2b: Garchomp|77/100|[from] item: Life Orb
|move|p1a: Garchomp|Earthquake|p2a: Whimsicott|[spread] p2a,p2b
|-resisted|p2a: Whimsicott|1
|-damage|p2a: Whimsicott|2/100
|-damage|p2b: Garchomp|23/100
|-damage|p1a: Garchomp|5/100|[from] item: Life Orb
|
|-weather|SunnyDay|[upkeep]
|-sideend|p2: luka008|move: Tailwind
|upkeep
|turn|5
|
|t:|1783350393
|move|p2a: Whimsicott|Moonblast|p1a: Garchomp
|-supereffective|p1a: Garchomp|1
|-damage|p1a: Garchomp|0 fnt
|faint|p1a: Garchomp
|
|win|luka008
||luka008 is ready for game 3.
||DragonCloak99 is ready for game 3.
|uhtml|next|Next: Game 3 of 3
