|j|☆MarillRag1
|j|‽gdog6969
|html|MarillRag1gdog6969    
|uhtml|bestof|Game 1 of a best-of-3
|t:|1786030737
|gametype|doubles
|player|p1|MarillRag1|101|1200
|player|p2|gdog6969|169|1061
|gen|9
|tier|[Gen 9 Champions] VGC 2026 Reg M-B (Bo3)
|rated|
|rule|Species Clause: Limit one of each Pokémon
|rule|Item Clause: Limit 1 of each item
|clearpoke
|poke|p1|Pelipper, L50, F|
|poke|p1|Grimmsnarl, L50, M|
|poke|p1|Swampert, L50, M|
|poke|p1|Sinistcha, L50|
|poke|p1|Sneasler, L50, F|
|poke|p1|Gholdengo, L50|
|poke|p2|Hydreigon, L50, M|
|poke|p2|Basculegion, L50, M|
|poke|p2|Pelipper, L50, F|
|poke|p2|Archaludon, L50, M|
|poke|p2|Venusaur, L50, F|
|poke|p2|Charizard, L50, M|
|teampreview|4
|showteam|p1|Pelipper||SitrusBerry|Drizzle|Hurricane,WeatherBall,WideGuard,Tailwind|Modest||F|||50|]Grimmsnarl||LightClay|Prankster|SpiritBreak,LightScreen,PartingShot,Reflect|Sassy||M|||50|]Swampert||Swampertite|Torrent|Protect,WaveCrash,StompingTantrum,IcePunch|Adamant||M|||50|]Sinistcha||ColburBerry|Hospitality|MatchaGotcha,RagePowder,Protect,TrickRoom|Bold|||||50|]Sneasler||FocusSash|PoisonTouch|CloseCombat,DireClaw,FakeOut,Coaching|Jolly||F|||50|]Gholdengo||LifeOrb|GoodasGold|MakeItRain,ShadowBall,NastyPlot,Protect|Modest|||||50|
|showteam|p2|Hydreigon||ChoiceScarf|Levitate|Snarl,DarkPulse,EarthPower,DracoMeteor|Modest||M|||50|]Basculegion||MysticWater|Adaptability|WaveCrash,AquaJet,LastRespects,Protect|Adamant||M|||50|]Pelipper||FocusSash|Drizzle|Tailwind,WideGuard,Hurricane,WeatherBall|Modest||F|||50|]Archaludon||Leftovers|Stamina|Protect,FlashCannon,DragonPulse,ElectroShot|Calm||M|||50|]Venusaur||LifeOrb|Chlorophyll|LeafStorm,SludgeBomb,EarthPower,SleepPowder|Modest||F|||50|]Charizard||CharizarditeY|Blaze|Protect,HeatWave,WeatherBall,SolarBeam|Timid||M|||50|
|
|t:|1786030784
|teamsize|p1|4
|teamsize|p2|4
|start
|switch|p1a: Grimmsnarl|Grimmsnarl, L50, M|100/100
|switch|p1b: Swampert|Swampert, L50, M|100/100
|switch|p2a: Venusaur|Venusaur, L50, F|100/100
|switch|p2b: Charizard|Charizard, L50, M|100/100
|turn|1
|
|t:|1786030814
|detailschange|p2b: Charizard|Charizard-Mega-Y, L50, M
|-mega|p2b: Charizard|Charizard|Charizardite Y
|-weather|SunnyDay|[from] ability: Drought|[of] p2b: Charizard
|move|p2b: Charizard|Protect|p2b: Charizard
|-singleturn|p2b: Charizard|Protect
|move|p1b: Swampert|Protect|p1b: Swampert
|-singleturn|p1b: Swampert|Protect
|move|p1a: Grimmsnarl|Parting Shot|p2a: Venusaur
|-unboost|p2a: Venusaur|atk|1
|-unboost|p2a: Venusaur|spa|1
|
|t:|1786030822
|switch|p1a: Pelipper|Pelipper, L50, F|100/100|[from] Parting Shot
|-weather|RainDance|[from] ability: Drizzle|[of] p1a: Pelipper
|move|p2a: Venusaur|Leaf Storm|p1b: Swampert
|-activate|p1b: Swampert|move: Protect
|
|-weather|RainDance|[upkeep]
|upkeep
|turn|2
|
|t:|1786030837
|switch|p2b: Pelipper|Pelipper, L50, F|100/100
|switch|p2a: Archaludon|Archaludon, L50, M|100/100
|switch|p1b: Gholdengo|Gholdengo, L50|100/100
|move|p1a: Pelipper|Tailwind|p1a: Pelipper
|-sidestart|p1: MarillRag1|move: Tailwind
|
|-weather|RainDance|[upkeep]
|upkeep
|turn|3
|
|t:|1786030858
|switch|p1a: Grimmsnarl|Grimmsnarl, L50, M|100/100
|move|p1b: Gholdengo|Nasty Plot|p1b: Gholdengo
|-boost|p1b: Gholdengo|spa|2
|move|p2a: Archaludon|Electro Shot||[still]
|-prepare|p2a: Archaludon|Electro Shot
|-boost|p2a: Archaludon|spa|1
|-anim|p2a: Archaludon|Electro Shot|p1a: Grimmsnarl
|-damage|p1a: Grimmsnarl|48/100
|move|p2b: Pelipper|Tailwind|p2b: Pelipper
|-sidestart|p2: gdog6969|move: Tailwind
|
|-weather|RainDance|[upkeep]
|upkeep
|turn|4
|
|t:|1786030889
|move|p1a: Grimmsnarl|Light Screen|p1a: Grimmsnarl
|-sidestart|p1: MarillRag1|move: Light Screen
|move|p1b: Gholdengo|Shadow Ball|p2a: Archaludon
|-damage|p2a: Archaludon|0 fnt
|faint|p2a: Archaludon
|-damage|p1b: Gholdengo|90/100|[from] item: Life Orb
|move|p2b: Pelipper|Weather Ball|p1b: Gholdengo
|-damage|p1b: Gholdengo|48/100
|
|-weather|RainDance|[upkeep]
|upkeep
|
|t:|1786030899
|switch|p2a: Charizard|Charizard-Mega-Y, L50, M|100/100
|-weather|SunnyDay|[from] ability: Drought|[of] p2a: Charizard
|turn|5
|
|t:|1786030937
|move|p1b: Gholdengo|Protect|p1b: Gholdengo
|-singleturn|p1b: Gholdengo|Protect
|move|p1a: Grimmsnarl|Parting Shot|p2b: Pelipper
|-unboost|p2b: Pelipper|atk|1
|-unboost|p2b: Pelipper|spa|1
|
|t:|1786030944
|switch|p1a: Pelipper|Pelipper, L50, F|100/100|[from] Parting Shot
|-weather|RainDance|[from] ability: Drizzle|[of] p1a: Pelipper
|move|p2a: Charizard|Weather Ball|p1b: Gholdengo
|-activate|p1b: Gholdengo|move: Protect
|move|p2b: Pelipper|Weather Ball|p1b: Gholdengo
|-activate|p1b: Gholdengo|move: Protect
|
|-weather|RainDance|[upkeep]
|-sideend|p1: MarillRag1|move: Tailwind
|upkeep
|turn|6
|
|t:|1786030974
|switch|p2a: Venusaur|Venusaur, L50, F|100/100
|switch|p1b: Grimmsnarl|Grimmsnarl, L50, M|48/100
|move|p2b: Pelipper|Weather Ball|p1b: Grimmsnarl
|-damage|p1b: Grimmsnarl|26/100
|move|p1a: Pelipper|Weather Ball|p2a: Venusaur
|-resisted|p2a: Venusaur|1
|-damage|p2a: Venusaur|65/100
|
|-weather|RainDance|[upkeep]
|-sideend|p2: gdog6969|move: Tailwind
|upkeep
|turn|7
|
|t:|1786031011
|switch|p2b: Charizard|Charizard-Mega-Y, L50, M|100/100
|-weather|SunnyDay|[from] ability: Drought|[of] p2b: Charizard
|move|p2a: Venusaur|Sludge Bomb|p1b: Grimmsnarl
|-supereffective|p1b: Grimmsnarl|1
|-damage|p1b: Grimmsnarl|0 fnt
|faint|p1b: Grimmsnarl
|-damage|p2a: Venusaur|56/100|[from] item: Life Orb
|move|p1a: Pelipper|Tailwind|p1a: Pelipper
|-sidestart|p1: MarillRag1|move: Tailwind
|
|-weather|SunnyDay|[upkeep]
|upkeep
|
|t:|1786031057
|switch|p1b: Swampert|Swampert, L50, M|100/100
|turn|8
|
|t:|1786031065
|detailschange|p1b: Swampert|Swampert-Mega, L50, M
|-mega|p1b: Swampert|Swampert|Swampertite
|move|p1b: Swampert|Protect|p1b: Swampert
|-singleturn|p1b: Swampert|Protect
|move|p2a: Venusaur|Leaf Storm|p1a: Pelipper
|-damage|p1a: Pelipper|29/100
|-unboost|p2a: Venusaur|spa|2
|-enditem|p1a: Pelipper|Sitrus Berry|[eat]
|-heal|p1a: Pelipper|54/100|[from] item: Sitrus Berry
|-damage|p2a: Venusaur|46/100|[from] item: Life Orb
|move|p1a: Pelipper|Weather Ball|p2a: Venusaur
|-supereffective|p2a: Venusaur|1
|-damage|p2a: Venusaur|0 fnt
|faint|p2a: Venusaur
|move|p2b: Charizard|Solar Beam||[still]
|-prepare|p2b: Charizard|Solar Beam
|-anim|p2b: Charizard|Solar Beam|p1b: Swampert
|-activate|p1b: Swampert|move: Protect
|
|-weather|SunnyDay|[upkeep]
|upkeep
|-message|gdog6969 forfeited.
|
|win|MarillRag1
|l|‽gdog6969
|player|p2|
||MarillRag1 is ready for game 2.
|inactive|gdog6969 has 30 seconds to confirm battle start!
|inactive|gdog6969 has 20 seconds to confirm battle start!
|inactive|gdog6969 has 10 seconds to confirm battle start!
|uhtml|next|Next: Game 2 of 3
