|j|☆batidodeawakate
|j|☆KodeBeast0526
|html|batidodeawakateKodeBeast0526    
|uhtml|bestof|Game 1 of a best-of-3
|t:|1784732530
|gametype|doubles
|player|p1|batidodeawakate|byron|1111
|player|p2|KodeBeast0526|hiker|1182
|gen|9
|tier|[Gen 9 Champions] VGC 2026 Reg M-B (Bo3)
|rated|
|rule|Species Clause: Limit one of each Pokémon
|rule|Item Clause: Limit 1 of each item
|clearpoke
|poke|p1|Gallade, L50, M|
|poke|p1|Farigiraf, L50, M|
|poke|p1|Incineroar, L50, F|
|poke|p1|Vileplume, L50, F|
|poke|p1|Torkoal, L50, M|
|poke|p1|Armarouge, L50, M|
|poke|p2|Aerodactyl, L50, M|
|poke|p2|Kingambit, L50, M|
|poke|p2|Sylveon, L50, M|
|poke|p2|Garchomp, L50, M|
|poke|p2|Charizard, L50, M|
|poke|p2|Farigiraf, L50, F, shiny|
|teampreview|4
|showteam|p1|Gallade||Galladite|Sharpness|PsychoCut,SacredSword,TrickRoom,WideGuard|Adamant||M|||50|]Farigiraf||Leftovers|ArmorTail|TrickRoom,PsychicNoise,FoulPlay,Protect|Bold||M|||50|]Incineroar||ChartiBerry|Intimidate|PartingShot,FlareBlitz,FakeOut,ThroatChop|Brave||F|||50|]Vileplume||MentalHerb|Chlorophyll|SleepPowder,AfterYou,WeatherBall,EnergyBall|Modest||F|||50|]Torkoal||Charcoal|Drought|SolarBeam,Eruption,HeatWave,GyroBall|Modest||M|||50|]Armarouge||LifeOrb|FlashFire|ArmorCannon,EnergyBall,TrickRoom,AllySwitch|Quiet||M|||50|
|showteam|p2|Aerodactyl||Aerodactylite|Unnerve|RockSlide,IceFang,Tailwind,WideGuard|Jolly||M|||50|]Kingambit||FocusSash|Defiant|KowtowCleave,SuckerPunch,IronHead,LowKick|Adamant||M|||50|]Sylveon||FairyFeather|Pixilate|Detect,HyperVoice,HyperBeam,QuickAttack|Modest||M|||50|]Garchomp||LifeOrb|RoughSkin|Earthquake,DragonClaw,StompingTantrum,Protect|Jolly||M|||50|]Charizard||CharizarditeY|Blaze|Protect,HeatWave,SolarBeam,WeatherBall|Modest||M|||50|]Farigiraf||SitrusBerry|ArmorTail|Thunderbolt,PsychicNoise,TrickRoom,HelpingHand|Bold||F|||50|
|inactive|Battle timer is ON: inactive players will automatically lose when time's up. (requested by KodeBeast0526)
|
|t:|1784732581
|teamsize|p1|4
|teamsize|p2|4
|start
|switch|p1a: Torkoal|Torkoal, L50, M|100/100
|switch|p1b: Vileplume|Vileplume, L50, F|100/100
|switch|p2a: Kingambit|Kingambit, L50, M|100/100
|switch|p2b: Farigiraf|Farigiraf, L50, F, shiny|100/100
|-weather|SunnyDay|[from] ability: Drought|[of] p1a: Torkoal
|turn|1
|inactive|batidodeawakate has 30 seconds left.
|
|t:|1784732614
|move|p2a: Kingambit|Sucker Punch|p1a: Torkoal
|-damage|p1a: Torkoal|70/100
|move|p1b: Vileplume|After You|p1a: Torkoal
|-activate|p1a: Torkoal|move: After You
|move|p1a: Torkoal|Eruption|p2a: Kingambit|[spread] p2a,p2b
|-supereffective|p2a: Kingambit|1
|-enditem|p2a: Kingambit|Focus Sash
|-damage|p2a: Kingambit|1/100
|-damage|p2b: Farigiraf|45/100
|-enditem|p2b: Farigiraf|Sitrus Berry|[eat]
|-heal|p2b: Farigiraf|70/100|[from] item: Sitrus Berry
|move|p2b: Farigiraf|Psychic Noise|p1b: Vileplume
|-supereffective|p1b: Vileplume|1
|-damage|p1b: Vileplume|26/100
|-start|p1b: Vileplume|move: Heal Block
|-enditem|p1b: Vileplume|Mental Herb
|-end|p1b: Vileplume|move: Heal Block
|
|-weather|SunnyDay|[upkeep]
|upkeep
|turn|2
|
|t:|1784732639
|move|p2b: Farigiraf|Helping Hand|p2a: Kingambit
|-singleturn|p2a: Kingambit|Helping Hand|[of] p2b: Farigiraf
|move|p2a: Kingambit|Sucker Punch|p1a: Torkoal
|-damage|p1a: Torkoal|25/100
|move|p1b: Vileplume|Weather Ball|p2a: Kingambit
|-supereffective|p2a: Kingambit|1
|-damage|p2a: Kingambit|0 fnt
|faint|p2a: Kingambit
|move|p1a: Torkoal|Heat Wave|p2b: Farigiraf
|-damage|p2b: Farigiraf|5/100
|
|-weather|SunnyDay|[upkeep]
|upkeep
|
|t:|1784732650
|switch|p2a: Garchomp|Garchomp, L50, M|100/100
|turn|3
|
|t:|1784732667
|switch|p1a: Incineroar|Incineroar, L50, F|100/100
|-ability|p1a: Incineroar|Intimidate|boost
|-unboost|p2a: Garchomp|atk|1
|-unboost|p2b: Farigiraf|atk|1
|move|p1b: Vileplume|Sleep Powder|p2a: Garchomp
|-status|p2a: Garchomp|slp|[from] move: Sleep Powder
|cant|p2a: Garchomp|slp
|move|p2b: Farigiraf|Psychic Noise|p1b: Vileplume
|-supereffective|p1b: Vileplume|1
|-damage|p1b: Vileplume|0 fnt
|faint|p1b: Vileplume
|
|-weather|SunnyDay|[upkeep]
|upkeep
|
|t:|1784732682
|switch|p1b: Armarouge|Armarouge, L50, M|100/100
|turn|4
|
|t:|1784732704
|switch|p2a: Charizard|Charizard, L50, M|100/100
|move|p2b: Farigiraf|Psychic Noise|p1b: Armarouge
|-resisted|p1b: Armarouge|1
|-damage|p1b: Armarouge|82/100
|-start|p1b: Armarouge|move: Heal Block
|move|p1a: Incineroar|Throat Chop|p2b: Farigiraf
|-supereffective|p2b: Farigiraf|1
|-damage|p2b: Farigiraf|0 fnt
|faint|p2b: Farigiraf
|move|p1b: Armarouge|Trick Room|p1b: Armarouge
|-fieldstart|move: Trick Room|[of] p1b: Armarouge
|
|-weather|SunnyDay|[upkeep]
|upkeep
|
|t:|1784732707
|switch|p2b: Garchomp|Garchomp, L50, M|100/100 slp
|turn|5
|
|t:|1784732729
|move|p2a: Charizard|Protect|p2a: Charizard
|-singleturn|p2a: Charizard|Protect
|move|p1a: Incineroar|Parting Shot|p2a: Charizard
|-activate|p2a: Charizard|move: Protect
|move|p1b: Armarouge|Armor Cannon|p2a: Charizard
|-activate|p2a: Charizard|move: Protect
|-curestatus|p2b: Garchomp|slp|[msg]
|move|p2b: Garchomp|Earthquake|p1b: Armarouge|[spread] p1a,p1b
|-activate|p2a: Charizard|move: Protect
|-supereffective|p1a: Incineroar|1
|-crit|p1a: Incineroar
|-supereffective|p1b: Armarouge|1
|-damage|p1a: Incineroar|0 fnt
|-damage|p1b: Armarouge|0 fnt
|faint|p1a: Incineroar
|faint|p1b: Armarouge
|-damage|p2b: Garchomp|90/100|[from] item: Life Orb
|
|-weather|none
|upkeep
|
|t:|1784732737
|switch|p1a: Torkoal|Torkoal, L50, M|25/100
|-weather|SunnyDay|[from] ability: Drought|[of] p1a: Torkoal
|turn|6
|
|t:|1784732743
|detailschange|p2a: Charizard|Charizard-Mega-Y, L50, M
|-mega|p2a: Charizard|Charizard|Charizardite Y
|move|p1a: Torkoal|Solar Beam||[still]
|-prepare|p1a: Torkoal|Solar Beam
|-anim|p1a: Torkoal|Solar Beam|p2b: Garchomp
|-damage|p2b: Garchomp|51/100
|move|p2a: Charizard|Heat Wave|p1a: Torkoal|[miss]
|-miss|p2a: Charizard|p1a: Torkoal
|move|p2b: Garchomp|Earthquake|p1a: Torkoal|[spread] p1a
|-immune|p2a: Charizard
|-supereffective|p1a: Torkoal|1
|-damage|p1a: Torkoal|0 fnt
|faint|p1a: Torkoal
|-damage|p2b: Garchomp|41/100|[from] item: Life Orb
|
|win|KodeBeast0526
