|j|☆vrocehpalon
|j|☆Jon Guridi VGC
|html|vrocehpalonJon Guridi VGC    
|uhtml|bestof|Game 1 of a best-of-3
|t:|1785758068
|gametype|doubles
|player|p1|vrocehpalon|marshal|1504
|player|p2|Jon Guridi VGC|lady|1338
|gen|9
|tier|[Gen 9 Champions] VGC 2026 Reg M-B (Bo3)
|rated|
|rule|Species Clause: Limit one of each Pokémon
|rule|Item Clause: Limit 1 of each item
|clearpoke
|poke|p1|Floette-Eternal, L50, F|
|poke|p1|Whimsicott, L50, M|
|poke|p1|Basculegion, L50, M|
|poke|p1|Kingambit, L50, F|
|poke|p1|Arcanine-Hisui, L50, M|
|poke|p1|Dragonite, L50, M|
|poke|p2|Gardevoir, L50, M|
|poke|p2|Talonflame, L50, F|
|poke|p2|Pelipper, L50, F|
|poke|p2|Archaludon, L50, F|
|poke|p2|Grimmsnarl, L50, M|
|poke|p2|Swampert, L50, F|
|teampreview|4
|showteam|p1|Floette-Eternal||Floettite|FlowerVeil|DazzlingGleam,Moonblast,LightofRuin,Protect|Modest||F|||50|]Whimsicott||FocusSash|Prankster|Moonblast,Tailwind,Encore,Protect|Timid||M|||50|]Basculegion||ChoiceScarf|Adaptability|WaveCrash,AquaJet,FlipTurn,LastRespects|Jolly||M|||50|]Kingambit||BlackGlasses|Defiant|KowtowCleave,SuckerPunch,IronHead,Protect|Adamant||F|||50|]Arcanine-Hisui||SitrusBerry|RockHead|FlareBlitz,RockSlide,HeadSmash,Protect|Jolly||M|||50|]Dragonite||DragonFang|InnerFocus|DragonClaw,ExtremeSpeed,LowKick,Protect|Adamant||M|||50|
|showteam|p2|Gardevoir||Gardevoirite|Trace|Protect,HyperVoice,Psyshock,Thunderbolt|Modest||M|||50|]Talonflame||FocusSash|GaleWings|Protect,RainDance,DualWingbeat,Tailwind|Jolly||F|||50|]Pelipper||SitrusBerry|Drizzle|WeatherBall,Hurricane,WideGuard,HelpingHand|Modest||F|||50|]Archaludon||Leftovers|Stamina|Protect,AuraSphere,FlashCannon,ElectroShot|Modest||F|||50|]Grimmsnarl||LightClay|Prankster|PartingShot,FoulPlay,Reflect,LightScreen|Calm||M|||50|]Swampert||Swampertite|Torrent|Protect,Earthquake,IcePunch,WaveCrash|Adamant||F|||50|
|inactive|Battle timer is ON: inactive players will automatically lose when time's up. (requested by vrocehpalon)
|inactive|Jon Guridi VGC also wants the timer to be on.
|inactive|vrocehpalon has 60 seconds left.
|inactive|Jon Guridi VGC has 60 seconds left.
|
|t:|1785758113
|teamsize|p1|4
|teamsize|p2|4
|start
|switch|p1a: Floette|Floette-Eternal, L50, F|100/100
|switch|p1b: Whimsicott|Whimsicott, L50, M|100/100
|switch|p2a: Grimmsnarl|Grimmsnarl, L50, M|100/100
|switch|p2b: Gardevoir|Gardevoir, L50, M|100/100
|-ability|p2b: Gardevoir|Flower Veil|Trace|[from] ability: Trace|[of] p1a: Floette
|turn|1
|
|t:|1785758125
|detailschange|p2b: Gardevoir|Gardevoir-Mega, L50, M
|-mega|p2b: Gardevoir|Gardevoir|Gardevoirite
|detailschange|p1a: Floette|Floette-Mega, L50, F
|-mega|p1a: Floette|Floette|Floettite
|-ability|p1a: Floette|Fairy Aura
|move|p2a: Grimmsnarl|Light Screen|p2a: Grimmsnarl
|-sidestart|p2: Jon Guridi VGC|move: Light Screen
|move|p1b: Whimsicott|Moonblast|p2a: Grimmsnarl
|-supereffective|p2a: Grimmsnarl|1
|-damage|p2a: Grimmsnarl|40/100
|move|p2b: Gardevoir|Hyper Voice|p1a: Floette|[spread] p1a,p1b
|-damage|p1a: Floette|45/100
|-enditem|p1b: Whimsicott|Focus Sash
|-damage|p1b: Whimsicott|1/100
|move|p1a: Floette|Dazzling Gleam|p2b: Gardevoir|[spread] p2a,p2b
|-supereffective|p2a: Grimmsnarl|1
|-damage|p2a: Grimmsnarl|0 fnt
|-damage|p2b: Gardevoir|69/100
|faint|p2a: Grimmsnarl
|
|upkeep
|
|t:|1785758143
|switch|p2a: Archaludon|Archaludon, L50, F|100/100
|turn|2
|
|t:|1785758160
|move|p2a: Archaludon|Protect|p2a: Archaludon
|-singleturn|p2a: Archaludon|Protect
|move|p1b: Whimsicott|Tailwind|p1b: Whimsicott
|-sidestart|p1: vrocehpalon|move: Tailwind
|move|p1a: Floette|Light of Ruin|p2a: Archaludon
|-activate|p2a: Archaludon|move: Protect
|move|p2b: Gardevoir|Hyper Voice|p1a: Floette|[spread] p1a,p1b
|-damage|p1a: Floette|0 fnt
|-damage|p1b: Whimsicott|0 fnt
|faint|p1a: Floette
|faint|p1b: Whimsicott
|
|upkeep
|
|t:|1785758164
|switch|p1b: Kingambit|Kingambit, L50, F|100/100
|switch|p1a: Basculegion|Basculegion, L50, M|100/100
|turn|3
|
|t:|1785758176
|move|p1a: Basculegion|Last Respects|p2a: Archaludon
|-damage|p2a: Archaludon|25/100
|-ability|p2a: Archaludon|Stamina|boost
|-boost|p2a: Archaludon|def|1
|move|p1b: Kingambit|Kowtow Cleave|p2a: Archaludon
|-damage|p2a: Archaludon|0 fnt
|faint|p2a: Archaludon
|move|p2b: Gardevoir|Hyper Voice|p1a: Basculegion|[spread] p1a,p1b
|-damage|p1a: Basculegion|37/100
|-damage|p1b: Kingambit|48/100
|
|upkeep
|
|t:|1785758187
|switch|p2a: Pelipper|Pelipper, L50, F|100/100
|-weather|RainDance|[from] ability: Drizzle|[of] p2a: Pelipper
|turn|4
|
|t:|1785758202
|move|p2b: Gardevoir|Protect|p2b: Gardevoir
|-singleturn|p2b: Gardevoir|Protect
|move|p1a: Basculegion|Last Respects|p2a: Pelipper
|-damage|p2a: Pelipper|0 fnt
|faint|p2a: Pelipper
|move|p1b: Kingambit|Iron Head|p2b: Gardevoir
|-activate|p2b: Gardevoir|move: Protect
|
|-weather|RainDance|[upkeep]
|upkeep
|turn|5
|
|t:|1785758210
|move|p2b: Gardevoir|Protect||[still]
|-fail|p2b: Gardevoir
|move|p1a: Basculegion|Last Respects|p2b: Gardevoir
|-supereffective|p2b: Gardevoir|1
|-damage|p2b: Gardevoir|0 fnt
|faint|p2b: Gardevoir
|
|win|vrocehpalon
