|j|☆Pelosis
|j|☆mathtass
|html|Pelosismathtass    
|uhtml|bestof|Game 2 of a best-of-3
|t:|1784130786
|gametype|doubles
|player|p1|Pelosis|101|1154
|player|p2|mathtass|266|1153
|gen|9
|tier|[Gen 9 Champions] VGC 2026 Reg M-B (Bo3)
|rated|
|rule|Species Clause: Limit one of each Pokémon
|rule|Item Clause: Limit 1 of each item
|clearpoke
|poke|p1|Staraptor, L50, F|
|poke|p1|Grimmsnarl, L50, M|
|poke|p1|Sinistcha-Masterpiece, L50|
|poke|p1|Sylveon, L50, F|
|poke|p1|Garchomp, L50, M|
|poke|p1|Gholdengo, L50|
|poke|p2|Garchomp, L50, F|
|poke|p2|Floette-Eternal, L50, F|
|poke|p2|Sinistcha, L50|
|poke|p2|Incineroar, L50, M|
|poke|p2|Aerodactyl, L50, M|
|poke|p2|Gholdengo, L50|
|teampreview|4
|showteam|p1|Staraptor||Staraptite|Intimidate|Protect,Roost,CloseCombat,BraveBird|Jolly||F|||50|]Grimmsnarl||LightClay|Prankster|FakeOut,SpiritBreak,PartingShot,ScaryFace|Careful||M|||50|]Sinistcha-Masterpiece||KasibBerry|Hospitality|RagePowder,MatchaGotcha,LifeDew,TrickRoom|Bold|||||50|]Sylveon||FairyFeather|Pixilate|Protect,CalmMind,DrainingKiss,HyperVoice|Modest||F|||50|]Garchomp||ChoiceScarf|RoughSkin|RockSlide,Earthquake,DragonClaw,PoisonJab|Adamant||M|||50|]Gholdengo||LifeOrb|GoodasGold|Protect,NastyPlot,MakeItRain,ShadowBall|Modest|||||50|
|showteam|p2|Garchomp||Garchompite|RoughSkin|Earthquake,DragonClaw,StompingTantrum,Protect|Adamant||F|||50|]Floette-Eternal||Floettite|FlowerVeil|DrainingKiss,DazzlingGleam,CalmMind,Protect|Modest||F|||50|]Sinistcha||SitrusBerry|Hospitality|MatchaGotcha,RagePowder,TrickRoom,Protect|Calm|||||50|]Incineroar||PasshoBerry|Intimidate|FlareBlitz,FakeOut,DarkestLariat,PartingShot|Brave||M|||50|]Aerodactyl||FocusSash|Unnerve|RockSlide,Sandstorm,Tailwind,WideGuard|Jolly||M|||50|]Gholdengo||LifeOrb|GoodasGold|MakeItRain,ShadowBall,NastyPlot,Protect|Modest|||||50|
|inactive|Battle timer is ON: inactive players will automatically lose when time's up. (requested by Pelosis)
|inactive|Pelosis has 60 seconds left.
|
|t:|1784130850
|teamsize|p1|4
|teamsize|p2|4
|start
|switch|p1a: Grimmsnarl|Grimmsnarl, L50, M|100/100
|switch|p1b: Gholdengo|Gholdengo, L50|100/100
|switch|p2a: Aerodactyl|Aerodactyl, L50, M|100/100
|switch|p2b: Garchomp|Garchomp, L50, F|100/100
|-ability|p2a: Aerodactyl|Unnerve
|turn|1
|
|t:|1784130867
|switch|p1a: Staraptor|Staraptor, L50, F|100/100
|-ability|p1a: Staraptor|Intimidate|boost
|-unboost|p2a: Aerodactyl|atk|1
|-unboost|p2b: Garchomp|atk|1
|detailschange|p2b: Garchomp|Garchomp-Mega, L50, F
|-mega|p2b: Garchomp|Garchomp|Garchompite
|move|p2a: Aerodactyl|Tailwind|p2a: Aerodactyl
|-sidestart|p2: mathtass|move: Tailwind
|move|p2b: Garchomp|Earthquake|p1b: Gholdengo|[spread] p1b
|-immune|p2a: Aerodactyl
|-immune|p1a: Staraptor
|-supereffective|p1b: Gholdengo|1
|-damage|p1b: Gholdengo|25/100
|move|p1b: Gholdengo|Nasty Plot|p1b: Gholdengo
|-boost|p1b: Gholdengo|spa|2
|
|upkeep
|turn|2
|inactive|mathtass has 30 seconds left.
|inactive|Pelosis has 30 seconds left.
|
|t:|1784130906
|switch|p1a: Grimmsnarl|Grimmsnarl, L50, M|100/100
|move|p1b: Gholdengo|Protect|p1b: Gholdengo
|-singleturn|p1b: Gholdengo|Protect
|move|p2a: Aerodactyl|Rock Slide|p1a: Grimmsnarl|[spread] p1a
|-activate|p1b: Gholdengo|move: Protect
|-damage|p1a: Grimmsnarl|82/100
|move|p2b: Garchomp|Stomping Tantrum|p1b: Gholdengo
|-activate|p1b: Gholdengo|move: Protect
|
|upkeep
|turn|3
|inactive|Pelosis has 30 seconds left.
|
|t:|1784130936
|switch|p1b: Staraptor|Staraptor, L50, F|100/100
|-ability|p1b: Staraptor|Intimidate|boost
|-unboost|p2a: Aerodactyl|atk|1
|-unboost|p2b: Garchomp|atk|1
|move|p1a: Grimmsnarl|Fake Out|p2a: Aerodactyl
|-resisted|p2a: Aerodactyl|1
|-damage|p2a: Aerodactyl|90/100
|cant|p2a: Aerodactyl|flinch
|move|p2b: Garchomp|Earthquake|p1b: Staraptor|[spread] p1a
|-immune|p2a: Aerodactyl
|-immune|p1b: Staraptor
|-damage|p1a: Grimmsnarl|56/100
|
|upkeep
|turn|4
|inactive|Pelosis has 30 seconds left.
|inactive|mathtass has 30 seconds left.
|inactive|mathtass has 20 seconds left.
|inactive|mathtass has 15 seconds left.
|inactive|mathtass has 10 seconds left.
|inactive|mathtass has 5 seconds left.
|
|t:|1784130991
|detailschange|p1b: Staraptor|Staraptor-Mega, L50, F
|-mega|p1b: Staraptor|Staraptor|Staraptite
|move|p2a: Aerodactyl|Rock Slide|p1a: Grimmsnarl|[spread] p1a,p1b
|-damage|p1a: Grimmsnarl|44/100
|-damage|p1b: Staraptor|88/100
|move|p2b: Garchomp|Earthquake|p1b: Staraptor|[spread] p1a
|-immune|p2a: Aerodactyl
|-immune|p1b: Staraptor
|-damage|p1a: Grimmsnarl|17/100
|cant|p1b: Staraptor|flinch
|move|p1a: Grimmsnarl|Spirit Break|p2b: Garchomp
|-supereffective|p2b: Garchomp|1
|-damage|p2b: Garchomp|44/100
|-unboost|p2b: Garchomp|spa|1
|
|-sideend|p2: mathtass|move: Tailwind
|upkeep
|turn|5
|inactive|Pelosis has 30 seconds left.
|inactive|mathtass has 30 seconds left.
|inactive|Pelosis has 20 seconds left.
|inactive|mathtass has 20 seconds left.
|inactive|Pelosis has 15 seconds left.
|inactive|mathtass has 15 seconds left.
|inactive|mathtass has 10 seconds left.
|inactive|mathtass has 5 seconds left.
|
|t:|1784131046
|switch|p1b: Sinistcha|Sinistcha-Masterpiece, L50|100/100
|-heal|p1a: Grimmsnarl|42/100|[from] ability: Hospitality|[of] p1b: Sinistcha
|move|p1a: Grimmsnarl|Scary Face|p2a: Aerodactyl
|-unboost|p2a: Aerodactyl|spe|2
|move|p2b: Garchomp|Earthquake|p1b: Sinistcha|[spread] p1a,p1b
|-immune|p2a: Aerodactyl
|-resisted|p1b: Sinistcha|1
|-damage|p1a: Grimmsnarl|13/100
|-damage|p1b: Sinistcha|91/100
|move|p2a: Aerodactyl|Rock Slide|p1b: Sinistcha|[spread] p1a,p1b
|-damage|p1a: Grimmsnarl|1/100
|-damage|p1b: Sinistcha|82/100
|
|upkeep
|turn|6
|inactive|Pelosis has 30 seconds left.
|inactive|mathtass has 30 seconds left.
|inactive|mathtass has 20 seconds left.
|inactive|mathtass has 15 seconds left.
|inactive|mathtass has 10 seconds left.
|inactive|mathtass has 5 seconds left.
|
|t:|1784131101
|move|p1a: Grimmsnarl|Parting Shot|p2a: Aerodactyl
|-unboost|p2a: Aerodactyl|atk|1
|-unboost|p2a: Aerodactyl|spa|1
|
|t:|1784131105
|switch|p1a: Staraptor|Staraptor-Mega, L50, F|88/100|[from] Parting Shot
|move|p2b: Garchomp|Earthquake|p1b: Sinistcha|[spread] p1b
|-immune|p2a: Aerodactyl
|-immune|p1a: Staraptor
|-resisted|p1b: Sinistcha|1
|-damage|p1b: Sinistcha|72/100
|move|p2a: Aerodactyl|Rock Slide|p1a: Staraptor|[spread] p1a,p1b
|-damage|p1a: Staraptor|79/100
|-damage|p1b: Sinistcha|65/100
|cant|p1b: Sinistcha|flinch
|
|upkeep
|turn|7
|inactive|mathtass has 30 seconds left.
|inactive|mathtass has 20 seconds left.
|inactive|mathtass has 15 seconds left.
|inactive|mathtass has 10 seconds left.
|inactive|mathtass has 5 seconds left.
|
|t:|1784131160
|move|p1a: Staraptor|Close Combat|p2a: Aerodactyl
|-damage|p2a: Aerodactyl|7/100
|-boost|p1a: Staraptor|def|1
|-boost|p1a: Staraptor|spd|1
|move|p2b: Garchomp|Earthquake|p1a: Staraptor|[spread] p1b
|-immune|p2a: Aerodactyl
|-immune|p1a: Staraptor
|-resisted|p1b: Sinistcha|1
|-damage|p1b: Sinistcha|56/100
|move|p2a: Aerodactyl|Rock Slide|p1a: Staraptor|[spread] p1b
|-miss|p2a: Aerodactyl|p1a: Staraptor
|-damage|p1b: Sinistcha|47/100
|cant|p1b: Sinistcha|flinch
|
|upkeep
|turn|8
|inactive|mathtass has 30 seconds left.
|inactive|mathtass has 20 seconds left.
|inactive|mathtass has 15 seconds left.
|inactive|mathtass has 10 seconds left.
|inactive|mathtass has 5 seconds left.
|
|t:|1784131215
|move|p1a: Staraptor|Close Combat|p2a: Aerodactyl
|-damage|p2a: Aerodactyl|0 fnt
|-boost|p1a: Staraptor|def|1
|-boost|p1a: Staraptor|spd|1
|faint|p2a: Aerodactyl
|move|p2b: Garchomp|Earthquake|p1a: Staraptor|[spread] p1b
|-immune|p1a: Staraptor
|-resisted|p1b: Sinistcha|1
|-damage|p1b: Sinistcha|37/100
|move|p1b: Sinistcha|Life Dew|p1b: Sinistcha|[spread] p1a,p1b
|-heal|p1a: Staraptor|100/100
|-heal|p1b: Sinistcha|62/100
|
|upkeep
|c|☆Pelosis|??
|c|☆Pelosis|xd
|l|☆mathtass
|inactive|mathtass disconnected and has a minute to reconnect!
|player|p2|
|inactive|mathtass has 30 seconds left.
|inactive|mathtass has 20 seconds left.
|inactive|mathtass has 15 seconds left.
|inactive|mathtass has 10 seconds left.
|inactive|mathtass has 5 seconds left.
|-message|mathtass lost due to inactivity.
|
|win|Pelosis
|raw|Pelosis's rating: 1154 → 1179(+25 for winning)
|raw|mathtass's rating: 1153 → 1128(-25 for losing)
