|j|☆flyingantsarmy
|j|☆SongokuVG Fr
|html|flyingantsarmySongokuVG Fr    
|uhtml|bestof|Game 3 of a best-of-3
|t:|1755786981
|gametype|doubles
|player|p1|flyingantsarmy|rocketgrunt|1194
|player|p2|SongokuVG Fr|lucian|1248
|gen|9
|tier|[Gen 9] VGC 2025 Reg H (Bo3)
|rated|
|rule|Species Clause: Limit one of each Pokémon
|rule|Item Clause: Limit 1 of each item
|clearpoke
|poke|p1|Pelipper, L50, M|
|poke|p1|Basculegion, L50, M|
|poke|p1|Archaludon, L50, M|
|poke|p1|Rillaboom, L50, F|
|poke|p1|Kingambit, L50, M|
|poke|p1|Electabuzz, L50, M|
|poke|p2|Sneasler, L50, F|
|poke|p2|Indeedee, L50, M|
|poke|p2|Volcarona, L50, F|
|poke|p2|Ursaluna-Bloodmoon, L50, M|
|poke|p2|Annihilape, L50, F|
|poke|p2|Tyranitar, L50, M|
|teampreview|4
|showteam|p1|Pelipper||FocusSash|Drizzle|Hurricane,WeatherBall,Tailwind,Protect|||M|||50|,,,,,Ghost]Basculegion||LifeOrb|SwiftSwim|Protect,WaveCrash,AquaJet,LastRespects|||M|||50|,,,,,Water]Archaludon||AssaultVest|Stamina|ElectroShot,DragonPulse,FlashCannon,BodyPress|||M|||50|,,,,,Grass]Rillaboom||LoadedDice|GrassySurge|GrassyGlide,WoodHammer,BulletSeed,FakeOut|||F|||50|,,,,,Water]Kingambit||BlackGlasses|Defiant|KowtowCleave,SwordsDance,SuckerPunch,Protect|||M|||50|,,,,,Dark]Electabuzz||Eviolite|VitalSpirit|Electroweb,FollowMe,Taunt,Protect|||M|||50|,,,,,Ghost
|showteam|p2|Sneasler||PsychicSeed|Unburden|CloseCombat,DireClaw,ThroatChop,Protect|||F|||50|,,,,,Dark]Indeedee||ChoiceScarf|PsychicSurge|ExpandingForce,TeraBlast,Trick,Protect|||M|||50|,,,,,Psychic]Volcarona||SitrusBerry|FlameBody|Overheat,StruggleBug,RagePowder,Tailwind|||F|||50|,,,,,Grass]Ursaluna-Bloodmoon||LifeOrb|MindsEye|BloodMoon,HyperVoice,EarthPower,Protect|||M|||50|,,,,,Normal]Annihilape||SafetyGoggles|Defiant|CloseCombat,RageFist,Taunt,FinalGambit|||F|||50|,,,,,Fairy]Tyranitar||AssaultVest|SandStream|RockSlide,KnockOff,TeraBlast,LowKick|||M|||50|,,,,,Flying
|inactive|Battle timer is ON: inactive players will automatically lose when time's up. (requested by flyingantsarmy)
|
|t:|1755786999
|teamsize|p1|4
|teamsize|p2|4
|start
|switch|p1a: Basculegion|Basculegion, L50, M, shiny|100/100
|switch|p1b: Pelipper|Pelipper, L50, M|100/100
|switch|p2a: Sneasler|Sneasler, L50, F|100/100
|switch|p2b: Volcarona|Volcarona, L50, F|100/100
|-weather|RainDance|[from] ability: Drizzle|[of] p1b: Pelipper
|turn|1
|
|t:|1755787008
|switch|p2b: Indeedee|Indeedee, L50, M|100/100
|-fieldstart|move: Psychic Terrain|[from] ability: Psychic Surge|[of] p2b: Indeedee
|-enditem|p2a: Sneasler|Psychic Seed
|-boost|p2a: Sneasler|spd|1|[from] item: Psychic Seed
|switch|p1b: Rillaboom|Rillaboom, L50, F|100/100
|-fieldstart|move: Grassy Terrain|[from] ability: Grassy Surge|[of] p1b: Rillaboom
|-terastallize|p2a: Sneasler|Dark
|move|p2a: Sneasler|Throat Chop|p1a: Basculegion
|-supereffective|p1a: Basculegion
|-damage|p1a: Basculegion|0 fnt
|faint|p1a: Basculegion
|
|-weather|RainDance|[upkeep]
|upkeep
|
|t:|1755787023
|switch|p1a: Archaludon|Archaludon, L50, M, shiny|100/100
|turn|2
|
|t:|1755787040
|switch|p2b: Volcarona|Volcarona, L50, F|100/100
|move|p2a: Sneasler|Protect|p2a: Sneasler
|-singleturn|p2a: Sneasler|Protect
|move|p1b: Rillaboom|Fake Out|p2b: Volcarona
|-damage|p2b: Volcarona|83/100
|-status|p1b: Rillaboom|brn|[from] ability: Flame Body|[of] p2b: Volcarona
|move|p1a: Archaludon|Electro Shot||[still]
|-prepare|p1a: Archaludon|Electro Shot
|-boost|p1a: Archaludon|spa|1
|-anim|p1a: Archaludon|Electro Shot|p2a: Sneasler
|-activate|p2a: Sneasler|move: Protect
|
|-weather|RainDance|[upkeep]
|-heal|p2b: Volcarona|89/100|[from] Grassy Terrain
|-damage|p1b: Rillaboom|95/100 brn|[from] brn
|upkeep
|turn|3
|
|t:|1755787052
|-terastallize|p1b: Rillaboom|Water
|move|p2a: Sneasler|Dire Claw|p1b: Rillaboom
|-damage|p1b: Rillaboom|57/100 brn
|move|p2b: Volcarona|Struggle Bug|p1a: Archaludon|[spread] p1a,p1b
|-resisted|p1a: Archaludon
|-damage|p1a: Archaludon|95/100
|-damage|p1b: Rillaboom|40/100 brn
|-unboost|p1a: Archaludon|spa|1
|-unboost|p1b: Rillaboom|spa|1
|-ability|p1a: Archaludon|Stamina|boost
|-boost|p1a: Archaludon|def|1
|move|p1b: Rillaboom|Bullet Seed|p2a: Sneasler
|-damage|p2a: Sneasler|88/100
|-damage|p2a: Sneasler|75/100
|-damage|p2a: Sneasler|60/100
|-damage|p2a: Sneasler|47/100
|-hitcount|p2a: Sneasler|4
|move|p1a: Archaludon|Electro Shot||[still]
|-prepare|p1a: Archaludon|Electro Shot
|-boost|p1a: Archaludon|spa|1
|-anim|p1a: Archaludon|Electro Shot|p2b: Volcarona
|-damage|p2b: Volcarona|27/100
|-enditem|p2b: Volcarona|Sitrus Berry|[eat]
|-heal|p2b: Volcarona|52/100|[from] item: Sitrus Berry
|
|-weather|RainDance|[upkeep]
|-heal|p2a: Sneasler|53/100|[from] Grassy Terrain
|-heal|p2b: Volcarona|58/100|[from] Grassy Terrain
|-heal|p1b: Rillaboom|46/100 brn|[from] Grassy Terrain
|-heal|p1a: Archaludon|100/100|[from] Grassy Terrain
|-damage|p1b: Rillaboom|40/100 brn|[from] brn
|upkeep
|turn|4
|inactive|flyingantsarmy has 30 seconds left.
|
|t:|1755787078
|move|p2a: Sneasler|Dire Claw|p1b: Rillaboom
|-damage|p1b: Rillaboom|0 fnt
|faint|p1b: Rillaboom
|move|p2b: Volcarona|Struggle Bug|p1a: Archaludon
|-resisted|p1a: Archaludon
|-damage|p1a: Archaludon|93/100
|-unboost|p1a: Archaludon|spa|1
|-ability|p1a: Archaludon|Stamina|boost
|-boost|p1a: Archaludon|def|1
|move|p1a: Archaludon|Electro Shot||[still]
|-prepare|p1a: Archaludon|Electro Shot
|-boost|p1a: Archaludon|spa|1
|-anim|p1a: Archaludon|Electro Shot|p2b: Volcarona
|-damage|p2b: Volcarona|0 fnt
|faint|p2b: Volcarona
|
|-weather|RainDance|[upkeep]
|-heal|p2a: Sneasler|59/100|[from] Grassy Terrain
|-heal|p1a: Archaludon|99/100|[from] Grassy Terrain
|upkeep
|
|t:|1755787091
|switch|p2b: Indeedee|Indeedee, L50, M|100/100
|switch|p1b: Pelipper|Pelipper, L50, M|100/100
|-fieldstart|move: Psychic Terrain|[from] ability: Psychic Surge|[of] p2b: Indeedee
|turn|5
|
|t:|1755787104
|move|p2a: Sneasler|Dire Claw|p1b: Pelipper
|-damage|p1b: Pelipper|44/100
|move|p2b: Indeedee|Expanding Force|p1a: Archaludon|[spread] p1a,p1b
|-resisted|p1a: Archaludon
|-damage|p1a: Archaludon|82/100
|-damage|p1b: Pelipper|0 fnt
|-ability|p1a: Archaludon|Stamina|boost
|-boost|p1a: Archaludon|def|1
|faint|p1b: Pelipper
|move|p1a: Archaludon|Electro Shot||[still]
|-prepare|p1a: Archaludon|Electro Shot
|-boost|p1a: Archaludon|spa|1
|-anim|p1a: Archaludon|Electro Shot|p2a: Sneasler
|-damage|p2a: Sneasler|0 fnt
|faint|p2a: Sneasler
|
|-weather|none
|upkeep
|
|t:|1755787109
|switch|p2a: Ursaluna|Ursaluna-Bloodmoon, L50, M|100/100
|turn|6
|
|t:|1755787115
|move|p2a: Ursaluna|Protect|p2a: Ursaluna
|-singleturn|p2a: Ursaluna|Protect
|move|p2b: Indeedee|Expanding Force|p1a: Archaludon
|-resisted|p1a: Archaludon
|-damage|p1a: Archaludon|55/100
|-ability|p1a: Archaludon|Stamina|boost
|-boost|p1a: Archaludon|def|1
|move|p1a: Archaludon|Body Press|p2a: Ursaluna
|-activate|p2a: Ursaluna|move: Protect
|
|upkeep
|turn|7
|
|t:|1755787126
|move|p2b: Indeedee|Expanding Force|p1a: Archaludon
|-resisted|p1a: Archaludon
|-damage|p1a: Archaludon|29/100
|-ability|p1a: Archaludon|Stamina|boost
|-boost|p1a: Archaludon|def|1
|move|p1a: Archaludon|Body Press|p2a: Ursaluna
|-supereffective|p2a: Ursaluna
|-damage|p2a: Ursaluna|0 fnt
|faint|p2a: Ursaluna
|
|upkeep
|turn|8
|
|t:|1755787145
|move|p2b: Indeedee|Expanding Force|p1a: Archaludon
|-resisted|p1a: Archaludon
|-damage|p1a: Archaludon|3/100
|-ability|p1a: Archaludon|Stamina|boost
|-boost|p1a: Archaludon|def|1
|move|p1a: Archaludon|Body Press|p2b: Indeedee
|-damage|p2b: Indeedee|0 fnt
|faint|p2b: Indeedee
|
|win|flyingantsarmy
|raw|flyingantsarmy's rating: 1194 → 1223(+29 for winning)
|raw|SongokuVG Fr's rating: 1248 → 1219(-29 for losing)
|l|☆SongokuVG Fr
|player|p2|
