|j|☆FunkleVGC
|j|☆ZonXJ
|html|FunkleVGCZonXJ    
|uhtml|bestof|Game 2 of a best-of-3
|t:|1782256787
|gametype|doubles
|player|p1|FunkleVGC|fisherman-gen4|1184
|player|p2|ZonXJ|grimsley|1096
|gen|9
|tier|[Gen 9 Champions] VGC 2026 Reg M-B (Bo3)
|rated|
|rule|Species Clause: Limit one of each Pokémon
|rule|Item Clause: Limit 1 of each item
|clearpoke
|poke|p1|Mawile, L50, M|
|poke|p1|Farigiraf, L50, F|
|poke|p1|Pelipper, L50, F|
|poke|p1|Archaludon, L50, M|
|poke|p1|Basculegion, L50, M|
|poke|p1|Maushold-Four, L50|
|poke|p2|Sinistcha, L50|
|poke|p2|Incineroar, L50, F|
|poke|p2|Garchomp, L50, M|
|poke|p2|Clefable, L50, F|
|poke|p2|Rotom-Wash, L50|
|poke|p2|Delphox, L50, M|
|teampreview|4
|showteam|p1|Mawile||Mawilite|HyperCutter|IronHead,PlayRough,SuckerPunch,Protect|Adamant||M|||50|]Farigiraf||SitrusBerry|ArmorTail|Psychic,HelpingHand,TrickRoom,Protect|Bold||F|||50|]Pelipper||LifeOrb|Drizzle|WeatherBall,Hurricane,Tailwind,Protect|Modest||F|||50|]Archaludon||Leftovers|Stamina|ElectroShot,FlashCannon,DragonPulse,Protect|Modest||M|||50|]Basculegion||ChoiceScarf|Adaptability|WaveCrash,LastRespects,FlipTurn,AquaJet|Jolly||M|||50|]Maushold-Four||FocusSash|FriendGuard|SuperFang,FollowMe,Encore,Protect|Jolly|||||50|
|showteam|p2|Sinistcha||SitrusBerry|Hospitality|MatchaGotcha,LifeDew,RagePowder,Protect|Bold|||||50|]Incineroar||PasshoBerry|Intimidate|DarkestLariat,Roar,FakeOut,PartingShot|Careful||F|||50|]Garchomp||LifeOrb|RoughSkin|DragonClaw,Earthquake,SwordsDance,Protect|Adamant||M|||50|]Clefable||BabiriBerry|Unaware|Moonblast,HealPulse,FollowMe,Protect|Bold||F|||50|]Rotom-Wash||ChoiceScarf|Levitate|HydroPump,Electroweb,VoltSwitch,Trick|Modest|||||50|]Delphox||Delphoxite|Blaze|HeatWave,Psychic,NastyPlot,Protect|Timid||M|||50|
|
|t:|1782256815
|teamsize|p1|4
|teamsize|p2|4
|start
|switch|p1a: Mawile|Mawile, L50, M|100/100
|switch|p1b: Farigiraf|Farigiraf, L50, F|100/100
|switch|p2a: Rotom|Rotom-Wash, L50|100/100
|switch|p2b: Garchomp|Garchomp, L50, M|100/100
|turn|1
|
|t:|1782256841
|move|p1a: Mawile|Protect|p1a: Mawile
|-singleturn|p1a: Mawile|Protect
|move|p2a: Rotom|Volt Switch|p1a: Mawile
|-activate|p1a: Mawile|move: Protect
|move|p2b: Garchomp|Earthquake|p1a: Mawile|[spread] p1b
|-activate|p1a: Mawile|move: Protect
|-immune|p2a: Rotom|[from] ability: Levitate
|-damage|p1b: Farigiraf|58/100
|-damage|p2b: Garchomp|90/100|[from] item: Life Orb
|move|p1b: Farigiraf|Trick Room|p1b: Farigiraf
|-fieldstart|move: Trick Room|[of] p1b: Farigiraf
|
|upkeep
|turn|2
|
|t:|1782256860
|detailschange|p1a: Mawile|Mawile-Mega, L50, M
|-mega|p1a: Mawile|Mawile|Mawilite
|move|p2b: Garchomp|Protect|p2b: Garchomp
|-singleturn|p2b: Garchomp|Protect
|move|p1a: Mawile|Play Rough|p2b: Garchomp
|-activate|p2b: Garchomp|move: Protect
|move|p1b: Farigiraf|Psychic|p2a: Rotom
|-damage|p2a: Rotom|59/100
|move|p2a: Rotom|Volt Switch|p1a: Mawile
|-damage|p1a: Mawile|65/100
|
|t:|1782256873
|switch|p2a: Sinistcha|Sinistcha, L50|100/100|[from] Volt Switch
|-heal|p2b: Garchomp|100/100|[from] ability: Hospitality|[of] p2a: Sinistcha
|
|upkeep
|turn|3
|
|t:|1782256884
|switch|p1a: Pelipper|Pelipper, L50, F|100/100
|-weather|RainDance|[from] ability: Drizzle|[of] p1a: Pelipper
|move|p2a: Sinistcha|Rage Powder|p2a: Sinistcha
|-singleturn|p2a: Sinistcha|move: Rage Powder
|move|p1b: Farigiraf|Psychic|p2a: Sinistcha
|-damage|p2a: Sinistcha|64/100
|move|p2b: Garchomp|Earthquake|p1b: Farigiraf|[spread] p2a,p1b
|-immune|p1a: Pelipper
|-resisted|p2a: Sinistcha|1
|-damage|p2a: Sinistcha|44/100
|-damage|p1b: Farigiraf|18/100
|-enditem|p1b: Farigiraf|Sitrus Berry|[eat]
|-heal|p1b: Farigiraf|42/100|[from] item: Sitrus Berry
|-enditem|p2a: Sinistcha|Sitrus Berry|[eat]
|-heal|p2a: Sinistcha|69/100|[from] item: Sitrus Berry
|-damage|p2b: Garchomp|90/100|[from] item: Life Orb
|
|-weather|RainDance|[upkeep]
|upkeep
|turn|4
|
|t:|1782256900
|switch|p2a: Rotom|Rotom-Wash, L50|59/100
|move|p1b: Farigiraf|Protect|p1b: Farigiraf
|-singleturn|p1b: Farigiraf|Protect
|move|p1a: Pelipper|Hurricane|p2a: Rotom
|-resisted|p2a: Rotom|1
|-damage|p2a: Rotom|29/100
|-start|p2a: Rotom|confusion
|-damage|p1a: Pelipper|90/100|[from] item: Life Orb
|move|p2b: Garchomp|Dragon Claw|p1b: Farigiraf
|-activate|p1b: Farigiraf|move: Protect
|
|-weather|RainDance|[upkeep]
|upkeep
|turn|5
|
|t:|1782256925
|switch|p2a: Sinistcha|Sinistcha, L50|69/100
|-heal|p2b: Garchomp|100/100|[from] ability: Hospitality|[of] p2a: Sinistcha
|move|p2b: Garchomp|Protect|p2b: Garchomp
|-singleturn|p2b: Garchomp|Protect
|move|p1b: Farigiraf|Psychic|p2a: Sinistcha
|-damage|p2a: Sinistcha|32/100
|move|p1a: Pelipper|Weather Ball|p2b: Garchomp
|-activate|p2b: Garchomp|move: Protect
|
|-weather|RainDance|[upkeep]
|-fieldend|move: Trick Room
|upkeep
|turn|6
|
|t:|1782256944
|move|p2a: Sinistcha|Rage Powder|p2a: Sinistcha
|-singleturn|p2a: Sinistcha|move: Rage Powder
|move|p2b: Garchomp|Dragon Claw|p1b: Farigiraf
|-damage|p1b: Farigiraf|0 fnt
|faint|p1b: Farigiraf
|-damage|p2b: Garchomp|90/100|[from] item: Life Orb
|move|p1a: Pelipper|Tailwind|p1a: Pelipper
|-sidestart|p1: FunkleVGC|move: Tailwind
|
|-weather|RainDance|[upkeep]
|upkeep
|inactive|Battle timer is ON: inactive players will automatically lose when time's up. (requested by FunkleVGC)
|
|t:|1782256950
|switch|p1b: Basculegion|Basculegion, L50, M|100/100
|turn|7
|inactive|ZonXJ has 30 seconds left.
|inactive|ZonXJ has 20 seconds left.
|inactive|ZonXJ has 15 seconds left.
|
|t:|1782256991
|move|p2a: Sinistcha|Rage Powder|p2a: Sinistcha
|-singleturn|p2a: Sinistcha|move: Rage Powder
|move|p1b: Basculegion|Last Respects|p2a: Sinistcha
|-supereffective|p2a: Sinistcha|1
|-damage|p2a: Sinistcha|0 fnt
|faint|p2a: Sinistcha
|move|p1a: Pelipper|Weather Ball|p2b: Garchomp
|-crit|p2b: Garchomp
|-damage|p2b: Garchomp|0 fnt
|faint|p2b: Garchomp
|-damage|p1a: Pelipper|80/100|[from] item: Life Orb
|
|-weather|none
|upkeep
|
|t:|1782257007
|switch|p2b: Rotom|Rotom-Wash, L50|29/100
|switch|p2a: Delphox|Delphox, L50, M|100/100
|turn|8
|
|t:|1782257024
|move|p2a: Delphox|Protect|p2a: Delphox
|-singleturn|p2a: Delphox|Protect
|move|p1b: Basculegion|Last Respects|p2a: Delphox
|-activate|p2a: Delphox|move: Protect
|move|p2b: Rotom|Electroweb|p1b: Basculegion|[spread] p1a,p1b
|-supereffective|p1a: Pelipper|2
|-supereffective|p1b: Basculegion|1
|-damage|p1a: Pelipper|6/100
|-damage|p1b: Basculegion|60/100
|-unboost|p1a: Pelipper|spe|1
|-unboost|p1b: Basculegion|spe|1
|move|p1a: Pelipper|Weather Ball|p2b: Rotom
|-damage|p2b: Rotom|11/100
|-damage|p1a: Pelipper|0 fnt|[from] item: Life Orb
|faint|p1a: Pelipper
|
|upkeep
|
|t:|1782257039
|switch|p1a: Mawile|Mawile-Mega, L50, M|65/100
|turn|9
|-message|ZonXJ forfeited.
|
|win|FunkleVGC
|raw|FunkleVGC's rating: 1184 → 1203(+19 for winning)
|raw|ZonXJ's rating: 1096 → 1078(-18 for losing)
