|j|☆Kane_Kaiju
|j|☆djrean
|html|Kane_Kaijudjrean    
|uhtml|bestof|Game 2 of a best-of-3
|t:|1784237847
|gametype|doubles
|player|p1|Kane_Kaiju|102|
|player|p2|djrean|hilbert-wonderlauncher|
|gen|9
|tier|[Gen 9 Champions] VGC 2026 Reg M-B (Bo3)
|rule|Species Clause: Limit one of each Pokémon
|rule|Item Clause: Limit 1 of each item
|clearpoke
|poke|p1|Arcanine-Hisui, L50, F|
|poke|p1|Wyrdeer, L50, F|
|poke|p1|Sableye, L50, F|
|poke|p1|Mawile, L50, F|
|poke|p1|Scolipede, L50, M|
|poke|p1|Hatterene, L50, F|
|poke|p2|Staraptor, L50, M|
|poke|p2|Whimsicott, L50, M|
|poke|p2|Blaziken, L50, M|
|poke|p2|Mimikyu, L50, M|
|poke|p2|Absol, L50, M|
|poke|p2|Audino, L50, F|
|teampreview|4
|showteam|p1|Arcanine-Hisui||IronBall|RockHead|FlareBlitz,HeadSmash,Roar,ExtremeSpeed|Brave||F|||50|]Wyrdeer||MentalHerb|Intimidate|TrickRoom,PsyshieldBash,Hypnosis,Disable|Relaxed||F|||50|]Sableye||RoseliBerry|Prankster|Encore,Gravity,FakeOut,WillOWisp|Relaxed||F|||50|]Mawile||Mawilite|HyperCutter|SwordsDance,PlayRough,IronHead,Protect|Brave||F|||50|]Scolipede||Scolipite|PoisonPoint|Earthquake,GunkShot,Megahorn,SwordsDance|Brave||M|||50|]Hatterene||LifeOrb|MagicBounce|MysticalFire,DazzlingGleam,TrickRoom,Psychic|Quiet||F|||50|
|showteam|p2|Staraptor||Staraptite|Intimidate|BraveBird,CloseCombat,SteelWing,Protect|Jolly||M|||50|]Whimsicott||MentalHerb|Prankster|Taunt,DazzlingGleam,Charm,TrickRoom|Bold||M|||50|]Blaziken||LifeOrb|SpeedBoost|AuraSphere,Overheat,Coaching,Protect|Modest||M|||50|]Mimikyu||SpellTag|Disguise|PlayRough,DrainPunch,Protect,SwordsDance|Adamant||M|||50|]Absol||Absolite|SuperLuck|CloseCombat,KnockOff,PerishSong,Protect|Jolly||M|||50|]Audino||LightClay|Healer|LifeDew,Reflect,BabyDollEyes,HyperVoice|Calm||F|||50|
|j| VinihBlaze
|j| Mr.Twang
|
|t:|1784237873
|teamsize|p1|4
|teamsize|p2|4
|start
|switch|p1a: Wyrdeer|Wyrdeer, L50, F|100/100
|switch|p1b: Sableye|Sableye, L50, F|100/100
|switch|p2a: Rean|Blaziken, L50, M|100/100
|switch|p2b: Zeit|Absol, L50, M|100/100
|-ability|p1a: Wyrdeer|Intimidate|boost
|-unboost|p2a: Rean|atk|1
|-unboost|p2b: Zeit|atk|1
|turn|1
|
|t:|1784237906
|move|p2a: Rean|Protect|p2a: Rean
|-singleturn|p2a: Rean|Protect
|move|p1b: Sableye|Fake Out|p2b: Zeit
|-damage|p2b: Zeit|84/100
|cant|p2b: Zeit|flinch
|move|p1a: Wyrdeer|Trick Room|p1a: Wyrdeer
|-fieldstart|move: Trick Room|[of] p1a: Wyrdeer
|
|-ability|p2a: Rean|Speed Boost|boost
|-boost|p2a: Rean|spe|1
|upkeep
|turn|2
|
|t:|1784237927
|move|p1b: Sableye|Encore|p2a: Rean
|-start|p2a: Rean|Encore
|move|p2a: Rean|Protect|p2a: Rean
|-singleturn|p2a: Rean|Protect
|move|p1a: Wyrdeer|Psyshield Bash|p2a: Rean
|-activate|p2a: Rean|move: Protect
|move|p2b: Zeit|Knock Off|p1a: Wyrdeer
|-supereffective|p1a: Wyrdeer|1
|-damage|p1a: Wyrdeer|41/100
|-enditem|p1a: Wyrdeer|Mental Herb|[from] move: Knock Off|[of] p2b: Zeit
|
|-ability|p2a: Rean|Speed Boost|boost
|-boost|p2a: Rean|spe|1
|upkeep
|turn|3
|
|t:|1784237944
|switch|p2a: Elliot|Whimsicott, L50, M|100/100
|move|p1b: Sableye|Gravity|p1b: Sableye
|-fieldstart|move: Gravity
|move|p1a: Wyrdeer|Hypnosis|p2b: Zeit
|-status|p2b: Zeit|slp|[from] move: Hypnosis
|cant|p2b: Zeit|slp
|
|upkeep
|turn|4
|
|t:|1784237957
|switch|p1b: Mawile|Mawile, L50, F|100/100
|-curestatus|p2b: Zeit|slp|[msg]
|move|p2b: Zeit|Protect|p2b: Zeit
|-singleturn|p2b: Zeit|Protect
|move|p1a: Wyrdeer|Hypnosis|p2a: Elliot
|-status|p2a: Elliot|slp|[from] move: Hypnosis
|cant|p2a: Elliot|slp
|
|upkeep
|turn|5
|
|t:|1784237981
|detailschange|p1b: Mawile|Mawile-Mega, L50, F
|-mega|p1b: Mawile|Mawile|Mawilite
|-curestatus|p2a: Elliot|slp|[msg]
|move|p2a: Elliot|Charm|p1b: Mawile
|-unboost|p1b: Mawile|atk|2
|move|p1b: Mawile|Swords Dance|p1b: Mawile
|-boost|p1b: Mawile|atk|2
|move|p1a: Wyrdeer|Hypnosis|p2b: Zeit
|-status|p2b: Zeit|slp|[from] move: Hypnosis
|cant|p2b: Zeit|slp
|
|-fieldend|move: Trick Room
|upkeep
|turn|6
|c|☆Kane_Kaiju|double one turn wake up is insane
|
|t:|1784238003
|move|p2a: Elliot|Taunt|p1a: Wyrdeer
|-start|p1a: Wyrdeer|move: Taunt
|cant|p2b: Zeit|slp
|move|p1b: Mawile|Swords Dance|p1b: Mawile
|-boost|p1b: Mawile|atk|2
|cant|p1a: Wyrdeer|move: Taunt|Trick Room
|
|upkeep
|turn|7
|c| Mr.Twang|gravity hypnosis is sick tech
|
|t:|1784238019
|switch|p1a: Sableye|Sableye, L50, F|100/100
|move|p2a: Elliot|Charm|p1b: Mawile
|-unboost|p1b: Mawile|atk|2
|-curestatus|p2b: Zeit|slp|[msg]
|move|p2b: Zeit|Close Combat|p1b: Mawile
|-damage|p1b: Mawile|70/100
|-unboost|p2b: Zeit|def|1
|-unboost|p2b: Zeit|spd|1
|move|p1b: Mawile|Iron Head|p2a: Elliot
|-supereffective|p2a: Elliot|1
|-damage|p2a: Elliot|0 fnt
|faint|p2a: Elliot
|
|-fieldend|move: Gravity
|upkeep
|
|t:|1784238032
|switch|p2a: Rean|Blaziken, L50, M|100/100
|turn|8
|
|t:|1784238053
|move|p1a: Sableye|Fake Out|p2a: Rean
|-damage|p2a: Rean|87/100
|move|p2b: Zeit|Knock Off|p1a: Sableye
|-damage|p1a: Sableye|63/100
|-enditem|p1a: Sableye|Roseli Berry|[from] move: Knock Off|[of] p2b: Zeit
|cant|p2a: Rean|flinch
|move|p1b: Mawile|Play Rough|p2b: Zeit
|-supereffective|p2b: Zeit|1
|-damage|p2b: Zeit|0 fnt
|faint|p2b: Zeit
|
|-ability|p2a: Rean|Speed Boost|boost
|-boost|p2a: Rean|spe|1
|upkeep
|
|t:|1784238056
|switch|p2b: Victor|Staraptor, L50, M|100/100
|-ability|p2b: Victor|Intimidate|boost
|-unboost|p1a: Sableye|atk|1
|-unboost|p1b: Mawile|atk|1
|turn|9
|c|☆Kane_Kaiju|fighting for my life here lol
|
|t:|1784238080
|switch|p1b: Hatterene|Hatterene, L50, F|100/100
|detailschange|p2b: Victor|Staraptor-Mega, L50, M
|-mega|p2b: Victor|Staraptor|Staraptite
|move|p1a: Sableye|Will-O-Wisp|p2b: Victor
|-status|p2b: Victor|brn
|move|p2a: Rean|Overheat|p1b: Hatterene
|-damage|p1b: Hatterene|15/100
|-unboost|p2a: Rean|spa|2
|-damage|p2a: Rean|78/100|[from] item: Life Orb
|move|p2b: Victor|Brave Bird|p1a: Sableye
|-damage|p1a: Sableye|31/100
|-damage|p2b: Victor|89/100 brn|[from] Recoil
|
|-damage|p2b: Victor|83/100 brn|[from] brn
|-ability|p2a: Rean|Speed Boost|boost
|-boost|p2a: Rean|spe|1
|upkeep
|turn|10
|
|t:|1784238109
|move|p1a: Sableye|Gravity|p1a: Sableye
|-fieldstart|move: Gravity
|move|p2a: Rean|Overheat|p1a: Sableye
|-damage|p1a: Sableye|0 fnt
|-unboost|p2a: Rean|spa|2
|faint|p1a: Sableye
|-damage|p2a: Rean|68/100|[from] item: Life Orb
|move|p2b: Victor|Steel Wing|p1b: Hatterene
|-supereffective|p1b: Hatterene|1
|-damage|p1b: Hatterene|0 fnt
|faint|p1b: Hatterene
|
|-damage|p2b: Victor|77/100 brn|[from] brn
|-ability|p2a: Rean|Speed Boost|boost
|-boost|p2a: Rean|spe|1
|upkeep
|
|t:|1784238123
|switch|p1a: Wyrdeer|Wyrdeer, L50, F|41/100
|switch|p1b: Mawile|Mawile-Mega, L50, F|70/100
|-ability|p1a: Wyrdeer|Intimidate|boost
|-unboost|p2a: Rean|atk|1
|-boost|p2b: Victor|atk|1
|turn|11
|
|t:|1784238144
|move|p1b: Mawile|Protect|p1b: Mawile
|-singleturn|p1b: Mawile|Protect
|move|p2a: Rean|Overheat|p1b: Mawile
|-activate|p1b: Mawile|move: Protect
|move|p2b: Victor|Close Combat|p1a: Wyrdeer
|-damage|p1a: Wyrdeer|0 fnt
|-boost|p2b: Victor|def|1
|-boost|p2b: Victor|spd|1
|faint|p1a: Wyrdeer
|
|-damage|p2b: Victor|70/100 brn|[from] brn
|-ability|p2a: Rean|Speed Boost|boost
|-boost|p2a: Rean|spe|1
|upkeep
|turn|12
|c|☆Kane_Kaiju|gg
|
|t:|1784238162
|move|p2a: Rean|Overheat|p1b: Mawile
|-supereffective|p1b: Mawile|1
|-crit|p1b: Mawile
|-damage|p1b: Mawile|0 fnt
|-unboost|p2a: Rean|spa|2
|faint|p1b: Mawile
|-damage|p2a: Rean|59/100|[from] item: Life Orb
|
|win|djrean
|c|☆djrean|ggs
