|j|☆Astano
|j|‽candangacheche
|html|Astanocandangacheche    
|uhtml|bestof|Game 1 of a best-of-3
|t:|1785443312
|gametype|doubles
|player|p1|Astano|169|1233
|player|p2|candangacheche|265|1106
|gen|9
|tier|[Gen 9 Champions] VGC 2026 Reg M-B (Bo3)
|rated|
|rule|Species Clause: Limit one of each Pokémon
|rule|Item Clause: Limit 1 of each item
|clearpoke
|poke|p1|Swampert, L50, F|
|poke|p1|Sableye, L50, M|
|poke|p1|Archaludon, L50, F|
|poke|p1|Pelipper, L50, F|
|poke|p1|Sylveon, L50, M|
|poke|p1|Venusaur, L50, M|
|poke|p2|Delphox, L50, F, shiny|
|poke|p2|Grimmsnarl, L50, M, shiny|
|poke|p2|Garchomp, L50, M, shiny|
|poke|p2|Sylveon, L50, F|
|poke|p2|Kingambit, L50, M|
|poke|p2|Venusaur, L50, M|
|teampreview|4
|showteam|p1|Swampert||Swampertite|Torrent|Protect,WaveCrash,Earthquake,HighHorsepower|Adamant||F|||50|]Sableye||LightClay|Prankster|Encore,Reflect,LightScreen,RainDance|Bold||M|||50|]Archaludon||Leftovers|Stamina|Protect,DragonPulse,FlashCannon,ElectroShot|Modest||F|||50|]Pelipper||SitrusBerry|Drizzle|Protect,WeatherBall,Hurricane,Tailwind|Bold||F|||50|]Sylveon||FairyFeather|Pixilate|Detect,HyperVoice,Moonblast,QuickAttack|Modest||M|||50|]Venusaur||Venusaurite|Overgrow|Protect,GigaDrain,SludgeBomb,EarthPower|Modest||M|||50|
|showteam|p2|Delphox||Delphoxite|Blaze|Protect,HeatWave,NastyPlot,Psychic|Timid||F|||50|]Grimmsnarl||LightClay|Prankster|LightScreen,Reflect,PartingShot,FoulPlay|Careful||M|||50|]Garchomp||LifeOrb|RoughSkin|DragonClaw,Earthquake,Protect,ThunderFang|Adamant||M|||50|]Sylveon||FairyFeather|Pixilate|HyperVoice,HyperBeam,QuickAttack,Detect|Timid||F|||50|]Kingambit||FocusSash|Defiant|SuckerPunch,KowtowCleave,Protect,IronHead|Adamant||M|||50|]Venusaur||Venusaurite|Chlorophyll|GigaDrain,EarthPower,SludgeBomb,Protect|Modest||M|||50|
|inactive|Battle timer is ON: inactive players will automatically lose when time's up. (requested by candangacheche)
|
|t:|1785443353
|teamsize|p1|4
|teamsize|p2|4
|start
|switch|p1a: Archaludon|Archaludon, L50, F|100/100
|switch|p1b: Pelipper|Pelipper, L50, F|100/100
|switch|p2a: Grimmsnarl|Grimmsnarl, L50, M, shiny|100/100
|switch|p2b: Garchomp|Garchomp, L50, M, shiny|100/100
|-weather|RainDance|[from] ability: Drizzle|[of] p1b: Pelipper
|turn|1
|
|t:|1785443361
|move|p1a: Archaludon|Protect|p1a: Archaludon
|-singleturn|p1a: Archaludon|Protect
|move|p2a: Grimmsnarl|Light Screen|p2a: Grimmsnarl
|-sidestart|p2: candangacheche|move: Light Screen
|move|p2b: Garchomp|Thunder Fang|p1b: Pelipper
|-supereffective|p1b: Pelipper|2
|-damage|p1b: Pelipper|0 fnt
|faint|p1b: Pelipper
|-damage|p2b: Garchomp|90/100|[from] item: Life Orb
|
|-weather|RainDance|[upkeep]
|upkeep
|
|t:|1785443371
|switch|p1b: Sableye|Sableye, L50, M|100/100
|turn|2
|
|t:|1785443384
|move|p2a: Grimmsnarl|Reflect|p2a: Grimmsnarl
|-sidestart|p2: candangacheche|Reflect
|move|p1b: Sableye|Encore|p2b: Garchomp
|-start|p2b: Garchomp|Encore
|move|p2b: Garchomp|Thunder Fang|p1b: Sableye|[miss]
|-miss|p2b: Garchomp|p1b: Sableye
|move|p1a: Archaludon|Electro Shot||[still]
|-prepare|p1a: Archaludon|Electro Shot
|-boost|p1a: Archaludon|spa|1
|-anim|p1a: Archaludon|Electro Shot|p2a: Grimmsnarl
|-damage|p2a: Grimmsnarl|64/100
|
|-weather|RainDance|[upkeep]
|upkeep
|turn|3
|
|t:|1785443401
|switch|p2b: Venusaur|Venusaur, L50, M|100/100
|move|p2a: Grimmsnarl|Parting Shot|p1a: Archaludon
|-unboost|p1a: Archaludon|atk|1
|-unboost|p1a: Archaludon|spa|1
|
|t:|1785443407
|switch|p2a: Garchomp|Garchomp, L50, M, shiny|90/100|[from] Parting Shot
|move|p1b: Sableye|Reflect|p1b: Sableye
|-sidestart|p1: Astano|Reflect
|move|p1a: Archaludon|Electro Shot||[still]
|-prepare|p1a: Archaludon|Electro Shot
|-boost|p1a: Archaludon|spa|1
|-anim|p1a: Archaludon|Electro Shot|p2a: Garchomp
|-immune|p2a: Garchomp
|
|-weather|RainDance|[upkeep]
|upkeep
|turn|4
|
|t:|1785443426
|detailschange|p2b: Venusaur|Venusaur-Mega, L50, M
|-mega|p2b: Venusaur|Venusaur|Venusaurite
|move|p2a: Garchomp|Protect|p2a: Garchomp
|-singleturn|p2a: Garchomp|Protect
|move|p1b: Sableye|Light Screen|p1b: Sableye
|-sidestart|p1: Astano|move: Light Screen
|move|p2b: Venusaur|Earth Power|p1a: Archaludon
|-supereffective|p1a: Archaludon|1
|-damage|p1a: Archaludon|51/100
|-ability|p1a: Archaludon|Stamina|boost
|-boost|p1a: Archaludon|def|1
|move|p1a: Archaludon|Electro Shot||[still]
|-prepare|p1a: Archaludon|Electro Shot
|-boost|p1a: Archaludon|spa|1
|-anim|p1a: Archaludon|Electro Shot|p2b: Venusaur
|-resisted|p2b: Venusaur|1
|-damage|p2b: Venusaur|72/100
|
|-weather|RainDance|[upkeep]
|-heal|p1a: Archaludon|57/100|[from] item: Leftovers
|upkeep
|turn|5
|
|t:|1785443449
|switch|p2a: Grimmsnarl|Grimmsnarl, L50, M, shiny|64/100
|move|p1b: Sableye|Encore|p2a: Grimmsnarl
|-hint|Since gen 7, Dark is immune to Prankster moves.
|-immune|p2a: Grimmsnarl
|move|p2b: Venusaur|Earth Power|p1a: Archaludon
|-supereffective|p1a: Archaludon|1
|-damage|p1a: Archaludon|11/100
|-ability|p1a: Archaludon|Stamina|boost
|-boost|p1a: Archaludon|def|1
|move|p1a: Archaludon|Electro Shot||[still]
|-prepare|p1a: Archaludon|Electro Shot
|-boost|p1a: Archaludon|spa|1
|-anim|p1a: Archaludon|Electro Shot|p2b: Venusaur
|-resisted|p2b: Venusaur|1
|-damage|p2b: Venusaur|38/100
|
|-weather|none
|-heal|p1a: Archaludon|17/100|[from] item: Leftovers
|upkeep
|turn|6
|
|t:|1785443474
|switch|p1a: Swampert|Swampert, L50, F|100/100
|move|p1b: Sableye|Rain Dance|p1b: Sableye
|-weather|RainDance
|move|p2b: Venusaur|Earth Power|p1a: Swampert
|-damage|p1a: Swampert|79/100
|move|p2a: Grimmsnarl|Foul Play|p1b: Sableye
|-damage|p1b: Sableye|78/100
|
|-weather|RainDance|[upkeep]
|upkeep
|turn|7
|
|t:|1785443488
|detailschange|p1a: Swampert|Swampert-Mega, L50, F
|-mega|p1a: Swampert|Swampert|Swampertite
|move|p2a: Grimmsnarl|Parting Shot|p1a: Swampert
|-unboost|p1a: Swampert|atk|1
|-unboost|p1a: Swampert|spa|1
|
|t:|1785443493
|switch|p2a: Garchomp|Garchomp, L50, M, shiny|90/100|[from] Parting Shot
|move|p1b: Sableye|Encore|p2b: Venusaur
|-start|p2b: Venusaur|Encore
|move|p1a: Swampert|Earthquake|p2a: Garchomp|[spread] p1b,p2a,p2b
|-damage|p1b: Sableye|53/100
|-damage|p2a: Garchomp|71/100
|-damage|p2b: Venusaur|19/100
|move|p2b: Venusaur|Earth Power|p1b: Sableye
|-damage|p1b: Sableye|28/100
|
|-weather|RainDance|[upkeep]
|upkeep
|turn|8
|inactive|Astano has 30 seconds left.
|inactive|Astano has 20 seconds left.
|inactive|Astano has 15 seconds left.
|inactive|Astano has 10 seconds left.
|
|t:|1785443539
|switch|p1a: Archaludon|Archaludon, L50, F|17/100
|switch|p2b: Grimmsnarl|Grimmsnarl, L50, M, shiny|64/100
|move|p1b: Sableye|Reflect||[still]
|-fail|p1b: Sableye
|move|p2a: Garchomp|Dragon Claw|p1a: Archaludon
|-damage|p1a: Archaludon|0 fnt
|faint|p1a: Archaludon
|-damage|p2a: Garchomp|61/100|[from] item: Life Orb
|
|-weather|RainDance|[upkeep]
|-sideend|p2: candangacheche|move: Light Screen
|upkeep
|
|t:|1785443541
|switch|p1a: Swampert|Swampert-Mega, L50, F|79/100
|turn|9
|-message|Astano forfeited.
|
|win|candangacheche
