|j|☆okes30
|j|☆zbm_fenxxx
|html|okes30zbm_fenxxx    
|uhtml|bestof|Game 1 of a best-of-3
|t:|1784139022
|gametype|doubles
|player|p1|okes30|170|1163
|player|p2|zbm_fenxxx|266|1168
|gen|9
|tier|[Gen 9 Champions] VGC 2026 Reg M-B (Bo3)
|rated|
|rule|Species Clause: Limit one of each Pokémon
|rule|Item Clause: Limit 1 of each item
|clearpoke
|poke|p1|Delphox, L50, F|
|poke|p1|Blastoise, L50, F|
|poke|p1|Sinistcha-Masterpiece, L50|
|poke|p1|Sneasler, L50, F|
|poke|p1|Incineroar, L50, F, shiny|
|poke|p1|Kingambit, L50, F|
|poke|p2|Gengar, L50, M|
|poke|p2|Incineroar, L50, F|
|poke|p2|Politoed, L50, F|
|poke|p2|Venusaur, L50, M|
|poke|p2|Charizard, L50, F|
|poke|p2|Tinkaton, L50, F|
|teampreview|4
|showteam|p1|Delphox||Delphoxite|Blaze|HeatWave,Psyshock,NastyPlot,Protect|Modest||F|||50|]Blastoise||Blastoisinite|RainDish|WaterSpout,DarkPulse,ShellSmash,Protect|Modest||F|||50|]Sinistcha-Masterpiece||MentalHerb|Hospitality|TrickRoom,MatchaGotcha,RagePowder,Imprison|Calm|||||50|]Sneasler||FocusSash|PoisonTouch|PoisonJab,FakeOut,QuickGuard,CloseCombat|Adamant||F|||50|]Incineroar||SitrusBerry|Intimidate|PartingShot,FakeOut,FlareBlitz,ThroatChop|Careful||F|||50|]Kingambit||BlackGlasses|Defiant|LowKick,SuckerPunch,KowtowCleave,Protect|Adamant||F|||50|
|showteam|p2|Gengar||Gengarite|CursedBody|ShadowBall,Disable,PerishSong,Protect|Timid||M|||50|]Incineroar||PasshoBerry|Intimidate|FakeOut,ThroatChop,PartingShot,Protect|Relaxed||F|||50|]Politoed||SitrusBerry|Drizzle|WeatherBall,Encore,PerishSong,Protect|Bold||F|||50|]Venusaur||FocusSash|Chlorophyll|SludgeBomb,EnergyBall,SleepPowder,EarthPower|Timid||M|||50|]Charizard||CharizarditeY|Blaze|HeatWave,WeatherBall,Hurricane,Protect|Modest||F|||50|]Tinkaton||ShucaBerry|MoldBreaker|FakeOut,Protect,GigatonHammer,BabyDollEyes|Adamant||F|||50|
|
|t:|1784139059
|teamsize|p1|4
|teamsize|p2|4
|start
|switch|p1a: Kingambit|Kingambit, L50, F|100/100
|switch|p1b: Incineroar|Incineroar, L50, F, shiny|100/100
|switch|p2a: Charizard|Charizard, L50, F|100/100
|switch|p2b: Venusaur|Venusaur, L50, M|100/100
|-ability|p1b: Incineroar|Intimidate|boost
|-unboost|p2a: Charizard|atk|1
|-unboost|p2b: Venusaur|atk|1
|turn|1
|inactive|Battle timer is ON: inactive players will automatically lose when time's up. (requested by zbm_fenxxx)
|
|t:|1784139082
|switch|p1a: Delphox|Delphox, L50, F|100/100
|detailschange|p2a: Charizard|Charizard-Mega-Y, L50, F
|-mega|p2a: Charizard|Charizard|Charizardite Y
|-weather|SunnyDay|[from] ability: Drought|[of] p2a: Charizard
|move|p2b: Venusaur|Earth Power|p1b: Incineroar
|-supereffective|p1b: Incineroar|1
|-damage|p1b: Incineroar|59/100
|move|p2a: Charizard|Weather Ball|p1a: Delphox
|-resisted|p1a: Delphox|1
|-damage|p1a: Delphox|56/100
|move|p1b: Incineroar|Flare Blitz|p2b: Venusaur
|-supereffective|p2b: Venusaur|1
|-enditem|p2b: Venusaur|Focus Sash
|-damage|p2b: Venusaur|1/100
|-damage|p1b: Incineroar|34/100|[from] Recoil
|-enditem|p1b: Incineroar|Sitrus Berry|[eat]
|-heal|p1b: Incineroar|58/100|[from] item: Sitrus Berry
|
|-weather|SunnyDay|[upkeep]
|upkeep
|turn|2
|inactive|okes30 has 30 seconds left.
|
|t:|1784139112
|switch|p2b: Politoed|Politoed, L50, F|100/100
|-weather|RainDance|[from] ability: Drizzle|[of] p2b: Politoed
|detailschange|p1a: Delphox|Delphox-Mega, L50, F
|-mega|p1a: Delphox|Delphox|Delphoxite
|move|p1a: Delphox|Protect|p1a: Delphox
|-singleturn|p1a: Delphox|Protect
|move|p2a: Charizard|Weather Ball|p1a: Delphox
|-activate|p1a: Delphox|move: Protect
|move|p1b: Incineroar|Parting Shot|p2a: Charizard
|-unboost|p2a: Charizard|atk|1
|-unboost|p2a: Charizard|spa|1
|
|t:|1784139132
|switch|p1b: Sneasler|Sneasler, L50, F|100/100|[from] Parting Shot
|
|-weather|RainDance|[upkeep]
|upkeep
|turn|3
|
|t:|1784139155
|switch|p2a: Venusaur|Venusaur, L50, M|1/100
|move|p1a: Delphox|Psyshock|p2b: Politoed
|-damage|p2b: Politoed|57/100
|move|p1b: Sneasler|Close Combat|p2b: Politoed
|-damage|p2b: Politoed|2/100
|-unboost|p1b: Sneasler|def|1
|-unboost|p1b: Sneasler|spd|1
|-enditem|p2b: Politoed|Sitrus Berry|[eat]
|-heal|p2b: Politoed|27/100|[from] item: Sitrus Berry
|move|p2b: Politoed|Weather Ball|p1a: Delphox
|-supereffective|p1a: Delphox|1
|-damage|p1a: Delphox|0 fnt
|faint|p1a: Delphox
|
|-weather|RainDance|[upkeep]
|upkeep
|
|t:|1784139164
|switch|p1a: Incineroar|Incineroar, L50, F, shiny|58/100
|-ability|p1a: Incineroar|Intimidate|boost
|-unboost|p2a: Venusaur|atk|1
|-unboost|p2b: Politoed|atk|1
|turn|4
|
|t:|1784139177
|switch|p2b: Charizard|Charizard-Mega-Y, L50, F|100/100
|-weather|SunnyDay|[from] ability: Drought|[of] p2b: Charizard
|move|p2a: Venusaur|Earth Power|p1b: Sneasler
|-supereffective|p1b: Sneasler|1
|-damage|p1b: Sneasler|7/100
|move|p1b: Sneasler|Poison Jab|p2a: Venusaur
|-damage|p2a: Venusaur|0 fnt
|faint|p2a: Venusaur
|move|p1a: Incineroar|Throat Chop|p2b: Charizard
|-crit|p2b: Charizard
|-damage|p2b: Charizard|46/100
|-start|p2b: Charizard|Throat Chop|[silent]
|
|-weather|SunnyDay|[upkeep]
|upkeep
|
|t:|1784139187
|switch|p2a: Politoed|Politoed, L50, F|27/100
|-weather|RainDance|[from] ability: Drizzle|[of] p2a: Politoed
|turn|5
|inactive|zbm_fenxxx has 30 seconds left.
|inactive|okes30 has 30 seconds left.
|inactive|zbm_fenxxx has 20 seconds left.
|inactive|zbm_fenxxx has 15 seconds left.
|inactive|zbm_fenxxx has 10 seconds left.
|
|t:|1784139237
|switch|p1b: Kingambit|Kingambit, L50, F|100/100
|move|p2a: Politoed|Protect|p2a: Politoed
|-singleturn|p2a: Politoed|Protect
|move|p2b: Charizard|Weather Ball|p1b: Kingambit
|-damage|p1b: Kingambit|43/100
|move|p1a: Incineroar|Throat Chop|p2b: Charizard
|-damage|p2b: Charizard|11/100
|
|-weather|RainDance|[upkeep]
|-end|p2b: Charizard|Throat Chop|[silent]
|upkeep
|turn|6
|inactive|okes30 has 30 seconds left.
|inactive|zbm_fenxxx has 30 seconds left.
|inactive|okes30 has 20 seconds left.
|inactive|zbm_fenxxx has 20 seconds left.
|inactive|okes30 has 15 seconds left.
|inactive|zbm_fenxxx has 15 seconds left.
|inactive|okes30 has 10 seconds left.
|inactive|zbm_fenxxx has 10 seconds left.
|
|t:|1784139290
|move|p2b: Charizard|Protect|p2b: Charizard
|-singleturn|p2b: Charizard|Protect
|move|p1b: Kingambit|Sucker Punch|p2a: Politoed
|-damage|p2a: Politoed|0 fnt
|faint|p2a: Politoed
|move|p1a: Incineroar|Throat Chop|p2b: Charizard
|-activate|p2b: Charizard|move: Protect
|
|-weather|RainDance|[upkeep]
|upkeep
|
|t:|1784139295
|switch|p2a: Tinkaton|Tinkaton, L50, F|100/100
|-ability|p2a: Tinkaton|Mold Breaker
|turn|7
|
|t:|1784139317
|move|p1b: Kingambit|Protect|p1b: Kingambit
|-singleturn|p1b: Kingambit|Protect
|move|p2a: Tinkaton|Fake Out|p1a: Incineroar
|-damage|p1a: Incineroar|50/100g
|move|p2b: Charizard|Weather Ball|p1a: Incineroar
|-supereffective|p1a: Incineroar|1
|-damage|p1a: Incineroar|0 fnt
|faint|p1a: Incineroar
|
|-weather|RainDance|[upkeep]
|upkeep
|
|t:|1784139323
|switch|p1a: Sneasler|Sneasler, L50, F|7/100
|turn|8
|
|t:|1784139342
|move|p2b: Charizard|Protect|p2b: Charizard
|-singleturn|p2b: Charizard|Protect
|move|p2a: Tinkaton|Protect|p2a: Tinkaton
|-singleturn|p2a: Tinkaton|Protect
|move|p1a: Sneasler|Close Combat|p2a: Tinkaton
|-activate|p2a: Tinkaton|move: Protect
|move|p1b: Kingambit|Low Kick|p2a: Tinkaton
|-activate|p2a: Tinkaton|move: Protect
|
|-weather|RainDance|[upkeep]
|upkeep
|turn|9
|
|t:|1784139360
|move|p2b: Charizard|Protect||[still]
|-fail|p2b: Charizard
|move|p1a: Sneasler|Poison Jab|p2b: Charizard
|-damage|p2b: Charizard|0 fnt
|faint|p2b: Charizard
|move|p2a: Tinkaton|Gigaton Hammer|p1a: Sneasler
|-damage|p1a: Sneasler|0 fnt
|faint|p1a: Sneasler
|move|p1b: Kingambit|Low Kick|p2a: Tinkaton
|-crit|p2a: Tinkaton
|-damage|p2a: Tinkaton|52/100
|
|-weather|none
|upkeep
|turn|10
|
|t:|1784139371
|move|p2a: Tinkaton|Protect|p2a: Tinkaton
|-singleturn|p2a: Tinkaton|Protect
|move|p1b: Kingambit|Low Kick|p2a: Tinkaton
|-activate|p2a: Tinkaton|move: Protect
|
|upkeep
|turn|11
|
|t:|1784139377
|move|p2a: Tinkaton|Gigaton Hammer|p1b: Kingambit
|-resisted|p1b: Kingambit|1
|-damage|p1b: Kingambit|26/100
|move|p1b: Kingambit|Low Kick|p2a: Tinkaton
|-crit|p2a: Tinkaton
|-damage|p2a: Tinkaton|1/100
|
|upkeep
|turn|12
|
|t:|1784139388
|move|p2a: Tinkaton|Baby-Doll Eyes|p1b: Kingambit
|-unboost|p1b: Kingambit|atk|1
|-ability|p1b: Kingambit|Defiant|boost
|-boost|p1b: Kingambit|atk|2
|move|p1b: Kingambit|Sucker Punch||[still]
|-fail|p1b: Kingambit
|
|upkeep
|turn|13
|
|t:|1784139392
|move|p2a: Tinkaton|Gigaton Hammer|p1b: Kingambit
|-resisted|p1b: Kingambit|1
|-damage|p1b: Kingambit|6/100
|move|p1b: Kingambit|Low Kick|p2a: Tinkaton
|-damage|p2a: Tinkaton|0 fnt
|faint|p2a: Tinkaton
|
|win|okes30
||zbm_fenxxx is ready for game 2.
|c|☆okes30|gg
