|j|☆chris1012
|j|☆seattlebandit
|html|chris1012seattlebandit    
|uhtml|bestof|Game 2 of a best-of-3
|t:|1782443346
|gametype|doubles
|player|p1|chris1012|1|1092
|player|p2|seattlebandit|roughneck-gen4|1000
|gen|9
|tier|[Gen 9 Champions] VGC 2026 Reg M-B (Bo3)
|rated|
|rule|Species Clause: Limit one of each Pokémon
|rule|Item Clause: Limit 1 of each item
|clearpoke
|poke|p1|Blaziken, L50, M|
|poke|p1|Garchomp, L50, F|
|poke|p1|Whimsicott, L50, M|
|poke|p1|Incineroar, L50, M|
|poke|p1|Basculegion, L50, M|
|poke|p1|Espathra, L50, M|
|poke|p2|Basculegion, L50, M|
|poke|p2|Garchomp, L50, M|
|poke|p2|Kingambit, L50, F|
|poke|p2|Sylveon, L50, M|
|poke|p2|Aerodactyl, L50, F|
|poke|p2|Charizard, L50, F|
|teampreview|4
|showteam|p1|Blaziken||Blazikenite|SpeedBoost|Protect,FirePunch,CloseCombat,Uturn|Adamant||M|||50|]Garchomp||LifeOrb|RoughSkin|RockSlide,DragonClaw,IronHead,Earthquake|Jolly||F|||50|]Whimsicott||FocusSash|Prankster|Protect,Tailwind,DazzlingGleam,HelpingHand|Bold||M|||50|]Incineroar||SitrusBerry|Intimidate|Protect,PartingShot,DarkestLariat,FakeOut|Careful||M|||50|]Basculegion||MysticWater|Adaptability|Protect,LastRespects,Liquidation,AquaJet|Adamant||M|||50|]Espathra||TwistedSpoon|SpeedBoost|Protect,Reflect,LuminaCrash,DazzlingGleam|Timid||M|||50|
|showteam|p2|Basculegion||FocusSash|Adaptability|Protect,LastRespects,AquaJet,Liquidation|Adamant||M|||50|]Garchomp||SitrusBerry|RoughSkin|RockTomb,Earthquake,DragonClaw,Protect|Jolly||M|||50|]Kingambit||ChopleBerry|Defiant|SuckerPunch,KowtowCleave,LowKick,IronHead|Adamant||F|||50|]Sylveon||FairyFeather|Pixilate|Detect,HyperVoice,Yawn,QuickAttack|Modest||M|||50|]Aerodactyl||Aerodactylite|Unnerve|Tailwind,DualWingbeat,RockSlide,WideGuard|Jolly||F|||50|]Charizard||CharizarditeY|Blaze|HeatWave,SolarBeam,WeatherBall,Protect|Modest||F|||50|
|
|t:|1782443375
|teamsize|p1|4
|teamsize|p2|4
|start
|switch|p1a: Garchomp|Garchomp, L50, F|100/100
|switch|p1b: Whimsicott|Whimsicott, L50, M|100/100
|switch|p2a: Sylveon|Sylveon, L50, M|100/100
|switch|p2b: Aerodactyl|Aerodactyl, L50, F|100/100
|-ability|p2b: Aerodactyl|Unnerve
|turn|1
|
|t:|1782443403
|detailschange|p2b: Aerodactyl|Aerodactyl-Mega, L50, F
|-mega|p2b: Aerodactyl|Aerodactyl|Aerodactylite
|move|p1b: Whimsicott|Tailwind|p1b: Whimsicott
|-sidestart|p1: chris1012|move: Tailwind
|move|p1a: Garchomp|Rock Slide|p2a: Sylveon|[spread] p2a,p2b
|-supereffective|p2b: Aerodactyl|1
|-crit|p2b: Aerodactyl
|-damage|p2a: Sylveon|73/100
|-damage|p2b: Aerodactyl|16/100
|-damage|p1a: Garchomp|90/100|[from] item: Life Orb
|cant|p2b: Aerodactyl|flinch
|move|p2a: Sylveon|Hyper Voice|p1b: Whimsicott|[spread] p1a,p1b
|-supereffective|p1a: Garchomp|1
|-damage|p1a: Garchomp|0 fnt
|-damage|p1b: Whimsicott|40/100
|faint|p1a: Garchomp
|
|upkeep
|
|t:|1782443420
|switch|p1a: Basculegion|Basculegion, L50, M|100/100
|turn|2
|
|t:|1782443451
|switch|p2b: Kingambit|Kingambit, L50, F|100/100
|move|p1b: Whimsicott|Dazzling Gleam|p2b: Kingambit|[spread] p2a,p2b
|-damage|p2a: Sylveon|60/100
|-damage|p2b: Kingambit|80/100
|move|p1a: Basculegion|Liquidation|p2a: Sylveon
|-damage|p2a: Sylveon|0 fnt
|faint|p2a: Sylveon
|
|upkeep
|
|t:|1782443462
|switch|p2a: Aerodactyl|Aerodactyl-Mega, L50, F|16/100
|turn|3
|
|t:|1782443479
|switch|p2a: Basculegion|Basculegion, L50, M|100/100
|switch|p1a: Blaziken|Blaziken, L50, M|100/100
|move|p1b: Whimsicott|Dazzling Gleam|p2b: Kingambit|[spread] p2a,p2b
|-damage|p2a: Basculegion|80/100
|-damage|p2b: Kingambit|62/100
|move|p2b: Kingambit|Kowtow Cleave|p1a: Blaziken
|-resisted|p1a: Blaziken|1
|-damage|p1a: Blaziken|65/100
|
|upkeep
|turn|4
|
|t:|1782443511
|detailschange|p1a: Blaziken|Blaziken-Mega, L50, M
|-mega|p1a: Blaziken|Blaziken|Blazikenite
|move|p1b: Whimsicott|Protect|p1b: Whimsicott
|-singleturn|p1b: Whimsicott|Protect
|move|p1a: Blaziken|Protect|p1a: Blaziken
|-singleturn|p1a: Blaziken|Protect
|move|p2a: Basculegion|Liquidation|p1a: Blaziken
|-activate|p1a: Blaziken|move: Protect
|move|p2b: Kingambit|Iron Head|p1b: Whimsicott
|-activate|p1b: Whimsicott|move: Protect
|
|-sideend|p1: chris1012|move: Tailwind
|-ability|p1a: Blaziken|Speed Boost|boost
|-boost|p1a: Blaziken|spe|1
|upkeep
|turn|5
|
|t:|1782443546
|move|p1b: Whimsicott|Tailwind|p1b: Whimsicott
|-sidestart|p1: chris1012|move: Tailwind
|move|p2a: Basculegion|Aqua Jet|p1a: Blaziken
|-supereffective|p1a: Blaziken|1
|-damage|p1a: Blaziken|0 fnt
|faint|p1a: Blaziken
|move|p2b: Kingambit|Iron Head|p1b: Whimsicott
|-supereffective|p1b: Whimsicott|1
|-damage|p1b: Whimsicott|0 fnt
|faint|p1b: Whimsicott
|
|upkeep
|
|t:|1782443563
|switch|p1b: Basculegion|Basculegion, L50, M|100/100
|turn|6
|
|t:|1782443575
|move|p2b: Kingambit|Sucker Punch|p1b: Basculegion
|-supereffective|p1b: Basculegion|1
|-damage|p1b: Basculegion|18/100
|move|p1b: Basculegion|Last Respects|p2a: Basculegion
|-supereffective|p2a: Basculegion|1
|-damage|p2a: Basculegion|0 fnt
|faint|p2a: Basculegion
|
|upkeep
|
|t:|1782443583
|switch|p2a: Aerodactyl|Aerodactyl-Mega, L50, F|16/100
|turn|7
|
|t:|1782443594
|move|p2a: Aerodactyl|Dual Wingbeat|p1b: Basculegion
|-damage|p1b: Basculegion|0 fnt
|faint|p1b: Basculegion
|-hitcount|p1: Basculegion|1
|
|win|seattlebandit
|raw|chris1012's rating: 1092 → 1062(-30 for losing)
|raw|seattlebandit's rating: 1000 → 1050(+50 for winning)
|l|☆chris1012
|player|p1|
