|j|☆la cabra1
|j|☆lux raymundi
|html|la cabra1lux raymundi    
|uhtml|bestof|Game 2 of a best-of-3
|t:|1782577796
|gametype|doubles
|player|p1|la cabra1|volkner|1283
|player|p2|lux raymundi|169|1266
|gen|9
|tier|[Gen 9 Champions] VGC 2026 Reg M-B (Bo3)
|rated|
|rule|Species Clause: Limit one of each Pokémon
|rule|Item Clause: Limit 1 of each item
|clearpoke
|poke|p1|Aerodactyl, L50, F|
|poke|p1|Garchomp, L50, M|
|poke|p1|Kingambit, L50, F|
|poke|p1|Charizard, L50, M|
|poke|p1|Sylveon, L50, M|
|poke|p1|Farigiraf, L50, M|
|poke|p2|Farigiraf, L50, M|
|poke|p2|Floette-Eternal, L50, F|
|poke|p2|Basculegion, L50, M|
|poke|p2|Sneasler, L50, M|
|poke|p2|Sinistcha, L50|
|poke|p2|Delphox, L50, M|
|teampreview|4
|showteam|p1|Aerodactyl||Aerodactylite|Unnerve|IceFang,RockSlide,Tailwind,DualWingbeat|Jolly||F|||50|]Garchomp||LifeOrb|RoughSkin|DragonClaw,StompingTantrum,Earthquake,Protect|Jolly||M|||50|]Kingambit||FocusSash|Defiant|SuckerPunch,KowtowCleave,IronHead,LowKick|Adamant||F|||50|]Charizard||CharizarditeY|Blaze|Protect,WeatherBall,HeatWave,SolarBeam|Modest||M|||50|]Sylveon||FairyFeather|Pixilate|Protect,HyperVoice,HyperBeam,QuickAttack|Modest||M|||50|]Farigiraf||SitrusBerry|ArmorTail|TrickRoom,Thunderbolt,Roar,GrassKnot|Bold||M|||50|
|showteam|p2|Farigiraf||SitrusBerry|ArmorTail|TrickRoom,HelpingHand,Protect,TwinBeam|Bold||M|||50|]Floette-Eternal||Floettite|FlowerVeil|CalmMind,DazzlingGleam,Moonblast,Protect|Modest||F|||50|]Basculegion||FocusSash|Adaptability|AquaJet,Liquidation,LastRespects,Protect|Adamant||M|||50|]Sneasler||WhiteHerb|Unburden|FakeOut,CloseCombat,DireClaw,Protect|Jolly||M|||50|]Sinistcha||KasibBerry|Hospitality|MatchaGotcha,RagePowder,TrickRoom,LifeDew|Serious|||||50|]Delphox||Delphoxite|Blaze|NastyPlot,HeatWave,Psychic,Protect|Timid||M|||50|
|
|t:|1782577810
|teamsize|p1|4
|teamsize|p2|4
|start
|switch|p1a: Aerodactyl|Aerodactyl, L50, F|100/100
|switch|p1b: Kingambit|Kingambit, L50, F|100/100
|switch|p2a: Sneasler|Sneasler, L50, M|100/100
|switch|p2b: Basculegion|Basculegion, L50, M|100/100
|-ability|p1a: Aerodactyl|Unnerve
|turn|1
|
|t:|1782577828
|switch|p1a: Farigiraf|Farigiraf, L50, M|100/100
|move|p2a: Sneasler|Protect|p2a: Sneasler
|-singleturn|p2a: Sneasler|Protect
|move|p1b: Kingambit|Sucker Punch|p2b: Basculegion
|-supereffective|p2b: Basculegion|1
|-enditem|p2b: Basculegion|Focus Sash
|-damage|p2b: Basculegion|1/100
|move|p2b: Basculegion|Liquidation|p1a: Farigiraf
|-damage|p1a: Farigiraf|50/100g
|
|upkeep
|turn|2
|
|t:|1782577856
|switch|p2b: Sinistcha|Sinistcha, L50|100/100
|move|p1b: Kingambit|Sucker Punch||[still]
|-fail|p1b: Kingambit
|move|p2a: Sneasler|Close Combat|p1a: Farigiraf
|-damage|p1a: Farigiraf|1/100
|-unboost|p2a: Sneasler|def|1
|-unboost|p2a: Sneasler|spd|1
|-enditem|p1a: Farigiraf|Sitrus Berry|[eat]
|-heal|p1a: Farigiraf|26/100|[from] item: Sitrus Berry
|-enditem|p2a: Sneasler|White Herb
|-clearnegativeboost|p2a: Sneasler|[silent]
|move|p1a: Farigiraf|Thunderbolt|p2a: Sneasler
|-damage|p2a: Sneasler|70/100
|
|upkeep
|turn|3
|
|t:|1782577880
|move|p2a: Sneasler|Close Combat|p1b: Kingambit
|-supereffective|p1b: Kingambit|2
|-enditem|p1b: Kingambit|Focus Sash
|-damage|p1b: Kingambit|1/100
|-unboost|p2a: Sneasler|def|1
|-unboost|p2a: Sneasler|spd|1
|move|p1b: Kingambit|Kowtow Cleave|p2b: Sinistcha
|-supereffective|p2b: Sinistcha|1
|-damage|p2b: Sinistcha|15/100
|move|p2b: Sinistcha|Matcha Gotcha|p1a: Farigiraf|[spread] p1a,p1b
|-resisted|p1b: Kingambit|1
|-damage|p1a: Farigiraf|3/100
|-heal|p2b: Sinistcha|30/100|[from] drain|[of] p1a: Farigiraf
|-damage|p1b: Kingambit|0 fnt
|-heal|p2b: Sinistcha|30/100|[from] drain|[of] p1b: Kingambit
|faint|p1b: Kingambit
|move|p1a: Farigiraf|Thunderbolt|p2a: Sneasler
|-damage|p2a: Sneasler|26/100
|
|upkeep
|
|t:|1782577898
|switch|p1b: Aerodactyl|Aerodactyl, L50, F|100/100
|-ability|p1b: Aerodactyl|Unnerve
|turn|4
|
|t:|1782577908
|detailschange|p1b: Aerodactyl|Aerodactyl-Mega, L50, F
|-mega|p1b: Aerodactyl|Aerodactyl|Aerodactylite
|move|p2a: Sneasler|Close Combat|p1b: Aerodactyl
|-damage|p1b: Aerodactyl|26/100
|-unboost|p2a: Sneasler|def|1
|-unboost|p2a: Sneasler|spd|1
|move|p1b: Aerodactyl|Tailwind|p1b: Aerodactyl
|-sidestart|p1: la cabra1|move: Tailwind
|move|p1a: Farigiraf|Thunderbolt|p2b: Sinistcha
|-resisted|p2b: Sinistcha|1
|-damage|p2b: Sinistcha|19/100
|-status|p2b: Sinistcha|par
|move|p2b: Sinistcha|Matcha Gotcha|p1b: Aerodactyl|[spread] p1a,p1b
|-damage|p1a: Farigiraf|0 fnt
|-heal|p2b: Sinistcha|21/100 par|[from] drain|[of] p1a: Farigiraf
|-damage|p1b: Aerodactyl|1/100
|-heal|p2b: Sinistcha|34/100 par|[from] drain|[of] p1b: Aerodactyl
|faint|p1a: Farigiraf
|
|upkeep
|
|t:|1782577917
|switch|p1a: Garchomp|Garchomp, L50, M|100/100
|turn|5
|
|t:|1782577939
|move|p1b: Aerodactyl|Rock Slide|p2b: Sinistcha|[spread] p2a,p2b
|-resisted|p2a: Sneasler|1
|-damage|p2a: Sneasler|0 fnt
|-damage|p2b: Sinistcha|12/100 par
|faint|p2a: Sneasler
|move|p1a: Garchomp|Earthquake|p2b: Sinistcha|[spread] p2b
|-immune|p1b: Aerodactyl
|-resisted|p2b: Sinistcha|1
|-damage|p2b: Sinistcha|0 fnt
|faint|p2b: Sinistcha
|-damage|p1a: Garchomp|90/100|[from] item: Life Orb
|
|upkeep
|
|t:|1782577945
|switch|p2a: Basculegion|Basculegion, L50, M|1/100
|switch|p2b: Floette|Floette-Eternal, L50, F|100/100
|turn|6
|
|t:|1782577956
|detailschange|p2b: Floette|Floette-Mega, L50, F
|-mega|p2b: Floette|Floette|Floettite
|-ability|p2b: Floette|Fairy Aura
|move|p2a: Basculegion|Aqua Jet|p1b: Aerodactyl
|-supereffective|p1b: Aerodactyl|1
|-damage|p1b: Aerodactyl|0 fnt
|faint|p1b: Aerodactyl
|move|p1a: Garchomp|Earthquake|p2a: Basculegion|[spread] p2a,p2b
|-damage|p2a: Basculegion|0 fnt
|-damage|p2b: Floette|42/100
|faint|p2a: Basculegion
|-damage|p1a: Garchomp|80/100|[from] item: Life Orb
|move|p2b: Floette|Calm Mind|p2b: Floette
|-boost|p2b: Floette|spa|1
|-boost|p2b: Floette|spd|1
|
|upkeep
|turn|7
|
|t:|1782577965
|move|p2b: Floette|Protect|p2b: Floette
|-singleturn|p2b: Floette|Protect
|move|p1a: Garchomp|Earthquake|p2b: Floette
|-activate|p2b: Floette|move: Protect
|
|-sideend|p1: la cabra1|move: Tailwind
|upkeep
|turn|8
|
|t:|1782577969
|move|p1a: Garchomp|Earthquake|p2b: Floette
|-damage|p2b: Floette|0 fnt
|faint|p2b: Floette
|-damage|p1a: Garchomp|71/100|[from] item: Life Orb
|
|win|la cabra1
