|j|☆ChuckConde
|j|☆reydegonnet
|html|ChuckCondereydegonnet    
|uhtml|bestof|Game 1 of a best-of-3
|t:|1757174400
|gametype|doubles
|player|p1|ChuckConde|brycenman|
|player|p2|reydegonnet|1|
|gen|9
|tier|[Gen 9] VGC 2025 Reg H (Bo3)
|rule|Species Clause: Limit one of each Pokémon
|rule|Item Clause: Limit 1 of each item
|clearpoke
|poke|p1|Politoed, L50, F|
|poke|p1|Gothitelle, L50, M|
|poke|p1|Incineroar, L50, F|
|poke|p1|Amoonguss, L50, F|
|poke|p1|Kingdra, L50, F|
|poke|p1|Archaludon, L50, M|
|poke|p2|Whimsicott, L50, M|
|poke|p2|Annihilape, L50, F|
|poke|p2|Pelipper, L50, F|
|poke|p2|Archaludon, L50, M|
|poke|p2|Sneasler, L50, M|
|poke|p2|Indeedee, L50, M|
|teampreview|4
|showteam|p1|Politoed||Leftovers|Drizzle|Protect,WeatherBall,PerishSong,Encore|||F|||50|,,,,,Grass]Gothitelle||SitrusBerry|ShadowTag|Protect,Psychic,FakeOut,TrickRoom|||M|||50|,,,,,Dark]Incineroar||SafetyGoggles|Intimidate|Protect,KnockOff,FakeOut,PartingShot|||F|||50|,,,,,Ghost]Amoonguss||EjectButton|Regenerator|Protect,RagePowder,PollenPuff,Spore|||F|||50|,,,,,Fairy]Kingdra||LifeOrb|SwiftSwim|Protect,WeatherBall,DracoMeteor,MuddyWater|||F|||50|,,,,,Stellar]Archaludon||PowerHerb|Sturdy|Protect,ElectroShot,DragonPulse,FlashCannon|||M|||50|,,,,,Electric
|showteam|p2|Whimsicott||CovertCloak|Prankster|Tailwind,BeatUp,Moonblast,Taunt|||M|||50|,,,,,Steel]Annihilape||Leftovers|Defiant|RageFist,DrainPunch,Protect,BulkUp|||F|||50|,,,,,Fire]Pelipper||FocusSash|Drizzle|Tailwind,Hurricane,WeatherBall,Protect|||F|||50|,,,,,Stellar]Archaludon||AssaultVest|Stamina|ElectroShot,BodyPress,DracoMeteor,FlashCannon|||M|||50|,,,,,Bug]Sneasler||PsychicSeed|Unburden|Acrobatics,CloseCombat,DireClaw,ThroatChop|||M|||50|,,,,,Dark]Indeedee||ChoiceSpecs|PsychicSurge|ExpandingForce,Imprison,TrickRoom,Trick|||M|||50|,,,,,Psychic
|inactive|Battle timer is ON: inactive players will automatically lose when time's up. (requested by ChuckConde)
|
|t:|1757174442
|teamsize|p1|4
|teamsize|p2|4
|start
|switch|p1a: Gothitelle|Gothitelle, L50, M|100/100
|switch|p1b: Archaludon|Archaludon, L50, M|100/100
|switch|p2a: Whimsicott|Whimsicott, L50, M, shiny|100/100
|switch|p2b: Annihilape|Annihilape, L50, F|100/100
|turn|1
|inactive|ChuckConde has 30 seconds left.
|inactive|ChuckConde has 20 seconds left.
|inactive|ChuckConde has 15 seconds left.
|inactive|reydegonnet has 30 seconds left.
|inactive|reydegonnet has 20 seconds left.
|inactive|reydegonnet has 15 seconds left.
|inactive|reydegonnet has 10 seconds left.
|
|t:|1757174502
|move|p2a: Whimsicott|Tailwind|p2a: Whimsicott
|-sidestart|p2: reydegonnet|move: Tailwind
|move|p2b: Annihilape|Bulk Up|p2b: Annihilape
|-boost|p2b: Annihilape|atk|1
|-boost|p2b: Annihilape|def|1
|move|p1b: Archaludon|Flash Cannon|p2a: Whimsicott
|-supereffective|p2a: Whimsicott
|-damage|p2a: Whimsicott|13/100
|move|p1a: Gothitelle|Psychic|p2b: Annihilape
|-supereffective|p2b: Annihilape
|-damage|p2b: Annihilape|40/100
|
|-heal|p2b: Annihilape|47/100|[from] item: Leftovers
|upkeep
|turn|2
|inactive|ChuckConde has 30 seconds left.
|
|t:|1757174529
|move|p1b: Archaludon|Protect|p1b: Archaludon
|-singleturn|p1b: Archaludon|Protect
|move|p2a: Whimsicott|Taunt|p1a: Gothitelle
|-start|p1a: Gothitelle|move: Taunt
|move|p2b: Annihilape|Drain Punch|p1b: Archaludon
|-activate|p1b: Archaludon|move: Protect
|cant|p1a: Gothitelle|move: Taunt|Trick Room
|
|-heal|p2b: Annihilape|53/100|[from] item: Leftovers
|upkeep
|turn|3
|inactive|ChuckConde has 30 seconds left.
|inactive|reydegonnet has 30 seconds left.
|inactive|reydegonnet has 20 seconds left.
|inactive|reydegonnet has 15 seconds left.
|inactive|reydegonnet has 10 seconds left.
|inactive|reydegonnet has 5 seconds left.
|
|t:|1757174581
|switch|p1a: Politoed|Politoed, L50, F|100/100
|-weather|RainDance|[from] ability: Drizzle|[of] p1a: Politoed
|-terastallize|p2b: Annihilape|Fire
|-terastallize|p1b: Archaludon|Electric
|move|p2a: Whimsicott|Beat Up|p2b: Annihilape
|-damage|p2b: Annihilape|51/100
|-damage|p2b: Annihilape|49/100
|-damage|p2b: Annihilape|48/100
|-damage|p2b: Annihilape|46/100
|-hitcount|p2b: Annihilape|4
|move|p2b: Annihilape|Rage Fist|p1a: Politoed
|-damage|p1a: Politoed|0 fnt
|faint|p1a: Politoed
|move|p1b: Archaludon|Electro Shot||[still]
|-prepare|p1b: Archaludon|Electro Shot
|-boost|p1b: Archaludon|spa|1
|-anim|p1b: Archaludon|Electro Shot|p2b: Annihilape
|-damage|p2b: Annihilape|0 fnt
|faint|p2b: Annihilape
|
|-weather|RainDance|[upkeep]
|upkeep
|inactive|ChuckConde has 30 seconds left.
|
|t:|1757174611
|switch|p2b: Archaludon|Archaludon, L50, M|100/100
|switch|p1a: Gothitelle|Gothitelle, L50, M|100/100
|turn|4
|j| renkinex
|j| FacuConPerish
|inactive|reydegonnet has 30 seconds left.
|
|t:|1757174645
|move|p1a: Gothitelle|Fake Out|p2b: Archaludon
|-resisted|p2b: Archaludon
|-damage|p2b: Archaludon|98/100
|-ability|p2b: Archaludon|Stamina|boost
|-boost|p2b: Archaludon|def|1
|move|p2a: Whimsicott|Beat Up|p2b: Archaludon
|-damage|p2b: Archaludon|97/100
|-ability|p2b: Archaludon|Stamina|boost
|-boost|p2b: Archaludon|def|1
|-damage|p2b: Archaludon|96/100
|-ability|p2b: Archaludon|Stamina|boost
|-boost|p2b: Archaludon|def|1
|-damage|p2b: Archaludon|96/100
|-ability|p2b: Archaludon|Stamina|boost
|-boost|p2b: Archaludon|def|1
|-hitcount|p2b: Archaludon|3
|cant|p2b: Archaludon|flinch
|move|p1b: Archaludon|Flash Cannon|p2a: Whimsicott
|-supereffective|p2a: Whimsicott
|-damage|p2a: Whimsicott|0 fnt
|faint|p2a: Whimsicott
|
|-weather|RainDance|[upkeep]
|-sideend|p2: reydegonnet|move: Tailwind
|upkeep
|j| matyel2030
|
|t:|1757174650
|switch|p2a: Pelipper|Pelipper, L50, F|100/100
|turn|5
|j| Zeepel
|inactive|ChuckConde has 30 seconds left.
|inactive|reydegonnet has 30 seconds left.
|inactive|reydegonnet has 20 seconds left.
|inactive|reydegonnet has 15 seconds left.
|inactive|reydegonnet has 10 seconds left.
|inactive|reydegonnet has 5 seconds left.
|
|t:|1757174701
|switch|p1b: Incineroar|Incineroar, L50, F|100/100
|-ability|p1b: Incineroar|Intimidate|boost
|-unboost|p2a: Pelipper|atk|1
|-unboost|p2b: Archaludon|atk|1
|move|p2a: Pelipper|Tailwind|p2a: Pelipper
|-sidestart|p2: reydegonnet|move: Tailwind
|move|p2b: Archaludon|Electro Shot||[still]
|-prepare|p2b: Archaludon|Electro Shot
|-boost|p2b: Archaludon|spa|1
|-anim|p2b: Archaludon|Electro Shot|p1a: Gothitelle
|-damage|p1a: Gothitelle|62/100
|move|p1a: Gothitelle|Psychic|p2a: Pelipper
|-damage|p2a: Pelipper|45/100
|
|-weather|RainDance|[upkeep]
|upkeep
|turn|6
|inactive|reydegonnet has 30 seconds left.
|inactive|reydegonnet has 20 seconds left.
|
|t:|1757174741
|move|p1b: Incineroar|Fake Out|p2b: Archaludon
|-resisted|p2b: Archaludon
|-damage|p2b: Archaludon|95/100
|-ability|p2b: Archaludon|Stamina|boost
|-boost|p2b: Archaludon|def|1
|move|p2a: Pelipper|Hurricane|p1a: Gothitelle
|-damage|p1a: Gothitelle|21/100
|-start|p1a: Gothitelle|confusion
|-enditem|p1a: Gothitelle|Sitrus Berry|[eat]
|-heal|p1a: Gothitelle|46/100|[from] item: Sitrus Berry
|cant|p2b: Archaludon|flinch
|-activate|p1a: Gothitelle|confusion
|-damage|p1a: Gothitelle|39/100|[from] confusion
|
|-weather|RainDance|[upkeep]
|upkeep
|turn|7
|inactive|ChuckConde has 30 seconds left.
|
|t:|1757174769
|-activate|p1a: Gothitelle|confusion
|move|p1a: Gothitelle|Protect|p1a: Gothitelle
|-singleturn|p1a: Gothitelle|Protect
|move|p2a: Pelipper|Hurricane|p1a: Gothitelle
|-activate|p1a: Gothitelle|move: Protect
|move|p2b: Archaludon|Body Press|p1b: Incineroar
|-supereffective|p1b: Incineroar
|-damage|p1b: Incineroar|0 fnt
|faint|p1b: Incineroar
|
|-weather|none
|upkeep
|
|t:|1757174779
|switch|p1b: Archaludon|Archaludon, L50, M, tera:Electric|100/100
|turn|8
|inactive|reydegonnet has 30 seconds left.
|
|t:|1757174811
|move|p1b: Archaludon|Protect|p1b: Archaludon
|-singleturn|p1b: Archaludon|Protect
|move|p2a: Pelipper|Weather Ball|p1a: Gothitelle
|-damage|p1a: Gothitelle|27/100
|move|p2b: Archaludon|Draco Meteor|p1a: Gothitelle
|-damage|p1a: Gothitelle|0 fnt
|-unboost|p2b: Archaludon|spa|2
|faint|p1a: Gothitelle
|
|-sideend|p2: reydegonnet|move: Tailwind
|upkeep
|turn|9
|
|t:|1757174835
|move|p1b: Archaludon|Electro Shot||[still]
|-prepare|p1b: Archaludon|Electro Shot
|-boost|p1b: Archaludon|spa|1
|-enditem|p1b: Archaludon|Power Herb
|-anim|p1b: Archaludon|Electro Shot|p2a: Pelipper
|-supereffective|p2a: Pelipper
|-damage|p2a: Pelipper|0 fnt
|faint|p2a: Pelipper
|move|p2b: Archaludon|Body Press|p1b: Archaludon
|-damage|p1b: Archaludon|29/100
|
|upkeep
|turn|10
|
|t:|1757174851
|move|p1b: Archaludon|Dragon Pulse|p2b: Archaludon
|-damage|p2b: Archaludon|48/100
|-ability|p2b: Archaludon|Stamina|boost
|-boost|p2b: Archaludon|def|1
|move|p2b: Archaludon|Body Press|p1b: Archaludon
|-damage|p1b: Archaludon|0 fnt
|faint|p1b: Archaludon
|
|win|reydegonnet
||ChuckConde is ready for game 2.
||reydegonnet is ready for game 2.
|uhtml|next|Next: Game 2 of 3
|l| renkinex
|j| twinkdistroyer
|l| twinkdistroyer
|l| Zeepel
|l|☆reydegonnet
|player|p2|
|l| matyel2030
|j|☆reydegonnet
|player|p2|reydegonnet|1|
|l|☆ChuckConde
|player|p1|
|j|☆ChuckConde
|player|p1|ChuckConde|brycenman|
|l|☆ChuckConde
|player|p1|
