|j|☆sheeshshane925
|j|☆bankaimike
|html|sheeshshane925bankaimike    
|uhtml|bestof|Game 3 of a best-of-3
|t:|1755825648
|gametype|doubles
|player|p1|sheeshshane925|bruno|1154
|player|p2|bankaimike|101|1183
|gen|9
|tier|[Gen 9] VGC 2025 Reg H (Bo3)
|rated|
|rule|Species Clause: Limit one of each Pokémon
|rule|Item Clause: Limit 1 of each item
|clearpoke
|poke|p1|Archaludon, L50, F|
|poke|p1|Ursaluna-Bloodmoon, L50, M|
|poke|p1|Volcarona, L50, M|
|poke|p1|Grimmsnarl, L50, M|
|poke|p1|Salamence, L50, M|
|poke|p1|Basculegion, L50, M|
|poke|p2|Dondozo, L50, M|
|poke|p2|Tatsugiri-Droopy, L50, M|
|poke|p2|Dragonite, L50, F|
|poke|p2|Gholdengo, L50|
|poke|p2|Pawmot, L50, F|
|poke|p2|Talonflame, L50, M|
|teampreview|4
|showteam|p1|Archaludon||AssaultVest|Stamina|Snarl,BodyPress,FlashCannon,DracoMeteor|||F|||50|,,,,,Water]Ursaluna-Bloodmoon||LifeOrb|MindsEye|BloodMoon,HyperVoice,EarthPower,Protect|||M|||50|,,,,,Normal]Volcarona||SafetyGoggles|FlameBody|WillOWisp,RagePowder,HeatWave,Protect|||M|||50|,,,,,Dragon]Grimmsnarl||LightClay|Prankster|Reflect,ThunderWave,LightScreen,SpiritBreak|||M|||50|,,,,,Ghost]Salamence||LumBerry|Intimidate|DualWingbeat,RockSlide,Protect,Tailwind|||M|||50|,,,,,Steel]Basculegion||ChoiceScarf|Adaptability|WaveCrash,LastRespects,FlipTurn,AquaJet|||M|||50|,,,,,Grass
|showteam|p2|Dondozo||CovertCloak|Unaware|WaveCrash,OrderUp,BodyPress,TeraBlast|||M|||50|,,,,,Poison]Tatsugiri-Droopy||ChoiceScarf|Commander|DragonPulse,DracoMeteor,IcyWind,MuddyWater|||M|||50|,,,,,Water]Dragonite||ChoiceBand|InnerFocus|Outrage,ExtremeSpeed,StompingTantrum,BrickBreak|||F|||50|,,,,,Normal]Gholdengo||ChoiceSpecs|GoodasGold|MakeItRain,ShadowBall,Thunderbolt,Trick||||||50|,,,,,Steel]Pawmot||FocusSash|NaturalCure|DoubleShock,CloseCombat,FakeOut,RevivalBlessing|||F|||50|,,,,,Electric]Talonflame||ClearAmulet|GaleWings|BraveBird,FlareBlitz,Tailwind,WillOWisp|||M|||50|,,,,,Ghost
|inactive|Battle timer is ON: inactive players will automatically lose when time's up. (requested by sheeshshane925)
|
|t:|1755825667
|teamsize|p1|4
|teamsize|p2|4
|start
|switch|p1a: Salamence|Salamence, L50, M, shiny|100/100
|switch|p1b: Grimmsnarl|Grimmsnarl, L50, M, shiny|100/100
|switch|p2a: Dondozo|Dondozo, L50, M|100/100
|switch|p2b: Dragonite|Dragonite, L50, F|100/100
|-ability|p1a: Salamence|Intimidate|boost
|-unboost|p2a: Dondozo|atk|1
|-fail|p2b: Dragonite|unboost|Attack|[from] ability: Inner Focus|[of] p2b: Dragonite
|turn|1
|
|t:|1755825690
|switch|p2b: Tatsugiri|Tatsugiri-Droopy, L50, M|100/100
|-activate|p2b: Tatsugiri|ability: Commander|[of] p2a: Dondozo
|-boost|p2a: Dondozo|atk|2
|-boost|p2a: Dondozo|spa|2
|-boost|p2a: Dondozo|spe|2
|-boost|p2a: Dondozo|def|2
|-boost|p2a: Dondozo|spd|2
|move|p1b: Grimmsnarl|Thunder Wave|p2b: Tatsugiri|[miss]
|-miss|p1b: Grimmsnarl|p2b: Tatsugiri
|move|p2a: Dondozo|Order Up|p1a: Salamence
|-supereffective|p1a: Salamence
|-damage|p1a: Salamence|16/100
|-boost|p2a: Dondozo|def|1
|move|p1a: Salamence|Tailwind|p1a: Salamence
|-sidestart|p1: sheeshshane925|move: Tailwind
|
|upkeep
|turn|2
|
|t:|1755825709
|switch|p1a: Archaludon|Archaludon, L50, F, shiny|100/100
|-terastallize|p2a: Dondozo|Poison
|move|p1b: Grimmsnarl|Reflect|p1b: Grimmsnarl
|-sidestart|p1: sheeshshane925|Reflect
|move|p2a: Dondozo|Tera Blast|p1b: Grimmsnarl|[anim] Tera Blast Poison
|-supereffective|p1b: Grimmsnarl
|-damage|p1b: Grimmsnarl|35/100
|
|upkeep
|turn|3
|inactive|bankaimike has 30 seconds left.
|
|t:|1755825736
|move|p1b: Grimmsnarl|Thunder Wave|p2a: Dondozo
|-status|p2a: Dondozo|par
|move|p1a: Archaludon|Flash Cannon|p2a: Dondozo
|-damage|p2a: Dondozo|80/100 par
|move|p2a: Dondozo|Tera Blast|p1b: Grimmsnarl|[anim] Tera Blast Poison
|-supereffective|p1b: Grimmsnarl
|-damage|p1b: Grimmsnarl|0 fnt
|faint|p1b: Grimmsnarl
|
|upkeep
|
|t:|1755825748
|switch|p1b: Ursaluna|Ursaluna-Bloodmoon, L50, M|100/100
|turn|4
|
|t:|1755825761
|move|p1a: Archaludon|Flash Cannon|p2a: Dondozo
|-damage|p2a: Dondozo|59/100 par
|move|p1b: Ursaluna|Earth Power|p2a: Dondozo
|-supereffective|p2a: Dondozo
|-damage|p2a: Dondozo|0 fnt
|faint|p2a: Dondozo
|-damage|p1b: Ursaluna|91/100|[from] item: Life Orb
|
|-sideend|p1: sheeshshane925|move: Tailwind
|upkeep
|
|t:|1755825774
|switch|p2a: Pawmot|Pawmot, L50, F|100/100
|turn|5
|inactive|bankaimike has 30 seconds left.
|inactive|bankaimike has 20 seconds left.
|inactive|bankaimike has 15 seconds left.
|inactive|bankaimike has 10 seconds left.
|
|t:|1755825826
|switch|p1b: Salamence|Salamence, L50, M, shiny|16/100
|-ability|p1b: Salamence|Intimidate|boost
|-unboost|p2a: Pawmot|atk|1
|-unboost|p2b: Tatsugiri|atk|1
|move|p2b: Tatsugiri|Muddy Water|p1b: Salamence|[spread] p1a,p1b
|-resisted|p1a: Archaludon
|-resisted|p1b: Salamence
|-damage|p1a: Archaludon|88/100
|-damage|p1b: Salamence|0 fnt
|-unboost|p1a: Archaludon|accuracy|1
|-ability|p1a: Archaludon|Stamina|boost
|-boost|p1a: Archaludon|def|1
|faint|p1b: Salamence
|move|p2a: Pawmot|Close Combat|p1a: Archaludon
|-supereffective|p1a: Archaludon
|-damage|p1a: Archaludon|63/100
|-unboost|p2a: Pawmot|def|1
|-unboost|p2a: Pawmot|spd|1
|-ability|p1a: Archaludon|Stamina|boost
|-boost|p1a: Archaludon|def|1
|move|p1a: Archaludon|Draco Meteor|p2b: Tatsugiri
|-supereffective|p2b: Tatsugiri
|-damage|p2b: Tatsugiri|0 fnt
|-unboost|p1a: Archaludon|spa|2
|faint|p2b: Tatsugiri
|
|upkeep
|
|t:|1755825846
|switch|p1b: Ursaluna|Ursaluna-Bloodmoon, L50, M|91/100
|switch|p2b: Dragonite|Dragonite, L50, F|100/100
|turn|6
|
|t:|1755825861
|-terastallize|p1b: Ursaluna|Normal
|move|p2a: Pawmot|Revival Blessing|p2a: Pawmot
|
|t:|1755825866
|-heal|p2: Tatsugiri|50/100|[from] move: Revival Blessing
|move|p1a: Archaludon|Body Press|p2a: Pawmot
|-enditem|p2a: Pawmot|Focus Sash
|-damage|p2a: Pawmot|1/100
|move|p2b: Dragonite|Brick Break|p1b: Ursaluna
|-sideend|p1: sheeshshane925|Reflect
|-supereffective|p1b: Ursaluna
|-damage|p1b: Ursaluna|25/100
|move|p1b: Ursaluna|Blood Moon|p2b: Dragonite
|-damage|p2b: Dragonite|0 fnt
|faint|p2b: Dragonite
|-damage|p1b: Ursaluna|16/100|[from] item: Life Orb
|
|upkeep
|
|t:|1755825879
|switch|p2b: Tatsugiri|Tatsugiri-Droopy, L50, M|50/100
|turn|7
|inactive|bankaimike has 30 seconds left.
|
|t:|1755825908
|move|p1b: Ursaluna|Protect|p1b: Ursaluna
|-singleturn|p1b: Ursaluna|Protect
|move|p2b: Tatsugiri|Muddy Water|p1a: Archaludon|[spread] p1a
|-activate|p1b: Ursaluna|move: Protect
|-resisted|p1a: Archaludon
|-damage|p1a: Archaludon|51/100
|-ability|p1a: Archaludon|Stamina|boost
|-boost|p1a: Archaludon|def|1
|move|p2a: Pawmot|Close Combat|p1a: Archaludon
|-supereffective|p1a: Archaludon
|-damage|p1a: Archaludon|28/100
|-unboost|p2a: Pawmot|def|1
|-unboost|p2a: Pawmot|spd|1
|-ability|p1a: Archaludon|Stamina|boost
|-boost|p1a: Archaludon|def|1
|move|p1a: Archaludon|Snarl|p2a: Pawmot|[spread] p2a,p2b
|-resisted|p2a: Pawmot
|-crit|p2b: Tatsugiri
|-damage|p2a: Pawmot|0 fnt
|-damage|p2b: Tatsugiri|23/100
|-unboost|p2b: Tatsugiri|spa|1
|faint|p2a: Pawmot
|
|upkeep
|turn|8
|
|t:|1755825933
|move|p2b: Tatsugiri|Muddy Water|p1a: Archaludon|[spread] p1a
|-miss|p2b: Tatsugiri|p1b: Ursaluna
|-resisted|p1a: Archaludon
|-damage|p1a: Archaludon|21/100
|-unboost|p1a: Archaludon|accuracy|1
|-ability|p1a: Archaludon|Stamina|boost
|-boost|p1a: Archaludon|def|1
|move|p1a: Archaludon|Body Press|p2b: Tatsugiri|[miss]
|-miss|p1a: Archaludon|p2b: Tatsugiri
|move|p1b: Ursaluna|Blood Moon|p2b: Tatsugiri
|-damage|p2b: Tatsugiri|0 fnt
|faint|p2b: Tatsugiri
|-damage|p1b: Ursaluna|6/100|[from] item: Life Orb
|
|win|sheeshshane925
|raw|sheeshshane925's rating: 1154 → 1181(+27 for winning)
|raw|bankaimike's rating: 1183 → 1156(-27 for losing)
