|j|â˜†IngeVGC
|j|â˜†AlmaMarcelaRicoVGC
|html|IngeVGCAlmaMarcelaRicoVGC    
|uhtml|bestof|Game 1 of a best-of-3
|t:|1785793351
|gametype|doubles
|player|p1|IngeVGC|fisherman-gen4|1480
|player|p2|AlmaMarcelaRicoVGC|170|1411
|gen|9
|tier|[Gen 9 Champions] VGC 2026 Reg M-B (Bo3)
|rated|
|rule|Species Clause: Limit one of each PokÃ©mon
|rule|Item Clause: Limit 1 of each item
|clearpoke
|poke|p1|Aerodactyl, L50, F|
|poke|p1|Kingambit, L50, M, shiny|
|poke|p1|Farigiraf, L50, M, shiny|
|poke|p1|Charizard, L50, F, shiny|
|poke|p1|Sylveon, L50, M, shiny|
|poke|p1|Garchomp, L50, F|
|poke|p2|Staraptor, L50, M|
|poke|p2|Raichu, L50, F|
|poke|p2|Farigiraf, L50, F|
|poke|p2|Sylveon, L50, M|
|poke|p2|Kingambit, L50, M, shiny|
|poke|p2|Arcanine-Hisui, L50, F|
|teampreview|4
|showteam|p1|Aerodactyl||Aerodactylite|Unnerve|IceFang,DualWingbeat,RockSlide,Tailwind|Jolly||F|||50|]Kingambit||FocusSash|Defiant|KowtowCleave,IronHead,SuckerPunch,LowKick|Adamant||M|||50|]Farigiraf||SitrusBerry|ArmorTail|TrickRoom,Psychic,Thunderbolt,Roar|Bold||M|||50|]Charizard||CharizarditeY|SolarPower|HeatWave,WeatherBall,SolarBeam,Protect|Modest||F|||50|]Sylveon||FairyFeather|Pixilate|Detect,HyperVoice,HyperBeam,QuickAttack|Modest||M|||50|]Garchomp||LifeOrb|RoughSkin|Protect,DragonClaw,Earthquake,StompingTantrum|Jolly||F|||50|
|showteam|p2|Staraptor||Staraptite|Intimidate|CloseCombat,DualWingbeat,Protect,Tailwind|Jolly||M|||50|]Raichu||RaichuniteY|LightningRod|ZapCannon,FocusBlast,FakeOut,Charm|Timid||F|||50|]Farigiraf||SitrusBerry|ArmorTail|Psychic,TrickRoom,HelpingHand,Protect|Calm||F|||50|]Sylveon||FairyFeather|Pixilate|HyperVoice,HyperBeam,QuickAttack,Detect|Modest||M|||50|]Kingambit||LifeOrb|Defiant|KowtowCleave,SuckerPunch,SwordsDance,Protect|Adamant||M|||50|]Arcanine-Hisui||FocusSash|RockHead|HeadSmash,FlareBlitz,Protect,ExtremeSpeed|Jolly||F|||50|
|
|t:|1785793381
|teamsize|p1|4
|teamsize|p2|4
|start
|switch|p1a: Aerodactyl|Aerodactyl, L50, F|100/100
|switch|p1b: Sylveon|Sylveon, L50, M, shiny|100/100
|switch|p2a: Staraptor|Staraptor, L50, M|100/100
|switch|p2b: Raichu|Raichu, L50, F|100/100
|-ability|p1a: Aerodactyl|Unnerve
|-ability|p2a: Staraptor|Intimidate|boost
|-unboost|p1a: Aerodactyl|atk|1
|-unboost|p1b: Sylveon|atk|1
|turn|1
|
|t:|1785793400
|switch|p1a: Farigiraf|Farigiraf, L50, M, shiny|100/100
|detailschange|p2b: Raichu|Raichu-Mega-Y, L50, F
|-mega|p2b: Raichu|Raichu|Raichunite Y
|move|p2b: Raichu|Zap Cannon|p1a: Farigiraf
|-damage|p1a: Farigiraf|38/100
|-status|p1a: Farigiraf|par
|-enditem|p1a: Farigiraf|Sitrus Berry|[eat]
|-heal|p1a: Farigiraf|63/100 par|[from] item: Sitrus Berry
|move|p2a: Staraptor|Tailwind|p2a: Staraptor
|-sidestart|p2: AlmaMarcelaRicoVGC|move: Tailwind
|move|p1b: Sylveon|Hyper Voice|p2b: Raichu|[spread] p2a,p2b
|-damage|p2a: Staraptor|38/100
|-damage|p2b: Raichu|34/100
|
|upkeep
|turn|2
|
|t:|1785793435
|switch|p1a: Garchomp|Garchomp, L50, F|100/100
|move|p2b: Raichu|Zap Cannon|p1a: Garchomp
|-immune|p1a: Garchomp
|move|p2a: Staraptor|Dual Wingbeat|p1a: Garchomp
|-damage|p1a: Garchomp|83/100
|-damage|p2a: Staraptor|25/100|[from] ability: Rough Skin|[of] p1a: Garchomp
|-damage|p1a: Garchomp|67/100
|-damage|p2a: Staraptor|13/100|[from] ability: Rough Skin|[of] p1a: Garchomp
|-hitcount|p1a: Garchomp|2
|move|p1b: Sylveon|Hyper Voice|p2b: Raichu|[spread] p2a,p2b
|-damage|p2a: Staraptor|0 fnt
|-damage|p2b: Raichu|0 fnt
|faint|p2a: Staraptor
|faint|p2b: Raichu
|
|upkeep
|
|t:|1785793438
|switch|p2b: Sylveon|Sylveon, L50, M|100/100
|switch|p2a: Arcanine|Arcanine-Hisui, L50, F|100/100
|turn|3
|
|t:|1785793453
|switch|p1b: Farigiraf|Farigiraf, L50, M, shiny|63/100 par
|move|p1a: Garchomp|Protect|p1a: Garchomp
|-singleturn|p1a: Garchomp|Protect
|move|p2a: Arcanine|Head Smash|p1b: Farigiraf|[miss]
|-miss|p2a: Arcanine|p1b: Farigiraf
|move|p2b: Sylveon|Hyper Voice|p1a: Garchomp|[spread] p1b
|-activate|p1a: Garchomp|move: Protect
|-damage|p1b: Farigiraf|22/100 par
|
|upkeep
|turn|4
|
|t:|1785793467
|switch|p1a: Sylveon|Sylveon, L50, M, shiny|100/100
|move|p2a: Arcanine|Head Smash|p1a: Sylveon
|-damage|p1a: Sylveon|15/100
|move|p2b: Sylveon|Hyper Voice|p1a: Sylveon|[spread] p1a,p1b
|-damage|p1a: Sylveon|0 fnt
|-damage|p1b: Farigiraf|0 fnt
|faint|p1a: Sylveon
|faint|p1b: Farigiraf
|
|-sideend|p2: AlmaMarcelaRicoVGC|move: Tailwind
|upkeep
|
|t:|1785793473
|switch|p1a: Aerodactyl|Aerodactyl, L50, F|100/100
|switch|p1b: Garchomp|Garchomp, L50, F|67/100
|-ability|p1a: Aerodactyl|Unnerve
|turn|5
|
|t:|1785793484
|detailschange|p1a: Aerodactyl|Aerodactyl-Mega, L50, F
|-mega|p1a: Aerodactyl|Aerodactyl|Aerodactylite
|move|p1a: Aerodactyl|Rock Slide|p2b: Sylveon|[spread] p2a
|-miss|p1a: Aerodactyl|p2b: Sylveon
|-supereffective|p2a: Arcanine|1
|-damage|p2a: Arcanine|30/100
|move|p1b: Garchomp|Earthquake|p2a: Arcanine|[spread] p2a,p2b
|-immune|p1a: Aerodactyl
|-supereffective|p2a: Arcanine|2
|-damage|p2a: Arcanine|0 fnt
|-damage|p2b: Sylveon|44/100
|faint|p2a: Arcanine
|-damage|p1b: Garchomp|57/100|[from] item: Life Orb
|move|p2b: Sylveon|Hyper Voice|p1a: Aerodactyl|[spread] p1a,p1b
|-supereffective|p1b: Garchomp|1
|-damage|p1a: Aerodactyl|55/100
|-damage|p1b: Garchomp|0 fnt
|faint|p1b: Garchomp
|
|upkeep
|turn|6
|
|t:|1785793501
|move|p1a: Aerodactyl|Dual Wingbeat|p2b: Sylveon
|-damage|p2b: Sylveon|17/100
|-crit|p2b: Sylveon
|-damage|p2b: Sylveon|0 fnt
|faint|p2b: Sylveon
|-hitcount|p2: Sylveon|2
|
|win|IngeVGC
||AlmaMarcelaRicoVGC is ready for game 2.
||IngeVGC is ready for game 2.
|uhtml|next|Next: Game 2 of 3
