|j|☆pechugadepollico
|j|☆cillianvgc
|html|pechugadepollicocillianvgc    
|uhtml|bestof|Game 2 of a best-of-3
|t:|1785335403
|gametype|doubles
|player|p1|pechugadepollico|102|1222
|player|p2|cillianvgc|nate|1282
|gen|9
|tier|[Gen 9 Champions] VGC 2026 Reg M-B (Bo3)
|rated|
|rule|Species Clause: Limit one of each Pokémon
|rule|Item Clause: Limit 1 of each item
|clearpoke
|poke|p1|Milotic, L50, M, shiny|
|poke|p1|Ceruledge, L50, F|
|poke|p1|Raichu, L50, F|
|poke|p1|Incineroar, L50, M|
|poke|p1|Sneasler, L50, M|
|poke|p1|Ninetales-Alola, L50, M, shiny|
|poke|p2|Chandelure, L50, F|
|poke|p2|Incineroar, L50, M|
|poke|p2|Sinistcha, L50|
|poke|p2|Torkoal, L50, M|
|poke|p2|Kommo-o, L50, M|
|poke|p2|Venusaur, L50, M|
|teampreview|4
|showteam|p1|Milotic||Leftovers|Competitive|Recover,Coil,Hypnosis,HydroPump|Calm||M|||50|]Ceruledge||ColburBerry|FlashFire|Protect,BulkUp,BitterBlade,ShadowSneak|Adamant||F|||50|]Raichu||RaichuniteY|LightningRod|Protect,FakeOut,ZapCannon,FocusBlast|Timid||F|||50|]Incineroar||SitrusBerry|Intimidate|FakeOut,PartingShot,DarkestLariat,FlareBlitz|Bold||M|||50|]Sneasler||FocusSash|PoisonTouch|Protect,FakeOut,DireClaw,CloseCombat|Jolly||M|||50|]Ninetales-Alola||LifeOrb|SnowWarning|Protect,Encore,FreezeDry,Blizzard|Timid||M|||50|
|showteam|p2|Chandelure||Chandelurite|FlashFire|HeatWave,ShadowBall,Protect,TrickRoom|Modest||F|||50|]Incineroar||SitrusBerry|Intimidate|FlareBlitz,FakeOut,PartingShot,WillOWisp|Relaxed||M|||50|]Sinistcha||BrightPowder|Hospitality|MatchaGotcha,RagePowder,LifeDew,TrickRoom|Sassy|||||50|]Torkoal||Charcoal|Drought|Eruption,HeatWave,SolarBeam,Protect|Quiet||M|||50|]Kommo-o||DragonFang|Soundproof|ClangorousSoul,AuraSphere,Protect,ClangingScales|Rash||M|||50|]Venusaur||Venusaurite|Chlorophyll|GigaDrain,SludgeBomb,EarthPower,Protect|Modest||M|||50|
|
|t:|1785335443
|teamsize|p1|4
|teamsize|p2|4
|start
|switch|p1a: Ceruledge|Ceruledge, L50, F|100/100
|switch|p1b: Ninetales|Ninetales-Alola, L50, M, shiny|100/100
|switch|p2a: KommUh-oh|Kommo-o, L50, M|100/100
|switch|p2b: Venusaur|Venusaur, L50, M|100/100
|-weather|Snowscape|[from] ability: Snow Warning|[of] p1b: Ninetales
|turn|1
|
|t:|1785335466
|switch|p2a: Incineroar|Incineroar, L50, M|100/100
|-ability|p2a: Incineroar|Intimidate|boost
|-unboost|p1a: Ceruledge|atk|1
|-unboost|p1b: Ninetales|atk|1
|detailschange|p2b: Venusaur|Venusaur-Mega, L50, M
|-mega|p2b: Venusaur|Venusaur|Venusaurite
|move|p1b: Ninetales|Blizzard|p2a: Incineroar|[spread] p2a,p2b
|-resisted|p2a: Incineroar|1
|-supereffective|p2b: Venusaur|1
|-damage|p2a: Incineroar|82/100
|-damage|p2b: Venusaur|68/100
|-damage|p1b: Ninetales|90/100|[from] item: Life Orb
|move|p1a: Ceruledge|Bulk Up|p1a: Ceruledge
|-boost|p1a: Ceruledge|atk|1
|-boost|p1a: Ceruledge|def|1
|move|p2b: Venusaur|Sludge Bomb|p1b: Ninetales
|-supereffective|p1b: Ninetales|1
|-damage|p1b: Ninetales|0 fnt
|faint|p1b: Ninetales
|
|-weather|Snowscape|[upkeep]
|upkeep
|
|t:|1785335477
|switch|p1b: Incineroar|Incineroar, L50, M|100/100
|-ability|p1b: Incineroar|Intimidate|boost
|-unboost|p2a: Incineroar|atk|1
|-unboost|p2b: Venusaur|atk|1
|turn|2
|
|t:|1785335494
|switch|p2b: KommUh-oh|Kommo-o, L50, M|100/100
|move|p1b: Incineroar|Fake Out|p2b: KommUh-oh
|-damage|p2b: KommUh-oh|90/100
|move|p1a: Ceruledge|Bulk Up|p1a: Ceruledge
|-boost|p1a: Ceruledge|atk|1
|-boost|p1a: Ceruledge|def|1
|move|p2a: Incineroar|Parting Shot|p1a: Ceruledge
|-unboost|p1a: Ceruledge|atk|1
|-unboost|p1a: Ceruledge|spa|1
|
|t:|1785335506
|switch|p2a: Venusaur|Venusaur-Mega, L50, M|68/100|[from] Parting Shot
|
|-weather|Snowscape|[upkeep]
|upkeep
|turn|3
|
|t:|1785335516
|switch|p2a: Incineroar|Incineroar, L50, M|82/100
|-ability|p2a: Incineroar|Intimidate|boost
|-unboost|p1a: Ceruledge|atk|1
|-unboost|p1b: Incineroar|atk|1
|move|p2b: KommUh-oh|Clangorous Soul|p2b: KommUh-oh
|-boost|p2b: KommUh-oh|atk|1
|-boost|p2b: KommUh-oh|def|1
|-boost|p2b: KommUh-oh|spa|1
|-boost|p2b: KommUh-oh|spd|1
|-boost|p2b: KommUh-oh|spe|1
|-damage|p2b: KommUh-oh|57/100
|move|p1a: Ceruledge|Bulk Up|p1a: Ceruledge
|-boost|p1a: Ceruledge|atk|1
|-boost|p1a: Ceruledge|def|1
|move|p1b: Incineroar|Parting Shot|p2a: Incineroar
|-unboost|p2a: Incineroar|atk|1
|-unboost|p2a: Incineroar|spa|1
|
|t:|1785335521
|switch|p1b: Milotic|Milotic, L50, M, shiny|100/100|[from] Parting Shot
|
|-weather|Snowscape|[upkeep]
|upkeep
|turn|4
|
|t:|1785335541
|switch|p2a: Sinistcha|Sinistcha, L50|100/100
|-heal|p2b: KommUh-oh|82/100|[from] ability: Hospitality|[of] p2a: Sinistcha
|move|p1a: Ceruledge|Protect|p1a: Ceruledge
|-singleturn|p1a: Ceruledge|Protect
|move|p2b: KommUh-oh|Clanging Scales|p1b: Milotic|[spread] p1b
|-activate|p1a: Ceruledge|move: Protect
|-damage|p1b: Milotic|57/100
|-unboost|p2b: KommUh-oh|def|1
|move|p1b: Milotic|Coil|p1b: Milotic
|-boost|p1b: Milotic|atk|1
|-boost|p1b: Milotic|def|1
|-boost|p1b: Milotic|accuracy|1
|
|-weather|Snowscape|[upkeep]
|-heal|p1b: Milotic|63/100|[from] item: Leftovers
|upkeep
|turn|5
|
|t:|1785335562
|move|p2a: Sinistcha|Rage Powder|p2a: Sinistcha
|-singleturn|p2a: Sinistcha|move: Rage Powder
|move|p2b: KommUh-oh|Clanging Scales|p1b: Milotic|[spread] p1a,p1b
|-damage|p1a: Ceruledge|23/100
|-damage|p1b: Milotic|22/100
|-unboost|p2b: KommUh-oh|def|1
|move|p1a: Ceruledge|Bitter Blade|p2a: Sinistcha
|-supereffective|p2a: Sinistcha|1
|-damage|p2a: Sinistcha|17/100
|-heal|p1a: Ceruledge|64/100|[from] drain|[of] p2a: Sinistcha
|move|p1b: Milotic|Recover|p1b: Milotic
|-heal|p1b: Milotic|72/100
|
|-weather|none
|-heal|p1b: Milotic|78/100|[from] item: Leftovers
|upkeep
|turn|6
|
|t:|1785335579
|move|p2a: Sinistcha|Rage Powder|p2a: Sinistcha
|-singleturn|p2a: Sinistcha|move: Rage Powder
|move|p1a: Ceruledge|Shadow Sneak|p2a: Sinistcha|[miss]
|-miss|p1a: Ceruledge|p2a: Sinistcha
|move|p2b: KommUh-oh|Clanging Scales|p1b: Milotic|[spread] p1a,p1b
|-damage|p1a: Ceruledge|0 fnt
|-damage|p1b: Milotic|32/100
|faint|p1a: Ceruledge
|-unboost|p2b: KommUh-oh|def|1
|move|p1b: Milotic|Hypnosis|p2a: Sinistcha
|-status|p2a: Sinistcha|slp|[from] move: Hypnosis
|
|-heal|p1b: Milotic|38/100|[from] item: Leftovers
|upkeep
|
|t:|1785335584
|switch|p1a: Incineroar|Incineroar, L50, M|100/100
|-ability|p1a: Incineroar|Intimidate|boost
|-unboost|p2a: Sinistcha|atk|1
|-unboost|p2b: KommUh-oh|atk|1
|turn|7
|
|t:|1785335599
|switch|p2a: Venusaur|Venusaur-Mega, L50, M|68/100
|move|p2b: KommUh-oh|Protect|p2b: KommUh-oh
|-singleturn|p2b: KommUh-oh|Protect
|move|p1a: Incineroar|Fake Out|p2b: KommUh-oh
|-activate|p2b: KommUh-oh|move: Protect
|move|p1b: Milotic|Recover|p1b: Milotic
|-heal|p1b: Milotic|88/100
|
|-heal|p1b: Milotic|94/100|[from] item: Leftovers
|upkeep
|turn|8
|
|t:|1785335621
|switch|p2a: Sinistcha|Sinistcha, L50|17/100 slp
|-heal|p2b: KommUh-oh|100/100|[from] ability: Hospitality|[of] p2a: Sinistcha
|move|p2b: KommUh-oh|Aura Sphere|p1a: Incineroar
|-supereffective|p1a: Incineroar|1
|-damage|p1a: Incineroar|0 fnt
|faint|p1a: Incineroar
|move|p1b: Milotic|Hypnosis|p2b: KommUh-oh
|-status|p2b: KommUh-oh|slp|[from] move: Hypnosis
|
|-heal|p1b: Milotic|100/100|[from] item: Leftovers
|upkeep
|turn|9
|
|t:|1785335633
|switch|p2a: Venusaur|Venusaur-Mega, L50, M|68/100
|cant|p2b: KommUh-oh|slp
|move|p1b: Milotic|Hydro Pump|p2a: Venusaur
|-resisted|p2a: Venusaur|1
|-damage|p2a: Venusaur|54/100
|
|upkeep
|turn|10
|
|t:|1785335642
|cant|p2b: KommUh-oh|slp
|move|p1b: Milotic|Hypnosis|p2a: Venusaur
|-status|p2a: Venusaur|slp|[from] move: Hypnosis
|cant|p2a: Venusaur|slp
|
|upkeep
|turn|11
|
|t:|1785335647
|-curestatus|p2b: KommUh-oh|slp|[msg]
|move|p2b: KommUh-oh|Clangorous Soul|p2b: KommUh-oh
|-boost|p2b: KommUh-oh|atk|1
|-boost|p2b: KommUh-oh|def|1
|-boost|p2b: KommUh-oh|spa|1
|-boost|p2b: KommUh-oh|spd|1
|-boost|p2b: KommUh-oh|spe|1
|-damage|p2b: KommUh-oh|67/100
|move|p1b: Milotic|Hydro Pump|p2a: Venusaur
|-resisted|p2a: Venusaur|1
|-damage|p2a: Venusaur|40/100 slp
|-curestatus|p2a: Venusaur|slp|[msg]
|move|p2a: Venusaur|Giga Drain|p1b: Milotic
|-supereffective|p1b: Milotic|1
|-damage|p1b: Milotic|46/100
|-heal|p2a: Venusaur|69/100|[from] drain|[of] p1b: Milotic
|
|-heal|p1b: Milotic|52/100|[from] item: Leftovers
|upkeep
|turn|12
|
|t:|1785335659
|move|p2b: KommUh-oh|Clanging Scales|p1b: Milotic
|-damage|p1b: Milotic|0 fnt
|faint|p1b: Milotic
|
|win|cillianvgc
|raw|pechugadepollico's rating: 1222 → 1201(-21 for losing)
|raw|cillianvgc's rating: 1282 → 1303(+21 for winning)
|l|☆pechugadepollico
|player|p1|
