|j|☆nico_Kaiser
|j|☆I HATE DONDOZO-239
|html|nico_KaiserI HATE DONDOZO-239    
|uhtml|bestof|Game 2 of a best-of-3
|t:|1756896079
|gametype|doubles
|player|p1|nico_Kaiser|pryce|1113
|player|p2|I HATE DONDOZO-239|2|1151
|gen|9
|tier|[Gen 9] VGC 2025 Reg H (Bo3)
|rated|
|rule|Species Clause: Limit one of each Pokémon
|rule|Item Clause: Limit 1 of each item
|clearpoke
|poke|p1|Grimmsnarl, L50, M|
|poke|p1|Pelipper, L50, F|
|poke|p1|Archaludon, L50, F|
|poke|p1|Basculegion, L50, M|
|poke|p1|Bronzong, L50|
|poke|p1|Ursaluna, L50, F|
|poke|p2|Mienshao, L50, F|
|poke|p2|Garchomp, L50, M|
|poke|p2|Tyranitar, L50, F|
|poke|p2|Gholdengo, L50|
|poke|p2|Talonflame, L50, M|
|poke|p2|Gallade, L50, M|
|teampreview|4
|showteam|p1|Grimmsnarl||LightClay|Prankster|Reflect,LightScreen,Crunch,SpiritBreak|||M|||50|,,,,,Poison]Pelipper||FocusSash|Drizzle|Hurricane,WeatherBall,Tailwind,WideGuard|||F|||50|,,,,,Ground]Archaludon||AssaultVest|Stamina|FlashCannon,BodyPress,ElectroShot,DragonPulse|||F|||50|,,,,,Bug]Basculegion||ChoiceBand|SwiftSwim|WaveCrash,PsychicFangs,FlipTurn,LastRespects|||M|||50|,,,,,Water]Bronzong||PowerHerb|Levitate|MeteorBeam,TrickRoom,Psychic,RainDance||||||50|,,,,,Ghost]Ursaluna||FlameOrb|Guts|Facade,Earthquake,Crunch,Protect|||F|||50|,,,,,Grass
|showteam|p2|Mienshao||FocusSash|InnerFocus|FakeOut,CloseCombat,Coaching,WideGuard|||F|||50|,,,,,Stellar]Garchomp||ClearAmulet|SandVeil|StompingTantrum,DragonClaw,Protect,Earthquake|||M|||50|,,,,,Fire]Tyranitar||AssaultVest|SandStream|TeraBlast,RockSlide,LowKick,KnockOff|||F|||50|,,,,,Flying]Gholdengo||ChoiceSpecs|GoodasGold|Trick,MakeItRain,ShadowBall,Thunderbolt||||||50|,,,,,Steel]Talonflame||CovertCloak|GaleWings|BraveBird,Tailwind,Taunt,WillOWisp|||M|||50|,,,,,Ghost]Gallade||LifeOrb|Sharpness|TrickRoom,Imprison,PsychoCut,SacredSword|||M|||50|,,,,,Grass
|inactive|Battle timer is ON: inactive players will automatically lose when time's up. (requested by nico_Kaiser)
|
|t:|1756896087
|teamsize|p1|4
|teamsize|p2|4
|start
|switch|p1a: Basculegion|Basculegion, L50, M|100/100
|switch|p1b: Pelipper|Pelipper, L50, F|100/100
|switch|p2a: Talonflame|Talonflame, L50, M|100/100
|switch|p2b: Garchomp|Garchomp, L50, M|100/100
|-weather|RainDance|[from] ability: Drizzle|[of] p1b: Pelipper
|turn|1
|
|t:|1756896097
|switch|p2b: Tyranitar|Tyranitar, L50, F|100/100
|-weather|Sandstorm|[from] ability: Sand Stream|[of] p2b: Tyranitar
|-terastallize|p1a: Basculegion|Water
|move|p2a: Talonflame|Will-O-Wisp|p1a: Basculegion|[miss]
|-miss|p2a: Talonflame|p1a: Basculegion
|move|p1a: Basculegion|Wave Crash|p2b: Tyranitar
|-supereffective|p2b: Tyranitar
|-damage|p2b: Tyranitar|0 fnt
|faint|p2b: Tyranitar
|-damage|p1a: Basculegion|68/100|[from] Recoil
|move|p1b: Pelipper|Tailwind|p1b: Pelipper
|-sidestart|p1: nico_Kaiser|move: Tailwind
|
|-weather|Sandstorm|[upkeep]
|-damage|p1a: Basculegion|62/100|[from] Sandstorm
|-damage|p2a: Talonflame|95/100|[from] Sandstorm
|-damage|p1b: Pelipper|95/100|[from] Sandstorm
|upkeep
|
|t:|1756896113
|switch|p2b: Garchomp|Garchomp, L50, M|100/100
|turn|2
|
|t:|1756896119
|switch|p1b: Grimmsnarl|Grimmsnarl, L50, M|100/100
|move|p1a: Basculegion|Wave Crash|p2b: Garchomp
|-damage|p2b: Garchomp|0 fnt
|faint|p2b: Garchomp
|-damage|p1a: Basculegion|31/100|[from] Recoil
|move|p2a: Talonflame|Tailwind|p2a: Talonflame
|-sidestart|p2: I HATE DONDOZO-239|move: Tailwind
|
|-weather|Sandstorm|[upkeep]
|-damage|p2a: Talonflame|89/100|[from] Sandstorm
|-damage|p1a: Basculegion|25/100|[from] Sandstorm
|-damage|p1b: Grimmsnarl|95/100|[from] Sandstorm
|upkeep
|
|t:|1756896124
|switch|p2b: Gholdengo|Gholdengo, L50|100/100
|turn|3
|
|t:|1756896132
|move|p1b: Grimmsnarl|Light Screen|p1b: Grimmsnarl
|-sidestart|p1: nico_Kaiser|move: Light Screen
|move|p2a: Talonflame|Brave Bird|p1a: Basculegion
|-damage|p1a: Basculegion|0 fnt
|faint|p1a: Basculegion
|-damage|p2a: Talonflame|78/100|[from] Recoil
|move|p2b: Gholdengo|Thunderbolt|p1b: Grimmsnarl
|-damage|p1b: Grimmsnarl|63/100
|
|-weather|Sandstorm|[upkeep]
|-damage|p2a: Talonflame|72/100|[from] Sandstorm
|-damage|p1b: Grimmsnarl|57/100|[from] Sandstorm
|upkeep
|
|t:|1756896140
|switch|p1a: Archaludon|Archaludon, L50, F|100/100
|turn|4
|
|t:|1756896149
|switch|p1b: Pelipper|Pelipper, L50, F|95/100
|-weather|RainDance|[from] ability: Drizzle|[of] p1b: Pelipper
|move|p2a: Talonflame|Will-O-Wisp|p1a: Archaludon
|-status|p1a: Archaludon|brn
|move|p2b: Gholdengo|Thunderbolt|p1b: Pelipper
|-supereffective|p1b: Pelipper
|-damage|p1b: Pelipper|0 fnt
|faint|p1b: Pelipper
|move|p1a: Archaludon|Electro Shot||[still]
|-prepare|p1a: Archaludon|Electro Shot
|-boost|p1a: Archaludon|spa|1
|-anim|p1a: Archaludon|Electro Shot|p2a: Talonflame
|-supereffective|p2a: Talonflame
|-damage|p2a: Talonflame|0 fnt
|faint|p2a: Talonflame
|
|-weather|RainDance|[upkeep]
|-damage|p1a: Archaludon|94/100 brn|[from] brn
|-sideend|p1: nico_Kaiser|move: Tailwind
|upkeep
|
|t:|1756896165
|switch|p1b: Grimmsnarl|Grimmsnarl, L50, M|57/100
|turn|5
|
|t:|1756896171
|move|p2b: Gholdengo|Thunderbolt|p1a: Archaludon
|-resisted|p1a: Archaludon
|-damage|p1a: Archaludon|82/100 brn
|-ability|p1a: Archaludon|Stamina|boost
|-boost|p1a: Archaludon|def|1
|move|p1a: Archaludon|Electro Shot||[still]
|-prepare|p1a: Archaludon|Electro Shot
|-boost|p1a: Archaludon|spa|1
|-anim|p1a: Archaludon|Electro Shot|p2b: Gholdengo
|-damage|p2b: Gholdengo|9/100
|move|p1b: Grimmsnarl|Crunch|p2b: Gholdengo
|-supereffective|p2b: Gholdengo
|-damage|p2b: Gholdengo|0 fnt
|faint|p2b: Gholdengo
|
|win|nico_Kaiser
|raw|nico_Kaiser's rating: 1113 → 1141(+28 for winning)
|raw|I HATE DONDOZO-239's rating: 1151 → 1123(-28 for losing)
|l|☆I HATE DONDOZO-239
|player|p2|
