|j|☆dragonaris
|j|☆is_katabo
|html|dragonarisis_katabo    
|uhtml|bestof|Game 1 of a best-of-3
|t:|1782609522
|gametype|doubles
|player|p1|dragonaris|waitress-gen4|1132
|player|p2|is_katabo|youngster-gen4dp|1192
|gen|9
|tier|[Gen 9 Champions] VGC 2026 Reg M-B (Bo3)
|rated|
|rule|Species Clause: Limit one of each Pokémon
|rule|Item Clause: Limit 1 of each item
|clearpoke
|poke|p1|Gengar, L50, M|
|poke|p1|Archaludon, L50, M|
|poke|p1|Charizard, L50, M|
|poke|p1|Pelipper, L50, M|
|poke|p1|Garchomp, L50, M|
|poke|p1|Whimsicott, L50, M|
|poke|p2|Metagross, L50|
|poke|p2|Ninetales-Alola, L50, F|
|poke|p2|Hydreigon, L50, M|
|poke|p2|Talonflame, L50, F|
|poke|p2|Garchomp, L50, F|
|poke|p2|Rotom-Wash, L50|
|teampreview|4
|showteam|p1|Gengar||Gengarite|CursedBody|DestinyBond,ShadowBall,SludgeWave,Thunder|Modest||M|||50|]Archaludon||Leftovers|Stamina|ElectroShot,Protect,DracoMeteor,FlashCannon|Timid||M|||50|]Charizard||CharizarditeY|SolarPower|SolarBeam,HeatWave,DragonPulse,Hurricane|Timid||M|||50|]Pelipper||FocusSash|Drizzle|Protect,Hurricane,HydroPump,Roost|Bold||M|||50|]Garchomp||SitrusBerry|RoughSkin|Earthquake,SwordsDance,DragonClaw,IronHead|Jolly||M|||50|]Whimsicott||LumBerry|Prankster|Tailwind,LeechSeed,Encore,DazzlingGleam|Calm||M|||50|
|showteam|p2|Metagross||Metagrossite|ClearBody|IronHead,PsychicFangs,BodyPress,Protect|Jolly|||||50|]Ninetales-Alola||NeverMeltIce|SnowWarning|Blizzard,FreezeDry,Encore,Protect|Timid||F|||50|]Hydreigon||FocusSash|Levitate|DracoMeteor,DarkPulse,EarthPower,Protect|Timid||M|||50|]Talonflame|||GaleWings|Acrobatics,FlareBlitz,Tailwind,Protect|Jolly||F|||50|]Garchomp||SitrusBerry|RoughSkin|DragonClaw,Earthquake,RockSlide,Protect|Adamant||F|||50|]Rotom-Wash||Magnet|Levitate|Thunderbolt,HydroPump,WillOWisp,Protect|Modest|||||50|
|
|t:|1782609586
|teamsize|p1|4
|teamsize|p2|4
|start
|switch|p1a: Charizard|Charizard, L50, M|100/100
|switch|p1b: Whimsicott|Whimsicott, L50, M|100/100
|switch|p2a: Metagross|Metagross, L50|100/100
|switch|p2b: Garchomp|Garchomp, L50, F|100/100
|turn|1
|inactive|Battle timer is ON: inactive players will automatically lose when time's up. (requested by dragonaris)
|
|t:|1782609606
|switch|p1a: Garchomp|Garchomp, L50, M|100/100
|switch|p2a: Rotom|Rotom-Wash, L50|100/100
|move|p1b: Whimsicott|Tailwind|p1b: Whimsicott
|-sidestart|p1: dragonaris|move: Tailwind
|move|p2b: Garchomp|Rock Slide|p1a: Garchomp|[spread] p1a,p1b
|-resisted|p1a: Garchomp|1
|-damage|p1a: Garchomp|89/100
|-damage|p1b: Whimsicott|77/100
|
|upkeep
|turn|2
|inactive|dragonaris has 30 seconds left.
|
|t:|1782609641
|switch|p2b: Metagross|Metagross, L50|100/100
|move|p1a: Garchomp|Dragon Claw|p2b: Metagross
|-resisted|p2b: Metagross|1
|-damage|p2b: Metagross|82/100
|move|p1b: Whimsicott|Dazzling Gleam|p2a: Rotom|[spread] p2a,p2b
|-resisted|p2b: Metagross|1
|-damage|p2a: Rotom|81/100
|-damage|p2b: Metagross|72/100
|move|p2a: Rotom|Will-O-Wisp|p1a: Garchomp|[miss]
|-miss|p2a: Rotom|p1a: Garchomp
|
|upkeep
|turn|3
|inactive|dragonaris has 30 seconds left.
|inactive|dragonaris has 20 seconds left.
|inactive|dragonaris has 15 seconds left.
|inactive|dragonaris has 10 seconds left.
|
|t:|1782609689
|switch|p2b: Garchomp|Garchomp, L50, F|100/100
|move|p1b: Whimsicott|Leech Seed|p2a: Rotom
|-start|p2a: Rotom|move: Leech Seed
|move|p1a: Garchomp|Dragon Claw|p2a: Rotom
|-damage|p2a: Rotom|27/100
|move|p2a: Rotom|Will-O-Wisp|p1a: Garchomp
|-status|p1a: Garchomp|brn
|
|-damage|p2a: Rotom|15/100|[from] Leech Seed|[of] p1b: Whimsicott
|-heal|p1b: Whimsicott|88/100|[silent]
|-damage|p1a: Garchomp|83/100 brn|[from] brn
|upkeep
|turn|4
|inactive|dragonaris has 30 seconds left.
|
|t:|1782609718
|switch|p2a: Metagross|Metagross, L50|72/100
|move|p1a: Garchomp|Dragon Claw|p2b: Garchomp
|-supereffective|p2b: Garchomp|1
|-damage|p2b: Garchomp|67/100
|-damage|p1a: Garchomp|71/100 brn|[from] ability: Rough Skin|[of] p2b: Garchomp
|move|p1b: Whimsicott|Dazzling Gleam|p2a: Metagross|[spread] p2a,p2b
|-resisted|p2a: Metagross|1
|-supereffective|p2b: Garchomp|1
|-damage|p2a: Metagross|63/100
|-damage|p2b: Garchomp|32/100
|-enditem|p2b: Garchomp|Sitrus Berry|[eat]
|-heal|p2b: Garchomp|57/100|[from] item: Sitrus Berry
|move|p2b: Garchomp|Dragon Claw|p1a: Garchomp
|-supereffective|p1a: Garchomp|1
|-damage|p1a: Garchomp|0 fnt
|-damage|p2b: Garchomp|45/100|[from] ability: Rough Skin|[of] p1a: Garchomp
|faint|p1a: Garchomp
|
|-sideend|p1: dragonaris|move: Tailwind
|upkeep
|
|t:|1782609742
|switch|p1a: Archaludon|Archaludon, L50, M|100/100
|turn|5
|
|t:|1782609759
|detailschange|p2a: Metagross|Metagross-Mega, L50
|-mega|p2a: Metagross|Metagross|Metagrossite
|move|p2b: Garchomp|Protect|p2b: Garchomp
|-singleturn|p2b: Garchomp|Protect
|move|p1b: Whimsicott|Tailwind|p1b: Whimsicott
|-sidestart|p1: dragonaris|move: Tailwind
|move|p1a: Archaludon|Draco Meteor|p2b: Garchomp
|-activate|p2b: Garchomp|move: Protect
|move|p2a: Metagross|Iron Head|p1b: Whimsicott
|-supereffective|p1b: Whimsicott|1
|-damage|p1b: Whimsicott|0 fnt
|faint|p1b: Whimsicott
|
|upkeep
|
|t:|1782609767
|switch|p1b: Charizard|Charizard, L50, M|100/100
|turn|6
|inactive|dragonaris has 30 seconds left.
|
|t:|1782609793
|switch|p2b: Rotom|Rotom-Wash, L50|15/100
|detailschange|p1b: Charizard|Charizard-Mega-Y, L50, M
|-mega|p1b: Charizard|Charizard|Charizardite Y
|-weather|SunnyDay|[from] ability: Drought|[of] p1b: Charizard
|move|p2a: Metagross|Protect|p2a: Metagross
|-singleturn|p2a: Metagross|Protect
|move|p1b: Charizard|Heat Wave|p2a: Metagross|[spread] p2b
|-activate|p2a: Metagross|move: Protect
|-resisted|p2b: Rotom|1
|-damage|p2b: Rotom|0 fnt
|faint|p2b: Rotom
|move|p1a: Archaludon|Flash Cannon|p2a: Metagross
|-activate|p2a: Metagross|move: Protect
|
|-weather|SunnyDay|[upkeep]
|upkeep
|inactive|is_katabo has 30 seconds left.
|inactive|is_katabo has 20 seconds left.
|
|t:|1782609830
|switch|p2b: Garchomp|Garchomp, L50, F|45/100
|turn|7
|
|t:|1782609836
|switch|p2a: Hydreigon|Hydreigon, L50, M|100/100
|move|p2b: Garchomp|Protect|p2b: Garchomp
|-singleturn|p2b: Garchomp|Protect
|move|p1b: Charizard|Heat Wave|p2a: Hydreigon|[spread] p2a
|-activate|p2b: Garchomp|move: Protect
|-resisted|p2a: Hydreigon|1
|-damage|p2a: Hydreigon|59/100
|-status|p2a: Hydreigon|brn
|move|p1a: Archaludon|Flash Cannon|p2b: Garchomp
|-activate|p2b: Garchomp|move: Protect
|
|-weather|SunnyDay|[upkeep]
|-damage|p2a: Hydreigon|53/100 brn|[from] brn
|upkeep
|turn|8
|inactive|dragonaris has 30 seconds left.
|inactive|dragonaris has 20 seconds left.
|inactive|dragonaris has 15 seconds left.
|inactive|dragonaris has 10 seconds left.
|inactive|dragonaris has 5 seconds left.
|
|t:|1782609889
|move|p2a: Hydreigon|Protect|p2a: Hydreigon
|-singleturn|p2a: Hydreigon|Protect
|move|p1b: Charizard|Dragon Pulse|p2b: Garchomp
|-supereffective|p2b: Garchomp|1
|-damage|p2b: Garchomp|0 fnt
|faint|p2b: Garchomp
|move|p1a: Archaludon|Draco Meteor|p2a: Hydreigon
|-activate|p2a: Hydreigon|move: Protect
|
|-weather|SunnyDay|[upkeep]
|-damage|p2a: Hydreigon|47/100 brn|[from] brn
|-sideend|p1: dragonaris|move: Tailwind
|upkeep
|
|t:|1782609894
|switch|p2b: Metagross|Metagross-Mega, L50|63/100
|turn|9
|
|t:|1782609915
|move|p2b: Metagross|Protect|p2b: Metagross
|-singleturn|p2b: Metagross|Protect
|move|p1b: Charizard|Heat Wave|p2a: Hydreigon|[spread] 
|-activate|p2b: Metagross|move: Protect
|-miss|p1b: Charizard|p2a: Hydreigon
|move|p2a: Hydreigon|Dark Pulse|p1b: Charizard
|-damage|p1b: Charizard|57/100
|move|p1a: Archaludon|Draco Meteor|p2a: Hydreigon
|-supereffective|p2a: Hydreigon|1
|-damage|p2a: Hydreigon|0 fnt
|-unboost|p1a: Archaludon|spa|2
|faint|p2a: Hydreigon
|
|-weather|SunnyDay|[upkeep]
|upkeep
|turn|10
|
|t:|1782609934
|move|p2b: Metagross|Psychic Fangs|p1b: Charizard
|-damage|p1b: Charizard|0 fnt
|faint|p1b: Charizard
|move|p1a: Archaludon|Electro Shot||[still]
|-prepare|p1a: Archaludon|Electro Shot
|-boost|p1a: Archaludon|spa|1
|
|-weather|none
|upkeep
|turn|11
|
|t:|1782609941
|move|p2b: Metagross|Body Press|p1a: Archaludon
|-supereffective|p1a: Archaludon|1
|-damage|p1a: Archaludon|42/100
|-ability|p1a: Archaludon|Stamina|boost
|-boost|p1a: Archaludon|def|1
|move|p1a: Archaludon|Electro Shot|p2b: Metagross|[from] lockedmove
|-damage|p2b: Metagross|35/100
|
|-heal|p1a: Archaludon|48/100|[from] item: Leftovers
|upkeep
|turn|12
|
|t:|1782609961
|move|p1a: Archaludon|Protect|p1a: Archaludon
|-singleturn|p1a: Archaludon|Protect
|move|p2b: Metagross|Body Press|p1a: Archaludon
|-activate|p1a: Archaludon|move: Protect
|
|-heal|p1a: Archaludon|54/100|[from] item: Leftovers
|upkeep
|turn|13
|
|t:|1782609982
|move|p2b: Metagross|Body Press|p1a: Archaludon
|-supereffective|p1a: Archaludon|1
|-crit|p1a: Archaludon
|-damage|p1a: Archaludon|0 fnt
|faint|p1a: Archaludon
|
|win|is_katabo
||dragonaris is ready for game 2.
||is_katabo is ready for game 2.
|uhtml|next|Next: Game 2 of 3
