|j|☆Cines Yelmo
|j|☆tessa scarlet
|html|Cines Yelmotessa scarlet    
|uhtml|bestof|Game 2 of a best-of-3
|t:|1756498275
|gametype|doubles
|player|p1|Cines Yelmo|cameraman|1359
|player|p2|tessa scarlet|265|1387
|gen|9
|tier|[Gen 9] VGC 2025 Reg H (Bo3)
|rated|
|rule|Species Clause: Limit one of each Pokémon
|rule|Item Clause: Limit 1 of each item
|clearpoke
|poke|p1|Dondozo, L50, F|
|poke|p1|Garchomp, L50, F|
|poke|p1|Gholdengo, L50|
|poke|p1|Incineroar, L50, F|
|poke|p1|Sneasler, L50, M|
|poke|p1|Tyranitar, L50, F|
|poke|p2|Gholdengo, L50|
|poke|p2|Sneasler, L50, M|
|poke|p2|Rillaboom, L50, M|
|poke|p2|Dragonite, L50, M|
|poke|p2|Ninetales-Alola, L50, M|
|poke|p2|Arcanine-Hisui, L50, M|
|teampreview|4
|showteam|p1|Dondozo||Leftovers|Unaware|Protect,WaveCrash,Fissure,Yawn|||F|||50|,,,,,Bug]Garchomp||LifeOrb|SandVeil|Protect,DragonClaw,Earthquake,RockSlide|||F|||50|,,,,,Fairy]Gholdengo||ChoiceScarf|GoodasGold|MakeItRain,ShadowBall,Thunderbolt,Trick||||||50|,,,,,Flying]Incineroar||SafetyGoggles|Intimidate|FakeOut,FlareBlitz,KnockOff,PartingShot|||F|||50|,,,,,Bug]Sneasler||FocusSash|Unburden|Protect,CloseCombat,DireClaw,Coaching|||M|||50|,,,,,Flying]Tyranitar||AssaultVest|SandStream|RockSlide,KnockOff,LowKick,TeraBlast|||F|||50|,,,,,Flying
|showteam|p2|Gholdengo||GrassySeed|GoodasGold|NastyPlot,MakeItRain,ShadowBall,Protect||||||50|,,,,,Water]Sneasler||WhiteHerb|Unburden|CloseCombat,DireClaw,Coaching,Protect|||M|||50|,,,,,Ghost]Rillaboom||AssaultVest|GrassySurge|FakeOut,GrassyGlide,DrumBeating,HighHorsepower|||M|||50|,,,,,Fire]Dragonite||LoadedDice|Multiscale|ScaleShot,StompingTantrum,Tailwind,Protect|||M|||50|,,,,,Ground]Ninetales-Alola||FocusSash|SnowWarning|Blizzard,IcyWind,Encore,AuroraVeil|||M|||50|,,,,,Ghost]Arcanine-Hisui||ClearAmulet|Intimidate|RockSlide,FlareBlitz,ExtremeSpeed,Protect|||M|||50|,,,,,Water
|
|t:|1756498313
|teamsize|p1|4
|teamsize|p2|4
|start
|switch|p1a: Gholdengo|Gholdengo, L50|100/100
|switch|p1b: Garchomp|Garchomp, L50, F|100/100
|switch|p2a: Arcanine|Arcanine-Hisui, L50, M|100/100
|switch|p2b: Sneasler|Sneasler, L50, M|100/100
|-ability|p2a: Arcanine|Intimidate|boost
|-unboost|p1a: Gholdengo|atk|1
|-unboost|p1b: Garchomp|atk|1
|turn|1
|
|t:|1756498363
|switch|p1a: Dondozo|Dondozo, L50, F|100/100
|move|p2b: Sneasler|Protect|p2b: Sneasler
|-singleturn|p2b: Sneasler|Protect
|move|p2a: Arcanine|Protect|p2a: Arcanine
|-singleturn|p2a: Arcanine|Protect
|move|p1b: Garchomp|Earthquake|p2b: Sneasler|[spread] p1a
|-activate|p2a: Arcanine|move: Protect
|-activate|p2b: Sneasler|move: Protect
|-damage|p1a: Dondozo|72/100
|-damage|p1b: Garchomp|91/100|[from] item: Life Orb
|
|-heal|p1a: Dondozo|78/100|[from] item: Leftovers
|upkeep
|turn|2
|
|t:|1756498400
|switch|p2a: Rillaboom|Rillaboom, L50, M|100/100
|-fieldstart|move: Grassy Terrain|[from] ability: Grassy Surge|[of] p2a: Rillaboom
|move|p1a: Dondozo|Protect|p1a: Dondozo
|-singleturn|p1a: Dondozo|Protect
|move|p2b: Sneasler|Close Combat|p1a: Dondozo
|-activate|p1a: Dondozo|move: Protect
|move|p1b: Garchomp|Earthquake|p2a: Rillaboom|[spread] p2a,p2b
|-activate|p1a: Dondozo|move: Protect
|-resisted|p2a: Rillaboom
|-supereffective|p2b: Sneasler
|-damage|p2a: Rillaboom|93/100
|-damage|p2b: Sneasler|50/100
|-damage|p1b: Garchomp|81/100|[from] item: Life Orb
|
|-heal|p2b: Sneasler|56/100|[from] Grassy Terrain
|-heal|p1b: Garchomp|87/100|[from] Grassy Terrain
|-heal|p2a: Rillaboom|99/100|[from] Grassy Terrain
|-heal|p1a: Dondozo|84/100|[from] Grassy Terrain
|-heal|p1a: Dondozo|90/100|[from] item: Leftovers
|upkeep
|turn|3
|
|t:|1756498450
|switch|p1b: Gholdengo|Gholdengo, L50|100/100
|switch|p1a: Incineroar|Incineroar, L50, F|100/100
|-ability|p1a: Incineroar|Intimidate|boost
|-unboost|p2a: Rillaboom|atk|1
|-unboost|p2b: Sneasler|atk|1
|-enditem|p2b: Sneasler|White Herb
|-clearnegativeboost|p2b: Sneasler|[silent]
|move|p2b: Sneasler|Coaching|p2a: Rillaboom
|-boost|p2a: Rillaboom|atk|1
|-boost|p2a: Rillaboom|def|1
|move|p2a: Rillaboom|Drum Beating|p1a: Incineroar
|-resisted|p1a: Incineroar
|-damage|p1a: Incineroar|77/100
|-unboost|p1a: Incineroar|spe|1
|
|-heal|p2b: Sneasler|62/100|[from] Grassy Terrain
|-heal|p2a: Rillaboom|100/100|[from] Grassy Terrain
|-heal|p1a: Incineroar|83/100|[from] Grassy Terrain
|upkeep
|turn|4
|
|t:|1756498489
|switch|p1a: Dondozo|Dondozo, L50, F|90/100
|move|p2b: Sneasler|Protect|p2b: Sneasler
|-singleturn|p2b: Sneasler|Protect
|move|p1b: Gholdengo|Make It Rain|p2a: Rillaboom|[spread] p2a
|-activate|p2b: Sneasler|move: Protect
|-damage|p2a: Rillaboom|54/100
|-unboost|p1b: Gholdengo|spa|1
|move|p2a: Rillaboom|High Horsepower|p1b: Gholdengo
|-supereffective|p1b: Gholdengo
|-damage|p1b: Gholdengo|38/100
|
|-heal|p2b: Sneasler|67/100|[from] Grassy Terrain
|-heal|p1b: Gholdengo|44/100|[from] Grassy Terrain
|-heal|p2a: Rillaboom|60/100|[from] Grassy Terrain
|-heal|p1a: Dondozo|97/100|[from] Grassy Terrain
|-heal|p1a: Dondozo|100/100|[from] item: Leftovers
|upkeep
|turn|5
|
|t:|1756498523
|switch|p1b: Incineroar|Incineroar, L50, F|83/100
|-ability|p1b: Incineroar|Intimidate|boost
|-unboost|p2a: Rillaboom|atk|1
|-unboost|p2b: Sneasler|atk|1
|move|p2b: Sneasler|Close Combat|p1a: Dondozo
|-damage|p1a: Dondozo|66/100
|-unboost|p2b: Sneasler|def|1
|-unboost|p2b: Sneasler|spd|1
|move|p2a: Rillaboom|High Horsepower|p1b: Incineroar
|-supereffective|p1b: Incineroar
|-damage|p1b: Incineroar|48/100
|move|p1a: Dondozo|Wave Crash|p2b: Sneasler
|-damage|p2b: Sneasler|6/100
|-damage|p1a: Dondozo|52/100|[from] Recoil
|
|-heal|p2b: Sneasler|11/100|[from] Grassy Terrain
|-heal|p2a: Rillaboom|65/100|[from] Grassy Terrain
|-heal|p1b: Incineroar|54/100|[from] Grassy Terrain
|-heal|p1a: Dondozo|58/100|[from] Grassy Terrain
|-heal|p1a: Dondozo|65/100|[from] item: Leftovers
|upkeep
|turn|6
|
|t:|1756498557
|move|p1b: Incineroar|Fake Out|p2a: Rillaboom
|-damage|p2a: Rillaboom|57/100
|move|p2b: Sneasler|Close Combat|p1b: Incineroar
|-supereffective|p1b: Incineroar
|-damage|p1b: Incineroar|0 fnt
|-unboost|p2b: Sneasler|def|1
|-unboost|p2b: Sneasler|spd|1
|faint|p1b: Incineroar
|cant|p2a: Rillaboom|flinch
|move|p1a: Dondozo|Wave Crash|p2b: Sneasler
|-damage|p2b: Sneasler|0 fnt
|faint|p2b: Sneasler
|-damage|p1a: Dondozo|62/100|[from] Recoil
|
|-heal|p2a: Rillaboom|63/100|[from] Grassy Terrain
|-heal|p1a: Dondozo|68/100|[from] Grassy Terrain
|-heal|p1a: Dondozo|75/100|[from] item: Leftovers
|-fieldend|move: Grassy Terrain
|upkeep
|
|t:|1756498587
|switch|p2b: Dragonite|Dragonite, L50, M|100/100
|switch|p1b: Gholdengo|Gholdengo, L50|44/100
|turn|7
|
|t:|1756498621
|switch|p2a: Arcanine|Arcanine-Hisui, L50, M|100/100
|-ability|p2a: Arcanine|Intimidate|boost
|-unboost|p1a: Dondozo|atk|1
|-unboost|p1b: Gholdengo|atk|1
|move|p1b: Gholdengo|Trick|p2b: Dragonite
|-activate|p1b: Gholdengo|move: Trick|[of] p2b: Dragonite
|-item|p2b: Dragonite|Choice Scarf|[from] move: Trick
|-item|p1b: Gholdengo|Loaded Dice|[from] move: Trick
|move|p2b: Dragonite|Stomping Tantrum|p1b: Gholdengo
|-supereffective|p1b: Gholdengo
|-damage|p1b: Gholdengo|0 fnt
|faint|p1b: Gholdengo
|move|p1a: Dondozo|Yawn|p2b: Dragonite
|-start|p2b: Dragonite|move: Yawn|[of] p1a: Dondozo
|
|-heal|p1a: Dondozo|81/100|[from] item: Leftovers
|upkeep
|
|t:|1756498637
|switch|p1b: Garchomp|Garchomp, L50, F|87/100
|turn|8
|
|t:|1756498665
|switch|p2b: Rillaboom|Rillaboom, L50, M|63/100
|-fieldstart|move: Grassy Terrain|[from] ability: Grassy Surge|[of] p2b: Rillaboom
|move|p2a: Arcanine|Protect|p2a: Arcanine
|-singleturn|p2a: Arcanine|Protect
|move|p1b: Garchomp|Dragon Claw|p2b: Rillaboom
|-damage|p2b: Rillaboom|6/100
|-damage|p1b: Garchomp|78/100|[from] item: Life Orb
|move|p1a: Dondozo|Wave Crash|p2b: Rillaboom
|-resisted|p2b: Rillaboom
|-damage|p2b: Rillaboom|0 fnt
|faint|p2b: Rillaboom
|-damage|p1a: Dondozo|79/100|[from] Recoil
|
|-heal|p1b: Garchomp|84/100|[from] Grassy Terrain
|-heal|p1a: Dondozo|86/100|[from] Grassy Terrain
|-heal|p1a: Dondozo|92/100|[from] item: Leftovers
|upkeep
|
|t:|1756498669
|switch|p2b: Dragonite|Dragonite, L50, M|100/100
|turn|9
|inactive|Battle timer is ON: inactive players will automatically lose when time's up. (requested by Cines Yelmo)
|
|t:|1756498718
|-terastallize|p2a: Arcanine|Water
|move|p1b: Garchomp|Protect|p1b: Garchomp
|-singleturn|p1b: Garchomp|Protect
|move|p1a: Dondozo|Protect|p1a: Dondozo
|-singleturn|p1a: Dondozo|Protect
|move|p2b: Dragonite|Scale Shot|p1a: Dondozo
|-activate|p1a: Dondozo|move: Protect
|move|p2a: Arcanine|Rock Slide|p1b: Garchomp|[spread] 
|-activate|p1a: Dondozo|move: Protect
|-activate|p1b: Garchomp|move: Protect
|
|-heal|p1b: Garchomp|89/100|[from] Grassy Terrain
|-heal|p1a: Dondozo|98/100|[from] Grassy Terrain
|-heal|p1a: Dondozo|100/100|[from] item: Leftovers
|upkeep
|turn|10
|
|t:|1756498742
|move|p2b: Dragonite|Scale Shot|p1a: Dondozo
|-damage|p1a: Dondozo|91/100
|-damage|p1a: Dondozo|83/100
|-damage|p1a: Dondozo|74/100
|-damage|p1a: Dondozo|66/100
|-damage|p1a: Dondozo|58/100
|-hitcount|p1a: Dondozo|5
|-unboost|p2b: Dragonite|def|1
|-boost|p2b: Dragonite|spe|1
|move|p1b: Garchomp|Dragon Claw|p2b: Dragonite
|-supereffective|p2b: Dragonite
|-damage|p2b: Dragonite|19/100
|-damage|p1b: Garchomp|80/100|[from] item: Life Orb
|move|p2a: Arcanine|Flare Blitz|p1b: Garchomp
|-resisted|p1b: Garchomp
|-damage|p1b: Garchomp|52/100
|-damage|p2a: Arcanine|91/100|[from] Recoil
|move|p1a: Dondozo|Yawn|p2a: Arcanine
|-start|p2a: Arcanine|move: Yawn|[of] p1a: Dondozo
|
|-heal|p1b: Garchomp|58/100|[from] Grassy Terrain
|-heal|p2a: Arcanine|96/100|[from] Grassy Terrain
|-heal|p1a: Dondozo|64/100|[from] Grassy Terrain
|-heal|p1a: Dondozo|70/100|[from] item: Leftovers
|upkeep
|turn|11
|inactive|Cines Yelmo has 30 seconds left.
|
|t:|1756498776
|-terastallize|p1b: Garchomp|Fairy
|move|p1a: Dondozo|Protect|p1a: Dondozo
|-singleturn|p1a: Dondozo|Protect
|move|p2b: Dragonite|Scale Shot|p1b: Garchomp
|-immune|p1b: Garchomp
|move|p1b: Garchomp|Rock Slide|p2a: Arcanine|[spread] p2a,p2b
|-supereffective|p2b: Dragonite
|-damage|p2a: Arcanine|66/100
|-damage|p2b: Dragonite|0 fnt
|faint|p2b: Dragonite
|-damage|p1b: Garchomp|48/100|[from] item: Life Orb
|move|p2a: Arcanine|Flare Blitz|p1b: Garchomp
|-damage|p1b: Garchomp|0 fnt
|faint|p1b: Garchomp
|-damage|p2a: Arcanine|48/100|[from] Recoil
|
|-heal|p2a: Arcanine|54/100|[from] Grassy Terrain
|-heal|p1a: Dondozo|76/100|[from] Grassy Terrain
|-heal|p1a: Dondozo|83/100|[from] item: Leftovers
|-end|p2a: Arcanine|move: Yawn|[silent]
|-status|p2a: Arcanine|slp
|upkeep
|turn|12
|
|t:|1756498801
|cant|p2a: Arcanine|slp
|move|p1a: Dondozo|Wave Crash|p2a: Arcanine
|-resisted|p2a: Arcanine
|-damage|p2a: Arcanine|38/100 slp
|-damage|p1a: Dondozo|79/100|[from] Recoil
|
|-heal|p2a: Arcanine|44/100 slp|[from] Grassy Terrain
|-heal|p1a: Dondozo|85/100|[from] Grassy Terrain
|-heal|p1a: Dondozo|92/100|[from] item: Leftovers
|-fieldend|move: Grassy Terrain
|upkeep
|turn|13
|
|t:|1756498812
|-curestatus|p2a: Arcanine|slp|[msg]
|move|p2a: Arcanine|Protect|p2a: Arcanine
|-singleturn|p2a: Arcanine|Protect
|move|p1a: Dondozo|Wave Crash|p2a: Arcanine
|-activate|p2a: Arcanine|move: Protect
|
|-heal|p1a: Dondozo|98/100|[from] item: Leftovers
|upkeep
|turn|14
|
|t:|1756498823
|move|p2a: Arcanine|Rock Slide|p1a: Dondozo
|-damage|p1a: Dondozo|75/100
|move|p1a: Dondozo|Yawn|p2a: Arcanine
|-start|p2a: Arcanine|move: Yawn|[of] p1a: Dondozo
|
|-heal|p1a: Dondozo|82/100|[from] item: Leftovers
|upkeep
|turn|15
|-message|tessa scarlet forfeited.
|
|win|Cines Yelmo
||tessa scarlet is ready for game 3.
||Cines Yelmo is ready for game 3.
|uhtml|next|Next: Game 3 of 3
