|j|☆Jay is decent
|j|☆Flipsicle
|html|Jay is decentFlipsicle    
|uhtml|bestof|Game 3 of a best-of-3
|t:|1785514699
|gametype|doubles
|player|p1|Jay is decent|265|
|player|p2|Flipsicle|elesa-masters|
|gen|9
|tier|[Gen 9 Champions] VGC 2026 Reg M-B (Bo3)
|rule|Species Clause: Limit one of each Pokémon
|rule|Item Clause: Limit 1 of each item
|clearpoke
|poke|p1|Blaziken, L50, F, shiny|
|poke|p1|Kingambit, L50, M|
|poke|p1|Basculegion, L50, M|
|poke|p1|Ninetales-Alola, L50, F|
|poke|p1|Venusaur, L50, M|
|poke|p1|Lycanroc-Dusk, L50, M|
|poke|p2|Sneasler, L50, F|
|poke|p2|Mawile, L50, F, shiny|
|poke|p2|Farigiraf, L50, F|
|poke|p2|Dragonite, L50, F, shiny|
|poke|p2|Pelipper, L50, F|
|poke|p2|Kingambit, L50, F|
|teampreview|4
|showteam|p1|Blaziken||Blazikenite|SpeedBoost|FlareBlitz,CloseCombat,RockSlide,Detect|Adamant||F|||50|]Kingambit||BlackGlasses|Defiant|KowtowCleave,SuckerPunch,IronHead,Protect|Adamant||M|||50|]Basculegion||ChoiceScarf|Adaptability|WaveCrash,LastRespects,AquaJet,FlipTurn|Jolly||M|||50|]Ninetales-Alola||NeverMeltIce|SnowWarning|Blizzard,FreezeDry,Encore,Protect|Timid||F|||50|]Venusaur||Venusaurite|Chlorophyll|GigaDrain,SludgeBomb,EarthPower,Protect|Modest||M|||50|]Lycanroc-Dusk||FocusSash|ToughClaws|RockSlide,CloseCombat,Accelerock,Protect|Adamant||M|||50|
|showteam|p2|Sneasler||WhiteHerb|Unburden|DireClaw,Coaching,CloseCombat,FakeOut|Adamant||F|||50|]Mawile||Mawilite|Intimidate|PlayRough,SuckerPunch,IronHead,Protect|Adamant||F|||50|]Farigiraf||SitrusBerry|ArmorTail|Psychic,TrickRoom,GrassKnot,HelpingHand|Bold||F|||50|]Dragonite||Dragoninite|Multiscale|Thunderbolt,Hurricane,DragonPulse,Protect|Modest||F|||50|]Pelipper||FocusSash|Drizzle|WeatherBall,Hurricane,Tailwind,WideGuard|Timid||F|||50|]Kingambit||ChopleBerry|Defiant|KowtowCleave,SuckerPunch,LowKick,Protect|Adamant||F|||50|
|c|☆Flipsicle|glhf
|c|☆Jay is decent|u2
|
|t:|1785514727
|teamsize|p1|4
|teamsize|p2|4
|start
|switch|p1a: Kingambit|Kingambit, L50, M|100/100
|switch|p1b: Basculegion|Basculegion, L50, M|100/100
|switch|p2a: Farigiraf|Farigiraf, L50, F|100/100
|switch|p2b: Sneasler|Sneasler, L50, F|100/100
|turn|1
|
|t:|1785514754
|move|p1a: Kingambit|Protect|p1a: Kingambit
|-singleturn|p1a: Kingambit|Protect
|move|p2b: Sneasler|Fake Out|p1a: Kingambit
|-activate|p1a: Kingambit|move: Protect
|move|p1b: Basculegion|Wave Crash|p2a: Farigiraf
|-damage|p2a: Farigiraf|43/100
|-enditem|p2a: Farigiraf|Sitrus Berry|[eat]
|-heal|p2a: Farigiraf|68/100|[from] item: Sitrus Berry
|-damage|p1b: Basculegion|79/100|[from] Recoil
|move|p2a: Farigiraf|Trick Room|p2a: Farigiraf
|-fieldstart|move: Trick Room|[of] p2a: Farigiraf
|
|upkeep
|turn|2
|
|t:|1785514777
|switch|p1a: Venusaur|Venusaur, L50, M|100/100
|move|p2a: Farigiraf|Grass Knot|p1b: Basculegion
|-supereffective|p1b: Basculegion|1
|-damage|p1b: Basculegion|26/100
|move|p2b: Sneasler|Close Combat|p1a: Venusaur
|-resisted|p1a: Venusaur|1
|-damage|p1a: Venusaur|61/100
|-unboost|p2b: Sneasler|def|1
|-unboost|p2b: Sneasler|spd|1
|-enditem|p2b: Sneasler|White Herb
|-clearnegativeboost|p2b: Sneasler|[silent]
|move|p1b: Basculegion|Wave Crash|p2a: Farigiraf
|-damage|p2a: Farigiraf|8/100
|-damage|p1b: Basculegion|5/100|[from] Recoil
|
|upkeep
|turn|3
|
|t:|1785514817
|move|p1a: Venusaur|Protect|p1a: Venusaur
|-singleturn|p1a: Venusaur|Protect
|move|p2a: Farigiraf|Grass Knot|p1b: Basculegion
|-supereffective|p1b: Basculegion|1
|-damage|p1b: Basculegion|0 fnt
|faint|p1b: Basculegion
|move|p2b: Sneasler|Close Combat|p1a: Venusaur
|-activate|p1a: Venusaur|move: Protect
|
|upkeep
|
|t:|1785514842
|switch|p1b: Kingambit|Kingambit, L50, M|100/100
|turn|4
|
|t:|1785514852
|detailschange|p1a: Venusaur|Venusaur-Mega, L50, M
|-mega|p1a: Venusaur|Venusaur|Venusaurite
|move|p1b: Kingambit|Kowtow Cleave|p2a: Farigiraf
|-supereffective|p2a: Farigiraf|1
|-damage|p2a: Farigiraf|0 fnt
|faint|p2a: Farigiraf
|move|p1a: Venusaur|Earth Power|p2b: Sneasler
|-supereffective|p2b: Sneasler|1
|-crit|p2b: Sneasler
|-damage|p2b: Sneasler|0 fnt
|faint|p2b: Sneasler
|
|upkeep
|
|t:|1785514857
|switch|p2a: Mawile|Mawile, L50, F, shiny|100/100
|switch|p2b: Kingambit|Kingambit, L50, F|100/100
|-ability|p2a: Mawile|Intimidate|boost
|-unboost|p1a: Venusaur|atk|1
|-unboost|p1b: Kingambit|atk|1
|-ability|p1b: Kingambit|Defiant|boost
|-boost|p1b: Kingambit|atk|2
|turn|5
|c|☆Jay is decent|my bad idk if that mattered
|c|☆Flipsicle|it did
|
|t:|1785514885
|detailschange|p2a: Mawile|Mawile-Mega, L50, F, shiny
|-mega|p2a: Mawile|Mawile|Mawilite
|move|p1b: Kingambit|Protect|p1b: Kingambit
|-singleturn|p1b: Kingambit|Protect
|move|p1a: Venusaur|Protect|p1a: Venusaur
|-singleturn|p1a: Venusaur|Protect
|move|p2b: Kingambit|Kowtow Cleave|p1a: Venusaur
|-activate|p1a: Venusaur|move: Protect
|move|p2a: Mawile|Iron Head|p1a: Venusaur
|-activate|p1a: Venusaur|move: Protect
|
|-fieldend|move: Trick Room
|upkeep
|turn|6
|
|t:|1785514905
|move|p2a: Mawile|Sucker Punch|p1a: Venusaur
|-damage|p1a: Venusaur|26/100
|move|p1a: Venusaur|Earth Power|p2b: Kingambit
|-supereffective|p2b: Kingambit|1
|-damage|p2b: Kingambit|41/100
|move|p1b: Kingambit|Kowtow Cleave|p2b: Kingambit
|-resisted|p2b: Kingambit|1
|-damage|p2b: Kingambit|10/100
|move|p2b: Kingambit|Low Kick|p1b: Kingambit
|-supereffective|p1b: Kingambit|2
|-damage|p1b: Kingambit|0 fnt
|faint|p1b: Kingambit
|
|upkeep
|
|t:|1785514916
|switch|p1b: Ninetales|Ninetales-Alola, L50, F|100/100
|-weather|Snowscape|[from] ability: Snow Warning|[of] p1b: Ninetales
|turn|7
|
|t:|1785514943
|move|p1b: Ninetales|Encore|p2a: Mawile
|-start|p2a: Mawile|Encore
|move|p2a: Mawile|Sucker Punch||[still]
|-fail|p2a: Mawile
|move|p1a: Venusaur|Earth Power|p2b: Kingambit
|-supereffective|p2b: Kingambit|1
|-damage|p2b: Kingambit|0 fnt
|faint|p2b: Kingambit
|
|-weather|Snowscape|[upkeep]
|upkeep
|turn|8
|
|t:|1785514951
|move|p1a: Venusaur|Protect|p1a: Venusaur
|-singleturn|p1a: Venusaur|Protect
|move|p2a: Mawile|Sucker Punch||[still]
|-fail|p2a: Mawile
|move|p1b: Ninetales|Blizzard|p2a: Mawile
|-resisted|p2a: Mawile|1
|-damage|p2a: Mawile|77/100
|
|-weather|Snowscape|[upkeep]
|upkeep
|turn|9
|
|t:|1785514961
|move|p1a: Venusaur|Protect||[still]
|-fail|p1a: Venusaur
|move|p2a: Mawile|Sucker Punch||[still]
|-fail|p2a: Mawile
|move|p1b: Ninetales|Blizzard|p2a: Mawile
|-resisted|p2a: Mawile|1
|-damage|p2a: Mawile|56/100
|
|-weather|Snowscape|[upkeep]
|-end|p2a: Mawile|Encore
|upkeep
|turn|10
|
|t:|1785514977
|move|p2a: Mawile|Protect|p2a: Mawile
|-singleturn|p2a: Mawile|Protect
|move|p1b: Ninetales|Blizzard|p2a: Mawile
|-activate|p2a: Mawile|move: Protect
|move|p1a: Venusaur|Earth Power|p2a: Mawile
|-activate|p2a: Mawile|move: Protect
|
|-weather|Snowscape|[upkeep]
|upkeep
|turn|11
|
|t:|1785514982
|move|p1a: Venusaur|Protect|p1a: Venusaur
|-singleturn|p1a: Venusaur|Protect
|move|p2a: Mawile|Sucker Punch||[still]
|-fail|p2a: Mawile
|move|p1b: Ninetales|Encore|p2a: Mawile
|-start|p2a: Mawile|Encore
|
|-weather|none
|upkeep
|turn|12
|
|t:|1785514996
|move|p1a: Venusaur|Protect||[still]
|-fail|p1a: Venusaur
|move|p2a: Mawile|Sucker Punch||[still]
|-fail|p2a: Mawile
|move|p1b: Ninetales|Freeze-Dry|p2a: Mawile
|-resisted|p2a: Mawile|1
|-damage|p2a: Mawile|39/100
|
|upkeep
|turn|13
|
|t:|1785515010
|move|p2a: Mawile|Sucker Punch|p1b: Ninetales
|-resisted|p1b: Ninetales|1
|-damage|p1b: Ninetales|72/100
|move|p1b: Ninetales|Freeze-Dry|p2a: Mawile
|-resisted|p2a: Mawile|1
|-crit|p2a: Mawile
|-damage|p2a: Mawile|18/100
|move|p1a: Venusaur|Earth Power|p2a: Mawile
|-supereffective|p2a: Mawile|1
|-damage|p2a: Mawile|0 fnt
|faint|p2a: Mawile
|
|win|Jay is decent
|c|☆Jay is decent|ggs
|c|☆Flipsicle|gg
|l|☆Flipsicle
|player|p2|
