|j|☆carlitose
|j|☆patrulheirogeek
|html|carlitosepatrulheirogeek    
|uhtml|bestof|Game 1 of a best-of-3
|t:|1757667718
|gametype|doubles
|player|p1|carlitose|guzma|1029
|player|p2|patrulheirogeek|265|1084
|gen|9
|tier|[Gen 9] VGC 2025 Reg H (Bo3)
|rated|
|rule|Species Clause: Limit one of each Pokémon
|rule|Item Clause: Limit 1 of each item
|clearpoke
|poke|p1|Torkoal, L50, M|
|poke|p1|Jumpluff, L50, M|
|poke|p1|Charizard, L50, M|
|poke|p1|Porygon2, L50|
|poke|p1|Ursaluna, L50, M|
|poke|p1|Incineroar, L50, F|
|poke|p2|Pelipper, L50, F|
|poke|p2|Archaludon, L50, M|
|poke|p2|Dragonite, L50, F|
|poke|p2|Typhlosion, L50, F|
|poke|p2|Electabuzz, L50, F|
|poke|p2|Ludicolo, L50, F|
|teampreview|4
|showteam|p1|Torkoal||EjectPack|Drought|Overheat,Eruption,HelpingHand,Protect|||M|||50|,,,,,Fire]Jumpluff||CovertCloak|Chlorophyll|SleepPowder,SunnyDay,RagePowder,Tailwind|||M|||50|,,,,,Dark]Charizard||ChoiceSpecs|SolarPower|HeatWave,Overheat,AirSlash,WeatherBall|||M|||50|,,,,,Ghost]Porygon2||Eviolite|Download|IceBeam,TrickRoom,Recover,TeraBlast||||||50|,,,,,Fighting]Ursaluna||FlameOrb|Guts|Earthquake,HeadlongRush,Facade,Protect|||M|||50|,,,,,Ghost]Incineroar||SitrusBerry|Intimidate|FlareBlitz,FakeOut,KnockOff,PartingShot|||F|||50|,,,,,Bug
|showteam|p2|Pelipper||SitrusBerry|Drizzle|WideGuard,Tailwind,WeatherBall,Hurricane|||F|||50|,,,,,Flying]Archaludon||AssaultVest|Stamina|ElectroShot,DracoMeteor,FlashCannon,AuraSphere|||M|||50|,,,,,Ghost]Dragonite||ChoiceBand|InnerFocus|ExtremeSpeed,IronHead,Outrage,AquaTail|||F|||50|,,,,,Steel]Typhlosion||ChoiceSpecs|FlashFire|Eruption,FocusBlast,Extrasensory,ScorchingSands|||F|||50|,,,,,Fire]Electabuzz||Eviolite|VitalSpirit|FollowMe,Electroweb,HelpingHand,VoltSwitch|||F|||50|,,,,,Electric]Ludicolo||Leftovers|SwiftSwim|FakeOut,WeatherBall,GigaDrain,LeechSeed|||F|||50|,,,,,Fire
|inactive|Battle timer is ON: inactive players will automatically lose when time's up. (requested by carlitose)
|inactive|carlitose has 60 seconds left.
|inactive|carlitose has 30 seconds left.
|
|t:|1757667789
|teamsize|p1|4
|teamsize|p2|4
|start
|switch|p1a: Porygon2|Porygon2, L50|100/100
|switch|p1b: Jumpluff|Jumpluff, L50, M|100/100
|switch|p2a: Pelipper|Pelipper, L50, F, shiny|100/100
|switch|p2b: Ludicolo|Ludicolo, L50, F, shiny|100/100
|-weather|RainDance|[from] ability: Drizzle|[of] p2a: Pelipper
|-ability|p1a: Porygon2|Download|boost
|-boost|p1a: Porygon2|spa|1
|turn|1
|inactive|carlitose has 30 seconds left.
|inactive|carlitose has 20 seconds left.
|inactive|carlitose has 15 seconds left.
|inactive|carlitose has 10 seconds left.
|
|t:|1757667835
|switch|p1a: Torkoal|Torkoal, L50, M|100/100
|-weather|SunnyDay|[from] ability: Drought|[of] p1a: Torkoal
|-terastallize|p2a: Pelipper|Flying
|move|p2b: Ludicolo|Fake Out|p1b: Jumpluff
|-damage|p1b: Jumpluff|92/100
|move|p1b: Jumpluff|Sleep Powder|p2a: Pelipper
|-status|p2a: Pelipper|slp|[from] move: Sleep Powder
|cant|p2a: Pelipper|slp
|
|-weather|SunnyDay|[upkeep]
|upkeep
|turn|2
|inactive|carlitose has 30 seconds left.
|inactive|patrulheirogeek has 30 seconds left.
|inactive|carlitose has 20 seconds left.
|
|t:|1757667871
|switch|p2a: Electabuzz|Electabuzz, L50, F|100/100
|-terastallize|p1a: Torkoal|Fire
|move|p1b: Jumpluff|Rage Powder|p1b: Jumpluff
|-singleturn|p1b: Jumpluff|move: Rage Powder
|move|p2b: Ludicolo|Weather Ball|p1b: Jumpluff
|-supereffective|p1b: Jumpluff
|-damage|p1b: Jumpluff|23/100
|move|p1a: Torkoal|Eruption|p2b: Ludicolo|[spread] p2a,p2b
|-damage|p2a: Electabuzz|25/100
|-damage|p2b: Ludicolo|9/100
|
|-weather|SunnyDay|[upkeep]
|-heal|p2b: Ludicolo|15/100|[from] item: Leftovers
|upkeep
|turn|3
|inactive|patrulheirogeek has 30 seconds left.
|
|t:|1757667897
|move|p1b: Jumpluff|Rage Powder|p1b: Jumpluff
|-singleturn|p1b: Jumpluff|move: Rage Powder
|move|p2a: Electabuzz|Electroweb|p1b: Jumpluff|[spread] p1a,p1b
|-damage|p1a: Torkoal|82/100
|-damage|p1b: Jumpluff|9/100
|-unboost|p1a: Torkoal|spe|1
|-enditem|p1a: Torkoal|Eject Pack
|
|t:|1757667910
|switch|p1a: Porygon2|Porygon2, L50|100/100
|-ability|p1a: Porygon2|Download|boost
|-boost|p1a: Porygon2|atk|1
|move|p2b: Ludicolo|Weather Ball|p1b: Jumpluff
|-supereffective|p1b: Jumpluff
|-damage|p1b: Jumpluff|0 fnt
|faint|p1b: Jumpluff
|
|-weather|SunnyDay|[upkeep]
|-heal|p2b: Ludicolo|22/100|[from] item: Leftovers
|upkeep
|
|t:|1757667920
|switch|p1b: Ursaluna|Ursaluna, L50, M|100/100
|turn|4
|inactive|patrulheirogeek has 30 seconds left.
|inactive|patrulheirogeek has 20 seconds left.
|inactive|patrulheirogeek has 15 seconds left.
|inactive|patrulheirogeek has 10 seconds left.
|
|t:|1757667966
|switch|p2a: Pelipper|Pelipper, L50, F, shiny, tera:Flying|100/100 slp
|-weather|RainDance|[from] ability: Drizzle|[of] p2a: Pelipper
|move|p1b: Ursaluna|Protect|p1b: Ursaluna
|-singleturn|p1b: Ursaluna|Protect
|move|p2b: Ludicolo|Leech Seed|p1a: Porygon2
|-start|p1a: Porygon2|move: Leech Seed
|move|p1a: Porygon2|Trick Room|p1a: Porygon2
|-fieldstart|move: Trick Room|[of] p1a: Porygon2
|
|-weather|RainDance|[upkeep]
|-heal|p2b: Ludicolo|28/100|[from] item: Leftovers
|-damage|p1a: Porygon2|88/100|[from] Leech Seed|[of] p2b: Ludicolo
|-heal|p2b: Ludicolo|40/100|[silent]
|-status|p1b: Ursaluna|brn|[from] item: Flame Orb
|upkeep
|turn|5
|inactive|patrulheirogeek has 30 seconds left.
|inactive|patrulheirogeek has 20 seconds left.
|inactive|patrulheirogeek has 15 seconds left.
|
|t:|1757668006
|switch|p1a: Torkoal|Torkoal, L50, M, tera:Fire|82/100
|-weather|SunnyDay|[from] ability: Drought|[of] p1a: Torkoal
|switch|p2b: Archaludon|Archaludon, L50, M|100/100
|move|p1b: Ursaluna|Facade|p2b: Archaludon
|-resisted|p2b: Archaludon
|-damage|p2b: Archaludon|50/100
|-ability|p2b: Archaludon|Stamina|boost
|-boost|p2b: Archaludon|def|1
|cant|p2a: Pelipper|slp
|
|-weather|SunnyDay|[upkeep]
|-damage|p1b: Ursaluna|95/100 brn|[from] brn
|upkeep
|turn|6
|inactive|carlitose has 30 seconds left.
|inactive|patrulheirogeek has 30 seconds left.
|inactive|carlitose has 20 seconds left.
|inactive|patrulheirogeek has 20 seconds left.
|inactive|carlitose has 15 seconds left.
|inactive|patrulheirogeek has 15 seconds left.
|inactive|patrulheirogeek has 10 seconds left.
|
|t:|1757668056
|-curestatus|p2a: Pelipper|slp|[msg]
|move|p2a: Pelipper|Wide Guard|p2a: Pelipper
|-singleturn|p2a: Pelipper|Wide Guard
|move|p1a: Torkoal|Overheat|p2a: Pelipper
|-damage|p2a: Pelipper|0 fnt
|-unboost|p1a: Torkoal|spa|2
|faint|p2a: Pelipper
|move|p1b: Ursaluna|Facade|p2b: Archaludon
|-resisted|p2b: Archaludon
|-damage|p2b: Archaludon|19/100
|-ability|p2b: Archaludon|Stamina|boost
|-boost|p2b: Archaludon|def|1
|move|p2b: Archaludon|Draco Meteor|p1b: Ursaluna
|-damage|p1b: Ursaluna|36/100 brn
|-unboost|p2b: Archaludon|spa|2
|
|-weather|SunnyDay|[upkeep]
|-damage|p1b: Ursaluna|30/100 brn|[from] brn
|upkeep
|inactive|patrulheirogeek has 30 seconds left.
|
|t:|1757668083
|switch|p2a: Electabuzz|Electabuzz, L50, F|25/100
|turn|7
|
|t:|1757668107
|move|p2a: Electabuzz|Follow Me|p2a: Electabuzz
|-singleturn|p2a: Electabuzz|move: Follow Me
|move|p1a: Torkoal|Eruption|p2b: Archaludon|[spread] p2a,p2b
|-damage|p2a: Electabuzz|0 fnt
|-damage|p2b: Archaludon|0 fnt
|faint|p2a: Electabuzz
|faint|p2b: Archaludon
|move|p1b: Ursaluna|Headlong Rush|p2: Electabuzz|[notarget]
|-fail|p1b: Ursaluna
|
|-weather|SunnyDay|[upkeep]
|-damage|p1b: Ursaluna|25/100 brn|[from] brn
|upkeep
|
|t:|1757668115
|switch|p2a: Ludicolo|Ludicolo, L50, F, shiny|40/100
|turn|8
|
|t:|1757668121
|move|p2a: Ludicolo|Fake Out|p1a: Torkoal
|-damage|p1a: Torkoal|77/100
|cant|p1a: Torkoal|flinch
|move|p1b: Ursaluna|Facade|p2a: Ludicolo
|-damage|p2a: Ludicolo|0 fnt
|faint|p2a: Ludicolo
|
|win|carlitose
||carlitose is ready for game 2.
||patrulheirogeek is ready for game 2.
|uhtml|next|Next: Game 2 of 3
