|j|☆Its andreas tbh
|j|☆Nathanlikesfeet
|html|Its andreas tbhNathanlikesfeet    
|uhtml|bestof|Game 2 of a best-of-3
|t:|1785928057
|gametype|doubles
|player|p1|Its andreas tbh|2|
|player|p2|Nathanlikesfeet|266|
|gen|9
|tier|[Gen 9 Champions] VGC 2026 Reg M-B (Bo3)
|rule|Species Clause: Limit one of each Pokémon
|rule|Item Clause: Limit 1 of each item
|clearpoke
|poke|p1|Klefki, L50, F|
|poke|p1|Sinistcha, L50|
|poke|p1|Oranguru, L50, M|
|poke|p1|Aggron, L50, M|
|poke|p1|Politoed, L50, F|
|poke|p1|Clawitzer, L50, M|
|poke|p2|Tyranitar, L50, M|
|poke|p2|Excadrill, L50, F|
|poke|p2|Houndstone, L50, M|
|poke|p2|Hydreigon, L50, M|
|poke|p2|Rotom-Wash, L50|
|poke|p2|Scovillain, L50, F|
|teampreview|4
|showteam|p1|Klefki||LightClay|Prankster|LightScreen,Reflect,RainDance,DazzlingGleam|Calm||F|||50|]Sinistcha||SitrusBerry|Hospitality|MatchaGotcha,LifeDew,RagePowder,TrickRoom|Relaxed|||||50|]Oranguru||ColburBerry|InnerFocus|TrickRoom,Instruct,Protect,Taunt|Calm||M|||50|]Aggron||Aggronite|Sturdy|IronDefense,BodyPress,HeavySlam,Protect|Adamant||M|||50|]Politoed||Leftovers|Drizzle|MuddyWater,WeatherBall,IceBeam,Protect|Quiet||F|||50|]Clawitzer||LifeOrb|MegaLauncher|MuddyWater,DarkPulse,Protect,AuraSphere|Quiet||M|||50|
|showteam|p2|Tyranitar||Tyranitarite|SandStream|RockSlide,KnockOff,StealthRock,Protect|Adamant||M|||50|]Excadrill||FocusSash|SandRush|Earthquake,IronHead,RockSlide,Protect|Adamant||F|||50|]Houndstone||SitrusBerry|SandRush|LastRespects,WillOWisp,StompingTantrum,Protect|Jolly||M|||50|]Hydreigon||LifeOrb|Levitate|DarkPulse,DracoMeteor,HeatWave,Protect|Modest||M|||50|]Rotom-Wash||LightClay|Levitate|LightScreen,Reflect,HydroPump,WillOWisp|Modest|||||50|]Scovillain||Scovillainite|Chlorophyll|Flamethrower,GigaDrain,LeechSeed,RagePowder|Modest||F|||50|
|inactive|Battle timer is ON: inactive players will automatically lose when time's up. (requested by Its andreas tbh)
|inactiveoff|Battle timer is now OFF.
|
|t:|1785928082
|teamsize|p1|4
|teamsize|p2|4
|start
|switch|p1a: Oranguru|Oranguru, L50, M|100/100
|switch|p1b: Clawitzer|Clawitzer, L50, M|100/100
|switch|p2a: Rotom|Rotom-Wash, L50|100/100
|switch|p2b: Hydreigon|Hydreigon, L50, M|100/100
|turn|1
|
|t:|1785928103
|move|p1b: Clawitzer|Protect|p1b: Clawitzer
|-singleturn|p1b: Clawitzer|Protect
|move|p2b: Hydreigon|Draco Meteor|p1a: Oranguru
|-damage|p1a: Oranguru|28/100
|-unboost|p2b: Hydreigon|spa|2
|-damage|p2b: Hydreigon|90/100|[from] item: Life Orb
|move|p2a: Rotom|Light Screen|p2a: Rotom
|-sidestart|p2: Nathanlikesfeet|move: Light Screen
|move|p1a: Oranguru|Trick Room|p1a: Oranguru
|-fieldstart|move: Trick Room|[of] p1a: Oranguru
|
|upkeep
|turn|2
|
|t:|1785928126
|move|p2b: Hydreigon|Protect|p2b: Hydreigon
|-singleturn|p2b: Hydreigon|Protect
|move|p1b: Clawitzer|Aura Sphere|p2b: Hydreigon
|-activate|p2b: Hydreigon|move: Protect
|move|p1a: Oranguru|Instruct|p1b: Clawitzer
|-singleturn|p1b: Clawitzer|move: Instruct|[of] p1a: Oranguru
|move|p1b: Clawitzer|Aura Sphere|p2b: Hydreigon
|-activate|p2b: Hydreigon|move: Protect
|move|p2a: Rotom|Hydro Pump|p1a: Oranguru
|-damage|p1a: Oranguru|0 fnt
|faint|p1a: Oranguru
|
|upkeep
|
|t:|1785928130
|switch|p1a: Aggron|Aggron, L50, M|100/100
|turn|3
|
|t:|1785928150
|move|p1a: Aggron|Protect|p1a: Aggron
|-singleturn|p1a: Aggron|Protect
|move|p1b: Clawitzer|Aura Sphere|p2b: Hydreigon
|-supereffective|p2b: Hydreigon|1
|-damage|p2b: Hydreigon|0 fnt
|faint|p2b: Hydreigon
|-damage|p1b: Clawitzer|90/100|[from] item: Life Orb
|move|p2a: Rotom|Will-O-Wisp|p1a: Aggron
|-activate|p1a: Aggron|move: Protect
|
|upkeep
|
|t:|1785928162
|switch|p2b: Scovillain|Scovillain, L50, F|100/100
|turn|4
|
|t:|1785928178
|switch|p1a: Politoed|Politoed, L50, F|100/100
|-weather|RainDance|[from] ability: Drizzle|[of] p1a: Politoed
|detailschange|p2b: Scovillain|Scovillain-Mega, L50, F
|-mega|p2b: Scovillain|Scovillain|Scovillainite
|move|p1b: Clawitzer|Muddy Water|p2a: Rotom|[spread] p2a,p2b
|-resisted|p2a: Rotom|1
|-crit|p2a: Rotom
|-damage|p2a: Rotom|46/100
|-damage|p2b: Scovillain|47/100
|-unboost|p2a: Rotom|accuracy|1
|-status|p1b: Clawitzer|brn|[from] ability: Spicy Spray|[of] p2b: Scovillain
|-damage|p1b: Clawitzer|80/100 brn|[from] item: Life Orb
|move|p2b: Scovillain|Giga Drain|p1b: Clawitzer
|-supereffective|p1b: Clawitzer|1
|-damage|p1b: Clawitzer|0 fnt
|-heal|p2b: Scovillain|90/100|[from] drain|[of] p1b: Clawitzer
|faint|p1b: Clawitzer
|move|p2a: Rotom|Will-O-Wisp|p1a: Politoed|[miss]
|-miss|p2a: Rotom|p1a: Politoed
|
|-weather|RainDance|[upkeep]
|upkeep
|
|t:|1785928193
|switch|p1b: Aggron|Aggron, L50, M|100/100
|turn|5
|
|t:|1785928209
|detailschange|p1b: Aggron|Aggron-Mega, L50, M
|-mega|p1b: Aggron|Aggron|Aggronite
|move|p1b: Aggron|Iron Defense|p1b: Aggron
|-boost|p1b: Aggron|def|2
|move|p1a: Politoed|Weather Ball|p2b: Scovillain
|-damage|p2b: Scovillain|47/100
|-status|p1a: Politoed|brn|[from] ability: Spicy Spray|[of] p2b: Scovillain
|move|p2b: Scovillain|Giga Drain|p1a: Politoed
|-supereffective|p1a: Politoed|1
|-damage|p1a: Politoed|35/100 brn
|-heal|p2b: Scovillain|85/100|[from] drain|[of] p1a: Politoed
|move|p2a: Rotom|Will-O-Wisp|p1b: Aggron
|-status|p1b: Aggron|brn
|
|-weather|RainDance|[upkeep]
|-heal|p1a: Politoed|41/100 brn|[from] item: Leftovers
|-damage|p1b: Aggron|93/100 brn|[from] brn
|-damage|p1a: Politoed|35/100 brn|[from] brn
|-fieldend|move: Trick Room
|upkeep
|turn|6
|
|t:|1785928235
|move|p2a: Rotom|Reflect|p2a: Rotom
|-sidestart|p2: Nathanlikesfeet|Reflect
|move|p2b: Scovillain|Giga Drain|p1a: Politoed
|-supereffective|p1a: Politoed|1
|-damage|p1a: Politoed|0 fnt
|-heal|p2b: Scovillain|100/100|[from] drain|[of] p1a: Politoed
|faint|p1a: Politoed
|move|p1b: Aggron|Body Press|p2b: Scovillain
|-damage|p2b: Scovillain|74/100
|
|-weather|RainDance|[upkeep]
|-damage|p1b: Aggron|87/100 brn|[from] brn
|upkeep
|turn|7
|-message|Its andreas tbh forfeited.
|
|win|Nathanlikesfeet
