|j|☆Zachkahan
|j|☆Cristante terabug
|html|ZachkahanCristante terabug    
|uhtml|bestof|Game 2 of a best-of-3
|t:|1756241477
|gametype|doubles
|player|p1|Zachkahan|266|1043
|player|p2|Cristante terabug|kieran-champion|1139
|gen|9
|tier|[Gen 9] VGC 2025 Reg H (Bo3)
|rated|
|rule|Species Clause: Limit one of each Pokémon
|rule|Item Clause: Limit 1 of each item
|clearpoke
|poke|p1|Sneasler, L50, F|
|poke|p1|Incineroar, L50, M|
|poke|p1|Gholdengo, L50|
|poke|p1|Dragonite, L50, M|
|poke|p1|Amoonguss, L50, F|
|poke|p1|Ursaluna-Bloodmoon, L50, M|
|poke|p2|Sneasler, L50, M|
|poke|p2|Gholdengo, L50|
|poke|p2|Rillaboom, L50, F|
|poke|p2|Kommo-o, L50, M|
|poke|p2|Ninetales-Alola, L50, F|
|poke|p2|Basculegion, L50, M|
|teampreview|4
|showteam|p1|Sneasler||FocusSash|PoisonTouch|DireClaw,CloseCombat,ThroatChop,Protect|||F|||50|,,,,,Stellar]Incineroar||SafetyGoggles|Intimidate|FakeOut,FlareBlitz,KnockOff,PartingShot|||M|||50|,,,,,Ghost]Gholdengo||LifeOrb|GoodasGold|MakeItRain,ShadowBall,NastyPlot,Protect||||||50|,,,,,Water]Dragonite||LoadedDice|Multiscale|ScaleShot,StompingTantrum,Tailwind,Protect|||M|||50|,,,,,Ground]Amoonguss||MentalHerb|Regenerator|PollenPuff,Spore,RagePowder,Protect|||F|||50|,,,,,Psychic]Ursaluna-Bloodmoon||AssaultVest|MindsEye|BloodMoon,HyperVoice,EarthPower,VacuumWave|||M|||50|,,,,,Normal
|showteam|p2|Sneasler||GrassySeed|Unburden|CloseCombat,DireClaw,Coaching,Protect|||M|||50|,,,,,Stellar]Gholdengo||LifeOrb|GoodasGold|MakeItRain,NastyPlot,Protect,ShadowBall||||||50|,,,,,Water]Rillaboom||AssaultVest|GrassySurge|FakeOut,GrassyGlide,DrumBeating,HighHorsepower|||F|||50|,,,,,Fire]Kommo-o||Leftovers|Overcoat|BodyPress,IronDefense,Flamethrower,Protect|||M|||50|,,,,,Fire]Ninetales-Alola||FocusSash|SnowCloak|Blizzard,AuroraVeil,Encore,Protect|||F|||50|,,,,,Water]Basculegion||ChoiceScarf|Adaptability|WaveCrash,LastRespects,FlipTurn,TeraBlast|||M|||50|,,,,,Fighting
|inactive|Battle timer is ON: inactive players will automatically lose when time's up. (requested by Cristante terabug)
|
|t:|1756241500
|teamsize|p1|4
|teamsize|p2|4
|start
|switch|p1a: Gholdengo|Gholdengo, L50|100/100
|switch|p1b: Incineroar|Incineroar, L50, M|100/100
|switch|p2a: Basculegion|Basculegion, L50, M|100/100
|switch|p2b: Rillaboom|Rillaboom, L50, F|100/100
|-fieldstart|move: Grassy Terrain|[from] ability: Grassy Surge|[of] p2b: Rillaboom
|-ability|p1b: Incineroar|Intimidate|boost
|-unboost|p2a: Basculegion|atk|1
|-unboost|p2b: Rillaboom|atk|1
|turn|1
|
|t:|1756241514
|move|p2a: Basculegion|Last Respects|p1a: Gholdengo
|-supereffective|p1a: Gholdengo
|-damage|p1a: Gholdengo|58/100
|move|p2b: Rillaboom|High Horsepower|p1a: Gholdengo
|-supereffective|p1a: Gholdengo
|-damage|p1a: Gholdengo|18/100
|move|p1a: Gholdengo|Nasty Plot|p1a: Gholdengo
|-boost|p1a: Gholdengo|spa|2
|move|p1b: Incineroar|Knock Off|p2a: Basculegion
|-supereffective|p2a: Basculegion
|-damage|p2a: Basculegion|9/100
|-enditem|p2a: Basculegion|Choice Scarf|[from] move: Knock Off|[of] p1b: Incineroar
|
|-heal|p2a: Basculegion|15/100|[from] Grassy Terrain
|-heal|p1a: Gholdengo|24/100|[from] Grassy Terrain
|upkeep
|turn|2
|
|t:|1756241531
|switch|p2a: Gholdengo|Gholdengo, L50|100/100
|move|p1a: Gholdengo|Protect|p1a: Gholdengo
|-singleturn|p1a: Gholdengo|Protect
|move|p2b: Rillaboom|High Horsepower|p1a: Gholdengo
|-activate|p1a: Gholdengo|move: Protect
|move|p1b: Incineroar|Knock Off|p2a: Gholdengo
|-supereffective|p2a: Gholdengo
|-damage|p2a: Gholdengo|15/100
|-enditem|p2a: Gholdengo|Life Orb|[from] move: Knock Off|[of] p1b: Incineroar
|
|-heal|p2a: Gholdengo|21/100|[from] Grassy Terrain
|-heal|p1a: Gholdengo|30/100|[from] Grassy Terrain
|upkeep
|turn|3
|
|t:|1756241554
|switch|p1a: Amoonguss|Amoonguss, L50, F|100/100
|-terastallize|p2b: Rillaboom|Fire
|move|p2a: Gholdengo|Protect|p2a: Gholdengo
|-singleturn|p2a: Gholdengo|Protect
|move|p2b: Rillaboom|High Horsepower|p1a: Amoonguss
|-damage|p1a: Amoonguss|87/100
|move|p1b: Incineroar|Flare Blitz|p2b: Rillaboom
|-resisted|p2b: Rillaboom
|-damage|p2b: Rillaboom|77/100
|-damage|p1b: Incineroar|93/100|[from] Recoil
|
|-heal|p2b: Rillaboom|83/100|[from] Grassy Terrain
|-heal|p2a: Gholdengo|27/100|[from] Grassy Terrain
|-heal|p1b: Incineroar|99/100|[from] Grassy Terrain
|-heal|p1a: Amoonguss|93/100|[from] Grassy Terrain
|upkeep
|turn|4
|
|t:|1756241580
|move|p2b: Rillaboom|High Horsepower|p1b: Incineroar
|-supereffective|p1b: Incineroar
|-damage|p1b: Incineroar|70/100
|move|p2a: Gholdengo|Make It Rain|p1a: Amoonguss|[spread] p1a,p1b
|-resisted|p1b: Incineroar
|-damage|p1a: Amoonguss|51/100
|-damage|p1b: Incineroar|50/100
|-unboost|p2a: Gholdengo|spa|1
|move|p1b: Incineroar|Flare Blitz|p2a: Gholdengo
|-supereffective|p2a: Gholdengo
|-damage|p2a: Gholdengo|0 fnt
|faint|p2a: Gholdengo
|-damage|p1b: Incineroar|42/100|[from] Recoil
|move|p1a: Amoonguss|Spore|p2b: Rillaboom
|-status|p2b: Rillaboom|slp|[from] move: Spore
|
|-heal|p2b: Rillaboom|88/100 slp|[from] Grassy Terrain
|-heal|p1b: Incineroar|48/100|[from] Grassy Terrain
|-heal|p1a: Amoonguss|57/100|[from] Grassy Terrain
|upkeep
|
|t:|1756241589
|switch|p2a: Basculegion|Basculegion, L50, M|15/100
|turn|5
|
|t:|1756241597
|move|p1a: Amoonguss|Rage Powder|p1a: Amoonguss
|-singleturn|p1a: Amoonguss|move: Rage Powder
|cant|p2b: Rillaboom|slp
|move|p2a: Basculegion|Flip Turn|p1a: Amoonguss
|-resisted|p1a: Amoonguss
|-damage|p1a: Amoonguss|42/100
|
|t:|1756241602
|switch|p2a: Sneasler|Sneasler, L50, M|100/100|[from] Flip Turn
|-enditem|p2a: Sneasler|Grassy Seed
|-boost|p2a: Sneasler|def|1|[from] item: Grassy Seed
|move|p1b: Incineroar|Knock Off|p2a: Sneasler
|-resisted|p2a: Sneasler
|-damage|p2a: Sneasler|88/100
|
|-heal|p2a: Sneasler|94/100|[from] Grassy Terrain
|-heal|p2b: Rillaboom|94/100 slp|[from] Grassy Terrain
|-heal|p1b: Incineroar|54/100|[from] Grassy Terrain
|-heal|p1a: Amoonguss|48/100|[from] Grassy Terrain
|-fieldend|move: Grassy Terrain
|upkeep
|turn|6
|
|t:|1756241614
|switch|p1a: Ursaluna|Ursaluna-Bloodmoon, L50, M|100/100
|move|p2a: Sneasler|Dire Claw|p1a: Ursaluna
|-resisted|p1a: Ursaluna
|-damage|p1a: Ursaluna|86/100
|cant|p2b: Rillaboom|slp
|move|p1b: Incineroar|Parting Shot|p2b: Rillaboom
|-unboost|p2b: Rillaboom|atk|1
|-unboost|p2b: Rillaboom|spa|1
|
|t:|1756241630
|switch|p1b: Amoonguss|Amoonguss, L50, F|81/100|[from] Parting Shot
|
|upkeep
|turn|7
|
|t:|1756241640
|switch|p1b: Incineroar|Incineroar, L50, M|54/100
|-ability|p1b: Incineroar|Intimidate|boost
|-unboost|p2a: Sneasler|atk|1
|-unboost|p2b: Rillaboom|atk|1
|-terastallize|p1a: Ursaluna|Normal
|move|p2a: Sneasler|Dire Claw|p1b: Incineroar
|-damage|p1b: Incineroar|31/100
|-curestatus|p2b: Rillaboom|slp|[msg]
|move|p2b: Rillaboom|Drum Beating|p1a: Ursaluna
|-damage|p1a: Ursaluna|74/100
|-unboost|p1a: Ursaluna|spe|1
|move|p1a: Ursaluna|Hyper Voice|p2b: Rillaboom|[spread] p2a,p2b
|-damage|p2a: Sneasler|36/100
|-damage|p2b: Rillaboom|50/100
|
|upkeep
|turn|8
|-message|Cristante terabug forfeited.
|
|win|Zachkahan
|l|☆Cristante terabug
|player|p2|
|j|☆Cristante terabug
|player|p2|Cristante terabug|kieran-champion|
