|j|☆nationfly
|j|☆raksbach123
|html|nationflyraksbach123    
|uhtml|bestof|Game 2 of a best-of-3
|t:|1784724108
|gametype|doubles
|player|p1|nationfly|unknown|1141
|player|p2|raksbach123|2|1154
|gen|9
|tier|[Gen 9 Champions] VGC 2026 Reg M-B (Bo3)
|rated|
|rule|Species Clause: Limit one of each Pokémon
|rule|Item Clause: Limit 1 of each item
|clearpoke
|poke|p1|Camerupt, L50, F, shiny|
|poke|p1|Farigiraf, L50, M|
|poke|p1|Sylveon, L50, M|
|poke|p1|Basculegion, L50, M|
|poke|p1|Venusaur, L50, M|
|poke|p1|Garchomp, L50, F|
|poke|p2|Incineroar, L50, M|
|poke|p2|Kingambit, L50, F|
|poke|p2|Sinistcha, L50|
|poke|p2|Sneasler, L50, F|
|poke|p2|Blastoise, L50, F|
|poke|p2|Delphox, L50, F|
|teampreview|4
|showteam|p1|Camerupt||Cameruptite|SolidRock|HeatWave,EarthPower,Eruption,Protect|Quiet||F|||50|]Farigiraf||ColburBerry|ArmorTail|Thunderbolt,PsychicFangs,TrickRoom,HelpingHand|Relaxed||M|||50|]Sylveon||FairyFeather|Pixilate|HyperVoice,HyperBeam,QuickAttack,Protect|Modest||M|||50|]Basculegion||LifeOrb|Adaptability|WaveCrash,LastRespects,AquaJet,Protect|Adamant||M|||50|]Venusaur||Venusaurite|Chlorophyll|SludgeBomb,GigaDrain,EarthPower,Protect|Modest||M|||50|]Garchomp||ChoiceScarf|RoughSkin|DragonClaw,RockSlide,StompingTantrum,Earthquake|Adamant||F|||50|
|showteam|p2|Incineroar||SitrusBerry|Intimidate|FakeOut,FlareBlitz,ThroatChop,PartingShot|Impish||M|||50|]Kingambit||BlackGlasses|Defiant|KowtowCleave,SuckerPunch,SwordsDance,Protect|Adamant||F|||50|]Sinistcha||OccaBerry|Hospitality|MatchaGotcha,RagePowder,TrickRoom,Protect|Relaxed|||||50|]Sneasler||FocusSash|PoisonTouch|FakeOut,CloseCombat,PoisonJab,QuickGuard|Jolly||F|||50|]Blastoise||Blastoisinite|RainDish|WaterSpout,DarkPulse,ShellSmash,Protect|Modest||F|||50|]Delphox||Delphoxite|Blaze|HeatWave,Psychic,NastyPlot,Protect|Timid||F|||50|
|inactive|Battle timer is ON: inactive players will automatically lose when time's up. (requested by raksbach123)
|inactive|nationfly has 60 seconds left.
|
|t:|1784724152
|teamsize|p1|4
|teamsize|p2|4
|start
|switch|p1a: Farigiraf|Farigiraf, L50, M|100/100
|switch|p1b: Garchomp|Garchomp, L50, F|100/100
|switch|p2a: Kingambit|Kingambit, L50, F|100/100
|switch|p2b: Sneasler|Sneasler, L50, F|100/100
|turn|1
|
|t:|1784724170
|switch|p2a: Sinistcha|Sinistcha, L50|100/100
|move|p1b: Garchomp|Stomping Tantrum|p2a: Sinistcha
|-resisted|p2a: Sinistcha|1
|-damage|p2a: Sinistcha|83/100
|move|p2b: Sneasler|Poison Jab|p1a: Farigiraf
|-damage|p1a: Farigiraf|69/100
|-status|p1a: Farigiraf|psn
|move|p1a: Farigiraf|Psychic Fangs|p2b: Sneasler
|-supereffective|p2b: Sneasler|2
|-enditem|p2b: Sneasler|Focus Sash
|-damage|p2b: Sneasler|1/100
|
|-damage|p1a: Farigiraf|57/100 psn|[from] psn
|upkeep
|turn|2
|
|t:|1784724192
|switch|p2b: Delphox|Delphox, L50, F|100/100
|move|p1b: Garchomp|Stomping Tantrum|p2b: Delphox
|-supereffective|p2b: Delphox|1
|-damage|p2b: Delphox|5/100
|move|p2a: Sinistcha|Matcha Gotcha|p1a: Farigiraf|[spread] p1a,p1b
|-damage|p1a: Farigiraf|33/100 psn
|-heal|p2a: Sinistcha|98/100|[from] drain|[of] p1a: Farigiraf
|-damage|p1b: Garchomp|75/100
|-heal|p2a: Sinistcha|100/100|[from] drain|[of] p1b: Garchomp
|move|p1a: Farigiraf|Psychic Fangs|p2a: Sinistcha
|-damage|p2a: Sinistcha|79/100
|
|-damage|p1a: Farigiraf|21/100 psn|[from] psn
|upkeep
|turn|3
|
|t:|1784724215
|switch|p1b: Basculegion|Basculegion, L50, M|100/100
|detailschange|p2b: Delphox|Delphox-Mega, L50, F
|-mega|p2b: Delphox|Delphox|Delphoxite
|move|p2a: Sinistcha|Rage Powder|p2a: Sinistcha
|-singleturn|p2a: Sinistcha|move: Rage Powder
|move|p2b: Delphox|Nasty Plot|p2b: Delphox
|-boost|p2b: Delphox|spa|2
|move|p1a: Farigiraf|Trick Room|p1a: Farigiraf
|-fieldstart|move: Trick Room|[of] p1a: Farigiraf
|
|-damage|p1a: Farigiraf|8/100 psn|[from] psn
|upkeep
|turn|4
|
|t:|1784724237
|move|p1b: Basculegion|Protect|p1b: Basculegion
|-singleturn|p1b: Basculegion|Protect
|move|p2a: Sinistcha|Rage Powder|p2a: Sinistcha
|-singleturn|p2a: Sinistcha|move: Rage Powder
|move|p1a: Farigiraf|Psychic Fangs|p2a: Sinistcha
|-damage|p2a: Sinistcha|57/100
|move|p2b: Delphox|Psychic|p1b: Basculegion
|-activate|p1b: Basculegion|move: Protect
|
|-damage|p1a: Farigiraf|0 fnt|[from] psn
|faint|p1a: Farigiraf
|upkeep
|
|t:|1784724245
|switch|p1a: Sylveon|Sylveon, L50, M|100/100
|turn|5
|
|t:|1784724256
|move|p2b: Delphox|Protect|p2b: Delphox
|-singleturn|p2b: Delphox|Protect
|move|p1a: Sylveon|Hyper Voice|p2b: Delphox|[spread] p2a
|-activate|p2b: Delphox|move: Protect
|-damage|p2a: Sinistcha|5/100
|move|p1b: Basculegion|Last Respects|p2a: Sinistcha
|-supereffective|p2a: Sinistcha|1
|-damage|p2a: Sinistcha|0 fnt
|faint|p2a: Sinistcha
|-damage|p1b: Basculegion|90/100|[from] item: Life Orb
|
|upkeep
|
|t:|1784724264
|switch|p2a: Kingambit|Kingambit, L50, F|100/100
|turn|6
|inactive|nationfly has 30 seconds left.
|inactive|nationfly has 20 seconds left.
|inactive|nationfly has 15 seconds left.
|inactive|nationfly has 10 seconds left.
|inactive|nationfly has 5 seconds left.
|
|t:|1784724319
|move|p2a: Kingambit|Protect|p2a: Kingambit
|-singleturn|p2a: Kingambit|Protect
|move|p1a: Sylveon|Hyper Voice|p2b: Delphox|[spread] p2b
|-activate|p2a: Kingambit|move: Protect
|-resisted|p2b: Delphox|1
|-damage|p2b: Delphox|0 fnt
|faint|p2b: Delphox
|move|p1b: Basculegion|Wave Crash|p2a: Kingambit
|-activate|p2a: Kingambit|move: Protect
|
|upkeep
|
|t:|1784724328
|switch|p2b: Sneasler|Sneasler, L50, F|1/100
|turn|7
|
|t:|1784724336
|move|p1a: Sylveon|Protect|p1a: Sylveon
|-singleturn|p1a: Sylveon|Protect
|move|p1b: Basculegion|Protect|p1b: Basculegion
|-singleturn|p1b: Basculegion|Protect
|move|p2b: Sneasler|Fake Out|p1a: Sylveon
|-activate|p1a: Sylveon|move: Protect
|move|p2a: Kingambit|Kowtow Cleave|p1b: Basculegion
|-activate|p1b: Basculegion|move: Protect
|
|-fieldend|move: Trick Room
|upkeep
|turn|8
|inactive|nationfly has 30 seconds left.
|
|t:|1784724367
|move|p1b: Basculegion|Aqua Jet|p2b: Sneasler
|-damage|p2b: Sneasler|0 fnt
|faint|p2b: Sneasler
|-damage|p1b: Basculegion|80/100|[from] item: Life Orb
|move|p2a: Kingambit|Sucker Punch||[still]
|-fail|p2a: Kingambit
|move|p1a: Sylveon|Hyper Voice|p2a: Kingambit
|-damage|p2a: Kingambit|47/100
|
|upkeep
|turn|9
|-message|raksbach123 forfeited.
|
|win|nationfly
|raw|nationfly's rating: 1141 → 1167(+26 for winning)
|raw|raksbach123's rating: 1154 → 1128(-26 for losing)
