|j|☆slowpoke.jpg
|j|☆il figlio di pio
|html|slowpoke.jpgil figlio di pio    
|uhtml|bestof|Game 2 of a best-of-3
|t:|1756855385
|gametype|doubles
|player|p1|slowpoke.jpg|fisherman-gen4|1258
|player|p2|il figlio di pio|265|1461
|gen|9
|tier|[Gen 9] VGC 2025 Reg H (Bo3)
|rated|
|rule|Species Clause: Limit one of each Pokémon
|rule|Item Clause: Limit 1 of each item
|clearpoke
|poke|p1|Sneasler, L50, M|
|poke|p1|Indeedee, L50, M|
|poke|p1|Volcarona, L50, F|
|poke|p1|Ursaluna-Bloodmoon, L50, M|
|poke|p1|Annihilape, L50, F|
|poke|p1|Tyranitar, L50, M|
|poke|p2|Dragonite, L50, F|
|poke|p2|Gholdengo, L50|
|poke|p2|Ursaluna-Bloodmoon, L50, M|
|poke|p2|Annihilape, L50, M|
|poke|p2|Maushold-Four, L50|
|poke|p2|Rillaboom, L50, F|
|teampreview|4
|showteam|p1|Sneasler||PsychicSeed|Unburden|CloseCombat,DireClaw,ThroatChop,Protect|||M|||50|,,,,,Dark]Indeedee||ChoiceScarf|PsychicSurge|ExpandingForce,TeraBlast,Trick,Protect|||M|||50|,,,,,Psychic]Volcarona||SitrusBerry|FlameBody|Flamethrower,StruggleBug,RagePowder,Tailwind|||F|||50|,,,,,Grass]Ursaluna-Bloodmoon||LifeOrb|MindsEye|BloodMoon,HyperVoice,EarthPower,Protect|||M|||50|,,,,,Normal]Annihilape||SafetyGoggles|Defiant|CloseCombat,RageFist,Taunt,FinalGambit|||F|||50|,,,,,Fairy]Tyranitar||AssaultVest|SandStream|RockSlide,KnockOff,TeraBlast,LowKick|||M|||50|,,,,,Flying
|showteam|p2|Dragonite||LoadedDice|Multiscale|ScaleShot,Tailwind,Haze,Protect|||F|||50|,,,,,Fairy]Gholdengo||LifeOrb|GoodasGold|MakeItRain,ShadowBall,NastyPlot,Protect||||||50|,,,,,Water]Ursaluna-Bloodmoon||AssaultVest|MindsEye|BloodMoon,EarthPower,HyperVoice,VacuumWave|||M|||50|,,,,,Water]Annihilape||SitrusBerry|Defiant|DrainPunch,RageFist,BulkUp,Protect|||M|||50|,,,,,Fire]Maushold-Four||FocusSash|FriendGuard|Taunt,BeatUp,FollowMe,Protect||||||50|,,,,,Ghost]Rillaboom||MiracleSeed|GrassySurge|WoodHammer,GrassyGlide,HighHorsepower,FakeOut|||F|||50|,,,,,Fire
|inactive|Battle timer is ON: inactive players will automatically lose when time's up. (requested by il figlio di pio)
|
|t:|1756855407
|teamsize|p1|4
|teamsize|p2|4
|start
|switch|p1a: Volcarona|Volcarona, L50, F|100/100
|switch|p1b: Tyranitar|Tyranitar, L50, M|100/100
|switch|p2a: Maushold|Maushold-Four, L50|100/100
|switch|p2b: Annihilape|Annihilape, L50, M|100/100
|-weather|Sandstorm|[from] ability: Sand Stream|[of] p1b: Tyranitar
|turn|1
|
|t:|1756855413
|-terastallize|p2b: Annihilape|Fire
|-terastallize|p1b: Tyranitar|Flying
|move|p2a: Maushold|Taunt|p1a: Volcarona
|-start|p1a: Volcarona|move: Taunt
|cant|p1a: Volcarona|move: Taunt|Tailwind
|move|p2b: Annihilape|Bulk Up|p2b: Annihilape
|-boost|p2b: Annihilape|atk|1
|-boost|p2b: Annihilape|def|1
|move|p1b: Tyranitar|Tera Blast|p2b: Annihilape|[anim] Tera Blast Flying
|-damage|p2b: Annihilape|78/100
|
|-weather|Sandstorm|[upkeep]
|-damage|p2a: Maushold|94/100|[from] Sandstorm
|-damage|p1a: Volcarona|94/100|[from] Sandstorm
|-damage|p2b: Annihilape|72/100|[from] Sandstorm
|-damage|p1b: Tyranitar|95/100|[from] Sandstorm
|upkeep
|turn|2
|
|t:|1756855435
|switch|p1a: Sneasler|Sneasler, L50, M|100/100
|move|p2a: Maushold|Beat Up|p2b: Annihilape
|-damage|p2b: Annihilape|71/100
|-damage|p2b: Annihilape|69/100
|-damage|p2b: Annihilape|67/100
|-damage|p2b: Annihilape|65/100
|-hitcount|p2b: Annihilape|4
|move|p2b: Annihilape|Rage Fist|p1b: Tyranitar
|-damage|p1b: Tyranitar|0 fnt
|faint|p1b: Tyranitar
|
|-weather|Sandstorm|[upkeep]
|-damage|p2a: Maushold|88/100|[from] Sandstorm
|-damage|p1a: Sneasler|95/100|[from] Sandstorm
|-damage|p2b: Annihilape|59/100|[from] Sandstorm
|upkeep
|
|t:|1756855439
|switch|p1b: Indeedee|Indeedee, L50, M|100/100
|-fieldstart|move: Psychic Terrain|[from] ability: Psychic Surge|[of] p1b: Indeedee
|-enditem|p1a: Sneasler|Psychic Seed
|-boost|p1a: Sneasler|spd|1|[from] item: Psychic Seed
|turn|3
|
|t:|1756855454
|move|p2a: Maushold|Follow Me|p2a: Maushold
|-singleturn|p2a: Maushold|move: Follow Me
|move|p1a: Sneasler|Dire Claw|p2a: Maushold
|-damage|p2a: Maushold|30/100
|move|p1b: Indeedee|Expanding Force|p2b: Annihilape|[spread] p2a,p2b
|-crit|p2a: Maushold
|-damage|p2a: Maushold|0 fnt
|-damage|p2b: Annihilape|18/100
|-enditem|p2b: Annihilape|Sitrus Berry|[eat]
|-heal|p2b: Annihilape|43/100|[from] item: Sitrus Berry
|faint|p2a: Maushold
|move|p2b: Annihilape|Drain Punch|p1b: Indeedee
|-damage|p1b: Indeedee|0 fnt
|-heal|p2b: Annihilape|75/100|[from] drain|[of] p1b: Indeedee
|faint|p1b: Indeedee
|
|-weather|Sandstorm|[upkeep]
|-damage|p1a: Sneasler|89/100|[from] Sandstorm
|-damage|p2b: Annihilape|69/100|[from] Sandstorm
|upkeep
|
|t:|1756855470
|switch|p2a: Dragonite|Dragonite, L50, F|100/100
|switch|p1b: Volcarona|Volcarona, L50, F|94/100
|turn|4
|
|t:|1756855478
|move|p1a: Sneasler|Dire Claw|p2b: Annihilape
|-damage|p2b: Annihilape|38/100
|-status|p2b: Annihilape|par
|move|p1b: Volcarona|Flamethrower|p2a: Dragonite
|-resisted|p2a: Dragonite
|-damage|p2a: Dragonite|90/100
|move|p2a: Dragonite|Tailwind|p2a: Dragonite
|-sidestart|p2: il figlio di pio|move: Tailwind
|move|p2b: Annihilape|Rage Fist|p1a: Sneasler
|-damage|p1a: Sneasler|0 fnt
|faint|p1a: Sneasler
|
|-weather|Sandstorm|[upkeep]
|-damage|p2a: Dragonite|84/100|[from] Sandstorm
|-damage|p1b: Volcarona|88/100|[from] Sandstorm
|-damage|p2b: Annihilape|32/100 par|[from] Sandstorm
|upkeep
|turn|5
|-message|slowpoke.jpg forfeited.
|
|win|il figlio di pio
||slowpoke.jpg is ready for game 3.
||il figlio di pio is ready for game 3.
|uhtml|next|Next: Game 3 of 3
|l|☆il figlio di pio
|player|p2|
