|j|☆MrTedno
|j|☆Unga unga vgc
|html|MrTednoUnga unga vgc    
|uhtml|bestof|Game 3 of a best-of-3
|t:|1756898324
|gametype|doubles
|player|p1|MrTedno|barry|1282
|player|p2|Unga unga vgc|youngster-gen4dp|1205
|gen|9
|tier|[Gen 9] VGC 2025 Reg H (Bo3)
|rated|
|rule|Species Clause: Limit one of each Pokémon
|rule|Item Clause: Limit 1 of each item
|clearpoke
|poke|p1|Ninetales-Alola, L50, F|
|poke|p1|Garchomp, L50, M|
|poke|p1|Dragonite, L50, F|
|poke|p1|Incineroar, L50, M|
|poke|p1|Gholdengo, L50|
|poke|p1|Farigiraf, L50, M|
|poke|p2|Tyranitar, L50, M|
|poke|p2|Garchomp, L50, M|
|poke|p2|Kilowattrel, L50, F|
|poke|p2|Gastrodon, L50, M|
|poke|p2|Gholdengo, L50|
|poke|p2|Amoonguss, L50, F|
|teampreview|4
|showteam|p1|Ninetales-Alola||FocusSash|SnowWarning|Encore,Blizzard,FreezeDry,Protect|||F|||50|,,,,,Ghost]Garchomp||ClearAmulet|RoughSkin|Earthquake,DragonClaw,StompingTantrum,Protect|||M|||50|,,,,,Ground]Dragonite||LumBerry|InnerFocus|TeraBlast,LowKick,ExtremeSpeed,Protect|||F|||50|,,,,,Flying]Incineroar||SafetyGoggles|Intimidate|FakeOut,PartingShot,FlareBlitz,KnockOff|||M|||50|,,,,,Ghost]Gholdengo||LifeOrb|GoodasGold|ShadowBall,MakeItRain,NastyPlot,Protect||||||50|,,,,,Flying]Farigiraf||SitrusBerry|ArmorTail|TrickRoom,Protect,TeraBlast,PsychicNoise|||M|||50|,,,,,Fighting
|showteam|p2|Tyranitar||AssaultVest|SandStream|RockSlide,LowKick,KnockOff,TeraBlast|||M|||50|,,,,,Flying]Garchomp||BrightPowder|SandVeil|SwordsDance,RockSlide,StompingTantrum,Protect|||M|||50|,,,,,Ground]Kilowattrel||LifeOrb|Competitive|Tailwind,Thunderbolt,AirSlash,Protect|||F|||50|,,,,,Steel]Gastrodon||Leftovers|StormDrain|Protect,Yawn,EarthPower,MuddyWater|||M|||50|,,,,,Grass]Gholdengo||ChoiceSpecs|GoodasGold|MakeItRain,ShadowBall,Trick,FocusBlast||||||50|,,,,,Steel]Amoonguss||SitrusBerry|Regenerator|Spore,RagePowder,Protect,PollenPuff|||F|||50|,,,,,Water
|inactive|Battle timer is ON: inactive players will automatically lose when time's up. (requested by MrTedno)
|inactive|MrTedno has 60 seconds left.
|inactive|MrTedno has 30 seconds left.
|
|t:|1756898385
|teamsize|p1|4
|teamsize|p2|4
|start
|switch|p1a: Alex|Garchomp, L50, M|100/100
|switch|p1b: Skipper|Gholdengo, L50|100/100
|switch|p2a: Kilowattrel|Kilowattrel, L50, F|100/100
|switch|p2b: Tyranitar|Tyranitar, L50, M|100/100
|-weather|Sandstorm|[from] ability: Sand Stream|[of] p2b: Tyranitar
|turn|1
|inactive|MrTedno has 30 seconds left.
|inactive|Unga unga vgc has 30 seconds left.
|
|t:|1756898420
|switch|p1a: Gloria|Ninetales-Alola, L50, F|100/100
|-weather|Snowscape|[from] ability: Snow Warning|[of] p1a: Gloria
|-terastallize|p1b: Skipper|Flying
|-terastallize|p2b: Tyranitar|Flying
|move|p2a: Kilowattrel|Tailwind|p2a: Kilowattrel
|-sidestart|p2: Unga unga vgc|move: Tailwind
|move|p1b: Skipper|Make It Rain|p2a: Kilowattrel|[spread] p2a,p2b
|-resisted|p2a: Kilowattrel
|-damage|p2a: Kilowattrel|45/100
|-damage|p2b: Tyranitar|74/100
|-unboost|p1b: Skipper|spa|1
|-damage|p1b: Skipper|91/100|[from] item: Life Orb
|move|p2b: Tyranitar|Tera Blast|p1a: Gloria|[anim] Tera Blast Flying
|-damage|p1a: Gloria|56/100
|
|-weather|Snowscape|[upkeep]
|upkeep
|turn|2
|inactive|MrTedno has 30 seconds left.
|inactive|MrTedno has 20 seconds left.
|inactive|MrTedno has 15 seconds left.
|
|t:|1756898465
|switch|p2a: Gholdengo|Gholdengo, L50|100/100
|switch|p1b: Alex|Garchomp, L50, M|100/100
|move|p1a: Gloria|Blizzard|p2a: Gholdengo|[spread] p2a,p2b
|-resisted|p2a: Gholdengo
|-supereffective|p2b: Tyranitar
|-damage|p2a: Gholdengo|83/100
|-damage|p2b: Tyranitar|41/100
|move|p2b: Tyranitar|Rock Slide|p1b: Alex|[spread] p1a,p1b
|-supereffective|p1a: Gloria
|-resisted|p1b: Alex
|-damage|p1a: Gloria|0 fnt
|-damage|p1b: Alex|86/100
|faint|p1a: Gloria
|
|-weather|Snowscape|[upkeep]
|upkeep
|
|t:|1756898483
|switch|p1a: Marty|Dragonite, L50, F|100/100
|turn|3
|
|t:|1756898504
|move|p1b: Alex|Protect|p1b: Alex
|-singleturn|p1b: Alex|Protect
|move|p1a: Marty|Protect|p1a: Marty
|-singleturn|p1a: Marty|Protect
|move|p2a: Gholdengo|Make It Rain|p1b: Alex|[spread] 
|-activate|p1a: Marty|move: Protect
|-activate|p1b: Alex|move: Protect
|move|p2b: Tyranitar|Rock Slide|p1a: Marty|[spread] 
|-activate|p1a: Marty|move: Protect
|-activate|p1b: Alex|move: Protect
|
|-weather|Snowscape|[upkeep]
|upkeep
|turn|4
|inactive|MrTedno has 30 seconds left.
|inactive|MrTedno has 20 seconds left.
|inactive|MrTedno has 15 seconds left.
|
|t:|1756898546
|switch|p1b: Skipper|Gholdengo, L50, tera:Flying|91/100
|move|p1a: Marty|Extreme Speed|p2b: Tyranitar
|-damage|p2b: Tyranitar|14/100
|move|p2a: Gholdengo|Make It Rain|p1b: Skipper|[spread] p1a,p1b
|-damage|p1a: Marty|28/100
|-damage|p1b: Skipper|11/100
|-unboost|p2a: Gholdengo|spa|1
|move|p2b: Tyranitar|Rock Slide|p1a: Marty|[spread] p1a,p1b
|-supereffective|p1a: Marty
|-supereffective|p1b: Skipper
|-damage|p1a: Marty|0 fnt
|-damage|p1b: Skipper|0 fnt
|faint|p1a: Marty
|faint|p1b: Skipper
|
|-weather|Snowscape|[upkeep]
|-sideend|p2: Unga unga vgc|move: Tailwind
|upkeep
|
|t:|1756898555
|switch|p1b: Alex|Garchomp, L50, M|86/100
|turn|5
|c|☆MrTedno|ggwp
|
|t:|1756898570
|switch|p2a: Garchomp|Garchomp, L50, M|100/100
|move|p1b: Alex|Stomping Tantrum|p2a: Garchomp
|-damage|p2a: Garchomp|61/100
|move|p2b: Tyranitar|Knock Off|p1b: Alex
|-damage|p1b: Alex|30/100
|-damage|p2b: Tyranitar|2/100|[from] ability: Rough Skin|[of] p1b: Alex
|-enditem|p1b: Alex|Clear Amulet|[from] move: Knock Off|[of] p2b: Tyranitar
|
|-weather|none
|upkeep
|turn|6
|c|☆Unga unga vgc|Gg
|
|t:|1756898589
|move|p2a: Garchomp|Stomping Tantrum|p1b: Alex
|-damage|p1b: Alex|0 fnt
|-damage|p2a: Garchomp|48/100|[from] ability: Rough Skin|[of] p1b: Alex
|faint|p1b: Alex
|
|win|Unga unga vgc
|raw|MrTedno's rating: 1282 → 1252(-30 for losing)
|raw|Unga unga vgc's rating: 1205 → 1235(+30 for winning)
|l|☆Unga unga vgc
|player|p2|
