|j|☆Pippin15
|j|☆Uncreative7452
|html|Pippin15Uncreative7452    
|uhtml|bestof|Game 2 of a best-of-3
|t:|1756168001
|gametype|doubles
|player|p1|Pippin15|blackbelt-gen4dp|1013
|player|p2|Uncreative7452|tuber|1050
|gen|9
|tier|[Gen 9] VGC 2025 Reg H (Bo3)
|rated|
|rule|Species Clause: Limit one of each Pokémon
|rule|Item Clause: Limit 1 of each item
|clearpoke
|poke|p1|Porygon2, L50|
|poke|p1|Sneasler, L50, M|
|poke|p1|Gholdengo, L50|
|poke|p1|Amoonguss, L50, F|
|poke|p1|Garchomp, L50, F|
|poke|p1|Incineroar, L50, M|
|poke|p2|Porygon2, L50|
|poke|p2|Kingambit, L50, M|
|poke|p2|Reuniclus, L50, F|
|poke|p2|Alcremie, L50, F|
|poke|p2|Pincurchin, L50, M|
|poke|p2|Chesnaught, L50, M|
|teampreview|4
|showteam|p1|Porygon2||Eviolite|Download|TeraBlast,IceBeam,Recover,TrickRoom||||||50|,,,,,Ground]Sneasler||FocusSash|PoisonTouch|CloseCombat,DireClaw,Coaching,Protect|||M|||50|,,,,,Flying]Gholdengo||LifeOrb|GoodasGold|MakeItRain,ShadowBall,NastyPlot,Protect||||||50|,,,,,Water]Amoonguss||SitrusBerry|Regenerator|PollenPuff,Spore,RagePowder,Protect|||F|||50|,,,,,Fairy]Garchomp||ClearAmulet|RoughSkin|Earthquake,StompingTantrum,DragonClaw,Protect|||F|||50|,,,,,Fire]Incineroar||SafetyGoggles|Intimidate|FlareBlitz,KnockOff,FakeOut,PartingShot|||M|||50|,,,,,Ghost
|showteam|p2|Porygon2||Eviolite|Download|IceBeam,TeraBlast,TrickRoom,Recover||||||50|,,,,,Fighting]Kingambit||SafetyGoggles|Defiant|KowtowCleave,SuckerPunch,SwordsDance,Protect|||M|||50|,,,,,Dark]Reuniclus||CovertCloak|Overcoat|ExpandingForce,ShadowBall,TrickRoom,Protect|||F|||50|,,,,,Dark]Alcremie||RoomService|AromaVeil|AlluringVoice,Decorate,Protect,HelpingHand|||F|||50|,,,,,Steel]Pincurchin||FocusSash|ElectricSurge|SupercellSlam,ZingZap,Liquidation,Protect|||M|||50|,,,,,Electric]Chesnaught||ElectricSeed|Bulletproof|LeechSeed,WideGuard,BodyPress,SpikyShield|||M|||50|,,,,,Steel
|inactive|Battle timer is ON: inactive players will automatically lose when time's up. (requested by Pippin15)
|
|t:|1756168018
|teamsize|p1|4
|teamsize|p2|4
|start
|switch|p1a: Garchomp|Garchomp, L50, F|100/100
|switch|p1b: Amoonguss|Amoonguss, L50, F|100/100
|switch|p2a: Porygon2|Porygon2, L50|100/100
|switch|p2b: Pincurchin|Pincurchin, L50, M|100/100
|-ability|p2a: Porygon2|Download|boost
|-boost|p2a: Porygon2|spa|1
|-fieldstart|move: Electric Terrain|[from] ability: Electric Surge|[of] p2b: Pincurchin
|turn|1
|
|t:|1756168037
|move|p1b: Amoonguss|Protect|p1b: Amoonguss
|-singleturn|p1b: Amoonguss|Protect
|move|p1a: Garchomp|Earthquake|p2b: Pincurchin|[spread] p2a,p2b
|-activate|p1b: Amoonguss|move: Protect
|-supereffective|p2b: Pincurchin
|-damage|p2a: Porygon2|80/100
|-damage|p2b: Pincurchin|11/100
|move|p2b: Pincurchin|Liquidation|p1a: Garchomp
|-damage|p1a: Garchomp|75/100
|-damage|p2b: Pincurchin|0 fnt|[from] ability: Rough Skin|[of] p1a: Garchomp
|faint|p2b: Pincurchin
|move|p2a: Porygon2|Trick Room|p2a: Porygon2
|-fieldstart|move: Trick Room|[of] p2a: Porygon2
|
|upkeep
|
|t:|1756168048
|switch|p2b: Chesnaught|Chesnaught, L50, M|100/100
|-enditem|p2b: Chesnaught|Electric Seed
|-boost|p2b: Chesnaught|def|1|[from] item: Electric Seed
|turn|2
|
|t:|1756168072
|move|p1b: Amoonguss|Spore|p2a: Porygon2
|-activate|p2a: Porygon2|move: Electric Terrain
|move|p2a: Porygon2|Ice Beam|p1a: Garchomp
|-supereffective|p1a: Garchomp
|-damage|p1a: Garchomp|0 fnt
|faint|p1a: Garchomp
|move|p2b: Chesnaught|Body Press|p1b: Amoonguss
|-resisted|p1b: Amoonguss
|-damage|p1b: Amoonguss|75/100
|
|upkeep
|
|t:|1756168082
|switch|p1a: Porygon2|Porygon2, L50|100/100
|-ability|p1a: Porygon2|Download|boost
|-boost|p1a: Porygon2|spa|1
|turn|3
|
|t:|1756168097
|-terastallize|p1a: Porygon2|Ground
|move|p1b: Amoonguss|Rage Powder|p1b: Amoonguss
|-singleturn|p1b: Amoonguss|move: Rage Powder
|move|p2a: Porygon2|Ice Beam|p1b: Amoonguss
|-supereffective|p1b: Amoonguss
|-damage|p1b: Amoonguss|10/100
|-enditem|p1b: Amoonguss|Sitrus Berry|[eat]
|-heal|p1b: Amoonguss|35/100|[from] item: Sitrus Berry
|move|p1a: Porygon2|Tera Blast|p2b: Chesnaught|[anim] Tera Blast Ground
|-resisted|p2b: Chesnaught
|-damage|p2b: Chesnaught|71/100
|move|p2b: Chesnaught|Body Press|p1a: Porygon2
|-damage|p1a: Porygon2|60/100
|
|upkeep
|turn|4
|inactive|Pippin15 has 30 seconds left.
|
|t:|1756168125
|move|p1b: Amoonguss|Rage Powder|p1b: Amoonguss
|-singleturn|p1b: Amoonguss|move: Rage Powder
|move|p2a: Porygon2|Ice Beam|p1b: Amoonguss
|-supereffective|p1b: Amoonguss
|-damage|p1b: Amoonguss|0 fnt
|faint|p1b: Amoonguss
|move|p1a: Porygon2|Recover|p1a: Porygon2
|-heal|p1a: Porygon2|100/100
|move|p2b: Chesnaught|Leech Seed|p1a: Porygon2
|-start|p1a: Porygon2|move: Leech Seed
|
|-damage|p1a: Porygon2|88/100|[from] Leech Seed|[of] p2b: Chesnaught
|-heal|p2b: Chesnaught|83/100|[silent]
|upkeep
|
|t:|1756168136
|switch|p1b: Incineroar|Incineroar, L50, M|100/100
|-ability|p1b: Incineroar|Intimidate|boost
|-unboost|p2a: Porygon2|atk|1
|-unboost|p2b: Chesnaught|atk|1
|turn|5
|
|t:|1756168155
|-terastallize|p2a: Porygon2|Fighting
|move|p2a: Porygon2|Tera Blast|p1b: Incineroar|[anim] Tera Blast Fighting
|-supereffective|p1b: Incineroar
|-damage|p1b: Incineroar|22/100
|move|p1b: Incineroar|Knock Off|p2a: Porygon2
|-resisted|p2a: Porygon2
|-damage|p2a: Porygon2|68/100
|-enditem|p2a: Porygon2|Eviolite|[from] move: Knock Off|[of] p1b: Incineroar
|move|p1a: Porygon2|Recover|p1a: Porygon2
|-heal|p1a: Porygon2|100/100
|move|p2b: Chesnaught|Body Press|p1b: Incineroar
|-supereffective|p1b: Incineroar
|-damage|p1b: Incineroar|0 fnt
|faint|p1b: Incineroar
|
|-damage|p1a: Porygon2|88/100|[from] Leech Seed|[of] p2b: Chesnaught
|-heal|p2b: Chesnaught|96/100|[silent]
|-fieldend|move: Trick Room
|-fieldend|move: Electric Terrain
|upkeep
|turn|6
|
|t:|1756168173
|move|p2b: Chesnaught|Body Press|p1a: Porygon2
|-damage|p1a: Porygon2|52/100
|move|p1a: Porygon2|Tera Blast|p2b: Chesnaught|[anim] Tera Blast Ground
|-resisted|p2b: Chesnaught
|-damage|p2b: Chesnaught|68/100
|move|p2a: Porygon2|Ice Beam|p1a: Porygon2
|-supereffective|p1a: Porygon2
|-damage|p1a: Porygon2|10/100
|
|-damage|p1a: Porygon2|0 fnt|[from] Leech Seed|[of] p2b: Chesnaught
|-heal|p2b: Chesnaught|77/100|[silent]
|faint|p1a: Porygon2
|
|win|Uncreative7452
|l|☆Pippin15
|player|p1|
|inactive|Pippin15 has 30 seconds to confirm battle start!
|inactive|Uncreative7452 has 30 seconds to confirm battle start!
|raw|Pippin15's rating: 1013 → 1002(-11 for losing)
|raw|Uncreative7452's rating: 1050 → 1079(+29 for winning)
