|j|☆yoyohvgc
|j|☆KingK0opa
|html|yoyohvgcKingK0opa    
|uhtml|bestof|Game 2 of a best-of-3
|t:|1784751429
|gametype|doubles
|player|p1|yoyohvgc|pokemonbreederf-gen4|
|player|p2|KingK0opa|bugsy|
|gen|9
|tier|[Gen 9 Champions] VGC 2026 Reg M-B (Bo3)
|rule|Species Clause: Limit one of each Pokémon
|rule|Item Clause: Limit 1 of each item
|clearpoke
|poke|p1|Staraptor, L50, F|
|poke|p1|Whimsicott, L50, M|
|poke|p1|Farigiraf, L50, M|
|poke|p1|Typhlosion-Hisui, L50, M|
|poke|p1|Toxapex, L50, F|
|poke|p1|Garchomp, L50, F|
|poke|p2|Chimecho, L50, M|
|poke|p2|Mudsdale, L50, M|
|poke|p2|Farigiraf, L50, F|
|poke|p2|Vivillon, L50, F|
|poke|p2|Vanilluxe, L50, F|
|poke|p2|Scrafty, L50, F|
|teampreview|4
|showteam|p1|Staraptor||Staraptite|Intimidate|BraveBird,CloseCombat,Roost,Protect|Adamant||F|||50|]Whimsicott||FocusSash|Prankster|Moonblast,Tailwind,Tickle,SunnyDay|Timid||M|||50|]Farigiraf||SitrusBerry|ArmorTail|Psychic,HelpingHand,TrickRoom,Protect|Modest||M|||50|]Typhlosion-Hisui||ChoiceScarf|Blaze|Eruption,HeatWave,ShadowBall,SolarBeam|Modest||M|||50|]Toxapex||Leftovers|Regenerator|BanefulBunker,Toxic,Infestation,WideGuard|Calm||F|||50|]Garchomp||LifeOrb|RoughSkin|StompingTantrum,DragonClaw,RockSlide,Protect|Adamant||F|||50|
|showteam|p2|Chimecho||Chimechite|Levitate|Psychic,FlashCannon,CalmMind,TrickRoom|Quiet||M|||50|]Mudsdale||LifeOrb|InnerFocus|Earthquake,HighHorsepower,RockSlide,HeavySlam|Brave||M|||50|]Farigiraf||SitrusBerry|ArmorTail|PsychicNoise,Thunderbolt,TrickRoom,Protect|Relaxed||F|||50|]Vivillon||FocusSash|CompoundEyes|Hurricane,SleepPowder,RagePowder,Protect|Timid||F|||50|]Vanilluxe||NeverMeltIce|SnowWarning|Blizzard,FreezeDry,IceShard,Protect|Quiet||F|||50|]Scrafty||Scraftinite|Intimidate|FakeOut,CloseCombat,Crunch,IronHead|Brave||F|||50|
|inactive|Battle timer is ON: inactive players will automatically lose when time's up. (requested by KingK0opa)
|inactive|KingK0opa has 60 seconds left.
|
|t:|1784751461
|teamsize|p1|4
|teamsize|p2|4
|start
|switch|p1a: Typhlosion|Typhlosion-Hisui, L50, M|100/100
|switch|p1b: Toxapex|Toxapex, L50, F|100/100
|switch|p2a: Scrafty|Scrafty, L50, F|100/100
|switch|p2b: Vivillon|Vivillon, L50, F|100/100
|-ability|p2a: Scrafty|Intimidate|boost
|-unboost|p1a: Typhlosion|atk|1
|-unboost|p1b: Toxapex|atk|1
|turn|1
|
|t:|1784751477
|detailschange|p2a: Scrafty|Scrafty-Mega, L50, F
|-mega|p2a: Scrafty|Scrafty|Scraftinite
|-ability|p2a: Scrafty|Intimidate|boost
|-unboost|p1a: Typhlosion|atk|1
|-unboost|p1b: Toxapex|atk|1
|move|p1a: Typhlosion|Eruption|p2a: Scrafty|[spread] p2a,p2b
|-supereffective|p2b: Vivillon|1
|-damage|p2a: Scrafty|52/100
|-enditem|p2b: Vivillon|Focus Sash
|-damage|p2b: Vivillon|1/100
|move|p2b: Vivillon|Sleep Powder|p1b: Toxapex
|-status|p1b: Toxapex|slp|[from] move: Sleep Powder
|move|p2a: Scrafty|Crunch|p1a: Typhlosion
|-supereffective|p1a: Typhlosion|1
|-damage|p1a: Typhlosion|0 fnt
|faint|p1a: Typhlosion
|cant|p1b: Toxapex|slp
|
|upkeep
|
|t:|1784751492
|switch|p1a: Staraptor|Staraptor, L50, F|100/100
|-ability|p1a: Staraptor|Intimidate|boost
|-unboost|p2a: Scrafty|atk|1
|-unboost|p2b: Vivillon|atk|1
|turn|2
|
|t:|1784751517
|detailschange|p1a: Staraptor|Staraptor-Mega, L50, F
|-mega|p1a: Staraptor|Staraptor|Staraptite
|move|p1a: Staraptor|Close Combat|p2b: Vivillon
|-resisted|p2b: Vivillon|2
|-damage|p2b: Vivillon|0 fnt
|-boost|p1a: Staraptor|def|1
|-boost|p1a: Staraptor|spd|1
|faint|p2b: Vivillon
|move|p2a: Scrafty|Iron Head|p1a: Staraptor
|-damage|p1a: Staraptor|85/100
|cant|p1b: Toxapex|slp
|
|upkeep
|
|t:|1784751528
|switch|p2b: Farigiraf|Farigiraf, L50, F|100/100
|turn|3
|
|t:|1784751545
|move|p1a: Staraptor|Close Combat|p2a: Scrafty
|-supereffective|p2a: Scrafty|1
|-damage|p2a: Scrafty|0 fnt
|-boost|p1a: Staraptor|def|1
|-boost|p1a: Staraptor|spd|1
|faint|p2a: Scrafty
|-curestatus|p1b: Toxapex|slp|[msg]
|move|p1b: Toxapex|Toxic|p2b: Farigiraf
|-status|p2b: Farigiraf|tox
|move|p2b: Farigiraf|Trick Room|p2b: Farigiraf
|-fieldstart|move: Trick Room|[of] p2b: Farigiraf
|
|-damage|p2b: Farigiraf|93/100 tox|[from] psn
|upkeep
|
|t:|1784751553
|switch|p2a: Vanilluxe|Vanilluxe, L50, F|100/100
|-weather|Snowscape|[from] ability: Snow Warning|[of] p2a: Vanilluxe
|turn|4
|
|t:|1784751577
|move|p1b: Toxapex|Wide Guard|p1b: Toxapex
|-singleturn|p1b: Toxapex|Wide Guard
|move|p2b: Farigiraf|Psychic Noise|p1a: Staraptor
|-supereffective|p1a: Staraptor|1
|-damage|p1a: Staraptor|50/100g
|-start|p1a: Staraptor|move: Heal Block
|move|p2a: Vanilluxe|Blizzard|p1a: Staraptor|[spread] 
|-activate|p1a: Staraptor|move: Wide Guard
|-activate|p1b: Toxapex|move: Wide Guard
|move|p1a: Staraptor|Close Combat|p2a: Vanilluxe
|-supereffective|p2a: Vanilluxe|1
|-damage|p2a: Vanilluxe|0 fnt
|-boost|p1a: Staraptor|def|1
|-boost|p1a: Staraptor|spd|1
|faint|p2a: Vanilluxe
|
|-weather|Snowscape|[upkeep]
|-damage|p2b: Farigiraf|81/100 tox|[from] psn
|upkeep
|turn|5
|
|t:|1784751596
|move|p1b: Toxapex|Infestation|p2b: Farigiraf
|-supereffective|p2b: Farigiraf|1
|-damage|p2b: Farigiraf|76/100 tox
|-activate|p2b: Farigiraf|move: Infestation|[of] p1b: Toxapex
|move|p2b: Farigiraf|Psychic Noise|p1a: Staraptor
|-supereffective|p1a: Staraptor|1
|-damage|p1a: Staraptor|21/100
|move|p1a: Staraptor|Close Combat|p2b: Farigiraf
|-damage|p2b: Farigiraf|19/100 tox
|-boost|p1a: Staraptor|def|1
|-boost|p1a: Staraptor|spd|1
|-enditem|p2b: Farigiraf|Sitrus Berry|[eat]
|-heal|p2b: Farigiraf|44/100 tox|[from] item: Sitrus Berry
|
|-weather|Snowscape|[upkeep]
|-damage|p2b: Farigiraf|25/100 tox|[from] psn
|-damage|p2b: Farigiraf|13/100 tox|[from] move: Infestation|[partiallytrapped]
|-end|p1a: Staraptor|move: Heal Block
|upkeep
|turn|6
|c|☆KingK0opa|gg wp
|c|☆yoyohvgc|ggwp
|
|t:|1784751615
|move|p1a: Staraptor|Protect|p1a: Staraptor
|-singleturn|p1a: Staraptor|Protect
|move|p1b: Toxapex|Toxic|p2b: Farigiraf
|-fail|p2b: Farigiraf|tox
|move|p2b: Farigiraf|Psychic Noise|p1a: Staraptor
|-activate|p1a: Staraptor|move: Protect
|
|-weather|Snowscape|[upkeep]
|-damage|p2b: Farigiraf|0 fnt|[from] psn
|faint|p2b: Farigiraf
|
|win|yoyohvgc
