|j|☆Tomo05
|j|☆Calabria_Fan
|html|Tomo05Calabria_Fan    
|uhtml|bestof|Game 1 of a best-of-3
|t:|1756388943
|gametype|doubles
|player|p1|Tomo05|169|1298
|player|p2|Calabria_Fan|101|1369
|gen|9
|tier|[Gen 9] VGC 2025 Reg H (Bo3)
|rated|
|rule|Species Clause: Limit one of each Pokémon
|rule|Item Clause: Limit 1 of each item
|clearpoke
|poke|p1|Volcarona, L50, M|
|poke|p1|Rillaboom, L50, M|
|poke|p1|Archaludon, L50, M|
|poke|p1|Basculegion, L50, M|
|poke|p1|Politoed, L50, F|
|poke|p1|Comfey, L50, F|
|poke|p2|Basculegion, L50, M|
|poke|p2|Pelipper, L50, M|
|poke|p2|Archaludon, L50, M|
|poke|p2|Incineroar, L50, M|
|poke|p2|Gholdengo, L50|
|poke|p2|Amoonguss, L50, M|
|teampreview|4
|showteam|p1|Volcarona||RockyHelmet|FlameBody|Tailwind,RagePowder,Overheat,StruggleBug|||M|||50|,,,,,Water]Rillaboom||LoadedDice|GrassySurge|FakeOut,GrassyGlide,BulletSeed,Taunt|||M|||50|,,,,,Fire]Archaludon||AssaultVest|Stamina|ElectroShot,FlashCannon,DragonPulse,BodyPress|||M|||50|,,,,,Grass]Basculegion||ChoiceBand|SwiftSwim|WaveCrash,LastRespects,FlipTurn,AquaJet|||M|||50|,,,,,Grass]Politoed||Leftovers|Drizzle|Protect,Haze,HelpingHand,MuddyWater|||F|||50|,,,,,Poison]Comfey||WikiBerry|Triage|Protect,FloralHealing,TrickRoom,DrainingKiss|||F|||50|,,,,,Steel
|showteam|p2|Basculegion||ChoiceBand|SwiftSwim|WaveCrash,AquaJet,FlipTurn,LastRespects|||M|||50|,,,,,Water]Pelipper||FocusSash|Drizzle|WeatherBall,Hurricane,Tailwind,Protect|||M|||50|,,,,,Ghost]Archaludon||AssaultVest|Stamina|ElectroShot,DragonPulse,FlashCannon,BodyPress|||M|||50|,,,,,Grass]Incineroar||SafetyGoggles|Intimidate|FakeOut,KnockOff,Taunt,PartingShot|||M|||50|,,,,,Ghost]Gholdengo||LifeOrb|GoodasGold|MakeItRain,ShadowBall,NastyPlot,Protect||||||50|,,,,,Water]Amoonguss||SitrusBerry|Regenerator|RagePowder,Spore,PollenPuff,Protect|||M|||50|,,,,,Psychic
|inactive|Battle timer is ON: inactive players will automatically lose when time's up. (requested by Tomo05)
|inactive|Calabria_Fan has 60 seconds left.
|inactive|Calabria_Fan has 30 seconds left.
|
|t:|1756389144
|teamsize|p1|4
|teamsize|p2|4
|start
|switch|p1a: Rillaboom|Rillaboom, L50, M|100/100
|switch|p1b: Archaludon|Archaludon, L50, M|100/100
|switch|p2a: Amoonguss|Amoonguss, L50, M|100/100
|switch|p2b: Gholdengo|Gholdengo, L50|100/100
|-fieldstart|move: Grassy Terrain|[from] ability: Grassy Surge|[of] p1a: Rillaboom
|turn|1
|inactive|Calabria_Fan has 30 seconds left.
|inactive|Calabria_Fan has 20 seconds left.
|inactive|Calabria_Fan has 15 seconds left.
|inactive|Calabria_Fan has 10 seconds left.
|inactive|Calabria_Fan has 5 seconds left.
|
|t:|1756389195
|switch|p1b: Volcarona|Volcarona, L50, M|100/100
|move|p2b: Gholdengo|Nasty Plot|p2b: Gholdengo
|-boost|p2b: Gholdengo|spa|2
|move|p1a: Rillaboom|Taunt|p2a: Amoonguss
|-start|p2a: Amoonguss|move: Taunt
|move|p2a: Amoonguss|Pollen Puff|p2b: Gholdengo
|
|upkeep
|turn|2
|inactive|Calabria_Fan has 30 seconds left.
|inactive|Calabria_Fan has 20 seconds left.
|inactive|Calabria_Fan has 15 seconds left.
|inactive|Calabria_Fan has 10 seconds left.
|inactive|Calabria_Fan has 5 seconds left.
|
|t:|1756389245
|switch|p2a: Pelipper|Pelipper, L50, M|100/100
|-weather|RainDance|[from] ability: Drizzle|[of] p2a: Pelipper
|move|p1a: Rillaboom|Grassy Glide|p2b: Gholdengo
|-resisted|p2b: Gholdengo
|-damage|p2b: Gholdengo|80/100
|move|p1b: Volcarona|Overheat|p2b: Gholdengo
|-supereffective|p2b: Gholdengo
|-damage|p2b: Gholdengo|17/100
|-unboost|p1b: Volcarona|spa|2
|move|p2b: Gholdengo|Make It Rain|p1a: Rillaboom|[spread] p1a,p1b
|-resisted|p1b: Volcarona
|-damage|p1a: Rillaboom|0 fnt
|-damage|p1b: Volcarona|52/100
|-unboost|p2b: Gholdengo|spa|1
|faint|p1a: Rillaboom
|-damage|p2b: Gholdengo|7/100|[from] item: Life Orb
|
|-weather|RainDance|[upkeep]
|-heal|p1b: Volcarona|58/100|[from] Grassy Terrain
|-heal|p2b: Gholdengo|13/100|[from] Grassy Terrain
|upkeep
|
|t:|1756389252
|switch|p1a: Archaludon|Archaludon, L50, M|100/100
|turn|3
|inactive|Calabria_Fan has 30 seconds left.
|inactive|Calabria_Fan has 20 seconds left.
|inactive|Calabria_Fan has 15 seconds left.
|inactive|Calabria_Fan has 10 seconds left.
|inactive|Calabria_Fan has 5 seconds left.
|
|t:|1756389303
|move|p2b: Gholdengo|Protect|p2b: Gholdengo
|-singleturn|p2b: Gholdengo|Protect
|move|p1b: Volcarona|Tailwind|p1b: Volcarona
|-sidestart|p1: Tomo05|move: Tailwind
|move|p1a: Archaludon|Electro Shot||[still]
|-prepare|p1a: Archaludon|Electro Shot
|-boost|p1a: Archaludon|spa|1
|-anim|p1a: Archaludon|Electro Shot|p2b: Gholdengo
|-activate|p2b: Gholdengo|move: Protect
|move|p2a: Pelipper|Tailwind|p2a: Pelipper
|-sidestart|p2: Calabria_Fan|move: Tailwind
|
|-weather|RainDance|[upkeep]
|-heal|p1b: Volcarona|64/100|[from] Grassy Terrain
|-heal|p2b: Gholdengo|19/100|[from] Grassy Terrain
|upkeep
|turn|4
|inactive|Calabria_Fan has 30 seconds left.
|inactive|Calabria_Fan has 20 seconds left.
|inactive|Calabria_Fan has 15 seconds left.
|inactive|Calabria_Fan has 10 seconds left.
|
|t:|1756389349
|move|p1b: Volcarona|Struggle Bug|p2a: Pelipper|[spread] p2a,p2b
|-resisted|p2a: Pelipper
|-resisted|p2b: Gholdengo
|-damage|p2a: Pelipper|93/100
|-damage|p2b: Gholdengo|17/100
|-unboost|p2a: Pelipper|spa|1
|-unboost|p2b: Gholdengo|spa|1
|move|p2b: Gholdengo|Shadow Ball|p1a: Archaludon
|-damage|p1a: Archaludon|65/100
|-ability|p1a: Archaludon|Stamina|boost
|-boost|p1a: Archaludon|def|1
|-damage|p2b: Gholdengo|8/100|[from] item: Life Orb
|move|p2a: Pelipper|Hurricane|p1b: Volcarona
|-supereffective|p1b: Volcarona
|-damage|p1b: Volcarona|8/100
|move|p1a: Archaludon|Electro Shot||[still]
|-prepare|p1a: Archaludon|Electro Shot
|-boost|p1a: Archaludon|spa|1
|-anim|p1a: Archaludon|Electro Shot|p2b: Gholdengo
|-damage|p2b: Gholdengo|0 fnt
|faint|p2b: Gholdengo
|
|-weather|RainDance|[upkeep]
|-heal|p1b: Volcarona|14/100|[from] Grassy Terrain
|-heal|p1a: Archaludon|71/100|[from] Grassy Terrain
|upkeep
|
|t:|1756389371
|switch|p2b: Amoonguss|Amoonguss, L50, M|100/100
|turn|5
|inactive|Calabria_Fan has 30 seconds left.
|inactive|Calabria_Fan has 20 seconds left.
|inactive|Calabria_Fan has 15 seconds left.
|
|t:|1756389412
|switch|p2a: Archaludon|Archaludon, L50, M|100/100
|-terastallize|p1a: Archaludon|Grass
|move|p1b: Volcarona|Rage Powder|p1b: Volcarona
|-singleturn|p1b: Volcarona|move: Rage Powder
|move|p1a: Archaludon|Electro Shot||[still]
|-prepare|p1a: Archaludon|Electro Shot
|-boost|p1a: Archaludon|spa|1
|-anim|p1a: Archaludon|Electro Shot|p2a: Archaludon
|-resisted|p2a: Archaludon
|-damage|p2a: Archaludon|65/100
|-ability|p2a: Archaludon|Stamina|boost
|-boost|p2a: Archaludon|def|1
|move|p2b: Amoonguss|Spore|p1a: Archaludon
|-immune|p1a: Archaludon
|
|-weather|RainDance|[upkeep]
|-heal|p1b: Volcarona|20/100|[from] Grassy Terrain
|-heal|p2a: Archaludon|71/100|[from] Grassy Terrain
|-heal|p1a: Archaludon|77/100|[from] Grassy Terrain
|-fieldend|move: Grassy Terrain
|upkeep
|turn|6
|inactive|Calabria_Fan has 30 seconds left.
|inactive|Calabria_Fan has 20 seconds left.
|inactive|Tomo05 has 30 seconds left.
|
|t:|1756389455
|move|p1b: Volcarona|Struggle Bug|p2a: Archaludon|[spread] p2a,p2b
|-resisted|p2a: Archaludon
|-damage|p2a: Archaludon|68/100
|-damage|p2b: Amoonguss|93/100
|-unboost|p2a: Archaludon|spa|1
|-unboost|p2b: Amoonguss|spa|1
|-ability|p2a: Archaludon|Stamina|boost
|-boost|p2a: Archaludon|def|1
|move|p2a: Archaludon|Electro Shot||[still]
|-prepare|p2a: Archaludon|Electro Shot
|-boost|p2a: Archaludon|spa|1
|-anim|p2a: Archaludon|Electro Shot|p1b: Volcarona
|-damage|p1b: Volcarona|0 fnt
|faint|p1b: Volcarona
|move|p1a: Archaludon|Dragon Pulse|p2b: Amoonguss
|-crit|p2b: Amoonguss
|-damage|p2b: Amoonguss|0 fnt
|faint|p2b: Amoonguss
|
|-weather|none
|-sideend|p2: Calabria_Fan|move: Tailwind
|-sideend|p1: Tomo05|move: Tailwind
|upkeep
|
|t:|1756389469
|switch|p1b: Comfey|Comfey, L50, F|100/100
|switch|p2b: Pelipper|Pelipper, L50, M|93/100
|-weather|RainDance|[from] ability: Drizzle|[of] p2b: Pelipper
|turn|7
|
|t:|1756389484
|move|p1b: Comfey|Floral Healing|p1a: Archaludon
|-heal|p1a: Archaludon|100/100
|move|p2b: Pelipper|Hurricane|p1a: Archaludon
|-supereffective|p1a: Archaludon
|-damage|p1a: Archaludon|36/100
|-ability|p1a: Archaludon|Stamina|boost
|-boost|p1a: Archaludon|def|1
|move|p2a: Archaludon|Dragon Pulse|p1a: Archaludon
|-damage|p1a: Archaludon|5/100
|-ability|p1a: Archaludon|Stamina|boost
|-boost|p1a: Archaludon|def|1
|move|p1a: Archaludon|Electro Shot||[still]
|-prepare|p1a: Archaludon|Electro Shot
|-boost|p1a: Archaludon|spa|1
|-anim|p1a: Archaludon|Electro Shot|p2b: Pelipper
|-supereffective|p2b: Pelipper
|-damage|p2b: Pelipper|0 fnt
|faint|p2b: Pelipper
|
|-weather|RainDance|[upkeep]
|upkeep
|turn|8
|
|t:|1756389506
|move|p1b: Comfey|Floral Healing|p1a: Archaludon
|-heal|p1a: Archaludon|55/100
|move|p2a: Archaludon|Dragon Pulse|p1a: Archaludon
|-damage|p1a: Archaludon|26/100
|-ability|p1a: Archaludon|Stamina|boost
|-boost|p1a: Archaludon|def|1
|move|p1a: Archaludon|Dragon Pulse|p2a: Archaludon
|-damage|p2a: Archaludon|0 fnt
|faint|p2a: Archaludon
|
|win|Tomo05
||Tomo05 is ready for game 2.
||Calabria_Fan is ready for game 2.
|uhtml|next|Next: Game 2 of 3
