|j|☆swarmhostuser
|j|☆Kahizar
|html|swarmhostuserKahizar    
|uhtml|bestof|Game 1 of a best-of-3
|t:|1756905976
|gametype|doubles
|player|p1|swarmhostuser|2|1068
|player|p2|Kahizar|101|1033
|gen|9
|tier|[Gen 9] VGC 2025 Reg H (Bo3)
|rated|
|rule|Species Clause: Limit one of each Pokémon
|rule|Item Clause: Limit 1 of each item
|clearpoke
|poke|p1|Sneasler, L50, M|
|poke|p1|Kingambit, L50, M|
|poke|p1|Rillaboom, L50, M|
|poke|p1|Dragonite, L50, F|
|poke|p1|Volcarona, L50, M|
|poke|p1|Electabuzz, L50, M|
|poke|p2|Sylveon, L50, M|
|poke|p2|Rillaboom, L50, M|
|poke|p2|Sneasler, L50, F|
|poke|p2|Gholdengo, L50|
|poke|p2|Porygon2, L50|
|poke|p2|Murkrow, L50, F|
|teampreview|4
|showteam|p1|Sneasler||FocusSash|Unburden|DireClaw,CloseCombat,Coaching,FakeOut|||M|||50|,,,,,Stellar]Kingambit||BlackGlasses|Defiant|KowtowCleave,SwordsDance,SuckerPunch,Protect|||M|||50|,,,,,Dark]Rillaboom||AssaultVest|GrassySurge|FakeOut,WoodHammer,GrassyGlide,HighHorsepower|||M|||50|,,,,,Fire]Dragonite||LoadedDice|Multiscale|ScaleShot,ExtremeSpeed,Haze,Protect|||F|||50|,,,,,Fairy]Volcarona||CovertCloak|FlameBody|HeatWave,TeraBlast,QuiverDance,Protect|||M|||50|,,,,,Fairy]Electabuzz||Eviolite|VitalSpirit|Electroweb,FollowMe,Taunt,Protect|||M|||50|,,,,,Ghost
|showteam|p2|Sylveon||ThroatSpray|Pixilate|HyperVoice,Protect,TeraBlast,CalmMind|||M|||50|,,,,,Ground]Rillaboom||AssaultVest|GrassySurge|FakeOut,WoodHammer,HighHorsepower,GrassyGlide|||M|||50|,,,,,Grass]Sneasler||GrassySeed|Unburden|DireClaw,CloseCombat,FakeOut,Protect|||F|||50|,,,,,Fighting]Gholdengo||LifeOrb|GoodasGold|MakeItRain,ShadowBall,Protect,TeraBlast||||||50|,,,,,Water]Porygon2||Eviolite|Download|TriAttack,Agility,Psybeam,Discharge||||||50|,,,,,Ghost]Murkrow||FocusSash|Prankster|Taunt,Tailwind,Haze,FoulPlay|||F|||50|,,,,,Ghost
|
|t:|1756906030
|teamsize|p1|4
|teamsize|p2|4
|start
|switch|p1a: Sneasler|Sneasler, L50, M|100/100
|switch|p1b: Dragonite|Dragonite, L50, F|100/100
|switch|p2a: Rillaboom|Rillaboom, L50, M|100/100
|switch|p2b: Sneasler|Sneasler, L50, F|100/100
|-fieldstart|move: Grassy Terrain|[from] ability: Grassy Surge|[of] p2a: Rillaboom
|-enditem|p2b: Sneasler|Grassy Seed
|-boost|p2b: Sneasler|def|1|[from] item: Grassy Seed
|turn|1
|
|t:|1756906085
|move|p1a: Sneasler|Fake Out|p2b: Sneasler
|-damage|p2b: Sneasler|87/100
|move|p2a: Rillaboom|Fake Out|p1a: Sneasler
|-damage|p1a: Sneasler|77/100
|cant|p2b: Sneasler|flinch
|move|p1b: Dragonite|Scale Shot|p2b: Sneasler
|-damage|p2b: Sneasler|74/100
|-damage|p2b: Sneasler|61/100
|-damage|p2b: Sneasler|47/100
|-damage|p2b: Sneasler|32/100
|-damage|p2b: Sneasler|17/100
|-hitcount|p2b: Sneasler|5
|-unboost|p1b: Dragonite|def|1
|-boost|p1b: Dragonite|spe|1
|
|-heal|p2b: Sneasler|23/100|[from] Grassy Terrain
|-heal|p1a: Sneasler|83/100|[from] Grassy Terrain
|upkeep
|turn|2
|
|t:|1756906150
|switch|p2b: Sylveon|Sylveon, L50, M, shiny|100/100
|move|p1b: Dragonite|Scale Shot|p2a: Rillaboom|[miss]
|-miss|p1b: Dragonite|p2a: Rillaboom
|move|p1a: Sneasler|Dire Claw|p2a: Rillaboom
|-supereffective|p2a: Rillaboom
|-damage|p2a: Rillaboom|28/100
|move|p2a: Rillaboom|High Horsepower|p1a: Sneasler
|-supereffective|p1a: Sneasler
|-damage|p1a: Sneasler|0 fnt
|faint|p1a: Sneasler
|
|-heal|p2a: Rillaboom|34/100|[from] Grassy Terrain
|upkeep
|
|t:|1756906184
|switch|p1a: Kingambit|Kingambit, L50, M|100/100
|turn|3
|
|t:|1756906210
|move|p1b: Dragonite|Scale Shot|p2a: Rillaboom
|-damage|p2a: Rillaboom|20/100
|-damage|p2a: Rillaboom|6/100
|-damage|p2a: Rillaboom|0 fnt
|faint|p2a: Rillaboom
|-hitcount|p2: Rillaboom|3
|-unboost|p1b: Dragonite|def|1
|-boost|p1b: Dragonite|spe|1
|move|p1a: Kingambit|Swords Dance|p1a: Kingambit
|-boost|p1a: Kingambit|atk|2
|move|p2b: Sylveon|Hyper Voice|p1a: Kingambit|[spread] p1a,p1b
|-supereffective|p1b: Dragonite
|-damage|p1a: Kingambit|54/100
|-damage|p1b: Dragonite|55/100
|-enditem|p2b: Sylveon|Throat Spray
|-boost|p2b: Sylveon|spa|1|[from] item: Throat Spray
|
|-heal|p1a: Kingambit|60/100|[from] Grassy Terrain
|upkeep
|
|t:|1756906230
|switch|p2a: Murkrow|Murkrow, L50, F|100/100
|turn|4
|inactive|Battle timer is ON: inactive players will automatically lose when time's up. (requested by Kahizar)
|
|t:|1756906306
|move|p2a: Murkrow|Tailwind|p2a: Murkrow
|-sidestart|p2: Kahizar|move: Tailwind
|move|p1b: Dragonite|Scale Shot|p2a: Murkrow
|-damage|p2a: Murkrow|72/100
|-damage|p2a: Murkrow|41/100
|-damage|p2a: Murkrow|12/100
|-damage|p2a: Murkrow|0 fnt
|faint|p2a: Murkrow
|-hitcount|p2: Murkrow|4
|-unboost|p1b: Dragonite|def|1
|-boost|p1b: Dragonite|spe|1
|move|p2b: Sylveon|Hyper Voice|p1a: Kingambit|[spread] p1a,p1b
|-supereffective|p1b: Dragonite
|-damage|p1a: Kingambit|0 fnt
|-damage|p1b: Dragonite|0 fnt
|faint|p1a: Kingambit
|faint|p1b: Dragonite
|
|upkeep
|
|t:|1756906328
|switch|p2a: Sneasler|Sneasler, L50, F|23/100
|switch|p1b: Rillaboom|Rillaboom, L50, M|100/100
|turn|5
|
|t:|1756906343
|move|p2a: Sneasler|Protect|p2a: Sneasler
|-singleturn|p2a: Sneasler|Protect
|move|p1b: Rillaboom|Grassy Glide|p2a: Sneasler
|-activate|p2a: Sneasler|move: Protect
|move|p2b: Sylveon|Hyper Voice|p1b: Rillaboom
|-damage|p1b: Rillaboom|40/100
|
|-heal|p2a: Sneasler|29/100|[from] Grassy Terrain
|-heal|p1b: Rillaboom|45/100|[from] Grassy Terrain
|-fieldend|move: Grassy Terrain
|upkeep
|turn|6
|
|t:|1756906358
|move|p2a: Sneasler|Dire Claw|p1b: Rillaboom
|-supereffective|p1b: Rillaboom
|-damage|p1b: Rillaboom|0 fnt
|faint|p1b: Rillaboom
|
|win|Kahizar
