|j|☆Andrewx98
|j|☆balance bro
|html|Andrewx98balance bro    
|uhtml|bestof|Game 2 of a best-of-3
|t:|1757648468
|gametype|doubles
|player|p1|Andrewx98|youngster-gen4dp|1112
|player|p2|balance bro|buck|1108
|gen|9
|tier|[Gen 9] VGC 2025 Reg H (Bo3)
|rated|
|rule|Species Clause: Limit one of each Pokémon
|rule|Item Clause: Limit 1 of each item
|clearpoke
|poke|p1|Slowking, L50, M|
|poke|p1|Toxicroak, L50, F|
|poke|p1|Kingdra, L50, F|
|poke|p1|Malamar, L50, F|
|poke|p1|Pelipper, L50, M|
|poke|p1|Ursaluna, L50, M|
|poke|p2|Porygon2, L50|
|poke|p2|Hydreigon, L50, M|
|poke|p2|Incineroar, L50, F|
|poke|p2|Garchomp, L50, M|
|poke|p2|Amoonguss, L50, F|
|poke|p2|Gholdengo, L50|
|teampreview|4
|showteam|p1|Slowking||SitrusBerry|Oblivious|TrickRoom,Surf,Protect,Psychic|||M|||50|,,,,,Grass]Toxicroak||ClearAmulet|DrySkin|SuckerPunch,FakeOut,PoisonJab,CloseCombat|||F|||50|,,,,,Dark]Kingdra||ChoiceBand|SwiftSwim|FlipTurn,WaveCrash,Outrage,IronHead|||F|||50|,,,,,Water]Malamar||MentalHerb|Contrary|Taunt,TrickRoom,KnockOff,PsychoCut|||F|||50|,,,,,Dark]Pelipper||SafetyGoggles|Drizzle|Hurricane,WideGuard,RainDance,WeatherBall|||M|||50|,,,,,Water]Ursaluna||FlameOrb|Guts|Earthquake,Facade,Protect,HeadlongRush|||M|||50|,,,,,Ghost
|showteam|p2|Porygon2||Eviolite|Download|TeraBlast,IceBeam,TrickRoom,Recover||||||50|,,,,,Fighting]Hydreigon||SafetyGoggles|Levitate|Snarl,DracoMeteor,Tailwind,Protect|||M|||50|,,,,,Ghost]Incineroar||SitrusBerry|Intimidate|FlareBlitz,KnockOff,PartingShot,FakeOut|||F|||50|,,,,,Grass]Garchomp||LoadedDice|RoughSkin|ScaleShot,Earthquake,StompingTantrum,Protect|||M|||50|,,,,,Fire]Amoonguss||CovertCloak|Regenerator|PollenPuff,Spore,RagePowder,Protect|||F|||50|,,,,,Fire]Gholdengo||MetalCoat|GoodasGold|MakeItRain,ShadowBall,NastyPlot,Protect||||||50|,,,,,Flying
|inactive|Battle timer is ON: inactive players will automatically lose when time's up. (requested by Andrewx98)
|
|t:|1757648519
|teamsize|p1|4
|teamsize|p2|4
|start
|switch|p1a: Malamar|Malamar, L50, F|100/100
|switch|p1b: Toxicroak|Toxicroak, L50, F|100/100
|switch|p2a: Hydreigon|Hydreigon, L50, M, shiny|100/100
|switch|p2b: Gholdengo|Gholdengo, L50|100/100
|turn|1
|inactive|Andrewx98 has 30 seconds left.
|inactive|balance bro has 30 seconds left.
|inactive|Andrewx98 has 20 seconds left.
|inactive|balance bro has 20 seconds left.
|inactive|balance bro has 15 seconds left.
|inactive|balance bro has 10 seconds left.
|
|t:|1757648564
|-terastallize|p2a: Hydreigon|Ghost
|-terastallize|p1a: Malamar|Dark
|move|p1b: Toxicroak|Fake Out|p2a: Hydreigon
|-immune|p2a: Hydreigon
|move|p2a: Hydreigon|Draco Meteor|p1a: Malamar
|-damage|p1a: Malamar|24/100
|-unboost|p2a: Hydreigon|spa|2
|move|p2b: Gholdengo|Make It Rain|p1b: Toxicroak|[spread] p1a,p1b
|-damage|p1a: Malamar|0 fnt
|-damage|p1b: Toxicroak|15/100
|-unboost|p2b: Gholdengo|spa|1
|faint|p1a: Malamar
|
|upkeep
|
|t:|1757648581
|switch|p1a: Kingdra|Kingdra, L50, F|100/100
|turn|2
|
|t:|1757648588
|switch|p2b: Amoonguss|Amoonguss, L50, F, shiny|100/100
|switch|p1b: Pepe|Pelipper, L50, M, shiny|100/100
|-weather|RainDance|[from] ability: Drizzle|[of] p1b: Pepe
|move|p1a: Kingdra|Wave Crash|p2b: Amoonguss
|-resisted|p2b: Amoonguss
|-damage|p2b: Amoonguss|55/100
|-damage|p1a: Kingdra|82/100|[from] Recoil
|move|p2a: Hydreigon|Tailwind|p2a: Hydreigon
|-sidestart|p2: balance bro|move: Tailwind
|
|-weather|RainDance|[upkeep]
|upkeep
|turn|3
|
|t:|1757648607
|move|p2b: Amoonguss|Rage Powder|p2b: Amoonguss
|-singleturn|p2b: Amoonguss|move: Rage Powder
|move|p2a: Hydreigon|Draco Meteor|p1a: Kingdra
|-supereffective|p1a: Kingdra
|-damage|p1a: Kingdra|20/100
|-unboost|p2a: Hydreigon|spa|2
|move|p1a: Kingdra|Wave Crash|p2b: Amoonguss
|-resisted|p2b: Amoonguss
|-damage|p2b: Amoonguss|8/100
|-damage|p1a: Kingdra|0 fnt|[from] Recoil
|faint|p1a: Kingdra
|move|p1b: Pepe|Hurricane|p2b: Amoonguss
|-supereffective|p2b: Amoonguss
|-damage|p2b: Amoonguss|0 fnt
|faint|p2b: Amoonguss
|
|-weather|RainDance|[upkeep]
|upkeep
|
|t:|1757648624
|switch|p1a: Toxicroak|Toxicroak, L50, F|15/100
|switch|p2b: Gholdengo|Gholdengo, L50|100/100
|turn|4
|
|t:|1757648641
|move|p1a: Toxicroak|Sucker Punch|p2b: Gholdengo
|-supereffective|p2b: Gholdengo
|-damage|p2b: Gholdengo|53/100
|move|p2a: Hydreigon|Draco Meteor|p1a: Toxicroak
|-damage|p1a: Toxicroak|0 fnt
|-unboost|p2a: Hydreigon|spa|2
|faint|p1a: Toxicroak
|move|p2b: Gholdengo|Shadow Ball|p1b: Pepe
|-damage|p1b: Pepe|50/100
|move|p1b: Pepe|Weather Ball|p2b: Gholdengo
|-crit|p2b: Gholdengo
|-damage|p2b: Gholdengo|0 fnt
|faint|p2b: Gholdengo
|
|-weather|RainDance|[upkeep]
|upkeep
|
|t:|1757648655
|switch|p2b: Porygon2|Porygon2, L50, shiny|100/100
|-ability|p2b: Porygon2|Download|boost
|-boost|p2b: Porygon2|spa|1
|turn|5
|
|t:|1757648662
|move|p2a: Hydreigon|Snarl|p1b: Pepe|[miss]
|-miss|p2a: Hydreigon|p1b: Pepe
|move|p2b: Porygon2|Ice Beam|p1b: Pepe
|-damage|p1b: Pepe|7/100
|move|p1b: Pepe|Weather Ball|p2b: Porygon2
|-damage|p2b: Porygon2|67/100
|
|-weather|RainDance|[upkeep]
|-sideend|p2: balance bro|move: Tailwind
|upkeep
|turn|6
|
|t:|1757648678
|move|p2a: Hydreigon|Draco Meteor|p1b: Pepe
|-damage|p1b: Pepe|0 fnt
|faint|p1b: Pepe
|
|win|balance bro
|raw|Andrewx98's rating: 1112 → 1087(-25 for losing)
|raw|balance bro's rating: 1108 → 1133(+25 for winning)
