|j|‽Juaner95
|j|☆Natsuki2457
|html|Juaner95Natsuki2457    
|uhtml|bestof|Game 1 of a best-of-3
|t:|1783819151
|gametype|doubles
|player|p1|Juaner95|ash-capbackward|1117
|player|p2|Natsuki2457|iris-gen5bw2|1119
|gen|9
|tier|[Gen 9 Champions] VGC 2026 Reg M-B (Bo3)
|rated|
|rule|Species Clause: Limit one of each Pokémon
|rule|Item Clause: Limit 1 of each item
|clearpoke
|poke|p1|Scovillain, L50, M|
|poke|p1|Basculegion, L50, M, shiny|
|poke|p1|Sylveon, L50, F, shiny|
|poke|p1|Garchomp, L50, M|
|poke|p1|Aerodactyl, L50, M|
|poke|p1|Kingambit, L50, M|
|poke|p2|Kingambit, L50, M|
|poke|p2|Kommo-o, L50, M|
|poke|p2|Sneasler, L50, M|
|poke|p2|Scovillain, L50, F|
|poke|p2|Aerodactyl, L50, F|
|poke|p2|Basculegion, L50, M|
|teampreview|4
|showteam|p1|Scovillain||Scovillainite|Moody|Overheat,LeechSeed,RagePowder,Protect|Calm||M|||50|]Basculegion||ChoiceScarf|Adaptability|WaveCrash,LastRespects,FlipTurn,AquaJet|Jolly||M|||50|]Sylveon||FairyFeather|Pixilate|HyperVoice,HyperBeam,QuickAttack,Detect|Modest||F|||50|]Garchomp||SitrusBerry|RoughSkin|Earthquake,DragonClaw,PoisonJab,Protect|Adamant||M|||50|]Aerodactyl||Aerodactylite|Unnerve|RockSlide,DualWingbeat,Tailwind,Protect|Jolly||M|||50|]Kingambit||FocusSash|Defiant|KowtowCleave,IronHead,LowKick,SuckerPunch|Adamant||M|||50|
|showteam|p2|Kingambit||BlackGlasses|Defiant|KowtowCleave,IronHead,SuckerPunch,Protect|Serious||M|||50|]Kommo-o||LifeOrb|Soundproof|AuraSphere,ClangingScales,FlashCannon,Protect|Timid||M|||50|]Sneasler||MentalHerb|Unburden|DireClaw,FakeOut,CloseCombat,Protect|Adamant||M|||50|]Scovillain||Scovillainite|Moody|Overheat,RagePowder,LeechSeed,Protect|Calm||F|||50|]Aerodactyl||Aerodactylite|Unnerve|Protect,Tailwind,DualWingbeat,RockSlide|Jolly||F|||50|]Basculegion||SitrusBerry|Adaptability|AquaJet,LastRespects,Protect,WaveCrash|Adamant||M|||50|
|inactive|Battle timer is ON: inactive players will automatically lose when time's up. (requested by Natsuki2457)
|inactive|Juaner95 has 60 seconds left.
|inactive|Juaner95 has 30 seconds left.
|inactive|Juaner95 has 20 seconds left.
|inactive|Juaner95 has 15 seconds left.
|inactive|Juaner95 has 10 seconds left.
|inactive|Juaner95 has 5 seconds left.
|
|t:|1783819340
|teamsize|p1|4
|teamsize|p2|4
|start
|switch|p1a: Scovillain|Scovillain, L50, M|100/100
|switch|p1b: Basculegion|Basculegion, L50, M, shiny|100/100
|switch|p2a: Kommo-o|Kommo-o, L50, M|100/100
|switch|p2b: Aerodactyl|Aerodactyl, L50, F|100/100
|-ability|p2b: Aerodactyl|Unnerve
|turn|1
|
|t:|1783819362
|move|p1a: Scovillain|Protect|p1a: Scovillain
|-singleturn|p1a: Scovillain|Protect
|move|p1b: Basculegion|Flip Turn|p2b: Aerodactyl
|-supereffective|p2b: Aerodactyl|1
|-damage|p2b: Aerodactyl|0 fnt
|faint|p2b: Aerodactyl
|
|t:|1783819370
|switch|p1b: Sylveon|Sylveon, L50, F, shiny|100/100|[from] Flip Turn
|move|p2a: Kommo-o|Clanging Scales|p1b: Sylveon|[spread] 
|-activate|p1a: Scovillain|move: Protect
|-immune|p1b: Sylveon
|
|-ability|p1a: Scovillain|Moody|boost
|-boost|p1a: Scovillain|def|2
|-unboost|p1a: Scovillain|spe|1
|upkeep
|
|t:|1783819376
|switch|p2b: Scovillain|Scovillain, L50, F|100/100
|turn|2
|inactive|Natsuki2457 has 30 seconds left.
|
|t:|1783819403
|detailschange|p2b: Scovillain|Scovillain-Mega, L50, F
|-mega|p2b: Scovillain|Scovillain|Scovillainite
|detailschange|p1a: Scovillain|Scovillain-Mega, L50, M
|-mega|p1a: Scovillain|Scovillain|Scovillainite
|move|p2b: Scovillain|Rage Powder|p2b: Scovillain
|-singleturn|p2b: Scovillain|move: Rage Powder
|move|p1a: Scovillain|Rage Powder|p1a: Scovillain
|-singleturn|p1a: Scovillain|move: Rage Powder
|move|p2a: Kommo-o|Flash Cannon|p1a: Scovillain
|-resisted|p1a: Scovillain|1
|-damage|p1a: Scovillain|86/100
|-status|p2a: Kommo-o|brn|[from] ability: Spicy Spray|[of] p1a: Scovillain
|-damage|p2a: Kommo-o|90/100 brn|[from] item: Life Orb
|move|p1b: Sylveon|Hyper Voice|p2b: Scovillain|[spread] p2b
|-immune|p2a: Kommo-o|[from] ability: Soundproof
|-resisted|p2b: Scovillain|1
|-damage|p2b: Scovillain|76/100
|-status|p1b: Sylveon|brn|[from] ability: Spicy Spray|[of] p2b: Scovillain
|
|-damage|p2a: Kommo-o|84/100 brn|[from] brn
|-damage|p1b: Sylveon|93/100 brn|[from] brn
|upkeep
|turn|3
|inactive|Juaner95 has 30 seconds left.
|inactive|Natsuki2457 has 30 seconds left.
|
|t:|1783819429
|switch|p2a: Sneasler|Sneasler, L50, M|100/100
|move|p2b: Scovillain|Leech Seed|p1b: Sylveon
|-start|p1b: Sylveon|move: Leech Seed
|move|p1b: Sylveon|Hyper Beam|p2a: Sneasler
|-damage|p2a: Sneasler|0 fnt
|-mustrecharge|p1b: Sylveon
|faint|p2a: Sneasler
|move|p1a: Scovillain|Overheat|p2b: Scovillain
|-damage|p2b: Scovillain|23/100
|-unboost|p1a: Scovillain|spa|2
|-immune|p1a: Scovillain
|
|-damage|p1b: Sylveon|81/100 brn|[from] Leech Seed|[of] p2b: Scovillain
|-heal|p2b: Scovillain|38/100|[silent]
|-damage|p1b: Sylveon|75/100 brn|[from] brn
|upkeep
|
|t:|1783819443
|switch|p2a: Kommo-o|Kommo-o, L50, M|84/100 brn
|turn|4
|
|t:|1783819455
|move|p1a: Scovillain|Rage Powder|p1a: Scovillain
|-singleturn|p1a: Scovillain|move: Rage Powder
|move|p2a: Kommo-o|Clanging Scales|p1a: Scovillain|[spread] p1a
|-immune|p1b: Sylveon
|-damage|p1a: Scovillain|42/100
|-unboost|p2a: Kommo-o|def|1
|-damage|p2a: Kommo-o|74/100 brn|[from] item: Life Orb
|move|p2b: Scovillain|Overheat|p1a: Scovillain
|-damage|p1a: Scovillain|0 fnt
|-unboost|p2b: Scovillain|spa|2
|-immune|p2b: Scovillain
|faint|p1a: Scovillain
|cant|p1b: Sylveon|recharge
|
|-damage|p1b: Sylveon|63/100 brn|[from] Leech Seed|[of] p2b: Scovillain
|-heal|p2b: Scovillain|52/100|[silent]
|-damage|p2a: Kommo-o|68/100 brn|[from] brn
|-damage|p1b: Sylveon|57/100 brn|[from] brn
|upkeep
|
|t:|1783819466
|switch|p1a: Basculegion|Basculegion, L50, M, shiny|100/100
|turn|5
|
|t:|1783819478
|switch|p1a: Garchomp|Garchomp, L50, M|100/100
|move|p2b: Scovillain|Rage Powder|p2b: Scovillain
|-singleturn|p2b: Scovillain|move: Rage Powder
|move|p2a: Kommo-o|Flash Cannon|p1b: Sylveon
|-supereffective|p1b: Sylveon|1
|-damage|p1b: Sylveon|14/100 brn
|-damage|p2a: Kommo-o|58/100 brn|[from] item: Life Orb
|move|p1b: Sylveon|Hyper Beam|p2b: Scovillain
|-resisted|p2b: Scovillain|1
|-damage|p2b: Scovillain|0 fnt
|-mustrecharge|p1b: Sylveon
|faint|p2b: Scovillain
|
|-damage|p2a: Kommo-o|52/100 brn|[from] brn
|-damage|p1b: Sylveon|8/100 brn|[from] brn
|upkeep
|turn|6
|
|t:|1783819498
|move|p2a: Kommo-o|Protect|p2a: Kommo-o
|-singleturn|p2a: Kommo-o|Protect
|move|p1a: Garchomp|Dragon Claw|p2a: Kommo-o
|-activate|p2a: Kommo-o|move: Protect
|cant|p1b: Sylveon|recharge
|
|-damage|p2a: Kommo-o|46/100 brn|[from] brn
|-damage|p1b: Sylveon|2/100 brn|[from] brn
|upkeep
|turn|7
|
|t:|1783819509
|move|p1a: Garchomp|Protect|p1a: Garchomp
|-singleturn|p1a: Garchomp|Protect
|move|p2a: Kommo-o|Clanging Scales|p1b: Sylveon|[spread] 
|-activate|p1a: Garchomp|move: Protect
|-immune|p1b: Sylveon
|move|p1b: Sylveon|Hyper Beam|p2a: Kommo-o
|-supereffective|p2a: Kommo-o|2
|-damage|p2a: Kommo-o|0 fnt
|-mustrecharge|p1b: Sylveon
|faint|p2a: Kommo-o
|
|win|Juaner95
||Natsuki2457 is ready for game 2.
|inactive|Juaner95 has 30 seconds to confirm battle start!
|inactive|Juaner95 has 20 seconds to confirm battle start!
|inactive|Juaner95 has 10 seconds to confirm battle start!
|inactive|Juaner95 has 0 seconds to confirm battle start!
|uhtml|next|Next: Game 2 of 3
