|j|☆dawnenen
|j|☆anhamchoi
|html|dawnenenanhamchoi    
|uhtml|bestof|Game 1 of a best-of-3
|t:|1784720880
|gametype|doubles
|player|p1|dawnenen|galacticgruntf|1146
|player|p2|anhamchoi|clown|1000
|gen|9
|tier|[Gen 9 Champions] VGC 2026 Reg M-B (Bo3)
|rated|
|rule|Species Clause: Limit one of each Pokémon
|rule|Item Clause: Limit 1 of each item
|clearpoke
|poke|p1|Grimmsnarl, L50, M|
|poke|p1|Venusaur, L50, M|
|poke|p1|Pelipper, L50, M|
|poke|p1|Archaludon, L50, M|
|poke|p1|Charizard, L50, M|
|poke|p1|Basculegion, L50, M|
|poke|p2|Rotom-Heat, L50|
|poke|p2|Sceptile, L50, M|
|poke|p2|Incineroar, L50, M|
|poke|p2|Primarina, L50, F|
|poke|p2|Lycanroc-Dusk, L50, M|
|poke|p2|Metagross, L50|
|teampreview|4
|showteam|p1|Grimmsnarl||LightClay|Prankster|SpiritBreak,Reflect,LightScreen,PartingShot|Careful||M|||50|]Venusaur||FocusSash|Chlorophyll|SludgeBomb,EarthPower,SleepPowder,Protect|Modest||M|||50|]Pelipper||SitrusBerry|Drizzle|WeatherBall,Hurricane,Tailwind,WideGuard|Modest||M|||50|]Archaludon||Leftovers|Stamina|DragonPulse,FlashCannon,ElectroShot,Protect|Modest||M|||50|]Charizard||CharizarditeY|Blaze|HeatWave,SolarBeam,WeatherBall,Protect|Modest||M|||50|]Basculegion||ChoiceScarf|Adaptability|WaveCrash,FlipTurn,LastRespects,AquaJet|Jolly||M|||50|
|showteam|p2|Rotom-Heat||SitrusBerry|Levitate|Discharge,Overheat,Protect,Electroweb|Timid|||||50|]Sceptile||Sceptilite|Overgrow|EnergyBall,EarthPower,DragonPulse,Protect|Modest||M|||50|]Incineroar||ShucaBerry|Intimidate|FakeOut,PartingShot,FlareBlitz,Taunt|Adamant||M|||50|]Primarina||MysticWater|LiquidVoice|Moonblast,IceBeam,HyperVoice,Protect|Modest||F|||50|]Lycanroc-Dusk||KingsRock|ToughClaws|RockSlide,Protect,SuckerPunch,Accelerock|Jolly||M|||50|]Metagross||Metagrossite|ClearBody|BodyPress,ZenHeadbutt,IronDefense,Protect|Jolly|||||50|
|inactive|Battle timer is ON: inactive players will automatically lose when time's up. (requested by dawnenen)
|inactive|dawnenen has 60 seconds left.
|
|t:|1784720929
|teamsize|p1|4
|teamsize|p2|4
|start
|switch|p1a: Basculegion|Basculegion, L50, M|100/100
|switch|p1b: Pelipper|Pelipper, L50, M|100/100
|switch|p2a: Incineroar|Incineroar, L50, M|100/100
|switch|p2b: Metagross|Metagross, L50|100/100
|-weather|RainDance|[from] ability: Drizzle|[of] p1b: Pelipper
|-ability|p2a: Incineroar|Intimidate|boost
|-unboost|p1a: Basculegion|atk|1
|-unboost|p1b: Pelipper|atk|1
|turn|1
|
|t:|1784720950
|switch|p1b: Archaludon|Archaludon, L50, M|100/100
|detailschange|p2b: Metagross|Metagross-Mega, L50
|-mega|p2b: Metagross|Metagross|Metagrossite
|move|p2a: Incineroar|Fake Out|p1b: Archaludon
|-resisted|p1b: Archaludon|1
|-damage|p1b: Archaludon|95/100
|-ability|p1b: Archaludon|Stamina|boost
|-boost|p1b: Archaludon|def|1
|move|p1a: Basculegion|Flip Turn|p2a: Incineroar
|-supereffective|p2a: Incineroar|1
|-damage|p2a: Incineroar|26/100
|
|t:|1784720961
|switch|p1a: Pelipper|Pelipper, L50, M|100/100|[from] Flip Turn
|move|p2b: Metagross|Iron Defense|p2b: Metagross
|-boost|p2b: Metagross|def|2
|
|-weather|RainDance|[upkeep]
|-heal|p1b: Archaludon|100/100|[from] item: Leftovers
|upkeep
|turn|2
|
|t:|1784720985
|move|p2b: Metagross|Body Press|p1b: Archaludon
|-supereffective|p1b: Archaludon|1
|-damage|p1b: Archaludon|41/100
|-ability|p1b: Archaludon|Stamina|boost
|-boost|p1b: Archaludon|def|1
|move|p1b: Archaludon|Electro Shot||[still]
|-prepare|p1b: Archaludon|Electro Shot
|-boost|p1b: Archaludon|spa|1
|-anim|p1b: Archaludon|Electro Shot|p2b: Metagross
|-damage|p2b: Metagross|36/100
|move|p1a: Pelipper|Tailwind|p1a: Pelipper
|-sidestart|p1: dawnenen|move: Tailwind
|move|p2a: Incineroar|Taunt|p1a: Pelipper
|-start|p1a: Pelipper|move: Taunt
|
|-weather|RainDance|[upkeep]
|-heal|p1b: Archaludon|47/100|[from] item: Leftovers
|upkeep
|turn|3
|inactive|dawnenen has 30 seconds left.
|
|t:|1784721012
|move|p1b: Archaludon|Electro Shot||[still]
|-prepare|p1b: Archaludon|Electro Shot
|-boost|p1b: Archaludon|spa|1
|-anim|p1b: Archaludon|Electro Shot|p2a: Incineroar
|-damage|p2a: Incineroar|0 fnt
|faint|p2a: Incineroar
|move|p1a: Pelipper|Weather Ball|p2b: Metagross
|-damage|p2b: Metagross|0 fnt
|faint|p2b: Metagross
|
|-weather|RainDance|[upkeep]
|-heal|p1b: Archaludon|53/100|[from] item: Leftovers
|upkeep
|
|t:|1784721024
|switch|p2b: Rotom|Rotom-Heat, L50|100/100
|switch|p2a: Lycanroc|Lycanroc-Dusk, L50, M|100/100
|turn|4
|
|t:|1784721041
|move|p2a: Lycanroc|Protect|p2a: Lycanroc
|-singleturn|p2a: Lycanroc|Protect
|move|p1b: Archaludon|Flash Cannon|p2a: Lycanroc
|-activate|p2a: Lycanroc|move: Protect
|move|p1a: Pelipper|Weather Ball|p2b: Rotom
|-supereffective|p2b: Rotom|1
|-damage|p2b: Rotom|0 fnt
|faint|p2b: Rotom
|
|-weather|RainDance|[upkeep]
|-heal|p1b: Archaludon|59/100|[from] item: Leftovers
|upkeep
|turn|5
|
|t:|1784721059
|move|p2a: Lycanroc|Sucker Punch|p1b: Archaludon
|-damage|p1b: Archaludon|48/100
|-ability|p1b: Archaludon|Stamina|boost
|-boost|p1b: Archaludon|def|1
|move|p1b: Archaludon|Flash Cannon|p2a: Lycanroc
|-supereffective|p2a: Lycanroc|1
|-damage|p2a: Lycanroc|0 fnt
|faint|p2a: Lycanroc
|
|win|dawnenen
|l|☆anhamchoi
|player|p2|
|inactive|dawnenen has 30 seconds to confirm battle start!
|inactive|anhamchoi has 30 seconds to confirm battle start!
||dawnenen is ready for game 2.
|inactive|anhamchoi has 20 seconds to confirm battle start!
|inactive|anhamchoi has 10 seconds to confirm battle start!
|uhtml|next|Next: Game 2 of 3
