|j|☆Abhirup Basak
|j|☆AbadanRiyi92
|html|Abhirup BasakAbadanRiyi92    
|uhtml|bestof|Game 1 of a best-of-3
|t:|1785178477
|gametype|doubles
|player|p1|Abhirup Basak|265|1144
|player|p2|AbadanRiyi92|colress|1127
|gen|9
|tier|[Gen 9 Champions] VGC 2026 Reg M-B (Bo3)
|rated|
|rule|Species Clause: Limit one of each Pokémon
|rule|Item Clause: Limit 1 of each item
|clearpoke
|poke|p1|Annihilape, L50, F|
|poke|p1|Incineroar, L50, F|
|poke|p1|Kingambit, L50, F|
|poke|p1|Toxapex, L50, F|
|poke|p1|Staraptor, L50, M|
|poke|p1|Gholdengo, L50|
|poke|p2|Gengar, L50, M, shiny|
|poke|p2|Maushold-Four, L50|
|poke|p2|Annihilape, L50, F|
|poke|p2|Incineroar, L50, M|
|poke|p2|Politoed, L50, M, shiny|
|poke|p2|Archaludon, L50, F|
|teampreview|4
|showteam|p1|Annihilape||BlackBelt|InnerFocus|DrainPunch,RageFist,BulkUp,Protect|Adamant||F|||50|]Incineroar||SitrusBerry|Intimidate|PartingShot,FakeOut,DarkestLariat,CrossChop|Careful||F|||50|]Kingambit||BlackGlasses|SupremeOverlord|BrickBreak,SwordsDance,SuckerPunch,KowtowCleave|Adamant||F|||50|]Toxapex||Leftovers|Regenerator|Haze,BanefulBunker,Toxic,Recover|Impish||F|||50|]Staraptor||Staraptite|Intimidate|BraveBird,CloseCombat,Protect,Tailwind|Jolly||M|||50|]Gholdengo||LifeOrb|GoodasGold|NastyPlot,MakeItRain,ShadowBall,Protect|Modest|||||50|
|showteam|p2|Gengar||Gengarite|CursedBody|ShadowBall,Disable,PerishSong,Protect|Timid||M|||50|]Maushold-Four||FocusSash|FriendGuard|FollowMe,Encore,BeatUp,Protect|Jolly|||||50|]Annihilape||RoseliBerry|Defiant|RageFist,DrainPunch,BulkUp,Protect|Adamant||F|||50|]Incineroar||PasshoBerry|Intimidate|PartingShot,ThroatChop,Protect,FakeOut|Sassy||M|||50|]Politoed||SitrusBerry|Drizzle|WeatherBall,Encore,PerishSong,Protect|Calm||M|||50|]Archaludon||Leftovers|Stamina|DragonPulse,FlashCannon,ElectroShot,Protect|Bold||F|||50|
|inactive|Battle timer is ON: inactive players will automatically lose when time's up. (requested by AbadanRiyi92)
|inactive|Abhirup Basak has 60 seconds left.
|inactive|AbadanRiyi92 has 60 seconds left.
|
|t:|1785178524
|teamsize|p1|4
|teamsize|p2|4
|start
|switch|p1a: Annihilape|Annihilape, L50, F|100/100
|switch|p1b: Staraptor|Staraptor, L50, M|100/100
|switch|p2a: Incineroar|Incineroar, L50, M|100/100
|switch|p2b: Annihilape|Annihilape, L50, F|100/100
|-ability|p1b: Staraptor|Intimidate|boost
|-unboost|p2a: Incineroar|atk|1
|-unboost|p2b: Annihilape|atk|1
|-ability|p2b: Annihilape|Defiant|boost
|-boost|p2b: Annihilape|atk|2
|-ability|p2a: Incineroar|Intimidate|boost
|-fail|p1a: Annihilape|unboost|Attack|[from] ability: Inner Focus|[of] p1a: Annihilape
|-unboost|p1b: Staraptor|atk|1
|turn|1
|inactive|Abhirup Basak has 30 seconds left.
|inactive|AbadanRiyi92 has 30 seconds left.
|inactive|Abhirup Basak has 20 seconds left.
|
|t:|1785178562
|detailschange|p1b: Staraptor|Staraptor-Mega, L50, M
|-mega|p1b: Staraptor|Staraptor|Staraptite
|move|p2a: Incineroar|Fake Out|p1b: Staraptor
|-damage|p1b: Staraptor|91/100
|cant|p1b: Staraptor|flinch
|move|p1a: Annihilape|Rage Fist|p2b: Annihilape
|-supereffective|p2b: Annihilape|1
|-crit|p2b: Annihilape
|-damage|p2b: Annihilape|41/100
|move|p2b: Annihilape|Bulk Up|p2b: Annihilape
|-boost|p2b: Annihilape|atk|1
|-boost|p2b: Annihilape|def|1
|
|upkeep
|turn|2
|inactive|AbadanRiyi92 has 30 seconds left.
|
|t:|1785178589
|move|p2b: Annihilape|Protect|p2b: Annihilape
|-singleturn|p2b: Annihilape|Protect
|move|p1b: Staraptor|Brave Bird|p2b: Annihilape
|-activate|p2b: Annihilape|move: Protect
|move|p1a: Annihilape|Rage Fist|p2b: Annihilape
|-activate|p2b: Annihilape|move: Protect
|move|p2a: Incineroar|Parting Shot|p1a: Annihilape
|-unboost|p1a: Annihilape|atk|1
|-unboost|p1a: Annihilape|spa|1
|
|t:|1785178600
|switch|p2a: Gengar|Gengar, L50, M, shiny|100/100|[from] Parting Shot
|
|upkeep
|turn|3
|
|t:|1785178612
|detailschange|p2a: Gengar|Gengar-Mega, L50, M, shiny
|-mega|p2a: Gengar|Gengar|Gengarite
|move|p1a: Annihilape|Protect|p1a: Annihilape
|-singleturn|p1a: Annihilape|Protect
|move|p1b: Staraptor|Brave Bird|p2b: Annihilape
|-supereffective|p2b: Annihilape|1
|-damage|p2b: Annihilape|0 fnt
|faint|p2b: Annihilape
|-damage|p1b: Staraptor|73/100|[from] Recoil
|move|p2a: Gengar|Disable|p1b: Staraptor
|-start|p1b: Staraptor|Disable|Brave Bird
|
|upkeep
|inactive|AbadanRiyi92 has 30 seconds left.
|
|t:|1785178639
|switch|p2b: Politoed|Politoed, L50, M, shiny|100/100
|-weather|RainDance|[from] ability: Drizzle|[of] p2b: Politoed
|turn|4
|inactive|Abhirup Basak has 30 seconds left.
|
|t:|1785178668
|switch|p1a: Toxapex|Toxapex, L50, F|100/100
|move|p1b: Staraptor|Tailwind|p1b: Staraptor
|-sidestart|p1: Abhirup Basak|move: Tailwind
|move|p2a: Gengar|Shadow Ball|p1a: Toxapex
|-damage|p1a: Toxapex|69/100
|-unboost|p1a: Toxapex|spd|1
|move|p2b: Politoed|Weather Ball|p1b: Staraptor
|-damage|p1b: Staraptor|11/100
|
|-weather|RainDance|[upkeep]
|-heal|p1a: Toxapex|75/100|[from] item: Leftovers
|upkeep
|turn|5
|inactive|AbadanRiyi92 has 30 seconds left.
|
|t:|1785178695
|move|p1b: Staraptor|Close Combat|p2b: Politoed
|-damage|p2b: Politoed|61/100
|-boost|p1b: Staraptor|def|1
|-boost|p1b: Staraptor|spd|1
|move|p2a: Gengar|Shadow Ball|p1a: Toxapex
|-damage|p1a: Toxapex|23/100
|move|p1a: Toxapex|Toxic|p2b: Politoed
|-status|p2b: Politoed|tox
|move|p2b: Politoed|Weather Ball|p1b: Staraptor
|-damage|p1b: Staraptor|0 fnt
|faint|p1b: Staraptor
|
|-weather|RainDance|[upkeep]
|-heal|p1a: Toxapex|29/100|[from] item: Leftovers
|-damage|p2b: Politoed|55/100 tox|[from] psn
|upkeep
|inactive|Abhirup Basak has 30 seconds left.
|
|t:|1785178723
|switch|p1b: Gholdengo|Gholdengo, L50|100/100
|turn|6
|
|t:|1785178738
|move|p2a: Gengar|Protect|p2a: Gengar
|-singleturn|p2a: Gengar|Protect
|move|p1a: Toxapex|Baneful Bunker|p1a: Toxapex
|-singleturn|p1a: Toxapex|move: Protect
|move|p1b: Gholdengo|Shadow Ball|p2a: Gengar
|-activate|p2a: Gengar|move: Protect
|move|p2b: Politoed|Encore|p1a: Toxapex
|-activate|p1a: Toxapex|move: Protect
|
|-weather|RainDance|[upkeep]
|-heal|p1a: Toxapex|35/100|[from] item: Leftovers
|-damage|p2b: Politoed|42/100 tox|[from] psn
|upkeep
|-enditem|p2b: Politoed|Sitrus Berry|[eat]
|-heal|p2b: Politoed|67/100 tox|[from] item: Sitrus Berry
|turn|7
|
|t:|1785178763
|move|p1b: Gholdengo|Shadow Ball|p2a: Gengar
|-supereffective|p2a: Gengar|1
|-damage|p2a: Gengar|0 fnt
|faint|p2a: Gengar
|-damage|p1b: Gholdengo|90/100|[from] item: Life Orb
|move|p1a: Toxapex|Recover|p1a: Toxapex
|-heal|p1a: Toxapex|85/100
|move|p2b: Politoed|Weather Ball|p1a: Toxapex
|-resisted|p1a: Toxapex|1
|-damage|p1a: Toxapex|57/100
|
|-weather|RainDance|[upkeep]
|-heal|p1a: Toxapex|63/100|[from] item: Leftovers
|-damage|p2b: Politoed|49/100 tox|[from] psn
|-sideend|p1: Abhirup Basak|move: Tailwind
|upkeep
|
|t:|1785178776
|switch|p2a: Incineroar|Incineroar, L50, M|100/100
|-ability|p2a: Incineroar|Intimidate|boost
|-unboost|p1a: Toxapex|atk|1
|-unboost|p1b: Gholdengo|atk|1
|turn|8
|
|t:|1785178792
|move|p1b: Gholdengo|Nasty Plot|p1b: Gholdengo
|-boost|p1b: Gholdengo|spa|2
|move|p2b: Politoed|Weather Ball|p1a: Toxapex
|-resisted|p1a: Toxapex|1
|-damage|p1a: Toxapex|38/100
|move|p2a: Incineroar|Throat Chop|p1b: Gholdengo
|-supereffective|p1b: Gholdengo|1
|-damage|p1b: Gholdengo|33/100
|-start|p1b: Gholdengo|Throat Chop|[silent]
|move|p1a: Toxapex|Recover|p1a: Toxapex
|-heal|p1a: Toxapex|88/100
|
|-weather|none
|-heal|p1a: Toxapex|94/100|[from] item: Leftovers
|-damage|p2b: Politoed|25/100 tox|[from] psn
|upkeep
|turn|9
|inactive|Abhirup Basak has 30 seconds left.
|inactive|Abhirup Basak has 20 seconds left.
|inactive|Abhirup Basak has 15 seconds left.
|inactive|Abhirup Basak has 10 seconds left.
|inactive|Abhirup Basak has 5 seconds left.
|
|t:|1785178846
|move|p1a: Toxapex|Baneful Bunker|p1a: Toxapex
|-singleturn|p1a: Toxapex|move: Protect
|move|p1b: Gholdengo|Shadow Ball|p2a: Incineroar
|-resisted|p2a: Incineroar|1
|-damage|p2a: Incineroar|55/100
|-damage|p1b: Gholdengo|23/100|[from] item: Life Orb
|move|p2b: Politoed|Perish Song|p2b: Politoed
|-start|p1a: Toxapex|perish3|[silent]
|-immune|p1b: Gholdengo|[from] ability: Good as Gold
|-start|p2a: Incineroar|perish3|[silent]
|-start|p2b: Politoed|perish3|[silent]
|-fieldactivate|move: Perish Song
|move|p2a: Incineroar|Throat Chop|p1b: Gholdengo
|-supereffective|p1b: Gholdengo|1
|-damage|p1b: Gholdengo|0 fnt
|faint|p1b: Gholdengo
|
|-heal|p1a: Toxapex|100/100|[from] item: Leftovers
|-damage|p2b: Politoed|0 fnt|[from] psn
|faint|p2b: Politoed
|-start|p2a: Incineroar|perish3
|-start|p1a: Toxapex|perish3
|upkeep
|
|t:|1785178864
|switch|p1b: Annihilape|Annihilape, L50, F|100/100
|turn|10
|-message|AbadanRiyi92 forfeited.
|
|win|Abhirup Basak
