|j|☆SilkSongClave
|j|☆Truevillany123
|html|SilkSongClaveTruevillany123    
|uhtml|bestof|Game 2 of a best-of-3
|t:|1757707959
|gametype|doubles
|player|p1|SilkSongClave|artist-gen4|1000
|player|p2|Truevillany123|1|1063
|gen|9
|tier|[Gen 9] VGC 2025 Reg H (Bo3)
|rated|
|rule|Species Clause: Limit one of each Pokémon
|rule|Item Clause: Limit 1 of each item
|clearpoke
|poke|p1|Excadrill, L50, M|
|poke|p1|Sneasler, L50, F|
|poke|p1|Indeedee, L50, M|
|poke|p1|Tyranitar, L50, F|
|poke|p1|Corviknight, L50, M|
|poke|p1|Annihilape, L50, M|
|poke|p2|Dragonite, L50, M|
|poke|p2|Ursaluna-Bloodmoon, L50, M|
|poke|p2|Gholdengo, L50|
|poke|p2|Annihilape, L50, F|
|poke|p2|Ninetales-Alola, L50, F|
|poke|p2|Rillaboom, L50, F|
|teampreview|4
|showteam|p1|Excadrill||FocusSash|SandRush|IronHead,HighHorsepower,Earthquake,Protect|||M|||50|,,,,,Stellar]Sneasler||PsychicSeed|Unburden|DireClaw,CloseCombat,ThroatChop,Protect|||F|||50|,,,,,Dark]Indeedee||ChoiceScarf|PsychicSurge|ExpandingForce,TeraBlast,Protect,Trick|||M|||50|,,,,,Psychic]Tyranitar||AssaultVest|SandStream|RockSlide,KnockOff,LowKick,TeraBlast|||F|||50|,,,,,Flying]Corviknight||SitrusBerry|MirrorArmor|BraveBird,Tailwind,Roost,BulkUp|||M|||50|,,,,,Dragon]Annihilape||SafetyGoggles|Defiant|CloseCombat,RageFist,Taunt,FinalGambit|||M|||50|,,,,,Water
|showteam|p2|Dragonite||LoadedDice|Multiscale|ScaleShot,Protect,Haze,Tailwind|||M|||50|,,,,,Fairy]Ursaluna-Bloodmoon||LifeOrb|MindsEye|BloodMoon,HyperVoice,EarthPower,Protect|||M|||50|,,,,,Normal]Gholdengo||ChoiceSpecs|GoodasGold|MakeItRain,ShadowBall,PowerGem,Trick||||||50|,,,,,Steel]Annihilape||SitrusBerry|Defiant|DrainPunch,RageFist,Protect,BulkUp|||F|||50|,,,,,Fire]Ninetales-Alola||FocusSash|SnowWarning|FreezeDry,AuroraVeil,Encore,IcicleSpear|||F|||50|,,,,,Ghost]Rillaboom||AssaultVest|GrassySurge|FakeOut,WoodHammer,HighHorsepower,Uturn|||F|||50|,,,,,Fire
|
|t:|1757707983
|teamsize|p1|4
|teamsize|p2|4
|start
|switch|p1a: Tyranitar|Tyranitar, L50, F|100/100
|switch|p1b: Excadrill|Excadrill, L50, M|100/100
|switch|p2a: Ninetales|Ninetales-Alola, L50, F|100/100
|switch|p2b: Dragonite|Dragonite, L50, M, shiny|100/100
|-weather|Snowscape|[from] ability: Snow Warning|[of] p2a: Ninetales
|-weather|Sandstorm|[from] ability: Sand Stream|[of] p1a: Tyranitar
|turn|1
|c|☆Truevillany123|gg
|
|t:|1757708012
|move|p1b: Excadrill|Iron Head|p2a: Ninetales
|-supereffective|p2a: Ninetales
|-enditem|p2a: Ninetales|Focus Sash
|-damage|p2a: Ninetales|1/100
|move|p2a: Ninetales|Freeze-Dry|p1b: Excadrill
|-damage|p1b: Excadrill|66/100
|move|p2b: Dragonite|Tailwind|p2b: Dragonite
|-sidestart|p2: Truevillany123|move: Tailwind
|move|p1a: Tyranitar|Rock Slide|p2b: Dragonite|[spread] p2a,p2b
|-supereffective|p2a: Ninetales
|-supereffective|p2b: Dragonite
|-damage|p2a: Ninetales|0 fnt
|-damage|p2b: Dragonite|68/100
|faint|p2a: Ninetales
|
|-weather|Sandstorm|[upkeep]
|-damage|p2b: Dragonite|62/100|[from] Sandstorm
|upkeep
|
|t:|1757708026
|switch|p2a: Annihilape|Annihilape, L50, F|100/100
|turn|2
|
|t:|1757708054
|switch|p1b: Corviknight|Corviknight, L50, M|100/100
|-terastallize|p1a: Tyranitar|Flying
|move|p2b: Dragonite|Protect|p2b: Dragonite
|-singleturn|p2b: Dragonite|Protect
|move|p2a: Annihilape|Bulk Up|p2a: Annihilape
|-boost|p2a: Annihilape|atk|1
|-boost|p2a: Annihilape|def|1
|move|p1a: Tyranitar|Knock Off|p2b: Dragonite
|-activate|p2b: Dragonite|move: Protect
|
|-weather|Sandstorm|[upkeep]
|-damage|p2a: Annihilape|94/100|[from] Sandstorm
|-damage|p2b: Dragonite|56/100|[from] Sandstorm
|-damage|p1a: Tyranitar|95/100|[from] Sandstorm
|upkeep
|turn|3
|
|t:|1757708097
|move|p2a: Annihilape|Protect|p2a: Annihilape
|-singleturn|p2a: Annihilape|Protect
|move|p2b: Dragonite|Scale Shot|p1a: Tyranitar|[miss]
|-miss|p2b: Dragonite|p1a: Tyranitar
|move|p1a: Tyranitar|Tera Blast|p2a: Annihilape|[anim] Tera Blast Flying
|-activate|p2a: Annihilape|move: Protect
|move|p1b: Corviknight|Tailwind|p1b: Corviknight
|-sidestart|p1: SilkSongClave|move: Tailwind
|
|-weather|Sandstorm|[upkeep]
|-damage|p2a: Annihilape|88/100|[from] Sandstorm
|-damage|p2b: Dragonite|50/100|[from] Sandstorm
|-damage|p1a: Tyranitar|89/100|[from] Sandstorm
|upkeep
|turn|4
|
|t:|1757708112
|-terastallize|p2a: Annihilape|Fire
|move|p2a: Annihilape|Rage Fist|p1a: Tyranitar
|-damage|p1a: Tyranitar|63/100
|move|p2b: Dragonite|Scale Shot|p1a: Tyranitar
|-damage|p1a: Tyranitar|50/100
|-damage|p1a: Tyranitar|35/100
|-damage|p1a: Tyranitar|20/100
|-damage|p1a: Tyranitar|7/100
|-damage|p1a: Tyranitar|0 fnt
|faint|p1a: Tyranitar
|-hitcount|p1: Tyranitar|5
|-unboost|p2b: Dragonite|def|1
|-boost|p2b: Dragonite|spe|1
|move|p1b: Corviknight|Brave Bird|p2a: Annihilape
|-damage|p2a: Annihilape|59/100
|-damage|p1b: Corviknight|91/100|[from] Recoil
|
|-weather|Sandstorm|[upkeep]
|-damage|p2b: Dragonite|44/100|[from] Sandstorm
|-damage|p2a: Annihilape|53/100|[from] Sandstorm
|-sideend|p2: Truevillany123|move: Tailwind
|upkeep
|
|t:|1757708129
|switch|p1a: Indeedee|Indeedee, L50, M|100/100
|-fieldstart|move: Psychic Terrain|[from] ability: Psychic Surge|[of] p1a: Indeedee
|turn|5
|
|t:|1757708138
|move|p2a: Annihilape|Protect|p2a: Annihilape
|-singleturn|p2a: Annihilape|Protect
|move|p1a: Indeedee|Expanding Force|p2b: Dragonite|[spread] p2b
|-activate|p2a: Annihilape|move: Protect
|-damage|p2b: Dragonite|0 fnt
|faint|p2b: Dragonite
|move|p1b: Corviknight|Bulk Up|p1b: Corviknight
|-boost|p1b: Corviknight|atk|1
|-boost|p1b: Corviknight|def|1
|
|-weather|none
|upkeep
|
|t:|1757708143
|switch|p2b: Gholdengo|Gholdengo, L50|100/100
|turn|6
|
|t:|1757708159
|move|p1a: Indeedee|Expanding Force|p2b: Gholdengo|[spread] p2a,p2b
|-resisted|p2b: Gholdengo
|-damage|p2a: Annihilape|0 fnt
|-damage|p2b: Gholdengo|65/100
|faint|p2a: Annihilape
|move|p1b: Corviknight|Brave Bird|p2b: Gholdengo
|-resisted|p2b: Gholdengo
|-damage|p2b: Gholdengo|30/100
|-damage|p1b: Corviknight|81/100|[from] Recoil
|move|p2b: Gholdengo|Trick|p1b: Corviknight
|-activate|p2b: Gholdengo|move: Trick|[of] p1b: Corviknight
|-item|p1b: Corviknight|Choice Specs|[from] move: Trick
|-item|p2b: Gholdengo|Sitrus Berry|[from] move: Trick
|-enditem|p2b: Gholdengo|Sitrus Berry|[eat]
|-heal|p2b: Gholdengo|55/100|[from] item: Sitrus Berry
|
|-sideend|p1: SilkSongClave|move: Tailwind
|upkeep
|turn|7
|
|t:|1757708176
|move|p1a: Indeedee|Expanding Force|p2b: Gholdengo
|-resisted|p2b: Gholdengo
|-damage|p2b: Gholdengo|5/100
|move|p2b: Gholdengo|Shadow Ball|p1b: Corviknight
|-crit|p1b: Corviknight
|-damage|p1b: Corviknight|26/100
|move|p1b: Corviknight|Tailwind|p1b: Corviknight
|-sidestart|p1: SilkSongClave|move: Tailwind
|
|upkeep
|turn|8
|
|t:|1757708185
|switch|p1b: Excadrill|Excadrill, L50, M|66/100
|move|p1a: Indeedee|Expanding Force|p2b: Gholdengo
|-resisted|p2b: Gholdengo
|-damage|p2b: Gholdengo|0 fnt
|faint|p2b: Gholdengo
|
|win|SilkSongClave
