|j|☆Bellbottoms
|j|☆hexagonfoot
|html|Bellbottomshexagonfoot    
|uhtml|bestof|Game 2 of a best-of-3
|t:|1756606339
|gametype|doubles
|player|p1|Bellbottoms|pokemonbreederf-gen4|1366
|player|p2|hexagonfoot|caitlin|1255
|gen|9
|tier|[Gen 9] VGC 2025 Reg H (Bo3)
|rated|
|rule|Species Clause: Limit one of each Pokémon
|rule|Item Clause: Limit 1 of each item
|clearpoke
|poke|p1|Gholdengo, L50|
|poke|p1|Rillaboom, L50, M|
|poke|p1|Arcanine-Hisui, L50, F|
|poke|p1|Sneasler, L50, M|
|poke|p1|Dragonite, L50, F|
|poke|p1|Ninetales-Alola, L50, M|
|poke|p2|Kingambit, L50, F|
|poke|p2|Primarina, L50, M|
|poke|p2|Sneasler, L50, F|
|poke|p2|Magmar, L50, F|
|poke|p2|Rillaboom, L50, F|
|poke|p2|Dragapult, L50, M|
|teampreview|4
|showteam|p1|Gholdengo||GrassySeed|GoodasGold|MakeItRain,NastyPlot,ShadowBall,Protect||||||50|,,,,,Water]Rillaboom||AssaultVest|GrassySurge|FakeOut,GrassyGlide,WoodHammer,Uturn|||M|||50|,,,,,Fire]Arcanine-Hisui||ClearAmulet|Intimidate|RockSlide,FlareBlitz,ExtremeSpeed,Protect|||F|||50|,,,,,Water]Sneasler||FocusSash|Unburden|CloseCombat,DireClaw,Coaching,Protect|||M|||50|,,,,,Stellar]Dragonite||LoadedDice|Multiscale|ScaleShot,StompingTantrum,Protect,Tailwind|||F|||50|,,,,,Ground]Ninetales-Alola||CovertCloak|SnowWarning|Blizzard,IcyWind,AuroraVeil,Encore|||M|||50|,,,,,Ice
|showteam|p2|Kingambit||BlackGlasses|Defiant|KowtowCleave,SuckerPunch,SwordsDance,Protect|||F|||50|,,,,,Ghost]Primarina||SitrusBerry|LiquidVoice|HyperVoice,Moonblast,Haze,Protect|||M|||50|,,,,,Water]Sneasler||FocusSash|PoisonTouch|CloseCombat,DireClaw,FakeOut,Protect|||F|||50|,,,,,Stellar]Magmar||Eviolite|VitalSpirit|Overheat,WillOWisp,FollowMe,Protect|||F|||50|,,,,,Ghost]Rillaboom||AssaultVest|GrassySurge|WoodHammer,GrassyGlide,HighHorsepower,FakeOut|||F|||50|,,,,,Fire]Dragapult||ChoiceBand|ClearBody|DragonDarts,PhantomForce,TeraBlast,Uturn|||M|||50|,,,,,Ghost
|inactive|Battle timer is ON: inactive players will automatically lose when time's up. (requested by hexagonfoot)
|
|t:|1756606359
|teamsize|p1|4
|teamsize|p2|4
|start
|switch|p1a: Rocky Road|Sneasler, L50, M|100/100
|switch|p1b: BrewingStorm|Dragonite, L50, F|100/100
|switch|p2a: Syon Lane|Magmar, L50, F|100/100
|switch|p2b: Headstone Lane|Dragapult, L50, M|100/100
|turn|1
|c|☆Bellbottoms|My bad was not watching that g1
|inactive|hexagonfoot has 30 seconds left.
|inactive|hexagonfoot has 20 seconds left.
|
|t:|1756606395
|switch|p2b: Canary Wharf|Primarina, L50, M|100/100
|-terastallize|p1b: BrewingStorm|Ground
|-terastallize|p2a: Syon Lane|Ghost
|move|p1a: Rocky Road|Coaching|p1b: BrewingStorm
|-boost|p1b: BrewingStorm|atk|1
|-boost|p1b: BrewingStorm|def|1
|move|p1b: BrewingStorm|Tailwind|p1b: BrewingStorm
|-sidestart|p1: Bellbottoms|move: Tailwind
|move|p2a: Syon Lane|Will-O-Wisp|p1b: BrewingStorm
|-status|p1b: BrewingStorm|brn
|
|-damage|p1b: BrewingStorm|94/100 brn|[from] brn
|upkeep
|turn|2
|
|t:|1756606411
|move|p2b: Canary Wharf|Protect|p2b: Canary Wharf
|-singleturn|p2b: Canary Wharf|Protect
|move|p1a: Rocky Road|Dire Claw|p2b: Canary Wharf
|-activate|p2b: Canary Wharf|move: Protect
|move|p1b: BrewingStorm|Scale Shot|p2a: Syon Lane
|-damage|p2a: Syon Lane|92/100
|-damage|p2a: Syon Lane|83/100
|-damage|p2a: Syon Lane|74/100
|-damage|p2a: Syon Lane|65/100
|-damage|p2a: Syon Lane|56/100
|-hitcount|p2a: Syon Lane|5
|-unboost|p1b: BrewingStorm|def|1
|-boost|p1b: BrewingStorm|spe|1
|move|p2a: Syon Lane|Will-O-Wisp|p1a: Rocky Road
|-status|p1a: Rocky Road|brn
|
|-damage|p1b: BrewingStorm|88/100 brn|[from] brn
|-damage|p1a: Rocky Road|95/100 brn|[from] brn
|upkeep
|turn|3
|
|t:|1756606426
|move|p2a: Syon Lane|Follow Me|p2a: Syon Lane
|-singleturn|p2a: Syon Lane|move: Follow Me
|move|p1b: BrewingStorm|Scale Shot|p2a: Syon Lane
|-damage|p2a: Syon Lane|48/100
|-damage|p2a: Syon Lane|39/100
|-damage|p2a: Syon Lane|29/100
|-damage|p2a: Syon Lane|20/100
|-damage|p2a: Syon Lane|12/100
|-hitcount|p2a: Syon Lane|5
|-unboost|p1b: BrewingStorm|def|1
|-boost|p1b: BrewingStorm|spe|1
|move|p1a: Rocky Road|Coaching|p1b: BrewingStorm
|-boost|p1b: BrewingStorm|atk|1
|-boost|p1b: BrewingStorm|def|1
|move|p2b: Canary Wharf|Hyper Voice|p1a: Rocky Road|[spread] p1a,p1b
|-supereffective|p1b: BrewingStorm
|-damage|p1a: Rocky Road|52/100 brn
|-damage|p1b: BrewingStorm|20/100 brn
|
|-damage|p1b: BrewingStorm|14/100 brn|[from] brn
|-damage|p1a: Rocky Road|46/100 brn|[from] brn
|upkeep
|turn|4
|inactive|hexagonfoot has 30 seconds left.
|
|t:|1756606456
|move|p1b: BrewingStorm|Protect|p1b: BrewingStorm
|-singleturn|p1b: BrewingStorm|Protect
|move|p1a: Rocky Road|Protect|p1a: Rocky Road
|-singleturn|p1a: Rocky Road|Protect
|move|p2b: Canary Wharf|Protect|p2b: Canary Wharf
|-singleturn|p2b: Canary Wharf|Protect
|move|p2a: Syon Lane|Overheat|p1a: Rocky Road
|-activate|p1a: Rocky Road|move: Protect
|
|-damage|p1b: BrewingStorm|8/100 brn|[from] brn
|-damage|p1a: Rocky Road|40/100 brn|[from] brn
|-sideend|p1: Bellbottoms|move: Tailwind
|upkeep
|turn|5
|
|t:|1756606464
|switch|p1a: Linger|Ninetales-Alola, L50, M|100/100
|-weather|Snowscape|[from] ability: Snow Warning|[of] p1a: Linger
|move|p2a: Syon Lane|Follow Me|p2a: Syon Lane
|-singleturn|p2a: Syon Lane|move: Follow Me
|move|p1b: BrewingStorm|Tailwind|p1b: BrewingStorm
|-sidestart|p1: Bellbottoms|move: Tailwind
|move|p2b: Canary Wharf|Hyper Voice|p1b: BrewingStorm|[spread] p1a,p1b
|-supereffective|p1b: BrewingStorm
|-damage|p1a: Linger|66/100
|-damage|p1b: BrewingStorm|0 fnt
|faint|p1b: BrewingStorm
|
|-weather|Snowscape|[upkeep]
|upkeep
|
|t:|1756606467
|switch|p1b: Dearg Doom|Arcanine-Hisui, L50, F|100/100
|-ability|p1b: Dearg Doom|Intimidate|boost
|-unboost|p2a: Syon Lane|atk|1
|-unboost|p2b: Canary Wharf|atk|1
|turn|6
|
|t:|1756606478
|move|p2a: Syon Lane|Follow Me|p2a: Syon Lane
|-singleturn|p2a: Syon Lane|move: Follow Me
|move|p1a: Linger|Blizzard|p2a: Syon Lane|[spread] p2a,p2b
|-resisted|p2b: Canary Wharf
|-damage|p2a: Syon Lane|0 fnt
|-damage|p2b: Canary Wharf|88/100
|-status|p2b: Canary Wharf|frz
|faint|p2a: Syon Lane
|move|p1b: Dearg Doom|Rock Slide|p2b: Canary Wharf
|-damage|p2b: Canary Wharf|55/100 frz
|cant|p2b: Canary Wharf|frz
|
|-weather|Snowscape|[upkeep]
|upkeep
|c|☆hexagonfoot|ruh roh
|inactive|hexagonfoot has 30 seconds left.
|
|t:|1756606507
|switch|p2a: Slough|Sneasler, L50, F|100/100
|turn|7
|
|t:|1756606516
|move|p2a: Slough|Fake Out|p1a: Linger
|-damage|p1a: Linger|53/100
|move|p1a: Linger|Icy Wind|p2a: Slough|[spread] p2a,p2b
|-resisted|p2b: Canary Wharf
|-damage|p2a: Slough|79/100
|-damage|p2b: Canary Wharf|49/100 frz
|-unboost|p2a: Slough|spe|1
|-unboost|p2b: Canary Wharf|spe|1
|-enditem|p2b: Canary Wharf|Sitrus Berry|[eat]
|-heal|p2b: Canary Wharf|74/100 frz|[from] item: Sitrus Berry
|move|p1b: Dearg Doom|Flare Blitz|p2a: Slough
|-damage|p2a: Slough|0 fnt
|faint|p2a: Slough
|-damage|p1b: Dearg Doom|77/100|[from] Recoil
|-curestatus|p2b: Canary Wharf|frz|[msg]
|move|p2b: Canary Wharf|Hyper Voice|p1b: Dearg Doom|[spread] p1a,p1b
|-supereffective|p1b: Dearg Doom
|-damage|p1a: Linger|15/100
|-damage|p1b: Dearg Doom|0 fnt
|faint|p1b: Dearg Doom
|
|-weather|Snowscape|[upkeep]
|upkeep
|
|t:|1756606528
|switch|p2a: Headstone Lane|Dragapult, L50, M|100/100
|switch|p1b: Rocky Road|Sneasler, L50, M|40/100 brn
|turn|8
|
|t:|1756606536
|move|p2b: Canary Wharf|Protect|p2b: Canary Wharf
|-singleturn|p2b: Canary Wharf|Protect
|move|p1b: Rocky Road|Dire Claw|p2a: Headstone Lane
|-resisted|p2a: Headstone Lane
|-damage|p2a: Headstone Lane|86/100
|move|p1a: Linger|Blizzard|p2b: Canary Wharf|[spread] p2a
|-activate|p2b: Canary Wharf|move: Protect
|-supereffective|p2a: Headstone Lane
|-damage|p2a: Headstone Lane|8/100
|move|p2a: Headstone Lane|Dragon Darts|p1b: Rocky Road
|-damage|p1b: Rocky Road|0 fnt
|faint|p1b: Rocky Road
|
|-weather|Snowscape|[upkeep]
|-sideend|p1: Bellbottoms|move: Tailwind
|upkeep
|turn|9
|
|t:|1756606544
|move|p2a: Headstone Lane|Dragon Darts|p1a: Linger
|-immune|p1a: Linger
|move|p1a: Linger|Blizzard|p2a: Headstone Lane|[spread] p2a,p2b
|-supereffective|p2a: Headstone Lane
|-resisted|p2b: Canary Wharf
|-damage|p2a: Headstone Lane|0 fnt
|-damage|p2b: Canary Wharf|61/100
|faint|p2a: Headstone Lane
|move|p2b: Canary Wharf|Hyper Voice|p1a: Linger
|-damage|p1a: Linger|0 fnt
|faint|p1a: Linger
|
|win|hexagonfoot
|raw|Bellbottoms's rating: 1366 → 1340(-26 for losing)
|raw|hexagonfoot's rating: 1255 → 1288(+33 for winning)
|l|☆Bellbottoms
|player|p1|
