|j|☆FeelTheIceBro
|j|☆Mandy's cendy
|html|FeelTheIceBroMandy's cendy    
|uhtml|bestof|Game 1 of a best-of-3
|t:|1756744286
|gametype|doubles
|player|p1|FeelTheIceBro|1|1073
|player|p2|Mandy's cendy|iris-gen5bw2|1096
|gen|9
|tier|[Gen 9] VGC 2025 Reg H (Bo3)
|rated|
|rule|Species Clause: Limit one of each Pokémon
|rule|Item Clause: Limit 1 of each item
|clearpoke
|poke|p1|Gholdengo, L50|
|poke|p1|Electabuzz, L50, M|
|poke|p1|Ursaluna, L50, M|
|poke|p1|Dragonite, L50, F|
|poke|p1|Ninetales-Alola, L50, F|
|poke|p1|Farigiraf, L50, F|
|poke|p2|Charizard, L50, M|
|poke|p2|Torkoal, L50, F|
|poke|p2|Porygon2, L50|
|poke|p2|Incineroar, L50, F|
|poke|p2|Jumpluff, L50, F|
|poke|p2|Ursaluna, L50, F|
|teampreview|4
|showteam|p1|Gholdengo||LifeOrb|GoodasGold|MakeItRain,ShadowBall,NastyPlot,Protect||||||50|,,,,,Water]Electabuzz||Eviolite|VitalSpirit|Thunderbolt,Taunt,FollowMe,Protect|||M|||50|,,,,,Dragon]Ursaluna||FlameOrb|Guts|Facade,HeadlongRush,Earthquake,Protect|||M|||50|,,,,,Fairy]Dragonite||LoadedDice|Multiscale|ScaleShot,Haze,Tailwind,Protect|||F|||50|,,,,,Fairy]Ninetales-Alola||FocusSash|SnowWarning|Blizzard,FreezeDry,Encore,Protect|||F|||50|,,,,,Ghost]Farigiraf||ThroatSpray|ArmorTail|HyperVoice,Psychic,TrickRoom,Protect|||F|||50|,,,,,Water
|showteam|p2|Charizard||ChoiceSpecs|SolarPower|HeatWave,Overheat,WeatherBall,AirSlash|||M|||50|,,,,,Ghost]Torkoal||EjectPack|Drought|Eruption,Overheat,HelpingHand,Protect|||F|||50|,,,,,Fire]Porygon2||Eviolite|Download|TeraBlast,IceBeam,Recover,TrickRoom||||||50|,,,,,Fighting]Incineroar||SitrusBerry|Intimidate|FlareBlitz,KnockOff,FakeOut,PartingShot|||F|||50|,,,,,Ghost]Jumpluff||CovertCloak|Chlorophyll|SleepPowder,SunnyDay,RagePowder,Tailwind|||F|||50|,,,,,Water]Ursaluna||FlameOrb|Guts|HeadlongRush,Facade,Earthquake,Protect|||F|||50|,,,,,Ghost
|inactive|Battle timer is ON: inactive players will automatically lose when time's up. (requested by Mandy's cendy)
|inactive|FeelTheIceBro has 60 seconds left.
|inactive|Mandy's cendy has 60 seconds left.
|
|t:|1756744335
|teamsize|p1|4
|teamsize|p2|4
|start
|switch|p1a: Electabuzz|Electabuzz, L50, M, shiny|100/100
|switch|p1b: Dragonite|Dragonite, L50, F|100/100
|switch|p2a: Ursaluna|Ursaluna, L50, F|100/100
|switch|p2b: Jumpluff|Jumpluff, L50, F|100/100
|turn|1
|inactive|FeelTheIceBro has 30 seconds left.
|inactive|Mandy's cendy has 30 seconds left.
|
|t:|1756744366
|move|p1b: Dragonite|Protect|p1b: Dragonite
|-singleturn|p1b: Dragonite|Protect
|move|p2b: Jumpluff|Tailwind|p2b: Jumpluff
|-sidestart|p2: Mandy's cendy|move: Tailwind
|move|p2a: Ursaluna|Earthquake|p1a: Electabuzz|[spread] p1a
|-activate|p1b: Dragonite|move: Protect
|-immune|p2b: Jumpluff
|-supereffective|p1a: Electabuzz
|-damage|p1a: Electabuzz|18/100
|move|p1a: Electabuzz|Taunt|p2b: Jumpluff
|-start|p2b: Jumpluff|move: Taunt
|
|-status|p2a: Ursaluna|brn|[from] item: Flame Orb
|upkeep
|turn|2
|inactive|Mandy's cendy has 30 seconds left.
|
|t:|1756744398
|switch|p2b: Incineroar|Incineroar, L50, F|100/100
|-ability|p2b: Incineroar|Intimidate|boost
|-unboost|p1a: Electabuzz|atk|1
|-unboost|p1b: Dragonite|atk|1
|move|p2a: Ursaluna|Protect|p2a: Ursaluna
|-singleturn|p2a: Ursaluna|Protect
|move|p1a: Electabuzz|Follow Me|p1a: Electabuzz
|-singleturn|p1a: Electabuzz|move: Follow Me
|move|p1b: Dragonite|Tailwind|p1b: Dragonite
|-sidestart|p1: FeelTheIceBro|move: Tailwind
|
|-damage|p2a: Ursaluna|95/100 brn|[from] brn
|upkeep
|turn|3
|inactive|Mandy's cendy has 30 seconds left.
|inactive|Mandy's cendy has 20 seconds left.
|inactive|Mandy's cendy has 15 seconds left.
|inactive|Mandy's cendy has 10 seconds left.
|
|t:|1756744445
|switch|p2b: Jumpluff|Jumpluff, L50, F|100/100
|move|p1b: Dragonite|Protect|p1b: Dragonite
|-singleturn|p1b: Dragonite|Protect
|move|p1a: Electabuzz|Taunt|p2b: Jumpluff
|-start|p2b: Jumpluff|move: Taunt
|move|p2a: Ursaluna|Facade|p1a: Electabuzz
|-crit|p1a: Electabuzz
|-damage|p1a: Electabuzz|0 fnt
|faint|p1a: Electabuzz
|
|-damage|p2a: Ursaluna|89/100 brn|[from] brn
|upkeep
|
|t:|1756744457
|switch|p1a: Gholdengo|Gholdengo, L50, shiny|100/100
|turn|4
|
|t:|1756744475
|switch|p2b: Incineroar|Incineroar, L50, F|100/100
|-ability|p2b: Incineroar|Intimidate|boost
|-unboost|p1a: Gholdengo|atk|1
|-unboost|p1b: Dragonite|atk|1
|-terastallize|p1a: Gholdengo|Water
|move|p1a: Gholdengo|Make It Rain|p2a: Ursaluna|[spread] p2a,p2b
|-resisted|p2b: Incineroar
|-damage|p2a: Ursaluna|31/100 brn
|-damage|p2b: Incineroar|70/100
|-unboost|p1a: Gholdengo|spa|1
|-damage|p1a: Gholdengo|91/100|[from] item: Life Orb
|move|p1b: Dragonite|Scale Shot|p2a: Ursaluna
|-damage|p2a: Ursaluna|26/100 brn
|-crit|p2a: Ursaluna
|-damage|p2a: Ursaluna|9/100 brn
|-crit|p2a: Ursaluna
|-damage|p2a: Ursaluna|0 fnt
|faint|p2a: Ursaluna
|-hitcount|p2: Ursaluna|3
|-unboost|p1b: Dragonite|def|1
|-boost|p1b: Dragonite|spe|1
|
|-sideend|p2: Mandy's cendy|move: Tailwind
|upkeep
|j| Trestkon
|inactive|Mandy's cendy has 30 seconds left.
|
|t:|1756744501
|switch|p2a: Jumpluff|Jumpluff, L50, F|100/100
|turn|5
|
|t:|1756744523
|move|p1b: Dragonite|Haze|p1b: Dragonite
|-clearallboost
|move|p1a: Gholdengo|Make It Rain|p2a: Jumpluff|[spread] p2a,p2b
|-resisted|p2b: Incineroar
|-damage|p2a: Jumpluff|38/100
|-damage|p2b: Incineroar|40/100
|-unboost|p1a: Gholdengo|spa|1
|-enditem|p2b: Incineroar|Sitrus Berry|[eat]
|-heal|p2b: Incineroar|64/100|[from] item: Sitrus Berry
|-damage|p1a: Gholdengo|82/100|[from] item: Life Orb
|move|p2a: Jumpluff|Tailwind|p2a: Jumpluff
|-sidestart|p2: Mandy's cendy|move: Tailwind
|move|p2b: Incineroar|Parting Shot|p1b: Dragonite
|-unboost|p1b: Dragonite|atk|1
|-unboost|p1b: Dragonite|spa|1
|
|t:|1756744537
|switch|p2b: Charizard|Charizard, L50, M|100/100|[from] Parting Shot
|
|-sideend|p1: FeelTheIceBro|move: Tailwind
|upkeep
|turn|6
|
|t:|1756744561
|move|p2a: Jumpluff|Sleep Powder|p1b: Dragonite
|-status|p1b: Dragonite|slp|[from] move: Sleep Powder
|move|p2b: Charizard|Air Slash|p1a: Gholdengo
|-damage|p1a: Gholdengo|24/100
|move|p1a: Gholdengo|Shadow Ball|p2a: Jumpluff
|-damage|p2a: Jumpluff|0 fnt
|faint|p2a: Jumpluff
|-damage|p1a: Gholdengo|14/100|[from] item: Life Orb
|cant|p1b: Dragonite|slp
|
|upkeep
|
|t:|1756744568
|switch|p2a: Incineroar|Incineroar, L50, F|64/100
|-ability|p2a: Incineroar|Intimidate|boost
|-unboost|p1a: Gholdengo|atk|1
|-unboost|p1b: Dragonite|atk|1
|turn|7
|inactive|Mandy's cendy has 30 seconds left.
|inactive|Mandy's cendy has 20 seconds left.
|inactive|Mandy's cendy has 15 seconds left.
|inactive|Mandy's cendy has 10 seconds left.
|
|t:|1756744615
|cant|p1b: Dragonite|slp
|move|p2b: Charizard|Air Slash|p1b: Dragonite
|-damage|p1b: Dragonite|74/100 slp
|move|p2a: Incineroar|Knock Off|p1b: Dragonite
|-damage|p1b: Dragonite|21/100 slp
|-enditem|p1b: Dragonite|Loaded Dice|[from] move: Knock Off|[of] p2a: Incineroar
|move|p1a: Gholdengo|Shadow Ball|p2b: Charizard
|-damage|p2b: Charizard|51/100
|-damage|p1a: Gholdengo|5/100|[from] item: Life Orb
|
|upkeep
|turn|8
|l| Trestkon
|inactive|Mandy's cendy has 30 seconds left.
|
|t:|1756744642
|move|p1a: Gholdengo|Protect|p1a: Gholdengo
|-singleturn|p1a: Gholdengo|Protect
|-curestatus|p1b: Dragonite|slp|[msg]
|move|p1b: Dragonite|Protect|p1b: Dragonite
|-singleturn|p1b: Dragonite|Protect
|move|p2b: Charizard|Air Slash|p1a: Gholdengo
|-activate|p1a: Gholdengo|move: Protect
|move|p2a: Incineroar|Knock Off|p1b: Dragonite
|-activate|p1b: Dragonite|move: Protect
|
|-sideend|p2: Mandy's cendy|move: Tailwind
|upkeep
|turn|9
|
|t:|1756744660
|move|p2b: Charizard|Air Slash|p1b: Dragonite
|-damage|p1b: Dragonite|0 fnt
|faint|p1b: Dragonite
|move|p1a: Gholdengo|Shadow Ball|p2b: Charizard
|-damage|p2b: Charizard|0 fnt
|faint|p2b: Charizard
|-damage|p1a: Gholdengo|0 fnt|[from] item: Life Orb
|faint|p1a: Gholdengo
|move|p2a: Incineroar|Flare Blitz|p1: Gholdengo|[notarget]
|-fail|p2a: Incineroar
|
|upkeep
|
|t:|1756744667
|switch|p1a: Ursaluna|Ursaluna, L50, M, shiny|100/100
|turn|10
|
|t:|1756744673
|-terastallize|p2a: Incineroar|Ghost
|move|p1a: Ursaluna|Protect|p1a: Ursaluna
|-singleturn|p1a: Ursaluna|Protect
|move|p2a: Incineroar|Knock Off|p1a: Ursaluna
|-activate|p1a: Ursaluna|move: Protect
|
|-status|p1a: Ursaluna|brn|[from] item: Flame Orb
|upkeep
|turn|11
|
|t:|1756744686
|move|p2a: Incineroar|Flare Blitz|p1a: Ursaluna
|-damage|p1a: Ursaluna|58/100 brn
|-damage|p2a: Incineroar|50/100|[from] Recoil
|move|p1a: Ursaluna|Headlong Rush|p2a: Incineroar
|-damage|p2a: Incineroar|0 fnt
|-unboost|p1a: Ursaluna|def|1
|-unboost|p1a: Ursaluna|spd|1
|faint|p2a: Incineroar
|
|win|FeelTheIceBro
||FeelTheIceBro is ready for game 2.
||Mandy's cendy is ready for game 2.
|uhtml|next|Next: Game 2 of 3
|l|☆FeelTheIceBro
|player|p1|
