|j|☆teamthief420
|j|☆Vienna Vaporeons
|html|teamthief420Vienna Vaporeons    
|uhtml|bestof|Game 3 of a best-of-3
|t:|1755205031
|gametype|doubles
|player|p1|teamthief420|scientist-gen4dp|1298
|player|p2|Vienna Vaporeons|102|1227
|gen|9
|tier|[Gen 9] VGC 2025 Reg H (Bo3)
|rated|
|rule|Species Clause: Limit one of each Pokémon
|rule|Item Clause: Limit 1 of each item
|clearpoke
|poke|p1|Gholdengo, L50|
|poke|p1|Incineroar, L50, F|
|poke|p1|Ursaluna-Bloodmoon, L50, M|
|poke|p1|Whimsicott, L50, M|
|poke|p1|Porygon2, L50|
|poke|p1|Sneasler, L50, F|
|poke|p2|Ninetales-Alola, L50, F|
|poke|p2|Incineroar, L50, M|
|poke|p2|Garganacl, L50, F|
|poke|p2|Dondozo, L50, M|
|poke|p2|Sneasler, L50, M|
|poke|p2|Gholdengo, L50|
|teampreview|4
|showteam|p1|Gholdengo||MetalCoat|GoodasGold|MakeItRain,ShadowBall,NastyPlot,Protect||||||50|,,,,,Dragon]Incineroar||SafetyGoggles|Intimidate|FlareBlitz,KnockOff,FakeOut,PartingShot|||F|||50|,,,,,Ghost]Ursaluna-Bloodmoon||LifeOrb|MindsEye|HyperVoice,EarthPower,BloodMoon,Protect|||M|||50|,,,,,Normal]Whimsicott||FocusSash|Prankster|Moonblast,Tailwind,Encore,Protect|||M|||50|,,,,,Ghost]Porygon2||Eviolite|Download|TeraBlast,IceBeam,TrickRoom,Recover||||||50|,,,,,Ground]Sneasler||WhiteHerb|Unburden|DireClaw,CloseCombat,ThroatChop,Protect|||F|||50|,,,,,Dark
|showteam|p2|Ninetales-Alola||NeverMeltIce|SnowWarning|Blizzard,FreezeDry,AuroraVeil,Protect|||F|||50|,,,,,Ice]Incineroar||AssaultVest|Intimidate|FakeOut,KnockOff,FlareBlitz,DrainPunch|||M|||50|,,,,,Grass]Garganacl||MarangaBerry|PurifyingSalt|SaltCure,StealthRock,Recover,Protect|||F|||50|,,,,,Flying]Dondozo||Leftovers|Unaware|Liquidation,Curse,Yawn,Protect|||M|||50|,,,,,Grass]Sneasler||FocusSash|PoisonTouch|CloseCombat,DireClaw,Coaching,Protect|||M|||50|,,,,,Ghost]Gholdengo||ChoiceScarf|GoodasGold|MakeItRain,ShadowBall,PowerGem,Trick||||||50|,,,,,Steel
|inactive|Battle timer is ON: inactive players will automatically lose when time's up. (requested by Vienna Vaporeons)
|
|t:|1755205091
|teamsize|p1|4
|teamsize|p2|4
|start
|switch|p1a: Whimsicott|Whimsicott, L50, M|100/100
|switch|p1b: Ursaluna|Ursaluna-Bloodmoon, L50, M|100/100
|switch|p2a: Sneasler|Sneasler, L50, M, shiny|100/100
|switch|p2b: Incineroar|Incineroar, L50, M, shiny|100/100
|-ability|p2b: Incineroar|Intimidate|boost
|-unboost|p1a: Whimsicott|atk|1
|-unboost|p1b: Ursaluna|atk|1
|turn|1
|inactive|Vienna Vaporeons has 30 seconds left.
|inactive|Vienna Vaporeons has 20 seconds left.
|
|t:|1755205129
|move|p1a: Whimsicott|Protect|p1a: Whimsicott
|-singleturn|p1a: Whimsicott|Protect
|move|p1b: Ursaluna|Protect|p1b: Ursaluna
|-singleturn|p1b: Ursaluna|Protect
|move|p2b: Incineroar|Fake Out|p1b: Ursaluna
|-activate|p1b: Ursaluna|move: Protect
|move|p2a: Sneasler|Dire Claw|p1a: Whimsicott
|-activate|p1a: Whimsicott|move: Protect
|
|upkeep
|turn|2
|inactive|teamthief420 has 30 seconds left.
|
|t:|1755205157
|move|p1a: Whimsicott|Encore|p2a: Sneasler
|-start|p2a: Sneasler|Encore
|move|p2a: Sneasler|Dire Claw|p1b: Ursaluna
|-resisted|p1b: Ursaluna
|-damage|p1b: Ursaluna|86/100
|-status|p1b: Ursaluna|slp
|move|p2b: Incineroar|Knock Off|p1b: Ursaluna
|-damage|p1b: Ursaluna|51/100 slp
|-enditem|p1b: Ursaluna|Life Orb|[from] move: Knock Off|[of] p2b: Incineroar
|cant|p1b: Ursaluna|slp
|
|upkeep
|turn|3
|c|☆teamthief420|fuck
|c|☆teamthief420|off
|c|☆Vienna Vaporeons|mmm yes this is a regulation of all time
|inactive|teamthief420 has 30 seconds left.
|inactive|teamthief420 has 20 seconds left.
|c|☆Vienna Vaporeons|either this or getting rolled by mausape archaludon
|inactive|teamthief420 has 15 seconds left.
|inactive|teamthief420 has 10 seconds left.
|c|☆teamthief420|i can roll that
|inactive|teamthief420 has 5 seconds left.
|
|t:|1755205207
|move|p1a: Whimsicott|Tailwind|p1a: Whimsicott
|-sidestart|p1: teamthief420|move: Tailwind
|-curestatus|p1b: Ursaluna|slp|[msg]
|move|p1b: Ursaluna|Hyper Voice|p2b: Incineroar|[spread] p2a,p2b
|-damage|p2a: Sneasler|44/100
|-damage|p2b: Incineroar|73/100
|move|p2a: Sneasler|Dire Claw|p1a: Whimsicott
|-supereffective|p1a: Whimsicott
|-enditem|p1a: Whimsicott|Focus Sash
|-damage|p1a: Whimsicott|1/100
|-status|p1a: Whimsicott|slp
|move|p2b: Incineroar|Drain Punch|p1b: Ursaluna
|-supereffective|p1b: Ursaluna
|-damage|p1b: Ursaluna|14/100
|-heal|p2b: Incineroar|92/100|[from] drain|[of] p1b: Ursaluna
|
|upkeep
|turn|4
|c|☆teamthief420|OH MY GOD
|c|☆teamthief420|PLEASE
|inactive|teamthief420 has 30 seconds left.
|inactive|Vienna Vaporeons has 30 seconds left.
|inactive|teamthief420 has 20 seconds left.
|
|t:|1755205246
|cant|p1a: Whimsicott|slp
|move|p1b: Ursaluna|Earth Power|p2b: Incineroar
|-supereffective|p2b: Incineroar
|-damage|p2b: Incineroar|26/100
|move|p2a: Sneasler|Dire Claw|p1b: Ursaluna
|-resisted|p1b: Ursaluna
|-damage|p1b: Ursaluna|0 fnt
|faint|p1b: Ursaluna
|move|p2b: Incineroar|Drain Punch|p1a: Whimsicott
|-resisted|p1a: Whimsicott
|-damage|p1a: Whimsicott|0 fnt
|-heal|p2b: Incineroar|27/100|[from] drain|[of] p1a: Whimsicott
|faint|p1a: Whimsicott
|
|-end|p2a: Sneasler|Encore
|upkeep
|
|t:|1755205250
|switch|p1a: Incineroar|Incineroar, L50, F|100/100
|switch|p1b: Gholdengo|Gholdengo, L50|100/100
|-ability|p1a: Incineroar|Intimidate|boost
|-unboost|p2a: Sneasler|atk|1
|-unboost|p2b: Incineroar|atk|1
|turn|5
|
|t:|1755205266
|switch|p2b: Ninetales|Ninetales-Alola, L50, F, shiny|100/100
|-weather|Snowscape|[from] ability: Snow Warning|[of] p2b: Ninetales
|-terastallize|p1a: Incineroar|Ghost
|move|p2a: Sneasler|Protect|p2a: Sneasler
|-singleturn|p2a: Sneasler|Protect
|move|p1a: Incineroar|Fake Out|p2b: Ninetales
|-damage|p2b: Ninetales|89/100
|move|p1b: Gholdengo|Nasty Plot|p1b: Gholdengo
|-boost|p1b: Gholdengo|spa|2
|
|-weather|Snowscape|[upkeep]
|upkeep
|turn|6
|inactive|Vienna Vaporeons has 30 seconds left.
|
|t:|1755205299
|move|p2b: Ninetales|Protect|p2b: Ninetales
|-singleturn|p2b: Ninetales|Protect
|move|p1b: Gholdengo|Make It Rain|p2b: Ninetales|[spread] p2a
|-activate|p2b: Ninetales|move: Protect
|-damage|p2a: Sneasler|0 fnt
|-unboost|p1b: Gholdengo|spa|1
|faint|p2a: Sneasler
|move|p1a: Incineroar|Knock Off|p2b: Ninetales
|-activate|p2b: Ninetales|move: Protect
|
|-weather|Snowscape|[upkeep]
|-sideend|p1: teamthief420|move: Tailwind
|upkeep
|
|t:|1755205310
|switch|p2a: Gholdengo|Gholdengo, L50, shiny|100/100
|turn|7
|inactive|teamthief420 has 30 seconds left.
|
|t:|1755205342
|-terastallize|p2a: Gholdengo|Steel
|move|p2a: Gholdengo|Shadow Ball|p1a: Incineroar
|-supereffective|p1a: Incineroar
|-damage|p1a: Incineroar|37/100
|move|p2b: Ninetales|Aurora Veil|p2b: Ninetales
|-sidestart|p2: Vienna Vaporeons|move: Aurora Veil
|move|p1b: Gholdengo|Shadow Ball|p2a: Gholdengo
|-damage|p2a: Gholdengo|48/100
|move|p1a: Incineroar|Flare Blitz|p2a: Gholdengo
|-supereffective|p2a: Gholdengo
|-damage|p2a: Gholdengo|0 fnt
|faint|p2a: Gholdengo
|-damage|p1a: Incineroar|24/100|[from] Recoil
|
|-weather|Snowscape|[upkeep]
|upkeep
|
|t:|1755205355
|switch|p2a: Incineroar|Incineroar, L50, M, shiny|27/100
|-ability|p2a: Incineroar|Intimidate|boost
|-unboost|p1a: Incineroar|atk|1
|-unboost|p1b: Gholdengo|atk|1
|turn|8
|inactive|teamthief420 has 30 seconds left.
|
|t:|1755205381
|move|p2b: Ninetales|Blizzard|p1a: Incineroar|[spread] p1a,p1b
|-resisted|p1b: Gholdengo
|-damage|p1a: Incineroar|0 fnt
|-damage|p1b: Gholdengo|85/100
|faint|p1a: Incineroar
|move|p1b: Gholdengo|Make It Rain|p2b: Ninetales|[spread] p2a,p2b
|-resisted|p2a: Incineroar
|-supereffective|p2b: Ninetales
|-damage|p2a: Incineroar|10/100
|-damage|p2b: Ninetales|0 fnt
|-unboost|p1b: Gholdengo|spa|1
|faint|p2b: Ninetales
|move|p2a: Incineroar|Knock Off|p1b: Gholdengo
|-supereffective|p1b: Gholdengo
|-damage|p1b: Gholdengo|0 fnt
|-enditem|p1b: Gholdengo|Metal Coat|[from] move: Knock Off|[of] p2a: Incineroar
|faint|p1b: Gholdengo
|
|win|Vienna Vaporeons
|raw|teamthief420's rating: 1298 → 1268(-30 for losing)
|raw|Vienna Vaporeons's rating: 1227 → 1257(+30 for winning)
|l|☆Vienna Vaporeons
|player|p2|
