|j|☆ground tera
|j|☆lux raymundi
|html|ground teralux raymundi    
|uhtml|bestof|Game 3 of a best-of-3
|t:|1784399341
|gametype|doubles
|player|p1|ground tera|102|1362
|player|p2|lux raymundi|266|1348
|gen|9
|tier|[Gen 9 Champions] VGC 2026 Reg M-B (Bo3)
|rated|
|rule|Species Clause: Limit one of each Pokémon
|rule|Item Clause: Limit 1 of each item
|clearpoke
|poke|p1|Sneasler, L50, F|
|poke|p1|Incineroar, L50, F|
|poke|p1|Blastoise, L50, M|
|poke|p1|Sinistcha, L50|
|poke|p1|Delphox, L50, F, shiny|
|poke|p1|Vivillon, L50, F|
|poke|p2|Sneasler, L50, M|
|poke|p2|Blastoise, L50, M|
|poke|p2|Kingambit, L50, M|
|poke|p2|Incineroar, L50, M|
|poke|p2|Delphox, L50, F|
|poke|p2|Sinistcha, L50|
|teampreview|4
|showteam|p1|Sneasler||FocusSash|PoisonTouch|QuickGuard,FakeOut,CloseCombat,DireClaw|Jolly||F|||50|]Incineroar||SitrusBerry|Intimidate|FakeOut,PartingShot,FlareBlitz,ThroatChop|Impish||F|||50|]Blastoise||Blastoisinite|Torrent|Protect,ShellSmash,WaterSpout,DarkPulse|Modest||M|||50|]Sinistcha||OccaBerry|Hospitality|Protect,MatchaGotcha,TrickRoom,RagePowder|Bold|||||50|]Delphox||Delphoxite|Blaze|Protect,HeatWave,Psyshock,NastyPlot|Timid||F|||50|]Vivillon||ChoiceScarf|CompoundEyes|Hurricane,SleepPowder,RagePowder,Uturn|Timid||F|||50|
|showteam|p2|Sneasler||FocusSash|PoisonTouch|PoisonJab,CloseCombat,FakeOut,QuickGuard|Jolly||M|||50|]Blastoise||Blastoisinite|RainDish|DarkPulse,WaterSpout,ShellSmash,Protect|Modest||M|||50|]Kingambit||BlackGlasses|Defiant|KowtowCleave,SuckerPunch,SwordsDance,Protect|Adamant||M|||50|]Incineroar||SitrusBerry|Intimidate|FlareBlitz,ThroatChop,PartingShot,FakeOut|Careful||M|||50|]Delphox||Delphoxite|Blaze|HeatWave,NastyPlot,Psychic,Protect|Timid||F|||50|]Sinistcha||KasibBerry|Hospitality|MatchaGotcha,RagePowder,TrickRoom,Protect|Bold|||||50|
|inactive|Battle timer is ON: inactive players will automatically lose when time's up. (requested by ground tera)
|
|t:|1784399360
|teamsize|p1|4
|teamsize|p2|4
|start
|switch|p1a: Sneasler|Sneasler, L50, F|100/100
|switch|p1b: Blastoise|Blastoise, L50, M|100/100
|switch|p2a: Sneasler|Sneasler, L50, M|100/100
|switch|p2b: Blastoise|Blastoise, L50, M|100/100
|turn|1
|
|t:|1784399372
|detailschange|p1b: Blastoise|Blastoise-Mega, L50, M
|-mega|p1b: Blastoise|Blastoise|Blastoisinite
|detailschange|p2b: Blastoise|Blastoise-Mega, L50, M
|-mega|p2b: Blastoise|Blastoise|Blastoisinite
|move|p1a: Sneasler|Fake Out|p2b: Blastoise
|-damage|p2b: Blastoise|85/100
|move|p2a: Sneasler|Quick Guard|p2a: Sneasler
|-singleturn|p2a: Sneasler|Quick Guard
|cant|p2b: Blastoise|flinch
|move|p1b: Blastoise|Shell Smash|p1b: Blastoise
|-unboost|p1b: Blastoise|def|1
|-unboost|p1b: Blastoise|spd|1
|-boost|p1b: Blastoise|atk|2
|-boost|p1b: Blastoise|spa|2
|-boost|p1b: Blastoise|spe|2
|
|upkeep
|turn|2
|
|t:|1784399389
|move|p1b: Blastoise|Protect|p1b: Blastoise
|-singleturn|p1b: Blastoise|Protect
|move|p2b: Blastoise|Protect|p2b: Blastoise
|-singleturn|p2b: Blastoise|Protect
|move|p2a: Sneasler|Close Combat|p1b: Blastoise
|-activate|p1b: Blastoise|move: Protect
|move|p1a: Sneasler|Close Combat|p2b: Blastoise
|-activate|p2b: Blastoise|move: Protect
|
|upkeep
|turn|3
|inactive|ground tera has 30 seconds left.
|
|t:|1784399415
|move|p1b: Blastoise|Water Spout|p2a: Sneasler|[spread] p2a,p2b
|-resisted|p2b: Blastoise|1
|-enditem|p2a: Sneasler|Focus Sash
|-damage|p2a: Sneasler|1/100
|-damage|p2b: Blastoise|16/100
|move|p2a: Sneasler|Close Combat|p1b: Blastoise
|-damage|p1b: Blastoise|7/100
|-unboost|p2a: Sneasler|def|1
|-unboost|p2a: Sneasler|spd|1
|move|p1a: Sneasler|Close Combat|p2a: Sneasler
|-resisted|p2a: Sneasler|1
|-damage|p2a: Sneasler|0 fnt
|-unboost|p1a: Sneasler|def|1
|-unboost|p1a: Sneasler|spd|1
|faint|p2a: Sneasler
|move|p2b: Blastoise|Shell Smash|p2b: Blastoise
|-unboost|p2b: Blastoise|def|1
|-unboost|p2b: Blastoise|spd|1
|-boost|p2b: Blastoise|atk|2
|-boost|p2b: Blastoise|spa|2
|-boost|p2b: Blastoise|spe|2
|
|upkeep
|
|t:|1784399433
|switch|p2a: Sinistcha|Sinistcha, L50|100/100
|-heal|p2b: Blastoise|40/100|[from] ability: Hospitality|[of] p2a: Sinistcha
|turn|4
|
|t:|1784399457
|switch|p1a: Sinistcha|Sinistcha, L50|100/100
|-heal|p1b: Blastoise|32/100|[from] ability: Hospitality|[of] p1a: Sinistcha
|move|p2b: Blastoise|Protect|p2b: Blastoise
|-singleturn|p2b: Blastoise|Protect
|move|p1b: Blastoise|Dark Pulse|p2b: Blastoise
|-activate|p2b: Blastoise|move: Protect
|move|p2a: Sinistcha|Matcha Gotcha|p1a: Sinistcha|[spread] p1b
|-miss|p2a: Sinistcha|p1a: Sinistcha
|-supereffective|p1b: Blastoise|1
|-damage|p1b: Blastoise|0 fnt
|faint|p1b: Blastoise
|
|upkeep
|
|t:|1784399470
|switch|p1b: Vivillon|Vivillon, L50, F|100/100
|turn|5
|inactive|lux raymundi has 30 seconds left.
|
|t:|1784399504
|move|p1a: Sinistcha|Protect|p1a: Sinistcha
|-singleturn|p1a: Sinistcha|Protect
|move|p2a: Sinistcha|Rage Powder|p2a: Sinistcha
|-singleturn|p2a: Sinistcha|move: Rage Powder
|move|p2b: Blastoise|Dark Pulse|p1a: Sinistcha
|-activate|p1a: Sinistcha|move: Protect
|move|p1b: Vivillon|Hurricane|p2a: Sinistcha
|-supereffective|p2a: Sinistcha|1
|-damage|p2a: Sinistcha|21/100
|-start|p2a: Sinistcha|confusion
|
|upkeep
|turn|6
|
|t:|1784399521
|switch|p1a: Sneasler|Sneasler, L50, F|100/100
|switch|p2a: Kingambit|Kingambit, L50, M|100/100
|move|p2b: Blastoise|Protect|p2b: Blastoise
|-singleturn|p2b: Blastoise|Protect
|move|p1b: Vivillon|Hurricane|p2b: Blastoise
|-activate|p2b: Blastoise|move: Protect
|
|upkeep
|turn|7
|
|t:|1784399535
|switch|p2b: Sinistcha|Sinistcha, L50|21/100
|move|p1a: Sneasler|Fake Out|p2b: Sinistcha
|-immune|p2b: Sinistcha
|move|p1b: Vivillon|Hurricane|p2b: Sinistcha
|-supereffective|p2b: Sinistcha|1
|-damage|p2b: Sinistcha|0 fnt
|faint|p2b: Sinistcha
|move|p2a: Kingambit|Kowtow Cleave|p1b: Vivillon
|-damage|p1b: Vivillon|2/100
|
|upkeep
|
|t:|1784399546
|switch|p2b: Blastoise|Blastoise-Mega, L50, M|40/100
|turn|8
|
|t:|1784399562
|move|p2a: Kingambit|Sucker Punch|p1a: Sneasler
|-resisted|p1a: Sneasler|1
|-damage|p1a: Sneasler|65/100
|move|p1b: Vivillon|Hurricane|p2b: Blastoise
|-crit|p2b: Blastoise
|-damage|p2b: Blastoise|0 fnt
|faint|p2b: Blastoise
|move|p1a: Sneasler|Close Combat|p2a: Kingambit
|-supereffective|p2a: Kingambit|2
|-damage|p2a: Kingambit|0 fnt
|-unboost|p1a: Sneasler|def|1
|-unboost|p1a: Sneasler|spd|1
|faint|p2a: Kingambit
|
|win|ground tera
|raw|ground tera's rating: 1362 → 1381(+19 for winning)
|raw|lux raymundi's rating: 1348 → 1329(-19 for losing)
