|j|☆Avocanoodle
|j|☆Octoputzi
|html|AvocanoodleOctoputzi    
|uhtml|bestof|Game 3 of a best-of-3
|t:|1755249707
|gametype|doubles
|player|p1|Avocanoodle|266|1131
|player|p2|Octoputzi|1|1183
|gen|9
|tier|[Gen 9] VGC 2025 Reg H (Bo3)
|rated|
|rule|Species Clause: Limit one of each Pokémon
|rule|Item Clause: Limit 1 of each item
|clearpoke
|poke|p1|Archaludon, L50, F|
|poke|p1|Torkoal, L50, M|
|poke|p1|Amoonguss, L50, F|
|poke|p1|Gliscor, L50, M|
|poke|p1|Weavile, L50, F|
|poke|p1|Porygon2, L50|
|poke|p2|Archaludon, L50, F|
|poke|p2|Basculegion, L50, M|
|poke|p2|Pelipper, L50, F|
|poke|p2|Amoonguss, L50, F|
|poke|p2|Incineroar, L50, F|
|poke|p2|Gholdengo, L50|
|teampreview|4
|showteam|p1|Archaludon||PowerHerb|Sturdy|DracoMeteor,Protect,ElectroShot,Thunderbolt|||F|||50|,,,,,Electric]Torkoal||FlamePlate|Drought|WeatherBall,Eruption,ClearSmog,Protect|||M|||50|,,,,,Fire]Amoonguss||SitrusBerry|Regenerator|Spore,PollenPuff,RagePowder,Protect|||F|||50|,,,,,Fairy]Gliscor||ToxicOrb|PoisonHeal|Protect,SwordsDance,HighHorsepower,DualWingbeat|||M|||50|,,,,,Water]Weavile||FocusSash|Pickpocket|FakeOut,TripleAxel,KnockOff,Protect|||F|||50|,,,,,Stellar]Porygon2||Eviolite|Download|TeraBlast,Recover,TrickRoom,IceBeam||||||50|,,,,,Flying
|showteam|p2|Archaludon||AssaultVest|Stamina|DracoMeteor,ElectroShot,FlashCannon,BodyPress|||F|||50|,,,,,Grass]Basculegion||ChoiceBand|SwiftSwim|FlipTurn,WaveCrash,AquaJet,LastRespects|||M|||50|,,,,,Water]Pelipper||FocusSash|Drizzle|Hurricane,WeatherBall,Tailwind,Protect|||F|||50|,,,,,Stellar]Amoonguss||SitrusBerry|Regenerator|Spore,RagePowder,PollenPuff,Protect|||F|||50|,,,,,Fairy]Incineroar||SafetyGoggles|Intimidate|FakeOut,FlareBlitz,KnockOff,PartingShot|||F|||50|,,,,,Ghost]Gholdengo||LifeOrb|GoodasGold|NastyPlot,MakeItRain,ShadowBall,Protect||||||50|,,,,,Water
|inactive|Battle timer is ON: inactive players will automatically lose when time's up. (requested by Octoputzi)
|inactive|Avocanoodle also wants the timer to be on.
|inactive|Avocanoodle has 60 seconds left.
|inactive|Octoputzi has 60 seconds left.
|
|t:|1755249762
|teamsize|p1|4
|teamsize|p2|4
|start
|switch|p1a: Archaludon|Archaludon, L50, F|100/100
|switch|p1b: Weavile|Weavile, L50, F|100/100
|switch|p2a: Gholdengo|Gholdengo, L50|100/100
|switch|p2b: Incineroar|Incineroar, L50, F|100/100
|-ability|p2b: Incineroar|Intimidate|boost
|-unboost|p1a: Archaludon|atk|1
|-unboost|p1b: Weavile|atk|1
|turn|1
|
|t:|1755249780
|-terastallize|p1a: Archaludon|Electric
|move|p1b: Weavile|Fake Out|p2b: Incineroar
|-damage|p2b: Incineroar|92/100
|cant|p2b: Incineroar|flinch
|move|p1a: Archaludon|Electro Shot||[still]
|-prepare|p1a: Archaludon|Electro Shot
|-boost|p1a: Archaludon|spa|1
|-enditem|p1a: Archaludon|Power Herb
|-anim|p1a: Archaludon|Electro Shot|p2a: Gholdengo
|-damage|p2a: Gholdengo|0 fnt
|faint|p2a: Gholdengo
|
|upkeep
|
|t:|1755249788
|switch|p2a: Basculegion|Basculegion, L50, M|100/100
|turn|2
|
|t:|1755249811
|switch|p2b: Pelipper|Pelipper, L50, F|100/100
|-weather|RainDance|[from] ability: Drizzle|[of] p2b: Pelipper
|move|p1b: Weavile|Protect|p1b: Weavile
|-singleturn|p1b: Weavile|Protect
|move|p1a: Archaludon|Protect|p1a: Archaludon
|-singleturn|p1a: Archaludon|Protect
|move|p2a: Basculegion|Flip Turn|p1a: Archaludon
|-activate|p1a: Archaludon|move: Protect
|
|-weather|RainDance|[upkeep]
|upkeep
|turn|3
|inactive|Avocanoodle has 30 seconds left.
|
|t:|1755249840
|move|p2b: Pelipper|Protect|p2b: Pelipper
|-singleturn|p2b: Pelipper|Protect
|move|p2a: Basculegion|Flip Turn|p1a: Archaludon
|-damage|p1a: Archaludon|40/100
|
|t:|1755249845
|switch|p2a: Incineroar|Incineroar, L50, F|92/100|[from] Flip Turn
|-ability|p2a: Incineroar|Intimidate|boost
|-unboost|p1a: Archaludon|atk|1
|-unboost|p1b: Weavile|atk|1
|move|p1b: Weavile|Knock Off|p2b: Pelipper
|-activate|p2b: Pelipper|move: Protect
|move|p1a: Archaludon|Electro Shot||[still]
|-prepare|p1a: Archaludon|Electro Shot
|-boost|p1a: Archaludon|spa|1
|-anim|p1a: Archaludon|Electro Shot|p2a: Incineroar
|-damage|p2a: Incineroar|4/100
|
|-weather|RainDance|[upkeep]
|upkeep
|turn|4
|inactive|Avocanoodle has 30 seconds left.
|inactive|Avocanoodle has 20 seconds left.
|inactive|Avocanoodle has 15 seconds left.
|inactive|Avocanoodle has 10 seconds left.
|
|t:|1755249891
|move|p1a: Archaludon|Protect|p1a: Archaludon
|-singleturn|p1a: Archaludon|Protect
|move|p2a: Incineroar|Fake Out|p1b: Weavile
|-damage|p1b: Weavile|83/100
|cant|p1b: Weavile|flinch
|move|p2b: Pelipper|Tailwind|p2b: Pelipper
|-sidestart|p2: Octoputzi|move: Tailwind
|
|-weather|RainDance|[upkeep]
|upkeep
|turn|5
|inactive|Avocanoodle has 30 seconds left.
|inactive|Avocanoodle has 20 seconds left.
|inactive|Octoputzi has 30 seconds left.
|inactive|Avocanoodle has 15 seconds left.
|inactive|Avocanoodle has 10 seconds left.
|inactive|Octoputzi has 20 seconds left.
|
|t:|1755249938
|switch|p1b: Amoonguss|Amoonguss, L50, F|100/100
|move|p2b: Pelipper|Weather Ball|p1a: Archaludon
|-damage|p1a: Archaludon|0 fnt
|faint|p1a: Archaludon
|move|p2a: Incineroar|Flare Blitz|p1b: Amoonguss
|-supereffective|p1b: Amoonguss
|-damage|p1b: Amoonguss|61/100
|-damage|p2a: Incineroar|0 fnt|[from] Recoil
|faint|p2a: Incineroar
|
|-weather|RainDance|[upkeep]
|upkeep
|
|t:|1755249957
|switch|p1a: Torkoal|Torkoal, L50, M|100/100
|switch|p2a: Basculegion|Basculegion, L50, M|100/100
|-weather|SunnyDay|[from] ability: Drought|[of] p1a: Torkoal
|turn|6
|inactive|Avocanoodle has 30 seconds left.
|inactive|Octoputzi has 30 seconds left.
|inactive|Avocanoodle has 20 seconds left.
|inactive|Octoputzi has 20 seconds left.
|inactive|Avocanoodle has 15 seconds left.
|inactive|Octoputzi has 15 seconds left.
|inactive|Octoputzi has 10 seconds left.
|
|t:|1755250003
|move|p1b: Amoonguss|Protect|p1b: Amoonguss
|-singleturn|p1b: Amoonguss|Protect
|move|p1a: Torkoal|Protect|p1a: Torkoal
|-singleturn|p1a: Torkoal|Protect
|move|p2a: Basculegion|Last Respects|p1a: Torkoal
|-activate|p1a: Torkoal|move: Protect
|move|p2b: Pelipper|Hurricane|p1b: Amoonguss
|-activate|p1b: Amoonguss|move: Protect
|
|-weather|SunnyDay|[upkeep]
|upkeep
|turn|7
|
|t:|1755250027
|move|p1b: Amoonguss|Rage Powder|p1b: Amoonguss
|-singleturn|p1b: Amoonguss|move: Rage Powder
|move|p2a: Basculegion|Last Respects|p1b: Amoonguss
|-damage|p1b: Amoonguss|0 fnt
|faint|p1b: Amoonguss
|move|p2b: Pelipper|Hurricane|p1a: Torkoal|[miss]
|-miss|p2b: Pelipper|p1a: Torkoal
|move|p1a: Torkoal|Weather Ball|p2a: Basculegion
|-resisted|p2a: Basculegion
|-damage|p2a: Basculegion|55/100
|
|-weather|SunnyDay|[upkeep]
|-sideend|p2: Octoputzi|move: Tailwind
|upkeep
|
|t:|1755250037
|switch|p1b: Weavile|Weavile, L50, F|83/100
|turn|8
|inactive|Octoputzi has 30 seconds left.
|inactive|Octoputzi has 20 seconds left.
|inactive|Octoputzi has 15 seconds left.
|
|t:|1755250077
|-terastallize|p2a: Basculegion|Water
|move|p1b: Weavile|Knock Off|p2a: Basculegion
|-damage|p2a: Basculegion|1/100
|-enditem|p2a: Basculegion|Choice Band|[from] move: Knock Off|[of] p1b: Weavile
|move|p2a: Basculegion|Last Respects|p1a: Torkoal
|-damage|p1a: Torkoal|44/100
|move|p2b: Pelipper|Tailwind|p2b: Pelipper
|-sidestart|p2: Octoputzi|move: Tailwind
|move|p1a: Torkoal|Weather Ball|p2a: Basculegion
|-resisted|p2a: Basculegion
|-damage|p2a: Basculegion|0 fnt
|faint|p2a: Basculegion
|
|-weather|SunnyDay|[upkeep]
|upkeep
|turn|9
|inactive|Avocanoodle has 30 seconds left.
|
|t:|1755250107
|move|p1b: Weavile|Protect|p1b: Weavile
|-singleturn|p1b: Weavile|Protect
|move|p2b: Pelipper|Weather Ball|p1b: Weavile
|-activate|p1b: Weavile|move: Protect
|move|p1a: Torkoal|Weather Ball|p2b: Pelipper
|-resisted|p2b: Pelipper
|-damage|p2b: Pelipper|34/100
|
|-weather|SunnyDay|[upkeep]
|upkeep
|turn|10
|
|t:|1755250120
|move|p2b: Pelipper|Weather Ball|p1b: Weavile
|-supereffective|p1b: Weavile
|-damage|p1b: Weavile|0 fnt
|faint|p1b: Weavile
|move|p1a: Torkoal|Weather Ball|p2b: Pelipper
|-resisted|p2b: Pelipper
|-damage|p2b: Pelipper|0 fnt
|faint|p2b: Pelipper
|
|win|Avocanoodle
|raw|Avocanoodle's rating: 1131 → 1160(+29 for winning)
|raw|Octoputzi's rating: 1183 → 1154(-29 for losing)
|c|☆Octoputzi|gg
|c|☆Avocanoodle|gg
