|j|☆CCmanny
|j|☆matteobocchiola
|html|CCmannymatteobocchiola    
|uhtml|bestof|Game 1 of a best-of-3
|t:|1756888594
|gametype|doubles
|player|p1|CCmanny|ethan|1136
|player|p2|matteobocchiola|boarder|1015
|gen|9
|tier|[Gen 9] VGC 2025 Reg H (Bo3)
|rated|
|rule|Species Clause: Limit one of each Pokémon
|rule|Item Clause: Limit 1 of each item
|clearpoke
|poke|p1|Incineroar, L50, M|
|poke|p1|Sneasler, L50, M|
|poke|p1|Kingambit, L50, F|
|poke|p1|Electabuzz, L50, M|
|poke|p1|Baxcalibur, L50, F|
|poke|p1|Primarina, L50, M|
|poke|p2|Umbreon, L50, M|
|poke|p2|Indeedee-F, L50, F|
|poke|p2|Delphox, L50, M|
|poke|p2|Sableye, L50, M|
|poke|p2|Altaria, L50, M|
|poke|p2|Annihilape, L50, M|
|teampreview|4
|showteam|p1|Incineroar||SitrusBerry|Intimidate|KnockOff,PartingShot,FakeOut,FlareBlitz|||M|||50|,,,,,Grass]Sneasler||FocusSash|Unburden|CloseCombat,DireClaw,Coaching,FakeOut|||M|||50|,,,,,Stellar]Kingambit||SafetyGoggles|Defiant|KowtowCleave,SuckerPunch,SwordsDance,Protect|||F|||50|,,,,,Ghost]Electabuzz||Eviolite|VitalSpirit|VoltSwitch,Taunt,FollowMe,Protect|||M|||50|,,,,,Ghost]Baxcalibur||LoadedDice|ThermalExchange|ScaleShot,IcicleSpear,IceShard,Protect|||F|||50|,,,,,Poison]Primarina||ThroatSpray|LiquidVoice|HyperVoice,Moonblast,Haze,Protect|||M|||50|,,,,,Water
|showteam|p2|Umbreon||Leftovers|Synchronize|Toxic,Moonlight,FoulPlay,HelpingHand|||M|||50|,,,,,Ghost]Indeedee-F||FocusSash|PsychicSurge|FollowMe,TrickRoom,Reflect,Psyshock|||F|||50|,,,,,Psychic]Delphox||LifeOrb|Magician|ExpandingForce,CalmMind,HeatWave,Protect|||M|||50|,,,,,Dark]Sableye||SafetyGoggles|Prankster|SkillSwap,FoulPlay,Quash,Encore|||M|||50|,,,,,Steel]Altaria||RockyHelmet|CloudNine|CottonGuard,WillOWisp,Hurricane,Roost|||M|||50|,,,,,Poison]Annihilape||ChoiceBand|Defiant|DrainPunch,RageFist,Uturn,FinalGambit|||M|||50|,,,,,Fire
|inactive|Battle timer is ON: inactive players will automatically lose when time's up. (requested by matteobocchiola)
|
|t:|1756888634
|teamsize|p1|4
|teamsize|p2|4
|start
|switch|p1a: Electabuzz|Electabuzz, L50, M|100/100
|switch|p1b: Primarina|Primarina, L50, M|100/100
|switch|p2a: Sableye|Sableye, L50, M|100/100
|switch|p2b: Delphox|Delphox, L50, M|100/100
|turn|1
|inactive|matteobocchiola has 30 seconds left.
|
|t:|1756888660
|switch|p2a: Indeedee|Indeedee-F, L50, F|100/100
|-fieldstart|move: Psychic Terrain|[from] ability: Psychic Surge|[of] p2a: Indeedee
|-terastallize|p2b: Delphox|Dark
|move|p2b: Delphox|Expanding Force|p1a: Electabuzz|[spread] p1a,p1b
|-damage|p1a: Electabuzz|50/100
|-damage|p1b: Primarina|31/100
|-damage|p2b: Delphox|90/100|[from] item: Life Orb
|move|p1a: Electabuzz|Volt Switch|p2b: Delphox
|-damage|p2b: Delphox|60/100
|
|t:|1756888671
|switch|p1a: Sneasler|Sneasler, L50, M|100/100|[from] Volt Switch
|move|p1b: Primarina|Moonblast|p2a: Indeedee
|-damage|p2a: Indeedee|55/100
|
|upkeep
|turn|2
|
|t:|1756888683
|move|p1b: Primarina|Protect|p1b: Primarina
|-singleturn|p1b: Primarina|Protect
|move|p2a: Indeedee|Follow Me|p2a: Indeedee
|-singleturn|p2a: Indeedee|move: Follow Me
|move|p1a: Sneasler|Close Combat|p2a: Indeedee
|-damage|p2a: Indeedee|0 fnt
|-unboost|p1a: Sneasler|def|1
|-unboost|p1a: Sneasler|spd|1
|faint|p2a: Indeedee
|move|p2b: Delphox|Expanding Force|p1b: Primarina|[spread] p1a
|-activate|p1b: Primarina|move: Protect
|-supereffective|p1a: Sneasler
|-enditem|p1a: Sneasler|Focus Sash
|-damage|p1a: Sneasler|1/100
|-damage|p2b: Delphox|50/100|[from] item: Life Orb
|
|upkeep
|
|t:|1756888703
|switch|p2a: Sableye|Sableye, L50, M|100/100
|turn|3
|
|t:|1756888718
|move|p2a: Sableye|Quash|p1a: Sneasler
|-activate|p1a: Sneasler|move: Psychic Terrain
|move|p1a: Sneasler|Close Combat|p2b: Delphox
|-supereffective|p2b: Delphox
|-damage|p2b: Delphox|0 fnt
|-unboost|p1a: Sneasler|def|1
|-unboost|p1a: Sneasler|spd|1
|faint|p2b: Delphox
|move|p1b: Primarina|Hyper Voice|p2a: Sableye
|-damage|p2a: Sableye|43/100
|-enditem|p1b: Primarina|Throat Spray
|-boost|p1b: Primarina|spa|1|[from] item: Throat Spray
|
|upkeep
|
|t:|1756888725
|switch|p2b: Altaria|Altaria, L50, M|100/100
|-ability|p2b: Altaria|Cloud Nine
|turn|4
|
|t:|1756888746
|move|p1a: Sneasler|Dire Claw|p2b: Altaria
|-damage|p2b: Altaria|59/100
|-damage|p1a: Sneasler|0 fnt|[from] item: Rocky Helmet|[of] p2b: Altaria
|faint|p1a: Sneasler
|move|p2b: Altaria|Hurricane|p1b: Primarina
|-damage|p1b: Primarina|7/100
|move|p1b: Primarina|Moonblast|p2b: Altaria
|-supereffective|p2b: Altaria
|-damage|p2b: Altaria|0 fnt
|faint|p2b: Altaria
|move|p2a: Sableye|Foul Play|p1b: Primarina
|-resisted|p1b: Primarina
|-damage|p1b: Primarina|0 fnt
|faint|p1b: Primarina
|
|upkeep
|
|t:|1756888760
|switch|p1a: Baxcalibur|Baxcalibur, L50, F|100/100
|switch|p1b: Electabuzz|Electabuzz, L50, M|50/100
|turn|5
|
|t:|1756888768
|move|p1a: Baxcalibur|Scale Shot|p2a: Sableye
|-damage|p2a: Sableye|24/100
|-damage|p2a: Sableye|4/100
|-damage|p2a: Sableye|0 fnt
|faint|p2a: Sableye
|-hitcount|p2: Sableye|3
|
|win|CCmanny
|l|☆matteobocchiola
|player|p2|
||CCmanny is ready for game 2.
||matteobocchiola is ready for game 2.
|uhtml|next|Next: Game 2 of 3
