|j|☆Gentlefish
|j|☆Zevenit
|html|GentlefishZevenit    
|uhtml|bestof|Game 3 of a best-of-3
|t:|1756690675
|gametype|doubles
|player|p1|Gentlefish|burglar-gen1rb|1140
|player|p2|Zevenit|hoopster|1126
|gen|9
|tier|[Gen 9] VGC 2025 Reg H (Bo3)
|rated|
|rule|Species Clause: Limit one of each Pokémon
|rule|Item Clause: Limit 1 of each item
|clearpoke
|poke|p1|Garchomp, L50, M|
|poke|p1|Weezing-Galar, L50, F|
|poke|p1|Archaludon, L50, F|
|poke|p1|Gholdengo, L50|
|poke|p1|Talonflame, L50, F|
|poke|p1|Annihilape, L50, M|
|poke|p2|Electabuzz, L50, M|
|poke|p2|Kingambit, L50, M|
|poke|p2|Volcarona, L50, M|
|poke|p2|Dragonite, L50, F|
|poke|p2|Sneasler, L50, M|
|poke|p2|Rillaboom, L50, M|
|teampreview|4
|showteam|p1|Garchomp||LifeOrb|RoughSkin|DragonClaw,Earthquake,StompingTantrum,Protect|||M|||50|,,,,,Ground]Weezing-Galar||FocusSash|NeutralizingGas|Protect,SludgeBomb,Taunt,StrangeSteam|||F|||50|,,,,,Flying]Archaludon||PowerHerb|Sturdy|ElectroShot,Thunderbolt,DracoMeteor,Protect|||F|||50|,,,,,Electric]Gholdengo||ChoiceSpecs|GoodasGold|ShadowBall,DazzlingGleam,PowerGem,MakeItRain||||||50|,,,,,Fairy]Talonflame||CovertCloak|GaleWings|Tailwind,DualWingbeat,Taunt,FlareBlitz|||F|||50|,,,,,Stellar]Annihilape||AssaultVest|Defiant|CloseCombat,RageFist,FinalGambit,IcePunch|||M|||50|,,,,,Grass
|showteam|p2|Electabuzz||Eviolite|VitalSpirit|FollowMe,Thunderbolt,Taunt,Protect|||M|||50|,,,,,Ghost]Kingambit||BlackGlasses|Defiant|KowtowCleave,SuckerPunch,SwordsDance,Protect|||M|||50|,,,,,Dark]Volcarona||Leftovers|FlameBody|HeatWave,TeraBlast,QuiverDance,Protect|||M|||50|,,,,,Fairy]Dragonite||LoadedDice|Multiscale|ScaleShot,ExtremeSpeed,Haze,Protect|||F|||50|,,,,,Fairy]Sneasler||FocusSash|Unburden|DireClaw,CloseCombat,Coaching,FakeOut|||M|||50|,,,,,Stellar]Rillaboom||AssaultVest|GrassySurge|FakeOut,WoodHammer,GrassyGlide,HighHorsepower|||M|||50|,,,,,Fire
|inactive|Battle timer is ON: inactive players will automatically lose when time's up. (requested by Zevenit)
|
|t:|1756690746
|teamsize|p1|4
|teamsize|p2|4
|start
|switch|p1a: Garchomp|Garchomp, L50, M|100/100
|switch|p1b: Weezing|Weezing-Galar, L50, F|100/100
|switch|p2a: Dragonite|Dragonite, L50, F|100/100
|switch|p2b: Sneasler|Sneasler, L50, M|100/100
|-ability|p1b: Weezing|Neutralizing Gas
|turn|1
|inactive|Gentlefish has 30 seconds left.
|inactive|Zevenit has 30 seconds left.
|inactive|Gentlefish has 20 seconds left.
|
|t:|1756690786
|switch|p1a: Gholdengo|Gholdengo, L50|100/100
|move|p2b: Sneasler|Fake Out|p1b: Weezing
|-damage|p1b: Weezing|85/100
|move|p2a: Dragonite|Scale Shot|p1a: Gholdengo
|-resisted|p1a: Gholdengo
|-damage|p1a: Gholdengo|93/100
|-resisted|p1a: Gholdengo
|-damage|p1a: Gholdengo|85/100
|-resisted|p1a: Gholdengo
|-damage|p1a: Gholdengo|77/100
|-resisted|p1a: Gholdengo
|-damage|p1a: Gholdengo|69/100
|-hitcount|p1a: Gholdengo|4
|-unboost|p2a: Dragonite|def|1
|-boost|p2a: Dragonite|spe|1
|cant|p1b: Weezing|flinch
|
|upkeep
|turn|2
|inactive|Zevenit has 30 seconds left.
|
|t:|1756690818
|switch|p2a: Rillaboom|Rillaboom, L50, M|100/100
|switch|p1a: Garchomp|Garchomp, L50, M|100/100
|move|p2b: Sneasler|Coaching|p2a: Rillaboom
|-boost|p2a: Rillaboom|atk|1
|-boost|p2a: Rillaboom|def|1
|move|p1b: Weezing|Sludge Bomb|p2a: Rillaboom
|-supereffective|p2a: Rillaboom
|-damage|p2a: Rillaboom|47/100
|
|upkeep
|turn|3
|inactive|Gentlefish has 30 seconds left.
|inactive|Zevenit has 30 seconds left.
|
|t:|1756690853
|move|p1b: Weezing|Protect|p1b: Weezing
|-singleturn|p1b: Weezing|Protect
|move|p2a: Rillaboom|Fake Out|p1a: Garchomp
|-damage|p1a: Garchomp|79/100
|move|p2b: Sneasler|Dire Claw|p1b: Weezing
|-activate|p1b: Weezing|move: Protect
|cant|p1a: Garchomp|flinch
|
|upkeep
|turn|4
|
|t:|1756690878
|switch|p2a: Kingambit|Kingambit, L50, M|100/100
|move|p2b: Sneasler|Dire Claw|p1a: Garchomp
|-resisted|p1a: Garchomp
|-damage|p1a: Garchomp|59/100
|move|p1a: Garchomp|Dragon Claw|p2a: Kingambit
|-resisted|p2a: Kingambit
|-damage|p2a: Kingambit|81/100
|-damage|p1a: Garchomp|49/100|[from] item: Life Orb
|move|p1b: Weezing|Sludge Bomb|p2a: Kingambit
|-immune|p2a: Kingambit
|
|upkeep
|turn|5
|inactive|Gentlefish has 30 seconds left.
|inactive|Zevenit has 30 seconds left.
|inactive|Gentlefish has 20 seconds left.
|
|t:|1756690915
|switch|p2b: Rillaboom|Rillaboom, L50, M|47/100
|move|p2a: Kingambit|Protect|p2a: Kingambit
|-singleturn|p2a: Kingambit|Protect
|move|p1a: Garchomp|Dragon Claw|p2b: Rillaboom
|-crit|p2b: Rillaboom
|-damage|p2b: Rillaboom|0 fnt
|faint|p2b: Rillaboom
|-damage|p1a: Garchomp|40/100|[from] item: Life Orb
|move|p1b: Weezing|Taunt|p2a: Kingambit
|-activate|p2a: Kingambit|move: Protect
|
|upkeep
|
|t:|1756690923
|switch|p2b: Sneasler|Sneasler, L50, M|100/100
|turn|6
|
|t:|1756690948
|move|p2b: Sneasler|Fake Out|p1a: Garchomp
|-damage|p1a: Garchomp|24/100
|cant|p1a: Garchomp|flinch
|move|p1b: Weezing|Taunt|p2a: Kingambit
|-start|p2a: Kingambit|move: Taunt
|cant|p2a: Kingambit|move: Taunt|Swords Dance
|
|upkeep
|turn|7
|inactive|Gentlefish has 30 seconds left.
|
|t:|1756690974
|move|p2a: Kingambit|Sucker Punch|p1a: Garchomp
|-damage|p1a: Garchomp|0 fnt
|faint|p1a: Garchomp
|move|p2b: Sneasler|Dire Claw|p1b: Weezing
|-damage|p1b: Weezing|42/100
|-status|p1b: Weezing|slp
|cant|p1b: Weezing|slp
|
|upkeep
|
|t:|1756690989
|switch|p1a: Talonflame|Talonflame, L50, F|100/100
|turn|8
|
|t:|1756691003
|switch|p2b: Dragonite|Dragonite, L50, F|100/100
|move|p2a: Kingambit|Sucker Punch||[still]
|-fail|p2a: Kingambit
|move|p1a: Talonflame|Tailwind|p1a: Talonflame
|-sidestart|p1: Gentlefish|move: Tailwind
|cant|p1b: Weezing|slp
|
|-end|p2a: Kingambit|move: Taunt
|upkeep
|turn|9
|
|t:|1756691018
|move|p1a: Talonflame|Taunt|p2a: Kingambit
|-start|p2a: Kingambit|move: Taunt
|cant|p1b: Weezing|slp
|move|p2b: Dragonite|Scale Shot|p1a: Talonflame
|-damage|p1a: Talonflame|78/100
|-damage|p1a: Talonflame|57/100
|-damage|p1a: Talonflame|34/100
|-damage|p1a: Talonflame|11/100
|-damage|p1a: Talonflame|0 fnt
|faint|p1a: Talonflame
|-hitcount|p1: Talonflame|5
|-unboost|p2b: Dragonite|def|1
|-boost|p2b: Dragonite|spe|1
|cant|p2a: Kingambit|move: Taunt|Swords Dance
|
|upkeep
|
|t:|1756691024
|switch|p1a: Gholdengo|Gholdengo, L50|69/100
|turn|10
|inactive|Zevenit has 30 seconds left.
|
|t:|1756691052
|switch|p2a: Sneasler|Sneasler, L50, M|100/100
|-terastallize|p1a: Gholdengo|Fairy
|move|p2b: Dragonite|Protect|p2b: Dragonite
|-singleturn|p2b: Dragonite|Protect
|move|p1a: Gholdengo|Dazzling Gleam|p2b: Dragonite|[spread] p2a
|-activate|p2b: Dragonite|move: Protect
|-damage|p2a: Sneasler|32/100
|-curestatus|p1b: Weezing|slp|[msg]
|move|p1b: Weezing|Strange Steam|p2a: Sneasler
|-damage|p2a: Sneasler|0 fnt
|faint|p2a: Sneasler
|
|upkeep
|
|t:|1756691058
|switch|p2a: Kingambit|Kingambit, L50, M|81/100
|turn|11
|
|t:|1756691078
|-terastallize|p2b: Dragonite|Fairy
|move|p2b: Dragonite|Extreme Speed|p1b: Weezing
|-damage|p1b: Weezing|8/100
|move|p1a: Gholdengo|Dazzling Gleam|p2b: Dragonite|[spread] p2a,p2b
|-damage|p2a: Kingambit|30/100
|-damage|p2b: Dragonite|47/100
|move|p1b: Weezing|Sludge Bomb|p2b: Dragonite
|-supereffective|p2b: Dragonite
|-damage|p2b: Dragonite|0 fnt
|faint|p2b: Dragonite
|move|p2a: Kingambit|Swords Dance|p2a: Kingambit
|-boost|p2a: Kingambit|atk|2
|
|-sideend|p1: Gentlefish|move: Tailwind
|upkeep
|turn|12
|
|t:|1756691093
|move|p2a: Kingambit|Sucker Punch|p1a: Gholdengo
|-resisted|p1a: Gholdengo
|-damage|p1a: Gholdengo|12/100
|move|p1a: Gholdengo|Dazzling Gleam|p2a: Kingambit
|-damage|p2a: Kingambit|0 fnt
|faint|p2a: Kingambit
|
|win|Gentlefish
|raw|Gentlefish's rating: 1140 → 1164(+24 for winning)
|raw|Zevenit's rating: 1126 → 1102(-24 for losing)
|l|☆Zevenit
|player|p2|
