|j|☆Mobu0_0
|j|☆JoltSmash
|html|Mobu0_0JoltSmash    
|uhtml|bestof|Game 2 of a best-of-3
|t:|1784922630
|gametype|doubles
|player|p1|Mobu0_0|miku-psychic|
|player|p2|JoltSmash|harlequin|
|gen|9
|tier|[Gen 9 Champions] VGC 2026 Reg M-B (Bo3)
|rule|Species Clause: Limit one of each Pokémon
|rule|Item Clause: Limit 1 of each item
|clearpoke
|poke|p1|Houndoom, L50, M|
|poke|p1|Chandelure, L50, F|
|poke|p1|Vileplume, L50, M|
|poke|p1|Maushold, L50|
|poke|p1|Armarouge, L50, M|
|poke|p1|Torkoal, L50, F|
|poke|p2|Falinks, L50|
|poke|p2|Audino, L50, F|
|poke|p2|Maushold-Four, L50, shiny|
|poke|p2|Scrafty, L50, F, shiny|
|poke|p2|Archaludon, L50, F|
|poke|p2|Staraptor, L50, F|
|teampreview|4
|showteam|p1|Houndoom||Houndoominite|EarlyBird|Snarl,HelpingHand,SuperFang,WillOWisp|Timid||M|||50|]Chandelure||Chandelurite|FlashFire|HeatWave,Protect,ShadowBall,EnergyBall|Quiet||F|||50|]Vileplume||FocusSash|Chlorophyll|SleepPowder,AfterYou,LeafStorm,StrengthSap|Timid||M|||50|]Maushold||KingsRock|FriendGuard|PopulationBomb,FollowMe,PlayRough,BulletSeed|Jolly|||||50|]Armarouge||ColburBerry|FlashFire|HeatWave,Psychic,WideGuard,TrickRoom|Quiet||M|||50|]Torkoal||HeatRock|Drought|WeatherBall,Eruption,Protect,SolarBeam|Modest||F|||50|
|showteam|p2|Falinks||Falinksite|Defiant|NoRetreat,Protect,RockSlide,HighHorsepower|Adamant|||||50|]Audino||ChoiceScarf|Healer|SimpleBeam,HealPulse,AfterYou,Encore|Timid||F|||50|]Maushold-Four||WideLens|Technician|PopulationBomb,FollowMe,Protect,TidyUp|Jolly|||||50|]Scrafty||Scraftinite|Intimidate|FakeOut,Coaching,KnockOff,DrainPunch|Careful||F|||50|]Archaludon||SitrusBerry|Stamina|ElectroShot,DragonPulse,FlashCannon,AuraSphere|Modest||F|||50|]Staraptor||FocusSash|Intimidate|Tailwind,Uturn,RainDance,GigaImpact|Jolly||F|||50|
|inactive|Battle timer is ON: inactive players will automatically lose when time's up. (requested by Mobu0_0)
|inactive|JoltSmash has 60 seconds left.
|
|t:|1784922663
|teamsize|p1|4
|teamsize|p2|4
|start
|switch|p1a: Vileplume|Vileplume, L50, M|100/100
|switch|p1b: Torkoal|Torkoal, L50, F|100/100
|switch|p2a: Dumb idiot|Scrafty, L50, F, shiny|100/100
|switch|p2b: Maushold-Six-Seven|Maushold-Four, L50, shiny|100/100
|-ability|p2a: Dumb idiot|Intimidate|boost
|-unboost|p1a: Vileplume|atk|1
|-unboost|p1b: Torkoal|atk|1
|-weather|SunnyDay|[from] ability: Drought|[of] p1b: Torkoal
|turn|1
|inactive|JoltSmash has 30 seconds left.
|inactive|JoltSmash has 20 seconds left.
|
|t:|1784922698
|move|p2a: Dumb idiot|Fake Out|p1b: Torkoal
|-damage|p1b: Torkoal|93/100
|move|p1a: Vileplume|Sleep Powder|p2a: Dumb idiot|[miss]
|-miss|p1a: Vileplume|p2a: Dumb idiot
|move|p2b: Maushold-Six-Seven|Population Bomb|p1a: Vileplume
|-damage|p1a: Vileplume|89/100
|-damage|p1a: Vileplume|79/100
|-damage|p1a: Vileplume|69/100
|-damage|p1a: Vileplume|59/100
|-damage|p1a: Vileplume|48/100
|-damage|p1a: Vileplume|38/100
|-damage|p1a: Vileplume|28/100
|-damage|p1a: Vileplume|18/100
|-damage|p1a: Vileplume|8/100
|-damage|p1a: Vileplume|0 fnt
|faint|p1a: Vileplume
|-hitcount|p1: Vileplume|10
|cant|p1b: Torkoal|flinch
|
|-weather|SunnyDay|[upkeep]
|upkeep
|inactive|Mobu0_0 has 30 seconds left.
|
|t:|1784922730
|switch|p1a: Armarouge|Armarouge, L50, M|100/100
|turn|2
|inactive|JoltSmash has 30 seconds left.
|c|☆Mobu0_0|🔥🔥🔥🔥
|inactive|JoltSmash has 20 seconds left.
|inactive|JoltSmash has 15 seconds left.
|inactive|JoltSmash has 10 seconds left.
|
|t:|1784922777
|detailschange|p2a: Dumb idiot|Scrafty-Mega, L50, F, shiny
|-mega|p2a: Dumb idiot|Scrafty|Scraftinite
|-ability|p2a: Dumb idiot|Intimidate|boost
|-unboost|p1a: Armarouge|atk|1
|-unboost|p1b: Torkoal|atk|1
|move|p2b: Maushold-Six-Seven|Population Bomb|p1b: Torkoal
|-crit|p1b: Torkoal
|-damage|p1b: Torkoal|82/100
|-damage|p1b: Torkoal|74/100
|-damage|p1b: Torkoal|66/100
|-damage|p1b: Torkoal|59/100
|-crit|p1b: Torkoal
|-damage|p1b: Torkoal|49/100
|-damage|p1b: Torkoal|42/100
|-damage|p1b: Torkoal|35/100
|-damage|p1b: Torkoal|28/100
|-damage|p1b: Torkoal|21/100
|-damage|p1b: Torkoal|14/100
|-hitcount|p1b: Torkoal|10
|move|p2a: Dumb idiot|Coaching|p2b: Maushold-Six-Seven
|-boost|p2b: Maushold-Six-Seven|atk|1
|-boost|p2b: Maushold-Six-Seven|def|1
|move|p1a: Armarouge|Heat Wave|p2a: Dumb idiot|[spread] p2a,p2b
|-damage|p2a: Dumb idiot|65/100
|-damage|p2b: Maushold-Six-Seven|26/100
|move|p1b: Torkoal|Eruption|p2b: Maushold-Six-Seven|[spread] p2a,p2b
|-damage|p2a: Dumb idiot|58/100
|-damage|p2b: Maushold-Six-Seven|11/100
|
|-weather|SunnyDay|[upkeep]
|upkeep
|turn|3
|inactive|Mobu0_0 has 30 seconds left.
|
|t:|1784922806
|move|p1b: Torkoal|Protect|p1b: Torkoal
|-singleturn|p1b: Torkoal|Protect
|move|p2b: Maushold-Six-Seven|Population Bomb|p1a: Armarouge
|-crit|p1a: Armarouge
|-damage|p1a: Armarouge|82/100
|-damage|p1a: Armarouge|71/100
|-damage|p1a: Armarouge|58/100
|-damage|p1a: Armarouge|47/100
|-damage|p1a: Armarouge|36/100
|-damage|p1a: Armarouge|23/100
|-damage|p1a: Armarouge|12/100
|-crit|p1a: Armarouge
|-damage|p1a: Armarouge|0 fnt
|faint|p1a: Armarouge
|-hitcount|p1: Armarouge|8
|move|p2a: Dumb idiot|Knock Off|p1b: Torkoal
|-activate|p1b: Torkoal|move: Protect
|
|-weather|SunnyDay|[upkeep]
|upkeep
|
|t:|1784922823
|switch|p1a: Chandelure|Chandelure, L50, F|100/100
|turn|4
|
|t:|1784922837
|detailschange|p1a: Chandelure|Chandelure-Mega, L50, F
|-mega|p1a: Chandelure|Chandelure|Chandelurite
|move|p2b: Maushold-Six-Seven|Population Bomb|p1b: Torkoal
|-damage|p1b: Torkoal|5/100
|-damage|p1b: Torkoal|0 fnt
|faint|p1b: Torkoal
|-hitcount|p1: Torkoal|2
|move|p1a: Chandelure|Heat Wave|p2b: Maushold-Six-Seven|[spread] p2b
|-miss|p1a: Chandelure|p2a: Dumb idiot
|-damage|p2b: Maushold-Six-Seven|0 fnt
|faint|p2b: Maushold-Six-Seven
|move|p2a: Dumb idiot|Knock Off|p1a: Chandelure
|-supereffective|p1a: Chandelure|1
|-damage|p1a: Chandelure|46/100
|
|-weather|SunnyDay|[upkeep]
|upkeep
|
|t:|1784922848
|switch|p2b: why|Staraptor, L50, F|100/100
|-ability|p2b: why|Intimidate|boost
|-unboost|p1a: Chandelure|atk|1
|turn|5
|
|t:|1784922869
|move|p2b: why|Rain Dance|p2b: why
|-weather|RainDance
|move|p1a: Chandelure|Heat Wave|p2b: why|[spread] p2a
|-miss|p1a: Chandelure|p2b: why
|-damage|p2a: Dumb idiot|42/100
|move|p2a: Dumb idiot|Knock Off|p1a: Chandelure
|-supereffective|p1a: Chandelure|1
|-damage|p1a: Chandelure|0 fnt
|faint|p1a: Chandelure
|
|win|JoltSmash
||Mobu0_0 is ready for game 3.
||JoltSmash is ready for game 3.
|uhtml|next|Next: Game 3 of 3
