|j|☆Ev_Evan
|j|☆influxxyyy
|html|Ev_Evaninfluxxyyy    
|uhtml|bestof|Game 3 of a best-of-3
|t:|1757107473
|gametype|doubles
|player|p1|Ev_Evan|volkner|
|player|p2|influxxyyy|miku-fire|
|gen|9
|tier|[Gen 9] VGC 2025 Reg H (Bo3)
|rule|Species Clause: Limit one of each Pokémon
|rule|Item Clause: Limit 1 of each item
|clearpoke
|poke|p1|Gallade, L50, M|
|poke|p1|Yanmega, L50, F|
|poke|p1|Oranguru, L50, M|
|poke|p1|Excadrill, L50, M|
|poke|p1|Scrafty, L50, M|
|poke|p1|Hydreigon, L50, M|
|poke|p2|Dragalge, L50, F|
|poke|p2|Mimikyu, L50, M|
|poke|p2|Primarina, L50, M|
|poke|p2|Bisharp, L50, M|
|poke|p2|Grimmsnarl, L50, M|
|poke|p2|Scrafty, L50, F|
|teampreview|4
|showteam|p1|Gallade||SitrusBerry|Sharpness|TrickRoom,PsychoCut,SacredSword,WideGuard|||M|||50|,,,,,Fire]Yanmega||FocusSash|SpeedBoost|Tailwind,AirSlash,BugBuzz,Protect|||F|||50|,,,,,Ghost]Oranguru||MentalHerb|Telepathy|TrickRoom,Instruct,PsychicNoise,Protect|||M|||50|,,,,,Dark]Excadrill||ClearAmulet|SandRush|Earthquake,IronHead,RockSlide,Protect|||M|||50|,,,,,Ground]Scrafty||SafetyGoggles|Intimidate|FakeOut,KnockOff,CloseCombat,Taunt|||M|||50|,,,,,Grass]Hydreigon||LifeOrb|Levitate|HeatWave,DracoMeteor,DarkPulse,Protect|||M|||50|,,,,,Ghost
|showteam|p2|Dragalge||LifeOrb|Adaptability|Protect,SludgeBomb,DracoMeteor,TeraBlast|||F|||50|,,,,,Ground]Mimikyu||MentalHerb|Disguise|ShadowSneak,PlayRough,DestinyBond,TrickRoom|||M|||50|,,,,,Water]Primarina||FairyFeather|LiquidVoice|Protect,DazzlingGleam,Moonblast,HyperVoice|||M|||50|,,,,,Grass]Bisharp||Eviolite|Defiant|Protect,ThroatChop,SuckerPunch,SwordsDance|||M|||50|,,,,,Dark]Grimmsnarl||LightClay|Prankster|LightScreen,Reflect,FakeTears,SpiritBreak|||M|||50|,,,,,Ghost]Scrafty||SafetyGoggles|Intimidate|FakeOut,KnockOff,CloseCombat,Taunt|||F|||50|,,,,,Fairy
|inactive|Battle timer is ON: inactive players will automatically lose when time's up. (requested by influxxyyy)
|inactive|Ev_Evan also wants the timer to be on.
|inactive|Ev_Evan has 60 seconds left.
|inactive|influxxyyy has 60 seconds left.
|
|t:|1757107506
|teamsize|p1|4
|teamsize|p2|4
|start
|switch|p1a: Gallade|Gallade, L50, M|100/100
|switch|p1b: Oranguru|Oranguru, L50, M|100/100
|switch|p2a: Shaggy|Scrafty, L50, F, shiny|100/100
|switch|p2b: Semolina|Primarina, L50, M|100/100
|-ability|p2a: Shaggy|Intimidate|boost
|-unboost|p1a: Gallade|atk|1
|-unboost|p1b: Oranguru|atk|1
|turn|1
|inactive|Ev_Evan has 30 seconds left.
|
|t:|1757107532
|switch|p1a: Excadrill|Excadrill, L50, M|100/100
|move|p1b: Oranguru|Protect|p1b: Oranguru
|-singleturn|p1b: Oranguru|Protect
|move|p2b: Semolina|Moonblast|p1a: Excadrill
|-resisted|p1a: Excadrill
|-damage|p1a: Excadrill|61/100
|move|p2a: Shaggy|Taunt|p1b: Oranguru
|-activate|p1b: Oranguru|move: Protect
|
|upkeep
|turn|2
|
|t:|1757107548
|-terastallize|p1b: Oranguru|Dark
|move|p1a: Excadrill|Iron Head|p2b: Semolina
|-damage|p2b: Semolina|44/100
|move|p2b: Semolina|Hyper Voice|p1a: Excadrill|[spread] p1a,p1b
|-supereffective|p1a: Excadrill
|-damage|p1a: Excadrill|0 fnt
|-damage|p1b: Oranguru|77/100
|faint|p1a: Excadrill
|move|p1b: Oranguru|Instruct|p1: Excadrill|[notarget]
|-fail|p1b: Oranguru
|move|p2a: Shaggy|Knock Off|p1b: Oranguru
|-resisted|p1b: Oranguru
|-damage|p1b: Oranguru|53/100
|-enditem|p1b: Oranguru|Mental Herb|[from] move: Knock Off|[of] p2a: Shaggy
|
|upkeep
|
|t:|1757107556
|switch|p1a: Gallade|Gallade, L50, M|100/100
|turn|3
|
|t:|1757107573
|switch|p2a: Mimickyou|Mimikyu, L50, M, shiny|100/100
|move|p2b: Semolina|Protect|p2b: Semolina
|-singleturn|p2b: Semolina|Protect
|move|p1b: Oranguru|Protect|p1b: Oranguru
|-singleturn|p1b: Oranguru|Protect
|move|p1a: Gallade|Psycho Cut|p2b: Semolina
|-activate|p2b: Semolina|move: Protect
|
|upkeep
|turn|4
|
|t:|1757107586
|switch|p2b: Bishop|Bisharp, L50, M, shiny|100/100
|move|p1a: Gallade|Psycho Cut|p2b: Bishop
|-immune|p2b: Bishop
|move|p2a: Mimickyou|Play Rough|p1b: Oranguru
|-supereffective|p1b: Oranguru
|-damage|p1b: Oranguru|0 fnt
|faint|p1b: Oranguru
|
|upkeep
|
|t:|1757107588
|switch|p1b: Hydreigon|Hydreigon, L50, M|100/100
|turn|5
|
|t:|1757107607
|switch|p2b: Shaggy|Scrafty, L50, F, shiny|100/100
|-ability|p2b: Shaggy|Intimidate|boost
|-unboost|p1a: Gallade|atk|1
|-unboost|p1b: Hydreigon|atk|1
|move|p1b: Hydreigon|Heat Wave|p2a: Mimickyou|[spread] p2a
|-miss|p1b: Hydreigon|p2b: Shaggy
|-activate|p2a: Mimickyou|ability: Disguise
|-damage|p2a: Mimickyou|100/100
|detailschange|p2a: Mimickyou|Mimikyu-Busted, L50, M, shiny
|-damage|p2a: Mimickyou|88/100|[from] pokemon: Mimikyu-Busted
|-damage|p1b: Hydreigon|91/100|[from] item: Life Orb
|move|p1a: Gallade|Psycho Cut|p2a: Mimickyou
|-damage|p2a: Mimickyou|40/100
|move|p2a: Mimickyou|Trick Room|p2a: Mimickyou
|-fieldstart|move: Trick Room|[of] p2a: Mimickyou
|
|upkeep
|turn|6
|
|t:|1757107626
|move|p1b: Hydreigon|Protect|p1b: Hydreigon
|-singleturn|p1b: Hydreigon|Protect
|move|p2b: Shaggy|Fake Out|p1a: Gallade
|-damage|p1a: Gallade|83/100
|move|p2a: Mimickyou|Play Rough|p1b: Hydreigon
|-activate|p1b: Hydreigon|move: Protect
|cant|p1a: Gallade|flinch
|
|upkeep
|turn|7
|
|t:|1757107640
|switch|p2b: Bishop|Bisharp, L50, M, shiny|100/100
|move|p2a: Mimickyou|Play Rough|p1b: Hydreigon
|-supereffective|p1b: Hydreigon
|-damage|p1b: Hydreigon|0 fnt
|faint|p1b: Hydreigon
|move|p1a: Gallade|Psycho Cut|p2a: Mimickyou
|-damage|p2a: Mimickyou|0 fnt
|faint|p2a: Mimickyou
|
|upkeep
|
|t:|1757107645
|switch|p2a: Shaggy|Scrafty, L50, F, shiny|100/100
|-ability|p2a: Shaggy|Intimidate|boost
|-unboost|p1a: Gallade|atk|1
|turn|8
|c|☆Ev_Evan|gg
|
|t:|1757107661
|move|p2a: Shaggy|Fake Out|p1a: Gallade
|-damage|p1a: Gallade|65/100
|move|p2b: Bishop|Swords Dance|p2b: Bishop
|-boost|p2b: Bishop|atk|2
|cant|p1a: Gallade|flinch
|
|upkeep
|turn|9
|c|☆Ev_Evan|the mimikyu won a speed tie
|
|t:|1757107677
|move|p2b: Bishop|Sucker Punch|p1a: Gallade
|-damage|p1a: Gallade|0 fnt
|faint|p1a: Gallade
|
|win|influxxyyy
|c|☆influxxyyy|ah really
|c|☆influxxyyy|mine is 90 speed
|c|☆Ev_Evan|yeah had to
|c|☆Ev_Evan|same
|c|☆influxxyyy|rip
|c|☆influxxyyy|gg
|l|☆Ev_Evan
|player|p1|
