|j|☆Asladom
|j|☆Venatori
|html|AsladomVenatori    
|uhtml|bestof|Game 1 of a best-of-3
|t:|1782689251
|gametype|doubles
|player|p1|Asladom|2|
|player|p2|Venatori|cynthia|
|gen|9
|tier|[Gen 9 Champions] VGC 2026 Reg M-B (Bo3)
|rule|Species Clause: Limit one of each Pokémon
|rule|Item Clause: Limit 1 of each item
|clearpoke
|poke|p1|Falinks, L50|
|poke|p1|Malamar, L50, F|
|poke|p1|Armarouge, L50, F|
|poke|p1|Ninetales-Alola, L50, M|
|poke|p1|Espathra, L50, F|
|poke|p1|Archaludon, L50, F|
|poke|p2|Mimikyu, L50, F|
|poke|p2|Kingambit, L50, F|
|poke|p2|Blastoise, L50, M|
|poke|p2|Heracross, L50, F|
|poke|p2|Arcanine-Hisui, L50, F|
|poke|p2|Rotom-Mow, L50|
|teampreview|4
|showteam|p1|Falinks||Falinksite|Defiant|Superpower,RockSlide,NoRetreat,Protect|Jolly|||||50|]Malamar||ChoiceScarf|Contrary|KnockOff,FoulPlay,SkillSwap,Superpower|Adamant||F|||50|]Armarouge||LifeOrb|WeakArmor|PsychUp,ArmorCannon,StoredPower,Protect|Timid||F|||50|]Ninetales-Alola||LightClay|SnowWarning|DazzlingGleam,Blizzard,AuroraVeil,Protect|Timid||M|||50|]Espathra||MentalHerb|SpeedBoost|CalmMind,BatonPass,LuminaCrash,Protect|Timid||F|||50|]Archaludon||WiseGlasses|Stalwart|DracoMeteor,FlashCannon,Snarl,Protect|Calm||F|||50|
|showteam|p2|Mimikyu||SpellTag|Disguise|ShadowSneak,WillOWisp,PlayRough,ShadowClaw|Adamant||F|||50|]Kingambit||LifeOrb|SupremeOverlord|SuckerPunch,SwordsDance,KowtowCleave,Protect|Adamant||F|||50|]Blastoise||Blastoisinite|Torrent|ShellSmash,WaterSpout,MuddyWater,IceBeam|Modest||M|||50|]Heracross||BlackBelt|Guts|CloseCombat,RockSlide,KnockOff,Lunge|Jolly||F|||50|]Arcanine-Hisui||FocusSash|Intimidate|FlareBlitz,ExtremeSpeed,RockSlide,Protect|Jolly||F|||50|]Rotom-Mow||ChoiceScarf|Levitate|Thunderbolt,LeafStorm,VoltSwitch,WillOWisp|Modest|||||50|
|
|t:|1782689382
|teamsize|p1|4
|teamsize|p2|4
|start
|switch|p1a: Falinks|Falinks, L50|100/100
|switch|p1b: Malamar|Malamar, L50, F|100/100
|switch|p2a: Arcanine|Arcanine-Hisui, L50, F|100/100
|switch|p2b: Heracross|Heracross, L50, F|100/100
|-ability|p2a: Arcanine|Intimidate|boost
|-unboost|p1a: Falinks|atk|1
|-ability|p1a: Falinks|Defiant|boost
|-boost|p1a: Falinks|atk|2
|-boost|p1b: Malamar|atk|1
|turn|1
|
|t:|1782689506
|detailschange|p1a: Falinks|Falinks-Mega, L50
|-mega|p1a: Falinks|Falinks|Falinksite
|move|p2a: Arcanine|Protect|p2a: Arcanine
|-singleturn|p2a: Arcanine|Protect
|move|p1a: Falinks|No Retreat|p1a: Falinks
|-boost|p1a: Falinks|atk|1
|-boost|p1a: Falinks|def|1
|-boost|p1a: Falinks|spa|1
|-boost|p1a: Falinks|spd|1
|-boost|p1a: Falinks|spe|1
|-start|p1a: Falinks|move: No Retreat
|move|p2b: Heracross|Lunge|p1b: Malamar
|-supereffective|p1b: Malamar|2
|-damage|p1b: Malamar|0 fnt
|faint|p1b: Malamar
|
|upkeep
|
|t:|1782689518
|switch|p1b: Armarouge|Armarouge, L50, F|100/100
|turn|2
|
|t:|1782689571
|switch|p2a: Mimikyu|Mimikyu, L50, F|100/100
|move|p1a: Falinks|Superpower|p2a: Mimikyu
|-immune|p2a: Mimikyu
|move|p2b: Heracross|Knock Off|p1b: Armarouge
|-supereffective|p1b: Armarouge|1
|-damage|p1b: Armarouge|25/100
|-ability|p1b: Armarouge|Weak Armor|boost
|-unboost|p1b: Armarouge|def|1
|-boost|p1b: Armarouge|spe|2
|-enditem|p1b: Armarouge|Life Orb|[from] move: Knock Off|[of] p2b: Heracross
|move|p1b: Armarouge|Psych Up|p1a: Falinks
|-copyboost|p1b: Armarouge|p1a: Falinks|[from] move: Psych Up
|
|upkeep
|turn|3
|
|t:|1782689607
|move|p1a: Falinks|Rock Slide|p2a: Mimikyu|[spread] p2a,p2b
|-activate|p2a: Mimikyu|ability: Disguise
|-damage|p2a: Mimikyu|100/100
|-damage|p2b: Heracross|52/100
|detailschange|p2a: Mimikyu|Mimikyu-Busted, L50, F
|-damage|p2a: Mimikyu|87/100|[from] pokemon: Mimikyu-Busted
|move|p1b: Armarouge|Psych Up|p2a: Mimikyu
|-copyboost|p1b: Armarouge|p2a: Mimikyu|[from] move: Psych Up
|move|p2b: Heracross|Knock Off|p1b: Armarouge
|-supereffective|p1b: Armarouge|1
|-damage|p1b: Armarouge|0 fnt
|faint|p1b: Armarouge
|move|p2a: Mimikyu|Play Rough|p1a: Falinks
|-supereffective|p1a: Falinks|1
|-damage|p1a: Falinks|56/100
|
|upkeep
|
|t:|1782689626
|switch|p1b: Ninetales|Ninetales-Alola, L50, M|100/100
|-weather|Snowscape|[from] ability: Snow Warning|[of] p1b: Ninetales
|turn|4
|
|t:|1782689688
|move|p2a: Mimikyu|Shadow Sneak|p1b: Ninetales
|-damage|p1b: Ninetales|79/100
|move|p1a: Falinks|Rock Slide|p2a: Mimikyu|[spread] p2a,p2b
|-damage|p2a: Mimikyu|33/100
|-damage|p2b: Heracross|1/100
|move|p1b: Ninetales|Blizzard|p2a: Mimikyu|[spread] p2a,p2b
|-damage|p2a: Mimikyu|0 fnt
|-damage|p2b: Heracross|0 fnt
|faint|p2a: Mimikyu
|faint|p2b: Heracross
|
|-weather|Snowscape|[upkeep]
|upkeep
|
|t:|1782689700
|switch|p2b: Arcanine|Arcanine-Hisui, L50, F|100/100
|switch|p2a: Blastoise|Blastoise, L50, M|100/100
|-ability|p2b: Arcanine|Intimidate|boost
|-unboost|p1a: Falinks|atk|1
|-ability|p1a: Falinks|Defiant|boost
|-boost|p1a: Falinks|atk|2
|-unboost|p1b: Ninetales|atk|1
|turn|5
|
|t:|1782689744
|detailschange|p2a: Blastoise|Blastoise-Mega, L50, M
|-mega|p2a: Blastoise|Blastoise|Blastoisinite
|move|p1a: Falinks|Superpower|p2b: Arcanine
|-supereffective|p2b: Arcanine|1
|-enditem|p2b: Arcanine|Focus Sash
|-damage|p2b: Arcanine|1/100
|-unboost|p1a: Falinks|atk|1
|-unboost|p1a: Falinks|def|1
|move|p1b: Ninetales|Aurora Veil|p1b: Ninetales
|-sidestart|p1: Asladom|move: Aurora Veil
|move|p2b: Arcanine|Rock Slide|p1a: Falinks|[spread] p1a,p1b
|-resisted|p1a: Falinks|1
|-crit|p1a: Falinks
|-supereffective|p1b: Ninetales|1
|-damage|p1a: Falinks|39/100
|-damage|p1b: Ninetales|46/100
|move|p2a: Blastoise|Shell Smash|p2a: Blastoise
|-unboost|p2a: Blastoise|def|1
|-unboost|p2a: Blastoise|spd|1
|-boost|p2a: Blastoise|atk|2
|-boost|p2a: Blastoise|spa|2
|-boost|p2a: Blastoise|spe|2
|
|-weather|Snowscape|[upkeep]
|upkeep
|turn|6
|
|t:|1782689792
|move|p2a: Blastoise|Water Spout|p1a: Falinks|[spread] p1a,p1b
|-damage|p1a: Falinks|0 fnt
|-damage|p1b: Ninetales|0 fnt
|faint|p1a: Falinks
|faint|p1b: Ninetales
|
|win|Venatori
|inactive|Asladom has 30 seconds to confirm battle start!
|inactive|Venatori has 30 seconds to confirm battle start!
|inactive|Asladom has 20 seconds to confirm battle start!
|inactive|Venatori has 20 seconds to confirm battle start!
