|j|☆kimmy k
|j|☆chikn dinnr
|html|kimmy kchikn dinnr    
|uhtml|bestof|Game 1 of a best-of-3
|t:|1756338049
|gametype|doubles
|player|p1|kimmy k|preschooler|1222
|player|p2|chikn dinnr|youngster-gen4dp|1258
|gen|9
|tier|[Gen 9] VGC 2025 Reg H (Bo3)
|rated|
|rule|Species Clause: Limit one of each Pokémon
|rule|Item Clause: Limit 1 of each item
|clearpoke
|poke|p1|Politoed, L50, M|
|poke|p1|Gothitelle, L50, F|
|poke|p1|Incineroar, L50, M|
|poke|p1|Amoonguss, L50, M|
|poke|p1|Kingdra, L50, F|
|poke|p1|Archaludon, L50, F|
|poke|p2|Kingambit, L50, M|
|poke|p2|Ninetales-Alola, L50, M|
|poke|p2|Rillaboom, L50, F|
|poke|p2|Volcarona, L50, F|
|poke|p2|Tauros-Paldea-Aqua, L50, M|
|poke|p2|Electabuzz, L50, M|
|teampreview|4
|showteam|p1|Politoed||Leftovers|Drizzle|Protect,WeatherBall,PerishSong,Encore|||M|||50|,,,,,Grass]Gothitelle||SitrusBerry|ShadowTag|Protect,Psychic,FakeOut,TrickRoom|||F|||50|,,,,,Dark]Incineroar||SafetyGoggles|Intimidate|Protect,KnockOff,FakeOut,PartingShot|||M|||50|,,,,,Ghost]Amoonguss||EjectButton|Regenerator|Protect,RagePowder,PollenPuff,Spore|||M|||50|,,,,,Fairy]Kingdra||LifeOrb|SwiftSwim|Protect,WeatherBall,DracoMeteor,MuddyWater|||F|||50|,,,,,Stellar]Archaludon||PowerHerb|Sturdy|Protect,ElectroShot,DragonPulse,FlashCannon|||F|||50|,,,,,Electric
|showteam|p2|Kingambit||BlackGlasses|Defiant|SuckerPunch,KowtowCleave,SwordsDance,Protect|||M|||50|,,,,,Ghost]Ninetales-Alola||FocusSash|SnowWarning|Moonblast,FreezeDry,Encore,Protect|||M|||50|,,,,,Ghost]Rillaboom||AssaultVest|GrassySurge|FakeOut,GrassyGlide,WoodHammer,HighHorsepower|||F|||50|,,,,,Fire]Volcarona||CovertCloak|FlameBody|QuiverDance,HeatWave,GigaDrain,Protect|||F|||50|,,,,,Grass]Tauros-Paldea-Aqua||GrassySeed|Intimidate|WaveCrash,BodyPress,Protect,AquaJet|||M|||50|,,,,,Fire]Electabuzz||Eviolite|VitalSpirit|FollowMe,Electroweb,HelpingHand,Protect|||M|||50|,,,,,Ghost
|inactive|Battle timer is ON: inactive players will automatically lose when time's up. (requested by kimmy k)
|inactive|kimmy k has 60 seconds left.
|inactive|chikn dinnr has 60 seconds left.
|
|t:|1756338097
|teamsize|p1|4
|teamsize|p2|4
|start
|switch|p1a: Archaludon|Archaludon, L50, F|100/100
|switch|p1b: Politoed|Politoed, L50, M|100/100
|switch|p2a: Kingambit|Kingambit, L50, M|100/100
|switch|p2b: Rillaboom|Rillaboom, L50, F|100/100
|-fieldstart|move: Grassy Terrain|[from] ability: Grassy Surge|[of] p2b: Rillaboom
|-weather|RainDance|[from] ability: Drizzle|[of] p1b: Politoed
|turn|1
|
|t:|1756338113
|move|p1a: Archaludon|Protect|p1a: Archaludon
|-singleturn|p1a: Archaludon|Protect
|move|p1b: Politoed|Protect|p1b: Politoed
|-singleturn|p1b: Politoed|Protect
|move|p2b: Rillaboom|Fake Out|p1b: Politoed
|-activate|p1b: Politoed|move: Protect
|move|p2a: Kingambit|Swords Dance|p2a: Kingambit
|-boost|p2a: Kingambit|atk|2
|
|-weather|RainDance|[upkeep]
|upkeep
|turn|2
|
|t:|1756338133
|switch|p1a: Gothitelle|Gothitelle, L50, F|100/100
|move|p2b: Rillaboom|High Horsepower|p1a: Gothitelle|[miss]
|-miss|p2b: Rillaboom|p1a: Gothitelle
|move|p1b: Politoed|Perish Song|p1b: Politoed
|-start|p1a: Gothitelle|perish3|[silent]
|-start|p1b: Politoed|perish3|[silent]
|-start|p2a: Kingambit|perish3|[silent]
|-start|p2b: Rillaboom|perish3|[silent]
|-fieldactivate|move: Perish Song
|move|p2a: Kingambit|Kowtow Cleave|p1b: Politoed
|-damage|p1b: Politoed|0 fnt
|faint|p1b: Politoed
|
|-weather|RainDance|[upkeep]
|-start|p2b: Rillaboom|perish3
|-start|p2a: Kingambit|perish3
|-start|p1a: Gothitelle|perish3
|upkeep
|
|t:|1756338149
|switch|p1b: Amoonguss|Amoonguss, L50, M|100/100
|turn|3
|
|t:|1756338164
|-terastallize|p2a: Kingambit|Ghost
|-terastallize|p1b: Amoonguss|Fairy
|move|p1a: Gothitelle|Protect|p1a: Gothitelle
|-singleturn|p1a: Gothitelle|Protect
|move|p2b: Rillaboom|Wood Hammer|p1a: Gothitelle
|-activate|p1a: Gothitelle|move: Protect
|move|p2a: Kingambit|Kowtow Cleave|p1a: Gothitelle
|-activate|p1a: Gothitelle|move: Protect
|move|p1b: Amoonguss|Spore|p2a: Kingambit
|-status|p2a: Kingambit|slp|[from] move: Spore
|
|-weather|RainDance|[upkeep]
|-start|p2b: Rillaboom|perish2
|-start|p2a: Kingambit|perish2
|-start|p1a: Gothitelle|perish2
|upkeep
|turn|4
|
|t:|1756338185
|switch|p1a: Archaludon|Archaludon, L50, F|100/100
|move|p2b: Rillaboom|Wood Hammer|p1a: Archaludon
|-resisted|p1a: Archaludon
|-damage|p1a: Archaludon|84/100
|-damage|p2b: Rillaboom|96/100|[from] Recoil
|cant|p2a: Kingambit|slp
|move|p1b: Amoonguss|Spore|p2a: Kingambit
|-fail|p2a: Kingambit|slp
|
|-weather|RainDance|[upkeep]
|-heal|p1a: Archaludon|90/100|[from] Grassy Terrain
|-heal|p2b: Rillaboom|100/100|[from] Grassy Terrain
|-start|p2b: Rillaboom|perish1
|-start|p2a: Kingambit|perish1
|upkeep
|turn|5
|
|t:|1756338207
|switch|p2b: Ninetales|Ninetales-Alola, L50, M|100/100
|-weather|Snowscape|[from] ability: Snow Warning|[of] p2b: Ninetales
|move|p1a: Archaludon|Electro Shot||[still]
|-prepare|p1a: Archaludon|Electro Shot
|-boost|p1a: Archaludon|spa|1
|-enditem|p1a: Archaludon|Power Herb
|-anim|p1a: Archaludon|Electro Shot|p2a: Kingambit
|-damage|p2a: Kingambit|39/100 slp
|-curestatus|p2a: Kingambit|slp|[msg]
|move|p2a: Kingambit|Kowtow Cleave|p1a: Archaludon
|-damage|p1a: Archaludon|0 fnt
|faint|p1a: Archaludon
|move|p1b: Amoonguss|Spore|p2b: Ninetales
|-status|p2b: Ninetales|slp|[from] move: Spore
|
|-weather|Snowscape|[upkeep]
|-heal|p2a: Kingambit|45/100|[from] Grassy Terrain
|-start|p2a: Kingambit|perish0
|-fieldend|move: Grassy Terrain
|upkeep
|faint|p2a: Kingambit
|
|t:|1756338226
|switch|p1a: Gothitelle|Gothitelle, L50, F|100/100
|switch|p2a: Rillaboom|Rillaboom, L50, F|100/100
|-fieldstart|move: Grassy Terrain|[from] ability: Grassy Surge|[of] p2a: Rillaboom
|turn|6
|
|t:|1756338242
|move|p2a: Rillaboom|Fake Out|p1a: Gothitelle
|-damage|p1a: Gothitelle|86/100
|cant|p2b: Ninetales|slp
|cant|p1a: Gothitelle|flinch
|move|p1b: Amoonguss|Pollen Puff|p2b: Ninetales
|-resisted|p2b: Ninetales
|-damage|p2b: Ninetales|90/100 slp
|
|-weather|Snowscape|[upkeep]
|-heal|p2b: Ninetales|96/100 slp|[from] Grassy Terrain
|-heal|p1a: Gothitelle|92/100|[from] Grassy Terrain
|upkeep
|turn|7
|
|t:|1756338265
|-curestatus|p2b: Ninetales|slp|[msg]
|move|p2b: Ninetales|Moonblast|p1a: Gothitelle
|-damage|p1a: Gothitelle|66/100
|move|p2a: Rillaboom|Wood Hammer|p1a: Gothitelle
|-damage|p1a: Gothitelle|0 fnt
|faint|p1a: Gothitelle
|-damage|p2a: Rillaboom|82/100|[from] Recoil
|move|p1b: Amoonguss|Pollen Puff|p2a: Rillaboom
|-supereffective|p2a: Rillaboom
|-damage|p2a: Rillaboom|56/100
|
|-weather|Snowscape|[upkeep]
|-heal|p2b: Ninetales|100/100|[from] Grassy Terrain
|-heal|p2a: Rillaboom|62/100|[from] Grassy Terrain
|upkeep
|turn|8
|-message|kimmy k forfeited.
|
|win|chikn dinnr
|l|☆kimmy k
|player|p1|
||kimmy k is ready for game 2.
||chikn dinnr is ready for game 2.
|uhtml|next|Next: Game 2 of 3
