|j|☆Thoorus
|j|‽IshtarVGC26
|html|ThoorusIshtarVGC26    
|uhtml|bestof|Game 3 of a best-of-3
|t:|1757672293
|gametype|doubles
|player|p1|Thoorus|cyrus|1125
|player|p2|IshtarVGC26|juan|1188
|gen|9
|tier|[Gen 9] VGC 2025 Reg H (Bo3)
|rated|
|rule|Species Clause: Limit one of each Pokémon
|rule|Item Clause: Limit 1 of each item
|clearpoke
|poke|p1|Incineroar, L50, F|
|poke|p1|Ninetales-Alola, L50, F|
|poke|p1|Dragonite, L50, M|
|poke|p1|Kingambit, L50, F|
|poke|p1|Sinistcha, L50|
|poke|p1|Ursaluna-Bloodmoon, L50, M|
|poke|p2|Tyranitar, L50, M|
|poke|p2|Excadrill, L50, M|
|poke|p2|Sinistcha-Masterpiece, L50|
|poke|p2|Primarina, L50, M|
|poke|p2|Volcarona, L50, M|
|poke|p2|Braviary, L50, M|
|teampreview|4
|showteam|p1|Incineroar||SafetyGoggles|Intimidate|KnockOff,FlareBlitz,FakeOut,PartingShot|||F|||50|,,,,,Ghost]Ninetales-Alola||FocusSash|SnowWarning|Protect,AuroraVeil,FreezeDry,Blizzard|||F|||50|,,,,,Ice]Dragonite||LoadedDice|Multiscale|Tailwind,HelpingHand,ScaleShot,Haze|||M|||50|,,,,,Steel]Kingambit||BlackGlasses|Defiant|SuckerPunch,KowtowCleave,SwordsDance,Protect|||F|||50|,,,,,Dark]Sinistcha||SitrusBerry|Hospitality|MatchaGotcha,TrickRoom,RagePowder,LifeDew||||||50|,,,,,Water]Ursaluna-Bloodmoon||LifeOrb|MindsEye|BloodMoon,EarthPower,HyperVoice,Protect|||M|||50|,,,,,Normal
|showteam|p2|Tyranitar||AssaultVest|SandStream|RockSlide,KnockOff,TeraBlast,BrickBreak|||M|||50|,,,,,Flying]Excadrill||FocusSash|SandRush|Protect,DrillRun,Earthquake,IronHead|||M|||50|,,,,,Dragon]Sinistcha-Masterpiece||RockyHelmet|Hospitality|LifeDew,RagePowder,MatchaGotcha,TrickRoom||||||50|,,,,,Water]Primarina||ThroatSpray|LiquidVoice|Protect,HyperVoice,Moonblast,Haze|||M|||50|,,,,,Water]Volcarona||SitrusBerry|FlameBody|Protect,FieryDance,GigaDrain,QuiverDance|||M|||50|,,,,,Dragon]Braviary||SafetyGoggles|Defiant|Protect,BraveBird,CloseCombat,Tailwind|||M|||50|,,,,,Ghost
|j| famo sesso
|
|t:|1757672312
|teamsize|p1|4
|teamsize|p2|4
|start
|switch|p1a: Incineroar|Incineroar, L50, F|100/100
|switch|p1b: Ursaluna|Ursaluna-Bloodmoon, L50, M|100/100
|switch|p2a: Volcarona|Volcarona, L50, M|100/100
|switch|p2b: Sinistcha|Sinistcha-Masterpiece, L50|100/100
|-ability|p1a: Incineroar|Intimidate|boost
|-unboost|p2a: Volcarona|atk|1
|-unboost|p2b: Sinistcha|atk|1
|turn|1
|
|t:|1757672330
|-terastallize|p1b: Ursaluna|Normal
|move|p2a: Volcarona|Protect|p2a: Volcarona
|-singleturn|p2a: Volcarona|Protect
|move|p1b: Ursaluna|Hyper Voice|p2a: Volcarona|[spread] p2b
|-activate|p2a: Volcarona|move: Protect
|-damage|p2b: Sinistcha|42/100
|-damage|p1b: Ursaluna|91/100|[from] item: Life Orb
|move|p2b: Sinistcha|Matcha Gotcha|p1b: Ursaluna|[spread] p1a,p1b
|-resisted|p1a: Incineroar
|-damage|p1a: Incineroar|89/100
|-heal|p2b: Sinistcha|49/100|[from] drain|[of] p1a: Incineroar
|-damage|p1b: Ursaluna|59/100
|-heal|p2b: Sinistcha|66/100|[from] drain|[of] p1b: Ursaluna
|move|p1a: Incineroar|Knock Off|p2a: Volcarona
|-activate|p2a: Volcarona|move: Protect
|
|upkeep
|turn|2
|
|t:|1757672358
|move|p2a: Volcarona|Quiver Dance|p2a: Volcarona
|-boost|p2a: Volcarona|spa|1
|-boost|p2a: Volcarona|spd|1
|-boost|p2a: Volcarona|spe|1
|move|p1b: Ursaluna|Hyper Voice|p2a: Volcarona|[spread] p2a,p2b
|-damage|p2a: Volcarona|60/100
|-damage|p2b: Sinistcha|0 fnt
|faint|p2b: Sinistcha
|-damage|p1b: Ursaluna|50/100|[from] item: Life Orb
|move|p1a: Incineroar|Knock Off|p2a: Volcarona
|-damage|p2a: Volcarona|0 fnt
|-enditem|p2a: Volcarona|Sitrus Berry|[from] move: Knock Off|[of] p1a: Incineroar
|faint|p2a: Volcarona
|
|upkeep
|
|t:|1757672378
|switch|p2a: Excadrill|Excadrill, L50, M, shiny|100/100
|switch|p2b: Tyranitar|Tyranitar, L50, M|100/100
|-weather|Sandstorm|[from] ability: Sand Stream|[of] p2b: Tyranitar
|turn|3
|
|t:|1757672413
|switch|p1a: Ninetales|Ninetales-Alola, L50, F|100/100
|-weather|Snowscape|[from] ability: Snow Warning|[of] p1a: Ninetales
|-terastallize|p2b: Tyranitar|Flying
|move|p1b: Ursaluna|Protect|p1b: Ursaluna
|-singleturn|p1b: Ursaluna|Protect
|move|p2a: Excadrill|Iron Head|p1b: Ursaluna
|-activate|p1b: Ursaluna|move: Protect
|move|p2b: Tyranitar|Brick Break|p1b: Ursaluna
|-activate|p1b: Ursaluna|move: Protect
|
|-weather|Snowscape|[upkeep]
|upkeep
|turn|4
|
|t:|1757672429
|switch|p1b: Incineroar|Incineroar, L50, F|89/100
|-ability|p1b: Incineroar|Intimidate|boost
|-unboost|p2a: Excadrill|atk|1
|-unboost|p2b: Tyranitar|atk|1
|move|p1a: Ninetales|Blizzard|p2a: Excadrill|[spread] p2a,p2b
|-supereffective|p2b: Tyranitar
|-damage|p2a: Excadrill|55/100
|-damage|p2b: Tyranitar|56/100
|move|p2a: Excadrill|Iron Head|p1b: Incineroar
|-resisted|p1b: Incineroar
|-damage|p1b: Incineroar|75/100
|move|p2b: Tyranitar|Rock Slide|p1a: Ninetales|[spread] p1a
|-miss|p2b: Tyranitar|p1b: Incineroar
|-supereffective|p1a: Ninetales
|-damage|p1a: Ninetales|55/100
|
|-weather|Snowscape|[upkeep]
|upkeep
|turn|5
|
|t:|1757672449
|move|p1b: Incineroar|Fake Out|p2b: Tyranitar
|-damage|p2b: Tyranitar|42/100
|move|p1a: Ninetales|Blizzard|p2a: Excadrill|[spread] p2a,p2b
|-supereffective|p2b: Tyranitar
|-damage|p2a: Excadrill|6/100
|-damage|p2b: Tyranitar|1/100
|move|p2a: Excadrill|Earthquake|p1b: Incineroar|[spread] p1a,p1b
|-immune|p2b: Tyranitar
|-supereffective|p1b: Incineroar
|-damage|p1a: Ninetales|28/100
|-damage|p1b: Incineroar|15/100
|cant|p2b: Tyranitar|flinch
|
|-weather|Snowscape|[upkeep]
|upkeep
|turn|6
|
|t:|1757672465
|move|p1a: Ninetales|Blizzard|p2a: Excadrill|[spread] p2a,p2b
|-supereffective|p2b: Tyranitar
|-damage|p2a: Excadrill|0 fnt
|-damage|p2b: Tyranitar|0 fnt
|faint|p2a: Excadrill
|faint|p2b: Tyranitar
|
|win|Thoorus
|raw|Thoorus's rating: 1125 → 1154(+29 for winning)
|raw|IshtarVGC26's rating: 1188 → 1159(-29 for losing)
|l|‽IshtarVGC26
|player|p2|
