|j|☆Ark 64
|j|☆geardox
|html|Ark 64geardox    
|uhtml|bestof|Game 1 of a best-of-3
|t:|1756565662
|gametype|doubles
|player|p1|Ark 64|169|1053
|player|p2|geardox|cyclist|1106
|gen|9
|tier|[Gen 9] VGC 2025 Reg H (Bo3)
|rated|
|rule|Species Clause: Limit one of each Pokémon
|rule|Item Clause: Limit 1 of each item
|clearpoke
|poke|p1|Torkoal, L50, F|
|poke|p1|Charizard, L50, F|
|poke|p1|Venusaur, L50, F|
|poke|p1|Electabuzz, L50, F|
|poke|p1|Sneasler, L50, F|
|poke|p1|Jumpluff, L50, F|
|poke|p2|Sneasler, L50, M|
|poke|p2|Garchomp, L50, M|
|poke|p2|Corviknight, L50, F|
|poke|p2|Archaludon, L50, M|
|poke|p2|Amoonguss, L50, F|
|poke|p2|Incineroar, L50, F|
|teampreview|4
|showteam|p1|Torkoal||Charcoal|Drought|Eruption,EarthPower,Protect,HeatWave|||F|||50|,,,,,Grass]Charizard||ChoiceSpecs|SolarPower|HeatWave,Overheat,SolarBeam,Flamethrower|||F|||50|,,,,,Fire]Venusaur||SitrusBerry|Chlorophyll|SleepPowder,EarthPower,EnergyBall,Protect|||F|||50|,,,,,Water]Electabuzz||Eviolite|VitalSpirit|Electroweb,FollowMe,Thunderbolt,Protect|||F|||50|,,,,,Grass]Sneasler||FocusSash|Unburden|CloseCombat,FakeOut,DireClaw,Protect|||F|||50|,,,,,Ghost]Jumpluff||CovertCloak|Chlorophyll|PollenPuff,Tailwind,SleepPowder,Encore|||F|||50|,,,,,Ghost
|showteam|p2|Sneasler||FocusSash|Unburden|DireClaw,CloseCombat,ThroatChop,Coaching|||M|||50|,,,,,Ghost]Garchomp||LifeOrb|RoughSkin|Protect,Earthquake,DragonClaw,StompingTantrum|||M|||50|,,,,,Ground]Corviknight||SitrusBerry|MirrorArmor|BraveBird,Tailwind,Roost,Taunt|||F|||50|,,,,,Fire]Archaludon||PowerHerb|Stamina|Protect,DracoMeteor,FlashCannon,ElectroShot|||M|||50|,,,,,Dragon]Amoonguss||RockyHelmet|Regenerator|ClearSmog,RagePowder,Spore,PollenPuff|||F|||50|,,,,,Water]Incineroar||AssaultVest|Intimidate|KnockOff,FlareBlitz,FakeOut,Uturn|||F|||50|,,,,,Ghost
|inactive|Battle timer is ON: inactive players will automatically lose when time's up. (requested by geardox)
|inactive|Ark 64 has 60 seconds left.
|
|t:|1756565702
|teamsize|p1|4
|teamsize|p2|4
|start
|switch|p1a: Torkoal|Torkoal, L50, F|100/100
|switch|p1b: Jumpluff|Jumpluff, L50, F|100/100
|switch|p2a: Riku|Sneasler, L50, M|100/100
|switch|p2b: Incineroar|Incineroar, L50, F|100/100
|-ability|p2b: Incineroar|Intimidate|boost
|-unboost|p1a: Torkoal|atk|1
|-unboost|p1b: Jumpluff|atk|1
|-weather|SunnyDay|[from] ability: Drought|[of] p1a: Torkoal
|turn|1
|inactive|geardox has 30 seconds left.
|
|t:|1756565730
|-terastallize|p1b: Jumpluff|Ghost
|move|p1a: Torkoal|Protect|p1a: Torkoal
|-singleturn|p1a: Torkoal|Protect
|move|p2b: Incineroar|Fake Out|p1a: Torkoal
|-activate|p1a: Torkoal|move: Protect
|move|p1b: Jumpluff|Sleep Powder|p2a: Riku
|-status|p2a: Riku|slp|[from] move: Sleep Powder
|cant|p2a: Riku|slp
|
|-weather|SunnyDay|[upkeep]
|upkeep
|turn|2
|
|t:|1756565748
|move|p1b: Jumpluff|Pollen Puff|p1a: Torkoal
|cant|p2a: Riku|slp
|move|p2b: Incineroar|Knock Off|p1b: Jumpluff
|-supereffective|p1b: Jumpluff
|-damage|p1b: Jumpluff|0 fnt
|-enditem|p1b: Jumpluff|Covert Cloak|[from] move: Knock Off|[of] p2b: Incineroar
|faint|p1b: Jumpluff
|move|p1a: Torkoal|Eruption|p2b: Incineroar|[spread] p2a,p2b
|-resisted|p2b: Incineroar
|-enditem|p2a: Riku|Focus Sash
|-damage|p2a: Riku|1/100 slp
|-damage|p2b: Incineroar|73/100
|
|-weather|SunnyDay|[upkeep]
|upkeep
|
|t:|1756565751
|switch|p1b: Charizard|Charizard, L50, F|100/100
|turn|3
|inactive|geardox has 30 seconds left.
|
|t:|1756565783
|cant|p2a: Riku|slp
|move|p1b: Charizard|Heat Wave|p2b: Incineroar|[spread] p2a,p2b
|-crit|p2a: Riku
|-resisted|p2b: Incineroar
|-damage|p2a: Riku|0 fnt
|-damage|p2b: Incineroar|39/100
|faint|p2a: Riku
|move|p2b: Incineroar|Knock Off|p1a: Torkoal
|-damage|p1a: Torkoal|68/100
|-enditem|p1a: Torkoal|Charcoal|[from] move: Knock Off|[of] p2b: Incineroar
|move|p1a: Torkoal|Earth Power|p2b: Incineroar
|-supereffective|p2b: Incineroar
|-damage|p2b: Incineroar|8/100
|
|-weather|SunnyDay|[upkeep]
|-damage|p1b: Charizard|88/100|[from] ability: Solar Power|[of] p1b: Charizard
|upkeep
|
|t:|1756565797
|switch|p2a: Chica|Corviknight, L50, F|100/100
|turn|4
|
|t:|1756565808
|switch|p1a: Electabuzz|Electabuzz, L50, F|100/100
|-terastallize|p2a: Chica|Fire
|move|p1b: Charizard|Heat Wave|p2a: Chica|[spread] p2a
|-miss|p1b: Charizard|p2b: Incineroar
|-resisted|p2a: Chica
|-damage|p2a: Chica|54/100
|move|p2b: Incineroar|Knock Off|p1b: Charizard
|-damage|p1b: Charizard|27/100
|-enditem|p1b: Charizard|Choice Specs|[from] move: Knock Off|[of] p2b: Incineroar
|move|p2a: Chica|Tailwind|p2a: Chica
|-sidestart|p2: geardox|move: Tailwind
|
|-weather|SunnyDay|[upkeep]
|-damage|p1b: Charizard|15/100|[from] ability: Solar Power|[of] p1b: Charizard
|upkeep
|turn|5
|
|t:|1756565832
|switch|p1b: Torkoal|Torkoal, L50, F|68/100
|move|p1a: Electabuzz|Follow Me|p1a: Electabuzz
|-singleturn|p1a: Electabuzz|move: Follow Me
|move|p2b: Incineroar|Knock Off|p1a: Electabuzz
|-damage|p1a: Electabuzz|65/100
|-enditem|p1a: Electabuzz|Eviolite|[from] move: Knock Off|[of] p2b: Incineroar
|move|p2a: Chica|Brave Bird|p1a: Electabuzz
|-resisted|p1a: Electabuzz
|-crit|p1a: Electabuzz
|-damage|p1a: Electabuzz|32/100
|-damage|p2a: Chica|45/100|[from] Recoil
|-enditem|p2a: Chica|Sitrus Berry|[eat]
|-heal|p2a: Chica|70/100|[from] item: Sitrus Berry
|
|-weather|none
|upkeep
|turn|6
|
|t:|1756565851
|move|p1a: Electabuzz|Follow Me|p1a: Electabuzz
|-singleturn|p1a: Electabuzz|move: Follow Me
|move|p2b: Incineroar|Flare Blitz|p1a: Electabuzz
|-damage|p1a: Electabuzz|0 fnt
|faint|p1a: Electabuzz
|-damage|p2b: Incineroar|0 fnt|[from] Recoil
|faint|p2b: Incineroar
|move|p2a: Chica|Brave Bird|p1b: Torkoal
|-damage|p1b: Torkoal|42/100
|-damage|p2a: Chica|63/100|[from] Recoil
|move|p1b: Torkoal|Earth Power|p2a: Chica
|-supereffective|p2a: Chica
|-damage|p2a: Chica|21/100
|
|upkeep
|
|t:|1756565864
|switch|p1a: Charizard|Charizard, L50, F|15/100
|switch|p2b: Stinky Pete|Garchomp, L50, M|100/100
|turn|7
|
|t:|1756565878
|move|p2b: Stinky Pete|Stomping Tantrum|p1b: Torkoal
|-supereffective|p1b: Torkoal
|-damage|p1b: Torkoal|0 fnt
|faint|p1b: Torkoal
|-damage|p2b: Stinky Pete|91/100|[from] item: Life Orb
|move|p2a: Chica|Brave Bird|p1a: Charizard
|-damage|p1a: Charizard|0 fnt
|faint|p1a: Charizard
|-damage|p2a: Chica|17/100|[from] Recoil
|
|win|geardox
||Ark 64 is ready for game 2.
|inactive|geardox has 30 seconds to confirm battle start!
