|j|☆LorGhez
|j|‽Sora hoshino
|html|LorGhezSora hoshino    
|uhtml|bestof|Game 1 of a best-of-3
|t:|1782423583
|gametype|doubles
|player|p1|LorGhez|169|1032
|player|p2|Sora hoshino|170|1019
|gen|9
|tier|[Gen 9 Champions] VGC 2026 Reg M-B (Bo3)
|rated|
|rule|Species Clause: Limit one of each Pokémon
|rule|Item Clause: Limit 1 of each item
|clearpoke
|poke|p1|Sceptile, L50, M|
|poke|p1|Tinkaton, L50, F|
|poke|p1|Rotom-Wash, L50|
|poke|p1|Aerodactyl, L50, F|
|poke|p1|Gyarados, L50, F|
|poke|p1|Kingambit, L50, M|
|poke|p2|Milotic, L50, F, shiny|
|poke|p2|Pelipper, L50, F, shiny|
|poke|p2|Sylveon, L50, F, shiny|
|poke|p2|Jolteon, L50, F, shiny|
|poke|p2|Sceptile, L50, F, shiny|
|poke|p2|Sneasler, L50, F, shiny|
|teampreview|4
|showteam|p1|Sceptile||Sceptilite|Overgrow|Protect,GrassKnot,DragonPulse,EarthPower|Timid||M|||50|]Tinkaton||FocusSash|MoldBreaker|Protect,FakeOut,GigatonHammer,PlayRough|Adamant||F|||50|]Rotom-Wash||ChoiceScarf|Levitate|WillOWisp,Discharge,HydroPump,LightScreen|Timid|||||50|]Aerodactyl||Aerodactylite|RockHead|Protect,Tailwind,RockSlide,DualWingbeat|Jolly||F|||50|]Gyarados||ExpertBelt|Intimidate|Protect,DragonCheer,Waterfall,TemperFlare|Jolly||F|||50|]Kingambit||ChopleBerry|Defiant|Protect,SuckerPunch,KowtowCleave,IronHead|Adamant||M|||50|
|showteam|p2|Milotic||Leftovers|Competitive|IceBeam,Scald,Recover,Protect|Bold||F|||50|]Pelipper||FocusSash|Drizzle|Hurricane,Protect,Tailwind,WeatherBall|Bold||F|||50|]Sylveon||FairyFeather|Pixilate|HyperBeam,Detect,HyperVoice,CalmMind|Modest||F|||50|]Jolteon||LifeOrb|VoltAbsorb|Detect,VoltSwitch,Discharge,QuickAttack|Timid||F|||50|]Sceptile||Sceptilite|Unburden|DragonPulse,EarthPower,GigaDrain,Protect|Modest||F|||50|]Sneasler||WhiteHerb|Unburden|CloseCombat,DireClaw,Protect,FakeOut|Adamant||F|||50|
|inactive|Battle timer is ON: inactive players will automatically lose when time's up. (requested by LorGhez)
|inactive|LorGhez has 60 seconds left.
|inactive|Sora hoshino has 60 seconds left.
|inactive|LorGhez has 30 seconds left.
|inactive|Sora hoshino has 30 seconds left.
|inactive|LorGhez has 20 seconds left.
|inactive|LorGhez has 15 seconds left.
|inactive|LorGhez has 10 seconds left.
|
|t:|1782423671
|teamsize|p1|4
|teamsize|p2|4
|start
|switch|p1a: Sceptile|Sceptile, L50, M|100/100
|switch|p1b: Rotom|Rotom-Wash, L50|100/100
|switch|p2a: Pelipper|Pelipper, L50, F, shiny|100/100
|switch|p2b: Sylveon|Sylveon, L50, F, shiny|100/100
|-weather|RainDance|[from] ability: Drizzle|[of] p2a: Pelipper
|turn|1
|inactive|LorGhez has 30 seconds left.
|inactive|Sora hoshino has 30 seconds left.
|inactive|LorGhez has 20 seconds left.
|inactive|LorGhez has 15 seconds left.
|inactive|LorGhez has 10 seconds left.
|
|t:|1782423719
|detailschange|p1a: Sceptile|Sceptile-Mega, L50, M
|-mega|p1a: Sceptile|Sceptile|Sceptilite
|move|p1b: Rotom|Discharge|p2b: Sylveon|[spread] p2a,p2b
|-ability|p1a: Sceptile|Lightning Rod|boost
|-boost|p1a: Sceptile|spa|1
|-supereffective|p2a: Pelipper|2
|-enditem|p2a: Pelipper|Focus Sash
|-damage|p2a: Pelipper|1/100
|-damage|p2b: Sylveon|83/100
|-status|p2a: Pelipper|par
|move|p1a: Sceptile|Grass Knot|p2a: Pelipper
|-damage|p2a: Pelipper|0 fnt
|faint|p2a: Pelipper
|move|p2b: Sylveon|Calm Mind|p2b: Sylveon
|-boost|p2b: Sylveon|spa|1
|-boost|p2b: Sylveon|spd|1
|
|-weather|RainDance|[upkeep]
|upkeep
|
|t:|1782423733
|switch|p2a: Sceptile|Sceptile, L50, F, shiny|100/100
|turn|2
|inactive|LorGhez has 30 seconds left.
|inactive|LorGhez has 20 seconds left.
|inactive|LorGhez has 15 seconds left.
|
|t:|1782423774
|detailschange|p2a: Sceptile|Sceptile-Mega, L50, F, shiny
|-mega|p2a: Sceptile|Sceptile|Sceptilite
|move|p2a: Sceptile|Protect|p2a: Sceptile
|-singleturn|p2a: Sceptile|Protect
|move|p1b: Rotom|Discharge|p2b: Sylveon|[spread] p2b
|-activate|p2a: Sceptile|move: Protect
|-ability|p1a: Sceptile|Lightning Rod|boost
|-boost|p1a: Sceptile|spa|1
|-crit|p2b: Sylveon
|-damage|p2b: Sylveon|60/100
|-status|p2b: Sylveon|par
|move|p1a: Sceptile|Earth Power|p2b: Sylveon
|-damage|p2b: Sylveon|33/100 par
|-unboost|p2b: Sylveon|spd|1
|cant|p2b: Sylveon|par
|
|-weather|RainDance|[upkeep]
|upkeep
|turn|3
|inactive|LorGhez has 30 seconds left.
|inactive|Sora hoshino has 30 seconds left.
|
|t:|1782423805
|move|p1b: Rotom|Discharge|p2a: Sceptile|[spread] p2b
|-ability|p1a: Sceptile|Lightning Rod|boost
|-boost|p1a: Sceptile|spa|1
|-ability|p2a: Sceptile|Lightning Rod|boost
|-boost|p2a: Sceptile|spa|1
|-damage|p2b: Sylveon|18/100 par
|move|p1a: Sceptile|Dragon Pulse|p2a: Sceptile
|-supereffective|p2a: Sceptile|1
|-damage|p2a: Sceptile|0 fnt
|faint|p2a: Sceptile
|move|p2b: Sylveon|Hyper Beam|p1a: Sceptile
|-supereffective|p1a: Sceptile|1
|-damage|p1a: Sceptile|0 fnt
|-mustrecharge|p2b: Sylveon
|faint|p1a: Sceptile
|
|-weather|RainDance|[upkeep]
|upkeep
|
|t:|1782423822
|switch|p1a: Tinkaton|Tinkaton, L50, F|100/100
|switch|p2a: Milotic|Milotic, L50, F, shiny|100/100
|-ability|p1a: Tinkaton|Mold Breaker
|turn|4
|inactive|LorGhez has 30 seconds left.
|inactive|LorGhez has 20 seconds left.
|inactive|LorGhez has 15 seconds left.
|inactive|LorGhez has 10 seconds left.
|
|t:|1782423872
|move|p2a: Milotic|Protect|p2a: Milotic
|-singleturn|p2a: Milotic|Protect
|move|p1a: Tinkaton|Fake Out|p2a: Milotic
|-activate|p2a: Milotic|move: Protect
|move|p1b: Rotom|Discharge|p2a: Milotic|[spread] p1a,p2b
|-activate|p2a: Milotic|move: Protect
|-damage|p1a: Tinkaton|77/100
|-damage|p2b: Sylveon|2/100 par
|cant|p2b: Sylveon|recharge
|
|-weather|RainDance|[upkeep]
|upkeep
|turn|5
|
|t:|1782423889
|move|p1b: Rotom|Discharge|p2b: Sylveon|[spread] p1a,p2a,p2b
|-supereffective|p2a: Milotic|1
|-damage|p1a: Tinkaton|55/100
|-damage|p2a: Milotic|67/100
|-damage|p2b: Sylveon|0 fnt
|faint|p2b: Sylveon
|move|p1a: Tinkaton|Gigaton Hammer|p2a: Milotic
|-resisted|p2a: Milotic|1
|-damage|p2a: Milotic|45/100
|move|p2a: Milotic|Scald|p1b: Rotom
|-resisted|p1b: Rotom|1
|-damage|p1b: Rotom|78/100
|
|-weather|none
|-heal|p2a: Milotic|50/100g|[from] item: Leftovers
|upkeep
|turn|6
|
|t:|1782423903
|move|p2a: Milotic|Protect|p2a: Milotic
|-singleturn|p2a: Milotic|Protect
|move|p1b: Rotom|Discharge|p2a: Milotic|[spread] p1a
|-activate|p2a: Milotic|move: Protect
|-damage|p1a: Tinkaton|31/100
|move|p1a: Tinkaton|Play Rough|p2a: Milotic
|-activate|p2a: Milotic|move: Protect
|
|-heal|p2a: Milotic|56/100|[from] item: Leftovers
|upkeep
|turn|7
|
|t:|1782423914
|move|p1b: Rotom|Discharge|p2a: Milotic|[spread] p1a,p2a
|-supereffective|p2a: Milotic|1
|-damage|p1a: Tinkaton|9/100
|-damage|p2a: Milotic|24/100
|-status|p2a: Milotic|par
|move|p1a: Tinkaton|Play Rough|p2a: Milotic
|-damage|p2a: Milotic|0 fnt
|faint|p2a: Milotic
|
|win|LorGhez
||Sora hoshino is ready for game 2.
|l|‽Sora hoshino
|player|p2|
|inactive|LorGhez has 30 seconds to confirm battle start!
||LorGhez is ready for game 2.
|uhtml|next|Next: Game 2 of 3
