|j|☆ToastedArt
|j|☆BarqsGotBite
|html|ToastedArtBarqsGotBite    
|uhtml|bestof|Game 1 of a best-of-3
|t:|1784334694
|gametype|doubles
|player|p1|ToastedArt|iris|1030
|player|p2|BarqsGotBite|ethan|1116
|gen|9
|tier|[Gen 9 Champions] VGC 2026 Reg M-B (Bo3)
|rated|
|rule|Species Clause: Limit one of each Pokémon
|rule|Item Clause: Limit 1 of each item
|clearpoke
|poke|p1|Sinistcha, L50|
|poke|p1|Sneasler, L50, M|
|poke|p1|Hydreigon, L50, M|
|poke|p1|Gholdengo, L50|
|poke|p1|Falinks, L50, shiny|
|poke|p1|Incineroar, L50, F|
|poke|p2|Froslass, L50, F|
|poke|p2|Tyranitar, L50, F|
|poke|p2|Excadrill, L50, M|
|poke|p2|Ariados, L50, M|
|poke|p2|Sableye, L50, F|
|poke|p2|Raichu, L50, M|
|teampreview|4
|showteam|p1|Sinistcha||ColburBerry|Hospitality|MatchaGotcha,Imprison,RagePowder,TrickRoom|Calm|||||50|]Sneasler||FocusSash|PoisonTouch|CloseCombat,FakeOut,PoisonJab,QuickGuard|Jolly||M|||50|]Hydreigon||ChoiceScarf|Levitate|DarkPulse,DracoMeteor,EarthPower,Snarl|Modest||M|||50|]Gholdengo||LifeOrb|GoodasGold|MakeItRain,ShadowBall,NastyPlot,Protect|Modest|||||50|]Falinks||Falinksite|Defiant|NoRetreat,SwordsDance,CloseCombat,Protect|Adamant|||||50|]Incineroar||SitrusBerry|Intimidate|FlareBlitz,DarkestLariat,FakeOut,PartingShot|Careful||F|||50|
|showteam|p2|Froslass||Froslassite|CursedBody|Blizzard,ShadowBall,NastyPlot,Protect|Timid||F|||50|]Tyranitar||ChopleBerry|SandStream|RockSlide,Crunch,DragonDance,Protect|Adamant||F|||50|]Excadrill||LifeOrb|SandRush|IronHead,RockSlide,HighHorsepower,ThroatChop|Adamant||M|||50|]Ariados||FocusSash|Insomnia|NightShade,ToxicThread,Protect,RagePowder|Calm||M|||50|]Sableye||MentalHerb|Prankster|FoulPlay,Quash,Taunt,WillOWisp|Careful||F|||50|]Raichu||RaichuniteY|LightningRod|ZapCannon,FocusBlast,FakeOut,Protect|Hasty||M|||50|
|inactive|Battle timer is ON: inactive players will automatically lose when time's up. (requested by ToastedArt)
|inactive|ToastedArt has 60 seconds left.
|
|t:|1784334742
|teamsize|p1|4
|teamsize|p2|4
|start
|switch|p1a: Incineroar|Incineroar, L50, F|100/100
|switch|p1b: Gholdengo|Gholdengo, L50|100/100
|switch|p2a: Sableye|Sableye, L50, F|100/100
|switch|p2b: Froslass|Froslass, L50, F|100/100
|-ability|p1a: Incineroar|Intimidate|boost
|-unboost|p2a: Sableye|atk|1
|-unboost|p2b: Froslass|atk|1
|turn|1
|inactive|BarqsGotBite has 30 seconds left.
|inactive|BarqsGotBite has 20 seconds left.
|
|t:|1784334780
|detailschange|p2b: Froslass|Froslass-Mega, L50, F
|-mega|p2b: Froslass|Froslass|Froslassite
|-weather|Snowscape|[from] ability: Snow Warning|[of] p2b: Froslass
|move|p2b: Froslass|Protect|p2b: Froslass
|-singleturn|p2b: Froslass|Protect
|move|p1b: Gholdengo|Nasty Plot|p1b: Gholdengo
|-boost|p1b: Gholdengo|spa|2
|move|p1a: Incineroar|Parting Shot|p2b: Froslass
|-activate|p2b: Froslass|move: Protect
|move|p2a: Sableye|Foul Play|p1a: Incineroar
|-resisted|p1a: Incineroar|1
|-damage|p1a: Incineroar|84/100
|
|-weather|Snowscape|[upkeep]
|upkeep
|turn|2
|
|t:|1784334803
|switch|p2b: Tyranitar|Tyranitar, L50, F|100/100
|-weather|Sandstorm|[from] ability: Sand Stream|[of] p2b: Tyranitar
|move|p1b: Gholdengo|Shadow Ball|p2b: Tyranitar
|-resisted|p2b: Tyranitar|1
|-damage|p2b: Tyranitar|56/100
|-damage|p1b: Gholdengo|90/100|[from] item: Life Orb
|move|p1a: Incineroar|Parting Shot|p2b: Tyranitar
|-unboost|p2b: Tyranitar|atk|1
|-unboost|p2b: Tyranitar|spa|1
|
|t:|1784334819
|switch|p1a: Falinks|Falinks, L50, shiny|100/100|[from] Parting Shot
|move|p2a: Sableye|Foul Play|p1b: Gholdengo
|-supereffective|p1b: Gholdengo|1
|-damage|p1b: Gholdengo|45/100
|
|-weather|Sandstorm|[upkeep]
|-damage|p1a: Falinks|94/100|[from] Sandstorm
|-damage|p2a: Sableye|94/100|[from] Sandstorm
|upkeep
|turn|3
|
|t:|1784334841
|detailschange|p1a: Falinks|Falinks-Mega, L50, shiny
|-mega|p1a: Falinks|Falinks|Falinksite
|move|p2a: Sableye|Taunt|p1a: Falinks
|-start|p1a: Falinks|move: Taunt
|move|p1b: Gholdengo|Shadow Ball|p2a: Sableye
|-damage|p2a: Sableye|0 fnt
|faint|p2a: Sableye
|-damage|p1b: Gholdengo|35/100|[from] item: Life Orb
|cant|p1a: Falinks|move: Taunt|No Retreat
|move|p2b: Tyranitar|Crunch|p1b: Gholdengo
|-supereffective|p1b: Gholdengo|1
|-damage|p1b: Gholdengo|0 fnt
|faint|p1b: Gholdengo
|
|-weather|Sandstorm|[upkeep]
|-damage|p1a: Falinks|88/100|[from] Sandstorm
|upkeep
|
|t:|1784334861
|switch|p1b: Sinistcha|Sinistcha, L50|100/100
|switch|p2a: Ariados|Ariados, L50, M|100/100
|-heal|p1a: Falinks|100/100|[from] ability: Hospitality|[of] p1b: Sinistcha
|turn|4
|
|t:|1784334875
|switch|p1a: Incineroar|Incineroar, L50, F|84/100
|-ability|p1a: Incineroar|Intimidate|boost
|-unboost|p2a: Ariados|atk|1
|-unboost|p2b: Tyranitar|atk|1
|switch|p2b: Froslass|Froslass-Mega, L50, F|100/100
|-weather|Snowscape|[from] ability: Snow Warning|[of] p2b: Froslass
|move|p1b: Sinistcha|Matcha Gotcha|p2a: Ariados|[spread] p2a,p2b
|-resisted|p2a: Ariados|2
|-damage|p2a: Ariados|94/100
|-damage|p2b: Froslass|68/100
|-status|p2b: Froslass|brn
|move|p2a: Ariados|Toxic Thread|p1a: Incineroar
|-unboost|p1a: Incineroar|spe|2
|-status|p1a: Incineroar|psn
|
|-weather|Snowscape|[upkeep]
|-damage|p1a: Incineroar|72/100 psn|[from] psn
|-damage|p2b: Froslass|62/100 brn|[from] brn
|upkeep
|turn|5
|inactive|ToastedArt has 30 seconds left.
|inactive|BarqsGotBite has 30 seconds left.
|inactive|BarqsGotBite has 20 seconds left.
|l|☆BarqsGotBite
|inactive|BarqsGotBite disconnected and has a minute to reconnect!
|player|p2|
|inactive|BarqsGotBite has 15 seconds left.
|inactive|BarqsGotBite has 10 seconds left.
|inactive|BarqsGotBite has 5 seconds left.
|-message|BarqsGotBite lost due to inactivity.
|
|win|ToastedArt
