|j|☆zaharba
|j|☆thebeast4895
|html|zaharbathebeast4895    
|uhtml|bestof|Game 1 of a best-of-3
|t:|1783453254
|gametype|doubles
|player|p1|zaharba|265|1133
|player|p2|thebeast4895|2|1231
|gen|9
|tier|[Gen 9 Champions] VGC 2026 Reg M-B (Bo3)
|rated|
|rule|Species Clause: Limit one of each Pokémon
|rule|Item Clause: Limit 1 of each item
|clearpoke
|poke|p1|Raichu, L50, M, shiny|
|poke|p1|Vivillon, L50, M|
|poke|p1|Ninetales-Alola, L50, F, shiny|
|poke|p1|Tyranitar, L50, M|
|poke|p1|Basculegion-F, L50, F|
|poke|p1|Talonflame, L50, M|
|poke|p2|Tsareena, L50, F, shiny|
|poke|p2|Kingambit, L50, F, shiny|
|poke|p2|Delphox, L50, M, shiny|
|poke|p2|Raichu, L50, F|
|poke|p2|Incineroar, L50, F|
|poke|p2|Maushold-Four, L50|
|teampreview|4
|showteam|p1|Raichu||RaichuniteY|LightningRod|FocusBlast,ZapCannon,UpperHand,FakeOut|Timid||M|||50|]Vivillon||ChoiceScarf|CompoundEyes|SleepPowder,RagePowder,Hurricane,Tailwind|Timid||M|||50|]Ninetales-Alola||NeverMeltIce|SnowWarning|Protect,FreezeDry,Blizzard,Encore|Timid||F|||50|]Tyranitar||FocusSash|SandStream|RockSlide,HighHorsepower,Protect,DragonDance|Jolly||M|||50|]Basculegion-F||SpellTag|Adaptability|Protect,Hex,HydroPump,MuddyWater|Modest||F|||50|]Talonflame||LifeOrb|GaleWings|Whirlwind,BraveBird,Overheat,Tailwind|Naive||M|||50|
|showteam|p2|Tsareena||WideLens|QueenlyMajesty|Protect,TripleAxel,LowKick,TropKick|Adamant||F|||50|]Kingambit||FocusSash|Defiant|LowKick,IronHead,KowtowCleave,SuckerPunch|Adamant||F|||50|]Delphox||Delphoxite|Blaze|Protect,NastyPlot,HeatWave,Psychic|Timid||M|||50|]Raichu||RaichuniteY|LightningRod|FakeOut,ZapCannon,FocusBlast,Protect|Modest||F|||50|]Incineroar||SitrusBerry|Intimidate|FakeOut,FlareBlitz,DarkestLariat,PartingShot|Adamant||F|||50|]Maushold-Four||ChopleBerry|FriendGuard|Protect,FollowMe,Taunt,Feint|Jolly|||||50|
|inactive|Battle timer is ON: inactive players will automatically lose when time's up. (requested by zaharba)
|inactive|zaharba has 60 seconds left.
|inactive|thebeast4895 has 60 seconds left.
|
|t:|1783453302
|teamsize|p1|4
|teamsize|p2|4
|start
|switch|p1a: Raichu|Raichu, L50, M, shiny|100/100
|switch|p1b: Talonflame|Talonflame, L50, M|100/100
|switch|p2a: Delphox|Delphox, L50, M, shiny|100/100
|switch|p2b: Kingambit|Kingambit, L50, F, shiny|100/100
|turn|1
|inactive|zaharba has 30 seconds left.
|inactive|thebeast4895 has 30 seconds left.
|
|t:|1783453336
|detailschange|p2a: Delphox|Delphox-Mega, L50, M, shiny
|-mega|p2a: Delphox|Delphox|Delphoxite
|move|p1a: Raichu|Fake Out|p2b: Kingambit
|-resisted|p2b: Kingambit|1
|-damage|p2b: Kingambit|96/100
|move|p2a: Delphox|Heat Wave|p1b: Talonflame|[spread] p1a
|-miss|p2a: Delphox|p1b: Talonflame
|-damage|p1a: Raichu|33/100
|-status|p1a: Raichu|brn
|move|p1b: Talonflame|Overheat|p2b: Kingambit
|-supereffective|p2b: Kingambit|1
|-damage|p2b: Kingambit|0 fnt
|-unboost|p1b: Talonflame|spa|2
|faint|p2b: Kingambit
|-damage|p1b: Talonflame|90/100|[from] item: Life Orb
|
|-damage|p1a: Raichu|27/100 brn|[from] brn
|upkeep
|
|t:|1783453349
|switch|p2b: Incineroar|Incineroar, L50, F|100/100
|-ability|p2b: Incineroar|Intimidate|boost
|-unboost|p1a: Raichu|atk|1
|-unboost|p1b: Talonflame|atk|1
|turn|2
|
|t:|1783453371
|switch|p1a: Tyranitar|Tyranitar, L50, M|100/100
|-weather|Sandstorm|[from] ability: Sand Stream|[of] p1a: Tyranitar
|move|p2b: Incineroar|Fake Out|p1a: Tyranitar
|-resisted|p1a: Tyranitar|1
|-damage|p1a: Tyranitar|94/100
|move|p2a: Delphox|Psychic|p1b: Talonflame
|-damage|p1b: Talonflame|3/100
|move|p1b: Talonflame|Tailwind|p1b: Talonflame
|-sidestart|p1: zaharba|move: Tailwind
|
|-weather|Sandstorm|[upkeep]
|-damage|p1b: Talonflame|0 fnt|[from] Sandstorm
|-damage|p2a: Delphox|94/100|[from] Sandstorm
|-damage|p2b: Incineroar|94/100|[from] Sandstorm
|faint|p1b: Talonflame
|upkeep
|
|t:|1783453388
|switch|p1b: Basculegion|Basculegion-F, L50, F|100/100
|turn|3
|
|t:|1783453404
|switch|p2a: Tsareena|Tsareena, L50, F, shiny|100/100
|move|p1a: Tyranitar|Rock Slide|p2a: Tsareena|[spread] p2a,p2b
|-supereffective|p2b: Incineroar|1
|-damage|p2a: Tsareena|69/100
|-damage|p2b: Incineroar|42/100
|-enditem|p2b: Incineroar|Sitrus Berry|[eat]
|-heal|p2b: Incineroar|67/100|[from] item: Sitrus Berry
|move|p1b: Basculegion|Muddy Water|p2a: Tsareena|[spread] p2a,p2b
|-resisted|p2a: Tsareena|1
|-supereffective|p2b: Incineroar|1
|-crit|p2b: Incineroar
|-damage|p2a: Tsareena|45/100
|-damage|p2b: Incineroar|0 fnt
|faint|p2b: Incineroar
|
|-weather|Sandstorm|[upkeep]
|-damage|p1b: Basculegion|93/100|[from] Sandstorm
|-damage|p2a: Tsareena|40/100|[from] Sandstorm
|upkeep
|
|t:|1783453414
|switch|p2b: Delphox|Delphox-Mega, L50, M, shiny|94/100
|turn|4
|
|t:|1783453435
|move|p2b: Delphox|Protect|p2b: Delphox
|-singleturn|p2b: Delphox|Protect
|move|p1a: Tyranitar|Dragon Dance|p1a: Tyranitar
|-boost|p1a: Tyranitar|atk|1
|-boost|p1a: Tyranitar|spe|1
|move|p1b: Basculegion|Hex|p2a: Tsareena
|-damage|p2a: Tsareena|0 fnt
|faint|p2a: Tsareena
|
|-weather|Sandstorm|[upkeep]
|-damage|p1b: Basculegion|87/100|[from] Sandstorm
|-damage|p2b: Delphox|88/100|[from] Sandstorm
|upkeep
|turn|5
|-message|thebeast4895 forfeited.
|
|win|zaharba
|raw|zaharba's rating: 1133 → 1165(+32 for winning)
|raw|thebeast4895's rating: 1231 → 1199(-32 for losing)
