|j|☆memergg
|j|☆yjjkjyui
|html|memerggyjjkjyui    
|uhtml|bestof|Game 2 of a best-of-3
|t:|1782286273
|gametype|doubles
|player|p1|memergg|ghetsis|1031
|player|p2|yjjkjyui|101|1000
|gen|9
|tier|[Gen 9 Champions] VGC 2026 Reg M-B (Bo3)
|rated|
|rule|Species Clause: Limit one of each Pokémon
|rule|Item Clause: Limit 1 of each item
|clearpoke
|poke|p1|Whimsicott, L50, F, shiny|
|poke|p1|Floette-Eternal, L50, F|
|poke|p1|Charizard, L50, M, shiny|
|poke|p1|Garchomp, L50, M, shiny|
|poke|p1|Kingambit, L50, F, shiny|
|poke|p1|Basculegion, L50, M|
|poke|p2|Starmie, L50|
|poke|p2|Pelipper, L50, F|
|poke|p2|Swampert, L50, F|
|poke|p2|Whimsicott, L50, M|
|poke|p2|Sneasler, L50, M|
|poke|p2|Archaludon, L50, M|
|teampreview|4
|showteam|p1|Whimsicott||FocusSash|Prankster|Protect,Moonblast,Encore,Tailwind|Timid||F|||50|]Floette-Eternal||Floettite|FlowerVeil|Protect,Moonblast,DazzlingGleam,LightofRuin|Timid||F|||50|]Charizard||CharizarditeY|Blaze|Protect,WeatherBall,HeatWave,SolarBeam|Modest||M|||50|]Garchomp||LifeOrb|RoughSkin|Protect,Earthquake,DragonClaw,RockSlide|Jolly||M|||50|]Kingambit||BlackGlasses|Defiant|Protect,SuckerPunch,KowtowCleave,LowKick|Adamant||F|||50|]Basculegion||MysticWater|Adaptability|Protect,WaveCrash,LastRespects,AquaJet|Adamant||M|||50|
|showteam|p2|Starmie||Starminite|NaturalCure|AquaJet,ZenHeadbutt,IceSpinner,PowerGem|Hasty|||||50|]Pelipper||FocusSash|Drizzle|Hurricane,HydroPump,Protect,Tailwind|Bold||F|||50|]Swampert||Swampertite|Damp|Earthquake,WaveCrash,IcePunch,Protect|Adamant||F|||50|]Whimsicott||Leftovers|Prankster|Tailwind,Protect,EnergyBall,DazzlingGleam|Bold||M|||50|]Sneasler||ExpertBelt|PoisonTouch|FakeOut,CloseCombat,DireClaw,Protect|Jolly||M|||50|]Archaludon||SitrusBerry|Stamina|ElectroShot,FlashCannon,AuraSphere,DracoMeteor|Modest||M|||50|
|inactive|Battle timer is ON: inactive players will automatically lose when time's up. (requested by yjjkjyui)
|
|t:|1782286301
|teamsize|p1|4
|teamsize|p2|4
|start
|switch|p1a: Charizard|Charizard, L50, M, shiny|100/100
|switch|p1b: Whimsicott|Whimsicott, L50, F, shiny|100/100
|switch|p2a: Pelipper|Pelipper, L50, F|100/100
|switch|p2b: Swampert|Swampert, L50, F|100/100
|-weather|RainDance|[from] ability: Drizzle|[of] p2a: Pelipper
|turn|1
|inactive|yjjkjyui has 30 seconds left.
|
|t:|1782286330
|switch|p2b: Sneasler|Sneasler, L50, M|100/100
|detailschange|p1a: Charizard|Charizard-Mega-Y, L50, M, shiny
|-mega|p1a: Charizard|Charizard|Charizardite Y
|-weather|SunnyDay|[from] ability: Drought|[of] p1a: Charizard
|move|p1b: Whimsicott|Tailwind|p1b: Whimsicott
|-sidestart|p1: memergg|move: Tailwind
|move|p1a: Charizard|Heat Wave|p2b: Sneasler|[spread] p2a,p2b
|-resisted|p2a: Pelipper|1
|-damage|p2a: Pelipper|53/100
|-damage|p2b: Sneasler|15/100
|-status|p2b: Sneasler|brn
|move|p2a: Pelipper|Tailwind|p2a: Pelipper
|-sidestart|p2: yjjkjyui|move: Tailwind
|
|-weather|SunnyDay|[upkeep]
|-damage|p2b: Sneasler|10/100 brn|[from] brn
|upkeep
|turn|2
|inactive|memergg has 30 seconds left.
|
|t:|1782286356
|switch|p2a: Archaludon|Archaludon, L50, M|100/100
|move|p1b: Whimsicott|Encore||[still]
|-fail|p1b: Whimsicott
|move|p2b: Sneasler|Dire Claw|p1b: Whimsicott
|-supereffective|p1b: Whimsicott|2
|-enditem|p1b: Whimsicott|Focus Sash
|-damage|p1b: Whimsicott|1/100
|-status|p1b: Whimsicott|psn
|move|p1a: Charizard|Weather Ball|p2a: Archaludon
|-damage|p2a: Archaludon|0 fnt
|faint|p2a: Archaludon
|
|-weather|SunnyDay|[upkeep]
|-damage|p1b: Whimsicott|0 fnt|[from] psn
|faint|p1b: Whimsicott
|-damage|p2b: Sneasler|4/100 brn|[from] brn
|upkeep
|
|t:|1782286377
|switch|p1b: Basculegion|Basculegion, L50, M|100/100
|switch|p2a: Pelipper|Pelipper, L50, F|53/100
|-weather|RainDance|[from] ability: Drizzle|[of] p2a: Pelipper
|turn|3
|inactive|yjjkjyui has 30 seconds left.
|
|t:|1782286408
|switch|p1a: Kingambit|Kingambit, L50, F, shiny|100/100
|move|p1b: Basculegion|Aqua Jet|p2b: Sneasler
|-damage|p2b: Sneasler|0 fnt
|faint|p2b: Sneasler
|move|p2a: Pelipper|Hurricane|p1b: Basculegion
|-damage|p1b: Basculegion|54/100
|
|-weather|RainDance|[upkeep]
|upkeep
|
|t:|1782286413
|switch|p2b: Swampert|Swampert, L50, F|100/100
|turn|4
|
|t:|1782286424
|detailschange|p2b: Swampert|Swampert-Mega, L50, F
|-mega|p2b: Swampert|Swampert|Swampertite
|move|p1a: Kingambit|Sucker Punch|p2a: Pelipper
|-damage|p2a: Pelipper|16/100
|move|p2b: Swampert|Earthquake|p1a: Kingambit|[spread] p1a,p1b
|-immune|p2a: Pelipper
|-supereffective|p1a: Kingambit|1
|-damage|p1a: Kingambit|29/100
|-damage|p1b: Basculegion|6/100
|move|p1b: Basculegion|Wave Crash|p2b: Swampert
|-damage|p2b: Swampert|0 fnt
|faint|p2b: Swampert
|-damage|p1b: Basculegion|0 fnt|[from] Recoil
|faint|p1b: Basculegion
|move|p2a: Pelipper|Hurricane|p1a: Kingambit
|-resisted|p1a: Kingambit|1
|-damage|p1a: Kingambit|11/100
|
|-weather|RainDance|[upkeep]
|-sideend|p2: yjjkjyui|move: Tailwind
|-sideend|p1: memergg|move: Tailwind
|upkeep
|
|t:|1782286440
|switch|p1b: Charizard|Charizard-Mega-Y, L50, M, shiny|100/100
|-weather|SunnyDay|[from] ability: Drought|[of] p1b: Charizard
|turn|5
|
|t:|1782286447
|move|p1a: Kingambit|Sucker Punch|p2a: Pelipper
|-damage|p2a: Pelipper|0 fnt
|faint|p2a: Pelipper
|
|win|memergg
||memergg is ready for game 3.
||yjjkjyui is ready for game 3.
|uhtml|next|Next: Game 3 of 3
