|j|☆Olciax34
|j|☆RouletteRegional
|html|Olciax34RouletteRegional    
|uhtml|bestof|Game 1 of a best-of-3
|t:|1784925211
|gametype|doubles
|player|p1|Olciax34|169|1327
|player|p2|RouletteRegional|lance|1446
|gen|9
|tier|[Gen 9 Champions] VGC 2026 Reg M-B (Bo3)
|rated|
|rule|Species Clause: Limit one of each Pokémon
|rule|Item Clause: Limit 1 of each item
|clearpoke
|poke|p1|Charizard, L50, F|
|poke|p1|Whimsicott, L50, F|
|poke|p1|Garchomp, L50, M|
|poke|p1|Basculegion, L50, M|
|poke|p1|Sylveon, L50, F|
|poke|p1|Metagross, L50|
|poke|p2|Gengar, L50, M|
|poke|p2|Swampert, L50, M|
|poke|p2|Archaludon, L50, M|
|poke|p2|Politoed, L50, F|
|poke|p2|Incineroar, L50, F|
|poke|p2|Vivillon-Fancy, L50, M|
|teampreview|4
|showteam|p1|Charizard||CharizarditeY|SolarPower|HeatWave,WeatherBall,SolarBeam,Protect|Modest||F|||50|]Whimsicott||FocusSash|Prankster|Moonblast,Tailwind,Encore,Protect|Timid||F|||50|]Garchomp||LifeOrb|RoughSkin|Earthquake,DragonClaw,RockSlide,Protect|Jolly||M|||50|]Basculegion||ChoiceScarf|Adaptability|WaveCrash,FlipTurn,LastRespects,AquaJet|Jolly||M|||50|]Sylveon||FairyFeather|Pixilate|HyperVoice,Yawn,HyperBeam,Protect|Modest||F|||50|]Metagross||Metagrossite|ClearBody|IronHead,PsychicFangs,BodyPress,Protect|Jolly|||||50|
|showteam|p2|Gengar||Gengarite|CursedBody|ShadowBall,SludgeBomb,PerishSong,Protect|Modest||M|||50|]Swampert||Swampertite|Torrent|WaveCrash,Earthquake,IcePunch,Protect|Adamant||M|||50|]Archaludon||Leftovers|Stamina|ElectroShot,DragonPulse,FlashCannon,Protect|Bold||M|||50|]Politoed||SitrusBerry|Drizzle|WeatherBall,Hypnosis,PerishSong,Protect|Calm||F|||50|]Incineroar||PasshoBerry|Intimidate|ThroatChop,FakeOut,PartingShot,Protect|Impish||F|||50|]Vivillon-Fancy||FocusSash|CompoundEyes|Hurricane,SleepPowder,RagePowder,Protect|Timid||M|||50|
|inactive|Battle timer is ON: inactive players will automatically lose when time's up. (requested by Olciax34)
|inactive|Olciax34 has 60 seconds left.
|inactive|RouletteRegional has 60 seconds left.
|
|t:|1784925252
|teamsize|p1|4
|teamsize|p2|4
|start
|switch|p1a: Metagross|Metagross, L50|100/100
|switch|p1b: Basculegion|Basculegion, L50, M|100/100
|switch|p2a: Gengar|Gengar, L50, M|100/100
|switch|p2b: Incineroar|Incineroar, L50, F|100/100
|-ability|p2b: Incineroar|Intimidate|boost
|-fail|p1a: Metagross|unboost|[from] ability: Clear Body|[of] p1a: Metagross
|-unboost|p1b: Basculegion|atk|1
|turn|1
|inactive|Olciax34 has 30 seconds left.
|inactive|Olciax34 has 20 seconds left.
|inactive|Olciax34 has 15 seconds left.
|inactive|Olciax34 has 10 seconds left.
|
|t:|1784925302
|detailschange|p2a: Gengar|Gengar-Mega, L50, M
|-mega|p2a: Gengar|Gengar|Gengarite
|detailschange|p1a: Metagross|Metagross-Mega, L50
|-mega|p1a: Metagross|Metagross|Metagrossite
|move|p2b: Incineroar|Fake Out|p1a: Metagross
|-resisted|p1a: Metagross|1
|-damage|p1a: Metagross|95/100
|move|p1b: Basculegion|Flip Turn|p2b: Incineroar
|-supereffective|p2b: Incineroar|1
|-enditem|p2b: Incineroar|Passho Berry|[eat]
|-enditem|p2b: Incineroar|Passho Berry|[weaken]
|-damage|p2b: Incineroar|80/100
|
|t:|1784925314
|switch|p1b: Whimsicott|Whimsicott, L50, F|100/100|[from] Flip Turn
|cant|p1a: Metagross|flinch
|move|p2a: Gengar|Perish Song|p2a: Gengar
|-start|p1a: Metagross|perish3|[silent]
|-start|p1b: Whimsicott|perish3|[silent]
|-start|p2a: Gengar|perish3|[silent]
|-start|p2b: Incineroar|perish3|[silent]
|-fieldactivate|move: Perish Song
|
|-start|p1b: Whimsicott|perish3
|-start|p1a: Metagross|perish3
|-start|p2a: Gengar|perish3
|-start|p2b: Incineroar|perish3
|upkeep
|turn|2
|
|t:|1784925332
|move|p2a: Gengar|Protect|p2a: Gengar
|-singleturn|p2a: Gengar|Protect
|move|p2b: Incineroar|Protect|p2b: Incineroar
|-singleturn|p2b: Incineroar|Protect
|move|p1b: Whimsicott|Moonblast|p2b: Incineroar
|-activate|p2b: Incineroar|move: Protect
|move|p1a: Metagross|Body Press|p2b: Incineroar
|-activate|p2b: Incineroar|move: Protect
|
|-start|p1b: Whimsicott|perish2
|-start|p1a: Metagross|perish2
|-start|p2a: Gengar|perish2
|-start|p2b: Incineroar|perish2
|upkeep
|turn|3
|inactive|Olciax34 has 30 seconds left.
|
|t:|1784925364
|switch|p2a: Politoed|Politoed, L50, F|100/100
|-weather|RainDance|[from] ability: Drizzle|[of] p2a: Politoed
|move|p1b: Whimsicott|Moonblast|p2b: Incineroar
|-damage|p2b: Incineroar|53/100
|move|p1a: Metagross|Body Press|p2b: Incineroar
|-supereffective|p2b: Incineroar|1
|-damage|p2b: Incineroar|0 fnt
|faint|p2b: Incineroar
|
|-weather|RainDance|[upkeep]
|-start|p1b: Whimsicott|perish1
|-start|p1a: Metagross|perish1
|upkeep
|
|t:|1784925372
|switch|p2b: Gengar|Gengar-Mega, L50, M|100/100
|turn|4
|
|t:|1784925380
|switch|p2a: Archaludon|Archaludon, L50, M|100/100
|move|p2b: Gengar|Protect|p2b: Gengar
|-singleturn|p2b: Gengar|Protect
|move|p1b: Whimsicott|Tailwind|p1b: Whimsicott
|-sidestart|p1: Olciax34|move: Tailwind
|move|p1a: Metagross|Psychic Fangs|p2b: Gengar
|-activate|p2b: Gengar|move: Protect
|
|-weather|RainDance|[upkeep]
|-start|p1b: Whimsicott|perish0
|-start|p1a: Metagross|perish0
|faint|p1b: Whimsicott
|faint|p1a: Metagross
|upkeep
|
|t:|1784925390
|switch|p1b: Garchomp|Garchomp, L50, M|100/100
|switch|p1a: Basculegion|Basculegion, L50, M|100/100
|turn|5
|
|t:|1784925408
|move|p1a: Basculegion|Last Respects|p2a: Archaludon
|-damage|p2a: Archaludon|38/100
|-ability|p2a: Archaludon|Stamina|boost
|-boost|p2a: Archaludon|def|1
|move|p1b: Garchomp|Earthquake|p2b: Gengar|[spread] p1a,p2a,p2b
|-supereffective|p2a: Archaludon|1
|-supereffective|p2b: Gengar|1
|-damage|p1a: Basculegion|32/100
|-damage|p2a: Archaludon|0 fnt
|-damage|p2b: Gengar|0 fnt
|faint|p2a: Archaludon
|faint|p2b: Gengar
|-damage|p1b: Garchomp|90/100|[from] item: Life Orb
|
|-weather|RainDance|[upkeep]
|upkeep
|-message|RouletteRegional forfeited.
|
|win|Olciax34
