|j|☆RevenClop
|j|☆GS Barnabe
|html|RevenClopGS Barnabe    
|uhtml|bestof|Game 2 of a best-of-3
|t:|1786151986
|gametype|doubles
|player|p1|RevenClop|gentleman-gen4|1221
|player|p2|GS Barnabe|2|1197
|gen|9
|tier|[Gen 9 Champions] VGC 2026 Reg M-B (Bo3)
|rated|
|rule|Species Clause: Limit one of each Pokémon
|rule|Item Clause: Limit 1 of each item
|clearpoke
|poke|p1|Charizard, L50, F, shiny|
|poke|p1|Aerodactyl, L50, M, shiny|
|poke|p1|Kingambit, L50, F|
|poke|p1|Garchomp, L50, F, shiny|
|poke|p1|Sylveon, L50, F, shiny|
|poke|p1|Farigiraf, L50, F, shiny|
|poke|p2|Clefable, L50, M|
|poke|p2|Tyranitar, L50, F|
|poke|p2|Garchomp, L50, F|
|poke|p2|Gholdengo, L50|
|poke|p2|Talonflame, L50, M|
|poke|p2|Venusaur, L50, F|
|teampreview|4
|showteam|p1|Charizard||CharizarditeY|Blaze|HeatWave,SolarBeam,WeatherBall,Protect|Modest||F|||50|]Aerodactyl||Aerodactylite|Unnerve|RockSlide,DualWingbeat,Tailwind,IceFang|Jolly||M|||50|]Kingambit||FocusSash|Defiant|KowtowCleave,IronHead,SuckerPunch,LowKick|Adamant||F|||50|]Garchomp||LifeOrb|RoughSkin|DragonClaw,Earthquake,StompingTantrum,Protect|Jolly||F|||50|]Sylveon||FairyFeather|Pixilate|Detect,HyperBeam,QuickAttack,HyperVoice|Modest||F|||50|]Farigiraf||SitrusBerry|ArmorTail|Thunderbolt,PsychicFangs,TrickRoom,SunnyDay|Relaxed||F|||50|
|showteam|p2|Clefable||SitrusBerry|Unaware|Moonblast,FollowMe,IcyWind,Protect|Bold||M|||50|]Tyranitar||ChoiceScarf|SandStream|RockSlide,KnockOff,IcePunch,LowKick|Jolly||F|||50|]Garchomp||Garchompite|SandVeil|DracoMeteor,EarthPower,PowerGem,Protect|Modest||F|||50|]Gholdengo||LifeOrb|GoodasGold|MakeItRain,ShadowBall,NastyPlot,Protect|Modest|||||50|]Talonflame||Charcoal|GaleWings|FlareBlitz,DualWingbeat,Tailwind,Protect|Adamant||M|||50|]Venusaur||Venusaurite|Overgrow|GigaDrain,SludgeBomb,EarthPower,Protect|Modest||F|||50|
|inactive|Battle timer is ON: inactive players will automatically lose when time's up. (requested by GS Barnabe)
|
|t:|1786151996
|teamsize|p1|4
|teamsize|p2|4
|start
|switch|p1a: Charizard|Charizard, L50, F, shiny|100/100
|switch|p1b: Aerodactyl|Aerodactyl, L50, M, shiny|100/100
|switch|p2a: Garchomp|Garchomp, L50, F|100/100
|switch|p2b: Tyranitar|Tyranitar, L50, F|100/100
|-ability|p1b: Aerodactyl|Unnerve
|-weather|Sandstorm|[from] ability: Sand Stream|[of] p2b: Tyranitar
|turn|1
|
|t:|1786152009
|detailschange|p2a: Garchomp|Garchomp-Mega, L50, F
|-mega|p2a: Garchomp|Garchomp|Garchompite
|move|p1a: Charizard|Protect|p1a: Charizard
|-singleturn|p1a: Charizard|Protect
|move|p1b: Aerodactyl|Tailwind|p1b: Aerodactyl
|-sidestart|p1: RevenClop|move: Tailwind
|move|p2b: Tyranitar|Rock Slide|p1b: Aerodactyl|[spread] p1b
|-activate|p1a: Charizard|move: Protect
|-supereffective|p1b: Aerodactyl|1
|-damage|p1b: Aerodactyl|22/100
|move|p2a: Garchomp|Draco Meteor|p1b: Aerodactyl
|-damage|p1b: Aerodactyl|0 fnt
|-unboost|p2a: Garchomp|spa|2
|faint|p1b: Aerodactyl
|
|-weather|Sandstorm|[upkeep]
|-damage|p1a: Charizard|93/100|[from] Sandstorm
|upkeep
|
|t:|1786152015
|switch|p1b: Sylveon|Sylveon, L50, F, shiny|100/100
|turn|2
|
|t:|1786152037
|switch|p2a: Clefable|Clefable, L50, M|100/100
|detailschange|p1a: Charizard|Charizard-Mega-Y, L50, F, shiny
|-mega|p1a: Charizard|Charizard|Charizardite Y
|-weather|SunnyDay|[from] ability: Drought|[of] p1a: Charizard
|move|p1a: Charizard|Solar Beam||[still]
|-prepare|p1a: Charizard|Solar Beam
|-anim|p1a: Charizard|Solar Beam|p2b: Tyranitar
|-supereffective|p2b: Tyranitar|1
|-damage|p2b: Tyranitar|7/100
|move|p2b: Tyranitar|Rock Slide|p1b: Sylveon|[spread] p1a,p1b
|-supereffective|p1a: Charizard|2
|-damage|p1a: Charizard|0 fnt
|-damage|p1b: Sylveon|63/100
|faint|p1a: Charizard
|move|p1b: Sylveon|Hyper Voice|p2a: Clefable|[spread] p2a,p2b
|-supereffective|p2b: Tyranitar|1
|-damage|p2a: Clefable|64/100
|-damage|p2b: Tyranitar|0 fnt
|faint|p2b: Tyranitar
|
|-weather|SunnyDay|[upkeep]
|upkeep
|
|t:|1786152055
|switch|p1a: Garchomp|Garchomp, L50, F, shiny|100/100
|switch|p2b: Gholdengo|Gholdengo, L50|100/100
|turn|3
|inactive|RevenClop has 30 seconds left.
|
|t:|1786152081
|move|p2b: Gholdengo|Protect|p2b: Gholdengo
|-singleturn|p2b: Gholdengo|Protect
|move|p1a: Garchomp|Stomping Tantrum|p2b: Gholdengo
|-activate|p2b: Gholdengo|move: Protect
|move|p1b: Sylveon|Hyper Voice|p2b: Gholdengo|[spread] p2a
|-activate|p2b: Gholdengo|move: Protect
|-damage|p2a: Clefable|27/100
|-enditem|p2a: Clefable|Sitrus Berry|[eat]
|-heal|p2a: Clefable|51/100|[from] item: Sitrus Berry
|move|p2a: Clefable|Icy Wind|p1a: Garchomp|[spread] p1a,p1b
|-supereffective|p1a: Garchomp|2
|-damage|p1a: Garchomp|57/100
|-damage|p1b: Sylveon|56/100
|-unboost|p1a: Garchomp|spe|1
|-unboost|p1b: Sylveon|spe|1
|
|-weather|SunnyDay|[upkeep]
|upkeep
|turn|4
|
|t:|1786152104
|move|p1b: Sylveon|Detect|p1b: Sylveon
|-singleturn|p1b: Sylveon|Protect
|move|p2a: Clefable|Follow Me|p2a: Clefable
|-singleturn|p2a: Clefable|move: Follow Me
|move|p1a: Garchomp|Earthquake|p2b: Gholdengo|[spread] p2a,p2b
|-activate|p1b: Sylveon|move: Protect
|-supereffective|p2b: Gholdengo|1
|-damage|p2a: Clefable|14/100
|-damage|p2b: Gholdengo|24/100
|-damage|p1a: Garchomp|48/100|[from] item: Life Orb
|move|p2b: Gholdengo|Make It Rain|p1a: Garchomp|[spread] p1a
|-activate|p1b: Sylveon|move: Protect
|-damage|p1a: Garchomp|0 fnt
|-unboost|p2b: Gholdengo|spa|2
|faint|p1a: Garchomp
|-damage|p2b: Gholdengo|14/100|[from] item: Life Orb
|
|-weather|SunnyDay|[upkeep]
|-sideend|p1: RevenClop|move: Tailwind
|upkeep
|turn|5
|inactive|GS Barnabe has 30 seconds left.
|
|t:|1786152132
|move|p2b: Gholdengo|Make It Rain|p1b: Sylveon
|-supereffective|p1b: Sylveon|1
|-damage|p1b: Sylveon|1/100
|-unboost|p2b: Gholdengo|spa|2
|-damage|p2b: Gholdengo|5/100|[from] item: Life Orb
|move|p2a: Clefable|Moonblast|p1b: Sylveon
|-damage|p1b: Sylveon|0 fnt
|faint|p1b: Sylveon
|
|win|GS Barnabe
|raw|RevenClop's rating: 1221 → 1194(-27 for losing)
|raw|GS Barnabe's rating: 1197 → 1224(+27 for winning)
