|j|☆ariexd
|j|☆Cartercaio
|html|ariexdCartercaio    
|uhtml|bestof|Game 1 of a best-of-3
|t:|1756218942
|gametype|doubles
|player|p1|ariexd|2|1148
|player|p2|Cartercaio|cheren-gen5bw2|1117
|gen|9
|tier|[Gen 9] VGC 2025 Reg H (Bo3)
|rated|
|rule|Species Clause: Limit one of each Pokémon
|rule|Item Clause: Limit 1 of each item
|clearpoke
|poke|p1|Indeedee-F, L50, F|
|poke|p1|Gallade, L50, M|
|poke|p1|Hatterene, L50, F|
|poke|p1|Ursaluna, L50, M|
|poke|p1|Torkoal, L50, M|
|poke|p1|Lilligant-Hisui, L50, F|
|poke|p2|Dragonite, L50, M|
|poke|p2|Volcarona, L50, F|
|poke|p2|Sneasler, L50, M|
|poke|p2|Rillaboom, L50, M|
|poke|p2|Electabuzz, L50, M|
|poke|p2|Kingambit, L50, M|
|teampreview|4
|showteam|p1|Indeedee-F||PsychicSeed|PsychicSurge|TrickRoom,FollowMe,HelpingHand,Psychic|||F|||50|,,,,,Water]Gallade||ClearAmulet|Sharpness|PsychoCut,TrickRoom,SacredSword,WideGuard|||M|||50|,,,,,Grass]Hatterene||LifeOrb|MagicBounce|ExpandingForce,TrickRoom,DazzlingGleam,Protect|||F|||50|,,,,,Psychic]Ursaluna||FlameOrb|Guts|HeadlongRush,Facade,Earthquake,Protect|||M|||50|,,,,,Ghost]Torkoal||ChoiceSpecs|Drought|Eruption,HeatWave,WeatherBall,EarthPower|||M|||50|,,,,,Fire]Lilligant-Hisui||FocusSash|Chlorophyll|TripleAxel,CloseCombat,SleepPowder,AfterYou|||F|||50|,,,,,Ice
|showteam|p2|Dragonite||LoadedDice|Multiscale|ScaleShot,ExtremeSpeed,Haze,Protect|||M|||50|,,,,,Fairy]Volcarona||CovertCloak|FlameBody|HeatWave,TeraBlast,QuiverDance,Protect|||F|||50|,,,,,Fairy]Sneasler||FocusSash|Unburden|CloseCombat,DireClaw,Coaching,Protect|||M|||50|,,,,,Stellar]Rillaboom||AssaultVest|GrassySurge|WoodHammer,GrassyGlide,HighHorsepower,FakeOut|||M|||50|,,,,,Fire]Electabuzz||Eviolite|VitalSpirit|Thunderbolt,FollowMe,Taunt,Protect|||M|||50|,,,,,Ghost]Kingambit||BlackGlasses|Defiant|KowtowCleave,SuckerPunch,SwordsDance,Protect|||M|||50|,,,,,Dark
|inactive|Battle timer is ON: inactive players will automatically lose when time's up. (requested by ariexd)
|inactive|Cartercaio has 60 seconds left.
|
|t:|1756218996
|teamsize|p1|4
|teamsize|p2|4
|start
|switch|p1a: Follow me|Indeedee-F, L50, F, shiny|100/100
|switch|p1b: Gallade|Gallade, L50, M, shiny|100/100
|switch|p2a: Dragonite|Dragonite, L50, M|100/100
|switch|p2b: Sneasler|Sneasler, L50, M|100/100
|-fieldstart|move: Psychic Terrain|[from] ability: Psychic Surge|[of] p1a: Follow me
|-enditem|p1a: Follow me|Psychic Seed
|-boost|p1a: Follow me|spd|1|[from] item: Psychic Seed
|turn|1
|
|t:|1756219021
|move|p2b: Sneasler|Coaching|p2a: Dragonite
|-boost|p2a: Dragonite|atk|1
|-boost|p2a: Dragonite|def|1
|move|p2a: Dragonite|Scale Shot|p1a: Follow me
|-damage|p1a: Follow me|78/100
|-damage|p1a: Follow me|56/100
|-damage|p1a: Follow me|36/100
|-damage|p1a: Follow me|15/100
|-hitcount|p1a: Follow me|4
|-unboost|p2a: Dragonite|def|1
|-boost|p2a: Dragonite|spe|1
|move|p1b: Gallade|Psycho Cut|p2a: Dragonite
|-damage|p2a: Dragonite|60/100
|move|p1a: Follow me|Psychic|p2a: Dragonite
|-damage|p2a: Dragonite|18/100
|
|upkeep
|turn|2
|inactive|Cartercaio has 30 seconds left.
|inactive|Cartercaio has 20 seconds left.
|inactive|Cartercaio has 15 seconds left.
|inactive|Cartercaio has 10 seconds left.
|inactive|Cartercaio has 5 seconds left.
|
|t:|1756219072
|move|p1a: Follow me|Follow Me|p1a: Follow me
|-singleturn|p1a: Follow me|move: Follow Me
|move|p2a: Dragonite|Scale Shot|p1a: Follow me
|-damage|p1a: Follow me|0 fnt
|faint|p1a: Follow me
|-hitcount|p1: Follow me|1
|-unboost|p2a: Dragonite|def|1
|-boost|p2a: Dragonite|spe|1
|move|p2b: Sneasler|Dire Claw|p1b: Gallade
|-damage|p1b: Gallade|37/100
|-status|p1b: Gallade|par
|move|p1b: Gallade|Trick Room|p1b: Gallade
|-fieldstart|move: Trick Room|[of] p1b: Gallade
|
|upkeep
|
|t:|1756219086
|switch|p1a: Torkoal|Torkoal, L50, M|100/100
|-weather|SunnyDay|[from] ability: Drought|[of] p1a: Torkoal
|turn|3
|inactive|Cartercaio has 30 seconds left.
|
|t:|1756219116
|switch|p2b: Rillaboom|Rillaboom, L50, M|100/100
|-fieldstart|move: Grassy Terrain|[from] ability: Grassy Surge|[of] p2b: Rillaboom
|-terastallize|p1a: Torkoal|Fire
|move|p2a: Dragonite|Extreme Speed|p1a: Torkoal
|-damage|p1a: Torkoal|67/100
|move|p1a: Torkoal|Eruption|p2a: Dragonite|[spread] p2a,p2b
|-resisted|p2a: Dragonite
|-supereffective|p2b: Rillaboom
|-damage|p2a: Dragonite|0 fnt
|-damage|p2b: Rillaboom|0 fnt
|faint|p2a: Dragonite
|faint|p2b: Rillaboom
|cant|p1b: Gallade|par
|
|-weather|SunnyDay|[upkeep]
|-heal|p1a: Torkoal|73/100|[from] Grassy Terrain
|-heal|p1b: Gallade|43/100 par|[from] Grassy Terrain
|upkeep
|
|t:|1756219133
|switch|p2b: Sneasler|Sneasler, L50, M|100/100
|switch|p2a: Kingambit|Kingambit, L50, M, shiny|100/100
|turn|4
|inactive|Cartercaio has 30 seconds left.
|
|t:|1756219163
|-terastallize|p2a: Kingambit|Dark
|move|p2a: Kingambit|Sucker Punch|p1a: Torkoal
|-damage|p1a: Torkoal|25/100
|move|p1a: Torkoal|Eruption|p2a: Kingambit|[spread] p2a,p2b
|-damage|p2a: Kingambit|64/100
|-damage|p2b: Sneasler|50/100
|cant|p1b: Gallade|par
|move|p2b: Sneasler|Dire Claw|p1b: Gallade
|-damage|p1b: Gallade|0 fnt
|faint|p1b: Gallade
|
|-weather|SunnyDay|[upkeep]
|-heal|p1a: Torkoal|31/100|[from] Grassy Terrain
|-heal|p2a: Kingambit|70/100|[from] Grassy Terrain
|-heal|p2b: Sneasler|56/100|[from] Grassy Terrain
|upkeep
|
|t:|1756219176
|switch|p1b: Hatterene|Hatterene, L50, F, shiny|100/100
|turn|5
|inactive|Cartercaio has 30 seconds left.
|
|t:|1756219206
|move|p2b: Sneasler|Protect|p2b: Sneasler
|-singleturn|p2b: Sneasler|Protect
|move|p2a: Kingambit|Sucker Punch|p1b: Hatterene
|-damage|p1b: Hatterene|24/100
|move|p1a: Torkoal|Eruption|p2a: Kingambit|[spread] p2a
|-activate|p2b: Sneasler|move: Protect
|-damage|p2a: Kingambit|24/100
|move|p1b: Hatterene|Expanding Force|p2a: Kingambit
|-immune|p2a: Kingambit
|
|-weather|SunnyDay|[upkeep]
|-heal|p1a: Torkoal|37/100|[from] Grassy Terrain
|-heal|p1b: Hatterene|29/100|[from] Grassy Terrain
|-heal|p2a: Kingambit|30/100|[from] Grassy Terrain
|-heal|p2b: Sneasler|62/100|[from] Grassy Terrain
|upkeep
|turn|6
|inactive|Cartercaio has 30 seconds left.
|
|t:|1756219235
|move|p2a: Kingambit|Sucker Punch|p1b: Hatterene
|-damage|p1b: Hatterene|0 fnt
|faint|p1b: Hatterene
|move|p1a: Torkoal|Eruption|p2a: Kingambit|[spread] p2a,p2b
|-damage|p2a: Kingambit|0 fnt
|-damage|p2b: Sneasler|0 fnt
|faint|p2a: Kingambit
|faint|p2b: Sneasler
|
|win|ariexd
||Cartercaio is ready for game 2.
|inactive|ariexd has 30 seconds to confirm battle start!
||ariexd is ready for game 2.
|uhtml|next|Next: Game 2 of 3
