|j|☆audrith
|j|☆Mega Chime Time
|html|audrithMega Chime Time    
|uhtml|bestof|Game 3 of a best-of-3
|t:|1783373818
|gametype|doubles
|player|p1|audrith|lady|
|player|p2|Mega Chime Time|miku-flying|
|gen|9
|tier|[Gen 9 Champions] VGC 2026 Reg M-B (Bo3)
|rule|Species Clause: Limit one of each Pokémon
|rule|Item Clause: Limit 1 of each item
|clearpoke
|poke|p1|Chandelure, L50, F|
|poke|p1|Orthworm, L50, F|
|poke|p1|Noivern, L50, M|
|poke|p1|Swampert, L50, F|
|poke|p1|Goodra-Hisui, L50, F|
|poke|p1|Floette-Eternal, L50, F|
|poke|p2|Noivern, L50, M|
|poke|p2|Gardevoir, L50, M, shiny|
|poke|p2|Chimecho, L50, M|
|poke|p2|Blastoise, L50, F|
|poke|p2|Dragalge, L50, M|
|poke|p2|Hippowdon, L50, M|
|teampreview|4
|showteam|p1|Chandelure||Chandelurite|FlashFire|HeatWave,ShadowBall,TrickRoom,Protect|Serious||F|||50|]Orthworm||Leftovers|EarthEater|Protect,ShedTail,IronDefense,BodyPress|Careful||F|||50|]Noivern||WhiteHerb|Frisk|Tailwind,Taunt,SunnyDay,DracoMeteor|Timid||M|||50|]Swampert||SitrusBerry|Torrent|Earthquake,WaveCrash,KnockOff,Protect|Adamant||F|||50|]Goodra-Hisui||LifeOrb|Gooey|MuddyWater,FlashCannon,DragonPulse,Protect|Modest||F|||50|]Floette-Eternal||ChoiceScarf|FlowerVeil|DazzlingGleam,LightofRuin,EnergyBall,Psychic|Modest||F|||50|
|showteam|p2|Noivern||FocusSash|Telepathy|Tailwind,AirSlash,DracoMeteor,Protect|Timid||M|||50|]Gardevoir||FairyFeather|Telepathy|Moonblast,DazzlingGleam,CalmMind,Protect|Modest||M|||50|]Chimecho||Chimechite|Levitate|Psychic,FlashCannon,Protect,TrickRoom|Modest||M|||50|]Blastoise||SitrusBerry|RainDish|FakeOut,WaveCrash,Yawn,LifeDew|Adamant||F|||50|]Dragalge||PoisonBarb|Adaptability|SludgeBomb,SludgeWave,DragonPulse,Protect|Modest||M|||50|]Hippowdon||Leftovers|SandStream|RockSlide,Protect,SandTomb,Yawn|Adamant||M|||50|
|inactive|Battle timer is ON: inactive players will automatically lose when time's up. (requested by Mega Chime Time)
|inactive|audrith has 60 seconds left.
|inactive|audrith has 30 seconds left.
|
|t:|1783373886
|teamsize|p1|4
|teamsize|p2|4
|start
|switch|p1a: Floette|Floette-Eternal, L50, F|100/100
|switch|p1b: Chandelure|Chandelure, L50, F|100/100
|switch|p2a: Noivern|Noivern, L50, M|100/100
|switch|p2b: Gardevoir|Gardevoir, L50, M, shiny|100/100
|turn|1
|inactive|audrith has 30 seconds left.
|inactive|Mega Chime Time has 30 seconds left.
|
|t:|1783373916
|switch|p2a: Blastoise|Blastoise, L50, F|100/100
|detailschange|p1b: Chandelure|Chandelure-Mega, L50, F
|-mega|p1b: Chandelure|Chandelure|Chandelurite
|move|p1a: Floette|Dazzling Gleam|p2a: Blastoise|[spread] p2a,p2b
|-damage|p2a: Blastoise|67/100
|-damage|p2b: Gardevoir|72/100
|move|p2b: Gardevoir|Calm Mind|p2b: Gardevoir
|-boost|p2b: Gardevoir|spa|1
|-boost|p2b: Gardevoir|spd|1
|move|p1b: Chandelure|Heat Wave|p2b: Gardevoir|[spread] p2a,p2b
|-resisted|p2a: Blastoise|1
|-damage|p2a: Blastoise|45/100
|-damage|p2b: Gardevoir|42/100
|-enditem|p2a: Blastoise|Sitrus Berry|[eat]
|-heal|p2a: Blastoise|69/100|[from] item: Sitrus Berry
|
|upkeep
|turn|2
|inactive|Mega Chime Time has 30 seconds left.
|
|t:|1783373942
|move|p1a: Floette|Dazzling Gleam|p2a: Blastoise|[spread] p2a,p2b
|-damage|p2a: Blastoise|37/100
|-damage|p2b: Gardevoir|23/100
|move|p2b: Gardevoir|Moonblast|p1b: Chandelure
|-resisted|p1b: Chandelure|1
|-damage|p1b: Chandelure|61/100
|move|p1b: Chandelure|Shadow Ball|p2b: Gardevoir
|-supereffective|p2b: Gardevoir|1
|-damage|p2b: Gardevoir|0 fnt
|faint|p2b: Gardevoir
|move|p2a: Blastoise|Wave Crash|p1b: Chandelure
|-supereffective|p1b: Chandelure|1
|-damage|p1b: Chandelure|0 fnt
|faint|p1b: Chandelure
|-damage|p2a: Blastoise|19/100|[from] Recoil
|
|upkeep
|inactive|audrith has 30 seconds left.
|
|t:|1783373970
|switch|p1b: Goodra|Goodra-Hisui, L50, F|100/100
|switch|p2b: Chimecho|Chimecho, L50, M|100/100
|turn|3
|
|t:|1783373987
|switch|p2a: Noivern|Noivern, L50, M|100/100
|detailschange|p2b: Chimecho|Chimecho-Mega, L50, M
|-mega|p2b: Chimecho|Chimecho|Chimechite
|move|p1a: Floette|Dazzling Gleam|p2b: Chimecho|[spread] p2a,p2b
|-supereffective|p2a: Noivern|1
|-resisted|p2b: Chimecho|1
|-crit|p2b: Chimecho
|-damage|p2a: Noivern|9/100
|-damage|p2b: Chimecho|81/100
|move|p1b: Goodra|Dragon Pulse|p2b: Chimecho
|-resisted|p2b: Chimecho|1
|-damage|p2b: Chimecho|57/100
|-damage|p1b: Goodra|90/100|[from] item: Life Orb
|move|p2b: Chimecho|Flash Cannon|p1a: Floette
|-supereffective|p1a: Floette|1
|-damage|p1a: Floette|16/100
|
|upkeep
|turn|4
|c|☆Mega Chime Time|stunned noivern lives that
|c|☆audrith|me too haha
|inactive|Mega Chime Time has 30 seconds left.
|
|t:|1783374015
|move|p2a: Noivern|Protect|p2a: Noivern
|-singleturn|p2a: Noivern|Protect
|move|p1a: Floette|Dazzling Gleam|p2a: Noivern|[spread] p2b
|-activate|p2a: Noivern|move: Protect
|-resisted|p2b: Chimecho|1
|-damage|p2b: Chimecho|44/100
|move|p1b: Goodra|Dragon Pulse|p2b: Chimecho
|-resisted|p2b: Chimecho|1
|-damage|p2b: Chimecho|23/100
|-damage|p1b: Goodra|80/100|[from] item: Life Orb
|move|p2b: Chimecho|Flash Cannon|p1a: Floette
|-supereffective|p1a: Floette|1
|-damage|p1a: Floette|0 fnt
|faint|p1a: Floette
|
|upkeep
|
|t:|1783374029
|switch|p1a: Orthworm|Orthworm, L50, F|100/100
|turn|5
|
|t:|1783374053
|move|p2a: Noivern|Draco Meteor|p1b: Goodra
|-damage|p1b: Goodra|38/100
|-unboost|p2a: Noivern|spa|2
|move|p1b: Goodra|Dragon Pulse|p2a: Noivern
|-supereffective|p2a: Noivern|1
|-damage|p2a: Noivern|0 fnt
|faint|p2a: Noivern
|-damage|p1b: Goodra|29/100|[from] item: Life Orb
|move|p1a: Orthworm|Body Press|p2b: Chimecho
|-damage|p2b: Chimecho|0 fnt
|faint|p2b: Chimecho
|
|upkeep
|
|t:|1783374068
|switch|p2a: Blastoise|Blastoise, L50, F|19/100
|turn|6
|c|☆Mega Chime Time|GGs
|c|☆Mega Chime Time|I lose the schlurm matchup it seems
|
|t:|1783374082
|move|p1b: Goodra|Dragon Pulse|p2a: Blastoise
|-damage|p2a: Blastoise|0 fnt
|faint|p2a: Blastoise
|-damage|p1b: Goodra|19/100|[from] item: Life Orb
|
|win|audrith
|c|☆audrith|gg!!
