|j|☆Esper Yuusha
|j|☆Er ciccio98
|html|Esper YuushaEr ciccio98    
|uhtml|bestof|Game 2 of a best-of-3
|t:|1757836994
|gametype|doubles
|player|p1|Esper Yuusha|burglar|1064
|player|p2|Er ciccio98|101|1055
|gen|9
|tier|[Gen 9] VGC 2025 Reg H (Bo3)
|rated|
|rule|Species Clause: Limit one of each Pokémon
|rule|Item Clause: Limit 1 of each item
|clearpoke
|poke|p1|Umbreon, L50, M|
|poke|p1|Sylveon, L50, M|
|poke|p1|Espeon, L50, F|
|poke|p1|Indeedee-F, L50, F|
|poke|p1|Mimikyu, L50, F|
|poke|p1|Vaporeon, L50, M|
|poke|p2|Incineroar, L50, F|
|poke|p2|Torkoal, L50, M|
|poke|p2|Electabuzz, L50, M|
|poke|p2|Ursaluna-Bloodmoon, L50, M|
|poke|p2|Mimikyu, L50, M|
|poke|p2|Lilligant-Hisui, L50, F|
|teampreview|4
|showteam|p1|Umbreon||Leftovers|InnerFocus|Snarl,FoulPlay,Moonlight,Protect|||M|||50|,,,,,Fairy]Sylveon||ThroatSpray|Pixilate|HyperVoice,QuickAttack,Moonblast,Protect|||M|||50|,,,,,Steel]Espeon||FocusSash|MagicBounce|ExpandingForce,QuickAttack,ShadowBall,Detect|||F|||50|,,,,,Psychic]Indeedee-F||PsychicSeed|PsychicSurge|HelpingHand,TrickRoom,FollowMe,Protect|||F|||50|,,,,,Fairy]Mimikyu||ClearAmulet|Disguise|PlayRough,ShadowSneak,Substitute,Protect|||F|||50|,,,,,Ghost]Vaporeon||CovertCloak|WaterAbsorb|HydroPump,IcyWind,Wish,Protect|||M|||50|,,,,,Fire
|showteam|p2|Incineroar||AssaultVest|Intimidate|FakeOut,KnockOff,FlareBlitz,Uturn|||F|||50|,,,,,Bug]Torkoal||Charcoal|Drought|Eruption,Protect,Flamethrower,ClearSmog|||M|||50|,,,,,Fire]Electabuzz||Eviolite|Static|FollowMe,Electroweb,Taunt,HelpingHand|||M|||50|,,,,,Ghost]Ursaluna-Bloodmoon||LifeOrb|MindsEye|HyperVoice,BloodMoon,Protect,EarthPower|||M|||50|,,,,,Normal]Mimikyu||MentalHerb|Disguise|ShadowSneak,PlayRough,ShadowClaw,TrickRoom|||M|||50|,,,,,Steel]Lilligant-Hisui||FocusSash|Chlorophyll|AfterYou,CloseCombat,SleepPowder,LeafBlade|||F|||50|,,,,,Ghost
|inactive|Battle timer is ON: inactive players will automatically lose when time's up. (requested by Esper Yuusha)
|
|t:|1757837021
|teamsize|p1|4
|teamsize|p2|4
|start
|switch|p1a: Espeon|Espeon, L50, F|100/100
|switch|p1b: Indeedee|Indeedee-F, L50, F|100/100
|switch|p2a: Torkoal|Torkoal, L50, M|100/100
|switch|p2b: Lilligant|Lilligant-Hisui, L50, F|100/100
|-fieldstart|move: Psychic Terrain|[from] ability: Psychic Surge|[of] p1b: Indeedee
|-enditem|p1b: Indeedee|Psychic Seed
|-boost|p1b: Indeedee|spd|1|[from] item: Psychic Seed
|-weather|SunnyDay|[from] ability: Drought|[of] p2a: Torkoal
|turn|1
|
|t:|1757837040
|-terastallize|p1a: Espeon|Psychic
|-terastallize|p2a: Torkoal|Fire
|move|p1b: Indeedee|Follow Me|p1b: Indeedee
|-singleturn|p1b: Indeedee|move: Follow Me
|move|p2b: Lilligant|After You||[still]
|-fail|p2b: Lilligant
|move|p1a: Espeon|Expanding Force|p2b: Lilligant|[spread] p2a,p2b
|-supereffective|p2b: Lilligant
|-damage|p2a: Torkoal|0 fnt
|-enditem|p2b: Lilligant|Focus Sash
|-damage|p2b: Lilligant|1/100
|faint|p2a: Torkoal
|
|-weather|SunnyDay|[upkeep]
|upkeep
|
|t:|1757837055
|switch|p2a: Incineroar|Incineroar, L50, F|100/100
|-ability|p2a: Incineroar|Intimidate|boost
|-unboost|p1a: Espeon|atk|1
|-unboost|p1b: Indeedee|atk|1
|turn|2
|
|t:|1757837074
|switch|p1b: Vaporeon|Vaporeon, L50, M|100/100
|move|p1a: Espeon|Detect|p1a: Espeon
|-singleturn|p1a: Espeon|Protect
|move|p2b: Lilligant|Sleep Powder|p1a: Espeon
|-activate|p1a: Espeon|move: Protect
|move|p2a: Incineroar|Knock Off|p1b: Vaporeon
|-damage|p1b: Vaporeon|52/100
|-enditem|p1b: Vaporeon|Covert Cloak|[from] move: Knock Off|[of] p2a: Incineroar
|
|-weather|SunnyDay|[upkeep]
|upkeep
|turn|3
|
|t:|1757837094
|switch|p1a: Indeedee|Indeedee-F, L50, F|100/100
|move|p2b: Lilligant|Leaf Blade|p1b: Vaporeon
|-supereffective|p1b: Vaporeon
|-damage|p1b: Vaporeon|0 fnt
|faint|p1b: Vaporeon
|move|p2a: Incineroar|Flare Blitz|p1a: Indeedee
|-damage|p1a: Indeedee|0 fnt
|faint|p1a: Indeedee
|-damage|p2a: Incineroar|70/100|[from] Recoil
|
|-weather|SunnyDay|[upkeep]
|upkeep
|
|t:|1757837106
|switch|p1a: Espeon|Espeon, L50, F, tera:Psychic|100/100
|switch|p1b: Sylveon|Sylveon, L50, M|100/100
|turn|4
|
|t:|1757837124
|move|p2b: Lilligant|Sleep Powder|p1a: Espeon
|move|p1a: Espeon|Sleep Powder|p2b: Lilligant|[from] ability: Magic Bounce
|-immune|p2b: Lilligant
|move|p1a: Espeon|Shadow Ball|p2b: Lilligant
|-damage|p2b: Lilligant|0 fnt
|faint|p2b: Lilligant
|move|p2a: Incineroar|Flare Blitz|p1b: Sylveon
|-damage|p1b: Sylveon|4/100
|-damage|p2a: Incineroar|37/100|[from] Recoil
|move|p1b: Sylveon|Hyper Voice|p2a: Incineroar
|-damage|p2a: Incineroar|5/100
|-enditem|p1b: Sylveon|Throat Spray
|-boost|p1b: Sylveon|spa|1|[from] item: Throat Spray
|
|-weather|SunnyDay|[upkeep]
|upkeep
|
|t:|1757837141
|switch|p2b: Ursaluna|Ursaluna-Bloodmoon, L50, M|100/100
|turn|5
|
|t:|1757837152
|move|p2b: Ursaluna|Protect|p2b: Ursaluna
|-singleturn|p2b: Ursaluna|Protect
|move|p1b: Sylveon|Protect|p1b: Sylveon
|-singleturn|p1b: Sylveon|Protect
|move|p1a: Espeon|Shadow Ball|p2a: Incineroar
|-resisted|p2a: Incineroar
|-damage|p2a: Incineroar|0 fnt
|faint|p2a: Incineroar
|
|-weather|none
|-fieldend|move: Psychic Terrain
|upkeep
|turn|6
|
|t:|1757837171
|move|p1b: Sylveon|Quick Attack|p2b: Ursaluna
|-damage|p2b: Ursaluna|93/100
|move|p1a: Espeon|Expanding Force|p2b: Ursaluna
|-damage|p2b: Ursaluna|25/100
|move|p2b: Ursaluna|Hyper Voice|p1b: Sylveon|[spread] p1a,p1b
|-damage|p1a: Espeon|36/100
|-damage|p1b: Sylveon|0 fnt
|faint|p1b: Sylveon
|-damage|p2b: Ursaluna|16/100|[from] item: Life Orb
|
|upkeep
|turn|7
|
|t:|1757837183
|move|p1a: Espeon|Expanding Force|p2b: Ursaluna
|-damage|p2b: Ursaluna|0 fnt
|faint|p2b: Ursaluna
|
|win|Esper Yuusha
|raw|Esper Yuusha's rating: 1064 → 1094(+30 for winning)
|raw|Er ciccio98's rating: 1055 → 1037(-18 for losing)
|l|☆Esper Yuusha
|player|p1|
|l|☆Er ciccio98
|player|p2|
