|j|☆Inteligent8pro
|j|☆NotAfrogGaming
|html|Inteligent8proNotAfrogGaming    
|uhtml|bestof|Game 1 of a best-of-3
|t:|1786052311
|gametype|doubles
|player|p1|Inteligent8pro|elesa|1089
|player|p2|NotAfrogGaming|boarder|1203
|gen|9
|tier|[Gen 9 Champions] VGC 2026 Reg M-B (Bo3)
|rated|
|rule|Species Clause: Limit one of each Pokémon
|rule|Item Clause: Limit 1 of each item
|clearpoke
|poke|p1|Blaziken, L50, F|
|poke|p1|Venusaur, L50, M|
|poke|p1|Kingambit, L50, M|
|poke|p1|Ninetales-Alola, L50, M|
|poke|p1|Lycanroc-Dusk, L50, F|
|poke|p1|Basculegion, L50, M|
|poke|p2|Gengar, L50, F|
|poke|p2|Aerodactyl, L50, M|
|poke|p2|Mamoswine, L50, M|
|poke|p2|Raichu, L50, F|
|poke|p2|Incineroar, L50, M|
|poke|p2|Decidueye-Hisui, L50, F|
|teampreview|4
|showteam|p1|Blaziken||Blazikenite|SpeedBoost|FlareBlitz,CloseCombat,RockSlide,Detect|Adamant||F|||50|]Venusaur||Venusaurite|Chlorophyll|GigaDrain,SludgeBomb,EarthPower,Protect|Modest||M|||50|]Kingambit||LifeOrb|Defiant|KowtowCleave,SuckerPunch,IronHead,Protect|Adamant||M|||50|]Ninetales-Alola||NeverMeltIce|SnowWarning|Blizzard,FreezeDry,Encore,Protect|Timid||M|||50|]Lycanroc-Dusk||FocusSash|ToughClaws|RockSlide,Accelerock,CloseCombat,Protect|Adamant||F|||50|]Basculegion||ChoiceScarf|Adaptability|LastRespects,WaveCrash,AquaJet,FlipTurn|Jolly||M|||50|
|showteam|p2|Gengar||Gengarite|CursedBody|ShadowBall,SludgeBomb,Disable,Protect|Timid||F|||50|]Aerodactyl||FocusSash|Unnerve|RockSlide,DualWingbeat,Tailwind,Protect|Jolly||M|||50|]Mamoswine||LifeOrb|Oblivious|IcicleCrash,HighHorsepower,IceShard,Protect|Jolly||M|||50|]Raichu||RaichuniteY|LightningRod|ZapCannon,FocusBlast,FakeOut,Protect|Timid||F|||50|]Incineroar||SitrusBerry|Intimidate|FlareBlitz,DarkestLariat,PartingShot,FakeOut|Careful||M|||50|]Decidueye-Hisui||ScopeLens|Scrappy|TripleArrows,LeafBlade,KnockOff,Protect|Adamant||F|||50|
|inactive|Battle timer is ON: inactive players will automatically lose when time's up. (requested by Inteligent8pro)
|
|t:|1786052389
|teamsize|p1|4
|teamsize|p2|4
|start
|switch|p1a: Kingambit|Kingambit, L50, M|100/100
|switch|p1b: Blaziken|Blaziken, L50, F|100/100
|switch|p2a: Aerodactyl|Aerodactyl, L50, M|100/100
|switch|p2b: Zappy|Raichu, L50, F|100/100
|-ability|p2a: Aerodactyl|Unnerve
|turn|1
|inactive|Inteligent8pro has 30 seconds left.
|inactive|NotAfrogGaming has 30 seconds left.
|inactive|Inteligent8pro has 20 seconds left.
|inactive|Inteligent8pro has 15 seconds left.
|inactive|NotAfrogGaming has 20 seconds left.
|inactive|NotAfrogGaming has 15 seconds left.
|
|t:|1786052435
|detailschange|p2b: Zappy|Raichu-Mega-Y, L50, F
|-mega|p2b: Zappy|Raichu|Raichunite Y
|move|p2a: Aerodactyl|Tailwind|p2a: Aerodactyl
|-sidestart|p2: NotAfrogGaming|move: Tailwind
|move|p2b: Zappy|Zap Cannon|p1b: Blaziken
|-damage|p1b: Blaziken|12/100
|-status|p1b: Blaziken|par
|move|p1a: Kingambit|Iron Head|p2a: Aerodactyl
|-supereffective|p2a: Aerodactyl|1
|-crit|p2a: Aerodactyl
|-enditem|p2a: Aerodactyl|Focus Sash
|-damage|p2a: Aerodactyl|1/100
|-damage|p1a: Kingambit|90/100|[from] item: Life Orb
|move|p1b: Blaziken|Rock Slide|p2a: Aerodactyl|[spread] p2a,p2b
|-supereffective|p2a: Aerodactyl|1
|-damage|p2a: Aerodactyl|0 fnt
|-damage|p2b: Zappy|73/100
|faint|p2a: Aerodactyl
|
|-ability|p1b: Blaziken|Speed Boost|boost
|-boost|p1b: Blaziken|spe|1
|upkeep
|inactive|NotAfrogGaming has 30 seconds left.
|
|t:|1786052464
|switch|p2a: Decidueye|Decidueye-Hisui, L50, F|100/100
|turn|2
|
|t:|1786052489
|move|p1b: Blaziken|Detect|p1b: Blaziken
|-singleturn|p1b: Blaziken|Protect
|move|p1a: Kingambit|Protect|p1a: Kingambit
|-singleturn|p1a: Kingambit|Protect
|move|p2b: Zappy|Zap Cannon|p1b: Blaziken
|-activate|p1b: Blaziken|move: Protect
|move|p2a: Decidueye|Triple Arrows|p1a: Kingambit
|-activate|p1a: Kingambit|move: Protect
|
|-ability|p1b: Blaziken|Speed Boost|boost
|-boost|p1b: Blaziken|spe|1
|upkeep
|turn|3
|inactive|Inteligent8pro has 30 seconds left.
|inactive|NotAfrogGaming has 30 seconds left.
|inactive|Inteligent8pro has 20 seconds left.
|
|t:|1786052528
|switch|p2b: Incineroar|Incineroar, L50, M|100/100
|-ability|p2b: Incineroar|Intimidate|boost
|-unboost|p1a: Kingambit|atk|1
|-ability|p1a: Kingambit|Defiant|boost
|-boost|p1a: Kingambit|atk|2
|-unboost|p1b: Blaziken|atk|1
|move|p1a: Kingambit|Sucker Punch||[still]
|-fail|p1a: Kingambit
|move|p2a: Decidueye|Triple Arrows|p1a: Kingambit
|-supereffective|p1a: Kingambit|2
|-crit|p1a: Kingambit
|-damage|p1a: Kingambit|0 fnt
|faint|p1a: Kingambit
|move|p1b: Blaziken|Flare Blitz|p2a: Decidueye
|-supereffective|p2a: Decidueye|1
|-damage|p2a: Decidueye|0 fnt
|faint|p2a: Decidueye
|-damage|p1b: Blaziken|0 fnt|[from] Recoil
|faint|p1b: Blaziken
|
|upkeep
|
|t:|1786052546
|switch|p1b: Venusaur|Venusaur, L50, M|100/100
|switch|p2a: Zappy|Raichu-Mega-Y, L50, F|73/100
|switch|p1a: Lycanroc|Lycanroc-Dusk, L50, F|100/100
|turn|4
|
|t:|1786052570
|move|p1a: Lycanroc|Protect|p1a: Lycanroc
|-singleturn|p1a: Lycanroc|Protect
|move|p1b: Venusaur|Protect|p1b: Venusaur
|-singleturn|p1b: Venusaur|Protect
|move|p2b: Incineroar|Fake Out|p1a: Lycanroc
|-activate|p1a: Lycanroc|move: Protect
|move|p2a: Zappy|Focus Blast|p1a: Lycanroc
|-activate|p1a: Lycanroc|move: Protect
|
|-sideend|p2: NotAfrogGaming|move: Tailwind
|upkeep
|turn|5
|inactive|NotAfrogGaming has 30 seconds left.
|inactive|NotAfrogGaming has 20 seconds left.
|
|t:|1786052606
|detailschange|p1b: Venusaur|Venusaur-Mega, L50, M
|-mega|p1b: Venusaur|Venusaur|Venusaurite
|move|p2a: Zappy|Protect|p2a: Zappy
|-singleturn|p2a: Zappy|Protect
|move|p1a: Lycanroc|Close Combat|p2b: Incineroar
|-supereffective|p2b: Incineroar|1
|-damage|p2b: Incineroar|12/100
|-unboost|p1a: Lycanroc|def|1
|-unboost|p1a: Lycanroc|spd|1
|-enditem|p2b: Incineroar|Sitrus Berry|[eat]
|-heal|p2b: Incineroar|37/100|[from] item: Sitrus Berry
|move|p1b: Venusaur|Earth Power|p2a: Zappy
|-activate|p2a: Zappy|move: Protect
|move|p2b: Incineroar|Parting Shot|p1b: Venusaur
|-unboost|p1b: Venusaur|atk|1
|-unboost|p1b: Venusaur|spa|1
|
|upkeep
|turn|6
|inactive|Inteligent8pro has 30 seconds left.
|inactive|NotAfrogGaming has 30 seconds left.
|inactive|NotAfrogGaming has 20 seconds left.
|inactive|NotAfrogGaming has 15 seconds left.
|
|t:|1786052648
|move|p2a: Zappy|Zap Cannon|p1a: Lycanroc
|-enditem|p1a: Lycanroc|Focus Sash
|-damage|p1a: Lycanroc|1/100
|-status|p1a: Lycanroc|par
|move|p1b: Venusaur|Earth Power|p2a: Zappy
|-supereffective|p2a: Zappy|1
|-damage|p2a: Zappy|16/100
|move|p1a: Lycanroc|Close Combat|p2a: Zappy
|-crit|p2a: Zappy
|-damage|p2a: Zappy|0 fnt
|-unboost|p1a: Lycanroc|def|1
|-unboost|p1a: Lycanroc|spd|1
|faint|p2a: Zappy
|move|p2b: Incineroar|Flare Blitz|p1b: Venusaur
|-supereffective|p1b: Venusaur|1
|-damage|p1b: Venusaur|61/100
|-status|p1b: Venusaur|brn
|-damage|p2b: Incineroar|25/100|[from] Recoil
|
|-damage|p1b: Venusaur|55/100 brn|[from] brn
|upkeep
|turn|7
|inactive|Inteligent8pro has 30 seconds left.
|
|t:|1786052674
|move|p1b: Venusaur|Earth Power|p2b: Incineroar
|-supereffective|p2b: Incineroar|1
|-damage|p2b: Incineroar|0 fnt
|faint|p2b: Incineroar
|
|win|Inteligent8pro
||NotAfrogGaming is ready for game 2.
|inactive|Inteligent8pro has 30 seconds to confirm battle start!
||Inteligent8pro is ready for game 2.
|uhtml|next|Next: Game 2 of 3
|l|☆NotAfrogGaming
|player|p2|
