|j|☆gwbbambtaf
|j|☆ming0mang0
|html|gwbbambtafming0mang0    
|uhtml|bestof|Game 2 of a best-of-3
|t:|1756835280
|gametype|doubles
|player|p1|gwbbambtaf|infielder|1000
|player|p2|ming0mang0|harlequin|1033
|gen|9
|tier|[Gen 9] VGC 2025 Reg H (Bo3)
|rated|
|rule|Species Clause: Limit one of each Pokémon
|rule|Item Clause: Limit 1 of each item
|clearpoke
|poke|p1|Grimmsnarl, L50, M|
|poke|p1|Volcarona, L50, F|
|poke|p1|Amoonguss, L50, F|
|poke|p1|Rotom-Wash, L50|
|poke|p1|Excadrill, L50, F|
|poke|p1|Tyranitar, L50, M|
|poke|p2|Sneasler, L50, F|
|poke|p2|Indeedee, L50, M|
|poke|p2|Ursaluna-Bloodmoon, L50, M|
|poke|p2|Electabuzz, L50, M|
|poke|p2|Incineroar, L50, M|
|poke|p2|Talonflame, L50, M|
|teampreview|4
|showteam|p1|Grimmsnarl||LightClay|Prankster|SpiritBreak,Reflect,LightScreen,ThunderWave|||M|||50|,,,,,Poison]Volcarona||SafetyGoggles|FlameBody|HeatWave,Protect,GigaDrain,QuiverDance|||F|||50|,,,,,Water]Amoonguss||RockyHelmet|Regenerator|PollenPuff,Spore,ClearSmog,RagePowder|||F|||50|,,,,,Fairy]Rotom-Wash||ChoiceSpecs|Levitate|Thunderbolt,Trick,VoltSwitch,HydroPump||||||50|,,,,,Steel]Excadrill||ClearAmulet|SandRush|IronHead,Protect,SwordsDance,HighHorsepower|||F|||50|,,,,,Ghost]Tyranitar||AssaultVest|SandStream|RockSlide,LowKick,KnockOff,TeraBlast|||M|||50|,,,,,Flying
|showteam|p2|Sneasler||PsychicSeed|Unburden|CloseCombat,DireClaw,ThroatChop,Protect|||F|||50|,,,,,Dark]Indeedee||FocusSash|PsychicSurge|ExpandingForce,TrickRoom,HelpingHand,Protect|||M|||50|,,,,,Psychic]Ursaluna-Bloodmoon||LifeOrb|MindsEye|BloodMoon,HyperVoice,EarthPower,Protect|||M|||50|,,,,,Normal]Electabuzz||Eviolite|VitalSpirit|Electroweb,FollowMe,Taunt,Protect|||M|||50|,,,,,Dragon]Incineroar||SafetyGoggles|Intimidate|FlareBlitz,KnockOff,PartingShot,FakeOut|||M|||50|,,,,,Ghost]Talonflame||CovertCloak|GaleWings|FlareBlitz,DualWingbeat,WillOWisp,Tailwind|||M|||50|,,,,,Fairy
|inactive|Battle timer is ON: inactive players will automatically lose when time's up. (requested by gwbbambtaf)
|
|t:|1756835306
|teamsize|p1|4
|teamsize|p2|4
|start
|switch|p1a: Grimmsnarl|Grimmsnarl, L50, M|100/100
|switch|p1b: Tyranitar|Tyranitar, L50, M, shiny|100/100
|switch|p2a: Ursaluna|Ursaluna-Bloodmoon, L50, M|100/100
|switch|p2b: Electabuzz|Electabuzz, L50, M|100/100
|-weather|Sandstorm|[from] ability: Sand Stream|[of] p1b: Tyranitar
|turn|1
|inactive|ming0mang0 has 30 seconds left.
|inactive|ming0mang0 has 20 seconds left.
|inactive|ming0mang0 has 15 seconds left.
|inactive|ming0mang0 has 10 seconds left.
|
|t:|1756835352
|move|p1a: Grimmsnarl|Light Screen|p1a: Grimmsnarl
|-sidestart|p1: gwbbambtaf|move: Light Screen
|move|p2b: Electabuzz|Taunt|p1a: Grimmsnarl
|-start|p1a: Grimmsnarl|move: Taunt
|move|p2a: Ursaluna|Blood Moon|p1b: Tyranitar
|-resisted|p1b: Tyranitar
|-damage|p1b: Tyranitar|86/100
|-damage|p2a: Ursaluna|91/100|[from] item: Life Orb
|move|p1b: Tyranitar|Knock Off|p2a: Ursaluna
|-damage|p2a: Ursaluna|50/100
|-enditem|p2a: Ursaluna|Life Orb|[from] move: Knock Off|[of] p1b: Tyranitar
|
|-weather|Sandstorm|[upkeep]
|-damage|p2b: Electabuzz|95/100|[from] Sandstorm
|-damage|p1a: Grimmsnarl|95/100|[from] Sandstorm
|upkeep
|turn|2
|inactive|ming0mang0 has 30 seconds left.
|
|t:|1756835378
|move|p2b: Electabuzz|Electroweb|p1b: Tyranitar|[spread] p1a,p1b
|-damage|p1a: Grimmsnarl|86/100
|-damage|p1b: Tyranitar|82/100
|-unboost|p1a: Grimmsnarl|spe|1
|-unboost|p1b: Tyranitar|spe|1
|move|p2a: Ursaluna|Earth Power|p1b: Tyranitar
|-supereffective|p1b: Tyranitar
|-damage|p1b: Tyranitar|54/100
|-unboost|p1b: Tyranitar|spd|1
|move|p1b: Tyranitar|Knock Off|p2b: Electabuzz
|-damage|p2b: Electabuzz|42/100
|-enditem|p2b: Electabuzz|Eviolite|[from] move: Knock Off|[of] p1b: Tyranitar
|move|p1a: Grimmsnarl|Spirit Break|p2a: Ursaluna
|-damage|p2a: Ursaluna|24/100
|-unboost|p2a: Ursaluna|spa|1
|
|-weather|Sandstorm|[upkeep]
|-damage|p2b: Electabuzz|36/100|[from] Sandstorm
|-damage|p1a: Grimmsnarl|80/100|[from] Sandstorm
|upkeep
|turn|3
|inactive|gwbbambtaf has 30 seconds left.
|inactive|ming0mang0 has 30 seconds left.
|inactive|gwbbambtaf has 20 seconds left.
|
|t:|1756835414
|switch|p1b: Rotom|Rotom-Wash, L50|100/100
|move|p2b: Electabuzz|Electroweb|p1a: Grimmsnarl|[spread] p1a
|-miss|p2b: Electabuzz|p1b: Rotom
|-damage|p1a: Grimmsnarl|71/100
|-unboost|p1a: Grimmsnarl|spe|1
|move|p2a: Ursaluna|Earth Power|p1b: Rotom
|-immune|p1b: Rotom|[from] ability: Levitate
|move|p1a: Grimmsnarl|Spirit Break|p2b: Electabuzz
|-damage|p2b: Electabuzz|0 fnt
|faint|p2b: Electabuzz
|
|-weather|Sandstorm|[upkeep]
|-damage|p1b: Rotom|95/100|[from] Sandstorm
|-damage|p1a: Grimmsnarl|65/100|[from] Sandstorm
|upkeep
|
|t:|1756835429
|switch|p2b: Indeedee|Indeedee, L50, M|100/100
|-fieldstart|move: Psychic Terrain|[from] ability: Psychic Surge|[of] p2b: Indeedee
|turn|4
|inactive|ming0mang0 has 30 seconds left.
|inactive|ming0mang0 has 20 seconds left.
|inactive|ming0mang0 has 15 seconds left.
|
|t:|1756835473
|switch|p2a: Sneasler|Sneasler, L50, F|100/100
|-enditem|p2a: Sneasler|Psychic Seed
|-boost|p2a: Sneasler|spd|1|[from] item: Psychic Seed
|move|p2b: Indeedee|Expanding Force|p1b: Rotom|[spread] p1b
|-immune|p1a: Grimmsnarl
|-damage|p1b: Rotom|54/100
|move|p1b: Rotom|Hydro Pump|p2b: Indeedee
|-enditem|p2b: Indeedee|Focus Sash
|-damage|p2b: Indeedee|1/100
|move|p1a: Grimmsnarl|Spirit Break|p2b: Indeedee
|-damage|p2b: Indeedee|0 fnt
|faint|p2b: Indeedee
|
|-weather|Sandstorm|[upkeep]
|-damage|p2a: Sneasler|95/100|[from] Sandstorm
|-damage|p1b: Rotom|49/100|[from] Sandstorm
|-damage|p1a: Grimmsnarl|59/100|[from] Sandstorm
|-end|p1a: Grimmsnarl|move: Taunt
|upkeep
|
|t:|1756835490
|switch|p2b: Ursaluna|Ursaluna-Bloodmoon, L50, M|24/100
|turn|5
|inactive|ming0mang0 has 30 seconds left.
|
|t:|1756835518
|move|p1a: Grimmsnarl|Reflect|p1a: Grimmsnarl
|-sidestart|p1: gwbbambtaf|Reflect
|move|p2a: Sneasler|Close Combat|p1b: Rotom
|-damage|p1b: Rotom|0 fnt
|-unboost|p2a: Sneasler|def|1
|-unboost|p2a: Sneasler|spd|1
|faint|p1b: Rotom
|move|p2b: Ursaluna|Blood Moon|p1a: Grimmsnarl
|-crit|p1a: Grimmsnarl
|-damage|p1a: Grimmsnarl|0 fnt
|faint|p1a: Grimmsnarl
|
|-weather|none
|upkeep
|
|t:|1756835531
|switch|p1b: Excadrill|Excadrill, L50, F, shiny|100/100
|switch|p1a: Tyranitar|Tyranitar, L50, M, shiny|54/100
|-weather|Sandstorm|[from] ability: Sand Stream|[of] p1a: Tyranitar
|turn|6
|inactive|gwbbambtaf has 30 seconds left.
|inactive|gwbbambtaf has 20 seconds left.
|inactive|gwbbambtaf has 15 seconds left.
|inactive|gwbbambtaf has 10 seconds left.
|
|t:|1756835577
|-terastallize|p1b: Excadrill|Ghost
|move|p2a: Sneasler|Protect|p2a: Sneasler
|-singleturn|p2a: Sneasler|Protect
|move|p2b: Ursaluna|Protect|p2b: Ursaluna
|-singleturn|p2b: Ursaluna|Protect
|move|p1b: Excadrill|High Horsepower|p2a: Sneasler
|-activate|p2a: Sneasler|move: Protect
|move|p1a: Tyranitar|Low Kick|p2b: Ursaluna
|-activate|p2b: Ursaluna|move: Protect
|
|-weather|Sandstorm|[upkeep]
|-damage|p2a: Sneasler|89/100|[from] Sandstorm
|upkeep
|turn|7
|inactive|gwbbambtaf has 30 seconds left.
|inactive|ming0mang0 has 30 seconds left.
|inactive|ming0mang0 has 20 seconds left.
|
|t:|1756835617
|-terastallize|p2a: Sneasler|Dark
|move|p2a: Sneasler|Close Combat|p1a: Tyranitar
|-supereffective|p1a: Tyranitar
|-damage|p1a: Tyranitar|0 fnt
|-unboost|p2a: Sneasler|def|1
|-unboost|p2a: Sneasler|spd|1
|faint|p1a: Tyranitar
|move|p1b: Excadrill|High Horsepower|p2a: Sneasler
|-damage|p2a: Sneasler|0 fnt
|faint|p2a: Sneasler
|move|p2b: Ursaluna|Blood Moon|p1b: Excadrill
|-damage|p1b: Excadrill|35/100
|
|-weather|Sandstorm|[upkeep]
|upkeep
|turn|8
|inactive|ming0mang0 has 30 seconds left.
|
|t:|1756835648
|move|p2b: Ursaluna|Protect|p2b: Ursaluna
|-singleturn|p2b: Ursaluna|Protect
|move|p1b: Excadrill|Iron Head|p2b: Ursaluna
|-activate|p2b: Ursaluna|move: Protect
|
|-weather|Sandstorm|[upkeep]
|-sideend|p1: gwbbambtaf|move: Light Screen
|-fieldend|move: Psychic Terrain
|upkeep
|turn|9
|
|t:|1756835658
|move|p1b: Excadrill|Iron Head|p2b: Ursaluna
|-damage|p2b: Ursaluna|0 fnt
|faint|p2b: Ursaluna
|
|win|gwbbambtaf
|raw|gwbbambtaf's rating: 1000 → 1044(+44 for winning)
|raw|ming0mang0's rating: 1033 → 1017(-16 for losing)
