|j|☆bartei
|j|☆Jakobtc
|html|barteiJakobtc    
|uhtml|bestof|Game 3 of a best-of-3
|t:|1756692144
|gametype|doubles
|player|p1|bartei|265|1161
|player|p2|Jakobtc|riley|1176
|gen|9
|tier|[Gen 9] VGC 2025 Reg H (Bo3)
|rated|
|rule|Species Clause: Limit one of each Pokémon
|rule|Item Clause: Limit 1 of each item
|clearpoke
|poke|p1|Dragonite, L50, M|
|poke|p1|Volcarona, L50, F|
|poke|p1|Sneasler, L50, M|
|poke|p1|Rillaboom, L50, M|
|poke|p1|Electabuzz, L50, M|
|poke|p1|Kingambit, L50, M|
|poke|p2|Gholdengo, L50|
|poke|p2|Incineroar, L50, M|
|poke|p2|Ursaluna, L50, F|
|poke|p2|Porygon2, L50|
|poke|p2|Kilowattrel, L50, F|
|poke|p2|Sneasler, L50, F|
|teampreview|4
|showteam|p1|Dragonite||LoadedDice|Multiscale|ScaleShot,ExtremeSpeed,Haze,Protect|||M|||50|,,,,,Fairy]Volcarona||CovertCloak|FlameBody|HeatWave,TeraBlast,QuiverDance,Protect|||F|||50|,,,,,Fairy]Sneasler||FocusSash|Unburden|CloseCombat,DireClaw,Coaching,FakeOut|||M|||50|,,,,,Stellar]Rillaboom||AssaultVest|GrassySurge|WoodHammer,GrassyGlide,HighHorsepower,FakeOut|||M|||50|,,,,,Fire]Electabuzz||Eviolite|VitalSpirit|Thunderbolt,FollowMe,Taunt,Protect|||M|||50|,,,,,Ghost]Kingambit||BlackGlasses|Defiant|KowtowCleave,SuckerPunch,SwordsDance,Protect|||M|||50|,,,,,Dark
|showteam|p2|Gholdengo||LifeOrb|GoodasGold|MakeItRain,ShadowBall,NastyPlot,Protect||||||50|,,,,,Dragon]Incineroar||SafetyGoggles|Intimidate|FakeOut,FlareBlitz,KnockOff,PartingShot|||M|||50|,,,,,Bug]Ursaluna||FlameOrb|Guts|Facade,HeadlongRush,Earthquake,Protect|||F|||50|,,,,,Ghost]Porygon2||Eviolite|Download|TeraBlast,IceBeam,Recover,TrickRoom||||||50|,,,,,Flying]Kilowattrel||FocusSash|Competitive|AirSlash,Thunderbolt,Tailwind,Protect|||F|||50|,,,,,Ghost]Sneasler||WhiteHerb|Unburden|DireClaw,CloseCombat,Taunt,Protect|||F|||50|,,,,,Stellar
|inactive|Battle timer is ON: inactive players will automatically lose when time's up. (requested by bartei)
|inactive|bartei has 60 seconds left.
|inactive|bartei has 30 seconds left.
|inactive|bartei has 20 seconds left.
|inactive|bartei has 15 seconds left.
|inactive|bartei has 10 seconds left.
|inactive|bartei has 5 seconds left.
|
|t:|1756692237
|teamsize|p1|4
|teamsize|p2|4
|start
|switch|p1a: Volcarona|Volcarona, L50, F|100/100
|switch|p1b: Rillaboom|Rillaboom, L50, M|100/100
|switch|p2a: Sneasler|Sneasler, L50, F|100/100
|switch|p2b: Porygon2|Porygon2, L50, shiny|100/100
|-fieldstart|move: Grassy Terrain|[from] ability: Grassy Surge|[of] p1b: Rillaboom
|-ability|p2b: Porygon2|Download|boost
|-boost|p2b: Porygon2|atk|1
|turn|1
|inactive|Jakobtc has 30 seconds left.
|
|t:|1756692266
|-terastallize|p2b: Porygon2|Flying
|move|p1b: Rillaboom|Fake Out|p2b: Porygon2
|-damage|p2b: Porygon2|91/100
|move|p2a: Sneasler|Taunt|p1a: Volcarona
|-start|p1a: Volcarona|move: Taunt
|cant|p1a: Volcarona|move: Taunt|Quiver Dance
|cant|p2b: Porygon2|flinch
|
|upkeep
|turn|2
|inactive|Jakobtc has 30 seconds left.
|
|t:|1756692291
|switch|p1a: Electabuzz|Electabuzz, L50, M|100/100
|move|p2a: Sneasler|Dire Claw|p1b: Rillaboom
|-supereffective|p1b: Rillaboom
|-damage|p1b: Rillaboom|27/100
|move|p1b: Rillaboom|High Horsepower|p2a: Sneasler
|-supereffective|p2a: Sneasler
|-damage|p2a: Sneasler|0 fnt
|faint|p2a: Sneasler
|move|p2b: Porygon2|Tera Blast|p1b: Rillaboom|[anim] Tera Blast Flying
|-supereffective|p1b: Rillaboom
|-damage|p1b: Rillaboom|0 fnt
|faint|p1b: Rillaboom
|
|upkeep
|
|t:|1756692308
|switch|p2a: Ursaluna|Ursaluna, L50, F|100/100
|switch|p1b: Volcarona|Volcarona, L50, F|100/100
|turn|3
|
|t:|1756692330
|move|p1b: Volcarona|Quiver Dance|p1b: Volcarona
|-boost|p1b: Volcarona|spa|1
|-boost|p1b: Volcarona|spd|1
|-boost|p1b: Volcarona|spe|1
|move|p1a: Electabuzz|Taunt|p2b: Porygon2
|-start|p2b: Porygon2|move: Taunt
|move|p2b: Porygon2|Ice Beam|p1a: Electabuzz
|-damage|p1a: Electabuzz|79/100
|move|p2a: Ursaluna|Facade|p1a: Electabuzz
|-damage|p1a: Electabuzz|53/100
|
|-heal|p1a: Electabuzz|58/100|[from] Grassy Terrain
|-status|p2a: Ursaluna|brn|[from] item: Flame Orb
|upkeep
|turn|4
|inactive|Jakobtc has 30 seconds left.
|
|t:|1756692355
|switch|p1a: Kingambit|Kingambit, L50, M, shiny|100/100
|move|p1b: Volcarona|Protect|p1b: Volcarona
|-singleturn|p1b: Volcarona|Protect
|move|p2b: Porygon2|Tera Blast|p1b: Volcarona|[anim] Tera Blast Flying
|-activate|p1b: Volcarona|move: Protect
|move|p2a: Ursaluna|Headlong Rush|p1a: Kingambit
|-supereffective|p1a: Kingambit
|-damage|p1a: Kingambit|0 fnt
|-unboost|p2a: Ursaluna|def|1
|-unboost|p2a: Ursaluna|spd|1
|faint|p1a: Kingambit
|
|-damage|p2a: Ursaluna|94/100 brn|[from] brn
|upkeep
|
|t:|1756692363
|switch|p1a: Electabuzz|Electabuzz, L50, M|58/100
|turn|5
|
|t:|1756692381
|switch|p2a: Incineroar|Incineroar, L50, M|100/100
|-ability|p2a: Incineroar|Intimidate|boost
|-unboost|p1a: Electabuzz|atk|1
|-unboost|p1b: Volcarona|atk|1
|move|p1a: Electabuzz|Follow Me|p1a: Electabuzz
|-singleturn|p1a: Electabuzz|move: Follow Me
|move|p1b: Volcarona|Heat Wave|p2b: Porygon2|[spread] p2a,p2b
|-resisted|p2a: Incineroar
|-damage|p2a: Incineroar|78/100
|-damage|p2b: Porygon2|62/100
|move|p2b: Porygon2|Tera Blast|p1a: Electabuzz|[anim] Tera Blast Flying
|-resisted|p1a: Electabuzz
|-damage|p1a: Electabuzz|46/100
|
|-heal|p1a: Electabuzz|52/100|[from] Grassy Terrain
|-heal|p2a: Incineroar|84/100|[from] Grassy Terrain
|-end|p2b: Porygon2|move: Taunt
|-fieldend|move: Grassy Terrain
|upkeep
|turn|6
|inactive|Jakobtc has 30 seconds left.
|
|t:|1756692410
|switch|p2b: Ursaluna|Ursaluna, L50, F|94/100 brn
|-terastallize|p1a: Electabuzz|Ghost
|move|p1b: Volcarona|Heat Wave|p2b: Ursaluna|[spread] p2a,p2b
|-resisted|p2a: Incineroar
|-damage|p2a: Incineroar|63/100
|-damage|p2b: Ursaluna|40/100 brn
|move|p1a: Electabuzz|Taunt|p2b: Ursaluna
|-start|p2b: Ursaluna|move: Taunt
|move|p2a: Incineroar|Flare Blitz|p1a: Electabuzz
|-damage|p1a: Electabuzz|8/100
|-damage|p2a: Incineroar|51/100|[from] Recoil
|
|-damage|p2b: Ursaluna|34/100 brn|[from] brn
|upkeep
|turn|7
|
|t:|1756692430
|switch|p2b: Porygon2|Porygon2, L50, shiny, tera:Flying|62/100
|-ability|p2b: Porygon2|Download|boost
|-boost|p2b: Porygon2|atk|1
|move|p1a: Electabuzz|Protect|p1a: Electabuzz
|-singleturn|p1a: Electabuzz|Protect
|move|p1b: Volcarona|Heat Wave|p2b: Porygon2|[spread] p2a,p2b
|-resisted|p2a: Incineroar
|-damage|p2a: Incineroar|31/100
|-damage|p2b: Porygon2|35/100
|move|p2a: Incineroar|Parting Shot|p1b: Volcarona
|-unboost|p1b: Volcarona|atk|1
|-unboost|p1b: Volcarona|spa|1
|
|t:|1756692441
|switch|p2a: Ursaluna|Ursaluna, L50, F|34/100 brn|[from] Parting Shot
|
|-damage|p2a: Ursaluna|28/100 brn|[from] brn
|upkeep
|turn|8
|
|t:|1756692457
|move|p1b: Volcarona|Heat Wave|p2b: Porygon2|[spread] p2a,p2b
|-damage|p2a: Ursaluna|0 fnt
|-damage|p2b: Porygon2|14/100
|faint|p2a: Ursaluna
|move|p1a: Electabuzz|Thunderbolt|p2b: Porygon2
|-supereffective|p2b: Porygon2
|-damage|p2b: Porygon2|0 fnt
|faint|p2b: Porygon2
|
|upkeep
|
|t:|1756692464
|switch|p2b: Incineroar|Incineroar, L50, M|31/100
|-ability|p2b: Incineroar|Intimidate|boost
|-unboost|p1a: Electabuzz|atk|1
|-unboost|p1b: Volcarona|atk|1
|turn|9
|c|☆Jakobtc|gg i'm such a bad player
|
|t:|1756692479
|move|p1a: Electabuzz|Protect|p1a: Electabuzz
|-singleturn|p1a: Electabuzz|Protect
|move|p1b: Volcarona|Tera Blast|p2b: Incineroar
|-damage|p2b: Incineroar|7/100
|move|p2b: Incineroar|Flare Blitz|p1b: Volcarona
|-damage|p1b: Volcarona|31/100
|-damage|p2b: Incineroar|0 fnt|[from] Recoil
|faint|p2b: Incineroar
|
|win|bartei
|raw|bartei's rating: 1161 → 1187(+26 for winning)
|raw|Jakobtc's rating: 1176 → 1150(-26 for losing)
|c|☆bartei|I don't think so
|c|☆bartei|g2 was good on your side
|l|☆bartei
|player|p1|
