|j|☆Taroda
|j|☆hanfugun
|html|Tarodahanfugun    
|uhtml|bestof|Game 2 of a best-of-3
|t:|1786201278
|gametype|doubles
|player|p1|Taroda|102|
|player|p2|hanfugun|brock|
|gen|9
|tier|[Gen 9 Champions] VGC 2026 Reg M-B (Bo3)
|rule|Species Clause: Limit one of each Pokémon
|rule|Item Clause: Limit 1 of each item
|clearpoke
|poke|p1|Kingambit, L50, F|
|poke|p1|Sneasler, L50, M|
|poke|p1|Froslass, L50, F|
|poke|p1|Lycanroc-Dusk, L50, M|
|poke|p1|Basculegion, L50, M|
|poke|p1|Scovillain, L50, M|
|poke|p2|Venusaur, L50, M|
|poke|p2|Maushold, L50, shiny|
|poke|p2|Blaziken, L50, F, shiny|
|poke|p2|Kingambit, L50, M|
|poke|p2|Whimsicott, L50, F|
|poke|p2|Milotic, L50, F|
|teampreview|4
|showteam|p1|Kingambit||LifeOrb|Defiant|KowtowCleave,SuckerPunch,SwordsDance,Protect|Adamant||F|||50|]Sneasler||WhiteHerb|Unburden|FakeOut,CloseCombat,DireClaw,Protect|Jolly||M|||50|]Froslass||Froslassite|CursedBody|Blizzard,ShadowBall,AuroraVeil,Protect|Timid||F|||50|]Lycanroc-Dusk||FocusSash|ToughClaws|CloseCombat,RockSlide,Accelerock,Protect|Adamant||M|||50|]Basculegion||MysticWater|Adaptability|LastRespects,AquaJet,WaveCrash,Protect|Jolly||M|||50|]Scovillain||Scovillainite|Moody|Overheat,GigaDrain,RagePowder,Protect|Modest||M|||50|
|showteam|p2|Venusaur||Venusaurite|Chlorophyll|GigaDrain,SludgeBomb,EarthPower,Protect|Modest||M|||50|]Maushold||WideLens|Technician|Protect,PopulationBomb,HelpingHand,FollowMe|Jolly|||||50|]Blaziken||Blazikenite|SpeedBoost|Detect,FlareBlitz,CloseCombat,RockSlide|Adamant||F|||50|]Kingambit||ChopleBerry|Defiant|KowtowCleave,SuckerPunch,IronHead,LowKick|Adamant||M|||50|]Whimsicott||FocusSash|Prankster|Protect,Moonblast,Tailwind,Encore|Timid||F|||50|]Milotic||SitrusBerry|Competitive|Scald,IceBeam,IcyWind,Protect|Modest||F|||50|
|j| Unskilled99
|j| cornervgc486
|
|t:|1786201361
|teamsize|p1|4
|teamsize|p2|4
|start
|switch|p1a: Froslass|Froslass, L50, F|100/100
|switch|p1b: Lycanroc|Lycanroc-Dusk, L50, M|100/100
|switch|p2a: 四之宮•攻|Kingambit, L50, M|100/100
|switch|p2b: 霸王•花|Venusaur, L50, M|100/100
|turn|1
|
|t:|1786201420
|detailschange|p1a: Froslass|Froslass-Mega, L50, F
|-mega|p1a: Froslass|Froslass|Froslassite
|-weather|Snowscape|[from] ability: Snow Warning|[of] p1a: Froslass
|detailschange|p2b: 霸王•花|Venusaur-Mega, L50, M
|-mega|p2b: 霸王•花|Venusaur|Venusaurite
|move|p1a: Froslass|Aurora Veil|p1a: Froslass
|-sidestart|p1: Taroda|move: Aurora Veil
|move|p1b: Lycanroc|Close Combat|p2a: 四之宮•攻
|-supereffective|p2a: 四之宮•攻|2
|-enditem|p2a: 四之宮•攻|Chople Berry|[eat]
|-enditem|p2a: 四之宮•攻|Chople Berry|[weaken]
|-damage|p2a: 四之宮•攻|15/100
|-unboost|p1b: Lycanroc|def|1
|-unboost|p1b: Lycanroc|spd|1
|move|p2b: 霸王•花|Giga Drain|p1b: Lycanroc
|-supereffective|p1b: Lycanroc|1
|-enditem|p1b: Lycanroc|Focus Sash
|-damage|p1b: Lycanroc|1/100
|move|p2a: 四之宮•攻|Kowtow Cleave|p1a: Froslass
|-supereffective|p1a: Froslass|1
|-damage|p1a: Froslass|47/100
|
|-weather|Snowscape|[upkeep]
|upkeep
|turn|2
|
|t:|1786201477
|move|p1b: Lycanroc|Accelerock|p2b: 霸王•花
|-damage|p2b: 霸王•花|77/100
|move|p2a: 四之宮•攻|Sucker Punch|p1a: Froslass
|-supereffective|p1a: Froslass|1
|-damage|p1a: Froslass|0 fnt
|faint|p1a: Froslass
|move|p2b: 霸王•花|Giga Drain|p1b: Lycanroc
|-supereffective|p1b: Lycanroc|1
|-damage|p1b: Lycanroc|0 fnt
|-heal|p2b: 霸王•花|77/100|[from] drain|[of] p1b: Lycanroc
|faint|p1b: Lycanroc
|
|-weather|Snowscape|[upkeep]
|upkeep
|
|t:|1786201487
|switch|p1a: Basculegion|Basculegion, L50, M|100/100
|switch|p1b: Sneasler|Sneasler, L50, M|100/100
|turn|3
|j| jimmy0514
|
|t:|1786201515
|move|p2b: 霸王•花|Protect|p2b: 霸王•花
|-singleturn|p2b: 霸王•花|Protect
|move|p1b: Sneasler|Fake Out|p2b: 霸王•花
|-activate|p2b: 霸王•花|move: Protect
|move|p1a: Basculegion|Aqua Jet|p2a: 四之宮•攻
|-damage|p2a: 四之宮•攻|0 fnt
|faint|p2a: 四之宮•攻
|
|-weather|Snowscape|[upkeep]
|upkeep
|
|t:|1786201527
|switch|p2a: 卡璞•棉棉|Whimsicott, L50, F|100/100
|turn|4
|j| Midoria100
|
|t:|1786201536
|move|p2a: 卡璞•棉棉|Encore|p1a: Basculegion
|-start|p1a: Basculegion|Encore
|move|p1a: Basculegion|Aqua Jet|p2b: 霸王•花
|-resisted|p2b: 霸王•花|1
|-damage|p2b: 霸王•花|65/100
|move|p1b: Sneasler|Dire Claw|p2a: 卡璞•棉棉
|-supereffective|p2a: 卡璞•棉棉|2
|-enditem|p2a: 卡璞•棉棉|Focus Sash
|-damage|p2a: 卡璞•棉棉|1/100
|move|p2b: 霸王•花|Giga Drain|p1a: Basculegion
|-supereffective|p1a: Basculegion|1
|-crit|p1a: Basculegion
|-damage|p1a: Basculegion|0 fnt
|-heal|p2b: 霸王•花|100/100|[from] drain|[of] p1a: Basculegion
|faint|p1a: Basculegion
|
|-weather|Snowscape|[upkeep]
|upkeep
|turn|5
|
|t:|1786201552
|move|p2a: 卡璞•棉棉|Tailwind|p2a: 卡璞•棉棉
|-sidestart|p2: hanfugun|move: Tailwind
|move|p2b: 霸王•花|Earth Power|p1b: Sneasler
|-supereffective|p1b: Sneasler|1
|-damage|p1b: Sneasler|43/100
|move|p1b: Sneasler|Dire Claw|p2b: 霸王•花
|-damage|p2b: 霸王•花|66/100
|-status|p2b: 霸王•花|par
|
|-weather|none
|-sideend|p1: Taroda|move: Aurora Veil
|upkeep
|turn|6
|
|t:|1786201563
|move|p2a: 卡璞•棉棉|Moonblast|p1b: Sneasler
|-damage|p1b: Sneasler|0 fnt
|faint|p1b: Sneasler
|
|win|hanfugun
|l| Unskilled99
|c|☆hanfugun|謝謝指教
|l| cornervgc486
|c|☆Taroda|謝謝
|l| jimmy0514
