|j|вҳҶClementine1997
|j|вҳҶar1stoteles vgc
|html|Clementine1997ar1stoteles vgc    
|uhtml|bestof|Game 2 of a best-of-3
|t:|1756497034
|gametype|doubles
|player|p1|Clementine1997|clair|1005
|player|p2|ar1stoteles vgc|wallace|1094
|gen|9
|tier|[Gen 9] VGC 2025 Reg H (Bo3)
|rated|
|rule|Species Clause: Limit one of each PokГ©mon
|rule|Item Clause: Limit 1 of each item
|clearpoke
|poke|p1|Maushold-Four, L50|
|poke|p1|Annihilape, L50, M|
|poke|p1|Pelipper, L50, F|
|poke|p1|Archaludon, L50, F|
|poke|p1|Armarouge, L50, F|
|poke|p1|Indeedee-F, L50, F|
|poke|p2|Indeedee-F, L50, F|
|poke|p2|Hatterene, L50, F|
|poke|p2|Gallade, L50, M|
|poke|p2|Ursaluna, L50, M|
|poke|p2|Lilligant-Hisui, L50, F|
|poke|p2|Torkoal, L50, M|
|teampreview|4
|showteam|p1|Maushold-Four||SafetyGoggles|FriendGuard|PopulationBomb,BeatUp,FollowMe,Taunt||||||50|,,,,,Ghost]Annihilape||LifeOrb|Defiant|RageFist,CloseCombat,BulkUp,Protect|||M|||50|,,,,,Fire]Pelipper||CovertCloak|Drizzle|Hurricane,WeatherBall,Tailwind,Protect|||F|||50|,,,,,Grass]Archaludon||AssaultVest|Stamina|BodyPress,ElectroShot,DarkPulse,FlashCannon|||F|||50|,,,,,Grass]Armarouge||WeaknessPolicy|WeakArmor|ExpandingForce,AuraSphere,ShadowBall,Protect|||F|||50|,,,,,Psychic]Indeedee-F||PsychicSeed|PsychicSurge|Psychic,TrickRoom,Imprison,Protect|||F|||50|,,,,,Dark
|showteam|p2|Indeedee-F||PsychicSeed|PsychicSurge|TrickRoom,FollowMe,HelpingHand,DazzlingGleam|||F|||50|,,,,,Fire]Hatterene||LifeOrb|MagicBounce|ExpandingForce,TrickRoom,DazzlingGleam,Protect|||F|||50|,,,,,Psychic]Gallade||ClearAmulet|Sharpness|PsychoCut,TrickRoom,SacredSword,WideGuard|||M|||50|,,,,,Grass]Ursaluna||FlameOrb|Guts|HeadlongRush,Facade,SwordsDance,Protect|||M|||50|,,,,,Ghost]Lilligant-Hisui||FocusSash|Chlorophyll|SolarBlade,SleepPowder,CloseCombat,AfterYou|||F|||50|,,,,,Ghost]Torkoal||ChoiceSpecs|Drought|Eruption,HeatWave,WeatherBall,EarthPower|||M|||50|,,,,,Fire
|inactive|Battle timer is ON: inactive players will automatically lose when time's up. (requested by ar1stoteles vgc)
|
|t:|1756497063
|teamsize|p1|4
|teamsize|p2|4
|start
|switch|p1a: Indeedee|Indeedee-F, L50, F, shiny|100/100
|switch|p1b: Armarouge|Armarouge, L50, F, shiny|100/100
|switch|p2a: зҙ«з«Ҫи¶…еҸҜж„ӣ|Indeedee-F, L50, F, shiny|100/100
|switch|p2b: зҙ«з«ҪеҘҪеҸҜж„ӣ|Lilligant-Hisui, L50, F, shiny|100/100
|-fieldstart|move: Psychic Terrain|[from] ability: Psychic Surge|[of] p1a: Indeedee
|-enditem|p1a: Indeedee|Psychic Seed
|-boost|p1a: Indeedee|spd|1|[from] item: Psychic Seed
|-enditem|p2a: зҙ«з«Ҫи¶…еҸҜж„ӣ|Psychic Seed
|-boost|p2a: зҙ«з«Ҫи¶…еҸҜж„ӣ|spd|1|[from] item: Psychic Seed
|turn|1
|
|t:|1756497085
|move|p2b: зҙ«з«ҪеҘҪеҸҜж„ӣ|Sleep Powder|p1b: Armarouge
|-status|p1b: Armarouge|slp|[from] move: Sleep Powder
|cant|p1b: Armarouge|slp
|move|p1a: Indeedee|Imprison|p1a: Indeedee
|-start|p1a: Indeedee|move: Imprison
|cant|p2a: зҙ«з«Ҫи¶…еҸҜж„ӣ|move: Imprison|Trick Room
|
|upkeep
|turn|2
|
|t:|1756497105
|switch|p2a: еӨӘжЁӮе·ҙжҲҲж–Ҝ|Torkoal, L50, M, shiny|100/100
|-weather|SunnyDay|[from] ability: Drought|[of] p2a: еӨӘжЁӮе·ҙжҲҲж–Ҝ
|move|p1a: Indeedee|Protect|p1a: Indeedee
|-singleturn|p1a: Indeedee|Protect
|move|p2b: зҙ«з«ҪеҘҪеҸҜж„ӣ|Sleep Powder|p1a: Indeedee
|-activate|p1a: Indeedee|move: Protect
|cant|p1b: Armarouge|slp
|
|-weather|SunnyDay|[upkeep]
|upkeep
|turn|3
|
|t:|1756497117
|move|p2b: зҙ«з«ҪеҘҪеҸҜж„ӣ|After You|p2a: еӨӘжЁӮе·ҙжҲҲж–Ҝ
|-activate|p2a: еӨӘжЁӮе·ҙжҲҲж–Ҝ|move: After You
|move|p2a: еӨӘжЁӮе·ҙжҲҲж–Ҝ|Earth Power|p1b: Armarouge
|-supereffective|p1b: Armarouge
|-crit|p1b: Armarouge
|-damage|p1b: Armarouge|0 fnt
|faint|p1b: Armarouge
|move|p1a: Indeedee|Psychic|p2b: зҙ«з«ҪеҘҪеҸҜж„ӣ
|-supereffective|p2b: зҙ«з«ҪеҘҪеҸҜж„ӣ
|-enditem|p2b: зҙ«з«ҪеҘҪеҸҜж„ӣ|Focus Sash
|-damage|p2b: зҙ«з«ҪеҘҪеҸҜж„ӣ|1/100
|
|-weather|SunnyDay|[upkeep]
|upkeep
|
|t:|1756497122
|switch|p1b: Pelipper|Pelipper, L50, F, shiny|100/100
|-weather|RainDance|[from] ability: Drizzle|[of] p1b: Pelipper
|turn|4
|
|t:|1756497135
|switch|p2a: зҙ«з«Ҫи¶…еҸҜж„ӣ|Indeedee-F, L50, F, shiny|100/100
|-terastallize|p1b: Pelipper|Grass
|move|p2b: зҙ«з«ҪеҘҪеҸҜж„ӣ|Sleep Powder|p1b: Pelipper
|-immune|p1b: Pelipper
|move|p1b: Pelipper|Weather Ball|p2a: зҙ«з«Ҫи¶…еҸҜж„ӣ
|-damage|p2a: зҙ«з«Ҫи¶…еҸҜж„ӣ|49/100
|move|p1a: Indeedee|Psychic|p2b: зҙ«з«ҪеҘҪеҸҜж„ӣ
|-supereffective|p2b: зҙ«з«ҪеҘҪеҸҜж„ӣ
|-damage|p2b: зҙ«з«ҪеҘҪеҸҜж„ӣ|0 fnt
|faint|p2b: зҙ«з«ҪеҘҪеҸҜж„ӣ
|
|-weather|RainDance|[upkeep]
|upkeep
|
|t:|1756497141
|switch|p2b: еӨӘжЁӮе·ҙжҲҲж–Ҝ|Torkoal, L50, M, shiny|100/100
|-weather|SunnyDay|[from] ability: Drought|[of] p2b: еӨӘжЁӮе·ҙжҲҲж–Ҝ
|turn|5
|
|t:|1756497151
|switch|p1a: Annihilape|Annihilape, L50, M, shiny|100/100
|-terastallize|p2b: еӨӘжЁӮе·ҙжҲҲж–Ҝ|Fire
|move|p1b: Pelipper|Protect|p1b: Pelipper
|-singleturn|p1b: Pelipper|Protect
|move|p2a: зҙ«з«Ҫи¶…еҸҜж„ӣ|Follow Me|p2a: зҙ«з«Ҫи¶…еҸҜж„ӣ
|-singleturn|p2a: зҙ«з«Ҫи¶…еҸҜж„ӣ|move: Follow Me
|move|p2b: еӨӘжЁӮе·ҙжҲҲж–Ҝ|Eruption|p1a: Annihilape|[spread] p1a
|-activate|p1b: Pelipper|move: Protect
|-damage|p1a: Annihilape|0 fnt
|faint|p1a: Annihilape
|
|-weather|SunnyDay|[upkeep]
|-fieldend|move: Psychic Terrain
|upkeep
|-message|Clementine1997 forfeited.
|raw|Clementine1997's rating: 1005 → 1000(-5 for losing)
|raw|ar1stoteles vgc's rating: 1094 → 1113(+19 for winning)
|
|win|ar1stoteles vgc
|l|вҳҶClementine1997
|player|p1|
