|j|☆merr123
|j|☆spiritneko666
|html|merr123spiritneko666    
|uhtml|bestof|Game 1 of a best-of-3
|t:|1756857820
|gametype|doubles
|player|p1|merr123|sisandbro|1125
|player|p2|spiritneko666|psychic-gen4|1114
|gen|9
|tier|[Gen 9] VGC 2025 Reg H (Bo3)
|rated|
|rule|Species Clause: Limit one of each Pokémon
|rule|Item Clause: Limit 1 of each item
|clearpoke
|poke|p1|Sneasler, L50, M|
|poke|p1|Gholdengo, L50|
|poke|p1|Amoonguss, L50, M|
|poke|p1|Incineroar, L50, F|
|poke|p1|Ursaluna-Bloodmoon, L50, M|
|poke|p1|Farigiraf, L50, F|
|poke|p2|Sneasler, L50, F|
|poke|p2|Indeedee, L50, M|
|poke|p2|Ursaluna-Bloodmoon, L50, M|
|poke|p2|Talonflame, L50, F|
|poke|p2|Incineroar, L50, F|
|poke|p2|Dragapult, L50, M|
|teampreview|4
|showteam|p1|Sneasler||ClearAmulet|PoisonTouch|FakeOut,CloseCombat,DireClaw,Protect|||M|||50|,,,,,Water]Gholdengo||LifeOrb|GoodasGold|NastyPlot,MakeItRain,ShadowBall,Protect||||||50|,,,,,Water]Amoonguss||MentalHerb|Regenerator|Spore,RagePowder,PollenPuff,Protect|||M|||50|,,,,,Water]Incineroar||SafetyGoggles|Intimidate|FakeOut,FlareBlitz,KnockOff,PartingShot|||F|||50|,,,,,Ghost]Ursaluna-Bloodmoon||SilkScarf|MindsEye|CalmMind,EarthPower,BloodMoon,Protect|||M|||50|,,,,,Poison]Farigiraf||ThroatSpray|ArmorTail|HyperVoice,Psychic,TrickRoom,Protect|||F|||50|,,,,,Dragon
|showteam|p2|Sneasler||PsychicSeed|Unburden|CloseCombat,DireClaw,ThroatChop,Protect|||F|||50|,,,,,Dark]Indeedee||FocusSash|PsychicSurge|ExpandingForce,TrickRoom,HelpingHand,Imprison|||M|||50|,,,,,Psychic]Ursaluna-Bloodmoon||LifeOrb|MindsEye|BloodMoon,HyperVoice,EarthPower,Protect|||M|||50|,,,,,Normal]Talonflame||CovertCloak|GaleWings|FlareBlitz,DualWingbeat,WillOWisp,Tailwind|||F|||50|,,,,,Fairy]Incineroar||SafetyGoggles|Intimidate|FlareBlitz,KnockOff,PartingShot,FakeOut|||F|||50|,,,,,Ghost]Dragapult||ChoiceBand|ClearBody|DragonDarts,Uturn,Outrage,PsychicFangs|||M|||50|,,,,,Dragon
|inactive|Battle timer is ON: inactive players will automatically lose when time's up. (requested by spiritneko666)
|inactive|merr123 also wants the timer to be on.
|inactive|merr123 has 60 seconds left.
|inactive|spiritneko666 has 60 seconds left.
|inactive|merr123 has 30 seconds left.
|inactive|merr123 has 20 seconds left.
|inactive|merr123 has 15 seconds left.
|inactive|merr123 has 10 seconds left.
|inactive|merr123 has 5 seconds left.
|
|t:|1756857908
|teamsize|p1|4
|teamsize|p2|4
|start
|switch|p1a: Farigiraf|Farigiraf, L50, F|100/100
|switch|p1b: Gholdengo|Gholdengo, L50|100/100
|switch|p2a: Dragapult|Dragapult, L50, M|100/100
|switch|p2b: Maple|Ursaluna-Bloodmoon, L50, M|100/100
|turn|1
|inactive|merr123 has 30 seconds left.
|
|t:|1756857937
|move|p1b: Gholdengo|Protect|p1b: Gholdengo
|-singleturn|p1b: Gholdengo|Protect
|move|p1a: Farigiraf|Protect|p1a: Farigiraf
|-singleturn|p1a: Farigiraf|Protect
|move|p2a: Dragapult|Dragon Darts|p1a: Farigiraf
|-activate|p1b: Gholdengo|move: Protect
|move|p2b: Maple|Earth Power|p1b: Gholdengo
|-activate|p1b: Gholdengo|move: Protect
|
|upkeep
|turn|2
|inactive|merr123 has 30 seconds left.
|
|t:|1756857971
|move|p2a: Dragapult|Dragon Darts|p1a: Farigiraf
|-damage|p1a: Farigiraf|68/100
|-anim|p2a: Dragapult|Dragon Darts|p1b: Gholdengo
|-resisted|p1b: Gholdengo
|-damage|p1b: Gholdengo|83/100
|move|p1b: Gholdengo|Make It Rain|p2a: Dragapult|[spread] p2a,p2b
|-damage|p2a: Dragapult|4/100
|-damage|p2b: Maple|16/100
|-unboost|p1b: Gholdengo|spa|1
|-damage|p1b: Gholdengo|74/100|[from] item: Life Orb
|move|p2b: Maple|Earth Power|p1b: Gholdengo
|-supereffective|p1b: Gholdengo
|-damage|p1b: Gholdengo|0 fnt
|faint|p1b: Gholdengo
|-damage|p2b: Maple|6/100|[from] item: Life Orb
|move|p1a: Farigiraf|Trick Room|p1a: Farigiraf
|-fieldstart|move: Trick Room|[of] p1a: Farigiraf
|
|upkeep
|inactive|merr123 has 30 seconds left.
|
|t:|1756858000
|switch|p1b: Ursaluna|Ursaluna-Bloodmoon, L50, M|100/100
|turn|3
|
|t:|1756858008
|move|p1a: Farigiraf|Hyper Voice|p2b: Maple|[spread] p2b
|-immune|p2a: Dragapult
|-damage|p2b: Maple|0 fnt
|faint|p2b: Maple
|-enditem|p1a: Farigiraf|Throat Spray
|-boost|p1a: Farigiraf|spa|1|[from] item: Throat Spray
|move|p1b: Ursaluna|Calm Mind|p1b: Ursaluna
|-boost|p1b: Ursaluna|spa|1
|-boost|p1b: Ursaluna|spd|1
|move|p2a: Dragapult|Dragon Darts|p1a: Farigiraf
|-crit|p1a: Farigiraf
|-damage|p1a: Farigiraf|18/100
|-anim|p2a: Dragapult|Dragon Darts|p1b: Ursaluna
|-damage|p1b: Ursaluna|74/100
|
|upkeep
|
|t:|1756858018
|switch|p2b: Alfred|Indeedee, L50, M|100/100
|-fieldstart|move: Psychic Terrain|[from] ability: Psychic Surge|[of] p2b: Alfred
|turn|4
|inactive|merr123 has 30 seconds left.
|
|t:|1756858053
|move|p1a: Farigiraf|Hyper Voice|p2b: Alfred|[spread] p2b
|-immune|p2a: Dragapult
|-damage|p2b: Alfred|41/100
|move|p1b: Ursaluna|Blood Moon|p2b: Alfred
|-damage|p2b: Alfred|0 fnt
|faint|p2b: Alfred
|move|p2a: Dragapult|Dragon Darts|p1a: Farigiraf
|-damage|p1a: Farigiraf|0 fnt
|-anim|p2a: Dragapult|Dragon Darts|p1b: Ursaluna
|-damage|p1b: Ursaluna|45/100
|faint|p1a: Farigiraf
|
|upkeep
|
|t:|1756858060
|switch|p1a: Incineroar|Incineroar, L50, F|100/100
|switch|p2b: Sonya|Sneasler, L50, F|100/100
|-ability|p1a: Incineroar|Intimidate|boost
|-fail|p2a: Dragapult|unboost|[from] ability: Clear Body|[of] p2a: Dragapult
|-unboost|p2b: Sonya|atk|1
|-enditem|p2b: Sonya|Psychic Seed
|-boost|p2b: Sonya|spd|1|[from] item: Psychic Seed
|turn|5
|inactive|merr123 has 30 seconds left.
|
|t:|1756858090
|-terastallize|p1b: Ursaluna|Poison
|move|p2b: Sonya|Protect|p2b: Sonya
|-singleturn|p2b: Sonya|Protect
|move|p1a: Incineroar|Knock Off|p2a: Dragapult
|-supereffective|p2a: Dragapult
|-damage|p2a: Dragapult|0 fnt
|-enditem|p2a: Dragapult|Choice Band|[from] move: Knock Off|[of] p1a: Incineroar
|faint|p2a: Dragapult
|move|p1b: Ursaluna|Earth Power|p2b: Sonya
|-activate|p2b: Sonya|move: Protect
|
|upkeep
|turn|6
|-message|spiritneko666 forfeited.
|
|win|merr123
