|j|☆monkey stall
|j|☆Carter.Dev
|html|monkey stallCarter.Dev    
|uhtml|bestof|Game 3 of a best-of-3
|t:|1755478368
|gametype|doubles
|player|p1|monkey stall|1|1136
|player|p2|Carter.Dev|101|1256
|gen|9
|tier|[Gen 9] VGC 2025 Reg H (Bo3)
|rated|
|rule|Species Clause: Limit one of each Pokémon
|rule|Item Clause: Limit 1 of each item
|clearpoke
|poke|p1|Kingambit, L50, F|
|poke|p1|Sinistcha, L50|
|poke|p1|Incineroar, L50, F|
|poke|p1|Dragonite, L50, M|
|poke|p1|Ursaluna, L50, M|
|poke|p1|Sneasler, L50, F|
|poke|p2|Garchomp, L50, M|
|poke|p2|Gholdengo, L50|
|poke|p2|Incineroar, L50, F|
|poke|p2|Amoonguss, L50, M|
|poke|p2|Kilowattrel, L50, M|
|poke|p2|Tyranitar, L50, M|
|teampreview|4
|showteam|p1|Kingambit||BlackGlasses|Defiant|SuckerPunch,KowtowCleave,SwordsDance,Protect|||F|||50|,,,,,Dark]Sinistcha||SitrusBerry|Hospitality|MatchaGotcha,RagePowder,TrickRoom,Protect||||||50|,,,,,Flying]Incineroar||SafetyGoggles|Intimidate|FlareBlitz,KnockOff,FakeOut,PartingShot|||F|||50|,,,,,Ghost]Dragonite||LoadedDice|Multiscale|ScaleShot,Tailwind,Haze,Protect|||M|||50|,,,,,Fairy]Ursaluna||FlameOrb|Guts|Facade,Earthquake,HeadlongRush,Protect|||M|||50|,,,,,Grass]Sneasler||FocusSash|PoisonTouch|DireClaw,CloseCombat,Coaching,Protect|||F|||50|,,,,,Stellar
|showteam|p2|Garchomp||LifeOrb|SandVeil|DragonClaw,StompingTantrum,Earthquake,Protect|||M|||50|,,,,,Ground]Gholdengo||MetalCoat|GoodasGold|MakeItRain,ShadowBall,NastyPlot,Protect||||||50|,,,,,Flying]Incineroar||SafetyGoggles|Intimidate|FakeOut,FlareBlitz,KnockOff,PartingShot|||F|||50|,,,,,Ghost]Amoonguss||SitrusBerry|Regenerator|Spore,RagePowder,PollenPuff,Protect|||M|||50|,,,,,Water]Kilowattrel||FocusSash|Competitive|Electroweb,VoltSwitch,AirSlash,Tailwind|||M|||50|,,,,,Ghost]Tyranitar||AssaultVest|SandStream|RockSlide,KnockOff,LowKick,TeraBlast|||M|||50|,,,,,Flying
|inactive|Battle timer is ON: inactive players will automatically lose when time's up. (requested by Carter.Dev)
|inactive|monkey stall has 60 seconds left.
|l|☆Carter.Dev
|inactive|Carter.Dev disconnected and has a minute to reconnect!
|player|p2|
|j|☆Carter.Dev
|inactive|Carter.Dev reconnected.
|player|p2|Carter.Dev|101|
|
|t:|1755478424
|teamsize|p1|4
|teamsize|p2|4
|start
|switch|p1a: Incineroar|Incineroar, L50, F|100/100
|switch|p1b: Sinistcha|Sinistcha, L50|100/100
|switch|p2a: Kilowattrel|Kilowattrel, L50, M, shiny|100/100
|switch|p2b: Incineroar|Incineroar, L50, F, shiny|100/100
|-ability|p2b: Incineroar|Intimidate|boost
|-unboost|p1a: Incineroar|atk|1
|-unboost|p1b: Sinistcha|atk|1
|-ability|p1a: Incineroar|Intimidate|boost
|-unboost|p2a: Kilowattrel|atk|1
|-ability|p2a: Kilowattrel|Competitive|boost
|-boost|p2a: Kilowattrel|spa|2
|-unboost|p2b: Incineroar|atk|1
|turn|1
|
|t:|1755478446
|switch|p1a: Ursaluna|Ursaluna, L50, M|100/100
|-terastallize|p2a: Kilowattrel|Ghost
|-terastallize|p1b: Sinistcha|Flying
|move|p2a: Kilowattrel|Air Slash|p1b: Sinistcha|[miss]
|-miss|p2a: Kilowattrel|p1b: Sinistcha
|move|p2b: Incineroar|Flare Blitz|p1b: Sinistcha
|-damage|p1b: Sinistcha|68/100
|-damage|p2b: Incineroar|91/100|[from] Recoil
|move|p1b: Sinistcha|Trick Room|p1b: Sinistcha
|-fieldstart|move: Trick Room|[of] p1b: Sinistcha
|
|-status|p1a: Ursaluna|brn|[from] item: Flame Orb
|upkeep
|turn|2
|inactive|monkey stall has 30 seconds left.
|
|t:|1755478473
|move|p1b: Sinistcha|Rage Powder|p1b: Sinistcha
|-singleturn|p1b: Sinistcha|move: Rage Powder
|move|p1a: Ursaluna|Facade|p2b: Incineroar
|-damage|p2b: Incineroar|0 fnt
|faint|p2b: Incineroar
|move|p2a: Kilowattrel|Air Slash|p1b: Sinistcha
|-damage|p1b: Sinistcha|6/100
|-enditem|p1b: Sinistcha|Sitrus Berry|[eat]
|-heal|p1b: Sinistcha|31/100|[from] item: Sitrus Berry
|
|-damage|p1a: Ursaluna|95/100 brn|[from] brn
|upkeep
|
|t:|1755478484
|switch|p2b: Garchomp|Garchomp, L50, M, shiny|100/100
|turn|3
|
|t:|1755478495
|move|p2b: Garchomp|Protect|p2b: Garchomp
|-singleturn|p2b: Garchomp|Protect
|move|p1a: Ursaluna|Headlong Rush|p2a: Kilowattrel
|-enditem|p2a: Kilowattrel|Focus Sash
|-damage|p2a: Kilowattrel|1/100
|-unboost|p1a: Ursaluna|def|1
|-unboost|p1a: Ursaluna|spd|1
|move|p1b: Sinistcha|Matcha Gotcha|p2a: Kilowattrel|[spread] 
|-activate|p2b: Garchomp|move: Protect
|-miss|p1b: Sinistcha|p2a: Kilowattrel
|move|p2a: Kilowattrel|Air Slash|p1b: Sinistcha
|-damage|p1b: Sinistcha|0 fnt
|faint|p1b: Sinistcha
|
|-damage|p1a: Ursaluna|89/100 brn|[from] brn
|upkeep
|
|t:|1755478511
|switch|p1b: Incineroar|Incineroar, L50, F|100/100
|-ability|p1b: Incineroar|Intimidate|boost
|-unboost|p2a: Kilowattrel|atk|1
|-ability|p2a: Kilowattrel|Competitive|boost
|-boost|p2a: Kilowattrel|spa|2
|-unboost|p2b: Garchomp|atk|1
|turn|4
|inactive|Carter.Dev has 30 seconds left.
|
|t:|1755478542
|switch|p2a: Tyranitar|Tyranitar, L50, M|100/100
|-weather|Sandstorm|[from] ability: Sand Stream|[of] p2a: Tyranitar
|move|p1a: Ursaluna|Facade|p2b: Garchomp|[miss]
|-miss|p1a: Ursaluna|p2b: Garchomp
|move|p1b: Incineroar|Knock Off|p2a: Tyranitar
|-resisted|p2a: Tyranitar
|-damage|p2a: Tyranitar|84/100
|-enditem|p2a: Tyranitar|Assault Vest|[from] move: Knock Off|[of] p1b: Incineroar
|move|p2b: Garchomp|Stomping Tantrum|p1b: Incineroar
|-supereffective|p1b: Incineroar
|-damage|p1b: Incineroar|47/100
|-damage|p2b: Garchomp|91/100|[from] item: Life Orb
|
|-weather|Sandstorm|[upkeep]
|-damage|p1a: Ursaluna|83/100 brn|[from] brn
|upkeep
|turn|5
|
|t:|1755478555
|switch|p2a: Kilowattrel|Kilowattrel, L50, M, shiny, tera:Ghost|1/100
|move|p2b: Garchomp|Protect|p2b: Garchomp
|-singleturn|p2b: Garchomp|Protect
|move|p1a: Ursaluna|Headlong Rush|p2a: Kilowattrel
|-damage|p2a: Kilowattrel|0 fnt
|-unboost|p1a: Ursaluna|def|1
|-unboost|p1a: Ursaluna|spd|1
|faint|p2a: Kilowattrel
|move|p1b: Incineroar|Parting Shot|p2b: Garchomp
|-activate|p2b: Garchomp|move: Protect
|
|-weather|Sandstorm|[upkeep]
|-damage|p1a: Ursaluna|77/100 brn|[from] brn
|-fieldend|move: Trick Room
|upkeep
|
|t:|1755478557
|switch|p2a: Tyranitar|Tyranitar, L50, M|84/100
|turn|6
|
|t:|1755478579
|move|p1a: Ursaluna|Protect|p1a: Ursaluna
|-singleturn|p1a: Ursaluna|Protect
|move|p2b: Garchomp|Stomping Tantrum|p1b: Incineroar
|-supereffective|p1b: Incineroar
|-crit|p1b: Incineroar
|-damage|p1b: Incineroar|0 fnt
|faint|p1b: Incineroar
|-damage|p2b: Garchomp|81/100|[from] item: Life Orb
|move|p2a: Tyranitar|Low Kick|p1a: Ursaluna
|-activate|p1a: Ursaluna|move: Protect
|
|-weather|Sandstorm|[upkeep]
|-damage|p1a: Ursaluna|71/100 brn|[from] brn
|upkeep
|
|t:|1755478583
|switch|p1b: Sneasler|Sneasler, L50, F, shiny|100/100
|turn|7
|
|t:|1755478606
|move|p1b: Sneasler|Close Combat|p2a: Tyranitar
|-supereffective|p2a: Tyranitar
|-damage|p2a: Tyranitar|0 fnt
|-unboost|p1b: Sneasler|def|1
|-unboost|p1b: Sneasler|spd|1
|faint|p2a: Tyranitar
|move|p2b: Garchomp|Dragon Claw|p1a: Ursaluna
|-damage|p1a: Ursaluna|22/100 brn
|-damage|p2b: Garchomp|71/100|[from] item: Life Orb
|move|p1a: Ursaluna|Facade|p2b: Garchomp|[miss]
|-miss|p1a: Ursaluna|p2b: Garchomp
|
|-weather|Sandstorm|[upkeep]
|-damage|p1b: Sneasler|95/100|[from] Sandstorm
|-damage|p1a: Ursaluna|16/100 brn|[from] brn
|upkeep
|turn|8
|
|t:|1755478623
|move|p1b: Sneasler|Protect|p1b: Sneasler
|-singleturn|p1b: Sneasler|Protect
|move|p1a: Ursaluna|Protect|p1a: Ursaluna
|-singleturn|p1a: Ursaluna|Protect
|move|p2b: Garchomp|Earthquake|p1a: Ursaluna|[spread] 
|-activate|p1a: Ursaluna|move: Protect
|-activate|p1b: Sneasler|move: Protect
|
|-weather|none
|-damage|p1a: Ursaluna|10/100 brn|[from] brn
|upkeep
|turn|9
|
|t:|1755478642
|move|p2b: Garchomp|Protect|p2b: Garchomp
|-singleturn|p2b: Garchomp|Protect
|move|p1b: Sneasler|Dire Claw|p2b: Garchomp
|-activate|p2b: Garchomp|move: Protect
|move|p1a: Ursaluna|Facade|p2b: Garchomp
|-activate|p2b: Garchomp|move: Protect
|
|-damage|p1a: Ursaluna|5/100 brn|[from] brn
|upkeep
|turn|10
|
|t:|1755478646
|move|p1b: Sneasler|Dire Claw|p2b: Garchomp
|-resisted|p2b: Garchomp
|-damage|p2b: Garchomp|51/100
|-status|p2b: Garchomp|slp
|cant|p2b: Garchomp|slp
|move|p1a: Ursaluna|Facade|p2b: Garchomp
|-damage|p2b: Garchomp|0 fnt
|faint|p2b: Garchomp
|
|win|monkey stall
|raw|monkey stall's rating: 1136 → 1169(+33 for winning)
|raw|Carter.Dev's rating: 1256 → 1223(-33 for losing)
