|j|☆PokeEarth
|j|☆tauruster
|html|PokeEarthtauruster    
|uhtml|bestof|Game 1 of a best-of-3
|t:|1782326131
|gametype|doubles
|player|p1|PokeEarth|2|
|player|p2|tauruster|battlegirl-gen4|
|gen|9
|tier|[Gen 9 Champions] VGC 2026 Reg M-B (Bo3)
|rule|Species Clause: Limit one of each Pokémon
|rule|Item Clause: Limit 1 of each item
|clearpoke
|poke|p1|Gholdengo, L50|
|poke|p1|Scrafty, L50, M|
|poke|p1|Aerodactyl, L50, F|
|poke|p1|Rotom-Heat, L50|
|poke|p1|Venusaur, L50, M|
|poke|p1|Garchomp, L50, F|
|poke|p2|Farigiraf, L50, F|
|poke|p2|Incineroar, L50, M|
|poke|p2|Mawile, L50, F|
|poke|p2|Garchomp, L50, M|
|poke|p2|Charizard, L50, M|
|poke|p2|Whimsicott, L50, M|
|teampreview|4
|showteam|p1|Gholdengo||LifeOrb|GoodasGold|NastyPlot,Protect,ShadowBall,MakeItRain|Modest|||||50|]Scrafty||Scraftinite|Intimidate|FakeOut,CloseCombat,KnockOff,IcePunch|Adamant||M|||50|]Aerodactyl||FocusSash|Unnerve|Tailwind,RockSlide,DualWingbeat,Protect|Jolly||F|||50|]Rotom-Heat||SitrusBerry|Levitate|WillOWisp,Overheat,Thunderbolt,VoltSwitch|Timid|||||50|]Venusaur||Venusaurite|Chlorophyll|GigaDrain,SludgeBomb,EarthPower,Protect|Modest||M|||50|]Garchomp||ChoiceScarf|RoughSkin|Earthquake,DragonClaw,RockSlide,StompingTantrum|Adamant||F|||50|
|showteam|p2|Farigiraf||SitrusBerry|ArmorTail|Psychic,Thunderbolt,TrickRoom,HelpingHand|Calm||F|||50|]Incineroar||Charcoal|Intimidate|FakeOut,FlareBlitz,ThroatChop,PartingShot|Adamant||M|||50|]Mawile||Mawilite|HyperCutter|IronHead,PlayRough,SuckerPunch,Protect|Adamant||F|||50|]Garchomp||LifeOrb|RoughSkin|DragonClaw,StompingTantrum,RockSlide,Protect|Jolly||M|||50|]Charizard||CharizarditeY|SolarPower|HeatWave,WeatherBall,Protect,SolarBeam|Modest||M|||50|]Whimsicott||FocusSash|Prankster|Moonblast,Tailwind,Encore,Protect|Timid||M|||50|
|c|☆PokeEarth|gl hf
|c|☆tauruster|u 2
|inactive|Battle timer is ON: inactive players will automatically lose when time's up. (requested by tauruster)
|
|t:|1782326170
|teamsize|p1|4
|teamsize|p2|4
|start
|switch|p1a: Aerodactyl|Aerodactyl, L50, F|100/100
|switch|p1b: Garchomp|Garchomp, L50, F|100/100
|switch|p2a: Farigiraf|Farigiraf, L50, F|100/100
|switch|p2b: Incineroar|Incineroar, L50, M|100/100
|-ability|p1a: Aerodactyl|Unnerve
|-ability|p2b: Incineroar|Intimidate|boost
|-unboost|p1a: Aerodactyl|atk|1
|-unboost|p1b: Garchomp|atk|1
|turn|1
|
|t:|1782326194
|switch|p1a: Rotom|Rotom-Heat, L50|100/100
|move|p2b: Incineroar|Fake Out|p1a: Rotom
|-damage|p1a: Rotom|84/100
|move|p1b: Garchomp|Earthquake|p2a: Farigiraf|[spread] p2a,p2b
|-immune|p1a: Rotom|[from] ability: Levitate
|-supereffective|p2b: Incineroar|1
|-damage|p2a: Farigiraf|72/100
|-damage|p2b: Incineroar|43/100
|move|p2a: Farigiraf|Trick Room|p2a: Farigiraf
|-fieldstart|move: Trick Room|[of] p2a: Farigiraf
|
|upkeep
|turn|2
|inactive|PokeEarth has 30 seconds left.
|inactive|tauruster has 30 seconds left.
|
|t:|1782326228
|move|p2a: Farigiraf|Psychic|p1a: Rotom
|-damage|p1a: Rotom|46/100
|-enditem|p1a: Rotom|Sitrus Berry|[eat]
|-heal|p1a: Rotom|71/100|[from] item: Sitrus Berry
|move|p2b: Incineroar|Parting Shot|p1b: Garchomp
|-unboost|p1b: Garchomp|atk|1
|-unboost|p1b: Garchomp|spa|1
|
|t:|1782326235
|switch|p2b: Garchomp|Garchomp, L50, M|100/100|[from] Parting Shot
|move|p1a: Rotom|Will-O-Wisp|p2b: Garchomp
|-status|p2b: Garchomp|brn
|move|p1b: Garchomp|Earthquake|p2a: Farigiraf|[spread] p2a,p2b
|-immune|p1a: Rotom|[from] ability: Levitate
|-damage|p2a: Farigiraf|52/100
|-damage|p2b: Garchomp|76/100 brn
|
|-damage|p2b: Garchomp|70/100 brn|[from] brn
|upkeep
|turn|3
|inactive|PokeEarth has 30 seconds left.
|inactive|PokeEarth has 20 seconds left.
|inactive|PokeEarth has 15 seconds left.
|inactive|PokeEarth has 10 seconds left.
|inactive|tauruster has 30 seconds left.
|
|t:|1782326291
|switch|p1a: Aerodactyl|Aerodactyl, L50, F|100/100
|-ability|p1a: Aerodactyl|Unnerve
|switch|p1b: Venusaur|Venusaur, L50, M|100/100
|move|p2a: Farigiraf|Psychic|p1a: Aerodactyl
|-damage|p1a: Aerodactyl|49/100
|move|p2b: Garchomp|Rock Slide|p1b: Venusaur|[spread] p1a,p1b
|-supereffective|p1a: Aerodactyl|1
|-damage|p1a: Aerodactyl|5/100
|-damage|p1b: Venusaur|85/100
|-damage|p2b: Garchomp|61/100 brn|[from] item: Life Orb
|
|-damage|p2b: Garchomp|55/100 brn|[from] brn
|upkeep
|turn|4
|inactive|PokeEarth has 30 seconds left.
|inactive|tauruster has 30 seconds left.
|inactive|tauruster has 20 seconds left.
|inactive|tauruster has 15 seconds left.
|
|t:|1782326332
|detailschange|p1b: Venusaur|Venusaur-Mega, L50, M
|-mega|p1b: Venusaur|Venusaur|Venusaurite
|move|p1b: Venusaur|Protect|p1b: Venusaur
|-singleturn|p1b: Venusaur|Protect
|move|p1a: Aerodactyl|Protect|p1a: Aerodactyl
|-singleturn|p1a: Aerodactyl|Protect
|move|p2a: Farigiraf|Psychic|p1b: Venusaur
|-activate|p1b: Venusaur|move: Protect
|move|p2b: Garchomp|Rock Slide|p1a: Aerodactyl|[spread] 
|-activate|p1a: Aerodactyl|move: Protect
|-activate|p1b: Venusaur|move: Protect
|
|-damage|p2b: Garchomp|49/100 brn|[from] brn
|upkeep
|turn|5
|inactive|PokeEarth has 30 seconds left.
|
|t:|1782326366
|switch|p1b: Garchomp|Garchomp, L50, F|100/100
|switch|p2b: Incineroar|Incineroar, L50, M|43/100
|-ability|p2b: Incineroar|Intimidate|boost
|-unboost|p1a: Aerodactyl|atk|1
|-unboost|p1b: Garchomp|atk|1
|move|p2a: Farigiraf|Psychic|p1a: Aerodactyl
|-damage|p1a: Aerodactyl|0 fnt
|faint|p1a: Aerodactyl
|
|-fieldend|move: Trick Room
|upkeep
|inactive|PokeEarth has 30 seconds left.
|
|t:|1782326393
|switch|p1a: Venusaur|Venusaur-Mega, L50, M|85/100
|turn|6
|
|t:|1782326409
|move|p2b: Incineroar|Fake Out|p1a: Venusaur
|-damage|p1a: Venusaur|74/100
|move|p1b: Garchomp|Rock Slide|p2b: Incineroar|[spread] p2a,p2b
|-supereffective|p2b: Incineroar|1
|-damage|p2a: Farigiraf|38/100
|-damage|p2b: Incineroar|13/100
|-enditem|p2a: Farigiraf|Sitrus Berry|[eat]
|-heal|p2a: Farigiraf|63/100|[from] item: Sitrus Berry
|cant|p1a: Venusaur|flinch
|move|p2a: Farigiraf|Trick Room|p2a: Farigiraf
|-fieldstart|move: Trick Room|[of] p2a: Farigiraf
|
|upkeep
|turn|7
|
|t:|1782326433
|move|p2a: Farigiraf|Psychic|p1a: Venusaur
|-supereffective|p1a: Venusaur|1
|-damage|p1a: Venusaur|20/100y
|move|p2b: Incineroar|Parting Shot|p1a: Venusaur
|-unboost|p1a: Venusaur|atk|1
|-unboost|p1a: Venusaur|spa|1
|
|t:|1782326438
|switch|p2b: Mawile|Mawile, L50, F|100/100|[from] Parting Shot
|move|p1a: Venusaur|Earth Power|p2a: Farigiraf
|-damage|p2a: Farigiraf|45/100
|move|p1b: Garchomp|Rock Slide|p2a: Farigiraf|[spread] p2a
|-miss|p1b: Garchomp|p2b: Mawile
|-damage|p2a: Farigiraf|31/100
|
|upkeep
|turn|8
|inactive|PokeEarth has 30 seconds left.
|
|t:|1782326470
|switch|p1b: Rotom|Rotom-Heat, L50|71/100
|detailschange|p2b: Mawile|Mawile-Mega, L50, F
|-mega|p2b: Mawile|Mawile|Mawilite
|move|p1a: Venusaur|Protect|p1a: Venusaur
|-singleturn|p1a: Venusaur|Protect
|move|p2a: Farigiraf|Psychic|p1b: Rotom
|-damage|p1b: Rotom|32/100
|move|p2b: Mawile|Iron Head|p1a: Venusaur
|-activate|p1a: Venusaur|move: Protect
|
|upkeep
|turn|9
|inactive|PokeEarth has 30 seconds left.
|inactive|tauruster has 30 seconds left.
|inactive|PokeEarth has 20 seconds left.
|
|t:|1782326505
|move|p2a: Farigiraf|Psychic|p1b: Rotom
|-damage|p1b: Rotom|0 fnt
|faint|p1b: Rotom
|move|p2b: Mawile|Iron Head|p1a: Venusaur
|-damage|p1a: Venusaur|0 fnt
|faint|p1a: Venusaur
|
|upkeep
|
|t:|1782326515
|switch|p1a: Garchomp|Garchomp, L50, F|100/100
|turn|10
|
|t:|1782326522
|move|p2a: Farigiraf|Psychic|p1a: Garchomp
|-damage|p1a: Garchomp|65/100
|move|p2b: Mawile|Iron Head|p1a: Garchomp
|-crit|p1a: Garchomp
|-damage|p1a: Garchomp|0 fnt
|-damage|p2b: Mawile|87/100|[from] ability: Rough Skin|[of] p1a: Garchomp
|faint|p1a: Garchomp
|
|win|tauruster
||tauruster is ready for game 2.
||PokeEarth is ready for game 2.
|uhtml|next|Next: Game 2 of 3
