|j|☆iamapinapplethatis
|j|☆lolgz
|html|iamapinapplethatislolgz    
|uhtml|bestof|Game 1 of a best-of-3
|t:|1782456262
|gametype|doubles
|player|p1|iamapinapplethatis|170|1181
|player|p2|lolgz|dawn|1260
|gen|9
|tier|[Gen 9 Champions] VGC 2026 Reg M-B (Bo3)
|rated|
|rule|Species Clause: Limit one of each Pokémon
|rule|Item Clause: Limit 1 of each item
|clearpoke
|poke|p1|Pelipper, L50, M|
|poke|p1|Archaludon, L50, F|
|poke|p1|Scizor, L50, M|
|poke|p1|Basculegion, L50, M|
|poke|p1|Sneasler, L50, M|
|poke|p1|Kingambit, L50, F|
|poke|p2|Mawile, L50, F|
|poke|p2|Sneasler, L50, F|
|poke|p2|Farigiraf, L50, M|
|poke|p2|Crabominable, L50, M|
|poke|p2|Vileplume, L50, F|
|poke|p2|Torkoal, L50, F|
|teampreview|4
|showteam|p1|Pelipper||SitrusBerry|Drizzle|WeatherBall,Hurricane,Protect,Tailwind|Bold||M|||50|]Archaludon||Leftovers|Stamina|ElectroShot,FlashCannon,Protect,DracoMeteor|Timid||F|||50|]Scizor||Scizorite|LightMetal|BugBite,BulletPunch,Protect,Feint|Adamant||M|||50|]Basculegion||ChoiceScarf|Adaptability|WaveCrash,LastRespects,FlipTurn,AquaJet|Jolly||M|||50|]Sneasler||FocusSash|PoisonTouch|CloseCombat,DireClaw,Protect,FakeOut|Jolly||M|||50|]Kingambit||LifeOrb|Defiant|IronHead,KowtowCleave,Protect,SuckerPunch|Adamant||F|||50|
|showteam|p2|Mawile||Mawilite|HyperCutter|PlayRough,SuckerPunch,SwordsDance,Protect|Serious||F|||50|]Sneasler||IronBall|PoisonTouch|FakeOut,DireClaw,CloseCombat,RockTomb|Brave||F|||50|]Farigiraf||SitrusBerry|ArmorTail|TrickRoom,Thunderbolt,Psychic,HelpingHand|Relaxed||M|||50|]Crabominable||Crabominite|IronFist|MachPunch,DrainPunch,IceHammer,Protect|Brave||M|||50|]Vileplume||FocusSash|Chlorophyll|SleepPowder,SludgeBomb,EnergyBall,AfterYou|Timid||F|||50|]Torkoal||Charcoal|Drought|Eruption,WeatherBall,EarthPower,Protect|Quiet||F|||50|
|inactive|Battle timer is ON: inactive players will automatically lose when time's up. (requested by lolgz)
|inactive|iamapinapplethatis also wants the timer to be on.
|inactive|iamapinapplethatis has 60 seconds left.
|
|t:|1782456294
|teamsize|p1|4
|teamsize|p2|4
|start
|switch|p1a: Pelipper|Pelipper, L50, M|100/100
|switch|p1b: Basculegion|Basculegion, L50, M|100/100
|switch|p2a: Farigiraf|Farigiraf, L50, M|100/100
|switch|p2b: Sneasler|Sneasler, L50, F|100/100
|-weather|RainDance|[from] ability: Drizzle|[of] p1a: Pelipper
|turn|1
|inactive|lolgz has 30 seconds left.
|inactive|lolgz has 20 seconds left.
|inactive|lolgz has 15 seconds left.
|inactive|lolgz has 10 seconds left.
|inactive|lolgz has 5 seconds left.
|
|t:|1782456345
|switch|p1a: Scizor|Scizor, L50, M|100/100
|move|p2b: Sneasler|Fake Out|p1a: Scizor
|-resisted|p1a: Scizor|1
|-damage|p1a: Scizor|92/100
|move|p1b: Basculegion|Flip Turn|p2b: Sneasler
|-damage|p2b: Sneasler|21/100
|
|t:|1782456358
|switch|p1b: Archaludon|Archaludon, L50, F|100/100|[from] Flip Turn
|move|p2a: Farigiraf|Trick Room|p2a: Farigiraf
|-fieldstart|move: Trick Room|[of] p2a: Farigiraf
|
|-weather|RainDance|[upkeep]
|upkeep
|turn|2
|
|t:|1782456369
|switch|p2a: Torkoal|Torkoal, L50, F|100/100
|-weather|SunnyDay|[from] ability: Drought|[of] p2a: Torkoal
|detailschange|p1a: Scizor|Scizor-Mega, L50, M
|-mega|p1a: Scizor|Scizor|Scizorite
|move|p2b: Sneasler|Close Combat|p1b: Archaludon
|-supereffective|p1b: Archaludon|1
|-damage|p1b: Archaludon|0 fnt
|-unboost|p2b: Sneasler|def|1
|-unboost|p2b: Sneasler|spd|1
|faint|p1b: Archaludon
|move|p1a: Scizor|Bug Bite|p2a: Torkoal
|-resisted|p2a: Torkoal|1
|-crit|p2a: Torkoal
|-damage|p2a: Torkoal|66/100
|
|-weather|SunnyDay|[upkeep]
|upkeep
|
|t:|1782456376
|switch|p1b: Pelipper|Pelipper, L50, M|100/100
|-weather|RainDance|[from] ability: Drizzle|[of] p1b: Pelipper
|turn|3
|
|t:|1782456381
|switch|p2a: Farigiraf|Farigiraf, L50, M|100/100
|move|p1a: Scizor|Bullet Punch||[still]
|cant|p2a: Farigiraf|ability: Armor Tail|Bullet Punch|[of] p1a: Scizor
|move|p2b: Sneasler|Dire Claw|p1b: Pelipper
|-damage|p1b: Pelipper|61/100
|move|p1b: Pelipper|Weather Ball|p2a: Farigiraf
|-damage|p2a: Farigiraf|50/100g
|
|-weather|RainDance|[upkeep]
|upkeep
|turn|4
|
|t:|1782456395
|switch|p2b: Torkoal|Torkoal, L50, F|66/100
|-weather|SunnyDay|[from] ability: Drought|[of] p2b: Torkoal
|switch|p1b: Basculegion|Basculegion, L50, M|100/100
|move|p2a: Farigiraf|Thunderbolt|p1b: Basculegion
|-supereffective|p1b: Basculegion|1
|-damage|p1b: Basculegion|52/100
|move|p1a: Scizor|Bug Bite|p2b: Torkoal
|-resisted|p2b: Torkoal|1
|-damage|p2b: Torkoal|45/100
|
|-weather|SunnyDay|[upkeep]
|upkeep
|turn|5
|
|t:|1782456413
|switch|p1b: Pelipper|Pelipper, L50, M|61/100
|-weather|RainDance|[from] ability: Drizzle|[of] p1b: Pelipper
|move|p2b: Torkoal|Eruption|p1a: Scizor|[spread] p1a,p1b
|-supereffective|p1a: Scizor|2
|-resisted|p1b: Pelipper|1
|-damage|p1a: Scizor|42/100
|-damage|p1b: Pelipper|53/100
|move|p2a: Farigiraf|Thunderbolt|p1b: Pelipper
|-supereffective|p1b: Pelipper|2
|-damage|p1b: Pelipper|0 fnt
|faint|p1b: Pelipper
|move|p1a: Scizor|Bug Bite|p2a: Farigiraf
|-supereffective|p2a: Farigiraf|1
|-damage|p2a: Farigiraf|0 fnt
|-enditem|p2a: Farigiraf|Sitrus Berry|[from] stealeat|[move] Bug Bite|[of] p1a: Scizor
|-heal|p1a: Scizor|67/100|[from] item: Sitrus Berry
|faint|p2a: Farigiraf
|
|-weather|RainDance|[upkeep]
|-fieldend|move: Trick Room
|upkeep
|
|t:|1782456424
|switch|p1b: Basculegion|Basculegion, L50, M|52/100
|switch|p2a: Sneasler|Sneasler, L50, F|21/100
|turn|6
|inactive|iamapinapplethatis has 30 seconds left.
|
|t:|1782456452
|move|p1a: Scizor|Protect|p1a: Scizor
|-singleturn|p1a: Scizor|Protect
|move|p2a: Sneasler|Fake Out|p1a: Scizor
|-activate|p1a: Scizor|move: Protect
|move|p1b: Basculegion|Last Respects|p2b: Torkoal
|-damage|p2b: Torkoal|0 fnt
|faint|p2b: Torkoal
|
|-weather|RainDance|[upkeep]
|upkeep
|
|t:|1782456454
|switch|p2b: Crabominable|Crabominable, L50, M|100/100
|turn|7
|
|t:|1782456474
|detailschange|p2b: Crabominable|Crabominable-Mega, L50, M
|-mega|p2b: Crabominable|Crabominable|Crabominite
|move|p1a: Scizor|Bullet Punch|p2a: Sneasler
|-damage|p2a: Sneasler|0 fnt
|faint|p2a: Sneasler
|move|p2b: Crabominable|Mach Punch|p1a: Scizor
|-damage|p1a: Scizor|45/100
|move|p1b: Basculegion|Last Respects|p2b: Crabominable
|-damage|p2b: Crabominable|34/100
|
|-weather|RainDance|[upkeep]
|upkeep
|turn|8
|-message|lolgz forfeited.
|
|win|iamapinapplethatis
