|j|☆Xiyme
|j|☆x-demon18
|html|Xiymex-demon18    
|uhtml|bestof|Game 2 of a best-of-3
|t:|1784590666
|gametype|doubles
|player|p1|Xiyme|266|1077
|player|p2|x-demon18|lucas|1044
|gen|9
|tier|[Gen 9 Champions] VGC 2026 Reg M-B (Bo3)
|rated|
|rule|Species Clause: Limit one of each Pokémon
|rule|Item Clause: Limit 1 of each item
|clearpoke
|poke|p1|Dragonite, L50, M, shiny|
|poke|p1|Basculegion, L50, M|
|poke|p1|Archaludon, L50, F|
|poke|p1|Pelipper, L50, M|
|poke|p1|Beedrill, L50, M|
|poke|p1|Incineroar, L50, F|
|poke|p2|Incineroar, L50, M|
|poke|p2|Rotom-Wash, L50|
|poke|p2|Venusaur, L50, F|
|poke|p2|Corviknight, L50, M|
|poke|p2|Sylveon, L50, F|
|poke|p2|Garchomp, L50, M|
|teampreview|4
|showteam|p1|Dragonite||Dragoninite|Multiscale|DragonPulse,Flamethrower,Protect,Tailwind|Modest||M|||50|]Basculegion||ChoiceScarf|Adaptability|WaveCrash,AquaJet,FlipTurn,LastRespects|Jolly||M|||50|]Archaludon||ChopleBerry|Stamina|DracoMeteor,ElectroShot,AuraSphere,Protect|Bold||F|||50|]Pelipper||FocusSash|Drizzle|Hurricane,WeatherBall,WideGuard,Tailwind|Timid||M|||50|]Beedrill||Beedrillite|Sniper|Uturn,PoisonJab,Protect,DrillRun|Jolly||M|||50|]Incineroar||SitrusBerry|Intimidate|FakeOut,PartingShot,FlareBlitz,DarkestLariat|Serious||F|||50|
|showteam|p2|Incineroar||ExpertBelt|Intimidate|FakeOut,TemperFlare,ThroatChop,PartingShot|Adamant||M|||50|]Rotom-Wash||RindoBerry|Levitate|HydroPump,Electroweb,WillOWisp,VoltSwitch|Modest|||||50|]Venusaur||Venusaurite|Chlorophyll|GigaDrain,SludgeBomb,EarthPower,Protect|Modest||F|||50|]Corviknight||OccaBerry|MirrorArmor|Tailwind,DualWingbeat,IronHead,BodyPress|Adamant||M|||50|]Sylveon||FairyFeather|Pixilate|HyperVoice,QuickAttack,Yawn,Detect|Modest||F|||50|]Garchomp||LifeOrb|RoughSkin|RockSlide,DragonClaw,StompingTantrum,Protect|Jolly||M|||50|
|inactive|Battle timer is ON: inactive players will automatically lose when time's up. (requested by x-demon18)
|
|t:|1784590738
|teamsize|p1|4
|teamsize|p2|4
|start
|switch|p1a: Archaludon|Archaludon, L50, F|100/100
|switch|p1b: Pelipper|Pelipper, L50, M|100/100
|switch|p2a: HydroVolt|Rotom-Wash, L50|100/100
|switch|p2b: Frieren|Sylveon, L50, F|100/100
|-weather|RainDance|[from] ability: Drizzle|[of] p1b: Pelipper
|turn|1
|
|t:|1784590757
|move|p1b: Pelipper|Tailwind|p1b: Pelipper
|-sidestart|p1: Xiyme|move: Tailwind
|move|p1a: Archaludon|Electro Shot||[still]
|-prepare|p1a: Archaludon|Electro Shot
|-boost|p1a: Archaludon|spa|1
|-anim|p1a: Archaludon|Electro Shot|p2a: HydroVolt
|-damage|p2a: HydroVolt|42/100
|move|p2a: HydroVolt|Volt Switch|p1b: Pelipper
|-supereffective|p1b: Pelipper|2
|-enditem|p1b: Pelipper|Focus Sash
|-damage|p1b: Pelipper|1/100
|
|t:|1784590769
|switch|p2a: Wolverine|Incineroar, L50, M|100/100|[from] Volt Switch
|-ability|p2a: Wolverine|Intimidate|boost
|-unboost|p1a: Archaludon|atk|1
|-unboost|p1b: Pelipper|atk|1
|move|p2b: Frieren|Yawn|p1a: Archaludon
|-start|p1a: Archaludon|move: Yawn|[of] p2b: Frieren
|
|-weather|RainDance|[upkeep]
|upkeep
|turn|2
|
|t:|1784590786
|switch|p1b: Dionisio|Dragonite, L50, M, shiny|100/100
|switch|p1a: Basculegion|Basculegion, L50, M|100/100
|move|p2a: Wolverine|Parting Shot|p1a: Basculegion
|-unboost|p1a: Basculegion|atk|1
|-unboost|p1a: Basculegion|spa|1
|
|t:|1784590794
|switch|p2a: HydroVolt|Rotom-Wash, L50|42/100|[from] Parting Shot
|move|p2b: Frieren|Hyper Voice|p1b: Dionisio|[spread] p1a,p1b
|-supereffective|p1b: Dionisio|1
|-damage|p1a: Basculegion|51/100
|-damage|p1b: Dionisio|52/100
|
|-weather|RainDance|[upkeep]
|upkeep
|turn|3
|
|t:|1784590812
|detailschange|p1b: Dionisio|Dragonite-Mega, L50, M, shiny
|-mega|p1b: Dionisio|Dragonite|Dragoninite
|move|p2b: Frieren|Detect|p2b: Frieren
|-singleturn|p2b: Frieren|Protect
|move|p1a: Basculegion|Wave Crash|p2b: Frieren
|-activate|p2b: Frieren|move: Protect
|move|p1b: Dionisio|Dragon Pulse|p2a: HydroVolt
|-damage|p2a: HydroVolt|0 fnt
|faint|p2a: HydroVolt
|
|-weather|RainDance|[upkeep]
|upkeep
|
|t:|1784590825
|switch|p2a: Wolverine|Incineroar, L50, M|100/100
|-ability|p2a: Wolverine|Intimidate|boost
|-unboost|p1a: Basculegion|atk|1
|-unboost|p1b: Dionisio|atk|1
|turn|4
|
|t:|1784590841
|switch|p1a: Archaludon|Archaludon, L50, F|100/100
|switch|p2a: Berserk|Garchomp, L50, M|100/100
|move|p1b: Dionisio|Protect|p1b: Dionisio
|-singleturn|p1b: Dionisio|Protect
|move|p2b: Frieren|Hyper Voice|p1a: Archaludon|[spread] p1a
|-activate|p1b: Dionisio|move: Protect
|-damage|p1a: Archaludon|62/100
|-ability|p1a: Archaludon|Stamina|boost
|-boost|p1a: Archaludon|def|1
|
|-weather|RainDance|[upkeep]
|-sideend|p1: Xiyme|move: Tailwind
|upkeep
|turn|5
|inactive|Xiyme has 30 seconds left.
|inactive|Xiyme has 20 seconds left.
|inactive|Xiyme has 15 seconds left.
|inactive|x-demon18 has 30 seconds left.
|inactive|Xiyme has 10 seconds left.
|
|t:|1784590890
|move|p2a: Berserk|Protect|p2a: Berserk
|-singleturn|p2a: Berserk|Protect
|move|p1b: Dionisio|Dragon Pulse|p2a: Berserk
|-activate|p2a: Berserk|move: Protect
|move|p1a: Archaludon|Electro Shot||[still]
|-prepare|p1a: Archaludon|Electro Shot
|-boost|p1a: Archaludon|spa|1
|-anim|p1a: Archaludon|Electro Shot|p2b: Frieren
|-damage|p2b: Frieren|61/100
|move|p2b: Frieren|Hyper Voice|p1a: Archaludon|[spread] p1a,p1b
|-supereffective|p1b: Dionisio|1
|-damage|p1a: Archaludon|22/100
|-damage|p1b: Dionisio|0 fnt
|-ability|p1a: Archaludon|Stamina|boost
|-boost|p1a: Archaludon|def|1
|faint|p1b: Dionisio
|
|-weather|none
|upkeep
|
|t:|1784590905
|switch|p1b: Pelipper|Pelipper, L50, M|1/100
|-weather|RainDance|[from] ability: Drizzle|[of] p1b: Pelipper
|turn|6
|
|t:|1784590916
|move|p1b: Pelipper|Wide Guard|p1b: Pelipper
|-singleturn|p1b: Pelipper|Wide Guard
|move|p2b: Frieren|Quick Attack|p1b: Pelipper
|-damage|p1b: Pelipper|0 fnt
|faint|p1b: Pelipper
|move|p2a: Berserk|Dragon Claw|p1a: Archaludon
|-damage|p1a: Archaludon|4/100
|-ability|p1a: Archaludon|Stamina|boost
|-boost|p1a: Archaludon|def|1
|-damage|p2a: Berserk|90/100|[from] item: Life Orb
|move|p1a: Archaludon|Draco Meteor|p2a: Berserk
|-supereffective|p2a: Berserk|1
|-damage|p2a: Berserk|0 fnt
|-unboost|p1a: Archaludon|spa|2
|faint|p2a: Berserk
|
|-weather|RainDance|[upkeep]
|upkeep
|
|t:|1784590936
|switch|p2a: Wolverine|Incineroar, L50, M|100/100
|switch|p1b: Basculegion|Basculegion, L50, M|51/100
|-ability|p2a: Wolverine|Intimidate|boost
|-unboost|p1a: Archaludon|atk|1
|-unboost|p1b: Basculegion|atk|1
|turn|7
|
|t:|1784590950
|move|p1a: Archaludon|Protect|p1a: Archaludon
|-singleturn|p1a: Archaludon|Protect
|move|p1b: Basculegion|Wave Crash|p2b: Frieren
|-damage|p2b: Frieren|0 fnt
|faint|p2b: Frieren
|-damage|p1b: Basculegion|31/100|[from] Recoil
|move|p2a: Wolverine|Throat Chop|p1b: Basculegion
|-supereffective|p1b: Basculegion|1
|-damage|p1b: Basculegion|0 fnt
|faint|p1b: Basculegion
|
|-weather|RainDance|[upkeep]
|upkeep
|turn|8
|inactive|Xiyme has 30 seconds left.
|
|t:|1784590979
|move|p1a: Archaludon|Aura Sphere|p2a: Wolverine
|-supereffective|p2a: Wolverine|1
|-damage|p2a: Wolverine|72/100
|move|p2a: Wolverine|Throat Chop|p1a: Archaludon
|-damage|p1a: Archaludon|0 fnt
|faint|p1a: Archaludon
|
|win|x-demon18
|raw|Xiyme's rating: 1077 → 1053(-24 for losing)
|raw|x-demon18's rating: 1044 → 1081(+37 for winning)
