|j|☆Iultimatemage
|j|☆importarcade
|html|Iultimatemageimportarcade    
|uhtml|bestof|Game 3 of a best-of-3
|t:|1784475554
|gametype|doubles
|player|p1|Iultimatemage|1|1069
|player|p2|importarcade|ethan|1111
|gen|9
|tier|[Gen 9 Champions] VGC 2026 Reg M-B (Bo3)
|rated|
|rule|Species Clause: Limit one of each Pokémon
|rule|Item Clause: Limit 1 of each item
|clearpoke
|poke|p1|Eelektross, L50, F|
|poke|p1|Garchomp, L50, F|
|poke|p1|Sinistcha-Masterpiece, L50|
|poke|p1|Talonflame, L50, M|
|poke|p1|Incineroar, L50, M|
|poke|p1|Corviknight, L50, M|
|poke|p2|Venusaur, L50, M|
|poke|p2|Charizard, L50, M|
|poke|p2|Grimmsnarl, L50, M|
|poke|p2|Archaludon, L50, F|
|poke|p2|Basculegion, L50, M|
|poke|p2|Pelipper, L50, F|
|teampreview|4
|showteam|p1|Eelektross||Eelektrossite|Levitate|Thunderbolt,Flamethrower,DragonPulse,Protect|Modest||F|||50|]Garchomp||LifeOrb|RoughSkin|Earthquake,RockSlide,DragonClaw,Protect|Jolly||F|||50|]Sinistcha-Masterpiece||ColburBerry|Hospitality|MatchaGotcha,TrickRoom,Protect,RagePowder|Relaxed|||||50|]Talonflame|||GaleWings|QuickGuard,Tailwind,Acrobatics,FlareBlitz|Jolly||M|||50|]Incineroar||WhiteHerb|Intimidate|FlareBlitz,FakeOut,ThroatChop,PartingShot|Adamant||M|||50|]Corviknight||Leftovers|MirrorArmor|IronDefense,BodyPress,IronHead,Tailwind|Careful||M|||50|
|showteam|p2|Venusaur||FocusSash|Chlorophyll|SludgeBomb,EarthPower,SleepPowder,Protect|Modest||M|||50|]Charizard||CharizarditeY|Blaze|Protect,HeatWave,SolarBeam,WeatherBall|Modest||M|||50|]Grimmsnarl||LightClay|Prankster|SpiritBreak,LightScreen,Reflect,PartingShot|Sassy||M|||50|]Archaludon||Leftovers|Stamina|ElectroShot,DragonPulse,FlashCannon,Protect|Calm||F|||50|]Basculegion||ChoiceScarf|Adaptability|WaveCrash,LastRespects,AquaJet,FlipTurn|Jolly||M|||50|]Pelipper||SitrusBerry|Drizzle|Hurricane,WeatherBall,Tailwind,WideGuard|Modest||F|||50|
|inactive|Battle timer is ON: inactive players will automatically lose when time's up. (requested by Iultimatemage)
|
|t:|1784475583
|teamsize|p1|4
|teamsize|p2|4
|start
|switch|p1a: Talonflame|Talonflame, L50, M|100/100
|switch|p1b: Eelektross|Eelektross, L50, F|100/100
|switch|p2a: Archaludon|Archaludon, L50, F|100/100
|switch|p2b: Grimmsnarl|Grimmsnarl, L50, M|100/100
|turn|1
|
|t:|1784475602
|switch|p1a: Garchomp|Garchomp, L50, F|100/100
|detailschange|p1b: Eelektross|Eelektross-Mega, L50, F
|-mega|p1b: Eelektross|Eelektross|Eelektrossite
|move|p1b: Eelektross|Protect|p1b: Eelektross
|-singleturn|p1b: Eelektross|Protect
|move|p2b: Grimmsnarl|Light Screen|p2b: Grimmsnarl
|-sidestart|p2: importarcade|move: Light Screen
|move|p2a: Archaludon|Electro Shot||[still]
|-prepare|p2a: Archaludon|Electro Shot
|-boost|p2a: Archaludon|spa|1
|
|upkeep
|turn|2
|inactive|Iultimatemage has 30 seconds left.
|
|t:|1784475627
|move|p2b: Grimmsnarl|Reflect|p2b: Grimmsnarl
|-sidestart|p2: importarcade|Reflect
|move|p1a: Garchomp|Earthquake|p2b: Grimmsnarl|[spread] p2a,p2b
|-immune|p1b: Eelektross|[from] ability: Eelevate
|-supereffective|p2a: Archaludon|1
|-damage|p2a: Archaludon|49/100
|-damage|p2b: Grimmsnarl|67/100
|-ability|p2a: Archaludon|Stamina|boost
|-boost|p2a: Archaludon|def|1
|-damage|p1a: Garchomp|90/100|[from] item: Life Orb
|move|p2a: Archaludon|Electro Shot|p1a: Garchomp|[from] lockedmove
|-immune|p1a: Garchomp
|move|p1b: Eelektross|Thunderbolt|p2b: Grimmsnarl
|-damage|p2b: Grimmsnarl|36/100
|
|-heal|p2a: Archaludon|55/100|[from] item: Leftovers
|upkeep
|turn|3
|inactive|importarcade has 30 seconds left.
|inactive|importarcade has 20 seconds left.
|inactive|importarcade has 15 seconds left.
|inactive|importarcade has 10 seconds left.
|
|t:|1784475674
|move|p1a: Garchomp|Earthquake|p2b: Grimmsnarl|[spread] p2a,p2b
|-immune|p1b: Eelektross|[from] ability: Eelevate
|-supereffective|p2a: Archaludon|1
|-damage|p2a: Archaludon|18/100
|-damage|p2b: Grimmsnarl|3/100
|-ability|p2a: Archaludon|Stamina|boost
|-boost|p2a: Archaludon|def|1
|-damage|p1a: Garchomp|80/100|[from] item: Life Orb
|move|p2a: Archaludon|Dragon Pulse|p1a: Garchomp
|-supereffective|p1a: Garchomp|1
|-damage|p1a: Garchomp|0 fnt
|faint|p1a: Garchomp
|move|p1b: Eelektross|Dragon Pulse|p2a: Archaludon
|-damage|p2a: Archaludon|0 fnt
|faint|p2a: Archaludon
|-ability|p1b: Eelektross|Eelevate|boost
|-boost|p1b: Eelektross|spa|1
|move|p2b: Grimmsnarl|Spirit Break|p1b: Eelektross
|-damage|p1b: Eelektross|64/100
|-unboost|p1b: Eelektross|spa|1
|
|upkeep
|inactive|Iultimatemage has 30 seconds left.
|
|t:|1784475700
|switch|p1a: Talonflame|Talonflame, L50, M|100/100
|switch|p2a: Pelipper|Pelipper, L50, F|100/100
|-weather|RainDance|[from] ability: Drizzle|[of] p2a: Pelipper
|turn|4
|inactive|importarcade has 30 seconds left.
|
|t:|1784475726
|move|p1a: Talonflame|Acrobatics|p2b: Grimmsnarl
|-damage|p2b: Grimmsnarl|0 fnt
|faint|p2b: Grimmsnarl
|move|p1b: Eelektross|Thunderbolt|p2a: Pelipper
|-supereffective|p2a: Pelipper|2
|-damage|p2a: Pelipper|0 fnt
|faint|p2a: Pelipper
|-ability|p1b: Eelektross|Eelevate|boost
|-boost|p1b: Eelektross|spa|1
|
|-weather|RainDance|[upkeep]
|upkeep
|
|t:|1784475736
|switch|p2b: Basculegion|Basculegion, L50, M|100/100
|turn|5
|
|t:|1784475742
|move|p2b: Basculegion|Aqua Jet|p1a: Talonflame
|-supereffective|p1a: Talonflame|1
|-damage|p1a: Talonflame|0 fnt
|faint|p1a: Talonflame
|move|p1b: Eelektross|Thunderbolt|p2b: Basculegion
|-supereffective|p2b: Basculegion|1
|-crit|p2b: Basculegion
|-damage|p2b: Basculegion|0 fnt
|faint|p2b: Basculegion
|
|win|Iultimatemage
|raw|Iultimatemage's rating: 1069 → 1102(+33 for winning)
|raw|importarcade's rating: 1111 → 1083(-28 for losing)
|c|☆importarcade|ggs
|c|☆Iultimatemage|Ggs
|c|☆Iultimatemage|well played
|c|☆importarcade|You too. Talon Elek is a strong combo, that's cool
