|j|☆KKirby
|j|☆Giocostorto
|html|KKirbyGiocostorto    
|uhtml|bestof|Game 3 of a best-of-3
|t:|1755804500
|gametype|doubles
|player|p1|KKirby|101|1321
|player|p2|Giocostorto|palmer|1239
|gen|9
|tier|[Gen 9] VGC 2025 Reg H (Bo3)
|rated|
|rule|Species Clause: Limit one of each Pokémon
|rule|Item Clause: Limit 1 of each item
|clearpoke
|poke|p1|Whimsicott, L50, F|
|poke|p1|Gholdengo, L50|
|poke|p1|Rillaboom, L50, M|
|poke|p1|Arcanine-Hisui, L50, M|
|poke|p1|Ursaluna-Bloodmoon, L50, M|
|poke|p1|Sneasler, L50, M|
|poke|p2|Archaludon, L50, M|
|poke|p2|Pelipper, L50, M|
|poke|p2|Basculegion, L50, M|
|poke|p2|Amoonguss, L50, M|
|poke|p2|Gholdengo, L50|
|poke|p2|Incineroar, L50, M|
|teampreview|4
|showteam|p1|Whimsicott||CovertCloak|Prankster|Tailwind,LightScreen,Encore,Moonblast|||F|||50|,,,,,Steel]Gholdengo||GrassySeed|GoodasGold|NastyPlot,MakeItRain,ShadowBall,Protect||||||50|,,,,,Water]Rillaboom||AssaultVest|GrassySurge|DrumBeating,GrassyGlide,Uturn,FakeOut|||M|||50|,,,,,Fire]Arcanine-Hisui||ClearAmulet|RockHead|FlareBlitz,RockSlide,ExtremeSpeed,Protect|||M|||50|,,,,,Fairy]Ursaluna-Bloodmoon||LifeOrb|MindsEye|BloodMoon,HyperVoice,EarthPower,Protect|||M|||50|,,,,,Water]Sneasler||FocusSash|Unburden|CloseCombat,DireClaw,ThroatChop,FakeOut|||M|||50|,,,,,Stellar
|showteam|p2|Archaludon||AssaultVest|Stamina|DragonPulse,ElectroShot,FlashCannon,BodyPress|||M|||50|,,,,,Grass]Pelipper||FocusSash|Drizzle|WeatherBall,Hurricane,Tailwind,Protect|||M|||50|,,,,,Ghost]Basculegion||ChoiceBand|SwiftSwim|WaveCrash,LastRespects,AquaJet,FlipTurn|||M|||50|,,,,,Water]Amoonguss||SitrusBerry|Regenerator|PollenPuff,Spore,RagePowder,Protect|||M|||50|,,,,,Fairy]Gholdengo||LifeOrb|GoodasGold|MakeItRain,ShadowBall,NastyPlot,Protect||||||50|,,,,,Water]Incineroar||SafetyGoggles|Intimidate|FakeOut,KnockOff,PartingShot,Taunt|||M|||50|,,,,,Ghost
|inactive|Battle timer is ON: inactive players will automatically lose when time's up. (requested by Giocostorto)
|
|t:|1755804530
|teamsize|p1|4
|teamsize|p2|4
|start
|switch|p1a: mr. boom|Rillaboom, L50, M|100/100
|switch|p1b: cocaine bear|Ursaluna-Bloodmoon, L50, M|100/100
|switch|p2a: Archaludon|Archaludon, L50, M|100/100
|switch|p2b: Basculegion|Basculegion, L50, M|100/100
|-fieldstart|move: Grassy Terrain|[from] ability: Grassy Surge|[of] p1a: mr. boom
|turn|1
|
|t:|1755804547
|-terastallize|p2a: Archaludon|Grass
|-terastallize|p1b: cocaine bear|Water
|move|p1a: mr. boom|Fake Out|p2a: Archaludon
|-damage|p2a: Archaludon|92/100
|-ability|p2a: Archaludon|Stamina|boost
|-boost|p2a: Archaludon|def|1
|move|p2b: Basculegion|Flip Turn|p1b: cocaine bear
|-resisted|p1b: cocaine bear
|-damage|p1b: cocaine bear|83/100
|
|t:|1755804564
|switch|p2b: Incineroar|Incineroar, L50, M|100/100|[from] Flip Turn
|-ability|p2b: Incineroar|Intimidate|boost
|-unboost|p1a: mr. boom|atk|1
|-unboost|p1b: cocaine bear|atk|1
|cant|p2a: Archaludon|flinch
|move|p1b: cocaine bear|Earth Power|p2a: Archaludon
|-resisted|p2a: Archaludon
|-damage|p2a: Archaludon|66/100
|-ability|p2a: Archaludon|Stamina|boost
|-boost|p2a: Archaludon|def|1
|-damage|p1b: cocaine bear|74/100|[from] item: Life Orb
|
|-heal|p2a: Archaludon|72/100|[from] Grassy Terrain
|-heal|p1b: cocaine bear|79/100|[from] Grassy Terrain
|upkeep
|turn|2
|
|t:|1755804580
|move|p1b: cocaine bear|Protect|p1b: cocaine bear
|-singleturn|p1b: cocaine bear|Protect
|move|p1a: mr. boom|Drum Beating|p2a: Archaludon
|-resisted|p2a: Archaludon
|-damage|p2a: Archaludon|66/100
|-unboost|p2a: Archaludon|spe|1
|-ability|p2a: Archaludon|Stamina|boost
|-boost|p2a: Archaludon|def|1
|move|p2b: Incineroar|Knock Off|p1a: mr. boom
|-damage|p1a: mr. boom|61/100
|-enditem|p1a: mr. boom|Assault Vest|[from] move: Knock Off|[of] p2b: Incineroar
|move|p2a: Archaludon|Body Press|p1a: mr. boom
|-damage|p1a: mr. boom|0 fnt
|faint|p1a: mr. boom
|
|-heal|p1b: cocaine bear|85/100|[from] Grassy Terrain
|-heal|p2a: Archaludon|72/100|[from] Grassy Terrain
|upkeep
|
|t:|1755804597
|switch|p1a: peter|Gholdengo, L50|100/100
|-enditem|p1a: peter|Grassy Seed
|-boost|p1a: peter|def|1|[from] item: Grassy Seed
|turn|3
|inactive|Giocostorto has 30 seconds left.
|
|t:|1755804622
|switch|p2b: Pelipper|Pelipper, L50, M|100/100
|-weather|RainDance|[from] ability: Drizzle|[of] p2b: Pelipper
|move|p1a: peter|Nasty Plot|p1a: peter
|-boost|p1a: peter|spa|2
|move|p1b: cocaine bear|Blood Moon|p2a: Archaludon
|-damage|p2a: Archaludon|0 fnt
|faint|p2a: Archaludon
|-damage|p1b: cocaine bear|76/100|[from] item: Life Orb
|
|-weather|RainDance|[upkeep]
|-heal|p1b: cocaine bear|81/100|[from] Grassy Terrain
|upkeep
|
|t:|1755804633
|switch|p2a: Basculegion|Basculegion, L50, M|100/100
|turn|4
|
|t:|1755804656
|move|p1b: cocaine bear|Protect|p1b: cocaine bear
|-singleturn|p1b: cocaine bear|Protect
|move|p2a: Basculegion|Flip Turn|p1a: peter
|-damage|p1a: peter|52/100
|
|t:|1755804661
|switch|p2a: Incineroar|Incineroar, L50, M|100/100|[from] Flip Turn
|-ability|p2a: Incineroar|Intimidate|boost
|-unboost|p1a: peter|atk|1
|-unboost|p1b: cocaine bear|atk|1
|move|p1a: peter|Shadow Ball|p2a: Incineroar
|-resisted|p2a: Incineroar
|-damage|p2a: Incineroar|62/100
|move|p2b: Pelipper|Hurricane|p1b: cocaine bear
|-activate|p1b: cocaine bear|move: Protect
|
|-weather|RainDance|[upkeep]
|-heal|p1a: peter|58/100|[from] Grassy Terrain
|-heal|p1b: cocaine bear|87/100|[from] Grassy Terrain
|-heal|p2a: Incineroar|68/100|[from] Grassy Terrain
|upkeep
|turn|5
|inactive|KKirby has 30 seconds left.
|inactive|Giocostorto has 30 seconds left.
|inactive|Giocostorto has 20 seconds left.
|
|t:|1755804706
|move|p1a: peter|Shadow Ball|p2b: Pelipper
|-enditem|p2b: Pelipper|Focus Sash
|-damage|p2b: Pelipper|1/100
|move|p2b: Pelipper|Tailwind|p2b: Pelipper
|-sidestart|p2: Giocostorto|move: Tailwind
|move|p2a: Incineroar|Parting Shot|p1b: cocaine bear
|-unboost|p1b: cocaine bear|atk|1
|-unboost|p1b: cocaine bear|spa|1
|
|t:|1755804713
|switch|p2a: Basculegion|Basculegion, L50, M|100/100|[from] Parting Shot
|move|p1b: cocaine bear|Hyper Voice|p2b: Pelipper|[spread] p2a,p2b
|-damage|p2a: Basculegion|65/100
|-damage|p2b: Pelipper|0 fnt
|faint|p2b: Pelipper
|-damage|p1b: cocaine bear|78/100|[from] item: Life Orb
|
|-weather|RainDance|[upkeep]
|-heal|p2a: Basculegion|71/100|[from] Grassy Terrain
|-heal|p1a: peter|64/100|[from] Grassy Terrain
|-heal|p1b: cocaine bear|84/100|[from] Grassy Terrain
|-fieldend|move: Grassy Terrain
|upkeep
|
|t:|1755804719
|switch|p2b: Incineroar|Incineroar, L50, M|68/100
|-ability|p2b: Incineroar|Intimidate|boost
|-unboost|p1a: peter|atk|1
|-unboost|p1b: cocaine bear|atk|1
|turn|6
|inactive|KKirby has 30 seconds left.
|inactive|KKirby has 20 seconds left.
|inactive|KKirby has 15 seconds left.
|
|t:|1755804763
|switch|p1b: happy guy!!!|Whimsicott, L50, F|100/100
|move|p1a: peter|Protect|p1a: peter
|-singleturn|p1a: peter|Protect
|move|p2b: Incineroar|Fake Out|p1b: happy guy!!!
|-damage|p1b: happy guy!!!|86/100
|move|p2a: Basculegion|Last Respects|p1a: peter
|-activate|p1a: peter|move: Protect
|
|-weather|RainDance|[upkeep]
|upkeep
|turn|7
|
|t:|1755804787
|move|p1b: happy guy!!!|Tailwind|p1b: happy guy!!!
|-sidestart|p1: KKirby|move: Tailwind
|move|p2a: Basculegion|Last Respects|p1a: peter
|-supereffective|p1a: peter
|-damage|p1a: peter|0 fnt
|faint|p1a: peter
|move|p2b: Incineroar|Taunt|p1b: happy guy!!!
|-start|p1b: happy guy!!!|move: Taunt
|
|-weather|none
|upkeep
|
|t:|1755804796
|switch|p1a: cocaine bear|Ursaluna-Bloodmoon, L50, M, tera:Water|84/100
|turn|8
|
|t:|1755804816
|move|p1a: cocaine bear|Protect|p1a: cocaine bear
|-singleturn|p1a: cocaine bear|Protect
|move|p1b: happy guy!!!|Moonblast|p2a: Basculegion
|-damage|p2a: Basculegion|39/100
|move|p2a: Basculegion|Last Respects|p1b: happy guy!!!
|-damage|p1b: happy guy!!!|0 fnt
|faint|p1b: happy guy!!!
|move|p2b: Incineroar|Parting Shot|p1a: cocaine bear
|-activate|p1a: cocaine bear|move: Protect
|
|-sideend|p2: Giocostorto|move: Tailwind
|upkeep
|turn|9
|
|t:|1755804830
|move|p1a: cocaine bear|Hyper Voice|p2a: Basculegion|[spread] p2a,p2b
|-damage|p2a: Basculegion|0 fnt
|-damage|p2b: Incineroar|22/100
|faint|p2a: Basculegion
|-damage|p1a: cocaine bear|74/100|[from] item: Life Orb
|move|p2b: Incineroar|Knock Off|p1a: cocaine bear
|-damage|p1a: cocaine bear|42/100
|-enditem|p1a: cocaine bear|Life Orb|[from] move: Knock Off|[of] p2b: Incineroar
|
|upkeep
|turn|10
|c|☆KKirby|ggwp
|
|t:|1755804841
|move|p1a: cocaine bear|Blood Moon|p2b: Incineroar
|-damage|p2b: Incineroar|0 fnt
|faint|p2b: Incineroar
|
|win|KKirby
|raw|KKirby's rating: 1321 → 1336(+15 for winning)
|raw|Giocostorto's rating: 1239 → 1220(-19 for losing)
|c|☆Giocostorto|gg
|l|☆KKirby
|player|p1|
