|j|☆JAIQI7
|j|☆Nachorg14
|html|JAIQI7Nachorg14    
|uhtml|bestof|Game 2 of a best-of-3
|t:|1785515270
|gametype|doubles
|player|p1|JAIQI7|lady|1236
|player|p2|Nachorg14|101|1263
|gen|9
|tier|[Gen 9 Champions] VGC 2026 Reg M-B (Bo3)
|rated|
|rule|Species Clause: Limit one of each Pokémon
|rule|Item Clause: Limit 1 of each item
|clearpoke
|poke|p1|Floette-Eternal, L50, F|
|poke|p1|Sneasler, L50, F|
|poke|p1|Sinistcha, L50|
|poke|p1|Incineroar, L50, M|
|poke|p1|Milotic, L50, M|
|poke|p1|Delphox, L50, M|
|poke|p2|Whimsicott, L50, F|
|poke|p2|Sylveon, L50, M|
|poke|p2|Kingambit, L50, M|
|poke|p2|Charizard, L50, M|
|poke|p2|Basculegion, L50, M|
|poke|p2|Garchomp, L50, F|
|teampreview|4
|showteam|p1|Floette-Eternal||Floettite|FlowerVeil|Protect,Moonblast,DazzlingGleam,CalmMind|Modest||F|||50|]Sneasler||FocusSash|Unburden|DireClaw,FakeOut,CloseCombat,QuickGuard|Jolly||F|||50|]Sinistcha||KasibBerry|Hospitality|MatchaGotcha,Protect,RagePowder,LifeDew|Bold|||||50|]Incineroar||SitrusBerry|Intimidate|FlareBlitz,FakeOut,DarkestLariat,PartingShot|Careful||M|||50|]Milotic||Leftovers|Competitive|MuddyWater,Hypnosis,Coil,Protect|Calm||M|||50|]Delphox||Delphoxite|Blaze|HeatWave,Protect,Psychic,NastyPlot|Timid||M|||50|
|showteam|p2|Whimsicott||FocusSash|Prankster|Protect,Encore,Tailwind,Moonblast|Timid||F|||50|]Sylveon||FairyFeather|Pixilate|HyperBeam,HyperVoice,Detect,QuickAttack|Modest||M|||50|]Kingambit||ChopleBerry|Defiant|KowtowCleave,SuckerPunch,IronHead,LowKick|Adamant||M|||50|]Charizard||CharizarditeY|Blaze|WeatherBall,HeatWave,Protect,SolarBeam|Modest||M|||50|]Basculegion||MysticWater|Adaptability|LastRespects,AquaJet,Protect,WaveCrash|Adamant||M|||50|]Garchomp||LifeOrb|RoughSkin|Protect,Earthquake,DragonClaw,RockSlide|Jolly||F|||50|
|
|t:|1785515280
|teamsize|p1|4
|teamsize|p2|4
|start
|switch|p1a: Incineroar|Incineroar, L50, M|100/100
|switch|p1b: Floette|Floette-Eternal, L50, F|100/100
|switch|p2a: Sra.Fidelia|Whimsicott, L50, F|100/100
|switch|p2b: La Pulga|Garchomp, L50, F|100/100
|-ability|p1a: Incineroar|Intimidate|boost
|-unboost|p2a: Sra.Fidelia|atk|1
|-unboost|p2b: La Pulga|atk|1
|turn|1
|inactive|Battle timer is ON: inactive players will automatically lose when time's up. (requested by Nachorg14)
|
|t:|1785515299
|switch|p1a: Sneasler|Sneasler, L50, F|100/100
|detailschange|p1b: Floette|Floette-Mega, L50, F
|-mega|p1b: Floette|Floette|Floettite
|-ability|p1b: Floette|Fairy Aura
|move|p2a: Sra.Fidelia|Protect|p2a: Sra.Fidelia
|-singleturn|p2a: Sra.Fidelia|Protect
|move|p2b: La Pulga|Protect|p2b: La Pulga
|-singleturn|p2b: La Pulga|Protect
|move|p1b: Floette|Dazzling Gleam|p2a: Sra.Fidelia|[spread] 
|-activate|p2a: Sra.Fidelia|move: Protect
|-activate|p2b: La Pulga|move: Protect
|
|upkeep
|turn|2
|
|t:|1785515316
|switch|p2b: Cheeto|Charizard, L50, M|100/100
|move|p1a: Sneasler|Fake Out|p2a: Sra.Fidelia
|-damage|p2a: Sra.Fidelia|80/100
|cant|p2a: Sra.Fidelia|flinch
|move|p1b: Floette|Dazzling Gleam|p2b: Cheeto|[spread] p2a,p2b
|-resisted|p2b: Cheeto|1
|-damage|p2a: Sra.Fidelia|0 fnt
|-damage|p2b: Cheeto|74/100
|faint|p2a: Sra.Fidelia
|
|upkeep
|
|t:|1785515326
|switch|p2a: Pidaña|Basculegion, L50, M|100/100
|turn|3
|
|t:|1785515335
|switch|p1b: Incineroar|Incineroar, L50, M|100/100
|-ability|p1b: Incineroar|Intimidate|boost
|-unboost|p2a: Pidaña|atk|1
|-unboost|p2b: Cheeto|atk|1
|detailschange|p2b: Cheeto|Charizard-Mega-Y, L50, M
|-mega|p2b: Cheeto|Charizard|Charizardite Y
|-weather|SunnyDay|[from] ability: Drought|[of] p2b: Cheeto
|move|p1a: Sneasler|Dire Claw|p2b: Cheeto
|-damage|p2b: Cheeto|33/100
|move|p2b: Cheeto|Weather Ball|p1b: Incineroar
|-resisted|p1b: Incineroar|1
|-damage|p1b: Incineroar|68/100
|move|p2a: Pidaña|Wave Crash|p1a: Sneasler
|-damage|p1a: Sneasler|52/100
|-damage|p2a: Pidaña|87/100|[from] Recoil
|
|-weather|SunnyDay|[upkeep]
|upkeep
|turn|4
|
|t:|1785515356
|move|p2b: Cheeto|Protect|p2b: Cheeto
|-singleturn|p2b: Cheeto|Protect
|move|p1a: Sneasler|Dire Claw|p2b: Cheeto
|-activate|p2b: Cheeto|move: Protect
|move|p2a: Pidaña|Wave Crash|p1b: Incineroar
|-supereffective|p1b: Incineroar|1
|-damage|p1b: Incineroar|18/100
|-enditem|p1b: Incineroar|Sitrus Berry|[eat]
|-heal|p1b: Incineroar|43/100|[from] item: Sitrus Berry
|-damage|p2a: Pidaña|70/100|[from] Recoil
|move|p1b: Incineroar|Darkest Lariat|p2a: Pidaña
|-supereffective|p2a: Pidaña|1
|-damage|p2a: Pidaña|6/100
|
|-weather|SunnyDay|[upkeep]
|upkeep
|turn|5
|
|t:|1785515375
|move|p1a: Sneasler|Dire Claw|p2b: Cheeto
|-damage|p2b: Cheeto|0 fnt
|faint|p2b: Cheeto
|move|p2a: Pidaña|Wave Crash|p1b: Incineroar
|-supereffective|p1b: Incineroar|1
|-damage|p1b: Incineroar|0 fnt
|faint|p1b: Incineroar
|-damage|p2a: Pidaña|0 fnt|[from] Recoil
|faint|p2a: Pidaña
|
|-weather|SunnyDay|[upkeep]
|upkeep
|
|t:|1785515387
|switch|p2b: La Pulga|Garchomp, L50, F|100/100
|switch|p1b: Floette|Floette-Mega, L50, F|100/100
|-ability|p1b: Floette|Fairy Aura
|turn|6
|
|t:|1785515407
|move|p1a: Sneasler|Close Combat|p2b: La Pulga
|-damage|p2b: La Pulga|39/100
|-unboost|p1a: Sneasler|def|1
|-unboost|p1a: Sneasler|spd|1
|-damage|p1a: Sneasler|40/100|[from] ability: Rough Skin|[of] p2b: La Pulga
|move|p2b: La Pulga|Earthquake|p1a: Sneasler|[spread] p1a,p1b
|-supereffective|p1a: Sneasler|1
|-damage|p1a: Sneasler|0 fnt
|-damage|p1b: Floette|50/100g
|faint|p1a: Sneasler
|-damage|p2b: La Pulga|29/100|[from] item: Life Orb
|move|p1b: Floette|Moonblast|p2b: La Pulga
|-supereffective|p2b: La Pulga|1
|-damage|p2b: La Pulga|0 fnt
|faint|p2b: La Pulga
|
|win|JAIQI7
|raw|JAIQI7's rating: 1236 → 1263(+27 for winning)
|raw|Nachorg14's rating: 1263 → 1236(-27 for losing)
|l|☆Nachorg14
|player|p2|
