|j|☆JuanGuerrero09
|j|☆CEO of Crawdaunt
|html|JuanGuerrero09CEO of Crawdaunt    
|uhtml|bestof|Game 2 of a best-of-3
|t:|1756307824
|gametype|doubles
|player|p1|JuanGuerrero09|169|1188
|player|p2|CEO of Crawdaunt|parasollady|1201
|gen|9
|tier|[Gen 9] VGC 2025 Reg H (Bo3)
|rated|
|rule|Species Clause: Limit one of each Pokémon
|rule|Item Clause: Limit 1 of each item
|clearpoke
|poke|p1|Sneasler, L50, M|
|poke|p1|Indeedee, L50, M|
|poke|p1|Tyranitar, L50, M|
|poke|p1|Excadrill, L50, M|
|poke|p1|Annihilape, L50, M|
|poke|p1|Hydreigon, L50, F|
|poke|p2|Crawdaunt, L50, F|
|poke|p2|Farigiraf, L50, F|
|poke|p2|Gholdengo, L50|
|poke|p2|Talonflame, L50, F|
|poke|p2|Hydreigon, L50, F|
|poke|p2|Amoonguss, L50, M|
|teampreview|4
|showteam|p1|Sneasler||PsychicSeed|Unburden|CloseCombat,DireClaw,ThroatChop,Protect|||M|||50|,,,,,Dark]Indeedee||ChoiceScarf|PsychicSurge|ExpandingForce,TeraBlast,Trick,DazzlingGleam|||M|||50|,,,,,Fire]Tyranitar||AssaultVest|SandStream|RockSlide,KnockOff,TeraBlast,LowKick|||M|||50|,,,,,Flying]Excadrill||FocusSash|SandRush|HighHorsepower,Earthquake,IronHead,Protect|||M|||50|,,,,,Ground]Annihilape||SafetyGoggles|Defiant|CloseCombat,RageFist,Taunt,FinalGambit|||M|||50|,,,,,Psychic]Hydreigon||CovertCloak|Levitate|Snarl,Tailwind,DracoMeteor,Protect|||F|||50|,,,,,Poison
|showteam|p2|Crawdaunt||LifeOrb|Adaptability|Crabhammer,KnockOff,AquaJet,Protect|||F|||50|,,,,,Water]Farigiraf||ThroatSpray|ArmorTail|HyperVoice,Psychic,TrickRoom,Protect|||F|||50|,,,,,Fairy]Gholdengo||MetalCoat|GoodasGold|MakeItRain,ShadowBall,NastyPlot,Protect||||||50|,,,,,Steel]Talonflame||CovertCloak|GaleWings|DualWingbeat,FlareBlitz,Taunt,Tailwind|||F|||50|,,,,,Ground]Hydreigon||ChoiceSpecs|Levitate|DracoMeteor,DarkPulse,Snarl,Flamethrower|||F|||50|,,,,,Ghost]Amoonguss||SitrusBerry|Regenerator|PollenPuff,Spore,RagePowder,Protect|||M|||50|,,,,,Fairy
|
|t:|1756307897
|teamsize|p1|4
|teamsize|p2|4
|start
|switch|p1a: Indeedee|Indeedee, L50, M|100/100
|switch|p1b: Hydreigon|Hydreigon, L50, F|100/100
|switch|p2a: Big Bad Brave Bird|Talonflame, L50, F|100/100
|switch|p2b: Jimmy McGhoul|Gholdengo, L50|100/100
|-fieldstart|move: Psychic Terrain|[from] ability: Psychic Surge|[of] p1a: Indeedee
|turn|1
|
|t:|1756307913
|-terastallize|p1a: Indeedee|Fire
|-terastallize|p2b: Jimmy McGhoul|Steel
|move|p2a: Big Bad Brave Bird|Tailwind|p2a: Big Bad Brave Bird
|-sidestart|p2: CEO of Crawdaunt|move: Tailwind
|move|p1a: Indeedee|Tera Blast|p2b: Jimmy McGhoul|[anim] Tera Blast Fire
|-supereffective|p2b: Jimmy McGhoul
|-damage|p2b: Jimmy McGhoul|31/100
|move|p2b: Jimmy McGhoul|Make It Rain|p1b: Hydreigon|[spread] p1a,p1b
|-resisted|p1a: Indeedee
|-damage|p1a: Indeedee|40/100
|-damage|p1b: Hydreigon|13/100
|-unboost|p2b: Jimmy McGhoul|spa|1
|move|p1b: Hydreigon|Snarl|p2b: Jimmy McGhoul|[spread] p2a,p2b
|-crit|p2a: Big Bad Brave Bird
|-damage|p2a: Big Bad Brave Bird|48/100
|-damage|p2b: Jimmy McGhoul|10/100
|-unboost|p2b: Jimmy McGhoul|spa|1
|
|upkeep
|turn|2
|
|t:|1756307946
|move|p1b: Hydreigon|Protect|p1b: Hydreigon
|-singleturn|p1b: Hydreigon|Protect
|move|p2a: Big Bad Brave Bird|Dual Wingbeat|p1a: Indeedee
|-damage|p1a: Indeedee|4/100
|-damage|p1a: Indeedee|0 fnt
|faint|p1a: Indeedee
|-hitcount|p1: Indeedee|2
|move|p2b: Jimmy McGhoul|Make It Rain|p1b: Hydreigon
|-activate|p1b: Hydreigon|move: Protect
|
|upkeep
|
|t:|1756307958
|switch|p1a: Sneasler|Sneasler, L50, M|100/100
|-enditem|p1a: Sneasler|Psychic Seed
|-boost|p1a: Sneasler|spd|1|[from] item: Psychic Seed
|turn|3
|
|t:|1756307991
|move|p2a: Big Bad Brave Bird|Dual Wingbeat|p1a: Sneasler
|-supereffective|p1a: Sneasler
|-damage|p1a: Sneasler|42/100
|-supereffective|p1a: Sneasler
|-damage|p1a: Sneasler|0 fnt
|faint|p1a: Sneasler
|-hitcount|p1: Sneasler|2
|move|p2b: Jimmy McGhoul|Make It Rain|p1b: Hydreigon
|-damage|p1b: Hydreigon|0 fnt
|-unboost|p2b: Jimmy McGhoul|spa|1
|faint|p1b: Hydreigon
|
|upkeep
|
|t:|1756308002
|switch|p1b: Excadrill|Excadrill, L50, M|100/100
|turn|4
|
|t:|1756308011
|switch|p2b: Hydreigon|Hydreigon, L50, F|100/100
|move|p2a: Big Bad Brave Bird|Flare Blitz|p1b: Excadrill
|-supereffective|p1b: Excadrill
|-enditem|p1b: Excadrill|Focus Sash
|-damage|p1b: Excadrill|1/100
|-damage|p2a: Big Bad Brave Bird|8/100|[from] Recoil
|move|p1b: Excadrill|Iron Head|p2a: Big Bad Brave Bird
|-resisted|p2a: Big Bad Brave Bird
|-damage|p2a: Big Bad Brave Bird|0 fnt
|faint|p2a: Big Bad Brave Bird
|
|-sideend|p2: CEO of Crawdaunt|move: Tailwind
|upkeep
|
|t:|1756308018
|switch|p2a: 📞📞📞|Crawdaunt, L50, F|100/100
|turn|5
|
|t:|1756308025
|move|p2a: 📞📞📞|Protect|p2a: 📞📞📞
|-singleturn|p2a: 📞📞📞|Protect
|move|p2b: Hydreigon|Dark Pulse|p1b: Excadrill
|-damage|p1b: Excadrill|0 fnt
|faint|p1b: Excadrill
|
|win|CEO of Crawdaunt
|raw|JuanGuerrero09's rating: 1188 → 1164(-24 for losing)
|raw|CEO of Crawdaunt's rating: 1201 → 1225(+24 for winning)
|l|☆JuanGuerrero09
|player|p1|
|l|☆CEO of Crawdaunt
|player|p2|
|j|☆JuanGuerrero09
|player|p1|JuanGuerrero09|169|
