|j|☆lettitripppp
|j|☆nontelo
|html|lettitrippppnontelo    
|uhtml|bestof|Game 1 of a best-of-3
|t:|1783812035
|gametype|doubles
|player|p1|lettitripppp|lucas|1297
|player|p2|nontelo|cress|1380
|gen|9
|tier|[Gen 9 Champions] VGC 2026 Reg M-B (Bo3)
|rated|
|rule|Species Clause: Limit one of each Pokémon
|rule|Item Clause: Limit 1 of each item
|clearpoke
|poke|p1|Aerodactyl, L50, F|
|poke|p1|Charizard, L50, M|
|poke|p1|Farigiraf, L50, M|
|poke|p1|Garchomp, L50, M|
|poke|p1|Sylveon, L50, M|
|poke|p1|Kingambit, L50, F|
|poke|p2|Venusaur, L50, M|
|poke|p2|Swampert, L50, F|
|poke|p2|Pelipper, L50, M|
|poke|p2|Hydreigon, L50, F|
|poke|p2|Grimmsnarl, L50, M|
|poke|p2|Archaludon, L50, M|
|teampreview|4
|showteam|p1|Aerodactyl||Aerodactylite|Unnerve|WideGuard,RockSlide,Tailwind,IceFang|Jolly||F|||50|]Charizard||CharizarditeY|Blaze|WeatherBall,SolarBeam,HeatWave,Protect|Modest||M|||50|]Farigiraf||SitrusBerry|ArmorTail|Thunderbolt,TrickRoom,TwinBeam,Roar|Calm||M|||50|]Garchomp||LifeOrb|RoughSkin|StompingTantrum,DragonClaw,Earthquake,Protect|Jolly||M|||50|]Sylveon||FairyFeather|Pixilate|QuickAttack,HyperBeam,HyperVoice,Detect|Modest||M|||50|]Kingambit||FocusSash|Defiant|KowtowCleave,SuckerPunch,IronHead,LowKick|Adamant||F|||50|
|showteam|p2|Venusaur||Venusaurite|Chlorophyll|GigaDrain,SludgeBomb,EarthPower,Protect|Modest||M|||50|]Swampert||Swampertite|Damp|WaveCrash,IcePunch,Earthquake,Protect|Adamant||F|||50|]Pelipper||SitrusBerry|Drizzle|Hurricane,Tailwind,WeatherBall,WideGuard|Modest||M|||50|]Hydreigon||ChoiceScarf|Levitate|DracoMeteor,DarkPulse,Snarl,Uturn|Modest||F|||50|]Grimmsnarl||LightClay|Prankster|SpiritBreak,PartingShot,LightScreen,Reflect|Impish||M|||50|]Archaludon||Leftovers|Stamina|FlashCannon,DragonPulse,ElectroShot,Protect|Modest||M|||50|
|inactive|Battle timer is ON: inactive players will automatically lose when time's up. (requested by lettitripppp)
|inactive|lettitripppp has 60 seconds left.
|
|t:|1783812073
|teamsize|p1|4
|teamsize|p2|4
|start
|switch|p1a: DEADWING|Aerodactyl, L50, F|100/100
|switch|p1b: PIKU BEAM|Sylveon, L50, M|100/100
|switch|p2a: Swampert|Swampert, L50, F|100/100
|switch|p2b: Hydreigon|Hydreigon, L50, F|100/100
|-ability|p1a: DEADWING|Unnerve
|turn|1
|
|t:|1783812091
|detailschange|p2a: Swampert|Swampert-Mega, L50, F
|-mega|p2a: Swampert|Swampert|Swampertite
|move|p1b: PIKU BEAM|Detect|p1b: PIKU BEAM
|-singleturn|p1b: PIKU BEAM|Protect
|move|p2b: Hydreigon|U-turn|p1b: PIKU BEAM
|-activate|p1b: PIKU BEAM|move: Protect
|move|p1a: DEADWING|Tailwind|p1a: DEADWING
|-sidestart|p1: lettitripppp|move: Tailwind
|move|p2a: Swampert|Wave Crash|p1b: PIKU BEAM
|-activate|p1b: PIKU BEAM|move: Protect
|
|upkeep
|turn|2
|
|t:|1783812103
|switch|p2b: Pelipper|Pelipper, L50, M|100/100
|-weather|RainDance|[from] ability: Drizzle|[of] p2b: Pelipper
|move|p1a: DEADWING|Rock Slide|p2a: Swampert|[spread] p2b
|-miss|p1a: DEADWING|p2a: Swampert
|-supereffective|p2b: Pelipper|1
|-damage|p2b: Pelipper|49/100
|move|p2a: Swampert|Wave Crash|p1b: PIKU BEAM
|-damage|p1b: PIKU BEAM|0 fnt
|faint|p1b: PIKU BEAM
|-damage|p2a: Swampert|66/100|[from] Recoil
|
|-weather|RainDance|[upkeep]
|upkeep
|
|t:|1783812115
|switch|p1b: AGNI|Charizard, L50, M|100/100
|turn|3
|
|t:|1783812120
|switch|p2b: Hydreigon|Hydreigon, L50, F|100/100
|detailschange|p1b: AGNI|Charizard-Mega-Y, L50, M
|-mega|p1b: AGNI|Charizard|Charizardite Y
|-weather|SunnyDay|[from] ability: Drought|[of] p1b: AGNI
|move|p2a: Swampert|Protect|p2a: Swampert
|-singleturn|p2a: Swampert|Protect
|move|p1a: DEADWING|Ice Fang|p2b: Hydreigon
|-supereffective|p2b: Hydreigon|1
|-damage|p2b: Hydreigon|62/100
|move|p1b: AGNI|Solar Beam||[still]
|-prepare|p1b: AGNI|Solar Beam
|-anim|p1b: AGNI|Solar Beam|p2a: Swampert
|-activate|p2a: Swampert|move: Protect
|
|-weather|SunnyDay|[upkeep]
|upkeep
|turn|4
|inactive|nontelo has 30 seconds left.
|inactive|nontelo has 20 seconds left.
|
|t:|1783812159
|move|p1a: DEADWING|Ice Fang|p2a: Swampert
|-damage|p2a: Swampert|50/100g
|move|p1b: AGNI|Weather Ball|p2a: Swampert
|-resisted|p2a: Swampert|1
|-damage|p2a: Swampert|8/100
|move|p2b: Hydreigon|Draco Meteor|p1b: AGNI
|-damage|p1b: AGNI|36/100
|-unboost|p2b: Hydreigon|spa|2
|move|p2a: Swampert|Wave Crash|p1a: DEADWING
|-supereffective|p1a: DEADWING|1
|-damage|p1a: DEADWING|7/100
|-damage|p2a: Swampert|0 fnt|[from] Recoil
|faint|p2a: Swampert
|
|-weather|SunnyDay|[upkeep]
|-sideend|p1: lettitripppp|move: Tailwind
|upkeep
|
|t:|1783812177
|switch|p2a: Pelipper|Pelipper, L50, M|49/100
|-weather|RainDance|[from] ability: Drizzle|[of] p2a: Pelipper
|turn|5
|
|t:|1783812185
|switch|p2a: Archaludon|Archaludon, L50, M|100/100
|move|p2b: Hydreigon|Draco Meteor|p1a: DEADWING|[miss]
|-miss|p2b: Hydreigon|p1a: DEADWING
|move|p1a: DEADWING|Tailwind|p1a: DEADWING
|-sidestart|p1: lettitripppp|move: Tailwind
|move|p1b: AGNI|Weather Ball|p2a: Archaludon
|-resisted|p2a: Archaludon|1
|-damage|p2a: Archaludon|69/100
|-ability|p2a: Archaludon|Stamina|boost
|-boost|p2a: Archaludon|def|1
|
|-weather|RainDance|[upkeep]
|-heal|p2a: Archaludon|75/100|[from] item: Leftovers
|upkeep
|turn|6
|
|t:|1783812202
|move|p1a: DEADWING|Ice Fang|p2b: Hydreigon
|-supereffective|p2b: Hydreigon|1
|-damage|p2b: Hydreigon|24/100
|move|p1b: AGNI|Weather Ball|p2b: Hydreigon
|-resisted|p2b: Hydreigon|1
|-damage|p2b: Hydreigon|0 fnt
|faint|p2b: Hydreigon
|move|p2a: Archaludon|Electro Shot||[still]
|-prepare|p2a: Archaludon|Electro Shot
|-boost|p2a: Archaludon|spa|1
|-anim|p2a: Archaludon|Electro Shot|p1a: DEADWING
|-supereffective|p1a: DEADWING|1
|-damage|p1a: DEADWING|0 fnt
|faint|p1a: DEADWING
|
|-weather|RainDance|[upkeep]
|-heal|p2a: Archaludon|81/100|[from] item: Leftovers
|upkeep
|
|t:|1783812208
|switch|p1a: CRUSH SHARK|Garchomp, L50, M|100/100
|switch|p2b: Pelipper|Pelipper, L50, M|49/100
|-enditem|p2b: Pelipper|Sitrus Berry|[eat]
|-heal|p2b: Pelipper|74/100|[from] item: Sitrus Berry
|turn|7
|
|t:|1783812219
|move|p2b: Pelipper|Wide Guard|p2b: Pelipper
|-singleturn|p2b: Pelipper|Wide Guard
|move|p1a: CRUSH SHARK|Stomping Tantrum|p2a: Archaludon
|-supereffective|p2a: Archaludon|1
|-damage|p2a: Archaludon|32/100
|-ability|p2a: Archaludon|Stamina|boost
|-boost|p2a: Archaludon|def|1
|-damage|p1a: CRUSH SHARK|90/100|[from] item: Life Orb
|move|p1b: AGNI|Weather Ball|p2a: Archaludon
|-resisted|p2a: Archaludon|1
|-crit|p2a: Archaludon
|-damage|p2a: Archaludon|0 fnt
|faint|p2a: Archaludon
|
|-weather|RainDance|[upkeep]
|upkeep
|turn|8
|-message|nontelo forfeited.
|
|win|lettitripppp
|l|☆nontelo
|player|p2|
||nontelo is ready for game 2.
|inactive|lettitripppp has 30 seconds to confirm battle start!
|j|☆nontelo
|player|p2|nontelo|cress|
