|j|☆randomguy1114s
|j|☆Basebornrobot
|html|randomguy1114sBasebornrobot    
|uhtml|bestof|Game 3 of a best-of-3
|t:|1756786093
|gametype|doubles
|player|p1|randomguy1114s|lillie-masters|1139
|player|p2|Basebornrobot|2|1000
|gen|9
|tier|[Gen 9] VGC 2025 Reg H (Bo3)
|rated|
|rule|Species Clause: Limit one of each Pokémon
|rule|Item Clause: Limit 1 of each item
|clearpoke
|poke|p1|Gholdengo, L50|
|poke|p1|Incineroar, L50, M|
|poke|p1|Sinistcha, L50|
|poke|p1|Sneasler, L50, M|
|poke|p1|Rillaboom, L50, M|
|poke|p1|Dragonite, L50, F|
|poke|p2|Kingambit, L50, F|
|poke|p2|Hydrapple, L50, F|
|poke|p2|Toedscruel, L50, F|
|poke|p2|Glimmora, L50, F|
|poke|p2|Grafaiai, L50, M|
|poke|p2|Houndstone, L50, F|
|teampreview|4
|showteam|p1|Gholdengo||LifeOrb|GoodasGold|NastyPlot,MakeItRain,ShadowBall,Protect||||||50|,,,,,Dragon]Incineroar||SafetyGoggles|Intimidate|FakeOut,KnockOff,Taunt,PartingShot|||M|||50|,,,,,Ghost]Sinistcha||MentalHerb|Hospitality|RagePowder,TrickRoom,MatchaGotcha,Protect||||||50|,,,,,Water]Sneasler||GrassySeed|Unburden|CloseCombat,DireClaw,ThroatChop,Protect|||M|||50|,,,,,Dark]Rillaboom||AssaultVest|GrassySurge|FakeOut,WoodHammer,GrassyGlide,Uturn|||M|||50|,,,,,Fire]Dragonite||LoadedDice|Multiscale|ScaleShot,StompingTantrum,Tailwind,Protect|||F|||50|,,,,,Ground
|showteam|p2|Kingambit||WeaknessPolicy|Defiant|SuckerPunch,SwordsDance,Protect,IronHead|||F|||50|,,,,,Ghost]Hydrapple||AssaultVest|Regenerator|FickleBeam,GigaDrain,TeraBlast,EarthPower|||F|||50|,,,,,Steel]Toedscruel||FocusSash|MyceliumMight|TrickRoom,MirrorCoat,Spore,EarthPower|||F|||50|,,,,,Water]Glimmora||PowerHerb|ToxicDebris|EarthPower,SludgeWave,MeteorBeam,SpikyShield|||F|||50|,,,,,Grass]Grafaiai||SafetyGoggles|Prankster|Protect,GunkShot,PartingShot,Encore|||M|||50|,,,,,Ghost]Houndstone||Leftovers|Fluffy|BodyPress,ShadowSneak,LastRespects,WillOWisp|||F|||50|,,,,,Fighting
|
|t:|1756786127
|teamsize|p1|4
|teamsize|p2|4
|start
|switch|p1a: cheese man|Gholdengo, L50, shiny|100/100
|switch|p1b: monke|Rillaboom, L50, M, shiny|100/100
|switch|p2a: Toedscruel|Toedscruel, L50, F|100/100
|switch|p2b: Kingambit|Kingambit, L50, F|100/100
|-fieldstart|move: Grassy Terrain|[from] ability: Grassy Surge|[of] p1b: monke
|turn|1
|
|t:|1756786141
|-terastallize|p1a: cheese man|Dragon
|move|p1b: monke|Fake Out|p2a: Toedscruel
|-damage|p2a: Toedscruel|82/100
|move|p1a: cheese man|Nasty Plot|p1a: cheese man
|-boost|p1a: cheese man|spa|2
|move|p2b: Kingambit|Swords Dance|p2b: Kingambit
|-boost|p2b: Kingambit|atk|2
|cant|p2a: Toedscruel|flinch
|
|-heal|p2a: Toedscruel|88/100|[from] Grassy Terrain
|upkeep
|turn|2
|
|t:|1756786162
|move|p1a: cheese man|Protect|p1a: cheese man
|-singleturn|p1a: cheese man|Protect
|move|p1b: monke|U-turn|p2b: Kingambit
|-damage|p2b: Kingambit|83/100
|
|t:|1756786166
|switch|p1b: menacetosociety|Sneasler, L50, M, shiny|100/100|[from] U-turn
|-enditem|p1b: menacetosociety|Grassy Seed
|-boost|p1b: menacetosociety|def|1|[from] item: Grassy Seed
|move|p2b: Kingambit|Iron Head|p1a: cheese man
|-activate|p1a: cheese man|move: Protect
|move|p2a: Toedscruel|Spore|p1a: cheese man
|-activate|p1a: cheese man|move: Protect
|
|-heal|p2a: Toedscruel|94/100|[from] Grassy Terrain
|-heal|p2b: Kingambit|90/100|[from] Grassy Terrain
|upkeep
|turn|3
|
|t:|1756786179
|move|p2b: Kingambit|Protect|p2b: Kingambit
|-singleturn|p2b: Kingambit|Protect
|move|p1b: menacetosociety|Close Combat|p2b: Kingambit
|-activate|p2b: Kingambit|move: Protect
|move|p1a: cheese man|Make It Rain|p2a: Toedscruel|[spread] p2a
|-activate|p2b: Kingambit|move: Protect
|-damage|p2a: Toedscruel|21/100
|-unboost|p1a: cheese man|spa|1
|-damage|p1a: cheese man|91/100|[from] item: Life Orb
|move|p2a: Toedscruel|Mirror Coat|p1a: cheese man
|-damage|p1a: cheese man|0 fnt
|faint|p1a: cheese man
|
|-heal|p2a: Toedscruel|27/100|[from] Grassy Terrain
|-heal|p2b: Kingambit|96/100|[from] Grassy Terrain
|upkeep
|
|t:|1756786201
|switch|p1a: monke|Rillaboom, L50, M, shiny|100/100
|turn|4
|
|t:|1756786214
|-terastallize|p2b: Kingambit|Ghost
|move|p1b: menacetosociety|Dire Claw|p2a: Toedscruel
|-damage|p2a: Toedscruel|0 fnt
|faint|p2a: Toedscruel
|move|p1a: monke|Wood Hammer|p2b: Kingambit
|-crit|p2b: Kingambit
|-damage|p2b: Kingambit|6/100
|-damage|p1a: monke|75/100|[from] Recoil
|move|p2b: Kingambit|Iron Head|p1b: menacetosociety
|-damage|p1b: menacetosociety|17/100
|
|-heal|p1b: menacetosociety|23/100|[from] Grassy Terrain
|-heal|p1a: monke|81/100|[from] Grassy Terrain
|-heal|p2b: Kingambit|12/100|[from] Grassy Terrain
|upkeep
|
|t:|1756786239
|switch|p2a: Glimmora|Glimmora, L50, F|100/100
|turn|5
|
|t:|1756786255
|move|p1a: monke|Grassy Glide|p2b: Kingambit
|-damage|p2b: Kingambit|0 fnt
|faint|p2b: Kingambit
|move|p1b: menacetosociety|Close Combat|p2a: Glimmora
|-damage|p2a: Glimmora|30/100
|-unboost|p1b: menacetosociety|def|1
|-unboost|p1b: menacetosociety|spd|1
|-activate|p2a: Glimmora|ability: Toxic Debris
|-sidestart|p1: randomguy1114s|move: Toxic Spikes
|move|p2a: Glimmora|Meteor Beam||[still]
|-prepare|p2a: Glimmora|Meteor Beam
|-boost|p2a: Glimmora|spa|1
|-enditem|p2a: Glimmora|Power Herb
|-anim|p2a: Glimmora|Meteor Beam|p1a: monke
|-damage|p1a: monke|16/100
|
|-heal|p1b: menacetosociety|29/100|[from] Grassy Terrain
|-heal|p2a: Glimmora|35/100|[from] Grassy Terrain
|-heal|p1a: monke|22/100|[from] Grassy Terrain
|-fieldend|move: Grassy Terrain
|upkeep
|
|t:|1756786273
|switch|p2b: Hydrapple|Hydrapple, L50, F|100/100
|turn|6
|
|t:|1756786281
|move|p1b: menacetosociety|Protect|p1b: menacetosociety
|-singleturn|p1b: menacetosociety|Protect
|move|p2a: Glimmora|Spiky Shield|p2a: Glimmora
|-singleturn|p2a: Glimmora|move: Protect
|move|p1a: monke|U-turn|p2b: Hydrapple
|-supereffective|p2b: Hydrapple
|-damage|p2b: Hydrapple|65/100
|
|t:|1756786287
|switch|p1a: Sinistcha|Sinistcha, L50, shiny|100/100|[from] U-turn
|-status|p1a: Sinistcha|psn
|-heal|p1b: menacetosociety|54/100|[from] ability: Hospitality|[of] p1a: Sinistcha
|move|p2b: Hydrapple|Fickle Beam|p1b: menacetosociety
|-activate|p1b: menacetosociety|move: Protect
|
|-damage|p1a: Sinistcha|88/100 psn|[from] psn
|upkeep
|turn|7
|
|t:|1756786315
|move|p1b: menacetosociety|Close Combat|p2a: Glimmora
|-damage|p2a: Glimmora|0 fnt
|-unboost|p1b: menacetosociety|def|1
|-unboost|p1b: menacetosociety|spd|1
|-activate|p2a: Glimmora|ability: Toxic Debris
|-sidestart|p1: randomguy1114s|move: Toxic Spikes
|faint|p2a: Glimmora
|move|p1a: Sinistcha|Matcha Gotcha|p2b: Hydrapple
|-resisted|p2b: Hydrapple
|-damage|p2b: Hydrapple|59/100
|-heal|p1a: Sinistcha|92/100 psn|[from] drain|[of] p2b: Hydrapple
|move|p2b: Hydrapple|Fickle Beam|p1b: menacetosociety
|-damage|p1b: menacetosociety|0 fnt
|faint|p1b: menacetosociety
|
|-damage|p1a: Sinistcha|79/100 psn|[from] psn
|upkeep
|
|t:|1756786327
|switch|p1b: monke|Rillaboom, L50, M, shiny|22/100
|-status|p1b: monke|tox
|-fieldstart|move: Grassy Terrain|[from] ability: Grassy Surge|[of] p1b: monke
|turn|8
|
|t:|1756786340
|move|p1a: Sinistcha|Rage Powder|p1a: Sinistcha
|-singleturn|p1a: Sinistcha|move: Rage Powder
|move|p1b: monke|U-turn|p2b: Hydrapple
|-supereffective|p2b: Hydrapple
|-damage|p2b: Hydrapple|25/100
|move|p2b: Hydrapple|Fickle Beam|p1b: monke
|-damage|p1b: monke|0 fnt
|faint|p1b: monke
|
|-heal|p1a: Sinistcha|85/100 psn|[from] Grassy Terrain
|-heal|p2b: Hydrapple|31/100|[from] Grassy Terrain
|-damage|p1a: Sinistcha|73/100 psn|[from] psn
|upkeep
|turn|9
|
|t:|1756786351
|move|p1a: Sinistcha|Matcha Gotcha|p2b: Hydrapple
|-resisted|p2b: Hydrapple
|-damage|p2b: Hydrapple|22/100
|-heal|p1a: Sinistcha|78/100 psn|[from] drain|[of] p2b: Hydrapple
|move|p2b: Hydrapple|Fickle Beam|p1a: Sinistcha
|-damage|p1a: Sinistcha|36/100 psn
|
|-heal|p1a: Sinistcha|41/100 psn|[from] Grassy Terrain
|-heal|p2b: Hydrapple|28/100|[from] Grassy Terrain
|-damage|p1a: Sinistcha|29/100 psn|[from] psn
|upkeep
|turn|10
|-message|randomguy1114s forfeited.
|
|win|Basebornrobot
|raw|randomguy1114s's rating: 1139 → 1104(-35 for losing)
|raw|Basebornrobot's rating: 1000 → 1055(+55 for winning)
