|j|☆BVSelf
|j|☆new mental
|html|BVSelfnew mental    
|uhtml|bestof|Game 1 of a best-of-3
|t:|1783869679
|gametype|doubles
|player|p1|BVSelf|juan|1410
|player|p2|new mental|volkner|1289
|gen|9
|tier|[Gen 9 Champions] VGC 2026 Reg M-B (Bo3)
|rated|
|rule|Species Clause: Limit one of each Pokémon
|rule|Item Clause: Limit 1 of each item
|clearpoke
|poke|p1|Delphox, L50, F|
|poke|p1|Incineroar, L50, M|
|poke|p1|Maushold-Four, L50|
|poke|p1|Sinistcha, L50|
|poke|p1|Sneasler, L50, M|
|poke|p1|Blastoise, L50, M|
|poke|p2|Charizard, L50, M|
|poke|p2|Kingambit, L50, M|
|poke|p2|Sylveon, L50, F|
|poke|p2|Garchomp, L50, M|
|poke|p2|Aerodactyl, L50, M|
|poke|p2|Farigiraf, L50, M|
|teampreview|4
|showteam|p1|Delphox||Delphoxite|Blaze|HeatWave,Psyshock,NastyPlot,Protect|Timid||F|||50|]Incineroar||SitrusBerry|Intimidate|FlareBlitz,FakeOut,ThroatChop,PartingShot|Impish||M|||50|]Maushold-Four||ChopleBerry|FriendGuard|Feint,HelpingHand,FollowMe,Protect|Impish|||||50|]Sinistcha||KasibBerry|Hospitality|Protect,MatchaGotcha,RagePowder,TrickRoom|Relaxed|||||50|]Sneasler||FocusSash|PoisonTouch|CloseCombat,DireClaw,QuickGuard,FakeOut|Jolly||M|||50|]Blastoise||Blastoisinite|RainDish|Protect,ShellSmash,WaterSpout,DarkPulse|Modest||M|||50|
|showteam|p2|Charizard||CharizarditeY|SolarPower|Protect,HeatWave,SolarBeam,WeatherBall|Modest||M|||50|]Kingambit||FocusSash|Defiant|IronHead,SuckerPunch,KowtowCleave,LowKick|Adamant||M|||50|]Sylveon||FairyFeather|Pixilate|Detect,HyperVoice,HyperBeam,QuickAttack|Modest||F|||50|]Garchomp||LifeOrb|RoughSkin|Protect,DragonClaw,Earthquake,RockSlide|Jolly||M|||50|]Aerodactyl||Aerodactylite|Unnerve|IceFang,RockSlide,Tailwind,DualWingbeat|Jolly||M|||50|]Farigiraf||SitrusBerry|ArmorTail|TrickRoom,Psychic,Thunderbolt,Roar|Bold||M|||50|
|c|☆BVSelf|lol
|c|☆BVSelf|rematch
|c|☆new mental|ha ha
|c|☆new mental|rematch yes
|
|t:|1783869695
|teamsize|p1|4
|teamsize|p2|4
|start
|switch|p1a: Sneasler|Sneasler, L50, M|100/100
|switch|p1b: Blastoise|Blastoise, L50, M|100/100
|switch|p2a: Aerodactyl|Aerodactyl, L50, M|100/100
|switch|p2b: Sylveon|Sylveon, L50, F|100/100
|-ability|p2a: Aerodactyl|Unnerve
|turn|1
|
|t:|1783869705
|detailschange|p2a: Aerodactyl|Aerodactyl-Mega, L50, M
|-mega|p2a: Aerodactyl|Aerodactyl|Aerodactylite
|detailschange|p1b: Blastoise|Blastoise-Mega, L50, M
|-mega|p1b: Blastoise|Blastoise|Blastoisinite
|move|p1a: Sneasler|Fake Out|p2a: Aerodactyl
|-resisted|p2a: Aerodactyl|1
|-damage|p2a: Aerodactyl|92/100
|cant|p2a: Aerodactyl|flinch
|move|p1b: Blastoise|Shell Smash|p1b: Blastoise
|-unboost|p1b: Blastoise|def|1
|-unboost|p1b: Blastoise|spd|1
|-boost|p1b: Blastoise|atk|2
|-boost|p1b: Blastoise|spa|2
|-boost|p1b: Blastoise|spe|2
|move|p2b: Sylveon|Hyper Voice|p1b: Blastoise|[spread] p1a,p1b
|-damage|p1a: Sneasler|35/100
|-damage|p1b: Blastoise|32/100
|
|upkeep
|turn|2
|
|t:|1783869725
|move|p1b: Blastoise|Dark Pulse|p2a: Aerodactyl
|-damage|p2a: Aerodactyl|0 fnt
|faint|p2a: Aerodactyl
|move|p1a: Sneasler|Dire Claw|p2b: Sylveon
|-supereffective|p2b: Sylveon|1
|-damage|p2b: Sylveon|10/100
|move|p2b: Sylveon|Hyper Voice|p1b: Blastoise|[spread] p1a,p1b
|-damage|p1a: Sneasler|0 fnt
|-damage|p1b: Blastoise|0 fnt
|faint|p1a: Sneasler
|faint|p1b: Blastoise
|
|upkeep
|
|t:|1783869740
|switch|p2a: Kingambit|Kingambit, L50, M|100/100
|switch|p1a: Maushold|Maushold-Four, L50|100/100
|switch|p1b: Incineroar|Incineroar, L50, M|100/100
|-ability|p1b: Incineroar|Intimidate|boost
|-unboost|p2a: Kingambit|atk|1
|-ability|p2a: Kingambit|Defiant|boost
|-boost|p2a: Kingambit|atk|2
|-unboost|p2b: Sylveon|atk|1
|turn|3
|
|t:|1783869751
|switch|p2b: Farigiraf|Farigiraf, L50, M|100/100
|move|p1a: Maushold|Feint||[still]
|cant|p2b: Farigiraf|ability: Armor Tail|Feint|[of] p1a: Maushold
|move|p2a: Kingambit|Low Kick|p1b: Incineroar
|-supereffective|p1b: Incineroar|1
|-damage|p1b: Incineroar|48/100
|-enditem|p1b: Incineroar|Sitrus Berry|[eat]
|-heal|p1b: Incineroar|73/100|[from] item: Sitrus Berry
|move|p1b: Incineroar|Flare Blitz|p2a: Kingambit
|-supereffective|p2a: Kingambit|1
|-damage|p2a: Kingambit|14/100
|-status|p2a: Kingambit|brn
|-damage|p1b: Incineroar|48/100|[from] Recoil
|
|-damage|p2a: Kingambit|7/100 brn|[from] brn
|upkeep
|turn|4
|
|t:|1783869770
|move|p1a: Maushold|Protect|p1a: Maushold
|-singleturn|p1a: Maushold|Protect
|move|p2a: Kingambit|Low Kick|p1b: Incineroar
|-supereffective|p1b: Incineroar|1
|-damage|p1b: Incineroar|22/100
|move|p1b: Incineroar|Throat Chop|p2b: Farigiraf
|-supereffective|p2b: Farigiraf|1
|-damage|p2b: Farigiraf|47/100
|-start|p2b: Farigiraf|Throat Chop|[silent]
|-enditem|p2b: Farigiraf|Sitrus Berry|[eat]
|-heal|p2b: Farigiraf|72/100|[from] item: Sitrus Berry
|move|p2b: Farigiraf|Trick Room|p2b: Farigiraf
|-fieldstart|move: Trick Room|[of] p2b: Farigiraf
|
|-damage|p2a: Kingambit|1/100 brn|[from] brn
|upkeep
|turn|5
|
|t:|1783869786
|move|p1a: Maushold|Follow Me|p1a: Maushold
|-singleturn|p1a: Maushold|move: Follow Me
|move|p2a: Kingambit|Sucker Punch||[still]
|-fail|p2a: Kingambit
|move|p2b: Farigiraf|Psychic|p1a: Maushold
|-damage|p1a: Maushold|61/100
|move|p1b: Incineroar|Throat Chop|p2a: Kingambit
|-resisted|p2a: Kingambit|1
|-damage|p2a: Kingambit|0 fnt
|faint|p2a: Kingambit
|
|-end|p2b: Farigiraf|Throat Chop|[silent]
|upkeep
|
|t:|1783869789
|switch|p2a: Sylveon|Sylveon, L50, F|10/100
|turn|6
|
|t:|1783869810
|move|p2a: Sylveon|Detect|p2a: Sylveon
|-singleturn|p2a: Sylveon|Protect
|move|p1a: Maushold|Follow Me|p1a: Maushold
|-singleturn|p1a: Maushold|move: Follow Me
|move|p2b: Farigiraf|Thunderbolt|p1a: Maushold
|-damage|p1a: Maushold|35/100
|move|p1b: Incineroar|Flare Blitz|p2a: Sylveon
|-activate|p2a: Sylveon|move: Protect
|
|upkeep
|turn|7
|
|t:|1783869820
|move|p1a: Maushold|Follow Me|p1a: Maushold
|-singleturn|p1a: Maushold|move: Follow Me
|move|p2b: Farigiraf|Thunderbolt|p1a: Maushold
|-damage|p1a: Maushold|12/100
|move|p2a: Sylveon|Hyper Voice|p1b: Incineroar|[spread] p1a,p1b
|-damage|p1a: Maushold|0 fnt
|-damage|p1b: Incineroar|0 fnt
|faint|p1a: Maushold
|faint|p1b: Incineroar
|
|win|new mental
||BVSelf is ready for game 2.
||new mental is ready for game 2.
|uhtml|next|Next: Game 2 of 3
