|j|☆patchspitzy
|j|☆5NitesAtTrickRoom
|html|patchspitzy5NitesAtTrickRoom    
|uhtml|bestof|Game 3 of a best-of-3
|t:|1757807836
|gametype|doubles
|player|p1|patchspitzy|roark|
|player|p2|5NitesAtTrickRoom|hilbert|
|gen|9
|tier|[Gen 9] VGC 2025 Reg H (Bo3)
|rule|Species Clause: Limit one of each Pokémon
|rule|Item Clause: Limit 1 of each item
|clearpoke
|poke|p1|Sneasler, L50, F|
|poke|p1|Dragapult, L50, F|
|poke|p1|Primarina, L50, F|
|poke|p1|Rillaboom, L50, F|
|poke|p1|Kingambit, L50, F|
|poke|p1|Electabuzz, L50, M|
|poke|p2|Dragonite, L50, M|
|poke|p2|Gholdengo, L50|
|poke|p2|Ursaluna-Bloodmoon, L50, M|
|poke|p2|Annihilape, L50, M|
|poke|p2|Maushold-Four, L50|
|poke|p2|Rillaboom, L50, F|
|teampreview|4
|showteam|p1|Sneasler||FocusSash|PoisonTouch|CloseCombat,DireClaw,FakeOut,Protect|||F|||50|,,,,,Stellar]Dragapult||ChoiceBand|ClearBody|DragonDarts,Outrage,PhantomForce,Uturn|||F|||50|,,,,,Dragon]Primarina||LifeOrb|LiquidVoice|HyperVoice,Moonblast,Haze,Protect|||F|||50|,,,,,Grass]Rillaboom||AssaultVest|GrassySurge|WoodHammer,GrassyGlide,HighHorsepower,FakeOut|||F|||50|,,,,,Fire]Kingambit||BlackGlasses|Defiant|KowtowCleave,SuckerPunch,SwordsDance,Protect|||F|||50|,,,,,Ghost]Electabuzz||Eviolite|VitalSpirit|Thunderbolt,FollowMe,HelpingHand,Protect|||M|||50|,,,,,Ghost
|showteam|p2|Dragonite||LoadedDice|Multiscale|ScaleShot,Tailwind,Haze,Protect|||M|||50|,,,,,Fairy]Gholdengo||LifeOrb|GoodasGold|MakeItRain,ShadowBall,NastyPlot,Protect||||||50|,,,,,Water]Ursaluna-Bloodmoon||AssaultVest|MindsEye|BloodMoon,EarthPower,HyperVoice,VacuumWave|||M|||50|,,,,,Water]Annihilape||SitrusBerry|Defiant|DrainPunch,RageFist,BulkUp,Protect|||M|||50|,,,,,Fire]Maushold-Four||FocusSash|FriendGuard|SuperFang,BeatUp,FollowMe,Protect||||||50|,,,,,Ghost]Rillaboom||MiracleSeed|GrassySurge|WoodHammer,GrassyGlide,HighHorsepower,FakeOut|||F|||50|,,,,,Fire
|
|t:|1757807883
|teamsize|p1|4
|teamsize|p2|4
|start
|switch|p1a: Slayyy|Primarina, L50, F|100/100
|switch|p1b: Laa-Laa|Electabuzz, L50, M|100/100
|switch|p2a: Maushold|Maushold-Four, L50|100/100
|switch|p2b: Annihilape|Annihilape, L50, M|100/100
|turn|1
|
|t:|1757807976
|move|p2a: Maushold|Follow Me|p2a: Maushold
|-singleturn|p2a: Maushold|move: Follow Me
|move|p1b: Laa-Laa|Follow Me|p1b: Laa-Laa
|-singleturn|p1b: Laa-Laa|move: Follow Me
|move|p2b: Annihilape|Bulk Up|p2b: Annihilape
|-boost|p2b: Annihilape|atk|1
|-boost|p2b: Annihilape|def|1
|move|p1a: Slayyy|Moonblast|p2a: Maushold
|-damage|p2a: Maushold|35/100
|-damage|p1a: Slayyy|91/100|[from] item: Life Orb
|
|upkeep
|turn|2
|
|t:|1757808003
|-terastallize|p2b: Annihilape|Fire
|move|p2a: Maushold|Protect|p2a: Maushold
|-singleturn|p2a: Maushold|Protect
|move|p1a: Slayyy|Protect|p1a: Slayyy
|-singleturn|p1a: Slayyy|Protect
|move|p2b: Annihilape|Bulk Up|p2b: Annihilape
|-boost|p2b: Annihilape|atk|1
|-boost|p2b: Annihilape|def|1
|move|p1b: Laa-Laa|Thunderbolt|p2a: Maushold
|-activate|p2a: Maushold|move: Protect
|
|upkeep
|turn|3
|
|t:|1757808028
|-terastallize|p1b: Laa-Laa|Ghost
|move|p1b: Laa-Laa|Follow Me|p1b: Laa-Laa
|-singleturn|p1b: Laa-Laa|move: Follow Me
|move|p2a: Maushold|Beat Up|p1b: Laa-Laa
|-supereffective|p1b: Laa-Laa
|-damage|p1b: Laa-Laa|96/100
|-supereffective|p1b: Laa-Laa
|-damage|p1b: Laa-Laa|90/100
|-supereffective|p1b: Laa-Laa
|-damage|p1b: Laa-Laa|84/100
|-supereffective|p1b: Laa-Laa
|-damage|p1b: Laa-Laa|78/100
|-hitcount|p1b: Laa-Laa|4
|move|p2b: Annihilape|Drain Punch|p1b: Laa-Laa
|-immune|p1b: Laa-Laa
|move|p1a: Slayyy|Haze|p1a: Slayyy
|-clearallboost
|
|upkeep
|turn|4
|
|t:|1757808053
|move|p1b: Laa-Laa|Helping Hand|p1a: Slayyy
|-singleturn|p1a: Slayyy|Helping Hand|[of] p1b: Laa-Laa
|move|p2a: Maushold|Protect|p2a: Maushold
|-singleturn|p2a: Maushold|Protect
|move|p2b: Annihilape|Bulk Up|p2b: Annihilape
|-boost|p2b: Annihilape|atk|1
|-boost|p2b: Annihilape|def|1
|move|p1a: Slayyy|Hyper Voice|p2b: Annihilape|[spread] p2b
|-activate|p2a: Maushold|move: Protect
|-supereffective|p2b: Annihilape
|-damage|p2b: Annihilape|18/100
|-enditem|p2b: Annihilape|Sitrus Berry|[eat]
|-heal|p2b: Annihilape|43/100|[from] item: Sitrus Berry
|-damage|p1a: Slayyy|82/100|[from] item: Life Orb
|
|upkeep
|turn|5
|
|t:|1757808125
|move|p2a: Maushold|Follow Me|p2a: Maushold
|-singleturn|p2a: Maushold|move: Follow Me
|move|p1b: Laa-Laa|Follow Me|p1b: Laa-Laa
|-singleturn|p1b: Laa-Laa|move: Follow Me
|move|p2b: Annihilape|Rage Fist|p1b: Laa-Laa
|-supereffective|p1b: Laa-Laa
|-damage|p1b: Laa-Laa|0 fnt
|faint|p1b: Laa-Laa
|move|p1a: Slayyy|Hyper Voice|p2b: Annihilape|[spread] p2a,p2b
|-supereffective|p2b: Annihilape
|-damage|p2a: Maushold|0 fnt
|-damage|p2b: Annihilape|0 fnt
|faint|p2a: Maushold
|faint|p2b: Annihilape
|-damage|p1a: Slayyy|72/100|[from] item: Life Orb
|
|upkeep
|
|t:|1757808146
|switch|p2a: Dragonite|Dragonite, L50, M|100/100
|switch|p2b: Ursaluna|Ursaluna-Bloodmoon, L50, M|100/100
|switch|p1b: Grassy Kong|Rillaboom, L50, F|100/100
|-fieldstart|move: Grassy Terrain|[from] ability: Grassy Surge|[of] p1b: Grassy Kong
|turn|6
|
|t:|1757808168
|move|p1b: Grassy Kong|Fake Out|p2a: Dragonite
|-damage|p2a: Dragonite|92/100
|cant|p2a: Dragonite|flinch
|move|p1a: Slayyy|Hyper Voice|p2b: Ursaluna|[spread] p2a,p2b
|-resisted|p2a: Dragonite
|-supereffective|p2b: Ursaluna
|-crit|p2b: Ursaluna
|-damage|p2a: Dragonite|74/100
|-damage|p2b: Ursaluna|24/100
|-damage|p1a: Slayyy|63/100|[from] item: Life Orb
|move|p2b: Ursaluna|Blood Moon|p1a: Slayyy
|-damage|p1a: Slayyy|0 fnt
|faint|p1a: Slayyy
|
|-heal|p2b: Ursaluna|29/100|[from] Grassy Terrain
|upkeep
|
|t:|1757808179
|switch|p1a: B-2|Dragapult, L50, F|100/100
|turn|7
|
|t:|1757808196
|move|p1b: Grassy Kong|Grassy Glide|p2b: Ursaluna
|-supereffective|p2b: Ursaluna
|-damage|p2b: Ursaluna|0 fnt
|faint|p2b: Ursaluna
|move|p1a: B-2|Outrage|p2a: Dragonite
|-supereffective|p2a: Dragonite
|-damage|p2a: Dragonite|0 fnt
|faint|p2a: Dragonite
|
|win|patchspitzy
|l|☆patchspitzy
|player|p1|
|j|☆patchspitzy
|player|p1|patchspitzy|roark|
