|j|☆KodeBeast0526
|j|☆The OG Trainer Red
|html|KodeBeast0526The OG Trainer Red    
|uhtml|bestof|Game 3 of a best-of-3
|t:|1783389064
|gametype|doubles
|player|p1|KodeBeast0526|sailor|1163
|player|p2|The OG Trainer Red|red|1133
|gen|9
|tier|[Gen 9 Champions] VGC 2026 Reg M-B (Bo3)
|rated|
|rule|Species Clause: Limit one of each Pokémon
|rule|Item Clause: Limit 1 of each item
|clearpoke
|poke|p1|Gengar, L50, M, shiny|
|poke|p1|Swampert, L50, F, shiny|
|poke|p1|Incineroar, L50, F, shiny|
|poke|p1|Politoed, L50, F, shiny|
|poke|p1|Archaludon, L50, F|
|poke|p1|Vivillon-Ocean, L50, F|
|poke|p2|Charizard, L50, F|
|poke|p2|Venusaur, L50, F|
|poke|p2|Garchomp, L50, F|
|poke|p2|Scizor, L50, F|
|poke|p2|Annihilape, L50, F|
|poke|p2|Aerodactyl, L50, F|
|teampreview|4
|showteam|p1|Gengar||Gengarite|CursedBody|ShadowBall,PerishSong,SludgeBomb,Protect|Timid||M|||50|]Swampert||Swampertite|Torrent|WaveCrash,Earthquake,IcePunch,Protect|Adamant||F|||50|]Incineroar||PasshoBerry|Intimidate|ThroatChop,PartingShot,FakeOut,Protect|Sassy||F|||50|]Politoed||SitrusBerry|Drizzle|WeatherBall,PerishSong,Encore,Protect|Calm||F|||50|]Archaludon||Leftovers|Stamina|DragonPulse,FlashCannon,ElectroShot,Protect|Bold||F|||50|]Vivillon-Ocean||FocusSash|CompoundEyes|Hurricane,SleepPowder,RagePowder,Protect|Timid||F|||50|
|showteam|p2|Charizard||CharizarditeY|Blaze|HeatWave,SolarBeam,AirSlash,Protect|Timid||F|||50|]Venusaur||WideLens|Chlorophyll|SleepPowder,SludgeBomb,GigaDrain,EarthPower|Modest||F|||50|]Garchomp||LifeOrb|RoughSkin|Earthquake,RockSlide,DragonClaw,Crunch|Jolly||F|||50|]Scizor||Leftovers|Technician|SwordsDance,BulletPunch,BugBite,DualWingbeat|Brave||F|||50|]Annihilape||SitrusBerry|Defiant|DrainPunch,CloseCombat,RageFist,Protect|Adamant||F|||50|]Aerodactyl||Aerodactylite|RockHead|RockSlide,DualWingbeat,Tailwind,Protect|Adamant||F|||50|
|inactive|Battle timer is ON: inactive players will automatically lose when time's up. (requested by The OG Trainer Red)
|
|t:|1783389127
|teamsize|p1|4
|teamsize|p2|4
|start
|switch|p1a: Politoed|Politoed, L50, F, shiny|100/100
|switch|p1b: Incineroar|Incineroar, L50, F, shiny|100/100
|switch|p2a: Charizard|Charizard, L50, F|100/100
|switch|p2b: Venusaur|Venusaur, L50, F|100/100
|-weather|RainDance|[from] ability: Drizzle|[of] p1a: Politoed
|-ability|p1b: Incineroar|Intimidate|boost
|-unboost|p2a: Charizard|atk|1
|-unboost|p2b: Venusaur|atk|1
|turn|1
|
|t:|1783389149
|switch|p1a: Archaludon|Archaludon, L50, F|100/100
|move|p2a: Charizard|Protect|p2a: Charizard
|-singleturn|p2a: Charizard|Protect
|move|p2b: Venusaur|Giga Drain|p1a: Archaludon
|-resisted|p1a: Archaludon|2
|-damage|p1a: Archaludon|89/100
|-ability|p1a: Archaludon|Stamina|boost
|-boost|p1a: Archaludon|def|1
|move|p1b: Incineroar|Parting Shot|p2a: Charizard
|-activate|p2a: Charizard|move: Protect
|
|-weather|RainDance|[upkeep]
|-heal|p1a: Archaludon|95/100|[from] item: Leftovers
|upkeep
|turn|2
|
|t:|1783389173
|detailschange|p2a: Charizard|Charizard-Mega-Y, L50, F
|-mega|p2a: Charizard|Charizard|Charizardite Y
|-weather|SunnyDay|[from] ability: Drought|[of] p2a: Charizard
|move|p1a: Archaludon|Protect|p1a: Archaludon
|-singleturn|p1a: Archaludon|Protect
|move|p2b: Venusaur|Sleep Powder|p1b: Incineroar
|-status|p1b: Incineroar|slp|[from] move: Sleep Powder
|move|p2a: Charizard|Heat Wave|p1a: Archaludon|[spread] p1b
|-activate|p1a: Archaludon|move: Protect
|-resisted|p1b: Incineroar|1
|-damage|p1b: Incineroar|75/100 slp
|cant|p1b: Incineroar|slp
|
|-weather|SunnyDay|[upkeep]
|-heal|p1a: Archaludon|100/100|[from] item: Leftovers
|upkeep
|turn|3
|inactive|KodeBeast0526 has 30 seconds left.
|
|t:|1783389205
|switch|p2a: Garchomp|Garchomp, L50, F|100/100
|switch|p1b: Politoed|Politoed, L50, F, shiny|100/100
|-weather|RainDance|[from] ability: Drizzle|[of] p1b: Politoed
|move|p1a: Archaludon|Electro Shot||[still]
|-prepare|p1a: Archaludon|Electro Shot
|-boost|p1a: Archaludon|spa|1
|-anim|p1a: Archaludon|Electro Shot|p2a: Garchomp
|-immune|p2a: Garchomp
|move|p2b: Venusaur|Giga Drain|p1b: Politoed
|-supereffective|p1b: Politoed|1
|-damage|p1b: Politoed|47/100
|-enditem|p1b: Politoed|Sitrus Berry|[eat]
|-heal|p1b: Politoed|72/100|[from] item: Sitrus Berry
|
|-weather|RainDance|[upkeep]
|upkeep
|turn|4
|inactive|The OG Trainer Red has 30 seconds left.
|
|t:|1783389233
|switch|p2b: Charizard|Charizard-Mega-Y, L50, F|100/100
|-weather|SunnyDay|[from] ability: Drought|[of] p2b: Charizard
|switch|p1b: Incineroar|Incineroar, L50, F, shiny|75/100 slp
|-ability|p1b: Incineroar|Intimidate|boost
|-unboost|p2a: Garchomp|atk|1
|-unboost|p2b: Charizard|atk|1
|move|p2a: Garchomp|Earthquake|p1a: Archaludon|[spread] p1a,p1b
|-immune|p2b: Charizard
|-supereffective|p1a: Archaludon|1
|-supereffective|p1b: Incineroar|1
|-damage|p1a: Archaludon|71/100
|-damage|p1b: Incineroar|13/100 slp
|-ability|p1a: Archaludon|Stamina|boost
|-boost|p1a: Archaludon|def|1
|-damage|p2a: Garchomp|90/100|[from] item: Life Orb
|move|p1a: Archaludon|Dragon Pulse|p2a: Garchomp
|-supereffective|p2a: Garchomp|1
|-damage|p2a: Garchomp|0 fnt
|faint|p2a: Garchomp
|
|-weather|SunnyDay|[upkeep]
|-heal|p1a: Archaludon|77/100|[from] item: Leftovers
|upkeep
|
|t:|1783389257
|switch|p2a: Scizor|Scizor, L50, F|100/100
|turn|5
|
|t:|1783389272
|switch|p2b: Venusaur|Venusaur, L50, F|100/100
|-curestatus|p1b: Incineroar|slp|[msg]
|move|p1b: Incineroar|Fake Out|p2b: Venusaur
|-damage|p2b: Venusaur|86/100
|move|p1a: Archaludon|Electro Shot||[still]
|-prepare|p1a: Archaludon|Electro Shot
|-boost|p1a: Archaludon|spa|1
|move|p2a: Scizor|Swords Dance|p2a: Scizor
|-boost|p2a: Scizor|atk|2
|
|-weather|SunnyDay|[upkeep]
|-heal|p1a: Archaludon|83/100|[from] item: Leftovers
|upkeep
|turn|6
|
|t:|1783389288
|move|p2a: Scizor|Bullet Punch|p1b: Incineroar
|-resisted|p1b: Incineroar|1
|-damage|p1b: Incineroar|0 fnt
|faint|p1b: Incineroar
|move|p2b: Venusaur|Sleep Powder|p1a: Archaludon
|-status|p1a: Archaludon|slp|[from] move: Sleep Powder
|cant|p1a: Archaludon|slp
|
|-weather|SunnyDay|[upkeep]
|-heal|p1a: Archaludon|89/100 slp|[from] item: Leftovers
|upkeep
|
|t:|1783389295
|switch|p1b: Swampert|Swampert, L50, F, shiny|100/100
|turn|7
|
|t:|1783389310
|move|p1b: Swampert|Protect|p1b: Swampert
|-singleturn|p1b: Swampert|Protect
|move|p2b: Venusaur|Earth Power|p1a: Archaludon
|-supereffective|p1a: Archaludon|1
|-damage|p1a: Archaludon|25/100 slp
|-ability|p1a: Archaludon|Stamina|boost
|-boost|p1a: Archaludon|def|1
|cant|p1a: Archaludon|slp
|move|p2a: Scizor|Bug Bite|p1b: Swampert
|-activate|p1b: Swampert|move: Protect
|
|-weather|SunnyDay|[upkeep]
|-heal|p1a: Archaludon|31/100 slp|[from] item: Leftovers
|upkeep
|turn|8
|inactive|KodeBeast0526 has 30 seconds left.
|
|t:|1783389340
|switch|p1a: Politoed|Politoed, L50, F, shiny|72/100
|-weather|RainDance|[from] ability: Drizzle|[of] p1a: Politoed
|detailschange|p1b: Swampert|Swampert-Mega, L50, F, shiny
|-mega|p1b: Swampert|Swampert|Swampertite
|move|p2a: Scizor|Bullet Punch|p1a: Politoed
|-resisted|p1a: Politoed|1
|-damage|p1a: Politoed|41/100
|move|p1b: Swampert|Ice Punch|p2b: Venusaur
|-supereffective|p2b: Venusaur|1
|-damage|p2b: Venusaur|13/100
|-status|p2b: Venusaur|frz
|-curestatus|p2b: Venusaur|frz|[msg]
|move|p2b: Venusaur|Giga Drain|p1b: Swampert
|-supereffective|p1b: Swampert|2
|-damage|p1b: Swampert|0 fnt
|-heal|p2b: Venusaur|65/100|[from] drain|[of] p1b: Swampert
|faint|p1b: Swampert
|
|-weather|RainDance|[upkeep]
|upkeep
|
|t:|1783389353
|switch|p1b: Archaludon|Archaludon, L50, F|31/100 slp
|turn|9
|
|t:|1783389366
|-curestatus|p1b: Archaludon|slp|[msg]
|move|p1b: Archaludon|Dragon Pulse|p2a: Scizor
|-resisted|p2a: Scizor|1
|-damage|p2a: Scizor|77/100
|move|p2b: Venusaur|Earth Power|p1b: Archaludon
|-supereffective|p1b: Archaludon|1
|-damage|p1b: Archaludon|0 fnt
|faint|p1b: Archaludon
|move|p1a: Politoed|Weather Ball|p2b: Venusaur
|-resisted|p2b: Venusaur|1
|-damage|p2b: Venusaur|41/100
|move|p2a: Scizor|Bug Bite|p1a: Politoed
|-damage|p1a: Politoed|0 fnt
|faint|p1a: Politoed
|
|win|The OG Trainer Red
|raw|KodeBeast0526's rating: 1163 → 1136(-27 for losing)
|raw|The OG Trainer Red's rating: 1133 → 1160(+27 for winning)
