|j|☆reyimo45
|j|☆Chelicerate1
|html|reyimo45Chelicerate1    
|uhtml|bestof|Game 2 of a best-of-3
|t:|1783258200
|gametype|doubles
|player|p1|reyimo45|265|1174
|player|p2|Chelicerate1|ethan|1107
|gen|9
|tier|[Gen 9 Champions] VGC 2026 Reg M-B (Bo3)
|rated|
|rule|Species Clause: Limit one of each Pokémon
|rule|Item Clause: Limit 1 of each item
|clearpoke
|poke|p1|Swampert, L50, F|
|poke|p1|Archaludon, L50, F|
|poke|p1|Sableye, L50, F|
|poke|p1|Pelipper, L50, F|
|poke|p1|Sneasler, L50, M|
|poke|p1|Sinistcha, L50|
|poke|p2|Charizard, L50, M, shiny|
|poke|p2|Gholdengo, L50, shiny|
|poke|p2|Incineroar, L50, M, shiny|
|poke|p2|Floette-Eternal, L50, F|
|poke|p2|Sinistcha-Masterpiece, L50, shiny|
|poke|p2|Garchomp, L50, M, shiny|
|teampreview|4
|showteam|p1|Swampert||Swampertite|Torrent|Earthquake,WaveCrash,IcePunch,Protect|Adamant||F|||50|]Archaludon||Leftovers|Stamina|Protect,ElectroShot,DragonPulse,FlashCannon|Calm||F|||50|]Sableye||LightClay|Prankster|RainDance,WillOWisp,Reflect,LightScreen|Relaxed||F|||50|]Pelipper||FocusSash|Drizzle|Protect,WeatherBall,Hurricane,Tailwind|Modest||F|||50|]Sneasler||WhiteHerb|Unburden|FakeOut,CloseCombat,Protect,DireClaw|Adamant||M|||50|]Sinistcha||SitrusBerry|Hospitality|RagePowder,MatchaGotcha,LifeDew,Protect|Calm|||||50|
|showteam|p2|Charizard||CharizarditeY|SolarPower|HeatWave,WeatherBall,AncientPower,SolarBeam|Modest||M|||50|]Gholdengo||ChoiceScarf|GoodasGold|MakeItRain,Psychic,ShadowBall,Trick|Timid|||||50|]Incineroar||SitrusBerry|Intimidate|FakeOut,ThroatChop,PartingShot,FlareBlitz|Careful||M|||50|]Floette-Eternal||Floettite|FlowerVeil|Moonblast,DazzlingGleam,CalmMind,Protect|Modest||F|||50|]Sinistcha-Masterpiece||KasibBerry|Hospitality|MatchaGotcha,RagePowder,LifeDew,Protect|Bold|||||50|]Garchomp||LifeOrb|RoughSkin|DragonClaw,RockSlide,Earthquake,Protect|Adamant||M|||50|
|inactive|Battle timer is ON: inactive players will automatically lose when time's up. (requested by Chelicerate1)
|inactive|reyimo45 has 60 seconds left.
|
|t:|1783258254
|teamsize|p1|4
|teamsize|p2|4
|start
|switch|p1a: Archaludon|Archaludon, L50, F|100/100
|switch|p1b: Sableye|Sableye, L50, F|100/100
|switch|p2a: Charizard|Charizard, L50, M, shiny|100/100
|switch|p2b: Incineroar|Incineroar, L50, M, shiny|100/100
|-ability|p2b: Incineroar|Intimidate|boost
|-unboost|p1a: Archaludon|atk|1
|-unboost|p1b: Sableye|atk|1
|turn|1
|inactive|Chelicerate1 has 30 seconds left.
|
|t:|1783258282
|switch|p2a: Sinistcha|Sinistcha-Masterpiece, L50, shiny|100/100
|move|p1b: Sableye|Rain Dance|p1b: Sableye
|-weather|RainDance
|move|p1a: Archaludon|Electro Shot||[still]
|-prepare|p1a: Archaludon|Electro Shot
|-boost|p1a: Archaludon|spa|1
|-anim|p1a: Archaludon|Electro Shot|p2a: Sinistcha
|-resisted|p2a: Sinistcha|1
|-crit|p2a: Sinistcha
|-damage|p2a: Sinistcha|48/100
|move|p2b: Incineroar|Parting Shot|p1a: Archaludon
|-unboost|p1a: Archaludon|atk|1
|-unboost|p1a: Archaludon|spa|1
|
|t:|1783258293
|switch|p2b: Garchomp|Garchomp, L50, M, shiny|100/100|[from] Parting Shot
|
|-weather|RainDance|[upkeep]
|upkeep
|turn|2
|
|t:|1783258309
|move|p1b: Sableye|Reflect|p1b: Sableye
|-sidestart|p1: reyimo45|Reflect
|move|p2b: Garchomp|Dragon Claw|p1b: Sableye
|-damage|p1b: Sableye|59/100
|-damage|p2b: Garchomp|90/100|[from] item: Life Orb
|move|p2a: Sinistcha|Life Dew|p2a: Sinistcha|[spread] p2a,p2b
|-heal|p2a: Sinistcha|72/100
|-heal|p2b: Garchomp|100/100
|move|p1a: Archaludon|Electro Shot||[still]
|-prepare|p1a: Archaludon|Electro Shot
|-boost|p1a: Archaludon|spa|1
|-anim|p1a: Archaludon|Electro Shot|p2a: Sinistcha
|-resisted|p2a: Sinistcha|1
|-damage|p2a: Sinistcha|39/100
|
|-weather|RainDance|[upkeep]
|upkeep
|turn|3
|
|t:|1783258326
|move|p1b: Sableye|Light Screen|p1b: Sableye
|-sidestart|p1: reyimo45|move: Light Screen
|move|p2b: Garchomp|Earthquake|p1a: Archaludon|[spread] p2a,p1a,p1b
|-resisted|p2a: Sinistcha|1
|-supereffective|p1a: Archaludon|1
|-damage|p2a: Sinistcha|15/100
|-damage|p1a: Archaludon|51/100
|-damage|p1b: Sableye|18/100
|-ability|p1a: Archaludon|Stamina|boost
|-boost|p1a: Archaludon|def|1
|-damage|p2b: Garchomp|90/100|[from] item: Life Orb
|move|p2a: Sinistcha|Life Dew|p2a: Sinistcha|[spread] p2a,p2b
|-heal|p2a: Sinistcha|40/100
|-heal|p2b: Garchomp|100/100
|move|p1a: Archaludon|Dragon Pulse|p2b: Garchomp
|-supereffective|p2b: Garchomp|1
|-damage|p2b: Garchomp|0 fnt
|faint|p2b: Garchomp
|
|-weather|RainDance|[upkeep]
|-heal|p1a: Archaludon|57/100|[from] item: Leftovers
|upkeep
|
|t:|1783258343
|switch|p2b: Incineroar|Incineroar, L50, M, shiny|100/100
|-ability|p2b: Incineroar|Intimidate|boost
|-unboost|p1a: Archaludon|atk|1
|-unboost|p1b: Sableye|atk|1
|turn|4
|
|t:|1783258361
|switch|p1b: Sinistcha|Sinistcha, L50|100/100
|-heal|p1a: Archaludon|82/100|[from] ability: Hospitality|[of] p1b: Sinistcha
|move|p2a: Sinistcha|Life Dew||[still]|[spread] p2a,p2b
|-heal|p2a: Sinistcha|64/100
|-fail|p2b: Incineroar|heal
|move|p1a: Archaludon|Electro Shot||[still]
|-prepare|p1a: Archaludon|Electro Shot
|-boost|p1a: Archaludon|spa|1
|-anim|p1a: Archaludon|Electro Shot|p2b: Incineroar
|-damage|p2b: Incineroar|41/100
|-enditem|p2b: Incineroar|Sitrus Berry|[eat]
|-heal|p2b: Incineroar|66/100|[from] item: Sitrus Berry
|move|p2b: Incineroar|Throat Chop|p1b: Sinistcha
|-supereffective|p1b: Sinistcha|1
|-damage|p1b: Sinistcha|63/100
|-start|p1b: Sinistcha|Throat Chop|[silent]
|
|-weather|RainDance|[upkeep]
|-heal|p1a: Archaludon|88/100|[from] item: Leftovers
|upkeep
|turn|5
|inactive|reyimo45 has 30 seconds left.
|inactive|Chelicerate1 has 30 seconds left.
|
|t:|1783258388
|move|p2a: Sinistcha|Life Dew|p2a: Sinistcha|[spread] p2a,p2b
|-heal|p2a: Sinistcha|89/100
|-heal|p2b: Incineroar|91/100
|move|p1a: Archaludon|Electro Shot||[still]
|-prepare|p1a: Archaludon|Electro Shot
|-boost|p1a: Archaludon|spa|1
|-anim|p1a: Archaludon|Electro Shot|p2b: Incineroar
|-damage|p2b: Incineroar|23/100
|move|p2b: Incineroar|Throat Chop|p1b: Sinistcha
|-supereffective|p1b: Sinistcha|1
|-damage|p1b: Sinistcha|29/100
|-enditem|p1b: Sinistcha|Sitrus Berry|[eat]
|-heal|p1b: Sinistcha|54/100|[from] item: Sitrus Berry
|move|p1b: Sinistcha|Life Dew|p1b: Sinistcha|[spread] p1a,p1b
|-heal|p1a: Archaludon|100/100
|-heal|p1b: Sinistcha|79/100
|
|-weather|none
|-end|p1b: Sinistcha|Throat Chop|[silent]
|upkeep
|turn|6
|inactive|reyimo45 has 30 seconds left.
|
|t:|1783258419
|switch|p1b: Swampert|Swampert, L50, F|100/100
|move|p2a: Sinistcha|Rage Powder|p2a: Sinistcha
|-singleturn|p2a: Sinistcha|move: Rage Powder
|move|p1a: Archaludon|Dragon Pulse|p2a: Sinistcha
|-crit|p2a: Sinistcha
|-damage|p2a: Sinistcha|0 fnt
|faint|p2a: Sinistcha
|move|p2b: Incineroar|Flare Blitz|p1b: Swampert
|-resisted|p1b: Swampert|1
|-damage|p1b: Swampert|84/100
|-damage|p2b: Incineroar|18/100|[from] Recoil
|
|upkeep
|
|t:|1783258430
|switch|p2a: Charizard|Charizard, L50, M, shiny|100/100
|turn|7
|
|t:|1783258437
|detailschange|p2a: Charizard|Charizard-Mega-Y, L50, M, shiny
|-mega|p2a: Charizard|Charizard|Charizardite Y
|-weather|SunnyDay|[from] ability: Drought|[of] p2a: Charizard
|detailschange|p1b: Swampert|Swampert-Mega, L50, F
|-mega|p1b: Swampert|Swampert|Swampertite
|move|p1a: Archaludon|Protect|p1a: Archaludon
|-singleturn|p1a: Archaludon|Protect
|move|p2a: Charizard|Solar Beam||[still]
|-prepare|p2a: Charizard|Solar Beam
|-anim|p2a: Charizard|Solar Beam|p1b: Swampert
|-supereffective|p1b: Swampert|2
|-damage|p1b: Swampert|0 fnt
|faint|p1b: Swampert
|move|p2b: Incineroar|Parting Shot|p1a: Archaludon
|-activate|p1a: Archaludon|move: Protect
|
|-weather|SunnyDay|[upkeep]
|upkeep
|
|t:|1783258450
|switch|p1b: Sableye|Sableye, L50, F|18/100
|turn|8
|
|t:|1783258457
|move|p1b: Sableye|Rain Dance|p1b: Sableye
|-weather|RainDance
|move|p2a: Charizard|Weather Ball|p1a: Archaludon
|-resisted|p1a: Archaludon|1
|-damage|p1a: Archaludon|84/100
|-ability|p1a: Archaludon|Stamina|boost
|-boost|p1a: Archaludon|def|1
|move|p1a: Archaludon|Electro Shot||[still]
|-prepare|p1a: Archaludon|Electro Shot
|-boost|p1a: Archaludon|spa|1
|-anim|p1a: Archaludon|Electro Shot|p2a: Charizard
|-supereffective|p2a: Charizard|1
|-damage|p2a: Charizard|0 fnt
|faint|p2a: Charizard
|move|p2b: Incineroar|Throat Chop|p1b: Sableye
|-damage|p1b: Sableye|0 fnt
|faint|p1b: Sableye
|
|-weather|RainDance|[upkeep]
|-heal|p1a: Archaludon|90/100|[from] item: Leftovers
|upkeep
|
|t:|1783258463
|switch|p1b: Sinistcha|Sinistcha, L50|79/100
|-heal|p1a: Archaludon|100/100|[from] ability: Hospitality|[of] p1b: Sinistcha
|turn|9
|
|t:|1783258478
|move|p1a: Archaludon|Dragon Pulse|p2b: Incineroar
|-damage|p2b: Incineroar|0 fnt
|faint|p2b: Incineroar
|
|win|reyimo45
||reyimo45 is ready for game 3.
