|j|☆Tchoubib
|j|☆spellbreakvgc
|html|Tchoubibspellbreakvgc    
|uhtml|bestof|Game 3 of a best-of-3
|t:|1756738212
|gametype|doubles
|player|p1|Tchoubib|1|1229
|player|p2|spellbreakvgc|lance|1125
|gen|9
|tier|[Gen 9] VGC 2025 Reg H (Bo3)
|rated|
|rule|Species Clause: Limit one of each Pokémon
|rule|Item Clause: Limit 1 of each item
|clearpoke
|poke|p1|Kilowattrel, L50, M|
|poke|p1|Garchomp, L50, M|
|poke|p1|Gholdengo, L50|
|poke|p1|Incineroar, L50, M|
|poke|p1|Amoonguss, L50, M|
|poke|p1|Tyranitar, L50, F|
|poke|p2|Sneasler, L50, M|
|poke|p2|Ursaluna-Bloodmoon, L50, M|
|poke|p2|Indeedee, L50, M|
|poke|p2|Tyranitar, L50, F|
|poke|p2|Annihilape, L50, M|
|poke|p2|Volcarona, L50, M|
|teampreview|4
|showteam|p1|Kilowattrel||FocusSash|Competitive|Thunderbolt,AirSlash,Tailwind,Protect|||M|||50|,,,,,Ghost]Garchomp||LifeOrb|RoughSkin|Earthquake,DragonClaw,StompingTantrum,Protect|||M|||50|,,,,,Fire]Gholdengo||MetalCoat|GoodasGold|MakeItRain,ShadowBall,NastyPlot,Protect||||||50|,,,,,Flying]Incineroar||SitrusBerry|Intimidate|FlareBlitz,KnockOff,PartingShot,FakeOut|||M|||50|,,,,,Ghost]Amoonguss||RockyHelmet|Regenerator|PollenPuff,Spore,RagePowder,Protect|||M|||50|,,,,,Water]Tyranitar||AssaultVest|SandStream|RockSlide,KnockOff,LowKick,TeraBlast|||F|||50|,,,,,Flying
|showteam|p2|Sneasler||PsychicSeed|Unburden|Protect,CloseCombat,DireClaw,ThroatChop|||M|||50|,,,,,Dark]Ursaluna-Bloodmoon||LifeOrb|MindsEye|Protect,HyperVoice,BloodMoon,EarthPower|||M|||50|,,,,,Normal]Indeedee||ChoiceScarf|PsychicSurge|ExpandingForce,TeraBlast,Trick,Protect|||M|||50|,,,,,Psychic]Tyranitar||AssaultVest|SandStream|RockSlide,TeraBlast,KnockOff,LowKick|||F|||50|,,,,,Flying]Annihilape||SafetyGoggles|Defiant|FinalGambit,CloseCombat,RageFist,Taunt|||M|||50|,,,,,Fairy]Volcarona||SitrusBerry|FlameBody|RagePowder,Overheat,StruggleBug,Tailwind|||M|||50|,,,,,Grass
|inactive|Battle timer is ON: inactive players will automatically lose when time's up. (requested by spellbreakvgc)
|inactive|spellbreakvgc has 60 seconds left.
|inactive|spellbreakvgc has 30 seconds left.
|inactive|spellbreakvgc has 20 seconds left.
|
|t:|1756738288
|teamsize|p1|4
|teamsize|p2|4
|start
|switch|p1a: Kilowattrel|Kilowattrel, L50, M|100/100
|switch|p1b: Garchomp|Garchomp, L50, M|100/100
|switch|p2a: Tyranitar|Tyranitar, L50, F, shiny|100/100
|switch|p2b: Indeedee|Indeedee, L50, M, shiny|100/100
|-fieldstart|move: Psychic Terrain|[from] ability: Psychic Surge|[of] p2b: Indeedee
|-weather|Sandstorm|[from] ability: Sand Stream|[of] p2a: Tyranitar
|turn|1
|inactive|Tchoubib has 30 seconds left.
|inactive|Tchoubib has 20 seconds left.
|
|t:|1756738325
|-terastallize|p2a: Tyranitar|Flying
|move|p2b: Indeedee|Expanding Force|p1b: Garchomp|[spread] p1a,p1b
|-enditem|p1a: Kilowattrel|Focus Sash
|-damage|p1a: Kilowattrel|1/100
|-damage|p1b: Garchomp|41/100
|move|p1a: Kilowattrel|Thunderbolt|p2a: Tyranitar
|-supereffective|p2a: Tyranitar
|-damage|p2a: Tyranitar|51/100
|move|p1b: Garchomp|Earthquake|p2a: Tyranitar|[spread] p2b
|-immune|p1a: Kilowattrel
|-immune|p2a: Tyranitar
|-damage|p2b: Indeedee|0 fnt
|faint|p2b: Indeedee
|-damage|p1b: Garchomp|31/100|[from] item: Life Orb
|move|p2a: Tyranitar|Rock Slide|p1a: Kilowattrel|[spread] p1a,p1b
|-supereffective|p1a: Kilowattrel
|-resisted|p1b: Garchomp
|-damage|p1a: Kilowattrel|0 fnt
|-damage|p1b: Garchomp|15/100
|faint|p1a: Kilowattrel
|
|-weather|Sandstorm|[upkeep]
|-damage|p2a: Tyranitar|45/100|[from] Sandstorm
|upkeep
|inactive|Tchoubib has 30 seconds left.
|
|t:|1756738353
|switch|p1a: Gholdengo|Gholdengo, L50|100/100
|switch|p2b: Ursaluna|Ursaluna-Bloodmoon, L50, M|100/100
|turn|2
|inactive|Tchoubib has 30 seconds left.
|inactive|Tchoubib has 20 seconds left.
|inactive|Tchoubib has 15 seconds left.
|
|t:|1756738394
|switch|p2a: Volcarona|Volcarona, L50, M, shiny|100/100
|move|p2b: Ursaluna|Protect|p2b: Ursaluna
|-singleturn|p2b: Ursaluna|Protect
|move|p1b: Garchomp|Dragon Claw|p2a: Volcarona
|-damage|p2a: Volcarona|23/100
|-status|p1b: Garchomp|brn|[from] ability: Flame Body|[of] p2a: Volcarona
|-enditem|p2a: Volcarona|Sitrus Berry|[eat]
|-heal|p2a: Volcarona|48/100|[from] item: Sitrus Berry
|-damage|p1b: Garchomp|5/100 brn|[from] item: Life Orb
|move|p1a: Gholdengo|Make It Rain|p2b: Ursaluna|[spread] p2a
|-activate|p2b: Ursaluna|move: Protect
|-resisted|p2a: Volcarona
|-damage|p2a: Volcarona|24/100
|-unboost|p1a: Gholdengo|spa|1
|
|-weather|Sandstorm|[upkeep]
|-damage|p2a: Volcarona|18/100|[from] Sandstorm
|-damage|p1b: Garchomp|0 fnt|[from] brn
|faint|p1b: Garchomp
|upkeep
|
|t:|1756738403
|switch|p1b: Tyranitar|Tyranitar, L50, F|100/100
|turn|3
|inactive|Tchoubib has 30 seconds left.
|inactive|spellbreakvgc has 30 seconds left.
|inactive|Tchoubib has 20 seconds left.
|inactive|spellbreakvgc has 20 seconds left.
|inactive|Tchoubib has 15 seconds left.
|inactive|spellbreakvgc has 15 seconds left.
|inactive|Tchoubib has 10 seconds left.
|
|t:|1756738450
|move|p2a: Volcarona|Struggle Bug|p1a: Gholdengo|[spread] p1a,p1b
|-resisted|p1a: Gholdengo
|-supereffective|p1b: Tyranitar
|-damage|p1a: Gholdengo|97/100
|-damage|p1b: Tyranitar|87/100
|-unboost|p1a: Gholdengo|spa|1
|-unboost|p1b: Tyranitar|spa|1
|move|p1a: Gholdengo|Nasty Plot|p1a: Gholdengo
|-boost|p1a: Gholdengo|spa|2
|move|p1b: Tyranitar|Rock Slide|p2b: Ursaluna|[spread] p2a,p2b
|-supereffective|p2a: Volcarona
|-resisted|p2b: Ursaluna
|-damage|p2a: Volcarona|0 fnt
|-damage|p2b: Ursaluna|89/100
|faint|p2a: Volcarona
|cant|p2b: Ursaluna|flinch
|
|-weather|Sandstorm|[upkeep]
|upkeep
|
|t:|1756738464
|switch|p2a: Tyranitar|Tyranitar, L50, F, shiny, tera:Flying|45/100
|turn|4
|inactive|Tchoubib has 30 seconds left.
|inactive|Tchoubib has 20 seconds left.
|
|t:|1756738500
|-terastallize|p1b: Tyranitar|Flying
|move|p1a: Gholdengo|Make It Rain|p2a: Tyranitar|[spread] p2a,p2b
|-damage|p2a: Tyranitar|12/100
|-damage|p2b: Ursaluna|19/100
|-unboost|p1a: Gholdengo|spa|1
|move|p1b: Tyranitar|Low Kick|p2a: Tyranitar
|-resisted|p2a: Tyranitar
|-damage|p2a: Tyranitar|0 fnt
|faint|p2a: Tyranitar
|move|p2b: Ursaluna|Earth Power|p1a: Gholdengo
|-supereffective|p1a: Gholdengo
|-damage|p1a: Gholdengo|0 fnt
|faint|p1a: Gholdengo
|-damage|p2b: Ursaluna|9/100|[from] item: Life Orb
|
|-weather|Sandstorm|[upkeep]
|-damage|p1b: Tyranitar|81/100|[from] Sandstorm
|upkeep
|turn|5
|-message|spellbreakvgc forfeited.
|
|win|Tchoubib
