|j|☆throat chop user
|j|☆tmdd01
|html|throat chop usertmdd01    
|uhtml|bestof|Game 3 of a best-of-3
|t:|1782449815
|gametype|doubles
|player|p1|throat chop user|whitney-masters|1214
|player|p2|tmdd01|cynthia-masters4|1151
|gen|9
|tier|[Gen 9 Champions] VGC 2026 Reg M-B (Bo3)
|rated|
|rule|Species Clause: Limit one of each Pokémon
|rule|Item Clause: Limit 1 of each item
|clearpoke
|poke|p1|Gholdengo, L50|
|poke|p1|Tyranitar, L50, M|
|poke|p1|Garchomp, L50, F|
|poke|p1|Hydreigon, L50, M|
|poke|p1|Corviknight, L50, M|
|poke|p1|Incineroar, L50, F|
|poke|p2|Floette-Eternal, L50, F|
|poke|p2|Charizard, L50, M|
|poke|p2|Whimsicott, L50, F|
|poke|p2|Garchomp, L50, F|
|poke|p2|Basculegion, L50, M|
|poke|p2|Kingambit, L50, F|
|teampreview|4
|showteam|p1|Gholdengo||MetalCoat|GoodasGold|NastyPlot,MakeItRain,ShadowBall,Protect|Modest|||||50|]Tyranitar||Tyranitarite|SandStream|RockSlide,KnockOff,IcePunch,Protect|Adamant||M|||50|]Garchomp||SitrusBerry|SandVeil|Earthquake,RockSlide,DragonClaw,Protect|Adamant||F|||50|]Hydreigon||ChoiceScarf|Levitate|DracoMeteor,DarkPulse,EarthPower,Snarl|Modest||M|||50|]Corviknight||Leftovers|MirrorArmor|Tailwind,BodyPress,BraveBird,BulkUp|Adamant||M|||50|]Incineroar||PasshoBerry|Intimidate|FakeOut,FlareBlitz,ThroatChop,PartingShot|Careful||F|||50|
|showteam|p2|Floette-Eternal||Floettite|FlowerVeil|Moonblast,DazzlingGleam,LightofRuin,Protect|Modest||F|||50|]Charizard||CharizarditeY|Blaze|HeatWave,WeatherBall,SolarBeam,Protect|Timid||M|||50|]Whimsicott||FocusSash|Prankster|Moonblast,Tailwind,Encore,Protect|Timid||F|||50|]Garchomp||LifeOrb|RoughSkin|DragonClaw,Earthquake,Protect,RockSlide|Jolly||F|||50|]Basculegion||MysticWater|Adaptability|WaveCrash,LastRespects,AquaJet,Protect|Adamant||M|||50|]Kingambit||ChopleBerry|Defiant|KowtowCleave,IronHead,SuckerPunch,LowKick|Adamant||F|||50|
|inactive|Battle timer is ON: inactive players will automatically lose when time's up. (requested by throat chop user)
|
|t:|1782449830
|teamsize|p1|4
|teamsize|p2|4
|start
|switch|p1a: Corviknight|Corviknight, L50, M|100/100
|switch|p1b: Incineroar|Incineroar, L50, F|100/100
|switch|p2a: Whimsicott|Whimsicott, L50, F|100/100
|switch|p2b: Floette|Floette-Eternal, L50, F|100/100
|-ability|p1b: Incineroar|Intimidate|boost
|-block|p2a: Whimsicott|ability: Flower Veil|[of] p2b: Floette
|-unboost|p2b: Floette|atk|1
|turn|1
|inactive|throat chop user has 30 seconds left.
|
|t:|1782449865
|detailschange|p2b: Floette|Floette-Mega, L50, F
|-mega|p2b: Floette|Floette|Floettite
|-ability|p2b: Floette|Fairy Aura
|move|p2a: Whimsicott|Protect|p2a: Whimsicott
|-singleturn|p2a: Whimsicott|Protect
|move|p1b: Incineroar|Fake Out|p2b: Floette
|-damage|p2b: Floette|86/100
|cant|p2b: Floette|flinch
|move|p1a: Corviknight|Brave Bird|p2a: Whimsicott
|-activate|p2a: Whimsicott|move: Protect
|
|upkeep
|turn|2
|
|t:|1782449882
|move|p2a: Whimsicott|Moonblast|p1b: Incineroar
|-damage|p1b: Incineroar|64/100
|-unboost|p1b: Incineroar|spa|1
|move|p2b: Floette|Dazzling Gleam|p1b: Incineroar|[spread] p1a,p1b
|-resisted|p1a: Corviknight|1
|-damage|p1a: Corviknight|78/100
|-damage|p1b: Incineroar|22/100
|move|p1a: Corviknight|Brave Bird|p2a: Whimsicott
|-supereffective|p2a: Whimsicott|1
|-enditem|p2a: Whimsicott|Focus Sash
|-damage|p2a: Whimsicott|1/100
|-damage|p1a: Corviknight|56/100|[from] Recoil
|move|p1b: Incineroar|Parting Shot|p2b: Floette
|-unboost|p2b: Floette|atk|1
|-unboost|p2b: Floette|spa|1
|
|t:|1782449887
|switch|p1b: Gholdengo|Gholdengo, L50|100/100|[from] Parting Shot
|
|-heal|p1a: Corviknight|61/100|[from] item: Leftovers
|upkeep
|turn|3
|
|t:|1782449897
|move|p2b: Floette|Protect|p2b: Floette
|-singleturn|p2b: Floette|Protect
|move|p2a: Whimsicott|Tailwind|p2a: Whimsicott
|-sidestart|p2: tmdd01|move: Tailwind
|move|p1b: Gholdengo|Nasty Plot|p1b: Gholdengo
|-boost|p1b: Gholdengo|spa|2
|move|p1a: Corviknight|Tailwind|p1a: Corviknight
|-sidestart|p1: throat chop user|move: Tailwind
|
|-heal|p1a: Corviknight|67/100|[from] item: Leftovers
|upkeep
|turn|4
|
|t:|1782449910
|switch|p2b: Basculegion|Basculegion, L50, M|100/100
|move|p2a: Whimsicott|Encore|p1a: Corviknight
|-start|p1a: Corviknight|Encore
|move|p1b: Gholdengo|Make It Rain|p2a: Whimsicott|[spread] p2a,p2b
|-supereffective|p2a: Whimsicott|1
|-resisted|p2b: Basculegion|1
|-damage|p2a: Whimsicott|0 fnt
|-damage|p2b: Basculegion|26/100
|-unboost|p1b: Gholdengo|spa|2
|faint|p2a: Whimsicott
|move|p1a: Corviknight|Tailwind||[still]
|-fail|p1a: Corviknight
|
|-heal|p1a: Corviknight|73/100|[from] item: Leftovers
|upkeep
|
|t:|1782449925
|switch|p2a: Garchomp|Garchomp, L50, F|100/100
|turn|5
|
|t:|1782449939
|switch|p1a: Incineroar|Incineroar, L50, F|22/100
|-ability|p1a: Incineroar|Intimidate|boost
|-unboost|p2a: Garchomp|atk|1
|-unboost|p2b: Basculegion|atk|1
|move|p2b: Basculegion|Protect|p2b: Basculegion
|-singleturn|p2b: Basculegion|Protect
|move|p1b: Gholdengo|Protect|p1b: Gholdengo
|-singleturn|p1b: Gholdengo|Protect
|move|p2a: Garchomp|Earthquake|p1b: Gholdengo|[spread] p1a
|-activate|p2b: Basculegion|move: Protect
|-activate|p1b: Gholdengo|move: Protect
|-supereffective|p1a: Incineroar|1
|-damage|p1a: Incineroar|0 fnt
|faint|p1a: Incineroar
|-damage|p2a: Garchomp|90/100|[from] item: Life Orb
|
|upkeep
|
|t:|1782449946
|switch|p1a: Corviknight|Corviknight, L50, M|73/100
|turn|6
|
|t:|1782449964
|switch|p1b: Tyranitar|Tyranitar, L50, M|100/100
|-weather|Sandstorm|[from] ability: Sand Stream|[of] p1b: Tyranitar
|move|p2a: Garchomp|Rock Slide|p1b: Tyranitar|[spread] p1a,p1b
|-damage|p1a: Corviknight|58/100
|-damage|p1b: Tyranitar|85/100
|-damage|p2a: Garchomp|80/100|[from] item: Life Orb
|move|p2b: Basculegion|Last Respects|p1b: Tyranitar
|-resisted|p1b: Tyranitar|1
|-damage|p1b: Tyranitar|65/100
|cant|p1a: Corviknight|flinch
|
|-weather|Sandstorm|[upkeep]
|-damage|p2b: Basculegion|20/100y|[from] Sandstorm
|-heal|p1a: Corviknight|64/100|[from] item: Leftovers
|-sideend|p2: tmdd01|move: Tailwind
|-sideend|p1: throat chop user|move: Tailwind
|upkeep
|turn|7
|inactive|throat chop user has 30 seconds left.
|
|t:|1782449997
|detailschange|p1b: Tyranitar|Tyranitar-Mega, L50, M
|-mega|p1b: Tyranitar|Tyranitar|Tyranitarite
|move|p2a: Garchomp|Rock Slide|p1a: Corviknight|[spread] p1a
|-miss|p2a: Garchomp|p1b: Tyranitar
|-damage|p1a: Corviknight|49/100
|-damage|p2a: Garchomp|70/100|[from] item: Life Orb
|move|p2b: Basculegion|Wave Crash|p1a: Corviknight
|-damage|p1a: Corviknight|0 fnt
|faint|p1a: Corviknight
|-damage|p2b: Basculegion|3/100|[from] Recoil
|move|p1b: Tyranitar|Rock Slide|p2a: Garchomp|[spread] p2b
|-miss|p1b: Tyranitar|p2a: Garchomp
|-damage|p2b: Basculegion|0 fnt
|faint|p2b: Basculegion
|
|-weather|Sandstorm|[upkeep]
|upkeep
|
|t:|1782450010
|switch|p2b: Floette|Floette-Mega, L50, F|86/100
|switch|p1a: Gholdengo|Gholdengo, L50|100/100
|-ability|p2b: Floette|Fairy Aura
|turn|8
|
|t:|1782450016
|move|p2b: Floette|Protect|p2b: Floette
|-singleturn|p2b: Floette|Protect
|move|p1a: Gholdengo|Protect|p1a: Gholdengo
|-singleturn|p1a: Gholdengo|Protect
|move|p1b: Tyranitar|Protect|p1b: Tyranitar
|-singleturn|p1b: Tyranitar|Protect
|move|p2a: Garchomp|Earthquake|p1b: Tyranitar|[spread] 
|-activate|p2b: Floette|move: Protect
|-activate|p1a: Gholdengo|move: Protect
|-activate|p1b: Tyranitar|move: Protect
|
|-weather|Sandstorm|[upkeep]
|-damage|p2b: Floette|80/100|[from] Sandstorm
|upkeep
|turn|9
|
|t:|1782450039
|move|p2a: Garchomp|Earthquake|p1b: Tyranitar|[spread] p2b,p1a,p1b
|-supereffective|p1a: Gholdengo|1
|-supereffective|p1b: Tyranitar|1
|-damage|p2b: Floette|36/100
|-damage|p1a: Gholdengo|41/100
|-damage|p1b: Tyranitar|25/100
|-damage|p2a: Garchomp|60/100|[from] item: Life Orb
|move|p2b: Floette|Moonblast|p1a: Gholdengo
|-resisted|p1a: Gholdengo|1
|-damage|p1a: Gholdengo|0 fnt
|faint|p1a: Gholdengo
|move|p1b: Tyranitar|Ice Punch|p2a: Garchomp
|-supereffective|p2a: Garchomp|2
|-damage|p2a: Garchomp|0 fnt
|-damage|p1b: Tyranitar|13/100|[from] ability: Rough Skin|[of] p2a: Garchomp
|faint|p2a: Garchomp
|
|-weather|Sandstorm|[upkeep]
|-damage|p2b: Floette|30/100|[from] Sandstorm
|upkeep
|turn|10
|-message|throat chop user forfeited.
|
|win|tmdd01
|raw|throat chop user's rating: 1214 → 1185(-29 for losing)
|raw|tmdd01's rating: 1151 → 1180(+29 for winning)
|l|☆throat chop user
|player|p1|
