|j|☆Utilaty
|j|☆C0ozer
|html|UtilatyC0ozer    
|uhtml|bestof|Game 1 of a best-of-3
|t:|1782312820
|gametype|doubles
|player|p1|Utilaty|ethan|1018
|player|p2|C0ozer|lucas|1124
|gen|9
|tier|[Gen 9 Champions] VGC 2026 Reg M-B (Bo3)
|rated|
|rule|Species Clause: Limit one of each Pokémon
|rule|Item Clause: Limit 1 of each item
|clearpoke
|poke|p1|Farigiraf, L50, M|
|poke|p1|Mawile, L50, M|
|poke|p1|Scrafty, L50, M|
|poke|p1|Armarouge, L50, M|
|poke|p1|Basculegion, L50, M|
|poke|p1|Venusaur, L50, M|
|poke|p2|Charizard, L50, F|
|poke|p2|Scrafty, L50, F|
|poke|p2|Gholdengo, L50|
|poke|p2|Whimsicott, L50, M|
|poke|p2|Toxapex, L50, F|
|poke|p2|Garchomp, L50, M|
|teampreview|4
|showteam|p1|Farigiraf||SitrusBerry|ArmorTail|HyperVoice,Protect,TrickRoom,MirrorCoat|Calm||M|||50|]Mawile||Mawilite|SheerForce|IronHead,PlayRough,Protect,SuckerPunch|Adamant||M|||50|]Scrafty||Leftovers|Intimidate|Detect,DrainPunch,FakeOut,KnockOff|Impish||M|||50|]Armarouge||WhiteHerb|FlashFire|ArmorCannon,HeatWave,Protect,Psychic|Sassy||M|||50|]Basculegion||ChoiceScarf|Adaptability|FlipTurn,AquaJet,LastRespects,WaveCrash|Jolly||M|||50|]Venusaur||Venusaurite|Chlorophyll|LeechSeed,Protect,GigaDrain,EarthPower|Quiet||M|||50|
|showteam|p2|Charizard||CharizarditeY|Blaze|HeatWave,WeatherBall,SolarBeam,Protect|Timid||F|||50|]Scrafty||Scraftinite|Intimidate|FakeOut,KnockOff,CloseCombat,Detect|Impish||F|||50|]Gholdengo||LifeOrb|GoodasGold|FlashCannon,ShadowBall,NastyPlot,Protect|Timid|||||50|]Whimsicott||FocusSash|Prankster|Moonblast,Encore,Tailwind,Protect|Timid||M|||50|]Toxapex||Leftovers|Regenerator|Toxic,Haze,Infestation,BanefulBunker|Bold||F|||50|]Garchomp||SitrusBerry|RoughSkin|BreakingSwipe,RockSlide,StompingTantrum,Protect|Adamant||M|||50|
|inactive|Battle timer is ON: inactive players will automatically lose when time's up. (requested by C0ozer)
|inactive|Utilaty has 60 seconds left.
|inactive|Utilaty has 30 seconds left.
|inactive|Utilaty has 20 seconds left.
|inactive|Utilaty has 15 seconds left.
|
|t:|1782312896
|teamsize|p1|4
|teamsize|p2|4
|start
|switch|p1a: Farigiraf|Farigiraf, L50, M|100/100
|switch|p1b: Basculegion|Basculegion, L50, M|100/100
|switch|p2a: Scrafty|Scrafty, L50, F|100/100
|switch|p2b: Toxapex|Toxapex, L50, F|100/100
|-ability|p2a: Scrafty|Intimidate|boost
|-unboost|p1a: Farigiraf|atk|1
|-unboost|p1b: Basculegion|atk|1
|turn|1
|inactive|Utilaty has 30 seconds left.
|inactive|C0ozer has 30 seconds left.
|
|t:|1782312929
|detailschange|p2a: Scrafty|Scrafty-Mega, L50, F
|-mega|p2a: Scrafty|Scrafty|Scraftinite
|-ability|p2a: Scrafty|Intimidate|boost
|-unboost|p1a: Farigiraf|atk|1
|-unboost|p1b: Basculegion|atk|1
|move|p1a: Farigiraf|Protect|p1a: Farigiraf
|-singleturn|p1a: Farigiraf|Protect
|move|p1b: Basculegion|Flip Turn|p2a: Scrafty
|-damage|p2a: Scrafty|87/100
|
|t:|1782312942
|switch|p1b: Mawile|Mawile, L50, M|100/100|[from] Flip Turn
|move|p2a: Scrafty|Knock Off|p1b: Mawile
|-resisted|p1b: Mawile|1
|-damage|p1b: Mawile|82/100
|move|p2b: Toxapex|Toxic|p1a: Farigiraf
|-activate|p1a: Farigiraf|move: Protect
|
|upkeep
|turn|2
|
|t:|1782312966
|switch|p2a: Gholdengo|Gholdengo, L50|100/100
|detailschange|p1b: Mawile|Mawile-Mega, L50, M
|-mega|p1b: Mawile|Mawile|Mawilite
|move|p1b: Mawile|Protect|p1b: Mawile
|-singleturn|p1b: Mawile|Protect
|move|p2b: Toxapex|Toxic|p1a: Farigiraf
|-status|p1a: Farigiraf|tox
|move|p1a: Farigiraf|Trick Room|p1a: Farigiraf
|-fieldstart|move: Trick Room|[of] p1a: Farigiraf
|
|-damage|p1a: Farigiraf|93/100 tox|[from] psn
|upkeep
|turn|3
|inactive|Utilaty has 30 seconds left.
|inactive|C0ozer has 30 seconds left.
|inactive|Utilaty has 20 seconds left.
|inactive|Utilaty has 15 seconds left.
|
|t:|1782313007
|move|p1b: Mawile|Sucker Punch||[still]
|-fail|p1b: Mawile
|move|p2b: Toxapex|Infestation|p1a: Farigiraf
|-supereffective|p1a: Farigiraf|1
|-damage|p1a: Farigiraf|89/100 tox
|-activate|p1a: Farigiraf|move: Infestation|[of] p2b: Toxapex
|move|p1a: Farigiraf|Hyper Voice|p2b: Toxapex|[spread] p2b
|-immune|p2a: Gholdengo
|-damage|p2b: Toxapex|78/100
|move|p2a: Gholdengo|Nasty Plot|p2a: Gholdengo
|-boost|p2a: Gholdengo|spa|2
|
|-heal|p2b: Toxapex|84/100|[from] item: Leftovers
|-damage|p1a: Farigiraf|76/100 tox|[from] psn
|-damage|p1a: Farigiraf|64/100 tox|[from] move: Infestation|[partiallytrapped]
|upkeep
|turn|4
|
|t:|1782313022
|move|p2a: Gholdengo|Protect|p2a: Gholdengo
|-singleturn|p2a: Gholdengo|Protect
|move|p1b: Mawile|Sucker Punch||[still]
|-fail|p1b: Mawile
|move|p2b: Toxapex|Infestation|p1b: Mawile
|-resisted|p1b: Mawile|2
|-damage|p1b: Mawile|82/100
|-activate|p1b: Mawile|move: Infestation|[of] p2b: Toxapex
|move|p1a: Farigiraf|Mirror Coat||[still]
|-fail|p1a: Farigiraf
|
|-heal|p2b: Toxapex|90/100|[from] item: Leftovers
|-damage|p1a: Farigiraf|45/100 tox|[from] psn
|-damage|p1b: Mawile|70/100|[from] move: Infestation|[partiallytrapped]
|-damage|p1a: Farigiraf|33/100 tox|[from] move: Infestation|[partiallytrapped]
|upkeep
|-enditem|p1a: Farigiraf|Sitrus Berry|[eat]
|-heal|p1a: Farigiraf|58/100 tox|[from] item: Sitrus Berry
|turn|5
|
|t:|1782313047
|move|p1b: Mawile|Sucker Punch||[still]
|-fail|p1b: Mawile
|move|p2b: Toxapex|Infestation|p1b: Mawile
|-resisted|p1b: Mawile|2
|-damage|p1b: Mawile|69/100
|move|p2a: Gholdengo|Nasty Plot|p2a: Gholdengo
|-boost|p2a: Gholdengo|spa|2
|move|p1a: Farigiraf|Mirror Coat||[still]
|-fail|p1a: Farigiraf
|
|-heal|p2b: Toxapex|96/100|[from] item: Leftovers
|-damage|p1a: Farigiraf|33/100 tox|[from] psn
|-damage|p1b: Mawile|57/100|[from] move: Infestation|[partiallytrapped]
|-damage|p1a: Farigiraf|20/100y tox|[from] move: Infestation|[partiallytrapped]
|upkeep
|turn|6
|
|t:|1782313068
|move|p2b: Toxapex|Baneful Bunker|p2b: Toxapex
|-singleturn|p2b: Toxapex|move: Protect
|move|p1b: Mawile|Protect|p1b: Mawile
|-singleturn|p1b: Mawile|Protect
|move|p1a: Farigiraf|Protect|p1a: Farigiraf
|-singleturn|p1a: Farigiraf|Protect
|move|p2a: Gholdengo|Protect||[still]
|-fail|p2a: Gholdengo
|
|-heal|p2b: Toxapex|100/100|[from] item: Leftovers
|-damage|p1a: Farigiraf|0 fnt|[from] psn
|faint|p1a: Farigiraf
|-damage|p1b: Mawile|45/100|[from] move: Infestation|[partiallytrapped]
|-fieldend|move: Trick Room
|upkeep
|
|t:|1782313085
|switch|p1a: Basculegion|Basculegion, L50, M|100/100
|turn|7
|
|t:|1782313104
|switch|p2a: Scrafty|Scrafty-Mega, L50, F|87/100
|-ability|p2a: Scrafty|Intimidate|boost
|-unboost|p1a: Basculegion|atk|1
|-unboost|p1b: Mawile|atk|1
|move|p1b: Mawile|Sucker Punch||[still]
|-fail|p1b: Mawile
|move|p1a: Basculegion|Last Respects|p2a: Scrafty
|-resisted|p2a: Scrafty|1
|-damage|p2a: Scrafty|74/100
|move|p2b: Toxapex|Toxic|p1a: Basculegion
|-status|p1a: Basculegion|tox
|
|-damage|p1a: Basculegion|93/100 tox|[from] psn
|-damage|p1b: Mawile|33/100|[from] move: Infestation|[partiallytrapped]
|upkeep
|turn|8
|
|t:|1782313127
|move|p2a: Scrafty|Fake Out|p1b: Mawile
|-resisted|p1b: Mawile|1
|-damage|p1b: Mawile|28/100
|move|p1a: Basculegion|Last Respects|p2b: Toxapex
|-damage|p2b: Toxapex|70/100
|cant|p1b: Mawile|flinch
|move|p2b: Toxapex|Infestation|p1a: Basculegion
|-resisted|p1a: Basculegion|1
|-damage|p1a: Basculegion|92/100 tox
|-activate|p1a: Basculegion|move: Infestation|[of] p2b: Toxapex
|
|-heal|p2b: Toxapex|76/100|[from] item: Leftovers
|-damage|p1a: Basculegion|80/100 tox|[from] psn
|-damage|p1a: Basculegion|68/100 tox|[from] move: Infestation|[partiallytrapped]
|-end|p1b: Mawile|Infestation|[partiallytrapped]
|upkeep
|turn|9
|
|t:|1782313141
|move|p2a: Scrafty|Detect|p2a: Scrafty
|-singleturn|p2a: Scrafty|Protect
|move|p1a: Basculegion|Last Respects|p2b: Toxapex
|-damage|p2b: Toxapex|49/100
|move|p1b: Mawile|Play Rough|p2a: Scrafty
|-activate|p2a: Scrafty|move: Protect
|move|p2b: Toxapex|Infestation|p1b: Mawile
|-resisted|p1b: Mawile|2
|-damage|p1b: Mawile|27/100
|-activate|p1b: Mawile|move: Infestation|[of] p2b: Toxapex
|
|-heal|p2b: Toxapex|55/100|[from] item: Leftovers
|-damage|p1a: Basculegion|50/100g tox|[from] psn
|-damage|p1a: Basculegion|38/100 tox|[from] move: Infestation|[partiallytrapped]
|-damage|p1b: Mawile|15/100|[from] move: Infestation|[partiallytrapped]
|upkeep
|turn|10
|
|t:|1782313161
|switch|p2a: Gholdengo|Gholdengo, L50|100/100
|move|p2b: Toxapex|Baneful Bunker|p2b: Toxapex
|-singleturn|p2b: Toxapex|move: Protect
|move|p1a: Basculegion|Last Respects|p2b: Toxapex
|-activate|p2b: Toxapex|move: Protect
|move|p1b: Mawile|Play Rough|p2a: Gholdengo
|-resisted|p2a: Gholdengo|1
|-damage|p2a: Gholdengo|71/100
|
|-heal|p2b: Toxapex|61/100|[from] item: Leftovers
|-damage|p1a: Basculegion|14/100 tox|[from] psn
|-damage|p1a: Basculegion|2/100 tox|[from] move: Infestation|[partiallytrapped]
|-damage|p1b: Mawile|3/100|[from] move: Infestation|[partiallytrapped]
|upkeep
|turn|11
|inactive|Utilaty has 30 seconds left.
|
|t:|1782313187
|-heal|p2b: Toxapex|94/100|[from] ability: Regenerator|[silent]
|switch|p2b: Scrafty|Scrafty-Mega, L50, F|74/100
|-ability|p2b: Scrafty|Intimidate|boost
|-unboost|p1a: Basculegion|atk|1
|-unboost|p1b: Mawile|atk|1
|move|p2a: Gholdengo|Protect|p2a: Gholdengo
|-singleturn|p2a: Gholdengo|Protect
|move|p1b: Mawile|Sucker Punch||[still]
|-fail|p1b: Mawile
|move|p1a: Basculegion|Last Respects|p2b: Scrafty
|-resisted|p2b: Scrafty|1
|-damage|p2b: Scrafty|63/100
|
|-damage|p1a: Basculegion|0 fnt|[from] psn
|faint|p1a: Basculegion
|-end|p1b: Mawile|Infestation|[partiallytrapped]|[silent]
|upkeep
|
|t:|1782313194
|switch|p1a: Armarouge|Armarouge, L50, M|100/100
|turn|12
|
|t:|1782313205
|move|p1a: Armarouge|Protect|p1a: Armarouge
|-singleturn|p1a: Armarouge|Protect
|move|p1b: Mawile|Protect|p1b: Mawile
|-singleturn|p1b: Mawile|Protect
|move|p2b: Scrafty|Fake Out|p1b: Mawile
|-activate|p1b: Mawile|move: Protect
|move|p2a: Gholdengo|Shadow Ball|p1a: Armarouge
|-activate|p1a: Armarouge|move: Protect
|
|upkeep
|turn|13
|inactive|Utilaty has 30 seconds left.
|
|t:|1782313235
|switch|p2b: Toxapex|Toxapex, L50, F|94/100
|move|p2a: Gholdengo|Protect|p2a: Gholdengo
|-singleturn|p2a: Gholdengo|Protect
|move|p1b: Mawile|Sucker Punch||[still]
|-fail|p1b: Mawile
|move|p1a: Armarouge|Heat Wave|p2a: Gholdengo|[spread] p2b
|-activate|p2a: Gholdengo|move: Protect
|-resisted|p2b: Toxapex|1
|-damage|p2b: Toxapex|80/100
|-status|p2b: Toxapex|brn
|
|-heal|p2b: Toxapex|86/100 brn|[from] item: Leftovers
|-damage|p2b: Toxapex|80/100 brn|[from] brn
|upkeep
|turn|14
|
|t:|1782313255
|switch|p2a: Scrafty|Scrafty-Mega, L50, F|63/100
|-ability|p2a: Scrafty|Intimidate|boost
|-unboost|p1a: Armarouge|atk|1
|-unboost|p1b: Mawile|atk|1
|-enditem|p1a: Armarouge|White Herb
|-clearnegativeboost|p1a: Armarouge|[silent]
|move|p1b: Mawile|Sucker Punch||[still]
|-fail|p1b: Mawile
|move|p1a: Armarouge|Psychic|p2b: Toxapex
|-supereffective|p2b: Toxapex|1
|-damage|p2b: Toxapex|14/100 brn
|move|p2b: Toxapex|Toxic|p1a: Armarouge
|-status|p1a: Armarouge|tox
|
|-heal|p2b: Toxapex|20/100y brn|[from] item: Leftovers
|-damage|p1a: Armarouge|94/100 tox|[from] psn
|-damage|p2b: Toxapex|14/100 brn|[from] brn
|upkeep
|turn|15
|
|t:|1782313271
|move|p1a: Armarouge|Protect|p1a: Armarouge
|-singleturn|p1a: Armarouge|Protect
|move|p1b: Mawile|Protect|p1b: Mawile
|-singleturn|p1b: Mawile|Protect
|move|p2b: Toxapex|Baneful Bunker|p2b: Toxapex
|-singleturn|p2b: Toxapex|move: Protect
|move|p2a: Scrafty|Fake Out|p1b: Mawile
|-activate|p1b: Mawile|move: Protect
|
|-heal|p2b: Toxapex|20/100y brn|[from] item: Leftovers
|-damage|p1a: Armarouge|82/100 tox|[from] psn
|-damage|p2b: Toxapex|14/100 brn|[from] brn
|upkeep
|turn|16
|inactive|Utilaty has 30 seconds left.
|
|t:|1782313302
|-heal|p2b: Toxapex|47/100 brn|[from] ability: Regenerator|[silent]
|switch|p2b: Gholdengo|Gholdengo, L50|71/100
|move|p2a: Scrafty|Detect|p2a: Scrafty
|-singleturn|p2a: Scrafty|Protect
|move|p1a: Armarouge|Psychic|p2b: Gholdengo
|-resisted|p2b: Gholdengo|1
|-damage|p2b: Gholdengo|48/100
|move|p1b: Mawile|Play Rough|p2a: Scrafty
|-activate|p2a: Scrafty|move: Protect
|
|-damage|p1a: Armarouge|64/100 tox|[from] psn
|upkeep
|turn|17
|
|t:|1782313326
|move|p2b: Gholdengo|Shadow Ball|p1b: Mawile
|-damage|p1b: Mawile|0 fnt
|faint|p1b: Mawile
|-damage|p2b: Gholdengo|39/100|[from] item: Life Orb
|move|p2a: Scrafty|Knock Off|p1a: Armarouge
|-supereffective|p1a: Armarouge|1
|-damage|p1a: Armarouge|1/100 tox
|move|p1a: Armarouge|Heat Wave|p2a: Scrafty|[spread] p2a,p2b
|-supereffective|p2b: Gholdengo|1
|-damage|p2a: Scrafty|32/100
|-damage|p2b: Gholdengo|0 fnt
|faint|p2b: Gholdengo
|
|-damage|p1a: Armarouge|0 fnt|[from] psn
|faint|p1a: Armarouge
|
|win|C0ozer
||Utilaty is ready for game 2.
|inactive|C0ozer has 30 seconds to confirm battle start!
||C0ozer is ready for game 2.
|uhtml|next|Next: Game 2 of 3
