|j|☆Delacruso
|j|☆T-Soro
|html|DelacrusoT-Soro    
|uhtml|bestof|Game 3 of a best-of-3
|t:|1756747192
|gametype|doubles
|player|p1|Delacruso|red|1102
|player|p2|T-Soro|buck|1151
|gen|9
|tier|[Gen 9] VGC 2025 Reg H (Bo3)
|rated|
|rule|Species Clause: Limit one of each Pokémon
|rule|Item Clause: Limit 1 of each item
|clearpoke
|poke|p1|Ninetales, L50, F|
|poke|p1|Charizard, L50, M|
|poke|p1|Jumpluff, L50, F|
|poke|p1|Ursaluna-Bloodmoon, L50, M|
|poke|p1|Incineroar, L50, M|
|poke|p1|Porygon2, L50|
|poke|p2|Magmar, L50, F|
|poke|p2|Baxcalibur, L50, M|
|poke|p2|Rillaboom, L50, F|
|poke|p2|Sneasler, L50, F|
|poke|p2|Kingambit, L50, F|
|poke|p2|Dondozo, L50, M|
|teampreview|4
|showteam|p1|Ninetales||Charcoal|Drought|BatonPass,CalmMind,WillOWisp,HeatWave|||F|||50|,,,,,Grass]Charizard||ChoiceSpecs|SolarPower|DragonPulse,HeatWave,Overheat,WeatherBall|||M|||50|,,,,,Ghost]Jumpluff||CovertCloak|Chlorophyll|SleepPowder,SunnyDay,Tailwind,RagePowder|||F|||50|,,,,,Water]Ursaluna-Bloodmoon||AssaultVest|MindsEye|EarthPower,BloodMoon,HyperVoice,VacuumWave|||M|||50|,,,,,Normal]Incineroar||SitrusBerry|Intimidate|FakeOut,FlareBlitz,KnockOff,PartingShot|||M|||50|,,,,,Ghost]Porygon2||Eviolite|Download|Thunderbolt,IceBeam,Recover,TrickRoom||||||50|,,,,,Electric
|showteam|p2|Magmar||Eviolite|VitalSpirit|WillOWisp,Overheat,FollowMe,Protect|||F|||50|,,,,,Electric]Baxcalibur||LoadedDice|ThermalExchange|Protect,IceShard,ScaleShot,IcicleSpear|||M|||50|,,,,,Poison]Rillaboom||AssaultVest|GrassySurge|FakeOut,GrassyGlide,WoodHammer,HighHorsepower|||F|||50|,,,,,Fire]Sneasler||FocusSash|Unburden|Protect,Coaching,DireClaw,CloseCombat|||F|||50|,,,,,Stellar]Kingambit||BlackGlasses|Defiant|Protect,SuckerPunch,KowtowCleave,SwordsDance|||F|||50|,,,,,Dark]Dondozo||Leftovers|Unaware|Protect,WaveCrash,Fissure,Yawn|||M|||50|,,,,,Bug
|
|t:|1756747243
|teamsize|p1|4
|teamsize|p2|4
|start
|switch|p1a: Incineroar|Incineroar, L50, M, shiny|100/100
|switch|p1b: Ninetales|Ninetales, L50, F|100/100
|switch|p2a: Magmar|Magmar, L50, F|100/100
|switch|p2b: Baxcalibur|Baxcalibur, L50, M|100/100
|-weather|SunnyDay|[from] ability: Drought|[of] p1b: Ninetales
|-ability|p1a: Incineroar|Intimidate|boost
|-unboost|p2a: Magmar|atk|1
|-unboost|p2b: Baxcalibur|atk|1
|turn|1
|inactive|Battle timer is ON: inactive players will automatically lose when time's up. (requested by Delacruso)
|inactive|Delacruso has 60 seconds left.
|inactive|T-Soro has 60 seconds left.
|
|t:|1756747286
|switch|p2a: Sneasler|Sneasler, L50, F|100/100
|move|p2b: Baxcalibur|Protect|p2b: Baxcalibur
|-singleturn|p2b: Baxcalibur|Protect
|move|p1b: Ninetales|Calm Mind|p1b: Ninetales
|-boost|p1b: Ninetales|spa|1
|-boost|p1b: Ninetales|spd|1
|move|p1a: Incineroar|Knock Off|p2b: Baxcalibur
|-activate|p2b: Baxcalibur|move: Protect
|
|-weather|SunnyDay|[upkeep]
|upkeep
|turn|2
|inactive|Delacruso has 30 seconds left.
|inactive|Delacruso has 20 seconds left.
|inactive|Delacruso has 15 seconds left.
|
|t:|1756747327
|move|p2a: Sneasler|Coaching|p2b: Baxcalibur
|-boost|p2b: Baxcalibur|atk|1
|-boost|p2b: Baxcalibur|def|1
|move|p2b: Baxcalibur|Scale Shot|p1a: Incineroar
|-damage|p1a: Incineroar|85/100
|-damage|p1a: Incineroar|71/100
|-damage|p1a: Incineroar|56/100
|-damage|p1a: Incineroar|43/100
|-enditem|p1a: Incineroar|Sitrus Berry|[eat]
|-heal|p1a: Incineroar|67/100|[from] item: Sitrus Berry
|-hitcount|p1a: Incineroar|4
|-unboost|p2b: Baxcalibur|def|1
|-boost|p2b: Baxcalibur|spe|1
|move|p1b: Ninetales|Will-O-Wisp|p2b: Baxcalibur
|-immune|p2b: Baxcalibur|[from] ability: Thermal Exchange
|move|p1a: Incineroar|Parting Shot|p2a: Sneasler
|-unboost|p2a: Sneasler|atk|1
|-unboost|p2a: Sneasler|spa|1
|
|t:|1756747349
|switch|p1a: Charizard|Charizard, L50, M, shiny|100/100|[from] Parting Shot
|
|-weather|SunnyDay|[upkeep]
|-damage|p1a: Charizard|88/100|[from] ability: Solar Power|[of] p1a: Charizard
|upkeep
|turn|3
|
|t:|1756747362
|move|p2b: Baxcalibur|Scale Shot|p1a: Charizard
|-damage|p1a: Charizard|63/100
|-damage|p1a: Charizard|41/100
|-damage|p1a: Charizard|19/100
|-damage|p1a: Charizard|0 fnt
|faint|p1a: Charizard
|-hitcount|p1: Charizard|4
|-unboost|p2b: Baxcalibur|def|1
|-boost|p2b: Baxcalibur|spe|1
|move|p2a: Sneasler|Coaching|p2b: Baxcalibur
|-boost|p2b: Baxcalibur|atk|1
|-boost|p2b: Baxcalibur|def|1
|move|p1b: Ninetales|Baton Pass|p1b: Ninetales
|
|t:|1756747375
|switch|p1b: Ursaluna|Ursaluna-Bloodmoon, L50, M|100/100|[from] Baton Pass
|
|-weather|SunnyDay|[upkeep]
|upkeep
|
|t:|1756747379
|switch|p1a: Incineroar|Incineroar, L50, M, shiny|67/100
|-ability|p1a: Incineroar|Intimidate|boost
|-unboost|p2a: Sneasler|atk|1
|-unboost|p2b: Baxcalibur|atk|1
|turn|4
|
|t:|1756747395
|switch|p2a: Magmar|Magmar, L50, F|100/100
|move|p2b: Baxcalibur|Protect|p2b: Baxcalibur
|-singleturn|p2b: Baxcalibur|Protect
|move|p1a: Incineroar|Fake Out|p2b: Baxcalibur
|-activate|p2b: Baxcalibur|move: Protect
|move|p1b: Ursaluna|Hyper Voice|p2a: Magmar|[spread] p2a
|-activate|p2b: Baxcalibur|move: Protect
|-damage|p2a: Magmar|50/100
|
|-weather|SunnyDay|[upkeep]
|upkeep
|turn|5
|inactive|Delacruso has 30 seconds left.
|inactive|Delacruso has 20 seconds left.
|
|t:|1756747432
|-terastallize|p1b: Ursaluna|Normal
|move|p2a: Magmar|Follow Me|p2a: Magmar
|-singleturn|p2a: Magmar|move: Follow Me
|move|p2b: Baxcalibur|Icicle Spear|p1b: Ursaluna
|-damage|p1b: Ursaluna|88/100
|-damage|p1b: Ursaluna|75/100
|-damage|p1b: Ursaluna|62/100
|-damage|p1b: Ursaluna|50/100
|-damage|p1b: Ursaluna|38/100
|-hitcount|p1b: Ursaluna|5
|move|p1b: Ursaluna|Hyper Voice|p2b: Baxcalibur|[spread] p2a,p2b
|-crit|p2b: Baxcalibur
|-damage|p2a: Magmar|0 fnt
|-damage|p2b: Baxcalibur|0 fnt
|faint|p2a: Magmar
|faint|p2b: Baxcalibur
|move|p1a: Incineroar|Parting Shot|p2: Magmar|[notarget]
|-fail|p1a: Incineroar
|
|-weather|none
|upkeep
|
|t:|1756747449
|switch|p2b: Sneasler|Sneasler, L50, F|100/100
|switch|p2a: Rillaboom|Rillaboom, L50, F|100/100
|-fieldstart|move: Grassy Terrain|[from] ability: Grassy Surge|[of] p2a: Rillaboom
|turn|6
|inactive|Delacruso has 30 seconds left.
|
|t:|1756747477
|switch|p1a: Ninetales|Ninetales, L50, F|100/100
|-weather|SunnyDay|[from] ability: Drought|[of] p1a: Ninetales
|-terastallize|p2b: Sneasler|Stellar
|move|p2b: Sneasler|Close Combat|p1a: Ninetales
|-damage|p1a: Ninetales|33/100
|-unboost|p2b: Sneasler|def|1
|-unboost|p2b: Sneasler|spd|1
|move|p2a: Rillaboom|Wood Hammer|p1b: Ursaluna
|-damage|p1b: Ursaluna|0 fnt
|faint|p1b: Ursaluna
|-damage|p2a: Rillaboom|89/100|[from] Recoil
|
|-weather|SunnyDay|[upkeep]
|-heal|p1a: Ninetales|39/100|[from] Grassy Terrain
|-heal|p2a: Rillaboom|95/100|[from] Grassy Terrain
|upkeep
|
|t:|1756747492
|switch|p1b: Incineroar|Incineroar, L50, M, shiny|67/100
|-ability|p1b: Incineroar|Intimidate|boost
|-unboost|p2a: Rillaboom|atk|1
|-unboost|p2b: Sneasler|atk|1
|turn|7
|inactive|Delacruso has 30 seconds left.
|inactive|T-Soro has 30 seconds left.
|inactive|Delacruso has 20 seconds left.
|inactive|T-Soro has 20 seconds left.
|inactive|Delacruso has 15 seconds left.
|inactive|T-Soro has 15 seconds left.
|inactive|Delacruso has 10 seconds left.
|inactive|T-Soro has 10 seconds left.
|
|t:|1756747540
|move|p2b: Sneasler|Protect|p2b: Sneasler
|-singleturn|p2b: Sneasler|Protect
|move|p1b: Incineroar|Fake Out|p2b: Sneasler
|-activate|p2b: Sneasler|move: Protect
|move|p2a: Rillaboom|Grassy Glide|p1a: Ninetales
|-resisted|p1a: Ninetales
|-damage|p1a: Ninetales|28/100
|move|p1a: Ninetales|Heat Wave|p2b: Sneasler|[spread] p2a
|-activate|p2b: Sneasler|move: Protect
|-supereffective|p2a: Rillaboom
|-damage|p2a: Rillaboom|39/100
|-status|p2a: Rillaboom|brn
|
|-weather|SunnyDay|[upkeep]
|-heal|p1a: Ninetales|34/100|[from] Grassy Terrain
|-heal|p2a: Rillaboom|45/100 brn|[from] Grassy Terrain
|-heal|p1b: Incineroar|73/100|[from] Grassy Terrain
|-damage|p2a: Rillaboom|39/100 brn|[from] brn
|upkeep
|turn|8
|inactive|Delacruso has 30 seconds left.
|inactive|T-Soro has 30 seconds left.
|
|t:|1756747573
|move|p2b: Sneasler|Close Combat|p1b: Incineroar
|-supereffective|p1b: Incineroar
|-damage|p1b: Incineroar|0 fnt
|-unboost|p2b: Sneasler|def|1
|-unboost|p2b: Sneasler|spd|1
|faint|p1b: Incineroar
|move|p1a: Ninetales|Heat Wave|p2b: Sneasler|[spread] p2a,p2b
|-supereffective|p2a: Rillaboom
|-damage|p2a: Rillaboom|0 fnt
|-enditem|p2b: Sneasler|Focus Sash
|-damage|p2b: Sneasler|1/100
|-status|p2b: Sneasler|brn
|faint|p2a: Rillaboom
|
|-weather|SunnyDay|[upkeep]
|-heal|p2b: Sneasler|7/100 brn|[from] Grassy Terrain
|-heal|p1a: Ninetales|40/100|[from] Grassy Terrain
|-damage|p2b: Sneasler|1/100 brn|[from] brn
|upkeep
|turn|9
|c|☆Delacruso|holy
|
|t:|1756747597
|move|p2b: Sneasler|Close Combat|p1a: Ninetales
|-damage|p1a: Ninetales|23/100
|-unboost|p2b: Sneasler|def|1
|-unboost|p2b: Sneasler|spd|1
|move|p1a: Ninetales|Heat Wave|p2b: Sneasler
|-damage|p2b: Sneasler|0 fnt
|faint|p2b: Sneasler
|
|win|Delacruso
|raw|Delacruso's rating: 1102 → 1131(+29 for winning)
|raw|T-Soro's rating: 1151 → 1122(-29 for losing)
|l|☆T-Soro
|player|p2|
