|j|☆MizzleWaterCooler
|j|☆abuzmander
|html|MizzleWaterCoolerabuzmander    
|uhtml|bestof|Game 1 of a best-of-3
|t:|1756428330
|gametype|doubles
|player|p1|MizzleWaterCooler|brycen|1125
|player|p2|abuzmander|hiker-gen4|1055
|gen|9
|tier|[Gen 9] VGC 2025 Reg H (Bo3)
|rated|
|rule|Species Clause: Limit one of each Pokémon
|rule|Item Clause: Limit 1 of each item
|clearpoke
|poke|p1|Ursaluna-Bloodmoon, L50, M|
|poke|p1|Indeedee, L50, M|
|poke|p1|Sneasler, L50, F|
|poke|p1|Talonflame, L50, F|
|poke|p1|Incineroar, L50, M|
|poke|p1|Electabuzz, L50, F|
|poke|p2|Excadrill, L50, M|
|poke|p2|Tyranitar, L50, F|
|poke|p2|Dragonite, L50, M|
|poke|p2|Primarina, L50, M|
|poke|p2|Charizard, L50, F|
|poke|p2|Annihilape, L50, F|
|teampreview|4
|showteam|p1|Ursaluna-Bloodmoon||LifeOrb|MindsEye|BloodMoon,EarthPower,HyperVoice,Protect|||M|||50|,,,,,Normal]Indeedee||FocusSash|PsychicSurge|ExpandingForce,HelpingHand,TrickRoom,Protect|||M|||50|,,,,,Psychic]Sneasler||PsychicSeed|Unburden|CloseCombat,DireClaw,ThroatChop,Protect|||F|||50|,,,,,Dark]Talonflame||CovertCloak|GaleWings|FlareBlitz,DualWingbeat,WillOWisp,Tailwind|||F|||50|,,,,,Fairy]Incineroar||SafetyGoggles|Intimidate|FlareBlitz,KnockOff,PartingShot,FakeOut|||M|||50|,,,,,Ghost]Electabuzz||Eviolite|VitalSpirit|Electroweb,FollowMe,Taunt,Protect|||F|||50|,,,,,Dragon
|showteam|p2|Excadrill||ClearAmulet|SandRush|Protect,HighHorsepower,IronHead,Earthquake|||M|||50|,,,,,Grass]Tyranitar||AssaultVest|SandStream|RockSlide,KnockOff,TeraBlast,LowKick|||F|||50|,,,,,Flying]Dragonite||ChoiceBand|InnerFocus|Outrage,ExtremeSpeed,IceSpinner,AerialAce|||M|||50|,,,,,Normal]Primarina||ThroatSpray|LiquidVoice|HyperVoice,Moonblast,Haze,Protect|||M|||50|,,,,,Grass]Charizard||SitrusBerry|SolarPower|BlastBurn,AirSlash,Sandstorm,Counter|||F|||50|,,,,,Fire]Annihilape||ChoiceScarf|Defiant|FinalGambit,RageFist,DrainPunch,CloseCombat|||F|||50|,,,,,Fire
|inactive|Battle timer is ON: inactive players will automatically lose when time's up. (requested by MizzleWaterCooler)
|inactive|MizzleWaterCooler has 60 seconds left.
|inactive|MizzleWaterCooler has 30 seconds left.
|inactive|MizzleWaterCooler has 20 seconds left.
|inactive|MizzleWaterCooler has 15 seconds left.
|
|t:|1756428410
|teamsize|p1|4
|teamsize|p2|4
|start
|switch|p1a: Indeedee|Indeedee, L50, M|100/100
|switch|p1b: Sneasler|Sneasler, L50, F|100/100
|switch|p2a: Annihilape|Annihilape, L50, F|100/100
|switch|p2b: Primarina|Primarina, L50, M|100/100
|-fieldstart|move: Psychic Terrain|[from] ability: Psychic Surge|[of] p1a: Indeedee
|-enditem|p1b: Sneasler|Psychic Seed
|-boost|p1b: Sneasler|spd|1|[from] item: Psychic Seed
|turn|1
|inactive|MizzleWaterCooler has 30 seconds left.
|inactive|abuzmander has 30 seconds left.
|inactive|MizzleWaterCooler has 20 seconds left.
|inactive|abuzmander has 20 seconds left.
|
|t:|1756428446
|move|p1b: Sneasler|Protect|p1b: Sneasler
|-singleturn|p1b: Sneasler|Protect
|move|p1a: Indeedee|Protect|p1a: Indeedee
|-singleturn|p1a: Indeedee|Protect
|move|p2a: Annihilape|Final Gambit|p1a: Indeedee
|-activate|p1a: Indeedee|move: Protect
|move|p2b: Primarina|Hyper Voice|p1a: Indeedee|[spread] 
|-activate|p1a: Indeedee|move: Protect
|-activate|p1b: Sneasler|move: Protect
|
|upkeep
|turn|2
|
|t:|1756428466
|switch|p2a: Tyranitar|Tyranitar, L50, F|100/100
|-weather|Sandstorm|[from] ability: Sand Stream|[of] p2a: Tyranitar
|move|p1a: Indeedee|Helping Hand|p1b: Sneasler
|-singleturn|p1b: Sneasler|Helping Hand|[of] p1a: Indeedee
|move|p1b: Sneasler|Dire Claw|p2b: Primarina
|-supereffective|p2b: Primarina
|-damage|p2b: Primarina|0 fnt
|faint|p2b: Primarina
|
|-weather|Sandstorm|[upkeep]
|-damage|p1b: Sneasler|95/100|[from] Sandstorm
|-damage|p1a: Indeedee|95/100|[from] Sandstorm
|upkeep
|
|t:|1756428484
|switch|p2b: Dragonite|Dragonite, L50, M|100/100
|turn|3
|
|t:|1756428507
|move|p1b: Sneasler|Protect|p1b: Sneasler
|-singleturn|p1b: Sneasler|Protect
|move|p1a: Indeedee|Protect|p1a: Indeedee
|-singleturn|p1a: Indeedee|Protect
|move|p2b: Dragonite|Ice Spinner|p1b: Sneasler
|-activate|p1b: Sneasler|move: Protect
|move|p2a: Tyranitar|Knock Off|p1a: Indeedee
|-activate|p1a: Indeedee|move: Protect
|
|-weather|Sandstorm|[upkeep]
|-damage|p1b: Sneasler|89/100|[from] Sandstorm
|-damage|p1a: Indeedee|89/100|[from] Sandstorm
|-damage|p2b: Dragonite|95/100|[from] Sandstorm
|upkeep
|turn|4
|inactive|MizzleWaterCooler has 30 seconds left.
|
|t:|1756428537
|move|p1b: Sneasler|Close Combat|p2a: Tyranitar
|-supereffective|p2a: Tyranitar
|-damage|p2a: Tyranitar|0 fnt
|-unboost|p1b: Sneasler|def|1
|-unboost|p1b: Sneasler|spd|1
|faint|p2a: Tyranitar
|move|p1a: Indeedee|Expanding Force|p2b: Dragonite
|-damage|p2b: Dragonite|23/100
|move|p2b: Dragonite|Ice Spinner|p1b: Sneasler
|-damage|p1b: Sneasler|0 fnt
|-fieldend|move: Psychic Terrain
|faint|p1b: Sneasler
|
|-weather|Sandstorm|[upkeep]
|-damage|p1a: Indeedee|83/100|[from] Sandstorm
|-damage|p2b: Dragonite|17/100|[from] Sandstorm
|upkeep
|
|t:|1756428549
|switch|p1b: Talonflame|Talonflame, L50, F|100/100
|switch|p2a: Annihilape|Annihilape, L50, F|100/100
|turn|5
|inactive|MizzleWaterCooler has 30 seconds left.
|inactive|MizzleWaterCooler has 20 seconds left.
|inactive|MizzleWaterCooler has 15 seconds left.
|
|t:|1756428589
|-terastallize|p2a: Annihilape|Fire
|move|p1b: Talonflame|Tailwind|p1b: Talonflame
|-sidestart|p1: MizzleWaterCooler|move: Tailwind
|move|p1a: Indeedee|Expanding Force|p2b: Dragonite
|-damage|p2b: Dragonite|0 fnt
|faint|p2b: Dragonite
|move|p2a: Annihilape|Rage Fist|p1b: Talonflame
|-crit|p1b: Talonflame
|-damage|p1b: Talonflame|55/100
|
|-weather|Sandstorm|[upkeep]
|-damage|p1b: Talonflame|49/100|[from] Sandstorm
|-damage|p1a: Indeedee|77/100|[from] Sandstorm
|-damage|p2a: Annihilape|95/100|[from] Sandstorm
|upkeep
|turn|6
|-message|abuzmander forfeited.
|
|win|MizzleWaterCooler
|l|☆abuzmander
|player|p2|
||abuzmander is ready for game 2.
||MizzleWaterCooler is ready for game 2.
|uhtml|next|Next: Game 2 of 3
