|j|☆pokeplaygg
|j|☆soulmoonvgc
|html|pokeplayggsoulmoonvgc    
|uhtml|bestof|Game 1 of a best-of-3
|t:|1783137175
|gametype|doubles
|player|p1|pokeplaygg|102|1393
|player|p2|soulmoonvgc|marshal|1315
|gen|9
|tier|[Gen 9 Champions] VGC 2026 Reg M-B (Bo3)
|rated|
|rule|Species Clause: Limit one of each Pokémon
|rule|Item Clause: Limit 1 of each item
|clearpoke
|poke|p1|Farigiraf, L50, M|
|poke|p1|Mawile, L50, F|
|poke|p1|Milotic, L50, M|
|poke|p1|Incineroar, L50, M|
|poke|p1|Sylveon, L50, F|
|poke|p1|Barbaracle, L50, M|
|poke|p2|Charizard, L50, M|
|poke|p2|Glimmora, L50, M|
|poke|p2|Basculegion, L50, M|
|poke|p2|Whimsicott, L50, M|
|poke|p2|Aegislash, L50, F|
|poke|p2|Hydreigon, L50, M|
|teampreview|4
|showteam|p1|Farigiraf||SitrusBerry|ArmorTail|TrickRoom,TwinBeam,Thunderbolt,GrassKnot|Modest||M|||50|]Mawile||Mawilite|HyperCutter|Protect,SwordsDance,PlayRough,IronHead|Brave||F|||50|]Milotic||Leftovers|Competitive|Coil,MuddyWater,Hypnosis,Recover|Quiet||M|||50|]Incineroar||ExpertBelt|Intimidate|FakeOut,FlareBlitz,PartingShot,DarkestLariat|Brave||M|||50|]Sylveon||FairyFeather|Pixilate|Protect,HyperBeam,HyperVoice,QuickAttack|Quiet||F|||50|]Barbaracle||Barbaracite|ToughClaws|Protect,LowKick,RockSlide,ShadowClaw|Brave||M|||50|
|showteam|p2|Charizard||CharizarditeY|Blaze|HeatWave,WeatherBall,SolarBeam,Protect|Modest||M|||50|]Glimmora||Glimmoranite|ToxicDebris|PowerGem,SludgeBomb,EarthPower,SpikyShield|Modest||M|||50|]Basculegion||ChoiceScarf|Adaptability|WaveCrash,FlipTurn,LastRespects,AquaJet|Jolly||M|||50|]Whimsicott||LifeOrb|Prankster|Moonblast,EnergyBall,Tailwind,Protect|Timid||M|||50|]Aegislash||ColburBerry|StanceChange|IronHead,ShadowSneak,SacredSword,KingsShield|Adamant||F|||50|]Hydreigon||HabanBerry|Levitate|DracoMeteor,DarkPulse,EarthPower,Protect|Modest||M|||50|
|inactive|Battle timer is ON: inactive players will automatically lose when time's up. (requested by soulmoonvgc)
|inactive|soulmoonvgc has 60 seconds left.
|inactive|pokeplaygg has 60 seconds left.
|inactive|soulmoonvgc has 30 seconds left.
|
|t:|1783137241
|teamsize|p1|4
|teamsize|p2|4
|start
|switch|p1a: Farigiraf|Farigiraf, L50, M|100/100
|switch|p1b: Incineroar|Incineroar, L50, M|100/100
|switch|p2a: Charizard|Charizard, L50, M|100/100
|switch|p2b: Hydreigon|Hydreigon, L50, M|100/100
|-ability|p1b: Incineroar|Intimidate|boost
|-unboost|p2a: Charizard|atk|1
|-unboost|p2b: Hydreigon|atk|1
|turn|1
|
|t:|1783137261
|switch|p2b: Glimmora|Glimmora, L50, M|100/100
|move|p2a: Charizard|Protect|p2a: Charizard
|-singleturn|p2a: Charizard|Protect
|move|p1b: Incineroar|Fake Out|p2b: Glimmora
|-resisted|p2b: Glimmora|1
|-damage|p2b: Glimmora|92/100
|-activate|p2b: Glimmora|ability: Toxic Debris
|-sidestart|p1: pokeplaygg|move: Toxic Spikes
|move|p1a: Farigiraf|Trick Room|p1a: Farigiraf
|-fieldstart|move: Trick Room|[of] p1a: Farigiraf
|
|upkeep
|turn|2
|inactive|soulmoonvgc has 30 seconds left.
|
|t:|1783137290
|switch|p2b: Hydreigon|Hydreigon, L50, M|100/100
|detailschange|p2a: Charizard|Charizard-Mega-Y, L50, M
|-mega|p2a: Charizard|Charizard|Charizardite Y
|-weather|SunnyDay|[from] ability: Drought|[of] p2a: Charizard
|move|p1b: Incineroar|Darkest Lariat|p2a: Charizard
|-damage|p2a: Charizard|49/100
|move|p1a: Farigiraf|Twin Beam|p2b: Hydreigon
|-immune|p2b: Hydreigon
|move|p2a: Charizard|Weather Ball|p1a: Farigiraf
|-damage|p1a: Farigiraf|0 fnt
|faint|p1a: Farigiraf
|
|-weather|SunnyDay|[upkeep]
|upkeep
|inactive|pokeplaygg has 30 seconds left.
|
|t:|1783137318
|switch|p1a: Barbaracle|Barbaracle, L50, M|100/100
|-status|p1a: Barbaracle|psn
|turn|3
|
|t:|1783137331
|detailschange|p1a: Barbaracle|Barbaracle-Mega, L50, M
|-mega|p1a: Barbaracle|Barbaracle|Barbaracite
|move|p2b: Hydreigon|Protect|p2b: Hydreigon
|-singleturn|p2b: Hydreigon|Protect
|move|p2a: Charizard|Protect|p2a: Charizard
|-singleturn|p2a: Charizard|Protect
|move|p1b: Incineroar|Darkest Lariat|p2a: Charizard
|-activate|p2a: Charizard|move: Protect
|move|p1a: Barbaracle|Low Kick|p2b: Hydreigon
|-activate|p2b: Hydreigon|move: Protect
|
|-weather|SunnyDay|[upkeep]
|-damage|p1a: Barbaracle|87/100 psn|[from] psn
|upkeep
|turn|4
|
|t:|1783137345
|switch|p2b: Aegislash|Aegislash, L50, F|100/100
|switch|p2a: Glimmora|Glimmora, L50, M|92/100
|move|p1b: Incineroar|Darkest Lariat|p2a: Glimmora
|-damage|p2a: Glimmora|39/100
|-activate|p2a: Glimmora|ability: Toxic Debris
|-sidestart|p1: pokeplaygg|move: Toxic Spikes
|move|p1a: Barbaracle|Rock Slide|p2a: Glimmora|[spread] p2a,p2b
|-resisted|p2b: Aegislash|1
|-damage|p2a: Glimmora|0 fnt
|-damage|p2b: Aegislash|86/100
|faint|p2a: Glimmora
|
|-weather|SunnyDay|[upkeep]
|-damage|p1a: Barbaracle|75/100 psn|[from] psn
|upkeep
|
|t:|1783137365
|switch|p2a: Hydreigon|Hydreigon, L50, M|100/100
|turn|5
|
|t:|1783137385
|move|p2b: Aegislash|King's Shield|p2b: Aegislash
|-singleturn|p2b: Aegislash|Protect
|move|p2a: Hydreigon|Protect|p2a: Hydreigon
|-singleturn|p2a: Hydreigon|Protect
|move|p1b: Incineroar|Parting Shot|p2b: Aegislash
|-unboost|p2b: Aegislash|atk|1
|-unboost|p2b: Aegislash|spa|1
|
|t:|1783137393
|switch|p1b: Sylveon|Sylveon, L50, F|100/100|[from] Parting Shot
|-status|p1b: Sylveon|tox
|move|p1a: Barbaracle|Low Kick|p2a: Hydreigon
|-activate|p2a: Hydreigon|move: Protect
|
|-weather|SunnyDay|[upkeep]
|-damage|p1b: Sylveon|94/100 tox|[from] psn
|-damage|p1a: Barbaracle|63/100 psn|[from] psn
|-fieldend|move: Trick Room
|upkeep
|turn|6
|
|t:|1783137415
|move|p2a: Hydreigon|Earth Power|p1a: Barbaracle
|-supereffective|p1a: Barbaracle|1
|-damage|p1a: Barbaracle|0 fnt
|faint|p1a: Barbaracle
|-formechange|p2b: Aegislash|Aegislash-Blade|
|move|p2b: Aegislash|Iron Head|p1b: Sylveon
|-supereffective|p1b: Sylveon|1
|-damage|p1b: Sylveon|16/100 tox
|move|p1b: Sylveon|Hyper Voice|p2b: Aegislash|[spread] p2a,p2b
|-supereffective|p2a: Hydreigon|2
|-resisted|p2b: Aegislash|1
|-damage|p2a: Hydreigon|0 fnt
|-damage|p2b: Aegislash|43/100
|faint|p2a: Hydreigon
|
|-weather|none
|-damage|p1b: Sylveon|4/100 tox|[from] psn
|upkeep
|
|t:|1783137425
|switch|p2a: Charizard|Charizard-Mega-Y, L50, M|49/100
|switch|p1a: Incineroar|Incineroar, L50, M|100/100
|-weather|SunnyDay|[from] ability: Drought|[of] p2a: Charizard
|-status|p1a: Incineroar|tox
|-ability|p1a: Incineroar|Intimidate|boost
|-unboost|p2a: Charizard|atk|1
|-unboost|p2b: Aegislash|atk|1
|turn|7
|
|t:|1783137433
|move|p2a: Charizard|Protect|p2a: Charizard
|-singleturn|p2a: Charizard|Protect
|-formechange|p2b: Aegislash|Aegislash|
|move|p2b: Aegislash|King's Shield|p2b: Aegislash
|-singleturn|p2b: Aegislash|Protect
|move|p1a: Incineroar|Parting Shot|p2b: Aegislash
|-unboost|p2b: Aegislash|atk|1
|-unboost|p2b: Aegislash|spa|1
|move|p1b: Sylveon|Hyper Beam|p2a: Charizard
|-activate|p2a: Charizard|move: Protect
|
|-weather|SunnyDay|[upkeep]
|-damage|p1a: Incineroar|94/100 tox|[from] psn
|-damage|p1b: Sylveon|0 fnt|[from] psn
|faint|p1b: Sylveon
|upkeep
|turn|8
|
|t:|1783137443
|move|p2a: Charizard|Weather Ball|p1a: Incineroar
|-resisted|p1a: Incineroar|1
|-damage|p1a: Incineroar|51/100 tox
|-formechange|p2b: Aegislash|Aegislash-Blade|
|move|p2b: Aegislash|Sacred Sword|p1a: Incineroar
|-supereffective|p1a: Incineroar|1
|-damage|p1a: Incineroar|24/100 tox
|move|p1a: Incineroar|Darkest Lariat|p2a: Charizard
|-damage|p2a: Charizard|4/100
|
|-weather|SunnyDay|[upkeep]
|-damage|p1a: Incineroar|12/100 tox|[from] psn
|upkeep
|turn|9
|
|t:|1783137449
|move|p2a: Charizard|Weather Ball|p1a: Incineroar
|-resisted|p1a: Incineroar|1
|-damage|p1a: Incineroar|0 fnt
|faint|p1a: Incineroar
|
|win|soulmoonvgc
