|j|☆TrainerChrxs
|j|☆Urkin' Pincurchin
|html|TrainerChrxsUrkin' Pincurchin    
|uhtml|bestof|Game 1 of a best-of-3
|t:|1756689722
|gametype|doubles
|player|p1|TrainerChrxs|psychic-gen4|1319
|player|p2|Urkin' Pincurchin|fisherman-gen4|1356
|gen|9
|tier|[Gen 9] VGC 2025 Reg H (Bo3)
|rated|
|rule|Species Clause: Limit one of each Pokémon
|rule|Item Clause: Limit 1 of each item
|clearpoke
|poke|p1|Orthworm, L50, F|
|poke|p1|Sneasler, L50, F|
|poke|p1|Dragonite, L50, M|
|poke|p1|Comfey, L50, F|
|poke|p1|Rillaboom, L50, M|
|poke|p1|Volcarona, L50, M|
|poke|p2|Dragonite, L50, M|
|poke|p2|Rillaboom, L50, M|
|poke|p2|Maushold-Four, L50|
|poke|p2|Annihilape, L50, M|
|poke|p2|Gholdengo, L50|
|poke|p2|Ursaluna-Bloodmoon, L50, M|
|teampreview|4
|showteam|p1|Orthworm||SitrusBerry|EarthEater|Protect,BodyPress,HelpingHand,ShedTail|||F|||50|,,,,,Fire]Sneasler||FocusSash|Unburden|FakeOut,DireClaw,CloseCombat,Coaching|||F|||50|,,,,,Ghost]Dragonite||LoadedDice|Multiscale|Protect,ScaleShot,TeraBlast,Haze|||M|||50|,,,,,Flying]Comfey||CovertCloak|Triage|Protect,DrainingKiss,FloralHealing,Taunt|||F|||50|,,,,,Grass]Rillaboom||AssaultVest|GrassySurge|FakeOut,GrassyGlide,WoodHammer,Uturn|||M|||50|,,,,,Fire]Volcarona||GrassySeed|FlameBody|Protect,HeatWave,GigaDrain,QuiverDance|||M|||50|,,,,,Grass
|showteam|p2|Dragonite||LoadedDice|Multiscale|ScaleShot,Tailwind,Protect,Haze|||M|||50|,,,,,Fairy]Rillaboom||MiracleSeed|GrassySurge|WoodHammer,GrassyGlide,HighHorsepower,FakeOut|||M|||50|,,,,,Fire]Maushold-Four||FocusSash|FriendGuard|SuperFang,BeatUp,Protect,FollowMe||||||50|,,,,,Ghost]Annihilape||SitrusBerry|Defiant|RageFist,DrainPunch,BulkUp,Protect|||M|||50|,,,,,Fire]Gholdengo||LifeOrb|GoodasGold|MakeItRain,ShadowBall,Protect,NastyPlot||||||50|,,,,,Water]Ursaluna-Bloodmoon||AssaultVest|MindsEye|BloodMoon,EarthPower,HyperVoice,VacuumWave|||M|||50|,,,,,Water
|inactive|Battle timer is ON: inactive players will automatically lose when time's up. (requested by Urkin' Pincurchin)
|inactive|TrainerChrxs has 60 seconds left.
|inactive|Urkin' Pincurchin has 60 seconds left.
|inactive|Urkin' Pincurchin has 30 seconds left.
|
|t:|1756689782
|teamsize|p1|4
|teamsize|p2|4
|start
|switch|p1a: Sneasler|Sneasler, L50, F, shiny|100/100
|switch|p1b: Orthworm|Orthworm, L50, F, shiny|100/100
|switch|p2a: Maushold|Maushold-Four, L50|100/100
|switch|p2b: Annihilape|Annihilape, L50, M|100/100
|turn|1
|inactive|Urkin' Pincurchin has 30 seconds left.
|
|t:|1756689810
|move|p2a: Maushold|Protect|p2a: Maushold
|-singleturn|p2a: Maushold|Protect
|move|p1a: Sneasler|Fake Out|p2a: Maushold
|-activate|p2a: Maushold|move: Protect
|move|p2b: Annihilape|Bulk Up|p2b: Annihilape
|-boost|p2b: Annihilape|atk|1
|-boost|p2b: Annihilape|def|1
|move|p1b: Orthworm|Shed Tail|p1b: Orthworm
|-start|p1b: Orthworm|Substitute|[from] move: Shed Tail
|-damage|p1b: Orthworm|50/100
|-enditem|p1b: Orthworm|Sitrus Berry|[eat]
|-heal|p1b: Orthworm|75/100|[from] item: Sitrus Berry
|
|t:|1756689817
|switch|p1b: Dragonite|Dragonite, L50, M|100/100|[from] Shed Tail
|
|upkeep
|turn|2
|inactive|TrainerChrxs has 30 seconds left.
|
|t:|1756689843
|move|p1a: Sneasler|Dire Claw|p2a: Maushold
|-damage|p2a: Maushold|50/100
|-status|p2a: Maushold|par
|move|p2b: Annihilape|Rage Fist|p1b: Dragonite
|-activate|p1b: Dragonite|move: Substitute|[damage]
|move|p1b: Dragonite|Haze|p1b: Dragonite
|-clearallboost
|move|p2a: Maushold|Beat Up|p2b: Annihilape
|-damage|p2b: Annihilape|99/100
|-damage|p2b: Annihilape|97/100
|-damage|p2b: Annihilape|95/100
|-damage|p2b: Annihilape|94/100
|-hitcount|p2b: Annihilape|4
|
|upkeep
|turn|3
|
|t:|1756689868
|move|p2a: Maushold|Protect|p2a: Maushold
|-singleturn|p2a: Maushold|Protect
|move|p1a: Sneasler|Coaching|p1b: Dragonite
|-boost|p1b: Dragonite|atk|1
|-boost|p1b: Dragonite|def|1
|move|p2b: Annihilape|Rage Fist|p1a: Sneasler
|-enditem|p1a: Sneasler|Focus Sash
|-damage|p1a: Sneasler|1/100
|move|p1b: Dragonite|Scale Shot|p2a: Maushold
|-activate|p2a: Maushold|move: Protect
|
|upkeep
|turn|4
|
|t:|1756689879
|move|p1a: Sneasler|Coaching|p1b: Dragonite
|-boost|p1b: Dragonite|atk|1
|-boost|p1b: Dragonite|def|1
|move|p2b: Annihilape|Bulk Up|p2b: Annihilape
|-boost|p2b: Annihilape|atk|1
|-boost|p2b: Annihilape|def|1
|move|p1b: Dragonite|Scale Shot|p2a: Maushold
|-damage|p2a: Maushold|13/100 par
|-damage|p2a: Maushold|0 fnt
|faint|p2a: Maushold
|-hitcount|p2: Maushold|2
|-unboost|p1b: Dragonite|def|1
|-boost|p1b: Dragonite|spe|1
|
|upkeep
|
|t:|1756689882
|switch|p2a: Dragonite|Dragonite, L50, M|100/100
|turn|5
|
|t:|1756689895
|-terastallize|p1b: Dragonite|Flying
|-terastallize|p2a: Dragonite|Fairy
|move|p1a: Sneasler|Dire Claw|p2a: Dragonite
|-supereffective|p2a: Dragonite
|-damage|p2a: Dragonite|51/100
|move|p1b: Dragonite|Tera Blast|p2a: Dragonite|[anim] Tera Blast Flying
|-damage|p2a: Dragonite|0 fnt
|faint|p2a: Dragonite
|move|p2b: Annihilape|Rage Fist|p1a: Sneasler
|-damage|p1a: Sneasler|0 fnt
|faint|p1a: Sneasler
|
|upkeep
|
|t:|1756689907
|switch|p1a: Orthworm|Orthworm, L50, F, shiny|75/100
|switch|p2a: Rillaboom|Rillaboom, L50, M|100/100
|-fieldstart|move: Grassy Terrain|[from] ability: Grassy Surge|[of] p2a: Rillaboom
|turn|6
|
|t:|1756689917
|move|p1a: Orthworm|Helping Hand|p1b: Dragonite
|-singleturn|p1b: Dragonite|Helping Hand|[of] p1a: Orthworm
|move|p2a: Rillaboom|Grassy Glide|p1b: Dragonite
|-resisted|p1b: Dragonite
|-activate|p1b: Dragonite|move: Substitute|[damage]
|move|p1b: Dragonite|Tera Blast|p2b: Annihilape|[anim] Tera Blast Flying
|-supereffective|p2b: Annihilape
|-damage|p2b: Annihilape|0 fnt
|faint|p2b: Annihilape
|
|-heal|p1a: Orthworm|82/100|[from] Grassy Terrain
|upkeep
|turn|7
|-message|Urkin' Pincurchin forfeited.
|
|win|TrainerChrxs
||Urkin' Pincurchin is ready for game 2.
