|j|☆PokeDavide
|j|☆ShadowOfAMan
|html|PokeDavideShadowOfAMan    
|uhtml|bestof|Game 2 of a best-of-3
|t:|1756473884
|gametype|doubles
|player|p1|PokeDavide|ghetsis-gen5bw|1118
|player|p2|ShadowOfAMan|elio-usum|1184
|gen|9
|tier|[Gen 9] VGC 2025 Reg H (Bo3)
|rated|
|rule|Species Clause: Limit one of each Pokémon
|rule|Item Clause: Limit 1 of each item
|clearpoke
|poke|p1|Archaludon, L50, F|
|poke|p1|Kingdra, L50, M|
|poke|p1|Politoed, L50, M|
|poke|p1|Gothitelle, L50, M|
|poke|p1|Amoonguss, L50, F|
|poke|p1|Incineroar, L50, M|
|poke|p2|Tyranitar, L50, F|
|poke|p2|Excadrill, L50, M|
|poke|p2|Indeedee, L50, M|
|poke|p2|Sneasler, L50, M|
|poke|p2|Annihilape, L50, F|
|poke|p2|Volcarona, L50, F|
|teampreview|4
|showteam|p1|Archaludon||PowerHerb|Sturdy|Protect,ElectroShot,FlashCannon,DracoMeteor|||F|||50|,,,,,Electric]Kingdra||LifeOrb|SwiftSwim|Protect,MuddyWater,WeatherBall,DracoMeteor|||M|||50|,,,,,Stellar]Politoed||Leftovers|Drizzle|Protect,WeatherBall,PerishSong,Encore|||M|||50|,,,,,Grass]Gothitelle||SitrusBerry|ShadowTag|FakeOut,Psychic,TrickRoom,Protect|||M|||50|,,,,,Dark]Amoonguss||EjectButton|Regenerator|Protect,RagePowder,PollenPuff,Spore|||F|||50|,,,,,Fairy]Incineroar||SafetyGoggles|Intimidate|FakeOut,KnockOff,PartingShot,Protect|||M|||50|,,,,,Ghost
|showteam|p2|Tyranitar||AssaultVest|SandStream|RockSlide,KnockOff,LowKick,TeraBlast|||F|||50|,,,,,Flying]Excadrill||FocusSash|SandRush|HighHorsepower,Earthquake,IronHead,Protect|||M|||50|,,,,,Ground]Indeedee||ChoiceScarf|PsychicSurge|ExpandingForce,TeraBlast,Imprison,TrickRoom|||M|||50|,,,,,Psychic]Sneasler||PsychicSeed|Unburden|DireClaw,CloseCombat,ThroatChop,Protect|||M|||50|,,,,,Dark]Annihilape||SafetyGoggles|Defiant|CloseCombat,RageFist,Taunt,FinalGambit|||F|||50|,,,,,Fairy]Volcarona||SitrusBerry|FlameBody|RagePowder,FieryDance,StruggleBug,Tailwind|||F|||50|,,,,,Water
|
|t:|1756473909
|teamsize|p1|4
|teamsize|p2|4
|start
|switch|p1a: Kingdra|Kingdra, L50, M, shiny|100/100
|switch|p1b: Politoed|Politoed, L50, M, shiny|100/100
|switch|p2a: Haxler|Sneasler, L50, M|100/100
|switch|p2b: Botas|Annihilape, L50, F|100/100
|-weather|RainDance|[from] ability: Drizzle|[of] p1b: Politoed
|turn|1
|
|t:|1756473935
|switch|p2b: Arenita|Tyranitar, L50, F|100/100
|-weather|Sandstorm|[from] ability: Sand Stream|[of] p2b: Arenita
|-terastallize|p1a: Kingdra|Stellar
|move|p2a: Haxler|Dire Claw|p1a: Kingdra
|-damage|p1a: Kingdra|48/100
|-status|p1a: Kingdra|slp
|cant|p1a: Kingdra|slp
|move|p1b: Politoed|Weather Ball|p2b: Arenita
|-damage|p2b: Arenita|91/100
|
|-weather|Sandstorm|[upkeep]
|-damage|p2a: Haxler|95/100|[from] Sandstorm
|-damage|p1a: Kingdra|42/100 slp|[from] Sandstorm
|-damage|p1b: Politoed|94/100|[from] Sandstorm
|-heal|p1b: Politoed|100/100|[from] item: Leftovers
|upkeep
|turn|2
|
|t:|1756473954
|switch|p1a: Archaludon|Archaludon, L50, F, shiny|100/100
|switch|p1b: Amoonguss|Amoonguss, L50, F, shiny|100/100
|move|p2a: Haxler|Dire Claw|p1a: Archaludon
|-immune|p1a: Archaludon
|move|p2b: Arenita|Knock Off|p1b: Amoonguss
|-damage|p1b: Amoonguss|59/100
|-enditem|p1b: Amoonguss|Eject Button|[from] move: Knock Off|[of] p2b: Arenita
|
|-weather|Sandstorm|[upkeep]
|-damage|p2a: Haxler|89/100|[from] Sandstorm
|-damage|p1b: Amoonguss|53/100|[from] Sandstorm
|upkeep
|turn|3
|
|t:|1756473974
|-terastallize|p2b: Arenita|Flying
|move|p1a: Archaludon|Protect|p1a: Archaludon
|-singleturn|p1a: Archaludon|Protect
|move|p2a: Haxler|Close Combat|p1a: Archaludon
|-activate|p1a: Archaludon|move: Protect
|move|p2b: Arenita|Tera Blast|p1b: Amoonguss|[anim] Tera Blast Flying
|-supereffective|p1b: Amoonguss
|-damage|p1b: Amoonguss|0 fnt
|faint|p1b: Amoonguss
|
|-weather|Sandstorm|[upkeep]
|-damage|p2a: Haxler|83/100|[from] Sandstorm
|-damage|p2b: Arenita|85/100|[from] Sandstorm
|upkeep
|
|t:|1756473986
|switch|p1b: Politoed|Politoed, L50, M, shiny|100/100
|-weather|RainDance|[from] ability: Drizzle|[of] p1b: Politoed
|turn|4
|
|t:|1756474000
|switch|p2b: MrDarki|Indeedee, L50, M|100/100
|-fieldstart|move: Psychic Terrain|[from] ability: Psychic Surge|[of] p2b: MrDarki
|-enditem|p2a: Haxler|Psychic Seed
|-boost|p2a: Haxler|spd|1|[from] item: Psychic Seed
|move|p2a: Haxler|Close Combat|p1a: Archaludon
|-supereffective|p1a: Archaludon
|-ability|p1a: Archaludon|Sturdy
|-damage|p1a: Archaludon|1/100
|-unboost|p2a: Haxler|def|1
|-unboost|p2a: Haxler|spd|1
|move|p1a: Archaludon|Electro Shot||[still]
|-prepare|p1a: Archaludon|Electro Shot
|-boost|p1a: Archaludon|spa|1
|-anim|p1a: Archaludon|Electro Shot|p2b: MrDarki
|-damage|p2b: MrDarki|17/100
|move|p1b: Politoed|Weather Ball|p2a: Haxler
|-damage|p2a: Haxler|19/100
|
|-weather|RainDance|[upkeep]
|upkeep
|turn|5
|
|t:|1756474040
|move|p1a: Archaludon|Protect|p1a: Archaludon
|-singleturn|p1a: Archaludon|Protect
|move|p2a: Haxler|Dire Claw|p1b: Politoed
|-damage|p1b: Politoed|50/100
|move|p2b: MrDarki|Expanding Force|p1a: Archaludon|[spread] p1b
|-activate|p1a: Archaludon|move: Protect
|-damage|p1b: Politoed|9/100
|move|p1b: Politoed|Weather Ball|p2a: Haxler
|-damage|p2a: Haxler|0 fnt
|faint|p2a: Haxler
|
|-weather|RainDance|[upkeep]
|-heal|p1b: Politoed|15/100|[from] item: Leftovers
|upkeep
|
|t:|1756474050
|switch|p2a: Arenita|Tyranitar, L50, F, tera:Flying|85/100
|-weather|Sandstorm|[from] ability: Sand Stream|[of] p2a: Arenita
|turn|6
|
|t:|1756474062
|switch|p1b: Kingdra|Kingdra, L50, M, shiny, tera:Stellar|42/100 slp
|move|p2b: MrDarki|Expanding Force|p1a: Archaludon|[spread] p1a,p1b
|-resisted|p1a: Archaludon
|-damage|p1a: Archaludon|0 fnt
|-damage|p1b: Kingdra|0 fnt
|faint|p1a: Archaludon
|faint|p1b: Kingdra
|move|p2a: Arenita|Tera Blast|p1: Archaludon|[notarget]
|-fail|p2a: Arenita
|
|-weather|Sandstorm|[upkeep]
|-damage|p2b: MrDarki|12/100|[from] Sandstorm
|-damage|p2a: Arenita|79/100|[from] Sandstorm
|upkeep
|c|☆PokeDavide|gg
|c|☆ShadowOfAMan|GG
|-message|PokeDavide forfeited.
|
|win|ShadowOfAMan
|raw|PokeDavide's rating: 1118 → 1098(-20 for losing)
|raw|ShadowOfAMan's rating: 1184 → 1204(+20 for winning)
|l|☆PokeDavide
|player|p1|
|c|☆ShadowOfAMan|Have a nice day man
