|j|☆Jirachi548
|j|☆lux raymundi
|html|Jirachi548lux raymundi    
|uhtml|bestof|Game 1 of a best-of-3
|t:|1783277596
|gametype|doubles
|player|p1|Jirachi548|serena-anime|1201
|player|p2|lux raymundi|169|1242
|gen|9
|tier|[Gen 9 Champions] VGC 2026 Reg M-B (Bo3)
|rated|
|rule|Species Clause: Limit one of each Pokémon
|rule|Item Clause: Limit 1 of each item
|clearpoke
|poke|p1|Raichu, L50, F|
|poke|p1|Primarina, L50, F|
|poke|p1|Farigiraf, L50, M|
|poke|p1|Incineroar, L50, M|
|poke|p1|Meowscarada, L50, F|
|poke|p1|Floette-Eternal, L50, F|
|poke|p2|Aerodactyl, L50, F|
|poke|p2|Charizard, L50, F|
|poke|p2|Garchomp, L50, F|
|poke|p2|Sylveon, L50, F|
|poke|p2|Kingambit, L50, F|
|poke|p2|Basculegion, L50, M|
|teampreview|4
|showteam|p1|Raichu||RaichuniteY|LightningRod|ZapCannon,FocusBlast,Substitute,Protect|Timid||F|||50|]Primarina||LifeOrb|LiquidVoice|HyperVoice,DazzlingGleam,Moonblast,Protect|Quiet||F|||50|]Farigiraf||SitrusBerry|ArmorTail|HyperVoice,Psychic,TrickRoom,Protect|Quiet||M|||50|]Incineroar||ChopleBerry|Intimidate|FakeOut,FlareBlitz,DarkestLariat,PartingShot|Relaxed||M|||50|]Meowscarada||FocusSash|Overgrow|FlowerTrick,ThunderPunch,ThroatChop,Protect|Jolly||F|||50|]Floette-Eternal||Floettite|FlowerVeil|DazzlingGleam,Moonblast,LightofRuin,Protect|Timid||F|||50|
|showteam|p2|Aerodactyl||Aerodactylite|Unnerve|RockSlide,DualWingbeat,Tailwind,WideGuard|Jolly||F|||50|]Charizard||CharizarditeY|Blaze|Protect,HeatWave,SolarBeam,WeatherBall|Modest||F|||50|]Garchomp||LifeOrb|RoughSkin|Protect,DragonClaw,RockTomb,Earthquake|Jolly||F|||50|]Sylveon||FairyFeather|Pixilate|HyperVoice,HyperBeam,QuickAttack,Protect|Modest||F|||50|]Kingambit||ChopleBerry|Defiant|SuckerPunch,KowtowCleave,IronHead,LowKick|Adamant||F|||50|]Basculegion||FocusSash|Adaptability|AquaJet,Liquidation,LastRespects,Protect|Adamant||M|||50|
|inactive|Battle timer is ON: inactive players will automatically lose when time's up. (requested by Jirachi548)
|inactive|lux raymundi has 60 seconds left.
|inactive|lux raymundi has 30 seconds left.
|inactive|lux raymundi has 20 seconds left.
|inactive|lux raymundi has 15 seconds left.
|
|t:|1783277680
|teamsize|p1|4
|teamsize|p2|4
|start
|switch|p1a: Incineroar|Incineroar, L50, M|100/100
|switch|p1b: Farigiraf|Farigiraf, L50, M|100/100
|switch|p2a: Aerodactyl|Aerodactyl, L50, F|100/100
|switch|p2b: Garchomp|Garchomp, L50, F|100/100
|-ability|p2a: Aerodactyl|Unnerve
|-ability|p1a: Incineroar|Intimidate|boost
|-unboost|p2a: Aerodactyl|atk|1
|-unboost|p2b: Garchomp|atk|1
|turn|1
|
|t:|1783277704
|switch|p2a: Basculegion|Basculegion, L50, M|100/100
|move|p1a: Incineroar|Fake Out|p2b: Garchomp
|-damage|p2b: Garchomp|89/100
|-damage|p1a: Incineroar|87/100|[from] ability: Rough Skin|[of] p2b: Garchomp
|cant|p2b: Garchomp|flinch
|move|p1b: Farigiraf|Trick Room|p1b: Farigiraf
|-fieldstart|move: Trick Room|[of] p1b: Farigiraf
|
|upkeep
|turn|2
|
|t:|1783277722
|move|p2a: Basculegion|Protect|p2a: Basculegion
|-singleturn|p2a: Basculegion|Protect
|move|p1a: Incineroar|Parting Shot|p2b: Garchomp
|-unboost|p2b: Garchomp|atk|1
|-unboost|p2b: Garchomp|spa|1
|
|t:|1783277726
|switch|p1a: Primarina|Primarina, L50, F|100/100|[from] Parting Shot
|move|p1b: Farigiraf|Psychic|p2a: Basculegion
|-activate|p2a: Basculegion|move: Protect
|move|p2b: Garchomp|Earthquake|p1a: Primarina|[spread] p1a,p1b
|-activate|p2a: Basculegion|move: Protect
|-damage|p1a: Primarina|75/100
|-damage|p1b: Farigiraf|73/100
|-damage|p2b: Garchomp|79/100|[from] item: Life Orb
|
|upkeep
|turn|3
|
|t:|1783277749
|move|p1b: Farigiraf|Psychic|p2a: Basculegion
|-damage|p2a: Basculegion|51/100
|move|p1a: Primarina|Dazzling Gleam|p2b: Garchomp|[spread] p2a,p2b
|-supereffective|p2b: Garchomp|1
|-damage|p2a: Basculegion|2/100
|-damage|p2b: Garchomp|0 fnt
|faint|p2b: Garchomp
|-damage|p1a: Primarina|65/100|[from] item: Life Orb
|move|p2a: Basculegion|Liquidation|p1b: Farigiraf
|-damage|p1b: Farigiraf|15/100
|-enditem|p1b: Farigiraf|Sitrus Berry|[eat]
|-heal|p1b: Farigiraf|40/100|[from] item: Sitrus Berry
|
|upkeep
|
|t:|1783277763
|switch|p2b: Aerodactyl|Aerodactyl, L50, F|100/100
|-ability|p2b: Aerodactyl|Unnerve
|turn|4
|
|t:|1783277776
|detailschange|p2b: Aerodactyl|Aerodactyl-Mega, L50, F
|-mega|p2b: Aerodactyl|Aerodactyl|Aerodactylite
|move|p2a: Basculegion|Protect|p2a: Basculegion
|-singleturn|p2a: Basculegion|Protect
|move|p1b: Farigiraf|Psychic|p2a: Basculegion
|-activate|p2a: Basculegion|move: Protect
|move|p1a: Primarina|Moonblast|p2b: Aerodactyl
|-damage|p2b: Aerodactyl|26/100
|-damage|p1a: Primarina|55/100|[from] item: Life Orb
|move|p2b: Aerodactyl|Rock Slide|p1a: Primarina|[spread] p1a,p1b
|-damage|p1a: Primarina|26/100
|-damage|p1b: Farigiraf|12/100
|
|upkeep
|turn|5
|
|t:|1783277796
|switch|p2a: Charizard|Charizard, L50, F|100/100
|move|p2b: Aerodactyl|Wide Guard|p2b: Aerodactyl
|-singleturn|p2b: Aerodactyl|Wide Guard
|move|p1a: Primarina|Moonblast|p2b: Aerodactyl
|-damage|p2b: Aerodactyl|0 fnt
|faint|p2b: Aerodactyl
|-damage|p1a: Primarina|16/100|[from] item: Life Orb
|move|p1b: Farigiraf|Psychic|p2a: Charizard
|-damage|p2a: Charizard|57/100
|
|-fieldend|move: Trick Room
|upkeep
|
|t:|1783277805
|switch|p2b: Basculegion|Basculegion, L50, M|2/100
|turn|6
|
|t:|1783277827
|move|p1b: Farigiraf|Protect|p1b: Farigiraf
|-singleturn|p1b: Farigiraf|Protect
|move|p2a: Charizard|Heat Wave|p1b: Farigiraf|[spread] p1a
|-activate|p1b: Farigiraf|move: Protect
|-resisted|p1a: Primarina|1
|-damage|p1a: Primarina|2/100
|move|p2b: Basculegion|Liquidation|p1a: Primarina
|-resisted|p1a: Primarina|1
|-damage|p1a: Primarina|0 fnt
|faint|p1a: Primarina
|
|upkeep
|
|t:|1783277837
|switch|p1a: Raichu|Raichu, L50, F|100/100
|turn|7
|
|t:|1783277858
|switch|p1b: Incineroar|Incineroar, L50, M|87/100
|-ability|p1b: Incineroar|Intimidate|boost
|-unboost|p2a: Charizard|atk|1
|-unboost|p2b: Basculegion|atk|1
|detailschange|p1a: Raichu|Raichu-Mega-Y, L50, F
|-mega|p1a: Raichu|Raichu|Raichunite Y
|move|p1a: Raichu|Protect|p1a: Raichu
|-singleturn|p1a: Raichu|Protect
|move|p2a: Charizard|Protect|p2a: Charizard
|-singleturn|p2a: Charizard|Protect
|move|p2b: Basculegion|Last Respects|p1a: Raichu
|-activate|p1a: Raichu|move: Protect
|
|upkeep
|turn|8
|
|t:|1783277875
|move|p2a: Charizard|Protect|p2a: Charizard
|-singleturn|p2a: Charizard|Protect
|move|p1a: Raichu|Zap Cannon|p2a: Charizard
|-activate|p2a: Charizard|move: Protect
|move|p2b: Basculegion|Last Respects|p1a: Raichu
|-damage|p1a: Raichu|0 fnt
|faint|p1a: Raichu
|move|p1b: Incineroar|Darkest Lariat|p2b: Basculegion
|-supereffective|p2b: Basculegion|1
|-damage|p2b: Basculegion|0 fnt
|faint|p2b: Basculegion
|
|upkeep
|
|t:|1783277882
|switch|p1a: Farigiraf|Farigiraf, L50, M|12/100
|turn|9
|
|t:|1783277891
|move|p2a: Charizard|Heat Wave|p1a: Farigiraf|[spread] p1a,p1b
|-resisted|p1b: Incineroar|1
|-damage|p1a: Farigiraf|0 fnt
|-damage|p1b: Incineroar|77/100
|faint|p1a: Farigiraf
|move|p1b: Incineroar|Darkest Lariat|p2a: Charizard
|-damage|p2a: Charizard|20/100r
|
|upkeep
|turn|10
|
|t:|1783277898
|move|p2a: Charizard|Weather Ball|p1b: Incineroar
|-damage|p1b: Incineroar|66/100
|move|p1b: Incineroar|Darkest Lariat|p2a: Charizard
|-damage|p2a: Charizard|0 fnt
|faint|p2a: Charizard
|
|win|Jirachi548
