|j|☆dr_sugus_vgc
|j|☆Homero tg
|html|dr_sugus_vgcHomero tg    
|uhtml|bestof|Game 1 of a best-of-3
|t:|1756389174
|gametype|doubles
|player|p1|dr_sugus_vgc|265|1173
|player|p2|Homero tg|102|1083
|gen|9
|tier|[Gen 9] VGC 2025 Reg H (Bo3)
|rated|
|rule|Species Clause: Limit one of each Pokémon
|rule|Item Clause: Limit 1 of each item
|clearpoke
|poke|p1|Politoed, L50, M|
|poke|p1|Gothitelle, L50, M|
|poke|p1|Incineroar, L50, F|
|poke|p1|Amoonguss, L50, F|
|poke|p1|Dragapult, L50, F|
|poke|p1|Kingambit, L50, M|
|poke|p2|Ursaluna, L50, F|
|poke|p2|Jumpluff, L50, F|
|poke|p2|Charizard, L50, F|
|poke|p2|Torkoal, L50, F|
|poke|p2|Incineroar, L50, F|
|poke|p2|Porygon2, L50|
|teampreview|4
|showteam|p1|Politoed||Leftovers|Drizzle|Protect,WeatherBall,PerishSong,Encore|||M|||50|,,,,,Grass]Gothitelle||SitrusBerry|ShadowTag|Protect,Psychic,FakeOut,TrickRoom|||M|||50|,,,,,Dark]Incineroar||SafetyGoggles|Intimidate|Protect,KnockOff,FakeOut,PartingShot|||F|||50|,,,,,Ghost]Amoonguss||EjectButton|Regenerator|Protect,RagePowder,PollenPuff,Spore|||F|||50|,,,,,Fairy]Dragapult||ChoiceBand|ClearBody|DragonDarts,Outrage,PhantomForce,Disable|||F|||50|,,,,,Dragon]Kingambit||BlackGlasses|Defiant|SwordsDance,KowtowCleave,SuckerPunch,Protect|||M|||50|,,,,,Dark
|showteam|p2|Ursaluna||FlameOrb|Guts|HeadlongRush,Facade,Earthquake,Protect|||F|||50|,,,,,Ghost]Jumpluff||CovertCloak|Chlorophyll|SleepPowder,SunnyDay,Tailwind,RagePowder|||F|||50|,,,,,Fire]Charizard||ChoiceSpecs|SolarPower|DragonPulse,HeatWave,Overheat,WeatherBall|||F|||50|,,,,,Ghost]Torkoal||EjectPack|Drought|ClearSmog,Eruption,Overheat,Protect|||F|||50|,,,,,Fire]Incineroar||SitrusBerry|Intimidate|FakeOut,FlareBlitz,KnockOff,PartingShot|||F|||50|,,,,,Ghost]Porygon2||Eviolite|Download|TeraBlast,IceBeam,Recover,TrickRoom||||||50|,,,,,Fighting
|
|t:|1756389228
|teamsize|p1|4
|teamsize|p2|4
|start
|switch|p1a: Gothitelle|Gothitelle, L50, M|100/100
|switch|p1b: Incineroar|Incineroar, L50, F|100/100
|switch|p2a: Porygon2|Porygon2, L50|100/100
|switch|p2b: Incineroar|Incineroar, L50, F|100/100
|-ability|p2b: Incineroar|Intimidate|boost
|-unboost|p1a: Gothitelle|atk|1
|-unboost|p1b: Incineroar|atk|1
|-ability|p2a: Porygon2|Download|boost
|-boost|p2a: Porygon2|atk|1
|-ability|p1b: Incineroar|Intimidate|boost
|-unboost|p2a: Porygon2|atk|1
|-unboost|p2b: Incineroar|atk|1
|turn|1
|
|t:|1756389268
|move|p1a: Gothitelle|Fake Out|p2a: Porygon2
|-damage|p2a: Porygon2|98/100
|move|p1b: Incineroar|Fake Out|p2b: Incineroar
|-damage|p2b: Incineroar|93/100
|cant|p2b: Incineroar|flinch
|cant|p2a: Porygon2|flinch
|
|upkeep
|turn|2
|
|t:|1756389281
|move|p1a: Gothitelle|Protect|p1a: Gothitelle
|-singleturn|p1a: Gothitelle|Protect
|move|p2b: Incineroar|Knock Off|p1a: Gothitelle
|-activate|p1a: Gothitelle|move: Protect
|move|p1b: Incineroar|Parting Shot|p2b: Incineroar
|-unboost|p2b: Incineroar|atk|1
|-unboost|p2b: Incineroar|spa|1
|
|t:|1756389288
|switch|p1b: Politoed|Politoed, L50, M|100/100|[from] Parting Shot
|-weather|RainDance|[from] ability: Drizzle|[of] p1b: Politoed
|move|p2a: Porygon2|Trick Room|p2a: Porygon2
|-fieldstart|move: Trick Room|[of] p2a: Porygon2
|
|-weather|RainDance|[upkeep]
|upkeep
|turn|3
|
|t:|1756389335
|switch|p1b: Incineroar|Incineroar, L50, F|100/100
|-ability|p1b: Incineroar|Intimidate|boost
|-unboost|p2a: Porygon2|atk|1
|-unboost|p2b: Incineroar|atk|1
|-terastallize|p1a: Gothitelle|Dark
|move|p1a: Gothitelle|Psychic|p2b: Incineroar
|-immune|p2b: Incineroar
|move|p2a: Porygon2|Ice Beam|p1a: Gothitelle
|-damage|p1a: Gothitelle|82/100
|move|p2b: Incineroar|Parting Shot|p1b: Incineroar
|-unboost|p1b: Incineroar|atk|1
|-unboost|p1b: Incineroar|spa|1
|
|t:|1756389358
|switch|p2b: Ursaluna|Ursaluna, L50, F|100/100|[from] Parting Shot
|
|-weather|RainDance|[upkeep]
|-status|p2b: Ursaluna|brn|[from] item: Flame Orb
|upkeep
|turn|4
|
|t:|1756389381
|-terastallize|p2a: Porygon2|Fighting
|move|p1b: Incineroar|Fake Out|p2b: Ursaluna
|-crit|p2b: Ursaluna
|-damage|p2b: Ursaluna|88/100 brn
|move|p2a: Porygon2|Tera Blast|p1a: Gothitelle|[anim] Tera Blast Fighting
|-supereffective|p1a: Gothitelle
|-damage|p1a: Gothitelle|31/100
|-enditem|p1a: Gothitelle|Sitrus Berry|[eat]
|-heal|p1a: Gothitelle|56/100|[from] item: Sitrus Berry
|cant|p2b: Ursaluna|flinch
|move|p1a: Gothitelle|Trick Room|p1a: Gothitelle
|-fieldend|move: Trick Room
|
|-weather|RainDance|[upkeep]
|-damage|p2b: Ursaluna|82/100 brn|[from] brn
|upkeep
|turn|5
|
|t:|1756389403
|move|p2b: Ursaluna|Protect|p2b: Ursaluna
|-singleturn|p2b: Ursaluna|Protect
|move|p1a: Gothitelle|Protect|p1a: Gothitelle
|-singleturn|p1a: Gothitelle|Protect
|move|p1b: Incineroar|Parting Shot|p2b: Ursaluna
|-activate|p2b: Ursaluna|move: Protect
|move|p2a: Porygon2|Trick Room|p2a: Porygon2
|-fieldstart|move: Trick Room|[of] p2a: Porygon2
|
|-weather|RainDance|[upkeep]
|-damage|p2b: Ursaluna|76/100 brn|[from] brn
|upkeep
|turn|6
|
|t:|1756389420
|switch|p1a: Dragapult|Dragapult, L50, F|100/100
|move|p1b: Incineroar|Parting Shot|p2b: Ursaluna
|-unboost|p2b: Ursaluna|atk|1
|-unboost|p2b: Ursaluna|spa|1
|
|t:|1756389426
|switch|p1b: Gothitelle|Gothitelle, L50, M, tera:Dark|56/100|[from] Parting Shot
|move|p2a: Porygon2|Tera Blast|p1b: Gothitelle|[anim] Tera Blast Fighting
|-supereffective|p1b: Gothitelle
|-damage|p1b: Gothitelle|7/100
|move|p2b: Ursaluna|Earthquake|p1b: Gothitelle|[spread] p2a,p1a,p1b
|-damage|p2a: Porygon2|71/100
|-damage|p1a: Dragapult|41/100
|-damage|p1b: Gothitelle|0 fnt
|faint|p1b: Gothitelle
|
|-weather|none
|-damage|p2b: Ursaluna|70/100 brn|[from] brn
|upkeep
|
|t:|1756389438
|switch|p1b: Incineroar|Incineroar, L50, F|100/100
|-ability|p1b: Incineroar|Intimidate|boost
|-unboost|p2a: Porygon2|atk|1
|-unboost|p2b: Ursaluna|atk|1
|turn|7
|
|t:|1756389450
|move|p1b: Incineroar|Fake Out|p2a: Porygon2
|-damage|p2a: Porygon2|65/100
|cant|p2a: Porygon2|flinch
|move|p2b: Ursaluna|Headlong Rush|p1a: Dragapult
|-damage|p1a: Dragapult|0 fnt
|-unboost|p2b: Ursaluna|def|1
|-unboost|p2b: Ursaluna|spd|1
|faint|p1a: Dragapult
|
|-damage|p2b: Ursaluna|65/100 brn|[from] brn
|upkeep
|
|t:|1756389460
|switch|p1a: Politoed|Politoed, L50, M|100/100
|-weather|RainDance|[from] ability: Drizzle|[of] p1a: Politoed
|turn|8
|
|t:|1756389472
|switch|p2b: Torkoal|Torkoal, L50, F|100/100
|-weather|SunnyDay|[from] ability: Drought|[of] p2b: Torkoal
|move|p1b: Incineroar|Knock Off|p2b: Torkoal
|-damage|p2b: Torkoal|69/100
|-enditem|p2b: Torkoal|Eject Pack|[from] move: Knock Off|[of] p1b: Incineroar
|move|p2a: Porygon2|Tera Blast|p1b: Incineroar|[anim] Tera Blast Fighting
|-supereffective|p1b: Incineroar
|-damage|p1b: Incineroar|52/100
|move|p1a: Politoed|Weather Ball|p2a: Porygon2
|-damage|p2a: Porygon2|42/100
|
|-weather|SunnyDay|[upkeep]
|upkeep
|turn|9
|
|t:|1756389494
|move|p2b: Torkoal|Overheat|p1b: Incineroar|[miss]
|-miss|p2b: Torkoal|p1b: Incineroar
|move|p1b: Incineroar|Knock Off|p2b: Torkoal
|-damage|p2b: Torkoal|50/100
|move|p2a: Porygon2|Recover|p2a: Porygon2
|-heal|p2a: Porygon2|92/100
|move|p1a: Politoed|Encore|p2a: Porygon2
|-start|p2a: Porygon2|Encore
|
|-weather|SunnyDay|[upkeep]
|-fieldend|move: Trick Room
|upkeep
|turn|10
|
|t:|1756389513
|switch|p2a: Incineroar|Incineroar, L50, F|93/100
|-ability|p2a: Incineroar|Intimidate|boost
|-unboost|p1a: Politoed|atk|1
|-unboost|p1b: Incineroar|atk|1
|move|p1a: Politoed|Weather Ball|p2b: Torkoal
|-resisted|p2b: Torkoal
|-damage|p2b: Torkoal|30/100
|move|p1b: Incineroar|Parting Shot|p2b: Torkoal
|-unboost|p2b: Torkoal|atk|1
|-unboost|p2b: Torkoal|spa|1
|move|p2b: Torkoal|Overheat|p1b: Incineroar
|-resisted|p1b: Incineroar
|-damage|p1b: Incineroar|33/100
|-unboost|p2b: Torkoal|spa|2
|
|-weather|SunnyDay|[upkeep]
|upkeep
|turn|11
|
|t:|1756389536
|switch|p2b: Porygon2|Porygon2, L50, tera:Fighting|92/100
|-ability|p2b: Porygon2|Download|boost
|-boost|p2b: Porygon2|atk|1
|move|p2a: Incineroar|Fake Out|p1b: Incineroar
|-damage|p1b: Incineroar|22/100
|move|p1a: Politoed|Weather Ball|p2b: Porygon2
|-damage|p2b: Porygon2|70/100
|cant|p1b: Incineroar|flinch
|
|-weather|SunnyDay|[upkeep]
|upkeep
|turn|12
|
|t:|1756389554
|move|p1a: Politoed|Encore|p2a: Incineroar
|-start|p2a: Incineroar|Encore
|move|p2a: Incineroar|Fake Out||[still]
|-hint|Fake Out only works on your first turn out.
|-fail|p2a: Incineroar
|move|p2b: Porygon2|Tera Blast|p1b: Incineroar|[anim] Tera Blast Fighting
|-supereffective|p1b: Incineroar
|-damage|p1b: Incineroar|0 fnt
|faint|p1b: Incineroar
|
|-weather|none
|upkeep
|turn|13
|
|t:|1756389565
|switch|p2a: Torkoal|Torkoal, L50, F|30/100
|-weather|SunnyDay|[from] ability: Drought|[of] p2a: Torkoal
|move|p1a: Politoed|Weather Ball|p2b: Porygon2
|-damage|p2b: Porygon2|49/100
|move|p2b: Porygon2|Tera Blast|p1a: Politoed|[anim] Tera Blast Fighting
|-damage|p1a: Politoed|76/100
|
|-weather|SunnyDay|[upkeep]
|-heal|p1a: Politoed|82/100|[from] item: Leftovers
|upkeep
|turn|14
|
|t:|1756389584
|move|p1a: Politoed|Encore|p2b: Porygon2
|-start|p2b: Porygon2|Encore
|move|p2b: Porygon2|Tera Blast|p1a: Politoed|[anim] Tera Blast Fighting
|-damage|p1a: Politoed|57/100
|move|p2a: Torkoal|Overheat|p1a: Politoed|[miss]
|-miss|p2a: Torkoal|p1a: Politoed
|
|-weather|SunnyDay|[upkeep]
|-heal|p1a: Politoed|63/100|[from] item: Leftovers
|upkeep
|turn|15
|
|t:|1756389596
|move|p1a: Politoed|Protect|p1a: Politoed
|-singleturn|p1a: Politoed|Protect
|move|p2b: Porygon2|Tera Blast|p1a: Politoed|[anim] Tera Blast Fighting
|-activate|p1a: Politoed|move: Protect
|move|p2a: Torkoal|Overheat|p1a: Politoed
|-activate|p1a: Politoed|move: Protect
|
|-weather|SunnyDay|[upkeep]
|-heal|p1a: Politoed|69/100|[from] item: Leftovers
|upkeep
|turn|16
|
|t:|1756389609
|move|p1a: Politoed|Weather Ball|p2b: Porygon2
|-damage|p2b: Porygon2|29/100
|move|p2b: Porygon2|Tera Blast|p1a: Politoed|[anim] Tera Blast Fighting
|-damage|p1a: Politoed|44/100
|move|p2a: Torkoal|Overheat|p1a: Politoed|[miss]
|-miss|p2a: Torkoal|p1a: Politoed
|
|-weather|SunnyDay|[upkeep]
|-heal|p1a: Politoed|50/100|[from] item: Leftovers
|-end|p2b: Porygon2|Encore
|upkeep
|turn|17
|c|☆dr_sugus_vgc|these overheats
|
|t:|1756389633
|move|p1a: Politoed|Encore|p2b: Porygon2
|-start|p2b: Porygon2|Encore
|move|p2a: Torkoal|Overheat|p1a: Politoed
|-resisted|p1a: Politoed
|-damage|p1a: Politoed|17/100
|-unboost|p2a: Torkoal|spa|2
|move|p2b: Porygon2|Tera Blast|p1a: Politoed|[anim] Tera Blast Fighting
|-damage|p1a: Politoed|0 fnt
|faint|p1a: Politoed
|
|win|Homero tg
|c|☆Homero tg|j3j3
|inactive|dr_sugus_vgc has 30 seconds to confirm battle start!
|inactive|Homero tg has 30 seconds to confirm battle start!
||dr_sugus_vgc is ready for game 2.
||Homero tg is ready for game 2.
|uhtml|next|Next: Game 2 of 3
|l|☆dr_sugus_vgc
|player|p1|
