|j|☆informtech
|j|☆skeledirgelover111
|html|informtechskeledirgelover111    
|uhtml|bestof|Game 1 of a best-of-3
|t:|1783229732
|gametype|doubles
|player|p1|informtech|lucas|
|player|p2|skeledirgelover111|169|
|gen|9
|tier|[Gen 9 Champions] VGC 2026 Reg M-B (Bo3)
|rule|Species Clause: Limit one of each Pokémon
|rule|Item Clause: Limit 1 of each item
|clearpoke
|poke|p1|Staraptor, L50, F|
|poke|p1|Whimsicott, L50, M|
|poke|p1|Basculegion, L50, M|
|poke|p1|Garchomp, L50, F|
|poke|p1|Charizard, L50, F|
|poke|p1|Kingambit, L50, F|
|poke|p2|Grimmsnarl, L50, M|
|poke|p2|Archaludon, L50, F|
|poke|p2|Meowscarada, L50, F|
|poke|p2|Pelipper, L50, F|
|poke|p2|Overqwil, L50, F|
|poke|p2|Swampert, L50, F|
|teampreview|4
|showteam|p1|Staraptor||Staraptite|Intimidate|CloseCombat,BraveBird,Protect,Roost|Adamant||F|||50|]Whimsicott||FocusSash|Prankster|Tailwind,TrickRoom,Moonblast,Tickle|Quiet||M|||50|]Basculegion||SitrusBerry|Adaptability|LastRespects,Protect,AquaJet,WaveCrash|Jolly||M|||50|]Garchomp||LifeOrb|RoughSkin|DragonClaw,RockSlide,Earthquake,Protect|Adamant||F|||50|]Charizard||CharizarditeY|SolarPower|HeatWave,AirSlash,SolarBeam,Protect|Modest||F|||50|]Kingambit||BlackGlasses|Defiant|KowtowCleave,SuckerPunch,Protect,IronHead|Adamant||F|||50|
|showteam|p2|Grimmsnarl||LightClay|Prankster|Reflect,PartingShot,LightScreen,SpiritBreak|Sassy||M|||50|]Archaludon||Leftovers|Stamina|ElectroShot,DragonPulse,FlashCannon,Protect|Modest||F|||50|]Meowscarada||ChoiceScarf|Protean|Uturn,BrickBreak,FlowerTrick,TripleAxel|Adamant||F|||50|]Pelipper||FocusSash|Drizzle|WideGuard,Protect,Hurricane,Tailwind|Timid||F|||50|]Overqwil||LifeOrb|SwiftSwim|PoisonJab,ThroatChop,Protect,Taunt|Adamant||F|||50|]Swampert||Swampertite|Torrent|WaveCrash,HighHorsepower,Protect,BulkUp|Adamant||F|||50|
|inactive|Battle timer is ON: inactive players will automatically lose when time's up. (requested by skeledirgelover111)
|inactive|informtech has 60 seconds left.
|inactive|skeledirgelover111 has 60 seconds left.
|
|t:|1783229794
|teamsize|p1|4
|teamsize|p2|4
|start
|switch|p1a: Whimsicott|Whimsicott, L50, M|100/100
|switch|p1b: Garchomp|Garchomp, L50, F|100/100
|switch|p2a: William Afton|Overqwil, L50, F|100/100
|switch|p2b: Phelipe|Pelipper, L50, F|100/100
|-weather|RainDance|[from] ability: Drizzle|[of] p2b: Phelipe
|turn|1
|
|t:|1783229810
|move|p1a: Whimsicott|Tailwind|p1a: Whimsicott
|-sidestart|p1: informtech|move: Tailwind
|move|p1b: Garchomp|Rock Slide|p2a: William Afton|[spread] p2a,p2b
|-supereffective|p2b: Phelipe|1
|-damage|p2a: William Afton|73/100
|-damage|p2b: Phelipe|29/100
|-damage|p1b: Garchomp|90/100|[from] item: Life Orb
|move|p2a: William Afton|Taunt|p1a: Whimsicott
|-start|p1a: Whimsicott|move: Taunt
|cant|p2b: Phelipe|flinch
|
|-weather|RainDance|[upkeep]
|upkeep
|turn|2
|
|t:|1783229828
|move|p2b: Phelipe|Wide Guard|p2b: Phelipe
|-singleturn|p2b: Phelipe|Wide Guard
|move|p1b: Garchomp|Rock Slide|p2a: William Afton|[spread] 
|-activate|p2a: William Afton|move: Wide Guard
|-activate|p2b: Phelipe|move: Wide Guard
|move|p2a: William Afton|Poison Jab|p1a: Whimsicott
|-supereffective|p1a: Whimsicott|2
|-enditem|p1a: Whimsicott|Focus Sash
|-damage|p1a: Whimsicott|1/100
|-damage|p2a: William Afton|63/100|[from] item: Life Orb
|move|p1a: Whimsicott|Moonblast|p2a: William Afton
|-damage|p2a: William Afton|8/100
|
|-weather|RainDance|[upkeep]
|upkeep
|turn|3
|inactive|skeledirgelover111 has 30 seconds left.
|
|t:|1783229860
|move|p2b: Phelipe|Protect|p2b: Phelipe
|-singleturn|p2b: Phelipe|Protect
|move|p1b: Garchomp|Dragon Claw|p2a: William Afton
|-damage|p2a: William Afton|0 fnt
|faint|p2a: William Afton
|-damage|p1b: Garchomp|80/100|[from] item: Life Orb
|move|p1a: Whimsicott|Moonblast|p2b: Phelipe
|-activate|p2b: Phelipe|move: Protect
|
|-weather|RainDance|[upkeep]
|upkeep
|
|t:|1783229873
|switch|p2a: Maracas|Meowscarada, L50, F|100/100
|turn|4
|
|t:|1783229888
|switch|p1b: Charizard|Charizard, L50, F|100/100
|move|p2a: Maracas|Triple Axel|p1b: Charizard
|-start|p2a: Maracas|typechange|Ice|[from] ability: Protean
|-damage|p1b: Charizard|89/100
|-damage|p1b: Charizard|66/100
|-damage|p1b: Charizard|33/100
|-hitcount|p1b: Charizard|3
|move|p1a: Whimsicott|Moonblast|p2b: Phelipe
|-damage|p2b: Phelipe|0 fnt
|faint|p2b: Phelipe
|
|-weather|RainDance|[upkeep]
|-end|p1a: Whimsicott|move: Taunt
|-sideend|p1: informtech|move: Tailwind
|upkeep
|
|t:|1783229902
|switch|p2b: Semi-Circle|Archaludon, L50, F|100/100
|turn|5
|
|t:|1783229920
|detailschange|p1b: Charizard|Charizard-Mega-Y, L50, F
|-mega|p1b: Charizard|Charizard|Charizardite Y
|-weather|SunnyDay|[from] ability: Drought|[of] p1b: Charizard
|move|p1a: Whimsicott|Tailwind|p1a: Whimsicott
|-sidestart|p1: informtech|move: Tailwind
|move|p1b: Charizard|Heat Wave|p2a: Maracas|[spread] p2a,p2b
|-supereffective|p2a: Maracas|1
|-damage|p2a: Maracas|0 fnt
|-damage|p2b: Semi-Circle|40/100
|-ability|p2b: Semi-Circle|Stamina|boost
|-boost|p2b: Semi-Circle|def|1
|faint|p2a: Maracas
|move|p2b: Semi-Circle|Dragon Pulse|p1b: Charizard
|-damage|p1b: Charizard|0 fnt
|faint|p1b: Charizard
|
|-weather|SunnyDay|[upkeep]
|-heal|p2b: Semi-Circle|46/100|[from] item: Leftovers
|upkeep
|
|t:|1783229937
|switch|p1b: Garchomp|Garchomp, L50, F|80/100
|turn|6
|
|t:|1783229956
|move|p2b: Semi-Circle|Protect|p2b: Semi-Circle
|-singleturn|p2b: Semi-Circle|Protect
|move|p1b: Garchomp|Earthquake|p2b: Semi-Circle|[spread] p1a
|-activate|p2b: Semi-Circle|move: Protect
|-resisted|p1a: Whimsicott|1
|-damage|p1a: Whimsicott|0 fnt
|faint|p1a: Whimsicott
|-damage|p1b: Garchomp|70/100|[from] item: Life Orb
|
|-weather|SunnyDay|[upkeep]
|-heal|p2b: Semi-Circle|52/100|[from] item: Leftovers
|upkeep
|
|t:|1783229958
|switch|p1a: Staraptor|Staraptor, L50, F|100/100
|-ability|p1a: Staraptor|Intimidate|boost
|-unboost|p2b: Semi-Circle|atk|1
|turn|7
|
|t:|1783229972
|move|p1b: Garchomp|Earthquake|p2b: Semi-Circle|[spread] p2b
|-immune|p1a: Staraptor
|-supereffective|p2b: Semi-Circle|1
|-damage|p2b: Semi-Circle|3/100
|-ability|p2b: Semi-Circle|Stamina|boost
|-boost|p2b: Semi-Circle|def|1
|-damage|p1b: Garchomp|60/100|[from] item: Life Orb
|move|p1a: Staraptor|Close Combat|p2b: Semi-Circle
|-supereffective|p2b: Semi-Circle|1
|-damage|p2b: Semi-Circle|0 fnt
|-unboost|p1a: Staraptor|def|1
|-unboost|p1a: Staraptor|spd|1
|faint|p2b: Semi-Circle
|
|win|informtech
