|j|☆Zurneus
|j|☆BigfootBender
|html|ZurneusBigfootBender    
|uhtml|bestof|Game 2 of a best-of-3
|t:|1756178588
|gametype|doubles
|player|p1|Zurneus|silver|1128
|player|p2|BigfootBender|rocketgruntf|1015
|gen|9
|tier|[Gen 9] VGC 2025 Reg H (Bo3)
|rated|
|rule|Species Clause: Limit one of each Pokémon
|rule|Item Clause: Limit 1 of each item
|clearpoke
|poke|p1|Gyarados, L50, F|
|poke|p1|Indeedee, L50, M|
|poke|p1|Volcarona, L50, F|
|poke|p1|Excadrill, L50, M|
|poke|p1|Amoonguss, L50, M|
|poke|p1|Tyranitar, L50, F|
|poke|p2|Dragapult, L50, F|
|poke|p2|Kingdra, L50, F|
|poke|p2|Pelipper, L50, F|
|poke|p2|Archaludon, L50, M|
|poke|p2|Indeedee-F, L50, F|
|poke|p2|Goodra-Hisui, L50, M|
|teampreview|4
|showteam|p1|Gyarados||SafetyGoggles|Intimidate|Taunt,ThunderWave,Waterfall,Protect|||F|||50|,,,,,Steel]Indeedee||ChoiceScarf|PsychicSurge|DazzlingGleam,TeraBlast,Trick,ExpandingForce|||M|||50|,,,,,Psychic]Volcarona||LifeOrb|FlameBody|HeatWave,Tailwind,TeraBlast,Protect|||F|||50|,,,,,Fairy]Excadrill||ClearAmulet|SandRush|Protect,Earthquake,HighHorsepower,IronHead|||M|||50|,,,,,Ghost]Amoonguss||SitrusBerry|Regenerator|Protect,ClearSmog,RagePowder,Spore|||M|||50|,,,,,Water]Tyranitar||AssaultVest|SandStream|LowKick,TeraBlast,KnockOff,RockSlide|||F|||50|,,,,,Flying
|showteam|p2|Dragapult||LifeOrb|ClearBody|DragonDarts,PsychicFangs,SuckerPunch,Protect|||F|||50|,,,,,Dragon]Kingdra||ScopeLens|SwiftSwim|DracoMeteor,MuddyWater,Protect,WeatherBall|||F|||50|,,,,,Fairy]Pelipper||SitrusBerry|Drizzle|Hurricane,WideGuard,Tailwind,Uturn|||F|||50|,,,,,Grass]Archaludon||AssaultVest|Stamina|ElectroShot,BodyPress,FlashCannon,DracoMeteor|||M|||50|,,,,,Ghost]Indeedee-F||SafetyGoggles|PsychicSurge|FollowMe,HealPulse,Protect,HelpingHand|||F|||50|,,,,,Fairy]Goodra-Hisui||Leftovers|Gooey|DragonCheer,BodyPress,Shelter,DracoMeteor|||M|||50|,,,,,Grass
|inactive|Battle timer is ON: inactive players will automatically lose when time's up. (requested by BigfootBender)
|
|t:|1756178612
|teamsize|p1|4
|teamsize|p2|4
|start
|switch|p1a: Volcarona|Volcarona, L50, F|100/100
|switch|p1b: Excadrill|Excadrill, L50, M|100/100
|switch|p2a: Pelipper|Pelipper, L50, F|100/100
|switch|p2b: Archaludon|Archaludon, L50, M|100/100
|-weather|RainDance|[from] ability: Drizzle|[of] p2a: Pelipper
|turn|1
|inactive|Zurneus has 30 seconds left.
|inactive|Zurneus has 20 seconds left.
|inactive|BigfootBender has 30 seconds left.
|inactive|Zurneus has 15 seconds left.
|inactive|Zurneus has 10 seconds left.
|inactive|Zurneus has 5 seconds left.
|
|t:|1756178664
|-terastallize|p1a: Volcarona|Fairy
|-terastallize|p2b: Archaludon|Ghost
|move|p1b: Excadrill|Protect|p1b: Excadrill
|-singleturn|p1b: Excadrill|Protect
|move|p1a: Volcarona|Tera Blast|p2a: Pelipper|[anim] Tera Blast Fairy
|-damage|p2a: Pelipper|23/100
|-enditem|p2a: Pelipper|Sitrus Berry|[eat]
|-heal|p2a: Pelipper|48/100|[from] item: Sitrus Berry
|-damage|p1a: Volcarona|91/100|[from] item: Life Orb
|move|p2a: Pelipper|Tailwind|p2a: Pelipper
|-sidestart|p2: BigfootBender|move: Tailwind
|move|p2b: Archaludon|Electro Shot||[still]
|-prepare|p2b: Archaludon|Electro Shot
|-boost|p2b: Archaludon|spa|1
|-anim|p2b: Archaludon|Electro Shot|p1a: Volcarona
|-damage|p1a: Volcarona|28/100
|
|-weather|RainDance|[upkeep]
|upkeep
|turn|2
|inactive|Zurneus has 30 seconds left.
|inactive|BigfootBender has 30 seconds left.
|
|t:|1756178693
|switch|p1b: Tyranitar|Tyranitar, L50, F|100/100
|-weather|Sandstorm|[from] ability: Sand Stream|[of] p1b: Tyranitar
|move|p2a: Pelipper|Hurricane|p1a: Volcarona|[miss]
|-miss|p2a: Pelipper|p1a: Volcarona
|move|p2b: Archaludon|Body Press|p1b: Tyranitar
|-supereffective|p1b: Tyranitar
|-damage|p1b: Tyranitar|27/100
|move|p1a: Volcarona|Tailwind|p1a: Volcarona
|-sidestart|p1: Zurneus|move: Tailwind
|
|-weather|Sandstorm|[upkeep]
|-damage|p1a: Volcarona|22/100|[from] Sandstorm
|-damage|p2a: Pelipper|42/100|[from] Sandstorm
|-damage|p2b: Archaludon|94/100|[from] Sandstorm
|upkeep
|turn|3
|inactive|Zurneus has 30 seconds left.
|inactive|BigfootBender has 30 seconds left.
|inactive|BigfootBender has 20 seconds left.
|inactive|BigfootBender has 15 seconds left.
|
|t:|1756178738
|switch|p2a: Dragapult|Dragapult, L50, F|100/100
|move|p1a: Volcarona|Tera Blast|p2a: Dragapult|[anim] Tera Blast Fairy
|-supereffective|p2a: Dragapult
|-damage|p2a: Dragapult|0 fnt
|faint|p2a: Dragapult
|-damage|p1a: Volcarona|13/100|[from] item: Life Orb
|move|p2b: Archaludon|Body Press|p1b: Tyranitar
|-supereffective|p1b: Tyranitar
|-damage|p1b: Tyranitar|0 fnt
|faint|p1b: Tyranitar
|
|-weather|Sandstorm|[upkeep]
|-damage|p1a: Volcarona|7/100|[from] Sandstorm
|-damage|p2b: Archaludon|88/100|[from] Sandstorm
|upkeep
|
|t:|1756178756
|switch|p2a: Pelipper|Pelipper, L50, F|42/100
|switch|p1b: Indeedee|Indeedee, L50, M|100/100
|-fieldstart|move: Psychic Terrain|[from] ability: Psychic Surge|[of] p1b: Indeedee
|-weather|RainDance|[from] ability: Drizzle|[of] p2a: Pelipper
|turn|4
|inactive|Zurneus has 30 seconds left.
|inactive|Zurneus has 20 seconds left.
|inactive|Zurneus has 15 seconds left.
|
|t:|1756178796
|switch|p1a: Excadrill|Excadrill, L50, M|100/100
|move|p2a: Pelipper|Wide Guard|p2a: Pelipper
|-singleturn|p2a: Pelipper|Wide Guard
|move|p1b: Indeedee|Tera Blast|p2a: Pelipper
|-damage|p2a: Pelipper|0 fnt
|faint|p2a: Pelipper
|move|p2b: Archaludon|Electro Shot||[still]
|-prepare|p2b: Archaludon|Electro Shot
|-boost|p2b: Archaludon|spa|1
|-anim|p2b: Archaludon|Electro Shot|p1a: Excadrill
|-immune|p1a: Excadrill
|
|-weather|RainDance|[upkeep]
|-sideend|p2: BigfootBender|move: Tailwind
|upkeep
|
|t:|1756178810
|switch|p2a: Kingdra|Kingdra, L50, F|100/100
|turn|5
|
|t:|1756178831
|switch|p1b: Volcarona|Volcarona, L50, F, tera:Fairy|7/100
|move|p2a: Kingdra|Protect|p2a: Kingdra
|-singleturn|p2a: Kingdra|Protect
|move|p1a: Excadrill|Protect|p1a: Excadrill
|-singleturn|p1a: Excadrill|Protect
|move|p2b: Archaludon|Draco Meteor|p1b: Volcarona
|-immune|p1b: Volcarona
|
|-weather|RainDance|[upkeep]
|-sideend|p1: Zurneus|move: Tailwind
|upkeep
|turn|6
|inactive|Zurneus has 30 seconds left.
|
|t:|1756178857
|move|p1a: Excadrill|Protect||[still]
|-fail|p1a: Excadrill
|move|p2a: Kingdra|Muddy Water|p1a: Excadrill|[spread] p1b
|-miss|p2a: Kingdra|p1a: Excadrill
|-damage|p1b: Volcarona|0 fnt
|faint|p1b: Volcarona
|move|p2b: Archaludon|Electro Shot||[still]
|-prepare|p2b: Archaludon|Electro Shot
|-boost|p2b: Archaludon|spa|1
|-anim|p2b: Archaludon|Electro Shot|p1a: Excadrill
|-immune|p1a: Excadrill
|
|-weather|RainDance|[upkeep]
|upkeep
|
|t:|1756178868
|switch|p1b: Indeedee|Indeedee, L50, M|100/100
|turn|7
|
|t:|1756178882
|move|p2a: Kingdra|Muddy Water|p1a: Excadrill|[spread] p1a
|-miss|p2a: Kingdra|p1b: Indeedee
|-supereffective|p1a: Excadrill
|-damage|p1a: Excadrill|0 fnt
|faint|p1a: Excadrill
|move|p1b: Indeedee|Expanding Force|p2a: Kingdra|[spread] p2a,p2b
|-damage|p2a: Kingdra|28/100
|-damage|p2b: Archaludon|54/100
|-ability|p2b: Archaludon|Stamina|boost
|-boost|p2b: Archaludon|def|1
|move|p2b: Archaludon|Body Press|p1b: Indeedee
|-damage|p1b: Indeedee|36/100
|
|-weather|RainDance|[upkeep]
|upkeep
|turn|8
|-message|Zurneus forfeited.
|
|win|BigfootBender
||Zurneus is ready for game 3.
|l|☆BigfootBender
|player|p2|
||BigfootBender is ready for game 3.
|uhtml|next|Next: Game 3 of 3
