|j|☆aaronballs
|j|☆CheesyTime
|html|aaronballsCheesyTime    
|uhtml|bestof|Game 2 of a best-of-3
|t:|1782566076
|gametype|doubles
|player|p1|aaronballs|170|1113
|player|p2|CheesyTime|colress|1349
|gen|9
|tier|[Gen 9 Champions] VGC 2026 Reg M-B (Bo3)
|rated|
|rule|Species Clause: Limit one of each Pokémon
|rule|Item Clause: Limit 1 of each item
|clearpoke
|poke|p1|Mawile, L50, F|
|poke|p1|Incineroar, L50, M|
|poke|p1|Farigiraf, L50, M|
|poke|p1|Basculegion, L50, M|
|poke|p1|Gholdengo, L50|
|poke|p1|Raichu, L50, F|
|poke|p2|Grimmsnarl, L50, M, shiny|
|poke|p2|Swampert, L50, M|
|poke|p2|Pelipper, L50, M|
|poke|p2|Archaludon, L50, M|
|poke|p2|Sinistcha, L50|
|poke|p2|Metagross, L50, shiny|
|teampreview|4
|showteam|p1|Mawile||Mawilite|Intimidate|SuckerPunch,PlayRough,SwordsDance,Protect|Adamant||F|||50|]Incineroar||SitrusBerry|Intimidate|FakeOut,FlareBlitz,DarkestLariat,PartingShot|Adamant||M|||50|]Farigiraf||ColburBerry|ArmorTail|TrickRoom,Psychic,HelpingHand,Protect|Modest||M|||50|]Basculegion||MysticWater|Adaptability|LastRespects,WaveCrash,AquaJet,Protect|Adamant||M|||50|]Gholdengo||LifeOrb|GoodasGold|MakeItRain,NastyPlot,ShadowBall,Protect|Modest|||||50|]Raichu||RaichuniteY|Static|ZapCannon,FocusBlast,FakeOut,Protect|Modest||F|||50|
|showteam|p2|Grimmsnarl||LightClay|Prankster|FoulPlay,PartingShot,Reflect,LightScreen|Calm||M|||50|]Swampert||Swampertite|Damp|WaveCrash,Earthquake,IcePunch,Protect|Adamant||M|||50|]Pelipper||SitrusBerry|Drizzle|Hurricane,WeatherBall,Tailwind,WideGuard|Modest||M|||50|]Archaludon||Leftovers|Stamina|ElectroShot,DragonPulse,FlashCannon,Protect|Modest||M|||50|]Sinistcha||CobaBerry|Hospitality|MatchaGotcha,RagePowder,TrickRoom,Protect|Relaxed|||||50|]Metagross||Metagrossite|ClearBody|IronHead,PsychicFangs,BodyPress,Protect|Jolly|||||50|
|
|t:|1782566130
|teamsize|p1|4
|teamsize|p2|4
|start
|switch|p1a: Incineroar|Incineroar, L50, M|100/100
|switch|p1b: Farigiraf|Farigiraf, L50, M|100/100
|switch|p2a: Pelipper|Pelipper, L50, M|100/100
|switch|p2b: Archaludon|Archaludon, L50, M|100/100
|-weather|RainDance|[from] ability: Drizzle|[of] p2a: Pelipper
|-ability|p1a: Incineroar|Intimidate|boost
|-unboost|p2a: Pelipper|atk|1
|-unboost|p2b: Archaludon|atk|1
|turn|1
|inactive|Battle timer is ON: inactive players will automatically lose when time's up. (requested by aaronballs)
|
|t:|1782566139
|move|p2b: Archaludon|Electro Shot||[still]
|-prepare|p2b: Archaludon|Electro Shot
|-boost|p2b: Archaludon|spa|1
|-anim|p2b: Archaludon|Electro Shot|p1a: Incineroar
|-damage|p1a: Incineroar|42/100
|-enditem|p1a: Incineroar|Sitrus Berry|[eat]
|-heal|p1a: Incineroar|67/100|[from] item: Sitrus Berry
|move|p2a: Pelipper|Weather Ball|p1a: Incineroar
|-supereffective|p1a: Incineroar|1
|-damage|p1a: Incineroar|0 fnt
|faint|p1a: Incineroar
|move|p1b: Farigiraf|Trick Room|p1b: Farigiraf
|-fieldstart|move: Trick Room|[of] p1b: Farigiraf
|
|-weather|RainDance|[upkeep]
|upkeep
|
|t:|1782566154
|switch|p1a: Mawile|Mawile, L50, F|100/100
|-ability|p1a: Mawile|Intimidate|boost
|-unboost|p2a: Pelipper|atk|1
|-unboost|p2b: Archaludon|atk|1
|turn|2
|inactive|aaronballs has 30 seconds left.
|inactive|CheesyTime has 30 seconds left.
|inactive|CheesyTime has 20 seconds left.
|
|t:|1782566195
|switch|p1b: Basculegion|Basculegion, L50, M|100/100
|switch|p2a: Sinistcha|Sinistcha, L50|100/100
|move|p1a: Mawile|Protect|p1a: Mawile
|-singleturn|p1a: Mawile|Protect
|move|p2b: Archaludon|Electro Shot||[still]
|-prepare|p2b: Archaludon|Electro Shot
|-boost|p2b: Archaludon|spa|1
|-anim|p2b: Archaludon|Electro Shot|p1a: Mawile
|-activate|p1a: Mawile|move: Protect
|
|-weather|RainDance|[upkeep]
|upkeep
|turn|3
|inactive|aaronballs has 30 seconds left.
|
|t:|1782566221
|switch|p1a: Farigiraf|Farigiraf, L50, M|100/100
|move|p2a: Sinistcha|Rage Powder|p2a: Sinistcha
|-singleturn|p2a: Sinistcha|move: Rage Powder
|move|p2b: Archaludon|Electro Shot||[still]
|-prepare|p2b: Archaludon|Electro Shot
|-boost|p2b: Archaludon|spa|1
|-anim|p2b: Archaludon|Electro Shot|p1a: Farigiraf
|-damage|p1a: Farigiraf|14/100
|move|p1b: Basculegion|Last Respects|p2a: Sinistcha
|-supereffective|p2a: Sinistcha|1
|-damage|p2a: Sinistcha|0 fnt
|faint|p2a: Sinistcha
|
|-weather|RainDance|[upkeep]
|upkeep
|
|t:|1782566228
|switch|p2a: Pelipper|Pelipper, L50, M|100/100
|turn|4
|inactive|aaronballs has 30 seconds left.
|
|t:|1782566259
|move|p1b: Basculegion|Protect|p1b: Basculegion
|-singleturn|p1b: Basculegion|Protect
|move|p1a: Farigiraf|Psychic|p2a: Pelipper
|-damage|p2a: Pelipper|51/100
|move|p2a: Pelipper|Weather Ball|p1a: Farigiraf
|-damage|p1a: Farigiraf|0 fnt
|faint|p1a: Farigiraf
|move|p2b: Archaludon|Electro Shot||[still]
|-prepare|p2b: Archaludon|Electro Shot
|-boost|p2b: Archaludon|spa|1
|-anim|p2b: Archaludon|Electro Shot|p1b: Basculegion
|-activate|p1b: Basculegion|move: Protect
|
|-weather|RainDance|[upkeep]
|upkeep
|
|t:|1782566268
|switch|p1a: Mawile|Mawile, L50, F|100/100
|-ability|p1a: Mawile|Intimidate|boost
|-unboost|p2a: Pelipper|atk|1
|-unboost|p2b: Archaludon|atk|1
|turn|5
|
|t:|1782566278
|detailschange|p1a: Mawile|Mawile-Mega, L50, F
|-mega|p1a: Mawile|Mawile|Mawilite
|move|p1b: Basculegion|Protect||[still]
|-fail|p1b: Basculegion
|move|p1a: Mawile|Play Rough|p2b: Archaludon
|-damage|p2b: Archaludon|40/100
|-ability|p2b: Archaludon|Stamina|boost
|-boost|p2b: Archaludon|def|1
|move|p2a: Pelipper|Tailwind|p2a: Pelipper
|-sidestart|p2: CheesyTime|move: Tailwind
|move|p2b: Archaludon|Electro Shot||[still]
|-prepare|p2b: Archaludon|Electro Shot
|-boost|p2b: Archaludon|spa|1
|-anim|p2b: Archaludon|Electro Shot|p1b: Basculegion
|-supereffective|p1b: Basculegion|1
|-damage|p1b: Basculegion|0 fnt
|faint|p1b: Basculegion
|
|-weather|none
|-heal|p2b: Archaludon|46/100|[from] item: Leftovers
|-fieldend|move: Trick Room
|upkeep
|turn|6
|
|t:|1782566293
|switch|p2a: Swampert|Swampert, L50, M|100/100
|move|p2b: Archaludon|Flash Cannon|p1a: Mawile
|-damage|p1a: Mawile|0 fnt
|faint|p1a: Mawile
|
|win|CheesyTime
