|j|☆metvgc
|j|☆failandimprove2
|html|metvgcfailandimprove2    
|uhtml|bestof|Game 1 of a best-of-3
|t:|1783179149
|gametype|doubles
|player|p1|metvgc|linebacker|1241
|player|p2|failandimprove2|102|1382
|gen|9
|tier|[Gen 9 Champions] VGC 2026 Reg M-B (Bo3)
|rated|
|rule|Species Clause: Limit one of each Pokémon
|rule|Item Clause: Limit 1 of each item
|clearpoke
|poke|p1|Gholdengo, L50|
|poke|p1|Scrafty, L50, M|
|poke|p1|Rotom-Heat, L50|
|poke|p1|Basculegion, L50, M|
|poke|p1|Venusaur, L50, M|
|poke|p1|Aerodactyl, L50, M|
|poke|p2|Floette-Eternal, L50, F|
|poke|p2|Kingambit, L50, F|
|poke|p2|Garchomp, L50, F|
|poke|p2|Sneasler, L50, F|
|poke|p2|Sinistcha-Masterpiece, L50|
|poke|p2|Incineroar, L50, F|
|teampreview|4
|showteam|p1|Gholdengo||Leftovers|GoodasGold|Protect,NastyPlot,ShadowBall,MakeItRain|Modest|||||50|]Scrafty||MuscleBand|Intimidate|Taunt,FakeOut,CloseCombat,KnockOff|Adamant||M|||50|]Rotom-Heat||SitrusBerry|Levitate|LightScreen,VoltSwitch,Overheat,WillOWisp|Bold|||||50|]Basculegion||ChoiceScarf|Adaptability|AquaJet,FlipTurn,WaveCrash,LastRespects|Jolly||M|||50|]Venusaur||Venusaurite|Chlorophyll|Protect,SludgeBomb,GigaDrain,EarthPower|Modest||M|||50|]Aerodactyl||Aerodactylite|Unnerve|RockSlide,DualWingbeat,IceFang,Tailwind|Jolly||M|||50|
|showteam|p2|Floette-Eternal||Floettite|FlowerVeil|DazzlingGleam,DrainingKiss,CalmMind,Protect|Timid||F|||50|]Kingambit||ChopleBerry|Defiant|KowtowCleave,SuckerPunch,IronHead,Protect|Adamant||F|||50|]Garchomp||Garchompite|RoughSkin|RockSlide,StompingTantrum,Earthquake,Protect|Adamant||F|||50|]Sneasler||FocusSash|Unburden|FakeOut,CloseCombat,DireClaw,Protect|Naive||F|||50|]Sinistcha-Masterpiece||KasibBerry|Hospitality|MatchaGotcha,TrickRoom,RagePowder,Protect|Bold|||||50|]Incineroar||SitrusBerry|Intimidate|FakeOut,PartingShot,FlareBlitz,HelpingHand|Sassy||F|||50|
|inactive|Battle timer is ON: inactive players will automatically lose when time's up. (requested by metvgc)
|inactive|failandimprove2 also wants the timer to be on.
|inactive|failandimprove2 has 60 seconds left.
|inactive|failandimprove2 has 30 seconds left.
|
|t:|1783179221
|teamsize|p1|4
|teamsize|p2|4
|start
|switch|p1a: Scrafty|Scrafty, L50, M|100/100
|switch|p1b: Rotom|Rotom-Heat, L50|100/100
|switch|p2a: Kingambit|Kingambit, L50, F|100/100
|switch|p2b: Sneasler|Sneasler, L50, F|100/100
|-ability|p1a: Scrafty|Intimidate|boost
|-unboost|p2a: Kingambit|atk|1
|-ability|p2a: Kingambit|Defiant|boost
|-boost|p2a: Kingambit|atk|2
|-unboost|p2b: Sneasler|atk|1
|turn|1
|
|t:|1783179238
|move|p2b: Sneasler|Fake Out|p1b: Rotom
|-damage|p1b: Rotom|90/100
|move|p1a: Scrafty|Fake Out|p2a: Kingambit
|-resisted|p2a: Kingambit|1
|-damage|p2a: Kingambit|95/100
|cant|p1b: Rotom|flinch
|cant|p2a: Kingambit|flinch
|
|upkeep
|turn|2
|inactive|failandimprove2 has 30 seconds left.
|
|t:|1783179269
|move|p2a: Kingambit|Protect|p2a: Kingambit
|-singleturn|p2a: Kingambit|Protect
|move|p2b: Sneasler|Close Combat|p1a: Scrafty
|-supereffective|p1a: Scrafty|1
|-damage|p1a: Scrafty|14/100
|-unboost|p2b: Sneasler|def|1
|-unboost|p2b: Sneasler|spd|1
|move|p1b: Rotom|Overheat|p2a: Kingambit
|-activate|p2a: Kingambit|move: Protect
|move|p1a: Scrafty|Knock Off|p2b: Sneasler
|-resisted|p2b: Sneasler|1
|-crit|p2b: Sneasler
|-damage|p2b: Sneasler|13/100
|-enditem|p2b: Sneasler|Focus Sash|[from] move: Knock Off|[of] p1a: Scrafty
|
|upkeep
|turn|3
|
|t:|1783179287
|switch|p1a: Basculegion|Basculegion, L50, M|100/100
|move|p2a: Kingambit|Sucker Punch||[still]
|-fail|p2a: Kingambit
|move|p2b: Sneasler|Close Combat|p1b: Rotom
|-damage|p1b: Rotom|51/100
|-unboost|p2b: Sneasler|def|1
|-unboost|p2b: Sneasler|spd|1
|move|p1b: Rotom|Will-O-Wisp|p2a: Kingambit
|-status|p2a: Kingambit|brn
|
|-damage|p2a: Kingambit|89/100 brn|[from] brn
|upkeep
|turn|4
|
|t:|1783179304
|switch|p2b: Incineroar|Incineroar, L50, F|100/100
|-ability|p2b: Incineroar|Intimidate|boost
|-unboost|p1a: Basculegion|atk|1
|-unboost|p1b: Rotom|atk|1
|move|p2a: Kingambit|Protect|p2a: Kingambit
|-singleturn|p2a: Kingambit|Protect
|move|p1a: Basculegion|Flip Turn|p2b: Incineroar
|-supereffective|p2b: Incineroar|1
|-damage|p2b: Incineroar|58/100
|
|t:|1783179311
|switch|p1a: Venusaur|Venusaur, L50, M|100/100|[from] Flip Turn
|move|p1b: Rotom|Volt Switch|p2a: Kingambit
|-activate|p2a: Kingambit|move: Protect
|
|-damage|p2a: Kingambit|83/100 brn|[from] brn
|upkeep
|turn|5
|
|t:|1783179320
|move|p1a: Venusaur|Protect|p1a: Venusaur
|-singleturn|p1a: Venusaur|Protect
|move|p2b: Incineroar|Fake Out|p1b: Rotom
|-damage|p1b: Rotom|40/100
|-enditem|p1b: Rotom|Sitrus Berry|[eat]
|-heal|p1b: Rotom|65/100|[from] item: Sitrus Berry
|cant|p1b: Rotom|flinch
|move|p2a: Kingambit|Kowtow Cleave|p1b: Rotom
|-crit|p1b: Rotom
|-damage|p1b: Rotom|14/100
|
|-damage|p2a: Kingambit|77/100 brn|[from] brn
|upkeep
|turn|6
|
|t:|1783179336
|detailschange|p1a: Venusaur|Venusaur-Mega, L50, M
|-mega|p1a: Venusaur|Venusaur|Venusaurite
|move|p2a: Kingambit|Sucker Punch|p1b: Rotom
|-damage|p1b: Rotom|0 fnt
|faint|p1b: Rotom
|move|p1a: Venusaur|Earth Power|p2b: Incineroar
|-supereffective|p2b: Incineroar|1
|-damage|p2b: Incineroar|10/100
|-unboost|p2b: Incineroar|spd|1
|-enditem|p2b: Incineroar|Sitrus Berry|[eat]
|-heal|p2b: Incineroar|35/100|[from] item: Sitrus Berry
|move|p2b: Incineroar|Parting Shot|p1a: Venusaur
|-unboost|p1a: Venusaur|atk|1
|-unboost|p1a: Venusaur|spa|1
|
|t:|1783179347
|switch|p2b: Sneasler|Sneasler, L50, F|13/100|[from] Parting Shot
|
|-damage|p2a: Kingambit|71/100 brn|[from] brn
|upkeep
|
|t:|1783179354
|switch|p1b: Basculegion|Basculegion, L50, M|100/100
|turn|7
|
|t:|1783179361
|move|p2b: Sneasler|Fake Out|p1a: Venusaur
|-damage|p1a: Venusaur|89/100
|move|p1b: Basculegion|Aqua Jet|p2b: Sneasler
|-damage|p2b: Sneasler|0 fnt
|faint|p2b: Sneasler
|cant|p1a: Venusaur|flinch
|move|p2a: Kingambit|Kowtow Cleave|p1b: Basculegion
|-supereffective|p1b: Basculegion|1
|-crit|p1b: Basculegion
|-damage|p1b: Basculegion|0 fnt
|faint|p1b: Basculegion
|
|-damage|p2a: Kingambit|66/100 brn|[from] brn
|upkeep
|
|t:|1783179376
|switch|p2b: Incineroar|Incineroar, L50, F|35/100
|switch|p1b: Scrafty|Scrafty, L50, M|14/100
|-ability|p1b: Scrafty|Intimidate|boost
|-unboost|p2a: Kingambit|atk|1
|-ability|p2a: Kingambit|Defiant|boost
|-boost|p2a: Kingambit|atk|2
|-unboost|p2b: Incineroar|atk|1
|-ability|p2b: Incineroar|Intimidate|boost
|-unboost|p1a: Venusaur|atk|1
|-unboost|p1b: Scrafty|atk|1
|turn|8
|
|t:|1783179388
|move|p1b: Scrafty|Fake Out|p2a: Kingambit
|-resisted|p2a: Kingambit|1
|-damage|p2a: Kingambit|62/100 brn
|move|p2b: Incineroar|Fake Out|p1a: Venusaur
|-damage|p1a: Venusaur|83/100
|cant|p1a: Venusaur|flinch
|cant|p2a: Kingambit|flinch
|
|-damage|p2a: Kingambit|56/100 brn|[from] brn
|upkeep
|turn|9
|inactive|failandimprove2 has 30 seconds left.
|
|t:|1783179417
|move|p2a: Kingambit|Sucker Punch|p1b: Scrafty
|-resisted|p1b: Scrafty|2
|-damage|p1b: Scrafty|4/100
|move|p1a: Venusaur|Earth Power|p2b: Incineroar
|-supereffective|p2b: Incineroar|1
|-damage|p2b: Incineroar|5/100
|-unboost|p2b: Incineroar|spd|1
|move|p1b: Scrafty|Close Combat|p2a: Kingambit
|-supereffective|p2a: Kingambit|2
|-crit|p2a: Kingambit
|-enditem|p2a: Kingambit|Chople Berry|[eat]
|-enditem|p2a: Kingambit|Chople Berry|[weaken]
|-damage|p2a: Kingambit|0 fnt
|-unboost|p1b: Scrafty|def|1
|-unboost|p1b: Scrafty|spd|1
|faint|p2a: Kingambit
|move|p2b: Incineroar|Flare Blitz|p1b: Scrafty
|-damage|p1b: Scrafty|0 fnt
|faint|p1b: Scrafty
|-damage|p2b: Incineroar|4/100|[from] Recoil
|
|upkeep
|
|t:|1783179421
|switch|p2a: Garchomp|Garchomp, L50, F|100/100
|turn|10
|
|t:|1783179433
|detailschange|p2a: Garchomp|Garchomp-Mega, L50, F
|-mega|p2a: Garchomp|Garchomp|Garchompite
|move|p2b: Incineroar|Helping Hand|p2a: Garchomp
|-singleturn|p2a: Garchomp|Helping Hand|[of] p2b: Incineroar
|move|p2a: Garchomp|Stomping Tantrum|p1a: Venusaur
|-damage|p1a: Venusaur|21/100
|move|p1a: Venusaur|Giga Drain|p2a: Garchomp
|-damage|p2a: Garchomp|79/100
|-heal|p1a: Venusaur|32/100|[from] drain|[of] p2a: Garchomp
|
|upkeep
|turn|11
|
|t:|1783179445
|move|p2b: Incineroar|Helping Hand|p2a: Garchomp
|-singleturn|p2a: Garchomp|Helping Hand|[of] p2b: Incineroar
|move|p2a: Garchomp|Stomping Tantrum|p1a: Venusaur
|-damage|p1a: Venusaur|0 fnt
|faint|p1a: Venusaur
|
|win|failandimprove2
|raw|metvgc's rating: 1241 → 1226(-15 for losing)
|raw|failandimprove2's rating: 1382 → 1394(+12 for winning)
