|j|☆Julituk
|j|☆lettitripppp
|html|Julituklettitripppp    
|uhtml|bestof|Game 3 of a best-of-3
|t:|1783359164
|gametype|doubles
|player|p1|Julituk|102|1249
|player|p2|lettitripppp|lucas|1247
|gen|9
|tier|[Gen 9 Champions] VGC 2026 Reg M-B (Bo3)
|rated|
|rule|Species Clause: Limit one of each Pokémon
|rule|Item Clause: Limit 1 of each item
|clearpoke
|poke|p1|Kingambit, L50, M|
|poke|p1|Sylveon, L50, F|
|poke|p1|Garchomp, L50, F|
|poke|p1|Aerodactyl, L50, M|
|poke|p1|Farigiraf, L50, M|
|poke|p1|Charizard, L50, F|
|poke|p2|Charizard, L50, F|
|poke|p2|Basculegion, L50, M|
|poke|p2|Whimsicott, L50, F, shiny|
|poke|p2|Garchomp, L50, F, shiny|
|poke|p2|Floette-Eternal, L50, F|
|poke|p2|Kingambit, L50, M, shiny|
|teampreview|4
|showteam|p1|Kingambit||FocusSash|Defiant|IronHead,SuckerPunch,KowtowCleave,LowKick|Adamant||M|||50|]Sylveon||FairyFeather|Pixilate|Detect,HyperVoice,HyperBeam,QuickAttack|Modest||F|||50|]Garchomp||LifeOrb|RoughSkin|Protect,DragonClaw,Earthquake,StompingTantrum|Jolly||F|||50|]Aerodactyl||Aerodactylite|RockHead|IceFang,RockSlide,Tailwind,DualWingbeat|Jolly||M|||50|]Farigiraf||SitrusBerry|ArmorTail|TrickRoom,Psychic,Thunderbolt,Roar|Bold||M|||50|]Charizard||CharizarditeY|Blaze|Protect,SolarBeam,WeatherBall,HeatWave|Modest||F|||50|
|showteam|p2|Charizard||CharizarditeY|Blaze|WeatherBall,SolarBeam,HeatWave,Protect|Modest||F|||50|]Basculegion||MysticWater|Adaptability|LastRespects,WaveCrash,AquaJet,Protect|Adamant||M|||50|]Whimsicott||FocusSash|Prankster|Moonblast,Tailwind,Encore,Protect|Timid||F|||50|]Garchomp||LifeOrb|RoughSkin|DragonClaw,Earthquake,RockSlide,Protect|Jolly||F|||50|]Floette-Eternal||Floettite|FlowerVeil|DazzlingGleam,LightofRuin,Moonblast,Protect|Modest||F|||50|]Kingambit||ChopleBerry|Defiant|KowtowCleave,SuckerPunch,IronHead,LowKick|Adamant||M|||50|
|inactive|Battle timer is ON: inactive players will automatically lose when time's up. (requested by lettitripppp)
|
|t:|1783359191
|teamsize|p1|4
|teamsize|p2|4
|start
|switch|p1a: Farigiraf|Farigiraf, L50, M|100/100
|switch|p1b: Charizard|Charizard, L50, F|100/100
|switch|p2a: LETS GO GO|Whimsicott, L50, F, shiny|100/100
|switch|p2b: GHOSTWAVE|Basculegion, L50, M|100/100
|turn|1
|
|t:|1783359198
|detailschange|p1b: Charizard|Charizard-Mega-Y, L50, F
|-mega|p1b: Charizard|Charizard|Charizardite Y
|-weather|SunnyDay|[from] ability: Drought|[of] p1b: Charizard
|move|p2a: LETS GO GO|Tailwind|p2a: LETS GO GO
|-sidestart|p2: lettitripppp|move: Tailwind
|move|p2b: GHOSTWAVE|Wave Crash|p1b: Charizard
|-supereffective|p1b: Charizard|1
|-damage|p1b: Charizard|9/100
|-damage|p2b: GHOSTWAVE|75/100|[from] Recoil
|move|p1b: Charizard|Heat Wave|p2a: LETS GO GO|[spread] p2a,p2b
|-supereffective|p2a: LETS GO GO|1
|-resisted|p2b: GHOSTWAVE|1
|-enditem|p2a: LETS GO GO|Focus Sash
|-damage|p2a: LETS GO GO|1/100
|-damage|p2b: GHOSTWAVE|45/100
|move|p1a: Farigiraf|Trick Room|p1a: Farigiraf
|-fieldstart|move: Trick Room|[of] p1a: Farigiraf
|
|-weather|SunnyDay|[upkeep]
|upkeep
|turn|2
|inactive|Julituk has 30 seconds left.
|
|t:|1783359229
|switch|p1a: Sylveon|Sylveon, L50, F|100/100
|move|p1b: Charizard|Heat Wave|p2b: GHOSTWAVE|[spread] p2a
|-miss|p1b: Charizard|p2b: GHOSTWAVE
|-supereffective|p2a: LETS GO GO|1
|-damage|p2a: LETS GO GO|0 fnt
|faint|p2a: LETS GO GO
|move|p2b: GHOSTWAVE|Wave Crash|p1b: Charizard
|-supereffective|p1b: Charizard|1
|-damage|p1b: Charizard|0 fnt
|faint|p1b: Charizard
|-damage|p2b: GHOSTWAVE|42/100|[from] Recoil
|
|-weather|SunnyDay|[upkeep]
|upkeep
|
|t:|1783359236
|switch|p1b: Kingambit|Kingambit, L50, M|100/100
|switch|p2a: GENERAL BLADUS|Kingambit, L50, M, shiny|100/100
|turn|3
|
|t:|1783359252
|switch|p1a: Farigiraf|Farigiraf, L50, M|100/100
|move|p1b: Kingambit|Low Kick|p2a: GENERAL BLADUS
|-supereffective|p2a: GENERAL BLADUS|2
|-enditem|p2a: GENERAL BLADUS|Chople Berry|[eat]
|-enditem|p2a: GENERAL BLADUS|Chople Berry|[weaken]
|-damage|p2a: GENERAL BLADUS|46/100
|move|p2a: GENERAL BLADUS|Low Kick|p1b: Kingambit
|-supereffective|p1b: Kingambit|2
|-enditem|p1b: Kingambit|Focus Sash
|-damage|p1b: Kingambit|1/100
|move|p2b: GHOSTWAVE|Last Respects|p1a: Farigiraf
|-immune|p1a: Farigiraf
|
|-weather|SunnyDay|[upkeep]
|upkeep
|turn|4
|inactive|Julituk has 30 seconds left.
|
|t:|1783359279
|switch|p2a: CRUSH SHARK|Garchomp, L50, F, shiny|100/100
|move|p2b: GHOSTWAVE|Protect|p2b: GHOSTWAVE
|-singleturn|p2b: GHOSTWAVE|Protect
|move|p1b: Kingambit|Sucker Punch||[still]
|-fail|p1b: Kingambit
|move|p1a: Farigiraf|Thunderbolt|p2b: GHOSTWAVE
|-activate|p2b: GHOSTWAVE|move: Protect
|
|-weather|SunnyDay|[upkeep]
|-sideend|p2: lettitripppp|move: Tailwind
|upkeep
|turn|5
|
|t:|1783359297
|switch|p2b: GENERAL BLADUS|Kingambit, L50, M, shiny|46/100
|move|p2a: CRUSH SHARK|Protect|p2a: CRUSH SHARK
|-singleturn|p2a: CRUSH SHARK|Protect
|move|p1a: Farigiraf|Psychic|p2a: CRUSH SHARK
|-activate|p2a: CRUSH SHARK|move: Protect
|move|p1b: Kingambit|Kowtow Cleave|p2b: GENERAL BLADUS
|-resisted|p2b: GENERAL BLADUS|1
|-damage|p2b: GENERAL BLADUS|29/100
|
|-weather|none
|-fieldend|move: Trick Room
|upkeep
|turn|6
|
|t:|1783359312
|move|p2a: CRUSH SHARK|Rock Slide|p1a: Farigiraf|[spread] p1a,p1b
|-resisted|p1b: Kingambit|1
|-damage|p1a: Farigiraf|80/100
|-damage|p1b: Kingambit|0 fnt
|faint|p1b: Kingambit
|-damage|p2a: CRUSH SHARK|90/100|[from] item: Life Orb
|move|p2b: GENERAL BLADUS|Kowtow Cleave|p1a: Farigiraf
|-supereffective|p1a: Farigiraf|1
|-damage|p1a: Farigiraf|12/100
|-enditem|p1a: Farigiraf|Sitrus Berry|[eat]
|-heal|p1a: Farigiraf|37/100|[from] item: Sitrus Berry
|cant|p1a: Farigiraf|flinch
|
|upkeep
|
|t:|1783359314
|switch|p1b: Sylveon|Sylveon, L50, F|100/100
|turn|7
|
|t:|1783359331
|move|p2a: CRUSH SHARK|Earthquake|p1a: Farigiraf|[spread] p2b,p1a,p1b
|-supereffective|p2b: GENERAL BLADUS|1
|-crit|p1b: Sylveon
|-damage|p2b: GENERAL BLADUS|0 fnt
|-damage|p1a: Farigiraf|0 fnt
|-damage|p1b: Sylveon|15/100
|faint|p2b: GENERAL BLADUS
|faint|p1a: Farigiraf
|-damage|p2a: CRUSH SHARK|80/100|[from] item: Life Orb
|move|p1b: Sylveon|Hyper Voice|p2a: CRUSH SHARK
|-supereffective|p2a: CRUSH SHARK|1
|-damage|p2a: CRUSH SHARK|0 fnt
|faint|p2a: CRUSH SHARK
|
|upkeep
|
|t:|1783359340
|switch|p2b: GHOSTWAVE|Basculegion, L50, M|42/100
|turn|8
|c|☆lettitripppp|gg
|
|t:|1783359345
|move|p2b: GHOSTWAVE|Aqua Jet|p1b: Sylveon
|-damage|p1b: Sylveon|0 fnt
|faint|p1b: Sylveon
|
|win|lettitripppp
|raw|Julituk's rating: 1249 → 1224(-25 for losing)
|raw|lettitripppp's rating: 1247 → 1272(+25 for winning)
