|j|☆Guiltypleasure06
|j|☆Gabros.010
|html|Guiltypleasure06Gabros.010    
|uhtml|bestof|Game 1 of a best-of-3
|t:|1756206281
|gametype|doubles
|player|p1|Guiltypleasure06|170|1096
|player|p2|Gabros.010|170|1020
|gen|9
|tier|[Gen 9] VGC 2025 Reg H (Bo3)
|rated|
|rule|Species Clause: Limit one of each Pokémon
|rule|Item Clause: Limit 1 of each item
|clearpoke
|poke|p1|Sneasler, L50, M|
|poke|p1|Dondozo, L50, F|
|poke|p1|Magmar, L50, M|
|poke|p1|Rillaboom, L50, M|
|poke|p1|Dragonite, L50, F|
|poke|p1|Kingambit, L50, M|
|poke|p2|Sneasler, L50, M|
|poke|p2|Indeedee, L50, M|
|poke|p2|Ursaluna-Bloodmoon, L50, M|
|poke|p2|Electabuzz, L50, M|
|poke|p2|Incineroar, L50, M|
|poke|p2|Talonflame, L50, M|
|teampreview|4
|showteam|p1|Sneasler||FocusSash|Unburden|CloseCombat,DireClaw,Coaching,Protect|||M|||50|,,,,,Stellar]Dondozo||Leftovers|Unaware|Liquidation,Yawn,Protect,Fissure|||F|||50|,,,,,Fire]Magmar||Eviolite|VitalSpirit|Overheat,WillOWisp,FollowMe,Protect|||M|||50|,,,,,Dragon]Rillaboom||AssaultVest|GrassySurge|WoodHammer,GrassyGlide,Uturn,FakeOut|||M|||50|,,,,,Fire]Dragonite||LoadedDice|Multiscale|ExtremeSpeed,ScaleShot,LowKick,Protect|||F|||50|,,,,,Fairy]Kingambit||BlackGlasses|Defiant|Protect,SwordsDance,SuckerPunch,KowtowCleave|||M|||50|,,,,,Dark
|showteam|p2|Sneasler||PsychicSeed|Unburden|CloseCombat,DireClaw,ThroatChop,Protect|||M|||50|,,,,,Dark]Indeedee||FocusSash|PsychicSurge|ExpandingForce,TrickRoom,HelpingHand,Protect|||M|||50|,,,,,Psychic]Ursaluna-Bloodmoon||LifeOrb|MindsEye|BloodMoon,HyperVoice,EarthPower,Protect|||M|||50|,,,,,Normal]Electabuzz||Eviolite|VitalSpirit|Electroweb,FollowMe,Taunt,Protect|||M|||50|,,,,,Dragon]Incineroar||SafetyGoggles|Intimidate|FlareBlitz,KnockOff,PartingShot,FakeOut|||M|||50|,,,,,Ghost]Talonflame||CovertCloak|GaleWings|FlareBlitz,DualWingbeat,WillOWisp,Tailwind|||M|||50|,,,,,Fairy
|inactive|Battle timer is ON: inactive players will automatically lose when time's up. (requested by Gabros.010)
|inactive|Guiltypleasure06 has 60 seconds left.
|
|t:|1756206315
|teamsize|p1|4
|teamsize|p2|4
|start
|switch|p1a: Sneasler|Sneasler, L50, M|100/100
|switch|p1b: Dragonite|Dragonite, L50, F|100/100
|switch|p2a: Yung Beef|Sneasler, L50, M, shiny|100/100
|switch|p2b: Hoke|Indeedee, L50, M, shiny|100/100
|-fieldstart|move: Psychic Terrain|[from] ability: Psychic Surge|[of] p2b: Hoke
|-enditem|p2a: Yung Beef|Psychic Seed
|-boost|p2a: Yung Beef|spd|1|[from] item: Psychic Seed
|turn|1
|inactive|Guiltypleasure06 has 30 seconds left.
|inactive|Gabros.010 has 30 seconds left.
|inactive|Gabros.010 has 20 seconds left.
|
|t:|1756206353
|switch|p1a: Rillaboom|Rillaboom, L50, M|100/100
|-fieldstart|move: Grassy Terrain|[from] ability: Grassy Surge|[of] p1a: Rillaboom
|move|p2a: Yung Beef|Dire Claw|p1a: Rillaboom
|-supereffective|p1a: Rillaboom
|-damage|p1a: Rillaboom|9/100
|-status|p1a: Rillaboom|par
|move|p2b: Hoke|Expanding Force|p1b: Dragonite
|-damage|p1b: Dragonite|82/100
|move|p1b: Dragonite|Scale Shot|p2b: Hoke
|-damage|p2b: Hoke|69/100
|-damage|p2b: Hoke|38/100
|-damage|p2b: Hoke|5/100
|-damage|p2b: Hoke|0 fnt
|faint|p2b: Hoke
|-hitcount|p2: Hoke|4
|-unboost|p1b: Dragonite|def|1
|-boost|p1b: Dragonite|spe|1
|
|-heal|p1a: Rillaboom|15/100 par|[from] Grassy Terrain
|upkeep
|
|t:|1756206373
|switch|p2b: JC Reyes|Incineroar, L50, M, shiny|100/100
|-ability|p2b: JC Reyes|Intimidate|boost
|-unboost|p1a: Rillaboom|atk|1
|-unboost|p1b: Dragonite|atk|1
|turn|2
|
|t:|1756206388
|switch|p1a: Kingambit|Kingambit, L50, M, shiny|100/100
|move|p2b: JC Reyes|Fake Out|p1b: Dragonite
|-damage|p1b: Dragonite|63/100
|move|p2a: Yung Beef|Dire Claw|p1b: Dragonite
|-damage|p1b: Dragonite|0 fnt
|faint|p1b: Dragonite
|
|upkeep
|
|t:|1756206396
|switch|p1b: Sneasler|Sneasler, L50, M|100/100
|turn|3
|inactive|Guiltypleasure06 has 30 seconds left.
|inactive|Guiltypleasure06 has 20 seconds left.
|
|t:|1756206431
|move|p1a: Kingambit|Protect|p1a: Kingambit
|-singleturn|p1a: Kingambit|Protect
|move|p2a: Yung Beef|Dire Claw|p1b: Sneasler
|-resisted|p1b: Sneasler
|-damage|p1b: Sneasler|64/100
|move|p1b: Sneasler|Coaching|p1a: Kingambit
|-boost|p1a: Kingambit|atk|1
|-boost|p1a: Kingambit|def|1
|move|p2b: JC Reyes|Flare Blitz|p1a: Kingambit
|-activate|p1a: Kingambit|move: Protect
|
|-heal|p1b: Sneasler|70/100|[from] Grassy Terrain
|upkeep
|turn|4
|inactive|Guiltypleasure06 has 30 seconds left.
|
|t:|1756206462
|-terastallize|p1a: Kingambit|Dark
|move|p1a: Kingambit|Sucker Punch|p2a: Yung Beef
|-resisted|p2a: Yung Beef
|-damage|p2a: Yung Beef|21/100
|move|p2a: Yung Beef|Dire Claw|p1b: Sneasler
|-resisted|p1b: Sneasler
|-damage|p1b: Sneasler|27/100
|-status|p1b: Sneasler|slp
|cant|p1b: Sneasler|slp
|move|p2b: JC Reyes|Flare Blitz|p1a: Kingambit
|-damage|p1a: Kingambit|74/100
|-status|p1a: Kingambit|brn
|-damage|p2b: JC Reyes|91/100|[from] Recoil
|
|-heal|p2a: Yung Beef|27/100|[from] Grassy Terrain
|-heal|p1b: Sneasler|33/100 slp|[from] Grassy Terrain
|-heal|p2b: JC Reyes|97/100|[from] Grassy Terrain
|-heal|p1a: Kingambit|80/100 brn|[from] Grassy Terrain
|-damage|p1a: Kingambit|74/100 brn|[from] brn
|upkeep
|turn|5
|c|☆Guiltypleasure06|MAAAAN
|c|☆Guiltypleasure06|REALLY
|inactive|Guiltypleasure06 has 30 seconds left.
|inactive|Gabros.010 has 30 seconds left.
|c|☆Guiltypleasure06|3 STAT IN 3 ATTACKS
|inactive|Guiltypleasure06 has 20 seconds left.
|inactive|Guiltypleasure06 has 15 seconds left.
|
|t:|1756206505
|move|p1a: Kingambit|Sucker Punch|p2a: Yung Beef
|-resisted|p2a: Yung Beef
|-damage|p2a: Yung Beef|0 fnt
|faint|p2a: Yung Beef
|-curestatus|p1b: Sneasler|slp|[msg]
|move|p1b: Sneasler|Close Combat|p2b: JC Reyes
|-supereffective|p2b: JC Reyes
|-damage|p2b: JC Reyes|0 fnt
|-unboost|p1b: Sneasler|def|1
|-unboost|p1b: Sneasler|spd|1
|faint|p2b: JC Reyes
|
|-heal|p1b: Sneasler|39/100|[from] Grassy Terrain
|-heal|p1a: Kingambit|80/100 brn|[from] Grassy Terrain
|-damage|p1a: Kingambit|74/100 brn|[from] brn
|-fieldend|move: Grassy Terrain
|upkeep
|
|t:|1756206519
|switch|p2a: Quevedo|Ursaluna-Bloodmoon, L50, M|100/100
|turn|6
|c|☆Guiltypleasure06|JUSTICE
|
|t:|1756206533
|-terastallize|p2a: Quevedo|Normal
|move|p1a: Kingambit|Sucker Punch|p2a: Quevedo
|-damage|p2a: Quevedo|63/100
|move|p1b: Sneasler|Close Combat|p2a: Quevedo
|-supereffective|p2a: Quevedo
|-damage|p2a: Quevedo|0 fnt
|-unboost|p1b: Sneasler|def|1
|-unboost|p1b: Sneasler|spd|1
|faint|p2a: Quevedo
|
|win|Guiltypleasure06
||Gabros.010 is ready for game 2.
||Guiltypleasure06 is ready for game 2.
|uhtml|next|Next: Game 2 of 3
|l|☆Gabros.010
|player|p2|
