|j|☆PikaTROD
|j|☆NicoHax
|html|PikaTRODNicoHax    
|uhtml|bestof|Game 2 of a best-of-3
|t:|1755742308
|gametype|doubles
|player|p1|PikaTROD|2|1313
|player|p2|NicoHax|ethan|1193
|gen|9
|tier|[Gen 9] VGC 2025 Reg H (Bo3)
|rated|
|rule|Species Clause: Limit one of each Pokémon
|rule|Item Clause: Limit 1 of each item
|clearpoke
|poke|p1|Kingambit, L50, F|
|poke|p1|Primarina, L50, F|
|poke|p1|Sneasler, L50, M|
|poke|p1|Magmar, L50, F|
|poke|p1|Rillaboom, L50, M|
|poke|p1|Dragapult, L50, M|
|poke|p2|Sneasler, L50, M|
|poke|p2|Volcarona, L50, M|
|poke|p2|Baxcalibur, L50, F|
|poke|p2|Rillaboom, L50, M|
|poke|p2|Kingambit, L50, M|
|poke|p2|Dondozo, L50, M|
|teampreview|4
|showteam|p1|Kingambit||BlackGlasses|Defiant|KowtowCleave,SuckerPunch,SwordsDance,Protect|||F|||50|,,,,,Dark]Primarina||SitrusBerry|LiquidVoice|HyperVoice,Moonblast,Haze,Protect|||F|||50|,,,,,Poison]Sneasler||FocusSash|PoisonTouch|CloseCombat,DireClaw,FakeOut,Protect|||M|||50|,,,,,Ghost]Magmar||Eviolite|VitalSpirit|Overheat,WillOWisp,FollowMe,Protect|||F|||50|,,,,,Ghost]Rillaboom||AssaultVest|GrassySurge|WoodHammer,GrassyGlide,HighHorsepower,FakeOut|||M|||50|,,,,,Fire]Dragapult||ChoiceBand|ClearBody|DragonDarts,PhantomForce,Outrage,Uturn|||M|||50|,,,,,Dragon
|showteam|p2|Sneasler||FocusSash|Unburden|Protect,CloseCombat,DireClaw,Coaching|||M|||50|,,,,,Stellar]Volcarona||CovertCloak|FlameBody|QuiverDance,HeatWave,TeraBlast,Protect|||M|||50|,,,,,Fairy]Baxcalibur||LoadedDice|ThermalExchange|Protect,IceShard,ScaleShot,IcicleSpear|||F|||50|,,,,,Ghost]Rillaboom||AssaultVest|GrassySurge|WoodHammer,GrassyGlide,HighHorsepower,FakeOut|||M|||50|,,,,,Water]Kingambit||SafetyGoggles|Defiant|KowtowCleave,SuckerPunch,SwordsDance,Protect|||M|||50|,,,,,Ghost]Dondozo||Leftovers|Unaware|Protect,Yawn,Liquidation,Fissure|||M|||50|,,,,,Poison
|j| teamthief420
|
|t:|1755742344
|teamsize|p1|4
|teamsize|p2|4
|start
|switch|p1a: Magmar|Magmar, L50, F|100/100
|switch|p1b: Kingambit|Kingambit, L50, F|100/100
|switch|p2a: Laertes|Sneasler, L50, M|100/100
|switch|p2b: Carmy|Dondozo, L50, M|100/100
|turn|1
|
|t:|1755742396
|-terastallize|p1a: Magmar|Ghost
|move|p1b: Kingambit|Protect|p1b: Kingambit
|-singleturn|p1b: Kingambit|Protect
|move|p2a: Laertes|Coaching|p2b: Carmy
|-boost|p2b: Carmy|atk|1
|-boost|p2b: Carmy|def|1
|move|p1a: Magmar|Will-O-Wisp|p2a: Laertes|[miss]
|-miss|p1a: Magmar|p2a: Laertes
|move|p2b: Carmy|Liquidation|p1a: Magmar
|-damage|p1a: Magmar|66/100
|
|upkeep
|turn|2
|
|t:|1755742411
|move|p1a: Magmar|Follow Me|p1a: Magmar
|-singleturn|p1a: Magmar|move: Follow Me
|move|p2a: Laertes|Coaching|p2b: Carmy
|-boost|p2b: Carmy|atk|1
|-boost|p2b: Carmy|def|1
|move|p1b: Kingambit|Swords Dance|p1b: Kingambit
|-boost|p1b: Kingambit|atk|2
|move|p2b: Carmy|Liquidation|p1a: Magmar
|-damage|p1a: Magmar|19/100
|
|upkeep
|turn|3
|
|t:|1755742447
|move|p2a: Laertes|Dire Claw|p1a: Magmar
|-resisted|p1a: Magmar
|-damage|p1a: Magmar|3/100
|move|p1a: Magmar|Will-O-Wisp|p2b: Carmy
|-status|p2b: Carmy|brn
|move|p1b: Kingambit|Kowtow Cleave|p2a: Laertes
|-resisted|p2a: Laertes
|-damage|p2a: Laertes|14/100
|move|p2b: Carmy|Yawn|p1b: Kingambit
|-start|p1b: Kingambit|move: Yawn|[of] p2b: Carmy
|
|-damage|p2b: Carmy|94/100 brn|[from] brn
|upkeep
|turn|4
|
|t:|1755742508
|switch|p1a: Dragapult|Dragapult, L50, M|100/100
|move|p1b: Kingambit|Sucker Punch||[still]
|-fail|p1b: Kingambit
|move|p2a: Laertes|Coaching|p2b: Carmy
|-boost|p2b: Carmy|atk|1
|-boost|p2b: Carmy|def|1
|move|p2b: Carmy|Liquidation|p1a: Dragapult
|-resisted|p1a: Dragapult
|-damage|p1a: Dragapult|76/100
|
|-heal|p2b: Carmy|100/100 brn|[from] item: Leftovers
|-damage|p2b: Carmy|94/100 brn|[from] brn
|-end|p1b: Kingambit|move: Yawn|[silent]
|-status|p1b: Kingambit|slp
|upkeep
|turn|5
|
|t:|1755742531
|switch|p2a: Kaisen|Kingambit, L50, M|100/100
|move|p1a: Dragapult|Dragon Darts|p2a: Kaisen
|-resisted|p2a: Kaisen
|-damage|p2a: Kaisen|85/100
|-anim|p1a: Dragapult|Dragon Darts|p2b: Carmy
|-damage|p2b: Carmy|85/100 brn
|cant|p1b: Kingambit|slp
|move|p2b: Carmy|Liquidation|p1b: Kingambit
|-damage|p1b: Kingambit|72/100 slp
|
|-heal|p2b: Carmy|91/100 brn|[from] item: Leftovers
|-damage|p2b: Carmy|85/100 brn|[from] brn
|upkeep
|turn|6
|
|t:|1755742545
|switch|p1a: Magmar|Magmar, L50, F, tera:Ghost|3/100
|cant|p1b: Kingambit|slp
|move|p2a: Kaisen|Kowtow Cleave|p1a: Magmar
|-supereffective|p1a: Magmar
|-damage|p1a: Magmar|0 fnt
|faint|p1a: Magmar
|move|p2b: Carmy|Liquidation|p1b: Kingambit
|-damage|p1b: Kingambit|44/100 slp
|
|-heal|p2b: Carmy|91/100 brn|[from] item: Leftovers
|-damage|p2b: Carmy|85/100 brn|[from] brn
|upkeep
|
|t:|1755742554
|switch|p1a: Sneasler|Sneasler, L50, M|100/100
|turn|7
|
|t:|1755742562
|switch|p2a: Jonathan|Rillaboom, L50, M|100/100
|-fieldstart|move: Grassy Terrain|[from] ability: Grassy Surge|[of] p2a: Jonathan
|move|p1a: Sneasler|Fake Out|p2b: Carmy
|-damage|p2b: Carmy|81/100 brn
|cant|p1b: Kingambit|slp
|cant|p2b: Carmy|flinch
|
|-heal|p1b: Kingambit|50/100 slp|[from] Grassy Terrain
|-heal|p2b: Carmy|87/100 brn|[from] Grassy Terrain
|-heal|p2b: Carmy|93/100 brn|[from] item: Leftovers
|-damage|p2b: Carmy|87/100 brn|[from] brn
|upkeep
|turn|8
|
|t:|1755742581
|switch|p2a: Kaisen|Kingambit, L50, M|85/100
|move|p1a: Sneasler|Protect|p1a: Sneasler
|-singleturn|p1a: Sneasler|Protect
|-curestatus|p1b: Kingambit|slp|[msg]
|move|p1b: Kingambit|Kowtow Cleave|p2a: Kaisen
|-resisted|p2a: Kaisen
|-damage|p2a: Kaisen|41/100
|move|p2b: Carmy|Liquidation|p1a: Sneasler
|-activate|p1a: Sneasler|move: Protect
|
|-heal|p1b: Kingambit|56/100|[from] Grassy Terrain
|-heal|p2a: Kaisen|47/100|[from] Grassy Terrain
|-heal|p2b: Carmy|93/100 brn|[from] Grassy Terrain
|-heal|p2b: Carmy|99/100 brn|[from] item: Leftovers
|-damage|p2b: Carmy|93/100 brn|[from] brn
|upkeep
|turn|9
|
|t:|1755742627
|move|p2a: Kaisen|Protect|p2a: Kaisen
|-singleturn|p2a: Kaisen|Protect
|move|p1a: Sneasler|Close Combat|p2a: Kaisen
|-activate|p2a: Kaisen|move: Protect
|move|p1b: Kingambit|Kowtow Cleave|p2b: Carmy
|-damage|p2b: Carmy|79/100 brn
|move|p2b: Carmy|Yawn|p1b: Kingambit
|-start|p1b: Kingambit|move: Yawn|[of] p2b: Carmy
|
|-heal|p1b: Kingambit|62/100|[from] Grassy Terrain
|-heal|p2a: Kaisen|53/100|[from] Grassy Terrain
|-heal|p2b: Carmy|85/100 brn|[from] Grassy Terrain
|-heal|p2b: Carmy|92/100 brn|[from] item: Leftovers
|-damage|p2b: Carmy|85/100 brn|[from] brn
|upkeep
|turn|10
|
|t:|1755742641
|switch|p2a: Jonathan|Rillaboom, L50, M|100/100
|move|p1a: Sneasler|Close Combat|p2a: Jonathan
|-damage|p2a: Jonathan|41/100
|-unboost|p1a: Sneasler|def|1
|-unboost|p1a: Sneasler|spd|1
|move|p1b: Kingambit|Kowtow Cleave|p2a: Jonathan
|-damage|p2a: Jonathan|0 fnt
|faint|p2a: Jonathan
|move|p2b: Carmy|Liquidation|p1a: Sneasler
|-damage|p1a: Sneasler|31/100
|
|-heal|p1a: Sneasler|37/100|[from] Grassy Terrain
|-heal|p1b: Kingambit|68/100|[from] Grassy Terrain
|-heal|p2b: Carmy|92/100 brn|[from] Grassy Terrain
|-heal|p2b: Carmy|98/100 brn|[from] item: Leftovers
|-damage|p2b: Carmy|92/100 brn|[from] brn
|-end|p1b: Kingambit|move: Yawn|[silent]
|-status|p1b: Kingambit|slp
|upkeep
|
|t:|1755742656
|switch|p2a: Kaisen|Kingambit, L50, M|53/100
|turn|11
|
|t:|1755742668
|move|p1a: Sneasler|Protect|p1a: Sneasler
|-singleturn|p1a: Sneasler|Protect
|move|p2a: Kaisen|Sucker Punch||[still]
|-fail|p2a: Kaisen
|cant|p1b: Kingambit|slp
|move|p2b: Carmy|Liquidation|p1b: Kingambit
|-damage|p1b: Kingambit|39/100 slp
|
|-heal|p1a: Sneasler|43/100|[from] Grassy Terrain
|-heal|p1b: Kingambit|45/100 slp|[from] Grassy Terrain
|-heal|p2a: Kaisen|58/100|[from] Grassy Terrain
|-heal|p2b: Carmy|98/100 brn|[from] Grassy Terrain
|-heal|p2b: Carmy|100/100 brn|[from] item: Leftovers
|-damage|p2b: Carmy|94/100 brn|[from] brn
|-fieldend|move: Grassy Terrain
|upkeep
|turn|12
|
|t:|1755742681
|move|p2a: Kaisen|Sucker Punch|p1a: Sneasler
|-resisted|p1a: Sneasler
|-damage|p1a: Sneasler|0 fnt
|faint|p1a: Sneasler
|cant|p1b: Kingambit|slp
|move|p2b: Carmy|Liquidation|p1b: Kingambit
|-damage|p1b: Kingambit|19/100 slp
|
|-heal|p2b: Carmy|100/100 brn|[from] item: Leftovers
|-damage|p2b: Carmy|94/100 brn|[from] brn
|upkeep
|
|t:|1755742684
|switch|p1a: Dragapult|Dragapult, L50, M|76/100
|turn|13
|c|☆PikaTROD|gg
|c|☆NicoHax|gg
|
|t:|1755742693
|-curestatus|p1b: Kingambit|slp|[msg]
|move|p1b: Kingambit|Sucker Punch|p2a: Kaisen
|-resisted|p2a: Kaisen
|-damage|p2a: Kaisen|23/100
|move|p2a: Kaisen|Sucker Punch|p1a: Dragapult
|-supereffective|p1a: Dragapult
|-damage|p1a: Dragapult|0 fnt
|faint|p1a: Dragapult
|move|p2b: Carmy|Liquidation|p1b: Kingambit
|-damage|p1b: Kingambit|0 fnt
|faint|p1b: Kingambit
|
|win|NicoHax
|raw|PikaTROD's rating: 1313 → 1286(-27 for losing)
|raw|NicoHax's rating: 1193 → 1226(+33 for winning)
