|j|☆Danito0o
|j|☆cereales raton
|html|Danito0ocereales raton    
|uhtml|bestof|Game 2 of a best-of-3
|t:|1756897794
|gametype|doubles
|player|p1|Danito0o|102|1134
|player|p2|cereales raton|265|1085
|gen|9
|tier|[Gen 9] VGC 2025 Reg H (Bo3)
|rated|
|rule|Species Clause: Limit one of each Pokémon
|rule|Item Clause: Limit 1 of each item
|clearpoke
|poke|p1|Dragonite, L50, F|
|poke|p1|Gholdengo, L50|
|poke|p1|Annihilape, L50, F|
|poke|p1|Maushold-Four, L50|
|poke|p1|Rillaboom, L50, M|
|poke|p1|Ursaluna-Bloodmoon, L50, M|
|poke|p2|Dragonite, L50, M|
|poke|p2|Gholdengo, L50|
|poke|p2|Annihilape, L50, F|
|poke|p2|Ursaluna-Bloodmoon, L50, M|
|poke|p2|Maushold-Four, L50|
|poke|p2|Rillaboom, L50, F|
|teampreview|4
|showteam|p1|Dragonite||LoadedDice|Multiscale|ScaleShot,Tailwind,Protect,Haze|||F|||50|,,,,,Fairy]Gholdengo||LifeOrb|GoodasGold|MakeItRain,ShadowBall,Protect,NastyPlot||||||50|,,,,,Water]Annihilape||Leftovers|Defiant|RageFist,DrainPunch,Protect,BulkUp|||F|||50|,,,,,Fire]Maushold-Four||CovertCloak|FriendGuard|SuperFang,BeatUp,FollowMe,Protect||||||50|,,,,,Ghost]Rillaboom||MiracleSeed|GrassySurge|GrassyGlide,WoodHammer,FakeOut,HighHorsepower|||M|||50|,,,,,Fire]Ursaluna-Bloodmoon||AssaultVest|MindsEye|HyperVoice,BloodMoon,EarthPower,VacuumWave|||M|||50|,,,,,Water
|showteam|p2|Dragonite||LoadedDice|Multiscale|ScaleShot,Tailwind,Haze,Protect|||M|||50|,,,,,Fairy]Gholdengo||LifeOrb|GoodasGold|MakeItRain,ShadowBall,NastyPlot,Protect||||||50|,,,,,Water]Annihilape||SitrusBerry|Defiant|DrainPunch,RageFist,BulkUp,Protect|||F|||50|,,,,,Fire]Ursaluna-Bloodmoon||AssaultVest|MindsEye|BloodMoon,EarthPower,HyperVoice,VacuumWave|||M|||50|,,,,,Water]Maushold-Four||FocusSash|FriendGuard|SuperFang,BeatUp,FollowMe,Protect||||||50|,,,,,Ghost]Rillaboom||MiracleSeed|GrassySurge|WoodHammer,GrassyGlide,HighHorsepower,FakeOut|||F|||50|,,,,,Fire
|
|t:|1756897815
|teamsize|p1|4
|teamsize|p2|4
|start
|switch|p1a: Rillaboom|Rillaboom, L50, M|100/100
|switch|p1b: Gholdengo|Gholdengo, L50|100/100
|switch|p2a: Dragonite|Dragonite, L50, M|100/100
|switch|p2b: Ursaluna|Ursaluna-Bloodmoon, L50, M|100/100
|-fieldstart|move: Grassy Terrain|[from] ability: Grassy Surge|[of] p1a: Rillaboom
|turn|1
|inactive|Battle timer is ON: inactive players will automatically lose when time's up. (requested by cereales raton)
|inactive|Danito0o has 60 seconds left.
|
|t:|1756897848
|move|p1a: Rillaboom|Fake Out|p2a: Dragonite
|-damage|p2a: Dragonite|92/100
|cant|p2a: Dragonite|flinch
|move|p1b: Gholdengo|Nasty Plot|p1b: Gholdengo
|-boost|p1b: Gholdengo|spa|2
|move|p2b: Ursaluna|Earth Power|p1b: Gholdengo
|-supereffective|p1b: Gholdengo
|-damage|p1b: Gholdengo|0 fnt
|faint|p1b: Gholdengo
|
|upkeep
|
|t:|1756897859
|switch|p1b: Dragonite|Dragonite, L50, F|100/100
|turn|2
|
|t:|1756897885
|switch|p2b: Gholdengo|Gholdengo, L50|100/100
|-terastallize|p2a: Dragonite|Fairy
|move|p1b: Dragonite|Scale Shot|p2a: Dragonite
|-immune|p2a: Dragonite
|move|p2a: Dragonite|Tailwind|p2a: Dragonite
|-sidestart|p2: cereales raton|move: Tailwind
|move|p1a: Rillaboom|Wood Hammer|p2b: Gholdengo
|-resisted|p2b: Gholdengo
|-damage|p2b: Gholdengo|48/100
|-damage|p1a: Rillaboom|85/100|[from] Recoil
|
|-heal|p2b: Gholdengo|54/100|[from] Grassy Terrain
|-heal|p2a: Dragonite|98/100|[from] Grassy Terrain
|-heal|p1a: Rillaboom|91/100|[from] Grassy Terrain
|upkeep
|turn|3
|
|t:|1756897904
|move|p1b: Dragonite|Protect|p1b: Dragonite
|-singleturn|p1b: Dragonite|Protect
|move|p2b: Gholdengo|Make It Rain|p1b: Dragonite|[spread] p1a
|-activate|p1b: Dragonite|move: Protect
|-damage|p1a: Rillaboom|31/100
|-unboost|p2b: Gholdengo|spa|1
|-damage|p2b: Gholdengo|45/100|[from] item: Life Orb
|move|p2a: Dragonite|Scale Shot|p1a: Rillaboom
|-damage|p1a: Rillaboom|16/100
|-damage|p1a: Rillaboom|0 fnt
|faint|p1a: Rillaboom
|-hitcount|p1: Rillaboom|2
|-unboost|p2a: Dragonite|def|1
|-boost|p2a: Dragonite|spe|1
|
|-heal|p2a: Dragonite|100/100|[from] Grassy Terrain
|-heal|p2b: Gholdengo|51/100|[from] Grassy Terrain
|upkeep
|
|t:|1756897914
|switch|p1a: Ursaluna|Ursaluna-Bloodmoon, L50, M|100/100
|turn|4
|
|t:|1756897926
|move|p2a: Dragonite|Scale Shot|p1a: Ursaluna
|-damage|p1a: Ursaluna|90/100
|-damage|p1a: Ursaluna|79/100
|-damage|p1a: Ursaluna|68/100
|-damage|p1a: Ursaluna|58/100
|-hitcount|p1a: Ursaluna|4
|-unboost|p2a: Dragonite|def|1
|-boost|p2a: Dragonite|spe|1
|move|p2b: Gholdengo|Make It Rain|p1b: Dragonite|[spread] p1a,p1b
|-damage|p1a: Ursaluna|32/100
|-damage|p1b: Dragonite|81/100
|-unboost|p2b: Gholdengo|spa|1
|-damage|p2b: Gholdengo|41/100|[from] item: Life Orb
|move|p1b: Dragonite|Tailwind|p1b: Dragonite
|-sidestart|p1: Danito0o|move: Tailwind
|move|p1a: Ursaluna|Earth Power|p2b: Gholdengo
|-supereffective|p2b: Gholdengo
|-damage|p2b: Gholdengo|0 fnt
|faint|p2b: Gholdengo
|
|-heal|p1a: Ursaluna|38/100|[from] Grassy Terrain
|upkeep
|
|t:|1756897942
|switch|p2b: Ursaluna|Ursaluna-Bloodmoon, L50, M|100/100
|turn|5
|inactive|Danito0o has 30 seconds left.
|
|t:|1756897975
|move|p1b: Dragonite|Protect|p1b: Dragonite
|-singleturn|p1b: Dragonite|Protect
|move|p2a: Dragonite|Scale Shot|p1a: Ursaluna
|-damage|p1a: Ursaluna|27/100
|-damage|p1a: Ursaluna|16/100
|-damage|p1a: Ursaluna|4/100
|-damage|p1a: Ursaluna|0 fnt
|faint|p1a: Ursaluna
|-hitcount|p1: Ursaluna|4
|-unboost|p2a: Dragonite|def|1
|-boost|p2a: Dragonite|spe|1
|move|p2b: Ursaluna|Blood Moon|p1b: Dragonite
|-activate|p1b: Dragonite|move: Protect
|
|-sideend|p2: cereales raton|move: Tailwind
|-fieldend|move: Grassy Terrain
|upkeep
|turn|6
|
|t:|1756897983
|-terastallize|p1b: Dragonite|Fairy
|move|p2a: Dragonite|Scale Shot|p1b: Dragonite
|-immune|p1b: Dragonite
|move|p1b: Dragonite|Scale Shot|p2b: Ursaluna
|-damage|p2b: Ursaluna|90/100
|-damage|p2b: Ursaluna|80/100
|-damage|p2b: Ursaluna|69/100
|-damage|p2b: Ursaluna|58/100
|-damage|p2b: Ursaluna|48/100
|-hitcount|p2b: Ursaluna|5
|-unboost|p1b: Dragonite|def|1
|-boost|p1b: Dragonite|spe|1
|move|p2b: Ursaluna|Hyper Voice|p1b: Dragonite
|-damage|p1b: Dragonite|24/100
|
|upkeep
|turn|7
|
|t:|1756897996
|move|p1b: Dragonite|Scale Shot|p2b: Ursaluna
|-damage|p2b: Ursaluna|36/100
|-damage|p2b: Ursaluna|26/100
|-damage|p2b: Ursaluna|15/100
|-damage|p2b: Ursaluna|4/100
|-hitcount|p2b: Ursaluna|4
|-unboost|p1b: Dragonite|def|1
|-boost|p1b: Dragonite|spe|1
|move|p2a: Dragonite|Tailwind|p2a: Dragonite
|-sidestart|p2: cereales raton|move: Tailwind
|move|p2b: Ursaluna|Hyper Voice|p1b: Dragonite
|-damage|p1b: Dragonite|0 fnt
|faint|p1b: Dragonite
|
|win|cereales raton
|raw|Danito0o's rating: 1134 → 1105(-29 for losing)
|raw|cereales raton's rating: 1085 → 1116(+31 for winning)
|l|☆Danito0o
|player|p1|
