|j|☆ChrisJHall13
|j|☆the_frantic_franxx
|html|ChrisJHall13the_frantic_franxx    
|uhtml|bestof|Game 3 of a best-of-3
|t:|1784735255
|gametype|doubles
|player|p1|ChrisJHall13|1|1241
|player|p2|the_frantic_franxx|2|1292
|gen|9
|tier|[Gen 9 Champions] VGC 2026 Reg M-B (Bo3)
|rated|
|rule|Species Clause: Limit one of each Pokémon
|rule|Item Clause: Limit 1 of each item
|clearpoke
|poke|p1|Incineroar, L50, M|
|poke|p1|Ninetales-Alola, L50, F|
|poke|p1|Gengar, L50, M|
|poke|p1|Dragonite, L50, F|
|poke|p1|Snorlax, L50, F|
|poke|p1|Scrafty, L50, F|
|poke|p2|Froslass, L50, F|
|poke|p2|Dragonite, L50, F|
|poke|p2|Toxapex, L50, F|
|poke|p2|Sneasler, L50, M|
|poke|p2|Kingambit, L50, M|
|poke|p2|Blaziken, L50, M|
|teampreview|4
|showteam|p1|Incineroar||ShucaBerry|Intimidate|FakeOut,DarkestLariat,Protect,PartingShot|Careful||M|||50|]Ninetales-Alola||FocusSash|SnowWarning|Blizzard,Protect,Encore,Disable|Timid||F|||50|]Gengar||Gengarite|CursedBody|PerishSong,ShadowBall,Protect,SludgeBomb|Modest||M|||50|]Dragonite||LifeOrb|InnerFocus|DragonClaw,ExtremeSpeed,Protect,LowKick|Adamant||F|||50|]Snorlax||Leftovers|ThickFat|Yawn,Fissure,DoubleEdge,Protect|Relaxed||F|||50|]Scrafty||Scraftinite|Intimidate|CloseCombat,KnockOff,FakeOut,Protect|Adamant||F|||50|
|showteam|p2|Froslass||Froslassite|CursedBody|Blizzard,ShadowBall,AuroraVeil,Protect|Timid||F|||50|]Dragonite||LifeOrb|InnerFocus|DragonClaw,ExtremeSpeed,LowKick,Protect|Adamant||F|||50|]Toxapex||Leftovers|Regenerator|Infestation,Toxic,WideGuard,BanefulBunker|Bold||F|||50|]Sneasler||FocusSash|PoisonTouch|CloseCombat,PoisonJab,FakeOut,Protect|Jolly||M|||50|]Kingambit||BlackGlasses|Defiant|KowtowCleave,IronHead,SuckerPunch,Protect|Adamant||M|||50|]Blaziken||Blazikenite|SpeedBoost|CloseCombat,FlareBlitz,RockSlide,Protect|Adamant||M|||50|
|
|t:|1784735287
|teamsize|p1|4
|teamsize|p2|4
|start
|switch|p1a: Gengar|Gengar, L50, M|100/100
|switch|p1b: Snorlax|Snorlax, L50, F|100/100
|switch|p2a: Toxapex|Toxapex, L50, F|100/100
|switch|p2b: Blaziken|Blaziken, L50, M|100/100
|turn|1
|
|t:|1784735303
|switch|p2b: Froslass|Froslass, L50, F|100/100
|switch|p1b: Incineroar|Incineroar, L50, M|100/100
|-ability|p1b: Incineroar|Intimidate|boost
|-unboost|p2a: Toxapex|atk|1
|-unboost|p2b: Froslass|atk|1
|detailschange|p1a: Gengar|Gengar-Mega, L50, M
|-mega|p1a: Gengar|Gengar|Gengarite
|move|p1a: Gengar|Perish Song|p1a: Gengar
|-start|p1a: Gengar|perish3|[silent]
|-start|p1b: Incineroar|perish3|[silent]
|-start|p2a: Toxapex|perish3|[silent]
|-start|p2b: Froslass|perish3|[silent]
|-fieldactivate|move: Perish Song
|move|p2a: Toxapex|Toxic|p1b: Incineroar
|-status|p1b: Incineroar|tox
|
|-damage|p1b: Incineroar|94/100 tox|[from] psn
|-start|p1a: Gengar|perish3
|-start|p2b: Froslass|perish3
|-start|p1b: Incineroar|perish3
|-start|p2a: Toxapex|perish3
|upkeep
|turn|2
|
|t:|1784735319
|switch|p2b: Kingambit|Kingambit, L50, M|100/100
|move|p1a: Gengar|Protect|p1a: Gengar
|-singleturn|p1a: Gengar|Protect
|move|p1b: Incineroar|Parting Shot|p2b: Kingambit
|-unboost|p2b: Kingambit|atk|1
|-ability|p2b: Kingambit|Defiant|boost
|-boost|p2b: Kingambit|atk|2
|-unboost|p2b: Kingambit|spa|1
|-ability|p2b: Kingambit|Defiant|boost
|-boost|p2b: Kingambit|atk|2
|
|t:|1784735338
|switch|p1b: Scrafty|Scrafty, L50, F|100/100|[from] Parting Shot
|-ability|p1b: Scrafty|Intimidate|boost
|-unboost|p2a: Toxapex|atk|1
|-unboost|p2b: Kingambit|atk|1
|-ability|p2b: Kingambit|Defiant|boost
|-boost|p2b: Kingambit|atk|2
|move|p2a: Toxapex|Infestation|p1a: Gengar
|-activate|p1a: Gengar|move: Protect
|
|-start|p1a: Gengar|perish2
|-start|p2a: Toxapex|perish2
|upkeep
|turn|3
|
|t:|1784735353
|move|p2b: Kingambit|Protect|p2b: Kingambit
|-singleturn|p2b: Kingambit|Protect
|move|p1b: Scrafty|Fake Out|p2b: Kingambit
|-activate|p2b: Kingambit|move: Protect
|move|p1a: Gengar|Perish Song|p1a: Gengar
|-start|p1b: Scrafty|perish3|[silent]
|-start|p2b: Kingambit|perish3|[silent]
|-fieldactivate|move: Perish Song
|move|p2a: Toxapex|Infestation|p1b: Scrafty
|-damage|p1b: Scrafty|96/100
|-activate|p1b: Scrafty|move: Infestation|[of] p2a: Toxapex
|
|-damage|p1b: Scrafty|84/100|[from] move: Infestation|[partiallytrapped]
|-start|p1a: Gengar|perish1
|-start|p1b: Scrafty|perish3
|-start|p2b: Kingambit|perish3
|-start|p2a: Toxapex|perish1
|upkeep
|turn|4
|
|t:|1784735371
|switch|p1a: Snorlax|Snorlax, L50, F|100/100
|move|p2b: Kingambit|Sucker Punch|p1b: Scrafty
|-resisted|p1b: Scrafty|2
|-damage|p1b: Scrafty|50/100y
|move|p1b: Scrafty|Close Combat|p2b: Kingambit
|-supereffective|p2b: Kingambit|2
|-damage|p2b: Kingambit|0 fnt
|-unboost|p1b: Scrafty|def|1
|-unboost|p1b: Scrafty|spd|1
|faint|p2b: Kingambit
|move|p2a: Toxapex|Toxic|p1b: Scrafty
|-status|p1b: Scrafty|tox
|
|-damage|p1b: Scrafty|44/100 tox|[from] psn
|-damage|p1b: Scrafty|31/100 tox|[from] move: Infestation|[partiallytrapped]
|-start|p1b: Scrafty|perish2
|-start|p2a: Toxapex|perish0
|upkeep
|faint|p2a: Toxapex
|
|t:|1784735374
|switch|p2b: Blaziken|Blaziken, L50, M|100/100
|switch|p2a: Froslass|Froslass, L50, F|100/100
|turn|5
|
|t:|1784735392
|switch|p1b: Incineroar|Incineroar, L50, M|94/100 tox
|-ability|p1b: Incineroar|Intimidate|boost
|-unboost|p2a: Froslass|atk|1
|-unboost|p2b: Blaziken|atk|1
|detailschange|p2a: Froslass|Froslass-Mega, L50, F
|-mega|p2a: Froslass|Froslass|Froslassite
|-weather|Snowscape|[from] ability: Snow Warning|[of] p2a: Froslass
|move|p1a: Snorlax|Protect|p1a: Snorlax
|-singleturn|p1a: Snorlax|Protect
|move|p2a: Froslass|Blizzard|p1a: Snorlax|[spread] p1b
|-activate|p1a: Snorlax|move: Protect
|-resisted|p1b: Incineroar|1
|-damage|p1b: Incineroar|78/100 tox
|move|p2b: Blaziken|Close Combat|p1a: Snorlax
|-activate|p1a: Snorlax|move: Protect
|
|-weather|Snowscape|[upkeep]
|-damage|p1b: Incineroar|72/100 tox|[from] psn
|-ability|p2b: Blaziken|Speed Boost|boost
|-boost|p2b: Blaziken|spe|1
|upkeep
|turn|6
|
|t:|1784735421
|move|p1b: Incineroar|Fake Out|p2b: Blaziken
|-damage|p2b: Blaziken|84/100
|cant|p2b: Blaziken|flinch
|move|p2a: Froslass|Blizzard|p1a: Snorlax|[spread] p1a,p1b
|-resisted|p1b: Incineroar|1
|-damage|p1a: Snorlax|88/100
|-damage|p1b: Incineroar|56/100 tox
|move|p1a: Snorlax|Yawn|p2a: Froslass
|-start|p2a: Froslass|move: Yawn|[of] p1a: Snorlax
|
|-weather|Snowscape|[upkeep]
|-heal|p1a: Snorlax|94/100|[from] item: Leftovers
|-damage|p1b: Incineroar|44/100 tox|[from] psn
|-ability|p2b: Blaziken|Speed Boost|boost
|-boost|p2b: Blaziken|spe|1
|upkeep
|turn|7
|
|t:|1784735444
|move|p1a: Snorlax|Protect|p1a: Snorlax
|-singleturn|p1a: Snorlax|Protect
|move|p2b: Blaziken|Close Combat|p1b: Incineroar
|-supereffective|p1b: Incineroar|1
|-damage|p1b: Incineroar|0 fnt
|-unboost|p2b: Blaziken|def|1
|-unboost|p2b: Blaziken|spd|1
|faint|p1b: Incineroar
|move|p2a: Froslass|Aurora Veil|p2a: Froslass
|-sidestart|p2: the_frantic_franxx|move: Aurora Veil
|
|-weather|Snowscape|[upkeep]
|-heal|p1a: Snorlax|100/100|[from] item: Leftovers
|-end|p2a: Froslass|move: Yawn|[silent]
|-status|p2a: Froslass|slp
|-ability|p2b: Blaziken|Speed Boost|boost
|-boost|p2b: Blaziken|spe|1
|upkeep
|
|t:|1784735457
|switch|p1b: Gengar|Gengar-Mega, L50, M|100/100
|turn|8
|
|t:|1784735463
|switch|p1a: Scrafty|Scrafty, L50, F|31/100 tox
|-ability|p1a: Scrafty|Intimidate|boost
|-unboost|p2a: Froslass|atk|1
|-unboost|p2b: Blaziken|atk|1
|cant|p2a: Froslass|slp
|move|p2b: Blaziken|Flare Blitz|p1b: Gengar
|-damage|p1b: Gengar|60/100
|-damage|p2b: Blaziken|71/100|[from] Recoil
|move|p1b: Gengar|Perish Song|p1b: Gengar
|-start|p1a: Scrafty|perish3|[silent]
|-start|p1b: Gengar|perish3|[silent]
|-start|p2a: Froslass|perish3|[silent]
|-start|p2b: Blaziken|perish3|[silent]
|-fieldactivate|move: Perish Song
|
|-weather|Snowscape|[upkeep]
|-damage|p1a: Scrafty|26/100 tox|[from] psn
|-start|p2b: Blaziken|perish3
|-start|p2a: Froslass|perish3
|-start|p1b: Gengar|perish3
|-start|p1a: Scrafty|perish3
|-ability|p2b: Blaziken|Speed Boost|boost
|-boost|p2b: Blaziken|spe|1
|upkeep
|turn|9
|
|t:|1784735487
|switch|p1b: Snorlax|Snorlax, L50, F|100/100
|move|p1a: Scrafty|Fake Out|p2b: Blaziken
|-damage|p2b: Blaziken|56/100
|cant|p2b: Blaziken|flinch
|-curestatus|p2a: Froslass|slp|[msg]
|move|p2a: Froslass|Blizzard|p1b: Snorlax|[spread] p1a,p1b
|-damage|p1a: Scrafty|0 fnt
|-damage|p1b: Snorlax|89/100
|faint|p1a: Scrafty
|
|-weather|none
|-heal|p1b: Snorlax|95/100|[from] item: Leftovers
|-start|p2b: Blaziken|perish2
|-start|p2a: Froslass|perish2
|-ability|p2b: Blaziken|Speed Boost|boost
|-boost|p2b: Blaziken|spe|1
|upkeep
|
|t:|1784735502
|switch|p1a: Gengar|Gengar-Mega, L50, M|60/100
|turn|10
|-message|the_frantic_franxx forfeited.
|
|win|ChrisJHall13
|raw|ChrisJHall13's rating: 1241 → 1270(+29 for winning)
|raw|the_frantic_franxx's rating: 1292 → 1263(-29 for losing)
|l|☆the_frantic_franxx
|player|p2|
