|j|☆ToastedArt
|j|☆thedragonrush
|html|ToastedArtthedragonrush    
|uhtml|bestof|Game 2 of a best-of-3
|t:|1784503044
|gametype|doubles
|player|p1|ToastedArt|iris|1058
|player|p2|thedragonrush|rosa|1120
|gen|9
|tier|[Gen 9 Champions] VGC 2026 Reg M-B (Bo3)
|rated|
|rule|Species Clause: Limit one of each Pokémon
|rule|Item Clause: Limit 1 of each item
|clearpoke
|poke|p1|Falinks, L50, shiny|
|poke|p1|Incineroar, L50, F|
|poke|p1|Basculegion, L50, M|
|poke|p1|Sneasler, L50, F|
|poke|p1|Vanilluxe, L50, M, shiny|
|poke|p1|Dragonite, L50, F|
|poke|p2|Charizard, L50, F, shiny|
|poke|p2|Sneasler, L50, F|
|poke|p2|Incineroar, L50, M|
|poke|p2|Sinistcha-Masterpiece, L50|
|poke|p2|Garchomp, L50, M|
|poke|p2|Floette-Eternal, L50, F|
|teampreview|4
|showteam|p1|Falinks||Falinksite|Defiant|NoRetreat,CloseCombat,RockSlide,Protect|Adamant|||||50|]Incineroar||PasshoBerry|Intimidate|FlareBlitz,ThroatChop,FakeOut,PartingShot|Adamant||F|||50|]Basculegion||SitrusBerry|Adaptability|WaveCrash,LastRespects,AquaJet,Protect|Adamant||M|||50|]Sneasler||FocusSash|PoisonTouch|PoisonJab,CloseCombat,FakeOut,Coaching|Jolly||F|||50|]Vanilluxe||ChoiceScarf|SnowWarning|Blizzard,FreezeDry,IcyWind,SheerCold|Modest||M|||50|]Dragonite||LifeOrb|InnerFocus|DragonClaw,ExtremeSpeed,ThunderPunch,Tailwind|Adamant||F|||50|
|showteam|p2|Charizard||CharizarditeY|Blaze|HeatWave,WeatherBall,SolarBeam,Protect|Modest||F|||50|]Sneasler||WhiteHerb|Unburden|FakeOut,DireClaw,CloseCombat,Taunt|Adamant||F|||50|]Incineroar||SitrusBerry|Intimidate|FakeOut,PartingShot,ThroatChop,FlareBlitz|Careful||M|||50|]Sinistcha-Masterpiece||KasibBerry|Hospitality|RagePowder,MatchaGotcha,TrickRoom,Protect|Relaxed|||||50|]Garchomp||ChoiceScarf|SandVeil|RockSlide,StompingTantrum,Earthquake,DragonClaw|Adamant||M|||50|]Floette-Eternal||Floettite|FlowerVeil|Psychic,CalmMind,DazzlingGleam,Protect|Modest||F|||50|
|inactive|Battle timer is ON: inactive players will automatically lose when time's up. (requested by ToastedArt)
|
|t:|1784503068
|teamsize|p1|4
|teamsize|p2|4
|start
|switch|p1a: Basculegion|Basculegion, L50, M|100/100
|switch|p1b: Incineroar|Incineroar, L50, F|100/100
|switch|p2a: Floette|Floette-Eternal, L50, F|100/100
|switch|p2b: Incineroar|Incineroar, L50, M|100/100
|-ability|p2b: Incineroar|Intimidate|boost
|-unboost|p1a: Basculegion|atk|1
|-unboost|p1b: Incineroar|atk|1
|-ability|p1b: Incineroar|Intimidate|boost
|-unboost|p2a: Floette|atk|1
|-unboost|p2b: Incineroar|atk|1
|turn|1
|
|t:|1784503080
|switch|p2b: Sinistcha|Sinistcha-Masterpiece, L50|100/100
|detailschange|p2a: Floette|Floette-Mega, L50, F
|-mega|p2a: Floette|Floette|Floettite
|-ability|p2a: Floette|Fairy Aura
|move|p1b: Incineroar|Fake Out|p2a: Floette
|-damage|p2a: Floette|88/100
|cant|p2a: Floette|flinch
|move|p1a: Basculegion|Wave Crash|p2b: Sinistcha
|-resisted|p2b: Sinistcha|1
|-damage|p2b: Sinistcha|76/100
|-damage|p1a: Basculegion|93/100|[from] Recoil
|
|upkeep
|turn|2
|
|t:|1784503100
|switch|p2b: Incineroar|Incineroar, L50, M|100/100
|-ability|p2b: Incineroar|Intimidate|boost
|-unboost|p1a: Basculegion|atk|1
|-unboost|p1b: Incineroar|atk|1
|move|p1a: Basculegion|Protect|p1a: Basculegion
|-singleturn|p1a: Basculegion|Protect
|move|p2a: Floette|Dazzling Gleam|p1a: Basculegion|[spread] p1b
|-activate|p1a: Basculegion|move: Protect
|-damage|p1b: Incineroar|55/100
|move|p1b: Incineroar|Parting Shot|p2a: Floette
|-unboost|p2a: Floette|atk|1
|-unboost|p2a: Floette|spa|1
|
|t:|1784503111
|switch|p1b: Vanilluxe|Vanilluxe, L50, M, shiny|100/100|[from] Parting Shot
|-weather|Snowscape|[from] ability: Snow Warning|[of] p1b: Vanilluxe
|
|-weather|Snowscape|[upkeep]
|upkeep
|turn|3
|
|t:|1784503121
|switch|p1a: Incineroar|Incineroar, L50, F|55/100
|-ability|p1a: Incineroar|Intimidate|boost
|-unboost|p2a: Floette|atk|1
|-unboost|p2b: Incineroar|atk|1
|move|p1b: Vanilluxe|Sheer Cold|p2a: Floette|[miss]
|-miss|p1b: Vanilluxe|p2a: Floette
|move|p2a: Floette|Calm Mind|p2a: Floette
|-boost|p2a: Floette|spa|1
|-boost|p2a: Floette|spd|1
|move|p2b: Incineroar|Flare Blitz|p1b: Vanilluxe
|-supereffective|p1b: Vanilluxe|1
|-damage|p1b: Vanilluxe|47/100
|-damage|p2b: Incineroar|87/100|[from] Recoil
|
|-weather|Snowscape|[upkeep]
|upkeep
|turn|4
|
|t:|1784503141
|move|p1a: Incineroar|Fake Out|p2b: Incineroar
|-damage|p2b: Incineroar|74/100
|move|p1b: Vanilluxe|Sheer Cold|p2b: Incineroar|[miss]
|-miss|p1b: Vanilluxe|p2b: Incineroar
|move|p2a: Floette|Calm Mind|p2a: Floette
|-boost|p2a: Floette|spa|1
|-boost|p2a: Floette|spd|1
|cant|p2b: Incineroar|flinch
|
|-weather|Snowscape|[upkeep]
|upkeep
|turn|5
|
|t:|1784503154
|move|p2a: Floette|Protect|p2a: Floette
|-singleturn|p2a: Floette|Protect
|move|p1b: Vanilluxe|Sheer Cold|p2a: Floette
|-activate|p2a: Floette|move: Protect
|move|p2b: Incineroar|Flare Blitz|p1b: Vanilluxe
|-supereffective|p1b: Vanilluxe|1
|-damage|p1b: Vanilluxe|0 fnt
|faint|p1b: Vanilluxe
|-damage|p2b: Incineroar|63/100|[from] Recoil
|move|p1a: Incineroar|Parting Shot|p2a: Floette
|-activate|p2a: Floette|move: Protect
|
|-weather|Snowscape|[upkeep]
|upkeep
|-message|ToastedArt forfeited.
|
|win|thedragonrush
