|j|☆iamtay
|j|☆jaybee394
|html|iamtayjaybee394    
|uhtml|bestof|Game 2 of a best-of-3
|t:|1784410312
|gametype|doubles
|player|p1|iamtay|1|
|player|p2|jaybee394|170|
|gen|9
|tier|[Gen 9 Champions] VGC 2026 Reg M-B (Bo3)
|rule|Species Clause: Limit one of each Pokémon
|rule|Item Clause: Limit 1 of each item
|clearpoke
|poke|p1|Incineroar, L50, M|
|poke|p1|Gengar, L50, F|
|poke|p1|Politoed, L50, F|
|poke|p1|Archaludon, L50, F|
|poke|p1|Vivillon, L50, F|
|poke|p1|Swampert, L50, M|
|poke|p2|Delphox, L50, M|
|poke|p2|Whimsicott, L50, M|
|poke|p2|Garchomp, L50, F|
|poke|p2|Sinistcha, L50|
|poke|p2|Staraptor, L50, M|
|poke|p2|Maushold-Four, L50|
|teampreview|4
|showteam|p1|Incineroar||PasshoBerry|Intimidate|DarkestLariat,PartingShot,FakeOut,Protect|Careful||M|||50|]Gengar||Gengarite|CursedBody|ShadowBall,PerishSong,Protect,SludgeBomb|Modest||F|||50|]Politoed||SitrusBerry|Drizzle|WeatherBall,PerishSong,Encore,Protect|Calm||F|||50|]Archaludon||Leftovers|Stamina|DragonPulse,ElectroShot,FlashCannon,Protect|Calm||F|||50|]Vivillon||FocusSash|CompoundEyes|SleepPowder,Hurricane,RagePowder,Protect|Timid||F|||50|]Swampert||Swampertite|Torrent|WaveCrash,Earthquake,FlipTurn,Protect|Adamant||M|||50|
|showteam|p2|Delphox||Delphoxite|Blaze|HeatWave,Psychic,Substitute,Protect|Timid||M|||50|]Whimsicott||FocusSash|Prankster|Moonblast,Tailwind,FakeTears,SunnyDay|Timid||M|||50|]Garchomp||LifeOrb|RoughSkin|DragonClaw,Earthquake,RockSlide,Protect|Adamant||F|||50|]Sinistcha||CobaBerry|Hospitality|MatchaGotcha,RagePowder,TrickRoom,StrengthSap|Bold|||||50|]Staraptor||Staraptite|Intimidate|CloseCombat,BraveBird,Roost,Protect|Jolly||M|||50|]Maushold-Four||ChopleBerry|FriendGuard|SuperFang,FollowMe,Charm,Protect|Timid|||||50|
|inactive|Battle timer is ON: inactive players will automatically lose when time's up. (requested by iamtay)
|inactive|iamtay has 60 seconds left.
|inactive|jaybee394 has 60 seconds left.
|inactive|jaybee394 has 30 seconds left.
|
|t:|1784410375
|teamsize|p1|4
|teamsize|p2|4
|start
|switch|p1a: Incineroar|Incineroar, L50, M|100/100
|switch|p1b: Swampert|Swampert, L50, M|100/100
|switch|p2a: Staraptor|Staraptor, L50, M|100/100
|switch|p2b: Maushold|Maushold-Four, L50|100/100
|-ability|p2a: Staraptor|Intimidate|boost
|-unboost|p1a: Incineroar|atk|1
|-unboost|p1b: Swampert|atk|1
|-ability|p1a: Incineroar|Intimidate|boost
|-unboost|p2a: Staraptor|atk|1
|-unboost|p2b: Maushold|atk|1
|turn|1
|inactive|iamtay has 30 seconds left.
|inactive|jaybee394 has 30 seconds left.
|inactive|iamtay has 20 seconds left.
|inactive|iamtay has 15 seconds left.
|inactive|iamtay has 10 seconds left.
|inactive|iamtay has 5 seconds left.
|
|t:|1784410427
|switch|p1a: Politoed|Politoed, L50, F|100/100
|-weather|RainDance|[from] ability: Drizzle|[of] p1a: Politoed
|detailschange|p2a: Staraptor|Staraptor-Mega, L50, M
|-mega|p2a: Staraptor|Staraptor|Staraptite
|detailschange|p1b: Swampert|Swampert-Mega, L50, M
|-mega|p1b: Swampert|Swampert|Swampertite
|move|p2b: Maushold|Protect|p2b: Maushold
|-singleturn|p2b: Maushold|Protect
|move|p2a: Staraptor|Protect|p2a: Staraptor
|-singleturn|p2a: Staraptor|Protect
|move|p1b: Swampert|Wave Crash|p2a: Staraptor
|-activate|p2a: Staraptor|move: Protect
|
|-weather|RainDance|[upkeep]
|upkeep
|turn|2
|inactive|iamtay has 30 seconds left.
|inactive|jaybee394 has 30 seconds left.
|inactive|iamtay has 20 seconds left.
|inactive|jaybee394 has 20 seconds left.
|
|t:|1784410465
|move|p2b: Maushold|Follow Me|p2b: Maushold
|-singleturn|p2b: Maushold|move: Follow Me
|move|p1b: Swampert|Flip Turn|p2b: Maushold
|-damage|p2b: Maushold|51/100
|
|t:|1784410470
|switch|p1b: Vivillon|Vivillon, L50, F|100/100|[from] Flip Turn
|move|p2a: Staraptor|Close Combat|p1a: Politoed
|-damage|p1a: Politoed|64/100
|-boost|p2a: Staraptor|def|1
|-boost|p2a: Staraptor|spd|1
|move|p1a: Politoed|Weather Ball|p2b: Maushold
|-damage|p2b: Maushold|0 fnt
|faint|p2b: Maushold
|
|-weather|RainDance|[upkeep]
|upkeep
|
|t:|1784410486
|switch|p2b: Whimsicott|Whimsicott, L50, M|100/100
|turn|3
|inactive|iamtay has 30 seconds left.
|inactive|jaybee394 has 30 seconds left.
|
|t:|1784410520
|move|p1a: Politoed|Protect|p1a: Politoed
|-singleturn|p1a: Politoed|Protect
|move|p2a: Staraptor|Close Combat|p1b: Vivillon
|-resisted|p1b: Vivillon|2
|-damage|p1b: Vivillon|80/100
|-boost|p2a: Staraptor|def|1
|-boost|p2a: Staraptor|spd|1
|move|p2b: Whimsicott|Moonblast|p1b: Vivillon
|-damage|p1b: Vivillon|16/100
|move|p1b: Vivillon|Sleep Powder|p2a: Staraptor
|-status|p2a: Staraptor|slp|[from] move: Sleep Powder
|
|-weather|RainDance|[upkeep]
|upkeep
|turn|4
|inactive|iamtay has 30 seconds left.
|inactive|jaybee394 has 30 seconds left.
|
|t:|1784410554
|switch|p1b: Incineroar|Incineroar, L50, M|100/100
|-ability|p1b: Incineroar|Intimidate|boost
|-boost|p2a: Staraptor|atk|1
|-unboost|p2b: Whimsicott|atk|1
|move|p2b: Whimsicott|Fake Tears|p2a: Staraptor
|-boost|p2a: Staraptor|spd|2
|cant|p2a: Staraptor|slp
|move|p1a: Politoed|Weather Ball|p2b: Whimsicott
|-resisted|p2b: Whimsicott|1
|-damage|p2b: Whimsicott|60/100
|
|-weather|RainDance|[upkeep]
|upkeep
|turn|5
|inactive|jaybee394 has 30 seconds left.
|inactive|jaybee394 has 20 seconds left.
|inactive|jaybee394 has 15 seconds left.
|
|t:|1784410595
|move|p1b: Incineroar|Fake Out|p2a: Staraptor
|-damage|p2a: Staraptor|94/100 slp
|move|p2b: Whimsicott|Sunny Day|p2b: Whimsicott
|-weather|SunnyDay
|cant|p2a: Staraptor|slp
|move|p1a: Politoed|Perish Song|p1a: Politoed
|-start|p1a: Politoed|perish3|[silent]
|-start|p1b: Incineroar|perish3|[silent]
|-start|p2a: Staraptor|perish3|[silent]
|-start|p2b: Whimsicott|perish3|[silent]
|-fieldactivate|move: Perish Song
|
|-weather|SunnyDay|[upkeep]
|-start|p2a: Staraptor|perish3
|-start|p2b: Whimsicott|perish3
|-start|p1a: Politoed|perish3
|-start|p1b: Incineroar|perish3
|upkeep
|turn|6
|inactive|jaybee394 has 30 seconds left.
|inactive|jaybee394 has 20 seconds left.
|
|t:|1784410632
|switch|p2b: Sinistcha|Sinistcha, L50|100/100
|-heal|p2a: Staraptor|100/100 slp|[from] ability: Hospitality|[of] p2b: Sinistcha
|-curestatus|p2a: Staraptor|slp|[msg]
|move|p2a: Staraptor|Close Combat|p1b: Incineroar
|-supereffective|p1b: Incineroar|1
|-damage|p1b: Incineroar|0 fnt
|-boost|p2a: Staraptor|def|1
|-boost|p2a: Staraptor|spd|1
|faint|p1b: Incineroar
|move|p1a: Politoed|Weather Ball|p2b: Sinistcha
|-supereffective|p2b: Sinistcha|1
|-damage|p2b: Sinistcha|33/100
|
|-weather|SunnyDay|[upkeep]
|-start|p2a: Staraptor|perish2
|-start|p1a: Politoed|perish2
|upkeep
|
|t:|1784410647
|switch|p1b: Vivillon|Vivillon, L50, F|16/100
|turn|7
|inactive|iamtay has 30 seconds left.
|inactive|jaybee394 has 30 seconds left.
|
|t:|1784410675
|switch|p1a: Swampert|Swampert-Mega, L50, M|100/100
|move|p2a: Staraptor|Brave Bird|p1b: Vivillon
|-supereffective|p1b: Vivillon|1
|-damage|p1b: Vivillon|0 fnt
|faint|p1b: Vivillon
|-damage|p2a: Staraptor|95/100|[from] Recoil
|move|p2b: Sinistcha|Matcha Gotcha|p1a: Swampert
|-supereffective|p1a: Swampert|2
|-damage|p1a: Swampert|0 fnt
|-heal|p2b: Sinistcha|83/100|[from] drain|[of] p1a: Swampert
|faint|p1a: Swampert
|
|-weather|SunnyDay|[upkeep]
|-start|p2a: Staraptor|perish1
|upkeep
|
|t:|1784410681
|switch|p1b: Politoed|Politoed, L50, F|64/100
|-weather|RainDance|[from] ability: Drizzle|[of] p1b: Politoed
|turn|8
|
|t:|1784410701
|switch|p2a: Whimsicott|Whimsicott, L50, M|60/100
|move|p1b: Politoed|Weather Ball|p2a: Whimsicott
|-resisted|p2a: Whimsicott|1
|-damage|p2a: Whimsicott|19/100
|move|p2b: Sinistcha|Matcha Gotcha|p1b: Politoed
|-supereffective|p1b: Politoed|1
|-crit|p1b: Politoed
|-damage|p1b: Politoed|0 fnt
|-heal|p2b: Sinistcha|100/100|[from] drain|[of] p1b: Politoed
|faint|p1b: Politoed
|
|win|jaybee394
||iamtay is ready for game 3.
|inactive|jaybee394 has 30 seconds to confirm battle start!
||jaybee394 is ready for game 3.
|uhtml|next|Next: Game 3 of 3
|l|☆iamtay
|player|p1|
|l|☆jaybee394
|player|p2|
|j|☆jaybee394
|player|p2|jaybee394|170|
