|j|☆BigE3L
|j|☆ant at work
|html|BigE3Lant at work    
|uhtml|bestof|Game 1 of a best-of-3
|t:|1756412722
|gametype|doubles
|player|p1|BigE3L|gambler|1243
|player|p2|ant at work|266|1141
|gen|9
|tier|[Gen 9] VGC 2025 Reg H (Bo3)
|rated|
|rule|Species Clause: Limit one of each Pokémon
|rule|Item Clause: Limit 1 of each item
|clearpoke
|poke|p1|Torkoal, L50, M|
|poke|p1|Porygon2, L50|
|poke|p1|Ursaluna, L50, F|
|poke|p1|Rillaboom, L50, F|
|poke|p1|Lilligant-Hisui, L50, F|
|poke|p1|Ninetales, L50, M|
|poke|p2|Rillaboom, L50, F|
|poke|p2|Sneasler, L50, F|
|poke|p2|Dragonite, L50, M|
|poke|p2|Kingambit, L50, F|
|poke|p2|Primarina, L50, F|
|poke|p2|Electabuzz, L50, F|
|teampreview|4
|showteam|p1|Torkoal||Charcoal|Drought|Eruption,EarthPower,HeatWave,Protect|||M|||50|,,,,,Grass]Porygon2||Eviolite|Download|TrickRoom,Recover,TeraBlast,IceBeam||||||50|,,,,,Grass]Ursaluna||FlameOrb|Guts|Facade,HeadlongRush,Earthquake,Protect|||F|||50|,,,,,Ghost]Rillaboom||AssaultVest|GrassySurge|FakeOut,GrassyGlide,WoodHammer,HighHorsepower|||F|||50|,,,,,Fire]Lilligant-Hisui||FocusSash|Chlorophyll|Protect,CloseCombat,AfterYou,LeafBlade|||F|||50|,,,,,Ghost]Ninetales||CovertCloak|Drought|SunnyDay,WeatherBall,Protect,SolarBeam|||M|||50|,,,,,Grass
|showteam|p2|Rillaboom||AssaultVest|GrassySurge|FakeOut,GrassyGlide,WoodHammer,StompingTantrum|||F|||50|,,,,,Fire]Sneasler||FocusSash|Unburden|DireClaw,CloseCombat,Coaching,Protect|||F|||50|,,,,,Stellar]Dragonite||LoadedDice|Multiscale|ScaleShot,Protect,Tailwind,StompingTantrum|||M|||50|,,,,,Fairy]Kingambit||SafetyGoggles|Defiant|KowtowCleave,SuckerPunch,SwordsDance,Protect|||F|||50|,,,,,Dark]Primarina||ThroatSpray|LiquidVoice|HyperVoice,DazzlingGleam,Protect,Moonblast|||F|||50|,,,,,Water]Electabuzz||Eviolite|VitalSpirit|FollowMe,Taunt,Electroweb,Protect|||F|||50|,,,,,Dark
|
|t:|1756412740
|teamsize|p1|4
|teamsize|p2|4
|start
|switch|p1a: Porygon2|Porygon2, L50|100/100
|switch|p1b: Rillaboom|Rillaboom, L50, F|100/100
|switch|p2a: Sneasler|Sneasler, L50, F|100/100
|switch|p2b: Dragonite|Dragonite, L50, M|100/100
|-fieldstart|move: Grassy Terrain|[from] ability: Grassy Surge|[of] p1b: Rillaboom
|-ability|p1a: Porygon2|Download|boost
|-boost|p1a: Porygon2|atk|1
|turn|1
|inactive|Battle timer is ON: inactive players will automatically lose when time's up. (requested by BigE3L)
|
|t:|1756412767
|move|p1b: Rillaboom|Fake Out|p2a: Sneasler
|-damage|p2a: Sneasler|76/100
|cant|p2a: Sneasler|flinch
|move|p2b: Dragonite|Scale Shot|p1b: Rillaboom
|-crit|p1b: Rillaboom
|-damage|p1b: Rillaboom|82/100
|-damage|p1b: Rillaboom|68/100
|-damage|p1b: Rillaboom|56/100
|-damage|p1b: Rillaboom|43/100
|-damage|p1b: Rillaboom|29/100
|-hitcount|p1b: Rillaboom|5
|-unboost|p2b: Dragonite|def|1
|-boost|p2b: Dragonite|spe|1
|move|p1a: Porygon2|Trick Room|p1a: Porygon2
|-fieldstart|move: Trick Room|[of] p1a: Porygon2
|
|-heal|p1b: Rillaboom|35/100|[from] Grassy Terrain
|-heal|p2a: Sneasler|82/100|[from] Grassy Terrain
|upkeep
|turn|2
|inactive|ant at work has 30 seconds left.
|inactive|ant at work has 20 seconds left.
|
|t:|1756412804
|move|p2b: Dragonite|Protect|p2b: Dragonite
|-singleturn|p2b: Dragonite|Protect
|move|p1a: Porygon2|Ice Beam|p2b: Dragonite
|-activate|p2b: Dragonite|move: Protect
|move|p1b: Rillaboom|High Horsepower|p2a: Sneasler
|-supereffective|p2a: Sneasler
|-damage|p2a: Sneasler|0 fnt
|faint|p2a: Sneasler
|
|-heal|p1b: Rillaboom|41/100|[from] Grassy Terrain
|upkeep
|
|t:|1756412811
|switch|p2a: Kingambit|Kingambit, L50, F|100/100
|turn|3
|
|t:|1756412828
|switch|p1b: Ursaluna|Ursaluna, L50, F|100/100
|-terastallize|p2a: Kingambit|Dark
|move|p1a: Porygon2|Ice Beam|p2b: Dragonite
|-supereffective|p2b: Dragonite
|-damage|p2b: Dragonite|54/100
|move|p2a: Kingambit|Kowtow Cleave|p1b: Ursaluna
|-damage|p1b: Ursaluna|56/100
|move|p2b: Dragonite|Scale Shot|p1a: Porygon2
|-damage|p1a: Porygon2|93/100
|-damage|p1a: Porygon2|84/100
|-damage|p1a: Porygon2|76/100
|-damage|p1a: Porygon2|68/100
|-hitcount|p1a: Porygon2|4
|-unboost|p2b: Dragonite|def|1
|-boost|p2b: Dragonite|spe|1
|
|-heal|p1b: Ursaluna|62/100|[from] Grassy Terrain
|-heal|p1a: Porygon2|74/100|[from] Grassy Terrain
|-status|p1b: Ursaluna|brn|[from] item: Flame Orb
|upkeep
|turn|4
|
|t:|1756412852
|switch|p2a: Primarina|Primarina, L50, F|100/100
|move|p2b: Dragonite|Protect|p2b: Dragonite
|-singleturn|p2b: Dragonite|Protect
|move|p1b: Ursaluna|Facade|p2a: Primarina
|-damage|p2a: Primarina|0 fnt
|faint|p2a: Primarina
|move|p1a: Porygon2|Ice Beam|p2b: Dragonite
|-activate|p2b: Dragonite|move: Protect
|
|-heal|p1b: Ursaluna|68/100 brn|[from] Grassy Terrain
|-heal|p1a: Porygon2|80/100|[from] Grassy Terrain
|-damage|p1b: Ursaluna|62/100 brn|[from] brn
|upkeep
|
|t:|1756412856
|switch|p2a: Kingambit|Kingambit, L50, F, tera:Dark|100/100
|turn|5
|
|t:|1756412878
|move|p2a: Kingambit|Protect|p2a: Kingambit
|-singleturn|p2a: Kingambit|Protect
|move|p1b: Ursaluna|Facade|p2b: Dragonite
|-damage|p2b: Dragonite|0 fnt
|faint|p2b: Dragonite
|move|p1a: Porygon2|Recover|p1a: Porygon2
|-heal|p1a: Porygon2|100/100
|
|-heal|p1b: Ursaluna|68/100 brn|[from] Grassy Terrain
|-damage|p1b: Ursaluna|62/100 brn|[from] brn
|-fieldend|move: Trick Room
|-fieldend|move: Grassy Terrain
|upkeep
|turn|6
|
|t:|1756412889
|move|p2a: Kingambit|Kowtow Cleave|p1b: Ursaluna
|-damage|p1b: Ursaluna|18/100 brn
|move|p1b: Ursaluna|Facade|p2a: Kingambit
|-damage|p2a: Kingambit|8/100
|move|p1a: Porygon2|Trick Room|p1a: Porygon2
|-fieldstart|move: Trick Room|[of] p1a: Porygon2
|
|-damage|p1b: Ursaluna|12/100 brn|[from] brn
|upkeep
|turn|7
|
|t:|1756412897
|move|p2a: Kingambit|Sucker Punch|p1b: Ursaluna
|-damage|p1b: Ursaluna|0 fnt
|faint|p1b: Ursaluna
|move|p1a: Porygon2|Tera Blast|p2a: Kingambit
|-damage|p2a: Kingambit|0 fnt
|faint|p2a: Kingambit
|
|win|BigE3L
||ant at work is ready for game 2.
||BigE3L is ready for game 2.
|uhtml|next|Next: Game 2 of 3
