|j|‽shynessvgc
|j|☆kattathy
|html|shynessvgckattathy    
|uhtml|bestof|Game 2 of a best-of-3
|t:|1756858809
|gametype|doubles
|player|p1|shynessvgc|dawn|1091
|player|p2|kattathy|elesa|1085
|gen|9
|tier|[Gen 9] VGC 2025 Reg H (Bo3)
|rated|
|rule|Species Clause: Limit one of each Pokémon
|rule|Item Clause: Limit 1 of each item
|clearpoke
|poke|p1|Porygon2, L50|
|poke|p1|Ursaluna, L50, F|
|poke|p1|Amoonguss, L50, F|
|poke|p1|Incineroar, L50, F|
|poke|p1|Gholdengo, L50|
|poke|p1|Hydreigon, L50, F|
|poke|p2|Ceruledge, L50, M|
|poke|p2|Kingambit, L50, F|
|poke|p2|Sneasler, L50, M|
|poke|p2|Rillaboom, L50, F|
|poke|p2|Ninetales-Alola, L50, F|
|poke|p2|Dragonite, L50, M|
|teampreview|4
|showteam|p1|Porygon2||Eviolite|Download|TeraBlast,IceBeam,TrickRoom,Recover||||||50|,,,,,Fighting]Ursaluna||FlameOrb|Guts|Protect,HeadlongRush,Facade,Earthquake|||F|||50|,,,,,Ghost]Amoonguss||CovertCloak|Regenerator|ClearSmog,RagePowder,PollenPuff,Spore|||F|||50|,,,,,Fairy]Incineroar||SitrusBerry|Intimidate|FlareBlitz,KnockOff,PartingShot,FakeOut|||F|||50|,,,,,Ghost]Gholdengo||LifeOrb|GoodasGold|Protect,NastyPlot,MakeItRain,ShadowBall||||||50|,,,,,Water]Hydreigon||SafetyGoggles|Levitate|Protect,DracoMeteor,Snarl,Tailwind|||F|||50|,,,,,Ghost
|showteam|p2|Ceruledge||AssaultVest|FlashFire|BitterBlade,CloseCombat,Poltergeist,ShadowSneak|||M|||50|,,,,,Grass]Kingambit||SafetyGoggles|Defiant|SuckerPunch,Protect,KowtowCleave,SwordsDance|||F|||50|,,,,,Dark]Sneasler||FocusSash|Unburden|CloseCombat,DireClaw,Protect,Coaching|||M|||50|,,,,,Flying]Rillaboom||MiracleSeed|GrassySurge|HighHorsepower,WoodHammer,FakeOut,GrassyGlide|||F|||50|,,,,,Fire]Ninetales-Alola||LightClay|SnowWarning|Blizzard,AuroraVeil,Encore,Protect|||F|||50|,,,,,Ghost]Dragonite||LoadedDice|Multiscale|Tailwind,Haze,Protect,ScaleShot|||M|||50|,,,,,Fairy
|
|t:|1756858862
|teamsize|p1|4
|teamsize|p2|4
|start
|switch|p1a: Amoonguss|Amoonguss, L50, F|100/100
|switch|p1b: Gholdengo|Gholdengo, L50|100/100
|switch|p2a: Sneasler|Sneasler, L50, M|100/100
|switch|p2b: Dragonite|Dragonite, L50, M|100/100
|turn|1
|
|t:|1756858883
|switch|p2a: Kingambit|Kingambit, L50, F|100/100
|move|p1b: Gholdengo|Nasty Plot|p1b: Gholdengo
|-boost|p1b: Gholdengo|spa|2
|move|p2b: Dragonite|Tailwind|p2b: Dragonite
|-sidestart|p2: kattathy|move: Tailwind
|move|p1a: Amoonguss|Spore|p2b: Dragonite
|-status|p2b: Dragonite|slp|[from] move: Spore
|
|upkeep
|turn|2
|
|t:|1756858947
|switch|p2b: Sneasler|Sneasler, L50, M|100/100
|switch|p1a: Hydreigon|Hydreigon, L50, F|100/100
|-terastallize|p1b: Gholdengo|Water
|move|p2a: Kingambit|Kowtow Cleave|p1b: Gholdengo
|-damage|p1b: Gholdengo|50/100
|move|p1b: Gholdengo|Make It Rain|p2a: Kingambit|[spread] p2a,p2b
|-resisted|p2a: Kingambit
|-damage|p2a: Kingambit|38/100
|-enditem|p2b: Sneasler|Focus Sash
|-damage|p2b: Sneasler|1/100
|-unboost|p1b: Gholdengo|spa|1
|-damage|p1b: Gholdengo|40/100|[from] item: Life Orb
|
|upkeep
|turn|3
|
|t:|1756858970
|switch|p1b: Amoonguss|Amoonguss, L50, F|100/100
|move|p1a: Hydreigon|Protect|p1a: Hydreigon
|-singleturn|p1a: Hydreigon|Protect
|move|p2b: Sneasler|Close Combat|p1a: Hydreigon
|-activate|p1a: Hydreigon|move: Protect
|move|p2a: Kingambit|Kowtow Cleave|p1b: Amoonguss
|-damage|p1b: Amoonguss|64/100
|
|upkeep
|turn|4
|
|t:|1756858987
|move|p1b: Amoonguss|Rage Powder|p1b: Amoonguss
|-singleturn|p1b: Amoonguss|move: Rage Powder
|move|p2b: Sneasler|Close Combat|p1b: Amoonguss
|-resisted|p1b: Amoonguss
|-damage|p1b: Amoonguss|41/100
|-unboost|p2b: Sneasler|def|1
|-unboost|p2b: Sneasler|spd|1
|move|p1a: Hydreigon|Tailwind|p1a: Hydreigon
|-sidestart|p1: shynessvgc|move: Tailwind
|move|p2a: Kingambit|Kowtow Cleave|p1b: Amoonguss
|-damage|p1b: Amoonguss|4/100
|
|-sideend|p2: kattathy|move: Tailwind
|upkeep
|turn|5
|
|t:|1756859036
|move|p2a: Kingambit|Protect|p2a: Kingambit
|-singleturn|p2a: Kingambit|Protect
|move|p1b: Amoonguss|Rage Powder|p1b: Amoonguss
|-singleturn|p1b: Amoonguss|move: Rage Powder
|move|p2b: Sneasler|Close Combat|p1b: Amoonguss
|-resisted|p1b: Amoonguss
|-damage|p1b: Amoonguss|0 fnt
|-unboost|p2b: Sneasler|def|1
|-unboost|p2b: Sneasler|spd|1
|faint|p1b: Amoonguss
|move|p1a: Hydreigon|Draco Meteor|p2a: Kingambit
|-activate|p2a: Kingambit|move: Protect
|
|upkeep
|
|t:|1756859038
|switch|p1b: Ursaluna|Ursaluna, L50, F|100/100
|turn|6
|
|t:|1756859085
|move|p1b: Ursaluna|Protect|p1b: Ursaluna
|-singleturn|p1b: Ursaluna|Protect
|move|p2b: Sneasler|Close Combat|p1b: Ursaluna
|-activate|p1b: Ursaluna|move: Protect
|move|p1a: Hydreigon|Draco Meteor|p2b: Sneasler
|-damage|p2b: Sneasler|0 fnt
|-unboost|p1a: Hydreigon|spa|2
|faint|p2b: Sneasler
|move|p2a: Kingambit|Kowtow Cleave|p1a: Hydreigon
|-resisted|p1a: Hydreigon
|-damage|p1a: Hydreigon|73/100
|
|-status|p1b: Ursaluna|brn|[from] item: Flame Orb
|upkeep
|
|t:|1756859090
|switch|p2b: Dragonite|Dragonite, L50, M|100/100 slp
|turn|7
|
|t:|1756859106
|move|p2a: Kingambit|Sucker Punch|p1b: Ursaluna
|-damage|p1b: Ursaluna|65/100 brn
|move|p1a: Hydreigon|Draco Meteor|p2b: Dragonite
|-supereffective|p2b: Dragonite
|-damage|p2b: Dragonite|64/100 slp
|-unboost|p1a: Hydreigon|spa|2
|move|p1b: Ursaluna|Earthquake|p2b: Dragonite|[spread] p2a
|-immune|p1a: Hydreigon|[from] ability: Levitate
|-immune|p2b: Dragonite
|-supereffective|p2a: Kingambit
|-damage|p2a: Kingambit|0 fnt
|faint|p2a: Kingambit
|cant|p2b: Dragonite|slp
|
|-damage|p1b: Ursaluna|59/100 brn|[from] brn
|-sideend|p1: shynessvgc|move: Tailwind
|upkeep
|
|t:|1756859119
|switch|p2a: Ceruledge|Ceruledge, L50, M|100/100
|turn|8
|
|t:|1756859179
|-terastallize|p2a: Ceruledge|Grass
|move|p1b: Ursaluna|Protect|p1b: Ursaluna
|-singleturn|p1b: Ursaluna|Protect
|move|p1a: Hydreigon|Tailwind|p1a: Hydreigon
|-sidestart|p1: shynessvgc|move: Tailwind
|cant|p2b: Dragonite|slp
|move|p2a: Ceruledge|Close Combat|p1b: Ursaluna
|-activate|p1b: Ursaluna|move: Protect
|
|-damage|p1b: Ursaluna|53/100 brn|[from] brn
|upkeep
|turn|9
|
|t:|1756859203
|switch|p1a: Gholdengo|Gholdengo, L50, tera:Water|40/100
|move|p1b: Ursaluna|Facade|p2a: Ceruledge
|-damage|p2a: Ceruledge|0 fnt
|faint|p2a: Ceruledge
|-curestatus|p2b: Dragonite|slp|[msg]
|move|p2b: Dragonite|Tailwind|p2b: Dragonite
|-sidestart|p2: kattathy|move: Tailwind
|
|-damage|p1b: Ursaluna|48/100 brn|[from] brn
|upkeep
|turn|10
|
|t:|1756859216
|move|p1a: Gholdengo|Make It Rain|p2b: Dragonite
|-damage|p2b: Dragonite|0 fnt
|-unboost|p1a: Gholdengo|spa|1
|faint|p2b: Dragonite
|-damage|p1a: Gholdengo|31/100|[from] item: Life Orb
|
|win|shynessvgc
|raw|shynessvgc's rating: 1091 → 1117(+26 for winning)
|raw|kattathy's rating: 1085 → 1063(-22 for losing)
|l|☆kattathy
|player|p2|
