|j|☆RelentlessRogue
|j|☆littlepotato13
|html|RelentlessRoguelittlepotato13    
|uhtml|bestof|Game 1 of a best-of-3
|t:|1757639063
|gametype|doubles
|player|p1|RelentlessRogue|ethan|1301
|player|p2|littlepotato13|101|1219
|gen|9
|tier|[Gen 9] VGC 2025 Reg H (Bo3)
|rated|
|rule|Species Clause: Limit one of each Pokémon
|rule|Item Clause: Limit 1 of each item
|clearpoke
|poke|p1|Basculegion, L50, M|
|poke|p1|Pelipper, L50, F|
|poke|p1|Archaludon, L50, F|
|poke|p1|Whimsicott, L50, F|
|poke|p1|Gholdengo, L50|
|poke|p1|Incineroar, L50, M|
|poke|p2|Baxcalibur, L50, M|
|poke|p2|Sneasler, L50, F|
|poke|p2|Kingambit, L50, M|
|poke|p2|Electabuzz, L50, M|
|poke|p2|Volcarona, L50, F|
|poke|p2|Rillaboom, L50, M|
|teampreview|4
|showteam|p1|Basculegion||ChoiceBand|SwiftSwim|WaveCrash,LastRespects,FlipTurn,AquaJet|||M|||50|,,,,,Water]Pelipper||FocusSash|Drizzle|WeatherBall,Hurricane,WideGuard,Protect|||F|||50|,,,,,Stellar]Archaludon||PowerHerb|Stalwart|ElectroShot,DracoMeteor,FlashCannon,Protect|||F|||50|,,,,,Electric]Whimsicott||CovertCloak|Prankster|Moonblast,Tailwind,Taunt,WorrySeed|||F|||50|,,,,,Steel]Gholdengo||LifeOrb|GoodasGold|MakeItRain,ShadowBall,NastyPlot,Protect||||||50|,,,,,Dragon]Incineroar||SafetyGoggles|Intimidate|FlareBlitz,KnockOff,PartingShot,FakeOut|||M|||50|,,,,,Ghost
|showteam|p2|Baxcalibur||LoadedDice|ThermalExchange|IceShard,IcicleSpear,ScaleShot,Protect|||M|||50|,,,,,Ghost]Sneasler||FocusSash|Unburden|DireClaw,CloseCombat,Protect,FakeOut|||F|||50|,,,,,Ghost]Kingambit||AssaultVest|Defiant|KowtowCleave,SuckerPunch,IronHead,TeraBlast|||M|||50|,,,,,Flying]Electabuzz||Eviolite|VitalSpirit|Thunderbolt,Taunt,Protect,FollowMe|||M|||50|,,,,,Flying]Volcarona||Leftovers|FlameBody|HeatWave,GigaDrain,QuiverDance,Protect|||F|||50|,,,,,Grass]Rillaboom||MiracleSeed|GrassySurge|FakeOut,GrassyGlide,WoodHammer,HighHorsepower|||M|||50|,,,,,Fire
|inactive|Battle timer is ON: inactive players will automatically lose when time's up. (requested by RelentlessRogue)
|inactive|littlepotato13 also wants the timer to be on.
|inactive|RelentlessRogue has 60 seconds left.
|inactive|RelentlessRogue has 30 seconds left.
|inactive|RelentlessRogue has 20 seconds left.
|inactive|RelentlessRogue has 15 seconds left.
|
|t:|1757639142
|teamsize|p1|4
|teamsize|p2|4
|start
|switch|p1a: Pelipper|Pelipper, L50, F|100/100
|switch|p1b: Basculegion|Basculegion, L50, M|100/100
|switch|p2a: Baxcalibur|Baxcalibur, L50, M|100/100
|switch|p2b: Kingambit|Kingambit, L50, M|100/100
|-weather|RainDance|[from] ability: Drizzle|[of] p1a: Pelipper
|turn|1
|inactive|RelentlessRogue has 30 seconds left.
|inactive|RelentlessRogue has 20 seconds left.
|
|t:|1757639178
|-terastallize|p1b: Basculegion|Water
|move|p2b: Kingambit|Sucker Punch|p1b: Basculegion
|-damage|p1b: Basculegion|43/100
|move|p1b: Basculegion|Wave Crash|p2b: Kingambit
|-damage|p2b: Kingambit|0 fnt
|faint|p2b: Kingambit
|-damage|p1b: Basculegion|10/100|[from] Recoil
|move|p2a: Baxcalibur|Scale Shot|p1a: Pelipper
|-damage|p1a: Pelipper|80/100
|-damage|p1a: Pelipper|60/100
|-damage|p1a: Pelipper|39/100
|-damage|p1a: Pelipper|20/100
|-hitcount|p1a: Pelipper|4
|-unboost|p2a: Baxcalibur|def|1
|-boost|p2a: Baxcalibur|spe|1
|move|p1a: Pelipper|Hurricane|p2a: Baxcalibur
|-damage|p2a: Baxcalibur|51/100
|-start|p2a: Baxcalibur|confusion
|
|-weather|RainDance|[upkeep]
|upkeep
|
|t:|1757639201
|switch|p2b: Rillaboom|Rillaboom, L50, M|100/100
|-fieldstart|move: Grassy Terrain|[from] ability: Grassy Surge|[of] p2b: Rillaboom
|turn|2
|
|t:|1757639224
|switch|p1b: Whimsicott|Whimsicott, L50, F, shiny|100/100
|switch|p1a: Gholdengo|Gholdengo, L50|100/100
|-activate|p2a: Baxcalibur|confusion
|move|p2a: Baxcalibur|Ice Shard|p1b: Whimsicott
|-supereffective|p1b: Whimsicott
|-damage|p1b: Whimsicott|42/100
|move|p2b: Rillaboom|Grassy Glide|p1a: Gholdengo
|-resisted|p1a: Gholdengo
|-damage|p1a: Gholdengo|77/100
|
|-weather|RainDance|[upkeep]
|-heal|p2a: Baxcalibur|57/100|[from] Grassy Terrain
|-heal|p1b: Whimsicott|48/100|[from] Grassy Terrain
|-heal|p1a: Gholdengo|83/100|[from] Grassy Terrain
|upkeep
|turn|3
|
|t:|1757639247
|-activate|p2a: Baxcalibur|confusion
|move|p2a: Baxcalibur|Ice Shard|p1b: Whimsicott
|-supereffective|p1b: Whimsicott
|-damage|p1b: Whimsicott|0 fnt
|faint|p1b: Whimsicott
|move|p1a: Gholdengo|Make It Rain|p2b: Rillaboom|[spread] p2a,p2b
|-supereffective|p2a: Baxcalibur
|-damage|p2a: Baxcalibur|0 fnt
|-damage|p2b: Rillaboom|39/100
|-unboost|p1a: Gholdengo|spa|1
|faint|p2a: Baxcalibur
|-damage|p1a: Gholdengo|74/100|[from] item: Life Orb
|move|p2b: Rillaboom|High Horsepower|p1a: Gholdengo
|-supereffective|p1a: Gholdengo
|-damage|p1a: Gholdengo|7/100
|
|-weather|RainDance|[upkeep]
|-heal|p1a: Gholdengo|13/100|[from] Grassy Terrain
|-heal|p2b: Rillaboom|45/100|[from] Grassy Terrain
|upkeep
|
|t:|1757639264
|switch|p1b: Basculegion|Basculegion, L50, M, tera:Water|10/100
|switch|p2a: Electabuzz|Electabuzz, L50, M|100/100
|turn|4
|inactive|RelentlessRogue has 30 seconds left.
|inactive|littlepotato13 has 30 seconds left.
|inactive|RelentlessRogue has 20 seconds left.
|
|t:|1757639300
|move|p1a: Gholdengo|Protect|p1a: Gholdengo
|-singleturn|p1a: Gholdengo|Protect
|move|p2a: Electabuzz|Follow Me|p2a: Electabuzz
|-singleturn|p2a: Electabuzz|move: Follow Me
|move|p2b: Rillaboom|Grassy Glide|p1a: Gholdengo
|-activate|p1a: Gholdengo|move: Protect
|move|p1b: Basculegion|Last Respects|p2a: Electabuzz
|-damage|p2a: Electabuzz|39/100
|
|-weather|RainDance|[upkeep]
|-heal|p1b: Basculegion|16/100|[from] Grassy Terrain
|-heal|p1a: Gholdengo|19/100|[from] Grassy Terrain
|-heal|p2a: Electabuzz|45/100|[from] Grassy Terrain
|-heal|p2b: Rillaboom|52/100|[from] Grassy Terrain
|upkeep
|turn|5
|inactive|RelentlessRogue has 30 seconds left.
|
|t:|1757639332
|move|p2a: Electabuzz|Follow Me|p2a: Electabuzz
|-singleturn|p2a: Electabuzz|move: Follow Me
|move|p2b: Rillaboom|Grassy Glide|p1a: Gholdengo
|-resisted|p1a: Gholdengo
|-damage|p1a: Gholdengo|0 fnt
|faint|p1a: Gholdengo
|move|p1b: Basculegion|Last Respects|p2a: Electabuzz
|-crit|p2a: Electabuzz
|-damage|p2a: Electabuzz|0 fnt
|faint|p2a: Electabuzz
|
|-weather|none
|-heal|p1b: Basculegion|22/100|[from] Grassy Terrain
|-heal|p2b: Rillaboom|58/100|[from] Grassy Terrain
|upkeep
|
|t:|1757639342
|switch|p1a: Pelipper|Pelipper, L50, F|20/100
|-weather|RainDance|[from] ability: Drizzle|[of] p1a: Pelipper
|turn|6
|
|t:|1757639351
|move|p2b: Rillaboom|Grassy Glide|p1b: Basculegion
|-supereffective|p1b: Basculegion
|-damage|p1b: Basculegion|0 fnt
|faint|p1b: Basculegion
|move|p1a: Pelipper|Hurricane|p2b: Rillaboom
|-supereffective|p2b: Rillaboom
|-damage|p2b: Rillaboom|0 fnt
|faint|p2b: Rillaboom
|
|win|RelentlessRogue
