|j|‽Ser Maestro
|j|☆SoundsGoodra
|html|Ser MaestroSoundsGoodra    
|uhtml|bestof|Game 3 of a best-of-3
|t:|1785176503
|gametype|doubles
|player|p1|Ser Maestro|266|1206
|player|p2|SoundsGoodra|dragontamer|1178
|gen|9
|tier|[Gen 9 Champions] VGC 2026 Reg M-B (Bo3)
|rated|
|rule|Species Clause: Limit one of each Pokémon
|rule|Item Clause: Limit 1 of each item
|clearpoke
|poke|p1|Camerupt, L50, M|
|poke|p1|Farigiraf, L50, M|
|poke|p1|Staraptor, L50, M|
|poke|p1|Conkeldurr, L50, F|
|poke|p1|Excadrill, L50, M|
|poke|p1|Tyranitar, L50, F|
|poke|p2|Raichu, L50, M, shiny|
|poke|p2|Sinistcha, L50, shiny|
|poke|p2|Incineroar, L50, M, shiny|
|poke|p2|Sylveon, L50, M, shiny|
|poke|p2|Metagross, L50, shiny|
|poke|p2|Hydreigon, L50, F, shiny|
|teampreview|4
|showteam|p1|Camerupt||Cameruptite|MagmaArmor|HeatWave,EarthPower,RockSlide,Substitute|Quiet||M|||50|]Farigiraf||SitrusBerry|ArmorTail|TrickRoom,HyperVoice,HelpingHand,Thunderbolt|Sassy||M|||50|]Staraptor||ChoiceScarf|Intimidate|FinalGambit,BraveBird,CloseCombat,Uturn|Jolly||M|||50|]Conkeldurr||LifeOrb|SheerForce|IcePunch,MachPunch,PoisonJab,CloseCombat|Adamant||F|||50|]Excadrill||FocusSash|SandRush|RockSlide,Protect,HighHorsepower,IronHead|Adamant||M|||50|]Tyranitar||Tyranitarite|SandStream|RockSlide,DragonDance,KnockOff,Protect|Adamant||F|||50|
|showteam|p2|Raichu||RaichuniteY|LightningRod|ZapCannon,FocusBlast,FakeOut,Protect|Timid||M|||50|]Sinistcha||SitrusBerry|Hospitality|MatchaGotcha,RagePowder,TrickRoom,Protect|Bold|||||50|]Incineroar||ShucaBerry|Intimidate|FlareBlitz,DarkestLariat,PartingShot,FakeOut|Careful||M|||50|]Sylveon||FairyFeather|Pixilate|HyperVoice,Moonblast,CalmMind,Protect|Modest||M|||50|]Metagross||Metagrossite|ClearBody|HardPress,PsychicFangs,BodyPress,Protect|Adamant|||||50|]Hydreigon||ChoiceScarf|Levitate|DracoMeteor,DarkPulse,EarthPower,Snarl|Modest||F|||50|
|inactive|Battle timer is ON: inactive players will automatically lose when time's up. (requested by SoundsGoodra)
|
|t:|1785176523
|teamsize|p1|4
|teamsize|p2|4
|start
|switch|p1a: Excadrill|Excadrill, L50, M|100/100
|switch|p1b: Tyranitar|Tyranitar, L50, F|100/100
|switch|p2a: Incineroar|Incineroar, L50, M, shiny|100/100
|switch|p2b: Sylveon|Sylveon, L50, M, shiny|100/100
|-weather|Sandstorm|[from] ability: Sand Stream|[of] p1b: Tyranitar
|-ability|p2a: Incineroar|Intimidate|boost
|-unboost|p1a: Excadrill|atk|1
|-unboost|p1b: Tyranitar|atk|1
|turn|1
|
|t:|1785176544
|move|p2a: Incineroar|Fake Out|p1a: Excadrill
|-resisted|p1a: Excadrill|1
|-damage|p1a: Excadrill|93/100
|cant|p1a: Excadrill|flinch
|move|p2b: Sylveon|Hyper Voice|p1b: Tyranitar|[spread] p1a,p1b
|-resisted|p1a: Excadrill|1
|-supereffective|p1b: Tyranitar|1
|-crit|p1b: Tyranitar
|-damage|p1a: Excadrill|61/100
|-damage|p1b: Tyranitar|13/100
|move|p1b: Tyranitar|Dragon Dance|p1b: Tyranitar
|-boost|p1b: Tyranitar|atk|1
|-boost|p1b: Tyranitar|spe|1
|
|-weather|Sandstorm|[upkeep]
|-damage|p2b: Sylveon|94/100|[from] Sandstorm
|-damage|p2a: Incineroar|94/100|[from] Sandstorm
|upkeep
|turn|2
|
|t:|1785176557
|move|p2b: Sylveon|Protect|p2b: Sylveon
|-singleturn|p2b: Sylveon|Protect
|move|p1a: Excadrill|High Horsepower|p2a: Incineroar
|-supereffective|p2a: Incineroar|1
|-enditem|p2a: Incineroar|Shuca Berry|[eat]
|-enditem|p2a: Incineroar|Shuca Berry|[weaken]
|-damage|p2a: Incineroar|62/100
|move|p1b: Tyranitar|Rock Slide|p2a: Incineroar|[spread] p2a
|-activate|p2b: Sylveon|move: Protect
|-supereffective|p2a: Incineroar|1
|-damage|p2a: Incineroar|5/100
|move|p2a: Incineroar|Flare Blitz|p1a: Excadrill
|-supereffective|p1a: Excadrill|1
|-damage|p1a: Excadrill|0 fnt
|faint|p1a: Excadrill
|-damage|p2a: Incineroar|0 fnt|[from] Recoil
|faint|p2a: Incineroar
|
|-weather|Sandstorm|[upkeep]
|-damage|p2b: Sylveon|88/100|[from] Sandstorm
|upkeep
|
|t:|1785176569
|switch|p1a: Staraptor|Staraptor, L50, M|100/100
|switch|p2a: Raichu|Raichu, L50, M, shiny|100/100
|-ability|p1a: Staraptor|Intimidate|boost
|-unboost|p2a: Raichu|atk|1
|-unboost|p2b: Sylveon|atk|1
|turn|3
|
|t:|1785176594
|detailschange|p2a: Raichu|Raichu-Mega-Y, L50, M, shiny
|-mega|p2a: Raichu|Raichu|Raichunite Y
|move|p2a: Raichu|Fake Out|p1a: Staraptor
|-damage|p1a: Staraptor|92/100
|cant|p1a: Staraptor|flinch
|move|p1b: Tyranitar|Rock Slide|p2b: Sylveon|[spread] p2a,p2b
|-damage|p2a: Raichu|47/100
|-damage|p2b: Sylveon|50/100g
|move|p2b: Sylveon|Hyper Voice|p1a: Staraptor|[spread] p1a,p1b
|-supereffective|p1b: Tyranitar|1
|-damage|p1a: Staraptor|31/100
|-damage|p1b: Tyranitar|0 fnt
|faint|p1b: Tyranitar
|
|-weather|Sandstorm|[upkeep]
|-damage|p1a: Staraptor|25/100|[from] Sandstorm
|-damage|p2a: Raichu|41/100|[from] Sandstorm
|-damage|p2b: Sylveon|44/100|[from] Sandstorm
|upkeep
|
|t:|1785176601
|switch|p1b: Camerupt|Camerupt, L50, M|100/100
|turn|4
|inactive|SoundsGoodra has 30 seconds left.
|
|t:|1785176641
|switch|p2b: Sinistcha|Sinistcha, L50, shiny|100/100
|-heal|p2a: Raichu|65/100|[from] ability: Hospitality|[of] p2b: Sinistcha
|detailschange|p1b: Camerupt|Camerupt-Mega, L50, M
|-mega|p1b: Camerupt|Camerupt|Cameruptite
|move|p1a: Staraptor|Brave Bird|p2b: Sinistcha
|-supereffective|p2b: Sinistcha|1
|-damage|p2b: Sinistcha|15/100
|-enditem|p2b: Sinistcha|Sitrus Berry|[eat]
|-heal|p2b: Sinistcha|40/100|[from] item: Sitrus Berry
|-damage|p1a: Staraptor|0 fnt|[from] Recoil
|faint|p1a: Staraptor
|move|p2a: Raichu|Focus Blast|p1b: Camerupt
|-damage|p1b: Camerupt|59/100
|move|p1b: Camerupt|Earth Power|p2a: Raichu
|-supereffective|p2a: Raichu|1
|-damage|p2a: Raichu|0 fnt
|faint|p2a: Raichu
|
|-weather|Sandstorm|[upkeep]
|-damage|p2b: Sinistcha|34/100|[from] Sandstorm
|upkeep
|j| tedidn
|
|t:|1785176656
|switch|p2a: Sylveon|Sylveon, L50, M, shiny|44/100
|turn|5
|
|t:|1785176667
|move|p2a: Sylveon|Calm Mind|p2a: Sylveon
|-boost|p2a: Sylveon|spa|1
|-boost|p2a: Sylveon|spd|1
|move|p2b: Sinistcha|Matcha Gotcha|p1b: Camerupt
|-damage|p1b: Camerupt|29/100
|-heal|p2b: Sinistcha|48/100|[from] drain|[of] p1b: Camerupt
|move|p1b: Camerupt|Heat Wave|p2b: Sinistcha|[spread] p2a
|-miss|p1b: Camerupt|p2b: Sinistcha
|-damage|p2a: Sylveon|15/100
|
|-weather|none
|upkeep
|turn|6
|
|t:|1785176678
|move|p2a: Sylveon|Hyper Voice|p1b: Camerupt
|-resisted|p1b: Camerupt|1
|-damage|p1b: Camerupt|0 fnt
|faint|p1b: Camerupt
|
|win|SoundsGoodra
|raw|Ser Maestro's rating: 1206 → 1179(-27 for losing)
|raw|SoundsGoodra's rating: 1178 → 1205(+27 for winning)
