|j|☆mavrickbfr
|j|☆Penny_epic
|html|mavrickbfrPenny_epic    
|uhtml|bestof|Game 1 of a best-of-3
|t:|1785696443
|gametype|doubles
|player|p1|mavrickbfr|gentleman-gen4|1104
|player|p2|Penny_epic|265|1051
|gen|9
|tier|[Gen 9 Champions] VGC 2026 Reg M-B (Bo3)
|rated|
|rule|Species Clause: Limit one of each Pokémon
|rule|Item Clause: Limit 1 of each item
|clearpoke
|poke|p1|Blaziken, L50, M, shiny|
|poke|p1|Floette-Eternal, L50, F|
|poke|p1|Sinistcha, L50|
|poke|p1|Basculegion, L50, M, shiny|
|poke|p1|Garchomp, L50, M, shiny|
|poke|p1|Sneasler, L50, M, shiny|
|poke|p2|Charizard, L50, M|
|poke|p2|Aerodactyl, L50, M|
|poke|p2|Sylveon, L50, F|
|poke|p2|Kingambit, L50, M|
|poke|p2|Garchomp, L50, M|
|poke|p2|Incineroar, L50, F|
|teampreview|4
|showteam|p1|Blaziken||Blazikenite|SpeedBoost|BlazeKick,RockSlide,CloseCombat,Protect|Adamant||M|||50|]Floette-Eternal||Floettite|FlowerVeil|DazzlingGleam,CalmMind,Protect,DrainingKiss|Modest||F|||50|]Sinistcha||SitrusBerry|Hospitality|MatchaGotcha,RagePowder,Protect,LifeDew|Bold|||||50|]Basculegion||ChoiceScarf|Adaptability|LastRespects,WaveCrash,FlipTurn,AquaJet|Adamant||M|||50|]Garchomp||RoseliBerry|RoughSkin|PoisonJab,StompingTantrum,Earthquake,RockSlide|Jolly||M|||50|]Sneasler||FocusSash|PoisonTouch|FakeOut,PoisonJab,CloseCombat,QuickGuard|Jolly||M|||50|
|showteam|p2|Charizard||CharizarditeY|SolarPower|WeatherBall,HeatWave,Protect,SolarBeam|Modest||M|||50|]Aerodactyl||Aerodactylite|Unnerve|IceFang,RockSlide,WideGuard,Tailwind|Jolly||M|||50|]Sylveon||FairyFeather|Pixilate|HyperVoice,HyperBeam,Detect,QuickAttack|Modest||F|||50|]Kingambit||FocusSash|Defiant|KowtowCleave,SuckerPunch,IronHead,Protect|Adamant||M|||50|]Garchomp||LifeOrb|RoughSkin|Earthquake,DragonClaw,StompingTantrum,Protect|Jolly||M|||50|]Incineroar||SitrusBerry|Intimidate|FakeOut,DarkestLariat,FlareBlitz,PartingShot|Impish||F|||50|
|inactive|Battle timer is ON: inactive players will automatically lose when time's up. (requested by mavrickbfr)
|
|t:|1785696497
|teamsize|p1|4
|teamsize|p2|4
|start
|switch|p1a: Sinistcha|Sinistcha, L50|100/100
|switch|p1b: Sneasler|Sneasler, L50, M, shiny|100/100
|switch|p2a: Charizard|Charizard, L50, M|100/100
|switch|p2b: Aerodactyl|Aerodactyl, L50, M|100/100
|-ability|p2b: Aerodactyl|Unnerve
|turn|1
|inactive|mavrickbfr has 30 seconds left.
|inactive|Penny_epic has 30 seconds left.
|
|t:|1785696537
|switch|p2b: Incineroar|Incineroar, L50, F|100/100
|-ability|p2b: Incineroar|Intimidate|boost
|-unboost|p1a: Sinistcha|atk|1
|-unboost|p1b: Sneasler|atk|1
|detailschange|p2a: Charizard|Charizard-Mega-Y, L50, M
|-mega|p2a: Charizard|Charizard|Charizardite Y
|-weather|SunnyDay|[from] ability: Drought|[of] p2a: Charizard
|move|p1b: Sneasler|Fake Out|p2b: Incineroar
|-damage|p2b: Incineroar|93/100
|-status|p2b: Incineroar|psn|[from] ability: Poison Touch|[of] p1b: Sneasler
|move|p2a: Charizard|Heat Wave|p1b: Sneasler|[spread] p1a,p1b
|-supereffective|p1a: Sinistcha|1
|-damage|p1a: Sinistcha|0 fnt
|-damage|p1b: Sneasler|17/100
|faint|p1a: Sinistcha
|
|-weather|SunnyDay|[upkeep]
|-damage|p2b: Incineroar|80/100 psn|[from] psn
|upkeep
|
|t:|1785696553
|switch|p1a: Blaziken|Blaziken, L50, M, shiny|100/100
|turn|2
|
|t:|1785696568
|switch|p2b: Aerodactyl|Aerodactyl, L50, M|100/100
|-ability|p2b: Aerodactyl|Unnerve
|move|p1a: Blaziken|Protect|p1a: Blaziken
|-singleturn|p1a: Blaziken|Protect
|move|p1b: Sneasler|Poison Jab|p2a: Charizard
|-crit|p2a: Charizard
|-damage|p2a: Charizard|29/100
|-status|p2a: Charizard|psn
|move|p2a: Charizard|Weather Ball|p1b: Sneasler
|-damage|p1b: Sneasler|0 fnt
|faint|p1b: Sneasler
|
|-weather|SunnyDay|[upkeep]
|-damage|p2a: Charizard|17/100 psn|[from] psn
|-ability|p1a: Blaziken|Speed Boost|boost
|-boost|p1a: Blaziken|spe|1
|upkeep
|
|t:|1785696584
|switch|p1b: Basculegion|Basculegion, L50, M, shiny|100/100
|turn|3
|
|t:|1785696604
|switch|p2a: Incineroar|Incineroar, L50, F|80/100 psn
|-ability|p2a: Incineroar|Intimidate|boost
|-unboost|p1a: Blaziken|atk|1
|-unboost|p1b: Basculegion|atk|1
|detailschange|p1a: Blaziken|Blaziken-Mega, L50, M, shiny
|-mega|p1a: Blaziken|Blaziken|Blazikenite
|move|p1b: Basculegion|Aqua Jet|p2b: Aerodactyl
|-supereffective|p2b: Aerodactyl|1
|-damage|p2b: Aerodactyl|80/100
|move|p1a: Blaziken|Rock Slide|p2b: Aerodactyl|[spread] p2a,p2b
|-supereffective|p2a: Incineroar|1
|-supereffective|p2b: Aerodactyl|1
|-damage|p2a: Incineroar|59/100 psn
|-damage|p2b: Aerodactyl|37/100
|move|p2b: Aerodactyl|Tailwind|p2b: Aerodactyl
|-sidestart|p2: Penny_epic|move: Tailwind
|
|-weather|SunnyDay|[upkeep]
|-damage|p2a: Incineroar|47/100 psn|[from] psn
|-ability|p1a: Blaziken|Speed Boost|boost
|-boost|p1a: Blaziken|spe|1
|upkeep
|-enditem|p2a: Incineroar|Sitrus Berry|[eat]
|-heal|p2a: Incineroar|72/100 psn|[from] item: Sitrus Berry
|turn|4
|inactive|mavrickbfr has 30 seconds left.
|inactive|Penny_epic has 30 seconds left.
|inactive|Penny_epic has 20 seconds left.
|inactive|Penny_epic has 15 seconds left.
|
|t:|1785696646
|switch|p2b: Charizard|Charizard-Mega-Y, L50, M|17/100 psn
|move|p1a: Blaziken|Protect|p1a: Blaziken
|-singleturn|p1a: Blaziken|Protect
|move|p1b: Basculegion|Aqua Jet|p2b: Charizard
|-supereffective|p2b: Charizard|1
|-damage|p2b: Charizard|0 fnt
|faint|p2b: Charizard
|move|p2a: Incineroar|Darkest Lariat|p1b: Basculegion
|-supereffective|p1b: Basculegion|1
|-damage|p1b: Basculegion|32/100
|
|-weather|SunnyDay|[upkeep]
|-damage|p2a: Incineroar|59/100 psn|[from] psn
|-ability|p1a: Blaziken|Speed Boost|boost
|-boost|p1a: Blaziken|spe|1
|upkeep
|
|t:|1785696665
|switch|p2b: Aerodactyl|Aerodactyl, L50, M|37/100
|-ability|p2b: Aerodactyl|Unnerve
|turn|5
|
|t:|1785696675
|switch|p2a: Sylveon|Sylveon, L50, F|100/100
|move|p2b: Aerodactyl|Wide Guard|p2b: Aerodactyl
|-singleturn|p2b: Aerodactyl|Wide Guard
|move|p1b: Basculegion|Aqua Jet|p2a: Sylveon
|-damage|p2a: Sylveon|89/100
|move|p1a: Blaziken|Rock Slide|p2b: Aerodactyl|[spread] 
|-activate|p2a: Sylveon|move: Wide Guard
|-activate|p2b: Aerodactyl|move: Wide Guard
|
|-weather|none
|-ability|p1a: Blaziken|Speed Boost|boost
|-boost|p1a: Blaziken|spe|1
|upkeep
|turn|6
|inactive|Penny_epic has 30 seconds left.
|inactive|Penny_epic has 20 seconds left.
|
|t:|1785696712
|move|p2a: Sylveon|Detect|p2a: Sylveon
|-singleturn|p2a: Sylveon|Protect
|move|p1b: Basculegion|Aqua Jet|p2b: Aerodactyl
|-supereffective|p2b: Aerodactyl|1
|-damage|p2b: Aerodactyl|0 fnt
|faint|p2b: Aerodactyl
|move|p1a: Blaziken|Blaze Kick|p2a: Sylveon
|-activate|p2a: Sylveon|move: Protect
|
|-sideend|p2: Penny_epic|move: Tailwind
|-ability|p1a: Blaziken|Speed Boost|boost
|-boost|p1a: Blaziken|spe|1
|upkeep
|
|t:|1785696722
|switch|p2b: Incineroar|Incineroar, L50, F|59/100 psn
|-ability|p2b: Incineroar|Intimidate|boost
|-unboost|p1a: Blaziken|atk|1
|-unboost|p1b: Basculegion|atk|1
|turn|7
|
|t:|1785696738
|move|p2b: Incineroar|Fake Out|p1a: Blaziken
|-damage|p1a: Blaziken|85/100
|move|p1b: Basculegion|Aqua Jet|p2b: Incineroar
|-supereffective|p2b: Incineroar|1
|-damage|p2b: Incineroar|42/100 psn
|cant|p1a: Blaziken|flinch
|move|p2a: Sylveon|Hyper Voice|p1a: Blaziken|[spread] p1a,p1b
|-damage|p1a: Blaziken|22/100
|-damage|p1b: Basculegion|0 fnt
|faint|p1b: Basculegion
|
|-damage|p2b: Incineroar|29/100 psn|[from] psn
|-ability|p1a: Blaziken|Speed Boost|boost
|-boost|p1a: Blaziken|spe|1
|upkeep
|turn|8
|
|t:|1785696759
|move|p2a: Sylveon|Quick Attack|p1a: Blaziken
|-damage|p1a: Blaziken|5/100
|move|p1a: Blaziken|Blaze Kick|p2a: Sylveon
|-damage|p2a: Sylveon|53/100
|move|p2b: Incineroar|Darkest Lariat|p1a: Blaziken
|-resisted|p1a: Blaziken|1
|-damage|p1a: Blaziken|0 fnt
|faint|p1a: Blaziken
|
|win|Penny_epic
||Penny_epic is ready for game 2.
|inactive|mavrickbfr has 30 seconds to confirm battle start!
