|j|☆higigig
|j|☆boelie26
|html|higigigboelie26    
|uhtml|bestof|Game 1 of a best-of-3
|t:|1756500648
|gametype|doubles
|player|p1|higigig|sisandbro|1189
|player|p2|boelie26|1|1243
|gen|9
|tier|[Gen 9] VGC 2025 Reg H (Bo3)
|rated|
|rule|Species Clause: Limit one of each Pokémon
|rule|Item Clause: Limit 1 of each item
|clearpoke
|poke|p1|Sneasler, L50, M|
|poke|p1|Ursaluna-Bloodmoon, L50, M|
|poke|p1|Amoonguss, L50, M|
|poke|p1|Incineroar, L50, F|
|poke|p1|Dragonite, L50, F|
|poke|p1|Gholdengo, L50|
|poke|p2|Tyranitar, L50, F|
|poke|p2|Houndstone, L50, F|
|poke|p2|Klefki, L50, M|
|poke|p2|Volcarona, L50, M|
|poke|p2|Corviknight, L50, F|
|poke|p2|Inteleon, L50, M|
|teampreview|4
|showteam|p1|Sneasler||ClearAmulet|PoisonTouch|FakeOut,CloseCombat,DireClaw,Protect|||M|||50|,,,,,Water]Ursaluna-Bloodmoon||SilkScarf|MindsEye|HyperVoice,EarthPower,BloodMoon,Protect|||M|||50|,,,,,Poison]Amoonguss||SitrusBerry|Regenerator|SludgeBomb,PollenPuff,Spore,RagePowder|||M|||50|,,,,,Dark]Incineroar||SafetyGoggles|Intimidate|FakeOut,FlareBlitz,KnockOff,PartingShot|||F|||50|,,,,,Ghost]Dragonite||LoadedDice|Multiscale|ScaleShot,Haze,Tailwind,Protect|||F|||50|,,,,,Fairy]Gholdengo||LifeOrb|GoodasGold|NastyPlot,MakeItRain,ShadowBall,Protect||||||50|,,,,,Water
|showteam|p2|Tyranitar||FocusSash|SandStream|RockSlide,KnockOff,DragonDance,Protect|||F|||50|,,,,,Rock]Houndstone||WideLens|SandRush|LastRespects,Snarl,WillOWisp,Protect|||F|||50|,,,,,Fairy]Klefki||LightClay|Prankster|DazzlingGleam,ThunderWave,LightScreen,Protect|||M|||50|,,,,,Water]Volcarona||Leftovers|FlameBody|FieryDance,GigaDrain,QuiverDance,Protect|||M|||50|,,,,,Grass]Corviknight||SitrusBerry|MirrorArmor|BraveBird,BodyPress,Tailwind,Roost|||F|||50|,,,,,Dragon]Inteleon||CovertCloak|Sniper|SnipeShot,IcyWind,Taunt,Protect|||M|||50|,,,,,Grass
|inactive|Battle timer is ON: inactive players will automatically lose when time's up. (requested by boelie26)
|inactive|higigig also wants the timer to be on.
|inactive|higigig has 60 seconds left.
|inactive|boelie26 has 60 seconds left.
|inactive|higigig has 30 seconds left.
|
|t:|1756500714
|teamsize|p1|4
|teamsize|p2|4
|start
|switch|p1a: Dragonite|Dragonite, L50, F|100/100
|switch|p1b: Gholdengo|Gholdengo, L50|100/100
|switch|p2a: Klefki|Klefki, L50, M|100/100
|switch|p2b: Houndstone|Houndstone, L50, F|100/100
|turn|1
|inactive|boelie26 has 30 seconds left.
|inactive|higigig has 30 seconds left.
|inactive|boelie26 has 20 seconds left.
|inactive|higigig has 20 seconds left.
|
|t:|1756500759
|switch|p1a: Incineroar|Incineroar, L50, F|100/100
|-ability|p1a: Incineroar|Intimidate|boost
|-unboost|p2a: Klefki|atk|1
|-unboost|p2b: Houndstone|atk|1
|-terastallize|p1b: Gholdengo|Water
|move|p2a: Klefki|Thunder Wave|p1a: Incineroar
|-hint|Since gen 7, Dark is immune to Prankster moves.
|-immune|p1a: Incineroar
|move|p1b: Gholdengo|Nasty Plot|p1b: Gholdengo
|-boost|p1b: Gholdengo|spa|2
|move|p2b: Houndstone|Snarl|p1b: Gholdengo|[spread] p1a,p1b
|-resisted|p1a: Incineroar
|-damage|p1a: Incineroar|99/100
|-damage|p1b: Gholdengo|95/100
|-unboost|p1a: Incineroar|spa|1
|-unboost|p1b: Gholdengo|spa|1
|
|upkeep
|turn|2
|inactive|higigig has 30 seconds left.
|inactive|boelie26 has 30 seconds left.
|inactive|higigig has 20 seconds left.
|
|t:|1756500798
|move|p1a: Incineroar|Fake Out|p2a: Klefki
|-resisted|p2a: Klefki
|-damage|p2a: Klefki|94/100
|cant|p2a: Klefki|flinch
|move|p1b: Gholdengo|Nasty Plot|p1b: Gholdengo
|-boost|p1b: Gholdengo|spa|2
|move|p2b: Houndstone|Snarl|p1a: Incineroar|[spread] p1a,p1b
|-resisted|p1a: Incineroar
|-damage|p1a: Incineroar|97/100
|-damage|p1b: Gholdengo|89/100
|-unboost|p1a: Incineroar|spa|1
|-unboost|p1b: Gholdengo|spa|1
|
|upkeep
|turn|3
|inactive|higigig has 30 seconds left.
|inactive|boelie26 has 30 seconds left.
|inactive|higigig has 20 seconds left.
|
|t:|1756500835
|move|p1b: Gholdengo|Make It Rain|p2a: Klefki|[spread] p2a,p2b
|-damage|p2a: Klefki|0 fnt
|-damage|p2b: Houndstone|0 fnt
|-unboost|p1b: Gholdengo|spa|1
|faint|p2a: Klefki
|faint|p2b: Houndstone
|-damage|p1b: Gholdengo|80/100|[from] item: Life Orb
|move|p1a: Incineroar|Flare Blitz|p2: Klefki|[notarget]
|-fail|p1a: Incineroar
|
|upkeep
|
|t:|1756500849
|switch|p2b: Inteleon|Inteleon, L50, M|100/100
|switch|p2a: Volcarona|Volcarona, L50, M|100/100
|turn|4
|inactive|higigig has 30 seconds left.
|
|t:|1756500879
|move|p2b: Inteleon|Snipe Shot|p1a: Incineroar
|-supereffective|p1a: Incineroar
|-damage|p1a: Incineroar|24/100
|move|p1b: Gholdengo|Shadow Ball|p2b: Inteleon
|-damage|p2b: Inteleon|0 fnt
|faint|p2b: Inteleon
|-damage|p1b: Gholdengo|70/100|[from] item: Life Orb
|move|p2a: Volcarona|Quiver Dance|p2a: Volcarona
|-boost|p2a: Volcarona|spa|1
|-boost|p2a: Volcarona|spd|1
|-boost|p2a: Volcarona|spe|1
|move|p1a: Incineroar|Parting Shot|p2a: Volcarona
|-unboost|p2a: Volcarona|atk|1
|-unboost|p2a: Volcarona|spa|1
|
|t:|1756500890
|switch|p1a: Dragonite|Dragonite, L50, F|100/100|[from] Parting Shot
|
|upkeep
|turn|5
|
|t:|1756500910
|move|p2a: Volcarona|Fiery Dance|p1a: Dragonite
|-resisted|p1a: Dragonite
|-damage|p1a: Dragonite|90/100
|-boost|p2a: Volcarona|spa|1
|move|p1b: Gholdengo|Shadow Ball|p2a: Volcarona
|-damage|p2a: Volcarona|51/100
|-damage|p1b: Gholdengo|61/100|[from] item: Life Orb
|move|p1a: Dragonite|Scale Shot|p2a: Volcarona
|-damage|p2a: Volcarona|38/100
|-damage|p2a: Volcarona|23/100
|-damage|p2a: Volcarona|9/100
|-damage|p2a: Volcarona|0 fnt
|faint|p2a: Volcarona
|-hitcount|p2: Volcarona|4
|
|win|higigig
