|j|☆ThatHorseTho
|j|‽sudoz
|html|ThatHorseThosudoz    
|uhtml|bestof|Game 2 of a best-of-3
|t:|1756227107
|gametype|doubles
|player|p1|ThatHorseTho|youngcouple-gen4dp|
|player|p2|sudoz|101|
|gen|9
|tier|[Gen 9] VGC 2025 Reg H (Bo3)
|rated|Tournament battle
|rule|Species Clause: Limit one of each Pokémon
|rule|Item Clause: Limit 1 of each item
|clearpoke
|poke|p1|Incineroar, L50, F|
|poke|p1|Amoonguss, L50, M|
|poke|p1|Gholdengo, L50|
|poke|p1|Sneasler, L50, M|
|poke|p1|Archaludon, L50, F|
|poke|p1|Ursaluna-Bloodmoon, L50, M|
|poke|p2|Incineroar, L50, F|
|poke|p2|Gholdengo, L50|
|poke|p2|Amoonguss, L50, F|
|poke|p2|Hydreigon, L50, M|
|poke|p2|Porygon2, L50|
|poke|p2|Ursaluna, L50, M|
|teampreview|4
|showteam|p1|Incineroar||SafetyGoggles|Intimidate|FlareBlitz,KnockOff,FakeOut,PartingShot|||F|||50|,,,,,Ghost]Amoonguss||SitrusBerry|Regenerator|PollenPuff,RagePowder,Spore,Protect|||M|||50|,,,,,Fairy]Gholdengo||LifeOrb|GoodasGold|MakeItRain,ShadowBall,NastyPlot,Protect||||||50|,,,,,Water]Sneasler||FocusSash|Unburden|CloseCombat,DireClaw,FakeOut,Protect|||M|||50|,,,,,Stellar]Archaludon||PowerHerb|Stamina|ElectroShot,DragonPulse,FlashCannon,BodyPress|||F|||50|,,,,,Grass]Ursaluna-Bloodmoon||AssaultVest|MindsEye|BloodMoon,HyperVoice,EarthPower,VacuumWave|||M|||50|,,,,,Normal
|showteam|p2|Incineroar||SitrusBerry|Intimidate|FakeOut,KnockOff,FlareBlitz,PartingShot|||F|||50|,,,,,Ghost]Gholdengo||MetalCoat|GoodasGold|Protect,NastyPlot,MakeItRain,ShadowBall||||||50|,,,,,Water]Amoonguss||RockyHelmet|Regenerator|Protect,Spore,RagePowder,PollenPuff|||F|||50|,,,,,Fairy]Hydreigon||SafetyGoggles|Levitate|Protect,DracoMeteor,Snarl,Tailwind|||M|||50|,,,,,Ghost]Porygon2||Eviolite|Download|Recover,IceBeam,TeraBlast,TrickRoom||||||50|,,,,,Fighting]Ursaluna||FlameOrb|Guts|Protect,Earthquake,Facade,HeadlongRush|||M|||50|,,,,,Ghost
|inactive|Battle timer is ON: inactive players will automatically lose when time's up. (requested by sudoz)
|j| gamall
|l| gamall
|inactive|ThatHorseTho has 60 seconds left.
|
|t:|1756227181
|teamsize|p1|4
|teamsize|p2|4
|start
|switch|p1a: Amoonguss|Amoonguss, L50, M|100/100
|switch|p1b: Gholdengo|Gholdengo, L50|100/100
|switch|p2a: Incineroar|Incineroar, L50, F|100/100
|switch|p2b: Porygon2|Porygon2, L50|100/100
|-ability|p2a: Incineroar|Intimidate|boost
|-unboost|p1a: Amoonguss|atk|1
|-unboost|p1b: Gholdengo|atk|1
|-ability|p2b: Porygon2|Download|boost
|-boost|p2b: Porygon2|spa|1
|turn|1
|inactive|ThatHorseTho has 30 seconds left.
|inactive|sudoz has 30 seconds left.
|inactive|ThatHorseTho has 20 seconds left.
|inactive|ThatHorseTho has 15 seconds left.
|
|t:|1756227224
|switch|p1b: Incineroar|Incineroar, L50, F|100/100
|-ability|p1b: Incineroar|Intimidate|boost
|-unboost|p2a: Incineroar|atk|1
|-unboost|p2b: Porygon2|atk|1
|move|p1a: Amoonguss|Protect|p1a: Amoonguss
|-singleturn|p1a: Amoonguss|Protect
|move|p2a: Incineroar|Knock Off|p1a: Amoonguss
|-activate|p1a: Amoonguss|move: Protect
|move|p2b: Porygon2|Ice Beam|p1a: Amoonguss
|-activate|p1a: Amoonguss|move: Protect
|
|upkeep
|turn|2
|inactive|ThatHorseTho has 30 seconds left.
|
|t:|1756227252
|switch|p2a: Ursaluna|Ursaluna, L50, M|100/100
|switch|p2b: Gholdengo|Gholdengo, L50|100/100
|-terastallize|p1a: Amoonguss|Fairy
|move|p1b: Incineroar|Fake Out|p2a: Ursaluna
|-damage|p2a: Ursaluna|91/100
|move|p1a: Amoonguss|Spore|p2b: Gholdengo
|-immune|p2b: Gholdengo|[from] ability: Good as Gold
|
|-status|p2a: Ursaluna|brn|[from] item: Flame Orb
|upkeep
|turn|3
|inactive|ThatHorseTho has 30 seconds left.
|inactive|sudoz has 30 seconds left.
|
|t:|1756227285
|move|p2b: Gholdengo|Make It Rain|p1a: Amoonguss|[spread] p1a,p1b
|-supereffective|p1a: Amoonguss
|-resisted|p1b: Incineroar
|-damage|p1a: Amoonguss|4/100
|-damage|p1b: Incineroar|80/100
|-unboost|p2b: Gholdengo|spa|1
|-enditem|p1a: Amoonguss|Sitrus Berry|[eat]
|-heal|p1a: Amoonguss|29/100|[from] item: Sitrus Berry
|move|p2a: Ursaluna|Headlong Rush|p1b: Incineroar
|-supereffective|p1b: Incineroar
|-damage|p1b: Incineroar|0 fnt
|-unboost|p2a: Ursaluna|def|1
|-unboost|p2a: Ursaluna|spd|1
|faint|p1b: Incineroar
|move|p1a: Amoonguss|Spore||[still]
|-fail|p1a: Amoonguss
|
|-damage|p2a: Ursaluna|85/100 brn|[from] brn
|upkeep
|
|t:|1756227299
|switch|p1b: Sneasler|Sneasler, L50, M|100/100
|turn|4
|j| Perhaps Perish?
|
|t:|1756227322
|switch|p1a: Gholdengo|Gholdengo, L50|100/100
|-terastallize|p2a: Ursaluna|Ghost
|move|p1b: Sneasler|Protect|p1b: Sneasler
|-singleturn|p1b: Sneasler|Protect
|move|p2b: Gholdengo|Protect|p2b: Gholdengo
|-singleturn|p2b: Gholdengo|Protect
|move|p2a: Ursaluna|Earthquake|p1b: Sneasler|[spread] p1a
|-activate|p2b: Gholdengo|move: Protect
|-activate|p1b: Sneasler|move: Protect
|-supereffective|p1a: Gholdengo
|-damage|p1a: Gholdengo|0 fnt
|faint|p1a: Gholdengo
|
|-damage|p2a: Ursaluna|79/100 brn|[from] brn
|upkeep
|j| TheOneAndOnlyChat
|
|t:|1756227326
|switch|p1a: Amoonguss|Amoonguss, L50, M, tera:Fairy|62/100
|turn|5
|
|t:|1756227339
|move|p1a: Amoonguss|Rage Powder|p1a: Amoonguss
|-singleturn|p1a: Amoonguss|move: Rage Powder
|move|p1b: Sneasler|Dire Claw|p2a: Ursaluna
|-resisted|p2a: Ursaluna
|-damage|p2a: Ursaluna|53/100 brn
|move|p2b: Gholdengo|Make It Rain|p1a: Amoonguss|[spread] p1a,p1b
|-supereffective|p1a: Amoonguss
|-damage|p1a: Amoonguss|5/100
|-damage|p1b: Sneasler|55/100
|-unboost|p2b: Gholdengo|spa|1
|move|p2a: Ursaluna|Facade|p1a: Amoonguss
|-damage|p1a: Amoonguss|0 fnt
|faint|p1a: Amoonguss
|
|-damage|p2a: Ursaluna|47/100 brn|[from] brn
|upkeep
|turn|6
|-message|ThatHorseTho forfeited.
|
|win|sudoz
