|j|☆sol n luna
|j|☆xiaoliyunVGC
|html|sol n lunaxiaoliyunVGC    
|uhtml|bestof|Game 1 of a best-of-3
|t:|1756592798
|gametype|doubles
|player|p1|sol n luna|caitlin|1242
|player|p2|xiaoliyunVGC|liko|1202
|gen|9
|tier|[Gen 9] VGC 2025 Reg H (Bo3)
|rated|
|rule|Species Clause: Limit one of each Pokémon
|rule|Item Clause: Limit 1 of each item
|clearpoke
|poke|p1|Kingambit, L50, F|
|poke|p1|Rillaboom, L50, F|
|poke|p1|Electabuzz, L50, M|
|poke|p1|Volcarona, L50, M|
|poke|p1|Sneasler, L50, M|
|poke|p1|Dragonite, L50, F|
|poke|p2|Smeargle, L50, F|
|poke|p2|Hatterene, L50, F|
|poke|p2|Torkoal, L50, F|
|poke|p2|Lilligant-Hisui, L50, F|
|poke|p2|Ursaluna, L50, F|
|poke|p2|Indeedee-F, L50, F|
|teampreview|4
|showteam|p1|Kingambit||BlackGlasses|Defiant|Protect,KowtowCleave,SuckerPunch,SwordsDance|||F|||50|,,,,,Dark]Rillaboom||AssaultVest|GrassySurge|WoodHammer,GrassyGlide,Uturn,FakeOut|||F|||50|,,,,,Fire]Electabuzz||Eviolite|VitalSpirit|Protect,Thunderbolt,HelpingHand,FollowMe|||M|||50|,,,,,Ghost]Volcarona||CovertCloak|FlameBody|Protect,HeatWave,TeraBlast,QuiverDance|||M|||50|,,,,,Fairy]Sneasler||FocusSash|Unburden|CloseCombat,DireClaw,Coaching,FakeOut|||M|||50|,,,,,Stellar]Dragonite||LoadedDice|Multiscale|ScaleShot,Haze,ExtremeSpeed,Protect|||F|||50|,,,,,Fairy
|showteam|p2|Smeargle||EjectPack|Moody|FakeOut,FollowMe,Spore,BurningBulwark|||F|||50|,,,,,Ghost]Hatterene||LifeOrb|MagicBounce|DazzlingGleam,ExpandingForce,Protect,TrickRoom|||F|||50|,,,,,Water]Torkoal||ChoiceSpecs|Drought|Eruption,HeatWave,WeatherBall,EarthPower|||F|||50|,,,,,Fire]Lilligant-Hisui||ClearAmulet|Chlorophyll|CloseCombat,SolarBlade,AfterYou,SleepPowder|||F|||50|,,,,,Fire]Ursaluna||FlameOrb|Guts|Facade,Earthquake,HeadlongRush,Protect|||F|||50|,,,,,Normal]Indeedee-F||RockyHelmet|PsychicSurge|AlluringVoice,TrickRoom,FollowMe,HelpingHand|||F|||50|,,,,,Fairy
|inactive|Battle timer is ON: inactive players will automatically lose when time's up. (requested by sol n luna)
|inactive|xiaoliyunVGC also wants the timer to be on.
|inactive|sol n luna has 60 seconds left.
|inactive|sol n luna has 30 seconds left.
|
|t:|1756592862
|teamsize|p1|4
|teamsize|p2|4
|start
|switch|p1a: Dragonite|Dragonite, L50, F|100/100
|switch|p1b: Electabuzz|Electabuzz, L50, M|100/100
|switch|p2a: Hatterene|Hatterene, L50, F|100/100
|switch|p2b: Smeargle|Smeargle, L50, F|100/100
|turn|1
|inactive|sol n luna has 30 seconds left.
|inactive|sol n luna has 20 seconds left.
|
|t:|1756592901
|move|p2b: Smeargle|Fake Out|p1a: Dragonite
|-damage|p1a: Dragonite|98/100
|move|p1b: Electabuzz|Follow Me|p1b: Electabuzz
|-singleturn|p1b: Electabuzz|move: Follow Me
|cant|p1a: Dragonite|flinch
|move|p2a: Hatterene|Trick Room|p2a: Hatterene
|-fieldstart|move: Trick Room|[of] p2a: Hatterene
|
|-ability|p2b: Smeargle|Moody|boost
|-boost|p2b: Smeargle|spe|2
|-unboost|p2b: Smeargle|atk|1
|-enditem|p2b: Smeargle|Eject Pack
|upkeep
|
|t:|1756592910
|switch|p2b: Indeedee|Indeedee-F, L50, F, shiny|100/100
|-fieldstart|move: Psychic Terrain|[from] ability: Psychic Surge|[of] p2b: Indeedee
|turn|2
|inactive|sol n luna has 30 seconds left.
|
|t:|1756592939
|switch|p1b: Rillaboom|Rillaboom, L50, F|100/100
|-fieldstart|move: Grassy Terrain|[from] ability: Grassy Surge|[of] p1b: Rillaboom
|move|p2b: Indeedee|Helping Hand|p2a: Hatterene
|-singleturn|p2a: Hatterene|Helping Hand|[of] p2b: Indeedee
|move|p1a: Dragonite|Protect|p1a: Dragonite
|-singleturn|p1a: Dragonite|Protect
|move|p2a: Hatterene|Dazzling Gleam|p1b: Rillaboom|[spread] p1b
|-activate|p1a: Dragonite|move: Protect
|-damage|p1b: Rillaboom|49/100
|-damage|p2a: Hatterene|91/100|[from] item: Life Orb
|
|-heal|p2a: Hatterene|97/100|[from] Grassy Terrain
|-heal|p1b: Rillaboom|55/100|[from] Grassy Terrain
|upkeep
|turn|3
|inactive|sol n luna has 30 seconds left.
|
|t:|1756592972
|switch|p1a: Volcarona|Volcarona, L50, M|100/100
|move|p2a: Hatterene|Protect|p2a: Hatterene
|-singleturn|p2a: Hatterene|Protect
|move|p1b: Rillaboom|Fake Out|p2a: Hatterene
|-activate|p2a: Hatterene|move: Protect
|move|p2b: Indeedee|Alluring Voice|p1b: Rillaboom
|-damage|p1b: Rillaboom|43/100
|
|-heal|p2a: Hatterene|100/100|[from] Grassy Terrain
|-heal|p1b: Rillaboom|49/100|[from] Grassy Terrain
|upkeep
|turn|4
|inactive|sol n luna has 30 seconds left.
|inactive|xiaoliyunVGC has 30 seconds left.
|
|t:|1756593008
|switch|p1b: Electabuzz|Electabuzz, L50, M|100/100
|move|p2b: Indeedee|Helping Hand|p2a: Hatterene
|-singleturn|p2a: Hatterene|Helping Hand|[of] p2b: Indeedee
|move|p1a: Volcarona|Protect|p1a: Volcarona
|-singleturn|p1a: Volcarona|Protect
|move|p2a: Hatterene|Expanding Force|p1a: Volcarona
|-activate|p1a: Volcarona|move: Protect
|
|upkeep
|turn|5
|
|t:|1756593032
|move|p1b: Electabuzz|Follow Me|p1b: Electabuzz
|-singleturn|p1b: Electabuzz|move: Follow Me
|move|p1a: Volcarona|Quiver Dance|p1a: Volcarona
|-boost|p1a: Volcarona|spa|1
|-boost|p1a: Volcarona|spd|1
|-boost|p1a: Volcarona|spe|1
|move|p2a: Hatterene|Trick Room|p2a: Hatterene
|-fieldend|move: Trick Room
|move|p2b: Indeedee|Trick Room|p2b: Indeedee
|-fieldstart|move: Trick Room|[of] p2b: Indeedee
|
|upkeep
|turn|6
|inactive|sol n luna has 30 seconds left.
|
|t:|1756593063
|switch|p2b: Torkoal|Torkoal, L50, F, shiny|100/100
|-weather|SunnyDay|[from] ability: Drought|[of] p2b: Torkoal
|move|p1b: Electabuzz|Follow Me|p1b: Electabuzz
|-singleturn|p1b: Electabuzz|move: Follow Me
|move|p2a: Hatterene|Dazzling Gleam|p1b: Electabuzz|[spread] p1a,p1b
|-resisted|p1a: Volcarona
|-crit|p1b: Electabuzz
|-damage|p1a: Volcarona|86/100
|-damage|p1b: Electabuzz|50/100
|-damage|p2a: Hatterene|91/100|[from] item: Life Orb
|move|p1a: Volcarona|Quiver Dance|p1a: Volcarona
|-boost|p1a: Volcarona|spa|1
|-boost|p1a: Volcarona|spd|1
|-boost|p1a: Volcarona|spe|1
|
|-weather|SunnyDay|[upkeep]
|-heal|p2a: Hatterene|97/100|[from] Grassy Terrain
|-heal|p1b: Electabuzz|56/100|[from] Grassy Terrain
|-heal|p1a: Volcarona|93/100|[from] Grassy Terrain
|-fieldend|move: Grassy Terrain
|upkeep
|turn|7
|inactive|sol n luna has 30 seconds left.
|inactive|xiaoliyunVGC has 30 seconds left.
|inactive|sol n luna has 20 seconds left.
|inactive|sol n luna has 15 seconds left.
|
|t:|1756593107
|-terastallize|p2b: Torkoal|Fire
|move|p1b: Electabuzz|Protect|p1b: Electabuzz
|-singleturn|p1b: Electabuzz|Protect
|move|p2b: Torkoal|Eruption|p1b: Electabuzz|[spread] p1a
|-activate|p1b: Electabuzz|move: Protect
|-damage|p1a: Volcarona|25/100
|move|p2a: Hatterene|Expanding Force|p1a: Volcarona
|-damage|p1a: Volcarona|0 fnt
|faint|p1a: Volcarona
|-damage|p2a: Hatterene|87/100|[from] item: Life Orb
|
|-weather|SunnyDay|[upkeep]
|upkeep
|
|t:|1756593119
|switch|p1a: Rillaboom|Rillaboom, L50, F|49/100
|-fieldstart|move: Grassy Terrain|[from] ability: Grassy Surge|[of] p1a: Rillaboom
|turn|8
|
|t:|1756593141
|switch|p2a: Indeedee|Indeedee-F, L50, F, shiny|100/100
|-fieldstart|move: Psychic Terrain|[from] ability: Psychic Surge|[of] p2a: Indeedee
|switch|p1b: Dragonite|Dragonite, L50, F|98/100
|move|p1a: Rillaboom|Fake Out|p2b: Torkoal
|-activate|p2b: Torkoal|move: Psychic Terrain
|move|p2b: Torkoal|Eruption|p1b: Dragonite|[spread] p1a,p1b
|-supereffective|p1a: Rillaboom
|-resisted|p1b: Dragonite
|-damage|p1a: Rillaboom|0 fnt
|-damage|p1b: Dragonite|23/100
|faint|p1a: Rillaboom
|
|-weather|SunnyDay|[upkeep]
|upkeep
|
|t:|1756593146
|switch|p1a: Electabuzz|Electabuzz, L50, M|56/100
|turn|9
|-message|sol n luna forfeited.
|
|win|xiaoliyunVGC
|l|☆sol n luna
|player|p1|
||sol n luna is ready for game 2.
||xiaoliyunVGC is ready for game 2.
|uhtml|next|Next: Game 2 of 3
|j|☆sol n luna
|player|p1|sol n luna|caitlin|
