|j|☆iwassliverfish
|j|☆Ribombees believer
|html|iwassliverfishRibombees believer    
|uhtml|bestof|Game 1 of a best-of-3
|t:|1756694408
|gametype|doubles
|player|p1|iwassliverfish|101|1277
|player|p2|Ribombees believer|skier|1414
|gen|9
|tier|[Gen 9] VGC 2025 Reg H (Bo3)
|rated|
|rule|Species Clause: Limit one of each Pokémon
|rule|Item Clause: Limit 1 of each item
|clearpoke
|poke|p1|Incineroar, L50, M|
|poke|p1|Ursaluna, L50, M|
|poke|p1|Kilowattrel, L50, M|
|poke|p1|Sylveon, L50, F|
|poke|p1|Decidueye-Hisui, L50, M|
|poke|p1|Porygon2, L50|
|poke|p2|Dondozo, L50, M|
|poke|p2|Tatsugiri, L50, F|
|poke|p2|Indeedee, L50, M|
|poke|p2|Dragapult, L50, M|
|poke|p2|Ribombee, L50, F|
|poke|p2|Gholdengo, L50|
|teampreview|4
|showteam|p1|Incineroar||SafetyGoggles|Intimidate|KnockOff,FlareBlitz,PartingShot,FakeOut|||M|||50|,,,,,Ghost]Ursaluna||FlameOrb|Guts|Facade,HeadlongRush,Earthquake,Protect|||M|||50|,,,,,Ghost]Kilowattrel||FocusSash|Competitive|Thunderbolt,AirSlash,Tailwind,Protect|||M|||50|,,,,,Ghost]Sylveon||LifeOrb|Pixilate|HyperVoice,TeraBlast,QuickAttack,Protect|||F|||50|,,,,,Water]Decidueye-Hisui||ScopeLens|Scrappy|TripleArrows,LeafBlade,Haze,Protect|||M|||50|,,,,,Fire]Porygon2||Eviolite|Download|TeraBlast,IceBeam,TrickRoom,Recover||||||50|,,,,,Fighting
|showteam|p2|Dondozo||Leftovers|Unaware|WaveCrash,Earthquake,OrderUp,Protect|||M|||50|,,,,,Grass]Tatsugiri||ChoiceScarf|Commander|MuddyWater,DracoMeteor,DragonPulse,TeraBlast|||F|||50|,,,,,Fairy]Indeedee||FocusSash|PsychicSurge|ExpandingForce,TeraBlast,HyperVoice,Protect|||M|||50|,,,,,Fighting]Dragapult||ChoiceBand|ClearBody|DragonDarts,Outrage,PhantomForce,Uturn|||M|||50|,,,,,Dragon]Ribombee||ChoiceSpecs|ShieldDust|Moonblast,PollenPuff,DazzlingGleam,TeraBlast|||F|||50|,,,,,Ground]Gholdengo||LifeOrb|GoodasGold|MakeItRain,ShadowBall,Thunderbolt,Protect||||||50|,,,,,Water
|inactive|Battle timer is ON: inactive players will automatically lose when time's up. (requested by Ribombees believer)
|inactive|iwassliverfish has 60 seconds left.
|inactive|Ribombees believer has 60 seconds left.
|inactive|iwassliverfish has 30 seconds left.
|inactive|iwassliverfish has 20 seconds left.
|inactive|iwassliverfish has 15 seconds left.
|inactive|iwassliverfish has 10 seconds left.
|inactive|iwassliverfish has 5 seconds left.
|
|t:|1756694500
|teamsize|p1|4
|teamsize|p2|4
|start
|switch|p1a: Incineroar|Incineroar, L50, M|100/100
|switch|p1b: Ursaluna|Ursaluna, L50, M|100/100
|switch|p2a: Indeedee|Indeedee, L50, M|100/100
|switch|p2b: Gholdengo|Gholdengo, L50|100/100
|-fieldstart|move: Psychic Terrain|[from] ability: Psychic Surge|[of] p2a: Indeedee
|-ability|p1a: Incineroar|Intimidate|boost
|-unboost|p2a: Indeedee|atk|1
|-unboost|p2b: Gholdengo|atk|1
|turn|1
|inactive|iwassliverfish has 30 seconds left.
|
|t:|1756694532
|-terastallize|p2a: Indeedee|Fighting
|move|p1b: Ursaluna|Protect|p1b: Ursaluna
|-singleturn|p1b: Ursaluna|Protect
|move|p2a: Indeedee|Tera Blast|p1a: Incineroar|[anim] Tera Blast Fighting
|-supereffective|p1a: Incineroar
|-damage|p1a: Incineroar|31/100
|move|p1a: Incineroar|Parting Shot|p2a: Indeedee
|-unboost|p2a: Indeedee|atk|1
|-unboost|p2a: Indeedee|spa|1
|
|t:|1756694546
|switch|p1a: Kilowattrel|Kilowattrel, L50, M, shiny|100/100|[from] Parting Shot
|move|p2b: Gholdengo|Make It Rain|p1b: Ursaluna|[spread] p1a
|-activate|p1b: Ursaluna|move: Protect
|-resisted|p1a: Kilowattrel
|-damage|p1a: Kilowattrel|34/100
|-unboost|p2b: Gholdengo|spa|1
|-damage|p2b: Gholdengo|91/100|[from] item: Life Orb
|
|-status|p1b: Ursaluna|brn|[from] item: Flame Orb
|upkeep
|turn|2
|
|t:|1756694563
|move|p2b: Gholdengo|Protect|p2b: Gholdengo
|-singleturn|p2b: Gholdengo|Protect
|move|p1a: Kilowattrel|Tailwind|p1a: Kilowattrel
|-sidestart|p1: iwassliverfish|move: Tailwind
|move|p1b: Ursaluna|Earthquake|p2b: Gholdengo|[spread] p2a
|-activate|p2b: Gholdengo|move: Protect
|-immune|p1a: Kilowattrel
|-enditem|p2a: Indeedee|Focus Sash
|-damage|p2a: Indeedee|1/100
|move|p2a: Indeedee|Expanding Force|p1b: Ursaluna|[spread] p1a,p1b
|-damage|p1a: Kilowattrel|0 fnt
|-damage|p1b: Ursaluna|67/100 brn
|faint|p1a: Kilowattrel
|
|-damage|p1b: Ursaluna|61/100 brn|[from] brn
|upkeep
|
|t:|1756694584
|switch|p1a: Incineroar|Incineroar, L50, M|31/100
|-ability|p1a: Incineroar|Intimidate|boost
|-unboost|p2a: Indeedee|atk|1
|-unboost|p2b: Gholdengo|atk|1
|turn|3
|
|t:|1756694598
|switch|p2a: Big Back|Dondozo, L50, M|100/100
|switch|p2b: Alaskan Roll|Tatsugiri, L50, F|100/100
|-activate|p2b: Alaskan Roll|ability: Commander|[of] p2a: Big Back
|-boost|p2a: Big Back|atk|2
|-boost|p2a: Big Back|spa|2
|-boost|p2a: Big Back|spe|2
|-boost|p2a: Big Back|def|2
|-boost|p2a: Big Back|spd|2
|move|p1a: Incineroar|Flare Blitz|p2b: Alaskan Roll|[miss]
|-miss|p1a: Incineroar|p2b: Alaskan Roll
|move|p1b: Ursaluna|Facade|p2a: Big Back
|-damage|p2a: Big Back|57/100
|
|-heal|p2a: Big Back|63/100|[from] item: Leftovers
|-damage|p1b: Ursaluna|55/100 brn|[from] brn
|upkeep
|turn|4
|inactive|iwassliverfish has 30 seconds left.
|inactive|iwassliverfish has 20 seconds left.
|inactive|iwassliverfish has 15 seconds left.
|inactive|iwassliverfish has 10 seconds left.
|inactive|iwassliverfish has 5 seconds left.
|
|t:|1756694651
|-terastallize|p1b: Ursaluna|Ghost
|move|p2a: Big Back|Protect|p2a: Big Back
|-singleturn|p2a: Big Back|Protect
|move|p1a: Incineroar|Knock Off|p2a: Big Back
|-activate|p2a: Big Back|move: Protect
|move|p1b: Ursaluna|Facade|p2a: Big Back
|-activate|p2a: Big Back|move: Protect
|
|-heal|p2a: Big Back|69/100|[from] item: Leftovers
|-damage|p1b: Ursaluna|49/100 brn|[from] brn
|upkeep
|turn|5
|
|t:|1756694663
|move|p1a: Incineroar|Knock Off|p2a: Big Back
|-damage|p2a: Big Back|56/100
|-enditem|p2a: Big Back|Leftovers|[from] move: Knock Off|[of] p1a: Incineroar
|move|p2a: Big Back|Earthquake|p1b: Ursaluna|[spread] p1a,p1b
|-miss|p2a: Big Back|p2b: Alaskan Roll
|-supereffective|p1a: Incineroar
|-crit|p1a: Incineroar
|-damage|p1a: Incineroar|0 fnt
|-damage|p1b: Ursaluna|18/100 brn
|faint|p1a: Incineroar
|move|p1b: Ursaluna|Facade|p2a: Big Back
|-damage|p2a: Big Back|11/100
|
|-damage|p1b: Ursaluna|12/100 brn|[from] brn
|-sideend|p1: iwassliverfish|move: Tailwind
|-fieldend|move: Psychic Terrain
|upkeep
|
|t:|1756694670
|switch|p1a: Sylveon|Sylveon, L50, F|100/100
|turn|6
|
|t:|1756694684
|move|p1b: Ursaluna|Protect|p1b: Ursaluna
|-singleturn|p1b: Ursaluna|Protect
|move|p1a: Sylveon|Quick Attack|p2a: Big Back
|-damage|p2a: Big Back|5/100
|-damage|p1a: Sylveon|91/100|[from] item: Life Orb
|move|p2a: Big Back|Earthquake|p1a: Sylveon|[spread] p1a
|-miss|p2a: Big Back|p2b: Alaskan Roll
|-activate|p1b: Ursaluna|move: Protect
|-damage|p1a: Sylveon|34/100
|
|-damage|p1b: Ursaluna|6/100 brn|[from] brn
|upkeep
|turn|7
|
|t:|1756694697
|move|p2a: Big Back|Protect|p2a: Big Back
|-singleturn|p2a: Big Back|Protect
|move|p1a: Sylveon|Quick Attack|p2a: Big Back
|-activate|p2a: Big Back|move: Protect
|move|p1b: Ursaluna|Facade|p2b: Alaskan Roll|[miss]
|-miss|p1b: Ursaluna|p2b: Alaskan Roll
|
|-damage|p1b: Ursaluna|0 fnt|[from] brn
|faint|p1b: Ursaluna
|upkeep
|turn|8
|-message|iwassliverfish forfeited.
|
|win|Ribombees believer
|l|☆iwassliverfish
|player|p1|
||iwassliverfish is ready for game 2.
