|j|☆GS LUIrx
|html|TheLeojGS LUIrx    
|uhtml|bestof|Game 2 of a best-of-3
|t:|1783705068
|gametype|doubles
|player|p1|TheLeoj|2|
|player|p2|GS LUIrx|170|
|gen|9
|tier|[Gen 9 Champions] VGC 2026 Reg M-B (Bo3)
|rule|Species Clause: Limit one of each Pokémon
|rule|Item Clause: Limit 1 of each item
|clearpoke
|poke|p1|Gengar, L50, M, shiny|
|poke|p1|Kommo-o, L50, M, shiny|
|poke|p1|Tinkaton, L50, F, shiny|
|poke|p1|Incineroar, L50, M, shiny|
|poke|p1|Politoed, L50, F, shiny|
|poke|p1|Sinistcha, L50, shiny|
|poke|p2|Sylveon, L50, F, shiny|
|poke|p2|Charizard, L50, M, shiny|
|poke|p2|Aerodactyl, L50, M, shiny|
|poke|p2|Garchomp, L50, F, shiny|
|poke|p2|Incineroar, L50, F, shiny|
|poke|p2|Farigiraf, L50, M, shiny|
|teampreview|4
|showteam|p1|Gengar||Gengarite|CursedBody|Disable,PerishSong,Protect,ShadowBall|Timid||M|||50|]Kommo-o||Leftovers|Soundproof|ClangingScales,ClangorousSoul,AuraSphere,Protect|Modest||M|||50|]Tinkaton||ShucaBerry|MoldBreaker|GigatonHammer,FakeOut,Protect,Encore|Jolly||F|||50|]Incineroar||PasshoBerry|Intimidate|FakeOut,ThroatChop,Protect,PartingShot|Careful||M|||50|]Politoed||SitrusBerry|Drizzle|PerishSong,WeatherBall,Protect,Encore|Bold||F|||50|]Sinistcha||KasibBerry|Hospitality|RagePowder,LifeDew,MatchaGotcha,Protect|Relaxed|||||50|
|showteam|p2|Sylveon||FairyFeather|Pixilate|HyperVoice,Detect,Yawn,QuickAttack|Modest||F|||50|]Charizard||CharizarditeY|Blaze|Protect,SolarBeam,HeatWave,WeatherBall|Modest||M|||50|]Aerodactyl||FocusSash|Unnerve|WideGuard,Tailwind,Protect,RockSlide|Jolly||M|||50|]Garchomp||LifeOrb|RoughSkin|DragonClaw,Protect,Earthquake,RockSlide|Jolly||F|||50|]Incineroar||Charcoal|Intimidate|DarkestLariat,FakeOut,PartingShot,FlareBlitz|Brave||F|||50|]Farigiraf||SitrusBerry|ArmorTail|HelpingHand,Protect,TrickRoom,Thunderbolt|Calm||M|||50|
|j|☆TheLeoj
|player|p1|TheLeoj|2|
|c|☆TheLeoj|Deu bom?
|
|t:|1783705176
|teamsize|p1|4
|teamsize|p2|4
|start
|switch|p1a: Tinkaton|Tinkaton, L50, F, shiny|100/100
|switch|p1b: Gengar|Gengar, L50, M, shiny|100/100
|switch|p2a: Charizard|Charizard, L50, M, shiny|100/100
|switch|p2b: Aerodactyl|Aerodactyl, L50, M, shiny|100/100
|-ability|p2b: Aerodactyl|Unnerve
|-ability|p1a: Tinkaton|Mold Breaker
|turn|1
|
|t:|1783705226
|detailschange|p2a: Charizard|Charizard-Mega-Y, L50, M, shiny
|-mega|p2a: Charizard|Charizard|Charizardite Y
|-weather|SunnyDay|[from] ability: Drought|[of] p2a: Charizard
|detailschange|p1b: Gengar|Gengar-Mega, L50, M, shiny
|-mega|p1b: Gengar|Gengar|Gengarite
|move|p1b: Gengar|Protect|p1b: Gengar
|-singleturn|p1b: Gengar|Protect
|move|p1a: Tinkaton|Protect|p1a: Tinkaton
|-singleturn|p1a: Tinkaton|Protect
|move|p2b: Aerodactyl|Tailwind|p2b: Aerodactyl
|-sidestart|p2: GS LUIrx|move: Tailwind
|move|p2a: Charizard|Heat Wave|p1b: Gengar|[spread] 
|-activate|p1a: Tinkaton|move: Protect
|-activate|p1b: Gengar|move: Protect
|
|-weather|SunnyDay|[upkeep]
|upkeep
|turn|2
|
|t:|1783705310
|switch|p1a: Politoed|Politoed, L50, F, shiny|100/100
|-weather|RainDance|[from] ability: Drizzle|[of] p1a: Politoed
|move|p2b: Aerodactyl|Rock Slide|p1b: Gengar|[spread] p1a,p1b
|-damage|p1a: Politoed|79/100
|-damage|p1b: Gengar|70/100
|move|p2a: Charizard|Heat Wave|p1a: Politoed|[spread] p1a,p1b
|-resisted|p1a: Politoed|1
|-damage|p1a: Politoed|69/100
|-damage|p1b: Gengar|45/100
|move|p1b: Gengar|Perish Song|p1b: Gengar
|-start|p1a: Politoed|perish3|[silent]
|-start|p1b: Gengar|perish3|[silent]
|-start|p2a: Charizard|perish3|[silent]
|-start|p2b: Aerodactyl|perish3|[silent]
|-fieldactivate|move: Perish Song
|
|-weather|RainDance|[upkeep]
|-start|p2b: Aerodactyl|perish3
|-start|p2a: Charizard|perish3
|-start|p1b: Gengar|perish3
|-start|p1a: Politoed|perish3
|upkeep
|turn|3
|l|☆TheLeoj
|player|p1|
|j|☆TheLeoj
|player|p1|TheLeoj|2|
|n|☆TheLeoj|theleoj
|
|t:|1783705412
|move|p1b: Gengar|Protect|p1b: Gengar
|-singleturn|p1b: Gengar|Protect
|move|p1a: Politoed|Protect|p1a: Politoed
|-singleturn|p1a: Politoed|Protect
|move|p2b: Aerodactyl|Rock Slide|p1a: Politoed|[spread] 
|-activate|p1a: Politoed|move: Protect
|-activate|p1b: Gengar|move: Protect
|move|p2a: Charizard|Solar Beam||[still]
|-prepare|p2a: Charizard|Solar Beam
|
|-weather|RainDance|[upkeep]
|-start|p2b: Aerodactyl|perish2
|-start|p2a: Charizard|perish2
|-start|p1b: Gengar|perish2
|-start|p1a: Politoed|perish2
|upkeep
|turn|4
|
|t:|1783705526
|switch|p1b: Kommo-o|Kommo-o, L50, M, shiny|100/100
|move|p2b: Aerodactyl|Rock Slide|p1a: Politoed|[spread] p1a,p1b
|-resisted|p1b: Kommo-o|1
|-crit|p1b: Kommo-o
|-damage|p1a: Politoed|49/100
|-damage|p1b: Kommo-o|80/100
|move|p2a: Charizard|Solar Beam|p1a: Politoed|[from] lockedmove
|-supereffective|p1a: Politoed|1
|-damage|p1a: Politoed|6/100
|move|p1a: Politoed|Weather Ball|p2a: Charizard
|-supereffective|p2a: Charizard|1
|-damage|p2a: Charizard|9/100
|
|-weather|RainDance|[upkeep]
|-heal|p1b: Kommo-o|86/100|[from] item: Leftovers
|-start|p2b: Aerodactyl|perish1
|-start|p2a: Charizard|perish1
|-start|p1a: Politoed|perish1
|-sideend|p2: GS LUIrx|move: Tailwind
|upkeep
|turn|5
|
|t:|1783705569
|switch|p2a: Sylveon|Sylveon, L50, F, shiny|100/100
|move|p2b: Aerodactyl|Protect|p2b: Aerodactyl
|-singleturn|p2b: Aerodactyl|Protect
|move|p1a: Politoed|Protect|p1a: Politoed
|-singleturn|p1a: Politoed|Protect
|move|p1b: Kommo-o|Clangorous Soul|p1b: Kommo-o
|-boost|p1b: Kommo-o|atk|1
|-boost|p1b: Kommo-o|def|1
|-boost|p1b: Kommo-o|spa|1
|-boost|p1b: Kommo-o|spd|1
|-boost|p1b: Kommo-o|spe|1
|-damage|p1b: Kommo-o|53/100
|
|-weather|RainDance|[upkeep]
|-heal|p1b: Kommo-o|59/100|[from] item: Leftovers
|-start|p2b: Aerodactyl|perish0
|-start|p1a: Politoed|perish0
|faint|p2b: Aerodactyl
|faint|p1a: Politoed
|upkeep
|
|t:|1783705616
|switch|p2b: Incineroar|Incineroar, L50, F, shiny|100/100
|switch|p1a: Gengar|Gengar-Mega, L50, M, shiny|45/100
|-ability|p2b: Incineroar|Intimidate|boost
|-unboost|p1a: Gengar|atk|1
|-unboost|p1b: Kommo-o|atk|1
|turn|6
|
|t:|1783705646
|move|p2b: Incineroar|Fake Out|p1b: Kommo-o
|-damage|p1b: Kommo-o|51/100
|move|p2a: Sylveon|Quick Attack|p1b: Kommo-o
|-supereffective|p1b: Kommo-o|2
|-damage|p1b: Kommo-o|17/100
|cant|p1b: Kommo-o|flinch
|move|p1a: Gengar|Shadow Ball|p2a: Sylveon
|-damage|p2a: Sylveon|68/100
|
|-weather|none
|-heal|p1b: Kommo-o|23/100|[from] item: Leftovers
|upkeep
|turn|7
|
|t:|1783705670
|move|p1b: Kommo-o|Protect|p1b: Kommo-o
|-singleturn|p1b: Kommo-o|Protect
|move|p2a: Sylveon|Quick Attack|p1b: Kommo-o
|-activate|p1b: Kommo-o|move: Protect
|move|p1a: Gengar|Disable|p2a: Sylveon
|-start|p2a: Sylveon|Disable|Quick Attack
|move|p2b: Incineroar|Darkest Lariat|p1a: Gengar
|-supereffective|p1a: Gengar|1
|-damage|p1a: Gengar|0 fnt
|faint|p1a: Gengar
|
|-heal|p1b: Kommo-o|28/100|[from] item: Leftovers
|upkeep
|
|t:|1783705685
|switch|p1a: Tinkaton|Tinkaton, L50, F, shiny|100/100
|-ability|p1a: Tinkaton|Mold Breaker
|turn|8
|
|t:|1783705779
|move|p2a: Sylveon|Detect|p2a: Sylveon
|-singleturn|p2a: Sylveon|Protect
|move|p1b: Kommo-o|Aura Sphere|p2b: Incineroar
|-supereffective|p2b: Incineroar|1
|-damage|p2b: Incineroar|0 fnt
|faint|p2b: Incineroar
|move|p1a: Tinkaton|Gigaton Hammer|p2a: Sylveon
|-activate|p2a: Sylveon|move: Protect
|
|-heal|p1b: Kommo-o|34/100|[from] item: Leftovers
|upkeep
|
|t:|1783705791
|switch|p2b: Charizard|Charizard-Mega-Y, L50, M, shiny|9/100
|-weather|SunnyDay|[from] ability: Drought|[of] p2b: Charizard
|turn|9
|
|t:|1783705805
|move|p1b: Kommo-o|Clanging Scales|p2a: Sylveon|[spread] p2b
|-immune|p2a: Sylveon
|-damage|p2b: Charizard|0 fnt
|faint|p2b: Charizard
|-unboost|p1b: Kommo-o|def|1
|move|p1a: Tinkaton|Encore|p2a: Sylveon
|-start|p2a: Sylveon|Encore
|move|p2a: Sylveon|Detect||[still]
|-fail|p2a: Sylveon
|
|-weather|SunnyDay|[upkeep]
|-heal|p1b: Kommo-o|40/100|[from] item: Leftovers
|upkeep
|turn|10
|
|t:|1783705826
|move|p1b: Kommo-o|Protect|p1b: Kommo-o
|-singleturn|p1b: Kommo-o|Protect
|move|p1a: Tinkaton|Protect|p1a: Tinkaton
|-singleturn|p1a: Tinkaton|Protect
|move|p2a: Sylveon|Detect||[still]
|-fail|p2a: Sylveon
|
|-weather|SunnyDay|[upkeep]
|-heal|p1b: Kommo-o|46/100|[from] item: Leftovers
|upkeep
|turn|11
|
|t:|1783705839
|move|p2a: Sylveon|Detect|p2a: Sylveon
|-singleturn|p2a: Sylveon|Protect
|move|p1b: Kommo-o|Aura Sphere|p2a: Sylveon
|-activate|p2a: Sylveon|move: Protect
|move|p1a: Tinkaton|Gigaton Hammer|p2a: Sylveon
|-activate|p2a: Sylveon|move: Protect
|
|-weather|SunnyDay|[upkeep]
|-heal|p1b: Kommo-o|52/100|[from] item: Leftovers
|-end|p2a: Sylveon|Encore
|-end|p2a: Sylveon|Disable
|upkeep
|turn|12
|
|t:|1783705856
|move|p1b: Kommo-o|Protect|p1b: Kommo-o
|-singleturn|p1b: Kommo-o|Protect
|move|p1a: Tinkaton|Protect|p1a: Tinkaton
|-singleturn|p1a: Tinkaton|Protect
|move|p2a: Sylveon|Quick Attack|p1b: Kommo-o
|-activate|p1b: Kommo-o|move: Protect
|
|-weather|SunnyDay|[upkeep]
|-heal|p1b: Kommo-o|58/100|[from] item: Leftovers
|upkeep
|turn|13
|l|☆GS LUIrx
|player|p2|
|inactive|Battle timer is ON: inactive players will automatically lose when time's up. (requested by TheLeoj)
|j|☆GS LUIrx
|inactive|GS LUIrx reconnected and has 90 seconds left.
|player|p2|GS LUIrx|170|
|
|t:|1783705999
|move|p2a: Sylveon|Detect|p2a: Sylveon
|-singleturn|p2a: Sylveon|Protect
|move|p1b: Kommo-o|Aura Sphere|p2a: Sylveon
|-activate|p2a: Sylveon|move: Protect
|move|p1a: Tinkaton|Gigaton Hammer|p2a: Sylveon
|-activate|p2a: Sylveon|move: Protect
|
|-weather|none
|-heal|p1b: Kommo-o|64/100|[from] item: Leftovers
|upkeep
|turn|14
|
|t:|1783706011
|move|p1b: Kommo-o|Aura Sphere|p2a: Sylveon
|-resisted|p2a: Sylveon|1
|-damage|p2a: Sylveon|48/100
|move|p1a: Tinkaton|Encore|p2a: Sylveon
|-start|p2a: Sylveon|Encore
|move|p2a: Sylveon|Detect||[still]
|-fail|p2a: Sylveon
|
|-heal|p1b: Kommo-o|70/100|[from] item: Leftovers
|upkeep
|turn|15
|
|t:|1783706025
|move|p1a: Tinkaton|Protect|p1a: Tinkaton
|-singleturn|p1a: Tinkaton|Protect
|move|p2a: Sylveon|Detect|p2a: Sylveon
|-singleturn|p2a: Sylveon|Protect
|move|p1b: Kommo-o|Aura Sphere|p2a: Sylveon
|-activate|p2a: Sylveon|move: Protect
|
|-heal|p1b: Kommo-o|76/100|[from] item: Leftovers
|upkeep
|turn|16
|
|t:|1783706036
|move|p2a: Sylveon|Detect||[still]
|-fail|p2a: Sylveon
|move|p1b: Kommo-o|Aura Sphere|p2a: Sylveon
|-resisted|p2a: Sylveon|1
|-damage|p2a: Sylveon|29/100
|move|p1a: Tinkaton|Gigaton Hammer|p2a: Sylveon
|-supereffective|p2a: Sylveon|1
|-damage|p2a: Sylveon|0 fnt
|faint|p2a: Sylveon
|
|win|TheLeoj
