|j|☆AnimeRedneck
|j|☆tailroom timmy
|html|AnimeRednecktailroom timmy    
|uhtml|bestof|Game 2 of a best-of-3
|t:|1786159953
|gametype|doubles
|player|p1|AnimeRedneck|steven-masters5|
|player|p2|tailroom timmy|caitlin|
|gen|9
|tier|[Gen 9 Champions] VGC 2026 Reg M-B (Bo3)
|rule|Species Clause: Limit one of each Pokémon
|rule|Item Clause: Limit 1 of each item
|clearpoke
|poke|p1|Arcanine-Hisui, L50, F|
|poke|p1|Staraptor, L50, M, shiny|
|poke|p1|Farigiraf, L50, F|
|poke|p1|Sylveon, L50, M|
|poke|p1|Kingambit, L50, M|
|poke|p1|Raichu, L50, F|
|poke|p2|Gardevoir, L50, M, shiny|
|poke|p2|Sneasler, L50, F, shiny|
|poke|p2|Maushold, L50|
|poke|p2|Talonflame, L50, M|
|poke|p2|Lycanroc-Dusk, L50, M|
|poke|p2|Basculegion, L50, M, shiny|
|teampreview|4
|showteam|p1|Arcanine-Hisui||FocusSash|RockHead|Protect,ExtremeSpeed,HeadSmash,FlareBlitz|Jolly||F|||50|]Staraptor||Staraptite|Intimidate|Tailwind,Protect,CloseCombat,DualWingbeat|Jolly||M|||50|]Farigiraf||SitrusBerry|ArmorTail|Protect,Psychic,TrickRoom,HelpingHand|Calm||F|||50|]Sylveon||FairyFeather|Pixilate|Protect,HyperBeam,HyperVoice,QuickAttack|Modest||M|||50|]Kingambit||LifeOrb|Defiant|Protect,KowtowCleave,SwordsDance,SuckerPunch|Adamant||M|||50|]Raichu||RaichuniteY|LightningRod|Protect,ZapCannon,FakeOut,FocusBlast|Timid||F|||50|
|showteam|p2|Gardevoir||Gardevoirite|Synchronize|HyperVoice,Psychic,TrickRoom,Protect|Modest||M|||50|]Sneasler||WhiteHerb|Unburden|CloseCombat,DireClaw,Protect,FakeOut|Adamant||F|||50|]Maushold||ChopleBerry|FriendGuard|SuperFang,FollowMe,Protect,Feint|Impish|||||50|]Talonflame||LifeOrb|GaleWings|BraveBird,Overheat,Tailwind,Protect|Naive||M|||50|]Lycanroc-Dusk||FocusSash|ToughClaws|RockSlide,Accelerock,CloseCombat,Protect|Adamant||M|||50|]Basculegion||SitrusBerry|Adaptability|WaveCrash,LastRespects,AquaJet,Protect|Adamant||M|||50|
|j| tedidn
|j| coolguy14604
|j| HussValleyVGC
|j| triziateam
|j| SurfingJackal
|
|t:|1786159967
|teamsize|p1|4
|teamsize|p2|4
|start
|switch|p1a: Farigiraf|Farigiraf, L50, F|100/100
|switch|p1b: Raichu|Raichu, L50, F|100/100
|switch|p2a: Gardevoir|Gardevoir, L50, M, shiny|100/100
|switch|p2b: Maushold|Maushold, L50|100/100
|turn|1
|l| triziateam
|j| triziateam
|inactive|Battle timer is ON: inactive players will automatically lose when time's up. (requested by tailroom timmy)
|
|t:|1786159996
|detailschange|p1b: Raichu|Raichu-Mega-Y, L50, F
|-mega|p1b: Raichu|Raichu|Raichunite Y
|detailschange|p2a: Gardevoir|Gardevoir-Mega, L50, M, shiny
|-mega|p2a: Gardevoir|Gardevoir|Gardevoirite
|move|p2b: Maushold|Protect|p2b: Maushold
|-singleturn|p2b: Maushold|Protect
|move|p1a: Farigiraf|Protect|p1a: Farigiraf
|-singleturn|p1a: Farigiraf|Protect
|move|p1b: Raichu|Focus Blast|p2b: Maushold
|-activate|p2b: Maushold|move: Protect
|move|p2a: Gardevoir|Hyper Voice|p1a: Farigiraf|[spread] p1b
|-activate|p1a: Farigiraf|move: Protect
|-damage|p1b: Raichu|40/100
|
|upkeep
|turn|2
|inactive|AnimeRedneck has 30 seconds left.
|c| HussValleyVGC|I am HussValleyVGC
|
|t:|1786160024
|move|p2b: Maushold|Follow Me|p2b: Maushold
|-singleturn|p2b: Maushold|move: Follow Me
|move|p1b: Raichu|Focus Blast|p2b: Maushold
|-supereffective|p2b: Maushold|1
|-enditem|p2b: Maushold|Chople Berry|[eat]
|-enditem|p2b: Maushold|Chople Berry|[weaken]
|-damage|p2b: Maushold|51/100
|move|p2a: Gardevoir|Hyper Voice|p1b: Raichu|[spread] p1a,p1b
|-damage|p1a: Farigiraf|57/100
|-damage|p1b: Raichu|0 fnt
|faint|p1b: Raichu
|move|p1a: Farigiraf|Trick Room|p1a: Farigiraf
|-fieldstart|move: Trick Room|[of] p1a: Farigiraf
|
|upkeep
|
|t:|1786160033
|switch|p1b: Sylveon|Sylveon, L50, M|100/100
|turn|3
|
|t:|1786160043
|move|p1a: Farigiraf|Helping Hand|p1b: Sylveon
|-singleturn|p1b: Sylveon|Helping Hand|[of] p1a: Farigiraf
|move|p2b: Maushold|Protect|p2b: Maushold
|-singleturn|p2b: Maushold|Protect
|move|p1b: Sylveon|Hyper Voice|p2a: Gardevoir|[spread] p2a
|-activate|p2b: Maushold|move: Protect
|-damage|p2a: Gardevoir|58/100
|move|p2a: Gardevoir|Trick Room|p2a: Gardevoir
|-fieldend|move: Trick Room
|
|upkeep
|turn|4
|inactive|AnimeRedneck has 30 seconds left.
|
|t:|1786160070
|switch|p1a: Kingambit|Kingambit, L50, M|100/100
|move|p2b: Maushold|Super Fang|p1a: Kingambit|[miss]
|-miss|p2b: Maushold|p1a: Kingambit
|move|p2a: Gardevoir|Hyper Voice|p1b: Sylveon|[spread] p1a,p1b
|-damage|p1a: Kingambit|52/100
|-damage|p1b: Sylveon|66/100
|move|p1b: Sylveon|Hyper Beam|p2a: Gardevoir
|-damage|p2a: Gardevoir|0 fnt
|-mustrecharge|p1b: Sylveon
|faint|p2a: Gardevoir
|
|upkeep
|
|t:|1786160080
|switch|p2a: Lycanroc|Lycanroc-Dusk, L50, M|100/100
|turn|5
|
|t:|1786160090
|switch|p1a: Farigiraf|Farigiraf, L50, F|57/100
|move|p2a: Lycanroc|Rock Slide|p1b: Sylveon|[spread] p1a,p1b
|-damage|p1a: Farigiraf|31/100
|-damage|p1b: Sylveon|35/100
|-enditem|p1a: Farigiraf|Sitrus Berry|[eat]
|-heal|p1a: Farigiraf|55/100|[from] item: Sitrus Berry
|move|p2b: Maushold|Super Fang|p1a: Farigiraf
|-damage|p1a: Farigiraf|28/100
|cant|p1b: Sylveon|recharge
|
|upkeep
|turn|6
|
|t:|1786160108
|move|p2b: Maushold|Follow Me|p2b: Maushold
|-singleturn|p2b: Maushold|move: Follow Me
|move|p2a: Lycanroc|Rock Slide|p1a: Farigiraf|[spread] p1a,p1b
|-damage|p1a: Farigiraf|2/100
|-damage|p1b: Sylveon|3/100
|move|p1b: Sylveon|Hyper Voice|p2a: Lycanroc|[spread] p2a,p2b
|-damage|p2a: Lycanroc|43/100
|-damage|p2b: Maushold|0 fnt
|faint|p2b: Maushold
|move|p1a: Farigiraf|Trick Room|p1a: Farigiraf
|-fieldstart|move: Trick Room|[of] p1a: Farigiraf
|
|upkeep
|
|t:|1786160114
|switch|p2b: Basculegion|Basculegion, L50, M, shiny|100/100
|turn|7
|
|t:|1786160126
|move|p1a: Farigiraf|Helping Hand|p1b: Sylveon
|-singleturn|p1b: Sylveon|Helping Hand|[of] p1a: Farigiraf
|move|p2b: Basculegion|Protect|p2b: Basculegion
|-singleturn|p2b: Basculegion|Protect
|move|p1b: Sylveon|Hyper Voice|p2b: Basculegion|[spread] p2a
|-activate|p2b: Basculegion|move: Protect
|-damage|p2a: Lycanroc|0 fnt
|faint|p2a: Lycanroc
|
|upkeep
|turn|8
|
|t:|1786160134
|move|p1a: Farigiraf|Psychic|p2b: Basculegion
|-damage|p2b: Basculegion|66/100
|move|p1b: Sylveon|Hyper Beam|p2b: Basculegion
|-damage|p2b: Basculegion|0 fnt
|-mustrecharge|p1b: Sylveon
|faint|p2b: Basculegion
|
|win|AnimeRedneck
|c|☆tailroom timmy|ggs!
|l| HussValleyVGC
|j| thebigmacky
|l|☆tailroom timmy
|player|p2|
|c| triziateam|Gg
|c|☆AnimeRedneck|Ggs
|l| coolguy14604
|l| triziateam
|l| tedidn
|l| SurfingJackal
|l|☆AnimeRedneck
|player|p1|
|j|☆AnimeRedneck
|player|p1|AnimeRedneck|steven-masters5|
