|j|☆UncAshty
|j|☆lootlock
|html|UncAshtylootlock    
|uhtml|bestof|Game 1 of a best-of-3
|t:|1783266120
|gametype|doubles
|player|p1|UncAshty|swimmer|
|player|p2|lootlock|ghetsis|
|gen|9
|tier|[Gen 9 Champions] VGC 2026 Reg M-B (Bo3)
|rule|Species Clause: Limit one of each Pokémon
|rule|Item Clause: Limit 1 of each item
|clearpoke
|poke|p1|Pelipper, L50, M|
|poke|p1|Palafin, L50, F|
|poke|p1|Raichu, L50, M, shiny|
|poke|p1|Swampert, L50, F|
|poke|p1|Toxicroak, L50, M, shiny|
|poke|p1|Meganium, L50, M, shiny|
|poke|p2|Annihilape, L50, M, shiny|
|poke|p2|Maushold, L50, shiny|
|poke|p2|Farigiraf, L50, F, shiny|
|poke|p2|Zoroark-Hisui, L50, M, shiny|
|poke|p2|Dragonite, L50, M, shiny|
|poke|p2|Alakazam, L50, M, shiny|
|teampreview|4
|showteam|p1|Pelipper||DampRock|Drizzle|Hurricane,Protect,Tailwind,WideGuard|Bold||M|||50|]Palafin||MysticWater|ZerotoHero|FlipTurn,Protect,WaveCrash,JetPunch|Jolly||F|||50|]Raichu||RaichuniteY|LightningRod|ZapCannon,FocusBlast,Protect,GrassKnot|Timid||M|||50|]Swampert||Swampertite|Torrent|Liquidation,Earthquake,IcePunch,FlipTurn|Adamant||F|||50|]Toxicroak||MentalHerb|DrySkin|FakeOut,CloseCombat,Protect,GunkShot|Jolly||M|||50|]Meganium||Meganiumite|Overgrow|DazzlingGleam,SolarBeam,WeatherBall,Protect|Timid||M|||50|
|showteam|p2|Annihilape||SitrusBerry|Defiant|RageFist,DrainPunch,BulkUp,Protect|Quirky||M|||50|]Maushold||ChoiceScarf|FriendGuard|FollowMe,Protect,BabyDollEyes,BeatUp|Serious|||||50|]Farigiraf||Leftovers|ArmorTail|Psychic,HelpingHand,TrickRoom,Thunder|Serious||F|||50|]Zoroark-Hisui||LifeOrb|Illusion|NastyPlot,ShadowBall,Flamethrower,GrassKnot|Serious||M|||50|]Dragonite||Dragoninite|Multiscale|DragonDance,ExtremeSpeed,Thunder,FirePunch|Serious||M|||50|]Alakazam||FocusSash|Synchronize|CalmMind,Psychic,FocusBlast,Psyshock|Serious||M|||50|
|
|t:|1783266139
|teamsize|p1|4
|teamsize|p2|4
|start
|switch|p1a: Pelipper|Pelipper, L50, M|100/100
|switch|p1b: Palafin|Palafin, L50, F|100/100
|switch|p2a: Annihilape|Annihilape, L50, M, shiny|100/100
|switch|p2b: Maushold|Maushold, L50, shiny|100/100
|-weather|RainDance|[from] ability: Drizzle|[of] p1a: Pelipper
|turn|1
|
|t:|1783266159
|move|p2b: Maushold|Beat Up|p2a: Annihilape
|-damage|p2a: Annihilape|97/100
|-damage|p2a: Annihilape|95/100
|-damage|p2a: Annihilape|93/100
|-damage|p2a: Annihilape|91/100
|-hitcount|p2a: Annihilape|4
|move|p1b: Palafin|Flip Turn|p2b: Maushold
|-damage|p2b: Maushold|46/100
|
|t:|1783266172
|detailschange|p1b: Palafin|Palafin-Hero, L50, F
|switch|p1b: Swampert|Swampert, L50, F|100/100|[from] Flip Turn
|move|p2a: Annihilape|Bulk Up|p2a: Annihilape
|-boost|p2a: Annihilape|atk|1
|-boost|p2a: Annihilape|def|1
|move|p1a: Pelipper|Tailwind|p1a: Pelipper
|-sidestart|p1: UncAshty|move: Tailwind
|
|-weather|RainDance|[upkeep]
|upkeep
|turn|2
|
|t:|1783266211
|detailschange|p1b: Swampert|Swampert-Mega, L50, F
|-mega|p1b: Swampert|Swampert|Swampertite
|move|p1b: Swampert|Ice Punch|p2b: Maushold
|-damage|p2b: Maushold|1/100
|move|p2b: Maushold|Beat Up|p2a: Annihilape
|-damage|p2a: Annihilape|89/100
|-damage|p2a: Annihilape|87/100
|-damage|p2a: Annihilape|86/100
|-damage|p2a: Annihilape|84/100
|-hitcount|p2a: Annihilape|4
|move|p1a: Pelipper|Hurricane|p2a: Annihilape
|-supereffective|p2a: Annihilape|1
|-damage|p2a: Annihilape|30/100
|-start|p2a: Annihilape|confusion
|-enditem|p2a: Annihilape|Sitrus Berry|[eat]
|-heal|p2a: Annihilape|55/100|[from] item: Sitrus Berry
|-activate|p2a: Annihilape|confusion
|move|p2a: Annihilape|Rage Fist|p1b: Swampert
|-damage|p1b: Swampert|0 fnt
|faint|p1b: Swampert
|
|-weather|RainDance|[upkeep]
|upkeep
|
|t:|1783266233
|switch|p1b: Palafin|Palafin-Hero, L50, F|100/100
|-activate|p1b: Palafin|ability: Zero to Hero
|turn|3
|
|t:|1783266249
|move|p1b: Palafin|Jet Punch|p2a: Annihilape
|-damage|p2a: Annihilape|21/100
|move|p2b: Maushold|Beat Up|p2a: Annihilape
|-damage|p2a: Annihilape|19/100
|-damage|p2a: Annihilape|18/100
|-damage|p2a: Annihilape|17/100
|-damage|p2a: Annihilape|15/100
|-hitcount|p2a: Annihilape|4
|move|p1a: Pelipper|Hurricane|p2a: Annihilape
|-supereffective|p2a: Annihilape|1
|-damage|p2a: Annihilape|0 fnt
|faint|p2a: Annihilape
|
|-weather|RainDance|[upkeep]
|upkeep
|
|t:|1783266264
|switch|p2a: Farigiraf|Farigiraf, L50, F, shiny|100/100
|turn|4
|
|t:|1783266293
|move|p1b: Palafin|Jet Punch|p2a: Farigiraf
|-damage|p2a: Farigiraf|10/100
|replace|p2a: Zoroark|Zoroark-Hisui, L50, M, shiny
|-end|p2a: Zoroark|Illusion
|move|p2b: Maushold|Beat Up|p1b: Palafin
|-damage|p1b: Palafin|96/100
|-damage|p1b: Palafin|93/100
|-damage|p1b: Palafin|90/100
|-hitcount|p1b: Palafin|3
|move|p1a: Pelipper|Hurricane|p2b: Maushold
|-damage|p2b: Maushold|0 fnt
|faint|p2b: Maushold
|move|p2a: Zoroark|Grass Knot|p1b: Palafin
|-supereffective|p1b: Palafin|1
|-damage|p1b: Palafin|16/100
|-damage|p2a: Zoroark|0 fnt|[from] item: Life Orb
|faint|p2a: Zoroark
|
|-weather|RainDance|[upkeep]
|-sideend|p1: UncAshty|move: Tailwind
|upkeep
|
|t:|1783266315
|switch|p2a: Farigiraf|Farigiraf, L50, F, shiny|100/100
|turn|5
|
|t:|1783266328
|move|p1b: Palafin|Wave Crash|p2a: Farigiraf
|-damage|p2a: Farigiraf|0 fnt
|faint|p2a: Farigiraf
|-damage|p1b: Palafin|0 fnt|[from] Recoil
|faint|p1b: Palafin
|
|win|UncAshty
||UncAshty is ready for game 2.
|inactive|lootlock has 30 seconds to confirm battle start!
