|j|☆Charizardnotdragon
|j|☆Illumina_ProfTipl
|html|CharizardnotdragonIllumina_ProfTipl    
|uhtml|bestof|Game 2 of a best-of-3
|t:|1757668341
|gametype|doubles
|player|p1|Charizardnotdragon|1|1078
|player|p2|Illumina_ProfTipl|101|1121
|gen|9
|tier|[Gen 9] VGC 2025 Reg H (Bo3)
|rated|
|rule|Species Clause: Limit one of each Pokémon
|rule|Item Clause: Limit 1 of each item
|clearpoke
|poke|p1|Basculegion, L50, M|
|poke|p1|Archaludon, L50, M|
|poke|p1|Pelipper, L50, F|
|poke|p1|Sneasler, L50, F|
|poke|p1|Indeedee, L50, M|
|poke|p1|Espathra, L50, M|
|poke|p2|Grimmsnarl, L50, M|
|poke|p2|Volcarona, L50, F|
|poke|p2|Sneasler, L50, F|
|poke|p2|Dragonite, L50, F|
|poke|p2|Rillaboom, L50, F|
|poke|p2|Gastrodon-East, L50, M|
|teampreview|4
|showteam|p1|Basculegion||ChoiceScarf|Adaptability|WaveCrash,LastRespects,PsychicFangs,FlipTurn|||M|||50|,,,,,Water]Archaludon||AssaultVest|Stamina|BodyPress,FlashCannon,ElectroShot,DracoMeteor|||M|||50|,,,,,Grass]Pelipper||FocusSash|Drizzle|Hurricane,Tailwind,WideGuard,HelpingHand|||F|||50|,,,,,Grass]Sneasler||PsychicSeed|Unburden|Protect,CloseCombat,DireClaw,ThroatChop|||F|||50|,,,,,Ghost]Indeedee||RedCard|PsychicSurge|ExpandingForce,TrickRoom,Protect,DrainingKiss|||M|||50|,,,,,Fairy]Espathra||ColburBerry|SpeedBoost|ExpandingForce,Protect,DazzlingGleam,LuminaCrash|||M|||50|,,,,,Fairy
|showteam|p2|Grimmsnarl||CovertCloak|Prankster|SpiritBreak,LightScreen,Reflect,ThunderWave|||M|||50|,,,,,Steel]Volcarona||Leftovers|FlameBody|GigaDrain,QuiverDance,FieryDance,Protect|||F|||50|,,,,,Grass]Sneasler||GrassySeed|Unburden|ThroatChop,FakeOut,CloseCombat,DireClaw|||F|||50|,,,,,Dark]Dragonite||LoadedDice|Multiscale|ScaleShot,Protect,Tailwind,ExtremeSpeed|||F|||50|,,,,,Fairy]Rillaboom||AssaultVest|GrassySurge|FakeOut,HighHorsepower,GrassyGlide,WoodHammer|||F|||50|,,,,,Fire]Gastrodon-East||SafetyGoggles|StormDrain|Protect,IceBeam,EarthPower,Yawn|||M|||50|,,,,,Steel
|inactive|Battle timer is ON: inactive players will automatically lose when time's up. (requested by Illumina_ProfTipl)
|
|t:|1757668375
|teamsize|p1|4
|teamsize|p2|4
|start
|switch|p1a: Pelipper|Pelipper, L50, F|100/100
|switch|p1b: Archaludon|Archaludon, L50, M|100/100
|switch|p2a: Grimmsnarl|Grimmsnarl, L50, M|100/100
|switch|p2b: Rillaboom|Rillaboom, L50, F|100/100
|-fieldstart|move: Grassy Terrain|[from] ability: Grassy Surge|[of] p2b: Rillaboom
|-weather|RainDance|[from] ability: Drizzle|[of] p1a: Pelipper
|turn|1
|
|t:|1757668387
|move|p1a: Pelipper|Helping Hand|p1b: Archaludon
|-singleturn|p1b: Archaludon|Helping Hand|[of] p1a: Pelipper
|move|p2a: Grimmsnarl|Light Screen|p2a: Grimmsnarl
|-sidestart|p2: Illumina_ProfTipl|move: Light Screen
|move|p2b: Rillaboom|Wood Hammer|p1a: Pelipper
|-damage|p1a: Pelipper|11/100
|-damage|p2b: Rillaboom|75/100|[from] Recoil
|move|p1b: Archaludon|Flash Cannon|p2a: Grimmsnarl
|-supereffective|p2a: Grimmsnarl
|-damage|p2a: Grimmsnarl|27/100
|
|-weather|RainDance|[upkeep]
|-heal|p2b: Rillaboom|81/100|[from] Grassy Terrain
|-heal|p2a: Grimmsnarl|33/100|[from] Grassy Terrain
|upkeep
|turn|2
|inactive|Illumina_ProfTipl has 30 seconds left.
|
|t:|1757668419
|switch|p2b: Gastrodon|Gastrodon-East, L50, M|100/100
|move|p1a: Pelipper|Helping Hand|p1b: Archaludon
|-singleturn|p1b: Archaludon|Helping Hand|[of] p1a: Pelipper
|move|p1b: Archaludon|Electro Shot||[still]
|-prepare|p1b: Archaludon|Electro Shot
|-boost|p1b: Archaludon|spa|1
|-anim|p1b: Archaludon|Electro Shot|p2a: Grimmsnarl
|-damage|p2a: Grimmsnarl|0 fnt
|faint|p2a: Grimmsnarl
|
|-weather|RainDance|[upkeep]
|upkeep
|
|t:|1757668431
|switch|p2a: Volcarona|Volcarona, L50, F|100/100
|turn|3
|
|t:|1757668451
|move|p2a: Volcarona|Protect|p2a: Volcarona
|-singleturn|p2a: Volcarona|Protect
|move|p1b: Archaludon|Electro Shot||[still]
|-prepare|p1b: Archaludon|Electro Shot
|-boost|p1b: Archaludon|spa|1
|-anim|p1b: Archaludon|Electro Shot|p2a: Volcarona
|-activate|p2a: Volcarona|move: Protect
|move|p1a: Pelipper|Tailwind|p1a: Pelipper
|-sidestart|p1: Charizardnotdragon|move: Tailwind
|move|p2b: Gastrodon|Ice Beam|p1a: Pelipper
|-damage|p1a: Pelipper|0 fnt
|faint|p1a: Pelipper
|
|-weather|RainDance|[upkeep]
|upkeep
|inactive|Charizardnotdragon has 30 seconds left.
|inactive|Charizardnotdragon has 20 seconds left.
|inactive|Charizardnotdragon has 15 seconds left.
|inactive|Charizardnotdragon has 10 seconds left.
|
|t:|1757668499
|switch|p1a: Indeedee|Indeedee, L50, M|100/100
|-fieldstart|move: Psychic Terrain|[from] ability: Psychic Surge|[of] p1a: Indeedee
|turn|4
|
|t:|1757668519
|switch|p2a: Rillaboom|Rillaboom, L50, F|81/100
|-fieldstart|move: Grassy Terrain|[from] ability: Grassy Surge|[of] p2a: Rillaboom
|move|p1a: Indeedee|Expanding Force|p2b: Gastrodon
|-damage|p2b: Gastrodon|81/100
|move|p1b: Archaludon|Draco Meteor|p2b: Gastrodon|[miss]
|-miss|p1b: Archaludon|p2b: Gastrodon
|move|p2b: Gastrodon|Yawn|p1b: Archaludon
|-start|p1b: Archaludon|move: Yawn|[of] p2b: Gastrodon
|
|-weather|RainDance|[upkeep]
|-heal|p2a: Rillaboom|87/100|[from] Grassy Terrain
|-heal|p2b: Gastrodon|87/100|[from] Grassy Terrain
|upkeep
|turn|5
|inactive|Charizardnotdragon has 30 seconds left.
|inactive|Charizardnotdragon has 20 seconds left.
|inactive|Illumina_ProfTipl has 30 seconds left.
|inactive|Charizardnotdragon has 15 seconds left.
|
|t:|1757668562
|switch|p1a: Sneasler|Sneasler, L50, F|100/100
|-terastallize|p1b: Archaludon|Grass
|move|p1b: Archaludon|Electro Shot||[still]
|-prepare|p1b: Archaludon|Electro Shot
|-boost|p1b: Archaludon|spa|1
|-anim|p1b: Archaludon|Electro Shot|p2a: Rillaboom
|-resisted|p2a: Rillaboom
|-crit|p2a: Rillaboom
|-damage|p2a: Rillaboom|25/100
|move|p2a: Rillaboom|Wood Hammer|p1a: Sneasler
|-resisted|p1a: Sneasler
|-damage|p1a: Sneasler|33/100
|-damage|p2a: Rillaboom|8/100|[from] Recoil
|move|p2b: Gastrodon|Yawn||[still]
|-fail|p2b: Gastrodon
|
|-weather|none
|-heal|p1a: Sneasler|39/100|[from] Grassy Terrain
|-heal|p2a: Rillaboom|14/100|[from] Grassy Terrain
|-heal|p2b: Gastrodon|93/100|[from] Grassy Terrain
|-end|p1b: Archaludon|move: Yawn|[silent]
|-status|p1b: Archaludon|slp
|-sideend|p2: Illumina_ProfTipl|move: Light Screen
|upkeep
|turn|6
|inactive|Charizardnotdragon has 30 seconds left.
|inactive|Illumina_ProfTipl has 30 seconds left.
|
|t:|1757668593
|move|p2a: Rillaboom|Grassy Glide|p1a: Sneasler
|-resisted|p1a: Sneasler
|-damage|p1a: Sneasler|6/100
|move|p1a: Sneasler|Dire Claw|p2a: Rillaboom
|-supereffective|p2a: Rillaboom
|-damage|p2a: Rillaboom|0 fnt
|faint|p2a: Rillaboom
|cant|p1b: Archaludon|slp
|move|p2b: Gastrodon|Earth Power|p1a: Sneasler
|-supereffective|p1a: Sneasler
|-damage|p1a: Sneasler|0 fnt
|faint|p1a: Sneasler
|
|-heal|p2b: Gastrodon|99/100|[from] Grassy Terrain
|-sideend|p1: Charizardnotdragon|move: Tailwind
|upkeep
|
|t:|1757668609
|switch|p1a: Indeedee|Indeedee, L50, M|100/100
|switch|p2a: Volcarona|Volcarona, L50, F|100/100
|-fieldstart|move: Psychic Terrain|[from] ability: Psychic Surge|[of] p1a: Indeedee
|turn|7
|
|t:|1757668624
|move|p2a: Volcarona|Quiver Dance|p2a: Volcarona
|-boost|p2a: Volcarona|spa|1
|-boost|p2a: Volcarona|spd|1
|-boost|p2a: Volcarona|spe|1
|move|p1a: Indeedee|Expanding Force|p2b: Gastrodon|[spread] p2a,p2b
|-crit|p2a: Volcarona
|-damage|p2a: Volcarona|41/100
|-damage|p2b: Gastrodon|55/100
|cant|p1b: Archaludon|slp
|move|p2b: Gastrodon|Yawn|p1a: Indeedee
|-start|p1a: Indeedee|move: Yawn|[of] p2b: Gastrodon
|
|-heal|p2a: Volcarona|47/100|[from] item: Leftovers
|upkeep
|turn|8
|
|t:|1757668641
|move|p2a: Volcarona|Fiery Dance|p1b: Archaludon
|-supereffective|p1b: Archaludon
|-crit|p1b: Archaludon
|-damage|p1b: Archaludon|0 fnt
|-boost|p2a: Volcarona|spa|1
|faint|p1b: Archaludon
|move|p2b: Gastrodon|Ice Beam|p1a: Indeedee
|-damage|p1a: Indeedee|77/100
|move|p1a: Indeedee|Trick Room|p1a: Indeedee
|-fieldstart|move: Trick Room|[of] p1a: Indeedee
|
|-heal|p2a: Volcarona|53/100|[from] item: Leftovers
|-end|p1a: Indeedee|move: Yawn|[silent]
|-status|p1a: Indeedee|slp
|upkeep
|turn|9
|
|t:|1757668655
|move|p2b: Gastrodon|Earth Power|p1a: Indeedee
|-damage|p1a: Indeedee|35/100 slp
|cant|p1a: Indeedee|slp
|move|p2a: Volcarona|Giga Drain|p1a: Indeedee
|-damage|p1a: Indeedee|0 fnt
|-heal|p2a: Volcarona|68/100|[from] drain|[of] p1a: Indeedee
|faint|p1a: Indeedee
|
|win|Illumina_ProfTipl
||Illumina_ProfTipl is ready for game 3.
|inactive|Charizardnotdragon has 30 seconds to confirm battle start!
|inactive|Charizardnotdragon has 20 seconds to confirm battle start!
|l|☆Charizardnotdragon
|player|p1|
||Charizardnotdragon is ready for game 3.
|uhtml|next|Next: Game 3 of 3
|l|☆Illumina_ProfTipl
|player|p2|
