|j|☆ESCharge
|j|‽YarikFireDragon
|html|ESChargeYarikFireDragon    
|uhtml|bestof|Game 2 of a best-of-3
|t:|1786115649
|gametype|doubles
|player|p1|ESCharge|byron|
|player|p2|YarikFireDragon|2|
|gen|9
|tier|[Gen 9 Champions] VGC 2026 Reg M-B (Bo3)
|rule|Species Clause: Limit one of each Pokémon
|rule|Item Clause: Limit 1 of each item
|clearpoke
|poke|p1|Heliolisk, L50, M|
|poke|p1|Slowbro, L50, M|
|poke|p1|Zoroark, L50, F|
|poke|p1|Tinkaton, L50, F|
|poke|p1|Sableye, L50, M|
|poke|p1|Luxray, L50, M, shiny|
|poke|p2|Runerigus, L50, F|
|poke|p2|Abomasnow, L50, F|
|poke|p2|Mr. Rime, L50, F|
|poke|p2|Slowbro, L50, M|
|poke|p2|Steelix, L50, M|
|poke|p2|Toucannon, L50, F|
|teampreview|4
|showteam|p1|Heliolisk||WiseGlasses|SandVeil|Discharge,MorningSun,Substitute,HyperVoice|Timid||M|||50|]Slowbro||Slowbronite|Oblivious|SlackOff,IronDefense,Amnesia,StoredPower|Calm||M|||50|]Zoroark||WideLens|Illusion|Snarl,FocusBlast,Protect,Detect|Timid||F|||50|]Tinkaton||LifeOrb|OwnTempo|GigatonHammer,IceHammer,PlayRough,FakeOut|Adamant||F|||50|]Sableye||Sablenite|Prankster|ThunderWave,WillOWisp,Taunt,Recover|Calm||M|||50|]Luxray||MuscleBand|Guts|Agility,SupercellSlam,Facade,PsychicFangs|Adamant||M|||50|
|showteam|p2|Runerigus||SitrusBerry|WanderingSpirit|TrickRoom,BodyPress,Earthquake,Poltergeist|Sassy||F|||50|]Abomasnow||Abomasite|SnowWarning|Blizzard,IceBeam,Earthquake,Protect|Quiet||F|||50|]Mr. Rime||LightClay|IceBody|LightScreen,Reflect,Psychic,TrickRoom|Sassy||F|||50|]Slowbro||LifeOrb|Oblivious|TrickRoom,ShadowBall,HydroPump,PsychicTerrain|Quiet||M|||50|]Steelix||Steelixite|RockHead|BodyPress,HeavySlam,Protect,Earthquake|Brave||M|||50|]Toucannon||FocusSash|SkillLink|Acrobatics,RockBlast,KnockOff,BulletSeed|Brave||F|||50|
|inactive|Battle timer is ON: inactive players will automatically lose when time's up. (requested by ESCharge)
|inactive|YarikFireDragon has 60 seconds left.
|
|t:|1786115687
|teamsize|p1|4
|teamsize|p2|4
|start
|switch|p1a: Demond|Sableye, L50, M|100/100
|switch|p1b: Light|Luxray, L50, M, shiny|100/100
|switch|p2a: Toucannon|Toucannon, L50, F|100/100
|switch|p2b: Slowbro|Slowbro, L50, M|100/100
|turn|1
|
|t:|1786115711
|move|p1a: Demond|Will-O-Wisp|p2a: Toucannon|[miss]
|-miss|p1a: Demond|p2a: Toucannon
|move|p1b: Light|Snarl|p2b: Slowbro|[spread] p2a,p2b
|-supereffective|p2b: Slowbro|1
|-damage|p2a: Toucannon|77/100
|-damage|p2b: Slowbro|60/100
|-unboost|p2a: Toucannon|spa|1
|-unboost|p2b: Slowbro|spa|1
|move|p2a: Toucannon|Bullet Seed|p1a: Demond
|-damage|p1a: Demond|87/100
|-damage|p1a: Demond|73/100
|-damage|p1a: Demond|59/100
|-damage|p1a: Demond|45/100
|-damage|p1a: Demond|32/100
|-hitcount|p1a: Demond|5
|move|p2b: Slowbro|Psychic Terrain|p2b: Slowbro
|-fieldstart|move: Psychic Terrain
|
|upkeep
|turn|2
|inactive|ESCharge has 30 seconds left.
|inactive|YarikFireDragon has 30 seconds left.
|
|t:|1786115744
|move|p1a: Demond|Will-O-Wisp|p2a: Toucannon
|-status|p2a: Toucannon|brn
|move|p1b: Light|Snarl|p2b: Slowbro|[spread] p2a,p2b
|-supereffective|p2b: Slowbro|1
|-damage|p2a: Toucannon|52/100 brn
|-damage|p2b: Slowbro|15/100
|-unboost|p2a: Toucannon|spa|1
|-unboost|p2b: Slowbro|spa|1
|move|p2a: Toucannon|Bullet Seed|p1b: Light
|-damage|p1b: Light|91/100
|replace|p1b: Zoroark|Zoroark, L50, F
|-end|p1b: Zoroark|Illusion
|-damage|p1b: Zoroark|82/100
|-damage|p1b: Zoroark|74/100
|-damage|p1b: Zoroark|65/100
|-damage|p1b: Zoroark|56/100
|-hitcount|p1b: Zoroark|5
|move|p2b: Slowbro|Trick Room|p2b: Slowbro
|-fieldstart|move: Trick Room|[of] p2b: Slowbro
|
|-damage|p2a: Toucannon|47/100 brn|[from] brn
|upkeep
|turn|3
|inactive|ESCharge has 30 seconds left.
|inactive|ESCharge has 20 seconds left.
|inactive|ESCharge has 15 seconds left.
|inactive|ESCharge has 10 seconds left.
|
|t:|1786115789
|move|p1b: Zoroark|Detect|p1b: Zoroark
|-singleturn|p1b: Zoroark|Protect
|move|p1a: Demond|Recover|p1a: Demond
|-heal|p1a: Demond|82/100
|move|p2b: Slowbro|Hydro Pump|p1b: Zoroark
|-activate|p1b: Zoroark|move: Protect
|move|p2a: Toucannon|Bullet Seed|p1a: Demond
|-damage|p1a: Demond|76/100
|-damage|p1a: Demond|70/100
|-damage|p1a: Demond|63/100
|-damage|p1a: Demond|56/100
|-damage|p1a: Demond|50/100g
|-hitcount|p1a: Demond|5
|
|-damage|p2a: Toucannon|41/100 brn|[from] brn
|upkeep
|turn|4
|inactive|ESCharge has 30 seconds left.
|
|t:|1786115816
|move|p1b: Zoroark|Protect||[still]
|-fail|p1b: Zoroark
|move|p1a: Demond|Recover|p1a: Demond
|-heal|p1a: Demond|100/100
|move|p2b: Slowbro|Hydro Pump|p1b: Zoroark|[miss]
|-miss|p2b: Slowbro|p1b: Zoroark
|move|p2a: Toucannon|Bullet Seed|p1b: Zoroark
|-damage|p1b: Zoroark|47/100
|-damage|p1b: Zoroark|38/100
|-damage|p1b: Zoroark|29/100
|-damage|p1b: Zoroark|21/100
|-damage|p1b: Zoroark|12/100
|-hitcount|p1b: Zoroark|5
|
|-damage|p2a: Toucannon|35/100 brn|[from] brn
|upkeep
|turn|5
|
|t:|1786115840
|move|p1b: Zoroark|Detect|p1b: Zoroark
|-singleturn|p1b: Zoroark|Protect
|move|p1a: Demond|Recover||[still]
|-fail|p1a: Demond|heal
|move|p2b: Slowbro|Hydro Pump|p1a: Demond
|-damage|p1a: Demond|61/100
|-damage|p2b: Slowbro|5/100|[from] item: Life Orb
|move|p2a: Toucannon|Bullet Seed|p1b: Zoroark
|-activate|p1b: Zoroark|move: Protect
|
|-damage|p2a: Toucannon|29/100 brn|[from] brn
|-fieldend|move: Psychic Terrain
|upkeep
|turn|6
|
|t:|1786115862
|move|p1b: Zoroark|Detect||[still]
|-fail|p1b: Zoroark
|move|p1a: Demond|Recover|p1a: Demond
|-heal|p1a: Demond|100/100
|move|p2b: Slowbro|Hydro Pump|p1a: Demond
|-crit|p1a: Demond
|-damage|p1a: Demond|0 fnt
|faint|p1a: Demond
|-damage|p2b: Slowbro|0 fnt|[from] item: Life Orb
|faint|p2b: Slowbro
|move|p2a: Toucannon|Bullet Seed|p1b: Zoroark
|-damage|p1b: Zoroark|2/100
|-damage|p1b: Zoroark|0 fnt
|faint|p1b: Zoroark
|-hitcount|p1: Zoroark|2
|
|-damage|p2a: Toucannon|23/100 brn|[from] brn
|-fieldend|move: Trick Room
|upkeep
|
|t:|1786115883
|switch|p1b: Slowgobrrr|Slowbro, L50, M|100/100
|switch|p1a: Light|Luxray, L50, M, shiny|100/100
|switch|p2b: Runerigus|Runerigus, L50, F|100/100
|turn|7
|inactive|YarikFireDragon has 30 seconds left.
|
|t:|1786115911
|detailschange|p1b: Slowgobrrr|Slowbro-Mega, L50, M
|-mega|p1b: Slowgobrrr|Slowbro|Slowbronite
|move|p1a: Light|Supercell Slam|p2a: Toucannon
|-supereffective|p2a: Toucannon|1
|-damage|p2a: Toucannon|0 fnt
|faint|p2a: Toucannon
|move|p1b: Slowgobrrr|Iron Defense|p1b: Slowgobrrr
|-boost|p1b: Slowgobrrr|def|2
|move|p2b: Runerigus|Poltergeist|p1b: Slowgobrrr
|-activate|p1b: Slowgobrrr|move: Poltergeist|Slowbronite
|-supereffective|p1b: Slowgobrrr|1
|-damage|p1b: Slowgobrrr|81/100
|
|upkeep
|
|t:|1786115916
|switch|p2a: Steelix|Steelix, L50, M|100/100
|turn|8
|
|t:|1786115941
|detailschange|p2a: Steelix|Steelix-Mega, L50, M
|-mega|p2a: Steelix|Steelix|Steelixite
|move|p1a: Light|Psychic Fangs|p2b: Runerigus
|-damage|p2b: Runerigus|75/100
|-activate|p1a: Light|Skill Swap|Wandering Spirit|Guts|[of] p2b: Runerigus
|move|p1b: Slowgobrrr|Iron Defense|p1b: Slowgobrrr
|-boost|p1b: Slowgobrrr|def|2
|move|p2a: Steelix|Earthquake|p1b: Slowgobrrr|[spread] p2b,p1a,p1b
|-supereffective|p1a: Light|1
|-damage|p2b: Runerigus|44/100
|-damage|p1a: Light|0 fnt
|-damage|p1b: Slowgobrrr|73/100
|-enditem|p2b: Runerigus|Sitrus Berry|[eat]
|-heal|p2b: Runerigus|69/100|[from] item: Sitrus Berry
|faint|p1a: Light
|move|p2b: Runerigus|Trick Room|p2b: Runerigus
|-fieldstart|move: Trick Room|[of] p2b: Runerigus
|
|upkeep
|turn|9
|inactive|YarikFireDragon has 30 seconds left.
|
|t:|1786115967
|move|p2a: Steelix|Earthquake|p1b: Slowgobrrr|[spread] p2b,p1b
|-damage|p2b: Runerigus|34/100
|-damage|p1b: Slowgobrrr|65/100
|move|p2b: Runerigus|Poltergeist|p1b: Slowgobrrr
|-activate|p1b: Slowgobrrr|move: Poltergeist|Slowbronite
|-supereffective|p1b: Slowgobrrr|1
|-damage|p1b: Slowgobrrr|50/100g
|move|p1b: Slowgobrrr|Iron Defense|p1b: Slowgobrrr
|-boost|p1b: Slowgobrrr|def|2
|
|upkeep
|turn|10
|
|t:|1786115978
|move|p2a: Steelix|Earthquake|p1b: Slowgobrrr|[spread] p2b,p1b
|-damage|p2b: Runerigus|0 fnt
|-damage|p1b: Slowgobrrr|46/100
|faint|p2b: Runerigus
|move|p1b: Slowgobrrr|Slack Off|p1b: Slowgobrrr
|-heal|p1b: Slowgobrrr|96/100
|
|upkeep
|turn|11
|
|t:|1786115990
|move|p2a: Steelix|Earthquake|p1b: Slowgobrrr
|-damage|p1b: Slowgobrrr|88/100
|move|p1b: Slowgobrrr|Stored Power|p2a: Steelix
|-resisted|p2a: Steelix|1
|-damage|p2a: Steelix|62/100
|
|upkeep
|turn|12
|
|t:|1786115997
|move|p2a: Steelix|Earthquake|p1b: Slowgobrrr
|-damage|p1b: Slowgobrrr|80/100
|move|p1b: Slowgobrrr|Stored Power|p2a: Steelix
|-resisted|p2a: Steelix|1
|-damage|p2a: Steelix|25/100
|
|-fieldend|move: Trick Room
|upkeep
|turn|13
|
|t:|1786116006
|move|p1b: Slowgobrrr|Stored Power|p2a: Steelix
|-resisted|p2a: Steelix|1
|-damage|p2a: Steelix|0 fnt
|faint|p2a: Steelix
|
|win|ESCharge
|c|☆ESCharge|Хорошо сыграли
