|j|☆steelag0
|j|☆giallone55
|html|steelag0giallone55    
|uhtml|bestof|Game 2 of a best-of-3
|t:|1782516715
|gametype|doubles
|player|p1|steelag0|102|1209
|player|p2|giallone55|170|1172
|gen|9
|tier|[Gen 9 Champions] VGC 2026 Reg M-B (Bo3)
|rated|
|rule|Species Clause: Limit one of each Pokémon
|rule|Item Clause: Limit 1 of each item
|clearpoke
|poke|p1|Blaziken, L50, M|
|poke|p1|Hydreigon, L50, M|
|poke|p1|Basculegion, L50, M|
|poke|p1|Whimsicott, L50, M|
|poke|p1|Farigiraf, L50, M|
|poke|p1|Metagross, L50|
|poke|p2|Whimsicott, L50, M|
|poke|p2|Sylveon, L50, M|
|poke|p2|Staraptor, L50, M|
|poke|p2|Maushold-Four, L50|
|poke|p2|Gholdengo, L50|
|poke|p2|Garchomp, L50, M|
|teampreview|4
|showteam|p1|Blaziken||Blazikenite|SpeedBoost|FlareBlitz,CloseCombat,RockSlide,Detect|Adamant||M|||50|]Hydreigon||ChoiceScarf|Levitate|DracoMeteor,DarkPulse,EarthPower,Snarl|Modest||M|||50|]Basculegion||LifeOrb|Adaptability|WaveCrash,LastRespects,AquaJet,Protect|Adamant||M|||50|]Whimsicott||FocusSash|Prankster|Moonblast,Encore,Tailwind,Protect|Timid||M|||50|]Farigiraf||SitrusBerry|ArmorTail|Psychic,Thunderbolt,Roar,TrickRoom|Bold||M|||50|]Metagross||Metagrossite|ClearBody|PsychicFangs,IronHead,StompingTantrum,Protect|Jolly|||||50|
|showteam|p2|Whimsicott||FocusSash|Prankster|Moonblast,Tailwind,SunnyDay,Encore|Calm||M|||50|]Sylveon||Leftovers|Pixilate|HyperVoice,CalmMind,MysticalFire,Detect|Modest||M|||50|]Staraptor||Staraptite|Intimidate|CloseCombat,BraveBird,Roost,BlazeKick|Adamant||M|||50|]Maushold-Four||WideLens|Technician|PopulationBomb,FollowMe,Taunt,Charm|Jolly|||||50|]Gholdengo||LifeOrb|GoodasGold|NastyPlot,ShadowBall,Thunderbolt,MakeItRain|Timid|||||50|]Garchomp||SitrusBerry|RoughSkin|SwordsDance,StealthRock,DragonClaw,StompingTantrum|Impish||M|||50|
|
|t:|1782516742
|teamsize|p1|4
|teamsize|p2|4
|start
|switch|p1a: Metagross|Metagross, L50|100/100
|switch|p1b: Whimsicott|Whimsicott, L50, M|100/100
|switch|p2a: Maushold|Maushold-Four, L50|100/100
|switch|p2b: Staraptor|Staraptor, L50, M|100/100
|-ability|p2b: Staraptor|Intimidate|boost
|-fail|p1a: Metagross|unboost|[from] ability: Clear Body|[of] p1a: Metagross
|-unboost|p1b: Whimsicott|atk|1
|turn|1
|
|t:|1782516758
|switch|p2b: Whimsicott|Whimsicott, L50, M|100/100
|detailschange|p1a: Metagross|Metagross-Mega, L50
|-mega|p1a: Metagross|Metagross|Metagrossite
|move|p1b: Whimsicott|Tailwind|p1b: Whimsicott
|-sidestart|p1: steelag0|move: Tailwind
|move|p1a: Metagross|Psychic Fangs|p2b: Whimsicott
|-damage|p2b: Whimsicott|29/100
|move|p2a: Maushold|Population Bomb|p1b: Whimsicott
|-damage|p1b: Whimsicott|83/100
|-damage|p1b: Whimsicott|68/100
|-damage|p1b: Whimsicott|52/100
|-damage|p1b: Whimsicott|34/100
|-damage|p1b: Whimsicott|16/100
|-damage|p1b: Whimsicott|1/100
|-damage|p1b: Whimsicott|0 fnt
|faint|p1b: Whimsicott
|-hitcount|p1: Whimsicott|7
|
|upkeep
|
|t:|1782516779
|switch|p1b: Basculegion|Basculegion, L50, M|100/100
|turn|2
|
|t:|1782516787
|move|p2b: Whimsicott|Tailwind|p2b: Whimsicott
|-sidestart|p2: giallone55|move: Tailwind
|move|p2a: Maushold|Charm|p1b: Basculegion
|-unboost|p1b: Basculegion|atk|2
|move|p1a: Metagross|Psychic Fangs|p2b: Whimsicott
|-damage|p2b: Whimsicott|0 fnt
|faint|p2b: Whimsicott
|move|p1b: Basculegion|Wave Crash|p2a: Maushold
|-damage|p2a: Maushold|17/100
|-damage|p1b: Basculegion|79/100|[from] Recoil
|-damage|p1b: Basculegion|69/100|[from] item: Life Orb
|
|upkeep
|
|t:|1782516798
|switch|p2b: Staraptor|Staraptor, L50, M|100/100
|-ability|p2b: Staraptor|Intimidate|boost
|-unboost|p1a: Metagross|atk|1
|-unboost|p1b: Basculegion|atk|1
|turn|3
|
|t:|1782516812
|detailschange|p2b: Staraptor|Staraptor-Mega, L50, M
|-mega|p2b: Staraptor|Staraptor|Staraptite
|move|p2a: Maushold|Follow Me|p2a: Maushold
|-singleturn|p2a: Maushold|move: Follow Me
|move|p1b: Basculegion|Aqua Jet|p2a: Maushold
|-damage|p2a: Maushold|0 fnt
|faint|p2a: Maushold
|-damage|p1b: Basculegion|60/100|[from] item: Life Orb
|move|p1a: Metagross|Psychic Fangs|p2b: Staraptor
|-supereffective|p2b: Staraptor|1
|-damage|p2b: Staraptor|24/100
|move|p2b: Staraptor|Close Combat|p1a: Metagross
|-damage|p1a: Metagross|47/100
|-boost|p2b: Staraptor|def|1
|-boost|p2b: Staraptor|spd|1
|
|upkeep
|
|t:|1782516826
|switch|p2a: Sylveon|Sylveon, L50, M|100/100
|turn|4
|
|t:|1782516841
|switch|p1b: Hydreigon|Hydreigon, L50, M|100/100
|move|p1a: Metagross|Iron Head|p2a: Sylveon
|-supereffective|p2a: Sylveon|1
|-damage|p2a: Sylveon|0 fnt
|faint|p2a: Sylveon
|move|p2b: Staraptor|Close Combat|p1a: Metagross
|-damage|p1a: Metagross|0 fnt
|-boost|p2b: Staraptor|def|1
|-boost|p2b: Staraptor|spd|1
|faint|p1a: Metagross
|
|-sideend|p1: steelag0|move: Tailwind
|upkeep
|
|t:|1782516853
|switch|p1a: Basculegion|Basculegion, L50, M|60/100
|turn|5
|
|t:|1782516863
|move|p2b: Staraptor|Roost|p2b: Staraptor
|-heal|p2b: Staraptor|74/100
|-singleturn|p2b: Staraptor|move: Roost
|move|p1b: Hydreigon|Draco Meteor|p2b: Staraptor
|-damage|p2b: Staraptor|39/100
|-unboost|p1b: Hydreigon|spa|2
|move|p1a: Basculegion|Last Respects|p2b: Staraptor
|-damage|p2b: Staraptor|0 fnt
|faint|p2b: Staraptor
|-damage|p1a: Basculegion|50/100g|[from] item: Life Orb
|
|win|steelag0
||giallone55 is ready for game 3.
|inactive|steelag0 has 30 seconds to confirm battle start!
