|j|☆atxflyer
|j|☆Phonyy1
|html|atxflyerPhonyy1    
|uhtml|bestof|Game 1 of a best-of-3
|t:|1756861434
|gametype|doubles
|player|p1|atxflyer|alder|1000
|player|p2|Phonyy1|n|1052
|gen|9
|tier|[Gen 9] VGC 2025 Reg H (Bo3)
|rated|
|rule|Species Clause: Limit one of each Pokémon
|rule|Item Clause: Limit 1 of each item
|clearpoke
|poke|p1|Dragonite, L50, M|
|poke|p1|Gholdengo, L50|
|poke|p1|Rillaboom, L50, M|
|poke|p1|Ursaluna-Bloodmoon, L50, M|
|poke|p1|Maushold-Four, L50|
|poke|p1|Annihilape, L50, M|
|poke|p2|Rillaboom, L50, M|
|poke|p2|Incineroar, L50, M|
|poke|p2|Archaludon, L50, M|
|poke|p2|Amoonguss, L50, M|
|poke|p2|Basculegion, L50, M|
|poke|p2|Politoed, L50, F|
|teampreview|4
|showteam|p1|Dragonite||LoadedDice|Multiscale|ScaleShot,Tailwind,Haze,Protect|||M|||50|,,,,,Fairy]Gholdengo||LifeOrb|GoodasGold|MakeItRain,ShadowBall,NastyPlot,Protect||||||50|,,,,,Flying]Rillaboom||MiracleSeed|GrassySurge|WoodHammer,GrassyGlide,HighHorsepower,FakeOut|||M|||50|,,,,,Fire]Ursaluna-Bloodmoon||AssaultVest|MindsEye|BloodMoon,EarthPower,HyperVoice,VacuumWave|||M|||50|,,,,,Water]Maushold-Four||FocusSash|FriendGuard|SuperFang,FollowMe,BeatUp,Protect||||||50|,,,,,Ghost]Annihilape||SitrusBerry|Defiant|DrainPunch,RageFist,BulkUp,Protect|||M|||50|,,,,,Water
|showteam|p2|Rillaboom||AssaultVest|GrassySurge|WoodHammer,Uturn,GrassyGlide,FakeOut|||M|||50|,,,,,Fire]Incineroar||SafetyGoggles|Intimidate|FakeOut,PartingShot,FlareBlitz,KnockOff|||M|||50|,,,,,Water]Archaludon||ClearAmulet|Stamina|ElectroShot,FlashCannon,Protect,DragonPulse|||M|||50|,,,,,Grass]Amoonguss||RockyHelmet|Regenerator|Spore,RagePowder,SludgeBomb,PollenPuff|||M|||50|,,,,,Ground]Basculegion||ChoiceScarf|Adaptability|FlipTurn,LastRespects,WaveCrash,IceFang|||M|||50|,,,,,Water]Politoed||Leftovers|Drizzle|WeatherBall,Protect,Encore,ChillingWater|||F|||50|,,,,,Steel
|inactive|Battle timer is ON: inactive players will automatically lose when time's up. (requested by atxflyer)
|inactive|atxflyer has 60 seconds left.
|inactive|Phonyy1 has 60 seconds left.
|inactive|atxflyer has 30 seconds left.
|inactive|atxflyer has 20 seconds left.
|inactive|atxflyer has 15 seconds left.
|inactive|atxflyer has 10 seconds left.
|
|t:|1756861522
|teamsize|p1|4
|teamsize|p2|4
|start
|switch|p1a: Rillaboom|Rillaboom, L50, M|100/100
|switch|p1b: Dragonite|Dragonite, L50, M, shiny|100/100
|switch|p2a: Bull|Politoed, L50, F|100/100
|switch|p2b: Golden Gate|Archaludon, L50, M|100/100
|-fieldstart|move: Grassy Terrain|[from] ability: Grassy Surge|[of] p1a: Rillaboom
|-weather|RainDance|[from] ability: Drizzle|[of] p2a: Bull
|turn|1
|inactive|atxflyer has 30 seconds left.
|
|t:|1756861556
|move|p2b: Golden Gate|Protect|p2b: Golden Gate
|-singleturn|p2b: Golden Gate|Protect
|move|p1a: Rillaboom|Fake Out|p2b: Golden Gate
|-activate|p2b: Golden Gate|move: Protect
|move|p1b: Dragonite|Tailwind|p1b: Dragonite
|-sidestart|p1: atxflyer|move: Tailwind
|move|p2a: Bull|Chilling Water|p1b: Dragonite
|-resisted|p1b: Dragonite
|-damage|p1b: Dragonite|94/100
|-unboost|p1b: Dragonite|atk|1
|
|-weather|RainDance|[upkeep]
|upkeep
|turn|2
|inactive|atxflyer has 30 seconds left.
|inactive|Phonyy1 has 30 seconds left.
|inactive|atxflyer has 20 seconds left.
|inactive|Phonyy1 has 20 seconds left.
|inactive|atxflyer has 15 seconds left.
|inactive|atxflyer has 10 seconds left.
|
|t:|1756861605
|switch|p2a: Stone Cold|Incineroar, L50, M|100/100
|-ability|p2a: Stone Cold|Intimidate|boost
|-unboost|p1a: Rillaboom|atk|1
|-unboost|p1b: Dragonite|atk|1
|move|p1b: Dragonite|Protect|p1b: Dragonite
|-singleturn|p1b: Dragonite|Protect
|move|p1a: Rillaboom|Wood Hammer|p2a: Stone Cold
|-resisted|p2a: Stone Cold
|-damage|p2a: Stone Cold|71/100
|-damage|p1a: Rillaboom|91/100|[from] Recoil
|move|p2b: Golden Gate|Electro Shot||[still]
|-prepare|p2b: Golden Gate|Electro Shot
|-boost|p2b: Golden Gate|spa|1
|-anim|p2b: Golden Gate|Electro Shot|p1b: Dragonite
|-activate|p1b: Dragonite|move: Protect
|
|-weather|RainDance|[upkeep]
|-heal|p1a: Rillaboom|97/100|[from] Grassy Terrain
|-heal|p2a: Stone Cold|77/100|[from] Grassy Terrain
|upkeep
|turn|3
|inactive|atxflyer has 30 seconds left.
|inactive|Phonyy1 has 30 seconds left.
|inactive|atxflyer has 20 seconds left.
|inactive|atxflyer has 15 seconds left.
|
|t:|1756861647
|switch|p1a: Maushold|Maushold-Four, L50, shiny|100/100
|move|p1b: Dragonite|Haze|p1b: Dragonite
|-clearallboost
|move|p2b: Golden Gate|Dragon Pulse|p1a: Maushold
|-damage|p1a: Maushold|41/100
|move|p2a: Stone Cold|Flare Blitz|p1a: Maushold
|-damage|p1a: Maushold|3/100
|-damage|p2a: Stone Cold|66/100|[from] Recoil
|
|-weather|RainDance|[upkeep]
|-heal|p1a: Maushold|9/100|[from] Grassy Terrain
|-heal|p2a: Stone Cold|72/100|[from] Grassy Terrain
|upkeep
|turn|4
|inactive|atxflyer has 30 seconds left.
|inactive|atxflyer has 20 seconds left.
|inactive|atxflyer has 15 seconds left.
|inactive|atxflyer has 10 seconds left.
|
|t:|1756861693
|move|p1b: Dragonite|Protect|p1b: Dragonite
|-singleturn|p1b: Dragonite|Protect
|move|p1a: Maushold|Super Fang|p2b: Golden Gate
|-damage|p2b: Golden Gate|50/100
|-ability|p2b: Golden Gate|Stamina|boost
|-boost|p2b: Golden Gate|def|1
|move|p2b: Golden Gate|Electro Shot||[still]
|-prepare|p2b: Golden Gate|Electro Shot
|-boost|p2b: Golden Gate|spa|1
|-anim|p2b: Golden Gate|Electro Shot|p1b: Dragonite
|-activate|p1b: Dragonite|move: Protect
|move|p2a: Stone Cold|Knock Off|p1a: Maushold
|-damage|p1a: Maushold|0 fnt
|-enditem|p1a: Maushold|Focus Sash|[from] move: Knock Off|[of] p2a: Stone Cold
|faint|p1a: Maushold
|
|-weather|RainDance|[upkeep]
|-heal|p2b: Golden Gate|56/100|[from] Grassy Terrain
|-heal|p2a: Stone Cold|78/100|[from] Grassy Terrain
|-sideend|p1: atxflyer|move: Tailwind
|upkeep
|inactive|atxflyer has 30 seconds left.
|inactive|atxflyer has 20 seconds left.
|
|t:|1756861731
|switch|p1a: Rillaboom|Rillaboom, L50, M|97/100
|turn|5
|
|t:|1756861748
|move|p2b: Golden Gate|Protect|p2b: Golden Gate
|-singleturn|p2b: Golden Gate|Protect
|move|p1a: Rillaboom|Fake Out|p2b: Golden Gate
|-activate|p2b: Golden Gate|move: Protect
|move|p1b: Dragonite|Haze|p1b: Dragonite
|-clearallboost
|move|p2a: Stone Cold|Parting Shot|p1b: Dragonite
|-unboost|p1b: Dragonite|atk|1
|-unboost|p1b: Dragonite|spa|1
|
|t:|1756861758
|switch|p2a: Bull|Politoed, L50, F|100/100|[from] Parting Shot
|
|-weather|none
|-heal|p2b: Golden Gate|62/100|[from] Grassy Terrain
|-heal|p1a: Rillaboom|100/100|[from] Grassy Terrain
|-fieldend|move: Grassy Terrain
|upkeep
|turn|6
|inactive|atxflyer has 30 seconds left.
|inactive|atxflyer has 20 seconds left.
|
|t:|1756861796
|switch|p1b: Gholdengo|Gholdengo, L50|100/100
|switch|p2a: Stone Cold|Incineroar, L50, M|78/100
|-ability|p2a: Stone Cold|Intimidate|boost
|-unboost|p1a: Rillaboom|atk|1
|-unboost|p1b: Gholdengo|atk|1
|move|p2b: Golden Gate|Dragon Pulse|p1a: Rillaboom
|-damage|p1a: Rillaboom|51/100
|move|p1a: Rillaboom|High Horsepower|p2a: Stone Cold
|-supereffective|p2a: Stone Cold
|-damage|p2a: Stone Cold|40/100
|
|upkeep
|turn|7
|inactive|atxflyer has 30 seconds left.
|inactive|Phonyy1 has 30 seconds left.
|inactive|atxflyer has 20 seconds left.
|inactive|Phonyy1 has 20 seconds left.
|inactive|atxflyer has 15 seconds left.
|inactive|Phonyy1 has 15 seconds left.
|
|t:|1756861841
|switch|p2b: Bull|Politoed, L50, F|100/100
|-weather|RainDance|[from] ability: Drizzle|[of] p2b: Bull
|move|p1b: Gholdengo|Nasty Plot|p1b: Gholdengo
|-boost|p1b: Gholdengo|spa|2
|move|p1a: Rillaboom|Wood Hammer|p2a: Stone Cold
|-resisted|p2a: Stone Cold
|-damage|p2a: Stone Cold|19/100
|-damage|p1a: Rillaboom|44/100|[from] Recoil
|move|p2a: Stone Cold|Flare Blitz|p1b: Gholdengo
|-supereffective|p1b: Gholdengo
|-damage|p1b: Gholdengo|46/100
|-damage|p2a: Stone Cold|4/100|[from] Recoil
|
|-weather|RainDance|[upkeep]
|upkeep
|turn|8
|
|t:|1756861864
|switch|p1a: Dragonite|Dragonite, L50, M, shiny|94/100
|switch|p2a: Golden Gate|Archaludon, L50, M|62/100
|move|p1b: Gholdengo|Protect|p1b: Gholdengo
|-singleturn|p1b: Gholdengo|Protect
|move|p2b: Bull|Encore|p1b: Gholdengo
|-activate|p1b: Gholdengo|move: Protect
|
|-weather|RainDance|[upkeep]
|upkeep
|turn|9
|inactive|Phonyy1 has 30 seconds left.
|
|t:|1756861893
|-terastallize|p2b: Bull|Steel
|move|p2a: Golden Gate|Protect|p2a: Golden Gate
|-singleturn|p2a: Golden Gate|Protect
|move|p1b: Gholdengo|Make It Rain|p2a: Golden Gate|[spread] p2b
|-activate|p2a: Golden Gate|move: Protect
|-resisted|p2b: Bull
|-damage|p2b: Bull|58/100
|-unboost|p1b: Gholdengo|spa|1
|-damage|p1b: Gholdengo|37/100|[from] item: Life Orb
|move|p1a: Dragonite|Tailwind|p1a: Dragonite
|-sidestart|p1: atxflyer|move: Tailwind
|move|p2b: Bull|Weather Ball|p1b: Gholdengo
|-damage|p1b: Gholdengo|0 fnt
|faint|p1b: Gholdengo
|
|-weather|RainDance|[upkeep]
|-heal|p2b: Bull|64/100|[from] item: Leftovers
|upkeep
|
|t:|1756861910
|switch|p1b: Rillaboom|Rillaboom, L50, M|44/100
|-fieldstart|move: Grassy Terrain|[from] ability: Grassy Surge|[of] p1b: Rillaboom
|turn|10
|
|t:|1756861934
|switch|p2b: Stone Cold|Incineroar, L50, M|4/100
|-ability|p2b: Stone Cold|Intimidate|boost
|-unboost|p1a: Dragonite|atk|1
|-unboost|p1b: Rillaboom|atk|1
|move|p1a: Dragonite|Scale Shot|p2a: Golden Gate
|-damage|p2a: Golden Gate|53/100
|-ability|p2a: Golden Gate|Stamina|boost
|-boost|p2a: Golden Gate|def|1
|-damage|p2a: Golden Gate|48/100
|-ability|p2a: Golden Gate|Stamina|boost
|-boost|p2a: Golden Gate|def|1
|-damage|p2a: Golden Gate|44/100
|-ability|p2a: Golden Gate|Stamina|boost
|-boost|p2a: Golden Gate|def|1
|-damage|p2a: Golden Gate|40/100
|-ability|p2a: Golden Gate|Stamina|boost
|-boost|p2a: Golden Gate|def|1
|-hitcount|p2a: Golden Gate|4
|-unboost|p1a: Dragonite|def|1
|-boost|p1a: Dragonite|spe|1
|move|p1b: Rillaboom|Wood Hammer|p2a: Golden Gate
|-resisted|p2a: Golden Gate
|-damage|p2a: Golden Gate|36/100
|-ability|p2a: Golden Gate|Stamina|boost
|-boost|p2a: Golden Gate|def|1
|-damage|p1b: Rillaboom|43/100|[from] Recoil
|move|p2a: Golden Gate|Electro Shot||[still]
|-prepare|p2a: Golden Gate|Electro Shot
|-boost|p2a: Golden Gate|spa|1
|-anim|p2a: Golden Gate|Electro Shot|p1a: Dragonite
|-crit|p1a: Dragonite
|-damage|p1a: Dragonite|0 fnt
|faint|p1a: Dragonite
|
|-weather|RainDance|[upkeep]
|-heal|p1b: Rillaboom|49/100|[from] Grassy Terrain
|-heal|p2a: Golden Gate|42/100|[from] Grassy Terrain
|-heal|p2b: Stone Cold|10/100|[from] Grassy Terrain
|upkeep
|turn|11
|inactive|atxflyer has 30 seconds left.
|inactive|Phonyy1 has 30 seconds left.
|
|t:|1756861968
|move|p2b: Stone Cold|Fake Out|p1b: Rillaboom
|-damage|p1b: Rillaboom|38/100
|cant|p1b: Rillaboom|flinch
|move|p2a: Golden Gate|Dragon Pulse|p1b: Rillaboom
|-damage|p1b: Rillaboom|0 fnt
|faint|p1b: Rillaboom
|
|win|Phonyy1
||Phonyy1 is ready for game 2.
||atxflyer is ready for game 2.
|uhtml|next|Next: Game 2 of 3
|l|☆Phonyy1
|player|p2|
|l|☆atxflyer
|player|p1|
|j|☆atxflyer
|player|p1|atxflyer|alder|
