|j|☆fashoooo
|j|☆GUY FROM INSIDIOUS
|html|fashooooGUY FROM INSIDIOUS    
|uhtml|bestof|Game 3 of a best-of-3
|t:|1784764944
|gametype|doubles
|player|p1|fashoooo|grisham|1060
|player|p2|GUY FROM INSIDIOUS|ogreclan|1183
|gen|9
|tier|[Gen 9 Champions] VGC 2026 Reg M-B (Bo3)
|rated|
|rule|Species Clause: Limit one of each Pokémon
|rule|Item Clause: Limit 1 of each item
|clearpoke
|poke|p1|Tyranitar, L50, F|
|poke|p1|Excadrill, L50, M|
|poke|p1|Milotic, L50, M|
|poke|p1|Sinistcha, L50|
|poke|p1|Staraptor, L50, M|
|poke|p1|Gholdengo, L50|
|poke|p2|Metagross, L50, shiny|
|poke|p2|Basculegion, L50, M|
|poke|p2|Incineroar, L50, M|
|poke|p2|Floette-Eternal, L50, F|
|poke|p2|Hippowdon, L50, F, shiny|
|poke|p2|Lycanroc, L50, F, shiny|
|teampreview|4
|showteam|p1|Tyranitar||Tyranitarite|SandStream|KnockOff,RockSlide,HighHorsepower,Protect|Jolly||F|||50|]Excadrill||FocusSash|SandRush|Earthquake,IronHead,RockSlide,Protect|Adamant||M|||50|]Milotic||SitrusBerry|Competitive|Scald,IcyWind,Haze,Protect|Calm||M|||50|]Sinistcha||ColburBerry|Hospitality|MatchaGotcha,ShadowBall,Protect,RagePowder|Bold|||||50|]Staraptor||Staraptite|Intimidate|CloseCombat,BraveBird,Tailwind,Protect|Jolly||M|||50|]Gholdengo||LifeOrb|GoodasGold|MakeItRain,ShadowBall,NastyPlot,Protect|Modest|||||50|
|showteam|p2|Metagross||Metagrossite|ClearBody|BodyPress,CosmicPower,PsychicFangs,Protect|Careful|||||50|]Basculegion||FocusSash|Adaptability|Protect,Liquidation,LastRespects,AquaJet|Jolly||M|||50|]Incineroar||SitrusBerry|Intimidate|FakeOut,Protect,PartingShot,DarkestLariat|Impish||M|||50|]Floette-Eternal||Floettite|FlowerVeil|DazzlingGleam,Moonblast,CalmMind,Protect|Modest||F|||50|]Hippowdon||Leftovers|SandStream|Yawn,IronHead,RockSlide,Protect|Careful||F|||50|]Lycanroc||LifeOrb|SandRush|Accelerock,CloseCombat,Endeavor,RockSlide|Jolly||F|||50|
|inactive|Battle timer is ON: inactive players will automatically lose when time's up. (requested by GUY FROM INSIDIOUS)
|inactive|GUY FROM INSIDIOUS has 60 seconds left.
|inactive|fashoooo has 60 seconds left.
|
|t:|1784764991
|teamsize|p1|4
|teamsize|p2|4
|start
|switch|p1a: Staraptor|Staraptor, L50, M|100/100
|switch|p1b: Gholdengo|Gholdengo, L50|100/100
|switch|p2a: Basculegion|Basculegion, L50, M|100/100
|switch|p2b: Incineroar|Incineroar, L50, M|100/100
|-ability|p1a: Staraptor|Intimidate|boost
|-unboost|p2a: Basculegion|atk|1
|-unboost|p2b: Incineroar|atk|1
|-ability|p2b: Incineroar|Intimidate|boost
|-unboost|p1a: Staraptor|atk|1
|-unboost|p1b: Gholdengo|atk|1
|turn|1
|inactive|fashoooo has 30 seconds left.
|inactive|GUY FROM INSIDIOUS has 30 seconds left.
|inactive|fashoooo has 20 seconds left.
|inactive|GUY FROM INSIDIOUS has 20 seconds left.
|
|t:|1784765026
|switch|p1b: Tyranitar|Tyranitar, L50, F|100/100
|-weather|Sandstorm|[from] ability: Sand Stream|[of] p1b: Tyranitar
|detailschange|p1a: Staraptor|Staraptor-Mega, L50, M
|-mega|p1a: Staraptor|Staraptor|Staraptite
|move|p2b: Incineroar|Fake Out|p1a: Staraptor
|-damage|p1a: Staraptor|93/100
|cant|p1a: Staraptor|flinch
|move|p2a: Basculegion|Last Respects|p1b: Tyranitar
|-resisted|p1b: Tyranitar|1
|-damage|p1b: Tyranitar|90/100
|
|-weather|Sandstorm|[upkeep]
|-damage|p1a: Staraptor|87/100|[from] Sandstorm
|-damage|p2a: Basculegion|93/100|[from] Sandstorm
|-damage|p2b: Incineroar|94/100|[from] Sandstorm
|upkeep
|turn|2
|inactive|GUY FROM INSIDIOUS has 30 seconds left.
|
|t:|1784765057
|switch|p1b: Sinistcha|Sinistcha, L50|100/100
|-heal|p1a: Staraptor|100/100|[from] ability: Hospitality|[of] p1b: Sinistcha
|switch|p2b: Floette|Floette-Eternal, L50, F|100/100
|move|p1a: Staraptor|Tailwind|p1a: Staraptor
|-sidestart|p1: fashoooo|move: Tailwind
|move|p2a: Basculegion|Liquidation|p1a: Staraptor
|-damage|p1a: Staraptor|65/100
|
|-weather|Sandstorm|[upkeep]
|-damage|p1a: Staraptor|59/100|[from] Sandstorm
|-damage|p1b: Sinistcha|94/100|[from] Sandstorm
|-damage|p2a: Basculegion|87/100|[from] Sandstorm
|-damage|p2b: Floette|93/100|[from] Sandstorm
|upkeep
|turn|3
|inactive|GUY FROM INSIDIOUS has 30 seconds left.
|
|t:|1784765082
|detailschange|p2b: Floette|Floette-Mega, L50, F
|-mega|p2b: Floette|Floette|Floettite
|-ability|p2b: Floette|Fairy Aura
|move|p1a: Staraptor|Brave Bird|p2b: Floette
|-damage|p2b: Floette|60/100
|-damage|p1a: Staraptor|48/100|[from] Recoil
|move|p1b: Sinistcha|Matcha Gotcha|p2a: Basculegion|[spread] p2a,p2b
|-supereffective|p2a: Basculegion|1
|-damage|p2a: Basculegion|32/100
|-heal|p1b: Sinistcha|100/100|[from] drain|[of] p2a: Basculegion
|-damage|p2b: Floette|41/100
|move|p2a: Basculegion|Liquidation|p1a: Staraptor
|-damage|p1a: Staraptor|12/100
|move|p2b: Floette|Dazzling Gleam|p1b: Sinistcha|[spread] p1a,p1b
|-supereffective|p1a: Staraptor|1
|-damage|p1a: Staraptor|0 fnt
|-damage|p1b: Sinistcha|49/100
|faint|p1a: Staraptor
|
|-weather|Sandstorm|[upkeep]
|-damage|p1b: Sinistcha|44/100|[from] Sandstorm
|-damage|p2a: Basculegion|26/100|[from] Sandstorm
|-damage|p2b: Floette|35/100|[from] Sandstorm
|upkeep
|
|t:|1784765099
|switch|p1a: Gholdengo|Gholdengo, L50|100/100
|turn|4
|
|t:|1784765121
|switch|p2b: Incineroar|Incineroar, L50, M|94/100
|-ability|p2b: Incineroar|Intimidate|boost
|-unboost|p1a: Gholdengo|atk|1
|-unboost|p1b: Sinistcha|atk|1
|move|p2a: Basculegion|Aqua Jet|p1a: Gholdengo
|-damage|p1a: Gholdengo|84/100
|move|p1a: Gholdengo|Shadow Ball|p2b: Incineroar
|-resisted|p2b: Incineroar|1
|-damage|p2b: Incineroar|72/100
|-damage|p1a: Gholdengo|74/100|[from] item: Life Orb
|move|p1b: Sinistcha|Matcha Gotcha|p2a: Basculegion|[spread] p2a,p2b
|-supereffective|p2a: Basculegion|1
|-crit|p2a: Basculegion
|-resisted|p2b: Incineroar|1
|-damage|p2a: Basculegion|0 fnt
|-heal|p1b: Sinistcha|58/100|[from] drain|[of] p2a: Basculegion
|-damage|p2b: Incineroar|62/100
|-heal|p1b: Sinistcha|64/100|[from] drain|[of] p2b: Incineroar
|faint|p2a: Basculegion
|
|-weather|Sandstorm|[upkeep]
|-damage|p1b: Sinistcha|58/100|[from] Sandstorm
|-damage|p2b: Incineroar|56/100|[from] Sandstorm
|upkeep
|inactive|GUY FROM INSIDIOUS has 30 seconds left.
|
|t:|1784765150
|switch|p2a: Lycanroc|Lycanroc, L50, F, shiny|100/100
|turn|5
|
|t:|1784765171
|move|p1b: Sinistcha|Protect|p1b: Sinistcha
|-singleturn|p1b: Sinistcha|Protect
|move|p2a: Lycanroc|Rock Slide|p1a: Gholdengo|[spread] p1a
|-activate|p1b: Sinistcha|move: Protect
|-resisted|p1a: Gholdengo|1
|-damage|p1a: Gholdengo|59/100
|-damage|p2a: Lycanroc|90/100|[from] item: Life Orb
|move|p1a: Gholdengo|Make It Rain|p2b: Incineroar|[spread] p2a
|-miss|p1a: Gholdengo|p2b: Incineroar
|-supereffective|p2a: Lycanroc|1
|-damage|p2a: Lycanroc|0 fnt
|-unboost|p1a: Gholdengo|spa|2
|faint|p2a: Lycanroc
|-damage|p1a: Gholdengo|49/100|[from] item: Life Orb
|move|p2b: Incineroar|Darkest Lariat|p1a: Gholdengo
|-supereffective|p1a: Gholdengo|1
|-damage|p1a: Gholdengo|0 fnt
|faint|p1a: Gholdengo
|
|-weather|none
|-sideend|p1: fashoooo|move: Tailwind
|upkeep
|
|t:|1784765191
|switch|p2a: Floette|Floette-Mega, L50, F|35/100
|switch|p1a: Tyranitar|Tyranitar, L50, F|90/100
|-weather|Sandstorm|[from] ability: Sand Stream|[of] p1a: Tyranitar
|-ability|p2a: Floette|Fairy Aura
|turn|6
|
|t:|1784765207
|move|p1a: Tyranitar|Protect|p1a: Tyranitar
|-singleturn|p1a: Tyranitar|Protect
|move|p1b: Sinistcha|Protect||[still]
|-fail|p1b: Sinistcha
|move|p2a: Floette|Dazzling Gleam|p1a: Tyranitar|[spread] p1b
|-activate|p1a: Tyranitar|move: Protect
|-damage|p1b: Sinistcha|10/100
|move|p2b: Incineroar|Darkest Lariat|p1a: Tyranitar
|-activate|p1a: Tyranitar|move: Protect
|
|-weather|Sandstorm|[upkeep]
|-damage|p2a: Floette|29/100|[from] Sandstorm
|-damage|p1b: Sinistcha|4/100|[from] Sandstorm
|-damage|p2b: Incineroar|50/100g|[from] Sandstorm
|upkeep
|turn|7
|
|t:|1784765226
|move|p1b: Sinistcha|Rage Powder|p1b: Sinistcha
|-singleturn|p1b: Sinistcha|move: Rage Powder
|move|p1a: Tyranitar|High Horsepower|p2a: Floette
|-damage|p2a: Floette|2/100
|move|p2a: Floette|Dazzling Gleam|p1b: Sinistcha|[spread] p1a,p1b
|-supereffective|p1a: Tyranitar|1
|-damage|p1a: Tyranitar|30/100
|-damage|p1b: Sinistcha|0 fnt
|faint|p1b: Sinistcha
|move|p2b: Incineroar|Darkest Lariat|p1a: Tyranitar
|-resisted|p1a: Tyranitar|1
|-damage|p1a: Tyranitar|16/100
|
|-weather|Sandstorm|[upkeep]
|-damage|p2a: Floette|0 fnt|[from] Sandstorm
|-damage|p2b: Incineroar|45/100|[from] Sandstorm
|-enditem|p2b: Incineroar|Sitrus Berry|[eat]
|-heal|p2b: Incineroar|69/100|[from] item: Sitrus Berry
|faint|p2a: Floette
|upkeep
|turn|8
|
|t:|1784765242
|move|p1a: Tyranitar|Protect|p1a: Tyranitar
|-singleturn|p1a: Tyranitar|Protect
|move|p2b: Incineroar|Darkest Lariat|p1a: Tyranitar
|-activate|p1a: Tyranitar|move: Protect
|
|-weather|Sandstorm|[upkeep]
|-damage|p2b: Incineroar|63/100|[from] Sandstorm
|upkeep
|turn|9
|
|t:|1784765254
|move|p1a: Tyranitar|High Horsepower|p2b: Incineroar
|-supereffective|p2b: Incineroar|1
|-damage|p2b: Incineroar|16/100
|move|p2b: Incineroar|Darkest Lariat|p1a: Tyranitar
|-resisted|p1a: Tyranitar|1
|-damage|p1a: Tyranitar|1/100
|
|-weather|Sandstorm|[upkeep]
|-damage|p2b: Incineroar|10/100|[from] Sandstorm
|upkeep
|turn|10
|c|☆GUY FROM INSIDIOUS|gg
|c|☆fashoooo|gg
|
|t:|1784765268
|move|p1a: Tyranitar|Protect|p1a: Tyranitar
|-singleturn|p1a: Tyranitar|Protect
|move|p2b: Incineroar|Darkest Lariat|p1a: Tyranitar
|-activate|p1a: Tyranitar|move: Protect
|
|-weather|none
|upkeep
|turn|11
|
|t:|1784765278
|move|p1a: Tyranitar|High Horsepower|p2b: Incineroar
|-supereffective|p2b: Incineroar|1
|-damage|p2b: Incineroar|0 fnt
|faint|p2b: Incineroar
|
|win|fashoooo
|raw|fashoooo's rating: 1060 → 1102(+42 for winning)
|raw|GUY FROM INSIDIOUS's rating: 1183 → 1150(-33 for losing)
