|j|â˜†camala64
|j|â˜†RobinMuister
|html|camala64RobinMuister    
|uhtml|bestof|Game 1 of a best-of-3
|t:|1786114289
|gametype|doubles
|player|p1|camala64|lance-masters2|
|player|p2|RobinMuister|blackbelt|
|gen|9
|tier|[Gen 9 Champions] VGC 2026 Reg M-B (Bo3)
|rule|Species Clause: Limit one of each PokÃ©mon
|rule|Item Clause: Limit 1 of each item
|clearpoke
|poke|p1|Archaludon, L50, M, shiny|
|poke|p1|Venusaur, L50, F|
|poke|p1|Raichu, L50, F|
|poke|p1|Grimmsnarl, L50, M, shiny|
|poke|p1|Pelipper, L50, M|
|poke|p1|Basculegion, L50, M, shiny|
|poke|p2|Charizard, L50, F|
|poke|p2|Venusaur, L50, M|
|poke|p2|Garchomp, L50, F|
|poke|p2|Toxapex, L50, F|
|poke|p2|Sylveon, L50, M|
|poke|p2|Incineroar, L50, M|
|teampreview|4
|showteam|p1|Archaludon||Leftovers|Stamina|ElectroShot,DragonPulse,FlashCannon,Protect|Modest||M|||50|]Venusaur||Venusaurite|Chlorophyll|GigaDrain,SludgeBomb,EarthPower,Protect|Modest||F|||50|]Raichu||RaichuniteY|LightningRod|ZapCannon,FocusBlast,FakeOut,Protect|Timid||F|||50|]Grimmsnarl||LightClay|Prankster|SpiritBreak,Reflect,LightScreen,PartingShot|Sassy||M|||50|]Pelipper||SitrusBerry|Drizzle|WeatherBall,Hurricane,Tailwind,Protect|Calm||M|||50|]Basculegion||ChoiceScarf|Adaptability|WaveCrash,AquaJet,FlipTurn,LastRespects|Jolly||M|||50|
|showteam|p2|Charizard||CharizarditeY|Blaze|WeatherBall,SolarBeam,HeatWave,Protect|Modest||F|||50|]Venusaur||FocusSash|Chlorophyll|SludgeBomb,EarthPower,SleepPowder,Protect|Modest||M|||50|]Garchomp||ChoiceScarf|RoughSkin|Earthquake,StompingTantrum,RockSlide,RockTomb|Adamant||F|||50|]Toxapex||Leftovers|Regenerator|Infestation,BanefulBunker,Recover,WideGuard|Calm||F|||50|]Sylveon||FairyFeather|Pixilate|HyperVoice,QuickAttack,Yawn,Detect|Quiet||M|||50|]Incineroar||SitrusBerry|Intimidate|FakeOut,FlareBlitz,DarkestLariat,PartingShot|Adamant||M|||50|
|c|â˜†camala64|Glhf
|c|â˜†RobinMuister|glhf
|
|t:|1786114324
|teamsize|p1|4
|teamsize|p2|4
|start
|switch|p1a: Grimmsnarl|Grimmsnarl, L50, M, shiny|100/100
|switch|p1b: Venusaur|Venusaur, L50, F|100/100
|switch|p2a: Toxapex|Toxapex, L50, F|100/100
|switch|p2b: Sylveon|Sylveon, L50, M|100/100
|turn|1
|
|t:|1786114343
|detailschange|p1b: Venusaur|Venusaur-Mega, L50, F
|-mega|p1b: Venusaur|Venusaur|Venusaurite
|move|p1a: Grimmsnarl|Light Screen|p1a: Grimmsnarl
|-sidestart|p1: camala64|move: Light Screen
|move|p1b: Venusaur|Sludge Bomb|p2b: Sylveon
|-supereffective|p2b: Sylveon|1
|-damage|p2b: Sylveon|37/100
|-status|p2b: Sylveon|psn
|move|p2b: Sylveon|Yawn|p1b: Venusaur
|-start|p1b: Venusaur|move: Yawn|[of] p2b: Sylveon
|move|p2a: Toxapex|Infestation|p1b: Venusaur
|-damage|p1b: Venusaur|98/100
|-activate|p1b: Venusaur|move: Infestation|[of] p2a: Toxapex
|
|-damage|p2b: Sylveon|24/100 psn|[from] psn
|-damage|p1b: Venusaur|86/100|[from] move: Infestation|[partiallytrapped]
|upkeep
|turn|2
|c|â˜†RobinMuister|ah fuck
|
|t:|1786114372
|move|p2b: Sylveon|Detect|p2b: Sylveon
|-singleturn|p2b: Sylveon|Protect
|move|p2a: Toxapex|Baneful Bunker|p2a: Toxapex
|-singleturn|p2a: Toxapex|move: Protect
|move|p1b: Venusaur|Earth Power|p2a: Toxapex
|-activate|p2a: Toxapex|move: Protect
|move|p1a: Grimmsnarl|Spirit Break|p2b: Sylveon
|-activate|p2b: Sylveon|move: Protect
|
|-damage|p2b: Sylveon|12/100 psn|[from] psn
|-damage|p1b: Venusaur|73/100|[from] move: Infestation|[partiallytrapped]
|-end|p1b: Venusaur|move: Yawn|[silent]
|-status|p1b: Venusaur|slp
|upkeep
|turn|3
|
|t:|1786114397
|move|p1a: Grimmsnarl|Reflect|p1a: Grimmsnarl
|-sidestart|p1: camala64|Reflect
|cant|p1b: Venusaur|slp
|move|p2b: Sylveon|Hyper Voice|p1b: Venusaur|[spread] p1a,p1b
|-supereffective|p1a: Grimmsnarl|1
|-resisted|p1b: Venusaur|1
|-damage|p1a: Grimmsnarl|42/100
|-damage|p1b: Venusaur|60/100 slp
|move|p2a: Toxapex|Infestation|p1a: Grimmsnarl
|-damage|p1a: Grimmsnarl|40/100
|-activate|p1a: Grimmsnarl|move: Infestation|[of] p2a: Toxapex
|
|-damage|p2b: Sylveon|0 fnt|[from] psn
|faint|p2b: Sylveon
|-damage|p1b: Venusaur|48/100 slp|[from] move: Infestation|[partiallytrapped]
|-damage|p1a: Grimmsnarl|28/100|[from] move: Infestation|[partiallytrapped]
|upkeep
|
|t:|1786114409
|switch|p2b: Charizard|Charizard, L50, F|100/100
|turn|4
|
|t:|1786114424
|switch|p2a: Garchomp|Garchomp, L50, F|100/100
|move|p1a: Grimmsnarl|Parting Shot|p2b: Charizard
|-unboost|p2b: Charizard|atk|1
|-unboost|p2b: Charizard|spa|1
|
|t:|1786114432
|switch|p1a: Archaludon|Archaludon, L50, M, shiny|100/100|[from] Parting Shot
|move|p2b: Charizard|Heat Wave|p1b: Venusaur|[spread] p1a,p1b
|-supereffective|p1b: Venusaur|1
|-damage|p1a: Archaludon|87/100
|-damage|p1b: Venusaur|35/100 slp
|-status|p1a: Archaludon|brn
|-ability|p1a: Archaludon|Stamina|boost
|-boost|p1a: Archaludon|def|1
|cant|p1b: Venusaur|slp
|
|-heal|p1a: Archaludon|92/100 brn|[from] item: Leftovers
|-damage|p1a: Archaludon|87/100 brn|[from] brn
|-end|p1b: Venusaur|Infestation|[partiallytrapped]|[silent]
|upkeep
|turn|5
|j| MegaHappyDragonite
|
|t:|1786114453
|detailschange|p2b: Charizard|Charizard-Mega-Y, L50, F
|-mega|p2b: Charizard|Charizard|Charizardite Y
|-weather|SunnyDay|[from] ability: Drought|[of] p2b: Charizard
|move|p2a: Garchomp|Earthquake|p1a: Archaludon|[spread] p1a,p1b
|-immune|p2b: Charizard
|-supereffective|p1a: Archaludon|1
|-damage|p1a: Archaludon|54/100 brn
|-damage|p1b: Venusaur|13/100 slp
|-ability|p1a: Archaludon|Stamina|boost
|-boost|p1a: Archaludon|def|1
|move|p2b: Charizard|Heat Wave|p1a: Archaludon|[spread] p1a,p1b
|-supereffective|p1b: Venusaur|1
|-damage|p1a: Archaludon|24/100 brn
|-damage|p1b: Venusaur|0 fnt
|-ability|p1a: Archaludon|Stamina|boost
|-boost|p1a: Archaludon|def|1
|faint|p1b: Venusaur
|move|p1a: Archaludon|Dragon Pulse|p2a: Garchomp
|-supereffective|p2a: Garchomp|1
|-damage|p2a: Garchomp|2/100
|
|-weather|SunnyDay|[upkeep]
|-heal|p1a: Archaludon|30/100 brn|[from] item: Leftovers
|-damage|p1a: Archaludon|24/100 brn|[from] brn
|upkeep
|
|t:|1786114469
|switch|p1b: Pelipper|Pelipper, L50, M|100/100
|-weather|RainDance|[from] ability: Drizzle|[of] p1b: Pelipper
|turn|6
|
|t:|1786114503
|switch|p2a: Toxapex|Toxapex, L50, F|100/100
|switch|p1a: Grimmsnarl|Grimmsnarl, L50, M, shiny|28/100
|move|p2b: Charizard|Protect|p2b: Charizard
|-singleturn|p2b: Charizard|Protect
|move|p1b: Pelipper|Hurricane|p2a: Toxapex
|-damage|p2a: Toxapex|72/100
|
|-weather|RainDance|[upkeep]
|-heal|p2a: Toxapex|78/100|[from] item: Leftovers
|upkeep
|turn|7
|
|t:|1786114533
|switch|p2b: Garchomp|Garchomp, L50, F|2/100
|move|p1b: Pelipper|Protect|p1b: Pelipper
|-singleturn|p1b: Pelipper|Protect
|move|p1a: Grimmsnarl|Spirit Break|p2b: Garchomp
|-supereffective|p2b: Garchomp|1
|-damage|p2b: Garchomp|0 fnt
|-damage|p1a: Grimmsnarl|15/100|[from] ability: Rough Skin|[of] p2b: Garchomp
|faint|p2b: Garchomp
|move|p2a: Toxapex|Infestation|p1b: Pelipper
|-activate|p1b: Pelipper|move: Protect
|
|-weather|RainDance|[upkeep]
|-heal|p2a: Toxapex|84/100|[from] item: Leftovers
|upkeep
|
|t:|1786114542
|switch|p2b: Charizard|Charizard-Mega-Y, L50, F|100/100
|-weather|SunnyDay|[from] ability: Drought|[of] p2b: Charizard
|turn|8
|
|t:|1786114553
|switch|p1b: Archaludon|Archaludon, L50, M, shiny|24/100 brn
|move|p1a: Grimmsnarl|Parting Shot|p2b: Charizard
|-unboost|p2b: Charizard|atk|1
|-unboost|p2b: Charizard|spa|1
|
|t:|1786114557
|switch|p1a: Pelipper|Pelipper, L50, M|100/100|[from] Parting Shot
|-weather|RainDance|[from] ability: Drizzle|[of] p1a: Pelipper
|move|p2b: Charizard|Heat Wave|p1a: Pelipper|[spread] p1b
|-miss|p2b: Charizard|p1a: Pelipper
|-damage|p1b: Archaludon|14/100 brn
|-ability|p1b: Archaludon|Stamina|boost
|-boost|p1b: Archaludon|def|1
|move|p2a: Toxapex|Infestation|p1a: Pelipper
|-resisted|p1a: Pelipper|1
|-damage|p1a: Pelipper|99/100
|-activate|p1a: Pelipper|move: Infestation|[of] p2a: Toxapex
|
|-weather|RainDance|[upkeep]
|-heal|p1b: Archaludon|20/100y brn|[from] item: Leftovers
|-heal|p2a: Toxapex|89/100|[from] item: Leftovers
|-damage|p1b: Archaludon|14/100 brn|[from] brn
|-damage|p1a: Pelipper|87/100|[from] move: Infestation|[partiallytrapped]
|-sideend|p1: camala64|move: Light Screen
|upkeep
|turn|9
|
|t:|1786114578
|move|p2b: Charizard|Weather Ball|p1a: Pelipper
|-resisted|p1a: Pelipper|1
|-damage|p1a: Pelipper|65/100
|move|p1b: Archaludon|Electro Shot||[still]
|-prepare|p1b: Archaludon|Electro Shot
|-boost|p1b: Archaludon|spa|1
|-anim|p1b: Archaludon|Electro Shot|p2a: Toxapex
|-supereffective|p2a: Toxapex|1
|-damage|p2a: Toxapex|1/100
|move|p1a: Pelipper|Weather Ball|p2b: Charizard
|-supereffective|p2b: Charizard|1
|-damage|p2b: Charizard|1/100
|move|p2a: Toxapex|Infestation|p1b: Archaludon
|-resisted|p1b: Archaludon|1
|-damage|p1b: Archaludon|12/100 brn
|-activate|p1b: Archaludon|move: Infestation|[of] p2a: Toxapex
|-ability|p1b: Archaludon|Stamina|boost
|-boost|p1b: Archaludon|def|1
|
|-weather|RainDance|[upkeep]
|-heal|p1b: Archaludon|18/100 brn|[from] item: Leftovers
|-heal|p2a: Toxapex|7/100|[from] item: Leftovers
|-damage|p1b: Archaludon|12/100 brn|[from] brn
|-damage|p1b: Archaludon|1/100 brn|[from] move: Infestation|[partiallytrapped]
|-damage|p1a: Pelipper|53/100|[from] move: Infestation|[partiallytrapped]
|upkeep
|turn|10
|c|â˜†camala64|Ok wtf
|c|â˜†camala64|what kinda anime is this
|
|t:|1786114615
|move|p2b: Charizard|Protect|p2b: Charizard
|-singleturn|p2b: Charizard|Protect
|move|p2a: Toxapex|Baneful Bunker|p2a: Toxapex
|-singleturn|p2a: Toxapex|move: Protect
|move|p1b: Archaludon|Electro Shot||[still]
|-prepare|p1b: Archaludon|Electro Shot
|-boost|p1b: Archaludon|spa|1
|-anim|p1b: Archaludon|Electro Shot|p2a: Toxapex
|-activate|p2a: Toxapex|move: Protect
|move|p1a: Pelipper|Weather Ball|p2b: Charizard
|-activate|p2b: Charizard|move: Protect
|
|-weather|RainDance|[upkeep]
|-heal|p1b: Archaludon|6/100 brn|[from] item: Leftovers
|-heal|p2a: Toxapex|13/100|[from] item: Leftovers
|-damage|p1b: Archaludon|1/100 brn|[from] brn
|-damage|p1b: Archaludon|0 fnt|[from] move: Infestation|[partiallytrapped]
|faint|p1b: Archaludon
|-damage|p1a: Pelipper|41/100|[from] move: Infestation|[partiallytrapped]
|-sideend|p1: camala64|Reflect
|upkeep
|-enditem|p1a: Pelipper|Sitrus Berry|[eat]
|-heal|p1a: Pelipper|66/100|[from] item: Sitrus Berry
|
|t:|1786114620
|switch|p1b: Grimmsnarl|Grimmsnarl, L50, M, shiny|15/100
|turn|11
|
|t:|1786114642
|move|p1b: Grimmsnarl|Light Screen|p1b: Grimmsnarl
|-sidestart|p1: camala64|move: Light Screen
|move|p2b: Charizard|Weather Ball|p1a: Pelipper
|-resisted|p1a: Pelipper|1
|-damage|p1a: Pelipper|50/100g
|move|p1a: Pelipper|Hurricane|p2a: Toxapex
|-damage|p2a: Toxapex|0 fnt
|faint|p2a: Toxapex
|
|-weather|RainDance|[upkeep]
|-end|p1a: Pelipper|Infestation|[partiallytrapped]|[silent]
|upkeep
|turn|12
|
|t:|1786114652
|move|p2b: Charizard|Weather Ball|p1a: Pelipper
|-resisted|p1a: Pelipper|1
|-damage|p1a: Pelipper|35/100
|move|p1a: Pelipper|Weather Ball|p2b: Charizard
|-supereffective|p2b: Charizard|1
|-damage|p2b: Charizard|0 fnt
|faint|p2b: Charizard
|
|win|camala64
||RobinMuister is ready for game 2.
||camala64 is ready for game 2.
|uhtml|next|Next: Game 2 of 3
|l| MegaHappyDragonite
|l|â˜†RobinMuister
|player|p2|
