|j|☆Traindelpivgc
|j|☆FlashoGoing
|html|TraindelpivgcFlashoGoing    
|uhtml|bestof|Game 1 of a best-of-3
|t:|1756471868
|gametype|doubles
|player|p1|Traindelpivgc|hilbert-wonderlauncher|1199
|player|p2|FlashoGoing|pokemaniac|1112
|gen|9
|tier|[Gen 9] VGC 2025 Reg H (Bo3)
|rated|
|rule|Species Clause: Limit one of each Pokémon
|rule|Item Clause: Limit 1 of each item
|clearpoke
|poke|p1|Incineroar, L50, F|
|poke|p1|Amoonguss, L50, F|
|poke|p1|Ursaluna-Bloodmoon, L50, M|
|poke|p1|Sneasler, L50, F|
|poke|p1|Gholdengo, L50|
|poke|p1|Dragonite, L50, M|
|poke|p2|Whimsicott, L50, F|
|poke|p2|Amoonguss, L50, M|
|poke|p2|Baxcalibur, L50, M|
|poke|p2|Gholdengo, L50|
|poke|p2|Volcarona, L50, F|
|poke|p2|Incineroar, L50, M|
|teampreview|4
|showteam|p1|Incineroar||SafetyGoggles|Intimidate|FlareBlitz,KnockOff,PartingShot,FakeOut|||F|||50|,,,,,Ghost]Amoonguss||SitrusBerry|Regenerator|Spore,RagePowder,PollenPuff,Protect|||F|||50|,,,,,Psychic]Ursaluna-Bloodmoon||AssaultVest|MindsEye|HyperVoice,BloodMoon,EarthPower,VacuumWave|||M|||50|,,,,,Water]Sneasler||FocusSash|Unburden|CloseCombat,DireClaw,ThroatChop,Protect|||F|||50|,,,,,Stellar]Gholdengo||LifeOrb|GoodasGold|MakeItRain,ShadowBall,NastyPlot,Protect||||||50|,,,,,Water]Dragonite||LoadedDice|Multiscale|ScaleShot,Tailwind,Haze,Protect|||M|||50|,,,,,Fairy
|showteam|p2|Whimsicott||CovertCloak|Prankster|Moonblast,Tailwind,Encore,Taunt|||F|||50|,,,,,Steel]Amoonguss||SitrusBerry|EffectSpore|Spore,RagePowder,ClearSmog,PollenPuff|||M|||50|,,,,,Water]Baxcalibur||LoadedDice|ThermalExchange|IcicleSpear,ScaleShot,IceShard,Protect|||M|||50|,,,,,Steel]Gholdengo||LifeOrb|GoodasGold|MakeItRain,ShadowBall,NastyPlot,Protect||||||50|,,,,,Water]Volcarona||Leftovers|FlameBody|FieryDance,GigaDrain,QuiverDance,Protect|||F|||50|,,,,,Water]Incineroar||SafetyGoggles|Intimidate|FakeOut,FlareBlitz,KnockOff,PartingShot|||M|||50|,,,,,Ghost
|inactive|Battle timer is ON: inactive players will automatically lose when time's up. (requested by FlashoGoing)
|
|t:|1756471942
|teamsize|p1|4
|teamsize|p2|4
|start
|switch|p1a: Sneasler|Sneasler, L50, F|100/100
|switch|p1b: Ursaluna|Ursaluna-Bloodmoon, L50, M|100/100
|switch|p2a: Amoonguss|Amoonguss, L50, M|100/100
|switch|p2b: Volcarona|Volcarona, L50, F|100/100
|turn|1
|inactive|Traindelpivgc has 30 seconds left.
|inactive|Traindelpivgc has 20 seconds left.
|
|t:|1756471980
|move|p2a: Amoonguss|Rage Powder|p2a: Amoonguss
|-singleturn|p2a: Amoonguss|move: Rage Powder
|move|p1a: Sneasler|Dire Claw|p2a: Amoonguss
|-damage|p2a: Amoonguss|70/100
|move|p2b: Volcarona|Quiver Dance|p2b: Volcarona
|-boost|p2b: Volcarona|spa|1
|-boost|p2b: Volcarona|spd|1
|-boost|p2b: Volcarona|spe|1
|move|p1b: Ursaluna|Hyper Voice|p2a: Amoonguss|[spread] p2a,p2b
|-damage|p2a: Amoonguss|38/100
|-damage|p2b: Volcarona|80/100
|-enditem|p2a: Amoonguss|Sitrus Berry|[eat]
|-heal|p2a: Amoonguss|63/100|[from] item: Sitrus Berry
|
|-heal|p2b: Volcarona|86/100|[from] item: Leftovers
|upkeep
|turn|2
|inactive|FlashoGoing has 30 seconds left.
|
|t:|1756472010
|move|p2a: Amoonguss|Rage Powder|p2a: Amoonguss
|-singleturn|p2a: Amoonguss|move: Rage Powder
|move|p1a: Sneasler|Dire Claw|p2a: Amoonguss
|-damage|p2a: Amoonguss|30/100
|-status|p2a: Amoonguss|par
|move|p2b: Volcarona|Quiver Dance|p2b: Volcarona
|-boost|p2b: Volcarona|spa|1
|-boost|p2b: Volcarona|spd|1
|-boost|p2b: Volcarona|spe|1
|move|p1b: Ursaluna|Hyper Voice|p2b: Volcarona|[spread] p2a,p2b
|-damage|p2a: Amoonguss|0 fnt
|-damage|p2b: Volcarona|71/100
|faint|p2a: Amoonguss
|
|-heal|p2b: Volcarona|77/100|[from] item: Leftovers
|upkeep
|
|t:|1756472032
|switch|p2a: Baxcalibur|Baxcalibur, L50, M|100/100
|turn|3
|
|t:|1756472044
|switch|p2a: Gholdengo|Gholdengo, L50|100/100
|move|p2b: Volcarona|Giga Drain|p1b: Ursaluna
|-supereffective|p1b: Ursaluna
|-damage|p1b: Ursaluna|29/100
|-heal|p2b: Volcarona|100/100|[from] drain|[of] p1b: Ursaluna
|move|p1a: Sneasler|Close Combat|p2a: Gholdengo
|-immune|p2a: Gholdengo
|move|p1b: Ursaluna|Earth Power|p2b: Volcarona
|-damage|p2b: Volcarona|78/100
|
|-heal|p2b: Volcarona|84/100|[from] item: Leftovers
|upkeep
|turn|4
|inactive|FlashoGoing has 30 seconds left.
|inactive|Traindelpivgc has 30 seconds left.
|inactive|FlashoGoing has 20 seconds left.
|inactive|FlashoGoing has 15 seconds left.
|inactive|FlashoGoing has 10 seconds left.
|
|t:|1756472089
|switch|p1b: Incineroar|Incineroar, L50, F|100/100
|-ability|p1b: Incineroar|Intimidate|boost
|-unboost|p2a: Gholdengo|atk|1
|-unboost|p2b: Volcarona|atk|1
|move|p2a: Gholdengo|Protect|p2a: Gholdengo
|-singleturn|p2a: Gholdengo|Protect
|move|p2b: Volcarona|Giga Drain|p1b: Incineroar
|-resisted|p1b: Incineroar
|-crit|p1b: Incineroar
|-damage|p1b: Incineroar|69/100
|-heal|p2b: Volcarona|100/100|[from] drain|[of] p1b: Incineroar
|move|p1a: Sneasler|Throat Chop|p2a: Gholdengo
|-activate|p2a: Gholdengo|move: Protect
|
|upkeep
|turn|5
|inactive|Traindelpivgc has 30 seconds left.
|inactive|Traindelpivgc has 20 seconds left.
|inactive|Traindelpivgc has 15 seconds left.
|inactive|Traindelpivgc has 10 seconds left.
|inactive|FlashoGoing has 30 seconds left.
|
|t:|1756472138
|-terastallize|p2a: Gholdengo|Water
|move|p1b: Incineroar|Fake Out|p2b: Volcarona
|-damage|p2b: Volcarona|89/100
|cant|p2b: Volcarona|flinch
|move|p1a: Sneasler|Throat Chop|p2a: Gholdengo
|-damage|p2a: Gholdengo|73/100
|-start|p2a: Gholdengo|Throat Chop|[silent]
|move|p2a: Gholdengo|Shadow Ball|p1a: Sneasler
|-damage|p1a: Sneasler|15/100
|-damage|p2a: Gholdengo|63/100|[from] item: Life Orb
|
|-heal|p2b: Volcarona|95/100|[from] item: Leftovers
|upkeep
|turn|6
|inactive|Traindelpivgc has 30 seconds left.
|inactive|FlashoGoing has 30 seconds left.
|
|t:|1756472167
|move|p2b: Volcarona|Fiery Dance|p1a: Sneasler
|-damage|p1a: Sneasler|0 fnt
|faint|p1a: Sneasler
|move|p2a: Gholdengo|Nasty Plot|p2a: Gholdengo
|-boost|p2a: Gholdengo|spa|2
|move|p1b: Incineroar|Knock Off|p2a: Gholdengo
|-damage|p2a: Gholdengo|22/100
|-enditem|p2a: Gholdengo|Life Orb|[from] move: Knock Off|[of] p1b: Incineroar
|
|-heal|p2b: Volcarona|100/100|[from] item: Leftovers
|-end|p2a: Gholdengo|Throat Chop|[silent]
|upkeep
|
|t:|1756472183
|switch|p1a: Dragonite|Dragonite, L50, M|100/100
|turn|7
|
|t:|1756472202
|move|p2b: Volcarona|Fiery Dance|p1a: Dragonite
|-resisted|p1a: Dragonite
|-damage|p1a: Dragonite|78/100
|-boost|p2b: Volcarona|spa|1
|move|p1a: Dragonite|Haze|p1a: Dragonite
|-clearallboost
|move|p2a: Gholdengo|Make It Rain|p1b: Incineroar|[spread] p1a,p1b
|-resisted|p1b: Incineroar
|-damage|p1a: Dragonite|27/100
|-damage|p1b: Incineroar|46/100
|-unboost|p2a: Gholdengo|spa|1
|move|p1b: Incineroar|Parting Shot|p2b: Volcarona
|-unboost|p2b: Volcarona|atk|1
|-unboost|p2b: Volcarona|spa|1
|
|t:|1756472215
|switch|p1b: Ursaluna|Ursaluna-Bloodmoon, L50, M|29/100|[from] Parting Shot
|
|upkeep
|turn|8
|inactive|Traindelpivgc has 30 seconds left.
|inactive|Traindelpivgc has 20 seconds left.
|inactive|Traindelpivgc has 15 seconds left.
|
|t:|1756472259
|-terastallize|p1b: Ursaluna|Water
|move|p1a: Dragonite|Scale Shot|p2a: Gholdengo
|-damage|p2a: Gholdengo|7/100
|-damage|p2a: Gholdengo|0 fnt
|faint|p2a: Gholdengo
|-hitcount|p2: Gholdengo|2
|-unboost|p1a: Dragonite|def|1
|-boost|p1a: Dragonite|spe|1
|move|p2b: Volcarona|Quiver Dance|p2b: Volcarona
|-boost|p2b: Volcarona|spa|1
|-boost|p2b: Volcarona|spd|1
|-boost|p2b: Volcarona|spe|1
|move|p1b: Ursaluna|Blood Moon|p2b: Volcarona
|-damage|p2b: Volcarona|59/100
|
|-heal|p2b: Volcarona|66/100|[from] item: Leftovers
|upkeep
|
|t:|1756472278
|switch|p2a: Baxcalibur|Baxcalibur, L50, M|100/100
|turn|9
|
|t:|1756472299
|move|p1a: Dragonite|Scale Shot|p2b: Volcarona
|-damage|p2b: Volcarona|50/100
|-damage|p2b: Volcarona|35/100
|-damage|p2b: Volcarona|20/100
|-damage|p2b: Volcarona|6/100
|-damage|p2b: Volcarona|0 fnt
|faint|p2b: Volcarona
|-hitcount|p2: Volcarona|5
|-unboost|p1a: Dragonite|def|1
|-boost|p1a: Dragonite|spe|1
|move|p2a: Baxcalibur|Scale Shot|p1a: Dragonite
|-supereffective|p1a: Dragonite
|-damage|p1a: Dragonite|0 fnt
|faint|p1a: Dragonite
|-hitcount|p1: Dragonite|1
|-unboost|p2a: Baxcalibur|def|1
|-boost|p2a: Baxcalibur|spe|1
|move|p1b: Ursaluna|Hyper Voice|p2a: Baxcalibur
|-damage|p2a: Baxcalibur|54/100
|
|upkeep
|
|t:|1756472317
|switch|p1a: Incineroar|Incineroar, L50, F|46/100
|-ability|p1a: Incineroar|Intimidate|boost
|-unboost|p2a: Baxcalibur|atk|1
|turn|10
|
|t:|1756472328
|move|p1a: Incineroar|Fake Out|p2a: Baxcalibur
|-damage|p2a: Baxcalibur|40/100
|cant|p2a: Baxcalibur|flinch
|move|p1b: Ursaluna|Hyper Voice|p2a: Baxcalibur
|-damage|p2a: Baxcalibur|0 fnt
|faint|p2a: Baxcalibur
|
|win|Traindelpivgc
|inactive|Traindelpivgc has 30 seconds to confirm battle start!
|inactive|FlashoGoing has 30 seconds to confirm battle start!
||FlashoGoing is ready for game 2.
||Traindelpivgc is ready for game 2.
|uhtml|next|Next: Game 2 of 3
