|j|☆DeadlyAsian666
|j|☆ttvmoxiie
|html|DeadlyAsian666ttvmoxiie    
|uhtml|bestof|Game 2 of a best-of-3
|t:|1757704173
|gametype|doubles
|player|p1|DeadlyAsian666|1|1016
|player|p2|ttvmoxiie|steven|1000
|gen|9
|tier|[Gen 9] VGC 2025 Reg H (Bo3)
|rated|
|rule|Species Clause: Limit one of each Pokémon
|rule|Item Clause: Limit 1 of each item
|clearpoke
|poke|p1|Flapple, L50, M|
|poke|p1|Rillaboom, L50, M|
|poke|p1|Talonflame, L50, M|
|poke|p1|Lucario, L50, M|
|poke|p1|Sableye, L50, F|
|poke|p1|Palafin, L50, M|
|poke|p2|Dragonite, L50, F|
|poke|p2|Gholdengo, L50|
|poke|p2|Rillaboom, L50, M|
|poke|p2|Ursaluna-Bloodmoon, L50, M|
|poke|p2|Annihilape, L50, F|
|poke|p2|Maushold-Four, L50|
|teampreview|4
|showteam|p1|Flapple||ChoiceScarf|Hustle|GravApple,DualWingbeat,Uturn,Outrage|||M|||50|,,,,,Flying]Rillaboom||GrassySeed|GrassySurge|GrassyGlide,DrumBeating,WoodHammer,FakeOut|||M|||50|,,,,,Grass]Talonflame||SitrusBerry|FlameBody|Tailwind,FlareBlitz,BraveBird,Taunt|||M|||50|,,,,,Fire]Lucario||FocusSash|InnerFocus|ExtremeSpeed,FlashCannon,FocusBlast,LifeDew|||M|||50|,,,,,Fighting]Sableye|||Prankster|Disable,ShadowSneak,HelpingHand,Gravity|||F|||50|,,,,,Dark]Palafin||LifeOrb|ZerotoHero|JetPunch,FlipTurn,WaveCrash,Protect|||M|||50|,,,,,Water
|showteam|p2|Dragonite||LoadedDice|Multiscale|Haze,Protect,Tailwind,ScaleShot|||F|||50|,,,,,Fairy]Gholdengo||LifeOrb|GoodasGold|Protect,NastyPlot,MakeItRain,ShadowBall||||||50|,,,,,Water]Rillaboom||MiracleSeed|GrassySurge|GrassyGlide,WoodHammer,FakeOut,HighHorsepower|||M|||50|,,,,,Fire]Ursaluna-Bloodmoon||AssaultVest|MindsEye|BloodMoon,HyperVoice,EarthPower,VacuumWave|||M|||50|,,,,,Water]Annihilape||SitrusBerry|Defiant|RageFist,DrainPunch,BulkUp,Protect|||F|||50|,,,,,Fire]Maushold-Four||FocusSash|FriendGuard|SuperFang,FollowMe,BeatUp,Protect||||||50|,,,,,Ghost
|inactive|Battle timer is ON: inactive players will automatically lose when time's up. (requested by ttvmoxiie)
|
|t:|1757704206
|teamsize|p1|4
|teamsize|p2|4
|start
|switch|p1a: Sableye|Sableye, L50, F|100/100
|switch|p1b: Almight|Palafin, L50, M, shiny|100/100
|switch|p2a: Gholdengo|Gholdengo, L50|100/100
|switch|p2b: Dragonite|Dragonite, L50, F|100/100
|turn|1
|
|t:|1757704229
|-terastallize|p2a: Gholdengo|Water
|move|p1a: Sableye|Gravity|p1a: Sableye
|-fieldstart|move: Gravity
|move|p1b: Almight|Flip Turn|p2a: Gholdengo
|-resisted|p2a: Gholdengo
|-damage|p2a: Gholdengo|85/100
|-damage|p1b: Almight|91/100|[from] item: Life Orb
|
|t:|1757704237
|detailschange|p1b: Almight|Palafin-Hero, L50, M, shiny
|switch|p1b: Talonflame|Talonflame, L50, M, shiny|100/100|[from] Flip Turn
|move|p2a: Gholdengo|Nasty Plot|p2a: Gholdengo
|-boost|p2a: Gholdengo|spa|2
|move|p2b: Dragonite|Tailwind|p2b: Dragonite
|-sidestart|p2: ttvmoxiie|move: Tailwind
|
|upkeep
|turn|2
|inactive|DeadlyAsian666 has 30 seconds left.
|
|t:|1757704266
|move|p2a: Gholdengo|Protect|p2a: Gholdengo
|-singleturn|p2a: Gholdengo|Protect
|move|p1a: Sableye|Shadow Sneak|p2a: Gholdengo
|-activate|p2a: Gholdengo|move: Protect
|move|p2b: Dragonite|Scale Shot|p1b: Talonflame
|-damage|p1b: Talonflame|77/100
|-damage|p1b: Talonflame|54/100
|-damage|p1b: Talonflame|32/100
|-enditem|p1b: Talonflame|Sitrus Berry|[eat]
|-heal|p1b: Talonflame|57/100|[from] item: Sitrus Berry
|-damage|p1b: Talonflame|33/100
|-hitcount|p1b: Talonflame|4
|-unboost|p2b: Dragonite|def|1
|-boost|p2b: Dragonite|spe|1
|move|p1b: Talonflame|Tailwind|p1b: Talonflame
|-sidestart|p1: DeadlyAsian666|move: Tailwind
|
|upkeep
|turn|3
|inactive|DeadlyAsian666 has 30 seconds left.
|inactive|ttvmoxiie has 30 seconds left.
|
|t:|1757704295
|move|p1a: Sableye|Disable|p2b: Dragonite
|-start|p2b: Dragonite|Disable|Scale Shot
|move|p1b: Talonflame|Brave Bird|p2a: Gholdengo
|-damage|p2a: Gholdengo|42/100
|-damage|p1b: Talonflame|15/100|[from] Recoil
|cant|p2b: Dragonite|Disable|Scale Shot
|move|p2a: Gholdengo|Shadow Ball|p1a: Sableye
|-damage|p1a: Sableye|0 fnt
|faint|p1a: Sableye
|-damage|p2a: Gholdengo|32/100|[from] item: Life Orb
|
|upkeep
|inactive|DeadlyAsian666 has 30 seconds left.
|
|t:|1757704326
|switch|p1a: Flapple|Flapple, L50, M|100/100
|turn|4
|inactive|ttvmoxiie has 30 seconds left.
|inactive|ttvmoxiie has 20 seconds left.
|
|t:|1757704364
|switch|p2b: Rillaboom|Rillaboom, L50, M|100/100
|-fieldstart|move: Grassy Terrain|[from] ability: Grassy Surge|[of] p2b: Rillaboom
|move|p1a: Flapple|Outrage|p2b: Rillaboom
|-damage|p2b: Rillaboom|12/100
|move|p1b: Talonflame|Brave Bird|p2a: Gholdengo
|-damage|p2a: Gholdengo|0 fnt
|faint|p2a: Gholdengo
|-damage|p1b: Talonflame|2/100|[from] Recoil
|
|-heal|p1b: Talonflame|8/100|[from] Grassy Terrain
|-heal|p2b: Rillaboom|18/100|[from] Grassy Terrain
|-sideend|p2: ttvmoxiie|move: Tailwind
|upkeep
|
|t:|1757704381
|switch|p2a: Dragonite|Dragonite, L50, F|100/100
|turn|5
|
|t:|1757704394
|move|p2b: Rillaboom|Fake Out|p1b: Talonflame
|-damage|p1b: Talonflame|0 fnt
|-status|p2b: Rillaboom|brn|[from] ability: Flame Body|[of] p1b: Talonflame
|faint|p1b: Talonflame
|move|p1a: Flapple|Outrage|p2b: Rillaboom|[from] lockedmove
|-damage|p2b: Rillaboom|0 fnt
|faint|p2b: Rillaboom
|move|p2a: Dragonite|Scale Shot|p1a: Flapple
|-supereffective|p1a: Flapple
|-crit|p1a: Flapple
|-damage|p1a: Flapple|29/100
|-supereffective|p1a: Flapple
|-damage|p1a: Flapple|0 fnt
|faint|p1a: Flapple
|-hitcount|p1: Flapple|2
|-unboost|p2a: Dragonite|def|1
|-boost|p2a: Dragonite|spe|1
|
|-sideend|p1: DeadlyAsian666|move: Tailwind
|-fieldend|move: Gravity
|upkeep
|inactive|DeadlyAsian666 has 30 seconds left.
|inactive|DeadlyAsian666 has 20 seconds left.
|
|t:|1757704431
|switch|p1b: Almight|Palafin-Hero, L50, M, shiny|91/100
|switch|p2b: Ursaluna|Ursaluna-Bloodmoon, L50, M|100/100
|-activate|p1b: Almight|ability: Zero to Hero
|turn|6
|
|t:|1757704455
|move|p1b: Almight|Jet Punch|p2b: Ursaluna
|-supereffective|p2b: Ursaluna
|-damage|p2b: Ursaluna|30/100
|-damage|p1b: Almight|81/100|[from] item: Life Orb
|move|p2a: Dragonite|Scale Shot|p1b: Almight
|-crit|p1b: Almight
|-damage|p1b: Almight|57/100
|-damage|p1b: Almight|43/100
|-damage|p1b: Almight|28/100
|-damage|p1b: Almight|13/100
|-hitcount|p1b: Almight|4
|-unboost|p2a: Dragonite|def|1
|-boost|p2a: Dragonite|spe|1
|move|p2b: Ursaluna|Blood Moon|p1b: Almight
|-damage|p1b: Almight|0 fnt
|faint|p1b: Almight
|
|win|ttvmoxiie
|raw|DeadlyAsian666's rating: 1016 → 1003(-13 for losing)
|raw|ttvmoxiie's rating: 1000 → 1042(+42 for winning)
|l|☆DeadlyAsian666
|player|p1|
|c|☆ttvmoxiie|gg
