|j|☆duonghatde
|j|☆GlitchXDGOAT
|html|duonghatdeGlitchXDGOAT    
|uhtml|bestof|Game 1 of a best-of-3
|t:|1784011301
|gametype|doubles
|player|p1|duonghatde|266|1048
|player|p2|GlitchXDGOAT|266|1177
|gen|9
|tier|[Gen 9 Champions] VGC 2026 Reg M-B (Bo3)
|rated|
|rule|Species Clause: Limit one of each Pokémon
|rule|Item Clause: Limit 1 of each item
|clearpoke
|poke|p1|Aerodactyl, L50, F|
|poke|p1|Kingambit, L50, M, shiny|
|poke|p1|Sylveon, L50, M, shiny|
|poke|p1|Charizard, L50, M, shiny|
|poke|p1|Basculegion, L50, M|
|poke|p1|Garchomp, L50, M|
|poke|p2|Lycanroc-Dusk, L50, M|
|poke|p2|Gholdengo, L50|
|poke|p2|Floette-Eternal, L50, F|
|poke|p2|Garchomp, L50, M|
|poke|p2|Whimsicott, L50, M|
|poke|p2|Charizard, L50, M|
|teampreview|4
|showteam|p1|Aerodactyl||Aerodactylite|Unnerve|RockSlide,WideGuard,Tailwind,DualWingbeat|Jolly||F|||50|]Kingambit||ChopleBerry|Defiant|SuckerPunch,IronHead,LowKick,Protect|Adamant||M|||50|]Sylveon||FairyFeather|Pixilate|HyperBeam,HyperVoice,Yawn,Protect|Calm||M|||50|]Charizard||CharizarditeY|Blaze|HeatWave,WeatherBall,Protect,SolarBeam|Timid||M|||50|]Basculegion||FocusSash|Adaptability|AquaJet,Liquidation,LastRespects,Protect|Adamant||M|||50|]Garchomp||SitrusBerry|RoughSkin|Earthquake,DragonClaw,RockTomb,Protect|Jolly||M|||50|
|showteam|p2|Lycanroc-Dusk||FocusSash|ToughClaws|Accelerock,CloseCombat,RockSlide,Protect|Jolly||M|||50|]Gholdengo||ChoiceScarf|GoodasGold|MakeItRain,ShadowBall,PowerGem,Psychic|Timid|||||50|]Floette-Eternal||Floettite|FlowerVeil|Moonblast,DrainingKiss,LightofRuin,Protect|Modest||F|||50|]Garchomp||LifeOrb|RoughSkin|DragonClaw,RockSlide,StompingTantrum,Protect|Jolly||M|||50|]Whimsicott||FairyFeather|Prankster|Moonblast,Tailwind,Encore,Protect|Timid||M|||50|]Charizard||CharizarditeY|Blaze|HeatWave,Overheat,SolarBeam,Protect|Modest||M|||50|
|inactive|Battle timer is ON: inactive players will automatically lose when time's up. (requested by GlitchXDGOAT)
|inactive|duonghatde has 60 seconds left.
|inactive|GlitchXDGOAT has 60 seconds left.
|
|t:|1784011346
|teamsize|p1|4
|teamsize|p2|4
|start
|switch|p1a: Aerodactyl|Aerodactyl, L50, F|100/100
|switch|p1b: Sylveon|Sylveon, L50, M, shiny|100/100
|switch|p2a: Mr. Cheese|Gholdengo, L50|100/100
|switch|p2b: Wolf|Lycanroc-Dusk, L50, M|100/100
|-ability|p1a: Aerodactyl|Unnerve
|turn|1
|
|t:|1784011366
|detailschange|p1a: Aerodactyl|Aerodactyl-Mega, L50, F
|-mega|p1a: Aerodactyl|Aerodactyl|Aerodactylite
|move|p1a: Aerodactyl|Wide Guard|p1a: Aerodactyl
|-singleturn|p1a: Aerodactyl|Wide Guard
|move|p2a: Mr. Cheese|Make It Rain|p1a: Aerodactyl|[spread] 
|-activate|p1a: Aerodactyl|move: Wide Guard
|-activate|p1b: Sylveon|move: Wide Guard
|move|p2b: Wolf|Rock Slide|p1a: Aerodactyl|[spread] 
|-activate|p1a: Aerodactyl|move: Wide Guard
|-activate|p1b: Sylveon|move: Wide Guard
|move|p1b: Sylveon|Hyper Voice|p2b: Wolf|[spread] p2a,p2b
|-resisted|p2a: Mr. Cheese|1
|-damage|p2a: Mr. Cheese|77/100
|-damage|p2b: Wolf|40/100
|
|upkeep
|turn|2
|inactive|duonghatde has 30 seconds left.
|inactive|GlitchXDGOAT has 30 seconds left.
|
|t:|1784011393
|switch|p2a: Cotton-Ball|Whimsicott, L50, M|100/100
|move|p1a: Aerodactyl|Wide Guard|p1a: Aerodactyl
|-singleturn|p1a: Aerodactyl|Wide Guard
|move|p2b: Wolf|Accelerock|p1a: Aerodactyl
|-supereffective|p1a: Aerodactyl|1
|-damage|p1a: Aerodactyl|37/100
|move|p1b: Sylveon|Hyper Voice|p2a: Cotton-Ball|[spread] p2a,p2b
|-damage|p2a: Cotton-Ball|37/100
|-damage|p2b: Wolf|0 fnt
|faint|p2b: Wolf
|
|upkeep
|
|t:|1784011403
|switch|p2b: Mr. Cheese|Gholdengo, L50|77/100
|turn|3
|
|t:|1784011427
|switch|p1b: Garchomp|Garchomp, L50, M|100/100
|move|p1a: Aerodactyl|Wide Guard|p1a: Aerodactyl
|-singleturn|p1a: Aerodactyl|Wide Guard
|move|p2b: Mr. Cheese|Make It Rain|p1a: Aerodactyl|[spread] 
|-activate|p1a: Aerodactyl|move: Wide Guard
|-activate|p1b: Garchomp|move: Wide Guard
|move|p2a: Cotton-Ball|Moonblast|p1a: Aerodactyl
|-damage|p1a: Aerodactyl|0 fnt
|faint|p1a: Aerodactyl
|
|upkeep
|
|t:|1784011442
|switch|p1a: Basculegion|Basculegion, L50, M|100/100
|turn|4
|
|t:|1784011460
|move|p1a: Basculegion|Protect|p1a: Basculegion
|-singleturn|p1a: Basculegion|Protect
|move|p2b: Mr. Cheese|Make It Rain|p1a: Basculegion|[spread] p1b
|-activate|p1a: Basculegion|move: Protect
|-damage|p1b: Garchomp|48/100
|-unboost|p2b: Mr. Cheese|spa|2
|-enditem|p1b: Garchomp|Sitrus Berry|[eat]
|-heal|p1b: Garchomp|72/100|[from] item: Sitrus Berry
|move|p2a: Cotton-Ball|Moonblast|p1b: Garchomp
|-supereffective|p1b: Garchomp|1
|-damage|p1b: Garchomp|0 fnt
|faint|p1b: Garchomp
|
|upkeep
|
|t:|1784011473
|switch|p1b: Sylveon|Sylveon, L50, M, shiny|100/100
|turn|5
|
|t:|1784011484
|move|p2b: Mr. Cheese|Make It Rain|p1a: Basculegion|[spread] p1a,p1b
|-resisted|p1a: Basculegion|1
|-supereffective|p1b: Sylveon|1
|-damage|p1a: Basculegion|88/100
|-damage|p1b: Sylveon|73/100
|-unboost|p2b: Mr. Cheese|spa|2
|move|p2a: Cotton-Ball|Moonblast|p1a: Basculegion
|-damage|p1a: Basculegion|46/100
|move|p1a: Basculegion|Liquidation|p2b: Mr. Cheese
|-damage|p2b: Mr. Cheese|4/100
|move|p1b: Sylveon|Hyper Voice|p2b: Mr. Cheese|[spread] p2a,p2b
|-resisted|p2b: Mr. Cheese|1
|-damage|p2a: Cotton-Ball|0 fnt
|-damage|p2b: Mr. Cheese|0 fnt
|faint|p2a: Cotton-Ball
|faint|p2b: Mr. Cheese
|
|upkeep
|
|t:|1784011497
|switch|p2b: Flower|Floette-Eternal, L50, F|100/100
|turn|6
|
|t:|1784011509
|detailschange|p2b: Flower|Floette-Mega, L50, F
|-mega|p2b: Flower|Floette|Floettite
|-ability|p2b: Flower|Fairy Aura
|move|p2b: Flower|Moonblast|p1a: Basculegion
|-damage|p1a: Basculegion|0 fnt
|faint|p1a: Basculegion
|move|p1b: Sylveon|Hyper Beam|p2b: Flower
|-damage|p2b: Flower|10/100
|-mustrecharge|p1b: Sylveon
|
|upkeep
|turn|7
|
|t:|1784011518
|move|p2b: Flower|Draining Kiss|p1b: Sylveon
|-damage|p1b: Sylveon|48/100
|-heal|p2b: Flower|36/100|[from] drain|[of] p1b: Sylveon
|cant|p1b: Sylveon|recharge
|
|upkeep
|turn|8
|
|t:|1784011527
|move|p2b: Flower|Light of Ruin|p1b: Sylveon
|-damage|p1b: Sylveon|0 fnt
|faint|p1b: Sylveon
|-damage|p2b: Flower|3/100|[from] Recoil
|
|win|GlitchXDGOAT
|c|☆GlitchXDGOAT|GG
||duonghatde is ready for game 2.
||GlitchXDGOAT is ready for game 2.
|uhtml|next|Next: Game 2 of 3
