|j|鈽唙iatles
|j|鈽哻hrizanagi
|html|viatleschrizanagi    
|uhtml|bestof|Game 1 of a best-of-3
|t:|1757019788
|gametype|doubles
|player|p1|viatles|hiker|1024
|player|p2|chrizanagi|wattson|1008
|gen|9
|tier|[Gen 9] VGC 2025 Reg H (Bo3)
|rated|
|rule|Species Clause: Limit one of each Pok茅mon
|rule|Item Clause: Limit 1 of each item
|clearpoke
|poke|p1|Serperior, L50, M|
|poke|p1|Grimmsnarl, L50, M|
|poke|p1|Empoleon, L50, F|
|poke|p1|Garchomp, L50, M|
|poke|p1|Araquanid, L50, F|
|poke|p1|Garganacl, L50, M|
|poke|p2|Kingambit, L50, M|
|poke|p2|Rillaboom, L50, M|
|poke|p2|Dragapult, L50, F|
|poke|p2|Sneasler, L50, F|
|poke|p2|Incineroar, L50, M|
|poke|p2|Ninetales-Alola, L50, F|
|teampreview|4
|showteam|p1|Serperior||CovertCloak|Contrary|Protect,LeafStorm,TeraBlast,GrassPledge|||M|||50|,,,,,Stellar]Grimmsnarl||LightClay|Prankster|LightScreen,Reflect,SpiritBreak,ThunderWave|||M|||50|,,,,,Ghost]Empoleon||ChopleBerry|Competitive|WaterPledge,FlashCannon,Haze,Protect|||F|||50|,,,,,Grass]Garchomp||LoadedDice|RoughSkin|ScaleShot,Earthquake,IronHead,Protect|||M|||50|,,,,,Steel]Araquanid||SafetyGoggles|WaterBubble|WideGuard,Protect,Liquidation,Infestation|||F|||50|,,,,,Grass]Garganacl||Leftovers|PurifyingSalt|SaltCure,Recover,Protect,ThunderPunch|||M|||50|,,,,,Water
|showteam|p2|Kingambit||BlackGlasses|Defiant|KowtowCleave,SuckerPunch,SwordsDance,Protect|||M|||50|,,,,,Dark]Rillaboom||AssaultVest|GrassySurge|WoodHammer,GrassyGlide,HighHorsepower,FakeOut|||M|||50|,,,,,Fire]Dragapult||ChoiceBand|ClearBody|DragonDarts,PhantomForce,Outrage,Uturn|||F|||50|,,,,,Dragon]Sneasler||FocusSash|PoisonTouch|CloseCombat,DireClaw,FakeOut,Protect|||F|||50|,,,,,Stellar]Incineroar||SafetyGoggles|Intimidate|FakeOut,KnockOff,PartingShot,Protect|||M|||50|,,,,,Ghost]Ninetales-Alola||LightClay|SnowWarning|Blizzard,Encore,IcyWind,AuroraVeil|||F|||50|,,,,,Ghost
|inactive|Battle timer is ON: inactive players will automatically lose when time's up. (requested by chrizanagi)
|c|鈽唙iatles|gl hf
|c|鈽哻hrizanagi|u2
|
|t:|1757019819
|teamsize|p1|4
|teamsize|p2|4
|start
|switch|p1a: Grimmsnarl|Grimmsnarl, L50, M|100/100
|switch|p1b: Garganacl|Garganacl, L50, M|100/100
|switch|p2a: Sneasler|Sneasler, L50, F|100/100
|switch|p2b: Dragapult|Dragapult, L50, F|100/100
|turn|1
|inactive|chrizanagi has 30 seconds left.
|
|t:|1757019845
|-terastallize|p2a: Sneasler|Stellar
|move|p1a: Grimmsnarl|Thunder Wave|p2b: Dragapult
|-status|p2b: Dragapult|par
|move|p2a: Sneasler|Dire Claw|p1a: Grimmsnarl
|-supereffective|p1a: Grimmsnarl
|-damage|p1a: Grimmsnarl|0 fnt
|faint|p1a: Grimmsnarl
|move|p2b: Dragapult|Dragon Darts|p1b: Garganacl
|-damage|p1b: Garganacl|73/100
|-anim|p2b: Dragapult|Dragon Darts|p1b: Garganacl
|-damage|p1b: Garganacl|48/100
|move|p1b: Garganacl|Salt Cure|p2a: Sneasler
|-resisted|p2a: Sneasler
|-damage|p2a: Sneasler|89/100
|-start|p2a: Sneasler|Salt Cure
|
|-heal|p1b: Garganacl|54/100|[from] item: Leftovers
|-damage|p2a: Sneasler|77/100|[from] Salt Cure
|upkeep
|
|t:|1757019864
|switch|p1a: Empoleon|Empoleon, L50, F|100/100
|turn|2
|
|t:|1757019872
|move|p1b: Garganacl|Protect|p1b: Garganacl
|-singleturn|p1b: Garganacl|Protect
|move|p2a: Sneasler|Close Combat|p1a: Empoleon
|-supereffective|p1a: Empoleon
|-enditem|p1a: Empoleon|Chople Berry|[eat]
|-enditem|p1a: Empoleon|Chople Berry|[weaken]
|-damage|p1a: Empoleon|37/100
|-unboost|p2a: Sneasler|def|1
|-unboost|p2a: Sneasler|spd|1
|move|p2b: Dragapult|Dragon Darts|p1a: Empoleon
|-resisted|p1a: Empoleon
|-crit|p1a: Empoleon
|-damage|p1a: Empoleon|14/100
|-anim|p2b: Dragapult|Dragon Darts|p1a: Empoleon
|-resisted|p1a: Empoleon
|-damage|p1a: Empoleon|0 fnt
|faint|p1a: Empoleon
|
|-heal|p1b: Garganacl|59/100|[from] item: Leftovers
|-damage|p2a: Sneasler|64/100|[from] Salt Cure
|upkeep
|
|t:|1757019888
|switch|p1a: Serperior|Serperior, L50, M|100/100
|turn|3
|
|t:|1757019897
|move|p1a: Serperior|Protect|p1a: Serperior
|-singleturn|p1a: Serperior|Protect
|move|p2a: Sneasler|Dire Claw|p1a: Serperior
|-activate|p1a: Serperior|move: Protect
|move|p2b: Dragapult|Dragon Darts|p1b: Garganacl
|-damage|p1b: Garganacl|33/100
|-anim|p2b: Dragapult|Dragon Darts|p1b: Garganacl
|-damage|p1b: Garganacl|8/100
|move|p1b: Garganacl|Recover|p1b: Garganacl
|-heal|p1b: Garganacl|58/100
|
|-heal|p1b: Garganacl|64/100|[from] item: Leftovers
|-damage|p2a: Sneasler|52/100|[from] Salt Cure
|upkeep
|turn|4
|
|t:|1757019916
|-terastallize|p1a: Serperior|Stellar
|move|p2a: Sneasler|Dire Claw|p1a: Serperior
|-supereffective|p1a: Serperior
|-damage|p1a: Serperior|0 fnt
|faint|p1a: Serperior
|move|p2b: Dragapult|Dragon Darts|p1b: Garganacl
|-damage|p1b: Garganacl|38/100
|-anim|p2b: Dragapult|Dragon Darts|p1b: Garganacl
|-damage|p1b: Garganacl|12/100
|move|p1b: Garganacl|Thunder Punch|p2a: Sneasler
|-damage|p2a: Sneasler|9/100
|
|-heal|p1b: Garganacl|17/100|[from] item: Leftovers
|-damage|p2a: Sneasler|0 fnt|[from] Salt Cure
|faint|p2a: Sneasler
|upkeep
|
|t:|1757019934
|switch|p2a: Rillaboom|Rillaboom, L50, M|100/100
|-fieldstart|move: Grassy Terrain|[from] ability: Grassy Surge|[of] p2a: Rillaboom
|turn|5
|
|t:|1757019942
|move|p2a: Rillaboom|Grassy Glide|p1b: Garganacl
|-supereffective|p1b: Garganacl
|-damage|p1b: Garganacl|0 fnt
|faint|p1b: Garganacl
|
|win|chrizanagi
||chrizanagi is ready for game 2.
