|j|☆Zevenit
|j|☆syvliesdaddy
|html|Zevenitsyvliesdaddy    
|uhtml|bestof|Game 1 of a best-of-3
|t:|1757752228
|gametype|doubles
|player|p1|Zevenit|hoopster|1206
|player|p2|syvliesdaddy|pokefan-gen4|1046
|gen|9
|tier|[Gen 9] VGC 2025 Reg H (Bo3)
|rated|
|rule|Species Clause: Limit one of each Pokémon
|rule|Item Clause: Limit 1 of each item
|clearpoke
|poke|p1|Charizard, L50, F|
|poke|p1|Torkoal, L50, F|
|poke|p1|Porygon2, L50|
|poke|p1|Incineroar, L50, M|
|poke|p1|Jumpluff, L50, F|
|poke|p1|Ursaluna, L50, M|
|poke|p2|Sneasler, L50, F|
|poke|p2|Indeedee, L50, M|
|poke|p2|Ursaluna-Bloodmoon, L50, M|
|poke|p2|Electabuzz, L50, F|
|poke|p2|Incineroar, L50, M|
|poke|p2|Talonflame, L50, M|
|teampreview|4
|showteam|p1|Charizard||ChoiceSpecs|SolarPower|HeatWave,Overheat,WeatherBall,AirSlash|||F|||50|,,,,,Ghost]Torkoal||EjectPack|Drought|Eruption,Overheat,HelpingHand,Protect|||F|||50|,,,,,Fire]Porygon2||Eviolite|Download|TeraBlast,IceBeam,Recover,TrickRoom||||||50|,,,,,Fighting]Incineroar||SitrusBerry|Intimidate|FlareBlitz,KnockOff,FakeOut,PartingShot|||M|||50|,,,,,Ghost]Jumpluff||CovertCloak|Chlorophyll|SleepPowder,SunnyDay,RagePowder,Tailwind|||F|||50|,,,,,Water]Ursaluna||FlameOrb|Guts|HeadlongRush,Facade,Earthquake,Protect|||M|||50|,,,,,Ghost
|showteam|p2|Sneasler||PsychicSeed|Unburden|CloseCombat,DireClaw,ThroatChop,Protect|||F|||50|,,,,,Dark]Indeedee||FocusSash|PsychicSurge|ExpandingForce,TrickRoom,HelpingHand,Protect|||M|||50|,,,,,Psychic]Ursaluna-Bloodmoon||LifeOrb|MindsEye|BloodMoon,HyperVoice,EarthPower,Protect|||M|||50|,,,,,Normal]Electabuzz||Eviolite|VitalSpirit|Electroweb,FollowMe,Taunt,Protect|||F|||50|,,,,,Dragon]Incineroar||SafetyGoggles|Intimidate|FlareBlitz,KnockOff,PartingShot,FakeOut|||M|||50|,,,,,Ghost]Talonflame||CovertCloak|GaleWings|FlareBlitz,DualWingbeat,WillOWisp,Tailwind|||M|||50|,,,,,Fairy
|inactive|Battle timer is ON: inactive players will automatically lose when time's up. (requested by syvliesdaddy)
|inactive|Zevenit also wants the timer to be on.
|
|t:|1757752257
|teamsize|p1|4
|teamsize|p2|4
|start
|switch|p1a: Incineroar|Incineroar, L50, M|100/100
|switch|p1b: Porygon2|Porygon2, L50|100/100
|switch|p2a: Sneasler|Sneasler, L50, F|100/100
|switch|p2b: Indeedee|Indeedee, L50, M|100/100
|-fieldstart|move: Psychic Terrain|[from] ability: Psychic Surge|[of] p2b: Indeedee
|-enditem|p2a: Sneasler|Psychic Seed
|-boost|p2a: Sneasler|spd|1|[from] item: Psychic Seed
|-ability|p1a: Incineroar|Intimidate|boost
|-unboost|p2a: Sneasler|atk|1
|-unboost|p2b: Indeedee|atk|1
|-ability|p1b: Porygon2|Download|boost
|-boost|p1b: Porygon2|atk|1
|turn|1
|
|t:|1757752282
|-terastallize|p1b: Porygon2|Fighting
|move|p2a: Sneasler|Dire Claw|p1b: Porygon2
|-damage|p1b: Porygon2|78/100
|-status|p1b: Porygon2|slp
|move|p2b: Indeedee|Expanding Force|p1a: Incineroar|[spread] p1b
|-immune|p1a: Incineroar
|-supereffective|p1b: Porygon2
|-damage|p1b: Porygon2|11/100 slp
|move|p1a: Incineroar|Parting Shot|p2a: Sneasler
|-unboost|p2a: Sneasler|atk|1
|-unboost|p2a: Sneasler|spa|1
|
|t:|1757752295
|switch|p1a: Ursaluna|Ursaluna, L50, M|100/100|[from] Parting Shot
|cant|p1b: Porygon2|slp
|
|-status|p1a: Ursaluna|brn|[from] item: Flame Orb
|upkeep
|turn|2
|
|t:|1757752317
|switch|p1b: Incineroar|Incineroar, L50, M|100/100
|-ability|p1b: Incineroar|Intimidate|boost
|-unboost|p2a: Sneasler|atk|1
|-unboost|p2b: Indeedee|atk|1
|-terastallize|p2b: Indeedee|Psychic
|move|p1a: Ursaluna|Protect|p1a: Ursaluna
|-singleturn|p1a: Ursaluna|Protect
|move|p2a: Sneasler|Close Combat|p1a: Ursaluna
|-activate|p1a: Ursaluna|move: Protect
|move|p2b: Indeedee|Expanding Force|p1b: Incineroar|[spread] 
|-activate|p1a: Ursaluna|move: Protect
|-immune|p1b: Incineroar
|
|-damage|p1a: Ursaluna|95/100 brn|[from] brn
|upkeep
|turn|3
|inactive|Zevenit has 30 seconds left.
|inactive|Zevenit has 20 seconds left.
|
|t:|1757752354
|switch|p1a: Porygon2|Porygon2, L50, tera:Fighting|11/100 slp
|-ability|p1a: Porygon2|Download|boost
|-boost|p1a: Porygon2|atk|1
|move|p2a: Sneasler|Close Combat|p1a: Porygon2
|-damage|p1a: Porygon2|0 fnt
|-unboost|p2a: Sneasler|def|1
|-unboost|p2a: Sneasler|spd|1
|faint|p1a: Porygon2
|move|p2b: Indeedee|Expanding Force|p1b: Incineroar
|-immune|p1b: Incineroar
|move|p1b: Incineroar|Knock Off|p2b: Indeedee
|-supereffective|p2b: Indeedee
|-enditem|p2b: Indeedee|Focus Sash
|-damage|p2b: Indeedee|1/100
|
|upkeep
|
|t:|1757752369
|switch|p1a: Ursaluna|Ursaluna, L50, M|95/100 brn
|turn|4
|
|t:|1757752385
|switch|p2a: Incineroar|Incineroar, L50, M|100/100
|-ability|p2a: Incineroar|Intimidate|boost
|-unboost|p1a: Ursaluna|atk|1
|-unboost|p1b: Incineroar|atk|1
|move|p2b: Indeedee|Protect|p2b: Indeedee
|-singleturn|p2b: Indeedee|Protect
|move|p1a: Ursaluna|Protect|p1a: Ursaluna
|-singleturn|p1a: Ursaluna|Protect
|move|p1b: Incineroar|Parting Shot|p2b: Indeedee
|-activate|p2b: Indeedee|move: Protect
|
|-damage|p1a: Ursaluna|89/100 brn|[from] brn
|upkeep
|turn|5
|inactive|syvliesdaddy has 30 seconds left.
|
|t:|1757752416
|switch|p2b: Ursaluna|Ursaluna-Bloodmoon, L50, M|100/100
|switch|p1a: Torkoal|Torkoal, L50, F|100/100
|-weather|SunnyDay|[from] ability: Drought|[of] p1a: Torkoal
|move|p2a: Incineroar|Parting Shot|p1a: Torkoal
|-unboost|p1a: Torkoal|atk|1
|-unboost|p1a: Torkoal|spa|1
|
|t:|1757752427
|switch|p2a: Sneasler|Sneasler, L50, F|100/100|[from] Parting Shot
|move|p1b: Incineroar|Parting Shot|p2a: Sneasler
|-unboost|p2a: Sneasler|atk|1
|-unboost|p2a: Sneasler|spa|1
|
|t:|1757752435
|switch|p1b: Ursaluna|Ursaluna, L50, M|89/100 brn|[from] Parting Shot
|
|-weather|SunnyDay|[upkeep]
|-damage|p1b: Ursaluna|83/100 brn|[from] brn
|-fieldend|move: Psychic Terrain
|upkeep
|turn|6
|
|t:|1757752451
|switch|p2a: Incineroar|Incineroar, L50, M|100/100
|-ability|p2a: Incineroar|Intimidate|boost
|-unboost|p1a: Torkoal|atk|1
|-unboost|p1b: Ursaluna|atk|1
|-enditem|p1a: Torkoal|Eject Pack
|
|t:|1757752457
|switch|p1a: Incineroar|Incineroar, L50, M|100/100
|-ability|p1a: Incineroar|Intimidate|boost
|-unboost|p2a: Incineroar|atk|1
|-unboost|p2b: Ursaluna|atk|1
|move|p1b: Ursaluna|Protect|p1b: Ursaluna
|-singleturn|p1b: Ursaluna|Protect
|move|p2b: Ursaluna|Blood Moon|p1b: Ursaluna
|-activate|p1b: Ursaluna|move: Protect
|
|-weather|SunnyDay|[upkeep]
|-damage|p1b: Ursaluna|77/100 brn|[from] brn
|upkeep
|turn|7
|inactive|syvliesdaddy has 30 seconds left.
|
|t:|1757752487
|move|p2a: Incineroar|Fake Out|p1a: Incineroar
|-damage|p1a: Incineroar|93/100
|cant|p1a: Incineroar|flinch
|move|p2b: Ursaluna|Earth Power|p1a: Incineroar
|-supereffective|p1a: Incineroar
|-damage|p1a: Incineroar|0 fnt
|faint|p1a: Incineroar
|-damage|p2b: Ursaluna|91/100|[from] item: Life Orb
|move|p1b: Ursaluna|Facade|p2b: Ursaluna
|-damage|p2b: Ursaluna|27/100
|
|-weather|SunnyDay|[upkeep]
|-damage|p1b: Ursaluna|71/100 brn|[from] brn
|upkeep
|
|t:|1757752494
|switch|p1a: Torkoal|Torkoal, L50, F|100/100
|turn|8
|
|t:|1757752505
|move|p1b: Ursaluna|Protect|p1b: Ursaluna
|-singleturn|p1b: Ursaluna|Protect
|move|p2a: Incineroar|Parting Shot|p1b: Ursaluna
|-activate|p1b: Ursaluna|move: Protect
|move|p2b: Ursaluna|Earth Power|p1a: Torkoal
|-supereffective|p1a: Torkoal
|-damage|p1a: Torkoal|0 fnt
|faint|p1a: Torkoal
|-damage|p2b: Ursaluna|17/100|[from] item: Life Orb
|
|-weather|SunnyDay|[upkeep]
|-damage|p1b: Ursaluna|66/100 brn|[from] brn
|upkeep
|turn|9
|
|t:|1757752517
|move|p2a: Incineroar|Parting Shot|p1b: Ursaluna
|-unboost|p1b: Ursaluna|atk|1
|-unboost|p1b: Ursaluna|spa|1
|
|t:|1757752521
|switch|p2a: Indeedee|Indeedee, L50, M, tera:Psychic|1/100|[from] Parting Shot
|-fieldstart|move: Psychic Terrain|[from] ability: Psychic Surge|[of] p2a: Indeedee
|move|p2b: Ursaluna|Blood Moon|p1b: Ursaluna
|-damage|p1b: Ursaluna|0 fnt
|faint|p1b: Ursaluna
|-damage|p2b: Ursaluna|8/100|[from] item: Life Orb
|
|win|syvliesdaddy
