|j|☆ShookTV
|j|☆playrornds
|html|ShookTVplayrornds    
|uhtml|bestof|Game 3 of a best-of-3
|t:|1756595917
|gametype|doubles
|player|p1|ShookTV|clerk|1000
|player|p2|playrornds|giovanni-gen1rb|1118
|gen|9
|tier|[Gen 9] VGC 2025 Reg H (Bo3)
|rated|
|rule|Species Clause: Limit one of each Pokémon
|rule|Item Clause: Limit 1 of each item
|clearpoke
|poke|p1|Tyranitar, L50, F|
|poke|p1|Excadrill, L50, F|
|poke|p1|Magmar, L50, M|
|poke|p1|Sneasler, L50, M|
|poke|p1|Indeedee, L50, M|
|poke|p1|Corviknight, L50, F|
|poke|p2|Gholdengo, L50|
|poke|p2|Kilowattrel, L50, F|
|poke|p2|Ursaluna, L50, F|
|poke|p2|Porygon2, L50|
|poke|p2|Incineroar, L50, M|
|poke|p2|Amoonguss, L50, F|
|teampreview|4
|showteam|p1|Tyranitar||AssaultVest|SandStream|RockSlide,KnockOff,TeraBlast,LowKick|||F|||50|,,,,,Flying]Excadrill||FocusSash|SandRush|IronHead,SwordsDance,Protect,Earthquake|||F|||50|,,,,,Stellar]Magmar||Eviolite|VitalSpirit|HeatWave,HelpingHand,FollowMe,Protect|||M|||50|,,,,,Flying]Sneasler||WhiteHerb|Unburden|FakeOut,CloseCombat,Coaching,DireClaw|||M|||50|,,,,,Flying]Indeedee||ChoiceScarf|PsychicSurge|ExpandingForce,Protect,Trick,TeraBlast|||M|||50|,,,,,Psychic]Corviknight||PsychicSeed|MirrorArmor|BraveBird,PowerTrip,BulkUp,Roost|||F|||50|,,,,,Water
|showteam|p2|Gholdengo||LifeOrb|GoodasGold|MakeItRain,ShadowBall,NastyPlot,Protect||||||50|,,,,,Water]Kilowattrel||FocusSash|Competitive|Thunderbolt,AirSlash,Tailwind,Protect|||F|||50|,,,,,Ghost]Ursaluna||FlameOrb|Guts|Facade,HeadlongRush,Earthquake,Protect|||F|||50|,,,,,Fairy]Porygon2||Eviolite|Download|TeraBlast,IceBeam,Recover,TrickRoom||||||50|,,,,,Fighting]Incineroar||AssaultVest|Intimidate|FakeOut,FlareBlitz,KnockOff,Uturn|||M|||50|,,,,,Grass]Amoonguss||SitrusBerry|Regenerator|SludgeBomb,Spore,RagePowder,Protect|||F|||50|,,,,,Water
|inactive|Battle timer is ON: inactive players will automatically lose when time's up. (requested by playrornds)
|
|t:|1756595958
|teamsize|p1|4
|teamsize|p2|4
|start
|switch|p1a: Corviknight|Corviknight, L50, F|100/100
|switch|p1b: Magmar|Magmar, L50, M|100/100
|switch|p2a: Porygon2|Porygon2, L50|100/100
|switch|p2b: Incineroar|Incineroar, L50, M|100/100
|-ability|p2b: Incineroar|Intimidate|boost
|-ability|p1a: Corviknight|Mirror Armor
|-unboost|p2b: Incineroar|atk|1
|-unboost|p1b: Magmar|atk|1
|-ability|p2a: Porygon2|Download|boost
|-boost|p2a: Porygon2|atk|1
|turn|1
|inactive|playrornds has 30 seconds left.
|
|t:|1756595993
|move|p1b: Magmar|Follow Me|p1b: Magmar
|-singleturn|p1b: Magmar|move: Follow Me
|move|p2b: Incineroar|U-turn|p1b: Magmar
|-resisted|p1b: Magmar
|-damage|p1b: Magmar|92/100
|
|t:|1756595995
|switch|p2b: Ursaluna|Ursaluna, L50, F|100/100|[from] U-turn
|move|p1a: Corviknight|Bulk Up|p1a: Corviknight
|-boost|p1a: Corviknight|atk|1
|-boost|p1a: Corviknight|def|1
|move|p2a: Porygon2|Trick Room|p2a: Porygon2
|-fieldstart|move: Trick Room|[of] p2a: Porygon2
|
|-status|p2b: Ursaluna|brn|[from] item: Flame Orb
|upkeep
|turn|2
|inactive|ShookTV has 30 seconds left.
|inactive|playrornds has 30 seconds left.
|
|t:|1756596024
|-terastallize|p2a: Porygon2|Fighting
|move|p1b: Magmar|Protect|p1b: Magmar
|-singleturn|p1b: Magmar|Protect
|move|p2a: Porygon2|Tera Blast|p1a: Corviknight|[anim] Tera Blast Fighting
|-damage|p1a: Corviknight|73/100
|move|p1a: Corviknight|Bulk Up|p1a: Corviknight
|-boost|p1a: Corviknight|atk|1
|-boost|p1a: Corviknight|def|1
|move|p2b: Ursaluna|Headlong Rush|p1b: Magmar
|-activate|p1b: Magmar|move: Protect
|
|-damage|p2b: Ursaluna|95/100 brn|[from] brn
|upkeep
|turn|3
|
|t:|1756596045
|-terastallize|p1b: Magmar|Flying
|move|p1b: Magmar|Follow Me|p1b: Magmar
|-singleturn|p1b: Magmar|move: Follow Me
|move|p2a: Porygon2|Tera Blast|p1b: Magmar|[anim] Tera Blast Fighting
|-resisted|p1b: Magmar
|-damage|p1b: Magmar|83/100
|move|p1a: Corviknight|Bulk Up|p1a: Corviknight
|-boost|p1a: Corviknight|atk|1
|-boost|p1a: Corviknight|def|1
|move|p2b: Ursaluna|Headlong Rush|p1b: Magmar
|-immune|p1b: Magmar
|
|-damage|p2b: Ursaluna|89/100 brn|[from] brn
|upkeep
|turn|4
|
|t:|1756596064
|move|p1b: Magmar|Protect|p1b: Magmar
|-singleturn|p1b: Magmar|Protect
|move|p2a: Porygon2|Tera Blast|p1a: Corviknight|[anim] Tera Blast Fighting
|-crit|p1a: Corviknight
|-damage|p1a: Corviknight|25/100
|move|p1a: Corviknight|Roost|p1a: Corviknight
|-heal|p1a: Corviknight|75/100
|-singleturn|p1a: Corviknight|move: Roost
|move|p2b: Ursaluna|Facade|p1b: Magmar
|-activate|p1b: Magmar|move: Protect
|
|-damage|p2b: Ursaluna|83/100 brn|[from] brn
|upkeep
|turn|5
|
|t:|1756596085
|switch|p1b: Indeedee|Indeedee, L50, M|100/100
|-fieldstart|move: Psychic Terrain|[from] ability: Psychic Surge|[of] p1b: Indeedee
|-enditem|p1a: Corviknight|Psychic Seed
|-boost|p1a: Corviknight|spd|1|[from] item: Psychic Seed
|move|p2a: Porygon2|Tera Blast|p1a: Corviknight|[anim] Tera Blast Fighting
|-damage|p1a: Corviknight|55/100
|move|p1a: Corviknight|Power Trip|p2b: Ursaluna
|-damage|p2b: Ursaluna|9/100 brn
|move|p2b: Ursaluna|Facade|p1b: Indeedee
|-damage|p1b: Indeedee|0 fnt
|faint|p1b: Indeedee
|
|-damage|p2b: Ursaluna|3/100 brn|[from] brn
|-fieldend|move: Trick Room
|upkeep
|
|t:|1756596102
|switch|p1b: Magmar|Magmar, L50, M, tera:Flying|83/100
|turn|6
|inactive|playrornds has 30 seconds left.
|inactive|playrornds has 20 seconds left.
|
|t:|1756596139
|move|p1b: Magmar|Heat Wave|p2b: Ursaluna|[spread] p2a,p2b
|-damage|p2a: Porygon2|86/100
|-damage|p2b: Ursaluna|0 fnt
|faint|p2b: Ursaluna
|move|p1a: Corviknight|Roost|p1a: Corviknight
|-heal|p1a: Corviknight|100/100
|-singleturn|p1a: Corviknight|move: Roost
|move|p2a: Porygon2|Tera Blast|p1a: Corviknight|[anim] Tera Blast Fighting
|-supereffective|p1a: Corviknight
|-damage|p1a: Corviknight|58/100
|
|upkeep
|
|t:|1756596146
|switch|p2b: Kilowattrel|Kilowattrel, L50, F|100/100
|turn|7
|
|t:|1756596153
|move|p1b: Magmar|Follow Me|p1b: Magmar
|-singleturn|p1b: Magmar|move: Follow Me
|move|p2b: Kilowattrel|Thunderbolt|p1b: Magmar
|-supereffective|p1b: Magmar
|-damage|p1b: Magmar|37/100
|move|p1a: Corviknight|Power Trip|p2b: Kilowattrel
|-enditem|p2b: Kilowattrel|Focus Sash
|-damage|p2b: Kilowattrel|1/100
|move|p2a: Porygon2|Tera Blast|p1b: Magmar|[anim] Tera Blast Fighting
|-resisted|p1b: Magmar
|-damage|p1b: Magmar|27/100
|
|upkeep
|turn|8
|
|t:|1756596171
|move|p1b: Magmar|Follow Me|p1b: Magmar
|-singleturn|p1b: Magmar|move: Follow Me
|move|p2b: Kilowattrel|Thunderbolt|p1b: Magmar
|-supereffective|p1b: Magmar
|-damage|p1b: Magmar|0 fnt
|faint|p1b: Magmar
|move|p1a: Corviknight|Brave Bird|p2a: Porygon2
|-supereffective|p2a: Porygon2
|-damage|p2a: Porygon2|0 fnt
|faint|p2a: Porygon2
|-damage|p1a: Corviknight|32/100|[from] Recoil
|
|upkeep
|
|t:|1756596181
|switch|p1b: Tyranitar|Tyranitar, L50, F|100/100
|switch|p2a: Incineroar|Incineroar, L50, M|100/100
|-ability|p2a: Incineroar|Intimidate|boost
|-ability|p1a: Corviknight|Mirror Armor
|-unboost|p2a: Incineroar|atk|1
|-unboost|p1b: Tyranitar|atk|1
|-weather|Sandstorm|[from] ability: Sand Stream|[of] p1b: Tyranitar
|turn|9
|
|t:|1756596200
|move|p2b: Kilowattrel|Thunderbolt|p1a: Corviknight
|-supereffective|p1a: Corviknight
|-damage|p1a: Corviknight|0 fnt
|faint|p1a: Corviknight
|move|p2a: Incineroar|Knock Off|p1b: Tyranitar
|-resisted|p1b: Tyranitar
|-damage|p1b: Tyranitar|87/100
|-enditem|p1b: Tyranitar|Assault Vest|[from] move: Knock Off|[of] p2a: Incineroar
|move|p1b: Tyranitar|Rock Slide|p2b: Kilowattrel|[spread] p2a,p2b
|-supereffective|p2a: Incineroar
|-supereffective|p2b: Kilowattrel
|-damage|p2a: Incineroar|60/100
|-damage|p2b: Kilowattrel|0 fnt
|faint|p2b: Kilowattrel
|
|-weather|Sandstorm|[upkeep]
|-damage|p2a: Incineroar|54/100|[from] Sandstorm
|-fieldend|move: Psychic Terrain
|upkeep
|turn|10
|
|t:|1756596213
|move|p2a: Incineroar|Flare Blitz|p1b: Tyranitar
|-resisted|p1b: Tyranitar
|-crit|p1b: Tyranitar
|-damage|p1b: Tyranitar|52/100
|-damage|p2a: Incineroar|41/100|[from] Recoil
|move|p1b: Tyranitar|Rock Slide|p2a: Incineroar|[miss]
|-miss|p1b: Tyranitar|p2a: Incineroar
|
|-weather|Sandstorm|[upkeep]
|-damage|p2a: Incineroar|35/100|[from] Sandstorm
|upkeep
|turn|11
|
|t:|1756596219
|move|p2a: Incineroar|Flare Blitz|p1b: Tyranitar
|-resisted|p1b: Tyranitar
|-damage|p1b: Tyranitar|37/100
|-damage|p2a: Incineroar|30/100|[from] Recoil
|move|p1b: Tyranitar|Rock Slide|p2a: Incineroar
|-supereffective|p2a: Incineroar
|-damage|p2a: Incineroar|0 fnt
|faint|p2a: Incineroar
|
|win|ShookTV
|raw|ShookTV's rating: 1000 → 1053(+53 for winning)
|raw|playrornds's rating: 1118 → 1085(-33 for losing)
|c|☆ShookTV|GGs
|c|☆playrornds|gg
|c|☆playrornds|ursa is 102 speed
