|j|☆protectthyking34
|j|☆Cucaro macaro
|html|protectthyking34Cucaro macaro    
|uhtml|bestof|Game 1 of a best-of-3
|t:|1785460283
|gametype|doubles
|player|p1|protectthyking34|rocketgrunt|1186
|player|p2|Cucaro macaro|giovanni|1129
|gen|9
|tier|[Gen 9 Champions] VGC 2026 Reg M-B (Bo3)
|rated|
|rule|Species Clause: Limit one of each Pokémon
|rule|Item Clause: Limit 1 of each item
|clearpoke
|poke|p1|Delphox, L50, M|
|poke|p1|Incineroar, L50, M|
|poke|p1|Sneasler, L50, M|
|poke|p1|Sinistcha, L50|
|poke|p1|Kingambit, L50, M|
|poke|p1|Blastoise, L50, F|
|poke|p2|Alakazam, L50, F|
|poke|p2|Corviknight, L50, F|
|poke|p2|Meowscarada, L50, F|
|poke|p2|Sneasler, L50, M, shiny|
|poke|p2|Arcanine-Hisui, L50, M|
|poke|p2|Primarina, L50, M, shiny|
|teampreview|4
|showteam|p1|Delphox||Delphoxite|Blaze|NastyPlot,Protect,Psyshock,HeatWave|Timid||M|||50|]Incineroar||SitrusBerry|Intimidate|FakeOut,PartingShot,FlareBlitz,DarkestLariat|Impish||M|||50|]Sneasler||FocusSash|PoisonTouch|GunkShot,FakeOut,CloseCombat,QuickGuard|Jolly||M|||50|]Sinistcha||OccaBerry|Hospitality|MatchaGotcha,RagePowder,TrickRoom,Protect|Calm|||||50|]Kingambit||BlackGlasses|Defiant|SuckerPunch,KowtowCleave,LowKick,Protect|Adamant||M|||50|]Blastoise||Blastoisinite|RainDish|ShellSmash,WaterSpout,DarkPulse,Protect|Timid||F|||50|
|showteam|p2|Alakazam||Alakazite|InnerFocus|Psychic,Encore,DazzlingGleam,Protect|Timid||F|||50|]Corviknight||Leftovers|Pressure|Tailwind,Protect,BraveBird,BodyPress|Impish||F|||50|]Meowscarada||FocusSash|Overgrow|Protect,FlowerTrick,KnockOff,SuckerPunch|Jolly||F|||50|]Sneasler||WhiteHerb|Unburden|Protect,FakeOut,DireClaw,CloseCombat|Adamant||M|||50|]Arcanine-Hisui||ChopleBerry|Intimidate|ExtremeSpeed,FlareBlitz,RockSlide,Protect|Jolly||M|||50|]Primarina||BrightPowder|LiquidVoice|HyperVoice,Moonblast,Protect,Amnesia|Calm||M|||50|
|inactive|Battle timer is ON: inactive players will automatically lose when time's up. (requested by Cucaro macaro)
|
|t:|1785460323
|teamsize|p1|4
|teamsize|p2|4
|start
|switch|p1a: Sneasler|Sneasler, L50, M|100/100
|switch|p1b: Blastoise|Blastoise, L50, F|100/100
|switch|p2a: Primarina|Primarina, L50, M, shiny|100/100
|switch|p2b: Arcanine|Arcanine-Hisui, L50, M|100/100
|-ability|p2b: Arcanine|Intimidate|boost
|-unboost|p1a: Sneasler|atk|1
|-unboost|p1b: Blastoise|atk|1
|turn|1
|
|t:|1785460344
|detailschange|p1b: Blastoise|Blastoise-Mega, L50, F
|-mega|p1b: Blastoise|Blastoise|Blastoisinite
|move|p1a: Sneasler|Fake Out|p2b: Arcanine
|-resisted|p2b: Arcanine|1
|-damage|p2b: Arcanine|94/100
|cant|p2b: Arcanine|flinch
|move|p1b: Blastoise|Shell Smash|p1b: Blastoise
|-unboost|p1b: Blastoise|def|1
|-unboost|p1b: Blastoise|spd|1
|-boost|p1b: Blastoise|atk|2
|-boost|p1b: Blastoise|spa|2
|-boost|p1b: Blastoise|spe|2
|move|p2a: Primarina|Moonblast|p1b: Blastoise
|-damage|p1b: Blastoise|43/100
|
|upkeep
|turn|2
|
|t:|1785460362
|switch|p1a: Sinistcha|Sinistcha, L50|100/100
|-heal|p1b: Blastoise|68/100|[from] ability: Hospitality|[of] p1a: Sinistcha
|move|p2a: Primarina|Protect|p2a: Primarina
|-singleturn|p2a: Primarina|Protect
|move|p2b: Arcanine|Extreme Speed|p1b: Blastoise
|-damage|p1b: Blastoise|31/100
|move|p1b: Blastoise|Water Spout|p2a: Primarina|[spread] p2b
|-activate|p2a: Primarina|move: Protect
|-supereffective|p2b: Arcanine|2
|-damage|p2b: Arcanine|0 fnt
|faint|p2b: Arcanine
|
|upkeep
|
|t:|1785460378
|switch|p2b: Meowscarada|Meowscarada, L50, F|100/100
|turn|3
|
|t:|1785460391
|switch|p1a: Incineroar|Incineroar, L50, M|100/100
|-ability|p1a: Incineroar|Intimidate|boost
|-unboost|p2a: Primarina|atk|1
|-unboost|p2b: Meowscarada|atk|1
|move|p1b: Blastoise|Protect|p1b: Blastoise
|-singleturn|p1b: Blastoise|Protect
|move|p2b: Meowscarada|Flower Trick|p1b: Blastoise
|-activate|p1b: Blastoise|move: Protect
|move|p2a: Primarina|Amnesia|p2a: Primarina
|-boost|p2a: Primarina|spd|2
|
|upkeep
|turn|4
|
|t:|1785460413
|switch|p1b: Sneasler|Sneasler, L50, M|100/100
|move|p2b: Meowscarada|Protect|p2b: Meowscarada
|-singleturn|p2b: Meowscarada|Protect
|move|p1a: Incineroar|Fake Out|p2b: Meowscarada
|-activate|p2b: Meowscarada|move: Protect
|move|p2a: Primarina|Hyper Voice|p1b: Sneasler|[spread] p1a,p1b
|-supereffective|p1a: Incineroar|1
|-damage|p1a: Incineroar|52/100
|-damage|p1b: Sneasler|59/100
|
|upkeep
|turn|5
|
|t:|1785460431
|switch|p1a: Sinistcha|Sinistcha, L50|100/100
|-heal|p1b: Sneasler|84/100|[from] ability: Hospitality|[of] p1a: Sinistcha
|move|p2a: Primarina|Protect|p2a: Primarina
|-singleturn|p2a: Primarina|Protect
|move|p2b: Meowscarada|Knock Off|p1a: Sinistcha
|-supereffective|p1a: Sinistcha|1
|-damage|p1a: Sinistcha|51/100
|-enditem|p1a: Sinistcha|Occa Berry|[from] move: Knock Off|[of] p2b: Meowscarada
|move|p1b: Sneasler|Gunk Shot|p2a: Primarina
|-activate|p2a: Primarina|move: Protect
|
|upkeep
|turn|6
|inactive|Cucaro macaro has 30 seconds left.
|
|t:|1785460457
|switch|p1a: Incineroar|Incineroar, L50, M|52/100
|-ability|p1a: Incineroar|Intimidate|boost
|-unboost|p2a: Primarina|atk|1
|-unboost|p2b: Meowscarada|atk|1
|switch|p2a: Corviknight|Corviknight, L50, F|100/100
|-ability|p2a: Corviknight|Pressure
|move|p2b: Meowscarada|Knock Off|p1a: Incineroar
|-resisted|p1a: Incineroar|1
|-damage|p1a: Incineroar|44/100
|-enditem|p1a: Incineroar|Sitrus Berry|[from] move: Knock Off|[of] p2b: Meowscarada
|move|p1b: Sneasler|Gunk Shot|p2a: Corviknight
|-immune|p2a: Corviknight
|
|upkeep
|turn|7
|
|t:|1785460475
|move|p2b: Meowscarada|Protect|p2b: Meowscarada
|-singleturn|p2b: Meowscarada|Protect
|move|p1a: Incineroar|Fake Out|p2a: Corviknight
|-resisted|p2a: Corviknight|1
|-damage|p2a: Corviknight|96/100
|move|p1b: Sneasler|Close Combat|p2b: Meowscarada
|-activate|p2b: Meowscarada|move: Protect
|cant|p2a: Corviknight|flinch
|
|-heal|p2a: Corviknight|100/100|[from] item: Leftovers
|upkeep
|turn|8
|
|t:|1785460490
|switch|p2b: Primarina|Primarina, L50, M, shiny|100/100
|switch|p1a: Sinistcha|Sinistcha, L50|51/100
|-heal|p1b: Sneasler|100/100|[from] ability: Hospitality|[of] p1a: Sinistcha
|move|p1b: Sneasler|Gunk Shot|p2b: Primarina
|-supereffective|p2b: Primarina|1
|-damage|p2b: Primarina|0 fnt
|faint|p2b: Primarina
|move|p2a: Corviknight|Brave Bird|p1b: Sneasler
|-supereffective|p1b: Sneasler|1
|-enditem|p1b: Sneasler|Focus Sash
|-damage|p1b: Sneasler|1/100
|-damage|p2a: Corviknight|75/100|[from] Recoil
|
|-heal|p2a: Corviknight|80/100|[from] item: Leftovers
|upkeep
|
|t:|1785460505
|switch|p2b: Meowscarada|Meowscarada, L50, F|100/100
|turn|9
|
|t:|1785460534
|switch|p1a: Incineroar|Incineroar, L50, M|44/100
|-ability|p1a: Incineroar|Intimidate|boost
|-unboost|p2a: Corviknight|atk|1
|-unboost|p2b: Meowscarada|atk|1
|move|p2b: Meowscarada|Knock Off|p1a: Incineroar
|-resisted|p1a: Incineroar|1
|-damage|p1a: Incineroar|36/100
|move|p1b: Sneasler|Gunk Shot|p2b: Meowscarada
|-supereffective|p2b: Meowscarada|1
|-enditem|p2b: Meowscarada|Focus Sash
|-damage|p2b: Meowscarada|1/100
|move|p2a: Corviknight|Body Press|p1b: Sneasler
|-resisted|p1b: Sneasler|1
|-damage|p1b: Sneasler|0 fnt
|faint|p1b: Sneasler
|
|-heal|p2a: Corviknight|86/100|[from] item: Leftovers
|upkeep
|
|t:|1785460548
|switch|p1b: Sinistcha|Sinistcha, L50|51/100
|-heal|p1a: Incineroar|61/100|[from] ability: Hospitality|[of] p1b: Sinistcha
|turn|10
|
|t:|1785460564
|move|p2b: Meowscarada|Protect|p2b: Meowscarada
|-singleturn|p2b: Meowscarada|Protect
|move|p2a: Corviknight|Protect|p2a: Corviknight
|-singleturn|p2a: Corviknight|Protect
|move|p1a: Incineroar|Fake Out|p2a: Corviknight
|-activate|p2a: Corviknight|move: Protect
|move|p1b: Sinistcha|Trick Room|p1b: Sinistcha
|-fieldstart|move: Trick Room|[of] p1b: Sinistcha
|
|-heal|p2a: Corviknight|92/100|[from] item: Leftovers
|upkeep
|turn|11
|
|t:|1785460585
|move|p1a: Incineroar|Darkest Lariat|p2b: Meowscarada
|-resisted|p2b: Meowscarada|1
|-damage|p2b: Meowscarada|0 fnt
|faint|p2b: Meowscarada
|move|p2a: Corviknight|Brave Bird|p1b: Sinistcha
|-supereffective|p1b: Sinistcha|1
|-damage|p1b: Sinistcha|6/100
|-damage|p2a: Corviknight|80/100|[from] Recoil
|move|p1b: Sinistcha|Matcha Gotcha|p2a: Corviknight
|-resisted|p2a: Corviknight|2
|-damage|p2a: Corviknight|72/100
|-heal|p1b: Sinistcha|11/100|[from] drain|[of] p2a: Corviknight
|-status|p2a: Corviknight|brn
|
|-heal|p2a: Corviknight|78/100 brn|[from] item: Leftovers
|-damage|p2a: Corviknight|72/100 brn|[from] brn
|upkeep
|turn|12
|-message|Cucaro macaro forfeited.
|
|win|protectthyking34
|l|☆Cucaro macaro
|player|p2|
