|j|☆lettitripppp
|j|☆blizzardspamming
|html|lettitrippppblizzardspamming    
|uhtml|bestof|Game 2 of a best-of-3
|t:|1783368954
|gametype|doubles
|player|p1|lettitripppp|lucas|1290
|player|p2|blizzardspamming|clair|1275
|gen|9
|tier|[Gen 9 Champions] VGC 2026 Reg M-B (Bo3)
|rated|
|rule|Species Clause: Limit one of each Pokémon
|rule|Item Clause: Limit 1 of each item
|clearpoke
|poke|p1|Charizard, L50, M|
|poke|p1|Basculegion, L50, M|
|poke|p1|Whimsicott, L50, M, shiny|
|poke|p1|Garchomp, L50, F, shiny|
|poke|p1|Floette-Eternal, L50, F|
|poke|p1|Kingambit, L50, F, shiny|
|poke|p2|Gengar, L50, M|
|poke|p2|Ninetales-Alola, L50, F|
|poke|p2|Incineroar, L50, M|
|poke|p2|Gholdengo, L50|
|poke|p2|Sneasler, L50, M|
|poke|p2|Hydreigon, L50, F|
|teampreview|4
|showteam|p1|Charizard||CharizarditeY|Blaze|WeatherBall,SolarBeam,HeatWave,Protect|Modest||M|||50|]Basculegion||MysticWater|Adaptability|LastRespects,WaveCrash,AquaJet,Protect|Adamant||M|||50|]Whimsicott||FocusSash|Prankster|Moonblast,Tailwind,Encore,Protect|Timid||M|||50|]Garchomp||LifeOrb|RoughSkin|DragonClaw,Earthquake,RockSlide,Protect|Jolly||F|||50|]Floette-Eternal||Floettite|FlowerVeil|DazzlingGleam,LightofRuin,Moonblast,Protect|Modest||F|||50|]Kingambit||ChopleBerry|Defiant|KowtowCleave,SuckerPunch,IronHead,LowKick|Adamant||F|||50|
|showteam|p2|Gengar||Gengarite|CursedBody|ShadowBall,SludgeBomb,Disable,Protect|Modest||M|||50|]Ninetales-Alola||NeverMeltIce|SnowWarning|Blizzard,FreezeDry,Encore,Protect|Timid||F|||50|]Incineroar||SitrusBerry|Intimidate|FakeOut,FlareBlitz,DarkestLariat,PartingShot|Sassy||M|||50|]Gholdengo||Leftovers|GoodasGold|MakeItRain,ShadowBall,NastyPlot,Protect|Modest|||||50|]Sneasler||FocusSash|PoisonTouch|FakeOut,CloseCombat,DireClaw,Protect|Jolly||M|||50|]Hydreigon||LifeOrb|Levitate|DracoMeteor,DarkPulse,EarthPower,Protect|Modest||F|||50|
|inactive|Battle timer is ON: inactive players will automatically lose when time's up. (requested by lettitripppp)
|inactive|blizzardspamming has 60 seconds left.
|
|t:|1783368991
|teamsize|p1|4
|teamsize|p2|4
|start
|switch|p1a: GHOSTWAVE|Basculegion, L50, M|100/100
|switch|p1b: LETS GO GO|Whimsicott, L50, M, shiny|100/100
|switch|p2a: Sneasler|Sneasler, L50, M|100/100
|switch|p2b: Gengar|Gengar, L50, M|100/100
|turn|1
|
|t:|1783369009
|switch|p2a: Incineroar|Incineroar, L50, M|100/100
|-ability|p2a: Incineroar|Intimidate|boost
|-unboost|p1a: GHOSTWAVE|atk|1
|-unboost|p1b: LETS GO GO|atk|1
|detailschange|p2b: Gengar|Gengar-Mega, L50, M
|-mega|p2b: Gengar|Gengar|Gengarite
|move|p1b: LETS GO GO|Protect|p1b: LETS GO GO
|-singleturn|p1b: LETS GO GO|Protect
|move|p1a: GHOSTWAVE|Protect|p1a: GHOSTWAVE
|-singleturn|p1a: GHOSTWAVE|Protect
|move|p2b: Gengar|Shadow Ball|p1a: GHOSTWAVE
|-activate|p1a: GHOSTWAVE|move: Protect
|
|upkeep
|turn|2
|
|t:|1783369025
|move|p2a: Incineroar|Fake Out|p1b: LETS GO GO
|-damage|p1b: LETS GO GO|86/100
|cant|p1b: LETS GO GO|flinch
|move|p2b: Gengar|Shadow Ball|p1a: GHOSTWAVE
|-supereffective|p1a: GHOSTWAVE|1
|-damage|p1a: GHOSTWAVE|0 fnt
|faint|p1a: GHOSTWAVE
|
|upkeep
|
|t:|1783369033
|switch|p1a: CRUSH SHARK|Garchomp, L50, F, shiny|100/100
|turn|3
|
|t:|1783369051
|switch|p2a: Hydreigon|Hydreigon, L50, F|100/100
|move|p2b: Gengar|Protect|p2b: Gengar
|-singleturn|p2b: Gengar|Protect
|move|p1b: LETS GO GO|Tailwind|p1b: LETS GO GO
|-sidestart|p1: lettitripppp|move: Tailwind
|move|p1a: CRUSH SHARK|Earthquake|p2a: Hydreigon|[spread] p1b
|-activate|p2b: Gengar|move: Protect
|-immune|p2a: Hydreigon|[from] ability: Levitate
|-resisted|p1b: LETS GO GO|1
|-crit|p1b: LETS GO GO
|-damage|p1b: LETS GO GO|33/100
|-damage|p1a: CRUSH SHARK|90/100|[from] item: Life Orb
|
|upkeep
|turn|4
|
|t:|1783369067
|switch|p2b: Incineroar|Incineroar, L50, M|100/100
|-ability|p2b: Incineroar|Intimidate|boost
|-unboost|p1a: CRUSH SHARK|atk|1
|-unboost|p1b: LETS GO GO|atk|1
|move|p2a: Hydreigon|Protect|p2a: Hydreigon
|-singleturn|p2a: Hydreigon|Protect
|move|p1b: LETS GO GO|Moonblast|p2a: Hydreigon
|-activate|p2a: Hydreigon|move: Protect
|move|p1a: CRUSH SHARK|Earthquake|p2a: Hydreigon|[spread] p1b,p2b
|-activate|p2a: Hydreigon|move: Protect
|-resisted|p1b: LETS GO GO|1
|-supereffective|p2b: Incineroar|1
|-damage|p1b: LETS GO GO|12/100
|-damage|p2b: Incineroar|45/100
|-enditem|p2b: Incineroar|Sitrus Berry|[eat]
|-heal|p2b: Incineroar|70/100|[from] item: Sitrus Berry
|-damage|p1a: CRUSH SHARK|80/100|[from] item: Life Orb
|
|upkeep
|turn|5
|
|t:|1783369088
|switch|p1a: GENERAL BLADUS|Kingambit, L50, F, shiny|100/100
|move|p1b: LETS GO GO|Protect|p1b: LETS GO GO
|-singleturn|p1b: LETS GO GO|Protect
|move|p2b: Incineroar|Fake Out|p1b: LETS GO GO
|-activate|p1b: LETS GO GO|move: Protect
|move|p2a: Hydreigon|Draco Meteor|p1a: GENERAL BLADUS
|-resisted|p1a: GENERAL BLADUS|1
|-damage|p1a: GENERAL BLADUS|54/100
|-unboost|p2a: Hydreigon|spa|2
|-damage|p2a: Hydreigon|90/100|[from] item: Life Orb
|
|upkeep
|turn|6
|
|t:|1783369109
|switch|p2a: Sneasler|Sneasler, L50, M|100/100
|move|p1b: LETS GO GO|Moonblast|p2b: Incineroar
|-damage|p2b: Incineroar|50/100g
|move|p1a: GENERAL BLADUS|Low Kick|p2b: Incineroar
|-supereffective|p2b: Incineroar|1
|-damage|p2b: Incineroar|0 fnt
|faint|p2b: Incineroar
|
|-sideend|p1: lettitripppp|move: Tailwind
|upkeep
|
|t:|1783369120
|switch|p2b: Hydreigon|Hydreigon, L50, F|90/100
|turn|7
|
|t:|1783369143
|move|p1b: LETS GO GO|Protect|p1b: LETS GO GO
|-singleturn|p1b: LETS GO GO|Protect
|move|p2a: Sneasler|Fake Out|p1b: LETS GO GO
|-activate|p1b: LETS GO GO|move: Protect
|move|p2b: Hydreigon|Earth Power|p1a: GENERAL BLADUS
|-supereffective|p1a: GENERAL BLADUS|1
|-damage|p1a: GENERAL BLADUS|0 fnt
|faint|p1a: GENERAL BLADUS
|-damage|p2b: Hydreigon|81/100|[from] item: Life Orb
|
|upkeep
|
|t:|1783369149
|switch|p1a: CRUSH SHARK|Garchomp, L50, F, shiny|80/100
|turn|8
|
|t:|1783369163
|switch|p2b: Gengar|Gengar-Mega, L50, M|100/100
|move|p1b: LETS GO GO|Tailwind|p1b: LETS GO GO
|-sidestart|p1: lettitripppp|move: Tailwind
|move|p1a: CRUSH SHARK|Dragon Claw|p2b: Gengar
|-damage|p2b: Gengar|34/100
|-damage|p1a: CRUSH SHARK|70/100|[from] item: Life Orb
|move|p2a: Sneasler|Close Combat|p1a: CRUSH SHARK
|-damage|p1a: CRUSH SHARK|3/100
|-unboost|p2a: Sneasler|def|1
|-unboost|p2a: Sneasler|spd|1
|-damage|p2a: Sneasler|87/100|[from] ability: Rough Skin|[of] p1a: CRUSH SHARK
|
|upkeep
|turn|9
|inactive|blizzardspamming has 30 seconds left.
|
|t:|1783369188
|switch|p2a: Hydreigon|Hydreigon, L50, F|81/100
|move|p1b: LETS GO GO|Moonblast|p2a: Hydreigon
|-supereffective|p2a: Hydreigon|2
|-damage|p2a: Hydreigon|0 fnt
|faint|p2a: Hydreigon
|move|p1a: CRUSH SHARK|Rock Slide|p2b: Gengar
|-damage|p2b: Gengar|0 fnt
|faint|p2b: Gengar
|-damage|p1a: CRUSH SHARK|0 fnt|[from] item: Life Orb
|faint|p1a: CRUSH SHARK
|
|upkeep
|
|t:|1783369197
|switch|p2b: Sneasler|Sneasler, L50, M|87/100
|turn|10
|
|t:|1783369201
|move|p1b: LETS GO GO|Protect|p1b: LETS GO GO
|-singleturn|p1b: LETS GO GO|Protect
|move|p2b: Sneasler|Fake Out|p1b: LETS GO GO
|-activate|p1b: LETS GO GO|move: Protect
|
|upkeep
|turn|11
|
|t:|1783369203
|move|p1b: LETS GO GO|Moonblast|p2b: Sneasler
|-damage|p2b: Sneasler|45/100
|move|p2b: Sneasler|Dire Claw|p1b: LETS GO GO
|-supereffective|p1b: LETS GO GO|2
|-damage|p1b: LETS GO GO|0 fnt
|faint|p1b: LETS GO GO
|
|win|blizzardspamming
|raw|lettitripppp's rating: 1290 → 1264(-26 for losing)
|raw|blizzardspamming's rating: 1275 → 1301(+26 for winning)
|l|☆lettitripppp
|player|p1|
