|j|☆kyo_is_de4d
|j|☆devinlewisd
|html|kyo_is_de4ddevinlewisd    
|uhtml|bestof|Game 3 of a best-of-3
|t:|1785434873
|gametype|doubles
|player|p1|kyo_is_de4d|102|1065
|player|p2|devinlewisd|hiker-gen4|1099
|gen|9
|tier|[Gen 9 Champions] VGC 2026 Reg M-B (Bo3)
|rated|
|rule|Species Clause: Limit one of each Pokémon
|rule|Item Clause: Limit 1 of each item
|clearpoke
|poke|p1|Floette-Eternal, L50, F|
|poke|p1|Charizard, L50, F|
|poke|p1|Kingambit, L50, M|
|poke|p1|Whimsicott, L50, M|
|poke|p1|Basculegion, L50, M|
|poke|p1|Garchomp, L50, F|
|poke|p2|Raichu, L50, M|
|poke|p2|Pelipper, L50, M|
|poke|p2|Archaludon, L50, F|
|poke|p2|Garchomp, L50, M|
|poke|p2|Feraligatr, L50, M, shiny|
|poke|p2|Farigiraf, L50, M|
|teampreview|4
|showteam|p1|Floette-Eternal||Floettite|FlowerVeil|Protect,LightofRuin,Moonblast,DazzlingGleam|Timid||F|||50|]Charizard||CharizarditeY|Blaze|HeatWave,SolarBeam,WeatherBall,Protect|Modest||F|||50|]Kingambit||ChopleBerry|Defiant|KowtowCleave,IronHead,LowKick,SuckerPunch|Adamant||M|||50|]Whimsicott||FocusSash|Prankster|Tailwind,Encore,Moonblast,Protect|Timid||M|||50|]Basculegion||MysticWater|Adaptability|WaveCrash,LastRespects,AquaJet,Protect|Adamant||M|||50|]Garchomp||LifeOrb|RoughSkin|Earthquake,RockSlide,DragonClaw,Protect|Jolly||F|||50|
|showteam|p2|Raichu||RaichuniteY|LightningRod|FocusBlast,ThunderWave,ZapCannon,Protect|Hasty||M|||50|]Pelipper||FocusSash|Drizzle|Tailwind,Hurricane,WeatherBall,WideGuard|Timid||M|||50|]Archaludon||ChopleBerry|Stamina|ElectroShot,FlashCannon,DragonPulse,Protect|Modest||F|||50|]Garchomp||ExpertBelt|SandVeil|RockSlide,DragonClaw,StompingTantrum,Protect|Jolly||M|||50|]Feraligatr||LifeOrb|SheerForce|Liquidation,Protect,Crunch,IcePunch|Adamant||M|||50|]Farigiraf||ColburBerry|ArmorTail|TrickRoom,Imprison,HelpingHand,Thunderbolt|Modest||M|||50|
|inactive|Battle timer is ON: inactive players will automatically lose when time's up. (requested by devinlewisd)
|
|t:|1785434896
|teamsize|p1|4
|teamsize|p2|4
|start
|switch|p1a: Whimsicott|Whimsicott, L50, M|100/100
|switch|p1b: Garchomp|Garchomp, L50, F|100/100
|switch|p2a: Pelipper|Pelipper, L50, M|100/100
|switch|p2b: Feraligatr|Feraligatr, L50, M, shiny|100/100
|-weather|RainDance|[from] ability: Drizzle|[of] p2a: Pelipper
|turn|1
|inactive|kyo_is_de4d has 30 seconds left.
|
|t:|1785434930
|switch|p1b: Kingambit|Kingambit, L50, M|100/100
|move|p1a: Whimsicott|Moonblast|p2a: Pelipper
|-damage|p2a: Pelipper|46/100
|move|p2b: Feraligatr|Ice Punch|p1b: Kingambit
|-resisted|p1b: Kingambit|1
|-damage|p1b: Kingambit|84/100
|move|p2a: Pelipper|Tailwind|p2a: Pelipper
|-sidestart|p2: devinlewisd|move: Tailwind
|
|-weather|RainDance|[upkeep]
|upkeep
|turn|2
|inactive|kyo_is_de4d has 30 seconds left.
|inactive|devinlewisd has 30 seconds left.
|
|t:|1785434962
|move|p1a: Whimsicott|Encore|p2b: Feraligatr
|-start|p2b: Feraligatr|Encore
|move|p2b: Feraligatr|Ice Punch|p1a: Whimsicott
|-supereffective|p1a: Whimsicott|1
|-enditem|p1a: Whimsicott|Focus Sash
|-damage|p1a: Whimsicott|1/100
|move|p2a: Pelipper|Hurricane|p1a: Whimsicott
|-supereffective|p1a: Whimsicott|1
|-damage|p1a: Whimsicott|0 fnt
|faint|p1a: Whimsicott
|move|p1b: Kingambit|Kowtow Cleave|p2a: Pelipper
|-damage|p2a: Pelipper|0 fnt
|faint|p2a: Pelipper
|
|-weather|RainDance|[upkeep]
|upkeep
|
|t:|1785434976
|switch|p1a: Charizard|Charizard, L50, F|100/100
|switch|p2a: Raichu|Raichu, L50, M|100/100
|turn|3
|inactive|kyo_is_de4d has 30 seconds left.
|
|t:|1785435002
|detailschange|p2a: Raichu|Raichu-Mega-Y, L50, M
|-mega|p2a: Raichu|Raichu|Raichunite Y
|detailschange|p1a: Charizard|Charizard-Mega-Y, L50, F
|-mega|p1a: Charizard|Charizard|Charizardite Y
|-weather|SunnyDay|[from] ability: Drought|[of] p1a: Charizard
|move|p1a: Charizard|Protect|p1a: Charizard
|-singleturn|p1a: Charizard|Protect
|move|p1b: Kingambit|Sucker Punch|p2a: Raichu
|-damage|p2a: Raichu|0 fnt
|faint|p2a: Raichu
|move|p2b: Feraligatr|Ice Punch|p1a: Charizard
|-activate|p1a: Charizard|move: Protect
|
|-weather|SunnyDay|[upkeep]
|upkeep
|
|t:|1785435015
|switch|p2a: Garchomp|Garchomp, L50, M|100/100
|turn|4
|inactive|kyo_is_de4d has 30 seconds left.
|
|t:|1785435042
|switch|p1a: Garchomp|Garchomp, L50, F|100/100
|move|p2a: Garchomp|Rock Slide|p1a: Garchomp|[spread] p1a,p1b
|-resisted|p1a: Garchomp|1
|-resisted|p1b: Kingambit|1
|-damage|p1a: Garchomp|90/100
|-damage|p1b: Kingambit|76/100
|move|p2b: Feraligatr|Ice Punch|p1a: Garchomp
|-supereffective|p1a: Garchomp|2
|-damage|p1a: Garchomp|0 fnt
|-damage|p2b: Feraligatr|87/100|[from] ability: Rough Skin|[of] p1a: Garchomp
|faint|p1a: Garchomp
|cant|p1b: Kingambit|flinch
|
|-weather|SunnyDay|[upkeep]
|-end|p2b: Feraligatr|Encore
|-sideend|p2: devinlewisd|move: Tailwind
|upkeep
|
|t:|1785435055
|switch|p1a: Charizard|Charizard-Mega-Y, L50, F|100/100
|turn|5
|inactive|devinlewisd has 30 seconds left.
|
|t:|1785435080
|move|p1a: Charizard|Protect|p1a: Charizard
|-singleturn|p1a: Charizard|Protect
|move|p2b: Feraligatr|Protect|p2b: Feraligatr
|-singleturn|p2b: Feraligatr|Protect
|move|p2a: Garchomp|Stomping Tantrum|p1b: Kingambit
|-supereffective|p1b: Kingambit|1
|-damage|p1b: Kingambit|6/100
|move|p1b: Kingambit|Kowtow Cleave|p2b: Feraligatr
|-activate|p2b: Feraligatr|move: Protect
|
|-weather|SunnyDay|[upkeep]
|upkeep
|turn|6
|
|t:|1785435093
|move|p1b: Kingambit|Sucker Punch|p2b: Feraligatr
|-damage|p2b: Feraligatr|41/100
|move|p2a: Garchomp|Rock Slide|p1b: Kingambit|[spread] p1a,p1b
|-supereffective|p1a: Charizard|2
|-resisted|p1b: Kingambit|1
|-damage|p1a: Charizard|0 fnt
|-damage|p1b: Kingambit|0 fnt
|faint|p1a: Charizard
|faint|p1b: Kingambit
|
|win|devinlewisd
|raw|kyo_is_de4d's rating: 1065 → 1047(-18 for losing)
|raw|devinlewisd's rating: 1099 → 1122(+23 for winning)
