|j|☆eklyst
|j|☆KodeBeast0526
|html|eklystKodeBeast0526    
|uhtml|bestof|Game 2 of a best-of-3
|t:|1785163754
|gametype|doubles
|player|p1|eklyst|pokemaniac|1181
|player|p2|KodeBeast0526|hiker|1196
|gen|9
|tier|[Gen 9 Champions] VGC 2026 Reg M-B (Bo3)
|rated|
|rule|Species Clause: Limit one of each Pokémon
|rule|Item Clause: Limit 1 of each item
|clearpoke
|poke|p1|Metagross, L50|
|poke|p1|Floette-Eternal, L50, F|
|poke|p1|Garchomp, L50, F|
|poke|p1|Aerodactyl, L50, F|
|poke|p1|Sinistcha, L50|
|poke|p1|Incineroar, L50, F|
|poke|p2|Aerodactyl, L50, M|
|poke|p2|Kingambit, L50, M|
|poke|p2|Sylveon, L50, M|
|poke|p2|Garchomp, L50, M|
|poke|p2|Charizard, L50, M|
|poke|p2|Farigiraf, L50, F, shiny|
|teampreview|4
|showteam|p1|Metagross||Metagrossite|ClearBody|PsychicFangs,IronHead,BulletPunch,Protect|Adamant|||||50|]Floette-Eternal||Floettite|FlowerVeil|DazzlingGleam,Moonblast,CalmMind,Protect|Modest||F|||50|]Garchomp||LifeOrb|RoughSkin|RockSlide,StompingTantrum,DragonClaw,Protect|Jolly||F|||50|]Aerodactyl||FocusSash|Unnerve|RockSlide,DualWingbeat,Tailwind,Protect|Jolly||F|||50|]Sinistcha||KasibBerry|Hospitality|MatchaGotcha,TrickRoom,RagePowder,Protect|Relaxed|||||50|]Incineroar||SitrusBerry|Intimidate|FakeOut,FlareBlitz,ThroatChop,PartingShot|Adamant||F|||50|
|showteam|p2|Aerodactyl||Aerodactylite|Unnerve|RockSlide,IceFang,Tailwind,WideGuard|Jolly||M|||50|]Kingambit||FocusSash|Defiant|KowtowCleave,SuckerPunch,IronHead,LowKick|Adamant||M|||50|]Sylveon||FairyFeather|Pixilate|Detect,HyperVoice,HyperBeam,QuickAttack|Modest||M|||50|]Garchomp||LifeOrb|RoughSkin|Earthquake,DragonClaw,StompingTantrum,Protect|Jolly||M|||50|]Charizard||CharizarditeY|Blaze|Protect,HeatWave,SolarBeam,WeatherBall|Modest||M|||50|]Farigiraf||SitrusBerry|ArmorTail|Thunderbolt,PsychicNoise,TrickRoom,HelpingHand|Bold||F|||50|
|inactive|Battle timer is ON: inactive players will automatically lose when time's up. (requested by eklyst)
|inactive|eklyst has 60 seconds left.
|
|t:|1785163797
|teamsize|p1|4
|teamsize|p2|4
|start
|switch|p1a: Aerodactyl|Aerodactyl, L50, F|100/100
|switch|p1b: Metagross|Metagross, L50|100/100
|switch|p2a: Kingambit|Kingambit, L50, M|100/100
|switch|p2b: Charizard|Charizard, L50, M|100/100
|-ability|p1a: Aerodactyl|Unnerve
|turn|1
|
|t:|1785163811
|switch|p2b: Farigiraf|Farigiraf, L50, F, shiny|100/100
|switch|p1b: Garchomp|Garchomp, L50, F|100/100
|move|p1a: Aerodactyl|Rock Slide|p2b: Farigiraf|[spread] p2a,p2b
|-resisted|p2a: Kingambit|1
|-damage|p2a: Kingambit|90/100
|-damage|p2b: Farigiraf|78/100
|move|p2a: Kingambit|Kowtow Cleave|p1b: Garchomp
|-damage|p1b: Garchomp|47/100
|-damage|p2a: Kingambit|78/100|[from] ability: Rough Skin|[of] p1b: Garchomp
|
|upkeep
|turn|2
|
|t:|1785163833
|move|p2b: Farigiraf|Helping Hand|p2a: Kingambit
|-singleturn|p2a: Kingambit|Helping Hand|[of] p2b: Farigiraf
|move|p2a: Kingambit|Sucker Punch|p1b: Garchomp
|-damage|p1b: Garchomp|0 fnt
|-damage|p2a: Kingambit|65/100|[from] ability: Rough Skin|[of] p1b: Garchomp
|faint|p1b: Garchomp
|move|p1a: Aerodactyl|Dual Wingbeat|p2b: Farigiraf
|-damage|p2b: Farigiraf|63/100
|-damage|p2b: Farigiraf|49/100
|-hitcount|p2b: Farigiraf|2
|
|upkeep
|
|t:|1785163844
|switch|p1b: Incineroar|Incineroar, L50, F|100/100
|-ability|p1b: Incineroar|Intimidate|boost
|-unboost|p2a: Kingambit|atk|1
|-ability|p2a: Kingambit|Defiant|boost
|-boost|p2a: Kingambit|atk|2
|-unboost|p2b: Farigiraf|atk|1
|turn|3
|
|t:|1785163853
|move|p2b: Farigiraf|Helping Hand|p2a: Kingambit
|-singleturn|p2a: Kingambit|Helping Hand|[of] p2b: Farigiraf
|move|p1a: Aerodactyl|Tailwind|p1a: Aerodactyl
|-sidestart|p1: eklyst|move: Tailwind
|move|p1b: Incineroar|Flare Blitz|p2a: Kingambit
|-supereffective|p2a: Kingambit|1
|-damage|p2a: Kingambit|0 fnt
|faint|p2a: Kingambit
|-damage|p1b: Incineroar|79/100|[from] Recoil
|
|upkeep
|
|t:|1785163861
|switch|p2a: Sylveon|Sylveon, L50, M|100/100
|turn|4
|
|t:|1785163869
|move|p1a: Aerodactyl|Rock Slide|p2b: Farigiraf|[spread] p2a,p2b
|-damage|p2a: Sylveon|67/100
|-damage|p2b: Farigiraf|30/100
|move|p1b: Incineroar|Throat Chop|p2b: Farigiraf
|-supereffective|p2b: Farigiraf|1
|-damage|p2b: Farigiraf|0 fnt
|faint|p2b: Farigiraf
|cant|p2a: Sylveon|flinch
|
|upkeep
|
|t:|1785163871
|switch|p2b: Charizard|Charizard, L50, M|100/100
|turn|5
|inactive|KodeBeast0526 has 30 seconds left.
|
|t:|1785163896
|move|p2b: Charizard|Protect|p2b: Charizard
|-singleturn|p2b: Charizard|Protect
|move|p1a: Aerodactyl|Rock Slide|p2a: Sylveon|[spread] p2a
|-activate|p2b: Charizard|move: Protect
|-damage|p2a: Sylveon|38/100
|move|p1b: Incineroar|Flare Blitz|p2a: Sylveon
|-damage|p2a: Sylveon|0 fnt
|faint|p2a: Sylveon
|-damage|p1b: Incineroar|67/100|[from] Recoil
|
|upkeep
|turn|6
|
|t:|1785163909
|detailschange|p2b: Charizard|Charizard-Mega-Y, L50, M
|-mega|p2b: Charizard|Charizard|Charizardite Y
|-weather|SunnyDay|[from] ability: Drought|[of] p2b: Charizard
|move|p1a: Aerodactyl|Rock Slide|p2b: Charizard
|-supereffective|p2b: Charizard|2
|-damage|p2b: Charizard|0 fnt
|faint|p2b: Charizard
|
|win|eklyst
||KodeBeast0526 is ready for game 3.
||eklyst is ready for game 3.
|uhtml|next|Next: Game 3 of 3
|l|☆KodeBeast0526
|player|p2|
