|j|☆dialghite
|j|☆tessa scarlet
|html|dialghitetessa scarlet    
|uhtml|bestof|Game 3 of a best-of-3
|t:|1756736279
|gametype|doubles
|player|p1|dialghite|volkner|1452
|player|p2|tessa scarlet|1|1564
|gen|9
|tier|[Gen 9] VGC 2025 Reg H (Bo3)
|rated|
|rule|Species Clause: Limit one of each Pokémon
|rule|Item Clause: Limit 1 of each item
|clearpoke
|poke|p1|Whimsicott, L50, M|
|poke|p1|Corviknight, L50, M|
|poke|p1|Indeedee, L50, M|
|poke|p1|Sneasler, L50, F|
|poke|p1|Ursaluna-Bloodmoon, L50, M|
|poke|p1|Archaludon, L50, F|
|poke|p2|Gholdengo, L50|
|poke|p2|Annihilape, L50, F|
|poke|p2|Volcarona, L50, M|
|poke|p2|Dragonite, L50, F|
|poke|p2|Ninetales-Alola, L50, F|
|poke|p2|Ursaluna-Bloodmoon, L50, M|
|teampreview|4
|showteam|p1|Whimsicott||CovertCloak|Prankster|Moonblast,Taunt,Tailwind,FakeTears|||M|||50|,,,,,Water]Corviknight||Leftovers|MirrorArmor|BraveBird,BodyPress,Tailwind,BulkUp|||M|||50|,,,,,Dragon]Indeedee||FocusSash|PsychicSurge|ExpandingForce,TeraBlast,Imprison,TrickRoom|||M|||50|,,,,,Psychic]Sneasler||PsychicSeed|Unburden|CloseCombat,DireClaw,ThroatChop,Protect|||F|||50|,,,,,Dark]Ursaluna-Bloodmoon||LifeOrb|MindsEye|HyperVoice,BloodMoon,EarthPower,Protect|||M|||50|,,,,,Normal]Archaludon||PowerHerb|Stalwart|ElectroShot,DragonPulse,Thunderbolt,Protect|||F|||50|,,,,,Electric
|showteam|p2|Gholdengo||LifeOrb|GoodasGold|NastyPlot,MakeItRain,ShadowBall,Protect||||||50|,,,,,Water]Annihilape||SafetyGoggles|Defiant|DrainPunch,RageFist,BulkUp,Protect|||F|||50|,,,,,Fire]Volcarona||SitrusBerry|FlameBody|StruggleBug,Overheat,RagePowder,Tailwind|||M|||50|,,,,,Steel]Dragonite||LoadedDice|Multiscale|ScaleShot,Haze,Tailwind,Protect|||F|||50|,,,,,Steel]Ninetales-Alola||FocusSash|SnowWarning|Blizzard,IcyWind,IcicleSpear,AuroraVeil|||F|||50|,,,,,Ghost]Ursaluna-Bloodmoon||AssaultVest|MindsEye|BloodMoon,HyperVoice,EarthPower,VacuumWave|||M|||50|,,,,,Water
|inactive|Battle timer is ON: inactive players will automatically lose when time's up. (requested by dialghite)
|
|t:|1756736306
|teamsize|p1|4
|teamsize|p2|4
|start
|switch|p1a: Whimsicott|Whimsicott, L50, M|100/100
|switch|p1b: Archaludon|Archaludon, L50, F|100/100
|switch|p2a: Dragonite|Dragonite, L50, F|100/100
|switch|p2b: Ninetales|Ninetales-Alola, L50, F|100/100
|-weather|Snowscape|[from] ability: Snow Warning|[of] p2b: Ninetales
|turn|1
|inactive|dialghite has 30 seconds left.
|inactive|dialghite has 20 seconds left.
|
|t:|1756736344
|-terastallize|p1b: Archaludon|Electric
|move|p1a: Whimsicott|Moonblast|p2a: Dragonite
|-supereffective|p2a: Dragonite
|-damage|p2a: Dragonite|71/100
|move|p2b: Ninetales|Icy Wind|p1b: Archaludon|[spread] p1a,p1b
|-supereffective|p1a: Whimsicott
|-damage|p1a: Whimsicott|58/100
|-damage|p1b: Archaludon|77/100
|-unboost|p1b: Archaludon|spe|1
|move|p2a: Dragonite|Tailwind|p2a: Dragonite
|-sidestart|p2: tessa scarlet|move: Tailwind
|move|p1b: Archaludon|Electro Shot||[still]
|-prepare|p1b: Archaludon|Electro Shot
|-boost|p1b: Archaludon|spa|1
|-enditem|p1b: Archaludon|Power Herb
|-anim|p1b: Archaludon|Electro Shot|p2a: Dragonite
|-damage|p2a: Dragonite|0 fnt
|faint|p2a: Dragonite
|
|-weather|Snowscape|[upkeep]
|upkeep
|
|t:|1756736361
|switch|p2a: Volcarona|Volcarona, L50, M|100/100
|turn|2
|inactive|dialghite has 30 seconds left.
|
|t:|1756736389
|move|p1b: Archaludon|Protect|p1b: Archaludon
|-singleturn|p1b: Archaludon|Protect
|move|p1a: Whimsicott|Tailwind|p1a: Whimsicott
|-sidestart|p1: dialghite|move: Tailwind
|move|p2b: Ninetales|Aurora Veil|p2b: Ninetales
|-sidestart|p2: tessa scarlet|move: Aurora Veil
|move|p2a: Volcarona|Struggle Bug|p1b: Archaludon|[spread] p1a
|-activate|p1b: Archaludon|move: Protect
|-damage|p1a: Whimsicott|37/100
|
|-weather|Snowscape|[upkeep]
|upkeep
|turn|3
|
|t:|1756736403
|move|p1a: Whimsicott|Fake Tears|p2a: Volcarona
|-unboost|p2a: Volcarona|spd|2
|move|p2b: Ninetales|Blizzard|p1a: Whimsicott|[spread] p1a,p1b
|-supereffective|p1a: Whimsicott
|-damage|p1a: Whimsicott|0 fnt
|-damage|p1b: Archaludon|33/100
|faint|p1a: Whimsicott
|move|p2a: Volcarona|Struggle Bug|p1b: Archaludon
|-damage|p1b: Archaludon|0 fnt
|faint|p1b: Archaludon
|
|-weather|Snowscape|[upkeep]
|upkeep
|
|t:|1756736411
|switch|p1a: Ursaluna|Ursaluna-Bloodmoon, L50, M|100/100
|switch|p1b: Indeedee|Indeedee, L50, M|100/100
|-fieldstart|move: Psychic Terrain|[from] ability: Psychic Surge|[of] p1b: Indeedee
|turn|4
|
|t:|1756736421
|move|p2b: Ninetales|Blizzard|p1a: Ursaluna|[spread] p1a,p1b
|-supereffective|p1a: Ursaluna
|-damage|p1a: Ursaluna|11/100
|-damage|p1b: Indeedee|59/100
|move|p2a: Volcarona|Struggle Bug|p1b: Indeedee|[spread] p1a,p1b
|-supereffective|p1b: Indeedee
|-damage|p1a: Ursaluna|0 fnt
|-damage|p1b: Indeedee|14/100
|-unboost|p1b: Indeedee|spa|1
|faint|p1a: Ursaluna
|move|p1b: Indeedee|Expanding Force|p2b: Ninetales|[spread] p2a,p2b
|-damage|p2a: Volcarona|60/100
|-damage|p2b: Ninetales|74/100
|
|-weather|Snowscape|[upkeep]
|-sideend|p2: tessa scarlet|move: Tailwind
|upkeep
|turn|5
|-message|dialghite forfeited.
|
|win|tessa scarlet
|raw|dialghite's rating: 1452 → 1438(-14 for losing)
|raw|tessa scarlet's rating: 1564 → 1578(+14 for winning)
|l|☆dialghite
|player|p1|
