|j|☆LazyTurtle69
|j|☆FlooferDoo
|html|LazyTurtle69FlooferDoo    
|uhtml|bestof|Game 1 of a best-of-3
|t:|1785184373
|gametype|doubles
|player|p1|LazyTurtle69|buck|1000
|player|p2|FlooferDoo|cynthia|1000
|gen|9
|tier|[Gen 9 Champions] VGC 2026 Reg M-B (Bo3)
|rated|
|rule|Species Clause: Limit one of each Pokémon
|rule|Item Clause: Limit 1 of each item
|clearpoke
|poke|p1|Alakazam, L50, M|
|poke|p1|Drampa, L50, F|
|poke|p1|Farigiraf, L50, F|
|poke|p1|Aggron, L50, F|
|poke|p1|Ditto, L50|
|poke|p1|Hatterene, L50, F|
|poke|p2|Sylveon, L50, M, shiny|
|poke|p2|Charizard, L50, F|
|poke|p2|Garchomp, L50, F, shiny|
|poke|p2|Whimsicott, L50, M|
|poke|p2|Dragonite, L50, M|
|poke|p2|Kingambit, L50, F|
|teampreview|4
|showteam|p1|Alakazam||FocusSash|InnerFocus|SpeedSwap,AllySwitch,Psychic,TrickRoom|Timid||M|||50|]Drampa||Drampanite|CloudNine|EarthPower,DragonPulse,HyperVoice,Protect|Quiet||F|||50|]Farigiraf||ColburBerry|ArmorTail|MirrorCoat,AllySwitch,TrickRoom,DazzlingGleam|Quiet||F|||50|]Aggron||Aggronite|Sturdy|BodyPress,HeavySlam,Protect,IcePunch|Impish||F|||50|]Ditto||ChoiceScarf|Imposter|Transform|Bold|||||50|]Hatterene||LifeOrb|MagicBounce|GigaDrain,DazzlingGleam,Psychic,Protect|Modest||F|||50|
|showteam|p2|Sylveon||FairyFeather|Pixilate|HyperVoice,HyperBeam,QuickAttack,Detect|Modest||M|||50|]Charizard||CharizarditeY|Blaze|HeatWave,WeatherBall,SolarBeam,Protect|Timid||F|||50|]Garchomp||LifeOrb|RoughSkin|Earthquake,DragonClaw,RockSlide,PoisonJab|Jolly||F|||50|]Whimsicott||FocusSash|Prankster|Tailwind,Moonblast,GrassKnot,Encore|Timid||M|||50|]Dragonite||Dragoninite|Multiscale|DragonPulse,HeatWave,Thunderbolt,Protect|Modest||M|||50|]Kingambit||ChopleBerry|Defiant|KowtowCleave,IronHead,SuckerPunch,LowKick|Adamant||F|||50|
|inactive|Battle timer is ON: inactive players will automatically lose when time's up. (requested by LazyTurtle69)
|inactive|FlooferDoo has 60 seconds left.
|
|t:|1785184429
|teamsize|p1|4
|teamsize|p2|4
|start
|switch|p1a: Drampa|Drampa, L50, F|100/100
|switch|p1b: Farigiraf|Farigiraf, L50, F|100/100
|switch|p2a: The King|Kingambit, L50, F|100/100
|switch|p2b: Whimsy|Whimsicott, L50, M|100/100
|-ability|p1a: Drampa|Cloud Nine
|turn|1
|
|t:|1785184449
|move|p1a: Drampa|Protect|p1a: Drampa
|-singleturn|p1a: Drampa|Protect
|move|p2b: Whimsy|Moonblast|p1b: Farigiraf
|-damage|p1b: Farigiraf|61/100
|move|p2a: The King|Kowtow Cleave|p1b: Farigiraf
|-supereffective|p1b: Farigiraf|1
|-enditem|p1b: Farigiraf|Colbur Berry|[eat]
|-enditem|p1b: Farigiraf|Colbur Berry|[weaken]
|-damage|p1b: Farigiraf|11/100
|move|p1b: Farigiraf|Trick Room|p1b: Farigiraf
|-fieldstart|move: Trick Room|[of] p1b: Farigiraf
|
|upkeep
|turn|2
|inactive|FlooferDoo has 30 seconds left.
|inactive|FlooferDoo has 20 seconds left.
|
|t:|1785184487
|detailschange|p1a: Drampa|Drampa-Mega, L50, F
|-mega|p1a: Drampa|Drampa|Drampanite
|move|p1a: Drampa|Earth Power|p2a: The King
|-supereffective|p2a: The King|1
|-damage|p2a: The King|17/100
|move|p2a: The King|Kowtow Cleave|p1b: Farigiraf
|-supereffective|p1b: Farigiraf|1
|-crit|p1b: Farigiraf
|-damage|p1b: Farigiraf|0 fnt
|faint|p1b: Farigiraf
|move|p2b: Whimsy|Moonblast|p1a: Drampa
|-supereffective|p1a: Drampa|1
|-damage|p1a: Drampa|43/100
|-ability|p1a: Drampa|Berserk|boost
|-boost|p1a: Drampa|spa|1
|
|upkeep
|
|t:|1785184503
|switch|p1b: Aggron|Aggron, L50, F|100/100
|turn|3
|
|t:|1785184521
|switch|p2a: Puppy|Charizard, L50, F|100/100
|move|p2b: Whimsy|Encore|p1a: Drampa
|-start|p1a: Drampa|Encore
|move|p1a: Drampa|Earth Power|p2b: Whimsy
|-resisted|p2b: Whimsy|1
|-damage|p2b: Whimsy|47/100
|move|p1b: Aggron|Heavy Slam|p2b: Whimsy
|-supereffective|p2b: Whimsy|1
|-damage|p2b: Whimsy|0 fnt
|faint|p2b: Whimsy
|
|upkeep
|
|t:|1785184535
|switch|p2b: Blueberry|Sylveon, L50, M, shiny|100/100
|turn|4
|
|t:|1785184547
|detailschange|p2a: Puppy|Charizard-Mega-Y, L50, F
|-mega|p2a: Puppy|Charizard|Charizardite Y
|-weather|SunnyDay|[from] ability: Drought|[of] p2a: Puppy
|move|p2b: Blueberry|Detect|p2b: Blueberry
|-singleturn|p2b: Blueberry|Protect
|move|p1a: Drampa|Earth Power|p2b: Blueberry
|-activate|p2b: Blueberry|move: Protect
|move|p1b: Aggron|Heavy Slam|p2b: Blueberry
|-activate|p2b: Blueberry|move: Protect
|move|p2a: Puppy|Heat Wave|p1b: Aggron|[spread] p1b
|-miss|p2a: Puppy|p1a: Drampa
|-crit|p1b: Aggron
|-ability|p1b: Aggron|Sturdy
|-damage|p1b: Aggron|1/100
|
|-weather|SunnyDay|[upkeep]
|upkeep
|turn|5
|inactive|FlooferDoo has 30 seconds left.
|
|t:|1785184577
|move|p2a: Puppy|Protect|p2a: Puppy
|-singleturn|p2a: Puppy|Protect
|move|p2b: Blueberry|Quick Attack|p1b: Aggron
|-resisted|p1b: Aggron|1
|-damage|p1b: Aggron|0 fnt
|faint|p1b: Aggron
|move|p1a: Drampa|Earth Power|p2b: Blueberry
|-damage|p2b: Blueberry|54/100
|
|-weather|SunnyDay|[upkeep]
|-end|p1a: Drampa|Encore
|-fieldend|move: Trick Room
|upkeep
|
|t:|1785184589
|switch|p1b: Ditto|Ditto, L50|100/100
|-transform|p1b: Ditto|p2a: Puppy|[from] ability: Imposter
|turn|6
|
|t:|1785184611
|move|p1a: Drampa|Protect|p1a: Drampa
|-singleturn|p1a: Drampa|Protect
|move|p1b: Ditto|Heat Wave|p2a: Puppy|[spread] p2b
|-miss|p1b: Ditto|p2a: Puppy
|-damage|p2b: Blueberry|6/100
|-status|p2b: Blueberry|brn
|move|p2a: Puppy|Weather Ball|p1b: Ditto
|-resisted|p1b: Ditto|1
|-damage|p1b: Ditto|56/100
|move|p2b: Blueberry|Hyper Voice|p1b: Ditto|[spread] p1b
|-activate|p1a: Drampa|move: Protect
|-resisted|p1b: Ditto|1
|-damage|p1b: Ditto|32/100
|
|-weather|SunnyDay|[upkeep]
|-damage|p2b: Blueberry|1/100 brn|[from] brn
|upkeep
|turn|7
|inactive|FlooferDoo has 30 seconds left.
|
|t:|1785184636
|move|p2b: Blueberry|Quick Attack|p1a: Drampa
|-supereffective|p1a: Drampa|1
|-damage|p1a: Drampa|31/100
|move|p1b: Ditto|Heat Wave|p2b: Blueberry|[spread] p2a,p2b
|-resisted|p2a: Puppy|1
|-damage|p2a: Puppy|68/100
|-damage|p2b: Blueberry|0 fnt
|faint|p2b: Blueberry
|move|p2a: Puppy|Weather Ball|p1b: Ditto
|-resisted|p1b: Ditto|1
|-damage|p1b: Ditto|0 fnt
|faint|p1b: Ditto
|move|p1a: Drampa|Hyper Voice|p2a: Puppy
|-damage|p2a: Puppy|0 fnt
|faint|p2a: Puppy
|
|-weather|SunnyDay|[upkeep]
|upkeep
|
|t:|1785184654
|switch|p2a: The King|Kingambit, L50, F|17/100
|turn|8
|
|t:|1785184658
|move|p1a: Drampa|Protect|p1a: Drampa
|-singleturn|p1a: Drampa|Protect
|move|p2a: The King|Sucker Punch||[still]
|-fail|p2a: The King
|
|-weather|none
|upkeep
|turn|9
|
|t:|1785184669
|move|p2a: The King|Sucker Punch|p1a: Drampa
|-damage|p1a: Drampa|0 fnt
|faint|p1a: Drampa
|
|win|FlooferDoo
|raw|LazyTurtle69's rating: 1000 → 1000(+0 for losing)
|raw|FlooferDoo's rating: 1000 → 1040(+40 for winning)
|l|☆LazyTurtle69
|player|p1|
