|j|☆waterspoutingogre
|j|☆daveington
|html|waterspoutingogredaveington    
|uhtml|bestof|Game 3 of a best-of-3
|t:|1785820273
|gametype|doubles
|player|p1|waterspoutingogre|102|1126
|player|p2|daveington|scientist|1114
|gen|9
|tier|[Gen 9 Champions] VGC 2026 Reg M-B (Bo3)
|rated|
|rule|Species Clause: Limit one of each Pokémon
|rule|Item Clause: Limit 1 of each item
|clearpoke
|poke|p1|Archaludon, L50, M, shiny|
|poke|p1|Sableye, L50, M|
|poke|p1|Swampert, L50, M|
|poke|p1|Pelipper, L50, F, shiny|
|poke|p1|Sinistcha-Masterpiece, L50|
|poke|p1|Basculegion, L50, M, shiny|
|poke|p2|Raichu, L50, M, shiny|
|poke|p2|Sylveon, L50, F, shiny|
|poke|p2|Corviknight, L50, F, shiny|
|poke|p2|Garchomp, L50, M|
|poke|p2|Sinistcha, L50|
|poke|p2|Tyranitar, L50, F, shiny|
|teampreview|4
|showteam|p1|Archaludon||Leftovers|Stamina|ElectroShot,DragonPulse,FlashCannon,Protect|Modest||M|||50|]Sableye||DampRock|Prankster|WillOWisp,LightScreen,Encore,RainDance|Careful||M|||50|]Swampert||Swampertite|Torrent|Earthquake,WaveCrash,IcePunch,Protect|Jolly||M|||50|]Pelipper||FocusSash|Drizzle|WeatherBall,Hurricane,Tailwind,WideGuard|Modest||F|||50|]Sinistcha-Masterpiece||SitrusBerry|Hospitality|MatchaGotcha,RagePowder,LifeDew,TrickRoom|Sassy|||||50|]Basculegion||ChoiceScarf|Adaptability|WaveCrash,LastRespects,FlipTurn,AquaJet|Adamant||M|||50|
|showteam|p2|Raichu||RaichuniteY|LightningRod|FakeOut,ZapCannon,FocusBlast,Protect|Hasty||M|||50|]Sylveon||FairyFeather|Pixilate|HyperVoice,QuickAttack,Yawn,Detect|Modest||F|||50|]Corviknight||Leftovers|MirrorArmor|BraveBird,IronHead,Tailwind,Protect|Careful||F|||50|]Garchomp||SitrusBerry|RoughSkin|Earthquake,RockSlide,DragonClaw,Protect|Jolly||M|||50|]Sinistcha||ColburBerry|Hospitality|MatchaGotcha,ShadowBall,RagePowder,Protect|Bold|||||50|]Tyranitar||FocusSash|SandStream|RockSlide,KnockOff,LowKick,Protect|Jolly||F|||50|
|inactive|Battle timer is ON: inactive players will automatically lose when time's up. (requested by waterspoutingogre)
|inactive|waterspoutingogre has 60 seconds left.
|
|t:|1785820314
|teamsize|p1|4
|teamsize|p2|4
|start
|switch|p1a: Pelipper|Pelipper, L50, F, shiny|100/100
|switch|p1b: Archaludon|Archaludon, L50, M, shiny|100/100
|switch|p2a: Daichuu|Raichu, L50, M, shiny|100/100
|switch|p2b: The Drink|Sinistcha, L50|100/100
|-weather|RainDance|[from] ability: Drizzle|[of] p1a: Pelipper
|turn|1
|
|t:|1785820336
|switch|p1a: Sinistcha|Sinistcha-Masterpiece, L50|100/100
|detailschange|p2a: Daichuu|Raichu-Mega-Y, L50, M, shiny
|-mega|p2a: Daichuu|Raichu|Raichunite Y
|move|p1b: Archaludon|Protect|p1b: Archaludon
|-singleturn|p1b: Archaludon|Protect
|move|p2a: Daichuu|Zap Cannon|p1a: Sinistcha
|-resisted|p1a: Sinistcha|1
|-damage|p1a: Sinistcha|66/100
|-status|p1a: Sinistcha|par
|move|p2b: The Drink|Shadow Ball|p1b: Archaludon
|-activate|p1b: Archaludon|move: Protect
|
|-weather|RainDance|[upkeep]
|upkeep
|turn|2
|
|t:|1785820354
|switch|p2a: Noelle|Sylveon, L50, F, shiny|100/100
|move|p1a: Sinistcha|Rage Powder|p1a: Sinistcha
|-singleturn|p1a: Sinistcha|move: Rage Powder
|move|p1b: Archaludon|Dragon Pulse|p2a: Noelle
|-immune|p2a: Noelle
|move|p2b: The Drink|Shadow Ball|p1a: Sinistcha
|-supereffective|p1a: Sinistcha|1
|-damage|p1a: Sinistcha|1/100 par
|-enditem|p1a: Sinistcha|Sitrus Berry|[eat]
|-heal|p1a: Sinistcha|25/100 par|[from] item: Sitrus Berry
|
|-weather|RainDance|[upkeep]
|upkeep
|turn|3
|
|t:|1785820369
|switch|p1a: Pelipper|Pelipper, L50, F, shiny|100/100
|move|p1b: Archaludon|Electro Shot||[still]
|-prepare|p1b: Archaludon|Electro Shot
|-boost|p1b: Archaludon|spa|1
|-anim|p1b: Archaludon|Electro Shot|p2a: Noelle
|-damage|p2a: Noelle|56/100
|move|p2b: The Drink|Matcha Gotcha|p1b: Archaludon|[spread] p1a,p1b
|-resisted|p1b: Archaludon|2
|-damage|p1a: Pelipper|57/100
|-damage|p1b: Archaludon|93/100
|-ability|p1b: Archaludon|Stamina|boost
|-boost|p1b: Archaludon|def|1
|move|p2a: Noelle|Hyper Voice|p1a: Pelipper|[spread] p1a,p1b
|-damage|p1a: Pelipper|0 fnt
|-damage|p1b: Archaludon|38/100
|-ability|p1b: Archaludon|Stamina|boost
|-boost|p1b: Archaludon|def|1
|faint|p1a: Pelipper
|
|-weather|RainDance|[upkeep]
|-heal|p1b: Archaludon|44/100|[from] item: Leftovers
|upkeep
|
|t:|1785820391
|switch|p1a: Sinistcha|Sinistcha-Masterpiece, L50|25/100 par
|-heal|p1b: Archaludon|69/100|[from] ability: Hospitality|[of] p1a: Sinistcha
|turn|4
|
|t:|1785820396
|move|p1b: Archaludon|Protect|p1b: Archaludon
|-singleturn|p1b: Archaludon|Protect
|move|p2b: The Drink|Rage Powder|p2b: The Drink
|-singleturn|p2b: The Drink|move: Rage Powder
|move|p2a: Noelle|Hyper Voice|p1a: Sinistcha|[spread] p1a
|-activate|p1b: Archaludon|move: Protect
|-damage|p1a: Sinistcha|0 fnt
|faint|p1a: Sinistcha
|
|-weather|RainDance|[upkeep]
|-heal|p1b: Archaludon|75/100|[from] item: Leftovers
|upkeep
|
|t:|1785820402
|switch|p1a: Basculegion|Basculegion, L50, M, shiny|100/100
|turn|5
|
|t:|1785820408
|move|p2b: The Drink|Rage Powder|p2b: The Drink
|-singleturn|p2b: The Drink|move: Rage Powder
|move|p1a: Basculegion|Last Respects|p2b: The Drink
|-supereffective|p2b: The Drink|1
|-damage|p2b: The Drink|0 fnt
|faint|p2b: The Drink
|move|p1b: Archaludon|Electro Shot||[still]
|-prepare|p1b: Archaludon|Electro Shot
|-boost|p1b: Archaludon|spa|1
|-anim|p1b: Archaludon|Electro Shot|p2a: Noelle
|-damage|p2a: Noelle|0 fnt
|faint|p2a: Noelle
|
|-weather|none
|-heal|p1b: Archaludon|81/100|[from] item: Leftovers
|upkeep
|
|t:|1785820421
|switch|p2b: Daichuu|Raichu-Mega-Y, L50, M, shiny|100/100
|switch|p2a: Igris|Corviknight, L50, F, shiny|100/100
|turn|6
|
|t:|1785820438
|move|p2b: Daichuu|Protect|p2b: Daichuu
|-singleturn|p2b: Daichuu|Protect
|move|p1a: Basculegion|Last Respects|p2a: Igris
|-damage|p2a: Igris|15/100
|move|p1b: Archaludon|Dragon Pulse|p2a: Igris
|-resisted|p2a: Igris|1
|-damage|p2a: Igris|0 fnt
|faint|p2a: Igris
|
|-heal|p1b: Archaludon|88/100|[from] item: Leftovers
|upkeep
|turn|7
|
|t:|1785820448
|move|p2b: Daichuu|Zap Cannon|p1a: Basculegion
|-supereffective|p1a: Basculegion|1
|-damage|p1a: Basculegion|0 fnt
|faint|p1a: Basculegion
|move|p1b: Archaludon|Dragon Pulse|p2b: Daichuu
|-damage|p2b: Daichuu|0 fnt
|faint|p2b: Daichuu
|
|win|waterspoutingogre
|raw|waterspoutingogre's rating: 1126 → 1150(+24 for winning)
|raw|daveington's rating: 1114 → 1090(-24 for losing)
|l|☆daveington
|player|p2|
|c|☆waterspoutingogre|Gg wp
