|j|☆13XH
|j|☆Pzdns99
|html|13XHPzdns99    
|uhtml|bestof|Game 1 of a best-of-3
|t:|1756760502
|gametype|doubles
|player|p1|13XH|n|1250
|player|p2|Pzdns99|grimsley|1195
|gen|9
|tier|[Gen 9] VGC 2025 Reg H (Bo3)
|rated|
|rule|Species Clause: Limit one of each Pokémon
|rule|Item Clause: Limit 1 of each item
|clearpoke
|poke|p1|Ursaluna, L50, M|
|poke|p1|Jumpluff, L50, M|
|poke|p1|Charizard, L50, M|
|poke|p1|Torkoal, L50, F|
|poke|p1|Incineroar, L50, M|
|poke|p1|Porygon2, L50|
|poke|p2|Lumineon, L50, M|
|poke|p2|Pelipper, L50, F|
|poke|p2|Archaludon, L50, M|
|poke|p2|Amoonguss, L50, F|
|poke|p2|Kingambit, L50, F|
|poke|p2|Weavile, L50, M|
|teampreview|4
|showteam|p1|Ursaluna||FlameOrb|Guts|HeadlongRush,Facade,Earthquake,Protect|||M|||50|,,,,,Ghost]Jumpluff||CovertCloak|Chlorophyll|SleepPowder,SunnyDay,Tailwind,RagePowder|||M|||50|,,,,,Water]Charizard||ChoiceSpecs|SolarPower|DragonPulse,HeatWave,Overheat,WeatherBall|||M|||50|,,,,,Ghost]Torkoal||EjectPack|Drought|ClearSmog,Eruption,Overheat,Protect|||F|||50|,,,,,Fire]Incineroar||SitrusBerry|Intimidate|FakeOut,FlareBlitz,KnockOff,PartingShot|||M|||50|,,,,,Ghost]Porygon2||Eviolite|Download|TeraBlast,IceBeam,Recover,TrickRoom||||||50|,,,,,Fighting
|showteam|p2|Lumineon||CovertCloak|SwiftSwim|FlipTurn,Tailwind,Encore,RainDance|||M|||50|,,,,,Grass]Pelipper||ChoiceSpecs|Drizzle|Hurricane,MuddyWater,WeatherBall,Uturn|||F|||50|,,,,,Ghost]Archaludon||AssaultVest|Stamina|ElectroShot,BodyPress,Snarl,DracoMeteor|||M|||50|,,,,,Grass]Amoonguss||SitrusBerry|Regenerator|PollenPuff,Protect,RagePowder,Spore|||F|||50|,,,,,Psychic]Kingambit||SafetyGoggles|Defiant|KowtowCleave,SuckerPunch,SwordsDance,Protect|||F|||50|,,,,,Ghost]Weavile||FocusSash|Pickpocket|Taunt,TripleAxel,KnockOff,Protect|||M|||50|,,,,,Ghost
|inactive|Battle timer is ON: inactive players will automatically lose when time's up. (requested by Pzdns99)
|inactive|13XH has 60 seconds left.
|inactive|13XH has 30 seconds left.
|inactive|13XH has 20 seconds left.
|inactive|13XH has 15 seconds left.
|inactive|13XH has 10 seconds left.
|
|t:|1756760610
|teamsize|p1|4
|teamsize|p2|4
|start
|switch|p1a: Jumpluff|Jumpluff, L50, M|100/100
|switch|p1b: Porygon2|Porygon2, L50|100/100
|switch|p2a: Weavile|Weavile, L50, M|100/100
|switch|p2b: Lumineon|Lumineon, L50, M|100/100
|-ability|p1b: Porygon2|Download|boost
|-boost|p1b: Porygon2|atk|1
|turn|1
|
|t:|1756760636
|switch|p1b: Torkoal|Torkoal, L50, F|100/100
|-weather|SunnyDay|[from] ability: Drought|[of] p1b: Torkoal
|move|p1a: Jumpluff|Sleep Powder|p2a: Weavile
|-status|p2a: Weavile|slp|[from] move: Sleep Powder
|cant|p2a: Weavile|slp
|move|p2b: Lumineon|Flip Turn|p1b: Torkoal
|-supereffective|p1b: Torkoal
|-damage|p1b: Torkoal|89/100
|
|t:|1756760641
|switch|p2b: Pelipper|Pelipper, L50, F|100/100|[from] Flip Turn
|-weather|RainDance|[from] ability: Drizzle|[of] p2b: Pelipper
|
|-weather|RainDance|[upkeep]
|upkeep
|turn|2
|
|t:|1756760666
|move|p1a: Jumpluff|Sunny Day|p1a: Jumpluff
|-weather|SunnyDay
|cant|p2a: Weavile|slp
|move|p2b: Pelipper|Weather Ball|p1a: Jumpluff
|-supereffective|p1a: Jumpluff
|-crit|p1a: Jumpluff
|-damage|p1a: Jumpluff|0 fnt
|faint|p1a: Jumpluff
|move|p1b: Torkoal|Overheat|p2a: Weavile
|-supereffective|p2a: Weavile
|-enditem|p2a: Weavile|Focus Sash
|-damage|p2a: Weavile|1/100 slp
|-unboost|p1b: Torkoal|spa|2
|-enditem|p1b: Torkoal|Eject Pack
|
|t:|1756760677
|switch|p1b: Charizard|Charizard, L50, M|100/100
|
|-weather|SunnyDay|[upkeep]
|-damage|p1b: Charizard|88/100|[from] ability: Solar Power|[of] p1b: Charizard
|upkeep
|
|t:|1756760680
|switch|p1a: Porygon2|Porygon2, L50|100/100
|-ability|p1a: Porygon2|Download|boost
|-boost|p1a: Porygon2|spa|1
|turn|3
|
|t:|1756760700
|-curestatus|p2a: Weavile|slp|[msg]
|move|p2a: Weavile|Knock Off|p1b: Charizard
|-damage|p1b: Charizard|17/100
|-enditem|p1b: Charizard|Choice Specs|[from] move: Knock Off|[of] p2a: Weavile
|move|p1b: Charizard|Heat Wave|p2a: Weavile|[spread] p2a,p2b
|-supereffective|p2a: Weavile
|-resisted|p2b: Pelipper
|-damage|p2a: Weavile|0 fnt
|-damage|p2b: Pelipper|33/100
|faint|p2a: Weavile
|move|p2b: Pelipper|Weather Ball|p1a: Porygon2
|-damage|p1a: Porygon2|60/100
|move|p1a: Porygon2|Tera Blast|p2b: Pelipper
|-damage|p2b: Pelipper|0 fnt
|faint|p2b: Pelipper
|
|-weather|SunnyDay|[upkeep]
|-damage|p1b: Charizard|5/100|[from] ability: Solar Power|[of] p1b: Charizard
|upkeep
|
|t:|1756760707
|switch|p2a: Lumineon|Lumineon, L50, M|100/100
|switch|p2b: Kingambit|Kingambit, L50, F|100/100
|turn|4
|inactive|13XH has 30 seconds left.
|inactive|13XH has 20 seconds left.
|
|t:|1756760744
|-terastallize|p2b: Kingambit|Ghost
|-terastallize|p1a: Porygon2|Fighting
|move|p2b: Kingambit|Sucker Punch|p1b: Charizard
|-damage|p1b: Charizard|0 fnt
|faint|p1b: Charizard
|move|p2a: Lumineon|Encore|p1a: Porygon2
|-start|p1a: Porygon2|Encore
|move|p1a: Porygon2|Tera Blast|p2a: Lumineon|[anim] Tera Blast Fighting
|-damage|p2a: Lumineon|44/100
|
|-weather|SunnyDay|[upkeep]
|upkeep
|
|t:|1756760754
|switch|p1b: Torkoal|Torkoal, L50, F|89/100
|turn|5
|
|t:|1756760769
|move|p2a: Lumineon|Rain Dance|p2a: Lumineon
|-weather|RainDance
|move|p2b: Kingambit|Kowtow Cleave|p1b: Torkoal
|-damage|p1b: Torkoal|54/100
|move|p1a: Porygon2|Tera Blast|p2a: Lumineon|[anim] Tera Blast Fighting
|-damage|p2a: Lumineon|0 fnt
|faint|p2a: Lumineon
|move|p1b: Torkoal|Overheat|p2b: Kingambit
|-damage|p2b: Kingambit|76/100
|-unboost|p1b: Torkoal|spa|2
|
|-weather|RainDance|[upkeep]
|upkeep
|turn|6
|
|t:|1756760791
|move|p2b: Kingambit|Swords Dance|p2b: Kingambit
|-boost|p2b: Kingambit|atk|2
|move|p1a: Porygon2|Tera Blast|p2b: Kingambit|[anim] Tera Blast Fighting
|-immune|p2b: Kingambit
|move|p1b: Torkoal|Overheat|p2b: Kingambit
|-damage|p2b: Kingambit|62/100
|-unboost|p1b: Torkoal|spa|2
|
|-weather|RainDance|[upkeep]
|-end|p1a: Porygon2|Encore
|upkeep
|turn|7
|
|t:|1756760812
|move|p2b: Kingambit|Kowtow Cleave|p1a: Porygon2
|-resisted|p1a: Porygon2
|-damage|p1a: Porygon2|33/100
|move|p1a: Porygon2|Ice Beam|p2b: Kingambit
|-damage|p2b: Kingambit|23/100
|move|p1b: Torkoal|Clear Smog|p2b: Kingambit
|-resisted|p2b: Kingambit
|-damage|p2b: Kingambit|21/100
|-clearboost|p2b: Kingambit
|
|-weather|RainDance|[upkeep]
|upkeep
|turn|8
|
|t:|1756760825
|move|p2b: Kingambit|Kowtow Cleave|p1a: Porygon2
|-resisted|p1a: Porygon2
|-damage|p1a: Porygon2|19/100
|move|p1a: Porygon2|Ice Beam|p2b: Kingambit
|-damage|p2b: Kingambit|0 fnt
|faint|p2b: Kingambit
|
|win|13XH
||Pzdns99 is ready for game 2.
|inactive|13XH has 30 seconds to confirm battle start!
||13XH is ready for game 2.
|uhtml|next|Next: Game 2 of 3
|j| uglybeast
|l|☆13XH
|player|p1|
