|j|☆Diriana
|j|☆justPiplup
|html|DirianajustPiplup    
|uhtml|bestof|Game 1 of a best-of-3
|t:|1786013211
|gametype|doubles
|player|p1|Diriana|miku-flying|
|player|p2|justPiplup|misty|
|gen|9
|tier|[Gen 9 Champions] VGC 2026 Reg M-B (Bo3)
|rule|Species Clause: Limit one of each Pokémon
|rule|Item Clause: Limit 1 of each item
|clearpoke
|poke|p1|Emboar, L50, M, shiny|
|poke|p1|Kleavor, L50, M|
|poke|p1|Tinkaton, L50, F|
|poke|p1|Sableye, L50, M|
|poke|p1|Slowbro, L50, M|
|poke|p1|Zoroark, L50, M|
|poke|p2|Heliolisk, L50, M, shiny|
|poke|p2|Zoroark, L50, M|
|poke|p2|Runerigus, L50, M, shiny|
|poke|p2|Garbodor, L50, F|
|poke|p2|Simisear, L50, M|
|poke|p2|Slowbro, L50, M|
|teampreview|4
|showteam|p1|Emboar||Emboarite|Blaze|DrainPunch,FirePunch,BulkUp,Protect|Adamant||M|||50|]Kleavor||FocusSash|Sharpness|StoneAxe,BrickBreak,Tailwind,Protect|Jolly||M|||50|]Tinkaton||Leftovers|OwnTempo|GigatonHammer,FakeOut,Encore,Protect|Careful||F|||50|]Sableye||LightClay|Prankster|Quash,Reflect,LightScreen,Encore|Bold||M|||50|]Slowbro||Slowbronite|Oblivious|Scald,Psychic,SlackOff,Protect|Relaxed||M|||50|]Zoroark||LifeOrb|Illusion|DarkPulse,Flamethrower,Psychic,Protect|Timid||M|||50|
|showteam|p2|Heliolisk||Magnet|DrySkin|Thunderbolt,GrassKnot,Protect,Electrify|Timid||M|||50|]Zoroark||FocusSash|Illusion|NastyPlot,NightDaze,Flamethrower,HyperVoice|Timid||M|||50|]Runerigus||Leftovers|WanderingSpirit|BodyPress,IronDefense,Amnesia,TrickRoom|Impish||M|||50|]Garbodor||ChoiceScarf|Stench|Explosion,StompingTantrum,PoisonJab,SeedBomb|Adamant||F|||50|]Simisear||MuscleBand|Blaze|FakeOut,RockSlide,FlareBlitz,Protect|Jolly||M|||50|]Slowbro||Slowbronite|Oblivious|BodyPress,IronDefense,Scald,SlackOff|Relaxed||M|||50|
|
|t:|1786013324
|teamsize|p1|4
|teamsize|p2|4
|start
|switch|p1a: Gem Hunt|Sableye, L50, M|100/100
|switch|p1b: Fossil|Kleavor, L50, M|100/100
|switch|p2a: sunburn|Heliolisk, L50, M, shiny|100/100
|switch|p2b: spoooky|Runerigus, L50, M, shiny|100/100
|turn|1
|
|t:|1786013369
|move|p1a: Gem Hunt|Light Screen|p1a: Gem Hunt
|-sidestart|p1: Diriana|move: Light Screen
|move|p2a: sunburn|Thunderbolt|p1a: Gem Hunt
|-damage|p1a: Gem Hunt|59/100
|move|p2b: spoooky|Night Daze|p1a: Gem Hunt
|-damage|p1a: Gem Hunt|10/100
|-unboost|p1a: Gem Hunt|accuracy|1
|move|p1b: Fossil|Dark Pulse|p2b: spoooky
|-resisted|p2b: spoooky|1
|-damage|p2b: spoooky|50/100g
|replace|p2b: Loki|Zoroark, L50, M
|-end|p2b: Loki|Illusion
|-damage|p1b: Fossil|90/100|[from] item: Life Orb
|
|upkeep
|turn|2
|
|t:|1786013427
|move|p1a: Gem Hunt|Quash|p2a: sunburn
|-activate|p2a: sunburn|move: Quash
|move|p2b: Loki|Flamethrower|p1a: Gem Hunt
|-damage|p1a: Gem Hunt|0 fnt
|faint|p1a: Gem Hunt
|move|p1b: Fossil|Flamethrower|p2a: sunburn
|-damage|p2a: sunburn|41/100
|-damage|p1b: Fossil|81/100|[from] item: Life Orb
|move|p2a: sunburn|Thunderbolt|p1b: Fossil
|-damage|p1b: Fossil|26/100
|replace|p1b: Joker|Zoroark, L50, M
|-end|p1b: Joker|Illusion
|
|upkeep
|
|t:|1786013439
|switch|p1a: Fossil|Kleavor, L50, M|100/100
|turn|3
|
|t:|1786013490
|move|p2a: sunburn|Protect|p2a: sunburn
|-singleturn|p2a: sunburn|Protect
|move|p1b: Joker|Flamethrower|p2a: sunburn
|-activate|p2a: sunburn|move: Protect
|move|p2b: Loki|Hyper Voice|p1a: Fossil|[spread] p1a,p1b
|-resisted|p1a: Fossil|1
|-damage|p1a: Fossil|87/100
|-damage|p1b: Joker|0 fnt
|faint|p1b: Joker
|move|p1a: Fossil|Tailwind|p1a: Fossil
|-sidestart|p1: Diriana|move: Tailwind
|
|upkeep
|
|t:|1786013500
|switch|p1b: Pork Chop|Emboar, L50, M, shiny|100/100
|turn|4
|
|t:|1786013532
|switch|p2a: brotha|Slowbro, L50, M|100/100
|switch|p2b: spoooky|Runerigus, L50, M, shiny|100/100
|detailschange|p1b: Pork Chop|Emboar-Mega, L50, M, shiny
|-mega|p1b: Pork Chop|Emboar|Emboarite
|-ability|p1b: Pork Chop|Mold Breaker
|move|p1a: Fossil|Stone Axe|p2a: brotha
|-damage|p2a: brotha|58/100
|-sidestart|p2: justPiplup|move: Stealth Rock
|move|p1b: Pork Chop|Bulk Up|p1b: Pork Chop
|-boost|p1b: Pork Chop|atk|1
|-boost|p1b: Pork Chop|def|1
|
|upkeep
|turn|5
|
|t:|1786013567
|detailschange|p2a: brotha|Slowbro-Mega, L50, M
|-mega|p2a: brotha|Slowbro|Slowbronite
|move|p1a: Fossil|Stone Axe|p2a: brotha
|-damage|p2a: brotha|35/100
|move|p1b: Pork Chop|Fire Punch|p2a: brotha
|-resisted|p2a: brotha|1
|-damage|p2a: brotha|21/100
|move|p2a: brotha|Slack Off|p2a: brotha
|-heal|p2a: brotha|71/100
|move|p2b: spoooky|Trick Room|p2b: spoooky
|-fieldstart|move: Trick Room|[of] p2b: spoooky
|
|upkeep
|turn|6
|-message|Diriana forfeited.
|
|win|justPiplup
