|j|☆IngeVGC
|j|☆buf47RIPMegaFlygon
|html|IngeVGCbuf47RIPMegaFlygon    
|uhtml|bestof|Game 3 of a best-of-3
|t:|1756419161
|gametype|doubles
|player|p1|IngeVGC|fisherman-gen4|1426
|player|p2|buf47RIPMegaFlygon|265|1360
|gen|9
|tier|[Gen 9] VGC 2025 Reg H (Bo3)
|rated|
|rule|Species Clause: Limit one of each Pokémon
|rule|Item Clause: Limit 1 of each item
|clearpoke
|poke|p1|Kingambit, L50, F|
|poke|p1|Rillaboom, L50, M|
|poke|p1|Electabuzz, L50, M|
|poke|p1|Volcarona, L50, F|
|poke|p1|Sneasler, L50, F|
|poke|p1|Dragonite, L50, F|
|poke|p2|Dondozo, L50, M|
|poke|p2|Tatsugiri, L50, F|
|poke|p2|Dragonite, L50, M|
|poke|p2|Annihilape, L50, F|
|poke|p2|Zoroark-Hisui, L50, M|
|poke|p2|Volcarona, L50, M|
|teampreview|4
|showteam|p1|Kingambit||BlackGlasses|Defiant|Protect,KowtowCleave,SuckerPunch,SwordsDance|||F|||50|,,,,,Dark]Rillaboom||AssaultVest|GrassySurge|WoodHammer,GrassyGlide,HighHorsepower,FakeOut|||M|||50|,,,,,Fire]Electabuzz||Eviolite|VitalSpirit|Protect,Thunderbolt,HelpingHand,FollowMe|||M|||50|,,,,,Ghost]Volcarona||CovertCloak|FlameBody|Protect,HeatWave,TeraBlast,QuiverDance|||F|||50|,,,,,Fairy]Sneasler||FocusSash|Unburden|CloseCombat,DireClaw,Coaching,FakeOut|||F|||50|,,,,,Stellar]Dragonite||LoadedDice|Multiscale|ScaleShot,Haze,ExtremeSpeed,Protect|||F|||50|,,,,,Fairy
|showteam|p2|Dondozo||Leftovers|Unaware|WaveCrash,Earthquake,OrderUp,Protect|||M|||50|,,,,,Grass]Tatsugiri||ChoiceScarf|Commander|DracoMeteor,MuddyWater,IcyWind,HelpingHand|||F|||50|,,,,,Steel]Dragonite||LoadedDice|Multiscale|ScaleShot,IronHead,Haze,Protect|||M|||50|,,,,,Fairy]Annihilape||SafetyGoggles|Defiant|CloseCombat,RageFist,Taunt,Protect|||F|||50|,,,,,Fire]Zoroark-Hisui||ChoiceSpecs|Illusion|HyperVoice,ShadowBall,Flamethrower,Trick|||M|||50|,,,,,Normal]Volcarona||SitrusBerry|FlameBody|HeatWave,StruggleBug,RagePowder,Tailwind|||M|||50|,,,,,Fairy
|
|t:|1756419173
|teamsize|p1|4
|teamsize|p2|4
|start
|switch|p1a: Nobunaga|Kingambit, L50, F, shiny|100/100
|switch|p1b: Snarf|Electabuzz, L50, M|100/100
|switch|p2a: Annihilape|Annihilape, L50, F, shiny|100/100
|switch|p2b: Volcarona|Volcarona, L50, M, shiny|100/100
|turn|1
|inactive|Battle timer is ON: inactive players will automatically lose when time's up. (requested by buf47RIPMegaFlygon)
|
|t:|1756419261
|-terastallize|p1a: Nobunaga|Dark
|move|p1b: Snarf|Helping Hand|p1a: Nobunaga
|-singleturn|p1a: Nobunaga|Helping Hand|[of] p1b: Snarf
|move|p2b: Volcarona|Rage Powder|p2b: Volcarona
|-singleturn|p2b: Volcarona|move: Rage Powder
|move|p2a: Annihilape|Hyper Voice|p1b: Snarf|[spread] p1a,p1b
|-damage|p1a: Nobunaga|51/100
|-damage|p1b: Snarf|59/100
|move|p1a: Nobunaga|Kowtow Cleave|p2b: Volcarona
|-damage|p2b: Volcarona|0 fnt
|faint|p2b: Volcarona
|
|upkeep
|
|t:|1756419272
|switch|p2b: Annihilape|Annihilape, L50, F, shiny|100/100
|turn|2
|
|t:|1756419282
|move|p1b: Snarf|Protect|p1b: Snarf
|-singleturn|p1b: Snarf|Protect
|move|p1a: Nobunaga|Protect|p1a: Nobunaga
|-singleturn|p1a: Nobunaga|Protect
|move|p2a: Annihilape|Hyper Voice|p1a: Nobunaga|[spread] 
|-activate|p1a: Nobunaga|move: Protect
|-activate|p1b: Snarf|move: Protect
|move|p2b: Annihilape|Close Combat|p1a: Nobunaga
|-activate|p1a: Nobunaga|move: Protect
|
|upkeep
|turn|3
|inactive|IngeVGC has 30 seconds left.
|inactive|IngeVGC has 20 seconds left.
|
|t:|1756419321
|-terastallize|p2a: Annihilape|Normal
|move|p1b: Snarf|Helping Hand|p1a: Nobunaga
|-singleturn|p1a: Nobunaga|Helping Hand|[of] p1b: Snarf
|move|p1a: Nobunaga|Sucker Punch|p2a: Annihilape
|-damage|p2a: Annihilape|0 fnt
|replace|p2a: Surprise!|Zoroark-Hisui, L50, M, shiny
|-end|p2a: Surprise!|Illusion
|faint|p2a: Surprise!
|move|p2b: Annihilape|Close Combat|p1a: Nobunaga
|-supereffective|p1a: Nobunaga
|-damage|p1a: Nobunaga|0 fnt
|-unboost|p2b: Annihilape|def|1
|-unboost|p2b: Annihilape|spd|1
|faint|p1a: Nobunaga
|
|upkeep
|
|t:|1756419328
|switch|p2a: Dragonite|Dragonite, L50, M, shiny|100/100
|switch|p1a: Cassie|Dragonite, L50, F|100/100
|turn|4
|inactive|IngeVGC has 30 seconds left.
|
|t:|1756419355
|move|p1b: Snarf|Follow Me|p1b: Snarf
|-singleturn|p1b: Snarf|move: Follow Me
|move|p2b: Annihilape|Taunt|p1b: Snarf
|-start|p1b: Snarf|move: Taunt
|move|p1a: Cassie|Scale Shot|p2b: Annihilape
|-damage|p2b: Annihilape|77/100
|-damage|p2b: Annihilape|53/100
|-damage|p2b: Annihilape|31/100
|-damage|p2b: Annihilape|10/100
|-damage|p2b: Annihilape|0 fnt
|faint|p2b: Annihilape
|-hitcount|p2: Annihilape|5
|-unboost|p1a: Cassie|def|1
|-boost|p1a: Cassie|spe|1
|move|p2a: Dragonite|Scale Shot|p1b: Snarf|[miss]
|-miss|p2a: Dragonite|p1b: Snarf
|
|upkeep
|turn|5
|
|t:|1756419369
|move|p1a: Cassie|Scale Shot|p2a: Dragonite
|-supereffective|p2a: Dragonite
|-damage|p2a: Dragonite|85/100
|-supereffective|p2a: Dragonite
|-damage|p2a: Dragonite|54/100
|-supereffective|p2a: Dragonite
|-damage|p2a: Dragonite|24/100
|-supereffective|p2a: Dragonite
|-damage|p2a: Dragonite|0 fnt
|faint|p2a: Dragonite
|-hitcount|p2: Dragonite|4
|
|win|IngeVGC
|raw|IngeVGC's rating: 1426 → 1442(+16 for winning)
|raw|buf47RIPMegaFlygon's rating: 1360 → 1344(-16 for losing)
|c|☆buf47RIPMegaFlygon|reaally
|l|☆buf47RIPMegaFlygon
|player|p2|
|j| buf0722shito
