|j|☆Alecat
|j|‽Moitamo
|html|AlecatMoitamo    
|uhtml|bestof|Game 1 of a best-of-3
|t:|1756362190
|gametype|doubles
|player|p1|Alecat|scientistf|1000
|player|p2|Moitamo|flint|1041
|gen|9
|tier|[Gen 9] VGC 2025 Reg H (Bo3)
|rated|
|rule|Species Clause: Limit one of each Pokémon
|rule|Item Clause: Limit 1 of each item
|clearpoke
|poke|p1|Pawmot, L50, F|
|poke|p1|Gyarados, L50, M|
|poke|p1|Volcarona, L50, M|
|poke|p1|Murkrow, L50, M|
|poke|p1|Incineroar, L50, F|
|poke|p1|Archaludon, L50, M|
|poke|p2|Salamence, L50, F|
|poke|p2|Metagross, L50|
|poke|p2|Politoed, L50, F|
|poke|p2|Gothitelle, L50, M|
|poke|p2|Amoonguss, L50, M|
|poke|p2|Annihilape, L50, F|
|teampreview|4
|showteam|p1|Pawmot||FocusSash|VoltAbsorb|DoubleShock,Coaching,CloseCombat,Protect|||F|||50|,,,,,Electric]Gyarados||ClearAmulet|Moxie|Waterfall,DragonDance,Earthquake,Protect|||M|||50|,,,,,Ground]Volcarona||SitrusBerry|FlameBody|Overheat,StruggleBug,RagePowder,Tailwind|||M|||50|,,,,,Grass]Murkrow||Eviolite|Prankster|FoulPlay,RainDance,Tailwind,SunnyDay|||M|||50|,,,,,Dark]Incineroar||AssaultVest|Intimidate|FlareBlitz,FakeOut,Taunt,KnockOff|||F|||50|,,,,,Ghost]Archaludon||PowerHerb|Stalwart|DragonTail,FlashCannon,ElectroShot,Protect|||M|||50|,,,,,Grass
|showteam|p2|Salamence||CovertCloak|Intimidate|Protect,Bulldoze,Tailwind,Hurricane|||F|||50|,,,,,Steel]Metagross||WeaknessPolicy|ClearBody|Earthquake,BulletPunch,PsychicFangs,Protect||||||50|,,,,,Grass]Politoed||SafetyGoggles|Drizzle|Encore,PerishSong,WeatherBall,Protect|||F|||50|,,,,,Grass]Gothitelle||SitrusBerry|ShadowTag|Psychic,Protect,TrickRoom,FakeOut|||M|||50|,,,,,Dark]Amoonguss||EjectButton|Regenerator|RagePowder,Protect,PollenPuff,Spore|||M|||50|,,,,,Water]Annihilape||ChoiceScarf|Defiant|CloseCombat,FinalGambit,Uturn,PhantomForce|||F|||50|,,,,,Grass
|inactive|Battle timer is ON: inactive players will automatically lose when time's up. (requested by Moitamo)
|inactive|Alecat also wants the timer to be on.
|inactive|Alecat has 60 seconds left.
|
|t:|1756362237
|teamsize|p1|4
|teamsize|p2|4
|start
|switch|p1a: Incineroar|Incineroar, L50, F|100/100
|switch|p1b: Murkrow|Murkrow, L50, M|100/100
|switch|p2a: Annihilape|Annihilape, L50, F|100/100
|switch|p2b: Gothitelle|Gothitelle, L50, M|100/100
|-ability|p1a: Incineroar|Intimidate|boost
|-unboost|p2a: Annihilape|atk|1
|-ability|p2a: Annihilape|Defiant|boost
|-boost|p2a: Annihilape|atk|2
|-unboost|p2b: Gothitelle|atk|1
|turn|1
|
|t:|1756362254
|move|p1a: Incineroar|Fake Out|p2b: Gothitelle
|-damage|p2b: Gothitelle|89/100
|move|p2a: Annihilape|U-turn|p1b: Murkrow
|-damage|p1b: Murkrow|64/100
|
|t:|1756362259
|switch|p2a: Politoed|Politoed, L50, F|100/100|[from] U-turn
|-weather|RainDance|[from] ability: Drizzle|[of] p2a: Politoed
|move|p1b: Murkrow|Foul Play|p2a: Politoed
|-damage|p2a: Politoed|77/100
|cant|p2b: Gothitelle|flinch
|
|-weather|RainDance|[upkeep]
|upkeep
|turn|2
|
|t:|1756362277
|move|p1b: Murkrow|Tailwind|p1b: Murkrow
|-sidestart|p1: Alecat|move: Tailwind
|move|p1a: Incineroar|Knock Off|p2a: Politoed
|-damage|p2a: Politoed|31/100
|-enditem|p2a: Politoed|Safety Goggles|[from] move: Knock Off|[of] p1a: Incineroar
|move|p2a: Politoed|Perish Song|p2a: Politoed
|-start|p1a: Incineroar|perish3|[silent]
|-start|p1b: Murkrow|perish3|[silent]
|-start|p2a: Politoed|perish3|[silent]
|-start|p2b: Gothitelle|perish3|[silent]
|-fieldactivate|move: Perish Song
|move|p2b: Gothitelle|Trick Room|p2b: Gothitelle
|-fieldstart|move: Trick Room|[of] p2b: Gothitelle
|
|-weather|RainDance|[upkeep]
|-start|p2b: Gothitelle|perish3
|-start|p2a: Politoed|perish3
|-start|p1b: Murkrow|perish3
|-start|p1a: Incineroar|perish3
|upkeep
|turn|3
|
|t:|1756362297
|-terastallize|p1a: Incineroar|Ghost
|move|p2b: Gothitelle|Protect|p2b: Gothitelle
|-singleturn|p2b: Gothitelle|Protect
|move|p1b: Murkrow|Sunny Day|p1b: Murkrow
|-weather|SunnyDay
|move|p2a: Politoed|Encore|p1b: Murkrow
|-start|p1b: Murkrow|Encore
|move|p1a: Incineroar|Knock Off|p2b: Gothitelle
|-activate|p2b: Gothitelle|move: Protect
|
|-weather|SunnyDay|[upkeep]
|-start|p2b: Gothitelle|perish2
|-start|p2a: Politoed|perish2
|-start|p1b: Murkrow|perish2
|-start|p1a: Incineroar|perish2
|upkeep
|turn|4
|
|t:|1756362313
|switch|p1a: Volcarona|Volcarona, L50, M|100/100
|move|p1b: Murkrow|Sunny Day||[still]
|-fail|p1b: Murkrow
|move|p2b: Gothitelle|Psychic|p1a: Volcarona
|-damage|p1a: Volcarona|72/100
|move|p2a: Politoed|Weather Ball|p1a: Volcarona
|-damage|p1a: Volcarona|41/100
|-enditem|p1a: Volcarona|Sitrus Berry|[eat]
|-heal|p1a: Volcarona|66/100|[from] item: Sitrus Berry
|
|-weather|SunnyDay|[upkeep]
|-start|p2b: Gothitelle|perish1
|-start|p2a: Politoed|perish1
|-start|p1b: Murkrow|perish1
|upkeep
|turn|5
|
|t:|1756362335
|switch|p2b: Amoonguss|Amoonguss, L50, M|100/100
|switch|p2a: Annihilape|Annihilape, L50, F|100/100
|move|p1b: Murkrow|Sunny Day||[still]
|-fail|p1b: Murkrow
|move|p1a: Volcarona|Overheat|p2b: Amoonguss
|-supereffective|p2b: Amoonguss
|-damage|p2b: Amoonguss|0 fnt
|-unboost|p1a: Volcarona|spa|2
|faint|p2b: Amoonguss
|
|-weather|SunnyDay|[upkeep]
|-start|p1b: Murkrow|perish0
|-sideend|p1: Alecat|move: Tailwind
|faint|p1b: Murkrow
|upkeep
|
|t:|1756362348
|switch|p2b: Gothitelle|Gothitelle, L50, M|89/100
|switch|p1b: Archaludon|Archaludon, L50, M|100/100
|turn|6
|inactive|Moitamo has 30 seconds left.
|
|t:|1756362378
|move|p1a: Volcarona|Rage Powder|p1a: Volcarona
|-singleturn|p1a: Volcarona|move: Rage Powder
|move|p2b: Gothitelle|Psychic|p1a: Volcarona
|-damage|p1a: Volcarona|38/100
|move|p1b: Archaludon|Electro Shot||[still]
|-prepare|p1b: Archaludon|Electro Shot
|-boost|p1b: Archaludon|spa|1
|-enditem|p1b: Archaludon|Power Herb
|-anim|p1b: Archaludon|Electro Shot|p2b: Gothitelle
|-damage|p2b: Gothitelle|39/100
|-enditem|p2b: Gothitelle|Sitrus Berry|[eat]
|-heal|p2b: Gothitelle|64/100|[from] item: Sitrus Berry
|move|p2a: Annihilape|Close Combat|p1a: Volcarona
|-resisted|p1a: Volcarona
|-damage|p1a: Volcarona|8/100
|-unboost|p2a: Annihilape|def|1
|-unboost|p2a: Annihilape|spd|1
|
|-weather|SunnyDay|[upkeep]
|-fieldend|move: Trick Room
|upkeep
|turn|7
|inactive|Alecat has 30 seconds left.
|
|t:|1756362406
|-terastallize|p2a: Annihilape|Grass
|move|p2b: Gothitelle|Protect|p2b: Gothitelle
|-singleturn|p2b: Gothitelle|Protect
|move|p1a: Volcarona|Rage Powder|p1a: Volcarona
|-singleturn|p1a: Volcarona|move: Rage Powder
|move|p2a: Annihilape|Close Combat|p1b: Archaludon
|-supereffective|p1b: Archaludon
|-damage|p1b: Archaludon|27/100
|-unboost|p2a: Annihilape|def|1
|-unboost|p2a: Annihilape|spd|1
|move|p1b: Archaludon|Dragon Tail|p2b: Gothitelle
|-activate|p2b: Gothitelle|move: Protect
|
|-weather|none
|upkeep
|turn|8
|
|t:|1756362417
|switch|p2b: Politoed|Politoed, L50, F|31/100
|-weather|RainDance|[from] ability: Drizzle|[of] p2b: Politoed
|move|p1b: Archaludon|Protect|p1b: Archaludon
|-singleturn|p1b: Archaludon|Protect
|move|p2a: Annihilape|Close Combat|p1b: Archaludon
|-activate|p1b: Archaludon|move: Protect
|move|p1a: Volcarona|Overheat|p2a: Annihilape
|-supereffective|p2a: Annihilape
|-damage|p2a: Annihilape|44/100
|-unboost|p1a: Volcarona|spa|2
|
|-weather|RainDance|[upkeep]
|upkeep
|turn|9
|
|t:|1756362437
|move|p1b: Archaludon|Protect||[still]
|-fail|p1b: Archaludon
|move|p2a: Annihilape|Close Combat|p1b: Archaludon
|-supereffective|p1b: Archaludon
|-damage|p1b: Archaludon|0 fnt
|-unboost|p2a: Annihilape|def|1
|-unboost|p2a: Annihilape|spd|1
|faint|p1b: Archaludon
|move|p1a: Volcarona|Tailwind|p1a: Volcarona
|-sidestart|p1: Alecat|move: Tailwind
|move|p2b: Politoed|Weather Ball|p1a: Volcarona
|-supereffective|p1a: Volcarona
|-damage|p1a: Volcarona|0 fnt
|faint|p1a: Volcarona
|
|-weather|RainDance|[upkeep]
|upkeep
|
|t:|1756362451
|switch|p1b: Incineroar|Incineroar, L50, F, tera:Ghost|100/100
|-ability|p1b: Incineroar|Intimidate|boost
|-unboost|p2a: Annihilape|atk|1
|-ability|p2a: Annihilape|Defiant|boost
|-boost|p2a: Annihilape|atk|2
|-unboost|p2b: Politoed|atk|1
|turn|10
|
|t:|1756362461
|switch|p2a: Gothitelle|Gothitelle, L50, M|64/100
|move|p1b: Incineroar|Knock Off|p2b: Politoed
|-damage|p2b: Politoed|0 fnt
|faint|p2b: Politoed
|
|-weather|RainDance|[upkeep]
|upkeep
|
|t:|1756362466
|switch|p2b: Annihilape|Annihilape, L50, F, tera:Grass|44/100
|turn|11
|
|t:|1756362471
|move|p2b: Annihilape|Phantom Force||[still]
|-prepare|p2b: Annihilape|Phantom Force
|move|p1b: Incineroar|Knock Off|p2b: Annihilape|[miss]
|-miss|p1b: Incineroar|p2b: Annihilape
|move|p2a: Gothitelle|Psychic|p1b: Incineroar
|-damage|p1b: Incineroar|80/100
|
|-weather|RainDance|[upkeep]
|upkeep
|turn|12
|inactive|Moitamo has 30 seconds left.
|
|t:|1756362503
|move|p2b: Annihilape|Phantom Force|p1b: Incineroar|[from] lockedmove
|-supereffective|p1b: Incineroar
|-damage|p1b: Incineroar|5/100
|move|p1b: Incineroar|Knock Off|p2a: Gothitelle
|-supereffective|p2a: Gothitelle
|-damage|p2a: Gothitelle|15/100
|move|p2a: Gothitelle|Psychic|p1b: Incineroar
|-damage|p1b: Incineroar|0 fnt
|faint|p1b: Incineroar
|
|win|Moitamo
|inactive|Alecat has 30 seconds to confirm battle start!
|inactive|Moitamo has 30 seconds to confirm battle start!
