|j|☆hugoggg
|j|☆Voital
|html|hugogggVoital    
|uhtml|bestof|Game 3 of a best-of-3
|t:|1785963246
|gametype|doubles
|player|p1|hugoggg|102|1155
|player|p2|Voital|102|1064
|gen|9
|tier|[Gen 9 Champions] VGC 2026 Reg M-B (Bo3)
|rated|
|rule|Species Clause: Limit one of each Pokémon
|rule|Item Clause: Limit 1 of each item
|clearpoke
|poke|p1|Froslass, L50, F|
|poke|p1|Dragonite, L50, F|
|poke|p1|Sneasler, L50, M|
|poke|p1|Arcanine-Hisui, L50, F|
|poke|p1|Gholdengo, L50|
|poke|p1|Kingambit, L50, M|
|poke|p2|Froslass, L50, F|
|poke|p2|Sneasler, L50, F|
|poke|p2|Rotom-Heat, L50|
|poke|p2|Kingambit, L50, M|
|poke|p2|Whimsicott, L50, M|
|poke|p2|Dragapult, L50, M|
|teampreview|4
|showteam|p1|Froslass||Froslassite|CursedBody|Blizzard,ShadowBall,AuroraVeil,Protect|Modest||F|||50|]Dragonite||DragonFang|Multiscale|ScaleShot,LowKick,Tailwind,Protect|Adamant||F|||50|]Sneasler||WhiteHerb|Unburden|CloseCombat,GunkShot,FakeOut,Protect|Adamant||M|||50|]Arcanine-Hisui||FocusSash|RockHead|HeadSmash,FlareBlitz,ExtremeSpeed,Protect|Adamant||F|||50|]Gholdengo||ChoiceScarf|GoodasGold|MakeItRain,ShadowBall,PowerGem,Trick|Modest|||||50|]Kingambit||LifeOrb|Defiant|KowtowCleave,SuckerPunch,SwordsDance,Protect|Adamant||M|||50|
|showteam|p2|Froslass||Froslassite|SnowCloak|AuroraVeil,Blizzard,Protect,ShadowBall|Timid||F|||50|]Sneasler||WhiteHerb|Unburden|CloseCombat,DireClaw,FakeOut,Protect|Adamant||F|||50|]Rotom-Heat||ChoiceScarf|Levitate|VoltSwitch,Thunderbolt,Overheat,Trick|Timid|||||50|]Kingambit||MetalCoat|Defiant|KowtowCleave,IronHead,SuckerPunch,Protect|Adamant||M|||50|]Whimsicott||FocusSash|Prankster|Tailwind,Encore,Moonblast,Taunt|Bold||M|||50|]Dragapult||LifeOrb|Infiltrator|DracoMeteor,ShadowBall,WillOWisp,Protect|Timid||M|||50|
|
|t:|1785963288
|teamsize|p1|4
|teamsize|p2|4
|start
|switch|p1a: Animal|Arcanine-Hisui, L50, F|100/100
|switch|p1b: Rollin girl|Dragonite, L50, F|100/100
|switch|p2a: Froslass|Froslass, L50, F|100/100
|switch|p2b: Rotom|Rotom-Heat, L50|100/100
|turn|1
|
|t:|1785963312
|switch|p1b: Flop era|Gholdengo, L50|100/100
|detailschange|p2a: Froslass|Froslass-Mega, L50, F
|-mega|p2a: Froslass|Froslass|Froslassite
|-weather|Snowscape|[from] ability: Snow Warning|[of] p2a: Froslass
|move|p2b: Rotom|Volt Switch|p1a: Animal
|-damage|p1a: Animal|61/100
|
|t:|1785963322
|switch|p2b: Dragapult|Dragapult, L50, M|100/100|[from] Volt Switch
|move|p2a: Froslass|Aurora Veil|p2a: Froslass
|-sidestart|p2: Voital|move: Aurora Veil
|move|p1a: Animal|Head Smash|p2a: Froslass
|-supereffective|p2a: Froslass|1
|-damage|p2a: Froslass|0 fnt
|faint|p2a: Froslass
|
|-weather|Snowscape|[upkeep]
|upkeep
|
|t:|1785963331
|switch|p2a: Rotom|Rotom-Heat, L50|100/100
|turn|2
|
|t:|1785963344
|move|p2a: Rotom|Overheat|p1b: Flop era
|-supereffective|p1b: Flop era|1
|-damage|p1b: Flop era|0 fnt
|-unboost|p2a: Rotom|spa|2
|faint|p1b: Flop era
|move|p2b: Dragapult|Shadow Ball|p1a: Animal
|-damage|p1a: Animal|18/100
|-damage|p2b: Dragapult|90/100|[from] item: Life Orb
|move|p1a: Animal|Head Smash|p2a: Rotom
|-supereffective|p2a: Rotom|1
|-damage|p2a: Rotom|0 fnt
|faint|p2a: Rotom
|
|-weather|Snowscape|[upkeep]
|upkeep
|
|t:|1785963356
|switch|p2a: Kingambit|Kingambit, L50, M|100/100
|switch|p1b: Rollin girl|Dragonite, L50, F|100/100
|turn|3
|
|t:|1785963365
|move|p2a: Kingambit|Sucker Punch|p1a: Animal
|-damage|p1a: Animal|0 fnt
|faint|p1a: Animal
|move|p2b: Dragapult|Draco Meteor|p1b: Rollin girl
|-supereffective|p1b: Rollin girl|1
|-damage|p1b: Rollin girl|31/100
|-unboost|p2b: Dragapult|spa|2
|-damage|p2b: Dragapult|80/100|[from] item: Life Orb
|move|p1b: Rollin girl|Tailwind|p1b: Rollin girl
|-sidestart|p1: hugoggg|move: Tailwind
|
|-weather|Snowscape|[upkeep]
|upkeep
|
|t:|1785963368
|switch|p1a: Ghost rule|Froslass, L50, F|100/100
|turn|4
|
|t:|1785963383
|detailschange|p1a: Ghost rule|Froslass-Mega, L50, F
|-mega|p1a: Ghost rule|Froslass|Froslassite
|move|p1b: Rollin girl|Protect|p1b: Rollin girl
|-singleturn|p1b: Rollin girl|Protect
|move|p2a: Kingambit|Sucker Punch||[still]
|-fail|p2a: Kingambit
|move|p1a: Ghost rule|Aurora Veil|p1a: Ghost rule
|-sidestart|p1: hugoggg|move: Aurora Veil
|move|p2b: Dragapult|Shadow Ball|p1a: Ghost rule
|-supereffective|p1a: Ghost rule|1
|-damage|p1a: Ghost rule|63/100
|-damage|p2b: Dragapult|70/100|[from] item: Life Orb
|
|-weather|Snowscape|[upkeep]
|upkeep
|turn|5
|
|t:|1785963411
|move|p2a: Kingambit|Sucker Punch|p1a: Ghost rule
|-supereffective|p1a: Ghost rule|1
|-damage|p1a: Ghost rule|13/100
|move|p1a: Ghost rule|Blizzard|p2a: Kingambit|[spread] p2a,p2b
|-resisted|p2a: Kingambit|1
|-supereffective|p2b: Dragapult|1
|-damage|p2a: Kingambit|84/100
|-damage|p2b: Dragapult|5/100
|move|p1b: Rollin girl|Low Kick|p2a: Kingambit
|-supereffective|p2a: Kingambit|2
|-damage|p2a: Kingambit|13/100
|move|p2b: Dragapult|Draco Meteor|p1b: Rollin girl
|-supereffective|p1b: Rollin girl|1
|-damage|p1b: Rollin girl|0 fnt
|-unboost|p2b: Dragapult|spa|2
|faint|p1b: Rollin girl
|-damage|p2b: Dragapult|0 fnt|[from] item: Life Orb
|faint|p2b: Dragapult
|
|-weather|none
|-sideend|p2: Voital|move: Aurora Veil
|upkeep
|turn|6
|
|t:|1785963430
|move|p1a: Ghost rule|Protect|p1a: Ghost rule
|-singleturn|p1a: Ghost rule|Protect
|move|p2a: Kingambit|Sucker Punch||[still]
|-fail|p2a: Kingambit
|
|-sideend|p1: hugoggg|move: Tailwind
|upkeep
|turn|7
|
|t:|1785963441
|move|p1a: Ghost rule|Protect||[still]
|-fail|p1a: Ghost rule
|move|p2a: Kingambit|Sucker Punch||[still]
|-fail|p2a: Kingambit
|
|upkeep
|turn|8
|
|t:|1785963448
|move|p1a: Ghost rule|Protect|p1a: Ghost rule
|-singleturn|p1a: Ghost rule|Protect
|move|p2a: Kingambit|Sucker Punch||[still]
|-fail|p2a: Kingambit
|
|-sideend|p1: hugoggg|move: Aurora Veil
|upkeep
|turn|9
|
|t:|1785963464
|move|p1a: Ghost rule|Protect|p1a: Ghost rule
|-singleturn|p1a: Ghost rule|Protect
|move|p2a: Kingambit|Kowtow Cleave|p1a: Ghost rule
|-activate|p1a: Ghost rule|move: Protect
|
|upkeep
|turn|10
|
|t:|1785963470
|move|p1a: Ghost rule|Protect||[still]
|-fail|p1a: Ghost rule
|move|p2a: Kingambit|Kowtow Cleave|p1a: Ghost rule
|-supereffective|p1a: Ghost rule|1
|-damage|p1a: Ghost rule|0 fnt
|faint|p1a: Ghost rule
|
|win|Voital
|raw|hugoggg's rating: 1155 → 1124(-31 for losing)
|raw|Voital's rating: 1064 → 1102(+38 for winning)
|l|☆Voital
|player|p2|
