|j|☆snocks
|j|☆Birchythesnakerat
|html|snocksBirchythesnakerat    
|uhtml|bestof|Game 1 of a best-of-3
|t:|1757248873
|gametype|doubles
|player|p1|snocks|102|1005
|player|p2|Birchythesnakerat|101|1065
|gen|9
|tier|[Gen 9] VGC 2025 Reg H (Bo3)
|rated|
|rule|Species Clause: Limit one of each Pokémon
|rule|Item Clause: Limit 1 of each item
|clearpoke
|poke|p1|Dragonite, L50, F|
|poke|p1|Incineroar, L50, M|
|poke|p1|Primarina, L50, M|
|poke|p1|Amoonguss, L50, M|
|poke|p1|Gothitelle, L50, M|
|poke|p1|Maushold-Four, L50|
|poke|p2|Ursaluna-Bloodmoon, L50, M|
|poke|p2|Kingambit, L50, F|
|poke|p2|Indeedee-F, L50, F|
|poke|p2|Annihilape, L50, M|
|poke|p2|Dondozo, L50, F|
|poke|p2|Tatsugiri, L50, M|
|teampreview|4
|showteam|p1|Dragonite||LoadedDice|Multiscale|DragonDance,Protect,ScaleShot,ExtremeSpeed|||F|||50|,,,,,Normal]Incineroar||SafetyGoggles|Intimidate|KnockOff,FakeOut,PartingShot,FlareBlitz|||M|||50|,,,,,Ghost]Primarina||LifeOrb|LiquidVoice|HyperVoice,Protect,Moonblast,PerishSong|||M|||50|,,,,,Grass]Amoonguss||SitrusBerry|Regenerator|SludgeBomb,Spore,Protect,RagePowder|||M|||50|,,,,,Water]Gothitelle||Leftovers|ShadowTag|TrickRoom,FakeOut,Psychic,Protect|||M|||50|,,,,,Dark]Maushold-Four||WideLens|Technician|PopulationBomb,Protect,FollowMe,HelpingHand||||||50|,,,,,Normal
|showteam|p2|Ursaluna-Bloodmoon||LifeOrb|MindsEye|EarthPower,HyperVoice,Protect,BloodMoon|||M|||50|,,,,,Normal]Kingambit||BlackGlasses|Defiant|SwordsDance,SuckerPunch,KowtowCleave,Protect|||F|||50|,,,,,Fairy]Indeedee-F||MentalHerb|PsychicSurge|HelpingHand,TrickRoom,FollowMe,Psychic|||F|||50|,,,,,Fairy]Annihilape||ChoiceScarf|Defiant|DrainPunch,RageFist,FinalGambit,CloseCombat|||M|||50|,,,,,Grass]Dondozo||ClearAmulet|Unaware|OrderUp,WaveCrash,Protect,Earthquake|||F|||50|,,,,,Grass]Tatsugiri||FocusSash|Commander|DracoMeteor,IcyWind,Taunt,Protect|||M|||50|,,,,,Dragon
|inactive|Battle timer is ON: inactive players will automatically lose when time's up. (requested by snocks)
|inactive|snocks has 60 seconds left.
|inactive|Birchythesnakerat has 60 seconds left.
|
|t:|1757248920
|teamsize|p1|4
|teamsize|p2|4
|start
|switch|p1a: Maushold|Maushold-Four, L50, shiny|100/100
|switch|p1b: Primarina|Primarina, L50, M|100/100
|switch|p2a: Annihilape|Annihilape, L50, M, shiny|100/100
|switch|p2b: Tatsugiri|Tatsugiri, L50, M, shiny|100/100
|turn|1
|inactive|Birchythesnakerat has 30 seconds left.
|inactive|Birchythesnakerat has 20 seconds left.
|inactive|Birchythesnakerat has 15 seconds left.
|inactive|Birchythesnakerat has 10 seconds left.
|
|t:|1757248965
|move|p1a: Maushold|Protect|p1a: Maushold
|-singleturn|p1a: Maushold|Protect
|move|p2a: Annihilape|Close Combat|p1a: Maushold
|-activate|p1a: Maushold|move: Protect
|move|p2b: Tatsugiri|Taunt|p1b: Primarina
|-start|p1b: Primarina|move: Taunt
|move|p1b: Primarina|Hyper Voice|p2a: Annihilape|[spread] p2a,p2b
|-resisted|p2b: Tatsugiri
|-damage|p2a: Annihilape|58/100
|-damage|p2b: Tatsugiri|86/100
|-damage|p1b: Primarina|91/100|[from] item: Life Orb
|
|upkeep
|turn|2
|
|t:|1757248990
|switch|p1a: Amoonguss|Amoonguss, L50, M, shiny|100/100
|move|p2b: Tatsugiri|Protect|p2b: Tatsugiri
|-singleturn|p2b: Tatsugiri|Protect
|move|p2a: Annihilape|Close Combat|p1a: Amoonguss
|-resisted|p1a: Amoonguss
|-damage|p1a: Amoonguss|76/100
|-unboost|p2a: Annihilape|def|1
|-unboost|p2a: Annihilape|spd|1
|move|p1b: Primarina|Moonblast|p2a: Annihilape
|-supereffective|p2a: Annihilape
|-damage|p2a: Annihilape|0 fnt
|faint|p2a: Annihilape
|-damage|p1b: Primarina|81/100|[from] item: Life Orb
|
|upkeep
|
|t:|1757249000
|switch|p2a: Kingambit|Kingambit, L50, F, shiny|100/100
|turn|3
|
|t:|1757249008
|move|p1a: Amoonguss|Rage Powder|p1a: Amoonguss
|-singleturn|p1a: Amoonguss|move: Rage Powder
|move|p2b: Tatsugiri|Taunt|p1a: Amoonguss
|-start|p1a: Amoonguss|move: Taunt
|move|p2a: Kingambit|Swords Dance|p2a: Kingambit
|-boost|p2a: Kingambit|atk|2
|move|p1b: Primarina|Moonblast|p2b: Tatsugiri
|-supereffective|p2b: Tatsugiri
|-damage|p2b: Tatsugiri|0 fnt
|faint|p2b: Tatsugiri
|-damage|p1b: Primarina|71/100|[from] item: Life Orb
|
|-end|p1b: Primarina|move: Taunt
|upkeep
|
|t:|1757249017
|switch|p2b: Dondozo|Dondozo, L50, F, shiny|100/100
|turn|4
|inactive|Birchythesnakerat has 30 seconds left.
|
|t:|1757249049
|switch|p1a: Gothitelle|Gothitelle, L50, M, shiny|100/100
|move|p1b: Primarina|Protect|p1b: Primarina
|-singleturn|p1b: Primarina|Protect
|move|p2b: Dondozo|Order Up|p1a: Gothitelle
|-damage|p1a: Gothitelle|82/100
|move|p2a: Kingambit|Swords Dance|p2a: Kingambit
|-boost|p2a: Kingambit|atk|2
|
|-heal|p1a: Gothitelle|89/100|[from] item: Leftovers
|upkeep
|turn|5
|
|t:|1757249071
|move|p1a: Gothitelle|Fake Out|p2a: Kingambit
|-resisted|p2a: Kingambit
|-damage|p2a: Kingambit|98/100
|move|p2b: Dondozo|Wave Crash|p1a: Gothitelle
|-damage|p1a: Gothitelle|46/100
|-damage|p2b: Dondozo|89/100|[from] Recoil
|cant|p2a: Kingambit|flinch
|move|p1b: Primarina|Perish Song|p1b: Primarina
|-start|p1a: Gothitelle|perish3|[silent]
|-start|p1b: Primarina|perish3|[silent]
|-start|p2a: Kingambit|perish3|[silent]
|-start|p2b: Dondozo|perish3|[silent]
|-fieldactivate|move: Perish Song
|
|-heal|p1a: Gothitelle|52/100|[from] item: Leftovers
|-start|p2b: Dondozo|perish3
|-start|p2a: Kingambit|perish3
|-start|p1a: Gothitelle|perish3
|-start|p1b: Primarina|perish3
|upkeep
|turn|6
|-message|Birchythesnakerat forfeited.
|
|win|snocks
|l|☆Birchythesnakerat
|player|p2|
||Birchythesnakerat is ready for game 2.
||snocks is ready for game 2.
|uhtml|next|Next: Game 2 of 3
|l|☆snocks
|player|p1|
|j|☆snocks
|player|p1|snocks|102|
