|j|☆waqaskakhelkhtm
|j|☆ShadowGhost4488
|html|waqaskakhelkhtmShadowGhost4488    
|uhtml|bestof|Game 1 of a best-of-3
|t:|1784292924
|gametype|doubles
|player|p1|waqaskakhelkhtm|266|1087
|player|p2|ShadowGhost4488|unknownf|1037
|gen|9
|tier|[Gen 9 Champions] VGC 2026 Reg M-B (Bo3)
|rated|
|rule|Species Clause: Limit one of each Pokémon
|rule|Item Clause: Limit 1 of each item
|clearpoke
|poke|p1|Ceruledge, L50, F|
|poke|p1|Whimsicott, L50, F|
|poke|p1|Metagross, L50|
|poke|p1|Garchomp, L50, F|
|poke|p1|Farigiraf, L50, F|
|poke|p1|Staraptor, L50, F|
|poke|p2|Tyranitar, L50, M, shiny|
|poke|p2|Staraptor, L50, F, shiny|
|poke|p2|Excadrill, L50, M, shiny|
|poke|p2|Sinistcha, L50, shiny|
|poke|p2|Gholdengo, L50, shiny|
|poke|p2|Milotic, L50, F, shiny|
|teampreview|4
|showteam|p1|Ceruledge||ColburBerry|FlashFire|BitterBlade,BulkUp,ShadowSneak,Protect|Adamant||F|||50|]Whimsicott||FocusSash|Prankster|Moonblast,Tailwind,Charm,Encore|Timid||F|||50|]Metagross||Metagrossite|ClearBody|Protect,IronHead,PsychicFangs,StompingTantrum|Adamant|||||50|]Garchomp||LifeOrb|RoughSkin|StompingTantrum,RockSlide,Protect,DragonClaw|Jolly||F|||50|]Farigiraf||SitrusBerry|ArmorTail|HelpingHand,TrickRoom,Psychic,Thunderbolt|Calm||F|||50|]Staraptor||Staraptite|Intimidate|CloseCombat,Protect,BraveBird,Roost|Jolly||F|||50|
|showteam|p2|Tyranitar||Tyranitarite|SandStream|KnockOff,RockSlide,Protect,HighHorsepower|Jolly||M|||50|]Staraptor||Staraptite|Intimidate|CloseCombat,Protect,BraveBird,Tailwind|Jolly||F|||50|]Excadrill||FocusSash|SandRush|Earthquake,IronHead,Protect,RockSlide|Jolly||M|||50|]Sinistcha||SitrusBerry|Hospitality|RagePowder,ShadowBall,MatchaGotcha,Protect|Bold|||||50|]Gholdengo||LifeOrb|GoodasGold|NastyPlot,Protect,MakeItRain,ShadowBall|Modest|||||50|]Milotic||Leftovers|Competitive|Scald,IcyWind,Haze,Protect|Calm||F|||50|
|inactive|Battle timer is ON: inactive players will automatically lose when time's up. (requested by ShadowGhost4488)
|inactive|ShadowGhost4488 has 60 seconds left.
|
|t:|1784292975
|teamsize|p1|4
|teamsize|p2|4
|start
|switch|p1a: Staraptor|Staraptor, L50, F|100/100
|switch|p1b: Whimsicott|Whimsicott, L50, F|100/100
|switch|p2a: Staraptor|Staraptor, L50, F, shiny|100/100
|switch|p2b: Excadrill|Excadrill, L50, M, shiny|100/100
|-ability|p2a: Staraptor|Intimidate|boost
|-unboost|p1a: Staraptor|atk|1
|-unboost|p1b: Whimsicott|atk|1
|-ability|p1a: Staraptor|Intimidate|boost
|-unboost|p2a: Staraptor|atk|1
|-unboost|p2b: Excadrill|atk|1
|turn|1
|inactive|waqaskakhelkhtm has 30 seconds left.
|inactive|waqaskakhelkhtm has 20 seconds left.
|
|t:|1784293014
|detailschange|p2a: Staraptor|Staraptor-Mega, L50, F, shiny
|-mega|p2a: Staraptor|Staraptor|Staraptite
|detailschange|p1a: Staraptor|Staraptor-Mega, L50, F
|-mega|p1a: Staraptor|Staraptor|Staraptite
|move|p1b: Whimsicott|Tailwind|p1b: Whimsicott
|-sidestart|p1: waqaskakhelkhtm|move: Tailwind
|move|p1a: Staraptor|Close Combat|p2b: Excadrill
|-supereffective|p2b: Excadrill|1
|-enditem|p2b: Excadrill|Focus Sash
|-damage|p2b: Excadrill|1/100
|-boost|p1a: Staraptor|def|1
|-boost|p1a: Staraptor|spd|1
|move|p2a: Staraptor|Brave Bird|p1a: Staraptor
|-supereffective|p1a: Staraptor|1
|-damage|p1a: Staraptor|53/100
|-damage|p2a: Staraptor|84/100|[from] Recoil
|move|p2b: Excadrill|Rock Slide|p1b: Whimsicott|[spread] p1a,p1b
|-damage|p1a: Staraptor|45/100
|-damage|p1b: Whimsicott|81/100
|
|upkeep
|turn|2
|inactive|waqaskakhelkhtm has 30 seconds left.
|inactive|ShadowGhost4488 has 30 seconds left.
|inactive|ShadowGhost4488 has 20 seconds left.
|inactive|ShadowGhost4488 has 15 seconds left.
|inactive|ShadowGhost4488 has 10 seconds left.
|
|t:|1784293062
|switch|p2b: Sinistcha|Sinistcha, L50, shiny|100/100
|-heal|p2a: Staraptor|100/100|[from] ability: Hospitality|[of] p2b: Sinistcha
|move|p2a: Staraptor|Protect|p2a: Staraptor
|-singleturn|p2a: Staraptor|Protect
|move|p1b: Whimsicott|Moonblast|p2a: Staraptor
|-activate|p2a: Staraptor|move: Protect
|move|p1a: Staraptor|Roost|p1a: Staraptor
|-heal|p1a: Staraptor|95/100
|-singleturn|p1a: Staraptor|move: Roost
|
|upkeep
|turn|3
|
|t:|1784293084
|move|p1b: Whimsicott|Charm|p1a: Staraptor
|-boost|p1a: Staraptor|atk|2
|move|p1a: Staraptor|Brave Bird|p2a: Staraptor
|-supereffective|p2a: Staraptor|1
|-damage|p2a: Staraptor|0 fnt
|faint|p2a: Staraptor
|-damage|p1a: Staraptor|63/100|[from] Recoil
|move|p2b: Sinistcha|Shadow Ball|p1a: Staraptor
|-damage|p1a: Staraptor|39/100
|
|upkeep
|
|t:|1784293097
|switch|p2a: Milotic|Milotic, L50, F, shiny|100/100
|turn|4
|
|t:|1784293110
|move|p2b: Sinistcha|Protect|p2b: Sinistcha
|-singleturn|p2b: Sinistcha|Protect
|move|p1b: Whimsicott|Charm|p1a: Staraptor
|-boost|p1a: Staraptor|atk|2
|move|p1a: Staraptor|Roost|p1a: Staraptor
|-heal|p1a: Staraptor|89/100
|-singleturn|p1a: Staraptor|move: Roost
|move|p2a: Milotic|Icy Wind|p1b: Whimsicott|[spread] p1b
|-miss|p2a: Milotic|p1a: Staraptor
|-supereffective|p1b: Whimsicott|1
|-damage|p1b: Whimsicott|47/100
|-unboost|p1b: Whimsicott|spe|1
|
|-sideend|p1: waqaskakhelkhtm|move: Tailwind
|upkeep
|turn|5
|inactive|ShadowGhost4488 has 30 seconds left.
|
|t:|1784293135
|move|p1b: Whimsicott|Tailwind|p1b: Whimsicott
|-sidestart|p1: waqaskakhelkhtm|move: Tailwind
|move|p1a: Staraptor|Close Combat|p2a: Milotic
|-damage|p2a: Milotic|0 fnt
|-boost|p1a: Staraptor|def|1
|-boost|p1a: Staraptor|spd|1
|faint|p2a: Milotic
|move|p2b: Sinistcha|Shadow Ball|p1b: Whimsicott
|-damage|p1b: Whimsicott|0 fnt
|faint|p1b: Whimsicott
|
|upkeep
|
|t:|1784293146
|switch|p1b: Garchomp|Garchomp, L50, F|100/100
|switch|p2a: Excadrill|Excadrill, L50, M, shiny|1/100
|turn|6
|-message|ShadowGhost4488 forfeited.
|
|win|waqaskakhelkhtm
||ShadowGhost4488 is ready for game 2.
||waqaskakhelkhtm is ready for game 2.
|uhtml|next|Next: Game 2 of 3
|l|☆waqaskakhelkhtm
|player|p1|
