|j|☆HumbleVillager24
|j|☆natsukivgc
|html|HumbleVillager24natsukivgc    
|uhtml|bestof|Game 2 of a best-of-3
|t:|1785395842
|gametype|doubles
|player|p1|HumbleVillager24|265|1162
|player|p2|natsukivgc|1|1188
|gen|9
|tier|[Gen 9 Champions] VGC 2026 Reg M-B (Bo3)
|rated|
|rule|Species Clause: Limit one of each Pokémon
|rule|Item Clause: Limit 1 of each item
|clearpoke
|poke|p1|Raichu, L50, F|
|poke|p1|Meowscarada, L50, F|
|poke|p1|Ceruledge, L50, F|
|poke|p1|Farigiraf, L50, F|
|poke|p1|Kingambit, L50, F|
|poke|p1|Whimsicott, L50, F|
|poke|p2|Garchomp, L50, M|
|poke|p2|Venusaur, L50, F|
|poke|p2|Incineroar, L50, M|
|poke|p2|Charizard, L50, F|
|poke|p2|Toxapex, L50, M|
|poke|p2|Annihilape, L50, M|
|teampreview|4
|showteam|p1|Raichu||RaichuniteY|LightningRod|Protect,FakeOut,ZapCannon,FocusBlast|Timid||F|||50|]Meowscarada||ChoiceScarf|Protean|KnockOff,FlowerTrick,TripleAxel,BrickBreak|Jolly||F|||50|]Ceruledge||WhiteHerb|FlashFire|Poltergeist,BitterBlade,Protect,SwordsDance|Adamant||F|||50|]Farigiraf||Leftovers|ArmorTail|Psychic,Imprison,TrickRoom,HelpingHand|Bold||F|||50|]Kingambit||LifeOrb|Defiant|SuckerPunch,KowtowCleave,IronHead,LowKick|Adamant||F|||50|]Whimsicott||FocusSash|Prankster|Moonblast,Encore,Protect,Tailwind|Timid||F|||50|
|showteam|p2|Garchomp||ChoiceScarf|RoughSkin|Earthquake,DragonClaw,StompingTantrum,RockSlide|Adamant||M|||50|]Venusaur||LifeOrb|Chlorophyll|SolarBeam,SludgeBomb,EarthPower,Protect|Modest||F|||50|]Incineroar||SitrusBerry|Intimidate|FlareBlitz,ThroatChop,FakeOut,PartingShot|Impish||M|||50|]Charizard||CharizarditeY|Blaze|HeatWave,WeatherBall,HelpingHand,Protect|Modest||F|||50|]Toxapex||Leftovers|Regenerator|Infestation,Toxic,WideGuard,BanefulBunker|Bold||M|||50|]Annihilape||FocusSash|Defiant|CloseCombat,PhantomForce,StealthRock,Protect|Jolly||M|||50|
|inactive|Battle timer is ON: inactive players will automatically lose when time's up. (requested by natsukivgc)
|inactive|HumbleVillager24 has 60 seconds left.
|
|t:|1785395899
|teamsize|p1|4
|teamsize|p2|4
|start
|switch|p1a: The Rat Pack|Raichu, L50, F|100/100
|switch|p1b: Flowery|Meowscarada, L50, F|100/100
|switch|p2a: Garchomp|Garchomp, L50, M|100/100
|switch|p2b: Charizard|Charizard, L50, F|100/100
|turn|1
|inactive|natsukivgc has 30 seconds left.
|inactive|natsukivgc has 20 seconds left.
|
|t:|1785395936
|switch|p2a: Incineroar|Incineroar, L50, M|100/100
|-ability|p2a: Incineroar|Intimidate|boost
|-unboost|p1a: The Rat Pack|atk|1
|-unboost|p1b: Flowery|atk|1
|detailschange|p1a: The Rat Pack|Raichu-Mega-Y, L50, F
|-mega|p1a: The Rat Pack|Raichu|Raichunite Y
|detailschange|p2b: Charizard|Charizard-Mega-Y, L50, F
|-mega|p2b: Charizard|Charizard|Charizardite Y
|-weather|SunnyDay|[from] ability: Drought|[of] p2b: Charizard
|move|p2b: Charizard|Protect|p2b: Charizard
|-singleturn|p2b: Charizard|Protect
|move|p1b: Flowery|Triple Axel|p2a: Incineroar
|-start|p1b: Flowery|typechange|Ice|[from] ability: Protean
|-resisted|p2a: Incineroar|1
|-crit|p2a: Incineroar
|-damage|p2a: Incineroar|94/100
|-resisted|p2a: Incineroar|1
|-damage|p2a: Incineroar|90/100
|-resisted|p2a: Incineroar|1
|-damage|p2a: Incineroar|83/100
|-hitcount|p2a: Incineroar|3
|move|p1a: The Rat Pack|Zap Cannon|p2b: Charizard
|-activate|p2b: Charizard|move: Protect
|
|-weather|SunnyDay|[upkeep]
|upkeep
|turn|2
|inactive|natsukivgc has 30 seconds left.
|inactive|HumbleVillager24 has 30 seconds left.
|inactive|natsukivgc has 20 seconds left.
|inactive|natsukivgc has 15 seconds left.
|inactive|HumbleVillager24 has 20 seconds left.
|inactive|natsukivgc has 10 seconds left.
|
|t:|1785395982
|switch|p1b: Farigiraf|Farigiraf, L50, F|100/100
|move|p2a: Incineroar|Fake Out||[still]
|cant|p1b: Farigiraf|ability: Armor Tail|Fake Out|[of] p2a: Incineroar
|move|p1a: The Rat Pack|Focus Blast|p2a: Incineroar
|-supereffective|p2a: Incineroar|1
|-damage|p2a: Incineroar|0 fnt
|faint|p2a: Incineroar
|move|p2b: Charizard|Heat Wave|p1a: The Rat Pack|[spread] p1a,p1b
|-damage|p1a: The Rat Pack|1/100
|-damage|p1b: Farigiraf|43/100
|
|-weather|SunnyDay|[upkeep]
|-heal|p1b: Farigiraf|49/100|[from] item: Leftovers
|upkeep
|
|t:|1785395995
|switch|p2a: Garchomp|Garchomp, L50, M|100/100
|turn|3
|
|t:|1785396008
|move|p1a: The Rat Pack|Protect|p1a: The Rat Pack
|-singleturn|p1a: The Rat Pack|Protect
|move|p2a: Garchomp|Earthquake|p1b: Farigiraf|[spread] p1b
|-activate|p1a: The Rat Pack|move: Protect
|-immune|p2b: Charizard
|-damage|p1b: Farigiraf|17/100
|move|p2b: Charizard|Weather Ball|p1a: The Rat Pack
|-activate|p1a: The Rat Pack|move: Protect
|move|p1b: Farigiraf|Psychic|p2a: Garchomp
|-damage|p2a: Garchomp|63/100
|
|-weather|SunnyDay|[upkeep]
|-heal|p1b: Farigiraf|23/100|[from] item: Leftovers
|upkeep
|turn|4
|
|t:|1785396030
|switch|p1a: Kingambit|Kingambit, L50, F|100/100
|move|p2a: Garchomp|Earthquake|p1b: Farigiraf|[spread] p1a,p1b
|-immune|p2b: Charizard
|-supereffective|p1a: Kingambit|1
|-damage|p1a: Kingambit|31/100
|-damage|p1b: Farigiraf|0 fnt
|faint|p1b: Farigiraf
|move|p2b: Charizard|Weather Ball|p1a: Kingambit
|-supereffective|p1a: Kingambit|1
|-damage|p1a: Kingambit|0 fnt
|faint|p1a: Kingambit
|
|-weather|SunnyDay|[upkeep]
|upkeep
|
|t:|1785396038
|switch|p1a: The Rat Pack|Raichu-Mega-Y, L50, F|1/100
|switch|p1b: Flowery|Meowscarada, L50, F|100/100
|turn|5
|inactive|natsukivgc has 30 seconds left.
|inactive|natsukivgc has 20 seconds left.
|
|t:|1785396075
|move|p2b: Charizard|Protect|p2b: Charizard
|-singleturn|p2b: Charizard|Protect
|move|p1b: Flowery|Triple Axel|p2a: Garchomp
|-start|p1b: Flowery|typechange|Ice|[from] ability: Protean
|-supereffective|p2a: Garchomp|2
|-damage|p2a: Garchomp|30/100
|-damage|p1b: Flowery|87/100|[from] ability: Rough Skin|[of] p2a: Garchomp
|-hitcount|p2a: Garchomp|1
|move|p2a: Garchomp|Earthquake|p1a: The Rat Pack|[spread] p1a,p1b
|-activate|p2b: Charizard|move: Protect
|-supereffective|p1a: The Rat Pack|1
|-damage|p1a: The Rat Pack|0 fnt
|-damage|p1b: Flowery|28/100
|faint|p1a: The Rat Pack
|
|-weather|none
|upkeep
|turn|6
|-message|HumbleVillager24 forfeited.
|
|win|natsukivgc
