|j|☆KarmaPoliceVGC
|j|☆INT Shinji
|html|KarmaPoliceVGCINT Shinji    
|uhtml|bestof|Game 1 of a best-of-3
|t:|1757639493
|gametype|doubles
|player|p1|KarmaPoliceVGC|scientist-gen4|1097
|player|p2|INT Shinji|hilbert|1232
|gen|9
|tier|[Gen 9] VGC 2025 Reg H (Bo3)
|rated|
|rule|Species Clause: Limit one of each Pokémon
|rule|Item Clause: Limit 1 of each item
|clearpoke
|poke|p1|Farigiraf, L50, M|
|poke|p1|Murkrow, L50, F|
|poke|p1|Bellossom, L50, M|
|poke|p1|Oricorio-Pom-Pom, L50, M|
|poke|p1|Ninetales-Alola, L50, M|
|poke|p1|Volcarona, L50, M|
|poke|p2|Archaludon, L50, M|
|poke|p2|Maushold, L50|
|poke|p2|Annihilape, L50, F|
|poke|p2|Ursaluna, L50, F|
|poke|p2|Pelipper, L50, F|
|poke|p2|Sinistcha-Masterpiece, L50|
|teampreview|4
|showteam|p1|Farigiraf||IapapaBerry|ArmorTail|Protect,TwinBeam,Imprison,TrickRoom|||M|||50|,,,,,Ghost]Murkrow||Eviolite|Prankster|Protect,Tailwind,FeatherDance,FoulPlay|||F|||50|,,,,,Ghost]Bellossom||KebiaBerry|Healer|Protect,SleepPowder,QuiverDance,PetalDance|||M|||50|,,,,,Ghost]Oricorio-Pom-Pom||SitrusBerry|Dancer|Protect,QuiverDance,RevelationDance,AirSlash|||M|||50|,,,,,Ghost]Ninetales-Alola||LightClay|SnowWarning|AuroraVeil,Encore,Blizzard,Moonblast|||M|||50|,,,,,Ice]Volcarona||Leftovers|FlameBody|Protect,QuiverDance,FieryDance,GigaDrain|||M|||50|,,,,,Grass
|showteam|p2|Archaludon||AssaultVest|Stamina|ElectroShot,DracoMeteor,FlashCannon,BodyPress|||M|||50|,,,,,Grass]Maushold||WideLens|Technician|PopulationBomb,Protect,BeatUp,Taunt||||||50|,,,,,Grass]Annihilape||SafetyGoggles|Defiant|CloseCombat,Taunt,RageFist,FinalGambit|||F|||50|,,,,,Fire]Ursaluna||FlameOrb|Guts|Facade,HeadlongRush,Earthquake,Protect|||F|||50|,,,,,Ghost]Pelipper||FocusSash|Drizzle|MuddyWater,Hurricane,Tailwind,Protect|||F|||50|,,,,,Ghost]Sinistcha-Masterpiece||SitrusBerry|Hospitality|MatchaGotcha,LifeDew,RagePowder,TrickRoom||||||50|,,,,,Dark
|inactive|Battle timer is ON: inactive players will automatically lose when time's up. (requested by INT Shinji)
|inactive|KarmaPoliceVGC has 60 seconds left.
|
|t:|1757639545
|teamsize|p1|4
|teamsize|p2|4
|start
|switch|p1a: Murkrow|Murkrow, L50, F|100/100
|switch|p1b: Bellossom|Bellossom, L50, M|100/100
|switch|p2a: Maushold|Maushold, L50|100/100
|switch|p2b: Annihilape|Annihilape, L50, F|100/100
|turn|1
|inactive|INT Shinji has 30 seconds left.
|
|t:|1757639578
|move|p1a: Murkrow|Tailwind|p1a: Murkrow
|-sidestart|p1: KarmaPoliceVGC|move: Tailwind
|move|p1b: Bellossom|Sleep Powder|p2a: Maushold
|-status|p2a: Maushold|slp|[from] move: Sleep Powder
|cant|p2a: Maushold|slp
|move|p2b: Annihilape|Final Gambit|p1b: Bellossom
|-damage|p1b: Bellossom|0 fnt
|faint|p2b: Annihilape
|faint|p1b: Bellossom
|
|upkeep
|
|t:|1757639594
|switch|p2b: Archaludon|Archaludon, L50, M|100/100
|switch|p1b: Ninetales|Ninetales-Alola, L50, M|100/100
|-weather|Snowscape|[from] ability: Snow Warning|[of] p1b: Ninetales
|turn|2
|inactive|KarmaPoliceVGC has 30 seconds left.
|
|t:|1757639619
|switch|p1b: Oricorio|Oricorio-Pom-Pom, L50, M|100/100
|switch|p2a: Pelipper|Pelipper, L50, F|100/100
|-weather|RainDance|[from] ability: Drizzle|[of] p2a: Pelipper
|move|p1a: Murkrow|Feather Dance|p2a: Pelipper
|-unboost|p2a: Pelipper|atk|2
|-activate|p1b: Oricorio|ability: Dancer
|move|p1b: Oricorio|Feather Dance|p2a: Pelipper|[from] ability: Dancer
|-unboost|p2a: Pelipper|atk|2
|move|p2b: Archaludon|Flash Cannon|p1b: Oricorio
|-resisted|p1b: Oricorio
|-damage|p1b: Oricorio|79/100
|
|-weather|RainDance|[upkeep]
|upkeep
|turn|3
|inactive|KarmaPoliceVGC has 30 seconds left.
|inactive|INT Shinji has 30 seconds left.
|
|t:|1757639651
|switch|p1a: Ninetales|Ninetales-Alola, L50, M|100/100
|-weather|Snowscape|[from] ability: Snow Warning|[of] p1a: Ninetales
|switch|p2a: Maushold|Maushold, L50|100/100 slp
|move|p1b: Oricorio|Revelation Dance|p2a: Maushold
|-damage|p2a: Maushold|48/100 slp
|move|p2b: Archaludon|Flash Cannon|p1a: Ninetales
|-supereffective|p1a: Ninetales
|-damage|p1a: Ninetales|0 fnt
|faint|p1a: Ninetales
|
|-weather|Snowscape|[upkeep]
|upkeep
|
|t:|1757639662
|switch|p1a: Murkrow|Murkrow, L50, F|100/100
|turn|4
|
|t:|1757639679
|switch|p2a: Pelipper|Pelipper, L50, F|100/100
|-weather|RainDance|[from] ability: Drizzle|[of] p2a: Pelipper
|move|p1b: Oricorio|Quiver Dance|p1b: Oricorio
|-boost|p1b: Oricorio|spa|1
|-boost|p1b: Oricorio|spd|1
|-boost|p1b: Oricorio|spe|1
|move|p1a: Murkrow|Foul Play|p2a: Pelipper
|-damage|p2a: Pelipper|82/100
|move|p2b: Archaludon|Electro Shot||[still]
|-prepare|p2b: Archaludon|Electro Shot
|-boost|p2b: Archaludon|spa|1
|-anim|p2b: Archaludon|Electro Shot|p1b: Oricorio
|-damage|p1b: Oricorio|35/100
|-enditem|p1b: Oricorio|Sitrus Berry|[eat]
|-heal|p1b: Oricorio|60/100|[from] item: Sitrus Berry
|
|-weather|RainDance|[upkeep]
|-sideend|p1: KarmaPoliceVGC|move: Tailwind
|upkeep
|turn|5
|inactive|KarmaPoliceVGC has 30 seconds left.
|inactive|KarmaPoliceVGC has 20 seconds left.
|
|t:|1757639716
|move|p2a: Pelipper|Protect|p2a: Pelipper
|-singleturn|p2a: Pelipper|Protect
|move|p1b: Oricorio|Revelation Dance|p2a: Pelipper
|-activate|p2a: Pelipper|move: Protect
|move|p2b: Archaludon|Electro Shot||[still]
|-prepare|p2b: Archaludon|Electro Shot
|-boost|p2b: Archaludon|spa|1
|-anim|p2b: Archaludon|Electro Shot|p1a: Murkrow
|-supereffective|p1a: Murkrow
|-damage|p1a: Murkrow|0 fnt
|faint|p1a: Murkrow
|
|-weather|RainDance|[upkeep]
|upkeep
|turn|6
|-message|KarmaPoliceVGC forfeited.
|
|win|INT Shinji
|l|☆KarmaPoliceVGC
|player|p1|
||KarmaPoliceVGC is ready for game 2.
||INT Shinji is ready for game 2.
|uhtml|next|Next: Game 2 of 3
|l|☆INT Shinji
|player|p2|
