|j|☆rubii7767
|j|☆FreezyPop439
|html|rubii7767FreezyPop439    
|uhtml|bestof|Game 1 of a best-of-3
|t:|1783678570
|gametype|doubles
|player|p1|rubii7767|266|1264
|player|p2|FreezyPop439|collector|1393
|gen|9
|tier|[Gen 9 Champions] VGC 2026 Reg M-B (Bo3)
|rated|
|rule|Species Clause: Limit one of each Pokémon
|rule|Item Clause: Limit 1 of each item
|clearpoke
|poke|p1|Excadrill, L50, F|
|poke|p1|Tyranitar, L50, M|
|poke|p1|Rotom-Wash, L50|
|poke|p1|Incineroar, L50, M|
|poke|p1|Corviknight, L50, F|
|poke|p1|Sinistcha, L50|
|poke|p2|Raichu, L50, F|
|poke|p2|Gyarados, L50, M|
|poke|p2|Mamoswine, L50, F|
|poke|p2|Ceruledge, L50, F|
|poke|p2|Clefable, L50, F|
|poke|p2|Kingambit, L50, M|
|teampreview|4
|showteam|p1|Excadrill||FocusSash|SandRush|Earthquake,RockSlide,IronHead,Protect|Adamant||F|||50|]Tyranitar||Tyranitarite|SandStream|KnockOff,RockSlide,BrickBreak,Protect|Adamant||M|||50|]Rotom-Wash||SitrusBerry|Levitate|HydroPump,Thunderbolt,Protect,WillOWisp|Modest|||||50|]Incineroar||ShucaBerry|Intimidate|FakeOut,FlareBlitz,PartingShot,DarkestLariat|Serious||M|||50|]Corviknight||Leftovers|MirrorArmor|BraveBird,IronDefense,Protect,BodyPress|Impish||F|||50|]Sinistcha||KasibBerry|Hospitality|MatchaGotcha,TrickRoom,StrengthSap,RagePowder|Calm|||||50|
|showteam|p2|Raichu||RaichuniteY|LightningRod|ZapCannon,FocusBlast,FakeOut,Protect|Timid||F|||50|]Gyarados||Gyaradosite|Intimidate|Waterfall,PowerWhip,DragonDance,Protect|Adamant||M|||50|]Mamoswine||LifeOrb|Oblivious|HighHorsepower,IceShard,IcicleCrash,Protect|Jolly||F|||50|]Ceruledge||ColburBerry|FlashFire|BitterBlade,ShadowSneak,BulkUp,Protect|Adamant||F|||50|]Clefable||SitrusBerry|Unaware|Moonblast,FollowMe,HelpingHand,Protect|Bold||F|||50|]Kingambit||FocusSash|Defiant|IronHead,KowtowCleave,SuckerPunch,LowKick|Adamant||M|||50|
|
|t:|1783678656
|teamsize|p1|4
|teamsize|p2|4
|start
|switch|p1a: Excadrill|Excadrill, L50, F|100/100
|switch|p1b: Tyranitar|Tyranitar, L50, M|100/100
|switch|p2a: Kingambit|Kingambit, L50, M|100/100
|switch|p2b: Raichu|Raichu, L50, F|100/100
|-weather|Sandstorm|[from] ability: Sand Stream|[of] p1b: Tyranitar
|turn|1
|
|t:|1783678675
|move|p1a: Excadrill|Protect|p1a: Excadrill
|-singleturn|p1a: Excadrill|Protect
|move|p1b: Tyranitar|Protect|p1b: Tyranitar
|-singleturn|p1b: Tyranitar|Protect
|move|p2b: Raichu|Fake Out|p1a: Excadrill
|-activate|p1a: Excadrill|move: Protect
|move|p2a: Kingambit|Low Kick|p1b: Tyranitar
|-activate|p1b: Tyranitar|move: Protect
|
|-weather|Sandstorm|[upkeep]
|-damage|p2b: Raichu|93/100|[from] Sandstorm
|upkeep
|turn|2
|
|t:|1783678705
|switch|p1b: Rotom|Rotom-Wash, L50|100/100
|switch|p2a: Gyarados|Gyarados, L50, M|100/100
|-ability|p2a: Gyarados|Intimidate|boost
|-unboost|p1a: Excadrill|atk|1
|-unboost|p1b: Rotom|atk|1
|detailschange|p2b: Raichu|Raichu-Mega-Y, L50, F
|-mega|p2b: Raichu|Raichu|Raichunite Y
|move|p1a: Excadrill|Earthquake|p2a: Gyarados|[spread] p2b
|-immune|p1b: Rotom|[from] ability: Levitate
|-immune|p2a: Gyarados
|-supereffective|p2b: Raichu|1
|-damage|p2b: Raichu|10/100
|move|p2b: Raichu|Focus Blast|p1b: Rotom
|-damage|p1b: Rotom|56/100
|
|-weather|Sandstorm|[upkeep]
|-damage|p2b: Raichu|4/100|[from] Sandstorm
|-damage|p2a: Gyarados|93/100|[from] Sandstorm
|-damage|p1b: Rotom|50/100g|[from] Sandstorm
|upkeep
|turn|3
|
|t:|1783678753
|switch|p2b: Ceruledge|Ceruledge, L50, F|100/100
|move|p1a: Excadrill|Rock Slide|p2a: Gyarados|[spread] p2a,p2b
|-supereffective|p2a: Gyarados|1
|-supereffective|p2b: Ceruledge|1
|-damage|p2a: Gyarados|60/100
|-damage|p2b: Ceruledge|65/100
|move|p2a: Gyarados|Power Whip|p1b: Rotom
|-supereffective|p1b: Rotom|1
|-damage|p1b: Rotom|0 fnt
|faint|p1b: Rotom
|
|-weather|Sandstorm|[upkeep]
|-damage|p2a: Gyarados|54/100|[from] Sandstorm
|-damage|p2b: Ceruledge|59/100|[from] Sandstorm
|upkeep
|
|t:|1783678783
|switch|p1b: Tyranitar|Tyranitar, L50, M|100/100
|turn|4
|
|t:|1783678815
|switch|p2a: Kingambit|Kingambit, L50, M|100/100
|detailschange|p1b: Tyranitar|Tyranitar-Mega, L50, M
|-mega|p1b: Tyranitar|Tyranitar|Tyranitarite
|move|p1a: Excadrill|Protect|p1a: Excadrill
|-singleturn|p1a: Excadrill|Protect
|move|p2b: Ceruledge|Protect|p2b: Ceruledge
|-singleturn|p2b: Ceruledge|Protect
|move|p1b: Tyranitar|Rock Slide|p2a: Kingambit|[spread] 
|-activate|p2b: Ceruledge|move: Protect
|-miss|p1b: Tyranitar|p2a: Kingambit
|
|-weather|Sandstorm|[upkeep]
|-damage|p2b: Ceruledge|53/100|[from] Sandstorm
|upkeep
|turn|5
|
|t:|1783678842
|switch|p1a: Corviknight|Corviknight, L50, F|100/100
|switch|p2b: Gyarados|Gyarados, L50, M|54/100
|-ability|p2b: Gyarados|Intimidate|boost
|-ability|p1a: Corviknight|Mirror Armor
|-unboost|p2b: Gyarados|atk|1
|-unboost|p1b: Tyranitar|atk|1
|move|p1b: Tyranitar|Protect|p1b: Tyranitar
|-singleturn|p1b: Tyranitar|Protect
|move|p2a: Kingambit|Low Kick|p1a: Corviknight
|-damage|p1a: Corviknight|78/100
|
|-weather|none
|-heal|p1a: Corviknight|84/100|[from] item: Leftovers
|upkeep
|turn|6
|
|t:|1783678864
|switch|p1b: Excadrill|Excadrill, L50, F|100/100
|move|p2b: Gyarados|Dragon Dance|p2b: Gyarados
|-boost|p2b: Gyarados|atk|1
|-boost|p2b: Gyarados|spe|1
|move|p2a: Kingambit|Low Kick|p1b: Excadrill
|-supereffective|p1b: Excadrill|1
|-damage|p1b: Excadrill|29/100
|move|p1a: Corviknight|Iron Defense|p1a: Corviknight
|-boost|p1a: Corviknight|def|2
|
|-heal|p1a: Corviknight|90/100|[from] item: Leftovers
|upkeep
|turn|7
|
|t:|1783678900
|move|p1b: Excadrill|Protect|p1b: Excadrill
|-singleturn|p1b: Excadrill|Protect
|move|p2b: Gyarados|Waterfall|p1a: Corviknight
|-damage|p1a: Corviknight|73/100
|move|p2a: Kingambit|Low Kick|p1b: Excadrill
|-activate|p1b: Excadrill|move: Protect
|move|p1a: Corviknight|Body Press|p2a: Kingambit
|-supereffective|p2a: Kingambit|2
|-enditem|p2a: Kingambit|Focus Sash
|-damage|p2a: Kingambit|1/100
|
|-heal|p1a: Corviknight|79/100|[from] item: Leftovers
|upkeep
|turn|8
|
|t:|1783678945
|switch|p2a: Ceruledge|Ceruledge, L50, F|53/100
|move|p2b: Gyarados|Waterfall|p1b: Excadrill
|-supereffective|p1b: Excadrill|1
|-damage|p1b: Excadrill|0 fnt
|faint|p1b: Excadrill
|move|p1a: Corviknight|Body Press|p2b: Gyarados
|-resisted|p2b: Gyarados|1
|-damage|p2b: Gyarados|26/100
|
|-heal|p1a: Corviknight|85/100|[from] item: Leftovers
|upkeep
|
|t:|1783678950
|switch|p1b: Tyranitar|Tyranitar-Mega, L50, M|100/100
|-weather|Sandstorm|[from] ability: Sand Stream|[of] p1b: Tyranitar
|turn|9
|
|t:|1783678969
|move|p2b: Gyarados|Waterfall|p1b: Tyranitar
|-supereffective|p1b: Tyranitar|1
|-damage|p1b: Tyranitar|34/100
|move|p1b: Tyranitar|Rock Slide|p2b: Gyarados|[spread] p2a,p2b
|-supereffective|p2a: Ceruledge|1
|-supereffective|p2b: Gyarados|1
|-damage|p2a: Ceruledge|0 fnt
|-damage|p2b: Gyarados|0 fnt
|faint|p2a: Ceruledge
|faint|p2b: Gyarados
|move|p1a: Corviknight|Body Press|p2: Ceruledge|[notarget]
|-fail|p1a: Corviknight
|
|-weather|Sandstorm|[upkeep]
|-heal|p1a: Corviknight|91/100|[from] item: Leftovers
|upkeep
|
|t:|1783678976
|switch|p2b: Raichu|Raichu-Mega-Y, L50, F|4/100
|switch|p2a: Kingambit|Kingambit, L50, M|1/100
|turn|10
|
|t:|1783678987
|move|p1b: Tyranitar|Protect|p1b: Tyranitar
|-singleturn|p1b: Tyranitar|Protect
|move|p1a: Corviknight|Protect|p1a: Corviknight
|-singleturn|p1a: Corviknight|Protect
|move|p2b: Raichu|Zap Cannon|p1a: Corviknight
|-activate|p1a: Corviknight|move: Protect
|move|p2a: Kingambit|Low Kick|p1b: Tyranitar
|-activate|p1b: Tyranitar|move: Protect
|
|-weather|Sandstorm|[upkeep]
|-damage|p2b: Raichu|0 fnt|[from] Sandstorm
|faint|p2b: Raichu
|-heal|p1a: Corviknight|97/100|[from] item: Leftovers
|upkeep
|turn|11
|-message|FreezyPop439 forfeited.
|
|win|rubii7767
