|j|☆la cabra1
|j|☆SrBalleno
|html|la cabra1SrBalleno    
|uhtml|bestof|Game 3 of a best-of-3
|t:|1783091631
|gametype|doubles
|player|p1|la cabra1|volkner|1290
|player|p2|SrBalleno|wattson|1212
|gen|9
|tier|[Gen 9 Champions] VGC 2026 Reg M-B (Bo3)
|rated|
|rule|Species Clause: Limit one of each Pokémon
|rule|Item Clause: Limit 1 of each item
|clearpoke
|poke|p1|Aerodactyl, L50, F|
|poke|p1|Garchomp, L50, M|
|poke|p1|Kingambit, L50, M|
|poke|p1|Charizard, L50, M|
|poke|p1|Sylveon, L50, F|
|poke|p1|Farigiraf, L50, M|
|poke|p2|Sceptile, L50, F|
|poke|p2|Rotom-Heat, L50|
|poke|p2|Swampert, L50, M|
|poke|p2|Pelipper, L50, M|
|poke|p2|Archaludon, L50, M|
|poke|p2|Grimmsnarl, L50, M|
|teampreview|4
|showteam|p1|Aerodactyl||Aerodactylite|Unnerve|IceFang,RockSlide,Tailwind,DualWingbeat|Jolly||F|||50|]Garchomp||LifeOrb|RoughSkin|DragonClaw,StompingTantrum,Earthquake,Protect|Jolly||M|||50|]Kingambit||FocusSash|Defiant|SuckerPunch,KowtowCleave,IronHead,LowKick|Adamant||M|||50|]Charizard||CharizarditeY|SolarPower|Protect,HeatWave,SolarBeam,WeatherBall|Modest||M|||50|]Sylveon||FairyFeather|Pixilate|Protect,HyperVoice,HyperBeam,QuickAttack|Modest||F|||50|]Farigiraf||SitrusBerry|ArmorTail|TrickRoom,Thunderbolt,Psychic,Roar|Bold||M|||50|
|showteam|p2|Sceptile||Sceptilite|Overgrow|EnergyBall,DragonPulse,EarthPower,Protect|Timid||F|||50|]Rotom-Heat||ChoiceScarf|Levitate|Discharge,VoltSwitch,Overheat,Trick|Timid|||||50|]Swampert||Swampertite|Torrent|WaveCrash,Earthquake,FlipTurn,Protect|Adamant||M|||50|]Pelipper||FocusSash|Drizzle|WeatherBall,Hurricane,Tailwind,Protect|Timid||M|||50|]Archaludon||SitrusBerry|Stamina|ElectroShot,DragonPulse,FlashCannon,Protect|Modest||M|||50|]Grimmsnarl||LightClay|Prankster|Reflect,LightScreen,PartingShot,SpiritBreak|Impish||M|||50|
|inactive|Battle timer is ON: inactive players will automatically lose when time's up. (requested by la cabra1)
|inactive|SrBalleno has 60 seconds left.
|
|t:|1783091715
|teamsize|p1|4
|teamsize|p2|4
|start
|switch|p1a: Sylveon|Sylveon, L50, F|100/100
|switch|p1b: Farigiraf|Farigiraf, L50, M|100/100
|switch|p2a: Sceptile|Sceptile, L50, F|100/100
|switch|p2b: Rotom|Rotom-Heat, L50|100/100
|turn|1
|inactive|SrBalleno has 30 seconds left.
|
|t:|1783091750
|switch|p2a: Swampert|Swampert, L50, M|100/100
|move|p2b: Rotom|Trick|p1b: Farigiraf
|-activate|p2b: Rotom|move: Trick|[of] p1b: Farigiraf
|-item|p1b: Farigiraf|Choice Scarf|[from] move: Trick
|-item|p2b: Rotom|Sitrus Berry|[from] move: Trick
|move|p1a: Sylveon|Hyper Voice|p2a: Swampert|[spread] p2a,p2b
|-resisted|p2b: Rotom|1
|-damage|p2a: Swampert|55/100
|-damage|p2b: Rotom|71/100
|move|p1b: Farigiraf|Trick Room|p1b: Farigiraf
|-fieldstart|move: Trick Room|[of] p1b: Farigiraf
|
|upkeep
|turn|2
|inactive|SrBalleno has 30 seconds left.
|
|t:|1783091775
|switch|p1b: Charizard|Charizard, L50, M|100/100
|detailschange|p2a: Swampert|Swampert-Mega, L50, M
|-mega|p2a: Swampert|Swampert|Swampertite
|move|p1a: Sylveon|Hyper Beam|p2a: Swampert
|-damage|p2a: Swampert|0 fnt
|-mustrecharge|p1a: Sylveon
|faint|p2a: Swampert
|move|p2b: Rotom|Volt Switch|p1a: Sylveon
|-damage|p1a: Sylveon|74/100
|
|t:|1783091784
|switch|p2b: Pelipper|Pelipper, L50, M|100/100|[from] Volt Switch
|-weather|RainDance|[from] ability: Drizzle|[of] p2b: Pelipper
|
|-weather|RainDance|[upkeep]
|upkeep
|
|t:|1783091786
|switch|p2a: Rotom|Rotom-Heat, L50|71/100
|turn|3
|inactive|la cabra1 has 30 seconds left.
|inactive|SrBalleno has 30 seconds left.
|
|t:|1783091823
|cant|p1a: Sylveon|recharge
|move|p2b: Pelipper|Weather Ball|p1b: Charizard
|-supereffective|p1b: Charizard|1
|-damage|p1b: Charizard|0 fnt
|faint|p1b: Charizard
|move|p2a: Rotom|Volt Switch|p1a: Sylveon
|-damage|p1a: Sylveon|46/100
|
|t:|1783091833
|switch|p2a: Sceptile|Sceptile, L50, F|100/100|[from] Volt Switch
|
|-weather|RainDance|[upkeep]
|upkeep
|
|t:|1783091857
|switch|p1b: Farigiraf|Farigiraf, L50, M|100/100
|turn|4
|inactive|SrBalleno has 30 seconds left.
|inactive|SrBalleno has 20 seconds left.
|
|t:|1783091893
|move|p2b: Pelipper|Protect|p2b: Pelipper
|-singleturn|p2b: Pelipper|Protect
|move|p1a: Sylveon|Hyper Voice|p2b: Pelipper|[spread] p2a
|-activate|p2b: Pelipper|move: Protect
|-damage|p2a: Sceptile|38/100
|move|p1b: Farigiraf|Psychic|p2b: Pelipper
|-activate|p2b: Pelipper|move: Protect
|move|p2a: Sceptile|Energy Ball|p1a: Sylveon
|-damage|p1a: Sylveon|13/100
|
|-weather|RainDance|[upkeep]
|upkeep
|turn|5
|
|t:|1783091909
|switch|p2b: Rotom|Rotom-Heat, L50|71/100
|move|p1a: Sylveon|Hyper Voice|p2a: Sceptile|[spread] p2a,p2b
|-resisted|p2b: Rotom|1
|-damage|p2a: Sceptile|0 fnt
|-damage|p2b: Rotom|41/100
|-enditem|p2b: Rotom|Sitrus Berry|[eat]
|-heal|p2b: Rotom|66/100|[from] item: Sitrus Berry
|faint|p2a: Sceptile
|move|p1b: Farigiraf|Psychic|p2b: Rotom
|-damage|p2b: Rotom|24/100
|
|-weather|RainDance|[upkeep]
|-fieldend|move: Trick Room
|upkeep
|
|t:|1783091915
|switch|p2a: Pelipper|Pelipper, L50, M|100/100
|turn|6
|
|t:|1783091935
|move|p2a: Pelipper|Protect|p2a: Pelipper
|-singleturn|p2a: Pelipper|Protect
|move|p1a: Sylveon|Protect|p1a: Sylveon
|-singleturn|p1a: Sylveon|Protect
|move|p2b: Rotom|Discharge|p1b: Farigiraf|[spread] p1b
|-activate|p2a: Pelipper|move: Protect
|-activate|p1a: Sylveon|move: Protect
|-damage|p1b: Farigiraf|76/100
|move|p1b: Farigiraf|Psychic|p2b: Rotom
|-damage|p2b: Rotom|0 fnt
|faint|p2b: Rotom
|
|-weather|none
|upkeep
|turn|7
|-message|SrBalleno forfeited.
|
|win|la cabra1
|raw|la cabra1's rating: 1290 → 1309(+19 for winning)
|raw|SrBalleno's rating: 1212 → 1193(-19 for losing)
|l|☆SrBalleno
|player|p2|
