|j|☆reshiee
|j|☆Kattedragen50
|html|reshieeKattedragen50    
|uhtml|bestof|Game 2 of a best-of-3
|t:|1784496405
|gametype|doubles
|player|p1|reshiee|gwynn|1058
|player|p2|Kattedragen50|caitlin|1064
|gen|9
|tier|[Gen 9 Champions] VGC 2026 Reg M-B (Bo3)
|rated|
|rule|Species Clause: Limit one of each Pokémon
|rule|Item Clause: Limit 1 of each item
|clearpoke
|poke|p1|Charizard, L50, M|
|poke|p1|Venusaur, L50, F|
|poke|p1|Pelipper, L50, F|
|poke|p1|Grimmsnarl, L50, M|
|poke|p1|Basculegion, L50, M|
|poke|p1|Archaludon, L50, M|
|poke|p2|Malamar, L50, M, shiny|
|poke|p2|Meowstic, L50, M, shiny|
|poke|p2|Maushold-Four, L50|
|poke|p2|Froslass, L50, F|
|poke|p2|Sylveon, L50, M|
|poke|p2|Kleavor, L50, F|
|teampreview|4
|showteam|p1|Charizard||CharizarditeY|Blaze|HeatWave,WeatherBall,SolarBeam,Protect|Modest||M|||50|]Venusaur||FocusSash|Chlorophyll|SludgeBomb,EarthPower,SleepPowder,Protect|Modest||F|||50|]Pelipper||SitrusBerry|Drizzle|Hurricane,WeatherBall,Tailwind,WideGuard|Modest||F|||50|]Grimmsnarl||LightClay|Prankster|SpiritBreak,Reflect,LightScreen,PartingShot|Sassy||M|||50|]Basculegion||ChoiceScarf|Adaptability|WaveCrash,LastRespects,FlipTurn,AquaJet|Jolly||M|||50|]Archaludon||Leftovers|Stamina|DragonPulse,FlashCannon,ElectroShot,Protect|Calm||M|||50|
|showteam|p2|Malamar||Malamarite|Contrary|Superpower,KnockOff,PsychoCut,Protect|Adamant||M|||50|]Meowstic||FocusSash|Prankster|FakeOut,Gravity,Charm,FakeTears|Timid||M|||50|]Maushold-Four||KingsRock|FriendGuard|PopulationBomb,FollowMe,Taunt,Protect|Jolly|||||50|]Froslass||Froslassite|SnowCloak|Blizzard,ShadowBall,AuroraVeil,Protect|Modest||F|||50|]Sylveon||FairyFeather|Pixilate|HyperBeam,HyperVoice,Moonblast,Protect|Modest||M|||50|]Kleavor||LifeOrb|Sharpness|StoneAxe,XScissor,SwordsDance,CloseCombat|Jolly||F|||50|
|
|t:|1784496438
|teamsize|p1|4
|teamsize|p2|4
|start
|switch|p1a: Charizard|Charizard, L50, M|100/100
|switch|p1b: Venusaur|Venusaur, L50, F|100/100
|switch|p2a: Froslass|Froslass, L50, F|100/100
|switch|p2b: Kleavor|Kleavor, L50, F|100/100
|turn|1
|inactive|Battle timer is ON: inactive players will automatically lose when time's up. (requested by Kattedragen50)
|
|t:|1784496461
|detailschange|p1a: Charizard|Charizard-Mega-Y, L50, M
|-mega|p1a: Charizard|Charizard|Charizardite Y
|-weather|SunnyDay|[from] ability: Drought|[of] p1a: Charizard
|move|p2a: Froslass|Protect|p2a: Froslass
|-singleturn|p2a: Froslass|Protect
|move|p1a: Charizard|Protect|p1a: Charizard
|-singleturn|p1a: Charizard|Protect
|move|p1b: Venusaur|Sleep Powder|p2b: Kleavor
|-status|p2b: Kleavor|slp|[from] move: Sleep Powder
|cant|p2b: Kleavor|slp
|
|-weather|SunnyDay|[upkeep]
|upkeep
|turn|2
|
|t:|1784496486
|detailschange|p2a: Froslass|Froslass-Mega, L50, F
|-mega|p2a: Froslass|Froslass|Froslassite
|-weather|Snowscape|[from] ability: Snow Warning|[of] p2a: Froslass
|move|p2a: Froslass|Blizzard|p1b: Venusaur|[spread] p1a,p1b
|-supereffective|p1b: Venusaur|1
|-damage|p1a: Charizard|58/100
|-enditem|p1b: Venusaur|Focus Sash
|-damage|p1b: Venusaur|1/100
|cant|p2b: Kleavor|slp
|move|p1b: Venusaur|Sleep Powder|p2a: Froslass
|-status|p2a: Froslass|slp|[from] move: Sleep Powder
|move|p1a: Charizard|Heat Wave|p2b: Kleavor|[spread] p2a,p2b
|-supereffective|p2a: Froslass|1
|-damage|p2a: Froslass|0 fnt
|-damage|p2b: Kleavor|29/100 slp
|faint|p2a: Froslass
|
|-weather|Snowscape|[upkeep]
|upkeep
|
|t:|1784496500
|switch|p2a: Maushold|Maushold-Four, L50|100/100
|turn|3
|
|t:|1784496524
|switch|p1a: Archaludon|Archaludon, L50, M|100/100
|move|p2a: Maushold|Taunt|p1b: Venusaur
|-start|p1b: Venusaur|move: Taunt
|-curestatus|p2b: Kleavor|slp|[msg]
|move|p2b: Kleavor|Stone Axe|p1a: Archaludon|[miss]
|-miss|p2b: Kleavor|p1a: Archaludon
|move|p1b: Venusaur|Earth Power|p2b: Kleavor
|-damage|p2b: Kleavor|0 fnt
|faint|p2b: Kleavor
|
|-weather|Snowscape|[upkeep]
|upkeep
|
|t:|1784496535
|switch|p2b: Sylveon|Sylveon, L50, M|100/100
|turn|4
|
|t:|1784496549
|switch|p1b: Pelipper|Pelipper, L50, F|100/100
|-weather|RainDance|[from] ability: Drizzle|[of] p1b: Pelipper
|move|p2a: Maushold|Follow Me|p2a: Maushold
|-singleturn|p2a: Maushold|move: Follow Me
|move|p2b: Sylveon|Hyper Voice|p1b: Pelipper|[spread] p1a,p1b
|-damage|p1a: Archaludon|58/100
|-damage|p1b: Pelipper|35/100
|-ability|p1a: Archaludon|Stamina|boost
|-boost|p1a: Archaludon|def|1
|-enditem|p1b: Pelipper|Sitrus Berry|[eat]
|-heal|p1b: Pelipper|59/100|[from] item: Sitrus Berry
|move|p1a: Archaludon|Electro Shot||[still]
|-prepare|p1a: Archaludon|Electro Shot
|-boost|p1a: Archaludon|spa|1
|-anim|p1a: Archaludon|Electro Shot|p2a: Maushold
|-damage|p2a: Maushold|13/100
|
|-weather|RainDance|[upkeep]
|-heal|p1a: Archaludon|64/100|[from] item: Leftovers
|upkeep
|turn|5
|
|t:|1784496570
|move|p1b: Pelipper|Wide Guard|p1b: Pelipper
|-singleturn|p1b: Pelipper|Wide Guard
|move|p2a: Maushold|Population Bomb|p1b: Pelipper
|-damage|p1b: Pelipper|50/100g
|-damage|p1b: Pelipper|41/100
|-crit|p1b: Pelipper
|-damage|p1b: Pelipper|28/100
|-damage|p1b: Pelipper|20/100y
|-damage|p1b: Pelipper|11/100
|-damage|p1b: Pelipper|2/100
|-damage|p1b: Pelipper|0 fnt
|faint|p1b: Pelipper
|-hitcount|p1: Pelipper|7
|move|p2b: Sylveon|Moonblast|p1a: Archaludon
|-damage|p1a: Archaludon|17/100
|-ability|p1a: Archaludon|Stamina|boost
|-boost|p1a: Archaludon|def|1
|move|p1a: Archaludon|Electro Shot||[still]
|-prepare|p1a: Archaludon|Electro Shot
|-boost|p1a: Archaludon|spa|1
|-anim|p1a: Archaludon|Electro Shot|p2b: Sylveon
|-damage|p2b: Sylveon|58/100
|
|-weather|RainDance|[upkeep]
|-heal|p1a: Archaludon|23/100|[from] item: Leftovers
|upkeep
|
|t:|1784496595
|switch|p1b: Charizard|Charizard-Mega-Y, L50, M|58/100
|-weather|SunnyDay|[from] ability: Drought|[of] p1b: Charizard
|turn|6
|
|t:|1784496603
|move|p1a: Archaludon|Protect|p1a: Archaludon
|-singleturn|p1a: Archaludon|Protect
|move|p2a: Maushold|Population Bomb|p1b: Charizard
|-damage|p1b: Charizard|51/100
|-damage|p1b: Charizard|44/100
|-damage|p1b: Charizard|37/100
|-damage|p1b: Charizard|30/100
|-damage|p1b: Charizard|23/100
|-damage|p1b: Charizard|16/100
|-damage|p1b: Charizard|10/100
|-damage|p1b: Charizard|3/100
|-damage|p1b: Charizard|0 fnt
|faint|p1b: Charizard
|-hitcount|p1: Charizard|9
|move|p2b: Sylveon|Hyper Voice|p1a: Archaludon
|-activate|p1a: Archaludon|move: Protect
|
|-weather|SunnyDay|[upkeep]
|-heal|p1a: Archaludon|29/100|[from] item: Leftovers
|upkeep
|
|t:|1784496622
|switch|p1b: Venusaur|Venusaur, L50, F|1/100
|turn|7
|
|t:|1784496640
|move|p2a: Maushold|Follow Me|p2a: Maushold
|-singleturn|p2a: Maushold|move: Follow Me
|move|p1b: Venusaur|Sludge Bomb|p2a: Maushold
|-damage|p2a: Maushold|0 fnt
|faint|p2a: Maushold
|move|p2b: Sylveon|Hyper Voice|p1a: Archaludon|[spread] p1a,p1b
|-resisted|p1b: Venusaur|1
|-damage|p1a: Archaludon|0 fnt
|-damage|p1b: Venusaur|0 fnt
|faint|p1a: Archaludon
|faint|p1b: Venusaur
|
|win|Kattedragen50
|l|☆Kattedragen50
|player|p2|
|inactive|reshiee has 30 seconds to confirm battle start!
|inactive|Kattedragen50 has 30 seconds to confirm battle start!
