|j|☆x-demon18
|j|☆execute order 222
|html|x-demon18execute order 222    
|uhtml|bestof|Game 2 of a best-of-3
|t:|1784080392
|gametype|doubles
|player|p1|x-demon18|lucas|1158
|player|p2|execute order 222|courtney|1331
|gen|9
|tier|[Gen 9 Champions] VGC 2026 Reg M-B (Bo3)
|rated|
|rule|Species Clause: Limit one of each Pokémon
|rule|Item Clause: Limit 1 of each item
|clearpoke
|poke|p1|Incineroar, L50, F|
|poke|p1|Rotom-Wash, L50|
|poke|p1|Venusaur, L50, F|
|poke|p1|Garchomp, L50, M|
|poke|p1|Sylveon, L50, F|
|poke|p1|Corviknight, L50, F|
|poke|p2|Metagross, L50, shiny|
|poke|p2|Hydreigon, L50, F|
|poke|p2|Venusaur, L50, F|
|poke|p2|Primarina, L50, M|
|poke|p2|Lycanroc-Dusk, L50, M|
|poke|p2|Talonflame, L50, F, shiny|
|teampreview|4
|showteam|p1|Incineroar||ExpertBelt|Intimidate|FakeOut,TemperFlare,ThroatChop,PartingShot|Adamant||F|||50|]Rotom-Wash||SitrusBerry|Levitate|HydroPump,Electroweb,WillOWisp,VoltSwitch|Calm|||||50|]Venusaur||Venusaurite|Chlorophyll|GigaDrain,SludgeBomb,EarthPower,Protect|Modest||F|||50|]Garchomp||LifeOrb|RoughSkin|RockSlide,DragonClaw,StompingTantrum,Protect|Jolly||M|||50|]Sylveon||FairyFeather|Pixilate|HyperVoice,QuickAttack,Yawn,Detect|Modest||F|||50|]Corviknight||OccaBerry|MirrorArmor|Tailwind,BraveBird,IronHead,BodyPress|Careful||F|||50|
|showteam|p2|Metagross||Metagrossite|ClearBody|IronHead,PsychicFangs,IcePunch,Protect|Jolly|||||50|]Hydreigon||LifeOrb|Levitate|DarkPulse,DracoMeteor,EarthPower,Protect|Modest||F|||50|]Venusaur||Venusaurite|Chlorophyll|GigaDrain,SludgeBomb,EarthPower,Protect|Modest||F|||50|]Primarina||ExpertBelt|LiquidVoice|HyperVoice,Moonblast,IceBeam,Protect|Modest||M|||50|]Lycanroc-Dusk||FocusSash|ToughClaws|RockSlide,CloseCombat,Accelerock,Protect|Adamant||M|||50|]Talonflame||Charcoal|GaleWings|Overheat,Tailwind,QuickGuard,Taunt|Timid||F|||50|
|
|t:|1784080445
|teamsize|p1|4
|teamsize|p2|4
|start
|switch|p1a: HydroVolt|Rotom-Wash, L50|100/100
|switch|p1b: Griffith|Corviknight, L50, F|100/100
|switch|p2a: Jungle Dump|Venusaur, L50, F|100/100
|switch|p2b: Nanojump|Talonflame, L50, F, shiny|100/100
|turn|1
|
|t:|1784080476
|switch|p1a: Wolverine|Incineroar, L50, F|100/100
|-ability|p1a: Wolverine|Intimidate|boost
|-unboost|p2a: Jungle Dump|atk|1
|-unboost|p2b: Nanojump|atk|1
|detailschange|p2a: Jungle Dump|Venusaur-Mega, L50, F
|-mega|p2a: Jungle Dump|Venusaur|Venusaurite
|move|p2b: Nanojump|Taunt|p1b: Griffith
|-start|p1b: Griffith|move: Taunt
|move|p2a: Jungle Dump|Giga Drain|p1a: Wolverine
|-resisted|p1a: Wolverine|1
|-damage|p1a: Wolverine|85/100
|cant|p1b: Griffith|move: Taunt|Tailwind
|
|upkeep
|turn|2
|
|t:|1784080512
|move|p2a: Jungle Dump|Protect|p2a: Jungle Dump
|-singleturn|p2a: Jungle Dump|Protect
|move|p2b: Nanojump|Tailwind|p2b: Nanojump
|-sidestart|p2: execute order 222|move: Tailwind
|move|p1b: Griffith|Brave Bird|p2a: Jungle Dump
|-activate|p2a: Jungle Dump|move: Protect
|move|p1a: Wolverine|Throat Chop|p2b: Nanojump
|-damage|p2b: Nanojump|42/100
|-start|p2b: Nanojump|Throat Chop|[silent]
|
|upkeep
|turn|3
|
|t:|1784080535
|switch|p1a: HydroVolt|Rotom-Wash, L50|100/100
|move|p2b: Nanojump|Overheat|p1b: Griffith|[miss]
|-miss|p2b: Nanojump|p1b: Griffith
|move|p2a: Jungle Dump|Earth Power|p1a: HydroVolt
|-immune|p1a: HydroVolt|[from] ability: Levitate
|move|p1b: Griffith|Brave Bird|p2a: Jungle Dump
|-supereffective|p2a: Jungle Dump|1
|-damage|p2a: Jungle Dump|27/100
|-damage|p1b: Griffith|76/100|[from] Recoil
|
|-end|p1b: Griffith|move: Taunt
|-end|p2b: Nanojump|Throat Chop|[silent]
|upkeep
|turn|4
|
|t:|1784080557
|switch|p1a: Wolverine|Incineroar, L50, F|85/100
|-ability|p1a: Wolverine|Intimidate|boost
|-unboost|p2a: Jungle Dump|atk|1
|-unboost|p2b: Nanojump|atk|1
|move|p2b: Nanojump|Taunt|p1b: Griffith
|-start|p1b: Griffith|move: Taunt
|move|p2a: Jungle Dump|Giga Drain|p1a: Wolverine
|-resisted|p1a: Wolverine|1
|-damage|p1a: Wolverine|68/100
|-heal|p2a: Jungle Dump|37/100|[from] drain|[of] p1a: Wolverine
|cant|p1b: Griffith|move: Taunt|Tailwind
|
|upkeep
|turn|5
|
|t:|1784080583
|move|p2b: Nanojump|Quick Guard|p2b: Nanojump
|-singleturn|p2b: Nanojump|Quick Guard
|move|p2a: Jungle Dump|Earth Power|p1a: Wolverine
|-supereffective|p1a: Wolverine|1
|-damage|p1a: Wolverine|14/100
|move|p1b: Griffith|Brave Bird|p2a: Jungle Dump
|-supereffective|p2a: Jungle Dump|1
|-damage|p2a: Jungle Dump|0 fnt
|faint|p2a: Jungle Dump
|-damage|p1b: Griffith|65/100|[from] Recoil
|move|p1a: Wolverine|Throat Chop|p2b: Nanojump
|-damage|p2b: Nanojump|0 fnt
|faint|p2b: Nanojump
|
|-sideend|p2: execute order 222|move: Tailwind
|upkeep
|
|t:|1784080592
|switch|p2b: Orochi|Hydreigon, L50, F|100/100
|switch|p2a: Yo-chan|Primarina, L50, M|100/100
|turn|6
|
|t:|1784080614
|move|p2b: Orochi|Dark Pulse|p1b: Griffith
|-crit|p1b: Griffith
|-damage|p1b: Griffith|0 fnt
|faint|p1b: Griffith
|-damage|p2b: Orochi|90/100|[from] item: Life Orb
|move|p2a: Yo-chan|Hyper Voice|p1a: Wolverine
|-supereffective|p1a: Wolverine|1
|-damage|p1a: Wolverine|0 fnt
|faint|p1a: Wolverine
|
|upkeep
|
|t:|1784080626
|switch|p1b: HydroVolt|Rotom-Wash, L50|100/100
|switch|p1a: Yggdrasil|Venusaur, L50, F|100/100
|turn|7
|
|t:|1784080658
|detailschange|p1a: Yggdrasil|Venusaur-Mega, L50, F
|-mega|p1a: Yggdrasil|Venusaur|Venusaurite
|move|p2b: Orochi|Draco Meteor|p1a: Yggdrasil
|-damage|p1a: Yggdrasil|17/100
|-unboost|p2b: Orochi|spa|2
|-damage|p2b: Orochi|81/100|[from] item: Life Orb
|move|p1a: Yggdrasil|Giga Drain|p2a: Yo-chan
|-supereffective|p2a: Yo-chan|1
|-damage|p2a: Yo-chan|27/100
|-heal|p1a: Yggdrasil|53/100|[from] drain|[of] p2a: Yo-chan
|move|p1b: HydroVolt|Electroweb|p2a: Yo-chan|[spread] p2a,p2b
|-supereffective|p2a: Yo-chan|1
|-resisted|p2b: Orochi|1
|-damage|p2a: Yo-chan|0 fnt
|-damage|p2b: Orochi|71/100
|-unboost|p2b: Orochi|spe|1
|faint|p2a: Yo-chan
|
|upkeep
|turn|8
|
|t:|1784080679
|move|p1a: Yggdrasil|Protect|p1a: Yggdrasil
|-singleturn|p1a: Yggdrasil|Protect
|move|p1b: HydroVolt|Electroweb|p2b: Orochi
|-resisted|p2b: Orochi|1
|-damage|p2b: Orochi|58/100
|-unboost|p2b: Orochi|spe|1
|move|p2b: Orochi|Dark Pulse|p1a: Yggdrasil
|-activate|p1a: Yggdrasil|move: Protect
|
|upkeep
|turn|9
|-message|execute order 222 forfeited.
|
|win|x-demon18
|l|☆execute order 222
|player|p2|
||execute order 222 is ready for game 3.
