|j|☆LaF101
|j|☆Warlock3.0
|html|LaF101Warlock3.0    
|uhtml|bestof|Game 1 of a best-of-3
|t:|1756401461
|gametype|doubles
|player|p1|LaF101|rood|1033
|player|p2|Warlock3.0|170|1077
|gen|9
|tier|[Gen 9] VGC 2025 Reg H (Bo3)
|rated|
|rule|Species Clause: Limit one of each Pokémon
|rule|Item Clause: Limit 1 of each item
|clearpoke
|poke|p1|Pelipper, L50, F|
|poke|p1|Archaludon, L50, F|
|poke|p1|Annihilape, L50, F|
|poke|p1|Maushold, L50|
|poke|p1|Sinistcha, L50|
|poke|p1|Incineroar, L50, F|
|poke|p2|Hatterene, L50, F|
|poke|p2|Ursaluna, L50, F|
|poke|p2|Torkoal, L50, M|
|poke|p2|Charizard, L50, M|
|poke|p2|Jumpluff, L50, F|
|poke|p2|Indeedee-F, L50, F|
|teampreview|4
|showteam|p1|Pelipper||FocusSash|Drizzle|WeatherBall,Hurricane,Tailwind,Protect|||F|||50|,,,,,Ghost]Archaludon||AssaultVest|Stamina|ElectroShot,BodyPress,FlashCannon,Snarl|||F|||50|,,,,,Bug]Annihilape||Leftovers|Defiant|RageFist,DrainPunch,BulkUp,Protect|||F|||50|,,,,,Water]Maushold||RockyHelmet|FriendGuard|FollowMe,BeatUp,Taunt,Protect||||||50|,,,,,Grass]Sinistcha||SitrusBerry|Hospitality|MatchaGotcha,RagePowder,TrickRoom,LifeDew||||||50|,,,,,Water]Incineroar||SafetyGoggles|Intimidate|FlareBlitz,KnockOff,FakeOut,PartingShot|||F|||50|,,,,,Fire
|showteam|p2|Hatterene||SafetyGoggles|MagicBounce|TrickRoom,ExpandingForce,DazzlingGleam,Protect|||F|||50|,,,,,Ghost]Ursaluna||FlameOrb|Guts|Facade,HeadlongRush,Earthquake,Protect|||F|||50|,,,,,Ghost]Torkoal||Leftovers|Drought|Eruption,HeatWave,Protect,Overheat|||M|||50|,,,,,Fire]Charizard||ChoiceSpecs|SolarPower|WeatherBall,HeatWave,SolarBeam,Overheat|||M|||50|,,,,,Grass]Jumpluff||CovertCloak|Chlorophyll|Tailwind,SleepPowder,Acrobatics,Protect|||F|||50|,,,,,Dark]Indeedee-F||PsychicSeed|PsychicSurge|FollowMe,TrickRoom,Psychic,FakeOut|||F|||50|,,,,,Ghost
|inactive|Battle timer is ON: inactive players will automatically lose when time's up. (requested by Warlock3.0)
|inactive|LaF101 also wants the timer to be on.
|
|t:|1756401490
|teamsize|p1|4
|teamsize|p2|4
|start
|switch|p1a: Annihilape|Annihilape, L50, F|100/100
|switch|p1b: Maushold|Maushold, L50|100/100
|switch|p2a: Torkoal|Torkoal, L50, M|100/100
|switch|p2b: Jumpluff|Jumpluff, L50, F|100/100
|-weather|SunnyDay|[from] ability: Drought|[of] p2a: Torkoal
|turn|1
|
|t:|1756401502
|switch|p1b: Pelipper|Pelipper, L50, F|100/100
|-weather|RainDance|[from] ability: Drizzle|[of] p1b: Pelipper
|move|p2b: Jumpluff|Sleep Powder|p1a: Annihilape
|-status|p1a: Annihilape|slp|[from] move: Sleep Powder
|cant|p1a: Annihilape|slp
|move|p2a: Torkoal|Eruption|p1b: Pelipper|[spread] p1a,p1b
|-resisted|p1b: Pelipper
|-damage|p1a: Annihilape|75/100 slp
|-damage|p1b: Pelipper|81/100
|
|-weather|RainDance|[upkeep]
|-heal|p1a: Annihilape|81/100 slp|[from] item: Leftovers
|upkeep
|turn|2
|
|t:|1756401526
|switch|p2a: Ursaluna|Ursaluna, L50, F|100/100
|move|p2b: Jumpluff|Tailwind|p2b: Jumpluff
|-sidestart|p2: Warlock3.0|move: Tailwind
|cant|p1a: Annihilape|slp
|move|p1b: Pelipper|Tailwind|p1b: Pelipper
|-sidestart|p1: LaF101|move: Tailwind
|
|-weather|RainDance|[upkeep]
|-heal|p1a: Annihilape|87/100 slp|[from] item: Leftovers
|-status|p2a: Ursaluna|brn|[from] item: Flame Orb
|upkeep
|turn|3
|
|t:|1756401551
|-terastallize|p1a: Annihilape|Water
|move|p2b: Jumpluff|Acrobatics|p1a: Annihilape
|-damage|p1a: Annihilape|75/100 slp
|cant|p1a: Annihilape|slp
|move|p1b: Pelipper|Hurricane|p2b: Jumpluff
|-supereffective|p2b: Jumpluff
|-damage|p2b: Jumpluff|0 fnt
|faint|p2b: Jumpluff
|move|p2a: Ursaluna|Facade|p1b: Pelipper
|-damage|p1b: Pelipper|0 fnt
|faint|p1b: Pelipper
|
|-weather|RainDance|[upkeep]
|-heal|p1a: Annihilape|81/100 slp|[from] item: Leftovers
|-damage|p2a: Ursaluna|94/100 brn|[from] brn
|upkeep
|
|t:|1756401566
|switch|p2b: Torkoal|Torkoal, L50, M|100/100
|switch|p1b: Archaludon|Archaludon, L50, F|100/100
|-weather|SunnyDay|[from] ability: Drought|[of] p2b: Torkoal
|turn|4
|
|t:|1756401582
|-curestatus|p1a: Annihilape|slp|[msg]
|move|p1a: Annihilape|Drain Punch|p2a: Ursaluna
|-supereffective|p2a: Ursaluna
|-damage|p2a: Ursaluna|45/100 brn
|-heal|p1a: Annihilape|100/100|[from] drain|[of] p2a: Ursaluna
|move|p1b: Archaludon|Snarl|p2a: Ursaluna|[spread] p2a,p2b
|-damage|p2a: Ursaluna|35/100 brn
|-damage|p2b: Torkoal|87/100
|-unboost|p2a: Ursaluna|spa|1
|-unboost|p2b: Torkoal|spa|1
|move|p2a: Ursaluna|Facade|p1a: Annihilape
|-damage|p1a: Annihilape|0 fnt
|faint|p1a: Annihilape
|move|p2b: Torkoal|Heat Wave|p1b: Archaludon
|-damage|p1b: Archaludon|74/100
|-ability|p1b: Archaludon|Stamina|boost
|-boost|p1b: Archaludon|def|1
|
|-weather|SunnyDay|[upkeep]
|-heal|p2b: Torkoal|93/100|[from] item: Leftovers
|-damage|p2a: Ursaluna|29/100 brn|[from] brn
|upkeep
|
|t:|1756401596
|switch|p1a: Maushold|Maushold, L50|100/100
|turn|5
|
|t:|1756401617
|move|p1a: Maushold|Follow Me|p1a: Maushold
|-singleturn|p1a: Maushold|move: Follow Me
|move|p1b: Archaludon|Snarl|p2a: Ursaluna|[spread] p2a,p2b
|-damage|p2a: Ursaluna|19/100 brn
|-damage|p2b: Torkoal|80/100
|-unboost|p2a: Ursaluna|spa|1
|-unboost|p2b: Torkoal|spa|1
|move|p2a: Ursaluna|Headlong Rush|p1a: Maushold
|-damage|p1a: Maushold|0 fnt
|-unboost|p2a: Ursaluna|def|1
|-unboost|p2a: Ursaluna|spd|1
|-damage|p2a: Ursaluna|2/100 brn|[from] item: Rocky Helmet|[of] p1a: Maushold
|faint|p1a: Maushold
|move|p2b: Torkoal|Overheat|p1b: Archaludon
|-damage|p1b: Archaludon|47/100
|-unboost|p2b: Torkoal|spa|2
|-ability|p1b: Archaludon|Stamina|boost
|-boost|p1b: Archaludon|def|1
|
|-weather|SunnyDay|[upkeep]
|-heal|p2b: Torkoal|86/100|[from] item: Leftovers
|-damage|p2a: Ursaluna|0 fnt|[from] brn
|faint|p2a: Ursaluna
|-sideend|p1: LaF101|move: Tailwind
|-sideend|p2: Warlock3.0|move: Tailwind
|upkeep
|
|t:|1756401637
|switch|p2a: Charizard|Charizard, L50, M|100/100
|turn|6
|
|t:|1756401647
|move|p2a: Charizard|Weather Ball|p1b: Archaludon
|-damage|p1b: Archaludon|0 fnt
|faint|p1b: Archaludon
|
|win|Warlock3.0
|l|☆LaF101
|player|p1|
