|j|☆TORVEX
|j|☆UndeadParadox
|html|TORVEXUndeadParadox    
|uhtml|bestof|Game 2 of a best-of-3
|t:|1756790177
|gametype|doubles
|player|p1|TORVEX|acetrainer-gen4dp|1197
|player|p2|UndeadParadox|guitarist|1251
|gen|9
|tier|[Gen 9] VGC 2025 Reg H (Bo3)
|rated|
|rule|Species Clause: Limit one of each Pokémon
|rule|Item Clause: Limit 1 of each item
|clearpoke
|poke|p1|Incineroar, L50, F|
|poke|p1|Sinistcha, L50|
|poke|p1|Garchomp, L50, M|
|poke|p1|Pelipper, L50, M|
|poke|p1|Palafin, L50, M|
|poke|p1|Archaludon, L50, F|
|poke|p2|Sneasler, L50, F|
|poke|p2|Rillaboom, L50, M|
|poke|p2|Incineroar, L50, M|
|poke|p2|Gholdengo, L50|
|poke|p2|Hydreigon, L50, F|
|poke|p2|Gengar, L50, F|
|teampreview|4
|showteam|p1|Incineroar||SafetyGoggles|Intimidate|FakeOut,WillOWisp,KnockOff,PartingShot|||F|||50|,,,,,Grass]Sinistcha||BigRoot|Hospitality|Protect,RagePowder,MatchaGotcha,Hex||||||50|,,,,,Fire]Garchomp||LoadedDice|RoughSkin|Protect,ScaleShot,StompingTantrum,SwordsDance|||M|||50|,,,,,Steel]Pelipper||RockyHelmet|Drizzle|Protect,Tailwind,WeatherBall,Hurricane|||M|||50|,,,,,Ghost]Palafin||MysticWater|ZerotoHero|Protect,WaveCrash,JetPunch,DrainPunch|||M|||50|,,,,,Water]Archaludon||AssaultVest|Stamina|DragonPulse,FlashCannon,ElectroShot,BodyPress|||F|||50|,,,,,Grass
|showteam|p2|Sneasler||GrassySeed|Unburden|CloseCombat,DireClaw,Acrobatics,Protect|||F|||50|,,,,,Flying]Rillaboom||AssaultVest|GrassySurge|WoodHammer,GrassyGlide,FakeOut,HighHorsepower|||M|||50|,,,,,Fire]Incineroar||SafetyGoggles|Intimidate|FlareBlitz,KnockOff,PartingShot,FakeOut|||M|||50|,,,,,Ghost]Gholdengo||MetalCoat|GoodasGold|Protect,MakeItRain,ShadowBall,NastyPlot||||||50|,,,,,Water]Hydreigon||LifeOrb|Levitate|Flamethrower,DracoMeteor,DarkPulse,Protect|||F|||50|,,,,,Fire]Gengar||FocusSash|CursedBody|ShadowBall,Haze,Taunt,IcyWind|||F|||50|,,,,,Ghost
|inactive|Battle timer is ON: inactive players will automatically lose when time's up. (requested by TORVEX)
|inactive|UndeadParadox has 60 seconds left.
|
|t:|1756790229
|teamsize|p1|4
|teamsize|p2|4
|start
|switch|p1a: Palafin|Palafin, L50, M|100/100
|switch|p1b: Archaludon|Archaludon, L50, F|100/100
|switch|p2a: Hydreigon|Hydreigon, L50, F, shiny|100/100
|switch|p2b: Incineroar|Incineroar, L50, M, shiny|100/100
|-ability|p2b: Incineroar|Intimidate|boost
|-unboost|p1a: Palafin|atk|1
|-unboost|p1b: Archaludon|atk|1
|turn|1
|
|t:|1756790250
|detailschange|p1a: Palafin|Palafin-Hero, L50, M
|switch|p1a: Incineroar|Incineroar, L50, F|100/100
|-ability|p1a: Incineroar|Intimidate|boost
|-unboost|p2a: Hydreigon|atk|1
|-unboost|p2b: Incineroar|atk|1
|switch|p1b: Pelipper|Pelipper, L50, M|100/100
|-weather|RainDance|[from] ability: Drizzle|[of] p1b: Pelipper
|move|p2a: Hydreigon|Protect|p2a: Hydreigon
|-singleturn|p2a: Hydreigon|Protect
|move|p2b: Incineroar|Parting Shot|p1b: Pelipper
|-unboost|p1b: Pelipper|atk|1
|-unboost|p1b: Pelipper|spa|1
|
|t:|1756790261
|switch|p2b: Rillaboom|Rillaboom, L50, M|100/100|[from] Parting Shot
|-fieldstart|move: Grassy Terrain|[from] ability: Grassy Surge|[of] p2b: Rillaboom
|
|-weather|RainDance|[upkeep]
|upkeep
|turn|2
|
|t:|1756790277
|switch|p2b: Incineroar|Incineroar, L50, M, shiny|100/100
|-ability|p2b: Incineroar|Intimidate|boost
|-unboost|p1a: Incineroar|atk|1
|-unboost|p1b: Pelipper|atk|1
|move|p2a: Hydreigon|Draco Meteor|p1b: Pelipper|[miss]
|-miss|p2a: Hydreigon|p1b: Pelipper
|move|p1b: Pelipper|Tailwind|p1b: Pelipper
|-sidestart|p1: TORVEX|move: Tailwind
|move|p1a: Incineroar|Knock Off|p2a: Hydreigon
|-resisted|p2a: Hydreigon
|-damage|p2a: Hydreigon|87/100
|-enditem|p2a: Hydreigon|Life Orb|[from] move: Knock Off|[of] p1a: Incineroar
|
|-weather|RainDance|[upkeep]
|upkeep
|turn|3
|inactive|UndeadParadox has 30 seconds left.
|inactive|UndeadParadox has 20 seconds left.
|
|t:|1756790316
|switch|p2b: Rillaboom|Rillaboom, L50, M|100/100
|move|p1b: Pelipper|Weather Ball|p2b: Rillaboom
|-resisted|p2b: Rillaboom
|-damage|p2b: Rillaboom|87/100
|move|p2a: Hydreigon|Draco Meteor|p1b: Pelipper
|-damage|p1b: Pelipper|0 fnt
|-unboost|p2a: Hydreigon|spa|2
|faint|p1b: Pelipper
|move|p1a: Incineroar|Parting Shot|p2a: Hydreigon
|-unboost|p2a: Hydreigon|atk|1
|-unboost|p2a: Hydreigon|spa|1
|
|t:|1756790326
|switch|p1a: Archaludon|Archaludon, L50, F|100/100|[from] Parting Shot
|
|-weather|RainDance|[upkeep]
|-heal|p2b: Rillaboom|93/100|[from] Grassy Terrain
|upkeep
|
|t:|1756790328
|switch|p1b: Incineroar|Incineroar, L50, F|100/100
|-ability|p1b: Incineroar|Intimidate|boost
|-unboost|p2a: Hydreigon|atk|1
|-unboost|p2b: Rillaboom|atk|1
|turn|4
|inactive|UndeadParadox has 30 seconds left.
|inactive|UndeadParadox has 20 seconds left.
|
|t:|1756790365
|switch|p2a: Sneasler|Sneasler, L50, F, shiny|100/100
|-enditem|p2a: Sneasler|Grassy Seed
|-boost|p2a: Sneasler|def|1|[from] item: Grassy Seed
|move|p1a: Archaludon|Electro Shot||[still]
|-prepare|p1a: Archaludon|Electro Shot
|-boost|p1a: Archaludon|spa|1
|-anim|p1a: Archaludon|Electro Shot|p2a: Sneasler
|-damage|p2a: Sneasler|11/100
|move|p1b: Incineroar|Will-O-Wisp|p2b: Rillaboom
|-status|p2b: Rillaboom|brn
|move|p2b: Rillaboom|High Horsepower|p1b: Incineroar
|-supereffective|p1b: Incineroar
|-crit|p1b: Incineroar
|-damage|p1b: Incineroar|56/100
|
|-weather|RainDance|[upkeep]
|-heal|p2a: Sneasler|17/100|[from] Grassy Terrain
|-heal|p1b: Incineroar|62/100|[from] Grassy Terrain
|-heal|p2b: Rillaboom|99/100 brn|[from] Grassy Terrain
|-damage|p2b: Rillaboom|93/100 brn|[from] brn
|upkeep
|turn|5
|inactive|UndeadParadox has 30 seconds left.
|inactive|UndeadParadox has 20 seconds left.
|inactive|UndeadParadox has 15 seconds left.
|
|t:|1756790405
|switch|p2b: Incineroar|Incineroar, L50, M, shiny|100/100
|-ability|p2b: Incineroar|Intimidate|boost
|-unboost|p1a: Archaludon|atk|1
|-unboost|p1b: Incineroar|atk|1
|-terastallize|p1a: Archaludon|Grass
|move|p2a: Sneasler|Close Combat|p1a: Archaludon
|-damage|p1a: Archaludon|54/100
|-unboost|p2a: Sneasler|def|1
|-unboost|p2a: Sneasler|spd|1
|-ability|p1a: Archaludon|Stamina|boost
|-boost|p1a: Archaludon|def|1
|move|p1a: Archaludon|Electro Shot||[still]
|-prepare|p1a: Archaludon|Electro Shot
|-boost|p1a: Archaludon|spa|1
|-anim|p1a: Archaludon|Electro Shot|p2b: Incineroar
|-damage|p2b: Incineroar|18/100
|move|p1b: Incineroar|Will-O-Wisp|p2a: Sneasler|[miss]
|-miss|p1b: Incineroar|p2a: Sneasler
|
|-weather|none
|-heal|p2a: Sneasler|23/100|[from] Grassy Terrain
|-heal|p1a: Archaludon|60/100|[from] Grassy Terrain
|-heal|p1b: Incineroar|68/100|[from] Grassy Terrain
|-heal|p2b: Incineroar|24/100|[from] Grassy Terrain
|-sideend|p1: TORVEX|move: Tailwind
|-fieldend|move: Grassy Terrain
|upkeep
|turn|6
|inactive|TORVEX has 30 seconds left.
|inactive|UndeadParadox has 30 seconds left.
|
|t:|1756790432
|move|p2b: Incineroar|Fake Out|p1a: Archaludon
|-crit|p1a: Archaludon
|-damage|p1a: Archaludon|44/100
|-ability|p1a: Archaludon|Stamina|boost
|-boost|p1a: Archaludon|def|1
|move|p2a: Sneasler|Close Combat|p1b: Incineroar
|-supereffective|p1b: Incineroar
|-damage|p1b: Incineroar|0 fnt
|-unboost|p2a: Sneasler|def|1
|-unboost|p2a: Sneasler|spd|1
|faint|p1b: Incineroar
|cant|p1a: Archaludon|flinch
|
|upkeep
|
|t:|1756790434
|switch|p1b: Palafin|Palafin-Hero, L50, M|100/100
|-activate|p1b: Palafin|ability: Zero to Hero
|turn|7
|
|t:|1756790452
|move|p1b: Palafin|Jet Punch|p2a: Sneasler
|-damage|p2a: Sneasler|0 fnt
|faint|p2a: Sneasler
|move|p1a: Archaludon|Dragon Pulse|p2b: Incineroar
|-damage|p2b: Incineroar|0 fnt
|faint|p2b: Incineroar
|
|upkeep
|
|t:|1756790457
|switch|p2a: Rillaboom|Rillaboom, L50, M|93/100 brn
|switch|p2b: Hydreigon|Hydreigon, L50, F, shiny|87/100
|-fieldstart|move: Grassy Terrain|[from] ability: Grassy Surge|[of] p2a: Rillaboom
|turn|8
|
|t:|1756790465
|move|p2b: Hydreigon|Flamethrower|p1a: Archaludon
|-supereffective|p1a: Archaludon
|-damage|p1a: Archaludon|0 fnt
|faint|p1a: Archaludon
|move|p1b: Palafin|Drain Punch|p2b: Hydreigon
|-supereffective|p2b: Hydreigon
|-damage|p2b: Hydreigon|19/100
|move|p2a: Rillaboom|Wood Hammer|p1b: Palafin
|-supereffective|p1b: Palafin
|-damage|p1b: Palafin|35/100
|-damage|p2a: Rillaboom|72/100 brn|[from] Recoil
|
|-heal|p1b: Palafin|41/100|[from] Grassy Terrain
|-heal|p2a: Rillaboom|78/100 brn|[from] Grassy Terrain
|-damage|p2a: Rillaboom|72/100 brn|[from] brn
|upkeep
|turn|9
|-message|TORVEX forfeited.
|
|win|UndeadParadox
|raw|TORVEX's rating: 1197 → 1176(-21 for losing)
|raw|UndeadParadox's rating: 1251 → 1272(+21 for winning)
|l|☆TORVEX
|player|p1|
