|j|☆Da Newnew
|j|☆Daniw9
|html|Da NewnewDaniw9    
|uhtml|bestof|Game 3 of a best-of-3
|t:|1756390083
|gametype|doubles
|player|p1|Da Newnew|101|1107
|player|p2|Daniw9|101|1208
|gen|9
|tier|[Gen 9] VGC 2025 Reg H (Bo3)
|rated|
|rule|Species Clause: Limit one of each Pokémon
|rule|Item Clause: Limit 1 of each item
|clearpoke
|poke|p1|Tyranitar, L50, F|
|poke|p1|Volcarona, L50, F|
|poke|p1|Houndstone, L50, M|
|poke|p1|Sneasler, L50, F|
|poke|p1|Rillaboom, L50, M|
|poke|p1|Dragonite, L50, M|
|poke|p2|Garchomp, L50, M|
|poke|p2|Tyranitar, L50, F|
|poke|p2|Delphox, L50, M|
|poke|p2|Indeedee-F, L50, F|
|poke|p2|Gallade, L50, M|
|poke|p2|Whimsicott, L50, F|
|teampreview|4
|showteam|p1|Tyranitar||AssaultVest|SandStream|RockSlide,KnockOff,TeraBlast,LowKick|||F|||50|,,,,,Flying]Volcarona||Leftovers|FlameBody|HeatWave,GigaDrain,QuiverDance,Protect|||F|||50|,,,,,Dragon]Houndstone||ClearAmulet|SandRush|Protect,LastRespects,PsychicFangs,Poltergeist|||M|||50|,,,,,Ghost]Sneasler||GrassySeed|Unburden|Protect,DireClaw,CloseCombat,Coaching|||F|||50|,,,,,Stellar]Rillaboom||MiracleSeed|GrassySurge|FakeOut,GrassyGlide,WoodHammer,HighHorsepower|||M|||50|,,,,,Fire]Dragonite||LoadedDice|Multiscale|ScaleShot,Haze,Tailwind,ExtremeSpeed|||M|||50|,,,,,Dragon
|showteam|p2|Garchomp||LifeOrb|SandVeil|Earthquake,StompingTantrum,Protect,DragonClaw|||M|||50|,,,,,Steel]Tyranitar||AssaultVest|SandStream|RockSlide,TeraBlast,KnockOff,LowKick|||F|||50|,,,,,Flying]Delphox||PsychicSeed|Magician|ExpandingForce,HeatWave,TeraBlast,Protect|||M|||50|,,,,,Fairy]Indeedee-F||SafetyGoggles|PsychicSurge|DazzlingGleam,TrickRoom,FollowMe,HelpingHand|||F|||50|,,,,,Water]Gallade||ClearAmulet|Sharpness|SacredSword,PsychoCut,TrickRoom,Protect|||M|||50|,,,,,Grass]Whimsicott||CovertCloak|Prankster|Moonblast,Tailwind,Encore,Protect|||F|||50|,,,,,Ghost
|
|t:|1756390132
|teamsize|p1|4
|teamsize|p2|4
|start
|switch|p1a: Sneasler|Sneasler, L50, F|100/100
|switch|p1b: Dragonite|Dragonite, L50, M|100/100
|switch|p2a: Tyranitar|Tyranitar, L50, F|100/100
|switch|p2b: Whimsicott|Whimsicott, L50, F|100/100
|-weather|Sandstorm|[from] ability: Sand Stream|[of] p2a: Tyranitar
|turn|1
|
|t:|1756390177
|-terastallize|p2a: Tyranitar|Flying
|move|p2b: Whimsicott|Protect|p2b: Whimsicott
|-singleturn|p2b: Whimsicott|Protect
|move|p1a: Sneasler|Close Combat|p2a: Tyranitar
|-resisted|p2a: Tyranitar
|-damage|p2a: Tyranitar|75/100
|-unboost|p1a: Sneasler|def|1
|-unboost|p1a: Sneasler|spd|1
|move|p1b: Dragonite|Scale Shot|p2a: Tyranitar
|-damage|p2a: Tyranitar|65/100
|-damage|p2a: Tyranitar|54/100
|-damage|p2a: Tyranitar|43/100
|-damage|p2a: Tyranitar|33/100
|-damage|p2a: Tyranitar|22/100
|-hitcount|p2a: Tyranitar|5
|-unboost|p1b: Dragonite|def|1
|-boost|p1b: Dragonite|spe|1
|move|p2a: Tyranitar|Tera Blast|p1a: Sneasler|[anim] Tera Blast Flying
|-supereffective|p1a: Sneasler
|-damage|p1a: Sneasler|0 fnt
|faint|p1a: Sneasler
|
|-weather|Sandstorm|[upkeep]
|-damage|p1b: Dragonite|94/100|[from] Sandstorm
|-damage|p2b: Whimsicott|95/100|[from] Sandstorm
|-damage|p2a: Tyranitar|17/100|[from] Sandstorm
|upkeep
|
|t:|1756390205
|switch|p1a: Volcarona|Volcarona, L50, F|100/100
|turn|2
|
|t:|1756390232
|-terastallize|p1a: Volcarona|Dragon
|move|p1b: Dragonite|Extreme Speed|p2a: Tyranitar
|-damage|p2a: Tyranitar|0 fnt
|faint|p2a: Tyranitar
|move|p2b: Whimsicott|Tailwind|p2b: Whimsicott
|-sidestart|p2: Daniw9|move: Tailwind
|move|p1a: Volcarona|Heat Wave|p2b: Whimsicott
|-supereffective|p2b: Whimsicott
|-damage|p2b: Whimsicott|0 fnt
|faint|p2b: Whimsicott
|
|-weather|Sandstorm|[upkeep]
|-damage|p1b: Dragonite|88/100|[from] Sandstorm
|-damage|p1a: Volcarona|94/100|[from] Sandstorm
|-heal|p1a: Volcarona|100/100|[from] item: Leftovers
|upkeep
|
|t:|1756390264
|switch|p2b: Indeedee|Indeedee-F, L50, F|100/100
|switch|p2a: Gallade|Gallade, L50, M|100/100
|-fieldstart|move: Psychic Terrain|[from] ability: Psychic Surge|[of] p2b: Indeedee
|turn|3
|
|t:|1756390285
|switch|p1a: Rillaboom|Rillaboom, L50, M|100/100
|-fieldstart|move: Grassy Terrain|[from] ability: Grassy Surge|[of] p1a: Rillaboom
|move|p2a: Gallade|Protect|p2a: Gallade
|-singleturn|p2a: Gallade|Protect
|move|p1b: Dragonite|Scale Shot|p2a: Gallade
|-activate|p2a: Gallade|move: Protect
|move|p2b: Indeedee|Trick Room|p2b: Indeedee
|-fieldstart|move: Trick Room|[of] p2b: Indeedee
|
|-weather|Sandstorm|[upkeep]
|-damage|p1a: Rillaboom|95/100|[from] Sandstorm
|-damage|p2a: Gallade|95/100|[from] Sandstorm
|-damage|p1b: Dragonite|82/100|[from] Sandstorm
|-heal|p1a: Rillaboom|100/100|[from] Grassy Terrain
|-heal|p2a: Gallade|100/100|[from] Grassy Terrain
|upkeep
|turn|4
|
|t:|1756390322
|move|p2a: Gallade|Protect|p2a: Gallade
|-singleturn|p2a: Gallade|Protect
|move|p1a: Rillaboom|Fake Out|p2a: Gallade
|-activate|p2a: Gallade|move: Protect
|move|p2b: Indeedee|Dazzling Gleam|p1b: Dragonite|[spread] p1a,p1b
|-supereffective|p1b: Dragonite
|-damage|p1a: Rillaboom|86/100
|-damage|p1b: Dragonite|56/100
|move|p1b: Dragonite|Scale Shot|p2a: Gallade
|-activate|p2a: Gallade|move: Protect
|
|-weather|Sandstorm|[upkeep]
|-damage|p1a: Rillaboom|80/100|[from] Sandstorm
|-damage|p2a: Gallade|95/100|[from] Sandstorm
|-damage|p1b: Dragonite|50/100|[from] Sandstorm
|-heal|p1a: Rillaboom|86/100|[from] Grassy Terrain
|-heal|p2a: Gallade|100/100|[from] Grassy Terrain
|upkeep
|turn|5
|
|t:|1756390340
|move|p2b: Indeedee|Follow Me|p2b: Indeedee
|-singleturn|p2b: Indeedee|move: Follow Me
|move|p1a: Rillaboom|Wood Hammer|p2b: Indeedee
|-damage|p2b: Indeedee|10/100
|-damage|p1a: Rillaboom|60/100|[from] Recoil
|move|p2a: Gallade|Psycho Cut|p1b: Dragonite
|-damage|p1b: Dragonite|0 fnt
|faint|p1b: Dragonite
|
|-weather|none
|-heal|p1a: Rillaboom|66/100|[from] Grassy Terrain
|-heal|p2b: Indeedee|16/100|[from] Grassy Terrain
|-sideend|p2: Daniw9|move: Tailwind
|upkeep
|
|t:|1756390353
|switch|p1b: Volcarona|Volcarona, L50, F, tera:Dragon|100/100
|turn|6
|
|t:|1756390366
|move|p2b: Indeedee|Follow Me|p2b: Indeedee
|-singleturn|p2b: Indeedee|move: Follow Me
|move|p1a: Rillaboom|Grassy Glide|p2b: Indeedee
|-damage|p2b: Indeedee|0 fnt
|faint|p2b: Indeedee
|move|p2a: Gallade|Sacred Sword|p1a: Rillaboom
|-damage|p1a: Rillaboom|0 fnt
|faint|p1a: Rillaboom
|move|p1b: Volcarona|Quiver Dance|p1b: Volcarona
|-boost|p1b: Volcarona|spa|1
|-boost|p1b: Volcarona|spd|1
|-boost|p1b: Volcarona|spe|1
|
|upkeep
|turn|7
|
|t:|1756390380
|move|p1b: Volcarona|Protect|p1b: Volcarona
|-singleturn|p1b: Volcarona|Protect
|move|p2a: Gallade|Sacred Sword|p1b: Volcarona
|-activate|p1b: Volcarona|move: Protect
|
|-fieldend|move: Trick Room
|-fieldend|move: Grassy Terrain
|upkeep
|turn|8
|
|t:|1756390389
|move|p1b: Volcarona|Giga Drain|p2a: Gallade
|-damage|p2a: Gallade|62/100
|move|p2a: Gallade|Trick Room|p2a: Gallade
|-fieldstart|move: Trick Room|[of] p2a: Gallade
|
|upkeep
|turn|9
|
|t:|1756390398
|move|p1b: Volcarona|Protect|p1b: Volcarona
|-singleturn|p1b: Volcarona|Protect
|move|p2a: Gallade|Sacred Sword|p1b: Volcarona
|-activate|p1b: Volcarona|move: Protect
|
|upkeep
|turn|10
|
|t:|1756390405
|move|p2a: Gallade|Sacred Sword|p1b: Volcarona
|-damage|p1b: Volcarona|6/100
|move|p1b: Volcarona|Giga Drain|p2a: Gallade
|-damage|p2a: Gallade|27/100
|-heal|p1b: Volcarona|21/100|[from] drain|[of] p2a: Gallade
|
|-heal|p1b: Volcarona|28/100|[from] item: Leftovers
|upkeep
|turn|11
|
|t:|1756390414
|move|p1b: Volcarona|Protect|p1b: Volcarona
|-singleturn|p1b: Volcarona|Protect
|move|p2a: Gallade|Sacred Sword|p1b: Volcarona
|-activate|p1b: Volcarona|move: Protect
|
|-heal|p1b: Volcarona|34/100|[from] item: Leftovers
|upkeep
|turn|12
|
|t:|1756390417
|move|p1b: Volcarona|Protect|p1b: Volcarona
|-singleturn|p1b: Volcarona|Protect
|move|p2a: Gallade|Sacred Sword|p1b: Volcarona
|-activate|p1b: Volcarona|move: Protect
|
|-heal|p1b: Volcarona|40/100|[from] item: Leftovers
|-fieldend|move: Trick Room
|upkeep
|turn|13
|c|☆Daniw9|gg
|
|t:|1756390431
|move|p1b: Volcarona|Giga Drain|p2a: Gallade
|-damage|p2a: Gallade|0 fnt
|-heal|p1b: Volcarona|52/100|[from] drain|[of] p2a: Gallade
|faint|p2a: Gallade
|
|win|Da Newnew
|raw|Da Newnew's rating: 1107 → 1139(+32 for winning)
|raw|Daniw9's rating: 1208 → 1176(-32 for losing)
|c|☆Da Newnew|Gg
|l|☆Da Newnew
|player|p1|
