|j|☆JuanGuerrero09
|j|☆bassacucina777
|html|JuanGuerrero09bassacucina777    
|uhtml|bestof|Game 2 of a best-of-3
|t:|1756801253
|gametype|doubles
|player|p1|JuanGuerrero09|102|1079
|player|p2|bassacucina777|170|1183
|gen|9
|tier|[Gen 9] VGC 2025 Reg H (Bo3)
|rated|
|rule|Species Clause: Limit one of each Pokémon
|rule|Item Clause: Limit 1 of each item
|clearpoke
|poke|p1|Excadrill, L50, F|
|poke|p1|Tyranitar, L50, F|
|poke|p1|Sneasler, L50, F|
|poke|p1|Indeedee, L50, M|
|poke|p1|Corviknight, L50, M|
|poke|p1|Primarina, L50, M|
|poke|p2|Dondozo, L50, F|
|poke|p2|Tatsugiri, L50, F|
|poke|p2|Indeedee, L50, M|
|poke|p2|Sneasler, L50, M|
|poke|p2|Ursaluna-Bloodmoon, L50, M|
|poke|p2|Whimsicott, L50, M|
|teampreview|4
|showteam|p1|Excadrill||FocusSash|SandRush|IronHead,HighHorsepower,Earthquake,Protect|||F|||50|,,,,,Stellar]Tyranitar||AssaultVest|SandStream|KnockOff,RockSlide,TeraBlast,LowKick|||F|||50|,,,,,Flying]Sneasler||WhiteHerb|Unburden|DireClaw,CloseCombat,ThroatChop,Protect|||F|||50|,,,,,Dark]Indeedee||ChoiceScarf|PsychicSurge|ExpandingForce,TeraBlast,Protect,Trick|||M|||50|,,,,,Psychic]Corviknight||PsychicSeed|MirrorArmor|BraveBird,Roost,Tailwind,BulkUp|||M|||50|,,,,,Fire]Primarina||LifeOrb|LiquidVoice|HyperVoice,DazzlingGleam,Haze,IcyWind|||M|||50|,,,,,Water
|showteam|p2|Dondozo||SafetyGoggles|Unaware|WaveCrash,Earthquake,OrderUp,Protect|||F|||50|,,,,,Steel]Tatsugiri||ChoiceScarf|Commander|MuddyWater,DracoMeteor,DragonPulse,IcyWind|||F|||50|,,,,,Ghost]Indeedee||FocusSash|PsychicSurge|ExpandingForce,Protect,TrickRoom,HelpingHand|||M|||50|,,,,,Psychic]Sneasler||PsychicSeed|Unburden|CloseCombat,DireClaw,ThroatChop,Protect|||M|||50|,,,,,Dark]Ursaluna-Bloodmoon||LifeOrb|MindsEye|BloodMoon,HyperVoice,EarthPower,Protect|||M|||50|,,,,,Normal]Whimsicott||CovertCloak|Prankster|Moonblast,Tailwind,Taunt,HelpingHand|||M|||50|,,,,,Water
|inactive|Battle timer is ON: inactive players will automatically lose when time's up. (requested by JuanGuerrero09)
|
|t:|1756801282
|teamsize|p1|4
|teamsize|p2|4
|start
|switch|p1a: Corviknight|Corviknight, L50, M|100/100
|switch|p1b: Sneasler|Sneasler, L50, F, shiny|100/100
|switch|p2a: Whimsicott|Whimsicott, L50, M|100/100
|switch|p2b: Ursaluna|Ursaluna-Bloodmoon, L50, M|100/100
|turn|1
|inactive|bassacucina777 has 30 seconds left.
|inactive|bassacucina777 has 20 seconds left.
|inactive|bassacucina777 has 15 seconds left.
|
|t:|1756801327
|-terastallize|p2b: Ursaluna|Normal
|move|p2a: Whimsicott|Tailwind|p2a: Whimsicott
|-sidestart|p2: bassacucina777|move: Tailwind
|move|p2b: Ursaluna|Blood Moon|p1b: Sneasler
|-damage|p1b: Sneasler|0 fnt
|faint|p1b: Sneasler
|-damage|p2b: Ursaluna|91/100|[from] item: Life Orb
|move|p1a: Corviknight|Tailwind|p1a: Corviknight
|-sidestart|p1: JuanGuerrero09|move: Tailwind
|
|upkeep
|
|t:|1756801347
|switch|p1b: Indeedee|Indeedee, L50, M, shiny|100/100
|-fieldstart|move: Psychic Terrain|[from] ability: Psychic Surge|[of] p1b: Indeedee
|-enditem|p1a: Corviknight|Psychic Seed
|-boost|p1a: Corviknight|spd|1|[from] item: Psychic Seed
|turn|2
|inactive|bassacucina777 has 30 seconds left.
|inactive|bassacucina777 has 20 seconds left.
|inactive|bassacucina777 has 15 seconds left.
|inactive|bassacucina777 has 10 seconds left.
|
|t:|1756801394
|move|p2a: Whimsicott|Helping Hand|p2b: Ursaluna
|-singleturn|p2b: Ursaluna|Helping Hand|[of] p2a: Whimsicott
|move|p1b: Indeedee|Trick|p2b: Ursaluna
|-activate|p1b: Indeedee|move: Trick|[of] p2b: Ursaluna
|-item|p2b: Ursaluna|Choice Scarf|[from] move: Trick
|-item|p1b: Indeedee|Life Orb|[from] move: Trick
|move|p2b: Ursaluna|Hyper Voice|p1b: Indeedee|[spread] p1a,p1b
|-resisted|p1a: Corviknight
|-damage|p1a: Corviknight|75/100
|-damage|p1b: Indeedee|1/100
|move|p1a: Corviknight|Bulk Up|p1a: Corviknight
|-boost|p1a: Corviknight|atk|1
|-boost|p1a: Corviknight|def|1
|
|upkeep
|turn|3
|inactive|JuanGuerrero09 has 30 seconds left.
|inactive|bassacucina777 has 30 seconds left.
|inactive|bassacucina777 has 20 seconds left.
|inactive|bassacucina777 has 15 seconds left.
|
|t:|1756801439
|switch|p1b: Primarina|Primarina, L50, M|100/100
|move|p2a: Whimsicott|Moonblast|p1b: Primarina
|-damage|p1b: Primarina|78/100
|move|p2b: Ursaluna|Hyper Voice|p1b: Primarina|[spread] p1a,p1b
|-resisted|p1a: Corviknight
|-damage|p1a: Corviknight|60/100
|-damage|p1b: Primarina|31/100
|move|p1a: Corviknight|Brave Bird|p2a: Whimsicott
|-supereffective|p2a: Whimsicott
|-damage|p2a: Whimsicott|0 fnt
|faint|p2a: Whimsicott
|-damage|p1a: Corviknight|33/100|[from] Recoil
|
|upkeep
|
|t:|1756801457
|switch|p2a: Sneasler|Sneasler, L50, M|100/100
|-enditem|p2a: Sneasler|Psychic Seed
|-boost|p2a: Sneasler|spd|1|[from] item: Psychic Seed
|turn|4
|
|t:|1756801477
|move|p2a: Sneasler|Dire Claw|p1b: Primarina
|-supereffective|p1b: Primarina
|-damage|p1b: Primarina|0 fnt
|faint|p1b: Primarina
|move|p2b: Ursaluna|Hyper Voice|p1a: Corviknight
|-resisted|p1a: Corviknight
|-damage|p1a: Corviknight|11/100
|move|p1a: Corviknight|Roost|p1a: Corviknight
|-heal|p1a: Corviknight|61/100
|-singleturn|p1a: Corviknight|move: Roost
|
|-sideend|p2: bassacucina777|move: Tailwind
|-sideend|p1: JuanGuerrero09|move: Tailwind
|upkeep
|
|t:|1756801489
|switch|p1b: Indeedee|Indeedee, L50, M, shiny|1/100
|turn|5
|inactive|JuanGuerrero09 has 30 seconds left.
|
|t:|1756801521
|move|p1b: Indeedee|Protect|p1b: Indeedee
|-singleturn|p1b: Indeedee|Protect
|move|p2a: Sneasler|Close Combat|p1a: Corviknight
|-damage|p1a: Corviknight|23/100
|-unboost|p2a: Sneasler|def|1
|-unboost|p2a: Sneasler|spd|1
|move|p2b: Ursaluna|Hyper Voice|p1a: Corviknight|[spread] p1a
|-activate|p1b: Indeedee|move: Protect
|-resisted|p1a: Corviknight
|-damage|p1a: Corviknight|6/100
|move|p1a: Corviknight|Brave Bird|p2a: Sneasler
|-supereffective|p2a: Sneasler
|-damage|p2a: Sneasler|0 fnt
|faint|p2a: Sneasler
|-damage|p1a: Corviknight|0 fnt|[from] Recoil
|faint|p1a: Corviknight
|
|upkeep
|
|t:|1756801537
|switch|p2a: Indeedee|Indeedee, L50, M|100/100
|turn|6
|
|t:|1756801546
|-terastallize|p1b: Indeedee|Psychic
|move|p1b: Indeedee|Expanding Force|p2a: Indeedee|[spread] p2a,p2b
|-resisted|p2a: Indeedee
|-damage|p2a: Indeedee|37/100
|-damage|p2b: Ursaluna|0 fnt
|faint|p2b: Ursaluna
|-damage|p1b: Indeedee|0 fnt|[from] item: Life Orb
|faint|p1b: Indeedee
|
|win|bassacucina777
|raw|JuanGuerrero09's rating: 1079 → 1064(-15 for losing)
|raw|bassacucina777's rating: 1183 → 1201(+18 for winning)
