|j|☆thedrq
|j|☆super98
|html|thedrqsuper98    
|uhtml|bestof|Game 3 of a best-of-3
|t:|1782482802
|gametype|doubles
|player|p1|thedrq|265|1062
|player|p2|super98|n|1027
|gen|9
|tier|[Gen 9 Champions] VGC 2026 Reg M-B (Bo3)
|rated|
|rule|Species Clause: Limit one of each Pokémon
|rule|Item Clause: Limit 1 of each item
|clearpoke
|poke|p1|Swampert, L50, F|
|poke|p1|Basculegion, L50, M|
|poke|p1|Archaludon, L50, F|
|poke|p1|Klefki, L50, F|
|poke|p1|Raichu, L50, F|
|poke|p1|Sinistcha, L50|
|poke|p2|Farigiraf, L50, F|
|poke|p2|Emboar, L50, M, shiny|
|poke|p2|Scrafty, L50, M|
|poke|p2|Musharna, L50, F, shiny|
|poke|p2|Primarina, L50, F, shiny|
|poke|p2|Vileplume, L50, F|
|teampreview|4
|showteam|p1|Swampert||Swampertite|Damp|WaveCrash,HighHorsepower,IcePunch,Protect|Adamant||F|||50|]Basculegion||LifeOrb|SwiftSwim|LastRespects,WaveCrash,AquaJet,Protect|Adamant||M|||50|]Archaludon||Leftovers|Stamina|ElectroShot,FlashCannon,DragonPulse,Protect|Timid||F|||50|]Klefki||LightClay|Prankster|RainDance,Reflect,LightScreen,ThunderWave|Bold||F|||50|]Raichu||RaichuniteY|LightningRod|ZapCannon,FocusBlast,GrassKnot,Protect|Timid||F|||50|]Sinistcha||SitrusBerry|Hospitality|MatchaGotcha,LifeDew,RagePowder,TrickRoom|Relaxed|||||50|
|showteam|p2|Farigiraf||SitrusBerry|ArmorTail|TrickRoom,HelpingHand,Protect,Psychic|Sassy||F|||50|]Emboar||LifeOrb|Reckless|FlareBlitz,StormThrow,HeadSmash,Protect|Brave||M|||50|]Scrafty||Scraftinite|Intimidate|SwordsDance,DrainPunch,Crunch,IronHead|Brave||M|||50|]Musharna||MentalHerb|Synchronize|TrickRoom,HelpingHand,Imprison,AllySwitch|Relaxed||F|||50|]Primarina||MysticWater|LiquidVoice|HyperVoice,IceBeam,DazzlingGleam,Protect|Quiet||F|||50|]Vileplume||WideLens|EffectSpore|SludgeBomb,EnergyBall,SleepPowder,Protect|Modest||F|||50|
|inactive|Battle timer is ON: inactive players will automatically lose when time's up. (requested by super98)
|inactive|thedrq has 60 seconds left.
|inactive|super98 has 60 seconds left.
|
|t:|1782482856
|teamsize|p1|4
|teamsize|p2|4
|start
|switch|p1a: Klefki|Klefki, L50, F|100/100
|switch|p1b: Archaludon|Archaludon, L50, F|100/100
|switch|p2a: weiter|Farigiraf, L50, F|100/100
|switch|p2b: 2pac|Scrafty, L50, M|100/100
|-ability|p2b: 2pac|Intimidate|boost
|-unboost|p1a: Klefki|atk|1
|-unboost|p1b: Archaludon|atk|1
|turn|1
|
|t:|1782482865
|detailschange|p2b: 2pac|Scrafty-Mega, L50, M
|-mega|p2b: 2pac|Scrafty|Scraftinite
|-ability|p2b: 2pac|Intimidate|boost
|-unboost|p1a: Klefki|atk|1
|-unboost|p1b: Archaludon|atk|1
|move|p1a: Klefki|Rain Dance|p1a: Klefki
|-weather|RainDance
|move|p1b: Archaludon|Electro Shot||[still]
|-prepare|p1b: Archaludon|Electro Shot
|-boost|p1b: Archaludon|spa|1
|-anim|p1b: Archaludon|Electro Shot|p2a: weiter
|-damage|p2a: weiter|53/100
|move|p2b: 2pac|Swords Dance|p2b: 2pac
|-boost|p2b: 2pac|atk|2
|move|p2a: weiter|Trick Room|p2a: weiter
|-fieldstart|move: Trick Room|[of] p2a: weiter
|
|-weather|RainDance|[upkeep]
|upkeep
|turn|2
|
|t:|1782482882
|move|p2a: weiter|Helping Hand|p2b: 2pac
|-singleturn|p2b: 2pac|Helping Hand|[of] p2a: weiter
|move|p1a: Klefki|Thunder Wave|p1b: Archaludon
|-status|p1b: Archaludon|par
|move|p1b: Archaludon|Electro Shot||[still]
|-prepare|p1b: Archaludon|Electro Shot
|-boost|p1b: Archaludon|spa|1
|-anim|p1b: Archaludon|Electro Shot|p2b: 2pac
|-damage|p2b: 2pac|28/100
|move|p2b: 2pac|Drain Punch|p1b: Archaludon
|-supereffective|p1b: Archaludon|1
|-damage|p1b: Archaludon|0 fnt
|-heal|p2b: 2pac|77/100|[from] drain|[of] p1b: Archaludon
|faint|p1b: Archaludon
|
|-weather|RainDance|[upkeep]
|upkeep
|
|t:|1782482901
|switch|p1b: Sinistcha|Sinistcha, L50|100/100
|turn|3
|
|t:|1782482915
|move|p2a: weiter|Helping Hand|p2b: 2pac
|-singleturn|p2b: 2pac|Helping Hand|[of] p2a: weiter
|move|p1a: Klefki|Reflect|p1a: Klefki
|-sidestart|p1: thedrq|Reflect
|move|p2b: 2pac|Crunch|p1b: Sinistcha
|-supereffective|p1b: Sinistcha|1
|-damage|p1b: Sinistcha|0 fnt
|faint|p1b: Sinistcha
|
|-weather|RainDance|[upkeep]
|upkeep
|
|t:|1782482923
|switch|p1b: Raichu|Raichu, L50, F|100/100
|turn|4
|
|t:|1782482935
|detailschange|p1b: Raichu|Raichu-Mega-Y, L50, F
|-mega|p1b: Raichu|Raichu|Raichunite Y
|move|p2a: weiter|Helping Hand|p2b: 2pac
|-singleturn|p2b: 2pac|Helping Hand|[of] p2a: weiter
|move|p1a: Klefki|Light Screen|p1a: Klefki
|-sidestart|p1: thedrq|move: Light Screen
|move|p2b: 2pac|Crunch|p1b: Raichu
|-damage|p1b: Raichu|0 fnt
|faint|p1b: Raichu
|
|-weather|RainDance|[upkeep]
|upkeep
|turn|5
|-message|thedrq forfeited.
|raw|thedrq's rating: 1062 → 1041(-21 for losing)
|raw|super98's rating: 1027 → 1067(+40 for winning)
|
|win|super98
