|j|☆akahyden
|j|☆axcoquette
|html|akahydenaxcoquette    
|uhtml|bestof|Game 2 of a best-of-3
|t:|1784582299
|gametype|doubles
|player|p1|akahyden|unknownf|1268
|player|p2|axcoquette|2|1242
|gen|9
|tier|[Gen 9 Champions] VGC 2026 Reg M-B (Bo3)
|rated|
|rule|Species Clause: Limit one of each Pokémon
|rule|Item Clause: Limit 1 of each item
|clearpoke
|poke|p1|Staraptor, L50, M|
|poke|p1|Delphox, L50, M|
|poke|p1|Whimsicott, L50, F|
|poke|p1|Kingambit, L50, M|
|poke|p1|Garchomp, L50, M|
|poke|p1|Glimmora, L50, F|
|poke|p2|Aerodactyl, L50, M|
|poke|p2|Kingambit, L50, M|
|poke|p2|Sylveon, L50, M|
|poke|p2|Garchomp, L50, F|
|poke|p2|Charizard, L50, M|
|poke|p2|Incineroar, L50, M|
|teampreview|4
|showteam|p1|Staraptor||Staraptite|Intimidate|CloseCombat,DualWingbeat,Roost,Protect|Jolly||M|||50|]Delphox||Delphoxite|Blaze|HeatWave,Psychic,Encore,Protect|Timid||M|||50|]Whimsicott||OccaBerry|Prankster|Tailwind,Moonblast,Charm,LightScreen|Timid||F|||50|]Kingambit||ChopleBerry|Defiant|KowtowCleave,IronHead,LowKick,SuckerPunch|Adamant||M|||50|]Garchomp||LifeOrb|RoughSkin|Earthquake,DragonClaw,RockSlide,Protect|Adamant||M|||50|]Glimmora||FocusSash|ToxicDebris|PowerGem,SludgeBomb,EarthPower,SpikyShield|Modest||F|||50|
|showteam|p2|Aerodactyl||Aerodactylite|Unnerve|IceFang,RockSlide,Tailwind,WideGuard|Jolly||M|||50|]Kingambit||FocusSash|Defiant|KowtowCleave,SuckerPunch,IronHead,Protect|Adamant||M|||50|]Sylveon||FairyFeather|Pixilate|Detect,HyperVoice,HyperBeam,QuickAttack|Modest||M|||50|]Garchomp||LifeOrb|RoughSkin|Earthquake,DragonClaw,StompingTantrum,Protect|Jolly||F|||50|]Charizard||CharizarditeY|Blaze|Protect,HeatWave,SolarBeam,WeatherBall|Modest||M|||50|]Incineroar||SitrusBerry|Intimidate|DarkestLariat,FlareBlitz,FakeOut,PartingShot|Impish||M|||50|
|inactive|Battle timer is ON: inactive players will automatically lose when time's up. (requested by axcoquette)
|inactive|axcoquette has 60 seconds left.
|inactive|axcoquette has 30 seconds left.
|inactive|axcoquette has 20 seconds left.
|inactive|axcoquette has 15 seconds left.
|inactive|axcoquette has 10 seconds left.
|
|t:|1784582382
|teamsize|p1|4
|teamsize|p2|4
|start
|switch|p1a: Whimsicott|Whimsicott, L50, F|100/100
|switch|p1b: Glimmora|Glimmora, L50, F|100/100
|switch|p2a: Aerodactyl|Aerodactyl, L50, M|100/100
|switch|p2b: Garchomp|Garchomp, L50, F|100/100
|-ability|p2a: Aerodactyl|Unnerve
|turn|1
|
|t:|1784582398
|move|p1a: Whimsicott|Charm|p2a: Aerodactyl
|-unboost|p2a: Aerodactyl|atk|2
|move|p2a: Aerodactyl|Tailwind|p2a: Aerodactyl
|-sidestart|p2: axcoquette|move: Tailwind
|move|p2b: Garchomp|Earthquake|p1b: Glimmora|[spread] p1a,p1b
|-immune|p2a: Aerodactyl
|-resisted|p1a: Whimsicott|1
|-supereffective|p1b: Glimmora|2
|-damage|p1a: Whimsicott|76/100
|-enditem|p1b: Glimmora|Focus Sash
|-damage|p1b: Glimmora|1/100
|-activate|p1b: Glimmora|ability: Toxic Debris
|-sidestart|p2: axcoquette|move: Toxic Spikes
|-damage|p2b: Garchomp|90/100|[from] item: Life Orb
|move|p1b: Glimmora|Power Gem|p2a: Aerodactyl
|-supereffective|p2a: Aerodactyl|1
|-damage|p2a: Aerodactyl|0 fnt
|faint|p2a: Aerodactyl
|
|upkeep
|
|t:|1784582420
|switch|p2a: Charizard|Charizard, L50, M|100/100
|turn|2
|
|t:|1784582440
|detailschange|p2a: Charizard|Charizard-Mega-Y, L50, M
|-mega|p2a: Charizard|Charizard|Charizardite Y
|-weather|SunnyDay|[from] ability: Drought|[of] p2a: Charizard
|move|p1b: Glimmora|Spiky Shield|p1b: Glimmora
|-singleturn|p1b: Glimmora|move: Protect
|move|p1a: Whimsicott|Tailwind|p1a: Whimsicott
|-sidestart|p1: akahyden|move: Tailwind
|move|p2b: Garchomp|Earthquake|p1b: Glimmora|[spread] p1a
|-activate|p1b: Glimmora|move: Protect
|-immune|p2a: Charizard
|-resisted|p1a: Whimsicott|1
|-damage|p1a: Whimsicott|50/100g
|-damage|p2b: Garchomp|80/100|[from] item: Life Orb
|move|p2a: Charizard|Heat Wave|p1a: Whimsicott|[spread] p1a
|-activate|p1b: Glimmora|move: Protect
|-supereffective|p1a: Whimsicott|1
|-enditem|p1a: Whimsicott|Occa Berry|[eat]
|-enditem|p1a: Whimsicott|Occa Berry|[weaken]
|-damage|p1a: Whimsicott|0 fnt
|faint|p1a: Whimsicott
|
|-weather|SunnyDay|[upkeep]
|upkeep
|
|t:|1784582460
|switch|p1a: Garchomp|Garchomp, L50, M|100/100
|turn|3
|
|t:|1784582467
|move|p2a: Charizard|Protect|p2a: Charizard
|-singleturn|p2a: Charizard|Protect
|move|p2b: Garchomp|Earthquake|p1a: Garchomp|[spread] p1a,p1b
|-activate|p2a: Charizard|move: Protect
|-supereffective|p1b: Glimmora|2
|-damage|p1a: Garchomp|52/100
|-damage|p1b: Glimmora|0 fnt
|-activate|p1b: Glimmora|ability: Toxic Debris
|-sidestart|p2: axcoquette|move: Toxic Spikes
|faint|p1b: Glimmora
|-damage|p2b: Garchomp|70/100|[from] item: Life Orb
|move|p1a: Garchomp|Dragon Claw|p2b: Garchomp
|-supereffective|p2b: Garchomp|1
|-damage|p2b: Garchomp|0 fnt
|-damage|p1a: Garchomp|40/100|[from] ability: Rough Skin|[of] p2b: Garchomp
|faint|p2b: Garchomp
|-damage|p1a: Garchomp|30/100|[from] item: Life Orb
|
|-weather|SunnyDay|[upkeep]
|upkeep
|
|t:|1784582483
|switch|p2b: Sylveon|Sylveon, L50, M|100/100
|switch|p1b: Staraptor|Staraptor, L50, M|100/100
|-ability|p1b: Staraptor|Intimidate|boost
|-unboost|p2a: Charizard|atk|1
|-unboost|p2b: Sylveon|atk|1
|-status|p2b: Sylveon|tox
|turn|4
|
|t:|1784582495
|detailschange|p1b: Staraptor|Staraptor-Mega, L50, M
|-mega|p1b: Staraptor|Staraptor|Staraptite
|move|p1b: Staraptor|Close Combat|p2b: Sylveon
|-resisted|p2b: Sylveon|1
|-damage|p2b: Sylveon|63/100 tox
|-boost|p1b: Staraptor|def|1
|-boost|p1b: Staraptor|spd|1
|move|p1a: Garchomp|Rock Slide|p2a: Charizard|[spread] p2a,p2b
|-supereffective|p2a: Charizard|2
|-damage|p2a: Charizard|0 fnt
|-damage|p2b: Sylveon|28/100 tox
|faint|p2a: Charizard
|-damage|p1a: Garchomp|21/100|[from] item: Life Orb
|move|p2b: Sylveon|Hyper Voice|p1a: Garchomp|[spread] p1a,p1b
|-supereffective|p1a: Garchomp|1
|-supereffective|p1b: Staraptor|1
|-damage|p1a: Garchomp|0 fnt
|-damage|p1b: Staraptor|27/100
|faint|p1a: Garchomp
|
|-weather|SunnyDay|[upkeep]
|-damage|p2b: Sylveon|22/100 tox|[from] psn
|-sideend|p2: axcoquette|move: Tailwind
|upkeep
|turn|5
|
|t:|1784582515
|move|p1b: Staraptor|Protect|p1b: Staraptor
|-singleturn|p1b: Staraptor|Protect
|move|p2b: Sylveon|Quick Attack|p1b: Staraptor
|-activate|p1b: Staraptor|move: Protect
|
|-weather|SunnyDay|[upkeep]
|-damage|p2b: Sylveon|11/100 tox|[from] psn
|-sideend|p1: akahyden|move: Tailwind
|upkeep
|turn|6
|
|t:|1784582524
|move|p2b: Sylveon|Quick Attack|p1b: Staraptor
|-supereffective|p1b: Staraptor|1
|-damage|p1b: Staraptor|14/100
|move|p1b: Staraptor|Close Combat|p2b: Sylveon
|-resisted|p2b: Sylveon|1
|-damage|p2b: Sylveon|0 fnt
|-boost|p1b: Staraptor|def|1
|-boost|p1b: Staraptor|spd|1
|faint|p2b: Sylveon
|
|win|akahyden
|raw|akahyden's rating: 1268 → 1291(+23 for winning)
|raw|axcoquette's rating: 1242 → 1219(-23 for losing)
