|j|☆bdger
|j|☆lukashz
|html|bdgerlukashz    
|uhtml|bestof|Game 3 of a best-of-3
|t:|1784264040
|gametype|doubles
|player|p1|bdger|backpackerf|1260
|player|p2|lukashz|elesa|1356
|gen|9
|tier|[Gen 9 Champions] VGC 2026 Reg M-B (Bo3)
|rated|
|rule|Species Clause: Limit one of each Pokémon
|rule|Item Clause: Limit 1 of each item
|clearpoke
|poke|p1|Dragonite, L50, F|
|poke|p1|Incineroar, L50, F|
|poke|p1|Araquanid, L50, F|
|poke|p1|Mawile, L50, F|
|poke|p1|Basculegion, L50, M|
|poke|p1|Farigiraf, L50, M|
|poke|p2|Farigiraf, L50, M|
|poke|p2|Incineroar, L50, F|
|poke|p2|Camerupt, L50, F|
|poke|p2|Kingambit, L50, F|
|poke|p2|Vivillon-Fancy, L50, M|
|poke|p2|Abomasnow, L50, F|
|teampreview|4
|showteam|p1|Dragonite||Dragoninite|Multiscale|Thunderbolt,DracoMeteor,AirSlash,Tailwind|Modest||F|||50|]Incineroar||WhiteHerb|Intimidate|FakeOut,DarkestLariat,FlareBlitz,CloseCombat|Adamant||F|||50|]Araquanid||MysticWater|WaterBubble|Protect,HydroPump,WideGuard,Infestation|Quiet||F|||50|]Mawile||Mawilite|HyperCutter|PlayRough,RockSlide,SuckerPunch,Protect|Brave||F|||50|]Basculegion||FocusSash|Adaptability|Liquidation,Protect,LastRespects,AquaJet|Adamant||M|||50|]Farigiraf||ColburBerry|ArmorTail|HelpingHand,Protect,Psychic,TrickRoom|Relaxed||M|||50|
|showteam|p2|Farigiraf||SitrusBerry|ArmorTail|Protect,Psychic,HelpingHand,TrickRoom|Sassy||M|||50|]Incineroar||LifeOrb|Intimidate|FlareBlitz,DarkestLariat,FakeOut,PartingShot|Brave||F|||50|]Camerupt||Cameruptite|SolidRock|Protect,HeatWave,EarthPower,AncientPower|Quiet||F|||50|]Kingambit||BlackGlasses|Defiant|SwordsDance,KowtowCleave,IronHead,SuckerPunch|Brave||F|||50|]Vivillon-Fancy||FocusSash|CompoundEyes|SleepPowder,Hurricane,RagePowder,Protect|Timid||M|||50|]Abomasnow||Abomasite|SnowWarning|GrassKnot,Blizzard,IceShard,EarthPower|Quiet||F|||50|
|
|t:|1784264077
|teamsize|p1|4
|teamsize|p2|4
|start
|switch|p1a: Araquanid|Araquanid, L50, F|100/100
|switch|p1b: Incineroar|Incineroar, L50, F|100/100
|switch|p2a: Vivillon|Vivillon-Fancy, L50, M|100/100
|switch|p2b: Incineroar|Incineroar, L50, F|100/100
|-ability|p1b: Incineroar|Intimidate|boost
|-unboost|p2a: Vivillon|atk|1
|-unboost|p2b: Incineroar|atk|1
|-ability|p2b: Incineroar|Intimidate|boost
|-unboost|p1a: Araquanid|atk|1
|-unboost|p1b: Incineroar|atk|1
|-enditem|p1b: Incineroar|White Herb
|-clearnegativeboost|p1b: Incineroar|[silent]
|turn|1
|
|t:|1784264095
|move|p1a: Araquanid|Protect|p1a: Araquanid
|-singleturn|p1a: Araquanid|Protect
|move|p2b: Incineroar|Fake Out|p1a: Araquanid
|-activate|p1a: Araquanid|move: Protect
|move|p2a: Vivillon|Hurricane|p1a: Araquanid
|-activate|p1a: Araquanid|move: Protect
|move|p1b: Incineroar|Close Combat|p2b: Incineroar
|-supereffective|p2b: Incineroar|1
|-damage|p2b: Incineroar|14/100
|-unboost|p1b: Incineroar|def|1
|-unboost|p1b: Incineroar|spd|1
|
|upkeep
|turn|2
|
|t:|1784264113
|switch|p1a: Mawile|Mawile, L50, F|100/100
|move|p2a: Vivillon|Hurricane|p1a: Mawile
|-resisted|p1a: Mawile|1
|-damage|p1a: Mawile|60/100
|move|p1b: Incineroar|Flare Blitz|p2b: Incineroar
|-resisted|p2b: Incineroar|1
|-damage|p2b: Incineroar|0 fnt
|faint|p2b: Incineroar
|-damage|p1b: Incineroar|94/100|[from] Recoil
|
|upkeep
|
|t:|1784264119
|switch|p2b: Camerupt|Camerupt, L50, F|100/100
|turn|3
|
|t:|1784264130
|detailschange|p1a: Mawile|Mawile-Mega, L50, F
|-mega|p1a: Mawile|Mawile|Mawilite
|detailschange|p2b: Camerupt|Camerupt-Mega, L50, F
|-mega|p2b: Camerupt|Camerupt|Cameruptite
|move|p2a: Vivillon|Sleep Powder|p1b: Incineroar
|-status|p1b: Incineroar|slp|[from] move: Sleep Powder
|cant|p1b: Incineroar|slp
|move|p1a: Mawile|Rock Slide|p2a: Vivillon|[spread] p2a,p2b
|-supereffective|p2a: Vivillon|2
|-enditem|p2a: Vivillon|Focus Sash
|-damage|p2a: Vivillon|1/100
|-damage|p2b: Camerupt|61/100
|move|p2b: Camerupt|Ancient Power|p1b: Incineroar
|-supereffective|p1b: Incineroar|1
|-damage|p1b: Incineroar|0 fnt
|faint|p1b: Incineroar
|
|upkeep
|
|t:|1784264139
|switch|p1b: Basculegion|Basculegion, L50, M|100/100
|turn|4
|
|t:|1784264148
|switch|p2a: Kingambit|Kingambit, L50, F|100/100
|move|p1b: Basculegion|Protect|p1b: Basculegion
|-singleturn|p1b: Basculegion|Protect
|move|p2b: Camerupt|Protect|p2b: Camerupt
|-singleturn|p2b: Camerupt|Protect
|move|p1a: Mawile|Rock Slide|p2b: Camerupt|[spread] p2a
|-activate|p2b: Camerupt|move: Protect
|-resisted|p2a: Kingambit|1
|-damage|p2a: Kingambit|85/100
|
|upkeep
|turn|5
|
|t:|1784264165
|switch|p2b: Vivillon|Vivillon-Fancy, L50, M|1/100
|move|p1b: Basculegion|Liquidation|p2b: Vivillon
|-crit|p2b: Vivillon
|-damage|p2b: Vivillon|0 fnt
|faint|p2b: Vivillon
|move|p2a: Kingambit|Kowtow Cleave|p1b: Basculegion
|-supereffective|p1b: Basculegion|1
|-enditem|p1b: Basculegion|Focus Sash
|-damage|p1b: Basculegion|1/100
|move|p1a: Mawile|Play Rough|p2a: Kingambit
|-damage|p2a: Kingambit|26/100
|
|upkeep
|
|t:|1784264177
|switch|p2b: Camerupt|Camerupt-Mega, L50, F|61/100
|turn|6
|
|t:|1784264186
|move|p1b: Basculegion|Aqua Jet|p2b: Camerupt
|-supereffective|p2b: Camerupt|2
|-damage|p2b: Camerupt|0 fnt
|faint|p2b: Camerupt
|move|p2a: Kingambit|Iron Head|p1a: Mawile
|-damage|p1a: Mawile|15/100
|move|p1a: Mawile|Play Rough|p2a: Kingambit
|-damage|p2a: Kingambit|0 fnt
|faint|p2a: Kingambit
|
|win|bdger
|raw|bdger's rating: 1260 → 1292(+32 for winning)
|raw|lukashz's rating: 1356 → 1331(-25 for losing)
|c|☆bdger|gg
