|j|☆silknotsong
|j|☆I LOVE KOMMO-O
|html|silknotsongI LOVE KOMMO-O    
|uhtml|bestof|Game 1 of a best-of-3
|t:|1756290902
|gametype|doubles
|player|p1|silknotsong|infielder|1158
|player|p2|I LOVE KOMMO-O|n|1139
|gen|9
|tier|[Gen 9] VGC 2025 Reg H (Bo3)
|rated|
|rule|Species Clause: Limit one of each Pokémon
|rule|Item Clause: Limit 1 of each item
|clearpoke
|poke|p1|Charizard, L50, F|
|poke|p1|Torkoal, L50, F|
|poke|p1|Porygon2, L50|
|poke|p1|Incineroar, L50, F|
|poke|p1|Jumpluff, L50, F|
|poke|p1|Ursaluna, L50, F|
|poke|p2|Drifblim, L50, M|
|poke|p2|Indeedee, L50, M|
|poke|p2|Kommo-o, L50, M|
|poke|p2|Hydreigon, L50, M|
|poke|p2|Toxtricity, L50, F|
|poke|p2|Klefki, L50, M|
|teampreview|4
|showteam|p1|Charizard||ChoiceSpecs|SolarPower|HeatWave,Overheat,WeatherBall,AirSlash|||F|||50|,,,,,Ghost]Torkoal||EjectPack|Drought|Eruption,Overheat,HelpingHand,Protect|||F|||50|,,,,,Fire]Porygon2||Eviolite|Download|TeraBlast,IceBeam,Recover,TrickRoom||||||50|,,,,,Fighting]Incineroar||SitrusBerry|Intimidate|FlareBlitz,KnockOff,FakeOut,PartingShot|||F|||50|,,,,,Ghost]Jumpluff||CovertCloak|Chlorophyll|SleepPowder,SunnyDay,RagePowder,Tailwind|||F|||50|,,,,,Water]Ursaluna||FlameOrb|Guts|HeadlongRush,Facade,Earthquake,Protect|||F|||50|,,,,,Ghost
|showteam|p2|Drifblim||PsychicSeed|Unburden|Acrobatics,Tailwind,WillOWisp,StrengthSap|||M|||50|,,,,,Grass]Indeedee||FocusSash|PsychicSurge|ExpandingForce,TeraBlast,TrickRoom,Imprison|||M|||50|,,,,,Ground]Kommo-o||Leftovers|Soundproof|BodyPress,Flamethrower,IronDefense,Protect|||M|||50|,,,,,Fire]Hydreigon||AssaultVest|Levitate|DarkPulse,Snarl,EarthPower,DracoMeteor|||M|||50|,,,,,Ghost]Toxtricity||ChoiceSpecs|PunkRock|Overdrive,Boomburst,SludgeBomb,VoltSwitch|||F|||50|,,,,,Normal]Klefki||SafetyGoggles|Prankster|RainDance,LightScreen,ThunderWave,DazzlingGleam|||M|||50|,,,,,Steel
|
|t:|1756290950
|teamsize|p1|4
|teamsize|p2|4
|start
|switch|p1a: Jumpluff|Jumpluff, L50, F|100/100
|switch|p1b: Porygon2|Porygon2, L50|100/100
|switch|p2a: Klefki|Klefki, L50, M|100/100
|switch|p2b: Indeedee|Indeedee, L50, M|100/100
|-fieldstart|move: Psychic Terrain|[from] ability: Psychic Surge|[of] p2b: Indeedee
|-ability|p1b: Porygon2|Download|boost
|-boost|p1b: Porygon2|atk|1
|turn|1
|
|t:|1756290976
|move|p2a: Klefki|Thunder Wave|p1a: Jumpluff
|-status|p1a: Jumpluff|par
|move|p2b: Indeedee|Imprison|p2b: Indeedee
|-start|p2b: Indeedee|move: Imprison
|move|p1a: Jumpluff|Tailwind|p1a: Jumpluff
|-sidestart|p1: silknotsong|move: Tailwind
|cant|p1b: Porygon2|move: Imprison|Tera Blast
|
|upkeep
|turn|2
|
|t:|1756291004
|move|p2a: Klefki|Rain Dance|p2a: Klefki
|-weather|RainDance
|move|p1a: Jumpluff|Sleep Powder|p2a: Klefki
|-activate|p2a: Klefki|item: Safety Goggles|Sleep Powder
|move|p1b: Porygon2|Ice Beam|p2b: Indeedee
|-damage|p2b: Indeedee|60/100
|move|p2b: Indeedee|Expanding Force|p1b: Porygon2|[spread] p1a,p1b
|-damage|p1a: Jumpluff|47/100 par
|-damage|p1b: Porygon2|66/100
|
|-weather|RainDance|[upkeep]
|upkeep
|turn|3
|
|t:|1756291031
|switch|p1b: Charizard|Charizard, L50, F|100/100
|move|p2a: Klefki|Light Screen|p2a: Klefki
|-sidestart|p2: I LOVE KOMMO-O|move: Light Screen
|move|p1a: Jumpluff|Sleep Powder|p2b: Indeedee
|-status|p2b: Indeedee|slp|[from] move: Sleep Powder
|cant|p2b: Indeedee|slp
|
|-weather|RainDance|[upkeep]
|upkeep
|turn|4
|
|t:|1756291041
|switch|p1a: Torkoal|Torkoal, L50, F|100/100
|-weather|SunnyDay|[from] ability: Drought|[of] p1a: Torkoal
|-terastallize|p1b: Charizard|Ghost
|move|p2a: Klefki|Thunder Wave|p1b: Charizard
|-activate|p1b: Charizard|move: Psychic Terrain
|move|p1b: Charizard|Heat Wave|p2a: Klefki|[spread] p2a,p2b
|-supereffective|p2a: Klefki
|-damage|p2a: Klefki|0 fnt
|-damage|p2b: Indeedee|0 fnt
|faint|p2a: Klefki
|faint|p2b: Indeedee
|
|-weather|SunnyDay|[upkeep]
|-damage|p1b: Charizard|88/100|[from] ability: Solar Power|[of] p1b: Charizard
|-sideend|p1: silknotsong|move: Tailwind
|upkeep
|
|t:|1756291045
|switch|p2b: Kommo-o|Kommo-o, L50, M, shiny|100/100
|switch|p2a: Drifblim|Drifblim, L50, M, shiny|100/100
|-enditem|p2a: Drifblim|Psychic Seed
|-boost|p2a: Drifblim|spd|1|[from] item: Psychic Seed
|turn|5
|
|t:|1756291064
|-terastallize|p2b: Kommo-o|Fire
|move|p2a: Drifblim|Tailwind|p2a: Drifblim
|-sidestart|p2: I LOVE KOMMO-O|move: Tailwind
|move|p2b: Kommo-o|Iron Defense|p2b: Kommo-o
|-boost|p2b: Kommo-o|def|2
|move|p1b: Charizard|Heat Wave|p2b: Kommo-o|[spread] p2a,p2b
|-resisted|p2b: Kommo-o
|-damage|p2a: Drifblim|33/100
|-damage|p2b: Kommo-o|69/100
|move|p1a: Torkoal|Overheat|p2a: Drifblim
|-damage|p2a: Drifblim|0 fnt
|-unboost|p1a: Torkoal|spa|2
|faint|p2a: Drifblim
|-enditem|p1a: Torkoal|Eject Pack
|
|t:|1756291075
|switch|p1a: Porygon2|Porygon2, L50|66/100
|-ability|p1a: Porygon2|Download|boost
|-boost|p1a: Porygon2|spa|1
|
|-weather|SunnyDay|[upkeep]
|-damage|p1b: Charizard|76/100|[from] ability: Solar Power|[of] p1b: Charizard
|-heal|p2b: Kommo-o|75/100|[from] item: Leftovers
|-fieldend|move: Psychic Terrain
|upkeep
|turn|6
|
|t:|1756291092
|switch|p1b: Jumpluff|Jumpluff, L50, F|47/100 par
|move|p2b: Kommo-o|Body Press|p1a: Porygon2
|-supereffective|p1a: Porygon2
|-damage|p1a: Porygon2|0 fnt
|faint|p1a: Porygon2
|
|-weather|SunnyDay|[upkeep]
|-heal|p2b: Kommo-o|81/100|[from] item: Leftovers
|upkeep
|
|t:|1756291101
|switch|p1a: Torkoal|Torkoal, L50, F|100/100
|turn|7
|
|t:|1756291106
|cant|p1b: Jumpluff|par
|move|p2b: Kommo-o|Flamethrower|p1b: Jumpluff
|-supereffective|p1b: Jumpluff
|-damage|p1b: Jumpluff|0 fnt
|faint|p1b: Jumpluff
|move|p1a: Torkoal|Eruption|p2b: Kommo-o
|-resisted|p2b: Kommo-o
|-damage|p2b: Kommo-o|52/100
|
|-weather|SunnyDay|[upkeep]
|-heal|p2b: Kommo-o|58/100|[from] item: Leftovers
|-sideend|p2: I LOVE KOMMO-O|move: Light Screen
|upkeep
|
|t:|1756291109
|switch|p1b: Charizard|Charizard, L50, F, tera:Ghost|76/100
|turn|8
|
|t:|1756291141
|move|p2b: Kommo-o|Protect|p2b: Kommo-o
|-singleturn|p2b: Kommo-o|Protect
|move|p1b: Charizard|Weather Ball|p2b: Kommo-o
|-activate|p2b: Kommo-o|move: Protect
|move|p1a: Torkoal|Eruption|p2b: Kommo-o
|-activate|p2b: Kommo-o|move: Protect
|
|-weather|none
|-heal|p2b: Kommo-o|64/100|[from] item: Leftovers
|-sideend|p2: I LOVE KOMMO-O|move: Tailwind
|upkeep
|turn|9
|
|t:|1756291149
|move|p1b: Charizard|Weather Ball|p2b: Kommo-o
|-damage|p2b: Kommo-o|43/100
|move|p2b: Kommo-o|Body Press|p1a: Torkoal
|-damage|p1a: Torkoal|32/100
|move|p1a: Torkoal|Eruption|p2b: Kommo-o
|-resisted|p2b: Kommo-o
|-damage|p2b: Kommo-o|35/100
|
|-heal|p2b: Kommo-o|41/100|[from] item: Leftovers
|upkeep
|turn|10
|
|t:|1756291155
|move|p2b: Kommo-o|Protect|p2b: Kommo-o
|-singleturn|p2b: Kommo-o|Protect
|move|p1b: Charizard|Weather Ball|p2b: Kommo-o
|-activate|p2b: Kommo-o|move: Protect
|move|p1a: Torkoal|Overheat|p2b: Kommo-o
|-activate|p2b: Kommo-o|move: Protect
|
|-heal|p2b: Kommo-o|47/100|[from] item: Leftovers
|upkeep
|turn|11
|
|t:|1756291168
|move|p1a: Torkoal|Helping Hand|p1b: Charizard
|-singleturn|p1b: Charizard|Helping Hand|[of] p1a: Torkoal
|move|p1b: Charizard|Weather Ball|p2b: Kommo-o
|-damage|p2b: Kommo-o|19/100
|move|p2b: Kommo-o|Body Press|p1a: Torkoal
|-damage|p1a: Torkoal|0 fnt
|faint|p1a: Torkoal
|
|-heal|p2b: Kommo-o|25/100|[from] item: Leftovers
|upkeep
|turn|12
|
|t:|1756291174
|move|p2b: Kommo-o|Protect|p2b: Kommo-o
|-singleturn|p2b: Kommo-o|Protect
|move|p1b: Charizard|Weather Ball|p2b: Kommo-o
|-activate|p2b: Kommo-o|move: Protect
|
|-heal|p2b: Kommo-o|31/100|[from] item: Leftovers
|upkeep
|turn|13
|
|t:|1756291178
|move|p1b: Charizard|Weather Ball|p2b: Kommo-o
|-damage|p2b: Kommo-o|10/100
|move|p2b: Kommo-o|Flamethrower|p1b: Charizard
|-damage|p1b: Charizard|32/100
|
|-heal|p2b: Kommo-o|16/100|[from] item: Leftovers
|upkeep
|turn|14
|
|t:|1756291187
|move|p2b: Kommo-o|Protect|p2b: Kommo-o
|-singleturn|p2b: Kommo-o|Protect
|move|p1b: Charizard|Weather Ball|p2b: Kommo-o
|-activate|p2b: Kommo-o|move: Protect
|
|-heal|p2b: Kommo-o|22/100|[from] item: Leftovers
|upkeep
|turn|15
|
|t:|1756291207
|move|p1b: Charizard|Weather Ball|p2b: Kommo-o
|-damage|p2b: Kommo-o|2/100
|move|p2b: Kommo-o|Flamethrower|p1b: Charizard
|-damage|p1b: Charizard|0 fnt
|faint|p1b: Charizard
|
|win|I LOVE KOMMO-O
