|j|☆Smoukingrad
|j|☆CrystalGem02
|html|SmoukingradCrystalGem02    
|uhtml|bestof|Game 2 of a best-of-3
|t:|1756666202
|gametype|doubles
|player|p1|Smoukingrad|kimonogirl|1314
|player|p2|CrystalGem02|valerie|1240
|gen|9
|tier|[Gen 9] VGC 2025 Reg H (Bo3)
|rated|
|rule|Species Clause: Limit one of each Pokémon
|rule|Item Clause: Limit 1 of each item
|clearpoke
|poke|p1|Indeedee, L50, M|
|poke|p1|Excadrill, L50, M|
|poke|p1|Sneasler, L50, F|
|poke|p1|Tyranitar, L50, M|
|poke|p1|Annihilape, L50, M|
|poke|p1|Maushold, L50|
|poke|p2|Ursaluna, L50, F|
|poke|p2|Porygon2, L50|
|poke|p2|Incineroar, L50, M|
|poke|p2|Yanmega, L50, M|
|poke|p2|Sneasler, L50, M|
|poke|p2|Archaludon, L50, F|
|teampreview|4
|showteam|p1|Indeedee||ChoiceScarf|PsychicSurge|ExpandingForce,TeraBlast,Trick,DazzlingGleam|||M|||50|,,,,,Psychic]Excadrill||FocusSash|SandRush|Earthquake,HighHorsepower,Protect,IronHead|||M|||50|,,,,,Ground]Sneasler||PsychicSeed|Unburden|DireClaw,CloseCombat,ThroatChop,Protect|||F|||50|,,,,,Dark]Tyranitar||AssaultVest|SandStream|RockSlide,TeraBlast,KnockOff,LowKick|||M|||50|,,,,,Flying]Annihilape||SitrusBerry|Defiant|Protect,RageFist,DrainPunch,BulkUp|||M|||50|,,,,,Dragon]Maushold||SafetyGoggles|FriendGuard|Protect,Taunt,FollowMe,BeatUp||||||50|,,,,,Ghost
|showteam|p2|Ursaluna||FlameOrb|Guts|Facade,HeadlongRush,Earthquake,Protect|||F|||50|,,,,,Ghost]Porygon2||Eviolite|Download|TeraBlast,IceBeam,Recover,TrickRoom||||||50|,,,,,Flying]Incineroar||SafetyGoggles|Intimidate|FlareBlitz,KnockOff,PartingShot,FakeOut|||M|||50|,,,,,Ghost]Yanmega||FocusSash|SpeedBoost|BugBuzz,AirSlash,Tailwind,Protect|||M|||50|,,,,,Ghost]Sneasler||WhiteHerb|Unburden|DireClaw,CloseCombat,ThroatChop,Protect|||M|||50|,,,,,Stellar]Archaludon||PowerHerb|Stalwart|ElectroShot,DragonPulse,Thunderbolt,Protect|||F|||50|,,,,,Electric
|inactive|Battle timer is ON: inactive players will automatically lose when time's up. (requested by Smoukingrad)
|inactive|CrystalGem02 has 60 seconds left.
|
|t:|1756666245
|teamsize|p1|4
|teamsize|p2|4
|start
|switch|p1a: Annihilape|Annihilape, L50, M|100/100
|switch|p1b: Maushold|Maushold, L50|100/100
|switch|p2a: Porygon2|Porygon2, L50, shiny|100/100
|switch|p2b: Incineroar|Incineroar, L50, M|100/100
|-ability|p2b: Incineroar|Intimidate|boost
|-unboost|p1a: Annihilape|atk|1
|-ability|p1a: Annihilape|Defiant|boost
|-boost|p1a: Annihilape|atk|2
|-unboost|p1b: Maushold|atk|1
|-ability|p2a: Porygon2|Download|boost
|-boost|p2a: Porygon2|atk|1
|turn|1
|
|t:|1756666263
|switch|p2a: Ursaluna|Ursaluna, L50, F, shiny|100/100
|-terastallize|p1b: Maushold|Ghost
|move|p1b: Maushold|Taunt|p2a: Ursaluna
|-start|p2a: Ursaluna|move: Taunt
|move|p1a: Annihilape|Bulk Up|p1a: Annihilape
|-boost|p1a: Annihilape|atk|1
|-boost|p1a: Annihilape|def|1
|move|p2b: Incineroar|Knock Off|p1b: Maushold
|-supereffective|p1b: Maushold
|-damage|p1b: Maushold|8/100
|-enditem|p1b: Maushold|Safety Goggles|[from] move: Knock Off|[of] p2b: Incineroar
|
|-status|p2a: Ursaluna|brn|[from] item: Flame Orb
|upkeep
|turn|2
|inactive|CrystalGem02 has 30 seconds left.
|
|t:|1756666297
|move|p1b: Maushold|Beat Up|p1a: Annihilape
|-damage|p1a: Annihilape|99/100
|-damage|p1a: Annihilape|99/100
|-damage|p1a: Annihilape|99/100
|-damage|p1a: Annihilape|98/100
|-hitcount|p1a: Annihilape|4
|move|p1a: Annihilape|Bulk Up|p1a: Annihilape
|-boost|p1a: Annihilape|atk|1
|-boost|p1a: Annihilape|def|1
|move|p2b: Incineroar|Knock Off|p1a: Annihilape
|-damage|p1a: Annihilape|83/100
|-enditem|p1a: Annihilape|Sitrus Berry|[from] move: Knock Off|[of] p2b: Incineroar
|move|p2a: Ursaluna|Earthquake|p1b: Maushold|[spread] p2b,p1a,p1b
|-supereffective|p2b: Incineroar
|-damage|p2b: Incineroar|0 fnt
|-damage|p1a: Annihilape|59/100
|-damage|p1b: Maushold|0 fnt
|faint|p2b: Incineroar
|faint|p1b: Maushold
|
|-damage|p2a: Ursaluna|95/100 brn|[from] brn
|upkeep
|
|t:|1756666315
|switch|p1b: Indeedee|Indeedee, L50, M|100/100
|switch|p2b: Porygon2|Porygon2, L50, shiny|100/100
|-fieldstart|move: Psychic Terrain|[from] ability: Psychic Surge|[of] p1b: Indeedee
|-ability|p2b: Porygon2|Download|boost
|-boost|p2b: Porygon2|spa|1
|turn|3
|
|t:|1756666334
|switch|p2a: Archaludon|Archaludon, L50, F|100/100
|move|p1b: Indeedee|Trick|p2b: Porygon2
|-activate|p1b: Indeedee|move: Trick|[of] p2b: Porygon2
|-item|p2b: Porygon2|Choice Scarf|[from] move: Trick
|-item|p1b: Indeedee|Eviolite|[from] move: Trick
|move|p1a: Annihilape|Drain Punch|p2a: Archaludon
|-supereffective|p2a: Archaludon
|-damage|p2a: Archaludon|0 fnt
|-heal|p1a: Annihilape|100/100|[from] drain|[of] p2a: Archaludon
|faint|p2a: Archaludon
|move|p2b: Porygon2|Trick Room|p2b: Porygon2
|-fieldstart|move: Trick Room|[of] p2b: Porygon2
|
|upkeep
|
|t:|1756666342
|switch|p2a: Ursaluna|Ursaluna, L50, F, shiny|95/100 brn
|turn|4
|inactive|CrystalGem02 has 30 seconds left.
|
|t:|1756666376
|move|p1a: Annihilape|Protect|p1a: Annihilape
|-singleturn|p1a: Annihilape|Protect
|move|p2a: Ursaluna|Facade|p1b: Indeedee
|-damage|p1b: Indeedee|0 fnt
|faint|p1b: Indeedee
|move|p2b: Porygon2|Trick Room|p2b: Porygon2
|-fieldend|move: Trick Room
|
|-damage|p2a: Ursaluna|89/100 brn|[from] brn
|upkeep
|
|t:|1756666381
|switch|p1b: Sneasler|Sneasler, L50, F|100/100
|-enditem|p1b: Sneasler|Psychic Seed
|-boost|p1b: Sneasler|spd|1|[from] item: Psychic Seed
|turn|5
|
|t:|1756666401
|-terastallize|p2a: Ursaluna|Ghost
|move|p1b: Sneasler|Close Combat|p2a: Ursaluna
|-immune|p2a: Ursaluna
|move|p1a: Annihilape|Rage Fist|p2a: Ursaluna
|-supereffective|p2a: Ursaluna
|-damage|p2a: Ursaluna|0 fnt
|faint|p2a: Ursaluna
|move|p2b: Porygon2|Trick Room|p2b: Porygon2
|-fieldstart|move: Trick Room|[of] p2b: Porygon2
|
|upkeep
|turn|6
|-message|CrystalGem02 forfeited.
|
|win|Smoukingrad
|l|☆CrystalGem02
|player|p2|
||Smoukingrad is ready for game 3.
|j|☆CrystalGem02
|player|p2|CrystalGem02|valerie|
