|j|☆jchase42
|j|‽jfaria97
|html|jchase42jfaria97    
|uhtml|bestof|Game 2 of a best-of-3
|t:|1756434963
|gametype|doubles
|player|p1|jchase42|hiker-gen4|1235
|player|p2|jfaria97|red|1088
|gen|9
|tier|[Gen 9] VGC 2025 Reg H (Bo3)
|rated|
|rule|Species Clause: Limit one of each Pokémon
|rule|Item Clause: Limit 1 of each item
|clearpoke
|poke|p1|Indeedee-F, L50, F|
|poke|p1|Torkoal, L50, M|
|poke|p1|Gallade, L50, M|
|poke|p1|Hatterene, L50, F|
|poke|p1|Maushold-Four, L50|
|poke|p1|Charizard, L50, F|
|poke|p2|Garchomp, L50, M|
|poke|p2|Gholdengo, L50|
|poke|p2|Talonflame, L50, M|
|poke|p2|Weezing-Galar, L50, F|
|poke|p2|Incineroar, L50, F|
|poke|p2|Dragonite, L50, F|
|teampreview|4
|showteam|p1|Indeedee-F||PsychicSeed|PsychicSurge|Psychic,FollowMe,HelpingHand,TrickRoom|||F|||50|,,,,,Grass]Torkoal||ChoiceSpecs|Drought|Eruption,HeatWave,WeatherBall,EarthPower|||M|||50|,,,,,Fire]Gallade||ClearAmulet|Sharpness|PsychoCut,SacredSword,WideGuard,TrickRoom|||M|||50|,,,,,Grass]Hatterene||CovertCloak|MagicBounce|ExpandingForce,DazzlingGleam,MysticalFire,TrickRoom|||F|||50|,,,,,Fire]Maushold-Four||WideLens|Technician|PopulationBomb,Bite,FollowMe,Protect||||||50|,,,,,Fairy]Charizard||ChoiceScarf|SolarPower|HeatWave,Overheat,AirSlash,DragonPulse|||F|||50|,,,,,Fire
|showteam|p2|Garchomp||LifeOrb|SandVeil|Earthquake,StompingTantrum,DragonClaw,Protect|||M|||50|,,,,,Steel]Gholdengo||ChoiceSpecs|GoodasGold|MakeItRain,ShadowBall,Thunderbolt,Trick||||||50|,,,,,Steel]Talonflame||CovertCloak|GaleWings|Tailwind,Taunt,BraveBird,WillOWisp|||M|||50|,,,,,Flying]Weezing-Galar||SitrusBerry|NeutralizingGas|StrangeSteam,SludgeBomb,Taunt,Protect|||F|||50|,,,,,Dark]Incineroar||SafetyGoggles|Intimidate|FlareBlitz,KnockOff,FakeOut,PartingShot|||F|||50|,,,,,Ghost]Dragonite||ChoiceBand|InnerFocus|ExtremeSpeed,Outrage,AerialAce,StompingTantrum|||F|||50|,,,,,Normal
|inactive|Battle timer is ON: inactive players will automatically lose when time's up. (requested by jfaria97)
|inactive|jchase42 has 60 seconds left.
|
|t:|1756435000
|teamsize|p1|4
|teamsize|p2|4
|start
|switch|p1a: Maushold|Maushold-Four, L50|100/100
|switch|p1b: Charizard|Charizard, L50, F|100/100
|switch|p2a: Dragonite|Dragonite, L50, F|100/100
|switch|p2b: Talonflame|Talonflame, L50, M|100/100
|turn|1
|inactive|jchase42 has 30 seconds left.
|inactive|jfaria97 has 30 seconds left.
|
|t:|1756435026
|switch|p1a: Torkoal|Torkoal, L50, M|100/100
|-weather|SunnyDay|[from] ability: Drought|[of] p1a: Torkoal
|move|p2b: Talonflame|Tailwind|p2b: Talonflame
|-sidestart|p2: jfaria97|move: Tailwind
|move|p1b: Charizard|Dragon Pulse|p2a: Dragonite
|-supereffective|p2a: Dragonite
|-damage|p2a: Dragonite|29/100
|move|p2a: Dragonite|Outrage|p1a: Torkoal
|-damage|p1a: Torkoal|23/100
|
|-weather|SunnyDay|[upkeep]
|-damage|p1b: Charizard|88/100|[from] ability: Solar Power|[of] p1b: Charizard
|upkeep
|turn|2
|inactive|jchase42 has 30 seconds left.
|inactive|jchase42 has 20 seconds left.
|
|t:|1756435062
|switch|p1b: Indeedee|Indeedee-F, L50, F|100/100
|-fieldstart|move: Psychic Terrain|[from] ability: Psychic Surge|[of] p1b: Indeedee
|-enditem|p1b: Indeedee|Psychic Seed
|-boost|p1b: Indeedee|spd|1|[from] item: Psychic Seed
|move|p2b: Talonflame|Brave Bird|p1b: Indeedee
|-activate|p1b: Indeedee|move: Psychic Terrain
|move|p2a: Dragonite|Outrage|p1a: Torkoal|[from] lockedmove
|-damage|p1a: Torkoal|0 fnt
|faint|p1a: Torkoal
|
|-weather|SunnyDay|[upkeep]
|upkeep
|
|t:|1756435083
|switch|p1a: Charizard|Charizard, L50, F|88/100
|turn|3
|
|t:|1756435095
|move|p1b: Indeedee|Follow Me|p1b: Indeedee
|-singleturn|p1b: Indeedee|move: Follow Me
|move|p2b: Talonflame|Taunt|p1b: Indeedee
|-start|p1b: Indeedee|move: Taunt
|move|p1a: Charizard|Heat Wave|p2a: Dragonite|[spread] p2a,p2b
|-resisted|p2a: Dragonite
|-resisted|p2b: Talonflame
|-damage|p2a: Dragonite|0 fnt
|-damage|p2b: Talonflame|34/100
|faint|p2a: Dragonite
|
|-weather|SunnyDay|[upkeep]
|-damage|p1a: Charizard|76/100|[from] ability: Solar Power|[of] p1a: Charizard
|upkeep
|
|t:|1756435108
|switch|p2a: Incineroar|Incineroar, L50, F|100/100
|-ability|p2a: Incineroar|Intimidate|boost
|-unboost|p1a: Charizard|atk|1
|-unboost|p1b: Indeedee|atk|1
|turn|4
|inactive|jchase42 has 30 seconds left.
|
|t:|1756435139
|switch|p1b: Maushold|Maushold-Four, L50|100/100
|-terastallize|p1a: Charizard|Fire
|move|p2b: Talonflame|Brave Bird|p1a: Charizard
|-damage|p1a: Charizard|12/100
|-damage|p2b: Talonflame|13/100|[from] Recoil
|move|p1a: Charizard|Heat Wave|p2a: Incineroar|[spread] p2a,p2b
|-resisted|p2a: Incineroar
|-resisted|p2b: Talonflame
|-damage|p2a: Incineroar|49/100
|-damage|p2b: Talonflame|0 fnt
|faint|p2b: Talonflame
|move|p2a: Incineroar|Knock Off|p1a: Charizard
|-damage|p1a: Charizard|0 fnt
|-enditem|p1a: Charizard|Choice Scarf|[from] move: Knock Off|[of] p2a: Incineroar
|faint|p1a: Charizard
|
|-weather|SunnyDay|[upkeep]
|-sideend|p2: jfaria97|move: Tailwind
|upkeep
|
|t:|1756435156
|switch|p2b: Weezing|Weezing-Galar, L50, F|100/100
|switch|p1a: Indeedee|Indeedee-F, L50, F|100/100
|-ability|p2b: Weezing|Neutralizing Gas
|turn|5
|inactive|jchase42 has 30 seconds left.
|
|t:|1756435185
|move|p1a: Indeedee|Follow Me|p1a: Indeedee
|-singleturn|p1a: Indeedee|move: Follow Me
|move|p1b: Maushold|Population Bomb|p2b: Weezing
|-damage|p2b: Weezing|92/100
|-damage|p2b: Weezing|84/100
|-damage|p2b: Weezing|76/100
|-damage|p2b: Weezing|67/100
|-damage|p2b: Weezing|59/100
|-damage|p2b: Weezing|51/100
|-damage|p2b: Weezing|44/100
|-enditem|p2b: Weezing|Sitrus Berry|[eat]
|-heal|p2b: Weezing|68/100|[from] item: Sitrus Berry
|-damage|p2b: Weezing|61/100
|-damage|p2b: Weezing|53/100
|-damage|p2b: Weezing|44/100
|-hitcount|p2b: Weezing|10
|move|p2a: Incineroar|Knock Off|p1a: Indeedee
|-supereffective|p1a: Indeedee
|-damage|p1a: Indeedee|49/100
|move|p2b: Weezing|Sludge Bomb|p1a: Indeedee
|-damage|p1a: Indeedee|19/100
|
|-weather|none
|upkeep
|turn|6
|inactive|jchase42 has 30 seconds left.
|
|t:|1756435213
|move|p1b: Maushold|Protect|p1b: Maushold
|-singleturn|p1b: Maushold|Protect
|move|p2b: Weezing|Protect|p2b: Weezing
|-singleturn|p2b: Weezing|Protect
|move|p1a: Indeedee|Psychic|p2b: Weezing
|-activate|p2b: Weezing|move: Protect
|move|p2a: Incineroar|Knock Off|p1b: Maushold
|-activate|p1b: Maushold|move: Protect
|
|-fieldend|move: Psychic Terrain
|upkeep
|turn|7
|
|t:|1756435237
|-terastallize|p2a: Incineroar|Ghost
|move|p1a: Indeedee|Follow Me|p1a: Indeedee
|-singleturn|p1a: Indeedee|move: Follow Me
|move|p1b: Maushold|Population Bomb|p2a: Incineroar
|-immune|p2a: Incineroar
|move|p2a: Incineroar|Knock Off|p1a: Indeedee
|-supereffective|p1a: Indeedee
|-damage|p1a: Indeedee|0 fnt
|faint|p1a: Indeedee
|move|p2b: Weezing|Sludge Bomb|p1b: Maushold
|-damage|p1b: Maushold|54/100
|-status|p1b: Maushold|psn
|
|-damage|p1b: Maushold|42/100 psn|[from] psn
|upkeep
|turn|8
|
|t:|1756435252
|move|p1b: Maushold|Bite|p2a: Incineroar
|-supereffective|p2a: Incineroar
|-damage|p2a: Incineroar|15/100
|move|p2a: Incineroar|Flare Blitz|p1b: Maushold
|-damage|p1b: Maushold|0 fnt
|faint|p1b: Maushold
|-damage|p2a: Incineroar|4/100|[from] Recoil
|
|win|jfaria97
||jchase42 is ready for game 3.
||jfaria97 is ready for game 3.
|uhtml|next|Next: Game 3 of 3
