|j|☆PiplupVGC
|j|☆Fairy Juice Jay
|html|PiplupVGCFairy Juice Jay    
|uhtml|bestof|Game 2 of a best-of-3
|t:|1757904895
|gametype|doubles
|player|p1|PiplupVGC|n|1228
|player|p2|Fairy Juice Jay|burgh-masters|1179
|gen|9
|tier|[Gen 9] VGC 2025 Reg H (Bo3)
|rated|
|rule|Species Clause: Limit one of each Pokémon
|rule|Item Clause: Limit 1 of each item
|clearpoke
|poke|p1|Electabuzz, L50, F|
|poke|p1|Kingambit, L50, M|
|poke|p1|Volcarona, L50, M|
|poke|p1|Dragonite, L50, M|
|poke|p1|Sneasler, L50, F|
|poke|p1|Rillaboom, L50, M|
|poke|p2|Serperior, L50, M|
|poke|p2|Illumise, L50, F|
|poke|p2|Metagross, L50|
|poke|p2|Primarina, L50, F|
|poke|p2|Kommo-o, L50, M|
|poke|p2|Arcanine-Hisui, L50, F|
|teampreview|4
|showteam|p1|Electabuzz||Eviolite|VitalSpirit|FollowMe,Thunderbolt,Taunt,Protect|||F|||50|,,,,,Ghost]Kingambit||BlackGlasses|Defiant|KowtowCleave,SuckerPunch,SwordsDance,Protect|||M|||50|,,,,,Dark]Volcarona||Leftovers|FlameBody|HeatWave,TeraBlast,QuiverDance,Protect|||M|||50|,,,,,Fairy]Dragonite||LoadedDice|Multiscale|ScaleShot,ExtremeSpeed,Haze,Protect|||M|||50|,,,,,Fairy]Sneasler||FocusSash|Unburden|DireClaw,CloseCombat,Coaching,FakeOut|||F|||50|,,,,,Stellar]Rillaboom||AssaultVest|GrassySurge|FakeOut,WoodHammer,GrassyGlide,HighHorsepower|||M|||50|,,,,,Fire
|showteam|p2|Serperior||WideLens|Contrary|LeafStorm,TeraBlast,LeechSeed,Protect|||M|||50|,,,,,Fire]Illumise||CovertCloak|Prankster|Uturn,Encore,FakeTears,Tailwind|||F|||50|,,,,,Dark]Metagross||AssaultVest|ClearBody|HeavySlam,PsychicFangs,StompingTantrum,BulletPunch||||||50|,,,,,Water]Primarina||Leftovers|LiquidVoice|HyperVoice,Moonblast,CalmMind,Protect|||F|||50|,,,,,Poison]Kommo-o||ThroatSpray|Overcoat|ClangingScales,Flamethrower,ClangorousSoul,Protect|||M|||50|,,,,,Fire]Arcanine-Hisui||SafetyGoggles|Intimidate|FlareBlitz,RockSlide,WillOWisp,Protect|||F|||50|,,,,,Grass
|inactive|Battle timer is ON: inactive players will automatically lose when time's up. (requested by Fairy Juice Jay)
|
|t:|1757904923
|teamsize|p1|4
|teamsize|p2|4
|start
|switch|p1a: Kingambit|Kingambit, L50, M|100/100
|switch|p1b: Electabuzz|Electabuzz, L50, F|100/100
|switch|p2a: Kommo-o|Kommo-o, L50, M|100/100
|switch|p2b: Sylvester|Serperior, L50, M|100/100
|turn|1
|
|t:|1757904938
|move|p2b: Sylvester|Leaf Storm|p1b: Electabuzz
|-damage|p1b: Electabuzz|67/100
|-boost|p2b: Sylvester|spa|2
|move|p2a: Kommo-o|Clangorous Soul|p2a: Kommo-o
|-boost|p2a: Kommo-o|atk|1
|-boost|p2a: Kommo-o|def|1
|-boost|p2a: Kommo-o|spa|1
|-boost|p2a: Kommo-o|spd|1
|-boost|p2a: Kommo-o|spe|1
|-damage|p2a: Kommo-o|68/100
|-enditem|p2a: Kommo-o|Throat Spray
|-boost|p2a: Kommo-o|spa|1|[from] item: Throat Spray
|move|p1b: Electabuzz|Taunt|p2a: Kommo-o
|-start|p2a: Kommo-o|move: Taunt
|move|p1a: Kingambit|Swords Dance|p1a: Kingambit
|-boost|p1a: Kingambit|atk|2
|
|upkeep
|turn|2
|inactive|PiplupVGC has 30 seconds left.
|
|t:|1757904966
|-terastallize|p1a: Kingambit|Dark
|move|p1b: Electabuzz|Follow Me|p1b: Electabuzz
|-singleturn|p1b: Electabuzz|move: Follow Me
|move|p1a: Kingambit|Sucker Punch|p2b: Sylvester
|-damage|p2b: Sylvester|0 fnt
|faint|p2b: Sylvester
|move|p2a: Kommo-o|Flamethrower|p1b: Electabuzz
|-damage|p1b: Electabuzz|26/100
|
|upkeep
|
|t:|1757904982
|switch|p2b: Primarina|Primarina, L50, F|100/100
|turn|3
|
|t:|1757904997
|move|p1b: Electabuzz|Follow Me|p1b: Electabuzz
|-singleturn|p1b: Electabuzz|move: Follow Me
|move|p1a: Kingambit|Sucker Punch|p2a: Kommo-o
|-resisted|p2a: Kommo-o
|-damage|p2a: Kommo-o|25/100
|move|p2a: Kommo-o|Clanging Scales|p1b: Electabuzz|[spread] p1a,p1b
|-damage|p1a: Kingambit|34/100
|-damage|p1b: Electabuzz|0 fnt
|faint|p1b: Electabuzz
|-unboost|p2a: Kommo-o|def|1
|move|p2b: Primarina|Moonblast|p1a: Kingambit
|-supereffective|p1a: Kingambit
|-damage|p1a: Kingambit|0 fnt
|faint|p1a: Kingambit
|
|upkeep
|
|t:|1757905004
|switch|p1b: Rillaboom|Rillaboom, L50, M|100/100
|switch|p1a: Sneasler|Sneasler, L50, F|100/100
|-fieldstart|move: Grassy Terrain|[from] ability: Grassy Surge|[of] p1b: Rillaboom
|turn|4
|
|t:|1757905026
|move|p1b: Rillaboom|Fake Out|p2b: Primarina
|-damage|p2b: Primarina|83/100
|move|p2a: Kommo-o|Clanging Scales|p1b: Rillaboom|[spread] p1a,p1b
|-crit|p1a: Sneasler
|-enditem|p1a: Sneasler|Focus Sash
|-damage|p1a: Sneasler|1/100
|-damage|p1b: Rillaboom|43/100
|-unboost|p2a: Kommo-o|def|1
|move|p1a: Sneasler|Close Combat|p2a: Kommo-o
|-damage|p2a: Kommo-o|0 fnt
|-unboost|p1a: Sneasler|def|1
|-unboost|p1a: Sneasler|spd|1
|faint|p2a: Kommo-o
|cant|p2b: Primarina|flinch
|
|-heal|p1a: Sneasler|7/100|[from] Grassy Terrain
|-heal|p1b: Rillaboom|49/100|[from] Grassy Terrain
|-heal|p2b: Primarina|89/100|[from] Grassy Terrain
|-heal|p2b: Primarina|95/100|[from] item: Leftovers
|upkeep
|
|t:|1757905035
|switch|p2a: Roxxiebane|Metagross, L50|100/100
|turn|5
|
|t:|1757905045
|-terastallize|p2b: Primarina|Poison
|move|p1b: Rillaboom|Grassy Glide|p2b: Primarina
|-resisted|p2b: Primarina
|-damage|p2b: Primarina|75/100
|move|p2a: Roxxiebane|Bullet Punch|p1a: Sneasler
|-damage|p1a: Sneasler|0 fnt
|faint|p1a: Sneasler
|move|p2b: Primarina|Hyper Voice|p1b: Rillaboom
|-resisted|p1b: Rillaboom
|-damage|p1b: Rillaboom|33/100
|
|-heal|p1b: Rillaboom|38/100|[from] Grassy Terrain
|-heal|p2b: Primarina|81/100|[from] Grassy Terrain
|-heal|p2b: Primarina|87/100|[from] item: Leftovers
|upkeep
|turn|6
|-message|PiplupVGC forfeited.
|
|win|Fairy Juice Jay
|l|☆PiplupVGC
|player|p1|
||Fairy Juice Jay is ready for game 3.
||PiplupVGC is ready for game 3.
|uhtml|next|Next: Game 3 of 3
|l|☆Fairy Juice Jay
|player|p2|
