|j|☆noriaki kasai
|j|☆rorain fearow
|html|noriaki kasairorain fearow    
|uhtml|bestof|Game 1 of a best-of-3
|t:|1757163792
|gametype|doubles
|player|p1|noriaki kasai|swimmer-gen4dp|1305
|player|p2|rorain fearow|birdkeeper|1196
|gen|9
|tier|[Gen 9] VGC 2025 Reg H (Bo3)
|rated|
|rule|Species Clause: Limit one of each Pokémon
|rule|Item Clause: Limit 1 of each item
|clearpoke
|poke|p1|Annihilape, L50, F|
|poke|p1|Sinistcha, L50|
|poke|p1|Maushold-Four, L50|
|poke|p1|Klefki, L50, M|
|poke|p1|Ursaluna-Bloodmoon, L50, M|
|poke|p1|Ninetales-Alola, L50, F|
|poke|p2|Archaludon, L50, M|
|poke|p2|Ursaluna-Bloodmoon, L50, M|
|poke|p2|Rillaboom, L50, M|
|poke|p2|Incineroar, L50, F|
|poke|p2|Smeargle, L50, M|
|poke|p2|Farigiraf, L50, F|
|teampreview|4
|showteam|p1|Annihilape||Leftovers|Defiant|Protect,BulkUp,DrainPunch,RageFist|||F|||50|,,,,,Fire]Sinistcha||SitrusBerry|Hospitality|MatchaGotcha,TrickRoom,LifeDew,RagePowder||||||50|,,,,,Water]Maushold-Four||FocusSash|FriendGuard|FollowMe,Taunt,BeatUp,Protect||||||50|,,,,,Ghost]Klefki||LightClay|Prankster|Reflect,LightScreen,MistyTerrain,DazzlingGleam|||M|||50|,,,,,Ghost]Ursaluna-Bloodmoon||AssaultVest|MindsEye|BloodMoon,HyperVoice,EarthPower,VacuumWave|||M|||50|,,,,,Water]Ninetales-Alola||ChoiceSpecs|SnowWarning|Blizzard,IcyWind,FreezeDry,Moonblast|||F|||50|,,,,,Ghost
|showteam|p2|Archaludon||PowerHerb|Sturdy|DragonPulse,Thunderbolt,ElectroShot,Protect|||M|||50|,,,,,Electric]Ursaluna-Bloodmoon||GrassySeed|MindsEye|EarthPower,HyperVoice,CalmMind,Protect|||M|||50|,,,,,Dragon]Rillaboom||AssaultVest|GrassySurge|WoodHammer,GrassyGlide,Uturn,FakeOut|||M|||50|,,,,,Fire]Incineroar||SafetyGoggles|Intimidate|FlareBlitz,PartingShot,KnockOff,FakeOut|||F|||50|,,,,,Ghost]Smeargle||FocusSash|Moody|Spore,Decorate,WideGuard,FollowMe|||M|||50|,,,,,Grass]Farigiraf||LifeOrb|ArmorTail|HyperVoice,TwinBeam,TrickRoom,Protect|||F|||50|,,,,,Fairy
|inactive|Battle timer is ON: inactive players will automatically lose when time's up. (requested by noriaki kasai)
|j| AztecRaptor
|
|t:|1757163831
|teamsize|p1|4
|teamsize|p2|4
|start
|switch|p1a: Annihilape|Annihilape, L50, F, shiny|100/100
|switch|p1b: Maushold|Maushold-Four, L50|100/100
|switch|p2a: Ursaluna|Ursaluna-Bloodmoon, L50, M|100/100
|switch|p2b: Rillaboom|Rillaboom, L50, M|100/100
|-fieldstart|move: Grassy Terrain|[from] ability: Grassy Surge|[of] p2b: Rillaboom
|-enditem|p2a: Ursaluna|Grassy Seed
|-boost|p2a: Ursaluna|def|1|[from] item: Grassy Seed
|turn|1
|
|t:|1757163855
|move|p1b: Maushold|Protect|p1b: Maushold
|-singleturn|p1b: Maushold|Protect
|move|p2b: Rillaboom|Fake Out|p1b: Maushold
|-activate|p1b: Maushold|move: Protect
|move|p1a: Annihilape|Drain Punch|p2a: Ursaluna
|-supereffective|p2a: Ursaluna
|-damage|p2a: Ursaluna|73/100
|move|p2a: Ursaluna|Calm Mind|p2a: Ursaluna
|-boost|p2a: Ursaluna|spa|1
|-boost|p2a: Ursaluna|spd|1
|
|-heal|p2a: Ursaluna|79/100|[from] Grassy Terrain
|upkeep
|turn|2
|inactive|noriaki kasai has 30 seconds left.
|
|t:|1757163886
|move|p1b: Maushold|Beat Up|p1a: Annihilape
|-damage|p1a: Annihilape|99/100
|-damage|p1a: Annihilape|97/100
|-damage|p1a: Annihilape|95/100
|-damage|p1a: Annihilape|93/100
|-hitcount|p1a: Annihilape|4
|move|p1a: Annihilape|Rage Fist|p2b: Rillaboom
|-damage|p2b: Rillaboom|13/100
|move|p2b: Rillaboom|Wood Hammer|p1a: Annihilape
|-damage|p1a: Annihilape|25/100
|-damage|p2b: Rillaboom|0 fnt|[from] Recoil
|faint|p2b: Rillaboom
|move|p2a: Ursaluna|Hyper Voice|p1b: Maushold|[spread] p1a,p1b
|-damage|p1a: Annihilape|0 fnt
|-damage|p1b: Maushold|24/100
|faint|p1a: Annihilape
|
|-heal|p1b: Maushold|30/100|[from] Grassy Terrain
|-heal|p2a: Ursaluna|85/100|[from] Grassy Terrain
|upkeep
|
|t:|1757163911
|switch|p1a: Ninetales|Ninetales-Alola, L50, F, shiny|100/100
|switch|p2b: Archaludon|Archaludon, L50, M|100/100
|-weather|Snowscape|[from] ability: Snow Warning|[of] p1a: Ninetales
|turn|3
|
|t:|1757163930
|move|p1b: Maushold|Protect|p1b: Maushold
|-singleturn|p1b: Maushold|Protect
|move|p2a: Ursaluna|Protect|p2a: Ursaluna
|-singleturn|p2a: Ursaluna|Protect
|move|p1a: Ninetales|Blizzard|p2b: Archaludon|[spread] p2b
|-activate|p2a: Ursaluna|move: Protect
|-damage|p2b: Archaludon|37/100
|move|p2b: Archaludon|Electro Shot||[still]
|-prepare|p2b: Archaludon|Electro Shot
|-boost|p2b: Archaludon|spa|1
|-enditem|p2b: Archaludon|Power Herb
|-anim|p2b: Archaludon|Electro Shot|p1a: Ninetales
|-damage|p1a: Ninetales|45/100
|
|-weather|Snowscape|[upkeep]
|-heal|p1b: Maushold|36/100|[from] Grassy Terrain
|-heal|p1a: Ninetales|52/100|[from] Grassy Terrain
|-heal|p2b: Archaludon|43/100|[from] Grassy Terrain
|-heal|p2a: Ursaluna|91/100|[from] Grassy Terrain
|upkeep
|turn|4
|inactive|noriaki kasai has 30 seconds left.
|inactive|rorain fearow has 30 seconds left.
|inactive|noriaki kasai has 20 seconds left.
|
|t:|1757163967
|-terastallize|p2b: Archaludon|Electric
|move|p1b: Maushold|Follow Me|p1b: Maushold
|-singleturn|p1b: Maushold|move: Follow Me
|move|p1a: Ninetales|Blizzard|p2b: Archaludon|[spread] p2a,p2b
|-supereffective|p2a: Ursaluna
|-damage|p2a: Ursaluna|28/100
|-damage|p2b: Archaludon|0 fnt
|faint|p2b: Archaludon
|move|p2a: Ursaluna|Calm Mind|p2a: Ursaluna
|-boost|p2a: Ursaluna|spa|1
|-boost|p2a: Ursaluna|spd|1
|
|-weather|Snowscape|[upkeep]
|-heal|p1b: Maushold|42/100|[from] Grassy Terrain
|-heal|p1a: Ninetales|58/100|[from] Grassy Terrain
|-heal|p2a: Ursaluna|34/100|[from] Grassy Terrain
|upkeep
|
|t:|1757163976
|switch|p2b: Smeargle|Smeargle, L50, M|100/100
|turn|5
|
|t:|1757163983
|move|p2b: Smeargle|Wide Guard|p2b: Smeargle
|-singleturn|p2b: Smeargle|Wide Guard
|move|p1b: Maushold|Taunt|p2b: Smeargle
|-start|p2b: Smeargle|move: Taunt
|move|p1a: Ninetales|Blizzard|p2b: Smeargle|[spread] 
|-activate|p2a: Ursaluna|move: Wide Guard
|-activate|p2b: Smeargle|move: Wide Guard
|move|p2a: Ursaluna|Hyper Voice|p1b: Maushold|[spread] p1a,p1b
|-damage|p1a: Ninetales|0 fnt
|-damage|p1b: Maushold|0 fnt
|faint|p1a: Ninetales
|faint|p1b: Maushold
|
|-weather|Snowscape|[upkeep]
|-heal|p2a: Ursaluna|40/100|[from] Grassy Terrain
|-fieldend|move: Grassy Terrain
|-ability|p2b: Smeargle|Moody|boost
|-boost|p2b: Smeargle|spa|2
|-unboost|p2b: Smeargle|atk|1
|upkeep
|
|t:|1757163994
|switch|p1b: Ursaluna|Ursaluna-Bloodmoon, L50, M|100/100
|turn|6
|inactive|noriaki kasai has 30 seconds left.
|inactive|noriaki kasai has 20 seconds left.
|inactive|noriaki kasai has 15 seconds left.
|
|t:|1757164038
|move|p2a: Ursaluna|Protect|p2a: Ursaluna
|-singleturn|p2a: Ursaluna|Protect
|-activate|p2b: Smeargle|move: Struggle
|move|p2b: Smeargle|Struggle|p1b: Ursaluna
|-damage|p1b: Ursaluna|99/100
|-damage|p2b: Smeargle|75/100|[from] recoil
|move|p1b: Ursaluna|Earth Power|p2b: Smeargle
|-damage|p2b: Smeargle|0 fnt
|faint|p2b: Smeargle
|
|-weather|Snowscape|[upkeep]
|upkeep
|turn|7
|inactive|noriaki kasai has 30 seconds left.
|
|t:|1757164065
|move|p1b: Ursaluna|Blood Moon|p2a: Ursaluna
|-damage|p2a: Ursaluna|0 fnt
|faint|p2a: Ursaluna
|
|win|noriaki kasai
