|j|☆SongokuVG Fr
|j|☆palle synchro
|html|SongokuVG Frpalle synchro    
|uhtml|bestof|Game 1 of a best-of-3
|t:|1757078166
|gametype|doubles
|player|p1|SongokuVG Fr|lucian|1350
|player|p2|palle synchro|volkner|1374
|gen|9
|tier|[Gen 9] VGC 2025 Reg H (Bo3)
|rated|
|rule|Species Clause: Limit one of each Pokémon
|rule|Item Clause: Limit 1 of each item
|clearpoke
|poke|p1|Klefki, L50, M|
|poke|p1|Ursaluna-Bloodmoon, L50, M|
|poke|p1|Maushold-Four, L50|
|poke|p1|Annihilape, L50, M|
|poke|p1|Ninetales-Alola, L50, M|
|poke|p1|Sinistcha, L50|
|poke|p2|Whimsicott, L50, F|
|poke|p2|Annihilape, L50, M|
|poke|p2|Indeedee, L50, M|
|poke|p2|Sneasler, L50, M|
|poke|p2|Ursaluna-Bloodmoon, L50, M|
|poke|p2|Archaludon, L50, F|
|teampreview|4
|showteam|p1|Klefki||LightClay|Prankster|Reflect,LightScreen,MistyTerrain,DazzlingGleam|||M|||50|,,,,,Ghost]Ursaluna-Bloodmoon||AssaultVest|MindsEye|BloodMoon,HyperVoice,VacuumWave,EarthPower|||M|||50|,,,,,Water]Maushold-Four||SafetyGoggles|FriendGuard|FollowMe,Protect,Taunt,BeatUp||||||50|,,,,,Ghost]Annihilape||Leftovers|Defiant|DrainPunch,RageFist,Protect,BulkUp|||M|||50|,,,,,Water]Ninetales-Alola||FocusSash|SnowWarning|Blizzard,Protect,Encore,FreezeDry|||M|||50|,,,,,Ghost]Sinistcha||SitrusBerry|Hospitality|MatchaGotcha,RagePowder,LifeDew,TrickRoom||||||50|,,,,,Water
|showteam|p2|Whimsicott||CovertCloak|Prankster|Moonblast,Taunt,Tailwind,FakeTears|||F|||50|,,,,,Water]Annihilape||SafetyGoggles|Defiant|CloseCombat,RageFist,FinalGambit,Taunt|||M|||50|,,,,,Water]Indeedee||FocusSash|PsychicSurge|ExpandingForce,TeraBlast,Imprison,TrickRoom|||M|||50|,,,,,Psychic]Sneasler||PsychicSeed|Unburden|CloseCombat,DireClaw,ThroatChop,Protect|||M|||50|,,,,,Dark]Ursaluna-Bloodmoon||LifeOrb|MindsEye|HyperVoice,BloodMoon,EarthPower,Protect|||M|||50|,,,,,Normal]Archaludon||PowerHerb|Sturdy|ElectroShot,DragonPulse,Thunderbolt,Protect|||F|||50|,,,,,Electric
|
|t:|1757078213
|teamsize|p1|4
|teamsize|p2|4
|start
|switch|p1a: Klefki|Klefki, L50, M|100/100
|switch|p1b: Ninetales|Ninetales-Alola, L50, M|100/100
|switch|p2a: Whimsicott|Whimsicott, L50, F|100/100
|switch|p2b: Ursaluna|Ursaluna-Bloodmoon, L50, M|100/100
|-weather|Snowscape|[from] ability: Snow Warning|[of] p1b: Ninetales
|turn|1
|inactive|Battle timer is ON: inactive players will automatically lose when time's up. (requested by SongokuVG Fr)
|
|t:|1757078238
|-terastallize|p2b: Ursaluna|Normal
|move|p2a: Whimsicott|Taunt|p1a: Klefki
|-start|p1a: Klefki|move: Taunt
|cant|p1a: Klefki|move: Taunt|Light Screen
|move|p1b: Ninetales|Blizzard|p2b: Ursaluna|[spread] p2a,p2b
|-supereffective|p2a: Whimsicott
|-damage|p2a: Whimsicott|21/100
|-damage|p2b: Ursaluna|56/100
|move|p2b: Ursaluna|Hyper Voice|p1b: Ninetales|[spread] p1a,p1b
|-resisted|p1a: Klefki
|-damage|p1a: Klefki|67/100
|-damage|p1b: Ninetales|11/100
|-damage|p2b: Ursaluna|47/100|[from] item: Life Orb
|
|-weather|Snowscape|[upkeep]
|upkeep
|turn|2
|
|t:|1757078257
|switch|p1b: Sinistcha|Sinistcha, L50|100/100
|-heal|p1a: Klefki|92/100|[from] ability: Hospitality|[of] p1b: Sinistcha
|move|p2a: Whimsicott|Tailwind|p2a: Whimsicott
|-sidestart|p2: palle synchro|move: Tailwind
|move|p2b: Ursaluna|Hyper Voice|p1b: Sinistcha|[spread] p1a,p1b
|-resisted|p1a: Klefki
|-damage|p1a: Klefki|58/100
|-damage|p1b: Sinistcha|32/100
|-enditem|p1b: Sinistcha|Sitrus Berry|[eat]
|-heal|p1b: Sinistcha|57/100|[from] item: Sitrus Berry
|-damage|p2b: Ursaluna|37/100|[from] item: Life Orb
|move|p1a: Klefki|Dazzling Gleam|p2a: Whimsicott|[spread] p2a,p2b
|-damage|p2a: Whimsicott|0 fnt
|-damage|p2b: Ursaluna|14/100
|faint|p2a: Whimsicott
|
|-weather|Snowscape|[upkeep]
|upkeep
|
|t:|1757078278
|switch|p2a: Indeedee|Indeedee, L50, M|100/100
|-fieldstart|move: Psychic Terrain|[from] ability: Psychic Surge|[of] p2a: Indeedee
|turn|3
|
|t:|1757078284
|switch|p1a: Ninetales|Ninetales-Alola, L50, M|11/100
|move|p2a: Indeedee|Expanding Force|p1a: Ninetales|[spread] p1a,p1b
|-crit|p1b: Sinistcha
|-damage|p1a: Ninetales|0 fnt
|-damage|p1b: Sinistcha|0 fnt
|faint|p1a: Ninetales
|faint|p1b: Sinistcha
|move|p2b: Ursaluna|Hyper Voice|p1: Ninetales|[notarget]
|-fail|p2b: Ursaluna
|
|-weather|Snowscape|[upkeep]
|upkeep
|
|t:|1757078290
|switch|p1a: Ursaluna|Ursaluna-Bloodmoon, L50, M|100/100
|switch|p1b: Klefki|Klefki, L50, M|58/100
|turn|4
|
|t:|1757078309
|move|p1a: Ursaluna|Vacuum Wave|p2b: Ursaluna
|-activate|p2b: Ursaluna|move: Psychic Terrain
|move|p1b: Klefki|Misty Terrain|p1b: Klefki
|-fieldstart|move: Misty Terrain
|move|p2a: Indeedee|Expanding Force|p1b: Klefki
|-resisted|p1b: Klefki
|-crit|p1b: Klefki
|-damage|p1b: Klefki|33/100
|move|p2b: Ursaluna|Blood Moon|p1a: Ursaluna
|-damage|p1a: Ursaluna|0 fnt
|faint|p1a: Ursaluna
|-damage|p2b: Ursaluna|5/100|[from] item: Life Orb
|
|-weather|Snowscape|[upkeep]
|upkeep
|turn|5
|-message|SongokuVG Fr forfeited.
|
|win|palle synchro
