|j|☆Tractie
|j|☆maestro zoroli
|html|Tractiemaestro zoroli    
|uhtml|bestof|Game 1 of a best-of-3
|t:|1757178387
|gametype|doubles
|player|p1|Tractie|102|1254
|player|p2|maestro zoroli|266|1192
|gen|9
|tier|[Gen 9] VGC 2025 Reg H (Bo3)
|rated|
|rule|Species Clause: Limit one of each Pokémon
|rule|Item Clause: Limit 1 of each item
|clearpoke
|poke|p1|Gothitelle, L50, M|
|poke|p1|Dondozo, L50, M|
|poke|p1|Tauros-Paldea-Blaze, L50, M|
|poke|p1|Kingambit, L50, M|
|poke|p1|Amoonguss, L50, M|
|poke|p1|Basculegion, L50, M|
|poke|p2|Archaludon, L50, F|
|poke|p2|Vivillon, L50, M|
|poke|p2|Corviknight, L50, M|
|poke|p2|Hydreigon, L50, M|
|poke|p2|Garchomp, L50, F|
|poke|p2|Dragonite, L50, M|
|teampreview|4
|showteam|p1|Gothitelle||SitrusBerry|ShadowTag|FakeOut,Psychic,HelpingHand,Protect|||M|||50|,,,,,Water]Dondozo||Leftovers|Unaware|WaveCrash,BodyPress,Yawn,Protect|||M|||50|,,,,,Electric]Tauros-Paldea-Blaze||SafetyGoggles|Intimidate|FlareBlitz,CloseCombat,WillOWisp,Protect|||M|||50|,,,,,Grass]Kingambit||BlackGlasses|Defiant|SuckerPunch,KowtowCleave,SwordsDance,Protect|||M|||50|,,,,,Dark]Amoonguss||RockyHelmet|Regenerator|Spore,RagePowder,PollenPuff,Protect|||M|||50|,,,,,Fairy]Basculegion||ChoiceScarf|Adaptability|WaveCrash,LastRespects,AquaJet,FlipTurn|||M|||50|,,,,,Water
|showteam|p2|Archaludon||AssaultVest|Stalwart|Thunderbolt,ElectroShot,FlashCannon,DracoMeteor|||F|||50|,,,,,Flying]Vivillon||FocusSash|CompoundEyes|Hurricane,SleepPowder,Tailwind,RagePowder|||M|||50|,,,,,Ghost]Corviknight||Leftovers|MirrorArmor|BraveBird,BodyPress,BulkUp,Roost|||M|||50|,,,,,Fire]Hydreigon||ChoiceSpecs|Levitate|DarkPulse,DracoMeteor,Snarl,FlashCannon|||M|||50|,,,,,Steel]Garchomp||LifeOrb|RoughSkin|Earthquake,DragonClaw,SwordsDance,Protect|||F|||50|,,,,,Ground]Dragonite||LoadedDice|Multiscale|ScaleShot,Safeguard,Haze,Protect|||M|||50|,,,,,Ghost
|inactive|Battle timer is ON: inactive players will automatically lose when time's up. (requested by Tractie)
|inactive|Tractie has 60 seconds left.
|inactive|maestro zoroli has 60 seconds left.
|inactive|Tractie has 30 seconds left.
|inactive|maestro zoroli has 30 seconds left.
|inactive|Tractie has 20 seconds left.
|inactive|maestro zoroli has 20 seconds left.
|inactive|Tractie has 15 seconds left.
|inactive|maestro zoroli has 15 seconds left.
|inactive|Tractie has 10 seconds left.
|inactive|Tractie has 5 seconds left.
|
|t:|1757178472
|teamsize|p1|4
|teamsize|p2|4
|start
|switch|p1a: Tauros|Tauros-Paldea-Blaze, L50, M|100/100
|switch|p1b: Basculegion|Basculegion, L50, M|100/100
|switch|p2a: Vivillon|Vivillon, L50, M|100/100
|switch|p2b: Hydreigon|Hydreigon, L50, M|100/100
|-ability|p1a: Tauros|Intimidate|boost
|-unboost|p2a: Vivillon|atk|1
|-unboost|p2b: Hydreigon|atk|1
|turn|1
|inactive|Tractie has 30 seconds left.
|inactive|maestro zoroli has 30 seconds left.
|inactive|Tractie has 20 seconds left.
|inactive|Tractie has 15 seconds left.
|
|t:|1757178516
|switch|p2a: Garchomp|Garchomp, L50, F|100/100
|move|p1b: Basculegion|Flip Turn|p2a: Garchomp
|-damage|p2a: Garchomp|61/100
|-damage|p1b: Basculegion|88/100|[from] ability: Rough Skin|[of] p2a: Garchomp
|
|t:|1757178531
|switch|p1b: Gothitelle|Gothitelle, L50, M|100/100|[from] Flip Turn
|move|p2b: Hydreigon|Dark Pulse|p1b: Gothitelle
|-supereffective|p1b: Gothitelle
|-damage|p1b: Gothitelle|8/100
|-enditem|p1b: Gothitelle|Sitrus Berry|[eat]
|-heal|p1b: Gothitelle|33/100|[from] item: Sitrus Berry
|move|p1a: Tauros|Flare Blitz|p2a: Garchomp
|-resisted|p2a: Garchomp
|-damage|p2a: Garchomp|32/100
|-damage|p1a: Tauros|89/100|[from] ability: Rough Skin|[of] p2a: Garchomp
|-damage|p1a: Tauros|77/100|[from] Recoil
|
|upkeep
|turn|2
|
|t:|1757178555
|move|p1b: Gothitelle|Fake Out|p2a: Garchomp
|-damage|p2a: Garchomp|27/100
|-damage|p1b: Gothitelle|21/100|[from] ability: Rough Skin|[of] p2a: Garchomp
|cant|p2a: Garchomp|flinch
|move|p2b: Hydreigon|Dark Pulse|p1b: Gothitelle
|-supereffective|p1b: Gothitelle
|-damage|p1b: Gothitelle|0 fnt
|faint|p1b: Gothitelle
|move|p1a: Tauros|Close Combat|p2b: Hydreigon
|-supereffective|p2b: Hydreigon
|-damage|p2b: Hydreigon|0 fnt
|-unboost|p1a: Tauros|def|1
|-unboost|p1a: Tauros|spd|1
|faint|p2b: Hydreigon
|
|upkeep
|
|t:|1757178577
|switch|p2b: Vivillon|Vivillon, L50, M|100/100
|switch|p1b: Basculegion|Basculegion, L50, M|88/100
|turn|3
|inactive|Tractie has 30 seconds left.
|inactive|maestro zoroli has 30 seconds left.
|inactive|Tractie has 20 seconds left.
|inactive|Tractie has 15 seconds left.
|inactive|Tractie has 10 seconds left.
|
|t:|1757178627
|move|p2a: Garchomp|Protect|p2a: Garchomp
|-singleturn|p2a: Garchomp|Protect
|move|p1b: Basculegion|Flip Turn|p2b: Vivillon
|-damage|p2b: Vivillon|27/100
|
|t:|1757178633
|switch|p1b: Dondozo|Dondozo, L50, M|100/100|[from] Flip Turn
|move|p1a: Tauros|Flare Blitz|p2b: Vivillon
|-supereffective|p2b: Vivillon
|-damage|p2b: Vivillon|0 fnt
|faint|p2b: Vivillon
|-damage|p1a: Tauros|68/100|[from] Recoil
|
|upkeep
|
|t:|1757178643
|switch|p2b: Corviknight|Corviknight, L50, M|100/100
|turn|4
|
|t:|1757178666
|move|p1a: Tauros|Protect|p1a: Tauros
|-singleturn|p1a: Tauros|Protect
|move|p2a: Garchomp|Earthquake|p1b: Dondozo|[spread] p1b
|-activate|p1a: Tauros|move: Protect
|-immune|p2b: Corviknight
|-damage|p1b: Dondozo|70/100
|-damage|p2a: Garchomp|17/100|[from] item: Life Orb
|move|p2b: Corviknight|Bulk Up|p2b: Corviknight
|-boost|p2b: Corviknight|atk|1
|-boost|p2b: Corviknight|def|1
|move|p1b: Dondozo|Wave Crash|p2a: Garchomp
|-damage|p2a: Garchomp|0 fnt
|-damage|p1b: Dondozo|57/100|[from] ability: Rough Skin|[of] p2a: Garchomp
|faint|p2a: Garchomp
|-damage|p1b: Dondozo|53/100|[from] Recoil
|
|-heal|p1b: Dondozo|59/100|[from] item: Leftovers
|upkeep
|turn|5
|inactive|Tractie has 30 seconds left.
|
|t:|1757178700
|move|p1a: Tauros|Close Combat|p2b: Corviknight
|-damage|p2b: Corviknight|72/100
|-unboost|p1a: Tauros|def|1
|-unboost|p1a: Tauros|spd|1
|move|p2b: Corviknight|Body Press|p1a: Tauros
|-damage|p1a: Tauros|2/100
|move|p1b: Dondozo|Yawn|p2b: Corviknight
|-start|p2b: Corviknight|move: Yawn|[of] p1b: Dondozo
|
|-heal|p2b: Corviknight|78/100|[from] item: Leftovers
|-heal|p1b: Dondozo|66/100|[from] item: Leftovers
|upkeep
|turn|6
|
|t:|1757178718
|move|p1a: Tauros|Flare Blitz|p2b: Corviknight
|-supereffective|p2b: Corviknight
|-damage|p2b: Corviknight|14/100
|-damage|p1a: Tauros|0 fnt|[from] Recoil
|faint|p1a: Tauros
|move|p2b: Corviknight|Bulk Up|p2b: Corviknight
|-boost|p2b: Corviknight|atk|1
|-boost|p2b: Corviknight|def|1
|move|p1b: Dondozo|Wave Crash|p2b: Corviknight
|-damage|p2b: Corviknight|0 fnt
|faint|p2b: Corviknight
|-damage|p1b: Dondozo|62/100|[from] Recoil
|
|win|Tractie
