|j|☆afkahaoai
|j|☆malo maalez
|html|afkahaoaimalo maalez    
|uhtml|bestof|Game 2 of a best-of-3
|t:|1756679960
|gametype|doubles
|player|p1|afkahaoai|rosa|1134
|player|p2|malo maalez|steven|1179
|gen|9
|tier|[Gen 9] VGC 2025 Reg H (Bo3)
|rated|
|rule|Species Clause: Limit one of each Pokémon
|rule|Item Clause: Limit 1 of each item
|clearpoke
|poke|p1|Ursaluna, L50, F|
|poke|p1|Talonflame, L50, F|
|poke|p1|Pelipper, L50, M|
|poke|p1|Archaludon, L50, M|
|poke|p1|Amoonguss, L50, M|
|poke|p1|Annihilape, L50, M|
|poke|p2|Sneasler, L50, F|
|poke|p2|Kingambit, L50, M|
|poke|p2|Dragonite, L50, M|
|poke|p2|Rillaboom, L50, F|
|poke|p2|Volcarona, L50, F|
|poke|p2|Electabuzz, L50, F|
|teampreview|4
|showteam|p1|Ursaluna||ClearAmulet|Guts|Earthquake,Facade,HeadlongRush,Protect|||F|||50|,,,,,Bug]Talonflame||WideLens|GaleWings|WillOWisp,Tailwind,Feint,DualWingbeat|||F|||50|,,,,,Ghost]Pelipper||FocusSash|Drizzle|WeatherBall,Hurricane,WideGuard,HelpingHand|||M|||50|,,,,,Ghost]Archaludon||AssaultVest|Stamina|ElectroShot,DracoMeteor,BodyPress,Snarl|||M|||50|,,,,,Bug]Amoonguss||RockyHelmet|Regenerator|RagePowder,PollenPuff,Spore,Protect|||M|||50|,,,,,Dark]Annihilape||SafetyGoggles|Defiant|BulkUp,DrainPunch,RageFist,Protect|||M|||50|,,,,,Fire
|showteam|p2|Sneasler||FocusSash|PoisonTouch|FakeOut,Coaching,CloseCombat,DireClaw|||F|||50|,,,,,Ghost]Kingambit||BlackGlasses|Defiant|KowtowCleave,SuckerPunch,SwordsDance,Protect|||M|||50|,,,,,Dark]Dragonite||LoadedDice|Multiscale|Protect,Haze,ScaleShot,ExtremeSpeed|||M|||50|,,,,,Fairy]Rillaboom||AssaultVest|GrassySurge|FakeOut,GrassyGlide,WoodHammer,HighHorsepower|||F|||50|,,,,,Fire]Volcarona||Leftovers|FlameBody|QuiverDance,Protect,TeraBlast,HeatWave|||F|||50|,,,,,Fairy]Electabuzz||Eviolite|VitalSpirit|Electroweb,FollowMe,Taunt,Protect|||F|||50|,,,,,Ghost
|inactive|Battle timer is ON: inactive players will automatically lose when time's up. (requested by afkahaoai)
|inactive|malo maalez has 60 seconds left.
|
|t:|1756679999
|teamsize|p1|4
|teamsize|p2|4
|start
|switch|p1a: Talonflame|Talonflame, L50, F|100/100
|switch|p1b: Annihilape|Annihilape, L50, M|100/100
|switch|p2a: Tell Me|Sneasler, L50, F|100/100
|switch|p2b: ImitadoraVoy|Volcarona, L50, F|100/100
|turn|1
|inactive|afkahaoai has 30 seconds left.
|
|t:|1756680028
|switch|p1a: Archaludon|Archaludon, L50, M|100/100
|-terastallize|p1b: Annihilape|Fire
|move|p2a: Tell Me|Fake Out|p1a: Archaludon
|-resisted|p1a: Archaludon
|-damage|p1a: Archaludon|95/100
|-ability|p1a: Archaludon|Stamina|boost
|-boost|p1a: Archaludon|def|1
|move|p2b: ImitadoraVoy|Quiver Dance|p2b: ImitadoraVoy
|-boost|p2b: ImitadoraVoy|spa|1
|-boost|p2b: ImitadoraVoy|spd|1
|-boost|p2b: ImitadoraVoy|spe|1
|move|p1b: Annihilape|Bulk Up|p1b: Annihilape
|-boost|p1b: Annihilape|atk|1
|-boost|p1b: Annihilape|def|1
|
|upkeep
|turn|2
|
|t:|1756680052
|switch|p1a: Pelipper|Pelipper, L50, M|100/100
|-weather|RainDance|[from] ability: Drizzle|[of] p1a: Pelipper
|move|p2b: ImitadoraVoy|Quiver Dance|p2b: ImitadoraVoy
|-boost|p2b: ImitadoraVoy|spa|1
|-boost|p2b: ImitadoraVoy|spd|1
|-boost|p2b: ImitadoraVoy|spe|1
|move|p2a: Tell Me|Coaching|p2b: ImitadoraVoy
|-boost|p2b: ImitadoraVoy|atk|1
|-boost|p2b: ImitadoraVoy|def|1
|move|p1b: Annihilape|Bulk Up|p1b: Annihilape
|-boost|p1b: Annihilape|atk|1
|-boost|p1b: Annihilape|def|1
|
|-weather|RainDance|[upkeep]
|upkeep
|turn|3
|inactive|afkahaoai has 30 seconds left.
|inactive|malo maalez has 30 seconds left.
|
|t:|1756680082
|move|p2b: ImitadoraVoy|Tera Blast|p1a: Pelipper
|-damage|p1a: Pelipper|14/100
|move|p2a: Tell Me|Dire Claw|p1a: Pelipper
|-crit|p1a: Pelipper
|-damage|p1a: Pelipper|0 fnt
|faint|p1a: Pelipper
|move|p1b: Annihilape|Rage Fist|p2b: ImitadoraVoy
|-damage|p2b: ImitadoraVoy|57/100
|
|-weather|RainDance|[upkeep]
|-heal|p2b: ImitadoraVoy|64/100|[from] item: Leftovers
|upkeep
|
|t:|1756680089
|switch|p1a: Talonflame|Talonflame, L50, F|100/100
|turn|4
|inactive|afkahaoai has 30 seconds left.
|
|t:|1756680116
|switch|p2a: A Su Lugar|Electabuzz, L50, F, shiny|100/100
|move|p2b: ImitadoraVoy|Protect|p2b: ImitadoraVoy
|-singleturn|p2b: ImitadoraVoy|Protect
|move|p1a: Talonflame|Tailwind|p1a: Talonflame
|-sidestart|p1: afkahaoai|move: Tailwind
|move|p1b: Annihilape|Drain Punch|p2a: A Su Lugar
|-damage|p2a: A Su Lugar|39/100
|
|-weather|RainDance|[upkeep]
|-heal|p2b: ImitadoraVoy|70/100|[from] item: Leftovers
|upkeep
|turn|5
|inactive|malo maalez has 30 seconds left.
|
|t:|1756680142
|switch|p1a: Archaludon|Archaludon, L50, M|95/100
|move|p2a: A Su Lugar|Follow Me|p2a: A Su Lugar
|-singleturn|p2a: A Su Lugar|move: Follow Me
|move|p2b: ImitadoraVoy|Tera Blast|p1a: Archaludon
|-resisted|p1a: Archaludon
|-damage|p1a: Archaludon|68/100
|-ability|p1a: Archaludon|Stamina|boost
|-boost|p1a: Archaludon|def|1
|move|p1b: Annihilape|Bulk Up|p1b: Annihilape
|-boost|p1b: Annihilape|atk|1
|-boost|p1b: Annihilape|def|1
|
|-weather|RainDance|[upkeep]
|-heal|p2b: ImitadoraVoy|76/100|[from] item: Leftovers
|upkeep
|turn|6
|
|t:|1756680159
|-terastallize|p2b: ImitadoraVoy|Fairy
|move|p2a: A Su Lugar|Follow Me|p2a: A Su Lugar
|-singleturn|p2a: A Su Lugar|move: Follow Me
|move|p2b: ImitadoraVoy|Tera Blast|p1a: Archaludon|[anim] Tera Blast Fairy
|-damage|p1a: Archaludon|0 fnt
|faint|p1a: Archaludon
|move|p1b: Annihilape|Drain Punch|p2a: A Su Lugar
|-damage|p2a: A Su Lugar|0 fnt
|faint|p2a: A Su Lugar
|
|-weather|none
|-heal|p2b: ImitadoraVoy|82/100|[from] item: Leftovers
|upkeep
|
|t:|1756680169
|switch|p2a: Tell Me|Sneasler, L50, F|100/100
|switch|p1a: Talonflame|Talonflame, L50, F|100/100
|turn|7
|
|t:|1756680176
|move|p2a: Tell Me|Fake Out|p1b: Annihilape
|-damage|p1b: Annihilape|95/100
|-status|p1b: Annihilape|psn|[from] ability: Poison Touch|[of] p2a: Tell Me
|move|p1a: Talonflame|Feint|p2b: ImitadoraVoy
|-damage|p2b: ImitadoraVoy|74/100
|move|p2b: ImitadoraVoy|Heat Wave|p1b: Annihilape|[spread] p1a,p1b
|-resisted|p1a: Talonflame
|-resisted|p1b: Annihilape
|-damage|p1a: Talonflame|42/100
|-damage|p1b: Annihilape|59/100 psn
|cant|p1b: Annihilape|flinch
|
|-heal|p2b: ImitadoraVoy|81/100|[from] item: Leftovers
|-damage|p1b: Annihilape|46/100 psn|[from] psn
|-sideend|p1: afkahaoai|move: Tailwind
|upkeep
|turn|8
|inactive|afkahaoai has 30 seconds left.
|inactive|malo maalez has 30 seconds left.
|
|t:|1756680202
|move|p2b: ImitadoraVoy|Heat Wave|p1a: Talonflame|[spread] p1a,p1b
|-resisted|p1a: Talonflame
|-resisted|p1b: Annihilape
|-damage|p1a: Talonflame|0 fnt
|-damage|p1b: Annihilape|8/100 psn
|faint|p1a: Talonflame
|move|p2a: Tell Me|Close Combat|p1b: Annihilape
|-damage|p1b: Annihilape|0 fnt
|-unboost|p2a: Tell Me|def|1
|-unboost|p2a: Tell Me|spd|1
|faint|p1b: Annihilape
|
|win|malo maalez
|raw|afkahaoai's rating: 1134 → 1112(-22 for losing)
|raw|malo maalez's rating: 1179 → 1201(+22 for winning)
