|j|☆25th_mang
|j|☆Pareng Khufra
|html|25th_mangPareng Khufra    
|uhtml|bestof|Game 2 of a best-of-3
|t:|1785137289
|gametype|doubles
|player|p1|25th_mang|ballguy|1319
|player|p2|Pareng Khufra|169|1313
|gen|9
|tier|[Gen 9 Champions] VGC 2026 Reg M-B (Bo3)
|rated|
|rule|Species Clause: Limit one of each Pokémon
|rule|Item Clause: Limit 1 of each item
|clearpoke
|poke|p1|Blastoise, L50, M|
|poke|p1|Camerupt, L50, M|
|poke|p1|Farigiraf, L50, M|
|poke|p1|Kingambit, L50, F|
|poke|p1|Vanilluxe, L50, F|
|poke|p1|Staraptor, L50, M|
|poke|p2|Staraptor, L50, M|
|poke|p2|Garchomp, L50, F|
|poke|p2|Whimsicott, L50, M|
|poke|p2|Delphox, L50, M|
|poke|p2|Glimmora, L50, F|
|poke|p2|Kingambit, L50, F, shiny|
|teampreview|4
|showteam|p1|Blastoise||Blastoisinite|RainDish|WaterSpout,DarkPulse,AuraSphere,FakeOut|Quiet||M|||50|]Camerupt||Cameruptite|SolidRock|AncientPower,EarthPower,HeatWave,Protect|Quiet||M|||50|]Farigiraf||SitrusBerry|ArmorTail|PsychicFangs,HyperVoice,HelpingHand,TrickRoom|Relaxed||M|||50|]Kingambit||LifeOrb|Defiant|KowtowCleave,IronHead,Protect,SuckerPunch|Brave||F|||50|]Vanilluxe||NeverMeltIce|SnowWarning|Blizzard,FreezeDry,Protect,IceShard|Quiet||F|||50|]Staraptor||ChoiceScarf|Intimidate|FinalGambit,CloseCombat,BraveBird,Uturn|Jolly||M|||50|
|showteam|p2|Staraptor||Staraptite|Intimidate|Protect,Roost,CloseCombat,BraveBird|Jolly||M|||50|]Garchomp||LifeOrb|RoughSkin|Protect,RockSlide,Earthquake,DragonClaw|Jolly||F|||50|]Whimsicott||OccaBerry|Prankster|Moonblast,Tailwind,Charm,LightScreen|Timid||M|||50|]Delphox||Delphoxite|Magician|Protect,Psychic,HeatWave,Substitute|Modest||M|||50|]Glimmora||FocusSash|ToxicDebris|SpikyShield,EarthPower,PowerGem,SludgeBomb|Timid||F|||50|]Kingambit||ChopleBerry|Defiant|KowtowCleave,IronHead,SuckerPunch,LowKick|Adamant||F|||50|
|inactive|Battle timer is ON: inactive players will automatically lose when time's up. (requested by 25th_mang)
|
|t:|1785137314
|teamsize|p1|4
|teamsize|p2|4
|start
|switch|p1a: Blind Spot|Farigiraf, L50, M|100/100
|switch|p1b: Haven|Blastoise, L50, M|100/100
|switch|p2a: Kingambit|Kingambit, L50, F, shiny|100/100
|switch|p2b: Glimmora|Glimmora, L50, F|100/100
|turn|1
|inactive|25th_mang has 30 seconds left.
|inactive|25th_mang has 20 seconds left.
|
|t:|1785137349
|detailschange|p1b: Haven|Blastoise-Mega, L50, M
|-mega|p1b: Haven|Blastoise|Blastoisinite
|move|p1a: Blind Spot|Helping Hand|p1b: Haven
|-singleturn|p1b: Haven|Helping Hand|[of] p1a: Blind Spot
|move|p2b: Glimmora|Sludge Bomb|p1b: Haven
|-damage|p1b: Haven|60/100
|-status|p1b: Haven|psn
|move|p1b: Haven|Aura Sphere|p2a: Kingambit
|-supereffective|p2a: Kingambit|2
|-enditem|p2a: Kingambit|Chople Berry|[eat]
|-enditem|p2a: Kingambit|Chople Berry|[weaken]
|-damage|p2a: Kingambit|0 fnt
|faint|p2a: Kingambit
|
|-damage|p1b: Haven|48/100 psn|[from] psn
|upkeep
|
|t:|1785137365
|switch|p2a: Garchomp|Garchomp, L50, F|100/100
|turn|2
|
|t:|1785137376
|move|p2a: Garchomp|Rock Slide|p1a: Blind Spot|[spread] p1a,p1b
|-damage|p1a: Blind Spot|79/100
|-damage|p1b: Haven|25/100 psn
|-damage|p2a: Garchomp|90/100|[from] item: Life Orb
|move|p2b: Glimmora|Sludge Bomb|p1a: Blind Spot
|-damage|p1a: Blind Spot|33/100
|-status|p1a: Blind Spot|psn
|-enditem|p1a: Blind Spot|Sitrus Berry|[eat]
|-heal|p1a: Blind Spot|58/100 psn|[from] item: Sitrus Berry
|cant|p1b: Haven|flinch
|cant|p1a: Blind Spot|flinch
|
|-damage|p1b: Haven|13/100 psn|[from] psn
|-damage|p1a: Blind Spot|46/100 psn|[from] psn
|upkeep
|turn|3
|inactive|Pareng Khufra has 30 seconds left.
|inactive|Pareng Khufra has 20 seconds left.
|inactive|Pareng Khufra has 15 seconds left.
|
|t:|1785137417
|move|p2b: Glimmora|Spiky Shield|p2b: Glimmora
|-singleturn|p2b: Glimmora|move: Protect
|move|p2a: Garchomp|Earthquake|p1a: Blind Spot|[spread] p1a,p1b
|-activate|p2b: Glimmora|move: Protect
|-damage|p1a: Blind Spot|4/100 psn
|-damage|p1b: Haven|0 fnt
|faint|p1b: Haven
|-damage|p2a: Garchomp|80/100|[from] item: Life Orb
|move|p1a: Blind Spot|Trick Room|p1a: Blind Spot
|-fieldstart|move: Trick Room|[of] p1a: Blind Spot
|
|-damage|p1a: Blind Spot|0 fnt|[from] psn
|faint|p1a: Blind Spot
|upkeep
|
|t:|1785137428
|switch|p1a: 0801|Camerupt, L50, M|100/100
|switch|p1b: Ta|Vanilluxe, L50, F|100/100
|-weather|Snowscape|[from] ability: Snow Warning|[of] p1b: Ta
|turn|4
|
|t:|1785137449
|move|p2b: Glimmora|Spiky Shield|p2b: Glimmora
|-singleturn|p2b: Glimmora|move: Protect
|move|p1a: 0801|Earth Power|p2b: Glimmora
|-activate|p2b: Glimmora|move: Protect
|move|p1b: Ta|Blizzard|p2a: Garchomp|[spread] p2a
|-activate|p2b: Glimmora|move: Protect
|-supereffective|p2a: Garchomp|2
|-damage|p2a: Garchomp|0 fnt
|faint|p2a: Garchomp
|
|-weather|Snowscape|[upkeep]
|upkeep
|
|t:|1785137457
|switch|p2a: Delphox|Delphox, L50, M|100/100
|turn|5
|
|t:|1785137472
|detailschange|p2a: Delphox|Delphox-Mega, L50, M
|-mega|p2a: Delphox|Delphox|Delphoxite
|move|p2b: Glimmora|Spiky Shield||[still]
|-fail|p2b: Glimmora
|move|p1a: 0801|Ancient Power|p2a: Delphox
|-supereffective|p2a: Delphox|1
|-damage|p2a: Delphox|59/100
|move|p1b: Ta|Blizzard|p2a: Delphox|[spread] p2a,p2b
|-resisted|p2a: Delphox|1
|-damage|p2a: Delphox|33/100
|-damage|p2b: Glimmora|32/100
|move|p2a: Delphox|Heat Wave|p1a: 0801|[spread] p1a,p1b
|-resisted|p1a: 0801|1
|-supereffective|p1b: Ta|1
|-damage|p1a: 0801|70/100
|-damage|p1b: Ta|0 fnt
|faint|p1b: Ta
|
|-weather|Snowscape|[upkeep]
|upkeep
|turn|6
|
|t:|1785137495
|move|p2b: Glimmora|Spiky Shield|p2b: Glimmora
|-singleturn|p2b: Glimmora|move: Protect
|move|p2a: Delphox|Protect|p2a: Delphox
|-singleturn|p2a: Delphox|Protect
|move|p1a: 0801|Ancient Power|p2a: Delphox
|-activate|p2a: Delphox|move: Protect
|
|-weather|Snowscape|[upkeep]
|upkeep
|turn|7
|
|t:|1785137510
|move|p1a: 0801|Earth Power|p2b: Glimmora
|-supereffective|p2b: Glimmora|2
|-damage|p2b: Glimmora|0 fnt
|faint|p2b: Glimmora
|move|p2a: Delphox|Psychic|p1a: 0801
|-damage|p1a: 0801|1/100
|-unboost|p1a: 0801|spd|1
|
|-weather|Snowscape|[upkeep]
|-fieldend|move: Trick Room
|upkeep
|turn|8
|
|t:|1785137518
|move|p2a: Delphox|Psychic|p1a: 0801
|-damage|p1a: 0801|0 fnt
|faint|p1a: 0801
|
|win|Pareng Khufra
||Pareng Khufra is ready for game 3.
||25th_mang is ready for game 3.
|uhtml|next|Next: Game 3 of 3
