|j|☆superbigmariofan1
|j|☆2-3 Drop Man
|html|superbigmariofan12-3 Drop Man    
|uhtml|bestof|Game 1 of a best-of-3
|t:|1757187449
|gametype|doubles
|player|p1|superbigmariofan1|266|1045
|player|p2|2-3 Drop Man|benga|1000
|gen|9
|tier|[Gen 9] VGC 2025 Reg H (Bo3)
|rated|
|rule|Species Clause: Limit one of each Pokémon
|rule|Item Clause: Limit 1 of each item
|clearpoke
|poke|p1|Porygon2, L50|
|poke|p1|Ursaluna, L50, F|
|poke|p1|Gholdengo, L50|
|poke|p1|Incineroar, L50, F|
|poke|p1|Amoonguss, L50, F|
|poke|p1|Talonflame, L50, M|
|poke|p2|Gholdengo, L50|
|poke|p2|Dragonite, L50, M|
|poke|p2|Sneasler, L50, F|
|poke|p2|Incineroar, L50, F|
|poke|p2|Indeedee, L50, M|
|poke|p2|Ninetales-Alola, L50, M|
|teampreview|4
|showteam|p1|Porygon2||Eviolite|Download|TeraBlast,IceBeam,TrickRoom,Recover||||||50|,,,,,Fighting]Ursaluna||FlameOrb|Guts|HeadlongRush,Facade,Roar,Protect|||F|||50|,,,,,Ghost]Gholdengo||ChoiceSpecs|GoodasGold|MakeItRain,ShadowBall,PowerGem,Trick||||||50|,,,,,Steel]Incineroar||SafetyGoggles|Intimidate|FlareBlitz,KnockOff,PartingShot,FakeOut|||F|||50|,,,,,Grass]Amoonguss||MentalHerb|Regenerator|Spore,Protect,RagePowder,PollenPuff|||F|||50|,,,,,Psychic]Talonflame||CovertCloak|GaleWings|BraveBird,Tailwind,FlareBlitz,Taunt|||M|||50|,,,,,Ghost
|showteam|p2|Gholdengo||LifeOrb|GoodasGold|Protect,MakeItRain,ShadowBall,NastyPlot||||||50|,,,,,Water]Dragonite||LoadedDice|Multiscale|ScaleShot,Tailwind,Haze,Protect|||M|||50|,,,,,Fairy]Sneasler||PsychicSeed|Unburden|Protect,DireClaw,CloseCombat,ThroatChop|||F|||50|,,,,,Dark]Incineroar||SafetyGoggles|Intimidate|KnockOff,PartingShot,FlareBlitz,FakeOut|||F|||50|,,,,,Ghost]Indeedee||ChoiceScarf|PsychicSurge|Protect,Trick,TeraBlast,ExpandingForce|||M|||50|,,,,,Psychic]Ninetales-Alola||FocusSash|SnowWarning|Blizzard,IcyWind,Encore,AuroraVeil|||M|||50|,,,,,Ghost
|inactive|Battle timer is ON: inactive players will automatically lose when time's up. (requested by superbigmariofan1)
|inactive|superbigmariofan1 has 60 seconds left.
|
|t:|1757187492
|teamsize|p1|4
|teamsize|p2|4
|start
|switch|p1a: Incineroar|Incineroar, L50, F|100/100
|switch|p1b: Porygon2|Porygon2, L50, shiny|100/100
|switch|p2a: Dragonite|Dragonite, L50, M|100/100
|switch|p2b: Gholdengo|Gholdengo, L50|100/100
|-ability|p1a: Incineroar|Intimidate|boost
|-unboost|p2a: Dragonite|atk|1
|-unboost|p2b: Gholdengo|atk|1
|-ability|p1b: Porygon2|Download|boost
|-boost|p1b: Porygon2|atk|1
|turn|1
|inactive|superbigmariofan1 has 30 seconds left.
|inactive|2-3 Drop Man has 30 seconds left.
|inactive|2-3 Drop Man has 20 seconds left.
|
|t:|1757187527
|-terastallize|p2b: Gholdengo|Water
|move|p2b: Gholdengo|Nasty Plot|p2b: Gholdengo
|-boost|p2b: Gholdengo|spa|2
|move|p2a: Dragonite|Scale Shot|p1a: Incineroar
|-crit|p1a: Incineroar
|-damage|p1a: Incineroar|85/100
|-damage|p1a: Incineroar|77/100
|-damage|p1a: Incineroar|69/100
|-damage|p1a: Incineroar|62/100
|-hitcount|p1a: Incineroar|4
|-unboost|p2a: Dragonite|def|1
|-boost|p2a: Dragonite|spe|1
|move|p1a: Incineroar|Knock Off|p2b: Gholdengo
|-damage|p2b: Gholdengo|60/100
|-enditem|p2b: Gholdengo|Life Orb|[from] move: Knock Off|[of] p1a: Incineroar
|move|p1b: Porygon2|Trick Room|p1b: Porygon2
|-fieldstart|move: Trick Room|[of] p1b: Porygon2
|
|upkeep
|turn|2
|inactive|2-3 Drop Man has 30 seconds left.
|inactive|superbigmariofan1 has 30 seconds left.
|inactive|superbigmariofan1 has 20 seconds left.
|
|t:|1757187568
|move|p1b: Porygon2|Ice Beam|p2a: Dragonite
|-supereffective|p2a: Dragonite
|-damage|p2a: Dragonite|54/100
|move|p1a: Incineroar|Knock Off|p2a: Dragonite
|-damage|p2a: Dragonite|0 fnt
|-enditem|p2a: Dragonite|Loaded Dice|[from] move: Knock Off|[of] p1a: Incineroar
|faint|p2a: Dragonite
|move|p2b: Gholdengo|Make It Rain|p1b: Porygon2|[spread] p1a,p1b
|-resisted|p1a: Incineroar
|-damage|p1a: Incineroar|24/100
|-damage|p1b: Porygon2|50/100
|-unboost|p2b: Gholdengo|spa|1
|
|upkeep
|
|t:|1757187583
|switch|p2a: Ninetales|Ninetales-Alola, L50, M|100/100
|-weather|Snowscape|[from] ability: Snow Warning|[of] p2a: Ninetales
|turn|3
|
|t:|1757187601
|move|p1b: Porygon2|Tera Blast|p2a: Ninetales
|-damage|p2a: Ninetales|66/100
|move|p1a: Incineroar|Flare Blitz|p2a: Ninetales
|-supereffective|p2a: Ninetales
|-damage|p2a: Ninetales|0 fnt
|faint|p2a: Ninetales
|-damage|p1a: Incineroar|8/100|[from] Recoil
|move|p2b: Gholdengo|Nasty Plot|p2b: Gholdengo
|-boost|p2b: Gholdengo|spa|2
|
|-weather|Snowscape|[upkeep]
|upkeep
|
|t:|1757187613
|switch|p2a: Indeedee|Indeedee, L50, M|100/100
|-fieldstart|move: Psychic Terrain|[from] ability: Psychic Surge|[of] p2a: Indeedee
|turn|4
|
|t:|1757187635
|move|p1b: Porygon2|Tera Blast|p2a: Indeedee
|-damage|p2a: Indeedee|62/100
|move|p1a: Incineroar|Knock Off|p2a: Indeedee
|-supereffective|p2a: Indeedee
|-damage|p2a: Indeedee|0 fnt
|-enditem|p2a: Indeedee|Choice Scarf|[from] move: Knock Off|[of] p1a: Incineroar
|faint|p2a: Indeedee
|move|p2b: Gholdengo|Make It Rain|p1b: Porygon2|[spread] p1a,p1b
|-resisted|p1a: Incineroar
|-damage|p1a: Incineroar|0 fnt
|-damage|p1b: Porygon2|0 fnt
|-unboost|p2b: Gholdengo|spa|1
|faint|p1a: Incineroar
|faint|p1b: Porygon2
|
|-weather|Snowscape|[upkeep]
|upkeep
|
|t:|1757187647
|switch|p1b: Ursaluna|Ursaluna, L50, F, shiny|100/100
|switch|p1a: Amoonguss|Amoonguss, L50, F, shiny|100/100
|turn|5
|inactive|superbigmariofan1 has 30 seconds left.
|
|t:|1757187679
|move|p2b: Gholdengo|Protect|p2b: Gholdengo
|-singleturn|p2b: Gholdengo|Protect
|move|p1a: Amoonguss|Pollen Puff|p1b: Ursaluna
|move|p1b: Ursaluna|Facade|p2b: Gholdengo
|-activate|p2b: Gholdengo|move: Protect
|
|-weather|Snowscape|[upkeep]
|-fieldend|move: Trick Room
|-status|p1b: Ursaluna|brn|[from] item: Flame Orb
|upkeep
|turn|6
|
|t:|1757187698
|move|p2b: Gholdengo|Make It Rain|p1a: Amoonguss|[spread] p1a,p1b
|-damage|p1a: Amoonguss|29/100
|-damage|p1b: Ursaluna|11/100 brn
|-unboost|p2b: Gholdengo|spa|1
|move|p1b: Ursaluna|Facade|p2b: Gholdengo
|-damage|p2b: Gholdengo|0 fnt
|faint|p2b: Gholdengo
|
|win|superbigmariofan1
