|j|☆aliciadoors
|j|☆TimmytheGlueEater
|html|aliciadoorsTimmytheGlueEater    
|uhtml|bestof|Game 3 of a best-of-3
|t:|1757789728
|gametype|doubles
|player|p1|aliciadoors|jasmine|1465
|player|p2|TimmytheGlueEater|265|1405
|gen|9
|tier|[Gen 9] VGC 2025 Reg H (Bo3)
|rated|
|rule|Species Clause: Limit one of each Pokémon
|rule|Item Clause: Limit 1 of each item
|clearpoke
|poke|p1|Tyranitar, L50, F|
|poke|p1|Excadrill, L50, M|
|poke|p1|Corviknight, L50, F|
|poke|p1|Indeedee, L50, M|
|poke|p1|Sneasler, L50, M|
|poke|p1|Archaludon, L50, M|
|poke|p2|Ninetales-Alola, L50, F|
|poke|p2|Archaludon, L50, F|
|poke|p2|Dondozo, L50, M|
|poke|p2|Tatsugiri, L50, M|
|poke|p2|Indeedee, L50, M|
|poke|p2|Sneasler, L50, M|
|teampreview|4
|showteam|p1|Tyranitar||AssaultVest|SandStream|RockSlide,KnockOff,TeraBlast,LowKick|||F|||50|,,,,,Flying]Excadrill||FocusSash|SandRush|Earthquake,HighHorsepower,IronHead,Protect|||M|||50|,,,,,Ground]Corviknight||SitrusBerry|MirrorArmor|BraveBird,Tailwind,BulkUp,Roost|||F|||50|,,,,,Dragon]Indeedee||ChoiceScarf|PsychicSurge|ExpandingForce,TeraBlast,Trick,Protect|||M|||50|,,,,,Psychic]Sneasler||PsychicSeed|Unburden|CloseCombat,DireClaw,ThroatChop,Protect|||M|||50|,,,,,Stellar]Archaludon||PowerHerb|Sturdy|FlashCannon,DracoMeteor,ElectroShot,Protect|||M|||50|,,,,,Stellar
|showteam|p2|Ninetales-Alola||CovertCloak|SnowWarning|Blizzard,IcyWind,AuroraVeil,Encore|||F|||50|,,,,,Ice]Archaludon||PowerHerb|Sturdy|ElectroShot,DragonPulse,Thunderbolt,Protect|||F|||50|,,,,,Electric]Dondozo||Leftovers|Unaware|WaveCrash,Earthquake,OrderUp,Protect|||M|||50|,,,,,Grass]Tatsugiri||SafetyGoggles|Commander|DracoMeteor,MuddyWater,Taunt,Protect|||M|||50|,,,,,Ghost]Indeedee||FocusSash|PsychicSurge|ExpandingForce,Imprison,TrickRoom,Protect|||M|||50|,,,,,Psychic]Sneasler||PsychicSeed|Unburden|CloseCombat,DireClaw,ThroatChop,Protect|||M|||50|,,,,,Dark
|inactive|Battle timer is ON: inactive players will automatically lose when time's up. (requested by TimmytheGlueEater)
|inactive|aliciadoors also wants the timer to be on.
|
|t:|1757789752
|teamsize|p1|4
|teamsize|p2|4
|start
|switch|p1a: Indeedee|Indeedee, L50, M|100/100
|switch|p1b: Sneasler|Sneasler, L50, M|100/100
|switch|p2a: Dondozo|Dondozo, L50, M|100/100
|switch|p2b: Indeedee|Indeedee, L50, M|100/100
|-fieldstart|move: Psychic Terrain|[from] ability: Psychic Surge|[of] p1a: Indeedee
|-enditem|p1b: Sneasler|Psychic Seed
|-boost|p1b: Sneasler|spd|1|[from] item: Psychic Seed
|turn|1
|
|t:|1757789767
|switch|p2b: Tatsugiri|Tatsugiri, L50, M|100/100
|-activate|p2b: Tatsugiri|ability: Commander|[of] p2a: Dondozo
|-boost|p2a: Dondozo|atk|2
|-boost|p2a: Dondozo|spa|2
|-boost|p2a: Dondozo|spe|2
|-boost|p2a: Dondozo|def|2
|-boost|p2a: Dondozo|spd|2
|move|p1b: Sneasler|Protect|p1b: Sneasler
|-singleturn|p1b: Sneasler|Protect
|move|p1a: Indeedee|Expanding Force|p2a: Dondozo|[spread] p2a
|-miss|p1a: Indeedee|p2b: Tatsugiri
|-damage|p2a: Dondozo|75/100
|move|p2a: Dondozo|Order Up|p1a: Indeedee
|-damage|p1a: Indeedee|4/100
|-boost|p2a: Dondozo|atk|1
|
|-heal|p2a: Dondozo|81/100|[from] item: Leftovers
|upkeep
|turn|2
|
|t:|1757789784
|switch|p1a: Corviknight|Corviknight, L50, F|100/100
|move|p1b: Sneasler|Dire Claw|p2a: Dondozo
|-damage|p2a: Dondozo|66/100
|-status|p2a: Dondozo|par
|move|p2a: Dondozo|Earthquake|p1b: Sneasler|[spread] p1b
|-miss|p2a: Dondozo|p2b: Tatsugiri
|-immune|p1a: Corviknight
|-supereffective|p1b: Sneasler
|-damage|p1b: Sneasler|0 fnt
|faint|p1b: Sneasler
|
|-heal|p2a: Dondozo|73/100 par|[from] item: Leftovers
|upkeep
|
|t:|1757789792
|switch|p1b: Archaludon|Archaludon, L50, M|100/100
|turn|3
|
|t:|1757789808
|-terastallize|p1b: Archaludon|Stellar
|-terastallize|p2a: Dondozo|Grass
|move|p1b: Archaludon|Draco Meteor|p2a: Dondozo
|-damage|p2a: Dondozo|32/100 par
|-unboost|p1b: Archaludon|spa|2
|move|p1a: Corviknight|Brave Bird|p2a: Dondozo
|-supereffective|p2a: Dondozo
|-damage|p2a: Dondozo|7/100 par
|-damage|p1a: Corviknight|92/100|[from] Recoil
|cant|p2a: Dondozo|par
|
|-heal|p2a: Dondozo|13/100 par|[from] item: Leftovers
|upkeep
|turn|4
|
|t:|1757789824
|move|p2a: Dondozo|Protect|p2a: Dondozo
|-singleturn|p2a: Dondozo|Protect
|move|p1b: Archaludon|Draco Meteor|p2a: Dondozo
|-activate|p2a: Dondozo|move: Protect
|move|p1a: Corviknight|Tailwind|p1a: Corviknight
|-sidestart|p1: aliciadoors|move: Tailwind
|
|-heal|p2a: Dondozo|20/100 par|[from] item: Leftovers
|upkeep
|turn|5
|
|t:|1757789836
|move|p1b: Archaludon|Draco Meteor|p2a: Dondozo
|-damage|p2a: Dondozo|0 fnt
|-unboost|p1b: Archaludon|spa|2
|faint|p2a: Dondozo
|move|p1a: Corviknight|Brave Bird|p2b: Tatsugiri
|-damage|p2b: Tatsugiri|52/100
|-damage|p1a: Corviknight|78/100|[from] Recoil
|
|-fieldend|move: Psychic Terrain
|upkeep
|
|t:|1757789841
|switch|p2a: Indeedee|Indeedee, L50, M|100/100
|-fieldstart|move: Psychic Terrain|[from] ability: Psychic Surge|[of] p2a: Indeedee
|turn|6
|
|t:|1757789850
|move|p1b: Archaludon|Draco Meteor|p2b: Tatsugiri|[miss]
|-miss|p1b: Archaludon|p2b: Tatsugiri
|move|p1a: Corviknight|Roost|p1a: Corviknight
|-heal|p1a: Corviknight|100/100
|-singleturn|p1a: Corviknight|move: Roost
|move|p2a: Indeedee|Expanding Force|p1b: Archaludon|[spread] p1a,p1b
|-resisted|p1a: Corviknight
|-resisted|p1b: Archaludon
|-crit|p1b: Archaludon
|-damage|p1a: Corviknight|81/100
|-damage|p1b: Archaludon|37/100
|move|p2b: Tatsugiri|Muddy Water|p1a: Corviknight|[spread] p1b
|-miss|p2b: Tatsugiri|p1a: Corviknight
|-resisted|p1b: Archaludon
|-damage|p1b: Archaludon|15/100
|
|upkeep
|turn|7
|inactive|aliciadoors has 30 seconds left.
|
|t:|1757789880
|move|p1b: Archaludon|Protect|p1b: Archaludon
|-singleturn|p1b: Archaludon|Protect
|move|p2a: Indeedee|Protect|p2a: Indeedee
|-singleturn|p2a: Indeedee|Protect
|move|p2b: Tatsugiri|Protect|p2b: Tatsugiri
|-singleturn|p2b: Tatsugiri|Protect
|move|p1a: Corviknight|Brave Bird|p2a: Indeedee
|-activate|p2a: Indeedee|move: Protect
|
|-sideend|p1: aliciadoors|move: Tailwind
|upkeep
|turn|8
|
|t:|1757789897
|move|p1b: Archaludon|Protect||[still]
|-fail|p1b: Archaludon
|move|p2a: Indeedee|Expanding Force|p1a: Corviknight|[spread] p1a,p1b
|-resisted|p1a: Corviknight
|-resisted|p1b: Archaludon
|-damage|p1a: Corviknight|64/100
|-damage|p1b: Archaludon|0 fnt
|faint|p1b: Archaludon
|move|p2b: Tatsugiri|Muddy Water|p1a: Corviknight
|-damage|p1a: Corviknight|34/100
|-ability|p1a: Corviknight|Mirror Armor
|-unboost|p2b: Tatsugiri|accuracy|1
|-enditem|p1a: Corviknight|Sitrus Berry|[eat]
|-heal|p1a: Corviknight|59/100|[from] item: Sitrus Berry
|move|p1a: Corviknight|Brave Bird|p2a: Indeedee
|-damage|p2a: Indeedee|24/100
|-damage|p1a: Corviknight|43/100|[from] Recoil
|
|upkeep
|
|t:|1757789902
|switch|p1b: Indeedee|Indeedee, L50, M|4/100
|turn|9
|
|t:|1757789923
|move|p2a: Indeedee|Protect|p2a: Indeedee
|-singleturn|p2a: Indeedee|Protect
|move|p1b: Indeedee|Expanding Force|p2b: Tatsugiri|[spread] p2b
|-activate|p2a: Indeedee|move: Protect
|-damage|p2b: Tatsugiri|0 fnt
|faint|p2b: Tatsugiri
|move|p1a: Corviknight|Tailwind|p1a: Corviknight
|-sidestart|p1: aliciadoors|move: Tailwind
|
|upkeep
|
|t:|1757789928
|switch|p2b: Sneasler|Sneasler, L50, M|100/100
|-enditem|p2b: Sneasler|Psychic Seed
|-boost|p2b: Sneasler|spd|1|[from] item: Psychic Seed
|turn|10
|
|t:|1757789935
|move|p1b: Indeedee|Expanding Force|p2b: Sneasler|[spread] p2a,p2b
|-resisted|p2a: Indeedee
|-crit|p2a: Indeedee
|-supereffective|p2b: Sneasler
|-damage|p2a: Indeedee|0 fnt
|-damage|p2b: Sneasler|0 fnt
|faint|p2a: Indeedee
|faint|p2b: Sneasler
|
|win|aliciadoors
|raw|aliciadoors's rating: 1465 → 1482(+17 for winning)
|raw|TimmytheGlueEater's rating: 1405 → 1388(-17 for losing)
|l|☆TimmytheGlueEater
|player|p2|
|l|☆aliciadoors
|player|p1|
