|j|☆teyvgc
|j|☆ironstandseternal
|html|teyvgcironstandseternal    
|uhtml|bestof|Game 1 of a best-of-3
|t:|1757201163
|gametype|doubles
|player|p1|teyvgc|benga|
|player|p2|ironstandseternal|flint|
|gen|9
|tier|[Gen 9] VGC 2025 Reg H (Bo3)
|rule|Species Clause: Limit one of each Pokémon
|rule|Item Clause: Limit 1 of each item
|clearpoke
|poke|p1|Gholdengo, L50|
|poke|p1|Dragonite, L50, F|
|poke|p1|Sneasler, L50, F|
|poke|p1|Incineroar, L50, F|
|poke|p1|Indeedee, L50, M|
|poke|p1|Ninetales-Alola, L50, F|
|poke|p2|Gholdengo, L50|
|poke|p2|Amoonguss, L50, M|
|poke|p2|Basculegion, L50, M|
|poke|p2|Pelipper, L50, F|
|poke|p2|Incineroar, L50, F|
|poke|p2|Archaludon, L50, F|
|teampreview|4
|showteam|p1|Gholdengo||LifeOrb|GoodasGold|Protect,MakeItRain,ShadowBall,NastyPlot||||||50|,,,,,Water]Dragonite||LoadedDice|Multiscale|ScaleShot,Tailwind,Haze,Protect|||F|||50|,,,,,Fairy]Sneasler||PsychicSeed|Unburden|Protect,DireClaw,CloseCombat,ThroatChop|||F|||50|,,,,,Dark]Incineroar||SafetyGoggles|Intimidate|KnockOff,PartingShot,FlareBlitz,FakeOut|||F|||50|,,,,,Ghost]Indeedee||ChoiceScarf|PsychicSurge|Protect,Trick,TeraBlast,ExpandingForce|||M|||50|,,,,,Psychic]Ninetales-Alola||FocusSash|SnowWarning|Blizzard,IcyWind,Encore,AuroraVeil|||F|||50|,,,,,Ghost
|showteam|p2|Gholdengo||LifeOrb|GoodasGold|MakeItRain,ShadowBall,NastyPlot,Protect||||||50|,,,,,Water]Amoonguss||SitrusBerry|Regenerator|Spore,RagePowder,PollenPuff,Protect|||M|||50|,,,,,Psychic]Basculegion||ChoiceBand|SwiftSwim|WaveCrash,FlipTurn,LastRespects,AquaJet|||M|||50|,,,,,Water]Pelipper||FocusSash|Drizzle|WeatherBall,Hurricane,Tailwind,Protect|||F|||50|,,,,,Ground]Incineroar||SafetyGoggles|Intimidate|FlareBlitz,KnockOff,PartingShot,FakeOut|||F|||50|,,,,,Ghost]Archaludon||AssaultVest|Stamina|ElectroShot,FlashCannon,DracoMeteor,BodyPress|||F|||50|,,,,,Bug
|
|t:|1757201289
|teamsize|p1|4
|teamsize|p2|4
|start
|switch|p1a: Sneasler|Sneasler, L50, F|100/100
|switch|p1b: Incineroar|Incineroar, L50, F|100/100
|switch|p2a: Gholdengo|Gholdengo, L50|100/100
|switch|p2b: Amoonguss|Amoonguss, L50, M|100/100
|-ability|p1b: Incineroar|Intimidate|boost
|-unboost|p2a: Gholdengo|atk|1
|-unboost|p2b: Amoonguss|atk|1
|turn|1
|
|t:|1757201332
|-terastallize|p1a: Sneasler|Dark
|move|p2a: Gholdengo|Protect|p2a: Gholdengo
|-singleturn|p2a: Gholdengo|Protect
|move|p2b: Amoonguss|Protect|p2b: Amoonguss
|-singleturn|p2b: Amoonguss|Protect
|move|p1b: Incineroar|Fake Out|p2b: Amoonguss
|-activate|p2b: Amoonguss|move: Protect
|move|p1a: Sneasler|Throat Chop|p2a: Gholdengo
|-activate|p2a: Gholdengo|move: Protect
|
|upkeep
|turn|2
|
|t:|1757201373
|switch|p1a: Indeedee|Indeedee, L50, M|100/100
|-fieldstart|move: Psychic Terrain|[from] ability: Psychic Surge|[of] p1a: Indeedee
|switch|p2a: Incineroar|Incineroar, L50, F|100/100
|-ability|p2a: Incineroar|Intimidate|boost
|-unboost|p1a: Indeedee|atk|1
|-unboost|p1b: Incineroar|atk|1
|move|p1b: Incineroar|Knock Off|p2a: Incineroar
|-resisted|p2a: Incineroar
|-damage|p2a: Incineroar|90/100
|-enditem|p2a: Incineroar|Safety Goggles|[from] move: Knock Off|[of] p1b: Incineroar
|move|p2b: Amoonguss|Spore|p1a: Indeedee
|-status|p1a: Indeedee|slp|[from] move: Spore
|
|upkeep
|turn|3
|
|t:|1757201399
|switch|p1a: Sneasler|Sneasler, L50, F, tera:Dark|100/100
|-enditem|p1a: Sneasler|Psychic Seed
|-boost|p1a: Sneasler|spd|1|[from] item: Psychic Seed
|switch|p2b: Archaludon|Archaludon, L50, F|100/100
|move|p1b: Incineroar|Flare Blitz|p2b: Archaludon
|-damage|p2b: Archaludon|76/100
|-ability|p2b: Archaludon|Stamina|boost
|-boost|p2b: Archaludon|def|1
|-damage|p1b: Incineroar|93/100|[from] Recoil
|move|p2a: Incineroar|Knock Off|p1a: Sneasler
|-resisted|p1a: Sneasler
|-damage|p1a: Sneasler|75/100
|
|upkeep
|turn|4
|
|t:|1757201435
|switch|p2b: Amoonguss|Amoonguss, L50, M|100/100
|-terastallize|p2a: Incineroar|Ghost
|move|p1a: Sneasler|Close Combat|p2a: Incineroar
|-immune|p2a: Incineroar
|move|p1b: Incineroar|Parting Shot|p2b: Amoonguss
|-unboost|p2b: Amoonguss|atk|1
|-unboost|p2b: Amoonguss|spa|1
|
|t:|1757201444
|switch|p1b: Indeedee|Indeedee, L50, M|100/100 slp|[from] Parting Shot
|move|p2a: Incineroar|Knock Off|p1b: Indeedee
|-supereffective|p1b: Indeedee
|-damage|p1b: Indeedee|0 fnt
|-enditem|p1b: Indeedee|Choice Scarf|[from] move: Knock Off|[of] p2a: Incineroar
|faint|p1b: Indeedee
|
|upkeep
|
|t:|1757201446
|switch|p1b: Incineroar|Incineroar, L50, F|93/100
|-ability|p1b: Incineroar|Intimidate|boost
|-unboost|p2a: Incineroar|atk|1
|-unboost|p2b: Amoonguss|atk|1
|turn|5
|
|t:|1757201479
|switch|p2a: Archaludon|Archaludon, L50, F|76/100
|move|p2b: Amoonguss|Protect|p2b: Amoonguss
|-singleturn|p2b: Amoonguss|Protect
|move|p1a: Sneasler|Dire Claw|p2b: Amoonguss
|-activate|p2b: Amoonguss|move: Protect
|move|p1b: Incineroar|Flare Blitz|p2b: Amoonguss
|-activate|p2b: Amoonguss|move: Protect
|
|upkeep
|turn|6
|
|t:|1757201506
|switch|p2a: Incineroar|Incineroar, L50, F, tera:Ghost|90/100
|-ability|p2a: Incineroar|Intimidate|boost
|-unboost|p1a: Sneasler|atk|1
|-unboost|p1b: Incineroar|atk|1
|move|p1a: Sneasler|Protect|p1a: Sneasler
|-singleturn|p1a: Sneasler|Protect
|move|p1b: Incineroar|Flare Blitz|p2b: Amoonguss
|-supereffective|p2b: Amoonguss
|-damage|p2b: Amoonguss|48/100
|-enditem|p2b: Amoonguss|Sitrus Berry|[eat]
|-heal|p2b: Amoonguss|73/100|[from] item: Sitrus Berry
|-damage|p1b: Incineroar|74/100|[from] Recoil
|move|p2b: Amoonguss|Spore|p1a: Sneasler
|-activate|p1a: Sneasler|move: Protect
|
|-fieldend|move: Psychic Terrain
|upkeep
|turn|7
|
|t:|1757201535
|move|p2a: Incineroar|Fake Out|p1b: Incineroar
|-crit|p1b: Incineroar
|-damage|p1b: Incineroar|55/100
|move|p1a: Sneasler|Dire Claw|p2b: Amoonguss
|-crit|p2b: Amoonguss
|-damage|p2b: Amoonguss|18/100
|-status|p2b: Amoonguss|slp
|cant|p1b: Incineroar|flinch
|cant|p2b: Amoonguss|slp
|
|upkeep
|turn|8
|
|t:|1757201560
|switch|p2b: Archaludon|Archaludon, L50, F|76/100
|move|p1a: Sneasler|Throat Chop|p2a: Incineroar
|-supereffective|p2a: Incineroar
|-damage|p2a: Incineroar|40/100
|-start|p2a: Incineroar|Throat Chop|[silent]
|move|p1b: Incineroar|Flare Blitz|p2b: Archaludon
|-damage|p2b: Archaludon|52/100
|-status|p2b: Archaludon|brn
|-ability|p2b: Archaludon|Stamina|boost
|-boost|p2b: Archaludon|def|1
|-damage|p1b: Incineroar|48/100|[from] Recoil
|cant|p2a: Incineroar|move: Throat Chop
|
|-damage|p2b: Archaludon|46/100 brn|[from] brn
|upkeep
|turn|9
|
|t:|1757201588
|switch|p2a: Amoonguss|Amoonguss, L50, M|51/100 slp
|move|p1a: Sneasler|Throat Chop|p2a: Amoonguss
|-damage|p2a: Amoonguss|28/100 slp
|-start|p2a: Amoonguss|Throat Chop|[silent]
|move|p2b: Archaludon|Body Press|p1a: Sneasler
|-supereffective|p1a: Sneasler
|-damage|p1a: Sneasler|15/100
|move|p1b: Incineroar|Flare Blitz|p2b: Archaludon
|-damage|p2b: Archaludon|28/100 brn
|-ability|p2b: Archaludon|Stamina|boost
|-boost|p2b: Archaludon|def|1
|-damage|p1b: Incineroar|42/100|[from] Recoil
|
|-damage|p2b: Archaludon|22/100 brn|[from] brn
|upkeep
|turn|10
|
|t:|1757201610
|switch|p1a: Ninetales|Ninetales-Alola, L50, F|100/100
|-weather|Snowscape|[from] ability: Snow Warning|[of] p1a: Ninetales
|cant|p2a: Amoonguss|slp
|move|p2b: Archaludon|Body Press|p1b: Incineroar
|-supereffective|p1b: Incineroar
|-damage|p1b: Incineroar|0 fnt
|faint|p1b: Incineroar
|
|-weather|Snowscape|[upkeep]
|-damage|p2b: Archaludon|16/100 brn|[from] brn
|-end|p2a: Amoonguss|Throat Chop|[silent]
|upkeep
|
|t:|1757201620
|switch|p1b: Sneasler|Sneasler, L50, F, tera:Dark|15/100
|turn|11
|
|t:|1757201652
|switch|p2b: Incineroar|Incineroar, L50, F, tera:Ghost|40/100
|-ability|p2b: Incineroar|Intimidate|boost
|-unboost|p1a: Ninetales|atk|1
|-unboost|p1b: Sneasler|atk|1
|cant|p2a: Amoonguss|slp
|move|p1b: Sneasler|Close Combat|p2b: Incineroar
|-immune|p2b: Incineroar
|move|p1a: Ninetales|Aurora Veil|p1a: Ninetales
|-sidestart|p1: teyvgc|move: Aurora Veil
|
|-weather|Snowscape|[upkeep]
|upkeep
|turn|12
|
|t:|1757201687
|move|p1b: Sneasler|Protect|p1b: Sneasler
|-singleturn|p1b: Sneasler|Protect
|move|p2b: Incineroar|Fake Out|p1a: Ninetales
|-damage|p1a: Ninetales|92/100
|cant|p1a: Ninetales|flinch
|-curestatus|p2a: Amoonguss|slp|[msg]
|move|p2a: Amoonguss|Spore|p1a: Ninetales
|-status|p1a: Ninetales|slp|[from] move: Spore
|
|-weather|Snowscape|[upkeep]
|upkeep
|turn|13
|
|t:|1757201717
|switch|p2b: Gholdengo|Gholdengo, L50|100/100
|move|p2a: Amoonguss|Rage Powder|p2a: Amoonguss
|-singleturn|p2a: Amoonguss|move: Rage Powder
|move|p1b: Sneasler|Throat Chop|p2a: Amoonguss
|-damage|p2a: Amoonguss|5/100
|-start|p2a: Amoonguss|Throat Chop|[silent]
|cant|p1a: Ninetales|slp
|
|-weather|Snowscape|[upkeep]
|upkeep
|turn|14
|
|t:|1757201737
|move|p2a: Amoonguss|Rage Powder|p2a: Amoonguss
|-singleturn|p2a: Amoonguss|move: Rage Powder
|move|p1b: Sneasler|Throat Chop|p2a: Amoonguss
|-crit|p2a: Amoonguss
|-damage|p2a: Amoonguss|0 fnt
|faint|p2a: Amoonguss
|-curestatus|p1a: Ninetales|slp|[msg]
|move|p1a: Ninetales|Blizzard|p2b: Gholdengo
|-resisted|p2b: Gholdengo
|-damage|p2b: Gholdengo|77/100
|move|p2b: Gholdengo|Make It Rain|p1b: Sneasler|[spread] p1a,p1b
|-supereffective|p1a: Ninetales
|-damage|p1a: Ninetales|0 fnt
|-damage|p1b: Sneasler|0 fnt
|-unboost|p2b: Gholdengo|spa|1
|faint|p1a: Ninetales
|faint|p1b: Sneasler
|-damage|p2b: Gholdengo|68/100|[from] item: Life Orb
|
|win|ironstandseternal
||teyvgc is ready for game 2.
|inactive|ironstandseternal has 30 seconds to confirm battle start!
||ironstandseternal is ready for game 2.
|uhtml|next|Next: Game 2 of 3
