|j|☆Bujero A subir
|j|☆Toxic KIng 22
|html|Bujero A subirToxic KIng 22    
|uhtml|bestof|Game 1 of a best-of-3
|t:|1756494126
|gametype|doubles
|player|p1|Bujero A subir|acetrainercouple|1076
|player|p2|Toxic KIng 22|1|1045
|gen|9
|tier|[Gen 9] VGC 2025 Reg H (Bo3)
|rated|
|rule|Species Clause: Limit one of each Pokémon
|rule|Item Clause: Limit 1 of each item
|clearpoke
|poke|p1|Rillaboom, L50, M|
|poke|p1|Kingambit, L50, M|
|poke|p1|Sneasler, L50, M|
|poke|p1|Electabuzz, L50, M|
|poke|p1|Dragonite, L50, M|
|poke|p1|Volcarona, L50, M|
|poke|p2|Whimsicott, L50, F|
|poke|p2|Annihilape, L50, F|
|poke|p2|Archaludon, L50, F|
|poke|p2|Gholdengo, L50|
|poke|p2|Indeedee-F, L50, F|
|poke|p2|Ursaluna, L50, F|
|teampreview|4
|showteam|p1|Rillaboom||AssaultVest|GrassySurge|FakeOut,WoodHammer,HighHorsepower,GrassyGlide|||M|||50|,,,,,Fire]Kingambit||BlackGlasses|Defiant|KowtowCleave,SuckerPunch,SwordsDance,Protect|||M|||50|,,,,,Dark]Sneasler||GrassySeed|Unburden|CloseCombat,DireClaw,Protect,Coaching|||M|||50|,,,,,Stellar]Electabuzz||Eviolite|VitalSpirit|Electroweb,Taunt,FollowMe,Protect|||M|||50|,,,,,Dragon]Dragonite||LoadedDice|Multiscale|ScaleShot,Tailwind,Protect,Haze|||M|||50|,,,,,Fairy]Volcarona||CovertCloak|FlameBody|QuiverDance,TeraBlast,HeatWave,Protect|||M|||50|,,,,,Fairy
|showteam|p2|Whimsicott||CovertCloak|Prankster|BeatUp,Encore,Tailwind,LightScreen|||F|||50|,,,,,Dark]Annihilape||Leftovers|Defiant|DrainPunch,RageFist,BulkUp,Protect|||F|||50|,,,,,Water]Archaludon||AssaultVest|Stamina|BodyPress,ElectroShot,FlashCannon,DracoMeteor|||F|||50|,,,,,Bug]Gholdengo||SitrusBerry|GoodasGold|MakeItRain,ShadowBall,NastyPlot,Protect||||||50|,,,,,Water]Indeedee-F||RockyHelmet|PsychicSurge|FollowMe,HealPulse,TrickRoom,Psychic|||F|||50|,,,,,Fairy]Ursaluna||FlameOrb|Guts|HeadlongRush,Earthquake,Facade,Protect|||F|||50|,,,,,Ghost
|inactive|Battle timer is ON: inactive players will automatically lose when time's up. (requested by Bujero A subir)
|
|t:|1756494165
|teamsize|p1|4
|teamsize|p2|4
|start
|switch|p1a: Volcarona|Volcarona, L50, M|100/100
|switch|p1b: Electabuzz|Electabuzz, L50, M, shiny|100/100
|switch|p2a: Indeedee|Indeedee-F, L50, F|100/100
|switch|p2b: Ursaluna|Ursaluna, L50, F|100/100
|-fieldstart|move: Psychic Terrain|[from] ability: Psychic Surge|[of] p2a: Indeedee
|turn|1
|inactive|Toxic KIng 22 has 30 seconds left.
|
|t:|1756494197
|move|p1a: Volcarona|Protect|p1a: Volcarona
|-singleturn|p1a: Volcarona|Protect
|move|p2b: Ursaluna|Protect|p2b: Ursaluna
|-singleturn|p2b: Ursaluna|Protect
|move|p1b: Electabuzz|Taunt|p2a: Indeedee
|-start|p2a: Indeedee|move: Taunt
|move|p2a: Indeedee|Psychic|p1a: Volcarona
|-activate|p1a: Volcarona|move: Protect
|
|-status|p2b: Ursaluna|brn|[from] item: Flame Orb
|upkeep
|turn|2
|
|t:|1756494220
|switch|p1a: Rillaboom|Rillaboom, L50, M, shiny|100/100
|-fieldstart|move: Grassy Terrain|[from] ability: Grassy Surge|[of] p1a: Rillaboom
|switch|p2a: Whimsicott|Whimsicott, L50, F|100/100
|move|p1b: Electabuzz|Follow Me|p1b: Electabuzz
|-singleturn|p1b: Electabuzz|move: Follow Me
|move|p2b: Ursaluna|Earthquake|p1b: Electabuzz|[spread] p2a,p1a,p1b
|-resisted|p2a: Whimsicott
|-resisted|p1a: Rillaboom
|-supereffective|p1b: Electabuzz
|-damage|p2a: Whimsicott|84/100
|-damage|p1a: Rillaboom|83/100
|-damage|p1b: Electabuzz|45/100
|
|-heal|p1b: Electabuzz|51/100|[from] Grassy Terrain
|-heal|p2a: Whimsicott|90/100|[from] Grassy Terrain
|-heal|p1a: Rillaboom|89/100|[from] Grassy Terrain
|-damage|p2b: Ursaluna|94/100 brn|[from] brn
|upkeep
|turn|3
|inactive|Bujero A subir has 30 seconds left.
|inactive|Toxic KIng 22 has 30 seconds left.
|
|t:|1756494249
|switch|p2b: Annihilape|Annihilape, L50, F|100/100
|move|p1b: Electabuzz|Follow Me|p1b: Electabuzz
|-singleturn|p1b: Electabuzz|move: Follow Me
|move|p2a: Whimsicott|Beat Up|p1b: Electabuzz
|-crit|p1b: Electabuzz
|-damage|p1b: Electabuzz|48/100
|-damage|p1b: Electabuzz|46/100
|-damage|p1b: Electabuzz|45/100
|-hitcount|p1b: Electabuzz|3
|move|p1a: Rillaboom|Wood Hammer|p2b: Annihilape
|-damage|p2b: Annihilape|18/100
|-damage|p1a: Rillaboom|61/100|[from] Recoil
|
|-heal|p1b: Electabuzz|51/100|[from] Grassy Terrain
|-heal|p2a: Whimsicott|96/100|[from] Grassy Terrain
|-heal|p2b: Annihilape|25/100|[from] Grassy Terrain
|-heal|p2b: Annihilape|31/100|[from] item: Leftovers
|-heal|p1a: Rillaboom|67/100|[from] Grassy Terrain
|upkeep
|turn|4
|
|t:|1756494272
|move|p2b: Annihilape|Protect|p2b: Annihilape
|-singleturn|p2b: Annihilape|Protect
|move|p1b: Electabuzz|Follow Me|p1b: Electabuzz
|-singleturn|p1b: Electabuzz|move: Follow Me
|move|p2a: Whimsicott|Tailwind|p2a: Whimsicott
|-sidestart|p2: Toxic KIng 22|move: Tailwind
|move|p1a: Rillaboom|Wood Hammer|p2b: Annihilape
|-activate|p2b: Annihilape|move: Protect
|
|-heal|p2a: Whimsicott|100/100|[from] Grassy Terrain
|-heal|p2b: Annihilape|37/100|[from] Grassy Terrain
|-heal|p2b: Annihilape|43/100|[from] item: Leftovers
|-heal|p1b: Electabuzz|57/100|[from] Grassy Terrain
|-heal|p1a: Rillaboom|73/100|[from] Grassy Terrain
|upkeep
|turn|5
|
|t:|1756494294
|switch|p2a: Indeedee|Indeedee-F, L50, F|100/100
|-fieldstart|move: Psychic Terrain|[from] ability: Psychic Surge|[of] p2a: Indeedee
|move|p1b: Electabuzz|Follow Me|p1b: Electabuzz
|-singleturn|p1b: Electabuzz|move: Follow Me
|move|p2b: Annihilape|Drain Punch|p1b: Electabuzz
|-damage|p1b: Electabuzz|31/100
|-heal|p2b: Annihilape|54/100|[from] drain|[of] p1b: Electabuzz
|move|p1a: Rillaboom|Wood Hammer|p2b: Annihilape
|-damage|p2b: Annihilape|0 fnt
|faint|p2b: Annihilape
|-damage|p1a: Rillaboom|54/100|[from] Recoil
|
|upkeep
|inactive|Toxic KIng 22 has 30 seconds left.
|
|t:|1756494320
|switch|p2b: Ursaluna|Ursaluna, L50, F|94/100 brn
|turn|6
|
|t:|1756494331
|move|p2a: Indeedee|Follow Me|p2a: Indeedee
|-singleturn|p2a: Indeedee|move: Follow Me
|move|p1b: Electabuzz|Follow Me|p1b: Electabuzz
|-singleturn|p1b: Electabuzz|move: Follow Me
|move|p2b: Ursaluna|Facade|p1b: Electabuzz
|-damage|p1b: Electabuzz|0 fnt
|faint|p1b: Electabuzz
|move|p1a: Rillaboom|Wood Hammer|p2a: Indeedee
|-damage|p2a: Indeedee|41/100
|-damage|p1a: Rillaboom|38/100|[from] item: Rocky Helmet|[of] p2a: Indeedee
|-damage|p1a: Rillaboom|20/100|[from] Recoil
|
|-damage|p2b: Ursaluna|88/100 brn|[from] brn
|upkeep
|
|t:|1756494346
|switch|p1b: Kingambit|Kingambit, L50, M, shiny|100/100
|turn|7
|
|t:|1756494360
|switch|p1a: Volcarona|Volcarona, L50, M|100/100
|move|p1b: Kingambit|Protect|p1b: Kingambit
|-singleturn|p1b: Kingambit|Protect
|move|p2b: Ursaluna|Facade|p1a: Volcarona
|-damage|p1a: Volcarona|0 fnt
|faint|p1a: Volcarona
|move|p2a: Indeedee|Trick Room|p2a: Indeedee
|-fieldstart|move: Trick Room|[of] p2a: Indeedee
|
|-damage|p2b: Ursaluna|82/100 brn|[from] brn
|-sideend|p2: Toxic KIng 22|move: Tailwind
|upkeep
|
|t:|1756494367
|switch|p1a: Rillaboom|Rillaboom, L50, M, shiny|20/100
|-fieldstart|move: Grassy Terrain|[from] ability: Grassy Surge|[of] p1a: Rillaboom
|turn|8
|
|t:|1756494384
|switch|p2a: Whimsicott|Whimsicott, L50, F|100/100
|-terastallize|p1b: Kingambit|Dark
|move|p2b: Ursaluna|Protect|p2b: Ursaluna
|-singleturn|p2b: Ursaluna|Protect
|move|p1a: Rillaboom|Fake Out|p2a: Whimsicott
|-damage|p2a: Whimsicott|87/100
|move|p1b: Kingambit|Sucker Punch||[still]
|-fail|p1b: Kingambit
|
|-heal|p2b: Ursaluna|88/100 brn|[from] Grassy Terrain
|-heal|p1a: Rillaboom|26/100|[from] Grassy Terrain
|-heal|p2a: Whimsicott|93/100|[from] Grassy Terrain
|-damage|p2b: Ursaluna|82/100 brn|[from] brn
|upkeep
|turn|9
|
|t:|1756494407
|move|p1b: Kingambit|Sucker Punch|p2b: Ursaluna
|-damage|p2b: Ursaluna|37/100 brn
|move|p1a: Rillaboom|Grassy Glide|p2b: Ursaluna
|-supereffective|p2b: Ursaluna
|-crit|p2b: Ursaluna
|-damage|p2b: Ursaluna|0 fnt
|faint|p2b: Ursaluna
|move|p2a: Whimsicott|Encore|p1a: Rillaboom
|-start|p1a: Rillaboom|Encore
|
|-heal|p1a: Rillaboom|32/100|[from] Grassy Terrain
|-heal|p2a: Whimsicott|99/100|[from] Grassy Terrain
|upkeep
|
|t:|1756494418
|switch|p2b: Indeedee|Indeedee-F, L50, F|41/100
|-fieldstart|move: Psychic Terrain|[from] ability: Psychic Surge|[of] p2b: Indeedee
|turn|10
|-message|Toxic KIng 22 forfeited.
|
|win|Bujero A subir
|l|☆Toxic KIng 22
|player|p2|
||Bujero A subir is ready for game 2.
||Toxic KIng 22 is ready for game 2.
|uhtml|next|Next: Game 2 of 3
