|j|☆felasmiguel
|j|☆KChiefs7
|html|felasmiguelKChiefs7    
|uhtml|bestof|Game 1 of a best-of-3
|t:|1757701528
|gametype|doubles
|player|p1|felasmiguel|scientist|1153
|player|p2|KChiefs7|swimmer-gen4|1113
|gen|9
|tier|[Gen 9] VGC 2025 Reg H (Bo3)
|rated|
|rule|Species Clause: Limit one of each Pokémon
|rule|Item Clause: Limit 1 of each item
|clearpoke
|poke|p1|Gliscor, L50, F|
|poke|p1|Breloom, L50, F|
|poke|p1|Talonflame, L50, F|
|poke|p1|Milotic, L50, F|
|poke|p1|Dragapult, L50, M|
|poke|p1|Farigiraf, L50, M|
|poke|p2|Ursaluna, L50, F|
|poke|p2|Gholdengo, L50|
|poke|p2|Amoonguss, L50, F|
|poke|p2|Porygon2, L50|
|poke|p2|Incineroar, L50, F|
|poke|p2|Flamigo, L50, M|
|teampreview|4
|showteam|p1|Gliscor||ToxicOrb|PoisonHeal|SwordsDance,DualWingbeat,HighHorsepower,Protect|||F|||50|,,,,,Water]Breloom||LoadedDice|Technician|Spore,MachPunch,BulletSeed,Protect|||F|||50|,,,,,Grass]Talonflame||CovertCloak|GaleWings|Tailwind,FlareBlitz,BraveBird,Taunt|||F|||50|,,,,,Flying]Milotic||AdrenalineOrb|Competitive|Scald,IceBeam,Haze,Protect|||F|||50|,,,,,Poison]Dragapult||ChoiceSpecs|Infiltrator|DracoMeteor,Thunderbolt,ShadowBall,Uturn|||M|||50|,,,,,Ghost]Farigiraf||ThroatSpray|ArmorTail|Imprison,TrickRoom,PsychicNoise,HyperVoice|||M|||50|,,,,,Fire
|showteam|p2|Ursaluna||FlameOrb|Guts|Facade,Earthquake,Substitute,Protect|||F|||50|,,,,,Ghost]Gholdengo||ChoiceScarf|GoodasGold|MakeItRain,ShadowBall,DazzlingGleam,FocusBlast||||||50|,,,,,Fairy]Amoonguss||SitrusBerry|Regenerator|RagePowder,Spore,PollenPuff,Protect|||F|||50|,,,,,Fairy]Porygon2||Eviolite|Download|Thunderbolt,IceBeam,Recover,TrickRoom||||||50|,,,,,Flying]Incineroar||AssaultVest|Intimidate|FlareBlitz,KnockOff,FakeOut,Uturn|||F|||50|,,,,,Grass]Flamigo||FocusSash|Scrappy|CloseCombat,BraveBird,WideGuard,Detect|||M|||50|,,,,,Stellar
|inactive|Battle timer is ON: inactive players will automatically lose when time's up. (requested by KChiefs7)
|inactive|felasmiguel has 60 seconds left.
|inactive|KChiefs7 has 60 seconds left.
|
|t:|1757701586
|teamsize|p1|4
|teamsize|p2|4
|start
|switch|p1a: Milotic|Milotic, L50, F|100/100
|switch|p1b: Talonflame|Talonflame, L50, F|100/100
|switch|p2a: Ursaluna|Ursaluna, L50, F|100/100
|switch|p2b: Amoonguss|Amoonguss, L50, F, shiny|100/100
|turn|1
|inactive|KChiefs7 has 30 seconds left.
|
|t:|1757701611
|-terastallize|p2b: Amoonguss|Fairy
|move|p2a: Ursaluna|Protect|p2a: Ursaluna
|-singleturn|p2a: Ursaluna|Protect
|move|p1b: Talonflame|Taunt|p2b: Amoonguss
|-start|p2b: Amoonguss|move: Taunt
|move|p1a: Milotic|Ice Beam|p2b: Amoonguss
|-damage|p2b: Amoonguss|83/100
|cant|p2b: Amoonguss|move: Taunt|Spore
|
|-status|p2a: Ursaluna|brn|[from] item: Flame Orb
|upkeep
|turn|2
|inactive|KChiefs7 has 30 seconds left.
|
|t:|1757701640
|switch|p2b: Gholdengo|Gholdengo, L50|100/100
|move|p1b: Talonflame|Brave Bird|p2a: Ursaluna
|-damage|p2a: Ursaluna|64/100 brn
|-damage|p1b: Talonflame|83/100|[from] Recoil
|move|p1a: Milotic|Scald|p2a: Ursaluna
|-supereffective|p2a: Ursaluna
|-damage|p2a: Ursaluna|16/100 brn
|move|p2a: Ursaluna|Facade|p1a: Milotic
|-damage|p1a: Milotic|0 fnt
|faint|p1a: Milotic
|
|-damage|p2a: Ursaluna|10/100 brn|[from] brn
|upkeep
|
|t:|1757701658
|switch|p1a: Gliscor|Gliscor, L50, F|100/100
|turn|3
|
|t:|1757701675
|switch|p2b: Incineroar|Incineroar, L50, F, shiny|100/100
|-ability|p2b: Incineroar|Intimidate|boost
|-unboost|p1a: Gliscor|atk|1
|-unboost|p1b: Talonflame|atk|1
|switch|p2a: Amoonguss|Amoonguss, L50, F, shiny, tera:Fairy|100/100
|move|p1a: Gliscor|Protect|p1a: Gliscor
|-singleturn|p1a: Gliscor|Protect
|move|p1b: Talonflame|Tailwind|p1b: Talonflame
|-sidestart|p1: felasmiguel|move: Tailwind
|
|-status|p1a: Gliscor|tox|[from] item: Toxic Orb
|upkeep
|turn|4
|
|t:|1757701699
|switch|p2b: Gholdengo|Gholdengo, L50|100/100
|move|p1b: Talonflame|Taunt|p2a: Amoonguss
|-start|p2a: Amoonguss|move: Taunt
|move|p1a: Gliscor|Swords Dance|p1a: Gliscor
|-boost|p1a: Gliscor|atk|2
|cant|p2a: Amoonguss|move: Taunt|Spore
|
|upkeep
|turn|5
|
|t:|1757701716
|switch|p2a: Incineroar|Incineroar, L50, F, shiny|100/100
|-ability|p2a: Incineroar|Intimidate|boost
|-unboost|p1a: Gliscor|atk|1
|-unboost|p1b: Talonflame|atk|1
|move|p1b: Talonflame|Flare Blitz|p2b: Gholdengo
|-supereffective|p2b: Gholdengo
|-damage|p2b: Gholdengo|62/100
|-damage|p1b: Talonflame|67/100|[from] Recoil
|move|p1a: Gliscor|Swords Dance|p1a: Gliscor
|-boost|p1a: Gliscor|atk|2
|move|p2b: Gholdengo|Make It Rain|p1b: Talonflame|[spread] p1a,p1b
|-resisted|p1b: Talonflame
|-damage|p1a: Gliscor|41/100 tox
|-damage|p1b: Talonflame|26/100
|-unboost|p2b: Gholdengo|spa|1
|
|-heal|p1a: Gliscor|54/100 tox|[from] ability: Poison Heal
|upkeep
|turn|6
|inactive|KChiefs7 has 30 seconds left.
|
|t:|1757701751
|-terastallize|p1a: Gliscor|Water
|move|p2a: Incineroar|Fake Out|p1a: Gliscor
|-damage|p1a: Gliscor|42/100 tox
|move|p1b: Talonflame|Flare Blitz|p2b: Gholdengo
|-supereffective|p2b: Gholdengo
|-damage|p2b: Gholdengo|21/100
|-damage|p1b: Talonflame|9/100|[from] Recoil
|cant|p1a: Gliscor|flinch
|move|p2b: Gholdengo|Make It Rain|p1b: Talonflame|[spread] p1a,p1b
|-resisted|p1a: Gliscor
|-resisted|p1b: Talonflame
|-damage|p1a: Gliscor|21/100 tox
|-damage|p1b: Talonflame|0 fnt
|-unboost|p2b: Gholdengo|spa|1
|faint|p1b: Talonflame
|
|-heal|p1a: Gliscor|33/100 tox|[from] ability: Poison Heal
|-sideend|p1: felasmiguel|move: Tailwind
|upkeep
|
|t:|1757701760
|switch|p1b: Breloom|Breloom, L50, F|100/100
|turn|7
|
|t:|1757701780
|switch|p2a: Amoonguss|Amoonguss, L50, F, shiny, tera:Fairy|100/100
|move|p2b: Gholdengo|Make It Rain|p1a: Gliscor|[spread] p1a,p1b
|-resisted|p1a: Gliscor
|-crit|p1b: Breloom
|-damage|p1a: Gliscor|17/100 tox
|-damage|p1b: Breloom|0 fnt
|-unboost|p2b: Gholdengo|spa|1
|faint|p1b: Breloom
|move|p1a: Gliscor|High Horsepower|p2b: Gholdengo
|-supereffective|p2b: Gholdengo
|-damage|p2b: Gholdengo|0 fnt
|faint|p2b: Gholdengo
|
|-heal|p1a: Gliscor|29/100 tox|[from] ability: Poison Heal
|upkeep
|-message|felasmiguel forfeited.
|
|win|KChiefs7
|l|☆felasmiguel
|player|p1|
||KChiefs7 is ready for game 2.
||felasmiguel is ready for game 2.
|uhtml|next|Next: Game 2 of 3
