|j|☆darthmorton
|j|☆Livnlarge27
|html|darthmortonLivnlarge27    
|uhtml|bestof|Game 2 of a best-of-3
|t:|1754325525
|gametype|doubles
|player|p1|darthmorton|pryce|1316
|player|p2|Livnlarge27|marlon|1393
|gen|9
|tier|[Gen 9] VGC 2025 Reg H (Bo3)
|rated|
|rule|Species Clause: Limit one of each Pokémon
|rule|Item Clause: Limit 1 of each item
|clearpoke
|poke|p1|Kommo-o, L50, M|
|poke|p1|Rillaboom, L50, F|
|poke|p1|Clefairy, L50, F|
|poke|p1|Kingambit, L50, M|
|poke|p1|Sneasler, L50, M|
|poke|p1|Gyarados, L50, M|
|poke|p2|Volcarona, L50, M|
|poke|p2|Gholdengo, L50|
|poke|p2|Maushold, L50|
|poke|p2|Rillaboom, L50, F|
|poke|p2|Hydreigon, L50, F|
|poke|p2|Dondozo, L50, M|
|teampreview|4
|showteam|p1|Kommo-o||ThroatSpray|Overcoat|ClangingScales,Flamethrower,ClangorousSoul,Protect|||M|||50|,,,,,Fire]Rillaboom||AssaultVest|GrassySurge|FakeOut,WoodHammer,GrassyGlide,Uturn|||F|||50|,,,,,Fire]Clefairy||Eviolite|FriendGuard|FollowMe,HelpingHand,Protect,LifeDew|||F|||50|,,,,,Grass]Kingambit||BlackGlasses|Defiant|KowtowCleave,SuckerPunch,IronHead,Protect|||M|||50|,,,,,Ghost]Sneasler||GrassySeed|Unburden|FakeOut,CloseCombat,DireClaw,Coaching|||M|||50|,,,,,Ghost]Gyarados||CovertCloak|Intimidate|Waterfall,Taunt,IronHead,ThunderWave|||M|||50|,,,,,Fairy
|showteam|p2|Volcarona||GrassySeed|FlameBody|HeatWave,GigaDrain,QuiverDance,Protect|||M|||50|,,,,,Grass]Gholdengo||ChoiceSpecs|GoodasGold|MakeItRain,ShadowBall,DazzlingGleam,PowerGem||||||50|,,,,,Fairy]Maushold||RockyHelmet|FriendGuard|SuperFang,Taunt,FollowMe,Protect||||||50|,,,,,Ghost]Rillaboom||AssaultVest|GrassySurge|WoodHammer,GrassyGlide,HighHorsepower,FakeOut|||F|||50|,,,,,Fire]Hydreigon||SafetyGoggles|Levitate|Snarl,DracoMeteor,Tailwind,Protect|||F|||50|,,,,,Ghost]Dondozo||Leftovers|Unaware|WaveCrash,Fissure,Yawn,Protect|||M|||50|,,,,,Flying
|inactive|Battle timer is ON: inactive players will automatically lose when time's up. (requested by darthmorton)
|inactive|darthmorton has 60 seconds left.
|
|t:|1754325563
|teamsize|p1|4
|teamsize|p2|4
|start
|switch|p1a: Jackson|Kingambit, L50, M, shiny|100/100
|switch|p1b: Craig|Sneasler, L50, M, shiny|100/100
|switch|p2a: Gholdengo|Gholdengo, L50|100/100
|switch|p2b: Volcarona|Volcarona, L50, M|100/100
|turn|1
|inactive|darthmorton has 30 seconds left.
|
|t:|1754325590
|switch|p2b: Maushold|Maushold, L50|100/100
|move|p1b: Craig|Fake Out|p2b: Maushold
|-damage|p2b: Maushold|82/100
|-damage|p1b: Craig|84/100|[from] item: Rocky Helmet|[of] p2b: Maushold
|move|p2a: Gholdengo|Make It Rain|p1b: Craig|[spread] p1a,p1b
|-resisted|p1a: Jackson
|-damage|p1a: Jackson|64/100
|-damage|p1b: Craig|0 fnt
|-unboost|p2a: Gholdengo|spa|1
|faint|p1b: Craig
|move|p1a: Jackson|Kowtow Cleave|p2a: Gholdengo
|-supereffective|p2a: Gholdengo
|-damage|p2a: Gholdengo|3/100
|
|upkeep
|
|t:|1754325605
|switch|p1b: Blake|Kommo-o, L50, M, shiny|100/100
|turn|2
|inactive|darthmorton has 30 seconds left.
|
|t:|1754325632
|move|p1b: Blake|Protect|p1b: Blake
|-singleturn|p1b: Blake|Protect
|move|p2b: Maushold|Taunt|p1b: Blake
|-activate|p1b: Blake|move: Protect
|move|p2a: Gholdengo|Make It Rain|p1b: Blake|[spread] p1a
|-activate|p1b: Blake|move: Protect
|-resisted|p1a: Jackson
|-damage|p1a: Jackson|42/100
|-unboost|p2a: Gholdengo|spa|1
|move|p1a: Jackson|Kowtow Cleave|p2b: Maushold
|-damage|p2b: Maushold|19/100
|-damage|p1a: Jackson|26/100|[from] item: Rocky Helmet|[of] p2b: Maushold
|
|upkeep
|turn|3
|
|t:|1754325653
|switch|p1a: Gyaradeez|Gyarados, L50, M, shiny|100/100
|-ability|p1a: Gyaradeez|Intimidate|boost
|-unboost|p2a: Gholdengo|atk|1
|-unboost|p2b: Maushold|atk|1
|move|p2b: Maushold|Super Fang|p1b: Blake
|-damage|p1b: Blake|50/100
|move|p1b: Blake|Clanging Scales|p2b: Maushold|[spread] p2a,p2b
|-resisted|p2a: Gholdengo
|-damage|p2a: Gholdengo|0 fnt
|-damage|p2b: Maushold|0 fnt
|faint|p2a: Gholdengo
|faint|p2b: Maushold
|-unboost|p1b: Blake|def|1
|-enditem|p1b: Blake|Throat Spray
|-boost|p1b: Blake|spa|1|[from] item: Throat Spray
|
|upkeep
|
|t:|1754325662
|switch|p2b: Hydreigon|Hydreigon, L50, F|100/100
|switch|p2a: Volcarona|Volcarona, L50, M|100/100
|turn|4
|inactive|darthmorton has 30 seconds left.
|inactive|Livnlarge27 has 30 seconds left.
|inactive|darthmorton has 20 seconds left.
|
|t:|1754325699
|-terastallize|p2a: Volcarona|Grass
|move|p2b: Hydreigon|Draco Meteor|p1a: Gyaradeez
|-damage|p1a: Gyaradeez|53/100
|-unboost|p2b: Hydreigon|spa|2
|move|p2a: Volcarona|Giga Drain|p1a: Gyaradeez
|-damage|p1a: Gyaradeez|26/100
|move|p1b: Blake|Clanging Scales|p2a: Volcarona|[spread] p2a,p2b
|-supereffective|p2b: Hydreigon
|-damage|p2a: Volcarona|50/100
|-damage|p2b: Hydreigon|0 fnt
|faint|p2b: Hydreigon
|-unboost|p1b: Blake|def|1
|move|p1a: Gyaradeez|Waterfall|p2a: Volcarona
|-resisted|p2a: Volcarona
|-damage|p2a: Volcarona|25/100
|-status|p1a: Gyaradeez|brn|[from] ability: Flame Body|[of] p2a: Volcarona
|
|-damage|p1a: Gyaradeez|20/100 brn|[from] brn
|upkeep
|turn|5
|
|t:|1754325718
|move|p2a: Volcarona|Heat Wave|p1a: Gyaradeez|[spread] p1a,p1b
|-resisted|p1a: Gyaradeez
|-resisted|p1b: Blake
|-damage|p1a: Gyaradeez|8/100 brn
|-damage|p1b: Blake|31/100
|move|p1b: Blake|Flamethrower|p2a: Volcarona
|-supereffective|p2a: Volcarona
|-damage|p2a: Volcarona|0 fnt
|faint|p2a: Volcarona
|
|win|darthmorton
|raw|darthmorton's rating: 1316 → 1340(+24 for winning)
|raw|Livnlarge27's rating: 1393 → 1369(-24 for losing)
