|j|☆Manifestlogos
|j|☆platinumflare
|html|Manifestlogosplatinumflare    
|uhtml|bestof|Game 1 of a best-of-3
|t:|1784345660
|gametype|doubles
|player|p1|Manifestlogos|artist|1121
|player|p2|platinumflare|lance|1104
|gen|9
|tier|[Gen 9 Champions] VGC 2026 Reg M-B (Bo3)
|rated|
|rule|Species Clause: Limit one of each Pokémon
|rule|Item Clause: Limit 1 of each item
|clearpoke
|poke|p1|Aerodactyl, L50, F|
|poke|p1|Sylveon, L50, M|
|poke|p1|Charizard, L50, M|
|poke|p1|Kingambit, L50, M|
|poke|p1|Incineroar, L50, F|
|poke|p1|Garchomp, L50, M|
|poke|p2|Talonflame, L50, M, shiny|
|poke|p2|Mamoswine, L50, M, shiny|
|poke|p2|Meowscarada, L50, F|
|poke|p2|Kingambit, L50, M|
|poke|p2|Sneasler, L50, M|
|poke|p2|Raichu, L50, M, shiny|
|teampreview|4
|showteam|p1|Aerodactyl||Aerodactylite|Unnerve|WideGuard,Tailwind,IceFang,RockSlide|Jolly||F|||50|]Sylveon||FairyFeather|Pixilate|Detect,QuickAttack,HyperBeam,HyperVoice|Modest||M|||50|]Charizard||CharizarditeY|SolarPower|Protect,HeatWave,SolarBeam,WeatherBall|Modest||M|||50|]Kingambit||FocusSash|Defiant|Protect,SuckerPunch,KowtowCleave,IronHead|Adamant||M|||50|]Incineroar||SitrusBerry|Intimidate|FakeOut,PartingShot,DarkestLariat,FlareBlitz|Adamant||F|||50|]Garchomp||LifeOrb|RoughSkin|Protect,StompingTantrum,Earthquake,DragonClaw|Jolly||M|||50|
|showteam|p2|Talonflame||SharpBeak|GaleWings|DualWingbeat,Tailwind,Taunt,Protect|Jolly||M|||50|]Mamoswine||FocusSash|Oblivious|IceShard,HighHorsepower,Protect,RockSlide|Adamant||M|||50|]Meowscarada||ChoiceScarf|Protean|FlowerTrick,ThroatChop,Uturn,TripleAxel|Jolly||F|||50|]Kingambit||LifeOrb|Defiant|KowtowCleave,SuckerPunch,IronHead,Protect|Adamant||M|||50|]Sneasler||WhiteHerb|Unburden|CloseCombat,GunkShot,Protect,FakeOut|Jolly||M|||50|]Raichu||RaichuniteY|LightningRod|ZapCannon,GrassKnot,FocusBlast,Protect|Modest||M|||50|
|inactive|Battle timer is ON: inactive players will automatically lose when time's up. (requested by platinumflare)
|inactive|Manifestlogos has 60 seconds left.
|inactive|platinumflare has 60 seconds left.
|inactive|platinumflare has 30 seconds left.
|inactive|platinumflare has 20 seconds left.
|inactive|platinumflare has 15 seconds left.
|inactive|platinumflare has 10 seconds left.
|
|t:|1784345747
|teamsize|p1|4
|teamsize|p2|4
|start
|switch|p1a: Aerodactyl|Aerodactyl, L50, F|100/100
|switch|p1b: Charizard|Charizard, L50, M|100/100
|switch|p2a: Pikachu??|Raichu, L50, M, shiny|100/100
|switch|p2b: Meowscarada|Meowscarada, L50, F|100/100
|-ability|p1a: Aerodactyl|Unnerve
|turn|1
|inactive|Manifestlogos has 30 seconds left.
|
|t:|1784345775
|switch|p1a: Incineroar|Incineroar, L50, F|100/100
|-ability|p1a: Incineroar|Intimidate|boost
|-unboost|p2a: Pikachu??|atk|1
|-unboost|p2b: Meowscarada|atk|1
|detailschange|p2a: Pikachu??|Raichu-Mega-Y, L50, M, shiny
|-mega|p2a: Pikachu??|Raichu|Raichunite Y
|detailschange|p1b: Charizard|Charizard-Mega-Y, L50, M
|-mega|p1b: Charizard|Charizard|Charizardite Y
|-weather|SunnyDay|[from] ability: Drought|[of] p1b: Charizard
|move|p2b: Meowscarada|Triple Axel|p1a: Incineroar
|-start|p2b: Meowscarada|typechange|Ice|[from] ability: Protean
|-resisted|p1a: Incineroar|1
|-damage|p1a: Incineroar|97/100
|-resisted|p1a: Incineroar|1
|-damage|p1a: Incineroar|91/100
|-resisted|p1a: Incineroar|1
|-damage|p1a: Incineroar|82/100
|-hitcount|p1a: Incineroar|3
|move|p2a: Pikachu??|Zap Cannon|p1b: Charizard
|-supereffective|p1b: Charizard|1
|-damage|p1b: Charizard|0 fnt
|faint|p1b: Charizard
|
|-weather|SunnyDay|[upkeep]
|upkeep
|inactive|Manifestlogos has 30 seconds left.
|
|t:|1784345801
|switch|p1b: Aerodactyl|Aerodactyl, L50, F|100/100
|-ability|p1b: Aerodactyl|Unnerve
|turn|2
|
|t:|1784345814
|switch|p2b: Gambling|Sneasler, L50, M|100/100
|move|p2a: Pikachu??|Protect|p2a: Pikachu??
|-singleturn|p2a: Pikachu??|Protect
|move|p1a: Incineroar|Fake Out|p2b: Gambling
|-damage|p2b: Gambling|73/100
|move|p1b: Aerodactyl|Rock Slide|p2b: Gambling|[spread] 
|-activate|p2a: Pikachu??|move: Protect
|-miss|p1b: Aerodactyl|p2b: Gambling
|
|-weather|SunnyDay|[upkeep]
|upkeep
|turn|3
|
|t:|1784345840
|move|p2b: Gambling|Fake Out|p1b: Aerodactyl
|-resisted|p1b: Aerodactyl|1
|-damage|p1b: Aerodactyl|90/100
|cant|p1b: Aerodactyl|flinch
|move|p2a: Pikachu??|Zap Cannon|p1b: Aerodactyl
|-supereffective|p1b: Aerodactyl|1
|-damage|p1b: Aerodactyl|0 fnt
|faint|p1b: Aerodactyl
|move|p1a: Incineroar|Flare Blitz|p2b: Gambling
|-damage|p2b: Gambling|0 fnt
|faint|p2b: Gambling
|-damage|p1a: Incineroar|63/100|[from] Recoil
|
|-weather|SunnyDay|[upkeep]
|upkeep
|
|t:|1784345855
|switch|p2b: Meowscarada|Meowscarada, L50, F|100/100
|switch|p1b: Garchomp|Garchomp, L50, M|100/100
|turn|4
|
|t:|1784345863
|move|p1b: Garchomp|Protect|p1b: Garchomp
|-singleturn|p1b: Garchomp|Protect
|move|p2b: Meowscarada|Triple Axel|p1b: Garchomp
|-start|p2b: Meowscarada|typechange|Ice|[from] ability: Protean
|-activate|p1b: Garchomp|move: Protect
|move|p2a: Pikachu??|Focus Blast|p1a: Incineroar
|-supereffective|p1a: Incineroar|1
|-damage|p1a: Incineroar|0 fnt
|faint|p1a: Incineroar
|
|-weather|SunnyDay|[upkeep]
|upkeep
|turn|5
|-message|Manifestlogos forfeited.
|
|win|platinumflare
