|j|☆5star_swordvgc
|j|☆OwlsGoHooot
|html|5star_swordvgcOwlsGoHooot    
|uhtml|bestof|Game 2 of a best-of-3
|t:|1782984174
|gametype|doubles
|player|p1|5star_swordvgc|red|1059
|player|p2|OwlsGoHooot|170|1034
|gen|9
|tier|[Gen 9 Champions] VGC 2026 Reg M-B (Bo3)
|rated|
|rule|Species Clause: Limit one of each Pokémon
|rule|Item Clause: Limit 1 of each item
|clearpoke
|poke|p1|Aegislash, L50, F|
|poke|p1|Farigiraf, L50, F|
|poke|p1|Incineroar, L50, M|
|poke|p1|Whimsicott, L50, F|
|poke|p1|Blastoise, L50, M|
|poke|p1|Tyranitar, L50, F|
|poke|p2|Sinistcha, L50|
|poke|p2|Delphox, L50, M|
|poke|p2|Floette-Eternal, L50, F|
|poke|p2|Incineroar, L50, F|
|poke|p2|Basculegion, L50, M|
|poke|p2|Sneasler, L50, M|
|teampreview|4
|showteam|p1|Aegislash||LifeOrb|StanceChange|KingsShield,WideGuard,FlashCannon,ShadowBall|Modest||F|||50|]Farigiraf||SitrusBerry|ArmorTail|Protect,TrickRoom,Psychic,HyperVoice|Modest||F|||50|]Incineroar||ExpertBelt|Intimidate|Taunt,PartingShot,FakeOut,FlareBlitz|Adamant||M|||50|]Whimsicott||FocusSash|Prankster|Moonblast,Tailwind,Encore,Endeavor|Timid||F|||50|]Blastoise||Blastoisinite|Torrent|Protect,DarkPulse,AuraSphere,WaterSpout|Modest||M|||50|]Tyranitar||Tyranitarite|SandStream|Protect,KnockOff,RockSlide,Earthquake|Adamant||F|||50|
|showteam|p2|Sinistcha||KasibBerry|Hospitality|MatchaGotcha,RagePowder,LifeDew,TrickRoom|Bold|||||50|]Delphox||Delphoxite|Blaze|HeatWave,Psychic,NastyPlot,Protect|Modest||M|||50|]Floette-Eternal||Floettite|FlowerVeil|Moonblast,DrainingKiss,CalmMind,Protect|Modest||F|||50|]Incineroar||SitrusBerry|Intimidate|PartingShot,FakeOut,ThroatChop,FlareBlitz|Careful||F|||50|]Basculegion||FocusSash|Adaptability|Protect,Liquidation,AquaJet,LastRespects|Adamant||M|||50|]Sneasler||WhiteHerb|Unburden|FakeOut,DireClaw,CloseCombat,Protect|Adamant||M|||50|
|l|☆5star_swordvgc
|player|p1|
|j|☆5star_swordvgc
|player|p1|5star_swordvgc|red|
|inactive|Battle timer is ON: inactive players will automatically lose when time's up. (requested by 5star_swordvgc)
|inactive|OwlsGoHooot has 60 seconds left.
|
|t:|1782984249
|teamsize|p1|4
|teamsize|p2|4
|start
|switch|p1a: Farigiraf|Farigiraf, L50, F|100/100
|switch|p1b: Incineroar|Incineroar, L50, M|100/100
|switch|p2a: Incineroar|Incineroar, L50, F|100/100
|switch|p2b: Floette|Floette-Eternal, L50, F|100/100
|-ability|p2a: Incineroar|Intimidate|boost
|-unboost|p1a: Farigiraf|atk|1
|-unboost|p1b: Incineroar|atk|1
|-ability|p1b: Incineroar|Intimidate|boost
|-unboost|p2a: Incineroar|atk|1
|-unboost|p2b: Floette|atk|1
|turn|1
|inactive|OwlsGoHooot has 30 seconds left.
|inactive|OwlsGoHooot has 20 seconds left.
|
|t:|1782984289
|detailschange|p2b: Floette|Floette-Mega, L50, F
|-mega|p2b: Floette|Floette|Floettite
|-ability|p2b: Floette|Fairy Aura
|move|p1b: Incineroar|Fake Out|p2a: Incineroar
|-damage|p2a: Incineroar|92/100
|move|p2b: Floette|Calm Mind|p2b: Floette
|-boost|p2b: Floette|spa|1
|-boost|p2b: Floette|spd|1
|cant|p2a: Incineroar|flinch
|move|p1a: Farigiraf|Trick Room|p1a: Farigiraf
|-fieldstart|move: Trick Room|[of] p1a: Farigiraf
|
|upkeep
|turn|2
|inactive|OwlsGoHooot has 30 seconds left.
|
|t:|1782984314
|move|p2b: Floette|Protect|p2b: Floette
|-singleturn|p2b: Floette|Protect
|move|p1b: Incineroar|Flare Blitz|p2b: Floette
|-activate|p2b: Floette|move: Protect
|move|p1a: Farigiraf|Hyper Voice|p2a: Incineroar|[spread] p2a
|-activate|p2b: Floette|move: Protect
|-damage|p2a: Incineroar|69/100
|move|p2a: Incineroar|Throat Chop|p1a: Farigiraf
|-supereffective|p1a: Farigiraf|1
|-damage|p1a: Farigiraf|60/100
|-start|p1a: Farigiraf|Throat Chop|[silent]
|
|upkeep
|turn|3
|
|t:|1782984331
|move|p1a: Farigiraf|Protect|p1a: Farigiraf
|-singleturn|p1a: Farigiraf|Protect
|move|p1b: Incineroar|Flare Blitz|p2b: Floette
|-damage|p2b: Floette|56/100
|-damage|p1b: Incineroar|89/100|[from] Recoil
|move|p2a: Incineroar|Parting Shot|p1b: Incineroar
|-unboost|p1b: Incineroar|atk|1
|-unboost|p1b: Incineroar|spa|1
|
|t:|1782984336
|switch|p2a: Sneasler|Sneasler, L50, M|100/100|[from] Parting Shot
|move|p2b: Floette|Draining Kiss|p1a: Farigiraf
|-activate|p1a: Farigiraf|move: Protect
|
|-end|p1a: Farigiraf|Throat Chop|[silent]
|upkeep
|turn|4
|inactive|5star_swordvgc has 30 seconds left.
|
|t:|1782984364
|switch|p2a: Incineroar|Incineroar, L50, F|69/100
|-ability|p2a: Incineroar|Intimidate|boost
|-unboost|p1a: Farigiraf|atk|1
|-unboost|p1b: Incineroar|atk|1
|move|p2b: Floette|Protect|p2b: Floette
|-singleturn|p2b: Floette|Protect
|move|p1a: Farigiraf|Hyper Voice|p2b: Floette|[spread] p2a
|-activate|p2b: Floette|move: Protect
|-damage|p2a: Incineroar|45/100
|-enditem|p2a: Incineroar|Sitrus Berry|[eat]
|-heal|p2a: Incineroar|70/100|[from] item: Sitrus Berry
|move|p1b: Incineroar|Parting Shot|p2b: Floette
|-activate|p2b: Floette|move: Protect
|
|upkeep
|turn|5
|
|t:|1782984380
|move|p1a: Farigiraf|Protect|p1a: Farigiraf
|-singleturn|p1a: Farigiraf|Protect
|move|p1b: Incineroar|Parting Shot|p2b: Floette
|-unboost|p2b: Floette|atk|1
|-unboost|p2b: Floette|spa|1
|
|t:|1782984389
|switch|p1b: Blastoise|Blastoise, L50, M|100/100|[from] Parting Shot
|move|p2a: Incineroar|Throat Chop|p1a: Farigiraf
|-activate|p1a: Farigiraf|move: Protect
|move|p2b: Floette|Draining Kiss|p1b: Blastoise
|-damage|p1b: Blastoise|62/100
|-heal|p2b: Floette|85/100|[from] drain|[of] p1b: Blastoise
|
|-fieldend|move: Trick Room
|upkeep
|turn|6
|inactive|OwlsGoHooot has 30 seconds left.
|
|t:|1782984417
|switch|p2a: Sneasler|Sneasler, L50, M|100/100
|detailschange|p1b: Blastoise|Blastoise-Mega, L50, M
|-mega|p1b: Blastoise|Blastoise|Blastoisinite
|move|p2b: Floette|Draining Kiss|p1b: Blastoise
|-damage|p1b: Blastoise|26/100
|-heal|p2b: Floette|100/100|[from] drain|[of] p1b: Blastoise
|move|p1b: Blastoise|Aura Sphere|p2a: Sneasler
|-resisted|p2a: Sneasler|1
|-damage|p2a: Sneasler|68/100
|move|p1a: Farigiraf|Trick Room|p1a: Farigiraf
|-fieldstart|move: Trick Room|[of] p1a: Farigiraf
|
|upkeep
|turn|7
|inactive|5star_swordvgc has 30 seconds left.
|inactive|OwlsGoHooot has 30 seconds left.
|
|t:|1782984449
|switch|p2a: Incineroar|Incineroar, L50, F|70/100
|-ability|p2a: Incineroar|Intimidate|boost
|-unboost|p1a: Farigiraf|atk|1
|-unboost|p1b: Blastoise|atk|1
|move|p1a: Farigiraf|Psychic|p2b: Floette
|-crit|p2b: Floette
|-damage|p2b: Floette|44/100
|move|p1b: Blastoise|Aura Sphere|p2a: Incineroar
|-supereffective|p2a: Incineroar|1
|-damage|p2a: Incineroar|3/100
|move|p2b: Floette|Moonblast|p1a: Farigiraf
|-damage|p1a: Farigiraf|0 fnt
|faint|p1a: Farigiraf
|
|upkeep
|
|t:|1782984466
|switch|p1a: Aegislash|Aegislash, L50, F|100/100
|turn|8
|
|t:|1782984480
|switch|p2a: Sneasler|Sneasler, L50, M|68/100
|move|p1a: Aegislash|King's Shield|p1a: Aegislash
|-singleturn|p1a: Aegislash|Protect
|move|p1b: Blastoise|Protect|p1b: Blastoise
|-singleturn|p1b: Blastoise|Protect
|move|p2b: Floette|Protect||[still]
|-fail|p2b: Floette
|
|upkeep
|turn|9
|inactive|OwlsGoHooot has 30 seconds left.
|inactive|OwlsGoHooot has 20 seconds left.
|inactive|OwlsGoHooot has 15 seconds left.
|
|t:|1782984521
|switch|p1b: Incineroar|Incineroar, L50, M|89/100
|-ability|p1b: Incineroar|Intimidate|boost
|-unboost|p2a: Sneasler|atk|1
|-unboost|p2b: Floette|atk|1
|-enditem|p2a: Sneasler|White Herb
|-clearnegativeboost|p2a: Sneasler|[silent]
|switch|p2b: Incineroar|Incineroar, L50, F|3/100
|-ability|p2b: Incineroar|Intimidate|boost
|-unboost|p1a: Aegislash|atk|1
|-unboost|p1b: Incineroar|atk|1
|move|p2a: Sneasler|Fake Out|p1b: Incineroar
|-damage|p1b: Incineroar|75/100
|-formechange|p1a: Aegislash|Aegislash-Blade|
|move|p1a: Aegislash|Flash Cannon|p2b: Incineroar
|-resisted|p2b: Incineroar|1
|-damage|p2b: Incineroar|0 fnt
|faint|p2b: Incineroar
|-damage|p1a: Aegislash|90/100|[from] item: Life Orb
|
|upkeep
|
|t:|1782984530
|switch|p2b: Floette|Floette-Mega, L50, F|44/100
|-ability|p2b: Floette|Fairy Aura
|turn|10
|inactive|5star_swordvgc has 30 seconds left.
|inactive|5star_swordvgc has 20 seconds left.
|
|t:|1782984566
|switch|p1b: Blastoise|Blastoise-Mega, L50, M|26/100
|-formechange|p1a: Aegislash|Aegislash|
|move|p1a: Aegislash|King's Shield|p1a: Aegislash
|-singleturn|p1a: Aegislash|Protect
|move|p2b: Floette|Protect|p2b: Floette
|-singleturn|p2b: Floette|Protect
|move|p2a: Sneasler|Protect||[still]
|-fail|p2a: Sneasler
|
|-fieldend|move: Trick Room
|upkeep
|turn|11
|
|t:|1782984587
|switch|p1b: Incineroar|Incineroar, L50, M|75/100
|-ability|p1b: Incineroar|Intimidate|boost
|-unboost|p2a: Sneasler|atk|1
|-unboost|p2b: Floette|atk|1
|move|p2a: Sneasler|Close Combat|p1b: Incineroar
|-supereffective|p1b: Incineroar|1
|-damage|p1b: Incineroar|0 fnt
|-unboost|p2a: Sneasler|def|1
|-unboost|p2a: Sneasler|spd|1
|faint|p1b: Incineroar
|move|p2b: Floette|Moonblast|p1a: Aegislash
|-resisted|p1a: Aegislash|1
|-damage|p1a: Aegislash|58/100
|-formechange|p1a: Aegislash|Aegislash-Blade|
|move|p1a: Aegislash|Flash Cannon|p2b: Floette
|-supereffective|p2b: Floette|1
|-damage|p2b: Floette|0 fnt
|faint|p2b: Floette
|-damage|p1a: Aegislash|48/100|[from] item: Life Orb
|
|upkeep
|
|t:|1782984607
|switch|p2b: Basculegion|Basculegion, L50, M|100/100
|switch|p1b: Blastoise|Blastoise-Mega, L50, M|26/100
|turn|12
|
|t:|1782984622
|move|p1b: Blastoise|Protect|p1b: Blastoise
|-singleturn|p1b: Blastoise|Protect
|move|p2a: Sneasler|Close Combat|p1b: Blastoise
|-activate|p1b: Blastoise|move: Protect
|move|p2b: Basculegion|Last Respects|p1a: Aegislash
|-supereffective|p1a: Aegislash|1
|-damage|p1a: Aegislash|0 fnt
|faint|p1a: Aegislash
|
|upkeep
|turn|13
|-message|5star_swordvgc forfeited.
|
|win|OwlsGoHooot
|l|☆5star_swordvgc
|player|p1|
||5star_swordvgc is ready for game 3.
||5star_swordvgc is ready for game 3.
||OwlsGoHooot is ready for game 3.
|uhtml|next|Next: Game 3 of 3
