|j|☆joethefenix
|j|☆ispoke2soon
|html|joethefenixispoke2soon    
|uhtml|bestof|Game 1 of a best-of-3
|t:|1785595854
|gametype|doubles
|player|p1|joethefenix|102|
|player|p2|ispoke2soon|266|
|gen|9
|tier|[Gen 9 Champions] VGC 2026 Reg M-B (Bo3)
|rule|Species Clause: Limit one of each Pokémon
|rule|Item Clause: Limit 1 of each item
|clearpoke
|poke|p1|Pelipper, L50, F, shiny|
|poke|p1|Swampert, L50, F, shiny|
|poke|p1|Archaludon, L50, M, shiny|
|poke|p1|Charizard, L50, F, shiny|
|poke|p1|Grimmsnarl, L50, M, shiny|
|poke|p1|Venusaur, L50, F, shiny|
|poke|p2|Froslass, L50, F|
|poke|p2|Scovillain, L50, M|
|poke|p2|Lycanroc-Dusk, L50, M, shiny|
|poke|p2|Kingambit, L50, F|
|poke|p2|Sneasler, L50, M|
|poke|p2|Basculegion, L50, M|
|teampreview|4
|showteam|p1|Pelipper||SitrusBerry|Drizzle|WeatherBall,Hurricane,Tailwind,Protect|Modest||F|||50|]Swampert||Swampertite|Torrent|Protect,Earthquake,WaveCrash,IcePunch|Adamant||F|||50|]Archaludon||Leftovers|Stamina|FlashCannon,DragonPulse,ElectroShot,Protect|Calm||M|||50|]Charizard||CharizarditeY|Blaze|Protect,WeatherBall,SolarBeam,HeatWave|Modest||F|||50|]Grimmsnarl||LightClay|Prankster|SpiritBreak,Reflect,LightScreen,PartingShot|Sassy||M|||50|]Venusaur||FocusSash|Chlorophyll|Protect,SludgeBomb,LeafStorm,SleepPowder|Modest||F|||50|
|showteam|p2|Froslass||Froslassite|CursedBody|Blizzard,ShadowBall,AuroraVeil,Protect|Modest||F|||50|]Scovillain||Scovillainite|Moody|Overheat,GigaDrain,RagePowder,Protect|Bold||M|||50|]Lycanroc-Dusk||FocusSash|ToughClaws|RockSlide,CloseCombat,Accelerock,Protect|Adamant||M|||50|]Kingambit||BlackGlasses|Defiant|KowtowCleave,SuckerPunch,SwordsDance,Protect|Adamant||F|||50|]Sneasler||WhiteHerb|Unburden|FakeOut,CloseCombat,GunkShot,Protect|Adamant||M|||50|]Basculegion||SitrusBerry|Adaptability|WaveCrash,LastRespects,AquaJet,Protect|Adamant||M|||50|
|inactive|Battle timer is ON: inactive players will automatically lose when time's up. (requested by ispoke2soon)
|inactive|joethefenix has 60 seconds left.
|
|t:|1785595928
|teamsize|p1|4
|teamsize|p2|4
|start
|switch|p1a: Brother Grimm|Grimmsnarl, L50, M, shiny|100/100
|switch|p1b: Gates MK II|Archaludon, L50, M, shiny|100/100
|switch|p2a: Sneasler|Sneasler, L50, M|100/100
|switch|p2b: Kingambit|Kingambit, L50, F|100/100
|turn|1
|inactive|joethefenix has 30 seconds left.
|inactive|ispoke2soon has 30 seconds left.
|inactive|ispoke2soon has 20 seconds left.
|inactive|ispoke2soon has 15 seconds left.
|inactive|ispoke2soon has 10 seconds left.
|
|t:|1785595974
|move|p1b: Gates MK II|Protect|p1b: Gates MK II
|-singleturn|p1b: Gates MK II|Protect
|move|p2a: Sneasler|Fake Out|p1a: Brother Grimm
|-damage|p1a: Brother Grimm|85/100
|cant|p1a: Brother Grimm|flinch
|move|p2b: Kingambit|Swords Dance|p2b: Kingambit
|-boost|p2b: Kingambit|atk|2
|
|upkeep
|turn|2
|
|t:|1785595991
|move|p2a: Sneasler|Protect|p2a: Sneasler
|-singleturn|p2a: Sneasler|Protect
|move|p1a: Brother Grimm|Reflect|p1a: Brother Grimm
|-sidestart|p1: joethefenix|Reflect
|move|p1b: Gates MK II|Dragon Pulse|p2a: Sneasler
|-activate|p2a: Sneasler|move: Protect
|move|p2b: Kingambit|Swords Dance|p2b: Kingambit
|-boost|p2b: Kingambit|atk|2
|
|upkeep
|turn|3
|inactive|ispoke2soon has 30 seconds left.
|
|t:|1785596021
|move|p1b: Gates MK II|Protect|p1b: Gates MK II
|-singleturn|p1b: Gates MK II|Protect
|move|p2a: Sneasler|Gunk Shot|p1a: Brother Grimm
|-supereffective|p1a: Brother Grimm|1
|-damage|p1a: Brother Grimm|0 fnt
|faint|p1a: Brother Grimm
|move|p2b: Kingambit|Kowtow Cleave|p1b: Gates MK II
|-activate|p1b: Gates MK II|move: Protect
|
|upkeep
|
|t:|1785596032
|switch|p1a: Birb Up|Pelipper, L50, F, shiny|100/100
|-weather|RainDance|[from] ability: Drizzle|[of] p1a: Birb Up
|turn|4
|
|t:|1785596045
|move|p2b: Kingambit|Sucker Punch|p1b: Gates MK II
|-damage|p1b: Gates MK II|29/100
|-ability|p1b: Gates MK II|Stamina|boost
|-boost|p1b: Gates MK II|def|1
|move|p2a: Sneasler|Close Combat|p1b: Gates MK II
|-supereffective|p1b: Gates MK II|1
|-crit|p1b: Gates MK II
|-damage|p1b: Gates MK II|0 fnt
|-unboost|p2a: Sneasler|def|1
|-unboost|p2a: Sneasler|spd|1
|faint|p1b: Gates MK II
|-enditem|p2a: Sneasler|White Herb
|-clearnegativeboost|p2a: Sneasler|[silent]
|move|p1a: Birb Up|Weather Ball|p2b: Kingambit
|-damage|p2b: Kingambit|47/100
|
|-weather|RainDance|[upkeep]
|upkeep
|
|t:|1785596060
|switch|p1b: Swamp Thang|Swampert, L50, F, shiny|100/100
|turn|5
|
|t:|1785596075
|move|p1b: Swamp Thang|Protect|p1b: Swamp Thang
|-singleturn|p1b: Swamp Thang|Protect
|move|p2b: Kingambit|Protect|p2b: Kingambit
|-singleturn|p2b: Kingambit|Protect
|move|p2a: Sneasler|Close Combat|p1b: Swamp Thang
|-activate|p1b: Swamp Thang|move: Protect
|move|p1a: Birb Up|Weather Ball|p2b: Kingambit
|-activate|p2b: Kingambit|move: Protect
|
|-weather|RainDance|[upkeep]
|upkeep
|turn|6
|inactive|ispoke2soon has 30 seconds left.
|inactive|ispoke2soon has 20 seconds left.
|inactive|ispoke2soon has 15 seconds left.
|
|t:|1785596117
|detailschange|p1b: Swamp Thang|Swampert-Mega, L50, F, shiny
|-mega|p1b: Swamp Thang|Swampert|Swampertite
|move|p2b: Kingambit|Sucker Punch||[still]
|-fail|p2b: Kingambit
|move|p2a: Sneasler|Close Combat|p1b: Swamp Thang
|-damage|p1b: Swamp Thang|63/100
|-unboost|p2a: Sneasler|def|1
|-unboost|p2a: Sneasler|spd|1
|move|p1b: Swamp Thang|Earthquake|p2b: Kingambit|[spread] p2a,p2b
|-immune|p1a: Birb Up
|-supereffective|p2a: Sneasler|1
|-supereffective|p2b: Kingambit|1
|-damage|p2a: Sneasler|0 fnt
|-damage|p2b: Kingambit|0 fnt
|faint|p2a: Sneasler
|faint|p2b: Kingambit
|move|p1a: Birb Up|Tailwind|p1a: Birb Up
|-sidestart|p1: joethefenix|move: Tailwind
|
|-weather|RainDance|[upkeep]
|upkeep
|
|t:|1785596121
|switch|p2a: Froslass|Froslass, L50, F|100/100
|switch|p2b: Lycanroc|Lycanroc-Dusk, L50, M, shiny|100/100
|turn|7
|
|t:|1785596140
|detailschange|p2a: Froslass|Froslass-Mega, L50, F
|-mega|p2a: Froslass|Froslass|Froslassite
|-weather|Snowscape|[from] ability: Snow Warning|[of] p2a: Froslass
|move|p1b: Swamp Thang|Earthquake|p2b: Lycanroc|[spread] p2a,p2b
|-immune|p1a: Birb Up
|-supereffective|p2b: Lycanroc|1
|-damage|p2a: Froslass|58/100
|-enditem|p2b: Lycanroc|Focus Sash
|-damage|p2b: Lycanroc|1/100
|move|p1a: Birb Up|Weather Ball|p2b: Lycanroc
|-damage|p2b: Lycanroc|0 fnt
|faint|p2b: Lycanroc
|move|p2a: Froslass|Blizzard|p1b: Swamp Thang|[spread] p1a,p1b
|-damage|p1a: Birb Up|45/100
|-damage|p1b: Swamp Thang|20/100y
|-status|p1b: Swamp Thang|frz
|-enditem|p1a: Birb Up|Sitrus Berry|[eat]
|-heal|p1a: Birb Up|69/100|[from] item: Sitrus Berry
|
|-weather|Snowscape|[upkeep]
|upkeep
|turn|8
|inactive|joethefenix has 30 seconds left.
|
|t:|1785596170
|-curestatus|p1b: Swamp Thang|frz|[msg]
|move|p1b: Swamp Thang|Earthquake|p2a: Froslass|[spread] p2a
|-immune|p1a: Birb Up
|-damage|p2a: Froslass|13/100
|move|p1a: Birb Up|Weather Ball|p2a: Froslass
|-resisted|p2a: Froslass|1
|-damage|p2a: Froslass|0 fnt
|faint|p2a: Froslass
|
|win|joethefenix
||ispoke2soon is ready for game 2.
|inactive|joethefenix has 30 seconds to confirm battle start!
||joethefenix is ready for game 2.
|uhtml|next|Next: Game 2 of 3
|l|☆ispoke2soon
|player|p2|
|j|☆ispoke2soon
|player|p2|ispoke2soon|266|
|l|☆ispoke2soon
|player|p2|
