|j|☆Sabis RPPLF
|j|☆artymasion
|html|Sabis RPPLFartymasion    
|uhtml|bestof|Game 1 of a best-of-3
|t:|1782336804
|gametype|doubles
|player|p1|Sabis RPPLF|ltsurge|
|player|p2|artymasion|#ndwcvfrance|
|gen|9
|tier|[Gen 9 Champions] VGC 2026 Reg M-B (Bo3)
|rule|Species Clause: Limit one of each Pokémon
|rule|Item Clause: Limit 1 of each item
|clearpoke
|poke|p1|Staraptor, L50, M, shiny|
|poke|p1|Farigiraf, L50, M|
|poke|p1|Mawile, L50, F|
|poke|p1|Sableye, L50, F, shiny|
|poke|p1|Torkoal, L50, F|
|poke|p1|Garchomp, L50, M|
|poke|p2|Scrafty, L50, F|
|poke|p2|Gholdengo, L50|
|poke|p2|Aerodactyl, L50, M|
|poke|p2|Garchomp, L50, M|
|poke|p2|Ninetales-Alola, L50, F|
|poke|p2|Sylveon, L50, F|
|teampreview|4
|showteam|p1|Staraptor||ChoiceScarf|Intimidate|FinalGambit,BraveBird,CloseCombat,Uturn|Jolly||M|||50|]Farigiraf||SitrusBerry|ArmorTail|Psychic,Thunderbolt,TrickRoom,Protect|Modest||M|||50|]Mawile||Mawilite|Intimidate|PlayRough,SuckerPunch,IronHead,Protect|Brave||F|||50|]Sableye||FocusSash|Prankster|Quash,FakeOut,WillOWisp,Encore|Impish||F|||50|]Torkoal||Charcoal|Drought|Eruption,EarthPower,HeatWave,Protect|Quiet||F|||50|]Garchomp||LifeOrb|RoughSkin|Earthquake,RockSlide,DragonClaw,Protect|Jolly||M|||50|
|showteam|p2|Scrafty||Scraftinite|Intimidate|DrainPunch,SwordsDance,KnockOff,FakeOut|Adamant||F|||50|]Gholdengo||ChoiceScarf|GoodasGold|MakeItRain,SteelBeam,ShadowBall,PowerGem|Modest|||||50|]Aerodactyl||FocusSash|Unnerve|DualWingbeat,RockSlide,Tailwind,Protect|Jolly||M|||50|]Garchomp||RoseliBerry|RoughSkin|DragonClaw,RockSlide,PoisonJab,Earthquake|Adamant||M|||50|]Ninetales-Alola||LightClay|SnowWarning|AuroraVeil,IcyWind,Encore,Blizzard|Timid||F|||50|]Sylveon||LifeOrb|Pixilate|HyperBeam,HyperVoice,QuickAttack,Detect|Modest||F|||50|
|c|☆Sabis RPPLF|Gl hf
|c|☆Sabis RPPLF|Content de voir que je ne me suis pas fail sur le format
|j| Sulfura152
|j| Maki-kata
|j| Bastien_YG
|j| Trigazelli
|j| yovan
|j| bogi2b
|l| Maki-kata
|
|t:|1782336950
|teamsize|p1|4
|teamsize|p2|4
|start
|switch|p1a: Coucou|Staraptor, L50, M, shiny|100/100
|switch|p1b: Ishtar|Sableye, L50, F, shiny|100/100
|switch|p2a: maison|Ninetales-Alola, L50, F|100/100
|switch|p2b: hasbulza|Garchomp, L50, M|100/100
|-ability|p1a: Coucou|Intimidate|boost
|-unboost|p2a: maison|atk|1
|-unboost|p2b: hasbulza|atk|1
|-weather|Snowscape|[from] ability: Snow Warning|[of] p2a: maison
|turn|1
|j| Themagiclicorne
|c| Themagiclicorne|ALLAIENT ARTY
|j| Patatex
|
|t:|1782337016
|switch|p2b: avis sur remysse|Gholdengo, L50|100/100
|move|p1b: Ishtar|Will-O-Wisp|p2b: avis sur remysse
|-immune|p2b: avis sur remysse|[from] ability: Good as Gold
|move|p1a: Coucou|Final Gambit|p2a: maison
|-damage|p2a: maison|0 fnt
|faint|p1a: Coucou
|faint|p2a: maison
|
|-weather|Snowscape|[upkeep]
|upkeep
|
|t:|1782337050
|switch|p2a: patatexman|Scrafty, L50, F|100/100
|switch|p1a: Bruce|Garchomp, L50, M|100/100
|-ability|p2a: patatexman|Intimidate|boost
|-unboost|p1a: Bruce|atk|1
|-unboost|p1b: Ishtar|atk|1
|turn|2
|l| Patatex
|j| Frankl1♥
|
|t:|1782337118
|detailschange|p2a: patatexman|Scrafty-Mega, L50, F
|-mega|p2a: patatexman|Scrafty|Scraftinite
|-ability|p2a: patatexman|Intimidate|boost
|-unboost|p1a: Bruce|atk|1
|-unboost|p1b: Ishtar|atk|1
|move|p2a: patatexman|Fake Out|p1a: Bruce
|-damage|p1a: Bruce|85/100
|-damage|p2a: patatexman|88/100|[from] ability: Rough Skin|[of] p1a: Bruce
|move|p1b: Ishtar|Will-O-Wisp|p2a: patatexman
|-hint|Since gen 7, Dark is immune to Prankster moves.
|-immune|p2a: patatexman
|move|p2b: avis sur remysse|Make It Rain|p1a: Bruce|[spread] p1a,p1b
|-damage|p1a: Bruce|31/100
|-damage|p1b: Ishtar|19/100
|-unboost|p2b: avis sur remysse|spa|2
|cant|p1a: Bruce|flinch
|
|-weather|Snowscape|[upkeep]
|upkeep
|turn|3
|c|☆Sabis RPPLF|Java oublié
|l| yovan
|c|☆Sabis RPPLF|Mais j'oublie souvent quand même
|c| Sulfura152|happens tkt
|c| Sulfura152|concentre toi
|
|t:|1782337165
|move|p1b: Ishtar|Quash|p2b: avis sur remysse
|-immune|p2b: avis sur remysse|[from] ability: Good as Gold
|move|p2b: avis sur remysse|Make It Rain|p1a: Bruce|[spread] p1a,p1b
|-damage|p1a: Bruce|1/100
|-damage|p1b: Ishtar|0 fnt
|-unboost|p2b: avis sur remysse|spa|2
|faint|p1b: Ishtar
|move|p1a: Bruce|Earthquake|p2b: avis sur remysse|[spread] p2a,p2b
|-supereffective|p2b: avis sur remysse|1
|-damage|p2a: patatexman|62/100
|-damage|p2b: avis sur remysse|41/100
|-damage|p1a: Bruce|0 fnt|[from] item: Life Orb
|faint|p1a: Bruce
|move|p2a: patatexman|Swords Dance|p2a: patatexman
|-boost|p2a: patatexman|atk|2
|
|-weather|Snowscape|[upkeep]
|upkeep
|c|☆artymasion|pas mal
|
|t:|1782337173
|switch|p1a: Chompette|Mawile, L50, F|100/100
|-ability|p1a: Chompette|Intimidate|boost
|-unboost|p2a: patatexman|atk|1
|-unboost|p2b: avis sur remysse|atk|1
|turn|4
|c| Frankl1♥|avis
|
|t:|1782337189
|detailschange|p1a: Chompette|Mawile-Mega, L50, F
|-mega|p1a: Chompette|Mawile|Mawilite
|move|p2b: avis sur remysse|Make It Rain|p1a: Chompette
|-damage|p1a: Chompette|69/100
|-unboost|p2b: avis sur remysse|spa|2
|move|p2a: patatexman|Drain Punch|p1a: Chompette
|-damage|p1a: Chompette|8/100
|-heal|p2a: patatexman|96/100|[from] drain|[of] p1a: Chompette
|move|p1a: Chompette|Play Rough|p2a: patatexman|[miss]
|-miss|p1a: Chompette|p2a: patatexman
|
|-weather|Snowscape|[upkeep]
|upkeep
|turn|5
|
|t:|1782337204
|move|p1a: Chompette|Sucker Punch|p2b: avis sur remysse
|-supereffective|p2b: avis sur remysse|1
|-damage|p2b: avis sur remysse|0 fnt
|faint|p2b: avis sur remysse
|move|p2a: patatexman|Drain Punch|p1a: Chompette
|-damage|p1a: Chompette|0 fnt
|-heal|p2a: patatexman|100/100|[from] drain|[of] p1a: Chompette
|faint|p1a: Chompette
|
|win|artymasion
||Sabis RPPLF is ready for game 2.
|inactive|artymasion has 30 seconds to confirm battle start!
||artymasion is ready for game 2.
|uhtml|next|Next: Game 2 of 3
|l| Themagiclicorne
|l| bogi2b
|j| kthuloutre
|l| kthuloutre
|j| Kindyy
|l| Frankl1♥
|l| Trigazelli
|j| Frankl1♥
|j| seriflor
|l| seriflor
|l| Kindyy
|l|☆artymasion
|player|p2|
