|j|â˜†MasterSkillsalt
|j|â˜†PsychedelicDawgII
|html|MasterSkillsaltPsychedelicDawgII    
|uhtml|bestof|Game 3 of a best-of-3
|t:|1784077866
|gametype|doubles
|player|p1|MasterSkillsalt|2|
|player|p2|PsychedelicDawgII|clerk|
|gen|9
|tier|[Gen 9 Champions] VGC 2026 Reg M-B (Bo3)
|rule|Species Clause: Limit one of each PokÃ©mon
|rule|Item Clause: Limit 1 of each item
|clearpoke
|poke|p1|Sceptile, L50, M|
|poke|p1|Archaludon, L50, M|
|poke|p1|Starmie, L50|
|poke|p1|Liepard, L50, F|
|poke|p1|Politoed, L50, M|
|poke|p1|Zoroark, L50, F|
|poke|p2|Dragapult, L50, M|
|poke|p2|Pinsir, L50, M|
|poke|p2|Volcarona, L50, M|
|poke|p2|Grimmsnarl, L50, M|
|poke|p2|Tyranitar, L50, F|
|poke|p2|Toxicroak, L50, F|
|teampreview|4
|showteam|p1|Sceptile||SitrusBerry|Unburden|LeafStorm,DragonPulse,EarthPower,ShedTail|Modest||M|||50|]Archaludon||ShellBell|Stamina|FlashCannon,ElectroShot,DracoMeteor,Protect|Modest||M|||50|]Starmie||Starminite|NaturalCure|AquaJet,Protect,Liquidation,IceSpinner|Adamant|||||50|]Liepard||FocusSash|Prankster|Encore,Charm,FakeOut,KnockOff|Jolly||F|||50|]Politoed||Leftovers|Drizzle|WeatherBall,PerishSong,Protect,IcyWind|Bold||M|||50|]Zoroark||BrightPowder|Illusion|RainDance,NastyPlot,Taunt,NightDaze|Timid||F|||50|
|showteam|p2|Dragapult||ChoiceScarf|Infiltrator|Thunder,ShadowBall,DracoMeteor,Uturn|Modest||M|||50|]Pinsir||Pinsirite|HyperCutter|Protect,BodySlam,CloseCombat,Feint|Jolly||M|||50|]Volcarona||Leftovers|FlameBody|Protect,QuiverDance,HeatWave,GigaDrain|Modest||M|||50|]Grimmsnarl||LightClay|Prankster|FakeOut,LightScreen,PartingShot,SpiritBreak|Adamant||M|||50|]Tyranitar||Tyranitarite|SandStream|Protect,Superpower,KnockOff,Earthquake|Brave||F|||50|]Toxicroak||LifeOrb|DrySkin|LowKick,SuckerPunch,PoisonJab,FakeOut|Adamant||F|||50|
|j| bphind722
|l| bphind722
|j| applejuice1738
|
|t:|1784077989
|teamsize|p1|4
|teamsize|p2|4
|start
|switch|p1a: zoroak|Politoed, L50, M|100/100
|switch|p1b: zoraok|Sceptile, L50, M|100/100
|switch|p2a: Lockheed|Dragapult, L50, M|100/100
|switch|p2b: The Greek|Grimmsnarl, L50, M|100/100
|-weather|RainDance|[from] ability: Drizzle|[of] p1a: zoroak
|turn|1
|
|t:|1784078014
|switch|p1b: the second tower|Archaludon, L50, M|100/100
|move|p2b: The Greek|Fake Out|p1b: the second tower
|-resisted|p1b: the second tower|1
|-damage|p1b: the second tower|94/100
|-ability|p1b: the second tower|Stamina|boost
|-boost|p1b: the second tower|def|1
|move|p2a: Lockheed|Thunder|p1a: zoroak
|-supereffective|p1a: zoroak|1
|-damage|p1a: zoroak|35/100
|-status|p1a: zoroak|par
|move|p1a: zoroak|Icy Wind|p2a: Lockheed|[spread] p2a,p2b
|-supereffective|p2a: Lockheed|1
|-damage|p2a: Lockheed|74/100
|-damage|p2b: The Greek|90/100
|-unboost|p2a: Lockheed|spe|1
|-unboost|p2b: The Greek|spe|1
|
|-weather|RainDance|[upkeep]
|-heal|p1a: zoroak|41/100 par|[from] item: Leftovers
|upkeep
|turn|2
|
|t:|1784078076
|switch|p2a: Corona|Volcarona, L50, M|100/100
|switch|p1a: zoraok|Sceptile, L50, M|100/100
|move|p2b: The Greek|Light Screen|p2b: The Greek
|-sidestart|p2: PsychedelicDawgII|move: Light Screen
|move|p1b: the second tower|Draco Meteor|p2a: Corona
|-damage|p2a: Corona|57/100
|-unboost|p1b: the second tower|spa|2
|-heal|p1b: the second tower|100/100|[from] item: Shell Bell|[of] p2a: Corona
|
|-weather|RainDance|[upkeep]
|-heal|p2a: Corona|64/100|[from] item: Leftovers
|upkeep
|turn|3
|
|t:|1784078125
|move|p2a: Corona|Protect|p2a: Corona
|-singleturn|p2a: Corona|Protect
|move|p1a: zoraok|Shed Tail|p1a: zoraok
|-start|p1a: zoraok|Substitute|[from] move: Shed Tail
|-damage|p1a: zoraok|49/100
|-enditem|p1a: zoraok|Sitrus Berry|[eat]
|-heal|p1a: zoraok|74/100|[from] item: Sitrus Berry
|
|t:|1784078132
|switch|p1a: not zoroak|Starmie, L50|100/100|[from] Shed Tail
|move|p1b: the second tower|Electro Shot||[still]
|-prepare|p1b: the second tower|Electro Shot
|-boost|p1b: the second tower|spa|1
|-anim|p1b: the second tower|Electro Shot|p2a: Corona
|-activate|p2a: Corona|move: Protect
|move|p2b: The Greek|Spirit Break|p1a: not zoroak
|-end|p1a: not zoroak|Substitute
|
|-weather|RainDance|[upkeep]
|-heal|p2a: Corona|70/100|[from] item: Leftovers
|upkeep
|turn|4
|
|t:|1784078184
|detailschange|p1a: not zoroak|Starmie-Mega, L50
|-mega|p1a: not zoroak|Starmie|Starminite
|move|p2b: The Greek|Parting Shot|p1a: not zoroak
|-unboost|p1a: not zoroak|atk|1
|-unboost|p1a: not zoroak|spa|1
|
|t:|1784078190
|switch|p2b: Lockheed|Dragapult, L50, M|74/100|[from] Parting Shot
|move|p1a: not zoroak|Liquidation|p2a: Corona
|-supereffective|p2a: Corona|1
|-damage|p2a: Corona|0 fnt
|-status|p1a: not zoroak|brn|[from] ability: Flame Body|[of] p2a: Corona
|faint|p2a: Corona
|move|p1b: the second tower|Electro Shot||[still]
|-prepare|p1b: the second tower|Electro Shot
|-boost|p1b: the second tower|spa|1
|-anim|p1b: the second tower|Electro Shot|p2b: Lockheed
|-resisted|p2b: Lockheed|1
|-damage|p2b: Lockheed|52/100
|
|-weather|RainDance|[upkeep]
|-damage|p1a: not zoroak|94/100 brn|[from] brn
|upkeep
|
|t:|1784078210
|switch|p2a: The Greek|Grimmsnarl, L50, M|90/100
|turn|5
|
|t:|1784078233
|switch|p1a: zoroak|Politoed, L50, M|41/100 par
|move|p2a: The Greek|Fake Out|p1a: zoroak
|-damage|p1a: zoroak|28/100 par
|move|p2b: Lockheed|Draco Meteor|p1b: the second tower
|-damage|p1b: the second tower|13/100
|-unboost|p2b: Lockheed|spa|2
|-ability|p1b: the second tower|Stamina|boost
|-boost|p1b: the second tower|def|1
|move|p1b: the second tower|Draco Meteor|p2b: Lockheed|[miss]
|-miss|p1b: the second tower|p2b: Lockheed
|
|-weather|none
|-heal|p1a: zoroak|35/100 par|[from] item: Leftovers
|upkeep
|turn|6
|
|t:|1784078295
|switch|p2b: Pinsler|Pinsir, L50, M|100/100
|switch|p1a: zoraok|Sceptile, L50, M|74/100
|move|p1b: the second tower|Protect|p1b: the second tower
|-singleturn|p1b: the second tower|Protect
|move|p2a: The Greek|Spirit Break|p1b: the second tower
|-activate|p1b: the second tower|move: Protect
|
|upkeep
|turn|7
|j| PJG4487
|
|t:|1784078401
|detailschange|p2b: Pinsler|Pinsir-Mega, L50, M
|-mega|p2b: Pinsler|Pinsir|Pinsirite
|move|p2b: Pinsler|Close Combat|p1b: the second tower
|-supereffective|p1b: the second tower|1
|-damage|p1b: the second tower|0 fnt
|-unboost|p2b: Pinsler|def|1
|-unboost|p2b: Pinsler|spd|1
|faint|p1b: the second tower
|move|p1a: zoraok|Shed Tail|p1a: zoraok
|-start|p1a: zoraok|Substitute|[from] move: Shed Tail
|-damage|p1a: zoraok|24/100
|
|t:|1784078411
|switch|p1a: not zoroak|Starmie-Mega, L50|94/100 brn|[from] Shed Tail
|move|p2a: The Greek|Spirit Break|p1a: not zoroak
|-end|p1a: not zoroak|Substitute
|
|-damage|p1a: not zoroak|88/100 brn|[from] brn
|upkeep
|
|t:|1784078419
|switch|p1b: zoroak|Politoed, L50, M|35/100 par
|-weather|RainDance|[from] ability: Drizzle|[of] p1b: zoroak
|turn|8
|
|t:|1784078473
|move|p2b: Pinsler|Protect|p2b: Pinsler
|-singleturn|p2b: Pinsler|Protect
|move|p1a: not zoroak|Liquidation|p2a: The Greek
|-damage|p2a: The Greek|10/100
|move|p2a: The Greek|Spirit Break|p1b: zoroak
|-damage|p1b: zoroak|3/100 par
|-unboost|p1b: zoroak|spa|1
|cant|p1b: zoroak|par
|
|-weather|RainDance|[upkeep]
|-heal|p1b: zoroak|9/100 par|[from] item: Leftovers
|-damage|p1a: not zoroak|82/100 brn|[from] brn
|upkeep
|turn|9
|c| PJG4487|L para
|c|â˜†MasterSkillsalt|ligma
|c|â˜†MasterSkillsalt|pj we are speed tied
|c| applejuice1738|PARA GOAT STFU SKOOGE
|c| applejuice1738|HE DID HIS BEST
|
|t:|1784078533
|move|p1a: not zoroak|Protect|p1a: not zoroak
|-singleturn|p1a: not zoroak|Protect
|move|p2b: Pinsler|Body Slam|p1a: not zoroak
|-activate|p1a: not zoroak|move: Protect
|move|p2a: The Greek|Spirit Break|p1b: zoroak
|-damage|p1b: zoroak|0 fnt
|faint|p1b: zoroak
|
|-weather|RainDance|[upkeep]
|-damage|p1a: not zoroak|76/100 brn|[from] brn
|-sideend|p2: PsychedelicDawgII|move: Light Screen
|upkeep
|c| applejuice1738|RIP
|c| applejuice1738|RIP
|c| applejuice1738|RIP
|
|t:|1784078544
|switch|p1b: zoraok|Sceptile, L50, M|24/100
|turn|10
|
|t:|1784078651
|move|p2b: Pinsler|Feint|p1b: zoraok
|-supereffective|p1b: zoraok|1
|-damage|p1b: zoraok|0 fnt
|faint|p1b: zoraok
|move|p1a: not zoroak|Liquidation|p2b: Pinsler
|-crit|p2b: Pinsler
|-damage|p2b: Pinsler|0 fnt
|faint|p2b: Pinsler
|move|p2a: The Greek|Spirit Break|p1a: not zoroak
|-damage|p1a: not zoroak|23/100 brn
|-unboost|p1a: not zoroak|spa|1
|
|-weather|RainDance|[upkeep]
|-damage|p1a: not zoroak|17/100 brn|[from] brn
|upkeep
|l| PJG4487
|
|t:|1784078662
|switch|p2b: Lockheed|Dragapult, L50, M|52/100
|turn|11
|
|t:|1784078674
|move|p1a: not zoroak|Aqua Jet|p2a: The Greek
|-damage|p2a: The Greek|0 fnt
|faint|p2a: The Greek
|move|p2b: Lockheed|Shadow Ball|p1a: not zoroak
|-supereffective|p1a: not zoroak|1
|-damage|p1a: not zoroak|0 fnt
|faint|p1a: not zoroak
|
|win|PsychedelicDawgII
