|j|☆thebeast4895
|j|☆CamronVGC
|html|thebeast4895CamronVGC    
|uhtml|bestof|Game 2 of a best-of-3
|t:|1783367882
|gametype|doubles
|player|p1|thebeast4895|101|1219
|player|p2|CamronVGC|koga|1186
|gen|9
|tier|[Gen 9 Champions] VGC 2026 Reg M-B (Bo3)
|rated|
|rule|Species Clause: Limit one of each Pokémon
|rule|Item Clause: Limit 1 of each item
|clearpoke
|poke|p1|Tsareena, L50, F, shiny|
|poke|p1|Kingambit, L50, F, shiny|
|poke|p1|Delphox, L50, F, shiny|
|poke|p1|Raichu, L50, M|
|poke|p1|Incineroar, L50, M|
|poke|p1|Maushold-Four, L50|
|poke|p2|Floette-Eternal, L50, F|
|poke|p2|Aerodactyl, L50, F|
|poke|p2|Garchomp, L50, M|
|poke|p2|Incineroar, L50, M|
|poke|p2|Sinistcha-Masterpiece, L50|
|poke|p2|Maushold-Four, L50|
|teampreview|4
|showteam|p1|Tsareena||WideLens|QueenlyMajesty|Protect,TripleAxel,LowKick,TropKick|Adamant||F|||50|]Kingambit||FocusSash|Defiant|LowKick,IronHead,KowtowCleave,SuckerPunch|Adamant||F|||50|]Delphox||Delphoxite|Blaze|Protect,NastyPlot,HeatWave,Psychic|Timid||F|||50|]Raichu||RaichuniteY|LightningRod|FakeOut,ZapCannon,FocusBlast,Protect|Modest||M|||50|]Incineroar||SitrusBerry|Intimidate|FakeOut,FlareBlitz,DarkestLariat,PartingShot|Adamant||M|||50|]Maushold-Four||ChopleBerry|FriendGuard|Protect,FollowMe,Taunt,Feint|Jolly|||||50|
|showteam|p2|Floette-Eternal||Floettite|FlowerVeil|Protect,DazzlingGleam,Moonblast,CalmMind|Bold||F|||50|]Aerodactyl||Aerodactylite|Unnerve|Protect,Tailwind,DualWingbeat,RockSlide|Jolly||F|||50|]Garchomp||SitrusBerry|RoughSkin|Protect,DragonClaw,StompingTantrum,RockSlide|Adamant||M|||50|]Incineroar||PasshoBerry|Intimidate|FlareBlitz,ThroatChop,PartingShot,FakeOut|Careful||M|||50|]Sinistcha-Masterpiece||KasibBerry|Hospitality|Protect,RagePowder,MatchaGotcha,LifeDew|Bold|||||50|]Maushold-Four||FocusSash|FriendGuard|Protect,FollowMe,SuperFang,Feint|Timid|||||50|
|inactive|Battle timer is ON: inactive players will automatically lose when time's up. (requested by CamronVGC)
|inactive|thebeast4895 has 60 seconds left.
|
|t:|1783367915
|teamsize|p1|4
|teamsize|p2|4
|start
|switch|p1a: Tsareena|Tsareena, L50, F, shiny|100/100
|switch|p1b: Delphox|Delphox, L50, F, shiny|100/100
|switch|p2a: Floette|Floette-Eternal, L50, F|100/100
|switch|p2b: Aerodactyl|Aerodactyl, L50, F|100/100
|-ability|p2b: Aerodactyl|Unnerve
|turn|1
|inactive|CamronVGC has 30 seconds left.
|
|t:|1783367946
|switch|p1b: Maushold|Maushold-Four, L50|100/100
|switch|p2a: Incineroar|Incineroar, L50, M|100/100
|-ability|p2a: Incineroar|Intimidate|boost
|-unboost|p1a: Tsareena|atk|1
|-unboost|p1b: Maushold|atk|1
|move|p2b: Aerodactyl|Dual Wingbeat|p1a: Tsareena
|-supereffective|p1a: Tsareena|1
|-damage|p1a: Tsareena|69/100
|-supereffective|p1a: Tsareena|1
|-damage|p1a: Tsareena|40/100
|-hitcount|p1a: Tsareena|2
|move|p1a: Tsareena|Triple Axel|p2b: Aerodactyl
|-supereffective|p2b: Aerodactyl|1
|-damage|p2b: Aerodactyl|83/100
|-supereffective|p2b: Aerodactyl|1
|-damage|p2b: Aerodactyl|47/100
|-supereffective|p2b: Aerodactyl|1
|-damage|p2b: Aerodactyl|1/100
|-hitcount|p2b: Aerodactyl|3
|
|upkeep
|turn|2
|inactive|CamronVGC has 30 seconds left.
|
|t:|1783367973
|switch|p2b: Garchomp|Garchomp, L50, M|100/100
|switch|p1a: Incineroar|Incineroar, L50, M|100/100
|-ability|p1a: Incineroar|Intimidate|boost
|-unboost|p2a: Incineroar|atk|1
|-unboost|p2b: Garchomp|atk|1
|move|p1b: Maushold|Feint|p2b: Garchomp
|-damage|p2b: Garchomp|95/100
|move|p2a: Incineroar|Flare Blitz|p1a: Incineroar
|-resisted|p1a: Incineroar|1
|-damage|p1a: Incineroar|89/100
|-damage|p2a: Incineroar|96/100|[from] Recoil
|
|upkeep
|turn|3
|inactive|CamronVGC has 30 seconds left.
|inactive|CamronVGC has 20 seconds left.
|inactive|CamronVGC has 15 seconds left.
|inactive|CamronVGC has 10 seconds left.
|inactive|thebeast4895 has 30 seconds left.
|
|t:|1783368032
|move|p1b: Maushold|Taunt|p2a: Incineroar
|-start|p2a: Incineroar|move: Taunt
|move|p2b: Garchomp|Rock Slide|p1b: Maushold|[spread] p1b
|-miss|p2b: Garchomp|p1a: Incineroar
|-damage|p1b: Maushold|83/100
|cant|p2a: Incineroar|move: Taunt|Parting Shot
|move|p1a: Incineroar|Parting Shot|p2b: Garchomp
|-unboost|p2b: Garchomp|atk|1
|-unboost|p2b: Garchomp|spa|1
|
|t:|1783368047
|switch|p1a: Tsareena|Tsareena, L50, F, shiny|40/100|[from] Parting Shot
|
|upkeep
|turn|4
|
|t:|1783368058
|switch|p2b: Aerodactyl|Aerodactyl, L50, F|1/100
|-ability|p2b: Aerodactyl|Unnerve
|move|p1b: Maushold|Follow Me|p1b: Maushold
|-singleturn|p1b: Maushold|move: Follow Me
|move|p1a: Tsareena|Triple Axel|p2b: Aerodactyl
|-supereffective|p2b: Aerodactyl|1
|-damage|p2b: Aerodactyl|0 fnt
|faint|p2b: Aerodactyl
|-hitcount|p2: Aerodactyl|1
|move|p2a: Incineroar|Flare Blitz|p1b: Maushold
|-damage|p1b: Maushold|44/100
|-damage|p2a: Incineroar|85/100|[from] Recoil
|
|upkeep
|
|t:|1783368070
|switch|p2b: Floette|Floette-Eternal, L50, F|100/100
|turn|5
|
|t:|1783368078
|switch|p2a: Garchomp|Garchomp, L50, M|95/100
|detailschange|p2b: Floette|Floette-Mega, L50, F
|-mega|p2b: Floette|Floette|Floettite
|-ability|p2b: Floette|Fairy Aura
|move|p1b: Maushold|Taunt|p2b: Floette
|-start|p2b: Floette|move: Taunt
|move|p2b: Floette|Dazzling Gleam|p1a: Tsareena|[spread] p1a,p1b
|-damage|p1a: Tsareena|10/100
|-damage|p1b: Maushold|0 fnt
|faint|p1b: Maushold
|move|p1a: Tsareena|Low Kick|p2a: Garchomp
|-damage|p2a: Garchomp|69/100
|-damage|p1a: Tsareena|0 fnt|[from] ability: Rough Skin|[of] p2a: Garchomp
|faint|p1a: Tsareena
|
|upkeep
|
|t:|1783368084
|switch|p1b: Incineroar|Incineroar, L50, M|89/100
|switch|p1a: Delphox|Delphox, L50, F, shiny|100/100
|-ability|p1b: Incineroar|Intimidate|boost
|-unboost|p2a: Garchomp|atk|1
|-unboost|p2b: Floette|atk|1
|turn|6
|
|t:|1783368106
|switch|p2b: Incineroar|Incineroar, L50, M|85/100
|-ability|p2b: Incineroar|Intimidate|boost
|-unboost|p1a: Delphox|atk|1
|-unboost|p1b: Incineroar|atk|1
|detailschange|p1a: Delphox|Delphox-Mega, L50, F, shiny
|-mega|p1a: Delphox|Delphox|Delphoxite
|move|p1b: Incineroar|Fake Out|p2a: Garchomp
|-damage|p2a: Garchomp|62/100
|-damage|p1b: Incineroar|76/100|[from] ability: Rough Skin|[of] p2a: Garchomp
|move|p1a: Delphox|Nasty Plot|p1a: Delphox
|-boost|p1a: Delphox|spa|2
|cant|p2a: Garchomp|flinch
|
|upkeep
|turn|7
|
|t:|1783368123
|move|p1a: Delphox|Protect|p1a: Delphox
|-singleturn|p1a: Delphox|Protect
|move|p2b: Incineroar|Fake Out|p1a: Delphox
|-activate|p1a: Delphox|move: Protect
|move|p2a: Garchomp|Stomping Tantrum|p1b: Incineroar
|-supereffective|p1b: Incineroar|1
|-damage|p1b: Incineroar|0 fnt
|faint|p1b: Incineroar
|
|upkeep
|turn|8
|
|t:|1783368134
|move|p1a: Delphox|Heat Wave|p2b: Incineroar|[spread] p2b
|-miss|p1a: Delphox|p2a: Garchomp
|-resisted|p2b: Incineroar|1
|-damage|p2b: Incineroar|52/100
|move|p2a: Garchomp|Dragon Claw|p1a: Delphox
|-damage|p1a: Delphox|58/100
|move|p2b: Incineroar|Throat Chop|p1a: Delphox
|-supereffective|p1a: Delphox|1
|-damage|p1a: Delphox|0 fnt
|faint|p1a: Delphox
|
|win|CamronVGC
||thebeast4895 is ready for game 3.
||CamronVGC is ready for game 3.
|uhtml|next|Next: Game 3 of 3
|l|☆thebeast4895
|player|p1|
