|j|☆MattyzzVGC
|j|☆iiFWM
|html|MattyzzVGCiiFWM    
|uhtml|bestof|Game 3 of a best-of-3
|t:|1755042249
|gametype|doubles
|player|p1|MattyzzVGC|ultraforestkartenvoy|1254
|player|p2|iiFWM|cyrus|1405
|gen|9
|tier|[Gen 9] VGC 2025 Reg H (Bo3)
|rated|
|rule|Species Clause: Limit one of each Pokémon
|rule|Item Clause: Limit 1 of each item
|clearpoke
|poke|p1|Dragonite, L50, M|
|poke|p1|Ursaluna-Bloodmoon, L50, M|
|poke|p1|Gholdengo, L50|
|poke|p1|Whimsicott, L50, F|
|poke|p1|Incineroar, L50, F|
|poke|p1|Annihilape, L50, F|
|poke|p2|Sneasler, L50, F|
|poke|p2|Dragapult, L50, M|
|poke|p2|Primarina, L50, F|
|poke|p2|Rillaboom, L50, M|
|poke|p2|Kingambit, L50, F|
|poke|p2|Magmar, L50, F|
|teampreview|4
|showteam|p1|Dragonite||LoadedDice|Multiscale|ScaleShot,ExtremeSpeed,Haze,Protect|||M|||50|,,,,,Fairy]Ursaluna-Bloodmoon||AssaultVest|MindsEye|BloodMoon,EarthPower,VacuumWave,HyperVoice|||M|||50|,,,,,Fire]Gholdengo||LifeOrb|GoodasGold|Protect,MakeItRain,ShadowBall,NastyPlot||||||50|,,,,,Water]Whimsicott||FocusSash|Prankster|BeatUp,Encore,Moonblast,Tailwind|||F|||50|,,,,,Ghost]Incineroar||MirrorHerb|Intimidate|FakeOut,FlareBlitz,PartingShot,KnockOff|||F|||50|,,,,,Grass]Annihilape||SafetyGoggles|Defiant|RageFist,CloseCombat,FinalGambit,Coaching|||F|||50|,,,,,Stellar
|showteam|p2|Sneasler||FocusSash|PoisonTouch|CloseCombat,DireClaw,FakeOut,Protect|||F|||50|,,,,,Stellar]Dragapult||ChoiceBand|ClearBody|DragonDarts,TeraBlast,PhantomForce,Uturn|||M|||50|,,,,,Ghost]Primarina||SitrusBerry|LiquidVoice|HyperVoice,Moonblast,Haze,Protect|||F|||50|,,,,,Water]Rillaboom||AssaultVest|GrassySurge|WoodHammer,GrassyGlide,HighHorsepower,FakeOut|||M|||50|,,,,,Fire]Kingambit||DreadPlate|Defiant|KowtowCleave,SuckerPunch,SwordsDance,Protect|||F|||50|,,,,,Ghost]Magmar||Eviolite|VitalSpirit|Overheat,WillOWisp,FollowMe,Protect|||F|||50|,,,,,Ghost
|inactive|Battle timer is ON: inactive players will automatically lose when time's up. (requested by iiFWM)
|inactive|MattyzzVGC has 60 seconds left.
|
|t:|1755042284
|teamsize|p1|4
|teamsize|p2|4
|start
|switch|p1a: Whimsicott|Whimsicott, L50, F|100/100
|switch|p1b: Annihilape|Annihilape, L50, F|100/100
|switch|p2a: Primarina|Primarina, L50, F|100/100
|switch|p2b: Dragapult|Dragapult, L50, M, shiny|100/100
|turn|1
|inactive|iiFWM has 30 seconds left.
|
|t:|1755042316
|move|p2a: Primarina|Protect|p2a: Primarina
|-singleturn|p2a: Primarina|Protect
|move|p1a: Whimsicott|Tailwind|p1a: Whimsicott
|-sidestart|p1: MattyzzVGC|move: Tailwind
|move|p1b: Annihilape|Rage Fist|p2b: Dragapult
|-supereffective|p2b: Dragapult
|-damage|p2b: Dragapult|45/100
|move|p2b: Dragapult|U-turn|p1a: Whimsicott
|-damage|p1a: Whimsicott|46/100
|
|t:|1755042328
|switch|p2b: Magmar|Magmar, L50, F, shiny|100/100|[from] U-turn
|
|upkeep
|turn|2
|inactive|MattyzzVGC has 30 seconds left.
|inactive|MattyzzVGC has 20 seconds left.
|inactive|MattyzzVGC has 15 seconds left.
|inactive|MattyzzVGC has 10 seconds left.
|inactive|MattyzzVGC has 5 seconds left.
|
|t:|1755042379
|move|p2b: Magmar|Follow Me|p2b: Magmar
|-singleturn|p2b: Magmar|move: Follow Me
|move|p1a: Whimsicott|Moonblast|p2b: Magmar
|-resisted|p2b: Magmar
|-damage|p2b: Magmar|86/100
|move|p1b: Annihilape|Final Gambit|p2b: Magmar
|-damage|p2b: Magmar|0 fnt
|faint|p1b: Annihilape
|faint|p2b: Magmar
|move|p2a: Primarina|Moonblast|p1a: Whimsicott
|-damage|p1a: Whimsicott|0 fnt
|faint|p1a: Whimsicott
|
|upkeep
|
|t:|1755042392
|switch|p1a: Ursaluna|Ursaluna-Bloodmoon, L50, M|100/100
|switch|p1b: Gholdengo|Gholdengo, L50|100/100
|switch|p2b: Sneasler|Sneasler, L50, F, shiny|100/100
|turn|3
|
|t:|1755042415
|-terastallize|p2a: Primarina|Water
|move|p2b: Sneasler|Fake Out|p1a: Ursaluna
|-damage|p1a: Ursaluna|91/100
|move|p1b: Gholdengo|Nasty Plot|p1b: Gholdengo
|-boost|p1b: Gholdengo|spa|2
|cant|p1a: Ursaluna|flinch
|move|p2a: Primarina|Hyper Voice|p1b: Gholdengo|[spread] p1a,p1b
|-supereffective|p1a: Ursaluna
|-damage|p1a: Ursaluna|22/100
|-damage|p1b: Gholdengo|51/100
|
|upkeep
|turn|4
|
|t:|1755042432
|move|p2b: Sneasler|Protect|p2b: Sneasler
|-singleturn|p2b: Sneasler|Protect
|move|p2a: Primarina|Protect|p2a: Primarina
|-singleturn|p2a: Primarina|Protect
|move|p1a: Ursaluna|Vacuum Wave|p2a: Primarina
|-activate|p2a: Primarina|move: Protect
|move|p1b: Gholdengo|Shadow Ball|p2a: Primarina
|-activate|p2a: Primarina|move: Protect
|
|-sideend|p1: MattyzzVGC|move: Tailwind
|upkeep
|turn|5
|
|t:|1755042443
|move|p1a: Ursaluna|Vacuum Wave|p2a: Primarina
|-damage|p2a: Primarina|89/100
|move|p2b: Sneasler|Close Combat|p1a: Ursaluna
|-supereffective|p1a: Ursaluna
|-damage|p1a: Ursaluna|0 fnt
|-unboost|p2b: Sneasler|def|1
|-unboost|p2b: Sneasler|spd|1
|faint|p1a: Ursaluna
|move|p1b: Gholdengo|Shadow Ball|p2a: Primarina
|-damage|p2a: Primarina|1/100
|-unboost|p2a: Primarina|spd|1
|-enditem|p2a: Primarina|Sitrus Berry|[eat]
|-heal|p2a: Primarina|26/100|[from] item: Sitrus Berry
|-damage|p1b: Gholdengo|42/100|[from] item: Life Orb
|move|p2a: Primarina|Hyper Voice|p1b: Gholdengo
|-damage|p1b: Gholdengo|0 fnt
|faint|p1b: Gholdengo
|
|win|iiFWM
|raw|MattyzzVGC's rating: 1254 → 1239(-15 for losing)
|raw|iiFWM's rating: 1405 → 1417(+12 for winning)
|l|☆MattyzzVGC
|player|p1|
