|j|☆new mental
|j|☆Beanybag
|html|new mentalBeanybag    
|uhtml|bestof|Game 2 of a best-of-3
|t:|1784375487
|gametype|doubles
|player|p1|new mental|volkner|1214
|player|p2|Beanybag|169|1142
|gen|9
|tier|[Gen 9 Champions] VGC 2026 Reg M-B (Bo3)
|rated|
|rule|Species Clause: Limit one of each Pokémon
|rule|Item Clause: Limit 1 of each item
|clearpoke
|poke|p1|Charizard, L50, M|
|poke|p1|Kingambit, L50, F|
|poke|p1|Sylveon, L50, F|
|poke|p1|Garchomp, L50, F|
|poke|p1|Aerodactyl, L50, M|
|poke|p1|Farigiraf, L50, F|
|poke|p2|Incineroar, L50, M, shiny|
|poke|p2|Scovillain, L50, F|
|poke|p2|Sinistcha, L50|
|poke|p2|Bellibolt, L50, F|
|poke|p2|Gengar, L50, F, shiny|
|poke|p2|Araquanid, L50, M, shiny|
|teampreview|4
|showteam|p1|Charizard||CharizarditeY|SolarPower|Protect,HeatWave,SolarBeam,WeatherBall|Modest||M|||50|]Kingambit||FocusSash|Defiant|IronHead,SuckerPunch,KowtowCleave,LowKick|Adamant||F|||50|]Sylveon||FairyFeather|Pixilate|Detect,HyperVoice,HyperBeam,QuickAttack|Modest||F|||50|]Garchomp||LifeOrb|RoughSkin|Protect,DragonClaw,Earthquake,RockSlide|Jolly||F|||50|]Aerodactyl||Aerodactylite|Unnerve|IceFang,RockSlide,Tailwind,DualWingbeat|Jolly||M|||50|]Farigiraf||SitrusBerry|ArmorTail|TrickRoom,Psychic,Thunderbolt,Roar|Bold||F|||50|
|showteam|p2|Incineroar||SitrusBerry|Intimidate|FakeOut,PartingShot,ThroatChop,BurningJealousy|Relaxed||M|||50|]Scovillain||Scovillainite|Moody|GigaDrain,LeechSeed,RagePowder,Protect|Calm||F|||50|]Sinistcha||FocusSash|Hospitality|MatchaGotcha,Imprison,Protect,TrickRoom|Quiet|||||50|]Bellibolt||ShucaBerry|Electromorphosis|Soak,VoltSwitch,ParabolicCharge,Protect|Relaxed||F|||50|]Gengar||Gengarite|CursedBody|GigaDrain,Substitute,Disable,Protect|Timid||F|||50|]Araquanid||Leftovers|WaterBubble|Soak,Stockpile,Infestation,Protect|Relaxed||M|||50|
|
|t:|1784375505
|teamsize|p1|4
|teamsize|p2|4
|start
|switch|p1a: Charizard|Charizard, L50, M|100/100
|switch|p1b: Sylveon|Sylveon, L50, F|100/100
|switch|p2a: SUPA SOOKA|Araquanid, L50, M, shiny|100/100
|switch|p2b: SQRTTTT|Bellibolt, L50, F|100/100
|turn|1
|
|t:|1784375535
|detailschange|p1a: Charizard|Charizard-Mega-Y, L50, M
|-mega|p1a: Charizard|Charizard|Charizardite Y
|-weather|SunnyDay|[from] ability: Drought|[of] p1a: Charizard
|move|p2a: SUPA SOOKA|Protect|p2a: SUPA SOOKA
|-singleturn|p2a: SUPA SOOKA|Protect
|move|p1a: Charizard|Heat Wave|p2a: SUPA SOOKA|[spread] 
|-activate|p2a: SUPA SOOKA|move: Protect
|-miss|p1a: Charizard|p2b: SQRTTTT
|move|p1b: Sylveon|Hyper Beam|p2b: SQRTTTT
|-damage|p2b: SQRTTTT|14/100
|-mustrecharge|p1b: Sylveon
|-start|p2b: SQRTTTT|Charge|Hyper Beam|[from] ability: Electromorphosis
|move|p2b: SQRTTTT|Volt Switch|p1a: Charizard
|-supereffective|p1a: Charizard|1
|-damage|p1a: Charizard|10/100
|-end|p2b: SQRTTTT|Charge|[silent]
|
|t:|1784375546
|switch|p2b: NONO SQUARE|Scovillain, L50, F|100/100|[from] Volt Switch
|
|-weather|SunnyDay|[upkeep]
|-ability|p2b: NONO SQUARE|Moody|boost
|-boost|p2b: NONO SQUARE|def|2
|-unboost|p2b: NONO SQUARE|atk|1
|upkeep
|turn|2
|
|t:|1784375581
|move|p1a: Charizard|Heat Wave|p2b: NONO SQUARE|[spread] p2a,p2b
|-damage|p2a: SUPA SOOKA|74/100
|-damage|p2b: NONO SQUARE|36/100
|move|p2b: NONO SQUARE|Leech Seed|p1b: Sylveon
|-start|p1b: Sylveon|move: Leech Seed
|cant|p1b: Sylveon|recharge
|move|p2a: SUPA SOOKA|Stockpile|p2a: SUPA SOOKA
|-start|p2a: SUPA SOOKA|stockpile1
|-boost|p2a: SUPA SOOKA|def|1
|-boost|p2a: SUPA SOOKA|spd|1
|
|-weather|SunnyDay|[upkeep]
|-heal|p2a: SUPA SOOKA|80/100|[from] item: Leftovers
|-damage|p1b: Sylveon|87/100|[from] Leech Seed|[of] p2b: NONO SQUARE
|-heal|p2b: NONO SQUARE|49/100|[silent]
|-ability|p2b: NONO SQUARE|Moody|boost
|-boost|p2b: NONO SQUARE|def|2
|-unboost|p2b: NONO SQUARE|spe|1
|upkeep
|turn|3
|
|t:|1784375612
|move|p2b: NONO SQUARE|Protect|p2b: NONO SQUARE
|-singleturn|p2b: NONO SQUARE|Protect
|move|p1a: Charizard|Heat Wave|p2a: SUPA SOOKA|[spread] 
|-activate|p2b: NONO SQUARE|move: Protect
|-miss|p1a: Charizard|p2a: SUPA SOOKA
|move|p1b: Sylveon|Hyper Voice|p2b: NONO SQUARE|[spread] p2a
|-activate|p2b: NONO SQUARE|move: Protect
|-damage|p2a: SUPA SOOKA|55/100
|move|p2a: SUPA SOOKA|Infestation|p1a: Charizard
|-resisted|p1a: Charizard|2
|-damage|p1a: Charizard|9/100
|-activate|p1a: Charizard|move: Infestation|[of] p2a: SUPA SOOKA
|
|-weather|SunnyDay|[upkeep]
|-heal|p2a: SUPA SOOKA|61/100|[from] item: Leftovers
|-damage|p1b: Sylveon|75/100|[from] Leech Seed|[of] p2b: NONO SQUARE
|-heal|p2b: NONO SQUARE|61/100|[silent]
|-damage|p1a: Charizard|0 fnt|[from] move: Infestation|[partiallytrapped]
|faint|p1a: Charizard
|-ability|p2b: NONO SQUARE|Moody|boost
|-boost|p2b: NONO SQUARE|atk|2
|-unboost|p2b: NONO SQUARE|def|1
|upkeep
|
|t:|1784375619
|switch|p1a: Farigiraf|Farigiraf, L50, F|100/100
|turn|4
|
|t:|1784375649
|move|p1b: Sylveon|Hyper Beam|p2a: SUPA SOOKA
|-damage|p2a: SUPA SOOKA|8/100
|-mustrecharge|p1b: Sylveon
|move|p1a: Farigiraf|Psychic|p2b: NONO SQUARE
|-damage|p2b: NONO SQUARE|31/100
|move|p2b: NONO SQUARE|Leech Seed|p1a: Farigiraf
|-start|p1a: Farigiraf|move: Leech Seed
|move|p2a: SUPA SOOKA|Soak|p1b: Sylveon
|-start|p1b: Sylveon|typechange|Water
|
|-weather|SunnyDay|[upkeep]
|-heal|p2a: SUPA SOOKA|13/100|[from] item: Leftovers
|-damage|p1b: Sylveon|62/100|[from] Leech Seed|[of] p2b: NONO SQUARE
|-heal|p2b: NONO SQUARE|44/100|[silent]
|-damage|p1a: Farigiraf|87/100|[from] Leech Seed|[of] p2b: NONO SQUARE
|-heal|p2b: NONO SQUARE|60/100|[silent]
|-ability|p2b: NONO SQUARE|Moody|boost
|-boost|p2b: NONO SQUARE|spa|2
|-unboost|p2b: NONO SQUARE|spd|1
|upkeep
|turn|5
|
|t:|1784375663
|move|p2a: SUPA SOOKA|Protect|p2a: SUPA SOOKA
|-singleturn|p2a: SUPA SOOKA|Protect
|cant|p1b: Sylveon|recharge
|move|p1a: Farigiraf|Psychic|p2b: NONO SQUARE
|-damage|p2b: NONO SQUARE|7/100
|move|p2b: NONO SQUARE|Giga Drain|p1b: Sylveon
|-supereffective|p1b: Sylveon|1
|-damage|p1b: Sylveon|0 fnt
|-heal|p2b: NONO SQUARE|40/100|[from] drain|[of] p1b: Sylveon
|faint|p1b: Sylveon
|
|-weather|none
|-heal|p2a: SUPA SOOKA|19/100|[from] item: Leftovers
|-damage|p1a: Farigiraf|75/100|[from] Leech Seed|[of] p2b: NONO SQUARE
|-heal|p2b: NONO SQUARE|56/100|[silent]
|-ability|p2b: NONO SQUARE|Moody|boost
|-boost|p2b: NONO SQUARE|spe|2
|-unboost|p2b: NONO SQUARE|spd|1
|upkeep
|
|t:|1784375666
|switch|p1b: Kingambit|Kingambit, L50, F|100/100
|turn|6
|inactive|Battle timer is ON: inactive players will automatically lose when time's up. (requested by new mental)
|
|t:|1784375707
|switch|p2a: SQRTTTT|Bellibolt, L50, F|14/100
|move|p2b: NONO SQUARE|Protect|p2b: NONO SQUARE
|-singleturn|p2b: NONO SQUARE|Protect
|move|p1b: Kingambit|Sucker Punch||[still]
|-fail|p1b: Kingambit
|move|p1a: Farigiraf|Psychic|p2a: SQRTTTT
|-damage|p2a: SQRTTTT|0 fnt
|faint|p2a: SQRTTTT
|
|-damage|p1a: Farigiraf|63/100|[from] Leech Seed|[of] p2b: NONO SQUARE
|-heal|p2b: NONO SQUARE|71/100|[silent]
|-ability|p2b: NONO SQUARE|Moody|boost
|-boost|p2b: NONO SQUARE|spd|2
|-unboost|p2b: NONO SQUARE|spe|1
|upkeep
|
|t:|1784375716
|switch|p2a: GREEN LAVA|Sinistcha, L50|100/100
|-heal|p2b: NONO SQUARE|96/100|[from] ability: Hospitality|[of] p2a: GREEN LAVA
|turn|7
|
|t:|1784375732
|detailschange|p2b: NONO SQUARE|Scovillain-Mega, L50, F
|-mega|p2b: NONO SQUARE|Scovillain|Scovillainite
|move|p2b: NONO SQUARE|Rage Powder|p2b: NONO SQUARE
|-singleturn|p2b: NONO SQUARE|move: Rage Powder
|move|p1b: Kingambit|Sucker Punch||[still]
|-fail|p1b: Kingambit
|move|p1a: Farigiraf|Psychic|p2b: NONO SQUARE
|-damage|p2b: NONO SQUARE|69/100
|-status|p1a: Farigiraf|brn|[from] ability: Spicy Spray|[of] p2b: NONO SQUARE
|move|p2a: GREEN LAVA|Trick Room|p2a: GREEN LAVA
|-fieldstart|move: Trick Room|[of] p2a: GREEN LAVA
|
|-damage|p1a: Farigiraf|50/100g brn|[from] Leech Seed|[of] p2b: NONO SQUARE
|-heal|p2b: NONO SQUARE|85/100|[silent]
|-damage|p1a: Farigiraf|45/100 brn|[from] brn
|upkeep
|-enditem|p1a: Farigiraf|Sitrus Berry|[eat]
|-heal|p1a: Farigiraf|70/100 brn|[from] item: Sitrus Berry
|turn|8
|-message|new mental forfeited.
|
|win|Beanybag
