|j|☆Gartner
|j|☆dreepy_volador1
|html|Gartnerdreepy_volador1    
|uhtml|bestof|Game 3 of a best-of-3
|t:|1755772163
|gametype|doubles
|player|p1|Gartner|alder|1130
|player|p2|dreepy_volador1|265|1239
|gen|9
|tier|[Gen 9] VGC 2025 Reg H (Bo3)
|rated|
|rule|Species Clause: Limit one of each Pokémon
|rule|Item Clause: Limit 1 of each item
|clearpoke
|poke|p1|Charizard, L50, M|
|poke|p1|Jumpluff, L50, F|
|poke|p1|Porygon2, L50|
|poke|p1|Torkoal, L50, M|
|poke|p1|Ursaluna, L50, F|
|poke|p1|Incineroar, L50, M|
|poke|p2|Dragapult, L50, F|
|poke|p2|Magmar, L50, F|
|poke|p2|Whimsicott, L50, M|
|poke|p2|Ursaluna-Bloodmoon, L50, M|
|poke|p2|Rillaboom, L50, M|
|poke|p2|Sneasler, L50, M|
|teampreview|4
|showteam|p1|Charizard||ChoiceSpecs|SolarPower|HeatWave,Overheat,WeatherBall,DragonPulse|||M|||50|,,,,,Ghost]Jumpluff||CovertCloak|Chlorophyll|RagePowder,SunnyDay,Tailwind,SleepPowder|||F|||50|,,,,,Fire]Porygon2||Eviolite|Download|TeraBlast,IceBeam,TrickRoom,Recover||||||50|,,,,,Fighting]Torkoal||EjectPack|Drought|Overheat,Eruption,HelpingHand,Protect|||M|||50|,,,,,Fire]Ursaluna||FlameOrb|Guts|HeadlongRush,Facade,Earthquake,Protect|||F|||50|,,,,,Ghost]Incineroar||SitrusBerry|Intimidate|FlareBlitz,KnockOff,FakeOut,PartingShot|||M|||50|,,,,,Ghost
|showteam|p2|Dragapult||ChoiceBand|ClearBody|DragonDarts,Uturn,PhantomForce,Outrage|||F|||50|,,,,,Dragon]Magmar||Eviolite|VitalSpirit|FollowMe,HeatWave,Taunt,WillOWisp|||F|||50|,,,,,Ghost]Whimsicott||CovertCloak|Prankster|Tailwind,Encore,Moonblast,LightScreen|||M|||50|,,,,,Dark]Ursaluna-Bloodmoon||LifeOrb|MindsEye|BloodMoon,HyperVoice,Protect,EarthPower|||M|||50|,,,,,Normal]Rillaboom||AssaultVest|GrassySurge|FakeOut,Uturn,WoodHammer,GrassyGlide|||M|||50|,,,,,Fire]Sneasler||GrassySeed|Unburden|DireClaw,CloseCombat,Coaching,FakeOut|||M|||50|,,,,,Ghost
|inactive|Battle timer is ON: inactive players will automatically lose when time's up. (requested by dreepy_volador1)
|
|t:|1755772192
|teamsize|p1|4
|teamsize|p2|4
|start
|switch|p1a: Torkoal|Torkoal, L50, M, shiny|100/100
|switch|p1b: Charizard|Charizard, L50, M, shiny|100/100
|switch|p2a: Magmar|Magmar, L50, F|100/100
|switch|p2b: Dragapult|Dragapult, L50, F|100/100
|-weather|SunnyDay|[from] ability: Drought|[of] p1a: Torkoal
|turn|1
|inactive|Gartner has 30 seconds left.
|inactive|dreepy_volador1 has 30 seconds left.
|
|t:|1755772220
|-terastallize|p2b: Dragapult|Dragon
|move|p2b: Dragapult|Outrage|p1a: Torkoal
|-damage|p1a: Torkoal|2/100
|move|p1b: Charizard|Heat Wave|p2b: Dragapult|[spread] p2a,p2b
|-resisted|p2a: Magmar
|-resisted|p2b: Dragapult
|-damage|p2a: Magmar|58/100
|-damage|p2b: Dragapult|27/100
|move|p2a: Magmar|Heat Wave|p1b: Charizard|[spread] p1a
|-miss|p2a: Magmar|p1b: Charizard
|-resisted|p1a: Torkoal
|-crit|p1a: Torkoal
|-damage|p1a: Torkoal|0 fnt
|faint|p1a: Torkoal
|
|-weather|SunnyDay|[upkeep]
|-damage|p1b: Charizard|88/100|[from] ability: Solar Power|[of] p1b: Charizard
|upkeep
|
|t:|1755772235
|switch|p1a: Jumpluff|Jumpluff, L50, F, shiny|100/100
|turn|2
|
|t:|1755772259
|move|p1a: Jumpluff|Tailwind|p1a: Jumpluff
|-sidestart|p1: Gartner|move: Tailwind
|move|p1b: Charizard|Heat Wave|p2a: Magmar|[spread] p2a,p2b
|-resisted|p2a: Magmar
|-resisted|p2b: Dragapult
|-damage|p2a: Magmar|11/100
|-damage|p2b: Dragapult|0 fnt
|faint|p2b: Dragapult
|move|p2a: Magmar|Heat Wave|p1a: Jumpluff|[spread] p1a,p1b
|-supereffective|p1a: Jumpluff
|-resisted|p1b: Charizard
|-damage|p1a: Jumpluff|18/100
|-damage|p1b: Charizard|60/100
|
|-weather|SunnyDay|[upkeep]
|-damage|p1b: Charizard|47/100|[from] ability: Solar Power|[of] p1b: Charizard
|upkeep
|
|t:|1755772272
|switch|p2b: Whimsicott|Whimsicott, L50, M|100/100
|turn|3
|
|t:|1755772292
|switch|p1a: Ursaluna|Ursaluna, L50, F, shiny|100/100
|move|p2b: Whimsicott|Tailwind|p2b: Whimsicott
|-sidestart|p2: dreepy_volador1|move: Tailwind
|move|p1b: Charizard|Heat Wave|p2a: Magmar|[spread] p2a,p2b
|-resisted|p2a: Magmar
|-supereffective|p2b: Whimsicott
|-damage|p2a: Magmar|0 fnt
|-damage|p2b: Whimsicott|0 fnt
|faint|p2a: Magmar
|faint|p2b: Whimsicott
|
|-weather|SunnyDay|[upkeep]
|-damage|p1b: Charizard|35/100|[from] ability: Solar Power|[of] p1b: Charizard
|-status|p1a: Ursaluna|brn|[from] item: Flame Orb
|upkeep
|
|t:|1755772305
|switch|p2a: Ursaluna|Ursaluna-Bloodmoon, L50, M|100/100
|turn|4
|
|t:|1755772322
|move|p2a: Ursaluna|Protect|p2a: Ursaluna
|-singleturn|p2a: Ursaluna|Protect
|move|p1b: Charizard|Heat Wave|p2a: Ursaluna
|-activate|p2a: Ursaluna|move: Protect
|move|p1a: Ursaluna|Facade|p2a: Ursaluna
|-activate|p2a: Ursaluna|move: Protect
|
|-weather|SunnyDay|[upkeep]
|-damage|p1b: Charizard|23/100|[from] ability: Solar Power|[of] p1b: Charizard
|-damage|p1a: Ursaluna|95/100 brn|[from] brn
|upkeep
|turn|5
|
|t:|1755772337
|move|p1b: Charizard|Heat Wave|p2a: Ursaluna
|-damage|p2a: Ursaluna|0 fnt
|faint|p2a: Ursaluna
|
|win|Gartner
|raw|Gartner's rating: 1130 → 1163(+33 for winning)
|raw|dreepy_volador1's rating: 1239 → 1206(-33 for losing)
