|j|☆fetru
|j|☆BIT_Snowman
|html|fetruBIT_Snowman    
|uhtml|bestof|Game 1 of a best-of-3
|t:|1784500047
|gametype|doubles
|player|p1|fetru|266|1100
|player|p2|BIT_Snowman|101|1118
|gen|9
|tier|[Gen 9 Champions] VGC 2026 Reg M-B (Bo3)
|rated|
|rule|Species Clause: Limit one of each Pokémon
|rule|Item Clause: Limit 1 of each item
|clearpoke
|poke|p1|Aerodactyl, L50, F|
|poke|p1|Sylveon, L50, F|
|poke|p1|Charizard, L50, M|
|poke|p1|Kingambit, L50, F|
|poke|p1|Farigiraf, L50, M|
|poke|p1|Garchomp, L50, M|
|poke|p2|Staraptor, L50, M|
|poke|p2|Whimsicott, L50, M|
|poke|p2|Gholdengo, L50|
|poke|p2|Garchomp, L50, F|
|poke|p2|Kingambit, L50, F|
|poke|p2|Ceruledge, L50, M|
|teampreview|4
|showteam|p1|Aerodactyl||Aerodactylite|Unnerve|RockSlide,DualWingbeat,IceFang,Tailwind|Jolly||F|||50|]Sylveon||FairyFeather|Pixilate|Detect,QuickAttack,HyperVoice,HyperBeam|Modest||F|||50|]Charizard||CharizarditeY|SolarPower|Protect,WeatherBall,SolarBeam,HeatWave|Modest||M|||50|]Kingambit||FocusSash|Defiant|LowKick,IronHead,SuckerPunch,KowtowCleave|Adamant||F|||50|]Farigiraf||SitrusBerry|ArmorTail|PsychicFangs,Thunderbolt,TrickRoom,SunnyDay|Relaxed||M|||50|]Garchomp||LifeOrb|RoughSkin|Protect,DragonClaw,StompingTantrum,Earthquake|Jolly||M|||50|
|showteam|p2|Staraptor||Staraptite|Intimidate|BraveBird,CloseCombat,Roost,Protect|Jolly||M|||50|]Whimsicott||FocusSash|Prankster|Moonblast,Tailwind,Charm,Encore|Timid||M|||50|]Gholdengo||SpellTag|GoodasGold|MakeItRain,ShadowBall,PowerGem,Protect|Modest|||||50|]Garchomp||LifeOrb|RoughSkin|Earthquake,DragonClaw,RockSlide,Protect|Jolly||F|||50|]Kingambit||ChopleBerry|Defiant|KowtowCleave,IronHead,SuckerPunch,LowKick|Adamant||F|||50|]Ceruledge||ColburBerry|FlashFire|BitterBlade,ShadowSneak,BulkUp,Protect|Adamant||M|||50|
|
|t:|1784500164
|teamsize|p1|4
|teamsize|p2|4
|start
|switch|p1a: Farigiraf|Farigiraf, L50, M|100/100
|switch|p1b: Charizard|Charizard, L50, M|100/100
|switch|p2a: Garchomp|Garchomp, L50, F|100/100
|switch|p2b: Whimsicott|Whimsicott, L50, M|100/100
|turn|1
|
|t:|1784500191
|switch|p2b: Ceruledge|Ceruledge, L50, M|100/100
|switch|p1b: Sylveon|Sylveon, L50, F|100/100
|move|p2a: Garchomp|Rock Slide|p1a: Farigiraf|[spread] p1a,p1b
|-damage|p1a: Farigiraf|80/100
|-damage|p1b: Sylveon|71/100
|-damage|p2a: Garchomp|90/100|[from] item: Life Orb
|move|p1a: Farigiraf|Trick Room|p1a: Farigiraf
|-fieldstart|move: Trick Room|[of] p1a: Farigiraf
|
|upkeep
|turn|2
|
|t:|1784500231
|move|p2a: Garchomp|Protect|p2a: Garchomp
|-singleturn|p2a: Garchomp|Protect
|move|p1a: Farigiraf|Thunderbolt|p2b: Ceruledge
|-damage|p2b: Ceruledge|76/100
|move|p1b: Sylveon|Hyper Voice|p2b: Ceruledge|[spread] p2b
|-activate|p2a: Garchomp|move: Protect
|-resisted|p2b: Ceruledge|1
|-damage|p2b: Ceruledge|55/100
|move|p2b: Ceruledge|Bitter Blade|p1b: Sylveon
|-damage|p1b: Sylveon|17/100
|-heal|p2b: Ceruledge|82/100|[from] drain|[of] p1b: Sylveon
|
|upkeep
|turn|3
|
|t:|1784500265
|switch|p2a: Whimsicott|Whimsicott, L50, M|100/100
|move|p1a: Farigiraf|Thunderbolt|p2b: Ceruledge
|-damage|p2b: Ceruledge|60/100
|move|p1b: Sylveon|Hyper Beam|p2a: Whimsicott
|-enditem|p2a: Whimsicott|Focus Sash
|-damage|p2a: Whimsicott|1/100
|-mustrecharge|p1b: Sylveon
|move|p2b: Ceruledge|Bitter Blade|p1a: Farigiraf
|-damage|p1a: Farigiraf|41/100
|-heal|p2b: Ceruledge|84/100|[from] drain|[of] p1a: Farigiraf
|-enditem|p1a: Farigiraf|Sitrus Berry|[eat]
|-heal|p1a: Farigiraf|66/100|[from] item: Sitrus Berry
|
|upkeep
|turn|4
|
|t:|1784500291
|move|p1a: Farigiraf|Psychic Fangs|p2a: Whimsicott
|-damage|p2a: Whimsicott|0 fnt
|faint|p2a: Whimsicott
|cant|p1b: Sylveon|recharge
|move|p2b: Ceruledge|Bulk Up|p2b: Ceruledge
|-boost|p2b: Ceruledge|atk|1
|-boost|p2b: Ceruledge|def|1
|
|upkeep
|
|t:|1784500303
|switch|p2a: Staraptor|Staraptor, L50, M|100/100
|-ability|p2a: Staraptor|Intimidate|boost
|-unboost|p1a: Farigiraf|atk|1
|-unboost|p1b: Sylveon|atk|1
|turn|5
|
|t:|1784500321
|switch|p1b: Charizard|Charizard, L50, M|100/100
|detailschange|p2a: Staraptor|Staraptor-Mega, L50, M
|-mega|p2a: Staraptor|Staraptor|Staraptite
|move|p2a: Staraptor|Protect|p2a: Staraptor
|-singleturn|p2a: Staraptor|Protect
|move|p1a: Farigiraf|Thunderbolt|p2a: Staraptor
|-activate|p2a: Staraptor|move: Protect
|move|p2b: Ceruledge|Bitter Blade|p1b: Charizard
|-resisted|p1b: Charizard|1
|-damage|p1b: Charizard|69/100
|-heal|p2b: Ceruledge|99/100|[from] drain|[of] p1b: Charizard
|
|-fieldend|move: Trick Room
|upkeep
|turn|6
|
|t:|1784500344
|detailschange|p1b: Charizard|Charizard-Mega-Y, L50, M
|-mega|p1b: Charizard|Charizard|Charizardite Y
|-weather|SunnyDay|[from] ability: Drought|[of] p1b: Charizard
|move|p2a: Staraptor|Close Combat|p1a: Farigiraf
|-damage|p1a: Farigiraf|24/100
|-boost|p2a: Staraptor|def|1
|-boost|p2a: Staraptor|spd|1
|move|p1b: Charizard|Weather Ball|p2a: Staraptor
|-damage|p2a: Staraptor|46/100
|move|p2b: Ceruledge|Bitter Blade|p1a: Farigiraf
|-damage|p1a: Farigiraf|0 fnt
|-heal|p2b: Ceruledge|100/100|[from] drain|[of] p1a: Farigiraf
|faint|p1a: Farigiraf
|
|-weather|SunnyDay|[upkeep]
|upkeep
|
|t:|1784500368
|switch|p1a: Kingambit|Kingambit, L50, F|100/100
|turn|7
|
|t:|1784500385
|move|p2b: Ceruledge|Shadow Sneak|p1a: Kingambit
|-resisted|p1a: Kingambit|1
|-crit|p1a: Kingambit
|-damage|p1a: Kingambit|77/100
|move|p1a: Kingambit|Sucker Punch||[still]
|-fail|p1a: Kingambit
|move|p2a: Staraptor|Close Combat|p1a: Kingambit
|-supereffective|p1a: Kingambit|2
|-damage|p1a: Kingambit|0 fnt
|-boost|p2a: Staraptor|def|1
|-boost|p2a: Staraptor|spd|1
|faint|p1a: Kingambit
|move|p1b: Charizard|Weather Ball|p2a: Staraptor
|-damage|p2a: Staraptor|4/100
|
|-weather|SunnyDay|[upkeep]
|upkeep
|
|t:|1784500399
|switch|p1a: Sylveon|Sylveon, L50, F|17/100
|turn|8
|
|t:|1784500414
|move|p1a: Sylveon|Detect|p1a: Sylveon
|-singleturn|p1a: Sylveon|Protect
|move|p2b: Ceruledge|Shadow Sneak|p1a: Sylveon
|-activate|p1a: Sylveon|move: Protect
|move|p2a: Staraptor|Brave Bird|p1b: Charizard
|-damage|p1b: Charizard|16/100
|-damage|p2a: Staraptor|0 fnt|[from] Recoil
|faint|p2a: Staraptor
|move|p1b: Charizard|Weather Ball|p2b: Ceruledge
|-start|p2b: Ceruledge|ability: Flash Fire
|
|-weather|SunnyDay|[upkeep]
|upkeep
|
|t:|1784500428
|switch|p2a: Garchomp|Garchomp, L50, F|90/100
|turn|9
|
|t:|1784500438
|move|p2b: Ceruledge|Shadow Sneak|p1a: Sylveon
|-damage|p1a: Sylveon|0 fnt
|faint|p1a: Sylveon
|move|p2a: Garchomp|Rock Slide|p1b: Charizard
|-supereffective|p1b: Charizard|2
|-damage|p1b: Charizard|0 fnt
|faint|p1b: Charizard
|-damage|p2a: Garchomp|80/100|[from] item: Life Orb
|
|win|BIT_Snowman
||fetru is ready for game 2.
|inactive|BIT_Snowman has 30 seconds to confirm battle start!
||BIT_Snowman is ready for game 2.
|uhtml|next|Next: Game 2 of 3
|l|☆BIT_Snowman
|player|p2|
