|j|☆jngldiff
|j|☆atarka511
|html|jngldiffatarka511    
|uhtml|bestof|Game 2 of a best-of-3
|t:|1756669273
|gametype|doubles
|player|p1|jngldiff|169|1219
|player|p2|atarka511|volkner|1081
|gen|9
|tier|[Gen 9] VGC 2025 Reg H (Bo3)
|rated|
|rule|Species Clause: Limit one of each Pokémon
|rule|Item Clause: Limit 1 of each item
|clearpoke
|poke|p1|Sneasler, L50, M|
|poke|p1|Dragonite, L50, M|
|poke|p1|Rillaboom, L50, M|
|poke|p1|Basculegion, L50, M|
|poke|p1|Volcarona, L50, M|
|poke|p1|Kingambit, L50, M|
|poke|p2|Palafin, L50, M|
|poke|p2|Rillaboom, L50, F|
|poke|p2|Incineroar, L50, M|
|poke|p2|Sneasler, L50, F|
|poke|p2|Annihilape, L50, F|
|poke|p2|Sylveon, L50, M|
|teampreview|4
|showteam|p1|Sneasler||FocusSash|Unburden|CloseCombat,DireClaw,Coaching,Protect|||M|||50|,,,,,Ghost]Dragonite||LoadedDice|Multiscale|ScaleShot,ExtremeSpeed,Haze,Protect|||M|||50|,,,,,Fairy]Rillaboom||MiracleSeed|GrassySurge|WoodHammer,GrassyGlide,Taunt,FakeOut|||M|||50|,,,,,Fire]Basculegion||ChoiceScarf|Adaptability|WaveCrash,FlipTurn,LastRespects,AquaJet|||M|||50|,,,,,Water]Volcarona||CovertCloak|FlameBody|HeatWave,TeraBlast,QuiverDance,Protect|||M|||50|,,,,,Fairy]Kingambit||AssaultVest|Defiant|KowtowCleave,SuckerPunch,IronHead,LowKick|||M|||50|,,,,,Dragon
|showteam|p2|Palafin||MysticWater|ZerotoHero|CloseCombat,FlipTurn,WaveCrash,Protect|||M|||50|,,,,,Grass]Rillaboom||AssaultVest|GrassySurge|FakeOut,Uturn,GrassyGlide,WoodHammer|||F|||50|,,,,,Water]Incineroar||RockyHelmet|Intimidate|FakeOut,FlareBlitz,KnockOff,Uturn|||M|||50|,,,,,Grass]Sneasler||FocusSash|Unburden|CloseCombat,FakeOut,DireClaw,Protect|||F|||50|,,,,,Stellar]Annihilape||Leftovers|Defiant|BulkUp,DrainPunch,Protect,RageFist|||F|||50|,,,,,Grass]Sylveon||GrassySeed|Pixilate|HyperVoice,Moonblast,TeraBlast,Protect|||M|||50|,,,,,Fire
|inactive|Battle timer is ON: inactive players will automatically lose when time's up. (requested by jngldiff)
|
|t:|1756669303
|teamsize|p1|4
|teamsize|p2|4
|start
|switch|p1a: Rillaboom|Rillaboom, L50, M|100/100
|switch|p1b: Volcarona|Volcarona, L50, M|100/100
|switch|p2a: Palafin|Palafin, L50, M|100/100
|switch|p2b: Rillaboom|Rillaboom, L50, F|100/100
|-fieldstart|move: Grassy Terrain|[from] ability: Grassy Surge|[of] p1a: Rillaboom
|turn|1
|inactive|jngldiff has 30 seconds left.
|inactive|jngldiff has 20 seconds left.
|inactive|jngldiff has 15 seconds left.
|inactive|jngldiff has 10 seconds left.
|
|t:|1756669349
|switch|p1a: Kingambit|Kingambit, L50, M|100/100
|move|p2a: Palafin|Protect|p2a: Palafin
|-singleturn|p2a: Palafin|Protect
|move|p1b: Volcarona|Protect|p1b: Volcarona
|-singleturn|p1b: Volcarona|Protect
|move|p2b: Rillaboom|U-turn|p1a: Kingambit
|-damage|p1a: Kingambit|83/100
|
|t:|1756669359
|switch|p2b: Sylveon|Sylveon, L50, M|100/100|[from] U-turn
|-enditem|p2b: Sylveon|Grassy Seed
|-boost|p2b: Sylveon|def|1|[from] item: Grassy Seed
|
|-heal|p1a: Kingambit|88/100|[from] Grassy Terrain
|upkeep
|turn|2
|inactive|atarka511 has 30 seconds left.
|
|t:|1756669385
|-terastallize|p1b: Volcarona|Fairy
|-terastallize|p2b: Sylveon|Fire
|move|p2a: Palafin|Flip Turn|p1a: Kingambit
|-damage|p1a: Kingambit|70/100
|
|t:|1756669392
|detailschange|p2a: Palafin|Palafin-Hero, L50, M
|switch|p2a: Rillaboom|Rillaboom, L50, F|100/100|[from] Flip Turn
|move|p1b: Volcarona|Quiver Dance|p1b: Volcarona
|-boost|p1b: Volcarona|spa|1
|-boost|p1b: Volcarona|spd|1
|-boost|p1b: Volcarona|spe|1
|move|p2b: Sylveon|Hyper Voice|p1a: Kingambit|[spread] p1a,p1b
|-damage|p1a: Kingambit|43/100
|-damage|p1b: Volcarona|77/100
|move|p1a: Kingambit|Iron Head|p2b: Sylveon
|-resisted|p2b: Sylveon
|-damage|p2b: Sylveon|82/100
|
|-heal|p1b: Volcarona|83/100|[from] Grassy Terrain
|-heal|p2b: Sylveon|89/100|[from] Grassy Terrain
|-heal|p1a: Kingambit|49/100|[from] Grassy Terrain
|upkeep
|turn|3
|inactive|jngldiff has 30 seconds left.
|
|t:|1756669420
|move|p1a: Kingambit|Sucker Punch|p2b: Sylveon
|-damage|p2b: Sylveon|60/100
|move|p1b: Volcarona|Heat Wave|p2a: Rillaboom|[spread] p2a,p2b
|-supereffective|p2a: Rillaboom
|-resisted|p2b: Sylveon
|-damage|p2a: Rillaboom|23/100
|-damage|p2b: Sylveon|42/100
|move|p2a: Rillaboom|Wood Hammer|p1b: Volcarona
|-damage|p1b: Volcarona|0 fnt
|faint|p1b: Volcarona
|-damage|p2a: Rillaboom|0 fnt|[from] Recoil
|faint|p2a: Rillaboom
|move|p2b: Sylveon|Tera Blast|p1a: Kingambit|[anim] Tera Blast Fire
|-supereffective|p1a: Kingambit
|-crit|p1a: Kingambit
|-damage|p1a: Kingambit|0 fnt
|faint|p1a: Kingambit
|
|-heal|p2b: Sylveon|48/100|[from] Grassy Terrain
|upkeep
|
|t:|1756669435
|switch|p1b: Rillaboom|Rillaboom, L50, M|100/100
|switch|p2a: Sneasler|Sneasler, L50, F|100/100
|switch|p1a: Basculegion|Basculegion, L50, M|100/100
|turn|4
|inactive|jngldiff has 30 seconds left.
|
|t:|1756669465
|move|p2b: Sylveon|Protect|p2b: Sylveon
|-singleturn|p2b: Sylveon|Protect
|move|p1a: Basculegion|Last Respects|p2b: Sylveon
|-activate|p2b: Sylveon|move: Protect
|move|p2a: Sneasler|Dire Claw|p1b: Rillaboom
|-supereffective|p1b: Rillaboom
|-damage|p1b: Rillaboom|21/100
|-status|p1b: Rillaboom|par
|move|p1b: Rillaboom|Wood Hammer|p2a: Sneasler
|-resisted|p2a: Sneasler
|-damage|p2a: Sneasler|24/100
|-damage|p1b: Rillaboom|2/100 par|[from] Recoil
|
|-heal|p2a: Sneasler|30/100|[from] Grassy Terrain
|-heal|p2b: Sylveon|54/100|[from] Grassy Terrain
|-heal|p1b: Rillaboom|8/100 par|[from] Grassy Terrain
|upkeep
|turn|5
|inactive|atarka511 has 30 seconds left.
|
|t:|1756669498
|cant|p1b: Rillaboom|par
|move|p1a: Basculegion|Last Respects|p2b: Sylveon
|-damage|p2b: Sylveon|0 fnt
|faint|p2b: Sylveon
|move|p2a: Sneasler|Dire Claw|p1a: Basculegion
|-resisted|p1a: Basculegion
|-crit|p1a: Basculegion
|-damage|p1a: Basculegion|60/100
|-status|p1a: Basculegion|par
|
|-heal|p2a: Sneasler|35/100|[from] Grassy Terrain
|-heal|p1a: Basculegion|66/100 par|[from] Grassy Terrain
|-heal|p1b: Rillaboom|14/100 par|[from] Grassy Terrain
|-fieldend|move: Grassy Terrain
|upkeep
|
|t:|1756669510
|switch|p2b: Palafin|Palafin-Hero, L50, M|100/100
|-activate|p2b: Palafin|ability: Zero to Hero
|turn|6
|
|t:|1756669523
|move|p2a: Sneasler|Dire Claw|p1b: Rillaboom
|-supereffective|p1b: Rillaboom
|-damage|p1b: Rillaboom|0 fnt
|faint|p1b: Rillaboom
|move|p2b: Palafin|Wave Crash|p1a: Basculegion
|-resisted|p1a: Basculegion
|-damage|p1a: Basculegion|11/100 par
|-damage|p2b: Palafin|83/100|[from] Recoil
|move|p1a: Basculegion|Last Respects|p2b: Palafin
|-damage|p2b: Palafin|0 fnt
|faint|p2b: Palafin
|
|upkeep
|turn|7
|
|t:|1756669534
|move|p2a: Sneasler|Dire Claw|p1a: Basculegion
|-resisted|p1a: Basculegion
|-damage|p1a: Basculegion|0 fnt
|faint|p1a: Basculegion
|
|win|atarka511
||atarka511 is ready for game 3.
||jngldiff is ready for game 3.
|uhtml|next|Next: Game 3 of 3
|l|☆atarka511
|player|p2|
|l|☆jngldiff
|player|p1|
|j|☆jngldiff
|player|p1|jngldiff|169|
