|j|â˜†ryoshino
|j|â˜†JustAddBacon
|html|ryoshinoJustAddBacon    
|uhtml|bestof|Game 1 of a best-of-3
|t:|1756604583
|gametype|doubles
|player|p1|ryoshino|2|1048
|player|p2|JustAddBacon|palmer|1056
|gen|9
|tier|[Gen 9] VGC 2025 Reg H (Bo3)
|rated|
|rule|Species Clause: Limit one of each PokÃ©mon
|rule|Item Clause: Limit 1 of each item
|clearpoke
|poke|p1|Porygon2, L50|
|poke|p1|Dragonite, L50, F|
|poke|p1|Annihilape, L50, F|
|poke|p1|Incineroar, L50, F|
|poke|p1|Ursaluna, L50, F|
|poke|p1|Amoonguss, L50, F|
|poke|p2|Grimmsnarl, L50, M|
|poke|p2|Spiritomb, L50, F|
|poke|p2|Scrafty, L50, M|
|poke|p2|Sinistcha-Masterpiece, L50|
|poke|p2|Gothitelle, L50, F|
|poke|p2|Incineroar, L50, M|
|teampreview|4
|showteam|p1|Porygon2||Eviolite|Download|TeraBlast,IceBeam,Recover,TrickRoom||||||50|,,,,,Fighting]Dragonite||LoadedDice|InnerFocus|ExtremeSpeed,ScaleShot,Tailwind,Protect|||F|||50|,,,,,Normal]Annihilape||ChoiceScarf|Defiant|RageFist,CloseCombat,FinalGambit,Coaching|||F|||50|,,,,,Fire]Incineroar||SafetyGoggles|Intimidate|FlareBlitz,KnockOff,PartingShot,FakeOut|||F|||50|,,,,,Ghost]Ursaluna||FlameOrb|Guts|Facade,HeadlongRush,Earthquake,Protect|||F|||50|,,,,,Ghost]Amoonguss||RockyHelmet|Regenerator|Spore,RagePowder,ClearSmog,PollenPuff|||F|||50|,,,,,Water
|showteam|p2|Grimmsnarl||LightClay|Prankster|SpiritBreak,LightScreen,Reflect,FakeOut|||M|||50|,,,,,Ghost]Spiritomb||Leftovers|Pressure|TrickRoom,Protect,Snarl,ShadowBall|||F|||50|,,,,,Ghost]Scrafty||SitrusBerry|Moxie|FakeOut,DrainPunch,KnockOff,Detect|||M|||50|,,,,,Poison]Sinistcha-Masterpiece||BigRoot|Hospitality|RagePowder,TrickRoom,MatchaGotcha,Scald||||||50|,,,,,Water]Gothitelle||MentalHerb|ShadowTag|FakeOut,TrickRoom,Psychic,Protect|||F|||50|,,,,,Grass]Incineroar||SafetyGoggles|Intimidate|FakeOut,PartingShot,KnockOff,FlareBlitz|||M|||50|,,,,,Water
|inactive|Battle timer is ON: inactive players will automatically lose when time's up. (requested by ryoshino)
|c|â˜†JustAddBacon|it's called Hard TR because it's really hard lmao
|inactive|ryoshino has 60 seconds left.
|inactive|JustAddBacon has 60 seconds left.
|inactive|JustAddBacon has 30 seconds left.
|inactive|JustAddBacon has 20 seconds left.
|inactive|JustAddBacon has 15 seconds left.
|inactive|JustAddBacon has 10 seconds left.
|inactive|JustAddBacon has 5 seconds left.
|
|t:|1756604674
|teamsize|p1|4
|teamsize|p2|4
|start
|switch|p1a: Annihilape|Annihilape, L50, F, shiny|100/100
|switch|p1b: Porygon2|Porygon2, L50, shiny|100/100
|switch|p2a: Grimmsnarl|Grimmsnarl, L50, M|100/100
|switch|p2b: Spiritomb|Spiritomb, L50, F|100/100
|-ability|p1b: Porygon2|Download|boost
|-boost|p1b: Porygon2|atk|1
|-ability|p2b: Spiritomb|Pressure
|turn|1
|c|â˜†JustAddBacon|oh no I didn't click in time
|c|â˜†JustAddBacon|oops
|inactive|JustAddBacon has 30 seconds left.
|inactive|JustAddBacon has 20 seconds left.
|inactive|JustAddBacon has 15 seconds left.
|inactive|JustAddBacon has 10 seconds left.
|
|t:|1756604723
|move|p2a: Grimmsnarl|Reflect|p2a: Grimmsnarl
|-sidestart|p2: JustAddBacon|Reflect
|move|p1a: Annihilape|Final Gambit|p2a: Grimmsnarl
|-damage|p2a: Grimmsnarl|0 fnt
|faint|p1a: Annihilape
|faint|p2a: Grimmsnarl
|move|p1b: Porygon2|Ice Beam|p2b: Spiritomb
|-damage|p2b: Spiritomb|75/100
|move|p2b: Spiritomb|Trick Room|p2b: Spiritomb
|-fieldstart|move: Trick Room|[of] p2b: Spiritomb
|
|-heal|p2b: Spiritomb|81/100|[from] item: Leftovers
|upkeep
|
|t:|1756604734
|switch|p2a: Scrafty|Scrafty, L50, M|100/100
|switch|p1a: Incineroar|Incineroar, L50, F, shiny|100/100
|-ability|p1a: Incineroar|Intimidate|boost
|-unboost|p2a: Scrafty|atk|1
|-unboost|p2b: Spiritomb|atk|1
|turn|2
|
|t:|1756604756
|switch|p1b: Ursaluna|Ursaluna, L50, F|100/100
|move|p1a: Incineroar|Fake Out|p2a: Scrafty
|-damage|p2a: Scrafty|94/100
|move|p2b: Spiritomb|Snarl|p1a: Incineroar|[spread] p1a,p1b
|-resisted|p1a: Incineroar
|-damage|p1a: Incineroar|93/100
|-damage|p1b: Ursaluna|85/100
|-unboost|p1a: Incineroar|spa|1
|-unboost|p1b: Ursaluna|spa|1
|cant|p2a: Scrafty|flinch
|
|-heal|p2b: Spiritomb|86/100|[from] item: Leftovers
|-status|p1b: Ursaluna|brn|[from] item: Flame Orb
|upkeep
|turn|3
|inactive|JustAddBacon has 30 seconds left.
|inactive|JustAddBacon has 20 seconds left.
|
|t:|1756604793
|move|p1b: Ursaluna|Protect|p1b: Ursaluna
|-singleturn|p1b: Ursaluna|Protect
|move|p2b: Spiritomb|Snarl|p1a: Incineroar|[spread] p1a
|-activate|p1b: Ursaluna|move: Protect
|-resisted|p1a: Incineroar
|-damage|p1a: Incineroar|85/100
|-unboost|p1a: Incineroar|spa|1
|move|p2a: Scrafty|Drain Punch|p1b: Ursaluna
|-activate|p1b: Ursaluna|move: Protect
|move|p1a: Incineroar|Parting Shot|p2a: Scrafty
|-unboost|p2a: Scrafty|atk|1
|-unboost|p2a: Scrafty|spa|1
|
|t:|1756604800
|switch|p1a: Porygon2|Porygon2, L50, shiny|100/100|[from] Parting Shot
|-ability|p1a: Porygon2|Download|boost
|-boost|p1a: Porygon2|spa|1
|
|-heal|p2b: Spiritomb|92/100|[from] item: Leftovers
|-damage|p1b: Ursaluna|79/100 brn|[from] brn
|upkeep
|turn|4
|
|t:|1756604825
|switch|p1a: Incineroar|Incineroar, L50, F, shiny|85/100
|-ability|p1a: Incineroar|Intimidate|boost
|-unboost|p2a: Scrafty|atk|1
|-unboost|p2b: Spiritomb|atk|1
|move|p2b: Spiritomb|Snarl|p1a: Incineroar|[spread] p1a,p1b
|-resisted|p1a: Incineroar
|-damage|p1a: Incineroar|77/100
|-damage|p1b: Ursaluna|61/100 brn
|-unboost|p1a: Incineroar|spa|1
|-unboost|p1b: Ursaluna|spa|1
|move|p2a: Scrafty|Knock Off|p1a: Incineroar
|-resisted|p1a: Incineroar
|-damage|p1a: Incineroar|70/100
|-enditem|p1a: Incineroar|Safety Goggles|[from] move: Knock Off|[of] p2a: Scrafty
|move|p1b: Ursaluna|Facade|p2a: Scrafty
|-damage|p2a: Scrafty|20/100
|-enditem|p2a: Scrafty|Sitrus Berry|[eat]
|-heal|p2a: Scrafty|45/100|[from] item: Sitrus Berry
|
|-heal|p2b: Spiritomb|98/100|[from] item: Leftovers
|-damage|p1b: Ursaluna|55/100 brn|[from] brn
|upkeep
|turn|5
|inactive|JustAddBacon has 30 seconds left.
|
|t:|1756604858
|switch|p2b: Sinistcha|Sinistcha-Masterpiece, L50|100/100
|-heal|p2a: Scrafty|70/100|[from] ability: Hospitality|[of] p2b: Sinistcha
|move|p1a: Incineroar|Fake Out|p2a: Scrafty
|-damage|p2a: Scrafty|62/100
|cant|p2a: Scrafty|flinch
|move|p1b: Ursaluna|Headlong Rush|p2b: Sinistcha
|-resisted|p2b: Sinistcha
|-damage|p2b: Sinistcha|67/100
|-unboost|p1b: Ursaluna|def|1
|-unboost|p1b: Ursaluna|spd|1
|
|-damage|p1b: Ursaluna|49/100 brn|[from] brn
|-fieldend|move: Trick Room
|upkeep
|turn|6
|inactive|JustAddBacon has 30 seconds left.
|inactive|ryoshino has 30 seconds left.
|inactive|JustAddBacon has 20 seconds left.
|inactive|JustAddBacon has 15 seconds left.
|inactive|JustAddBacon has 10 seconds left.
|
|t:|1756604908
|switch|p2a: Spiritomb|Spiritomb, L50, F|98/100
|-ability|p2a: Spiritomb|Pressure
|move|p1a: Incineroar|Knock Off|p2b: Sinistcha
|-supereffective|p2b: Sinistcha
|-damage|p2b: Sinistcha|12/100
|-enditem|p2b: Sinistcha|Big Root|[from] move: Knock Off|[of] p1a: Incineroar
|move|p1b: Ursaluna|Headlong Rush|p2a: Spiritomb
|-damage|p2a: Spiritomb|20/100
|-unboost|p1b: Ursaluna|def|1
|-unboost|p1b: Ursaluna|spd|1
|move|p2b: Sinistcha|Matcha Gotcha|p1b: Ursaluna|[spread] p1a,p1b
|-resisted|p1a: Incineroar
|-supereffective|p1b: Ursaluna
|-damage|p1a: Incineroar|57/100
|-heal|p2b: Sinistcha|20/100|[from] drain|[of] p1a: Incineroar
|-damage|p1b: Ursaluna|0 fnt
|-heal|p2b: Sinistcha|52/100|[from] drain|[of] p1b: Ursaluna
|faint|p1b: Ursaluna
|
|-heal|p2a: Spiritomb|25/100|[from] item: Leftovers
|upkeep
|
|t:|1756604915
|switch|p1b: Porygon2|Porygon2, L50, shiny|100/100
|-ability|p1b: Porygon2|Download|boost
|-boost|p1b: Porygon2|spa|1
|turn|7
|inactive|JustAddBacon has 30 seconds left.
|
|t:|1756604948
|switch|p2b: Scrafty|Scrafty, L50, M|62/100
|move|p2a: Spiritomb|Protect|p2a: Spiritomb
|-singleturn|p2a: Spiritomb|Protect
|move|p1a: Incineroar|Knock Off|p2a: Spiritomb
|-activate|p2a: Spiritomb|move: Protect
|move|p1b: Porygon2|Ice Beam|p2b: Scrafty
|-crit|p2b: Scrafty
|-damage|p2b: Scrafty|20/100
|-status|p2b: Scrafty|frz
|
|-heal|p2a: Spiritomb|31/100|[from] item: Leftovers
|upkeep
|turn|8
|
|t:|1756604967
|switch|p2b: Sinistcha|Sinistcha-Masterpiece, L50|52/100
|-heal|p2a: Spiritomb|56/100|[from] ability: Hospitality|[of] p2b: Sinistcha
|move|p1a: Incineroar|Knock Off|p2a: Spiritomb
|-damage|p2a: Spiritomb|25/100
|-enditem|p2a: Spiritomb|Leftovers|[from] move: Knock Off|[of] p1a: Incineroar
|move|p1b: Porygon2|Ice Beam|p2b: Sinistcha
|-supereffective|p2b: Sinistcha
|-damage|p2b: Sinistcha|0 fnt
|faint|p2b: Sinistcha
|move|p2a: Spiritomb|Trick Room|p2a: Spiritomb
|-fieldstart|move: Trick Room|[of] p2a: Spiritomb
|
|-sideend|p2: JustAddBacon|Reflect
|upkeep
|
|t:|1756604978
|switch|p2b: Scrafty|Scrafty, L50, M|20/100 frz
|turn|9
|
|t:|1756604988
|-terastallize|p1b: Porygon2|Fighting
|move|p2a: Spiritomb|Snarl|p1b: Porygon2|[spread] p1a,p1b
|-resisted|p1a: Incineroar
|-resisted|p1b: Porygon2
|-damage|p1a: Incineroar|49/100
|-damage|p1b: Porygon2|95/100
|-unboost|p1a: Incineroar|spa|1
|-unboost|p1b: Porygon2|spa|1
|-curestatus|p2b: Scrafty|frz|[msg]
|move|p2b: Scrafty|Drain Punch|p1a: Incineroar
|-supereffective|p1a: Incineroar
|-damage|p1a: Incineroar|0 fnt
|-heal|p2b: Scrafty|48/100|[from] drain|[of] p1a: Incineroar
|faint|p1a: Incineroar
|-ability|p2b: Scrafty|Moxie|boost
|-boost|p2b: Scrafty|atk|1
|move|p1b: Porygon2|Ice Beam|p2b: Scrafty
|-damage|p2b: Scrafty|27/100
|
|upkeep
|turn|10
|inactive|JustAddBacon has 30 seconds left.
|inactive|JustAddBacon has 20 seconds left.
|
|t:|1756605026
|move|p2b: Scrafty|Detect|p2b: Scrafty
|-singleturn|p2b: Scrafty|Protect
|move|p2a: Spiritomb|Snarl|p1b: Porygon2
|-resisted|p1b: Porygon2
|-damage|p1b: Porygon2|88/100
|-unboost|p1b: Porygon2|spa|1
|move|p1b: Porygon2|Tera Blast|p2b: Scrafty|[anim] Tera Blast Fighting
|-activate|p2b: Scrafty|move: Protect
|
|upkeep
|turn|11
|
|t:|1756605041
|-terastallize|p2b: Scrafty|Poison
|move|p2a: Spiritomb|Snarl|p1b: Porygon2
|-resisted|p1b: Porygon2
|-damage|p1b: Porygon2|82/100
|-unboost|p1b: Porygon2|spa|1
|move|p2b: Scrafty|Knock Off|p1b: Porygon2
|-resisted|p1b: Porygon2
|-damage|p1b: Porygon2|63/100
|-enditem|p1b: Porygon2|Eviolite|[from] move: Knock Off|[of] p2b: Scrafty
|move|p1b: Porygon2|Tera Blast|p2b: Scrafty|[anim] Tera Blast Fighting
|-resisted|p2b: Scrafty
|-damage|p2b: Scrafty|16/100
|
|upkeep
|turn|12
|
|t:|1756605056
|move|p2a: Spiritomb|Snarl|p1b: Porygon2
|-resisted|p1b: Porygon2
|-damage|p1b: Porygon2|52/100
|-unboost|p1b: Porygon2|spa|1
|move|p2b: Scrafty|Drain Punch|p1b: Porygon2
|-damage|p1b: Porygon2|5/100
|-heal|p2b: Scrafty|42/100|[from] drain|[of] p1b: Porygon2
|move|p1b: Porygon2|Tera Blast|p2b: Scrafty|[anim] Tera Blast Fighting
|-resisted|p2b: Scrafty
|-damage|p2b: Scrafty|31/100
|
|-fieldend|move: Trick Room
|upkeep
|turn|13
|-message|ryoshino forfeited.
|
|win|JustAddBacon
|l|â˜†ryoshino
|player|p1|
||ryoshino is ready for game 2.
||JustAddBacon is ready for game 2.
|uhtml|next|Next: Game 2 of 3
