|j|☆Chriztians
|j|☆lux raymundi
|html|Chriztianslux raymundi    
|uhtml|bestof|Game 1 of a best-of-3
|t:|1783099075
|gametype|doubles
|player|p1|Chriztians|266|1120
|player|p2|lux raymundi|2|1199
|gen|9
|tier|[Gen 9 Champions] VGC 2026 Reg M-B (Bo3)
|rated|
|rule|Species Clause: Limit one of each Pokémon
|rule|Item Clause: Limit 1 of each item
|clearpoke
|poke|p1|Blastoise, L50, M|
|poke|p1|Slowking-Galar, L50, M|
|poke|p1|Incineroar, L50, M|
|poke|p1|Sinistcha, L50|
|poke|p1|Mawile, L50, F|
|poke|p1|Whimsicott, L50, F|
|poke|p2|Mawile, L50, F|
|poke|p2|Farigiraf, L50, M|
|poke|p2|Delphox, L50, F|
|poke|p2|Incineroar, L50, F|
|poke|p2|Sinistcha, L50|
|poke|p2|Garchomp, L50, F|
|teampreview|4
|showteam|p1|Blastoise||Blastoisinite|Torrent|WaterSpout,AuraSphere,FakeOut,Protect|Quiet||M|||50|]Slowking-Galar||Leftovers|Regenerator|AcidSpray,HealPulse,TrickRoom,RainDance|Relaxed||M|||50|]Incineroar||SitrusBerry|Intimidate|FakeOut,DarkestLariat,FlareBlitz,PartingShot|Impish||M|||50|]Sinistcha||ColburBerry|Hospitality|MatchaGotcha,Protect,RagePowder,TrickRoom|Calm|||||50|]Mawile||Mawilite|HyperCutter|PlayRough,IronHead,SuckerPunch,Protect|Adamant||F|||50|]Whimsicott||FocusSash|Prankster|Encore,Tailwind,Moonblast,Protect|Timid||F|||50|
|showteam|p2|Mawile||Mawilite|HyperCutter|SwordsDance,PlayRough,IronHead,Protect|Brave||F|||50|]Farigiraf||SitrusBerry|ArmorTail|Protect,TwinBeam,TrickRoom,Thunderbolt|Bold||M|||50|]Delphox||Delphoxite|Blaze|NastyPlot,HeatWave,Psychic,Protect|Timid||F|||50|]Incineroar||PasshoBerry|Intimidate|FakeOut,ThroatChop,FlareBlitz,PartingShot|Adamant||F|||50|]Sinistcha||ColburBerry|Hospitality|MatchaGotcha,TrickRoom,RagePowder,Protect|Relaxed|||||50|]Garchomp||LifeOrb|RoughSkin|DragonClaw,Earthquake,RockSlide,Protect|Jolly||F|||50|
|
|t:|1783099106
|teamsize|p1|4
|teamsize|p2|4
|start
|switch|p1a: Incineroar|Incineroar, L50, M|100/100
|switch|p1b: Slowking|Slowking-Galar, L50, M|100/100
|switch|p2a: Incineroar|Incineroar, L50, F|100/100
|switch|p2b: Delphox|Delphox, L50, F|100/100
|-ability|p2a: Incineroar|Intimidate|boost
|-unboost|p1a: Incineroar|atk|1
|-unboost|p1b: Slowking|atk|1
|-ability|p1a: Incineroar|Intimidate|boost
|-unboost|p2a: Incineroar|atk|1
|-unboost|p2b: Delphox|atk|1
|turn|1
|
|t:|1783099126
|detailschange|p2b: Delphox|Delphox-Mega, L50, F
|-mega|p2b: Delphox|Delphox|Delphoxite
|move|p2a: Incineroar|Fake Out|p1a: Incineroar
|-crit|p1a: Incineroar
|-damage|p1a: Incineroar|83/100
|cant|p1a: Incineroar|flinch
|move|p2b: Delphox|Psychic|p1b: Slowking
|-damage|p1b: Slowking|56/100
|move|p1b: Slowking|Trick Room|p1b: Slowking
|-fieldstart|move: Trick Room|[of] p1b: Slowking
|
|-heal|p1b: Slowking|62/100|[from] item: Leftovers
|upkeep
|turn|2
|
|t:|1783099162
|move|p2b: Delphox|Protect|p2b: Delphox
|-singleturn|p2b: Delphox|Protect
|move|p1b: Slowking|Rain Dance|p1b: Slowking
|-weather|RainDance
|move|p1a: Incineroar|Parting Shot|p2b: Delphox
|-activate|p2b: Delphox|move: Protect
|move|p2a: Incineroar|Parting Shot|p1a: Incineroar
|-unboost|p1a: Incineroar|atk|1
|-unboost|p1a: Incineroar|spa|1
|
|t:|1783099171
|switch|p2a: Farigiraf|Farigiraf, L50, M|100/100|[from] Parting Shot
|
|-weather|RainDance|[upkeep]
|-heal|p1b: Slowking|68/100|[from] item: Leftovers
|upkeep
|turn|3
|
|t:|1783099181
|switch|p2b: Incineroar|Incineroar, L50, F|100/100
|-ability|p2b: Incineroar|Intimidate|boost
|-unboost|p1a: Incineroar|atk|1
|-unboost|p1b: Slowking|atk|1
|move|p1b: Slowking|Acid Spray|p2a: Farigiraf
|-damage|p2a: Farigiraf|86/100
|-unboost|p2a: Farigiraf|spd|2
|move|p1a: Incineroar|Darkest Lariat|p2a: Farigiraf
|-supereffective|p2a: Farigiraf|1
|-damage|p2a: Farigiraf|64/100
|move|p2a: Farigiraf|Thunderbolt|p1a: Incineroar
|-damage|p1a: Incineroar|63/100
|
|-weather|RainDance|[upkeep]
|-heal|p1b: Slowking|74/100|[from] item: Leftovers
|upkeep
|turn|4
|
|t:|1783099213
|move|p1b: Slowking|Acid Spray|p2b: Incineroar
|-damage|p2b: Incineroar|83/100
|-unboost|p2b: Incineroar|spd|2
|move|p2b: Incineroar|Throat Chop|p1b: Slowking
|-supereffective|p1b: Slowking|1
|-damage|p1b: Slowking|7/100
|-start|p1b: Slowking|Throat Chop|[silent]
|move|p2a: Farigiraf|Thunderbolt|p1a: Incineroar
|-damage|p1a: Incineroar|44/100
|-enditem|p1a: Incineroar|Sitrus Berry|[eat]
|-heal|p1a: Incineroar|69/100|[from] item: Sitrus Berry
|move|p1a: Incineroar|Parting Shot|p2a: Farigiraf
|-unboost|p2a: Farigiraf|atk|1
|-unboost|p2a: Farigiraf|spa|1
|
|t:|1783099228
|switch|p1a: Blastoise|Blastoise, L50, M|100/100|[from] Parting Shot
|
|-weather|RainDance|[upkeep]
|-heal|p1b: Slowking|13/100|[from] item: Leftovers
|upkeep
|turn|5
|
|t:|1783099239
|-heal|p1b: Slowking|47/100|[from] ability: Regenerator|[silent]
|switch|p1b: Incineroar|Incineroar, L50, M|69/100
|-ability|p1b: Incineroar|Intimidate|boost
|-unboost|p2a: Farigiraf|atk|1
|-unboost|p2b: Incineroar|atk|1
|detailschange|p1a: Blastoise|Blastoise-Mega, L50, M
|-mega|p1a: Blastoise|Blastoise|Blastoisinite
|move|p2b: Incineroar|Parting Shot|p1a: Blastoise
|-unboost|p1a: Blastoise|atk|1
|-unboost|p1a: Blastoise|spa|1
|
|t:|1783099248
|switch|p2b: Garchomp|Garchomp, L50, F|100/100|[from] Parting Shot
|move|p2a: Farigiraf|Thunderbolt|p1a: Blastoise
|-supereffective|p1a: Blastoise|1
|-damage|p1a: Blastoise|71/100
|move|p1a: Blastoise|Water Spout|p2a: Farigiraf|[spread] p2a,p2b
|-damage|p2a: Farigiraf|0 fnt
|-damage|p2b: Garchomp|49/100
|faint|p2a: Farigiraf
|
|-weather|RainDance|[upkeep]
|-fieldend|move: Trick Room
|upkeep
|
|t:|1783099260
|switch|p2a: Incineroar|Incineroar, L50, F|83/100
|-ability|p2a: Incineroar|Intimidate|boost
|-unboost|p1a: Blastoise|atk|1
|-unboost|p1b: Incineroar|atk|1
|turn|6
|
|t:|1783099275
|move|p1a: Blastoise|Protect|p1a: Blastoise
|-singleturn|p1a: Blastoise|Protect
|move|p2a: Incineroar|Fake Out|p1b: Incineroar
|-damage|p1b: Incineroar|57/100
|move|p2b: Garchomp|Dragon Claw|p1a: Blastoise
|-activate|p1a: Blastoise|move: Protect
|cant|p1b: Incineroar|flinch
|
|-weather|none
|upkeep
|turn|7
|
|t:|1783099298
|switch|p1a: Mawile|Mawile, L50, F|100/100
|switch|p2a: Delphox|Delphox-Mega, L50, F|100/100
|move|p2b: Garchomp|Earthquake|p1a: Mawile|[spread] p1a,p1b
|-immune|p2a: Delphox|[from] ability: Levitate
|-supereffective|p1a: Mawile|1
|-supereffective|p1b: Incineroar|1
|-damage|p1a: Mawile|0 fnt
|-damage|p1b: Incineroar|0 fnt
|faint|p1a: Mawile
|faint|p1b: Incineroar
|-damage|p2b: Garchomp|40/100|[from] item: Life Orb
|
|upkeep
|
|t:|1783099310
|switch|p1b: Blastoise|Blastoise-Mega, L50, M|71/100
|switch|p1a: Slowking|Slowking-Galar, L50, M|47/100
|turn|8
|
|t:|1783099318
|move|p1b: Blastoise|Fake Out|p2b: Garchomp
|-damage|p2b: Garchomp|30/100
|-damage|p1b: Blastoise|59/100|[from] ability: Rough Skin|[of] p2b: Garchomp
|move|p2a: Delphox|Psychic|p1b: Blastoise
|-damage|p1b: Blastoise|15/100
|cant|p2b: Garchomp|flinch
|move|p1a: Slowking|Trick Room|p1a: Slowking
|-fieldstart|move: Trick Room|[of] p1a: Slowking
|
|-heal|p1a: Slowking|52/100|[from] item: Leftovers
|upkeep
|turn|9
|
|t:|1783099339
|move|p2a: Delphox|Protect|p2a: Delphox
|-singleturn|p2a: Delphox|Protect
|move|p1a: Slowking|Heal Pulse|p1b: Blastoise
|-heal|p1b: Blastoise|65/100
|move|p1b: Blastoise|Water Spout|p2b: Garchomp|[spread] p2b
|-activate|p2a: Delphox|move: Protect
|-damage|p2b: Garchomp|0 fnt
|faint|p2b: Garchomp
|
|-heal|p1a: Slowking|58/100|[from] item: Leftovers
|upkeep
|
|t:|1783099350
|switch|p2b: Incineroar|Incineroar, L50, F|83/100
|-ability|p2b: Incineroar|Intimidate|boost
|-unboost|p1a: Slowking|atk|1
|-unboost|p1b: Blastoise|atk|1
|turn|10
|
|t:|1783099368
|move|p1b: Blastoise|Protect|p1b: Blastoise
|-singleturn|p1b: Blastoise|Protect
|move|p2b: Incineroar|Fake Out|p1b: Blastoise
|-activate|p1b: Blastoise|move: Protect
|move|p1a: Slowking|Heal Pulse|p1b: Blastoise
|-activate|p1b: Blastoise|move: Protect
|move|p2a: Delphox|Psychic|p1a: Slowking
|-damage|p1a: Slowking|21/100
|
|-heal|p1a: Slowking|27/100|[from] item: Leftovers
|upkeep
|turn|11
|
|t:|1783099393
|move|p2a: Delphox|Protect|p2a: Delphox
|-singleturn|p2a: Delphox|Protect
|move|p1a: Slowking|Heal Pulse|p1b: Blastoise
|-heal|p1b: Blastoise|100/100
|move|p2b: Incineroar|Throat Chop|p1a: Slowking
|-supereffective|p1a: Slowking|1
|-damage|p1a: Slowking|0 fnt
|faint|p1a: Slowking
|move|p1b: Blastoise|Water Spout|p2b: Incineroar|[spread] p2b
|-activate|p2a: Delphox|move: Protect
|-supereffective|p2b: Incineroar|1
|-enditem|p2b: Incineroar|Passho Berry|[eat]
|-enditem|p2b: Incineroar|Passho Berry|[weaken]
|-damage|p2b: Incineroar|23/100
|
|upkeep
|turn|12
|
|t:|1783099415
|move|p2b: Incineroar|Throat Chop|p1b: Blastoise
|-damage|p1b: Blastoise|65/100
|-start|p1b: Blastoise|Throat Chop|[silent]
|move|p1b: Blastoise|Water Spout|p2b: Incineroar|[spread] p2a,p2b
|-supereffective|p2a: Delphox|1
|-crit|p2a: Delphox
|-supereffective|p2b: Incineroar|1
|-damage|p2a: Delphox|0 fnt
|-damage|p2b: Incineroar|0 fnt
|faint|p2a: Delphox
|faint|p2b: Incineroar
|
|win|Chriztians
