|j|☆tbpgerard
|j|☆DiamondNate
|html|tbpgerardDiamondNate    
|uhtml|bestof|Game 1 of a best-of-3
|t:|1757648495
|gametype|doubles
|player|p1|tbpgerard|guitarist|1132
|player|p2|DiamondNate|lass-gen7|1131
|gen|9
|tier|[Gen 9] VGC 2025 Reg H (Bo3)
|rated|
|rule|Species Clause: Limit one of each Pokémon
|rule|Item Clause: Limit 1 of each item
|clearpoke
|poke|p1|Indeedee-F, L50, F|
|poke|p1|Hatterene, L50, F|
|poke|p1|Gallade, L50, M|
|poke|p1|Ursaluna, L50, M|
|poke|p1|Lilligant-Hisui, L50, F|
|poke|p1|Torkoal, L50, M|
|poke|p2|Clefable, L50, M|
|poke|p2|Garchomp, L50, M|
|poke|p2|Whimsicott, L50, F|
|poke|p2|Hydreigon, L50, F|
|poke|p2|Annihilape, L50, F|
|poke|p2|Gholdengo, L50|
|teampreview|4
|showteam|p1|Indeedee-F||SafetyGoggles|PsychicSurge|DazzlingGleam,FollowMe,HelpingHand,TrickRoom|||F|||50|,,,,,Fairy]Hatterene||LifeOrb|MagicBounce|ExpandingForce,DazzlingGleam,Protect,TrickRoom|||F|||50|,,,,,Water]Gallade||ClearAmulet|Sharpness|SacredSword,PsychoCut,WideGuard,TrickRoom|||M|||50|,,,,,Grass]Ursaluna||FlameOrb|Guts|Facade,HeadlongRush,Substitute,Protect|||M|||50|,,,,,Ghost]Lilligant-Hisui||FocusSash|Chlorophyll|CloseCombat,LeafBlade,SleepPowder,AfterYou|||F|||50|,,,,,Ghost]Torkoal||ChoiceSpecs|Drought|Eruption,HeatWave,Flamethrower,ClearSmog|||M|||50|,,,,,Fire
|showteam|p2|Clefable||SitrusBerry|Unaware|FollowMe,Moonblast,MistyTerrain,Protect|||M|||50|,,,,,Water]Garchomp||LifeOrb|RoughSkin|StompingTantrum,DragonClaw,Earthquake,Protect|||M|||50|,,,,,Ground]Whimsicott||FocusSash|Prankster|Moonblast,Encore,Tailwind,SunnyDay|||F|||50|,,,,,Ghost]Hydreigon||ChoiceSpecs|Levitate|DarkPulse,DracoMeteor,Snarl,HeatWave|||F|||50|,,,,,Fire]Annihilape||Leftovers|Defiant|RageFist,DrainPunch,BulkUp,Protect|||F|||50|,,,,,Water]Gholdengo||IronPlate|GoodasGold|MakeItRain,ShadowBall,NastyPlot,Protect||||||50|,,,,,Steel
|
|t:|1757648546
|teamsize|p1|4
|teamsize|p2|4
|start
|switch|p1a: labubu|Indeedee-F, L50, F|100/100
|switch|p1b: clairo|Hatterene, L50, F, shiny|100/100
|switch|p2a: Whimsicott|Whimsicott, L50, F|100/100
|switch|p2b: Hydreigon|Hydreigon, L50, F|100/100
|-fieldstart|move: Psychic Terrain|[from] ability: Psychic Surge|[of] p1a: labubu
|turn|1
|
|t:|1757648561
|switch|p2a: Gholdengo|Gholdengo, L50|100/100
|move|p1a: labubu|Follow Me|p1a: labubu
|-singleturn|p1a: labubu|move: Follow Me
|move|p2b: Hydreigon|Snarl|p1a: labubu|[spread] p1a,p1b
|-supereffective|p1a: labubu
|-damage|p1a: labubu|42/100
|-damage|p1b: clairo|67/100
|-unboost|p1a: labubu|spa|1
|-unboost|p1b: clairo|spa|1
|move|p1b: clairo|Trick Room|p1b: clairo
|-fieldstart|move: Trick Room|[of] p1b: clairo
|
|upkeep
|turn|2
|l|☆DiamondNate
|player|p2|
|j|☆DiamondNate
|player|p2|DiamondNate|lass-gen7|
|
|t:|1757648609
|-terastallize|p1b: clairo|Water
|-terastallize|p2b: Hydreigon|Fire
|move|p1b: clairo|Expanding Force|p2a: Gholdengo|[spread] p2a,p2b
|-resisted|p2a: Gholdengo
|-damage|p2a: Gholdengo|65/100
|-damage|p2b: Hydreigon|28/100
|-damage|p1b: clairo|57/100|[from] item: Life Orb
|move|p1a: labubu|Dazzling Gleam|p2b: Hydreigon|[spread] p2a,p2b
|-resisted|p2a: Gholdengo
|-resisted|p2b: Hydreigon
|-damage|p2a: Gholdengo|60/100
|-damage|p2b: Hydreigon|23/100
|move|p2a: Gholdengo|Nasty Plot|p2a: Gholdengo
|-boost|p2a: Gholdengo|spa|2
|move|p2b: Hydreigon|Snarl|p1b: clairo|[spread] p1a,p1b
|-supereffective|p1a: labubu
|-damage|p1a: labubu|0 fnt
|-damage|p1b: clairo|24/100
|-unboost|p1b: clairo|spa|1
|faint|p1a: labubu
|
|upkeep
|
|t:|1757648624
|switch|p1a: fem lit|Torkoal, L50, M|100/100
|-weather|SunnyDay|[from] ability: Drought|[of] p1a: fem lit
|turn|3
|
|t:|1757648630
|move|p2a: Gholdengo|Protect|p2a: Gholdengo
|-singleturn|p2a: Gholdengo|Protect
|move|p1a: fem lit|Eruption|p2b: Hydreigon|[spread] p2b
|-activate|p2a: Gholdengo|move: Protect
|-resisted|p2b: Hydreigon
|-damage|p2b: Hydreigon|0 fnt
|faint|p2b: Hydreigon
|move|p1b: clairo|Expanding Force|p2a: Gholdengo
|-activate|p2a: Gholdengo|move: Protect
|
|-weather|SunnyDay|[upkeep]
|upkeep
|
|t:|1757648640
|switch|p2b: Clefable|Clefable, L50, M|100/100
|turn|4
|
|t:|1757648653
|switch|p2a: Whimsicott|Whimsicott, L50, F|100/100
|move|p1a: fem lit|Eruption|p2b: Clefable|[spread] p2a,p2b
|-supereffective|p2a: Whimsicott
|-enditem|p2a: Whimsicott|Focus Sash
|-damage|p2a: Whimsicott|1/100
|-damage|p2b: Clefable|6/100
|-enditem|p2b: Clefable|Sitrus Berry|[eat]
|-heal|p2b: Clefable|31/100|[from] item: Sitrus Berry
|move|p1b: clairo|Expanding Force|p2b: Clefable|[spread] p2a,p2b
|-damage|p2a: Whimsicott|0 fnt
|-damage|p2b: Clefable|0 fnt
|faint|p2a: Whimsicott
|faint|p2b: Clefable
|-damage|p1b: clairo|15/100|[from] item: Life Orb
|
|-weather|SunnyDay|[upkeep]
|upkeep
|
|t:|1757648663
|switch|p2a: Gholdengo|Gholdengo, L50|60/100
|turn|5
|
|t:|1757648668
|switch|p1b: matcha|Gallade, L50, M|100/100
|move|p2a: Gholdengo|Protect|p2a: Gholdengo
|-singleturn|p2a: Gholdengo|Protect
|move|p1a: fem lit|Eruption|p2a: Gholdengo
|-activate|p2a: Gholdengo|move: Protect
|
|-weather|SunnyDay|[upkeep]
|-fieldend|move: Trick Room
|-fieldend|move: Psychic Terrain
|upkeep
|turn|6
|
|t:|1757648688
|switch|p1a: clairo|Hatterene, L50, F, shiny, tera:Water|15/100
|move|p2a: Gholdengo|Shadow Ball|p1a: clairo
|-damage|p1a: clairo|0 fnt
|faint|p1a: clairo
|move|p1b: matcha|Trick Room|p1b: matcha
|-fieldstart|move: Trick Room|[of] p1b: matcha
|
|-weather|SunnyDay|[upkeep]
|upkeep
|
|t:|1757648696
|switch|p1a: fem lit|Torkoal, L50, M|100/100
|turn|7
|-message|DiamondNate forfeited.
|
|win|tbpgerard
|l|☆DiamondNate
|player|p2|
||tbpgerard is ready for game 2.
||DiamondNate is ready for game 2.
|uhtml|next|Next: Game 2 of 3
