|j|â˜†crosseczek
|j|â˜†Vividedenne
|html|crosseczekVividedenne    
|uhtml|bestof|Game 2 of a best-of-3
|t:|1785350665
|gametype|doubles
|player|p1|crosseczek|maid|
|player|p2|Vividedenne|#npl2023|
|gen|9
|tier|[Gen 9 Champions] VGC 2026 Reg M-B (Bo3)
|rule|Species Clause: Limit one of each PokÃ©mon
|rule|Item Clause: Limit 1 of each item
|clearpoke
|poke|p1|Mawile, L50, F|
|poke|p1|Maushold, L50|
|poke|p1|Whimsicott, L50, M|
|poke|p1|Raichu, L50, F|
|poke|p1|Incineroar, L50, F|
|poke|p1|Farigiraf, L50, M|
|poke|p2|Froslass, L50, F|
|poke|p2|Glimmora, L50, M|
|poke|p2|Incineroar, L50, F|
|poke|p2|Kommo-o, L50, F|
|poke|p2|Basculegion, L50, M|
|poke|p2|Kingambit, L50, M|
|teampreview|4
|showteam|p1|Mawile||Mawilite|HyperCutter|PlayRough,SuckerPunch,RockSlide,SwordsDance|Brave||F|||50|]Maushold||WideLens|Technician|PopulationBomb,FollowMe,Taunt,Protect|Adamant|||||50|]Whimsicott||FocusSash|Prankster|Moonblast,HelpingHand,Tailwind,Encore|Modest||M|||50|]Raichu||RaichuniteY|LightningRod|ZapCannon,FocusBlast,GrassKnot,Protect|Modest||F|||50|]Incineroar||Charcoal|Intimidate|FlareBlitz,DarkestLariat,PartingShot,FakeOut|Adamant||F|||50|]Farigiraf||ColburBerry|ArmorTail|Psychic,Imprison,TrickRoom,Protect|Modest||M|||50|
|showteam|p2|Froslass||Froslassite|CursedBody|Blizzard,IceBeam,ShadowBall,Protect|Timid||F|||50|]Glimmora||FocusSash|ToxicDebris|PowerGem,SludgeBomb,EarthPower,SpikyShield|Timid||M|||50|]Incineroar||SitrusBerry|Intimidate|FlareBlitz,ThroatChop,PartingShot,FakeOut|Impish||F|||50|]Kommo-o||LifeOrb|Soundproof|ClangingScales,VacuumWave,AuraSphere,Protect|Modest||F|||50|]Basculegion||ChoiceScarf|Adaptability|WaveCrash,FlipTurn,AquaJet,LastRespects|Jolly||M|||50|]Kingambit||ChopleBerry|Defiant|KowtowCleave,SuckerPunch,LowKick,Protect|Jolly||M|||50|
|
|t:|1785350735
|teamsize|p1|4
|teamsize|p2|4
|start
|switch|p1a: Raichu|Raichu, L50, F|100/100
|switch|p1b: Whimsicott|Whimsicott, L50, M|100/100
|switch|p2a: Froslass|Froslass, L50, F|100/100
|switch|p2b: Kingambit|Kingambit, L50, M|100/100
|turn|1
|
|t:|1785350792
|detailschange|p2a: Froslass|Froslass-Mega, L50, F
|-mega|p2a: Froslass|Froslass|Froslassite
|-weather|Snowscape|[from] ability: Snow Warning|[of] p2a: Froslass
|move|p1a: Raichu|Protect|p1a: Raichu
|-singleturn|p1a: Raichu|Protect
|move|p1b: Whimsicott|Tailwind|p1b: Whimsicott
|-sidestart|p1: crosseczek|move: Tailwind
|move|p2b: Kingambit|Sucker Punch||[still]
|-fail|p2b: Kingambit
|move|p2a: Froslass|Blizzard|p1b: Whimsicott|[spread] p1b
|-activate|p1a: Raichu|move: Protect
|-supereffective|p1b: Whimsicott|1
|-enditem|p1b: Whimsicott|Focus Sash
|-damage|p1b: Whimsicott|1/100
|
|-weather|Snowscape|[upkeep]
|upkeep
|turn|2
|
|t:|1785350863
|detailschange|p1a: Raichu|Raichu-Mega-Y, L50, F
|-mega|p1a: Raichu|Raichu|Raichunite Y
|move|p2b: Kingambit|Sucker Punch|p1a: Raichu
|-damage|p1a: Raichu|36/100
|move|p1a: Raichu|Zap Cannon|p2a: Froslass
|-damage|p2a: Froslass|17/100
|-status|p2a: Froslass|par
|move|p1b: Whimsicott|Moonblast|p2a: Froslass
|-damage|p2a: Froslass|0 fnt
|faint|p2a: Froslass
|
|-weather|Snowscape|[upkeep]
|upkeep
|
|t:|1785350873
|switch|p2a: Glimmora|Glimmora, L50, M|100/100
|turn|3
|
|t:|1785350884
|switch|p1b: Farigiraf|Farigiraf, L50, M|100/100
|move|p2b: Kingambit|Sucker Punch||[still]
|cant|p1b: Farigiraf|ability: Armor Tail|Sucker Punch|[of] p2b: Kingambit
|move|p1a: Raichu|Zap Cannon|p2b: Kingambit
|-damage|p2b: Kingambit|21/100
|-status|p2b: Kingambit|par
|move|p2a: Glimmora|Earth Power|p1b: Farigiraf
|-damage|p1b: Farigiraf|70/100
|
|-weather|Snowscape|[upkeep]
|upkeep
|turn|4
|
|t:|1785350929
|move|p2b: Kingambit|Protect|p2b: Kingambit
|-singleturn|p2b: Kingambit|Protect
|move|p1a: Raichu|Zap Cannon|p2a: Glimmora
|-enditem|p2a: Glimmora|Focus Sash
|-damage|p2a: Glimmora|1/100
|-status|p2a: Glimmora|par
|move|p1b: Farigiraf|Psychic|p2a: Glimmora
|-supereffective|p2a: Glimmora|1
|-damage|p2a: Glimmora|0 fnt
|faint|p2a: Glimmora
|
|-weather|Snowscape|[upkeep]
|-sideend|p1: crosseczek|move: Tailwind
|upkeep
|
|t:|1785350934
|switch|p2a: Incineroar|Incineroar, L50, F|100/100
|-ability|p2a: Incineroar|Intimidate|boost
|-unboost|p1a: Raichu|atk|1
|-unboost|p1b: Farigiraf|atk|1
|turn|5
|c|â˜†Vividedenne|Gg
|
|t:|1785350952
|move|p1a: Raichu|Zap Cannon|p2b: Kingambit
|-damage|p2b: Kingambit|0 fnt
|faint|p2b: Kingambit
|move|p2a: Incineroar|Throat Chop|p1b: Farigiraf
|-supereffective|p1b: Farigiraf|1
|-enditem|p1b: Farigiraf|Colbur Berry|[eat]
|-enditem|p1b: Farigiraf|Colbur Berry|[weaken]
|-damage|p1b: Farigiraf|41/100
|-start|p1b: Farigiraf|Throat Chop|[silent]
|move|p1b: Farigiraf|Psychic|p2a: Incineroar
|-immune|p2a: Incineroar
|
|-weather|none
|upkeep
|turn|6
|c|â˜†crosseczek|GG
|c|â˜†crosseczek|Was worried about double protect
|
|t:|1785350979
|move|p1a: Raichu|Zap Cannon|p2a: Incineroar
|-damage|p2a: Incineroar|38/100
|-status|p2a: Incineroar|par
|-enditem|p2a: Incineroar|Sitrus Berry|[eat]
|-heal|p2a: Incineroar|63/100 par|[from] item: Sitrus Berry
|move|p1b: Farigiraf|Psychic|p2a: Incineroar
|-immune|p2a: Incineroar
|move|p2a: Incineroar|Flare Blitz|p1a: Raichu
|-crit|p1a: Raichu
|-damage|p1a: Raichu|0 fnt
|faint|p1a: Raichu
|-damage|p2a: Incineroar|53/100 par|[from] Recoil
|
|-end|p1b: Farigiraf|Throat Chop|[silent]
|upkeep
|
|t:|1785350982
|switch|p1a: Maushold|Maushold, L50|100/100
|turn|7
|
|t:|1785350988
|move|p1a: Maushold|Population Bomb|p2a: Incineroar
|-crit|p2a: Incineroar
|-damage|p2a: Incineroar|40/100 par
|-damage|p2a: Incineroar|30/100 par
|-damage|p2a: Incineroar|21/100 par
|-damage|p2a: Incineroar|12/100 par
|-damage|p2a: Incineroar|1/100 par
|-damage|p2a: Incineroar|0 fnt
|faint|p2a: Incineroar
|-hitcount|p2: Incineroar|6
|
|win|crosseczek
|l|â˜†Vividedenne
|player|p2|
|l|â˜†crosseczek
|player|p1|
|j|â˜†crosseczek
|player|p1|crosseczek|maid|
|l|â˜†crosseczek
|player|p1|
|j|â˜†crosseczek
|player|p1|crosseczek|maid|
