|j|☆0hgan
|j|☆fookinraw42
|html|0hganfookinraw42    
|uhtml|bestof|Game 1 of a best-of-3
|t:|1756153648
|gametype|doubles
|player|p1|0hgan|brycenman|1126
|player|p2|fookinraw42|flannery|1118
|gen|9
|tier|[Gen 9] VGC 2025 Reg H (Bo3)
|rated|
|rule|Species Clause: Limit one of each Pokémon
|rule|Item Clause: Limit 1 of each item
|clearpoke
|poke|p1|Clefable, L50, F|
|poke|p1|Kingambit, L50, M|
|poke|p1|Volcarona, L50, F|
|poke|p1|Dragonite, L50, M|
|poke|p1|Sneasler, L50, M|
|poke|p1|Rillaboom, L50, M|
|poke|p2|Gholdengo, L50|
|poke|p2|Amoonguss, L50, F|
|poke|p2|Basculegion, L50, M|
|poke|p2|Incineroar, L50, M|
|poke|p2|Archaludon, L50, F|
|poke|p2|Pelipper, L50, M|
|teampreview|4
|showteam|p1|Clefable||SitrusBerry|Unaware|FollowMe,Moonblast,LifeDew,Protect|||F|||50|,,,,,Steel]Kingambit||SafetyGoggles|Defiant|KowtowCleave,SuckerPunch,SwordsDance,Protect|||M|||50|,,,,,Dark]Volcarona||CovertCloak|FlameBody|HeatWave,GigaDrain,QuiverDance,Protect|||F|||50|,,,,,Dragon]Dragonite||AssaultVest|Multiscale|ExtremeSpeed,AerialAce,StompingTantrum,IceSpinner|||M|||50|,,,,,Normal]Sneasler||FocusSash|Unburden|CloseCombat,DireClaw,Coaching,FakeOut|||M|||50|,,,,,Ghost]Rillaboom||MeadowPlate|GrassySurge|WoodHammer,GrassyGlide,Taunt,FakeOut|||M|||50|,,,,,Fire
|showteam|p2|Gholdengo||LifeOrb|GoodasGold|MakeItRain,ShadowBall,NastyPlot,Protect||||||50|,,,,,Water]Amoonguss||SitrusBerry|Regenerator|Spore,RagePowder,PollenPuff,Protect|||F|||50|,,,,,Psychic]Basculegion||ChoiceBand|SwiftSwim|WaveCrash,FlipTurn,AquaJet,LastRespects|||M|||50|,,,,,Water]Incineroar||SafetyGoggles|Intimidate|KnockOff,PartingShot,WillOWisp,FakeOut|||M|||50|,,,,,Ghost]Archaludon||AssaultVest|Stamina|FlashCannon,DracoMeteor,ElectroShot,BodyPress|||F|||50|,,,,,Bug]Pelipper||CovertCloak|Drizzle|WeatherBall,Hurricane,Tailwind,Protect|||M|||50|,,,,,Dragon
|inactive|Battle timer is ON: inactive players will automatically lose when time's up. (requested by fookinraw42)
|inactive|fookinraw42 has 60 seconds left.
|
|t:|1756153686
|teamsize|p1|4
|teamsize|p2|4
|start
|switch|p1a: Venus|Clefable, L50, F, shiny|100/100
|switch|p1b: Saturn|Volcarona, L50, F, shiny|100/100
|switch|p2a: Pelipper|Pelipper, L50, M|100/100
|switch|p2b: Archaludon|Archaludon, L50, F|100/100
|-weather|RainDance|[from] ability: Drizzle|[of] p2a: Pelipper
|turn|1
|
|t:|1756153709
|move|p1a: Venus|Follow Me|p1a: Venus
|-singleturn|p1a: Venus|move: Follow Me
|move|p1b: Saturn|Quiver Dance|p1b: Saturn
|-boost|p1b: Saturn|spa|1
|-boost|p1b: Saturn|spd|1
|-boost|p1b: Saturn|spe|1
|move|p2b: Archaludon|Electro Shot||[still]
|-prepare|p2b: Archaludon|Electro Shot
|-boost|p2b: Archaludon|spa|1
|-anim|p2b: Archaludon|Electro Shot|p1a: Venus
|-damage|p1a: Venus|62/100
|move|p2a: Pelipper|Tailwind|p2a: Pelipper
|-sidestart|p2: fookinraw42|move: Tailwind
|
|-weather|RainDance|[upkeep]
|upkeep
|turn|2
|inactive|0hgan has 30 seconds left.
|
|t:|1756153741
|move|p1a: Venus|Follow Me|p1a: Venus
|-singleturn|p1a: Venus|move: Follow Me
|move|p2b: Archaludon|Flash Cannon|p1a: Venus
|-supereffective|p1a: Venus
|-damage|p1a: Venus|0 fnt
|faint|p1a: Venus
|move|p1b: Saturn|Quiver Dance|p1b: Saturn
|-boost|p1b: Saturn|spa|1
|-boost|p1b: Saturn|spd|1
|-boost|p1b: Saturn|spe|1
|move|p2a: Pelipper|Hurricane|p1b: Saturn
|-supereffective|p1b: Saturn
|-damage|p1b: Saturn|66/100
|
|-weather|RainDance|[upkeep]
|upkeep
|
|t:|1756153755
|switch|p1a: Jupiter|Rillaboom, L50, M, shiny|100/100
|-fieldstart|move: Grassy Terrain|[from] ability: Grassy Surge|[of] p1a: Jupiter
|turn|3
|
|t:|1756153774
|switch|p2a: Incineroar|Incineroar, L50, M|100/100
|-ability|p2a: Incineroar|Intimidate|boost
|-unboost|p1a: Jupiter|atk|1
|-unboost|p1b: Saturn|atk|1
|move|p1a: Jupiter|Fake Out|p2b: Archaludon
|-resisted|p2b: Archaludon
|-damage|p2b: Archaludon|97/100
|-ability|p2b: Archaludon|Stamina|boost
|-boost|p2b: Archaludon|def|1
|move|p1b: Saturn|Giga Drain|p2a: Incineroar
|-resisted|p2a: Incineroar
|-damage|p2a: Incineroar|75/100
|-heal|p1b: Saturn|80/100|[from] drain|[of] p2a: Incineroar
|cant|p2b: Archaludon|flinch
|
|-weather|RainDance|[upkeep]
|-heal|p1b: Saturn|86/100|[from] Grassy Terrain
|-heal|p2b: Archaludon|100/100|[from] Grassy Terrain
|-heal|p2a: Incineroar|81/100|[from] Grassy Terrain
|upkeep
|turn|4
|inactive|0hgan has 30 seconds left.
|inactive|fookinraw42 has 30 seconds left.
|inactive|0hgan has 20 seconds left.
|inactive|0hgan has 15 seconds left.
|
|t:|1756153818
|move|p2a: Incineroar|Fake Out|p1a: Jupiter
|-damage|p1a: Jupiter|87/100
|move|p1b: Saturn|Giga Drain|p2a: Incineroar
|-resisted|p2a: Incineroar
|-damage|p2a: Incineroar|55/100
|-heal|p1b: Saturn|99/100|[from] drain|[of] p2a: Incineroar
|move|p2b: Archaludon|Electro Shot||[still]
|-prepare|p2b: Archaludon|Electro Shot
|-boost|p2b: Archaludon|spa|1
|-anim|p2b: Archaludon|Electro Shot|p1b: Saturn
|-damage|p1b: Saturn|62/100
|cant|p1a: Jupiter|flinch
|
|-weather|RainDance|[upkeep]
|-heal|p1b: Saturn|68/100|[from] Grassy Terrain
|-heal|p2a: Incineroar|61/100|[from] Grassy Terrain
|-heal|p1a: Jupiter|93/100|[from] Grassy Terrain
|-sideend|p2: fookinraw42|move: Tailwind
|upkeep
|turn|5
|inactive|0hgan has 30 seconds left.
|inactive|fookinraw42 has 30 seconds left.
|inactive|0hgan has 20 seconds left.
|inactive|0hgan has 15 seconds left.
|
|t:|1756153860
|-terastallize|p1b: Saturn|Dragon
|move|p1b: Saturn|Giga Drain|p2a: Incineroar
|-resisted|p2a: Incineroar
|-damage|p2a: Incineroar|34/100
|-heal|p1b: Saturn|83/100|[from] drain|[of] p2a: Incineroar
|move|p1a: Jupiter|Wood Hammer|p2a: Incineroar
|-resisted|p2a: Incineroar
|-damage|p2a: Incineroar|6/100
|-damage|p1a: Jupiter|83/100|[from] Recoil
|move|p2b: Archaludon|Electro Shot||[still]
|-prepare|p2b: Archaludon|Electro Shot
|-boost|p2b: Archaludon|spa|1
|-anim|p2b: Archaludon|Electro Shot|p1b: Saturn
|-resisted|p1b: Saturn
|-damage|p1b: Saturn|60/100
|move|p2a: Incineroar|Will-O-Wisp|p1a: Jupiter
|-status|p1a: Jupiter|brn
|
|-weather|none
|-heal|p1b: Saturn|67/100|[from] Grassy Terrain
|-heal|p1a: Jupiter|89/100 brn|[from] Grassy Terrain
|-heal|p2a: Incineroar|12/100|[from] Grassy Terrain
|-damage|p1a: Jupiter|83/100 brn|[from] brn
|upkeep
|turn|6
|inactive|0hgan has 30 seconds left.
|inactive|fookinraw42 has 30 seconds left.
|inactive|0hgan has 20 seconds left.
|inactive|0hgan has 15 seconds left.
|inactive|0hgan has 10 seconds left.
|
|t:|1756153907
|switch|p2a: Pelipper|Pelipper, L50, M|100/100
|-weather|RainDance|[from] ability: Drizzle|[of] p2a: Pelipper
|move|p1a: Jupiter|Grassy Glide|p2a: Pelipper
|-damage|p2a: Pelipper|87/100
|move|p1b: Saturn|Quiver Dance|p1b: Saturn
|-boost|p1b: Saturn|spa|1
|-boost|p1b: Saturn|spd|1
|-boost|p1b: Saturn|spe|1
|move|p2b: Archaludon|Draco Meteor|p1b: Saturn
|-supereffective|p1b: Saturn
|-damage|p1b: Saturn|0 fnt
|-unboost|p2b: Archaludon|spa|2
|faint|p1b: Saturn
|
|-weather|RainDance|[upkeep]
|-heal|p1a: Jupiter|89/100 brn|[from] Grassy Terrain
|-damage|p1a: Jupiter|83/100 brn|[from] brn
|upkeep
|
|t:|1756153921
|switch|p1b: Mercury|Sneasler, L50, M, shiny|100/100
|turn|7
|
|t:|1756153940
|-terastallize|p2b: Archaludon|Bug
|move|p1b: Mercury|Close Combat|p2b: Archaludon
|-resisted|p2b: Archaludon
|-damage|p2b: Archaludon|85/100
|-unboost|p1b: Mercury|def|1
|-unboost|p1b: Mercury|spd|1
|-ability|p2b: Archaludon|Stamina|boost
|-boost|p2b: Archaludon|def|1
|move|p1a: Jupiter|Wood Hammer|p2a: Pelipper
|-damage|p2a: Pelipper|56/100
|-damage|p1a: Jupiter|74/100 brn|[from] Recoil
|move|p2b: Archaludon|Electro Shot||[still]
|-prepare|p2b: Archaludon|Electro Shot
|-boost|p2b: Archaludon|spa|1
|-anim|p2b: Archaludon|Electro Shot|p1b: Mercury
|-enditem|p1b: Mercury|Focus Sash
|-damage|p1b: Mercury|1/100
|move|p2a: Pelipper|Hurricane|p1b: Mercury
|-supereffective|p1b: Mercury
|-damage|p1b: Mercury|0 fnt
|faint|p1b: Mercury
|
|-weather|RainDance|[upkeep]
|-heal|p1a: Jupiter|80/100 brn|[from] Grassy Terrain
|-heal|p2b: Archaludon|91/100|[from] Grassy Terrain
|-damage|p1a: Jupiter|74/100 brn|[from] brn
|-fieldend|move: Grassy Terrain
|upkeep
|turn|8
|-message|0hgan forfeited.
|
|win|fookinraw42
||0hgan is ready for game 2.
||fookinraw42 is ready for game 2.
|uhtml|next|Next: Game 2 of 3
|l|☆0hgan
|player|p1|
