|j|‽battle sim trainer
|j|☆Pledgen
|html|battle sim trainerPledgen    
|uhtml|bestof|Game 2 of a best-of-3
|t:|1783623053
|gametype|doubles
|player|p1|battle sim trainer|turo|1152
|player|p2|Pledgen|170|1143
|gen|9
|tier|[Gen 9 Champions] VGC 2026 Reg M-B (Bo3)
|rated|
|rule|Species Clause: Limit one of each Pokémon
|rule|Item Clause: Limit 1 of each item
|clearpoke
|poke|p1|Swampert, L50, F|
|poke|p1|Pelipper, L50, M|
|poke|p1|Archaludon, L50, M|
|poke|p1|Grimmsnarl, L50, M|
|poke|p1|Annihilape, L50, M|
|poke|p1|Greninja, L50, F|
|poke|p2|Sneasler, L50, M|
|poke|p2|Blastoise, L50, M|
|poke|p2|Kingambit, L50, M|
|poke|p2|Incineroar, L50, M|
|poke|p2|Delphox, L50, F|
|poke|p2|Sinistcha, L50|
|teampreview|4
|showteam|p1|Swampert||Swampertite|Damp|WaveCrash,Earthquake,IcePunch,Protect|Adamant||F|||50|]Pelipper||SitrusBerry|Drizzle|Hurricane,WeatherBall,Tailwind,Protect|Modest||M|||50|]Archaludon||Leftovers|Stamina|ElectroShot,DragonPulse,FlashCannon,Protect|Modest||M|||50|]Grimmsnarl||LightClay|Prankster|SpiritBreak,Reflect,LightScreen,PartingShot|Careful||M|||50|]Annihilape||ChoiceScarf|Defiant|RageFist,CloseCombat,Uturn,Coaching|Adamant||M|||50|]Greninja||Greninjite|Protean|WaterShuriken,DarkPulse,LowKick,WeatherBall|Modest||F|||50|
|showteam|p2|Sneasler||FocusSash|PoisonTouch|PoisonJab,CloseCombat,FakeOut,QuickGuard|Jolly||M|||50|]Blastoise||Blastoisinite|RainDish|DarkPulse,WaterSpout,ShellSmash,Protect|Modest||M|||50|]Kingambit||BlackGlasses|Defiant|KowtowCleave,SuckerPunch,SwordsDance,Protect|Adamant||M|||50|]Incineroar||SitrusBerry|Intimidate|FlareBlitz,HelpingHand,PartingShot,FakeOut|Careful||M|||50|]Delphox||Delphoxite|Blaze|HeatWave,NastyPlot,Psyshock,Protect|Modest||F|||50|]Sinistcha||KasibBerry|Hospitality|MatchaGotcha,RagePowder,TrickRoom,Protect|Bold|||||50|
|
|t:|1783623079
|teamsize|p1|4
|teamsize|p2|4
|start
|switch|p1a: Grimmsnarl|Grimmsnarl, L50, M|100/100
|switch|p1b: Archaludon|Archaludon, L50, M|100/100
|switch|p2a: Blastoise|Blastoise, L50, M|100/100
|switch|p2b: Sneasler|Sneasler, L50, M|100/100
|turn|1
|
|t:|1783623107
|detailschange|p2a: Blastoise|Blastoise-Mega, L50, M
|-mega|p2a: Blastoise|Blastoise|Blastoisinite
|move|p1b: Archaludon|Protect|p1b: Archaludon
|-singleturn|p1b: Archaludon|Protect
|move|p2b: Sneasler|Fake Out|p1b: Archaludon
|-activate|p1b: Archaludon|move: Protect
|move|p1a: Grimmsnarl|Light Screen|p1a: Grimmsnarl
|-sidestart|p1: battle sim trainer|move: Light Screen
|move|p2a: Blastoise|Shell Smash|p2a: Blastoise
|-unboost|p2a: Blastoise|def|1
|-unboost|p2a: Blastoise|spd|1
|-boost|p2a: Blastoise|atk|2
|-boost|p2a: Blastoise|spa|2
|-boost|p2a: Blastoise|spe|2
|
|upkeep
|turn|2
|
|t:|1783623119
|move|p1a: Grimmsnarl|Parting Shot|p2a: Blastoise
|-unboost|p2a: Blastoise|atk|1
|-unboost|p2a: Blastoise|spa|1
|
|t:|1783623122
|switch|p1a: Pelipper|Pelipper, L50, M|100/100|[from] Parting Shot
|-weather|RainDance|[from] ability: Drizzle|[of] p1a: Pelipper
|move|p2a: Blastoise|Water Spout|p1a: Pelipper|[spread] p1a,p1b
|-resisted|p1a: Pelipper|1
|-resisted|p1b: Archaludon|1
|-damage|p1a: Pelipper|47/100
|-damage|p1b: Archaludon|48/100
|-ability|p1b: Archaludon|Stamina|boost
|-boost|p1b: Archaludon|def|1
|-enditem|p1a: Pelipper|Sitrus Berry|[eat]
|-heal|p1a: Pelipper|72/100|[from] item: Sitrus Berry
|move|p2b: Sneasler|Close Combat|p1b: Archaludon
|-supereffective|p1b: Archaludon|1
|-damage|p1b: Archaludon|0 fnt
|-unboost|p2b: Sneasler|def|1
|-unboost|p2b: Sneasler|spd|1
|faint|p1b: Archaludon
|
|-weather|RainDance|[upkeep]
|upkeep
|
|t:|1783623136
|switch|p1b: Swampert|Swampert, L50, F|100/100
|turn|3
|
|t:|1783623158
|detailschange|p1b: Swampert|Swampert-Mega, L50, F
|-mega|p1b: Swampert|Swampert|Swampertite
|move|p2a: Blastoise|Water Spout|p1b: Swampert|[spread] p1a,p1b
|-resisted|p1a: Pelipper|1
|-damage|p1a: Pelipper|21/100
|-damage|p1b: Swampert|5/100
|move|p1b: Swampert|Earthquake|p2a: Blastoise|[spread] p2a,p2b
|-immune|p1a: Pelipper
|-supereffective|p2b: Sneasler|1
|-damage|p2a: Blastoise|27/100
|-enditem|p2b: Sneasler|Focus Sash
|-damage|p2b: Sneasler|1/100
|move|p2b: Sneasler|Close Combat|p1b: Swampert
|-damage|p1b: Swampert|0 fnt
|-unboost|p2b: Sneasler|def|1
|-unboost|p2b: Sneasler|spd|1
|faint|p1b: Swampert
|move|p1a: Pelipper|Hurricane|p2a: Blastoise
|-damage|p2a: Blastoise|0 fnt
|faint|p2a: Blastoise
|
|-weather|RainDance|[upkeep]
|upkeep
|
|t:|1783623172
|switch|p2a: Incineroar|Incineroar, L50, M|100/100
|switch|p1b: Grimmsnarl|Grimmsnarl, L50, M|100/100
|-ability|p2a: Incineroar|Intimidate|boost
|-unboost|p1a: Pelipper|atk|1
|-unboost|p1b: Grimmsnarl|atk|1
|turn|4
|
|t:|1783623181
|move|p1a: Pelipper|Protect|p1a: Pelipper
|-singleturn|p1a: Pelipper|Protect
|move|p2a: Incineroar|Fake Out|p1a: Pelipper
|-activate|p1a: Pelipper|move: Protect
|move|p1b: Grimmsnarl|Reflect|p1b: Grimmsnarl
|-sidestart|p1: battle sim trainer|Reflect
|move|p2b: Sneasler|Poison Jab|p1b: Grimmsnarl
|-supereffective|p1b: Grimmsnarl|1
|-damage|p1b: Grimmsnarl|40/100
|-status|p1b: Grimmsnarl|psn
|
|-weather|RainDance|[upkeep]
|-damage|p1b: Grimmsnarl|28/100 psn|[from] psn
|upkeep
|turn|5
|
|t:|1783623192
|move|p2b: Sneasler|Poison Jab|p1b: Grimmsnarl
|-supereffective|p1b: Grimmsnarl|1
|-damage|p1b: Grimmsnarl|0 fnt
|faint|p1b: Grimmsnarl
|move|p2a: Incineroar|Flare Blitz|p1a: Pelipper
|-resisted|p1a: Pelipper|1
|-damage|p1a: Pelipper|14/100
|-status|p1a: Pelipper|brn
|-damage|p2a: Incineroar|98/100|[from] Recoil
|move|p1a: Pelipper|Weather Ball|p2a: Incineroar
|-supereffective|p2a: Incineroar|1
|-damage|p2a: Incineroar|14/100
|-enditem|p2a: Incineroar|Sitrus Berry|[eat]
|-heal|p2a: Incineroar|39/100|[from] item: Sitrus Berry
|
|-weather|RainDance|[upkeep]
|-damage|p1a: Pelipper|8/100 brn|[from] brn
|upkeep
|turn|6
|-message|battle sim trainer forfeited.
|
|win|Pledgen
|raw|battle sim trainer's rating: 1152 → 1126(-26 for losing)
|raw|Pledgen's rating: 1143 → 1169(+26 for winning)
|l|☆Pledgen
|player|p2|
