|j|☆DieGuitoRra
|j|☆archyx05
|html|DieGuitoRraarchyx05    
|uhtml|bestof|Game 1 of a best-of-3
|t:|1785275063
|gametype|doubles
|player|p1|DieGuitoRra|youngcouple-gen4dp|1185
|player|p2|archyx05|101|1140
|gen|9
|tier|[Gen 9 Champions] VGC 2026 Reg M-B (Bo3)
|rated|
|rule|Species Clause: Limit one of each Pokémon
|rule|Item Clause: Limit 1 of each item
|clearpoke
|poke|p1|Kingambit, L50, F|
|poke|p1|Charizard, L50, F|
|poke|p1|Aerodactyl, L50, F|
|poke|p1|Farigiraf, L50, F|
|poke|p1|Garchomp, L50, F|
|poke|p1|Sylveon, L50, F|
|poke|p2|Whimsicott, L50, M|
|poke|p2|Charizard, L50, F|
|poke|p2|Garchomp, L50, M|
|poke|p2|Kingambit, L50, M|
|poke|p2|Floette-Eternal, L50, F|
|poke|p2|Basculegion, L50, M|
|teampreview|4
|showteam|p1|Kingambit||FocusSash|Defiant|IronHead,LowKick,SuckerPunch,KowtowCleave|Adamant||F|||50|]Charizard||CharizarditeY|Blaze|HeatWave,WeatherBall,SolarBeam,Protect|Modest||F|||50|]Aerodactyl||Aerodactylite|RockHead|RockSlide,DualWingbeat,Tailwind,WideGuard|Jolly||F|||50|]Farigiraf||SitrusBerry|ArmorTail|TwinBeam,Thunderbolt,TrickRoom,Roar|Bold||F|||50|]Garchomp||LifeOrb|RoughSkin|DragonClaw,StompingTantrum,Earthquake,Protect|Jolly||F|||50|]Sylveon||FairyFeather|Pixilate|HyperVoice,HyperBeam,QuickAttack,Detect|Modest||F|||50|
|showteam|p2|Whimsicott||FairyFeather|Prankster|Protect,Moonblast,Tailwind,Encore|Timid||M|||50|]Charizard||CharizarditeY|SolarPower|Protect,SolarBeam,HeatWave,WeatherBall|Modest||F|||50|]Garchomp||SitrusBerry|RoughSkin|Protect,Earthquake,DragonClaw,RockSlide|Adamant||M|||50|]Kingambit||ChopleBerry|Defiant|KowtowCleave,SuckerPunch,IronHead,LowKick|Adamant||M|||50|]Floette-Eternal||Floettite|FlowerVeil|Protect,DazzlingGleam,Moonblast,LightofRuin|Modest||F|||50|]Basculegion||FocusSash|Adaptability|Protect,Liquidation,LastRespects,AquaJet|Jolly||M|||50|
|inactive|Battle timer is ON: inactive players will automatically lose when time's up. (requested by archyx05)
|inactive|DieGuitoRra has 60 seconds left.
|
|t:|1785275117
|teamsize|p1|4
|teamsize|p2|4
|start
|switch|p1a: Charizard|Charizard, L50, F|100/100
|switch|p1b: Farigiraf|Farigiraf, L50, F|100/100
|switch|p2a: Whimsicott|Whimsicott, L50, M|100/100
|switch|p2b: Garchomp|Garchomp, L50, M|100/100
|turn|1
|
|t:|1785275131
|move|p1a: Charizard|Protect|p1a: Charizard
|-singleturn|p1a: Charizard|Protect
|move|p2a: Whimsicott|Moonblast|p1b: Farigiraf
|-damage|p1b: Farigiraf|59/100
|-unboost|p1b: Farigiraf|spa|1
|move|p2b: Garchomp|Rock Slide|p1b: Farigiraf|[spread] p1b
|-activate|p1a: Charizard|move: Protect
|-damage|p1b: Farigiraf|43/100
|-enditem|p1b: Farigiraf|Sitrus Berry|[eat]
|-heal|p1b: Farigiraf|68/100|[from] item: Sitrus Berry
|move|p1b: Farigiraf|Trick Room|p1b: Farigiraf
|-fieldstart|move: Trick Room|[of] p1b: Farigiraf
|
|upkeep
|turn|2
|
|t:|1785275149
|detailschange|p1a: Charizard|Charizard-Mega-Y, L50, F
|-mega|p1a: Charizard|Charizard|Charizardite Y
|-weather|SunnyDay|[from] ability: Drought|[of] p1a: Charizard
|move|p2a: Whimsicott|Protect|p2a: Whimsicott
|-singleturn|p2a: Whimsicott|Protect
|move|p1b: Farigiraf|Twin Beam|p2a: Whimsicott
|-activate|p2a: Whimsicott|move: Protect
|move|p2b: Garchomp|Rock Slide|p1a: Charizard|[spread] p1a,p1b
|-supereffective|p1a: Charizard|2
|-damage|p1a: Charizard|16/100
|-damage|p1b: Farigiraf|54/100
|move|p1a: Charizard|Heat Wave|p2b: Garchomp|[spread] p2b
|-activate|p2a: Whimsicott|move: Protect
|-resisted|p2b: Garchomp|1
|-damage|p2b: Garchomp|74/100
|
|-weather|SunnyDay|[upkeep]
|upkeep
|turn|3
|
|t:|1785275170
|switch|p2a: Kingambit|Kingambit, L50, M|100/100
|move|p1b: Farigiraf|Twin Beam|p2b: Garchomp
|-damage|p2b: Garchomp|65/100
|-damage|p2b: Garchomp|56/100
|-hitcount|p2b: Garchomp|2
|move|p2b: Garchomp|Dragon Claw|p1a: Charizard
|-damage|p1a: Charizard|0 fnt
|faint|p1a: Charizard
|
|-weather|SunnyDay|[upkeep]
|upkeep
|
|t:|1785275187
|switch|p1a: Kingambit|Kingambit, L50, F|100/100
|turn|4
|
|t:|1785275203
|switch|p1b: Sylveon|Sylveon, L50, F|100/100
|move|p2a: Kingambit|Low Kick|p1a: Kingambit
|-supereffective|p1a: Kingambit|2
|-enditem|p1a: Kingambit|Focus Sash
|-damage|p1a: Kingambit|1/100
|move|p1a: Kingambit|Low Kick|p2a: Kingambit
|-supereffective|p2a: Kingambit|2
|-enditem|p2a: Kingambit|Chople Berry|[eat]
|-enditem|p2a: Kingambit|Chople Berry|[weaken]
|-damage|p2a: Kingambit|44/100
|move|p2b: Garchomp|Rock Slide|p1a: Kingambit|[spread] p1a,p1b
|-resisted|p1a: Kingambit|1
|-damage|p1a: Kingambit|0 fnt
|-damage|p1b: Sylveon|78/100
|faint|p1a: Kingambit
|
|-weather|SunnyDay|[upkeep]
|upkeep
|
|t:|1785275214
|switch|p1a: Farigiraf|Farigiraf, L50, F|54/100
|turn|5
|
|t:|1785275224
|move|p2a: Kingambit|Kowtow Cleave|p1a: Farigiraf
|-supereffective|p1a: Farigiraf|1
|-damage|p1a: Farigiraf|0 fnt
|faint|p1a: Farigiraf
|move|p1b: Sylveon|Hyper Voice|p2a: Kingambit|[spread] p2a,p2b
|-supereffective|p2b: Garchomp|1
|-damage|p2a: Kingambit|1/100
|-damage|p2b: Garchomp|0 fnt
|faint|p2b: Garchomp
|
|-weather|SunnyDay|[upkeep]
|-fieldend|move: Trick Room
|upkeep
|
|t:|1785275231
|switch|p2b: Floette|Floette-Eternal, L50, F|100/100
|turn|6
|
|t:|1785275236
|move|p2b: Floette|Protect|p2b: Floette
|-singleturn|p2b: Floette|Protect
|move|p1b: Sylveon|Quick Attack|p2a: Kingambit
|-damage|p2a: Kingambit|0 fnt
|faint|p2a: Kingambit
|
|-weather|none
|upkeep
|
|t:|1785275240
|switch|p2a: Whimsicott|Whimsicott, L50, M|100/100
|turn|7
|
|t:|1785275247
|detailschange|p2b: Floette|Floette-Mega, L50, F
|-mega|p2b: Floette|Floette|Floettite
|-ability|p2b: Floette|Fairy Aura
|move|p2a: Whimsicott|Encore|p1b: Sylveon
|-start|p1b: Sylveon|Encore
|move|p1b: Sylveon|Quick Attack|p2b: Floette
|-damage|p2b: Floette|75/100
|move|p2b: Floette|Moonblast|p1b: Sylveon
|-damage|p1b: Sylveon|6/100
|
|upkeep
|turn|8
|
|t:|1785275261
|move|p1b: Sylveon|Quick Attack|p2b: Floette
|-damage|p2b: Floette|51/100
|move|p2a: Whimsicott|Moonblast|p1b: Sylveon
|-damage|p1b: Sylveon|0 fnt
|faint|p1b: Sylveon
|
|win|archyx05
