|j|☆jirkunow
|j|☆fralb14
|html|jirkunowfralb14    
|uhtml|bestof|Game 3 of a best-of-3
|t:|1756286247
|gametype|doubles
|player|p1|jirkunow|265|1105
|player|p2|fralb14|170|1126
|gen|9
|tier|[Gen 9] VGC 2025 Reg H (Bo3)
|rated|
|rule|Species Clause: Limit one of each Pokémon
|rule|Item Clause: Limit 1 of each item
|clearpoke
|poke|p1|Sneasler, L50, M|
|poke|p1|Gholdengo, L50|
|poke|p1|Rillaboom, L50, M|
|poke|p1|Incineroar, L50, F|
|poke|p1|Ursaluna-Bloodmoon, L50, M|
|poke|p1|Electabuzz, L50, M|
|poke|p2|Gholdengo, L50|
|poke|p2|Pelipper, L50, F|
|poke|p2|Archaludon, L50, M|
|poke|p2|Sinistcha, L50|
|poke|p2|Ursaluna, L50, M|
|poke|p2|Dragonite, L50, M|
|teampreview|4
|showteam|p1|Sneasler||FocusSash|PoisonTouch|Protect,CloseCombat,Taunt,DireClaw|||M|||50|,,,,,Fighting]Gholdengo||LifeOrb|GoodasGold|MakeItRain,Protect,ShadowBall,NastyPlot||||||50|,,,,,Water]Rillaboom||AssaultVest|GrassySurge|Uturn,GrassyGlide,FakeOut,KnockOff|||M|||50|,,,,,Fire]Incineroar||SafetyGoggles|Intimidate|FakeOut,WillOWisp,PartingShot,FlareBlitz|||F|||50|,,,,,Ghost]Ursaluna-Bloodmoon||ThroatSpray|MindsEye|VacuumWave,HyperVoice,BloodMoon,Protect|||M|||50|,,,,,Ground]Electabuzz||Eviolite|Static|Electroweb,FollowMe,Protect,HelpingHand|||M|||50|,,,,,Flying
|showteam|p2|Gholdengo||ChoiceScarf|GoodasGold|MakeItRain,ShadowBall,Trick,Protect||||||50|,,,,,Flying]Pelipper||FocusSash|Drizzle|WeatherBall,Hurricane,Tailwind,Protect|||F|||50|,,,,,Ghost]Archaludon||AssaultVest|Stamina|ElectroShot,FlashCannon,BodyPress,Snarl|||M|||50|,,,,,Fighting]Sinistcha||SitrusBerry|Hospitality|MatchaGotcha,LifeDew,RagePowder,TrickRoom||||||50|,,,,,Dark]Ursaluna||FlameOrb|Guts|HeadlongRush,Earthquake,Facade,Protect|||M|||50|,,,,,Ghost]Dragonite||LoadedDice|Multiscale|ScaleShot,Haze,Tailwind,Protect|||M|||50|,,,,,Fairy
|inactive|Battle timer is ON: inactive players will automatically lose when time's up. (requested by fralb14)
|inactive|fralb14 has 60 seconds left.
|inactive|fralb14 has 30 seconds left.
|
|t:|1756286315
|teamsize|p1|4
|teamsize|p2|4
|start
|switch|p1a: Gholdengo|Gholdengo, L50|100/100
|switch|p1b: Rillaboom|Rillaboom, L50, M|100/100
|switch|p2a: Gholdengo|Gholdengo, L50|100/100
|switch|p2b: Archaludon|Archaludon, L50, M|100/100
|-fieldstart|move: Grassy Terrain|[from] ability: Grassy Surge|[of] p1b: Rillaboom
|turn|1
|inactive|fralb14 has 30 seconds left.
|
|t:|1756286345
|move|p1a: Gholdengo|Protect|p1a: Gholdengo
|-singleturn|p1a: Gholdengo|Protect
|move|p2a: Gholdengo|Shadow Ball|p1a: Gholdengo
|-activate|p1a: Gholdengo|move: Protect
|move|p1b: Rillaboom|Knock Off|p2a: Gholdengo
|-supereffective|p2a: Gholdengo
|-damage|p2a: Gholdengo|22/100
|-enditem|p2a: Gholdengo|Choice Scarf|[from] move: Knock Off|[of] p1b: Rillaboom
|move|p2b: Archaludon|Snarl|p1b: Rillaboom|[spread] p1b
|-activate|p1a: Gholdengo|move: Protect
|-damage|p1b: Rillaboom|92/100
|-unboost|p1b: Rillaboom|spa|1
|
|-heal|p2a: Gholdengo|29/100|[from] Grassy Terrain
|-heal|p1b: Rillaboom|98/100|[from] Grassy Terrain
|upkeep
|turn|2
|
|t:|1756286367
|switch|p2a: Pelipper|Pelipper, L50, F|100/100
|-weather|RainDance|[from] ability: Drizzle|[of] p2a: Pelipper
|switch|p1a: Sneasler|Sneasler, L50, M|100/100
|move|p1b: Rillaboom|U-turn|p2a: Pelipper
|-resisted|p2a: Pelipper
|-damage|p2a: Pelipper|84/100
|
|t:|1756286383
|switch|p1b: Incineroar|Incineroar, L50, F|100/100|[from] U-turn
|-ability|p1b: Incineroar|Intimidate|boost
|-unboost|p2a: Pelipper|atk|1
|-unboost|p2b: Archaludon|atk|1
|move|p2b: Archaludon|Electro Shot||[still]
|-prepare|p2b: Archaludon|Electro Shot
|-boost|p2b: Archaludon|spa|1
|-anim|p2b: Archaludon|Electro Shot|p1a: Sneasler
|-damage|p1a: Sneasler|24/100
|
|-weather|RainDance|[upkeep]
|-heal|p1a: Sneasler|29/100|[from] Grassy Terrain
|upkeep
|turn|3
|inactive|fralb14 has 30 seconds left.
|inactive|fralb14 has 20 seconds left.
|inactive|fralb14 has 15 seconds left.
|inactive|fralb14 has 10 seconds left.
|inactive|fralb14 has 5 seconds left.
|
|t:|1756286437
|move|p1b: Incineroar|Fake Out|p2a: Pelipper
|-damage|p2a: Pelipper|71/100
|move|p1a: Sneasler|Close Combat|p2b: Archaludon
|-supereffective|p2b: Archaludon
|-damage|p2b: Archaludon|20/100
|-unboost|p1a: Sneasler|def|1
|-unboost|p1a: Sneasler|spd|1
|-ability|p2b: Archaludon|Stamina|boost
|-boost|p2b: Archaludon|def|1
|cant|p2a: Pelipper|flinch
|move|p2b: Archaludon|Body Press|p1b: Incineroar
|-supereffective|p1b: Incineroar
|-damage|p1b: Incineroar|23/100
|
|-weather|RainDance|[upkeep]
|-heal|p1a: Sneasler|35/100|[from] Grassy Terrain
|-heal|p1b: Incineroar|29/100|[from] Grassy Terrain
|-heal|p2b: Archaludon|26/100|[from] Grassy Terrain
|upkeep
|turn|4
|inactive|jirkunow has 30 seconds left.
|inactive|fralb14 has 30 seconds left.
|inactive|jirkunow has 20 seconds left.
|inactive|fralb14 has 20 seconds left.
|inactive|jirkunow has 15 seconds left.
|inactive|fralb14 has 15 seconds left.
|inactive|fralb14 has 10 seconds left.
|inactive|jirkunow has 10 seconds left.
|inactive|fralb14 has 5 seconds left.
|inactive|jirkunow has 5 seconds left.
|
|t:|1756286497
|-terastallize|p2b: Archaludon|Fighting
|move|p1a: Sneasler|Protect|p1a: Sneasler
|-singleturn|p1a: Sneasler|Protect
|move|p1b: Incineroar|Fake Out||[still]
|-hint|Fake Out only works on your first turn out.
|-fail|p1b: Incineroar
|move|p2a: Pelipper|Weather Ball|p1b: Incineroar
|-supereffective|p1b: Incineroar
|-damage|p1b: Incineroar|0 fnt
|faint|p1b: Incineroar
|move|p2b: Archaludon|Body Press|p1a: Sneasler
|-activate|p1a: Sneasler|move: Protect
|
|-weather|RainDance|[upkeep]
|-heal|p1a: Sneasler|41/100|[from] Grassy Terrain
|-heal|p2b: Archaludon|32/100|[from] Grassy Terrain
|upkeep
|
|t:|1756286508
|switch|p1b: Gholdengo|Gholdengo, L50|100/100
|turn|5
|inactive|fralb14 has 30 seconds left.
|inactive|fralb14 has 20 seconds left.
|
|t:|1756286544
|move|p1a: Sneasler|Close Combat|p2b: Archaludon
|-damage|p2b: Archaludon|6/100
|-unboost|p1a: Sneasler|def|1
|-unboost|p1a: Sneasler|spd|1
|-ability|p2b: Archaludon|Stamina|boost
|-boost|p2b: Archaludon|def|1
|-status|p2b: Archaludon|psn|[from] ability: Poison Touch|[of] p1a: Sneasler
|move|p2a: Pelipper|Tailwind|p2a: Pelipper
|-sidestart|p2: fralb14|move: Tailwind
|move|p2b: Archaludon|Snarl|p1b: Gholdengo|[spread] p1a,p1b
|-resisted|p1a: Sneasler
|-supereffective|p1b: Gholdengo
|-damage|p1a: Sneasler|17/100
|-damage|p1b: Gholdengo|64/100
|-unboost|p1a: Sneasler|spa|1
|-unboost|p1b: Gholdengo|spa|1
|move|p1b: Gholdengo|Make It Rain|p2b: Archaludon|[spread] p2a,p2b
|-resisted|p2a: Pelipper
|-damage|p2a: Pelipper|31/100
|-damage|p2b: Archaludon|0 fnt
|-unboost|p1b: Gholdengo|spa|1
|faint|p2b: Archaludon
|-damage|p1b: Gholdengo|54/100|[from] item: Life Orb
|
|-weather|RainDance|[upkeep]
|-heal|p1a: Sneasler|23/100|[from] Grassy Terrain
|-heal|p1b: Gholdengo|60/100|[from] Grassy Terrain
|-fieldend|move: Grassy Terrain
|upkeep
|inactive|fralb14 has 30 seconds left.
|
|t:|1756286572
|switch|p2b: Gholdengo|Gholdengo, L50|29/100
|turn|6
|
|t:|1756286590
|switch|p1a: Rillaboom|Rillaboom, L50, M|98/100
|-fieldstart|move: Grassy Terrain|[from] ability: Grassy Surge|[of] p1a: Rillaboom
|move|p1b: Gholdengo|Protect|p1b: Gholdengo
|-singleturn|p1b: Gholdengo|Protect
|move|p2b: Gholdengo|Make It Rain|p1b: Gholdengo|[spread] p1a
|-activate|p1b: Gholdengo|move: Protect
|-damage|p1a: Rillaboom|63/100
|-unboost|p2b: Gholdengo|spa|1
|move|p2a: Pelipper|Weather Ball|p1b: Gholdengo
|-activate|p1b: Gholdengo|move: Protect
|
|-weather|none
|-heal|p2b: Gholdengo|35/100|[from] Grassy Terrain
|-heal|p1a: Rillaboom|69/100|[from] Grassy Terrain
|-heal|p1b: Gholdengo|66/100|[from] Grassy Terrain
|upkeep
|turn|7
|inactive|jirkunow has 30 seconds left.
|inactive|fralb14 has 30 seconds left.
|inactive|fralb14 has 20 seconds left.
|inactive|fralb14 has 15 seconds left.
|inactive|fralb14 has 10 seconds left.
|inactive|fralb14 has 5 seconds left.
|
|t:|1756286640
|switch|p1b: Sneasler|Sneasler, L50, M|23/100
|move|p2b: Gholdengo|Shadow Ball|p1b: Sneasler
|-damage|p1b: Sneasler|0 fnt
|faint|p1b: Sneasler
|move|p2a: Pelipper|Hurricane|p1a: Rillaboom
|-supereffective|p1a: Rillaboom
|-damage|p1a: Rillaboom|0 fnt
|faint|p1a: Rillaboom
|
|-heal|p2b: Gholdengo|41/100|[from] Grassy Terrain
|upkeep
|
|t:|1756286653
|switch|p1b: Gholdengo|Gholdengo, L50|66/100
|turn|8
|
|t:|1756286676
|switch|p2a: Sinistcha|Sinistcha, L50|100/100
|-heal|p2b: Gholdengo|66/100|[from] ability: Hospitality|[of] p2a: Sinistcha
|move|p1b: Gholdengo|Protect|p1b: Gholdengo
|-singleturn|p1b: Gholdengo|Protect
|move|p2b: Gholdengo|Shadow Ball|p1b: Gholdengo
|-activate|p1b: Gholdengo|move: Protect
|
|-heal|p2b: Gholdengo|72/100|[from] Grassy Terrain
|-heal|p1b: Gholdengo|72/100|[from] Grassy Terrain
|-sideend|p2: fralb14|move: Tailwind
|upkeep
|turn|9
|inactive|fralb14 has 30 seconds left.
|
|t:|1756286701
|move|p2a: Sinistcha|Rage Powder|p2a: Sinistcha
|-singleturn|p2a: Sinistcha|move: Rage Powder
|move|p2b: Gholdengo|Trick|p1b: Gholdengo
|-immune|p1b: Gholdengo|[from] ability: Good as Gold
|move|p1b: Gholdengo|Shadow Ball|p2a: Sinistcha
|-supereffective|p2a: Sinistcha
|-damage|p2a: Sinistcha|0 fnt
|faint|p2a: Sinistcha
|-damage|p1b: Gholdengo|62/100|[from] item: Life Orb
|
|-heal|p2b: Gholdengo|78/100|[from] Grassy Terrain
|-heal|p1b: Gholdengo|68/100|[from] Grassy Terrain
|upkeep
|
|t:|1756286715
|switch|p2a: Pelipper|Pelipper, L50, F|31/100
|-weather|RainDance|[from] ability: Drizzle|[of] p2a: Pelipper
|turn|10
|
|t:|1756286735
|-terastallize|p1b: Gholdengo|Water
|move|p2b: Gholdengo|Shadow Ball|p1b: Gholdengo
|-damage|p1b: Gholdengo|36/100
|move|p2a: Pelipper|Weather Ball|p1b: Gholdengo
|-resisted|p1b: Gholdengo
|-damage|p1b: Gholdengo|0 fnt
|faint|p1b: Gholdengo
|
|win|fralb14
|raw|jirkunow's rating: 1105 → 1082(-23 for losing)
|raw|fralb14's rating: 1126 → 1149(+23 for winning)
|l|☆jirkunow
|player|p1|
