|j|☆OreXis945
|j|☆MiraiPidgeon
|html|OreXis945MiraiPidgeon    
|uhtml|bestof|Game 2 of a best-of-3
|t:|1757862280
|gametype|doubles
|player|p1|OreXis945|101|1301
|player|p2|MiraiPidgeon|102|1204
|gen|9
|tier|[Gen 9] VGC 2025 Reg H (Bo3)
|rated|
|rule|Species Clause: Limit one of each Pokémon
|rule|Item Clause: Limit 1 of each item
|clearpoke
|poke|p1|Politoed, L50, M|
|poke|p1|Incineroar, L50, M|
|poke|p1|Gothitelle, L50, M|
|poke|p1|Kingdra, L50, F|
|poke|p1|Archaludon, L50, M|
|poke|p1|Amoonguss, L50, F|
|poke|p2|Rillaboom, L50, M|
|poke|p2|Magmar, L50, F|
|poke|p2|Sneasler, L50, F|
|poke|p2|Gholdengo, L50|
|poke|p2|Dragonite, L50, M|
|poke|p2|Ursaluna-Bloodmoon, L50, M|
|teampreview|4
|showteam|p1|Politoed||Leftovers|Drizzle|WeatherBall,Encore,PerishSong,Protect|||M|||50|,,,,,Grass]Incineroar||SafetyGoggles|Intimidate|KnockOff,PartingShot,FakeOut,Protect|||M|||50|,,,,,Ghost]Gothitelle||SitrusBerry|ShadowTag|Psychic,TrickRoom,FakeOut,Protect|||M|||50|,,,,,Dark]Kingdra||LifeOrb|SwiftSwim|MuddyWater,WeatherBall,DracoMeteor,Protect|||F|||50|,,,,,Stellar]Archaludon||PowerHerb|Sturdy|ElectroShot,DragonPulse,FlashCannon,Protect|||M|||50|,,,,,Electric]Amoonguss||EjectButton|Regenerator|PollenPuff,Spore,RagePowder,Protect|||F|||50|,,,,,Fairy
|showteam|p2|Rillaboom||MiracleSeed|GrassySurge|GrassyGlide,FakeOut,WoodHammer,HighHorsepower|||M|||50|,,,,,Fire]Magmar||Eviolite|VitalSpirit|Protect,BurningJealousy,FollowMe,ClearSmog|||F|||50|,,,,,Dragon]Sneasler||FocusSash|PoisonTouch|DireClaw,CloseCombat,Coaching,FakeOut|||F|||50|,,,,,Ghost]Gholdengo||LifeOrb|GoodasGold|MakeItRain,ShadowBall,NastyPlot,Protect||||||50|,,,,,Water]Dragonite||LoadedDice|Multiscale|Tailwind,LowKick,ScaleShot,Protect|||M|||50|,,,,,Fairy]Ursaluna-Bloodmoon||AssaultVest|MindsEye|BloodMoon,EarthPower,HyperVoice,VacuumWave|||M|||50|,,,,,Water
|
|t:|1757862308
|teamsize|p1|4
|teamsize|p2|4
|start
|switch|p1a: Incineroar|Incineroar, L50, M|100/100
|switch|p1b: Archaludon|Archaludon, L50, M|100/100
|switch|p2a: Ursaluna|Ursaluna-Bloodmoon, L50, M|100/100
|switch|p2b: Rillaboom|Rillaboom, L50, M|100/100
|-fieldstart|move: Grassy Terrain|[from] ability: Grassy Surge|[of] p2b: Rillaboom
|-ability|p1a: Incineroar|Intimidate|boost
|-unboost|p2a: Ursaluna|atk|1
|-unboost|p2b: Rillaboom|atk|1
|turn|1
|
|t:|1757862345
|switch|p1b: Politoed|Politoed, L50, M|100/100
|-weather|RainDance|[from] ability: Drizzle|[of] p1b: Politoed
|move|p2b: Rillaboom|Fake Out|p1b: Politoed
|-damage|p1b: Politoed|90/100
|move|p2a: Ursaluna|Earth Power|p1b: Politoed
|-crit|p1b: Politoed
|-damage|p1b: Politoed|33/100
|move|p1a: Incineroar|Parting Shot|p2b: Rillaboom
|-unboost|p2b: Rillaboom|atk|1
|-unboost|p2b: Rillaboom|spa|1
|
|t:|1757862363
|switch|p1a: Gothitelle|Gothitelle, L50, M|100/100|[from] Parting Shot
|
|-weather|RainDance|[upkeep]
|-heal|p1b: Politoed|40/100|[from] Grassy Terrain
|-heal|p1b: Politoed|46/100|[from] item: Leftovers
|upkeep
|turn|2
|
|t:|1757862392
|-terastallize|p1b: Politoed|Grass
|move|p1a: Gothitelle|Fake Out|p2a: Ursaluna
|-damage|p2a: Ursaluna|96/100
|move|p2b: Rillaboom|Wood Hammer|p1b: Politoed
|-resisted|p1b: Politoed
|-damage|p1b: Politoed|22/100
|-damage|p2b: Rillaboom|93/100|[from] Recoil
|move|p1b: Politoed|Perish Song|p1b: Politoed
|-start|p1a: Gothitelle|perish3|[silent]
|-start|p1b: Politoed|perish3|[silent]
|-start|p2a: Ursaluna|perish3|[silent]
|-start|p2b: Rillaboom|perish3|[silent]
|-fieldactivate|move: Perish Song
|cant|p2a: Ursaluna|flinch
|
|-weather|RainDance|[upkeep]
|-heal|p2b: Rillaboom|99/100|[from] Grassy Terrain
|-heal|p1b: Politoed|28/100|[from] Grassy Terrain
|-heal|p1b: Politoed|34/100|[from] item: Leftovers
|-heal|p2a: Ursaluna|100/100|[from] Grassy Terrain
|-start|p2b: Rillaboom|perish3
|-start|p1b: Politoed|perish3
|-start|p2a: Ursaluna|perish3
|-start|p1a: Gothitelle|perish3
|upkeep
|turn|3
|
|t:|1757862407
|switch|p1b: Incineroar|Incineroar, L50, M|100/100
|-ability|p1b: Incineroar|Intimidate|boost
|-unboost|p2a: Ursaluna|atk|1
|-unboost|p2b: Rillaboom|atk|1
|-terastallize|p2a: Ursaluna|Water
|move|p1a: Gothitelle|Protect|p1a: Gothitelle
|-singleturn|p1a: Gothitelle|Protect
|move|p2b: Rillaboom|High Horsepower|p1b: Incineroar|[miss]
|-miss|p2b: Rillaboom|p1b: Incineroar
|move|p2a: Ursaluna|Blood Moon|p1b: Incineroar
|-damage|p1b: Incineroar|54/100
|
|-weather|RainDance|[upkeep]
|-heal|p2b: Rillaboom|100/100|[from] Grassy Terrain
|-heal|p1b: Incineroar|60/100|[from] Grassy Terrain
|-start|p2b: Rillaboom|perish2
|-start|p2a: Ursaluna|perish2
|-start|p1a: Gothitelle|perish2
|upkeep
|turn|4
|
|t:|1757862428
|move|p1b: Incineroar|Fake Out|p2a: Ursaluna
|-damage|p2a: Ursaluna|93/100
|move|p2b: Rillaboom|High Horsepower|p1b: Incineroar
|-supereffective|p1b: Incineroar
|-damage|p1b: Incineroar|38/100
|cant|p2a: Ursaluna|flinch
|move|p1a: Gothitelle|Trick Room|p1a: Gothitelle
|-fieldstart|move: Trick Room|[of] p1a: Gothitelle
|
|-weather|RainDance|[upkeep]
|-heal|p1b: Incineroar|44/100|[from] Grassy Terrain
|-heal|p2a: Ursaluna|99/100|[from] Grassy Terrain
|-start|p1a: Gothitelle|perish1
|-start|p2a: Ursaluna|perish1
|-start|p2b: Rillaboom|perish1
|upkeep
|turn|5
|
|t:|1757862450
|switch|p1a: Politoed|Politoed, L50, M, tera:Grass|34/100
|move|p1b: Incineroar|Protect|p1b: Incineroar
|-singleturn|p1b: Incineroar|Protect
|move|p2a: Ursaluna|Hyper Voice|p1b: Incineroar|[spread] p1a
|-activate|p1b: Incineroar|move: Protect
|-damage|p1a: Politoed|9/100
|move|p2b: Rillaboom|Wood Hammer|p1a: Politoed
|-resisted|p1a: Politoed
|-damage|p1a: Politoed|0 fnt
|faint|p1a: Politoed
|-damage|p2b: Rillaboom|98/100|[from] Recoil
|
|-weather|none
|-heal|p1b: Incineroar|50/100|[from] Grassy Terrain
|-heal|p2a: Ursaluna|100/100|[from] Grassy Terrain
|-heal|p2b: Rillaboom|100/100|[from] Grassy Terrain
|-start|p2a: Ursaluna|perish0
|-start|p2b: Rillaboom|perish0
|faint|p2a: Ursaluna
|faint|p2b: Rillaboom
|-fieldend|move: Grassy Terrain
|upkeep
|
|t:|1757862459
|switch|p2a: Gholdengo|Gholdengo, L50|100/100
|switch|p1a: Gothitelle|Gothitelle, L50, M|100/100
|switch|p2b: Sneasler|Sneasler, L50, F|100/100
|turn|6
|
|t:|1757862482
|move|p2b: Sneasler|Fake Out|p1a: Gothitelle
|-damage|p1a: Gothitelle|86/100
|-status|p1a: Gothitelle|psn|[from] ability: Poison Touch|[of] p2b: Sneasler
|move|p1b: Incineroar|Knock Off|p2b: Sneasler
|-resisted|p2b: Sneasler
|-damage|p2b: Sneasler|68/100
|-enditem|p2b: Sneasler|Focus Sash|[from] move: Knock Off|[of] p1b: Incineroar
|cant|p1a: Gothitelle|flinch
|move|p2a: Gholdengo|Nasty Plot|p2a: Gholdengo
|-boost|p2a: Gholdengo|spa|2
|
|-damage|p1a: Gothitelle|74/100 psn|[from] psn
|upkeep
|turn|7
|
|t:|1757862502
|move|p2a: Gholdengo|Protect|p2a: Gholdengo
|-singleturn|p2a: Gholdengo|Protect
|move|p1b: Incineroar|Knock Off|p2a: Gholdengo
|-activate|p2a: Gholdengo|move: Protect
|move|p1a: Gothitelle|Psychic|p2b: Sneasler
|-supereffective|p2b: Sneasler
|-damage|p2b: Sneasler|0 fnt
|faint|p2b: Sneasler
|
|-damage|p1a: Gothitelle|62/100 psn|[from] psn
|upkeep
|turn|8
|
|t:|1757862509
|move|p2a: Gholdengo|Protect||[still]
|-fail|p2a: Gholdengo
|move|p1b: Incineroar|Knock Off|p2a: Gholdengo
|-supereffective|p2a: Gholdengo
|-damage|p2a: Gholdengo|34/100
|-enditem|p2a: Gholdengo|Life Orb|[from] move: Knock Off|[of] p1b: Incineroar
|move|p1a: Gothitelle|Psychic|p2a: Gholdengo
|-resisted|p2a: Gholdengo
|-damage|p2a: Gholdengo|19/100
|
|-damage|p1a: Gothitelle|49/100 psn|[from] psn
|-fieldend|move: Trick Room
|upkeep
|-enditem|p1a: Gothitelle|Sitrus Berry|[eat]
|-heal|p1a: Gothitelle|74/100 psn|[from] item: Sitrus Berry
|turn|9
|
|t:|1757862513
|move|p2a: Gholdengo|Make It Rain|p1a: Gothitelle|[spread] p1a,p1b
|-resisted|p1b: Incineroar
|-damage|p1a: Gothitelle|4/100 psn
|-damage|p1b: Incineroar|22/100
|-unboost|p2a: Gholdengo|spa|1
|move|p1a: Gothitelle|Psychic|p2a: Gholdengo
|-resisted|p2a: Gholdengo
|-damage|p2a: Gholdengo|3/100
|move|p1b: Incineroar|Knock Off|p2a: Gholdengo
|-supereffective|p2a: Gholdengo
|-damage|p2a: Gholdengo|0 fnt
|faint|p2a: Gholdengo
|
|win|OreXis945
|raw|OreXis945's rating: 1301 → 1316(+15 for winning)
|raw|MiraiPidgeon's rating: 1204 → 1186(-18 for losing)
