|j|☆akasia
|j|☆Akalaman
|html|akasiaAkalaman    
|uhtml|bestof|Game 3 of a best-of-3
|t:|1783974907
|gametype|doubles
|player|p1|akasia|265|1173
|player|p2|Akalaman|266|1149
|gen|9
|tier|[Gen 9 Champions] VGC 2026 Reg M-B (Bo3)
|rated|
|rule|Species Clause: Limit one of each Pokémon
|rule|Item Clause: Limit 1 of each item
|clearpoke
|poke|p1|Swampert, L50, F|
|poke|p1|Pelipper, L50, F|
|poke|p1|Sinistcha, L50|
|poke|p1|Archaludon, L50, F|
|poke|p1|Grimmsnarl, L50, M|
|poke|p1|Metagross, L50|
|poke|p2|Talonflame, L50, F|
|poke|p2|Garchomp, L50, M|
|poke|p2|Raichu, L50, M|
|poke|p2|Sinistcha, L50|
|poke|p2|Floette-Eternal, L50, F|
|poke|p2|Tsareena, L50, F|
|teampreview|4
|showteam|p1|Swampert||Swampertite|Torrent|Protect,Earthquake,WaveCrash,IcePunch|Adamant||F|||50|]Pelipper||FocusSash|Drizzle|Protect,WeatherBall,Hurricane,Tailwind|Modest||F|||50|]Sinistcha||CobaBerry|Hospitality|Protect,MatchaGotcha,RagePowder,TrickRoom|Bold|||||50|]Archaludon||Leftovers|Stamina|Protect,FlashCannon,ElectroShot,DragonPulse|Modest||F|||50|]Grimmsnarl||LightClay|Prankster|FoulPlay,Reflect,LightScreen,PartingShot|Careful||M|||50|]Metagross||Metagrossite|ClearBody|Protect,BodyPress,PsychicFangs,IronHead|Adamant|||||50|
|showteam|p2|Talonflame||SharpBeak|GaleWings|BraveBird,FlareBlitz,Tailwind,Protect|Jolly||F|||50|]Garchomp||ChoiceScarf|RoughSkin|StompingTantrum,RockTomb,RockSlide,DragonClaw|Adamant||M|||50|]Raichu||RaichuniteY|LightningRod|FakeOut,ZapCannon,FocusBlast,Protect|Timid||M|||50|]Sinistcha||SitrusBerry|Hospitality|MatchaGotcha,LifeDew,Protect,RagePowder|Calm|||||50|]Floette-Eternal||Floettite|FlowerVeil|Moonblast,DazzlingGleam,Protect,CalmMind|Modest||F|||50|]Tsareena||WideLens|QueenlyMajesty|TripleAxel,PowerWhip,Protect,LowKick|Adamant||F|||50|
|inactive|Battle timer is ON: inactive players will automatically lose when time's up. (requested by akasia)
|
|t:|1783974961
|teamsize|p1|4
|teamsize|p2|4
|start
|switch|p1a: Grimmsnarl|Grimmsnarl, L50, M|100/100
|switch|p1b: Metagross|Metagross, L50|100/100
|switch|p2a: Raichu|Raichu, L50, M|100/100
|switch|p2b: Floette|Floette-Eternal, L50, F|100/100
|turn|1
|
|t:|1783974978
|detailschange|p1b: Metagross|Metagross-Mega, L50
|-mega|p1b: Metagross|Metagross|Metagrossite
|move|p2a: Raichu|Fake Out|p1b: Metagross
|-resisted|p1b: Metagross|1
|-damage|p1b: Metagross|97/100
|move|p1a: Grimmsnarl|Light Screen|p1a: Grimmsnarl
|-sidestart|p1: akasia|move: Light Screen
|cant|p1b: Metagross|flinch
|move|p2b: Floette|Calm Mind|p2b: Floette
|-boost|p2b: Floette|spa|1
|-boost|p2b: Floette|spd|1
|
|upkeep
|turn|2
|
|t:|1783974994
|move|p2b: Floette|Protect|p2b: Floette
|-singleturn|p2b: Floette|Protect
|move|p1a: Grimmsnarl|Parting Shot|p2b: Floette
|-activate|p2b: Floette|move: Protect
|move|p2a: Raichu|Zap Cannon|p1b: Metagross
|-damage|p1b: Metagross|73/100
|-status|p1b: Metagross|par
|move|p1b: Metagross|Psychic Fangs|p2a: Raichu
|-damage|p2a: Raichu|0 fnt
|faint|p2a: Raichu
|
|upkeep
|
|t:|1783975001
|switch|p2a: Garchomp|Garchomp, L50, M|100/100
|turn|3
|
|t:|1783975009
|detailschange|p2b: Floette|Floette-Mega, L50, F
|-mega|p2b: Floette|Floette|Floettite
|-ability|p2b: Floette|Fairy Aura
|move|p1b: Metagross|Protect|p1b: Metagross
|-singleturn|p1b: Metagross|Protect
|move|p1a: Grimmsnarl|Reflect|p1a: Grimmsnarl
|-sidestart|p1: akasia|Reflect
|move|p2a: Garchomp|Stomping Tantrum|p1b: Metagross
|-activate|p1b: Metagross|move: Protect
|move|p2b: Floette|Moonblast|p1b: Metagross
|-activate|p1b: Metagross|move: Protect
|
|upkeep
|turn|4
|
|t:|1783975030
|switch|p1b: Pelipper|Pelipper, L50, F|100/100
|-weather|RainDance|[from] ability: Drizzle|[of] p1b: Pelipper
|move|p1a: Grimmsnarl|Parting Shot|p2b: Floette
|-unboost|p2b: Floette|atk|1
|-unboost|p2b: Floette|spa|1
|
|t:|1783975039
|switch|p1a: Archaludon|Archaludon, L50, F|100/100|[from] Parting Shot
|move|p2a: Garchomp|Stomping Tantrum|p1b: Pelipper
|-immune|p1b: Pelipper
|move|p2b: Floette|Moonblast|p1b: Pelipper
|-damage|p1b: Pelipper|18/100
|
|-weather|RainDance|[upkeep]
|upkeep
|turn|5
|
|t:|1783975054
|move|p2a: Garchomp|Stomping Tantrum|p1a: Archaludon
|-supereffective|p1a: Archaludon|1
|-damage|p1a: Archaludon|18/100
|-ability|p1a: Archaludon|Stamina|boost
|-boost|p1a: Archaludon|def|1
|move|p2b: Floette|Dazzling Gleam|p1a: Archaludon|[spread] p1a,p1b
|-damage|p1a: Archaludon|0 fnt
|-damage|p1b: Pelipper|0 fnt
|faint|p1a: Archaludon
|faint|p1b: Pelipper
|
|-weather|RainDance|[upkeep]
|upkeep
|
|t:|1783975061
|switch|p1b: Grimmsnarl|Grimmsnarl, L50, M|100/100
|switch|p1a: Metagross|Metagross-Mega, L50|73/100 par
|turn|6
|
|t:|1783975068
|move|p2b: Floette|Protect|p2b: Floette
|-singleturn|p2b: Floette|Protect
|move|p1b: Grimmsnarl|Parting Shot|p2a: Garchomp
|-unboost|p2a: Garchomp|atk|1
|-unboost|p2a: Garchomp|spa|1
|move|p2a: Garchomp|Stomping Tantrum|p1a: Metagross
|-supereffective|p1a: Metagross|1
|-damage|p1a: Metagross|45/100 par
|cant|p1a: Metagross|par
|
|-weather|RainDance|[upkeep]
|upkeep
|turn|7
|
|t:|1783975075
|move|p1b: Grimmsnarl|Parting Shot|p2a: Garchomp
|-unboost|p2a: Garchomp|atk|1
|-unboost|p2a: Garchomp|spa|1
|move|p2a: Garchomp|Stomping Tantrum|p1a: Metagross
|-supereffective|p1a: Metagross|1
|-damage|p1a: Metagross|26/100 par
|move|p2b: Floette|Moonblast|p1a: Metagross
|-resisted|p1a: Metagross|1
|-damage|p1a: Metagross|6/100 par
|move|p1a: Metagross|Iron Head|p2b: Floette
|-supereffective|p2b: Floette|1
|-damage|p2b: Floette|0 fnt
|faint|p2b: Floette
|
|-weather|RainDance|[upkeep]
|upkeep
|
|t:|1783975079
|switch|p2b: Sinistcha|Sinistcha, L50|100/100
|turn|8
|
|t:|1783975098
|move|p1a: Metagross|Protect|p1a: Metagross
|-singleturn|p1a: Metagross|Protect
|move|p2a: Garchomp|Stomping Tantrum|p1a: Metagross
|-activate|p1a: Metagross|move: Protect
|move|p2b: Sinistcha|Matcha Gotcha|p1b: Grimmsnarl|[spread] p1b
|-activate|p1a: Metagross|move: Protect
|-damage|p1b: Grimmsnarl|84/100
|move|p1b: Grimmsnarl|Foul Play|p2b: Sinistcha
|-supereffective|p2b: Sinistcha|1
|-damage|p2b: Sinistcha|62/100
|
|-weather|none
|-sideend|p1: akasia|move: Light Screen
|upkeep
|turn|9
|
|t:|1783975117
|move|p1b: Grimmsnarl|Reflect||[still]
|-fail|p1b: Grimmsnarl
|move|p2a: Garchomp|Stomping Tantrum|p1a: Metagross
|-supereffective|p1a: Metagross|1
|-damage|p1a: Metagross|0 fnt
|faint|p1a: Metagross
|move|p2b: Sinistcha|Life Dew||[still]|[spread] p2a,p2b
|-fail|p2a: Garchomp|heal
|-heal|p2b: Sinistcha|88/100
|
|upkeep
|turn|10
|
|t:|1783975121
|move|p2a: Garchomp|Stomping Tantrum|p1b: Grimmsnarl
|-damage|p1b: Grimmsnarl|69/100
|move|p2b: Sinistcha|Matcha Gotcha|p1b: Grimmsnarl
|-damage|p1b: Grimmsnarl|40/100
|-heal|p2b: Sinistcha|100/100|[from] drain|[of] p1b: Grimmsnarl
|move|p1b: Grimmsnarl|Foul Play|p2b: Sinistcha
|-supereffective|p2b: Sinistcha|1
|-damage|p2b: Sinistcha|68/100
|
|-sideend|p1: akasia|Reflect
|upkeep
|turn|11
|c|☆Akalaman|gg
|-message|akasia forfeited.
|raw|akasia's rating: 1173 → 1146(-27 for losing)
|raw|Akalaman's rating: 1149 → 1176(+27 for winning)
|
|win|Akalaman
