|j|☆skovaks
|j|☆toughlogvgc
|html|skovakstoughlogvgc    
|uhtml|bestof|Game 2 of a best-of-3
|t:|1783786683
|gametype|doubles
|player|p1|skovaks|1|1000
|player|p2|toughlogvgc|2|1136
|gen|9
|tier|[Gen 9 Champions] VGC 2026 Reg M-B (Bo3)
|rated|
|rule|Species Clause: Limit one of each Pokémon
|rule|Item Clause: Limit 1 of each item
|clearpoke
|poke|p1|Charizard, L50, F|
|poke|p1|Whimsicott, L50, F|
|poke|p1|Milotic, L50, M|
|poke|p1|Kingambit, L50, M|
|poke|p1|Grimmsnarl, L50, M|
|poke|p1|Chandelure, L50, M|
|poke|p2|Charizard, L50, M|
|poke|p2|Garchomp, L50, M|
|poke|p2|Basculegion, L50, M|
|poke|p2|Whimsicott, L50, F|
|poke|p2|Kingambit, L50, F|
|poke|p2|Floette-Eternal, L50, F|
|teampreview|4
|showteam|p1|Charizard||CharizarditeX|Blaze|FlareBlitz,DragonClaw,DragonDance,Protect|Adamant||F|||50|]Whimsicott||FocusSash|Prankster|Moonblast,Tailwind,SunnyDay,Charm|Modest||F|||50|]Milotic||Leftovers|Competitive|Coil,Recover,Scald,Hypnosis|Modest||M|||50|]Kingambit||LifeOrb|Defiant|IronHead,SuckerPunch,Protect,NightSlash|Adamant||M|||50|]Grimmsnarl||LightClay|Prankster|FakeOut,LightScreen,Reflect,SpiritBreak|Adamant||M|||50|]Chandelure||ChoiceScarf|FlashFire|EnergyBall,ShadowBall,HeatWave,Psychic|Modest||M|||50|
|showteam|p2|Charizard||CharizarditeY|Blaze|HeatWave,SolarBeam,Protect,WeatherBall|Modest||M|||50|]Garchomp||LifeOrb|RoughSkin|DragonClaw,Earthquake,RockSlide,Protect|Jolly||M|||50|]Basculegion||ChoiceScarf|Adaptability|WaveCrash,AquaJet,FlipTurn,LastRespects|Adamant||M|||50|]Whimsicott||FocusSash|Prankster|Moonblast,Tailwind,Protect,Encore|Timid||F|||50|]Kingambit||BlackGlasses|Defiant|IronHead,KowtowCleave,Protect,SuckerPunch|Adamant||F|||50|]Floette-Eternal||Floettite|FlowerVeil|Moonblast,LightofRuin,DazzlingGleam,Protect|Modest||F|||50|
|inactive|Battle timer is ON: inactive players will automatically lose when time's up. (requested by skovaks)
|inactive|toughlogvgc has 60 seconds left.
|inactive|toughlogvgc has 30 seconds left.
|inactive|toughlogvgc has 20 seconds left.
|
|t:|1783786756
|teamsize|p1|4
|teamsize|p2|4
|start
|switch|p1a: Grimmsnarl|Grimmsnarl, L50, M|100/100
|switch|p1b: Charizard|Charizard, L50, F|100/100
|switch|p2a: Charizard|Charizard, L50, M|100/100
|switch|p2b: Garchomp|Garchomp, L50, M|100/100
|turn|1
|inactive|toughlogvgc has 30 seconds left.
|
|t:|1783786784
|detailschange|p1b: Charizard|Charizard-Mega-X, L50, F
|-mega|p1b: Charizard|Charizard|Charizardite X
|detailschange|p2a: Charizard|Charizard-Mega-Y, L50, M
|-mega|p2a: Charizard|Charizard|Charizardite Y
|-weather|SunnyDay|[from] ability: Drought|[of] p2a: Charizard
|move|p2b: Garchomp|Protect|p2b: Garchomp
|-singleturn|p2b: Garchomp|Protect
|move|p1a: Grimmsnarl|Fake Out|p2b: Garchomp
|-activate|p2b: Garchomp|move: Protect
|move|p1b: Charizard|Dragon Dance|p1b: Charizard
|-boost|p1b: Charizard|atk|1
|-boost|p1b: Charizard|spe|1
|move|p2a: Charizard|Heat Wave|p1a: Grimmsnarl|[spread] p1a,p1b
|-resisted|p1b: Charizard|2
|-damage|p1a: Grimmsnarl|43/100
|-damage|p1b: Charizard|83/100
|
|-weather|SunnyDay|[upkeep]
|upkeep
|turn|2
|inactive|toughlogvgc has 30 seconds left.
|
|t:|1783786811
|switch|p2b: Whimsicott|Whimsicott, L50, F|100/100
|move|p1a: Grimmsnarl|Light Screen|p1a: Grimmsnarl
|-sidestart|p1: skovaks|move: Light Screen
|move|p1b: Charizard|Dragon Claw|p2b: Whimsicott
|-immune|p2b: Whimsicott
|move|p2a: Charizard|Weather Ball|p1b: Charizard
|-resisted|p1b: Charizard|2
|-damage|p1b: Charizard|67/100
|
|-weather|SunnyDay|[upkeep]
|upkeep
|turn|3
|inactive|toughlogvgc has 30 seconds left.
|inactive|toughlogvgc has 20 seconds left.
|
|t:|1783786848
|move|p2a: Charizard|Protect|p2a: Charizard
|-singleturn|p2a: Charizard|Protect
|move|p2b: Whimsicott|Tailwind|p2b: Whimsicott
|-sidestart|p2: toughlogvgc|move: Tailwind
|move|p1b: Charizard|Dragon Claw|p2a: Charizard
|-activate|p2a: Charizard|move: Protect
|move|p1a: Grimmsnarl|Spirit Break|p2b: Whimsicott
|-damage|p2b: Whimsicott|48/100
|-unboost|p2b: Whimsicott|spa|1
|
|-weather|SunnyDay|[upkeep]
|upkeep
|turn|4
|inactive|skovaks has 30 seconds left.
|inactive|toughlogvgc has 30 seconds left.
|
|t:|1783786877
|move|p2b: Whimsicott|Moonblast|p1b: Charizard
|-damage|p1b: Charizard|51/100
|move|p2a: Charizard|Heat Wave|p1b: Charizard|[spread] p1a,p1b
|-crit|p1a: Grimmsnarl
|-resisted|p1b: Charizard|2
|-crit|p1b: Charizard
|-damage|p1a: Grimmsnarl|0 fnt
|-damage|p1b: Charizard|27/100
|faint|p1a: Grimmsnarl
|move|p1b: Charizard|Dragon Claw|p2a: Charizard
|-damage|p2a: Charizard|22/100
|
|-weather|SunnyDay|[upkeep]
|upkeep
|
|t:|1783786890
|switch|p1a: Kingambit|Kingambit, L50, M|100/100
|turn|5
|
|t:|1783786907
|switch|p2a: Basculegion|Basculegion, L50, M|100/100
|move|p2b: Whimsicott|Protect|p2b: Whimsicott
|-singleturn|p2b: Whimsicott|Protect
|move|p1a: Kingambit|Sucker Punch||[still]
|-fail|p1a: Kingambit
|move|p1b: Charizard|Dragon Dance|p1b: Charizard
|-boost|p1b: Charizard|atk|1
|-boost|p1b: Charizard|spe|1
|
|-weather|none
|upkeep
|turn|6
|
|t:|1783786928
|switch|p2a: Garchomp|Garchomp, L50, M|100/100
|move|p2b: Whimsicott|Encore|p1b: Charizard
|-start|p1b: Charizard|Encore
|move|p1a: Kingambit|Sucker Punch||[still]
|-fail|p1a: Kingambit
|move|p1b: Charizard|Dragon Dance|p1b: Charizard
|-boost|p1b: Charizard|atk|1
|-boost|p1b: Charizard|spe|1
|
|-sideend|p2: toughlogvgc|move: Tailwind
|upkeep
|turn|7
|
|t:|1783786951
|switch|p1b: Milotic|Milotic, L50, M|100/100
|switch|p2b: Charizard|Charizard-Mega-Y, L50, M|22/100
|-weather|SunnyDay|[from] ability: Drought|[of] p2b: Charizard
|move|p1a: Kingambit|Protect|p1a: Kingambit
|-singleturn|p1a: Kingambit|Protect
|move|p2a: Garchomp|Dragon Claw|p1b: Milotic
|-damage|p1b: Milotic|55/100
|-damage|p2a: Garchomp|90/100|[from] item: Life Orb
|
|-weather|SunnyDay|[upkeep]
|-heal|p1b: Milotic|61/100|[from] item: Leftovers
|upkeep
|turn|8
|
|t:|1783786976
|move|p2b: Charizard|Protect|p2b: Charizard
|-singleturn|p2b: Charizard|Protect
|move|p1a: Kingambit|Sucker Punch||[still]
|-fail|p1a: Kingambit
|move|p2a: Garchomp|Earthquake|p1a: Kingambit|[spread] p1a,p1b
|-activate|p2b: Charizard|move: Protect
|-supereffective|p1a: Kingambit|1
|-damage|p1a: Kingambit|30/100
|-damage|p1b: Milotic|14/100
|-damage|p2a: Garchomp|80/100|[from] item: Life Orb
|move|p1b: Milotic|Scald|p2a: Garchomp
|-damage|p2a: Garchomp|63/100
|
|-weather|SunnyDay|[upkeep]
|-heal|p1b: Milotic|20/100y|[from] item: Leftovers
|upkeep
|turn|9
|inactive|skovaks has 30 seconds left.
|inactive|skovaks has 20 seconds left.
|inactive|skovaks has 15 seconds left.
|
|t:|1783787019
|move|p2b: Charizard|Protect||[still]
|-fail|p2b: Charizard
|move|p2a: Garchomp|Earthquake|p1a: Kingambit|[spread] p1a,p1b
|-immune|p2b: Charizard
|-supereffective|p1a: Kingambit|1
|-damage|p1a: Kingambit|0 fnt
|-damage|p1b: Milotic|0 fnt
|faint|p1a: Kingambit
|faint|p1b: Milotic
|-damage|p2a: Garchomp|53/100|[from] item: Life Orb
|
|-weather|SunnyDay|[upkeep]
|-sideend|p1: skovaks|move: Light Screen
|upkeep
|
|t:|1783787029
|switch|p1b: Charizard|Charizard-Mega-X, L50, F|27/100
|turn|10
|
|t:|1783787043
|move|p2a: Garchomp|Protect|p2a: Garchomp
|-singleturn|p2a: Garchomp|Protect
|move|p1b: Charizard|Protect|p1b: Charizard
|-singleturn|p1b: Charizard|Protect
|move|p2b: Charizard|Weather Ball|p1b: Charizard
|-activate|p1b: Charizard|move: Protect
|
|-weather|SunnyDay|[upkeep]
|upkeep
|turn|11
|
|t:|1783787062
|move|p1b: Charizard|Protect||[still]
|-fail|p1b: Charizard
|move|p2a: Garchomp|Dragon Claw|p1b: Charizard
|-supereffective|p1b: Charizard|1
|-damage|p1b: Charizard|0 fnt
|faint|p1b: Charizard
|-damage|p2a: Garchomp|43/100|[from] item: Life Orb
|
|win|toughlogvgc
||skovaks is ready for game 3.
|inactive|toughlogvgc has 30 seconds to confirm battle start!
|inactive|toughlogvgc has 20 seconds to confirm battle start!
|inactive|toughlogvgc has 9 seconds to confirm battle start!
|uhtml|next|Next: Game 3 of 3
