|j|‽av yveltal better
|j|☆helio list
|html|av yveltal betterhelio list    
|uhtml|bestof|Game 3 of a best-of-3
|t:|1755701105
|gametype|doubles
|player|p1|av yveltal better|silver|1430
|player|p2|helio list|pokemonbreederf|1408
|gen|9
|tier|[Gen 9] VGC 2025 Reg H (Bo3)
|rated|
|rule|Species Clause: Limit one of each Pokémon
|rule|Item Clause: Limit 1 of each item
|clearpoke
|poke|p1|Ursaluna-Bloodmoon, L50, M|
|poke|p1|Ninetales-Alola, L50, F|
|poke|p1|Magmar, L50, M|
|poke|p1|Kingambit, L50, F|
|poke|p1|Sneasler, L50, M|
|poke|p1|Dragonite, L50, F|
|poke|p2|Rillaboom, L50, F|
|poke|p2|Sneasler, L50, F|
|poke|p2|Gholdengo, L50|
|poke|p2|Tatsugiri, L50, F|
|poke|p2|Dondozo, L50, F|
|poke|p2|Ninetales-Alola, L50, F|
|teampreview|4
|showteam|p1|Ursaluna-Bloodmoon||AssaultVest|MindsEye|HyperVoice,BloodMoon,EarthPower,VacuumWave|||M|||50|,,,,,Ghost]Ninetales-Alola||NeverMeltIce|SnowWarning|Blizzard,FreezeDry,Encore,Protect|||F|||50|,,,,,Ghost]Magmar||Eviolite|VitalSpirit|BurningJealousy,Taunt,Protect,FollowMe|||M|||50|,,,,,Ghost]Kingambit||BlackGlasses|Defiant|KowtowCleave,SuckerPunch,Protect,SwordsDance|||F|||50|,,,,,Fire]Sneasler||FocusSash|PoisonTouch|CloseCombat,DireClaw,FakeOut,Protect|||M|||50|,,,,,Ghost]Dragonite||LoadedDice|Multiscale|ScaleShot,Tailwind,Haze,Protect|||F|||50|,,,,,Steel
|showteam|p2|Rillaboom||AssaultVest|GrassySurge|FakeOut,WoodHammer,GrassyGlide,HighHorsepower|||F|||50|,,,,,Water]Sneasler||GrassySeed|Unburden|ThroatChop,DireClaw,CloseCombat,Protect|||F|||50|,,,,,Dark]Gholdengo||LifeOrb|GoodasGold|MakeItRain,ShadowBall,NastyPlot,Protect||||||50|,,,,,Water]Tatsugiri||ChoiceScarf|Commander|MuddyWater,IcyWind,DracoMeteor,DragonPulse|||F|||50|,,,,,Stellar]Dondozo||Leftovers|Unaware|OrderUp,Protect,Yawn,WaveCrash|||F|||50|,,,,,Steel]Ninetales-Alola||ChoiceSpecs|SnowWarning|Blizzard,TeraBlast,FreezeDry,Moonblast|||F|||50|,,,,,Water
|inactive|Battle timer is ON: inactive players will automatically lose when time's up. (requested by helio list)
|inactive|av yveltal better has 60 seconds left.
|inactive|helio list has 60 seconds left.
|inactive|av yveltal better has 30 seconds left.
|inactive|av yveltal better has 20 seconds left.
|inactive|av yveltal better has 15 seconds left.
|inactive|av yveltal better has 10 seconds left.
|
|t:|1755701189
|teamsize|p1|4
|teamsize|p2|4
|start
|switch|p1a: Dragonite|Dragonite, L50, F|100/100
|switch|p1b: Kingambit|Kingambit, L50, F|100/100
|switch|p2a: Sneasler|Sneasler, L50, F|100/100
|switch|p2b: Rillaboom|Rillaboom, L50, F|100/100
|-fieldstart|move: Grassy Terrain|[from] ability: Grassy Surge|[of] p2b: Rillaboom
|-enditem|p2a: Sneasler|Grassy Seed
|-boost|p2a: Sneasler|def|1|[from] item: Grassy Seed
|turn|1
|inactive|av yveltal better has 30 seconds left.
|inactive|av yveltal better has 20 seconds left.
|inactive|av yveltal better has 15 seconds left.
|inactive|av yveltal better has 10 seconds left.
|
|t:|1755701236
|move|p1a: Dragonite|Protect|p1a: Dragonite
|-singleturn|p1a: Dragonite|Protect
|move|p1b: Kingambit|Protect|p1b: Kingambit
|-singleturn|p1b: Kingambit|Protect
|move|p2b: Rillaboom|Fake Out|p1a: Dragonite
|-activate|p1a: Dragonite|move: Protect
|move|p2a: Sneasler|Dire Claw|p1a: Dragonite
|-activate|p1a: Dragonite|move: Protect
|
|upkeep
|turn|2
|
|t:|1755701249
|-terastallize|p1b: Kingambit|Fire
|move|p2a: Sneasler|Protect|p2a: Sneasler
|-singleturn|p2a: Sneasler|Protect
|move|p1a: Dragonite|Scale Shot|p2a: Sneasler
|-activate|p2a: Sneasler|move: Protect
|move|p2b: Rillaboom|High Horsepower|p1b: Kingambit
|-supereffective|p1b: Kingambit
|-damage|p1b: Kingambit|46/100
|move|p1b: Kingambit|Kowtow Cleave|p2a: Sneasler
|-activate|p2a: Sneasler|move: Protect
|
|-heal|p1b: Kingambit|52/100|[from] Grassy Terrain
|upkeep
|turn|3
|inactive|av yveltal better has 30 seconds left.
|
|t:|1755701281
|move|p1b: Kingambit|Sucker Punch|p2b: Rillaboom
|-damage|p2b: Rillaboom|50/100
|move|p2a: Sneasler|Dire Claw|p1a: Dragonite
|-damage|p1a: Dragonite|77/100
|move|p1a: Dragonite|Scale Shot|p2b: Rillaboom
|-damage|p2b: Rillaboom|35/100
|-damage|p2b: Rillaboom|19/100
|-damage|p2b: Rillaboom|5/100
|-damage|p2b: Rillaboom|0 fnt
|faint|p2b: Rillaboom
|-hitcount|p2: Rillaboom|4
|-unboost|p1a: Dragonite|def|1
|-boost|p1a: Dragonite|spe|1
|
|-heal|p1b: Kingambit|58/100|[from] Grassy Terrain
|upkeep
|
|t:|1755701292
|switch|p2b: Ninetales|Ninetales-Alola, L50, F|100/100
|-weather|Snowscape|[from] ability: Snow Warning|[of] p2b: Ninetales
|turn|4
|
|t:|1755701309
|move|p2a: Sneasler|Protect|p2a: Sneasler
|-singleturn|p2a: Sneasler|Protect
|move|p1b: Kingambit|Protect|p1b: Kingambit
|-singleturn|p1b: Kingambit|Protect
|move|p1a: Dragonite|Tailwind|p1a: Dragonite
|-sidestart|p1: av yveltal better|move: Tailwind
|move|p2b: Ninetales|Blizzard|p1b: Kingambit|[spread] p1a
|-activate|p1b: Kingambit|move: Protect
|-supereffective|p1a: Dragonite
|-damage|p1a: Dragonite|0 fnt
|faint|p1a: Dragonite
|
|-weather|Snowscape|[upkeep]
|-heal|p1b: Kingambit|64/100|[from] Grassy Terrain
|upkeep
|inactive|av yveltal better has 30 seconds left.
|inactive|av yveltal better has 20 seconds left.
|
|t:|1755701346
|switch|p1a: Sneasler|Sneasler, L50, M|100/100
|turn|5
|
|t:|1755701362
|move|p1a: Sneasler|Dire Claw|p2b: Ninetales
|-supereffective|p2b: Ninetales
|-damage|p2b: Ninetales|14/100
|-status|p2b: Ninetales|psn
|move|p2a: Sneasler|Dire Claw|p1b: Kingambit
|-damage|p1b: Kingambit|31/100
|move|p2b: Ninetales|Blizzard|p1b: Kingambit|[spread] p1a,p1b
|-resisted|p1b: Kingambit
|-damage|p1a: Sneasler|33/100
|-damage|p1b: Kingambit|12/100
|move|p1b: Kingambit|Swords Dance|p1b: Kingambit
|-boost|p1b: Kingambit|atk|2
|
|-weather|Snowscape|[upkeep]
|-heal|p1a: Sneasler|39/100|[from] Grassy Terrain
|-heal|p2b: Ninetales|20/100 psn|[from] Grassy Terrain
|-heal|p1b: Kingambit|18/100|[from] Grassy Terrain
|-damage|p2b: Ninetales|7/100 psn|[from] psn
|-fieldend|move: Grassy Terrain
|upkeep
|turn|6
|inactive|av yveltal better has 30 seconds left.
|inactive|helio list has 30 seconds left.
|
|t:|1755701393
|move|p1b: Kingambit|Protect|p1b: Kingambit
|-singleturn|p1b: Kingambit|Protect
|move|p2a: Sneasler|Dire Claw|p1b: Kingambit
|-activate|p1b: Kingambit|move: Protect
|move|p1a: Sneasler|Dire Claw|p2b: Ninetales
|-supereffective|p2b: Ninetales
|-damage|p2b: Ninetales|0 fnt
|faint|p2b: Ninetales
|
|-weather|Snowscape|[upkeep]
|upkeep
|
|t:|1755701395
|switch|p2b: Gholdengo|Gholdengo, L50|100/100
|turn|7
|inactive|av yveltal better has 30 seconds left.
|inactive|av yveltal better has 20 seconds left.
|inactive|av yveltal better has 15 seconds left.
|inactive|av yveltal better has 10 seconds left.
|
|t:|1755701443
|move|p1b: Kingambit|Sucker Punch|p2a: Sneasler
|-resisted|p2a: Sneasler
|-damage|p2a: Sneasler|49/100
|move|p1a: Sneasler|Close Combat|p2a: Sneasler
|-resisted|p2a: Sneasler
|-damage|p2a: Sneasler|11/100
|-unboost|p1a: Sneasler|def|1
|-unboost|p1a: Sneasler|spd|1
|move|p2a: Sneasler|Dire Claw|p1b: Kingambit
|-damage|p1b: Kingambit|0 fnt
|faint|p1b: Kingambit
|move|p2b: Gholdengo|Nasty Plot|p2b: Gholdengo
|-boost|p2b: Gholdengo|spa|2
|
|-weather|Snowscape|[upkeep]
|-sideend|p1: av yveltal better|move: Tailwind
|upkeep
|-message|av yveltal better forfeited.
|
|win|helio list
|raw|av yveltal better's rating: 1430 → 1409(-21 for losing)
|raw|helio list's rating: 1408 → 1429(+21 for winning)
