|j|☆zaharba
|j|☆goldnskeletrix
|html|zaharbagoldnskeletrix    
|uhtml|bestof|Game 1 of a best-of-3
|t:|1783852150
|gametype|doubles
|player|p1|zaharba|266|1121
|player|p2|goldnskeletrix|elesa|1137
|gen|9
|tier|[Gen 9 Champions] VGC 2026 Reg M-B (Bo3)
|rated|
|rule|Species Clause: Limit one of each Pokémon
|rule|Item Clause: Limit 1 of each item
|clearpoke
|poke|p1|Raichu, L50, M, shiny|
|poke|p1|Vivillon, L50, F|
|poke|p1|Ninetales-Alola, L50, M, shiny|
|poke|p1|Tyranitar, L50, M|
|poke|p1|Basculegion-F, L50, F|
|poke|p1|Talonflame, L50, F|
|poke|p2|Swampert, L50, M|
|poke|p2|Pelipper, L50, M|
|poke|p2|Basculegion, L50, M|
|poke|p2|Sneasler, L50, M|
|poke|p2|Kingambit, L50, M|
|poke|p2|Archaludon, L50, F|
|teampreview|4
|showteam|p1|Raichu||RaichuniteY|LightningRod|FocusBlast,ZapCannon,UpperHand,FakeOut|Timid||M|||50|]Vivillon||ChoiceScarf|CompoundEyes|SleepPowder,RagePowder,Hurricane,WeatherBall|Timid||F|||50|]Ninetales-Alola||NeverMeltIce|SnowWarning|Protect,FreezeDry,Blizzard,Encore|Timid||M|||50|]Tyranitar||FocusSash|SandStream|RockSlide,KnockOff,Protect,DragonDance|Jolly||M|||50|]Basculegion-F||SpellTag|Adaptability|Protect,Hex,HydroPump,MuddyWater|Modest||F|||50|]Talonflame||LifeOrb|GaleWings|Whirlwind,BraveBird,Overheat,Tailwind|Naive||F|||50|
|showteam|p2|Swampert||Swampertite|Torrent|Earthquake,Liquidation,KnockOff,Protect|Adamant||M|||50|]Pelipper||FocusSash|Drizzle|HelpingHand,Tailwind,WideGuard,Hurricane|Hasty||M|||50|]Basculegion||ChoiceScarf|Adaptability|FlipTurn,AquaJet,WaveCrash,LastRespects|Jolly||M|||50|]Sneasler||WhiteHerb|Unburden|CloseCombat,DireClaw,FakeOut,Coaching|Adamant||M|||50|]Kingambit||BlackGlasses|Defiant|SuckerPunch,IronHead,KowtowCleave,Protect|Adamant||M|||50|]Archaludon||Leftovers|Stamina|ElectroShot,FlashCannon,DracoMeteor,Protect|Modest||F|||50|
|inactive|Battle timer is ON: inactive players will automatically lose when time's up. (requested by zaharba)
|inactive|goldnskeletrix also wants the timer to be on.
|inactive|zaharba has 60 seconds left.
|inactive|goldnskeletrix has 60 seconds left.
|
|t:|1783852200
|teamsize|p1|4
|teamsize|p2|4
|start
|switch|p1a: Raichu|Raichu, L50, M, shiny|100/100
|switch|p1b: Vivillon|Vivillon, L50, F|100/100
|switch|p2a: Swampert|Swampert, L50, M|100/100
|switch|p2b: Pelipper|Pelipper, L50, M|100/100
|-weather|RainDance|[from] ability: Drizzle|[of] p2b: Pelipper
|turn|1
|inactive|goldnskeletrix has 30 seconds left.
|inactive|goldnskeletrix has 20 seconds left.
|inactive|goldnskeletrix has 15 seconds left.
|
|t:|1783852242
|detailschange|p2a: Swampert|Swampert-Mega, L50, M
|-mega|p2a: Swampert|Swampert|Swampertite
|move|p1a: Raichu|Fake Out|p2a: Swampert
|-damage|p2a: Swampert|92/100
|cant|p2a: Swampert|flinch
|move|p1b: Vivillon|Sleep Powder|p2b: Pelipper
|-status|p2b: Pelipper|slp|[from] move: Sleep Powder
|cant|p2b: Pelipper|slp
|
|-weather|RainDance|[upkeep]
|upkeep
|turn|2
|inactive|goldnskeletrix has 30 seconds left.
|inactive|goldnskeletrix has 20 seconds left.
|inactive|goldnskeletrix has 15 seconds left.
|inactive|goldnskeletrix has 10 seconds left.
|
|t:|1783852289
|switch|p1a: Ninetales|Ninetales-Alola, L50, M, shiny|100/100
|-weather|Snowscape|[from] ability: Snow Warning|[of] p1a: Ninetales
|move|p1b: Vivillon|Sleep Powder|p2a: Swampert
|-status|p2a: Swampert|slp|[from] move: Sleep Powder
|cant|p2b: Pelipper|slp
|cant|p2a: Swampert|slp
|
|-weather|Snowscape|[upkeep]
|upkeep
|turn|3
|
|t:|1783852305
|switch|p1b: Raichu|Raichu, L50, M, shiny|100/100
|switch|p2a: Kingambit|Kingambit, L50, M|100/100
|move|p1a: Ninetales|Freeze-Dry|p2a: Kingambit
|-resisted|p2a: Kingambit|1
|-damage|p2a: Kingambit|84/100
|-curestatus|p2b: Pelipper|slp|[msg]
|move|p2b: Pelipper|Tailwind|p2b: Pelipper
|-sidestart|p2: goldnskeletrix|move: Tailwind
|
|-weather|Snowscape|[upkeep]
|upkeep
|turn|4
|inactive|zaharba has 30 seconds left.
|inactive|goldnskeletrix has 30 seconds left.
|inactive|zaharba has 20 seconds left.
|
|t:|1783852341
|move|p2a: Kingambit|Protect|p2a: Kingambit
|-singleturn|p2a: Kingambit|Protect
|move|p2b: Pelipper|Wide Guard|p2b: Pelipper
|-singleturn|p2b: Pelipper|Wide Guard
|move|p1b: Raichu|Fake Out|p2a: Kingambit
|-activate|p2a: Kingambit|move: Protect
|move|p1a: Ninetales|Freeze-Dry|p2b: Pelipper
|-supereffective|p2b: Pelipper|2
|-enditem|p2b: Pelipper|Focus Sash
|-damage|p2b: Pelipper|1/100
|
|-weather|Snowscape|[upkeep]
|upkeep
|turn|5
|inactive|zaharba has 30 seconds left.
|inactive|goldnskeletrix has 30 seconds left.
|inactive|zaharba has 20 seconds left.
|
|t:|1783852379
|switch|p2b: Sneasler|Sneasler, L50, M|100/100
|switch|p1b: Tyranitar|Tyranitar, L50, M|100/100
|-weather|Sandstorm|[from] ability: Sand Stream|[of] p1b: Tyranitar
|move|p2a: Kingambit|Sucker Punch||[still]
|-fail|p2a: Kingambit
|move|p1a: Ninetales|Encore|p2a: Kingambit
|-start|p2a: Kingambit|Encore
|
|-weather|Sandstorm|[upkeep]
|-damage|p2b: Sneasler|94/100|[from] Sandstorm
|-damage|p1a: Ninetales|94/100|[from] Sandstorm
|upkeep
|turn|6
|inactive|goldnskeletrix has 30 seconds left.
|
|t:|1783852404
|switch|p1a: Vivillon|Vivillon, L50, F|100/100
|move|p2a: Kingambit|Sucker Punch||[still]
|-fail|p2a: Kingambit
|move|p2b: Sneasler|Dire Claw|p1a: Vivillon
|-damage|p1a: Vivillon|27/100
|move|p1b: Tyranitar|Dragon Dance|p1b: Tyranitar
|-boost|p1b: Tyranitar|atk|1
|-boost|p1b: Tyranitar|spe|1
|
|-weather|Sandstorm|[upkeep]
|-damage|p2b: Sneasler|88/100|[from] Sandstorm
|-damage|p1a: Vivillon|21/100|[from] Sandstorm
|-sideend|p2: goldnskeletrix|move: Tailwind
|upkeep
|turn|7
|
|t:|1783852424
|switch|p2b: Swampert|Swampert-Mega, L50, M|92/100 slp
|move|p2a: Kingambit|Sucker Punch||[still]
|-fail|p2a: Kingambit
|move|p1a: Vivillon|Sleep Powder|p2b: Swampert
|-fail|p2b: Swampert|slp
|move|p1b: Tyranitar|Dragon Dance|p1b: Tyranitar
|-boost|p1b: Tyranitar|atk|1
|-boost|p1b: Tyranitar|spe|1
|
|-weather|Sandstorm|[upkeep]
|-damage|p1a: Vivillon|15/100|[from] Sandstorm
|upkeep
|turn|8
|inactive|zaharba has 30 seconds left.
|
|t:|1783852458
|switch|p2a: Pelipper|Pelipper, L50, M|1/100
|-weather|RainDance|[from] ability: Drizzle|[of] p2a: Pelipper
|move|p1b: Tyranitar|Dragon Dance|p1b: Tyranitar
|-boost|p1b: Tyranitar|atk|1
|-boost|p1b: Tyranitar|spe|1
|cant|p2b: Swampert|slp
|move|p1a: Vivillon|Sleep Powder|p2a: Pelipper
|-status|p2a: Pelipper|slp|[from] move: Sleep Powder
|
|-weather|RainDance|[upkeep]
|upkeep
|turn|9
|
|t:|1783852480
|switch|p1a: Ninetales|Ninetales-Alola, L50, M, shiny|94/100
|-weather|Snowscape|[from] ability: Snow Warning|[of] p1a: Ninetales
|switch|p2a: Sneasler|Sneasler, L50, M|88/100
|move|p1b: Tyranitar|Knock Off|p2b: Swampert
|-damage|p2b: Swampert|8/100 slp
|-curestatus|p2b: Swampert|slp|[msg]
|move|p2b: Swampert|Liquidation|p1b: Tyranitar
|-supereffective|p1b: Tyranitar|1
|-enditem|p1b: Tyranitar|Focus Sash
|-damage|p1b: Tyranitar|1/100
|
|-weather|Snowscape|[upkeep]
|upkeep
|turn|10
|
|t:|1783852505
|switch|p1a: Vivillon|Vivillon, L50, F|15/100
|move|p1b: Tyranitar|Protect|p1b: Tyranitar
|-singleturn|p1b: Tyranitar|Protect
|move|p2a: Sneasler|Fake Out|p1b: Tyranitar
|-activate|p1b: Tyranitar|move: Protect
|move|p2b: Swampert|Liquidation|p1a: Vivillon
|-damage|p1a: Vivillon|0 fnt
|faint|p1a: Vivillon
|
|-weather|Snowscape|[upkeep]
|upkeep
|
|t:|1783852516
|switch|p1a: Raichu|Raichu, L50, M, shiny|100/100
|turn|11
|
|t:|1783852532
|move|p2b: Swampert|Protect|p2b: Swampert
|-singleturn|p2b: Swampert|Protect
|move|p1a: Raichu|Fake Out|p2b: Swampert
|-activate|p2b: Swampert|move: Protect
|move|p1b: Tyranitar|Rock Slide|p2a: Sneasler|[spread] p2a
|-activate|p2b: Swampert|move: Protect
|-resisted|p2a: Sneasler|1
|-damage|p2a: Sneasler|19/100
|cant|p2a: Sneasler|flinch
|
|-weather|Snowscape|[upkeep]
|upkeep
|turn|12
|inactive|zaharba has 30 seconds left.
|
|t:|1783852563
|detailschange|p1a: Raichu|Raichu-Mega-Y, L50, M, shiny
|-mega|p1a: Raichu|Raichu|Raichunite Y
|move|p1b: Tyranitar|Protect|p1b: Tyranitar
|-singleturn|p1b: Tyranitar|Protect
|move|p1a: Raichu|Focus Blast|p2b: Swampert
|-damage|p2b: Swampert|0 fnt
|faint|p2b: Swampert
|move|p2a: Sneasler|Dire Claw|p1a: Raichu
|-damage|p1a: Raichu|15/100
|
|-weather|Snowscape|[upkeep]
|upkeep
|
|t:|1783852576
|switch|p2b: Kingambit|Kingambit, L50, M|84/100
|turn|13
|
|t:|1783852585
|move|p1a: Raichu|Upper Hand|p2b: Kingambit
|-supereffective|p2b: Kingambit|2
|-damage|p2b: Kingambit|43/100
|cant|p2b: Kingambit|flinch
|move|p1b: Tyranitar|Rock Slide|p2a: Sneasler|[spread] p2a,p2b
|-resisted|p2a: Sneasler|1
|-resisted|p2b: Kingambit|1
|-damage|p2a: Sneasler|0 fnt
|-damage|p2b: Kingambit|14/100
|faint|p2a: Sneasler
|
|-weather|none
|upkeep
|
|t:|1783852597
|switch|p2a: Pelipper|Pelipper, L50, M|1/100 slp
|-weather|RainDance|[from] ability: Drizzle|[of] p2a: Pelipper
|turn|14
|
|t:|1783852608
|move|p1a: Raichu|Upper Hand||[still]
|-fail|p1a: Raichu
|move|p1b: Tyranitar|Rock Slide|p2a: Pelipper|[spread] p2a,p2b
|-supereffective|p2a: Pelipper|1
|-resisted|p2b: Kingambit|1
|-damage|p2a: Pelipper|0 fnt
|-damage|p2b: Kingambit|0 fnt
|faint|p2a: Pelipper
|faint|p2b: Kingambit
|
|win|zaharba
||goldnskeletrix is ready for game 2.
|inactive|zaharba has 30 seconds to confirm battle start!
