|j|☆Lord_of_Ewoks
|j|☆soulmoonvgc
|html|Lord_of_Ewokssoulmoonvgc    
|uhtml|bestof|Game 3 of a best-of-3
|t:|1782759468
|gametype|doubles
|player|p1|Lord_of_Ewoks|lass-gen4|1127
|player|p2|soulmoonvgc|marshal|1117
|gen|9
|tier|[Gen 9 Champions] VGC 2026 Reg M-B (Bo3)
|rated|
|rule|Species Clause: Limit one of each Pokémon
|rule|Item Clause: Limit 1 of each item
|clearpoke
|poke|p1|Cofagrigus, L50, M|
|poke|p1|Sinistcha, L50|
|poke|p1|Mawile, L50, M|
|poke|p1|Primarina, L50, M|
|poke|p1|Incineroar, L50, F|
|poke|p1|Garganacl, L50, M|
|poke|p2|Aerodactyl, L50, M|
|poke|p2|Scovillain, L50, M|
|poke|p2|Gholdengo, L50|
|poke|p2|Sneasler, L50, F|
|poke|p2|Basculegion, L50, M|
|poke|p2|Garchomp, L50, M|
|teampreview|4
|showteam|p1|Cofagrigus||Leftovers|Mummy|Hex,WillOWisp,TrickRoom,Protect|Sassy||M|||50|]Sinistcha||SitrusBerry|Hospitality|MatchaGotcha,LifeDew,TrickRoom,Protect|Bold|||||50|]Mawile||Mawilite|Intimidate|IronHead,PlayRough,SuckerPunch,Protect|Adamant||M|||50|]Primarina||MysticWater|LiquidVoice|HyperVoice,Moonblast,EnergyBall,Protect|Modest||M|||50|]Incineroar||Charcoal|Intimidate|FakeOut,FlareBlitz,DarkestLariat,PartingShot|Adamant||F|||50|]Garganacl||FocusSash|PurifyingSalt|SaltCure,BodyPress,Recover,Protect|Relaxed||M|||50|
|showteam|p2|Aerodactyl||Aerodactylite|Unnerve|DualWingbeat,Tailwind,RockSlide,Protect|Jolly||M|||50|]Scovillain||Scovillainite|Moody|Overheat,LeechSeed,RagePowder,Protect|Calm||M|||50|]Gholdengo||LifeOrb|GoodasGold|MakeItRain,ShadowBall,NastyPlot,Protect|Modest|||||50|]Sneasler||FocusSash|Unburden|CloseCombat,DireClaw,FakeOut,QuickGuard|Jolly||F|||50|]Basculegion||ChoiceScarf|Adaptability|WaveCrash,FlipTurn,LastRespects,AquaJet|Jolly||M|||50|]Garchomp||ExpertBelt|RoughSkin|Earthquake,DragonClaw,RockSlide,Protect|Jolly||M|||50|
|inactive|Battle timer is ON: inactive players will automatically lose when time's up. (requested by soulmoonvgc)
|inactive|soulmoonvgc has 60 seconds left.
|
|t:|1782759520
|teamsize|p1|4
|teamsize|p2|4
|start
|switch|p1a: Cofagrigus|Cofagrigus, L50, M|100/100
|switch|p1b: Incineroar|Incineroar, L50, F|100/100
|switch|p2a: Basculegion|Basculegion, L50, M|100/100
|switch|p2b: Gholdengo|Gholdengo, L50|100/100
|-ability|p1b: Incineroar|Intimidate|boost
|-unboost|p2a: Basculegion|atk|1
|-unboost|p2b: Gholdengo|atk|1
|turn|1
|
|t:|1782759532
|switch|p1b: Mawile|Mawile, L50, M|100/100
|-ability|p1b: Mawile|Intimidate|boost
|-unboost|p2a: Basculegion|atk|1
|-unboost|p2b: Gholdengo|atk|1
|move|p1a: Cofagrigus|Protect|p1a: Cofagrigus
|-singleturn|p1a: Cofagrigus|Protect
|move|p2a: Basculegion|Flip Turn|p1b: Mawile
|-damage|p1b: Mawile|71/100
|
|t:|1782759539
|switch|p2a: Scovillain|Scovillain, L50, M|100/100|[from] Flip Turn
|move|p2b: Gholdengo|Nasty Plot|p2b: Gholdengo
|-boost|p2b: Gholdengo|spa|2
|
|-ability|p2a: Scovillain|Moody|boost
|-boost|p2a: Scovillain|spe|2
|-unboost|p2a: Scovillain|spd|1
|upkeep
|turn|2
|
|t:|1782759555
|switch|p1b: Primarina|Primarina, L50, M|100/100
|switch|p1a: Incineroar|Incineroar, L50, F|100/100
|-ability|p1a: Incineroar|Intimidate|boost
|-unboost|p2a: Scovillain|atk|1
|-unboost|p2b: Gholdengo|atk|1
|detailschange|p2a: Scovillain|Scovillain-Mega, L50, M
|-mega|p2a: Scovillain|Scovillain|Scovillainite
|move|p2a: Scovillain|Rage Powder|p2a: Scovillain
|-singleturn|p2a: Scovillain|move: Rage Powder
|move|p2b: Gholdengo|Make It Rain|p1a: Incineroar|[spread] p1a,p1b
|-resisted|p1a: Incineroar|1
|-damage|p1a: Incineroar|51/100
|-damage|p1b: Primarina|4/100
|-unboost|p2b: Gholdengo|spa|2
|-damage|p2b: Gholdengo|90/100|[from] item: Life Orb
|
|upkeep
|turn|3
|
|t:|1782759575
|move|p1b: Primarina|Protect|p1b: Primarina
|-singleturn|p1b: Primarina|Protect
|move|p2a: Scovillain|Rage Powder|p2a: Scovillain
|-singleturn|p2a: Scovillain|move: Rage Powder
|move|p2b: Gholdengo|Nasty Plot|p2b: Gholdengo
|-boost|p2b: Gholdengo|spa|2
|move|p1a: Incineroar|Flare Blitz|p2a: Scovillain
|-damage|p2a: Scovillain|27/100
|-immune|p1a: Incineroar
|-damage|p1a: Incineroar|31/100|[from] Recoil
|
|upkeep
|turn|4
|
|t:|1782759585
|move|p2a: Scovillain|Overheat|p1b: Primarina|[miss]
|-miss|p2a: Scovillain|p1b: Primarina
|move|p2b: Gholdengo|Shadow Ball|p1a: Incineroar
|-resisted|p1a: Incineroar|1
|-damage|p1a: Incineroar|0 fnt
|faint|p1a: Incineroar
|-damage|p2b: Gholdengo|80/100|[from] item: Life Orb
|move|p1b: Primarina|Hyper Voice|p2a: Scovillain|[spread] p2a,p2b
|-damage|p2a: Scovillain|0 fnt
|-damage|p2b: Gholdengo|36/100
|-status|p1b: Primarina|brn|[from] ability: Spicy Spray|[of] p2a: Scovillain
|faint|p2a: Scovillain
|
|-damage|p1b: Primarina|0 fnt|[from] brn
|faint|p1b: Primarina
|upkeep
|
|t:|1782759590
|switch|p2a: Basculegion|Basculegion, L50, M|100/100
|switch|p1b: Mawile|Mawile, L50, M|71/100
|switch|p1a: Cofagrigus|Cofagrigus, L50, M|100/100
|-ability|p1b: Mawile|Intimidate|boost
|-unboost|p2a: Basculegion|atk|1
|-unboost|p2b: Gholdengo|atk|1
|turn|5
|
|t:|1782759602
|detailschange|p1b: Mawile|Mawile-Mega, L50, M
|-mega|p1b: Mawile|Mawile|Mawilite
|move|p1b: Mawile|Sucker Punch|p2b: Gholdengo
|-supereffective|p2b: Gholdengo|1
|-damage|p2b: Gholdengo|0 fnt
|faint|p2b: Gholdengo
|move|p2a: Basculegion|Last Respects|p1b: Mawile
|-damage|p1b: Mawile|8/100
|move|p1a: Cofagrigus|Trick Room|p1a: Cofagrigus
|-fieldstart|move: Trick Room|[of] p1a: Cofagrigus
|
|upkeep
|
|t:|1782759606
|switch|p2b: Garchomp|Garchomp, L50, M|100/100
|turn|6
|
|t:|1782759615
|move|p1b: Mawile|Sucker Punch|p2a: Basculegion
|-supereffective|p2a: Basculegion|1
|-damage|p2a: Basculegion|0 fnt
|faint|p2a: Basculegion
|move|p1a: Cofagrigus|Will-O-Wisp|p2b: Garchomp
|-status|p2b: Garchomp|brn
|move|p2b: Garchomp|Earthquake|p1a: Cofagrigus|[spread] p1a,p1b
|-supereffective|p1b: Mawile|1
|-damage|p1a: Cofagrigus|85/100
|-damage|p1b: Mawile|0 fnt
|faint|p1b: Mawile
|
|-heal|p1a: Cofagrigus|91/100|[from] item: Leftovers
|-damage|p2b: Garchomp|94/100 brn|[from] brn
|upkeep
|turn|7
|
|t:|1782759624
|move|p1a: Cofagrigus|Hex|p2b: Garchomp
|-damage|p2b: Garchomp|38/100 brn
|move|p2b: Garchomp|Earthquake|p1a: Cofagrigus
|-damage|p1a: Cofagrigus|69/100
|
|-heal|p1a: Cofagrigus|75/100|[from] item: Leftovers
|-damage|p2b: Garchomp|32/100 brn|[from] brn
|upkeep
|turn|8
|
|t:|1782759630
|move|p1a: Cofagrigus|Hex|p2b: Garchomp
|-damage|p2b: Garchomp|0 fnt
|faint|p2b: Garchomp
|
|win|Lord_of_Ewoks
|raw|Lord_of_Ewoks's rating: 1127 → 1151(+24 for winning)
|raw|soulmoonvgc's rating: 1117 → 1093(-24 for losing)
