|j|☆K-TrachoVgc2189
|j|☆scottpilgrim35
|html|K-TrachoVgc2189scottpilgrim35    
|uhtml|bestof|Game 1 of a best-of-3
|t:|1783180548
|gametype|doubles
|player|p1|K-TrachoVgc2189|101|1000
|player|p2|scottpilgrim35|2|1022
|gen|9
|tier|[Gen 9 Champions] VGC 2026 Reg M-B (Bo3)
|rated|
|rule|Species Clause: Limit one of each Pokémon
|rule|Item Clause: Limit 1 of each item
|clearpoke
|poke|p1|Incineroar, L50, M|
|poke|p1|Farigiraf, L50, F|
|poke|p1|Torkoal, L50, M|
|poke|p1|Maushold, L50|
|poke|p1|Mawile, L50, F|
|poke|p1|Pyroar, L50, M|
|poke|p2|Milotic, L50, F|
|poke|p2|Palafin, L50, M|
|poke|p2|Swampert, L50, F|
|poke|p2|Pelipper, L50, F|
|poke|p2|Blastoise, L50, M|
|poke|p2|Basculegion, L50, M|
|teampreview|4
|showteam|p1|Incineroar||WhiteHerb|Intimidate|FakeOut,FlareBlitz,DarkestLariat,CloseCombat|Brave||M|||50|]Farigiraf||SitrusBerry|ArmorTail|TwinBeam,HelpingHand,TrickRoom,Protect|Bold||F|||50|]Torkoal||Charcoal|Drought|Eruption,WeatherBall,HelpingHand,Protect|Modest||M|||50|]Maushold||WideLens|Technician|PopulationBomb,Charm,FollowMe,Protect|Jolly|||||50|]Mawile||Mawilite|Intimidate|PlayRough,SuckerPunch,SwordsDance,Protect|Adamant||F|||50|]Pyroar||Pyroarite|Unnerve|Overheat,HeatWave,SolarBeam,Protect|Timid||M|||50|
|showteam|p2|Milotic||Leftovers|Competitive|HydroPump,IceBeam,Recover,Protect|Lax||F|||50|]Palafin||RindoBerry|ZerotoHero|FlipTurn,JetPunch,Protect,WaveCrash|Impish||M|||50|]Swampert||Swampertite|Torrent|Earthquake,WaveCrash,IcePunch,Protect|Impish||F|||50|]Pelipper||WacanBerry|Drizzle|Hurricane,Tailwind,HelpingHand,WideGuard|Bold||F|||50|]Blastoise||SitrusBerry|RainDish|FakeOut,Haze,AquaTail,ChillingWater|Bold||M|||50|]Basculegion||ChoiceScarf|Adaptability|LastRespects,AquaJet,Liquidation,Protect|Adamant||M|||50|
|
|t:|1783180578
|teamsize|p1|4
|teamsize|p2|4
|start
|switch|p1a: Maushold|Maushold, L50|100/100
|switch|p1b: Farigiraf|Farigiraf, L50, F|100/100
|switch|p2a: Pelipper|Pelipper, L50, F|100/100
|switch|p2b: Swampert|Swampert, L50, F|100/100
|-weather|RainDance|[from] ability: Drizzle|[of] p2a: Pelipper
|turn|1
|
|t:|1783180608
|detailschange|p2b: Swampert|Swampert-Mega, L50, F
|-mega|p2b: Swampert|Swampert|Swampertite
|move|p1a: Maushold|Follow Me|p1a: Maushold
|-singleturn|p1a: Maushold|move: Follow Me
|move|p2b: Swampert|Earthquake|p1b: Farigiraf|[spread] p1a,p1b
|-immune|p2a: Pelipper
|-crit|p1b: Farigiraf
|-damage|p1a: Maushold|31/100
|-damage|p1b: Farigiraf|49/100
|-enditem|p1b: Farigiraf|Sitrus Berry|[eat]
|-heal|p1b: Farigiraf|74/100|[from] item: Sitrus Berry
|move|p2a: Pelipper|Tailwind|p2a: Pelipper
|-sidestart|p2: scottpilgrim35|move: Tailwind
|move|p1b: Farigiraf|Trick Room|p1b: Farigiraf
|-fieldstart|move: Trick Room|[of] p1b: Farigiraf
|
|-weather|RainDance|[upkeep]
|upkeep
|turn|2
|
|t:|1783180633
|switch|p2a: Milotic|Milotic, L50, F|100/100
|move|p2b: Swampert|Protect|p2b: Swampert
|-singleturn|p2b: Swampert|Protect
|move|p1b: Farigiraf|Twin Beam|p2b: Swampert
|-activate|p2b: Swampert|move: Protect
|move|p1a: Maushold|Population Bomb|p2a: Milotic
|-crit|p2a: Milotic
|-damage|p2a: Milotic|83/100
|-damage|p2a: Milotic|71/100
|-damage|p2a: Milotic|59/100
|-damage|p2a: Milotic|48/100
|-damage|p2a: Milotic|37/100
|-damage|p2a: Milotic|25/100
|-damage|p2a: Milotic|15/100
|-damage|p2a: Milotic|3/100
|-damage|p2a: Milotic|0 fnt
|faint|p2a: Milotic
|-hitcount|p2: Milotic|9
|
|-weather|RainDance|[upkeep]
|upkeep
|
|t:|1783180657
|switch|p2a: Palafin|Palafin, L50, M|100/100
|turn|3
|
|t:|1783180671
|move|p1b: Farigiraf|Twin Beam|p2a: Palafin
|-damage|p2a: Palafin|77/100
|-damage|p2a: Palafin|55/100
|-hitcount|p2a: Palafin|2
|move|p1a: Maushold|Population Bomb|p2b: Swampert
|-damage|p2b: Swampert|90/100
|-damage|p2b: Swampert|82/100
|-damage|p2b: Swampert|73/100
|-damage|p2b: Swampert|64/100
|-damage|p2b: Swampert|54/100
|-damage|p2b: Swampert|46/100
|-damage|p2b: Swampert|37/100
|-damage|p2b: Swampert|28/100
|-damage|p2b: Swampert|20/100r
|-damage|p2b: Swampert|10/100
|-hitcount|p2b: Swampert|10
|move|p2a: Palafin|Flip Turn|p1a: Maushold
|-damage|p1a: Maushold|0 fnt
|faint|p1a: Maushold
|
|t:|1783180692
|detailschange|p2a: Palafin|Palafin-Hero, L50, M
|switch|p2a: Pelipper|Pelipper, L50, F|100/100|[from] Flip Turn
|move|p2b: Swampert|Earthquake|p1b: Farigiraf|[spread] p1b
|-immune|p2a: Pelipper
|-damage|p1b: Farigiraf|39/100
|
|-weather|RainDance|[upkeep]
|upkeep
|
|t:|1783180695
|switch|p1a: Mawile|Mawile, L50, F|100/100
|-ability|p1a: Mawile|Intimidate|boost
|-unboost|p2a: Pelipper|atk|1
|-unboost|p2b: Swampert|atk|1
|turn|4
|
|t:|1783180709
|detailschange|p1a: Mawile|Mawile-Mega, L50, F
|-mega|p1a: Mawile|Mawile|Mawilite
|move|p2b: Swampert|Protect|p2b: Swampert
|-singleturn|p2b: Swampert|Protect
|move|p1a: Mawile|Play Rough|p2a: Pelipper
|-crit|p2a: Pelipper
|-damage|p2a: Pelipper|0 fnt
|faint|p2a: Pelipper
|move|p1b: Farigiraf|Twin Beam|p2b: Swampert
|-activate|p2b: Swampert|move: Protect
|
|-weather|RainDance|[upkeep]
|-sideend|p2: scottpilgrim35|move: Tailwind
|upkeep
|
|t:|1783180722
|switch|p2a: Palafin|Palafin-Hero, L50, M|55/100
|-activate|p2a: Palafin|ability: Zero to Hero
|turn|5
|
|t:|1783180735
|move|p2a: Palafin|Jet Punch||[still]
|cant|p1b: Farigiraf|ability: Armor Tail|Jet Punch|[of] p2a: Palafin
|move|p1a: Mawile|Play Rough|p2a: Palafin
|-damage|p2a: Palafin|0 fnt
|faint|p2a: Palafin
|move|p1b: Farigiraf|Twin Beam|p2b: Swampert
|-crit|p2b: Swampert
|-damage|p2b: Swampert|0 fnt
|faint|p2b: Swampert
|-hitcount|p2: Swampert|1
|
|win|K-TrachoVgc2189
|inactive|K-TrachoVgc2189 has 30 seconds to confirm battle start!
|inactive|scottpilgrim35 has 30 seconds to confirm battle start!
||K-TrachoVgc2189 is ready for game 2.
|inactive|scottpilgrim35 has 20 seconds to confirm battle start!
||scottpilgrim35 is ready for game 2.
|uhtml|next|Next: Game 2 of 3
|l|☆scottpilgrim35
|player|p2|
