|j|☆ruddyreboot
|j|☆cm3112
|html|ruddyrebootcm3112    
|uhtml|bestof|Game 2 of a best-of-3
|t:|1757685813
|gametype|doubles
|player|p1|ruddyreboot|crasherwake|1221
|player|p2|cm3112|169|1342
|gen|9
|tier|[Gen 9] VGC 2025 Reg H (Bo3)
|rated|
|rule|Species Clause: Limit one of each Pokémon
|rule|Item Clause: Limit 1 of each item
|clearpoke
|poke|p1|Mimikyu, L50, F|
|poke|p1|Farigiraf, L50, M|
|poke|p1|Ursaluna-Bloodmoon, L50, M|
|poke|p1|Smeargle, L50, M|
|poke|p1|Rillaboom, L50, M|
|poke|p1|Torkoal, L50, F|
|poke|p2|Porygon2, L50|
|poke|p2|Toxtricity, L50, F|
|poke|p2|Ursaluna, L50, M|
|poke|p2|Amoonguss, L50, M|
|poke|p2|Charizard, L50, F|
|poke|p2|Torkoal, L50, M|
|teampreview|4
|showteam|p1|Mimikyu||MentalHerb|Disguise|PlayRough,ShadowSneak,TrickRoom,Taunt|||F|||50|,,,,,Steel]Farigiraf||ThroatSpray|ArmorTail|Protect,TrickRoom,HyperVoice,Psychic|||M|||50|,,,,,Grass]Ursaluna-Bloodmoon||LifeOrb|MindsEye|Protect,EarthPower,HyperVoice,BloodMoon|||M|||50|,,,,,Normal]Smeargle||FocusSash|Technician|FakeOut,Decorate,Spore,FollowMe|||M|||50|,,,,,Grass]Rillaboom||AssaultVest|GrassySurge|WoodHammer,GrassyGlide,HighHorsepower,FakeOut|||M|||50|,,,,,Fire]Torkoal||Charcoal|Drought|Eruption,ClearSmog,Protect,Flamethrower|||F|||50|,,,,,Fire
|showteam|p2|Porygon2||Eviolite|Download|TeraBlast,IceBeam,Recover,TrickRoom||||||50|,,,,,Ghost]Toxtricity||ThroatSpray|PunkRock|Boomburst,Overdrive,SludgeWave,Snarl|||F|||50|,,,,,Ghost]Ursaluna||FlameOrb|Guts|Facade,HeadlongRush,Earthquake,Protect|||M|||50|,,,,,Grass]Amoonguss||CovertCloak|Regenerator|Spore,RagePowder,PollenPuff,ClearSmog|||M|||50|,,,,,Water]Charizard||ChoiceScarf|SolarPower|HeatWave,WeatherBall,Overheat,AirSlash|||F|||50|,,,,,Ghost]Torkoal||Charcoal|Drought|HeatWave,HelpingHand,Yawn,Protect|||M|||50|,,,,,Fire
|inactive|Battle timer is ON: inactive players will automatically lose when time's up. (requested by ruddyreboot)
|
|t:|1757685832
|teamsize|p1|4
|teamsize|p2|4
|start
|switch|p1a: Smeargle|Smeargle, L50, M, shiny|100/100
|switch|p1b: Mimikyu|Mimikyu, L50, F|100/100
|switch|p2a: Charizard|Charizard, L50, F|100/100
|switch|p2b: Amoonguss|Amoonguss, L50, M|100/100
|turn|1
|
|t:|1757685856
|move|p2b: Amoonguss|Rage Powder|p2b: Amoonguss
|-singleturn|p2b: Amoonguss|move: Rage Powder
|move|p2a: Charizard|Heat Wave|p1a: Smeargle|[spread] p1a,p1b
|-damage|p1a: Smeargle|30/100
|-activate|p1b: Mimikyu|ability: Disguise
|-damage|p1b: Mimikyu|100/100
|detailschange|p1b: Mimikyu|Mimikyu-Busted, L50, F
|-damage|p1b: Mimikyu|89/100|[from] pokemon: Mimikyu-Busted
|move|p1b: Mimikyu|Taunt|p2b: Amoonguss
|-start|p2b: Amoonguss|move: Taunt
|move|p1a: Smeargle|Spore|p2b: Amoonguss
|-immune|p2b: Amoonguss
|
|upkeep
|turn|2
|inactive|ruddyreboot has 30 seconds left.
|
|t:|1757685885
|switch|p1a: Ursaluna|Ursaluna-Bloodmoon, L50, M|100/100
|switch|p2b: Torkoal|Torkoal, L50, M|100/100
|-weather|SunnyDay|[from] ability: Drought|[of] p2b: Torkoal
|move|p2a: Charizard|Heat Wave|p1a: Ursaluna|[spread] p1a
|-miss|p2a: Charizard|p1b: Mimikyu
|-damage|p1a: Ursaluna|15/100
|move|p1b: Mimikyu|Play Rough|p2a: Charizard
|-resisted|p2a: Charizard
|-damage|p2a: Charizard|71/100
|
|-weather|SunnyDay|[upkeep]
|-damage|p2a: Charizard|59/100|[from] ability: Solar Power|[of] p2a: Charizard
|upkeep
|turn|3
|
|t:|1757685908
|move|p1a: Ursaluna|Protect|p1a: Ursaluna
|-singleturn|p1a: Ursaluna|Protect
|move|p1b: Mimikyu|Shadow Sneak|p2a: Charizard
|-damage|p2a: Charizard|35/100
|move|p2a: Charizard|Heat Wave|p1b: Mimikyu|[spread] p1b
|-activate|p1a: Ursaluna|move: Protect
|-damage|p1b: Mimikyu|11/100
|move|p2b: Torkoal|Heat Wave|p1a: Ursaluna|[spread] p1b
|-activate|p1a: Ursaluna|move: Protect
|-damage|p1b: Mimikyu|0 fnt
|faint|p1b: Mimikyu
|
|-weather|SunnyDay|[upkeep]
|-damage|p2a: Charizard|23/100|[from] ability: Solar Power|[of] p2a: Charizard
|upkeep
|
|t:|1757685928
|switch|p1b: Rillaboom|Rillaboom, L50, M|100/100
|-fieldstart|move: Grassy Terrain|[from] ability: Grassy Surge|[of] p1b: Rillaboom
|turn|4
|
|t:|1757685940
|-terastallize|p1b: Rillaboom|Fire
|move|p2b: Torkoal|Protect|p2b: Torkoal
|-singleturn|p2b: Torkoal|Protect
|move|p1b: Rillaboom|Grassy Glide|p2a: Charizard
|-resisted|p2a: Charizard
|-damage|p2a: Charizard|9/100
|move|p2a: Charizard|Heat Wave|p1b: Rillaboom|[spread] p1a,p1b
|-resisted|p1b: Rillaboom
|-damage|p1a: Ursaluna|0 fnt
|-damage|p1b: Rillaboom|69/100
|faint|p1a: Ursaluna
|
|-weather|SunnyDay|[upkeep]
|-damage|p2a: Charizard|0 fnt|[from] ability: Solar Power|[of] p2a: Charizard
|faint|p2a: Charizard
|-heal|p1b: Rillaboom|75/100|[from] Grassy Terrain
|upkeep
|
|t:|1757685953
|switch|p2a: Porygon2|Porygon2, L50|100/100
|switch|p1a: Smeargle|Smeargle, L50, M, shiny|30/100
|-ability|p2a: Porygon2|Download|boost
|-boost|p2a: Porygon2|spa|1
|turn|5
|inactive|ruddyreboot has 30 seconds left.
|
|t:|1757685984
|move|p1b: Rillaboom|High Horsepower|p2b: Torkoal
|-supereffective|p2b: Torkoal
|-damage|p2b: Torkoal|49/100
|move|p2a: Porygon2|Ice Beam|p1a: Smeargle
|-damage|p1a: Smeargle|0 fnt
|faint|p1a: Smeargle
|move|p2b: Torkoal|Heat Wave|p1b: Rillaboom
|-resisted|p1b: Rillaboom
|-damage|p1b: Rillaboom|46/100
|
|-weather|SunnyDay|[upkeep]
|-heal|p1b: Rillaboom|52/100|[from] Grassy Terrain
|-heal|p2b: Torkoal|55/100|[from] Grassy Terrain
|upkeep
|turn|6
|
|t:|1757685995
|switch|p2b: Amoonguss|Amoonguss, L50, M|100/100
|move|p1b: Rillaboom|High Horsepower|p2b: Amoonguss
|-damage|p2b: Amoonguss|68/100
|move|p2a: Porygon2|Tera Blast|p1b: Rillaboom
|-damage|p1b: Rillaboom|4/100
|
|-weather|none
|-heal|p1b: Rillaboom|10/100|[from] Grassy Terrain
|-heal|p2b: Amoonguss|74/100|[from] Grassy Terrain
|upkeep
|turn|7
|-message|ruddyreboot forfeited.
|
|win|cm3112
||ruddyreboot is ready for game 3.
||cm3112 is ready for game 3.
|uhtml|next|Next: Game 3 of 3
|l|☆cm3112
|player|p2|
|l|☆ruddyreboot
|player|p1|
