|j|☆ethical sga
|j|☆Splytep
|html|ethical sgaSplytep    
|uhtml|bestof|Game 1 of a best-of-3
|t:|1782488494
|gametype|doubles
|player|p1|ethical sga|lass-gen4dp|1000
|player|p2|Splytep|2|1000
|gen|9
|tier|[Gen 9 Champions] VGC 2026 Reg M-B (Bo3)
|rated|
|rule|Species Clause: Limit one of each Pokémon
|rule|Item Clause: Limit 1 of each item
|clearpoke
|poke|p1|Blaziken, L50, F|
|poke|p1|Kingambit, L50, M|
|poke|p1|Basculegion, L50, M|
|poke|p1|Garchomp, L50, F|
|poke|p1|Whimsicott, L50, F|
|poke|p1|Floette-Eternal, L50, F|
|poke|p2|Chimecho, L50, M|
|poke|p2|Tyranitar, L50, F|
|poke|p2|Excadrill, L50, M|
|poke|p2|Garchomp, L50, F|
|poke|p2|Farigiraf, L50, F|
|poke|p2|Whimsicott, L50, F|
|teampreview|4
|showteam|p1|Blaziken||Blazikenite|SpeedBoost|Protect,FlareBlitz,CloseCombat,Coaching|Adamant||F|||50|]Kingambit||ChopleBerry|Defiant|Protect,KowtowCleave,SuckerPunch,IronHead|Adamant||M|||50|]Basculegion||SitrusBerry|SwiftSwim|Protect,WaveCrash,LastRespects,AquaJet|Adamant||M|||50|]Garchomp||LifeOrb|RoughSkin|Protect,DragonClaw,StompingTantrum,RockSlide|Jolly||F|||50|]Whimsicott||FocusSash|Prankster|Protect,Moonblast,Encore,Tailwind|Modest||F|||50|]Floette-Eternal||Floettite|FlowerVeil|Protect,DazzlingGleam,Moonblast,LightofRuin|Modest||F|||50|
|showteam|p2|Chimecho||Chimechite|Levitate|StoredPower,Recover,CosmicPower,HelpingHand|Quiet||M|||50|]Tyranitar||LifeOrb|SandStream|RockSlide,Earthquake,KnockOff,StoneEdge|Serious||F|||50|]Excadrill||ChoiceScarf|SandRush|Earthquake,RockSlide,IronHead,HighHorsepower|Adamant||M|||50|]Garchomp||YacheBerry|RoughSkin|DragonClaw,Earthquake,RockSlide,ShadowClaw|Brave||F|||50|]Farigiraf||Leftovers|ArmorTail|TrickRoom,Protect,HelpingHand,PsychicNoise|Serious||F|||50|]Whimsicott||FocusSash|Prankster|HelpingHand,Protect,Tailwind,Encore|Serious||F|||50|
|
|t:|1782488528
|teamsize|p1|4
|teamsize|p2|4
|start
|switch|p1a: Whimsicott|Whimsicott, L50, F|100/100
|switch|p1b: Garchomp|Garchomp, L50, F|100/100
|switch|p2a: Chimecho|Chimecho, L50, M|100/100
|switch|p2b: Tyranitar|Tyranitar, L50, F|100/100
|-weather|Sandstorm|[from] ability: Sand Stream|[of] p2b: Tyranitar
|turn|1
|
|t:|1782488550
|detailschange|p2a: Chimecho|Chimecho-Mega, L50, M
|-mega|p2a: Chimecho|Chimecho|Chimechite
|move|p1b: Garchomp|Stomping Tantrum|p2b: Tyranitar
|-supereffective|p2b: Tyranitar|1
|-damage|p2b: Tyranitar|24/100
|-damage|p1b: Garchomp|90/100|[from] item: Life Orb
|move|p1a: Whimsicott|Moonblast|p2b: Tyranitar
|-supereffective|p2b: Tyranitar|1
|-damage|p2b: Tyranitar|0 fnt
|faint|p2b: Tyranitar
|move|p2a: Chimecho|Cosmic Power|p2a: Chimecho
|-boost|p2a: Chimecho|def|1
|-boost|p2a: Chimecho|spd|1
|
|-weather|Sandstorm|[upkeep]
|-damage|p1a: Whimsicott|94/100|[from] Sandstorm
|upkeep
|
|t:|1782488584
|switch|p2b: Garchomp|Garchomp, L50, F|100/100
|turn|2
|
|t:|1782488595
|move|p1a: Whimsicott|Encore|p2a: Chimecho
|-start|p2a: Chimecho|Encore
|move|p1b: Garchomp|Dragon Claw|p2b: Garchomp
|-supereffective|p2b: Garchomp|1
|-damage|p2b: Garchomp|1/100
|-damage|p1b: Garchomp|78/100|[from] ability: Rough Skin|[of] p2b: Garchomp
|-damage|p1b: Garchomp|68/100|[from] item: Life Orb
|move|p2b: Garchomp|Dragon Claw|p1b: Garchomp
|-supereffective|p1b: Garchomp|1
|-damage|p1b: Garchomp|0 fnt
|-damage|p2b: Garchomp|0 fnt|[from] ability: Rough Skin|[of] p1b: Garchomp
|faint|p1b: Garchomp
|faint|p2b: Garchomp
|move|p2a: Chimecho|Cosmic Power|p2a: Chimecho
|-boost|p2a: Chimecho|def|1
|-boost|p2a: Chimecho|spd|1
|
|-weather|Sandstorm|[upkeep]
|-damage|p1a: Whimsicott|88/100|[from] Sandstorm
|upkeep
|
|t:|1782488616
|switch|p1b: Blaziken|Blaziken, L50, F|100/100
|switch|p2b: Excadrill|Excadrill, L50, M|100/100
|turn|3
|
|t:|1782488628
|detailschange|p1b: Blaziken|Blaziken-Mega, L50, F
|-mega|p1b: Blaziken|Blaziken|Blazikenite
|move|p1b: Blaziken|Protect|p1b: Blaziken
|-singleturn|p1b: Blaziken|Protect
|move|p1a: Whimsicott|Tailwind|p1a: Whimsicott
|-sidestart|p1: ethical sga|move: Tailwind
|move|p2b: Excadrill|High Horsepower|p1b: Blaziken
|-activate|p1b: Blaziken|move: Protect
|move|p2a: Chimecho|Cosmic Power|p2a: Chimecho
|-boost|p2a: Chimecho|def|1
|-boost|p2a: Chimecho|spd|1
|
|-weather|Sandstorm|[upkeep]
|-damage|p1a: Whimsicott|82/100|[from] Sandstorm
|-damage|p1b: Blaziken|94/100|[from] Sandstorm
|-ability|p1b: Blaziken|Speed Boost|boost
|-boost|p1b: Blaziken|spe|1
|upkeep
|turn|4
|
|t:|1782488640
|move|p1b: Blaziken|Close Combat|p2b: Excadrill
|-supereffective|p2b: Excadrill|1
|-damage|p2b: Excadrill|0 fnt
|-unboost|p1b: Blaziken|def|1
|-unboost|p1b: Blaziken|spd|1
|faint|p2b: Excadrill
|move|p1a: Whimsicott|Moonblast|p2a: Chimecho
|-resisted|p2a: Chimecho|1
|-damage|p2a: Chimecho|94/100
|move|p2a: Chimecho|Cosmic Power|p2a: Chimecho
|-boost|p2a: Chimecho|def|1
|-boost|p2a: Chimecho|spd|1
|
|-weather|Sandstorm|[upkeep]
|-damage|p1b: Blaziken|88/100|[from] Sandstorm
|-damage|p1a: Whimsicott|76/100|[from] Sandstorm
|-end|p2a: Chimecho|Encore
|-ability|p1b: Blaziken|Speed Boost|boost
|-boost|p1b: Blaziken|spe|1
|upkeep
|turn|5
|
|t:|1782488654
|move|p1a: Whimsicott|Encore|p2a: Chimecho
|-start|p2a: Chimecho|Encore
|move|p1b: Blaziken|Flare Blitz|p2a: Chimecho
|-supereffective|p2a: Chimecho|1
|-crit|p2a: Chimecho
|-damage|p2a: Chimecho|0 fnt
|faint|p2a: Chimecho
|-damage|p1b: Blaziken|52/100|[from] Recoil
|
|win|ethical sga
