|j|☆takedownmy
|j|☆CosmicIvy3
|html|takedownmyCosmicIvy3    
|uhtml|bestof|Game 2 of a best-of-3
|t:|1756431886
|gametype|doubles
|player|p1|takedownmy|102|1177
|player|p2|CosmicIvy3|gambler|1086
|gen|9
|tier|[Gen 9] VGC 2025 Reg H (Bo3)
|rated|
|rule|Species Clause: Limit one of each Pokémon
|rule|Item Clause: Limit 1 of each item
|clearpoke
|poke|p1|Glalie, L50, F|
|poke|p1|Incineroar, L50, M|
|poke|p1|Rillaboom, L50, M|
|poke|p1|Ninetales-Alola, L50, F|
|poke|p1|Gholdengo, L50|
|poke|p1|Sneasler, L50, M|
|poke|p2|Dragonite, L50, M|
|poke|p2|Gholdengo, L50|
|poke|p2|Ursaluna, L50, M|
|poke|p2|Sinistcha, L50|
|poke|p2|Pelipper, L50, M|
|poke|p2|Archaludon, L50, M|
|teampreview|4
|showteam|p1|Glalie||Leftovers|Moody|IceBeam,TeraBlast,Substitute,Protect|||F|||50|,,,,,Electric]Incineroar||SafetyGoggles|Intimidate|FlareBlitz,KnockOff,PartingShot,FakeOut|||M|||50|,,,,,Ghost]Rillaboom||AssaultVest|GrassySurge|FakeOut,GrassyGlide,DrumBeating,HighHorsepower|||M|||50|,,,,,Fire]Ninetales-Alola||FocusSash|SnowWarning|Blizzard,IcyWind,Encore,AuroraVeil|||F|||50|,,,,,Ghost]Gholdengo||GrassySeed|GoodasGold|NastyPlot,MakeItRain,ShadowBall,Protect||||||50|,,,,,Water]Sneasler||WhiteHerb|Unburden|CloseCombat,DireClaw,ThroatChop,Protect|||M|||50|,,,,,Dark
|showteam|p2|Dragonite||LoadedDice|Multiscale|ScaleShot,Tailwind,Haze,ExtremeSpeed|||M|||50|,,,,,Fairy]Gholdengo||ChoiceScarf|GoodasGold|MakeItRain,ShadowBall,Trick,PowerGem||||||50|,,,,,Flying]Ursaluna||FlameOrb|Guts|Facade,HeadlongRush,Protect,Earthquake|||M|||50|,,,,,Dragon]Sinistcha||SitrusBerry|Hospitality|MatchaGotcha,RagePowder,LifeDew,TrickRoom||||||50|,,,,,Dark]Pelipper||FocusSash|Drizzle|MuddyWater,Hurricane,WideGuard,Protect|||M|||50|,,,,,Grass]Archaludon||AssaultVest|Stamina|ElectroShot,DracoMeteor,BodyPress,Snarl|||M|||50|,,,,,Fighting
|inactive|Battle timer is ON: inactive players will automatically lose when time's up. (requested by takedownmy)
|
|t:|1756431908
|teamsize|p1|4
|teamsize|p2|4
|start
|switch|p1a: Glalie|Glalie, L50, F|100/100
|switch|p1b: Incineroar|Incineroar, L50, M|100/100
|switch|p2a: Gholdengo|Gholdengo, L50|100/100
|switch|p2b: Sinistcha|Sinistcha, L50, shiny|100/100
|-ability|p1b: Incineroar|Intimidate|boost
|-unboost|p2a: Gholdengo|atk|1
|-unboost|p2b: Sinistcha|atk|1
|turn|1
|inactive|takedownmy has 30 seconds left.
|inactive|CosmicIvy3 has 30 seconds left.
|inactive|CosmicIvy3 has 20 seconds left.
|
|t:|1756431957
|-terastallize|p2b: Sinistcha|Dark
|move|p1a: Glalie|Protect|p1a: Glalie
|-singleturn|p1a: Glalie|Protect
|move|p2a: Gholdengo|Trick|p1b: Incineroar
|-activate|p2a: Gholdengo|move: Trick|[of] p1b: Incineroar
|-item|p1b: Incineroar|Choice Scarf|[from] move: Trick
|-item|p2a: Gholdengo|Safety Goggles|[from] move: Trick
|move|p1b: Incineroar|Knock Off|p2b: Sinistcha
|-resisted|p2b: Sinistcha
|-crit|p2b: Sinistcha
|-damage|p2b: Sinistcha|77/100
|-enditem|p2b: Sinistcha|Sitrus Berry|[from] move: Knock Off|[of] p1b: Incineroar
|move|p2b: Sinistcha|Trick Room|p2b: Sinistcha
|-fieldstart|move: Trick Room|[of] p2b: Sinistcha
|
|-ability|p1a: Glalie|Moody|boost
|-boost|p1a: Glalie|atk|2
|-unboost|p1a: Glalie|spd|1
|upkeep
|turn|2
|inactive|takedownmy has 30 seconds left.
|inactive|CosmicIvy3 has 30 seconds left.
|inactive|takedownmy has 20 seconds left.
|inactive|CosmicIvy3 has 20 seconds left.
|inactive|takedownmy has 15 seconds left.
|
|t:|1756432001
|switch|p2a: Ursaluna|Ursaluna, L50, M, shiny|100/100
|move|p1a: Glalie|Protect||[still]
|-fail|p1a: Glalie
|move|p2b: Sinistcha|Rage Powder|p2b: Sinistcha
|-singleturn|p2b: Sinistcha|move: Rage Powder
|move|p1b: Incineroar|Knock Off|p2b: Sinistcha
|-resisted|p2b: Sinistcha
|-damage|p2b: Sinistcha|67/100
|
|-status|p2a: Ursaluna|brn|[from] item: Flame Orb
|-ability|p1a: Glalie|Moody|boost
|-boost|p1a: Glalie|spa|2
|-unboost|p1a: Glalie|def|1
|upkeep
|turn|3
|inactive|takedownmy has 30 seconds left.
|inactive|CosmicIvy3 has 30 seconds left.
|inactive|takedownmy has 20 seconds left.
|inactive|CosmicIvy3 has 20 seconds left.
|
|t:|1756432040
|switch|p1b: Sneasler|Sneasler, L50, M|100/100
|move|p2a: Ursaluna|Facade|p1a: Glalie
|-damage|p1a: Glalie|0 fnt
|faint|p1a: Glalie
|move|p2b: Sinistcha|Matcha Gotcha|p1b: Sneasler
|-resisted|p1b: Sneasler
|-damage|p1b: Sneasler|81/100
|-heal|p2b: Sinistcha|76/100|[from] drain|[of] p1b: Sneasler
|
|-damage|p2a: Ursaluna|95/100 brn|[from] brn
|upkeep
|
|t:|1756432048
|switch|p1a: Incineroar|Incineroar, L50, M|100/100
|-ability|p1a: Incineroar|Intimidate|boost
|-unboost|p2a: Ursaluna|atk|1
|-unboost|p2b: Sinistcha|atk|1
|turn|4
|
|t:|1756432065
|switch|p2b: Pelipper|Pelipper, L50, M, shiny|100/100
|-weather|RainDance|[from] ability: Drizzle|[of] p2b: Pelipper
|move|p1a: Incineroar|Fake Out|p2a: Ursaluna
|-damage|p2a: Ursaluna|86/100 brn
|cant|p2a: Ursaluna|flinch
|move|p1b: Sneasler|Close Combat|p2b: Pelipper
|-resisted|p2b: Pelipper
|-damage|p2b: Pelipper|62/100
|-unboost|p1b: Sneasler|def|1
|-unboost|p1b: Sneasler|spd|1
|-enditem|p1b: Sneasler|White Herb
|-clearnegativeboost|p1b: Sneasler|[silent]
|
|-weather|RainDance|[upkeep]
|-damage|p2a: Ursaluna|80/100 brn|[from] brn
|upkeep
|turn|5
|
|t:|1756432089
|switch|p1a: Ninetales|Ninetales-Alola, L50, F|100/100
|-weather|Snowscape|[from] ability: Snow Warning|[of] p1a: Ninetales
|move|p1b: Sneasler|Protect|p1b: Sneasler
|-singleturn|p1b: Sneasler|Protect
|move|p2a: Ursaluna|Earthquake|p1a: Ninetales|[spread] p1a
|-activate|p1b: Sneasler|move: Protect
|-immune|p2b: Pelipper
|-damage|p1a: Ninetales|58/100
|move|p2b: Pelipper|Muddy Water|p1a: Ninetales|[spread] p1a
|-activate|p1b: Sneasler|move: Protect
|-damage|p1a: Ninetales|26/100
|-unboost|p1a: Ninetales|accuracy|1
|
|-weather|Snowscape|[upkeep]
|-damage|p2a: Ursaluna|74/100 brn|[from] brn
|-fieldend|move: Trick Room
|upkeep
|turn|6
|inactive|takedownmy has 30 seconds left.
|inactive|CosmicIvy3 has 30 seconds left.
|
|t:|1756432122
|switch|p2b: Sinistcha|Sinistcha, L50, shiny, tera:Dark|76/100
|-heal|p2a: Ursaluna|99/100 brn|[from] ability: Hospitality|[of] p2b: Sinistcha
|switch|p2a: Gholdengo|Gholdengo, L50|100/100
|move|p1b: Sneasler|Dire Claw|p2a: Gholdengo
|-immune|p2a: Gholdengo
|move|p1a: Ninetales|Blizzard|p2b: Sinistcha|[spread] p2a,p2b
|-resisted|p2a: Gholdengo
|-damage|p2a: Gholdengo|84/100
|-damage|p2b: Sinistcha|47/100
|
|-weather|Snowscape|[upkeep]
|upkeep
|turn|7
|inactive|CosmicIvy3 has 30 seconds left.
|inactive|CosmicIvy3 has 20 seconds left.
|inactive|CosmicIvy3 has 15 seconds left.
|
|t:|1756432163
|switch|p1a: Incineroar|Incineroar, L50, M|100/100
|-ability|p1a: Incineroar|Intimidate|boost
|-unboost|p2a: Gholdengo|atk|1
|-unboost|p2b: Sinistcha|atk|1
|move|p1b: Sneasler|Protect|p1b: Sneasler
|-singleturn|p1b: Sneasler|Protect
|move|p2b: Sinistcha|Rage Powder|p2b: Sinistcha
|-singleturn|p2b: Sinistcha|move: Rage Powder
|move|p2a: Gholdengo|Make It Rain|p1b: Sneasler|[spread] p1a
|-activate|p1b: Sneasler|move: Protect
|-resisted|p1a: Incineroar
|-damage|p1a: Incineroar|83/100
|-unboost|p2a: Gholdengo|spa|1
|
|-weather|Snowscape|[upkeep]
|upkeep
|turn|8
|inactive|takedownmy has 30 seconds left.
|inactive|CosmicIvy3 has 30 seconds left.
|
|t:|1756432192
|move|p2b: Sinistcha|Rage Powder|p2b: Sinistcha
|-singleturn|p2b: Sinistcha|move: Rage Powder
|move|p1b: Sneasler|Close Combat|p2b: Sinistcha
|-supereffective|p2b: Sinistcha
|-damage|p2b: Sinistcha|0 fnt
|-unboost|p1b: Sneasler|def|1
|-unboost|p1b: Sneasler|spd|1
|faint|p2b: Sinistcha
|move|p1a: Incineroar|Knock Off|p2a: Gholdengo
|-supereffective|p2a: Gholdengo
|-damage|p2a: Gholdengo|10/100
|-enditem|p2a: Gholdengo|Safety Goggles|[from] move: Knock Off|[of] p1a: Incineroar
|move|p2a: Gholdengo|Make It Rain|p1a: Incineroar|[spread] p1a,p1b
|-resisted|p1a: Incineroar
|-damage|p1a: Incineroar|72/100
|-damage|p1b: Sneasler|17/100
|-unboost|p2a: Gholdengo|spa|1
|
|-weather|Snowscape|[upkeep]
|upkeep
|
|t:|1756432214
|switch|p2b: Pelipper|Pelipper, L50, M, shiny|62/100
|-weather|RainDance|[from] ability: Drizzle|[of] p2b: Pelipper
|turn|9
|
|t:|1756432242
|-terastallize|p1a: Incineroar|Ghost
|move|p1b: Sneasler|Dire Claw|p2b: Pelipper
|-damage|p2b: Pelipper|11/100
|-status|p2b: Pelipper|slp
|move|p1a: Incineroar|Knock Off|p2a: Gholdengo
|-supereffective|p2a: Gholdengo
|-damage|p2a: Gholdengo|0 fnt
|faint|p2a: Gholdengo
|cant|p2b: Pelipper|slp
|
|-weather|RainDance|[upkeep]
|upkeep
|
|t:|1756432255
|switch|p2a: Ursaluna|Ursaluna, L50, M, shiny|99/100 brn
|turn|10
|
|t:|1756432264
|move|p2a: Ursaluna|Protect|p2a: Ursaluna
|-singleturn|p2a: Ursaluna|Protect
|move|p1b: Sneasler|Close Combat|p2a: Ursaluna
|-activate|p2a: Ursaluna|move: Protect
|move|p1a: Incineroar|Knock Off|p2a: Ursaluna
|-activate|p2a: Ursaluna|move: Protect
|cant|p2b: Pelipper|slp
|
|-weather|RainDance|[upkeep]
|-damage|p2a: Ursaluna|93/100 brn|[from] brn
|upkeep
|turn|11
|
|t:|1756432283
|move|p1b: Sneasler|Close Combat|p2a: Ursaluna
|-supereffective|p2a: Ursaluna
|-damage|p2a: Ursaluna|0 fnt
|-unboost|p1b: Sneasler|def|1
|-unboost|p1b: Sneasler|spd|1
|faint|p2a: Ursaluna
|move|p1a: Incineroar|Knock Off|p2b: Pelipper
|-damage|p2b: Pelipper|0 fnt
|-enditem|p2b: Pelipper|Focus Sash|[from] move: Knock Off|[of] p1a: Incineroar
|faint|p2b: Pelipper
|
|win|takedownmy
