|j|☆Lego Darth Malgus
|j|☆haosigismondi
|html|Lego Darth Malgushaosigismondi    
|uhtml|bestof|Game 1 of a best-of-3
|t:|1757626306
|gametype|doubles
|player|p1|Lego Darth Malgus|169|1191
|player|p2|haosigismondi|ethan|1200
|gen|9
|tier|[Gen 9] VGC 2025 Reg H (Bo3)
|rated|
|rule|Species Clause: Limit one of each Pokémon
|rule|Item Clause: Limit 1 of each item
|clearpoke
|poke|p1|Empoleon, L50, F|
|poke|p1|Garchomp, L50, M|
|poke|p1|Meowscarada, L50, M|
|poke|p1|Indeedee-F, L50, F|
|poke|p1|Armarouge, L50, M|
|poke|p1|Tyranitar, L50, F|
|poke|p2|Sneasler, L50, F|
|poke|p2|Indeedee, L50, M|
|poke|p2|Volcarona, L50, F|
|poke|p2|Ursaluna-Bloodmoon, L50, M|
|poke|p2|Annihilape, L50, M|
|poke|p2|Tyranitar, L50, M|
|teampreview|4
|showteam|p1|Empoleon||SitrusBerry|Competitive|WaterPledge,Protect,Yawn,IceBeam|||F|||50|,,,,,Ghost]Garchomp||ClearAmulet|RoughSkin|DragonClaw,StompingTantrum,Protect,Earthquake|||M|||50|,,,,,Steel]Meowscarada||FocusSash|Overgrow|FlowerTrick,Protect,GrassPledge,KnockOff|||M|||50|,,,,,Grass]Indeedee-F||SafetyGoggles|PsychicSurge|FollowMe,Psychic,TrickRoom,HelpingHand|||F|||50|,,,,,Water]Armarouge||LifeOrb|FlashFire|ExpandingForce,ArmorCannon,TrickRoom,Protect|||M|||50|,,,,,Grass]Tyranitar||AssaultVest|SandStream|RockSlide,KnockOff,TeraBlast,LowKick|||F|||50|,,,,,Flying
|showteam|p2|Sneasler||PsychicSeed|Unburden|CloseCombat,DireClaw,ThroatChop,Protect|||F|||50|,,,,,Dark]Indeedee||ChoiceScarf|PsychicSurge|ExpandingForce,TeraBlast,Trick,Protect|||M|||50|,,,,,Psychic]Volcarona||SitrusBerry|FlameBody|Overheat,StruggleBug,RagePowder,Tailwind|||F|||50|,,,,,Grass]Ursaluna-Bloodmoon||LifeOrb|MindsEye|BloodMoon,HyperVoice,EarthPower,Protect|||M|||50|,,,,,Normal]Annihilape||SafetyGoggles|Defiant|CloseCombat,RageFist,Taunt,FinalGambit|||M|||50|,,,,,Fairy]Tyranitar||AssaultVest|SandStream|RockSlide,KnockOff,TeraBlast,LowKick|||M|||50|,,,,,Flying
|inactive|Battle timer is ON: inactive players will automatically lose when time's up. (requested by Lego Darth Malgus)
|inactive|Lego Darth Malgus has 60 seconds left.
|
|t:|1757626356
|teamsize|p1|4
|teamsize|p2|4
|start
|switch|p1a: Meowscarada|Meowscarada, L50, M|100/100
|switch|p1b: Armarouge|Armarouge, L50, M|100/100
|switch|p2a: Sneasler|Sneasler, L50, F|100/100
|switch|p2b: Volcarona|Volcarona, L50, F|100/100
|turn|1
|
|t:|1757626378
|switch|p1b: Garchomp|Garchomp, L50, M|100/100
|move|p1a: Meowscarada|Knock Off|p2a: Sneasler
|-resisted|p2a: Sneasler
|-damage|p2a: Sneasler|60/100
|-enditem|p2a: Sneasler|Psychic Seed|[from] move: Knock Off|[of] p1a: Meowscarada
|move|p2a: Sneasler|Dire Claw|p1b: Garchomp
|-resisted|p1b: Garchomp
|-damage|p1b: Garchomp|78/100
|-status|p1b: Garchomp|slp
|-damage|p2a: Sneasler|48/100|[from] ability: Rough Skin|[of] p1b: Garchomp
|move|p2b: Volcarona|Struggle Bug|p1a: Meowscarada|[spread] p1a,p1b
|-supereffective|p1a: Meowscarada
|-enditem|p1a: Meowscarada|Focus Sash
|-damage|p1a: Meowscarada|1/100
|-damage|p1b: Garchomp|60/100 slp
|-unboost|p1a: Meowscarada|spa|1
|
|upkeep
|turn|2
|inactive|haosigismondi has 30 seconds left.
|
|t:|1757626410
|switch|p2a: Tyranitar|Tyranitar, L50, M|100/100
|-weather|Sandstorm|[from] ability: Sand Stream|[of] p2a: Tyranitar
|move|p1a: Meowscarada|Knock Off|p2b: Volcarona
|-damage|p2b: Volcarona|40/100
|-enditem|p2b: Volcarona|Sitrus Berry|[from] move: Knock Off|[of] p1a: Meowscarada
|cant|p1b: Garchomp|slp
|move|p2b: Volcarona|Tailwind|p2b: Volcarona
|-sidestart|p2: haosigismondi|move: Tailwind
|
|-weather|Sandstorm|[upkeep]
|-damage|p2b: Volcarona|34/100|[from] Sandstorm
|-damage|p1a: Meowscarada|0 fnt|[from] Sandstorm
|faint|p1a: Meowscarada
|upkeep
|
|t:|1757626421
|switch|p1a: Indeedee|Indeedee-F, L50, F|100/100
|-fieldstart|move: Psychic Terrain|[from] ability: Psychic Surge|[of] p1a: Indeedee
|turn|3
|
|t:|1757626433
|-terastallize|p1a: Indeedee|Water
|move|p2b: Volcarona|Struggle Bug|p1a: Indeedee|[spread] p1a,p1b
|-damage|p1a: Indeedee|85/100
|-damage|p1b: Garchomp|40/100 slp
|-unboost|p1a: Indeedee|spa|1
|move|p2a: Tyranitar|Knock Off|p1a: Indeedee
|-damage|p1a: Indeedee|36/100
|-enditem|p1a: Indeedee|Safety Goggles|[from] move: Knock Off|[of] p2a: Tyranitar
|-curestatus|p1b: Garchomp|slp|[msg]
|move|p1b: Garchomp|Earthquake|p2a: Tyranitar|[spread] p1a,p2a,p2b
|-supereffective|p2a: Tyranitar
|-damage|p1a: Indeedee|2/100
|-damage|p2a: Tyranitar|36/100
|-damage|p2b: Volcarona|0 fnt
|faint|p2b: Volcarona
|move|p1a: Indeedee|Trick Room|p1a: Indeedee
|-fieldstart|move: Trick Room|[of] p1a: Indeedee
|
|-weather|Sandstorm|[upkeep]
|-damage|p1a: Indeedee|0 fnt|[from] Sandstorm
|faint|p1a: Indeedee
|upkeep
|
|t:|1757626453
|switch|p1a: Armarouge|Armarouge, L50, M|100/100
|switch|p2b: Sneasler|Sneasler, L50, F|48/100
|turn|4
|
|t:|1757626467
|move|p1a: Armarouge|Armor Cannon|p2a: Tyranitar
|-resisted|p2a: Tyranitar
|-damage|p2a: Tyranitar|18/100
|-unboost|p1a: Armarouge|def|1
|-unboost|p1a: Armarouge|spd|1
|-damage|p1a: Armarouge|91/100|[from] item: Life Orb
|move|p1b: Garchomp|Stomping Tantrum|p2b: Sneasler
|-supereffective|p2b: Sneasler
|-damage|p2b: Sneasler|0 fnt
|faint|p2b: Sneasler
|move|p2a: Tyranitar|Knock Off|p1a: Armarouge
|-supereffective|p1a: Armarouge
|-damage|p1a: Armarouge|0 fnt
|-enditem|p1a: Armarouge|Life Orb|[from] move: Knock Off|[of] p2a: Tyranitar
|faint|p1a: Armarouge
|
|-weather|Sandstorm|[upkeep]
|upkeep
|
|t:|1757626484
|switch|p2b: Ursaluna|Ursaluna-Bloodmoon, L50, M|100/100
|turn|5
|
|t:|1757626491
|-terastallize|p2b: Ursaluna|Normal
|move|p1b: Garchomp|Earthquake|p2a: Tyranitar|[spread] p2a,p2b
|-supereffective|p2a: Tyranitar
|-damage|p2a: Tyranitar|0 fnt
|-damage|p2b: Ursaluna|70/100
|faint|p2a: Tyranitar
|move|p2b: Ursaluna|Blood Moon|p1b: Garchomp
|-damage|p1b: Garchomp|0 fnt
|faint|p1b: Garchomp
|-damage|p2b: Ursaluna|60/100|[from] item: Life Orb
|
|win|haosigismondi
|j| Arkhept
||Lego Darth Malgus is ready for game 2.
|inactive|haosigismondi has 30 seconds to confirm battle start!
|l| Arkhept
||haosigismondi is ready for game 2.
|uhtml|next|Next: Game 2 of 3
|l|☆Lego Darth Malgus
|player|p1|
|l|☆haosigismondi
|player|p2|
