|j|☆juanfer96livecom
|j|☆Pressinblades
|html|juanfer96livecomPressinblades    
|uhtml|bestof|Game 2 of a best-of-3
|t:|1785810726
|gametype|doubles
|player|p1|juanfer96livecom|2|1000
|player|p2|Pressinblades|101|1100
|gen|9
|tier|[Gen 9 Champions] VGC 2026 Reg M-B (Bo3)
|rated|
|rule|Species Clause: Limit one of each Pokémon
|rule|Item Clause: Limit 1 of each item
|clearpoke
|poke|p1|Sneasler, L50, M|
|poke|p1|Blastoise, L50, M|
|poke|p1|Kingambit, L50, M|
|poke|p1|Incineroar, L50, M|
|poke|p1|Delphox, L50, F|
|poke|p1|Sinistcha, L50|
|poke|p2|Talonflame, L50, M|
|poke|p2|Garchomp, L50, F, shiny|
|poke|p2|Maushold, L50|
|poke|p2|Gardevoir, L50, F, shiny|
|poke|p2|Gyarados, L50, F, shiny|
|poke|p2|Metagross, L50, shiny|
|teampreview|4
|showteam|p1|Sneasler||FocusSash|Unburden|DireClaw,CloseCombat,FakeOut,QuickGuard|Adamant||M|||50|]Blastoise||Blastoisinite|Torrent|WaterSpout,DarkPulse,ShellSmash,Protect|Modest||M|||50|]Kingambit||BlackGlasses|Defiant|KowtowCleave,SuckerPunch,SwordsDance,Protect|Adamant||M|||50|]Incineroar||SitrusBerry|Intimidate|HelpingHand,FakeOut,PartingShot,FlareBlitz|Adamant||M|||50|]Delphox||Delphoxite|Blaze|Protect,Psyshock,NastyPlot,HeatWave|Timid||F|||50|]Sinistcha||KasibBerry|Hospitality|MatchaGotcha,RagePowder,Protect,LifeDew|Bold|||||50|
|showteam|p2|Talonflame||SharpBeak|GaleWings|Protect,Tailwind,DualWingbeat,Overheat|Naive||M|||50|]Garchomp||LifeOrb|RoughSkin|Protect,RockSlide,Earthquake,StompingTantrum|Adamant||F|||50|]Maushold||FocusSash|FriendGuard|Protect,SuperFang,FollowMe,Encore|Timid|||||50|]Gardevoir||Gardevoirite|Telepathy|Protect,TrickRoom,HyperVoice,Psychic|Modest||F|||50|]Gyarados||Gyaradosite|Intimidate|Protect,DragonDance,Waterfall,Crunch|Jolly||F|||50|]Metagross||ColburBerry|ClearBody|Protect,BulletPunch,PsychicFangs,HammerArm|Adamant|||||50|
|inactive|Battle timer is ON: inactive players will automatically lose when time's up. (requested by juanfer96livecom)
|l|☆Pressinblades
|inactive|Pressinblades disconnected and has a minute to reconnect!
|player|p2|
|inactive|juanfer96livecom has 60 seconds left.
|inactive|Pressinblades has 30 seconds to reconnect!
|j|☆Pressinblades
|inactive|Pressinblades reconnected and has 55 seconds left.
|player|p2|Pressinblades|101|
|inactive|Pressinblades has 30 seconds left.
|inactive|Pressinblades has 20 seconds left.
|inactive|Pressinblades has 15 seconds left.
|inactive|Pressinblades has 10 seconds left.
|inactive|Pressinblades has 5 seconds left.
|
|t:|1785810813
|teamsize|p1|4
|teamsize|p2|4
|start
|switch|p1a: Delphox|Delphox, L50, F|100/100
|switch|p1b: Incineroar|Incineroar, L50, M|100/100
|switch|p2a: Maushold|Maushold, L50|100/100
|switch|p2b: Gardevoir|Gardevoir, L50, F, shiny|100/100
|-ability|p1b: Incineroar|Intimidate|boost
|-unboost|p2a: Maushold|atk|1
|-unboost|p2b: Gardevoir|atk|1
|turn|1
|inactive|Pressinblades has 30 seconds left.
|inactive|juanfer96livecom has 30 seconds left.
|inactive|Pressinblades has 20 seconds left.
|
|t:|1785810851
|switch|p2b: Gyarados|Gyarados, L50, F, shiny|100/100
|-ability|p2b: Gyarados|Intimidate|boost
|-unboost|p1a: Delphox|atk|1
|-unboost|p1b: Incineroar|atk|1
|detailschange|p1a: Delphox|Delphox-Mega, L50, F
|-mega|p1a: Delphox|Delphox|Delphoxite
|move|p1b: Incineroar|Fake Out|p2b: Gyarados
|-damage|p2b: Gyarados|92/100
|move|p1a: Delphox|Heat Wave|p2a: Maushold|[spread] p2a
|-miss|p1a: Delphox|p2b: Gyarados
|-damage|p2a: Maushold|46/100
|move|p2a: Maushold|Encore|p1a: Delphox
|-start|p1a: Delphox|Encore
|
|upkeep
|turn|2
|inactive|juanfer96livecom has 30 seconds left.
|inactive|Pressinblades has 30 seconds left.
|
|t:|1785810880
|switch|p1b: Sneasler|Sneasler, L50, M|100/100
|move|p2a: Maushold|Protect|p2a: Maushold
|-singleturn|p2a: Maushold|Protect
|move|p1a: Delphox|Heat Wave|p2a: Maushold|[spread] 
|-activate|p2a: Maushold|move: Protect
|-miss|p1a: Delphox|p2b: Gyarados
|move|p2b: Gyarados|Dragon Dance|p2b: Gyarados
|-boost|p2b: Gyarados|atk|1
|-boost|p2b: Gyarados|spe|1
|
|upkeep
|turn|3
|
|t:|1785810905
|move|p1b: Sneasler|Fake Out|p2b: Gyarados
|-damage|p2b: Gyarados|78/100
|move|p2a: Maushold|Follow Me|p2a: Maushold
|-singleturn|p2a: Maushold|move: Follow Me
|cant|p2b: Gyarados|flinch
|move|p1a: Delphox|Heat Wave|p2b: Gyarados|[spread] p2a,p2b
|-resisted|p2b: Gyarados|1
|-damage|p2a: Maushold|0 fnt
|-damage|p2b: Gyarados|63/100
|faint|p2a: Maushold
|
|upkeep
|
|t:|1785810916
|switch|p2a: Garchomp|Garchomp, L50, F, shiny|100/100
|turn|4
|
|t:|1785810927
|switch|p1a: Incineroar|Incineroar, L50, M|100/100
|-ability|p1a: Incineroar|Intimidate|boost
|-unboost|p2a: Garchomp|atk|1
|-unboost|p2b: Gyarados|atk|1
|move|p2b: Gyarados|Protect|p2b: Gyarados
|-singleturn|p2b: Gyarados|Protect
|move|p1b: Sneasler|Dire Claw|p2b: Gyarados
|-activate|p2b: Gyarados|move: Protect
|move|p2a: Garchomp|Stomping Tantrum|p1b: Sneasler
|-supereffective|p1b: Sneasler|1
|-crit|p1b: Sneasler
|-enditem|p1b: Sneasler|Focus Sash
|-damage|p1b: Sneasler|1/100
|-damage|p2a: Garchomp|90/100|[from] item: Life Orb
|
|upkeep
|turn|5
|inactive|Pressinblades has 30 seconds left.
|
|t:|1785810959
|move|p1a: Incineroar|Fake Out|p2b: Gyarados
|-damage|p2b: Gyarados|49/100
|move|p1b: Sneasler|Dire Claw|p2b: Gyarados
|-damage|p2b: Gyarados|0 fnt
|faint|p2b: Gyarados
|move|p2a: Garchomp|Earthquake|p1b: Sneasler|[spread] p1a,p1b
|-supereffective|p1a: Incineroar|1
|-supereffective|p1b: Sneasler|1
|-damage|p1a: Incineroar|37/100
|-damage|p1b: Sneasler|0 fnt
|-enditem|p1a: Incineroar|Sitrus Berry|[eat]
|-heal|p1a: Incineroar|61/100|[from] item: Sitrus Berry
|faint|p1b: Sneasler
|-damage|p2a: Garchomp|80/100|[from] item: Life Orb
|
|upkeep
|
|t:|1785810981
|switch|p1b: Delphox|Delphox-Mega, L50, F|100/100
|switch|p2b: Gardevoir|Gardevoir, L50, F, shiny|100/100
|turn|6
|
|t:|1785810998
|detailschange|p2b: Gardevoir|Gardevoir-Mega, L50, F, shiny
|-mega|p2b: Gardevoir|Gardevoir|Gardevoirite
|move|p1a: Incineroar|Helping Hand|p1b: Delphox
|-singleturn|p1b: Delphox|Helping Hand|[of] p1a: Incineroar
|move|p1b: Delphox|Psyshock|p2a: Garchomp
|-damage|p2a: Garchomp|4/100
|move|p2a: Garchomp|Rock Slide|p1b: Delphox|[spread] p1a,p1b
|-supereffective|p1a: Incineroar|1
|-supereffective|p1b: Delphox|1
|-damage|p1a: Incineroar|29/100
|-damage|p1b: Delphox|45/100
|-damage|p2a: Garchomp|0 fnt|[from] item: Life Orb
|faint|p2a: Garchomp
|move|p2b: Gardevoir|Hyper Voice|p1b: Delphox|[spread] p1a,p1b
|-resisted|p1b: Delphox|1
|-damage|p1a: Incineroar|0 fnt
|-damage|p1b: Delphox|21/100
|faint|p1a: Incineroar
|
|upkeep
|
|t:|1785811012
|switch|p1a: Sinistcha|Sinistcha, L50|100/100
|-heal|p1b: Delphox|45/100|[from] ability: Hospitality|[of] p1a: Sinistcha
|turn|7
|
|t:|1785811024
|move|p1b: Delphox|Heat Wave|p2b: Gardevoir
|-damage|p2b: Gardevoir|52/100
|move|p2b: Gardevoir|Hyper Voice|p1a: Sinistcha|[spread] p1a,p1b
|-resisted|p1b: Delphox|1
|-damage|p1a: Sinistcha|43/100
|-damage|p1b: Delphox|21/100
|move|p1a: Sinistcha|Matcha Gotcha|p2b: Gardevoir
|-damage|p2b: Gardevoir|26/100
|-heal|p1a: Sinistcha|57/100|[from] drain|[of] p2b: Gardevoir
|
|upkeep
|turn|8
|
|t:|1785811039
|move|p1b: Delphox|Heat Wave|p2b: Gardevoir
|-damage|p2b: Gardevoir|0 fnt
|faint|p2b: Gardevoir
|
|win|juanfer96livecom
|raw|juanfer96livecom's rating: 1000 → 1051(+51 for winning)
|raw|Pressinblades's rating: 1100 → 1068(-32 for losing)
|n|☆juanfer96livecom|juanfer96livecom
