|j|☆Rock slap
|j|☆ChrisRappa
|html|Rock slapChrisRappa    
|uhtml|bestof|Game 3 of a best-of-3
|t:|1757650022
|gametype|doubles
|player|p1|Rock slap|hiker-gen4|1250
|player|p2|ChrisRappa|steven|1269
|gen|9
|tier|[Gen 9] VGC 2025 Reg H (Bo3)
|rated|
|rule|Species Clause: Limit one of each Pokémon
|rule|Item Clause: Limit 1 of each item
|clearpoke
|poke|p1|Kommo-o, L50, M|
|poke|p1|Incineroar, L50, M|
|poke|p1|Rillaboom, L50, F|
|poke|p1|Volcarona, L50, F|
|poke|p1|Electabuzz, L50, M|
|poke|p1|Golduck, L50, F|
|poke|p2|Incineroar, L50, F|
|poke|p2|Sneasler, L50, M|
|poke|p2|Archaludon, L50, F|
|poke|p2|Garchomp, L50, F|
|poke|p2|Corviknight, L50, M|
|poke|p2|Amoonguss, L50, F|
|teampreview|4
|showteam|p1|Kommo-o||ThroatSpray|Soundproof|ClangingScales,FlashCannon,ClangorousSoul,Protect|||M|||50|,,,,,Steel]Incineroar||SafetyGoggles|Intimidate|FakeOut,KnockOff,PartingShot,FlareBlitz|||M|||50|,,,,,Ghost]Rillaboom||AssaultVest|GrassySurge|FakeOut,WoodHammer,HighHorsepower,GrassyGlide|||F|||50|,,,,,Water]Volcarona||SitrusBerry|FlameBody|QuiverDance,HeatWave,TeraBlast,Protect|||F|||50|,,,,,Fairy]Electabuzz||Eviolite|VitalSpirit|Protect,Electroweb,Taunt,FollowMe|||M|||50|,,,,,Fairy]Golduck||CovertCloak|CloudNine|IcyWind,SimpleBeam,HelpingHand,Encore|||F|||50|,,,,,Poison
|showteam|p2|Incineroar||AssaultVest|Intimidate|KnockOff,FlareBlitz,FakeOut,Uturn|||F|||50|,,,,,Ghost]Sneasler||FocusSash|PoisonTouch|DireClaw,CloseCombat,FakeOut,Coaching|||M|||50|,,,,,Stellar]Archaludon||PowerHerb|Stamina|Protect,DracoMeteor,FlashCannon,ElectroShot|||F|||50|,,,,,Dragon]Garchomp||LifeOrb|RoughSkin|Protect,Earthquake,DragonClaw,StompingTantrum|||F|||50|,,,,,Ground]Corviknight||SitrusBerry|MirrorArmor|BraveBird,Tailwind,Roost,Taunt|||M|||50|,,,,,Fire]Amoonguss||RockyHelmet|Regenerator|Protect,RagePowder,Spore,SludgeBomb|||F|||50|,,,,,Water
|inactive|Battle timer is ON: inactive players will automatically lose when time's up. (requested by ChrisRappa)
|inactive|Rock slap has 60 seconds left.
|
|t:|1757650064
|teamsize|p1|4
|teamsize|p2|4
|start
|switch|p1a: Kommo-o|Kommo-o, L50, M, shiny|100/100
|switch|p1b: Incineroar|Incineroar, L50, M|100/100
|switch|p2a: Garchomp|Garchomp, L50, F|100/100
|switch|p2b: Corviknight|Corviknight, L50, M|100/100
|-ability|p1b: Incineroar|Intimidate|boost
|-unboost|p2a: Garchomp|atk|1
|-ability|p2b: Corviknight|Mirror Armor
|-unboost|p1b: Incineroar|atk|1
|turn|1
|
|t:|1757650082
|move|p1b: Incineroar|Fake Out|p2a: Garchomp
|-damage|p2a: Garchomp|92/100
|-damage|p1b: Incineroar|88/100|[from] ability: Rough Skin|[of] p2a: Garchomp
|cant|p2a: Garchomp|flinch
|move|p1a: Kommo-o|Clangorous Soul|p1a: Kommo-o
|-boost|p1a: Kommo-o|atk|1
|-boost|p1a: Kommo-o|def|1
|-boost|p1a: Kommo-o|spa|1
|-boost|p1a: Kommo-o|spd|1
|-boost|p1a: Kommo-o|spe|1
|-damage|p1a: Kommo-o|68/100
|-enditem|p1a: Kommo-o|Throat Spray
|-boost|p1a: Kommo-o|spa|1|[from] item: Throat Spray
|move|p2b: Corviknight|Tailwind|p2b: Corviknight
|-sidestart|p2: ChrisRappa|move: Tailwind
|
|upkeep
|turn|2
|
|t:|1757650104
|move|p1a: Kommo-o|Protect|p1a: Kommo-o
|-singleturn|p1a: Kommo-o|Protect
|move|p2a: Garchomp|Dragon Claw|p1a: Kommo-o
|-activate|p1a: Kommo-o|move: Protect
|move|p2b: Corviknight|Taunt|p1b: Incineroar
|-start|p1b: Incineroar|move: Taunt
|cant|p1b: Incineroar|move: Taunt|Parting Shot
|
|upkeep
|turn|3
|
|t:|1757650128
|switch|p1b: Rillaboom|Rillaboom, L50, F|100/100
|-fieldstart|move: Grassy Terrain|[from] ability: Grassy Surge|[of] p1b: Rillaboom
|-terastallize|p1a: Kommo-o|Steel
|move|p2a: Garchomp|Earthquake|p1a: Kommo-o|[spread] p1a,p1b
|-immune|p2b: Corviknight
|-supereffective|p1a: Kommo-o
|-resisted|p1b: Rillaboom
|-damage|p1a: Kommo-o|48/100
|-damage|p1b: Rillaboom|93/100
|-damage|p2a: Garchomp|82/100|[from] item: Life Orb
|move|p2b: Corviknight|Brave Bird|p1a: Kommo-o
|-resisted|p1a: Kommo-o
|-damage|p1a: Kommo-o|36/100
|-damage|p2b: Corviknight|98/100|[from] Recoil
|move|p1a: Kommo-o|Clanging Scales|p2a: Garchomp|[spread] p2a,p2b
|-supereffective|p2a: Garchomp
|-resisted|p2b: Corviknight
|-damage|p2a: Garchomp|0 fnt
|-damage|p2b: Corviknight|67/100
|faint|p2a: Garchomp
|-unboost|p1a: Kommo-o|def|1
|
|-heal|p1a: Kommo-o|42/100|[from] Grassy Terrain
|-heal|p1b: Rillaboom|99/100|[from] Grassy Terrain
|upkeep
|
|t:|1757650152
|switch|p2a: Incineroar|Incineroar, L50, F|100/100
|-ability|p2a: Incineroar|Intimidate|boost
|-unboost|p1a: Kommo-o|atk|1
|-unboost|p1b: Rillaboom|atk|1
|turn|4
|
|t:|1757650171
|switch|p1b: Incineroar|Incineroar, L50, M|88/100
|-ability|p1b: Incineroar|Intimidate|boost
|-unboost|p2a: Incineroar|atk|1
|-ability|p2b: Corviknight|Mirror Armor
|-unboost|p1b: Incineroar|atk|1
|move|p1a: Kommo-o|Protect|p1a: Kommo-o
|-singleturn|p1a: Kommo-o|Protect
|move|p2a: Incineroar|Fake Out|p1b: Incineroar
|-damage|p1b: Incineroar|81/100
|move|p2b: Corviknight|Roost|p2b: Corviknight
|-heal|p2b: Corviknight|100/100
|-singleturn|p2b: Corviknight|move: Roost
|
|-heal|p1a: Kommo-o|48/100|[from] Grassy Terrain
|-heal|p1b: Incineroar|87/100|[from] Grassy Terrain
|-sideend|p2: ChrisRappa|move: Tailwind
|upkeep
|turn|5
|
|t:|1757650193
|move|p1b: Incineroar|Fake Out|p2a: Incineroar
|-crit|p2a: Incineroar
|-damage|p2a: Incineroar|84/100
|move|p1a: Kommo-o|Clanging Scales|p2a: Incineroar|[spread] p2a,p2b
|-resisted|p2b: Corviknight
|-damage|p2a: Incineroar|38/100
|-damage|p2b: Corviknight|71/100
|-unboost|p1a: Kommo-o|def|1
|cant|p2a: Incineroar|flinch
|move|p2b: Corviknight|Tailwind|p2b: Corviknight
|-sidestart|p2: ChrisRappa|move: Tailwind
|
|-heal|p2a: Incineroar|44/100|[from] Grassy Terrain
|-heal|p1a: Kommo-o|54/100|[from] Grassy Terrain
|-heal|p1b: Incineroar|93/100|[from] Grassy Terrain
|upkeep
|turn|6
|inactive|Rock slap has 30 seconds left.
|
|t:|1757650218
|switch|p1b: Rillaboom|Rillaboom, L50, F|99/100
|move|p1a: Kommo-o|Protect|p1a: Kommo-o
|-singleturn|p1a: Kommo-o|Protect
|move|p2a: Incineroar|Flare Blitz|p1a: Kommo-o
|-activate|p1a: Kommo-o|move: Protect
|move|p2b: Corviknight|Brave Bird|p1b: Rillaboom
|-supereffective|p1b: Rillaboom
|-damage|p1b: Rillaboom|31/100
|-damage|p2b: Corviknight|49/100|[from] Recoil
|-enditem|p2b: Corviknight|Sitrus Berry|[eat]
|-heal|p2b: Corviknight|74/100|[from] item: Sitrus Berry
|
|-heal|p2a: Incineroar|50/100|[from] Grassy Terrain
|-heal|p1a: Kommo-o|60/100|[from] Grassy Terrain
|-heal|p1b: Rillaboom|37/100|[from] Grassy Terrain
|upkeep
|turn|7
|
|t:|1757650235
|move|p1b: Rillaboom|Fake Out|p2a: Incineroar
|-damage|p2a: Incineroar|38/100
|cant|p2a: Incineroar|flinch
|move|p2b: Corviknight|Brave Bird|p1b: Rillaboom
|-supereffective|p1b: Rillaboom
|-damage|p1b: Rillaboom|0 fnt
|faint|p1b: Rillaboom
|-damage|p2b: Corviknight|62/100|[from] Recoil
|move|p1a: Kommo-o|Clanging Scales|p2b: Corviknight|[spread] p2a,p2b
|-resisted|p2b: Corviknight
|-damage|p2a: Incineroar|0 fnt
|-damage|p2b: Corviknight|33/100
|faint|p2a: Incineroar
|-unboost|p1a: Kommo-o|def|1
|
|-heal|p1a: Kommo-o|65/100|[from] Grassy Terrain
|-fieldend|move: Grassy Terrain
|upkeep
|
|t:|1757650253
|switch|p1b: Electabuzz|Electabuzz, L50, M, shiny|100/100
|switch|p2a: Sneasler|Sneasler, L50, M|100/100
|turn|8
|
|t:|1757650269
|move|p1a: Kommo-o|Protect|p1a: Kommo-o
|-singleturn|p1a: Kommo-o|Protect
|move|p2a: Sneasler|Fake Out|p1b: Electabuzz
|-damage|p1b: Electabuzz|88/100
|move|p2b: Corviknight|Brave Bird|p1a: Kommo-o
|-activate|p1a: Kommo-o|move: Protect
|cant|p1b: Electabuzz|flinch
|
|-sideend|p2: ChrisRappa|move: Tailwind
|upkeep
|turn|9
|
|t:|1757650287
|-terastallize|p2a: Sneasler|Stellar
|move|p1b: Electabuzz|Follow Me|p1b: Electabuzz
|-singleturn|p1b: Electabuzz|move: Follow Me
|move|p1a: Kommo-o|Clanging Scales|p2b: Corviknight|[spread] p2a,p2b
|-resisted|p2b: Corviknight
|-enditem|p2a: Sneasler|Focus Sash
|-damage|p2a: Sneasler|1/100
|-damage|p2b: Corviknight|4/100
|-unboost|p1a: Kommo-o|def|1
|move|p2a: Sneasler|Close Combat|p1b: Electabuzz
|-damage|p1b: Electabuzz|14/100
|-unboost|p2a: Sneasler|def|1
|-unboost|p2a: Sneasler|spd|1
|move|p2b: Corviknight|Roost|p2b: Corviknight
|-heal|p2b: Corviknight|54/100
|-singleturn|p2b: Corviknight|move: Roost
|
|upkeep
|turn|10
|inactive|ChrisRappa has 30 seconds left.
|
|t:|1757650318
|move|p1a: Kommo-o|Clanging Scales|p2b: Corviknight|[spread] p2a,p2b
|-resisted|p2b: Corviknight
|-damage|p2a: Sneasler|0 fnt
|-damage|p2b: Corviknight|24/100
|faint|p2a: Sneasler
|-unboost|p1a: Kommo-o|def|1
|move|p1b: Electabuzz|Taunt|p2b: Corviknight
|-start|p2b: Corviknight|move: Taunt
|move|p2b: Corviknight|Brave Bird|p1a: Kommo-o
|-resisted|p1a: Kommo-o
|-damage|p1a: Kommo-o|12/100
|-damage|p2b: Corviknight|10/100|[from] Recoil
|
|upkeep
|turn|11
|
|t:|1757650331
|move|p1a: Kommo-o|Clanging Scales|p2b: Corviknight
|-resisted|p2b: Corviknight
|-damage|p2b: Corviknight|0 fnt
|faint|p2b: Corviknight
|
|win|Rock slap
|raw|Rock slap's rating: 1250 → 1276(+26 for winning)
|raw|ChrisRappa's rating: 1269 → 1243(-26 for losing)
