|j|☆spellbreakvgc
|j|☆iLouca
|html|spellbreakvgciLouca    
|uhtml|bestof|Game 1 of a best-of-3
|t:|1757928712
|gametype|doubles
|player|p1|spellbreakvgc|lance|1111
|player|p2|iLouca|acetrainer|1065
|gen|9
|tier|[Gen 9] VGC 2025 Reg H (Bo3)
|rated|
|rule|Species Clause: Limit one of each Pokémon
|rule|Item Clause: Limit 1 of each item
|clearpoke
|poke|p1|Grimmsnarl, L50, M|
|poke|p1|Incineroar, L50, F|
|poke|p1|Umbreon, L50, F|
|poke|p1|Rillaboom, L50, M|
|poke|p1|Archaludon, L50, F|
|poke|p1|Pelipper, L50, M|
|poke|p2|Charizard, L50, M|
|poke|p2|Dragapult, L50, M|
|poke|p2|Gholdengo, L50|
|poke|p2|Ursaluna, L50, M|
|poke|p2|Whimsicott, L50, F|
|poke|p2|Tyranitar, L50, M|
|teampreview|4
|showteam|p1|Grimmsnarl||LightClay|Prankster|PartingShot,LightScreen,Reflect,SpiritBreak|||M|||50|,,,,,Ghost]Incineroar||SafetyGoggles|Intimidate|PartingShot,FakeOut,KnockOff,Roar|||F|||50|,,,,,Water]Umbreon||Leftovers|InnerFocus|Snarl,Protect,LightScreen,Toxic|||F|||50|,,,,,Poison]Rillaboom||LoadedDice|GrassySurge|FakeOut,Uproar,BulletSeed,Protect|||M|||50|,,,,,Fire]Archaludon||AssaultVest|Stamina|Snarl,BreakingSwipe,BodyPress,ElectroShot|||F|||50|,,,,,Fighting]Pelipper||FocusSash|Drizzle|Tailwind,Hurricane,WeatherBall,Protect|||M|||50|,,,,,Ground
|showteam|p2|Charizard||LifeOrb|SolarPower|HeatWave,AirSlash,SolarBeam,Protect|||M|||50|,,,,,Fire]Dragapult||ChoiceBand|ClearBody|DragonDarts,PhantomForce,TeraBlast,Uturn|||M|||50|,,,,,Ghost]Gholdengo||MetalCoat|GoodasGold|MakeItRain,ShadowBall,NastyPlot,Protect||||||50|,,,,,Water]Ursaluna||FlameOrb|Guts|Facade,HeadlongRush,Earthquake,Protect|||M|||50|,,,,,Ghost]Whimsicott||CovertCloak|Prankster|Moonblast,Encore,SunnyDay,Tailwind|||F|||50|,,,,,Dark]Tyranitar||ClearAmulet|SandStream|RockSlide,KnockOff,TeraBlast,Protect|||M|||50|,,,,,Flying
|inactive|Battle timer is ON: inactive players will automatically lose when time's up. (requested by spellbreakvgc)
|inactive|spellbreakvgc has 60 seconds left.
|
|t:|1757928769
|teamsize|p1|4
|teamsize|p2|4
|start
|switch|p1a: Umbreon|Umbreon, L50, F|100/100
|switch|p1b: Incineroar|Incineroar, L50, F|100/100
|switch|p2a: Ursaluna|Ursaluna, L50, M|100/100
|switch|p2b: Tyranitar|Tyranitar, L50, M|100/100
|-weather|Sandstorm|[from] ability: Sand Stream|[of] p2b: Tyranitar
|-ability|p1b: Incineroar|Intimidate|boost
|-unboost|p2a: Ursaluna|atk|1
|-fail|p2b: Tyranitar|unboost|[from] item: Clear Amulet|[of] p2b: Tyranitar
|turn|1
|inactive|iLouca has 30 seconds left.
|
|t:|1757928795
|switch|p2a: Whimsicott|Whimsicott, L50, F|100/100
|switch|p1a: Archaludon|Archaludon, L50, F|100/100
|move|p1b: Incineroar|Fake Out|p2b: Tyranitar
|-resisted|p2b: Tyranitar
|-damage|p2b: Tyranitar|95/100
|cant|p2b: Tyranitar|flinch
|
|-weather|Sandstorm|[upkeep]
|-damage|p2a: Whimsicott|95/100|[from] Sandstorm
|upkeep
|turn|2
|inactive|spellbreakvgc has 30 seconds left.
|inactive|iLouca has 30 seconds left.
|
|t:|1757928825
|switch|p2a: Ursaluna|Ursaluna, L50, M|100/100
|switch|p1b: Pelipper|Pelipper, L50, M|100/100
|-weather|RainDance|[from] ability: Drizzle|[of] p1b: Pelipper
|move|p2b: Tyranitar|Rock Slide|p1a: Archaludon|[spread] p1a,p1b
|-resisted|p1a: Archaludon
|-supereffective|p1b: Pelipper
|-damage|p1a: Archaludon|88/100
|-damage|p1b: Pelipper|15/100
|-ability|p1a: Archaludon|Stamina|boost
|-boost|p1a: Archaludon|def|1
|move|p1a: Archaludon|Breaking Swipe|p2b: Tyranitar|[spread] p2a,p2b
|-damage|p2a: Ursaluna|88/100
|-damage|p2b: Tyranitar|81/100
|-unboost|p2a: Ursaluna|atk|1
|
|-weather|RainDance|[upkeep]
|-status|p2a: Ursaluna|brn|[from] item: Flame Orb
|upkeep
|turn|3
|inactive|spellbreakvgc has 30 seconds left.
|inactive|iLouca has 30 seconds left.
|inactive|iLouca has 20 seconds left.
|
|t:|1757928864
|switch|p1b: Incineroar|Incineroar, L50, F|100/100
|-ability|p1b: Incineroar|Intimidate|boost
|-unboost|p2a: Ursaluna|atk|1
|-fail|p2b: Tyranitar|unboost|[from] item: Clear Amulet|[of] p2b: Tyranitar
|move|p2b: Tyranitar|Rock Slide|p1b: Incineroar|[spread] p1a,p1b
|-resisted|p1a: Archaludon
|-supereffective|p1b: Incineroar
|-damage|p1a: Archaludon|80/100
|-damage|p1b: Incineroar|34/100
|-ability|p1a: Archaludon|Stamina|boost
|-boost|p1a: Archaludon|def|1
|move|p1a: Archaludon|Breaking Swipe|p2b: Tyranitar|[spread] p2a,p2b
|-damage|p2a: Ursaluna|77/100 brn
|-damage|p2b: Tyranitar|68/100
|-unboost|p2a: Ursaluna|atk|1
|move|p2a: Ursaluna|Headlong Rush|p1a: Archaludon
|-supereffective|p1a: Archaludon
|-damage|p1a: Archaludon|46/100
|-unboost|p2a: Ursaluna|def|1
|-unboost|p2a: Ursaluna|spd|1
|-ability|p1a: Archaludon|Stamina|boost
|-boost|p1a: Archaludon|def|1
|
|-weather|RainDance|[upkeep]
|-damage|p2a: Ursaluna|71/100 brn|[from] brn
|upkeep
|turn|4
|inactive|spellbreakvgc has 30 seconds left.
|inactive|iLouca has 30 seconds left.
|
|t:|1757928896
|switch|p2a: Whimsicott|Whimsicott, L50, F|95/100
|switch|p1b: Umbreon|Umbreon, L50, F|100/100
|move|p2b: Tyranitar|Protect|p2b: Tyranitar
|-singleturn|p2b: Tyranitar|Protect
|move|p1a: Archaludon|Body Press|p2b: Tyranitar
|-activate|p2b: Tyranitar|move: Protect
|
|-weather|RainDance|[upkeep]
|upkeep
|turn|5
|inactive|spellbreakvgc has 30 seconds left.
|inactive|iLouca has 30 seconds left.
|
|t:|1757928926
|-terastallize|p2b: Tyranitar|Flying
|move|p2a: Whimsicott|Tailwind|p2a: Whimsicott
|-sidestart|p2: iLouca|move: Tailwind
|move|p2b: Tyranitar|Rock Slide|p1a: Archaludon|[spread] p1a,p1b
|-resisted|p1a: Archaludon
|-damage|p1a: Archaludon|41/100
|-damage|p1b: Umbreon|74/100
|-ability|p1a: Archaludon|Stamina|boost
|-boost|p1a: Archaludon|def|1
|cant|p1a: Archaludon|flinch
|move|p1b: Umbreon|Toxic|p2b: Tyranitar
|-status|p2b: Tyranitar|tox
|
|-weather|RainDance|[upkeep]
|-heal|p1b: Umbreon|80/100|[from] item: Leftovers
|-damage|p2b: Tyranitar|61/100 tox|[from] psn
|upkeep
|turn|6
|
|t:|1757928947
|move|p2a: Whimsicott|Moonblast|p1a: Archaludon
|-damage|p1a: Archaludon|26/100
|-ability|p1a: Archaludon|Stamina|boost
|-boost|p1a: Archaludon|def|1
|move|p2b: Tyranitar|Knock Off|p1a: Archaludon
|-damage|p1a: Archaludon|13/100
|-ability|p1a: Archaludon|Stamina|boost
|-boost|p1a: Archaludon|def|1
|-enditem|p1a: Archaludon|Assault Vest|[from] move: Knock Off|[of] p2b: Tyranitar
|move|p1a: Archaludon|Electro Shot||[still]
|-prepare|p1a: Archaludon|Electro Shot
|-boost|p1a: Archaludon|spa|1
|-anim|p1a: Archaludon|Electro Shot|p2b: Tyranitar
|-supereffective|p2b: Tyranitar
|-damage|p2b: Tyranitar|0 fnt
|faint|p2b: Tyranitar
|move|p1b: Umbreon|Toxic|p2a: Whimsicott
|-status|p2a: Whimsicott|tox
|
|-weather|none
|-heal|p1b: Umbreon|86/100|[from] item: Leftovers
|-damage|p2a: Whimsicott|89/100 tox|[from] psn
|upkeep
|
|t:|1757928968
|switch|p2b: Charizard|Charizard, L50, M|100/100
|turn|7
|
|t:|1757928985
|move|p2a: Whimsicott|Sunny Day|p2a: Whimsicott
|-weather|SunnyDay
|move|p2b: Charizard|Heat Wave|p1a: Archaludon|[spread] p1a,p1b
|-damage|p1a: Archaludon|0 fnt
|-damage|p1b: Umbreon|36/100
|faint|p1a: Archaludon
|-damage|p2b: Charizard|91/100|[from] item: Life Orb
|move|p1b: Umbreon|Toxic|p2b: Charizard
|-status|p2b: Charizard|tox
|
|-weather|SunnyDay|[upkeep]
|-damage|p2b: Charizard|78/100 tox|[from] ability: Solar Power|[of] p2b: Charizard
|-heal|p1b: Umbreon|42/100|[from] item: Leftovers
|-damage|p2a: Whimsicott|77/100 tox|[from] psn
|-damage|p2b: Charizard|73/100 tox|[from] psn
|upkeep
|
|t:|1757929000
|switch|p1a: Pelipper|Pelipper, L50, M|15/100
|-weather|RainDance|[from] ability: Drizzle|[of] p1a: Pelipper
|turn|8
|
|t:|1757929006
|move|p1a: Pelipper|Protect|p1a: Pelipper
|-singleturn|p1a: Pelipper|Protect
|move|p1b: Umbreon|Protect|p1b: Umbreon
|-singleturn|p1b: Umbreon|Protect
|move|p2a: Whimsicott|Sunny Day|p2a: Whimsicott
|-weather|SunnyDay
|move|p2b: Charizard|Heat Wave|p1a: Pelipper|[spread] 
|-activate|p1a: Pelipper|move: Protect
|-activate|p1b: Umbreon|move: Protect
|
|-weather|SunnyDay|[upkeep]
|-damage|p2b: Charizard|60/100 tox|[from] ability: Solar Power|[of] p2b: Charizard
|-heal|p1b: Umbreon|48/100|[from] item: Leftovers
|-damage|p2a: Whimsicott|59/100 tox|[from] psn
|-damage|p2b: Charizard|49/100 tox|[from] psn
|-sideend|p2: iLouca|move: Tailwind
|upkeep
|turn|9
|
|t:|1757929030
|switch|p1a: Incineroar|Incineroar, L50, F|34/100
|-ability|p1a: Incineroar|Intimidate|boost
|-unboost|p2a: Whimsicott|atk|1
|-unboost|p2b: Charizard|atk|1
|move|p2a: Whimsicott|Tailwind|p2a: Whimsicott
|-sidestart|p2: iLouca|move: Tailwind
|move|p2b: Charizard|Heat Wave|p1b: Umbreon|[spread] p1a,p1b
|-resisted|p1a: Incineroar
|-damage|p1a: Incineroar|0 fnt
|-damage|p1b: Umbreon|0 fnt
|faint|p1a: Incineroar
|faint|p1b: Umbreon
|-damage|p2b: Charizard|39/100 tox|[from] item: Life Orb
|
|-weather|SunnyDay|[upkeep]
|-damage|p2b: Charizard|26/100 tox|[from] ability: Solar Power|[of] p2b: Charizard
|-damage|p2a: Whimsicott|35/100 tox|[from] psn
|-damage|p2b: Charizard|9/100 tox|[from] psn
|upkeep
|-message|spellbreakvgc forfeited.
|
|win|iLouca
