|j|☆asdsaddsaf
|j|☆indianpro#2011
|html|asdsaddsafindianpro#2011    
|uhtml|bestof|Game 2 of a best-of-3
|t:|1785158199
|gametype|doubles
|player|p1|asdsaddsaf|1|1111
|player|p2|indianpro#2011|lucas|1081
|gen|9
|tier|[Gen 9 Champions] VGC 2026 Reg M-B (Bo3)
|rated|
|rule|Species Clause: Limit one of each Pokémon
|rule|Item Clause: Limit 1 of each item
|clearpoke
|poke|p1|Froslass, L50, F|
|poke|p1|Hydreigon, L50, F|
|poke|p1|Ninetales-Alola, L50, F|
|poke|p1|Grimmsnarl, L50, M|
|poke|p1|Sneasler, L50, M|
|poke|p1|Blaziken, L50, F|
|poke|p2|Tyranitar, L50, M|
|poke|p2|Mawile, L50, M|
|poke|p2|Grimmsnarl, L50, M|
|poke|p2|Farigiraf, L50, F|
|poke|p2|Gholdengo, L50|
|poke|p2|Crabominable, L50, M|
|teampreview|4
|showteam|p1|Froslass||Froslassite|SnowCloak|Blizzard,ShadowBall,Protect,NastyPlot|Timid||F|||50|]Hydreigon||ChoiceScarf|Levitate|Snarl,DarkPulse,DracoMeteor,EarthPower|Modest||F|||50|]Ninetales-Alola||NeverMeltIce|SnowWarning|Blizzard,Encore,FreezeDry,Protect|Timid||F|||50|]Grimmsnarl||LightClay|Prankster|FakeOut,LightScreen,PartingShot,FoulPlay|Careful||M|||50|]Sneasler||FocusSash|PoisonTouch|FakeOut,PoisonJab,CloseCombat,Protect|Jolly||M|||50|]Blaziken||Blazikenite|SpeedBoost|FlareBlitz,CloseCombat,RockSlide,Protect|Adamant||F|||50|
|showteam|p2|Tyranitar||ChopleBerry|SandStream|RockSlide,KnockOff,LowKick,Protect|Brave||M|||50|]Mawile||Mawilite|HyperCutter|IronHead,PlayRough,SuckerPunch,Protect|Brave||M|||50|]Grimmsnarl||LightClay|Prankster|Reflect,LightScreen,FakeOut,SpiritBreak|Adamant||M|||50|]Farigiraf||ColburBerry|ArmorTail|TrickRoom,TwinBeam,HelpingHand,Protect|Modest||F|||50|]Gholdengo||LifeOrb|GoodasGold|MakeItRain,ShadowBall,NastyPlot,Protect|Timid|||||50|]Crabominable||Crabominite|HyperCutter|IceHammer,DrainPunch,WideGuard,Protect|Brave||M|||50|
|j| KonohamaruVGC
|l| KonohamaruVGC
|
|t:|1785158269
|teamsize|p1|4
|teamsize|p2|4
|start
|switch|p1a: Ninetales|Ninetales-Alola, L50, F|100/100
|switch|p1b: Froslass|Froslass, L50, F|100/100
|switch|p2a: Farigiraf|Farigiraf, L50, F|100/100
|switch|p2b: Grimmsnarl|Grimmsnarl, L50, M|100/100
|-weather|Snowscape|[from] ability: Snow Warning|[of] p1a: Ninetales
|turn|1
|inactive|Battle timer is ON: inactive players will automatically lose when time's up. (requested by asdsaddsaf)
|
|t:|1785158296
|detailschange|p1b: Froslass|Froslass-Mega, L50, F
|-mega|p1b: Froslass|Froslass|Froslassite
|move|p2b: Grimmsnarl|Light Screen|p2b: Grimmsnarl
|-sidestart|p2: indianpro#2011|move: Light Screen
|move|p1b: Froslass|Blizzard|p2b: Grimmsnarl|[spread] p2a,p2b
|-damage|p2a: Farigiraf|72/100
|-damage|p2b: Grimmsnarl|72/100
|move|p1a: Ninetales|Blizzard|p2b: Grimmsnarl|[spread] p2a,p2b
|-damage|p2a: Farigiraf|47/100
|-damage|p2b: Grimmsnarl|45/100
|move|p2a: Farigiraf|Trick Room|p2a: Farigiraf
|-fieldstart|move: Trick Room|[of] p2a: Farigiraf
|
|-weather|Snowscape|[upkeep]
|upkeep
|turn|2
|inactive|asdsaddsaf has 30 seconds left.
|
|t:|1785158330
|switch|p2b: Mawile|Mawile, L50, M|100/100
|switch|p2a: Tyranitar|Tyranitar, L50, M|100/100
|-weather|Sandstorm|[from] ability: Sand Stream|[of] p2a: Tyranitar
|switch|p1a: Hydreigon|Hydreigon, L50, F|100/100
|switch|p1b: Sneasler|Sneasler, L50, M|100/100
|
|-weather|Sandstorm|[upkeep]
|-damage|p1b: Sneasler|93/100|[from] Sandstorm
|-damage|p1a: Hydreigon|94/100|[from] Sandstorm
|upkeep
|turn|3
|inactive|asdsaddsaf has 30 seconds left.
|inactive|asdsaddsaf has 20 seconds left.
|inactive|asdsaddsaf has 15 seconds left.
|inactive|asdsaddsaf has 10 seconds left.
|
|t:|1785158378
|detailschange|p2b: Mawile|Mawile-Mega, L50, M
|-mega|p2b: Mawile|Mawile|Mawilite
|move|p1b: Sneasler|Fake Out|p2b: Mawile
|-resisted|p2b: Mawile|1
|-damage|p2b: Mawile|93/100
|cant|p2b: Mawile|flinch
|move|p2a: Tyranitar|Low Kick|p1a: Hydreigon
|-supereffective|p1a: Hydreigon|1
|-damage|p1a: Hydreigon|1/100
|move|p1a: Hydreigon|Earth Power|p2b: Mawile
|-supereffective|p2b: Mawile|1
|-damage|p2b: Mawile|45/100
|
|-weather|Sandstorm|[upkeep]
|-damage|p1b: Sneasler|87/100|[from] Sandstorm
|-damage|p1a: Hydreigon|0 fnt|[from] Sandstorm
|faint|p1a: Hydreigon
|upkeep
|
|t:|1785158393
|switch|p1a: Ninetales|Ninetales-Alola, L50, F|100/100
|-weather|Snowscape|[from] ability: Snow Warning|[of] p1a: Ninetales
|turn|4
|inactive|asdsaddsaf has 30 seconds left.
|
|t:|1785158425
|move|p1a: Ninetales|Protect|p1a: Ninetales
|-singleturn|p1a: Ninetales|Protect
|move|p2b: Mawile|Iron Head|p1b: Sneasler
|-damage|p1b: Sneasler|0 fnt
|faint|p1b: Sneasler
|move|p2a: Tyranitar|Rock Slide|p1a: Ninetales
|-activate|p1a: Ninetales|move: Protect
|
|-weather|Snowscape|[upkeep]
|upkeep
|
|t:|1785158430
|switch|p1b: Froslass|Froslass-Mega, L50, F|100/100
|turn|5
|
|t:|1785158441
|move|p1a: Ninetales|Protect||[still]
|-fail|p1a: Ninetales
|move|p1b: Froslass|Protect|p1b: Froslass
|-singleturn|p1b: Froslass|Protect
|move|p2b: Mawile|Iron Head|p1b: Froslass
|-activate|p1b: Froslass|move: Protect
|move|p2a: Tyranitar|Rock Slide|p1b: Froslass|[spread] p1a
|-activate|p1b: Froslass|move: Protect
|-supereffective|p1a: Ninetales|1
|-damage|p1a: Ninetales|41/100
|
|-weather|Snowscape|[upkeep]
|-fieldend|move: Trick Room
|upkeep
|turn|6
|inactive|indianpro#2011 has 30 seconds left.
|
|t:|1785158466
|move|p1b: Froslass|Blizzard|p2a: Tyranitar|[spread] p2a,p2b
|-resisted|p2b: Mawile|1
|-damage|p2a: Tyranitar|77/100
|-damage|p2b: Mawile|31/100
|-status|p2a: Tyranitar|frz
|move|p1a: Ninetales|Blizzard|p2b: Mawile|[spread] p2a,p2b
|-resisted|p2b: Mawile|1
|-damage|p2a: Tyranitar|56/100 frz
|-damage|p2b: Mawile|16/100
|-status|p2b: Mawile|frz
|cant|p2a: Tyranitar|frz
|cant|p2b: Mawile|frz
|
|-weather|Snowscape|[upkeep]
|upkeep
|turn|7
|inactive|indianpro#2011 has 30 seconds left.
|inactive|indianpro#2011 has 20 seconds left.
|inactive|indianpro#2011 has 15 seconds left.
|
|t:|1785158511
|switch|p2b: Grimmsnarl|Grimmsnarl, L50, M|45/100
|cant|p2a: Tyranitar|frz
|move|p1b: Froslass|Blizzard|p2b: Grimmsnarl|[spread] p2a,p2b
|-damage|p2a: Tyranitar|35/100 frz
|-damage|p2b: Grimmsnarl|18/100
|move|p1a: Ninetales|Blizzard|p2b: Grimmsnarl|[spread] p2a,p2b
|-damage|p2a: Tyranitar|14/100 frz
|-damage|p2b: Grimmsnarl|0 fnt
|faint|p2b: Grimmsnarl
|
|-weather|Snowscape|[upkeep]
|upkeep
|
|t:|1785158526
|switch|p2b: Farigiraf|Farigiraf, L50, F|47/100
|turn|8
|
|t:|1785158544
|move|p1b: Froslass|Blizzard|p2b: Farigiraf|[spread] p2a,p2b
|-damage|p2a: Tyranitar|0 fnt
|-damage|p2b: Farigiraf|20/100y
|faint|p2a: Tyranitar
|move|p1a: Ninetales|Blizzard|p2b: Farigiraf
|-damage|p2b: Farigiraf|0 fnt
|faint|p2b: Farigiraf
|
|-weather|none
|-sideend|p2: indianpro#2011|move: Light Screen
|upkeep
|
|t:|1785158556
|switch|p2a: Mawile|Mawile-Mega, L50, M|16/100 frz
|turn|9
|
|t:|1785158565
|move|p1b: Froslass|Protect|p1b: Froslass
|-singleturn|p1b: Froslass|Protect
|move|p1a: Ninetales|Protect|p1a: Ninetales
|-singleturn|p1a: Ninetales|Protect
|cant|p2a: Mawile|frz
|
|upkeep
|turn|10
|
|t:|1785158574
|-curestatus|p2a: Mawile|frz|[msg]
|move|p2a: Mawile|Sucker Punch|p1b: Froslass
|-supereffective|p1b: Froslass|1
|-damage|p1b: Froslass|0 fnt
|faint|p1b: Froslass
|move|p1a: Ninetales|Freeze-Dry|p2a: Mawile
|-resisted|p2a: Mawile|1
|-damage|p2a: Mawile|0 fnt
|faint|p2a: Mawile
|
|win|asdsaddsaf
||asdsaddsaf is ready for game 3.
|inactive|indianpro#2011 has 30 seconds to confirm battle start!
||indianpro#2011 is ready for game 3.
|uhtml|next|Next: Game 3 of 3
