|j|☆benjitulio
|j|☆Broey_jiggs
|html|benjitulioBroey_jiggs    
|uhtml|bestof|Game 2 of a best-of-3
|t:|1783210345
|gametype|doubles
|player|p1|benjitulio|wattson|1043
|player|p2|Broey_jiggs|102|1006
|gen|9
|tier|[Gen 9 Champions] VGC 2026 Reg M-B (Bo3)
|rated|
|rule|Species Clause: Limit one of each Pokémon
|rule|Item Clause: Limit 1 of each item
|clearpoke
|poke|p1|Maushold-Four, L50|
|poke|p1|Incineroar, L50, F|
|poke|p1|Metagross, L50|
|poke|p1|Aerodactyl, L50, M|
|poke|p1|Primarina, L50, M|
|poke|p1|Sinistcha, L50|
|poke|p2|Toxapex, L50, M|
|poke|p2|Rotom-Wash, L50|
|poke|p2|Corviknight, L50, M|
|poke|p2|Sinistcha-Masterpiece, L50|
|poke|p2|Tyranitar, L50, F|
|poke|p2|Garchomp, L50, F|
|teampreview|4
|showteam|p1|Maushold-Four||FocusSash|FriendGuard|FollowMe,RainDance,PopulationBomb,SuperFang|Jolly|||||50|]Incineroar||ChopleBerry|Intimidate|FakeOut,FlareBlitz,PartingShot,DarkestLariat|Impish||F|||50|]Metagross||Metagrossite|ClearBody|IronHead,Protect,PsychicFangs,Earthquake|Adamant|||||50|]Aerodactyl||FocusBand|Unnerve|RockSlide,Protect,Tailwind,IceFang|Jolly||M|||50|]Primarina||ChoiceScarf|LiquidVoice|HyperVoice,HydroPump,IcyWind,Moonblast|Modest||M|||50|]Sinistcha||Leftovers|Hospitality|MatchaGotcha,LifeDew,ShadowBall,RagePowder|Calm|||||50|
|showteam|p2|Toxapex||Leftovers|Regenerator|Toxic,BanefulBunker,Infestation,Recover|Bold||M|||50|]Rotom-Wash||Magnet|Levitate|HydroPump,Thunderbolt,WillOWisp,Protect|Calm|||||50|]Corviknight||OccaBerry|MirrorArmor|BodyPress,Roost,IronDefense,BraveBird|Careful||M|||50|]Sinistcha-Masterpiece||MiracleSeed|Hospitality|MatchaGotcha,LifeDew,Protect,TrickRoom|Relaxed|||||50|]Tyranitar||Tyranitarite|SandStream|RockSlide,Earthquake,KnockOff,Protect|Adamant||F|||50|]Garchomp||LifeOrb|SandVeil|Earthquake,EarthPower,Protect,DragonClaw|Jolly||F|||50|
|inactive|Battle timer is ON: inactive players will automatically lose when time's up. (requested by Broey_jiggs)
|
|t:|1783210363
|teamsize|p1|4
|teamsize|p2|4
|start
|switch|p1a: Primarina|Primarina, L50, M|100/100
|switch|p1b: Maushold|Maushold-Four, L50|100/100
|switch|p2a: Rotom|Rotom-Wash, L50|100/100
|switch|p2b: Sinistcha|Sinistcha-Masterpiece, L50|100/100
|turn|1
|inactive|benjitulio has 30 seconds left.
|
|t:|1783210393
|switch|p1a: Sinistcha|Sinistcha, L50|100/100
|move|p1b: Maushold|Super Fang|p2a: Rotom
|-damage|p2a: Rotom|50/100g
|move|p2a: Rotom|Thunderbolt|p1a: Sinistcha
|-resisted|p1a: Sinistcha|1
|-damage|p1a: Sinistcha|87/100
|move|p2b: Sinistcha|Trick Room|p2b: Sinistcha
|-fieldstart|move: Trick Room|[of] p2b: Sinistcha
|
|-heal|p1a: Sinistcha|93/100|[from] item: Leftovers
|upkeep
|turn|2
|inactive|benjitulio has 30 seconds left.
|
|t:|1783210420
|move|p2a: Rotom|Protect|p2a: Rotom
|-singleturn|p2a: Rotom|Protect
|move|p2b: Sinistcha|Matcha Gotcha|p1b: Maushold|[spread] p1a,p1b
|-resisted|p1a: Sinistcha|1
|-damage|p1a: Sinistcha|84/100
|-damage|p1b: Maushold|59/100
|move|p1a: Sinistcha|Matcha Gotcha|p2a: Rotom|[spread] p2b
|-activate|p2a: Rotom|move: Protect
|-resisted|p2b: Sinistcha|1
|-damage|p2b: Sinistcha|84/100
|-heal|p1a: Sinistcha|92/100|[from] drain|[of] p2b: Sinistcha
|-status|p2b: Sinistcha|brn
|move|p1b: Maushold|Population Bomb|p2a: Rotom
|-activate|p2a: Rotom|move: Protect
|
|-heal|p1a: Sinistcha|98/100|[from] item: Leftovers
|-damage|p2b: Sinistcha|78/100 brn|[from] brn
|upkeep
|turn|3
|
|t:|1783210439
|switch|p2a: Tyranitar|Tyranitar, L50, F|100/100
|-weather|Sandstorm|[from] ability: Sand Stream|[of] p2a: Tyranitar
|move|p2b: Sinistcha|Matcha Gotcha|p1b: Maushold|[spread] p1a,p1b
|-resisted|p1a: Sinistcha|1
|-crit|p1a: Sinistcha
|-damage|p1a: Sinistcha|85/100
|-heal|p2b: Sinistcha|85/100 brn|[from] drain|[of] p1a: Sinistcha
|-damage|p1b: Maushold|17/100
|-heal|p2b: Sinistcha|100/100 brn|[from] drain|[of] p1b: Maushold
|move|p1a: Sinistcha|Shadow Ball|p2b: Sinistcha
|-supereffective|p2b: Sinistcha|1
|-damage|p2b: Sinistcha|17/100 brn
|move|p1b: Maushold|Population Bomb|p2a: Tyranitar
|-resisted|p2a: Tyranitar|1
|-damage|p2a: Tyranitar|97/100
|-resisted|p2a: Tyranitar|1
|-damage|p2a: Tyranitar|93/100
|-hitcount|p2a: Tyranitar|2
|
|-weather|Sandstorm|[upkeep]
|-damage|p2b: Sinistcha|11/100 brn|[from] Sandstorm
|-damage|p1a: Sinistcha|79/100|[from] Sandstorm
|-damage|p1b: Maushold|11/100|[from] Sandstorm
|-heal|p1a: Sinistcha|85/100|[from] item: Leftovers
|-damage|p2b: Sinistcha|5/100 brn|[from] brn
|upkeep
|turn|4
|
|t:|1783210461
|move|p2a: Tyranitar|Knock Off|p1a: Sinistcha
|-supereffective|p1a: Sinistcha|1
|-damage|p1a: Sinistcha|4/100
|-enditem|p1a: Sinistcha|Leftovers|[from] move: Knock Off|[of] p2a: Tyranitar
|move|p2b: Sinistcha|Life Dew|p2b: Sinistcha|[spread] p2a,p2b
|-heal|p2a: Tyranitar|100/100
|-heal|p2b: Sinistcha|30/100 brn
|move|p1a: Sinistcha|Matcha Gotcha|p2b: Sinistcha|[spread] p2a,p2b
|-supereffective|p2a: Tyranitar|1
|-resisted|p2b: Sinistcha|1
|-damage|p2a: Tyranitar|70/100
|-heal|p1a: Sinistcha|21/100|[from] drain|[of] p2a: Tyranitar
|-damage|p2b: Sinistcha|17/100 brn
|-heal|p1a: Sinistcha|28/100|[from] drain|[of] p2b: Sinistcha
|move|p1b: Maushold|Rain Dance|p1b: Maushold
|-weather|RainDance
|
|-weather|RainDance|[upkeep]
|-damage|p2b: Sinistcha|11/100 brn|[from] brn
|upkeep
|turn|5
|
|t:|1783210480
|move|p1b: Maushold|Follow Me|p1b: Maushold
|-singleturn|p1b: Maushold|move: Follow Me
|move|p2b: Sinistcha|Matcha Gotcha|p1b: Maushold|[spread] p1a,p1b
|-resisted|p1a: Sinistcha|1
|-damage|p1a: Sinistcha|19/100
|-heal|p2b: Sinistcha|15/100 brn|[from] drain|[of] p1a: Sinistcha
|-damage|p1b: Maushold|0 fnt
|-heal|p2b: Sinistcha|20/100y brn|[from] drain|[of] p1b: Maushold
|faint|p1b: Maushold
|move|p2a: Tyranitar|Rock Slide|p1a: Sinistcha
|-damage|p1a: Sinistcha|0 fnt
|faint|p1a: Sinistcha
|
|-weather|RainDance|[upkeep]
|-damage|p2b: Sinistcha|14/100 brn|[from] brn
|-fieldend|move: Trick Room
|upkeep
|
|t:|1783210486
|switch|p1b: Primarina|Primarina, L50, M|100/100
|switch|p1a: Metagross|Metagross, L50|100/100
|turn|6
|
|t:|1783210508
|switch|p2b: Rotom|Rotom-Wash, L50|50/100g
|detailschange|p1a: Metagross|Metagross-Mega, L50
|-mega|p1a: Metagross|Metagross|Metagrossite
|detailschange|p2a: Tyranitar|Tyranitar-Mega, L50, F
|-mega|p2a: Tyranitar|Tyranitar|Tyranitarite
|-weather|Sandstorm|[from] ability: Sand Stream|[of] p2a: Tyranitar
|move|p2a: Tyranitar|Protect|p2a: Tyranitar
|-singleturn|p2a: Tyranitar|Protect
|move|p1b: Primarina|Moonblast|p2a: Tyranitar
|-activate|p2a: Tyranitar|move: Protect
|move|p1a: Metagross|Iron Head|p2b: Rotom
|-resisted|p2b: Rotom|2
|-damage|p2b: Rotom|31/100
|
|-weather|Sandstorm|[upkeep]
|-damage|p1b: Primarina|94/100|[from] Sandstorm
|-damage|p2b: Rotom|26/100|[from] Sandstorm
|upkeep
|turn|7
|
|t:|1783210532
|move|p1b: Primarina|Moonblast|p2a: Tyranitar
|-supereffective|p2a: Tyranitar|1
|-damage|p2a: Tyranitar|16/100
|move|p1a: Metagross|Psychic Fangs|p2b: Rotom
|-damage|p2b: Rotom|0 fnt
|faint|p2b: Rotom
|move|p2a: Tyranitar|Earthquake|p1b: Primarina|[spread] p1a,p1b
|-supereffective|p1a: Metagross|1
|-damage|p1a: Metagross|50/100g
|-damage|p1b: Primarina|44/100
|
|-weather|Sandstorm|[upkeep]
|-damage|p1b: Primarina|38/100|[from] Sandstorm
|upkeep
|
|t:|1783210544
|switch|p2b: Garchomp|Garchomp, L50, F|100/100
|turn|8
|
|t:|1783210551
|move|p2b: Garchomp|Earthquake|p1a: Metagross|[spread] p2a,p1a,p1b
|-supereffective|p2a: Tyranitar|1
|-supereffective|p1a: Metagross|1
|-damage|p2a: Tyranitar|0 fnt
|-damage|p1a: Metagross|0 fnt
|-damage|p1b: Primarina|0 fnt
|faint|p2a: Tyranitar
|faint|p1a: Metagross
|faint|p1b: Primarina
|-damage|p2b: Garchomp|90/100|[from] item: Life Orb
|
|win|Broey_jiggs
