|j|вҳҶLetmein191
|j|вҳҶADtaiga
|html|Letmein191ADtaiga    
|uhtml|bestof|Game 3 of a best-of-3
|t:|1756424722
|gametype|doubles
|player|p1|Letmein191|266|1030
|player|p2|ADtaiga|101|1048
|gen|9
|tier|[Gen 9] VGC 2025 Reg H (Bo3)
|rated|
|rule|Species Clause: Limit one of each PokГ©mon
|rule|Item Clause: Limit 1 of each item
|clearpoke
|poke|p1|Indeedee-F, L50, F|
|poke|p1|Hatterene, L50, F|
|poke|p1|Gallade, L50, M|
|poke|p1|Ursaluna, L50, M|
|poke|p1|Lilligant-Hisui, L50, F|
|poke|p1|Torkoal, L50, M|
|poke|p2|Sneasler, L50, F|
|poke|p2|Gholdengo, L50|
|poke|p2|Garchomp, L50, F|
|poke|p2|Indeedee, L50, M|
|poke|p2|Hydreigon, L50, F|
|poke|p2|Electabuzz, L50, F|
|teampreview|4
|showteam|p1|Indeedee-F||PsychicSeed|PsychicSurge|TrickRoom,FollowMe,HelpingHand,DazzlingGleam|||F|||50|,,,,,Fire]Hatterene||LifeOrb|MagicBounce|ExpandingForce,TrickRoom,DazzlingGleam,Protect|||F|||50|,,,,,Psychic]Gallade||ClearAmulet|Sharpness|PsychoCut,TrickRoom,SacredSword,WideGuard|||M|||50|,,,,,Grass]Ursaluna||FlameOrb|Guts|HeadlongRush,Facade,SwordsDance,Protect|||M|||50|,,,,,Ghost]Lilligant-Hisui||FocusSash|Chlorophyll|SolarBlade,SleepPowder,CloseCombat,AfterYou|||F|||50|,,,,,Ghost]Torkoal||ChoiceSpecs|Drought|Eruption,HeatWave,WeatherBall,EarthPower|||M|||50|,,,,,Fire
|showteam|p2|Sneasler||PsychicSeed|Unburden|FakeOut,Acrobatics,CloseCombat,DireClaw|||F|||50|,,,,,Flying]Gholdengo||MetalCoat|GoodasGold|MakeItRain,ShadowBall,Protect,NastyPlot||||||50|,,,,,Water]Garchomp||LifeOrb|RoughSkin|Protect,StompingTantrum,DragonClaw,Earthquake|||F|||50|,,,,,Steel]Indeedee||FocusSash|PsychicSurge|ExpandingForce,TeraBlast,TrickRoom,Imprison|||M|||50|,,,,,Fighting]Hydreigon||AssaultVest|Levitate|HeatWave,Snarl,DarkPulse,DracoMeteor|||F|||50|,,,,,Fire]Electabuzz||Eviolite|VitalSpirit|ThunderWave,Thunderbolt,Taunt,FollowMe|||F|||50|,,,,,Flying
|inactive|Battle timer is ON: inactive players will automatically lose when time's up. (requested by Letmein191)
|
|t:|1756424746
|teamsize|p1|4
|teamsize|p2|4
|start
|switch|p1a: зҙ«з«ҪеҘҪеҸҜж„ӣ|Lilligant-Hisui, L50, F, shiny|100/100
|switch|p1b: еӨӘжЁӮе·ҙжҲҲж–Ҝ|Torkoal, L50, M, shiny|100/100
|switch|p2a: Indeedee|Indeedee, L50, M|100/100
|switch|p2b: Gholdengo|Gholdengo, L50|100/100
|-fieldstart|move: Psychic Terrain|[from] ability: Psychic Surge|[of] p2a: Indeedee
|-weather|SunnyDay|[from] ability: Drought|[of] p1b: еӨӘжЁӮе·ҙжҲҲж–Ҝ
|turn|1
|inactive|Letmein191 has 30 seconds left.
|inactive|ADtaiga has 30 seconds left.
|inactive|ADtaiga has 20 seconds left.
|
|t:|1756424783
|-terastallize|p2b: Gholdengo|Water
|move|p1a: зҙ«з«ҪеҘҪеҸҜж„ӣ|Solar Blade||[still]
|-prepare|p1a: зҙ«з«ҪеҘҪеҸҜж„ӣ|Solar Blade
|-anim|p1a: зҙ«з«ҪеҘҪеҸҜж„ӣ|Solar Blade|p2b: Gholdengo
|-supereffective|p2b: Gholdengo
|-damage|p2b: Gholdengo|2/100
|move|p2a: Indeedee|Expanding Force|p1a: зҙ«з«ҪеҘҪеҸҜж„ӣ|[spread] p1a,p1b
|-supereffective|p1a: зҙ«з«ҪеҘҪеҸҜж„ӣ
|-enditem|p1a: зҙ«з«ҪеҘҪеҸҜж„ӣ|Focus Sash
|-damage|p1a: зҙ«з«ҪеҘҪеҸҜж„ӣ|1/100
|-damage|p1b: еӨӘжЁӮе·ҙжҲҲж–Ҝ|36/100
|move|p2b: Gholdengo|Shadow Ball|p1a: зҙ«з«ҪеҘҪеҸҜж„ӣ
|-damage|p1a: зҙ«з«ҪеҘҪеҸҜж„ӣ|0 fnt
|faint|p1a: зҙ«з«ҪеҘҪеҸҜж„ӣ
|move|p1b: еӨӘжЁӮе·ҙжҲҲж–Ҝ|Eruption|p2b: Gholdengo|[spread] p2a,p2b
|-resisted|p2b: Gholdengo
|-damage|p2a: Indeedee|49/100
|-damage|p2b: Gholdengo|0 fnt
|faint|p2b: Gholdengo
|
|-weather|SunnyDay|[upkeep]
|upkeep
|
|t:|1756424808
|switch|p1a: зҙ«з«ҪиҰӘиЎӣйҡҠ|Gallade, L50, M, shiny|100/100
|switch|p2b: Garchomp|Garchomp, L50, F|100/100
|turn|2
|
|t:|1756424823
|move|p2b: Garchomp|Stomping Tantrum|p1b: еӨӘжЁӮе·ҙжҲҲж–Ҝ
|-supereffective|p1b: еӨӘжЁӮе·ҙжҲҲж–Ҝ
|-damage|p1b: еӨӘжЁӮе·ҙжҲҲж–Ҝ|0 fnt
|faint|p1b: еӨӘжЁӮе·ҙжҲҲж–Ҝ
|-damage|p2b: Garchomp|91/100|[from] item: Life Orb
|move|p2a: Indeedee|Expanding Force|p1a: зҙ«з«ҪиҰӘиЎӣйҡҠ
|-damage|p1a: зҙ«з«ҪиҰӘиЎӣйҡҠ|40/100
|move|p1a: зҙ«з«ҪиҰӘиЎӣйҡҠ|Trick Room|p1a: зҙ«з«ҪиҰӘиЎӣйҡҠ
|-fieldstart|move: Trick Room|[of] p1a: зҙ«з«ҪиҰӘиЎӣйҡҠ
|
|-weather|SunnyDay|[upkeep]
|upkeep
|
|t:|1756424833
|switch|p1b: дёҖжӢіжңҲжңҲзҶҠ|Ursaluna, L50, M, shiny|100/100
|turn|3
|inactive|ADtaiga has 30 seconds left.
|inactive|Letmein191 has 30 seconds left.
|inactive|Letmein191 has 20 seconds left.
|inactive|Letmein191 has 15 seconds left.
|
|t:|1756424879
|move|p1b: дёҖжӢіжңҲжңҲзҶҠ|Protect|p1b: дёҖжӢіжңҲжңҲзҶҠ
|-singleturn|p1b: дёҖжӢіжңҲжңҲзҶҠ|Protect
|move|p1a: зҙ«з«ҪиҰӘиЎӣйҡҠ|Psycho Cut|p2a: Indeedee
|-resisted|p2a: Indeedee
|-damage|p2a: Indeedee|0 fnt
|faint|p2a: Indeedee
|move|p2b: Garchomp|Stomping Tantrum|p1a: зҙ«з«ҪиҰӘиЎӣйҡҠ
|-damage|p1a: зҙ«з«ҪиҰӘиЎӣйҡҠ|0 fnt
|faint|p1a: зҙ«з«ҪиҰӘиЎӣйҡҠ
|-damage|p2b: Garchomp|81/100|[from] item: Life Orb
|
|-weather|SunnyDay|[upkeep]
|-status|p1b: дёҖжӢіжңҲжңҲзҶҠ|brn|[from] item: Flame Orb
|upkeep
|
|t:|1756424886
|switch|p2a: Hydreigon|Hydreigon, L50, F|100/100
|turn|4
|inactive|ADtaiga has 30 seconds left.
|inactive|ADtaiga has 20 seconds left.
|inactive|ADtaiga has 15 seconds left.
|
|t:|1756424927
|move|p1b: дёҖжӢіжңҲжңҲзҶҠ|Facade|p2a: Hydreigon
|-damage|p2a: Hydreigon|0 fnt
|faint|p2a: Hydreigon
|move|p2b: Garchomp|Earthquake|p1b: дёҖжӢіжңҲжңҲзҶҠ
|-damage|p1b: дёҖжӢіжңҲжңҲзҶҠ|55/100 brn
|-damage|p2b: Garchomp|71/100|[from] item: Life Orb
|
|-weather|SunnyDay|[upkeep]
|-damage|p1b: дёҖжӢіжңҲжңҲзҶҠ|49/100 brn|[from] brn
|upkeep
|turn|5
|
|t:|1756424938
|move|p2b: Garchomp|Protect|p2b: Garchomp
|-singleturn|p2b: Garchomp|Protect
|move|p1b: дёҖжӢіжңҲжңҲзҶҠ|Facade|p2b: Garchomp
|-activate|p2b: Garchomp|move: Protect
|
|-weather|none
|-damage|p1b: дёҖжӢіжңҲжңҲзҶҠ|43/100 brn|[from] brn
|-fieldend|move: Psychic Terrain
|upkeep
|turn|6
|
|t:|1756424946
|move|p2b: Garchomp|Protect||[still]
|-fail|p2b: Garchomp
|move|p1b: дёҖжӢіжңҲжңҲзҶҠ|Facade|p2b: Garchomp
|-damage|p2b: Garchomp|0 fnt
|-damage|p1b: дёҖжӢіжңҲжңҲзҶҠ|30/100 brn|[from] ability: Rough Skin|[of] p2b: Garchomp
|faint|p2b: Garchomp
|
|win|Letmein191
|raw|Letmein191's rating: 1030 → 1067(+37 for winning)
|raw|ADtaiga's rating: 1048 → 1030(-18 for losing)
