|j|☆R1xohbilbao
|j|☆TheMismatcher
|html|R1xohbilbaoTheMismatcher    
|uhtml|bestof|Game 2 of a best-of-3
|t:|1756116074
|gametype|doubles
|player|p1|R1xohbilbao|ltsurge|1332
|player|p2|TheMismatcher|266|1295
|gen|9
|tier|[Gen 9] VGC 2025 Reg H (Bo3)
|rated|
|rule|Species Clause: Limit one of each Pokémon
|rule|Item Clause: Limit 1 of each item
|clearpoke
|poke|p1|Delphox, L50, M|
|poke|p1|Indeedee-F, L50, F|
|poke|p1|Drifblim, L50, F|
|poke|p1|Archaludon, L50, M|
|poke|p1|Ursaluna, L50, M|
|poke|p1|Basculegion, L50, M|
|poke|p2|Pelipper, L50, M|
|poke|p2|Basculegion, L50, M|
|poke|p2|Amoonguss, L50, F|
|poke|p2|Archaludon, L50, F|
|poke|p2|Greninja-*, L50, M|
|poke|p2|Annihilape, L50, M|
|teampreview|4
|showteam|p1|Delphox||LifeOrb|Blaze|HeatWave,ExpandingForce,Protect,TeraBlast|||M|||50|,,,,,Fighting]Indeedee-F||RockyHelmet|PsychicSurge|HelpingHand,FollowMe,TrickRoom,Imprison|||F|||50|,,,,,Fairy]Drifblim||PsychicSeed|Unburden|SunnyDay,Acrobatics,WillOWisp,Tailwind|||F|||50|,,,,,Flying]Archaludon||PowerHerb|Stalwart|ElectroShot,DracoMeteor,AuraSphere,Protect|||M|||50|,,,,,Fairy]Ursaluna||FlameOrb|Guts|Earthquake,Facade,HeadlongRush,Protect|||M|||50|,,,,,Ghost]Basculegion||ChoiceScarf|Adaptability|FlipTurn,WaveCrash,AquaJet,LastRespects|||M|||50|,,,,,Grass
|showteam|p2|Pelipper||FocusSash|Drizzle|WeatherBall,Hurricane,Tailwind,WideGuard|||M|||50|,,,,,Stellar]Basculegion||ChoiceBand|SwiftSwim|WaveCrash,FlipTurn,LastRespects,AquaJet|||M|||50|,,,,,Grass]Amoonguss||SitrusBerry|Regenerator|Spore,RagePowder,PollenPuff,ClearSmog|||F|||50|,,,,,Dark]Archaludon||AssaultVest|Stamina|DragonPulse,FlashCannon,ElectroShot,BodyPress|||F|||50|,,,,,Grass]Greninja||LoadedDice|Torrent|WaterShuriken,Protect,Taunt,RainDance|||M|||50|,,,,,Ghost]Annihilape||ChoiceScarf|Defiant|CloseCombat,RageFist,Uturn,FinalGambit|||M|||50|,,,,,Grass
|
|t:|1756116099
|teamsize|p1|4
|teamsize|p2|4
|start
|switch|p1a: Archaludon|Archaludon, L50, M|100/100
|switch|p1b: Indeedee|Indeedee-F, L50, F|100/100
|switch|p2a: Amoonguss|Amoonguss, L50, F, shiny|100/100
|switch|p2b: Pelipper|Pelipper, L50, M|100/100
|-weather|RainDance|[from] ability: Drizzle|[of] p2b: Pelipper
|-fieldstart|move: Psychic Terrain|[from] ability: Psychic Surge|[of] p1b: Indeedee
|turn|1
|inactive|Battle timer is ON: inactive players will automatically lose when time's up. (requested by R1xohbilbao)
|
|t:|1756116114
|move|p1b: Indeedee|Follow Me|p1b: Indeedee
|-singleturn|p1b: Indeedee|move: Follow Me
|move|p1a: Archaludon|Electro Shot||[still]
|-prepare|p1a: Archaludon|Electro Shot
|-boost|p1a: Archaludon|spa|1
|-anim|p1a: Archaludon|Electro Shot|p2b: Pelipper
|-supereffective|p2b: Pelipper
|-enditem|p2b: Pelipper|Focus Sash
|-damage|p2b: Pelipper|1/100
|move|p2b: Pelipper|Tailwind|p2b: Pelipper
|-sidestart|p2: TheMismatcher|move: Tailwind
|move|p2a: Amoonguss|Spore|p1b: Indeedee
|-status|p1b: Indeedee|slp|[from] move: Spore
|
|-weather|RainDance|[upkeep]
|upkeep
|turn|2
|
|t:|1756116125
|move|p1a: Archaludon|Protect|p1a: Archaludon
|-singleturn|p1a: Archaludon|Protect
|cant|p1b: Indeedee|slp
|move|p2b: Pelipper|Weather Ball|p1a: Archaludon
|-activate|p1a: Archaludon|move: Protect
|move|p2a: Amoonguss|Spore|p1a: Archaludon
|-activate|p1a: Archaludon|move: Protect
|
|-weather|RainDance|[upkeep]
|upkeep
|turn|3
|
|t:|1756116136
|cant|p1b: Indeedee|slp
|move|p2b: Pelipper|Weather Ball|p1b: Indeedee
|-damage|p1b: Indeedee|32/100 slp
|move|p1a: Archaludon|Draco Meteor|p2a: Amoonguss
|-damage|p2a: Amoonguss|20/100
|-unboost|p1a: Archaludon|spa|2
|-enditem|p2a: Amoonguss|Sitrus Berry|[eat]
|-heal|p2a: Amoonguss|45/100|[from] item: Sitrus Berry
|move|p2a: Amoonguss|Spore|p1a: Archaludon
|-status|p1a: Archaludon|slp|[from] move: Spore
|
|-weather|RainDance|[upkeep]
|upkeep
|turn|4
|inactive|TheMismatcher has 30 seconds left.
|inactive|TheMismatcher has 20 seconds left.
|
|t:|1756116171
|switch|p2a: Archaludon|Archaludon, L50, F|100/100
|cant|p1b: Indeedee|slp
|move|p2b: Pelipper|Weather Ball|p1b: Indeedee
|-damage|p1b: Indeedee|0 fnt
|faint|p1b: Indeedee
|cant|p1a: Archaludon|slp
|
|-weather|RainDance|[upkeep]
|-sideend|p2: TheMismatcher|move: Tailwind
|upkeep
|
|t:|1756116180
|switch|p1b: Drifblim|Drifblim, L50, F|100/100
|-enditem|p1b: Drifblim|Psychic Seed
|-boost|p1b: Drifblim|spd|1|[from] item: Psychic Seed
|turn|5
|
|t:|1756116187
|switch|p2b: Amoonguss|Amoonguss, L50, F, shiny|78/100
|move|p1b: Drifblim|Sunny Day|p1b: Drifblim
|-weather|SunnyDay
|-curestatus|p1a: Archaludon|slp|[msg]
|move|p1a: Archaludon|Aura Sphere|p2a: Archaludon
|-supereffective|p2a: Archaludon
|-damage|p2a: Archaludon|74/100
|-ability|p2a: Archaludon|Stamina|boost
|-boost|p2a: Archaludon|def|1
|move|p2a: Archaludon|Dragon Pulse|p1a: Archaludon
|-damage|p1a: Archaludon|49/100
|
|-weather|SunnyDay|[upkeep]
|-fieldend|move: Psychic Terrain
|upkeep
|turn|6
|inactive|R1xohbilbao has 30 seconds left.
|inactive|R1xohbilbao has 20 seconds left.
|
|t:|1756116224
|-terastallize|p2b: Amoonguss|Dark
|move|p1b: Drifblim|Acrobatics|p2b: Amoonguss
|-damage|p2b: Amoonguss|43/100
|move|p1a: Archaludon|Aura Sphere|p2a: Archaludon
|-supereffective|p2a: Archaludon
|-damage|p2a: Archaludon|47/100
|-ability|p2a: Archaludon|Stamina|boost
|-boost|p2a: Archaludon|def|1
|move|p2a: Archaludon|Dragon Pulse|p1a: Archaludon
|-damage|p1a: Archaludon|0 fnt
|faint|p1a: Archaludon
|move|p2b: Amoonguss|Spore|p1b: Drifblim
|-status|p1b: Drifblim|slp|[from] move: Spore
|
|-weather|SunnyDay|[upkeep]
|upkeep
|
|t:|1756116230
|switch|p1a: Delphox|Delphox, L50, M|100/100
|turn|7
|
|t:|1756116251
|switch|p2b: Pelipper|Pelipper, L50, M|1/100
|-weather|RainDance|[from] ability: Drizzle|[of] p2b: Pelipper
|-terastallize|p1a: Delphox|Fighting
|cant|p1b: Drifblim|slp
|move|p1a: Delphox|Tera Blast|p2a: Archaludon|[anim] Tera Blast Fighting
|-supereffective|p2a: Archaludon
|-damage|p2a: Archaludon|0 fnt
|faint|p2a: Archaludon
|-damage|p1a: Delphox|91/100|[from] item: Life Orb
|
|-weather|RainDance|[upkeep]
|upkeep
|
|t:|1756116264
|switch|p2a: Basculegion|Basculegion, L50, M|100/100
|turn|8
|
|t:|1756116278
|move|p1a: Delphox|Protect|p1a: Delphox
|-singleturn|p1a: Delphox|Protect
|move|p2a: Basculegion|Last Respects|p1a: Delphox
|-activate|p1a: Delphox|move: Protect
|cant|p1b: Drifblim|slp
|move|p2b: Pelipper|Tailwind|p2b: Pelipper
|-sidestart|p2: TheMismatcher|move: Tailwind
|
|-weather|RainDance|[upkeep]
|upkeep
|turn|9
|
|t:|1756116291
|move|p1a: Delphox|Protect||[still]
|-fail|p1a: Delphox
|move|p2a: Basculegion|Last Respects|p1a: Delphox
|-damage|p1a: Delphox|0 fnt
|faint|p1a: Delphox
|cant|p1b: Drifblim|slp
|move|p2b: Pelipper|Weather Ball|p1b: Drifblim
|-crit|p1b: Drifblim
|-damage|p1b: Drifblim|0 fnt
|faint|p1b: Drifblim
|
|win|TheMismatcher
|raw|R1xohbilbao's rating: 1332 → 1310(-22 for losing)
|raw|TheMismatcher's rating: 1295 → 1323(+28 for winning)
|l|☆R1xohbilbao
|player|p1|
|l|☆TheMismatcher
|player|p2|
|j|☆TheMismatcher
|player|p2|TheMismatcher|266|
