|j|☆NotThinkingVGC
|j|☆PYS_Max2
|html|NotThinkingVGCPYS_Max2    
|uhtml|bestof|Game 2 of a best-of-3
|t:|1784040132
|gametype|doubles
|player|p1|NotThinkingVGC|volkner|1247
|player|p2|PYS_Max2|clay|1362
|gen|9
|tier|[Gen 9 Champions] VGC 2026 Reg M-B (Bo3)
|rated|
|rule|Species Clause: Limit one of each Pokémon
|rule|Item Clause: Limit 1 of each item
|clearpoke
|poke|p1|Basculegion, L50, M|
|poke|p1|Pelipper, L50, F|
|poke|p1|Grimmsnarl, L50, M|
|poke|p1|Venusaur, L50, M|
|poke|p1|Charizard, L50, F|
|poke|p1|Archaludon, L50, F|
|poke|p2|Sinistcha, L50|
|poke|p2|Incineroar, L50, M|
|poke|p2|Toxapex, L50, F|
|poke|p2|Tyranitar, L50, M|
|poke|p2|Excadrill, L50, M|
|poke|p2|Staraptor, L50, F|
|teampreview|4
|showteam|p1|Basculegion||ChoiceScarf|SwiftSwim|WaveCrash,FlipTurn,AquaJet,LastRespects|Jolly||M|||50|]Pelipper||SitrusBerry|Drizzle|WeatherBall,Hurricane,WideGuard,Tailwind|Modest||F|||50|]Grimmsnarl||LightClay|Prankster|SpiritBreak,LightScreen,Reflect,PartingShot|Careful||M|||50|]Venusaur||LifeOrb|Chlorophyll|EnergyBall,SludgeBomb,Protect,EarthPower|Modest||M|||50|]Charizard||CharizarditeY|Blaze|WeatherBall,HeatWave,Protect,SolarBeam|Modest||F|||50|]Archaludon||Leftovers|Stamina|ElectroShot,DragonPulse,FlashCannon,Protect|Modest||F|||50|
|showteam|p2|Sinistcha||KasibBerry|Hospitality|MatchaGotcha,TrickRoom,RagePowder,Protect|Relaxed|||||50|]Incineroar||SitrusBerry|Intimidate|FlareBlitz,DarkestLariat,FakeOut,PartingShot|Impish||M|||50|]Toxapex||Leftovers|Regenerator|Toxic,Infestation,WideGuard,BanefulBunker|Calm||F|||50|]Tyranitar||Tyranitarite|SandStream|DragonDance,KnockOff,RockSlide,Protect|Jolly||M|||50|]Excadrill||FocusSash|SandRush|Earthquake,IronHead,RockTomb,Protect|Adamant||M|||50|]Staraptor||Staraptite|Intimidate|BraveBird,Tailwind,CloseCombat,Protect|Jolly||F|||50|
|inactive|Battle timer is ON: inactive players will automatically lose when time's up. (requested by NotThinkingVGC)
|
|t:|1784040144
|teamsize|p1|4
|teamsize|p2|4
|start
|switch|p1a: Grimmsnarl|Grimmsnarl, L50, M|100/100
|switch|p1b: Charizard|Charizard, L50, F|100/100
|switch|p2a: Staraptor|Staraptor, L50, F|100/100
|switch|p2b: Excadrill|Excadrill, L50, M|100/100
|-ability|p2a: Staraptor|Intimidate|boost
|-unboost|p1a: Grimmsnarl|atk|1
|-unboost|p1b: Charizard|atk|1
|turn|1
|
|t:|1784040165
|move|p2a: Staraptor|Protect|p2a: Staraptor
|-singleturn|p2a: Staraptor|Protect
|move|p1a: Grimmsnarl|Reflect|p1a: Grimmsnarl
|-sidestart|p1: NotThinkingVGC|Reflect
|move|p2b: Excadrill|Iron Head|p1a: Grimmsnarl
|-supereffective|p1a: Grimmsnarl|1
|-damage|p1a: Grimmsnarl|40/100
|move|p1b: Charizard|Heat Wave|p2a: Staraptor|[spread] 
|-activate|p2a: Staraptor|move: Protect
|-miss|p1b: Charizard|p2b: Excadrill
|
|upkeep
|turn|2
|c|☆PYS_Max2|sry
|c|☆NotThinkingVGC|why sry?
|inactive|PYS_Max2 has 30 seconds left.
|
|t:|1784040192
|detailschange|p2a: Staraptor|Staraptor-Mega, L50, F
|-mega|p2a: Staraptor|Staraptor|Staraptite
|move|p1a: Grimmsnarl|Parting Shot|p2b: Excadrill
|-unboost|p2b: Excadrill|atk|1
|-unboost|p2b: Excadrill|spa|1
|c|☆NotThinkingVGC|Ah the miss
|c|☆NotThinkingVGC|All good happens haha
|
|t:|1784040199
|switch|p1a: Basculegion|Basculegion, L50, M|100/100|[from] Parting Shot
|move|p2a: Staraptor|Brave Bird|p1b: Charizard
|-damage|p1b: Charizard|57/100
|-damage|p2a: Staraptor|86/100|[from] Recoil
|move|p2b: Excadrill|Rock Tomb|p1b: Charizard
|-supereffective|p1b: Charizard|2
|-damage|p1b: Charizard|7/100
|-unboost|p1b: Charizard|spe|1
|move|p1b: Charizard|Heat Wave|p2b: Excadrill|[spread] p2a,p2b
|-supereffective|p2b: Excadrill|1
|-damage|p2a: Staraptor|41/100
|-enditem|p2b: Excadrill|Focus Sash
|-damage|p2b: Excadrill|1/100
|
|upkeep
|turn|3
|inactive|NotThinkingVGC has 30 seconds left.
|inactive|PYS_Max2 has 30 seconds left.
|inactive|NotThinkingVGC has 20 seconds left.
|inactive|NotThinkingVGC has 15 seconds left.
|
|t:|1784040241
|switch|p1b: Grimmsnarl|Grimmsnarl, L50, M|40/100
|move|p2a: Staraptor|Protect|p2a: Staraptor
|-singleturn|p2a: Staraptor|Protect
|move|p1a: Basculegion|Flip Turn|p2a: Staraptor
|-activate|p2a: Staraptor|move: Protect
|move|p2b: Excadrill|Rock Tomb|p1a: Basculegion
|-damage|p1a: Basculegion|87/100
|-unboost|p1a: Basculegion|spe|1
|
|upkeep
|turn|4
|
|t:|1784040262
|switch|p2b: Sinistcha|Sinistcha, L50|100/100
|-heal|p2a: Staraptor|65/100|[from] ability: Hospitality|[of] p2b: Sinistcha
|move|p2a: Staraptor|Close Combat|p1b: Grimmsnarl
|-damage|p1b: Grimmsnarl|3/100
|-boost|p2a: Staraptor|def|1
|-boost|p2a: Staraptor|spd|1
|move|p1a: Basculegion|Flip Turn|p2b: Sinistcha
|-resisted|p2b: Sinistcha|1
|-damage|p2b: Sinistcha|88/100
|
|t:|1784040273
|switch|p1a: Venusaur|Venusaur, L50, M|100/100|[from] Flip Turn
|move|p1b: Grimmsnarl|Spirit Break|p2a: Staraptor
|-supereffective|p2a: Staraptor|1
|-damage|p2a: Staraptor|27/100
|-boost|p2a: Staraptor|spa|1
|
|upkeep
|turn|5
|inactive|NotThinkingVGC has 30 seconds left.
|inactive|PYS_Max2 has 30 seconds left.
|
|t:|1784040303
|move|p1b: Grimmsnarl|Parting Shot|p2b: Sinistcha
|-unboost|p2b: Sinistcha|atk|1
|-unboost|p2b: Sinistcha|spa|1
|
|t:|1784040306
|switch|p1b: Charizard|Charizard, L50, F|7/100|[from] Parting Shot
|move|p2a: Staraptor|Brave Bird|p1a: Venusaur
|-supereffective|p1a: Venusaur|1
|-damage|p1a: Venusaur|3/100
|-damage|p2a: Staraptor|1/100|[from] Recoil
|move|p1a: Venusaur|Sludge Bomb|p2a: Staraptor
|-damage|p2a: Staraptor|0 fnt
|faint|p2a: Staraptor
|-damage|p1a: Venusaur|0 fnt|[from] item: Life Orb
|faint|p1a: Venusaur
|move|p2b: Sinistcha|Trick Room|p2b: Sinistcha
|-fieldstart|move: Trick Room|[of] p2b: Sinistcha
|
|upkeep
|
|t:|1784040318
|switch|p1a: Grimmsnarl|Grimmsnarl, L50, M|3/100
|switch|p2a: Tyranitar|Tyranitar, L50, M|100/100
|-weather|Sandstorm|[from] ability: Sand Stream|[of] p2a: Tyranitar
|turn|6
|
|t:|1784040333
|detailschange|p1b: Charizard|Charizard-Mega-Y, L50, F
|-mega|p1b: Charizard|Charizard|Charizardite Y
|-weather|SunnyDay|[from] ability: Drought|[of] p1b: Charizard
|move|p1a: Grimmsnarl|Light Screen|p1a: Grimmsnarl
|-sidestart|p1: NotThinkingVGC|move: Light Screen
|move|p2b: Sinistcha|Matcha Gotcha|p1b: Charizard|[spread] p1a,p1b
|-resisted|p1b: Charizard|2
|-damage|p1a: Grimmsnarl|0 fnt
|-heal|p2b: Sinistcha|90/100|[from] drain|[of] p1a: Grimmsnarl
|-damage|p1b: Charizard|5/100
|-heal|p2b: Sinistcha|91/100|[from] drain|[of] p1b: Charizard
|faint|p1a: Grimmsnarl
|move|p2a: Tyranitar|Knock Off|p1b: Charizard
|-damage|p1b: Charizard|0 fnt
|faint|p1b: Charizard
|
|-weather|SunnyDay|[upkeep]
|upkeep
|c|☆NotThinkingVGC|ggs
|-message|NotThinkingVGC forfeited.
|
|win|PYS_Max2
|raw|NotThinkingVGC's rating: 1247 → 1230(-17 for losing)
|raw|PYS_Max2's rating: 1362 → 1376(+14 for winning)
