|j|☆enri07
|j|☆lakaka siuuu
|html|enri07lakaka siuuu    
|uhtml|bestof|Game 2 of a best-of-3
|t:|1782477748
|gametype|doubles
|player|p1|enri07|iris-gen5bw2|1208
|player|p2|lakaka siuuu|expert-gen6|1325
|gen|9
|tier|[Gen 9 Champions] VGC 2026 Reg M-B (Bo3)
|rated|
|rule|Species Clause: Limit one of each Pokémon
|rule|Item Clause: Limit 1 of each item
|clearpoke
|poke|p1|Raichu, L50, M|
|poke|p1|Pelipper, L50, F|
|poke|p1|Archaludon, L50, F|
|poke|p1|Swampert, L50, M|
|poke|p1|Grimmsnarl, L50, M|
|poke|p1|Scizor, L50, M|
|poke|p2|Floette-Eternal, L50, F|
|poke|p2|Sinistcha, L50|
|poke|p2|Incineroar, L50, M|
|poke|p2|Delphox, L50, M|
|poke|p2|Kingambit, L50, M|
|poke|p2|Sneasler, L50, M|
|teampreview|4
|showteam|p1|Raichu||RaichuniteX|LightningRod|RisingVoltage,VoltSwitch,FakeOut,Protect|Timid||M|||50|]Pelipper||SitrusBerry|Drizzle|WeatherBall,Hurricane,Tailwind,WideGuard|Modest||F|||50|]Archaludon||Leftovers|Stamina|DragonPulse,ElectroShot,FlashCannon,Protect|Modest||F|||50|]Swampert||Swampertite|Damp|WaveCrash,HighHorsepower,IcePunch,Protect|Adamant||M|||50|]Grimmsnarl||LightClay|Prankster|SpiritBreak,PartingShot,LightScreen,Reflect|Impish||M|||50|]Scizor||MetalCoat|Technician|BugBite,BulletPunch,CloseCombat,SwordsDance|Adamant||M|||50|
|showteam|p2|Floette-Eternal||Floettite|FlowerVeil|Moonblast,DazzlingGleam,CalmMind,Protect|Modest||F|||50|]Sinistcha||ColburBerry|Hospitality|MatchaGotcha,RagePowder,Protect,TrickRoom|Bold|||||50|]Incineroar||SitrusBerry|Intimidate|FlareBlitz,PartingShot,FakeOut,HelpingHand|Careful||M|||50|]Delphox||Delphoxite|Blaze|HeatWave,Psyshock,NastyPlot,Protect|Timid||M|||50|]Kingambit||BlackGlasses|Defiant|KowtowCleave,SuckerPunch,SwordsDance,Protect|Adamant||M|||50|]Sneasler||FocusSash|Unburden|CloseCombat,DireClaw,FakeOut,QuickGuard|Jolly||M|||50|
|inactive|Battle timer is ON: inactive players will automatically lose when time's up. (requested by enri07)
|c|☆lakaka siuuu|no hablo italiano
|inactive|lakaka siuuu has 60 seconds left.
|
|t:|1782477779
|teamsize|p1|4
|teamsize|p2|4
|start
|switch|p1a: Scizor|Scizor, L50, M|100/100
|switch|p1b: Raichu|Raichu, L50, M|100/100
|switch|p2a: Floette|Floette-Eternal, L50, F|100/100
|switch|p2b: Gradisce|Incineroar, L50, M|100/100
|-ability|p2b: Gradisce|Intimidate|boost
|-unboost|p1a: Scizor|atk|1
|-unboost|p1b: Raichu|atk|1
|turn|1
|inactive|lakaka siuuu has 30 seconds left.
|inactive|lakaka siuuu has 20 seconds left.
|inactive|lakaka siuuu has 15 seconds left.
|
|t:|1782477822
|switch|p2a: Apache Kid|Kingambit, L50, M|100/100
|detailschange|p1b: Raichu|Raichu-Mega-X, L50, M
|-mega|p1b: Raichu|Raichu|Raichunite X
|-fieldstart|move: Electric Terrain|[from] ability: Electric Surge|[of] p1b: Raichu
|move|p1b: Raichu|Fake Out|p2b: Gradisce
|-damage|p2b: Gradisce|94/100
|move|p1a: Scizor|Swords Dance|p1a: Scizor
|-boost|p1a: Scizor|atk|2
|cant|p2b: Gradisce|flinch
|
|upkeep
|turn|2
|inactive|enri07 has 30 seconds left.
|inactive|lakaka siuuu has 30 seconds left.
|inactive|lakaka siuuu has 20 seconds left.
|inactive|lakaka siuuu has 15 seconds left.
|
|t:|1782477866
|move|p2a: Apache Kid|Protect|p2a: Apache Kid
|-singleturn|p2a: Apache Kid|Protect
|move|p1b: Raichu|Volt Switch|p2a: Apache Kid
|-activate|p2a: Apache Kid|move: Protect
|move|p1a: Scizor|Close Combat|p2b: Gradisce
|-supereffective|p2b: Gradisce|1
|-damage|p2b: Gradisce|0 fnt
|-unboost|p1a: Scizor|def|1
|-unboost|p1a: Scizor|spd|1
|faint|p2b: Gradisce
|
|upkeep
|
|t:|1782477887
|switch|p2b: Il Conto?|Sinistcha, L50|100/100
|turn|3
|inactive|enri07 has 30 seconds left.
|
|t:|1782477913
|move|p2a: Apache Kid|Sucker Punch|p1a: Scizor
|-damage|p1a: Scizor|24/100
|move|p1b: Raichu|Rising Voltage|p2b: Il Conto?
|-hint|Rising Voltage's BP doubled on grounded target.
|-resisted|p2b: Il Conto?|1
|-damage|p2b: Il Conto?|71/100
|move|p2b: Il Conto?|Matcha Gotcha|p1a: Scizor|[spread] p1a,p1b
|-resisted|p1a: Scizor|2
|-damage|p1a: Scizor|14/100
|-heal|p2b: Il Conto?|76/100|[from] drain|[of] p1a: Scizor
|-damage|p1b: Raichu|69/100
|-heal|p2b: Il Conto?|91/100|[from] drain|[of] p1b: Raichu
|-status|p1a: Scizor|brn
|move|p1a: Scizor|Bug Bite|p2b: Il Conto?
|-damage|p2b: Il Conto?|60/100
|-enditem|p2b: Il Conto?|Colbur Berry|[from] stealeat|[move] Bug Bite|[of] p1a: Scizor
|
|-damage|p1a: Scizor|7/100 brn|[from] brn
|upkeep
|turn|4
|
|t:|1782477935
|switch|p1a: Archaludon|Archaludon, L50, F|100/100
|move|p1b: Raichu|Volt Switch|p2a: Apache Kid
|-damage|p2a: Apache Kid|72/100
|
|t:|1782477940
|switch|p1b: Pelipper|Pelipper, L50, F|100/100|[from] Volt Switch
|-weather|RainDance|[from] ability: Drizzle|[of] p1b: Pelipper
|move|p2b: Il Conto?|Matcha Gotcha|p1b: Pelipper|[spread] p1a,p1b
|-resisted|p1a: Archaludon|2
|-damage|p1a: Archaludon|93/100
|-heal|p2b: Il Conto?|63/100|[from] drain|[of] p1a: Archaludon
|-damage|p1b: Pelipper|63/100
|-heal|p2b: Il Conto?|79/100|[from] drain|[of] p1b: Pelipper
|-status|p1b: Pelipper|brn
|-ability|p1a: Archaludon|Stamina|boost
|-boost|p1a: Archaludon|def|1
|move|p2a: Apache Kid|Swords Dance|p2a: Apache Kid
|-boost|p2a: Apache Kid|atk|2
|
|-weather|RainDance|[upkeep]
|-heal|p1a: Archaludon|100/100|[from] item: Leftovers
|-damage|p1b: Pelipper|57/100 brn|[from] brn
|upkeep
|turn|5
|
|t:|1782477952
|move|p2a: Apache Kid|Protect|p2a: Apache Kid
|-singleturn|p2a: Apache Kid|Protect
|move|p1a: Archaludon|Electro Shot||[still]
|-prepare|p1a: Archaludon|Electro Shot
|-boost|p1a: Archaludon|spa|1
|-anim|p1a: Archaludon|Electro Shot|p2a: Apache Kid
|-activate|p2a: Apache Kid|move: Protect
|move|p1b: Pelipper|Tailwind|p1b: Pelipper
|-sidestart|p1: enri07|move: Tailwind
|move|p2b: Il Conto?|Trick Room|p2b: Il Conto?
|-fieldstart|move: Trick Room|[of] p2b: Il Conto?
|
|-weather|RainDance|[upkeep]
|-damage|p1b: Pelipper|51/100 brn|[from] brn
|-fieldend|move: Electric Terrain
|upkeep
|turn|6
|
|t:|1782477973
|move|p1b: Pelipper|Wide Guard|p1b: Pelipper
|-singleturn|p1b: Pelipper|Wide Guard
|move|p2b: Il Conto?|Rage Powder|p2b: Il Conto?
|-singleturn|p2b: Il Conto?|move: Rage Powder
|move|p2a: Apache Kid|Swords Dance|p2a: Apache Kid
|-boost|p2a: Apache Kid|atk|2
|move|p1a: Archaludon|Electro Shot||[still]
|-prepare|p1a: Archaludon|Electro Shot
|-boost|p1a: Archaludon|spa|1
|-anim|p1a: Archaludon|Electro Shot|p2b: Il Conto?
|-resisted|p2b: Il Conto?|1
|-damage|p2b: Il Conto?|46/100
|
|-weather|RainDance|[upkeep]
|-damage|p1b: Pelipper|45/100 brn|[from] brn
|upkeep
|-enditem|p1b: Pelipper|Sitrus Berry|[eat]
|-heal|p1b: Pelipper|70/100 brn|[from] item: Sitrus Berry
|turn|7
|inactive|lakaka siuuu has 30 seconds left.
|inactive|lakaka siuuu has 20 seconds left.
|
|t:|1782478011
|move|p2b: Il Conto?|Rage Powder|p2b: Il Conto?
|-singleturn|p2b: Il Conto?|move: Rage Powder
|move|p2a: Apache Kid|Kowtow Cleave|p1b: Pelipper
|-damage|p1b: Pelipper|0 fnt
|faint|p1b: Pelipper
|move|p1a: Archaludon|Dragon Pulse|p2b: Il Conto?
|-damage|p2b: Il Conto?|0 fnt
|faint|p2b: Il Conto?
|
|-weather|RainDance|[upkeep]
|upkeep
|
|t:|1782478022
|switch|p2b: Floette|Floette-Eternal, L50, F|100/100
|switch|p1b: Raichu|Raichu-Mega-X, L50, M|69/100
|-fieldstart|move: Electric Terrain|[from] ability: Electric Surge|[of] p1b: Raichu
|turn|8
|inactive|lakaka siuuu has 30 seconds left.
|inactive|lakaka siuuu has 20 seconds left.
|inactive|lakaka siuuu has 15 seconds left.
|inactive|lakaka siuuu has 10 seconds left.
|
|t:|1782478068
|detailschange|p2b: Floette|Floette-Mega, L50, F
|-mega|p2b: Floette|Floette|Floettite
|-ability|p2b: Floette|Fairy Aura
|move|p2a: Apache Kid|Protect|p2a: Apache Kid
|-singleturn|p2a: Apache Kid|Protect
|move|p2b: Floette|Protect|p2b: Floette
|-singleturn|p2b: Floette|Protect
|move|p1b: Raichu|Fake Out|p2a: Apache Kid
|-activate|p2a: Apache Kid|move: Protect
|move|p1a: Archaludon|Electro Shot||[still]
|-prepare|p1a: Archaludon|Electro Shot
|-boost|p1a: Archaludon|spa|1
|-anim|p1a: Archaludon|Electro Shot|p2b: Floette
|-activate|p2b: Floette|move: Protect
|
|-weather|none
|-sideend|p1: enri07|move: Tailwind
|upkeep
|turn|9
|
|t:|1782478090
|move|p1a: Archaludon|Protect|p1a: Archaludon
|-singleturn|p1a: Archaludon|Protect
|move|p1b: Raichu|Protect|p1b: Raichu
|-singleturn|p1b: Raichu|Protect
|move|p2a: Apache Kid|Kowtow Cleave|p1a: Archaludon
|-activate|p1a: Archaludon|move: Protect
|move|p2b: Floette|Dazzling Gleam|p1b: Raichu|[spread] 
|-activate|p1a: Archaludon|move: Protect
|-activate|p1b: Raichu|move: Protect
|
|-fieldend|move: Trick Room
|upkeep
|turn|10
|inactive|lakaka siuuu has 30 seconds left.
|inactive|lakaka siuuu has 20 seconds left.
|
|t:|1782478125
|move|p2a: Apache Kid|Sucker Punch|p1a: Archaludon
|-damage|p1a: Archaludon|32/100
|-ability|p1a: Archaludon|Stamina|boost
|-boost|p1a: Archaludon|def|1
|move|p1b: Raichu|Rising Voltage|p2a: Apache Kid
|-hint|Rising Voltage's BP doubled on grounded target.
|-damage|p2a: Apache Kid|19/100
|move|p2b: Floette|Dazzling Gleam|p1b: Raichu|[spread] p1a,p1b
|-damage|p1a: Archaludon|0 fnt
|-damage|p1b: Raichu|15/100
|faint|p1a: Archaludon
|
|upkeep
|
|t:|1782478136
|switch|p1a: Scizor|Scizor, L50, M|7/100 brn
|turn|11
|
|t:|1782478142
|move|p1a: Scizor|Bullet Punch|p2b: Floette
|-supereffective|p2b: Floette|1
|-damage|p2b: Floette|58/100
|move|p2a: Apache Kid|Sucker Punch|p1b: Raichu
|-damage|p1b: Raichu|0 fnt
|faint|p1b: Raichu
|move|p2b: Floette|Dazzling Gleam|p1a: Scizor
|-resisted|p1a: Scizor|1
|-damage|p1a: Scizor|0 fnt
|faint|p1a: Scizor
|
|win|lakaka siuuu
|raw|enri07's rating: 1208 → 1191(-17 for losing)
|raw|lakaka siuuu's rating: 1325 → 1339(+14 for winning)
|l|☆enri07
|player|p1|
