|j|☆BlackAshura
|j|☆Pingasman67
|html|BlackAshuraPingasman67    
|uhtml|bestof|Game 1 of a best-of-3
|t:|1783448217
|gametype|doubles
|player|p1|BlackAshura|samsonoak|1065
|player|p2|Pingasman67|170|1092
|gen|9
|tier|[Gen 9 Champions] VGC 2026 Reg M-B (Bo3)
|rated|
|rule|Species Clause: Limit one of each Pokémon
|rule|Item Clause: Limit 1 of each item
|clearpoke
|poke|p1|Metagross, L50, shiny|
|poke|p1|Kleavor, L50, M|
|poke|p1|Hydreigon, L50, F|
|poke|p1|Venusaur, L50, F, shiny|
|poke|p1|Simipour, L50, F, shiny|
|poke|p1|Talonflame, L50, F, shiny|
|poke|p2|Ninetales, L50, M|
|poke|p2|Pyroar, L50, M|
|poke|p2|Whimsicott, L50, M|
|poke|p2|Sylveon, L50, F|
|poke|p2|Metagross, L50|
|poke|p2|Garchomp, L50, F|
|teampreview|4
|showteam|p1|Metagross||Metagrossite|ClearBody|IronHead,PsychicFangs,IcePunch,Protect|Jolly|||||50|]Kleavor||ChoiceScarf|Sharpness|StoneAxe,CloseCombat,NightSlash,XScissor|Jolly||M|||50|]Hydreigon||LifeOrb|Levitate|DracoMeteor,DarkPulse,EarthPower,Protect|Timid||F|||50|]Venusaur||Venusaurite|Overgrow|GigaDrain,SludgeBomb,EarthPower,Protect|Modest||F|||50|]Simipour||FocusSash|Torrent|FakeOut,Scald,IceBeam,Protect|Timid||F|||50|]Talonflame||Charcoal|GaleWings|Overheat,Taunt,QuickGuard,Tailwind|Timid||F|||50|
|showteam|p2|Ninetales||ChoiceScarf|Drought|WeatherBall,HeatWave,SolarBeam,FakeTears|Timid||M|||50|]Pyroar||Pyroarite|Unnerve|HeatWave,SolarBeam,Overheat,Protect|Timid||M|||50|]Whimsicott||FocusSash|Prankster|Moonblast,SunnyDay,Tailwind,Protect|Timid||M|||50|]Sylveon||FairyFeather|Pixilate|HyperBeam,HyperVoice,QuickAttack,Detect|Modest||F|||50|]Metagross||Metagrossite|ClearBody|IronHead,PsychicFangs,BodyPress,Protect|Jolly|||||50|]Garchomp||LifeOrb|RoughSkin|StompingTantrum,RockSlide,DragonClaw,Protect|Jolly||F|||50|
|inactive|Battle timer is ON: inactive players will automatically lose when time's up. (requested by Pingasman67)
|
|t:|1783448292
|teamsize|p1|4
|teamsize|p2|4
|start
|switch|p1a: Talonflame|Talonflame, L50, F, shiny|100/100
|switch|p1b: Kleavor|Kleavor, L50, M|100/100
|switch|p2a: Whimsicott|Whimsicott, L50, M|100/100
|switch|p2b: Sylveon|Sylveon, L50, F|100/100
|turn|1
|inactive|BlackAshura has 30 seconds left.
|inactive|BlackAshura has 20 seconds left.
|inactive|BlackAshura has 15 seconds left.
|
|t:|1783448333
|move|p2a: Whimsicott|Tailwind|p2a: Whimsicott
|-sidestart|p2: Pingasman67|move: Tailwind
|move|p1b: Kleavor|Stone Axe|p2b: Sylveon
|-damage|p2b: Sylveon|34/100
|-sidestart|p2: Pingasman67|move: Stealth Rock
|move|p2b: Sylveon|Hyper Voice|p1b: Kleavor|[spread] p1a,p1b
|-resisted|p1a: Talonflame|1
|-damage|p1a: Talonflame|62/100
|-damage|p1b: Kleavor|24/100
|move|p1a: Talonflame|Taunt|p2a: Whimsicott
|-start|p2a: Whimsicott|move: Taunt
|
|upkeep
|turn|2
|inactive|BlackAshura has 30 seconds left.
|inactive|Pingasman67 has 30 seconds left.
|inactive|Pingasman67 has 20 seconds left.
|inactive|Pingasman67 has 15 seconds left.
|
|t:|1783448375
|switch|p1b: Metagross|Metagross, L50, shiny|100/100
|move|p2a: Whimsicott|Moonblast|p1a: Talonflame
|-resisted|p1a: Talonflame|1
|-damage|p1a: Talonflame|38/100
|-unboost|p1a: Talonflame|spa|1
|move|p2b: Sylveon|Hyper Voice|p1a: Talonflame|[spread] p1a,p1b
|-resisted|p1a: Talonflame|1
|-resisted|p1b: Metagross|1
|-damage|p1a: Talonflame|0 fnt
|-damage|p1b: Metagross|69/100
|faint|p1a: Talonflame
|
|upkeep
|
|t:|1783448393
|switch|p1a: Kleavor|Kleavor, L50, M|24/100
|turn|3
|
|t:|1783448416
|detailschange|p1b: Metagross|Metagross-Mega, L50, shiny
|-mega|p1b: Metagross|Metagross|Metagrossite
|move|p2a: Whimsicott|Moonblast|p1a: Kleavor
|-damage|p1a: Kleavor|0 fnt
|faint|p1a: Kleavor
|move|p2b: Sylveon|Hyper Beam|p1b: Metagross
|-resisted|p1b: Metagross|1
|-damage|p1b: Metagross|13/100
|-mustrecharge|p2b: Sylveon
|move|p1b: Metagross|Iron Head|p2b: Sylveon
|-supereffective|p2b: Sylveon|1
|-damage|p2b: Sylveon|0 fnt
|faint|p2b: Sylveon
|
|upkeep
|
|t:|1783448427
|switch|p1a: Hydreigon|Hydreigon, L50, F|100/100
|switch|p2b: Garchomp|Garchomp, L50, F|100/100
|-damage|p2b: Garchomp|94/100|[from] Stealth Rock
|turn|4
|
|t:|1783448437
|move|p1b: Metagross|Protect|p1b: Metagross
|-singleturn|p1b: Metagross|Protect
|move|p1a: Hydreigon|Protect|p1a: Hydreigon
|-singleturn|p1a: Hydreigon|Protect
|move|p2a: Whimsicott|Moonblast|p1a: Hydreigon
|-activate|p1a: Hydreigon|move: Protect
|move|p2b: Garchomp|Stomping Tantrum|p1b: Metagross
|-activate|p1b: Metagross|move: Protect
|
|-end|p2a: Whimsicott|move: Taunt
|-sideend|p2: Pingasman67|move: Tailwind
|upkeep
|turn|5
|
|t:|1783448455
|move|p1b: Metagross|Protect||[still]
|-fail|p1b: Metagross
|move|p2a: Whimsicott|Tailwind|p2a: Whimsicott
|-sidestart|p2: Pingasman67|move: Tailwind
|move|p2b: Garchomp|Stomping Tantrum|p1b: Metagross
|-supereffective|p1b: Metagross|1
|-damage|p1b: Metagross|0 fnt
|faint|p1b: Metagross
|-damage|p2b: Garchomp|84/100|[from] item: Life Orb
|move|p1a: Hydreigon|Draco Meteor|p2b: Garchomp
|-supereffective|p2b: Garchomp|1
|-damage|p2b: Garchomp|0 fnt
|-unboost|p1a: Hydreigon|spa|2
|faint|p2b: Garchomp
|-damage|p1a: Hydreigon|90/100|[from] item: Life Orb
|
|upkeep
|
|t:|1783448461
|switch|p2b: Pyroar|Pyroar, L50, M|100/100
|-ability|p2b: Pyroar|Unnerve
|-damage|p2b: Pyroar|75/100|[from] Stealth Rock
|turn|6
|-message|BlackAshura forfeited.
|
|win|Pingasman67
||Pingasman67 is ready for game 2.
||BlackAshura is ready for game 2.
|uhtml|next|Next: Game 2 of 3
|l|☆Pingasman67
|player|p2|
|l|☆BlackAshura
|player|p1|
|j|☆BlackAshura
|player|p1|BlackAshura|samsonoak|
