|j|☆KrAwXxX
|j|☆fookinraw42
|html|KrAwXxXfookinraw42    
|uhtml|bestof|Game 3 of a best-of-3
|t:|1756152373
|gametype|doubles
|player|p1|KrAwXxX|brycenman|1136
|player|p2|fookinraw42|flannery|1088
|gen|9
|tier|[Gen 9] VGC 2025 Reg H (Bo3)
|rated|
|rule|Species Clause: Limit one of each Pokémon
|rule|Item Clause: Limit 1 of each item
|clearpoke
|poke|p1|Pelipper, L50, M|
|poke|p1|Basculegion, L50, M|
|poke|p1|Archaludon, L50, F|
|poke|p1|Maushold-Four, L50|
|poke|p1|Sneasler, L50, M|
|poke|p1|Rillaboom, L50, M|
|poke|p2|Gholdengo, L50|
|poke|p2|Amoonguss, L50, F|
|poke|p2|Basculegion, L50, M|
|poke|p2|Incineroar, L50, F|
|poke|p2|Archaludon, L50, F|
|poke|p2|Pelipper, L50, F|
|teampreview|4
|showteam|p1|Pelipper||FocusSash|Drizzle|Protect,Tailwind,WeatherBall,Hurricane|||M|||50|,,,,,Stellar]Basculegion||ChoiceBand|SwiftSwim|AquaJet,FlipTurn,WaveCrash,LastRespects|||M|||50|,,,,,Water]Archaludon||AssaultVest|Stamina|BodyPress,ElectroShot,FlashCannon,DracoMeteor|||F|||50|,,,,,Grass]Maushold-Four||WideLens|FriendGuard|PopulationBomb,FollowMe,Taunt,Protect||||||50|,,,,,Ghost]Sneasler||GrassySeed|Unburden|CloseCombat,DireClaw,ThroatChop,Protect|||M|||50|,,,,,Dark]Rillaboom||MiracleSeed|GrassySurge|GrassyGlide,FakeOut,Uturn,KnockOff|||M|||50|,,,,,Grass
|showteam|p2|Gholdengo||LifeOrb|GoodasGold|MakeItRain,ShadowBall,NastyPlot,Protect||||||50|,,,,,Water]Amoonguss||SitrusBerry|Regenerator|Spore,RagePowder,PollenPuff,Protect|||F|||50|,,,,,Psychic]Basculegion||ChoiceBand|SwiftSwim|WaveCrash,FlipTurn,AquaJet,LastRespects|||M|||50|,,,,,Water]Incineroar||SafetyGoggles|Intimidate|KnockOff,PartingShot,WillOWisp,FakeOut|||F|||50|,,,,,Ghost]Archaludon||AssaultVest|Stamina|FlashCannon,DracoMeteor,ElectroShot,BodyPress|||F|||50|,,,,,Bug]Pelipper||CovertCloak|Drizzle|WeatherBall,Hurricane,Tailwind,Protect|||F|||50|,,,,,Dragon
|inactive|Battle timer is ON: inactive players will automatically lose when time's up. (requested by fookinraw42)
|inactive|KrAwXxX has 60 seconds left.
|inactive|fookinraw42 has 60 seconds left.
|
|t:|1756152414
|teamsize|p1|4
|teamsize|p2|4
|start
|switch|p1a: Pelipper|Pelipper, L50, M|100/100
|switch|p1b: Basculegion|Basculegion, L50, M|100/100
|switch|p2a: Amoonguss|Amoonguss, L50, F|100/100
|switch|p2b: Gholdengo|Gholdengo, L50|100/100
|-weather|RainDance|[from] ability: Drizzle|[of] p1a: Pelipper
|turn|1
|inactive|fookinraw42 has 30 seconds left.
|
|t:|1756152443
|-terastallize|p1b: Basculegion|Water
|-terastallize|p2a: Amoonguss|Psychic
|move|p1b: Basculegion|Last Respects|p2a: Amoonguss
|-supereffective|p2a: Amoonguss
|-damage|p2a: Amoonguss|38/100
|-enditem|p2a: Amoonguss|Sitrus Berry|[eat]
|-heal|p2a: Amoonguss|63/100|[from] item: Sitrus Berry
|move|p2b: Gholdengo|Nasty Plot|p2b: Gholdengo
|-boost|p2b: Gholdengo|spa|2
|move|p1a: Pelipper|Hurricane|p2a: Amoonguss
|-damage|p2a: Amoonguss|23/100
|-start|p2a: Amoonguss|confusion
|-activate|p2a: Amoonguss|confusion
|move|p2a: Amoonguss|Spore|p1b: Basculegion
|-status|p1b: Basculegion|slp|[from] move: Spore
|
|-weather|RainDance|[upkeep]
|upkeep
|turn|2
|inactive|KrAwXxX has 30 seconds left.
|inactive|fookinraw42 has 30 seconds left.
|
|t:|1756152478
|switch|p2a: Archaludon|Archaludon, L50, F|100/100
|cant|p1b: Basculegion|slp
|move|p2b: Gholdengo|Make It Rain|p1a: Pelipper|[spread] p1a,p1b
|-resisted|p1a: Pelipper
|-resisted|p1b: Basculegion
|-enditem|p1a: Pelipper|Focus Sash
|-damage|p1a: Pelipper|1/100
|-damage|p1b: Basculegion|30/100 slp
|-unboost|p2b: Gholdengo|spa|1
|-damage|p2b: Gholdengo|91/100|[from] item: Life Orb
|move|p1a: Pelipper|Weather Ball|p2a: Archaludon
|-resisted|p2a: Archaludon
|-crit|p2a: Archaludon
|-damage|p2a: Archaludon|65/100
|-ability|p2a: Archaludon|Stamina|boost
|-boost|p2a: Archaludon|def|1
|
|-weather|RainDance|[upkeep]
|upkeep
|turn|3
|inactive|KrAwXxX has 30 seconds left.
|inactive|fookinraw42 has 30 seconds left.
|
|t:|1756152506
|cant|p1b: Basculegion|slp
|move|p2b: Gholdengo|Make It Rain|p1b: Basculegion|[spread] p1a,p1b
|-resisted|p1a: Pelipper
|-resisted|p1b: Basculegion
|-damage|p1a: Pelipper|0 fnt
|-damage|p1b: Basculegion|0 fnt
|-unboost|p2b: Gholdengo|spa|1
|faint|p1a: Pelipper
|faint|p1b: Basculegion
|-damage|p2b: Gholdengo|82/100|[from] item: Life Orb
|move|p2a: Archaludon|Electro Shot||[still]
|-prepare|p2a: Archaludon|Electro Shot
|-boost|p2a: Archaludon|spa|1
|-anim|p2a: Archaludon|Electro Shot|p1: Pelipper|[notarget]
|-fail|p2a: Archaludon
|
|-weather|RainDance|[upkeep]
|upkeep
|
|t:|1756152510
|switch|p1b: Maushold|Maushold-Four, L50|100/100
|switch|p1a: Archaludon|Archaludon, L50, F|100/100
|turn|4
|
|t:|1756152531
|move|p1b: Maushold|Population Bomb|p1a: Archaludon
|-resisted|p1a: Archaludon
|-damage|p1a: Archaludon|99/100
|-ability|p1a: Archaludon|Stamina|boost
|-boost|p1a: Archaludon|def|1
|-resisted|p1a: Archaludon
|-damage|p1a: Archaludon|98/100
|-ability|p1a: Archaludon|Stamina|boost
|-boost|p1a: Archaludon|def|1
|-resisted|p1a: Archaludon
|-damage|p1a: Archaludon|97/100
|-ability|p1a: Archaludon|Stamina|boost
|-boost|p1a: Archaludon|def|1
|-resisted|p1a: Archaludon
|-damage|p1a: Archaludon|97/100
|-ability|p1a: Archaludon|Stamina|boost
|-boost|p1a: Archaludon|def|1
|-resisted|p1a: Archaludon
|-damage|p1a: Archaludon|96/100
|-ability|p1a: Archaludon|Stamina|boost
|-boost|p1a: Archaludon|def|1
|-resisted|p1a: Archaludon
|-damage|p1a: Archaludon|96/100
|-ability|p1a: Archaludon|Stamina|boost
|-boost|p1a: Archaludon|def|1
|-resisted|p1a: Archaludon
|-damage|p1a: Archaludon|95/100
|-resisted|p1a: Archaludon
|-damage|p1a: Archaludon|95/100
|-resisted|p1a: Archaludon
|-damage|p1a: Archaludon|94/100
|-resisted|p1a: Archaludon
|-damage|p1a: Archaludon|94/100
|-hitcount|p1a: Archaludon|10
|move|p2b: Gholdengo|Make It Rain|p1a: Archaludon|[spread] p1a,p1b
|-resisted|p1a: Archaludon
|-damage|p1a: Archaludon|80/100
|-damage|p1b: Maushold|29/100
|-unboost|p2b: Gholdengo|spa|1
|-damage|p2b: Gholdengo|72/100|[from] item: Life Orb
|move|p2a: Archaludon|Body Press|p1a: Archaludon
|-supereffective|p1a: Archaludon
|-damage|p1a: Archaludon|70/100
|move|p1a: Archaludon|Body Press|p2a: Archaludon
|-supereffective|p2a: Archaludon
|-damage|p2a: Archaludon|0 fnt
|faint|p2a: Archaludon
|
|-weather|RainDance|[upkeep]
|upkeep
|inactive|fookinraw42 has 30 seconds left.
|inactive|fookinraw42 has 20 seconds left.
|
|t:|1756152570
|switch|p2a: Basculegion|Basculegion, L50, M|100/100
|turn|5
|
|t:|1756152594
|move|p2a: Basculegion|Flip Turn|p1b: Maushold
|-damage|p1b: Maushold|0 fnt
|faint|p1b: Maushold
|
|t:|1756152598
|switch|p2a: Amoonguss|Amoonguss, L50, F, tera:Psychic|56/100|[from] Flip Turn
|move|p2b: Gholdengo|Nasty Plot|p2b: Gholdengo
|-boost|p2b: Gholdengo|spa|2
|move|p1a: Archaludon|Electro Shot||[still]
|-prepare|p1a: Archaludon|Electro Shot
|-boost|p1a: Archaludon|spa|1
|-anim|p1a: Archaludon|Electro Shot|p2a: Amoonguss
|-damage|p2a: Amoonguss|7/100
|
|-weather|none
|upkeep
|turn|6
|
|t:|1756152617
|move|p2b: Gholdengo|Shadow Ball|p1a: Archaludon
|-damage|p1a: Archaludon|20/100
|-damage|p2b: Gholdengo|63/100|[from] item: Life Orb
|move|p1a: Archaludon|Draco Meteor|p2b: Gholdengo|[miss]
|-miss|p1a: Archaludon|p2b: Gholdengo
|move|p2a: Amoonguss|Spore|p1a: Archaludon
|-status|p1a: Archaludon|slp|[from] move: Spore
|
|upkeep
|turn|7
|-message|KrAwXxX forfeited.
|
|win|fookinraw42
|raw|KrAwXxX's rating: 1136 → 1108(-28 for losing)
|raw|fookinraw42's rating: 1088 → 1118(+30 for winning)
|l|☆KrAwXxX
|player|p1|
|c|☆fookinraw42|je je
