|j|☆miike3o1fan
|j|☆smearglehater21
|html|miike3o1fansmearglehater21    
|uhtml|bestof|Game 2 of a best-of-3
|t:|1784759215
|gametype|doubles
|player|p1|miike3o1fan|n|1228
|player|p2|smearglehater21|nate|1185
|gen|9
|tier|[Gen 9 Champions] VGC 2026 Reg M-B (Bo3)
|rated|
|rule|Species Clause: Limit one of each Pokémon
|rule|Item Clause: Limit 1 of each item
|clearpoke
|poke|p1|Sceptile, L50, F|
|poke|p1|Talonflame, L50, F|
|poke|p1|Rotom-Wash, L50|
|poke|p1|Gholdengo, L50|
|poke|p1|Floette-Eternal, L50, F|
|poke|p1|Garchomp, L50, F|
|poke|p2|Kingambit, L50, F|
|poke|p2|Whimsicott, L50, M|
|poke|p2|Basculegion, L50, M|
|poke|p2|Garchomp, L50, F|
|poke|p2|Charizard, L50, M|
|poke|p2|Floette-Eternal, L50, F|
|teampreview|4
|showteam|p1|Sceptile||Sceptilite|Overgrow|EarthPower,EnergyBall,DragonPulse,Protect|Modest||F|||50|]Talonflame||SharpBeak|GaleWings|Tailwind,DualWingbeat,FlareBlitz,Protect|Jolly||F|||50|]Rotom-Wash||ChoiceScarf|Levitate|Discharge,HydroPump,ShadowBall,VoltSwitch|Modest|||||50|]Gholdengo||LifeOrb|GoodasGold|MakeItRain,ShadowBall,NastyPlot,Protect|Modest|||||50|]Floette-Eternal||Floettite|FlowerVeil|DazzlingGleam,Moonblast,LightofRuin,Protect|Modest||F|||50|]Garchomp||ExpertBelt|RoughSkin|Earthquake,DragonClaw,RockSlide,Protect|Jolly||F|||50|
|showteam|p2|Kingambit||ChopleBerry|Defiant|KowtowCleave,LowKick,SuckerPunch,IronHead|Adamant||F|||50|]Whimsicott||FocusSash|Prankster|Moonblast,Tailwind,Encore,Protect|Timid||M|||50|]Basculegion||MysticWater|Adaptability|WaveCrash,LastRespects,AquaJet,Protect|Adamant||M|||50|]Garchomp||LifeOrb|RoughSkin|DragonClaw,RockSlide,Earthquake,Protect|Jolly||F|||50|]Charizard||CharizarditeY|Blaze|WeatherBall,HeatWave,SolarBeam,Protect|Modest||M|||50|]Floette-Eternal||Floettite|FlowerVeil|Moonblast,DazzlingGleam,LightofRuin,Protect|Timid||F|||50|
|inactive|Battle timer is ON: inactive players will automatically lose when time's up. (requested by smearglehater21)
|
|t:|1784759228
|teamsize|p1|4
|teamsize|p2|4
|start
|switch|p1a: Talonflame|Talonflame, L50, F|100/100
|switch|p1b: Garchomp|Garchomp, L50, F|100/100
|switch|p2a: Floette|Floette-Eternal, L50, F|100/100
|switch|p2b: Whimsicott|Whimsicott, L50, M|100/100
|turn|1
|inactive|miike3o1fan has 30 seconds left.
|
|t:|1784759255
|detailschange|p2a: Floette|Floette-Mega, L50, F
|-mega|p2a: Floette|Floette|Floettite
|-ability|p2a: Floette|Fairy Aura
|move|p2b: Whimsicott|Protect|p2b: Whimsicott
|-singleturn|p2b: Whimsicott|Protect
|move|p1b: Garchomp|Protect|p1b: Garchomp
|-singleturn|p1b: Garchomp|Protect
|move|p1a: Talonflame|Dual Wingbeat|p2b: Whimsicott
|-activate|p2b: Whimsicott|move: Protect
|move|p2a: Floette|Dazzling Gleam|p1a: Talonflame|[spread] p1a
|-activate|p1b: Garchomp|move: Protect
|-resisted|p1a: Talonflame|1
|-damage|p1a: Talonflame|61/100
|
|upkeep
|turn|2
|
|t:|1784759277
|switch|p1b: Gholdengo|Gholdengo, L50|100/100
|move|p2b: Whimsicott|Tailwind|p2b: Whimsicott
|-sidestart|p2: smearglehater21|move: Tailwind
|move|p2a: Floette|Dazzling Gleam|p1b: Gholdengo|[spread] p1a,p1b
|-resisted|p1a: Talonflame|1
|-resisted|p1b: Gholdengo|1
|-damage|p1a: Talonflame|25/100
|-damage|p1b: Gholdengo|78/100
|move|p1a: Talonflame|Dual Wingbeat|p2b: Whimsicott|[miss]
|-miss|p1a: Talonflame|p2b: Whimsicott
|
|upkeep
|turn|3
|
|t:|1784759302
|move|p1a: Talonflame|Protect|p1a: Talonflame
|-singleturn|p1a: Talonflame|Protect
|move|p2b: Whimsicott|Moonblast|p1b: Gholdengo
|-resisted|p1b: Gholdengo|1
|-damage|p1b: Gholdengo|56/100
|move|p2a: Floette|Dazzling Gleam|p1b: Gholdengo|[spread] p1b
|-activate|p1a: Talonflame|move: Protect
|-resisted|p1b: Gholdengo|1
|-damage|p1b: Gholdengo|33/100
|move|p1b: Gholdengo|Shadow Ball|p2b: Whimsicott
|-enditem|p2b: Whimsicott|Focus Sash
|-damage|p2b: Whimsicott|1/100
|-damage|p1b: Gholdengo|23/100|[from] item: Life Orb
|
|upkeep
|turn|4
|
|t:|1784759325
|move|p2b: Whimsicott|Moonblast|p1b: Gholdengo
|-resisted|p1b: Gholdengo|1
|-damage|p1b: Gholdengo|2/100
|move|p2a: Floette|Dazzling Gleam|p1a: Talonflame|[spread] p1a,p1b
|-resisted|p1a: Talonflame|1
|-resisted|p1b: Gholdengo|1
|-damage|p1a: Talonflame|0 fnt
|-damage|p1b: Gholdengo|0 fnt
|faint|p1a: Talonflame
|faint|p1b: Gholdengo
|
|upkeep
|
|t:|1784759331
|switch|p1a: Floette|Floette-Eternal, L50, F|100/100
|switch|p1b: Garchomp|Garchomp, L50, F|100/100
|turn|5
|
|t:|1784759341
|detailschange|p1a: Floette|Floette-Mega, L50, F
|-mega|p1a: Floette|Floette|Floettite
|-ability|p1a: Floette|Fairy Aura
|move|p1b: Garchomp|Protect|p1b: Garchomp
|-singleturn|p1b: Garchomp|Protect
|move|p2b: Whimsicott|Moonblast|p1a: Floette
|-crit|p1a: Floette
|-damage|p1a: Floette|46/100
|move|p2a: Floette|Dazzling Gleam|p1a: Floette|[spread] p1a
|-activate|p1b: Garchomp|move: Protect
|-damage|p1a: Floette|13/100
|move|p1a: Floette|Dazzling Gleam|p2b: Whimsicott|[spread] p2a,p2b
|-damage|p2a: Floette|58/100
|-damage|p2b: Whimsicott|0 fnt
|faint|p2b: Whimsicott
|
|-sideend|p2: smearglehater21|move: Tailwind
|upkeep
|
|t:|1784759357
|switch|p2b: Basculegion|Basculegion, L50, M|100/100
|turn|6
|
|t:|1784759367
|move|p2b: Basculegion|Aqua Jet|p1a: Floette
|-damage|p1a: Floette|0 fnt
|faint|p1a: Floette
|move|p2a: Floette|Moonblast|p1b: Garchomp
|-supereffective|p1b: Garchomp|1
|-damage|p1b: Garchomp|0 fnt
|faint|p1b: Garchomp
|
|win|smearglehater21
|raw|miike3o1fan's rating: 1228 → 1200(-28 for losing)
|raw|smearglehater21's rating: 1185 → 1213(+28 for winning)
