|j|☆redvelvetash
|j|☆lolgz
|html|redvelvetashlolgz    
|uhtml|bestof|Game 1 of a best-of-3
|t:|1784843475
|gametype|doubles
|player|p1|redvelvetash|lance|1136
|player|p2|lolgz|dawn|1207
|gen|9
|tier|[Gen 9 Champions] VGC 2026 Reg M-B (Bo3)
|rated|
|rule|Species Clause: Limit one of each Pokémon
|rule|Item Clause: Limit 1 of each item
|clearpoke
|poke|p1|Kangaskhan, L50, F|
|poke|p1|Farigiraf, L50, M|
|poke|p1|Torkoal, L50, F|
|poke|p1|Aerodactyl, L50, M|
|poke|p1|Abomasnow, L50, F|
|poke|p1|Kingambit, L50, F|
|poke|p2|Blastoise, L50, M|
|poke|p2|Vivillon, L50, M|
|poke|p2|Farigiraf, L50, F|
|poke|p2|Gallade, L50, M|
|poke|p2|Kingambit, L50, F|
|poke|p2|Camerupt, L50, M|
|teampreview|4
|showteam|p1|Kangaskhan||Kangaskhanite|Scrappy|FakeOut,DoubleEdge,BrickBreak,SuckerPunch|Brave||F|||50|]Farigiraf||SitrusBerry|ArmorTail|TrickRoom,HelpingHand,TwinBeam,HyperVoice|Relaxed||M|||50|]Torkoal||LifeOrb|Drought|HeatWave,EarthPower,SolarBeam,Protect|Quiet||F|||50|]Aerodactyl||Aerodactylite|Unnerve|DualWingbeat,RockSlide,Taunt,IceFang|Adamant||M|||50|]Abomasnow||Abomasite|SnowWarning|EnergyBall,Blizzard,IceShard,Protect|Modest||F|||50|]Kingambit||BlackGlasses|Defiant|KowtowCleave,SuckerPunch,IronHead,Protect|Brave||F|||50|
|showteam|p2|Blastoise||Blastoisinite|Torrent|WaterSpout,DarkPulse,FakeOut,ShellSmash|Modest||M|||50|]Vivillon||ChoiceScarf|CompoundEyes|SleepPowder,RagePowder,Tailwind,Hurricane|Timid||M|||50|]Farigiraf||SitrusBerry|ArmorTail|TrickRoom,Psychic,HelpingHand,Protect|Relaxed||F|||50|]Gallade||IronBall|Sharpness|SacredSword,PsychoCut,LeafBlade,TrickRoom|Brave||M|||50|]Kingambit||BlackGlasses|Defiant|SuckerPunch,KowtowCleave,IronHead,Protect|Brave||F|||50|]Camerupt||Cameruptite|MagmaArmor|HeatWave,EarthPower,AncientPower,Protect|Quiet||M|||50|
|inactive|Battle timer is ON: inactive players will automatically lose when time's up. (requested by lolgz)
|inactive|redvelvetash has 60 seconds left.
|inactive|lolgz has 60 seconds left.
|
|t:|1784843514
|teamsize|p1|4
|teamsize|p2|4
|start
|switch|p1a: Farigiraf|Farigiraf, L50, M|100/100
|switch|p1b: Kangaskhan|Kangaskhan, L50, F|100/100
|switch|p2a: Vivillon|Vivillon, L50, M|100/100
|switch|p2b: Blastoise|Blastoise, L50, M|100/100
|turn|1
|inactive|lolgz has 30 seconds left.
|
|t:|1784843548
|detailschange|p2b: Blastoise|Blastoise-Mega, L50, M
|-mega|p2b: Blastoise|Blastoise|Blastoisinite
|move|p2b: Blastoise|Fake Out||[still]
|cant|p1a: Farigiraf|ability: Armor Tail|Fake Out|[of] p2b: Blastoise
|move|p1b: Kangaskhan|Fake Out|p2a: Vivillon
|-damage|p2a: Vivillon|66/100
|cant|p2a: Vivillon|flinch
|move|p1a: Farigiraf|Trick Room|p1a: Farigiraf
|-fieldstart|move: Trick Room|[of] p1a: Farigiraf
|
|upkeep
|turn|2
|inactive|redvelvetash has 30 seconds left.
|
|t:|1784843580
|move|p2a: Vivillon|Rage Powder|p2a: Vivillon
|-singleturn|p2a: Vivillon|move: Rage Powder
|move|p1a: Farigiraf|Twin Beam|p2a: Vivillon
|-damage|p2a: Vivillon|34/100
|-damage|p2a: Vivillon|3/100
|-hitcount|p2a: Vivillon|2
|move|p1b: Kangaskhan|Double-Edge|p2a: Vivillon
|-damage|p2a: Vivillon|0 fnt
|faint|p2a: Vivillon
|-damage|p1b: Kangaskhan|98/100|[from] Recoil
|move|p2b: Blastoise|Water Spout|p1a: Farigiraf|[spread] p1a,p1b
|-damage|p1a: Farigiraf|44/100
|-damage|p1b: Kangaskhan|26/100
|-enditem|p1a: Farigiraf|Sitrus Berry|[eat]
|-heal|p1a: Farigiraf|69/100|[from] item: Sitrus Berry
|
|upkeep
|inactive|lolgz has 30 seconds left.
|inactive|lolgz has 20 seconds left.
|
|t:|1784843617
|switch|p2a: Gallade|Gallade, L50, M|100/100
|turn|3
|
|t:|1784843637
|move|p1a: Farigiraf|Helping Hand|p1b: Kangaskhan
|-singleturn|p1b: Kangaskhan|Helping Hand|[of] p1a: Farigiraf
|move|p2a: Gallade|Sacred Sword|p1b: Kangaskhan
|-supereffective|p1b: Kangaskhan|1
|-damage|p1b: Kangaskhan|0 fnt
|faint|p1b: Kangaskhan
|move|p2b: Blastoise|Dark Pulse|p1a: Farigiraf
|-supereffective|p1a: Farigiraf|1
|-damage|p1a: Farigiraf|0 fnt
|faint|p1a: Farigiraf
|
|upkeep
|
|t:|1784843648
|switch|p1a: Torkoal|Torkoal, L50, F|100/100
|switch|p1b: Abomasnow|Abomasnow, L50, F|100/100
|-weather|SunnyDay|[from] ability: Drought|[of] p1a: Torkoal
|-weather|Snowscape|[from] ability: Snow Warning|[of] p1b: Abomasnow
|turn|4
|inactive|lolgz has 30 seconds left.
|
|t:|1784843678
|detailschange|p1b: Abomasnow|Abomasnow-Mega, L50, F
|-mega|p1b: Abomasnow|Abomasnow|Abomasite
|move|p1a: Torkoal|Heat Wave|p2b: Blastoise|[spread] p2a,p2b
|-resisted|p2b: Blastoise|1
|-damage|p2a: Gallade|65/100
|-damage|p2b: Blastoise|81/100
|-damage|p1a: Torkoal|90/100|[from] item: Life Orb
|move|p2a: Gallade|Sacred Sword|p1a: Torkoal
|-damage|p1a: Torkoal|33/100
|move|p1b: Abomasnow|Energy Ball|p2b: Blastoise
|-supereffective|p2b: Blastoise|1
|-damage|p2b: Blastoise|0 fnt
|faint|p2b: Blastoise
|
|-weather|Snowscape|[upkeep]
|upkeep
|
|t:|1784843691
|switch|p2b: Farigiraf|Farigiraf, L50, F|100/100
|turn|5
|
|t:|1784843706
|move|p1a: Torkoal|Heat Wave|p2b: Farigiraf|[spread] p2a,p2b
|-damage|p2a: Gallade|30/100
|-damage|p2b: Farigiraf|65/100
|-damage|p1a: Torkoal|23/100|[from] item: Life Orb
|move|p2a: Gallade|Sacred Sword|p1b: Abomasnow
|-supereffective|p1b: Abomasnow|1
|-damage|p1b: Abomasnow|7/100
|move|p1b: Abomasnow|Blizzard|p2a: Gallade|[spread] p2a,p2b
|-damage|p2a: Gallade|0 fnt
|-damage|p2b: Farigiraf|24/100
|-enditem|p2b: Farigiraf|Sitrus Berry|[eat]
|-heal|p2b: Farigiraf|48/100|[from] item: Sitrus Berry
|faint|p2a: Gallade
|move|p2b: Farigiraf|Psychic|p1a: Torkoal
|-damage|p1a: Torkoal|0 fnt
|faint|p1a: Torkoal
|
|-weather|Snowscape|[upkeep]
|-fieldend|move: Trick Room
|upkeep
|turn|6
|
|t:|1784843729
|move|p1b: Abomasnow|Protect|p1b: Abomasnow
|-singleturn|p1b: Abomasnow|Protect
|move|p2b: Farigiraf|Psychic|p1b: Abomasnow
|-activate|p1b: Abomasnow|move: Protect
|
|-weather|Snowscape|[upkeep]
|upkeep
|turn|7
|
|t:|1784843736
|move|p1b: Abomasnow|Ice Shard||[still]
|cant|p2b: Farigiraf|ability: Armor Tail|Ice Shard|[of] p1b: Abomasnow
|move|p2b: Farigiraf|Psychic|p1b: Abomasnow
|-damage|p1b: Abomasnow|0 fnt
|faint|p1b: Abomasnow
|
|win|lolgz
