|j|☆antopeizYZ
|j|☆lucasmalt
|html|antopeizYZlucasmalt    
|uhtml|bestof|Game 1 of a best-of-3
|t:|1785432377
|gametype|doubles
|player|p1|antopeizYZ|hilda|1253
|player|p2|lucasmalt|2|1357
|gen|9
|tier|[Gen 9 Champions] VGC 2026 Reg M-B (Bo3)
|rated|
|rule|Species Clause: Limit one of each Pokémon
|rule|Item Clause: Limit 1 of each item
|clearpoke
|poke|p1|Hatterene, L50, F, shiny|
|poke|p1|Farigiraf, L50, M|
|poke|p1|Camerupt, L50, F|
|poke|p1|Grimmsnarl, L50, M, shiny|
|poke|p1|Conkeldurr, L50, M|
|poke|p1|Ceruledge, L50, F|
|poke|p2|Tyranitar, L50, M, shiny|
|poke|p2|Excadrill, L50, M, shiny|
|poke|p2|Gholdengo, L50|
|poke|p2|Sinistcha, L50, shiny|
|poke|p2|Milotic, L50, M, shiny|
|poke|p2|Staraptor, L50, M, shiny|
|teampreview|4
|showteam|p1|Hatterene||LifeOrb|MagicBounce|DazzlingGleam,TrickRoom,Psychic,Protect|Quiet||F|||50|]Farigiraf||SitrusBerry|ArmorTail|TrickRoom,HelpingHand,TwinBeam,Protect|Relaxed||M|||50|]Camerupt||Cameruptite|SolidRock|AncientPower,HeatWave,EarthPower,Protect|Quiet||F|||50|]Grimmsnarl||LightClay|Prankster|SpiritBreak,Reflect,LightScreen,PartingShot|Sassy||M|||50|]Conkeldurr||RoseliBerry|IronFist|DrainPunch,IcePunch,ThunderPunch,Protect|Adamant||M|||50|]Ceruledge||FocusSash|FlashFire|BitterBlade,CloseCombat,Poltergeist,SunnyDay|Adamant||F|||50|
|showteam|p2|Tyranitar||Tyranitarite|SandStream|RockSlide,KnockOff,LowKick,Protect|Adamant||M|||50|]Excadrill||FocusSash|SandRush|IronHead,HighHorsepower,RockSlide,Protect|Adamant||M|||50|]Gholdengo||LifeOrb|GoodasGold|ShadowBall,MakeItRain,NastyPlot,Protect|Modest|||||50|]Sinistcha||ColburBerry|Hospitality|MatchaGotcha,RagePowder,TrickRoom,Protect|Bold|||||50|]Milotic||SitrusBerry|Competitive|Scald,IceBeam,Recover,Protect|Modest||M|||50|]Staraptor||Staraptite|Intimidate|BraveBird,CloseCombat,Tailwind,Protect|Jolly||M|||50|
|inactive|Battle timer is ON: inactive players will automatically lose when time's up. (requested by antopeizYZ)
|inactive|antopeizYZ has 60 seconds left.
|inactive|lucasmalt has 60 seconds left.
|
|t:|1785432431
|teamsize|p1|4
|teamsize|p2|4
|start
|switch|p1a: Hatterene|Hatterene, L50, F, shiny|100/100
|switch|p1b: Conkeldurr|Conkeldurr, L50, M|100/100
|switch|p2a: Tyranitar|Tyranitar, L50, M, shiny|100/100
|switch|p2b: Milotic|Milotic, L50, M, shiny|100/100
|-weather|Sandstorm|[from] ability: Sand Stream|[of] p2a: Tyranitar
|turn|1
|
|t:|1785432445
|switch|p2a: Sinistcha|Sinistcha, L50, shiny|100/100
|move|p2b: Milotic|Scald|p1b: Conkeldurr
|-damage|p1b: Conkeldurr|64/100
|-status|p1b: Conkeldurr|brn
|move|p1b: Conkeldurr|Drain Punch|p2a: Sinistcha
|-immune|p2a: Sinistcha
|move|p1a: Hatterene|Trick Room|p1a: Hatterene
|-fieldstart|move: Trick Room|[of] p1a: Hatterene
|
|-weather|Sandstorm|[upkeep]
|-damage|p1a: Hatterene|93/100|[from] Sandstorm
|-damage|p1b: Conkeldurr|58/100 brn|[from] Sandstorm
|-damage|p2a: Sinistcha|93/100|[from] Sandstorm
|-damage|p2b: Milotic|94/100|[from] Sandstorm
|-damage|p1b: Conkeldurr|51/100 brn|[from] brn
|upkeep
|turn|2
|
|t:|1785432464
|move|p1a: Hatterene|Dazzling Gleam|p2b: Milotic|[spread] p2a,p2b
|-damage|p2a: Sinistcha|47/100
|-damage|p2b: Milotic|61/100
|-damage|p1a: Hatterene|84/100|[from] item: Life Orb
|move|p1b: Conkeldurr|Ice Punch|p2a: Sinistcha
|-supereffective|p2a: Sinistcha|1
|-damage|p2a: Sinistcha|15/100
|move|p2a: Sinistcha|Matcha Gotcha|p1a: Hatterene|[spread] p1a,p1b
|-damage|p1a: Hatterene|59/100
|-heal|p2a: Sinistcha|26/100|[from] drain|[of] p1a: Hatterene
|-damage|p1b: Conkeldurr|25/100 brn
|-heal|p2a: Sinistcha|42/100|[from] drain|[of] p1b: Conkeldurr
|move|p2b: Milotic|Scald|p1a: Hatterene
|-damage|p1a: Hatterene|26/100
|
|-weather|Sandstorm|[upkeep]
|-damage|p1a: Hatterene|20/100y|[from] Sandstorm
|-damage|p1b: Conkeldurr|18/100 brn|[from] Sandstorm
|-damage|p2a: Sinistcha|36/100|[from] Sandstorm
|-damage|p2b: Milotic|55/100|[from] Sandstorm
|-damage|p1b: Conkeldurr|12/100 brn|[from] brn
|upkeep
|turn|3
|inactive|lucasmalt has 30 seconds left.
|
|t:|1785432489
|move|p2a: Sinistcha|Protect|p2a: Sinistcha
|-singleturn|p2a: Sinistcha|Protect
|move|p1a: Hatterene|Dazzling Gleam|p2a: Sinistcha|[spread] p2b
|-activate|p2a: Sinistcha|move: Protect
|-damage|p2b: Milotic|22/100
|-enditem|p2b: Milotic|Sitrus Berry|[eat]
|-heal|p2b: Milotic|47/100|[from] item: Sitrus Berry
|-damage|p1a: Hatterene|10/100|[from] item: Life Orb
|move|p1b: Conkeldurr|Drain Punch|p2b: Milotic
|-damage|p2b: Milotic|21/100
|-heal|p1b: Conkeldurr|25/100 brn|[from] drain|[of] p2b: Milotic
|move|p2b: Milotic|Scald|p1a: Hatterene
|-damage|p1a: Hatterene|0 fnt
|faint|p1a: Hatterene
|
|-weather|Sandstorm|[upkeep]
|-damage|p1b: Conkeldurr|19/100 brn|[from] Sandstorm
|-damage|p2a: Sinistcha|30/100|[from] Sandstorm
|-damage|p2b: Milotic|15/100|[from] Sandstorm
|-damage|p1b: Conkeldurr|13/100 brn|[from] brn
|upkeep
|
|t:|1785432509
|switch|p1a: Camerupt|Camerupt, L50, F|100/100
|turn|4
|
|t:|1785432527
|detailschange|p1a: Camerupt|Camerupt-Mega, L50, F
|-mega|p1a: Camerupt|Camerupt|Cameruptite
|move|p2b: Milotic|Protect|p2b: Milotic
|-singleturn|p2b: Milotic|Protect
|move|p1a: Camerupt|Earth Power|p2a: Sinistcha
|-resisted|p2a: Sinistcha|1
|-damage|p2a: Sinistcha|0 fnt
|faint|p2a: Sinistcha
|move|p1b: Conkeldurr|Drain Punch|p2b: Milotic
|-activate|p2b: Milotic|move: Protect
|
|-weather|Sandstorm|[upkeep]
|-damage|p1b: Conkeldurr|7/100 brn|[from] Sandstorm
|-damage|p2b: Milotic|9/100|[from] Sandstorm
|-damage|p1b: Conkeldurr|1/100 brn|[from] brn
|upkeep
|
|t:|1785432544
|switch|p2a: Excadrill|Excadrill, L50, M, shiny|100/100
|turn|5
|inactive|antopeizYZ has 30 seconds left.
|inactive|lucasmalt has 30 seconds left.
|
|t:|1785432579
|switch|p1a: Farigiraf|Farigiraf, L50, M|100/100
|move|p2b: Milotic|Protect||[still]
|-fail|p2b: Milotic
|move|p2a: Excadrill|Protect|p2a: Excadrill
|-singleturn|p2a: Excadrill|Protect
|move|p1b: Conkeldurr|Drain Punch|p2b: Milotic
|-damage|p2b: Milotic|0 fnt
|-heal|p1b: Conkeldurr|5/100 brn|[from] drain|[of] p2b: Milotic
|faint|p2b: Milotic
|
|-weather|none
|-damage|p1b: Conkeldurr|0 fnt|[from] brn
|faint|p1b: Conkeldurr
|-fieldend|move: Trick Room
|upkeep
|
|t:|1785432592
|switch|p2b: Tyranitar|Tyranitar, L50, M, shiny|100/100
|switch|p1b: Camerupt|Camerupt-Mega, L50, F|100/100
|-weather|Sandstorm|[from] ability: Sand Stream|[of] p2b: Tyranitar
|turn|6
|
|t:|1785432613
|detailschange|p2b: Tyranitar|Tyranitar-Mega, L50, M, shiny
|-mega|p2b: Tyranitar|Tyranitar|Tyranitarite
|move|p2a: Excadrill|Rock Slide|p1b: Camerupt|[spread] p1a,p1b
|-damage|p1a: Farigiraf|83/100
|-damage|p1b: Camerupt|77/100
|move|p2b: Tyranitar|Knock Off|p1a: Farigiraf
|-supereffective|p1a: Farigiraf|1
|-damage|p1a: Farigiraf|0 fnt
|-enditem|p1a: Farigiraf|Sitrus Berry|[from] move: Knock Off|[of] p2b: Tyranitar
|faint|p1a: Farigiraf
|move|p1b: Camerupt|Earth Power|p2b: Tyranitar
|-supereffective|p2b: Tyranitar|1
|-damage|p2b: Tyranitar|18/100
|
|-weather|Sandstorm|[upkeep]
|upkeep
|turn|7
|
|t:|1785432628
|move|p2a: Excadrill|High Horsepower|p1b: Camerupt
|-supereffective|p1b: Camerupt|1
|-damage|p1b: Camerupt|0 fnt
|faint|p1b: Camerupt
|
|win|lucasmalt
||antopeizYZ is ready for game 2.
