|j|☆ClumbsyLilBeach
|j|☆marcosdeltasena31
|html|ClumbsyLilBeachmarcosdeltasena31    
|uhtml|bestof|Game 2 of a best-of-3
|t:|1785973364
|gametype|doubles
|player|p1|ClumbsyLilBeach|jasmine|1191
|player|p2|marcosdeltasena31|hilbert|1176
|gen|9
|tier|[Gen 9 Champions] VGC 2026 Reg M-B (Bo3)
|rated|
|rule|Species Clause: Limit one of each Pokémon
|rule|Item Clause: Limit 1 of each item
|clearpoke
|poke|p1|Charizard, L50, F|
|poke|p1|Pelipper, L50, F|
|poke|p1|Gliscor, L50, F, shiny|
|poke|p1|Talonflame, L50, F|
|poke|p1|Corviknight, L50, F|
|poke|p1|Staraptor, L50, M|
|poke|p2|Charizard, L50, M, shiny|
|poke|p2|Raichu, L50, F|
|poke|p2|Basculegion, L50, M|
|poke|p2|Whimsicott, L50, F|
|poke|p2|Garchomp, L50, M|
|poke|p2|Kingambit, L50, F|
|teampreview|4
|showteam|p1|Charizard||CharizarditeY|Blaze|Protect,WeatherBall,HeatWave,SolarBeam|Modest||F|||50|]Pelipper||SitrusBerry|Drizzle|WideGuard,Hurricane,Tailwind,WeatherBall|Modest||F|||50|]Gliscor||ChoiceScarf|HyperCutter|Earthquake,RockSlide,Uturn,IceFang|Jolly||F|||50|]Talonflame||FocusSash|GaleWings|AirSlash,Tailwind,QuickGuard,FeatherDance|Timid||F|||50|]Corviknight||Leftovers|MirrorArmor|Taunt,IronHead,BulkUp,Protect|Adamant||F|||50|]Staraptor||Staraptite|Intimidate|CloseCombat,Roost,BraveBird,Protect|Jolly||M|||50|
|showteam|p2|Charizard||CharizarditeY|Blaze|HeatWave,WeatherBall,SolarBeam,Protect|Modest||M|||50|]Raichu||RaichuniteY|LightningRod|ZapCannon,FocusBlast,FakeOut,Protect|Timid||F|||50|]Basculegion||MysticWater|Adaptability|WaveCrash,LastRespects,AquaJet,Protect|Adamant||M|||50|]Whimsicott||FocusSash|Prankster|Moonblast,Tailwind,Encore,Protect|Timid||F|||50|]Garchomp||LifeOrb|RoughSkin|RockSlide,DragonClaw,Earthquake,Protect|Jolly||M|||50|]Kingambit||ChopleBerry|Defiant|KowtowCleave,IronHead,SuckerPunch,LowKick|Adamant||F|||50|
|inactive|Battle timer is ON: inactive players will automatically lose when time's up. (requested by ClumbsyLilBeach)
|
|t:|1785973373
|teamsize|p1|4
|teamsize|p2|4
|start
|switch|p1a: Talonflame|Talonflame, L50, F|100/100
|switch|p1b: Gliscor|Gliscor, L50, F, shiny|100/100
|switch|p2a: Basculegion|Basculegion, L50, M|100/100
|switch|p2b: Whimsicott|Whimsicott, L50, F|100/100
|turn|1
|
|t:|1785973396
|switch|p1b: Staraptor|Staraptor, L50, M|100/100
|-ability|p1b: Staraptor|Intimidate|boost
|-unboost|p2a: Basculegion|atk|1
|-unboost|p2b: Whimsicott|atk|1
|move|p1a: Talonflame|Feather Dance|p2a: Basculegion
|-unboost|p2a: Basculegion|atk|2
|move|p2b: Whimsicott|Tailwind|p2b: Whimsicott
|-sidestart|p2: marcosdeltasena31|move: Tailwind
|move|p2a: Basculegion|Wave Crash|p1b: Staraptor
|-damage|p1b: Staraptor|51/100
|-damage|p2a: Basculegion|84/100|[from] Recoil
|
|upkeep
|turn|2
|inactive|ClumbsyLilBeach has 30 seconds left.
|
|t:|1785973426
|move|p1b: Staraptor|Protect|p1b: Staraptor
|-singleturn|p1b: Staraptor|Protect
|move|p1a: Talonflame|Air Slash|p2b: Whimsicott
|-supereffective|p2b: Whimsicott|1
|-damage|p2b: Whimsicott|12/100
|move|p2b: Whimsicott|Moonblast|p1b: Staraptor
|-activate|p1b: Staraptor|move: Protect
|move|p2a: Basculegion|Wave Crash|p1a: Talonflame
|-supereffective|p1a: Talonflame|1
|-enditem|p1a: Talonflame|Focus Sash
|-damage|p1a: Talonflame|1/100
|-damage|p2a: Basculegion|58/100|[from] Recoil
|
|upkeep
|turn|3
|inactive|marcosdeltasena31 has 30 seconds left.
|
|t:|1785973456
|switch|p1b: Pelipper|Pelipper, L50, F|100/100
|-weather|RainDance|[from] ability: Drizzle|[of] p1b: Pelipper
|move|p2b: Whimsicott|Moonblast|p1b: Pelipper
|-damage|p1b: Pelipper|58/100
|-unboost|p1b: Pelipper|spa|1
|move|p2a: Basculegion|Wave Crash|p1a: Talonflame
|-supereffective|p1a: Talonflame|1
|-damage|p1a: Talonflame|0 fnt
|faint|p1a: Talonflame
|-damage|p2a: Basculegion|57/100|[from] Recoil
|
|-weather|RainDance|[upkeep]
|upkeep
|
|t:|1785973475
|switch|p1a: Staraptor|Staraptor, L50, M|51/100
|-ability|p1a: Staraptor|Intimidate|boost
|-unboost|p2a: Basculegion|atk|1
|-unboost|p2b: Whimsicott|atk|1
|turn|4
|
|t:|1785973493
|detailschange|p1a: Staraptor|Staraptor-Mega, L50, M
|-mega|p1a: Staraptor|Staraptor|Staraptite
|move|p2b: Whimsicott|Moonblast|p1a: Staraptor
|-supereffective|p1a: Staraptor|1
|-damage|p1a: Staraptor|0 fnt
|faint|p1a: Staraptor
|move|p2a: Basculegion|Wave Crash|p1b: Pelipper
|-resisted|p1b: Pelipper|1
|-damage|p1b: Pelipper|29/100
|-enditem|p1b: Pelipper|Sitrus Berry|[eat]
|-heal|p1b: Pelipper|54/100|[from] item: Sitrus Berry
|-damage|p2a: Basculegion|50/100g|[from] Recoil
|move|p1b: Pelipper|Hurricane|p2b: Whimsicott
|-supereffective|p2b: Whimsicott|1
|-damage|p2b: Whimsicott|0 fnt
|faint|p2b: Whimsicott
|
|-weather|RainDance|[upkeep]
|-sideend|p2: marcosdeltasena31|move: Tailwind
|upkeep
|
|t:|1785973511
|switch|p2b: Raichu|Raichu, L50, F|100/100
|switch|p1a: Gliscor|Gliscor, L50, F, shiny|100/100
|turn|5
|
|t:|1785973518
|detailschange|p2b: Raichu|Raichu-Mega-Y, L50, F
|-mega|p2b: Raichu|Raichu|Raichunite Y
|move|p2b: Raichu|Fake Out|p1a: Gliscor
|-damage|p1a: Gliscor|91/100
|cant|p1a: Gliscor|flinch
|move|p2a: Basculegion|Wave Crash|p1a: Gliscor
|-supereffective|p1a: Gliscor|1
|-damage|p1a: Gliscor|0 fnt
|faint|p1a: Gliscor
|-damage|p2a: Basculegion|25/100|[from] Recoil
|move|p1b: Pelipper|Tailwind|p1b: Pelipper
|-sidestart|p1: ClumbsyLilBeach|move: Tailwind
|
|-weather|RainDance|[upkeep]
|upkeep
|turn|6
|-message|ClumbsyLilBeach forfeited.
|
|win|marcosdeltasena31
||ClumbsyLilBeach is ready for game 3.
||marcosdeltasena31 is ready for game 3.
|uhtml|next|Next: Game 3 of 3
|l|☆marcosdeltasena31
|player|p2|
