|j|☆winner9630
|j|☆Raw_jello
|html|winner9630Raw_jello    
|uhtml|bestof|Game 1 of a best-of-3
|t:|1757206210
|gametype|doubles
|player|p1|winner9630|266|1080
|player|p2|Raw_jello|rood|1056
|gen|9
|tier|[Gen 9] VGC 2025 Reg H (Bo3)
|rated|
|rule|Species Clause: Limit one of each Pokémon
|rule|Item Clause: Limit 1 of each item
|clearpoke
|poke|p1|Kingambit, L50, F|
|poke|p1|Basculegion, L50, M|
|poke|p1|Archaludon, L50, M|
|poke|p1|Rillaboom, L50, F|
|poke|p1|Sinistcha, L50|
|poke|p1|Pelipper, L50, M|
|poke|p2|Metagross, L50|
|poke|p2|Rillaboom, L50, F|
|poke|p2|Gengar, L50, F|
|poke|p2|Porygon2, L50|
|poke|p2|Hydreigon, L50, F|
|poke|p2|Corviknight, L50, F|
|teampreview|4
|showteam|p1|Kingambit||SafetyGoggles|Defiant|SuckerPunch,KowtowCleave,SwordsDance,Protect|||F|||50|,,,,,Flying]Basculegion||ChoiceScarf|Adaptability|WaveCrash,LastRespects,AquaJet,FlipTurn|||M|||50|,,,,,Water]Archaludon||AssaultVest|Stamina|ElectroShot,Snarl,BodyPress,FlashCannon|||M|||50|,,,,,Grass]Rillaboom||LoadedDice|GrassySurge|BulletSeed,GrassyGlide,FakeOut,KnockOff|||F|||50|,,,,,Fire]Sinistcha||SitrusBerry|Hospitality|Curse,MatchaGotcha,RagePowder,LifeDew||||||50|,,,,,Water]Pelipper||FocusSash|Drizzle|MuddyWater,Hurricane,Protect,HelpingHand|||M|||50|,,,,,Ground
|showteam|p2|Metagross||MuscleBand|ClearBody|PsychicFangs,MeteorMash,BulletPunch,Protect||||||50|,,,,,Grass]Rillaboom||AssaultVest|GrassySurge|FakeOut,GrassyGlide,HighHorsepower,Uturn|||F|||50|,,,,,Poison]Gengar||FocusSash|CursedBody|ShadowBall,SludgeBomb,Encore,Protect|||F|||50|,,,,,Fairy]Porygon2||Eviolite|Download|TeraBlast,ShadowBall,Recover,TrickRoom||||||50|,,,,,Flying]Hydreigon||ChoiceScarf|Levitate|EarthPower,DarkPulse,DracoMeteor,Flamethrower|||F|||50|,,,,,Fire]Corviknight||Leftovers|MirrorArmor|Protect,BulkUp,BraveBird,BodyPress|||F|||50|,,,,,Dragon
|inactive|Battle timer is ON: inactive players will automatically lose when time's up. (requested by winner9630)
|
|t:|1757206265
|teamsize|p1|4
|teamsize|p2|4
|start
|switch|p1a: Pelipper|Pelipper, L50, M|100/100
|switch|p1b: Basculegion|Basculegion, L50, M|100/100
|switch|p2a: Hydreigon|Hydreigon, L50, F|100/100
|switch|p2b: Corviknight|Corviknight, L50, F|100/100
|-weather|RainDance|[from] ability: Drizzle|[of] p1a: Pelipper
|turn|1
|inactive|winner9630 has 30 seconds left.
|inactive|Raw_jello has 30 seconds left.
|
|t:|1757206296
|-terastallize|p1b: Basculegion|Water
|-terastallize|p2b: Corviknight|Dragon
|move|p2a: Hydreigon|Dark Pulse|p1a: Pelipper
|-damage|p1a: Pelipper|27/100
|move|p1b: Basculegion|Flip Turn|p2b: Corviknight
|-resisted|p2b: Corviknight
|-damage|p2b: Corviknight|72/100
|
|t:|1757206306
|switch|p1b: Archaludon|Archaludon, L50, M|100/100|[from] Flip Turn
|move|p1a: Pelipper|Muddy Water|p2a: Hydreigon|[spread] p2b
|-miss|p1a: Pelipper|p2a: Hydreigon
|-resisted|p2b: Corviknight
|-damage|p2b: Corviknight|53/100
|-ability|p2b: Corviknight|Mirror Armor
|-unboost|p1a: Pelipper|accuracy|1
|move|p2b: Corviknight|Brave Bird|p1a: Pelipper
|-damage|p1a: Pelipper|0 fnt
|faint|p1a: Pelipper
|-damage|p2b: Corviknight|47/100|[from] Recoil
|
|-weather|RainDance|[upkeep]
|-heal|p2b: Corviknight|53/100|[from] item: Leftovers
|upkeep
|
|t:|1757206330
|switch|p1a: Kingambit|Kingambit, L50, F|100/100
|turn|2
|
|t:|1757206349
|switch|p2a: Rillaboom|Rillaboom, L50, F|100/100
|-fieldstart|move: Grassy Terrain|[from] ability: Grassy Surge|[of] p2a: Rillaboom
|move|p2b: Corviknight|Protect|p2b: Corviknight
|-singleturn|p2b: Corviknight|Protect
|move|p1b: Archaludon|Body Press|p2a: Rillaboom
|-damage|p2a: Rillaboom|77/100
|move|p1a: Kingambit|Swords Dance|p1a: Kingambit
|-boost|p1a: Kingambit|atk|2
|
|-weather|RainDance|[upkeep]
|-heal|p2a: Rillaboom|83/100|[from] Grassy Terrain
|-heal|p2b: Corviknight|59/100|[from] Grassy Terrain
|-heal|p2b: Corviknight|65/100|[from] item: Leftovers
|upkeep
|turn|3
|inactive|winner9630 has 30 seconds left.
|inactive|Raw_jello has 30 seconds left.
|
|t:|1757206379
|move|p1a: Kingambit|Protect|p1a: Kingambit
|-singleturn|p1a: Kingambit|Protect
|move|p2a: Rillaboom|Fake Out|p1a: Kingambit
|-activate|p1a: Kingambit|move: Protect
|move|p1b: Archaludon|Electro Shot||[still]
|-prepare|p1b: Archaludon|Electro Shot
|-boost|p1b: Archaludon|spa|1
|-anim|p1b: Archaludon|Electro Shot|p2b: Corviknight
|-resisted|p2b: Corviknight
|-damage|p2b: Corviknight|38/100
|move|p2b: Corviknight|Body Press|p1a: Kingambit
|-activate|p1a: Kingambit|move: Protect
|
|-weather|RainDance|[upkeep]
|-heal|p2a: Rillaboom|89/100|[from] Grassy Terrain
|-heal|p2b: Corviknight|44/100|[from] Grassy Terrain
|-heal|p2b: Corviknight|50/100|[from] item: Leftovers
|upkeep
|turn|4
|inactive|winner9630 has 30 seconds left.
|
|t:|1757206405
|move|p1a: Kingambit|Sucker Punch||[still]
|-fail|p1a: Kingambit
|move|p1b: Archaludon|Electro Shot||[still]
|-prepare|p1b: Archaludon|Electro Shot
|-boost|p1b: Archaludon|spa|1
|-anim|p1b: Archaludon|Electro Shot|p2a: Rillaboom
|-resisted|p2a: Rillaboom
|-damage|p2a: Rillaboom|60/100
|move|p2a: Rillaboom|U-turn|p1a: Kingambit
|-damage|p1a: Kingambit|83/100
|inactive|Raw_jello has 30 seconds left.
|
|t:|1757206436
|switch|p2a: Hydreigon|Hydreigon, L50, F|100/100|[from] U-turn
|move|p2b: Corviknight|Bulk Up|p2b: Corviknight
|-boost|p2b: Corviknight|atk|1
|-boost|p2b: Corviknight|def|1
|
|-weather|RainDance|[upkeep]
|-heal|p2b: Corviknight|56/100|[from] Grassy Terrain
|-heal|p2b: Corviknight|61/100|[from] item: Leftovers
|-heal|p1a: Kingambit|89/100|[from] Grassy Terrain
|upkeep
|turn|5
|inactive|Raw_jello has 30 seconds left.
|
|t:|1757206475
|move|p1a: Kingambit|Protect|p1a: Kingambit
|-singleturn|p1a: Kingambit|Protect
|move|p2a: Hydreigon|Draco Meteor|p1b: Archaludon
|-damage|p1b: Archaludon|41/100
|-unboost|p2a: Hydreigon|spa|2
|-ability|p1b: Archaludon|Stamina|boost
|-boost|p1b: Archaludon|def|1
|move|p1b: Archaludon|Electro Shot||[still]
|-prepare|p1b: Archaludon|Electro Shot
|-boost|p1b: Archaludon|spa|1
|-anim|p1b: Archaludon|Electro Shot|p2b: Corviknight
|-resisted|p2b: Corviknight
|-damage|p2b: Corviknight|22/100
|move|p2b: Corviknight|Body Press|p1b: Archaludon
|-supereffective|p1b: Archaludon
|-damage|p1b: Archaludon|11/100
|-ability|p1b: Archaludon|Stamina|boost
|-boost|p1b: Archaludon|def|1
|
|-weather|none
|-heal|p1b: Archaludon|17/100|[from] Grassy Terrain
|-heal|p2b: Corviknight|28/100|[from] Grassy Terrain
|-heal|p2b: Corviknight|34/100|[from] item: Leftovers
|-heal|p1a: Kingambit|95/100|[from] Grassy Terrain
|upkeep
|turn|6
|inactive|winner9630 has 30 seconds left.
|inactive|winner9630 has 20 seconds left.
|
|t:|1757206514
|move|p2b: Corviknight|Protect|p2b: Corviknight
|-singleturn|p2b: Corviknight|Protect
|move|p2a: Hydreigon|Draco Meteor|p1b: Archaludon
|-damage|p1b: Archaludon|0 fnt
|-unboost|p2a: Hydreigon|spa|2
|faint|p1b: Archaludon
|move|p1a: Kingambit|Kowtow Cleave|p2a: Hydreigon
|-resisted|p2a: Hydreigon
|-damage|p2a: Hydreigon|38/100
|
|-heal|p2b: Corviknight|40/100|[from] Grassy Terrain
|-heal|p2b: Corviknight|45/100|[from] item: Leftovers
|-heal|p1a: Kingambit|100/100|[from] Grassy Terrain
|-fieldend|move: Grassy Terrain
|upkeep
|
|t:|1757206527
|switch|p1b: Basculegion|Basculegion, L50, M, tera:Water|100/100
|turn|7
|inactive|Raw_jello has 30 seconds left.
|
|t:|1757206561
|switch|p2a: Rillaboom|Rillaboom, L50, F|60/100
|-fieldstart|move: Grassy Terrain|[from] ability: Grassy Surge|[of] p2a: Rillaboom
|switch|p2b: Gengar|Gengar, L50, F|100/100
|move|p1b: Basculegion|Last Respects|p2b: Gengar
|-supereffective|p2b: Gengar
|-enditem|p2b: Gengar|Focus Sash
|-damage|p2b: Gengar|1/100
|move|p1a: Kingambit|Kowtow Cleave|p2a: Rillaboom
|-damage|p2a: Rillaboom|0 fnt
|faint|p2a: Rillaboom
|
|-heal|p2b: Gengar|7/100|[from] Grassy Terrain
|upkeep
|
|t:|1757206578
|switch|p2a: Hydreigon|Hydreigon, L50, F|38/100
|turn|8
|inactive|Raw_jello has 30 seconds left.
|
|t:|1757206604
|switch|p2a: Corviknight|Corviknight, L50, F, tera:Dragon|45/100
|move|p1a: Kingambit|Protect|p1a: Kingambit
|-singleturn|p1a: Kingambit|Protect
|move|p1b: Basculegion|Last Respects|p2a: Corviknight
|-damage|p2a: Corviknight|0 fnt
|faint|p2a: Corviknight
|move|p2b: Gengar|Encore|p1a: Kingambit
|-activate|p1a: Kingambit|move: Protect
|
|-heal|p2b: Gengar|13/100|[from] Grassy Terrain
|upkeep
|
|t:|1757206610
|switch|p2a: Hydreigon|Hydreigon, L50, F|38/100
|turn|9
|
|t:|1757206621
|move|p1a: Kingambit|Sucker Punch|p2a: Hydreigon
|-resisted|p2a: Hydreigon
|-damage|p2a: Hydreigon|0 fnt
|faint|p2a: Hydreigon
|move|p1b: Basculegion|Last Respects|p2b: Gengar
|-supereffective|p2b: Gengar
|-damage|p2b: Gengar|0 fnt
|-start|p1b: Basculegion|Disable|Last Respects|[from] ability: Cursed Body|[of] p2b: Gengar
|faint|p2b: Gengar
|
|win|winner9630
|l|☆Raw_jello
|player|p2|
|raw|winner9630's rating: 1080 → 1106(+26 for winning)
|raw|Raw_jello's rating: 1056 → 1039(-17 for losing)
