|j|☆candy berlin
|j|☆Jakobtc
|html|candy berlinJakobtc    
|uhtml|bestof|Game 1 of a best-of-3
|t:|1756834910
|gametype|doubles
|player|p1|candy berlin|rika|1147
|player|p2|Jakobtc|riley|1142
|gen|9
|tier|[Gen 9] VGC 2025 Reg H (Bo3)
|rated|
|rule|Species Clause: Limit one of each Pokémon
|rule|Item Clause: Limit 1 of each item
|clearpoke
|poke|p1|Sneasler, L50, F|
|poke|p1|Indeedee, L50, M|
|poke|p1|Volcarona, L50, F|
|poke|p1|Ursaluna-Bloodmoon, L50, M|
|poke|p1|Dragapult, L50, F|
|poke|p1|Kingambit, L50, F|
|poke|p2|Gholdengo, L50|
|poke|p2|Incineroar, L50, M|
|poke|p2|Porygon2, L50|
|poke|p2|Ursaluna, L50, F|
|poke|p2|Kilowattrel, L50, M|
|poke|p2|Amoonguss, L50, F|
|teampreview|4
|showteam|p1|Sneasler||PsychicSeed|Unburden|CloseCombat,DireClaw,ThroatChop,Protect|||F|||50|,,,,,Dark]Indeedee||ChoiceScarf|PsychicSurge|ExpandingForce,TeraBlast,Trick,Protect|||M|||50|,,,,,Psychic]Volcarona||SitrusBerry|FlameBody|Overheat,StruggleBug,RagePowder,Tailwind|||F|||50|,,,,,Grass]Ursaluna-Bloodmoon||LifeOrb|MindsEye|BloodMoon,HyperVoice,EarthPower,Protect|||M|||50|,,,,,Normal]Dragapult||ChoiceBand|ClearBody|DragonDarts,PhantomForce,Outrage,Uturn|||F|||50|,,,,,Dragon]Kingambit||SafetyGoggles|Defiant|KowtowCleave,SuckerPunch,SwordsDance,Protect|||F|||50|,,,,,Dark
|showteam|p2|Gholdengo||LifeOrb|GoodasGold|MakeItRain,ShadowBall,NastyPlot,Protect||||||50|,,,,,Water]Incineroar||SafetyGoggles|Intimidate|FakeOut,FlareBlitz,KnockOff,PartingShot|||M|||50|,,,,,Bug]Porygon2||Eviolite|Download|TeraBlast,IceBeam,TrickRoom,Recover||||||50|,,,,,Fighting]Ursaluna||FlameOrb|Guts|Facade,HeadlongRush,Earthquake,Protect|||F|||50|,,,,,Ghost]Kilowattrel||FocusSash|Competitive|AirSlash,Thunderbolt,Tailwind,Protect|||M|||50|,,,,,Ghost]Amoonguss||SitrusBerry|Regenerator|Spore,RagePowder,PollenPuff,Protect|||F|||50|,,,,,Water
|c|☆Jakobtc|glhf
|c|☆candy berlin|u2
|inactive|Battle timer is ON: inactive players will automatically lose when time's up. (requested by Jakobtc)
|
|t:|1756835005
|teamsize|p1|4
|teamsize|p2|4
|start
|switch|p1a: Kingambit|Kingambit, L50, F|100/100
|switch|p1b: Volcarona|Volcarona, L50, F|100/100
|switch|p2a: Incineroar|Incineroar, L50, M|100/100
|switch|p2b: Porygon2|Porygon2, L50, shiny|100/100
|-ability|p2a: Incineroar|Intimidate|boost
|-unboost|p1a: Kingambit|atk|1
|-ability|p1a: Kingambit|Defiant|boost
|-boost|p1a: Kingambit|atk|2
|-unboost|p1b: Volcarona|atk|1
|-ability|p2b: Porygon2|Download|boost
|-boost|p2b: Porygon2|spa|1
|turn|1
|inactive|candy berlin has 30 seconds left.
|inactive|Jakobtc has 30 seconds left.
|inactive|candy berlin has 20 seconds left.
|inactive|candy berlin has 15 seconds left.
|inactive|candy berlin has 10 seconds left.
|
|t:|1756835051
|switch|p2b: Ursaluna|Ursaluna, L50, F|100/100
|switch|p1a: Ursaluna|Ursaluna-Bloodmoon, L50, M|100/100
|move|p2a: Incineroar|Fake Out|p1a: Ursaluna
|-damage|p1a: Ursaluna|90/100
|move|p1b: Volcarona|Struggle Bug|p2a: Incineroar|[spread] p2a,p2b
|-damage|p2a: Incineroar|83/100
|-damage|p2b: Ursaluna|84/100
|-unboost|p2a: Incineroar|spa|1
|-unboost|p2b: Ursaluna|spa|1
|
|-status|p2b: Ursaluna|brn|[from] item: Flame Orb
|upkeep
|turn|2
|inactive|Jakobtc has 30 seconds left.
|inactive|candy berlin has 30 seconds left.
|
|t:|1756835086
|move|p1b: Volcarona|Overheat|p2b: Ursaluna
|-damage|p2b: Ursaluna|35/100 brn
|-unboost|p1b: Volcarona|spa|2
|move|p1a: Ursaluna|Hyper Voice|p2a: Incineroar|[spread] p2a,p2b
|-damage|p2a: Incineroar|33/100
|-damage|p2b: Ursaluna|0 fnt
|faint|p2b: Ursaluna
|-damage|p1a: Ursaluna|81/100|[from] item: Life Orb
|move|p2a: Incineroar|Knock Off|p1a: Ursaluna
|-damage|p1a: Ursaluna|48/100
|-enditem|p1a: Ursaluna|Life Orb|[from] move: Knock Off|[of] p2a: Incineroar
|
|upkeep
|
|t:|1756835100
|switch|p2b: Gholdengo|Gholdengo, L50|100/100
|turn|3
|
|t:|1756835116
|switch|p2a: Porygon2|Porygon2, L50, shiny|100/100
|-ability|p2a: Porygon2|Download|boost
|-boost|p2a: Porygon2|spa|1
|-terastallize|p2b: Gholdengo|Water
|move|p1b: Volcarona|Struggle Bug|p2a: Porygon2|[spread] p2a,p2b
|-damage|p2a: Porygon2|96/100
|-damage|p2b: Gholdengo|93/100
|-unboost|p2a: Porygon2|spa|1
|-unboost|p2b: Gholdengo|spa|1
|move|p2b: Gholdengo|Nasty Plot|p2b: Gholdengo
|-boost|p2b: Gholdengo|spa|2
|move|p1a: Ursaluna|Earth Power|p2a: Porygon2
|-damage|p2a: Porygon2|61/100
|-unboost|p2a: Porygon2|spd|1
|
|upkeep
|turn|4
|inactive|Jakobtc has 30 seconds left.
|
|t:|1756835147
|switch|p2a: Incineroar|Incineroar, L50, M|33/100
|-ability|p2a: Incineroar|Intimidate|boost
|-unboost|p1a: Ursaluna|atk|1
|-unboost|p1b: Volcarona|atk|1
|move|p1b: Volcarona|Struggle Bug|p2a: Incineroar|[spread] p2a,p2b
|-damage|p2a: Incineroar|25/100
|-damage|p2b: Gholdengo|85/100
|-unboost|p2a: Incineroar|spa|1
|-unboost|p2b: Gholdengo|spa|1
|move|p2b: Gholdengo|Make It Rain|p1b: Volcarona|[spread] p1a,p1b
|-resisted|p1b: Volcarona
|-damage|p1a: Ursaluna|0 fnt
|-damage|p1b: Volcarona|73/100
|-unboost|p2b: Gholdengo|spa|1
|faint|p1a: Ursaluna
|-damage|p2b: Gholdengo|75/100|[from] item: Life Orb
|
|upkeep
|inactive|candy berlin has 30 seconds left.
|
|t:|1756835174
|switch|p1a: Kingambit|Kingambit, L50, F|100/100
|turn|5
|
|t:|1756835187
|move|p1a: Kingambit|Protect|p1a: Kingambit
|-singleturn|p1a: Kingambit|Protect
|move|p1b: Volcarona|Struggle Bug|p2b: Gholdengo|[spread] p2a,p2b
|-damage|p2a: Incineroar|17/100
|-damage|p2b: Gholdengo|68/100
|-unboost|p2a: Incineroar|spa|1
|-unboost|p2b: Gholdengo|spa|1
|move|p2b: Gholdengo|Make It Rain|p1a: Kingambit|[spread] p1b
|-activate|p1a: Kingambit|move: Protect
|-resisted|p1b: Volcarona
|-damage|p1b: Volcarona|58/100
|-unboost|p2b: Gholdengo|spa|1
|-damage|p2b: Gholdengo|59/100|[from] item: Life Orb
|move|p2a: Incineroar|Flare Blitz|p1a: Kingambit
|-activate|p1a: Kingambit|move: Protect
|
|upkeep
|turn|6
|inactive|candy berlin has 30 seconds left.
|
|t:|1756835214
|switch|p2b: Porygon2|Porygon2, L50, shiny|61/100
|-ability|p2b: Porygon2|Download|boost
|-boost|p2b: Porygon2|spa|1
|move|p1a: Kingambit|Sucker Punch|p2a: Incineroar
|-resisted|p2a: Incineroar
|-crit|p2a: Incineroar
|-damage|p2a: Incineroar|0 fnt
|faint|p2a: Incineroar
|move|p1b: Volcarona|Struggle Bug|p2b: Porygon2
|-damage|p2b: Porygon2|54/100
|-unboost|p2b: Porygon2|spa|1
|
|upkeep
|-message|Jakobtc forfeited.
|
|win|candy berlin
|l|☆Jakobtc
|player|p2|
|j|☆Jakobtc
|player|p2|Jakobtc|riley|
||candy berlin is ready for game 2.
