|j|☆Hikari.D9
|j|☆sandy ghost 5
|html|Hikari.D9sandy ghost 5    
|uhtml|bestof|Game 1 of a best-of-3
|t:|1756987987
|gametype|doubles
|player|p1|Hikari.D9|shadowtriad|1156
|player|p2|sandy ghost 5|baker|1282
|gen|9
|tier|[Gen 9] VGC 2025 Reg H (Bo3)
|rated|
|rule|Species Clause: Limit one of each Pokémon
|rule|Item Clause: Limit 1 of each item
|clearpoke
|poke|p1|Archaludon, L50, F|
|poke|p1|Pelipper, L50, F|
|poke|p1|Basculegion, L50, M|
|poke|p1|Amoonguss, L50, F|
|poke|p1|Gholdengo, L50|
|poke|p1|Annihilape, L50, M|
|poke|p2|Tyranitar, L50, M|
|poke|p2|Excadrill, L50, F|
|poke|p2|Sinistcha-Masterpiece, L50|
|poke|p2|Salamence, L50, M|
|poke|p2|Blaziken, L50, F|
|poke|p2|Bruxish, L50, M|
|teampreview|4
|showteam|p1|Archaludon||AssaultVest|Stamina|ElectroShot,DragonPulse,BodyPress,Snarl|||F|||50|,,,,,Bug]Pelipper||FocusSash|Drizzle|WeatherBall,Hurricane,Tailwind,Protect|||F|||50|,,,,,Ghost]Basculegion||ChoiceBand|SwiftSwim|WaveCrash,AquaJet,LastRespects,FlipTurn|||M|||50|,,,,,Water]Amoonguss||SitrusBerry|Regenerator|RagePowder,Spore,PollenPuff,Protect|||F|||50|,,,,,Fairy]Gholdengo||LifeOrb|GoodasGold|MakeItRain,ShadowBall,NastyPlot,Protect||||||50|,,,,,Water]Annihilape||SafetyGoggles|Defiant|CloseCombat,RageFist,Taunt,FinalGambit|||M|||50|,,,,,Water
|showteam|p2|Tyranitar||ClearAmulet|SandStream|RockSlide,KnockOff,DragonDance,Protect|||M|||50|,,,,,Grass]Excadrill||AssaultVest|SandRush|Earthquake,IronHead,HighHorsepower,RockSlide|||F|||50|,,,,,Ghost]Sinistcha-Masterpiece||SitrusBerry|Hospitality|ShadowBall,MatchaGotcha,RagePowder,Protect||||||50|,,,,,Dark]Salamence||LifeOrb|Intimidate|DracoMeteor,AirSlash,Protect,Tailwind|||M|||50|,,,,,Ghost]Blaziken||CovertCloak|SpeedBoost|AuraSphere,HeatWave,Coaching,WillOWisp|||F|||50|,,,,,Dragon]Bruxish||ChoiceScarf|Dazzling|PsychicFangs,FlipTurn,WaveCrash,SuperFang|||M|||50|,,,,,Water
|
|t:|1756988031
|teamsize|p1|4
|teamsize|p2|4
|start
|switch|p1a: Basculegion|Basculegion, L50, M|100/100
|switch|p1b: Archaludon|Archaludon, L50, F|100/100
|switch|p2a: Salamence|Salamence, L50, M|100/100
|switch|p2b: Blaziken|Blaziken, L50, F|100/100
|-ability|p2a: Salamence|Intimidate|boost
|-unboost|p1a: Basculegion|atk|1
|-unboost|p1b: Archaludon|atk|1
|turn|1
|
|t:|1756988055
|switch|p1b: Pelipper|Pelipper, L50, F|100/100
|-weather|RainDance|[from] ability: Drizzle|[of] p1b: Pelipper
|-terastallize|p2b: Blaziken|Dragon
|move|p1a: Basculegion|Wave Crash|p2b: Blaziken
|-resisted|p2b: Blaziken
|-damage|p2b: Blaziken|36/100
|-damage|p1a: Basculegion|82/100|[from] Recoil
|move|p2a: Salamence|Draco Meteor|p1b: Pelipper
|-enditem|p1b: Pelipper|Focus Sash
|-damage|p1b: Pelipper|1/100
|-unboost|p2a: Salamence|spa|2
|-damage|p2a: Salamence|91/100|[from] item: Life Orb
|move|p2b: Blaziken|Aura Sphere|p1b: Pelipper
|-resisted|p1b: Pelipper
|-damage|p1b: Pelipper|0 fnt
|faint|p1b: Pelipper
|
|-weather|RainDance|[upkeep]
|-ability|p2b: Blaziken|Speed Boost|boost
|-boost|p2b: Blaziken|spe|1
|upkeep
|
|t:|1756988076
|switch|p1b: Archaludon|Archaludon, L50, F|100/100
|turn|2
|
|t:|1756988094
|switch|p1a: Amoonguss|Amoonguss, L50, F|100/100
|switch|p2b: Puppet|Sinistcha-Masterpiece, L50|100/100
|-heal|p2a: Salamence|100/100|[from] ability: Hospitality|[of] p2b: Puppet
|switch|p2a: Excadrill|Excadrill, L50, F|100/100
|-terastallize|p1b: Archaludon|Bug
|move|p1b: Archaludon|Dragon Pulse|p2b: Puppet
|-damage|p2b: Puppet|59/100
|
|-weather|RainDance|[upkeep]
|upkeep
|turn|3
|
|t:|1756988141
|move|p2a: Excadrill|Rock Slide|p1a: Amoonguss|[spread] p1a,p1b
|-supereffective|p1b: Archaludon
|-damage|p1a: Amoonguss|81/100
|-damage|p1b: Archaludon|69/100
|-ability|p1b: Archaludon|Stamina|boost
|-boost|p1b: Archaludon|def|1
|move|p1b: Archaludon|Electro Shot||[still]
|-prepare|p1b: Archaludon|Electro Shot
|-boost|p1b: Archaludon|spa|1
|-anim|p1b: Archaludon|Electro Shot|p2b: Puppet
|-resisted|p2b: Puppet
|-damage|p2b: Puppet|26/100
|-enditem|p2b: Puppet|Sitrus Berry|[eat]
|-heal|p2b: Puppet|51/100|[from] item: Sitrus Berry
|move|p2b: Puppet|Matcha Gotcha|p1b: Archaludon|[spread] p1a,p1b
|-resisted|p1a: Amoonguss
|-resisted|p1b: Archaludon
|-damage|p1a: Amoonguss|75/100
|-heal|p2b: Puppet|54/100|[from] drain|[of] p1a: Amoonguss
|-damage|p1b: Archaludon|58/100
|-heal|p2b: Puppet|61/100|[from] drain|[of] p1b: Archaludon
|-ability|p1b: Archaludon|Stamina|boost
|-boost|p1b: Archaludon|def|1
|move|p1a: Amoonguss|Spore|p2a: Excadrill
|-status|p2a: Excadrill|slp|[from] move: Spore
|
|-weather|RainDance|[upkeep]
|upkeep
|turn|4
|
|t:|1756988172
|cant|p2a: Excadrill|slp
|move|p1b: Archaludon|Dragon Pulse|p2b: Puppet
|-damage|p2b: Puppet|4/100
|move|p2b: Puppet|Matcha Gotcha|p1b: Archaludon|[spread] p1a,p1b
|-resisted|p1a: Amoonguss
|-resisted|p1b: Archaludon
|-damage|p1a: Amoonguss|70/100
|-heal|p2b: Puppet|7/100|[from] drain|[of] p1a: Amoonguss
|-damage|p1b: Archaludon|46/100
|-heal|p2b: Puppet|14/100|[from] drain|[of] p1b: Archaludon
|-ability|p1b: Archaludon|Stamina|boost
|-boost|p1b: Archaludon|def|1
|move|p1a: Amoonguss|Pollen Puff|p1b: Archaludon
|-heal|p1b: Archaludon|96/100
|
|-weather|RainDance|[upkeep]
|upkeep
|turn|5
|
|t:|1756988216
|switch|p1a: Basculegion|Basculegion, L50, M|82/100
|-curestatus|p2a: Excadrill|slp|[msg]
|move|p2a: Excadrill|Iron Head|p1a: Basculegion
|-resisted|p1a: Basculegion
|-damage|p1a: Basculegion|54/100
|move|p1b: Archaludon|Electro Shot||[still]
|-prepare|p1b: Archaludon|Electro Shot
|-boost|p1b: Archaludon|spa|1
|-anim|p1b: Archaludon|Electro Shot|p2b: Puppet
|-resisted|p2b: Puppet
|-damage|p2b: Puppet|0 fnt
|faint|p2b: Puppet
|
|-weather|none
|upkeep
|
|t:|1756988228
|switch|p2b: Salamence|Salamence, L50, M|100/100
|-ability|p2b: Salamence|Intimidate|boost
|-unboost|p1a: Basculegion|atk|1
|-unboost|p1b: Archaludon|atk|1
|turn|6
|
|t:|1756988248
|move|p2b: Salamence|Air Slash|p1b: Archaludon
|-supereffective|p1b: Archaludon
|-damage|p1b: Archaludon|23/100
|-ability|p1b: Archaludon|Stamina|boost
|-boost|p1b: Archaludon|def|1
|-damage|p2b: Salamence|91/100|[from] item: Life Orb
|move|p2a: Excadrill|High Horsepower|p1a: Basculegion
|-damage|p1a: Basculegion|0 fnt
|faint|p1a: Basculegion
|move|p1b: Archaludon|Dragon Pulse|p2b: Salamence
|-supereffective|p2b: Salamence
|-damage|p2b: Salamence|0 fnt
|faint|p2b: Salamence
|
|upkeep
|
|t:|1756988259
|switch|p2b: Blaziken|Blaziken, L50, F, tera:Dragon|36/100
|switch|p1a: Amoonguss|Amoonguss, L50, F|100/100
|turn|7
|
|t:|1756988277
|move|p1a: Amoonguss|Rage Powder|p1a: Amoonguss
|-singleturn|p1a: Amoonguss|move: Rage Powder
|move|p2b: Blaziken|Heat Wave|p1a: Amoonguss|[spread] p1a,p1b
|-supereffective|p1a: Amoonguss
|-supereffective|p1b: Archaludon
|-damage|p1a: Amoonguss|43/100
|-damage|p1b: Archaludon|0 fnt
|-enditem|p1a: Amoonguss|Sitrus Berry|[eat]
|-heal|p1a: Amoonguss|67/100|[from] item: Sitrus Berry
|faint|p1b: Archaludon
|move|p2a: Excadrill|Rock Slide|p1a: Amoonguss
|-damage|p1a: Amoonguss|41/100
|
|-ability|p2b: Blaziken|Speed Boost|boost
|-boost|p2b: Blaziken|spe|1
|upkeep
|turn|8
|
|t:|1756988288
|move|p2b: Blaziken|Heat Wave|p1a: Amoonguss
|-supereffective|p1a: Amoonguss
|-damage|p1a: Amoonguss|0 fnt
|faint|p1a: Amoonguss
|
|win|sandy ghost 5
||sandy ghost 5 is ready for game 2.
|inactive|Hikari.D9 has 30 seconds to confirm battle start!
||Hikari.D9 is ready for game 2.
|uhtml|next|Next: Game 2 of 3
