|j|☆predahound
|j|☆DrXJ13
|html|predahoundDrXJ13    
|uhtml|bestof|Game 2 of a best-of-3
|t:|1757242300
|gametype|doubles
|player|p1|predahound|volkner|1137
|player|p2|DrXJ13|2|1079
|gen|9
|tier|[Gen 9] VGC 2025 Reg H (Bo3)
|rated|
|rule|Species Clause: Limit one of each Pokémon
|rule|Item Clause: Limit 1 of each item
|clearpoke
|poke|p1|Incineroar, L50, M|
|poke|p1|Rillaboom, L50, M|
|poke|p1|Pelipper, L50, M|
|poke|p1|Electabuzz, L50, M|
|poke|p1|Gengar, L50, F|
|poke|p1|Baxcalibur, L50, F|
|poke|p2|Sinistcha, L50|
|poke|p2|Ursaluna-Bloodmoon, L50, M|
|poke|p2|Incineroar, L50, F|
|poke|p2|Sneasler, L50, M|
|poke|p2|Dragonite, L50, M|
|poke|p2|Corviknight, L50, M|
|teampreview|4
|showteam|p1|Incineroar||FigyBerry|Intimidate|FakeOut,KnockOff,PartingShot,WillOWisp|||M|||50|,,,,,Dragon]Rillaboom||AssaultVest|GrassySurge|FakeOut,GrassyGlide,KnockOff,Uturn|||M|||50|,,,,,Fire]Pelipper||FocusSash|Drizzle|MuddyWater,Hurricane,Tailwind,Protect|||M|||50|,,,,,Ground]Electabuzz||Eviolite|VitalSpirit|Electroweb,FollowMe,EerieImpulse,Protect|||M|||50|,,,,,Ghost]Gengar||LifeOrb|CursedBody|ShadowBall,SludgeBomb,Taunt,Protect|||F|||50|,,,,,Stellar]Baxcalibur||ClearAmulet|ThermalExchange|IcicleCrash,HighHorsepower,DragonDance,Protect|||F|||50|,,,,,Poison
|showteam|p2|Sinistcha||RockyHelmet|Hospitality|MatchaGotcha,ShadowBall,TrickRoom,RagePowder||||||50|,,,,,Water]Ursaluna-Bloodmoon||Leftovers|MindsEye|HyperVoice,EarthPower,CalmMind,Protect|||M|||50|,,,,,Water]Incineroar||SafetyGoggles|Intimidate|FakeOut,KnockOff,FlareBlitz,PartingShot|||F|||50|,,,,,Ghost]Sneasler||FocusSash|Unburden|Coaching,DireClaw,CloseCombat,Protect|||M|||50|,,,,,Stellar]Dragonite||LoadedDice|Multiscale|ScaleShot,ExtremeSpeed,Haze,Protect|||M|||50|,,,,,Fairy]Corviknight||CovertCloak|MirrorArmor|DualWingbeat,Tailwind,IronHead,Taunt|||M|||50|,,,,,Dragon
|inactive|Battle timer is ON: inactive players will automatically lose when time's up. (requested by DrXJ13)
|
|t:|1757242320
|teamsize|p1|4
|teamsize|p2|4
|start
|switch|p1a: Incineroar|Incineroar, L50, M|100/100
|switch|p1b: Baxcalibur|Baxcalibur, L50, F|100/100
|switch|p2a: Toño|Incineroar, L50, F|100/100
|switch|p2b: Wellington|Ursaluna-Bloodmoon, L50, M|100/100
|-ability|p2a: Toño|Intimidate|boost
|-unboost|p1a: Incineroar|atk|1
|-fail|p1b: Baxcalibur|unboost|[from] item: Clear Amulet|[of] p1b: Baxcalibur
|-ability|p1a: Incineroar|Intimidate|boost
|-unboost|p2a: Toño|atk|1
|-unboost|p2b: Wellington|atk|1
|turn|1
|
|t:|1757242340
|-terastallize|p2b: Wellington|Water
|move|p1a: Incineroar|Fake Out|p2b: Wellington
|-damage|p2b: Wellington|94/100
|move|p1b: Baxcalibur|Dragon Dance|p1b: Baxcalibur
|-boost|p1b: Baxcalibur|atk|1
|-boost|p1b: Baxcalibur|spe|1
|move|p2a: Toño|Knock Off|p1b: Baxcalibur
|-damage|p1b: Baxcalibur|77/100
|-enditem|p1b: Baxcalibur|Clear Amulet|[from] move: Knock Off|[of] p2a: Toño
|cant|p2b: Wellington|flinch
|
|-heal|p2b: Wellington|100/100|[from] item: Leftovers
|upkeep
|turn|2
|
|t:|1757242358
|move|p1b: Baxcalibur|Dragon Dance|p1b: Baxcalibur
|-boost|p1b: Baxcalibur|atk|1
|-boost|p1b: Baxcalibur|spe|1
|move|p2a: Toño|Parting Shot|p1b: Baxcalibur
|-unboost|p1b: Baxcalibur|atk|1
|-unboost|p1b: Baxcalibur|spa|1
|
|t:|1757242361
|switch|p2a: Maximiliano|Corviknight, L50, M|100/100|[from] Parting Shot
|move|p1a: Incineroar|Parting Shot|p2b: Wellington
|-unboost|p2b: Wellington|atk|1
|-unboost|p2b: Wellington|spa|1
|
|t:|1757242375
|switch|p1a: Rillaboom|Rillaboom, L50, M|100/100|[from] Parting Shot
|-fieldstart|move: Grassy Terrain|[from] ability: Grassy Surge|[of] p1a: Rillaboom
|move|p2b: Wellington|Calm Mind|p2b: Wellington
|-boost|p2b: Wellington|spa|1
|-boost|p2b: Wellington|spd|1
|
|-heal|p1b: Baxcalibur|83/100|[from] Grassy Terrain
|upkeep
|turn|3
|
|t:|1757242393
|switch|p2b: Toño|Incineroar, L50, F|100/100
|-ability|p2b: Toño|Intimidate|boost
|-unboost|p1a: Rillaboom|atk|1
|-unboost|p1b: Baxcalibur|atk|1
|move|p1a: Rillaboom|Fake Out|p2a: Maximiliano
|-resisted|p2a: Maximiliano
|-damage|p2a: Maximiliano|97/100
|move|p1b: Baxcalibur|High Horsepower|p2b: Toño
|-supereffective|p2b: Toño
|-crit|p2b: Toño
|-damage|p2b: Toño|11/100
|move|p2a: Maximiliano|Dual Wingbeat|p1a: Rillaboom
|-supereffective|p1a: Rillaboom
|-damage|p1a: Rillaboom|73/100
|-supereffective|p1a: Rillaboom
|-damage|p1a: Rillaboom|48/100
|-hitcount|p1a: Rillaboom|2
|
|-heal|p1b: Baxcalibur|89/100|[from] Grassy Terrain
|-heal|p1a: Rillaboom|54/100|[from] Grassy Terrain
|-heal|p2b: Toño|17/100|[from] Grassy Terrain
|upkeep
|turn|4
|inactive|predahound has 30 seconds left.
|
|t:|1757242418
|switch|p1a: Incineroar|Incineroar, L50, M|100/100
|-ability|p1a: Incineroar|Intimidate|boost
|-ability|p2a: Maximiliano|Mirror Armor
|-unboost|p1a: Incineroar|atk|1
|-unboost|p2b: Toño|atk|1
|switch|p2b: Té (en) tazas|Sinistcha, L50|100/100
|-heal|p2a: Maximiliano|100/100|[from] ability: Hospitality|[of] p2b: Té (en) tazas
|move|p1b: Baxcalibur|Dragon Dance|p1b: Baxcalibur
|-boost|p1b: Baxcalibur|atk|1
|-boost|p1b: Baxcalibur|spe|1
|move|p2a: Maximiliano|Taunt|p1b: Baxcalibur
|-start|p1b: Baxcalibur|move: Taunt
|
|-heal|p1b: Baxcalibur|95/100|[from] Grassy Terrain
|upkeep
|turn|5
|
|t:|1757242439
|switch|p2b: Toño|Incineroar, L50, F|17/100
|-ability|p2b: Toño|Intimidate|boost
|-unboost|p1a: Incineroar|atk|1
|-unboost|p1b: Baxcalibur|atk|1
|move|p1b: Baxcalibur|Icicle Crash|p2b: Toño
|-resisted|p2b: Toño
|-damage|p2b: Toño|0 fnt
|faint|p2b: Toño
|move|p2a: Maximiliano|Tailwind|p2a: Maximiliano
|-sidestart|p2: DrXJ13|move: Tailwind
|move|p1a: Incineroar|Knock Off|p2a: Maximiliano
|-damage|p2a: Maximiliano|81/100
|-enditem|p2a: Maximiliano|Covert Cloak|[from] move: Knock Off|[of] p1a: Incineroar
|
|-heal|p1b: Baxcalibur|100/100|[from] Grassy Terrain
|upkeep
|
|t:|1757242451
|switch|p2b: Wellington|Ursaluna-Bloodmoon, L50, M, tera:Water|100/100
|turn|6
|
|t:|1757242465
|move|p1b: Baxcalibur|High Horsepower|p2b: Wellington
|-damage|p2b: Wellington|78/100
|move|p2a: Maximiliano|Iron Head|p1b: Baxcalibur
|-supereffective|p1b: Baxcalibur
|-damage|p1b: Baxcalibur|47/100
|move|p2b: Wellington|Earth Power|p1a: Incineroar
|-supereffective|p1a: Incineroar
|-damage|p1a: Incineroar|27/100
|move|p1a: Incineroar|Knock Off|p2b: Wellington
|-damage|p2b: Wellington|65/100
|-enditem|p2b: Wellington|Leftovers|[from] move: Knock Off|[of] p1a: Incineroar
|
|-heal|p1b: Baxcalibur|53/100|[from] Grassy Terrain
|-heal|p2b: Wellington|71/100|[from] Grassy Terrain
|-heal|p1a: Incineroar|33/100|[from] Grassy Terrain
|-fieldend|move: Grassy Terrain
|upkeep
|turn|7
|inactive|predahound has 30 seconds left.
|
|t:|1757242491
|switch|p1a: Rillaboom|Rillaboom, L50, M|54/100
|-fieldstart|move: Grassy Terrain|[from] ability: Grassy Surge|[of] p1a: Rillaboom
|move|p1b: Baxcalibur|Icicle Crash|p2a: Maximiliano
|-damage|p2a: Maximiliano|42/100
|move|p2a: Maximiliano|Dual Wingbeat|p1a: Rillaboom
|-supereffective|p1a: Rillaboom
|-damage|p1a: Rillaboom|28/100
|-supereffective|p1a: Rillaboom
|-damage|p1a: Rillaboom|0 fnt
|faint|p1a: Rillaboom
|-hitcount|p1: Rillaboom|2
|move|p2b: Wellington|Calm Mind|p2b: Wellington
|-boost|p2b: Wellington|spa|1
|-boost|p2b: Wellington|spd|1
|
|-heal|p1b: Baxcalibur|59/100|[from] Grassy Terrain
|-heal|p2b: Wellington|77/100|[from] Grassy Terrain
|-end|p1b: Baxcalibur|move: Taunt
|upkeep
|
|t:|1757242505
|switch|p1a: Incineroar|Incineroar, L50, M|33/100
|-ability|p1a: Incineroar|Intimidate|boost
|-ability|p2a: Maximiliano|Mirror Armor
|-unboost|p1a: Incineroar|atk|1
|-unboost|p2b: Wellington|atk|1
|turn|8
|
|t:|1757242514
|move|p1b: Baxcalibur|Protect|p1b: Baxcalibur
|-singleturn|p1b: Baxcalibur|Protect
|move|p1a: Incineroar|Fake Out|p2b: Wellington
|-damage|p2b: Wellington|72/100
|move|p2a: Maximiliano|Iron Head|p1b: Baxcalibur
|-activate|p1b: Baxcalibur|move: Protect
|cant|p2b: Wellington|flinch
|
|-heal|p1b: Baxcalibur|65/100|[from] Grassy Terrain
|-heal|p2b: Wellington|78/100|[from] Grassy Terrain
|-heal|p1a: Incineroar|39/100|[from] Grassy Terrain
|-sideend|p2: DrXJ13|move: Tailwind
|upkeep
|turn|9
|
|t:|1757242538
|move|p1b: Baxcalibur|Icicle Crash|p2a: Maximiliano
|-damage|p2a: Maximiliano|2/100
|cant|p2a: Maximiliano|flinch
|move|p1a: Incineroar|Parting Shot|p2b: Wellington
|-unboost|p2b: Wellington|atk|1
|-unboost|p2b: Wellington|spa|1
|
|t:|1757242545
|switch|p1a: Electabuzz|Electabuzz, L50, M|100/100|[from] Parting Shot
|move|p2b: Wellington|Hyper Voice|p1b: Baxcalibur|[spread] p1a,p1b
|-crit|p1b: Baxcalibur
|-damage|p1a: Electabuzz|71/100
|-damage|p1b: Baxcalibur|22/100
|
|-heal|p1b: Baxcalibur|28/100|[from] Grassy Terrain
|-heal|p1a: Electabuzz|77/100|[from] Grassy Terrain
|-heal|p2b: Wellington|84/100|[from] Grassy Terrain
|upkeep
|turn|10
|inactive|DrXJ13 has 30 seconds left.
|
|t:|1757242572
|move|p1b: Baxcalibur|Icicle Crash|p2a: Maximiliano
|-damage|p2a: Maximiliano|0 fnt
|faint|p2a: Maximiliano
|move|p1a: Electabuzz|Eerie Impulse|p2b: Wellington
|-unboost|p2b: Wellington|spa|2
|move|p2b: Wellington|Hyper Voice|p1b: Baxcalibur|[spread] p1a,p1b
|-damage|p1a: Electabuzz|65/100
|-damage|p1b: Baxcalibur|12/100
|
|-heal|p1b: Baxcalibur|18/100|[from] Grassy Terrain
|-heal|p1a: Electabuzz|71/100|[from] Grassy Terrain
|-heal|p2b: Wellington|90/100|[from] Grassy Terrain
|upkeep
|
|t:|1757242577
|switch|p2a: Té (en) tazas|Sinistcha, L50|100/100
|-heal|p2b: Wellington|100/100|[from] ability: Hospitality|[of] p2a: Té (en) tazas
|turn|11
|
|t:|1757242597
|move|p1b: Baxcalibur|Icicle Crash|p2a: Té (en) tazas
|-supereffective|p2a: Té (en) tazas
|-damage|p2a: Té (en) tazas|22/100
|move|p1a: Electabuzz|Electroweb|p2a: Té (en) tazas|[spread] p2a,p2b
|-resisted|p2a: Té (en) tazas
|-supereffective|p2b: Wellington
|-damage|p2a: Té (en) tazas|16/100
|-damage|p2b: Wellington|83/100
|-unboost|p2a: Té (en) tazas|spe|1
|-unboost|p2b: Wellington|spe|1
|move|p2b: Wellington|Hyper Voice|p1a: Electabuzz|[spread] p1a,p1b
|-damage|p1a: Electabuzz|58/100
|-damage|p1b: Baxcalibur|3/100
|move|p2a: Té (en) tazas|Matcha Gotcha|p1a: Electabuzz|[spread] p1a,p1b
|-resisted|p1b: Baxcalibur
|-damage|p1a: Electabuzz|36/100
|-heal|p2a: Té (en) tazas|26/100|[from] drain|[of] p1a: Electabuzz
|-damage|p1b: Baxcalibur|0 fnt
|-heal|p2a: Té (en) tazas|28/100|[from] drain|[of] p1b: Baxcalibur
|faint|p1b: Baxcalibur
|
|-heal|p1a: Electabuzz|42/100|[from] Grassy Terrain
|-heal|p2b: Wellington|89/100|[from] Grassy Terrain
|-heal|p2a: Té (en) tazas|34/100|[from] Grassy Terrain
|-fieldend|move: Grassy Terrain
|upkeep
|
|t:|1757242603
|switch|p1b: Incineroar|Incineroar, L50, M|39/100
|-ability|p1b: Incineroar|Intimidate|boost
|-unboost|p2a: Té (en) tazas|atk|1
|-unboost|p2b: Wellington|atk|1
|turn|12
|
|t:|1757242622
|move|p1a: Electabuzz|Electroweb|p2a: Té (en) tazas|[spread] p2a,p2b
|-resisted|p2a: Té (en) tazas
|-supereffective|p2b: Wellington
|-damage|p2a: Té (en) tazas|29/100
|-damage|p2b: Wellington|72/100
|-unboost|p2a: Té (en) tazas|spe|1
|-unboost|p2b: Wellington|spe|1
|move|p1b: Incineroar|Knock Off|p2a: Té (en) tazas
|-supereffective|p2a: Té (en) tazas
|-damage|p2a: Té (en) tazas|0 fnt
|-damage|p1b: Incineroar|23/100|[from] item: Rocky Helmet|[of] p2a: Té (en) tazas
|-enditem|p2a: Té (en) tazas|Rocky Helmet|[from] move: Knock Off|[of] p1b: Incineroar
|-enditem|p1b: Incineroar|Figy Berry|[eat]
|-heal|p1b: Incineroar|56/100|[from] item: Figy Berry
|faint|p2a: Té (en) tazas
|move|p2b: Wellington|Hyper Voice|p1a: Electabuzz|[spread] p1a,p1b
|-damage|p1a: Electabuzz|30/100
|-damage|p1b: Incineroar|42/100
|
|upkeep
|turn|13
|
|t:|1757242643
|move|p1a: Electabuzz|Eerie Impulse|p2b: Wellington
|-unboost|p2b: Wellington|spa|2
|move|p1b: Incineroar|Will-O-Wisp|p2b: Wellington
|-status|p2b: Wellington|brn
|move|p2b: Wellington|Hyper Voice|p1a: Electabuzz|[spread] p1a,p1b
|-damage|p1a: Electabuzz|22/100
|-damage|p1b: Incineroar|33/100
|
|-damage|p2b: Wellington|66/100 brn|[from] brn
|upkeep
|turn|14
|
|t:|1757242660
|-terastallize|p1b: Incineroar|Dragon
|move|p1a: Electabuzz|Electroweb|p2b: Wellington
|-supereffective|p2b: Wellington
|-damage|p2b: Wellington|43/100 brn
|-unboost|p2b: Wellington|spe|1
|move|p1b: Incineroar|Knock Off|p2b: Wellington
|-damage|p2b: Wellington|24/100 brn
|move|p2b: Wellington|Earth Power|p1b: Incineroar
|-damage|p1b: Incineroar|20/100
|
|-damage|p2b: Wellington|17/100 brn|[from] brn
|upkeep
|turn|15
|-message|DrXJ13 forfeited.
|
|win|predahound
||DrXJ13 is ready for game 3.
||predahound is ready for game 3.
|uhtml|next|Next: Game 3 of 3
