|j|☆clare_chan1738
|j|☆Youax55
|html|clare_chan1738Youax55    
|uhtml|bestof|Game 3 of a best-of-3
|t:|1782965036
|gametype|doubles
|player|p1|clare_chan1738|dawn-gen4pt|
|player|p2|Youax55|nate|
|gen|9
|tier|[Gen 9 Champions] VGC 2026 Reg M-B (Bo3)
|rule|Species Clause: Limit one of each Pokémon
|rule|Item Clause: Limit 1 of each item
|clearpoke
|poke|p1|Aerodactyl, L50, M|
|poke|p1|Decidueye-Hisui, L50, M|
|poke|p1|Sneasler, L50, M, shiny|
|poke|p1|Volcarona, L50, M|
|poke|p1|Hatterene, L50, F|
|poke|p1|Banette, L50, F, shiny|
|poke|p2|Arcanine-Hisui, L50, M|
|poke|p2|Pidgeot, L50, M|
|poke|p2|Weavile, L50, M|
|poke|p2|Ariados, L50, M|
|poke|p2|Hawlucha, L50, M|
|poke|p2|Vanilluxe, L50, M|
|teampreview|4
|showteam|p1|Aerodactyl||Aerodactylite|Unnerve|DualWingbeat,RockSlide,Tailwind,Protect|Jolly||M|||50|]Decidueye-Hisui||ScopeLens|Scrappy|TripleArrows,LeafBlade,SuckerPunch,Protect|Jolly||M|||50|]Sneasler||WhiteHerb|Unburden|FakeOut,DireClaw,CloseCombat,Protect|Adamant||M|||50|]Volcarona||FocusSash|FlameBody|QuiverDance,FieryDance,BugBuzz,Protect|Timid||M|||50|]Hatterene||QuickClaw|MagicBounce|Psychic,DazzlingGleam,ShadowBall,Protect|Modest||F|||50|]Banette||Banettite|CursedBody|DestinyBond,Encore,Disable,Poltergeist|Adamant||F|||50|
|showteam|p2|Arcanine-Hisui||WhiteHerb|Intimidate|RockSlide,ExtremeSpeed,FlareBlitz,Protect|Adamant||M|||50|]Pidgeot||Pidgeotite|BigPecks|Hurricane,HeatWave,Tailwind,Protect|Modest||M|||50|]Weavile||FocusSash|Pressure|FakeOut,KnockOff,IcicleCrash,Protect|Jolly||M|||50|]Ariados||ChartiBerry|Insomnia|RagePowder,ToxicThread,SuckerPunch,Protect|Impish||M|||50|]Hawlucha||Hawluchanite|Limber|Entrainment,Protect,DrainPunch,DualWingbeat|Jolly||M|||50|]Vanilluxe||ChoiceScarf|SnowWarning|FlashCannon,Blizzard,IcyWind,SheerCold|Bold||M|||50|
|j| budster16
|j| ChocoHammy
|
|t:|1782965086
|teamsize|p1|4
|teamsize|p2|4
|start
|switch|p1a: Aerodactyl|Aerodactyl, L50, M|100/100
|switch|p1b: Sneasler|Sneasler, L50, M, shiny|100/100
|switch|p2a: Weavile|Weavile, L50, M|100/100
|switch|p2b: Pidgeot|Pidgeot, L50, M|100/100
|-ability|p1a: Aerodactyl|Unnerve
|-ability|p2a: Weavile|Pressure
|turn|1
|
|t:|1782965112
|detailschange|p1a: Aerodactyl|Aerodactyl-Mega, L50, M
|-mega|p1a: Aerodactyl|Aerodactyl|Aerodactylite
|detailschange|p2b: Pidgeot|Pidgeot-Mega, L50, M
|-mega|p2b: Pidgeot|Pidgeot|Pidgeotite
|move|p1b: Sneasler|Protect|p1b: Sneasler
|-singleturn|p1b: Sneasler|Protect
|move|p2a: Weavile|Fake Out|p1b: Sneasler
|-activate|p1b: Sneasler|move: Protect
|move|p1a: Aerodactyl|Tailwind|p1a: Aerodactyl
|-sidestart|p1: clare_chan1738|move: Tailwind
|move|p2b: Pidgeot|Tailwind|p2b: Pidgeot
|-sidestart|p2: Youax55|move: Tailwind
|
|upkeep
|turn|2
|
|t:|1782965144
|move|p2a: Weavile|Protect|p2a: Weavile
|-singleturn|p2a: Weavile|Protect
|move|p1a: Aerodactyl|Rock Slide|p2a: Weavile|[spread] p2b
|-activate|p2a: Weavile|move: Protect
|-supereffective|p2b: Pidgeot|1
|-damage|p2b: Pidgeot|20/100y
|move|p2b: Pidgeot|Hurricane|p1b: Sneasler
|-supereffective|p1b: Sneasler|1
|-damage|p1b: Sneasler|0 fnt
|faint|p1b: Sneasler
|
|upkeep
|
|t:|1782965154
|switch|p1b: Volcarona|Volcarona, L50, M|100/100
|turn|3
|
|t:|1782965176
|move|p2b: Pidgeot|Protect|p2b: Pidgeot
|-singleturn|p2b: Pidgeot|Protect
|move|p1a: Aerodactyl|Rock Slide|p2b: Pidgeot|[spread] p2a
|-activate|p2b: Pidgeot|move: Protect
|-supereffective|p2a: Weavile|1
|-damage|p2a: Weavile|10/100
|cant|p2a: Weavile|flinch
|move|p1b: Volcarona|Quiver Dance|p1b: Volcarona
|-boost|p1b: Volcarona|spa|1
|-boost|p1b: Volcarona|spd|1
|-boost|p1b: Volcarona|spe|1
|
|upkeep
|turn|4
|
|t:|1782965228
|move|p1b: Volcarona|Fiery Dance|p2a: Weavile
|-supereffective|p2a: Weavile|1
|-damage|p2a: Weavile|0 fnt
|faint|p2a: Weavile
|move|p1a: Aerodactyl|Rock Slide|p2b: Pidgeot
|-supereffective|p2b: Pidgeot|1
|-damage|p2b: Pidgeot|0 fnt
|faint|p2b: Pidgeot
|
|-sideend|p2: Youax55|move: Tailwind
|-sideend|p1: clare_chan1738|move: Tailwind
|upkeep
|
|t:|1782965234
|switch|p2a: Vanilluxe|Vanilluxe, L50, M|100/100
|switch|p2b: Arcanine|Arcanine-Hisui, L50, M|100/100
|-weather|Snowscape|[from] ability: Snow Warning|[of] p2a: Vanilluxe
|-ability|p2b: Arcanine|Intimidate|boost
|-unboost|p1a: Aerodactyl|atk|1
|-unboost|p1b: Volcarona|atk|1
|turn|5
|
|t:|1782965248
|move|p1b: Volcarona|Fiery Dance|p2a: Vanilluxe
|-supereffective|p2a: Vanilluxe|1
|-damage|p2a: Vanilluxe|0 fnt
|-boost|p1b: Volcarona|spa|1
|faint|p2a: Vanilluxe
|move|p1a: Aerodactyl|Rock Slide|p2b: Arcanine
|-supereffective|p2b: Arcanine|1
|-damage|p2b: Arcanine|45/100
|move|p2b: Arcanine|Rock Slide|p1b: Volcarona|[spread] p1a,p1b
|-supereffective|p1a: Aerodactyl|1
|-supereffective|p1b: Volcarona|2
|-damage|p1a: Aerodactyl|43/100
|-enditem|p1b: Volcarona|Focus Sash
|-damage|p1b: Volcarona|1/100
|
|-weather|Snowscape|[upkeep]
|upkeep
|turn|6
|
|t:|1782965271
|move|p2b: Arcanine|Extreme Speed|p1a: Aerodactyl
|-resisted|p1a: Aerodactyl|1
|-damage|p1a: Aerodactyl|29/100
|move|p1b: Volcarona|Bug Buzz|p2b: Arcanine
|-resisted|p2b: Arcanine|1
|-damage|p2b: Arcanine|0 fnt
|faint|p2b: Arcanine
|
|win|clare_chan1738
