|j|☆A Regu1ar Guy
|j|☆marcosdeltasena31
|html|A Regu1ar Guymarcosdeltasena31    
|uhtml|bestof|Game 1 of a best-of-3
|t:|1784577214
|gametype|doubles
|player|p1|A Regu1ar Guy|elesa|1451
|player|p2|marcosdeltasena31|hilbert|1533
|gen|9
|tier|[Gen 9 Champions] VGC 2026 Reg M-B (Bo3)
|rated|
|rule|Species Clause: Limit one of each Pokémon
|rule|Item Clause: Limit 1 of each item
|clearpoke
|poke|p1|Froslass, L50, F|
|poke|p1|Dragonite, L50, F|
|poke|p1|Sneasler, L50, F|
|poke|p1|Kingambit, L50, F|
|poke|p1|Arcanine-Hisui, L50, F|
|poke|p1|Venusaur, L50, F|
|poke|p2|Charizard, L50, M, shiny|
|poke|p2|Venusaur, L50, M|
|poke|p2|Garchomp, L50, M|
|poke|p2|Incineroar, L50, F|
|poke|p2|Toxapex, L50, F|
|poke|p2|Annihilape, L50, F|
|teampreview|4
|showteam|p1|Froslass||Froslassite|CursedBody|Blizzard,ShadowBall,AuroraVeil,Protect|Timid||F|||50|]Dragonite||LifeOrb|InnerFocus|DragonClaw,ExtremeSpeed,Tailwind,Protect|Adamant||F|||50|]Sneasler||WhiteHerb|Unburden|CloseCombat,DireClaw,FakeOut,Protect|Adamant||F|||50|]Kingambit||BlackGlasses|Defiant|KowtowCleave,SuckerPunch,SwordsDance,Protect|Adamant||F|||50|]Arcanine-Hisui||FocusSash|RockHead|FlareBlitz,HeadSmash,ExtremeSpeed,Protect|Jolly||F|||50|]Venusaur||Venusaurite|Overgrow|GigaDrain,SludgeBomb,EarthPower,Protect|Modest||F|||50|
|showteam|p2|Charizard||CharizarditeY|Blaze|HeatWave,WeatherBall,Protect,HelpingHand|Modest||M|||50|]Venusaur||LifeOrb|Chlorophyll|SludgeBomb,SolarBeam,EarthPower,Protect|Modest||M|||50|]Garchomp||ChoiceScarf|RoughSkin|Earthquake,RockSlide,DragonClaw,StompingTantrum|Adamant||M|||50|]Incineroar||SitrusBerry|Intimidate|FakeOut,FlareBlitz,ThroatChop,PartingShot|Impish||F|||50|]Toxapex||Leftovers|Regenerator|Infestation,Toxic,WideGuard,BanefulBunker|Impish||F|||50|]Annihilape||FocusSash|Defiant|CloseCombat,PhantomForce,RockTomb,Protect|Jolly||F|||50|
|inactive|Battle timer is ON: inactive players will automatically lose when time's up. (requested by A Regu1ar Guy)
|inactive|marcosdeltasena31 has 60 seconds left.
|
|t:|1784577248
|teamsize|p1|4
|teamsize|p2|4
|start
|switch|p1a: Froslass|Froslass, L50, F|100/100
|switch|p1b: Dragonite|Dragonite, L50, F|100/100
|switch|p2a: Annihilape|Annihilape, L50, F|100/100
|switch|p2b: Toxapex|Toxapex, L50, F|100/100
|turn|1
|
|t:|1784577267
|switch|p1b: Kingambit|Kingambit, L50, F|100/100
|detailschange|p1a: Froslass|Froslass-Mega, L50, F
|-mega|p1a: Froslass|Froslass|Froslassite
|-weather|Snowscape|[from] ability: Snow Warning|[of] p1a: Froslass
|move|p2a: Annihilape|Protect|p2a: Annihilape
|-singleturn|p2a: Annihilape|Protect
|move|p1a: Froslass|Shadow Ball|p2a: Annihilape
|-activate|p2a: Annihilape|move: Protect
|move|p2b: Toxapex|Toxic|p1b: Kingambit
|-immune|p1b: Kingambit
|
|-weather|Snowscape|[upkeep]
|upkeep
|turn|2
|
|t:|1784577277
|move|p1b: Kingambit|Sucker Punch|p2a: Annihilape
|-damage|p2a: Annihilape|48/100
|move|p1a: Froslass|Shadow Ball|p2a: Annihilape
|-supereffective|p2a: Annihilape|1
|-damage|p2a: Annihilape|0 fnt
|faint|p2a: Annihilape
|move|p2b: Toxapex|Toxic|p1a: Froslass
|-status|p1a: Froslass|tox
|
|-weather|Snowscape|[upkeep]
|-damage|p1a: Froslass|94/100 tox|[from] psn
|upkeep
|
|t:|1784577286
|switch|p2a: Charizard|Charizard, L50, M, shiny|100/100
|turn|3
|
|t:|1784577294
|switch|p1a: Arcanine|Arcanine-Hisui, L50, F|100/100
|detailschange|p2a: Charizard|Charizard-Mega-Y, L50, M, shiny
|-mega|p2a: Charizard|Charizard|Charizardite Y
|-weather|SunnyDay|[from] ability: Drought|[of] p2a: Charizard
|move|p1b: Kingambit|Protect|p1b: Kingambit
|-singleturn|p1b: Kingambit|Protect
|move|p2a: Charizard|Heat Wave|p1b: Kingambit|[spread] p1a
|-activate|p1b: Kingambit|move: Protect
|-resisted|p1a: Arcanine|2
|-damage|p1a: Arcanine|81/100
|move|p2b: Toxapex|Infestation|p1b: Kingambit
|-activate|p1b: Kingambit|move: Protect
|
|-weather|SunnyDay|[upkeep]
|upkeep
|turn|4
|
|t:|1784577313
|move|p2a: Charizard|Protect|p2a: Charizard
|-singleturn|p2a: Charizard|Protect
|move|p1a: Arcanine|Head Smash|p2a: Charizard
|-activate|p2a: Charizard|move: Protect
|move|p1b: Kingambit|Swords Dance|p1b: Kingambit
|-boost|p1b: Kingambit|atk|2
|move|p2b: Toxapex|Infestation|p1b: Kingambit
|-damage|p1b: Kingambit|97/100
|-activate|p1b: Kingambit|move: Infestation|[of] p2b: Toxapex
|
|-weather|SunnyDay|[upkeep]
|-damage|p1b: Kingambit|85/100|[from] move: Infestation|[partiallytrapped]
|upkeep
|turn|5
|
|t:|1784577323
|switch|p2a: Garchomp|Garchomp, L50, M|100/100
|move|p1a: Arcanine|Head Smash|p2a: Garchomp
|-resisted|p2a: Garchomp|1
|-damage|p2a: Garchomp|65/100
|-damage|p1a: Arcanine|69/100|[from] ability: Rough Skin|[of] p2a: Garchomp
|move|p1b: Kingambit|Kowtow Cleave|p2a: Garchomp
|-damage|p2a: Garchomp|0 fnt
|-damage|p1b: Kingambit|72/100|[from] ability: Rough Skin|[of] p2a: Garchomp
|faint|p2a: Garchomp
|move|p2b: Toxapex|Toxic|p1a: Arcanine
|-status|p1a: Arcanine|tox
|
|-weather|SunnyDay|[upkeep]
|-damage|p1a: Arcanine|63/100 tox|[from] psn
|-damage|p1b: Kingambit|60/100|[from] move: Infestation|[partiallytrapped]
|upkeep
|
|t:|1784577339
|switch|p2a: Charizard|Charizard-Mega-Y, L50, M, shiny|100/100
|turn|6
|
|t:|1784577344
|move|p2a: Charizard|Protect|p2a: Charizard
|-singleturn|p2a: Charizard|Protect
|move|p1a: Arcanine|Head Smash|p2a: Charizard
|-activate|p2a: Charizard|move: Protect
|move|p1b: Kingambit|Kowtow Cleave|p2b: Toxapex
|-damage|p2b: Toxapex|25/100
|move|p2b: Toxapex|Infestation|p1a: Arcanine
|-resisted|p1a: Arcanine|1
|-damage|p1a: Arcanine|61/100 tox
|-activate|p1a: Arcanine|move: Infestation|[of] p2b: Toxapex
|
|-weather|SunnyDay|[upkeep]
|-heal|p2b: Toxapex|31/100|[from] item: Leftovers
|-damage|p1a: Arcanine|50/100g tox|[from] psn
|-damage|p1a: Arcanine|38/100 tox|[from] move: Infestation|[partiallytrapped]
|-damage|p1b: Kingambit|48/100|[from] move: Infestation|[partiallytrapped]
|upkeep
|turn|7
|
|t:|1784577361
|move|p2a: Charizard|Protect||[still]
|-fail|p2a: Charizard
|move|p2b: Toxapex|Baneful Bunker|p2b: Toxapex
|-singleturn|p2b: Toxapex|move: Protect
|move|p1b: Kingambit|Sucker Punch||[still]
|-fail|p1b: Kingambit
|move|p1a: Arcanine|Head Smash|p2a: Charizard
|-supereffective|p2a: Charizard|2
|-damage|p2a: Charizard|0 fnt
|faint|p2a: Charizard
|
|-weather|none
|-heal|p2b: Toxapex|36/100|[from] item: Leftovers
|-damage|p1a: Arcanine|20/100y tox|[from] psn
|-damage|p1a: Arcanine|8/100 tox|[from] move: Infestation|[partiallytrapped]
|-damage|p1b: Kingambit|36/100|[from] move: Infestation|[partiallytrapped]
|upkeep
|turn|8
|
|t:|1784577369
|move|p2b: Toxapex|Baneful Bunker|p2b: Toxapex
|-singleturn|p2b: Toxapex|move: Protect
|move|p1a: Arcanine|Head Smash|p2b: Toxapex
|-activate|p2b: Toxapex|move: Protect
|move|p1b: Kingambit|Kowtow Cleave|p2b: Toxapex
|-activate|p2b: Toxapex|move: Protect
|
|-heal|p2b: Toxapex|42/100|[from] item: Leftovers
|-damage|p1a: Arcanine|0 fnt|[from] psn
|faint|p1a: Arcanine
|-damage|p1b: Kingambit|24/100|[from] move: Infestation|[partiallytrapped]
|upkeep
|-message|marcosdeltasena31 forfeited.
|
|win|A Regu1ar Guy
|l|☆marcosdeltasena31
|player|p2|
||marcosdeltasena31 is ready for game 2.
||A Regu1ar Guy is ready for game 2.
|uhtml|next|Next: Game 2 of 3
