|j|☆Dysarster
|j|☆k8mck
|html|Dysarsterk8mck    
|uhtml|bestof|Game 1 of a best-of-3
|t:|1756423457
|gametype|doubles
|player|p1|Dysarster|swimmer-gen4dp|1024
|player|p2|k8mck|169|1099
|gen|9
|tier|[Gen 9] VGC 2025 Reg H (Bo3)
|rated|
|rule|Species Clause: Limit one of each Pokémon
|rule|Item Clause: Limit 1 of each item
|clearpoke
|poke|p1|Primarina, L50, M|
|poke|p1|Ninetales-Alola, L50, F|
|poke|p1|Gothitelle, L50, F|
|poke|p1|Incineroar, L50, F|
|poke|p1|Salamence, L50, F|
|poke|p1|Sneasler, L50, F|
|poke|p2|Sinistcha, L50|
|poke|p2|Talonflame, L50, F|
|poke|p2|Sneasler, L50, F|
|poke|p2|Primarina, L50, M|
|poke|p2|Ursaluna-Bloodmoon, L50, M|
|poke|p2|Annihilape, L50, F|
|teampreview|4
|showteam|p1|Primarina||ThroatSpray|LiquidVoice|Blizzard,HyperVoice,Moonblast,Protect|||M|||50|,,,,,Steel]Ninetales-Alola||LightClay|SnowWarning|FreezeDry,IcyWind,Blizzard,AuroraVeil|||F|||50|,,,,,Ghost]Gothitelle||SitrusBerry|ShadowTag|FakeOut,Psychic,TrickRoom,Protect|||F|||50|,,,,,Dark]Incineroar||SafetyGoggles|Intimidate|FakeOut,FlareBlitz,KnockOff,PartingShot|||F|||50|,,,,,Fire]Salamence||CovertCloak|Intimidate|DracoMeteor,HeatWave,Tailwind,Protect|||F|||50|,,,,,Steel]Sneasler||FocusSash|Unburden|FakeOut,DireClaw,CloseCombat,Protect|||F|||50|,,,,,Grass
|showteam|p2|Sinistcha||RockyHelmet|Hospitality|TrickRoom,ShadowBall,MatchaGotcha,RagePowder||||||50|,,,,,Water]Talonflame||CovertCloak|GaleWings|Tailwind,BraveBird,Protect,Uturn|||F|||50|,,,,,Stellar]Sneasler||FocusSash|Unburden|DireClaw,CloseCombat,FakeOut,Taunt|||F|||50|,,,,,Dark]Primarina||ThroatSpray|LiquidVoice|HyperVoice,Moonblast,Protect,Haze|||M|||50|,,,,,Poison]Ursaluna-Bloodmoon||AssaultVest|MindsEye|BloodMoon,HyperVoice,Snarl,EarthPower|||M|||50|,,,,,Ghost]Annihilape||SafetyGoggles|Defiant|DrainPunch,RageFist,BulkUp,Protect|||F|||50|,,,,,Fire
|inactive|Battle timer is ON: inactive players will automatically lose when time's up. (requested by Dysarster)
|inactive|k8mck has 60 seconds left.
|
|t:|1756423498
|teamsize|p1|4
|teamsize|p2|4
|start
|switch|p1a: Salamence|Salamence, L50, F|100/100
|switch|p1b: Sneasler|Sneasler, L50, F|100/100
|switch|p2a: Talonflame|Talonflame, L50, F|100/100
|switch|p2b: Sinistcha|Sinistcha, L50|100/100
|-ability|p1a: Salamence|Intimidate|boost
|-unboost|p2a: Talonflame|atk|1
|-unboost|p2b: Sinistcha|atk|1
|turn|1
|inactive|k8mck has 30 seconds left.
|
|t:|1756423533
|move|p2a: Talonflame|U-turn|p1a: Salamence
|-resisted|p1a: Salamence
|-damage|p1a: Salamence|93/100
|
|t:|1756423539
|switch|p2a: Ursaluna|Ursaluna-Bloodmoon, L50, M|100/100|[from] U-turn
|move|p1b: Sneasler|Dire Claw|p2a: Ursaluna
|-resisted|p2a: Ursaluna
|-damage|p2a: Ursaluna|87/100
|move|p1a: Salamence|Tailwind|p1a: Salamence
|-sidestart|p1: Dysarster|move: Tailwind
|move|p2b: Sinistcha|Trick Room|p2b: Sinistcha
|-fieldstart|move: Trick Room|[of] p2b: Sinistcha
|
|upkeep
|turn|2
|inactive|Dysarster has 30 seconds left.
|inactive|k8mck has 30 seconds left.
|
|t:|1756423569
|-terastallize|p2a: Ursaluna|Ghost
|move|p1b: Sneasler|Protect|p1b: Sneasler
|-singleturn|p1b: Sneasler|Protect
|move|p2b: Sinistcha|Rage Powder|p2b: Sinistcha
|-singleturn|p2b: Sinistcha|move: Rage Powder
|move|p2a: Ursaluna|Hyper Voice|p1b: Sneasler|[spread] p1a
|-activate|p1b: Sneasler|move: Protect
|-damage|p1a: Salamence|45/100
|move|p1a: Salamence|Draco Meteor|p2b: Sinistcha
|-damage|p2b: Sinistcha|43/100
|-unboost|p1a: Salamence|spa|2
|
|upkeep
|turn|3
|
|t:|1756423588
|switch|p1a: Primarina|Primarina, L50, M|100/100
|move|p2b: Sinistcha|Rage Powder|p2b: Sinistcha
|-singleturn|p2b: Sinistcha|move: Rage Powder
|move|p2a: Ursaluna|Hyper Voice|p1b: Sneasler|[spread] p1a,p1b
|-damage|p1a: Primarina|68/100
|-damage|p1b: Sneasler|50/100
|move|p1b: Sneasler|Dire Claw|p2b: Sinistcha
|-damage|p2b: Sinistcha|4/100
|-status|p2b: Sinistcha|slp
|-damage|p1b: Sneasler|34/100|[from] item: Rocky Helmet|[of] p2b: Sinistcha
|
|upkeep
|turn|4
|inactive|k8mck has 30 seconds left.
|
|t:|1756423615
|move|p1b: Sneasler|Protect|p1b: Sneasler
|-singleturn|p1b: Sneasler|Protect
|cant|p2b: Sinistcha|slp
|move|p2a: Ursaluna|Hyper Voice|p1b: Sneasler|[spread] p1a
|-activate|p1b: Sneasler|move: Protect
|-damage|p1a: Primarina|32/100
|move|p1a: Primarina|Hyper Voice|p2a: Ursaluna|[spread] p2a,p2b
|-resisted|p2b: Sinistcha
|-damage|p2a: Ursaluna|60/100
|-damage|p2b: Sinistcha|0 fnt
|faint|p2b: Sinistcha
|-enditem|p1a: Primarina|Throat Spray
|-boost|p1a: Primarina|spa|1|[from] item: Throat Spray
|
|-sideend|p1: Dysarster|move: Tailwind
|upkeep
|
|t:|1756423629
|switch|p2b: Primarina|Primarina, L50, M|100/100
|turn|5
|
|t:|1756423649
|switch|p1b: Salamence|Salamence, L50, F|45/100
|-ability|p1b: Salamence|Intimidate|boost
|-unboost|p2a: Ursaluna|atk|1
|-unboost|p2b: Primarina|atk|1
|move|p1a: Primarina|Protect|p1a: Primarina
|-singleturn|p1a: Primarina|Protect
|move|p2a: Ursaluna|Hyper Voice|p1b: Salamence|[spread] p1b
|-activate|p1a: Primarina|move: Protect
|-damage|p1b: Salamence|0 fnt
|faint|p1b: Salamence
|move|p2b: Primarina|Moonblast|p1a: Primarina
|-activate|p1a: Primarina|move: Protect
|
|-fieldend|move: Trick Room
|upkeep
|
|t:|1756423673
|switch|p1b: Ninetales|Ninetales-Alola, L50, F, shiny|100/100
|-weather|Snowscape|[from] ability: Snow Warning|[of] p1b: Ninetales
|turn|6
|
|t:|1756423690
|move|p1b: Ninetales|Aurora Veil|p1b: Ninetales
|-sidestart|p1: Dysarster|move: Aurora Veil
|move|p1a: Primarina|Blizzard|p2a: Ursaluna|[spread] p2a,p2b
|-resisted|p2b: Primarina
|-damage|p2a: Ursaluna|28/100
|-damage|p2b: Primarina|82/100
|-status|p2b: Primarina|frz
|cant|p2b: Primarina|frz
|move|p2a: Ursaluna|Earth Power|p1b: Ninetales
|-damage|p1b: Ninetales|60/100
|-unboost|p1b: Ninetales|spd|1
|
|-weather|Snowscape|[upkeep]
|upkeep
|turn|7
|
|t:|1756423706
|move|p1b: Ninetales|Freeze-Dry|p2b: Primarina
|-supereffective|p2b: Primarina
|-damage|p2b: Primarina|36/100 frz
|move|p1a: Primarina|Blizzard|p2b: Primarina|[spread] p2a,p2b
|-resisted|p2b: Primarina
|-damage|p2a: Ursaluna|0 fnt
|-damage|p2b: Primarina|17/100 frz
|faint|p2a: Ursaluna
|-curestatus|p2b: Primarina|frz|[msg]
|move|p2b: Primarina|Moonblast|p1a: Primarina
|-damage|p1a: Primarina|4/100
|
|-weather|Snowscape|[upkeep]
|upkeep
|
|t:|1756423717
|switch|p2a: Talonflame|Talonflame, L50, F|100/100
|turn|8
|
|t:|1756423735
|switch|p1a: Sneasler|Sneasler, L50, F|34/100
|move|p2a: Talonflame|Brave Bird|p1a: Sneasler
|-supereffective|p1a: Sneasler
|-damage|p1a: Sneasler|0 fnt
|faint|p1a: Sneasler
|-damage|p2a: Talonflame|89/100|[from] Recoil
|move|p1b: Ninetales|Freeze-Dry|p2b: Primarina
|-supereffective|p2b: Primarina
|-damage|p2b: Primarina|0 fnt
|faint|p2b: Primarina
|
|-weather|Snowscape|[upkeep]
|upkeep
|
|t:|1756423748
|switch|p1a: Primarina|Primarina, L50, M|4/100
|turn|9
|j| Arkhept
|
|t:|1756423754
|move|p1a: Primarina|Protect|p1a: Primarina
|-singleturn|p1a: Primarina|Protect
|move|p2a: Talonflame|Brave Bird|p1a: Primarina
|-activate|p1a: Primarina|move: Protect
|move|p1b: Ninetales|Blizzard|p2a: Talonflame
|-damage|p2a: Talonflame|26/100
|
|-weather|Snowscape|[upkeep]
|upkeep
|turn|10
|l| Arkhept
|
|t:|1756423764
|move|p2a: Talonflame|Brave Bird|p1b: Ninetales
|-damage|p1b: Ninetales|32/100
|-damage|p2a: Talonflame|17/100|[from] Recoil
|move|p1b: Ninetales|Blizzard|p2a: Talonflame
|-damage|p2a: Talonflame|0 fnt
|faint|p2a: Talonflame
|
|win|Dysarster
|inactive|Dysarster has 30 seconds to confirm battle start!
|inactive|k8mck has 30 seconds to confirm battle start!
