|j|☆j0el_02
|j|☆PieroGT4
|html|j0el_02PieroGT4    
|uhtml|bestof|Game 1 of a best-of-3
|t:|1782406451
|gametype|doubles
|player|p1|j0el_02|265|1084
|player|p2|PieroGT4|1|1053
|gen|9
|tier|[Gen 9 Champions] VGC 2026 Reg M-B (Bo3)
|rated|
|rule|Species Clause: Limit one of each Pokémon
|rule|Item Clause: Limit 1 of each item
|clearpoke
|poke|p1|Sylveon, L50, M, shiny|
|poke|p1|Oranguru, L50, F|
|poke|p1|Charizard, L50, F|
|poke|p1|Swampert, L50, M|
|poke|p1|Sinistcha, L50|
|poke|p1|Excadrill, L50, F|
|poke|p2|Metagross, L50|
|poke|p2|Hydreigon, L50, M|
|poke|p2|Pelipper, L50, M|
|poke|p2|Floette-Eternal, L50, F|
|poke|p2|Incineroar, L50, M|
|poke|p2|Sinistcha, L50|
|teampreview|4
|showteam|p1|Sylveon||FairyFeather|Pixilate|HyperBeam,QuickAttack,Detect,HyperVoice|Quiet||M|||50|]Oranguru||BabiriBerry|InnerFocus|Psychic,RainDance,TrickRoom,Instruct|Relaxed||F|||50|]Charizard||CharizarditeY|SolarPower|HeatWave,WeatherBall,Protect,SolarBeam|Modest||F|||50|]Swampert||Swampertite|Torrent|WaveCrash,FlipTurn,BodyPress,Protect|Adamant||M|||50|]Sinistcha||Leftovers|Hospitality|TrickRoom,MatchaGotcha,Reflect,RagePowder|Quiet|||||50|]Excadrill||FocusSash|MoldBreaker|Earthquake,IronHead,RockBlast,Protect|Adamant||F|||50|
|showteam|p2|Metagross||Metagrossite|ClearBody|IronHead,PsychicFangs,IcePunch,Protect|Jolly|||||50|]Hydreigon||ChoiceScarf|Levitate|DarkPulse,DracoMeteor,Flamethrower,Snarl|Modest||M|||50|]Pelipper||FocusSash|Drizzle|Hurricane,WeatherBall,Tailwind,Protect|Modest||M|||50|]Floette-Eternal||Floettite|FlowerVeil|Moonblast,DazzlingGleam,CalmMind,Protect|Modest||F|||50|]Incineroar||PasshoBerry|Intimidate|ThroatChop,FlareBlitz,FakeOut,PartingShot|Impish||M|||50|]Sinistcha||KasibBerry|Hospitality|RagePowder,MatchaGotcha,TrickRoom,Protect|Bold|||||50|
|inactive|Battle timer is ON: inactive players will automatically lose when time's up. (requested by PieroGT4)
|
|t:|1782406502
|teamsize|p1|4
|teamsize|p2|4
|start
|switch|p1a: Charizard|Charizard, L50, F|100/100
|switch|p1b: Excadrill|Excadrill, L50, F|100/100
|switch|p2a: Hydreigon|Hydreigon, L50, M|100/100
|switch|p2b: Floette|Floette-Eternal, L50, F|100/100
|-ability|p1b: Excadrill|Mold Breaker
|turn|1
|inactive|j0el_02 has 30 seconds left.
|inactive|j0el_02 has 20 seconds left.
|
|t:|1782406541
|switch|p2b: Incineroar|Incineroar, L50, M|100/100
|-ability|p2b: Incineroar|Intimidate|boost
|-unboost|p1a: Charizard|atk|1
|-unboost|p1b: Excadrill|atk|1
|detailschange|p1a: Charizard|Charizard-Mega-Y, L50, F
|-mega|p1a: Charizard|Charizard|Charizardite Y
|-weather|SunnyDay|[from] ability: Drought|[of] p1a: Charizard
|move|p2a: Hydreigon|Snarl|p1a: Charizard|[spread] p1a,p1b
|-damage|p1a: Charizard|76/100
|-damage|p1b: Excadrill|74/100
|-unboost|p1a: Charizard|spa|1
|-unboost|p1b: Excadrill|spa|1
|move|p1a: Charizard|Heat Wave|p2b: Incineroar|[spread] p2b
|-miss|p1a: Charizard|p2a: Hydreigon
|-resisted|p2b: Incineroar|1
|-damage|p2b: Incineroar|79/100
|move|p1b: Excadrill|Iron Head|p2b: Incineroar
|-resisted|p2b: Incineroar|1
|-damage|p2b: Incineroar|66/100
|
|-weather|SunnyDay|[upkeep]
|upkeep
|turn|2
|inactive|j0el_02 has 30 seconds left.
|inactive|PieroGT4 has 30 seconds left.
|inactive|j0el_02 has 20 seconds left.
|inactive|PieroGT4 has 20 seconds left.
|
|t:|1782406579
|switch|p1b: Oranguru|Oranguru, L50, F|100/100
|move|p1a: Charizard|Protect|p1a: Charizard
|-singleturn|p1a: Charizard|Protect
|move|p2a: Hydreigon|Snarl|p1b: Oranguru|[spread] p1b
|-activate|p1a: Charizard|move: Protect
|-supereffective|p1b: Oranguru|1
|-damage|p1b: Oranguru|49/100
|-unboost|p1b: Oranguru|spa|1
|move|p2b: Incineroar|Parting Shot|p1b: Oranguru
|-unboost|p1b: Oranguru|atk|1
|-unboost|p1b: Oranguru|spa|1
|
|t:|1782406594
|switch|p2b: Floette|Floette-Eternal, L50, F|100/100|[from] Parting Shot
|
|-weather|SunnyDay|[upkeep]
|upkeep
|turn|3
|inactive|j0el_02 has 30 seconds left.
|
|t:|1782406629
|switch|p1a: Swampert|Swampert, L50, M|100/100
|switch|p1b: Excadrill|Excadrill, L50, F|74/100
|-ability|p1b: Excadrill|Mold Breaker
|detailschange|p2b: Floette|Floette-Mega, L50, F
|-mega|p2b: Floette|Floette|Floettite
|-ability|p2b: Floette|Fairy Aura
|move|p2a: Hydreigon|Snarl|p1b: Excadrill|[spread] p1a
|-miss|p2a: Hydreigon|p1b: Excadrill
|-crit|p1a: Swampert
|-damage|p1a: Swampert|61/100
|-unboost|p1a: Swampert|spa|1
|move|p2b: Floette|Moonblast|p1a: Swampert
|-damage|p1a: Swampert|0 fnt
|faint|p1a: Swampert
|
|-weather|SunnyDay|[upkeep]
|upkeep
|
|t:|1782406649
|switch|p1a: Charizard|Charizard-Mega-Y, L50, F|76/100
|turn|4
|
|t:|1782406662
|move|p2b: Floette|Protect|p2b: Floette
|-singleturn|p2b: Floette|Protect
|move|p2a: Hydreigon|Snarl|p1b: Excadrill|[spread] p1a,p1b
|-damage|p1a: Charizard|52/100
|-damage|p1b: Excadrill|48/100
|-unboost|p1a: Charizard|spa|1
|-unboost|p1b: Excadrill|spa|1
|move|p1a: Charizard|Weather Ball|p2a: Hydreigon
|-resisted|p2a: Hydreigon|1
|-crit|p2a: Hydreigon
|-damage|p2a: Hydreigon|16/100
|move|p1b: Excadrill|Earthquake|p2b: Floette|[spread] p2a
|-activate|p2b: Floette|move: Protect
|-immune|p1a: Charizard
|-damage|p2a: Hydreigon|0 fnt
|faint|p2a: Hydreigon
|
|-weather|SunnyDay|[upkeep]
|upkeep
|
|t:|1782406686
|switch|p2a: Incineroar|Incineroar, L50, M|66/100
|-ability|p2a: Incineroar|Intimidate|boost
|-unboost|p1a: Charizard|atk|1
|-unboost|p1b: Excadrill|atk|1
|turn|5
|
|t:|1782406709
|switch|p1b: Oranguru|Oranguru, L50, F|49/100
|move|p1a: Charizard|Protect|p1a: Charizard
|-singleturn|p1a: Charizard|Protect
|move|p2a: Incineroar|Fake Out|p1b: Oranguru
|-damage|p1b: Oranguru|38/100
|move|p2b: Floette|Calm Mind|p2b: Floette
|-boost|p2b: Floette|spa|1
|-boost|p2b: Floette|spd|1
|
|-weather|none
|upkeep
|turn|6
|inactive|j0el_02 has 30 seconds left.
|inactive|PieroGT4 has 30 seconds left.
|inactive|j0el_02 has 20 seconds left.
|inactive|j0el_02 has 15 seconds left.
|inactive|j0el_02 has 10 seconds left.
|inactive|j0el_02 has 5 seconds left.
|
|t:|1782406761
|move|p2b: Floette|Moonblast|p1a: Charizard
|-resisted|p1a: Charizard|1
|-damage|p1a: Charizard|0 fnt
|faint|p1a: Charizard
|move|p2a: Incineroar|Throat Chop|p1b: Oranguru
|-supereffective|p1b: Oranguru|1
|-damage|p1b: Oranguru|0 fnt
|faint|p1b: Oranguru
|
|upkeep
|
|t:|1782406769
|switch|p1b: Excadrill|Excadrill, L50, F|48/100
|-ability|p1b: Excadrill|Mold Breaker
|turn|7
|
|t:|1782406783
|switch|p2a: Sinistcha|Sinistcha, L50|100/100
|move|p2b: Floette|Protect|p2b: Floette
|-singleturn|p2b: Floette|Protect
|move|p1b: Excadrill|Earthquake|p2b: Floette|[spread] p2a
|-activate|p2b: Floette|move: Protect
|-resisted|p2a: Sinistcha|1
|-damage|p2a: Sinistcha|84/100
|
|upkeep
|turn|8
|
|t:|1782406809
|move|p2a: Sinistcha|Rage Powder|p2a: Sinistcha
|-singleturn|p2a: Sinistcha|move: Rage Powder
|move|p2b: Floette|Moonblast|p1b: Excadrill
|-resisted|p1b: Excadrill|1
|-damage|p1b: Excadrill|0 fnt
|faint|p1b: Excadrill
|
|win|PieroGT4
||j0el_02 is ready for game 2.
||PieroGT4 is ready for game 2.
|uhtml|next|Next: Game 2 of 3
