|j|☆tuckered out1
|j|☆P!nkbearz07
|html|tuckered out1P!nkbearz07    
|uhtml|bestof|Game 2 of a best-of-3
|t:|1757722874
|gametype|doubles
|player|p1|tuckered out1|gentleman-gen4|1032
|player|p2|P!nkbearz07|marlon|1015
|gen|9
|tier|[Gen 9] VGC 2025 Reg H (Bo3)
|rated|
|rule|Species Clause: Limit one of each Pokémon
|rule|Item Clause: Limit 1 of each item
|clearpoke
|poke|p1|Gyarados, L50, F|
|poke|p1|Pachirisu, L50, M|
|poke|p1|Gothitelle, L50, F|
|poke|p1|Gardevoir, L50, F|
|poke|p1|Garchomp, L50, M|
|poke|p1|Talonflame, L50, F|
|poke|p2|Whimsicott, L50, F|
|poke|p2|Lurantis, L50, M|
|poke|p2|Tsareena, L50, F|
|poke|p2|Sunflora, L50, M|
|poke|p2|Rillaboom, L50, M|
|poke|p2|Chesnaught, L50, F|
|teampreview|4
|showteam|p1|Gyarados||MysticWater|Intimidate|DragonDance,Waterfall,Earthquake,Protect|||F|||50|,,,,,Water]Pachirisu||SitrusBerry|VoltAbsorb|Nuzzle,FollowMe,SuperFang,Protect|||M|||50|,,,,,Steel]Gothitelle||Leftovers|ShadowTag|Psyshock,ThunderWave,Tickle,Protect|||F|||50|,,,,,Water]Gardevoir||ChoiceScarf|Telepathy|DazzlingGleam,Psychic,Moonblast,Trick|||F|||50|,,,,,Fairy]Garchomp||FocusSash|RoughSkin|Earthquake,DragonClaw,RockSlide,Protect|||M|||50|,,,,,Fairy]Talonflame||LifeOrb|GaleWings|BraveBird,Overheat,Taunt,Tailwind|||F|||50|,,,,,Fire
|showteam|p2|Whimsicott||FocusSash|Prankster|Moonblast,Tailwind,FakeTears,Tickle|||F|||50|,,,,,Ghost]Lurantis||CovertCloak|Contrary|TeraBlast,Superpower,GrassyGlide,Protect|||M|||50|,,,,,Fire]Tsareena||GrassySeed|QueenlyMajesty|Acrobatics,HighJumpKick,SeedBomb,Protect|||F|||50|,,,,,Flying]Sunflora||LifeOrb|SolarPower|EnergyBall,EarthPower,DazzlingGleam,Protect|||M|||50|,,,,,Stellar]Rillaboom||AssaultVest|GrassySurge|FakeOut,GrassyGlide,WoodHammer,Uturn|||M|||50|,,,,,Water]Chesnaught||RockyHelmet|Bulletproof|GrassyGlide,BodyPress,IronDefense,WideGuard|||F|||50|,,,,,Fire
|inactive|Battle timer is ON: inactive players will automatically lose when time's up. (requested by tuckered out1)
|inactive|P!nkbearz07 also wants the timer to be on.
|j| timmytheglueeater
|inactive|P!nkbearz07 has 60 seconds left.
|
|t:|1757722934
|teamsize|p1|4
|teamsize|p2|4
|start
|switch|p1a: Gardevoir|Gardevoir, L50, F|100/100
|switch|p1b: Pachirisu|Pachirisu, L50, M|100/100
|switch|p2a: Lurantis|Lurantis, L50, M, shiny|100/100
|switch|p2b: Whimsicott|Whimsicott, L50, F, shiny|100/100
|turn|1
|
|t:|1757722956
|-terastallize|p2a: Lurantis|Fire
|move|p2b: Whimsicott|Fake Tears|p2a: Lurantis
|-boost|p2a: Lurantis|spd|2
|move|p1a: Gardevoir|Psychic|p2a: Lurantis
|-damage|p2a: Lurantis|75/100
|move|p1b: Pachirisu|Nuzzle|p2b: Whimsicott
|-resisted|p2b: Whimsicott
|-damage|p2b: Whimsicott|98/100
|-status|p2b: Whimsicott|par
|move|p2a: Lurantis|Superpower|p1b: Pachirisu
|-damage|p1b: Pachirisu|63/100
|-boost|p2a: Lurantis|atk|1
|-boost|p2a: Lurantis|def|1
|
|upkeep
|turn|2
|
|t:|1757722970
|move|p2b: Whimsicott|Fake Tears|p2a: Lurantis
|-boost|p2a: Lurantis|spd|2
|move|p1a: Gardevoir|Psychic|p2b: Whimsicott
|-damage|p2b: Whimsicott|21/100 par
|move|p1b: Pachirisu|Super Fang|p2a: Lurantis
|-damage|p2a: Lurantis|38/100
|move|p2a: Lurantis|Superpower|p1b: Pachirisu
|-damage|p1b: Pachirisu|9/100
|-boost|p2a: Lurantis|atk|1
|-boost|p2a: Lurantis|def|1
|-enditem|p1b: Pachirisu|Sitrus Berry|[eat]
|-heal|p1b: Pachirisu|33/100|[from] item: Sitrus Berry
|
|upkeep
|turn|3
|
|t:|1757722981
|move|p2a: Lurantis|Protect|p2a: Lurantis
|-singleturn|p2a: Lurantis|Protect
|move|p1b: Pachirisu|Follow Me|p1b: Pachirisu
|-singleturn|p1b: Pachirisu|move: Follow Me
|move|p2b: Whimsicott|Tailwind|p2b: Whimsicott
|-sidestart|p2: P!nkbearz07|move: Tailwind
|move|p1a: Gardevoir|Psychic|p2b: Whimsicott
|-damage|p2b: Whimsicott|0 fnt
|faint|p2b: Whimsicott
|
|upkeep
|
|t:|1757722989
|switch|p2b: Rillaboom|Rillaboom, L50, M, shiny|100/100
|-fieldstart|move: Grassy Terrain|[from] ability: Grassy Surge|[of] p2b: Rillaboom
|turn|4
|
|t:|1757722996
|move|p2b: Rillaboom|Grassy Glide|p1b: Pachirisu
|-damage|p1b: Pachirisu|0 fnt
|faint|p1b: Pachirisu
|move|p2a: Lurantis|Grassy Glide|p1a: Gardevoir
|-damage|p1a: Gardevoir|0 fnt
|faint|p1a: Gardevoir
|
|-heal|p2a: Lurantis|44/100|[from] Grassy Terrain
|upkeep
|
|t:|1757722999
|switch|p1a: Talonflame|Talonflame, L50, F|100/100
|switch|p1b: Gyarados|Gyarados, L50, F|100/100
|-ability|p1b: Gyarados|Intimidate|boost
|-boost|p2a: Lurantis|atk|1
|-unboost|p2b: Rillaboom|atk|1
|turn|5
|
|t:|1757723014
|move|p2b: Rillaboom|Grassy Glide|p1a: Talonflame
|-resisted|p1a: Talonflame
|-damage|p1a: Talonflame|93/100
|move|p2a: Lurantis|Grassy Glide|p1a: Talonflame
|-resisted|p1a: Talonflame
|-damage|p1a: Talonflame|61/100
|move|p1a: Talonflame|Brave Bird|p2b: Rillaboom
|-supereffective|p2b: Rillaboom
|-damage|p2b: Rillaboom|7/100
|-damage|p1a: Talonflame|23/100|[from] Recoil
|-damage|p1a: Talonflame|13/100|[from] item: Life Orb
|move|p1b: Gyarados|Waterfall|p2a: Lurantis
|-supereffective|p2a: Lurantis
|-damage|p2a: Lurantis|0 fnt
|faint|p2a: Lurantis
|
|-heal|p2b: Rillaboom|14/100|[from] Grassy Terrain
|upkeep
|
|t:|1757723018
|switch|p2a: Tsareena|Tsareena, L50, F, shiny|100/100
|-enditem|p2a: Tsareena|Grassy Seed
|-boost|p2a: Tsareena|def|1|[from] item: Grassy Seed
|turn|6
|
|t:|1757723043
|move|p2b: Rillaboom|Wood Hammer|p1a: Talonflame
|-resisted|p1a: Talonflame
|-damage|p1a: Talonflame|0 fnt
|faint|p1a: Talonflame
|-damage|p2b: Rillaboom|10/100|[from] Recoil
|move|p2a: Tsareena|Seed Bomb|p1b: Gyarados
|-damage|p1b: Gyarados|37/100
|move|p1b: Gyarados|Waterfall|p2b: Rillaboom
|-resisted|p2b: Rillaboom
|-damage|p2b: Rillaboom|0 fnt
|faint|p2b: Rillaboom
|
|-sideend|p2: P!nkbearz07|move: Tailwind
|upkeep
|turn|7
|
|t:|1757723049
|move|p1b: Gyarados|Waterfall|p2a: Tsareena
|-resisted|p2a: Tsareena
|-damage|p2a: Tsareena|80/100
|cant|p2a: Tsareena|flinch
|
|-heal|p2a: Tsareena|86/100|[from] Grassy Terrain
|upkeep
|turn|8
|
|t:|1757723054
|move|p1b: Gyarados|Waterfall|p2a: Tsareena
|-resisted|p2a: Tsareena
|-damage|p2a: Tsareena|68/100
|cant|p2a: Tsareena|flinch
|
|-heal|p2a: Tsareena|74/100|[from] Grassy Terrain
|-fieldend|move: Grassy Terrain
|upkeep
|turn|9
|
|t:|1757723061
|move|p1b: Gyarados|Waterfall|p2a: Tsareena
|-resisted|p2a: Tsareena
|-damage|p2a: Tsareena|55/100
|move|p2a: Tsareena|Seed Bomb|p1b: Gyarados
|-damage|p1b: Gyarados|0 fnt
|faint|p1b: Gyarados
|
|win|P!nkbearz07
