|j|☆Arsene1020
|j|☆jukesmuygaymer
|html|Arsene1020jukesmuygaymer    
|uhtml|bestof|Game 1 of a best-of-3
|t:|1785426750
|gametype|doubles
|player|p1|Arsene1020|chuck|1052
|player|p2|jukesmuygaymer|flint|1000
|gen|9
|tier|[Gen 9 Champions] VGC 2026 Reg M-B (Bo3)
|rated|
|rule|Species Clause: Limit one of each Pokémon
|rule|Item Clause: Limit 1 of each item
|clearpoke
|poke|p1|Swampert, L50, F|
|poke|p1|Staraptor, L50, F|
|poke|p1|Pelipper, L50, M|
|poke|p1|Farigiraf, L50, F|
|poke|p1|Kingambit, L50, F|
|poke|p1|Grimmsnarl, L50, M|
|poke|p2|Staraptor, L50, M|
|poke|p2|Delphox, L50, M|
|poke|p2|Whimsicott, L50, F|
|poke|p2|Kingambit, L50, M|
|poke|p2|Garchomp, L50, M|
|poke|p2|Glimmora, L50, F|
|teampreview|4
|showteam|p1|Swampert||Swampertite|Damp|WaveCrash,Earthquake,IcePunch,Protect|Adamant||F|||50|]Staraptor||Staraptite|Intimidate|Protect,Roost,BraveBird,CloseCombat|Adamant||F|||50|]Pelipper||FocusSash|Drizzle|HelpingHand,WideGuard,Hurricane,MuddyWater|Modest||M|||50|]Farigiraf||SitrusBerry|ArmorTail|TrickRoom,TwinBeam,HelpingHand,Protect|Bold||F|||50|]Kingambit||LifeOrb|Defiant|KowtowCleave,IronHead,SuckerPunch,Protect|Brave||F|||50|]Grimmsnarl||Leftovers|Prankster|FakeOut,FakeTears,ScaryFace,PartingShot|Impish||M|||50|
|showteam|p2|Staraptor||Staraptite|Intimidate|CloseCombat,BraveBird,Roost,Protect|Jolly||M|||50|]Delphox||Delphoxite|Blaze|HeatWave,Psychic,Substitute,Protect|Modest||M|||50|]Whimsicott||OccaBerry|Prankster|Tailwind,Moonblast,Charm,LightScreen|Timid||F|||50|]Kingambit||ChopleBerry|Defiant|KowtowCleave,IronHead,LowKick,SuckerPunch|Adamant||M|||50|]Garchomp||LifeOrb|RoughSkin|Earthquake,DragonClaw,RockSlide,Protect|Adamant||M|||50|]Glimmora||FocusSash|ToxicDebris|PowerGem,SludgeBomb,EarthPower,SpikyShield|Modest||F|||50|
|inactive|Battle timer is ON: inactive players will automatically lose when time's up. (requested by Arsene1020)
|inactive|Arsene1020 has 60 seconds left.
|inactive|jukesmuygaymer has 60 seconds left.
|inactive|jukesmuygaymer has 30 seconds left.
|inactive|jukesmuygaymer has 20 seconds left.
|inactive|jukesmuygaymer has 15 seconds left.
|inactive|Arsene1020 has 30 seconds left.
|inactive|jukesmuygaymer has 10 seconds left.
|inactive|jukesmuygaymer has 5 seconds left.
|
|t:|1785426836
|teamsize|p1|4
|teamsize|p2|4
|start
|switch|p1a: Swampoop|Swampert, L50, F|100/100
|switch|p1b: Toilet Seat|Pelipper, L50, M|100/100
|switch|p2a: Whimsicott|Whimsicott, L50, F|100/100
|switch|p2b: Staraptor|Staraptor, L50, M|100/100
|-ability|p2b: Staraptor|Intimidate|boost
|-unboost|p1a: Swampoop|atk|1
|-unboost|p1b: Toilet Seat|atk|1
|-weather|RainDance|[from] ability: Drizzle|[of] p1b: Toilet Seat
|turn|1
|inactive|Arsene1020 has 30 seconds left.
|
|t:|1785426866
|switch|p1b: Fart Giraffe|Farigiraf, L50, F|100/100
|detailschange|p1a: Swampoop|Swampert-Mega, L50, F
|-mega|p1a: Swampoop|Swampert|Swampertite
|move|p2b: Staraptor|Protect|p2b: Staraptor
|-singleturn|p2b: Staraptor|Protect
|move|p2a: Whimsicott|Light Screen|p2a: Whimsicott
|-sidestart|p2: jukesmuygaymer|move: Light Screen
|move|p1a: Swampoop|Wave Crash|p2b: Staraptor
|-activate|p2b: Staraptor|move: Protect
|
|-weather|RainDance|[upkeep]
|upkeep
|turn|2
|
|t:|1785426880
|detailschange|p2b: Staraptor|Staraptor-Mega, L50, M
|-mega|p2b: Staraptor|Staraptor|Staraptite
|move|p1b: Fart Giraffe|Helping Hand|p1a: Swampoop
|-singleturn|p1a: Swampoop|Helping Hand|[of] p1b: Fart Giraffe
|move|p2a: Whimsicott|Charm||[still]
|cant|p1b: Fart Giraffe|ability: Armor Tail|Charm|[of] p2a: Whimsicott
|move|p1a: Swampoop|Wave Crash|p2b: Staraptor
|-damage|p2b: Staraptor|0 fnt
|faint|p2b: Staraptor
|-damage|p1a: Swampoop|68/100|[from] Recoil
|
|-weather|RainDance|[upkeep]
|upkeep
|
|t:|1785426889
|switch|p2b: Kingambit|Kingambit, L50, M|100/100
|turn|3
|inactive|jukesmuygaymer has 30 seconds left.
|inactive|jukesmuygaymer has 20 seconds left.
|inactive|jukesmuygaymer has 15 seconds left.
|inactive|jukesmuygaymer has 10 seconds left.
|
|t:|1785426936
|move|p1b: Fart Giraffe|Helping Hand|p1a: Swampoop
|-singleturn|p1a: Swampoop|Helping Hand|[of] p1b: Fart Giraffe
|move|p1a: Swampoop|Wave Crash|p2b: Kingambit
|-damage|p2b: Kingambit|14/100
|-damage|p1a: Swampoop|37/100|[from] Recoil
|move|p2a: Whimsicott|Moonblast|p1a: Swampoop
|-crit|p1a: Swampoop
|-damage|p1a: Swampoop|1/100
|move|p2b: Kingambit|Kowtow Cleave|p1a: Swampoop
|-damage|p1a: Swampoop|0 fnt
|faint|p1a: Swampoop
|
|-weather|RainDance|[upkeep]
|upkeep
|
|t:|1785426950
|switch|p1a: Za Warudo|Staraptor, L50, F|100/100
|-ability|p1a: Za Warudo|Intimidate|boost
|-unboost|p2a: Whimsicott|atk|1
|-unboost|p2b: Kingambit|atk|1
|-ability|p2b: Kingambit|Defiant|boost
|-boost|p2b: Kingambit|atk|2
|turn|4
|inactive|jukesmuygaymer has 30 seconds left.
|
|t:|1785426984
|move|p1b: Fart Giraffe|Protect|p1b: Fart Giraffe
|-singleturn|p1b: Fart Giraffe|Protect
|move|p2a: Whimsicott|Tailwind|p2a: Whimsicott
|-sidestart|p2: jukesmuygaymer|move: Tailwind
|move|p2b: Kingambit|Kowtow Cleave|p1b: Fart Giraffe
|-activate|p1b: Fart Giraffe|move: Protect
|move|p1a: Za Warudo|Close Combat|p2b: Kingambit
|-supereffective|p2b: Kingambit|2
|-enditem|p2b: Kingambit|Chople Berry|[eat]
|-enditem|p2b: Kingambit|Chople Berry|[weaken]
|-damage|p2b: Kingambit|0 fnt
|-unboost|p1a: Za Warudo|def|1
|-unboost|p1a: Za Warudo|spd|1
|faint|p2b: Kingambit
|
|-weather|RainDance|[upkeep]
|upkeep
|
|t:|1785426990
|switch|p2b: Garchomp|Garchomp, L50, M|100/100
|turn|5
|
|t:|1785427011
|move|p1a: Za Warudo|Protect|p1a: Za Warudo
|-singleturn|p1a: Za Warudo|Protect
|move|p2a: Whimsicott|Moonblast|p1a: Za Warudo
|-activate|p1a: Za Warudo|move: Protect
|move|p2b: Garchomp|Rock Slide|p1a: Za Warudo|[spread] p1b
|-activate|p1a: Za Warudo|move: Protect
|-damage|p1b: Fart Giraffe|74/100
|-damage|p2b: Garchomp|90/100|[from] item: Life Orb
|move|p1b: Fart Giraffe|Trick Room|p1b: Fart Giraffe
|-fieldstart|move: Trick Room|[of] p1b: Fart Giraffe
|
|-weather|none
|-sideend|p2: jukesmuygaymer|move: Light Screen
|upkeep
|turn|6
|
|t:|1785427034
|move|p1b: Fart Giraffe|Helping Hand|p1a: Za Warudo
|-singleturn|p1a: Za Warudo|Helping Hand|[of] p1b: Fart Giraffe
|move|p1a: Za Warudo|Brave Bird|p2a: Whimsicott
|-supereffective|p2a: Whimsicott|1
|-damage|p2a: Whimsicott|0 fnt
|faint|p2a: Whimsicott
|-damage|p1a: Za Warudo|70/100|[from] Recoil
|move|p2b: Garchomp|Dragon Claw|p1a: Za Warudo
|-damage|p1a: Za Warudo|0 fnt
|faint|p1a: Za Warudo
|-damage|p2b: Garchomp|80/100|[from] item: Life Orb
|
|upkeep
|
|t:|1785427045
|switch|p1a: Toilet Seat|Pelipper, L50, M|100/100
|-weather|RainDance|[from] ability: Drizzle|[of] p1a: Toilet Seat
|turn|7
|
|t:|1785427057
|move|p1b: Fart Giraffe|Helping Hand|p1a: Toilet Seat
|-singleturn|p1a: Toilet Seat|Helping Hand|[of] p1b: Fart Giraffe
|move|p2b: Garchomp|Protect|p2b: Garchomp
|-singleturn|p2b: Garchomp|Protect
|move|p1a: Toilet Seat|Muddy Water|p2b: Garchomp
|-activate|p2b: Garchomp|move: Protect
|
|-weather|RainDance|[upkeep]
|-sideend|p2: jukesmuygaymer|move: Tailwind
|upkeep
|turn|8
|
|t:|1785427063
|move|p1b: Fart Giraffe|Helping Hand|p1a: Toilet Seat
|-singleturn|p1a: Toilet Seat|Helping Hand|[of] p1b: Fart Giraffe
|move|p1a: Toilet Seat|Muddy Water|p2b: Garchomp
|-damage|p2b: Garchomp|0 fnt
|faint|p2b: Garchomp
|
|win|Arsene1020
||jukesmuygaymer is ready for game 2.
|l|☆Arsene1020
|player|p1|
|inactive|Arsene1020 has 30 seconds to confirm battle start!
||Arsene1020 is ready for game 2.
|uhtml|next|Next: Game 2 of 3
|l|☆jukesmuygaymer
|player|p2|
|j|☆Arsene1020
|player|p1|Arsene1020|chuck|
