|j|☆momoechis
|j|☆BoloinaBox
|html|momoechisBoloinaBox    
|uhtml|bestof|Game 1 of a best-of-3
|t:|1756538451
|gametype|doubles
|player|p1|momoechis|iris|1029
|player|p2|BoloinaBox|2|1000
|gen|9
|tier|[Gen 9] VGC 2025 Reg H (Bo3)
|rated|
|rule|Species Clause: Limit one of each Pokémon
|rule|Item Clause: Limit 1 of each item
|clearpoke
|poke|p1|Ursaluna-Bloodmoon, L50, M|
|poke|p1|Dragonite, L50, M|
|poke|p1|Sneasler, L50, M|
|poke|p1|Electabuzz, L50, M|
|poke|p1|Primarina, L50, M|
|poke|p1|Rillaboom, L50, M|
|poke|p2|Ceruledge, L50, M|
|poke|p2|Rillaboom, L50, M|
|poke|p2|Milotic, L50, F|
|poke|p2|Whimsicott, L50, F|
|poke|p2|Sneasler, L50, M|
|poke|p2|Ninetales-Alola, L50, M|
|teampreview|4
|showteam|p1|Ursaluna-Bloodmoon||LifeOrb|MindsEye|BloodMoon,HyperVoice,EarthPower,Protect|||M|||50|,,,,,Normal]Dragonite||LoadedDice|Multiscale|Tailwind,ScaleShot,Haze,Protect|||M|||50|,,,,,Fairy]Sneasler||GrassySeed|Unburden|CloseCombat,DireClaw,Acrobatics,Protect|||M|||50|,,,,,Flying]Electabuzz||Eviolite|Static|Thunderbolt,Taunt,FollowMe,Protect|||M|||50|,,,,,Ghost]Primarina||SitrusBerry|LiquidVoice|HyperVoice,Moonblast,Protect,Encore|||M|||50|,,,,,Poison]Rillaboom||AssaultVest|GrassySurge|FakeOut,HighHorsepower,GrassyGlide,WoodHammer|||M|||50|,,,,,Fire
|showteam|p2|Ceruledge||ClearAmulet|FlashFire|BitterBlade,Poltergeist,BulkUp,Protect|||M|||50|,,,,,Grass]Rillaboom||MiracleSeed|GrassySurge|GrassyGlide,DrumBeating,Taunt,FakeOut|||M|||50|,,,,,Fire]Milotic||Leftovers|Competitive|Scald,AlluringVoice,Haze,Protect|||F|||50|,,,,,Grass]Whimsicott||FocusSash|Prankster|Moonblast,WorrySeed,Tailwind,SunnyDay|||F|||50|,,,,,Ghost]Sneasler||GrassySeed|Unburden|CloseCombat,DireClaw,Coaching,Protect|||M|||50|,,,,,Stellar]Ninetales-Alola||CovertCloak|SnowWarning|FreezeDry,Moonblast,Howl,AuroraVeil|||M|||50|,,,,,Water
|inactive|Battle timer is ON: inactive players will automatically lose when time's up. (requested by BoloinaBox)
|inactive|momoechis has 60 seconds left.
|inactive|BoloinaBox has 60 seconds left.
|
|t:|1756538509
|teamsize|p1|4
|teamsize|p2|4
|start
|switch|p1a: Dragonite|Dragonite, L50, M|100/100
|switch|p1b: Rillaboom|Rillaboom, L50, M|100/100
|switch|p2a: Ninetales|Ninetales-Alola, L50, M|100/100
|switch|p2b: Rillaboom|Rillaboom, L50, M|100/100
|-weather|Snowscape|[from] ability: Snow Warning|[of] p2a: Ninetales
|-fieldstart|move: Grassy Terrain|[from] ability: Grassy Surge|[of] p1b: Rillaboom
|turn|1
|inactive|momoechis has 30 seconds left.
|
|t:|1756538537
|move|p1b: Rillaboom|Fake Out|p2b: Rillaboom
|-damage|p2b: Rillaboom|87/100
|cant|p2b: Rillaboom|flinch
|move|p2a: Ninetales|Howl|p2a: Ninetales|[spread] p2a,p2b
|-boost|p2a: Ninetales|atk|1
|-boost|p2b: Rillaboom|atk|1
|move|p1a: Dragonite|Tailwind|p1a: Dragonite
|-sidestart|p1: momoechis|move: Tailwind
|
|-weather|Snowscape|[upkeep]
|-heal|p2b: Rillaboom|93/100|[from] Grassy Terrain
|upkeep
|turn|2
|inactive|momoechis has 30 seconds left.
|inactive|BoloinaBox has 30 seconds left.
|
|t:|1756538571
|switch|p2b: Whimsicott|Whimsicott, L50, F|100/100
|move|p1a: Dragonite|Scale Shot|p2b: Whimsicott
|-immune|p2b: Whimsicott
|move|p1b: Rillaboom|High Horsepower|p2a: Ninetales|[miss]
|-miss|p1b: Rillaboom|p2a: Ninetales
|move|p2a: Ninetales|Howl|p2a: Ninetales|[spread] p2a,p2b
|-boost|p2a: Ninetales|atk|1
|-boost|p2b: Whimsicott|atk|1
|
|-weather|Snowscape|[upkeep]
|upkeep
|turn|3
|inactive|momoechis has 30 seconds left.
|inactive|BoloinaBox has 30 seconds left.
|
|t:|1756538606
|switch|p1b: Sneasler|Sneasler, L50, M|100/100
|-enditem|p1b: Sneasler|Grassy Seed
|-boost|p1b: Sneasler|def|1|[from] item: Grassy Seed
|move|p1a: Dragonite|Haze|p1a: Dragonite
|-clearallboost
|move|p2a: Ninetales|Aurora Veil|p2a: Ninetales
|-sidestart|p2: BoloinaBox|move: Aurora Veil
|move|p2b: Whimsicott|Moonblast|p1b: Sneasler
|-damage|p1b: Sneasler|46/100
|
|-weather|Snowscape|[upkeep]
|-heal|p1b: Sneasler|52/100|[from] Grassy Terrain
|upkeep
|turn|4
|inactive|momoechis has 30 seconds left.
|
|t:|1756538631
|-terastallize|p1b: Sneasler|Flying
|move|p1a: Dragonite|Protect|p1a: Dragonite
|-singleturn|p1a: Dragonite|Protect
|move|p2b: Whimsicott|Worry Seed|p1a: Dragonite
|-activate|p1a: Dragonite|move: Protect
|move|p1b: Sneasler|Dire Claw|p2b: Whimsicott
|-supereffective|p2b: Whimsicott
|-enditem|p2b: Whimsicott|Focus Sash
|-damage|p2b: Whimsicott|1/100
|move|p2a: Ninetales|Freeze-Dry|p1a: Dragonite
|-activate|p1a: Dragonite|move: Protect
|
|-weather|Snowscape|[upkeep]
|-heal|p2b: Whimsicott|7/100|[from] Grassy Terrain
|-sideend|p1: momoechis|move: Tailwind
|upkeep
|turn|5
|
|t:|1756538654
|switch|p2b: Ceruledge|Ceruledge, L50, M|100/100
|switch|p1a: Rillaboom|Rillaboom, L50, M|100/100
|move|p1b: Sneasler|Dire Claw|p2a: Ninetales
|-supereffective|p2a: Ninetales
|-damage|p2a: Ninetales|49/100
|move|p2a: Ninetales|Freeze-Dry|p1b: Sneasler
|-supereffective|p1b: Sneasler
|-damage|p1b: Sneasler|0 fnt
|faint|p1b: Sneasler
|
|-weather|none
|-heal|p2a: Ninetales|55/100|[from] Grassy Terrain
|-fieldend|move: Grassy Terrain
|upkeep
|
|t:|1756538668
|switch|p1b: Ursaluna|Ursaluna-Bloodmoon, L50, M|100/100
|turn|6
|
|t:|1756538689
|switch|p1a: Dragonite|Dragonite, L50, M|100/100
|move|p2b: Ceruledge|Protect|p2b: Ceruledge
|-singleturn|p2b: Ceruledge|Protect
|move|p2a: Ninetales|Howl|p2a: Ninetales|[spread] p2a,p2b
|-boost|p2a: Ninetales|atk|1
|-boost|p2b: Ceruledge|atk|1
|move|p1b: Ursaluna|Blood Moon|p2a: Ninetales
|-damage|p2a: Ninetales|0 fnt
|faint|p2a: Ninetales
|-damage|p1b: Ursaluna|91/100|[from] item: Life Orb
|
|upkeep
|
|t:|1756538700
|switch|p2a: Whimsicott|Whimsicott, L50, F|7/100
|turn|7
|
|t:|1756538716
|move|p1b: Ursaluna|Protect|p1b: Ursaluna
|-singleturn|p1b: Ursaluna|Protect
|move|p2a: Whimsicott|Worry Seed|p1b: Ursaluna
|-activate|p1b: Ursaluna|move: Protect
|move|p1a: Dragonite|Tailwind|p1a: Dragonite
|-sidestart|p1: momoechis|move: Tailwind
|move|p2b: Ceruledge|Poltergeist|p1a: Dragonite
|-activate|p1a: Dragonite|move: Poltergeist|Loaded Dice
|-damage|p1a: Dragonite|57/100
|
|-sideend|p2: BoloinaBox|move: Aurora Veil
|upkeep
|turn|8
|inactive|BoloinaBox has 30 seconds left.
|
|t:|1756538747
|move|p2a: Whimsicott|Worry Seed|p1b: Ursaluna
|-ability|p1b: Ursaluna|Insomnia|Mind's Eye|[from] move: Worry Seed
|move|p1a: Dragonite|Scale Shot|p2b: Ceruledge
|-damage|p2b: Ceruledge|84/100
|-damage|p2b: Ceruledge|67/100
|-damage|p2b: Ceruledge|52/100
|-damage|p2b: Ceruledge|35/100
|-hitcount|p2b: Ceruledge|4
|-unboost|p1a: Dragonite|def|1
|-boost|p1a: Dragonite|spe|1
|move|p1b: Ursaluna|Hyper Voice|p2b: Ceruledge|[spread] p2a
|-immune|p2b: Ceruledge
|-damage|p2a: Whimsicott|0 fnt
|faint|p2a: Whimsicott
|-damage|p1b: Ursaluna|81/100|[from] item: Life Orb
|move|p2b: Ceruledge|Poltergeist|p1a: Dragonite
|-activate|p1a: Dragonite|move: Poltergeist|Loaded Dice
|-damage|p1a: Dragonite|0 fnt
|faint|p1a: Dragonite
|
|upkeep
|
|t:|1756538768
|switch|p2a: Rillaboom|Rillaboom, L50, M|93/100
|switch|p1a: Rillaboom|Rillaboom, L50, M|100/100
|-fieldstart|move: Grassy Terrain|[from] ability: Grassy Surge|[of] p1a: Rillaboom
|turn|9
|inactive|BoloinaBox has 30 seconds left.
|inactive|BoloinaBox has 20 seconds left.
|inactive|BoloinaBox has 15 seconds left.
|inactive|BoloinaBox has 10 seconds left.
|
|t:|1756538813
|-terastallize|p2b: Ceruledge|Grass
|move|p1a: Rillaboom|Fake Out|p2a: Rillaboom
|-damage|p2a: Rillaboom|80/100
|cant|p2a: Rillaboom|flinch
|move|p1b: Ursaluna|Earth Power|p2b: Ceruledge
|-resisted|p2b: Ceruledge
|-damage|p2b: Ceruledge|9/100
|-damage|p1b: Ursaluna|72/100|[from] item: Life Orb
|move|p2b: Ceruledge|Bitter Blade|p1a: Rillaboom
|-supereffective|p1a: Rillaboom
|-damage|p1a: Rillaboom|0 fnt
|-heal|p2b: Ceruledge|63/100|[from] drain|[of] p1a: Rillaboom
|faint|p1a: Rillaboom
|
|-heal|p1b: Ursaluna|78/100|[from] Grassy Terrain
|-heal|p2a: Rillaboom|86/100|[from] Grassy Terrain
|-heal|p2b: Ceruledge|69/100|[from] Grassy Terrain
|upkeep
|turn|10
|inactive|momoechis has 30 seconds left.
|inactive|BoloinaBox has 30 seconds left.
|inactive|momoechis has 20 seconds left.
|
|t:|1756538849
|move|p2b: Ceruledge|Protect|p2b: Ceruledge
|-singleturn|p2b: Ceruledge|Protect
|move|p1b: Ursaluna|Blood Moon|p2a: Rillaboom
|-damage|p2a: Rillaboom|0 fnt
|faint|p2a: Rillaboom
|-damage|p1b: Ursaluna|68/100|[from] item: Life Orb
|
|-heal|p1b: Ursaluna|74/100|[from] Grassy Terrain
|-heal|p2b: Ceruledge|75/100|[from] Grassy Terrain
|-sideend|p1: momoechis|move: Tailwind
|upkeep
|turn|11
|
|t:|1756538859
|move|p1b: Ursaluna|Hyper Voice|p2b: Ceruledge
|-damage|p2b: Ceruledge|24/100
|-damage|p1b: Ursaluna|64/100|[from] item: Life Orb
|move|p2b: Ceruledge|Bitter Blade|p1b: Ursaluna
|-damage|p1b: Ursaluna|12/100
|-heal|p2b: Ceruledge|51/100|[from] drain|[of] p1b: Ursaluna
|
|-heal|p1b: Ursaluna|18/100|[from] Grassy Terrain
|-heal|p2b: Ceruledge|57/100|[from] Grassy Terrain
|upkeep
|turn|12
|
|t:|1756538869
|move|p2b: Ceruledge|Protect|p2b: Ceruledge
|-singleturn|p2b: Ceruledge|Protect
|move|p1b: Ursaluna|Blood Moon|p2b: Ceruledge
|-activate|p2b: Ceruledge|move: Protect
|
|-heal|p1b: Ursaluna|23/100|[from] Grassy Terrain
|-heal|p2b: Ceruledge|63/100|[from] Grassy Terrain
|upkeep
|turn|13
|
|t:|1756538875
|move|p1b: Ursaluna|Hyper Voice|p2b: Ceruledge
|-damage|p2b: Ceruledge|13/100
|-damage|p1b: Ursaluna|14/100|[from] item: Life Orb
|move|p2b: Ceruledge|Bitter Blade|p1b: Ursaluna
|-damage|p1b: Ursaluna|0 fnt
|-heal|p2b: Ceruledge|20/100|[from] drain|[of] p1b: Ursaluna
|faint|p1b: Ursaluna
|
|win|BoloinaBox
||BoloinaBox is ready for game 2.
|l|☆momoechis
|player|p1|
|inactive|momoechis has 30 seconds to confirm battle start!
||momoechis is ready for game 2.
|uhtml|next|Next: Game 2 of 3
|j|☆momoechis
|player|p1|momoechis|iris|
|l|☆BoloinaBox
|player|p2|
