|j|☆Yei_Lai
|j|☆huanyu0.0
|html|Yei_Laihuanyu0.0    
|uhtml|bestof|Game 1 of a best-of-3
|t:|1785073755
|gametype|doubles
|player|p1|Yei_Lai|101|
|player|p2|huanyu0.0|101|
|gen|9
|tier|[Gen 9 Champions] VGC 2026 Reg M-B (Bo3)
|rule|Species Clause: Limit one of each Pokémon
|rule|Item Clause: Limit 1 of each item
|clearpoke
|poke|p1|Charizard, L50, F|
|poke|p1|Archaludon, L50, M|
|poke|p1|Venusaur, L50, F|
|poke|p1|Pelipper, L50, M|
|poke|p1|Grimmsnarl, L50, M|
|poke|p1|Basculegion, L50, M|
|poke|p2|Staraptor, L50, M|
|poke|p2|Tyranitar, L50, F|
|poke|p2|Excadrill, L50, M|
|poke|p2|Gholdengo, L50|
|poke|p2|Milotic, L50, F|
|poke|p2|Sinistcha, L50|
|teampreview|4
|showteam|p1|Charizard||CharizarditeY|Blaze|HeatWave,WeatherBall,SolarBeam,Protect|Modest||F|||50|]Archaludon||Leftovers|Stamina|ElectroShot,FlashCannon,DragonPulse,Protect|Modest||M|||50|]Venusaur||LifeOrb|Chlorophyll|LeafStorm,SludgeBomb,EarthPower,Protect|Modest||F|||50|]Pelipper||FocusSash|Drizzle|WeatherBall,Hurricane,Tailwind,WideGuard|Timid||M|||50|]Grimmsnarl||LightClay|Prankster|SpiritBreak,PartingShot,Reflect,LightScreen|Careful||M|||50|]Basculegion||ChoiceScarf|Adaptability|WaveCrash,FlipTurn,AquaJet,LastRespects|Jolly||M|||50|
|showteam|p2|Staraptor||Staraptite|Intimidate|CloseCombat,BraveBird,Tailwind,Protect|Jolly||M|||50|]Tyranitar||Tyranitarite|SandStream|RockSlide,KnockOff,LowKick,Protect|Adamant||F|||50|]Excadrill||FocusSash|SandRush|IronHead,HighHorsepower,RockSlide,Protect|Adamant||M|||50|]Gholdengo||LifeOrb|GoodasGold|MakeItRain,ShadowBall,NastyPlot,Protect|Modest|||||50|]Milotic||SitrusBerry|Competitive|Scald,IceBeam,IcyWind,Protect|Modest||F|||50|]Sinistcha||ColburBerry|Hospitality|MatchaGotcha,RagePowder,TrickRoom,Protect|Calm|||||50|
|inactive|Battle timer is ON: inactive players will automatically lose when time's up. (requested by huanyu0.0)
|inactive|Yei_Lai has 60 seconds left.
|
|t:|1785073791
|teamsize|p1|4
|teamsize|p2|4
|start
|switch|p1a: Grimmsnarl|Grimmsnarl, L50, M|100/100
|switch|p1b: Archaludon|Archaludon, L50, M|100/100
|switch|p2a: Staraptor|Staraptor, L50, M|100/100
|switch|p2b: Tyranitar|Tyranitar, L50, F|100/100
|-ability|p2a: Staraptor|Intimidate|boost
|-unboost|p1a: Grimmsnarl|atk|1
|-unboost|p1b: Archaludon|atk|1
|-weather|Sandstorm|[from] ability: Sand Stream|[of] p2b: Tyranitar
|turn|1
|
|t:|1785073813
|switch|p2b: Sinistcha|Sinistcha, L50|100/100
|detailschange|p2a: Staraptor|Staraptor-Mega, L50, M
|-mega|p2a: Staraptor|Staraptor|Staraptite
|move|p1b: Archaludon|Protect|p1b: Archaludon
|-singleturn|p1b: Archaludon|Protect
|move|p2a: Staraptor|Close Combat|p1a: Grimmsnarl
|-damage|p1a: Grimmsnarl|34/100
|-boost|p2a: Staraptor|def|1
|-boost|p2a: Staraptor|spd|1
|move|p1a: Grimmsnarl|Spirit Break|p2a: Staraptor
|-supereffective|p2a: Staraptor|1
|-damage|p2a: Staraptor|69/100
|-boost|p2a: Staraptor|spa|1
|
|-weather|Sandstorm|[upkeep]
|-damage|p2a: Staraptor|63/100|[from] Sandstorm
|-damage|p2b: Sinistcha|94/100|[from] Sandstorm
|-damage|p1a: Grimmsnarl|28/100|[from] Sandstorm
|upkeep
|turn|2
|inactive|huanyu0.0 has 30 seconds left.
|
|t:|1785073844
|move|p2b: Sinistcha|Rage Powder|p2b: Sinistcha
|-singleturn|p2b: Sinistcha|move: Rage Powder
|move|p1a: Grimmsnarl|Reflect|p1a: Grimmsnarl
|-sidestart|p1: Yei_Lai|Reflect
|move|p2a: Staraptor|Close Combat|p1b: Archaludon
|-supereffective|p1b: Archaludon|1
|-damage|p1b: Archaludon|40/100
|-boost|p2a: Staraptor|def|1
|-boost|p2a: Staraptor|spd|1
|-ability|p1b: Archaludon|Stamina|boost
|-boost|p1b: Archaludon|def|1
|move|p1b: Archaludon|Dragon Pulse|p2b: Sinistcha
|-damage|p2b: Sinistcha|60/100
|
|-weather|Sandstorm|[upkeep]
|-damage|p2a: Staraptor|57/100|[from] Sandstorm
|-damage|p2b: Sinistcha|54/100|[from] Sandstorm
|-damage|p1a: Grimmsnarl|22/100|[from] Sandstorm
|-heal|p1b: Archaludon|46/100|[from] item: Leftovers
|upkeep
|turn|3
|
|t:|1785073864
|move|p1b: Archaludon|Protect|p1b: Archaludon
|-singleturn|p1b: Archaludon|Protect
|move|p2b: Sinistcha|Rage Powder|p2b: Sinistcha
|-singleturn|p2b: Sinistcha|move: Rage Powder
|move|p2a: Staraptor|Close Combat|p1a: Grimmsnarl
|-crit|p1a: Grimmsnarl
|-damage|p1a: Grimmsnarl|0 fnt
|-boost|p2a: Staraptor|def|1
|-boost|p2a: Staraptor|spd|1
|faint|p1a: Grimmsnarl
|
|-weather|Sandstorm|[upkeep]
|-damage|p2a: Staraptor|52/100|[from] Sandstorm
|-damage|p2b: Sinistcha|48/100|[from] Sandstorm
|-heal|p1b: Archaludon|52/100|[from] item: Leftovers
|upkeep
|
|t:|1785073881
|switch|p1a: Pelipper|Pelipper, L50, M|100/100
|-weather|RainDance|[from] ability: Drizzle|[of] p1a: Pelipper
|turn|4
|
|t:|1785073908
|move|p2b: Sinistcha|Rage Powder|p2b: Sinistcha
|-singleturn|p2b: Sinistcha|move: Rage Powder
|move|p2a: Staraptor|Tailwind|p2a: Staraptor
|-sidestart|p2: huanyu0.0|move: Tailwind
|move|p1a: Pelipper|Tailwind|p1a: Pelipper
|-sidestart|p1: Yei_Lai|move: Tailwind
|move|p1b: Archaludon|Dragon Pulse|p2b: Sinistcha
|-damage|p2b: Sinistcha|14/100
|
|-weather|RainDance|[upkeep]
|-heal|p1b: Archaludon|58/100|[from] item: Leftovers
|upkeep
|turn|5
|
|t:|1785073928
|switch|p1a: Basculegion|Basculegion, L50, M|100/100
|switch|p2b: Tyranitar|Tyranitar, L50, F|100/100
|-weather|Sandstorm|[from] ability: Sand Stream|[of] p2b: Tyranitar
|move|p1b: Archaludon|Protect|p1b: Archaludon
|-singleturn|p1b: Archaludon|Protect
|move|p2a: Staraptor|Brave Bird|p1a: Basculegion
|-crit|p1a: Basculegion
|-damage|p1a: Basculegion|0 fnt
|faint|p1a: Basculegion
|-damage|p2a: Staraptor|14/100|[from] Recoil
|
|-weather|Sandstorm|[upkeep]
|-damage|p2a: Staraptor|9/100|[from] Sandstorm
|-heal|p1b: Archaludon|64/100|[from] item: Leftovers
|upkeep
|
|t:|1785073940
|switch|p1a: Pelipper|Pelipper, L50, M|100/100
|-weather|RainDance|[from] ability: Drizzle|[of] p1a: Pelipper
|turn|6
|
|t:|1785073963
|switch|p2b: Sinistcha|Sinistcha, L50|14/100
|-heal|p2a: Staraptor|33/100|[from] ability: Hospitality|[of] p2b: Sinistcha
|move|p2a: Staraptor|Close Combat|p1b: Archaludon
|-supereffective|p1b: Archaludon|1
|-damage|p1b: Archaludon|24/100
|-boost|p2a: Staraptor|def|1
|-boost|p2a: Staraptor|spd|1
|-ability|p1b: Archaludon|Stamina|boost
|-boost|p1b: Archaludon|def|1
|move|p1a: Pelipper|Weather Ball|p2b: Sinistcha
|-resisted|p2b: Sinistcha|1
|-crit|p2b: Sinistcha
|-damage|p2b: Sinistcha|0 fnt
|faint|p2b: Sinistcha
|move|p1b: Archaludon|Electro Shot||[still]
|-prepare|p1b: Archaludon|Electro Shot
|-boost|p1b: Archaludon|spa|1
|-anim|p1b: Archaludon|Electro Shot|p2a: Staraptor
|-supereffective|p2a: Staraptor|1
|-damage|p2a: Staraptor|0 fnt
|faint|p2a: Staraptor
|
|-weather|RainDance|[upkeep]
|-heal|p1b: Archaludon|30/100|[from] item: Leftovers
|upkeep
|
|t:|1785073977
|switch|p2a: Excadrill|Excadrill, L50, M|100/100
|switch|p2b: Tyranitar|Tyranitar, L50, F|100/100
|-weather|Sandstorm|[from] ability: Sand Stream|[of] p2b: Tyranitar
|turn|7
|
|t:|1785073985
|move|p1b: Archaludon|Protect|p1b: Archaludon
|-singleturn|p1b: Archaludon|Protect
|move|p2a: Excadrill|High Horsepower|p1b: Archaludon
|-activate|p1b: Archaludon|move: Protect
|move|p1a: Pelipper|Hurricane|p2b: Tyranitar
|-resisted|p2b: Tyranitar|1
|-damage|p2b: Tyranitar|86/100
|move|p2b: Tyranitar|Knock Off|p1a: Pelipper
|-damage|p1a: Pelipper|54/100
|-enditem|p1a: Pelipper|Focus Sash|[from] move: Knock Off|[of] p2b: Tyranitar
|
|-weather|Sandstorm|[upkeep]
|-damage|p1a: Pelipper|48/100|[from] Sandstorm
|-heal|p1b: Archaludon|36/100|[from] item: Leftovers
|-sideend|p2: huanyu0.0|move: Tailwind
|-sideend|p1: Yei_Lai|move: Tailwind
|upkeep
|turn|8
|
|t:|1785073998
|move|p2a: Excadrill|High Horsepower|p1b: Archaludon
|-supereffective|p1b: Archaludon|1
|-damage|p1b: Archaludon|10/100
|-ability|p1b: Archaludon|Stamina|boost
|-boost|p1b: Archaludon|def|1
|move|p1a: Pelipper|Tailwind|p1a: Pelipper
|-sidestart|p1: Yei_Lai|move: Tailwind
|move|p1b: Archaludon|Flash Cannon|p2b: Tyranitar
|-supereffective|p2b: Tyranitar|1
|-damage|p2b: Tyranitar|10/100
|-unboost|p2b: Tyranitar|spd|1
|move|p2b: Tyranitar|Low Kick|p1b: Archaludon
|-supereffective|p1b: Archaludon|1
|-damage|p1b: Archaludon|0 fnt
|faint|p1b: Archaludon
|
|-weather|Sandstorm|[upkeep]
|-damage|p1a: Pelipper|42/100|[from] Sandstorm
|upkeep
|turn|9
|-message|Yei_Lai forfeited.
|
|win|huanyu0.0
||huanyu0.0 is ready for game 2.
||Yei_Lai is ready for game 2.
|uhtml|next|Next: Game 2 of 3
