|j|‽Brutalandathebozz
|j|☆PastrysBaked
|html|BrutalandathebozzPastrysBaked    
|uhtml|bestof|Game 1 of a best-of-3
|t:|1785747723
|gametype|doubles
|player|p1|Brutalandathebozz|1|1143
|player|p2|PastrysBaked|ingo|1000
|gen|9
|tier|[Gen 9 Champions] VGC 2026 Reg M-B (Bo3)
|rated|
|rule|Species Clause: Limit one of each Pokémon
|rule|Item Clause: Limit 1 of each item
|clearpoke
|poke|p1|Gyarados, L50, F|
|poke|p1|Gholdengo, L50|
|poke|p1|Clefable, L50, M|
|poke|p1|Garchomp, L50, M|
|poke|p1|Talonflame, L50, M|
|poke|p1|Rotom-Mow, L50|
|poke|p2|Archaludon, L50, F|
|poke|p2|Pelipper, L50, F|
|poke|p2|Swampert, L50, M|
|poke|p2|Sneasler, L50, F|
|poke|p2|Toxapex, L50, F|
|poke|p2|Eelektross, L50, F|
|teampreview|4
|showteam|p1|Gyarados||Gyaradosite|Intimidate|Waterfall,Crunch,DragonDance,Protect|Adamant||F|||50|]Gholdengo||MetalCoat|GoodasGold|MakeItRain,ShadowBall,NastyPlot,Protect|Timid|||||50|]Clefable||SitrusBerry|Unaware|Moonblast,FollowMe,Encore,Protect|Bold||M|||50|]Garchomp||LifeOrb|RoughSkin|Earthquake,DragonClaw,RockSlide,Protect|Adamant||M|||50|]Talonflame||SharpBeak|GaleWings|DualWingbeat,FlareBlitz,Tailwind,Protect|Jolly||M|||50|]Rotom-Mow||ChoiceScarf|Levitate|LeafStorm,Thunderbolt,VoltSwitch,EerieImpulse|Timid|||||50|
|showteam|p2|Archaludon||Leftovers|Stamina|ElectroShot,FlashCannon,Protect,DragonPulse|Timid||F|||50|]Pelipper||FocusSash|Drizzle|Hurricane,WideGuard,Tailwind,Protect|Bold||F|||50|]Swampert||Swampertite|Torrent|WaveCrash,HighHorsepower,IcePunch,Protect|Adamant||M|||50|]Sneasler||ShucaBerry|PoisonTouch|CloseCombat,DireClaw,FakeOut,UpperHand|Jolly||F|||50|]Toxapex||SitrusBerry|Regenerator|BanefulBunker,Infestation,WideGuard,Haze|Calm||F|||50|]Eelektross||Eelektrossite|Levitate|Thunderbolt,GigaDrain,FlashCannon,Protect|Timid||F|||50|
|
|t:|1785747758
|teamsize|p1|4
|teamsize|p2|4
|start
|switch|p1a: Rotom|Rotom-Mow, L50|100/100
|switch|p1b: Garchomp|Garchomp, L50, M|100/100
|switch|p2a: Run them|Pelipper, L50, F|100/100
|switch|p2b: No mercy|Swampert, L50, M|100/100
|-weather|RainDance|[from] ability: Drizzle|[of] p2a: Run them
|turn|1
|inactive|Battle timer is ON: inactive players will automatically lose when time's up. (requested by Brutalandathebozz)
|
|t:|1785747777
|switch|p1b: Gyarados|Gyarados, L50, F|100/100
|-ability|p1b: Gyarados|Intimidate|boost
|-unboost|p2a: Run them|atk|1
|-unboost|p2b: No mercy|atk|1
|detailschange|p2b: No mercy|Swampert-Mega, L50, M
|-mega|p2b: No mercy|Swampert|Swampertite
|move|p2a: Run them|Wide Guard|p2a: Run them
|-singleturn|p2a: Run them|Wide Guard
|move|p2b: No mercy|Ice Punch|p1a: Rotom
|-supereffective|p1a: Rotom|1
|-damage|p1a: Rotom|48/100
|-status|p1a: Rotom|frz
|cant|p1a: Rotom|frz
|
|-weather|RainDance|[upkeep]
|upkeep
|turn|2
|
|t:|1785747801
|detailschange|p1b: Gyarados|Gyarados-Mega, L50, F
|-mega|p1b: Gyarados|Gyarados|Gyaradosite
|-ability|p1b: Gyarados|Mold Breaker
|move|p2b: No mercy|Ice Punch|p1a: Rotom
|-supereffective|p1a: Rotom|1
|-damage|p1a: Rotom|0 fnt
|faint|p1a: Rotom
|move|p1b: Gyarados|Dragon Dance|p1b: Gyarados
|-boost|p1b: Gyarados|atk|1
|-boost|p1b: Gyarados|spe|1
|move|p2a: Run them|Hurricane|p1b: Gyarados
|-damage|p1b: Gyarados|74/100
|
|-weather|RainDance|[upkeep]
|upkeep
|
|t:|1785747816
|switch|p1a: Gholdengo|Gholdengo, L50|100/100
|turn|3
|
|t:|1785747822
|switch|p2a: Average American|Toxapex, L50, F|100/100
|move|p2b: No mercy|Protect|p2b: No mercy
|-singleturn|p2b: No mercy|Protect
|move|p1a: Gholdengo|Protect|p1a: Gholdengo
|-singleturn|p1a: Gholdengo|Protect
|move|p1b: Gyarados|Waterfall|p2b: No mercy
|-activate|p2b: No mercy|move: Protect
|
|-weather|RainDance|[upkeep]
|upkeep
|turn|4
|
|t:|1785747833
|switch|p2b: Achoo|Sneasler, L50, F|100/100
|switch|p1a: Garchomp|Garchomp, L50, M|100/100
|move|p1b: Gyarados|Waterfall|p2b: Achoo
|-damage|p2b: Achoo|0 fnt
|faint|p2b: Achoo
|move|p2a: Average American|Infestation|p1b: Gyarados
|-supereffective|p1b: Gyarados|1
|-damage|p1b: Gyarados|69/100
|-activate|p1b: Gyarados|move: Infestation|[of] p2a: Average American
|
|-weather|RainDance|[upkeep]
|-damage|p1b: Gyarados|56/100|[from] move: Infestation|[partiallytrapped]
|upkeep
|
|t:|1785747844
|switch|p2b: No mercy|Swampert-Mega, L50, M|100/100
|turn|5
|
|t:|1785747854
|move|p2b: No mercy|Ice Punch|p1a: Garchomp
|-supereffective|p1a: Garchomp|2
|-damage|p1a: Garchomp|0 fnt
|-damage|p2b: No mercy|87/100|[from] ability: Rough Skin|[of] p1a: Garchomp
|faint|p1a: Garchomp
|move|p1b: Gyarados|Waterfall|p2b: No mercy
|-damage|p2b: No mercy|0 fnt
|faint|p2b: No mercy
|move|p2a: Average American|Haze|p2a: Average American
|-clearallboost
|
|-weather|none
|-damage|p1b: Gyarados|44/100|[from] move: Infestation|[partiallytrapped]
|upkeep
|
|t:|1785747859
|switch|p1a: Gholdengo|Gholdengo, L50|100/100
|switch|p2b: Run them|Pelipper, L50, F|100/100
|-weather|RainDance|[from] ability: Drizzle|[of] p2b: Run them
|turn|6
|
|t:|1785747871
|move|p1a: Gholdengo|Nasty Plot|p1a: Gholdengo
|-boost|p1a: Gholdengo|spa|2
|move|p1b: Gyarados|Crunch|p2b: Run them
|-damage|p2b: Run them|65/100
|-unboost|p2b: Run them|def|1
|move|p2b: Run them|Hurricane|p1b: Gyarados
|-damage|p1b: Gyarados|18/100
|move|p2a: Average American|Infestation|p1a: Gholdengo
|-resisted|p1a: Gholdengo|2
|-damage|p1a: Gholdengo|99/100
|-activate|p1a: Gholdengo|move: Infestation|[of] p2a: Average American
|
|-weather|RainDance|[upkeep]
|-damage|p1a: Gholdengo|87/100|[from] move: Infestation|[partiallytrapped]
|-damage|p1b: Gyarados|6/100|[from] move: Infestation|[partiallytrapped]
|upkeep
|turn|7
|inactive|Brutalandathebozz has 30 seconds left.
|
|t:|1785747901
|move|p2b: Run them|Protect|p2b: Run them
|-singleturn|p2b: Run them|Protect
|move|p1a: Gholdengo|Shadow Ball|p2a: Average American
|-damage|p2a: Average American|53/100
|move|p1b: Gyarados|Crunch|p2a: Average American
|-damage|p2a: Average American|14/100
|-enditem|p2a: Average American|Sitrus Berry|[eat]
|-heal|p2a: Average American|39/100|[from] item: Sitrus Berry
|move|p2a: Average American|Haze|p2a: Average American
|-clearallboost
|
|-weather|RainDance|[upkeep]
|-damage|p1a: Gholdengo|75/100|[from] move: Infestation|[partiallytrapped]
|-damage|p1b: Gyarados|0 fnt|[from] move: Infestation|[partiallytrapped]
|faint|p1b: Gyarados
|upkeep
|turn|8
|
|t:|1785747923
|move|p1a: Gholdengo|Protect|p1a: Gholdengo
|-singleturn|p1a: Gholdengo|Protect
|move|p2a: Average American|Baneful Bunker|p2a: Average American
|-singleturn|p2a: Average American|move: Protect
|move|p2b: Run them|Hurricane|p1a: Gholdengo
|-activate|p1a: Gholdengo|move: Protect
|
|-weather|RainDance|[upkeep]
|-damage|p1a: Gholdengo|62/100|[from] move: Infestation|[partiallytrapped]
|upkeep
|turn|9
|
|t:|1785747935
|move|p1a: Gholdengo|Shadow Ball|p2a: Average American
|-damage|p2a: Average American|12/100
|move|p2b: Run them|Hurricane|p1a: Gholdengo
|-resisted|p1a: Gholdengo|1
|-damage|p1a: Gholdengo|44/100
|move|p2a: Average American|Infestation|p1a: Gholdengo
|-resisted|p1a: Gholdengo|2
|-damage|p1a: Gholdengo|43/100
|
|-weather|RainDance|[upkeep]
|-damage|p1a: Gholdengo|31/100|[from] move: Infestation|[partiallytrapped]
|upkeep
|turn|10
|
|t:|1785747944
|move|p1a: Gholdengo|Protect|p1a: Gholdengo
|-singleturn|p1a: Gholdengo|Protect
|move|p2a: Average American|Baneful Bunker|p2a: Average American
|-singleturn|p2a: Average American|move: Protect
|move|p2b: Run them|Hurricane|p1a: Gholdengo
|-activate|p1a: Gholdengo|move: Protect
|
|-weather|none
|-end|p1a: Gholdengo|Infestation|[partiallytrapped]
|upkeep
|turn|11
|
|t:|1785747955
|move|p2a: Average American|Baneful Bunker||[still]
|-fail|p2a: Average American
|move|p1a: Gholdengo|Shadow Ball|p2a: Average American
|-damage|p2a: Average American|0 fnt
|faint|p2a: Average American
|move|p2b: Run them|Hurricane|p1a: Gholdengo|[miss]
|-miss|p2b: Run them|p1a: Gholdengo
|
|upkeep
|turn|12
|
|t:|1785747961
|move|p1a: Gholdengo|Shadow Ball|p2b: Run them
|-damage|p2b: Run them|8/100
|move|p2b: Run them|Hurricane|p1a: Gholdengo|[miss]
|-miss|p2b: Run them|p1a: Gholdengo
|
|upkeep
|turn|13
|
|t:|1785747968
|move|p1a: Gholdengo|Shadow Ball|p2b: Run them
|-damage|p2b: Run them|0 fnt
|faint|p2b: Run them
|
|win|Brutalandathebozz
|l|☆PastrysBaked
|player|p2|
||Brutalandathebozz is ready for game 2.
||PastrysBaked is ready for game 2.
|uhtml|next|Next: Game 2 of 3
