|j|☆iceshard00
|j|☆jamirolol
|html|iceshard00jamirolol    
|uhtml|bestof|Game 3 of a best-of-3
|t:|1756650345
|gametype|doubles
|player|p1|iceshard00|lucas|1078
|player|p2|jamirolol|101|1134
|gen|9
|tier|[Gen 9] VGC 2025 Reg H (Bo3)
|rated|
|rule|Species Clause: Limit one of each Pokémon
|rule|Item Clause: Limit 1 of each item
|clearpoke
|poke|p1|Ninetales-Alola, L50, M|
|poke|p1|Baxcalibur, L50, M|
|poke|p1|Empoleon, L50, F|
|poke|p1|Volcarona, L50, M|
|poke|p1|Talonflame, L50, M|
|poke|p1|Rillaboom, L50, M|
|poke|p2|Dragonite, L50, F|
|poke|p2|Gholdengo, L50|
|poke|p2|Sneasler, L50, F|
|poke|p2|Incineroar, L50, F|
|poke|p2|Rillaboom, L50, F|
|poke|p2|Farigiraf, L50, M|
|teampreview|4
|showteam|p1|Ninetales-Alola||LightClay|SnowWarning|Blizzard,IcyWind,AuroraVeil,HelpingHand|||M|||50|,,,,,Water]Baxcalibur||ClearAmulet|ThermalExchange|IcicleCrash,GlaiveRush,HighHorsepower,Protect|||M|||50|,,,,,Fire]Empoleon||Leftovers|Competitive|WaterPledge,FlashCannon,Haze,Protect|||F|||50|,,,,,Fairy]Volcarona||SitrusBerry|FlameBody|HeatWave,GigaDrain,QuiverDance,Protect|||M|||50|,,,,,Grass]Talonflame||CovertCloak|GaleWings|DualWingbeat,FlareBlitz,Tailwind,Taunt|||M|||50|,,,,,Stellar]Rillaboom||AssaultVest|GrassySurge|WoodHammer,GrassyGlide,FakeOut,HighHorsepower|||M|||50|,,,,,Fire
|showteam|p2|Dragonite||LoadedDice|InnerFocus|ScaleShot,Protect,ExtremeSpeed,Haze|||F|||50|,,,,,Normal]Gholdengo||LifeOrb|GoodasGold|MakeItRain,ShadowBall,NastyPlot,Protect||||||50|,,,,,Flying]Sneasler||GrassySeed|Unburden|DireClaw,Coaching,CloseCombat,Protect|||F|||50|,,,,,Stellar]Incineroar||SafetyGoggles|Intimidate|FakeOut,FlareBlitz,PartingShot,KnockOff|||F|||50|,,,,,Bug]Rillaboom||AssaultVest|GrassySurge|FakeOut,GrassyGlide,WoodHammer,HighHorsepower|||F|||50|,,,,,Fire]Farigiraf||ThroatSpray|ArmorTail|HyperVoice,Psychic,TrickRoom,Protect|||M|||50|,,,,,Fairy
|
|t:|1756650384
|teamsize|p1|4
|teamsize|p2|4
|start
|switch|p1a: Ninetales|Ninetales-Alola, L50, M|100/100
|switch|p1b: Baxcalibur|Baxcalibur, L50, M|100/100
|switch|p2a: Incineroar|Incineroar, L50, F|100/100
|switch|p2b: Farigiraf|Farigiraf, L50, M|100/100
|-weather|Snowscape|[from] ability: Snow Warning|[of] p1a: Ninetales
|-ability|p2a: Incineroar|Intimidate|boost
|-unboost|p1a: Ninetales|atk|1
|-fail|p1b: Baxcalibur|unboost|[from] item: Clear Amulet|[of] p1b: Baxcalibur
|turn|1
|
|t:|1756650427
|move|p2a: Incineroar|Fake Out|p1b: Baxcalibur
|-damage|p1b: Baxcalibur|92/100
|move|p1a: Ninetales|Aurora Veil|p1a: Ninetales
|-sidestart|p1: iceshard00|move: Aurora Veil
|cant|p1b: Baxcalibur|flinch
|move|p2b: Farigiraf|Trick Room|p2b: Farigiraf
|-fieldstart|move: Trick Room|[of] p2b: Farigiraf
|
|-weather|Snowscape|[upkeep]
|upkeep
|turn|2
|
|t:|1756650481
|move|p2b: Farigiraf|Hyper Voice|p1b: Baxcalibur|[spread] p1a,p1b
|-damage|p1a: Ninetales|79/100
|-damage|p1b: Baxcalibur|73/100
|-enditem|p2b: Farigiraf|Throat Spray
|-boost|p2b: Farigiraf|spa|1|[from] item: Throat Spray
|move|p2a: Incineroar|Knock Off|p1b: Baxcalibur
|-damage|p1b: Baxcalibur|52/100
|-enditem|p1b: Baxcalibur|Clear Amulet|[from] move: Knock Off|[of] p2a: Incineroar
|move|p1b: Baxcalibur|Glaive Rush|p2b: Farigiraf
|-damage|p2b: Farigiraf|30/100
|-singlemove|p1b: Baxcalibur|Glaive Rush|[silent]
|move|p1a: Ninetales|Blizzard|p2a: Incineroar|[spread] p2a,p2b
|-resisted|p2a: Incineroar
|-damage|p2a: Incineroar|91/100
|-damage|p2b: Farigiraf|9/100
|
|-weather|Snowscape|[upkeep]
|upkeep
|turn|3
|
|t:|1756650511
|move|p1b: Baxcalibur|Protect|p1b: Baxcalibur
|-singleturn|p1b: Baxcalibur|Protect
|move|p2b: Farigiraf|Hyper Voice|p1a: Ninetales|[spread] p1a
|-activate|p1b: Baxcalibur|move: Protect
|-damage|p1a: Ninetales|48/100
|move|p2a: Incineroar|Flare Blitz|p1b: Baxcalibur
|-activate|p1b: Baxcalibur|move: Protect
|move|p1a: Ninetales|Blizzard|p2a: Incineroar|[spread] p2a,p2b
|-resisted|p2a: Incineroar
|-damage|p2a: Incineroar|81/100
|-damage|p2b: Farigiraf|0 fnt
|faint|p2b: Farigiraf
|
|-weather|Snowscape|[upkeep]
|upkeep
|
|t:|1756650520
|switch|p2b: Rillaboom|Rillaboom, L50, F|100/100
|-fieldstart|move: Grassy Terrain|[from] ability: Grassy Surge|[of] p2b: Rillaboom
|turn|4
|
|t:|1756650567
|-terastallize|p2b: Rillaboom|Fire
|-terastallize|p1b: Baxcalibur|Fire
|move|p1a: Ninetales|Helping Hand|p1b: Baxcalibur
|-singleturn|p1b: Baxcalibur|Helping Hand|[of] p1a: Ninetales
|move|p2a: Incineroar|Flare Blitz|p1a: Ninetales
|-supereffective|p1a: Ninetales
|-damage|p1a: Ninetales|0 fnt
|faint|p1a: Ninetales
|-damage|p2a: Incineroar|66/100|[from] Recoil
|move|p2b: Rillaboom|Wood Hammer|p1b: Baxcalibur
|-resisted|p1b: Baxcalibur
|-damage|p1b: Baxcalibur|26/100
|-damage|p2b: Rillaboom|90/100|[from] Recoil
|move|p1b: Baxcalibur|High Horsepower|p2a: Incineroar
|-supereffective|p2a: Incineroar
|-damage|p2a: Incineroar|0 fnt
|faint|p2a: Incineroar
|
|-weather|Snowscape|[upkeep]
|-heal|p2b: Rillaboom|97/100|[from] Grassy Terrain
|-heal|p1b: Baxcalibur|33/100|[from] Grassy Terrain
|upkeep
|
|t:|1756650587
|switch|p2a: Sneasler|Sneasler, L50, F|100/100
|switch|p1a: Empoleon|Empoleon, L50, F, shiny|100/100
|-enditem|p2a: Sneasler|Grassy Seed
|-boost|p2a: Sneasler|def|1|[from] item: Grassy Seed
|turn|5
|
|t:|1756650616
|move|p1a: Empoleon|Water Pledge|p2b: Rillaboom
|-supereffective|p2b: Rillaboom
|-damage|p2b: Rillaboom|40/100
|move|p2b: Rillaboom|High Horsepower|p1b: Baxcalibur
|-supereffective|p1b: Baxcalibur
|-damage|p1b: Baxcalibur|0 fnt
|faint|p1b: Baxcalibur
|move|p2a: Sneasler|Coaching|p2b: Rillaboom
|-boost|p2b: Rillaboom|atk|1
|-boost|p2b: Rillaboom|def|1
|
|-weather|none
|-heal|p2b: Rillaboom|46/100|[from] Grassy Terrain
|-fieldend|move: Trick Room
|upkeep
|
|t:|1756650627
|switch|p1b: Volcarona|Volcarona, L50, M|100/100
|turn|6
|
|t:|1756650643
|move|p1a: Empoleon|Protect|p1a: Empoleon
|-singleturn|p1a: Empoleon|Protect
|move|p2a: Sneasler|Close Combat|p1a: Empoleon
|-activate|p1a: Empoleon|move: Protect
|move|p1b: Volcarona|Quiver Dance|p1b: Volcarona
|-boost|p1b: Volcarona|spa|1
|-boost|p1b: Volcarona|spd|1
|-boost|p1b: Volcarona|spe|1
|move|p2b: Rillaboom|High Horsepower|p1b: Volcarona|[miss]
|-miss|p2b: Rillaboom|p1b: Volcarona
|
|-heal|p2b: Rillaboom|52/100|[from] Grassy Terrain
|upkeep
|turn|7
|
|t:|1756650675
|move|p2b: Rillaboom|Grassy Glide|p1a: Empoleon
|-damage|p1a: Empoleon|60/100
|move|p2a: Sneasler|Close Combat|p1a: Empoleon
|-supereffective|p1a: Empoleon
|-damage|p1a: Empoleon|0 fnt
|-unboost|p2a: Sneasler|def|1
|-unboost|p2a: Sneasler|spd|1
|faint|p1a: Empoleon
|move|p1b: Volcarona|Heat Wave|p2b: Rillaboom|[spread] p2a,p2b
|-resisted|p2b: Rillaboom
|-damage|p2a: Sneasler|0 fnt
|-damage|p2b: Rillaboom|35/100
|faint|p2a: Sneasler
|
|-heal|p2b: Rillaboom|41/100|[from] Grassy Terrain
|upkeep
|turn|8
|
|t:|1756650698
|move|p1b: Volcarona|Protect|p1b: Volcarona
|-singleturn|p1b: Volcarona|Protect
|move|p2b: Rillaboom|High Horsepower|p1b: Volcarona
|-activate|p1b: Volcarona|move: Protect
|
|-heal|p2b: Rillaboom|47/100|[from] Grassy Terrain
|-sideend|p1: iceshard00|move: Aurora Veil
|-fieldend|move: Grassy Terrain
|upkeep
|turn|9
|
|t:|1756650725
|move|p1b: Volcarona|Heat Wave|p2b: Rillaboom
|-resisted|p2b: Rillaboom
|-damage|p2b: Rillaboom|21/100
|move|p2b: Rillaboom|High Horsepower|p1b: Volcarona
|-damage|p1b: Volcarona|36/100
|-enditem|p1b: Volcarona|Sitrus Berry|[eat]
|-heal|p1b: Volcarona|61/100|[from] item: Sitrus Berry
|
|upkeep
|turn|10
|
|t:|1756650733
|move|p1b: Volcarona|Heat Wave|p2b: Rillaboom
|-resisted|p2b: Rillaboom
|-crit|p2b: Rillaboom
|-damage|p2b: Rillaboom|0 fnt
|faint|p2b: Rillaboom
|
|win|iceshard00
|raw|iceshard00's rating: 1078 → 1111(+33 for winning)
|raw|jamirolol's rating: 1134 → 1105(-29 for losing)
|l|☆jamirolol
|player|p2|
