|j|☆moosinator32
|j|☆asefito
|html|moosinator32asefito    
|uhtml|bestof|Game 1 of a best-of-3
|t:|1783454809
|gametype|doubles
|player|p1|moosinator32|266|1094
|player|p2|asefito|winona|1142
|gen|9
|tier|[Gen 9 Champions] VGC 2026 Reg M-B (Bo3)
|rated|
|rule|Species Clause: Limit one of each Pokémon
|rule|Item Clause: Limit 1 of each item
|clearpoke
|poke|p1|Skeledirge, L50, M|
|poke|p1|Scrafty, L50, M|
|poke|p1|Farigiraf, L50, M|
|poke|p1|Maushold-Four, L50|
|poke|p1|Azumarill, L50, M|
|poke|p1|Hydreigon, L50, M|
|poke|p2|Incineroar, L50, M|
|poke|p2|Basculegion, L50, M|
|poke|p2|Tinkaton, L50, F|
|poke|p2|Floette-Eternal, L50, F|
|poke|p2|Kingambit, L50, M|
|poke|p2|Sneasler, L50, F|
|teampreview|4
|showteam|p1|Skeledirge||Leftovers|Unaware|TorchSong,EarthPower,ShadowBall,Protect|Calm||M|||50|]Scrafty||Scraftinite|Intimidate|FakeOut,DrainPunch,ThroatChop,Protect|Adamant||M|||50|]Farigiraf||MentalHerb|ArmorTail|TrickRoom,Thunderbolt,Psychic,Protect|Sassy||M|||50|]Maushold-Four||FocusSash|FriendGuard|FollowMe,PopulationBomb,SeedBomb,Protect|Jolly|||||50|]Azumarill||SitrusBerry|HugePower|BellyDrum,PlayRough,AquaJet,Protect|Adamant||M|||50|]Hydreigon||ChoiceScarf|Levitate|Flamethrower,DarkPulse,DragonPulse,EarthPower|Timid||M|||50|
|showteam|p2|Incineroar||SitrusBerry|Intimidate|FlareBlitz,DarkestLariat,PartingShot,FakeOut|Careful||M|||50|]Basculegion||ChoiceScarf|Adaptability|WaveCrash,LastRespects,FlipTurn,AquaJet|Jolly||M|||50|]Tinkaton||Leftovers|MoldBreaker|GigatonHammer,PlayRough,BrickBreak,FakeOut|Adamant||F|||50|]Floette-Eternal||Floettite|FlowerVeil|Moonblast,DazzlingGleam,CalmMind,Protect|Modest||F|||50|]Kingambit||LifeOrb|Defiant|KowtowCleave,SuckerPunch,SwordsDance,Protect|Adamant||M|||50|]Sneasler||FocusSash|PoisonTouch|CloseCombat,DireClaw,Feint,FakeOut|Jolly||F|||50|
|inactive|Battle timer is ON: inactive players will automatically lose when time's up. (requested by asefito)
|inactive|asefito has 60 seconds left.
|
|t:|1783454863
|teamsize|p1|4
|teamsize|p2|4
|start
|switch|p1a: Hydreigon|Hydreigon, L50, M|100/100
|switch|p1b: Scrafty|Scrafty, L50, M|100/100
|switch|p2a: Kingambit|Kingambit, L50, M|100/100
|switch|p2b: Tinkaton|Tinkaton, L50, F|100/100
|-ability|p2b: Tinkaton|Mold Breaker
|-ability|p1b: Scrafty|Intimidate|boost
|-unboost|p2a: Kingambit|atk|1
|-ability|p2a: Kingambit|Defiant|boost
|-boost|p2a: Kingambit|atk|2
|-unboost|p2b: Tinkaton|atk|1
|turn|1
|
|t:|1783454879
|switch|p1a: Farigiraf|Farigiraf, L50, M|100/100
|move|p2a: Kingambit|Protect|p2a: Kingambit
|-singleturn|p2a: Kingambit|Protect
|move|p1b: Scrafty|Fake Out|p2a: Kingambit
|-activate|p2a: Kingambit|move: Protect
|move|p2b: Tinkaton|Play Rough|p1a: Farigiraf
|-damage|p1a: Farigiraf|74/100
|
|upkeep
|turn|2
|inactive|asefito has 30 seconds left.
|inactive|asefito has 20 seconds left.
|
|t:|1783454915
|switch|p1b: Skeledirge|Skeledirge, L50, M|100/100
|switch|p2a: Floette|Floette-Eternal, L50, F|100/100
|switch|p1a: Hydreigon|Hydreigon, L50, M|100/100
|move|p2b: Tinkaton|Play Rough|p1b: Skeledirge
|-resisted|p1b: Skeledirge|1
|-damage|p1b: Skeledirge|89/100
|
|-heal|p1b: Skeledirge|95/100|[from] item: Leftovers
|upkeep
|turn|3
|inactive|asefito has 30 seconds left.
|inactive|asefito has 20 seconds left.
|inactive|asefito has 15 seconds left.
|
|t:|1783454956
|switch|p1a: Farigiraf|Farigiraf, L50, M|74/100
|switch|p2b: Sneasler|Sneasler, L50, F|100/100
|detailschange|p2a: Floette|Floette-Mega, L50, F
|-mega|p2a: Floette|Floette|Floettite
|-ability|p2a: Floette|Fairy Aura
|move|p2a: Floette|Dazzling Gleam|p1b: Skeledirge|[spread] p1a,p1b
|-resisted|p1b: Skeledirge|1
|-damage|p1a: Farigiraf|42/100
|-damage|p1b: Skeledirge|78/100
|move|p1b: Skeledirge|Torch Song|p2b: Sneasler
|-damage|p2b: Sneasler|61/100
|-boost|p1b: Skeledirge|spa|1
|
|-heal|p1b: Skeledirge|84/100|[from] item: Leftovers
|upkeep
|turn|4
|inactive|asefito has 30 seconds left.
|
|t:|1783454989
|move|p2b: Sneasler|Close Combat|p1a: Farigiraf
|-damage|p1a: Farigiraf|0 fnt
|-unboost|p2b: Sneasler|def|1
|-unboost|p2b: Sneasler|spd|1
|faint|p1a: Farigiraf
|move|p2a: Floette|Moonblast|p1b: Skeledirge
|-resisted|p1b: Skeledirge|1
|-damage|p1b: Skeledirge|54/100
|move|p1b: Skeledirge|Torch Song|p2a: Floette
|-damage|p2a: Floette|64/100
|-boost|p1b: Skeledirge|spa|1
|
|-heal|p1b: Skeledirge|61/100|[from] item: Leftovers
|upkeep
|
|t:|1783454998
|switch|p1a: Hydreigon|Hydreigon, L50, M|100/100
|turn|5
|
|t:|1783455009
|move|p2a: Floette|Protect|p2a: Floette
|-singleturn|p2a: Floette|Protect
|move|p1a: Hydreigon|Earth Power|p2b: Sneasler
|-supereffective|p2b: Sneasler|1
|-damage|p2b: Sneasler|0 fnt
|faint|p2b: Sneasler
|move|p1b: Skeledirge|Torch Song|p2a: Floette
|-activate|p2a: Floette|move: Protect
|
|-heal|p1b: Skeledirge|67/100|[from] item: Leftovers
|upkeep
|
|t:|1783455019
|switch|p2b: Tinkaton|Tinkaton, L50, F|100/100
|-ability|p2b: Tinkaton|Mold Breaker
|turn|6
|
|t:|1783455024
|switch|p1a: Scrafty|Scrafty, L50, M|100/100
|-ability|p1a: Scrafty|Intimidate|boost
|-unboost|p2a: Floette|atk|1
|-unboost|p2b: Tinkaton|atk|1
|move|p2b: Tinkaton|Fake Out|p1a: Scrafty
|-damage|p1a: Scrafty|93/100
|move|p2a: Floette|Dazzling Gleam|p1b: Skeledirge|[spread] p1a,p1b
|-supereffective|p1a: Scrafty|2
|-resisted|p1b: Skeledirge|1
|-damage|p1a: Scrafty|0 fnt
|-damage|p1b: Skeledirge|51/100
|faint|p1a: Scrafty
|move|p1b: Skeledirge|Torch Song|p2a: Floette
|-damage|p2a: Floette|17/100
|-boost|p1b: Skeledirge|spa|1
|
|-heal|p1b: Skeledirge|57/100|[from] item: Leftovers
|upkeep
|
|t:|1783455033
|switch|p1a: Hydreigon|Hydreigon, L50, M|100/100
|turn|7
|
|t:|1783455052
|move|p1a: Hydreigon|Flamethrower|p2a: Floette
|-damage|p2a: Floette|0 fnt
|faint|p2a: Floette
|move|p2b: Tinkaton|Play Rough|p1a: Hydreigon
|-supereffective|p1a: Hydreigon|2
|-damage|p1a: Hydreigon|0 fnt
|faint|p1a: Hydreigon
|move|p1b: Skeledirge|Torch Song|p2b: Tinkaton
|-supereffective|p2b: Tinkaton|1
|-damage|p2b: Tinkaton|0 fnt
|-boost|p1b: Skeledirge|spa|1
|faint|p2b: Tinkaton
|
|-heal|p1b: Skeledirge|63/100|[from] item: Leftovers
|upkeep
|
|t:|1783455064
|switch|p2a: Kingambit|Kingambit, L50, M|100/100
|turn|8
|
|t:|1783455071
|move|p1b: Skeledirge|Protect|p1b: Skeledirge
|-singleturn|p1b: Skeledirge|Protect
|move|p2a: Kingambit|Sucker Punch||[still]
|-fail|p2a: Kingambit
|
|-heal|p1b: Skeledirge|69/100|[from] item: Leftovers
|upkeep
|turn|9
|
|t:|1783455079
|move|p2a: Kingambit|Sucker Punch|p1b: Skeledirge
|-supereffective|p1b: Skeledirge|1
|-damage|p1b: Skeledirge|0 fnt
|faint|p1b: Skeledirge
|-damage|p2a: Kingambit|90/100|[from] item: Life Orb
|
|win|asefito
