|j|☆ddx9000
|j|☆moicito
|html|ddx9000moicito    
|uhtml|bestof|Game 3 of a best-of-3
|t:|1756616143
|gametype|doubles
|player|p1|ddx9000|elesa|1277
|player|p2|moicito|caitlin|1178
|gen|9
|tier|[Gen 9] VGC 2025 Reg H (Bo3)
|rated|
|rule|Species Clause: Limit one of each Pokémon
|rule|Item Clause: Limit 1 of each item
|clearpoke
|poke|p1|Dragonite, L50, M|
|poke|p1|Volcarona, L50, F|
|poke|p1|Sneasler, L50, F|
|poke|p1|Rillaboom, L50, M|
|poke|p1|Electabuzz, L50, M|
|poke|p1|Kingambit, L50, M|
|poke|p2|Kingambit, L50, F|
|poke|p2|Rillaboom, L50, F|
|poke|p2|Magmar, L50, M|
|poke|p2|Primarina, L50, F|
|poke|p2|Sneasler, L50, M|
|poke|p2|Dragapult, L50, M|
|teampreview|4
|showteam|p1|Dragonite||LoadedDice|Multiscale|ScaleShot,ExtremeSpeed,Haze,Protect|||M|||50|,,,,,Fairy]Volcarona||CovertCloak|FlameBody|HeatWave,TeraBlast,QuiverDance,Protect|||F|||50|,,,,,Fairy]Sneasler||FocusSash|Unburden|CloseCombat,DireClaw,Coaching,Protect|||F|||50|,,,,,Stellar]Rillaboom||AssaultVest|GrassySurge|WoodHammer,GrassyGlide,HighHorsepower,FakeOut|||M|||50|,,,,,Water]Electabuzz||Eviolite|VitalSpirit|Electroweb,FollowMe,Taunt,Protect|||M|||50|,,,,,Ghost]Kingambit||BlackGlasses|Defiant|KowtowCleave,SuckerPunch,SwordsDance,Protect|||M|||50|,,,,,Dark
|showteam|p2|Kingambit||BlackGlasses|Defiant|Protect,KowtowCleave,SuckerPunch,SwordsDance|||F|||50|,,,,,Ghost]Rillaboom||AssaultVest|GrassySurge|WoodHammer,GrassyGlide,HighHorsepower,FakeOut|||F|||50|,,,,,Fire]Magmar||Eviolite|VitalSpirit|Overheat,WillOWisp,FollowMe,Protect|||M|||50|,,,,,Ghost]Primarina||SitrusBerry|LiquidVoice|HyperVoice,Moonblast,Haze,Protect|||F|||50|,,,,,Water]Sneasler||FocusSash|PoisonTouch|CloseCombat,DireClaw,Coaching,FakeOut|||M|||50|,,,,,Stellar]Dragapult||ChoiceBand|ClearBody|DragonDarts,TeraBlast,PhantomForce,Uturn|||M|||50|,,,,,Ghost
|
|t:|1756616220
|teamsize|p1|4
|teamsize|p2|4
|start
|switch|p1a: Dragonite|Dragonite, L50, M|100/100
|switch|p1b: Sneasler|Sneasler, L50, F, shiny|100/100
|switch|p2a: Kingii|Kingambit, L50, F, shiny|100/100
|switch|p2b: Magmar|Magmar, L50, M|100/100
|turn|1
|
|t:|1756616259
|move|p2b: Magmar|Protect|p2b: Magmar
|-singleturn|p2b: Magmar|Protect
|move|p2a: Kingii|Protect|p2a: Kingii
|-singleturn|p2a: Kingii|Protect
|move|p1b: Sneasler|Dire Claw|p2b: Magmar
|-activate|p2b: Magmar|move: Protect
|move|p1a: Dragonite|Scale Shot|p2b: Magmar
|-activate|p2b: Magmar|move: Protect
|
|upkeep
|turn|2
|
|t:|1756616282
|-terastallize|p2a: Kingii|Ghost
|move|p2a: Kingii|Sucker Punch|p1b: Sneasler
|-resisted|p1b: Sneasler
|-crit|p1b: Sneasler
|-damage|p1b: Sneasler|35/100
|move|p1b: Sneasler|Close Combat|p2a: Kingii
|-immune|p2a: Kingii
|move|p1a: Dragonite|Scale Shot|p2b: Magmar|[miss]
|-miss|p1a: Dragonite|p2b: Magmar
|move|p2b: Magmar|Will-O-Wisp|p1a: Dragonite
|-status|p1a: Dragonite|brn
|
|-damage|p1a: Dragonite|95/100 brn|[from] brn
|upkeep
|turn|3
|
|t:|1756616308
|move|p2b: Magmar|Follow Me|p2b: Magmar
|-singleturn|p2b: Magmar|move: Follow Me
|move|p1b: Sneasler|Coaching|p1a: Dragonite
|-boost|p1a: Dragonite|atk|1
|-boost|p1a: Dragonite|def|1
|move|p1a: Dragonite|Scale Shot|p2b: Magmar
|-damage|p2b: Magmar|92/100
|-damage|p2b: Magmar|83/100
|-damage|p2b: Magmar|74/100
|-damage|p2b: Magmar|66/100
|-damage|p2b: Magmar|56/100
|-hitcount|p2b: Magmar|5
|-unboost|p1a: Dragonite|def|1
|-boost|p1a: Dragonite|spe|1
|move|p2a: Kingii|Swords Dance|p2a: Kingii
|-boost|p2a: Kingii|atk|2
|
|-damage|p1a: Dragonite|89/100 brn|[from] brn
|upkeep
|turn|4
|
|t:|1756616352
|-terastallize|p1a: Dragonite|Fairy
|move|p1a: Dragonite|Scale Shot|p2b: Magmar
|-damage|p2b: Magmar|48/100
|-damage|p2b: Magmar|39/100
|-damage|p2b: Magmar|31/100
|-damage|p2b: Magmar|23/100
|-hitcount|p2b: Magmar|4
|-unboost|p1a: Dragonite|def|1
|-boost|p1a: Dragonite|spe|1
|move|p1b: Sneasler|Coaching|p1a: Dragonite
|-boost|p1a: Dragonite|atk|1
|-boost|p1a: Dragonite|def|1
|move|p2b: Magmar|Overheat|p1b: Sneasler
|-damage|p1b: Sneasler|0 fnt
|-unboost|p2b: Magmar|spa|2
|faint|p1b: Sneasler
|move|p2a: Kingii|Kowtow Cleave|p1a: Dragonite
|-resisted|p1a: Dragonite
|-damage|p1a: Dragonite|29/100 brn
|
|-damage|p1a: Dragonite|23/100 brn|[from] brn
|upkeep
|
|t:|1756616358
|switch|p1b: Kingambit|Kingambit, L50, M|100/100
|turn|5
|
|t:|1756616417
|move|p2a: Kingii|Protect|p2a: Kingii
|-singleturn|p2a: Kingii|Protect
|move|p1a: Dragonite|Extreme Speed|p2b: Magmar
|-damage|p2b: Magmar|0 fnt
|faint|p2b: Magmar
|move|p1b: Kingambit|Sucker Punch||[still]
|-fail|p1b: Kingambit
|
|-damage|p1a: Dragonite|17/100 brn|[from] brn
|upkeep
|
|t:|1756616431
|switch|p2b: Snisli|Sneasler, L50, M|100/100
|turn|6
|
|t:|1756616452
|move|p1a: Dragonite|Protect|p1a: Dragonite
|-singleturn|p1a: Dragonite|Protect
|move|p1b: Kingambit|Protect|p1b: Kingambit
|-singleturn|p1b: Kingambit|Protect
|move|p2b: Snisli|Dire Claw|p1a: Dragonite
|-activate|p1a: Dragonite|move: Protect
|move|p2a: Kingii|Swords Dance|p2a: Kingii
|-boost|p2a: Kingii|atk|2
|
|-damage|p1a: Dragonite|11/100 brn|[from] brn
|upkeep
|turn|7
|
|t:|1756616470
|move|p2a: Kingii|Protect|p2a: Kingii
|-singleturn|p2a: Kingii|Protect
|move|p1b: Kingambit|Sucker Punch||[still]
|-fail|p1b: Kingambit
|move|p1a: Dragonite|Scale Shot|p2b: Snisli
|-damage|p2b: Snisli|75/100
|-damage|p2b: Snisli|51/100
|-damage|p2b: Snisli|24/100
|-damage|p2b: Snisli|1/100
|-damage|p2b: Snisli|0 fnt
|faint|p2b: Snisli
|-hitcount|p2: Snisli|5
|-unboost|p1a: Dragonite|def|1
|-boost|p1a: Dragonite|spe|1
|
|-damage|p1a: Dragonite|5/100 brn|[from] brn
|upkeep
|
|t:|1756616485
|switch|p2b: Primarina|Primarina, L50, F|100/100
|turn|8
|
|t:|1756616501
|move|p1b: Kingambit|Sucker Punch|p2a: Kingii
|-supereffective|p2a: Kingii
|-damage|p2a: Kingii|33/100
|move|p2a: Kingii|Sucker Punch||[still]
|-fail|p2a: Kingii
|move|p1a: Dragonite|Haze|p1a: Dragonite
|-clearallboost
|move|p2b: Primarina|Hyper Voice|p1b: Kingambit|[spread] p1a,p1b
|-damage|p1a: Dragonite|0 fnt
|-damage|p1b: Kingambit|66/100
|faint|p1a: Dragonite
|
|upkeep
|
|t:|1756616503
|switch|p1a: Rillaboom|Rillaboom, L50, M|100/100
|-fieldstart|move: Grassy Terrain|[from] ability: Grassy Surge|[of] p1a: Rillaboom
|turn|9
|
|t:|1756616530
|move|p2b: Primarina|Protect|p2b: Primarina
|-singleturn|p2b: Primarina|Protect
|move|p1a: Rillaboom|Wood Hammer|p2b: Primarina
|-activate|p2b: Primarina|move: Protect
|move|p1b: Kingambit|Kowtow Cleave|p2a: Kingii
|-supereffective|p2a: Kingii
|-damage|p2a: Kingii|0 fnt
|faint|p2a: Kingii
|
|-heal|p1b: Kingambit|72/100|[from] Grassy Terrain
|upkeep
|turn|10
|
|t:|1756616543
|move|p1a: Rillaboom|Wood Hammer|p2b: Primarina
|-supereffective|p2b: Primarina
|-damage|p2b: Primarina|0 fnt
|faint|p2b: Primarina
|-damage|p1a: Rillaboom|72/100|[from] Recoil
|
|win|ddx9000
|raw|ddx9000's rating: 1277 → 1295(+18 for winning)
|raw|moicito's rating: 1178 → 1160(-18 for losing)
|c|☆moicito|gg
|c|☆ddx9000|Gg
