|j|☆GS Barnabe
|j|☆HeoWay
|html|GS BarnabeHeoWay    
|uhtml|bestof|Game 2 of a best-of-3
|t:|1785872971
|gametype|doubles
|player|p1|GS Barnabe|169|1197
|player|p2|HeoWay|265|1179
|gen|9
|tier|[Gen 9 Champions] VGC 2026 Reg M-B (Bo3)
|rated|
|rule|Species Clause: Limit one of each Pokémon
|rule|Item Clause: Limit 1 of each item
|clearpoke
|poke|p1|Clefable, L50, F|
|poke|p1|Tyranitar, L50, F|
|poke|p1|Garchomp, L50, M|
|poke|p1|Gholdengo, L50|
|poke|p1|Rotom-Wash, L50|
|poke|p1|Aerodactyl, L50, M|
|poke|p2|Staraptor, L50, M|
|poke|p2|Arcanine-Hisui, L50, M|
|poke|p2|Kingambit, L50, M|
|poke|p2|Raichu, L50, F|
|poke|p2|Farigiraf, L50, F|
|poke|p2|Sylveon, L50, M|
|teampreview|4
|showteam|p1|Clefable||SitrusBerry|Unaware|Moonblast,FollowMe,HealPulse,Protect|Bold||F|||50|]Tyranitar||ChoiceScarf|SandStream|RockSlide,KnockOff,IcePunch,Superpower|Jolly||F|||50|]Garchomp||Garchompite|SandVeil|DracoMeteor,EarthPower,PowerGem,Protect|Modest||M|||50|]Gholdengo||LifeOrb|GoodasGold|MakeItRain,ShadowBall,NastyPlot,Protect|Modest|||||50|]Rotom-Wash||Leftovers|Levitate|HydroPump,VoltSwitch,WillOWisp,Protect|Calm|||||50|]Aerodactyl||Aerodactylite|RockHead|RockSlide,DualWingbeat,Tailwind,Protect|Jolly||M|||50|
|showteam|p2|Staraptor||Staraptite|Intimidate|DualWingbeat,CloseCombat,Tailwind,Protect|Jolly||M|||50|]Arcanine-Hisui||FocusSash|RockHead|FlareBlitz,HeadSmash,ExtremeSpeed,Protect|Jolly||M|||50|]Kingambit||BlackGlasses|Defiant|KowtowCleave,SuckerPunch,SwordsDance,Protect|Adamant||M|||50|]Raichu||RaichuniteY|Static|FakeOut,ZapCannon,FocusBlast,Protect|Timid||F|||50|]Farigiraf||SitrusBerry|ArmorTail|Psychic,HelpingHand,TrickRoom,Protect|Calm||F|||50|]Sylveon||FairyFeather|Pixilate|HyperVoice,HyperBeam,QuickAttack,Detect|Modest||M|||50|
|inactive|Battle timer is ON: inactive players will automatically lose when time's up. (requested by HeoWay)
|inactive|GS Barnabe has 60 seconds left.
|inactive|HeoWay has 60 seconds left.
|inactive|HeoWay has 30 seconds left.
|
|t:|1785873040
|teamsize|p1|4
|teamsize|p2|4
|start
|switch|p1a: Aerodactyl|Aerodactyl, L50, M|100/100
|switch|p1b: Gholdengo|Gholdengo, L50|100/100
|switch|p2a: Raichu|Raichu, L50, F|100/100
|switch|p2b: Sylveon|Sylveon, L50, M|100/100
|turn|1
|inactive|GS Barnabe has 30 seconds left.
|inactive|HeoWay has 30 seconds left.
|
|t:|1785873070
|switch|p2b: Kingambit|Kingambit, L50, M|100/100
|detailschange|p2a: Raichu|Raichu-Mega-Y, L50, F
|-mega|p2a: Raichu|Raichu|Raichunite Y
|move|p1a: Aerodactyl|Protect|p1a: Aerodactyl
|-singleturn|p1a: Aerodactyl|Protect
|move|p2a: Raichu|Zap Cannon|p1a: Aerodactyl
|-activate|p1a: Aerodactyl|move: Protect
|move|p1b: Gholdengo|Nasty Plot|p1b: Gholdengo
|-boost|p1b: Gholdengo|spa|2
|
|upkeep
|turn|2
|inactive|GS Barnabe has 30 seconds left.
|inactive|GS Barnabe has 20 seconds left.
|inactive|GS Barnabe has 15 seconds left.
|
|t:|1785873110
|switch|p1a: Tyranitar|Tyranitar, L50, F|100/100
|-weather|Sandstorm|[from] ability: Sand Stream|[of] p1a: Tyranitar
|move|p2b: Kingambit|Sucker Punch|p1b: Gholdengo
|-supereffective|p1b: Gholdengo|1
|-damage|p1b: Gholdengo|23/100
|move|p2a: Raichu|Zap Cannon|p1a: Tyranitar
|-damage|p1a: Tyranitar|57/100
|-status|p1a: Tyranitar|par
|move|p1b: Gholdengo|Shadow Ball|p2a: Raichu
|-damage|p2a: Raichu|0 fnt
|faint|p2a: Raichu
|-damage|p1b: Gholdengo|14/100|[from] item: Life Orb
|
|-weather|Sandstorm|[upkeep]
|upkeep
|
|t:|1785873120
|switch|p2a: Sylveon|Sylveon, L50, M|100/100
|turn|3
|inactive|GS Barnabe has 30 seconds left.
|inactive|GS Barnabe has 20 seconds left.
|inactive|GS Barnabe has 15 seconds left.
|inactive|GS Barnabe has 10 seconds left.
|
|t:|1785873169
|switch|p1a: Aerodactyl|Aerodactyl, L50, M|100/100
|move|p1b: Gholdengo|Protect|p1b: Gholdengo
|-singleturn|p1b: Gholdengo|Protect
|move|p2b: Kingambit|Sucker Punch||[still]
|-fail|p2b: Kingambit
|move|p2a: Sylveon|Hyper Voice|p1b: Gholdengo|[spread] p1a
|-activate|p1b: Gholdengo|move: Protect
|-damage|p1a: Aerodactyl|54/100
|
|-weather|Sandstorm|[upkeep]
|-damage|p2a: Sylveon|93/100|[from] Sandstorm
|upkeep
|turn|4
|inactive|GS Barnabe has 30 seconds left.
|inactive|HeoWay has 30 seconds left.
|inactive|GS Barnabe has 20 seconds left.
|inactive|HeoWay has 20 seconds left.
|inactive|GS Barnabe has 15 seconds left.
|inactive|HeoWay has 15 seconds left.
|inactive|GS Barnabe has 10 seconds left.
|
|t:|1785873215
|switch|p2a: Farigiraf|Farigiraf, L50, F|100/100
|move|p2b: Kingambit|Sucker Punch|p1b: Gholdengo
|-supereffective|p1b: Gholdengo|1
|-damage|p1b: Gholdengo|0 fnt
|faint|p1b: Gholdengo
|move|p1a: Aerodactyl|Tailwind|p1a: Aerodactyl
|-sidestart|p1: GS Barnabe|move: Tailwind
|
|-weather|Sandstorm|[upkeep]
|-damage|p2a: Farigiraf|93/100|[from] Sandstorm
|upkeep
|
|t:|1785873228
|switch|p1b: Garchomp|Garchomp, L50, M|100/100
|turn|5
|
|t:|1785873242
|detailschange|p1b: Garchomp|Garchomp-Mega, L50, M
|-mega|p1b: Garchomp|Garchomp|Garchompite
|move|p2b: Kingambit|Protect|p2b: Kingambit
|-singleturn|p2b: Kingambit|Protect
|move|p1a: Aerodactyl|Rock Slide|p2b: Kingambit|[spread] p2a
|-activate|p2b: Kingambit|move: Protect
|-damage|p2a: Farigiraf|72/100
|move|p1b: Garchomp|Earth Power|p2a: Farigiraf
|-damage|p2a: Farigiraf|18/100
|-enditem|p2a: Farigiraf|Sitrus Berry|[eat]
|-heal|p2a: Farigiraf|43/100|[from] item: Sitrus Berry
|cant|p2a: Farigiraf|flinch
|
|-weather|Sandstorm|[upkeep]
|-damage|p2a: Farigiraf|37/100|[from] Sandstorm
|upkeep
|turn|6
|inactive|GS Barnabe has 30 seconds left.
|inactive|HeoWay has 30 seconds left.
|
|t:|1785873273
|move|p2a: Farigiraf|Protect|p2a: Farigiraf
|-singleturn|p2a: Farigiraf|Protect
|move|p1a: Aerodactyl|Rock Slide|p2a: Farigiraf|[spread] p2b
|-activate|p2a: Farigiraf|move: Protect
|-resisted|p2b: Kingambit|1
|-damage|p2b: Kingambit|89/100
|move|p1b: Garchomp|Earth Power|p2b: Kingambit
|-supereffective|p2b: Kingambit|1
|-damage|p2b: Kingambit|0 fnt
|faint|p2b: Kingambit
|
|-weather|none
|upkeep
|
|t:|1785873275
|switch|p2b: Sylveon|Sylveon, L50, M|93/100
|turn|7
|inactive|GS Barnabe has 30 seconds left.
|inactive|GS Barnabe has 20 seconds left.
|
|t:|1785873314
|move|p2a: Farigiraf|Helping Hand|p2b: Sylveon
|-singleturn|p2b: Sylveon|Helping Hand|[of] p2a: Farigiraf
|move|p1a: Aerodactyl|Rock Slide|p2a: Farigiraf|[spread] p2a
|-miss|p1a: Aerodactyl|p2b: Sylveon
|-crit|p2a: Farigiraf
|-damage|p2a: Farigiraf|7/100
|move|p1b: Garchomp|Earth Power|p2b: Sylveon
|-damage|p2b: Sylveon|55/100
|move|p2b: Sylveon|Hyper Voice|p1a: Aerodactyl|[spread] p1a,p1b
|-supereffective|p1b: Garchomp|1
|-damage|p1a: Aerodactyl|0 fnt
|-damage|p1b: Garchomp|0 fnt
|faint|p1a: Aerodactyl
|faint|p1b: Garchomp
|
|-sideend|p1: GS Barnabe|move: Tailwind
|upkeep
|
|t:|1785873329
|switch|p1b: Tyranitar|Tyranitar, L50, F|57/100 par
|-weather|Sandstorm|[from] ability: Sand Stream|[of] p1b: Tyranitar
|turn|8
|
|t:|1785873337
|move|p2a: Farigiraf|Helping Hand|p2b: Sylveon
|-singleturn|p2b: Sylveon|Helping Hand|[of] p2a: Farigiraf
|move|p1b: Tyranitar|Rock Slide|p2a: Farigiraf|[spread] p2a,p2b
|-damage|p2a: Farigiraf|0 fnt
|-damage|p2b: Sylveon|16/100
|faint|p2a: Farigiraf
|move|p2b: Sylveon|Hyper Voice|p1b: Tyranitar
|-supereffective|p1b: Tyranitar|1
|-damage|p1b: Tyranitar|0 fnt
|faint|p1b: Tyranitar
|
|win|HeoWay
|raw|GS Barnabe's rating: 1197 → 1171(-26 for losing)
|raw|HeoWay's rating: 1179 → 1205(+26 for winning)
|l|☆HeoWay
|player|p2|
