|j|☆shynessvgc
|j|☆pimi19
|html|shynessvgcpimi19    
|uhtml|bestof|Game 2 of a best-of-3
|t:|1757646865
|gametype|doubles
|player|p1|shynessvgc|dawn|1271
|player|p2|pimi19|101|1294
|gen|9
|tier|[Gen 9] VGC 2025 Reg H (Bo3)
|rated|
|rule|Species Clause: Limit one of each Pokémon
|rule|Item Clause: Limit 1 of each item
|clearpoke
|poke|p1|Charizard, L50, F|
|poke|p1|Torkoal, L50, F|
|poke|p1|Porygon2, L50|
|poke|p1|Incineroar, L50, M|
|poke|p1|Jumpluff, L50, F|
|poke|p1|Ursaluna, L50, F|
|poke|p2|Ninetales-Alola, L50, M|
|poke|p2|Annihilape, L50, M|
|poke|p2|Gholdengo, L50|
|poke|p2|Dragonite, L50, F|
|poke|p2|Rillaboom, L50, F|
|poke|p2|Ursaluna-Bloodmoon, L50, M|
|teampreview|4
|showteam|p1|Charizard||ChoiceSpecs|SolarPower|HeatWave,Overheat,WeatherBall,AirSlash|||F|||50|,,,,,Ghost]Torkoal||EjectPack|Drought|Eruption,Overheat,HelpingHand,Protect|||F|||50|,,,,,Fire]Porygon2||Eviolite|Download|IceBeam,TeraBlast,TrickRoom,Recover||||||50|,,,,,Fighting]Incineroar||SitrusBerry|Intimidate|FlareBlitz,KnockOff,FakeOut,PartingShot|||M|||50|,,,,,Ghost]Jumpluff||CovertCloak|Chlorophyll|SleepPowder,SunnyDay,RagePowder,Tailwind|||F|||50|,,,,,Water]Ursaluna||FlameOrb|Guts|HeadlongRush,Facade,Earthquake,Protect|||F|||50|,,,,,Ghost
|showteam|p2|Ninetales-Alola||LightClay|SnowWarning|IcicleSpear,Moonblast,AuroraVeil,IcyWind|||M|||50|,,,,,Ghost]Annihilape||SafetyGoggles|Defiant|RageFist,DrainPunch,BulkUp,Protect|||M|||50|,,,,,Fire]Gholdengo||GrassySeed|GoodasGold|MakeItRain,ShadowBall,NastyPlot,Protect||||||50|,,,,,Water]Dragonite||LoadedDice|Multiscale|ScaleShot,ExtremeSpeed,FirePunch,Protect|||F|||50|,,,,,Normal]Rillaboom||MiracleSeed|GrassySurge|FakeOut,GrassyGlide,WoodHammer,Protect|||F|||50|,,,,,Fire]Ursaluna-Bloodmoon||AssaultVest|MindsEye|BloodMoon,HyperVoice,EarthPower,VacuumWave|||M|||50|,,,,,Normal
|inactive|Battle timer is ON: inactive players will automatically lose when time's up. (requested by shynessvgc)
|
|t:|1757646912
|teamsize|p1|4
|teamsize|p2|4
|start
|switch|p1a: Charizard|Charizard, L50, F, shiny|100/100
|switch|p1b: Jumpluff|Jumpluff, L50, F|100/100
|switch|p2a: Dragonite|Dragonite, L50, F|100/100
|switch|p2b: Annihilape|Annihilape, L50, M|100/100
|turn|1
|
|t:|1757646933
|-terastallize|p2b: Annihilape|Fire
|move|p1b: Jumpluff|Sleep Powder|p2a: Dragonite
|-status|p2a: Dragonite|slp|[from] move: Sleep Powder
|move|p1a: Charizard|Heat Wave|p2a: Dragonite|[spread] p2a
|-miss|p1a: Charizard|p2b: Annihilape
|-resisted|p2a: Dragonite
|-damage|p2a: Dragonite|89/100 slp
|move|p2b: Annihilape|Rage Fist|p1a: Charizard
|-damage|p1a: Charizard|69/100
|cant|p2a: Dragonite|slp
|
|upkeep
|turn|2
|
|t:|1757646948
|move|p1b: Jumpluff|Sunny Day|p1b: Jumpluff
|-weather|SunnyDay
|move|p1a: Charizard|Heat Wave|p2a: Dragonite|[spread] p2a,p2b
|-resisted|p2a: Dragonite
|-resisted|p2b: Annihilape
|-damage|p2a: Dragonite|30/100 slp
|-damage|p2b: Annihilape|47/100
|move|p2b: Annihilape|Bulk Up|p2b: Annihilape
|-boost|p2b: Annihilape|atk|1
|-boost|p2b: Annihilape|def|1
|-curestatus|p2a: Dragonite|slp|[msg]
|move|p2a: Dragonite|Scale Shot|p1b: Jumpluff|[miss]
|-miss|p2a: Dragonite|p1b: Jumpluff
|
|-weather|SunnyDay|[upkeep]
|-damage|p1a: Charizard|57/100|[from] ability: Solar Power|[of] p1a: Charizard
|upkeep
|turn|3
|
|t:|1757646969
|switch|p2a: Ninetales|Ninetales-Alola, L50, M, shiny|100/100
|-weather|Snowscape|[from] ability: Snow Warning|[of] p2a: Ninetales
|move|p1b: Jumpluff|Sunny Day|p1b: Jumpluff
|-weather|SunnyDay
|move|p1a: Charizard|Heat Wave|p2a: Ninetales|[spread] p2a,p2b
|-supereffective|p2a: Ninetales
|-resisted|p2b: Annihilape
|-damage|p2a: Ninetales|0 fnt
|-damage|p2b: Annihilape|0 fnt
|faint|p2a: Ninetales
|faint|p2b: Annihilape
|
|-weather|SunnyDay|[upkeep]
|-damage|p1a: Charizard|44/100|[from] ability: Solar Power|[of] p1a: Charizard
|upkeep
|
|t:|1757646971
|switch|p2a: Ursaluna|Ursaluna-Bloodmoon, L50, M|100/100
|switch|p2b: Dragonite|Dragonite, L50, F|30/100
|turn|4
|
|t:|1757646987
|move|p2b: Dragonite|Extreme Speed|p1b: Jumpluff
|-damage|p1b: Jumpluff|67/100
|move|p1b: Jumpluff|Sleep Powder|p2a: Ursaluna
|-status|p2a: Ursaluna|slp|[from] move: Sleep Powder
|move|p1a: Charizard|Heat Wave|p2b: Dragonite|[spread] p2a,p2b
|-resisted|p2b: Dragonite
|-damage|p2a: Ursaluna|15/100 slp
|-damage|p2b: Dragonite|0 fnt
|faint|p2b: Dragonite
|cant|p2a: Ursaluna|slp
|
|-weather|SunnyDay|[upkeep]
|-damage|p1a: Charizard|32/100|[from] ability: Solar Power|[of] p1a: Charizard
|upkeep
|turn|5
|
|t:|1757646995
|move|p1b: Jumpluff|Sleep Powder|p2a: Ursaluna|[miss]
|-miss|p1b: Jumpluff|p2a: Ursaluna
|move|p1a: Charizard|Heat Wave|p2a: Ursaluna
|-damage|p2a: Ursaluna|0 fnt
|faint|p2a: Ursaluna
|
|win|shynessvgc
|raw|shynessvgc's rating: 1271 → 1298(+27 for winning)
|raw|pimi19's rating: 1294 → 1267(-27 for losing)
