|j|☆roggol
|j|☆Mozilla Fennekin
|html|roggolMozilla Fennekin    
|uhtml|bestof|Game 1 of a best-of-3
|t:|1784543369
|gametype|doubles
|player|p1|roggol|169|
|player|p2|Mozilla Fennekin|marnie-masters3|
|gen|9
|tier|[Gen 9 Champions] VGC 2026 Reg M-B (Bo3)
|rule|Species Clause: Limit one of each Pokémon
|rule|Item Clause: Limit 1 of each item
|clearpoke
|poke|p1|Froslass, L50, F|
|poke|p1|Tyranitar, L50, F|
|poke|p1|Steelix, L50, M|
|poke|p1|Zoroark-Hisui, L50, F|
|poke|p1|Pidgeot, L50, M|
|poke|p1|Sandaconda, L50, F|
|poke|p2|Delphox, L50, F|
|poke|p2|Torkoal, L50, M|
|poke|p2|Alakazam, L50, F|
|poke|p2|Heliolisk, L50, F|
|poke|p2|Scovillain, L50, M|
|poke|p2|Hydrapple, L50, F|
|teampreview|4
|showteam|p1|Froslass||Froslassite|CursedBody|Blizzard,ShadowBall,AuroraVeil,Protect|Timid||F|||50|]Tyranitar||Tyranitarite|SandStream|KnockOff,RockSlide,Protect,IcePunch|Adamant||F|||50|]Steelix||ChopleBerry|Sturdy|HighHorsepower,BodyPress,HeavySlam,WideGuard|Careful||M|||50|]Zoroark-Hisui||FocusSash|Illusion|ShadowBall,SludgeBomb,Protect,Taunt|Timid||F|||50|]Pidgeot||LifeOrb|KeenEye|Tailwind,Uturn,QuickAttack,BraveBird|Careful||M|||50|]Sandaconda||BrightPowder|SandVeil|Minimize,IronDefense,BodyPress,RockSlide|Careful||F|||50|
|showteam|p2|Delphox||Delphoxite|Magician|HeatWave,ScorchingSands,Encore,Protect|Timid||F|||50|]Torkoal||Charcoal|Drought|Eruption,EarthPower,WillOWisp,Protect|Modest||M|||50|]Alakazam||FocusSash|MagicGuard|Taunt,SpeedSwap,Psychic,FocusBlast|Timid||F|||50|]Heliolisk||HeatRock|SolarPower|SunnyDay,Thunderbolt,WeatherBall,Protect|Timid||F|||50|]Scovillain||LifeOrb|Chlorophyll|SunnyDay,Flamethrower,EnergyBall,LeafStorm|Modest||M|||50|]Hydrapple||Leftovers|SupersweetSyrup|FickleBeam,GigaDrain,SolarBeam,Protect|Modest||F|||50|
|inactive|Battle timer is ON: inactive players will automatically lose when time's up. (requested by roggol)
|inactive|Mozilla Fennekin has 60 seconds left.
|inactive|Mozilla Fennekin has 30 seconds left.
|
|t:|1784543431
|teamsize|p1|4
|teamsize|p2|4
|start
|switch|p1a: Pidgeot|Pidgeot, L50, M|100/100
|switch|p1b: Steelix|Steelix, L50, M|100/100
|switch|p2a: Heliolisk|Heliolisk, L50, F|100/100
|switch|p2b: Delphox|Delphox, L50, F|100/100
|turn|1
|inactive|roggol has 30 seconds left.
|inactive|roggol has 20 seconds left.
|inactive|roggol has 15 seconds left.
|
|t:|1784543472
|switch|p2a: Torkoal|Torkoal, L50, M|100/100
|-weather|SunnyDay|[from] ability: Drought|[of] p2a: Torkoal
|detailschange|p2b: Delphox|Delphox-Mega, L50, F
|-mega|p2b: Delphox|Delphox|Delphoxite
|move|p1b: Steelix|Protect|p1b: Steelix
|-singleturn|p1b: Steelix|Protect
|move|p2b: Delphox|Heat Wave|p1b: Steelix|[spread] p1a
|-activate|p1b: Steelix|move: Protect
|-damage|p1a: Pidgeot|32/100
|move|p1a: Pidgeot|Tailwind|p1a: Pidgeot
|-sidestart|p1: roggol|move: Tailwind
|
|-weather|SunnyDay|[upkeep]
|upkeep
|turn|2
|
|t:|1784543490
|move|p2a: Torkoal|Protect|p2a: Torkoal
|-singleturn|p2a: Torkoal|Protect
|move|p1b: Steelix|Shadow Ball|p2b: Delphox
|-supereffective|p2b: Delphox|1
|-damage|p2b: Delphox|23/100
|-unboost|p2b: Delphox|spd|1
|move|p1a: Pidgeot|Brave Bird|p2a: Torkoal
|-activate|p2a: Torkoal|move: Protect
|move|p2b: Delphox|Encore|p1b: Steelix
|-start|p1b: Steelix|Encore
|
|-weather|SunnyDay|[upkeep]
|upkeep
|turn|3
|
|t:|1784543506
|switch|p2a: Heliolisk|Heliolisk, L50, F|100/100
|move|p1b: Steelix|Shadow Ball|p2b: Delphox
|-supereffective|p2b: Delphox|1
|-damage|p2b: Delphox|0 fnt
|faint|p2b: Delphox
|move|p1a: Pidgeot|Brave Bird|p2a: Heliolisk
|-resisted|p2a: Heliolisk|1
|-damage|p2a: Heliolisk|50/100g
|-damage|p1a: Pidgeot|19/100|[from] Recoil
|-damage|p1a: Pidgeot|9/100|[from] item: Life Orb
|
|-weather|SunnyDay|[upkeep]
|-damage|p2a: Heliolisk|38/100|[from] ability: Solar Power|[of] p2a: Heliolisk
|upkeep
|c|☆Mozilla Fennekin|F wrong switch
|inactive|Mozilla Fennekin has 30 seconds left.
|c|☆roggol|happens
|
|t:|1784543535
|switch|p2b: Scovillain|Scovillain, L50, M|100/100
|turn|4
|
|t:|1784543554
|move|p1b: Steelix|Shadow Ball|p2b: Scovillain
|-damage|p2b: Scovillain|24/100
|move|p1a: Pidgeot|Brave Bird|p2b: Scovillain
|-supereffective|p2b: Scovillain|1
|-damage|p2b: Scovillain|0 fnt
|faint|p2b: Scovillain
|-damage|p1a: Pidgeot|2/100|[from] Recoil
|-damage|p1a: Pidgeot|0 fnt|[from] item: Life Orb
|faint|p1a: Pidgeot
|move|p2a: Heliolisk|Weather Ball|p1b: Steelix
|-enditem|p1b: Steelix|Focus Sash
|-damage|p1b: Steelix|1/100
|replace|p1b: Zoroark|Zoroark-Hisui, L50, F
|-end|p1b: Zoroark|Illusion
|
|-weather|SunnyDay|[upkeep]
|-damage|p2a: Heliolisk|25/100|[from] ability: Solar Power|[of] p2a: Heliolisk
|-sideend|p1: roggol|move: Tailwind
|upkeep
|
|t:|1784543571
|switch|p1a: Tyranitar|Tyranitar, L50, F|100/100
|switch|p2b: Torkoal|Torkoal, L50, M|100/100
|-weather|Sandstorm|[from] ability: Sand Stream|[of] p1a: Tyranitar
|-weather|SunnyDay|[from] ability: Drought|[of] p2b: Torkoal
|turn|5
|
|t:|1784543582
|detailschange|p1a: Tyranitar|Tyranitar-Mega, L50, F
|-mega|p1a: Tyranitar|Tyranitar|Tyranitarite
|-weather|Sandstorm|[from] ability: Sand Stream|[of] p1a: Tyranitar
|move|p2b: Torkoal|Protect|p2b: Torkoal
|-singleturn|p2b: Torkoal|Protect
|move|p1b: Zoroark|Shadow Ball|p2b: Torkoal
|-activate|p2b: Torkoal|move: Protect
|move|p2a: Heliolisk|Weather Ball|p1b: Zoroark
|-damage|p1b: Zoroark|0 fnt
|faint|p1b: Zoroark
|move|p1a: Tyranitar|Rock Slide|p2a: Heliolisk|[spread] p2a
|-activate|p2b: Torkoal|move: Protect
|-damage|p2a: Heliolisk|0 fnt
|faint|p2a: Heliolisk
|
|-weather|Sandstorm|[upkeep]
|-damage|p2b: Torkoal|93/100|[from] Sandstorm
|upkeep
|
|t:|1784543599
|switch|p1b: Steelix|Steelix, L50, M|100/100
|turn|6
|
|t:|1784543604
|move|p1a: Tyranitar|Rock Slide|p2b: Torkoal
|-supereffective|p2b: Torkoal|1
|-damage|p2b: Torkoal|11/100
|move|p1b: Steelix|High Horsepower|p2b: Torkoal|[miss]
|-miss|p1b: Steelix|p2b: Torkoal
|cant|p2b: Torkoal|flinch
|
|-weather|Sandstorm|[upkeep]
|-damage|p2b: Torkoal|5/100|[from] Sandstorm
|upkeep
|turn|7
|
|t:|1784543617
|move|p1a: Tyranitar|Knock Off|p2b: Torkoal
|-damage|p2b: Torkoal|0 fnt
|-enditem|p2b: Torkoal|Charcoal|[from] move: Knock Off|[of] p1a: Tyranitar
|faint|p2b: Torkoal
|
|win|roggol
||Mozilla Fennekin is ready for game 2.
||roggol is ready for game 2.
|uhtml|next|Next: Game 2 of 3
