|j|☆pipo.uc94
|j|☆higigig
|html|pipo.uc94higigig    
|uhtml|bestof|Game 1 of a best-of-3
|t:|1756239322
|gametype|doubles
|player|p1|pipo.uc94|169|1227
|player|p2|higigig|sisandbro|1168
|gen|9
|tier|[Gen 9] VGC 2025 Reg H (Bo3)
|rated|
|rule|Species Clause: Limit one of each Pokémon
|rule|Item Clause: Limit 1 of each item
|clearpoke
|poke|p1|Archaludon, L50, F|
|poke|p1|Pelipper, L50, F|
|poke|p1|Ursaluna, L50, M|
|poke|p1|Sinistcha, L50|
|poke|p1|Gholdengo, L50|
|poke|p1|Dragonite, L50, F|
|poke|p2|Sneasler, L50, F|
|poke|p2|Gholdengo, L50|
|poke|p2|Farigiraf, L50, M|
|poke|p2|Ursaluna-Bloodmoon, L50, M|
|poke|p2|Amoonguss, L50, F|
|poke|p2|Altaria, L50, M|
|teampreview|4
|showteam|p1|Archaludon||AssaultVest|Stamina|FlashCannon,BodyPress,ElectroShot,Snarl|||F|||50|,,,,,Fighting]Pelipper||FocusSash|Drizzle|MuddyWater,Hurricane,Tailwind,Protect|||F|||50|,,,,,Ghost]Ursaluna||FlameOrb|Guts|Facade,HeadlongRush,Earthquake,Protect|||M|||50|,,,,,Ghost]Sinistcha||SitrusBerry|Hospitality|MatchaGotcha,LifeDew,RagePowder,TrickRoom||||||50|,,,,,Dark]Gholdengo||ChoiceScarf|GoodasGold|MakeItRain,ShadowBall,Trick,Protect||||||50|,,,,,Flying]Dragonite||LoadedDice|Multiscale|Protect,Haze,ScaleShot,AerialAce|||F|||50|,,,,,Fairy
|showteam|p2|Sneasler||FocusSash|PoisonTouch|FakeOut,CloseCombat,DireClaw,Protect|||F|||50|,,,,,Dark]Gholdengo||ChoiceSpecs|GoodasGold|MakeItRain,ShadowBall,PowerGem,Trick||||||50|,,,,,Steel]Farigiraf||MentalHerb|ArmorTail|Psychic,Imprison,HelpingHand,TrickRoom|||M|||50|,,,,,Grass]Ursaluna-Bloodmoon||ThroatSpray|MindsEye|HyperVoice,EarthPower,BloodMoon,Protect|||M|||50|,,,,,Normal]Amoonguss||SitrusBerry|Regenerator|SludgeBomb,PollenPuff,Spore,RagePowder|||F|||50|,,,,,Water]Altaria||CovertCloak|CloudNine|BreakingSwipe,HelpingHand,Haze,Tailwind|||M|||50|,,,,,Water
|inactive|Battle timer is ON: inactive players will automatically lose when time's up. (requested by higigig)
|inactive|pipo.uc94 has 60 seconds left.
|inactive|higigig has 60 seconds left.
|
|t:|1756239359
|teamsize|p1|4
|teamsize|p2|4
|start
|switch|p1a: Dragonite|Dragonite, L50, F|100/100
|switch|p1b: Gholdengo|Gholdengo, L50|100/100
|switch|p2a: Altaria|Altaria, L50, M|100/100
|switch|p2b: Ursaluna|Ursaluna-Bloodmoon, L50, M|100/100
|-ability|p2a: Altaria|Cloud Nine
|turn|1
|inactive|higigig has 30 seconds left.
|
|t:|1756239384
|-terastallize|p1b: Gholdengo|Flying
|-terastallize|p2b: Ursaluna|Normal
|move|p1b: Gholdengo|Make It Rain|p2a: Altaria|[spread] p2a,p2b
|-damage|p2a: Altaria|52/100
|-damage|p2b: Ursaluna|36/100
|-unboost|p1b: Gholdengo|spa|1
|move|p2a: Altaria|Tailwind|p2a: Altaria
|-sidestart|p2: higigig|move: Tailwind
|move|p2b: Ursaluna|Hyper Voice|p1b: Gholdengo|[spread] p1a,p1b
|-damage|p1a: Dragonite|79/100
|-damage|p1b: Gholdengo|37/100
|-enditem|p2b: Ursaluna|Throat Spray
|-boost|p2b: Ursaluna|spa|1|[from] item: Throat Spray
|move|p1a: Dragonite|Scale Shot|p2a: Altaria
|-supereffective|p2a: Altaria
|-damage|p2a: Altaria|25/100
|-supereffective|p2a: Altaria
|-damage|p2a: Altaria|0 fnt
|faint|p2a: Altaria
|-hitcount|p2: Altaria|2
|-unboost|p1a: Dragonite|def|1
|-boost|p1a: Dragonite|spe|1
|
|upkeep
|inactive|higigig has 30 seconds left.
|
|t:|1756239411
|switch|p2a: Amoonguss|Amoonguss, L50, F|100/100
|turn|2
|
|t:|1756239427
|switch|p1a: Sinistcha|Sinistcha, L50|100/100
|-heal|p1b: Gholdengo|62/100|[from] ability: Hospitality|[of] p1a: Sinistcha
|move|p1b: Gholdengo|Make It Rain|p2a: Amoonguss|[spread] p2a,p2b
|-damage|p2a: Amoonguss|74/100
|-damage|p2b: Ursaluna|0 fnt
|-unboost|p1b: Gholdengo|spa|1
|faint|p2b: Ursaluna
|move|p2a: Amoonguss|Pollen Puff|p2: Ursaluna|[notarget]
|-fail|p2a: Amoonguss
|
|upkeep
|
|t:|1756239436
|switch|p2b: Sneasler|Sneasler, L50, F|100/100
|turn|3
|
|t:|1756239454
|switch|p1b: Archaludon|Archaludon, L50, F|100/100
|move|p2b: Sneasler|Dire Claw|p1a: Sinistcha
|-damage|p1a: Sinistcha|61/100
|move|p1a: Sinistcha|Matcha Gotcha|p2b: Sneasler|[spread] p2a,p2b
|-resisted|p2a: Amoonguss
|-resisted|p2b: Sneasler
|-crit|p2b: Sneasler
|-damage|p2a: Amoonguss|70/100
|-heal|p1a: Sinistcha|64/100|[from] drain|[of] p2a: Amoonguss
|-damage|p2b: Sneasler|75/100
|-heal|p1a: Sinistcha|75/100|[from] drain|[of] p2b: Sneasler
|move|p2a: Amoonguss|Spore|p1b: Archaludon
|-status|p1b: Archaludon|slp|[from] move: Spore
|
|upkeep
|turn|4
|inactive|pipo.uc94 has 30 seconds left.
|
|t:|1756239482
|move|p2b: Sneasler|Close Combat|p1b: Archaludon
|-supereffective|p1b: Archaludon
|-damage|p1b: Archaludon|27/100 slp
|-unboost|p2b: Sneasler|def|1
|-unboost|p2b: Sneasler|spd|1
|-ability|p1b: Archaludon|Stamina|boost
|-boost|p1b: Archaludon|def|1
|cant|p1b: Archaludon|slp
|move|p1a: Sinistcha|Matcha Gotcha|p2b: Sneasler|[spread] p2a,p2b
|-resisted|p2a: Amoonguss
|-resisted|p2b: Sneasler
|-damage|p2a: Amoonguss|66/100
|-heal|p1a: Sinistcha|78/100|[from] drain|[of] p2a: Amoonguss
|-damage|p2b: Sneasler|48/100
|-heal|p1a: Sinistcha|90/100|[from] drain|[of] p2b: Sneasler
|move|p2a: Amoonguss|Sludge Bomb|p1a: Sinistcha
|-damage|p1a: Sinistcha|65/100
|-status|p1a: Sinistcha|psn
|
|-damage|p1a: Sinistcha|53/100 psn|[from] psn
|-sideend|p2: higigig|move: Tailwind
|upkeep
|turn|5
|inactive|higigig has 30 seconds left.
|
|t:|1756239513
|move|p2b: Sneasler|Close Combat|p1b: Archaludon
|-supereffective|p1b: Archaludon
|-damage|p1b: Archaludon|0 fnt
|-unboost|p2b: Sneasler|def|1
|-unboost|p2b: Sneasler|spd|1
|faint|p1b: Archaludon
|move|p1a: Sinistcha|Matcha Gotcha|p2a: Amoonguss|[spread] p2a,p2b
|-resisted|p2a: Amoonguss
|-resisted|p2b: Sneasler
|-damage|p2a: Amoonguss|61/100
|-heal|p1a: Sinistcha|56/100 psn|[from] drain|[of] p2a: Amoonguss
|-damage|p2b: Sneasler|11/100
|-heal|p1a: Sinistcha|72/100 psn|[from] drain|[of] p2b: Sneasler
|move|p2a: Amoonguss|Pollen Puff|p2b: Sneasler
|-heal|p2b: Sneasler|60/100
|
|-damage|p1a: Sinistcha|59/100 psn|[from] psn
|upkeep
|
|t:|1756239532
|switch|p1b: Dragonite|Dragonite, L50, F|79/100
|turn|6
|
|t:|1756239557
|move|p2b: Sneasler|Protect|p2b: Sneasler
|-singleturn|p2b: Sneasler|Protect
|move|p1a: Sinistcha|Rage Powder|p1a: Sinistcha
|-singleturn|p1a: Sinistcha|move: Rage Powder
|move|p1b: Dragonite|Scale Shot|p2b: Sneasler
|-activate|p2b: Sneasler|move: Protect
|move|p2a: Amoonguss|Spore|p1b: Dragonite
|-status|p1b: Dragonite|slp|[from] move: Spore
|
|-damage|p1a: Sinistcha|47/100 psn|[from] psn
|upkeep
|-enditem|p1a: Sinistcha|Sitrus Berry|[eat]
|-heal|p1a: Sinistcha|72/100 psn|[from] item: Sitrus Berry
|turn|7
|
|t:|1756239572
|move|p2b: Sneasler|Dire Claw|p1b: Dragonite
|-damage|p1b: Dragonite|40/100 slp
|cant|p1b: Dragonite|slp
|move|p1a: Sinistcha|Matcha Gotcha|p2a: Amoonguss|[spread] p2a,p2b
|-resisted|p2a: Amoonguss
|-crit|p2a: Amoonguss
|-resisted|p2b: Sneasler
|-damage|p2a: Amoonguss|55/100
|-heal|p1a: Sinistcha|76/100 psn|[from] drain|[of] p2a: Amoonguss
|-damage|p2b: Sneasler|24/100
|-heal|p1a: Sinistcha|92/100 psn|[from] drain|[of] p2b: Sneasler
|-status|p2b: Sneasler|brn
|move|p2a: Amoonguss|Pollen Puff|p2b: Sneasler
|-heal|p2b: Sneasler|74/100 brn
|
|-damage|p1a: Sinistcha|79/100 psn|[from] psn
|-damage|p2b: Sneasler|68/100 brn|[from] brn
|upkeep
|turn|8
|inactive|pipo.uc94 has 30 seconds left.
|
|t:|1756239597
|move|p2b: Sneasler|Dire Claw|p1b: Dragonite
|-damage|p1b: Dragonite|21/100 slp
|cant|p1b: Dragonite|slp
|move|p1a: Sinistcha|Matcha Gotcha|p2b: Sneasler|[spread] p2a,p2b
|-resisted|p2a: Amoonguss
|-resisted|p2b: Sneasler
|-damage|p2a: Amoonguss|51/100
|-heal|p1a: Sinistcha|82/100 psn|[from] drain|[of] p2a: Amoonguss
|-damage|p2b: Sneasler|37/100 brn
|-heal|p1a: Sinistcha|96/100 psn|[from] drain|[of] p2b: Sneasler
|move|p2a: Amoonguss|Pollen Puff|p2b: Sneasler
|-heal|p2b: Sneasler|86/100 brn
|
|-damage|p1a: Sinistcha|84/100 psn|[from] psn
|-damage|p2b: Sneasler|80/100 brn|[from] brn
|upkeep
|turn|9
|-message|higigig forfeited.
|
|win|pipo.uc94
