|j|☆minimoosee
|j|☆Jun RH
|html|minimooseeJun RH    
|uhtml|bestof|Game 1 of a best-of-3
|t:|1756912891
|gametype|doubles
|player|p1|minimoosee|hilbert|1202
|player|p2|Jun RH|burglar|1105
|gen|9
|tier|[Gen 9] VGC 2025 Reg H (Bo3)
|rated|
|rule|Species Clause: Limit one of each Pokémon
|rule|Item Clause: Limit 1 of each item
|clearpoke
|poke|p1|Pelipper, L50, M|
|poke|p1|Archaludon, L50, M|
|poke|p1|Amoonguss, L50, M|
|poke|p1|Incineroar, L50, M|
|poke|p1|Basculegion, L50, M|
|poke|p1|Gholdengo, L50|
|poke|p2|Gholdengo, L50|
|poke|p2|Incineroar, L50, M|
|poke|p2|Amoonguss, L50, F|
|poke|p2|Dragonite, L50, F|
|poke|p2|Pelipper, L50, F|
|poke|p2|Archaludon, L50, F|
|teampreview|4
|showteam|p1|Pelipper||FocusSash|Drizzle|WeatherBall,Tailwind,Hurricane,Protect|||M|||50|,,,,,Ground]Archaludon||AssaultVest|Stamina|DragonPulse,BodyPress,ElectroShot,TeraBlast|||M|||50|,,,,,Fairy]Amoonguss||RockyHelmet|EffectSpore|Spore,RagePowder,PollenPuff,Protect|||M|||50|,,,,,Water]Incineroar||SafetyGoggles|Intimidate|FakeOut,FlareBlitz,KnockOff,PartingShot|||M|||50|,,,,,Bug]Basculegion||ChoiceBand|SwiftSwim|WaveCrash,AquaJet,LastRespects,FlipTurn|||M|||50|,,,,,Grass]Gholdengo||LifeOrb|GoodasGold|MakeItRain,ShadowBall,NastyPlot,Protect||||||50|,,,,,Dragon
|showteam|p2|Gholdengo||LifeOrb|GoodasGold|MakeItRain,ShadowBall,NastyPlot,Protect||||||50|,,,,,Water]Incineroar||SafetyGoggles|Intimidate|KnockOff,FlareBlitz,FakeOut,PartingShot|||M|||50|,,,,,Ghost]Amoonguss||RockyHelmet|Regenerator|RagePowder,PollenPuff,Protect,Spore|||F|||50|,,,,,Fairy]Dragonite||LoadedDice|Multiscale|ScaleShot,Tailwind,Protect,Haze|||F|||50|,,,,,Fairy]Pelipper||FocusSash|Drizzle|Hurricane,WeatherBall,WideGuard,Protect|||F|||50|,,,,,Stellar]Archaludon||AssaultVest|Stamina|FlashCannon,DracoMeteor,ElectroShot,BodyPress|||F|||50|,,,,,Grass
|inactive|Battle timer is ON: inactive players will automatically lose when time's up. (requested by minimoosee)
|inactive|minimoosee has 60 seconds left.
|inactive|Jun RH has 60 seconds left.
|inactive|Jun RH has 30 seconds left.
|inactive|Jun RH has 20 seconds left.
|
|t:|1756912963
|teamsize|p1|4
|teamsize|p2|4
|start
|switch|p1a: Pelipper|Pelipper, L50, M, shiny|100/100
|switch|p1b: Archaludon|Archaludon, L50, M, shiny|100/100
|switch|p2a: Dragonite|Dragonite, L50, F|100/100
|switch|p2b: Archaludon|Archaludon, L50, F|100/100
|-weather|RainDance|[from] ability: Drizzle|[of] p1a: Pelipper
|turn|1
|inactive|minimoosee has 30 seconds left.
|
|t:|1756912990
|switch|p1a: Incineroar|Incineroar, L50, M, shiny|100/100
|-ability|p1a: Incineroar|Intimidate|boost
|-unboost|p2a: Dragonite|atk|1
|-unboost|p2b: Archaludon|atk|1
|-terastallize|p1b: Archaludon|Fairy
|move|p2a: Dragonite|Scale Shot|p2b: Archaludon|[miss]
|-miss|p2a: Dragonite|p2b: Archaludon
|move|p2b: Archaludon|Body Press|p1b: Archaludon
|-resisted|p1b: Archaludon
|-damage|p1b: Archaludon|93/100
|-ability|p1b: Archaludon|Stamina|boost
|-boost|p1b: Archaludon|def|1
|move|p1b: Archaludon|Electro Shot||[still]
|-prepare|p1b: Archaludon|Electro Shot
|-boost|p1b: Archaludon|spa|1
|-anim|p1b: Archaludon|Electro Shot|p2a: Dragonite
|-damage|p2a: Dragonite|70/100
|
|-weather|RainDance|[upkeep]
|upkeep
|turn|2
|inactive|minimoosee has 30 seconds left.
|inactive|Jun RH has 30 seconds left.
|inactive|Jun RH has 20 seconds left.
|inactive|Jun RH has 15 seconds left.
|
|t:|1756913036
|move|p2a: Dragonite|Protect|p2a: Dragonite
|-singleturn|p2a: Dragonite|Protect
|move|p1a: Incineroar|Fake Out|p2b: Archaludon
|-resisted|p2b: Archaludon
|-damage|p2b: Archaludon|96/100
|-ability|p2b: Archaludon|Stamina|boost
|-boost|p2b: Archaludon|def|1
|cant|p2b: Archaludon|flinch
|move|p1b: Archaludon|Electro Shot||[still]
|-prepare|p1b: Archaludon|Electro Shot
|-boost|p1b: Archaludon|spa|1
|-anim|p1b: Archaludon|Electro Shot|p2a: Dragonite
|-activate|p2a: Dragonite|move: Protect
|
|-weather|RainDance|[upkeep]
|upkeep
|turn|3
|inactive|Jun RH has 30 seconds left.
|
|t:|1756913070
|move|p2a: Dragonite|Haze|p2a: Dragonite
|-clearallboost
|move|p2b: Archaludon|Electro Shot||[still]
|-prepare|p2b: Archaludon|Electro Shot
|-boost|p2b: Archaludon|spa|1
|-anim|p2b: Archaludon|Electro Shot|p1a: Incineroar
|-damage|p1a: Incineroar|51/100
|move|p1b: Archaludon|Tera Blast|p2a: Dragonite|[anim] Tera Blast Fairy
|-supereffective|p2a: Dragonite
|-damage|p2a: Dragonite|0 fnt
|faint|p2a: Dragonite
|move|p1a: Incineroar|Parting Shot|p2b: Archaludon
|-unboost|p2b: Archaludon|atk|1
|-unboost|p2b: Archaludon|spa|1
|
|t:|1756913082
|switch|p1a: Basculegion|Basculegion, L50, M, shiny|100/100|[from] Parting Shot
|
|-weather|RainDance|[upkeep]
|upkeep
|
|t:|1756913099
|switch|p2a: Amoonguss|Amoonguss, L50, F|100/100
|turn|4
|inactive|minimoosee has 30 seconds left.
|inactive|minimoosee has 20 seconds left.
|inactive|minimoosee has 15 seconds left.
|
|t:|1756913143
|move|p1a: Basculegion|Flip Turn|p2a: Amoonguss
|-resisted|p2a: Amoonguss
|-crit|p2a: Amoonguss
|-damage|p2a: Amoonguss|64/100
|-damage|p1a: Basculegion|84/100|[from] item: Rocky Helmet|[of] p2a: Amoonguss
|
|t:|1756913147
|switch|p1a: Incineroar|Incineroar, L50, M, shiny|51/100|[from] Flip Turn
|-ability|p1a: Incineroar|Intimidate|boost
|-unboost|p2a: Amoonguss|atk|1
|-unboost|p2b: Archaludon|atk|1
|move|p2b: Archaludon|Electro Shot||[still]
|-prepare|p2b: Archaludon|Electro Shot
|-boost|p2b: Archaludon|spa|1
|-anim|p2b: Archaludon|Electro Shot|p1a: Incineroar
|-damage|p1a: Incineroar|3/100
|move|p1b: Archaludon|Electro Shot||[still]
|-prepare|p1b: Archaludon|Electro Shot
|-boost|p1b: Archaludon|spa|1
|-anim|p1b: Archaludon|Electro Shot|p2a: Amoonguss
|-resisted|p2a: Amoonguss
|-damage|p2a: Amoonguss|37/100
|move|p2a: Amoonguss|Spore|p1b: Archaludon
|-status|p1b: Archaludon|slp|[from] move: Spore
|
|-weather|RainDance|[upkeep]
|upkeep
|turn|5
|inactive|minimoosee has 30 seconds left.
|inactive|Jun RH has 30 seconds left.
|inactive|Jun RH has 20 seconds left.
|inactive|Jun RH has 15 seconds left.
|inactive|Jun RH has 10 seconds left.
|
|t:|1756913195
|move|p1a: Incineroar|Fake Out|p2b: Archaludon
|-resisted|p2b: Archaludon
|-damage|p2b: Archaludon|92/100
|-ability|p2b: Archaludon|Stamina|boost
|-boost|p2b: Archaludon|def|1
|cant|p2b: Archaludon|flinch
|cant|p1b: Archaludon|slp
|move|p2a: Amoonguss|Pollen Puff|p1a: Incineroar
|-damage|p1a: Incineroar|0 fnt
|faint|p1a: Incineroar
|
|-weather|none
|upkeep
|
|t:|1756913205
|switch|p1a: Pelipper|Pelipper, L50, M, shiny|100/100
|-weather|RainDance|[from] ability: Drizzle|[of] p1a: Pelipper
|turn|6
|inactive|Jun RH has 30 seconds left.
|
|t:|1756913233
|switch|p2a: Pelipper|Pelipper, L50, F|100/100
|move|p1a: Pelipper|Protect|p1a: Pelipper
|-singleturn|p1a: Pelipper|Protect
|move|p2b: Archaludon|Flash Cannon|p1b: Archaludon
|-supereffective|p1b: Archaludon
|-crit|p1b: Archaludon
|-damage|p1b: Archaludon|0 fnt
|faint|p1b: Archaludon
|
|-weather|RainDance|[upkeep]
|upkeep
|
|t:|1756913242
|switch|p1b: Basculegion|Basculegion, L50, M, shiny|84/100
|turn|7
|
|t:|1756913256
|-terastallize|p2a: Pelipper|Stellar
|move|p1b: Basculegion|Last Respects|p2b: Archaludon
|-damage|p2b: Archaludon|39/100
|-ability|p2b: Archaludon|Stamina|boost
|-boost|p2b: Archaludon|def|1
|move|p2a: Pelipper|Hurricane|p1b: Basculegion
|-damage|p1b: Basculegion|15/100
|move|p2b: Archaludon|Electro Shot||[still]
|-prepare|p2b: Archaludon|Electro Shot
|-boost|p2b: Archaludon|spa|1
|-anim|p2b: Archaludon|Electro Shot|p1a: Pelipper
|-supereffective|p1a: Pelipper
|-enditem|p1a: Pelipper|Focus Sash
|-damage|p1a: Pelipper|1/100
|move|p1a: Pelipper|Hurricane|p2a: Pelipper
|-damage|p2a: Pelipper|4/100
|
|-weather|RainDance|[upkeep]
|upkeep
|turn|8
|inactive|minimoosee has 30 seconds left.
|inactive|Jun RH has 30 seconds left.
|inactive|Jun RH has 20 seconds left.
|inactive|Jun RH has 15 seconds left.
|
|t:|1756913296
|move|p1b: Basculegion|Last Respects|p2b: Archaludon
|-damage|p2b: Archaludon|0 fnt
|faint|p2b: Archaludon
|move|p2a: Pelipper|Hurricane|p1b: Basculegion
|-damage|p1b: Basculegion|0 fnt
|faint|p1b: Basculegion
|move|p1a: Pelipper|Hurricane|p2a: Pelipper
|-damage|p2a: Pelipper|0 fnt
|faint|p2a: Pelipper
|
|-weather|RainDance|[upkeep]
|upkeep
|
|t:|1756913310
|switch|p2b: Amoonguss|Amoonguss, L50, F|70/100
|turn|9
|
|t:|1756913322
|move|p2b: Amoonguss|Protect|p2b: Amoonguss
|-singleturn|p2b: Amoonguss|Protect
|move|p1a: Pelipper|Hurricane|p2b: Amoonguss
|-activate|p2b: Amoonguss|move: Protect
|
|-weather|RainDance|[upkeep]
|upkeep
|turn|10
|
|t:|1756913332
|move|p1a: Pelipper|Hurricane|p2b: Amoonguss
|-supereffective|p2b: Amoonguss
|-damage|p2b: Amoonguss|0 fnt
|faint|p2b: Amoonguss
|
|win|minimoosee
||minimoosee is ready for game 2.
