|j|☆StarBai
|j|☆flubberbut
|html|StarBaiflubberbut    
|uhtml|bestof|Game 2 of a best-of-3
|t:|1757004680
|gametype|doubles
|player|p1|StarBai|hop|1274
|player|p2|flubberbut|benga|1312
|gen|9
|tier|[Gen 9] VGC 2025 Reg H (Bo3)
|rated|
|rule|Species Clause: Limit one of each Pokémon
|rule|Item Clause: Limit 1 of each item
|clearpoke
|poke|p1|Dragonite, L50, F|
|poke|p1|Volcarona, L50, M|
|poke|p1|Kingambit, L50, M|
|poke|p1|Sneasler, L50, F|
|poke|p1|Electabuzz, L50, M|
|poke|p1|Rillaboom, L50, M|
|poke|p2|Gholdengo, L50|
|poke|p2|Dragonite, L50, M|
|poke|p2|Talonflame, L50, M|
|poke|p2|Ursaluna-Bloodmoon, L50, M|
|poke|p2|Dondozo, L50, M|
|poke|p2|Tatsugiri, L50, M|
|teampreview|4
|showteam|p1|Dragonite||LoadedDice|Multiscale|ScaleShot,ExtremeSpeed,Haze,Protect|||F|||50|,,,,,Steel]Volcarona||CovertCloak|FlameBody|HeatWave,TeraBlast,QuiverDance,Protect|||M|||50|,,,,,Fairy]Kingambit||BlackGlasses|Defiant|KowtowCleave,SuckerPunch,SwordsDance,Protect|||M|||50|,,,,,Dark]Sneasler||FocusSash|Unburden|CloseCombat,DireClaw,FakeOut,Coaching|||F|||50|,,,,,Stellar]Electabuzz||Eviolite|VitalSpirit|Thunderbolt,FollowMe,Taunt,Protect|||M|||50|,,,,,Ghost]Rillaboom||AssaultVest|GrassySurge|WoodHammer,GrassyGlide,FakeOut,HighHorsepower|||M|||50|,,,,,Fire
|showteam|p2|Gholdengo||ChoiceSpecs|GoodasGold|MakeItRain,PowerGem,ShadowBall,DazzlingGleam||||||50|,,,,,Steel]Dragonite||ChoiceBand|InnerFocus|ExtremeSpeed,Outrage,LowKick,Earthquake|||M|||50|,,,,,Normal]Talonflame||CovertCloak|GaleWings|Tailwind,FlareBlitz,BraveBird,WillOWisp|||M|||50|,,,,,Fairy]Ursaluna-Bloodmoon||LifeOrb|MindsEye|HyperVoice,EarthPower,BloodMoon,Protect|||M|||50|,,,,,Normal]Dondozo||SafetyGoggles|Unaware|Protect,WaveCrash,OrderUp,Earthquake|||M|||50|,,,,,Ghost]Tatsugiri||FocusSash|Commander|DracoMeteor,MuddyWater,Protect,MirrorCoat|||M|||50|,,,,,Fairy
|inactive|Battle timer is ON: inactive players will automatically lose when time's up. (requested by flubberbut)
|
|t:|1757004713
|teamsize|p1|4
|teamsize|p2|4
|start
|switch|p1a: Electabuzz|Electabuzz, L50, M|100/100
|switch|p1b: Kingambit|Kingambit, L50, M|100/100
|switch|p2a: Talonflame|Talonflame, L50, M, shiny|100/100
|switch|p2b: Ursaluna|Ursaluna-Bloodmoon, L50, M|100/100
|turn|1
|
|t:|1757004726
|switch|p2a: Dondozo|Dondozo, L50, M|100/100
|move|p1b: Kingambit|Protect|p1b: Kingambit
|-singleturn|p1b: Kingambit|Protect
|move|p1a: Electabuzz|Thunderbolt|p2a: Dondozo
|-supereffective|p2a: Dondozo
|-damage|p2a: Dondozo|37/100
|move|p2b: Ursaluna|Earth Power|p1b: Kingambit
|-activate|p1b: Kingambit|move: Protect
|
|upkeep
|turn|2
|
|t:|1757004747
|switch|p2a: Talonflame|Talonflame, L50, M, shiny|100/100
|switch|p1b: Rillaboom|Rillaboom, L50, M|100/100
|-fieldstart|move: Grassy Terrain|[from] ability: Grassy Surge|[of] p1b: Rillaboom
|-terastallize|p2b: Ursaluna|Normal
|move|p1a: Electabuzz|Protect|p1a: Electabuzz
|-singleturn|p1a: Electabuzz|Protect
|move|p2b: Ursaluna|Hyper Voice|p1b: Rillaboom|[spread] p1b
|-activate|p1a: Electabuzz|move: Protect
|-damage|p1b: Rillaboom|43/100
|-damage|p2b: Ursaluna|91/100|[from] item: Life Orb
|
|-heal|p1b: Rillaboom|49/100|[from] Grassy Terrain
|-heal|p2b: Ursaluna|97/100|[from] Grassy Terrain
|upkeep
|turn|3
|
|t:|1757004766
|move|p1b: Rillaboom|Fake Out|p2b: Ursaluna
|-damage|p2b: Ursaluna|86/100
|move|p2a: Talonflame|Tailwind|p2a: Talonflame
|-sidestart|p2: flubberbut|move: Tailwind
|cant|p2b: Ursaluna|flinch
|move|p1a: Electabuzz|Thunderbolt|p2a: Talonflame
|-supereffective|p2a: Talonflame
|-damage|p2a: Talonflame|10/100
|
|-heal|p2b: Ursaluna|91/100|[from] Grassy Terrain
|-heal|p1b: Rillaboom|55/100|[from] Grassy Terrain
|upkeep
|turn|4
|
|t:|1757004776
|move|p1a: Electabuzz|Protect|p1a: Electabuzz
|-singleturn|p1a: Electabuzz|Protect
|move|p1b: Rillaboom|Grassy Glide|p2a: Talonflame
|-resisted|p2a: Talonflame
|-crit|p2a: Talonflame
|-damage|p2a: Talonflame|0 fnt
|faint|p2a: Talonflame
|move|p2b: Ursaluna|Hyper Voice|p1a: Electabuzz|[spread] p1b
|-activate|p1a: Electabuzz|move: Protect
|-damage|p1b: Rillaboom|4/100
|-damage|p2b: Ursaluna|82/100|[from] item: Life Orb
|
|-heal|p2b: Ursaluna|88/100|[from] Grassy Terrain
|-heal|p1b: Rillaboom|10/100|[from] Grassy Terrain
|upkeep
|
|t:|1757004780
|switch|p2a: Dondozo|Dondozo, L50, M|37/100
|turn|5
|
|t:|1757004796
|move|p2a: Dondozo|Protect|p2a: Dondozo
|-singleturn|p2a: Dondozo|Protect
|move|p2b: Ursaluna|Blood Moon|p1a: Electabuzz
|-damage|p1a: Electabuzz|0 fnt
|faint|p1a: Electabuzz
|-damage|p2b: Ursaluna|78/100|[from] item: Life Orb
|move|p1b: Rillaboom|Wood Hammer|p2b: Ursaluna
|-damage|p2b: Ursaluna|11/100
|-damage|p1b: Rillaboom|0 fnt|[from] Recoil
|faint|p1b: Rillaboom
|
|-heal|p2b: Ursaluna|16/100|[from] Grassy Terrain
|-heal|p2a: Dondozo|43/100|[from] Grassy Terrain
|upkeep
|
|t:|1757004798
|switch|p1a: Dragonite|Dragonite, L50, F|100/100
|switch|p1b: Kingambit|Kingambit, L50, M|100/100
|turn|6
|
|t:|1757004822
|switch|p2a: Tatsugiri|Tatsugiri, L50, M, shiny|100/100
|-terastallize|p1a: Dragonite|Steel
|move|p2b: Ursaluna|Protect|p2b: Ursaluna
|-singleturn|p2b: Ursaluna|Protect
|move|p1b: Kingambit|Sucker Punch||[still]
|-fail|p1b: Kingambit
|move|p1a: Dragonite|Scale Shot|p2a: Tatsugiri|[miss]
|-miss|p1a: Dragonite|p2a: Tatsugiri
|
|-heal|p2b: Ursaluna|22/100|[from] Grassy Terrain
|-sideend|p2: flubberbut|move: Tailwind
|-fieldend|move: Grassy Terrain
|upkeep
|turn|7
|inactive|StarBai has 30 seconds left.
|
|t:|1757004850
|move|p2a: Tatsugiri|Protect|p2a: Tatsugiri
|-singleturn|p2a: Tatsugiri|Protect
|move|p1a: Dragonite|Scale Shot|p2b: Ursaluna|[miss]
|-miss|p1a: Dragonite|p2b: Ursaluna
|move|p2b: Ursaluna|Earth Power|p1b: Kingambit
|-supereffective|p1b: Kingambit
|-damage|p1b: Kingambit|0 fnt
|faint|p1b: Kingambit
|-damage|p2b: Ursaluna|13/100|[from] item: Life Orb
|
|upkeep
|turn|8
|c|☆flubberbut|im sorry
|c|☆StarBai|it be like that
|inactive|StarBai has 30 seconds left.
|inactive|flubberbut has 30 seconds left.
|c|☆flubberbut|still sketchy
|inactive|flubberbut has 20 seconds left.
|
|t:|1757004887
|move|p2a: Tatsugiri|Protect||[still]
|-fail|p2a: Tatsugiri
|move|p1a: Dragonite|Scale Shot|p2b: Ursaluna
|-damage|p2b: Ursaluna|1/100
|-damage|p2b: Ursaluna|0 fnt
|faint|p2b: Ursaluna
|-hitcount|p2: Ursaluna|2
|-unboost|p1a: Dragonite|def|1
|-boost|p1a: Dragonite|spe|1
|
|upkeep
|
|t:|1757004891
|switch|p2b: Dondozo|Dondozo, L50, M|43/100
|-activate|p2a: Tatsugiri|ability: Commander|[of] p2b: Dondozo
|-boost|p2b: Dondozo|atk|2
|-boost|p2b: Dondozo|spa|2
|-boost|p2b: Dondozo|spe|2
|-boost|p2b: Dondozo|def|2
|-boost|p2b: Dondozo|spd|2
|turn|9
|
|t:|1757004898
|move|p1a: Dragonite|Haze|p1a: Dragonite
|-clearallboost
|move|p2b: Dondozo|Earthquake|p1a: Dragonite|[spread] p1a
|-miss|p2b: Dondozo|p2a: Tatsugiri
|-supereffective|p1a: Dragonite
|-damage|p1a: Dragonite|72/100
|
|upkeep
|turn|10
|
|t:|1757004911
|move|p1a: Dragonite|Extreme Speed|p2b: Dondozo
|-damage|p2b: Dondozo|23/100
|move|p2b: Dondozo|Wave Crash|p1a: Dragonite
|-damage|p1a: Dragonite|7/100
|-damage|p2b: Dondozo|8/100|[from] Recoil
|
|upkeep
|turn|11
|
|t:|1757004919
|move|p1a: Dragonite|Scale Shot|p2b: Dondozo|[miss]
|-miss|p1a: Dragonite|p2b: Dondozo
|move|p2b: Dondozo|Wave Crash|p1a: Dragonite
|-damage|p1a: Dragonite|0 fnt
|faint|p1a: Dragonite
|-damage|p2b: Dondozo|6/100|[from] Recoil
|
|win|flubberbut
|raw|StarBai's rating: 1274 → 1252(-22 for losing)
|raw|flubberbut's rating: 1312 → 1330(+18 for winning)
|c|☆flubberbut|bruh
|c|☆StarBai|lol
|c|☆flubberbut|im so sorry
|l|☆flubberbut
|player|p2|
|c|☆StarBai|all good not your fault scale shot is ass
