|j|☆panqueca25
|j|☆Ayycousin
|html|panqueca25Ayycousin    
|uhtml|bestof|Game 3 of a best-of-3
|t:|1757731341
|gametype|doubles
|player|p1|panqueca25|1|1162
|player|p2|Ayycousin|170|1170
|gen|9
|tier|[Gen 9] VGC 2025 Reg H (Bo3)
|rated|
|rule|Species Clause: Limit one of each Pokémon
|rule|Item Clause: Limit 1 of each item
|clearpoke
|poke|p1|Annihilape, L50, F|
|poke|p1|Maushold, L50|
|poke|p1|Incineroar, L50, F|
|poke|p1|Rillaboom, L50, F|
|poke|p1|Primarina, L50, F|
|poke|p1|Ninetales-Alola, L50, F|
|poke|p2|Porygon2, L50|
|poke|p2|Incineroar, L50, F|
|poke|p2|Ursaluna, L50, F|
|poke|p2|Jumpluff, L50, M|
|poke|p2|Charizard, L50, F|
|poke|p2|Torkoal, L50, F|
|teampreview|4
|showteam|p1|Annihilape||Leftovers|Defiant|RageFist,DrainPunch,BulkUp,Protect|||F|||50|,,,,,Fire]Maushold||SafetyGoggles|FriendGuard|BeatUp,SuperFang,FollowMe,Taunt||||||50|,,,,,Ghost]Incineroar||RockyHelmet|Intimidate|FlareBlitz,KnockOff,PartingShot,FakeOut|||F|||50|,,,,,Ghost]Rillaboom||AssaultVest|GrassySurge|DrumBeating,GrassyGlide,Uturn,FakeOut|||F|||50|,,,,,Fire]Primarina||SitrusBerry|LiquidVoice|HyperVoice,Moonblast,Haze,Protect|||F|||50|,,,,,Poison]Ninetales-Alola||FocusSash|SnowWarning|IcyWind,FreezeDry,AuroraVeil,Protect|||F|||50|,,,,,Ghost
|showteam|p2|Porygon2||Eviolite|Download|TeraBlast,IceBeam,TrickRoom,Recover||||||50|,,,,,Fighting]Incineroar||SitrusBerry|Intimidate|FakeOut,KnockOff,FlareBlitz,PartingShot|||F|||50|,,,,,Ghost]Ursaluna||FlameOrb|Guts|HeadlongRush,Facade,Earthquake,Protect|||F|||50|,,,,,Ghost]Jumpluff||CovertCloak|Chlorophyll|Encore,SunnyDay,Tailwind,SleepPowder|||M|||50|,,,,,Water]Charizard||ChoiceSpecs|SolarPower|HeatWave,Overheat,WeatherBall,AirSlash|||F|||50|,,,,,Ghost]Torkoal||EjectPack|Drought|Overheat,Eruption,HelpingHand,Protect|||F|||50|,,,,,Fire
|inactive|Battle timer is ON: inactive players will automatically lose when time's up. (requested by panqueca25)
|inactive|Ayycousin has 60 seconds left.
|
|t:|1757731379
|teamsize|p1|4
|teamsize|p2|4
|start
|switch|p1a: Rillaboom|Rillaboom, L50, F, shiny|100/100
|switch|p1b: Primarina|Primarina, L50, F|100/100
|switch|p2a: Jumpluff|Jumpluff, L50, M|100/100
|switch|p2b: Charizard|Charizard, L50, F|100/100
|-fieldstart|move: Grassy Terrain|[from] ability: Grassy Surge|[of] p1a: Rillaboom
|turn|1
|inactive|Ayycousin has 30 seconds left.
|inactive|Ayycousin has 20 seconds left.
|inactive|Ayycousin has 15 seconds left.
|inactive|Ayycousin has 10 seconds left.
|
|t:|1757731427
|switch|p2b: Ursaluna|Ursaluna, L50, F|100/100
|-terastallize|p1a: Rillaboom|Fire
|move|p2a: Jumpluff|Sleep Powder|p1b: Primarina
|-status|p1b: Primarina|slp|[from] move: Sleep Powder
|move|p1a: Rillaboom|U-turn|p2a: Jumpluff
|-damage|p2a: Jumpluff|72/100
|
|t:|1757731433
|switch|p1a: Incineroar|Incineroar, L50, F, shiny|100/100|[from] U-turn
|-ability|p1a: Incineroar|Intimidate|boost
|-unboost|p2a: Jumpluff|atk|1
|-unboost|p2b: Ursaluna|atk|1
|cant|p1b: Primarina|slp
|
|-status|p2b: Ursaluna|brn|[from] item: Flame Orb
|upkeep
|turn|2
|
|t:|1757731448
|-terastallize|p2b: Ursaluna|Ghost
|move|p2a: Jumpluff|Sleep Powder|p1a: Incineroar
|-status|p1a: Incineroar|slp|[from] move: Sleep Powder
|move|p2b: Ursaluna|Facade|p1b: Primarina
|-damage|p1b: Primarina|22/100 slp
|-enditem|p1b: Primarina|Sitrus Berry|[eat]
|-heal|p1b: Primarina|46/100 slp|[from] item: Sitrus Berry
|-curestatus|p1b: Primarina|slp|[msg]
|move|p1b: Primarina|Hyper Voice|p2b: Ursaluna|[spread] p2a,p2b
|-resisted|p2a: Jumpluff
|-crit|p2b: Ursaluna
|-damage|p2a: Jumpluff|59/100
|-damage|p2b: Ursaluna|63/100 brn
|cant|p1a: Incineroar|slp
|
|-heal|p2b: Ursaluna|69/100 brn|[from] Grassy Terrain
|-heal|p1b: Primarina|52/100|[from] Grassy Terrain
|-damage|p2b: Ursaluna|63/100 brn|[from] brn
|upkeep
|turn|3
|inactive|Ayycousin has 30 seconds left.
|
|t:|1757731474
|move|p2a: Jumpluff|Tailwind|p2a: Jumpluff
|-sidestart|p2: Ayycousin|move: Tailwind
|move|p2b: Ursaluna|Facade|p1b: Primarina
|-damage|p1b: Primarina|0 fnt
|faint|p1b: Primarina
|cant|p1a: Incineroar|slp
|
|-heal|p2b: Ursaluna|69/100 brn|[from] Grassy Terrain
|-damage|p2b: Ursaluna|63/100 brn|[from] brn
|upkeep
|
|t:|1757731479
|switch|p1b: Ninetales|Ninetales-Alola, L50, F|100/100
|-weather|Snowscape|[from] ability: Snow Warning|[of] p1b: Ninetales
|turn|4
|inactive|Ayycousin has 30 seconds left.
|
|t:|1757731510
|switch|p2a: Charizard|Charizard, L50, F|100/100
|move|p1b: Ninetales|Icy Wind|p2a: Charizard|[spread] p2a,p2b
|-crit|p2b: Ursaluna
|-damage|p2a: Charizard|78/100
|-damage|p2b: Ursaluna|41/100 brn
|-unboost|p2a: Charizard|spe|1
|-unboost|p2b: Ursaluna|spe|1
|move|p2b: Ursaluna|Earthquake|p1b: Ninetales|[spread] p1a,p1b
|-immune|p2a: Charizard
|-supereffective|p1a: Incineroar
|-crit|p1a: Incineroar
|-damage|p1a: Incineroar|11/100 slp
|-damage|p1b: Ninetales|80/100
|cant|p1a: Incineroar|slp
|
|-weather|Snowscape|[upkeep]
|-heal|p1b: Ninetales|86/100|[from] Grassy Terrain
|-heal|p2b: Ursaluna|47/100 brn|[from] Grassy Terrain
|-heal|p1a: Incineroar|17/100 slp|[from] Grassy Terrain
|-damage|p2b: Ursaluna|41/100 brn|[from] brn
|upkeep
|turn|5
|
|t:|1757731534
|move|p2a: Charizard|Heat Wave|p1b: Ninetales|[spread] p1a,p1b
|-resisted|p1a: Incineroar
|-supereffective|p1b: Ninetales
|-damage|p1a: Incineroar|0 fnt
|-damage|p1b: Ninetales|0 fnt
|faint|p1a: Incineroar
|faint|p1b: Ninetales
|move|p2b: Ursaluna|Earthquake|p2a: Charizard
|-immune|p2a: Charizard
|
|-weather|Snowscape|[upkeep]
|-heal|p2b: Ursaluna|47/100 brn|[from] Grassy Terrain
|-damage|p2b: Ursaluna|41/100 brn|[from] brn
|-fieldend|move: Grassy Terrain
|upkeep
|
|t:|1757731537
|switch|p1b: Rillaboom|Rillaboom, L50, F, shiny, tera:Fire|100/100
|-fieldstart|move: Grassy Terrain|[from] ability: Grassy Surge|[of] p1b: Rillaboom
|turn|6
|-message|panqueca25 forfeited.
|
|win|Ayycousin
|raw|panqueca25's rating: 1162 → 1138(-24 for losing)
|raw|Ayycousin's rating: 1170 → 1194(+24 for winning)
|l|☆panqueca25
|player|p1|
