|j|☆x-demon18
|j|☆execute order 222
|html|x-demon18execute order 222    
|uhtml|bestof|Game 1 of a best-of-3
|t:|1784080162
|gametype|doubles
|player|p1|x-demon18|lucas|1158
|player|p2|execute order 222|courtney|1331
|gen|9
|tier|[Gen 9 Champions] VGC 2026 Reg M-B (Bo3)
|rated|
|rule|Species Clause: Limit one of each Pokémon
|rule|Item Clause: Limit 1 of each item
|clearpoke
|poke|p1|Incineroar, L50, M|
|poke|p1|Rotom-Wash, L50|
|poke|p1|Venusaur, L50, M|
|poke|p1|Garchomp, L50, M|
|poke|p1|Sylveon, L50, F|
|poke|p1|Corviknight, L50, M|
|poke|p2|Metagross, L50, shiny|
|poke|p2|Hydreigon, L50, M|
|poke|p2|Venusaur, L50, F|
|poke|p2|Primarina, L50, F|
|poke|p2|Lycanroc-Dusk, L50, F|
|poke|p2|Talonflame, L50, M, shiny|
|teampreview|4
|showteam|p1|Incineroar||ExpertBelt|Intimidate|FakeOut,TemperFlare,ThroatChop,PartingShot|Adamant||M|||50|]Rotom-Wash||SitrusBerry|Levitate|HydroPump,Electroweb,WillOWisp,VoltSwitch|Calm|||||50|]Venusaur||Venusaurite|Chlorophyll|GigaDrain,SludgeBomb,EarthPower,Protect|Modest||M|||50|]Garchomp||LifeOrb|RoughSkin|RockSlide,DragonClaw,StompingTantrum,Protect|Jolly||M|||50|]Sylveon||FairyFeather|Pixilate|HyperVoice,QuickAttack,Yawn,Detect|Modest||F|||50|]Corviknight||OccaBerry|MirrorArmor|Tailwind,BraveBird,IronHead,BodyPress|Careful||M|||50|
|showteam|p2|Metagross||Metagrossite|ClearBody|IronHead,PsychicFangs,IcePunch,Protect|Jolly|||||50|]Hydreigon||LifeOrb|Levitate|DarkPulse,DracoMeteor,EarthPower,Protect|Modest||M|||50|]Venusaur||Venusaurite|Chlorophyll|GigaDrain,SludgeBomb,EarthPower,Protect|Modest||F|||50|]Primarina||ExpertBelt|LiquidVoice|HyperVoice,Moonblast,IceBeam,Protect|Modest||F|||50|]Lycanroc-Dusk||FocusSash|ToughClaws|RockSlide,CloseCombat,Accelerock,Protect|Adamant||F|||50|]Talonflame||Charcoal|GaleWings|Overheat,Tailwind,QuickGuard,Taunt|Timid||M|||50|
|
|t:|1784080215
|teamsize|p1|4
|teamsize|p2|4
|start
|switch|p1a: Wolverine|Incineroar, L50, M|100/100
|switch|p1b: Berserk|Garchomp, L50, M|100/100
|switch|p2a: Lance Crown|Metagross, L50, shiny|100/100
|switch|p2b: Orochi|Hydreigon, L50, M|100/100
|-ability|p1a: Wolverine|Intimidate|boost
|-fail|p2a: Lance Crown|unboost|[from] ability: Clear Body|[of] p2a: Lance Crown
|-unboost|p2b: Orochi|atk|1
|turn|1
|
|t:|1784080234
|move|p2b: Orochi|Protect|p2b: Orochi
|-singleturn|p2b: Orochi|Protect
|move|p2a: Lance Crown|Protect|p2a: Lance Crown
|-singleturn|p2a: Lance Crown|Protect
|move|p1a: Wolverine|Fake Out|p2b: Orochi
|-activate|p2b: Orochi|move: Protect
|move|p1b: Berserk|Dragon Claw|p2b: Orochi
|-activate|p2b: Orochi|move: Protect
|
|upkeep
|turn|2
|
|t:|1784080270
|switch|p2b: Yo-chan|Primarina, L50, F|100/100
|detailschange|p2a: Lance Crown|Metagross-Mega, L50, shiny
|-mega|p2a: Lance Crown|Metagross|Metagrossite
|move|p2a: Lance Crown|Ice Punch|p1b: Berserk
|-supereffective|p1b: Berserk|2
|-crit|p1b: Berserk
|-damage|p1b: Berserk|0 fnt
|-damage|p2a: Lance Crown|87/100|[from] ability: Rough Skin|[of] p1b: Berserk
|faint|p1b: Berserk
|move|p1a: Wolverine|Temper Flare|p2a: Lance Crown
|-supereffective|p2a: Lance Crown|1
|-damage|p2a: Lance Crown|25/100
|
|upkeep
|
|t:|1784080287
|switch|p1b: Yggdrasil|Venusaur, L50, M|100/100
|turn|3
|
|t:|1784080304
|detailschange|p1b: Yggdrasil|Venusaur-Mega, L50, M
|-mega|p1b: Yggdrasil|Venusaur|Venusaurite
|move|p2a: Lance Crown|Protect|p2a: Lance Crown
|-singleturn|p2a: Lance Crown|Protect
|move|p1b: Yggdrasil|Protect|p1b: Yggdrasil
|-singleturn|p1b: Yggdrasil|Protect
|move|p2b: Yo-chan|Hyper Voice|p1b: Yggdrasil|[spread] p1a
|-activate|p1b: Yggdrasil|move: Protect
|-supereffective|p1a: Wolverine|1
|-damage|p1a: Wolverine|31/100
|move|p1a: Wolverine|Throat Chop|p2a: Lance Crown
|-activate|p2a: Lance Crown|move: Protect
|
|upkeep
|turn|4
|
|t:|1784080337
|move|p2a: Lance Crown|Psychic Fangs|p1b: Yggdrasil
|-supereffective|p1b: Yggdrasil|1
|-damage|p1b: Yggdrasil|0 fnt
|faint|p1b: Yggdrasil
|move|p2b: Yo-chan|Hyper Voice|p1a: Wolverine
|-supereffective|p1a: Wolverine|1
|-damage|p1a: Wolverine|0 fnt
|faint|p1a: Wolverine
|
|upkeep
|
|t:|1784080347
|switch|p1a: Frieren|Sylveon, L50, F|100/100
|turn|5
|
|t:|1784080352
|move|p2a: Lance Crown|Iron Head|p1a: Frieren
|-supereffective|p1a: Frieren|1
|-damage|p1a: Frieren|0 fnt
|faint|p1a: Frieren
|
|win|execute order 222
||execute order 222 is ready for game 2.
