|j|☆reaper of moons
|j|☆robby w
|html|reaper of moonsrobby w    
|uhtml|bestof|Game 2 of a best-of-3
|t:|1756868480
|gametype|doubles
|player|p1|reaper of moons|169|1039
|player|p2|robby w|pokefan-gen4|1083
|gen|9
|tier|[Gen 9] VGC 2025 Reg H (Bo3)
|rated|
|rule|Species Clause: Limit one of each Pokémon
|rule|Item Clause: Limit 1 of each item
|clearpoke
|poke|p1|Clefairy, L50, F|
|poke|p1|Kingambit, L50, F|
|poke|p1|Vikavolt, L50, M|
|poke|p1|Malamar, L50, F|
|poke|p1|Farigiraf, L50, M|
|poke|p1|Araquanid, L50, M|
|poke|p2|Dondozo, L50, F|
|poke|p2|Tatsugiri, L50, F|
|poke|p2|Sneasler, L50, F|
|poke|p2|Whimsicott, L50, F|
|poke|p2|Indeedee, L50, M|
|poke|p2|Hydreigon, L50, M|
|teampreview|4
|showteam|p1|Clefairy||Eviolite|FriendGuard|FollowMe,HelpingHand,Protect,HealPulse|||F|||50|,,,,,Steel]Kingambit||AssaultVest|Defiant|KowtowCleave,IronHead,SuckerPunch,StoneEdge|||F|||50|,,,,,Flying]Vikavolt||ChoiceSpecs|Levitate|VoltSwitch,Thunderbolt,AirSlash,EnergyBall|||M|||50|,,,,,Electric]Malamar||SitrusBerry|Contrary|Superpower,TrickRoom,Protect,KnockOff|||F|||50|,,,,,Fighting]Farigiraf||SafetyGoggles|ArmorTail|TrickRoom,Protect,HelpingHand,Psychic|||M|||50|,,,,,Fairy]Araquanid||ChoiceBand|WaterBubble|Liquidation,PoisonJab,LeechLife,Waterfall|||M|||50|,,,,,Water
|showteam|p2|Dondozo||Leftovers|Unaware|Protect,WaveCrash,Earthquake,OrderUp|||F|||50|,,,,,Grass]Tatsugiri||ChoiceScarf|Commander|DragonPulse,IcyWind,DracoMeteor,MuddyWater|||F|||50|,,,,,Stellar]Sneasler||PsychicSeed|Unburden|DireClaw,CloseCombat,Protect,ThroatChop|||F|||50|,,,,,Dark]Whimsicott||CovertCloak|Prankster|Tailwind,Moonblast,Taunt,HelpingHand|||F|||50|,,,,,Dark]Indeedee||FocusSash|PsychicSurge|ExpandingForce,TrickRoom,DazzlingGleam,Protect|||M|||50|,,,,,Fairy]Hydreigon||LifeOrb|Levitate|DracoMeteor,Snarl,HeatWave,Protect|||M|||50|,,,,,Steel
|inactive|Battle timer is ON: inactive players will automatically lose when time's up. (requested by robby w)
|
|t:|1756868499
|teamsize|p1|4
|teamsize|p2|4
|start
|switch|p1a: Malamar|Malamar, L50, F|100/100
|switch|p1b: Clefairy|Clefairy, L50, F|100/100
|switch|p2a: Dondozo|Dondozo, L50, F, shiny|100/100
|switch|p2b: Sneasler|Sneasler, L50, F|100/100
|turn|1
|inactive|robby w has 30 seconds left.
|inactive|robby w has 20 seconds left.
|inactive|robby w has 15 seconds left.
|inactive|robby w has 10 seconds left.
|inactive|robby w has 5 seconds left.
|
|t:|1756868552
|switch|p2b: Tatsugiri|Tatsugiri, L50, F|100/100
|-activate|p2b: Tatsugiri|ability: Commander|[of] p2a: Dondozo
|-boost|p2a: Dondozo|atk|2
|-boost|p2a: Dondozo|spa|2
|-boost|p2a: Dondozo|spe|2
|-boost|p2a: Dondozo|def|2
|-boost|p2a: Dondozo|spd|2
|switch|p1b: Farigiraf|Farigiraf, L50, M|100/100
|move|p2a: Dondozo|Wave Crash|p1b: Farigiraf
|-damage|p1b: Farigiraf|8/100
|-damage|p2a: Dondozo|72/100|[from] Recoil
|move|p1a: Malamar|Superpower|p2a: Dondozo
|-damage|p2a: Dondozo|58/100
|-boost|p1a: Malamar|atk|1
|-boost|p1a: Malamar|def|1
|
|-heal|p2a: Dondozo|64/100|[from] item: Leftovers
|upkeep
|turn|2
|inactive|reaper of moons has 30 seconds left.
|
|t:|1756868582
|move|p2a: Dondozo|Earthquake|p1b: Farigiraf|[spread] p1a,p1b
|-miss|p2a: Dondozo|p2b: Tatsugiri
|-damage|p1a: Malamar|51/100
|-damage|p1b: Farigiraf|0 fnt
|faint|p1b: Farigiraf
|move|p1a: Malamar|Superpower|p2a: Dondozo
|-damage|p2a: Dondozo|51/100
|-boost|p1a: Malamar|atk|1
|-boost|p1a: Malamar|def|1
|
|-heal|p2a: Dondozo|58/100|[from] item: Leftovers
|upkeep
|
|t:|1756868593
|switch|p1b: Vikavolt|Vikavolt, L50, M|100/100
|turn|3
|inactive|robby w has 30 seconds left.
|
|t:|1756868620
|-terastallize|p2a: Dondozo|Grass
|move|p2a: Dondozo|Order Up|p1b: Vikavolt
|-damage|p1b: Vikavolt|46/100
|-boost|p2a: Dondozo|atk|1
|move|p1b: Vikavolt|Volt Switch|p2a: Dondozo
|-resisted|p2a: Dondozo
|-crit|p2a: Dondozo
|-damage|p2a: Dondozo|0 fnt
|faint|p2a: Dondozo
|
|t:|1756868630
|switch|p1b: Clefairy|Clefairy, L50, F|100/100|[from] Volt Switch
|move|p1a: Malamar|Trick Room|p1a: Malamar
|-fieldstart|move: Trick Room|[of] p1a: Malamar
|
|upkeep
|
|t:|1756868644
|switch|p2a: Indeedee|Indeedee, L50, M|100/100
|-fieldstart|move: Psychic Terrain|[from] ability: Psychic Surge|[of] p2a: Indeedee
|turn|4
|inactive|robby w has 30 seconds left.
|
|t:|1756868671
|move|p1b: Clefairy|Heal Pulse|p1a: Malamar
|-heal|p1a: Malamar|100/100
|move|p1a: Malamar|Knock Off|p2a: Indeedee
|-supereffective|p2a: Indeedee
|-crit|p2a: Indeedee
|-enditem|p2a: Indeedee|Focus Sash
|-damage|p2a: Indeedee|1/100
|move|p2a: Indeedee|Dazzling Gleam|p1a: Malamar|[spread] p1a,p1b
|-supereffective|p1a: Malamar
|-damage|p1a: Malamar|72/100
|-damage|p1b: Clefairy|87/100
|move|p2b: Tatsugiri|Dragon Pulse|p1a: Malamar
|-damage|p1a: Malamar|42/100
|-enditem|p1a: Malamar|Sitrus Berry|[eat]
|-heal|p1a: Malamar|66/100|[from] item: Sitrus Berry
|
|upkeep
|turn|5
|
|t:|1756868695
|move|p2a: Indeedee|Protect|p2a: Indeedee
|-singleturn|p2a: Indeedee|Protect
|move|p1b: Clefairy|Heal Pulse|p1a: Malamar
|-heal|p1a: Malamar|100/100
|move|p1a: Malamar|Superpower|p2b: Tatsugiri
|-damage|p2b: Tatsugiri|0 fnt
|-boost|p1a: Malamar|atk|1
|-boost|p1a: Malamar|def|1
|faint|p2b: Tatsugiri
|
|upkeep
|
|t:|1756868706
|switch|p2b: Sneasler|Sneasler, L50, F|100/100
|-enditem|p2b: Sneasler|Psychic Seed
|-boost|p2b: Sneasler|spd|1|[from] item: Psychic Seed
|turn|6
|
|t:|1756868718
|move|p1b: Clefairy|Follow Me|p1b: Clefairy
|-singleturn|p1b: Clefairy|move: Follow Me
|move|p1a: Malamar|Superpower|p2a: Indeedee
|-damage|p2a: Indeedee|0 fnt
|-boost|p1a: Malamar|atk|1
|-boost|p1a: Malamar|def|1
|faint|p2a: Indeedee
|move|p2b: Sneasler|Dire Claw|p1b: Clefairy
|-supereffective|p1b: Clefairy
|-damage|p1b: Clefairy|0 fnt
|faint|p1b: Clefairy
|
|upkeep
|
|t:|1756868731
|switch|p1b: Vikavolt|Vikavolt, L50, M|46/100
|turn|7
|
|t:|1756868748
|move|p2b: Sneasler|Protect|p2b: Sneasler
|-singleturn|p2b: Sneasler|Protect
|move|p1b: Vikavolt|Thunderbolt|p2b: Sneasler
|-activate|p2b: Sneasler|move: Protect
|move|p1a: Malamar|Superpower|p2b: Sneasler
|-activate|p2b: Sneasler|move: Protect
|
|-fieldend|move: Trick Room
|upkeep
|turn|8
|
|t:|1756868763
|-terastallize|p1a: Malamar|Fighting
|move|p2b: Sneasler|Dire Claw|p1a: Malamar
|-damage|p1a: Malamar|80/100
|move|p1a: Malamar|Superpower|p2b: Sneasler
|-resisted|p2b: Sneasler
|-damage|p2b: Sneasler|0 fnt
|-boost|p1a: Malamar|atk|1
|-boost|p1a: Malamar|def|1
|faint|p2b: Sneasler
|
|win|reaper of moons
||robby w is ready for game 3.
|inactive|reaper of moons has 30 seconds to confirm battle start!
||reaper of moons is ready for game 3.
|uhtml|next|Next: Game 3 of 3
