|j|☆failandimprove3
|j|☆KKirby
|html|failandimprove3KKirby    
|uhtml|bestof|Game 2 of a best-of-3
|t:|1784227504
|gametype|doubles
|player|p1|failandimprove3|265|1444
|player|p2|KKirby|benga|1345
|gen|9
|tier|[Gen 9 Champions] VGC 2026 Reg M-B (Bo3)
|rated|
|rule|Species Clause: Limit one of each Pokémon
|rule|Item Clause: Limit 1 of each item
|clearpoke
|poke|p1|Tyranitar, L50, F|
|poke|p1|Staraptor, L50, M|
|poke|p1|Excadrill, L50, F|
|poke|p1|Sinistcha, L50|
|poke|p1|Gholdengo, L50|
|poke|p1|Milotic, L50, M|
|poke|p2|Garchomp, L50, F|
|poke|p2|Rotom-Wash, L50|
|poke|p2|Incineroar, L50, M|
|poke|p2|Farigiraf, L50, M|
|poke|p2|Mawile, L50, F|
|poke|p2|Froslass, L50, F|
|teampreview|4
|showteam|p1|Tyranitar||Tyranitarite|SandStream|KnockOff,RockSlide,LowKick,Protect|Adamant||F|||50|]Staraptor||Staraptite|Intimidate|BraveBird,CloseCombat,Tailwind,Protect|Jolly||M|||50|]Excadrill||FocusSash|SandRush|HighHorsepower,IronHead,RockSlide,Protect|Adamant||F|||50|]Sinistcha||ColburBerry|Hospitality|MatchaGotcha,RagePowder,TrickRoom,Protect|Calm|||||50|]Gholdengo||LifeOrb|GoodasGold|MakeItRain,ShadowBall,NastyPlot,Protect|Timid|||||50|]Milotic||SitrusBerry|Competitive|Scald,Haze,IcyWind,Protect|Modest||M|||50|
|showteam|p2|Garchomp||LifeOrb|RoughSkin|RockSlide,StompingTantrum,DragonClaw,Protect|Jolly||F|||50|]Rotom-Wash||ChoiceScarf|Levitate|Thunderbolt,Discharge,VoltSwitch,HydroPump|Timid|||||50|]Incineroar||ChopleBerry|Intimidate|FakeOut,ThroatChop,FlareBlitz,PartingShot|Careful||M|||50|]Farigiraf||SitrusBerry|ArmorTail|HyperVoice,Protect,TrickRoom,Psychic|Quiet||M|||50|]Mawile||Mawilite|Intimidate|SwordsDance,PlayRough,Protect,SuckerPunch|Brave||F|||50|]Froslass||Froslassite|SnowCloak|Protect,Blizzard,AuroraVeil,ShadowBall|Modest||F|||50|
|inactive|Battle timer is ON: inactive players will automatically lose when time's up. (requested by KKirby)
|inactive|failandimprove3 also wants the timer to be on.
|inactive|failandimprove3 has 60 seconds left.
|inactive|failandimprove3 has 30 seconds left.
|
|t:|1784227575
|teamsize|p1|4
|teamsize|p2|4
|start
|switch|p1a: Milotic|Milotic, L50, M|100/100
|switch|p1b: Staraptor|Staraptor, L50, M|100/100
|switch|p2a: Rotom|Rotom-Wash, L50|100/100
|switch|p2b: Froslass|Froslass, L50, F|100/100
|-ability|p1b: Staraptor|Intimidate|boost
|-unboost|p2a: Rotom|atk|1
|-unboost|p2b: Froslass|atk|1
|turn|1
|inactive|KKirby has 30 seconds left.
|
|t:|1784227607
|detailschange|p1b: Staraptor|Staraptor-Mega, L50, M
|-mega|p1b: Staraptor|Staraptor|Staraptite
|detailschange|p2b: Froslass|Froslass-Mega, L50, F
|-mega|p2b: Froslass|Froslass|Froslassite
|-weather|Snowscape|[from] ability: Snow Warning|[of] p2b: Froslass
|move|p1b: Staraptor|Protect|p1b: Staraptor
|-singleturn|p1b: Staraptor|Protect
|move|p2a: Rotom|Thunderbolt|p1a: Milotic
|-supereffective|p1a: Milotic|1
|-damage|p1a: Milotic|32/100
|-enditem|p1a: Milotic|Sitrus Berry|[eat]
|-heal|p1a: Milotic|57/100|[from] item: Sitrus Berry
|move|p2b: Froslass|Aurora Veil|p2b: Froslass
|-sidestart|p2: KKirby|move: Aurora Veil
|move|p1a: Milotic|Icy Wind|p2b: Froslass|[spread] p2a,p2b
|-resisted|p2a: Rotom|1
|-resisted|p2b: Froslass|1
|-damage|p2a: Rotom|94/100
|-damage|p2b: Froslass|95/100
|-unboost|p2a: Rotom|spe|1
|-unboost|p2b: Froslass|spe|1
|
|-weather|Snowscape|[upkeep]
|upkeep
|turn|2
|
|t:|1784227630
|switch|p1a: Excadrill|Excadrill, L50, F|100/100
|switch|p2b: Garchomp|Garchomp, L50, F|100/100
|move|p1b: Staraptor|Close Combat|p2a: Rotom
|-damage|p2a: Rotom|41/100
|-boost|p1b: Staraptor|def|1
|-boost|p1b: Staraptor|spd|1
|move|p2a: Rotom|Thunderbolt|p1a: Excadrill
|-immune|p1a: Excadrill
|
|-weather|Snowscape|[upkeep]
|upkeep
|turn|3
|inactive|failandimprove3 has 30 seconds left.
|
|t:|1784227657
|switch|p2a: Froslass|Froslass-Mega, L50, F|95/100
|move|p1b: Staraptor|Tailwind|p1b: Staraptor
|-sidestart|p1: failandimprove3|move: Tailwind
|move|p1a: Excadrill|Iron Head|p2a: Froslass
|-supereffective|p2a: Froslass|1
|-damage|p2a: Froslass|34/100
|move|p2b: Garchomp|Stomping Tantrum|p1a: Excadrill
|-supereffective|p1a: Excadrill|1
|-enditem|p1a: Excadrill|Focus Sash
|-damage|p1a: Excadrill|1/100
|-damage|p2b: Garchomp|90/100|[from] item: Life Orb
|
|-weather|Snowscape|[upkeep]
|upkeep
|turn|4
|
|t:|1784227680
|switch|p2a: Rotom|Rotom-Wash, L50|41/100
|move|p1b: Staraptor|Protect|p1b: Staraptor
|-singleturn|p1b: Staraptor|Protect
|move|p1a: Excadrill|High Horsepower|p2b: Garchomp
|-damage|p2b: Garchomp|49/100
|-damage|p1a: Excadrill|0 fnt|[from] ability: Rough Skin|[of] p2b: Garchomp
|faint|p1a: Excadrill
|move|p2b: Garchomp|Rock Slide|p1b: Staraptor
|-activate|p1b: Staraptor|move: Protect
|
|-weather|Snowscape|[upkeep]
|upkeep
|
|t:|1784227686
|switch|p1a: Milotic|Milotic, L50, M|57/100
|turn|5
|inactive|KKirby has 30 seconds left.
|
|t:|1784227721
|switch|p2a: Froslass|Froslass-Mega, L50, F|34/100
|move|p1b: Staraptor|Close Combat|p2a: Froslass
|-immune|p2a: Froslass
|move|p1a: Milotic|Icy Wind|p2a: Froslass|[spread] p2a,p2b
|-resisted|p2a: Froslass|1
|-supereffective|p2b: Garchomp|2
|-damage|p2a: Froslass|30/100
|-damage|p2b: Garchomp|17/100
|-unboost|p2a: Froslass|spe|1
|-unboost|p2b: Garchomp|spe|1
|move|p2b: Garchomp|Dragon Claw|p1a: Milotic
|-crit|p1a: Milotic
|-damage|p1a: Milotic|0 fnt
|faint|p1a: Milotic
|-damage|p2b: Garchomp|8/100|[from] item: Life Orb
|
|-weather|none
|-sideend|p2: KKirby|move: Aurora Veil
|upkeep
|
|t:|1784227725
|switch|p1a: Sinistcha|Sinistcha, L50|100/100
|turn|6
|inactive|KKirby has 30 seconds left.
|inactive|KKirby has 20 seconds left.
|inactive|KKirby has 15 seconds left.
|inactive|KKirby has 10 seconds left.
|inactive|KKirby has 5 seconds left.
|
|t:|1784227778
|switch|p2a: Incineroar|Incineroar, L50, M|100/100
|-ability|p2a: Incineroar|Intimidate|boost
|-unboost|p1a: Sinistcha|atk|1
|-boost|p1b: Staraptor|atk|1
|move|p1b: Staraptor|Brave Bird|p2a: Incineroar
|-damage|p2a: Incineroar|24/100
|-damage|p1b: Staraptor|71/100|[from] Recoil
|move|p1a: Sinistcha|Matcha Gotcha|p2b: Garchomp|[spread] p2a,p2b
|-resisted|p2a: Incineroar|1
|-damage|p2a: Incineroar|15/100
|-damage|p2b: Garchomp|0 fnt
|faint|p2b: Garchomp
|
|-sideend|p1: failandimprove3|move: Tailwind
|upkeep
|
|t:|1784227798
|switch|p2b: Froslass|Froslass-Mega, L50, F|30/100
|-weather|Snowscape|[from] ability: Snow Warning|[of] p2b: Froslass
|turn|7
|inactive|failandimprove3 has 30 seconds left.
|
|t:|1784227826
|switch|p2a: Rotom|Rotom-Wash, L50|41/100
|move|p1b: Staraptor|Protect|p1b: Staraptor
|-singleturn|p1b: Staraptor|Protect
|move|p2b: Froslass|Blizzard|p1a: Sinistcha|[spread] p1a
|-activate|p1b: Staraptor|move: Protect
|-supereffective|p1a: Sinistcha|1
|-damage|p1a: Sinistcha|15/100
|move|p1a: Sinistcha|Matcha Gotcha|p2a: Rotom|[spread] p2a,p2b
|-supereffective|p2a: Rotom|1
|-damage|p2a: Rotom|0 fnt
|-heal|p1a: Sinistcha|30/100|[from] drain|[of] p2a: Rotom
|-damage|p2b: Froslass|1/100
|-heal|p1a: Sinistcha|42/100|[from] drain|[of] p2b: Froslass
|faint|p2a: Rotom
|
|-weather|Snowscape|[upkeep]
|upkeep
|
|t:|1784227844
|switch|p2a: Incineroar|Incineroar, L50, M|15/100
|-ability|p2a: Incineroar|Intimidate|boost
|-unboost|p1a: Sinistcha|atk|1
|-boost|p1b: Staraptor|atk|1
|turn|8
|
|t:|1784227866
|move|p1b: Staraptor|Protect||[still]
|-fail|p1b: Staraptor
|move|p1a: Sinistcha|Protect|p1a: Sinistcha
|-singleturn|p1a: Sinistcha|Protect
|move|p2a: Incineroar|Fake Out|p1b: Staraptor
|-damage|p1b: Staraptor|64/100
|move|p2b: Froslass|Blizzard|p1a: Sinistcha|[spread] p1b
|-activate|p1a: Sinistcha|move: Protect
|-supereffective|p1b: Staraptor|1
|-damage|p1b: Staraptor|0 fnt
|faint|p1b: Staraptor
|
|-weather|Snowscape|[upkeep]
|upkeep
|turn|9
|-message|failandimprove3 forfeited.
|
|win|KKirby
|raw|failandimprove3's rating: 1444 → 1418(-26 for losing)
|raw|KKirby's rating: 1345 → 1371(+26 for winning)
