|j|☆lryuzaki13
|j|☆MrMrvz
|html|lryuzaki13MrMrvz    
|uhtml|bestof|Game 2 of a best-of-3
|t:|1785435938
|gametype|doubles
|player|p1|lryuzaki13|n|1218
|player|p2|MrMrvz|ethan|1192
|gen|9
|tier|[Gen 9 Champions] VGC 2026 Reg M-B (Bo3)
|rated|
|rule|Species Clause: Limit one of each Pokémon
|rule|Item Clause: Limit 1 of each item
|clearpoke
|poke|p1|Sneasler, L50, F, shiny|
|poke|p1|Floette-Eternal, L50, F|
|poke|p1|Kingambit, L50, M, shiny|
|poke|p1|Whimsicott, L50, F, shiny|
|poke|p1|Garchomp, L50, F, shiny|
|poke|p1|Basculegion, L50, M, shiny|
|poke|p2|Staraptor, L50, F|
|poke|p2|Feraligatr, L50, M, shiny|
|poke|p2|Whimsicott, L50, M|
|poke|p2|Glimmora, L50, M|
|poke|p2|Delphox, L50, F|
|poke|p2|Kingambit, L50, M, shiny|
|teampreview|4
|showteam|p1|Sneasler||WhiteHerb|Unburden|CloseCombat,GunkShot,FakeOut,Protect|Jolly||F|||50|]Floette-Eternal||Floettite|FlowerVeil|DazzlingGleam,LightofRuin,Moonblast,Protect|Timid||F|||50|]Kingambit||BlackGlasses|Defiant|KowtowCleave,SuckerPunch,SwordsDance,Protect|Adamant||M|||50|]Whimsicott||MentalHerb|Prankster|Encore,Moonblast,Protect,Tailwind|Timid||F|||50|]Garchomp||LifeOrb|RoughSkin|Earthquake,Protect,RockSlide,StompingTantrum|Jolly||F|||50|]Basculegion||FocusSash|Adaptability|LastRespects,Liquidation,AquaJet,Protect|Adamant||M|||50|
|showteam|p2|Staraptor||Staraptite|Intimidate|BraveBird,CloseCombat,Roost,Protect|Jolly||F|||50|]Feraligatr||LifeOrb|SheerForce|Liquidation,RockSlide,IcePunch,AquaJet|Adamant||M|||50|]Whimsicott||OccaBerry|Prankster|Tailwind,Moonblast,Charm,LightScreen|Timid||M|||50|]Glimmora||FocusSash|ToxicDebris|PowerGem,SludgeBomb,EarthPower,SpikyShield|Modest||M|||50|]Delphox||Delphoxite|Blaze|HeatWave,Psychic,Encore,Protect|Timid||F|||50|]Kingambit||ChopleBerry|Defiant|KowtowCleave,IronHead,LowKick,SuckerPunch|Adamant||M|||50|
|
|t:|1785435987
|teamsize|p1|4
|teamsize|p2|4
|start
|switch|p1a: Bishop|Whimsicott, L50, F, shiny|100/100
|switch|p1b: Rook|Sneasler, L50, F, shiny|100/100
|switch|p2a: Whimsicott|Whimsicott, L50, M|100/100
|switch|p2b: Glimmora|Glimmora, L50, M|100/100
|turn|1
|
|t:|1785436012
|move|p1a: Bishop|Tailwind|p1a: Bishop
|-sidestart|p1: lryuzaki13|move: Tailwind
|move|p2a: Whimsicott|Tailwind|p2a: Whimsicott
|-sidestart|p2: MrMrvz|move: Tailwind
|move|p1b: Rook|Gunk Shot|p2a: Whimsicott|[miss]
|-miss|p1b: Rook|p2a: Whimsicott
|move|p2b: Glimmora|Earth Power|p1b: Rook
|-supereffective|p1b: Rook|1
|-damage|p1b: Rook|9/100
|
|upkeep
|turn|2
|
|t:|1785436046
|move|p1a: Bishop|Encore|p2b: Glimmora
|-start|p2b: Glimmora|Encore
|move|p2a: Whimsicott|Light Screen|p2a: Whimsicott
|-sidestart|p2: MrMrvz|move: Light Screen
|move|p1b: Rook|Gunk Shot|p2a: Whimsicott
|-supereffective|p2a: Whimsicott|2
|-damage|p2a: Whimsicott|0 fnt
|faint|p2a: Whimsicott
|move|p2b: Glimmora|Earth Power|p1b: Rook
|-supereffective|p1b: Rook|1
|-damage|p1b: Rook|0 fnt
|faint|p1b: Rook
|
|upkeep
|
|t:|1785436059
|switch|p1b: Pawn|Basculegion, L50, M, shiny|100/100
|switch|p2a: Kingambit|Kingambit, L50, M, shiny|100/100
|turn|3
|
|t:|1785436096
|move|p2a: Kingambit|Sucker Punch|p1b: Pawn
|-supereffective|p1b: Pawn|1
|-enditem|p1b: Pawn|Focus Sash
|-damage|p1b: Pawn|1/100
|move|p1a: Bishop|Moonblast|p2b: Glimmora
|-resisted|p2b: Glimmora|1
|-damage|p2b: Glimmora|83/100
|move|p2b: Glimmora|Earth Power|p1b: Pawn
|-damage|p1b: Pawn|0 fnt
|faint|p1b: Pawn
|
|upkeep
|
|t:|1785436105
|switch|p1b: Queen|Floette-Eternal, L50, F|100/100
|turn|4
|inactive|Battle timer is ON: inactive players will automatically lose when time's up. (requested by MrMrvz)
|
|t:|1785436176
|detailschange|p1b: Queen|Floette-Mega, L50, F
|-mega|p1b: Queen|Floette|Floettite
|-ability|p1b: Queen|Fairy Aura
|move|p1a: Bishop|Moonblast|p2a: Kingambit
|-damage|p2a: Kingambit|71/100
|-unboost|p2a: Kingambit|spa|1
|-ability|p2a: Kingambit|Defiant|boost
|-boost|p2a: Kingambit|atk|2
|move|p1b: Queen|Moonblast|p2a: Kingambit
|-damage|p2a: Kingambit|26/100
|move|p2b: Glimmora|Earth Power|p1b: Queen
|-damage|p1b: Queen|68/100
|move|p2a: Kingambit|Iron Head|p1b: Queen
|-supereffective|p1b: Queen|1
|-damage|p1b: Queen|0 fnt
|faint|p1b: Queen
|
|-end|p2b: Glimmora|Encore
|-sideend|p2: MrMrvz|move: Tailwind
|-sideend|p1: lryuzaki13|move: Tailwind
|upkeep
|turn|5
|-message|lryuzaki13 forfeited.
|
|win|MrMrvz
||lryuzaki13 is ready for game 3.
