|j|☆IrumaArcher
|j|☆g00nergab67
|html|IrumaArcherg00nergab67    
|uhtml|bestof|Game 2 of a best-of-3
|t:|1782514032
|gametype|doubles
|player|p1|IrumaArcher|steven|
|player|p2|g00nergab67|2|
|gen|9
|tier|[Gen 9 Champions] VGC 2026 Reg M-B (Bo3)
|rule|Species Clause: Limit one of each Pokémon
|rule|Item Clause: Limit 1 of each item
|clearpoke
|poke|p1|Kleavor, L50, F|
|poke|p1|Hatterene, L50, F|
|poke|p1|Gliscor, L50, F, shiny|
|poke|p1|Meowstic, L50, M|
|poke|p1|Rotom-Heat, L50|
|poke|p1|Palafin, L50, F, shiny|
|poke|p2|Blastoise, L50, F|
|poke|p2|Charizard, L50, M|
|poke|p2|Dragonite, L50, M|
|poke|p2|Typhlosion-Hisui, L50, F|
|poke|p2|Garganacl, L50, M|
|poke|p2|Rotom-Wash, L50|
|teampreview|4
|showteam|p1|Kleavor||ChoiceScarf|Sharpness|StoneAxe,CloseCombat,XScissor,Protect|Adamant||F|||50|]Hatterene||SitrusBerry|MagicBounce|DazzlingGleam,ExpandingForce,TrickRoom,LifeDew|Modest||F|||50|]Gliscor||Leftovers|HyperCutter|KnockOff,HighHorsepower,Protect,RockSlide|Adamant||F|||50|]Meowstic||BrightPowder|Prankster|PsychicTerrain,LightScreen,Protect,Psyshock|Calm||M|||50|]Rotom-Heat||PasshoBerry|Levitate|Thunderbolt,Overheat,VoltSwitch,Protect|Modest|||||50|]Palafin||MysticWater|ZerotoHero|JetPunch,DrainPunch,FlipTurn,Protect|Adamant||F|||50|
|showteam|p2|Blastoise||Blastoisinite|Torrent|AquaTail,ChillingWater,Liquidation,Surf|Quiet||F|||50|]Charizard||CharizarditeY|Blaze|Flamethrower,Overheat,Acrobatics,FireFang|Hasty||M|||50|]Dragonite||LifeOrb|InnerFocus|AirSlash,DragonClaw,Hurricane,Outrage|Hasty||M|||50|]Typhlosion-Hisui||FocusSash|Blaze|Flamethrower,Eruption,FirePunch,ShadowBall|Hasty||F|||50|]Garganacl||ExpertBelt|PurifyingSalt|EarthPower,Earthquake,Explosion,MeteorBeam|Brave||M|||50|]Rotom-Wash||MentalHerb|Levitate|Thunderbolt,HydroPump,Discharge,Thunder|Timid|||||50|
|j| SugarBaer
|j| cherotank
|c| cherotank|I'm neutral
|c| cherotank|This is gonna be a great battle
|
|t:|1782514081
|teamsize|p1|4
|teamsize|p2|4
|start
|switch|p1a: Palafin|Palafin, L50, F, shiny|100/100
|switch|p1b: Kleavor|Kleavor, L50, F|100/100
|switch|p2a: Dragonite|Dragonite, L50, M|100/100
|switch|p2b: Charizard|Charizard, L50, M|100/100
|turn|1
|c| cherotank|yeaaaaaa
|
|t:|1782514213
|detailschange|p2b: Charizard|Charizard-Mega-Y, L50, M
|-mega|p2b: Charizard|Charizard|Charizardite Y
|-weather|SunnyDay|[from] ability: Drought|[of] p2b: Charizard
|move|p1b: Kleavor|Stone Axe|p2b: Charizard|[miss]
|-miss|p1b: Kleavor|p2b: Charizard
|move|p2b: Charizard|Flamethrower|p1b: Kleavor
|-damage|p1b: Kleavor|0 fnt
|faint|p1b: Kleavor
|move|p2a: Dragonite|Hurricane|p1a: Palafin|[miss]
|-miss|p2a: Dragonite|p1a: Palafin
|move|p1a: Palafin|Flip Turn|p2a: Dragonite
|-resisted|p2a: Dragonite|1
|-damage|p2a: Dragonite|92/100
|c| cherotank|YOOOO
|
|t:|1782514228
|detailschange|p1a: Palafin|Palafin-Hero, L50, F, shiny
|switch|p1a: Rotom|Rotom-Heat, L50|100/100|[from] Flip Turn
|
|-weather|SunnyDay|[upkeep]
|upkeep
|
|t:|1782514231
|switch|p1b: Gliscor|Gliscor, L50, F, shiny|100/100
|turn|2
|c| cherotank|THINGS ARE GETTING INTERESTING
|
|t:|1782514286
|move|p2b: Charizard|Fire Fang|p1b: Gliscor
|-damage|p1b: Gliscor|73/100
|move|p2a: Dragonite|Dragon Claw|p1a: Rotom
|-damage|p1a: Rotom|47/100
|-damage|p2a: Dragonite|82/100|[from] item: Life Orb
|move|p1b: Gliscor|Rock Slide|p2b: Charizard|[spread] 
|-miss|p1b: Gliscor|p2a: Dragonite
|-miss|p1b: Gliscor|p2b: Charizard
|move|p1a: Rotom|Thunderbolt|p2b: Charizard
|-supereffective|p2b: Charizard|1
|-damage|p2b: Charizard|29/100
|
|-weather|SunnyDay|[upkeep]
|-heal|p1b: Gliscor|79/100|[from] item: Leftovers
|upkeep
|turn|3
|c| cherotank|WOAH
|
|t:|1782514324
|move|p1a: Rotom|Protect|p1a: Rotom
|-singleturn|p1a: Rotom|Protect
|move|p2b: Charizard|Acrobatics|p1b: Gliscor
|-damage|p1b: Gliscor|62/100
|move|p2a: Dragonite|Outrage|p1b: Gliscor
|-damage|p1b: Gliscor|0 fnt
|faint|p1b: Gliscor
|-damage|p2a: Dragonite|72/100|[from] item: Life Orb
|
|-weather|SunnyDay|[upkeep]
|upkeep
|
|t:|1782514335
|switch|p1b: Palafin|Palafin-Hero, L50, F, shiny|100/100
|-activate|p1b: Palafin|ability: Zero to Hero
|turn|4
|
|t:|1782514351
|move|p1b: Palafin|Jet Punch|p2b: Charizard
|-supereffective|p2b: Charizard|1
|-damage|p2b: Charizard|0 fnt
|faint|p2b: Charizard
|move|p2a: Dragonite|Outrage|p1b: Palafin|[from] lockedmove
|-damage|p1b: Palafin|31/100
|-damage|p2a: Dragonite|63/100|[from] item: Life Orb
|-start|p2a: Dragonite|confusion|[fatigue]
|move|p1a: Rotom|Thunderbolt|p2a: Dragonite
|-damage|p2a: Dragonite|22/100
|
|-weather|SunnyDay|[upkeep]
|upkeep
|
|t:|1782514369
|switch|p2b: Garganacl|Garganacl, L50, M|100/100
|turn|5
|c| cherotank|mmmmmmm
|
|t:|1782514418
|move|p1b: Palafin|Protect|p1b: Palafin
|-singleturn|p1b: Palafin|Protect
|move|p1a: Rotom|Protect|p1a: Rotom
|-singleturn|p1a: Rotom|Protect
|-activate|p2a: Dragonite|confusion
|move|p2a: Dragonite|Dragon Claw|p1b: Palafin
|-activate|p1b: Palafin|move: Protect
|move|p2b: Garganacl|Meteor Beam||[still]
|-prepare|p2b: Garganacl|Meteor Beam
|-boost|p2b: Garganacl|spa|1
|
|-weather|none
|upkeep
|turn|6
|c| cherotank|oop
|
|t:|1782514448
|move|p1b: Palafin|Jet Punch|p2a: Dragonite
|-resisted|p2a: Dragonite|1
|-damage|p2a: Dragonite|0 fnt
|faint|p2a: Dragonite
|move|p1a: Rotom|Thunderbolt|p2b: Garganacl
|-damage|p2b: Garganacl|66/100
|move|p2b: Garganacl|Meteor Beam|p1a: Rotom|[from] lockedmove
|-supereffective|p1a: Rotom|1
|-crit|p1a: Rotom
|-damage|p1a: Rotom|0 fnt
|faint|p1a: Rotom
|
|upkeep
|
|t:|1782514460
|switch|p2a: Rotom|Rotom-Wash, L50|100/100
|turn|7
|
|t:|1782514491
|move|p1b: Palafin|Jet Punch|p2b: Garganacl
|-supereffective|p2b: Garganacl|1
|-damage|p2b: Garganacl|4/100
|move|p2a: Rotom|Discharge|p1b: Palafin|[spread] p2b,p1b
|-supereffective|p1b: Palafin|1
|-damage|p2b: Garganacl|0 fnt
|-damage|p1b: Palafin|0 fnt
|faint|p2b: Garganacl
|faint|p1b: Palafin
|
|win|g00nergab67
|c| cherotank|gooner-gab (du du du-du-du)
|inactive|IrumaArcher has 30 seconds to confirm battle start!
|inactive|g00nergab67 has 30 seconds to confirm battle start!
|l|☆IrumaArcher
|player|p1|
