|j|☆Chandeliere
|j|☆Jasondddd
|html|ChandeliereJasondddd    
|uhtml|bestof|Game 1 of a best-of-3
|t:|1756705308
|gametype|doubles
|player|p1|Chandeliere|ethan|1239
|player|p2|Jasondddd|2|1271
|gen|9
|tier|[Gen 9] VGC 2025 Reg H (Bo3)
|rated|
|rule|Species Clause: Limit one of each Pokémon
|rule|Item Clause: Limit 1 of each item
|clearpoke
|poke|p1|Ninetales-Alola, L50, F|
|poke|p1|Gholdengo, L50|
|poke|p1|Garchomp, L50, F|
|poke|p1|Incineroar, L50, F|
|poke|p1|Sneasler, L50, M|
|poke|p1|Vivillon-Pokeball, L50, M|
|poke|p2|Volcarona, L50, F|
|poke|p2|Electabuzz, L50, M|
|poke|p2|Kingambit, L50, M|
|poke|p2|Rillaboom, L50, M|
|poke|p2|Quaquaval, L50, F|
|poke|p2|Murkrow, L50, F|
|teampreview|4
|showteam|p1|Ninetales-Alola||LightClay|SnowWarning|AuroraVeil,Blizzard,FreezeDry,Protect|||F|||50|,,,,,Ghost]Gholdengo||LifeOrb|GoodasGold|MakeItRain,ShadowBall,NastyPlot,Protect||||||50|,,,,,Water]Garchomp||ClearAmulet|RoughSkin|Earthquake,StompingTantrum,DragonClaw,Protect|||F|||50|,,,,,Ground]Incineroar||SafetyGoggles|Intimidate|FakeOut,KnockOff,FlareBlitz,PartingShot|||F|||50|,,,,,Ghost]Sneasler||WhiteHerb|Unburden|Coaching,CloseCombat,DireClaw,Protect|||M|||50|,,,,,Ghost]Vivillon-Pokeball||FocusSash|CompoundEyes|SleepPowder,Hurricane,Tailwind,Protect|||M|||50|,,,,,Ghost
|showteam|p2|Volcarona||CovertCloak|FlameBody|Protect,QuiverDance,HeatWave,TeraBlast|||F|||50|,,,,,Dragon]Electabuzz||Eviolite|VitalSpirit|Protect,Thunderbolt,Taunt,FollowMe|||M|||50|,,,,,Fairy]Kingambit||SafetyGoggles|Defiant|Protect,SwordsDance,SuckerPunch,KowtowCleave|||M|||50|,,,,,Dark]Rillaboom||AssaultVest|GrassySurge|FakeOut,GrassyGlide,WoodHammer,Uturn|||M|||50|,,,,,Fire]Quaquaval||ChoiceScarf|Moxie|CloseCombat,AquaJet,WaveCrash,FlipTurn|||F|||50|,,,,,Water]Murkrow||FocusSash|Prankster|Protect,FoulPlay,Tailwind,Haze|||F|||50|,,,,,Ghost
|inactive|Battle timer is ON: inactive players will automatically lose when time's up. (requested by Jasondddd)
|
|t:|1756705396
|teamsize|p1|4
|teamsize|p2|4
|start
|switch|p1a: Sneasler|Sneasler, L50, M|100/100
|switch|p1b: Garchomp|Garchomp, L50, F|100/100
|switch|p2a: Quaquaval|Quaquaval, L50, F|100/100
|switch|p2b: Volcarona|Volcarona, L50, F|100/100
|turn|1
|inactive|Chandeliere has 30 seconds left.
|
|t:|1756705428
|-terastallize|p2a: Quaquaval|Water
|move|p2a: Quaquaval|Wave Crash|p1a: Sneasler
|-damage|p1a: Sneasler|0 fnt
|faint|p1a: Sneasler
|-ability|p2a: Quaquaval|Moxie|boost
|-boost|p2a: Quaquaval|atk|1
|-damage|p2a: Quaquaval|67/100|[from] Recoil
|move|p1b: Garchomp|Dragon Claw|p2a: Quaquaval
|-damage|p2a: Quaquaval|15/100
|move|p2b: Volcarona|Quiver Dance|p2b: Volcarona
|-boost|p2b: Volcarona|spa|1
|-boost|p2b: Volcarona|spd|1
|-boost|p2b: Volcarona|spe|1
|
|upkeep
|
|t:|1756705441
|switch|p1a: Incineroar|Incineroar, L50, F|100/100
|-ability|p1a: Incineroar|Intimidate|boost
|-unboost|p2a: Quaquaval|atk|1
|-unboost|p2b: Volcarona|atk|1
|turn|2
|inactive|Chandeliere has 30 seconds left.
|inactive|Jasondddd has 30 seconds left.
|
|t:|1756705474
|switch|p2a: Rillaboom|Rillaboom, L50, M|100/100
|-fieldstart|move: Grassy Terrain|[from] ability: Grassy Surge|[of] p2a: Rillaboom
|move|p1a: Incineroar|Fake Out|p2a: Rillaboom
|-damage|p2a: Rillaboom|91/100
|move|p2b: Volcarona|Tera Blast|p1a: Incineroar
|-damage|p1a: Incineroar|61/100
|move|p1b: Garchomp|Dragon Claw|p2a: Rillaboom
|-damage|p2a: Rillaboom|50/100
|
|-heal|p2a: Rillaboom|56/100|[from] Grassy Terrain
|-heal|p1a: Incineroar|67/100|[from] Grassy Terrain
|upkeep
|turn|3
|inactive|Chandeliere has 30 seconds left.
|inactive|Jasondddd has 30 seconds left.
|
|t:|1756705500
|move|p2b: Volcarona|Tera Blast|p1b: Garchomp
|-damage|p1b: Garchomp|48/100
|move|p1b: Garchomp|Dragon Claw|p2b: Volcarona
|-damage|p2b: Volcarona|51/100
|move|p2a: Rillaboom|U-turn|p1a: Incineroar
|-damage|p1a: Incineroar|47/100
|
|t:|1756705508
|switch|p2a: Electabuzz|Electabuzz, L50, M|100/100|[from] U-turn
|move|p1a: Incineroar|Flare Blitz|p2b: Volcarona
|-damage|p2b: Volcarona|0 fnt
|faint|p2b: Volcarona
|-damage|p1a: Incineroar|31/100|[from] Recoil
|
|-heal|p1b: Garchomp|54/100|[from] Grassy Terrain
|-heal|p1a: Incineroar|37/100|[from] Grassy Terrain
|upkeep
|
|t:|1756705520
|switch|p2b: Quaquaval|Quaquaval, L50, F, tera:Water|15/100
|turn|4
|
|t:|1756705541
|move|p1b: Garchomp|Protect|p1b: Garchomp
|-singleturn|p1b: Garchomp|Protect
|move|p2a: Electabuzz|Follow Me|p2a: Electabuzz
|-singleturn|p2a: Electabuzz|move: Follow Me
|move|p2b: Quaquaval|Flip Turn|p1a: Incineroar
|-supereffective|p1a: Incineroar
|-damage|p1a: Incineroar|0 fnt
|faint|p1a: Incineroar
|-ability|p2b: Quaquaval|Moxie|boost
|-boost|p2b: Quaquaval|atk|1
|
|t:|1756705551
|switch|p2b: Rillaboom|Rillaboom, L50, M|56/100|[from] Flip Turn
|
|-heal|p1b: Garchomp|60/100|[from] Grassy Terrain
|-heal|p2b: Rillaboom|61/100|[from] Grassy Terrain
|upkeep
|
|t:|1756705556
|switch|p1a: Ninetales|Ninetales-Alola, L50, F|100/100
|-weather|Snowscape|[from] ability: Snow Warning|[of] p1a: Ninetales
|turn|5
|
|t:|1756705577
|-terastallize|p1a: Ninetales|Ghost
|move|p2a: Electabuzz|Follow Me|p2a: Electabuzz
|-singleturn|p2a: Electabuzz|move: Follow Me
|move|p1a: Ninetales|Aurora Veil|p1a: Ninetales
|-sidestart|p1: Chandeliere|move: Aurora Veil
|move|p1b: Garchomp|Stomping Tantrum|p2a: Electabuzz
|-supereffective|p2a: Electabuzz
|-damage|p2a: Electabuzz|37/100
|move|p2b: Rillaboom|Wood Hammer|p1b: Garchomp
|-damage|p1b: Garchomp|8/100
|-damage|p2b: Rillaboom|49/100|[from] ability: Rough Skin|[of] p1b: Garchomp
|-damage|p2b: Rillaboom|34/100|[from] Recoil
|
|-weather|Snowscape|[upkeep]
|-heal|p1b: Garchomp|14/100|[from] Grassy Terrain
|-heal|p2a: Electabuzz|44/100|[from] Grassy Terrain
|-heal|p2b: Rillaboom|40/100|[from] Grassy Terrain
|upkeep
|turn|6
|inactive|Jasondddd has 30 seconds left.
|inactive|Jasondddd has 20 seconds left.
|inactive|Jasondddd has 15 seconds left.
|
|t:|1756705617
|move|p1b: Garchomp|Protect|p1b: Garchomp
|-singleturn|p1b: Garchomp|Protect
|move|p2b: Rillaboom|Grassy Glide|p1a: Ninetales
|-damage|p1a: Ninetales|71/100
|move|p1a: Ninetales|Blizzard|p2a: Electabuzz|[spread] p2a,p2b
|-supereffective|p2b: Rillaboom
|-damage|p2a: Electabuzz|23/100
|-damage|p2b: Rillaboom|1/100
|move|p2a: Electabuzz|Thunderbolt|p1a: Ninetales
|-damage|p1a: Ninetales|51/100
|
|-weather|Snowscape|[upkeep]
|-heal|p1a: Ninetales|57/100|[from] Grassy Terrain
|-heal|p1b: Garchomp|20/100|[from] Grassy Terrain
|-heal|p2a: Electabuzz|29/100|[from] Grassy Terrain
|-heal|p2b: Rillaboom|7/100|[from] Grassy Terrain
|-fieldend|move: Grassy Terrain
|upkeep
|turn|7
|inactive|Jasondddd has 30 seconds left.
|inactive|Chandeliere has 30 seconds left.
|
|t:|1756705652
|move|p2a: Electabuzz|Protect|p2a: Electabuzz
|-singleturn|p2a: Electabuzz|Protect
|move|p1a: Ninetales|Blizzard|p2a: Electabuzz|[spread] p2b
|-activate|p2a: Electabuzz|move: Protect
|-supereffective|p2b: Rillaboom
|-damage|p2b: Rillaboom|0 fnt
|faint|p2b: Rillaboom
|move|p1b: Garchomp|Dragon Claw|p2a: Electabuzz
|-activate|p2a: Electabuzz|move: Protect
|
|-weather|Snowscape|[upkeep]
|upkeep
|
|t:|1756705670
|switch|p2b: Quaquaval|Quaquaval, L50, F, tera:Water|15/100
|turn|8
|inactive|Chandeliere has 30 seconds left.
|inactive|Jasondddd has 30 seconds left.
|inactive|Chandeliere has 20 seconds left.
|inactive|Chandeliere has 15 seconds left.
|inactive|Chandeliere has 10 seconds left.
|
|t:|1756705715
|move|p2a: Electabuzz|Follow Me|p2a: Electabuzz
|-singleturn|p2a: Electabuzz|move: Follow Me
|move|p2b: Quaquaval|Wave Crash|p1a: Ninetales
|-damage|p1a: Ninetales|0 fnt
|faint|p1a: Ninetales
|-ability|p2b: Quaquaval|Moxie|boost
|-boost|p2b: Quaquaval|atk|1
|-damage|p2b: Quaquaval|0 fnt|[from] Recoil
|faint|p2b: Quaquaval
|move|p1b: Garchomp|Dragon Claw|p2a: Electabuzz
|-damage|p2a: Electabuzz|0 fnt
|faint|p2a: Electabuzz
|
|win|Chandeliere
|inactive|Chandeliere has 30 seconds to confirm battle start!
|inactive|Jasondddd has 30 seconds to confirm battle start!
||Chandeliere is ready for game 2.
|inactive|Jasondddd has 20 seconds to confirm battle start!
|inactive|Jasondddd has 10 seconds to confirm battle start!
||Jasondddd is ready for game 2.
|uhtml|next|Next: Game 2 of 3
