|j|☆yaawaka
|j|‽KilamanolaVGC
|html|yaawakaKilamanolaVGC    
|uhtml|bestof|Game 2 of a best-of-3
|t:|1785896397
|gametype|doubles
|player|p1|yaawaka|2|1116
|player|p2|KilamanolaVGC|benga|1088
|gen|9
|tier|[Gen 9 Champions] VGC 2026 Reg M-B (Bo3)
|rated|
|rule|Species Clause: Limit one of each Pokémon
|rule|Item Clause: Limit 1 of each item
|clearpoke
|poke|p1|Charizard, L50, M, shiny|
|poke|p1|Incineroar, L50, M, shiny|
|poke|p1|Milotic, L50, M, shiny|
|poke|p1|Sinistcha, L50, shiny|
|poke|p1|Sneasler, L50, M, shiny|
|poke|p1|Tyranitar, L50, F, shiny|
|poke|p2|Gengar, L50, M, shiny|
|poke|p2|Archaludon, L50, F, shiny|
|poke|p2|Politoed, L50, M, shiny|
|poke|p2|Swampert, L50, M, shiny|
|poke|p2|Vivillon-Marine, L50, M|
|poke|p2|Incineroar, L50, M|
|teampreview|4
|showteam|p1|Charizard||CharizarditeX|Blaze|FlareBlitz,DragonClaw,DragonDance,Protect|Adamant||M|||50|]Incineroar||SitrusBerry|Intimidate|FakeOut,FlareBlitz,ThroatChop,PartingShot|Adamant||M|||50|]Milotic||Leftovers|Competitive|Scald,IcyWind,Recover,Protect|Calm||M|||50|]Sinistcha||CobaBerry|Hospitality|MatchaGotcha,RagePowder,LifeDew,TrickRoom|Bold|||||50|]Sneasler||WhiteHerb|Unburden|FakeOut,DireClaw,CloseCombat,Coaching|Adamant||M|||50|]Tyranitar||Tyranitarite|SandStream|KnockOff,RockSlide,HighHorsepower,Protect|Adamant||F|||50|
|showteam|p2|Gengar||Gengarite|CursedBody|Protect,PerishSong,SludgeBomb,ShadowBall|Modest||M|||50|]Archaludon||Leftovers|Stamina|Protect,ElectroShot,DragonPulse,FlashCannon|Bold||F|||50|]Politoed||SitrusBerry|Drizzle|Protect,WeatherBall,PerishSong,Hypnosis|Calm||M|||50|]Swampert||Swampertite|Torrent|Protect,WaveCrash,Earthquake,IcePunch|Adamant||M|||50|]Vivillon-Marine||FocusSash|CompoundEyes|Protect,Hurricane,RagePowder,SleepPowder|Timid||M|||50|]Incineroar||PasshoBerry|Intimidate|Protect,FakeOut,ThroatChop,PartingShot|Careful||M|||50|
|inactive|Battle timer is ON: inactive players will automatically lose when time's up. (requested by KilamanolaVGC)
|
|t:|1785896416
|teamsize|p1|4
|teamsize|p2|4
|start
|switch|p1a: Sneasler|Sneasler, L50, M, shiny|100/100
|switch|p1b: Tyranitar|Tyranitar, L50, F, shiny|100/100
|switch|p2a: Vivillon|Vivillon-Marine, L50, M|100/100
|switch|p2b: Swampert|Swampert, L50, M, shiny|100/100
|-weather|Sandstorm|[from] ability: Sand Stream|[of] p1b: Tyranitar
|turn|1
|
|t:|1785896434
|switch|p1b: Milotic|Milotic, L50, M, shiny|100/100
|detailschange|p2b: Swampert|Swampert-Mega, L50, M, shiny
|-mega|p2b: Swampert|Swampert|Swampertite
|move|p1a: Sneasler|Fake Out|p2a: Vivillon
|-damage|p2a: Vivillon|71/100
|cant|p2a: Vivillon|flinch
|move|p2b: Swampert|Earthquake|p1b: Milotic|[spread] p1a,p1b
|-immune|p2a: Vivillon
|-supereffective|p1a: Sneasler|1
|-damage|p1a: Sneasler|0 fnt
|-damage|p1b: Milotic|61/100
|faint|p1a: Sneasler
|
|-weather|Sandstorm|[upkeep]
|-damage|p2a: Vivillon|65/100|[from] Sandstorm
|-damage|p1b: Milotic|55/100|[from] Sandstorm
|-heal|p1b: Milotic|61/100|[from] item: Leftovers
|upkeep
|
|t:|1785896453
|switch|p1a: Sinistcha|Sinistcha, L50, shiny|100/100
|-heal|p1b: Milotic|86/100|[from] ability: Hospitality|[of] p1a: Sinistcha
|turn|2
|inactive|KilamanolaVGC has 30 seconds left.
|inactive|KilamanolaVGC has 20 seconds left.
|
|t:|1785896491
|move|p2a: Vivillon|Hurricane|p1a: Sinistcha
|-supereffective|p1a: Sinistcha|1
|-enditem|p1a: Sinistcha|Coba Berry|[eat]
|-enditem|p1a: Sinistcha|Coba Berry|[weaken]
|-damage|p1a: Sinistcha|59/100
|move|p2b: Swampert|Ice Punch|p1a: Sinistcha
|-supereffective|p1a: Sinistcha|1
|-damage|p1a: Sinistcha|7/100
|move|p1b: Milotic|Icy Wind|p2a: Vivillon|[spread] p2a,p2b
|-supereffective|p2a: Vivillon|1
|-crit|p2a: Vivillon
|-damage|p2a: Vivillon|10/100
|-damage|p2b: Swampert|90/100
|-unboost|p2a: Vivillon|spe|1
|-unboost|p2b: Swampert|spe|1
|move|p1a: Sinistcha|Matcha Gotcha|p2b: Swampert|[spread] p2a
|-miss|p1a: Sinistcha|p2b: Swampert
|-resisted|p2a: Vivillon|2
|-damage|p2a: Vivillon|0 fnt
|-heal|p1a: Sinistcha|12/100|[from] drain|[of] p2a: Vivillon
|faint|p2a: Vivillon
|
|-weather|Sandstorm|[upkeep]
|-damage|p1b: Milotic|80/100|[from] Sandstorm
|-damage|p1a: Sinistcha|6/100|[from] Sandstorm
|-heal|p1b: Milotic|86/100|[from] item: Leftovers
|upkeep
|
|t:|1785896511
|switch|p2a: Archaludon|Archaludon, L50, F, shiny|100/100
|turn|3
|inactive|yaawaka has 30 seconds left.
|inactive|yaawaka has 20 seconds left.
|inactive|yaawaka has 15 seconds left.
|
|t:|1785896555
|switch|p2b: Politoed|Politoed, L50, M, shiny|100/100
|-weather|RainDance|[from] ability: Drizzle|[of] p2b: Politoed
|move|p1b: Milotic|Icy Wind|p2b: Politoed|[spread] p2a,p2b
|-resisted|p2b: Politoed|1
|-damage|p2a: Archaludon|91/100
|-damage|p2b: Politoed|96/100
|-unboost|p2a: Archaludon|spe|1
|-unboost|p2b: Politoed|spe|1
|-ability|p2a: Archaludon|Stamina|boost
|-boost|p2a: Archaludon|def|1
|move|p1a: Sinistcha|Life Dew|p1a: Sinistcha|[spread] p1a,p1b
|-heal|p1a: Sinistcha|31/100
|-heal|p1b: Milotic|100/100
|move|p2a: Archaludon|Electro Shot||[still]
|-prepare|p2a: Archaludon|Electro Shot
|-boost|p2a: Archaludon|spa|1
|-anim|p2a: Archaludon|Electro Shot|p1a: Sinistcha
|-resisted|p1a: Sinistcha|1
|-damage|p1a: Sinistcha|5/100
|
|-weather|RainDance|[upkeep]
|-heal|p2a: Archaludon|97/100|[from] item: Leftovers
|upkeep
|turn|4
|inactive|yaawaka has 30 seconds left.
|inactive|KilamanolaVGC has 30 seconds left.
|
|t:|1785896585
|switch|p1a: Tyranitar|Tyranitar, L50, F, shiny|100/100
|-weather|Sandstorm|[from] ability: Sand Stream|[of] p1a: Tyranitar
|switch|p2b: Swampert|Swampert-Mega, L50, M, shiny|90/100
|move|p1b: Milotic|Scald|p2b: Swampert
|-damage|p2b: Swampert|66/100
|move|p2a: Archaludon|Flash Cannon|p1a: Tyranitar
|-supereffective|p1a: Tyranitar|1
|-damage|p1a: Tyranitar|34/100
|
|-weather|Sandstorm|[upkeep]
|-damage|p1b: Milotic|93/100|[from] Sandstorm
|-heal|p1b: Milotic|100/100|[from] item: Leftovers
|-heal|p2a: Archaludon|100/100|[from] item: Leftovers
|upkeep
|turn|5
|inactive|yaawaka has 30 seconds left.
|inactive|KilamanolaVGC has 30 seconds left.
|
|t:|1785896613
|switch|p2b: Politoed|Politoed, L50, M, shiny|96/100
|-weather|RainDance|[from] ability: Drizzle|[of] p2b: Politoed
|switch|p1b: Sinistcha|Sinistcha, L50, shiny|5/100
|-heal|p1a: Tyranitar|59/100|[from] ability: Hospitality|[of] p1b: Sinistcha
|detailschange|p1a: Tyranitar|Tyranitar-Mega, L50, F, shiny
|-mega|p1a: Tyranitar|Tyranitar|Tyranitarite
|-weather|Sandstorm|[from] ability: Sand Stream|[of] p1a: Tyranitar
|move|p1a: Tyranitar|Protect|p1a: Tyranitar
|-singleturn|p1a: Tyranitar|Protect
|move|p2a: Archaludon|Electro Shot||[still]
|-prepare|p2a: Archaludon|Electro Shot
|-boost|p2a: Archaludon|spa|1
|
|-weather|Sandstorm|[upkeep]
|-damage|p2b: Politoed|90/100|[from] Sandstorm
|-damage|p1b: Sinistcha|0 fnt|[from] Sandstorm
|faint|p1b: Sinistcha
|upkeep
|
|t:|1785896631
|switch|p1b: Milotic|Milotic, L50, M, shiny|100/100
|turn|6
|
|t:|1785896643
|switch|p2b: Swampert|Swampert-Mega, L50, M, shiny|66/100
|move|p1b: Milotic|Scald|p2a: Archaludon
|-resisted|p2a: Archaludon|1
|-damage|p2a: Archaludon|86/100
|-ability|p2a: Archaludon|Stamina|boost
|-boost|p2a: Archaludon|def|1
|move|p1a: Tyranitar|High Horsepower|p2a: Archaludon
|-supereffective|p2a: Archaludon|1
|-damage|p2a: Archaludon|59/100
|-ability|p2a: Archaludon|Stamina|boost
|-boost|p2a: Archaludon|def|1
|move|p2a: Archaludon|Electro Shot|p1b: Milotic|[from] lockedmove
|-supereffective|p1b: Milotic|1
|-damage|p1b: Milotic|1/100
|
|-weather|Sandstorm|[upkeep]
|-damage|p1b: Milotic|0 fnt|[from] Sandstorm
|faint|p1b: Milotic
|-heal|p2a: Archaludon|65/100|[from] item: Leftovers
|upkeep
|turn|7
|
|t:|1785896664
|switch|p2b: Politoed|Politoed, L50, M, shiny|90/100
|-weather|RainDance|[from] ability: Drizzle|[of] p2b: Politoed
|move|p1a: Tyranitar|Knock Off|p2a: Archaludon
|-damage|p2a: Archaludon|47/100
|-ability|p2a: Archaludon|Stamina|boost
|-boost|p2a: Archaludon|def|1
|-enditem|p2a: Archaludon|Leftovers|[from] move: Knock Off|[of] p1a: Tyranitar
|move|p2a: Archaludon|Flash Cannon|p1a: Tyranitar
|-supereffective|p1a: Tyranitar|1
|-damage|p1a: Tyranitar|0 fnt
|faint|p1a: Tyranitar
|
|win|KilamanolaVGC
|inactive|yaawaka has 30 seconds to confirm battle start!
|inactive|KilamanolaVGC has 30 seconds to confirm battle start!
||yaawaka is ready for game 3.
||KilamanolaVGC is ready for game 3.
|uhtml|next|Next: Game 3 of 3
|l|☆yaawaka
|player|p1|
