|j|Ōśåeres_un_cracki2
|j|Ōśåsorecruiser
|html|eres_un_cracki2sorecruiser    
|uhtml|bestof|Game 2 of a best-of-3
|t:|1756924797
|gametype|doubles
|player|p1|eres_un_cracki2|n|1171
|player|p2|sorecruiser|furisodegirl-black|1131
|gen|9
|tier|[Gen 9] VGC 2025 Reg H (Bo3)
|rated|
|rule|Species Clause: Limit one of each Pok├®mon
|rule|Item Clause: Limit 1 of each item
|clearpoke
|poke|p1|Charizard, L50, F|
|poke|p1|Torkoal, L50, F|
|poke|p1|Incineroar, L50, M|
|poke|p1|Jumpluff, L50, F|
|poke|p1|Ursaluna, L50, F|
|poke|p1|Dusclops, L50, M|
|poke|p2|Gholdengo, L50|
|poke|p2|Whimsicott, L50, M|
|poke|p2|Sneasler, L50, F|
|poke|p2|Basculegion, L50, M|
|poke|p2|Hydreigon, L50, F|
|poke|p2|Magmar, L50, F|
|teampreview|4
|showteam|p1|Charizard||ChoiceSpecs|SolarPower|HeatWave,Overheat,WeatherBall,AirSlash|||F|||50|,,,,,Ghost]Torkoal||EjectPack|Drought|Eruption,Overheat,HelpingHand,Protect|||F|||50|,,,,,Fire]Incineroar||SafetyGoggles|Intimidate|FlareBlitz,KnockOff,FakeOut,PartingShot|||M|||50|,,,,,Ghost]Jumpluff||CovertCloak|Chlorophyll|SleepPowder,SunnyDay,RagePowder,Tailwind|||F|||50|,,,,,Water]Ursaluna||FlameOrb|Guts|HeadlongRush,Facade,Earthquake,Protect|||F|||50|,,,,,Ghost]Dusclops||Eviolite|Pressure|PainSplit,Haze,WillOWisp,TrickRoom|||M|||50|,,,,,Grass
|showteam|p2|Gholdengo||MetalCoat|GoodasGold|MakeItRain,ShadowBall,NastyPlot,Protect||||||50|,,,,,Steel]Whimsicott||CovertCloak|Prankster|Tailwind,Encore,FakeTears,Moonblast|||M|||50|,,,,,Dark]Sneasler||FocusSash|PoisonTouch|Protect,CloseCombat,DireClaw,ThroatChop|||F|||50|,,,,,Dark]Basculegion||ChoiceScarf|Adaptability|LastRespects,WaveCrash,AquaJet,FlipTurn|||M|||50|,,,,,Ghost]Hydreigon||ChoiceSpecs|Levitate|DarkPulse,DracoMeteor,Snarl,HeatWave|||F|||50|,,,,,Fire]Magmar||Eviolite|VitalSpirit|Protect,FollowMe,HeatWave,Taunt|||F|||50|,,,,,Water
|inactive|Battle timer is ON: inactive players will automatically lose when time's up. (requested by sorecruiser)
|inactive|sorecruiser has 60 seconds left.
|inactive|sorecruiser has 30 seconds left.
|inactive|sorecruiser has 20 seconds left.
|
|t:|1756924873
|teamsize|p1|4
|teamsize|p2|4
|start
|switch|p1a: Incineroar|Incineroar, L50, M|100/100
|switch|p1b: Dusclops|Dusclops, L50, M|100/100
|switch|p2a: Hydreigon|Hydreigon, L50, F|100/100
|switch|p2b: Magmar|Magmar, L50, F|100/100
|-ability|p1a: Incineroar|Intimidate|boost
|-unboost|p2a: Hydreigon|atk|1
|-unboost|p2b: Magmar|atk|1
|-ability|p1b: Dusclops|Pressure
|turn|1
|c|Ōśåsorecruiser|shit
|c|Ōśåsorecruiser|misclicked and meant to change my leads
|c|Ōśåsorecruiser|oh well
|
|t:|1756924894
|move|p1a: Incineroar|Fake Out|p2b: Magmar
|-damage|p2b: Magmar|91/100
|move|p2a: Hydreigon|Dark Pulse|p1b: Dusclops
|-supereffective|p1b: Dusclops
|-damage|p1b: Dusclops|30/100
|cant|p2b: Magmar|flinch
|move|p1b: Dusclops|Trick Room|p1b: Dusclops
|-fieldstart|move: Trick Room|[of] p1b: Dusclops
|
|upkeep
|turn|2
|
|t:|1756924908
|switch|p2b: Whimsicott|Whimsicott, L50, M|100/100
|move|p1b: Dusclops|Pain Split|p2a: Hydreigon
|-sethp|p2a: Hydreigon|63/100|[from] move: Pain Split|[silent]
|-sethp|p1b: Dusclops|72/100|[from] move: Pain Split
|move|p1a: Incineroar|Parting Shot|p2a: Hydreigon
|-unboost|p2a: Hydreigon|atk|1
|-unboost|p2a: Hydreigon|spa|1
|
|t:|1756924914
|switch|p1a: Torkoal|Torkoal, L50, F|100/100|[from] Parting Shot
|-weather|SunnyDay|[from] ability: Drought|[of] p1a: Torkoal
|move|p2a: Hydreigon|Dark Pulse|p1b: Dusclops
|-supereffective|p1b: Dusclops
|-damage|p1b: Dusclops|26/100
|
|-weather|SunnyDay|[upkeep]
|upkeep
|turn|3
|
|t:|1756924933
|switch|p2b: Magmar|Magmar, L50, F|91/100
|move|p1b: Dusclops|Pain Split|p2a: Hydreigon
|-sethp|p2a: Hydreigon|43/100|[from] move: Pain Split|[silent]
|-sethp|p1b: Dusclops|49/100|[from] move: Pain Split
|move|p1a: Torkoal|Eruption|p2b: Magmar|[spread] p2a,p2b
|-resisted|p2a: Hydreigon
|-resisted|p2b: Magmar
|-damage|p2a: Hydreigon|0 fnt
|-damage|p2b: Magmar|65/100
|faint|p2a: Hydreigon
|
|-weather|SunnyDay|[upkeep]
|upkeep
|
|t:|1756924943
|switch|p2a: Gholdengo|Gholdengo, L50|100/100
|turn|4
|c|Ōśåeres_un_cracki2|I dont think you could stop tr either way
|c|Ōśåsorecruiser|yeah I meant to lead whim ghol and fake tears shadow ball dusclops
|inactive|sorecruiser has 30 seconds left.
|c|Ōśåsorecruiser|which mightve killed
|c|Ōśåsorecruiser|but I forgot to deselect my initial leads
|inactive|sorecruiser has 20 seconds left.
|inactive|sorecruiser has 15 seconds left.
|
|t:|1756924986
|move|p2a: Gholdengo|Protect|p2a: Gholdengo
|-singleturn|p2a: Gholdengo|Protect
|move|p1b: Dusclops|Pain Split|p2b: Magmar
|-sethp|p2b: Magmar|53/100|[from] move: Pain Split|[silent]
|-sethp|p1b: Dusclops|62/100|[from] move: Pain Split
|move|p1a: Torkoal|Eruption|p2b: Magmar|[spread] p2b
|-activate|p2a: Gholdengo|move: Protect
|-resisted|p2b: Magmar
|-damage|p2b: Magmar|27/100
|move|p2b: Magmar|Heat Wave|p1b: Dusclops|[spread] p1a,p1b
|-resisted|p1a: Torkoal
|-damage|p1a: Torkoal|75/100
|-damage|p1b: Dusclops|41/100
|-status|p1b: Dusclops|brn
|
|-weather|SunnyDay|[upkeep]
|-damage|p1b: Dusclops|35/100 brn|[from] brn
|upkeep
|turn|5
|c|Ōśåsorecruiser|any chance you're up to scrim?
|c|Ōśåeres_un_cracki2|Is not bad but I could tera
|c|Ōśåsorecruiser|you could you could
|inactive|eres_un_cracki2 has 30 seconds left.
|inactive|sorecruiser has 30 seconds left.
|c|Ōśåsorecruiser|at the very least you wouldn't be able to tera
|inactive|eres_un_cracki2 has 20 seconds left.
|inactive|sorecruiser has 20 seconds left.
|inactive|eres_un_cracki2 has 15 seconds left.
|inactive|sorecruiser has 15 seconds left.
|c|Ōśåsorecruiser|in theory I could read you not to FO and tera steal make it rain
|inactive|eres_un_cracki2 has 10 seconds left.
|inactive|sorecruiser has 10 seconds left.
|c|Ōśåsorecruiser|but idk if that would even be enough, dusci s thick
|inactive|eres_un_cracki2 has 5 seconds left.
|inactive|sorecruiser has 5 seconds left.
|
|t:|1756925039
|switch|p2a: Whimsicott|Whimsicott, L50, M|100/100
|move|p2b: Magmar|Follow Me|p2b: Magmar
|-singleturn|p2b: Magmar|move: Follow Me
|move|p1b: Dusclops|Pain Split|p2b: Magmar
|-sethp|p2b: Magmar|28/100|[from] move: Pain Split|[silent]
|-sethp|p1b: Dusclops|32/100 brn|[from] move: Pain Split
|move|p1a: Torkoal|Eruption|p2a: Whimsicott|[spread] p2a,p2b
|-supereffective|p2a: Whimsicott
|-resisted|p2b: Magmar
|-damage|p2a: Whimsicott|0 fnt
|-damage|p2b: Magmar|8/100
|faint|p2a: Whimsicott
|
|-weather|SunnyDay|[upkeep]
|-damage|p1b: Dusclops|26/100 brn|[from] brn
|-fieldend|move: Trick Room
|upkeep
|c|Ōśåsorecruiser|*dusc is thick
|
|t:|1756925049
|switch|p2a: Gholdengo|Gholdengo, L50|100/100
|turn|6
|
|t:|1756925066
|-terastallize|p2a: Gholdengo|Steel
|move|p2a: Gholdengo|Make It Rain|p1a: Torkoal|[spread] p1a,p1b
|-resisted|p1a: Torkoal
|-damage|p1a: Torkoal|24/100
|-damage|p1b: Dusclops|0 fnt
|-unboost|p2a: Gholdengo|spa|1
|faint|p1b: Dusclops
|move|p2b: Magmar|Heat Wave|p1a: Torkoal
|-resisted|p1a: Torkoal
|-damage|p1a: Torkoal|0 fnt
|faint|p1a: Torkoal
|
|-weather|none
|upkeep
|
|t:|1756925071
|switch|p1a: Ursaluna|Ursaluna, L50, F|100/100
|switch|p1b: Incineroar|Incineroar, L50, M|100/100
|-ability|p1b: Incineroar|Intimidate|boost
|-unboost|p2a: Gholdengo|atk|1
|-unboost|p2b: Magmar|atk|1
|turn|7
|
|t:|1756925085
|move|p2a: Gholdengo|Protect|p2a: Gholdengo
|-singleturn|p2a: Gholdengo|Protect
|move|p2b: Magmar|Protect|p2b: Magmar
|-singleturn|p2b: Magmar|Protect
|move|p1b: Incineroar|Fake Out|p2b: Magmar
|-activate|p2b: Magmar|move: Protect
|move|p1a: Ursaluna|Headlong Rush|p2a: Gholdengo
|-activate|p2a: Gholdengo|move: Protect
|
|-status|p1a: Ursaluna|brn|[from] item: Flame Orb
|upkeep
|turn|8
|c|Ōśåeres_un_cracki2|Is a hard mu for u
|c|Ōśåsorecruiser|yeah it's very bad
|
|t:|1756925105
|move|p1a: Ursaluna|Protect|p1a: Ursaluna
|-singleturn|p1a: Ursaluna|Protect
|move|p2b: Magmar|Follow Me|p2b: Magmar
|-singleturn|p2b: Magmar|move: Follow Me
|move|p2a: Gholdengo|Nasty Plot|p2a: Gholdengo
|-boost|p2a: Gholdengo|spa|2
|move|p1b: Incineroar|Knock Off|p2b: Magmar
|-damage|p2b: Magmar|0 fnt
|-enditem|p2b: Magmar|Eviolite|[from] move: Knock Off|[of] p1b: Incineroar
|faint|p2b: Magmar
|
|-damage|p1a: Ursaluna|95/100 brn|[from] brn
|upkeep
|turn|9
|
|t:|1756925125
|move|p2a: Gholdengo|Make It Rain|p1b: Incineroar|[spread] p1a,p1b
|-resisted|p1b: Incineroar
|-damage|p1a: Ursaluna|0 fnt
|-damage|p1b: Incineroar|53/100
|-unboost|p2a: Gholdengo|spa|1
|faint|p1a: Ursaluna
|move|p1b: Incineroar|Flare Blitz|p2a: Gholdengo
|-supereffective|p2a: Gholdengo
|-damage|p2a: Gholdengo|0 fnt
|faint|p2a: Gholdengo
|-damage|p1b: Incineroar|24/100|[from] Recoil
|
|win|eres_un_cracki2
|raw|eres_un_cracki2's rating: 1171 → 1193(+22 for winning)
|raw|sorecruiser's rating: 1131 → 1109(-22 for losing)
|c|Ōśåsorecruiser|ggwp
|c|Ōśåeres_un_cracki2|gg
