|j|☆Sedrav
|j|☆afkchampion2
|html|Sedravafkchampion2    
|uhtml|bestof|Game 2 of a best-of-3
|t:|1756935821
|gametype|doubles
|player|p1|Sedrav|265|1293
|player|p2|afkchampion2|101|1205
|gen|9
|tier|[Gen 9] VGC 2025 Reg H (Bo3)
|rated|
|rule|Species Clause: Limit one of each Pokémon
|rule|Item Clause: Limit 1 of each item
|clearpoke
|poke|p1|Garchomp, L50, F|
|poke|p1|Talonflame, L50, M|
|poke|p1|Gholdengo, L50|
|poke|p1|Tyranitar, L50, F|
|poke|p1|Amoonguss, L50, F|
|poke|p1|Milotic, L50, F|
|poke|p2|Ninetales-Alola, L50, M|
|poke|p2|Rillaboom, L50, F|
|poke|p2|Sneasler, L50, M|
|poke|p2|Kingambit, L50, F|
|poke|p2|Basculegion, L50, M|
|poke|p2|Magmar, L50, M|
|teampreview|4
|showteam|p1|Garchomp||LifeOrb|RoughSkin|DragonClaw,StompingTantrum,Earthquake,Protect|||F|||50|,,,,,Fairy]Talonflame||CovertCloak|GaleWings|BraveBird,Tailwind,WillOWisp,Taunt|||M|||50|,,,,,Grass]Gholdengo||MetalCoat|GoodasGold|MakeItRain,ShadowBall,NastyPlot,Protect||||||50|,,,,,Flying]Tyranitar||AssaultVest|SandStream|RockSlide,KnockOff,LowKick,TeraBlast|||F|||50|,,,,,Flying]Amoonguss||SitrusBerry|Regenerator|Spore,RagePowder,PollenPuff,Protect|||F|||50|,,,,,Water]Milotic||SafetyGoggles|Competitive|Scald,IcyWind,Haze,Protect|||F|||50|,,,,,Dragon
|showteam|p2|Ninetales-Alola||NeverMeltIce|SnowWarning|Blizzard,FreezeDry,Encore,Protect|||M|||50|,,,,,Ghost]Rillaboom||AssaultVest|GrassySurge|WoodHammer,GrassyGlide,HighHorsepower,FakeOut|||F|||50|,,,,,Ghost]Sneasler||FocusSash|PoisonTouch|DireClaw,CloseCombat,FakeOut,Protect|||M|||50|,,,,,Ghost]Kingambit||BlackGlasses|Defiant|KowtowCleave,SuckerPunch,SwordsDance,Protect|||F|||50|,,,,,Fire]Basculegion||ChoiceScarf|Adaptability|WaveCrash,FlipTurn,TeraBlast,LastRespects|||M|||50|,,,,,Fighting]Magmar||Eviolite|VitalSpirit|HeatWave,Taunt,FollowMe,Protect|||M|||50|,,,,,Ghost
|j| teamthief420
|inactive|Battle timer is ON: inactive players will automatically lose when time's up. (requested by Sedrav)
|inactive|afkchampion2 has 60 seconds left.
|
|t:|1756935860
|teamsize|p1|4
|teamsize|p2|4
|start
|switch|p1a: Gholdengo|Gholdengo, L50|100/100
|switch|p1b: Tyranitar|Tyranitar, L50, F|100/100
|switch|p2a: Sneasler|Sneasler, L50, M|100/100
|switch|p2b: Basculegion|Basculegion, L50, M|100/100
|-weather|Sandstorm|[from] ability: Sand Stream|[of] p1b: Tyranitar
|turn|1
|inactive|Sedrav has 30 seconds left.
|inactive|afkchampion2 has 30 seconds left.
|inactive|afkchampion2 has 20 seconds left.
|inactive|afkchampion2 has 15 seconds left.
|inactive|afkchampion2 has 10 seconds left.
|inactive|afkchampion2 has 5 seconds left.
|
|t:|1756935913
|switch|p1b: Garchomp|Garchomp, L50, F|100/100
|move|p1a: Gholdengo|Protect|p1a: Gholdengo
|-singleturn|p1a: Gholdengo|Protect
|move|p2a: Sneasler|Fake Out|p1b: Garchomp
|-damage|p1b: Garchomp|86/100
|-damage|p2a: Sneasler|88/100|[from] ability: Rough Skin|[of] p1b: Garchomp
|move|p2b: Basculegion|Flip Turn|p1a: Gholdengo
|-activate|p1a: Gholdengo|move: Protect
|
|-weather|Sandstorm|[upkeep]
|-damage|p2b: Basculegion|94/100|[from] Sandstorm
|-damage|p2a: Sneasler|82/100|[from] Sandstorm
|upkeep
|turn|2
|inactive|Sedrav has 30 seconds left.
|inactive|afkchampion2 has 30 seconds left.
|
|t:|1756935947
|move|p2a: Sneasler|Protect|p2a: Sneasler
|-singleturn|p2a: Sneasler|Protect
|move|p2b: Basculegion|Flip Turn|p1a: Gholdengo
|-damage|p1a: Gholdengo|56/100
|
|t:|1756935952
|switch|p2b: Rillaboom|Rillaboom, L50, F|100/100|[from] Flip Turn
|-fieldstart|move: Grassy Terrain|[from] ability: Grassy Surge|[of] p2b: Rillaboom
|move|p1b: Garchomp|Dragon Claw|p2b: Rillaboom
|-damage|p2b: Rillaboom|39/100
|-damage|p1b: Garchomp|76/100|[from] item: Life Orb
|move|p1a: Gholdengo|Make It Rain|p2a: Sneasler|[spread] p2b
|-activate|p2a: Sneasler|move: Protect
|-damage|p2b: Rillaboom|0 fnt
|-unboost|p1a: Gholdengo|spa|1
|faint|p2b: Rillaboom
|
|-weather|Sandstorm|[upkeep]
|-damage|p2a: Sneasler|77/100|[from] Sandstorm
|-heal|p2a: Sneasler|82/100|[from] Grassy Terrain
|-heal|p1b: Garchomp|82/100|[from] Grassy Terrain
|-heal|p1a: Gholdengo|62/100|[from] Grassy Terrain
|upkeep
|l| teamthief420
|inactive|afkchampion2 has 30 seconds left.
|
|t:|1756935983
|switch|p2b: Basculegion|Basculegion, L50, M|94/100
|turn|3
|inactive|Sedrav has 30 seconds left.
|inactive|Sedrav has 20 seconds left.
|inactive|Sedrav has 15 seconds left.
|
|t:|1756936026
|-terastallize|p2b: Basculegion|Fighting
|move|p2b: Basculegion|Wave Crash|p1b: Garchomp
|-damage|p1b: Garchomp|22/100
|-damage|p2b: Basculegion|82/100|[from] ability: Rough Skin|[of] p1b: Garchomp
|-damage|p2b: Basculegion|63/100|[from] Recoil
|move|p2a: Sneasler|Dire Claw|p1b: Garchomp
|-resisted|p1b: Garchomp
|-damage|p1b: Garchomp|2/100
|-status|p1b: Garchomp|par
|-damage|p2a: Sneasler|70/100|[from] ability: Rough Skin|[of] p1b: Garchomp
|move|p1a: Gholdengo|Nasty Plot|p1a: Gholdengo
|-boost|p1a: Gholdengo|spa|2
|cant|p1b: Garchomp|par
|
|-weather|Sandstorm|[upkeep]
|-damage|p2b: Basculegion|57/100|[from] Sandstorm
|-damage|p2a: Sneasler|64/100|[from] Sandstorm
|-heal|p2b: Basculegion|63/100|[from] Grassy Terrain
|-heal|p2a: Sneasler|70/100|[from] Grassy Terrain
|-heal|p1a: Gholdengo|68/100|[from] Grassy Terrain
|-heal|p1b: Garchomp|8/100 par|[from] Grassy Terrain
|upkeep
|turn|4
|inactive|Sedrav has 30 seconds left.
|
|t:|1756936053
|move|p1a: Gholdengo|Protect|p1a: Gholdengo
|-singleturn|p1a: Gholdengo|Protect
|move|p2b: Basculegion|Wave Crash|p1a: Gholdengo
|-activate|p1a: Gholdengo|move: Protect
|move|p2a: Sneasler|Dire Claw|p1b: Garchomp
|-resisted|p1b: Garchomp
|-damage|p1b: Garchomp|0 fnt
|-damage|p2a: Sneasler|58/100|[from] ability: Rough Skin|[of] p1b: Garchomp
|faint|p1b: Garchomp
|
|-weather|Sandstorm|[upkeep]
|-damage|p2b: Basculegion|57/100|[from] Sandstorm
|-damage|p2a: Sneasler|52/100|[from] Sandstorm
|-heal|p2b: Basculegion|63/100|[from] Grassy Terrain
|-heal|p2a: Sneasler|58/100|[from] Grassy Terrain
|-heal|p1a: Gholdengo|74/100|[from] Grassy Terrain
|upkeep
|
|t:|1756936071
|switch|p1b: Talonflame|Talonflame, L50, M|100/100
|turn|5
|
|t:|1756936088
|move|p1b: Talonflame|Tailwind|p1b: Talonflame
|-sidestart|p1: Sedrav|move: Tailwind
|move|p1a: Gholdengo|Shadow Ball|p2b: Basculegion
|-damage|p2b: Basculegion|0 fnt
|faint|p2b: Basculegion
|move|p2a: Sneasler|Dire Claw|p1b: Talonflame
|-damage|p1b: Talonflame|38/100
|
|-weather|none
|-heal|p1a: Gholdengo|80/100|[from] Grassy Terrain
|-heal|p2a: Sneasler|64/100|[from] Grassy Terrain
|upkeep
|
|t:|1756936093
|switch|p2b: Ninetales|Ninetales-Alola, L50, M|100/100
|-weather|Snowscape|[from] ability: Snow Warning|[of] p2b: Ninetales
|turn|6
|-message|afkchampion2 forfeited.
|
|win|Sedrav
||afkchampion2 is ready for game 3.
