|j|☆HowDz2
|j|‽officerlugia20
|html|HowDz2officerlugia20    
|uhtml|bestof|Game 1 of a best-of-3
|t:|1784642703
|gametype|doubles
|player|p1|HowDz2|lance|
|player|p2|officerlugia20|170|
|gen|9
|tier|[Gen 9 Champions] VGC 2026 Reg M-B (Bo3)
|rule|Species Clause: Limit one of each Pokémon
|rule|Item Clause: Limit 1 of each item
|clearpoke
|poke|p1|Gengar, L50, F|
|poke|p1|Sableye, L50, M|
|poke|p1|Maushold-Four, L50|
|poke|p1|Rampardos, L50, M|
|poke|p1|Feraligatr, L50, F|
|poke|p1|Scizor, L50, F|
|poke|p2|Sneasler, L50, M|
|poke|p2|Pidgeot, L50, F|
|poke|p2|Zoroark, L50, F|
|poke|p2|Banette, L50, M|
|poke|p2|Espathra, L50, F|
|poke|p2|Kingambit, L50, M|
|teampreview|4
|showteam|p1|Gengar||Gengarite|CursedBody|Protect,PerishSong,Hypnosis,DazzlingGleam|Timid||F|||50|]Sableye||MentalHerb|Prankster|FakeOut,Feint,Gravity,Encore|Impish||M|||50|]Maushold-Four||KingsRock|Technician|AerialAce,PopulationBomb,FollowMe,Protect|Jolly|||||50|]Rampardos||FocusSash|SheerForce|RockSlide,Dig,ZenHeadbutt,Protect|Adamant||M|||50|]Feraligatr||Feraligite|SheerForce|AquaJet,IcePunch,SwordsDance,Protect|Adamant||F|||50|]Scizor||OccaBerry|Technician|Assurance,Protect,SwordsDance,DualWingbeat|Careful||F|||50|
|showteam|p2|Sneasler||LumBerry|Unburden|CloseCombat,ThroatChop,Acrobatics,Protect|Adamant||M|||50|]Pidgeot||Pidgeotite|KeenEye|Hurricane,HeatWave,HyperBeam,Protect|Modest||F|||50|]Zoroark||FocusSash|Illusion|Flamethrower,DarkPulse,Psychic,Protect|Timid||F|||50|]Banette||Banettite|Frisk|Swagger,ShadowSneak,Poltergeist,Taunt|Adamant||M|||50|]Espathra||TwistedSpoon|SpeedBoost|CalmMind,LuminaCrash,BatonPass,Protect|Timid||F|||50|]Kingambit||ChopleBerry|Defiant|KowtowCleave,BrickBreak,SuckerPunch,Protect|Adamant||M|||50|
|inactive|Battle timer is ON: inactive players will automatically lose when time's up. (requested by officerlugia20)
|inactive|HowDz2 has 60 seconds left.
|inactive|officerlugia20 has 60 seconds left.
|inactive|HowDz2 has 30 seconds left.
|inactive|officerlugia20 has 30 seconds left.
|inactive|HowDz2 has 20 seconds left.
|inactive|officerlugia20 has 20 seconds left.
|inactive|HowDz2 has 15 seconds left.
|inactive|officerlugia20 has 15 seconds left.
|inactive|HowDz2 has 10 seconds left.
|inactive|officerlugia20 has 10 seconds left.
|inactive|officerlugia20 has 5 seconds left.
|
|t:|1784642798
|teamsize|p1|4
|teamsize|p2|4
|start
|switch|p1a: Gengar|Gengar, L50, F|100/100
|switch|p1b: Sableye|Sableye, L50, M|100/100
|switch|p2a: Banette|Banette, L50, M|100/100
|switch|p2b: Sneasler|Sneasler, L50, M|100/100
|-item|p1a: Gengar|Gengarite|[from] ability: Frisk|[of] p2a: Banette
|-item|p1b: Sableye|Mental Herb|[from] ability: Frisk|[of] p2a: Banette
|turn|1
|inactive|HowDz2 has 30 seconds left.
|
|t:|1784642826
|detailschange|p1a: Gengar|Gengar-Mega, L50, F
|-mega|p1a: Gengar|Gengar|Gengarite
|detailschange|p2a: Banette|Banette-Mega, L50, M
|-mega|p2a: Banette|Banette|Banettite
|move|p2a: Banette|Taunt|p1a: Gengar
|-start|p1a: Gengar|move: Taunt
|move|p1b: Sableye|Gravity|p1b: Sableye
|-fieldstart|move: Gravity
|move|p1a: Gengar|Dazzling Gleam|p2a: Banette|[spread] p2a,p2b
|-damage|p2a: Banette|76/100
|-damage|p2b: Sneasler|74/100
|move|p2b: Sneasler|Throat Chop|p1b: Sableye
|-damage|p1b: Sableye|71/100
|-start|p1b: Sableye|Throat Chop|[silent]
|
|upkeep
|turn|2
|inactive|HowDz2 has 30 seconds left.
|inactive|HowDz2 has 20 seconds left.
|
|t:|1784642863
|move|p1b: Sableye|Encore|p2a: Banette
|-start|p2a: Banette|Encore
|move|p2a: Banette|Taunt|p1b: Sableye
|-hint|Since gen 7, Dark is immune to Prankster moves.
|-immune|p1b: Sableye
|move|p1a: Gengar|Dazzling Gleam|p2a: Banette|[spread] p2a,p2b
|-damage|p2a: Banette|50/100g
|-damage|p2b: Sneasler|50/100y
|move|p2b: Sneasler|Throat Chop|p1b: Sableye
|-damage|p1b: Sableye|42/100
|
|-end|p1b: Sableye|Throat Chop|[silent]
|upkeep
|turn|3
|inactive|HowDz2 has 30 seconds left.
|
|t:|1784642889
|switch|p2a: Pidgeot|Pidgeot, L50, F|100/100
|move|p1b: Sableye|Feint|p2b: Sneasler
|-damage|p2b: Sneasler|40/100
|move|p1a: Gengar|Dazzling Gleam|p2b: Sneasler|[spread] p2a,p2b
|-supereffective|p2a: Pidgeot|1
|-damage|p2a: Pidgeot|21/100
|-damage|p2b: Sneasler|15/100
|replace|p2a: Zoroark|Zoroark, L50, F
|-end|p2a: Zoroark|Illusion
|move|p2b: Sneasler|Throat Chop|p1b: Sableye
|-damage|p1b: Sableye|10/100
|-start|p1b: Sableye|Throat Chop|[silent]
|
|-end|p1a: Gengar|move: Taunt
|upkeep
|turn|4
|
|t:|1784642911
|move|p2a: Zoroark|Protect|p2a: Zoroark
|-singleturn|p2a: Zoroark|Protect
|move|p1b: Sableye|Feint|p2a: Zoroark
|-activate|p2a: Zoroark|move: Feint
|-damage|p2a: Zoroark|10/100
|move|p1a: Gengar|Dazzling Gleam|p2b: Sneasler|[spread] p2a,p2b
|-supereffective|p2a: Zoroark|1
|-damage|p2a: Zoroark|0 fnt
|-damage|p2b: Sneasler|0 fnt
|faint|p2a: Zoroark
|faint|p2b: Sneasler
|
|-end|p1b: Sableye|Throat Chop|[silent]
|upkeep
|
|t:|1784642916
|switch|p2a: Banette|Banette-Mega, L50, M|50/100g
|switch|p2b: Pidgeot|Pidgeot, L50, F|100/100
|turn|5
|
|t:|1784642927
|move|p1b: Sableye|Feint|p2b: Pidgeot
|-damage|p2b: Pidgeot|90/100
|move|p1a: Gengar|Hypnosis|p2b: Pidgeot
|-status|p2b: Pidgeot|slp|[from] move: Hypnosis
|cant|p2b: Pidgeot|slp
|move|p2a: Banette|Poltergeist|p1a: Gengar
|-activate|p1a: Gengar|move: Poltergeist|Gengarite
|-supereffective|p1a: Gengar|1
|-damage|p1a: Gengar|0 fnt
|faint|p1a: Gengar
|
|-fieldend|move: Gravity
|upkeep
|
|t:|1784642938
|switch|p1a: Rampardos|Rampardos, L50, M|100/100
|turn|6
|
|t:|1784642944
|cant|p2b: Pidgeot|slp
|move|p1b: Sableye|Gravity|p1b: Sableye
|-fieldstart|move: Gravity
|move|p1a: Rampardos|Rock Slide|p2b: Pidgeot|[spread] p2a,p2b
|-supereffective|p2b: Pidgeot|1
|-damage|p2a: Banette|0 fnt
|-damage|p2b: Pidgeot|0 fnt
|faint|p2a: Banette
|faint|p2b: Pidgeot
|
|win|HowDz2
||officerlugia20 is ready for game 2.
