|j|☆IronStandsEternal
|j|☆moicito
|html|IronStandsEternalmoicito    
|uhtml|bestof|Game 1 of a best-of-3
|t:|1756259624
|gametype|doubles
|player|p1|IronStandsEternal|flint|1173
|player|p2|moicito|266|1212
|gen|9
|tier|[Gen 9] VGC 2025 Reg H (Bo3)
|rated|
|rule|Species Clause: Limit one of each Pokémon
|rule|Item Clause: Limit 1 of each item
|clearpoke
|poke|p1|Rillaboom, L50, F|
|poke|p1|Dragonite, L50, F|
|poke|p1|Sneasler, L50, F|
|poke|p1|Ninetales-Alola, L50, M|
|poke|p1|Kingambit, L50, M|
|poke|p1|Magmar, L50, F|
|poke|p2|Kingambit, L50, F|
|poke|p2|Rillaboom, L50, F|
|poke|p2|Electabuzz, L50, M|
|poke|p2|Volcarona, L50, M|
|poke|p2|Sneasler, L50, M|
|poke|p2|Dragonite, L50, M|
|teampreview|4
|showteam|p1|Rillaboom||AssaultVest|GrassySurge|WoodHammer,GrassyGlide,HighHorsepower,FakeOut|||F|||50|,,,,,Fire]Dragonite||LoadedDice|Multiscale|Protect,ScaleShot,LowKick,Haze|||F|||50|,,,,,Fairy]Sneasler||WhiteHerb|Unburden|Protect,DireClaw,CloseCombat,Coaching|||F|||50|,,,,,Ghost]Ninetales-Alola||ChoiceSpecs|SnowWarning|Blizzard,IcyWind,Moonblast,FreezeDry|||M|||50|,,,,,Ghost]Kingambit||SafetyGoggles|Defiant|Protect,KowtowCleave,SuckerPunch,SwordsDance|||M|||50|,,,,,Dark]Magmar||Eviolite|VitalSpirit|Protect,FollowMe,Overheat,WillOWisp|||F|||50|,,,,,Dragon
|showteam|p2|Kingambit||BlackGlasses|Defiant|Protect,KowtowCleave,SuckerPunch,SwordsDance|||F|||50|,,,,,Dark]Rillaboom||AssaultVest|GrassySurge|WoodHammer,GrassyGlide,HighHorsepower,FakeOut|||F|||50|,,,,,Fire]Electabuzz||Eviolite|VitalSpirit|Protect,Thunderbolt,HelpingHand,FollowMe|||M|||50|,,,,,Ghost]Volcarona||CovertCloak|FlameBody|Protect,HeatWave,TeraBlast,QuiverDance|||M|||50|,,,,,Fairy]Sneasler||FocusSash|Unburden|CloseCombat,DireClaw,Coaching,FakeOut|||M|||50|,,,,,Stellar]Dragonite||LoadedDice|Multiscale|ScaleShot,Haze,ExtremeSpeed,Protect|||M|||50|,,,,,Fairy
|inactive|Battle timer is ON: inactive players will automatically lose when time's up. (requested by IronStandsEternal)
|
|t:|1756259671
|teamsize|p1|4
|teamsize|p2|4
|start
|switch|p1a: 90% = 50%|Dragonite, L50, F, shiny|100/100
|switch|p1b: Noah's BFF|Sneasler, L50, F, shiny|100/100
|switch|p2a: Snisli|Sneasler, L50, M|100/100
|switch|p2b: Volkii|Volcarona, L50, M, shiny|100/100
|turn|1
|inactive|IronStandsEternal has 30 seconds left.
|inactive|moicito has 30 seconds left.
|
|t:|1756259699
|move|p2a: Snisli|Fake Out|p1a: 90% = 50%
|-damage|p1a: 90% = 50%|93/100
|move|p1b: Noah's BFF|Dire Claw|p2b: Volkii
|-damage|p2b: Volkii|57/100
|move|p2b: Volkii|Heat Wave|p1b: Noah's BFF|[spread] p1a,p1b
|-resisted|p1a: 90% = 50%
|-crit|p1a: 90% = 50%
|-damage|p1a: 90% = 50%|62/100
|-damage|p1b: Noah's BFF|52/100
|cant|p1a: 90% = 50%|flinch
|
|upkeep
|turn|2
|inactive|IronStandsEternal has 30 seconds left.
|inactive|moicito has 30 seconds left.
|
|t:|1756259729
|move|p2b: Volkii|Protect|p2b: Volkii
|-singleturn|p2b: Volkii|Protect
|move|p1a: 90% = 50%|Protect|p1a: 90% = 50%
|-singleturn|p1a: 90% = 50%|Protect
|move|p1b: Noah's BFF|Dire Claw|p2b: Volkii
|-activate|p2b: Volkii|move: Protect
|move|p2a: Snisli|Dire Claw|p1b: Noah's BFF
|-resisted|p1b: Noah's BFF
|-damage|p1b: Noah's BFF|17/100
|
|upkeep
|turn|3
|inactive|IronStandsEternal has 30 seconds left.
|
|t:|1756259762
|switch|p1b: Kingambling|Kingambit, L50, M, shiny|100/100
|switch|p2b: Kingii|Kingambit, L50, F, shiny|100/100
|-terastallize|p1a: 90% = 50%|Fairy
|move|p2a: Snisli|Dire Claw|p1a: 90% = 50%
|-supereffective|p1a: 90% = 50%
|-damage|p1a: 90% = 50%|0 fnt
|faint|p1a: 90% = 50%
|
|upkeep
|
|t:|1756259777
|switch|p1a: Mogmar|Magmar, L50, F, shiny|100/100
|turn|4
|inactive|moicito has 30 seconds left.
|inactive|moicito has 20 seconds left.
|
|t:|1756259812
|switch|p2a: Volkii|Volcarona, L50, M, shiny|57/100
|move|p1b: Kingambling|Protect|p1b: Kingambling
|-singleturn|p1b: Kingambling|Protect
|move|p1a: Mogmar|Overheat|p2b: Kingii
|-supereffective|p2b: Kingii
|-damage|p2b: Kingii|10/100
|-unboost|p1a: Mogmar|spa|2
|move|p2b: Kingii|Swords Dance|p2b: Kingii
|-boost|p2b: Kingii|atk|2
|
|upkeep
|turn|5
|inactive|IronStandsEternal has 30 seconds left.
|
|t:|1756259841
|move|p2b: Kingii|Protect|p2b: Kingii
|-singleturn|p2b: Kingii|Protect
|move|p1a: Mogmar|Follow Me|p1a: Mogmar
|-singleturn|p1a: Mogmar|move: Follow Me
|move|p1b: Kingambling|Sucker Punch||[still]
|-fail|p1b: Kingambling
|move|p2a: Volkii|Quiver Dance|p2a: Volkii
|-boost|p2a: Volkii|spa|1
|-boost|p2a: Volkii|spd|1
|-boost|p2a: Volkii|spe|1
|
|upkeep
|turn|6
|
|t:|1756259861
|move|p1b: Kingambling|Sucker Punch|p2a: Volkii
|-damage|p2a: Volkii|10/100
|move|p2a: Volkii|Heat Wave|p1b: Kingambling|[spread] p1a,p1b
|-resisted|p1a: Mogmar
|-supereffective|p1b: Kingambling
|-damage|p1a: Mogmar|80/100
|-damage|p1b: Kingambling|0 fnt
|faint|p1b: Kingambling
|move|p1a: Mogmar|Overheat|p2b: Kingii
|-supereffective|p2b: Kingii
|-damage|p2b: Kingii|0 fnt
|-unboost|p1a: Mogmar|spa|2
|faint|p2b: Kingii
|
|upkeep
|
|t:|1756259875
|switch|p2b: Dragii|Dragonite, L50, M|100/100
|switch|p1b: Noah's BFF|Sneasler, L50, F, shiny|17/100
|turn|7
|
|t:|1756259887
|move|p2a: Volkii|Protect|p2a: Volkii
|-singleturn|p2a: Volkii|Protect
|move|p2b: Dragii|Protect|p2b: Dragii
|-singleturn|p2b: Dragii|Protect
|move|p1a: Mogmar|Follow Me|p1a: Mogmar
|-singleturn|p1a: Mogmar|move: Follow Me
|move|p1b: Noah's BFF|Dire Claw|p2a: Volkii
|-activate|p2a: Volkii|move: Protect
|
|upkeep
|turn|8
|inactive|IronStandsEternal has 30 seconds left.
|inactive|IronStandsEternal has 20 seconds left.
|
|t:|1756259926
|move|p1b: Noah's BFF|Protect|p1b: Noah's BFF
|-singleturn|p1b: Noah's BFF|Protect
|move|p2a: Volkii|Heat Wave|p1b: Noah's BFF|[spread] p1a
|-activate|p1b: Noah's BFF|move: Protect
|-resisted|p1a: Mogmar
|-damage|p1a: Mogmar|59/100
|move|p1a: Mogmar|Overheat|p2a: Volkii
|-damage|p2a: Volkii|0 fnt
|-unboost|p1a: Mogmar|spa|2
|faint|p2a: Volkii
|move|p2b: Dragii|Scale Shot|p1a: Mogmar
|-damage|p1a: Mogmar|44/100
|-crit|p1a: Mogmar
|-damage|p1a: Mogmar|23/100
|-damage|p1a: Mogmar|10/100
|-damage|p1a: Mogmar|0 fnt
|faint|p1a: Mogmar
|-hitcount|p1: Mogmar|4
|-unboost|p2b: Dragii|def|1
|-boost|p2b: Dragii|spe|1
|
|upkeep
|
|t:|1756259946
|switch|p2a: Snisli|Sneasler, L50, M|100/100
|turn|9
|
|t:|1756259952
|move|p2a: Snisli|Fake Out|p1b: Noah's BFF
|-damage|p1b: Noah's BFF|0 fnt
|faint|p1b: Noah's BFF
|
|win|moicito
||moicito is ready for game 2.
||IronStandsEternal is ready for game 2.
|uhtml|next|Next: Game 2 of 3
|l|☆IronStandsEternal
|player|p1|
