|j|☆veryreally
|j|☆Nearshort
|html|veryreallyNearshort    
|uhtml|bestof|Game 1 of a best-of-3
|t:|1757853578
|gametype|doubles
|player|p1|veryreally|2|1126
|player|p2|Nearshort|birdkeeper-gen4dp|1180
|gen|9
|tier|[Gen 9] VGC 2025 Reg H (Bo3)
|rated|
|rule|Species Clause: Limit one of each Pokémon
|rule|Item Clause: Limit 1 of each item
|clearpoke
|poke|p1|Baxcalibur, L50, F|
|poke|p1|Dondozo, L50, M|
|poke|p1|Kingambit, L50, M|
|poke|p1|Rillaboom, L50, M|
|poke|p1|Sneasler, L50, F|
|poke|p1|Volcarona, L50, M|
|poke|p2|Tyranitar, L50, F|
|poke|p2|Orthworm, L50, M|
|poke|p2|Garchomp, L50, M|
|poke|p2|Amoonguss, L50, F|
|poke|p2|Indeedee-F, L50, F|
|poke|p2|Armarouge, L50, F|
|teampreview|4
|showteam|p1|Baxcalibur||LoadedDice|ThermalExchange|IcicleSpear,ScaleShot,Protect,IceShard|||F|||50|,,,,,Ghost]Dondozo||Leftovers|Unaware|Liquidation,Fissure,Protect,Yawn|||M|||50|,,,,,Bug]Kingambit||SafetyGoggles|Defiant|KowtowCleave,SuckerPunch,Protect,SwordsDance|||M|||50|,,,,,Dark]Rillaboom||AssaultVest|GrassySurge|FakeOut,GrassyGlide,HighHorsepower,WoodHammer|||M|||50|,,,,,Water]Sneasler||FocusSash|Unburden|DireClaw,CloseCombat,Protect,Coaching|||F|||50|,,,,,Stellar]Volcarona||CovertCloak|FlameBody|HeatWave,TeraBlast,RagePowder,QuiverDance|||M|||50|,,,,,Fairy
|showteam|p2|Tyranitar||AssaultVest|SandStream|RockSlide,LowKick,TeraBlast,KnockOff|||F|||50|,,,,,Flying]Orthworm||SitrusBerry|EarthEater|ShedTail,RockBlast,HelpingHand,Protect|||M|||50|,,,,,Poison]Garchomp||ClearAmulet|SandVeil|ScaleShot,Protect,Earthquake,RockSlide|||M|||50|,,,,,Water]Amoonguss||RockyHelmet|Regenerator|RagePowder,Protect,ClearSmog,Spore|||F|||50|,,,,,Water]Indeedee-F||SafetyGoggles|PsychicSurge|FollowMe,Psychic,Protect,TrickRoom|||F|||50|,,,,,Fairy]Armarouge||PowerHerb|WeakArmor|ExpandingForce,HeatWave,Protect,MeteorBeam|||F|||50|,,,,,Grass
|inactive|Battle timer is ON: inactive players will automatically lose when time's up. (requested by veryreally)
|inactive|veryreally has 60 seconds left.
|
|t:|1757853644
|teamsize|p1|4
|teamsize|p2|4
|start
|switch|p1a: Sneasler|Sneasler, L50, F|100/100
|switch|p1b: Baxcalibur|Baxcalibur, L50, F|100/100
|switch|p2a: Indeedee|Indeedee-F, L50, F|100/100
|switch|p2b: Orthworm|Orthworm, L50, M|100/100
|-fieldstart|move: Psychic Terrain|[from] ability: Psychic Surge|[of] p2a: Indeedee
|turn|1
|
|t:|1757853660
|move|p2a: Indeedee|Follow Me|p2a: Indeedee
|-singleturn|p2a: Indeedee|move: Follow Me
|move|p1a: Sneasler|Close Combat|p2a: Indeedee
|-damage|p2a: Indeedee|41/100
|-unboost|p1a: Sneasler|def|1
|-unboost|p1a: Sneasler|spd|1
|move|p1b: Baxcalibur|Icicle Spear|p2a: Indeedee
|-damage|p2a: Indeedee|26/100
|-damage|p2a: Indeedee|12/100
|-damage|p2a: Indeedee|0 fnt
|faint|p2a: Indeedee
|-hitcount|p2: Indeedee|3
|move|p2b: Orthworm|Shed Tail|p2b: Orthworm
|-start|p2b: Orthworm|Substitute|[from] move: Shed Tail
|-damage|p2b: Orthworm|50/100
|-enditem|p2b: Orthworm|Sitrus Berry|[eat]
|-heal|p2b: Orthworm|75/100|[from] item: Sitrus Berry
|
|t:|1757853672
|switch|p2b: Garchomp|Garchomp, L50, M|100/100|[from] Shed Tail
|
|upkeep
|
|t:|1757853683
|switch|p2a: Tyranitar|Tyranitar, L50, F|100/100
|-weather|Sandstorm|[from] ability: Sand Stream|[of] p2a: Tyranitar
|turn|2
|
|t:|1757853701
|switch|p2a: Orthworm|Orthworm, L50, M|75/100
|-terastallize|p2b: Garchomp|Water
|move|p1a: Sneasler|Protect|p1a: Sneasler
|-singleturn|p1a: Sneasler|Protect
|move|p1b: Baxcalibur|Protect|p1b: Baxcalibur
|-singleturn|p1b: Baxcalibur|Protect
|move|p2b: Garchomp|Scale Shot|p1a: Sneasler
|-activate|p1a: Sneasler|move: Protect
|
|-weather|Sandstorm|[upkeep]
|-damage|p1a: Sneasler|95/100|[from] Sandstorm
|-damage|p1b: Baxcalibur|94/100|[from] Sandstorm
|upkeep
|turn|3
|inactive|Nearshort has 30 seconds left.
|
|t:|1757853731
|switch|p1a: Rillaboom|Rillaboom, L50, M|100/100
|-fieldstart|move: Grassy Terrain|[from] ability: Grassy Surge|[of] p1a: Rillaboom
|-terastallize|p1b: Baxcalibur|Ghost
|move|p2a: Orthworm|Helping Hand|p2b: Garchomp
|-singleturn|p2b: Garchomp|Helping Hand|[of] p2a: Orthworm
|move|p2b: Garchomp|Scale Shot|p1b: Baxcalibur
|-damage|p1b: Baxcalibur|74/100
|-damage|p1b: Baxcalibur|53/100
|-damage|p1b: Baxcalibur|33/100
|-damage|p1b: Baxcalibur|9/100
|-hitcount|p1b: Baxcalibur|4
|-unboost|p2b: Garchomp|def|1
|-boost|p2b: Garchomp|spe|1
|move|p1b: Baxcalibur|Scale Shot|p2b: Garchomp
|-end|p2b: Garchomp|Substitute
|-damage|p2b: Garchomp|76/100
|-damage|p2b: Garchomp|52/100
|-damage|p2b: Garchomp|29/100
|-hitcount|p2b: Garchomp|4
|-unboost|p1b: Baxcalibur|def|1
|-boost|p1b: Baxcalibur|spe|1
|
|-weather|Sandstorm|[upkeep]
|-damage|p1b: Baxcalibur|3/100|[from] Sandstorm
|-damage|p1a: Rillaboom|94/100|[from] Sandstorm
|-heal|p2b: Garchomp|35/100|[from] Grassy Terrain
|-heal|p1b: Baxcalibur|9/100|[from] Grassy Terrain
|-heal|p1a: Rillaboom|100/100|[from] Grassy Terrain
|-heal|p2a: Orthworm|81/100|[from] Grassy Terrain
|upkeep
|turn|4
|inactive|veryreally has 30 seconds left.
|inactive|Nearshort has 30 seconds left.
|
|t:|1757853759
|move|p2b: Garchomp|Protect|p2b: Garchomp
|-singleturn|p2b: Garchomp|Protect
|move|p1a: Rillaboom|Grassy Glide|p2b: Garchomp
|-activate|p2b: Garchomp|move: Protect
|move|p1b: Baxcalibur|Icicle Spear|p2a: Orthworm
|-resisted|p2a: Orthworm
|-damage|p2a: Orthworm|75/100
|-resisted|p2a: Orthworm
|-damage|p2a: Orthworm|70/100
|-resisted|p2a: Orthworm
|-damage|p2a: Orthworm|64/100
|-resisted|p2a: Orthworm
|-damage|p2a: Orthworm|58/100
|-resisted|p2a: Orthworm
|-damage|p2a: Orthworm|51/100
|-hitcount|p2a: Orthworm|5
|move|p2a: Orthworm|Rock Blast|p1b: Baxcalibur
|-damage|p1b: Baxcalibur|0 fnt
|faint|p1b: Baxcalibur
|-hitcount|p1: Baxcalibur|1
|
|-weather|Sandstorm|[upkeep]
|-damage|p1a: Rillaboom|94/100|[from] Sandstorm
|-heal|p2b: Garchomp|41/100|[from] Grassy Terrain
|-heal|p1a: Rillaboom|100/100|[from] Grassy Terrain
|-heal|p2a: Orthworm|58/100|[from] Grassy Terrain
|upkeep
|
|t:|1757853777
|switch|p1b: Sneasler|Sneasler, L50, F|95/100
|turn|5
|
|t:|1757853784
|switch|p2b: Tyranitar|Tyranitar, L50, F|100/100
|move|p1a: Rillaboom|Grassy Glide|p2b: Tyranitar
|-supereffective|p2b: Tyranitar
|-damage|p2b: Tyranitar|43/100
|move|p1b: Sneasler|Close Combat|p2a: Orthworm
|-supereffective|p2a: Orthworm
|-damage|p2a: Orthworm|0 fnt
|-unboost|p1b: Sneasler|def|1
|-unboost|p1b: Sneasler|spd|1
|faint|p2a: Orthworm
|
|-weather|Sandstorm|[upkeep]
|-damage|p1b: Sneasler|89/100|[from] Sandstorm
|-damage|p1a: Rillaboom|94/100|[from] Sandstorm
|-heal|p1b: Sneasler|95/100|[from] Grassy Terrain
|-heal|p1a: Rillaboom|100/100|[from] Grassy Terrain
|-heal|p2b: Tyranitar|49/100|[from] Grassy Terrain
|upkeep
|
|t:|1757853792
|switch|p2a: Garchomp|Garchomp, L50, M, tera:Water|41/100
|turn|6
|
|t:|1757853801
|move|p1a: Rillaboom|Grassy Glide|p2a: Garchomp
|-supereffective|p2a: Garchomp
|-damage|p2a: Garchomp|0 fnt
|faint|p2a: Garchomp
|move|p1b: Sneasler|Close Combat|p2b: Tyranitar
|-supereffective|p2b: Tyranitar
|-damage|p2b: Tyranitar|0 fnt
|-unboost|p1b: Sneasler|def|1
|-unboost|p1b: Sneasler|spd|1
|faint|p2b: Tyranitar
|
|win|veryreally
||Nearshort is ready for game 2.
|raw|veryreally's rating: 1126 → 1155(+29 for winning)
|raw|Nearshort's rating: 1180 → 1151(-29 for losing)
|l|☆veryreally
|player|p1|
