|j|☆Jirachi548
|j|☆ahollowxx
|html|Jirachi548ahollowxx    
|uhtml|bestof|Game 2 of a best-of-3
|t:|1784889549
|gametype|doubles
|player|p1|Jirachi548|serena-anime|
|player|p2|ahollowxx|veteranf|
|gen|9
|tier|[Gen 9 Champions] VGC 2026 Reg M-B (Bo3)
|rule|Species Clause: Limit one of each Pokémon
|rule|Item Clause: Limit 1 of each item
|clearpoke
|poke|p1|Kingambit, L50, M|
|poke|p1|Primarina, L50, M|
|poke|p1|Farigiraf, L50, F|
|poke|p1|Pidgeot, L50, M|
|poke|p1|Kangaskhan, L50, F|
|poke|p1|Garchomp, L50, M|
|poke|p2|Basculegion, L50, M|
|poke|p2|Glimmora, L50, F|
|poke|p2|Staraptor, L50, F|
|poke|p2|Whimsicott, L50, F|
|poke|p2|Toxapex, L50, F|
|poke|p2|Kingambit, L50, F|
|teampreview|4
|showteam|p1|Kingambit||BlackGlasses|Defiant|KowtowCleave,IronHead,SuckerPunch,Protect|Brave||M|||50|]Primarina||LifeOrb|LiquidVoice|HyperVoice,DazzlingGleam,Moonblast,Protect|Quiet||M|||50|]Farigiraf||SitrusBerry|ArmorTail|Psychic,Thunderbolt,TrickRoom,Protect|Quiet||F|||50|]Pidgeot||Pidgeotite|KeenEye|Hurricane,HeatWave,Tailwind,Protect|Timid||M|||50|]Kangaskhan||SilkScarf|Scrappy|FakeOut,LastResort|Adamant||F|||50|]Garchomp||RoseliBerry|RoughSkin|Earthquake,DragonClaw,SwordsDance,Protect|Jolly||M|||50|
|showteam|p2|Basculegion||ChoiceScarf|Adaptability|AquaJet,LastRespects,WaveCrash,FlipTurn|Adamant||M|||50|]Glimmora||LifeOrb|ToxicDebris|PowerGem,EarthPower,SpikyShield,SludgeBomb|Timid||F|||50|]Staraptor||Staraptite|Intimidate|BraveBird,CloseCombat,Protect,Roost|Jolly||F|||50|]Whimsicott||FocusSash|Prankster|Moonblast,Tailwind,Protect,Encore|Timid||F|||50|]Toxapex||Leftovers|Regenerator|BanefulBunker,Infestation,Toxic,WideGuard|Bold||F|||50|]Kingambit||ChopleBerry|Defiant|SuckerPunch,KowtowCleave,Protect,IronHead|Adamant||F|||50|
|inactive|Battle timer is ON: inactive players will automatically lose when time's up. (requested by ahollowxx)
|j| kommander
|l| kommander
|inactive|Jirachi548 has 60 seconds left.
|j| kommander
|inactive|Jirachi548 has 30 seconds left.
|
|t:|1784889619
|teamsize|p1|4
|teamsize|p2|4
|start
|switch|p1a: Kangaskhan|Kangaskhan, L50, F|100/100
|switch|p1b: Garchomp|Garchomp, L50, M|100/100
|switch|p2a: Glimmora|Glimmora, L50, F|100/100
|switch|p2b: Whimsicott|Whimsicott, L50, F|100/100
|turn|1
|inactive|Jirachi548 has 30 seconds left.
|
|t:|1784889651
|switch|p1a: Spitfire|Pidgeot, L50, M|100/100
|move|p2b: Whimsicott|Protect|p2b: Whimsicott
|-singleturn|p2b: Whimsicott|Protect
|move|p2a: Glimmora|Spiky Shield|p2a: Glimmora
|-singleturn|p2a: Glimmora|move: Protect
|move|p1b: Garchomp|Earthquake|p2b: Whimsicott|[spread] 
|-activate|p2a: Glimmora|move: Protect
|-activate|p2b: Whimsicott|move: Protect
|-immune|p1a: Spitfire
|
|upkeep
|turn|2
|inactive|Jirachi548 has 30 seconds left.
|
|t:|1784889685
|detailschange|p1a: Spitfire|Pidgeot-Mega, L50, M
|-mega|p1a: Spitfire|Pidgeot|Pidgeotite
|move|p1a: Spitfire|Protect|p1a: Spitfire
|-singleturn|p1a: Spitfire|Protect
|move|p2b: Whimsicott|Moonblast|p1b: Garchomp
|-supereffective|p1b: Garchomp|1
|-enditem|p1b: Garchomp|Roseli Berry|[eat]
|-enditem|p1b: Garchomp|Roseli Berry|[weaken]
|-damage|p1b: Garchomp|61/100
|move|p1b: Garchomp|Earthquake|p2b: Whimsicott|[spread] p2a,p2b
|-activate|p1a: Spitfire|move: Protect
|-supereffective|p2a: Glimmora|2
|-resisted|p2b: Whimsicott|1
|-damage|p2a: Glimmora|0 fnt
|-damage|p2b: Whimsicott|71/100
|-activate|p2a: Glimmora|ability: Toxic Debris
|-sidestart|p1: Jirachi548|move: Toxic Spikes
|faint|p2a: Glimmora
|
|upkeep
|
|t:|1784889695
|switch|p2a: Staraptor|Staraptor, L50, F|100/100
|-ability|p2a: Staraptor|Intimidate|boost
|-unboost|p1a: Spitfire|atk|1
|-unboost|p1b: Garchomp|atk|1
|turn|3
|
|t:|1784889709
|switch|p1a: Kangaskhan|Kangaskhan, L50, F|100/100
|-status|p1a: Kangaskhan|psn
|switch|p1b: Patrick|Primarina, L50, M|100/100
|-status|p1b: Patrick|psn
|detailschange|p2a: Staraptor|Staraptor-Mega, L50, F
|-mega|p2a: Staraptor|Staraptor|Staraptite
|move|p2b: Whimsicott|Encore||[still]
|-fail|p2b: Whimsicott
|move|p2a: Staraptor|Close Combat|p1b: Patrick
|-resisted|p1b: Patrick|1
|-damage|p1b: Patrick|60/100 psn
|-boost|p2a: Staraptor|def|1
|-boost|p2a: Staraptor|spd|1
|
|-damage|p1a: Kangaskhan|87/100 psn|[from] psn
|-damage|p1b: Patrick|47/100 psn|[from] psn
|upkeep
|turn|4
|inactive|Jirachi548 has 30 seconds left.
|inactive|Jirachi548 has 20 seconds left.
|
|t:|1784889744
|move|p2b: Whimsicott|Protect|p2b: Whimsicott
|-singleturn|p2b: Whimsicott|Protect
|move|p2a: Staraptor|Protect|p2a: Staraptor
|-singleturn|p2a: Staraptor|Protect
|move|p1a: Kangaskhan|Fake Out|p2a: Staraptor
|-activate|p2a: Staraptor|move: Protect
|move|p1b: Patrick|Moonblast|p2b: Whimsicott
|-activate|p2b: Whimsicott|move: Protect
|
|-damage|p1a: Kangaskhan|75/100 psn|[from] psn
|-damage|p1b: Patrick|35/100 psn|[from] psn
|upkeep
|turn|5
|
|t:|1784889761
|move|p1b: Patrick|Protect|p1b: Patrick
|-singleturn|p1b: Patrick|Protect
|move|p2b: Whimsicott|Encore|p1a: Kangaskhan
|-start|p1a: Kangaskhan|Encore
|move|p1a: Kangaskhan|Fake Out||[still]
|-hint|Fake Out only works on your first turn out.
|-fail|p1a: Kangaskhan
|move|p2a: Staraptor|Close Combat|p1b: Patrick
|-activate|p1b: Patrick|move: Protect
|
|-damage|p1a: Kangaskhan|63/100 psn|[from] psn
|-damage|p1b: Patrick|23/100 psn|[from] psn
|upkeep
|turn|6
|
|t:|1784889773
|switch|p1a: Spitfire|Pidgeot-Mega, L50, M|100/100
|move|p2b: Whimsicott|Encore|p1b: Patrick
|-start|p1b: Patrick|Encore
|move|p1b: Patrick|Protect||[still]
|-fail|p1b: Patrick
|move|p2a: Staraptor|Brave Bird|p1a: Spitfire
|-damage|p1a: Spitfire|16/100
|-damage|p2a: Staraptor|72/100|[from] Recoil
|
|-damage|p1b: Patrick|11/100 psn|[from] psn
|upkeep
|turn|7
|
|t:|1784889796
|switch|p1b: Kangaskhan|Kangaskhan, L50, F|63/100 psn
|move|p2b: Whimsicott|Tailwind|p2b: Whimsicott
|-sidestart|p2: ahollowxx|move: Tailwind
|move|p2a: Staraptor|Close Combat|p1a: Spitfire
|-damage|p1a: Spitfire|0 fnt
|-boost|p2a: Staraptor|def|1
|-boost|p2a: Staraptor|spd|1
|faint|p1a: Spitfire
|
|-damage|p1b: Kangaskhan|51/100 psn|[from] psn
|upkeep
|
|t:|1784889802
|switch|p1a: Garchomp|Garchomp, L50, M|61/100
|-status|p1a: Garchomp|psn
|turn|8
|
|t:|1784889810
|move|p1b: Kangaskhan|Fake Out|p2b: Whimsicott
|-damage|p2b: Whimsicott|39/100
|cant|p2b: Whimsicott|flinch
|move|p2a: Staraptor|Close Combat|p1a: Garchomp
|-damage|p1a: Garchomp|0 fnt
|-boost|p2a: Staraptor|def|1
|-boost|p2a: Staraptor|spd|1
|-damage|p2a: Staraptor|60/100|[from] ability: Rough Skin|[of] p1a: Garchomp
|faint|p1a: Garchomp
|
|-damage|p1b: Kangaskhan|39/100 psn|[from] psn
|upkeep
|
|t:|1784889812
|switch|p1a: Patrick|Primarina, L50, M|11/100 psn
|turn|9
|
|t:|1784889818
|move|p2b: Whimsicott|Encore|p1b: Kangaskhan
|-start|p1b: Kangaskhan|Encore
|move|p1b: Kangaskhan|Fake Out||[still]
|-hint|Fake Out only works on your first turn out.
|-fail|p1b: Kangaskhan
|move|p2a: Staraptor|Close Combat|p1a: Patrick
|-resisted|p1a: Patrick|1
|-damage|p1a: Patrick|0 fnt
|-boost|p2a: Staraptor|def|1
|-boost|p2a: Staraptor|spd|1
|faint|p1a: Patrick
|
|-damage|p1b: Kangaskhan|27/100 psn|[from] psn
|upkeep
|turn|10
|c|☆ahollowxx|gg
|l| kommander
|c|☆Jirachi548|gg
|c|☆Jirachi548|I played so shit
|inactive|Jirachi548 has 30 seconds left.
|
|t:|1784889845
|move|p2b: Whimsicott|Moonblast|p1b: Kangaskhan
|-damage|p1b: Kangaskhan|0 fnt
|faint|p1b: Kangaskhan
|
|win|ahollowxx
|l|☆Jirachi548
|player|p1|
|j| kommander
