|j|☆ThunderSt0n3
|j|☆kokomiiiii
|html|ThunderSt0n3kokomiiiii    
|uhtml|bestof|Game 1 of a best-of-3
|t:|1757829562
|gametype|doubles
|player|p1|ThunderSt0n3|pokemaniac|1040
|player|p2|kokomiiiii|lillie-masters|1046
|gen|9
|tier|[Gen 9] VGC 2025 Reg H (Bo3)
|rated|
|rule|Species Clause: Limit one of each Pokémon
|rule|Item Clause: Limit 1 of each item
|clearpoke
|poke|p1|Lilligant-Hisui, L50, F|
|poke|p1|Hatterene, L50, F|
|poke|p1|Ursaluna, L50, F|
|poke|p1|Indeedee-F, L50, F|
|poke|p1|Torkoal, L50, F|
|poke|p1|Gallade, L50, M|
|poke|p2|Gholdengo, L50|
|poke|p2|Ursaluna, L50, F|
|poke|p2|Dragonite, L50, M|
|poke|p2|Porygon2, L50|
|poke|p2|Incineroar, L50, M|
|poke|p2|Amoonguss, L50, M|
|teampreview|4
|showteam|p1|Lilligant-Hisui||FocusSash|Chlorophyll|TripleAxel,AfterYou,CloseCombat,SleepPowder|||F|||50|,,,,,Ghost]Hatterene||CovertCloak|MagicBounce|DazzlingGleam,ExpandingForce,TrickRoom,MysticalFire|||F|||50|,,,,,Fire]Ursaluna||FlameOrb|Guts|Facade,HeadlongRush,Earthquake,Protect|||F|||50|,,,,,Ghost]Indeedee-F||PsychicSeed|PsychicSurge|Psychic,TrickRoom,HelpingHand,FollowMe|||F|||50|,,,,,Dragon]Torkoal||FlamePlate|Drought|Eruption,WeatherBall,HeatWave,Protect|||F|||50|,,,,,Fire]Gallade||ClearAmulet|Sharpness|PsychoCut,SacredSword,TrickRoom,WideGuard|||M|||50|,,,,,Grass
|showteam|p2|Gholdengo||LifeOrb|GoodasGold|MakeItRain,ShadowBall,NastyPlot,Protect||||||50|,,,,,Water]Ursaluna||FlameOrb|Guts|HeadlongRush,Facade,Earthquake,Protect|||F|||50|,,,,,Ghost]Dragonite||LoadedDice|Multiscale|ScaleShot,Haze,Tailwind,Protect|||M|||50|,,,,,Fairy]Porygon2||Eviolite|Download|IceBeam,TeraBlast,TrickRoom,Recover||||||50|,,,,,Fighting]Incineroar||SafetyGoggles|Intimidate|FakeOut,KnockOff,FlareBlitz,PartingShot|||M|||50|,,,,,Ghost]Amoonguss||SitrusBerry|Regenerator|RagePowder,PollenPuff,Spore,Protect|||M|||50|,,,,,Water
|inactive|Battle timer is ON: inactive players will automatically lose when time's up. (requested by ThunderSt0n3)
|inactive|kokomiiiii has 60 seconds left.
|
|t:|1757829601
|teamsize|p1|4
|teamsize|p2|4
|start
|switch|p1a: Hatterene|Hatterene, L50, F|100/100
|switch|p1b: Ursaluna|Ursaluna, L50, F|100/100
|switch|p2a: da king|Gholdengo, L50|100/100
|switch|p2b: Midcineroar|Incineroar, L50, M, shiny|100/100
|-ability|p2b: Midcineroar|Intimidate|boost
|-unboost|p1a: Hatterene|atk|1
|-unboost|p1b: Ursaluna|atk|1
|turn|1
|inactive|ThunderSt0n3 has 30 seconds left.
|inactive|kokomiiiii has 30 seconds left.
|
|t:|1757829639
|-terastallize|p1a: Hatterene|Fire
|move|p1b: Ursaluna|Protect|p1b: Ursaluna
|-singleturn|p1b: Ursaluna|Protect
|move|p2a: da king|Shadow Ball|p1a: Hatterene
|-damage|p1a: Hatterene|50/100
|-damage|p2a: da king|91/100|[from] item: Life Orb
|move|p2b: Midcineroar|Knock Off|p1a: Hatterene
|-damage|p1a: Hatterene|10/100
|-enditem|p1a: Hatterene|Covert Cloak|[from] move: Knock Off|[of] p2b: Midcineroar
|move|p1a: Hatterene|Trick Room|p1a: Hatterene
|-fieldstart|move: Trick Room|[of] p1a: Hatterene
|
|-status|p1b: Ursaluna|brn|[from] item: Flame Orb
|upkeep
|turn|2
|inactive|kokomiiiii has 30 seconds left.
|
|t:|1757829667
|-terastallize|p2b: Midcineroar|Ghost
|move|p1a: Hatterene|Mystical Fire|p2a: da king
|-supereffective|p2a: da king
|-damage|p2a: da king|0 fnt
|faint|p2a: da king
|move|p1b: Ursaluna|Headlong Rush|p2b: Midcineroar
|-damage|p2b: Midcineroar|24/100
|-unboost|p1b: Ursaluna|def|1
|-unboost|p1b: Ursaluna|spd|1
|move|p2b: Midcineroar|Parting Shot|p1b: Ursaluna
|-unboost|p1b: Ursaluna|atk|1
|-unboost|p1b: Ursaluna|spa|1
|
|t:|1757829675
|switch|p2b: bam|Ursaluna, L50, F, shiny|100/100|[from] Parting Shot
|
|-damage|p1b: Ursaluna|95/100 brn|[from] brn
|-status|p2b: bam|brn|[from] item: Flame Orb
|upkeep
|
|t:|1757829679
|switch|p2a: SHROOMSSSS|Amoonguss, L50, M, shiny|100/100
|turn|3
|
|t:|1757829703
|switch|p2a: Midcineroar|Incineroar, L50, M, shiny, tera:Ghost|24/100
|-ability|p2a: Midcineroar|Intimidate|boost
|-unboost|p1a: Hatterene|atk|1
|-unboost|p1b: Ursaluna|atk|1
|move|p1b: Ursaluna|Protect|p1b: Ursaluna
|-singleturn|p1b: Ursaluna|Protect
|move|p1a: Hatterene|Expanding Force|p2a: Midcineroar
|-damage|p2a: Midcineroar|0 fnt
|faint|p2a: Midcineroar
|move|p2b: bam|Earthquake|p1a: Hatterene|[spread] p1a
|-activate|p1b: Ursaluna|move: Protect
|-supereffective|p1a: Hatterene
|-damage|p1a: Hatterene|0 fnt
|faint|p1a: Hatterene
|
|-damage|p1b: Ursaluna|89/100 brn|[from] brn
|-damage|p2b: bam|95/100 brn|[from] brn
|upkeep
|
|t:|1757829715
|switch|p1a: Indeedee|Indeedee-F, L50, F|100/100
|switch|p2a: SHROOMSSSS|Amoonguss, L50, M, shiny|100/100
|-fieldstart|move: Psychic Terrain|[from] ability: Psychic Surge|[of] p1a: Indeedee
|-enditem|p1a: Indeedee|Psychic Seed
|-boost|p1a: Indeedee|spd|1|[from] item: Psychic Seed
|turn|4
|
|t:|1757829738
|switch|p1b: Torkoal|Torkoal, L50, F|100/100
|-weather|SunnyDay|[from] ability: Drought|[of] p1b: Torkoal
|move|p1a: Indeedee|Follow Me|p1a: Indeedee
|-singleturn|p1a: Indeedee|move: Follow Me
|move|p2a: SHROOMSSSS|Pollen Puff|p1a: Indeedee
|-supereffective|p1a: Indeedee
|-damage|p1a: Indeedee|77/100
|move|p2b: bam|Facade|p1a: Indeedee
|-damage|p1a: Indeedee|0 fnt
|faint|p1a: Indeedee
|
|-weather|SunnyDay|[upkeep]
|-damage|p2b: bam|89/100 brn|[from] brn
|upkeep
|
|t:|1757829751
|switch|p1a: Ursaluna|Ursaluna, L50, F|89/100 brn
|turn|5
|
|t:|1757829760
|move|p2a: SHROOMSSSS|Protect|p2a: SHROOMSSSS
|-singleturn|p2a: SHROOMSSSS|Protect
|move|p2b: bam|Protect|p2b: bam
|-singleturn|p2b: bam|Protect
|move|p1b: Torkoal|Eruption|p2b: bam|[spread] 
|-activate|p2a: SHROOMSSSS|move: Protect
|-activate|p2b: bam|move: Protect
|move|p1a: Ursaluna|Facade|p2b: bam
|-activate|p2b: bam|move: Protect
|
|-weather|SunnyDay|[upkeep]
|-damage|p1a: Ursaluna|83/100 brn|[from] brn
|-damage|p2b: bam|83/100 brn|[from] brn
|-fieldend|move: Trick Room
|upkeep
|turn|6
|
|t:|1757829785
|move|p1b: Torkoal|Protect|p1b: Torkoal
|-singleturn|p1b: Torkoal|Protect
|move|p2b: bam|Facade|p1a: Ursaluna
|-damage|p1a: Ursaluna|0 fnt
|faint|p1a: Ursaluna
|move|p2a: SHROOMSSSS|Spore|p1b: Torkoal
|-activate|p1b: Torkoal|move: Protect
|
|-weather|SunnyDay|[upkeep]
|-damage|p2b: bam|77/100 brn|[from] brn
|upkeep
|turn|7
|
|t:|1757829796
|move|p2b: bam|Facade|p1b: Torkoal
|-damage|p1b: Torkoal|0 fnt
|faint|p1b: Torkoal
|
|win|kokomiiiii
