|j|☆TeyOnTheRox
|j|☆Bread2468
|html|TeyOnTheRoxBread2468    
|uhtml|bestof|Game 2 of a best-of-3
|t:|1757735907
|gametype|doubles
|player|p1|TeyOnTheRox|benga|1182
|player|p2|Bread2468|266|1195
|gen|9
|tier|[Gen 9] VGC 2025 Reg H (Bo3)
|rated|
|rule|Species Clause: Limit one of each Pokémon
|rule|Item Clause: Limit 1 of each item
|clearpoke
|poke|p1|Tyranitar, L50, M|
|poke|p1|Excadrill, L50, M|
|poke|p1|Sneasler, L50, F|
|poke|p1|Indeedee, L50, M|
|poke|p1|Corviknight, L50, M|
|poke|p1|Annihilape, L50, F|
|poke|p2|Gholdengo, L50|
|poke|p2|Amoonguss, L50, F|
|poke|p2|Basculegion, L50, M|
|poke|p2|Pelipper, L50, M|
|poke|p2|Incineroar, L50, M|
|poke|p2|Archaludon, L50, M|
|teampreview|4
|showteam|p1|Tyranitar||AssaultVest|SandStream|RockSlide,KnockOff,TeraBlast,LowKick|||M|||50|,,,,,Flying]Excadrill||FocusSash|SandRush|IronHead,HighHorsepower,Earthquake,Protect|||M|||50|,,,,,Stellar]Sneasler||PsychicSeed|Unburden|DireClaw,CloseCombat,ThroatChop,Protect|||F|||50|,,,,,Dark]Indeedee||ChoiceScarf|PsychicSurge|ExpandingForce,TeraBlast,Protect,Trick|||M|||50|,,,,,Psychic]Corviknight||Leftovers|MirrorArmor|BraveBird,BulkUp,Roost,Tailwind|||M|||50|,,,,,Dragon]Annihilape||SafetyGoggles|Defiant|CloseCombat,FinalGambit,RageFist,Taunt|||F|||50|,,,,,Water
|showteam|p2|Gholdengo||LifeOrb|GoodasGold|MakeItRain,ShadowBall,NastyPlot,Protect||||||50|,,,,,Water]Amoonguss||SitrusBerry|Regenerator|Spore,RagePowder,SludgeBomb,Protect|||F|||50|,,,,,Fairy]Basculegion||ChoiceBand|SwiftSwim|WaveCrash,FlipTurn,LastRespects,AquaJet|||M|||50|,,,,,Water]Pelipper||FocusSash|Drizzle|WeatherBall,Hurricane,Tailwind,Protect|||M|||50|,,,,,Ground]Incineroar||SafetyGoggles|Intimidate|FlareBlitz,KnockOff,PartingShot,FakeOut|||M|||50|,,,,,Ghost]Archaludon||AssaultVest|Stamina|ElectroShot,FlashCannon,DragonPulse,BodyPress|||M|||50|,,,,,Bug
|inactive|Battle timer is ON: inactive players will automatically lose when time's up. (requested by Bread2468)
|
|t:|1757735925
|teamsize|p1|4
|teamsize|p2|4
|start
|switch|p1a: Cars I|Indeedee, L50, M, shiny|100/100
|switch|p1b: Cachiiga|Annihilape, L50, F|100/100
|switch|p2a: Amoonguss|Amoonguss, L50, F|100/100
|switch|p2b: Gholdengo|Gholdengo, L50|100/100
|-fieldstart|move: Psychic Terrain|[from] ability: Psychic Surge|[of] p1a: Cars I
|turn|1
|
|t:|1757735949
|move|p1a: Cars I|Expanding Force|p2a: Amoonguss|[spread] p2a,p2b
|-supereffective|p2a: Amoonguss
|-resisted|p2b: Gholdengo
|-damage|p2a: Amoonguss|4/100
|-damage|p2b: Gholdengo|67/100
|-enditem|p2a: Amoonguss|Sitrus Berry|[eat]
|-heal|p2a: Amoonguss|29/100|[from] item: Sitrus Berry
|move|p1b: Cachiiga|Taunt|p2a: Amoonguss
|-start|p2a: Amoonguss|move: Taunt
|move|p2b: Gholdengo|Nasty Plot|p2b: Gholdengo
|-boost|p2b: Gholdengo|spa|2
|cant|p2a: Amoonguss|move: Taunt|Spore
|
|upkeep
|turn|2
|
|t:|1757735971
|switch|p1a: Doc Hudson|Tyranitar, L50, M, shiny|100/100
|-weather|Sandstorm|[from] ability: Sand Stream|[of] p1a: Doc Hudson
|switch|p2a: Pelipper|Pelipper, L50, M|100/100
|-weather|RainDance|[from] ability: Drizzle|[of] p2a: Pelipper
|move|p1b: Cachiiga|Rage Fist|p2b: Gholdengo
|-supereffective|p2b: Gholdengo
|-damage|p2b: Gholdengo|21/100
|move|p2b: Gholdengo|Make It Rain|p1b: Cachiiga|[spread] p1a,p1b
|-supereffective|p1a: Doc Hudson
|-damage|p1a: Doc Hudson|0 fnt
|-damage|p1b: Cachiiga|0 fnt
|-unboost|p2b: Gholdengo|spa|1
|faint|p1a: Doc Hudson
|faint|p1b: Cachiiga
|-damage|p2b: Gholdengo|11/100|[from] item: Life Orb
|
|-weather|RainDance|[upkeep]
|upkeep
|
|t:|1757735983
|switch|p1b: Cars I|Indeedee, L50, M, shiny|100/100
|switch|p1a: Lightnin'|Sneasler, L50, F|100/100
|-enditem|p1a: Lightnin'|Psychic Seed
|-boost|p1a: Lightnin'|spd|1|[from] item: Psychic Seed
|turn|3
|
|t:|1757736000
|move|p1a: Lightnin'|Dire Claw|p2a: Pelipper
|-damage|p2a: Pelipper|34/100
|move|p1b: Cars I|Expanding Force|p2a: Pelipper|[spread] p2a,p2b
|-resisted|p2b: Gholdengo
|-damage|p2a: Pelipper|0 fnt
|-damage|p2b: Gholdengo|0 fnt
|faint|p2a: Pelipper
|faint|p2b: Gholdengo
|
|-weather|RainDance|[upkeep]
|upkeep
|
|t:|1757736004
|switch|p2b: Basculegion|Basculegion, L50, M|100/100
|switch|p2a: Amoonguss|Amoonguss, L50, F|62/100
|turn|4
|inactive|TeyOnTheRox has 30 seconds left.
|inactive|TeyOnTheRox has 20 seconds left.
|inactive|TeyOnTheRox has 15 seconds left.
|inactive|TeyOnTheRox has 10 seconds left.
|inactive|TeyOnTheRox has 5 seconds left.
|
|t:|1757736058
|-terastallize|p1b: Cars I|Psychic
|move|p2a: Amoonguss|Rage Powder|p2a: Amoonguss
|-singleturn|p2a: Amoonguss|move: Rage Powder
|move|p1a: Lightnin'|Dire Claw|p2a: Amoonguss
|-damage|p2a: Amoonguss|27/100
|move|p2b: Basculegion|Wave Crash|p1b: Cars I
|-damage|p1b: Cars I|0 fnt
|faint|p1b: Cars I
|-damage|p2b: Basculegion|78/100|[from] Recoil
|
|-weather|RainDance|[upkeep]
|upkeep
|turn|5
|
|t:|1757736071
|-terastallize|p2b: Basculegion|Water
|move|p2a: Amoonguss|Rage Powder|p2a: Amoonguss
|-singleturn|p2a: Amoonguss|move: Rage Powder
|move|p1a: Lightnin'|Dire Claw|p2a: Amoonguss
|-damage|p2a: Amoonguss|0 fnt
|faint|p2a: Amoonguss
|move|p2b: Basculegion|Wave Crash|p1a: Lightnin'
|-damage|p1a: Lightnin'|0 fnt
|faint|p1a: Lightnin'
|-damage|p2b: Basculegion|52/100|[from] Recoil
|
|win|Bread2468
