|j|â˜†MrTedno
|j|â˜†RoadToWorlds44
|html|MrTednoRoadToWorlds44    
|uhtml|bestof|Game 1 of a best-of-3
|t:|1756419017
|gametype|doubles
|player|p1|MrTedno|barry|1204
|player|p2|RoadToWorlds44|102|1240
|gen|9
|tier|[Gen 9] VGC 2025 Reg H (Bo3)
|rated|
|rule|Species Clause: Limit one of each PokÃ©mon
|rule|Item Clause: Limit 1 of each item
|clearpoke
|poke|p1|Dondozo, L50, F|
|poke|p1|Tatsugiri, L50, F|
|poke|p1|Politoed, L50, M|
|poke|p1|Archaludon, L50, M|
|poke|p1|Amoonguss, L50, F|
|poke|p1|Overqwil, L50, F|
|poke|p2|Sneasler, L50, F|
|poke|p2|Whimsicott, L50, M|
|poke|p2|Indeedee, L50, M|
|poke|p2|Delphox, L50, M|
|poke|p2|Ninetales-Alola, L50, F|
|poke|p2|Basculegion, L50, M|
|teampreview|4
|showteam|p1|Dondozo||LifeOrb|Unaware|Surf,Protect,SleepTalk|||F|||50|,,,,,Water]Tatsugiri||FocusSash|Commander|DracoMeteor,Protect,MuddyWater,Taunt|||F|||50|,,,,,Stellar]Politoed||SitrusBerry|Drizzle|WeatherBall,IceBeam,Haze,Protect|||M|||50|,,,,,Steel]Archaludon||AssaultVest|Stamina|BodyPress,ElectroShot,DragonPulse,FlashCannon|||M|||50|,,,,,Grass]Amoonguss||RockyHelmet|Regenerator|Spore,RagePowder,PollenPuff,Protect|||F|||50|,,,,,Fairy]Overqwil||ChoiceBand|SwiftSwim|PoisonJab,ThroatChop,Liquidation,PinMissile|||F|||50|,,,,,Ghost
|showteam|p2|Sneasler||PsychicSeed|Unburden|CloseCombat,DireClaw,ThroatChop,Protect|||F|||50|,,,,,Dark]Whimsicott||CovertCloak|Prankster|Moonblast,SunnyDay,Tailwind,HelpingHand|||M|||50|,,,,,Water]Indeedee||FocusSash|PsychicSurge|ExpandingForce,TeraBlast,Imprison,TrickRoom|||M|||50|,,,,,Fighting]Delphox||LifeOrb|Blaze|HeatWave,ExpandingForce,DazzlingGleam,Protect|||M|||50|,,,,,Fairy]Ninetales-Alola||NeverMeltIce|SnowWarning|Blizzard,Protect,Moonblast,FreezeDry|||F|||50|,,,,,Fire]Basculegion||ChoiceScarf|Adaptability|WaveCrash,LastRespects,TeraBlast,FlipTurn|||M|||50|,,,,,Grass
|c|â˜†MrTedno|glhf
|c|â˜†RoadToWorlds44|glhf
|inactive|Battle timer is ON: inactive players will automatically lose when time's up. (requested by MrTedno)
|
|t:|1756419106
|teamsize|p1|4
|teamsize|p2|4
|start
|switch|p1a: Kwazii|Dondozo, L50, F|100/100
|switch|p1b: Shellington|Overqwil, L50, F|100/100
|switch|p2a: Whimsicott|Whimsicott, L50, M|100/100
|switch|p2b: Basculegion|Basculegion, L50, M|100/100
|turn|1
|inactive|MrTedno has 30 seconds left.
|inactive|RoadToWorlds44 has 30 seconds left.
|inactive|MrTedno has 20 seconds left.
|inactive|RoadToWorlds44 has 20 seconds left.
|inactive|MrTedno has 15 seconds left.
|
|t:|1756419149
|switch|p2a: Sneasler|Sneasler, L50, F|100/100
|-terastallize|p2b: Basculegion|Grass
|move|p1a: Kwazii|Protect|p1a: Kwazii
|-singleturn|p1a: Kwazii|Protect
|move|p2b: Basculegion|Tera Blast|p1a: Kwazii|[anim] Tera Blast Grass
|-activate|p1a: Kwazii|move: Protect
|move|p1b: Shellington|Poison Jab|p2a: Sneasler
|-resisted|p2a: Sneasler
|-damage|p2a: Sneasler|50/100
|
|upkeep
|turn|2
|inactive|RoadToWorlds44 has 30 seconds left.
|inactive|RoadToWorlds44 has 20 seconds left.
|inactive|RoadToWorlds44 has 15 seconds left.
|
|t:|1756419192
|switch|p2b: Indeedee|Indeedee, L50, M|100/100
|-fieldstart|move: Psychic Terrain|[from] ability: Psychic Surge|[of] p2b: Indeedee
|-enditem|p2a: Sneasler|Psychic Seed
|-boost|p2a: Sneasler|spd|1|[from] item: Psychic Seed
|switch|p1a: Tweak|Politoed, L50, M|100/100
|-weather|RainDance|[from] ability: Drizzle|[of] p1a: Tweak
|move|p2a: Sneasler|Close Combat|p1b: Shellington
|-damage|p1b: Shellington|26/100
|-unboost|p2a: Sneasler|def|1
|-unboost|p2a: Sneasler|spd|1
|move|p1b: Shellington|Poison Jab|p2b: Indeedee
|-enditem|p2b: Indeedee|Focus Sash
|-damage|p2b: Indeedee|1/100
|
|-weather|RainDance|[upkeep]
|upkeep
|turn|3
|inactive|MrTedno has 30 seconds left.
|inactive|RoadToWorlds44 has 30 seconds left.
|inactive|MrTedno has 20 seconds left.
|inactive|MrTedno has 15 seconds left.
|
|t:|1756419235
|move|p2a: Sneasler|Close Combat|p1b: Shellington
|-damage|p1b: Shellington|0 fnt
|-unboost|p2a: Sneasler|def|1
|-unboost|p2a: Sneasler|spd|1
|faint|p1b: Shellington
|move|p2b: Indeedee|Expanding Force|p1a: Tweak
|-damage|p1a: Tweak|54/100
|move|p1a: Tweak|Weather Ball|p2a: Sneasler
|-damage|p2a: Sneasler|0 fnt
|faint|p2a: Sneasler
|
|-weather|RainDance|[upkeep]
|upkeep
|
|t:|1756419255
|switch|p2a: Basculegion|Basculegion, L50, M, tera:Grass|100/100
|switch|p1b: Kwazii|Dondozo, L50, F|100/100
|turn|4
|inactive|RoadToWorlds44 has 30 seconds left.
|inactive|MrTedno has 30 seconds left.
|inactive|RoadToWorlds44 has 20 seconds left.
|inactive|RoadToWorlds44 has 15 seconds left.
|
|t:|1756419300
|switch|p1a: Peso|Tatsugiri, L50, F|100/100
|-activate|p1a: Peso|ability: Commander|[of] p1b: Kwazii
|-boost|p1b: Kwazii|atk|2
|-boost|p1b: Kwazii|spa|2
|-boost|p1b: Kwazii|spe|2
|-boost|p1b: Kwazii|def|2
|-boost|p1b: Kwazii|spd|2
|move|p2a: Basculegion|Tera Blast|p1a: Peso|[anim] Tera Blast Grass|[miss]
|-miss|p2a: Basculegion|p1a: Peso
|move|p1b: Kwazii|Surf|p2b: Indeedee|[spread] p2a,p2b
|-miss|p1b: Kwazii|p1a: Peso
|-resisted|p2a: Basculegion
|-damage|p2a: Basculegion|49/100
|-damage|p2b: Indeedee|0 fnt
|faint|p2b: Indeedee
|-damage|p1b: Kwazii|91/100|[from] item: Life Orb
|
|-weather|RainDance|[upkeep]
|upkeep
|
|t:|1756419315
|switch|p2b: Whimsicott|Whimsicott, L50, M|100/100
|turn|5
|
|t:|1756419324
|move|p2b: Whimsicott|Sunny Day|p2b: Whimsicott
|-weather|SunnyDay
|move|p2a: Basculegion|Tera Blast|p1b: Kwazii|[anim] Tera Blast Grass
|-supereffective|p1b: Kwazii
|-damage|p1b: Kwazii|52/100
|move|p1b: Kwazii|Surf|p2a: Basculegion|[spread] p2a,p2b
|-miss|p1b: Kwazii|p1a: Peso
|-resisted|p2a: Basculegion
|-resisted|p2b: Whimsicott
|-damage|p2a: Basculegion|33/100
|-damage|p2b: Whimsicott|84/100
|-damage|p1b: Kwazii|42/100|[from] item: Life Orb
|
|-weather|SunnyDay|[upkeep]
|upkeep
|turn|6
|inactive|RoadToWorlds44 has 30 seconds left.
|inactive|RoadToWorlds44 has 20 seconds left.
|inactive|RoadToWorlds44 has 15 seconds left.
|
|t:|1756419367
|move|p2b: Whimsicott|Helping Hand|p2a: Basculegion
|-singleturn|p2a: Basculegion|Helping Hand|[of] p2b: Whimsicott
|move|p2a: Basculegion|Tera Blast|p1b: Kwazii|[anim] Tera Blast Grass
|-supereffective|p1b: Kwazii
|-crit|p1b: Kwazii
|-damage|p1b: Kwazii|0 fnt
|faint|p1b: Kwazii
|
|-weather|SunnyDay|[upkeep]
|-fieldend|move: Psychic Terrain
|upkeep
|
|t:|1756419377
|switch|p1b: Tweak|Politoed, L50, M|54/100
|-weather|RainDance|[from] ability: Drizzle|[of] p1b: Tweak
|turn|7
|inactive|MrTedno has 30 seconds left.
|inactive|RoadToWorlds44 has 30 seconds left.
|inactive|RoadToWorlds44 has 20 seconds left.
|inactive|RoadToWorlds44 has 15 seconds left.
|inactive|RoadToWorlds44 has 10 seconds left.
|inactive|RoadToWorlds44 has 5 seconds left.
|
|t:|1756419432
|-terastallize|p1b: Tweak|Steel
|move|p2a: Basculegion|Tera Blast|p1b: Tweak|[anim] Tera Blast Grass
|-resisted|p1b: Tweak
|-damage|p1b: Tweak|20/100
|-enditem|p1b: Tweak|Sitrus Berry|[eat]
|-heal|p1b: Tweak|45/100|[from] item: Sitrus Berry
|move|p2b: Whimsicott|Moonblast|p1a: Peso
|-supereffective|p1a: Peso
|-damage|p1a: Peso|37/100
|move|p1a: Peso|Muddy Water|p2b: Whimsicott|[spread] p2a
|-miss|p1a: Peso|p2b: Whimsicott
|-resisted|p2a: Basculegion
|-damage|p2a: Basculegion|2/100
|-unboost|p2a: Basculegion|accuracy|1
|move|p1b: Tweak|Ice Beam|p2a: Basculegion
|-supereffective|p2a: Basculegion
|-damage|p2a: Basculegion|0 fnt
|faint|p2a: Basculegion
|
|-weather|RainDance|[upkeep]
|upkeep
|turn|8
|l|â˜†RoadToWorlds44
|inactive|RoadToWorlds44 disconnected and has a minute to reconnect!
|player|p2|
|j|â˜†RoadToWorlds44
|inactive|RoadToWorlds44 reconnected and has 35 seconds left.
|player|p2|RoadToWorlds44|102|
|inactive|RoadToWorlds44 has 30 seconds left.
|inactive|RoadToWorlds44 has 20 seconds left.
|inactive|RoadToWorlds44 has 15 seconds left.
|
|t:|1756419476
|move|p2b: Whimsicott|Moonblast|p1a: Peso
|-supereffective|p1a: Peso
|-damage|p1a: Peso|0 fnt
|faint|p1a: Peso
|move|p1b: Tweak|Ice Beam|p2b: Whimsicott
|-supereffective|p2b: Whimsicott
|-damage|p2b: Whimsicott|40/100
|
|-weather|RainDance|[upkeep]
|upkeep
|turn|9
|l|â˜†RoadToWorlds44
|inactive|RoadToWorlds44 disconnected and has a minute to reconnect!
|player|p2|
|inactive|RoadToWorlds44 has 30 seconds left.
|inactive|RoadToWorlds44 has 20 seconds left.
|inactive|RoadToWorlds44 has 15 seconds left.
|inactive|RoadToWorlds44 has 10 seconds left.
|inactive|RoadToWorlds44 has 5 seconds left.
|-message|RoadToWorlds44 lost due to inactivity.
|
|win|MrTedno
||MrTedno is ready for game 2.
|inactive|RoadToWorlds44 has 5 seconds to reconnect!
|raw|MrTedno's rating: 1204 → 1232(+28 for winning)
|raw|RoadToWorlds44's rating: 1240 → 1212(-28 for losing)
