|j|☆MMcookiegamer
|j|☆kenepa21
|html|MMcookiegamerkenepa21    
|uhtml|bestof|Game 3 of a best-of-3
|t:|1756314759
|gametype|doubles
|player|p1|MMcookiegamer|roy|
|player|p2|kenepa21|101|
|gen|9
|tier|[Gen 9] VGC 2025 Reg H (Bo3)
|rule|Species Clause: Limit one of each Pokémon
|rule|Item Clause: Limit 1 of each item
|clearpoke
|poke|p1|Incineroar, L50, M|
|poke|p1|Ursaluna-Bloodmoon, L50, M|
|poke|p1|Ninetales-Alola, L50, F|
|poke|p1|Sneasler, L50, F|
|poke|p1|Rillaboom, L50, M|
|poke|p1|Dragonite, L50, F|
|poke|p2|Garchomp, L50, M|
|poke|p2|Talonflame, L50, F|
|poke|p2|Gholdengo, L50|
|poke|p2|Electabuzz, L50, M|
|poke|p2|Politoed, L50, F|
|poke|p2|Azumarill, L50, F|
|teampreview|4
|showteam|p1|Incineroar||SafetyGoggles|Intimidate|FakeOut,KnockOff,PartingShot,Taunt|||M|||50|,,,,,Ghost]Ursaluna-Bloodmoon||LifeOrb|MindsEye|EarthPower,BloodMoon,Protect,HyperVoice|||M|||50|,,,,,Ghost]Ninetales-Alola||CovertCloak|SnowWarning|Blizzard,AuroraVeil,FreezeDry,Protect|||F|||50|,,,,,Water]Sneasler||GrassySeed|Unburden|CloseCombat,DireClaw,Protect,ThroatChop|||F|||50|,,,,,Dark]Rillaboom||AssaultVest|GrassySurge|FakeOut,GrassyGlide,WoodHammer,Uturn|||M|||50|,,,,,Fire]Dragonite||LoadedDice|Multiscale|ScaleShot,Protect,Tailwind,ExtremeSpeed|||F|||50|,,,,,Normal
|showteam|p2|Garchomp||LifeOrb|RoughSkin|StompingTantrum,Earthquake,DragonClaw,Protect|||M|||50|,,,,,Ground]Talonflame||FocusSash|GaleWings|DualWingbeat,Tailwind,WillOWisp,Protect|||F|||50|,,,,,Ghost]Gholdengo||SpookyPlate|GoodasGold|MakeItRain,ShadowBall,NastyPlot,Protect||||||50|,,,,,Water]Electabuzz||Eviolite|VitalSpirit|Electroweb,FollowMe,Taunt,Protect|||M|||50|,,,,,Dragon]Politoed||SitrusBerry|Drizzle|WeatherBall,IceBeam,Haze,Protect|||F|||50|,,,,,Grass]Azumarill||AssaultVest|HugePower|Liquidation,PlayRough,AquaJet,IceSpinner|||F|||50|,,,,,Fairy
|
|t:|1756314826
|teamsize|p1|4
|teamsize|p2|4
|start
|switch|p1a: Dragonite|Dragonite, L50, F|100/100
|switch|p1b: Ursaluna|Ursaluna-Bloodmoon, L50, M|100/100
|switch|p2a: Gholdengo|Gholdengo, L50|100/100
|switch|p2b: Talonflame|Talonflame, L50, F|100/100
|turn|1
|
|t:|1756314849
|switch|p2a: Azumarill|Azumarill, L50, F, shiny|100/100
|move|p2b: Talonflame|Tailwind|p2b: Talonflame
|-sidestart|p2: kenepa21|move: Tailwind
|move|p1a: Dragonite|Tailwind|p1a: Dragonite
|-sidestart|p1: MMcookiegamer|move: Tailwind
|move|p1b: Ursaluna|Hyper Voice|p2a: Azumarill|[spread] p2a,p2b
|-damage|p2a: Azumarill|65/100
|-damage|p2b: Talonflame|16/100
|-damage|p1b: Ursaluna|91/100|[from] item: Life Orb
|
|upkeep
|turn|2
|
|t:|1756314877
|switch|p2b: Gholdengo|Gholdengo, L50|100/100
|switch|p2a: Politoed|Politoed, L50, F|100/100
|-weather|RainDance|[from] ability: Drizzle|[of] p2a: Politoed
|-terastallize|p1a: Dragonite|Normal
|move|p1a: Dragonite|Extreme Speed|p2b: Gholdengo
|-immune|p2b: Gholdengo
|move|p1b: Ursaluna|Blood Moon|p2a: Politoed
|-damage|p2a: Politoed|10/100
|-enditem|p2a: Politoed|Sitrus Berry|[eat]
|-heal|p2a: Politoed|35/100|[from] item: Sitrus Berry
|-damage|p1b: Ursaluna|81/100|[from] item: Life Orb
|
|-weather|RainDance|[upkeep]
|upkeep
|turn|3
|
|t:|1756314912
|-terastallize|p2b: Gholdengo|Water
|move|p1a: Dragonite|Extreme Speed|p2a: Politoed
|-damage|p2a: Politoed|0 fnt
|faint|p2a: Politoed
|move|p2b: Gholdengo|Nasty Plot|p2b: Gholdengo
|-boost|p2b: Gholdengo|spa|2
|move|p1b: Ursaluna|Earth Power|p2b: Gholdengo
|-damage|p2b: Gholdengo|35/100
|-damage|p1b: Ursaluna|71/100|[from] item: Life Orb
|
|-weather|RainDance|[upkeep]
|upkeep
|
|t:|1756314920
|switch|p2a: Azumarill|Azumarill, L50, F, shiny|65/100
|turn|4
|
|t:|1756314939
|move|p2b: Gholdengo|Protect|p2b: Gholdengo
|-singleturn|p2b: Gholdengo|Protect
|move|p1a: Dragonite|Extreme Speed|p2b: Gholdengo
|-activate|p2b: Gholdengo|move: Protect
|move|p1b: Ursaluna|Blood Moon|p2a: Azumarill
|-damage|p2a: Azumarill|0 fnt
|faint|p2a: Azumarill
|-damage|p1b: Ursaluna|61/100|[from] item: Life Orb
|
|-weather|RainDance|[upkeep]
|-sideend|p1: MMcookiegamer|move: Tailwind
|-sideend|p2: kenepa21|move: Tailwind
|upkeep
|
|t:|1756314947
|switch|p2a: Talonflame|Talonflame, L50, F|16/100
|turn|5
|
|t:|1756314953
|move|p1a: Dragonite|Extreme Speed|p2b: Gholdengo
|-damage|p2b: Gholdengo|0 fnt
|faint|p2b: Gholdengo
|move|p2a: Talonflame|Tailwind|p2a: Talonflame
|-sidestart|p2: kenepa21|move: Tailwind
|move|p1b: Ursaluna|Hyper Voice|p2a: Talonflame
|-damage|p2a: Talonflame|0 fnt
|faint|p2a: Talonflame
|-damage|p1b: Ursaluna|51/100|[from] item: Life Orb
|
|win|MMcookiegamer
