|j|☆endK649
|j|☆spuntin
|html|endK649spuntin    
|uhtml|bestof|Game 2 of a best-of-3
|t:|1756942667
|gametype|doubles
|player|p1|endK649|gambler|1101
|player|p2|spuntin|169|1000
|gen|9
|tier|[Gen 9] VGC 2025 Reg H (Bo3)
|rated|
|rule|Species Clause: Limit one of each Pokémon
|rule|Item Clause: Limit 1 of each item
|clearpoke
|poke|p1|Feraligatr, L50, M|
|poke|p1|Kommo-o, L50, M|
|poke|p1|Politoed, L50, M|
|poke|p1|Rillaboom, L50, F|
|poke|p1|Incineroar, L50, M|
|poke|p1|Electabuzz, L50, M|
|poke|p2|Electabuzz, L50, F|
|poke|p2|Garchomp, L50, F|
|poke|p2|Archaludon, L50, F|
|poke|p2|Incineroar, L50, F|
|poke|p2|Annihilape, L50, F|
|poke|p2|Tyranitar, L50, M|
|teampreview|4
|showteam|p1|Feraligatr||LifeOrb|SheerForce|Liquidation,Crunch,DragonDance,Protect|||M|||50|,,,,,Dark]Kommo-o||ThroatSpray|Overcoat|ClangingScales,AuraSphere,ClangorousSoul,Protect|||M|||50|,,,,,Fairy]Politoed||SitrusBerry|Drizzle|WeatherBall,IcyWind,Haze,Protect|||M|||50|,,,,,Grass]Rillaboom||AssaultVest|GrassySurge|WoodHammer,GrassyGlide,FakeOut,Uturn|||F|||50|,,,,,Fire]Incineroar||SafetyGoggles|Intimidate|KnockOff,FakeOut,HelpingHand,PartingShot|||M|||50|,,,,,Ghost]Electabuzz||Eviolite|VitalSpirit|Electroweb,Taunt,FollowMe,VoltSwitch|||M|||50|,,,,,Ghost
|showteam|p2|Electabuzz||Eviolite|VitalSpirit|FollowMe,Taunt,Protect,Electroweb|||F|||50|,,,,,Fairy]Garchomp||LifeOrb|RoughSkin|DragonClaw,Liquidation,SwordsDance,Protect|||F|||50|,,,,,Steel]Archaludon||AssaultVest|Stamina|FlashCannon,DracoMeteor,Thunderbolt,BodyPress|||F|||50|,,,,,Grass]Incineroar||RockyHelmet|Intimidate|KnockOff,FakeOut,FlareBlitz,PartingShot|||F|||50|,,,,,Ghost]Annihilape||ChoiceScarf|Defiant|FinalGambit,Uturn,RageFist,DrainPunch|||F|||50|,,,,,Dark]Tyranitar||SafetyGoggles|SandStream|Crunch,IceBeam,RockSlide,Protect|||M|||50|,,,,,Flying
|inactive|Battle timer is ON: inactive players will automatically lose when time's up. (requested by endK649)
|inactive|spuntin has 60 seconds left.
|
|t:|1756942734
|teamsize|p1|4
|teamsize|p2|4
|start
|switch|p1a: Feraligatr|Feraligatr, L50, M, shiny|100/100
|switch|p1b: Electabuzz|Electabuzz, L50, M, shiny|100/100
|switch|p2a: Annihilape|Annihilape, L50, F|100/100
|switch|p2b: Electabuzz|Electabuzz, L50, F|100/100
|turn|1
|inactive|spuntin has 30 seconds left.
|inactive|endK649 has 30 seconds left.
|inactive|spuntin has 20 seconds left.
|inactive|spuntin has 15 seconds left.
|
|t:|1756942778
|-terastallize|p1b: Electabuzz|Ghost
|move|p1b: Electabuzz|Follow Me|p1b: Electabuzz
|-singleturn|p1b: Electabuzz|move: Follow Me
|move|p2a: Annihilape|Drain Punch|p1b: Electabuzz
|-immune|p1b: Electabuzz
|move|p2b: Electabuzz|Electroweb|p1b: Electabuzz|[spread] p1a,p1b
|-supereffective|p1a: Feraligatr
|-damage|p1a: Feraligatr|65/100
|-damage|p1b: Electabuzz|87/100
|-unboost|p1a: Feraligatr|spe|1
|-unboost|p1b: Electabuzz|spe|1
|move|p1a: Feraligatr|Dragon Dance|p1a: Feraligatr
|-boost|p1a: Feraligatr|atk|1
|-boost|p1a: Feraligatr|spe|1
|
|upkeep
|turn|2
|inactive|spuntin has 30 seconds left.
|inactive|spuntin has 20 seconds left.
|inactive|spuntin has 15 seconds left.
|inactive|spuntin has 10 seconds left.
|inactive|spuntin has 5 seconds left.
|
|t:|1756942828
|move|p2b: Electabuzz|Follow Me|p2b: Electabuzz
|-singleturn|p2b: Electabuzz|move: Follow Me
|move|p1b: Electabuzz|Follow Me|p1b: Electabuzz
|-singleturn|p1b: Electabuzz|move: Follow Me
|move|p2a: Annihilape|Drain Punch|p1b: Electabuzz
|-immune|p1b: Electabuzz
|move|p1a: Feraligatr|Liquidation|p2b: Electabuzz
|-damage|p2b: Electabuzz|32/100
|
|upkeep
|turn|3
|inactive|spuntin has 30 seconds left.
|inactive|spuntin has 20 seconds left.
|
|t:|1756942867
|switch|p2a: Garchomp|Garchomp, L50, F|100/100
|move|p2b: Electabuzz|Follow Me|p2b: Electabuzz
|-singleturn|p2b: Electabuzz|move: Follow Me
|move|p1b: Electabuzz|Follow Me|p1b: Electabuzz
|-singleturn|p1b: Electabuzz|move: Follow Me
|move|p1a: Feraligatr|Dragon Dance|p1a: Feraligatr
|-boost|p1a: Feraligatr|atk|1
|-boost|p1a: Feraligatr|spe|1
|
|upkeep
|turn|4
|
|t:|1756942887
|move|p2a: Garchomp|Protect|p2a: Garchomp
|-singleturn|p2a: Garchomp|Protect
|move|p1a: Feraligatr|Liquidation|p2b: Electabuzz
|-damage|p2b: Electabuzz|0 fnt
|faint|p2b: Electabuzz
|move|p1b: Electabuzz|Taunt|p2a: Garchomp
|-activate|p2a: Garchomp|move: Protect
|
|upkeep
|
|t:|1756942896
|switch|p2b: Annihilape|Annihilape, L50, F|100/100
|turn|5
|
|t:|1756942920
|-terastallize|p2a: Garchomp|Steel
|move|p1b: Electabuzz|Follow Me|p1b: Electabuzz
|-singleturn|p1b: Electabuzz|move: Follow Me
|move|p2b: Annihilape|Final Gambit|p1b: Electabuzz
|-immune|p1b: Electabuzz
|move|p1a: Feraligatr|Liquidation|p2a: Garchomp
|-damage|p2a: Garchomp|0 fnt
|-damage|p1a: Feraligatr|53/100|[from] ability: Rough Skin|[of] p2a: Garchomp
|faint|p2a: Garchomp
|
|upkeep
|
|t:|1756942930
|switch|p2a: Tyranitar|Tyranitar, L50, M|100/100
|-weather|Sandstorm|[from] ability: Sand Stream|[of] p2a: Tyranitar
|turn|6
|
|t:|1756942937
|move|p1b: Electabuzz|Follow Me|p1b: Electabuzz
|-singleturn|p1b: Electabuzz|move: Follow Me
|move|p2b: Annihilape|Final Gambit|p1b: Electabuzz
|-immune|p1b: Electabuzz
|move|p1a: Feraligatr|Liquidation|p2a: Tyranitar
|-supereffective|p2a: Tyranitar
|-damage|p2a: Tyranitar|0 fnt
|faint|p2a: Tyranitar
|
|-weather|Sandstorm|[upkeep]
|-damage|p2b: Annihilape|95/100|[from] Sandstorm
|-damage|p1a: Feraligatr|47/100|[from] Sandstorm
|-damage|p1b: Electabuzz|81/100|[from] Sandstorm
|upkeep
|turn|7
|
|t:|1756942949
|move|p1b: Electabuzz|Follow Me|p1b: Electabuzz
|-singleturn|p1b: Electabuzz|move: Follow Me
|move|p2b: Annihilape|Final Gambit|p1b: Electabuzz
|-immune|p1b: Electabuzz
|move|p1a: Feraligatr|Liquidation|p2b: Annihilape
|-damage|p2b: Annihilape|0 fnt
|faint|p2b: Annihilape
|
|win|endK649
||endK649 is ready for game 3.
||spuntin is ready for game 3.
|uhtml|next|Next: Game 3 of 3
|l|☆spuntin
|player|p2|
