|j|☆twinkdistroyer
|j|☆Daniw9
|html|twinkdistroyerDaniw9    
|uhtml|bestof|Game 1 of a best-of-3
|t:|1756982264
|gametype|doubles
|player|p1|twinkdistroyer|miku-ghost|1270
|player|p2|Daniw9|170|1241
|gen|9
|tier|[Gen 9] VGC 2025 Reg H (Bo3)
|rated|
|rule|Species Clause: Limit one of each Pokémon
|rule|Item Clause: Limit 1 of each item
|clearpoke
|poke|p1|Incineroar, L50, M|
|poke|p1|Rillaboom, L50, F|
|poke|p1|Basculegion, L50, M|
|poke|p1|Volcarona, L50, M|
|poke|p1|Tyranitar, L50, M|
|poke|p1|Dragonite, L50, M|
|poke|p2|Garchomp, L50, M|
|poke|p2|Tyranitar, L50, M|
|poke|p2|Indeedee-F, L50, F|
|poke|p2|Gardevoir, L50, F|
|poke|p2|Sneasler, L50, M|
|poke|p2|Talonflame, L50, F|
|teampreview|4
|showteam|p1|Incineroar||SafetyGoggles|Intimidate|FakeOut,KnockOff,PartingShot,FlareBlitz|||M|||50|,,,,,Ghost]Rillaboom||MiracleSeed|GrassySurge|FakeOut,GrassyGlide,WoodHammer,HighHorsepower|||F|||50|,,,,,Fire]Basculegion||ChoiceScarf|Adaptability|WaveCrash,FlipTurn,AquaJet,LastRespects|||M|||50|,,,,,Grass]Volcarona||Leftovers|FlameBody|HeatWave,QuiverDance,TeraBlast,Protect|||M|||50|,,,,,Fairy]Tyranitar||AssaultVest|SandStream|KnockOff,TeraBlast,LowKick,RockSlide|||M|||50|,,,,,Flying]Dragonite||LoadedDice|Multiscale|Protect,Tailwind,ScaleShot,Haze|||M|||50|,,,,,Fairy
|showteam|p2|Garchomp||ClearAmulet|SandVeil|Earthquake,StompingTantrum,Protect,DragonClaw|||M|||50|,,,,,Steel]Tyranitar||AssaultVest|SandStream|RockSlide,TeraBlast,KnockOff,LowKick|||M|||50|,,,,,Flying]Indeedee-F||SafetyGoggles|PsychicSurge|DazzlingGleam,TrickRoom,FollowMe,HelpingHand|||F|||50|,,,,,Water]Gardevoir||ChoiceScarf|Telepathy|IcyWind,Moonblast,ExpandingForce,MysticalFire|||F|||50|,,,,,Fire]Sneasler||PsychicSeed|Unburden|CloseCombat,DireClaw,Protect,ThroatChop|||M|||50|,,,,,Dark]Talonflame||CovertCloak|GaleWings|Tailwind,DualWingbeat,FlareBlitz,Taunt|||F|||50|,,,,,Flying
|inactive|Battle timer is ON: inactive players will automatically lose when time's up. (requested by twinkdistroyer)
|inactive|twinkdistroyer has 60 seconds left.
|inactive|Daniw9 has 60 seconds left.
|inactive|twinkdistroyer has 30 seconds left.
|inactive|twinkdistroyer has 20 seconds left.
|inactive|twinkdistroyer has 15 seconds left.
|inactive|twinkdistroyer has 10 seconds left.
|inactive|twinkdistroyer has 5 seconds left.
|
|t:|1756982355
|teamsize|p1|4
|teamsize|p2|4
|start
|switch|p1a: Incineroar|Incineroar, L50, M|100/100
|switch|p1b: Rillaboom|Rillaboom, L50, F|100/100
|switch|p2a: Tyranitar|Tyranitar, L50, M|100/100
|switch|p2b: Talonflame|Talonflame, L50, F|100/100
|-fieldstart|move: Grassy Terrain|[from] ability: Grassy Surge|[of] p1b: Rillaboom
|-weather|Sandstorm|[from] ability: Sand Stream|[of] p2a: Tyranitar
|-ability|p1a: Incineroar|Intimidate|boost
|-unboost|p2a: Tyranitar|atk|1
|-unboost|p2b: Talonflame|atk|1
|turn|1
|inactive|twinkdistroyer has 30 seconds left.
|inactive|twinkdistroyer has 20 seconds left.
|inactive|twinkdistroyer has 15 seconds left.
|inactive|twinkdistroyer has 10 seconds left.
|inactive|twinkdistroyer has 5 seconds left.
|
|t:|1756982411
|switch|p2a: Indeedee|Indeedee-F, L50, F|100/100
|-fieldstart|move: Psychic Terrain|[from] ability: Psychic Surge|[of] p2a: Indeedee
|move|p1b: Rillaboom|Fake Out|p2a: Indeedee
|-activate|p2a: Indeedee|move: Psychic Terrain
|move|p1a: Incineroar|Fake Out|p2b: Talonflame
|-hint|Psychic Terrain doesn't affect Pokémon immune to Ground.
|-damage|p2b: Talonflame|84/100
|move|p2b: Talonflame|Tailwind|p2b: Talonflame
|-sidestart|p2: Daniw9|move: Tailwind
|
|-weather|Sandstorm|[upkeep]
|-damage|p2b: Talonflame|78/100|[from] Sandstorm
|-damage|p1b: Rillaboom|94/100|[from] Sandstorm
|upkeep
|turn|2
|inactive|twinkdistroyer has 30 seconds left.
|inactive|twinkdistroyer has 20 seconds left.
|inactive|Daniw9 has 30 seconds left.
|inactive|twinkdistroyer has 15 seconds left.
|inactive|twinkdistroyer has 10 seconds left.
|inactive|twinkdistroyer has 5 seconds left.
|
|t:|1756982466
|switch|p2b: Gardevoir|Gardevoir, L50, F|100/100
|switch|p2a: Tyranitar|Tyranitar, L50, M|100/100
|move|p1b: Rillaboom|Fake Out||[still]
|-hint|Fake Out only works on your first turn out.
|-fail|p1b: Rillaboom
|move|p1a: Incineroar|Fake Out||[still]
|-hint|Fake Out only works on your first turn out.
|-fail|p1a: Incineroar
|
|-weather|Sandstorm|[upkeep]
|-damage|p2b: Gardevoir|94/100|[from] Sandstorm
|-damage|p1b: Rillaboom|88/100|[from] Sandstorm
|upkeep
|turn|3
|inactive|twinkdistroyer has 30 seconds left.
|
|t:|1756982494
|switch|p1b: Basculegion|Basculegion, L50, M|100/100
|move|p2b: Gardevoir|Moonblast|p1a: Incineroar
|-damage|p1a: Incineroar|57/100
|-unboost|p1a: Incineroar|spa|1
|move|p2a: Tyranitar|Rock Slide|p1b: Basculegion|[spread] p1a,p1b
|-supereffective|p1a: Incineroar
|-damage|p1a: Incineroar|3/100
|-damage|p1b: Basculegion|66/100
|move|p1a: Incineroar|Parting Shot|p2a: Tyranitar
|-unboost|p2a: Tyranitar|atk|1
|-unboost|p2a: Tyranitar|spa|1
|inactive|twinkdistroyer has 30 seconds left.
|inactive|twinkdistroyer has 20 seconds left.
|inactive|twinkdistroyer has 15 seconds left.
|inactive|twinkdistroyer has 10 seconds left.
|inactive|twinkdistroyer has 5 seconds left.
|
|t:|1756982549
|switch|p1a: Rillaboom|Rillaboom, L50, F|88/100|[from] Parting Shot
|-fieldstart|move: Grassy Terrain|[from] ability: Grassy Surge|[of] p1a: Rillaboom
|
|-weather|Sandstorm|[upkeep]
|-damage|p2b: Gardevoir|88/100|[from] Sandstorm
|-damage|p1b: Basculegion|60/100|[from] Sandstorm
|-damage|p1a: Rillaboom|82/100|[from] Sandstorm
|-heal|p2b: Gardevoir|94/100|[from] Grassy Terrain
|-heal|p1b: Basculegion|66/100|[from] Grassy Terrain
|-heal|p1a: Rillaboom|88/100|[from] Grassy Terrain
|upkeep
|turn|4
|
|t:|1756982574
|switch|p2a: Indeedee|Indeedee-F, L50, F|100/100
|-fieldstart|move: Psychic Terrain|[from] ability: Psychic Surge|[of] p2a: Indeedee
|switch|p1a: Incineroar|Incineroar, L50, M|3/100
|-ability|p1a: Incineroar|Intimidate|boost
|-unboost|p2a: Indeedee|atk|1
|-unboost|p2b: Gardevoir|atk|1
|move|p2b: Gardevoir|Moonblast|p1b: Basculegion
|-damage|p1b: Basculegion|8/100
|move|p1b: Basculegion|Flip Turn|p2a: Indeedee
|-damage|p2a: Indeedee|64/100
|
|t:|1756982577
|switch|p1b: Rillaboom|Rillaboom, L50, F|88/100|[from] Flip Turn
|-fieldstart|move: Grassy Terrain|[from] ability: Grassy Surge|[of] p1b: Rillaboom
|
|-weather|Sandstorm|[upkeep]
|-damage|p2b: Gardevoir|88/100|[from] Sandstorm
|-damage|p1b: Rillaboom|82/100|[from] Sandstorm
|-heal|p2b: Gardevoir|94/100|[from] Grassy Terrain
|-heal|p2a: Indeedee|71/100|[from] Grassy Terrain
|-heal|p1b: Rillaboom|88/100|[from] Grassy Terrain
|-heal|p1a: Incineroar|9/100|[from] Grassy Terrain
|-sideend|p2: Daniw9|move: Tailwind
|upkeep
|turn|5
|
|t:|1756982601
|switch|p2b: Talonflame|Talonflame, L50, F|78/100
|switch|p2a: Tyranitar|Tyranitar, L50, M|100/100
|move|p1b: Rillaboom|Wood Hammer|p2b: Talonflame
|-resisted|p2b: Talonflame
|-damage|p2b: Talonflame|40/100
|-damage|p1b: Rillaboom|78/100|[from] Recoil
|move|p1a: Incineroar|Parting Shot|p2a: Tyranitar
|-unboost|p2a: Tyranitar|atk|1
|-unboost|p2a: Tyranitar|spa|1
|
|t:|1756982614
|switch|p1a: Basculegion|Basculegion, L50, M|8/100|[from] Parting Shot
|
|-weather|none
|-heal|p1a: Basculegion|14/100|[from] Grassy Terrain
|-heal|p1b: Rillaboom|84/100|[from] Grassy Terrain
|upkeep
|turn|6
|
|t:|1756982634
|switch|p2b: Indeedee|Indeedee-F, L50, F|71/100
|-fieldstart|move: Psychic Terrain|[from] ability: Psychic Surge|[of] p2b: Indeedee
|switch|p1b: Incineroar|Incineroar, L50, M|9/100
|-ability|p1b: Incineroar|Intimidate|boost
|-unboost|p2a: Tyranitar|atk|1
|-unboost|p2b: Indeedee|atk|1
|-terastallize|p2a: Tyranitar|Flying
|move|p1a: Basculegion|Flip Turn|p2b: Indeedee
|-damage|p2b: Indeedee|32/100
|
|t:|1756982658
|switch|p1a: Volcarona|Volcarona, L50, M|100/100|[from] Flip Turn
|move|p2a: Tyranitar|Rock Slide|p1a: Volcarona|[spread] p1a,p1b
|-supereffective|p1a: Volcarona
|-supereffective|p1b: Incineroar
|-damage|p1a: Volcarona|32/100
|-damage|p1b: Incineroar|0 fnt
|faint|p1b: Incineroar
|
|-heal|p1a: Volcarona|38/100|[from] item: Leftovers
|upkeep
|
|t:|1756982661
|switch|p1b: Rillaboom|Rillaboom, L50, F|84/100
|-fieldstart|move: Grassy Terrain|[from] ability: Grassy Surge|[of] p1b: Rillaboom
|turn|7
|
|t:|1756982672
|switch|p2a: Talonflame|Talonflame, L50, F|40/100
|switch|p2b: Gardevoir|Gardevoir, L50, F|94/100
|move|p1b: Rillaboom|Fake Out|p2a: Talonflame
|-damage|p2a: Talonflame|19/100
|move|p1a: Volcarona|Quiver Dance|p1a: Volcarona
|-boost|p1a: Volcarona|spa|1
|-boost|p1a: Volcarona|spd|1
|-boost|p1a: Volcarona|spe|1
|
|-heal|p1a: Volcarona|44/100|[from] Grassy Terrain
|-heal|p1a: Volcarona|50/100|[from] item: Leftovers
|-heal|p2b: Gardevoir|100/100|[from] Grassy Terrain
|-heal|p1b: Rillaboom|90/100|[from] Grassy Terrain
|upkeep
|turn|8
|
|t:|1756982680
|switch|p2a: Indeedee|Indeedee-F, L50, F|32/100
|-fieldstart|move: Psychic Terrain|[from] ability: Psychic Surge|[of] p2a: Indeedee
|switch|p1b: Basculegion|Basculegion, L50, M|14/100
|move|p1a: Volcarona|Heat Wave|p2b: Gardevoir|[spread] p2a,p2b
|-damage|p2a: Indeedee|0 fnt
|-damage|p2b: Gardevoir|41/100
|faint|p2a: Indeedee
|move|p2b: Gardevoir|Expanding Force|p1b: Basculegion|[spread] p1a,p1b
|-crit|p1a: Volcarona
|-damage|p1a: Volcarona|0 fnt
|-damage|p1b: Basculegion|0 fnt
|faint|p1a: Volcarona
|faint|p1b: Basculegion
|
|upkeep
|-message|twinkdistroyer forfeited.
|
|win|Daniw9
||twinkdistroyer is ready for game 2.
||Daniw9 is ready for game 2.
|uhtml|next|Next: Game 2 of 3
|l|☆twinkdistroyer
|player|p1|
