|j|☆Antonymize
|j|☆Ttarchomp333
|html|AntonymizeTtarchomp333    
|uhtml|bestof|Game 1 of a best-of-3
|t:|1783656150
|gametype|doubles
|player|p1|Antonymize|1|1000
|player|p2|Ttarchomp333|266|1147
|gen|9
|tier|[Gen 9 Champions] VGC 2026 Reg M-B (Bo3)
|rated|
|rule|Species Clause: Limit one of each Pokémon
|rule|Item Clause: Limit 1 of each item
|clearpoke
|poke|p1|Charizard, L50, F|
|poke|p1|Torkoal, L50, M|
|poke|p1|Venusaur, L50, M|
|poke|p1|Volcarona, L50, F|
|poke|p1|Whimsicott, L50, F|
|poke|p1|Incineroar, L50, F|
|poke|p2|Pyroar, L50, F|
|poke|p2|Scrafty, L50, F|
|poke|p2|Torkoal, L50, F|
|poke|p2|Farigiraf, L50, F|
|poke|p2|Sylveon, L50, M|
|poke|p2|Gallade, L50, M|
|teampreview|4
|showteam|p1|Charizard||CharizarditeY|Blaze|HeatWave,SolarBeam,AirSlash,Protect|Timid||F|||50|]Torkoal||Charcoal|Drought|Eruption,HeatWave,EarthPower,Protect|Modest||M|||50|]Venusaur||LifeOrb|Chlorophyll|Growth,GigaDrain,SludgeBomb,Protect|Modest||M|||50|]Volcarona||Leftovers|FlameBody|RagePowder,QuiverDance,HeatWave,Protect|Timid||F|||50|]Whimsicott||FocusSash|Prankster|Tailwind,Encore,Moonblast,HelpingHand|Timid||F|||50|]Incineroar||SitrusBerry|Intimidate|FakeOut,DarkestLariat,FlareBlitz,PartingShot|Impish||F|||50|
|showteam|p2|Pyroar||Pyroarite|Unnerve|Overheat,HeatWave,SolarBeam,Protect|Timid||F|||50|]Scrafty||Scraftinite|Intimidate|FakeOut,KnockOff,CloseCombat,Taunt|Brave||F|||50|]Torkoal||Charcoal|Drought|Eruption,HeatWave,WeatherBall,Protect|Quiet||F|||50|]Farigiraf||SitrusBerry|CudChew|PsychicFangs,Thunderbolt,TrickRoom,HelpingHand|Sassy||F|||50|]Sylveon||FairyFeather|Pixilate|HyperVoice,HyperBeam,QuickAttack,Detect|Quiet||M|||50|]Gallade||IronBall|Sharpness|WideGuard,LeafBlade,SacredSword,PsychoCut|Brave||M|||50|
|j| Tyho45
|
|t:|1783656209
|teamsize|p1|4
|teamsize|p2|4
|start
|switch|p1a: Whimsicott|Whimsicott, L50, F|100/100
|switch|p1b: Charizard|Charizard, L50, F|100/100
|switch|p2a: Gallade|Gallade, L50, M|100/100
|switch|p2b: Pyroar|Pyroar, L50, F|100/100
|-ability|p2b: Pyroar|Unnerve
|turn|1
|inactive|Battle timer is ON: inactive players will automatically lose when time's up. (requested by Ttarchomp333)
|inactive|Antonymize has 60 seconds left.
|
|t:|1783656250
|switch|p2a: Torkoal|Torkoal, L50, F|100/100
|-weather|SunnyDay|[from] ability: Drought|[of] p2a: Torkoal
|detailschange|p2b: Pyroar|Pyroar-Mega, L50, F
|-mega|p2b: Pyroar|Pyroar|Pyroarite
|detailschange|p1b: Charizard|Charizard-Mega-Y, L50, F
|-mega|p1b: Charizard|Charizard|Charizardite Y
|move|p1a: Whimsicott|Tailwind|p1a: Whimsicott
|-sidestart|p1: Antonymize|move: Tailwind
|move|p1b: Charizard|Heat Wave|p2b: Pyroar|[spread] p2a,p2b
|-resisted|p2a: Torkoal|1
|-resisted|p2b: Pyroar|1
|-damage|p2a: Torkoal|59/100
|-damage|p2b: Pyroar|58/100
|move|p2b: Pyroar|Heat Wave|p1b: Charizard|[spread] p1a,p1b
|-supereffective|p1a: Whimsicott|1
|-resisted|p1b: Charizard|1
|-enditem|p1a: Whimsicott|Focus Sash
|-damage|p1a: Whimsicott|1/100
|-damage|p1b: Charizard|58/100
|
|-weather|SunnyDay|[upkeep]
|upkeep
|turn|2
|inactive|Antonymize has 30 seconds left.
|inactive|Ttarchomp333 has 30 seconds left.
|inactive|Ttarchomp333 has 20 seconds left.
|
|t:|1783656285
|move|p1a: Whimsicott|Helping Hand|p1b: Charizard
|-singleturn|p1b: Charizard|Helping Hand|[of] p1a: Whimsicott
|move|p1b: Charizard|Heat Wave|p2b: Pyroar|[spread] p2a,p2b
|-resisted|p2a: Torkoal|1
|-resisted|p2b: Pyroar|1
|-damage|p2a: Torkoal|0 fnt
|-damage|p2b: Pyroar|1/100
|faint|p2a: Torkoal
|move|p2b: Pyroar|Heat Wave|p1a: Whimsicott|[spread] p1a,p1b
|-supereffective|p1a: Whimsicott|1
|-resisted|p1b: Charizard|1
|-damage|p1a: Whimsicott|0 fnt
|-damage|p1b: Charizard|14/100
|faint|p1a: Whimsicott
|
|-weather|SunnyDay|[upkeep]
|upkeep
|
|t:|1783656299
|switch|p1a: Torkoal|Torkoal, L50, M|100/100
|switch|p2a: Gallade|Gallade, L50, M|100/100
|turn|3
|inactive|Antonymize has 30 seconds left.
|inactive|Antonymize has 20 seconds left.
|inactive|Antonymize has 15 seconds left.
|
|t:|1783656343
|move|p2a: Gallade|Wide Guard|p2a: Gallade
|-singleturn|p2a: Gallade|Wide Guard
|move|p1b: Charizard|Air Slash|p2a: Gallade
|-supereffective|p2a: Gallade|1
|-damage|p2a: Gallade|20/100r
|move|p2b: Pyroar|Heat Wave|p1a: Torkoal|[spread] p1a,p1b
|-resisted|p1a: Torkoal|1
|-resisted|p1b: Charizard|1
|-damage|p1a: Torkoal|47/100
|-damage|p1b: Charizard|0 fnt
|faint|p1b: Charizard
|move|p1a: Torkoal|Eruption|p2a: Gallade|[spread] 
|-activate|p2a: Gallade|move: Wide Guard
|-activate|p2b: Pyroar|move: Wide Guard
|
|-weather|SunnyDay|[upkeep]
|upkeep
|
|t:|1783656356
|switch|p1b: Incineroar|Incineroar, L50, F|100/100
|-ability|p1b: Incineroar|Intimidate|boost
|-unboost|p2a: Gallade|atk|1
|-unboost|p2b: Pyroar|atk|1
|turn|4
|inactive|Antonymize has 30 seconds left.
|inactive|Antonymize has 20 seconds left.
|
|t:|1783656391
|switch|p2a: Farigiraf|Farigiraf, L50, F|100/100
|move|p1b: Incineroar|Fake Out|p2b: Pyroar
|-damage|p2b: Pyroar|0 fnt
|faint|p2b: Pyroar
|move|p1a: Torkoal|Earth Power|p2a: Farigiraf
|-damage|p2a: Farigiraf|81/100
|
|-weather|SunnyDay|[upkeep]
|-sideend|p1: Antonymize|move: Tailwind
|upkeep
|
|t:|1783656402
|switch|p2b: Gallade|Gallade, L50, M|20/100r
|turn|5
|
|t:|1783656424
|move|p1b: Incineroar|Darkest Lariat|p2a: Farigiraf
|-supereffective|p2a: Farigiraf|1
|-damage|p2a: Farigiraf|14/100
|-enditem|p2a: Farigiraf|Sitrus Berry|[eat]
|-heal|p2a: Farigiraf|39/100|[from] item: Sitrus Berry
|move|p2a: Farigiraf|Thunderbolt|p1a: Torkoal
|-damage|p1a: Torkoal|16/100
|move|p2b: Gallade|Sacred Sword|p1b: Incineroar
|-supereffective|p1b: Incineroar|1
|-damage|p1b: Incineroar|0 fnt
|faint|p1b: Incineroar
|move|p1a: Torkoal|Heat Wave|p2a: Farigiraf|[spread] p2a,p2b
|-damage|p2a: Farigiraf|0 fnt
|-damage|p2b: Gallade|0 fnt
|faint|p2a: Farigiraf
|faint|p2b: Gallade
|
|win|Antonymize
|inactive|Antonymize has 30 seconds to confirm battle start!
|inactive|Ttarchomp333 has 30 seconds to confirm battle start!
|l|☆Ttarchomp333
|player|p2|
|inactive|Antonymize has 20 seconds to confirm battle start!
|inactive|Ttarchomp333 has 20 seconds to confirm battle start!
|raw|Antonymize's rating: 1000 → 1056(+56 for winning)
|raw|Ttarchomp333's rating: 1147 → 1112(-35 for losing)
|l| Tyho45
