|j|☆katkraydel
|j|☆Maffles
|html|katkraydelMaffles    
|uhtml|bestof|Game 1 of a best-of-3
|t:|1783950881
|gametype|doubles
|player|p1|katkraydel|lebanne|1345
|player|p2|Maffles|170|1356
|gen|9
|tier|[Gen 9 Champions] VGC 2026 Reg M-B (Bo3)
|rated|
|rule|Species Clause: Limit one of each Pokémon
|rule|Item Clause: Limit 1 of each item
|clearpoke
|poke|p1|Whimsicott, L50, F|
|poke|p1|Tyranitar, L50, M|
|poke|p1|Kommo-o, L50, M|
|poke|p1|Excadrill, L50, F|
|poke|p1|Venusaur, L50, M|
|poke|p1|Basculegion, L50, M|
|poke|p2|Gengar, L50, M|
|poke|p2|Kingambit, L50, F|
|poke|p2|Ninetales-Alola, L50, M|
|poke|p2|Toxapex, L50, M|
|poke|p2|Basculegion, L50, M|
|poke|p2|Lopunny, L50, F|
|teampreview|4
|showteam|p1|Whimsicott||MentalHerb|Prankster|Moonblast,Tailwind,FakeTears,Protect|Bold||F|||50|]Tyranitar||Tyranitarite|SandStream|RockSlide,KnockOff,IcePunch,Protect|Adamant||M|||50|]Kommo-o||LifeOrb|Overcoat|ClangingScales,AuraSphere,FlashCannon,Protect|Modest||M|||50|]Excadrill||FocusSash|SandRush|HighHorsepower,IronHead,RockTomb,Protect|Adamant||F|||50|]Venusaur||Venusaurite|Chlorophyll|EnergyBall,SludgeBomb,EarthPower,Protect|Modest||M|||50|]Basculegion||ChoiceScarf|Adaptability|WaveCrash,LastRespects,FlipTurn,AquaJet|Adamant||M|||50|
|showteam|p2|Gengar||Gengarite|CursedBody|SludgeBomb,Disable,PerishSong,Protect|Timid||M|||50|]Kingambit||ChopleBerry|Defiant|KowtowCleave,SuckerPunch,SwordsDance,Protect|Brave||F|||50|]Ninetales-Alola||FocusSash|SnowWarning|Blizzard,Moonblast,Encore,Protect|Timid||M|||50|]Toxapex||Leftovers|Regenerator|Infestation,Toxic,WideGuard,BanefulBunker|Bold||M|||50|]Basculegion||SitrusBerry|Adaptability|LastRespects,FlipTurn,Soak,Protect|Sassy||M|||50|]Lopunny||Lopunnite|CuteCharm|CloseCombat,FakeOut,Encore,Protect|Jolly||F|||50|
|c|☆Maffles|interesting team
|c|☆Maffles|mind if I try it out?
|
|t:|1783950929
|teamsize|p1|4
|teamsize|p2|4
|start
|switch|p1a: Excadrill|Excadrill, L50, F|100/100
|switch|p1b: Whimsicott|Whimsicott, L50, F|100/100
|switch|p2a: Gengar|Gengar, L50, M|100/100
|switch|p2b: Lopunny|Lopunny, L50, F|100/100
|turn|1
|
|t:|1783950970
|detailschange|p2a: Gengar|Gengar-Mega, L50, M
|-mega|p2a: Gengar|Gengar|Gengarite
|move|p1a: Excadrill|Protect|p1a: Excadrill
|-singleturn|p1a: Excadrill|Protect
|move|p2b: Lopunny|Fake Out|p1a: Excadrill
|-activate|p1a: Excadrill|move: Protect
|move|p1b: Whimsicott|Tailwind|p1b: Whimsicott
|-sidestart|p1: katkraydel|move: Tailwind
|move|p2a: Gengar|Perish Song|p2a: Gengar
|-start|p1a: Excadrill|perish3|[silent]
|-start|p1b: Whimsicott|perish3|[silent]
|-start|p2a: Gengar|perish3|[silent]
|-start|p2b: Lopunny|perish3|[silent]
|-fieldactivate|move: Perish Song
|
|-start|p1a: Excadrill|perish3
|-start|p1b: Whimsicott|perish3
|-start|p2a: Gengar|perish3
|-start|p2b: Lopunny|perish3
|upkeep
|turn|2
|
|t:|1783950984
|switch|p2b: Basculegion|Basculegion, L50, M|100/100
|move|p2a: Gengar|Protect|p2a: Gengar
|-singleturn|p2a: Gengar|Protect
|move|p1a: Excadrill|High Horsepower|p2b: Basculegion
|-damage|p2b: Basculegion|45/100
|-enditem|p2b: Basculegion|Sitrus Berry|[eat]
|-heal|p2b: Basculegion|70/100|[from] item: Sitrus Berry
|move|p1b: Whimsicott|Moonblast|p2b: Basculegion
|-damage|p2b: Basculegion|50/100y
|
|-start|p1a: Excadrill|perish2
|-start|p1b: Whimsicott|perish2
|-start|p2a: Gengar|perish2
|upkeep
|turn|3
|
|t:|1783950997
|switch|p2a: Lopunny|Lopunny, L50, F|100/100
|move|p1a: Excadrill|High Horsepower|p2a: Lopunny
|-damage|p2a: Lopunny|19/100
|move|p1b: Whimsicott|Moonblast|p2a: Lopunny
|-damage|p2a: Lopunny|0 fnt
|faint|p2a: Lopunny
|move|p2b: Basculegion|Flip Turn|p2: Lopunny|[notarget]
|-fail|p2b: Basculegion
|
|-start|p1a: Excadrill|perish1
|-start|p1b: Whimsicott|perish1
|upkeep
|
|t:|1783951004
|switch|p2a: Gengar|Gengar-Mega, L50, M|100/100
|turn|4
|
|t:|1783951013
|move|p2a: Gengar|Protect|p2a: Gengar
|-singleturn|p2a: Gengar|Protect
|move|p2b: Basculegion|Protect|p2b: Basculegion
|-singleturn|p2b: Basculegion|Protect
|move|p1b: Whimsicott|Tailwind||[still]
|-fail|p1b: Whimsicott
|move|p1a: Excadrill|High Horsepower|p2a: Gengar
|-activate|p2a: Gengar|move: Protect
|
|-start|p1a: Excadrill|perish0
|-start|p1b: Whimsicott|perish0
|-sideend|p1: katkraydel|move: Tailwind
|faint|p1a: Excadrill
|faint|p1b: Whimsicott
|upkeep
|
|t:|1783951015
|switch|p1a: Kommo-o|Kommo-o, L50, M|100/100
|switch|p1b: Tyranitar|Tyranitar, L50, M|100/100
|-weather|Sandstorm|[from] ability: Sand Stream|[of] p1b: Tyranitar
|turn|5
|
|t:|1783951027
|detailschange|p1b: Tyranitar|Tyranitar-Mega, L50, M
|-mega|p1b: Tyranitar|Tyranitar|Tyranitarite
|move|p2a: Gengar|Perish Song|p2a: Gengar
|-start|p1a: Kommo-o|perish3|[silent]
|-start|p1b: Tyranitar|perish3|[silent]
|-start|p2a: Gengar|perish3|[silent]
|-start|p2b: Basculegion|perish3|[silent]
|-fieldactivate|move: Perish Song
|move|p1b: Tyranitar|Knock Off|p2a: Gengar
|-supereffective|p2a: Gengar|1
|-damage|p2a: Gengar|0 fnt
|faint|p2a: Gengar
|move|p1a: Kommo-o|Clanging Scales|p2b: Basculegion
|-damage|p2b: Basculegion|0 fnt
|faint|p2b: Basculegion
|-unboost|p1a: Kommo-o|def|1
|-damage|p1a: Kommo-o|90/100|[from] item: Life Orb
|
|-weather|Sandstorm|[upkeep]
|-start|p1b: Tyranitar|perish3
|-start|p1a: Kommo-o|perish3
|upkeep
|
|t:|1783951042
|switch|p2a: Ninetales|Ninetales-Alola, L50, M|100/100
|-weather|Snowscape|[from] ability: Snow Warning|[of] p2a: Ninetales
|turn|6
|
|t:|1783951046
|move|p2a: Ninetales|Protect|p2a: Ninetales
|-singleturn|p2a: Ninetales|Protect
|move|p1b: Tyranitar|Rock Slide|p2a: Ninetales
|-activate|p2a: Ninetales|move: Protect
|move|p1a: Kommo-o|Flash Cannon|p2a: Ninetales
|-activate|p2a: Ninetales|move: Protect
|
|-weather|Snowscape|[upkeep]
|-start|p1b: Tyranitar|perish2
|-start|p1a: Kommo-o|perish2
|upkeep
|turn|7
|
|t:|1783951053
|move|p2a: Ninetales|Moonblast|p1a: Kommo-o
|-supereffective|p1a: Kommo-o|2
|-damage|p1a: Kommo-o|0 fnt
|faint|p1a: Kommo-o
|move|p1b: Tyranitar|Rock Slide|p2a: Ninetales
|-supereffective|p2a: Ninetales|1
|-enditem|p2a: Ninetales|Focus Sash
|-damage|p2a: Ninetales|1/100
|
|-weather|Snowscape|[upkeep]
|-start|p1b: Tyranitar|perish1
|upkeep
|turn|8
|
|t:|1783951058
|move|p2a: Ninetales|Protect|p2a: Ninetales
|-singleturn|p2a: Ninetales|Protect
|move|p1b: Tyranitar|Rock Slide|p2a: Ninetales
|-activate|p2a: Ninetales|move: Protect
|
|-weather|Snowscape|[upkeep]
|-start|p1b: Tyranitar|perish0
|faint|p1b: Tyranitar
|
|win|Maffles
||Maffles is ready for game 2.
|inactive|katkraydel has 30 seconds to confirm battle start!
||katkraydel is ready for game 2.
|uhtml|next|Next: Game 2 of 3
|j| porygon-epilepz
