|j|☆nipun111
|j|☆archyx05
|html|nipun111archyx05    
|uhtml|bestof|Game 2 of a best-of-3
|t:|1785272226
|gametype|doubles
|player|p1|nipun111|266|1000
|player|p2|archyx05|101|1083
|gen|9
|tier|[Gen 9 Champions] VGC 2026 Reg M-B (Bo3)
|rated|
|rule|Species Clause: Limit one of each Pokémon
|rule|Item Clause: Limit 1 of each item
|clearpoke
|poke|p1|Conkeldurr, L50, M|
|poke|p1|Scovillain, L50, M|
|poke|p1|Kangaskhan, L50, F|
|poke|p1|Hatterene, L50, F|
|poke|p1|Torkoal, L50, M|
|poke|p1|Jolteon, L50, F|
|poke|p2|Sinistcha, L50|
|poke|p2|Garchomp, L50, M|
|poke|p2|Sneasler, L50, M, shiny|
|poke|p2|Floette-Eternal, L50, F|
|poke|p2|Incineroar, L50, F|
|poke|p2|Kingambit, L50, M, shiny|
|teampreview|4
|showteam|p1|Conkeldurr||LifeOrb|Guts|Facade,Earthquake,MachPunch,WideGuard|Sassy||M|||50|]Scovillain||Scovillainite|Moody|SolarBeam,FlareBlitz,Rest,SleepTalk|Relaxed||M|||50|]Kangaskhan||Kangaskhanite|Scrappy|FakeOut,LastResort,HammerArm|Brave||F|||50|]Hatterene||FocusSash|Healer|TrickRoom,FutureSight,Psychic,DazzlingGleam|Quiet||F|||50|]Torkoal||SitrusBerry|Drought|HeatWave,SolarBeam,Protect,RockSlide|Quiet||M|||50|]Jolteon||Leftovers|VoltAbsorb|VoltSwitch,Thunderbolt,ShadowBall,Detect|Bold||F|||50|
|showteam|p2|Sinistcha||KasibBerry|Hospitality|MatchaGotcha,RagePowder,TrickRoom,Protect|Bold|||||50|]Garchomp||Garchompite|SandVeil|Protect,RockSlide,Earthquake,StompingTantrum|Adamant||M|||50|]Sneasler||FocusSash|Unburden|CloseCombat,DireClaw,FakeOut,Coaching|Jolly||M|||50|]Floette-Eternal||Floettite|FlowerVeil|Protect,CalmMind,Moonblast,DazzlingGleam|Modest||F|||50|]Incineroar||SitrusBerry|Intimidate|FakeOut,FlareBlitz,DarkestLariat,PartingShot|Impish||F|||50|]Kingambit||ChopleBerry|Defiant|KowtowCleave,SuckerPunch,IronHead,Protect|Adamant||M|||50|
|inactive|Battle timer is ON: inactive players will automatically lose when time's up. (requested by nipun111)
|inactive|archyx05 also wants the timer to be on.
|inactive|archyx05 has 60 seconds left.
|
|t:|1785272278
|teamsize|p1|4
|teamsize|p2|4
|start
|switch|p1a: Torkoal|Torkoal, L50, M|100/100
|switch|p1b: Scovillain|Scovillain, L50, M|100/100
|switch|p2a: Incineroar|Incineroar, L50, F|100/100
|switch|p2b: Garchomp|Garchomp, L50, M|100/100
|-ability|p2a: Incineroar|Intimidate|boost
|-unboost|p1a: Torkoal|atk|1
|-unboost|p1b: Scovillain|atk|1
|-weather|SunnyDay|[from] ability: Drought|[of] p1a: Torkoal
|turn|1
|
|t:|1785272300
|detailschange|p2b: Garchomp|Garchomp-Mega, L50, M
|-mega|p2b: Garchomp|Garchomp|Garchompite
|detailschange|p1b: Scovillain|Scovillain-Mega, L50, M
|-mega|p1b: Scovillain|Scovillain|Scovillainite
|move|p1a: Torkoal|Protect|p1a: Torkoal
|-singleturn|p1a: Torkoal|Protect
|move|p2a: Incineroar|Fake Out|p1b: Scovillain
|-damage|p1b: Scovillain|90/100
|-immune|p2a: Incineroar
|move|p2b: Garchomp|Stomping Tantrum|p1a: Torkoal
|-activate|p1a: Torkoal|move: Protect
|cant|p1b: Scovillain|flinch
|
|-weather|SunnyDay|[upkeep]
|upkeep
|turn|2
|
|t:|1785272324
|move|p2b: Garchomp|Stomping Tantrum|p1a: Torkoal
|-supereffective|p1a: Torkoal|1
|-damage|p1a: Torkoal|8/100
|-enditem|p1a: Torkoal|Sitrus Berry|[eat]
|-heal|p1a: Torkoal|33/100|[from] item: Sitrus Berry
|move|p1b: Scovillain|Solar Beam||[still]
|-prepare|p1b: Scovillain|Solar Beam
|-anim|p1b: Scovillain|Solar Beam|p2a: Incineroar
|-resisted|p2a: Incineroar|1
|-damage|p2a: Incineroar|74/100
|move|p2a: Incineroar|Parting Shot|p1b: Scovillain
|-unboost|p1b: Scovillain|atk|1
|-unboost|p1b: Scovillain|spa|1
|
|t:|1785272337
|switch|p2a: Sneasler|Sneasler, L50, M, shiny|100/100|[from] Parting Shot
|move|p1a: Torkoal|Solar Beam||[still]
|-prepare|p1a: Torkoal|Solar Beam
|-anim|p1a: Torkoal|Solar Beam|p2b: Garchomp
|-damage|p2b: Garchomp|73/100
|
|-weather|SunnyDay|[upkeep]
|upkeep
|turn|3
|inactive|nipun111 has 30 seconds left.
|inactive|archyx05 has 30 seconds left.
|
|t:|1785272367
|switch|p2a: Incineroar|Incineroar, L50, F|74/100
|-ability|p2a: Incineroar|Intimidate|boost
|-unboost|p1a: Torkoal|atk|1
|-unboost|p1b: Scovillain|atk|1
|move|p1a: Torkoal|Protect|p1a: Torkoal
|-singleturn|p1a: Torkoal|Protect
|move|p2b: Garchomp|Stomping Tantrum|p1a: Torkoal
|-activate|p1a: Torkoal|move: Protect
|move|p1b: Scovillain|Flare Blitz|p2a: Incineroar
|-resisted|p2a: Incineroar|1
|-damage|p2a: Incineroar|62/100
|-damage|p1b: Scovillain|84/100|[from] Recoil
|
|-weather|SunnyDay|[upkeep]
|upkeep
|turn|4
|
|t:|1785272388
|move|p2b: Garchomp|Stomping Tantrum|p1a: Torkoal
|-supereffective|p1a: Torkoal|1
|-crit|p1a: Torkoal
|-damage|p1a: Torkoal|0 fnt
|faint|p1a: Torkoal
|move|p1b: Scovillain|Rest|p1b: Scovillain
|-status|p1b: Scovillain|slp|[from] move: Rest
|-heal|p1b: Scovillain|100/100 slp|[silent]
|move|p2a: Incineroar|Flare Blitz|p1b: Scovillain
|-damage|p1b: Scovillain|26/100 slp
|-immune|p2a: Incineroar
|-damage|p2a: Incineroar|45/100|[from] Recoil
|-enditem|p2a: Incineroar|Sitrus Berry|[eat]
|-heal|p2a: Incineroar|70/100|[from] item: Sitrus Berry
|
|-weather|SunnyDay|[upkeep]
|upkeep
|
|t:|1785272405
|switch|p1a: Conkeldurr|Conkeldurr, L50, M|100/100
|turn|5
|
|t:|1785272413
|move|p2b: Garchomp|Stomping Tantrum|p1a: Conkeldurr
|-damage|p1a: Conkeldurr|56/100
|cant|p1b: Scovillain|slp
|move|p1b: Scovillain|Sleep Talk|p1b: Scovillain
|move|p1b: Scovillain|Rest||[from] move: Sleep Talk|[still]
|-fail|p1b: Scovillain
|move|p2a: Incineroar|Parting Shot|p1a: Conkeldurr
|-unboost|p1a: Conkeldurr|atk|1
|-unboost|p1a: Conkeldurr|spa|1
|
|t:|1785272418
|switch|p2a: Sinistcha|Sinistcha, L50|100/100|[from] Parting Shot
|-heal|p2b: Garchomp|98/100|[from] ability: Hospitality|[of] p2a: Sinistcha
|move|p1a: Conkeldurr|Earthquake|p2a: Sinistcha|[spread] p1b,p2a,p2b
|-resisted|p2a: Sinistcha|1
|-damage|p1b: Scovillain|4/100 slp
|-damage|p2a: Sinistcha|92/100
|-damage|p2b: Garchomp|83/100
|-status|p1a: Conkeldurr|brn|[from] ability: Spicy Spray|[of] p1b: Scovillain
|-damage|p1a: Conkeldurr|46/100 brn|[from] item: Life Orb
|
|-weather|none
|-damage|p1a: Conkeldurr|40/100 brn|[from] brn
|upkeep
|turn|6
|
|t:|1785272439
|move|p1a: Conkeldurr|Wide Guard|p1a: Conkeldurr
|-singleturn|p1a: Conkeldurr|Wide Guard
|move|p2b: Garchomp|Stomping Tantrum|p1a: Conkeldurr
|-damage|p1a: Conkeldurr|1/100 brn
|move|p2a: Sinistcha|Matcha Gotcha|p1a: Conkeldurr|[spread] 
|-activate|p1a: Conkeldurr|move: Wide Guard
|-activate|p1b: Scovillain|move: Wide Guard
|cant|p1b: Scovillain|slp
|move|p1b: Scovillain|Sleep Talk|p1b: Scovillain
|move|p1b: Scovillain|Flare Blitz|p2b: Garchomp|[from] move: Sleep Talk
|-resisted|p2b: Garchomp|1
|-damage|p2b: Garchomp|74/100
|-damage|p1b: Scovillain|0 fnt|[from] Recoil
|faint|p1b: Scovillain
|
|-damage|p1a: Conkeldurr|0 fnt|[from] brn
|faint|p1a: Conkeldurr
|upkeep
|-message|nipun111 forfeited.
|raw|nipun111's rating: 1000 → 1000(+0 for losing)
|raw|archyx05's rating: 1083 → 1104(+21 for winning)
|
|win|archyx05
