|j|☆el_papas2893
|j|☆CritHappens5
|html|el_papas2893CritHappens5    
|uhtml|bestof|Game 1 of a best-of-3
|t:|1757252691
|gametype|doubles
|player|p1|el_papas2893|265|1058
|player|p2|CritHappens5|170|1197
|gen|9
|tier|[Gen 9] VGC 2025 Reg H (Bo3)
|rated|
|rule|Species Clause: Limit one of each Pokémon
|rule|Item Clause: Limit 1 of each item
|clearpoke
|poke|p1|Bastiodon, L50, M|
|poke|p1|Electabuzz, L50, F|
|poke|p1|Indeedee, L50, M|
|poke|p1|Tauros-Paldea-Aqua, L50, M|
|poke|p1|Talonflame, L50, M|
|poke|p1|Ursaluna-Bloodmoon, L50, M|
|poke|p2|Sneasler, L50, F|
|poke|p2|Indeedee, L50, M|
|poke|p2|Volcarona, L50, M|
|poke|p2|Ursaluna-Bloodmoon, L50, M|
|poke|p2|Annihilape, L50, F|
|poke|p2|Tyranitar, L50, M|
|teampreview|4
|showteam|p1|Bastiodon||Leftovers|Soundproof|BodyPress,WideGuard,StoneEdge,IronDefense|||M|||50|,,,,,Fighting]Electabuzz||Eviolite|VitalSpirit|Electroweb,FollowMe,Protect,HelpingHand|||F|||50|,,,,,Dragon]Indeedee||FocusSash|PsychicSurge|ExpandingForce,TeraBlast,TrickRoom,Protect|||M|||50|,,,,,Fighting]Tauros-Paldea-Aqua||SitrusBerry|CudChew|CloseCombat,AquaJet,WaveCrash,LashOut|||M|||50|,,,,,Fire]Talonflame||CovertCloak|GaleWings|Tailwind,DualWingbeat,WillOWisp,FlareBlitz|||M|||50|,,,,,Fairy]Ursaluna-Bloodmoon||LifeOrb|MindsEye|HyperVoice,BloodMoon,EarthPower,Protect|||M|||50|,,,,,Normal
|showteam|p2|Sneasler||PsychicSeed|Unburden|CloseCombat,DireClaw,ThroatChop,Protect|||F|||50|,,,,,Dark]Indeedee||ChoiceScarf|PsychicSurge|ExpandingForce,TeraBlast,Trick,Protect|||M|||50|,,,,,Psychic]Volcarona||SitrusBerry|FlameBody|Overheat,StruggleBug,RagePowder,Tailwind|||M|||50|,,,,,Dragon]Ursaluna-Bloodmoon||LifeOrb|MindsEye|BloodMoon,HyperVoice,EarthPower,Protect|||M|||50|,,,,,Normal]Annihilape||SafetyGoggles|Defiant|CloseCombat,RageFist,Taunt,FinalGambit|||F|||50|,,,,,Fairy]Tyranitar||AssaultVest|SandStream|RockSlide,KnockOff,TeraBlast,LowKick|||M|||50|,,,,,Flying
|inactive|Battle timer is ON: inactive players will automatically lose when time's up. (requested by CritHappens5)
|
|t:|1757252768
|teamsize|p1|4
|teamsize|p2|4
|start
|switch|p1a: Electabuzz|Electabuzz, L50, F|100/100
|switch|p1b: Bastiodon|Bastiodon, L50, M|100/100
|switch|p2a: Annihilape|Annihilape, L50, F|100/100
|switch|p2b: Tyranitar|Tyranitar, L50, M|100/100
|-weather|Sandstorm|[from] ability: Sand Stream|[of] p2b: Tyranitar
|turn|1
|inactive|el_papas2893 has 30 seconds left.
|inactive|CritHappens5 has 30 seconds left.
|inactive|el_papas2893 has 20 seconds left.
|
|t:|1757252806
|switch|p1a: Tauros|Tauros-Paldea-Aqua, L50, M|100/100
|-terastallize|p1b: Bastiodon|Fighting
|move|p2a: Annihilape|Taunt|p1a: Tauros
|-start|p1a: Tauros|move: Taunt
|move|p2b: Tyranitar|Knock Off|p1b: Bastiodon
|-resisted|p1b: Bastiodon
|-damage|p1b: Bastiodon|84/100
|-enditem|p1b: Bastiodon|Leftovers|[from] move: Knock Off|[of] p2b: Tyranitar
|move|p1b: Bastiodon|Iron Defense|p1b: Bastiodon
|-boost|p1b: Bastiodon|def|2
|
|-weather|Sandstorm|[upkeep]
|-damage|p1a: Tauros|94/100|[from] Sandstorm
|-damage|p1b: Bastiodon|78/100|[from] Sandstorm
|upkeep
|turn|2
|inactive|el_papas2893 has 30 seconds left.
|
|t:|1757252832
|-terastallize|p2b: Tyranitar|Flying
|move|p2a: Annihilape|Final Gambit|p1b: Bastiodon
|-damage|p1b: Bastiodon|0 fnt
|faint|p2a: Annihilape
|faint|p1b: Bastiodon
|move|p1a: Tauros|Wave Crash|p2b: Tyranitar
|-damage|p2b: Tyranitar|45/100
|-damage|p1a: Tauros|71/100|[from] Recoil
|move|p2b: Tyranitar|Tera Blast|p1a: Tauros|[anim] Tera Blast Flying
|-supereffective|p1a: Tauros
|-damage|p1a: Tauros|0 fnt
|faint|p1a: Tauros
|
|-weather|Sandstorm|[upkeep]
|-damage|p2b: Tyranitar|39/100|[from] Sandstorm
|upkeep
|
|t:|1757252850
|switch|p2a: Sneasler|Sneasler, L50, F|100/100
|switch|p1a: Electabuzz|Electabuzz, L50, F|100/100
|switch|p1b: Talonflame|Talonflame, L50, M|100/100
|turn|3
|
|t:|1757252862
|move|p1b: Talonflame|Dual Wingbeat|p2a: Sneasler|[miss]
|-miss|p1b: Talonflame|p2a: Sneasler
|move|p2a: Sneasler|Close Combat|p1a: Electabuzz
|-damage|p1a: Electabuzz|48/100
|-unboost|p2a: Sneasler|def|1
|-unboost|p2a: Sneasler|spd|1
|move|p1a: Electabuzz|Electroweb|p2b: Tyranitar|[spread] p2a,p2b
|-supereffective|p2b: Tyranitar
|-damage|p2a: Sneasler|70/100
|-damage|p2b: Tyranitar|20/100
|-unboost|p2a: Sneasler|spe|1
|-unboost|p2b: Tyranitar|spe|1
|move|p2b: Tyranitar|Rock Slide|p1b: Talonflame|[spread] p1a
|-miss|p2b: Tyranitar|p1b: Talonflame
|-damage|p1a: Electabuzz|25/100
|
|-weather|Sandstorm|[upkeep]
|-damage|p1b: Talonflame|95/100|[from] Sandstorm
|-damage|p1a: Electabuzz|19/100|[from] Sandstorm
|-damage|p2a: Sneasler|64/100|[from] Sandstorm
|-damage|p2b: Tyranitar|15/100|[from] Sandstorm
|upkeep
|turn|4
|inactive|CritHappens5 has 30 seconds left.
|
|t:|1757252889
|move|p2a: Sneasler|Protect|p2a: Sneasler
|-singleturn|p2a: Sneasler|Protect
|move|p1b: Talonflame|Dual Wingbeat|p2a: Sneasler
|-activate|p2a: Sneasler|move: Protect
|move|p1a: Electabuzz|Electroweb|p2a: Sneasler|[spread] p2b
|-activate|p2a: Sneasler|move: Protect
|-supereffective|p2b: Tyranitar
|-damage|p2b: Tyranitar|0 fnt
|faint|p2b: Tyranitar
|
|-weather|Sandstorm|[upkeep]
|-damage|p1b: Talonflame|89/100|[from] Sandstorm
|-damage|p1a: Electabuzz|13/100|[from] Sandstorm
|-damage|p2a: Sneasler|58/100|[from] Sandstorm
|upkeep
|
|t:|1757252897
|switch|p2b: Indeedee|Indeedee, L50, M|100/100
|-fieldstart|move: Psychic Terrain|[from] ability: Psychic Surge|[of] p2b: Indeedee
|-enditem|p2a: Sneasler|Psychic Seed
|-boost|p2a: Sneasler|spd|1|[from] item: Psychic Seed
|turn|5
|-message|el_papas2893 forfeited.
|
|win|CritHappens5
|l|☆el_papas2893
|player|p1|
||CritHappens5 is ready for game 2.
|j|☆el_papas2893
|player|p1|el_papas2893|265|
|l|☆el_papas2893
|player|p1|
||el_papas2893 is ready for game 2.
|uhtml|next|Next: Game 2 of 3
