|j|☆GS Barnabe
|j|☆piipyy
|html|GS Barnabepiipyy    
|uhtml|bestof|Game 1 of a best-of-3
|t:|1785894974
|gametype|doubles
|player|p1|GS Barnabe|102|1078
|player|p2|piipyy|170|1134
|gen|9
|tier|[Gen 9 Champions] VGC 2026 Reg M-B (Bo3)
|rated|
|rule|Species Clause: Limit one of each Pokémon
|rule|Item Clause: Limit 1 of each item
|clearpoke
|poke|p1|Clefable, L50, F|
|poke|p1|Tyranitar, L50, F|
|poke|p1|Garchomp, L50, F|
|poke|p1|Gholdengo, L50|
|poke|p1|Rotom-Wash, L50|
|poke|p1|Aerodactyl, L50, F|
|poke|p2|Charizard, L50, M|
|poke|p2|Garchomp, L50, M|
|poke|p2|Venusaur, L50, F|
|poke|p2|Kingambit, L50, M|
|poke|p2|Basculegion, L50, M|
|poke|p2|Floette-Eternal, L50, F|
|teampreview|4
|showteam|p1|Clefable||SitrusBerry|Unaware|Moonblast,FollowMe,HealPulse,Protect|Bold||F|||50|]Tyranitar||ChoiceScarf|SandStream|RockSlide,KnockOff,IcePunch,Superpower|Jolly||F|||50|]Garchomp||Garchompite|SandVeil|DracoMeteor,EarthPower,PowerGem,Protect|Modest||F|||50|]Gholdengo||LifeOrb|GoodasGold|MakeItRain,ShadowBall,NastyPlot,Protect|Modest|||||50|]Rotom-Wash||Leftovers|Levitate|HydroPump,VoltSwitch,WillOWisp,Protect|Calm|||||50|]Aerodactyl||Aerodactylite|RockHead|RockSlide,DualWingbeat,Tailwind,Protect|Jolly||F|||50|
|showteam|p2|Charizard||CharizarditeY|Blaze|HeatWave,WeatherBall,SolarBeam,Protect|Timid||M|||50|]Garchomp||SitrusBerry|RoughSkin|RockSlide,Earthquake,DragonClaw,Protect|Jolly||M|||50|]Venusaur||FocusSash|Chlorophyll|SludgeBomb,SleepPowder,Protect,EarthPower|Modest||F|||50|]Kingambit||BlackGlasses|Defiant|KowtowCleave,SuckerPunch,IronDefense,Protect|Adamant||M|||50|]Basculegion||MysticWater|Adaptability|AquaJet,WaveCrash,LastRespects,Protect|Adamant||M|||50|]Floette-Eternal||Floettite|FlowerVeil|Synthesis,LightofRuin,CalmMind,Moonblast|Timid||F|||50|
|
|t:|1785895038
|teamsize|p1|4
|teamsize|p2|4
|start
|switch|p1a: Aerodactyl|Aerodactyl, L50, F|100/100
|switch|p1b: Rotom|Rotom-Wash, L50|100/100
|switch|p2a: Charizard|Charizard, L50, M|100/100
|switch|p2b: Venusaur|Venusaur, L50, F|100/100
|turn|1
|
|t:|1785895075
|detailschange|p1a: Aerodactyl|Aerodactyl-Mega, L50, F
|-mega|p1a: Aerodactyl|Aerodactyl|Aerodactylite
|detailschange|p2a: Charizard|Charizard-Mega-Y, L50, M
|-mega|p2a: Charizard|Charizard|Charizardite Y
|-weather|SunnyDay|[from] ability: Drought|[of] p2a: Charizard
|move|p2b: Venusaur|Sleep Powder|p1a: Aerodactyl
|-status|p1a: Aerodactyl|slp|[from] move: Sleep Powder
|cant|p1a: Aerodactyl|slp
|move|p2a: Charizard|Solar Beam||[still]
|-prepare|p2a: Charizard|Solar Beam
|-anim|p2a: Charizard|Solar Beam|p1b: Rotom
|-supereffective|p1b: Rotom|1
|-damage|p1b: Rotom|21/100
|move|p1b: Rotom|Volt Switch|p2a: Charizard
|-supereffective|p2a: Charizard|1
|-damage|p2a: Charizard|57/100
|
|t:|1785895092
|switch|p1b: Tyranitar|Tyranitar, L50, F|100/100|[from] Volt Switch
|-weather|Sandstorm|[from] ability: Sand Stream|[of] p1b: Tyranitar
|
|-weather|Sandstorm|[upkeep]
|-damage|p2a: Charizard|51/100|[from] Sandstorm
|-damage|p2b: Venusaur|94/100|[from] Sandstorm
|upkeep
|turn|2
|
|t:|1785895142
|switch|p2a: Kingambit|Kingambit, L50, M|100/100
|cant|p1a: Aerodactyl|slp
|move|p1b: Tyranitar|Superpower|p2a: Kingambit
|-supereffective|p2a: Kingambit|2
|-damage|p2a: Kingambit|0 fnt
|-unboost|p1b: Tyranitar|atk|1
|-unboost|p1b: Tyranitar|def|1
|faint|p2a: Kingambit
|move|p2b: Venusaur|Earth Power|p1b: Tyranitar
|-supereffective|p1b: Tyranitar|1
|-damage|p1b: Tyranitar|57/100
|
|-weather|Sandstorm|[upkeep]
|-damage|p2b: Venusaur|88/100|[from] Sandstorm
|upkeep
|
|t:|1785895155
|switch|p2a: Charizard|Charizard-Mega-Y, L50, M|51/100
|-weather|SunnyDay|[from] ability: Drought|[of] p2a: Charizard
|turn|3
|
|t:|1785895170
|switch|p1b: Rotom|Rotom-Wash, L50|21/100
|move|p2b: Venusaur|Earth Power|p1b: Rotom
|-immune|p1b: Rotom|[from] ability: Levitate
|-curestatus|p1a: Aerodactyl|slp|[msg]
|move|p1a: Aerodactyl|Rock Slide|p2a: Charizard|[spread] p2a,p2b
|-supereffective|p2a: Charizard|2
|-damage|p2a: Charizard|0 fnt
|-damage|p2b: Venusaur|49/100
|faint|p2a: Charizard
|
|-weather|SunnyDay|[upkeep]
|-heal|p1b: Rotom|27/100|[from] item: Leftovers
|upkeep
|
|t:|1785895182
|switch|p2a: Basculegion|Basculegion, L50, M|100/100
|turn|4
|
|t:|1785895209
|switch|p1b: Tyranitar|Tyranitar, L50, F|57/100
|-weather|Sandstorm|[from] ability: Sand Stream|[of] p1b: Tyranitar
|move|p1a: Aerodactyl|Tailwind|p1a: Aerodactyl
|-sidestart|p1: GS Barnabe|move: Tailwind
|move|p2b: Venusaur|Sleep Powder|p1a: Aerodactyl
|-status|p1a: Aerodactyl|slp|[from] move: Sleep Powder
|move|p2a: Basculegion|Wave Crash|p1a: Aerodactyl
|-supereffective|p1a: Aerodactyl|1
|-damage|p1a: Aerodactyl|0 fnt
|faint|p1a: Aerodactyl
|-damage|p2a: Basculegion|72/100|[from] Recoil
|
|-weather|Sandstorm|[upkeep]
|-damage|p2b: Venusaur|43/100|[from] Sandstorm
|-damage|p2a: Basculegion|66/100|[from] Sandstorm
|upkeep
|
|t:|1785895232
|switch|p1a: Gholdengo|Gholdengo, L50|100/100
|turn|5
|
|t:|1785895265
|move|p2a: Basculegion|Aqua Jet|p1b: Tyranitar
|-supereffective|p1b: Tyranitar|1
|-damage|p1b: Tyranitar|0 fnt
|faint|p1b: Tyranitar
|move|p1a: Gholdengo|Shadow Ball|p2a: Basculegion
|-supereffective|p2a: Basculegion|1
|-damage|p2a: Basculegion|0 fnt
|faint|p2a: Basculegion
|-damage|p1a: Gholdengo|90/100|[from] item: Life Orb
|move|p2b: Venusaur|Earth Power|p1a: Gholdengo
|-supereffective|p1a: Gholdengo|1
|-damage|p1a: Gholdengo|33/100
|
|-weather|Sandstorm|[upkeep]
|-damage|p2b: Venusaur|38/100|[from] Sandstorm
|upkeep
|
|t:|1785895281
|switch|p1b: Rotom|Rotom-Wash, L50|27/100
|turn|6
|inactive|Battle timer is ON: inactive players will automatically lose when time's up. (requested by GS Barnabe)
|
|t:|1785895327
|move|p1b: Rotom|Will-O-Wisp|p2b: Venusaur
|-status|p2b: Venusaur|brn
|move|p1a: Gholdengo|Make It Rain|p2b: Venusaur
|-damage|p2b: Venusaur|0 fnt
|-unboost|p1a: Gholdengo|spa|2
|faint|p2b: Venusaur
|-damage|p1a: Gholdengo|23/100|[from] item: Life Orb
|
|win|GS Barnabe
||piipyy is ready for game 2.
