|j|☆Frisk Azzy
|j|☆LittleSunLight
|html|Frisk AzzyLittleSunLight    
|uhtml|bestof|Game 1 of a best-of-3
|t:|1784922149
|gametype|doubles
|player|p1|Frisk Azzy|riley|
|player|p2|LittleSunLight|beauty|
|gen|9
|tier|[Gen 9 Champions] VGC 2026 Reg M-B (Bo3)
|rule|Species Clause: Limit one of each Pokémon
|rule|Item Clause: Limit 1 of each item
|clearpoke
|poke|p1|Charizard, L50, M, shiny|
|poke|p1|Venusaur, L50, M|
|poke|p1|Whimsicott, L50, F|
|poke|p1|Luxray, L50, M, shiny|
|poke|p1|Aegislash, L50, M|
|poke|p1|Garchomp, L50, F, shiny|
|poke|p2|Froslass, L50, F|
|poke|p2|Kingambit, L50, M|
|poke|p2|Ninetales-Alola, L50, M|
|poke|p2|Basculegion, L50, M|
|poke|p2|Sneasler, L50, M|
|poke|p2|Dragonite, L50, M, shiny|
|teampreview|4
|showteam|p1|Charizard||CharizarditeY|SolarPower|AirSlash,HeatWave,Protect,SolarBeam|Timid||M|||50|]Venusaur||LifeOrb|Chlorophyll|GigaDrain,Protect,EarthPower,SludgeBomb|Modest||M|||50|]Whimsicott||FocusSash|Prankster|Taunt,Tailwind,SunnyDay,Moonblast|Timid||F|||50|]Luxray||SitrusBerry|Intimidate|WildCharge,Protect,VoltSwitch,Crunch|Sassy||M|||50|]Aegislash||SpellTag|StanceChange|ShadowSneak,KingsShield,WideGuard,IronHead|Adamant||M|||50|]Garchomp||YacheBerry|RoughSkin|DragonClaw,RockSlide,Earthquake,Protect|Jolly||F|||50|
|showteam|p2|Froslass||Froslassite|CursedBody|FrostBreath,Blizzard,ShadowBall,AuroraVeil|Timid||F|||50|]Kingambit||ChopleBerry|Defiant|Protect,IronHead,SuckerPunch,LowKick|Adamant||M|||50|]Ninetales-Alola||FocusSash|SnowWarning|Blizzard,FreezeDry,RainDance,AuroraVeil|Timid||M|||50|]Basculegion||ChoiceScarf|Adaptability|FlipTurn,WaveCrash,AquaJet,LastRespects|Adamant||M|||50|]Sneasler||WhiteHerb|Unburden|Protect,CloseCombat,DireClaw,FakeOut|Jolly||M|||50|]Dragonite||Dragoninite|Multiscale|Protect,Tailwind,DragonPulse,Flamethrower|Modest||M|||50|
|c|☆LittleSunLight|glhf!
|inactive|Battle timer is ON: inactive players will automatically lose when time's up. (requested by LittleSunLight)
|c|☆Frisk Azzy|glhf
|inactive|LittleSunLight has 60 seconds left.
|
|t:|1784922212
|teamsize|p1|4
|teamsize|p2|4
|start
|switch|p1a: Bow|Garchomp, L50, F, shiny|100/100
|switch|p1b: Dr While|Whimsicott, L50, F|100/100
|switch|p2a: SourPwr|Basculegion, L50, M|100/100
|switch|p2b: Glitter!|Dragonite, L50, M, shiny|100/100
|turn|1
|inactive|LittleSunLight has 30 seconds left.
|inactive|LittleSunLight has 20 seconds left.
|
|t:|1784922248
|detailschange|p2b: Glitter!|Dragonite-Mega, L50, M, shiny
|-mega|p2b: Glitter!|Dragonite|Dragoninite
|move|p1b: Dr While|Taunt|p2b: Glitter!
|-start|p2b: Glitter!|move: Taunt
|move|p2a: SourPwr|Flip Turn|p1a: Bow
|-damage|p1a: Bow|57/100
|-damage|p2a: SourPwr|87/100|[from] ability: Rough Skin|[of] p1a: Bow
|
|t:|1784922258
|switch|p2a: Frisk!|Ninetales-Alola, L50, M|100/100|[from] Flip Turn
|-weather|Snowscape|[from] ability: Snow Warning|[of] p2a: Frisk!
|move|p1a: Bow|Rock Slide|p2a: Frisk!|[spread] p2a,p2b
|-supereffective|p2a: Frisk!|1
|-supereffective|p2b: Glitter!|1
|-damage|p2a: Frisk!|58/100
|-damage|p2b: Glitter!|82/100
|cant|p2b: Glitter!|move: Taunt|Tailwind
|
|-weather|Snowscape|[upkeep]
|upkeep
|turn|2
|inactive|LittleSunLight has 30 seconds left.
|inactive|LittleSunLight has 20 seconds left.
|inactive|LittleSunLight has 15 seconds left.
|inactive|LittleSunLight has 10 seconds left.
|
|t:|1784922307
|switch|p2b: SourPwr|Basculegion, L50, M|87/100
|move|p1b: Dr While|Tailwind|p1b: Dr While
|-sidestart|p1: Frisk Azzy|move: Tailwind
|move|p1a: Bow|Rock Slide|p2b: SourPwr|[spread] p2a,p2b
|-supereffective|p2a: Frisk!|1
|-damage|p2a: Frisk!|21/100
|-damage|p2b: SourPwr|64/100
|move|p2a: Frisk!|Freeze-Dry|p1b: Dr While
|-supereffective|p1b: Dr While|1
|-damage|p1b: Dr While|24/100
|
|-weather|Snowscape|[upkeep]
|upkeep
|turn|3
|inactive|LittleSunLight has 30 seconds left.
|inactive|LittleSunLight has 20 seconds left.
|inactive|LittleSunLight has 15 seconds left.
|inactive|LittleSunLight has 10 seconds left.
|inactive|LittleSunLight has 5 seconds left.
|
|t:|1784922357
|move|p1b: Dr While|Moonblast|p2b: SourPwr
|-damage|p2b: SourPwr|30/100
|move|p1a: Bow|Rock Slide|p2b: SourPwr|[spread] p2b
|-miss|p1a: Bow|p2a: Frisk!
|-crit|p2b: SourPwr
|-damage|p2b: SourPwr|0 fnt
|faint|p2b: SourPwr
|move|p2a: Frisk!|Freeze-Dry|p1b: Dr While
|-supereffective|p1b: Dr While|1
|-damage|p1b: Dr While|0 fnt
|faint|p1b: Dr While
|
|-weather|Snowscape|[upkeep]
|upkeep
|
|t:|1784922379
|switch|p1b: Hexcalibern|Aegislash, L50, M|100/100
|switch|p2b: Mochi|Sneasler, L50, M|100/100
|turn|4
|
|t:|1784922393
|switch|p2a: Glitter!|Dragonite-Mega, L50, M, shiny|82/100
|move|p1a: Bow|Protect|p1a: Bow
|-singleturn|p1a: Bow|Protect
|move|p2b: Mochi|Fake Out|p1a: Bow
|-activate|p1a: Bow|move: Protect
|-formechange|p1b: Hexcalibern|Aegislash-Blade|
|move|p1b: Hexcalibern|Iron Head|p2a: Glitter!
|-damage|p2a: Glitter!|39/100
|
|-weather|Snowscape|[upkeep]
|upkeep
|turn|5
|
|t:|1784922411
|switch|p1b: Dragoniod|Charizard, L50, M, shiny|100/100
|move|p2b: Mochi|Protect|p2b: Mochi
|-singleturn|p2b: Mochi|Protect
|move|p2a: Glitter!|Protect|p2a: Glitter!
|-singleturn|p2a: Glitter!|Protect
|move|p1a: Bow|Earthquake|p2b: Mochi|[spread] 
|-activate|p2a: Glitter!|move: Protect
|-activate|p2b: Mochi|move: Protect
|-immune|p1b: Dragoniod
|
|-weather|none
|-sideend|p1: Frisk Azzy|move: Tailwind
|upkeep
|turn|6
|inactive|LittleSunLight has 30 seconds left.
|inactive|Frisk Azzy has 30 seconds left.
|inactive|LittleSunLight has 20 seconds left.
|inactive|LittleSunLight has 15 seconds left.
|inactive|Frisk Azzy has 20 seconds left.
|inactive|LittleSunLight has 10 seconds left.
|
|t:|1784922460
|detailschange|p1b: Dragoniod|Charizard-Mega-Y, L50, M, shiny
|-mega|p1b: Dragoniod|Charizard|Charizardite Y
|-weather|SunnyDay|[from] ability: Drought|[of] p1b: Dragoniod
|move|p2b: Mochi|Close Combat|p1b: Dragoniod
|-resisted|p1b: Dragoniod|1
|-damage|p1b: Dragoniod|58/100
|-unboost|p2b: Mochi|def|1
|-unboost|p2b: Mochi|spd|1
|-enditem|p2b: Mochi|White Herb
|-clearnegativeboost|p2b: Mochi|[silent]
|move|p1a: Bow|Dragon Claw|p2a: Glitter!
|-supereffective|p2a: Glitter!|1
|-damage|p2a: Glitter!|0 fnt
|faint|p2a: Glitter!
|move|p1b: Dragoniod|Heat Wave|p2b: Mochi
|-damage|p2b: Mochi|0 fnt
|faint|p2b: Mochi
|
|-weather|SunnyDay|[upkeep]
|upkeep
|
|t:|1784922479
|switch|p2b: Frisk!|Ninetales-Alola, L50, M|21/100
|-weather|Snowscape|[from] ability: Snow Warning|[of] p2b: Frisk!
|turn|7
|
|t:|1784922490
|switch|p1a: Hexcalibern|Aegislash, L50, M|100/100
|move|p2b: Frisk!|Blizzard|p1a: Hexcalibern|[spread] p1a,p1b
|-resisted|p1a: Hexcalibern|1
|-damage|p1a: Hexcalibern|86/100
|-damage|p1b: Dragoniod|26/100
|-status|p1a: Hexcalibern|frz
|move|p1b: Dragoniod|Heat Wave|p2b: Frisk!|[miss]
|-miss|p1b: Dragoniod|p2b: Frisk!
|
|-weather|Snowscape|[upkeep]
|upkeep
|turn|8
|c|☆Frisk Azzy|ggwp
|
|t:|1784922511
|cant|p1a: Hexcalibern|frz
|move|p2b: Frisk!|Blizzard|p1b: Dragoniod|[spread] p1a,p1b
|-resisted|p1a: Hexcalibern|1
|-damage|p1a: Hexcalibern|73/100 frz
|-damage|p1b: Dragoniod|0 fnt
|faint|p1b: Dragoniod
|
|-weather|Snowscape|[upkeep]
|upkeep
|
|t:|1784922519
|switch|p1b: Bow|Garchomp, L50, F, shiny|57/100
|turn|9
|
|t:|1784922526
|-curestatus|p1a: Hexcalibern|frz|[msg]
|move|p1a: Hexcalibern|Wide Guard|p1a: Hexcalibern
|-singleturn|p1a: Hexcalibern|Wide Guard
|move|p2b: Frisk!|Blizzard|p1a: Hexcalibern|[spread] 
|-activate|p1a: Hexcalibern|move: Wide Guard
|-activate|p1b: Bow|move: Wide Guard
|move|p1b: Bow|Rock Slide|p2b: Frisk!
|-supereffective|p2b: Frisk!|1
|-damage|p2b: Frisk!|0 fnt
|faint|p2b: Frisk!
|
|win|Frisk Azzy
|inactive|Frisk Azzy has 29 seconds to confirm battle start!
|inactive|LittleSunLight has 29 seconds to confirm battle start!
