|j|☆chrispygreens
|j|☆RKD_544
|html|chrispygreensRKD_544    
|uhtml|bestof|Game 1 of a best-of-3
|t:|1757074897
|gametype|doubles
|player|p1|chrispygreens|palmer|1065
|player|p2|RKD_544|blackbelt-gen4dp|1030
|gen|9
|tier|[Gen 9] VGC 2025 Reg H (Bo3)
|rated|
|rule|Species Clause: Limit one of each Pokémon
|rule|Item Clause: Limit 1 of each item
|clearpoke
|poke|p1|Incineroar, L50, M|
|poke|p1|Amoonguss, L50, M|
|poke|p1|Archaludon, L50, M|
|poke|p1|Blaziken, L50, F|
|poke|p1|Salamence, L50, F|
|poke|p1|Grimmsnarl, L50, M|
|poke|p2|Porygon-Z, L50|
|poke|p2|Magmar, L50, M|
|poke|p2|Sneasler, L50, F|
|poke|p2|Garchomp, L50, M|
|poke|p2|Vikavolt, L50, F|
|poke|p2|Whimsicott, L50, M|
|teampreview|4
|showteam|p1|Incineroar||SafetyGoggles|Intimidate|FlareBlitz,FakeOut,KnockOff,PartingShot|||M|||50|,,,,,Bug]Amoonguss||Leftovers|Regenerator|Spore,SludgeBomb,RagePowder,GigaDrain|||M|||50|,,,,,Dark]Archaludon||PowerHerb|Stamina|ElectroShot,DragonPulse,BodyPress,FlashCannon|||M|||50|,,,,,Fighting]Blaziken||LifeOrb|SpeedBoost|FlareBlitz,BraveBird,CloseCombat,Protect|||F|||50|,,,,,Flying]Salamence||EjectButton|Intimidate|IronHead,DualWingbeat,Outrage,Tailwind|||F|||50|,,,,,Steel]Grimmsnarl||LightClay|Prankster|LightScreen,Reflect,SpiritBreak,Taunt|||M|||50|,,,,,Fairy
|showteam|p2|Porygon-Z||ChoiceSpecs|Adaptability|TeraBlast,IceBeam,Thunderbolt,ShadowBall||||||50|,,,,,Fighting]Magmar||Eviolite|VitalSpirit|FollowMe,Flamethrower,ClearSmog,HelpingHand|||M|||50|,,,,,Grass]Sneasler||LifeOrb|PoisonTouch|DireClaw,CloseCombat,ThroatChop,Protect|||F|||50|,,,,,Stellar]Garchomp||ClearAmulet|RoughSkin|StompingTantrum,Earthquake,DragonClaw,Protect|||M|||50|,,,,,Ground]Vikavolt||ThroatSpray|Levitate|BugBuzz,Thunderbolt,Protect,VoltSwitch|||F|||50|,,,,,Electric]Whimsicott||FocusSash|Prankster|Tailwind,Moonblast,Encore,FakeTears|||M|||50|,,,,,Grass
|inactive|Battle timer is ON: inactive players will automatically lose when time's up. (requested by RKD_544)
|inactive|RKD_544 has 60 seconds left.
|
|t:|1757074937
|teamsize|p1|4
|teamsize|p2|4
|start
|switch|p1a: Blaziken|Blaziken, L50, F|100/100
|switch|p1b: Salamence|Salamence, L50, F|100/100
|switch|p2a: Magmar|Magmar, L50, M|100/100
|switch|p2b: Sneasler|Sneasler, L50, F|100/100
|-ability|p1b: Salamence|Intimidate|boost
|-unboost|p2a: Magmar|atk|1
|-unboost|p2b: Sneasler|atk|1
|turn|1
|inactive|RKD_544 has 30 seconds left.
|
|t:|1757074966
|switch|p2b: Garchomp|Garchomp, L50, M|100/100
|move|p1a: Blaziken|Protect|p1a: Blaziken
|-singleturn|p1a: Blaziken|Protect
|move|p2a: Magmar|Follow Me|p2a: Magmar
|-singleturn|p2a: Magmar|move: Follow Me
|move|p1b: Salamence|Dual Wingbeat|p2a: Magmar
|-damage|p2a: Magmar|82/100
|-damage|p2a: Magmar|62/100
|-hitcount|p2a: Magmar|2
|
|-ability|p1a: Blaziken|Speed Boost|boost
|-boost|p1a: Blaziken|spe|1
|upkeep
|turn|2
|inactive|RKD_544 has 30 seconds left.
|
|t:|1757074994
|switch|p1b: Grimmsnarl|Grimmsnarl, L50, M|100/100
|-terastallize|p1a: Blaziken|Flying
|move|p2a: Magmar|Helping Hand|p2b: Garchomp
|-singleturn|p2b: Garchomp|Helping Hand|[of] p2a: Magmar
|move|p1a: Blaziken|Brave Bird|p2a: Magmar
|-damage|p2a: Magmar|0 fnt
|faint|p2a: Magmar
|-damage|p1a: Blaziken|78/100|[from] Recoil
|-damage|p1a: Blaziken|68/100|[from] item: Life Orb
|move|p2b: Garchomp|Earthquake|p1b: Grimmsnarl|[spread] p1b
|-immune|p1a: Blaziken
|-damage|p1b: Grimmsnarl|25/100
|
|-ability|p1a: Blaziken|Speed Boost|boost
|-boost|p1a: Blaziken|spe|1
|upkeep
|
|t:|1757075013
|switch|p2a: Sneasler|Sneasler, L50, F|100/100
|turn|3
|
|t:|1757075024
|move|p2a: Sneasler|Protect|p2a: Sneasler
|-singleturn|p2a: Sneasler|Protect
|move|p1a: Blaziken|Brave Bird|p2a: Sneasler
|-activate|p2a: Sneasler|move: Protect
|move|p2b: Garchomp|Dragon Claw|p1a: Blaziken
|-damage|p1a: Blaziken|4/100
|move|p1b: Grimmsnarl|Spirit Break|p2b: Garchomp
|-supereffective|p2b: Garchomp
|-damage|p2b: Garchomp|35/100
|-damage|p1b: Grimmsnarl|12/100|[from] ability: Rough Skin|[of] p2b: Garchomp
|
|-ability|p1a: Blaziken|Speed Boost|boost
|-boost|p1a: Blaziken|spe|1
|upkeep
|turn|4
|
|t:|1757075047
|move|p1a: Blaziken|Brave Bird|p2a: Sneasler
|-supereffective|p2a: Sneasler
|-damage|p2a: Sneasler|0 fnt
|faint|p2a: Sneasler
|-damage|p1a: Blaziken|0 fnt|[from] Recoil
|faint|p1a: Blaziken
|move|p2b: Garchomp|Dragon Claw|p1b: Grimmsnarl
|-immune|p1b: Grimmsnarl
|move|p1b: Grimmsnarl|Spirit Break|p2b: Garchomp
|-supereffective|p2b: Garchomp
|-damage|p2b: Garchomp|0 fnt
|-damage|p1b: Grimmsnarl|0 fnt|[from] ability: Rough Skin|[of] p2b: Garchomp
|faint|p2b: Garchomp
|faint|p1b: Grimmsnarl
|
|upkeep
|
|t:|1757075063
|switch|p2b: Porygon-Z|Porygon-Z, L50|100/100
|switch|p1a: Salamence|Salamence, L50, F|100/100
|switch|p1b: Incineroar|Incineroar, L50, M|100/100
|-ability|p1a: Salamence|Intimidate|boost
|-unboost|p2b: Porygon-Z|atk|1
|-ability|p1b: Incineroar|Intimidate|boost
|-unboost|p2b: Porygon-Z|atk|1
|turn|5
|
|t:|1757075078
|move|p1b: Incineroar|Fake Out|p2b: Porygon-Z
|-damage|p2b: Porygon-Z|78/100
|move|p1a: Salamence|Tailwind|p1a: Salamence
|-sidestart|p1: chrispygreens|move: Tailwind
|cant|p2b: Porygon-Z|flinch
|
|upkeep
|turn|6
|
|t:|1757075085
|move|p1a: Salamence|Outrage|p2b: Porygon-Z
|-damage|p2b: Porygon-Z|0 fnt
|faint|p2b: Porygon-Z
|
|win|chrispygreens
||RKD_544 is ready for game 2.
||chrispygreens is ready for game 2.
|uhtml|next|Next: Game 2 of 3
|l|☆RKD_544
|player|p2|
