|j|☆Marcored87
|j|☆ExessVGC
|html|Marcored87ExessVGC    
|uhtml|bestof|Game 1 of a best-of-3
|t:|1757710212
|gametype|doubles
|player|p1|Marcored87|2|1116
|player|p2|ExessVGC|2|1260
|gen|9
|tier|[Gen 9] VGC 2025 Reg H (Bo3)
|rated|
|rule|Species Clause: Limit one of each Pokémon
|rule|Item Clause: Limit 1 of each item
|clearpoke
|poke|p1|Indeedee-F, L50, F|
|poke|p1|Hatterene, L50, F|
|poke|p1|Torkoal, L50, F|
|poke|p1|Gallade, L50, M|
|poke|p1|Lilligant-Hisui, L50, F|
|poke|p1|Ursaluna, L50, F|
|poke|p2|Archaludon, L50, M|
|poke|p2|Pelipper, L50, F|
|poke|p2|Amoonguss, L50, F|
|poke|p2|Weavile, L50, M|
|poke|p2|Incineroar, L50, F|
|poke|p2|Poliwrath, L50, F|
|teampreview|4
|showteam|p1|Indeedee-F||PsychicSeed|PsychicSurge|FollowMe,HelpingHand,Psychic,TrickRoom|||F|||50|,,,,,Grass]Hatterene||LifeOrb|MagicBounce|ExpandingForce,DazzlingGleam,TrickRoom,MysticalFire|||F|||50|,,,,,Fire]Torkoal||ChoiceSpecs|Drought|Eruption,HeatWave,EarthPower,WeatherBall|||F|||50|,,,,,Fire]Gallade||ClearAmulet|Sharpness|WideGuard,SacredSword,PsychoCut,TrickRoom|||M|||50|,,,,,Grass]Lilligant-Hisui||FocusSash|Chlorophyll|AfterYou,SolarBlade,CloseCombat,SleepPowder|||F|||50|,,,,,Ghost]Ursaluna||FlameOrb|Guts|Facade,HeadlongRush,Earthquake,Protect|||F|||50|,,,,,Ghost
|showteam|p2|Archaludon||AssaultVest|Stamina|BodyPress,FlashCannon,ElectroShot,DracoMeteor|||M|||50|,,,,,Dragon]Pelipper||SafetyGoggles|Drizzle|WeatherBall,Hurricane,WideGuard,Tailwind|||F|||50|,,,,,Ground]Amoonguss||RockyHelmet|Regenerator|SludgeBomb,Spore,RagePowder,Protect|||F|||50|,,,,,Water]Weavile||FocusSash|Pickpocket|IceSpinner,Protect,ThroatChop,Taunt|||M|||50|,,,,,Ghost]Incineroar||SitrusBerry|Intimidate|FakeOut,KnockOff,PartingShot,FlareBlitz|||F|||50|,,,,,Ghost]Poliwrath||ChoiceBand|SwiftSwim|CloseCombat,Coaching,PoisonJab,Waterfall|||F|||50|,,,,,Grass
|inactive|Battle timer is ON: inactive players will automatically lose when time's up. (requested by Marcored87)
|l|☆ExessVGC
|inactive|ExessVGC disconnected and has a minute to reconnect!
|player|p2|
|inactive|ExessVGC has 30 seconds to reconnect!
|j|☆ExessVGC
|inactive|ExessVGC reconnected and has 55 seconds left.
|player|p2|ExessVGC|2|
|
|t:|1757710272
|teamsize|p1|4
|teamsize|p2|4
|start
|switch|p1a: Indeedee|Indeedee-F, L50, F|100/100
|switch|p1b: Hatterene|Hatterene, L50, F|100/100
|switch|p2a: IL CAMPIONE|Incineroar, L50, F|100/100
|switch|p2b: WWE|Poliwrath, L50, F|100/100
|-fieldstart|move: Psychic Terrain|[from] ability: Psychic Surge|[of] p1a: Indeedee
|-enditem|p1a: Indeedee|Psychic Seed
|-boost|p1a: Indeedee|spd|1|[from] item: Psychic Seed
|-ability|p2a: IL CAMPIONE|Intimidate|boost
|-unboost|p1a: Indeedee|atk|1
|-unboost|p1b: Hatterene|atk|1
|turn|1
|
|t:|1757710289
|switch|p2b: IL DUCE|Archaludon, L50, M, shiny|100/100
|move|p1a: Indeedee|Follow Me|p1a: Indeedee
|-singleturn|p1a: Indeedee|move: Follow Me
|move|p2a: IL CAMPIONE|Knock Off|p1a: Indeedee
|-supereffective|p1a: Indeedee
|-damage|p1a: Indeedee|29/100
|move|p1b: Hatterene|Trick Room|p1b: Hatterene
|-fieldstart|move: Trick Room|[of] p1b: Hatterene
|
|upkeep
|turn|2
|inactive|ExessVGC has 30 seconds left.
|
|t:|1757710314
|switch|p1a: Torkoal|Torkoal, L50, F|100/100
|-weather|SunnyDay|[from] ability: Drought|[of] p1a: Torkoal
|move|p1b: Hatterene|Mystical Fire|p2b: IL DUCE
|-damage|p2b: IL DUCE|59/100
|-unboost|p2b: IL DUCE|spa|1
|-ability|p2b: IL DUCE|Stamina|boost
|-boost|p2b: IL DUCE|def|1
|-damage|p1b: Hatterene|91/100|[from] item: Life Orb
|move|p2a: IL CAMPIONE|Knock Off|p1a: Torkoal
|-crit|p1a: Torkoal
|-damage|p1a: Torkoal|41/100
|-enditem|p1a: Torkoal|Choice Specs|[from] move: Knock Off|[of] p2a: IL CAMPIONE
|move|p2b: IL DUCE|Flash Cannon|p1b: Hatterene
|-supereffective|p1b: Hatterene
|-damage|p1b: Hatterene|46/100
|
|-weather|SunnyDay|[upkeep]
|upkeep
|turn|3
|inactive|Marcored87 has 30 seconds left.
|
|t:|1757710346
|switch|p2a: Peeko|Pelipper, L50, F, shiny|100/100
|-weather|RainDance|[from] ability: Drizzle|[of] p2a: Peeko
|-terastallize|p1a: Torkoal|Fire
|move|p1a: Torkoal|Eruption|p2a: Peeko|[spread] p2a,p2b
|-resisted|p2a: Peeko
|-damage|p2a: Peeko|92/100
|-damage|p2b: IL DUCE|50/100
|-ability|p2b: IL DUCE|Stamina|boost
|-boost|p2b: IL DUCE|def|1
|move|p1b: Hatterene|Dazzling Gleam|p2a: Peeko|[spread] p2a,p2b
|-damage|p2a: Peeko|27/100
|-damage|p2b: IL DUCE|21/100
|-ability|p2b: IL DUCE|Stamina|boost
|-boost|p2b: IL DUCE|def|1
|-damage|p1b: Hatterene|36/100|[from] item: Life Orb
|move|p2b: IL DUCE|Electro Shot||[still]
|-prepare|p2b: IL DUCE|Electro Shot
|-boost|p2b: IL DUCE|spa|1
|-anim|p2b: IL DUCE|Electro Shot|p1b: Hatterene
|-damage|p1b: Hatterene|0 fnt
|faint|p1b: Hatterene
|
|-weather|RainDance|[upkeep]
|upkeep
|
|t:|1757710361
|switch|p1b: Ursaluna|Ursaluna, L50, F|100/100
|turn|4
|inactive|ExessVGC has 30 seconds left.
|inactive|ExessVGC has 20 seconds left.
|
|t:|1757710399
|-terastallize|p2b: IL DUCE|Dragon
|move|p1a: Torkoal|Weather Ball|p2b: IL DUCE
|-resisted|p2b: IL DUCE
|-damage|p2b: IL DUCE|6/100
|-ability|p2b: IL DUCE|Stamina|boost
|-boost|p2b: IL DUCE|def|1
|move|p1b: Ursaluna|Facade|p2a: Peeko
|-damage|p2a: Peeko|0 fnt
|faint|p2a: Peeko
|move|p2b: IL DUCE|Body Press|p1b: Ursaluna
|-supereffective|p1b: Ursaluna
|-crit|p1b: Ursaluna
|-damage|p1b: Ursaluna|0 fnt
|faint|p1b: Ursaluna
|
|-weather|RainDance|[upkeep]
|upkeep
|
|t:|1757710422
|switch|p1b: Indeedee|Indeedee-F, L50, F|29/100
|switch|p2a: IL CAMPIONE|Incineroar, L50, F|100/100
|-ability|p2a: IL CAMPIONE|Intimidate|boost
|-unboost|p1a: Torkoal|atk|1
|-unboost|p1b: Indeedee|atk|1
|turn|5
|
|t:|1757710434
|move|p1a: Torkoal|Earth Power|p2a: IL CAMPIONE
|-supereffective|p2a: IL CAMPIONE
|-damage|p2a: IL CAMPIONE|52/100
|move|p2a: IL CAMPIONE|Knock Off|p1b: Indeedee
|-supereffective|p1b: Indeedee
|-crit|p1b: Indeedee
|-damage|p1b: Indeedee|0 fnt
|faint|p1b: Indeedee
|move|p2b: IL DUCE|Electro Shot||[still]
|-prepare|p2b: IL DUCE|Electro Shot
|-boost|p2b: IL DUCE|spa|1
|-anim|p2b: IL DUCE|Electro Shot|p1a: Torkoal
|-damage|p1a: Torkoal|0 fnt
|faint|p1a: Torkoal
|
|win|ExessVGC
||Marcored87 is ready for game 2.
|inactive|ExessVGC has 30 seconds to confirm battle start!
||ExessVGC is ready for game 2.
|uhtml|next|Next: Game 2 of 3
|l|☆Marcored87
|player|p1|
