|j|☆trinton07
|j|☆abadanriyi92
|html|trinton07abadanriyi92    
|uhtml|bestof|Game 1 of a best-of-3
|t:|1785989255
|gametype|doubles
|player|p1|trinton07|170|1178
|player|p2|abadanriyi92|colress|1218
|gen|9
|tier|[Gen 9 Champions] VGC 2026 Reg M-B (Bo3)
|rated|
|rule|Species Clause: Limit one of each Pokémon
|rule|Item Clause: Limit 1 of each item
|clearpoke
|poke|p1|Gengar, L50, M|
|poke|p1|Archaludon, L50, M|
|poke|p1|Politoed, L50, F|
|poke|p1|Swampert, L50, F|
|poke|p1|Incineroar, L50, M|
|poke|p1|Sinistcha, L50|
|poke|p2|Charizard, L50, F|
|poke|p2|Floette-Eternal, L50, F|
|poke|p2|Basculegion, L50, M|
|poke|p2|Garchomp, L50, F|
|poke|p2|Kingambit, L50, M|
|poke|p2|Whimsicott, L50, M|
|teampreview|4
|showteam|p1|Gengar||Gengarite|CursedBody|ShadowBall,SludgeBomb,PerishSong,Protect|Modest||M|||50|]Archaludon||Leftovers|Stamina|ElectroShot,DragonPulse,FlashCannon,Protect|Bold||M|||50|]Politoed||SitrusBerry|Drizzle|WeatherBall,Hypnosis,PerishSong,Protect|Calm||F|||50|]Swampert||Swampertite|Torrent|WaveCrash,Earthquake,IcePunch,Protect|Adamant||F|||50|]Incineroar||PasshoBerry|Intimidate|ThroatChop,FakeOut,PartingShot,Protect|Impish||M|||50|]Sinistcha||FocusSash|Hospitality|RagePowder,LifeDew,MatchaGotcha,Protect|Calm|||||50|
|showteam|p2|Charizard||CharizarditeY|Blaze|HeatWave,SolarBeam,WeatherBall,Protect|Modest||F|||50|]Floette-Eternal||Floettite|FlowerVeil|Moonblast,DazzlingGleam,LightofRuin,Protect|Timid||F|||50|]Basculegion||LifeOrb|Adaptability|WaveCrash,AquaJet,LastRespects,Protect|Adamant||M|||50|]Garchomp||SitrusBerry|RoughSkin|Earthquake,RockSlide,Protect,DragonClaw|Adamant||F|||50|]Kingambit||ChopleBerry|Defiant|KowtowCleave,IronHead,SuckerPunch,LowKick|Adamant||M|||50|]Whimsicott||FocusSash|Prankster|Moonblast,Tailwind,Encore,Protect|Timid||M|||50|
|
|t:|1785989282
|teamsize|p1|4
|teamsize|p2|4
|start
|switch|p1a: Gengar|Gengar, L50, M|100/100
|switch|p1b: Incineroar|Incineroar, L50, M|100/100
|switch|p2a: Basculegion|Basculegion, L50, M|100/100
|switch|p2b: Kingambit|Kingambit, L50, M|100/100
|-ability|p1b: Incineroar|Intimidate|boost
|-unboost|p2a: Basculegion|atk|1
|-unboost|p2b: Kingambit|atk|1
|-ability|p2b: Kingambit|Defiant|boost
|-boost|p2b: Kingambit|atk|2
|turn|1
|
|t:|1785989314
|detailschange|p1a: Gengar|Gengar-Mega, L50, M
|-mega|p1a: Gengar|Gengar|Gengarite
|move|p1b: Incineroar|Fake Out|p2b: Kingambit
|-resisted|p2b: Kingambit|1
|-damage|p2b: Kingambit|95/100
|move|p1a: Gengar|Perish Song|p1a: Gengar
|-start|p1a: Gengar|perish3|[silent]
|-start|p1b: Incineroar|perish3|[silent]
|-start|p2a: Basculegion|perish3|[silent]
|-start|p2b: Kingambit|perish3|[silent]
|-fieldactivate|move: Perish Song
|move|p2a: Basculegion|Last Respects|p1a: Gengar
|-supereffective|p1a: Gengar|1
|-damage|p1a: Gengar|21/100
|-damage|p2a: Basculegion|90/100|[from] item: Life Orb
|cant|p2b: Kingambit|flinch
|
|-start|p1a: Gengar|perish3
|-start|p2a: Basculegion|perish3
|-start|p1b: Incineroar|perish3
|-start|p2b: Kingambit|perish3
|upkeep
|turn|2
|
|t:|1785989342
|switch|p2a: Garchomp|Garchomp, L50, F|100/100
|move|p1a: Gengar|Protect|p1a: Gengar
|-singleturn|p1a: Gengar|Protect
|move|p1b: Incineroar|Throat Chop|p2a: Garchomp
|-damage|p2a: Garchomp|73/100
|-start|p2a: Garchomp|Throat Chop|[silent]
|-damage|p1b: Incineroar|87/100|[from] ability: Rough Skin|[of] p2a: Garchomp
|move|p2b: Kingambit|Kowtow Cleave|p1a: Gengar
|-activate|p1a: Gengar|move: Protect
|
|-start|p1a: Gengar|perish2
|-start|p1b: Incineroar|perish2
|-start|p2b: Kingambit|perish2
|upkeep
|turn|3
|
|t:|1785989379
|switch|p1a: Politoed|Politoed, L50, F|100/100
|-weather|RainDance|[from] ability: Drizzle|[of] p1a: Politoed
|move|p2a: Garchomp|Protect|p2a: Garchomp
|-singleturn|p2a: Garchomp|Protect
|move|p1b: Incineroar|Parting Shot|p2b: Kingambit
|-unboost|p2b: Kingambit|atk|1
|-ability|p2b: Kingambit|Defiant|boost
|-boost|p2b: Kingambit|atk|2
|-unboost|p2b: Kingambit|spa|1
|-ability|p2b: Kingambit|Defiant|boost
|-boost|p2b: Kingambit|atk|2
|
|t:|1785989391
|switch|p1b: Gengar|Gengar-Mega, L50, M|21/100|[from] Parting Shot
|move|p2b: Kingambit|Kowtow Cleave|p1a: Politoed
|-damage|p1a: Politoed|0 fnt
|faint|p1a: Politoed
|
|-weather|RainDance|[upkeep]
|-end|p2a: Garchomp|Throat Chop|[silent]
|-start|p2b: Kingambit|perish1
|upkeep
|
|t:|1785989400
|switch|p1a: Sinistcha|Sinistcha, L50|100/100
|-heal|p1b: Gengar|46/100|[from] ability: Hospitality|[of] p1a: Sinistcha
|turn|4
|
|t:|1785989415
|move|p1b: Gengar|Protect|p1b: Gengar
|-singleturn|p1b: Gengar|Protect
|move|p1a: Sinistcha|Protect|p1a: Sinistcha
|-singleturn|p1a: Sinistcha|Protect
|move|p2a: Garchomp|Earthquake|p1b: Gengar|[spread] p2b
|-activate|p1a: Sinistcha|move: Protect
|-activate|p1b: Gengar|move: Protect
|-supereffective|p2b: Kingambit|1
|-damage|p2b: Kingambit|32/100
|move|p2b: Kingambit|Kowtow Cleave|p1a: Sinistcha
|-activate|p1a: Sinistcha|move: Protect
|
|-weather|RainDance|[upkeep]
|-start|p2b: Kingambit|perish0
|faint|p2b: Kingambit
|upkeep
|
|t:|1785989437
|switch|p2b: Charizard|Charizard, L50, F|100/100
|turn|5
|
|t:|1785989460
|switch|p1a: Incineroar|Incineroar, L50, M|87/100
|-ability|p1a: Incineroar|Intimidate|boost
|-unboost|p2a: Garchomp|atk|1
|-unboost|p2b: Charizard|atk|1
|detailschange|p2b: Charizard|Charizard-Mega-Y, L50, F
|-mega|p2b: Charizard|Charizard|Charizardite Y
|-weather|SunnyDay|[from] ability: Drought|[of] p2b: Charizard
|move|p1b: Gengar|Sludge Bomb|p2b: Charizard
|-damage|p2b: Charizard|55/100
|-status|p2b: Charizard|psn
|move|p2a: Garchomp|Earthquake|p1b: Gengar|[spread] p1a,p1b
|-immune|p2b: Charizard
|-supereffective|p1a: Incineroar|1
|-supereffective|p1b: Gengar|1
|-damage|p1a: Incineroar|49/100
|-damage|p1b: Gengar|0 fnt
|faint|p1b: Gengar
|move|p2b: Charizard|Heat Wave|p1a: Incineroar
|-resisted|p1a: Incineroar|1
|-damage|p1a: Incineroar|16/100
|
|-weather|SunnyDay|[upkeep]
|-damage|p2b: Charizard|43/100 psn|[from] psn
|upkeep
|
|t:|1785989479
|switch|p1b: Sinistcha|Sinistcha, L50|100/100
|-heal|p1a: Incineroar|41/100|[from] ability: Hospitality|[of] p1b: Sinistcha
|turn|6
|
|t:|1785989493
|move|p2a: Garchomp|Protect|p2a: Garchomp
|-singleturn|p2a: Garchomp|Protect
|move|p2b: Charizard|Protect|p2b: Charizard
|-singleturn|p2b: Charizard|Protect
|move|p1a: Incineroar|Fake Out|p2b: Charizard
|-activate|p2b: Charizard|move: Protect
|move|p1b: Sinistcha|Matcha Gotcha|p2b: Charizard|[spread] 
|-activate|p2a: Garchomp|move: Protect
|-activate|p2b: Charizard|move: Protect
|
|-weather|SunnyDay|[upkeep]
|-damage|p2b: Charizard|31/100 psn|[from] psn
|upkeep
|turn|7
|
|t:|1785989511
|move|p1b: Sinistcha|Protect|p1b: Sinistcha
|-singleturn|p1b: Sinistcha|Protect
|move|p1a: Incineroar|Protect|p1a: Incineroar
|-singleturn|p1a: Incineroar|Protect
|move|p2a: Garchomp|Earthquake|p1b: Sinistcha|[spread] 
|-activate|p1a: Incineroar|move: Protect
|-activate|p1b: Sinistcha|move: Protect
|-immune|p2b: Charizard
|move|p2b: Charizard|Heat Wave|p1b: Sinistcha|[spread] 
|-activate|p1a: Incineroar|move: Protect
|-activate|p1b: Sinistcha|move: Protect
|
|-weather|SunnyDay|[upkeep]
|-damage|p2b: Charizard|19/100 psn|[from] psn
|upkeep
|turn|8
|
|t:|1785989527
|move|p1b: Sinistcha|Protect|p1b: Sinistcha
|-singleturn|p1b: Sinistcha|Protect
|move|p1a: Incineroar|Protect||[still]
|-fail|p1a: Incineroar
|move|p2a: Garchomp|Earthquake|p1b: Sinistcha|[spread] p1a
|-activate|p1b: Sinistcha|move: Protect
|-immune|p2b: Charizard
|-supereffective|p1a: Incineroar|1
|-damage|p1a: Incineroar|0 fnt
|faint|p1a: Incineroar
|move|p2b: Charizard|Heat Wave|p1b: Sinistcha
|-activate|p1b: Sinistcha|move: Protect
|
|-weather|SunnyDay|[upkeep]
|-damage|p2b: Charizard|7/100 psn|[from] psn
|upkeep
|turn|9
|
|t:|1785989544
|move|p2a: Garchomp|Dragon Claw|p1b: Sinistcha
|-damage|p1b: Sinistcha|75/100
|move|p2b: Charizard|Weather Ball|p1b: Sinistcha
|-supereffective|p1b: Sinistcha|1
|-damage|p1b: Sinistcha|0 fnt
|faint|p1b: Sinistcha
|
|win|abadanriyi92
