|j|‽mirokartdeluxe
|j|☆Il mule
|html|mirokartdeluxeIl mule    
|uhtml|bestof|Game 2 of a best-of-3
|t:|1756198842
|gametype|doubles
|player|p1|mirokartdeluxe|hiker-gen4|1269
|player|p2|Il mule|salvatore|1518
|gen|9
|tier|[Gen 9] VGC 2025 Reg H (Bo3)
|rated|
|rule|Species Clause: Limit one of each Pokémon
|rule|Item Clause: Limit 1 of each item
|clearpoke
|poke|p1|Sneasler, L50, M|
|poke|p1|Electabuzz, L50, F|
|poke|p1|Volcarona, L50, M|
|poke|p1|Rillaboom, L50, F|
|poke|p1|Incineroar, L50, F|
|poke|p1|Kingambit, L50, M|
|poke|p2|Corviknight, L50, M|
|poke|p2|Garchomp, L50, M|
|poke|p2|Tyranitar, L50, M|
|poke|p2|Gholdengo, L50|
|poke|p2|Sneasler, L50, M|
|poke|p2|Incineroar, L50, M|
|teampreview|4
|showteam|p1|Sneasler||FocusSash|Unburden|CloseCombat,DireClaw,Coaching,FakeOut|||M|||50|,,,,,Stellar]Electabuzz||Eviolite|VitalSpirit|Electroweb,FollowMe,Taunt,Protect|||F|||50|,,,,,Dragon]Volcarona||Leftovers|FlameBody|HeatWave,TeraBlast,QuiverDance,Protect|||M|||50|,,,,,Fairy]Rillaboom||MiracleSeed|GrassySurge|GrassyGlide,HighHorsepower,WoodHammer,FakeOut|||F|||50|,,,,,Water]Incineroar||AssaultVest|Intimidate|FlareBlitz,KnockOff,Uturn,FakeOut|||F|||50|,,,,,Grass]Kingambit||SafetyGoggles|Defiant|KowtowCleave,SuckerPunch,SwordsDance,Protect|||M|||50|,,,,,Ghost
|showteam|p2|Corviknight||CovertCloak|MirrorArmor|BraveBird,Taunt,Roost,Tailwind|||M|||50|,,,,,Dragon]Garchomp||ClearAmulet|RoughSkin|Earthquake,DragonClaw,StompingTantrum,Protect|||M|||50|,,,,,Ground]Tyranitar||AssaultVest|SandStream|RockSlide,KnockOff,TeraBlast,LowKick|||M|||50|,,,,,Flying]Gholdengo||LifeOrb|GoodasGold|MakeItRain,ShadowBall,NastyPlot,Protect||||||50|,,,,,Water]Sneasler||WhiteHerb|Unburden|DireClaw,CloseCombat,Coaching,Protect|||M|||50|,,,,,Ghost]Incineroar||SitrusBerry|Intimidate|FlareBlitz,WillOWisp,PartingShot,FakeOut|||M|||50|,,,,,Grass
|inactive|Battle timer is ON: inactive players will automatically lose when time's up. (requested by mirokartdeluxe)
|j| ernico
|
|t:|1756198866
|teamsize|p1|4
|teamsize|p2|4
|start
|switch|p1a: Sneasler|Sneasler, L50, M|100/100
|switch|p1b: Volcarona|Volcarona, L50, M|100/100
|switch|p2a: Incineroar|Incineroar, L50, M|100/100
|switch|p2b: Garchomp|Garchomp, L50, M|100/100
|-ability|p2a: Incineroar|Intimidate|boost
|-unboost|p1a: Sneasler|atk|1
|-unboost|p1b: Volcarona|atk|1
|turn|1
|
|t:|1756198881
|move|p1a: Sneasler|Fake Out|p2a: Incineroar
|-damage|p2a: Incineroar|92/100
|move|p2b: Garchomp|Stomping Tantrum|p1a: Sneasler
|-supereffective|p1a: Sneasler
|-enditem|p1a: Sneasler|Focus Sash
|-damage|p1a: Sneasler|1/100
|move|p1b: Volcarona|Quiver Dance|p1b: Volcarona
|-boost|p1b: Volcarona|spa|1
|-boost|p1b: Volcarona|spd|1
|-boost|p1b: Volcarona|spe|1
|cant|p2a: Incineroar|flinch
|
|upkeep
|turn|2
|inactive|mirokartdeluxe has 30 seconds left.
|
|t:|1756198906
|switch|p1a: Rillaboom|Rillaboom, L50, F|100/100
|-fieldstart|move: Grassy Terrain|[from] ability: Grassy Surge|[of] p1a: Rillaboom
|move|p1b: Volcarona|Protect|p1b: Volcarona
|-singleturn|p1b: Volcarona|Protect
|move|p2b: Garchomp|Protect|p2b: Garchomp
|-singleturn|p2b: Garchomp|Protect
|move|p2a: Incineroar|Parting Shot|p1b: Volcarona
|-activate|p1b: Volcarona|move: Protect
|
|-heal|p2a: Incineroar|98/100|[from] Grassy Terrain
|upkeep
|turn|3
|
|t:|1756198927
|switch|p2b: Corviknight|Corviknight, L50, M, shiny|100/100
|switch|p2a: Tyranitar|Tyranitar, L50, M|100/100
|-weather|Sandstorm|[from] ability: Sand Stream|[of] p2a: Tyranitar
|move|p1a: Rillaboom|Fake Out|p2a: Tyranitar
|-resisted|p2a: Tyranitar
|-damage|p2a: Tyranitar|95/100
|move|p1b: Volcarona|Heat Wave|p2a: Tyranitar|[spread] p2a,p2b
|-resisted|p2a: Tyranitar
|-supereffective|p2b: Corviknight
|-crit|p2b: Corviknight
|-damage|p2a: Tyranitar|84/100
|-damage|p2b: Corviknight|0 fnt
|faint|p2b: Corviknight
|
|-weather|Sandstorm|[upkeep]
|-damage|p1b: Volcarona|94/100|[from] Sandstorm
|-damage|p1a: Rillaboom|95/100|[from] Sandstorm
|-heal|p1b: Volcarona|100/100|[from] Grassy Terrain
|-heal|p1a: Rillaboom|100/100|[from] Grassy Terrain
|-heal|p2a: Tyranitar|90/100|[from] Grassy Terrain
|upkeep
|
|t:|1756198941
|switch|p2b: Incineroar|Incineroar, L50, M|98/100
|-ability|p2b: Incineroar|Intimidate|boost
|-unboost|p1a: Rillaboom|atk|1
|-unboost|p1b: Volcarona|atk|1
|turn|4
|
|t:|1756198952
|switch|p1a: Electabuzz|Electabuzz, L50, F|100/100
|switch|p2b: Garchomp|Garchomp, L50, M|100/100
|move|p1b: Volcarona|Protect|p1b: Volcarona
|-singleturn|p1b: Volcarona|Protect
|move|p2a: Tyranitar|Rock Slide|p1a: Electabuzz|[spread] p1a
|-activate|p1b: Volcarona|move: Protect
|-damage|p1a: Electabuzz|74/100
|
|-weather|Sandstorm|[upkeep]
|-damage|p1b: Volcarona|94/100|[from] Sandstorm
|-damage|p1a: Electabuzz|68/100|[from] Sandstorm
|-heal|p1b: Volcarona|100/100|[from] Grassy Terrain
|-heal|p1a: Electabuzz|74/100|[from] Grassy Terrain
|-heal|p2a: Tyranitar|96/100|[from] Grassy Terrain
|upkeep
|turn|5
|inactive|mirokartdeluxe has 30 seconds left.
|inactive|Il mule has 30 seconds left.
|inactive|Il mule has 20 seconds left.
|
|t:|1756198992
|switch|p2b: Incineroar|Incineroar, L50, M|98/100
|-ability|p2b: Incineroar|Intimidate|boost
|-unboost|p1a: Electabuzz|atk|1
|-unboost|p1b: Volcarona|atk|1
|-terastallize|p1b: Volcarona|Fairy
|move|p1b: Volcarona|Tera Blast|p2a: Tyranitar|[anim] Tera Blast Fairy
|-supereffective|p2a: Tyranitar
|-damage|p2a: Tyranitar|42/100
|move|p1a: Electabuzz|Electroweb|p2b: Incineroar|[spread] p2a,p2b
|-damage|p2a: Tyranitar|37/100
|-damage|p2b: Incineroar|87/100
|-unboost|p2a: Tyranitar|spe|1
|-unboost|p2b: Incineroar|spe|1
|move|p2a: Tyranitar|Rock Slide|p1a: Electabuzz|[spread] p1a,p1b
|-damage|p1a: Electabuzz|44/100
|-damage|p1b: Volcarona|63/100
|
|-weather|Sandstorm|[upkeep]
|-damage|p1b: Volcarona|57/100|[from] Sandstorm
|-damage|p1a: Electabuzz|38/100|[from] Sandstorm
|-damage|p2b: Incineroar|81/100|[from] Sandstorm
|-heal|p1b: Volcarona|63/100|[from] Grassy Terrain
|-heal|p1b: Volcarona|69/100|[from] item: Leftovers
|-heal|p1a: Electabuzz|44/100|[from] Grassy Terrain
|-heal|p2a: Tyranitar|43/100|[from] Grassy Terrain
|-heal|p2b: Incineroar|87/100|[from] Grassy Terrain
|upkeep
|turn|6
|inactive|Il mule has 30 seconds left.
|
|t:|1756199022
|switch|p2b: Garchomp|Garchomp, L50, M|100/100
|move|p1b: Volcarona|Protect|p1b: Volcarona
|-singleturn|p1b: Volcarona|Protect
|move|p1a: Electabuzz|Protect|p1a: Electabuzz
|-singleturn|p1a: Electabuzz|Protect
|move|p2a: Tyranitar|Rock Slide|p1b: Volcarona|[spread] 
|-activate|p1a: Electabuzz|move: Protect
|-activate|p1b: Volcarona|move: Protect
|
|-weather|Sandstorm|[upkeep]
|-damage|p1b: Volcarona|63/100|[from] Sandstorm
|-damage|p1a: Electabuzz|38/100|[from] Sandstorm
|-heal|p1b: Volcarona|69/100|[from] Grassy Terrain
|-heal|p1b: Volcarona|75/100|[from] item: Leftovers
|-heal|p1a: Electabuzz|44/100|[from] Grassy Terrain
|-heal|p2a: Tyranitar|49/100|[from] Grassy Terrain
|-fieldend|move: Grassy Terrain
|upkeep
|turn|7
|inactive|Il mule has 30 seconds left.
|
|t:|1756199047
|-terastallize|p2b: Garchomp|Ground
|move|p1b: Volcarona|Heat Wave|p2b: Garchomp|[spread] p2a,p2b
|-resisted|p2a: Tyranitar
|-damage|p2a: Tyranitar|38/100
|-damage|p2b: Garchomp|40/100
|move|p2b: Garchomp|Stomping Tantrum|p1b: Volcarona
|-damage|p1b: Volcarona|10/100
|-status|p2b: Garchomp|brn|[from] ability: Flame Body|[of] p1b: Volcarona
|move|p1a: Electabuzz|Electroweb|p2b: Garchomp|[spread] p2a
|-immune|p2b: Garchomp
|-damage|p2a: Tyranitar|31/100
|-unboost|p2a: Tyranitar|spe|1
|move|p2a: Tyranitar|Rock Slide|p1a: Electabuzz|[spread] p1a,p1b
|-damage|p1a: Electabuzz|16/100
|-damage|p1b: Volcarona|0 fnt
|faint|p1b: Volcarona
|
|-weather|none
|-damage|p2b: Garchomp|34/100 brn|[from] brn
|upkeep
|
|t:|1756199058
|switch|p1b: Sneasler|Sneasler, L50, M|1/100
|turn|8
|
|t:|1756199082
|move|p1b: Sneasler|Close Combat|p2b: Garchomp
|-damage|p2b: Garchomp|0 fnt
|-unboost|p1b: Sneasler|def|1
|-unboost|p1b: Sneasler|spd|1
|-damage|p1b: Sneasler|0 fnt|[from] ability: Rough Skin|[of] p2b: Garchomp
|faint|p2b: Garchomp
|faint|p1b: Sneasler
|move|p1a: Electabuzz|Electroweb|p2a: Tyranitar
|-damage|p2a: Tyranitar|20/100
|-unboost|p2a: Tyranitar|spe|1
|move|p2a: Tyranitar|Rock Slide|p1a: Electabuzz
|-damage|p1a: Electabuzz|0 fnt
|faint|p1a: Electabuzz
|
|upkeep
|
|t:|1756199093
|switch|p1b: Rillaboom|Rillaboom, L50, F|100/100
|switch|p2b: Incineroar|Incineroar, L50, M|87/100
|-fieldstart|move: Grassy Terrain|[from] ability: Grassy Surge|[of] p1b: Rillaboom
|-ability|p2b: Incineroar|Intimidate|boost
|-unboost|p1b: Rillaboom|atk|1
|turn|9
|
|t:|1756199105
|move|p1b: Rillaboom|High Horsepower|p2b: Incineroar
|-supereffective|p2b: Incineroar
|-damage|p2b: Incineroar|50/100
|-enditem|p2b: Incineroar|Sitrus Berry|[eat]
|-heal|p2b: Incineroar|75/100|[from] item: Sitrus Berry
|move|p2b: Incineroar|Will-O-Wisp|p1b: Rillaboom
|-status|p1b: Rillaboom|brn
|move|p2a: Tyranitar|Knock Off|p1b: Rillaboom
|-crit|p1b: Rillaboom
|-damage|p1b: Rillaboom|27/100 brn
|-enditem|p1b: Rillaboom|Miracle Seed|[from] move: Knock Off|[of] p2a: Tyranitar
|
|-heal|p1b: Rillaboom|33/100 brn|[from] Grassy Terrain
|-heal|p2b: Incineroar|81/100|[from] Grassy Terrain
|-heal|p2a: Tyranitar|26/100|[from] Grassy Terrain
|-damage|p1b: Rillaboom|27/100 brn|[from] brn
|upkeep
|turn|10
|-message|mirokartdeluxe forfeited.
|
|win|Il mule
|raw|mirokartdeluxe's rating: 1269 → 1259(-10 for losing)
|raw|Il mule's rating: 1518 → 1526(+8 for winning)
|l|‽mirokartdeluxe
|player|p1|
