|j|鈽哃orGhez
|j|鈽哻retaceousdraconid
|html|LorGhezcretaceousdraconid    
|uhtml|bestof|Game 2 of a best-of-3
|t:|1782452610
|gametype|doubles
|player|p1|LorGhez|101|1066
|player|p2|cretaceousdraconid|zinnia-masters|1183
|gen|9
|tier|[Gen 9 Champions] VGC 2026 Reg M-B (Bo3)
|rated|
|rule|Species Clause: Limit one of each Pok茅mon
|rule|Item Clause: Limit 1 of each item
|clearpoke
|poke|p1|Sceptile, L50, M|
|poke|p1|Tinkaton, L50, F|
|poke|p1|Rotom-Wash, L50|
|poke|p1|Aerodactyl, L50, M|
|poke|p1|Gyarados, L50, M|
|poke|p1|Kingambit, L50, M|
|poke|p2|Pyroar, L50, M|
|poke|p2|Vileplume, L50, F|
|poke|p2|Torkoal, L50, M|
|poke|p2|Farigiraf, L50, F|
|poke|p2|Incineroar, L50, F|
|poke|p2|Floette-Eternal, L50, F|
|teampreview|4
|showteam|p1|Sceptile||Sceptilite|Overgrow|Protect,GrassKnot,DragonPulse,EarthPower|Timid||M|||50|]Tinkaton||FocusSash|MoldBreaker|Protect,FakeOut,GigatonHammer,PlayRough|Adamant||F|||50|]Rotom-Wash||ChoiceScarf|Levitate|WillOWisp,Discharge,HydroPump,LightScreen|Timid|||||50|]Aerodactyl||Aerodactylite|RockHead|Protect,Tailwind,RockSlide,DualWingbeat|Jolly||M|||50|]Gyarados||ExpertBelt|Intimidate|Protect,DragonCheer,Waterfall,TemperFlare|Jolly||M|||50|]Kingambit||ChopleBerry|Defiant|Protect,SuckerPunch,KowtowCleave,LowKick|Adamant||M|||50|
|showteam|p2|Pyroar||Pyroarite|Unnerve|HeatWave,Overheat,SolarBeam,Protect|Timid||M|||50|]Vileplume||FocusSash|Chlorophyll|SleepPowder,SludgeBomb,AfterYou,SolarBeam|Modest||F|||50|]Torkoal||Charcoal|Drought|Eruption,WeatherBall,HelpingHand,Protect|Modest||M|||50|]Farigiraf||SitrusBerry|ArmorTail|HelpingHand,Psychic,Thunderbolt,TrickRoom|Quiet||F|||50|]Incineroar||WhiteHerb|Intimidate|FakeOut,DarkestLariat,FlareBlitz,CloseCombat|Brave||F|||50|]Floette-Eternal||Floettite|FlowerVeil|Moonblast,DrainingKiss,CalmMind,Protect|Modest||F|||50|
|inactive|Battle timer is ON: inactive players will automatically lose when time's up. (requested by LorGhez)
|inactive|LorGhez has 60 seconds left.
|inactive|cretaceousdraconid has 60 seconds left.
|
|t:|1782452650
|teamsize|p1|4
|teamsize|p2|4
|start
|switch|p1a: Aerodactyl|Aerodactyl, L50, M|100/100
|switch|p1b: Tinkaton|Tinkaton, L50, F|100/100
|switch|p2a: Incineroar|Incineroar, L50, F|100/100
|switch|p2b: Floette|Floette-Eternal, L50, F|100/100
|-ability|p1b: Tinkaton|Mold Breaker
|-ability|p2a: Incineroar|Intimidate|boost
|-unboost|p1a: Aerodactyl|atk|1
|-unboost|p1b: Tinkaton|atk|1
|turn|1
|
|t:|1782452670
|switch|p2b: Farigiraf|Farigiraf, L50, F|100/100
|detailschange|p1a: Aerodactyl|Aerodactyl-Mega, L50, M
|-mega|p1a: Aerodactyl|Aerodactyl|Aerodactylite
|move|p1b: Tinkaton|Fake Out|p2b: Farigiraf
|-damage|p2b: Farigiraf|91/100
|move|p2a: Incineroar|Fake Out|p1a: Aerodactyl
|-resisted|p1a: Aerodactyl|1
|-damage|p1a: Aerodactyl|91/100
|cant|p1a: Aerodactyl|flinch
|
|upkeep
|turn|2
|
|t:|1782452688
|move|p1a: Aerodactyl|Dual Wingbeat|p2b: Farigiraf
|-damage|p2b: Farigiraf|73/100
|-damage|p2b: Farigiraf|54/100
|-hitcount|p2b: Farigiraf|2
|move|p1b: Tinkaton|Gigaton Hammer|p2b: Farigiraf
|-damage|p2b: Farigiraf|8/100
|-enditem|p2b: Farigiraf|Sitrus Berry|[eat]
|-heal|p2b: Farigiraf|33/100|[from] item: Sitrus Berry
|move|p2a: Incineroar|Flare Blitz|p1b: Tinkaton
|-supereffective|p1b: Tinkaton|1
|-enditem|p1b: Tinkaton|Focus Sash
|-damage|p1b: Tinkaton|1/100
|-damage|p2a: Incineroar|73/100|[from] Recoil
|move|p2b: Farigiraf|Trick Room|p2b: Farigiraf
|-fieldstart|move: Trick Room|[of] p2b: Farigiraf
|
|upkeep
|turn|3
|
|t:|1782452708
|switch|p1b: Gyarados|Gyarados, L50, M|100/100
|-ability|p1b: Gyarados|Intimidate|boost
|-unboost|p2a: Incineroar|atk|1
|-unboost|p2b: Farigiraf|atk|1
|-enditem|p2a: Incineroar|White Herb
|-clearnegativeboost|p2a: Incineroar|[silent]
|move|p2a: Incineroar|Darkest Lariat|p1b: Gyarados
|-damage|p1b: Gyarados|49/100
|move|p2b: Farigiraf|Thunderbolt|p1a: Aerodactyl
|-supereffective|p1a: Aerodactyl|1
|-damage|p1a: Aerodactyl|19/100
|move|p1a: Aerodactyl|Rock Slide|p2a: Incineroar|[spread] p2a,p2b
|-supereffective|p2a: Incineroar|1
|-damage|p2a: Incineroar|35/100
|-damage|p2b: Farigiraf|11/100
|
|upkeep
|turn|4
|inactive|LorGhez has 30 seconds left.
|
|t:|1782452736
|switch|p1a: Rotom|Rotom-Wash, L50|100/100
|move|p1b: Gyarados|Protect|p1b: Gyarados
|-singleturn|p1b: Gyarados|Protect
|move|p2b: Farigiraf|Thunderbolt|p1b: Gyarados
|-activate|p1b: Gyarados|move: Protect
|move|p2a: Incineroar|Darkest Lariat|p1a: Rotom
|-crit|p1a: Rotom
|-damage|p1a: Rotom|21/100
|
|upkeep
|turn|5
|
|t:|1782452752
|move|p2a: Incineroar|Darkest Lariat|p1a: Rotom
|-damage|p1a: Rotom|0 fnt
|faint|p1a: Rotom
|move|p2b: Farigiraf|Thunderbolt|p1b: Gyarados
|-supereffective|p1b: Gyarados|2
|-damage|p1b: Gyarados|0 fnt
|faint|p1b: Gyarados
|
|upkeep
|
|t:|1782452759
|switch|p1b: Aerodactyl|Aerodactyl-Mega, L50, M|19/100
|switch|p1a: Tinkaton|Tinkaton, L50, F|1/100
|-ability|p1a: Tinkaton|Mold Breaker
|turn|6
|
|t:|1782452766
|switch|p2a: Torkoal|Torkoal, L50, M|100/100
|-weather|SunnyDay|[from] ability: Drought|[of] p2a: Torkoal
|move|p1b: Aerodactyl|Protect|p1b: Aerodactyl
|-singleturn|p1b: Aerodactyl|Protect
|move|p1a: Tinkaton|Fake Out|p2b: Farigiraf
|-damage|p2b: Farigiraf|1/100
|cant|p2b: Farigiraf|flinch
|
|-weather|SunnyDay|[upkeep]
|-fieldend|move: Trick Room
|upkeep
|turn|7
|
|t:|1782452783
|move|p1b: Aerodactyl|Rock Slide|p2b: Farigiraf|[spread] p2b
|-miss|p1b: Aerodactyl|p2a: Torkoal
|-damage|p2b: Farigiraf|0 fnt
|faint|p2b: Farigiraf
|move|p1a: Tinkaton|Play Rough|p2a: Torkoal
|-resisted|p2a: Torkoal|1
|-damage|p2a: Torkoal|86/100
|-unboost|p2a: Torkoal|atk|1
|move|p2a: Torkoal|Weather Ball|p1b: Aerodactyl
|-resisted|p1b: Aerodactyl|1
|-damage|p1b: Aerodactyl|0 fnt
|faint|p1b: Aerodactyl
|
|-weather|SunnyDay|[upkeep]
|upkeep
|
|t:|1782452789
|switch|p2b: Incineroar|Incineroar, L50, F|35/100
|-ability|p2b: Incineroar|Intimidate|boost
|-unboost|p1a: Tinkaton|atk|1
|turn|8
|
|t:|1782452800
|move|p2b: Incineroar|Fake Out|p1a: Tinkaton
|-resisted|p1a: Tinkaton|1
|-damage|p1a: Tinkaton|0 fnt
|faint|p1a: Tinkaton
|
|win|cretaceousdraconid
||LorGhez is ready for game 3.
