|j|‽Sushi Bum
|j|☆Welwitchia
|html|Sushi BumWelwitchia    
|uhtml|bestof|Game 3 of a best-of-3
|t:|1782684615
|gametype|doubles
|player|p1|Sushi Bum|beni-ninja|1073
|player|p2|Welwitchia|169|1025
|gen|9
|tier|[Gen 9 Champions] VGC 2026 Reg M-B (Bo3)
|rated|
|rule|Species Clause: Limit one of each Pokémon
|rule|Item Clause: Limit 1 of each item
|clearpoke
|poke|p1|Talonflame, L50, F|
|poke|p1|Grimmsnarl, L50, M|
|poke|p1|Raichu, L50, F|
|poke|p1|Heliolisk, L50, M|
|poke|p1|Venusaur, L50, F|
|poke|p1|Mamoswine, L50, F|
|poke|p2|Banette, L50, F, shiny|
|poke|p2|Umbreon, L50, M|
|poke|p2|Blastoise, L50, F, shiny|
|poke|p2|Charizard, L50, M|
|poke|p2|Hatterene, L50, F, shiny|
|poke|p2|Venusaur, L50, M|
|teampreview|4
|showteam|p1|Talonflame||SharpBeak|GaleWings|BraveBird,Taunt,Tailwind,UpperHand|Adamant||F|||50|]Grimmsnarl||LightClay|Prankster|PartingShot,SpiritBreak,LightScreen,Reflect|Adamant||M|||50|]Raichu||RaichuniteY|LightningRod|ZapCannon,GrassKnot,FocusBlast,Protect|Timid||F|||50|]Heliolisk||ExpertBelt|DrySkin|Thunderbolt,HyperVoice,Protect,WeatherBall|Timid||M|||50|]Venusaur||LifeOrb|Chlorophyll|SludgeBomb,SleepPowder,GigaDrain,EarthPower|Timid||F|||50|]Mamoswine||FocusSash|Oblivious|StompingTantrum,IceShard,IcicleCrash,Protect|Jolly||F|||50|
|showteam|p2|Banette||Banettite|CursedBody|SkitterSmack,Disable,FoulPlay,DestinyBond|Careful||F|||50|]Umbreon||MentalHerb|InnerFocus|FoulPlay,Swagger,Toxic,Tickle|Calm||M|||50|]Blastoise||MysticWater|RainDish|MuddyWater,FakeOut,IceBeam,AquaJet|Quiet||F|||50|]Charizard||CharizarditeY|Blaze|AirSlash,SolarBeam,HeatWave,RockSlide|Hasty||M|||50|]Hatterene||BabiriBerry|MagicBounce|MagicPowder,TrickRoom,DazzlingGleam,LightScreen|Sassy||F|||50|]Venusaur||Leftovers|Chlorophyll|WorrySeed,SweetScent,SleepPowder,AcidSpray|Timid||M|||50|
|
|t:|1782684657
|teamsize|p1|4
|teamsize|p2|4
|start
|switch|p1a: Raichu|Raichu, L50, F|100/100
|switch|p1b: Talonflame|Talonflame, L50, F|100/100
|switch|p2a: Hatterene|Hatterene, L50, F, shiny|100/100
|switch|p2b: Venusaur|Venusaur, L50, M|100/100
|turn|1
|
|t:|1782684732
|detailschange|p1a: Raichu|Raichu-Mega-Y, L50, F
|-mega|p1a: Raichu|Raichu|Raichunite Y
|move|p1b: Talonflame|Brave Bird|p2a: Hatterene
|-damage|p2a: Hatterene|35/100
|-damage|p1b: Talonflame|77/100|[from] Recoil
|move|p1a: Raichu|Zap Cannon|p2a: Hatterene
|-damage|p2a: Hatterene|0 fnt
|faint|p2a: Hatterene
|move|p2b: Venusaur|Sleep Powder|p1b: Talonflame
|-status|p1b: Talonflame|slp|[from] move: Sleep Powder
|
|upkeep
|
|t:|1782684750
|switch|p2a: Charizard|Charizard, L50, M|100/100
|turn|2
|
|t:|1782684764
|detailschange|p2a: Charizard|Charizard-Mega-Y, L50, M
|-mega|p2a: Charizard|Charizard|Charizardite Y
|-weather|SunnyDay|[from] ability: Drought|[of] p2a: Charizard
|move|p2b: Venusaur|Sleep Powder|p1a: Raichu
|-status|p1a: Raichu|slp|[from] move: Sleep Powder
|cant|p1a: Raichu|slp
|cant|p1b: Talonflame|slp
|move|p2a: Charizard|Heat Wave|p1b: Talonflame|[spread] p1a,p1b
|-resisted|p1b: Talonflame|1
|-damage|p1a: Raichu|1/100 slp
|-damage|p1b: Talonflame|28/100 slp
|
|-weather|SunnyDay|[upkeep]
|upkeep
|turn|3
|
|t:|1782684788
|move|p2b: Venusaur|Sweet Scent|p1a: Raichu|[spread] p1a,p1b
|-unboost|p1a: Raichu|evasion|2
|-unboost|p1b: Talonflame|evasion|2
|cant|p1a: Raichu|slp
|-curestatus|p1b: Talonflame|slp|[msg]
|move|p1b: Talonflame|Tailwind|p1b: Talonflame
|-sidestart|p1: Sushi Bum|move: Tailwind
|move|p2a: Charizard|Air Slash|p1b: Talonflame
|-damage|p1b: Talonflame|0 fnt
|faint|p1b: Talonflame
|
|-weather|SunnyDay|[upkeep]
|upkeep
|
|t:|1782684805
|switch|p1b: Venusaur|Venusaur, L50, F|100/100
|turn|4
|
|t:|1782684819
|move|p1b: Venusaur|Sleep Powder|p2a: Charizard
|-status|p2a: Charizard|slp|[from] move: Sleep Powder
|-curestatus|p1a: Raichu|slp|[msg]
|move|p1a: Raichu|Zap Cannon|p2b: Venusaur
|-resisted|p2b: Venusaur|1
|-damage|p2b: Venusaur|67/100
|-status|p2b: Venusaur|par
|cant|p2a: Charizard|slp
|move|p2b: Venusaur|Acid Spray|p1a: Raichu
|-damage|p1a: Raichu|0 fnt
|faint|p1a: Raichu
|
|-weather|SunnyDay|[upkeep]
|-heal|p2b: Venusaur|73/100 par|[from] item: Leftovers
|upkeep
|
|t:|1782684847
|switch|p1a: Grimmsnarl|Grimmsnarl, L50, M|100/100
|turn|5
|
|t:|1782684854
|switch|p2a: Umbreon|Umbreon, L50, M|100/100
|move|p1b: Venusaur|Sludge Bomb|p2b: Venusaur
|-damage|p2b: Venusaur|20/100y par
|-damage|p1b: Venusaur|90/100|[from] item: Life Orb
|move|p1a: Grimmsnarl|Spirit Break|p2b: Venusaur
|-resisted|p2b: Venusaur|1
|-damage|p2b: Venusaur|0 fnt
|faint|p2b: Venusaur
|
|-weather|SunnyDay|[upkeep]
|upkeep
|inactive|Battle timer is ON: inactive players will automatically lose when time's up. (requested by Sushi Bum)
|
|t:|1782684864
|switch|p2b: Charizard|Charizard-Mega-Y, L50, M|100/100 slp
|turn|6
|
|t:|1782684874
|move|p1b: Venusaur|Sludge Bomb|p2b: Charizard
|-damage|p2b: Charizard|45/100 slp
|-damage|p1b: Venusaur|80/100|[from] item: Life Orb
|cant|p2b: Charizard|slp
|move|p1a: Grimmsnarl|Spirit Break|p2a: Umbreon
|-supereffective|p2a: Umbreon|1
|-damage|p2a: Umbreon|36/100
|-unboost|p2a: Umbreon|spa|1
|move|p2a: Umbreon|Toxic|p1a: Grimmsnarl
|-status|p1a: Grimmsnarl|tox
|
|-weather|none
|-damage|p1a: Grimmsnarl|94/100 tox|[from] psn
|-sideend|p1: Sushi Bum|move: Tailwind
|upkeep
|turn|7
|
|t:|1782684896
|-curestatus|p2b: Charizard|slp|[msg]
|move|p2b: Charizard|Heat Wave|p1b: Venusaur|[spread] p1a,p1b
|-supereffective|p1b: Venusaur|1
|-damage|p1a: Grimmsnarl|50/100g tox
|-damage|p1b: Venusaur|0 fnt
|faint|p1b: Venusaur
|move|p2a: Umbreon|Swagger|p1a: Grimmsnarl
|-boost|p1a: Grimmsnarl|atk|2
|-start|p1a: Grimmsnarl|confusion
|-activate|p1a: Grimmsnarl|confusion
|move|p1a: Grimmsnarl|Spirit Break|p2a: Umbreon
|-supereffective|p2a: Umbreon|1
|-damage|p2a: Umbreon|0 fnt
|faint|p2a: Umbreon
|
|-damage|p1a: Grimmsnarl|38/100 tox|[from] psn
|upkeep
|turn|8
|
|t:|1782684912
|move|p2b: Charizard|Heat Wave|p1a: Grimmsnarl
|-damage|p1a: Grimmsnarl|0 fnt
|faint|p1a: Grimmsnarl
|
|win|Welwitchia
|raw|Sushi Bum's rating: 1073 → 1049(-24 for losing)
|raw|Welwitchia's rating: 1025 → 1066(+41 for winning)
