|j|☆bellytelevision
|j|☆Comeonbruv
|html|bellytelevisionComeonbruv    
|uhtml|bestof|Game 2 of a best-of-3
|t:|1785262641
|gametype|doubles
|player|p1|bellytelevision|biker|1141
|player|p2|Comeonbruv|hilbert-wonderlauncher|1143
|gen|9
|tier|[Gen 9 Champions] VGC 2026 Reg M-B (Bo3)
|rated|
|rule|Species Clause: Limit one of each Pokémon
|rule|Item Clause: Limit 1 of each item
|clearpoke
|poke|p1|Pelipper, L50, F|
|poke|p1|Grimmsnarl, L50, M|
|poke|p1|Charizard, L50, M|
|poke|p1|Venusaur, L50, F|
|poke|p1|Basculegion, L50, M|
|poke|p1|Archaludon, L50, M|
|poke|p2|Sceptile, L50, F|
|poke|p2|Infernape, L50, F|
|poke|p2|Blastoise, L50, M|
|poke|p2|Empoleon, L50, F|
|poke|p2|Venusaur, L50, F|
|poke|p2|Charizard, L50, M, shiny|
|teampreview|4
|showteam|p1|Pelipper||SitrusBerry|Drizzle|Hurricane,WeatherBall,Tailwind,WideGuard|Modest||F|||50|]Grimmsnarl||LightClay|Prankster|SpiritBreak,Reflect,LightScreen,PartingShot|Sassy||M|||50|]Charizard||CharizarditeY|Blaze|HeatWave,WeatherBall,SolarBeam,Protect|Modest||M|||50|]Venusaur||FocusSash|Chlorophyll|SludgeBomb,EarthPower,SleepPowder,Protect|Modest||F|||50|]Basculegion||ChoiceScarf|Adaptability|WaveCrash,LastRespects,FlipTurn,AquaJet|Jolly||M|||50|]Archaludon||Leftovers|Stamina|DragonPulse,FlashCannon,ElectroShot,Protect|Calm||M|||50|
|showteam|p2|Sceptile||WhiteHerb|Overgrow|LeafStorm,DragonPulse,Protect,Detect|Timid||F|||50|]Infernape||LifeOrb|IronFist|FakeOut,CloseCombat,Protect,FlareBlitz|Jolly||F|||50|]Blastoise||ShellBell|Torrent|WaterPulse,IceBeam,AuraSphere,DarkPulse|Modest||M|||50|]Empoleon||Leftovers|Competitive|HydroPump,FlashCannon,IcyWind,Protect|Modest||F|||50|]Venusaur||FocusSash|Chlorophyll|SludgeBomb,Protect,SleepPowder,GigaDrain|Modest||F|||50|]Charizard||CharizarditeY|Blaze|HeatWave,SolarBeam,Protect,Overheat|Timid||M|||50|
|inactive|Battle timer is ON: inactive players will automatically lose when time's up. (requested by Comeonbruv)
|inactive|Comeonbruv has 60 seconds left.
|
|t:|1785262699
|teamsize|p1|4
|teamsize|p2|4
|start
|switch|p1a: Grimmsnarl|Grimmsnarl, L50, M|100/100
|switch|p1b: Charizard|Charizard, L50, M|100/100
|switch|p2a: Ruperto|Blastoise, L50, M|100/100
|switch|p2b: El Padrino|Empoleon, L50, F|100/100
|turn|1
|inactive|bellytelevision has 30 seconds left.
|
|t:|1785262727
|detailschange|p1b: Charizard|Charizard-Mega-Y, L50, M
|-mega|p1b: Charizard|Charizard|Charizardite Y
|-weather|SunnyDay|[from] ability: Drought|[of] p1b: Charizard
|move|p1a: Grimmsnarl|Light Screen|p1a: Grimmsnarl
|-sidestart|p1: bellytelevision|move: Light Screen
|move|p1b: Charizard|Solar Beam||[still]
|-prepare|p1b: Charizard|Solar Beam
|-anim|p1b: Charizard|Solar Beam|p2b: El Padrino
|-damage|p2b: El Padrino|58/100
|move|p2a: Ruperto|Water Pulse|p1a: Grimmsnarl
|-damage|p1a: Grimmsnarl|94/100
|move|p2b: El Padrino|Icy Wind|p1b: Charizard|[spread] p1a,p1b
|-damage|p1a: Grimmsnarl|86/100
|-damage|p1b: Charizard|91/100
|-unboost|p1a: Grimmsnarl|spe|1
|-unboost|p1b: Charizard|spe|1
|
|-weather|SunnyDay|[upkeep]
|-heal|p2b: El Padrino|64/100|[from] item: Leftovers
|upkeep
|turn|2
|inactive|bellytelevision has 30 seconds left.
|inactive|Comeonbruv has 30 seconds left.
|
|t:|1785262757
|switch|p2a: Gloria|Venusaur, L50, F|100/100
|move|p1a: Grimmsnarl|Parting Shot|p2b: El Padrino
|-unboost|p2b: El Padrino|atk|1
|-ability|p2b: El Padrino|Competitive|boost
|-boost|p2b: El Padrino|spa|2
|-unboost|p2b: El Padrino|spa|1
|-ability|p2b: El Padrino|Competitive|boost
|-boost|p2b: El Padrino|spa|2
|
|t:|1785262766
|switch|p1a: Archaludon|Archaludon, L50, M|100/100|[from] Parting Shot
|move|p1b: Charizard|Solar Beam||[still]
|-prepare|p1b: Charizard|Solar Beam
|-anim|p1b: Charizard|Solar Beam|p2a: Gloria
|-resisted|p2a: Gloria|2
|-damage|p2a: Gloria|85/100
|move|p2b: El Padrino|Icy Wind|p1a: Archaludon|[spread] p1a,p1b
|-damage|p1a: Archaludon|81/100
|-damage|p1b: Charizard|72/100
|-unboost|p1a: Archaludon|spe|1
|-unboost|p1b: Charizard|spe|1
|-ability|p1a: Archaludon|Stamina|boost
|-boost|p1a: Archaludon|def|1
|
|-weather|SunnyDay|[upkeep]
|-heal|p2b: El Padrino|70/100|[from] item: Leftovers
|-heal|p1a: Archaludon|87/100|[from] item: Leftovers
|upkeep
|turn|3
|inactive|Comeonbruv has 30 seconds left.
|
|t:|1785262799
|switch|p1b: Pelipper|Pelipper, L50, F|100/100
|-weather|RainDance|[from] ability: Drizzle|[of] p1b: Pelipper
|move|p2a: Gloria|Sleep Powder|p1b: Pelipper
|-status|p1b: Pelipper|slp|[from] move: Sleep Powder
|move|p2b: El Padrino|Icy Wind|p1a: Archaludon|[spread] p1a,p1b
|-damage|p1a: Archaludon|68/100
|-damage|p1b: Pelipper|71/100 slp
|-unboost|p1a: Archaludon|spe|1
|-unboost|p1b: Pelipper|spe|1
|-ability|p1a: Archaludon|Stamina|boost
|-boost|p1a: Archaludon|def|1
|move|p1a: Archaludon|Electro Shot||[still]
|-prepare|p1a: Archaludon|Electro Shot
|-boost|p1a: Archaludon|spa|1
|-anim|p1a: Archaludon|Electro Shot|p2b: El Padrino
|-supereffective|p2b: El Padrino|1
|-damage|p2b: El Padrino|0 fnt
|faint|p2b: El Padrino
|
|-weather|RainDance|[upkeep]
|-heal|p1a: Archaludon|74/100|[from] item: Leftovers
|upkeep
|
|t:|1785262820
|switch|p2b: Ruperto|Blastoise, L50, M|100/100
|turn|4
|
|t:|1785262838
|move|p1a: Archaludon|Protect|p1a: Archaludon
|-singleturn|p1a: Archaludon|Protect
|move|p2a: Gloria|Giga Drain|p1b: Pelipper
|-crit|p1b: Pelipper
|-damage|p1b: Pelipper|6/100 slp
|-heal|p2a: Gloria|100/100|[from] drain|[of] p1b: Pelipper
|-enditem|p1b: Pelipper|Sitrus Berry|[eat]
|-heal|p1b: Pelipper|31/100 slp|[from] item: Sitrus Berry
|move|p2b: Ruperto|Aura Sphere|p1a: Archaludon
|-activate|p1a: Archaludon|move: Protect
|cant|p1b: Pelipper|slp
|
|-weather|RainDance|[upkeep]
|-heal|p1a: Archaludon|80/100|[from] item: Leftovers
|upkeep
|turn|5
|
|t:|1785262859
|switch|p1b: Grimmsnarl|Grimmsnarl, L50, M|86/100
|switch|p1a: Charizard|Charizard-Mega-Y, L50, M|72/100
|-weather|SunnyDay|[from] ability: Drought|[of] p1a: Charizard
|move|p2a: Gloria|Sleep Powder|p1a: Charizard
|-status|p1a: Charizard|slp|[from] move: Sleep Powder
|move|p2b: Ruperto|Dark Pulse|p1b: Grimmsnarl
|-resisted|p1b: Grimmsnarl|2
|-damage|p1b: Grimmsnarl|84/100
|
|-weather|SunnyDay|[upkeep]
|upkeep
|turn|6
|
|t:|1785262882
|move|p1b: Grimmsnarl|Parting Shot|p2b: Ruperto
|-unboost|p2b: Ruperto|atk|1
|-unboost|p2b: Ruperto|spa|1
|
|t:|1785262885
|switch|p1b: Archaludon|Archaludon, L50, M|80/100|[from] Parting Shot
|move|p2a: Gloria|Sleep Powder|p1b: Archaludon
|-status|p1b: Archaludon|slp|[from] move: Sleep Powder
|cant|p1a: Charizard|slp
|move|p2b: Ruperto|Water Pulse|p1a: Charizard
|-supereffective|p1a: Charizard|1
|-damage|p1a: Charizard|63/100 slp
|
|-weather|SunnyDay|[upkeep]
|-heal|p1b: Archaludon|86/100 slp|[from] item: Leftovers
|upkeep
|turn|7
|inactive|Comeonbruv has 30 seconds left.
|
|t:|1785262914
|switch|p2a: Chorizo|Charizard, L50, M, shiny|100/100
|switch|p1b: Grimmsnarl|Grimmsnarl, L50, M|84/100
|-curestatus|p1a: Charizard|slp|[msg]
|move|p1a: Charizard|Heat Wave|p2b: Ruperto|[spread] p2a,p2b
|-resisted|p2a: Chorizo|1
|-resisted|p2b: Ruperto|1
|-damage|p2a: Chorizo|61/100
|-damage|p2b: Ruperto|76/100
|move|p2b: Ruperto|Water Pulse|p1a: Charizard
|-supereffective|p1a: Charizard|1
|-damage|p1a: Charizard|54/100
|-start|p1a: Charizard|confusion
|-heal|p2b: Ruperto|77/100|[from] item: Shell Bell|[of] p1a: Charizard
|
|-weather|SunnyDay|[upkeep]
|upkeep
|turn|8
|inactive|bellytelevision has 30 seconds left.
|
|t:|1785262939
|switch|p1a: Pelipper|Pelipper, L50, F|31/100 slp
|-weather|RainDance|[from] ability: Drizzle|[of] p1a: Pelipper
|detailschange|p2a: Chorizo|Charizard-Mega-Y, L50, M, shiny
|-mega|p2a: Chorizo|Charizard|Charizardite Y
|-weather|SunnyDay|[from] ability: Drought|[of] p2a: Chorizo
|move|p1b: Grimmsnarl|Parting Shot|p2a: Chorizo
|-unboost|p2a: Chorizo|atk|1
|-unboost|p2a: Chorizo|spa|1
|
|t:|1785262951
|switch|p1b: Charizard|Charizard-Mega-Y, L50, M|54/100|[from] Parting Shot
|move|p2a: Chorizo|Heat Wave|p1b: Charizard|[spread] p1b
|-miss|p2a: Chorizo|p1a: Pelipper
|-resisted|p1b: Charizard|1
|-damage|p1b: Charizard|40/100
|move|p2b: Ruperto|Water Pulse|p1a: Pelipper
|-resisted|p1a: Pelipper|1
|-crit|p1a: Pelipper
|-damage|p1a: Pelipper|20/100y slp
|-heal|p2b: Ruperto|78/100|[from] item: Shell Bell|[of] p1a: Pelipper
|
|-weather|SunnyDay|[upkeep]
|-sideend|p1: bellytelevision|move: Light Screen
|upkeep
|turn|9
|
|t:|1785262970
|switch|p2b: Gloria|Venusaur, L50, F|100/100
|switch|p1a: Grimmsnarl|Grimmsnarl, L50, M|84/100
|move|p2a: Chorizo|Heat Wave|p1b: Charizard|[spread] p1a,p1b
|-resisted|p1b: Charizard|1
|-damage|p1a: Grimmsnarl|44/100
|-damage|p1b: Charizard|21/100
|move|p1b: Charizard|Solar Beam||[still]
|-prepare|p1b: Charizard|Solar Beam
|-anim|p1b: Charizard|Solar Beam|p2b: Gloria
|-resisted|p2b: Gloria|2
|-damage|p2b: Gloria|86/100
|
|-weather|SunnyDay|[upkeep]
|upkeep
|turn|10
|
|t:|1785262988
|switch|p1a: Pelipper|Pelipper, L50, F|20/100y slp
|-weather|RainDance|[from] ability: Drizzle|[of] p1a: Pelipper
|move|p2a: Chorizo|Heat Wave|p1b: Charizard|[spread] p1b
|-miss|p2a: Chorizo|p1a: Pelipper
|-resisted|p1b: Charizard|1
|-crit|p1b: Charizard
|-damage|p1b: Charizard|9/100
|move|p2b: Gloria|Sleep Powder|p1a: Pelipper
|-fail|p1a: Pelipper|slp
|move|p1b: Charizard|Weather Ball|p2a: Chorizo
|-supereffective|p2a: Chorizo|1
|-crit|p2a: Chorizo
|-damage|p2a: Chorizo|0 fnt
|faint|p2a: Chorizo
|
|-weather|RainDance|[upkeep]
|upkeep
|
|t:|1785262998
|switch|p2a: Ruperto|Blastoise, L50, M|78/100
|turn|11
|
|t:|1785263017
|switch|p1b: Grimmsnarl|Grimmsnarl, L50, M|44/100
|move|p2b: Gloria|Protect|p2b: Gloria
|-singleturn|p2b: Gloria|Protect
|move|p2a: Ruperto|Water Pulse|p1a: Pelipper
|-resisted|p1a: Pelipper|1
|-damage|p1a: Pelipper|0 fnt
|faint|p1a: Pelipper
|-heal|p2a: Ruperto|80/100|[from] item: Shell Bell|[of] p1: Pelipper
|
|-weather|RainDance|[upkeep]
|upkeep
|
|t:|1785263026
|switch|p1a: Archaludon|Archaludon, L50, M|86/100 slp
|turn|12
|
|t:|1785263039
|cant|p1a: Archaludon|slp
|move|p1b: Grimmsnarl|Parting Shot|p2a: Ruperto
|-unboost|p2a: Ruperto|atk|1
|-unboost|p2a: Ruperto|spa|1
|
|t:|1785263045
|switch|p1b: Charizard|Charizard-Mega-Y, L50, M|9/100|[from] Parting Shot
|-weather|SunnyDay|[from] ability: Drought|[of] p1b: Charizard
|move|p2b: Gloria|Giga Drain|p1a: Archaludon
|-resisted|p1a: Archaludon|2
|-damage|p1a: Archaludon|79/100 slp
|-heal|p2b: Gloria|91/100|[from] drain|[of] p1a: Archaludon
|-ability|p1a: Archaludon|Stamina|boost
|-boost|p1a: Archaludon|def|1
|move|p2a: Ruperto|Aura Sphere|p1a: Archaludon
|-supereffective|p1a: Archaludon|1
|-damage|p1a: Archaludon|57/100 slp
|-ability|p1a: Archaludon|Stamina|boost
|-boost|p1a: Archaludon|def|1
|-heal|p2a: Ruperto|83/100|[from] item: Shell Bell|[of] p1a: Archaludon
|
|-weather|SunnyDay|[upkeep]
|-heal|p1a: Archaludon|63/100 slp|[from] item: Leftovers
|upkeep
|turn|13
|inactive|bellytelevision has 30 seconds left.
|inactive|Comeonbruv has 30 seconds left.
|
|t:|1785263075
|switch|p1b: Grimmsnarl|Grimmsnarl, L50, M|44/100
|move|p2b: Gloria|Giga Drain|p1b: Grimmsnarl
|-damage|p1b: Grimmsnarl|11/100
|-heal|p2b: Gloria|100/100|[from] drain|[of] p1b: Grimmsnarl
|-curestatus|p1a: Archaludon|slp|[msg]
|move|p1a: Archaludon|Dragon Pulse|p2a: Ruperto
|-damage|p2a: Ruperto|54/100
|move|p2a: Ruperto|Water Pulse|p1a: Archaludon
|-resisted|p1a: Archaludon|1
|-damage|p1a: Archaludon|61/100
|-ability|p1a: Archaludon|Stamina|boost
|-boost|p1a: Archaludon|def|1
|-heal|p2a: Ruperto|54/100|[from] item: Shell Bell|[of] p1a: Archaludon
|
|-weather|SunnyDay|[upkeep]
|-heal|p1a: Archaludon|67/100|[from] item: Leftovers
|upkeep
|turn|14
|
|t:|1785263099
|move|p2b: Gloria|Protect|p2b: Gloria
|-singleturn|p2b: Gloria|Protect
|move|p1b: Grimmsnarl|Parting Shot|p2a: Ruperto
|-unboost|p2a: Ruperto|atk|1
|-unboost|p2a: Ruperto|spa|1
|
|t:|1785263105
|switch|p1b: Charizard|Charizard-Mega-Y, L50, M|9/100|[from] Parting Shot
|move|p1a: Archaludon|Dragon Pulse|p2a: Ruperto
|-damage|p2a: Ruperto|28/100
|move|p2a: Ruperto|Water Pulse|p1a: Archaludon
|-resisted|p1a: Archaludon|1
|-damage|p1a: Archaludon|64/100
|-ability|p1a: Archaludon|Stamina|boost
|-boost|p1a: Archaludon|def|1
|-heal|p2a: Ruperto|29/100|[from] item: Shell Bell|[of] p1a: Archaludon
|
|-weather|SunnyDay|[upkeep]
|-heal|p1a: Archaludon|70/100|[from] item: Leftovers
|upkeep
|turn|15
|
|t:|1785263120
|switch|p1b: Grimmsnarl|Grimmsnarl, L50, M|11/100
|move|p2b: Gloria|Sleep Powder|p1a: Archaludon|[miss]
|-miss|p2b: Gloria|p1a: Archaludon
|move|p1a: Archaludon|Dragon Pulse|p2a: Ruperto
|-damage|p2a: Ruperto|1/100
|move|p2a: Ruperto|Water Pulse|p1b: Grimmsnarl
|-damage|p1b: Grimmsnarl|4/100
|-heal|p2a: Ruperto|2/100|[from] item: Shell Bell|[of] p1b: Grimmsnarl
|
|-weather|SunnyDay|[upkeep]
|-heal|p1a: Archaludon|76/100|[from] item: Leftovers
|upkeep
|turn|16
|
|t:|1785263141
|move|p2b: Gloria|Sleep Powder|p1a: Archaludon
|-status|p1a: Archaludon|slp|[from] move: Sleep Powder
|cant|p1a: Archaludon|slp
|move|p2a: Ruperto|Water Pulse|p1b: Grimmsnarl
|-damage|p1b: Grimmsnarl|0 fnt
|faint|p1b: Grimmsnarl
|-heal|p2a: Ruperto|2/100|[from] item: Shell Bell|[of] p1: Grimmsnarl
|
|-weather|none
|-heal|p1a: Archaludon|82/100 slp|[from] item: Leftovers
|upkeep
|
|t:|1785263150
|switch|p1b: Charizard|Charizard-Mega-Y, L50, M|9/100
|-weather|SunnyDay|[from] ability: Drought|[of] p1b: Charizard
|turn|17
|
|t:|1785263171
|move|p2b: Gloria|Giga Drain|p1a: Archaludon
|-resisted|p1a: Archaludon|2
|-damage|p1a: Archaludon|75/100 slp
|-ability|p1a: Archaludon|Stamina|boost
|-boost|p1a: Archaludon|def|1
|move|p1b: Charizard|Heat Wave|p2a: Ruperto|[spread] p2a,p2b
|-resisted|p2a: Ruperto|1
|-supereffective|p2b: Gloria|1
|-damage|p2a: Ruperto|0 fnt
|-enditem|p2b: Gloria|Focus Sash
|-damage|p2b: Gloria|1/100
|faint|p2a: Ruperto
|cant|p1a: Archaludon|slp
|
|-weather|SunnyDay|[upkeep]
|-heal|p1a: Archaludon|81/100 slp|[from] item: Leftovers
|upkeep
|turn|18
|
|t:|1785263187
|move|p2b: Gloria|Giga Drain|p1b: Charizard
|-resisted|p1b: Charizard|2
|-damage|p1b: Charizard|1/100
|-heal|p2b: Gloria|5/100|[from] drain|[of] p1b: Charizard
|move|p1b: Charizard|Heat Wave|p2b: Gloria
|-supereffective|p2b: Gloria|1
|-damage|p2b: Gloria|0 fnt
|faint|p2b: Gloria
|
|win|bellytelevision
|raw|bellytelevision's rating: 1141 → 1166(+25 for winning)
|raw|Comeonbruv's rating: 1143 → 1118(-25 for losing)
|c|☆bellytelevision|gg!
|l|☆Comeonbruv
|player|p2|
