|j|☆smalltownkirlia
|j|☆Alyte
|html|smalltownkirliaAlyte    
|uhtml|bestof|Game 2 of a best-of-3
|t:|1757697657
|gametype|doubles
|player|p1|smalltownkirlia|whitney|1148
|player|p2|Alyte|102|1062
|gen|9
|tier|[Gen 9] VGC 2025 Reg H (Bo3)
|rated|
|rule|Species Clause: Limit one of each Pokémon
|rule|Item Clause: Limit 1 of each item
|clearpoke
|poke|p1|Dragonite, L50, F|
|poke|p1|Ursaluna-Bloodmoon, L50, M|
|poke|p1|Gholdengo, L50|
|poke|p1|Maushold-Four, L50|
|poke|p1|Annihilape, L50, F|
|poke|p1|Rillaboom, L50, M|
|poke|p2|Primarina, L50, M|
|poke|p2|Pelipper, L50, F|
|poke|p2|Archaludon, L50, M|
|poke|p2|Amoonguss, L50, F|
|poke|p2|Indeedee-F, L50, F|
|poke|p2|Kingambit, L50, F|
|teampreview|4
|showteam|p1|Dragonite||LoadedDice|Multiscale|ScaleShot,Tailwind,Haze,Protect|||F|||50|,,,,,Fairy]Ursaluna-Bloodmoon||AssaultVest|MindsEye|BloodMoon,EarthPower,HyperVoice,VacuumWave|||M|||50|,,,,,Water]Gholdengo||LifeOrb|GoodasGold|MakeItRain,ShadowBall,NastyPlot,Protect||||||50|,,,,,Dragon]Maushold-Four||FocusSash|FriendGuard|Taunt,FollowMe,BeatUp,Protect||||||50|,,,,,Ghost]Annihilape||SitrusBerry|Defiant|RageFist,DrainPunch,BulkUp,Protect|||F|||50|,,,,,Fire]Rillaboom||MiracleSeed|GrassySurge|WoodHammer,GrassyGlide,HighHorsepower,FakeOut|||M|||50|,,,,,Fire
|showteam|p2|Primarina||ThroatSpray|LiquidVoice|HyperVoice,Moonblast,Protect,WeatherBall|||M|||50|,,,,,Grass]Pelipper||FocusSash|Drizzle|WeatherBall,Protect,Tailwind,Hurricane|||F|||50|,,,,,Steel]Archaludon||AssaultVest|Stamina|ElectroShot,DragonPulse,FlashCannon,Snarl|||M|||50|,,,,,Electric]Amoonguss||SitrusBerry|Regenerator|Spore,PollenPuff,RagePowder,Protect|||F|||50|,,,,,Water]Indeedee-F||MentalHerb|PsychicSurge|TrickRoom,FollowMe,Protect,HelpingHand|||F|||50|,,,,,Dark]Kingambit||LifeOrb|Defiant|SuckerPunch,KowtowCleave,IronHead,Protect|||F|||50|,,,,,Flying
|inactive|Battle timer is ON: inactive players will automatically lose when time's up. (requested by smalltownkirlia)
|inactive|Alyte has 60 seconds left.
|inactive|Alyte has 30 seconds left.
|inactive|Alyte has 20 seconds left.
|
|t:|1757697732
|teamsize|p1|4
|teamsize|p2|4
|start
|switch|p1a: Ursaluna|Ursaluna-Bloodmoon, L50, M|100/100
|switch|p1b: Gholdengo|Gholdengo, L50|100/100
|switch|p2a: Pelipper|Pelipper, L50, F|100/100
|switch|p2b: Indeedee|Indeedee-F, L50, F|100/100
|-weather|RainDance|[from] ability: Drizzle|[of] p2a: Pelipper
|-fieldstart|move: Psychic Terrain|[from] ability: Psychic Surge|[of] p2b: Indeedee
|turn|1
|
|t:|1757697756
|move|p1b: Gholdengo|Nasty Plot|p1b: Gholdengo
|-boost|p1b: Gholdengo|spa|2
|move|p2a: Pelipper|Weather Ball|p1a: Ursaluna
|-supereffective|p1a: Ursaluna
|-damage|p1a: Ursaluna|31/100
|move|p1a: Ursaluna|Hyper Voice|p2a: Pelipper|[spread] p2a,p2b
|-damage|p2a: Pelipper|51/100
|-damage|p2b: Indeedee|68/100
|move|p2b: Indeedee|Trick Room|p2b: Indeedee
|-fieldstart|move: Trick Room|[of] p2b: Indeedee
|
|-weather|RainDance|[upkeep]
|upkeep
|turn|2
|inactive|Alyte has 30 seconds left.
|
|t:|1757697786
|switch|p1a: Maushold|Maushold-Four, L50|100/100
|switch|p2a: Kingambit|Kingambit, L50, F|100/100
|move|p2b: Indeedee|Protect|p2b: Indeedee
|-singleturn|p2b: Indeedee|Protect
|move|p1b: Gholdengo|Make It Rain|p2b: Indeedee|[spread] p2a
|-activate|p2b: Indeedee|move: Protect
|-resisted|p2a: Kingambit
|-crit|p2a: Kingambit
|-damage|p2a: Kingambit|7/100
|-unboost|p1b: Gholdengo|spa|1
|-damage|p1b: Gholdengo|91/100|[from] item: Life Orb
|
|-weather|RainDance|[upkeep]
|upkeep
|turn|3
|inactive|Alyte has 30 seconds left.
|
|t:|1757697815
|move|p2b: Indeedee|Helping Hand|p2a: Kingambit
|-singleturn|p2a: Kingambit|Helping Hand|[of] p2b: Indeedee
|move|p1a: Maushold|Follow Me|p1a: Maushold
|-singleturn|p1a: Maushold|move: Follow Me
|move|p2a: Kingambit|Kowtow Cleave|p1a: Maushold
|-enditem|p1a: Maushold|Focus Sash
|-damage|p1a: Maushold|1/100
|-damage|p2a: Kingambit|0 fnt|[from] item: Life Orb
|faint|p2a: Kingambit
|move|p1b: Gholdengo|Make It Rain|p2b: Indeedee
|-damage|p2b: Indeedee|0 fnt
|-unboost|p1b: Gholdengo|spa|1
|faint|p2b: Indeedee
|-damage|p1b: Gholdengo|82/100|[from] item: Life Orb
|
|-weather|RainDance|[upkeep]
|upkeep
|
|t:|1757697823
|switch|p2a: Primarina|Primarina, L50, M|100/100
|switch|p2b: Pelipper|Pelipper, L50, F|51/100
|turn|4
|
|t:|1757697846
|move|p1b: Gholdengo|Protect|p1b: Gholdengo
|-singleturn|p1b: Gholdengo|Protect
|move|p1a: Maushold|Protect|p1a: Maushold
|-singleturn|p1a: Maushold|Protect
|move|p2a: Primarina|Hyper Voice|p1a: Maushold|[spread] 
|-activate|p1a: Maushold|move: Protect
|-activate|p1b: Gholdengo|move: Protect
|move|p2b: Pelipper|Hurricane|p1b: Gholdengo
|-activate|p1b: Gholdengo|move: Protect
|
|-weather|RainDance|[upkeep]
|upkeep
|turn|5
|
|t:|1757697856
|-terastallize|p1b: Gholdengo|Dragon
|move|p1a: Maushold|Follow Me|p1a: Maushold
|-singleturn|p1a: Maushold|move: Follow Me
|move|p2a: Primarina|Hyper Voice|p1b: Gholdengo|[spread] p1a,p1b
|-resisted|p1b: Gholdengo
|-damage|p1a: Maushold|0 fnt
|-damage|p1b: Gholdengo|57/100
|faint|p1a: Maushold
|-enditem|p2a: Primarina|Throat Spray
|-boost|p2a: Primarina|spa|1|[from] item: Throat Spray
|move|p2b: Pelipper|Hurricane|p1b: Gholdengo
|-damage|p1b: Gholdengo|15/100
|-start|p1b: Gholdengo|confusion
|-activate|p1b: Gholdengo|confusion
|-damage|p1b: Gholdengo|9/100|[from] confusion
|
|-weather|none
|-fieldend|move: Trick Room
|-fieldend|move: Psychic Terrain
|upkeep
|
|t:|1757697871
|switch|p1a: Annihilape|Annihilape, L50, F|100/100
|turn|6
|
|t:|1757697887
|move|p2a: Primarina|Protect|p2a: Primarina
|-singleturn|p2a: Primarina|Protect
|move|p1a: Annihilape|Bulk Up|p1a: Annihilape
|-boost|p1a: Annihilape|atk|1
|-boost|p1a: Annihilape|def|1
|-activate|p1b: Gholdengo|confusion
|-damage|p1b: Gholdengo|3/100|[from] confusion
|move|p2b: Pelipper|Tailwind|p2b: Pelipper
|-sidestart|p2: Alyte|move: Tailwind
|
|upkeep
|turn|7
|inactive|smalltownkirlia has 30 seconds left.
|
|t:|1757697915
|move|p1a: Annihilape|Protect|p1a: Annihilape
|-singleturn|p1a: Annihilape|Protect
|-activate|p1b: Gholdengo|confusion
|move|p1b: Gholdengo|Protect|p1b: Gholdengo
|-singleturn|p1b: Gholdengo|Protect
|move|p2b: Pelipper|Hurricane|p1a: Annihilape
|-activate|p1a: Annihilape|move: Protect
|move|p2a: Primarina|Hyper Voice|p1b: Gholdengo|[spread] 
|-activate|p1a: Annihilape|move: Protect
|-activate|p1b: Gholdengo|move: Protect
|
|upkeep
|turn|8
|inactive|smalltownkirlia has 30 seconds left.
|
|t:|1757697946
|switch|p1b: Ursaluna|Ursaluna-Bloodmoon, L50, M|31/100
|move|p2b: Pelipper|Hurricane|p1a: Annihilape
|-supereffective|p1a: Annihilape
|-damage|p1a: Annihilape|31/100
|-enditem|p1a: Annihilape|Sitrus Berry|[eat]
|-heal|p1a: Annihilape|56/100|[from] item: Sitrus Berry
|move|p2a: Primarina|Hyper Voice|p1a: Annihilape|[spread] p1a,p1b
|-supereffective|p1b: Ursaluna
|-damage|p1a: Annihilape|0 fnt
|-damage|p1b: Ursaluna|0 fnt
|faint|p1a: Annihilape
|faint|p1b: Ursaluna
|
|upkeep
|-message|smalltownkirlia forfeited.
|
|win|Alyte
