|j|☆icemonggs
|j|☆parmesanlugubre206
|html|icemonggsparmesanlugubre206    
|uhtml|bestof|Game 1 of a best-of-3
|t:|1785003829
|gametype|doubles
|player|p1|icemonggs|cilan|1123
|player|p2|parmesanlugubre206|ethan|1246
|gen|9
|tier|[Gen 9 Champions] VGC 2026 Reg M-B (Bo3)
|rated|
|rule|Species Clause: Limit one of each Pokémon
|rule|Item Clause: Limit 1 of each item
|clearpoke
|poke|p1|Dragonite, L50, M, shiny|
|poke|p1|Toxapex, L50, F, shiny|
|poke|p1|Sneasler, L50, F|
|poke|p1|Kingambit, L50, M, shiny|
|poke|p1|Charizard, L50, F, shiny|
|poke|p1|Froslass, L50, F, shiny|
|poke|p2|Victreebel, L50, F|
|poke|p2|Garchomp, L50, F|
|poke|p2|Annihilape, L50, M|
|poke|p2|Rotom-Heat, L50|
|poke|p2|Gyarados, L50, M|
|poke|p2|Vanilluxe, L50, M|
|teampreview|4
|showteam|p1|Dragonite||LifeOrb|InnerFocus|DragonClaw,ExtremeSpeed,LowKick,Protect|Adamant||M|||50|]Toxapex||Leftovers|Regenerator|Infestation,Toxic,WideGuard,BanefulBunker|Bold||F|||50|]Sneasler||FocusSash|PoisonTouch|CloseCombat,PoisonJab,FakeOut,Protect|Jolly||F|||50|]Kingambit||BlackGlasses|Defiant|KowtowCleave,SwordsDance,SuckerPunch,Protect|Adamant||M|||50|]Charizard||CharizarditeY|Blaze|HeatWave,WeatherBall,SolarBeam,Protect|Modest||F|||50|]Froslass||Froslassite|CursedBody|Blizzard,ShadowBall,AuroraVeil,Protect|Modest||F|||50|
|showteam|p2|Victreebel||Victreebelite|Chlorophyll|SludgeBomb,GigaDrain,StrengthSap,Protect|Modest||F|||50|]Garchomp||LifeOrb|RoughSkin|Earthquake,DragonClaw,RockSlide,Protect|Jolly||F|||50|]Annihilape||FocusSash|Defiant|CloseCombat,PhantomForce,RockTomb,Protect|Jolly||M|||50|]Rotom-Heat||ChoiceScarf|Levitate|Overheat,Thunderbolt,VoltSwitch,Trick|Modest|||||50|]Gyarados||Gyaradosite|Intimidate|Waterfall,Crunch,DragonDance,Protect|Adamant||M|||50|]Vanilluxe||Leftovers|SnowWarning|Blizzard,FreezeDry,AuroraVeil,Protect|Modest||M|||50|
|inactive|Battle timer is ON: inactive players will automatically lose when time's up. (requested by parmesanlugubre206)
|inactive|icemonggs has 60 seconds left.
|inactive|parmesanlugubre206 has 60 seconds left.
|
|t:|1785003884
|teamsize|p1|4
|teamsize|p2|4
|start
|switch|p1a: Sneasler|Sneasler, L50, F|100/100
|switch|p1b: Froslass|Froslass, L50, F, shiny|100/100
|switch|p2a: Victreebel|Victreebel, L50, F|100/100
|switch|p2b: Garchomp|Garchomp, L50, F|100/100
|turn|1
|
|t:|1785003904
|switch|p2b: Rotom|Rotom-Heat, L50|100/100
|detailschange|p1b: Froslass|Froslass-Mega, L50, F, shiny
|-mega|p1b: Froslass|Froslass|Froslassite
|-weather|Snowscape|[from] ability: Snow Warning|[of] p1b: Froslass
|detailschange|p2a: Victreebel|Victreebel-Mega, L50, F
|-mega|p2a: Victreebel|Victreebel|Victreebelite
|move|p1a: Sneasler|Poison Jab|p2a: Victreebel
|-damage|p2a: Victreebel|51/100
|move|p1b: Froslass|Blizzard|p2b: Rotom|[spread] p2a,p2b
|-supereffective|p2a: Victreebel|1
|-resisted|p2b: Rotom|1
|-damage|p2a: Victreebel|0 fnt
|-damage|p2b: Rotom|72/100
|-damage|p1b: Froslass|42/100|[from] ability: Innards Out|[of] p2a: Victreebel
|faint|p2a: Victreebel
|
|-weather|Snowscape|[upkeep]
|upkeep
|
|t:|1785003916
|switch|p2a: Gyarados|Gyarados, L50, M|100/100
|-ability|p2a: Gyarados|Intimidate|boost
|-unboost|p1a: Sneasler|atk|1
|-unboost|p1b: Froslass|atk|1
|turn|2
|
|t:|1785003926
|move|p2b: Rotom|Volt Switch|p1a: Sneasler
|-damage|p1a: Sneasler|50/100g
|
|t:|1785003928
|switch|p2b: Garchomp|Garchomp, L50, F|100/100|[from] Volt Switch
|move|p1a: Sneasler|Poison Jab|p2a: Gyarados
|-damage|p2a: Gyarados|62/100
|-status|p2a: Gyarados|psn|[from] ability: Poison Touch|[of] p1a: Sneasler
|move|p1b: Froslass|Aurora Veil|p1b: Froslass
|-sidestart|p1: icemonggs|move: Aurora Veil
|move|p2a: Gyarados|Dragon Dance|p2a: Gyarados
|-boost|p2a: Gyarados|atk|1
|-boost|p2a: Gyarados|spe|1
|
|-weather|Snowscape|[upkeep]
|-damage|p2a: Gyarados|50/100g psn|[from] psn
|upkeep
|turn|3
|
|t:|1785003936
|move|p1b: Froslass|Protect|p1b: Froslass
|-singleturn|p1b: Froslass|Protect
|move|p2a: Gyarados|Crunch|p1b: Froslass
|-activate|p1b: Froslass|move: Protect
|move|p1a: Sneasler|Poison Jab|p2a: Gyarados
|-damage|p2a: Gyarados|17/100 psn
|move|p2b: Garchomp|Earthquake|p1b: Froslass|[spread] p1a
|-activate|p1b: Froslass|move: Protect
|-immune|p2a: Gyarados
|-supereffective|p1a: Sneasler|1
|-damage|p1a: Sneasler|0 fnt
|faint|p1a: Sneasler
|-damage|p2b: Garchomp|90/100|[from] item: Life Orb
|
|-weather|Snowscape|[upkeep]
|-damage|p2a: Gyarados|5/100 psn|[from] psn
|upkeep
|
|t:|1785003939
|switch|p1a: Kingambit|Kingambit, L50, M, shiny|100/100
|turn|4
|
|t:|1785003957
|move|p2b: Garchomp|Protect|p2b: Garchomp
|-singleturn|p2b: Garchomp|Protect
|move|p1a: Kingambit|Sucker Punch|p2a: Gyarados
|-damage|p2a: Gyarados|0 fnt
|faint|p2a: Gyarados
|move|p1b: Froslass|Blizzard|p2b: Garchomp
|-activate|p2b: Garchomp|move: Protect
|
|-weather|Snowscape|[upkeep]
|upkeep
|
|t:|1785003961
|switch|p2a: Rotom|Rotom-Heat, L50|72/100
|turn|5
|
|t:|1785003966
|switch|p1b: Dragonite|Dragonite, L50, M, shiny|100/100
|move|p1a: Kingambit|Protect|p1a: Kingambit
|-singleturn|p1a: Kingambit|Protect
|move|p2a: Rotom|Overheat|p1a: Kingambit
|-activate|p1a: Kingambit|move: Protect
|move|p2b: Garchomp|Earthquake|p1b: Dragonite|[spread] 
|-activate|p1a: Kingambit|move: Protect
|-immune|p2a: Rotom|[from] ability: Levitate
|-immune|p1b: Dragonite
|
|-weather|none
|upkeep
|turn|6
|
|t:|1785003974
|move|p1b: Dragonite|Extreme Speed|p2a: Rotom
|-damage|p2a: Rotom|14/100
|-damage|p1b: Dragonite|90/100|[from] item: Life Orb
|move|p1a: Kingambit|Sucker Punch|p2a: Rotom
|-damage|p2a: Rotom|0 fnt
|faint|p2a: Rotom
|move|p2b: Garchomp|Dragon Claw|p1b: Dragonite
|-supereffective|p1b: Dragonite|1
|-crit|p1b: Dragonite
|-damage|p1b: Dragonite|0 fnt
|faint|p1b: Dragonite
|-damage|p2b: Garchomp|80/100|[from] item: Life Orb
|
|-sideend|p1: icemonggs|move: Aurora Veil
|upkeep
|
|t:|1785003976
|switch|p1b: Froslass|Froslass-Mega, L50, F, shiny|42/100
|-weather|Snowscape|[from] ability: Snow Warning|[of] p1b: Froslass
|turn|7
|
|t:|1785003980
|move|p1b: Froslass|Blizzard|p2b: Garchomp
|-supereffective|p2b: Garchomp|2
|-damage|p2b: Garchomp|0 fnt
|faint|p2b: Garchomp
|
|win|icemonggs
||parmesanlugubre206 is ready for game 2.
||icemonggs is ready for game 2.
|uhtml|next|Next: Game 2 of 3
|l|☆parmesanlugubre206
|player|p2|
