|j|☆lillyrosethedemon
|j|☆Mclovingods
|html|lillyrosethedemonMclovingods    
|uhtml|bestof|Game 2 of a best-of-3
|t:|1784077467
|gametype|doubles
|player|p1|lillyrosethedemon|madame|1320
|player|p2|Mclovingods|1|1385
|gen|9
|tier|[Gen 9 Champions] VGC 2026 Reg M-B (Bo3)
|rated|
|rule|Species Clause: Limit one of each Pokémon
|rule|Item Clause: Limit 1 of each item
|clearpoke
|poke|p1|Milotic, L50, M|
|poke|p1|Staraptor, L50, M|
|poke|p1|Gholdengo, L50|
|poke|p1|Sinistcha, L50|
|poke|p1|Grimmsnarl, L50, M|
|poke|p1|Garchomp, L50, M|
|poke|p2|Delphox, L50, F|
|poke|p2|Sinistcha, L50|
|poke|p2|Incineroar, L50, F|
|poke|p2|Blastoise, L50, M|
|poke|p2|Kingambit, L50, M|
|poke|p2|Sneasler, L50, M|
|teampreview|4
|showteam|p1|Milotic||Leftovers|Competitive|MuddyWater,Hypnosis,Coil,Protect|Calm||M|||50|]Staraptor||Staraptite|Intimidate|BraveBird,CloseCombat,Protect,Tailwind|Jolly||M|||50|]Gholdengo||SitrusBerry|GoodasGold|NastyPlot,ShadowBall,MakeItRain,Protect|Modest|||||50|]Sinistcha||KasibBerry|Hospitality|MatchaGotcha,TrickRoom,RagePowder,Protect|Relaxed|||||50|]Grimmsnarl||LightClay|Prankster|PartingShot,Reflect,LightScreen,SpiritBreak|Careful||M|||50|]Garchomp||ChoiceScarf|RoughSkin|StompingTantrum,PoisonJab,RockSlide,DragonClaw|Adamant||M|||50|
|showteam|p2|Delphox||Delphoxite|Blaze|NastyPlot,HeatWave,Psychic,Protect|Timid||F|||50|]Sinistcha||CobaBerry|Hospitality|MatchaGotcha,RagePowder,LifeDew,TrickRoom|Calm|||||50|]Incineroar||SitrusBerry|Intimidate|FakeOut,PartingShot,FlareBlitz,Taunt|Impish||F|||50|]Blastoise||Blastoisinite|Torrent|WaterSpout,DarkPulse,Protect,ShellSmash|Modest||M|||50|]Kingambit||LifeOrb|Defiant|Protect,SwordsDance,SuckerPunch,KowtowCleave|Adamant||M|||50|]Sneasler||WhiteHerb|Unburden|FakeOut,CloseCombat,DireClaw,Protect|Jolly||M|||50|
|inactive|Battle timer is ON: inactive players will automatically lose when time's up. (requested by Mclovingods)
|
|t:|1784077482
|teamsize|p1|4
|teamsize|p2|4
|start
|switch|p1a: Staraptor|Staraptor, L50, M|100/100
|switch|p1b: Sinistcha|Sinistcha, L50|100/100
|switch|p2a: Blastoise|Blastoise, L50, M|100/100
|switch|p2b: Sneasler|Sneasler, L50, M|100/100
|-ability|p1a: Staraptor|Intimidate|boost
|-unboost|p2a: Blastoise|atk|1
|-unboost|p2b: Sneasler|atk|1
|-enditem|p2b: Sneasler|White Herb
|-clearnegativeboost|p2b: Sneasler|[silent]
|turn|1
|
|t:|1784077495
|detailschange|p1a: Staraptor|Staraptor-Mega, L50, M
|-mega|p1a: Staraptor|Staraptor|Staraptite
|detailschange|p2a: Blastoise|Blastoise-Mega, L50, M
|-mega|p2a: Blastoise|Blastoise|Blastoisinite
|move|p2b: Sneasler|Fake Out|p1a: Staraptor
|-damage|p1a: Staraptor|84/100
|cant|p1a: Staraptor|flinch
|move|p2a: Blastoise|Shell Smash|p2a: Blastoise
|-unboost|p2a: Blastoise|def|1
|-unboost|p2a: Blastoise|spd|1
|-boost|p2a: Blastoise|atk|2
|-boost|p2a: Blastoise|spa|2
|-boost|p2a: Blastoise|spe|2
|move|p1b: Sinistcha|Matcha Gotcha|p2b: Sneasler|[spread] p2a
|-miss|p1b: Sinistcha|p2b: Sneasler
|-supereffective|p2a: Blastoise|1
|-damage|p2a: Blastoise|25/100
|-status|p2a: Blastoise|brn
|
|-damage|p2a: Blastoise|19/100 brn|[from] brn
|upkeep
|turn|2
|
|t:|1784077522
|move|p2a: Blastoise|Protect|p2a: Blastoise
|-singleturn|p2a: Blastoise|Protect
|move|p1b: Sinistcha|Protect|p1b: Sinistcha
|-singleturn|p1b: Sinistcha|Protect
|move|p2b: Sneasler|Dire Claw|p1a: Staraptor
|-damage|p1a: Staraptor|39/100
|-status|p1a: Staraptor|slp
|cant|p1a: Staraptor|slp
|
|-damage|p2a: Blastoise|14/100 brn|[from] brn
|upkeep
|turn|3
|
|t:|1784077541
|switch|p2b: Sinistcha|Sinistcha, L50|100/100
|-heal|p2a: Blastoise|39/100 brn|[from] ability: Hospitality|[of] p2b: Sinistcha
|move|p1b: Sinistcha|Rage Powder|p1b: Sinistcha
|-singleturn|p1b: Sinistcha|move: Rage Powder
|move|p2a: Blastoise|Dark Pulse|p1b: Sinistcha
|-supereffective|p1b: Sinistcha|1
|-damage|p1b: Sinistcha|0 fnt
|faint|p1b: Sinistcha
|cant|p1a: Staraptor|slp
|
|-damage|p2a: Blastoise|33/100 brn|[from] brn
|upkeep
|
|t:|1784077553
|switch|p1b: Grimmsnarl|Grimmsnarl, L50, M|100/100
|turn|4
|inactive|lillyrosethedemon has 30 seconds left.
|
|t:|1784077580
|move|p2b: Sinistcha|Rage Powder|p2b: Sinistcha
|-singleturn|p2b: Sinistcha|move: Rage Powder
|move|p1b: Grimmsnarl|Light Screen|p1b: Grimmsnarl
|-sidestart|p1: lillyrosethedemon|move: Light Screen
|move|p2a: Blastoise|Dark Pulse|p1a: Staraptor
|-resisted|p1a: Staraptor|1
|-damage|p1a: Staraptor|1/100 slp
|-curestatus|p1a: Staraptor|slp|[msg]
|move|p1a: Staraptor|Tailwind|p1a: Staraptor
|-sidestart|p1: lillyrosethedemon|move: Tailwind
|
|-damage|p2a: Blastoise|27/100 brn|[from] brn
|upkeep
|turn|5
|
|t:|1784077594
|move|p2b: Sinistcha|Rage Powder|p2b: Sinistcha
|-singleturn|p2b: Sinistcha|move: Rage Powder
|move|p1a: Staraptor|Brave Bird|p2b: Sinistcha
|-supereffective|p2b: Sinistcha|1
|-enditem|p2b: Sinistcha|Coba Berry|[eat]
|-enditem|p2b: Sinistcha|Coba Berry|[weaken]
|-damage|p2b: Sinistcha|43/100
|-damage|p1a: Staraptor|0 fnt|[from] Recoil
|faint|p1a: Staraptor
|move|p2a: Blastoise|Water Spout|p1b: Grimmsnarl
|-damage|p1b: Grimmsnarl|74/100
|move|p1b: Grimmsnarl|Spirit Break|p2b: Sinistcha
|-damage|p2b: Sinistcha|14/100
|-unboost|p2b: Sinistcha|spa|1
|
|-damage|p2a: Blastoise|21/100 brn|[from] brn
|upkeep
|
|t:|1784077609
|switch|p1a: Milotic|Milotic, L50, M|100/100
|turn|6
|
|t:|1784077625
|switch|p2b: Sneasler|Sneasler, L50, M|100/100
|move|p2a: Blastoise|Protect|p2a: Blastoise
|-singleturn|p2a: Blastoise|Protect
|move|p1a: Milotic|Coil|p1a: Milotic
|-boost|p1a: Milotic|atk|1
|-boost|p1a: Milotic|def|1
|-boost|p1a: Milotic|accuracy|1
|move|p1b: Grimmsnarl|Spirit Break|p2b: Sneasler
|-damage|p2b: Sneasler|47/100
|-unboost|p2b: Sneasler|spa|1
|
|-damage|p2a: Blastoise|16/100 brn|[from] brn
|upkeep
|turn|7
|
|t:|1784077641
|move|p2b: Sneasler|Fake Out|p1b: Grimmsnarl
|-damage|p1b: Grimmsnarl|59/100
|move|p2a: Blastoise|Dark Pulse|p1a: Milotic
|-damage|p1a: Milotic|59/100
|move|p1a: Milotic|Muddy Water|p2a: Blastoise|[spread] p2a,p2b
|-resisted|p2a: Blastoise|1
|-crit|p2b: Sneasler
|-damage|p2a: Blastoise|0 fnt
|-damage|p2b: Sneasler|0 fnt
|faint|p2a: Blastoise
|faint|p2b: Sneasler
|cant|p1b: Grimmsnarl|flinch
|
|-heal|p1a: Milotic|65/100|[from] item: Leftovers
|-sideend|p1: lillyrosethedemon|move: Tailwind
|upkeep
|
|t:|1784077647
|switch|p2b: Sinistcha|Sinistcha, L50|14/100
|switch|p2a: Kingambit|Kingambit, L50, M|100/100
|turn|8
|
|t:|1784077662
|move|p1a: Milotic|Coil|p1a: Milotic
|-boost|p1a: Milotic|atk|1
|-boost|p1a: Milotic|def|1
|-boost|p1a: Milotic|accuracy|1
|move|p2b: Sinistcha|Matcha Gotcha|p1b: Grimmsnarl|[spread] p1a
|-miss|p2b: Sinistcha|p1b: Grimmsnarl
|-supereffective|p1a: Milotic|1
|-damage|p1a: Milotic|46/100
|-heal|p2b: Sinistcha|26/100|[from] drain|[of] p1a: Milotic
|move|p1b: Grimmsnarl|Spirit Break|p2b: Sinistcha
|-damage|p2b: Sinistcha|0 fnt
|faint|p2b: Sinistcha
|move|p2a: Kingambit|Swords Dance|p2a: Kingambit
|-boost|p2a: Kingambit|atk|2
|
|-heal|p1a: Milotic|51/100|[from] item: Leftovers
|upkeep
|turn|9
|
|t:|1784077684
|move|p2a: Kingambit|Sucker Punch||[still]
|-fail|p2a: Kingambit
|move|p1a: Milotic|Hypnosis|p2a: Kingambit
|-status|p2a: Kingambit|slp|[from] move: Hypnosis
|move|p1b: Grimmsnarl|Spirit Break|p2a: Kingambit
|-damage|p2a: Kingambit|76/100 slp
|-unboost|p2a: Kingambit|spa|1
|-ability|p2a: Kingambit|Defiant|boost
|-boost|p2a: Kingambit|atk|2
|
|-heal|p1a: Milotic|57/100|[from] item: Leftovers
|upkeep
|turn|10
|
|t:|1784077698
|move|p1a: Milotic|Muddy Water|p2a: Kingambit
|-damage|p2a: Kingambit|45/100 slp
|-unboost|p2a: Kingambit|accuracy|1
|-ability|p2a: Kingambit|Defiant|boost
|-boost|p2a: Kingambit|atk|2
|move|p1b: Grimmsnarl|Spirit Break|p2a: Kingambit
|-damage|p2a: Kingambit|20/100y slp
|-unboost|p2a: Kingambit|spa|1
|-boost|p2a: Kingambit|atk|0
|cant|p2a: Kingambit|slp
|
|-heal|p1a: Milotic|63/100|[from] item: Leftovers
|upkeep
|turn|11
|
|t:|1784077716
|-curestatus|p2a: Kingambit|slp|[msg]
|move|p2a: Kingambit|Sucker Punch|p1a: Milotic
|-damage|p1a: Milotic|0 fnt
|faint|p1a: Milotic
|-damage|p2a: Kingambit|11/100|[from] item: Life Orb
|move|p1b: Grimmsnarl|Spirit Break|p2a: Kingambit
|-damage|p2a: Kingambit|0 fnt
|faint|p2a: Kingambit
|
|win|lillyrosethedemon
|raw|lillyrosethedemon's rating: 1320 → 1344(+24 for winning)
|raw|Mclovingods's rating: 1385 → 1361(-24 for losing)
|l|☆lillyrosethedemon
|player|p1|
|l|☆Mclovingods
|player|p2|
|j|☆lillyrosethedemon
|player|p1|lillyrosethedemon|madame|
|l|☆lillyrosethedemon
|player|p1|
|j|☆lillyrosethedemon
|player|p1|lillyrosethedemon|madame|
|l|☆lillyrosethedemon
|player|p1|
|j|☆lillyrosethedemon
|player|p1|lillyrosethedemon|madame|
