|j|☆Pokecraft15
|j|☆axcoquette
|html|Pokecraft15axcoquette    
|uhtml|bestof|Game 1 of a best-of-3
|t:|1784134425
|gametype|doubles
|player|p1|Pokecraft15|hilbert-wonderlauncher|1221
|player|p2|axcoquette|maid|1220
|gen|9
|tier|[Gen 9 Champions] VGC 2026 Reg M-B (Bo3)
|rated|
|rule|Species Clause: Limit one of each Pokémon
|rule|Item Clause: Limit 1 of each item
|clearpoke
|poke|p1|Froslass, L50, F|
|poke|p1|Aerodactyl, L50, F|
|poke|p1|Milotic, L50, M|
|poke|p1|Incineroar, L50, F|
|poke|p1|Sinistcha-Masterpiece, L50|
|poke|p1|Weavile, L50, F|
|poke|p2|Ceruledge, L50, M|
|poke|p2|Drampa, L50, M|
|poke|p2|Sylveon, L50, F|
|poke|p2|Raichu, L50, F|
|poke|p2|Sinistcha-Masterpiece, L50|
|poke|p2|Milotic, L50, F|
|teampreview|4
|showteam|p1|Froslass||Froslassite|SnowCloak|Blizzard,ShadowBall,Thunderbolt,Protect|Modest||F|||50|]Aerodactyl||Aerodactylite|Unnerve|RockSlide,DualWingbeat,WideGuard,Tailwind|Jolly||F|||50|]Milotic||MysticWater|Competitive|MuddyWater,IcyWind,Coil,Protect|Serious||M|||50|]Incineroar||ChopleBerry|Intimidate|FlareBlitz,ThroatChop,PartingShot,FakeOut|Adamant||F|||50|]Sinistcha-Masterpiece||SitrusBerry|Hospitality|RagePowder,MatchaGotcha,TrickRoom,Protect|Modest|||||50|]Weavile||FocusSash|Pressure|TripleAxel,NightSlash,FakeOut,Protect|Jolly||F|||50|
|showteam|p2|Ceruledge||ColburBerry|FlashFire|BitterBlade,ShadowSneak,BulkUp,Protect|Impish||M|||50|]Drampa||Drampanite|CloudNine|IceBeam,EnergyBall,HyperVoice,Protect|Bold||M|||50|]Sylveon||FairyFeather|Pixilate|HyperVoice,HyperBeam,QuickAttack,Protect|Modest||F|||50|]Raichu||RaichuniteY|LightningRod|FakeOut,FocusBlast,ZapCannon,Protect|Timid||F|||50|]Sinistcha-Masterpiece||OccaBerry|Hospitality|MatchaGotcha,LifeDew,RagePowder,TrickRoom|Bold|||||50|]Milotic||Leftovers|Competitive|Coil,Hypnosis,MuddyWater,Recover|Calm||F|||50|
|inactive|Battle timer is ON: inactive players will automatically lose when time's up. (requested by Pokecraft15)
|inactive|axcoquette also wants the timer to be on.
|c|☆Pokecraft15|glhf
|c|☆axcoquette|u2
|j| hosss67
|inactive|Pokecraft15 has 60 seconds left.
|inactive|axcoquette has 60 seconds left.
|
|t:|1784134475
|teamsize|p1|4
|teamsize|p2|4
|start
|switch|p1a: Weavile|Weavile, L50, F|100/100
|switch|p1b: Milotic|Milotic, L50, M|100/100
|switch|p2a: Sylveon|Sylveon, L50, F|100/100
|switch|p2b: Raichu|Raichu, L50, F|100/100
|-ability|p1a: Weavile|Pressure
|turn|1
|
|t:|1784134493
|detailschange|p2b: Raichu|Raichu-Mega-Y, L50, F
|-mega|p2b: Raichu|Raichu|Raichunite Y
|move|p1a: Weavile|Fake Out|p2b: Raichu
|-damage|p2b: Raichu|81/100
|cant|p2b: Raichu|flinch
|move|p1b: Milotic|Muddy Water|p2a: Sylveon|[spread] p2a,p2b
|-damage|p2a: Sylveon|76/100
|-damage|p2b: Raichu|32/100
|move|p2a: Sylveon|Hyper Voice|p1a: Weavile|[spread] p1a,p1b
|-supereffective|p1a: Weavile|1
|-enditem|p1a: Weavile|Focus Sash
|-damage|p1a: Weavile|1/100
|-damage|p1b: Milotic|60/100
|
|upkeep
|turn|2
|
|t:|1784134512
|move|p1b: Milotic|Protect|p1b: Milotic
|-singleturn|p1b: Milotic|Protect
|move|p2a: Sylveon|Quick Attack|p1a: Weavile
|-supereffective|p1a: Weavile|1
|-damage|p1a: Weavile|0 fnt
|faint|p1a: Weavile
|move|p2b: Raichu|Zap Cannon|p1b: Milotic
|-activate|p1b: Milotic|move: Protect
|
|upkeep
|
|t:|1784134518
|switch|p1a: Incineroar|Incineroar, L50, F|100/100
|-ability|p1a: Incineroar|Intimidate|boost
|-unboost|p2a: Sylveon|atk|1
|-unboost|p2b: Raichu|atk|1
|turn|3
|
|t:|1784134531
|switch|p2b: Sinistcha|Sinistcha-Masterpiece, L50|100/100
|-heal|p2a: Sylveon|100/100|[from] ability: Hospitality|[of] p2b: Sinistcha
|move|p1a: Incineroar|Fake Out|p2b: Sinistcha
|-immune|p2b: Sinistcha
|move|p1b: Milotic|Muddy Water|p2a: Sylveon|[spread] p2a,p2b
|-resisted|p2b: Sinistcha|1
|-damage|p2a: Sylveon|72/100
|-damage|p2b: Sinistcha|83/100
|-unboost|p2b: Sinistcha|accuracy|1
|move|p2a: Sylveon|Hyper Beam|p1b: Milotic
|-damage|p1b: Milotic|0 fnt
|-mustrecharge|p2a: Sylveon
|faint|p1b: Milotic
|
|upkeep
|
|t:|1784134535
|switch|p1b: Blizz|Froslass, L50, F|100/100
|turn|4
|inactive|axcoquette has 30 seconds left.
|
|t:|1784134566
|switch|p2b: Milotic|Milotic, L50, F|100/100
|detailschange|p1b: Blizz|Froslass-Mega, L50, F
|-mega|p1b: Blizz|Froslass|Froslassite
|-weather|Snowscape|[from] ability: Snow Warning|[of] p1b: Blizz
|move|p1b: Blizz|Blizzard|p2b: Milotic|[spread] p2a,p2b
|-resisted|p2b: Milotic|1
|-damage|p2a: Sylveon|34/100
|-damage|p2b: Milotic|84/100
|-status|p2a: Sylveon|frz
|move|p1a: Incineroar|Throat Chop|p2b: Milotic
|-damage|p2b: Milotic|49/100
|-start|p2b: Milotic|Throat Chop|[silent]
|cant|p2a: Sylveon|recharge
|
|-weather|Snowscape|[upkeep]
|-heal|p2b: Milotic|54/100|[from] item: Leftovers
|upkeep
|turn|5
|inactive|axcoquette has 30 seconds left.
|
|t:|1784134592
|switch|p2a: Sinistcha|Sinistcha-Masterpiece, L50|83/100
|-heal|p2b: Milotic|79/100|[from] ability: Hospitality|[of] p2a: Sinistcha
|move|p1b: Blizz|Blizzard|p2b: Milotic|[spread] p2a,p2b
|-supereffective|p2a: Sinistcha|1
|-resisted|p2b: Milotic|1
|-damage|p2a: Sinistcha|0 fnt
|-damage|p2b: Milotic|62/100
|-status|p2b: Milotic|frz
|faint|p2a: Sinistcha
|-curestatus|p2b: Milotic|frz|[msg]
|move|p2b: Milotic|Coil|p2b: Milotic
|-boost|p2b: Milotic|atk|1
|-boost|p2b: Milotic|def|1
|-boost|p2b: Milotic|accuracy|1
|move|p1a: Incineroar|Throat Chop|p2b: Milotic
|-damage|p2b: Milotic|38/100
|
|-weather|Snowscape|[upkeep]
|-heal|p2b: Milotic|44/100|[from] item: Leftovers
|-end|p2b: Milotic|Throat Chop|[silent]
|upkeep
|
|t:|1784134609
|switch|p2a: Raichu|Raichu-Mega-Y, L50, F|32/100
|turn|6
|
|t:|1784134626
|move|p2a: Raichu|Focus Blast|p1a: Incineroar
|-supereffective|p1a: Incineroar|1
|-enditem|p1a: Incineroar|Chople Berry|[eat]
|-enditem|p1a: Incineroar|Chople Berry|[weaken]
|-damage|p1a: Incineroar|56/100
|move|p1b: Blizz|Thunderbolt|p2b: Milotic
|-supereffective|p2b: Milotic|1
|-damage|p2b: Milotic|0 fnt
|faint|p2b: Milotic
|move|p1a: Incineroar|Throat Chop|p2a: Raichu
|-damage|p2a: Raichu|0 fnt
|faint|p2a: Raichu
|
|-weather|Snowscape|[upkeep]
|upkeep
|c|☆Pokecraft15|ggwp
|
|t:|1784134638
|switch|p2b: Sylveon|Sylveon, L50, F|34/100 frz
|turn|7
|l| hosss67
|
|t:|1784134643
|move|p1b: Blizz|Blizzard|p2b: Sylveon
|-damage|p2b: Sylveon|0 fnt
|faint|p2b: Sylveon
|
|win|Pokecraft15
