|j|☆Pizzamemes123
|j|☆Hudie EU
|html|Pizzamemes123Hudie EU    
|uhtml|bestof|Game 1 of a best-of-3
|t:|1783962957
|gametype|doubles
|player|p1|Pizzamemes123|steven|1249
|player|p2|Hudie EU|dahlia|1215
|gen|9
|tier|[Gen 9 Champions] VGC 2026 Reg M-B (Bo3)
|rated|
|rule|Species Clause: Limit one of each Pokémon
|rule|Item Clause: Limit 1 of each item
|clearpoke
|poke|p1|Chesnaught, L50, M|
|poke|p1|Garchomp, L50, M|
|poke|p1|Venusaur, L50, F|
|poke|p1|Charizard, L50, M|
|poke|p1|Farigiraf, L50, M|
|poke|p1|Incineroar, L50, M|
|poke|p2|Charizard, L50, M|
|poke|p2|Venusaur, L50, F|
|poke|p2|Grimmsnarl, L50, M|
|poke|p2|Pelipper, L50, M|
|poke|p2|Basculegion, L50, M|
|poke|p2|Archaludon, L50, M|
|teampreview|4
|showteam|p1|Chesnaught||Leftovers|Bulletproof|SpikyShield,WideGuard,IronDefense,BodyPress|Impish||M|||50|]Garchomp||LifeOrb|RoughSkin|Protect,RockSlide,Earthquake,DragonClaw|Adamant||M|||50|]Venusaur||Venusaurite|Chlorophyll|GigaDrain,EarthPower,SludgeBomb,Protect|Modest||F|||50|]Charizard||CharizarditeY|Blaze|Protect,HeatWave,WeatherBall,SolarBeam|Modest||M|||50|]Farigiraf||SitrusBerry|ArmorTail|TrickRoom,Psychic,Thunderbolt,HelpingHand|Relaxed||M|||50|]Incineroar||PasshoBerry|Intimidate|FakeOut,FlareBlitz,PartingShot,DarkestLariat|Brave||M|||50|
|showteam|p2|Charizard||CharizarditeY|SolarPower|HeatWave,WeatherBall,SolarBeam,Protect|Modest||M|||50|]Venusaur||Venusaurite|Chlorophyll|GigaDrain,SludgeBomb,EarthPower,SleepPowder|Modest||F|||50|]Grimmsnarl||LightClay|Prankster|SpiritBreak,Reflect,LightScreen,PartingShot|Careful||M|||50|]Pelipper||FocusSash|Drizzle|WeatherBall,Hurricane,Tailwind,Protect|Modest||M|||50|]Basculegion||ChoiceScarf|Adaptability|WaveCrash,LastRespects,AquaJet,FlipTurn|Jolly||M|||50|]Archaludon||Leftovers|Stamina|FlashCannon,DragonPulse,ElectroShot,Protect|Modest||M|||50|
|inactive|Battle timer is ON: inactive players will automatically lose when time's up. (requested by Hudie EU)
|j| The RU Agenda
|inactive|Pizzamemes123 has 60 seconds left.
|inactive|Hudie EU has 60 seconds left.
|inactive|Pizzamemes123 has 30 seconds left.
|
|t:|1783963023
|teamsize|p1|4
|teamsize|p2|4
|start
|switch|p1a: Venusaur|Venusaur, L50, F|100/100
|switch|p1b: Bumcineroar|Incineroar, L50, M|100/100
|switch|p2a: Charizard|Charizard, L50, M|100/100
|switch|p2b: Grimmsnarl|Grimmsnarl, L50, M|100/100
|-ability|p1b: Bumcineroar|Intimidate|boost
|-unboost|p2a: Charizard|atk|1
|-unboost|p2b: Grimmsnarl|atk|1
|turn|1
|inactive|Pizzamemes123 has 30 seconds left.
|inactive|Hudie EU has 30 seconds left.
|
|t:|1783963058
|switch|p2a: Archaludon|Archaludon, L50, M|100/100
|detailschange|p1a: Venusaur|Venusaur-Mega, L50, F
|-mega|p1a: Venusaur|Venusaur|Venusaurite
|move|p1b: Bumcineroar|Fake Out|p2b: Grimmsnarl
|-damage|p2b: Grimmsnarl|88/100
|cant|p2b: Grimmsnarl|flinch
|move|p1a: Venusaur|Sludge Bomb|p2b: Grimmsnarl
|-supereffective|p2b: Grimmsnarl|1
|-damage|p2b: Grimmsnarl|0 fnt
|faint|p2b: Grimmsnarl
|
|upkeep
|
|t:|1783963071
|switch|p2b: Pelipper|Pelipper, L50, M|100/100
|-weather|RainDance|[from] ability: Drizzle|[of] p2b: Pelipper
|turn|2
|inactive|Pizzamemes123 has 30 seconds left.
|
|t:|1783963097
|move|p1a: Venusaur|Earth Power|p2a: Archaludon
|-supereffective|p2a: Archaludon|1
|-damage|p2a: Archaludon|36/100
|-ability|p2a: Archaludon|Stamina|boost
|-boost|p2a: Archaludon|def|1
|move|p2b: Pelipper|Weather Ball|p1b: Bumcineroar
|-supereffective|p1b: Bumcineroar|1
|-enditem|p1b: Bumcineroar|Passho Berry|[eat]
|-enditem|p1b: Bumcineroar|Passho Berry|[weaken]
|-damage|p1b: Bumcineroar|32/100
|move|p2a: Archaludon|Electro Shot||[still]
|-prepare|p2a: Archaludon|Electro Shot
|-boost|p2a: Archaludon|spa|1
|-anim|p2a: Archaludon|Electro Shot|p1b: Bumcineroar
|-damage|p1b: Bumcineroar|0 fnt
|faint|p1b: Bumcineroar
|
|-weather|RainDance|[upkeep]
|-heal|p2a: Archaludon|42/100|[from] item: Leftovers
|upkeep
|inactive|Pizzamemes123 has 30 seconds left.
|
|t:|1783963124
|switch|p1b: Joe Raffe|Farigiraf, L50, M|100/100
|turn|3
|inactive|Pizzamemes123 has 30 seconds left.
|
|t:|1783963156
|move|p2a: Archaludon|Protect|p2a: Archaludon
|-singleturn|p2a: Archaludon|Protect
|move|p1a: Venusaur|Giga Drain|p2b: Pelipper
|-damage|p2b: Pelipper|29/100
|move|p2b: Pelipper|Hurricane|p1a: Venusaur
|-supereffective|p1a: Venusaur|1
|-damage|p1a: Venusaur|3/100
|move|p1b: Joe Raffe|Trick Room|p1b: Joe Raffe
|-fieldstart|move: Trick Room|[of] p1b: Joe Raffe
|
|-weather|RainDance|[upkeep]
|-heal|p2a: Archaludon|48/100|[from] item: Leftovers
|upkeep
|turn|4
|
|t:|1783963170
|move|p1b: Joe Raffe|Thunderbolt|p2b: Pelipper
|-supereffective|p2b: Pelipper|2
|-damage|p2b: Pelipper|0 fnt
|faint|p2b: Pelipper
|move|p2a: Archaludon|Electro Shot||[still]
|-prepare|p2a: Archaludon|Electro Shot
|-boost|p2a: Archaludon|spa|1
|-anim|p2a: Archaludon|Electro Shot|p1a: Venusaur
|-resisted|p1a: Venusaur|1
|-damage|p1a: Venusaur|0 fnt
|faint|p1a: Venusaur
|
|-weather|RainDance|[upkeep]
|-heal|p2a: Archaludon|54/100|[from] item: Leftovers
|upkeep
|
|t:|1783963181
|switch|p2b: Charizard|Charizard, L50, M|100/100
|switch|p1a: Jeff|Garchomp, L50, M|100/100
|turn|5
|
|t:|1783963200
|detailschange|p2b: Charizard|Charizard-Mega-Y, L50, M
|-mega|p2b: Charizard|Charizard|Charizardite Y
|-weather|SunnyDay|[from] ability: Drought|[of] p2b: Charizard
|move|p1b: Joe Raffe|Helping Hand|p1a: Jeff
|-singleturn|p1a: Jeff|Helping Hand|[of] p1b: Joe Raffe
|move|p2a: Archaludon|Dragon Pulse|p1a: Jeff
|-supereffective|p1a: Jeff|1
|-damage|p1a: Jeff|0 fnt
|faint|p1a: Jeff
|move|p2b: Charizard|Heat Wave|p1b: Joe Raffe
|-damage|p1b: Joe Raffe|23/100
|-enditem|p1b: Joe Raffe|Sitrus Berry|[eat]
|-heal|p1b: Joe Raffe|48/100|[from] item: Sitrus Berry
|
|-weather|SunnyDay|[upkeep]
|-heal|p2a: Archaludon|60/100|[from] item: Leftovers
|upkeep
|turn|6
|-message|Pizzamemes123 forfeited.
|
|win|Hudie EU
||Pizzamemes123 is ready for game 2.
||Hudie EU is ready for game 2.
|uhtml|next|Next: Game 2 of 3
|j| 1500oneveryladder
|l| 1500oneveryladder
|l| The RU Agenda
