|j|☆FunkleVGC
|j|☆TheFitZz35
|html|FunkleVGCTheFitZz35    
|uhtml|bestof|Game 2 of a best-of-3
|t:|1784212488
|gametype|doubles
|player|p1|FunkleVGC|fisherman-gen4|1133
|player|p2|TheFitZz35|swimmer-gen4|1135
|gen|9
|tier|[Gen 9 Champions] VGC 2026 Reg M-B (Bo3)
|rated|
|rule|Species Clause: Limit one of each Pokémon
|rule|Item Clause: Limit 1 of each item
|clearpoke
|poke|p1|Maushold, L50|
|poke|p1|Annihilape, L50, M, shiny|
|poke|p1|Sylveon, L50, F, shiny|
|poke|p1|Aegislash, L50, F, shiny|
|poke|p1|Hydreigon, L50, M|
|poke|p1|Aerodactyl, L50, F|
|poke|p2|Blastoise, L50, M|
|poke|p2|Pelipper, L50, M, shiny|
|poke|p2|Incineroar, L50, M|
|poke|p2|Manectric, L50, M|
|poke|p2|Farigiraf, L50, F|
|poke|p2|Sinistcha, L50|
|teampreview|4
|showteam|p1|Maushold||ChopleBerry|FriendGuard|Protect,BeatUp,SuperFang,FollowMe|Jolly|||||50|]Annihilape||SitrusBerry|Defiant|Protect,BulkUp,DrainPunch,RageFist|Careful||M|||50|]Sylveon||FairyFeather|Pixilate|Protect,HyperVoice,HyperBeam,QuickAttack|Modest||F|||50|]Aegislash||SpellTag|StanceChange|KingsShield,Poltergeist,ShadowSneak,IronHead|Adamant||F|||50|]Hydreigon||ChoiceScarf|Levitate|DarkPulse,Snarl,DracoMeteor,EarthPower|Modest||M|||50|]Aerodactyl||Aerodactylite|Unnerve|WideGuard,RockSlide,DualWingbeat,Tailwind|Jolly||F|||50|
|showteam|p2|Blastoise||Blastoisinite|Torrent|ShellSmash,WaterSpout,Protect,AuraSphere|Modest||M|||50|]Pelipper||FocusSash|Drizzle|WeatherBall,HelpingHand,Protect,Hurricane|Rash||M|||50|]Incineroar||MentalHerb|Intimidate|FakeOut,PartingShot,FlareBlitz,DarkestLariat|Impish||M|||50|]Manectric||Magnet|LightningRod|Thunder,Protect,Snarl,Discharge|Modest||M|||50|]Farigiraf||SitrusBerry|ArmorTail|HelpingHand,Thunderbolt,TrickRoom,Psychic|Modest||F|||50|]Sinistcha||CobaBerry|Hospitality|RagePowder,MatchaGotcha,LifeDew,Protect|Calm|||||50|
|inactive|Battle timer is ON: inactive players will automatically lose when time's up. (requested by FunkleVGC)
|
|t:|1784212524
|teamsize|p1|4
|teamsize|p2|4
|start
|switch|p1a: Annihilape|Annihilape, L50, M, shiny|100/100
|switch|p1b: Maushold|Maushold, L50|100/100
|switch|p2a: Incineroar|Incineroar, L50, M|100/100
|switch|p2b: Farigiraf|Farigiraf, L50, F|100/100
|-ability|p2a: Incineroar|Intimidate|boost
|-unboost|p1a: Annihilape|atk|1
|-ability|p1a: Annihilape|Defiant|boost
|-boost|p1a: Annihilape|atk|2
|-unboost|p1b: Maushold|atk|1
|turn|1
|inactive|TheFitZz35 has 30 seconds left.
|
|t:|1784212556
|move|p2a: Incineroar|Fake Out|p1a: Annihilape
|-immune|p1a: Annihilape
|move|p1b: Maushold|Beat Up|p1a: Annihilape
|-damage|p1a: Annihilape|98/100
|-damage|p1a: Annihilape|96/100
|-damage|p1a: Annihilape|95/100
|-damage|p1a: Annihilape|94/100
|-hitcount|p1a: Annihilape|4
|move|p1a: Annihilape|Bulk Up|p1a: Annihilape
|-boost|p1a: Annihilape|atk|1
|-boost|p1a: Annihilape|def|1
|move|p2b: Farigiraf|Trick Room|p2b: Farigiraf
|-fieldstart|move: Trick Room|[of] p2b: Farigiraf
|
|upkeep
|turn|2
|inactive|TheFitZz35 has 30 seconds left.
|
|t:|1784212589
|move|p1b: Maushold|Follow Me|p1b: Maushold
|-singleturn|p1b: Maushold|move: Follow Me
|move|p2b: Farigiraf|Psychic|p1b: Maushold
|-damage|p1b: Maushold|46/100
|move|p2a: Incineroar|Darkest Lariat|p1b: Maushold
|-damage|p1b: Maushold|2/100
|move|p1a: Annihilape|Drain Punch|p2a: Incineroar
|-supereffective|p2a: Incineroar|1
|-damage|p2a: Incineroar|2/100
|-heal|p1a: Annihilape|100/100|[from] drain|[of] p2a: Incineroar
|
|upkeep
|turn|3
|
|t:|1784212609
|move|p1a: Annihilape|Protect|p1a: Annihilape
|-singleturn|p1a: Annihilape|Protect
|move|p1b: Maushold|Protect|p1b: Maushold
|-singleturn|p1b: Maushold|Protect
|move|p2a: Incineroar|Darkest Lariat|p1a: Annihilape
|-activate|p1a: Annihilape|move: Protect
|move|p2b: Farigiraf|Psychic|p1a: Annihilape
|-activate|p1a: Annihilape|move: Protect
|
|upkeep
|turn|4
|
|t:|1784212631
|move|p1b: Maushold|Follow Me|p1b: Maushold
|-singleturn|p1b: Maushold|move: Follow Me
|move|p2b: Farigiraf|Psychic|p1b: Maushold
|-damage|p1b: Maushold|0 fnt
|faint|p1b: Maushold
|move|p2a: Incineroar|Darkest Lariat|p1a: Annihilape
|-damage|p1a: Annihilape|63/100
|move|p1a: Annihilape|Drain Punch|p2b: Farigiraf
|-damage|p2b: Farigiraf|35/100
|-heal|p1a: Annihilape|100/100|[from] drain|[of] p2b: Farigiraf
|-enditem|p2b: Farigiraf|Sitrus Berry|[eat]
|-heal|p2b: Farigiraf|59/100|[from] item: Sitrus Berry
|
|upkeep
|
|t:|1784212645
|switch|p1b: Sylveon|Sylveon, L50, F, shiny|100/100
|turn|5
|
|t:|1784212667
|move|p1a: Annihilape|Protect|p1a: Annihilape
|-singleturn|p1a: Annihilape|Protect
|move|p2b: Farigiraf|Psychic|p1a: Annihilape
|-activate|p1a: Annihilape|move: Protect
|move|p2a: Incineroar|Darkest Lariat|p1a: Annihilape
|-activate|p1a: Annihilape|move: Protect
|move|p1b: Sylveon|Hyper Voice|p2a: Incineroar|[spread] p2a,p2b
|-damage|p2a: Incineroar|0 fnt
|-damage|p2b: Farigiraf|11/100
|faint|p2a: Incineroar
|
|-fieldend|move: Trick Room
|upkeep
|
|t:|1784212682
|switch|p2a: Sinistcha|Sinistcha, L50|100/100
|-heal|p2b: Farigiraf|35/100|[from] ability: Hospitality|[of] p2a: Sinistcha
|turn|6
|
|t:|1784212693
|move|p2a: Sinistcha|Rage Powder|p2a: Sinistcha
|-singleturn|p2a: Sinistcha|move: Rage Powder
|move|p1a: Annihilape|Rage Fist|p2a: Sinistcha
|-supereffective|p2a: Sinistcha|1
|-damage|p2a: Sinistcha|0 fnt
|faint|p2a: Sinistcha
|move|p1b: Sylveon|Hyper Voice|p2b: Farigiraf
|-damage|p2b: Farigiraf|0 fnt
|faint|p2b: Farigiraf
|
|upkeep
|
|t:|1784212703
|switch|p2a: Blastoise|Blastoise, L50, M|100/100
|turn|7
|inactive|FunkleVGC has 30 seconds left.
|
|t:|1784212732
|detailschange|p2a: Blastoise|Blastoise-Mega, L50, M
|-mega|p2a: Blastoise|Blastoise|Blastoisinite
|move|p1a: Annihilape|Rage Fist|p2a: Blastoise
|-damage|p2a: Blastoise|0 fnt
|faint|p2a: Blastoise
|
|win|FunkleVGC
|raw|FunkleVGC's rating: 1133 → 1158(+25 for winning)
|raw|TheFitZz35's rating: 1135 → 1110(-25 for losing)
