|j|☆MRalby_VGC
|j|☆KingCorba
|html|MRalby_VGCKingCorba    
|uhtml|bestof|Game 2 of a best-of-3
|t:|1782726110
|gametype|doubles
|player|p1|MRalby_VGC|leon|1374
|player|p2|KingCorba|170|1265
|gen|9
|tier|[Gen 9 Champions] VGC 2026 Reg M-B (Bo3)
|rated|
|rule|Species Clause: Limit one of each Pokémon
|rule|Item Clause: Limit 1 of each item
|clearpoke
|poke|p1|Aerodactyl, L50, F|
|poke|p1|Garchomp, L50, M, shiny|
|poke|p1|Charizard, L50, F, shiny|
|poke|p1|Kingambit, L50, F, shiny|
|poke|p1|Sylveon, L50, F, shiny|
|poke|p1|Farigiraf, L50, M|
|poke|p2|Pelipper, L50, M|
|poke|p2|Archaludon, L50, F|
|poke|p2|Grimmsnarl, L50, M|
|poke|p2|Venusaur, L50, M|
|poke|p2|Swampert, L50, F|
|poke|p2|Zoroark-Hisui, L50, F|
|teampreview|4
|showteam|p1|Aerodactyl||Aerodactylite|Unnerve|RockSlide,Tailwind,DualWingbeat,IceFang|Jolly||F|||50|]Garchomp||LifeOrb|RoughSkin|Earthquake,DragonClaw,StompingTantrum,Protect|Jolly||M|||50|]Charizard||CharizarditeY|Blaze|HeatWave,Protect,SolarBeam,WeatherBall|Modest||F|||50|]Kingambit||FocusSash|Defiant|KowtowCleave,IronHead,LowKick,SuckerPunch|Adamant||F|||50|]Sylveon||FairyFeather|Pixilate|HyperVoice,Detect,QuickAttack,HyperBeam|Modest||F|||50|]Farigiraf||SitrusBerry|ArmorTail|TwinBeam,Thunderbolt,TrickRoom,Roar|Bold||M|||50|
|showteam|p2|Pelipper||SitrusBerry|Drizzle|Hurricane,WeatherBall,Tailwind,WideGuard|Modest||M|||50|]Archaludon||Leftovers|Stamina|ElectroShot,DragonPulse,FlashCannon,Protect|Modest||F|||50|]Grimmsnarl||LightClay|Prankster|FoulPlay,Reflect,LightScreen,PartingShot|Careful||M|||50|]Venusaur||Venusaurite|Chlorophyll|GigaDrain,SludgeBomb,EarthPower,Protect|Modest||M|||50|]Swampert||Swampertite|Damp|WaveCrash,Earthquake,IcePunch,Protect|Adamant||F|||50|]Zoroark-Hisui||FocusSash|Illusion|ShadowBall,Psychic,WillOWisp,RainDance|Modest||F|||50|
|inactive|Battle timer is ON: inactive players will automatically lose when time's up. (requested by KingCorba)
|inactive|KingCorba has 60 seconds left.
|inactive|KingCorba has 30 seconds left.
|inactive|KingCorba has 20 seconds left.
|inactive|KingCorba has 15 seconds left.
|
|t:|1782726194
|teamsize|p1|4
|teamsize|p2|4
|start
|switch|p1a: Kingambit|Kingambit, L50, F, shiny|100/100
|switch|p1b: Sylveon|Sylveon, L50, F, shiny|100/100
|switch|p2a: Swampert|Swampert, L50, F|100/100
|switch|p2b: Grimmsnarl|Grimmsnarl, L50, M|100/100
|turn|1
|inactive|KingCorba has 30 seconds left.
|inactive|MRalby_VGC has 30 seconds left.
|inactive|KingCorba has 20 seconds left.
|inactive|KingCorba has 15 seconds left.
|
|t:|1782726238
|detailschange|p2a: Swampert|Swampert-Mega, L50, F
|-mega|p2a: Swampert|Swampert|Swampertite
|move|p2b: Grimmsnarl|Reflect|p2b: Grimmsnarl
|-sidestart|p2: KingCorba|Reflect
|move|p2a: Swampert|Earthquake|p1a: Kingambit|[spread] p2b,p1a,p1b
|-supereffective|p1a: Kingambit|1
|-damage|p2b: Grimmsnarl|70/100
|-damage|p1a: Kingambit|25/100
|-damage|p1b: Sylveon|49/100
|move|p1a: Kingambit|Iron Head|p2b: Grimmsnarl
|-supereffective|p2b: Grimmsnarl|1
|-damage|p2b: Grimmsnarl|2/100
|move|p1b: Sylveon|Hyper Voice|p2b: Grimmsnarl|[spread] p2a,p2b
|-supereffective|p2b: Grimmsnarl|1
|-damage|p2a: Swampert|59/100
|-damage|p2b: Grimmsnarl|0 fnt
|faint|p2b: Grimmsnarl
|
|upkeep
|
|t:|1782726260
|switch|p2b: Pelipper|Pelipper, L50, M|100/100
|-weather|RainDance|[from] ability: Drizzle|[of] p2b: Pelipper
|turn|2
|inactive|KingCorba has 30 seconds left.
|
|t:|1782726286
|switch|p2b: Archaludon|Archaludon, L50, F|100/100
|move|p2a: Swampert|Protect|p2a: Swampert
|-singleturn|p2a: Swampert|Protect
|move|p1a: Kingambit|Sucker Punch||[still]
|-fail|p1a: Kingambit
|move|p1b: Sylveon|Hyper Voice|p2b: Archaludon|[spread] p2b
|-activate|p2a: Swampert|move: Protect
|-damage|p2b: Archaludon|52/100
|-ability|p2b: Archaludon|Stamina|boost
|-boost|p2b: Archaludon|def|1
|
|-weather|RainDance|[upkeep]
|-heal|p2b: Archaludon|58/100|[from] item: Leftovers
|upkeep
|turn|3
|
|t:|1782726306
|move|p1a: Kingambit|Sucker Punch|p2a: Swampert
|-damage|p2a: Swampert|37/100
|move|p2a: Swampert|Wave Crash|p1b: Sylveon
|-damage|p1b: Sylveon|0 fnt
|faint|p1b: Sylveon
|-damage|p2a: Swampert|21/100|[from] Recoil
|move|p2b: Archaludon|Electro Shot||[still]
|-prepare|p2b: Archaludon|Electro Shot
|-boost|p2b: Archaludon|spa|1
|-anim|p2b: Archaludon|Electro Shot|p1a: Kingambit
|-damage|p1a: Kingambit|0 fnt
|faint|p1a: Kingambit
|
|-weather|RainDance|[upkeep]
|-heal|p2b: Archaludon|64/100|[from] item: Leftovers
|upkeep
|
|t:|1782726312
|switch|p1a: Garchomp|Garchomp, L50, M, shiny|100/100
|switch|p1b: Charizard|Charizard, L50, F, shiny|100/100
|turn|4
|inactive|KingCorba has 30 seconds left.
|
|t:|1782726337
|move|p1b: Charizard|Protect|p1b: Charizard
|-singleturn|p1b: Charizard|Protect
|move|p2b: Archaludon|Protect|p2b: Archaludon
|-singleturn|p2b: Archaludon|Protect
|move|p2a: Swampert|Ice Punch|p1a: Garchomp
|-supereffective|p1a: Garchomp|2
|-damage|p1a: Garchomp|0 fnt
|-damage|p2a: Swampert|9/100|[from] ability: Rough Skin|[of] p1a: Garchomp
|faint|p1a: Garchomp
|
|-weather|RainDance|[upkeep]
|-heal|p2b: Archaludon|70/100|[from] item: Leftovers
|upkeep
|turn|5
|
|t:|1782726358
|move|p2a: Swampert|Protect|p2a: Swampert
|-singleturn|p2a: Swampert|Protect
|move|p1b: Charizard|Heat Wave|p2b: Archaludon|[spread] p2b
|-activate|p2a: Swampert|move: Protect
|-damage|p2b: Archaludon|55/100
|-ability|p2b: Archaludon|Stamina|boost
|-boost|p2b: Archaludon|def|1
|move|p2b: Archaludon|Electro Shot||[still]
|-prepare|p2b: Archaludon|Electro Shot
|-boost|p2b: Archaludon|spa|1
|-anim|p2b: Archaludon|Electro Shot|p1b: Charizard
|-supereffective|p1b: Charizard|1
|-damage|p1b: Charizard|0 fnt
|faint|p1b: Charizard
|
|win|KingCorba
|raw|MRalby_VGC's rating: 1374 → 1348(-26 for losing)
|raw|KingCorba's rating: 1265 → 1298(+33 for winning)
|l|☆MRalby_VGC
|player|p1|
