|j|☆MARCK EVANS 13
|j|☆eutherians
|html|MARCK EVANS 13eutherians    
|uhtml|bestof|Game 1 of a best-of-3
|t:|1757918755
|gametype|doubles
|player|p1|MARCK EVANS 13|265|1053
|player|p2|eutherians|169|1182
|gen|9
|tier|[Gen 9] VGC 2025 Reg H (Bo3)
|rated|
|rule|Species Clause: Limit one of each Pokémon
|rule|Item Clause: Limit 1 of each item
|clearpoke
|poke|p1|Archaludon, L50, F|
|poke|p1|Maushold, L50|
|poke|p1|Incineroar, L50, F|
|poke|p1|Amoonguss, L50, F|
|poke|p1|Pelipper, L50, F|
|poke|p1|Basculegion, L50, M|
|poke|p2|Ribombee, L50, M|
|poke|p2|Archaludon, L50, F|
|poke|p2|Annihilape, L50, M|
|poke|p2|Indeedee, L50, M|
|poke|p2|Incineroar, L50, F|
|poke|p2|Ninetales-Alola, L50, M|
|teampreview|4
|showteam|p1|Archaludon||AssaultVest|Stamina|DragonPulse,BodyPress,FlashCannon,ElectroShot|||F|||50|,,,,,Grass]Maushold||WideLens|Technician|Protect,FollowMe,PopulationBomb,Taunt||||||50|,,,,,Ghost]Incineroar||SafetyGoggles|Intimidate|FakeOut,FlareBlitz,KnockOff,PartingShot|||F|||50|,,,,,Ghost]Amoonguss||RockyHelmet|Regenerator|Spore,RagePowder,PollenPuff,ClearSmog|||F|||50|,,,,,Water]Pelipper||FocusSash|Drizzle|Protect,WeatherBall,Hurricane,Tailwind|||F|||50|,,,,,Ghost]Basculegion||MysticWater|SwiftSwim|Protect,WaveCrash,AquaJet,LastRespects|||M|||50|,,,,,Water
|showteam|p2|Ribombee||FocusSash|ShieldDust|Moonblast,Tailwind,FakeTears,Protect|||M|||50|,,,,,Fairy]Archaludon||PowerHerb|Sturdy|ElectroShot,DracoMeteor,Thunderbolt,Protect|||F|||50|,,,,,Electric]Annihilape||SafetyGoggles|Defiant|RageFist,CloseCombat,FinalGambit,Taunt|||M|||50|,,,,,Fire]Indeedee||ChoiceSpecs|PsychicSurge|ExpandingForce,TeraBlast,Trick,DazzlingGleam|||M|||50|,,,,,Psychic]Incineroar||AssaultVest|Intimidate|FakeOut,FlareBlitz,KnockOff,Uturn|||F|||50|,,,,,Grass]Ninetales-Alola||LifeOrb|SnowCloak|Blizzard,FreezeDry,Moonblast,Protect|||M|||50|,,,,,Ice
|inactive|Battle timer is ON: inactive players will automatically lose when time's up. (requested by MARCK EVANS 13)
|
|t:|1757918781
|teamsize|p1|4
|teamsize|p2|4
|start
|switch|p1a: Basculegion|Basculegion, L50, M|100/100
|switch|p1b: Amoonguss|Amoonguss, L50, F|100/100
|switch|p2a: Ribombee|Ribombee, L50, M|100/100
|switch|p2b: Archaludon|Archaludon, L50, F|100/100
|turn|1
|
|t:|1757918799
|move|p1a: Basculegion|Protect|p1a: Basculegion
|-singleturn|p1a: Basculegion|Protect
|move|p2a: Ribombee|Fake Tears|p1b: Amoonguss
|-unboost|p1b: Amoonguss|spd|2
|move|p2b: Archaludon|Draco Meteor|p1b: Amoonguss
|-damage|p1b: Amoonguss|0 fnt
|-unboost|p2b: Archaludon|spa|2
|faint|p1b: Amoonguss
|
|upkeep
|
|t:|1757918807
|switch|p1b: Archaludon|Archaludon, L50, F|100/100
|turn|2
|
|t:|1757918822
|move|p2a: Ribombee|Fake Tears|p1a: Basculegion
|-unboost|p1a: Basculegion|spd|2
|move|p2b: Archaludon|Electro Shot||[still]
|-prepare|p2b: Archaludon|Electro Shot
|-boost|p2b: Archaludon|spa|1
|-enditem|p2b: Archaludon|Power Herb
|-anim|p2b: Archaludon|Electro Shot|p1a: Basculegion
|-supereffective|p1a: Basculegion
|-damage|p1a: Basculegion|0 fnt
|faint|p1a: Basculegion
|move|p1b: Archaludon|Body Press|p2b: Archaludon
|-supereffective|p2b: Archaludon
|-damage|p2b: Archaludon|57/100
|
|upkeep
|
|t:|1757918834
|switch|p1a: Pelipper|Pelipper, L50, F|100/100
|-weather|RainDance|[from] ability: Drizzle|[of] p1a: Pelipper
|turn|3
|
|t:|1757918859
|-terastallize|p1a: Pelipper|Ghost
|move|p2a: Ribombee|Moonblast|p1a: Pelipper
|-damage|p1a: Pelipper|28/100
|move|p2b: Archaludon|Electro Shot||[still]
|-prepare|p2b: Archaludon|Electro Shot
|-boost|p2b: Archaludon|spa|1
|-anim|p2b: Archaludon|Electro Shot|p1a: Pelipper
|-damage|p1a: Pelipper|0 fnt
|faint|p1a: Pelipper
|move|p1b: Archaludon|Electro Shot||[still]
|-prepare|p1b: Archaludon|Electro Shot
|-boost|p1b: Archaludon|spa|1
|-anim|p1b: Archaludon|Electro Shot|p2a: Ribombee
|-enditem|p2a: Ribombee|Focus Sash
|-damage|p2a: Ribombee|1/100
|
|-weather|RainDance|[upkeep]
|upkeep
|turn|4
|inactive|eutherians has 30 seconds left.
|
|t:|1757918888
|move|p2a: Ribombee|Tailwind|p2a: Ribombee
|-sidestart|p2: eutherians|move: Tailwind
|move|p2b: Archaludon|Electro Shot||[still]
|-prepare|p2b: Archaludon|Electro Shot
|-boost|p2b: Archaludon|spa|1
|-anim|p2b: Archaludon|Electro Shot|p1b: Archaludon
|-resisted|p1b: Archaludon
|-damage|p1b: Archaludon|73/100
|-ability|p1b: Archaludon|Stamina|boost
|-boost|p1b: Archaludon|def|1
|move|p1b: Archaludon|Dragon Pulse|p2b: Archaludon
|-damage|p2b: Archaludon|0 fnt
|faint|p2b: Archaludon
|
|-weather|RainDance|[upkeep]
|upkeep
|
|t:|1757918892
|switch|p2b: Annihilape|Annihilape, L50, M|100/100
|turn|5
|
|t:|1757918904
|move|p2a: Ribombee|Protect|p2a: Ribombee
|-singleturn|p2a: Ribombee|Protect
|move|p2b: Annihilape|Final Gambit|p1b: Archaludon
|-damage|p1b: Archaludon|0 fnt
|faint|p2b: Annihilape
|faint|p1b: Archaludon
|
|win|eutherians
||MARCK EVANS 13 is ready for game 2.
