|j|Ōśålazywarlock
|j|ŌśåDougtrio is bad
|html|lazywarlockDougtrio is bad    
|uhtml|bestof|Game 1 of a best-of-3
|t:|1756262644
|gametype|doubles
|player|p1|lazywarlock|169|1191
|player|p2|Dougtrio is bad|170|1243
|gen|9
|tier|[Gen 9] VGC 2025 Reg H (Bo3)
|rated|
|rule|Species Clause: Limit one of each Pok├®mon
|rule|Item Clause: Limit 1 of each item
|clearpoke
|poke|p1|Charizard, L50, M|
|poke|p1|Torkoal, L50, M|
|poke|p1|Porygon2, L50|
|poke|p1|Incineroar, L50, M|
|poke|p1|Jumpluff, L50, M|
|poke|p1|Ursaluna, L50, F|
|poke|p2|Archaludon, L50, M|
|poke|p2|Pelipper, L50, M|
|poke|p2|Ursaluna-Bloodmoon, L50, M|
|poke|p2|Basculegion, L50, M|
|poke|p2|Dragapult, L50, F|
|poke|p2|Whimsicott, L50, M|
|teampreview|4
|showteam|p1|Charizard||ChoiceSpecs|SolarPower|HeatWave,Overheat,WeatherBall,AirSlash|||M|||50|,,,,,Ghost]Torkoal||EjectPack|Drought|Eruption,Overheat,HelpingHand,Protect|||M|||50|,,,,,Fire]Porygon2||Eviolite|Download|TeraBlast,IceBeam,Recover,TrickRoom||||||50|,,,,,Fighting]Incineroar||SitrusBerry|Intimidate|FlareBlitz,KnockOff,FakeOut,PartingShot|||M|||50|,,,,,Ghost]Jumpluff||CovertCloak|Chlorophyll|SleepPowder,SunnyDay,RagePowder,Tailwind|||M|||50|,,,,,Water]Ursaluna||FlameOrb|Guts|HeadlongRush,Facade,Earthquake,Protect|||F|||50|,,,,,Ghost
|showteam|p2|Archaludon||AssaultVest|Stamina|ElectroShot,FlashCannon,BodyPress,DracoMeteor|||M|||50|,,,,,Grass]Pelipper||SitrusBerry|Drizzle|Tailwind,WeatherBall,Hurricane,WideGuard|||M|||50|,,,,,Ghost]Ursaluna-Bloodmoon||LifeOrb|MindsEye|BloodMoon,HyperVoice,EarthPower,Protect|||M|||50|,,,,,Normal]Basculegion||SafetyGoggles|SwiftSwim|WaveCrash,AquaJet,LastRespects,Protect|||M|||50|,,,,,Water]Dragapult||FocusSash|ClearBody|DragonDarts,TeraBlast,PhantomForce,Protect|||F|||50|,,,,,Ground]Whimsicott||CovertCloak|Prankster|Tailwind,Encore,Moonblast,FakeTears|||M|||50|,,,,,Dark
|inactive|Battle timer is ON: inactive players will automatically lose when time's up. (requested by lazywarlock)
|j| We_Are_Toasted
|l| We_Are_Toasted
|inactive|lazywarlock has 60 seconds left.
|
|t:|1756262693
|teamsize|p1|4
|teamsize|p2|4
|start
|switch|p1a: Incineroar|Incineroar, L50, M|100/100
|switch|p1b: Jumpluff|Jumpluff, L50, M|100/100
|switch|p2a: Whimsicott|Whimsicott, L50, M|100/100
|switch|p2b: Dragapult|Dragapult, L50, F|100/100
|-ability|p1a: Incineroar|Intimidate|boost
|-unboost|p2a: Whimsicott|atk|1
|-fail|p2b: Dragapult|unboost|[from] ability: Clear Body|[of] p2b: Dragapult
|turn|1
|c|ŌśåDougtrio is bad|WaitŌĆ”
|c|ŌśåDougtrio is bad|I know you!!!
|c|Ōśålazywarlock|this team fucking sucks timothy
|inactive|lazywarlock has 30 seconds left.
|inactive|Dougtrio is bad has 30 seconds left.
|c|Ōśålazywarlock|be better
|
|t:|1756262725
|-terastallize|p2b: Dragapult|Ground
|move|p2a: Whimsicott|Tailwind|p2a: Whimsicott
|-sidestart|p2: Dougtrio is bad|move: Tailwind
|move|p2b: Dragapult|Tera Blast|p1a: Incineroar|[anim] Tera Blast Ground
|-supereffective|p1a: Incineroar
|-damage|p1a: Incineroar|20/100
|-enditem|p1a: Incineroar|Sitrus Berry|[eat]
|-heal|p1a: Incineroar|45/100|[from] item: Sitrus Berry
|move|p1b: Jumpluff|Sleep Powder|p2b: Dragapult
|-status|p2b: Dragapult|slp|[from] move: Sleep Powder
|move|p1a: Incineroar|Flare Blitz|p2a: Whimsicott
|-supereffective|p2a: Whimsicott
|-damage|p2a: Whimsicott|0 fnt
|faint|p2a: Whimsicott
|-damage|p1a: Incineroar|19/100|[from] Recoil
|
|upkeep
|c|ŌśåDougtrio is bad|Haha!!!
|c|Ōśålazywarlock|ik you are a better person this
|c|ŌśåDougtrio is bad|Lol
|inactive|Dougtrio is bad has 30 seconds left.
|
|t:|1756262751
|switch|p2a: Pelipper|Pelipper, L50, M|100/100
|-weather|RainDance|[from] ability: Drizzle|[of] p2a: Pelipper
|turn|2
|c|Ōśålazywarlock|says the women clicking slleep powder
|
|t:|1756262763
|cant|p2b: Dragapult|slp
|move|p1b: Jumpluff|Sunny Day|p1b: Jumpluff
|-weather|SunnyDay
|move|p2a: Pelipper|Hurricane|p1b: Jumpluff|[miss]
|-miss|p2a: Pelipper|p1b: Jumpluff
|move|p1a: Incineroar|Parting Shot|p2a: Pelipper
|-unboost|p2a: Pelipper|atk|1
|-unboost|p2a: Pelipper|spa|1
|
|t:|1756262774
|switch|p1a: Porygon2|Porygon2, L50|100/100|[from] Parting Shot
|-ability|p1a: Porygon2|Download|boost
|-boost|p1a: Porygon2|spa|1
|
|-weather|SunnyDay|[upkeep]
|upkeep
|turn|3
|c|ŌśåDougtrio is bad|Nah my team is dogshit ngl
|
|t:|1756262798
|switch|p2b: Basculegion|Basculegion, L50, M|100/100
|move|p1b: Jumpluff|Rage Powder|p1b: Jumpluff
|-singleturn|p1b: Jumpluff|move: Rage Powder
|move|p2a: Pelipper|Weather Ball|p1b: Jumpluff
|-supereffective|p1b: Jumpluff
|-damage|p1b: Jumpluff|40/100
|move|p1a: Porygon2|Ice Beam|p2b: Basculegion
|-resisted|p2b: Basculegion
|-damage|p2b: Basculegion|76/100
|
|-weather|SunnyDay|[upkeep]
|upkeep
|turn|4
|
|t:|1756262818
|switch|p2a: Dragapult|Dragapult, L50, F, tera:Ground|100/100 slp
|move|p1b: Jumpluff|Rage Powder|p1b: Jumpluff
|-singleturn|p1b: Jumpluff|move: Rage Powder
|move|p2b: Basculegion|Last Respects|p1b: Jumpluff
|-damage|p1b: Jumpluff|0 fnt
|faint|p1b: Jumpluff
|move|p1a: Porygon2|Trick Room|p1a: Porygon2
|-fieldstart|move: Trick Room|[of] p1a: Porygon2
|
|-weather|SunnyDay|[upkeep]
|-sideend|p2: Dougtrio is bad|move: Tailwind
|upkeep
|
|t:|1756262829
|switch|p1b: Ursaluna|Ursaluna, L50, F|100/100
|turn|5
|inactive|Dougtrio is bad has 30 seconds left.
|
|t:|1756262855
|move|p1a: Porygon2|Ice Beam|p2a: Dragapult
|-supereffective|p2a: Dragapult
|-enditem|p2a: Dragapult|Focus Sash
|-damage|p2a: Dragapult|1/100 slp
|move|p1b: Ursaluna|Earthquake|p2b: Basculegion|[spread] p1a,p2a,p2b
|-damage|p1a: Porygon2|69/100
|-damage|p2a: Dragapult|0 fnt
|-damage|p2b: Basculegion|21/100
|faint|p2a: Dragapult
|move|p2b: Basculegion|Wave Crash|p1b: Ursaluna
|-supereffective|p1b: Ursaluna
|-damage|p1b: Ursaluna|55/100
|-damage|p2b: Basculegion|4/100|[from] Recoil
|
|-weather|SunnyDay|[upkeep]
|-status|p1b: Ursaluna|brn|[from] item: Flame Orb
|upkeep
|
|t:|1756262867
|switch|p2a: Pelipper|Pelipper, L50, M|100/100
|-weather|RainDance|[from] ability: Drizzle|[of] p2a: Pelipper
|turn|6
|
|t:|1756262877
|move|p2b: Basculegion|Aqua Jet|p1b: Ursaluna
|-supereffective|p1b: Ursaluna
|-damage|p1b: Ursaluna|9/100 brn
|move|p1a: Porygon2|Ice Beam|p2b: Basculegion
|-resisted|p2b: Basculegion
|-damage|p2b: Basculegion|0 fnt
|faint|p2b: Basculegion
|move|p2a: Pelipper|Weather Ball|p1a: Porygon2
|-damage|p1a: Porygon2|20/100
|move|p1b: Ursaluna|Facade|p2a: Pelipper
|-damage|p2a: Pelipper|0 fnt
|faint|p2a: Pelipper
|
|win|lazywarlock
