|j|☆noobatvgcsadge
|j|☆malo maalez
|html|noobatvgcsadgemalo maalez    
|uhtml|bestof|Game 2 of a best-of-3
|t:|1756675607
|gametype|doubles
|player|p1|noobatvgcsadge|170|1040
|player|p2|malo maalez|steven|1032
|gen|9
|tier|[Gen 9] VGC 2025 Reg H (Bo3)
|rated|
|rule|Species Clause: Limit one of each Pokémon
|rule|Item Clause: Limit 1 of each item
|clearpoke
|poke|p1|Annihilape, L50, M|
|poke|p1|Primarina, L50, F|
|poke|p1|Farigiraf, L50, M|
|poke|p1|Dragonite, L50, F|
|poke|p1|Torkoal, L50, M|
|poke|p1|Dragapult, L50, M|
|poke|p2|Sneasler, L50, M|
|poke|p2|Kingambit, L50, M|
|poke|p2|Dragonite, L50, F|
|poke|p2|Rillaboom, L50, M|
|poke|p2|Volcarona, L50, F|
|poke|p2|Electabuzz, L50, F|
|teampreview|4
|showteam|p1|Annihilape||ChoiceScarf|Defiant|FinalGambit,RageFist,CloseCombat,PoisonJab|||M|||50|,,,,,Fairy]Primarina||SitrusBerry|LiquidVoice|HyperVoice,Moonblast,CalmMind,Protect|||F|||50|,,,,,Steel]Farigiraf||MentalHerb|ArmorTail|TrickRoom,HelpingHand,HyperVoice,FoulPlay|||M|||50|,,,,,Water]Dragonite||AssaultVest|InnerFocus|ExtremeSpeed,IceSpinner,BreakingSwipe,StompingTantrum|||F|||50|,,,,,Normal]Torkoal||ChoiceSpecs|Drought|Eruption,HeatWave,Yawn,ScorchingSands|||M|||50|,,,,,Fire]Dragapult||LifeOrb|ClearBody|DragonDarts,Hex,Protect,WillOWisp|||M|||50|,,,,,Fairy
|showteam|p2|Sneasler||FocusSash|PoisonTouch|FakeOut,Coaching,CloseCombat,DireClaw|||M|||50|,,,,,Ghost]Kingambit||BlackGlasses|Defiant|KowtowCleave,SuckerPunch,SwordsDance,Protect|||M|||50|,,,,,Dark]Dragonite||LoadedDice|Multiscale|Protect,Haze,ScaleShot,ExtremeSpeed|||F|||50|,,,,,Fairy]Rillaboom||AssaultVest|GrassySurge|FakeOut,GrassyGlide,WoodHammer,HighHorsepower|||M|||50|,,,,,Fire]Volcarona||Leftovers|FlameBody|QuiverDance,Protect,TeraBlast,HeatWave|||F|||50|,,,,,Fairy]Electabuzz||Eviolite|VitalSpirit|Electroweb,FollowMe,Taunt,Protect|||F|||50|,,,,,Ghost
|inactive|Battle timer is ON: inactive players will automatically lose when time's up. (requested by noobatvgcsadge)
|inactive|malo maalez has 60 seconds left.
|inactive|malo maalez has 30 seconds left.
|inactive|malo maalez has 20 seconds left.
|inactive|malo maalez has 15 seconds left.
|
|t:|1756675684
|teamsize|p1|4
|teamsize|p2|4
|start
|switch|p1a: Primarina|Primarina, L50, F|100/100
|switch|p1b: Farigiraf|Farigiraf, L50, M|100/100
|switch|p2a: Quien es esta|Rillaboom, L50, M, shiny|100/100
|switch|p2b: ImitadoraVoy|Volcarona, L50, F|100/100
|-fieldstart|move: Grassy Terrain|[from] ability: Grassy Surge|[of] p2a: Quien es esta
|turn|1
|inactive|malo maalez has 30 seconds left.
|
|t:|1756675710
|-terastallize|p2b: ImitadoraVoy|Fairy
|-terastallize|p1a: Primarina|Steel
|move|p2b: ImitadoraVoy|Quiver Dance|p2b: ImitadoraVoy
|-boost|p2b: ImitadoraVoy|spa|1
|-boost|p2b: ImitadoraVoy|spd|1
|-boost|p2b: ImitadoraVoy|spe|1
|move|p2a: Quien es esta|Wood Hammer|p1a: Primarina
|-resisted|p1a: Primarina
|-damage|p1a: Primarina|58/100
|-damage|p2a: Quien es esta|88/100|[from] Recoil
|move|p1a: Primarina|Calm Mind|p1a: Primarina
|-boost|p1a: Primarina|spa|1
|-boost|p1a: Primarina|spd|1
|move|p1b: Farigiraf|Trick Room|p1b: Farigiraf
|-fieldstart|move: Trick Room|[of] p1b: Farigiraf
|
|-heal|p1a: Primarina|64/100|[from] Grassy Terrain
|-heal|p2a: Quien es esta|94/100|[from] Grassy Terrain
|upkeep
|turn|2
|inactive|noobatvgcsadge has 30 seconds left.
|inactive|noobatvgcsadge has 20 seconds left.
|inactive|malo maalez has 30 seconds left.
|inactive|noobatvgcsadge has 15 seconds left.
|inactive|malo maalez has 20 seconds left.
|inactive|malo maalez has 15 seconds left.
|
|t:|1756675760
|move|p1b: Farigiraf|Helping Hand|p1a: Primarina
|-singleturn|p1a: Primarina|Helping Hand|[of] p1b: Farigiraf
|move|p1a: Primarina|Moonblast|p2b: ImitadoraVoy
|-damage|p2b: ImitadoraVoy|23/100
|move|p2a: Quien es esta|High Horsepower|p1a: Primarina
|-supereffective|p1a: Primarina
|-damage|p1a: Primarina|0 fnt
|faint|p1a: Primarina
|move|p2b: ImitadoraVoy|Heat Wave|p1b: Farigiraf
|-damage|p1b: Farigiraf|41/100
|
|-heal|p1b: Farigiraf|47/100|[from] Grassy Terrain
|-heal|p2a: Quien es esta|99/100|[from] Grassy Terrain
|-heal|p2b: ImitadoraVoy|29/100|[from] Grassy Terrain
|-heal|p2b: ImitadoraVoy|36/100|[from] item: Leftovers
|upkeep
|
|t:|1756675776
|switch|p1a: Dragonite|Dragonite, L50, F|100/100
|turn|3
|
|t:|1756675795
|switch|p2a: Where|Kingambit, L50, M|100/100
|move|p1b: Farigiraf|Helping Hand|p1a: Dragonite
|-singleturn|p1a: Dragonite|Helping Hand|[of] p1b: Farigiraf
|move|p2b: ImitadoraVoy|Protect|p2b: ImitadoraVoy
|-singleturn|p2b: ImitadoraVoy|Protect
|move|p1a: Dragonite|Extreme Speed|p2b: ImitadoraVoy
|-activate|p2b: ImitadoraVoy|move: Protect
|
|-heal|p1b: Farigiraf|53/100|[from] Grassy Terrain
|-heal|p2b: ImitadoraVoy|42/100|[from] Grassy Terrain
|-heal|p2b: ImitadoraVoy|48/100|[from] item: Leftovers
|upkeep
|turn|4
|
|t:|1756675809
|switch|p2b: Quien es esta|Rillaboom, L50, M, shiny|99/100
|move|p1b: Farigiraf|Helping Hand|p1a: Dragonite
|-singleturn|p1a: Dragonite|Helping Hand|[of] p1b: Farigiraf
|move|p1a: Dragonite|Extreme Speed|p2b: Quien es esta
|-damage|p2b: Quien es esta|60/100
|move|p2a: Where|Kowtow Cleave|p1b: Farigiraf
|-supereffective|p1b: Farigiraf
|-damage|p1b: Farigiraf|0 fnt
|faint|p1b: Farigiraf
|
|-heal|p2b: Quien es esta|66/100|[from] Grassy Terrain
|upkeep
|
|t:|1756675819
|switch|p1b: Dragapult|Dragapult, L50, M|100/100
|turn|5
|
|t:|1756675843
|move|p2b: Quien es esta|Grassy Glide|p1a: Dragonite
|-resisted|p1a: Dragonite
|-damage|p1a: Dragonite|93/100
|move|p2a: Where|Kowtow Cleave|p1a: Dragonite
|-damage|p1a: Dragonite|39/100
|move|p1a: Dragonite|Breaking Swipe|p2b: Quien es esta|[spread] p2a,p2b
|-resisted|p2a: Where
|-damage|p2a: Where|92/100
|-damage|p2b: Quien es esta|42/100
|-unboost|p2a: Where|atk|1
|-ability|p2a: Where|Defiant|boost
|-boost|p2a: Where|atk|2
|-unboost|p2b: Quien es esta|atk|1
|move|p1b: Dragapult|Will-O-Wisp|p2a: Where
|-status|p2a: Where|brn
|
|-heal|p2a: Where|98/100 brn|[from] Grassy Terrain
|-heal|p2b: Quien es esta|48/100|[from] Grassy Terrain
|-damage|p2a: Where|92/100 brn|[from] brn
|-fieldend|move: Trick Room
|-fieldend|move: Grassy Terrain
|upkeep
|turn|6
|
|t:|1756675867
|switch|p2b: She's At|Dragonite, L50, F|100/100
|move|p1b: Dragapult|Dragon Darts|p2b: She's At
|-supereffective|p2b: She's At
|-damage|p2b: She's At|66/100
|-anim|p1b: Dragapult|Dragon Darts|p2a: Where
|-resisted|p2a: Where
|-damage|p2a: Where|81/100 brn
|-damage|p1b: Dragapult|91/100|[from] item: Life Orb
|move|p1a: Dragonite|Stomping Tantrum|p2a: Where
|-supereffective|p2a: Where
|-damage|p2a: Where|40/100 brn
|move|p2a: Where|Kowtow Cleave|p1b: Dragapult
|-supereffective|p1b: Dragapult
|-damage|p1b: Dragapult|0 fnt
|faint|p1b: Dragapult
|
|-damage|p2a: Where|34/100 brn|[from] brn
|upkeep
|turn|7
|-message|noobatvgcsadge forfeited.
|raw|noobatvgcsadge's rating: 1040 → 1024(-16 for losing)
|raw|malo maalez's rating: 1032 → 1068(+36 for winning)
|
|win|malo maalez
