|j|☆ming0mang0
|j|☆afrofuego
|html|ming0mang0afrofuego    
|uhtml|bestof|Game 2 of a best-of-3
|t:|1756158659
|gametype|doubles
|player|p1|ming0mang0|harlequin|1084
|player|p2|afrofuego|flint|1040
|gen|9
|tier|[Gen 9] VGC 2025 Reg H (Bo3)
|rated|
|rule|Species Clause: Limit one of each Pokémon
|rule|Item Clause: Limit 1 of each item
|clearpoke
|poke|p1|Gholdengo, L50|
|poke|p1|Pelipper, L50, M|
|poke|p1|Greninja-*, L50, F|
|poke|p1|Basculegion, L50, M|
|poke|p1|Amoonguss, L50, M|
|poke|p1|Archaludon, L50, M|
|poke|p2|Garchomp, L50, M|
|poke|p2|Dragonite, L50, F|
|poke|p2|Kingambit, L50, F|
|poke|p2|Ninetales-Alola, L50, M|
|poke|p2|Incineroar, L50, F|
|poke|p2|Amoonguss, L50, M|
|teampreview|4
|showteam|p1|Gholdengo||LifeOrb|GoodasGold|ShadowBall,MakeItRain,NastyPlot,Protect||||||50|,,,,,Water]Pelipper||FocusSash|Drizzle|Hurricane,WeatherBall,Tailwind,Protect|||M|||50|,,,,,Steel]Greninja||LoadedDice|Torrent|DarkPulse,WaterShuriken,Taunt,Protect|||F|||50|,,,,,Ghost]Basculegion||ChoiceBand|SwiftSwim|WaveCrash,AquaJet,LastRespects,FlipTurn|||M|||50|,,,,,Water]Amoonguss||SitrusBerry|Regenerator|PollenPuff,Spore,RagePowder,Protect|||M|||50|,,,,,Fire]Archaludon||AssaultVest|Stamina|DracoMeteor,FlashCannon,ElectroShot,BodyPress|||M|||50|,,,,,Bug
|showteam|p2|Garchomp||ChoiceBand|RoughSkin|RockSlide,StompingTantrum,DragonClaw,Earthquake|||M|||50|,,,,,Steel]Dragonite||LumBerry|Multiscale|Protect,ExtremeSpeed,LowKick,TeraBlast|||F|||50|,,,,,Flying]Kingambit||AssaultVest|Defiant|KowtowCleave,IronHead,SuckerPunch,LowKick|||F|||50|,,,,,Dark]Ninetales-Alola||ChoiceSpecs|SnowWarning|Blizzard,Moonblast,FreezeDry,IceBeam|||M|||50|,,,,,Ice]Incineroar||SafetyGoggles|Intimidate|PartingShot,FlareBlitz,KnockOff,FakeOut|||F|||50|,,,,,Ghost]Amoonguss||SitrusBerry|Regenerator|Spore,RagePowder,PollenPuff,ClearSmog|||M|||50|,,,,,Water
|inactive|Battle timer is ON: inactive players will automatically lose when time's up. (requested by afrofuego)
|
|t:|1756158777
|teamsize|p1|4
|teamsize|p2|4
|start
|switch|p1a: Amoonguss|Amoonguss, L50, M, shiny|100/100
|switch|p1b: Archaludon|Archaludon, L50, M|100/100
|switch|p2a: Kingambit|Kingambit, L50, F|100/100
|switch|p2b: Dragonite|Dragonite, L50, F|100/100
|turn|1
|inactive|ming0mang0 has 30 seconds left.
|inactive|afrofuego has 30 seconds left.
|inactive|ming0mang0 has 20 seconds left.
|
|t:|1756158816
|switch|p2a: Amoonguss|Amoonguss, L50, M|100/100
|-terastallize|p1b: Archaludon|Bug
|move|p2b: Dragonite|Protect|p2b: Dragonite
|-singleturn|p2b: Dragonite|Protect
|move|p1a: Amoonguss|Protect|p1a: Amoonguss
|-singleturn|p1a: Amoonguss|Protect
|move|p1b: Archaludon|Electro Shot||[still]
|-prepare|p1b: Archaludon|Electro Shot
|-boost|p1b: Archaludon|spa|1
|
|upkeep
|turn|2
|inactive|ming0mang0 has 30 seconds left.
|inactive|afrofuego has 30 seconds left.
|inactive|ming0mang0 has 20 seconds left.
|inactive|afrofuego has 20 seconds left.
|inactive|ming0mang0 has 15 seconds left.
|
|t:|1756158858
|switch|p1a: Gholdengo|Gholdengo, L50|100/100
|-terastallize|p2b: Dragonite|Flying
|move|p2a: Amoonguss|Rage Powder|p2a: Amoonguss
|-singleturn|p2a: Amoonguss|move: Rage Powder
|move|p1b: Archaludon|Electro Shot|p2a: Amoonguss|[from] lockedmove
|-resisted|p2a: Amoonguss
|-damage|p2a: Amoonguss|72/100
|move|p2b: Dragonite|Tera Blast|p1a: Gholdengo|[anim] Tera Blast Flying
|-resisted|p1a: Gholdengo
|-damage|p1a: Gholdengo|69/100
|
|upkeep
|turn|3
|inactive|ming0mang0 has 30 seconds left.
|inactive|afrofuego has 30 seconds left.
|inactive|ming0mang0 has 20 seconds left.
|inactive|ming0mang0 has 15 seconds left.
|inactive|ming0mang0 has 10 seconds left.
|
|t:|1756158908
|move|p1a: Gholdengo|Nasty Plot|p1a: Gholdengo
|-boost|p1a: Gholdengo|spa|2
|move|p1b: Archaludon|Flash Cannon|p2a: Amoonguss
|-damage|p2a: Amoonguss|16/100
|-enditem|p2a: Amoonguss|Sitrus Berry|[eat]
|-heal|p2a: Amoonguss|41/100|[from] item: Sitrus Berry
|move|p2b: Dragonite|Tera Blast|p1b: Archaludon|[anim] Tera Blast Flying
|-supereffective|p1b: Archaludon
|-damage|p1b: Archaludon|3/100
|-ability|p1b: Archaludon|Stamina|boost
|-boost|p1b: Archaludon|def|1
|move|p2a: Amoonguss|Spore|p1b: Archaludon
|-status|p1b: Archaludon|slp|[from] move: Spore
|
|upkeep
|turn|4
|inactive|ming0mang0 has 30 seconds left.
|inactive|afrofuego has 30 seconds left.
|inactive|ming0mang0 has 20 seconds left.
|inactive|afrofuego has 20 seconds left.
|inactive|ming0mang0 has 15 seconds left.
|
|t:|1756158952
|switch|p2a: Kingambit|Kingambit, L50, F|100/100
|move|p2b: Dragonite|Protect|p2b: Dragonite
|-singleturn|p2b: Dragonite|Protect
|move|p1a: Gholdengo|Nasty Plot|p1a: Gholdengo
|-boost|p1a: Gholdengo|spa|2
|cant|p1b: Archaludon|slp
|
|upkeep
|turn|5
|
|t:|1756158971
|switch|p1b: Amoonguss|Amoonguss, L50, M, shiny|100/100
|move|p1a: Gholdengo|Protect|p1a: Gholdengo
|-singleturn|p1a: Gholdengo|Protect
|move|p2a: Kingambit|Sucker Punch||[still]
|-fail|p2a: Kingambit
|move|p2b: Dragonite|Tera Blast|p1b: Amoonguss|[anim] Tera Blast Flying
|-supereffective|p1b: Amoonguss
|-damage|p1b: Amoonguss|0 fnt
|faint|p1b: Amoonguss
|
|upkeep
|
|t:|1756158983
|switch|p1b: Pelipper|Pelipper, L50, M|100/100
|-weather|RainDance|[from] ability: Drizzle|[of] p1b: Pelipper
|turn|6
|
|t:|1756159005
|move|p2a: Kingambit|Sucker Punch||[still]
|-fail|p2a: Kingambit
|move|p1a: Gholdengo|Nasty Plot|p1a: Gholdengo
|-boost|p1a: Gholdengo|spa|2
|move|p1b: Pelipper|Weather Ball|p2a: Kingambit
|-damage|p2a: Kingambit|58/100
|move|p2b: Dragonite|Tera Blast|p1b: Pelipper|[anim] Tera Blast Flying
|-damage|p1b: Pelipper|15/100
|
|-weather|RainDance|[upkeep]
|upkeep
|turn|7
|
|t:|1756159027
|switch|p1b: Archaludon|Archaludon, L50, M, tera:Bug|3/100 slp
|move|p2b: Dragonite|Extreme Speed|p1b: Archaludon
|-damage|p1b: Archaludon|0 fnt
|faint|p1b: Archaludon
|move|p1a: Gholdengo|Nasty Plot|p1a: Gholdengo
|-boost|p1a: Gholdengo|spa|0
|move|p2a: Kingambit|Kowtow Cleave|p1a: Gholdengo
|-supereffective|p1a: Gholdengo
|-damage|p1a: Gholdengo|0 fnt
|faint|p1a: Gholdengo
|
|-weather|RainDance|[upkeep]
|upkeep
|
|t:|1756159040
|switch|p1b: Pelipper|Pelipper, L50, M|15/100
|turn|8
|-message|ming0mang0 forfeited.
|
|win|afrofuego
|raw|ming0mang0's rating: 1084 → 1059(-25 for losing)
|raw|afrofuego's rating: 1040 → 1078(+38 for winning)
|l|☆ming0mang0
|player|p1|
|l|☆afrofuego
|player|p2|
|j|☆ming0mang0
|player|p1|ming0mang0|harlequin|
