|j|‽TKDCamo
|j|☆z dawg gog
|html|TKDCamoz dawg gog    
|uhtml|bestof|Game 3 of a best-of-3
|t:|1783904439
|gametype|doubles
|player|p1|TKDCamo|clemont|
|player|p2|z dawg gog|169|
|gen|9
|tier|[Gen 9 Champions] VGC 2026 Reg M-B (Bo3)
|rule|Species Clause: Limit one of each Pokémon
|rule|Item Clause: Limit 1 of each item
|clearpoke
|poke|p1|Slowking, L50, M|
|poke|p1|Drampa, L50, M, shiny|
|poke|p1|Swampert, L50, M|
|poke|p1|Morpeko, L50, M|
|poke|p1|Floette-Eternal, L50, F|
|poke|p1|Dragonite, L50, M|
|poke|p2|Gliscor, L50, F|
|poke|p2|Eelektross, L50, M|
|poke|p2|Mimikyu, L50, F|
|poke|p2|Kommo-o, L50, F|
|poke|p2|Gyarados, L50, M|
|poke|p2|Kingambit, L50, M|
|teampreview|4
|showteam|p1|Slowking||ColburBerry|Oblivious|TrickRoom,HealPulse,Scald,PsychicNoise|Relaxed||M|||50|]Drampa||Drampanite|Berserk|Protect,EarthPower,DracoMeteor,HyperVoice|Quiet||M|||50|]Swampert||Leftovers|Torrent|HammerArm,Curse,WaveCrash,Protect|Brave||M|||50|]Morpeko||SitrusBerry|HungerSwitch|FakeOut,PartingShot,Taunt,SuperFang|Jolly||M|||50|]Floette-Eternal||LifeOrb|Symbiosis|Protect,CalmMind,Moonblast,DrainingKiss|Modest||F|||50|]Dragonite||Dragoninite|InnerFocus|Protect,AirSlash,LowKick,Thunderbolt|Rash||M|||50|
|showteam|p2|Gliscor||Leftovers|HyperCutter|SwordsDance,Earthquake,Tailwind,DualWingbeat|Jolly||F|||50|]Eelektross||Eelektrossite|Levitate|Discharge,VoltSwitch,Thunderbolt,MuddyWater|Timid||M|||50|]Mimikyu||MentalHerb|Disguise|TrickRoom,SwordsDance,PlayRough,ShadowClaw|Brave||F|||50|]Kommo-o||DragonFang|Bulletproof|ClangingScales,ClangorousSoul,AuraSphere,Boomburst|Timid||F|||50|]Gyarados||SitrusBerry|Intimidate|Earthquake,Protect,Waterfall,DragonDance|Adamant||M|||50|]Kingambit||BlackGlasses|Defiant|KowtowCleave,SuckerPunch,IronHead,Protect|Adamant||M|||50|
|j| skatt7000
|
|t:|1783904479
|teamsize|p1|4
|teamsize|p2|4
|start
|switch|p1a: BrainBlast|Slowking, L50, M|100/100
|switch|p1b: NeverEnding|Drampa, L50, M, shiny|100/100
|switch|p2a: Gliscor|Gliscor, L50, F|100/100
|switch|p2b: Eelektross|Eelektross, L50, M|100/100
|turn|1
|
|t:|1783904500
|detailschange|p2b: Eelektross|Eelektross-Mega, L50, M
|-mega|p2b: Eelektross|Eelektross|Eelektrossite
|detailschange|p1b: NeverEnding|Drampa-Mega, L50, M, shiny
|-mega|p1b: NeverEnding|Drampa|Drampanite
|move|p2a: Gliscor|Dual Wingbeat|p1a: BrainBlast
|-damage|p1a: BrainBlast|87/100
|-damage|p1a: BrainBlast|75/100
|-hitcount|p1a: BrainBlast|2
|move|p2b: Eelektross|Thunderbolt|p1a: BrainBlast
|-supereffective|p1a: BrainBlast|1
|-damage|p1a: BrainBlast|0 fnt
|faint|p1a: BrainBlast
|-ability|p2b: Eelektross|Eelevate|boost
|-boost|p2b: Eelektross|spa|1
|move|p1b: NeverEnding|Draco Meteor|p2b: Eelektross
|-damage|p2b: Eelektross|0 fnt
|-unboost|p1b: NeverEnding|spa|2
|faint|p2b: Eelektross
|
|upkeep
|
|t:|1783904520
|switch|p2b: Kingambit|Kingambit, L50, M|100/100
|switch|p1a: Skipper|Swampert, L50, M|100/100
|turn|2
|
|t:|1783904537
|switch|p2a: Gyarados|Gyarados, L50, M|100/100
|-ability|p2a: Gyarados|Intimidate|boost
|-unboost|p1a: Skipper|atk|1
|-unboost|p1b: NeverEnding|atk|1
|move|p1b: NeverEnding|Protect|p1b: NeverEnding
|-singleturn|p1b: NeverEnding|Protect
|move|p1a: Skipper|Curse|p1a: Skipper
|-unboost|p1a: Skipper|spe|1
|-boost|p1a: Skipper|atk|1
|-boost|p1a: Skipper|def|1
|move|p2b: Kingambit|Kowtow Cleave|p1a: Skipper
|-damage|p1a: Skipper|60/100
|
|-heal|p1a: Skipper|66/100|[from] item: Leftovers
|upkeep
|turn|3
|
|t:|1783904569
|move|p1a: Skipper|Protect|p1a: Skipper
|-singleturn|p1a: Skipper|Protect
|move|p2a: Gyarados|Waterfall|p1a: Skipper
|-activate|p1a: Skipper|move: Protect
|move|p2b: Kingambit|Kowtow Cleave|p1a: Skipper
|-activate|p1a: Skipper|move: Protect
|move|p1b: NeverEnding|Hyper Voice|p2b: Kingambit|[spread] p2a,p2b
|-resisted|p2b: Kingambit|1
|-damage|p2a: Gyarados|75/100
|-damage|p2b: Kingambit|89/100
|
|-heal|p1a: Skipper|71/100|[from] item: Leftovers
|upkeep
|turn|4
|
|t:|1783904584
|switch|p1b: PrettyFlower|Floette-Eternal, L50, F|100/100
|move|p2a: Gyarados|Waterfall|p1a: Skipper
|-damage|p1a: Skipper|44/100
|move|p2b: Kingambit|Kowtow Cleave|p1a: Skipper
|-damage|p1a: Skipper|7/100
|cant|p1a: Skipper|flinch
|
|-heal|p1a: Skipper|13/100|[from] item: Leftovers
|upkeep
|turn|5
|
|t:|1783904603
|move|p1b: PrettyFlower|Calm Mind|p1b: PrettyFlower
|-boost|p1b: PrettyFlower|spa|1
|-boost|p1b: PrettyFlower|spd|1
|move|p2a: Gyarados|Waterfall|p1a: Skipper
|-damage|p1a: Skipper|0 fnt
|faint|p1a: Skipper
|move|p2b: Kingambit|Iron Head|p1b: PrettyFlower
|-supereffective|p1b: PrettyFlower|1
|-damage|p1b: PrettyFlower|0 fnt
|faint|p1b: PrettyFlower
|
|upkeep
|
|t:|1783904613
|switch|p1b: NeverEnding|Drampa-Mega, L50, M, shiny|100/100
|turn|6
|
|t:|1783904626
|move|p2a: Gyarados|Waterfall|p1b: NeverEnding
|-resisted|p1b: NeverEnding|1
|-damage|p1b: NeverEnding|80/100
|move|p2b: Kingambit|Kowtow Cleave|p1b: NeverEnding
|-damage|p1b: NeverEnding|30/100
|-ability|p1b: NeverEnding|Berserk|boost
|-boost|p1b: NeverEnding|spa|1
|move|p1b: NeverEnding|Hyper Voice|p2a: Gyarados|[spread] p2a,p2b
|-resisted|p2b: Kingambit|1
|-damage|p2a: Gyarados|7/100
|-damage|p2b: Kingambit|58/100
|-enditem|p2a: Gyarados|Sitrus Berry|[eat]
|-heal|p2a: Gyarados|31/100|[from] item: Sitrus Berry
|
|upkeep
|turn|7
|
|t:|1783904640
|move|p2a: Gyarados|Waterfall|p1b: NeverEnding
|-resisted|p1b: NeverEnding|1
|-damage|p1b: NeverEnding|10/100
|move|p2b: Kingambit|Kowtow Cleave|p1b: NeverEnding
|-damage|p1b: NeverEnding|0 fnt
|faint|p1b: NeverEnding
|
|win|z dawg gog
|c|☆z dawg gog|gg
|l| skatt7000
