|j|☆flitrxy
|j|☆grfynnvgc
|html|flitrxygrfynnvgc    
|uhtml|bestof|Game 3 of a best-of-3
|t:|1785472196
|gametype|doubles
|player|p1|flitrxy|hilbert|1040
|player|p2|grfynnvgc|101|1198
|gen|9
|tier|[Gen 9 Champions] VGC 2026 Reg M-B (Bo3)
|rated|
|rule|Species Clause: Limit one of each Pokémon
|rule|Item Clause: Limit 1 of each item
|clearpoke
|poke|p1|Sceptile, L50, F|
|poke|p1|Aegislash, L50, F|
|poke|p1|Jolteon, L50, F, shiny|
|poke|p1|Politoed, L50, M, shiny|
|poke|p1|Overqwil, L50, F|
|poke|p1|Sneasler, L50, M, shiny|
|poke|p2|Gengar, L50, M|
|poke|p2|Kommo-o, L50, F|
|poke|p2|Ninetales-Alola, L50, M|
|poke|p2|Primarina, L50, F|
|poke|p2|Incineroar, L50, M|
|poke|p2|Vivillon, L50, M|
|teampreview|4
|showteam|p1|Sceptile||Sceptilite|Overgrow|DragonPulse,LeafStorm,EarthPower,Protect|Modest||F|||50|]Aegislash||Leftovers|StanceChange|IronHead,ShadowSneak,KingsShield,SacredSword|Adamant||F|||50|]Jolteon||LifeOrb|VoltAbsorb|Discharge,VoltSwitch,AlluringVoice,Protect|Timid||F|||50|]Politoed||MysticWater|WaterAbsorb|MuddyWater,WeatherBall,IceBeam,Protect|Timid||M|||50|]Overqwil||ChoiceScarf|SwiftSwim|BarbBarrage,DestinyBond,ThroatChop,AquaJet|Jolly||F|||50|]Sneasler||FocusSash|Unburden|DireClaw,FakeOut,CloseCombat,Protect|Adamant||M|||50|
|showteam|p2|Gengar||Gengarite|CursedBody|ShadowBall,SludgeBomb,PerishSong,Protect|Modest||M|||50|]Kommo-o||Leftovers|Soundproof|ClangingScales,AuraSphere,ClangorousSoul,Protect|Modest||F|||50|]Ninetales-Alola||NeverMeltIce|SnowWarning|Blizzard,FreezeDry,Disable,Protect|Timid||M|||50|]Primarina||LifeOrb|LiquidVoice|HyperVoice,Moonblast,PerishSong,Protect|Modest||F|||50|]Incineroar||SitrusBerry|Intimidate|FakeOut,ThroatChop,PartingShot,Protect|Impish||M|||50|]Vivillon||FocusSash|CompoundEyes|Hurricane,SleepPowder,RagePowder,Protect|Timid||M|||50|
|
|t:|1785472225
|teamsize|p1|4
|teamsize|p2|4
|start
|switch|p1a: Aegislash|Aegislash, L50, F|100/100
|switch|p1b: Sneasler|Sneasler, L50, M, shiny|100/100
|switch|p2a: Gengar|Gengar, L50, M|100/100
|switch|p2b: Incineroar|Incineroar, L50, M|100/100
|-ability|p2b: Incineroar|Intimidate|boost
|-unboost|p1a: Aegislash|atk|1
|-unboost|p1b: Sneasler|atk|1
|turn|1
|
|t:|1785472247
|switch|p1a: Overqwil|Overqwil, L50, F|100/100
|detailschange|p2a: Gengar|Gengar-Mega, L50, M
|-mega|p2a: Gengar|Gengar|Gengarite
|move|p1b: Sneasler|Fake Out|p2b: Incineroar
|-damage|p2b: Incineroar|92/100
|cant|p2b: Incineroar|flinch
|move|p2a: Gengar|Shadow Ball|p1a: Overqwil
|-resisted|p1a: Overqwil|1
|-damage|p1a: Overqwil|59/100
|
|upkeep
|turn|2
|inactive|Battle timer is ON: inactive players will automatically lose when time's up. (requested by grfynnvgc)
|
|t:|1785472269
|move|p1b: Sneasler|Protect|p1b: Sneasler
|-singleturn|p1b: Sneasler|Protect
|move|p2a: Gengar|Protect|p2a: Gengar
|-singleturn|p2a: Gengar|Protect
|move|p1a: Overqwil|Throat Chop|p2a: Gengar
|-activate|p2a: Gengar|move: Protect
|move|p2b: Incineroar|Parting Shot|p1a: Overqwil
|-unboost|p1a: Overqwil|atk|1
|-unboost|p1a: Overqwil|spa|1
|
|t:|1785472293
|switch|p2b: Kommo-o|Kommo-o, L50, F|100/100|[from] Parting Shot
|
|upkeep
|turn|3
|
|t:|1785472305
|switch|p2b: Incineroar|Incineroar, L50, M|92/100
|-ability|p2b: Incineroar|Intimidate|boost
|-unboost|p1a: Overqwil|atk|1
|-unboost|p1b: Sneasler|atk|1
|move|p1a: Overqwil|Throat Chop|p2a: Gengar
|-supereffective|p2a: Gengar|1
|-damage|p2a: Gengar|58/100
|-start|p2a: Gengar|Throat Chop|[silent]
|move|p1b: Sneasler|Dire Claw|p2b: Incineroar
|-damage|p2b: Incineroar|72/100
|-status|p2b: Incineroar|psn
|cant|p2a: Gengar|move: Throat Chop
|
|-damage|p2b: Incineroar|60/100 psn|[from] psn
|upkeep
|turn|4
|
|t:|1785472324
|move|p1b: Sneasler|Protect|p1b: Sneasler
|-singleturn|p1b: Sneasler|Protect
|move|p2b: Incineroar|Fake Out|p1a: Overqwil
|-damage|p1a: Overqwil|46/100
|cant|p1a: Overqwil|flinch
|move|p2a: Gengar|Shadow Ball|p1b: Sneasler
|-activate|p1b: Sneasler|move: Protect
|
|-damage|p2b: Incineroar|48/100 psn|[from] psn
|-end|p2a: Gengar|Throat Chop|[silent]
|upkeep
|-enditem|p2b: Incineroar|Sitrus Berry|[eat]
|-heal|p2b: Incineroar|72/100 psn|[from] item: Sitrus Berry
|turn|5
|
|t:|1785472341
|move|p1a: Overqwil|Throat Chop|p2a: Gengar
|-supereffective|p2a: Gengar|1
|-damage|p2a: Gengar|13/100
|-start|p2a: Gengar|Throat Chop|[silent]
|move|p1b: Sneasler|Close Combat|p2b: Incineroar
|-supereffective|p2b: Incineroar|1
|-damage|p2b: Incineroar|22/100 psn
|-unboost|p1b: Sneasler|def|1
|-unboost|p1b: Sneasler|spd|1
|move|p2a: Gengar|Shadow Ball|p1b: Sneasler
|-enditem|p1b: Sneasler|Focus Sash
|-damage|p1b: Sneasler|1/100
|-unboost|p1b: Sneasler|spd|1
|move|p2b: Incineroar|Parting Shot|p1a: Overqwil
|-unboost|p1a: Overqwil|atk|1
|-unboost|p1a: Overqwil|spa|1
|
|t:|1785472356
|switch|p2b: Kommo-o|Kommo-o, L50, F|100/100|[from] Parting Shot
|
|upkeep
|turn|6
|inactive|grfynnvgc has 30 seconds left.
|
|t:|1785472383
|move|p1b: Sneasler|Protect|p1b: Sneasler
|-singleturn|p1b: Sneasler|Protect
|move|p2a: Gengar|Protect|p2a: Gengar
|-singleturn|p2a: Gengar|Protect
|move|p1a: Overqwil|Throat Chop|p2a: Gengar
|-activate|p2a: Gengar|move: Protect
|move|p2b: Kommo-o|Clangorous Soul|p2b: Kommo-o
|-boost|p2b: Kommo-o|atk|1
|-boost|p2b: Kommo-o|def|1
|-boost|p2b: Kommo-o|spa|1
|-boost|p2b: Kommo-o|spd|1
|-boost|p2b: Kommo-o|spe|1
|-damage|p2b: Kommo-o|67/100
|
|-heal|p2b: Kommo-o|73/100|[from] item: Leftovers
|-end|p2a: Gengar|Throat Chop|[silent]
|upkeep
|turn|7
|inactive|grfynnvgc has 30 seconds left.
|
|t:|1785472413
|move|p1b: Sneasler|Dire Claw|p2b: Kommo-o
|-crit|p2b: Kommo-o
|-damage|p2b: Kommo-o|5/100
|move|p1a: Overqwil|Throat Chop|p2a: Gengar
|-supereffective|p2a: Gengar|1
|-damage|p2a: Gengar|0 fnt
|faint|p2a: Gengar
|move|p2b: Kommo-o|Clanging Scales|p1a: Overqwil|[spread] p1a,p1b
|-damage|p1a: Overqwil|0 fnt
|-damage|p1b: Sneasler|0 fnt
|faint|p1a: Overqwil
|faint|p1b: Sneasler
|-unboost|p2b: Kommo-o|def|1
|
|-heal|p2b: Kommo-o|10/100|[from] item: Leftovers
|upkeep
|
|t:|1785472427
|switch|p1b: Sceptile|Sceptile, L50, F|100/100
|switch|p2a: Vivillon|Vivillon, L50, M|100/100
|switch|p1a: Aegislash|Aegislash, L50, F|100/100
|turn|8
|
|t:|1785472436
|detailschange|p1b: Sceptile|Sceptile-Mega, L50, F
|-mega|p1b: Sceptile|Sceptile|Sceptilite
|move|p1b: Sceptile|Protect|p1b: Sceptile
|-singleturn|p1b: Sceptile|Protect
|move|p2a: Vivillon|Rage Powder|p2a: Vivillon
|-singleturn|p2a: Vivillon|move: Rage Powder
|-formechange|p1a: Aegislash|Aegislash-Blade|
|move|p1a: Aegislash|Shadow Sneak|p2a: Vivillon
|-damage|p2a: Vivillon|56/100
|move|p2b: Kommo-o|Clanging Scales|p1a: Aegislash|[spread] p1a
|-activate|p1b: Sceptile|move: Protect
|-resisted|p1a: Aegislash|1
|-damage|p1a: Aegislash|48/100
|-unboost|p2b: Kommo-o|def|1
|
|-heal|p2b: Kommo-o|16/100|[from] item: Leftovers
|-heal|p1a: Aegislash|54/100|[from] item: Leftovers
|upkeep
|turn|9
|
|t:|1785472453
|-formechange|p1a: Aegislash|Aegislash|
|move|p1a: Aegislash|King's Shield|p1a: Aegislash
|-singleturn|p1a: Aegislash|Protect
|move|p2a: Vivillon|Rage Powder|p2a: Vivillon
|-singleturn|p2a: Vivillon|move: Rage Powder
|move|p2b: Kommo-o|Clanging Scales|p1a: Aegislash|[spread] p1b
|-activate|p1a: Aegislash|move: Protect
|-supereffective|p1b: Sceptile|1
|-damage|p1b: Sceptile|0 fnt
|faint|p1b: Sceptile
|-unboost|p2b: Kommo-o|def|1
|
|-heal|p2b: Kommo-o|22/100|[from] item: Leftovers
|-heal|p1a: Aegislash|60/100|[from] item: Leftovers
|upkeep
|turn|10
|
|t:|1785472469
|move|p2a: Vivillon|Rage Powder|p2a: Vivillon
|-singleturn|p2a: Vivillon|move: Rage Powder
|move|p2b: Kommo-o|Clanging Scales|p1a: Aegislash
|-resisted|p1a: Aegislash|1
|-damage|p1a: Aegislash|25/100
|-unboost|p2b: Kommo-o|def|1
|-formechange|p1a: Aegislash|Aegislash-Blade|
|move|p1a: Aegislash|Iron Head|p2a: Vivillon
|-damage|p2a: Vivillon|0 fnt
|faint|p2a: Vivillon
|
|-heal|p2b: Kommo-o|28/100|[from] item: Leftovers
|-heal|p1a: Aegislash|31/100|[from] item: Leftovers
|upkeep
|
|t:|1785472484
|switch|p2a: Incineroar|Incineroar, L50, M|22/100 psn
|-ability|p2a: Incineroar|Intimidate|boost
|-unboost|p1a: Aegislash|atk|1
|turn|11
|
|t:|1785472492
|-formechange|p1a: Aegislash|Aegislash|
|move|p1a: Aegislash|King's Shield|p1a: Aegislash
|-singleturn|p1a: Aegislash|Protect
|move|p2b: Kommo-o|Clanging Scales|p1a: Aegislash
|-activate|p1a: Aegislash|move: Protect
|move|p2a: Incineroar|Throat Chop|p1a: Aegislash
|-activate|p1a: Aegislash|move: Protect
|-unboost|p2a: Incineroar|atk|1
|
|-heal|p2b: Kommo-o|33/100|[from] item: Leftovers
|-heal|p1a: Aegislash|37/100|[from] item: Leftovers
|-damage|p2a: Incineroar|9/100 psn|[from] psn
|upkeep
|turn|12
|
|t:|1785472505
|-formechange|p1a: Aegislash|Aegislash-Blade|
|move|p1a: Aegislash|Shadow Sneak|p2b: Kommo-o
|-damage|p2b: Kommo-o|0 fnt
|faint|p2b: Kommo-o
|move|p2a: Incineroar|Throat Chop|p1a: Aegislash
|-supereffective|p1a: Aegislash|1
|-damage|p1a: Aegislash|0 fnt
|faint|p1a: Aegislash
|
|win|grfynnvgc
|raw|flitrxy's rating: 1040 → 1031(-9 for losing)
|raw|grfynnvgc's rating: 1198 → 1212(+14 for winning)
