|j|☆Owez08
|j|☆XerneusVGC
|html|Owez08XerneusVGC    
|uhtml|bestof|Game 1 of a best-of-3
|t:|1784055830
|gametype|doubles
|player|p1|Owez08|miku-psychic|
|player|p2|XerneusVGC|grusha|
|gen|9
|tier|[Gen 9 Champions] VGC 2026 Reg M-B (Bo3)
|rule|Species Clause: Limit one of each Pokémon
|rule|Item Clause: Limit 1 of each item
|clearpoke
|poke|p1|Delphox, L50, F|
|poke|p1|Incineroar, L50, F, shiny|
|poke|p1|Sinistcha, L50|
|poke|p1|Maushold, L50|
|poke|p1|Blastoise, L50, F|
|poke|p1|Sneasler, L50, M|
|poke|p2|Grimmsnarl, L50, M|
|poke|p2|Venusaur, L50, F|
|poke|p2|Garchomp, L50, F|
|poke|p2|Incineroar, L50, M|
|poke|p2|Gholdengo, L50|
|poke|p2|Hydreigon, L50, F|
|teampreview|4
|showteam|p1|Delphox||Delphoxite|Blaze|Protect,NastyPlot,HeatWave,Psyshock|Modest||F|||50|]Incineroar||PasshoBerry|Intimidate|FlareBlitz,FakeOut,DarkestLariat,PartingShot|Impish||F|||50|]Sinistcha||KasibBerry|Hospitality|Protect,MatchaGotcha,RagePowder,LifeDew|Bold|||||50|]Maushold||FocusSash|FriendGuard|Protect,SuperFang,FollowMe,Feint|Jolly|||||50|]Blastoise||Blastoisinite|RainDish|Protect,ShellSmash,WaterSpout,DarkPulse|Modest||F|||50|]Sneasler||WhiteHerb|Unburden|Protect,FakeOut,GunkShot,CloseCombat|Jolly||M|||50|
|showteam|p2|Grimmsnarl||LightClay|Prankster|SpiritBreak,Reflect,LightScreen,PartingShot|Careful||M|||50|]Venusaur||Venusaurite|Chlorophyll|SludgeBomb,GigaDrain,LeechSeed,Protect|Calm||F|||50|]Garchomp||LifeOrb|RoughSkin|StompingTantrum,DragonClaw,RockSlide,Protect|Jolly||F|||50|]Incineroar||SitrusBerry|Intimidate|FlareBlitz,ThroatChop,PartingShot,FakeOut|Impish||M|||50|]Gholdengo||SpellTag|GoodasGold|MakeItRain,ShadowBall,NastyPlot,Protect|Modest|||||50|]Hydreigon||ChoiceScarf|Levitate|DracoMeteor,DarkPulse,EarthPower,Snarl|Modest||F|||50|
|c|☆Owez08|gl hf
|c|☆XerneusVGC|hfhf
|j| RadiantSteelix
|j| axolottiee
|
|t:|1784055911
|teamsize|p1|4
|teamsize|p2|4
|start
|switch|p1a: Blastoise|Blastoise, L50, F|100/100
|switch|p1b: Sneasler|Sneasler, L50, M|100/100
|switch|p2a: Grimmsnarl|Grimmsnarl, L50, M|100/100
|switch|p2b: Venusaur|Venusaur, L50, F|100/100
|turn|1
|j| splash2ndcousin
|j| PokeReplaysVGC
|
|t:|1784055946
|detailschange|p1a: Blastoise|Blastoise-Mega, L50, F
|-mega|p1a: Blastoise|Blastoise|Blastoisinite
|detailschange|p2b: Venusaur|Venusaur-Mega, L50, F
|-mega|p2b: Venusaur|Venusaur|Venusaurite
|move|p1b: Sneasler|Fake Out|p2b: Venusaur
|-damage|p2b: Venusaur|91/100
|move|p2a: Grimmsnarl|Reflect|p2a: Grimmsnarl
|-sidestart|p2: XerneusVGC|Reflect
|move|p1a: Blastoise|Shell Smash|p1a: Blastoise
|-unboost|p1a: Blastoise|def|1
|-unboost|p1a: Blastoise|spd|1
|-boost|p1a: Blastoise|atk|2
|-boost|p1a: Blastoise|spa|2
|-boost|p1a: Blastoise|spe|2
|cant|p2b: Venusaur|flinch
|
|upkeep
|turn|2
|j| FBISurveillanceMan
|l| splash2ndcousin
|l| axolottiee
|j| axolottiee
|
|t:|1784055986
|move|p2a: Grimmsnarl|Light Screen|p2a: Grimmsnarl
|-sidestart|p2: XerneusVGC|move: Light Screen
|move|p1a: Blastoise|Water Spout|p2a: Grimmsnarl|[spread] p2a,p2b
|-resisted|p2b: Venusaur|1
|-damage|p2a: Grimmsnarl|25/100
|-damage|p2b: Venusaur|64/100
|move|p1b: Sneasler|Gunk Shot|p2b: Venusaur
|-damage|p2b: Venusaur|37/100
|move|p2b: Venusaur|Giga Drain|p1a: Blastoise
|-supereffective|p1a: Blastoise|1
|-damage|p1a: Blastoise|3/100
|-heal|p2b: Venusaur|77/100|[from] drain|[of] p1a: Blastoise
|
|upkeep
|turn|3
|j| IkeFAR
|j| splash2ndcousin
|j| Aox93
|
|t:|1784056028
|switch|p1b: Sinistcha|Sinistcha, L50|100/100
|-heal|p1a: Blastoise|28/100|[from] ability: Hospitality|[of] p1b: Sinistcha
|move|p1a: Blastoise|Protect|p1a: Blastoise
|-singleturn|p1a: Blastoise|Protect
|move|p2b: Venusaur|Giga Drain|p1a: Blastoise
|-activate|p1a: Blastoise|move: Protect
|move|p2a: Grimmsnarl|Spirit Break|p1a: Blastoise
|-activate|p1a: Blastoise|move: Protect
|
|upkeep
|turn|4
|l| Aox93
|j| Aox93
|j| runeking6573
|j| the gong lady
|
|t:|1784056105
|move|p1b: Sinistcha|Rage Powder|p1b: Sinistcha
|-singleturn|p1b: Sinistcha|move: Rage Powder
|move|p2a: Grimmsnarl|Parting Shot|p1b: Sinistcha
|-unboost|p1b: Sinistcha|atk|1
|-unboost|p1b: Sinistcha|spa|1
|
|t:|1784056111
|switch|p2a: Hydreigon|Hydreigon, L50, F|100/100|[from] Parting Shot
|move|p1a: Blastoise|Shell Smash|p1a: Blastoise
|-unboost|p1a: Blastoise|def|1
|-unboost|p1a: Blastoise|spd|1
|-boost|p1a: Blastoise|atk|2
|-boost|p1a: Blastoise|spa|2
|-boost|p1a: Blastoise|spe|2
|move|p2b: Venusaur|Giga Drain|p1a: Blastoise
|-supereffective|p1a: Blastoise|1
|-damage|p1a: Blastoise|0 fnt
|-heal|p2b: Venusaur|89/100|[from] drain|[of] p1a: Blastoise
|faint|p1a: Blastoise
|
|upkeep
|l| FBISurveillanceMan
|
|t:|1784056142
|switch|p1a: Sneasler|Sneasler, L50, M|100/100
|turn|5
|l| axolottiee
|
|t:|1784056156
|switch|p2a: Gholdengo|Gholdengo, L50|100/100
|move|p1b: Sinistcha|Rage Powder|p1b: Sinistcha
|-singleturn|p1b: Sinistcha|move: Rage Powder
|move|p1a: Sneasler|Close Combat|p2a: Gholdengo
|-immune|p2a: Gholdengo
|move|p2b: Venusaur|Leech Seed|p1a: Sneasler
|-start|p1a: Sneasler|move: Leech Seed
|
|-damage|p1a: Sneasler|87/100|[from] Leech Seed|[of] p2b: Venusaur
|-heal|p2b: Venusaur|100/100|[silent]
|upkeep
|turn|6
|
|t:|1784056173
|switch|p1a: Incineroar|Incineroar, L50, F, shiny|100/100
|-ability|p1a: Incineroar|Intimidate|boost
|-unboost|p2a: Gholdengo|atk|1
|-unboost|p2b: Venusaur|atk|1
|move|p2a: Gholdengo|Nasty Plot|p2a: Gholdengo
|-boost|p2a: Gholdengo|spa|2
|move|p2b: Venusaur|Sludge Bomb|p1b: Sinistcha
|-damage|p1b: Sinistcha|64/100
|-status|p1b: Sinistcha|psn
|move|p1b: Sinistcha|Matcha Gotcha|p2a: Gholdengo|[spread] p2a,p2b
|-resisted|p2a: Gholdengo|1
|-resisted|p2b: Venusaur|2
|-damage|p2a: Gholdengo|94/100
|-heal|p1b: Sinistcha|67/100 psn|[from] drain|[of] p2a: Gholdengo
|-damage|p2b: Venusaur|98/100
|-heal|p1b: Sinistcha|68/100 psn|[from] drain|[of] p2b: Venusaur
|
|-damage|p1b: Sinistcha|56/100 psn|[from] psn
|upkeep
|turn|7
|l| Aox93
|j| Aox93
|j| axolottiee
|
|t:|1784056220
|move|p2a: Gholdengo|Protect|p2a: Gholdengo
|-singleturn|p2a: Gholdengo|Protect
|move|p1b: Sinistcha|Protect|p1b: Sinistcha
|-singleturn|p1b: Sinistcha|Protect
|move|p2b: Venusaur|Leech Seed|p1a: Incineroar
|-start|p1a: Incineroar|move: Leech Seed
|move|p1a: Incineroar|Flare Blitz|p2a: Gholdengo
|-activate|p2a: Gholdengo|move: Protect
|
|-damage|p1a: Incineroar|87/100|[from] Leech Seed|[of] p2b: Venusaur
|-heal|p2b: Venusaur|100/100|[silent]
|-damage|p1b: Sinistcha|43/100 psn|[from] psn
|upkeep
|turn|8
|
|t:|1784056239
|move|p2a: Gholdengo|Make It Rain|p1b: Sinistcha|[spread] p1a,p1b
|-resisted|p1a: Incineroar|1
|-damage|p1a: Incineroar|38/100
|-damage|p1b: Sinistcha|0 fnt
|-unboost|p2a: Gholdengo|spa|2
|faint|p1b: Sinistcha
|move|p2b: Venusaur|Sludge Bomb|p1a: Incineroar
|-damage|p1a: Incineroar|1/100
|-status|p1a: Incineroar|psn
|move|p1a: Incineroar|Flare Blitz|p2a: Gholdengo
|-supereffective|p2a: Gholdengo|1
|-damage|p2a: Gholdengo|32/100
|-damage|p1a: Incineroar|0 fnt|[from] Recoil
|faint|p1a: Incineroar
|
|-sideend|p2: XerneusVGC|Reflect
|upkeep
|l| axolottiee
|
|t:|1784056251
|switch|p1b: Sneasler|Sneasler, L50, M|87/100
|turn|9
|
|t:|1784056254
|move|p1b: Sneasler|Gunk Shot|p2b: Venusaur
|-damage|p2b: Venusaur|66/100
|move|p2a: Gholdengo|Shadow Ball|p1b: Sneasler
|-damage|p1b: Sneasler|22/100
|move|p2b: Venusaur|Leech Seed|p1b: Sneasler|[miss]
|-miss|p2b: Venusaur|p1b: Sneasler
|
|-sideend|p2: XerneusVGC|move: Light Screen
|upkeep
|turn|10
|j| axolottiee
|
|t:|1784056263
|move|p1b: Sneasler|Gunk Shot|p2b: Venusaur
|-damage|p2b: Venusaur|27/100
|move|p2a: Gholdengo|Shadow Ball|p1b: Sneasler
|-damage|p1b: Sneasler|0 fnt
|faint|p1b: Sneasler
|
|win|XerneusVGC
||Owez08 is ready for game 2.
||XerneusVGC is ready for game 2.
|uhtml|next|Next: Game 2 of 3
|l| Aox93
|l| PokeReplaysVGC
|l| axolottiee
|l| splash2ndcousin
