|j|☆javivaarela
|j|☆Dmb3r
|html|javivaarelaDmb3r    
|uhtml|bestof|Game 1 of a best-of-3
|t:|1783331473
|gametype|doubles
|player|p1|javivaarela|102|1079
|player|p2|Dmb3r|266|1151
|gen|9
|tier|[Gen 9 Champions] VGC 2026 Reg M-B (Bo3)
|rated|
|rule|Species Clause: Limit one of each Pokémon
|rule|Item Clause: Limit 1 of each item
|clearpoke
|poke|p1|Blastoise, L50, F|
|poke|p1|Delphox, L50, F|
|poke|p1|Incineroar, L50, M|
|poke|p1|Sneasler, L50, M|
|poke|p1|Sinistcha, L50|
|poke|p1|Maushold-Four, L50|
|poke|p2|Tyranitar, L50, M|
|poke|p2|Excadrill, L50, M|
|poke|p2|Sinistcha, L50|
|poke|p2|Farigiraf, L50, M|
|poke|p2|Sylveon, L50, M|
|poke|p2|Scrafty, L50, M|
|teampreview|4
|showteam|p1|Blastoise||Blastoisinite|RainDish|WaterSpout,DarkPulse,ShellSmash,Protect|Modest||F|||50|]Delphox||Delphoxite|Blaze|HeatWave,Psyshock,NastyPlot,Protect|Timid||F|||50|]Incineroar||SitrusBerry|Intimidate|FakeOut,FlareBlitz,ThroatChop,PartingShot|Impish||M|||50|]Sneasler||FocusSash|PoisonTouch|FakeOut,CloseCombat,DireClaw,QuickGuard|Jolly||M|||50|]Sinistcha||KasibBerry|Hospitality|MatchaGotcha,LifeDew,RagePowder,Protect|Bold|||||50|]Maushold-Four||ChopleBerry|FriendGuard|SuperFang,Feint,FollowMe,Protect|Impish|||||50|
|showteam|p2|Tyranitar||Tyranitarite|SandStream|RockSlide,KnockOff,LowKick,Protect|Brave||M|||50|]Excadrill||LifeOrb|SandRush|IronHead,Earthquake,HighHorsepower,Protect|Adamant||M|||50|]Sinistcha||SitrusBerry|Hospitality|MatchaGotcha,ShadowBall,RagePowder,TrickRoom|Relaxed|||||50|]Farigiraf||ColburBerry|ArmorTail|TwinBeam,Thunderbolt,TrickRoom,HelpingHand|Bold||M|||50|]Sylveon||FairyFeather|Pixilate|HyperVoice,HyperBeam,QuickAttack,Detect|Quiet||M|||50|]Scrafty||Scraftinite|Intimidate|FakeOut,DrainPunch,KnockOff,IcePunch|Brave||M|||50|
|inactive|Battle timer is ON: inactive players will automatically lose when time's up. (requested by Dmb3r)
|inactive|javivaarela has 60 seconds left.
|
|t:|1783331542
|teamsize|p1|4
|teamsize|p2|4
|start
|switch|p1a: Blastoise|Blastoise, L50, F|100/100
|switch|p1b: Incineroar|Incineroar, L50, M|100/100
|switch|p2a: Scrafty|Scrafty, L50, M|100/100
|switch|p2b: Farigiraf|Farigiraf, L50, M|100/100
|-ability|p1b: Incineroar|Intimidate|boost
|-unboost|p2a: Scrafty|atk|1
|-unboost|p2b: Farigiraf|atk|1
|-ability|p2a: Scrafty|Intimidate|boost
|-unboost|p1a: Blastoise|atk|1
|-unboost|p1b: Incineroar|atk|1
|turn|1
|
|t:|1783331560
|move|p1a: Blastoise|Protect|p1a: Blastoise
|-singleturn|p1a: Blastoise|Protect
|move|p2a: Scrafty|Fake Out|p1a: Blastoise
|-activate|p1a: Blastoise|move: Protect
|move|p1b: Incineroar|Parting Shot|p2b: Farigiraf
|-unboost|p2b: Farigiraf|atk|1
|-unboost|p2b: Farigiraf|spa|1
|
|t:|1783331571
|switch|p1b: Maushold|Maushold-Four, L50|100/100|[from] Parting Shot
|move|p2b: Farigiraf|Trick Room|p2b: Farigiraf
|-fieldstart|move: Trick Room|[of] p2b: Farigiraf
|
|upkeep
|turn|2
|
|t:|1783331585
|detailschange|p1a: Blastoise|Blastoise-Mega, L50, F
|-mega|p1a: Blastoise|Blastoise|Blastoisinite
|move|p1b: Maushold|Follow Me|p1b: Maushold
|-singleturn|p1b: Maushold|move: Follow Me
|move|p2a: Scrafty|Drain Punch|p1b: Maushold
|-supereffective|p1b: Maushold|1
|-enditem|p1b: Maushold|Chople Berry|[eat]
|-enditem|p1b: Maushold|Chople Berry|[weaken]
|-damage|p1b: Maushold|78/100
|move|p2b: Farigiraf|Twin Beam|p1b: Maushold
|-damage|p1b: Maushold|67/100
|-damage|p1b: Maushold|58/100
|-hitcount|p1b: Maushold|2
|move|p1a: Blastoise|Shell Smash|p1a: Blastoise
|-unboost|p1a: Blastoise|def|1
|-unboost|p1a: Blastoise|spd|1
|-boost|p1a: Blastoise|atk|2
|-boost|p1a: Blastoise|spa|2
|-boost|p1a: Blastoise|spe|2
|
|upkeep
|turn|3
|inactive|javivaarela has 30 seconds left.
|inactive|javivaarela has 20 seconds left.
|inactive|javivaarela has 15 seconds left.
|inactive|javivaarela has 10 seconds left.
|
|t:|1783331634
|switch|p1b: Sinistcha|Sinistcha, L50|100/100
|move|p1a: Blastoise|Protect|p1a: Blastoise
|-singleturn|p1a: Blastoise|Protect
|move|p2a: Scrafty|Drain Punch|p1b: Sinistcha
|-immune|p1b: Sinistcha
|move|p2b: Farigiraf|Thunderbolt|p1a: Blastoise
|-activate|p1a: Blastoise|move: Protect
|
|upkeep
|turn|4
|inactive|Dmb3r has 30 seconds left.
|
|t:|1783331668
|move|p2b: Farigiraf|Helping Hand|p2a: Scrafty
|-singleturn|p2a: Scrafty|Helping Hand|[of] p2b: Farigiraf
|move|p1b: Sinistcha|Rage Powder|p1b: Sinistcha
|-singleturn|p1b: Sinistcha|move: Rage Powder
|move|p2a: Scrafty|Knock Off|p1b: Sinistcha
|-supereffective|p1b: Sinistcha|1
|-damage|p1b: Sinistcha|22/100
|-enditem|p1b: Sinistcha|Kasib Berry|[from] move: Knock Off|[of] p2a: Scrafty
|move|p1a: Blastoise|Water Spout|p2b: Farigiraf|[spread] p2a,p2b
|-damage|p2a: Scrafty|0 fnt
|-damage|p2b: Farigiraf|0 fnt
|faint|p2a: Scrafty
|faint|p2b: Farigiraf
|
|upkeep
|
|t:|1783331673
|switch|p2a: Tyranitar|Tyranitar, L50, M|100/100
|switch|p2b: Sylveon|Sylveon, L50, M|100/100
|-weather|Sandstorm|[from] ability: Sand Stream|[of] p2a: Tyranitar
|turn|5
|
|t:|1783331686
|switch|p1b: Incineroar|Incineroar, L50, M|100/100
|-ability|p1b: Incineroar|Intimidate|boost
|-unboost|p2a: Tyranitar|atk|1
|-unboost|p2b: Sylveon|atk|1
|move|p1a: Blastoise|Protect|p1a: Blastoise
|-singleturn|p1a: Blastoise|Protect
|move|p2a: Tyranitar|Knock Off|p1a: Blastoise
|-activate|p1a: Blastoise|move: Protect
|move|p2b: Sylveon|Hyper Voice|p1b: Incineroar|[spread] p1b
|-activate|p1a: Blastoise|move: Protect
|-damage|p1b: Incineroar|53/100
|
|-weather|Sandstorm|[upkeep]
|-damage|p2b: Sylveon|94/100|[from] Sandstorm
|-damage|p1b: Incineroar|47/100|[from] Sandstorm
|-damage|p1a: Blastoise|94/100|[from] Sandstorm
|-enditem|p1b: Incineroar|Sitrus Berry|[eat]
|-heal|p1b: Incineroar|72/100|[from] item: Sitrus Berry
|-fieldend|move: Trick Room
|upkeep
|turn|6
|
|t:|1783331698
|switch|p1b: Sinistcha|Sinistcha, L50|22/100
|-heal|p1a: Blastoise|100/100|[from] ability: Hospitality|[of] p1b: Sinistcha
|move|p2a: Tyranitar|Protect|p2a: Tyranitar
|-singleturn|p2a: Tyranitar|Protect
|move|p2b: Sylveon|Detect|p2b: Sylveon
|-singleturn|p2b: Sylveon|Protect
|move|p1a: Blastoise|Water Spout|p2b: Sylveon|[spread] 
|-activate|p2a: Tyranitar|move: Protect
|-activate|p2b: Sylveon|move: Protect
|
|-weather|Sandstorm|[upkeep]
|-damage|p1a: Blastoise|94/100|[from] Sandstorm
|-damage|p1b: Sinistcha|16/100|[from] Sandstorm
|-damage|p2b: Sylveon|88/100|[from] Sandstorm
|upkeep
|turn|7
|
|t:|1783331713
|detailschange|p2a: Tyranitar|Tyranitar-Mega, L50, M
|-mega|p2a: Tyranitar|Tyranitar|Tyranitarite
|move|p1a: Blastoise|Water Spout|p2a: Tyranitar|[spread] p2a,p2b
|-supereffective|p2a: Tyranitar|1
|-crit|p2b: Sylveon
|-damage|p2a: Tyranitar|0 fnt
|-damage|p2b: Sylveon|0 fnt
|faint|p2a: Tyranitar
|faint|p2b: Sylveon
|
|win|javivaarela
