|j|☆d_malicious
|j|☆artyowls
|html|d_maliciousartyowls    
|uhtml|bestof|Game 3 of a best-of-3
|t:|1756471618
|gametype|doubles
|player|p1|d_malicious|170|1164
|player|p2|artyowls|plasmagrunt|1101
|gen|9
|tier|[Gen 9] VGC 2025 Reg H (Bo3)
|rated|
|rule|Species Clause: Limit one of each Pokémon
|rule|Item Clause: Limit 1 of each item
|clearpoke
|poke|p1|Dragonite, L50, M|
|poke|p1|Whimsicott, L50, F|
|poke|p1|Arcanine-Hisui, L50, M|
|poke|p1|Rillaboom, L50, F|
|poke|p1|Torkoal, L50, M|
|poke|p1|Archaludon, L50, M|
|poke|p2|Archaludon, L50, F|
|poke|p2|Electabuzz, L50, M|
|poke|p2|Rillaboom, L50, F|
|poke|p2|Kingambit, L50, F|
|poke|p2|Pelipper, L50, M|
|poke|p2|Dragapult, L50, M|
|teampreview|4
|showteam|p1|Dragonite||ChoiceBand|InnerFocus|ExtremeSpeed,Outrage,LowKick,StompingTantrum|||M|||50|,,,,,Normal]Whimsicott||CovertCloak|Prankster|Tailwind,Moonblast,TrickRoom,Encore|||F|||50|,,,,,Water]Arcanine-Hisui||ClearAmulet|Intimidate|RockSlide,FlareBlitz,ExtremeSpeed,Protect|||M|||50|,,,,,Dragon]Rillaboom||AssaultVest|GrassySurge|GrassyGlide,HighHorsepower,FakeOut,Uturn|||F|||50|,,,,,Grass]Torkoal||EjectPack|Drought|Protect,Eruption,Overheat,HelpingHand|||M|||50|,,,,,Fire]Archaludon||PowerHerb|Sturdy|Protect,ElectroShot,FlashCannon,DragonPulse|||M|||50|,,,,,Electric
|showteam|p2|Archaludon||AssaultVest|Stamina|BodyPress,ElectroShot,DracoMeteor,FlashCannon|||F|||50|,,,,,Flying]Electabuzz||Eviolite|VitalSpirit|FollowMe,Protect,Taunt,Thunderbolt|||M|||50|,,,,,Fairy]Rillaboom||LoadedDice|GrassySurge|FakeOut,GrassyGlide,BulletSeed,HighHorsepower|||F|||50|,,,,,Water]Kingambit||SafetyGoggles|Defiant|SuckerPunch,SwordsDance,KowtowCleave,Protect|||F|||50|,,,,,Dark]Pelipper||FocusSash|Drizzle|Hurricane,WeatherBall,Protect,Tailwind|||M|||50|,,,,,Stellar]Dragapult||ChoiceBand|ClearBody|DragonDarts,PhantomForce,Outrage,Uturn|||M|||50|,,,,,Dragon
|inactive|Battle timer is ON: inactive players will automatically lose when time's up. (requested by d_malicious)
|
|t:|1756471682
|teamsize|p1|4
|teamsize|p2|4
|start
|switch|p1a: Dragonite|Dragonite, L50, M|100/100
|switch|p1b: Whimsicott|Whimsicott, L50, F|100/100
|switch|p2a: Electabuzz|Electabuzz, L50, M|100/100
|switch|p2b: Dragapult|Dragapult, L50, M|100/100
|turn|1
|inactive|artyowls has 30 seconds left.
|inactive|artyowls has 20 seconds left.
|inactive|artyowls has 15 seconds left.
|inactive|artyowls has 10 seconds left.
|
|t:|1756471729
|-terastallize|p2b: Dragapult|Dragon
|-terastallize|p1a: Dragonite|Normal
|move|p2a: Electabuzz|Follow Me|p2a: Electabuzz
|-singleturn|p2a: Electabuzz|move: Follow Me
|move|p2b: Dragapult|Dragon Darts|p1a: Dragonite
|-crit|p1a: Dragonite
|-damage|p1a: Dragonite|21/100
|-anim|p2b: Dragapult|Dragon Darts|p1a: Dragonite
|-damage|p1a: Dragonite|0 fnt
|faint|p1a: Dragonite
|move|p1b: Whimsicott|Trick Room|p1b: Whimsicott
|-fieldstart|move: Trick Room|[of] p1b: Whimsicott
|
|upkeep
|
|t:|1756471736
|switch|p1a: Torkoal|Torkoal, L50, M|100/100
|-weather|SunnyDay|[from] ability: Drought|[of] p1a: Torkoal
|turn|2
|inactive|artyowls has 30 seconds left.
|inactive|artyowls has 20 seconds left.
|inactive|artyowls has 15 seconds left.
|
|t:|1756471780
|switch|p2b: Archaludon|Archaludon, L50, F|100/100
|move|p2a: Electabuzz|Protect|p2a: Electabuzz
|-singleturn|p2a: Electabuzz|Protect
|move|p1a: Torkoal|Overheat|p2b: Archaludon
|-damage|p2b: Archaludon|46/100
|-unboost|p1a: Torkoal|spa|2
|-ability|p2b: Archaludon|Stamina|boost
|-boost|p2b: Archaludon|def|1
|-enditem|p1a: Torkoal|Eject Pack
|
|t:|1756471791
|switch|p1a: Archaludon|Archaludon, L50, M|100/100
|move|p1b: Whimsicott|Moonblast|p2b: Archaludon
|-crit|p2b: Archaludon
|-damage|p2b: Archaludon|8/100
|-unboost|p2b: Archaludon|spa|1
|-ability|p2b: Archaludon|Stamina|boost
|-boost|p2b: Archaludon|def|1
|
|-weather|SunnyDay|[upkeep]
|upkeep
|turn|3
|inactive|artyowls has 30 seconds left.
|
|t:|1756471818
|move|p2a: Electabuzz|Follow Me|p2a: Electabuzz
|-singleturn|p2a: Electabuzz|move: Follow Me
|move|p1b: Whimsicott|Encore|p2a: Electabuzz
|-start|p2a: Electabuzz|Encore
|move|p1a: Archaludon|Electro Shot||[still]
|-prepare|p1a: Archaludon|Electro Shot
|-boost|p1a: Archaludon|spa|1
|-enditem|p1a: Archaludon|Power Herb
|-anim|p1a: Archaludon|Electro Shot|p2a: Electabuzz
|-resisted|p2a: Electabuzz
|-damage|p2a: Electabuzz|71/100
|move|p2b: Archaludon|Body Press|p1a: Archaludon
|-supereffective|p1a: Archaludon
|-damage|p1a: Archaludon|31/100
|
|-weather|SunnyDay|[upkeep]
|upkeep
|turn|4
|inactive|artyowls has 30 seconds left.
|
|t:|1756471852
|move|p2a: Electabuzz|Follow Me|p2a: Electabuzz
|-singleturn|p2a: Electabuzz|move: Follow Me
|move|p1a: Archaludon|Dragon Pulse|p2a: Electabuzz
|-damage|p2a: Electabuzz|20/100
|move|p2b: Archaludon|Body Press|p1a: Archaludon
|-supereffective|p1a: Archaludon
|-damage|p1a: Archaludon|0 fnt
|faint|p1a: Archaludon
|move|p1b: Whimsicott|Moonblast|p2a: Electabuzz
|-damage|p2a: Electabuzz|0 fnt
|faint|p2a: Electabuzz
|
|-weather|SunnyDay|[upkeep]
|upkeep
|
|t:|1756471866
|switch|p1a: Torkoal|Torkoal, L50, M|100/100
|switch|p2a: Kingambit|Kingambit, L50, F|100/100
|turn|5
|inactive|artyowls has 30 seconds left.
|
|t:|1756471894
|move|p2a: Kingambit|Protect|p2a: Kingambit
|-singleturn|p2a: Kingambit|Protect
|move|p1a: Torkoal|Eruption|p2b: Archaludon|[spread] p2b
|-activate|p2a: Kingambit|move: Protect
|-damage|p2b: Archaludon|0 fnt
|faint|p2b: Archaludon
|move|p1b: Whimsicott|Moonblast|p2a: Kingambit
|-activate|p2a: Kingambit|move: Protect
|
|-weather|SunnyDay|[upkeep]
|-fieldend|move: Trick Room
|upkeep
|
|t:|1756471905
|switch|p2b: Dragapult|Dragapult, L50, M, tera:Dragon|100/100
|turn|6
|inactive|artyowls has 30 seconds left.
|
|t:|1756471931
|move|p1a: Torkoal|Protect|p1a: Torkoal
|-singleturn|p1a: Torkoal|Protect
|move|p2a: Kingambit|Sucker Punch||[still]
|-fail|p2a: Kingambit
|move|p2b: Dragapult|Dragon Darts|p1a: Torkoal
|-immune|p1b: Whimsicott
|move|p1b: Whimsicott|Trick Room|p1b: Whimsicott
|-fieldstart|move: Trick Room|[of] p1b: Whimsicott
|
|-weather|none
|upkeep
|turn|7
|
|t:|1756471955
|move|p2a: Kingambit|Sucker Punch|p1a: Torkoal
|-damage|p1a: Torkoal|66/100
|move|p1a: Torkoal|Overheat|p2a: Kingambit
|-supereffective|p2a: Kingambit
|-damage|p2a: Kingambit|0 fnt
|-unboost|p1a: Torkoal|spa|2
|faint|p2a: Kingambit
|move|p1b: Whimsicott|Moonblast|p2b: Dragapult
|-supereffective|p2b: Dragapult
|-damage|p2b: Dragapult|0 fnt
|faint|p2b: Dragapult
|
|win|d_malicious
|raw|d_malicious's rating: 1164 → 1185(+21 for winning)
|raw|artyowls's rating: 1101 → 1080(-21 for losing)
|c|☆d_malicious|gg wp
|l|☆artyowls
|player|p2|
|l|☆d_malicious
|player|p1|
|j|☆artyowls
|player|p2|artyowls|plasmagrunt|
