|j|☆johx123
|j|☆Raksbach123
|html|johx123Raksbach123    
|uhtml|bestof|Game 2 of a best-of-3
|t:|1784620438
|gametype|doubles
|player|p1|johx123|102|1085
|player|p2|Raksbach123|265|1041
|gen|9
|tier|[Gen 9 Champions] VGC 2026 Reg M-B (Bo3)
|rated|
|rule|Species Clause: Limit one of each Pokémon
|rule|Item Clause: Limit 1 of each item
|clearpoke
|poke|p1|Farigiraf, L50, F|
|poke|p1|Staraptor, L50, M|
|poke|p1|Torkoal, L50, F|
|poke|p1|Blastoise, L50, F|
|poke|p1|Gardevoir, L50, M|
|poke|p1|Kingambit, L50, F|
|poke|p2|Incineroar, L50, F|
|poke|p2|Kingambit, L50, M|
|poke|p2|Sinistcha, L50|
|poke|p2|Sneasler, L50, F|
|poke|p2|Blastoise, L50, M|
|poke|p2|Delphox, L50, F|
|teampreview|4
|showteam|p1|Farigiraf||ColburBerry|ArmorTail|Protect,TrickRoom,HelpingHand,TwinBeam|Relaxed||F|||50|]Staraptor||ChoiceScarf|Intimidate|FinalGambit,Protect,BraveBird,Uturn|Jolly||M|||50|]Torkoal||Charcoal|Drought|Eruption,SolarBeam,Flamethrower,Protect|Quiet||F|||50|]Blastoise||Blastoisinite|Torrent|WaterSpout,DarkPulse,WaterPulse,FakeOut|Quiet||F|||50|]Gardevoir||Gardevoirite|Synchronize|HyperVoice,Protect,Psychic,TrickRoom|Quiet||M|||50|]Kingambit||ExpertBelt|Defiant|KowtowCleave,IronHead,SuckerPunch,Protect|Brave||F|||50|
|showteam|p2|Incineroar||SitrusBerry|Intimidate|FakeOut,FlareBlitz,ThroatChop,PartingShot|Impish||F|||50|]Kingambit||BlackGlasses|Defiant|KowtowCleave,SuckerPunch,SwordsDance,Protect|Adamant||M|||50|]Sinistcha||OccaBerry|Hospitality|MatchaGotcha,RagePowder,TrickRoom,Protect|Relaxed|||||50|]Sneasler||FocusSash|PoisonTouch|FakeOut,CloseCombat,PoisonJab,QuickGuard|Jolly||F|||50|]Blastoise||Blastoisinite|RainDish|WaterSpout,DarkPulse,ShellSmash,Protect|Modest||M|||50|]Delphox||Delphoxite|Blaze|HeatWave,Psychic,NastyPlot,Protect|Timid||F|||50|
|inactive|Battle timer is ON: inactive players will automatically lose when time's up. (requested by Raksbach123)
|inactive|Raksbach123 has 60 seconds left.
|
|t:|1784620473
|teamsize|p1|4
|teamsize|p2|4
|start
|switch|p1a: Farigiraf|Farigiraf, L50, F|100/100
|switch|p1b: Torkoal|Torkoal, L50, F|100/100
|switch|p2a: Kingambit|Kingambit, L50, M|100/100
|switch|p2b: Sneasler|Sneasler, L50, F|100/100
|-weather|SunnyDay|[from] ability: Drought|[of] p1b: Torkoal
|turn|1
|inactive|johx123 has 30 seconds left.
|inactive|johx123 has 20 seconds left.
|inactive|johx123 has 15 seconds left.
|inactive|johx123 has 10 seconds left.
|
|t:|1784620520
|move|p1b: Torkoal|Protect|p1b: Torkoal
|-singleturn|p1b: Torkoal|Protect
|move|p2b: Sneasler|Close Combat|p1a: Farigiraf
|-damage|p1a: Farigiraf|56/100
|-unboost|p2b: Sneasler|def|1
|-unboost|p2b: Sneasler|spd|1
|move|p2a: Kingambit|Kowtow Cleave|p1a: Farigiraf
|-supereffective|p1a: Farigiraf|1
|-enditem|p1a: Farigiraf|Colbur Berry|[eat]
|-enditem|p1a: Farigiraf|Colbur Berry|[weaken]
|-damage|p1a: Farigiraf|24/100
|move|p1a: Farigiraf|Trick Room|p1a: Farigiraf
|-fieldstart|move: Trick Room|[of] p1a: Farigiraf
|
|-weather|SunnyDay|[upkeep]
|upkeep
|turn|2
|c|☆johx123|my farigiraf is made of steel
|
|t:|1784620543
|move|p2a: Kingambit|Protect|p2a: Kingambit
|-singleturn|p2a: Kingambit|Protect
|move|p1b: Torkoal|Eruption|p2b: Sneasler|[spread] p2b
|-activate|p2a: Kingambit|move: Protect
|-enditem|p2b: Sneasler|Focus Sash
|-damage|p2b: Sneasler|1/100
|move|p1a: Farigiraf|Twin Beam|p2b: Sneasler
|-supereffective|p2b: Sneasler|2
|-damage|p2b: Sneasler|0 fnt
|faint|p2b: Sneasler
|-hitcount|p2: Sneasler|1
|
|-weather|SunnyDay|[upkeep]
|upkeep
|c|☆johx123|on good ahahahahaha
|inactive|Raksbach123 has 30 seconds left.
|
|t:|1784620574
|switch|p2b: Blastoise|Blastoise, L50, M|100/100
|turn|3
|inactive|Raksbach123 has 30 seconds left.
|
|t:|1784620601
|detailschange|p2b: Blastoise|Blastoise-Mega, L50, M
|-mega|p2b: Blastoise|Blastoise|Blastoisinite
|move|p1a: Farigiraf|Helping Hand|p1b: Torkoal
|-singleturn|p1b: Torkoal|Helping Hand|[of] p1a: Farigiraf
|move|p1b: Torkoal|Eruption|p2b: Blastoise|[spread] p2a,p2b
|-supereffective|p2a: Kingambit|1
|-resisted|p2b: Blastoise|1
|-damage|p2a: Kingambit|0 fnt
|-damage|p2b: Blastoise|32/100
|faint|p2a: Kingambit
|move|p2b: Blastoise|Dark Pulse|p1a: Farigiraf
|-supereffective|p1a: Farigiraf|1
|-damage|p1a: Farigiraf|0 fnt
|faint|p1a: Farigiraf
|
|-weather|SunnyDay|[upkeep]
|upkeep
|
|t:|1784620613
|switch|p2a: Sinistcha|Sinistcha, L50|100/100
|switch|p1a: Blastoise|Blastoise, L50, F|100/100
|-heal|p2b: Blastoise|57/100|[from] ability: Hospitality|[of] p2a: Sinistcha
|turn|4
|
|t:|1784620623
|detailschange|p1a: Blastoise|Blastoise-Mega, L50, F
|-mega|p1a: Blastoise|Blastoise|Blastoisinite
|move|p2b: Blastoise|Protect|p2b: Blastoise
|-singleturn|p2b: Blastoise|Protect
|move|p1b: Torkoal|Eruption|p2b: Blastoise|[spread] p2a
|-activate|p2b: Blastoise|move: Protect
|-supereffective|p2a: Sinistcha|1
|-enditem|p2a: Sinistcha|Occa Berry|[eat]
|-enditem|p2a: Sinistcha|Occa Berry|[weaken]
|-damage|p2a: Sinistcha|14/100
|move|p1a: Blastoise|Dark Pulse|p2b: Blastoise
|-activate|p2b: Blastoise|move: Protect
|move|p2a: Sinistcha|Trick Room|p2a: Sinistcha
|-fieldend|move: Trick Room
|
|-weather|SunnyDay|[upkeep]
|upkeep
|turn|5
|
|t:|1784620645
|move|p2b: Blastoise|Water Spout|p1a: Blastoise|[spread] p1a,p1b
|-resisted|p1a: Blastoise|1
|-crit|p1a: Blastoise
|-supereffective|p1b: Torkoal|1
|-damage|p1a: Blastoise|88/100
|-damage|p1b: Torkoal|52/100
|move|p1a: Blastoise|Dark Pulse|p2b: Blastoise
|-damage|p2b: Blastoise|8/100
|move|p2a: Sinistcha|Matcha Gotcha|p1a: Blastoise|[spread] p1a,p1b
|-supereffective|p1a: Blastoise|1
|-resisted|p1b: Torkoal|1
|-damage|p1a: Blastoise|50/100y
|-heal|p2a: Sinistcha|34/100|[from] drain|[of] p1a: Blastoise
|-damage|p1b: Torkoal|36/100
|-heal|p2a: Sinistcha|42/100|[from] drain|[of] p1b: Torkoal
|move|p1b: Torkoal|Eruption|p2a: Sinistcha|[spread] p2a,p2b
|-supereffective|p2a: Sinistcha|1
|-resisted|p2b: Blastoise|1
|-damage|p2a: Sinistcha|0 fnt
|-damage|p2b: Blastoise|0 fnt
|faint|p2a: Sinistcha
|faint|p2b: Blastoise
|
|win|johx123
|raw|johx123's rating: 1085 → 1109(+24 for winning)
|raw|Raksbach123's rating: 1041 → 1027(-14 for losing)
