|j|☆craqui butaneroc
|j|☆moth.o
|html|craqui butanerocmoth.o    
|uhtml|bestof|Game 1 of a best-of-3
|t:|1786100494
|gametype|doubles
|player|p1|craqui butaneroc|169|1174
|player|p2|moth.o|roxie|1172
|gen|9
|tier|[Gen 9 Champions] VGC 2026 Reg M-B (Bo3)
|rated|
|rule|Species Clause: Limit one of each Pokémon
|rule|Item Clause: Limit 1 of each item
|clearpoke
|poke|p1|Delphox, L50, F|
|poke|p1|Maushold-Four, L50|
|poke|p1|Vivillon, L50, F|
|poke|p1|Basculegion, L50, M|
|poke|p1|Kingambit, L50, M|
|poke|p1|Garchomp, L50, M|
|poke|p2|Houndoom, L50, F|
|poke|p2|Garchomp, L50, M|
|poke|p2|Staraptor, L50, M|
|poke|p2|Torkoal, L50, F|
|poke|p2|Venusaur, L50, F|
|poke|p2|Whimsicott, L50, F|
|teampreview|4
|showteam|p1|Delphox||Delphoxite|Magician|Psyshock,HeatWave,NastyPlot,Protect|Timid||F|||50|]Maushold-Four||FocusSash|FriendGuard|SuperFang,FollowMe,Feint,Taunt|Jolly|||||50|]Vivillon||ChoiceScarf|CompoundEyes|SleepPowder,Tailwind,Hurricane,Uturn|Timid||F|||50|]Basculegion||LifeOrb|Adaptability|WaveCrash,LastRespects,AquaJet,Protect|Adamant||M|||50|]Kingambit||ChopleBerry|Defiant|KowtowCleave,SuckerPunch,LowKick,IronHead|Adamant||M|||50|]Garchomp||SitrusBerry|RoughSkin|DragonClaw,Earthquake,RockSlide,Protect|Adamant||M|||50|
|showteam|p2|Houndoom||Houndoominite|FlashFire|Protect,Overheat,HeatWave,DarkPulse|Timid||F|||50|]Garchomp||LifeOrb|RoughSkin|Protect,DragonClaw,Earthquake,RockSlide|Jolly||M|||50|]Staraptor||Staraptite|Intimidate|Protect,BraveBird,CloseCombat,Roost|Jolly||M|||50|]Torkoal||Charcoal|Drought|Protect,Eruption,HelpingHand,WeatherBall|Modest||F|||50|]Venusaur||WhiteHerb|Chlorophyll|Protect,SludgeBomb,LeafStorm,SleepPowder|Modest||F|||50|]Whimsicott||FocusSash|Prankster|Protect,Moonblast,Tailwind,SunnyDay|Timid||F|||50|
|inactive|Battle timer is ON: inactive players will automatically lose when time's up. (requested by craqui butaneroc)
|
|t:|1786100590
|teamsize|p1|4
|teamsize|p2|4
|start
|switch|p1a: Garchomp|Garchomp, L50, M|100/100
|switch|p1b: Vivillon|Vivillon, L50, F|100/100
|switch|p2a: Houndoom|Houndoom, L50, F|100/100
|switch|p2b: Venusaur|Venusaur, L50, F|100/100
|turn|1
|inactive|craqui butaneroc has 30 seconds left.
|
|t:|1786100616
|switch|p2a: Torkoal|Torkoal, L50, F|100/100
|-weather|SunnyDay|[from] ability: Drought|[of] p2a: Torkoal
|move|p1b: Vivillon|Hurricane|p2b: Venusaur|[miss]
|-miss|p1b: Vivillon|p2b: Venusaur
|move|p2b: Venusaur|Sleep Powder|p1a: Garchomp
|-status|p1a: Garchomp|slp|[from] move: Sleep Powder
|cant|p1a: Garchomp|slp
|
|-weather|SunnyDay|[upkeep]
|upkeep
|turn|2
|
|t:|1786100640
|move|p1b: Vivillon|Hurricane|p2b: Venusaur|[miss]
|-miss|p1b: Vivillon|p2b: Venusaur
|move|p2b: Venusaur|Leaf Storm|p1a: Garchomp
|-damage|p1a: Garchomp|37/100 slp
|-unboost|p2b: Venusaur|spa|2
|-enditem|p1a: Garchomp|Sitrus Berry|[eat]
|-heal|p1a: Garchomp|62/100 slp|[from] item: Sitrus Berry
|-enditem|p2b: Venusaur|White Herb
|-clearnegativeboost|p2b: Venusaur|[silent]
|cant|p1a: Garchomp|slp
|move|p2a: Torkoal|Eruption|p1b: Vivillon|[spread] p1a,p1b
|-resisted|p1a: Garchomp|1
|-supereffective|p1b: Vivillon|1
|-damage|p1a: Garchomp|19/100 slp
|-damage|p1b: Vivillon|0 fnt
|faint|p1b: Vivillon
|
|-weather|SunnyDay|[upkeep]
|upkeep
|
|t:|1786100657
|switch|p1b: Basculegion|Basculegion, L50, M|100/100
|turn|3
|
|t:|1786100679
|move|p2b: Venusaur|Sleep Powder|p1b: Basculegion
|-status|p1b: Basculegion|slp|[from] move: Sleep Powder
|-curestatus|p1a: Garchomp|slp|[msg]
|move|p1a: Garchomp|Rock Slide|p2b: Venusaur|[spread] p2a,p2b
|-supereffective|p2a: Torkoal|1
|-damage|p2a: Torkoal|66/100
|-damage|p2b: Venusaur|72/100
|cant|p1b: Basculegion|slp
|move|p2a: Torkoal|Weather Ball|p1a: Garchomp
|-resisted|p1a: Garchomp|1
|-damage|p1a: Garchomp|0 fnt
|faint|p1a: Garchomp
|
|-weather|SunnyDay|[upkeep]
|upkeep
|
|t:|1786100690
|switch|p1a: Delphox|Delphox, L50, F|100/100
|turn|4
|
|t:|1786100704
|detailschange|p1a: Delphox|Delphox-Mega, L50, F
|-mega|p1a: Delphox|Delphox|Delphoxite
|move|p2b: Venusaur|Leaf Storm|p1b: Basculegion
|-supereffective|p1b: Basculegion|1
|-damage|p1b: Basculegion|0 fnt
|-unboost|p2b: Venusaur|spa|2
|faint|p1b: Basculegion
|move|p1a: Delphox|Heat Wave|p2a: Torkoal|[spread] p2a,p2b
|-resisted|p2a: Torkoal|1
|-supereffective|p2b: Venusaur|1
|-damage|p2a: Torkoal|27/100
|-damage|p2b: Venusaur|0 fnt
|faint|p2b: Venusaur
|move|p2a: Torkoal|Weather Ball|p1a: Delphox
|-resisted|p1a: Delphox|1
|-damage|p1a: Delphox|65/100
|
|-weather|SunnyDay|[upkeep]
|upkeep
|inactive|moth.o has 30 seconds left.
|inactive|moth.o has 20 seconds left.
|
|t:|1786100744
|switch|p2b: Houndoom|Houndoom, L50, F|100/100
|turn|5
|
|t:|1786100754
|switch|p2a: Whimsicott|Whimsicott, L50, F|100/100
|detailschange|p2b: Houndoom|Houndoom-Mega, L50, F
|-mega|p2b: Houndoom|Houndoom|Houndoominite
|move|p1a: Delphox|Heat Wave|p2b: Houndoom|[spread] p2a,p2b
|-supereffective|p2a: Whimsicott|1
|-resisted|p2b: Houndoom|1
|-enditem|p2a: Whimsicott|Focus Sash
|-damage|p2a: Whimsicott|1/100
|-damage|p2b: Houndoom|69/100
|move|p2b: Houndoom|Dark Pulse|p1a: Delphox
|-supereffective|p1a: Delphox|1
|-damage|p1a: Delphox|0 fnt
|faint|p1a: Delphox
|
|win|moth.o
||craqui butaneroc is ready for game 2.
||moth.o is ready for game 2.
|uhtml|next|Next: Game 2 of 3
|l|☆craqui butaneroc
|player|p1|
