|j|☆ghjk07
|j|☆p1ch1pichi
|html|ghjk07p1ch1pichi    
|uhtml|bestof|Game 1 of a best-of-3
|t:|1784193756
|gametype|doubles
|player|p1|ghjk07|170|1000
|player|p2|p1ch1pichi|n|1113
|gen|9
|tier|[Gen 9 Champions] VGC 2026 Reg M-B (Bo3)
|rated|
|rule|Species Clause: Limit one of each Pokémon
|rule|Item Clause: Limit 1 of each item
|clearpoke
|poke|p1|Qwilfish, L50, M|
|poke|p1|Malamar, L50, M|
|poke|p1|Audino, L50, F|
|poke|p1|Chandelure, L50, F|
|poke|p1|Zoroark-Hisui, L50, F|
|poke|p1|Whimsicott, L50, F|
|poke|p2|Ampharos, L50, M, shiny|
|poke|p2|Farigiraf, L50, F, shiny|
|poke|p2|Incineroar, L50, M|
|poke|p2|Vivillon, L50, M, shiny|
|poke|p2|Vanilluxe, L50, M|
|poke|p2|Aggron, L50, M, shiny|
|teampreview|4
|showteam|p1|Qwilfish||Leftovers|Intimidate|Minimize,SwordsDance,ThroatChop,Stockpile|Impish||M|||50|]Malamar||Malamarite|Contrary|ThroatChop,PsychUp,Rest,Superpower|Impish||M|||50|]Audino||MentalHerb|Healer|SimpleBeam,HealPulse,Protect,TrickRoom|Serious||F|||50|]Chandelure||SitrusBerry|FlashFire|AcidArmor,CalmMind,Flamethrower,Minimize|Bold||F|||50|]Zoroark-Hisui||ChoiceScarf|Illusion|WillOWisp,Memento,RainDance,Taunt|Jolly||F|||50|]Whimsicott||LifeOrb|Prankster|Memento,GrassKnot,LightScreen,SunnyDay|Modest||F|||50|
|showteam|p2|Ampharos||Ampharosite|Static|DragonPulse,Thunderbolt,PowerGem,Protect|Quiet||M|||50|]Farigiraf||ColburBerry|ArmorTail|Psychic,TrickRoom,HelpingHand,Protect|Relaxed||F|||50|]Incineroar||ShucaBerry|Intimidate|PartingShot,FakeOut,FlareBlitz,ThroatChop|Adamant||M|||50|]Vivillon||FocusSash|CompoundEyes|Protect,SleepPowder,StruggleBug,Hurricane|Timid||M|||50|]Vanilluxe||NeverMeltIce|SnowWarning|Protect,Blizzard,FreezeDry,AuroraVeil|Quiet||M|||50|]Aggron||Aggronite|HeavyMetal|BodyPress,HeavySlam,Protect,IronDefense|Sassy||M|||50|
|inactive|Battle timer is ON: inactive players will automatically lose when time's up. (requested by p1ch1pichi)
|inactive|ghjk07 has 60 seconds left.
|inactive|p1ch1pichi has 60 seconds left.
|
|t:|1784193814
|teamsize|p1|4
|teamsize|p2|4
|start
|switch|p1a: Audino|Audino, L50, F|100/100
|switch|p1b: Malamar|Malamar, L50, M|100/100
|switch|p2a: Vivillon|Vivillon, L50, M, shiny|100/100
|switch|p2b: Float|Farigiraf, L50, F, shiny|100/100
|turn|1
|inactive|ghjk07 has 30 seconds left.
|inactive|p1ch1pichi has 30 seconds left.
|
|t:|1784193841
|move|p1a: Audino|Protect|p1a: Audino
|-singleturn|p1a: Audino|Protect
|move|p1b: Malamar|Taunt|p2a: Vivillon
|-start|p2a: Vivillon|move: Taunt
|cant|p2a: Vivillon|move: Taunt|Sleep Powder
|move|p2b: Float|Trick Room|p2b: Float
|-fieldstart|move: Trick Room|[of] p2b: Float
|
|upkeep
|turn|2
|
|t:|1784193864
|switch|p2a: Ben&Jerry|Vanilluxe, L50, M|100/100
|-weather|Snowscape|[from] ability: Snow Warning|[of] p2a: Ben&Jerry
|move|p2b: Float|Protect|p2b: Float
|-singleturn|p2b: Float|Protect
|move|p1b: Malamar|Taunt|p2b: Float
|-activate|p2b: Float|move: Protect
|move|p1a: Audino|Trick Room|p1a: Audino
|-fieldend|move: Trick Room
|
|-weather|Snowscape|[upkeep]
|upkeep
|turn|3
|inactive|p1ch1pichi has 30 seconds left.
|
|t:|1784193894
|move|p2b: Float|Helping Hand|p2a: Ben&Jerry
|-singleturn|p2a: Ben&Jerry|Helping Hand|[of] p2b: Float
|move|p1b: Malamar|Taunt|p2b: Float
|-start|p2b: Float|move: Taunt
|move|p2a: Ben&Jerry|Blizzard|p1b: Malamar|[spread] p1a,p1b
|-damage|p1a: Audino|22/100
|-damage|p1b: Malamar|0 fnt
|replace|p1b: Zoroark|Zoroark-Hisui, L50, F
|-end|p1b: Zoroark|Illusion
|faint|p1b: Zoroark
|move|p1a: Audino|Simple Beam|p2b: Float
|-ability|p2b: Float|Simple|Armor Tail|[from] move: Simple Beam
|
|-weather|Snowscape|[upkeep]
|upkeep
|
|t:|1784193915
|switch|p1b: Chandelure|Chandelure, L50, F|100/100
|turn|4
|inactive|p1ch1pichi has 30 seconds left.
|
|t:|1784193940
|switch|p2b: Ampharos|Ampharos, L50, M, shiny|100/100
|move|p2a: Ben&Jerry|Protect|p2a: Ben&Jerry
|-singleturn|p2a: Ben&Jerry|Protect
|move|p1b: Chandelure|Minimize|p1b: Chandelure
|-boost|p1b: Chandelure|evasion|2
|move|p1a: Audino|Simple Beam|p1b: Chandelure|[miss]
|-miss|p1a: Audino|p1b: Chandelure
|
|-weather|Snowscape|[upkeep]
|upkeep
|turn|5
|
|t:|1784193961
|switch|p2a: Float|Farigiraf, L50, F, shiny|100/100
|detailschange|p2b: Ampharos|Ampharos-Mega, L50, M, shiny
|-mega|p2b: Ampharos|Ampharos|Ampharosite
|-ability|p2b: Ampharos|Mold Breaker
|move|p2b: Ampharos|Protect|p2b: Ampharos
|-singleturn|p2b: Ampharos|Protect
|move|p1b: Chandelure|Minimize|p1b: Chandelure
|-boost|p1b: Chandelure|evasion|2
|move|p1a: Audino|Simple Beam|p1b: Chandelure|[miss]
|-miss|p1a: Audino|p1b: Chandelure
|
|-weather|Snowscape|[upkeep]
|upkeep
|turn|6
|inactive|ghjk07 has 30 seconds left.
|
|t:|1784193995
|move|p2a: Float|Helping Hand|p2b: Ampharos
|-singleturn|p2b: Ampharos|Helping Hand|[of] p2a: Float
|move|p1b: Chandelure|Calm Mind|p1b: Chandelure
|-boost|p1b: Chandelure|spa|1
|-boost|p1b: Chandelure|spd|1
|move|p2b: Ampharos|Power Gem|p1b: Chandelure
|-supereffective|p1b: Chandelure|1
|-damage|p1b: Chandelure|20/100y
|-enditem|p1b: Chandelure|Sitrus Berry|[eat]
|-heal|p1b: Chandelure|45/100|[from] item: Sitrus Berry
|move|p1a: Audino|Trick Room|p1a: Audino
|-fieldstart|move: Trick Room|[of] p1a: Audino
|
|-weather|none
|upkeep
|turn|7
|
|t:|1784194014
|move|p2b: Ampharos|Power Gem|p1b: Chandelure|[miss]
|-miss|p2b: Ampharos|p1b: Chandelure
|move|p1a: Audino|Heal Pulse|p1b: Chandelure
|-heal|p1b: Chandelure|95/100
|move|p2a: Float|Psychic|p1a: Audino
|-damage|p1a: Audino|0 fnt
|faint|p1a: Audino
|move|p1b: Chandelure|Calm Mind|p1b: Chandelure
|-boost|p1b: Chandelure|spa|1
|-boost|p1b: Chandelure|spd|1
|
|upkeep
|
|t:|1784194027
|switch|p1a: Malamar|Malamar, L50, M|100/100
|turn|8
|
|t:|1784194044
|detailschange|p1a: Malamar|Malamar-Mega, L50, M
|-mega|p1a: Malamar|Malamar|Malamarite
|move|p2a: Float|Helping Hand|p2b: Ampharos
|-singleturn|p2b: Ampharos|Helping Hand|[of] p2a: Float
|move|p2b: Ampharos|Power Gem|p1b: Chandelure
|-supereffective|p1b: Chandelure|1
|-damage|p1b: Chandelure|38/100
|move|p1b: Chandelure|Calm Mind|p1b: Chandelure
|-boost|p1b: Chandelure|spa|1
|-boost|p1b: Chandelure|spd|1
|move|p1a: Malamar|Psych Up|p1b: Chandelure
|-copyboost|p1a: Malamar|p1b: Chandelure|[from] move: Psych Up
|
|upkeep
|turn|9
|
|t:|1784194067
|move|p2a: Float|Helping Hand|p2b: Ampharos
|-singleturn|p2b: Ampharos|Helping Hand|[of] p2a: Float
|move|p2b: Ampharos|Power Gem|p1b: Chandelure
|-supereffective|p1b: Chandelure|1
|-damage|p1b: Chandelure|0 fnt
|faint|p1b: Chandelure
|move|p1a: Malamar|Superpower|p2b: Ampharos
|-damage|p2b: Ampharos|77/100
|-boost|p1a: Malamar|atk|1
|-boost|p1a: Malamar|def|1
|
|upkeep
|turn|10
|
|t:|1784194088
|move|p2a: Float|Helping Hand|p2b: Ampharos
|-singleturn|p2b: Ampharos|Helping Hand|[of] p2a: Float
|move|p2b: Ampharos|Thunderbolt|p1a: Malamar
|-damage|p1a: Malamar|73/100
|move|p1a: Malamar|Throat Chop|p2a: Float
|-supereffective|p2a: Float|1
|-enditem|p2a: Float|Colbur Berry|[eat]
|-enditem|p2a: Float|Colbur Berry|[weaken]
|-damage|p2a: Float|67/100
|-start|p2a: Float|Throat Chop|[silent]
|
|-fieldend|move: Trick Room
|upkeep
|turn|11
|
|t:|1784194107
|move|p2a: Float|Helping Hand|p2b: Ampharos
|-singleturn|p2b: Ampharos|Helping Hand|[of] p2a: Float
|move|p1a: Malamar|Throat Chop|p2a: Float
|-supereffective|p2a: Float|1
|-damage|p2a: Float|1/100
|move|p2b: Ampharos|Thunderbolt|p1a: Malamar
|-damage|p1a: Malamar|44/100
|
|-end|p2a: Float|Throat Chop|[silent]
|upkeep
|turn|12
|
|t:|1784194127
|move|p2a: Float|Helping Hand|p2b: Ampharos
|-singleturn|p2b: Ampharos|Helping Hand|[of] p2a: Float
|move|p1a: Malamar|Rest|p1a: Malamar
|-status|p1a: Malamar|slp|[from] move: Rest
|-heal|p1a: Malamar|100/100 slp|[silent]
|move|p2b: Ampharos|Thunderbolt|p1a: Malamar|[miss]
|-miss|p2b: Ampharos|p1a: Malamar
|
|upkeep
|turn|13
|
|t:|1784194141
|move|p2a: Float|Helping Hand|p2b: Ampharos
|-singleturn|p2b: Ampharos|Helping Hand|[of] p2a: Float
|cant|p1a: Malamar|slp
|move|p2b: Ampharos|Thunderbolt|p1a: Malamar|[miss]
|-miss|p2b: Ampharos|p1a: Malamar
|
|upkeep
|turn|14
|
|t:|1784194150
|move|p2a: Float|Helping Hand|p2b: Ampharos
|-singleturn|p2b: Ampharos|Helping Hand|[of] p2a: Float
|cant|p1a: Malamar|slp
|move|p2b: Ampharos|Thunderbolt|p1a: Malamar|[miss]
|-miss|p2b: Ampharos|p1a: Malamar
|
|upkeep
|turn|15
|
|t:|1784194160
|move|p2a: Float|Helping Hand|p2b: Ampharos
|-singleturn|p2b: Ampharos|Helping Hand|[of] p2a: Float
|-curestatus|p1a: Malamar|slp|[msg]
|move|p1a: Malamar|Superpower|p2a: Float
|-damage|p2a: Float|0 fnt
|-boost|p1a: Malamar|atk|1
|-boost|p1a: Malamar|def|1
|faint|p2a: Float
|move|p2b: Ampharos|Thunderbolt|p1a: Malamar
|-damage|p1a: Malamar|70/100
|
|upkeep
|
|t:|1784194171
|switch|p2a: Vivillon|Vivillon, L50, M, shiny|100/100
|turn|16
|
|t:|1784194188
|move|p2a: Vivillon|Struggle Bug|p1a: Malamar
|-supereffective|p1a: Malamar|2
|-damage|p1a: Malamar|43/100
|-boost|p1a: Malamar|spa|1
|move|p1a: Malamar|Superpower|p2b: Ampharos
|-damage|p2b: Ampharos|29/100
|-boost|p1a: Malamar|atk|1
|-boost|p1a: Malamar|def|1
|move|p2b: Ampharos|Thunderbolt|p1a: Malamar|[miss]
|-miss|p2b: Ampharos|p1a: Malamar
|
|upkeep
|turn|17
|
|t:|1784194207
|move|p2a: Vivillon|Struggle Bug|p1a: Malamar
|-supereffective|p1a: Malamar|2
|-damage|p1a: Malamar|16/100
|-boost|p1a: Malamar|spa|1
|move|p1a: Malamar|Throat Chop|p2a: Vivillon
|-enditem|p2a: Vivillon|Focus Sash
|-damage|p2a: Vivillon|1/100
|-start|p2a: Vivillon|Throat Chop|[silent]
|move|p2b: Ampharos|Thunderbolt|p1a: Malamar
|-damage|p1a: Malamar|0 fnt
|faint|p1a: Malamar
|
|win|p1ch1pichi
|inactive|ghjk07 has 30 seconds to confirm battle start!
|inactive|p1ch1pichi has 30 seconds to confirm battle start!
|l|☆ghjk07
|player|p1|
