|j|☆Gen4lover2
|j|☆MoscaacsoM
|html|Gen4lover2MoscaacsoM    
|uhtml|bestof|Game 3 of a best-of-3
|t:|1785762584
|gametype|doubles
|player|p1|Gen4lover2|wallace|1192
|player|p2|MoscaacsoM|alder|1162
|gen|9
|tier|[Gen 9 Champions] VGC 2026 Reg M-B (Bo3)
|rated|
|rule|Species Clause: Limit one of each Pokémon
|rule|Item Clause: Limit 1 of each item
|clearpoke
|poke|p1|Tyranitar, L50, M|
|poke|p1|Excadrill, L50, F|
|poke|p1|Staraptor, L50, F|
|poke|p1|Milotic, L50, F|
|poke|p1|Gholdengo, L50|
|poke|p1|Sinistcha-Masterpiece, L50|
|poke|p2|Charizard, L50, F|
|poke|p2|Garchomp, L50, M|
|poke|p2|Kingambit, L50, M|
|poke|p2|Whimsicott, L50, M|
|poke|p2|Floette-Eternal, L50, F|
|poke|p2|Basculegion, L50, M|
|teampreview|4
|showteam|p1|Tyranitar||Tyranitarite|SandStream|RockSlide,KnockOff,LowKick,Protect|Adamant||M|||50|]Excadrill||FocusSash|SandRush|HighHorsepower,IronHead,RockSlide,Protect|Adamant||F|||50|]Staraptor||Staraptite|Intimidate|BraveBird,CloseCombat,Tailwind,Protect|Jolly||F|||50|]Milotic||SitrusBerry|Competitive|Scald,IceBeam,Recover,Protect|Modest||F|||50|]Gholdengo||LifeOrb|GoodasGold|MakeItRain,ShadowBall,NastyPlot,Protect|Modest|||||50|]Sinistcha-Masterpiece||ColburBerry|Hospitality|MatchaGotcha,RagePowder,TrickRoom,Protect|Relaxed|||||50|
|showteam|p2|Charizard||CharizarditeY|Blaze|Protect,HeatWave,SolarBeam,WeatherBall|Modest||F|||50|]Garchomp||LifeOrb|RoughSkin|StompingTantrum,RockSlide,DragonClaw,Protect|Jolly||M|||50|]Kingambit||BlackGlasses|Defiant|KowtowCleave,Protect,IronHead,SuckerPunch|Adamant||M|||50|]Whimsicott||FocusSash|Prankster|Moonblast,Tailwind,Protect,Encore|Timid||M|||50|]Floette-Eternal||Floettite|FlowerVeil|Protect,DazzlingGleam,Moonblast,LightofRuin|Timid||F|||50|]Basculegion||MysticWater|Adaptability|AquaJet,WaveCrash,Protect,LastRespects|Adamant||M|||50|
|inactive|Battle timer is ON: inactive players will automatically lose when time's up. (requested by MoscaacsoM)
|inactive|Gen4lover2 also wants the timer to be on.
|
|t:|1785762602
|teamsize|p1|4
|teamsize|p2|4
|start
|switch|p1a: Staraptor|Staraptor, L50, F|100/100
|switch|p1b: Milotic|Milotic, L50, F|100/100
|switch|p2a: Charizard|Charizard, L50, F|100/100
|switch|p2b: Whimsicott|Whimsicott, L50, M|100/100
|-ability|p1a: Staraptor|Intimidate|boost
|-unboost|p2a: Charizard|atk|1
|-unboost|p2b: Whimsicott|atk|1
|turn|1
|
|t:|1785762619
|detailschange|p2a: Charizard|Charizard-Mega-Y, L50, F
|-mega|p2a: Charizard|Charizard|Charizardite Y
|-weather|SunnyDay|[from] ability: Drought|[of] p2a: Charizard
|move|p2b: Whimsicott|Tailwind|p2b: Whimsicott
|-sidestart|p2: MoscaacsoM|move: Tailwind
|move|p2a: Charizard|Solar Beam||[still]
|-prepare|p2a: Charizard|Solar Beam
|-anim|p2a: Charizard|Solar Beam|p1b: Milotic
|-supereffective|p1b: Milotic|1
|-damage|p1b: Milotic|24/100
|-enditem|p1b: Milotic|Sitrus Berry|[eat]
|-heal|p1b: Milotic|49/100|[from] item: Sitrus Berry
|move|p1a: Staraptor|Tailwind|p1a: Staraptor
|-sidestart|p1: Gen4lover2|move: Tailwind
|move|p1b: Milotic|Ice Beam|p2b: Whimsicott
|-supereffective|p2b: Whimsicott|1
|-damage|p2b: Whimsicott|12/100
|
|-weather|SunnyDay|[upkeep]
|upkeep
|turn|2
|
|t:|1785762639
|switch|p1a: Tyranitar|Tyranitar, L50, M|100/100
|-weather|Sandstorm|[from] ability: Sand Stream|[of] p1a: Tyranitar
|move|p2b: Whimsicott|Encore|p1a: Tyranitar
|-hint|Since gen 7, Dark is immune to Prankster moves.
|-immune|p1a: Tyranitar
|move|p2a: Charizard|Solar Beam||[still]
|-prepare|p2a: Charizard|Solar Beam
|move|p1b: Milotic|Scald|p2a: Charizard
|-supereffective|p2a: Charizard|1
|-damage|p2a: Charizard|41/100
|
|-weather|Sandstorm|[upkeep]
|-damage|p2b: Whimsicott|6/100|[from] Sandstorm
|-damage|p2a: Charizard|35/100|[from] Sandstorm
|-damage|p1b: Milotic|43/100|[from] Sandstorm
|upkeep
|turn|3
|inactive|MoscaacsoM has 30 seconds left.
|inactive|Gen4lover2 has 30 seconds left.
|inactive|MoscaacsoM has 20 seconds left.
|
|t:|1785762676
|move|p2b: Whimsicott|Protect|p2b: Whimsicott
|-singleturn|p2b: Whimsicott|Protect
|move|p2a: Charizard|Solar Beam|p1b: Milotic|[from] lockedmove
|-supereffective|p1b: Milotic|1
|-damage|p1b: Milotic|9/100
|move|p1a: Tyranitar|Rock Slide|p2b: Whimsicott|[spread] p2a
|-activate|p2b: Whimsicott|move: Protect
|-supereffective|p2a: Charizard|2
|-damage|p2a: Charizard|0 fnt
|faint|p2a: Charizard
|move|p1b: Milotic|Ice Beam|p2b: Whimsicott
|-activate|p2b: Whimsicott|move: Protect
|
|-weather|Sandstorm|[upkeep]
|-damage|p2b: Whimsicott|1/100|[from] Sandstorm
|-damage|p1b: Milotic|3/100|[from] Sandstorm
|upkeep
|
|t:|1785762695
|switch|p2a: Basculegion|Basculegion, L50, M|100/100
|turn|4
|
|t:|1785762715
|switch|p1b: Staraptor|Staraptor, L50, F|100/100
|-ability|p1b: Staraptor|Intimidate|boost
|-unboost|p2a: Basculegion|atk|1
|-unboost|p2b: Whimsicott|atk|1
|detailschange|p1a: Tyranitar|Tyranitar-Mega, L50, M
|-mega|p1a: Tyranitar|Tyranitar|Tyranitarite
|move|p2b: Whimsicott|Moonblast|p1b: Staraptor
|-damage|p1b: Staraptor|45/100
|-unboost|p1b: Staraptor|spa|1
|move|p1a: Tyranitar|Knock Off|p2a: Basculegion
|-supereffective|p2a: Basculegion|1
|-damage|p2a: Basculegion|0 fnt
|-enditem|p2a: Basculegion|Mystic Water|[from] move: Knock Off|[of] p1a: Tyranitar
|faint|p2a: Basculegion
|
|-weather|Sandstorm|[upkeep]
|-damage|p2b: Whimsicott|0 fnt|[from] Sandstorm
|-damage|p1b: Staraptor|39/100|[from] Sandstorm
|faint|p2b: Whimsicott
|-sideend|p1: Gen4lover2|move: Tailwind
|-sideend|p2: MoscaacsoM|move: Tailwind
|upkeep
|
|t:|1785762732
|switch|p2b: Garchomp|Garchomp, L50, M|100/100
|turn|5
|
|t:|1785762739
|move|p1a: Tyranitar|Protect|p1a: Tyranitar
|-singleturn|p1a: Tyranitar|Protect
|move|p2b: Garchomp|Rock Slide|p1a: Tyranitar|[spread] p1b
|-activate|p1a: Tyranitar|move: Protect
|-supereffective|p1b: Staraptor|1
|-damage|p1b: Staraptor|0 fnt
|faint|p1b: Staraptor
|-damage|p2b: Garchomp|90/100|[from] item: Life Orb
|
|-weather|Sandstorm|[upkeep]
|upkeep
|
|t:|1785762751
|switch|p1b: Excadrill|Excadrill, L50, F|100/100
|turn|6
|
|t:|1785762762
|move|p1b: Excadrill|High Horsepower|p2b: Garchomp
|-damage|p2b: Garchomp|34/100
|-damage|p1b: Excadrill|87/100|[from] ability: Rough Skin|[of] p2b: Garchomp
|move|p2b: Garchomp|Stomping Tantrum|p1a: Tyranitar
|-supereffective|p1a: Tyranitar|1
|-damage|p1a: Tyranitar|30/100
|-damage|p2b: Garchomp|24/100|[from] item: Life Orb
|move|p1a: Tyranitar|Knock Off|p2b: Garchomp
|-crit|p2b: Garchomp
|-damage|p2b: Garchomp|0 fnt
|-damage|p1a: Tyranitar|18/100|[from] ability: Rough Skin|[of] p2b: Garchomp
|-enditem|p2b: Garchomp|Life Orb|[from] move: Knock Off|[of] p1a: Tyranitar
|faint|p2b: Garchomp
|
|win|Gen4lover2
|raw|Gen4lover2's rating: 1192 → 1215(+23 for winning)
|raw|MoscaacsoM's rating: 1162 → 1139(-23 for losing)
