|j|☆LozzArcher
|j|☆bloodnirvana98
|html|LozzArcherbloodnirvana98    
|uhtml|bestof|Game 2 of a best-of-3
|t:|1756162365
|gametype|doubles
|player|p1|LozzArcher|ghetsis|1165
|player|p2|bloodnirvana98|giovanni|1049
|gen|9
|tier|[Gen 9] VGC 2025 Reg H (Bo3)
|rated|
|rule|Species Clause: Limit one of each Pokémon
|rule|Item Clause: Limit 1 of each item
|clearpoke
|poke|p1|Archaludon, L50, F|
|poke|p1|Pelipper, L50, F|
|poke|p1|Gholdengo, L50|
|poke|p1|Basculegion, L50, M|
|poke|p1|Incineroar, L50, M|
|poke|p1|Amoonguss, L50, F|
|poke|p2|Oranguru, L50, M|
|poke|p2|Whimsicott, L50, M|
|poke|p2|Dragonite, L50, F|
|poke|p2|Charizard, L50, M|
|poke|p2|Torkoal, L50, F|
|poke|p2|Incineroar, L50, F|
|teampreview|4
|showteam|p1|Archaludon||AssaultVest|Stamina|ElectroShot,DracoMeteor,BodyPress,FlashCannon|||F|||50|,,,,,Grass]Pelipper||FocusSash|Drizzle|Hurricane,WeatherBall,Tailwind,Protect|||F|||50|,,,,,Stellar]Gholdengo||LifeOrb|GoodasGold|MakeItRain,ShadowBall,NastyPlot,Protect||||||50|,,,,,Water]Basculegion||ChoiceBand|SwiftSwim|FlipTurn,WaveCrash,LastRespects,AquaJet|||M|||50|,,,,,Grass]Incineroar||SafetyGoggles|Intimidate|FakeOut,KnockOff,FlareBlitz,PartingShot|||M|||50|,,,,,Ghost]Amoonguss||SitrusBerry|Regenerator|Spore,RagePowder,PollenPuff,Protect|||F|||50|,,,,,Water
|showteam|p2|Oranguru||SitrusBerry|InnerFocus|Instruct,TrickRoom,Encore,Yawn|||M|||50|,,,,,Fire]Whimsicott||CovertCloak|Prankster|FakeTears,Encore,Tailwind,SunnyDay|||M|||50|,,,,,Grass]Dragonite||ChoiceBand|InnerFocus|ExtremeSpeed,IceSpinner,RockSlide,BreakingSwipe|||F|||50|,,,,,Normal]Charizard||ChoiceScarf|SolarPower|WeatherBall,HeatWave,Flamethrower,ScorchingSands|||M|||50|,,,,,Ghost]Torkoal||ChoiceSpecs|Drought|Eruption,HeatWave,EarthPower,WeatherBall|||F|||50|,,,,,Fire]Incineroar||SafetyGoggles|Intimidate|FakeOut,KnockOff,HelpingHand,PartingShot|||F|||50|,,,,,Bug
|inactive|Battle timer is ON: inactive players will automatically lose when time's up. (requested by bloodnirvana98)
|
|t:|1756162386
|teamsize|p1|4
|teamsize|p2|4
|start
|switch|p1a: Incineroar|Incineroar, L50, M|100/100
|switch|p1b: Amoonguss|Amoonguss, L50, F, shiny|100/100
|switch|p2a: Oranguru|Oranguru, L50, M|100/100
|switch|p2b: Incineroar|Incineroar, L50, F|100/100
|-ability|p2b: Incineroar|Intimidate|boost
|-unboost|p1a: Incineroar|atk|1
|-unboost|p1b: Amoonguss|atk|1
|-ability|p1a: Incineroar|Intimidate|boost
|-fail|p2a: Oranguru|unboost|Attack|[from] ability: Inner Focus|[of] p2a: Oranguru
|-unboost|p2b: Incineroar|atk|1
|turn|1
|inactive|LozzArcher has 30 seconds left.
|
|t:|1756162414
|move|p2b: Incineroar|Parting Shot|p1a: Incineroar
|-unboost|p1a: Incineroar|atk|1
|-unboost|p1a: Incineroar|spa|1
|
|t:|1756162422
|switch|p2b: Torkoal|Torkoal, L50, F|100/100|[from] Parting Shot
|-weather|SunnyDay|[from] ability: Drought|[of] p2b: Torkoal
|move|p1a: Incineroar|Knock Off|p2a: Oranguru
|-supereffective|p2a: Oranguru
|-damage|p2a: Oranguru|70/100
|-enditem|p2a: Oranguru|Sitrus Berry|[from] move: Knock Off|[of] p1a: Incineroar
|move|p1b: Amoonguss|Spore|p2a: Oranguru
|-status|p2a: Oranguru|slp|[from] move: Spore
|cant|p2a: Oranguru|slp
|
|-weather|SunnyDay|[upkeep]
|upkeep
|turn|2
|inactive|bloodnirvana98 has 30 seconds left.
|inactive|bloodnirvana98 has 20 seconds left.
|
|t:|1756162458
|switch|p2b: Incineroar|Incineroar, L50, F|100/100
|-ability|p2b: Incineroar|Intimidate|boost
|-unboost|p1a: Incineroar|atk|1
|-unboost|p1b: Amoonguss|atk|1
|move|p1a: Incineroar|Parting Shot|p2b: Incineroar
|-unboost|p2b: Incineroar|atk|1
|-unboost|p2b: Incineroar|spa|1
|
|t:|1756162469
|switch|p1a: Basculegion|Basculegion, L50, M, shiny|100/100|[from] Parting Shot
|move|p1b: Amoonguss|Spore|p2b: Incineroar
|-activate|p2b: Incineroar|item: Safety Goggles|Spore
|-curestatus|p2a: Oranguru|slp|[msg]
|move|p2a: Oranguru|Trick Room|p2a: Oranguru
|-fieldstart|move: Trick Room|[of] p2a: Oranguru
|
|-weather|SunnyDay|[upkeep]
|upkeep
|turn|3
|inactive|LozzArcher has 30 seconds left.
|
|t:|1756162503
|switch|p1a: Incineroar|Incineroar, L50, M|100/100
|-ability|p1a: Incineroar|Intimidate|boost
|-fail|p2a: Oranguru|unboost|Attack|[from] ability: Inner Focus|[of] p2a: Oranguru
|-unboost|p2b: Incineroar|atk|1
|move|p2b: Incineroar|Fake Out|p1a: Incineroar
|-damage|p1a: Incineroar|96/100
|move|p1b: Amoonguss|Spore|p2a: Oranguru
|-status|p2a: Oranguru|slp|[from] move: Spore
|cant|p2a: Oranguru|slp
|
|-weather|SunnyDay|[upkeep]
|upkeep
|turn|4
|
|t:|1756162527
|move|p1b: Amoonguss|Protect|p1b: Amoonguss
|-singleturn|p1b: Amoonguss|Protect
|cant|p2a: Oranguru|slp
|move|p1a: Incineroar|Knock Off|p2b: Incineroar
|-resisted|p2b: Incineroar
|-damage|p2b: Incineroar|83/100
|-enditem|p2b: Incineroar|Safety Goggles|[from] move: Knock Off|[of] p1a: Incineroar
|move|p2b: Incineroar|Knock Off|p1b: Amoonguss
|-activate|p1b: Amoonguss|move: Protect
|
|-weather|SunnyDay|[upkeep]
|upkeep
|turn|5
|
|t:|1756162540
|move|p1b: Amoonguss|Spore|p2b: Incineroar
|-status|p2b: Incineroar|slp|[from] move: Spore
|-curestatus|p2a: Oranguru|slp|[msg]
|move|p2a: Oranguru|Instruct|p2b: Incineroar
|-singleturn|p2b: Incineroar|move: Instruct|[of] p2a: Oranguru
|cant|p2b: Incineroar|slp
|move|p1a: Incineroar|Flare Blitz|p2a: Oranguru
|-damage|p2a: Oranguru|16/100
|-damage|p1a: Incineroar|79/100|[from] Recoil
|cant|p2b: Incineroar|slp
|
|-weather|none
|upkeep
|turn|6
|inactive|LozzArcher has 30 seconds left.
|inactive|LozzArcher has 20 seconds left.
|inactive|LozzArcher has 15 seconds left.
|
|t:|1756162584
|move|p1b: Amoonguss|Pollen Puff|p2a: Oranguru
|-supereffective|p2a: Oranguru
|-damage|p2a: Oranguru|0 fnt
|faint|p2a: Oranguru
|move|p1a: Incineroar|Parting Shot|p2b: Incineroar
|-unboost|p2b: Incineroar|atk|1
|-unboost|p2b: Incineroar|spa|1
|
|t:|1756162593
|switch|p1a: Basculegion|Basculegion, L50, M, shiny|100/100|[from] Parting Shot
|cant|p2b: Incineroar|slp
|
|-fieldend|move: Trick Room
|upkeep
|
|t:|1756162600
|switch|p2a: Whimsicott|Whimsicott, L50, M|100/100
|turn|7
|
|t:|1756162623
|-terastallize|p2b: Incineroar|Bug
|move|p1b: Amoonguss|Rage Powder|p1b: Amoonguss
|-singleturn|p1b: Amoonguss|move: Rage Powder
|move|p2a: Whimsicott|Encore|p1b: Amoonguss
|-start|p1b: Amoonguss|Encore
|move|p1a: Basculegion|Flip Turn|p2a: Whimsicott
|-resisted|p2a: Whimsicott
|-damage|p2a: Whimsicott|74/100
|
|t:|1756162633
|switch|p1a: Incineroar|Incineroar, L50, M|79/100|[from] Flip Turn
|-ability|p1a: Incineroar|Intimidate|boost
|-unboost|p2a: Whimsicott|atk|1
|-unboost|p2b: Incineroar|atk|1
|-curestatus|p2b: Incineroar|slp|[msg]
|move|p2b: Incineroar|Parting Shot|p1b: Amoonguss
|-unboost|p1b: Amoonguss|atk|1
|-unboost|p1b: Amoonguss|spa|1
|
|t:|1756162642
|switch|p2b: Torkoal|Torkoal, L50, F|100/100|[from] Parting Shot
|-weather|SunnyDay|[from] ability: Drought|[of] p2b: Torkoal
|
|-weather|SunnyDay|[upkeep]
|upkeep
|turn|8
|
|t:|1756162663
|switch|p1b: Pelipper|Pelipper, L50, F, shiny|100/100
|-weather|RainDance|[from] ability: Drizzle|[of] p1b: Pelipper
|move|p2a: Whimsicott|Tailwind|p2a: Whimsicott
|-sidestart|p2: bloodnirvana98|move: Tailwind
|move|p1a: Incineroar|Parting Shot|p2b: Torkoal
|-unboost|p2b: Torkoal|atk|1
|-unboost|p2b: Torkoal|spa|1
|
|t:|1756162671
|switch|p1a: Basculegion|Basculegion, L50, M, shiny|100/100|[from] Parting Shot
|move|p2b: Torkoal|Heat Wave|p1a: Basculegion|[spread] p1a,p1b
|-resisted|p1a: Basculegion
|-resisted|p1b: Pelipper
|-damage|p1a: Basculegion|92/100
|-damage|p1b: Pelipper|88/100
|
|-weather|RainDance|[upkeep]
|upkeep
|turn|9
|
|t:|1756162687
|switch|p2b: Incineroar|Incineroar, L50, F, tera:Bug|83/100
|-ability|p2b: Incineroar|Intimidate|boost
|-unboost|p1a: Basculegion|atk|1
|-unboost|p1b: Pelipper|atk|1
|move|p2a: Whimsicott|Sunny Day|p2a: Whimsicott
|-weather|SunnyDay
|move|p1a: Basculegion|Wave Crash|p2b: Incineroar
|-damage|p2b: Incineroar|56/100
|-damage|p1a: Basculegion|83/100|[from] Recoil
|move|p1b: Pelipper|Hurricane|p2a: Whimsicott|[miss]
|-miss|p1b: Pelipper|p2a: Whimsicott
|
|-weather|SunnyDay|[upkeep]
|upkeep
|turn|10
|inactive|LozzArcher has 30 seconds left.
|
|t:|1756162716
|switch|p1a: Incineroar|Incineroar, L50, M|79/100
|-ability|p1a: Incineroar|Intimidate|boost
|-unboost|p2a: Whimsicott|atk|1
|-unboost|p2b: Incineroar|atk|1
|switch|p1b: Amoonguss|Amoonguss, L50, F, shiny|100/100
|move|p2a: Whimsicott|Encore||[still]
|-fail|p2a: Whimsicott
|move|p2b: Incineroar|Knock Off|p1a: Incineroar
|-resisted|p1a: Incineroar
|-damage|p1a: Incineroar|67/100
|-enditem|p1a: Incineroar|Safety Goggles|[from] move: Knock Off|[of] p2b: Incineroar
|
|-weather|SunnyDay|[upkeep]
|upkeep
|turn|11
|inactive|bloodnirvana98 has 30 seconds left.
|inactive|bloodnirvana98 has 20 seconds left.
|
|t:|1756162753
|switch|p2b: Torkoal|Torkoal, L50, F|100/100
|-terastallize|p1b: Amoonguss|Water
|move|p2a: Whimsicott|Fake Tears|p1b: Amoonguss
|-unboost|p1b: Amoonguss|spd|2
|move|p1a: Incineroar|Flare Blitz|p2a: Whimsicott
|-supereffective|p2a: Whimsicott
|-damage|p2a: Whimsicott|0 fnt
|faint|p2a: Whimsicott
|-damage|p1a: Incineroar|47/100|[from] Recoil
|move|p1b: Amoonguss|Spore|p2b: Torkoal
|-status|p2b: Torkoal|slp|[from] move: Spore
|
|-weather|SunnyDay|[upkeep]
|-sideend|p2: bloodnirvana98|move: Tailwind
|upkeep
|
|t:|1756162763
|switch|p2a: Incineroar|Incineroar, L50, F, tera:Bug|56/100
|-ability|p2a: Incineroar|Intimidate|boost
|-unboost|p1a: Incineroar|atk|1
|-unboost|p1b: Amoonguss|atk|1
|turn|12
|
|t:|1756162774
|move|p2a: Incineroar|Fake Out|p1b: Amoonguss
|-damage|p1b: Amoonguss|91/100
|move|p1a: Incineroar|Parting Shot|p2a: Incineroar
|-unboost|p2a: Incineroar|atk|1
|-unboost|p2a: Incineroar|spa|1
|
|t:|1756162780
|switch|p1a: Basculegion|Basculegion, L50, M, shiny|83/100|[from] Parting Shot
|cant|p1b: Amoonguss|flinch
|cant|p2b: Torkoal|slp
|
|-weather|SunnyDay|[upkeep]
|upkeep
|turn|13
|
|t:|1756162794
|switch|p1b: Pelipper|Pelipper, L50, F, shiny|88/100
|-weather|RainDance|[from] ability: Drizzle|[of] p1b: Pelipper
|move|p1a: Basculegion|Wave Crash|p2b: Torkoal
|-supereffective|p2b: Torkoal
|-damage|p2b: Torkoal|0 fnt
|faint|p2b: Torkoal
|-damage|p1a: Basculegion|54/100|[from] Recoil
|move|p2a: Incineroar|Knock Off|p1a: Basculegion
|-supereffective|p1a: Basculegion
|-damage|p1a: Basculegion|0 fnt
|-enditem|p1a: Basculegion|Choice Band|[from] move: Knock Off|[of] p2a: Incineroar
|faint|p1a: Basculegion
|
|-weather|RainDance|[upkeep]
|upkeep
|
|t:|1756162807
|switch|p1a: Incineroar|Incineroar, L50, M|47/100
|-ability|p1a: Incineroar|Intimidate|boost
|-unboost|p2a: Incineroar|atk|1
|turn|14
|
|t:|1756162815
|move|p1b: Pelipper|Weather Ball|p2a: Incineroar
|-damage|p2a: Incineroar|0 fnt
|faint|p2a: Incineroar
|
|win|LozzArcher
|raw|LozzArcher's rating: 1165 → 1182(+17 for winning)
|raw|bloodnirvana98's rating: 1049 → 1037(-12 for losing)
