|j|☆nem_foka
|j|☆fazelicious
|html|nem_fokafazelicious    
|uhtml|bestof|Game 2 of a best-of-3
|t:|1784207885
|gametype|doubles
|player|p1|nem_foka|102|1097
|player|p2|fazelicious|mars|1043
|gen|9
|tier|[Gen 9 Champions] VGC 2026 Reg M-B (Bo3)
|rated|
|rule|Species Clause: Limit one of each Pokémon
|rule|Item Clause: Limit 1 of each item
|clearpoke
|poke|p1|Gengar, L50, F|
|poke|p1|Incineroar, L50, F|
|poke|p1|Grimmsnarl, L50, M|
|poke|p1|Espathra, L50, F|
|poke|p1|Floette-Eternal, L50, F|
|poke|p1|Sinistcha, L50|
|poke|p2|Incineroar, L50, M, shiny|
|poke|p2|Gardevoir, L50, F, shiny|
|poke|p2|Talonflame, L50, F|
|poke|p2|Tsareena, L50, F, shiny|
|poke|p2|Maushold, L50|
|poke|p2|Basculegion, L50, M, shiny|
|teampreview|4
|showteam|p1|Gengar||Gengarite|CursedBody|SludgeBomb,Disable,PerishSong,Protect|Calm||F|||50|]Incineroar||ChopleBerry|Intimidate|FakeOut,FlareBlitz,DarkestLariat,PartingShot|Naughty||F|||50|]Grimmsnarl||LightClay|Prankster|FakeOut,LightScreen,Reflect,PartingShot|Impish||M|||50|]Espathra||Leftovers|SpeedBoost|LuminaCrash,BatonPass,CalmMind,Protect|Calm||F|||50|]Floette-Eternal||Floettite|FlowerVeil|DazzlingGleam,Moonblast,ChillingWater,Protect|Modest||F|||50|]Sinistcha||SitrusBerry|Hospitality|MatchaGotcha,RagePowder,LifeDew,Protect|Calm|||||50|
|showteam|p2|Incineroar||PasshoBerry|Intimidate|FakeOut,PartingShot,ThroatChop,FlareBlitz|Adamant||M|||50|]Gardevoir||Gardevoirite|Trace|Protect,VacuumWave,Psyshock,HyperVoice|Timid||F|||50|]Talonflame||SharpBeak|GaleWings|Protect,Tailwind,DualWingbeat,Taunt|Jolly||F|||50|]Tsareena||Leftovers|QueenlyMajesty|Protect,TripleAxel,LowKick,TropKick|Adamant||F|||50|]Maushold||FocusSash|FriendGuard|Protect,Taunt,FollowMe,SuperFang|Timid|||||50|]Basculegion||MysticWater|Adaptability|Protect,AquaJet,WaveCrash,LastRespects|Adamant||M|||50|
|inactive|Battle timer is ON: inactive players will automatically lose when time's up. (requested by fazelicious)
|inactive|nem_foka has 60 seconds left.
|inactive|fazelicious has 60 seconds left.
|
|t:|1784207933
|teamsize|p1|4
|teamsize|p2|4
|start
|switch|p1a: Grimmsnarl|Grimmsnarl, L50, M|100/100
|switch|p1b: Espathra|Espathra, L50, F|100/100
|switch|p2a: Gardevoir|Gardevoir, L50, F, shiny|100/100
|switch|p2b: Maushold|Maushold, L50|100/100
|-ability|p2a: Gardevoir|Prankster|Trace|[from] ability: Trace|[of] p1a: Grimmsnarl
|turn|1
|inactive|fazelicious has 30 seconds left.
|inactive|fazelicious has 20 seconds left.
|
|t:|1784207969
|move|p2a: Gardevoir|Protect|p2a: Gardevoir
|-singleturn|p2a: Gardevoir|Protect
|move|p1a: Grimmsnarl|Fake Out|p2a: Gardevoir
|-activate|p2a: Gardevoir|move: Protect
|move|p2b: Maushold|Taunt|p1b: Espathra
|-start|p1b: Espathra|move: Taunt
|cant|p1b: Espathra|move: Taunt|Calm Mind
|
|-ability|p1b: Espathra|Speed Boost|boost
|-boost|p1b: Espathra|spe|1
|upkeep
|turn|2
|
|t:|1784207990
|switch|p1b: Incineroar|Incineroar, L50, F|100/100
|-ability|p1b: Incineroar|Intimidate|boost
|-unboost|p2a: Gardevoir|atk|1
|-unboost|p2b: Maushold|atk|1
|detailschange|p2a: Gardevoir|Gardevoir-Mega, L50, F, shiny
|-mega|p2a: Gardevoir|Gardevoir|Gardevoirite
|move|p1a: Grimmsnarl|Parting Shot|p2a: Gardevoir
|-unboost|p2a: Gardevoir|atk|1
|-unboost|p2a: Gardevoir|spa|1
|
|t:|1784208001
|switch|p1a: Espathra|Espathra, L50, F|100/100|[from] Parting Shot
|move|p2b: Maushold|Taunt|p1a: Espathra
|-start|p1a: Espathra|move: Taunt
|move|p2a: Gardevoir|Hyper Voice|p1a: Espathra|[spread] p1a,p1b
|-damage|p1a: Espathra|63/100
|-damage|p1b: Incineroar|62/100
|
|-heal|p1a: Espathra|69/100|[from] item: Leftovers
|upkeep
|turn|3
|
|t:|1784208017
|move|p1b: Incineroar|Fake Out|p2a: Gardevoir
|-damage|p2a: Gardevoir|82/100
|move|p2b: Maushold|Follow Me|p2b: Maushold
|-singleturn|p2b: Maushold|move: Follow Me
|cant|p2a: Gardevoir|flinch
|move|p1a: Espathra|Lumina Crash|p2b: Maushold
|-damage|p2b: Maushold|64/100
|-unboost|p2b: Maushold|spd|2
|
|-heal|p1a: Espathra|75/100|[from] item: Leftovers
|-ability|p1a: Espathra|Speed Boost|boost
|-boost|p1a: Espathra|spe|1
|upkeep
|turn|4
|inactive|nem_foka has 30 seconds left.
|
|t:|1784208050
|switch|p1a: Grimmsnarl|Grimmsnarl, L50, M|100/100
|move|p2b: Maushold|Follow Me|p2b: Maushold
|-singleturn|p2b: Maushold|move: Follow Me
|move|p2a: Gardevoir|Hyper Voice|p1b: Incineroar|[spread] p1a,p1b
|-supereffective|p1a: Grimmsnarl|1
|-damage|p1a: Grimmsnarl|25/100
|-damage|p1b: Incineroar|28/100
|move|p1b: Incineroar|Parting Shot|p2b: Maushold
|-unboost|p2b: Maushold|atk|1
|-unboost|p2b: Maushold|spa|1
|
|t:|1784208070
|switch|p1b: Floette|Floette-Eternal, L50, F|100/100|[from] Parting Shot
|
|upkeep
|turn|5
|
|t:|1784208090
|detailschange|p1b: Floette|Floette-Mega, L50, F
|-mega|p1b: Floette|Floette|Floettite
|-ability|p1b: Floette|Fairy Aura
|move|p2b: Maushold|Protect|p2b: Maushold
|-singleturn|p2b: Maushold|Protect
|move|p2a: Gardevoir|Protect|p2a: Gardevoir
|-singleturn|p2a: Gardevoir|Protect
|move|p1a: Grimmsnarl|Fake Out|p2a: Gardevoir
|-activate|p2a: Gardevoir|move: Protect
|move|p1b: Floette|Dazzling Gleam|p2b: Maushold|[spread] 
|-activate|p2a: Gardevoir|move: Protect
|-activate|p2b: Maushold|move: Protect
|
|upkeep
|turn|6
|
|t:|1784208115
|move|p1a: Grimmsnarl|Parting Shot|p2a: Gardevoir
|-unboost|p2a: Gardevoir|atk|1
|-unboost|p2a: Gardevoir|spa|1
|
|t:|1784208122
|switch|p1a: Incineroar|Incineroar, L50, F|28/100|[from] Parting Shot
|-ability|p1a: Incineroar|Intimidate|boost
|-unboost|p2a: Gardevoir|atk|1
|-unboost|p2b: Maushold|atk|1
|move|p2b: Maushold|Super Fang|p1b: Floette|[miss]
|-miss|p2b: Maushold|p1b: Floette
|move|p2a: Gardevoir|Hyper Voice|p1b: Floette|[spread] p1a,p1b
|-damage|p1a: Incineroar|0 fnt
|-damage|p1b: Floette|76/100
|faint|p1a: Incineroar
|move|p1b: Floette|Dazzling Gleam|p2b: Maushold|[spread] p2a,p2b
|-damage|p2a: Gardevoir|47/100
|-damage|p2b: Maushold|0 fnt
|faint|p2b: Maushold
|
|upkeep
|
|t:|1784208145
|switch|p2b: Talonflame|Talonflame, L50, F|100/100
|switch|p1a: Grimmsnarl|Grimmsnarl, L50, M|25/100
|turn|7
|
|t:|1784208161
|move|p2b: Talonflame|Protect|p2b: Talonflame
|-singleturn|p2b: Talonflame|Protect
|move|p2a: Gardevoir|Protect|p2a: Gardevoir
|-singleturn|p2a: Gardevoir|Protect
|move|p1a: Grimmsnarl|Fake Out|p2b: Talonflame
|-activate|p2b: Talonflame|move: Protect
|move|p1b: Floette|Dazzling Gleam|p2a: Gardevoir|[spread] 
|-activate|p2a: Gardevoir|move: Protect
|-activate|p2b: Talonflame|move: Protect
|
|upkeep
|turn|8
|
|t:|1784208184
|move|p2b: Talonflame|Tailwind|p2b: Talonflame
|-sidestart|p2: fazelicious|move: Tailwind
|move|p1a: Grimmsnarl|Parting Shot|p2b: Talonflame
|-unboost|p2b: Talonflame|atk|1
|-unboost|p2b: Talonflame|spa|1
|
|t:|1784208190
|switch|p1a: Espathra|Espathra, L50, F|75/100|[from] Parting Shot
|move|p2a: Gardevoir|Hyper Voice|p1b: Floette|[spread] p1a,p1b
|-damage|p1a: Espathra|40/100
|-damage|p1b: Floette|54/100
|move|p1b: Floette|Chilling Water|p2b: Talonflame
|-supereffective|p2b: Talonflame|1
|-damage|p2b: Talonflame|37/100
|-unboost|p2b: Talonflame|atk|1
|
|-heal|p1a: Espathra|46/100|[from] item: Leftovers
|upkeep
|turn|9
|
|t:|1784208211
|switch|p1b: Grimmsnarl|Grimmsnarl, L50, M|25/100
|move|p1a: Espathra|Protect|p1a: Espathra
|-singleturn|p1a: Espathra|Protect
|move|p2b: Talonflame|Dual Wingbeat|p1b: Grimmsnarl
|-damage|p1b: Grimmsnarl|19/100
|-damage|p1b: Grimmsnarl|13/100
|-hitcount|p1b: Grimmsnarl|2
|move|p2a: Gardevoir|Hyper Voice|p1a: Espathra|[spread] p1b
|-activate|p1a: Espathra|move: Protect
|-supereffective|p1b: Grimmsnarl|1
|-damage|p1b: Grimmsnarl|0 fnt
|faint|p1b: Grimmsnarl
|
|-heal|p1a: Espathra|51/100|[from] item: Leftovers
|-ability|p1a: Espathra|Speed Boost|boost
|-boost|p1a: Espathra|spe|1
|upkeep
|
|t:|1784208226
|switch|p1b: Floette|Floette-Mega, L50, F|54/100
|-ability|p1b: Floette|Fairy Aura
|turn|10
|
|t:|1784208232
|move|p2b: Talonflame|Dual Wingbeat|p1b: Floette
|-damage|p1b: Floette|45/100
|-damage|p1b: Floette|37/100
|-hitcount|p1b: Floette|2
|move|p2a: Gardevoir|Hyper Voice|p1b: Floette|[spread] p1a,p1b
|-damage|p1a: Espathra|19/100
|-damage|p1b: Floette|15/100
|move|p1a: Espathra|Calm Mind|p1a: Espathra
|-boost|p1a: Espathra|spa|1
|-boost|p1a: Espathra|spd|1
|move|p1b: Floette|Dazzling Gleam|p2b: Talonflame|[spread] p2a,p2b
|-resisted|p2b: Talonflame|1
|-damage|p2a: Gardevoir|0 fnt
|-damage|p2b: Talonflame|3/100
|faint|p2a: Gardevoir
|
|-heal|p1a: Espathra|25/100|[from] item: Leftovers
|-ability|p1a: Espathra|Speed Boost|boost
|-boost|p1a: Espathra|spe|1
|upkeep
|
|t:|1784208240
|switch|p2a: Basculegion|Basculegion, L50, M, shiny|100/100
|turn|11
|inactive|nem_foka has 30 seconds left.
|
|t:|1784208269
|move|p2b: Talonflame|Protect|p2b: Talonflame
|-singleturn|p2b: Talonflame|Protect
|move|p1a: Espathra|Protect|p1a: Espathra
|-singleturn|p1a: Espathra|Protect
|move|p1b: Floette|Protect|p1b: Floette
|-singleturn|p1b: Floette|Protect
|move|p2a: Basculegion|Aqua Jet|p1b: Floette
|-activate|p1b: Floette|move: Protect
|
|-heal|p1a: Espathra|31/100|[from] item: Leftovers
|-sideend|p2: fazelicious|move: Tailwind
|-ability|p1a: Espathra|Speed Boost|boost
|-boost|p1a: Espathra|spe|1
|upkeep
|turn|12
|inactive|nem_foka has 30 seconds left.
|inactive|nem_foka has 20 seconds left.
|inactive|nem_foka has 15 seconds left.
|
|t:|1784208310
|move|p1b: Floette|Protect||[still]
|-fail|p1b: Floette
|move|p2a: Basculegion|Aqua Jet|p1b: Floette
|-damage|p1b: Floette|0 fnt
|faint|p1b: Floette
|move|p1a: Espathra|Lumina Crash|p2a: Basculegion
|-damage|p2a: Basculegion|62/100
|-unboost|p2a: Basculegion|spd|2
|move|p2b: Talonflame|Dual Wingbeat|p1a: Espathra
|-damage|p1a: Espathra|23/100
|-damage|p1a: Espathra|15/100
|-hitcount|p1a: Espathra|2
|
|-heal|p1a: Espathra|21/100|[from] item: Leftovers
|-ability|p1a: Espathra|Speed Boost|boost
|-boost|p1a: Espathra|spe|1
|upkeep
|turn|13
|inactive|fazelicious has 30 seconds left.
|
|t:|1784208335
|move|p1a: Espathra|Protect|p1a: Espathra
|-singleturn|p1a: Espathra|Protect
|move|p2a: Basculegion|Aqua Jet|p1a: Espathra
|-activate|p1a: Espathra|move: Protect
|move|p2b: Talonflame|Dual Wingbeat|p1a: Espathra
|-activate|p1a: Espathra|move: Protect
|
|-heal|p1a: Espathra|27/100|[from] item: Leftovers
|-ability|p1a: Espathra|Speed Boost|boost
|-boost|p1a: Espathra|spe|1
|upkeep
|turn|14
|
|t:|1784208346
|move|p2a: Basculegion|Aqua Jet|p1a: Espathra
|-damage|p1a: Espathra|0 fnt
|faint|p1a: Espathra
|
|win|fazelicious
|raw|nem_foka's rating: 1097 → 1069(-28 for losing)
|raw|fazelicious's rating: 1043 → 1082(+39 for winning)
