|j|☆JeffsFries
|j|☆sum1dum
|html|JeffsFriessum1dum    
|uhtml|bestof|Game 2 of a best-of-3
|t:|1785725065
|gametype|doubles
|player|p1|JeffsFries|alder|1033
|player|p2|sum1dum|rosa|1146
|gen|9
|tier|[Gen 9 Champions] VGC 2026 Reg M-B (Bo3)
|rated|
|rule|Species Clause: Limit one of each Pokémon
|rule|Item Clause: Limit 1 of each item
|clearpoke
|poke|p1|Ninetales-Alola, L50, M|
|poke|p1|Medicham, L50, F|
|poke|p1|Raichu, L50, F|
|poke|p1|Aerodactyl, L50, F|
|poke|p1|Maushold-Four, L50|
|poke|p1|Basculegion, L50, M|
|poke|p2|Gliscor, L50, M|
|poke|p2|Primarina, L50, M|
|poke|p2|Metagross, L50|
|poke|p2|Ninetales-Alola, L50, F|
|poke|p2|Incineroar, L50, M|
|poke|p2|Sinistcha, L50|
|teampreview|4
|showteam|p1|Ninetales-Alola||NeverMeltIce|SnowWarning|Blizzard,FreezeDry,Protect,Encore|Timid||M|||50|]Medicham||Medichamite|PurePower|FakeOut,CloseCombat,PsychoCut,Protect|Adamant||F|||50|]Raichu||RaichuniteY|Static|ZapCannon,Protect,FakeOut,FocusBlast|Timid||F|||50|]Aerodactyl||FocusSash|Unnerve|RockSlide,Tailwind,DualWingbeat,Protect|Jolly||F|||50|]Maushold-Four||ChopleBerry|FriendGuard|FollowMe,Protect,SuperFang,Taunt|Impish|||||50|]Basculegion||LifeOrb|Adaptability|LastRespects,AquaJet,WaveCrash,Protect|Adamant||M|||50|
|showteam|p2|Gliscor||LifeOrb|HyperCutter|DualWingbeat,HighHorsepower,Protect,RockSlide|Jolly||M|||50|]Primarina||Leftovers|LiquidVoice|CalmMind,HyperVoice,Moonblast,Protect|Modest||M|||50|]Metagross||Metagrossite|ClearBody|BulletPunch,IronHead,Protect,PsychicFangs|Jolly|||||50|]Ninetales-Alola||LightClay|SnowWarning|AuroraVeil,FreezeDry,Moonblast,Protect|Timid||F|||50|]Incineroar||ChopleBerry|Intimidate|FakeOut,FlareBlitz,DarkestLariat,PartingShot|Impish||M|||50|]Sinistcha||SitrusBerry|Hospitality|MatchaGotcha,Protect,LifeDew,RagePowder|Bold|||||50|
|inactive|Battle timer is ON: inactive players will automatically lose when time's up. (requested by sum1dum)
|j| squidnasty22
|l| squidnasty22
|inactive|JeffsFries has 60 seconds left.
|
|t:|1785725102
|teamsize|p1|4
|teamsize|p2|4
|start
|switch|p1a: Maushold|Maushold-Four, L50|100/100
|switch|p1b: Aerodactyl|Aerodactyl, L50, F|100/100
|switch|p2a: Incineroar|Incineroar, L50, M|100/100
|switch|p2b: Metagross|Metagross, L50|100/100
|-ability|p1b: Aerodactyl|Unnerve
|-ability|p2a: Incineroar|Intimidate|boost
|-unboost|p1a: Maushold|atk|1
|-unboost|p1b: Aerodactyl|atk|1
|turn|1
|
|t:|1785725115
|move|p2b: Metagross|Protect|p2b: Metagross
|-singleturn|p2b: Metagross|Protect
|move|p2a: Incineroar|Fake Out|p1a: Maushold
|-damage|p1a: Maushold|85/100
|cant|p1a: Maushold|flinch
|move|p1b: Aerodactyl|Tailwind|p1b: Aerodactyl
|-sidestart|p1: JeffsFries|move: Tailwind
|
|upkeep
|turn|2
|c|☆sum1dum|dammit I misclicked
|c|☆JeffsFries|Yeah wasn't sure lmao
|inactive|sum1dum has 30 seconds left.
|inactive|sum1dum has 20 seconds left.
|inactive|sum1dum has 15 seconds left.
|c|☆JeffsFries|Incineroar is nuts I'm trying to use a team without it
|inactive|sum1dum has 10 seconds left.
|
|t:|1785725164
|detailschange|p2b: Metagross|Metagross-Mega, L50
|-mega|p2b: Metagross|Metagross|Metagrossite
|move|p2b: Metagross|Protect||[still]
|-fail|p2b: Metagross
|move|p1b: Aerodactyl|Rock Slide|p2a: Incineroar|[spread] p2a,p2b
|-supereffective|p2a: Incineroar|1
|-resisted|p2b: Metagross|1
|-damage|p2a: Incineroar|73/100
|-damage|p2b: Metagross|93/100
|move|p1a: Maushold|Taunt|p2a: Incineroar
|-start|p2a: Incineroar|move: Taunt
|move|p2a: Incineroar|Flare Blitz|p1a: Maushold
|-damage|p1a: Maushold|13/100
|-damage|p2a: Incineroar|55/100|[from] Recoil
|
|upkeep
|turn|3
|
|t:|1785725186
|move|p1a: Maushold|Protect|p1a: Maushold
|-singleturn|p1a: Maushold|Protect
|move|p2b: Metagross|Bullet Punch|p1a: Maushold
|-activate|p1a: Maushold|move: Protect
|move|p1b: Aerodactyl|Rock Slide|p2a: Incineroar|[spread] p2a,p2b
|-supereffective|p2a: Incineroar|1
|-resisted|p2b: Metagross|1
|-damage|p2a: Incineroar|28/100
|-damage|p2b: Metagross|87/100
|move|p2a: Incineroar|Flare Blitz|p1b: Aerodactyl
|-resisted|p1b: Aerodactyl|1
|-damage|p1b: Aerodactyl|70/100
|-damage|p2a: Incineroar|20/100y|[from] Recoil
|
|upkeep
|turn|4
|inactive|JeffsFries has 30 seconds left.
|
|t:|1785725214
|switch|p2a: Sinistcha|Sinistcha, L50|100/100
|-heal|p2b: Metagross|100/100|[from] ability: Hospitality|[of] p2a: Sinistcha
|move|p1a: Maushold|Follow Me|p1a: Maushold
|-singleturn|p1a: Maushold|move: Follow Me
|move|p2b: Metagross|Bullet Punch|p1a: Maushold
|-damage|p1a: Maushold|0 fnt
|faint|p1a: Maushold
|move|p1b: Aerodactyl|Rock Slide|p2a: Sinistcha|[spread] p2a,p2b
|-resisted|p2b: Metagross|1
|-damage|p2a: Sinistcha|85/100
|-damage|p2b: Metagross|93/100
|
|-sideend|p1: JeffsFries|move: Tailwind
|upkeep
|
|t:|1785725228
|switch|p1a: Basculegion|Basculegion, L50, M|100/100
|turn|5
|
|t:|1785725238
|switch|p2b: Incineroar|Incineroar, L50, M|20/100y
|-ability|p2b: Incineroar|Intimidate|boost
|-unboost|p1a: Basculegion|atk|1
|-unboost|p1b: Aerodactyl|atk|1
|move|p1b: Aerodactyl|Tailwind|p1b: Aerodactyl
|-sidestart|p1: JeffsFries|move: Tailwind
|move|p1a: Basculegion|Last Respects|p2a: Sinistcha
|-supereffective|p2a: Sinistcha|1
|-damage|p2a: Sinistcha|0 fnt
|faint|p2a: Sinistcha
|-damage|p1a: Basculegion|90/100|[from] item: Life Orb
|
|upkeep
|
|t:|1785725240
|switch|p2a: Metagross|Metagross-Mega, L50|93/100
|turn|6
|
|t:|1785725255
|switch|p2b: Gliscor|Gliscor, L50, M|100/100
|move|p1b: Aerodactyl|Protect|p1b: Aerodactyl
|-singleturn|p1b: Aerodactyl|Protect
|move|p1a: Basculegion|Aqua Jet|p2b: Gliscor
|-supereffective|p2b: Gliscor|1
|-damage|p2b: Gliscor|48/100
|-damage|p1a: Basculegion|80/100|[from] item: Life Orb
|move|p2a: Metagross|Bullet Punch|p1b: Aerodactyl
|-activate|p1b: Aerodactyl|move: Protect
|
|upkeep
|turn|7
|inactive|JeffsFries has 30 seconds left.
|
|t:|1785725281
|switch|p1b: Raichu|Raichu, L50, F|100/100
|switch|p2b: Incineroar|Incineroar, L50, M|20/100y
|-ability|p2b: Incineroar|Intimidate|boost
|-unboost|p1a: Basculegion|atk|1
|-unboost|p1b: Raichu|atk|1
|move|p1a: Basculegion|Aqua Jet|p2b: Incineroar
|-supereffective|p2b: Incineroar|1
|-damage|p2b: Incineroar|0 fnt
|faint|p2b: Incineroar
|-damage|p1a: Basculegion|71/100|[from] item: Life Orb
|move|p2a: Metagross|Bullet Punch|p1b: Raichu
|-resisted|p1b: Raichu|1
|-damage|p1b: Raichu|67/100
|
|upkeep
|
|t:|1785725283
|switch|p2b: Gliscor|Gliscor, L50, M|48/100
|turn|8
|inactive|JeffsFries has 30 seconds left.
|inactive|JeffsFries has 20 seconds left.
|
|t:|1785725319
|switch|p1b: Aerodactyl|Aerodactyl, L50, F|70/100
|-ability|p1b: Aerodactyl|Unnerve
|move|p2a: Metagross|Protect|p2a: Metagross
|-singleturn|p2a: Metagross|Protect
|move|p2b: Gliscor|Protect|p2b: Gliscor
|-singleturn|p2b: Gliscor|Protect
|move|p1a: Basculegion|Aqua Jet|p2b: Gliscor
|-activate|p2b: Gliscor|move: Protect
|
|-sideend|p1: JeffsFries|move: Tailwind
|upkeep
|turn|9
|
|t:|1785725341
|move|p2a: Metagross|Bullet Punch|p1b: Aerodactyl
|-supereffective|p1b: Aerodactyl|1
|-damage|p1b: Aerodactyl|0 fnt
|faint|p1b: Aerodactyl
|move|p2b: Gliscor|High Horsepower|p1a: Basculegion
|-damage|p1a: Basculegion|9/100
|-damage|p2b: Gliscor|38/100|[from] item: Life Orb
|move|p1a: Basculegion|Wave Crash|p2b: Gliscor
|-supereffective|p2b: Gliscor|1
|-damage|p2b: Gliscor|0 fnt
|faint|p2b: Gliscor
|-damage|p1a: Basculegion|0 fnt|[from] Recoil
|faint|p1a: Basculegion
|
|upkeep
|
|t:|1785725357
|switch|p1b: Raichu|Raichu, L50, F|67/100
|turn|10
|
|t:|1785725366
|detailschange|p1b: Raichu|Raichu-Mega-Y, L50, F
|-mega|p1b: Raichu|Raichu|Raichunite Y
|move|p2a: Metagross|Protect|p2a: Metagross
|-singleturn|p2a: Metagross|Protect
|move|p1b: Raichu|Fake Out|p2a: Metagross
|-activate|p2a: Metagross|move: Protect
|
|upkeep
|turn|11
|
|t:|1785725377
|move|p1b: Raichu|Zap Cannon|p2a: Metagross
|-damage|p2a: Metagross|17/100
|-status|p2a: Metagross|par
|move|p2a: Metagross|Psychic Fangs|p1b: Raichu
|-damage|p1b: Raichu|0 fnt
|faint|p1b: Raichu
|
|win|sum1dum
|raw|JeffsFries's rating: 1033 → 1023(-10 for losing)
|raw|sum1dum's rating: 1146 → 1163(+17 for winning)
