|j|☆geosts
|j|☆AndruAkd14
|html|geostsAndruAkd14    
|uhtml|bestof|Game 3 of a best-of-3
|t:|1757112640
|gametype|doubles
|player|p1|geosts|ethan|
|player|p2|AndruAkd14|265|
|gen|9
|tier|[Gen 9] VGC 2025 Reg H (Bo3)
|rule|Species Clause: Limit one of each Pokémon
|rule|Item Clause: Limit 1 of each item
|clearpoke
|poke|p1|Rillaboom, L50, M|
|poke|p1|Basculegion, L50, M|
|poke|p1|Ursaluna-Bloodmoon, L50, M|
|poke|p1|Murkrow, L50, M|
|poke|p1|Pelipper, L50, M|
|poke|p1|Archaludon, L50, M|
|poke|p2|Ursaluna, L50, M|
|poke|p2|Jumpluff, L50, F|
|poke|p2|Charizard, L50, M|
|poke|p2|Torkoal, L50, M|
|poke|p2|Incineroar, L50, F|
|poke|p2|Porygon2, L50|
|teampreview|4
|showteam|p1|Rillaboom||MiracleSeed|GrassySurge|GrassyGlide,WoodHammer,Taunt,FakeOut|||M|||50|,,,,,Fire]Basculegion||ChoiceBand|SwiftSwim|WaveCrash,AquaJet,LastRespects,FlipTurn|||M|||50|,,,,,Grass]Ursaluna-Bloodmoon||LifeOrb|MindsEye|BloodMoon,EarthPower,HyperVoice,Protect|||M|||50|,,,,,Ghost]Murkrow||Eviolite|Prankster|Haze,FoulPlay,RainDance,Tailwind|||M|||50|,,,,,Ghost]Pelipper||FocusSash|Drizzle|WeatherBall,Hurricane,Protect,WideGuard|||M|||50|,,,,,Stellar]Archaludon||AssaultVest|Stamina|DragonPulse,BodyPress,FlashCannon,ElectroShot|||M|||50|,,,,,Bug
|showteam|p2|Ursaluna||FlameOrb|Guts|HeadlongRush,Facade,Earthquake,Protect|||M|||50|,,,,,Ghost]Jumpluff||CovertCloak|Chlorophyll|SleepPowder,SunnyDay,Tailwind,RagePowder|||F|||50|,,,,,Water]Charizard||ChoiceSpecs|SolarPower|AirSlash,HeatWave,Overheat,WeatherBall|||M|||50|,,,,,Ghost]Torkoal||EjectPack|Drought|HelpingHand,Eruption,Overheat,Protect|||M|||50|,,,,,Fire]Incineroar||SitrusBerry|Intimidate|FakeOut,FlareBlitz,KnockOff,PartingShot|||F|||50|,,,,,Ghost]Porygon2||Eviolite|Download|TeraBlast,IceBeam,Recover,TrickRoom||||||50|,,,,,Fighting
|inactive|Battle timer is ON: inactive players will automatically lose when time's up. (requested by geosts)
|j| frankina
|j| TTL Sann
|j| ponje
|j| Zeepel
|inactive|geosts has 60 seconds left.
|inactive|AndruAkd14 has 60 seconds left.
|inactive|geosts has 30 seconds left.
|inactive|geosts has 20 seconds left.
|inactive|geosts has 15 seconds left.
|c|☆geosts|Che se me vino
|inactive|geosts has 10 seconds left.
|inactiveoff|Battle timer is now OFF.
|c|☆geosts|Bugio
|c|☆geosts|Me pone para elegir 3 slot sin elegir mi segundo
|c|☆geosts|Ai ya creo
|
|t:|1757112786
|teamsize|p1|4
|teamsize|p2|4
|start
|switch|p1a: Basculegion|Basculegion, L50, M|100/100
|switch|p1b: Rillaboom|Rillaboom, L50, M|100/100
|switch|p2a: Porygon2|Porygon2, L50|100/100
|switch|p2b: Jumpluff|Jumpluff, L50, F|100/100
|-fieldstart|move: Grassy Terrain|[from] ability: Grassy Surge|[of] p1b: Rillaboom
|-ability|p2a: Porygon2|Download|boost
|-boost|p2a: Porygon2|spa|1
|turn|1
|inactive|Battle timer is ON: inactive players will automatically lose when time's up. (requested by geosts)
|inactive|geosts has 30 seconds left.
|inactive|AndruAkd14 has 30 seconds left.
|inactive|geosts has 20 seconds left.
|inactive|geosts has 15 seconds left.
|inactive|geosts has 10 seconds left.
|
|t:|1757112837
|switch|p2a: Torkoal|Torkoal, L50, M|100/100
|-weather|SunnyDay|[from] ability: Drought|[of] p2a: Torkoal
|-terastallize|p1a: Basculegion|Grass
|move|p1b: Rillaboom|Fake Out|p2a: Torkoal
|-damage|p2a: Torkoal|90/100
|move|p2b: Jumpluff|Sleep Powder|p1a: Basculegion
|-immune|p1a: Basculegion
|move|p1a: Basculegion|Flip Turn|p2a: Torkoal
|-supereffective|p2a: Torkoal
|-damage|p2a: Torkoal|53/100
|
|t:|1757112848
|switch|p1a: Pelipper|Pelipper, L50, M|100/100|[from] Flip Turn
|-weather|RainDance|[from] ability: Drizzle|[of] p1a: Pelipper
|
|-weather|RainDance|[upkeep]
|-heal|p2a: Torkoal|59/100|[from] Grassy Terrain
|upkeep
|turn|2
|inactive|geosts has 30 seconds left.
|inactive|AndruAkd14 has 30 seconds left.
|j| Dhrauren
|inactive|geosts has 20 seconds left.
|inactive|AndruAkd14 has 20 seconds left.
|inactive|geosts has 15 seconds left.
|inactive|AndruAkd14 has 15 seconds left.
|inactive|geosts has 10 seconds left.
|inactive|geosts has 5 seconds left.
|
|t:|1757112901
|switch|p1b: Murkrow|Murkrow, L50, M|100/100
|switch|p2a: Porygon2|Porygon2, L50|100/100
|-ability|p2a: Porygon2|Download|boost
|-boost|p2a: Porygon2|spa|1
|move|p2b: Jumpluff|Sunny Day|p2b: Jumpluff
|-weather|SunnyDay
|move|p1a: Pelipper|Weather Ball|p2a: Porygon2
|-damage|p2a: Porygon2|73/100
|
|-weather|SunnyDay|[upkeep]
|-heal|p2a: Porygon2|79/100|[from] Grassy Terrain
|upkeep
|turn|3
|inactive|geosts has 30 seconds left.
|inactive|AndruAkd14 has 30 seconds left.
|
|t:|1757112936
|switch|p1a: Rillaboom|Rillaboom, L50, M|100/100
|move|p1b: Murkrow|Rain Dance|p1b: Murkrow
|-weather|RainDance
|move|p2b: Jumpluff|Sleep Powder|p1b: Murkrow
|-status|p1b: Murkrow|slp|[from] move: Sleep Powder
|move|p2a: Porygon2|Trick Room|p2a: Porygon2
|-fieldstart|move: Trick Room|[of] p2a: Porygon2
|
|-weather|RainDance|[upkeep]
|-heal|p2a: Porygon2|85/100|[from] Grassy Terrain
|upkeep
|turn|4
|inactive|geosts has 30 seconds left.
|inactive|AndruAkd14 has 30 seconds left.
|inactive|geosts has 20 seconds left.
|inactive|geosts has 15 seconds left.
|inactive|geosts has 10 seconds left.
|inactive|geosts has 5 seconds left.
|
|t:|1757112987
|switch|p2b: Torkoal|Torkoal, L50, M|59/100
|-weather|SunnyDay|[from] ability: Drought|[of] p2b: Torkoal
|cant|p1b: Murkrow|slp
|move|p1a: Rillaboom|Grassy Glide|p2b: Torkoal
|-resisted|p2b: Torkoal
|-damage|p2b: Torkoal|43/100
|move|p2a: Porygon2|Ice Beam|p1a: Rillaboom
|-supereffective|p1a: Rillaboom
|-damage|p1a: Rillaboom|11/100
|
|-weather|SunnyDay|[upkeep]
|-heal|p2b: Torkoal|49/100|[from] Grassy Terrain
|-heal|p2a: Porygon2|92/100|[from] Grassy Terrain
|-heal|p1a: Rillaboom|17/100|[from] Grassy Terrain
|upkeep
|turn|5
|inactive|geosts has 30 seconds left.
|inactive|AndruAkd14 has 30 seconds left.
|inactive|geosts has 20 seconds left.
|inactive|geosts has 15 seconds left.
|
|t:|1757113029
|switch|p1a: Pelipper|Pelipper, L50, M|100/100
|-weather|RainDance|[from] ability: Drizzle|[of] p1a: Pelipper
|cant|p1b: Murkrow|slp
|move|p2b: Torkoal|Overheat|p1a: Pelipper
|-resisted|p1a: Pelipper
|-damage|p1a: Pelipper|80/100
|-unboost|p2b: Torkoal|spa|2
|-enditem|p2b: Torkoal|Eject Pack
|
|t:|1757113043
|switch|p2b: Ursaluna|Ursaluna, L50, M|100/100
|move|p2a: Porygon2|Ice Beam|p1b: Murkrow
|-supereffective|p1b: Murkrow
|-damage|p1b: Murkrow|19/100 slp
|
|-weather|RainDance|[upkeep]
|-heal|p2a: Porygon2|98/100|[from] Grassy Terrain
|-fieldend|move: Grassy Terrain
|-status|p2b: Ursaluna|brn|[from] item: Flame Orb
|upkeep
|turn|6
|inactive|geosts has 30 seconds left.
|inactive|AndruAkd14 has 30 seconds left.
|inactive|geosts has 20 seconds left.
|
|t:|1757113083
|switch|p1b: Basculegion|Basculegion, L50, M, tera:Grass|100/100
|move|p1a: Pelipper|Protect|p1a: Pelipper
|-singleturn|p1a: Pelipper|Protect
|move|p2a: Porygon2|Ice Beam|p1b: Basculegion
|-supereffective|p1b: Basculegion
|-damage|p1b: Basculegion|24/100
|move|p2b: Ursaluna|Facade|p1a: Pelipper
|-activate|p1a: Pelipper|move: Protect
|
|-weather|RainDance|[upkeep]
|-damage|p2b: Ursaluna|95/100 brn|[from] brn
|upkeep
|turn|7
|inactive|AndruAkd14 has 30 seconds left.
|inactive|AndruAkd14 has 20 seconds left.
|
|t:|1757113120
|switch|p1b: Rillaboom|Rillaboom, L50, M|17/100
|-fieldstart|move: Grassy Terrain|[from] ability: Grassy Surge|[of] p1b: Rillaboom
|move|p2b: Ursaluna|Protect|p2b: Ursaluna
|-singleturn|p2b: Ursaluna|Protect
|move|p2a: Porygon2|Ice Beam|p1b: Rillaboom
|-supereffective|p1b: Rillaboom
|-damage|p1b: Rillaboom|0 fnt
|faint|p1b: Rillaboom
|move|p1a: Pelipper|Weather Ball|p2b: Ursaluna
|-activate|p2b: Ursaluna|move: Protect
|
|-weather|RainDance|[upkeep]
|-heal|p2a: Porygon2|100/100|[from] Grassy Terrain
|-heal|p2b: Ursaluna|100/100 brn|[from] Grassy Terrain
|-damage|p2b: Ursaluna|95/100 brn|[from] brn
|-fieldend|move: Trick Room
|upkeep
|l| Dhrauren
|
|t:|1757113135
|switch|p1b: Basculegion|Basculegion, L50, M, tera:Grass|24/100
|turn|8
|
|t:|1757113159
|switch|p2b: Torkoal|Torkoal, L50, M|49/100
|-weather|SunnyDay|[from] ability: Drought|[of] p2b: Torkoal
|move|p1b: Basculegion|Wave Crash|p2a: Porygon2
|-damage|p2a: Porygon2|74/100
|-damage|p1b: Basculegion|15/100|[from] Recoil
|move|p1a: Pelipper|Weather Ball|p2b: Torkoal
|-resisted|p2b: Torkoal
|-damage|p2b: Torkoal|19/100
|move|p2a: Porygon2|Ice Beam|p1b: Basculegion
|-supereffective|p1b: Basculegion
|-damage|p1b: Basculegion|0 fnt
|faint|p1b: Basculegion
|
|-weather|SunnyDay|[upkeep]
|-heal|p2a: Porygon2|80/100|[from] Grassy Terrain
|-heal|p2b: Torkoal|25/100|[from] Grassy Terrain
|upkeep
|j| Dhrauren
|
|t:|1757113162
|switch|p1b: Murkrow|Murkrow, L50, M|19/100 slp
|turn|9
|l| TTL Sann
|inactive|AndruAkd14 has 30 seconds left.
|l| Zeepel
|l| ponje
|
|t:|1757113197
|move|p2b: Torkoal|Protect|p2b: Torkoal
|-singleturn|p2b: Torkoal|Protect
|-curestatus|p1b: Murkrow|slp|[msg]
|move|p1b: Murkrow|Rain Dance|p1b: Murkrow
|-weather|RainDance
|move|p1a: Pelipper|Weather Ball|p2a: Porygon2
|-damage|p2a: Porygon2|37/100
|move|p2a: Porygon2|Ice Beam|p1b: Murkrow
|-supereffective|p1b: Murkrow
|-damage|p1b: Murkrow|0 fnt
|faint|p1b: Murkrow
|
|-weather|RainDance|[upkeep]
|-heal|p2a: Porygon2|44/100|[from] Grassy Terrain
|-heal|p2b: Torkoal|32/100|[from] Grassy Terrain
|upkeep
|turn|10
|
|t:|1757113217
|switch|p2b: Jumpluff|Jumpluff, L50, F|100/100
|move|p1a: Pelipper|Weather Ball|p2a: Porygon2
|-damage|p2a: Porygon2|4/100
|move|p2a: Porygon2|Recover|p2a: Porygon2
|-heal|p2a: Porygon2|54/100
|
|-weather|RainDance|[upkeep]
|-heal|p2a: Porygon2|60/100|[from] Grassy Terrain
|upkeep
|turn|11
|j| pocketsnivy
|
|t:|1757113239
|move|p2b: Jumpluff|Sunny Day|p2b: Jumpluff
|-weather|SunnyDay
|move|p1a: Pelipper|Weather Ball|p2a: Porygon2
|-damage|p2a: Porygon2|33/100
|move|p2a: Porygon2|Tera Blast|p1a: Pelipper
|-damage|p1a: Pelipper|14/100
|
|-weather|SunnyDay|[upkeep]
|-heal|p2a: Porygon2|40/100|[from] Grassy Terrain
|-fieldend|move: Grassy Terrain
|upkeep
|turn|12
|
|t:|1757113260
|move|p2b: Jumpluff|Rage Powder|p2b: Jumpluff
|-singleturn|p2b: Jumpluff|move: Rage Powder
|move|p1a: Pelipper|Weather Ball|p2b: Jumpluff
|-supereffective|p2b: Jumpluff
|-damage|p2b: Jumpluff|3/100
|move|p2a: Porygon2|Tera Blast|p1a: Pelipper
|-damage|p1a: Pelipper|0 fnt
|faint|p1a: Pelipper
|
|win|AndruAkd14
|l| Dhrauren
|l| frankina
|c|☆AndruAkd14|gg
|l| pocketsnivy
|c|☆geosts|Gg
