|j|☆Xfede77
|j|☆JuanGuerrero09
|html|Xfede77JuanGuerrero09    
|uhtml|bestof|Game 2 of a best-of-3
|t:|1757156246
|gametype|doubles
|player|p1|Xfede77|giovanni|1043
|player|p2|JuanGuerrero09|170|1125
|gen|9
|tier|[Gen 9] VGC 2025 Reg H (Bo3)
|rated|
|rule|Species Clause: Limit one of each Pokémon
|rule|Item Clause: Limit 1 of each item
|clearpoke
|poke|p1|Rillaboom, L50, F|
|poke|p1|Kommo-o, L50, M|
|poke|p1|Incineroar, L50, M|
|poke|p1|Basculegion-F, L50, F|
|poke|p1|Gothitelle, L50, M|
|poke|p1|Politoed, L50, M|
|poke|p2|Sneasler, L50, M|
|poke|p2|Indeedee, L50, M|
|poke|p2|Tyranitar, L50, M|
|poke|p2|Excadrill, L50, M|
|poke|p2|Gholdengo, L50|
|poke|p2|Incineroar, L50, M|
|teampreview|4
|showteam|p1|Rillaboom||AssaultVest|GrassySurge|GrassyGlide,WoodHammer,FakeOut,Uturn|||F|||50|,,,,,Poison]Kommo-o||GrassySeed|Soundproof|BodyPress,ThroatChop,BulkUp,Protect|||M|||50|,,,,,Steel]Incineroar||SafetyGoggles|Intimidate|KnockOff,Protect,FakeOut,PartingShot|||M|||50|,,,,,Ghost]Basculegion-F||LifeOrb|SwiftSwim|ShadowBall,HydroPump,IceBeam,Protect|||F|||50|,,,,,Stellar]Gothitelle||Leftovers|ShadowTag|Protect,PsychicNoise,TrickRoom,FakeOut|||M|||50|,,,,,Fairy]Politoed||CovertCloak|Drizzle|WeatherBall,PerishSong,HelpingHand,Protect|||M|||50|,,,,,Grass
|showteam|p2|Sneasler||WhiteHerb|Unburden|CloseCombat,DireClaw,FakeOut,Protect|||M|||50|,,,,,Dark]Indeedee||ChoiceScarf|PsychicSurge|ExpandingForce,TeraBlast,Trick,Protect|||M|||50|,,,,,Fire]Tyranitar||AssaultVest|SandStream|RockSlide,KnockOff,TeraBlast,LowKick|||M|||50|,,,,,Flying]Excadrill||FocusSash|SandRush|HighHorsepower,Earthquake,IronHead,Protect|||M|||50|,,,,,Ground]Gholdengo||MetalCoat|GoodasGold|ShadowBall,Protect,MakeItRain,NastyPlot||||||50|,,,,,Water]Incineroar||SafetyGoggles|Intimidate|FakeOut,KnockOff,FlareBlitz,PartingShot|||M|||50|,,,,,Ghost
|
|t:|1757156293
|teamsize|p1|4
|teamsize|p2|4
|start
|switch|p1a: Basculegion|Basculegion-F, L50, F|100/100
|switch|p1b: Rillaboom|Rillaboom, L50, F, shiny|100/100
|switch|p2a: Tyranitar|Tyranitar, L50, M|100/100
|switch|p2b: Incineroar|Incineroar, L50, M|100/100
|-fieldstart|move: Grassy Terrain|[from] ability: Grassy Surge|[of] p1b: Rillaboom
|-ability|p2b: Incineroar|Intimidate|boost
|-unboost|p1a: Basculegion|atk|1
|-unboost|p1b: Rillaboom|atk|1
|-weather|Sandstorm|[from] ability: Sand Stream|[of] p2a: Tyranitar
|turn|1
|
|t:|1757156329
|-terastallize|p2a: Tyranitar|Flying
|move|p1a: Basculegion|Protect|p1a: Basculegion
|-singleturn|p1a: Basculegion|Protect
|move|p2b: Incineroar|Fake Out|p1b: Rillaboom
|-damage|p1b: Rillaboom|90/100
|cant|p1b: Rillaboom|flinch
|move|p2a: Tyranitar|Knock Off|p1a: Basculegion
|-activate|p1a: Basculegion|move: Protect
|
|-weather|Sandstorm|[upkeep]
|-damage|p1a: Basculegion|94/100|[from] Sandstorm
|-damage|p1b: Rillaboom|84/100|[from] Sandstorm
|-damage|p2a: Tyranitar|95/100|[from] Sandstorm
|-heal|p1a: Basculegion|100/100|[from] Grassy Terrain
|-heal|p1b: Rillaboom|90/100|[from] Grassy Terrain
|upkeep
|turn|2
|
|t:|1757156367
|switch|p1a: Incineroar|Incineroar, L50, M|100/100
|-ability|p1a: Incineroar|Intimidate|boost
|-unboost|p2a: Tyranitar|atk|1
|-unboost|p2b: Incineroar|atk|1
|move|p1b: Rillaboom|U-turn|p2b: Incineroar
|-damage|p2b: Incineroar|87/100
|
|t:|1757156375
|switch|p1b: Politoed|Politoed, L50, M, shiny|100/100|[from] U-turn
|-weather|RainDance|[from] ability: Drizzle|[of] p1b: Politoed
|move|p2b: Incineroar|Flare Blitz|p1b: Politoed
|-resisted|p1b: Politoed
|-damage|p1b: Politoed|91/100
|-damage|p2b: Incineroar|84/100|[from] Recoil
|move|p2a: Tyranitar|Knock Off|p1a: Incineroar
|-resisted|p1a: Incineroar
|-damage|p1a: Incineroar|81/100
|-enditem|p1a: Incineroar|Safety Goggles|[from] move: Knock Off|[of] p2a: Tyranitar
|
|-weather|RainDance|[upkeep]
|-heal|p1b: Politoed|97/100|[from] Grassy Terrain
|-heal|p1a: Incineroar|87/100|[from] Grassy Terrain
|-heal|p2b: Incineroar|90/100|[from] Grassy Terrain
|upkeep
|turn|3
|
|t:|1757156404
|move|p1b: Politoed|Weather Ball|p2b: Incineroar
|-supereffective|p2b: Incineroar
|-damage|p2b: Incineroar|2/100
|move|p1a: Incineroar|Knock Off|p2a: Tyranitar
|-damage|p2a: Tyranitar|56/100
|-enditem|p2a: Tyranitar|Assault Vest|[from] move: Knock Off|[of] p1a: Incineroar
|move|p2b: Incineroar|Parting Shot|p1b: Politoed
|-unboost|p1b: Politoed|atk|1
|-unboost|p1b: Politoed|spa|1
|
|t:|1757156416
|switch|p2b: Excadrill|Excadrill, L50, M|100/100|[from] Parting Shot
|move|p2a: Tyranitar|Rock Slide|p1a: Incineroar|[spread] p1a
|-miss|p2a: Tyranitar|p1b: Politoed
|-supereffective|p1a: Incineroar
|-damage|p1a: Incineroar|45/100
|
|-weather|RainDance|[upkeep]
|-heal|p1b: Politoed|100/100|[from] Grassy Terrain
|-heal|p1a: Incineroar|51/100|[from] Grassy Terrain
|upkeep
|turn|4
|
|t:|1757156437
|-terastallize|p1a: Incineroar|Ghost
|move|p2b: Excadrill|High Horsepower|p1a: Incineroar
|-damage|p1a: Incineroar|1/100
|move|p1b: Politoed|Weather Ball|p2a: Tyranitar
|-damage|p2a: Tyranitar|27/100
|move|p1a: Incineroar|Parting Shot|p2b: Excadrill
|-unboost|p2b: Excadrill|atk|1
|-unboost|p2b: Excadrill|spa|1
|
|t:|1757156449
|switch|p1a: Rillaboom|Rillaboom, L50, F, shiny|90/100|[from] Parting Shot
|move|p2a: Tyranitar|Tera Blast|p1b: Politoed|[anim] Tera Blast Flying
|-damage|p1b: Politoed|69/100
|
|-weather|RainDance|[upkeep]
|-heal|p1b: Politoed|75/100|[from] Grassy Terrain
|-heal|p1a: Rillaboom|96/100|[from] Grassy Terrain
|upkeep
|turn|5
|
|t:|1757156468
|switch|p2a: Indeedee|Indeedee, L50, M|100/100
|-fieldstart|move: Psychic Terrain|[from] ability: Psychic Surge|[of] p2a: Indeedee
|move|p2b: Excadrill|Protect|p2b: Excadrill
|-singleturn|p2b: Excadrill|Protect
|move|p1b: Politoed|Weather Ball|p2a: Indeedee
|-damage|p2a: Indeedee|58/100
|move|p1a: Rillaboom|U-turn|p2b: Excadrill
|-activate|p2b: Excadrill|move: Protect
|
|-weather|RainDance|[upkeep]
|upkeep
|turn|6
|
|t:|1757156519
|switch|p2a: Incineroar|Incineroar, L50, M|2/100
|-ability|p2a: Incineroar|Intimidate|boost
|-unboost|p1a: Rillaboom|atk|1
|-unboost|p1b: Politoed|atk|1
|move|p2b: Excadrill|Protect|p2b: Excadrill
|-singleturn|p2b: Excadrill|Protect
|move|p1b: Politoed|Weather Ball|p2a: Incineroar
|-supereffective|p2a: Incineroar
|-damage|p2a: Incineroar|0 fnt
|faint|p2a: Incineroar
|move|p1a: Rillaboom|U-turn|p2b: Excadrill
|-activate|p2b: Excadrill|move: Protect
|
|-weather|none
|upkeep
|
|t:|1757156537
|switch|p2a: Tyranitar|Tyranitar, L50, M, tera:Flying|27/100
|-weather|Sandstorm|[from] ability: Sand Stream|[of] p2a: Tyranitar
|turn|7
|
|t:|1757156547
|switch|p1a: Incineroar|Incineroar, L50, M, tera:Ghost|1/100
|-ability|p1a: Incineroar|Intimidate|boost
|-unboost|p2a: Tyranitar|atk|1
|-unboost|p2b: Excadrill|atk|1
|move|p2b: Excadrill|Earthquake|p1b: Politoed|[spread] p1a,p1b
|-immune|p2a: Tyranitar
|-damage|p1a: Incineroar|0 fnt
|-damage|p1b: Politoed|55/100
|faint|p1a: Incineroar
|move|p1b: Politoed|Weather Ball|p2a: Tyranitar
|-supereffective|p2a: Tyranitar
|-damage|p2a: Tyranitar|0 fnt
|faint|p2a: Tyranitar
|
|-weather|Sandstorm|[upkeep]
|-damage|p1b: Politoed|48/100|[from] Sandstorm
|upkeep
|
|t:|1757156563
|switch|p1a: Basculegion|Basculegion-F, L50, F|100/100
|switch|p2a: Indeedee|Indeedee, L50, M|58/100
|turn|8
|
|t:|1757156573
|switch|p1b: Rillaboom|Rillaboom, L50, F, shiny|96/100
|-fieldstart|move: Grassy Terrain|[from] ability: Grassy Surge|[of] p1b: Rillaboom
|move|p1a: Basculegion|Protect|p1a: Basculegion
|-singleturn|p1a: Basculegion|Protect
|move|p2b: Excadrill|Iron Head|p1a: Basculegion
|-activate|p1a: Basculegion|move: Protect
|move|p2a: Indeedee|Expanding Force|p1a: Basculegion
|-activate|p1a: Basculegion|move: Protect
|
|-weather|Sandstorm|[upkeep]
|-damage|p2a: Indeedee|52/100|[from] Sandstorm
|-damage|p1a: Basculegion|94/100|[from] Sandstorm
|-damage|p1b: Rillaboom|90/100|[from] Sandstorm
|-heal|p2a: Indeedee|58/100|[from] Grassy Terrain
|-heal|p1a: Basculegion|100/100|[from] Grassy Terrain
|-heal|p1b: Rillaboom|96/100|[from] Grassy Terrain
|upkeep
|turn|9
|
|t:|1757156601
|switch|p1a: Politoed|Politoed, L50, M, shiny|48/100
|-weather|RainDance|[from] ability: Drizzle|[of] p1a: Politoed
|move|p1b: Rillaboom|Grassy Glide|p2b: Excadrill
|-damage|p2b: Excadrill|45/100
|move|p2a: Indeedee|Expanding Force|p1a: Politoed
|-damage|p1a: Politoed|20/100
|move|p2b: Excadrill|Iron Head|p1b: Rillaboom
|-damage|p1b: Rillaboom|71/100
|
|-weather|RainDance|[upkeep]
|-heal|p2a: Indeedee|63/100|[from] Grassy Terrain
|-heal|p2b: Excadrill|51/100|[from] Grassy Terrain
|-heal|p1a: Politoed|27/100|[from] Grassy Terrain
|-heal|p1b: Rillaboom|77/100|[from] Grassy Terrain
|upkeep
|turn|10
|
|t:|1757156641
|move|p2a: Indeedee|Expanding Force|p1a: Politoed
|-crit|p1a: Politoed
|-damage|p1a: Politoed|0 fnt
|faint|p1a: Politoed
|move|p2b: Excadrill|High Horsepower|p1b: Rillaboom
|-resisted|p1b: Rillaboom
|-damage|p1b: Rillaboom|63/100
|move|p1b: Rillaboom|U-turn|p2a: Indeedee
|-supereffective|p2a: Indeedee
|-damage|p2a: Indeedee|0 fnt
|faint|p2a: Indeedee
|-message|JuanGuerrero09 forfeited.
|raw|Xfede77's rating: 1043 → 1084(+41 for winning)
|raw|JuanGuerrero09's rating: 1125 → 1094(-31 for losing)
|
|win|Xfede77
