|j|☆limestone7276
|j|☆Trainer208
|html|limestone7276Trainer208    
|uhtml|bestof|Game 3 of a best-of-3
|t:|1756569771
|gametype|doubles
|player|p1|limestone7276|170|1037
|player|p2|Trainer208|gambler|1046
|gen|9
|tier|[Gen 9] VGC 2025 Reg H (Bo3)
|rated|
|rule|Species Clause: Limit one of each Pokémon
|rule|Item Clause: Limit 1 of each item
|clearpoke
|poke|p1|Porygon-Z, L50|
|poke|p1|Palafin, L50, M|
|poke|p1|Vulpix-Alola, L50, M|
|poke|p1|Volcarona, L50, F|
|poke|p1|Rillaboom, L50, M|
|poke|p1|Ursaluna, L50, M|
|poke|p2|Garganacl, L50, M|
|poke|p2|Scovillain, L50, M|
|poke|p2|Minior-Indigo, L50|
|poke|p2|Kommo-o, L50, M|
|poke|p2|Goodra-Hisui, L50, M|
|poke|p2|Charjabug, L50, M|
|teampreview|4
|showteam|p1|Porygon-Z||LifeOrb|Adaptability|Blizzard,HyperBeam,Protect,TriAttack||||||50|,,,,,Normal]Palafin||MysticWater|ZerotoHero|FlipTurn,IronHead,JetPunch,WaveCrash|||M|||50|,,,,,Water]Vulpix-Alola||Eviolite|SnowWarning|AuroraVeil,FoulPlay,HelpingHand,PainSplit|||M|||50|,,,,,Water]Volcarona||RockyHelmet|FlameBody|FieryDance,Protect,RagePowder,Tailwind|||F|||50|,,,,,Grass]Rillaboom||AssaultVest|GrassySurge|FakeOut,GrassyGlide,Uturn,WoodHammer|||M|||50|,,,,,Fire]Ursaluna||FlameOrb|Guts|Earthquake,Facade,HeadlongRush,Protect|||M|||50|,,,,,Ghost
|showteam|p2|Garganacl||RockyHelmet|PurifyingSalt|SaltCure,Sandstorm,Recover,WideGuard|||M|||50|,,,,,Ghost]Scovillain||AguavBerry|Moody|Flamethrower,GigaDrain,LeechSeed,Protect|||M|||50|,,,,,Grass]Minior-Indigo||PowerHerb|ShieldsDown|MeteorBeam,EarthPower,DazzlingGleam,ShellSmash||||||50|,,,,,Ground]Kommo-o||MagoBerry|Overcoat|ClangingScales,FlashCannon,VacuumWave,ClangorousSoul|||M|||50|,,,,,Steel]Goodra-Hisui||Leftovers|Gooey|MuddyWater,AcidSpray,LifeDew,Protect|||M|||50|,,,,,Steel]Charjabug||Eviolite|Battery|Lunge,WildCharge,EerieImpulse,Protect|||M|||50|,,,,,Electric
|
|t:|1756569828
|teamsize|p1|4
|teamsize|p2|4
|start
|switch|p1a: Ursaluna|Ursaluna, L50, M|100/100
|switch|p1b: Porygon-Z|Porygon-Z, L50|100/100
|switch|p2a: Scovillain|Scovillain, L50, M|100/100
|switch|p2b: Minior|Minior-Indigo, L50|100/100
|-formechange|p2b: Minior|Minior-Meteor||[from] ability: Shields Down
|turn|1
|
|t:|1756569870
|move|p1b: Porygon-Z|Blizzard|p2a: Scovillain|[spread] p2b
|-miss|p1b: Porygon-Z|p2a: Scovillain
|-supereffective|p2b: Minior
|-damage|p2b: Minior|0 fnt
|faint|p2b: Minior
|-damage|p1b: Porygon-Z|91/100|[from] item: Life Orb
|move|p2a: Scovillain|Flamethrower|p1b: Porygon-Z
|-damage|p1b: Porygon-Z|39/100
|move|p1a: Ursaluna|Facade|p2a: Scovillain
|-damage|p2a: Scovillain|43/100
|
|-ability|p2a: Scovillain|Moody|boost
|-boost|p2a: Scovillain|atk|2
|-unboost|p2a: Scovillain|def|1
|-status|p1a: Ursaluna|brn|[from] item: Flame Orb
|upkeep
|
|t:|1756569893
|switch|p2b: Goodra|Goodra-Hisui, L50, M|100/100
|turn|2
|
|t:|1756569912
|move|p2a: Scovillain|Protect|p2a: Scovillain
|-singleturn|p2a: Scovillain|Protect
|move|p1b: Porygon-Z|Blizzard|p2b: Goodra|[spread] p2b
|-activate|p2a: Scovillain|move: Protect
|-damage|p2b: Goodra|77/100
|-damage|p1b: Porygon-Z|29/100|[from] item: Life Orb
|move|p1a: Ursaluna|Earthquake|p2a: Scovillain|[spread] p1b,p2b
|-activate|p2a: Scovillain|move: Protect
|-supereffective|p2b: Goodra
|-damage|p1b: Porygon-Z|0 fnt
|-damage|p2b: Goodra|0 fnt
|faint|p1b: Porygon-Z
|faint|p2b: Goodra
|
|-damage|p1a: Ursaluna|95/100 brn|[from] brn
|-ability|p2a: Scovillain|Moody|boost
|-boost|p2a: Scovillain|spe|2
|-unboost|p2a: Scovillain|def|1
|upkeep
|
|t:|1756569928
|switch|p1b: Rillaboom|Rillaboom, L50, M|100/100
|switch|p2b: Kommo-o|Kommo-o, L50, M|100/100
|-fieldstart|move: Grassy Terrain|[from] ability: Grassy Surge|[of] p1b: Rillaboom
|turn|3
|
|t:|1756569964
|move|p1b: Rillaboom|Fake Out|p2b: Kommo-o
|-damage|p2b: Kommo-o|87/100
|move|p2a: Scovillain|Giga Drain|p1a: Ursaluna
|-supereffective|p1a: Ursaluna
|-damage|p1a: Ursaluna|10/100 brn
|-heal|p2a: Scovillain|100/100|[from] drain|[of] p1a: Ursaluna
|cant|p2b: Kommo-o|flinch
|move|p1a: Ursaluna|Facade|p2b: Kommo-o
|-damage|p2b: Kommo-o|0 fnt
|faint|p2b: Kommo-o
|
|-heal|p1a: Ursaluna|16/100 brn|[from] Grassy Terrain
|-damage|p1a: Ursaluna|10/100 brn|[from] brn
|-ability|p2a: Scovillain|Moody|boost
|-boost|p2a: Scovillain|atk|2
|-unboost|p2a: Scovillain|def|1
|upkeep
|turn|4
|
|t:|1756569993
|move|p2a: Scovillain|Protect|p2a: Scovillain
|-singleturn|p2a: Scovillain|Protect
|move|p1b: Rillaboom|U-turn|p2a: Scovillain
|-activate|p2a: Scovillain|move: Protect
|move|p1a: Ursaluna|Facade|p2a: Scovillain
|-activate|p2a: Scovillain|move: Protect
|
|-heal|p1a: Ursaluna|16/100 brn|[from] Grassy Terrain
|-damage|p1a: Ursaluna|10/100 brn|[from] brn
|-ability|p2a: Scovillain|Moody|boost
|-boost|p2a: Scovillain|atk|2
|-unboost|p2a: Scovillain|spe|1
|upkeep
|turn|5
|
|t:|1756570033
|move|p2a: Scovillain|Protect||[still]
|-fail|p2a: Scovillain
|move|p1b: Rillaboom|U-turn|p2a: Scovillain
|-damage|p2a: Scovillain|4/100
|-enditem|p2a: Scovillain|Aguav Berry|[eat]
|-heal|p2a: Scovillain|37/100|[from] item: Aguav Berry
|inactive|Battle timer is ON: inactive players will automatically lose when time's up. (requested by limestone7276)
|
|t:|1756570038
|switch|p1b: Volcarona|Volcarona, L50, F|100/100|[from] U-turn
|move|p1a: Ursaluna|Facade|p2a: Scovillain
|-damage|p2a: Scovillain|0 fnt
|faint|p2a: Scovillain
|
|win|limestone7276
|raw|limestone7276's rating: 1037 → 1072(+35 for winning)
|raw|Trainer208's rating: 1046 → 1029(-17 for losing)
|l|☆Trainer208
|player|p2|
