|j|☆Not Rain
|j|☆is_katabo
|html|Not Rainis_katabo    
|uhtml|bestof|Game 2 of a best-of-3
|t:|1785865548
|gametype|doubles
|player|p1|Not Rain|169|1231
|player|p2|is_katabo|youngster-gen4dp|1323
|gen|9
|tier|[Gen 9 Champions] VGC 2026 Reg M-B (Bo3)
|rated|
|rule|Species Clause: Limit one of each Pokémon
|rule|Item Clause: Limit 1 of each item
|clearpoke
|poke|p1|Floette-Eternal, L50, F|
|poke|p1|Charizard, L50, F|
|poke|p1|Garchomp, L50, F|
|poke|p1|Basculegion, L50, M|
|poke|p1|Whimsicott, L50, F|
|poke|p1|Incineroar, L50, F|
|poke|p2|Charizard, L50, M|
|poke|p2|Floette-Eternal, L50, F|
|poke|p2|Whimsicott, L50, M|
|poke|p2|Garchomp, L50, F|
|poke|p2|Basculegion, L50, M|
|poke|p2|Kingambit, L50, F|
|teampreview|4
|showteam|p1|Floette-Eternal||Floettite|FlowerVeil|Moonblast,DazzlingGleam,LightofRuin,Protect|Modest||F|||50|]Charizard||CharizarditeY|SolarPower|WeatherBall,HeatWave,SolarBeam,Protect|Modest||F|||50|]Garchomp||LifeOrb|RoughSkin|RockTomb,DragonClaw,StompingTantrum,Protect|Jolly||F|||50|]Basculegion||MysticWater|Adaptability|WaveCrash,LastRespects,AquaJet,Protect|Adamant||M|||50|]Whimsicott||FocusSash|Prankster|Moonblast,Encore,Tailwind,Protect|Timid||F|||50|]Incineroar||Charcoal|Intimidate|FlareBlitz,Protect,PartingShot,FakeOut|Adamant||F|||50|
|showteam|p2|Charizard||CharizarditeY|Blaze|WeatherBall,HeatWave,SolarBeam,Protect|Modest||M|||50|]Floette-Eternal||Floettite|FlowerVeil|Moonblast,DazzlingGleam,LightofRuin,Protect|Timid||F|||50|]Whimsicott||FocusSash|Prankster|Moonblast,Tailwind,Encore,Protect|Timid||M|||50|]Garchomp||RoseliBerry|RoughSkin|DragonClaw,Earthquake,RockSlide,Protect|Adamant||F|||50|]Basculegion||MysticWater|Adaptability|WaveCrash,LastRespects,AquaJet,Protect|Adamant||M|||50|]Kingambit||OccaBerry|Defiant|KowtowCleave,SuckerPunch,IronHead,Protect|Adamant||F|||50|
|
|t:|1785865594
|teamsize|p1|4
|teamsize|p2|4
|start
|switch|p1a: Incineroar|Incineroar, L50, F|100/100
|switch|p1b: Charizard|Charizard, L50, F|100/100
|switch|p2a: Floette|Floette-Eternal, L50, F|100/100
|switch|p2b: Whimsicott|Whimsicott, L50, M|100/100
|-ability|p1a: Incineroar|Intimidate|boost
|-unboost|p2a: Floette|atk|1
|-block|p2b: Whimsicott|ability: Flower Veil|[of] p2a: Floette
|turn|1
|
|t:|1785865609
|detailschange|p2a: Floette|Floette-Mega, L50, F
|-mega|p2a: Floette|Floette|Floettite
|-ability|p2a: Floette|Fairy Aura
|detailschange|p1b: Charizard|Charizard-Mega-Y, L50, F
|-mega|p1b: Charizard|Charizard|Charizardite Y
|-weather|SunnyDay|[from] ability: Drought|[of] p1b: Charizard
|move|p2b: Whimsicott|Moonblast|p1a: Incineroar
|-damage|p1a: Incineroar|45/100
|move|p2a: Floette|Moonblast|p1a: Incineroar
|-damage|p1a: Incineroar|0 fnt
|faint|p1a: Incineroar
|move|p1b: Charizard|Heat Wave|p2a: Floette|[spread] p2a,p2b
|-supereffective|p2b: Whimsicott|1
|-damage|p2a: Floette|40/100
|-enditem|p2b: Whimsicott|Focus Sash
|-damage|p2b: Whimsicott|1/100
|
|-weather|SunnyDay|[upkeep]
|upkeep
|
|t:|1785865630
|switch|p1a: Whimsicott|Whimsicott, L50, F|100/100
|turn|2
|
|t:|1785865655
|move|p1a: Whimsicott|Protect|p1a: Whimsicott
|-singleturn|p1a: Whimsicott|Protect
|move|p2b: Whimsicott|Tailwind|p2b: Whimsicott
|-sidestart|p2: is_katabo|move: Tailwind
|move|p2a: Floette|Dazzling Gleam|p1b: Charizard|[spread] p1b
|-activate|p1a: Whimsicott|move: Protect
|-resisted|p1b: Charizard|1
|-damage|p1b: Charizard|74/100
|move|p1b: Charizard|Heat Wave|p2a: Floette|[spread] p2a,p2b
|-supereffective|p2b: Whimsicott|1
|-damage|p2a: Floette|0 fnt
|-damage|p2b: Whimsicott|0 fnt
|faint|p2a: Floette
|faint|p2b: Whimsicott
|
|-weather|SunnyDay|[upkeep]
|upkeep
|
|t:|1785865659
|switch|p2b: Kingambit|Kingambit, L50, F|100/100
|switch|p2a: Garchomp|Garchomp, L50, F|100/100
|turn|3
|
|t:|1785865671
|switch|p1b: Garchomp|Garchomp, L50, F|100/100
|move|p1a: Whimsicott|Tailwind|p1a: Whimsicott
|-sidestart|p1: Not Rain|move: Tailwind
|move|p2a: Garchomp|Rock Slide|p1b: Garchomp|[spread] p1a,p1b
|-resisted|p1b: Garchomp|1
|-damage|p1a: Whimsicott|71/100
|-damage|p1b: Garchomp|89/100
|move|p2b: Kingambit|Iron Head|p1a: Whimsicott
|-supereffective|p1a: Whimsicott|1
|-damage|p1a: Whimsicott|0 fnt
|faint|p1a: Whimsicott
|
|-weather|SunnyDay|[upkeep]
|upkeep
|
|t:|1785865673
|switch|p1a: Charizard|Charizard-Mega-Y, L50, F|74/100
|turn|4
|
|t:|1785865692
|move|p1a: Charizard|Protect|p1a: Charizard
|-singleturn|p1a: Charizard|Protect
|move|p1b: Garchomp|Dragon Claw|p2a: Garchomp
|-supereffective|p2a: Garchomp|1
|-damage|p2a: Garchomp|14/100
|-damage|p1b: Garchomp|76/100|[from] ability: Rough Skin|[of] p2a: Garchomp
|-damage|p1b: Garchomp|67/100|[from] item: Life Orb
|move|p2a: Garchomp|Rock Slide|p1a: Charizard|[spread] 
|-activate|p1a: Charizard|move: Protect
|-miss|p2a: Garchomp|p1b: Garchomp
|move|p2b: Kingambit|Kowtow Cleave|p1b: Garchomp
|-damage|p1b: Garchomp|24/100
|-damage|p2b: Kingambit|87/100|[from] ability: Rough Skin|[of] p1b: Garchomp
|
|-weather|SunnyDay|[upkeep]
|upkeep
|turn|5
|
|t:|1785865711
|move|p1a: Charizard|Protect||[still]
|-fail|p1a: Charizard
|move|p2b: Kingambit|Sucker Punch|p1b: Garchomp
|-damage|p1b: Garchomp|0 fnt
|-damage|p2b: Kingambit|75/100|[from] ability: Rough Skin|[of] p1b: Garchomp
|faint|p1b: Garchomp
|move|p2a: Garchomp|Rock Slide|p1a: Charizard
|-supereffective|p1a: Charizard|2
|-damage|p1a: Charizard|0 fnt
|faint|p1a: Charizard
|
|win|is_katabo
|raw|Not Rain's rating: 1231 → 1212(-19 for losing)
|raw|is_katabo's rating: 1323 → 1338(+15 for winning)
|l|☆Not Rain
|player|p1|
