|j|☆Deharo94vgc
|j|☆ZeGaboVGC
|html|Deharo94vgcZeGaboVGC    
|uhtml|bestof|Game 2 of a best-of-3
|t:|1756150400
|gametype|doubles
|player|p1|Deharo94vgc|lucas|1110
|player|p2|ZeGaboVGC|benga|1000
|gen|9
|tier|[Gen 9] VGC 2025 Reg H (Bo3)
|rated|
|rule|Species Clause: Limit one of each Pokémon
|rule|Item Clause: Limit 1 of each item
|clearpoke
|poke|p1|Ursaluna-Bloodmoon, L50, M|
|poke|p1|Gholdengo, L50|
|poke|p1|Dragonite, L50, F|
|poke|p1|Sneasler, L50, F|
|poke|p1|Incineroar, L50, F|
|poke|p1|Amoonguss, L50, M|
|poke|p2|Incineroar, L50, F|
|poke|p2|Amoonguss, L50, M|
|poke|p2|Ursaluna-Bloodmoon, L50, M|
|poke|p2|Sneasler, L50, F|
|poke|p2|Gholdengo, L50|
|poke|p2|Dragonite, L50, F|
|teampreview|4
|showteam|p1|Ursaluna-Bloodmoon||AssaultVest|MindsEye|BloodMoon,EarthPower,VacuumWave,HyperVoice|||M|||50|,,,,,Water]Gholdengo||LifeOrb|GoodasGold|Protect,MakeItRain,ShadowBall,NastyPlot||||||50|,,,,,Water]Dragonite||LoadedDice|Multiscale|ScaleShot,Tailwind,Haze,Protect|||F|||50|,,,,,Fairy]Sneasler||FocusSash|Unburden|Protect,DireClaw,CloseCombat,ThroatChop|||F|||50|,,,,,Stellar]Incineroar||SafetyGoggles|Intimidate|KnockOff,PartingShot,FlareBlitz,FakeOut|||F|||50|,,,,,Ghost]Amoonguss||SitrusBerry|Regenerator|RagePowder,Spore,PollenPuff,Protect|||M|||50|,,,,,Psychic
|showteam|p2|Incineroar||SafetyGoggles|Intimidate|FlareBlitz,KnockOff,PartingShot,FakeOut|||F|||50|,,,,,Ghost]Amoonguss||SitrusBerry|Regenerator|Spore,RagePowder,PollenPuff,Protect|||M|||50|,,,,,Dark]Ursaluna-Bloodmoon||AssaultVest|MindsEye|HyperVoice,BloodMoon,EarthPower,VacuumWave|||M|||50|,,,,,Water]Sneasler||FocusSash|Unburden|CloseCombat,DireClaw,ThroatChop,Protect|||F|||50|,,,,,Stellar]Gholdengo||LifeOrb|GoodasGold|MakeItRain,ShadowBall,NastyPlot,Protect||||||50|,,,,,Water]Dragonite||LoadedDice|Multiscale|ScaleShot,Tailwind,Haze,Protect|||F|||50|,,,,,Fairy
|inactive|Battle timer is ON: inactive players will automatically lose when time's up. (requested by Deharo94vgc)
|inactive|ZeGaboVGC also wants the timer to be on.
|
|t:|1756150430
|teamsize|p1|4
|teamsize|p2|4
|start
|switch|p1a: Gholdengo|Gholdengo, L50|100/100
|switch|p1b: Amoonguss|Amoonguss, L50, M|100/100
|switch|p2a: Ursaluna|Ursaluna-Bloodmoon, L50, M|100/100
|switch|p2b: Incineroar|Incineroar, L50, F|100/100
|-ability|p2b: Incineroar|Intimidate|boost
|-unboost|p1a: Gholdengo|atk|1
|-unboost|p1b: Amoonguss|atk|1
|turn|1
|
|t:|1756150444
|move|p1a: Gholdengo|Protect|p1a: Gholdengo
|-singleturn|p1a: Gholdengo|Protect
|move|p2b: Incineroar|Flare Blitz|p1b: Amoonguss
|-supereffective|p1b: Amoonguss
|-damage|p1b: Amoonguss|16/100
|-status|p1b: Amoonguss|brn
|-enditem|p1b: Amoonguss|Sitrus Berry|[eat]
|-heal|p1b: Amoonguss|41/100 brn|[from] item: Sitrus Berry
|-damage|p2b: Incineroar|70/100|[from] Recoil
|move|p2a: Ursaluna|Blood Moon|p1b: Amoonguss
|-damage|p1b: Amoonguss|0 fnt
|faint|p1b: Amoonguss
|
|upkeep
|
|t:|1756150459
|switch|p1b: Incineroar|Incineroar, L50, F|100/100
|-ability|p1b: Incineroar|Intimidate|boost
|-unboost|p2a: Ursaluna|atk|1
|-unboost|p2b: Incineroar|atk|1
|turn|2
|
|t:|1756150475
|-terastallize|p1a: Gholdengo|Water
|move|p1b: Incineroar|Fake Out|p2a: Ursaluna
|-damage|p2a: Ursaluna|92/100
|move|p1a: Gholdengo|Nasty Plot|p1a: Gholdengo
|-boost|p1a: Gholdengo|spa|2
|move|p2b: Incineroar|Knock Off|p1a: Gholdengo
|-damage|p1a: Gholdengo|72/100
|-enditem|p1a: Gholdengo|Life Orb|[from] move: Knock Off|[of] p2b: Incineroar
|cant|p2a: Ursaluna|flinch
|
|upkeep
|turn|3
|
|t:|1756150495
|-terastallize|p2a: Ursaluna|Water
|move|p1a: Gholdengo|Protect|p1a: Gholdengo
|-singleturn|p1a: Gholdengo|Protect
|move|p1b: Incineroar|Knock Off|p2a: Ursaluna
|-damage|p2a: Ursaluna|58/100
|-enditem|p2a: Ursaluna|Assault Vest|[from] move: Knock Off|[of] p1b: Incineroar
|move|p2b: Incineroar|Parting Shot|p1b: Incineroar
|-unboost|p1b: Incineroar|atk|1
|-unboost|p1b: Incineroar|spa|1
|
|t:|1756150504
|switch|p2b: Sneasler|Sneasler, L50, F|100/100|[from] Parting Shot
|move|p2a: Ursaluna|Earth Power|p1b: Incineroar
|-supereffective|p1b: Incineroar
|-damage|p1b: Incineroar|3/100
|
|upkeep
|turn|4
|
|t:|1756150518
|move|p2a: Ursaluna|Vacuum Wave|p1a: Gholdengo
|-damage|p1a: Gholdengo|57/100
|move|p2b: Sneasler|Close Combat|p1a: Gholdengo
|-damage|p1a: Gholdengo|0 fnt
|-unboost|p2b: Sneasler|def|1
|-unboost|p2b: Sneasler|spd|1
|faint|p1a: Gholdengo
|move|p1b: Incineroar|Parting Shot|p2a: Ursaluna
|-unboost|p2a: Ursaluna|atk|1
|-unboost|p2a: Ursaluna|spa|1
|
|t:|1756150527
|switch|p1b: Dragonite|Dragonite, L50, F|100/100|[from] Parting Shot
|
|upkeep
|
|t:|1756150529
|switch|p1a: Incineroar|Incineroar, L50, F|3/100
|-ability|p1a: Incineroar|Intimidate|boost
|-unboost|p2a: Ursaluna|atk|1
|-unboost|p2b: Sneasler|atk|1
|turn|5
|
|t:|1756150539
|switch|p2a: Incineroar|Incineroar, L50, F|70/100
|-ability|p2a: Incineroar|Intimidate|boost
|-unboost|p1a: Incineroar|atk|1
|-unboost|p1b: Dragonite|atk|1
|move|p2b: Sneasler|Protect|p2b: Sneasler
|-singleturn|p2b: Sneasler|Protect
|move|p1b: Dragonite|Scale Shot|p2b: Sneasler
|-activate|p2b: Sneasler|move: Protect
|move|p1a: Incineroar|Knock Off|p2b: Sneasler
|-activate|p2b: Sneasler|move: Protect
|
|upkeep
|turn|6
|l|☆Deharo94vgc
|inactive|Deharo94vgc disconnected and has a minute to reconnect!
|player|p1|
|inactive|Deharo94vgc has 30 seconds left.
|inactive|Deharo94vgc has 20 seconds left.
|inactive|Deharo94vgc has 15 seconds left.
|inactive|Deharo94vgc has 10 seconds left.
|inactive|Deharo94vgc has 5 seconds left.
|-message|Deharo94vgc lost due to inactivity.
|
|win|ZeGaboVGC
|inactive|Deharo94vgc has 0 seconds to reconnect!
|inactive|ZeGaboVGC has 30 seconds to confirm battle start!
||ZeGaboVGC is ready for game 3.
|raw|Deharo94vgc's rating: 1110 → 1077(-33 for losing)
|raw|ZeGaboVGC's rating: 1000 → 1052(+52 for winning)
