|j|☆iheartbugz
|j|☆Hekistito
|html|iheartbugzHekistito    
|uhtml|bestof|Game 3 of a best-of-3
|t:|1782960259
|gametype|doubles
|player|p1|iheartbugz|n|1000
|player|p2|Hekistito|266|1118
|gen|9
|tier|[Gen 9 Champions] VGC 2026 Reg M-B (Bo3)
|rated|
|rule|Species Clause: Limit one of each Pokémon
|rule|Item Clause: Limit 1 of each item
|clearpoke
|poke|p1|Mawile, L50, M|
|poke|p1|Abomasnow, L50, M|
|poke|p1|Incineroar, L50, M|
|poke|p1|Basculegion, L50, M|
|poke|p1|Torkoal, L50, M|
|poke|p1|Farigiraf, L50, M|
|poke|p2|Mawile, L50, M|
|poke|p2|Swampert, L50, M|
|poke|p2|Grimmsnarl, L50, M|
|poke|p2|Sinistcha, L50|
|poke|p2|Pelipper, L50, M|
|poke|p2|Archaludon, L50, M|
|teampreview|4
|showteam|p1|Mawile||Mawilite|Intimidate|PlayRough,SuckerPunch,RockSlide,Protect|Brave||M|||50|]Abomasnow||Abomasite|SnowWarning|Blizzard,EnergyBall,IceShard,EarthPower|Quiet||M|||50|]Incineroar||LifeOrb|Intimidate|FlareBlitz,ThroatChop,FakeOut,CloseCombat|Brave||M|||50|]Basculegion||FocusSash|Adaptability|AquaJet,Liquidation,LastRespects,Protect|Jolly||M|||50|]Torkoal||Charcoal|Drought|Eruption,HeatWave,WeatherBall,HelpingHand|Quiet||M|||50|]Farigiraf||SitrusBerry|ArmorTail|TwinBeam,Thunderbolt,TrickRoom,Protect|Modest||M|||50|
|showteam|p2|Mawile||Mawilite|HyperCutter|PlayRough,IronHead,SuckerPunch,Protect|Adamant||M|||50|]Swampert||Swampertite|Torrent|WaveCrash,StompingTantrum,PoisonJab,Protect|Adamant||M|||50|]Grimmsnarl||LightClay|Prankster|FakeOut,Reflect,LightScreen,PartingShot|Careful||M|||50|]Sinistcha||KasibBerry|Hospitality|MatchaGotcha,RagePowder,TrickRoom,Protect|Bold|||||50|]Pelipper||FocusSash|Drizzle|WeatherBall,Hurricane,IcyWind,Protect|Timid||M|||50|]Archaludon||Leftovers|Stamina|ElectroShot,DragonPulse,FlashCannon,Protect|Modest||M|||50|
|
|t:|1782960278
|teamsize|p1|4
|teamsize|p2|4
|start
|switch|p1a: Farigiraf|Farigiraf, L50, M|100/100
|switch|p1b: Incineroar|Incineroar, L50, M|100/100
|switch|p2a: Swampert|Swampert, L50, M|100/100
|switch|p2b: Pelipper|Pelipper, L50, M|100/100
|-weather|RainDance|[from] ability: Drizzle|[of] p2b: Pelipper
|-ability|p1b: Incineroar|Intimidate|boost
|-unboost|p2a: Swampert|atk|1
|-unboost|p2b: Pelipper|atk|1
|turn|1
|
|t:|1782960321
|detailschange|p2a: Swampert|Swampert-Mega, L50, M
|-mega|p2a: Swampert|Swampert|Swampertite
|move|p2b: Pelipper|Protect|p2b: Pelipper
|-singleturn|p2b: Pelipper|Protect
|move|p1b: Incineroar|Fake Out|p2a: Swampert
|-damage|p2a: Swampert|83/100
|-damage|p1b: Incineroar|90/100|[from] item: Life Orb
|cant|p2a: Swampert|flinch
|move|p1a: Farigiraf|Trick Room|p1a: Farigiraf
|-fieldstart|move: Trick Room|[of] p1a: Farigiraf
|
|-weather|RainDance|[upkeep]
|upkeep
|turn|2
|
|t:|1782960345
|switch|p1b: Torkoal|Torkoal, L50, M|100/100
|-weather|SunnyDay|[from] ability: Drought|[of] p1b: Torkoal
|switch|p2b: Grimmsnarl|Grimmsnarl, L50, M|100/100
|move|p2a: Swampert|Protect|p2a: Swampert
|-singleturn|p2a: Swampert|Protect
|move|p1a: Farigiraf|Thunderbolt|p2b: Grimmsnarl
|-damage|p2b: Grimmsnarl|72/100
|
|-weather|SunnyDay|[upkeep]
|upkeep
|turn|3
|
|t:|1782960379
|switch|p1a: Incineroar|Incineroar, L50, M|90/100
|-ability|p1a: Incineroar|Intimidate|boost
|-unboost|p2a: Swampert|atk|1
|-unboost|p2b: Grimmsnarl|atk|1
|switch|p2a: Archaludon|Archaludon, L50, M|100/100
|move|p2b: Grimmsnarl|Light Screen|p2b: Grimmsnarl
|-sidestart|p2: Hekistito|move: Light Screen
|move|p1b: Torkoal|Eruption|p2b: Grimmsnarl|[spread] p2a,p2b
|-crit|p2b: Grimmsnarl
|-damage|p2a: Archaludon|41/100
|-damage|p2b: Grimmsnarl|0 fnt
|-ability|p2a: Archaludon|Stamina|boost
|-boost|p2a: Archaludon|def|1
|faint|p2b: Grimmsnarl
|
|-weather|SunnyDay|[upkeep]
|-heal|p2a: Archaludon|47/100|[from] item: Leftovers
|upkeep
|
|t:|1782960400
|switch|p2b: Pelipper|Pelipper, L50, M|100/100
|-weather|RainDance|[from] ability: Drizzle|[of] p2b: Pelipper
|turn|4
|
|t:|1782960426
|move|p1a: Incineroar|Fake Out|p2b: Pelipper
|-damage|p2b: Pelipper|74/100
|-damage|p1a: Incineroar|80/100|[from] item: Life Orb
|move|p1b: Torkoal|Eruption|p2b: Pelipper|[spread] p2a,p2b
|-resisted|p2b: Pelipper|1
|-damage|p2a: Archaludon|28/100
|-damage|p2b: Pelipper|57/100
|-ability|p2a: Archaludon|Stamina|boost
|-boost|p2a: Archaludon|def|1
|move|p2a: Archaludon|Electro Shot||[still]
|-prepare|p2a: Archaludon|Electro Shot
|-boost|p2a: Archaludon|spa|1
|-anim|p2a: Archaludon|Electro Shot|p1b: Torkoal
|-crit|p1b: Torkoal
|-damage|p1b: Torkoal|0 fnt
|faint|p1b: Torkoal
|cant|p2b: Pelipper|flinch
|
|-weather|RainDance|[upkeep]
|-heal|p2a: Archaludon|35/100|[from] item: Leftovers
|upkeep
|
|t:|1782960444
|switch|p1b: Farigiraf|Farigiraf, L50, M|100/100
|turn|5
|
|t:|1782960473
|switch|p2b: Swampert|Swampert-Mega, L50, M|83/100
|move|p1a: Incineroar|Close Combat|p2a: Archaludon
|-supereffective|p2a: Archaludon|1
|-damage|p2a: Archaludon|0 fnt
|-unboost|p1a: Incineroar|def|1
|-unboost|p1a: Incineroar|spd|1
|faint|p2a: Archaludon
|-damage|p1a: Incineroar|70/100|[from] item: Life Orb
|move|p1b: Farigiraf|Twin Beam|p2b: Swampert
|-damage|p2b: Swampert|72/100
|-damage|p2b: Swampert|61/100
|-hitcount|p2b: Swampert|2
|
|-weather|RainDance|[upkeep]
|-fieldend|move: Trick Room
|upkeep
|
|t:|1782960491
|switch|p2a: Pelipper|Pelipper, L50, M|57/100
|turn|6
|
|t:|1782960502
|move|p1b: Farigiraf|Protect|p1b: Farigiraf
|-singleturn|p1b: Farigiraf|Protect
|move|p2b: Swampert|Wave Crash|p1b: Farigiraf
|-activate|p1b: Farigiraf|move: Protect
|move|p2a: Pelipper|Weather Ball|p1b: Farigiraf
|-activate|p1b: Farigiraf|move: Protect
|move|p1a: Incineroar|Throat Chop|p2b: Swampert
|-damage|p2b: Swampert|15/100
|-start|p2b: Swampert|Throat Chop|[silent]
|-damage|p1a: Incineroar|60/100|[from] item: Life Orb
|
|-weather|RainDance|[upkeep]
|upkeep
|turn|7
|
|t:|1782960539
|move|p2b: Swampert|Stomping Tantrum|p1a: Incineroar
|-supereffective|p1a: Incineroar|1
|-damage|p1a: Incineroar|0 fnt
|faint|p1a: Incineroar
|move|p2a: Pelipper|Weather Ball|p1b: Farigiraf
|-damage|p1b: Farigiraf|41/100
|-enditem|p1b: Farigiraf|Sitrus Berry|[eat]
|-heal|p1b: Farigiraf|66/100|[from] item: Sitrus Berry
|move|p1b: Farigiraf|Trick Room|p1b: Farigiraf
|-fieldstart|move: Trick Room|[of] p1b: Farigiraf
|
|-weather|RainDance|[upkeep]
|-end|p2b: Swampert|Throat Chop|[silent]
|upkeep
|
|t:|1782960552
|switch|p1a: Mawile|Mawile, L50, M|100/100
|-ability|p1a: Mawile|Intimidate|boost
|-unboost|p2a: Pelipper|atk|1
|-unboost|p2b: Swampert|atk|1
|turn|8
|
|t:|1782960572
|detailschange|p1a: Mawile|Mawile-Mega, L50, M
|-mega|p1a: Mawile|Mawile|Mawilite
|move|p2a: Pelipper|Protect|p2a: Pelipper
|-singleturn|p2a: Pelipper|Protect
|move|p1a: Mawile|Rock Slide|p2a: Pelipper|[spread] p2b
|-activate|p2a: Pelipper|move: Protect
|-resisted|p2b: Swampert|1
|-damage|p2b: Swampert|0 fnt
|faint|p2b: Swampert
|move|p1b: Farigiraf|Thunderbolt|p2a: Pelipper
|-activate|p2a: Pelipper|move: Protect
|
|-weather|none
|upkeep
|turn|9
|-message|Hekistito forfeited.
|
|win|iheartbugz
|raw|iheartbugz's rating: 1000 → 1053(+53 for winning)
|raw|Hekistito's rating: 1118 → 1085(-33 for losing)
|c|☆iheartbugz|Ggs
|c|☆Hekistito|gg
|l|☆iheartbugz
|player|p1|
