|j|☆itsclaudio22
|j|☆new mental
|html|itsclaudio22new mental    
|uhtml|bestof|Game 2 of a best-of-3
|t:|1783853567
|gametype|doubles
|player|p1|itsclaudio22|266|1179
|player|p2|new mental|volkner|1221
|gen|9
|tier|[Gen 9 Champions] VGC 2026 Reg M-B (Bo3)
|rated|
|rule|Species Clause: Limit one of each Pokémon
|rule|Item Clause: Limit 1 of each item
|clearpoke
|poke|p1|Garchomp, L50, M|
|poke|p1|Whimsicott, L50, F|
|poke|p1|Metagross, L50|
|poke|p1|Staraptor, L50, F|
|poke|p1|Ceruledge, L50, M|
|poke|p1|Farigiraf, L50, M|
|poke|p2|Charizard, L50, M|
|poke|p2|Kingambit, L50, M|
|poke|p2|Sylveon, L50, F|
|poke|p2|Garchomp, L50, F|
|poke|p2|Aerodactyl, L50, F|
|poke|p2|Farigiraf, L50, F|
|teampreview|4
|showteam|p1|Garchomp||LifeOrb|RoughSkin|DragonClaw,StompingTantrum,RockSlide,Protect|Jolly||M|||50|]Whimsicott||FocusSash|Prankster|Tailwind,Moonblast,Charm,Encore|Timid||F|||50|]Metagross||Metagrossite|ClearBody|IronDefense,PsychicFangs,StompingTantrum,Protect|Adamant|||||50|]Staraptor||Staraptite|Intimidate|CloseCombat,BraveBird,Roost,Protect|Jolly||F|||50|]Ceruledge||ColburBerry|FlashFire|BitterBlade,ShadowSneak,BulkUp,Protect|Adamant||M|||50|]Farigiraf||SitrusBerry|ArmorTail|Psychic,Thunderbolt,TrickRoom,HelpingHand|Calm||M|||50|
|showteam|p2|Charizard||CharizarditeY|SolarPower|Protect,HeatWave,SolarBeam,WeatherBall|Modest||M|||50|]Kingambit||FocusSash|Defiant|IronHead,SuckerPunch,KowtowCleave,LowKick|Adamant||M|||50|]Sylveon||FairyFeather|Pixilate|Detect,HyperVoice,HyperBeam,QuickAttack|Modest||F|||50|]Garchomp||LifeOrb|RoughSkin|Protect,DragonClaw,Earthquake,RockSlide|Jolly||F|||50|]Aerodactyl||Aerodactylite|Unnerve|IceFang,RockSlide,Tailwind,DualWingbeat|Jolly||F|||50|]Farigiraf||SitrusBerry|ArmorTail|TrickRoom,Psychic,Thunderbolt,Roar|Bold||F|||50|
|inactive|Battle timer is ON: inactive players will automatically lose when time's up. (requested by itsclaudio22)
|inactive|itsclaudio22 has 60 seconds left.
|
|t:|1783853603
|teamsize|p1|4
|teamsize|p2|4
|start
|switch|p1a: Staraptor|Staraptor, L50, F|100/100
|switch|p1b: Whimsicott|Whimsicott, L50, F|100/100
|switch|p2a: Aerodactyl|Aerodactyl, L50, F|100/100
|switch|p2b: Kingambit|Kingambit, L50, M|100/100
|-ability|p2a: Aerodactyl|Unnerve
|-ability|p1a: Staraptor|Intimidate|boost
|-unboost|p2a: Aerodactyl|atk|1
|-unboost|p2b: Kingambit|atk|1
|-ability|p2b: Kingambit|Defiant|boost
|-boost|p2b: Kingambit|atk|2
|turn|1
|inactive|new mental has 30 seconds left.
|
|t:|1783853637
|switch|p2a: Sylveon|Sylveon, L50, F|100/100
|detailschange|p1a: Staraptor|Staraptor-Mega, L50, F
|-mega|p1a: Staraptor|Staraptor|Staraptite
|move|p1b: Whimsicott|Moonblast|p2b: Kingambit
|-damage|p2b: Kingambit|62/100
|move|p1a: Staraptor|Close Combat|p2b: Kingambit
|-supereffective|p2b: Kingambit|2
|-damage|p2b: Kingambit|0 fnt
|-boost|p1a: Staraptor|def|1
|-boost|p1a: Staraptor|spd|1
|faint|p2b: Kingambit
|
|upkeep
|
|t:|1783853646
|switch|p2b: Aerodactyl|Aerodactyl, L50, F|100/100
|-ability|p2b: Aerodactyl|Unnerve
|turn|2
|
|t:|1783853664
|detailschange|p2b: Aerodactyl|Aerodactyl-Mega, L50, F
|-mega|p2b: Aerodactyl|Aerodactyl|Aerodactylite
|move|p1b: Whimsicott|Tailwind|p1b: Whimsicott
|-sidestart|p1: itsclaudio22|move: Tailwind
|move|p1a: Staraptor|Close Combat|p2b: Aerodactyl
|-damage|p2b: Aerodactyl|39/100
|-boost|p1a: Staraptor|def|1
|-boost|p1a: Staraptor|spd|1
|move|p2b: Aerodactyl|Tailwind|p2b: Aerodactyl
|-sidestart|p2: new mental|move: Tailwind
|move|p2a: Sylveon|Hyper Beam|p1a: Staraptor
|-supereffective|p1a: Staraptor|1
|-damage|p1a: Staraptor|0 fnt
|-mustrecharge|p2a: Sylveon
|faint|p1a: Staraptor
|
|upkeep
|
|t:|1783853678
|switch|p1a: Garchomp|Garchomp, L50, M|100/100
|turn|3
|inactive|new mental has 30 seconds left.
|
|t:|1783853708
|move|p1b: Whimsicott|Charm|p2b: Aerodactyl
|-unboost|p2b: Aerodactyl|atk|2
|move|p2b: Aerodactyl|Dual Wingbeat|p1b: Whimsicott
|-supereffective|p1b: Whimsicott|1
|-damage|p1b: Whimsicott|63/100
|-supereffective|p1b: Whimsicott|1
|-damage|p1b: Whimsicott|27/100
|-hitcount|p1b: Whimsicott|2
|move|p1a: Garchomp|Stomping Tantrum|p2a: Sylveon
|-damage|p2a: Sylveon|38/100
|-damage|p1a: Garchomp|90/100|[from] item: Life Orb
|cant|p2a: Sylveon|recharge
|
|upkeep
|turn|4
|
|t:|1783853732
|switch|p2b: Garchomp|Garchomp, L50, F|100/100
|move|p1b: Whimsicott|Encore||[still]
|-fail|p1b: Whimsicott
|move|p1a: Garchomp|Stomping Tantrum|p2a: Sylveon
|-damage|p2a: Sylveon|0 fnt
|faint|p2a: Sylveon
|-damage|p1a: Garchomp|80/100|[from] item: Life Orb
|
|upkeep
|
|t:|1783853742
|switch|p2a: Aerodactyl|Aerodactyl-Mega, L50, F|39/100
|turn|5
|
|t:|1783853761
|switch|p1b: Farigiraf|Farigiraf, L50, M|100/100
|move|p1a: Garchomp|Protect|p1a: Garchomp
|-singleturn|p1a: Garchomp|Protect
|move|p2b: Garchomp|Protect|p2b: Garchomp
|-singleturn|p2b: Garchomp|Protect
|move|p2a: Aerodactyl|Dual Wingbeat|p1b: Farigiraf
|-damage|p1b: Farigiraf|77/100
|-damage|p1b: Farigiraf|54/100
|-hitcount|p1b: Farigiraf|2
|
|-sideend|p2: new mental|move: Tailwind
|-sideend|p1: itsclaudio22|move: Tailwind
|upkeep
|turn|6
|inactive|new mental has 30 seconds left.
|inactive|new mental has 20 seconds left.
|inactive|new mental has 15 seconds left.
|inactive|new mental has 10 seconds left.
|
|t:|1783853811
|switch|p1a: Whimsicott|Whimsicott, L50, F|27/100
|move|p2a: Aerodactyl|Ice Fang|p1a: Whimsicott
|-supereffective|p1a: Whimsicott|1
|-damage|p1a: Whimsicott|0 fnt
|faint|p1a: Whimsicott
|move|p2b: Garchomp|Dragon Claw|p1b: Farigiraf
|-damage|p1b: Farigiraf|3/100
|-enditem|p1b: Farigiraf|Sitrus Berry|[eat]
|-heal|p1b: Farigiraf|28/100|[from] item: Sitrus Berry
|-damage|p2b: Garchomp|90/100|[from] item: Life Orb
|move|p1b: Farigiraf|Trick Room|p1b: Farigiraf
|-fieldstart|move: Trick Room|[of] p1b: Farigiraf
|
|upkeep
|c|☆itsclaudio22|yea this matchup is definitely much easier with a steel move on metagross
|
|t:|1783853824
|switch|p1a: Garchomp|Garchomp, L50, M|80/100
|turn|7
|inactive|new mental has 30 seconds left.
|inactive|itsclaudio22 has 30 seconds left.
|inactive|itsclaudio22 has 20 seconds left.
|inactive|itsclaudio22 has 15 seconds left.
|
|t:|1783853888
|move|p1a: Garchomp|Protect|p1a: Garchomp
|-singleturn|p1a: Garchomp|Protect
|move|p1b: Farigiraf|Psychic|p2a: Aerodactyl
|-damage|p2a: Aerodactyl|1/100
|move|p2b: Garchomp|Dragon Claw|p1a: Garchomp
|-activate|p1a: Garchomp|move: Protect
|move|p2a: Aerodactyl|Ice Fang|p1a: Garchomp
|-activate|p1a: Garchomp|move: Protect
|
|upkeep
|turn|8
|
|t:|1783853912
|move|p1b: Farigiraf|Thunderbolt|p2a: Aerodactyl
|-supereffective|p2a: Aerodactyl|1
|-damage|p2a: Aerodactyl|0 fnt
|faint|p2a: Aerodactyl
|move|p1a: Garchomp|Dragon Claw|p2b: Garchomp
|-supereffective|p2b: Garchomp|1
|-damage|p2b: Garchomp|0 fnt
|-damage|p1a: Garchomp|68/100|[from] ability: Rough Skin|[of] p2b: Garchomp
|faint|p2b: Garchomp
|-damage|p1a: Garchomp|58/100|[from] item: Life Orb
|
|win|itsclaudio22
||new mental is ready for game 3.
||itsclaudio22 is ready for game 3.
|uhtml|next|Next: Game 3 of 3
|l|☆itsclaudio22
|player|p1|
