|j|☆PM77Switch
|j|☆KatKraydel
|html|PM77SwitchKatKraydel    
|uhtml|bestof|Game 3 of a best-of-3
|t:|1783722983
|gametype|doubles
|player|p1|PM77Switch|may-masters3|1103
|player|p2|KatKraydel|lebanne|1154
|gen|9
|tier|[Gen 9 Champions] VGC 2026 Reg M-B (Bo3)
|rated|
|rule|Species Clause: Limit one of each Pokémon
|rule|Item Clause: Limit 1 of each item
|clearpoke
|poke|p1|Staraptor, L50, M, shiny|
|poke|p1|Farigiraf, L50, M, shiny|
|poke|p1|Charizard, L50, F, shiny|
|poke|p1|Whimsicott, L50, F, shiny|
|poke|p1|Garchomp, L50, M, shiny|
|poke|p1|Gholdengo, L50, shiny|
|poke|p2|Blaziken, L50, M|
|poke|p2|Venusaur, L50, M|
|poke|p2|Ninetales-Alola, L50, M|
|poke|p2|Lycanroc-Dusk, L50, M|
|poke|p2|Kingambit, L50, M|
|poke|p2|Basculegion, L50, M|
|teampreview|4
|showteam|p1|Staraptor||Staraptite|Intimidate|DualWingbeat,CloseCombat,BlazeKick,Protect|Jolly||M|||50|]Farigiraf||SitrusBerry|ArmorTail|Psychic,HelpingHand,TrickRoom,Imprison|Bold||M|||50|]Charizard||CharizarditeY|SolarPower|HeatWave,WeatherBall,SolarBeam,Protect|Modest||F|||50|]Whimsicott||FairyFeather|Prankster|Moonblast,Tailwind,SunnyDay,Taunt|Timid||F|||50|]Garchomp||LifeOrb|RoughSkin|StompingTantrum,DragonClaw,RockSlide,Protect|Jolly||M|||50|]Gholdengo||ChoiceScarf|GoodasGold|MakeItRain,ShadowBall,PowerGem,Thunderbolt|Timid|||||50|
|showteam|p2|Blaziken||Blazikenite|SpeedBoost|CloseCombat,FlareBlitz,StoneEdge,Detect|Adamant||M|||50|]Venusaur||Venusaurite|Chlorophyll|GigaDrain,SludgeBomb,EarthPower,Protect|Modest||M|||50|]Ninetales-Alola||NeverMeltIce|SnowWarning|Blizzard,FreezeDry,Encore,Protect|Timid||M|||50|]Lycanroc-Dusk||FocusSash|ToughClaws|Accelerock,RockSlide,CloseCombat,Protect|Adamant||M|||50|]Kingambit||LifeOrb|Defiant|KowtowCleave,SuckerPunch,IronHead,Protect|Adamant||M|||50|]Basculegion||ChoiceScarf|Adaptability|WaveCrash,LastRespects,FlipTurn,AquaJet|Jolly||M|||50|
|inactive|Battle timer is ON: inactive players will automatically lose when time's up. (requested by PM77Switch)
|inactive|KatKraydel has 60 seconds left.
|inactive|KatKraydel has 30 seconds left.
|
|t:|1783723047
|teamsize|p1|4
|teamsize|p2|4
|start
|switch|p1a: Charizard|Charizard, L50, F, shiny|100/100
|switch|p1b: Garchomp|Garchomp, L50, M, shiny|100/100
|switch|p2a: Villain|Kingambit, L50, M|100/100
|switch|p2b: Alice in freezer|Ninetales-Alola, L50, M|100/100
|-weather|Snowscape|[from] ability: Snow Warning|[of] p2b: Alice in freezer
|turn|1
|
|t:|1783723067
|switch|p1b: Farigiraf|Farigiraf, L50, M, shiny|100/100
|detailschange|p1a: Charizard|Charizard-Mega-Y, L50, F, shiny
|-mega|p1a: Charizard|Charizard|Charizardite Y
|-weather|SunnyDay|[from] ability: Drought|[of] p1a: Charizard
|move|p2a: Villain|Sucker Punch||[still]
|cant|p1b: Farigiraf|ability: Armor Tail|Sucker Punch|[of] p2a: Villain
|move|p2b: Alice in freezer|Blizzard|p1a: Charizard|[spread] p1a
|-miss|p2b: Alice in freezer|p1b: Farigiraf
|-damage|p1a: Charizard|63/100
|move|p1a: Charizard|Heat Wave|p2a: Villain|[spread] p2a,p2b
|-supereffective|p2a: Villain|1
|-supereffective|p2b: Alice in freezer|1
|-damage|p2a: Villain|0 fnt
|-damage|p2b: Alice in freezer|0 fnt
|faint|p2a: Villain
|faint|p2b: Alice in freezer
|
|-weather|SunnyDay|[upkeep]
|upkeep
|
|t:|1783723084
|switch|p2b: Water the roses|Venusaur, L50, M|100/100
|switch|p2a: Rainy boots|Basculegion, L50, M|100/100
|turn|2
|
|t:|1783723094
|detailschange|p2b: Water the roses|Venusaur-Mega, L50, M
|-mega|p2b: Water the roses|Venusaur|Venusaurite
|move|p1a: Charizard|Protect|p1a: Charizard
|-singleturn|p1a: Charizard|Protect
|move|p2a: Rainy boots|Last Respects|p1a: Charizard
|-activate|p1a: Charizard|move: Protect
|move|p2b: Water the roses|Sludge Bomb|p1b: Farigiraf
|-damage|p1b: Farigiraf|53/100
|move|p1b: Farigiraf|Psychic|p2a: Rainy boots
|-damage|p2a: Rainy boots|59/100
|
|-weather|SunnyDay|[upkeep]
|upkeep
|turn|3
|
|t:|1783723107
|switch|p1a: Garchomp|Garchomp, L50, M, shiny|100/100
|move|p2a: Rainy boots|Last Respects|p1a: Garchomp
|-damage|p1a: Garchomp|15/100
|move|p2b: Water the roses|Sludge Bomb|p1b: Farigiraf
|-damage|p1b: Farigiraf|8/100
|-status|p1b: Farigiraf|psn
|-enditem|p1b: Farigiraf|Sitrus Berry|[eat]
|-heal|p1b: Farigiraf|33/100 psn|[from] item: Sitrus Berry
|move|p1b: Farigiraf|Psychic|p2a: Rainy boots
|-damage|p2a: Rainy boots|20/100y
|
|-weather|SunnyDay|[upkeep]
|-damage|p1b: Farigiraf|20/100y psn|[from] psn
|upkeep
|turn|4
|
|t:|1783723122
|move|p1a: Garchomp|Protect|p1a: Garchomp
|-singleturn|p1a: Garchomp|Protect
|move|p2a: Rainy boots|Last Respects|p1a: Garchomp
|-activate|p1a: Garchomp|move: Protect
|move|p2b: Water the roses|Sludge Bomb|p1b: Farigiraf
|-damage|p1b: Farigiraf|0 fnt
|faint|p1b: Farigiraf
|
|-weather|SunnyDay|[upkeep]
|upkeep
|
|t:|1783723129
|switch|p1b: Gholdengo|Gholdengo, L50, shiny|100/100
|turn|5
|
|t:|1783723136
|move|p1b: Gholdengo|Shadow Ball|p2a: Rainy boots
|-supereffective|p2a: Rainy boots|1
|-damage|p2a: Rainy boots|0 fnt
|faint|p2a: Rainy boots
|move|p1a: Garchomp|Dragon Claw|p2b: Water the roses
|-damage|p2b: Water the roses|53/100
|-damage|p1a: Garchomp|6/100|[from] item: Life Orb
|move|p2b: Water the roses|Giga Drain|p1a: Garchomp
|-damage|p1a: Garchomp|0 fnt
|-heal|p2b: Water the roses|56/100|[from] drain|[of] p1a: Garchomp
|faint|p1a: Garchomp
|
|-weather|none
|upkeep
|-message|KatKraydel forfeited.
|
|win|PM77Switch
|raw|PM77Switch's rating: 1103 → 1132(+29 for winning)
|raw|KatKraydel's rating: 1154 → 1125(-29 for losing)
|l|☆KatKraydel
|player|p2|
