|j|☆Belroi
|j|☆cocoliche
|html|Belroicocoliche    
|uhtml|bestof|Game 2 of a best-of-3
|t:|1784241119
|gametype|doubles
|player|p1|Belroi|102|1000
|player|p2|cocoliche|101|1078
|gen|9
|tier|[Gen 9 Champions] VGC 2026 Reg M-B (Bo3)
|rated|
|rule|Species Clause: Limit one of each Pokémon
|rule|Item Clause: Limit 1 of each item
|clearpoke
|poke|p1|Luxray, L50, M, shiny|
|poke|p1|Archaludon, L50, F|
|poke|p1|Pelipper, L50, M, shiny|
|poke|p1|Swampert, L50, M, shiny|
|poke|p1|Floette-Eternal, L50, F|
|poke|p1|Whimsicott, L50, F, shiny|
|poke|p2|Gholdengo, L50|
|poke|p2|Swampert, L50, M, shiny|
|poke|p2|Pelipper, L50, M|
|poke|p2|Grimmsnarl, L50, M, shiny|
|poke|p2|Staraptor, L50, M|
|poke|p2|Sinistcha-Masterpiece, L50, shiny|
|teampreview|4
|showteam|p1|Luxray||SitrusBerry|Intimidate|EerieImpulse,FakeTears,Protect,VoltSwitch|Timid||M|||50|]Archaludon||Leftovers|Stamina|ElectroShot,DragonPulse,FlashCannon,Protect|Sassy||F|||50|]Pelipper||DampRock|Drizzle|Hurricane,Protect,Uturn,WeatherBall|Bold||M|||50|]Swampert||Swampertite|Torrent|Earthquake,FlipTurn,IcePunch,KnockOff|Adamant||M|||50|]Floette-Eternal||Floettite|FlowerVeil|Moonblast,DazzlingGleam,CalmMind,Protect|Timid||F|||50|]Whimsicott||FocusSash|Prankster|Encore,Moonblast,Tailwind,HelpingHand|Timid||F|||50|
|showteam|p2|Gholdengo||ChoiceScarf|GoodasGold|ShadowBall,Trick,PowerGem,MakeItRain|Timid|||||50|]Swampert||Swampertite|Torrent|WaveCrash,Protect,HighHorsepower,IcePunch|Adamant||M|||50|]Pelipper||FocusSash|Drizzle|Protect,Tailwind,WeatherBall,Hurricane|Bold||M|||50|]Grimmsnarl||LightClay|Prankster|FakeOut,Reflect,SpiritBreak,PartingShot|Adamant||M|||50|]Staraptor||Staraptite|Intimidate|Protect,CloseCombat,BraveBird,Roost|Jolly||M|||50|]Sinistcha-Masterpiece||Leftovers|Hospitality|MatchaGotcha,ShadowBall,RagePowder,Protect|Bold|||||50|
|
|t:|1784241169
|teamsize|p1|4
|teamsize|p2|4
|start
|switch|p1a: Simba|Luxray, L50, M, shiny|100/100
|switch|p1b: Archaludon|Archaludon, L50, F|100/100
|switch|p2a: Grimmsnarl|Grimmsnarl, L50, M, shiny|100/100
|switch|p2b: Staraptor|Staraptor, L50, M|100/100
|-ability|p2b: Staraptor|Intimidate|boost
|-unboost|p1a: Simba|atk|1
|-unboost|p1b: Archaludon|atk|1
|-ability|p1a: Simba|Intimidate|boost
|-unboost|p2a: Grimmsnarl|atk|1
|-unboost|p2b: Staraptor|atk|1
|turn|1
|
|t:|1784241195
|detailschange|p2b: Staraptor|Staraptor-Mega, L50, M
|-mega|p2b: Staraptor|Staraptor|Staraptite
|move|p1b: Archaludon|Protect|p1b: Archaludon
|-singleturn|p1b: Archaludon|Protect
|move|p2a: Grimmsnarl|Fake Out|p1a: Simba
|-damage|p1a: Simba|91/100
|move|p2b: Staraptor|Close Combat|p1b: Archaludon
|-activate|p1b: Archaludon|move: Protect
|cant|p1a: Simba|flinch
|
|upkeep
|turn|2
|
|t:|1784241237
|switch|p2b: Gholdengo|Gholdengo, L50|100/100
|move|p2a: Grimmsnarl|Parting Shot|p1a: Simba
|-unboost|p1a: Simba|atk|1
|-unboost|p1a: Simba|spa|1
|
|t:|1784241247
|switch|p2a: Staraptor|Staraptor-Mega, L50, M|100/100|[from] Parting Shot
|move|p1a: Simba|Volt Switch|p2b: Gholdengo
|-damage|p2b: Gholdengo|81/100
|
|t:|1784241260
|switch|p1a: Pelipper|Pelipper, L50, M, shiny|100/100|[from] Volt Switch
|-weather|RainDance|[from] ability: Drizzle|[of] p1a: Pelipper
|move|p1b: Archaludon|Electro Shot||[still]
|-prepare|p1b: Archaludon|Electro Shot
|-boost|p1b: Archaludon|spa|1
|-anim|p1b: Archaludon|Electro Shot|p2b: Gholdengo
|-damage|p2b: Gholdengo|16/100
|
|-weather|RainDance|[upkeep]
|upkeep
|turn|3
|
|t:|1784241295
|switch|p1b: Swampert|Swampert, L50, M, shiny|100/100
|move|p1a: Pelipper|Protect|p1a: Pelipper
|-singleturn|p1a: Pelipper|Protect
|move|p2b: Gholdengo|Shadow Ball|p1a: Pelipper
|-activate|p1a: Pelipper|move: Protect
|move|p2a: Staraptor|Close Combat|p1a: Pelipper
|-activate|p1a: Pelipper|move: Protect
|
|-weather|RainDance|[upkeep]
|upkeep
|turn|4
|
|t:|1784241327
|detailschange|p1b: Swampert|Swampert-Mega, L50, M, shiny
|-mega|p1b: Swampert|Swampert|Swampertite
|move|p2b: Gholdengo|Shadow Ball|p1b: Swampert
|-damage|p1b: Swampert|69/100
|-unboost|p1b: Swampert|spd|1
|move|p1b: Swampert|Ice Punch|p2a: Staraptor
|-supereffective|p2a: Staraptor|1
|-damage|p2a: Staraptor|30/100
|move|p2a: Staraptor|Close Combat|p1b: Swampert
|-damage|p1b: Swampert|14/100
|-boost|p2a: Staraptor|def|1
|-boost|p2a: Staraptor|spd|1
|move|p1a: Pelipper|U-turn|p2b: Gholdengo
|-resisted|p2b: Gholdengo|2
|-damage|p2b: Gholdengo|14/100
|
|t:|1784241343
|switch|p1a: Archaludon|Archaludon, L50, F|100/100|[from] U-turn
|
|-weather|RainDance|[upkeep]
|upkeep
|turn|5
|
|t:|1784241379
|switch|p2b: Sinistcha|Sinistcha-Masterpiece, L50, shiny|100/100
|-heal|p2a: Staraptor|55/100|[from] ability: Hospitality|[of] p2b: Sinistcha
|move|p2a: Staraptor|Protect|p2a: Staraptor
|-singleturn|p2a: Staraptor|Protect
|move|p1b: Swampert|Knock Off|p2b: Sinistcha
|-supereffective|p2b: Sinistcha|1
|-damage|p2b: Sinistcha|37/100
|-enditem|p2b: Sinistcha|Leftovers|[from] move: Knock Off|[of] p1b: Swampert
|move|p1a: Archaludon|Electro Shot||[still]
|-prepare|p1a: Archaludon|Electro Shot
|-boost|p1a: Archaludon|spa|1
|-anim|p1a: Archaludon|Electro Shot|p2a: Staraptor
|-activate|p2a: Staraptor|move: Protect
|
|-weather|RainDance|[upkeep]
|upkeep
|turn|6
|
|t:|1784241439
|move|p1a: Archaludon|Protect|p1a: Archaludon
|-singleturn|p1a: Archaludon|Protect
|move|p1b: Swampert|Ice Punch|p2a: Staraptor
|-supereffective|p2a: Staraptor|1
|-damage|p2a: Staraptor|7/100
|move|p2a: Staraptor|Close Combat|p1a: Archaludon
|-activate|p1a: Archaludon|move: Protect
|move|p2b: Sinistcha|Matcha Gotcha|p1a: Archaludon|[spread] p1b
|-activate|p1a: Archaludon|move: Protect
|-supereffective|p1b: Swampert|2
|-damage|p1b: Swampert|0 fnt
|-heal|p2b: Sinistcha|46/100|[from] drain|[of] p1b: Swampert
|faint|p1b: Swampert
|
|-weather|RainDance|[upkeep]
|upkeep
|
|t:|1784241459
|switch|p1b: Pelipper|Pelipper, L50, M, shiny|100/100
|turn|7
|
|t:|1784241486
|move|p2b: Sinistcha|Rage Powder|p2b: Sinistcha
|-singleturn|p2b: Sinistcha|move: Rage Powder
|move|p2a: Staraptor|Close Combat|p1a: Archaludon
|-supereffective|p1a: Archaludon|1
|-damage|p1a: Archaludon|4/100
|-boost|p2a: Staraptor|def|1
|-boost|p2a: Staraptor|spd|1
|-ability|p1a: Archaludon|Stamina|boost
|-boost|p1a: Archaludon|def|1
|move|p1b: Pelipper|Weather Ball|p2b: Sinistcha
|-resisted|p2b: Sinistcha|1
|-damage|p2b: Sinistcha|16/100
|move|p1a: Archaludon|Flash Cannon|p2b: Sinistcha
|-damage|p2b: Sinistcha|0 fnt
|faint|p2b: Sinistcha
|
|-weather|RainDance|[upkeep]
|-heal|p1a: Archaludon|10/100|[from] item: Leftovers
|upkeep
|
|t:|1784241504
|switch|p2b: Grimmsnarl|Grimmsnarl, L50, M, shiny|100/100
|turn|8
|
|t:|1784241515
|move|p1b: Pelipper|Protect|p1b: Pelipper
|-singleturn|p1b: Pelipper|Protect
|move|p1a: Archaludon|Protect|p1a: Archaludon
|-singleturn|p1a: Archaludon|Protect
|move|p2b: Grimmsnarl|Fake Out|p1b: Pelipper
|-activate|p1b: Pelipper|move: Protect
|move|p2a: Staraptor|Roost|p2a: Staraptor
|-heal|p2a: Staraptor|57/100
|-singleturn|p2a: Staraptor|move: Roost
|
|-weather|RainDance|[upkeep]
|-heal|p1a: Archaludon|16/100|[from] item: Leftovers
|upkeep
|turn|9
|
|t:|1784241557
|switch|p1a: Simba|Luxray, L50, M, shiny|91/100
|-ability|p1a: Simba|Intimidate|boost
|-boost|p2a: Staraptor|atk|1
|-unboost|p2b: Grimmsnarl|atk|1
|move|p2a: Staraptor|Protect|p2a: Staraptor
|-singleturn|p2a: Staraptor|Protect
|move|p1b: Pelipper|Weather Ball|p2a: Staraptor
|-activate|p2a: Staraptor|move: Protect
|move|p2b: Grimmsnarl|Spirit Break|p1b: Pelipper
|-damage|p1b: Pelipper|79/100
|-unboost|p1b: Pelipper|spa|1
|
|-weather|none
|upkeep
|turn|10
|
|t:|1784241580
|move|p1b: Pelipper|Protect|p1b: Pelipper
|-singleturn|p1b: Pelipper|Protect
|move|p2b: Grimmsnarl|Parting Shot|p1a: Simba
|-unboost|p1a: Simba|atk|1
|-unboost|p1a: Simba|spa|1
|
|t:|1784241585
|switch|p2b: Gholdengo|Gholdengo, L50|14/100|[from] Parting Shot
|move|p2a: Staraptor|Close Combat|p1a: Simba
|-damage|p1a: Simba|0 fnt
|-boost|p2a: Staraptor|def|1
|-boost|p2a: Staraptor|spd|1
|faint|p1a: Simba
|
|upkeep
|c|☆cocoliche|g
|
|t:|1784241593
|switch|p1a: Archaludon|Archaludon, L50, F|16/100
|turn|11
|c|☆cocoliche|gg
|
|t:|1784241605
|move|p1a: Archaludon|Protect|p1a: Archaludon
|-singleturn|p1a: Archaludon|Protect
|move|p2b: Gholdengo|Shadow Ball|p1b: Pelipper
|-damage|p1b: Pelipper|21/100
|move|p2a: Staraptor|Close Combat|p1b: Pelipper
|-resisted|p1b: Pelipper|1
|-damage|p1b: Pelipper|0 fnt
|-boost|p2a: Staraptor|def|1
|-boost|p2a: Staraptor|spd|1
|faint|p1b: Pelipper
|
|-heal|p1a: Archaludon|22/100|[from] item: Leftovers
|upkeep
|turn|12
|
|t:|1784241620
|move|p1a: Archaludon|Protect|p1a: Archaludon
|-singleturn|p1a: Archaludon|Protect
|move|p2b: Gholdengo|Shadow Ball|p1a: Archaludon
|-activate|p1a: Archaludon|move: Protect
|move|p2a: Staraptor|Close Combat|p1a: Archaludon
|-activate|p1a: Archaludon|move: Protect
|
|-heal|p1a: Archaludon|28/100|[from] item: Leftovers
|upkeep
|turn|13
|c|☆cocoliche|xd
|
|t:|1784241634
|move|p1a: Archaludon|Protect|p1a: Archaludon
|-singleturn|p1a: Archaludon|Protect
|move|p2b: Gholdengo|Shadow Ball|p1a: Archaludon
|-activate|p1a: Archaludon|move: Protect
|move|p2a: Staraptor|Brave Bird|p1a: Archaludon
|-activate|p1a: Archaludon|move: Protect
|
|-heal|p1a: Archaludon|35/100|[from] item: Leftovers
|upkeep
|turn|14
|c|☆cocoliche|LOOOOL
|
|t:|1784241648
|move|p2b: Gholdengo|Shadow Ball|p1a: Archaludon
|-damage|p1a: Archaludon|0 fnt
|faint|p1a: Archaludon
|
|win|cocoliche
|raw|Belroi's rating: 1000 → 1000(+0 for losing)
|raw|cocoliche's rating: 1078 → 1100(+22 for winning)
|l|☆Belroi
|player|p1|
