|j|☆MrTedno
|j|☆Unga unga vgc
|html|MrTednoUnga unga vgc    
|uhtml|bestof|Game 1 of a best-of-3
|t:|1756897423
|gametype|doubles
|player|p1|MrTedno|barry|1282
|player|p2|Unga unga vgc|youngster-gen4dp|1205
|gen|9
|tier|[Gen 9] VGC 2025 Reg H (Bo3)
|rated|
|rule|Species Clause: Limit one of each Pokémon
|rule|Item Clause: Limit 1 of each item
|clearpoke
|poke|p1|Ninetales-Alola, L50, F|
|poke|p1|Garchomp, L50, M|
|poke|p1|Dragonite, L50, F|
|poke|p1|Incineroar, L50, M|
|poke|p1|Gholdengo, L50|
|poke|p1|Farigiraf, L50, M|
|poke|p2|Tyranitar, L50, M|
|poke|p2|Garchomp, L50, M|
|poke|p2|Kilowattrel, L50, F|
|poke|p2|Gastrodon, L50, M|
|poke|p2|Gholdengo, L50|
|poke|p2|Amoonguss, L50, F|
|teampreview|4
|showteam|p1|Ninetales-Alola||FocusSash|SnowWarning|Encore,Blizzard,FreezeDry,Protect|||F|||50|,,,,,Ghost]Garchomp||ClearAmulet|RoughSkin|Earthquake,DragonClaw,StompingTantrum,Protect|||M|||50|,,,,,Ground]Dragonite||LumBerry|InnerFocus|TeraBlast,LowKick,ExtremeSpeed,Protect|||F|||50|,,,,,Flying]Incineroar||SafetyGoggles|Intimidate|FakeOut,PartingShot,FlareBlitz,KnockOff|||M|||50|,,,,,Ghost]Gholdengo||LifeOrb|GoodasGold|ShadowBall,MakeItRain,NastyPlot,Protect||||||50|,,,,,Flying]Farigiraf||SitrusBerry|ArmorTail|TrickRoom,Protect,TeraBlast,PsychicNoise|||M|||50|,,,,,Fighting
|showteam|p2|Tyranitar||AssaultVest|SandStream|RockSlide,LowKick,KnockOff,TeraBlast|||M|||50|,,,,,Flying]Garchomp||BrightPowder|SandVeil|SwordsDance,RockSlide,StompingTantrum,Protect|||M|||50|,,,,,Ground]Kilowattrel||LifeOrb|Competitive|Tailwind,Thunderbolt,AirSlash,Protect|||F|||50|,,,,,Steel]Gastrodon||Leftovers|StormDrain|Protect,Yawn,EarthPower,MuddyWater|||M|||50|,,,,,Grass]Gholdengo||ChoiceSpecs|GoodasGold|MakeItRain,ShadowBall,Trick,FocusBlast||||||50|,,,,,Steel]Amoonguss||SitrusBerry|Regenerator|Spore,RagePowder,Protect,PollenPuff|||F|||50|,,,,,Water
|inactive|Battle timer is ON: inactive players will automatically lose when time's up. (requested by MrTedno)
|c|☆MrTedno|glhf
|inactive|MrTedno has 60 seconds left.
|inactive|Unga unga vgc has 60 seconds left.
|inactive|MrTedno has 30 seconds left.
|inactive|Unga unga vgc has 30 seconds left.
|inactive|MrTedno has 20 seconds left.
|inactive|Unga unga vgc has 20 seconds left.
|inactive|MrTedno has 15 seconds left.
|inactive|MrTedno has 10 seconds left.
|inactive|MrTedno has 5 seconds left.
|
|t:|1756897511
|teamsize|p1|4
|teamsize|p2|4
|start
|switch|p1a: Julien|Incineroar, L50, M|100/100
|switch|p1b: Alex|Garchomp, L50, M|100/100
|switch|p2a: Kilowattrel|Kilowattrel, L50, F|100/100
|switch|p2b: Gholdengo|Gholdengo, L50|100/100
|-ability|p1a: Julien|Intimidate|boost
|-unboost|p2a: Kilowattrel|atk|1
|-ability|p2a: Kilowattrel|Competitive|boost
|-boost|p2a: Kilowattrel|spa|2
|-unboost|p2b: Gholdengo|atk|1
|turn|1
|inactive|MrTedno has 30 seconds left.
|inactive|MrTedno has 20 seconds left.
|inactive|MrTedno has 15 seconds left.
|inactive|MrTedno has 10 seconds left.
|inactive|MrTedno has 5 seconds left.
|
|t:|1756897562
|switch|p2b: Garchomp|Garchomp, L50, M|100/100
|move|p2a: Kilowattrel|Protect|p2a: Kilowattrel
|-singleturn|p2a: Kilowattrel|Protect
|move|p1b: Alex|Protect|p1b: Alex
|-singleturn|p1b: Alex|Protect
|move|p1a: Julien|Knock Off|p2b: Garchomp
|-crit|p2b: Garchomp
|-damage|p2b: Garchomp|41/100
|-enditem|p2b: Garchomp|Bright Powder|[from] move: Knock Off|[of] p1a: Julien
|
|upkeep
|turn|2
|inactive|MrTedno has 30 seconds left.
|inactive|Unga unga vgc has 30 seconds left.
|inactive|Unga unga vgc has 20 seconds left.
|inactive|MrTedno has 20 seconds left.
|inactive|MrTedno has 15 seconds left.
|inactive|MrTedno has 10 seconds left.
|
|t:|1756897612
|switch|p1a: Skipper|Gholdengo, L50|100/100
|move|p2a: Kilowattrel|Thunderbolt|p1a: Skipper
|-damage|p1a: Skipper|0 fnt
|faint|p1a: Skipper
|-damage|p2a: Kilowattrel|91/100|[from] item: Life Orb
|move|p1b: Alex|Dragon Claw|p2a: Kilowattrel
|-damage|p2a: Kilowattrel|7/100
|move|p2b: Garchomp|Stomping Tantrum|p1b: Alex
|-damage|p1b: Alex|60/100
|-damage|p2b: Garchomp|29/100|[from] ability: Rough Skin|[of] p1b: Alex
|
|upkeep
|inactive|MrTedno has 30 seconds left.
|
|t:|1756897638
|switch|p1a: Gloria|Ninetales-Alola, L50, F|100/100
|-weather|Snowscape|[from] ability: Snow Warning|[of] p1a: Gloria
|turn|3
|inactive|Unga unga vgc has 30 seconds left.
|inactive|MrTedno has 30 seconds left.
|inactive|MrTedno has 20 seconds left.
|
|t:|1756897692
|switch|p1b: Julien|Incineroar, L50, M|100/100
|-ability|p1b: Julien|Intimidate|boost
|-unboost|p2a: Kilowattrel|atk|1
|-ability|p2a: Kilowattrel|Competitive|boost
|-boost|p2a: Kilowattrel|spa|2
|-unboost|p2b: Garchomp|atk|1
|move|p2a: Kilowattrel|Protect|p2a: Kilowattrel
|-singleturn|p2a: Kilowattrel|Protect
|move|p1a: Gloria|Blizzard|p2b: Garchomp|[spread] p2b
|-activate|p2a: Kilowattrel|move: Protect
|-supereffective|p2b: Garchomp
|-crit|p2b: Garchomp
|-damage|p2b: Garchomp|0 fnt
|faint|p2b: Garchomp
|
|-weather|Snowscape|[upkeep]
|upkeep
|inactive|Unga unga vgc has 30 seconds left.
|inactive|Unga unga vgc has 20 seconds left.
|inactive|Unga unga vgc has 15 seconds left.
|inactive|Unga unga vgc has 10 seconds left.
|
|t:|1756897739
|switch|p2b: Tyranitar|Tyranitar, L50, M|100/100
|-weather|Sandstorm|[from] ability: Sand Stream|[of] p2b: Tyranitar
|turn|4
|inactiveoff|Battle timer is now OFF.
|
|t:|1756897852
|switch|p2a: Gholdengo|Gholdengo, L50|100/100
|move|p1b: Julien|Fake Out|p2b: Tyranitar
|-resisted|p2b: Tyranitar
|-damage|p2b: Tyranitar|96/100
|move|p1a: Gloria|Freeze-Dry|p2a: Gholdengo
|-resisted|p2a: Gholdengo
|-damage|p2a: Gholdengo|84/100
|cant|p2b: Tyranitar|flinch
|
|-weather|Sandstorm|[upkeep]
|-damage|p1a: Gloria|94/100|[from] Sandstorm
|upkeep
|turn|5
|
|t:|1756897889
|-terastallize|p1b: Julien|Ghost
|move|p1a: Gloria|Protect|p1a: Gloria
|-singleturn|p1a: Gloria|Protect
|move|p2a: Gholdengo|Make It Rain|p1b: Julien|[spread] p1b
|-activate|p1a: Gloria|move: Protect
|-damage|p1b: Julien|41/100
|-unboost|p2a: Gholdengo|spa|1
|move|p1b: Julien|Flare Blitz|p2a: Gholdengo
|-supereffective|p2a: Gholdengo
|-damage|p2a: Gholdengo|0 fnt
|faint|p2a: Gholdengo
|-damage|p1b: Julien|18/100|[from] Recoil
|move|p2b: Tyranitar|Rock Slide|p1b: Julien|[spread] p1b
|-activate|p1a: Gloria|move: Protect
|-damage|p1b: Julien|0 fnt
|faint|p1b: Julien
|
|-weather|Sandstorm|[upkeep]
|-damage|p1a: Gloria|88/100|[from] Sandstorm
|upkeep
|
|t:|1756897906
|switch|p2a: Kilowattrel|Kilowattrel, L50, F|7/100
|switch|p1b: Alex|Garchomp, L50, M|60/100
|turn|6
|
|t:|1756897930
|-terastallize|p2b: Tyranitar|Flying
|move|p1b: Alex|Protect|p1b: Alex
|-singleturn|p1b: Alex|Protect
|move|p2a: Kilowattrel|Tailwind|p2a: Kilowattrel
|-sidestart|p2: Unga unga vgc|move: Tailwind
|move|p1a: Gloria|Freeze-Dry|p2a: Kilowattrel
|-supereffective|p2a: Kilowattrel
|-damage|p2a: Kilowattrel|0 fnt
|faint|p2a: Kilowattrel
|move|p2b: Tyranitar|Tera Blast|p1b: Alex|[anim] Tera Blast Flying
|-activate|p1b: Alex|move: Protect
|
|-weather|Sandstorm|[upkeep]
|-damage|p1a: Gloria|82/100|[from] Sandstorm
|-damage|p2b: Tyranitar|90/100|[from] Sandstorm
|upkeep
|turn|7
|
|t:|1756897948
|move|p1a: Gloria|Freeze-Dry|p2b: Tyranitar
|-supereffective|p2b: Tyranitar
|-damage|p2b: Tyranitar|61/100
|move|p1b: Alex|Dragon Claw|p2b: Tyranitar
|-damage|p2b: Tyranitar|25/100
|move|p2b: Tyranitar|Tera Blast|p1b: Alex|[anim] Tera Blast Flying
|-damage|p1b: Alex|12/100
|
|-weather|Sandstorm|[upkeep]
|-damage|p1a: Gloria|76/100|[from] Sandstorm
|-damage|p2b: Tyranitar|19/100|[from] Sandstorm
|upkeep
|turn|8
|
|t:|1756897967
|move|p1a: Gloria|Freeze-Dry|p2b: Tyranitar
|-supereffective|p2b: Tyranitar
|-damage|p2b: Tyranitar|0 fnt
|faint|p2b: Tyranitar
|
|win|MrTedno
||Unga unga vgc is ready for game 2.
||MrTedno is ready for game 2.
|uhtml|next|Next: Game 2 of 3
