|j|☆washingtongargacha
|j|☆Qwqwanan
|html|washingtongargachaQwqwanan    
|uhtml|bestof|Game 1 of a best-of-3
|t:|1757026341
|gametype|doubles
|player|p1|washingtongargacha|2|1177
|player|p2|Qwqwanan|fisherman-gen4|1102
|gen|9
|tier|[Gen 9] VGC 2025 Reg H (Bo3)
|rated|
|rule|Species Clause: Limit one of each Pokémon
|rule|Item Clause: Limit 1 of each item
|clearpoke
|poke|p1|Talonflame, L50, M|
|poke|p1|Gholdengo, L50|
|poke|p1|Dragonite, L50, M|
|poke|p1|Archaludon, L50, M|
|poke|p1|Tyranitar, L50, F|
|poke|p1|Garchomp, L50, M|
|poke|p2|Typhlosion-Hisui, L50, M|
|poke|p2|Dragapult, L50, M|
|poke|p2|Torkoal, L50, F|
|poke|p2|Lilligant-Hisui, L50, F|
|poke|p2|Whimsicott, L50, M|
|poke|p2|Electabuzz, L50, F|
|teampreview|4
|showteam|p1|Talonflame||CovertCloak|GaleWings|Tailwind,BraveBird,Taunt,WillOWisp|||M|||50|,,,,,Ghost]Gholdengo||ChoiceSpecs|GoodasGold|MakeItRain,SteelBeam,ShadowBall,PowerGem||||||50|,,,,,Steel]Dragonite||LoadedDice|Multiscale|ScaleShot,IceSpinner,Haze,Protect|||M|||50|,,,,,Steel]Archaludon||PowerHerb|Sturdy|FlashCannon,ElectroShot,DracoMeteor,Protect|||M|||50|,,,,,Flying]Tyranitar||AssaultVest|SandStream|KnockOff,RockSlide,TeraBlast,LowKick|||F|||50|,,,,,Flying]Garchomp||LifeOrb|RoughSkin|DragonClaw,StompingTantrum,Earthquake,Protect|||M|||50|,,,,,Steel
|showteam|p2|Typhlosion-Hisui||ChoiceSpecs|Blaze|FocusBlast,ShadowBall,HeatWave,Eruption|||M|||50|,,,,,Fire]Dragapult||ChoiceBand|ClearBody|DragonDarts,PhantomForce,Uturn,SuckerPunch|||M|||50|,,,,,Dragon]Torkoal||LifeOrb|Drought|HeatWave,Eruption,Protect,WeatherBall|||F|||50|,,,,,Fire]Lilligant-Hisui||FocusSash|Chlorophyll|SleepPowder,CloseCombat,AfterYou,LeafBlade|||F|||50|,,,,,Grass]Whimsicott||CovertCloak|Prankster|Tailwind,TrickRoom,Moonblast,SunnyDay|||M|||50|,,,,,Grass]Electabuzz||Eviolite|Static|Feint,FollowMe,Protect,VoltSwitch|||F|||50|,,,,,Electric
|
|t:|1757026375
|teamsize|p1|4
|teamsize|p2|4
|start
|switch|p1a: Talonflame|Talonflame, L50, M|100/100
|switch|p1b: Garchomp|Garchomp, L50, M|100/100
|switch|p2a: Whimsicott|Whimsicott, L50, M|100/100
|switch|p2b: Electabuzz|Electabuzz, L50, F|100/100
|turn|1
|
|t:|1757026395
|move|p2b: Electabuzz|Follow Me|p2b: Electabuzz
|-singleturn|p2b: Electabuzz|move: Follow Me
|move|p1a: Talonflame|Taunt|p2b: Electabuzz
|-start|p2b: Electabuzz|move: Taunt
|move|p1b: Garchomp|Earthquake|p2a: Whimsicott|[spread] p2a,p2b
|-immune|p1a: Talonflame
|-resisted|p2a: Whimsicott
|-supereffective|p2b: Electabuzz
|-damage|p2a: Whimsicott|71/100
|-damage|p2b: Electabuzz|23/100
|-damage|p1b: Garchomp|91/100|[from] item: Life Orb
|move|p2a: Whimsicott|Trick Room|p2a: Whimsicott
|-fieldstart|move: Trick Room|[of] p2a: Whimsicott
|
|upkeep
|turn|2
|
|t:|1757026418
|move|p1a: Talonflame|Brave Bird|p2a: Whimsicott
|-supereffective|p2a: Whimsicott
|-damage|p2a: Whimsicott|0 fnt
|faint|p2a: Whimsicott
|-damage|p1a: Talonflame|79/100|[from] Recoil
|move|p2b: Electabuzz|Volt Switch|p1a: Talonflame
|-supereffective|p1a: Talonflame
|-damage|p1a: Talonflame|27/100
|
|t:|1757026427
|switch|p2b: Typhlosion|Typhlosion-Hisui, L50, M|100/100|[from] Volt Switch
|move|p1b: Garchomp|Earthquake|p2b: Typhlosion|[spread] p2b
|-immune|p1a: Talonflame
|-supereffective|p2b: Typhlosion
|-damage|p2b: Typhlosion|0 fnt
|faint|p2b: Typhlosion
|-damage|p1b: Garchomp|81/100|[from] item: Life Orb
|
|upkeep
|
|t:|1757026430
|switch|p2b: Electabuzz|Electabuzz, L50, F|23/100
|switch|p2a: Torkoal|Torkoal, L50, F|100/100
|-weather|SunnyDay|[from] ability: Drought|[of] p2a: Torkoal
|turn|3
|
|t:|1757026444
|switch|p1a: Tyranitar|Tyranitar, L50, F|100/100
|-weather|Sandstorm|[from] ability: Sand Stream|[of] p1a: Tyranitar
|-terastallize|p2a: Torkoal|Fire
|move|p1b: Garchomp|Protect|p1b: Garchomp
|-singleturn|p1b: Garchomp|Protect
|move|p2b: Electabuzz|Feint|p1b: Garchomp
|-activate|p1b: Garchomp|move: Feint
|-damage|p1b: Garchomp|75/100
|move|p2a: Torkoal|Eruption|p1a: Tyranitar|[spread] p1a,p1b
|-resisted|p1a: Tyranitar
|-crit|p1a: Tyranitar
|-resisted|p1b: Garchomp
|-damage|p1a: Tyranitar|77/100
|-damage|p1b: Garchomp|27/100
|-damage|p2a: Torkoal|91/100|[from] item: Life Orb
|
|-weather|Sandstorm|[upkeep]
|-damage|p2a: Torkoal|85/100|[from] Sandstorm
|-damage|p2b: Electabuzz|17/100|[from] Sandstorm
|upkeep
|turn|4
|
|t:|1757026467
|-terastallize|p1a: Tyranitar|Flying
|move|p2b: Electabuzz|Follow Me|p2b: Electabuzz
|-singleturn|p2b: Electabuzz|move: Follow Me
|move|p2a: Torkoal|Eruption|p1b: Garchomp|[spread] p1a,p1b
|-resisted|p1b: Garchomp
|-damage|p1a: Tyranitar|33/100
|-damage|p1b: Garchomp|0 fnt
|faint|p1b: Garchomp
|-damage|p2a: Torkoal|75/100|[from] item: Life Orb
|move|p1a: Tyranitar|Rock Slide|p2a: Torkoal|[spread] p2a,p2b
|-supereffective|p2a: Torkoal
|-damage|p2a: Torkoal|26/100
|-damage|p2b: Electabuzz|0 fnt
|faint|p2b: Electabuzz
|
|-weather|Sandstorm|[upkeep]
|-damage|p2a: Torkoal|20/100|[from] Sandstorm
|-damage|p1a: Tyranitar|28/100|[from] Sandstorm
|upkeep
|
|t:|1757026483
|switch|p1b: Talonflame|Talonflame, L50, M|27/100
|turn|5
|
|t:|1757026495
|move|p2a: Torkoal|Eruption|p1b: Talonflame|[spread] p1a,p1b
|-resisted|p1b: Talonflame
|-damage|p1a: Tyranitar|18/100
|-damage|p1b: Talonflame|17/100
|-damage|p2a: Torkoal|11/100|[from] item: Life Orb
|move|p1a: Tyranitar|Knock Off|p2a: Torkoal
|-crit|p2a: Torkoal
|-damage|p2a: Torkoal|0 fnt
|-enditem|p2a: Torkoal|Life Orb|[from] move: Knock Off|[of] p1a: Tyranitar
|faint|p2a: Torkoal
|
|win|washingtongargacha
