|j|☆WASHINGTONGARGACHA
|j|☆Rege1
|html|WASHINGTONGARGACHARege1    
|uhtml|bestof|Game 2 of a best-of-3
|t:|1756645327
|gametype|doubles
|player|p1|WASHINGTONGARGACHA|266|1110
|player|p2|Rege1|crasherwake|1072
|gen|9
|tier|[Gen 9] VGC 2025 Reg H (Bo3)
|rated|
|rule|Species Clause: Limit one of each Pokémon
|rule|Item Clause: Limit 1 of each item
|clearpoke
|poke|p1|Gholdengo, L50|
|poke|p1|Ursaluna, L50, F|
|poke|p1|Archaludon, L50, M|
|poke|p1|Murkrow, L50, F|
|poke|p1|Farigiraf, L50, M|
|poke|p1|Sneasler, L50, M|
|poke|p2|Cinderace, L50, M|
|poke|p2|Milotic, L50, F|
|poke|p2|Sylveon, L50, M|
|poke|p2|Kilowattrel, L50, F|
|poke|p2|Mudsdale, L50, M|
|poke|p2|Amoonguss, L50, M|
|teampreview|4
|showteam|p1|Gholdengo||LifeOrb|GoodasGold|ShadowBall,MakeItRain,NastyPlot,Protect||||||50|,,,,,Water]Ursaluna||FlameOrb|Guts|Facade,Earthquake,Protect,HeadlongRush|||F|||50|,,,,,Ghost]Archaludon||PowerHerb|Sturdy|ElectroShot,FlashCannon,DracoMeteor,Protect|||M|||50|,,,,,Grass]Murkrow||Eviolite|Prankster|Tailwind,RainDance,FoulPlay,Haze|||F|||50|,,,,,Dark]Farigiraf||ThroatSpray|ArmorTail|HyperVoice,TrickRoom,Psychic,Protect|||M|||50|,,,,,Fairy]Sneasler||WhiteHerb|Unburden|DireClaw,CloseCombat,Protect,Acrobatics|||M|||50|,,,,,Flying
|showteam|p2|Cinderace||ChoiceBand|Libero|PyroBall,Uturn,SuckerPunch,IronHead|||M|||50|,,,,,Fire]Milotic||LifeOrb|Competitive|Scald,IceBeam,DragonPulse,Protect|||F|||50|,,,,,Dragon]Sylveon||FairyFeather|Pixilate|HyperVoice,ShadowBall,Protect,CalmMind|||M|||50|,,,,,Fairy]Kilowattrel||SafetyGoggles|WindPower|Tailwind,AirSlash,Electroweb,VoltSwitch|||F|||50|,,,,,Ground]Mudsdale||AssaultVest|Stamina|StompingTantrum,Fissure,BodyPress,StoneEdge|||M|||50|,,,,,Water]Amoonguss||RockyHelmet|Regenerator|Spore,RagePowder,Protect,PollenPuff|||M|||50|,,,,,Water
|inactive|Battle timer is ON: inactive players will automatically lose when time's up. (requested by Rege1)
|
|t:|1756645367
|teamsize|p1|4
|teamsize|p2|4
|start
|switch|p1a: Murkrow|Murkrow, L50, F|100/100
|switch|p1b: Ursaluna|Ursaluna, L50, F|100/100
|switch|p2a: Tailwind goes fırr|Kilowattrel, L50, F|100/100
|switch|p2b: Mudsdale|Mudsdale, L50, M|100/100
|turn|1
|inactive|WASHINGTONGARGACHA has 30 seconds left.
|inactive|WASHINGTONGARGACHA has 20 seconds left.
|
|t:|1756645405
|move|p2a: Tailwind goes fırr|Tailwind|p2a: Tailwind goes fırr
|-sidestart|p2: Rege1|move: Tailwind
|-start|p2a: Tailwind goes fırr|Charge|Tailwind|[from] ability: Wind Power
|move|p2b: Mudsdale|Stone Edge|p1a: Murkrow
|-supereffective|p1a: Murkrow
|-damage|p1a: Murkrow|11/100
|move|p1a: Murkrow|Foul Play|p2b: Mudsdale
|-damage|p2b: Mudsdale|57/100
|-ability|p2b: Mudsdale|Stamina|boost
|-boost|p2b: Mudsdale|def|1
|move|p1b: Ursaluna|Facade|p2a: Tailwind goes fırr
|-damage|p2a: Tailwind goes fırr|28/100
|
|-status|p1b: Ursaluna|brn|[from] item: Flame Orb
|upkeep
|turn|2
|
|t:|1756645427
|move|p1a: Murkrow|Tailwind|p1a: Murkrow
|-sidestart|p1: WASHINGTONGARGACHA|move: Tailwind
|move|p2a: Tailwind goes fırr|Air Slash|p1b: Ursaluna
|-damage|p1b: Ursaluna|69/100 brn
|move|p1b: Ursaluna|Earthquake|p2b: Mudsdale|[spread] p2b
|-immune|p1a: Murkrow
|-immune|p2a: Tailwind goes fırr
|-damage|p2b: Mudsdale|20/100
|-ability|p2b: Mudsdale|Stamina|boost
|-boost|p2b: Mudsdale|def|1
|move|p2b: Mudsdale|Body Press|p1b: Ursaluna
|-supereffective|p1b: Ursaluna
|-damage|p1b: Ursaluna|12/100 brn
|
|-damage|p1b: Ursaluna|6/100 brn|[from] brn
|upkeep
|turn|3
|inactive|WASHINGTONGARGACHA has 30 seconds left.
|inactive|WASHINGTONGARGACHA has 20 seconds left.
|inactive|WASHINGTONGARGACHA has 15 seconds left.
|
|t:|1756645472
|switch|p1a: Gholdengo|Gholdengo, L50|100/100
|move|p2a: Tailwind goes fırr|Volt Switch|p1a: Gholdengo
|-damage|p1a: Gholdengo|30/100
|-end|p2a: Tailwind goes fırr|Charge|[silent]
|
|t:|1756645480
|switch|p2a: Ronaldo>Messi|Cinderace, L50, M|100/100|[from] Volt Switch
|move|p1b: Ursaluna|Facade|p2b: Mudsdale
|-damage|p2b: Mudsdale|0 fnt
|faint|p2b: Mudsdale
|
|-damage|p1b: Ursaluna|0 fnt|[from] brn
|faint|p1b: Ursaluna
|upkeep
|
|t:|1756645495
|switch|p1b: Murkrow|Murkrow, L50, F|11/100
|switch|p2b: Tailwind goes fırr|Kilowattrel, L50, F|28/100
|turn|4
|
|t:|1756645508
|-terastallize|p2a: Ronaldo>Messi|Fire
|move|p1b: Murkrow|Rain Dance|p1b: Murkrow
|-weather|RainDance
|move|p2b: Tailwind goes fırr|Electroweb|p1a: Gholdengo|[spread] p1a,p1b
|-supereffective|p1b: Murkrow
|-damage|p1a: Gholdengo|7/100
|-damage|p1b: Murkrow|0 fnt
|-unboost|p1a: Gholdengo|spe|1
|faint|p1b: Murkrow
|move|p2a: Ronaldo>Messi|Pyro Ball|p1a: Gholdengo|[miss]
|-miss|p2a: Ronaldo>Messi|p1a: Gholdengo
|move|p1a: Gholdengo|Make It Rain|p2a: Ronaldo>Messi|[spread] p2a,p2b
|-resisted|p2a: Ronaldo>Messi
|-resisted|p2b: Tailwind goes fırr
|-damage|p2a: Ronaldo>Messi|57/100
|-damage|p2b: Tailwind goes fırr|0 fnt
|-unboost|p1a: Gholdengo|spa|1
|faint|p2b: Tailwind goes fırr
|-damage|p1a: Gholdengo|0 fnt|[from] item: Life Orb
|faint|p1a: Gholdengo
|
|-weather|RainDance|[upkeep]
|-sideend|p2: Rege1|move: Tailwind
|upkeep
|
|t:|1756645529
|switch|p2b: *?|Milotic, L50, F|100/100
|switch|p1b: Sneasler|Sneasler, L50, M|100/100
|turn|5
|inactive|WASHINGTONGARGACHA has 30 seconds left.
|inactive|WASHINGTONGARGACHA has 20 seconds left.
|
|t:|1756645564
|move|p1b: Sneasler|Dire Claw|p2a: Ronaldo>Messi
|-damage|p2a: Ronaldo>Messi|0 fnt
|faint|p2a: Ronaldo>Messi
|move|p2b: *?|Scald|p1b: Sneasler
|-damage|p1b: Sneasler|2/100
|-damage|p2b: *?|90/100|[from] item: Life Orb
|
|-weather|RainDance|[upkeep]
|-sideend|p1: WASHINGTONGARGACHA|move: Tailwind
|upkeep
|turn|6
|
|t:|1756645576
|move|p1b: Sneasler|Dire Claw|p2b: *?
|-damage|p2b: *?|28/100
|move|p2b: *?|Scald|p1b: Sneasler
|-damage|p1b: Sneasler|0 fnt
|faint|p1b: Sneasler
|-damage|p2b: *?|18/100|[from] item: Life Orb
|
|win|Rege1
|raw|WASHINGTONGARGACHA's rating: 1110 → 1082(-28 for losing)
|raw|Rege1's rating: 1072 → 1104(+32 for winning)
