|j|☆raksbach
|j|☆wefrewfrfr
|html|raksbachwefrewfrfr    
|uhtml|bestof|Game 1 of a best-of-3
|t:|1783510919
|gametype|doubles
|player|p1|raksbach|266|1162
|player|p2|wefrewfrfr|169|1000
|gen|9
|tier|[Gen 9 Champions] VGC 2026 Reg M-B (Bo3)
|rated|
|rule|Species Clause: Limit one of each Pokémon
|rule|Item Clause: Limit 1 of each item
|clearpoke
|poke|p1|Incineroar, L50, F|
|poke|p1|Maushold, L50|
|poke|p1|Sinistcha, L50|
|poke|p1|Sneasler, L50, M|
|poke|p1|Blastoise, L50, F|
|poke|p1|Delphox, L50, M|
|poke|p2|Scolipede, L50, M|
|poke|p2|Farigiraf, L50, M|
|poke|p2|Torkoal, L50, M|
|poke|p2|Tyranitar, L50, M|
|poke|p2|Sneasler, L50, F|
|poke|p2|Basculegion, L50, M|
|teampreview|4
|showteam|p1|Incineroar||SitrusBerry|Intimidate|FakeOut,FlareBlitz,DarkestLariat,PartingShot|Impish||F|||50|]Maushold||ChopleBerry|FriendGuard|SuperFang,FollowMe,Protect,Feint|Impish|||||50|]Sinistcha||OccaBerry|Hospitality|MatchaGotcha,LifeDew,RagePowder,Protect|Bold|||||50|]Sneasler||FocusSash|PoisonTouch|FakeOut,CloseCombat,DireClaw,QuickGuard|Jolly||M|||50|]Blastoise||Blastoisinite|Torrent|WaterSpout,DarkPulse,ShellSmash,Protect|Modest||F|||50|]Delphox||Delphoxite|Blaze|HeatWave,Psychic,NastyPlot,Protect|Timid||M|||50|
|showteam|p2|Scolipede||Scolipite|PoisonPoint|Megahorn,GunkShot,SwordsDance,Protect|Adamant||M|||50|]Farigiraf||SitrusBerry|ArmorTail|TrickRoom,Gravity,LightScreen,TwinBeam|Modest||M|||50|]Torkoal||Charcoal|Drought|Eruption,EarthPower,WeatherBall,Protect|Modest||M|||50|]Tyranitar||LifeOrb|SandStream|RockSlide,KnockOff,DragonDance,Protect|Brave||M|||50|]Sneasler||IronBall|PoisonTouch|FakeOut,CloseCombat,PoisonJab,Protect|Brave||F|||50|]Basculegion||MysticWater|Adaptability|WaveCrash,LastRespects,FlipTurn,Protect|Adamant||M|||50|
|inactive|Battle timer is ON: inactive players will automatically lose when time's up. (requested by raksbach)
|inactive|raksbach has 60 seconds left.
|
|t:|1783510963
|teamsize|p1|4
|teamsize|p2|4
|start
|switch|p1a: Blastoise|Blastoise, L50, F|100/100
|switch|p1b: Maushold|Maushold, L50|100/100
|switch|p2a: Farigiraf|Farigiraf, L50, M|100/100
|switch|p2b: Sneasler|Sneasler, L50, F|100/100
|turn|1
|
|t:|1783510986
|detailschange|p1a: Blastoise|Blastoise-Mega, L50, F
|-mega|p1a: Blastoise|Blastoise|Blastoisinite
|move|p2b: Sneasler|Fake Out|p1a: Blastoise
|-damage|p1a: Blastoise|89/100
|move|p1b: Maushold|Super Fang|p2a: Farigiraf
|-damage|p2a: Farigiraf|50/100g
|cant|p1a: Blastoise|flinch
|move|p2a: Farigiraf|Trick Room|p2a: Farigiraf
|-fieldstart|move: Trick Room|[of] p2a: Farigiraf
|
|upkeep
|turn|2
|
|t:|1783511008
|move|p1b: Maushold|Follow Me|p1b: Maushold
|-singleturn|p1b: Maushold|move: Follow Me
|move|p2b: Sneasler|Close Combat|p1b: Maushold
|-supereffective|p1b: Maushold|1
|-enditem|p1b: Maushold|Chople Berry|[eat]
|-enditem|p1b: Maushold|Chople Berry|[weaken]
|-damage|p1b: Maushold|27/100
|-unboost|p2b: Sneasler|def|1
|-unboost|p2b: Sneasler|spd|1
|move|p2a: Farigiraf|Light Screen|p2a: Farigiraf
|-sidestart|p2: wefrewfrfr|move: Light Screen
|move|p1a: Blastoise|Shell Smash|p1a: Blastoise
|-unboost|p1a: Blastoise|def|1
|-unboost|p1a: Blastoise|spd|1
|-boost|p1a: Blastoise|atk|2
|-boost|p1a: Blastoise|spa|2
|-boost|p1a: Blastoise|spe|2
|
|upkeep
|turn|3
|
|t:|1783511027
|move|p1b: Maushold|Follow Me|p1b: Maushold
|-singleturn|p1b: Maushold|move: Follow Me
|move|p2b: Sneasler|Close Combat|p1b: Maushold
|-supereffective|p1b: Maushold|1
|-damage|p1b: Maushold|0 fnt
|-unboost|p2b: Sneasler|def|1
|-unboost|p2b: Sneasler|spd|1
|faint|p1b: Maushold
|move|p2a: Farigiraf|Gravity|p2a: Farigiraf
|-fieldstart|move: Gravity
|move|p1a: Blastoise|Water Spout|p2a: Farigiraf|[spread] p2a,p2b
|-damage|p2a: Farigiraf|0 fnt
|-damage|p2b: Sneasler|0 fnt
|faint|p2a: Farigiraf
|faint|p2b: Sneasler
|
|upkeep
|
|t:|1783511042
|switch|p2a: Scolipede|Scolipede, L50, M|100/100
|switch|p2b: Tyranitar|Tyranitar, L50, M|100/100
|switch|p1b: Sneasler|Sneasler, L50, M|100/100
|-weather|Sandstorm|[from] ability: Sand Stream|[of] p2b: Tyranitar
|turn|4
|
|t:|1783511067
|move|p2b: Tyranitar|Protect|p2b: Tyranitar
|-singleturn|p2b: Tyranitar|Protect
|move|p2a: Scolipede|Protect|p2a: Scolipede
|-singleturn|p2a: Scolipede|Protect
|move|p1b: Sneasler|Fake Out|p2b: Tyranitar
|-activate|p2b: Tyranitar|move: Protect
|move|p1a: Blastoise|Water Spout|p2b: Tyranitar|[spread] 
|-activate|p2a: Scolipede|move: Protect
|-activate|p2b: Tyranitar|move: Protect
|
|-weather|Sandstorm|[upkeep]
|-damage|p2a: Scolipede|94/100|[from] Sandstorm
|-damage|p1b: Sneasler|94/100|[from] Sandstorm
|-damage|p1a: Blastoise|83/100|[from] Sandstorm
|upkeep
|turn|5
|inactive|raksbach has 30 seconds left.
|
|t:|1783511093
|detailschange|p2a: Scolipede|Scolipede-Mega, L50, M
|-mega|p2a: Scolipede|Scolipede|Scolipite
|move|p1a: Blastoise|Protect|p1a: Blastoise
|-singleturn|p1a: Blastoise|Protect
|move|p2b: Tyranitar|Rock Slide|p1a: Blastoise|[spread] p1b
|-activate|p1a: Blastoise|move: Protect
|-resisted|p1b: Sneasler|1
|-damage|p1b: Sneasler|58/100
|-damage|p2b: Tyranitar|90/100|[from] item: Life Orb
|move|p2a: Scolipede|Megahorn|p1a: Blastoise
|-activate|p1a: Blastoise|move: Protect
|cant|p1b: Sneasler|flinch
|
|-weather|Sandstorm|[upkeep]
|-damage|p2a: Scolipede|88/100|[from] Sandstorm
|-damage|p1b: Sneasler|52/100|[from] Sandstorm
|-damage|p1a: Blastoise|78/100|[from] Sandstorm
|-fieldend|move: Trick Room
|upkeep
|turn|6
|
|t:|1783511117
|switch|p1b: Sinistcha|Sinistcha, L50|100/100
|-heal|p1a: Blastoise|100/100|[from] ability: Hospitality|[of] p1b: Sinistcha
|move|p1a: Blastoise|Water Spout|p2b: Tyranitar|[spread] p2a,p2b
|-supereffective|p2b: Tyranitar|1
|-damage|p2a: Scolipede|0 fnt
|-damage|p2b: Tyranitar|0 fnt
|faint|p2a: Scolipede
|faint|p2b: Tyranitar
|
|win|raksbach
