|j|☆TokepaMelon
|j|☆NoitUK_VGC
|html|TokepaMelonNoitUK_VGC    
|uhtml|bestof|Game 1 of a best-of-3
|t:|1783625351
|gametype|doubles
|player|p1|TokepaMelon|sabrina|1000
|player|p2|NoitUK_VGC|170|1041
|gen|9
|tier|[Gen 9 Champions] VGC 2026 Reg M-B (Bo3)
|rated|
|rule|Species Clause: Limit one of each Pokémon
|rule|Item Clause: Limit 1 of each item
|clearpoke
|poke|p1|Kangaskhan, L50, F|
|poke|p1|Farigiraf, L50, M|
|poke|p1|Torkoal, L50, M|
|poke|p1|Mawile, L50, F|
|poke|p1|Pyroar, L50, F|
|poke|p1|Gallade, L50, M|
|poke|p2|Ninetales-Alola, L50, F|
|poke|p2|Gengar, L50, F|
|poke|p2|Kingambit, L50, M|
|poke|p2|Incineroar, L50, M|
|poke|p2|Dragonite, L50, M|
|poke|p2|Sneasler, L50, M|
|teampreview|4
|showteam|p1|Kangaskhan||SilkScarf|Scrappy|FakeOut,LastResort|Brave||F|||50|]Farigiraf||SitrusBerry|ArmorTail|HelpingHand,TrickRoom,Psychic,Thunderbolt|Quiet||M|||50|]Torkoal||Charcoal|Drought|Protect,Eruption,WeatherBall,EarthPower|Quiet||M|||50|]Mawile||Mawilite|HyperCutter|Protect,PlayRough,RockSlide,SuckerPunch|Brave||F|||50|]Pyroar||Pyroarite|Rivalry|Protect,HeatWave,Overheat,SolarBeam|Timid||F|||50|]Gallade||WhiteHerb|Sharpness|SacredSword,PsychoCut,LeafBlade,TrickRoom|Brave||M|||50|
|showteam|p2|Ninetales-Alola||NeverMeltIce|SnowWarning|Blizzard,Encore,Disable,Protect|Timid||F|||50|]Gengar||Gengarite|CursedBody|ShadowBall,SludgeBomb,PerishSong,Protect|Timid||F|||50|]Kingambit||ChopleBerry|Defiant|KowtowCleave,SuckerPunch,LowKick,Protect|Adamant||M|||50|]Incineroar||ShucaBerry|Intimidate|PartingShot,FlareBlitz,FakeOut,Protect|Careful||M|||50|]Dragonite||DragonFang|Multiscale|ExtremeSpeed,DragonClaw,LowKick,Protect|Jolly||M|||50|]Sneasler||WhiteHerb|Unburden|CloseCombat,Taunt,FakeOut,Protect|Adamant||M|||50|
|inactive|Battle timer is ON: inactive players will automatically lose when time's up. (requested by NoitUK_VGC)
|inactive|TokepaMelon has 60 seconds left.
|
|t:|1783625415
|teamsize|p1|4
|teamsize|p2|4
|start
|switch|p1a: Kangaskhan|Kangaskhan, L50, F|100/100
|switch|p1b: Farigiraf|Farigiraf, L50, M|100/100
|switch|p2a: Gengar|Gengar, L50, F|100/100
|switch|p2b: Incineroar|Incineroar, L50, M|100/100
|-ability|p2b: Incineroar|Intimidate|boost
|-fail|p1a: Kangaskhan|unboost|Attack|[from] ability: Scrappy|[of] p1a: Kangaskhan
|-unboost|p1b: Farigiraf|atk|1
|turn|1
|
|t:|1783625435
|detailschange|p2a: Gengar|Gengar-Mega, L50, F
|-mega|p2a: Gengar|Gengar|Gengarite
|move|p1a: Kangaskhan|Fake Out|p2b: Incineroar
|-damage|p2b: Incineroar|81/100
|move|p2a: Gengar|Perish Song|p2a: Gengar
|-start|p1a: Kangaskhan|perish3|[silent]
|-start|p1b: Farigiraf|perish3|[silent]
|-start|p2a: Gengar|perish3|[silent]
|-start|p2b: Incineroar|perish3|[silent]
|-fieldactivate|move: Perish Song
|cant|p2b: Incineroar|flinch
|move|p1b: Farigiraf|Trick Room|p1b: Farigiraf
|-fieldstart|move: Trick Room|[of] p1b: Farigiraf
|
|-start|p1b: Farigiraf|perish3
|-start|p2b: Incineroar|perish3
|-start|p1a: Kangaskhan|perish3
|-start|p2a: Gengar|perish3
|upkeep
|turn|2
|
|t:|1783625459
|move|p2b: Incineroar|Protect|p2b: Incineroar
|-singleturn|p2b: Incineroar|Protect
|move|p2a: Gengar|Protect|p2a: Gengar
|-singleturn|p2a: Gengar|Protect
|move|p1b: Farigiraf|Psychic|p2a: Gengar
|-activate|p2a: Gengar|move: Protect
|move|p1a: Kangaskhan|Last Resort|p2a: Gengar
|-activate|p2a: Gengar|move: Protect
|
|-start|p1b: Farigiraf|perish2
|-start|p2b: Incineroar|perish2
|-start|p1a: Kangaskhan|perish2
|-start|p2a: Gengar|perish2
|upkeep
|turn|3
|
|t:|1783625484
|switch|p2a: Kingambit|Kingambit, L50, M|100/100
|move|p1b: Farigiraf|Helping Hand|p1a: Kangaskhan
|-singleturn|p1a: Kangaskhan|Helping Hand|[of] p1b: Farigiraf
|move|p2b: Incineroar|Parting Shot|p1a: Kangaskhan
|-unboost|p1a: Kangaskhan|atk|1
|-unboost|p1a: Kangaskhan|spa|1
|
|t:|1783625491
|switch|p2b: Gengar|Gengar-Mega, L50, F|100/100|[from] Parting Shot
|move|p1a: Kangaskhan|Last Resort|p2b: Gengar
|-damage|p2b: Gengar|18/100
|
|-start|p1b: Farigiraf|perish1
|-start|p1a: Kangaskhan|perish1
|upkeep
|turn|4
|inactive|TokepaMelon has 30 seconds left.
|
|t:|1783625518
|move|p2a: Kingambit|Protect|p2a: Kingambit
|-singleturn|p2a: Kingambit|Protect
|move|p2b: Gengar|Protect|p2b: Gengar
|-singleturn|p2b: Gengar|Protect
|move|p1b: Farigiraf|Psychic|p2b: Gengar
|-activate|p2b: Gengar|move: Protect
|move|p1a: Kangaskhan|Last Resort|p2a: Kingambit
|-activate|p2a: Kingambit|move: Protect
|
|-start|p1b: Farigiraf|perish0
|-start|p1a: Kangaskhan|perish0
|faint|p1b: Farigiraf
|faint|p1a: Kangaskhan
|upkeep
|
|t:|1783625529
|switch|p1b: Torkoal|Torkoal, L50, M|100/100
|switch|p1a: Mawile|Mawile, L50, F|100/100
|-weather|SunnyDay|[from] ability: Drought|[of] p1b: Torkoal
|turn|5
|
|t:|1783625549
|switch|p2b: Incineroar|Incineroar, L50, M|81/100
|-ability|p2b: Incineroar|Intimidate|boost
|-fail|p1a: Mawile|unboost|Attack|[from] ability: Hyper Cutter|[of] p1a: Mawile
|-unboost|p1b: Torkoal|atk|1
|detailschange|p1a: Mawile|Mawile-Mega, L50, F
|-mega|p1a: Mawile|Mawile|Mawilite
|move|p2a: Kingambit|Sucker Punch|p1b: Torkoal
|-damage|p1b: Torkoal|68/100
|move|p1b: Torkoal|Eruption|p2b: Incineroar|[spread] p2a,p2b
|-supereffective|p2a: Kingambit|1
|-resisted|p2b: Incineroar|1
|-damage|p2a: Kingambit|0 fnt
|-damage|p2b: Incineroar|60/100
|faint|p2a: Kingambit
|move|p1a: Mawile|Play Rough|p2b: Incineroar
|-damage|p2b: Incineroar|0 fnt
|faint|p2b: Incineroar
|
|-weather|SunnyDay|[upkeep]
|-fieldend|move: Trick Room
|upkeep
|
|t:|1783625566
|switch|p2b: Gengar|Gengar-Mega, L50, F|18/100
|switch|p2a: Dragonite|Dragonite, L50, M|100/100
|turn|6
|inactive|NoitUK_VGC has 30 seconds left.
|inactive|TokepaMelon has 30 seconds left.
|inactive|NoitUK_VGC has 20 seconds left.
|inactive|NoitUK_VGC has 15 seconds left.
|
|t:|1783625609
|move|p1a: Mawile|Sucker Punch|p2b: Gengar
|-supereffective|p2b: Gengar|1
|-crit|p2b: Gengar
|-damage|p2b: Gengar|0 fnt
|faint|p2b: Gengar
|move|p2a: Dragonite|Dragon Claw|p1b: Torkoal
|-crit|p1b: Torkoal
|-damage|p1b: Torkoal|9/100
|move|p1b: Torkoal|Weather Ball|p2a: Dragonite
|-resisted|p2a: Dragonite|1
|-damage|p2a: Dragonite|77/100
|
|-weather|SunnyDay|[upkeep]
|upkeep
|turn|7
|-message|NoitUK_VGC forfeited.
|
|win|TokepaMelon
||TokepaMelon is ready for game 2.
||NoitUK_VGC is ready for game 2.
|uhtml|next|Next: Game 2 of 3
|l|☆NoitUK_VGC
|player|p2|
|n| TopekaMelon|tokepamelon
