|j|☆1OO% Jesus
|j|☆hopiumoncrack
|html|1OO% Jesushopiumoncrack    
|uhtml|bestof|Game 1 of a best-of-3
|t:|1783450284
|gametype|doubles
|player|p1|1OO% Jesus|lillie-z|1129
|player|p2|hopiumoncrack|265|1086
|gen|9
|tier|[Gen 9 Champions] VGC 2026 Reg M-B (Bo3)
|rated|
|rule|Species Clause: Limit one of each Pokémon
|rule|Item Clause: Limit 1 of each item
|clearpoke
|poke|p1|Delphox, L50, F|
|poke|p1|Sneasler, L50, M|
|poke|p1|Incineroar, L50, F|
|poke|p1|Sinistcha, L50|
|poke|p1|Maushold-Four, L50|
|poke|p1|Blastoise, L50, M|
|poke|p2|Tyranitar, L50, F|
|poke|p2|Garchomp, L50, F|
|poke|p2|Sinistcha, L50|
|poke|p2|Gardevoir, L50, F|
|poke|p2|Maushold, L50|
|poke|p2|Corviknight, L50, M|
|teampreview|4
|showteam|p1|Delphox||Delphoxite|Blaze|HeatWave,Psyshock,NastyPlot,Protect|Timid||F|||50|]Sneasler||FocusSash|PoisonTouch|CloseCombat,PoisonJab,FakeOut,QuickGuard|Jolly||M|||50|]Incineroar||SitrusBerry|Intimidate|FlareBlitz,ThroatChop,FakeOut,PartingShot|Impish||F|||50|]Sinistcha||OccaBerry|Hospitality|MatchaGotcha,RagePowder,LifeDew,Protect|Bold|||||50|]Maushold-Four||ChopleBerry|FriendGuard|FollowMe,Feint,HelpingHand,Protect|Impish|||||50|]Blastoise||Blastoisinite|RainDish|WaterSpout,DarkPulse,ShellSmash,Protect|Modest||M|||50|
|showteam|p2|Tyranitar||Tyranitarite|SandStream|KnockOff,RockSlide,LowKick,Protect|Adamant||F|||50|]Garchomp||LifeOrb|RoughSkin|Earthquake,DragonClaw,RockSlide,Protect|Jolly||F|||50|]Sinistcha||SitrusBerry|Hospitality|MatchaGotcha,RagePowder,TrickRoom,Protect|Relaxed|||||50|]Gardevoir||Gardevoirite|Synchronize|HyperVoice,Psyshock,TrickRoom,Protect|Quiet||F|||50|]Maushold||FocusSash|FriendGuard|SuperFang,Taunt,FollowMe,Protect|Impish|||||50|]Corviknight||Leftovers|MirrorArmor|BraveBird,IronHead,BulkUp,Roost|Careful||M|||50|
|
|t:|1783450379
|teamsize|p1|4
|teamsize|p2|4
|start
|switch|p1a: Blastoise|Blastoise, L50, M|100/100
|switch|p1b: Incineroar|Incineroar, L50, F|100/100
|switch|p2a: Maushold|Maushold, L50|100/100
|switch|p2b: Gardevoir|Gardevoir, L50, F|100/100
|-ability|p1b: Incineroar|Intimidate|boost
|-unboost|p2a: Maushold|atk|1
|-unboost|p2b: Gardevoir|atk|1
|turn|1
|inactive|Battle timer is ON: inactive players will automatically lose when time's up. (requested by hopiumoncrack)
|inactive|1OO% Jesus has 60 seconds left.
|
|t:|1783450414
|detailschange|p1a: Blastoise|Blastoise-Mega, L50, M
|-mega|p1a: Blastoise|Blastoise|Blastoisinite
|move|p1b: Incineroar|Fake Out|p2a: Maushold
|-damage|p2a: Maushold|88/100
|cant|p2a: Maushold|flinch
|move|p1a: Blastoise|Shell Smash|p1a: Blastoise
|-unboost|p1a: Blastoise|def|1
|-unboost|p1a: Blastoise|spd|1
|-boost|p1a: Blastoise|atk|2
|-boost|p1a: Blastoise|spa|2
|-boost|p1a: Blastoise|spe|2
|move|p2b: Gardevoir|Trick Room|p2b: Gardevoir
|-fieldstart|move: Trick Room|[of] p2b: Gardevoir
|
|upkeep
|turn|2
|inactive|1OO% Jesus has 30 seconds left.
|
|t:|1783450442
|move|p1a: Blastoise|Protect|p1a: Blastoise
|-singleturn|p1a: Blastoise|Protect
|move|p2b: Gardevoir|Psyshock|p1a: Blastoise
|-activate|p1a: Blastoise|move: Protect
|move|p1b: Incineroar|Parting Shot|p2a: Maushold
|-unboost|p2a: Maushold|atk|1
|-unboost|p2a: Maushold|spa|1
|inactive|1OO% Jesus has 30 seconds left.
|
|t:|1783450468
|switch|p1b: Sneasler|Sneasler, L50, M|100/100|[from] Parting Shot
|move|p2a: Maushold|Super Fang|p1b: Sneasler
|-damage|p1b: Sneasler|50/100g
|
|upkeep
|turn|3
|inactive|hopiumoncrack has 30 seconds left.
|
|t:|1783450501
|move|p1b: Sneasler|Fake Out|p2b: Gardevoir
|-damage|p2b: Gardevoir|84/100
|cant|p2b: Gardevoir|flinch
|move|p2a: Maushold|Super Fang|p1a: Blastoise
|-damage|p1a: Blastoise|50/100y
|move|p1a: Blastoise|Dark Pulse|p2a: Maushold
|-damage|p2a: Maushold|0 fnt
|faint|p2a: Maushold
|
|upkeep
|
|t:|1783450511
|switch|p2a: Tyranitar|Tyranitar, L50, F|100/100
|-weather|Sandstorm|[from] ability: Sand Stream|[of] p2a: Tyranitar
|turn|4
|
|t:|1783450530
|switch|p1b: Incineroar|Incineroar, L50, F|100/100
|-ability|p1b: Incineroar|Intimidate|boost
|-unboost|p2a: Tyranitar|atk|1
|-unboost|p2b: Gardevoir|atk|1
|detailschange|p2a: Tyranitar|Tyranitar-Mega, L50, F
|-mega|p2a: Tyranitar|Tyranitar|Tyranitarite
|move|p1a: Blastoise|Protect|p1a: Blastoise
|-singleturn|p1a: Blastoise|Protect
|move|p2b: Gardevoir|Psyshock|p1b: Incineroar
|-immune|p1b: Incineroar
|move|p2a: Tyranitar|Rock Slide|p1a: Blastoise|[spread] p1b
|-activate|p1a: Blastoise|move: Protect
|-supereffective|p1b: Incineroar|1
|-damage|p1b: Incineroar|60/100
|
|-weather|Sandstorm|[upkeep]
|-damage|p2b: Gardevoir|78/100|[from] Sandstorm
|-damage|p1b: Incineroar|54/100|[from] Sandstorm
|-damage|p1a: Blastoise|44/100|[from] Sandstorm
|upkeep
|turn|5
|inactive|1OO% Jesus has 30 seconds left.
|inactive|hopiumoncrack has 30 seconds left.
|inactive|1OO% Jesus has 20 seconds left.
|
|t:|1783450566
|switch|p2a: Sinistcha|Sinistcha, L50|100/100
|-heal|p2b: Gardevoir|100/100|[from] ability: Hospitality|[of] p2a: Sinistcha
|move|p2b: Gardevoir|Psyshock|p1a: Blastoise
|-damage|p1a: Blastoise|0 fnt
|faint|p1a: Blastoise
|move|p1b: Incineroar|Parting Shot|p2b: Gardevoir
|-unboost|p2b: Gardevoir|atk|1
|-unboost|p2b: Gardevoir|spa|1
|
|t:|1783450582
|switch|p1b: Sinistcha|Sinistcha, L50|100/100|[from] Parting Shot
|
|-weather|Sandstorm|[upkeep]
|-damage|p2a: Sinistcha|93/100|[from] Sandstorm
|-damage|p1b: Sinistcha|93/100|[from] Sandstorm
|-damage|p2b: Gardevoir|94/100|[from] Sandstorm
|-fieldend|move: Trick Room
|upkeep
|
|t:|1783450596
|switch|p1a: Sneasler|Sneasler, L50, M|50/100g
|turn|6
|
|t:|1783450606
|move|p2b: Gardevoir|Protect|p2b: Gardevoir
|-singleturn|p2b: Gardevoir|Protect
|move|p2a: Sinistcha|Protect|p2a: Sinistcha
|-singleturn|p2a: Sinistcha|Protect
|move|p1a: Sneasler|Fake Out|p2b: Gardevoir
|-activate|p2b: Gardevoir|move: Protect
|move|p1b: Sinistcha|Life Dew|p1b: Sinistcha|[spread] p1a,p1b
|-heal|p1a: Sneasler|75/100
|-heal|p1b: Sinistcha|100/100
|
|-weather|Sandstorm|[upkeep]
|-damage|p1a: Sneasler|69/100|[from] Sandstorm
|-damage|p2b: Gardevoir|88/100|[from] Sandstorm
|-damage|p1b: Sinistcha|93/100|[from] Sandstorm
|-damage|p2a: Sinistcha|87/100|[from] Sandstorm
|upkeep
|turn|7
|
|t:|1783450622
|move|p1b: Sinistcha|Rage Powder|p1b: Sinistcha
|-singleturn|p1b: Sinistcha|move: Rage Powder
|move|p2a: Sinistcha|Rage Powder|p2a: Sinistcha
|-singleturn|p2a: Sinistcha|move: Rage Powder
|move|p1a: Sneasler|Poison Jab|p2a: Sinistcha
|-damage|p2a: Sinistcha|53/100
|-status|p2a: Sinistcha|psn
|move|p2b: Gardevoir|Trick Room|p2b: Gardevoir
|-fieldstart|move: Trick Room|[of] p2b: Gardevoir
|
|-weather|Sandstorm|[upkeep]
|-damage|p2a: Sinistcha|47/100 psn|[from] Sandstorm
|-damage|p1b: Sinistcha|87/100|[from] Sandstorm
|-damage|p2b: Gardevoir|82/100|[from] Sandstorm
|-damage|p1a: Sneasler|63/100|[from] Sandstorm
|-enditem|p2a: Sinistcha|Sitrus Berry|[eat]
|-heal|p2a: Sinistcha|71/100 psn|[from] item: Sitrus Berry
|-damage|p2a: Sinistcha|59/100 psn|[from] psn
|upkeep
|turn|8
|inactive|hopiumoncrack has 30 seconds left.
|
|t:|1783450651
|switch|p1a: Incineroar|Incineroar, L50, F|54/100
|-ability|p1a: Incineroar|Intimidate|boost
|-unboost|p2a: Sinistcha|atk|1
|-unboost|p2b: Gardevoir|atk|1
|move|p2a: Sinistcha|Matcha Gotcha|p1a: Incineroar|[spread] p1a,p1b
|-resisted|p1a: Incineroar|1
|-resisted|p1b: Sinistcha|1
|-damage|p1a: Incineroar|42/100
|-heal|p2a: Sinistcha|66/100 psn|[from] drain|[of] p1a: Incineroar
|-damage|p1b: Sinistcha|75/100
|-heal|p2a: Sinistcha|72/100 psn|[from] drain|[of] p1b: Sinistcha
|-enditem|p1a: Incineroar|Sitrus Berry|[eat]
|-heal|p1a: Incineroar|67/100|[from] item: Sitrus Berry
|move|p2b: Gardevoir|Psyshock|p1b: Sinistcha
|-damage|p1b: Sinistcha|51/100
|move|p1b: Sinistcha|Life Dew|p1b: Sinistcha|[spread] p1a,p1b
|-heal|p1a: Incineroar|92/100
|-heal|p1b: Sinistcha|76/100
|
|-weather|none
|-damage|p2a: Sinistcha|60/100 psn|[from] psn
|upkeep
|turn|9
|inactive|1OO% Jesus has 30 seconds left.
|inactive|hopiumoncrack has 30 seconds left.
|
|t:|1783450682
|switch|p2a: Tyranitar|Tyranitar-Mega, L50, F|100/100
|-weather|Sandstorm|[from] ability: Sand Stream|[of] p2a: Tyranitar
|move|p1b: Sinistcha|Matcha Gotcha|p2a: Tyranitar|[spread] p2a,p2b
|-supereffective|p2a: Tyranitar|1
|-damage|p2a: Tyranitar|76/100
|-heal|p1b: Sinistcha|89/100|[from] drain|[of] p2a: Tyranitar
|-damage|p2b: Gardevoir|60/100
|-heal|p1b: Sinistcha|100/100|[from] drain|[of] p2b: Gardevoir
|-status|p2a: Tyranitar|brn
|move|p2b: Gardevoir|Psyshock|p1b: Sinistcha
|-damage|p1b: Sinistcha|77/100
|move|p1a: Incineroar|Flare Blitz|p2a: Tyranitar
|-resisted|p2a: Tyranitar|1
|-damage|p2a: Tyranitar|62/100 brn
|-damage|p1a: Incineroar|87/100|[from] Recoil
|
|-weather|Sandstorm|[upkeep]
|-damage|p2b: Gardevoir|54/100|[from] Sandstorm
|-damage|p1b: Sinistcha|71/100|[from] Sandstorm
|-damage|p1a: Incineroar|81/100|[from] Sandstorm
|-damage|p2a: Tyranitar|56/100 brn|[from] brn
|upkeep
|turn|10
|inactive|1OO% Jesus has 30 seconds left.
|inactive|hopiumoncrack has 30 seconds left.
|
|t:|1783450711
|switch|p2b: Sinistcha|Sinistcha, L50|60/100 psn
|-heal|p2a: Tyranitar|81/100 brn|[from] ability: Hospitality|[of] p2b: Sinistcha
|move|p1b: Sinistcha|Matcha Gotcha|p2a: Tyranitar|[spread] p2a,p2b
|-supereffective|p2a: Tyranitar|1
|-resisted|p2b: Sinistcha|1
|-damage|p2a: Tyranitar|57/100 brn
|-heal|p1b: Sinistcha|84/100|[from] drain|[of] p2a: Tyranitar
|-damage|p2b: Sinistcha|48/100 psn
|-heal|p1b: Sinistcha|91/100|[from] drain|[of] p2b: Sinistcha
|move|p2a: Tyranitar|Rock Slide|p1a: Incineroar|[spread] p1a,p1b
|-supereffective|p1a: Incineroar|1
|-damage|p1a: Incineroar|47/100
|-damage|p1b: Sinistcha|75/100
|move|p1a: Incineroar|Flare Blitz|p2b: Sinistcha
|-supereffective|p2b: Sinistcha|1
|-damage|p2b: Sinistcha|0 fnt
|faint|p2b: Sinistcha
|-damage|p1a: Incineroar|33/100|[from] Recoil
|
|-weather|Sandstorm|[upkeep]
|-damage|p1b: Sinistcha|69/100|[from] Sandstorm
|-damage|p1a: Incineroar|27/100|[from] Sandstorm
|-damage|p2a: Tyranitar|52/100 brn|[from] brn
|upkeep
|
|t:|1783450732
|switch|p2b: Gardevoir|Gardevoir, L50, F|54/100
|turn|11
|inactive|hopiumoncrack has 30 seconds left.
|inactive|hopiumoncrack has 20 seconds left.
|
|t:|1783450771
|move|p1b: Sinistcha|Life Dew|p1b: Sinistcha|[spread] p1a,p1b
|-heal|p1a: Incineroar|52/100
|-heal|p1b: Sinistcha|94/100
|move|p2b: Gardevoir|Psyshock|p1b: Sinistcha
|-damage|p1b: Sinistcha|64/100
|move|p2a: Tyranitar|Rock Slide|p1a: Incineroar|[spread] p1a,p1b
|-supereffective|p1a: Incineroar|1
|-damage|p1a: Incineroar|21/100
|-damage|p1b: Sinistcha|48/100
|move|p1a: Incineroar|Flare Blitz|p2b: Gardevoir
|-damage|p2b: Gardevoir|0 fnt
|faint|p2b: Gardevoir
|-damage|p1a: Incineroar|5/100|[from] Recoil
|
|-weather|Sandstorm|[upkeep]
|-damage|p1b: Sinistcha|42/100|[from] Sandstorm
|-damage|p1a: Incineroar|0 fnt|[from] Sandstorm
|faint|p1a: Incineroar
|-damage|p2a: Tyranitar|46/100 brn|[from] brn
|-fieldend|move: Trick Room
|upkeep
|
|t:|1783450788
|switch|p1a: Sneasler|Sneasler, L50, M|63/100
|turn|12
|
|t:|1783450792
|move|p1a: Sneasler|Fake Out|p2a: Tyranitar
|-resisted|p2a: Tyranitar|1
|-damage|p2a: Tyranitar|42/100 brn
|cant|p2a: Tyranitar|flinch
|move|p1b: Sinistcha|Life Dew|p1b: Sinistcha|[spread] p1a,p1b
|-heal|p1a: Sneasler|89/100
|-heal|p1b: Sinistcha|67/100
|
|-weather|Sandstorm|[upkeep]
|-damage|p1a: Sneasler|83/100|[from] Sandstorm
|-damage|p1b: Sinistcha|61/100|[from] Sandstorm
|-damage|p2a: Tyranitar|36/100 brn|[from] brn
|upkeep
|turn|13
|
|t:|1783450804
|move|p1a: Sneasler|Close Combat|p2a: Tyranitar
|-supereffective|p2a: Tyranitar|2
|-damage|p2a: Tyranitar|0 fnt
|-unboost|p1a: Sneasler|def|1
|-unboost|p1a: Sneasler|spd|1
|faint|p2a: Tyranitar
|
|win|1OO% Jesus
||1OO% Jesus is ready for game 2.
||hopiumoncrack is ready for game 2.
|uhtml|next|Next: Game 2 of 3
