|j|☆NightshadeAI
|j|☆Joseanfox
|html|NightshadeAIJoseanfox    
|uhtml|bestof|Game 3 of a best-of-3
|t:|1783448831
|gametype|doubles
|player|p1|NightshadeAI|265|1116
|player|p2|Joseanfox|dawn|1088
|gen|9
|tier|[Gen 9 Champions] VGC 2026 Reg M-B (Bo3)
|rated|
|rule|Species Clause: Limit one of each Pokémon
|rule|Item Clause: Limit 1 of each item
|clearpoke
|poke|p1|Whimsicott, L50, F|
|poke|p1|Charizard, L50, F|
|poke|p1|Basculegion, L50, M|
|poke|p1|Garchomp, L50, M|
|poke|p1|Floette-Eternal, L50, F|
|poke|p1|Kingambit, L50, F|
|poke|p2|Staraptor, L50, F|
|poke|p2|Sinistcha, L50|
|poke|p2|Archaludon, L50, F|
|poke|p2|Raichu, L50, F|
|poke|p2|Pelipper, L50, F|
|poke|p2|Grimmsnarl, L50, M|
|teampreview|4
|showteam|p1|Whimsicott||FocusSash|Prankster|Moonblast,Tailwind,Encore,Protect|Timid||F|||50|]Charizard||CharizarditeY|Blaze|WeatherBall,SolarBeam,HeatWave,Protect|Modest||F|||50|]Basculegion||MysticWater|Adaptability|LastRespects,WaveCrash,AquaJet,Protect|Adamant||M|||50|]Garchomp||LifeOrb|RoughSkin|DragonClaw,Earthquake,RockSlide,Protect|Adamant||M|||50|]Floette-Eternal||Floettite|FlowerVeil|DazzlingGleam,LightofRuin,Moonblast,Protect|Modest||F|||50|]Kingambit||ChopleBerry|Defiant|KowtowCleave,SuckerPunch,IronHead,LowKick|Adamant||F|||50|
|showteam|p2|Staraptor||Staraptite|Intimidate|CloseCombat,Roost,Protect,BraveBird|Adamant||F|||50|]Sinistcha||SitrusBerry|Hospitality|MatchaGotcha,ShadowBall,RagePowder,StrengthSap|Modest|||||50|]Archaludon||QuickClaw|Sturdy|AuraSphere,ElectroShot,FlashCannon,DracoMeteor|Timid||F|||50|]Raichu||RaichuniteX|LightningRod|FakeOut,BrickBreak,VoltTackle,RisingVoltage|Hasty||F|||50|]Pelipper||FocusSash|Drizzle|WeatherBall,WideGuard,Hurricane,Tailwind|Serious||F|||50|]Grimmsnarl||LightClay|Prankster|LightScreen,Reflect,PartingShot,SpiritBreak|Relaxed||M|||50|
|inactive|Battle timer is ON: inactive players will automatically lose when time's up. (requested by NightshadeAI)
|inactive|Joseanfox has 60 seconds left.
|
|t:|1783448872
|teamsize|p1|4
|teamsize|p2|4
|start
|switch|p1a: Whimsicott|Whimsicott, L50, F|100/100
|switch|p1b: Charizard|Charizard, L50, F|100/100
|switch|p2a: Persida|Raichu, L50, F|100/100
|switch|p2b: Salchipapa|Archaludon, L50, F|100/100
|turn|1
|
|t:|1783448891
|detailschange|p2a: Persida|Raichu-Mega-X, L50, F
|-mega|p2a: Persida|Raichu|Raichunite X
|-fieldstart|move: Electric Terrain|[from] ability: Electric Surge|[of] p2a: Persida
|detailschange|p1b: Charizard|Charizard-Mega-Y, L50, F
|-mega|p1b: Charizard|Charizard|Charizardite Y
|-weather|SunnyDay|[from] ability: Drought|[of] p1b: Charizard
|move|p2a: Persida|Fake Out|p1b: Charizard
|-damage|p1b: Charizard|83/100
|move|p1a: Whimsicott|Tailwind|p1a: Whimsicott
|-sidestart|p1: NightshadeAI|move: Tailwind
|cant|p1b: Charizard|flinch
|move|p2b: Salchipapa|Electro Shot||[still]
|-prepare|p2b: Salchipapa|Electro Shot
|-boost|p2b: Salchipapa|spa|1
|
|-weather|SunnyDay|[upkeep]
|upkeep
|turn|2
|-activate|p2b: Salchipapa|item: Quick Claw
|
|t:|1783448916
|switch|p2a: Veil|Pelipper, L50, F|100/100
|-weather|RainDance|[from] ability: Drizzle|[of] p2a: Veil
|move|p2b: Salchipapa|Electro Shot|p1b: Charizard|[from] lockedmove
|-supereffective|p1b: Charizard|1
|-damage|p1b: Charizard|0 fnt
|faint|p1b: Charizard
|move|p1a: Whimsicott|Moonblast|p2a: Veil
|-damage|p2a: Veil|63/100
|
|-weather|RainDance|[upkeep]
|upkeep
|
|t:|1783448916
|switch|p1b: Garchomp|Garchomp, L50, M|100/100
|turn|3
|inactive|Joseanfox has 30 seconds left.
|
|t:|1783448945
|move|p2a: Veil|Wide Guard|p2a: Veil
|-singleturn|p2a: Veil|Wide Guard
|move|p1a: Whimsicott|Moonblast|p2a: Veil
|-damage|p2a: Veil|29/100
|move|p1b: Garchomp|Rock Slide|p2a: Veil|[spread] 
|-activate|p2a: Veil|move: Wide Guard
|-activate|p2b: Salchipapa|move: Wide Guard
|move|p2b: Salchipapa|Draco Meteor|p1b: Garchomp
|-supereffective|p1b: Garchomp|1
|-damage|p1b: Garchomp|0 fnt
|-unboost|p2b: Salchipapa|spa|2
|faint|p1b: Garchomp
|
|-weather|RainDance|[upkeep]
|upkeep
|
|t:|1783448945
|switch|p1b: Basculegion|Basculegion, L50, M|100/100
|turn|4
|inactive|Joseanfox has 30 seconds left.
|
|t:|1783448977
|move|p1a: Whimsicott|Moonblast|p2a: Veil
|-damage|p2a: Veil|0 fnt
|faint|p2a: Veil
|move|p1b: Basculegion|Last Respects|p2b: Salchipapa
|-damage|p2b: Salchipapa|13/100
|move|p2b: Salchipapa|Electro Shot||[still]
|-prepare|p2b: Salchipapa|Electro Shot
|-boost|p2b: Salchipapa|spa|1
|-anim|p2b: Salchipapa|Electro Shot|p1b: Basculegion
|-supereffective|p1b: Basculegion|1
|-damage|p1b: Basculegion|0 fnt
|faint|p1b: Basculegion
|
|-weather|RainDance|[upkeep]
|-sideend|p1: NightshadeAI|move: Tailwind
|upkeep
|
|t:|1783448992
|switch|p2a: Persida|Raichu-Mega-X, L50, F|100/100
|turn|5
|-activate|p2b: Salchipapa|item: Quick Claw
|
|t:|1783448998
|move|p1a: Whimsicott|Protect|p1a: Whimsicott
|-singleturn|p1a: Whimsicott|Protect
|move|p2a: Persida|Fake Out|p1a: Whimsicott
|-activate|p1a: Whimsicott|move: Protect
|move|p2b: Salchipapa|Flash Cannon|p1a: Whimsicott
|-activate|p1a: Whimsicott|move: Protect
|
|-weather|RainDance|[upkeep]
|-fieldend|move: Electric Terrain
|upkeep
|turn|6
|
|t:|1783449019
|move|p1a: Whimsicott|Moonblast|p2b: Salchipapa
|-damage|p2b: Salchipapa|0 fnt
|faint|p2b: Salchipapa
|move|p2a: Persida|Volt Tackle|p1a: Whimsicott
|-resisted|p1a: Whimsicott|1
|-damage|p1a: Whimsicott|58/100
|-damage|p2a: Persida|83/100|[from] Recoil
|
|-weather|none
|upkeep
|
|t:|1783449030
|switch|p2b: Eren|Grimmsnarl, L50, M|100/100
|turn|7
|
|t:|1783449037
|move|p1a: Whimsicott|Protect|p1a: Whimsicott
|-singleturn|p1a: Whimsicott|Protect
|move|p2b: Eren|Light Screen|p2b: Eren
|-sidestart|p2: Joseanfox|move: Light Screen
|move|p2a: Persida|Volt Tackle|p1a: Whimsicott
|-activate|p1a: Whimsicott|move: Protect
|
|upkeep
|turn|8
|
|t:|1783449049
|move|p2b: Eren|Parting Shot|p1a: Whimsicott
|-unboost|p1a: Whimsicott|atk|1
|-unboost|p1a: Whimsicott|spa|1
|move|p1a: Whimsicott|Moonblast|p2b: Eren
|-supereffective|p2b: Eren|1
|-damage|p2b: Eren|73/100
|move|p2a: Persida|Volt Tackle|p1a: Whimsicott
|-resisted|p1a: Whimsicott|1
|-damage|p1a: Whimsicott|17/100
|-damage|p2a: Persida|66/100|[from] Recoil
|
|upkeep
|turn|9
|
|t:|1783449064
|move|p1a: Whimsicott|Moonblast|p2b: Eren
|-supereffective|p2b: Eren|1
|-damage|p2b: Eren|49/100
|move|p2a: Persida|Volt Tackle|p1a: Whimsicott
|-resisted|p1a: Whimsicott|1
|-damage|p1a: Whimsicott|0 fnt
|faint|p1a: Whimsicott
|-damage|p2a: Persida|59/100|[from] Recoil
|
|win|Joseanfox
|raw|NightshadeAI's rating: 1116 → 1089(-27 for losing)
|raw|Joseanfox's rating: 1088 → 1117(+29 for winning)
|l|☆NightshadeAI
|player|p1|
