|j|☆benjitulio
|j|☆Broey_jiggs
|html|benjitulioBroey_jiggs    
|uhtml|bestof|Game 3 of a best-of-3
|t:|1783210564
|gametype|doubles
|player|p1|benjitulio|wattson|1043
|player|p2|Broey_jiggs|102|1006
|gen|9
|tier|[Gen 9 Champions] VGC 2026 Reg M-B (Bo3)
|rated|
|rule|Species Clause: Limit one of each Pokémon
|rule|Item Clause: Limit 1 of each item
|clearpoke
|poke|p1|Maushold-Four, L50|
|poke|p1|Incineroar, L50, M|
|poke|p1|Metagross, L50|
|poke|p1|Aerodactyl, L50, M|
|poke|p1|Primarina, L50, F|
|poke|p1|Sinistcha, L50|
|poke|p2|Toxapex, L50, F|
|poke|p2|Rotom-Wash, L50|
|poke|p2|Corviknight, L50, F|
|poke|p2|Sinistcha-Masterpiece, L50|
|poke|p2|Tyranitar, L50, F|
|poke|p2|Garchomp, L50, M|
|teampreview|4
|showteam|p1|Maushold-Four||FocusSash|FriendGuard|FollowMe,RainDance,PopulationBomb,SuperFang|Jolly|||||50|]Incineroar||ChopleBerry|Intimidate|FakeOut,FlareBlitz,PartingShot,DarkestLariat|Impish||M|||50|]Metagross||Metagrossite|ClearBody|IronHead,Protect,PsychicFangs,Earthquake|Adamant|||||50|]Aerodactyl||FocusBand|Unnerve|RockSlide,Protect,Tailwind,IceFang|Jolly||M|||50|]Primarina||ChoiceScarf|LiquidVoice|HyperVoice,HydroPump,IcyWind,Moonblast|Modest||F|||50|]Sinistcha||Leftovers|Hospitality|MatchaGotcha,LifeDew,ShadowBall,RagePowder|Calm|||||50|
|showteam|p2|Toxapex||Leftovers|Regenerator|Toxic,BanefulBunker,Infestation,Recover|Bold||F|||50|]Rotom-Wash||Magnet|Levitate|HydroPump,Thunderbolt,WillOWisp,Protect|Calm|||||50|]Corviknight||OccaBerry|MirrorArmor|BodyPress,Roost,IronDefense,BraveBird|Careful||F|||50|]Sinistcha-Masterpiece||MiracleSeed|Hospitality|MatchaGotcha,LifeDew,Protect,TrickRoom|Relaxed|||||50|]Tyranitar||Tyranitarite|SandStream|RockSlide,Earthquake,KnockOff,Protect|Adamant||F|||50|]Garchomp||LifeOrb|SandVeil|Earthquake,EarthPower,Protect,DragonClaw|Jolly||M|||50|
|inactive|Battle timer is ON: inactive players will automatically lose when time's up. (requested by Broey_jiggs)
|
|t:|1783210597
|teamsize|p1|4
|teamsize|p2|4
|start
|switch|p1a: Aerodactyl|Aerodactyl, L50, M|100/100
|switch|p1b: Metagross|Metagross, L50|100/100
|switch|p2a: Rotom|Rotom-Wash, L50|100/100
|switch|p2b: Sinistcha|Sinistcha-Masterpiece, L50|100/100
|-ability|p1a: Aerodactyl|Unnerve
|turn|1
|
|t:|1783210622
|detailschange|p1b: Metagross|Metagross-Mega, L50
|-mega|p1b: Metagross|Metagross|Metagrossite
|move|p2b: Sinistcha|Protect|p2b: Sinistcha
|-singleturn|p2b: Sinistcha|Protect
|move|p1a: Aerodactyl|Ice Fang|p2b: Sinistcha
|-activate|p2b: Sinistcha|move: Protect
|move|p1b: Metagross|Psychic Fangs|p2b: Sinistcha
|-activate|p2b: Sinistcha|move: Protect
|move|p2a: Rotom|Will-O-Wisp|p1b: Metagross
|-status|p1b: Metagross|brn
|
|-damage|p1b: Metagross|94/100 brn|[from] brn
|upkeep
|turn|2
|
|t:|1783210636
|switch|p2b: Tyranitar|Tyranitar, L50, F|100/100
|-weather|Sandstorm|[from] ability: Sand Stream|[of] p2b: Tyranitar
|move|p1a: Aerodactyl|Ice Fang|p2b: Tyranitar
|-damage|p2b: Tyranitar|83/100
|move|p1b: Metagross|Iron Head|p2b: Tyranitar
|-supereffective|p2b: Tyranitar|1
|-damage|p2b: Tyranitar|33/100
|move|p2a: Rotom|Thunderbolt|p1a: Aerodactyl
|-supereffective|p1a: Aerodactyl|1
|-damage|p1a: Aerodactyl|26/100
|
|-weather|Sandstorm|[upkeep]
|-damage|p2a: Rotom|94/100|[from] Sandstorm
|-damage|p1b: Metagross|88/100 brn|[from] brn
|upkeep
|turn|3
|inactive|benjitulio has 30 seconds left.
|
|t:|1783210668
|switch|p1a: Primarina|Primarina, L50, F|100/100
|move|p1b: Metagross|Protect|p1b: Metagross
|-singleturn|p1b: Metagross|Protect
|move|p2b: Tyranitar|Protect|p2b: Tyranitar
|-singleturn|p2b: Tyranitar|Protect
|move|p2a: Rotom|Thunderbolt|p1a: Primarina
|-supereffective|p1a: Primarina|1
|-damage|p1a: Primarina|23/100
|
|-weather|Sandstorm|[upkeep]
|-damage|p1a: Primarina|17/100|[from] Sandstorm
|-damage|p2a: Rotom|88/100|[from] Sandstorm
|-damage|p1b: Metagross|82/100 brn|[from] brn
|upkeep
|turn|4
|inactive|Broey_jiggs has 30 seconds left.
|inactive|Broey_jiggs has 20 seconds left.
|inactive|Broey_jiggs has 15 seconds left.
|inactive|Broey_jiggs has 10 seconds left.
|inactive|Broey_jiggs has 5 seconds left.
|
|t:|1783210723
|move|p1a: Primarina|Moonblast|p2a: Rotom
|-damage|p2a: Rotom|46/100
|move|p1b: Metagross|Iron Head|p2b: Tyranitar
|-supereffective|p2b: Tyranitar|1
|-damage|p2b: Tyranitar|0 fnt
|faint|p2b: Tyranitar
|move|p2a: Rotom|Hydro Pump|p1b: Metagross
|-damage|p1b: Metagross|40/100 brn
|
|-weather|Sandstorm|[upkeep]
|-damage|p1a: Primarina|12/100|[from] Sandstorm
|-damage|p2a: Rotom|40/100|[from] Sandstorm
|-damage|p1b: Metagross|35/100 brn|[from] brn
|upkeep
|
|t:|1783210746
|switch|p2b: Sinistcha|Sinistcha-Masterpiece, L50|100/100
|-heal|p2a: Rotom|65/100|[from] ability: Hospitality|[of] p2b: Sinistcha
|turn|5
|
|t:|1783210761
|move|p1a: Primarina|Moonblast|p2a: Rotom
|-damage|p2a: Rotom|23/100
|move|p1b: Metagross|Psychic Fangs|p2a: Rotom
|-damage|p2a: Rotom|0 fnt
|faint|p2a: Rotom
|move|p2b: Sinistcha|Trick Room|p2b: Sinistcha
|-fieldstart|move: Trick Room|[of] p2b: Sinistcha
|
|-weather|Sandstorm|[upkeep]
|-damage|p2b: Sinistcha|93/100|[from] Sandstorm
|-damage|p1a: Primarina|6/100|[from] Sandstorm
|-damage|p1b: Metagross|29/100 brn|[from] brn
|upkeep
|
|t:|1783210773
|switch|p2a: Garchomp|Garchomp, L50, M|100/100
|turn|6
|
|t:|1783210790
|switch|p1a: Incineroar|Incineroar, L50, M|100/100
|-ability|p1a: Incineroar|Intimidate|boost
|-unboost|p2a: Garchomp|atk|1
|-unboost|p2b: Sinistcha|atk|1
|move|p2a: Garchomp|Protect|p2a: Garchomp
|-singleturn|p2a: Garchomp|Protect
|move|p2b: Sinistcha|Matcha Gotcha|p1b: Metagross|[spread] p1a
|-miss|p2b: Sinistcha|p1b: Metagross
|-resisted|p1a: Incineroar|1
|-damage|p1a: Incineroar|85/100
|-heal|p2b: Sinistcha|100/100|[from] drain|[of] p1a: Incineroar
|move|p1b: Metagross|Psychic Fangs|p2b: Sinistcha
|-damage|p2b: Sinistcha|76/100
|
|-weather|none
|-damage|p1b: Metagross|23/100 brn|[from] brn
|upkeep
|turn|7
|l|☆Broey_jiggs
|inactive|Broey_jiggs disconnected and has a minute to reconnect!
|player|p2|
|j|☆Broey_jiggs
|inactive|Broey_jiggs reconnected and has 45 seconds left.
|player|p2|Broey_jiggs|102|
|inactive|benjitulio has 30 seconds left.
|
|t:|1783210820
|move|p1a: Incineroar|Fake Out|p2a: Garchomp
|-damage|p2a: Garchomp|88/100
|move|p2b: Sinistcha|Matcha Gotcha|p1b: Metagross|[spread] p1a,p1b
|-resisted|p1a: Incineroar|1
|-resisted|p1b: Metagross|1
|-damage|p1a: Incineroar|70/100
|-heal|p2b: Sinistcha|85/100|[from] drain|[of] p1a: Incineroar
|-damage|p1b: Metagross|8/100 brn
|-heal|p2b: Sinistcha|92/100|[from] drain|[of] p1b: Metagross
|move|p1b: Metagross|Psychic Fangs|p2b: Sinistcha
|-damage|p2b: Sinistcha|69/100
|cant|p2a: Garchomp|flinch
|
|-damage|p1b: Metagross|3/100 brn|[from] brn
|upkeep
|turn|8
|
|t:|1783210836
|move|p2b: Sinistcha|Protect|p2b: Sinistcha
|-singleturn|p2b: Sinistcha|Protect
|move|p1a: Incineroar|Parting Shot|p2a: Garchomp
|-unboost|p2a: Garchomp|atk|1
|-unboost|p2a: Garchomp|spa|1
|
|t:|1783210842
|switch|p1a: Aerodactyl|Aerodactyl, L50, M|26/100|[from] Parting Shot
|-ability|p1a: Aerodactyl|Unnerve
|move|p1b: Metagross|Earthquake|p2a: Garchomp|[spread] p2a
|-activate|p2b: Sinistcha|move: Protect
|-immune|p1a: Aerodactyl
|-damage|p2a: Garchomp|72/100
|move|p2a: Garchomp|Earthquake|p1b: Metagross|[spread] p1b
|-activate|p2b: Sinistcha|move: Protect
|-immune|p1a: Aerodactyl
|-supereffective|p1b: Metagross|1
|-crit|p1b: Metagross
|-damage|p1b: Metagross|0 fnt
|faint|p1b: Metagross
|-damage|p2a: Garchomp|63/100|[from] item: Life Orb
|
|upkeep
|
|t:|1783210853
|switch|p1b: Incineroar|Incineroar, L50, M|70/100
|-ability|p1b: Incineroar|Intimidate|boost
|-unboost|p2a: Garchomp|atk|1
|-unboost|p2b: Sinistcha|atk|1
|turn|9
|
|t:|1783210863
|move|p1a: Aerodactyl|Protect|p1a: Aerodactyl
|-singleturn|p1a: Aerodactyl|Protect
|move|p1b: Incineroar|Fake Out|p2a: Garchomp
|-damage|p2a: Garchomp|51/100
|move|p2b: Sinistcha|Matcha Gotcha|p1b: Incineroar|[spread] p1b
|-activate|p1a: Aerodactyl|move: Protect
|-resisted|p1b: Incineroar|1
|-damage|p1b: Incineroar|55/100
|-heal|p2b: Sinistcha|78/100|[from] drain|[of] p1b: Incineroar
|cant|p2a: Garchomp|flinch
|
|-fieldend|move: Trick Room
|upkeep
|turn|10
|
|t:|1783210872
|move|p1a: Aerodactyl|Tailwind|p1a: Aerodactyl
|-sidestart|p1: benjitulio|move: Tailwind
|move|p1b: Incineroar|Flare Blitz|p2b: Sinistcha
|-supereffective|p2b: Sinistcha|1
|-damage|p2b: Sinistcha|10/100
|-damage|p1b: Incineroar|35/100|[from] Recoil
|move|p2a: Garchomp|Earth Power|p1b: Incineroar
|-supereffective|p1b: Incineroar|1
|-damage|p1b: Incineroar|0 fnt
|faint|p1b: Incineroar
|-damage|p2a: Garchomp|42/100|[from] item: Life Orb
|move|p2b: Sinistcha|Matcha Gotcha|p1a: Aerodactyl
|-damage|p1a: Aerodactyl|0 fnt
|-heal|p2b: Sinistcha|22/100|[from] drain|[of] p1a: Aerodactyl
|faint|p1a: Aerodactyl
|
|upkeep
|
|t:|1783210878
|switch|p1b: Primarina|Primarina, L50, F|6/100
|turn|11
|
|t:|1783210883
|move|p1b: Primarina|Icy Wind|p2b: Sinistcha|[spread] p2a,p2b
|-supereffective|p2a: Garchomp|2
|-supereffective|p2b: Sinistcha|1
|-damage|p2a: Garchomp|0 fnt
|-damage|p2b: Sinistcha|0 fnt
|faint|p2a: Garchomp
|faint|p2b: Sinistcha
|
|win|benjitulio
|raw|benjitulio's rating: 1043 → 1073(+30 for winning)
|raw|Broey_jiggs's rating: 1006 → 1000(-6 for losing)
