|j|☆boober_magmar
|j|☆MrTedno
|html|boober_magmarMrTedno    
|uhtml|bestof|Game 1 of a best-of-3
|t:|1756900292
|gametype|doubles
|player|p1|boober_magmar|gambler|1250
|player|p2|MrTedno|barry|1217
|gen|9
|tier|[Gen 9] VGC 2025 Reg H (Bo3)
|rated|
|rule|Species Clause: Limit one of each Pokémon
|rule|Item Clause: Limit 1 of each item
|clearpoke
|poke|p1|Dragonite, L50, F|
|poke|p1|Annihilape, L50, M|
|poke|p1|Incineroar, L50, F|
|poke|p1|Gholdengo, L50|
|poke|p1|Porygon2, L50|
|poke|p1|Ursaluna, L50, F|
|poke|p2|Ninetales-Alola, L50, F|
|poke|p2|Garchomp, L50, F|
|poke|p2|Dragonite, L50, M|
|poke|p2|Incineroar, L50, F|
|poke|p2|Gholdengo, L50|
|poke|p2|Farigiraf, L50, F|
|teampreview|4
|showteam|p1|Dragonite||LoadedDice|Multiscale|ScaleShot,IronHead,Tailwind,Protect|||F|||50|,,,,,Steel]Annihilape||FocusSash|Defiant|RageFist,CloseCombat,Taunt,Protect|||M|||50|,,,,,Stellar]Incineroar||SafetyGoggles|Intimidate|FakeOut,KnockOff,FlareBlitz,PartingShot|||F|||50|,,,,,Ghost]Gholdengo||LifeOrb|GoodasGold|ShadowBall,MakeItRain,NastyPlot,Protect||||||50|,,,,,Water]Porygon2||Eviolite|Download|TeraBlast,IceBeam,TrickRoom,Recover||||||50|,,,,,Flying]Ursaluna||FlameOrb|Guts|Facade,Earthquake,HeadlongRush,Protect|||F|||50|,,,,,Ghost
|showteam|p2|Ninetales-Alola||FocusSash|SnowWarning|Encore,Blizzard,FreezeDry,Protect|||F|||50|,,,,,Ghost]Garchomp||ClearAmulet|RoughSkin|Earthquake,DragonClaw,StompingTantrum,Protect|||F|||50|,,,,,Ground]Dragonite||LumBerry|InnerFocus|TeraBlast,LowKick,ExtremeSpeed,Protect|||M|||50|,,,,,Flying]Incineroar||SafetyGoggles|Intimidate|FakeOut,PartingShot,FlareBlitz,KnockOff|||F|||50|,,,,,Ghost]Gholdengo||LifeOrb|GoodasGold|ShadowBall,MakeItRain,NastyPlot,Protect||||||50|,,,,,Flying]Farigiraf||SitrusBerry|ArmorTail|TrickRoom,Protect,TeraBlast,PsychicNoise|||F|||50|,,,,,Fighting
|inactive|Battle timer is ON: inactive players will automatically lose when time's up. (requested by MrTedno)
|c|☆MrTedno|glhf
|inactive|boober_magmar has 60 seconds left.
|inactive|MrTedno has 60 seconds left.
|inactive|MrTedno has 30 seconds left.
|inactive|MrTedno has 20 seconds left.
|inactive|MrTedno has 15 seconds left.
|inactive|MrTedno has 10 seconds left.
|inactive|MrTedno has 5 seconds left.
|
|t:|1756900380
|teamsize|p1|4
|teamsize|p2|4
|start
|switch|p1a: Incineroar|Incineroar, L50, F|100/100
|switch|p1b: Porygon2|Porygon2, L50|100/100
|switch|p2a: Marty|Dragonite, L50, M|100/100
|switch|p2b: Alex|Garchomp, L50, F|100/100
|-ability|p1a: Incineroar|Intimidate|boost
|-fail|p2a: Marty|unboost|Attack|[from] ability: Inner Focus|[of] p2a: Marty
|-fail|p2b: Alex|unboost|[from] item: Clear Amulet|[of] p2b: Alex
|-ability|p1b: Porygon2|Download|boost
|-boost|p1b: Porygon2|spa|1
|turn|1
|inactive|boober_magmar has 30 seconds left.
|inactive|MrTedno has 30 seconds left.
|inactive|boober_magmar has 20 seconds left.
|inactive|MrTedno has 20 seconds left.
|
|t:|1756900418
|-terastallize|p2a: Marty|Flying
|move|p1a: Incineroar|Fake Out|p2b: Alex
|-damage|p2b: Alex|90/100
|-damage|p1a: Incineroar|88/100|[from] ability: Rough Skin|[of] p2b: Alex
|cant|p2b: Alex|flinch
|move|p2a: Marty|Tera Blast|p1a: Incineroar|[anim] Tera Blast Flying
|-damage|p1a: Incineroar|43/100
|move|p1b: Porygon2|Trick Room|p1b: Porygon2
|-fieldstart|move: Trick Room|[of] p1b: Porygon2
|
|upkeep
|turn|2
|inactive|MrTedno has 30 seconds left.
|inactive|boober_magmar has 30 seconds left.
|inactive|MrTedno has 20 seconds left.
|inactive|MrTedno has 15 seconds left.
|inactive|boober_magmar has 20 seconds left.
|inactive|MrTedno has 10 seconds left.
|
|t:|1756900466
|move|p2b: Alex|Protect|p2b: Alex
|-singleturn|p2b: Alex|Protect
|move|p1b: Porygon2|Ice Beam|p2b: Alex
|-activate|p2b: Alex|move: Protect
|move|p1a: Incineroar|Parting Shot|p2a: Marty
|-unboost|p2a: Marty|atk|1
|-unboost|p2a: Marty|spa|1
|
|t:|1756900474
|switch|p1a: Ursaluna|Ursaluna, L50, F|100/100|[from] Parting Shot
|move|p2a: Marty|Low Kick|p1a: Ursaluna
|-supereffective|p1a: Ursaluna
|-damage|p1a: Ursaluna|53/100
|
|-status|p1a: Ursaluna|brn|[from] item: Flame Orb
|upkeep
|turn|3
|inactive|MrTedno has 30 seconds left.
|inactive|MrTedno has 20 seconds left.
|inactive|MrTedno has 15 seconds left.
|inactive|MrTedno has 10 seconds left.
|inactive|MrTedno has 5 seconds left.
|
|t:|1756900527
|switch|p2b: Julien|Incineroar, L50, F|100/100
|-ability|p2b: Julien|Intimidate|boost
|-unboost|p1a: Ursaluna|atk|1
|-unboost|p1b: Porygon2|atk|1
|move|p2a: Marty|Protect|p2a: Marty
|-singleturn|p2a: Marty|Protect
|move|p1a: Ursaluna|Facade|p2a: Marty
|-activate|p2a: Marty|move: Protect
|move|p1b: Porygon2|Ice Beam|p2b: Julien
|-resisted|p2b: Julien
|-damage|p2b: Julien|85/100
|
|-damage|p1a: Ursaluna|47/100 brn|[from] brn
|upkeep
|turn|4
|inactive|MrTedno has 30 seconds left.
|inactive|MrTedno has 20 seconds left.
|inactive|MrTedno has 15 seconds left.
|inactive|MrTedno has 10 seconds left.
|
|t:|1756900573
|move|p2b: Julien|Fake Out|p1b: Porygon2
|-damage|p1b: Porygon2|93/100
|move|p1a: Ursaluna|Facade|p2a: Marty
|-damage|p2a: Marty|19/100
|cant|p1b: Porygon2|flinch
|move|p2a: Marty|Tera Blast|p1a: Ursaluna|[anim] Tera Blast Flying
|-damage|p1a: Ursaluna|16/100 brn
|
|-damage|p1a: Ursaluna|10/100 brn|[from] brn
|upkeep
|turn|5
|inactive|MrTedno has 30 seconds left.
|inactive|MrTedno has 20 seconds left.
|inactive|MrTedno has 15 seconds left.
|inactive|MrTedno has 10 seconds left.
|
|t:|1756900621
|switch|p2b: Gloria|Ninetales-Alola, L50, F|100/100
|-weather|Snowscape|[from] ability: Snow Warning|[of] p2b: Gloria
|move|p2a: Marty|Protect|p2a: Marty
|-singleturn|p2a: Marty|Protect
|move|p1a: Ursaluna|Headlong Rush|p2b: Gloria
|-damage|p2b: Gloria|35/100
|-unboost|p1a: Ursaluna|def|1
|-unboost|p1a: Ursaluna|spd|1
|move|p1b: Porygon2|Ice Beam|p2b: Gloria
|-resisted|p2b: Gloria
|-damage|p2b: Gloria|9/100
|
|-weather|Snowscape|[upkeep]
|-damage|p1a: Ursaluna|4/100 brn|[from] brn
|-fieldend|move: Trick Room
|upkeep
|turn|6
|inactive|MrTedno has 30 seconds left.
|inactive|MrTedno has 20 seconds left.
|inactive|MrTedno has 15 seconds left.
|
|t:|1756900663
|switch|p1a: Incineroar|Incineroar, L50, F|43/100
|-ability|p1a: Incineroar|Intimidate|boost
|-fail|p2a: Marty|unboost|Attack|[from] ability: Inner Focus|[of] p2a: Marty
|-unboost|p2b: Gloria|atk|1
|move|p2b: Gloria|Encore|p1b: Porygon2
|-start|p1b: Porygon2|Encore
|move|p2a: Marty|Tera Blast|p1a: Incineroar|[anim] Tera Blast Flying
|-crit|p1a: Incineroar
|-damage|p1a: Incineroar|0 fnt
|faint|p1a: Incineroar
|move|p1b: Porygon2|Ice Beam|p2b: Gloria
|-resisted|p2b: Gloria
|-damage|p2b: Gloria|0 fnt
|faint|p2b: Gloria
|
|-weather|Snowscape|[upkeep]
|upkeep
|
|t:|1756900678
|switch|p2b: Alex|Garchomp, L50, F|90/100
|switch|p1a: Gholdengo|Gholdengo, L50|100/100
|turn|7
|
|t:|1756900687
|switch|p2a: Julien|Incineroar, L50, F|85/100
|-ability|p2a: Julien|Intimidate|boost
|-unboost|p1a: Gholdengo|atk|1
|-unboost|p1b: Porygon2|atk|1
|-terastallize|p1a: Gholdengo|Water
|move|p2b: Alex|Protect|p2b: Alex
|-singleturn|p2b: Alex|Protect
|move|p1a: Gholdengo|Make It Rain|p2a: Julien|[spread] p2a
|-activate|p2b: Alex|move: Protect
|-resisted|p2a: Julien
|-damage|p2a: Julien|59/100
|-unboost|p1a: Gholdengo|spa|1
|-damage|p1a: Gholdengo|91/100|[from] item: Life Orb
|move|p1b: Porygon2|Ice Beam|p2b: Alex
|-activate|p2b: Alex|move: Protect
|
|-weather|Snowscape|[upkeep]
|upkeep
|turn|8
|inactive|MrTedno has 30 seconds left.
|
|t:|1756900715
|move|p2a: Julien|Fake Out|p1b: Porygon2
|-damage|p1b: Porygon2|84/100
|move|p2b: Alex|Stomping Tantrum|p1b: Porygon2
|-damage|p1b: Porygon2|59/100
|move|p1a: Gholdengo|Nasty Plot|p1a: Gholdengo
|-boost|p1a: Gholdengo|spa|2
|cant|p1b: Porygon2|flinch
|
|-weather|Snowscape|[upkeep]
|-end|p1b: Porygon2|Encore
|upkeep
|turn|9
|
|t:|1756900733
|move|p2b: Alex|Dragon Claw|p1b: Porygon2
|-damage|p1b: Porygon2|32/100
|move|p1a: Gholdengo|Make It Rain|p2a: Julien|[spread] p2a,p2b
|-resisted|p2a: Julien
|-damage|p2a: Julien|21/100
|-damage|p2b: Alex|0 fnt
|-unboost|p1a: Gholdengo|spa|1
|faint|p2b: Alex
|-damage|p1a: Gholdengo|81/100|[from] item: Life Orb
|move|p2a: Julien|Knock Off|p1b: Porygon2
|-damage|p1b: Porygon2|2/100
|-enditem|p1b: Porygon2|Eviolite|[from] move: Knock Off|[of] p2a: Julien
|move|p1b: Porygon2|Trick Room|p1b: Porygon2
|-fieldstart|move: Trick Room|[of] p1b: Porygon2
|
|-weather|none
|upkeep
|
|t:|1756900744
|switch|p2b: Marty|Dragonite, L50, M, tera:Flying|19/100
|turn|10
|
|t:|1756900755
|move|p2b: Marty|Extreme Speed|p1b: Porygon2
|-damage|p1b: Porygon2|0 fnt
|faint|p1b: Porygon2
|move|p2a: Julien|Knock Off|p1a: Gholdengo
|-damage|p1a: Gholdengo|34/100
|-enditem|p1a: Gholdengo|Life Orb|[from] move: Knock Off|[of] p2a: Julien
|move|p1a: Gholdengo|Make It Rain|p2b: Marty|[spread] p2a,p2b
|-resisted|p2a: Julien
|-damage|p2a: Julien|3/100
|-damage|p2b: Marty|0 fnt
|-unboost|p1a: Gholdengo|spa|1
|faint|p2b: Marty
|
|upkeep
|
|t:|1756900765
|switch|p1b: Ursaluna|Ursaluna, L50, F|4/100 brn
|turn|11
|
|t:|1756900771
|move|p2a: Julien|Knock Off|p1a: Gholdengo
|-damage|p1a: Gholdengo|4/100
|move|p1b: Ursaluna|Facade|p2a: Julien
|-damage|p2a: Julien|0 fnt
|faint|p2a: Julien
|
|win|boober_magmar
||MrTedno is ready for game 2.
||boober_magmar is ready for game 2.
|uhtml|next|Next: Game 2 of 3
