|j|☆sidhuistic
|j|☆NahuuH
|html|sidhuisticNahuuH    
|uhtml|bestof|Game 3 of a best-of-3
|t:|1783148473
|gametype|doubles
|player|p1|sidhuistic|102|1200
|player|p2|NahuuH|169|1124
|gen|9
|tier|[Gen 9 Champions] VGC 2026 Reg M-B (Bo3)
|rated|
|rule|Species Clause: Limit one of each Pokémon
|rule|Item Clause: Limit 1 of each item
|clearpoke
|poke|p1|Banette, L50, M|
|poke|p1|Floette-Eternal, L50, F|
|poke|p1|Garchomp, L50, M|
|poke|p1|Kingambit, L50, M|
|poke|p1|Gholdengo, L50|
|poke|p1|Whimsicott, L50, F|
|poke|p2|Blastoise, L50, F|
|poke|p2|Incineroar, L50, M|
|poke|p2|Kingambit, L50, F|
|poke|p2|Sneasler, L50, M|
|poke|p2|Sinistcha, L50|
|poke|p2|Delphox, L50, F|
|teampreview|4
|showteam|p1|Banette||Banettite|Insomnia|Poltergeist,WillOWisp,DestinyBond,Encore|Careful||M|||50|]Floette-Eternal||Floettite|FlowerVeil|CalmMind,DrainingKiss,DazzlingGleam,Protect|Timid||F|||50|]Garchomp||LifeOrb|RoughSkin|Earthquake,RockSlide,DragonClaw,Protect|Jolly||M|||50|]Kingambit||BlackGlasses|Defiant|SuckerPunch,KowtowCleave,SwordsDance,Protect|Adamant||M|||50|]Gholdengo||SitrusBerry|GoodasGold|MakeItRain,NastyPlot,ShadowBall,Protect|Modest|||||50|]Whimsicott||FocusSash|Prankster|Encore,Moonblast,Tailwind,Protect|Timid||F|||50|
|showteam|p2|Blastoise||Blastoisinite|RainDish|WaterSpout,ShellSmash,Protect,DarkPulse|Modest||F|||50|]Incineroar||SitrusBerry|Intimidate|FlareBlitz,FakeOut,PartingShot,HelpingHand|Impish||M|||50|]Kingambit||BlackGlasses|Defiant|KowtowCleave,SuckerPunch,SwordsDance,Protect|Adamant||F|||50|]Sneasler||FocusSash|PoisonTouch|DireClaw,CloseCombat,FakeOut,QuickGuard|Jolly||M|||50|]Sinistcha||OccaBerry|Hospitality|MatchaGotcha,RagePowder,TrickRoom,Protect|Bold|||||50|]Delphox||Delphoxite|Blaze|HeatWave,Psyshock,NastyPlot,Protect|Timid||F|||50|
|inactive|Battle timer is ON: inactive players will automatically lose when time's up. (requested by sidhuistic)
|
|t:|1783148503
|teamsize|p1|4
|teamsize|p2|4
|start
|switch|p1a: Banette|Banette, L50, M|100/100
|switch|p1b: Garchomp|Garchomp, L50, M|100/100
|switch|p2a: Delphox|Delphox, L50, F|100/100
|switch|p2b: Sneasler|Sneasler, L50, M|100/100
|turn|1
|
|t:|1783148525
|detailschange|p2a: Delphox|Delphox-Mega, L50, F
|-mega|p2a: Delphox|Delphox|Delphoxite
|detailschange|p1a: Banette|Banette-Mega, L50, M
|-mega|p1a: Banette|Banette|Banettite
|move|p2a: Delphox|Psyshock|p1a: Banette
|-damage|p1a: Banette|39/100
|move|p2b: Sneasler|Dire Claw|p1a: Banette
|-resisted|p1a: Banette|1
|-damage|p1a: Banette|12/100
|-status|p1a: Banette|slp
|move|p1b: Garchomp|Rock Slide|p2b: Sneasler|[spread] p2a,p2b
|-supereffective|p2a: Delphox|1
|-resisted|p2b: Sneasler|1
|-damage|p2a: Delphox|28/100
|-damage|p2b: Sneasler|79/100
|-damage|p1b: Garchomp|90/100|[from] item: Life Orb
|cant|p1a: Banette|slp
|
|upkeep
|turn|2
|
|t:|1783148549
|switch|p2b: Incineroar|Incineroar, L50, M|100/100
|-ability|p2b: Incineroar|Intimidate|boost
|-unboost|p1a: Banette|atk|1
|-unboost|p1b: Garchomp|atk|1
|move|p2a: Delphox|Protect|p2a: Delphox
|-singleturn|p2a: Delphox|Protect
|cant|p1a: Banette|slp
|move|p1b: Garchomp|Rock Slide|p2a: Delphox|[spread] p2b
|-activate|p2a: Delphox|move: Protect
|-supereffective|p2b: Incineroar|1
|-damage|p2b: Incineroar|70/100
|-damage|p1b: Garchomp|80/100|[from] item: Life Orb
|
|upkeep
|turn|3
|
|t:|1783148567
|move|p2b: Incineroar|Fake Out|p1b: Garchomp
|-damage|p1b: Garchomp|69/100
|-damage|p2b: Incineroar|57/100|[from] ability: Rough Skin|[of] p1b: Garchomp
|-curestatus|p1a: Banette|slp|[msg]
|move|p1a: Banette|Encore|p2a: Delphox
|-start|p2a: Delphox|Encore
|move|p2a: Delphox|Protect|p2a: Delphox
|-singleturn|p2a: Delphox|Protect
|cant|p1b: Garchomp|flinch
|
|upkeep
|turn|4
|
|t:|1783148579
|switch|p2a: Sinistcha|Sinistcha, L50|100/100
|-heal|p2b: Incineroar|82/100|[from] ability: Hospitality|[of] p2a: Sinistcha
|move|p1b: Garchomp|Rock Slide|p2a: Sinistcha|[spread] p2a,p2b
|-supereffective|p2b: Incineroar|1
|-damage|p2a: Sinistcha|87/100
|-damage|p2b: Incineroar|52/100
|-damage|p1b: Garchomp|59/100|[from] item: Life Orb
|move|p2b: Incineroar|Flare Blitz|p1a: Banette
|-damage|p1a: Banette|0 fnt
|faint|p1a: Banette
|-damage|p2b: Incineroar|49/100|[from] Recoil
|-enditem|p2b: Incineroar|Sitrus Berry|[eat]
|-heal|p2b: Incineroar|74/100|[from] item: Sitrus Berry
|
|upkeep
|
|t:|1783148593
|switch|p1a: Kingambit|Kingambit, L50, M|100/100
|turn|5
|
|t:|1783148605
|move|p1b: Garchomp|Rock Slide|p2b: Incineroar|[spread] p2a,p2b
|-supereffective|p2b: Incineroar|1
|-damage|p2a: Sinistcha|73/100
|-damage|p2b: Incineroar|47/100
|-damage|p1b: Garchomp|49/100|[from] item: Life Orb
|move|p2b: Incineroar|Flare Blitz|p1a: Kingambit
|-supereffective|p1a: Kingambit|1
|-damage|p1a: Kingambit|33/100
|-damage|p2b: Incineroar|24/100|[from] Recoil
|move|p2a: Sinistcha|Matcha Gotcha|p1b: Garchomp|[spread] p1b
|-miss|p2a: Sinistcha|p1a: Kingambit
|-damage|p1b: Garchomp|21/100
|-heal|p2a: Sinistcha|88/100|[from] drain|[of] p1b: Garchomp
|move|p1a: Kingambit|Swords Dance|p1a: Kingambit
|-boost|p1a: Kingambit|atk|2
|
|upkeep
|turn|6
|inactive|NahuuH has 30 seconds left.
|inactive|sidhuistic has 30 seconds left.
|
|t:|1783148645
|switch|p2a: Sneasler|Sneasler, L50, M|79/100
|move|p1b: Garchomp|Rock Slide|p2a: Sneasler|[spread] p2a,p2b
|-resisted|p2a: Sneasler|1
|-crit|p2a: Sneasler
|-supereffective|p2b: Incineroar|1
|-damage|p2a: Sneasler|45/100
|-damage|p2b: Incineroar|0 fnt
|faint|p2b: Incineroar
|-damage|p1b: Garchomp|11/100|[from] item: Life Orb
|move|p1a: Kingambit|Kowtow Cleave|p2a: Sneasler
|-resisted|p2a: Sneasler|1
|-damage|p2a: Sneasler|0 fnt
|faint|p2a: Sneasler
|
|upkeep
|
|t:|1783148652
|switch|p2a: Delphox|Delphox-Mega, L50, F|28/100
|switch|p2b: Sinistcha|Sinistcha, L50|88/100
|-heal|p2a: Delphox|52/100|[from] ability: Hospitality|[of] p2b: Sinistcha
|turn|7
|
|t:|1783148664
|move|p1b: Garchomp|Protect|p1b: Garchomp
|-singleturn|p1b: Garchomp|Protect
|move|p1a: Kingambit|Protect|p1a: Kingambit
|-singleturn|p1a: Kingambit|Protect
|move|p2a: Delphox|Nasty Plot|p2a: Delphox
|-boost|p2a: Delphox|spa|2
|move|p2b: Sinistcha|Matcha Gotcha|p1a: Kingambit|[spread] 
|-activate|p1a: Kingambit|move: Protect
|-activate|p1b: Garchomp|move: Protect
|
|upkeep
|turn|8
|
|t:|1783148679
|move|p2a: Delphox|Protect|p2a: Delphox
|-singleturn|p2a: Delphox|Protect
|move|p1a: Kingambit|Sucker Punch||[still]
|-fail|p1a: Kingambit
|move|p1b: Garchomp|Rock Slide|p2a: Delphox|[spread] p2b
|-activate|p2a: Delphox|move: Protect
|-damage|p2b: Sinistcha|74/100
|-damage|p1b: Garchomp|2/100|[from] item: Life Orb
|move|p2b: Sinistcha|Matcha Gotcha|p1a: Kingambit|[spread] p1a,p1b
|-resisted|p1a: Kingambit|1
|-damage|p1a: Kingambit|20/100y
|-heal|p2b: Sinistcha|81/100|[from] drain|[of] p1a: Kingambit
|-damage|p1b: Garchomp|0 fnt
|-heal|p2b: Sinistcha|83/100|[from] drain|[of] p1b: Garchomp
|faint|p1b: Garchomp
|
|upkeep
|
|t:|1783148691
|switch|p1b: Whimsicott|Whimsicott, L50, F|100/100
|turn|9
|
|t:|1783148714
|move|p1a: Kingambit|Protect|p1a: Kingambit
|-singleturn|p1a: Kingambit|Protect
|move|p2b: Sinistcha|Rage Powder|p2b: Sinistcha
|-singleturn|p2b: Sinistcha|move: Rage Powder
|move|p1b: Whimsicott|Encore|p2a: Delphox
|-start|p2a: Delphox|Encore
|move|p2a: Delphox|Protect||[still]
|-fail|p2a: Delphox
|
|upkeep
|turn|10
|
|t:|1783148729
|move|p2a: Delphox|Protect|p2a: Delphox
|-singleturn|p2a: Delphox|Protect
|move|p2b: Sinistcha|Rage Powder|p2b: Sinistcha
|-singleturn|p2b: Sinistcha|move: Rage Powder
|move|p1b: Whimsicott|Encore|p2b: Sinistcha
|-start|p2b: Sinistcha|Encore
|move|p1a: Kingambit|Kowtow Cleave|p2b: Sinistcha
|-supereffective|p2b: Sinistcha|1
|-damage|p2b: Sinistcha|0 fnt
|faint|p2b: Sinistcha
|
|upkeep
|turn|11
|
|t:|1783148740
|move|p2a: Delphox|Protect|p2a: Delphox
|-singleturn|p2a: Delphox|Protect
|move|p1b: Whimsicott|Tailwind|p1b: Whimsicott
|-sidestart|p1: sidhuistic|move: Tailwind
|move|p1a: Kingambit|Kowtow Cleave|p2a: Delphox
|-activate|p2a: Delphox|move: Protect
|
|-end|p2a: Delphox|Encore
|upkeep
|turn|12
|
|t:|1783148750
|move|p1b: Whimsicott|Encore|p2a: Delphox
|-start|p2a: Delphox|Encore
|move|p2a: Delphox|Protect||[still]
|-fail|p2a: Delphox
|move|p1a: Kingambit|Sucker Punch||[still]
|-fail|p1a: Kingambit
|
|upkeep
|turn|13
|
|t:|1783148759
|move|p1b: Whimsicott|Protect|p1b: Whimsicott
|-singleturn|p1b: Whimsicott|Protect
|move|p2a: Delphox|Protect|p2a: Delphox
|-singleturn|p2a: Delphox|Protect
|move|p1a: Kingambit|Swords Dance|p1a: Kingambit
|-boost|p1a: Kingambit|atk|2
|
|-end|p2a: Delphox|Encore
|upkeep
|turn|14
|
|t:|1783148771
|move|p1b: Whimsicott|Encore||[still]
|-fail|p1b: Whimsicott
|move|p2a: Delphox|Heat Wave|p1b: Whimsicott|[spread] p1a,p1b
|-supereffective|p1a: Kingambit|1
|-supereffective|p1b: Whimsicott|1
|-damage|p1a: Kingambit|0 fnt
|-enditem|p1b: Whimsicott|Focus Sash
|-damage|p1b: Whimsicott|1/100
|faint|p1a: Kingambit
|
|-sideend|p1: sidhuistic|move: Tailwind
|upkeep
|turn|15
|c|☆NahuuH|lol
|c|☆sidhuistic|what'
|c|☆sidhuistic|explain
|inactive|sidhuistic has 30 seconds left.
|c|☆sidhuistic|glitch
|c|☆NahuuH|encore fail?
|inactive|sidhuistic has 20 seconds left.
|
|t:|1783148807
|move|p2a: Delphox|Heat Wave|p1b: Whimsicott
|-supereffective|p1b: Whimsicott|1
|-damage|p1b: Whimsicott|0 fnt
|faint|p1b: Whimsicott
|
|win|NahuuH
|raw|sidhuistic's rating: 1200 → 1170(-30 for losing)
|raw|NahuuH's rating: 1124 → 1154(+30 for winning)
|c|☆NahuuH|sad
|c|☆sidhuistic|u won for glitch
|c|☆NahuuH|maybe but win
|c|☆sidhuistic|noooooooooooooooooooooooooooooooooooooooooooooooooooooooooooooooooooooooooooooooooooooooooooooooooooooooooooooooooooooooooooooooooooooooooooooooooooooooooob
|l|☆NahuuH
|player|p2|
|l|☆sidhuistic
|player|p1|
|j|☆sidhuistic
|player|p1|sidhuistic|102|
