|j|☆AbacusStabacus
|j|☆PenguimSAL
|html|AbacusStabacusPenguimSAL    
|uhtml|bestof|Game 1 of a best-of-3
|t:|1786055390
|gametype|doubles
|player|p1|AbacusStabacus|169|1269
|player|p2|PenguimSAL|266|1219
|gen|9
|tier|[Gen 9 Champions] VGC 2026 Reg M-B (Bo3)
|rated|
|rule|Species Clause: Limit one of each Pokémon
|rule|Item Clause: Limit 1 of each item
|clearpoke
|poke|p1|Chandelure, L50, M|
|poke|p1|Sinistcha, L50|
|poke|p1|Torkoal, L50, F|
|poke|p1|Rotom-Wash, L50|
|poke|p1|Tyranitar, L50, F|
|poke|p1|Grimmsnarl, L50, M|
|poke|p2|Charizard, L50, F|
|poke|p2|Venusaur, L50, F|
|poke|p2|Garchomp, L50, F|
|poke|p2|Incineroar, L50, M|
|poke|p2|Toxapex, L50, M|
|poke|p2|Sylveon, L50, F|
|teampreview|4
|showteam|p1|Chandelure||Chandelurite|FlashFire|HeatWave,ShadowBall,EnergyBall,Protect|Modest||M|||50|]Sinistcha||FocusSash|Heatproof|MatchaGotcha,TrickRoom,ShadowBall,RagePowder|Quiet|||||50|]Torkoal||Charcoal|Drought|Eruption,HeatWave,SolarBeam,Protect|Quiet||F|||50|]Rotom-Wash||LifeOrb|Levitate|HydroPump,VoltSwitch,Protect,Thunderbolt|Quiet|||||50|]Tyranitar||Tyranitarite|SandStream|IcePunch,RockSlide,Protect,Superpower|Adamant||F|||50|]Grimmsnarl||LightClay|Prankster|FakeOut,PartingShot,LightScreen,ThroatChop|Brave||M|||50|
|showteam|p2|Charizard||CharizarditeY|Blaze|HeatWave,WeatherBall,AncientPower,Protect|Modest||F|||50|]Venusaur||LifeOrb|Chlorophyll|SolarBeam,SludgeBomb,EarthPower,Protect|Modest||F|||50|]Garchomp||ChoiceScarf|RoughSkin|DragonClaw,Earthquake,RockSlide,StompingTantrum|Adamant||F|||50|]Incineroar||SitrusBerry|Intimidate|FlareBlitz,ThroatChop,PartingShot,FakeOut|Impish||M|||50|]Toxapex||Leftovers|Regenerator|Toxic,Infestation,WideGuard,BanefulBunker|Bold||M|||50|]Sylveon||FairyFeather|Pixilate|HyperVoice,Yawn,Detect,QuickAttack|Modest||F|||50|
|inactive|Battle timer is ON: inactive players will automatically lose when time's up. (requested by AbacusStabacus)
|inactive|AbacusStabacus has 60 seconds left.
|
|t:|1786055430
|teamsize|p1|4
|teamsize|p2|4
|start
|switch|p1a: Sinistcha|Sinistcha, L50|100/100
|switch|p1b: Grimmsnarl|Grimmsnarl, L50, M|100/100
|switch|p2a: Charizard|Charizard, L50, F|100/100
|switch|p2b: Sylveon|Sylveon, L50, F|100/100
|turn|1
|inactive|PenguimSAL has 30 seconds left.
|inactive|PenguimSAL has 20 seconds left.
|inactive|PenguimSAL has 15 seconds left.
|inactive|PenguimSAL has 10 seconds left.
|
|t:|1786055476
|detailschange|p2a: Charizard|Charizard-Mega-Y, L50, F
|-mega|p2a: Charizard|Charizard|Charizardite Y
|-weather|SunnyDay|[from] ability: Drought|[of] p2a: Charizard
|move|p1b: Grimmsnarl|Fake Out|p2b: Sylveon
|-damage|p2b: Sylveon|79/100
|move|p2a: Charizard|Heat Wave|p1b: Grimmsnarl|[spread] p1a,p1b
|-supereffective|p1a: Sinistcha|1
|-damage|p1a: Sinistcha|24/100
|-damage|p1b: Grimmsnarl|25/100
|-status|p1b: Grimmsnarl|brn
|cant|p2b: Sylveon|flinch
|move|p1a: Sinistcha|Trick Room|p1a: Sinistcha
|-fieldstart|move: Trick Room|[of] p1a: Sinistcha
|
|-weather|SunnyDay|[upkeep]
|-damage|p1b: Grimmsnarl|19/100 brn|[from] brn
|upkeep
|turn|2
|
|t:|1786055495
|move|p1b: Grimmsnarl|Throat Chop|p2b: Sylveon
|-resisted|p2b: Sylveon|1
|-damage|p2b: Sylveon|63/100
|-start|p2b: Sylveon|Throat Chop|[silent]
|move|p1a: Sinistcha|Shadow Ball|p2a: Charizard
|-damage|p2a: Charizard|64/100
|cant|p2b: Sylveon|move: Throat Chop
|move|p2a: Charizard|Heat Wave|p1b: Grimmsnarl|[spread] p1a
|-miss|p2a: Charizard|p1b: Grimmsnarl
|-supereffective|p1a: Sinistcha|1
|-crit|p1a: Sinistcha
|-damage|p1a: Sinistcha|0 fnt
|faint|p1a: Sinistcha
|
|-weather|SunnyDay|[upkeep]
|-damage|p1b: Grimmsnarl|13/100 brn|[from] brn
|upkeep
|
|t:|1786055504
|switch|p1a: Tyranitar|Tyranitar, L50, F|100/100
|-weather|Sandstorm|[from] ability: Sand Stream|[of] p1a: Tyranitar
|turn|3
|
|t:|1786055520
|detailschange|p1a: Tyranitar|Tyranitar-Mega, L50, F
|-mega|p1a: Tyranitar|Tyranitar|Tyranitarite
|move|p2a: Charizard|Protect|p2a: Charizard
|-singleturn|p2a: Charizard|Protect
|move|p1b: Grimmsnarl|Parting Shot|p2a: Charizard
|-activate|p2a: Charizard|move: Protect
|move|p1a: Tyranitar|Rock Slide|p2b: Sylveon|[spread] p2b
|-activate|p2a: Charizard|move: Protect
|-damage|p2b: Sylveon|4/100
|move|p2b: Sylveon|Yawn|p1a: Tyranitar
|-start|p1a: Tyranitar|move: Yawn|[of] p2b: Sylveon
|
|-weather|Sandstorm|[upkeep]
|-damage|p1b: Grimmsnarl|7/100 brn|[from] Sandstorm
|-damage|p2b: Sylveon|0 fnt|[from] Sandstorm
|-damage|p2a: Charizard|58/100|[from] Sandstorm
|faint|p2b: Sylveon
|-damage|p1b: Grimmsnarl|1/100 brn|[from] brn
|upkeep
|
|t:|1786055531
|switch|p2b: Toxapex|Toxapex, L50, M|100/100
|turn|4
|
|t:|1786055541
|switch|p2a: Garchomp|Garchomp, L50, F|100/100
|move|p1b: Grimmsnarl|Parting Shot|p2a: Garchomp
|-unboost|p2a: Garchomp|atk|1
|-unboost|p2a: Garchomp|spa|1
|
|t:|1786055546
|switch|p1b: Rotom|Rotom-Wash, L50|100/100|[from] Parting Shot
|move|p2b: Toxapex|Toxic|p1a: Tyranitar
|-status|p1a: Tyranitar|tox
|move|p1a: Tyranitar|Rock Slide|p2a: Garchomp|[spread] p2a,p2b
|-resisted|p2a: Garchomp|1
|-crit|p2b: Toxapex
|-damage|p2a: Garchomp|81/100
|-damage|p2b: Toxapex|65/100
|
|-weather|Sandstorm|[upkeep]
|-damage|p2b: Toxapex|59/100|[from] Sandstorm
|-damage|p1b: Rotom|94/100|[from] Sandstorm
|-heal|p2b: Toxapex|65/100|[from] item: Leftovers
|-damage|p1a: Tyranitar|94/100 tox|[from] psn
|-end|p1a: Tyranitar|move: Yawn|[silent]
|upkeep
|turn|5
|
|t:|1786055560
|move|p2b: Toxapex|Baneful Bunker|p2b: Toxapex
|-singleturn|p2b: Toxapex|move: Protect
|move|p1a: Tyranitar|Ice Punch|p2a: Garchomp
|-supereffective|p2a: Garchomp|2
|-damage|p2a: Garchomp|0 fnt
|-damage|p1a: Tyranitar|82/100 tox|[from] ability: Rough Skin|[of] p2a: Garchomp
|faint|p2a: Garchomp
|move|p1b: Rotom|Thunderbolt|p2b: Toxapex
|-activate|p2b: Toxapex|move: Protect
|
|-weather|Sandstorm|[upkeep]
|-damage|p2b: Toxapex|59/100|[from] Sandstorm
|-damage|p1b: Rotom|88/100|[from] Sandstorm
|-heal|p2b: Toxapex|65/100|[from] item: Leftovers
|-damage|p1a: Tyranitar|70/100 tox|[from] psn
|-fieldend|move: Trick Room
|upkeep
|
|t:|1786055563
|switch|p2a: Charizard|Charizard-Mega-Y, L50, F|58/100
|-weather|SunnyDay|[from] ability: Drought|[of] p2a: Charizard
|turn|6
|
|t:|1786055582
|switch|p1a: Grimmsnarl|Grimmsnarl, L50, M|1/100 brn
|move|p1b: Rotom|Protect|p1b: Rotom
|-singleturn|p1b: Rotom|Protect
|move|p2b: Toxapex|Wide Guard|p2b: Toxapex
|-singleturn|p2b: Toxapex|Wide Guard
|move|p2a: Charizard|Heat Wave|p1b: Rotom|[spread] 
|-activate|p1b: Rotom|move: Protect
|-miss|p2a: Charizard|p1a: Grimmsnarl
|
|-weather|SunnyDay|[upkeep]
|-heal|p2b: Toxapex|71/100|[from] item: Leftovers
|-damage|p1a: Grimmsnarl|0 fnt|[from] brn
|faint|p1a: Grimmsnarl
|upkeep
|
|t:|1786055590
|switch|p1a: Tyranitar|Tyranitar-Mega, L50, F|70/100 tox
|-weather|Sandstorm|[from] ability: Sand Stream|[of] p1a: Tyranitar
|turn|7
|
|t:|1786055611
|move|p2a: Charizard|Heat Wave|p1b: Rotom|[spread] p1a,p1b
|-resisted|p1a: Tyranitar|1
|-resisted|p1b: Rotom|1
|-damage|p1a: Tyranitar|60/100 tox
|-damage|p1b: Rotom|65/100
|move|p1b: Rotom|Thunderbolt|p2b: Toxapex
|-supereffective|p2b: Toxapex|1
|-damage|p2b: Toxapex|0 fnt
|faint|p2b: Toxapex
|-damage|p1b: Rotom|56/100|[from] item: Life Orb
|move|p1a: Tyranitar|Rock Slide|p2a: Charizard
|-supereffective|p2a: Charizard|2
|-damage|p2a: Charizard|0 fnt
|faint|p2a: Charizard
|
|win|AbacusStabacus
||AbacusStabacus is ready for game 2.
||PenguimSAL is ready for game 2.
|uhtml|next|Next: Game 2 of 3
|l|☆AbacusStabacus
|player|p1|
