|j|☆KevinDeBrowny
|j|☆odio esta reg
|html|KevinDeBrownyodio esta reg    
|uhtml|bestof|Game 3 of a best-of-3
|t:|1785487309
|gametype|doubles
|player|p1|KevinDeBrowny|ltsurge|1063
|player|p2|odio esta reg|101|1023
|gen|9
|tier|[Gen 9 Champions] VGC 2026 Reg M-B (Bo3)
|rated|
|rule|Species Clause: Limit one of each Pokémon
|rule|Item Clause: Limit 1 of each item
|clearpoke
|poke|p1|Raichu, L50, F|
|poke|p1|Jolteon, L50, M|
|poke|p1|Whimsicott, L50, F|
|poke|p1|Swampert, L50, F|
|poke|p1|Aerodactyl, L50, F|
|poke|p1|Sylveon, L50, F|
|poke|p2|Charizard, L50, F|
|poke|p2|Garchomp, L50, M|
|poke|p2|Incineroar, L50, M|
|poke|p2|Venusaur, L50, F|
|poke|p2|Toxapex, L50, F|
|poke|p2|Sylveon, L50, F|
|teampreview|4
|showteam|p1|Raichu||RaichuniteX|LightningRod|FakeOut,VoltTackle,DrainPunch,PlayRough|Jolly||F|||50|]Jolteon||Magnet|VoltAbsorb|RisingVoltage,ShadowBall,AlluringVoice,WeatherBall|Modest||M|||50|]Whimsicott||FocusSash|Prankster|Moonblast,Tailwind,FakeTears,SunnyDay|Modest||F|||50|]Swampert||Swampertite|Torrent|WaveCrash,HighHorsepower,IcePunch,Protect|Adamant||F|||50|]Aerodactyl||SitrusBerry|Unnerve|RockSlide,Tailwind,WideGuard,RainDance|Jolly||F|||50|]Sylveon||FairyFeather|Pixilate|HyperVoice,Protect,HyperBeam,Psychic|Modest||F|||50|
|showteam|p2|Charizard||CharizarditeY|SolarPower|WeatherBall,HeatWave,AncientPower,Protect|Modest||F|||50|]Garchomp||ChoiceScarf|RoughSkin|RockSlide,DragonClaw,Earthquake,StompingTantrum|Adamant||M|||50|]Incineroar||SitrusBerry|Intimidate|FlareBlitz,FakeOut,DarkestLariat,PartingShot|Impish||M|||50|]Venusaur||LifeOrb|Chlorophyll|SludgeBomb,LeafStorm,EarthPower,Protect|Modest||F|||50|]Toxapex||Leftovers|Regenerator|Infestation,Toxic,WideGuard,BanefulBunker|Bold||F|||50|]Sylveon||FairyFeather|Pixilate|HyperVoice,QuickAttack,Yawn,Detect|Modest||F|||50|
|inactive|Battle timer is ON: inactive players will automatically lose when time's up. (requested by odio esta reg)
|
|t:|1785487334
|teamsize|p1|4
|teamsize|p2|4
|start
|switch|p1a: Raichu|Raichu, L50, F|100/100
|switch|p1b: Jolteon|Jolteon, L50, M|100/100
|switch|p2a: Garchomp|Garchomp, L50, M|100/100
|switch|p2b: Charizard|Charizard, L50, F|100/100
|turn|1
|inactive|KevinDeBrowny has 30 seconds left.
|inactive|odio esta reg has 30 seconds left.
|inactive|odio esta reg has 20 seconds left.
|inactive|odio esta reg has 15 seconds left.
|inactive|odio esta reg has 10 seconds left.
|
|t:|1785487382
|detailschange|p1a: Raichu|Raichu-Mega-X, L50, F
|-mega|p1a: Raichu|Raichu|Raichunite X
|-fieldstart|move: Electric Terrain|[from] ability: Electric Surge|[of] p1a: Raichu
|detailschange|p2b: Charizard|Charizard-Mega-Y, L50, F
|-mega|p2b: Charizard|Charizard|Charizardite Y
|-weather|SunnyDay|[from] ability: Drought|[of] p2b: Charizard
|move|p2a: Garchomp|Earthquake|p1b: Jolteon|[spread] p1a,p1b
|-immune|p2b: Charizard
|-supereffective|p1a: Raichu|1
|-supereffective|p1b: Jolteon|1
|-damage|p1a: Raichu|0 fnt
|-damage|p1b: Jolteon|0 fnt
|faint|p1a: Raichu
|faint|p1b: Jolteon
|move|p2b: Charizard|Heat Wave|p1: Raichu|[notarget]
|-fail|p2b: Charizard
|
|-weather|SunnyDay|[upkeep]
|upkeep
|
|t:|1785487395
|switch|p1b: Sylveon|Sylveon, L50, F|100/100
|switch|p1a: Aerodactyl|Aerodactyl, L50, F|100/100
|-ability|p1a: Aerodactyl|Unnerve
|turn|2
|
|t:|1785487413
|switch|p2a: Incineroar|Incineroar, L50, M|100/100
|-ability|p2a: Incineroar|Intimidate|boost
|-unboost|p1a: Aerodactyl|atk|1
|-unboost|p1b: Sylveon|atk|1
|move|p2b: Charizard|Protect|p2b: Charizard
|-singleturn|p2b: Charizard|Protect
|move|p1a: Aerodactyl|Wide Guard|p1a: Aerodactyl
|-singleturn|p1a: Aerodactyl|Wide Guard
|move|p1b: Sylveon|Hyper Voice|p2a: Incineroar|[spread] p2a
|-activate|p2b: Charizard|move: Protect
|-damage|p2a: Incineroar|59/100
|
|-weather|SunnyDay|[upkeep]
|upkeep
|turn|3
|
|t:|1785487430
|move|p2a: Incineroar|Fake Out|p1a: Aerodactyl
|-resisted|p1a: Aerodactyl|1
|-damage|p1a: Aerodactyl|91/100
|cant|p1a: Aerodactyl|flinch
|move|p2b: Charizard|Weather Ball|p1b: Sylveon
|-damage|p1b: Sylveon|28/100
|move|p1b: Sylveon|Hyper Voice|p2a: Incineroar|[spread] p2a,p2b
|-resisted|p2b: Charizard|1
|-damage|p2a: Incineroar|17/100
|-damage|p2b: Charizard|80/100
|
|-weather|SunnyDay|[upkeep]
|upkeep
|turn|4
|
|t:|1785487443
|move|p2b: Charizard|Protect|p2b: Charizard
|-singleturn|p2b: Charizard|Protect
|move|p1b: Sylveon|Protect|p1b: Sylveon
|-singleturn|p1b: Sylveon|Protect
|move|p1a: Aerodactyl|Rock Slide|p2b: Charizard|[spread] p2a
|-activate|p2b: Charizard|move: Protect
|-supereffective|p2a: Incineroar|1
|-damage|p2a: Incineroar|0 fnt
|faint|p2a: Incineroar
|
|-weather|SunnyDay|[upkeep]
|upkeep
|
|t:|1785487456
|switch|p2a: Venusaur|Venusaur, L50, F|100/100
|turn|5
|
|t:|1785487466
|move|p2a: Venusaur|Sludge Bomb|p1b: Sylveon
|-supereffective|p1b: Sylveon|1
|-damage|p1b: Sylveon|0 fnt
|faint|p1b: Sylveon
|-damage|p2a: Venusaur|90/100|[from] item: Life Orb
|move|p1a: Aerodactyl|Rain Dance|p1a: Aerodactyl
|-weather|RainDance
|move|p2b: Charizard|Ancient Power|p1a: Aerodactyl
|-supereffective|p1a: Aerodactyl|1
|-damage|p1a: Aerodactyl|29/100
|-enditem|p1a: Aerodactyl|Sitrus Berry|[eat]
|-heal|p1a: Aerodactyl|54/100|[from] item: Sitrus Berry
|
|-weather|RainDance|[upkeep]
|-fieldend|move: Electric Terrain
|upkeep
|turn|6
|
|t:|1785487487
|switch|p2b: Garchomp|Garchomp, L50, M|100/100
|move|p1a: Aerodactyl|Rock Slide|p2b: Garchomp|[spread] p2b
|-miss|p1a: Aerodactyl|p2a: Venusaur
|-resisted|p2b: Garchomp|1
|-damage|p2b: Garchomp|92/100
|move|p2a: Venusaur|Leaf Storm|p1a: Aerodactyl
|-damage|p1a: Aerodactyl|0 fnt
|-unboost|p2a: Venusaur|spa|2
|faint|p1a: Aerodactyl
|-damage|p2a: Venusaur|81/100|[from] item: Life Orb
|
|win|odio esta reg
|raw|KevinDeBrowny's rating: 1063 → 1041(-22 for losing)
|raw|odio esta reg's rating: 1023 → 1064(+41 for winning)
