|j|☆miradonaod
|j|☆No.1AnicredibleFan
|html|miradonaodNo.1AnicredibleFan    
|uhtml|bestof|Game 2 of a best-of-3
|t:|1785130324
|gametype|doubles
|player|p1|miradonaod|ballguy|1133
|player|p2|No.1AnicredibleFan|schoolkid-gen4|1040
|gen|9
|tier|[Gen 9 Champions] VGC 2026 Reg M-B (Bo3)
|rated|
|rule|Species Clause: Limit one of each Pokémon
|rule|Item Clause: Limit 1 of each item
|clearpoke
|poke|p1|Sceptile, L50, M|
|poke|p1|Rotom-Heat, L50|
|poke|p1|Basculegion, L50, M|
|poke|p1|Aerodactyl, L50, M|
|poke|p1|Garchomp, L50, M|
|poke|p1|Floette-Eternal, L50, F|
|poke|p2|Pelipper, L50, F|
|poke|p2|Sinistcha, L50|
|poke|p2|Archaludon, L50, F|
|poke|p2|Palafin, L50, F|
|poke|p2|Raichu, L50, F|
|poke|p2|Incineroar, L50, F|
|teampreview|4
|showteam|p1|Sceptile||Sceptilite|Overgrow|GrassKnot,DragonPulse,EarthPower,Detect|Timid||M|||50|]Rotom-Heat||ChoiceScarf|Levitate|Thunderbolt,Overheat,VoltSwitch,Discharge|Timid|||||50|]Basculegion||SitrusBerry|Adaptability|WaveCrash,LastRespects,AquaJet,Protect|Adamant||M|||50|]Aerodactyl||FocusSash|Unnerve|RockSlide,DualWingbeat,Tailwind,WideGuard|Jolly||M|||50|]Garchomp||LifeOrb|RoughSkin|DragonClaw,Earthquake,RockSlide,Protect|Jolly||M|||50|]Floette-Eternal||Floettite|FlowerVeil|Moonblast,DazzlingGleam,LightofRuin,Protect|Timid||F|||50|
|showteam|p2|Pelipper||SitrusBerry|Drizzle|Protect,Tailwind,WeatherBall,Hurricane|Timid||F|||50|]Sinistcha||ColburBerry|Hospitality|RagePowder,TrickRoom,MatchaGotcha,LifeDew|Sassy|||||50|]Archaludon||Leftovers|Stamina|Protect,ElectroShot,FlashCannon,DragonPulse|Modest||F|||50|]Palafin||ChoiceScarf|ZerotoHero|WaveCrash,JetPunch,CloseCombat,FlipTurn|Jolly||F|||50|]Raichu||RaichuniteX|LightningRod|Protect,RisingVoltage,AlluringVoice,VoltSwitch|Timid||F|||50|]Incineroar||PasshoBerry|Intimidate|FakeOut,HelpingHand,ThroatChop,PartingShot|Sassy||F|||50|
|inactive|Battle timer is ON: inactive players will automatically lose when time's up. (requested by No.1AnicredibleFan)
|
|t:|1785130350
|teamsize|p1|4
|teamsize|p2|4
|start
|switch|p1a: Garchomp|Garchomp, L50, M|100/100
|switch|p1b: Aerodactyl|Aerodactyl, L50, M|100/100
|switch|p2a: Pelipper|Pelipper, L50, F|100/100
|switch|p2b: Incineroar|Incineroar, L50, F|100/100
|-ability|p1b: Aerodactyl|Unnerve
|-weather|RainDance|[from] ability: Drizzle|[of] p2a: Pelipper
|-ability|p2b: Incineroar|Intimidate|boost
|-unboost|p1a: Garchomp|atk|1
|-unboost|p1b: Aerodactyl|atk|1
|turn|1
|
|t:|1785130371
|move|p1a: Garchomp|Protect|p1a: Garchomp
|-singleturn|p1a: Garchomp|Protect
|move|p2a: Pelipper|Protect|p2a: Pelipper
|-singleturn|p2a: Pelipper|Protect
|move|p1b: Aerodactyl|Tailwind|p1b: Aerodactyl
|-sidestart|p1: miradonaod|move: Tailwind
|move|p2b: Incineroar|Parting Shot|p1b: Aerodactyl
|-unboost|p1b: Aerodactyl|atk|1
|-unboost|p1b: Aerodactyl|spa|1
|
|t:|1785130382
|switch|p2b: Palafin|Palafin, L50, F|100/100|[from] Parting Shot
|
|-weather|RainDance|[upkeep]
|upkeep
|turn|2
|
|t:|1785130399
|detailschange|p2b: Palafin|Palafin-Hero, L50, F
|switch|p2b: Incineroar|Incineroar, L50, F|100/100
|-ability|p2b: Incineroar|Intimidate|boost
|-unboost|p1a: Garchomp|atk|1
|-unboost|p1b: Aerodactyl|atk|1
|move|p1b: Aerodactyl|Rock Slide|p2a: Pelipper|[spread] p2a,p2b
|-supereffective|p2a: Pelipper|1
|-supereffective|p2b: Incineroar|1
|-damage|p2a: Pelipper|74/100
|-damage|p2b: Incineroar|84/100
|move|p1a: Garchomp|Rock Slide|p2b: Incineroar|[spread] p2a,p2b
|-supereffective|p2a: Pelipper|1
|-supereffective|p2b: Incineroar|1
|-damage|p2a: Pelipper|42/100
|-damage|p2b: Incineroar|60/100
|-damage|p1a: Garchomp|90/100|[from] item: Life Orb
|move|p2a: Pelipper|Weather Ball|p1b: Aerodactyl
|-supereffective|p1b: Aerodactyl|1
|-enditem|p1b: Aerodactyl|Focus Sash
|-damage|p1b: Aerodactyl|1/100
|
|-weather|RainDance|[upkeep]
|upkeep
|turn|3
|inactive|No.1AnicredibleFan has 30 seconds left.
|c|☆miradonaod|no flinch?
|c|☆miradonaod|sad
|
|t:|1785130431
|switch|p1a: Basculegion|Basculegion, L50, M|100/100
|move|p2b: Incineroar|Fake Out|p1a: Basculegion
|-immune|p1a: Basculegion
|move|p1b: Aerodactyl|Rock Slide|p2b: Incineroar|[spread] p2a,p2b
|-supereffective|p2a: Pelipper|1
|-supereffective|p2b: Incineroar|1
|-damage|p2a: Pelipper|18/100
|-damage|p2b: Incineroar|45/100
|move|p2a: Pelipper|Tailwind|p2a: Pelipper
|-sidestart|p2: No.1AnicredibleFan|move: Tailwind
|
|-weather|RainDance|[upkeep]
|upkeep
|turn|4
|
|t:|1785130454
|switch|p2b: Palafin|Palafin-Hero, L50, F|100/100
|-activate|p2b: Palafin|ability: Zero to Hero
|move|p1b: Aerodactyl|Rock Slide|p2b: Palafin|[spread] p2a,p2b
|-supereffective|p2a: Pelipper|1
|-damage|p2a: Pelipper|0 fnt
|-damage|p2b: Palafin|90/100
|faint|p2a: Pelipper
|move|p1a: Basculegion|Wave Crash|p2b: Palafin
|-resisted|p2b: Palafin|1
|-damage|p2b: Palafin|38/100
|-damage|p1a: Basculegion|81/100|[from] Recoil
|
|-weather|RainDance|[upkeep]
|-sideend|p1: miradonaod|move: Tailwind
|upkeep
|
|t:|1785130465
|switch|p2a: Raichu|Raichu, L50, F|100/100
|turn|5
|inactive|No.1AnicredibleFan has 30 seconds left.
|inactive|No.1AnicredibleFan has 20 seconds left.
|
|t:|1785130502
|detailschange|p2a: Raichu|Raichu-Mega-X, L50, F
|-mega|p2a: Raichu|Raichu|Raichunite X
|-fieldstart|move: Electric Terrain|[from] ability: Electric Surge|[of] p2a: Raichu
|move|p1a: Basculegion|Protect|p1a: Basculegion
|-singleturn|p1a: Basculegion|Protect
|move|p2b: Palafin|Wave Crash|p1b: Aerodactyl
|-supereffective|p1b: Aerodactyl|1
|-damage|p1b: Aerodactyl|0 fnt
|faint|p1b: Aerodactyl
|-damage|p2b: Palafin|38/100|[from] Recoil
|move|p2a: Raichu|Rising Voltage|p1a: Basculegion
|-activate|p1a: Basculegion|move: Protect
|
|-weather|none
|upkeep
|
|t:|1785130515
|switch|p1b: Garchomp|Garchomp, L50, M|90/100
|turn|6
|c|☆No.1AnicredibleFan|you should have used that rain turn
|c|☆No.1AnicredibleFan|for aqua jet
|inactive|No.1AnicredibleFan has 30 seconds left.
|
|t:|1785130542
|switch|p2b: Incineroar|Incineroar, L50, F|45/100
|-ability|p2b: Incineroar|Intimidate|boost
|-unboost|p1a: Basculegion|atk|1
|-unboost|p1b: Garchomp|atk|1
|move|p1a: Basculegion|Aqua Jet|p2a: Raichu
|-damage|p2a: Raichu|77/100
|move|p2a: Raichu|Rising Voltage|p1a: Basculegion
|-hint|Rising Voltage's BP doubled on grounded target.
|-supereffective|p1a: Basculegion|1
|-damage|p1a: Basculegion|0 fnt
|faint|p1a: Basculegion
|move|p1b: Garchomp|Earthquake|p2a: Raichu|[spread] p2a,p2b
|-supereffective|p2a: Raichu|1
|-supereffective|p2b: Incineroar|1
|-damage|p2a: Raichu|0 fnt
|-damage|p2b: Incineroar|0 fnt
|faint|p2a: Raichu
|faint|p2b: Incineroar
|-damage|p1b: Garchomp|80/100|[from] item: Life Orb
|
|-sideend|p2: No.1AnicredibleFan|move: Tailwind
|upkeep
|
|t:|1785130556
|switch|p1a: Floette|Floette-Eternal, L50, F|100/100
|switch|p2b: Palafin|Palafin-Hero, L50, F|38/100
|turn|7
|c|☆miradonaod|flo time
|c|☆miradonaod|gg
|c|☆No.1AnicredibleFan|i forgot you had a 4th
|c|☆No.1AnicredibleFan|lol
|c|☆No.1AnicredibleFan|gg
|inactive|No.1AnicredibleFan has 30 seconds left.
|
|t:|1785130582
|detailschange|p1a: Floette|Floette-Mega, L50, F
|-mega|p1a: Floette|Floette|Floettite
|-ability|p1a: Floette|Fairy Aura
|move|p2b: Palafin|Wave Crash|p1a: Floette
|-damage|p1a: Floette|12/100
|-damage|p2b: Palafin|16/100|[from] Recoil
|move|p1a: Floette|Moonblast|p2b: Palafin
|-damage|p2b: Palafin|0 fnt
|faint|p2b: Palafin
|
|win|miradonaod
|raw|miradonaod's rating: 1133 → 1151(+18 for winning)
|raw|No.1AnicredibleFan's rating: 1040 → 1028(-12 for losing)
