|j|☆Thinking Charizard
|j|☆hortonhearsaclew
|html|Thinking Charizardhortonhearsaclew    
|uhtml|bestof|Game 1 of a best-of-3
|t:|1784322174
|gametype|doubles
|player|p1|Thinking Charizard|colress|1183
|player|p2|hortonhearsaclew|102|1139
|gen|9
|tier|[Gen 9 Champions] VGC 2026 Reg M-B (Bo3)
|rated|
|rule|Species Clause: Limit one of each Pokémon
|rule|Item Clause: Limit 1 of each item
|clearpoke
|poke|p1|Mawile, L50, F|
|poke|p1|Pelipper, L50, M|
|poke|p1|Farigiraf, L50, F|
|poke|p1|Sinistcha, L50|
|poke|p1|Basculegion, L50, M|
|poke|p1|Hydreigon, L50, M|
|poke|p2|Froslass, L50, F|
|poke|p2|Scovillain, L50, M|
|poke|p2|Lycanroc-Dusk, L50, M|
|poke|p2|Kingambit, L50, F|
|poke|p2|Farigiraf, L50, F|
|poke|p2|Sneasler, L50, F|
|teampreview|4
|showteam|p1|Mawile||Mawilite|Intimidate|PlayRough,RockSlide,SuckerPunch,Protect|Adamant||F|||50|]Pelipper||FocusSash|Drizzle|Tailwind,WideGuard,WeatherBall,Hurricane|Modest||M|||50|]Farigiraf||SitrusBerry|ArmorTail|TrickRoom,Thunderbolt,TwinBeam,Protect|Calm||F|||50|]Sinistcha||KasibBerry|Hospitality|RagePowder,MatchaGotcha,TrickRoom,LifeDew|Calm|||||50|]Basculegion||LifeOrb|Adaptability|LastRespects,AquaJet,Liquidation,Protect|Adamant||M|||50|]Hydreigon||ChoiceScarf|Levitate|DracoMeteor,DarkPulse,EarthPower,Snarl|Modest||M|||50|
|showteam|p2|Froslass||Froslassite|CursedBody|Blizzard,ShadowBall,AuroraVeil,Protect|Modest||F|||50|]Scovillain||Scovillainite|Moody|Overheat,GigaDrain,RagePowder,Protect|Bold||M|||50|]Lycanroc-Dusk||FocusSash|ToughClaws|RockSlide,CloseCombat,Accelerock,Protect|Adamant||M|||50|]Kingambit||BlackGlasses|Defiant|KowtowCleave,SuckerPunch,SwordsDance,Protect|Adamant||F|||50|]Farigiraf||SitrusBerry|ArmorTail|Protect,PsychicNoise,Thunderbolt,HelpingHand|Bold||F|||50|]Sneasler||WhiteHerb|Unburden|CloseCombat,DireClaw,FakeOut,Protect|Adamant||F|||50|
|inactive|Battle timer is ON: inactive players will automatically lose when time's up. (requested by hortonhearsaclew)
|inactive|hortonhearsaclew has 60 seconds left.
|inactive|hortonhearsaclew has 30 seconds left.
|inactive|hortonhearsaclew has 20 seconds left.
|inactive|hortonhearsaclew has 15 seconds left.
|
|t:|1784322254
|teamsize|p1|4
|teamsize|p2|4
|start
|switch|p1a: Hydreigon|Hydreigon, L50, M|100/100
|switch|p1b: Farigiraf|Farigiraf, L50, F|100/100
|switch|p2a: Kingambit|Kingambit, L50, F|100/100
|switch|p2b: Scovillain|Scovillain, L50, M|100/100
|turn|1
|
|t:|1784322277
|switch|p1b: Pelipper|Pelipper, L50, M|100/100
|-weather|RainDance|[from] ability: Drizzle|[of] p1b: Pelipper
|detailschange|p2b: Scovillain|Scovillain-Mega, L50, M
|-mega|p2b: Scovillain|Scovillain|Scovillainite
|move|p2b: Scovillain|Rage Powder|p2b: Scovillain
|-singleturn|p2b: Scovillain|move: Rage Powder
|move|p1a: Hydreigon|Earth Power|p2b: Scovillain
|-damage|p2b: Scovillain|62/100
|-status|p1a: Hydreigon|brn|[from] ability: Spicy Spray|[of] p2b: Scovillain
|move|p2a: Kingambit|Swords Dance|p2a: Kingambit
|-boost|p2a: Kingambit|atk|2
|
|-weather|RainDance|[upkeep]
|-damage|p1a: Hydreigon|94/100 brn|[from] brn
|upkeep
|turn|2
|inactive|Thinking Charizard has 30 seconds left.
|inactive|hortonhearsaclew has 30 seconds left.
|inactive|Thinking Charizard has 20 seconds left.
|inactive|hortonhearsaclew has 20 seconds left.
|inactive|hortonhearsaclew has 15 seconds left.
|inactive|Thinking Charizard has 15 seconds left.
|inactive|hortonhearsaclew has 10 seconds left.
|inactive|Thinking Charizard has 10 seconds left.
|inactive|hortonhearsaclew has 5 seconds left.
|
|t:|1784322329
|move|p2b: Scovillain|Rage Powder|p2b: Scovillain
|-singleturn|p2b: Scovillain|move: Rage Powder
|move|p1a: Hydreigon|Earth Power|p2b: Scovillain
|-damage|p2b: Scovillain|22/100
|move|p1b: Pelipper|Hurricane|p2b: Scovillain
|-supereffective|p2b: Scovillain|1
|-damage|p2b: Scovillain|0 fnt
|-status|p1b: Pelipper|brn|[from] ability: Spicy Spray|[of] p2b: Scovillain
|faint|p2b: Scovillain
|move|p2a: Kingambit|Kowtow Cleave|p1b: Pelipper
|-enditem|p1b: Pelipper|Focus Sash
|-damage|p1b: Pelipper|1/100 brn
|
|-weather|RainDance|[upkeep]
|-damage|p1a: Hydreigon|88/100 brn|[from] brn
|-damage|p1b: Pelipper|0 fnt|[from] brn
|faint|p1b: Pelipper
|upkeep
|
|t:|1784322345
|switch|p2b: Sneasler|Sneasler, L50, F|100/100
|switch|p1b: Farigiraf|Farigiraf, L50, F|100/100
|turn|3
|inactive|Thinking Charizard has 30 seconds left.
|inactive|hortonhearsaclew has 30 seconds left.
|inactive|hortonhearsaclew has 20 seconds left.
|inactive|hortonhearsaclew has 15 seconds left.
|
|t:|1784322386
|switch|p2b: Farigiraf|Farigiraf, L50, F|100/100
|move|p1b: Farigiraf|Protect|p1b: Farigiraf
|-singleturn|p1b: Farigiraf|Protect
|move|p1a: Hydreigon|Earth Power|p2a: Kingambit
|-supereffective|p2a: Kingambit|1
|-damage|p2a: Kingambit|37/100
|move|p2a: Kingambit|Kowtow Cleave|p1b: Farigiraf
|-activate|p1b: Farigiraf|move: Protect
|
|-weather|RainDance|[upkeep]
|-damage|p1a: Hydreigon|82/100 brn|[from] brn
|upkeep
|turn|4
|inactive|Thinking Charizard has 30 seconds left.
|inactive|hortonhearsaclew has 30 seconds left.
|
|t:|1784322419
|switch|p1a: Basculegion|Basculegion, L50, M|100/100
|move|p2a: Kingambit|Protect|p2a: Kingambit
|-singleturn|p2a: Kingambit|Protect
|move|p1b: Farigiraf|Thunderbolt|p2a: Kingambit
|-activate|p2a: Kingambit|move: Protect
|move|p2b: Farigiraf|Thunderbolt|p1a: Basculegion
|-supereffective|p1a: Basculegion|1
|-damage|p1a: Basculegion|51/100
|-status|p1a: Basculegion|par
|
|-weather|RainDance|[upkeep]
|upkeep
|turn|5
|inactive|hortonhearsaclew has 30 seconds left.
|
|t:|1784322447
|move|p1b: Farigiraf|Thunderbolt|p2a: Kingambit
|-damage|p2a: Kingambit|15/100
|move|p2b: Farigiraf|Thunderbolt|p1b: Farigiraf
|-damage|p1b: Farigiraf|81/100
|move|p2a: Kingambit|Kowtow Cleave|p1a: Basculegion
|-supereffective|p1a: Basculegion|1
|-damage|p1a: Basculegion|0 fnt
|faint|p1a: Basculegion
|
|-weather|none
|upkeep
|
|t:|1784322454
|switch|p1a: Hydreigon|Hydreigon, L50, M|82/100 brn
|turn|6
|inactive|Thinking Charizard has 30 seconds left.
|inactive|Thinking Charizard has 20 seconds left.
|inactive|Thinking Charizard has 15 seconds left.
|inactive|Thinking Charizard has 10 seconds left.
|
|t:|1784322502
|move|p2b: Farigiraf|Protect|p2b: Farigiraf
|-singleturn|p2b: Farigiraf|Protect
|move|p2a: Kingambit|Protect|p2a: Kingambit
|-singleturn|p2a: Kingambit|Protect
|move|p1a: Hydreigon|Dark Pulse|p2b: Farigiraf
|-activate|p2b: Farigiraf|move: Protect
|move|p1b: Farigiraf|Thunderbolt|p2a: Kingambit
|-activate|p2a: Kingambit|move: Protect
|
|-damage|p1a: Hydreigon|77/100 brn|[from] brn
|upkeep
|turn|7
|inactive|hortonhearsaclew has 30 seconds left.
|inactive|hortonhearsaclew has 20 seconds left.
|inactive|hortonhearsaclew has 15 seconds left.
|inactive|hortonhearsaclew has 10 seconds left.
|inactive|hortonhearsaclew has 5 seconds left.
|
|t:|1784322553
|move|p1a: Hydreigon|Dark Pulse|p2b: Farigiraf
|-supereffective|p2b: Farigiraf|1
|-damage|p2b: Farigiraf|2/100
|-enditem|p2b: Farigiraf|Sitrus Berry|[eat]
|-heal|p2b: Farigiraf|26/100|[from] item: Sitrus Berry
|move|p2b: Farigiraf|Thunderbolt|p1b: Farigiraf
|-damage|p1b: Farigiraf|64/100
|move|p1b: Farigiraf|Thunderbolt|p2a: Kingambit
|-damage|p2a: Kingambit|0 fnt
|faint|p2a: Kingambit
|
|-damage|p1a: Hydreigon|71/100 brn|[from] brn
|upkeep
|
|t:|1784322565
|switch|p2a: Sneasler|Sneasler, L50, F|100/100
|turn|8
|inactive|hortonhearsaclew has 30 seconds left.
|
|t:|1784322597
|move|p2b: Farigiraf|Protect|p2b: Farigiraf
|-singleturn|p2b: Farigiraf|Protect
|move|p1a: Hydreigon|Dark Pulse|p2b: Farigiraf
|-activate|p2b: Farigiraf|move: Protect
|move|p2a: Sneasler|Close Combat|p1a: Hydreigon
|-supereffective|p1a: Hydreigon|1
|-damage|p1a: Hydreigon|0 fnt
|-unboost|p2a: Sneasler|def|1
|-unboost|p2a: Sneasler|spd|1
|faint|p1a: Hydreigon
|-enditem|p2a: Sneasler|White Herb
|-clearnegativeboost|p2a: Sneasler|[silent]
|move|p1b: Farigiraf|Twin Beam|p2a: Sneasler
|-supereffective|p2a: Sneasler|2
|-crit|p2a: Sneasler
|-damage|p2a: Sneasler|0 fnt
|faint|p2a: Sneasler
|-hitcount|p2: Sneasler|1
|
|upkeep
|turn|9
|
|t:|1784322614
|move|p2b: Farigiraf|Thunderbolt|p1b: Farigiraf
|-damage|p1b: Farigiraf|44/100
|-enditem|p1b: Farigiraf|Sitrus Berry|[eat]
|-heal|p1b: Farigiraf|69/100|[from] item: Sitrus Berry
|move|p1b: Farigiraf|Thunderbolt|p2b: Farigiraf
|-damage|p2b: Farigiraf|3/100
|-status|p2b: Farigiraf|par
|
|upkeep
|turn|10
|
|t:|1784322624
|move|p1b: Farigiraf|Twin Beam|p2b: Farigiraf
|-resisted|p2b: Farigiraf|1
|-damage|p2b: Farigiraf|0 fnt
|faint|p2b: Farigiraf
|-hitcount|p2: Farigiraf|1
|
|win|Thinking Charizard
|c|☆Thinking Charizard|gg
||Thinking Charizard is ready for game 2.
|c|☆hortonhearsaclew|gg
|inactive|hortonhearsaclew has 30 seconds to confirm battle start!
||hortonhearsaclew is ready for game 2.
|uhtml|next|Next: Game 2 of 3
|l|☆hortonhearsaclew
|player|p2|
