|j|☆vril fur4et
|j|☆Jet Stream Cyber
|html|vril fur4etJet Stream Cyber    
|uhtml|bestof|Game 1 of a best-of-3
|t:|1784383775
|gametype|doubles
|player|p1|vril fur4et|li|1218
|player|p2|Jet Stream Cyber|red|1116
|gen|9
|tier|[Gen 9 Champions] VGC 2026 Reg M-B (Bo3)
|rated|
|rule|Species Clause: Limit one of each Pokémon
|rule|Item Clause: Limit 1 of each item
|clearpoke
|poke|p1|Mawile, L50, M|
|poke|p1|Rotom-Mow, L50|
|poke|p1|Farigiraf, L50, M|
|poke|p1|Primarina, L50, F|
|poke|p1|Sneasler, L50, M|
|poke|p1|Incineroar, L50, F|
|poke|p2|Froslass, L50, F|
|poke|p2|Sneasler, L50, F|
|poke|p2|Whimsicott, L50, F|
|poke|p2|Incineroar, L50, M|
|poke|p2|Toxapex, L50, F|
|poke|p2|Blastoise, L50, F|
|teampreview|4
|showteam|p1|Mawile||Mawilite|Intimidate|SuckerPunch,PlayRough,Protect,SwordsDance|Brave||M|||50|]Rotom-Mow||OccaBerry|Levitate|VoltSwitch,LeafStorm,Protect,WillOWisp|Quiet|||||50|]Farigiraf||ColburBerry|ArmorTail|HyperVoice,TrickRoom,Protect,Psychic|Quiet||M|||50|]Primarina||MysticWater|LiquidVoice|PerishSong,HyperVoice,Protect,Moonblast|Modest||F|||50|]Sneasler||FocusSash|PoisonTouch|FakeOut,CloseCombat,DireClaw,Protect|Jolly||M|||50|]Incineroar||SitrusBerry|Intimidate|FlareBlitz,FakeOut,PartingShot,ThroatChop|Careful||F|||50|
|showteam|p2|Froslass||Froslassite|SnowCloak|Protect,Blizzard,ShadowBall,AuroraVeil|Timid||F|||50|]Sneasler||WhiteHerb|Unburden|Protect,FakeOut,CloseCombat,DireClaw|Adamant||F|||50|]Whimsicott||FocusSash|Prankster|Protect,Tailwind,Encore,EnergyBall|Timid||F|||50|]Incineroar||SitrusBerry|Intimidate|FakeOut,Snarl,ThroatChop,PartingShot|Adamant||M|||50|]Toxapex||Leftovers|Regenerator|BanefulBunker,Toxic,WideGuard,Infestation|Sassy||F|||50|]Blastoise||Blastoisinite|Torrent|Protect,WaterSpout,WaterPulse,ShellSmash|Modest||F|||50|
|inactive|Battle timer is ON: inactive players will automatically lose when time's up. (requested by Jet Stream Cyber)
|inactive|vril fur4et has 60 seconds left.
|
|t:|1784383836
|teamsize|p1|4
|teamsize|p2|4
|start
|switch|p1a: Farigiraf|Farigiraf, L50, M|100/100
|switch|p1b: Incineroar|Incineroar, L50, F|100/100
|switch|p2a: Toxapex|Toxapex, L50, F|100/100
|switch|p2b: Froslass|Froslass, L50, F|100/100
|-ability|p1b: Incineroar|Intimidate|boost
|-unboost|p2a: Toxapex|atk|1
|-unboost|p2b: Froslass|atk|1
|turn|1
|
|t:|1784383851
|detailschange|p2b: Froslass|Froslass-Mega, L50, F
|-mega|p2b: Froslass|Froslass|Froslassite
|-weather|Snowscape|[from] ability: Snow Warning|[of] p2b: Froslass
|move|p2a: Toxapex|Baneful Bunker|p2a: Toxapex
|-singleturn|p2a: Toxapex|move: Protect
|move|p2b: Froslass|Aurora Veil|p2b: Froslass
|-sidestart|p2: Jet Stream Cyber|move: Aurora Veil
|move|p1b: Incineroar|Flare Blitz|p2b: Froslass
|-supereffective|p2b: Froslass|1
|-damage|p2b: Froslass|34/100
|-damage|p1b: Incineroar|84/100|[from] Recoil
|move|p1a: Farigiraf|Trick Room|p1a: Farigiraf
|-fieldstart|move: Trick Room|[of] p1a: Farigiraf
|
|-weather|Snowscape|[upkeep]
|upkeep
|turn|2
|
|t:|1784383873
|switch|p1a: Rotom|Rotom-Mow, L50|100/100
|switch|p2b: Incineroar|Incineroar, L50, M|100/100
|-ability|p2b: Incineroar|Intimidate|boost
|-unboost|p1a: Rotom|atk|1
|-unboost|p1b: Incineroar|atk|1
|move|p2a: Toxapex|Infestation|p1a: Rotom
|-supereffective|p1a: Rotom|1
|-damage|p1a: Rotom|93/100
|-activate|p1a: Rotom|move: Infestation|[of] p2a: Toxapex
|move|p1b: Incineroar|Flare Blitz|p2b: Incineroar
|-resisted|p2b: Incineroar|1
|-damage|p2b: Incineroar|90/100
|-damage|p1b: Incineroar|80/100|[from] Recoil
|
|-weather|Snowscape|[upkeep]
|-damage|p1a: Rotom|81/100|[from] move: Infestation|[partiallytrapped]
|upkeep
|turn|3
|
|t:|1784383894
|move|p2b: Incineroar|Fake Out|p1b: Incineroar
|-damage|p1b: Incineroar|69/100
|move|p2a: Toxapex|Toxic|p1a: Rotom
|-status|p1a: Rotom|tox
|cant|p1b: Incineroar|flinch
|move|p1a: Rotom|Volt Switch|p2a: Toxapex
|-supereffective|p2a: Toxapex|1
|-damage|p2a: Toxapex|68/100
|
|t:|1784383899
|switch|p1a: Farigiraf|Farigiraf, L50, M|100/100|[from] Volt Switch
|
|-weather|Snowscape|[upkeep]
|-heal|p2a: Toxapex|74/100|[from] item: Leftovers
|upkeep
|turn|4
|
|t:|1784383919
|move|p2a: Toxapex|Toxic|p1a: Farigiraf
|-status|p1a: Farigiraf|tox
|move|p1a: Farigiraf|Psychic|p2a: Toxapex
|-supereffective|p2a: Toxapex|1
|-damage|p2a: Toxapex|31/100
|move|p2b: Incineroar|Throat Chop|p1a: Farigiraf
|-supereffective|p1a: Farigiraf|1
|-enditem|p1a: Farigiraf|Colbur Berry|[eat]
|-enditem|p1a: Farigiraf|Colbur Berry|[weaken]
|-damage|p1a: Farigiraf|61/100 tox
|-start|p1a: Farigiraf|Throat Chop|[silent]
|move|p1b: Incineroar|Parting Shot|p2b: Incineroar
|-unboost|p2b: Incineroar|atk|1
|-unboost|p2b: Incineroar|spa|1
|
|t:|1784383934
|switch|p1b: Mawile|Mawile, L50, M|100/100|[from] Parting Shot
|-ability|p1b: Mawile|Intimidate|boost
|-unboost|p2a: Toxapex|atk|1
|-unboost|p2b: Incineroar|atk|1
|
|-weather|Snowscape|[upkeep]
|-heal|p2a: Toxapex|36/100|[from] item: Leftovers
|-damage|p1a: Farigiraf|55/100 tox|[from] psn
|upkeep
|turn|5
|
|t:|1784383949
|-heal|p2a: Toxapex|70/100|[from] ability: Regenerator|[silent]
|switch|p2a: Whimsicott|Whimsicott, L50, F|100/100
|switch|p1a: Incineroar|Incineroar, L50, F|69/100
|-ability|p1a: Incineroar|Intimidate|boost
|-unboost|p2a: Whimsicott|atk|1
|-unboost|p2b: Incineroar|atk|1
|detailschange|p1b: Mawile|Mawile-Mega, L50, M
|-mega|p1b: Mawile|Mawile|Mawilite
|move|p1b: Mawile|Swords Dance|p1b: Mawile
|-boost|p1b: Mawile|atk|2
|move|p2b: Incineroar|Parting Shot|p1b: Mawile
|-unboost|p1b: Mawile|atk|1
|-unboost|p1b: Mawile|spa|1
|inactive|Jet Stream Cyber has 30 seconds left.
|
|t:|1784383977
|switch|p2b: Toxapex|Toxapex, L50, F|70/100|[from] Parting Shot
|
|-weather|none
|-heal|p2b: Toxapex|75/100|[from] item: Leftovers
|-sideend|p2: Jet Stream Cyber|move: Aurora Veil
|-fieldend|move: Trick Room
|upkeep
|turn|6
|
|t:|1784384000
|move|p1a: Incineroar|Fake Out|p2a: Whimsicott
|-damage|p2a: Whimsicott|87/100
|cant|p2a: Whimsicott|flinch
|move|p1b: Mawile|Play Rough|p2b: Toxapex
|-resisted|p2b: Toxapex|1
|-damage|p2b: Toxapex|28/100
|move|p2b: Toxapex|Infestation|p1b: Mawile
|-resisted|p1b: Mawile|2
|-damage|p1b: Mawile|99/100
|-activate|p1b: Mawile|move: Infestation|[of] p2b: Toxapex
|
|-heal|p2b: Toxapex|33/100|[from] item: Leftovers
|-damage|p1b: Mawile|87/100|[from] move: Infestation|[partiallytrapped]
|upkeep
|turn|7
|inactive|Jet Stream Cyber has 30 seconds left.
|
|t:|1784384032
|switch|p2a: Incineroar|Incineroar, L50, M|90/100
|-ability|p2a: Incineroar|Intimidate|boost
|-unboost|p1a: Incineroar|atk|1
|-unboost|p1b: Mawile|atk|1
|move|p2b: Toxapex|Baneful Bunker|p2b: Toxapex
|-singleturn|p2b: Toxapex|move: Protect
|move|p1a: Incineroar|Flare Blitz|p2a: Incineroar
|-resisted|p2a: Incineroar|1
|-damage|p2a: Incineroar|74/100
|-damage|p1a: Incineroar|64/100|[from] Recoil
|move|p1b: Mawile|Play Rough|p2b: Toxapex
|-activate|p2b: Toxapex|move: Protect
|
|-heal|p2b: Toxapex|39/100|[from] item: Leftovers
|-damage|p1b: Mawile|75/100|[from] move: Infestation|[partiallytrapped]
|upkeep
|turn|8
|
|t:|1784384043
|-heal|p2b: Toxapex|72/100|[from] ability: Regenerator|[silent]
|switch|p2b: Whimsicott|Whimsicott, L50, F|87/100
|move|p2a: Incineroar|Fake Out|p1b: Mawile
|-resisted|p1b: Mawile|1
|-damage|p1b: Mawile|69/100
|move|p1a: Incineroar|Parting Shot|p2a: Incineroar
|-unboost|p2a: Incineroar|atk|1
|-unboost|p2a: Incineroar|spa|1
|
|t:|1784384052
|switch|p1a: Rotom|Rotom-Mow, L50|81/100 tox|[from] Parting Shot
|cant|p1b: Mawile|flinch
|
|-damage|p1a: Rotom|75/100 tox|[from] psn
|-end|p1b: Mawile|Infestation|[partiallytrapped]|[silent]
|upkeep
|turn|9
|
|t:|1784384061
|switch|p2b: Toxapex|Toxapex, L50, F|72/100
|move|p1a: Rotom|Volt Switch|p2a: Incineroar
|-damage|p2a: Incineroar|46/100
|-enditem|p2a: Incineroar|Sitrus Berry|[eat]
|-heal|p2a: Incineroar|70/100|[from] item: Sitrus Berry
|
|t:|1784384068
|switch|p1a: Incineroar|Incineroar, L50, F|64/100|[from] Volt Switch
|-ability|p1a: Incineroar|Intimidate|boost
|-unboost|p2a: Incineroar|atk|1
|-unboost|p2b: Toxapex|atk|1
|move|p2a: Incineroar|Parting Shot|p1b: Mawile
|-unboost|p1b: Mawile|atk|1
|-unboost|p1b: Mawile|spa|1
|
|t:|1784384078
|switch|p2a: Whimsicott|Whimsicott, L50, F|87/100|[from] Parting Shot
|move|p1b: Mawile|Swords Dance|p1b: Mawile
|-boost|p1b: Mawile|atk|2
|
|-heal|p2b: Toxapex|78/100|[from] item: Leftovers
|upkeep
|turn|10
|
|t:|1784384086
|switch|p2a: Froslass|Froslass-Mega, L50, F|34/100
|-weather|Snowscape|[from] ability: Snow Warning|[of] p2a: Froslass
|move|p1a: Incineroar|Flare Blitz|p2a: Froslass
|-supereffective|p2a: Froslass|1
|-damage|p2a: Froslass|0 fnt
|faint|p2a: Froslass
|-damage|p1a: Incineroar|55/100|[from] Recoil
|move|p1b: Mawile|Play Rough|p2b: Toxapex
|-resisted|p2b: Toxapex|1
|-damage|p2b: Toxapex|29/100
|move|p2b: Toxapex|Toxic|p1a: Incineroar
|-status|p1a: Incineroar|tox
|
|-weather|Snowscape|[upkeep]
|-heal|p2b: Toxapex|35/100|[from] item: Leftovers
|-damage|p1a: Incineroar|50/100y tox|[from] psn
|upkeep
|-enditem|p1a: Incineroar|Sitrus Berry|[eat]
|-heal|p1a: Incineroar|74/100 tox|[from] item: Sitrus Berry
|
|t:|1784384101
|switch|p2a: Incineroar|Incineroar, L50, M|70/100
|-ability|p2a: Incineroar|Intimidate|boost
|-unboost|p1a: Incineroar|atk|1
|-unboost|p1b: Mawile|atk|1
|turn|11
|
|t:|1784384119
|switch|p1a: Rotom|Rotom-Mow, L50|75/100 tox
|move|p2a: Incineroar|Fake Out|p1b: Mawile
|-resisted|p1b: Mawile|1
|-damage|p1b: Mawile|63/100
|cant|p1b: Mawile|flinch
|move|p2b: Toxapex|Infestation|p1b: Mawile
|-resisted|p1b: Mawile|2
|-damage|p1b: Mawile|63/100
|-activate|p1b: Mawile|move: Infestation|[of] p2b: Toxapex
|
|-weather|Snowscape|[upkeep]
|-heal|p2b: Toxapex|40/100|[from] item: Leftovers
|-damage|p1a: Rotom|70/100 tox|[from] psn
|-damage|p1b: Mawile|50/100g|[from] move: Infestation|[partiallytrapped]
|upkeep
|turn|12
|
|t:|1784384129
|move|p2b: Toxapex|Baneful Bunker|p2b: Toxapex
|-singleturn|p2b: Toxapex|move: Protect
|move|p1a: Rotom|Volt Switch|p2b: Toxapex
|-activate|p2b: Toxapex|move: Protect
|move|p2a: Incineroar|Parting Shot|p1b: Mawile
|-unboost|p1b: Mawile|atk|1
|-unboost|p1b: Mawile|spa|1
|
|t:|1784384138
|switch|p2a: Whimsicott|Whimsicott, L50, F|87/100|[from] Parting Shot
|move|p1b: Mawile|Play Rough|p2b: Toxapex
|-activate|p2b: Toxapex|move: Protect
|
|-weather|Snowscape|[upkeep]
|-heal|p2b: Toxapex|46/100|[from] item: Leftovers
|-damage|p1a: Rotom|58/100 tox|[from] psn
|-damage|p1b: Mawile|38/100|[from] move: Infestation|[partiallytrapped]
|upkeep
|turn|13
|inactive|Jet Stream Cyber has 30 seconds left.
|
|t:|1784384167
|-heal|p2b: Toxapex|79/100|[from] ability: Regenerator|[silent]
|switch|p2b: Incineroar|Incineroar, L50, M|70/100
|-ability|p2b: Incineroar|Intimidate|boost
|-unboost|p1a: Rotom|atk|1
|-unboost|p1b: Mawile|atk|1
|move|p2a: Whimsicott|Energy Ball|p1b: Mawile
|-resisted|p1b: Mawile|1
|-damage|p1b: Mawile|23/100
|move|p1a: Rotom|Volt Switch|p2b: Incineroar
|-damage|p2b: Incineroar|42/100
|
|t:|1784384180
|switch|p1a: Incineroar|Incineroar, L50, F|74/100 tox|[from] Volt Switch
|-ability|p1a: Incineroar|Intimidate|boost
|-unboost|p2a: Whimsicott|atk|1
|-unboost|p2b: Incineroar|atk|1
|move|p1b: Mawile|Play Rough|p2b: Incineroar
|-damage|p2b: Incineroar|0 fnt
|faint|p2b: Incineroar
|
|-weather|Snowscape|[upkeep]
|-damage|p1a: Incineroar|68/100 tox|[from] psn
|-end|p1b: Mawile|Infestation|[partiallytrapped]|[silent]
|upkeep
|
|t:|1784384183
|switch|p2b: Toxapex|Toxapex, L50, F|79/100
|turn|14
|
|t:|1784384195
|switch|p1b: Farigiraf|Farigiraf, L50, M|55/100 tox
|move|p2a: Whimsicott|Tailwind|p2a: Whimsicott
|-sidestart|p2: Jet Stream Cyber|move: Tailwind
|move|p2b: Toxapex|Infestation|p1b: Farigiraf
|-supereffective|p1b: Farigiraf|1
|-damage|p1b: Farigiraf|48/100 tox
|-activate|p1b: Farigiraf|move: Infestation|[of] p2b: Toxapex
|move|p1a: Incineroar|Flare Blitz|p2a: Whimsicott
|-supereffective|p2a: Whimsicott|1
|-damage|p2a: Whimsicott|0 fnt
|faint|p2a: Whimsicott
|-damage|p1a: Incineroar|49/100 tox|[from] Recoil
|
|-weather|none
|-heal|p2b: Toxapex|85/100|[from] item: Leftovers
|-damage|p1a: Incineroar|37/100 tox|[from] psn
|-damage|p1b: Farigiraf|42/100 tox|[from] psn
|-damage|p1b: Farigiraf|29/100 tox|[from] move: Infestation|[partiallytrapped]
|upkeep
|turn|15
|
|t:|1784384205
|move|p2b: Toxapex|Infestation|p1a: Incineroar
|-damage|p1a: Incineroar|34/100 tox
|-activate|p1a: Incineroar|move: Infestation|[of] p2b: Toxapex
|move|p1a: Incineroar|Throat Chop|p2b: Toxapex
|-damage|p2b: Toxapex|63/100
|-start|p2b: Toxapex|Throat Chop|[silent]
|move|p1b: Farigiraf|Psychic|p2b: Toxapex
|-supereffective|p2b: Toxapex|1
|-damage|p2b: Toxapex|5/100
|-unboost|p2b: Toxapex|spd|1
|
|-heal|p2b: Toxapex|10/100|[from] item: Leftovers
|-damage|p1a: Incineroar|16/100 tox|[from] psn
|-damage|p1b: Farigiraf|17/100 tox|[from] psn
|-damage|p1a: Incineroar|4/100 tox|[from] move: Infestation|[partiallytrapped]
|-damage|p1b: Farigiraf|5/100 tox|[from] move: Infestation|[partiallytrapped]
|upkeep
|turn|16
|
|t:|1784384215
|move|p2b: Toxapex|Baneful Bunker|p2b: Toxapex
|-singleturn|p2b: Toxapex|move: Protect
|move|p1a: Incineroar|Throat Chop|p2b: Toxapex
|-activate|p2b: Toxapex|move: Protect
|move|p1b: Farigiraf|Psychic|p2b: Toxapex
|-activate|p2b: Toxapex|move: Protect
|
|-heal|p2b: Toxapex|16/100|[from] item: Leftovers
|-damage|p1a: Incineroar|0 fnt|[from] psn
|faint|p1a: Incineroar
|-damage|p1b: Farigiraf|0 fnt|[from] psn
|faint|p1b: Farigiraf
|-end|p2b: Toxapex|Throat Chop|[silent]
|upkeep
|
|t:|1784384217
|switch|p1a: Mawile|Mawile-Mega, L50, M|23/100
|switch|p1b: Rotom|Rotom-Mow, L50|58/100 tox
|turn|17
|-message|Jet Stream Cyber forfeited.
|
|win|vril fur4et
|l|☆Jet Stream Cyber
|player|p2|
||vril fur4et is ready for game 2.
|raw|vril fur4et's rating: 1218 → 1236(+18 for winning)
|raw|Jet Stream Cyber's rating: 1116 → 1098(-18 for losing)
