|j|☆freudianbreath
|j|☆jandrespi
|html|freudianbreathjandrespi    
|uhtml|bestof|Game 1 of a best-of-3
|t:|1784574484
|gametype|doubles
|player|p1|freudianbreath|170|1094
|player|p2|jandrespi|102|1000
|gen|9
|tier|[Gen 9 Champions] VGC 2026 Reg M-B (Bo3)
|rated|
|rule|Species Clause: Limit one of each Pokémon
|rule|Item Clause: Limit 1 of each item
|clearpoke
|poke|p1|Raichu, L50, F|
|poke|p1|Basculegion, L50, M|
|poke|p1|Charizard, L50, F|
|poke|p1|Whimsicott, L50, F|
|poke|p1|Kingambit, L50, M|
|poke|p1|Ninetales-Alola, L50, F|
|poke|p2|Charizard, L50, F|
|poke|p2|Aerodactyl, L50, M|
|poke|p2|Garchomp, L50, F|
|poke|p2|Sylveon, L50, M|
|poke|p2|Kingambit, L50, F|
|poke|p2|Incineroar, L50, F|
|teampreview|4
|showteam|p1|Raichu||RaichuniteY|LightningRod|ZapCannon,FocusBlast,FakeOut,Protect|Bold||F|||50|]Basculegion||ChoiceScarf|Adaptability|WaveCrash,LastRespects,AquaJet,IcyWind|Adamant||M|||50|]Charizard||CharizarditeY|Blaze|HeatWave,WeatherBall,AncientPower,Protect|Timid||F|||50|]Whimsicott||SitrusBerry|Prankster|Moonblast,Encore,Tailwind,Protect|Bold||F|||50|]Kingambit||OccaBerry|Defiant|KowtowCleave,SwordsDance,SuckerPunch,Protect|Adamant||M|||50|]Ninetales-Alola||LifeOrb|SnowWarning|Blizzard,FreezeDry,Encore,Protect|Timid||F|||50|
|showteam|p2|Charizard||CharizarditeY|Blaze|SolarBeam,WeatherBall,HeatWave,Protect|Modest||F|||50|]Aerodactyl||Aerodactylite|Unnerve|RockSlide,Tailwind,WideGuard,Protect|Jolly||M|||50|]Garchomp||LifeOrb|RoughSkin|DragonClaw,Earthquake,RockTomb,Protect|Adamant||F|||50|]Sylveon||FairyFeather|Pixilate|HyperBeam,HyperVoice,QuickAttack,Detect|Modest||M|||50|]Kingambit||BlackGlasses|Defiant|KowtowCleave,SuckerPunch,IronHead,Protect|Adamant||F|||50|]Incineroar||SitrusBerry|Intimidate|FakeOut,FlareBlitz,ThroatChop,PartingShot|Adamant||F|||50|
|
|t:|1784574586
|teamsize|p1|4
|teamsize|p2|4
|start
|switch|p1a: Whimsicott|Whimsicott, L50, F|100/100
|switch|p1b: Raichu|Raichu, L50, F|100/100
|switch|p2a: Incineroar|Incineroar, L50, F|100/100
|switch|p2b: Aerodactyl|Aerodactyl, L50, M|100/100
|-ability|p2b: Aerodactyl|Unnerve
|-ability|p2a: Incineroar|Intimidate|boost
|-unboost|p1a: Whimsicott|atk|1
|-unboost|p1b: Raichu|atk|1
|turn|1
|
|t:|1784574621
|move|p1a: Whimsicott|Protect|p1a: Whimsicott
|-singleturn|p1a: Whimsicott|Protect
|move|p1b: Raichu|Fake Out|p2b: Aerodactyl
|-resisted|p2b: Aerodactyl|1
|-damage|p2b: Aerodactyl|96/100
|move|p2a: Incineroar|Fake Out|p1a: Whimsicott
|-activate|p1a: Whimsicott|move: Protect
|cant|p2b: Aerodactyl|flinch
|
|upkeep
|turn|2
|
|t:|1784574651
|detailschange|p1b: Raichu|Raichu-Mega-Y, L50, F
|-mega|p1b: Raichu|Raichu|Raichunite Y
|move|p2b: Aerodactyl|Protect|p2b: Aerodactyl
|-singleturn|p2b: Aerodactyl|Protect
|move|p1a: Whimsicott|Tailwind|p1a: Whimsicott
|-sidestart|p1: freudianbreath|move: Tailwind
|move|p1b: Raichu|Zap Cannon|p2b: Aerodactyl
|-activate|p2b: Aerodactyl|move: Protect
|move|p2a: Incineroar|Parting Shot|p1b: Raichu
|-unboost|p1b: Raichu|atk|1
|-unboost|p1b: Raichu|spa|1
|
|t:|1784574663
|switch|p2a: Kingambit|Kingambit, L50, F|100/100|[from] Parting Shot
|
|upkeep
|turn|3
|
|t:|1784574684
|move|p1a: Whimsicott|Encore|p2b: Aerodactyl
|-start|p2b: Aerodactyl|Encore
|move|p2b: Aerodactyl|Protect||[still]
|-fail|p2b: Aerodactyl
|move|p2a: Kingambit|Sucker Punch|p1b: Raichu
|-damage|p1b: Raichu|54/100
|move|p1b: Raichu|Focus Blast|p2a: Kingambit
|-supereffective|p2a: Kingambit|2
|-damage|p2a: Kingambit|0 fnt
|faint|p2a: Kingambit
|
|upkeep
|
|t:|1784574694
|switch|p2a: Incineroar|Incineroar, L50, F|100/100
|-ability|p2a: Incineroar|Intimidate|boost
|-unboost|p1a: Whimsicott|atk|1
|-unboost|p1b: Raichu|atk|1
|turn|4
|
|t:|1784574717
|switch|p2b: Charizard|Charizard, L50, F|100/100
|move|p1a: Whimsicott|Protect|p1a: Whimsicott
|-singleturn|p1a: Whimsicott|Protect
|move|p1b: Raichu|Protect|p1b: Raichu
|-singleturn|p1b: Raichu|Protect
|move|p2a: Incineroar|Fake Out|p1b: Raichu
|-activate|p1b: Raichu|move: Protect
|
|upkeep
|turn|5
|
|t:|1784574761
|switch|p1a: Basculegion|Basculegion, L50, M|100/100
|move|p2b: Charizard|Protect|p2b: Charizard
|-singleturn|p2b: Charizard|Protect
|move|p1b: Raichu|Zap Cannon|p2b: Charizard
|-activate|p2b: Charizard|move: Protect
|move|p2a: Incineroar|Throat Chop|p1b: Raichu
|-damage|p1b: Raichu|2/100
|-start|p1b: Raichu|Throat Chop|[silent]
|
|-sideend|p1: freudianbreath|move: Tailwind
|upkeep
|turn|6
|
|t:|1784574803
|switch|p2b: Aerodactyl|Aerodactyl, L50, M|96/100
|-ability|p2b: Aerodactyl|Unnerve
|move|p1a: Basculegion|Icy Wind|p2a: Incineroar|[spread] p2a,p2b
|-resisted|p2a: Incineroar|1
|-supereffective|p2b: Aerodactyl|1
|-damage|p2a: Incineroar|96/100
|-damage|p2b: Aerodactyl|74/100
|-unboost|p2a: Incineroar|spe|1
|-unboost|p2b: Aerodactyl|spe|1
|move|p1b: Raichu|Zap Cannon|p2b: Aerodactyl
|-supereffective|p2b: Aerodactyl|1
|-damage|p2b: Aerodactyl|0 fnt
|faint|p2b: Aerodactyl
|move|p2a: Incineroar|Throat Chop|p1a: Basculegion
|-supereffective|p1a: Basculegion|1
|-damage|p1a: Basculegion|0 fnt
|faint|p1a: Basculegion
|
|-end|p1b: Raichu|Throat Chop|[silent]
|upkeep
|
|t:|1784574840
|switch|p2b: Charizard|Charizard, L50, F|100/100
|switch|p1a: Whimsicott|Whimsicott, L50, F|100/100
|turn|7
|
|t:|1784574885
|move|p1b: Raichu|Protect|p1b: Raichu
|-singleturn|p1b: Raichu|Protect
|move|p2b: Charizard|Protect|p2b: Charizard
|-singleturn|p2b: Charizard|Protect
|move|p1a: Whimsicott|Moonblast|p2a: Incineroar
|-damage|p2a: Incineroar|71/100
|move|p2a: Incineroar|Throat Chop|p1b: Raichu
|-activate|p1b: Raichu|move: Protect
|
|upkeep
|turn|8
|
|t:|1784574926
|move|p1b: Raichu|Zap Cannon|p2b: Charizard
|-supereffective|p2b: Charizard|1
|-damage|p2b: Charizard|0 fnt
|faint|p2b: Charizard
|move|p1a: Whimsicott|Moonblast|p2a: Incineroar
|-crit|p2a: Incineroar
|-damage|p2a: Incineroar|31/100
|-enditem|p2a: Incineroar|Sitrus Berry|[eat]
|-heal|p2a: Incineroar|55/100|[from] item: Sitrus Berry
|move|p2a: Incineroar|Throat Chop|p1b: Raichu
|-damage|p1b: Raichu|0 fnt
|faint|p1b: Raichu
|
|upkeep
|-message|jandrespi forfeited.
|
|win|freudianbreath
|l|☆jandrespi
|player|p2|
|raw|freudianbreath's rating: 1094 → 1113(+19 for winning)
|raw|jandrespi's rating: 1000 → 1000(+0 for losing)
