|j|☆GS Barnabe
|j|☆Lev001
|html|GS BarnabeLev001    
|uhtml|bestof|Game 1 of a best-of-3
|t:|1785428485
|gametype|doubles
|player|p1|GS Barnabe|169|1034
|player|p2|Lev001|169|1089
|gen|9
|tier|[Gen 9 Champions] VGC 2026 Reg M-B (Bo3)
|rated|
|rule|Species Clause: Limit one of each Pokémon
|rule|Item Clause: Limit 1 of each item
|clearpoke
|poke|p1|Meowstic, L50, M|
|poke|p1|Tyranitar, L50, F|
|poke|p1|Scovillain, L50, M|
|poke|p1|Houndstone, L50, M|
|poke|p1|Corviknight, L50, F|
|poke|p1|Garchomp, L50, F|
|poke|p2|Raichu, L50, M|
|poke|p2|Garchomp, L50, M|
|poke|p2|Tyranitar, L50, M|
|poke|p2|Charizard, L50, F|
|poke|p2|Sinistcha, L50|
|poke|p2|Skarmory, L50, M|
|teampreview|4
|showteam|p1|Meowstic||LightClay|Prankster|FakeOut,Reflect,LightScreen,PsychicNoise|Bold||M|||50|]Tyranitar||ChoiceScarf|SandStream|RockSlide,KnockOff,IcePunch,Superpower|Jolly||F|||50|]Scovillain||Scovillainite|Moody|Overheat,LeechSeed,RagePowder,Protect|Calm||M|||50|]Houndstone||SitrusBerry|SandRush|LastRespects,Disable,AllySwitch,Protect|Adamant||M|||50|]Corviknight||Leftovers|MirrorArmor|IronHead,BraveBird,Tailwind,Protect|Adamant||F|||50|]Garchomp||Garchompite|RoughSkin|DracoMeteor,EarthPower,PowerGem,Protect|Modest||F|||50|
|showteam|p2|Raichu||FocusSash|LightningRod|FakeOut,HelpingHand,BrickBreak,ThunderPunch|Jolly||M|||50|]Garchomp||LifeOrb|RoughSkin|Earthquake,StompingTantrum,DragonClaw,Protect|Jolly||M|||50|]Tyranitar||ChoiceScarf|SandStream|RockSlide,KnockOff,LowKick,IcePunch|Jolly||M|||50|]Charizard||CharizarditeY|Blaze|HeatWave,WeatherBall,SolarBeam,Protect|Modest||F|||50|]Sinistcha||KasibBerry|Hospitality|MatchaGotcha,RagePowder,ShadowBall,Protect|Modest|||||50|]Skarmory||Skarmorite|Sturdy|BraveBird,IronHead,Tailwind,Protect|Careful||M|||50|
|
|t:|1785428535
|teamsize|p1|4
|teamsize|p2|4
|start
|switch|p1a: Garchomp|Garchomp, L50, F|100/100
|switch|p1b: Tyranitar|Tyranitar, L50, F|100/100
|switch|p2a: Raichu|Raichu, L50, M|100/100
|switch|p2b: Garchomp|Garchomp, L50, M|100/100
|-weather|Sandstorm|[from] ability: Sand Stream|[of] p1b: Tyranitar
|turn|1
|
|t:|1785428581
|switch|p1b: Corviknight|Corviknight, L50, F|100/100
|switch|p2b: Tyranitar|Tyranitar, L50, M|100/100
|detailschange|p1a: Garchomp|Garchomp-Mega, L50, F
|-mega|p1a: Garchomp|Garchomp|Garchompite
|move|p2a: Raichu|Brick Break|p1b: Corviknight
|-damage|p1b: Corviknight|78/100
|move|p1a: Garchomp|Earth Power|p2a: Raichu
|-supereffective|p2a: Raichu|1
|-enditem|p2a: Raichu|Focus Sash
|-damage|p2a: Raichu|1/100
|
|-weather|Sandstorm|[upkeep]
|-damage|p2a: Raichu|0 fnt|[from] Sandstorm
|faint|p2a: Raichu
|-heal|p1b: Corviknight|84/100|[from] item: Leftovers
|upkeep
|
|t:|1785428600
|switch|p2a: Skarmory|Skarmory, L50, M|100/100
|turn|2
|
|t:|1785428618
|detailschange|p2a: Skarmory|Skarmory-Mega, L50, M
|-mega|p2a: Skarmory|Skarmory|Skarmorite
|move|p2b: Tyranitar|Ice Punch|p1a: Garchomp
|-supereffective|p1a: Garchomp|2
|-damage|p1a: Garchomp|4/100
|move|p2a: Skarmory|Tailwind|p2a: Skarmory
|-sidestart|p2: Lev001|move: Tailwind
|move|p1a: Garchomp|Earth Power|p2b: Tyranitar
|-supereffective|p2b: Tyranitar|1
|-damage|p2b: Tyranitar|12/100
|move|p1b: Corviknight|Tailwind|p1b: Corviknight
|-sidestart|p1: GS Barnabe|move: Tailwind
|
|-weather|Sandstorm|[upkeep]
|-heal|p1b: Corviknight|90/100|[from] item: Leftovers
|upkeep
|turn|3
|
|t:|1785428659
|switch|p2b: Garchomp|Garchomp, L50, M|100/100
|move|p1a: Garchomp|Protect|p1a: Garchomp
|-singleturn|p1a: Garchomp|Protect
|move|p2a: Skarmory|Iron Head|p1a: Garchomp
|-activate|p1a: Garchomp|move: Protect
|move|p1b: Corviknight|Iron Head|p2b: Garchomp
|-crit|p2b: Garchomp
|-damage|p2b: Garchomp|44/100
|-damage|p1b: Corviknight|78/100|[from] ability: Rough Skin|[of] p2b: Garchomp
|
|-weather|Sandstorm|[upkeep]
|-heal|p1b: Corviknight|83/100|[from] item: Leftovers
|upkeep
|turn|4
|
|t:|1785428703
|move|p2b: Garchomp|Stomping Tantrum|p1a: Garchomp
|-damage|p1a: Garchomp|0 fnt
|faint|p1a: Garchomp
|-damage|p2b: Garchomp|35/100|[from] item: Life Orb
|move|p2a: Skarmory|Brave Bird|p1b: Corviknight
|-resisted|p1b: Corviknight|1
|-damage|p1b: Corviknight|56/100
|-damage|p2a: Skarmory|90/100|[from] Recoil
|move|p1b: Corviknight|Brave Bird|p2b: Garchomp
|-damage|p2b: Garchomp|0 fnt
|-damage|p1b: Corviknight|43/100|[from] ability: Rough Skin|[of] p2b: Garchomp
|faint|p2b: Garchomp
|-damage|p1b: Corviknight|31/100|[from] Recoil
|
|-weather|Sandstorm|[upkeep]
|-heal|p1b: Corviknight|37/100|[from] item: Leftovers
|upkeep
|
|t:|1785428730
|switch|p2b: Tyranitar|Tyranitar, L50, M|12/100
|switch|p1a: Houndstone|Houndstone, L50, M|100/100
|turn|5
|
|t:|1785428778
|move|p1a: Houndstone|Last Respects|p2b: Tyranitar
|-resisted|p2b: Tyranitar|1
|-damage|p2b: Tyranitar|0 fnt
|faint|p2b: Tyranitar
|move|p2a: Skarmory|Brave Bird|p1b: Corviknight
|-resisted|p1b: Corviknight|1
|-crit|p1b: Corviknight
|-damage|p1b: Corviknight|0 fnt
|faint|p1b: Corviknight
|-damage|p2a: Skarmory|77/100|[from] Recoil
|
|-weather|none
|-sideend|p1: GS Barnabe|move: Tailwind
|-sideend|p2: Lev001|move: Tailwind
|upkeep
|
|t:|1785428790
|switch|p1b: Tyranitar|Tyranitar, L50, F|100/100
|-weather|Sandstorm|[from] ability: Sand Stream|[of] p1b: Tyranitar
|turn|6
|
|t:|1785428803
|move|p1a: Houndstone|Last Respects|p2a: Skarmory
|-damage|p2a: Skarmory|15/100
|move|p1b: Tyranitar|Rock Slide|p2a: Skarmory
|-damage|p2a: Skarmory|0 fnt
|faint|p2a: Skarmory
|
|win|GS Barnabe
||Lev001 is ready for game 2.
||GS Barnabe is ready for game 2.
|uhtml|next|Next: Game 2 of 3
|l|☆Lev001
|player|p2|
|l|☆GS Barnabe
|player|p1|
|j|☆GS Barnabe
|player|p1|GS Barnabe|169|
