|j|☆sazar saifi
|j|☆trompavieja
|html|sazar saifitrompavieja    
|uhtml|bestof|Game 1 of a best-of-3
|t:|1783007210
|gametype|doubles
|player|p1|sazar saifi|nate|1386
|player|p2|trompavieja|tate|1441
|gen|9
|tier|[Gen 9 Champions] VGC 2026 Reg M-B (Bo3)
|rated|
|rule|Species Clause: Limit one of each Pokémon
|rule|Item Clause: Limit 1 of each item
|clearpoke
|poke|p1|Gengar, L50, M|
|poke|p1|Incineroar, L50, M|
|poke|p1|Politoed, L50, F|
|poke|p1|Sinistcha, L50|
|poke|p1|Archaludon, L50, M|
|poke|p1|Swampert, L50, M|
|poke|p2|Farigiraf, L50, F|
|poke|p2|Kingambit, L50, F|
|poke|p2|Sylveon, L50, F|
|poke|p2|Charizard, L50, F|
|poke|p2|Garchomp, L50, F|
|poke|p2|Aerodactyl, L50, F|
|teampreview|4
|showteam|p1|Gengar||Gengarite|CursedBody|PerishSong,ShadowBall,Disable,Protect|Modest||M|||50|]Incineroar||PasshoBerry|Intimidate|FakeOut,ThroatChop,PartingShot,Protect|Careful||M|||50|]Politoed||SitrusBerry|Drizzle|WeatherBall,Hypnosis,PerishSong,Protect|Bold||F|||50|]Sinistcha||ColburBerry|Hospitality|RagePowder,Protect,TrickRoom,MatchaGotcha|Calm|||||50|]Archaludon||Magnet|Sturdy|ElectroShot,DragonPulse,FlashCannon,Protect|Modest||M|||50|]Swampert||Swampertite|Torrent|IcePunch,WaveCrash,HighHorsepower,Protect|Adamant||M|||50|
|showteam|p2|Farigiraf||SitrusBerry|ArmorTail|TwinBeam,Thunderbolt,TrickRoom,HelpingHand|Bold||F|||50|]Kingambit||FocusSash|Defiant|SuckerPunch,KowtowCleave,LowKick,IronHead|Adamant||F|||50|]Sylveon||FairyFeather|Pixilate|Detect,HyperVoice,QuickAttack,HyperBeam|Modest||F|||50|]Charizard||CharizarditeY|Blaze|HeatWave,SolarBeam,WeatherBall,Protect|Modest||F|||50|]Garchomp||LifeOrb|RoughSkin|StompingTantrum,Earthquake,DragonClaw,Protect|Jolly||F|||50|]Aerodactyl||Aerodactylite|Unnerve|Tailwind,DualWingbeat,RockSlide,IceFang|Jolly||F|||50|
|inactive|Battle timer is ON: inactive players will automatically lose when time's up. (requested by sazar saifi)
|
|t:|1783007244
|teamsize|p1|4
|teamsize|p2|4
|start
|switch|p1a: Archaludon|Archaludon, L50, M|100/100
|switch|p1b: Swampert|Swampert, L50, M|100/100
|switch|p2a: Kingambit|Kingambit, L50, F|100/100
|switch|p2b: Farigiraf|Farigiraf, L50, F|100/100
|turn|1
|inactive|trompavieja has 30 seconds left.
|
|t:|1783007269
|detailschange|p1b: Swampert|Swampert-Mega, L50, M
|-mega|p1b: Swampert|Swampert|Swampertite
|move|p2a: Kingambit|Sucker Punch|p1b: Swampert
|-damage|p1b: Swampert|64/100
|move|p1a: Archaludon|Dragon Pulse|p2a: Kingambit
|-resisted|p2a: Kingambit|1
|-damage|p2a: Kingambit|71/100
|move|p1b: Swampert|High Horsepower|p2a: Kingambit
|-supereffective|p2a: Kingambit|1
|-damage|p2a: Kingambit|0 fnt
|faint|p2a: Kingambit
|move|p2b: Farigiraf|Trick Room|p2b: Farigiraf
|-fieldstart|move: Trick Room|[of] p2b: Farigiraf
|
|upkeep
|
|t:|1783007274
|switch|p2a: Sylveon|Sylveon, L50, F|100/100
|turn|2
|l|☆sazar saifi
|inactive|sazar saifi disconnected and has a minute to reconnect!
|player|p1|
|inactive|sazar saifi has 30 seconds left.
|inactive|sazar saifi has 20 seconds left.
|j|☆sazar saifi
|inactive|sazar saifi reconnected and has 20 seconds left.
|player|p1|sazar saifi|nate|
|inactive|sazar saifi has 15 seconds left.
|inactive|sazar saifi has 10 seconds left.
|
|t:|1783007323
|switch|p1b: Politoed|Politoed, L50, F|100/100
|-weather|RainDance|[from] ability: Drizzle|[of] p1b: Politoed
|move|p2b: Farigiraf|Helping Hand|p2a: Sylveon
|-singleturn|p2a: Sylveon|Helping Hand|[of] p2b: Farigiraf
|move|p2a: Sylveon|Hyper Voice|p1b: Politoed|[spread] p1a,p1b
|-ability|p1a: Archaludon|Sturdy
|-damage|p1a: Archaludon|1/100
|-damage|p1b: Politoed|40/100
|-enditem|p1b: Politoed|Sitrus Berry|[eat]
|-heal|p1b: Politoed|64/100|[from] item: Sitrus Berry
|move|p1a: Archaludon|Electro Shot||[still]
|-prepare|p1a: Archaludon|Electro Shot
|-boost|p1a: Archaludon|spa|1
|-anim|p1a: Archaludon|Electro Shot|p2b: Farigiraf
|-damage|p2b: Farigiraf|22/100
|-enditem|p2b: Farigiraf|Sitrus Berry|[eat]
|-heal|p2b: Farigiraf|47/100|[from] item: Sitrus Berry
|
|-weather|RainDance|[upkeep]
|upkeep
|turn|3
|inactive|trompavieja has 30 seconds left.
|
|t:|1783007350
|move|p1a: Archaludon|Protect|p1a: Archaludon
|-singleturn|p1a: Archaludon|Protect
|move|p2b: Farigiraf|Thunderbolt|p1b: Politoed
|-supereffective|p1b: Politoed|1
|-damage|p1b: Politoed|26/100
|-status|p1b: Politoed|par
|move|p1b: Politoed|Hypnosis|p2a: Sylveon
|-status|p2a: Sylveon|slp|[from] move: Hypnosis
|cant|p2a: Sylveon|slp
|
|-weather|RainDance|[upkeep]
|upkeep
|turn|4
|inactive|sazar saifi has 30 seconds left.
|
|t:|1783007382
|switch|p1b: Sinistcha|Sinistcha, L50|100/100
|-heal|p1a: Archaludon|25/100|[from] ability: Hospitality|[of] p1b: Sinistcha
|move|p2b: Farigiraf|Twin Beam|p1a: Archaludon
|-resisted|p1a: Archaludon|1
|-damage|p1a: Archaludon|14/100
|-resisted|p1a: Archaludon|1
|-crit|p1a: Archaludon
|-damage|p1a: Archaludon|0 fnt
|faint|p1a: Archaludon
|-hitcount|p1: Archaludon|2
|cant|p2a: Sylveon|slp
|
|-weather|RainDance|[upkeep]
|upkeep
|
|t:|1783007393
|switch|p1a: Swampert|Swampert-Mega, L50, M|64/100
|turn|5
|
|t:|1783007416
|switch|p2b: Charizard|Charizard, L50, F|100/100
|move|p1a: Swampert|Protect|p1a: Swampert
|-singleturn|p1a: Swampert|Protect
|-curestatus|p2a: Sylveon|slp|[msg]
|move|p2a: Sylveon|Hyper Voice|p1a: Swampert|[spread] p1b
|-activate|p1a: Swampert|move: Protect
|-damage|p1b: Sinistcha|53/100
|move|p1b: Sinistcha|Matcha Gotcha|p2b: Charizard|[spread] p2a,p2b
|-resisted|p2b: Charizard|2
|-damage|p2a: Sylveon|81/100
|-heal|p1b: Sinistcha|63/100|[from] drain|[of] p2a: Sylveon
|-damage|p2b: Charizard|93/100
|-heal|p1b: Sinistcha|66/100|[from] drain|[of] p2b: Charizard
|
|-weather|RainDance|[upkeep]
|-fieldend|move: Trick Room
|upkeep
|turn|6
|
|t:|1783007439
|switch|p1a: Politoed|Politoed, L50, F|26/100 par
|detailschange|p2b: Charizard|Charizard-Mega-Y, L50, F
|-mega|p2b: Charizard|Charizard|Charizardite Y
|-weather|SunnyDay|[from] ability: Drought|[of] p2b: Charizard
|move|p2b: Charizard|Heat Wave|p1a: Politoed|[spread] p1a
|-miss|p2b: Charizard|p1b: Sinistcha
|-resisted|p1a: Politoed|1
|-damage|p1a: Politoed|2/100 par
|move|p1b: Sinistcha|Matcha Gotcha|p2a: Sylveon|[spread] p2a,p2b
|-resisted|p2b: Charizard|2
|-damage|p2a: Sylveon|63/100
|-heal|p1b: Sinistcha|76/100|[from] drain|[of] p2a: Sylveon
|-damage|p2b: Charizard|88/100
|-heal|p1b: Sinistcha|79/100|[from] drain|[of] p2b: Charizard
|move|p2a: Sylveon|Hyper Voice|p1a: Politoed|[spread] p1a,p1b
|-damage|p1a: Politoed|0 fnt
|-damage|p1b: Sinistcha|30/100
|faint|p1a: Politoed
|
|-weather|SunnyDay|[upkeep]
|upkeep
|-message|sazar saifi forfeited.
|raw|sazar saifi's rating: 1386 → 1369(-17 for losing)
|raw|trompavieja's rating: 1441 → 1458(+17 for winning)
|
|win|trompavieja
|l|☆sazar saifi
|player|p1|
