|j|☆RXUXBXEXN
|j|☆Astano
|html|RXUXBXEXNAstano    
|uhtml|bestof|Game 1 of a best-of-3
|t:|1783601649
|gametype|doubles
|player|p1|RXUXBXEXN|1|1041
|player|p2|Astano|102|1057
|gen|9
|tier|[Gen 9 Champions] VGC 2026 Reg M-B (Bo3)
|rated|
|rule|Species Clause: Limit one of each Pokémon
|rule|Item Clause: Limit 1 of each item
|clearpoke
|poke|p1|Froslass, L50, F, shiny|
|poke|p1|Scovillain, L50, F, shiny|
|poke|p1|Lycanroc-Dusk, L50, M|
|poke|p1|Kingambit, L50, M|
|poke|p1|Basculegion, L50, M|
|poke|p1|Sneasler, L50, F|
|poke|p2|Swampert, L50, F|
|poke|p2|Sableye, L50, M|
|poke|p2|Archaludon, L50, F|
|poke|p2|Pelipper, L50, F|
|poke|p2|Sylveon, L50, F|
|poke|p2|Venusaur, L50, F|
|teampreview|4
|showteam|p1|Froslass||Froslassite|CursedBody|Blizzard,ShadowBall,AuroraVeil,Protect|Modest||F|||50|]Scovillain||Scovillainite|Moody|Overheat,GigaDrain,RagePowder,Protect|Modest||F|||50|]Lycanroc-Dusk||FocusSash|ToughClaws|RockSlide,CloseCombat,Accelerock,Protect|Adamant||M|||50|]Kingambit||BlackGlasses|Defiant|KowtowCleave,SuckerPunch,SwordsDance,Protect|Adamant||M|||50|]Basculegion||SitrusBerry|Adaptability|WaveCrash,LastRespects,AquaJet,Protect|Adamant||M|||50|]Sneasler||WhiteHerb|Unburden|CloseCombat,GunkShot,FakeOut,Protect|Adamant||F|||50|
|showteam|p2|Swampert||Swampertite|Torrent|Protect,WaveCrash,Earthquake,HighHorsepower|Adamant||F|||50|]Sableye||LightClay|Prankster|Encore,Reflect,LightScreen,RainDance|Bold||M|||50|]Archaludon||Leftovers|Stamina|Protect,DragonPulse,FlashCannon,ElectroShot|Modest||F|||50|]Pelipper||SitrusBerry|Drizzle|Protect,WeatherBall,Hurricane,Tailwind|Bold||F|||50|]Sylveon||FairyFeather|Pixilate|Detect,HyperVoice,Moonblast,QuickAttack|Modest||F|||50|]Venusaur||Venusaurite|Overgrow|Protect,GigaDrain,SludgeBomb,EarthPower|Modest||F|||50|
|inactive|Battle timer is ON: inactive players will automatically lose when time's up. (requested by Astano)
|
|t:|1783601688
|teamsize|p1|4
|teamsize|p2|4
|start
|switch|p1a: Lycanroc|Lycanroc-Dusk, L50, M|100/100
|switch|p1b: Sneasler|Sneasler, L50, F|100/100
|switch|p2a: Archaludon|Archaludon, L50, F|100/100
|switch|p2b: Sableye|Sableye, L50, M|100/100
|turn|1
|
|t:|1783601704
|move|p2a: Archaludon|Protect|p2a: Archaludon
|-singleturn|p2a: Archaludon|Protect
|move|p2b: Sableye|Reflect|p2b: Sableye
|-sidestart|p2: Astano|Reflect
|move|p1b: Sneasler|Close Combat|p2a: Archaludon
|-activate|p2a: Archaludon|move: Protect
|move|p1a: Lycanroc|Close Combat|p2a: Archaludon
|-activate|p2a: Archaludon|move: Protect
|
|upkeep
|turn|2
|
|t:|1783601722
|switch|p2a: Pelipper|Pelipper, L50, F|100/100
|-weather|RainDance|[from] ability: Drizzle|[of] p2a: Pelipper
|move|p2b: Sableye|Encore|p1a: Lycanroc
|-start|p1a: Lycanroc|Encore
|move|p1b: Sneasler|Close Combat|p2a: Pelipper
|-resisted|p2a: Pelipper|1
|-damage|p2a: Pelipper|78/100
|-unboost|p1b: Sneasler|def|1
|-unboost|p1b: Sneasler|spd|1
|-enditem|p1b: Sneasler|White Herb
|-clearnegativeboost|p1b: Sneasler|[silent]
|move|p1a: Lycanroc|Close Combat|p2a: Pelipper
|-resisted|p2a: Pelipper|1
|-damage|p2a: Pelipper|60/100
|-unboost|p1a: Lycanroc|def|1
|-unboost|p1a: Lycanroc|spd|1
|
|-weather|RainDance|[upkeep]
|upkeep
|turn|3
|
|t:|1783601741
|switch|p1a: Froslass|Froslass, L50, F, shiny|100/100
|switch|p2b: Swampert|Swampert, L50, F|100/100
|move|p1b: Sneasler|Gunk Shot|p2a: Pelipper|[miss]
|-miss|p1b: Sneasler|p2a: Pelipper
|move|p2a: Pelipper|Tailwind|p2a: Pelipper
|-sidestart|p2: Astano|move: Tailwind
|
|-weather|RainDance|[upkeep]
|upkeep
|turn|4
|inactive|Astano has 30 seconds left.
|
|t:|1783601771
|switch|p2a: Sableye|Sableye, L50, M|100/100
|detailschange|p2b: Swampert|Swampert-Mega, L50, F
|-mega|p2b: Swampert|Swampert|Swampertite
|detailschange|p1a: Froslass|Froslass-Mega, L50, F, shiny
|-mega|p1a: Froslass|Froslass|Froslassite
|-weather|Snowscape|[from] ability: Snow Warning|[of] p1a: Froslass
|move|p2b: Swampert|Protect|p2b: Swampert
|-singleturn|p2b: Swampert|Protect
|move|p1b: Sneasler|Close Combat|p2b: Swampert
|-activate|p2b: Swampert|move: Protect
|move|p1a: Froslass|Aurora Veil|p1a: Froslass
|-sidestart|p1: RXUXBXEXN|move: Aurora Veil
|
|-weather|Snowscape|[upkeep]
|upkeep
|turn|5
|
|t:|1783601786
|move|p2a: Sableye|Encore|p1a: Froslass
|-start|p1a: Froslass|Encore
|move|p1b: Sneasler|Gunk Shot|p2b: Swampert
|-resisted|p2b: Swampert|1
|-damage|p2b: Swampert|80/100
|move|p2b: Swampert|High Horsepower|p1b: Sneasler
|-supereffective|p1b: Sneasler|1
|-crit|p1b: Sneasler
|-damage|p1b: Sneasler|0 fnt
|faint|p1b: Sneasler
|move|p1a: Froslass|Aurora Veil||[still]
|-fail|p1a: Froslass
|
|-weather|Snowscape|[upkeep]
|upkeep
|inactive|RXUXBXEXN has 30 seconds left.
|
|t:|1783601812
|switch|p1b: Basculegion|Basculegion, L50, M|100/100
|turn|6
|
|t:|1783601829
|switch|p1a: Lycanroc|Lycanroc-Dusk, L50, M|100/100
|move|p2a: Sableye|Rain Dance|p2a: Sableye
|-weather|RainDance
|move|p2b: Swampert|Earthquake|p1b: Basculegion|[spread] p2a,p1a,p1b
|-supereffective|p1a: Lycanroc|1
|-damage|p2a: Sableye|58/100
|-enditem|p1a: Lycanroc|Focus Sash
|-damage|p1a: Lycanroc|1/100
|-damage|p1b: Basculegion|64/100
|move|p1b: Basculegion|Wave Crash|p2b: Swampert
|-damage|p2b: Swampert|3/100
|-damage|p1b: Basculegion|40/100|[from] Recoil
|-enditem|p1b: Basculegion|Sitrus Berry|[eat]
|-heal|p1b: Basculegion|64/100|[from] item: Sitrus Berry
|
|-weather|RainDance|[upkeep]
|-sideend|p2: Astano|move: Tailwind
|upkeep
|turn|7
|inactive|RXUXBXEXN has 30 seconds left.
|
|t:|1783601854
|switch|p2b: Archaludon|Archaludon, L50, F|100/100
|move|p1a: Lycanroc|Accelerock|p2b: Archaludon
|-resisted|p2b: Archaludon|1
|-damage|p2b: Archaludon|93/100
|-ability|p2b: Archaludon|Stamina|boost
|-boost|p2b: Archaludon|def|1
|move|p2a: Sableye|Encore|p1b: Basculegion
|-start|p1b: Basculegion|Encore
|move|p1b: Basculegion|Wave Crash|p2b: Archaludon
|-resisted|p2b: Archaludon|1
|-damage|p2b: Archaludon|71/100
|-ability|p2b: Archaludon|Stamina|boost
|-boost|p2b: Archaludon|def|1
|-damage|p1b: Basculegion|57/100|[from] Recoil
|
|-weather|RainDance|[upkeep]
|-heal|p2b: Archaludon|77/100|[from] item: Leftovers
|upkeep
|turn|8
|
|t:|1783601871
|move|p1a: Lycanroc|Accelerock|p2a: Sableye
|-damage|p2a: Sableye|34/100
|move|p2a: Sableye|Encore|p1a: Lycanroc
|-start|p1a: Lycanroc|Encore
|move|p1b: Basculegion|Wave Crash|p2a: Sableye
|-damage|p2a: Sableye|0 fnt
|faint|p2a: Sableye
|-damage|p1b: Basculegion|48/100|[from] Recoil
|move|p2b: Archaludon|Flash Cannon|p1b: Basculegion
|-resisted|p1b: Basculegion|1
|-damage|p1b: Basculegion|33/100
|
|-weather|RainDance|[upkeep]
|-heal|p2b: Archaludon|83/100|[from] item: Leftovers
|-sideend|p2: Astano|Reflect
|-sideend|p1: RXUXBXEXN|move: Aurora Veil
|upkeep
|
|t:|1783601879
|switch|p2a: Pelipper|Pelipper, L50, F|60/100
|turn|9
|
|t:|1783601891
|move|p2a: Pelipper|Protect|p2a: Pelipper
|-singleturn|p2a: Pelipper|Protect
|move|p1a: Lycanroc|Accelerock|p2a: Pelipper
|-activate|p2a: Pelipper|move: Protect
|move|p1b: Basculegion|Wave Crash|p2a: Pelipper
|-activate|p2a: Pelipper|move: Protect
|move|p2b: Archaludon|Flash Cannon|p1a: Lycanroc
|-supereffective|p1a: Lycanroc|1
|-damage|p1a: Lycanroc|0 fnt
|faint|p1a: Lycanroc
|
|-weather|RainDance|[upkeep]
|-heal|p2b: Archaludon|89/100|[from] item: Leftovers
|-end|p1b: Basculegion|Encore
|upkeep
|
|t:|1783601895
|switch|p1a: Froslass|Froslass-Mega, L50, F, shiny|100/100
|-weather|Snowscape|[from] ability: Snow Warning|[of] p1a: Froslass
|turn|10
|
|t:|1783601915
|switch|p2a: Swampert|Swampert-Mega, L50, F|3/100
|move|p1a: Froslass|Blizzard|p2b: Archaludon|[spread] p2a,p2b
|-damage|p2a: Swampert|0 fnt
|-damage|p2b: Archaludon|37/100
|-ability|p2b: Archaludon|Stamina|boost
|-boost|p2b: Archaludon|def|1
|faint|p2a: Swampert
|move|p1b: Basculegion|Last Respects|p2b: Archaludon
|-damage|p2b: Archaludon|9/100
|-ability|p2b: Archaludon|Stamina|boost
|-boost|p2b: Archaludon|def|1
|move|p2b: Archaludon|Dragon Pulse|p1b: Basculegion
|-damage|p1b: Basculegion|0 fnt
|faint|p1b: Basculegion
|
|-weather|Snowscape|[upkeep]
|-heal|p2b: Archaludon|15/100|[from] item: Leftovers
|upkeep
|
|t:|1783601918
|switch|p2a: Pelipper|Pelipper, L50, F|60/100
|-weather|RainDance|[from] ability: Drizzle|[of] p2a: Pelipper
|turn|11
|
|t:|1783601932
|move|p2b: Archaludon|Protect|p2b: Archaludon
|-singleturn|p2b: Archaludon|Protect
|move|p1a: Froslass|Shadow Ball|p2b: Archaludon
|-activate|p2b: Archaludon|move: Protect
|move|p2a: Pelipper|Tailwind|p2a: Pelipper
|-sidestart|p2: Astano|move: Tailwind
|
|-weather|RainDance|[upkeep]
|-heal|p2b: Archaludon|21/100|[from] item: Leftovers
|upkeep
|turn|12
|
|t:|1783601942
|move|p2b: Archaludon|Flash Cannon|p1a: Froslass
|-supereffective|p1a: Froslass|1
|-damage|p1a: Froslass|7/100
|move|p2a: Pelipper|Weather Ball|p1a: Froslass
|-crit|p1a: Froslass
|-damage|p1a: Froslass|0 fnt
|faint|p1a: Froslass
|
|win|Astano
