|j|☆LLzero
|j|☆Richiskz
|html|LLzeroRichiskz    
|uhtml|bestof|Game 1 of a best-of-3
|t:|1757700194
|gametype|doubles
|player|p1|LLzero|bruno|1018
|player|p2|Richiskz|101|1039
|gen|9
|tier|[Gen 9] VGC 2025 Reg H (Bo3)
|rated|
|rule|Species Clause: Limit one of each Pokémon
|rule|Item Clause: Limit 1 of each item
|clearpoke
|poke|p1|Ceruledge, L50, F|
|poke|p1|Slowbro-Galar, L50, F|
|poke|p1|Cinccino, L50, F|
|poke|p1|Mienshao, L50, M|
|poke|p1|Samurott-Hisui, L50, F|
|poke|p1|Clefairy, L50, M|
|poke|p2|Dragonite, L50, M|
|poke|p2|Amoonguss, L50, M|
|poke|p2|Kingambit, L50, F|
|poke|p2|Incineroar, L50, M|
|poke|p2|Ninetales-Alola, L50, F|
|poke|p2|Garchomp, L50, F|
|teampreview|4
|showteam|p1|Ceruledge||AssaultVest|WeakArmor|BitterBlade,PoisonJab,ShadowClaw,ShadowSneak|||F|||50|,,,,,Fire]Slowbro-Galar||QuickClaw|QuickDraw|DrainPunch,Psychic,ShellSideArm,Protect|||F|||50|,,,,,Poison]Cinccino||KingsRock|SkillLink|BulletSeed,RockBlast,TailSlap,Protect|||F|||50|,,,,,Ghost]Mienshao||FocusSash|Regenerator|FakeOut,Uturn,IceSpinner,CloseCombat|||M|||50|,,,,,Fighting]Samurott-Hisui||ClearAmulet|Sharpness|AquaCutter,AquaJet,CeaselessEdge,Protect|||F|||50|,,,,,Ghost]Clefairy||Eviolite|FriendGuard|FollowMe,DrainingKiss,LifeDew,Protect|||M|||50|,,,,,Fairy
|showteam|p2|Dragonite||LumBerry|Multiscale|TeraBlast,ExtremeSpeed,LowKick,Protect|||M|||50|,,,,,Flying]Amoonguss||SitrusBerry|Regenerator|Spore,RagePowder,PollenPuff,ClearSmog|||M|||50|,,,,,Water]Kingambit||AssaultVest|Defiant|KowtowCleave,IronHead,SuckerPunch,LowKick|||F|||50|,,,,,Water]Incineroar||SafetyGoggles|Intimidate|FlareBlitz,KnockOff,PartingShot,FakeOut|||M|||50|,,,,,Ghost]Ninetales-Alola||ChoiceSpecs|SnowWarning|Blizzard,FreezeDry,Moonblast,MistyTerrain|||F|||50|,,,,,Ghost]Garchomp||LifeOrb|RoughSkin|Earthquake,DragonClaw,StompingTantrum,Protect|||F|||50|,,,,,Steel
|
|t:|1757700230
|teamsize|p1|4
|teamsize|p2|4
|start
|switch|p1a: Ceruledge|Ceruledge, L50, F|100/100
|switch|p1b: Mienshao|Mienshao, L50, M|100/100
|switch|p2a: Incineroar|Incineroar, L50, M|100/100
|switch|p2b: Kingambit|Kingambit, L50, F|100/100
|-ability|p2a: Incineroar|Intimidate|boost
|-unboost|p1a: Ceruledge|atk|1
|-unboost|p1b: Mienshao|atk|1
|turn|1
|
|t:|1757700250
|-terastallize|p2b: Kingambit|Water
|move|p1b: Mienshao|Fake Out|p2a: Incineroar
|-damage|p2a: Incineroar|94/100
|cant|p2a: Incineroar|flinch
|move|p1a: Ceruledge|Bitter Blade|p2b: Kingambit
|-resisted|p2b: Kingambit
|-damage|p2b: Kingambit|90/100
|move|p2b: Kingambit|Kowtow Cleave|p1a: Ceruledge
|-supereffective|p1a: Ceruledge
|-damage|p1a: Ceruledge|0 fnt
|faint|p1a: Ceruledge
|
|upkeep
|
|t:|1757700261
|switch|p1a: Cinccino|Cinccino, L50, F|100/100
|turn|2
|
|t:|1757700289
|switch|p2a: Amoonguss|Amoonguss, L50, M|100/100
|move|p1a: Cinccino|Bullet Seed|p2b: Kingambit
|-supereffective|p2b: Kingambit
|-damage|p2b: Kingambit|79/100
|-supereffective|p2b: Kingambit
|-damage|p2b: Kingambit|68/100
|-supereffective|p2b: Kingambit
|-damage|p2b: Kingambit|56/100
|-supereffective|p2b: Kingambit
|-damage|p2b: Kingambit|44/100
|-supereffective|p2b: Kingambit
|-damage|p2b: Kingambit|34/100
|-hitcount|p2b: Kingambit|5
|move|p1b: Mienshao|U-turn|p2a: Amoonguss
|-damage|p2a: Amoonguss|82/100
|
|t:|1757700319
|switch|p1b: Slowbro|Slowbro-Galar, L50, F|100/100|[from] U-turn
|move|p2b: Kingambit|Low Kick|p1a: Cinccino
|-supereffective|p1a: Cinccino
|-damage|p1a: Cinccino|75/100
|
|upkeep
|turn|3
|-activate|p1b: Slowbro|item: Quick Claw
|
|t:|1757700338
|switch|p2b: Incineroar|Incineroar, L50, M|94/100
|-ability|p2b: Incineroar|Intimidate|boost
|-unboost|p1a: Cinccino|atk|1
|-unboost|p1b: Slowbro|atk|1
|move|p1b: Slowbro|Psychic|p2a: Amoonguss
|-supereffective|p2a: Amoonguss
|-damage|p2a: Amoonguss|34/100
|-unboost|p2a: Amoonguss|spd|1
|-enditem|p2a: Amoonguss|Sitrus Berry|[eat]
|-heal|p2a: Amoonguss|58/100|[from] item: Sitrus Berry
|move|p1a: Cinccino|Bullet Seed|p2b: Incineroar
|-resisted|p2b: Incineroar
|-damage|p2b: Incineroar|92/100
|-resisted|p2b: Incineroar
|-damage|p2b: Incineroar|90/100
|-resisted|p2b: Incineroar
|-damage|p2b: Incineroar|88/100
|-resisted|p2b: Incineroar
|-crit|p2b: Incineroar
|-damage|p2b: Incineroar|83/100
|-resisted|p2b: Incineroar
|-damage|p2b: Incineroar|81/100
|-hitcount|p2b: Incineroar|5
|move|p2a: Amoonguss|Spore|p1b: Slowbro
|-status|p1b: Slowbro|slp|[from] move: Spore
|
|upkeep
|turn|4
|
|t:|1757700367
|move|p1a: Cinccino|Rock Blast|p2b: Incineroar
|-supereffective|p2b: Incineroar
|-damage|p2b: Incineroar|73/100
|-supereffective|p2b: Incineroar
|-damage|p2b: Incineroar|65/100
|-supereffective|p2b: Incineroar
|-damage|p2b: Incineroar|58/100
|-supereffective|p2b: Incineroar
|-damage|p2b: Incineroar|50/100
|-supereffective|p2b: Incineroar
|-damage|p2b: Incineroar|43/100
|-hitcount|p2b: Incineroar|5
|move|p2b: Incineroar|Knock Off|p1b: Slowbro
|-supereffective|p1b: Slowbro
|-damage|p1b: Slowbro|31/100 slp
|-enditem|p1b: Slowbro|Quick Claw|[from] move: Knock Off|[of] p2b: Incineroar
|move|p2a: Amoonguss|Spore|p1a: Cinccino
|-status|p1a: Cinccino|slp|[from] move: Spore
|cant|p1b: Slowbro|slp
|
|upkeep
|turn|5
|
|t:|1757700387
|cant|p1a: Cinccino|slp
|move|p2b: Incineroar|Knock Off|p1b: Slowbro
|-supereffective|p1b: Slowbro
|-damage|p1b: Slowbro|0 fnt
|faint|p1b: Slowbro
|move|p2a: Amoonguss|Pollen Puff|p2b: Incineroar
|-heal|p2b: Incineroar|93/100
|
|upkeep
|
|t:|1757700389
|switch|p1b: Mienshao|Mienshao, L50, M|100/100
|turn|6
|
|t:|1757700404
|move|p2a: Amoonguss|Rage Powder|p2a: Amoonguss
|-singleturn|p2a: Amoonguss|move: Rage Powder
|-curestatus|p1a: Cinccino|slp|[msg]
|move|p1a: Cinccino|Tail Slap|p2a: Amoonguss
|-damage|p2a: Amoonguss|50/100
|-damage|p2a: Amoonguss|42/100
|-damage|p2a: Amoonguss|35/100
|-damage|p2a: Amoonguss|28/100
|-damage|p2a: Amoonguss|20/100
|-hitcount|p2a: Amoonguss|5
|move|p1b: Mienshao|Ice Spinner|p2a: Amoonguss
|-supereffective|p2a: Amoonguss
|-damage|p2a: Amoonguss|0 fnt
|faint|p2a: Amoonguss
|move|p2b: Incineroar|Parting Shot|p1b: Mienshao
|-unboost|p1b: Mienshao|atk|1
|-unboost|p1b: Mienshao|spa|1
|
|t:|1757700420
|switch|p2b: Kingambit|Kingambit, L50, F, tera:Water|34/100|[from] Parting Shot
|
|upkeep
|
|t:|1757700423
|switch|p2a: Incineroar|Incineroar, L50, M|93/100
|-ability|p2a: Incineroar|Intimidate|boost
|-unboost|p1a: Cinccino|atk|1
|-unboost|p1b: Mienshao|atk|1
|turn|7
|
|t:|1757700440
|move|p1b: Mienshao|Fake Out||[still]
|-hint|Fake Out only works on your first turn out.
|-fail|p1b: Mienshao
|move|p2a: Incineroar|Fake Out|p1a: Cinccino
|-damage|p1a: Cinccino|57/100
|cant|p1a: Cinccino|flinch
|move|p2b: Kingambit|Kowtow Cleave|p1a: Cinccino
|-damage|p1a: Cinccino|0 fnt
|faint|p1a: Cinccino
|
|upkeep
|turn|8
|
|t:|1757700457
|move|p2b: Kingambit|Sucker Punch|p1b: Mienshao
|-resisted|p1b: Mienshao
|-damage|p1b: Mienshao|68/100
|move|p1b: Mienshao|Close Combat|p2a: Incineroar
|-supereffective|p2a: Incineroar
|-damage|p2a: Incineroar|44/100
|-unboost|p1b: Mienshao|def|1
|-unboost|p1b: Mienshao|spd|1
|move|p2a: Incineroar|Flare Blitz|p1b: Mienshao
|-damage|p1b: Mienshao|0 fnt
|faint|p1b: Mienshao
|-damage|p2a: Incineroar|29/100|[from] Recoil
|
|win|Richiskz
|l|☆LLzero
|player|p1|
||LLzero is ready for game 2.
||Richiskz is ready for game 2.
|uhtml|next|Next: Game 2 of 3
|l|☆Richiskz
|player|p2|
