|j|☆Werma985
|j|☆Gabeeel
|html|Werma985Gabeeel    
|uhtml|bestof|Game 2 of a best-of-3
|t:|1784982290
|gametype|doubles
|player|p1|Werma985|volkner|
|player|p2|Gabeeel|iris|
|gen|9
|tier|[Gen 9 Champions] VGC 2026 Reg M-B (Bo3)
|rule|Species Clause: Limit one of each Pokémon
|rule|Item Clause: Limit 1 of each item
|clearpoke
|poke|p1|Malamar, L50, M|
|poke|p1|Basculegion-F, L50, F|
|poke|p1|Excadrill, L50, M|
|poke|p1|Tyranitar, L50, F|
|poke|p1|Rotom-Heat, L50|
|poke|p1|Serperior, L50, M, shiny|
|poke|p2|Scrafty, L50, M, shiny|
|poke|p2|Glimmora, L50, F|
|poke|p2|Talonflame, L50, F|
|poke|p2|Primarina, L50, M|
|poke|p2|Mamoswine, L50, M|
|poke|p2|Metagross, L50|
|teampreview|4
|showteam|p1|Malamar||Malamarite|Contrary|Superpower,KnockOff,PoisonJab,Protect|Careful||M|||50|]Basculegion-F||LifeOrb|Adaptability|MuddyWater,ShadowBall,IcyWind,Protect|Modest||F|||50|]Excadrill||FocusSash|SandRush|Earthquake,IronHead,HighHorsepower,Protect|Adamant||M|||50|]Tyranitar||Tyranitarite|SandStream|RockSlide,KnockOff,DragonDance,Protect|Jolly||F|||50|]Rotom-Heat||ChoiceScarf|Levitate|Thunderbolt,VoltSwitch,Electroweb,Overheat|Modest|||||50|]Serperior||LightClay|Contrary|LeafStorm,Glare,Reflect,LightScreen|Timid||M|||50|
|showteam|p2|Scrafty||Scraftinite|Intimidate|FakeOut,DrainPunch,KnockOff,HelpingHand|Adamant||M|||50|]Glimmora||Glimmoranite|ToxicDebris|SludgeBomb,PowerGem,EarthPower,SpikyShield|Modest||F|||50|]Talonflame||ExpertBelt|GaleWings|BraveBird,FlareBlitz,Tailwind,Protect|Jolly||F|||50|]Primarina||Leftovers|LiquidVoice|HyperVoice,Moonblast,CalmMind,Protect|Modest||M|||50|]Mamoswine||FocusSash|Oblivious|Earthquake,HighHorsepower,IceShard,Protect|Adamant||M|||50|]Metagross||ColburBerry|ClearBody|PsychicFangs,IronHead,BulletPunch,Protect|Adamant|||||50|
|inactive|Battle timer is ON: inactive players will automatically lose when time's up. (requested by Werma985)
|inactive|Werma985 has 60 seconds left.
|inactive|Gabeeel has 60 seconds left.
|inactive|Gabeeel has 30 seconds left.
|
|t:|1784982353
|teamsize|p1|4
|teamsize|p2|4
|start
|switch|p1a: Rotom|Rotom-Heat, L50|100/100
|switch|p1b: Basculegion|Basculegion-F, L50, F|100/100
|switch|p2a: Matuê|Glimmora, L50, F|100/100
|switch|p2b: Aviões do Forró|Talonflame, L50, F|100/100
|turn|1
|inactive|Werma985 has 30 seconds left.
|inactive|Gabeeel has 30 seconds left.
|inactive|Gabeeel has 20 seconds left.
|inactive|Gabeeel has 15 seconds left.
|inactive|Gabeeel has 10 seconds left.
|inactive|Gabeeel has 5 seconds left.
|
|t:|1784982403
|switch|p1a: Malamar|Malamar, L50, M|100/100
|move|p2b: Aviões do Forró|Tailwind|p2b: Aviões do Forró
|-sidestart|p2: Gabeeel|move: Tailwind
|move|p2a: Matuê|Power Gem|p1a: Malamar
|-damage|p1a: Malamar|59/100
|move|p1b: Basculegion|Muddy Water|p2a: Matuê|[spread] p2a,p2b
|-supereffective|p2a: Matuê|1
|-supereffective|p2b: Aviões do Forró|1
|-damage|p2a: Matuê|0 fnt
|-damage|p2b: Aviões do Forró|0 fnt
|faint|p2a: Matuê
|faint|p2b: Aviões do Forró
|-damage|p1b: Basculegion|90/100|[from] item: Life Orb
|
|upkeep
|
|t:|1784982408
|switch|p2b: Puterrier|Scrafty, L50, M, shiny|100/100
|switch|p2a: Pabllo Vittar|Primarina, L50, M|100/100
|-ability|p2b: Puterrier|Intimidate|boost
|-boost|p1a: Malamar|atk|1
|-unboost|p1b: Basculegion|atk|1
|turn|2
|
|t:|1784982422
|detailschange|p1a: Malamar|Malamar-Mega, L50, M
|-mega|p1a: Malamar|Malamar|Malamarite
|move|p1b: Basculegion|Protect|p1b: Basculegion
|-singleturn|p1b: Basculegion|Protect
|move|p1a: Malamar|Protect|p1a: Malamar
|-singleturn|p1a: Malamar|Protect
|move|p2b: Puterrier|Knock Off|p1b: Basculegion
|-activate|p1b: Basculegion|move: Protect
|move|p2a: Pabllo Vittar|Calm Mind|p2a: Pabllo Vittar
|-boost|p2a: Pabllo Vittar|spa|1
|-boost|p2a: Pabllo Vittar|spd|1
|
|upkeep
|turn|3
|
|t:|1784982437
|switch|p1b: Serperior|Serperior, L50, M, shiny|100/100
|switch|p1a: Rotom|Rotom-Heat, L50|100/100
|move|p2b: Puterrier|Knock Off|p1b: Serperior
|-damage|p1b: Serperior|61/100
|-enditem|p1b: Serperior|Light Clay|[from] move: Knock Off|[of] p2b: Puterrier
|move|p2a: Pabllo Vittar|Moonblast|p1a: Rotom
|-resisted|p1a: Rotom|1
|-damage|p1a: Rotom|48/100
|
|upkeep
|turn|4
|inactive|Werma985 has 30 seconds left.
|inactive|Gabeeel has 30 seconds left.
|inactive|Gabeeel has 20 seconds left.
|
|t:|1784982474
|detailschange|p2b: Puterrier|Scrafty-Mega, L50, M, shiny
|-mega|p2b: Puterrier|Scrafty|Scraftinite
|-ability|p2b: Puterrier|Intimidate|boost
|-unboost|p1a: Rotom|atk|1
|-boost|p1b: Serperior|atk|1
|move|p1a: Rotom|Thunderbolt|p2a: Pabllo Vittar
|-supereffective|p2a: Pabllo Vittar|1
|-damage|p2a: Pabllo Vittar|44/100
|move|p2b: Puterrier|Knock Off|p1a: Rotom
|-damage|p1a: Rotom|0 fnt
|-enditem|p1a: Rotom|Choice Scarf|[from] move: Knock Off|[of] p2b: Puterrier
|faint|p1a: Rotom
|move|p2a: Pabllo Vittar|Moonblast|p1b: Serperior
|-damage|p1b: Serperior|0 fnt
|faint|p1b: Serperior
|
|-heal|p2a: Pabllo Vittar|50/100g|[from] item: Leftovers
|-sideend|p2: Gabeeel|move: Tailwind
|upkeep
|
|t:|1784982482
|switch|p1b: Basculegion|Basculegion-F, L50, F|90/100
|switch|p1a: Malamar|Malamar-Mega, L50, M|59/100
|turn|5
|inactive|Gabeeel has 30 seconds left.
|inactive|Gabeeel has 20 seconds left.
|inactive|Gabeeel has 15 seconds left.
|inactive|Gabeeel has 10 seconds left.
|inactive|Gabeeel has 5 seconds left.
|
|t:|1784982534
|move|p2a: Pabllo Vittar|Protect|p2a: Pabllo Vittar
|-singleturn|p2a: Pabllo Vittar|Protect
|move|p1b: Basculegion|Shadow Ball|p2a: Pabllo Vittar
|-activate|p2a: Pabllo Vittar|move: Protect
|move|p1a: Malamar|Poison Jab|p2a: Pabllo Vittar
|-activate|p2a: Pabllo Vittar|move: Protect
|move|p2b: Puterrier|Drain Punch|p1a: Malamar
|-damage|p1a: Malamar|20/100y
|
|-heal|p2a: Pabllo Vittar|56/100|[from] item: Leftovers
|upkeep
|turn|6
|inactive|Gabeeel has 30 seconds left.
|
|t:|1784982561
|move|p1b: Basculegion|Shadow Ball|p2a: Pabllo Vittar
|-damage|p2a: Pabllo Vittar|18/100
|-damage|p1b: Basculegion|80/100|[from] item: Life Orb
|move|p1a: Malamar|Poison Jab|p2a: Pabllo Vittar
|-supereffective|p2a: Pabllo Vittar|1
|-damage|p2a: Pabllo Vittar|0 fnt
|faint|p2a: Pabllo Vittar
|move|p2b: Puterrier|Drain Punch|p1a: Malamar
|-damage|p1a: Malamar|0 fnt
|faint|p1a: Malamar
|
|upkeep
|turn|7
|
|t:|1784982569
|move|p1b: Basculegion|Muddy Water|p2b: Puterrier
|-damage|p2b: Puterrier|36/100
|-unboost|p2b: Puterrier|accuracy|1
|-damage|p1b: Basculegion|71/100|[from] item: Life Orb
|move|p2b: Puterrier|Knock Off|p1b: Basculegion|[miss]
|-miss|p2b: Puterrier|p1b: Basculegion
|
|upkeep
|turn|8
|c|☆Gabeeel|ok
|
|t:|1784982578
|move|p1b: Basculegion|Muddy Water|p2b: Puterrier
|-damage|p2b: Puterrier|0 fnt
|faint|p2b: Puterrier
|-damage|p1b: Basculegion|61/100|[from] item: Life Orb
|
|win|Werma985
|c|☆Gabeeel|gg
|c|☆Werma985|gg
|c|☆Gabeeel|wp despite that
|c|☆Werma985|Yeah unfort
|l|☆Werma985
|player|p1|
