|j|☆Professor_J93
|j|☆is_katabo
|html|Professor_J93is_katabo    
|uhtml|bestof|Game 2 of a best-of-3
|t:|1785863298
|gametype|doubles
|player|p1|Professor_J93|n|1283
|player|p2|is_katabo|youngster-gen4dp|1205
|gen|9
|tier|[Gen 9 Champions] VGC 2026 Reg M-B (Bo3)
|rated|
|rule|Species Clause: Limit one of each Pokémon
|rule|Item Clause: Limit 1 of each item
|clearpoke
|poke|p1|Raichu, L50, F, shiny|
|poke|p1|Vivillon-Ocean, L50, M, shiny|
|poke|p1|Primarina, L50, F|
|poke|p1|Farigiraf, L50, F, shiny|
|poke|p1|Lopunny, L50, F|
|poke|p1|Kingambit, L50, M|
|poke|p2|Charizard, L50, F|
|poke|p2|Floette-Eternal, L50, F|
|poke|p2|Whimsicott, L50, F|
|poke|p2|Garchomp, L50, F|
|poke|p2|Basculegion, L50, M|
|poke|p2|Kingambit, L50, M|
|teampreview|4
|showteam|p1|Raichu||RaichuniteY|LightningRod|ZapCannon,FocusBlast,FakeOut,Protect|Modest||F|||50|]Vivillon-Ocean||FocusSash|CompoundEyes|Hurricane,Tailwind,SleepPowder,Protect|Timid||M|||50|]Primarina||Leftovers|LiquidVoice|HyperVoice,Moonblast,CalmMind,Protect|Modest||F|||50|]Farigiraf||SitrusBerry|ArmorTail|Psyshock,Roar,TrickRoom,HelpingHand|Relaxed||F|||50|]Lopunny||Lopunnite|Limber|CloseCombat,TripleAxel,FakeOut,Protect|Jolly||F|||50|]Kingambit||LifeOrb|Defiant|KowtowCleave,SuckerPunch,IronHead,Protect|Adamant||M|||50|
|showteam|p2|Charizard||CharizarditeY|Blaze|WeatherBall,HeatWave,SolarBeam,Protect|Modest||F|||50|]Floette-Eternal||Floettite|FlowerVeil|Moonblast,DazzlingGleam,LightofRuin,Protect|Timid||F|||50|]Whimsicott||FocusSash|Prankster|Moonblast,Tailwind,Encore,Protect|Timid||F|||50|]Garchomp||RoseliBerry|RoughSkin|DragonClaw,Earthquake,RockSlide,Protect|Adamant||F|||50|]Basculegion||MysticWater|Adaptability|WaveCrash,LastRespects,AquaJet,Protect|Adamant||M|||50|]Kingambit||OccaBerry|Defiant|KowtowCleave,SuckerPunch,IronHead,Protect|Adamant||M|||50|
|
|t:|1785863332
|teamsize|p1|4
|teamsize|p2|4
|start
|switch|p1a: Lopunny|Lopunny, L50, F|100/100
|switch|p1b: Maui|Vivillon-Ocean, L50, M, shiny|100/100
|switch|p2a: Floette|Floette-Eternal, L50, F|100/100
|switch|p2b: Basculegion|Basculegion, L50, M|100/100
|turn|1
|
|t:|1785863348
|detailschange|p1a: Lopunny|Lopunny-Mega, L50, F
|-mega|p1a: Lopunny|Lopunny|Lopunnite
|detailschange|p2a: Floette|Floette-Mega, L50, F
|-mega|p2a: Floette|Floette|Floettite
|-ability|p2a: Floette|Fairy Aura
|move|p1a: Lopunny|Fake Out|p2b: Basculegion
|-damage|p2b: Basculegion|75/100
|cant|p2b: Basculegion|flinch
|move|p2a: Floette|Dazzling Gleam|p1a: Lopunny|[spread] p1a,p1b
|-supereffective|p1a: Lopunny|1
|-damage|p1a: Lopunny|0 fnt
|-damage|p1b: Maui|10/100
|faint|p1a: Lopunny
|move|p1b: Maui|Tailwind|p1b: Maui
|-sidestart|p1: Professor_J93|move: Tailwind
|
|upkeep
|
|t:|1785863359
|switch|p1a: Fraud Watch|Primarina, L50, F|100/100
|turn|2
|
|t:|1785863370
|move|p1b: Maui|Protect|p1b: Maui
|-singleturn|p1b: Maui|Protect
|move|p2a: Floette|Protect|p2a: Floette
|-singleturn|p2a: Floette|Protect
|move|p2b: Basculegion|Protect|p2b: Basculegion
|-singleturn|p2b: Basculegion|Protect
|move|p1a: Fraud Watch|Moonblast|p2b: Basculegion
|-activate|p2b: Basculegion|move: Protect
|
|upkeep
|turn|3
|
|t:|1785863379
|switch|p1a: Farigiraf|Farigiraf, L50, F, shiny|100/100
|move|p2b: Basculegion|Aqua Jet||[still]
|cant|p1a: Farigiraf|ability: Armor Tail|Aqua Jet|[of] p2b: Basculegion
|move|p1b: Maui|Sleep Powder|p2a: Floette
|-status|p2a: Floette|slp|[from] move: Sleep Powder
|cant|p2a: Floette|slp
|
|upkeep
|turn|4
|
|t:|1785863388
|move|p1b: Maui|Sleep Powder|p2b: Basculegion
|-status|p2b: Basculegion|slp|[from] move: Sleep Powder
|-curestatus|p2a: Floette|slp|[msg]
|move|p2a: Floette|Dazzling Gleam|p1b: Maui|[spread] p1a,p1b
|-crit|p1a: Farigiraf
|-damage|p1a: Farigiraf|35/100
|-damage|p1b: Maui|0 fnt
|-enditem|p1a: Farigiraf|Sitrus Berry|[eat]
|-heal|p1a: Farigiraf|60/100|[from] item: Sitrus Berry
|faint|p1b: Maui
|cant|p2b: Basculegion|slp
|move|p1a: Farigiraf|Trick Room|p1a: Farigiraf
|-fieldstart|move: Trick Room|[of] p1a: Farigiraf
|
|-sideend|p1: Professor_J93|move: Tailwind
|upkeep
|
|t:|1785863390
|switch|p1b: Fraud Watch|Primarina, L50, F|100/100
|turn|5
|
|t:|1785863411
|move|p1a: Farigiraf|Psyshock|p2a: Floette
|-damage|p2a: Floette|57/100
|move|p1b: Fraud Watch|Moonblast|p2b: Basculegion
|-damage|p2b: Basculegion|2/100 slp
|cant|p2b: Basculegion|slp
|move|p2a: Floette|Moonblast|p1b: Fraud Watch
|-damage|p1b: Fraud Watch|40/100
|
|-heal|p1b: Fraud Watch|46/100|[from] item: Leftovers
|upkeep
|turn|6
|
|t:|1785863425
|-curestatus|p2b: Basculegion|slp|[msg]
|move|p2b: Basculegion|Protect|p2b: Basculegion
|-singleturn|p2b: Basculegion|Protect
|move|p2a: Floette|Protect|p2a: Floette
|-singleturn|p2a: Floette|Protect
|move|p1a: Farigiraf|Psyshock|p2b: Basculegion
|-activate|p2b: Basculegion|move: Protect
|move|p1b: Fraud Watch|Calm Mind|p1b: Fraud Watch
|-boost|p1b: Fraud Watch|spa|1
|-boost|p1b: Fraud Watch|spd|1
|
|-heal|p1b: Fraud Watch|52/100|[from] item: Leftovers
|upkeep
|turn|7
|
|t:|1785863437
|move|p1a: Farigiraf|Psyshock|p2b: Basculegion
|-damage|p2b: Basculegion|0 fnt
|faint|p2b: Basculegion
|move|p1b: Fraud Watch|Moonblast|p2a: Floette
|-damage|p2a: Floette|0 fnt
|faint|p2a: Floette
|
|-heal|p1b: Fraud Watch|58/100|[from] item: Leftovers
|upkeep
|
|t:|1785863442
|switch|p2b: Garchomp|Garchomp, L50, F|100/100
|switch|p2a: Kingambit|Kingambit, L50, M|100/100
|turn|8
|
|t:|1785863451
|move|p1a: Farigiraf|Helping Hand|p1b: Fraud Watch
|-singleturn|p1b: Fraud Watch|Helping Hand|[of] p1a: Farigiraf
|move|p2b: Garchomp|Protect|p2b: Garchomp
|-singleturn|p2b: Garchomp|Protect
|move|p2a: Kingambit|Kowtow Cleave|p1a: Farigiraf
|-supereffective|p1a: Farigiraf|1
|-damage|p1a: Farigiraf|0 fnt
|faint|p1a: Farigiraf
|move|p1b: Fraud Watch|Moonblast|p2a: Kingambit
|-damage|p2a: Kingambit|6/100
|
|-heal|p1b: Fraud Watch|64/100|[from] item: Leftovers
|-fieldend|move: Trick Room
|upkeep
|turn|9
|
|t:|1785863465
|move|p1b: Fraud Watch|Protect|p1b: Fraud Watch
|-singleturn|p1b: Fraud Watch|Protect
|move|p2b: Garchomp|Rock Slide|p1b: Fraud Watch
|-activate|p1b: Fraud Watch|move: Protect
|move|p2a: Kingambit|Iron Head|p1b: Fraud Watch
|-activate|p1b: Fraud Watch|move: Protect
|
|-heal|p1b: Fraud Watch|70/100|[from] item: Leftovers
|upkeep
|turn|10
|
|t:|1785863470
|move|p2b: Garchomp|Rock Slide|p1b: Fraud Watch
|-damage|p1b: Fraud Watch|40/100
|cant|p1b: Fraud Watch|flinch
|move|p2a: Kingambit|Iron Head|p1b: Fraud Watch
|-damage|p1b: Fraud Watch|0 fnt
|faint|p1b: Fraud Watch
|
|win|is_katabo
|raw|Professor_J93's rating: 1283 → 1252(-31 for losing)
|raw|is_katabo's rating: 1205 → 1236(+31 for winning)
|l|☆Professor_J93
|player|p1|
