|j|☆mariocansado
|j|☆TheMarrsterVGC
|html|mariocansadoTheMarrsterVGC    
|uhtml|bestof|Game 3 of a best-of-3
|t:|1756729282
|gametype|doubles
|player|p1|mariocansado|arven-s|1233
|player|p2|TheMarrsterVGC|266|1211
|gen|9
|tier|[Gen 9] VGC 2025 Reg H (Bo3)
|rated|
|rule|Species Clause: Limit one of each Pokémon
|rule|Item Clause: Limit 1 of each item
|clearpoke
|poke|p1|Rillaboom, L50, F|
|poke|p1|Dragapult, L50, M|
|poke|p1|Electabuzz, L50, F|
|poke|p1|Volcarona, L50, F|
|poke|p1|Whimsicott, L50, M|
|poke|p1|Arcanine-Hisui, L50, M|
|poke|p2|Gholdengo, L50|
|poke|p2|Amoonguss, L50, M|
|poke|p2|Basculegion, L50, M|
|poke|p2|Pelipper, L50, M|
|poke|p2|Incineroar, L50, M|
|poke|p2|Archaludon, L50, M|
|teampreview|4
|showteam|p1|Rillaboom||AssaultVest|GrassySurge|FakeOut,WoodHammer,Uturn,GrassyGlide|||F|||50|,,,,,Fire]Dragapult||ChoiceBand|ClearBody|DragonDarts,Outrage,PhantomForce,Uturn|||M|||50|,,,,,Dragon]Electabuzz||Eviolite|VitalSpirit|Thunderbolt,Taunt,FollowMe,Protect|||F|||50|,,,,,Ghost]Volcarona||Leftovers|FlameBody|HeatWave,QuiverDance,Protect,GigaDrain|||F|||50|,,,,,Grass]Whimsicott||CovertCloak|Prankster|SunnyDay,Moonblast,Encore,Tailwind|||M|||50|,,,,,Dark]Arcanine-Hisui||SafetyGoggles|Intimidate|RockSlide,FlareBlitz,ExtremeSpeed,Protect|||M|||50|,,,,,Fairy
|showteam|p2|Gholdengo||LifeOrb|GoodasGold|MakeItRain,ShadowBall,NastyPlot,Protect||||||50|,,,,,Water]Amoonguss||SitrusBerry|Regenerator|Spore,RagePowder,PollenPuff,Protect|||M|||50|,,,,,Psychic]Basculegion||ChoiceBand|SwiftSwim|WaveCrash,FlipTurn,LastRespects,AquaJet|||M|||50|,,,,,Water]Pelipper||FocusSash|Drizzle|WeatherBall,Hurricane,Tailwind,Protect|||M|||50|,,,,,Ground]Incineroar||SafetyGoggles|Intimidate|FlareBlitz,KnockOff,PartingShot,FakeOut|||M|||50|,,,,,Ghost]Archaludon||AssaultVest|Stamina|ElectroShot,FlashCannon,DracoMeteor,BodyPress|||M|||50|,,,,,Bug
|inactive|Battle timer is ON: inactive players will automatically lose when time's up. (requested by mariocansado)
|
|t:|1756729304
|teamsize|p1|4
|teamsize|p2|4
|start
|switch|p1a: Whimsicott|Whimsicott, L50, M|100/100
|switch|p1b: Volcarona|Volcarona, L50, F|100/100
|switch|p2a: Gholdengo|Gholdengo, L50|100/100
|switch|p2b: Amoonguss|Amoonguss, L50, M|100/100
|turn|1
|inactive|TheMarrsterVGC has 30 seconds left.
|inactive|TheMarrsterVGC has 20 seconds left.
|inactive|TheMarrsterVGC has 15 seconds left.
|
|t:|1756729346
|-terastallize|p2a: Gholdengo|Water
|-terastallize|p1b: Volcarona|Grass
|move|p2b: Amoonguss|Protect|p2b: Amoonguss
|-singleturn|p2b: Amoonguss|Protect
|move|p1a: Whimsicott|Sunny Day|p1a: Whimsicott
|-weather|SunnyDay
|move|p2a: Gholdengo|Make It Rain|p1b: Volcarona|[spread] p1a,p1b
|-supereffective|p1a: Whimsicott
|-damage|p1a: Whimsicott|0 fnt
|-damage|p1b: Volcarona|53/100
|-unboost|p2a: Gholdengo|spa|1
|faint|p1a: Whimsicott
|-damage|p2a: Gholdengo|91/100|[from] item: Life Orb
|move|p1b: Volcarona|Quiver Dance|p1b: Volcarona
|-boost|p1b: Volcarona|spa|1
|-boost|p1b: Volcarona|spd|1
|-boost|p1b: Volcarona|spe|1
|
|-weather|SunnyDay|[upkeep]
|-heal|p1b: Volcarona|59/100|[from] item: Leftovers
|upkeep
|
|t:|1756729364
|switch|p1a: Dragapult|Dragapult, L50, M|100/100
|turn|2
|
|t:|1756729377
|switch|p2a: Pelipper|Pelipper, L50, M|100/100
|-weather|RainDance|[from] ability: Drizzle|[of] p2a: Pelipper
|move|p1b: Volcarona|Giga Drain|p2a: Pelipper
|-enditem|p2a: Pelipper|Focus Sash
|-damage|p2a: Pelipper|1/100
|-heal|p1b: Volcarona|96/100|[from] drain|[of] p2a: Pelipper
|move|p1a: Dragapult|Dragon Darts|p2b: Amoonguss
|-damage|p2b: Amoonguss|65/100
|-anim|p1a: Dragapult|Dragon Darts|p2a: Pelipper
|-damage|p2a: Pelipper|0 fnt
|faint|p2a: Pelipper
|move|p2b: Amoonguss|Spore|p1a: Dragapult
|-status|p1a: Dragapult|slp|[from] move: Spore
|
|-weather|RainDance|[upkeep]
|-heal|p1b: Volcarona|100/100|[from] item: Leftovers
|upkeep
|inactive|TheMarrsterVGC has 30 seconds left.
|
|t:|1756729402
|switch|p2a: Archaludon|Archaludon, L50, M|100/100
|turn|3
|inactive|TheMarrsterVGC has 30 seconds left.
|
|t:|1756729431
|switch|p1a: Electabuzz|Electabuzz, L50, F|100/100
|move|p2b: Amoonguss|Protect|p2b: Amoonguss
|-singleturn|p2b: Amoonguss|Protect
|move|p1b: Volcarona|Quiver Dance|p1b: Volcarona
|-boost|p1b: Volcarona|spa|1
|-boost|p1b: Volcarona|spd|1
|-boost|p1b: Volcarona|spe|1
|move|p2a: Archaludon|Electro Shot||[still]
|-prepare|p2a: Archaludon|Electro Shot
|-boost|p2a: Archaludon|spa|1
|-anim|p2a: Archaludon|Electro Shot|p1a: Electabuzz
|-resisted|p1a: Electabuzz
|-damage|p1a: Electabuzz|77/100
|
|-weather|RainDance|[upkeep]
|upkeep
|turn|4
|
|t:|1756729451
|move|p1b: Volcarona|Quiver Dance|p1b: Volcarona
|-boost|p1b: Volcarona|spa|1
|-boost|p1b: Volcarona|spd|1
|-boost|p1b: Volcarona|spe|1
|move|p1a: Electabuzz|Taunt|p2b: Amoonguss
|-start|p2b: Amoonguss|move: Taunt
|move|p2a: Archaludon|Electro Shot||[still]
|-prepare|p2a: Archaludon|Electro Shot
|-boost|p2a: Archaludon|spa|1
|-anim|p2a: Archaludon|Electro Shot|p1a: Electabuzz
|-resisted|p1a: Electabuzz
|-damage|p1a: Electabuzz|40/100
|move|p2b: Amoonguss|Pollen Puff|p2a: Archaludon
|
|-weather|RainDance|[upkeep]
|upkeep
|turn|5
|inactive|TheMarrsterVGC has 30 seconds left.
|
|t:|1756729476
|move|p1a: Electabuzz|Protect|p1a: Electabuzz
|-singleturn|p1a: Electabuzz|Protect
|move|p1b: Volcarona|Heat Wave|p2a: Archaludon|[spread] p2b
|-miss|p1b: Volcarona|p2a: Archaludon
|-supereffective|p2b: Amoonguss
|-damage|p2b: Amoonguss|0 fnt
|faint|p2b: Amoonguss
|move|p2a: Archaludon|Electro Shot||[still]
|-prepare|p2a: Archaludon|Electro Shot
|-boost|p2a: Archaludon|spa|1
|-anim|p2a: Archaludon|Electro Shot|p1a: Electabuzz
|-activate|p1a: Electabuzz|move: Protect
|
|-weather|RainDance|[upkeep]
|upkeep
|
|t:|1756729490
|switch|p2b: Gholdengo|Gholdengo, L50, tera:Water|91/100
|turn|6
|
|t:|1756729510
|move|p1b: Volcarona|Giga Drain|p2b: Gholdengo
|-supereffective|p2b: Gholdengo
|-damage|p2b: Gholdengo|0 fnt
|faint|p2b: Gholdengo
|move|p1a: Electabuzz|Taunt|p2a: Archaludon
|-start|p2a: Archaludon|move: Taunt
|move|p2a: Archaludon|Draco Meteor|p1b: Volcarona
|-damage|p1b: Volcarona|47/100
|-unboost|p2a: Archaludon|spa|2
|
|-weather|none
|-heal|p1b: Volcarona|53/100|[from] item: Leftovers
|upkeep
|turn|7
|
|t:|1756729522
|move|p1a: Electabuzz|Follow Me|p1a: Electabuzz
|-singleturn|p1a: Electabuzz|move: Follow Me
|move|p1b: Volcarona|Heat Wave|p2a: Archaludon
|-damage|p2a: Archaludon|4/100
|-ability|p2a: Archaludon|Stamina|boost
|-boost|p2a: Archaludon|def|1
|move|p2a: Archaludon|Draco Meteor|p1a: Electabuzz|[miss]
|-miss|p2a: Archaludon|p1a: Electabuzz
|
|-heal|p1b: Volcarona|59/100|[from] item: Leftovers
|upkeep
|turn|8
|c|☆TheMarrsterVGC|Gay aye
|c|☆mariocansado|yes
|inactive|TheMarrsterVGC has 30 seconds left.
|c|☆TheMarrsterVGC|just quiver dance with a low IQ lol
|c|☆TheMarrsterVGC|Ggwp
|c|☆mariocansado|yes
|-message|TheMarrsterVGC forfeited.
|
|win|mariocansado
|raw|mariocansado's rating: 1233 → 1256(+23 for winning)
|raw|TheMarrsterVGC's rating: 1211 → 1188(-23 for losing)
|l|☆TheMarrsterVGC
|player|p2|
