|j|☆indianpro#2011
|j|☆testdigi
|html|indianpro#2011testdigi    
|uhtml|bestof|Game 1 of a best-of-3
|t:|1784916670
|gametype|doubles
|player|p1|indianpro#2011|lucas|1119
|player|p2|testdigi|101|1162
|gen|9
|tier|[Gen 9 Champions] VGC 2026 Reg M-B (Bo3)
|rated|
|rule|Species Clause: Limit one of each Pokémon
|rule|Item Clause: Limit 1 of each item
|clearpoke
|poke|p1|Tyranitar, L50, M|
|poke|p1|Mawile, L50, M|
|poke|p1|Grimmsnarl, L50, M|
|poke|p1|Decidueye-Hisui, L50, M|
|poke|p1|Scizor, L50, M|
|poke|p1|Oranguru, L50, F|
|poke|p2|Raichu, L50, M|
|poke|p2|Sinistcha, L50|
|poke|p2|Corviknight, L50, F|
|poke|p2|Sylveon, L50, F|
|poke|p2|Garchomp, L50, M|
|poke|p2|Tyranitar, L50, M|
|teampreview|4
|showteam|p1|Tyranitar||ChopleBerry|SandStream|RockSlide,KnockOff,LowKick,Protect|Brave||M|||50|]Mawile||Mawilite|HyperCutter|IronHead,PlayRough,SuckerPunch,Protect|Brave||M|||50|]Grimmsnarl||LightClay|Prankster|Reflect,LightScreen,FakeOut,SpiritBreak|Adamant||M|||50|]Decidueye-Hisui||CobaBerry|Scrappy|LeafBlade,CloseCombat,UpperHand,Protect|Adamant||M|||50|]Scizor||Scizorite|Technician|BugBite,BulletPunch,DualWingbeat,Protect|Adamant||M|||50|]Oranguru||BrightPowder|InnerFocus|TrickRoom,Instruct,FoulPlay,Yawn|Sassy||F|||50|
|showteam|p2|Raichu||RaichuniteY|LightningRod|ZapCannon,FocusBlast,FakeOut,Protect|Timid||M|||50|]Sinistcha||KasibBerry|Hospitality|MatchaGotcha,LifeDew,RagePowder,Protect|Modest|||||50|]Corviknight||OccaBerry|MirrorArmor|IronHead,BraveBird,Tailwind,Protect|Adamant||F|||50|]Sylveon||FairyFeather|Pixilate|HyperVoice,QuickAttack,Yawn,Detect|Modest||F|||50|]Garchomp||LifeOrb|RoughSkin|DragonClaw,StompingTantrum,RockSlide,Protect|Adamant||M|||50|]Tyranitar||FocusSash|SandStream|RockSlide,KnockOff,Superpower,Protect|Adamant||M|||50|
|inactive|Battle timer is ON: inactive players will automatically lose when time's up. (requested by testdigi)
|
|t:|1784916732
|teamsize|p1|4
|teamsize|p2|4
|start
|switch|p1a: Oranguru|Oranguru, L50, F|100/100
|switch|p1b: Grimmsnarl|Grimmsnarl, L50, M|100/100
|switch|p2a: Raichu|Raichu, L50, M|100/100
|switch|p2b: Sylveon|Sylveon, L50, F|100/100
|turn|1
|inactive|indianpro#2011 has 30 seconds left.
|
|t:|1784916757
|move|p2a: Raichu|Fake Out|p1b: Grimmsnarl
|-damage|p1b: Grimmsnarl|91/100
|cant|p1b: Grimmsnarl|flinch
|move|p2b: Sylveon|Yawn|p1a: Oranguru
|-start|p1a: Oranguru|move: Yawn|[of] p2b: Sylveon
|move|p1a: Oranguru|Trick Room|p1a: Oranguru
|-fieldstart|move: Trick Room|[of] p1a: Oranguru
|
|upkeep
|turn|2
|inactive|indianpro#2011 has 30 seconds left.
|inactive|testdigi has 30 seconds left.
|inactive|indianpro#2011 has 20 seconds left.
|
|t:|1784916794
|switch|p1a: Mawile|Mawile, L50, M|100/100
|detailschange|p2a: Raichu|Raichu-Mega-Y, L50, M
|-mega|p2a: Raichu|Raichu|Raichunite Y
|move|p1b: Grimmsnarl|Light Screen|p1b: Grimmsnarl
|-sidestart|p1: indianpro#2011|move: Light Screen
|move|p2b: Sylveon|Hyper Voice|p1b: Grimmsnarl|[spread] p1a,p1b
|-resisted|p1a: Mawile|1
|-supereffective|p1b: Grimmsnarl|1
|-damage|p1a: Mawile|72/100
|-damage|p1b: Grimmsnarl|31/100
|move|p2a: Raichu|Zap Cannon|p1b: Grimmsnarl
|-damage|p1b: Grimmsnarl|0 fnt
|faint|p1b: Grimmsnarl
|
|upkeep
|
|t:|1784916813
|switch|p1b: Oranguru|Oranguru, L50, F|100/100
|turn|3
|
|t:|1784916826
|detailschange|p1a: Mawile|Mawile-Mega, L50, M
|-mega|p1a: Mawile|Mawile|Mawilite
|move|p1a: Mawile|Play Rough|p2a: Raichu
|-damage|p2a: Raichu|0 fnt
|faint|p2a: Raichu
|move|p1b: Oranguru|Instruct|p1a: Mawile
|-singleturn|p1a: Mawile|move: Instruct|[of] p1b: Oranguru
|move|p1a: Mawile|Play Rough|p2b: Sylveon
|-damage|p2b: Sylveon|4/100
|move|p2b: Sylveon|Yawn|p1a: Mawile
|-start|p1a: Mawile|move: Yawn|[of] p2b: Sylveon
|
|upkeep
|
|t:|1784916835
|switch|p2a: Sinistcha|Sinistcha, L50|100/100
|-heal|p2b: Sylveon|29/100|[from] ability: Hospitality|[of] p2a: Sinistcha
|turn|4
|inactive|indianpro#2011 has 30 seconds left.
|
|t:|1784916867
|switch|p1a: Tyranitar|Tyranitar, L50, M|100/100
|-weather|Sandstorm|[from] ability: Sand Stream|[of] p1a: Tyranitar
|move|p2b: Sylveon|Detect|p2b: Sylveon
|-singleturn|p2b: Sylveon|Protect
|move|p1b: Oranguru|Yawn|p2b: Sylveon
|-activate|p2b: Sylveon|move: Protect
|move|p2a: Sinistcha|Life Dew||[still]|[spread] p2a,p2b
|-fail|p2a: Sinistcha|heal
|-heal|p2b: Sylveon|53/100
|
|-weather|Sandstorm|[upkeep]
|-damage|p1b: Oranguru|93/100|[from] Sandstorm
|-damage|p2b: Sylveon|48/100|[from] Sandstorm
|-damage|p2a: Sinistcha|94/100|[from] Sandstorm
|upkeep
|turn|5
|inactive|indianpro#2011 has 30 seconds left.
|
|t:|1784916892
|move|p1a: Tyranitar|Knock Off|p2a: Sinistcha
|-supereffective|p2a: Sinistcha|1
|-damage|p2a: Sinistcha|0 fnt
|-enditem|p2a: Sinistcha|Kasib Berry|[from] move: Knock Off|[of] p1a: Tyranitar
|faint|p2a: Sinistcha
|move|p1b: Oranguru|Instruct|p1a: Tyranitar
|-singleturn|p1a: Tyranitar|move: Instruct|[of] p1b: Oranguru
|move|p1a: Tyranitar|Knock Off|p2b: Sylveon
|-resisted|p2b: Sylveon|1
|-damage|p2b: Sylveon|19/100
|-enditem|p2b: Sylveon|Fairy Feather|[from] move: Knock Off|[of] p1a: Tyranitar
|move|p2b: Sylveon|Yawn|p1a: Tyranitar
|-start|p1a: Tyranitar|move: Yawn|[of] p2b: Sylveon
|
|-weather|Sandstorm|[upkeep]
|-damage|p1b: Oranguru|87/100|[from] Sandstorm
|-damage|p2b: Sylveon|13/100|[from] Sandstorm
|-fieldend|move: Trick Room
|upkeep
|
|t:|1784916897
|switch|p2a: Corviknight|Corviknight, L50, F|100/100
|turn|6
|inactive|indianpro#2011 has 30 seconds left.
|
|t:|1784916924
|switch|p1a: Mawile|Mawile-Mega, L50, M|72/100
|move|p2a: Corviknight|Iron Head|p1b: Oranguru
|-crit|p1b: Oranguru
|-damage|p1b: Oranguru|27/100
|move|p2b: Sylveon|Hyper Voice|p1b: Oranguru|[spread] p1a,p1b
|-resisted|p1a: Mawile|1
|-damage|p1a: Mawile|58/100
|-damage|p1b: Oranguru|14/100
|move|p1b: Oranguru|Trick Room|p1b: Oranguru
|-fieldstart|move: Trick Room|[of] p1b: Oranguru
|
|-weather|Sandstorm|[upkeep]
|-damage|p1b: Oranguru|8/100|[from] Sandstorm
|-damage|p2b: Sylveon|7/100|[from] Sandstorm
|upkeep
|turn|7
|
|t:|1784916943
|move|p1a: Mawile|Sucker Punch|p2a: Corviknight
|-damage|p2a: Corviknight|58/100
|move|p2b: Sylveon|Quick Attack|p1b: Oranguru
|-damage|p1b: Oranguru|0 fnt
|faint|p1b: Oranguru
|move|p2a: Corviknight|Iron Head|p1a: Mawile
|-damage|p1a: Mawile|24/100
|
|-weather|Sandstorm|[upkeep]
|-damage|p2b: Sylveon|2/100|[from] Sandstorm
|upkeep
|-message|testdigi forfeited.
|
|win|indianpro#2011
