|j|☆T1guel
|j|☆jANMxRin
|html|T1gueljANMxRin    
|uhtml|bestof|Game 1 of a best-of-3
|t:|1783721187
|gametype|doubles
|player|p1|T1guel|hilbert|1189
|player|p2|jANMxRin|1|1244
|gen|9
|tier|[Gen 9 Champions] VGC 2026 Reg M-B (Bo3)
|rated|
|rule|Species Clause: Limit one of each Pokémon
|rule|Item Clause: Limit 1 of each item
|clearpoke
|poke|p1|Aggron, L50, F|
|poke|p1|Farigiraf, L50, M|
|poke|p1|Sinistcha, L50|
|poke|p1|Tyranitar, L50, F|
|poke|p1|Incineroar, L50, M|
|poke|p1|Talonflame, L50, F|
|poke|p2|Garchomp, L50, F|
|poke|p2|Sinistcha, L50|
|poke|p2|Maushold, L50|
|poke|p2|Delphox, L50, M|
|poke|p2|Floette-Eternal, L50, F|
|poke|p2|Incineroar, L50, M|
|teampreview|4
|showteam|p1|Aggron||Aggronite|Sturdy|BodyPress,HeavySlam,Protect,IronDefense|Sassy||F|||50|]Farigiraf||ColburBerry|ArmorTail|Psychic,SkillSwap,Protect,TrickRoom|Relaxed||M|||50|]Sinistcha||Leftovers|Hospitality|MatchaGotcha,ShadowBall,Protect,RagePowder|Sassy|||||50|]Tyranitar||Tyranitarite|SandStream|RockSlide,KnockOff,Protect,IcePunch|Brave||F|||50|]Incineroar||SitrusBerry|Intimidate|FakeOut,FlareBlitz,PartingShot,Taunt|Careful||M|||50|]Talonflame|||GaleWings|Acrobatics,Roost,Protect,SwordsDance|Adamant||F|||50|
|showteam|p2|Garchomp||ChoiceScarf|RoughSkin|DragonClaw,Earthquake,StompingTantrum,RockTomb|Adamant||F|||50|]Sinistcha||KasibBerry|Hospitality|MatchaGotcha,RagePowder,LifeDew,Protect|Bold|||||50|]Maushold||FocusSash|FriendGuard|FollowMe,SuperFang,Feint,Protect|Jolly|||||50|]Delphox||Delphoxite|Blaze|HeatWave,Psyshock,NastyPlot,Protect|Timid||M|||50|]Floette-Eternal||Floettite|FlowerVeil|DazzlingGleam,DrainingKiss,CalmMind,Protect|Modest||F|||50|]Incineroar||PasshoBerry|Intimidate|PartingShot,FakeOut,ThroatChop,FlareBlitz|Careful||M|||50|
|c|☆T1guel|glhf
|c|☆jANMxRin|u2
|inactive|Battle timer is ON: inactive players will automatically lose when time's up. (requested by T1guel)
|inactive|jANMxRin has 60 seconds left.
|
|t:|1783721264
|teamsize|p1|4
|teamsize|p2|4
|start
|switch|p1a: Neves|Incineroar, L50, M|100/100
|switch|p1b: Farigiraf|Farigiraf, L50, M|100/100
|switch|p2a: Garchomp|Garchomp, L50, F|100/100
|switch|p2b: Incineroar|Incineroar, L50, M|100/100
|-ability|p2b: Incineroar|Intimidate|boost
|-unboost|p1a: Neves|atk|1
|-unboost|p1b: Farigiraf|atk|1
|-ability|p1a: Neves|Intimidate|boost
|-unboost|p2a: Garchomp|atk|1
|-unboost|p2b: Incineroar|atk|1
|turn|1
|inactive|jANMxRin has 30 seconds left.
|
|t:|1783721291
|switch|p2a: Floette|Floette-Eternal, L50, F|100/100
|move|p1a: Neves|Fake Out|p2a: Floette
|-damage|p2a: Floette|90/100
|move|p2b: Incineroar|Throat Chop|p1b: Farigiraf
|-supereffective|p1b: Farigiraf|1
|-enditem|p1b: Farigiraf|Colbur Berry|[eat]
|-enditem|p1b: Farigiraf|Colbur Berry|[weaken]
|-damage|p1b: Farigiraf|84/100
|-start|p1b: Farigiraf|Throat Chop|[silent]
|move|p1b: Farigiraf|Trick Room|p1b: Farigiraf
|-fieldstart|move: Trick Room|[of] p1b: Farigiraf
|
|upkeep
|turn|2
|inactive|jANMxRin has 30 seconds left.
|
|t:|1783721325
|switch|p1b: Tyranitar|Tyranitar, L50, F|100/100
|-weather|Sandstorm|[from] ability: Sand Stream|[of] p1b: Tyranitar
|detailschange|p2a: Floette|Floette-Mega, L50, F
|-mega|p2a: Floette|Floette|Floettite
|-ability|p2a: Floette|Fairy Aura
|move|p1a: Neves|Parting Shot|p2a: Floette
|-unboost|p2a: Floette|atk|1
|-unboost|p2a: Floette|spa|1
|
|t:|1783721333
|switch|p1a: Aggron|Aggron, L50, F|100/100|[from] Parting Shot
|move|p2b: Incineroar|Parting Shot|p1a: Aggron
|-unboost|p1a: Aggron|atk|1
|-unboost|p1a: Aggron|spa|1
|
|t:|1783721348
|switch|p2b: Sinistcha|Sinistcha, L50|100/100|[from] Parting Shot
|-heal|p2a: Floette|100/100|[from] ability: Hospitality|[of] p2b: Sinistcha
|move|p2a: Floette|Calm Mind|p2a: Floette
|-boost|p2a: Floette|spa|1
|-boost|p2a: Floette|spd|1
|
|-weather|Sandstorm|[upkeep]
|-damage|p2b: Sinistcha|93/100|[from] Sandstorm
|-damage|p2a: Floette|94/100|[from] Sandstorm
|upkeep
|turn|3
|
|t:|1783721360
|detailschange|p1a: Aggron|Aggron-Mega, L50, F
|-mega|p1a: Aggron|Aggron|Aggronite
|move|p2b: Sinistcha|Rage Powder|p2b: Sinistcha
|-singleturn|p2b: Sinistcha|move: Rage Powder
|move|p1a: Aggron|Heavy Slam|p2b: Sinistcha
|-damage|p2b: Sinistcha|63/100
|move|p1b: Tyranitar|Knock Off|p2b: Sinistcha
|-supereffective|p2b: Sinistcha|1
|-damage|p2b: Sinistcha|0 fnt
|-enditem|p2b: Sinistcha|Kasib Berry|[from] move: Knock Off|[of] p1b: Tyranitar
|faint|p2b: Sinistcha
|move|p2a: Floette|Calm Mind|p2a: Floette
|-boost|p2a: Floette|spa|1
|-boost|p2a: Floette|spd|1
|
|-weather|Sandstorm|[upkeep]
|-damage|p2a: Floette|88/100|[from] Sandstorm
|upkeep
|
|t:|1783721370
|switch|p2b: Incineroar|Incineroar, L50, M|100/100
|-ability|p2b: Incineroar|Intimidate|boost
|-unboost|p1a: Aggron|atk|1
|-unboost|p1b: Tyranitar|atk|1
|turn|4
|
|t:|1783721390
|switch|p1a: Neves|Incineroar, L50, M|100/100
|-ability|p1a: Neves|Intimidate|boost
|-unboost|p2a: Floette|atk|1
|-unboost|p2b: Incineroar|atk|1
|switch|p1b: Farigiraf|Farigiraf, L50, M|84/100
|move|p2a: Floette|Protect|p2a: Floette
|-singleturn|p2a: Floette|Protect
|move|p2b: Incineroar|Parting Shot|p1a: Neves
|-unboost|p1a: Neves|atk|1
|-unboost|p1a: Neves|spa|1
|
|t:|1783721401
|switch|p2b: Garchomp|Garchomp, L50, F|100/100|[from] Parting Shot
|
|-weather|Sandstorm|[upkeep]
|-damage|p1b: Farigiraf|77/100|[from] Sandstorm
|-damage|p1a: Neves|94/100|[from] Sandstorm
|-damage|p2a: Floette|82/100|[from] Sandstorm
|upkeep
|turn|5
|inactive|T1guel has 30 seconds left.
|
|t:|1783721428
|move|p1b: Farigiraf|Protect|p1b: Farigiraf
|-singleturn|p1b: Farigiraf|Protect
|move|p1a: Neves|Parting Shot|p2b: Garchomp
|-unboost|p2b: Garchomp|atk|1
|-unboost|p2b: Garchomp|spa|1
|
|t:|1783721433
|switch|p1a: Aggron|Aggron-Mega, L50, F|100/100|[from] Parting Shot
|move|p2a: Floette|Draining Kiss|p1a: Aggron
|-resisted|p1a: Aggron|1
|-damage|p1a: Aggron|71/100
|-heal|p2a: Floette|100/100|[from] drain|[of] p1a: Aggron
|move|p2b: Garchomp|Stomping Tantrum|p1a: Aggron
|-supereffective|p1a: Aggron|1
|-damage|p1a: Aggron|50/100g
|
|-weather|Sandstorm|[upkeep]
|-damage|p1b: Farigiraf|71/100|[from] Sandstorm
|-damage|p2a: Floette|94/100|[from] Sandstorm
|-fieldend|move: Trick Room
|upkeep
|turn|6
|inactive|jANMxRin has 30 seconds left.
|
|t:|1783721468
|switch|p1a: Neves|Incineroar, L50, M|94/100
|-ability|p1a: Neves|Intimidate|boost
|-unboost|p2a: Floette|atk|1
|-unboost|p2b: Garchomp|atk|1
|move|p2b: Garchomp|Stomping Tantrum|p1a: Neves
|-supereffective|p1a: Neves|1
|-damage|p1a: Neves|58/100
|move|p2a: Floette|Dazzling Gleam|p1b: Farigiraf|[spread] p1a,p1b
|-damage|p1a: Neves|0 fnt
|-damage|p1b: Farigiraf|1/100
|faint|p1a: Neves
|move|p1b: Farigiraf|Trick Room|p1b: Farigiraf
|-fieldstart|move: Trick Room|[of] p1b: Farigiraf
|
|-weather|none
|upkeep
|
|t:|1783721480
|switch|p1a: Aggron|Aggron-Mega, L50, F|50/100g
|turn|7
|
|t:|1783721491
|switch|p1b: Tyranitar|Tyranitar, L50, F|100/100
|-weather|Sandstorm|[from] ability: Sand Stream|[of] p1b: Tyranitar
|move|p2a: Floette|Protect|p2a: Floette
|-singleturn|p2a: Floette|Protect
|move|p1a: Aggron|Heavy Slam|p2a: Floette
|-activate|p2a: Floette|move: Protect
|move|p2b: Garchomp|Stomping Tantrum|p1b: Tyranitar
|-supereffective|p1b: Tyranitar|1
|-damage|p1b: Tyranitar|67/100
|
|-weather|Sandstorm|[upkeep]
|-damage|p2a: Floette|88/100|[from] Sandstorm
|upkeep
|turn|8
|
|t:|1783721513
|switch|p2a: Incineroar|Incineroar, L50, M|100/100
|-ability|p2a: Incineroar|Intimidate|boost
|-unboost|p1a: Aggron|atk|1
|-unboost|p1b: Tyranitar|atk|1
|move|p1a: Aggron|Heavy Slam|p2a: Incineroar
|-resisted|p2a: Incineroar|1
|-damage|p2a: Incineroar|86/100
|move|p1b: Tyranitar|Rock Slide|p2a: Incineroar|[spread] p2a,p2b
|-supereffective|p2a: Incineroar|1
|-resisted|p2b: Garchomp|1
|-damage|p2a: Incineroar|50/100g
|-damage|p2b: Garchomp|88/100
|cant|p2b: Garchomp|flinch
|
|-weather|Sandstorm|[upkeep]
|-damage|p2a: Incineroar|44/100|[from] Sandstorm
|upkeep
|turn|9
|inactive|jANMxRin has 30 seconds left.
|inactive|jANMxRin has 20 seconds left.
|inactive|jANMxRin has 15 seconds left.
|inactive|jANMxRin has 10 seconds left.
|
|t:|1783721559
|switch|p1a: Farigiraf|Farigiraf, L50, M|1/100
|move|p1b: Tyranitar|Ice Punch|p2b: Garchomp
|-supereffective|p2b: Garchomp|2
|-damage|p2b: Garchomp|2/100
|-damage|p1b: Tyranitar|55/100|[from] ability: Rough Skin|[of] p2b: Garchomp
|move|p2a: Incineroar|Parting Shot|p1b: Tyranitar
|-unboost|p1b: Tyranitar|atk|1
|-unboost|p1b: Tyranitar|spa|1
|
|t:|1783721569
|switch|p2a: Floette|Floette-Mega, L50, F|88/100|[from] Parting Shot
|-ability|p2a: Floette|Fairy Aura
|move|p2b: Garchomp|Stomping Tantrum|p1a: Farigiraf
|-damage|p1a: Farigiraf|0 fnt
|faint|p1a: Farigiraf
|
|-weather|Sandstorm|[upkeep]
|-damage|p2a: Floette|82/100|[from] Sandstorm
|upkeep
|
|t:|1783721572
|switch|p1a: Aggron|Aggron-Mega, L50, F|50/100g
|turn|10
|inactive|T1guel has 30 seconds left.
|inactive|T1guel has 20 seconds left.
|
|t:|1783721612
|move|p2a: Floette|Protect|p2a: Floette
|-singleturn|p2a: Floette|Protect
|move|p1a: Aggron|Iron Defense|p1a: Aggron
|-boost|p1a: Aggron|def|2
|move|p1b: Tyranitar|Ice Punch|p2a: Floette
|-activate|p2a: Floette|move: Protect
|move|p2b: Garchomp|Stomping Tantrum|p1a: Aggron
|-supereffective|p1a: Aggron|1
|-damage|p1a: Aggron|41/100
|
|-weather|Sandstorm|[upkeep]
|-damage|p2a: Floette|77/100|[from] Sandstorm
|-fieldend|move: Trick Room
|upkeep
|turn|11
|inactive|jANMxRin has 30 seconds left.
|inactive|jANMxRin has 20 seconds left.
|inactive|jANMxRin has 15 seconds left.
|
|t:|1783721654
|switch|p2a: Incineroar|Incineroar, L50, M|44/100
|-ability|p2a: Incineroar|Intimidate|boost
|-unboost|p1a: Aggron|atk|1
|-unboost|p1b: Tyranitar|atk|1
|move|p1b: Tyranitar|Protect|p1b: Tyranitar
|-singleturn|p1b: Tyranitar|Protect
|move|p2b: Garchomp|Stomping Tantrum|p1b: Tyranitar
|-activate|p1b: Tyranitar|move: Protect
|move|p1a: Aggron|Heavy Slam|p2a: Incineroar
|-resisted|p2a: Incineroar|1
|-damage|p2a: Incineroar|31/100
|
|-weather|none
|upkeep
|turn|12
|inactive|T1guel has 30 seconds left.
|
|t:|1783721681
|switch|p2b: Floette|Floette-Mega, L50, F|77/100
|-ability|p2b: Floette|Fairy Aura
|move|p2a: Incineroar|Fake Out|p1a: Aggron
|-resisted|p1a: Aggron|1
|-damage|p1a: Aggron|40/100
|move|p1b: Tyranitar|Rock Slide|p2a: Incineroar|[spread] p2a
|-miss|p1b: Tyranitar|p2b: Floette
|-supereffective|p2a: Incineroar|1
|-damage|p2a: Incineroar|9/100
|cant|p1a: Aggron|flinch
|
|upkeep
|turn|13
|inactive|jANMxRin has 30 seconds left.
|
|t:|1783721709
|move|p1b: Tyranitar|Protect|p1b: Tyranitar
|-singleturn|p1b: Tyranitar|Protect
|move|p2b: Floette|Dazzling Gleam|p1b: Tyranitar|[spread] p1a
|-activate|p1b: Tyranitar|move: Protect
|-resisted|p1a: Aggron|1
|-damage|p1a: Aggron|19/100
|move|p2a: Incineroar|Flare Blitz|p1a: Aggron
|-supereffective|p1a: Aggron|1
|-damage|p1a: Aggron|2/100
|-damage|p2a: Incineroar|4/100|[from] Recoil
|move|p1a: Aggron|Heavy Slam|p2b: Floette
|-supereffective|p2b: Floette|1
|-damage|p2b: Floette|24/100
|
|upkeep
|turn|14
|
|t:|1783721729
|move|p1a: Aggron|Protect|p1a: Aggron
|-singleturn|p1a: Aggron|Protect
|move|p2b: Floette|Dazzling Gleam|p1a: Aggron|[spread] p1b
|-activate|p1a: Aggron|move: Protect
|-supereffective|p1b: Tyranitar|1
|-damage|p1b: Tyranitar|0 fnt
|faint|p1b: Tyranitar
|move|p2a: Incineroar|Parting Shot|p1a: Aggron
|-activate|p1a: Aggron|move: Protect
|
|upkeep
|turn|15
|
|t:|1783721739
|move|p2b: Floette|Dazzling Gleam|p1a: Aggron
|-resisted|p1a: Aggron|1
|-damage|p1a: Aggron|0 fnt
|faint|p1a: Aggron
|
|win|jANMxRin
