|j|☆SapoWitch
|j|☆saltylilmoth
|html|SapoWitchsaltylilmoth    
|uhtml|bestof|Game 1 of a best-of-3
|t:|1785632639
|gametype|doubles
|player|p1|SapoWitch|rocketgruntf|
|player|p2|saltylilmoth|roxie|
|gen|9
|tier|[Gen 9 Champions] VGC 2026 Reg M-B (Bo3)
|rule|Species Clause: Limit one of each Pokémon
|rule|Item Clause: Limit 1 of each item
|clearpoke
|poke|p1|Meowscarada, L50, F|
|poke|p1|Delphox, L50, F|
|poke|p1|Ninetales-Alola, L50, M|
|poke|p1|Sneasler, L50, F|
|poke|p1|Feraligatr, L50, M|
|poke|p1|Scrafty, L50, M|
|poke|p2|Raichu, L50, F|
|poke|p2|Mimikyu, L50, F|
|poke|p2|Dedenne, L50, M|
|poke|p2|Morpeko, L50, M|
|poke|p2|Emolga, L50, F|
|poke|p2|Pikachu, L50, M|
|teampreview|4
|showteam|p1|Meowscarada||ChoiceScarf|Protean|FlowerTrick,KnockOff,MudSlap,PlayRough|Adamant||F|||50|]Delphox||Delphoxite|Blaze|HeatWave,Psyshock,NastyPlot,Protect|Timid||F|||50|]Ninetales-Alola||LightClay|SnowWarning|AuroraVeil,DazzlingGleam,FreezeDry,IcyWind|Serious||M|||50|]Sneasler||WhiteHerb|Unburden|DireClaw,FakeOut,CloseCombat,Protect|Jolly||F|||50|]Feraligatr||Feraligite|SheerForce|DragonDance,Liquidation,BodySlam,Protect|Adamant||M|||50|]Scrafty||Leftovers|Intimidate|FakeOut,KnockOff,Protect,CloseCombat|Adamant||M|||50|
|showteam|p2|Raichu||RaichuniteX|Static|VoltTackle,IronTail,Protect,Trailblaze|Adamant||F|||50|]Mimikyu||Leftovers|Disguise|LeechLife,Taunt,DestinyBond,ShadowSneak|Careful||F|||50|]Dedenne||SitrusBerry|CheekPouch|RainDance,Thunder,TearfulLook,DrainingKiss|Timid||M|||50|]Morpeko||KingsRock|HungerSwitch|AuraWheel,KnockOff,BrickBreak,BulletSeed|Jolly||M|||50|]Emolga||ChoiceScarf|MotorDrive|ElectroBall,AirSlash,VoltSwitch,EnergyBall|Timid||F|||50|]Pikachu||LightBall|Static|Surf,Discharge,DrainingKiss,FakeOut|Timid||M|||50|
|
|t:|1785632663
|teamsize|p1|4
|teamsize|p2|4
|start
|switch|p1a: Joker Persona5|Meowscarada, L50, F|100/100
|switch|p1b: Weather Report|Ninetales-Alola, L50, M|100/100
|switch|p2a: McQueen|Emolga, L50, F|100/100
|switch|p2b: Pikachud|Pikachu, L50, M|100/100
|-weather|Snowscape|[from] ability: Snow Warning|[of] p1b: Weather Report
|turn|1
|
|t:|1785632690
|move|p2b: Pikachud|Fake Out|p1b: Weather Report
|-damage|p1b: Weather Report|91/100
|move|p1a: Joker Persona5|Mud-Slap|p2b: Pikachud
|-start|p1a: Joker Persona5|typechange|Ground|[from] ability: Protean
|-supereffective|p2b: Pikachud|1
|-damage|p2b: Pikachud|67/100
|-unboost|p2b: Pikachud|accuracy|1
|move|p2a: McQueen|Electro Ball|p1b: Weather Report
|-damage|p1b: Weather Report|70/100
|cant|p1b: Weather Report|flinch
|
|-weather|Snowscape|[upkeep]
|upkeep
|turn|2
|
|t:|1785632708
|move|p1a: Joker Persona5|Mud-Slap|p2b: Pikachud
|-supereffective|p2b: Pikachud|1
|-damage|p2b: Pikachud|39/100
|-unboost|p2b: Pikachud|accuracy|1
|move|p2a: McQueen|Electro Ball|p1b: Weather Report
|-damage|p1b: Weather Report|47/100
|move|p1b: Weather Report|Aurora Veil|p1b: Weather Report
|-sidestart|p1: SapoWitch|move: Aurora Veil
|move|p2b: Pikachud|Discharge|p1b: Weather Report|[spread] p1b
|-ability|p2a: McQueen|Motor Drive|boost
|-boost|p2a: McQueen|spe|1
|-immune|p1a: Joker Persona5
|-damage|p1b: Weather Report|25/100
|
|-weather|Snowscape|[upkeep]
|upkeep
|turn|3
|
|t:|1785632734
|move|p2a: McQueen|Electro Ball|p1b: Weather Report
|-damage|p1b: Weather Report|5/100
|move|p1a: Joker Persona5|Mud-Slap|p2b: Pikachud
|-supereffective|p2b: Pikachud|1
|-damage|p2b: Pikachud|10/100
|-unboost|p2b: Pikachud|accuracy|1
|move|p1b: Weather Report|Icy Wind|p2a: McQueen|[spread] p2a,p2b
|-supereffective|p2a: McQueen|1
|-damage|p2a: McQueen|52/100
|-damage|p2b: Pikachud|0 fnt
|-unboost|p2a: McQueen|spe|1
|faint|p2b: Pikachud
|
|-weather|Snowscape|[upkeep]
|upkeep
|
|t:|1785632760
|switch|p2b: Biggie Cheese|Raichu, L50, F|100/100
|turn|4
|
|t:|1785632775
|detailschange|p2b: Biggie Cheese|Raichu-Mega-X, L50, F
|-mega|p2b: Biggie Cheese|Raichu|Raichunite X
|-fieldstart|move: Electric Terrain|[from] ability: Electric Surge|[of] p2b: Biggie Cheese
|move|p1a: Joker Persona5|Mud-Slap|p2b: Biggie Cheese
|-supereffective|p2b: Biggie Cheese|1
|-damage|p2b: Biggie Cheese|85/100
|-unboost|p2b: Biggie Cheese|accuracy|1
|move|p2a: McQueen|Electro Ball|p1b: Weather Report
|-damage|p1b: Weather Report|0 fnt
|faint|p1b: Weather Report
|move|p2b: Biggie Cheese|Trailblaze|p1a: Joker Persona5
|-supereffective|p1a: Joker Persona5|1
|-damage|p1a: Joker Persona5|60/100
|-boost|p2b: Biggie Cheese|spe|1
|
|-weather|Snowscape|[upkeep]
|upkeep
|
|t:|1785632790
|switch|p1b: He's just here|Scrafty, L50, M|100/100
|-ability|p1b: He's just here|Intimidate|boost
|-unboost|p2a: McQueen|atk|1
|-unboost|p2b: Biggie Cheese|atk|1
|turn|5
|
|t:|1785632803
|switch|p1a: Witch Bitch|Delphox, L50, F|100/100
|move|p1b: He's just here|Fake Out|p2b: Biggie Cheese
|-damage|p2b: Biggie Cheese|69/100
|move|p2a: McQueen|Electro Ball|p1b: He's just here
|-damage|p1b: He's just here|71/100
|cant|p2b: Biggie Cheese|flinch
|
|-weather|none
|-heal|p1b: He's just here|77/100|[from] item: Leftovers
|upkeep
|turn|6
|
|t:|1785632829
|detailschange|p1a: Witch Bitch|Delphox-Mega, L50, F
|-mega|p1a: Witch Bitch|Delphox|Delphoxite
|move|p2a: McQueen|Electro Ball|p1b: He's just here
|-damage|p1b: He's just here|49/100
|move|p2b: Biggie Cheese|Volt Tackle|p1a: Witch Bitch
|-crit|p1a: Witch Bitch
|-damage|p1a: Witch Bitch|0 fnt
|faint|p1a: Witch Bitch
|-damage|p2b: Biggie Cheese|32/100|[from] Recoil
|move|p1b: He's just here|Knock Off|p2a: McQueen
|-damage|p2a: McQueen|0 fnt
|-enditem|p2a: McQueen|Choice Scarf|[from] move: Knock Off|[of] p1b: He's just here
|faint|p2a: McQueen
|
|-heal|p1b: He's just here|55/100|[from] item: Leftovers
|upkeep
|
|t:|1785632844
|switch|p1a: Joker Persona5|Meowscarada, L50, F|60/100
|switch|p2a: Little Chungus|Dedenne, L50, M|100/100
|turn|7
|
|t:|1785632870
|move|p1b: He's just here|Protect|p1b: He's just here
|-singleturn|p1b: He's just here|Protect
|move|p1a: Joker Persona5|Flower Trick|p2b: Biggie Cheese
|-start|p1a: Joker Persona5|typechange|Grass|[from] ability: Protean
|-crit|p2b: Biggie Cheese
|-damage|p2b: Biggie Cheese|0 fnt
|faint|p2b: Biggie Cheese
|move|p2a: Little Chungus|Draining Kiss|p1b: He's just here
|-activate|p1b: He's just here|move: Protect
|
|-heal|p1b: He's just here|61/100|[from] item: Leftovers
|upkeep
|turn|8
|
|t:|1785632891
|move|p1a: Joker Persona5|Flower Trick|p2a: Little Chungus
|-crit|p2a: Little Chungus
|-damage|p2a: Little Chungus|16/100
|-enditem|p2a: Little Chungus|Sitrus Berry|[eat]
|-heal|p2a: Little Chungus|41/100|[from] item: Sitrus Berry
|-heal|p2a: Little Chungus|74/100|[from] ability: Cheek Pouch
|move|p2a: Little Chungus|Draining Kiss|p1b: He's just here
|-supereffective|p1b: He's just here|2
|-damage|p1b: He's just here|22/100
|-heal|p2a: Little Chungus|100/100|[from] drain|[of] p1b: He's just here
|move|p1b: He's just here|Knock Off|p2a: Little Chungus
|-resisted|p2a: Little Chungus|1
|-crit|p2a: Little Chungus
|-damage|p2a: Little Chungus|63/100
|
|-heal|p1b: He's just here|27/100|[from] item: Leftovers
|-fieldend|move: Electric Terrain
|upkeep
|turn|9
|
|t:|1785632909
|move|p1a: Joker Persona5|Flower Trick|p2a: Little Chungus
|-crit|p2a: Little Chungus
|-damage|p2a: Little Chungus|0 fnt
|faint|p2a: Little Chungus
|
|win|SapoWitch
|inactive|SapoWitch has 30 seconds to confirm battle start!
|inactive|saltylilmoth has 30 seconds to confirm battle start!
||SapoWitch is ready for game 2.
|inactive|saltylilmoth has 20 seconds to confirm battle start!
|l|☆saltylilmoth
|player|p2|
|inactive|saltylilmoth has 10 seconds to confirm battle start!
||saltylilmoth is ready for game 2.
|uhtml|next|Next: Game 2 of 3
|l|☆SapoWitch
|player|p1|
|j|☆saltylilmoth
|player|p2|saltylilmoth|roxie|
