|j|☆zombie wan kenobi
|j|☆pressinblades
|html|zombie wan kenobipressinblades    
|uhtml|bestof|Game 3 of a best-of-3
|t:|1782572158
|gametype|doubles
|player|p1|zombie wan kenobi|102|1076
|player|p2|pressinblades|steven|1157
|gen|9
|tier|[Gen 9 Champions] VGC 2026 Reg M-B (Bo3)
|rated|
|rule|Species Clause: Limit one of each Pokémon
|rule|Item Clause: Limit 1 of each item
|clearpoke
|poke|p1|Tyranitar, L50, F|
|poke|p1|Steelix, L50, M|
|poke|p1|Sinistcha, L50|
|poke|p1|Swampert, L50, F|
|poke|p1|Pelipper, L50, M|
|poke|p1|Incineroar, L50, M|
|poke|p2|Talonflame, L50, F|
|poke|p2|Maushold, L50|
|poke|p2|Gardevoir, L50, M, shiny|
|poke|p2|Hydreigon, L50, F|
|poke|p2|Metagross, L50|
|poke|p2|Garchomp, L50, F, shiny|
|teampreview|4
|showteam|p1|Tyranitar||LifeOrb|SandStream|RockSlide,KnockOff,Protect,IcePunch|Jolly||F|||50|]Steelix||Steelixite|Sturdy|HeavySlam,HighHorsepower,BodyPress,Protect|Brave||M|||50|]Sinistcha||KasibBerry|Hospitality|RagePowder,MatchaGotcha,LifeDew,TrickRoom|Bold|||||50|]Swampert||Swampertite|Torrent|IcePunch,WaveCrash,Protect,Earthquake|Adamant||F|||50|]Pelipper||FocusSash|Drizzle|Hurricane,Tailwind,WideGuard,WeatherBall|Modest||M|||50|]Incineroar||SitrusBerry|Intimidate|FakeOut,FlareBlitz,DarkestLariat,Protect|Careful||M|||50|
|showteam|p2|Talonflame||LifeOrb|GaleWings|Protect,DualWingbeat,Tailwind,Overheat|Naive||F|||50|]Maushold||FocusSash|FriendGuard|Protect,SuperFang,PopulationBomb,FollowMe|Adamant|||||50|]Gardevoir||Gardevoirite|Telepathy|Protect,TrickRoom,HyperVoice,Psychic|Modest||M|||50|]Hydreigon||ChoiceScarf|Levitate|DracoMeteor,DarkPulse,Snarl,FlashCannon|Modest||F|||50|]Metagross||Metagrossite|ClearBody|Protect,MeteorMash,PsychicFangs,BulletPunch|Adamant|||||50|]Garchomp||ExpertBelt|RoughSkin|Protect,RockSlide,Earthquake,DragonClaw|Adamant||F|||50|
|inactive|Battle timer is ON: inactive players will automatically lose when time's up. (requested by zombie wan kenobi)
|
|t:|1782572227
|teamsize|p1|4
|teamsize|p2|4
|start
|switch|p1a: Tyranitar|Tyranitar, L50, F|100/100
|switch|p1b: Steelix|Steelix, L50, M|100/100
|switch|p2a: Maushold|Maushold, L50|100/100
|switch|p2b: Gardevoir|Gardevoir, L50, M, shiny|100/100
|-weather|Sandstorm|[from] ability: Sand Stream|[of] p1a: Tyranitar
|turn|1
|inactive|zombie wan kenobi has 30 seconds left.
|inactive|pressinblades has 30 seconds left.
|inactive|pressinblades has 20 seconds left.
|inactive|pressinblades has 15 seconds left.
|
|t:|1782572267
|switch|p2b: Garchomp|Garchomp, L50, F, shiny|100/100
|detailschange|p1b: Steelix|Steelix-Mega, L50, M
|-mega|p1b: Steelix|Steelix|Steelixite
|move|p2a: Maushold|Protect|p2a: Maushold
|-singleturn|p2a: Maushold|Protect
|move|p1a: Tyranitar|Protect|p1a: Tyranitar
|-singleturn|p1a: Tyranitar|Protect
|move|p1b: Steelix|Body Press|p2a: Maushold
|-activate|p2a: Maushold|move: Protect
|
|-weather|Sandstorm|[upkeep]
|-damage|p2a: Maushold|94/100|[from] Sandstorm
|upkeep
|turn|2
|inactive|pressinblades has 30 seconds left.
|inactive|pressinblades has 20 seconds left.
|
|t:|1782572303
|switch|p2a: Hydreigon|Hydreigon, L50, F|100/100
|move|p1b: Steelix|Protect|p1b: Steelix
|-singleturn|p1b: Steelix|Protect
|move|p2b: Garchomp|Earthquake|p1a: Tyranitar|[spread] p1a
|-activate|p1b: Steelix|move: Protect
|-immune|p2a: Hydreigon|[from] ability: Levitate
|-supereffective|p1a: Tyranitar|1
|-damage|p1a: Tyranitar|0 fnt
|faint|p1a: Tyranitar
|
|-weather|Sandstorm|[upkeep]
|-damage|p2a: Hydreigon|94/100|[from] Sandstorm
|upkeep
|
|t:|1782572315
|switch|p1a: Swampert|Swampert, L50, F|100/100
|turn|3
|inactive|pressinblades has 30 seconds left.
|inactive|zombie wan kenobi has 30 seconds left.
|inactive|pressinblades has 20 seconds left.
|
|t:|1782572358
|move|p2b: Garchomp|Protect|p2b: Garchomp
|-singleturn|p2b: Garchomp|Protect
|move|p1b: Steelix|Protect|p1b: Steelix
|-singleturn|p1b: Steelix|Protect
|move|p2a: Hydreigon|Draco Meteor|p1a: Swampert
|-damage|p1a: Swampert|27/100
|-unboost|p2a: Hydreigon|spa|2
|move|p1a: Swampert|Ice Punch|p2b: Garchomp
|-activate|p2b: Garchomp|move: Protect
|
|-weather|Sandstorm|[upkeep]
|-damage|p2a: Hydreigon|88/100|[from] Sandstorm
|upkeep
|turn|4
|
|t:|1782572375
|move|p2a: Hydreigon|Draco Meteor|p1a: Swampert
|-damage|p1a: Swampert|0 fnt
|-unboost|p2a: Hydreigon|spa|2
|faint|p1a: Swampert
|move|p2b: Garchomp|Earthquake|p1b: Steelix|[spread] p1b
|-immune|p2a: Hydreigon|[from] ability: Levitate
|-supereffective|p1b: Steelix|1
|-damage|p1b: Steelix|54/100
|move|p1b: Steelix|Body Press|p2a: Hydreigon
|-supereffective|p2a: Hydreigon|1
|-damage|p2a: Hydreigon|0 fnt
|faint|p2a: Hydreigon
|
|-weather|Sandstorm|[upkeep]
|upkeep
|inactive|pressinblades has 30 seconds left.
|inactive|pressinblades has 20 seconds left.
|inactive|pressinblades has 15 seconds left.
|inactive|pressinblades has 10 seconds left.
|inactive|pressinblades has 5 seconds left.
|
|t:|1782572427
|switch|p2a: Gardevoir|Gardevoir, L50, M, shiny|100/100
|switch|p1a: Sinistcha|Sinistcha, L50|100/100
|-heal|p1b: Steelix|79/100|[from] ability: Hospitality|[of] p1a: Sinistcha
|turn|5
|
|t:|1782572435
|move|p1b: Steelix|Protect|p1b: Steelix
|-singleturn|p1b: Steelix|Protect
|move|p2b: Garchomp|Earthquake|p1b: Steelix|[spread] p1a
|-activate|p1b: Steelix|move: Protect
|-activate|p2a: Gardevoir|ability: Telepathy
|-resisted|p1a: Sinistcha|1
|-damage|p1a: Sinistcha|83/100
|move|p2a: Gardevoir|Psychic|p1a: Sinistcha
|-damage|p1a: Sinistcha|34/100
|move|p1a: Sinistcha|Trick Room|p1a: Sinistcha
|-fieldstart|move: Trick Room|[of] p1a: Sinistcha
|
|-weather|none
|upkeep
|turn|6
|inactive|zombie wan kenobi has 30 seconds left.
|
|t:|1782572461
|move|p2a: Gardevoir|Protect|p2a: Gardevoir
|-singleturn|p2a: Gardevoir|Protect
|move|p1b: Steelix|High Horsepower|p2b: Garchomp
|-damage|p2b: Garchomp|48/100
|-damage|p1b: Steelix|67/100|[from] ability: Rough Skin|[of] p2b: Garchomp
|move|p1a: Sinistcha|Life Dew|p1a: Sinistcha|[spread] p1a,p1b
|-heal|p1a: Sinistcha|60/100
|-heal|p1b: Steelix|92/100
|move|p2b: Garchomp|Earthquake|p1a: Sinistcha|[spread] p1a,p1b
|-activate|p2a: Gardevoir|move: Protect
|-resisted|p1a: Sinistcha|1
|-crit|p1a: Sinistcha
|-supereffective|p1b: Steelix|1
|-damage|p1a: Sinistcha|37/100
|-damage|p1b: Steelix|41/100
|
|upkeep
|turn|7
|inactive|pressinblades has 30 seconds left.
|
|t:|1782572487
|move|p1b: Steelix|High Horsepower|p2b: Garchomp
|-damage|p2b: Garchomp|0 fnt
|-damage|p1b: Steelix|29/100|[from] ability: Rough Skin|[of] p2b: Garchomp
|faint|p2b: Garchomp
|move|p1a: Sinistcha|Life Dew|p1a: Sinistcha|[spread] p1a,p1b
|-heal|p1a: Sinistcha|62/100
|-heal|p1b: Steelix|54/100
|move|p2a: Gardevoir|Psychic|p1a: Sinistcha
|-damage|p1a: Sinistcha|11/100
|-unboost|p1a: Sinistcha|spd|1
|
|upkeep
|
|t:|1782572499
|switch|p2b: Maushold|Maushold, L50|94/100
|turn|8
|
|t:|1782572509
|detailschange|p2a: Gardevoir|Gardevoir-Mega, L50, M, shiny
|-mega|p2a: Gardevoir|Gardevoir|Gardevoirite
|move|p2b: Maushold|Follow Me|p2b: Maushold
|-singleturn|p2b: Maushold|move: Follow Me
|move|p1b: Steelix|Body Press|p2b: Maushold
|-supereffective|p2b: Maushold|1
|-damage|p2b: Maushold|0 fnt
|faint|p2b: Maushold
|move|p1a: Sinistcha|Life Dew|p1a: Sinistcha|[spread] p1a,p1b
|-heal|p1a: Sinistcha|37/100
|-heal|p1b: Steelix|79/100
|move|p2a: Gardevoir|Hyper Voice|p1b: Steelix|[spread] p1a,p1b
|-resisted|p1b: Steelix|1
|-damage|p1a: Sinistcha|0 fnt
|-damage|p1b: Steelix|52/100
|faint|p1a: Sinistcha
|
|upkeep
|turn|9
|inactive|pressinblades has 30 seconds left.
|
|t:|1782572538
|move|p2a: Gardevoir|Protect|p2a: Gardevoir
|-singleturn|p2a: Gardevoir|Protect
|move|p1b: Steelix|Heavy Slam|p2a: Gardevoir
|-activate|p2a: Gardevoir|move: Protect
|
|-fieldend|move: Trick Room
|upkeep
|turn|10
|
|t:|1782572549
|move|p2a: Gardevoir|Hyper Voice|p1b: Steelix
|-resisted|p1b: Steelix|1
|-damage|p1b: Steelix|19/100
|move|p1b: Steelix|Heavy Slam|p2a: Gardevoir
|-supereffective|p2a: Gardevoir|1
|-damage|p2a: Gardevoir|0 fnt
|faint|p2a: Gardevoir
|
|win|zombie wan kenobi
