|j|☆regitron 21
|j|☆NemoAK
|html|regitron 21NemoAK    
|uhtml|bestof|Game 1 of a best-of-3
|t:|1756532575
|gametype|doubles
|player|p1|regitron 21|shauntal|1109
|player|p2|NemoAK|266|1029
|gen|9
|tier|[Gen 9] VGC 2025 Reg H (Bo3)
|rated|
|rule|Species Clause: Limit one of each Pokémon
|rule|Item Clause: Limit 1 of each item
|clearpoke
|poke|p1|Palafin, L50, M|
|poke|p1|Meowstic, L50, M|
|poke|p1|Volcarona, L50, M|
|poke|p1|Typhlosion-Hisui, L50, F|
|poke|p1|Whimsicott, L50, F|
|poke|p1|Dragonite, L50, F|
|poke|p2|Farigiraf, L50, M|
|poke|p2|Garchomp, L50, M|
|poke|p2|Rillaboom, L50, M|
|poke|p2|Murkrow, L50, M|
|poke|p2|Kingdra, L50, M|
|poke|p2|Kingambit, L50, F|
|teampreview|4
|showteam|p1|Palafin||MysticWater|ZerotoHero|Protect,ThroatChop,JetPunch,CloseCombat|||M|||50|,,,,,Water]Meowstic||CovertCloak|Prankster|FakeOut,AlluringVoice,ThunderWave,SunnyDay|||M|||50|,,,,,Dark]Volcarona||Leftovers|FlameBody|GigaDrain,QuiverDance,BugBuzz,HeatWave|||M|||50|,,,,,Grass]Typhlosion-Hisui||LifeOrb|Blaze|Eruption,ShadowBall,HeatWave,Protect|||F|||50|,,,,,Fire]Whimsicott||FocusSash|Prankster|Moonblast,Taunt,Protect,Tailwind|||F|||50|,,,,,Dark]Dragonite||ClearAmulet|Multiscale|Tailwind,DragonDance,ExtremeSpeed,DragonClaw|||F|||50|,,,,,Normal
|showteam|p2|Farigiraf||ThroatSpray|ArmorTail|HyperVoice,Psychic,TrickRoom,HelpingHand|||M|||50|,,,,,Fairy]Garchomp||LifeOrb|RoughSkin|BreakingSwipe,Protect,StompingTantrum,Earthquake|||M|||50|,,,,,Fairy]Rillaboom||AssaultVest|GrassySurge|GrassyGlide,HighHorsepower,FakeOut,WoodHammer|||M|||50|,,,,,Fire]Murkrow||Eviolite|Prankster|FoulPlay,RainDance,Haze,Tailwind|||M|||50|,,,,,Ghost]Kingdra||MysticWater|SwiftSwim|WeatherBall,DracoMeteor,MuddyWater,Protect|||M|||50|,,,,,Water]Kingambit||SafetyGoggles|Defiant|SuckerPunch,KowtowCleave,Protect,SwordsDance|||F|||50|,,,,,Dark
|inactive|Battle timer is ON: inactive players will automatically lose when time's up. (requested by NemoAK)
|c|☆regitron 21|hey good luck bro nice team
|inactive|regitron 21 has 60 seconds left.
|inactive|regitron 21 has 30 seconds left.
|
|t:|1756532647
|teamsize|p1|4
|teamsize|p2|4
|start
|switch|p1a: Jully|Typhlosion-Hisui, L50, F|100/100
|switch|p1b: Boby|Meowstic, L50, M, shiny|100/100
|switch|p2a: Farigiraf|Farigiraf, L50, M|100/100
|switch|p2b: Rillaboom|Rillaboom, L50, M|100/100
|-fieldstart|move: Grassy Terrain|[from] ability: Grassy Surge|[of] p2b: Rillaboom
|turn|1
|inactive|NemoAK has 30 seconds left.
|
|t:|1756532679
|-terastallize|p2b: Rillaboom|Fire
|move|p2b: Rillaboom|Fake Out|p1b: Boby
|-damage|p1b: Boby|82/100
|move|p1b: Boby|Sunny Day|p1b: Boby
|-weather|SunnyDay
|move|p1a: Jully|Eruption|p2a: Farigiraf|[spread] p2a,p2b
|-resisted|p2b: Rillaboom
|-damage|p2a: Farigiraf|9/100
|-damage|p2b: Rillaboom|58/100
|-damage|p1a: Jully|91/100|[from] item: Life Orb
|move|p2a: Farigiraf|Trick Room|p2a: Farigiraf
|-fieldstart|move: Trick Room|[of] p2a: Farigiraf
|
|-weather|SunnyDay|[upkeep]
|-heal|p2a: Farigiraf|15/100|[from] Grassy Terrain
|-heal|p2b: Rillaboom|64/100|[from] Grassy Terrain
|-heal|p1a: Jully|97/100|[from] Grassy Terrain
|-heal|p1b: Boby|88/100|[from] Grassy Terrain
|upkeep
|turn|2
|
|t:|1756532697
|move|p2a: Farigiraf|Hyper Voice|p1b: Boby|[spread] p1b
|-immune|p1a: Jully
|-damage|p1b: Boby|53/100
|-enditem|p2a: Farigiraf|Throat Spray
|-boost|p2a: Farigiraf|spa|1|[from] item: Throat Spray
|move|p2b: Rillaboom|High Horsepower|p1a: Jully
|-supereffective|p1a: Jully
|-damage|p1a: Jully|0 fnt
|faint|p1a: Jully
|move|p1b: Boby|Alluring Voice|p2a: Farigiraf
|-damage|p2a: Farigiraf|0 fnt
|faint|p2a: Farigiraf
|
|-weather|SunnyDay|[upkeep]
|-heal|p2b: Rillaboom|70/100|[from] Grassy Terrain
|-heal|p1b: Boby|59/100|[from] Grassy Terrain
|upkeep
|
|t:|1756532714
|switch|p2a: Kingambit|Kingambit, L50, F|100/100
|switch|p1a: Carlk Ent|Palafin, L50, M|100/100
|turn|3
|
|t:|1756532731
|detailschange|p1a: Carlk Ent|Palafin-Hero, L50, M
|switch|p1a: Sugar|Whimsicott, L50, F|100/100
|move|p1b: Boby|Thunder Wave|p2a: Kingambit
|-hint|Since gen 7, Dark is immune to Prankster moves.
|-immune|p2a: Kingambit
|move|p2a: Kingambit|Kowtow Cleave|p1b: Boby
|-supereffective|p1b: Boby
|-damage|p1b: Boby|0 fnt
|faint|p1b: Boby
|move|p2b: Rillaboom|Wood Hammer|p1a: Sugar
|-resisted|p1a: Sugar
|-damage|p1a: Sugar|37/100
|-damage|p2b: Rillaboom|54/100|[from] Recoil
|
|-weather|SunnyDay|[upkeep]
|-heal|p2b: Rillaboom|59/100|[from] Grassy Terrain
|-heal|p1a: Sugar|43/100|[from] Grassy Terrain
|upkeep
|
|t:|1756532736
|switch|p1b: Carlk Ent|Palafin-Hero, L50, M|100/100
|-activate|p1b: Carlk Ent|ability: Zero to Hero
|turn|4
|
|t:|1756532761
|-terastallize|p1b: Carlk Ent|Water
|move|p1a: Sugar|Protect|p1a: Sugar
|-singleturn|p1a: Sugar|Protect
|move|p1b: Carlk Ent|Jet Punch|p2b: Rillaboom
|-supereffective|p2b: Rillaboom
|-damage|p2b: Rillaboom|0 fnt
|faint|p2b: Rillaboom
|move|p2a: Kingambit|Kowtow Cleave|p1b: Carlk Ent
|-damage|p1b: Carlk Ent|47/100
|
|-weather|SunnyDay|[upkeep]
|-heal|p1b: Carlk Ent|53/100|[from] Grassy Terrain
|-heal|p1a: Sugar|49/100|[from] Grassy Terrain
|upkeep
|
|t:|1756532775
|switch|p2b: Garchomp|Garchomp, L50, M|100/100
|turn|5
|inactive|regitron 21 has 30 seconds left.
|inactive|regitron 21 has 20 seconds left.
|
|t:|1756532814
|move|p1b: Carlk Ent|Protect|p1b: Carlk Ent
|-singleturn|p1b: Carlk Ent|Protect
|move|p2a: Kingambit|Kowtow Cleave|p1a: Sugar
|-resisted|p1a: Sugar
|-damage|p1a: Sugar|9/100
|move|p2b: Garchomp|Stomping Tantrum|p1a: Sugar
|-resisted|p1a: Sugar
|-damage|p1a: Sugar|0 fnt
|faint|p1a: Sugar
|-damage|p2b: Garchomp|91/100|[from] item: Life Orb
|
|-weather|none
|-heal|p1b: Carlk Ent|60/100|[from] Grassy Terrain
|-heal|p2b: Garchomp|97/100|[from] Grassy Terrain
|-fieldend|move: Trick Room
|-fieldend|move: Grassy Terrain
|upkeep
|turn|6
|
|t:|1756532833
|move|p1b: Carlk Ent|Jet Punch|p2b: Garchomp
|-damage|p2b: Garchomp|25/100
|-damage|p1b: Carlk Ent|47/100|[from] ability: Rough Skin|[of] p2b: Garchomp
|move|p2a: Kingambit|Sucker Punch||[still]
|-fail|p2a: Kingambit
|move|p2b: Garchomp|Breaking Swipe|p1b: Carlk Ent
|-damage|p1b: Carlk Ent|2/100
|-unboost|p1b: Carlk Ent|atk|1
|-damage|p2b: Garchomp|15/100|[from] item: Life Orb
|
|upkeep
|turn|7
|c|☆regitron 21|gg
|
|t:|1756532849
|move|p1b: Carlk Ent|Jet Punch|p2b: Garchomp
|-damage|p2b: Garchomp|0 fnt
|-damage|p1b: Carlk Ent|0 fnt|[from] ability: Rough Skin|[of] p2b: Garchomp
|faint|p2b: Garchomp
|faint|p1b: Carlk Ent
|
|win|NemoAK
||regitron 21 is ready for game 2.
||NemoAK is ready for game 2.
|uhtml|next|Next: Game 2 of 3
