|j|☆Lego Darth Malgus
|j|☆Goat pincurchin
|html|Lego Darth MalgusGoat pincurchin    
|uhtml|bestof|Game 1 of a best-of-3
|t:|1757018098
|gametype|doubles
|player|p1|Lego Darth Malgus|2|1328
|player|p2|Goat pincurchin|2|1320
|gen|9
|tier|[Gen 9] VGC 2025 Reg H (Bo3)
|rated|
|rule|Species Clause: Limit one of each Pokémon
|rule|Item Clause: Limit 1 of each item
|clearpoke
|poke|p1|Kommo-o, L50, M|
|poke|p1|Tyranitar, L50, F|
|poke|p1|Excadrill, L50, F|
|poke|p1|Samurott-Hisui, L50, M|
|poke|p1|Rillaboom, L50, F|
|poke|p1|Volcarona, L50, F|
|poke|p2|Gholdengo, L50|
|poke|p2|Rillaboom, L50, F|
|poke|p2|Ninetales-Alola, L50, F|
|poke|p2|Arcanine-Hisui, L50, M|
|poke|p2|Annihilape, L50, M|
|poke|p2|Volcarona, L50, F|
|teampreview|4
|showteam|p1|Kommo-o||GrassySeed|Overcoat|BodyPress,IronDefense,Protect,DragonPulse|||M|||50|,,,,,Fairy]Tyranitar||ChoiceScarf|SandStream|RockSlide,KnockOff,TeraBlast,LowKick|||F|||50|,,,,,Flying]Excadrill||FocusSash|SandRush|HighHorsepower,IronHead,Bulldoze,Protect|||F|||50|,,,,,Ghost]Samurott-Hisui||AssaultVest|Sharpness|NightSlash,AquaCutter,SacredSword,SuckerPunch|||M|||50|,,,,,Ghost]Rillaboom||MiracleSeed|GrassySurge|FakeOut,DrumBeating,GrassyGlide,Taunt|||F|||50|,,,,,Water]Volcarona||SitrusBerry|FlameBody|QuiverDance,HeatWave,TeraBlast,Protect|||F|||50|,,,,,Fairy
|showteam|p2|Gholdengo||GrassySeed|GoodasGold|NastyPlot,MakeItRain,ShadowBall,Protect||||||50|,,,,,Water]Rillaboom||AssaultVest|GrassySurge|FakeOut,GrassyGlide,DrumBeating,HighHorsepower|||F|||50|,,,,,Fire]Ninetales-Alola||FocusSash|SnowWarning|Blizzard,IcyWind,Encore,AuroraVeil|||F|||50|,,,,,Ghost]Arcanine-Hisui||ClearAmulet|Intimidate|RockSlide,FlareBlitz,ExtremeSpeed,Protect|||M|||50|,,,,,Water]Annihilape||SafetyGoggles|Defiant|RageFist,CloseCombat,FinalGambit,Taunt|||M|||50|,,,,,Water]Volcarona||SitrusBerry|FlameBody|Flamethrower,StruggleBug,Tailwind,RagePowder|||F|||50|,,,,,Grass
|inactive|Battle timer is ON: inactive players will automatically lose when time's up. (requested by Lego Darth Malgus)
|inactive|Goat pincurchin also wants the timer to be on.
|inactive|Lego Darth Malgus has 60 seconds left.
|inactive|Goat pincurchin has 60 seconds left.
|
|t:|1757018146
|teamsize|p1|4
|teamsize|p2|4
|start
|switch|p1a: Tyranitar|Tyranitar, L50, F|100/100
|switch|p1b: Excadrill|Excadrill, L50, F, shiny|100/100
|switch|p2a: Gholdengo|Gholdengo, L50|100/100
|switch|p2b: Arcanine|Arcanine-Hisui, L50, M|100/100
|-weather|Sandstorm|[from] ability: Sand Stream|[of] p1a: Tyranitar
|-ability|p2b: Arcanine|Intimidate|boost
|-unboost|p1a: Tyranitar|atk|1
|-unboost|p1b: Excadrill|atk|1
|turn|1
|
|t:|1757018167
|switch|p2b: Rillaboom|Rillaboom, L50, F|100/100
|-fieldstart|move: Grassy Terrain|[from] ability: Grassy Surge|[of] p2b: Rillaboom
|-enditem|p2a: Gholdengo|Grassy Seed
|-boost|p2a: Gholdengo|def|1|[from] item: Grassy Seed
|-terastallize|p1a: Tyranitar|Flying
|-terastallize|p2a: Gholdengo|Water
|move|p1b: Excadrill|Bulldoze|p2a: Gholdengo|[spread] p2a,p2b
|-immune|p1a: Tyranitar
|-resisted|p2b: Rillaboom
|-damage|p2a: Gholdengo|95/100
|-damage|p2b: Rillaboom|96/100
|-unboost|p2a: Gholdengo|spe|1
|-unboost|p2b: Rillaboom|spe|1
|move|p1a: Tyranitar|Tera Blast|p2b: Rillaboom|[anim] Tera Blast Flying
|-supereffective|p2b: Rillaboom
|-damage|p2b: Rillaboom|42/100
|move|p2a: Gholdengo|Nasty Plot|p2a: Gholdengo
|-boost|p2a: Gholdengo|spa|2
|
|-weather|Sandstorm|[upkeep]
|-damage|p1a: Tyranitar|95/100|[from] Sandstorm
|-damage|p2b: Rillaboom|36/100|[from] Sandstorm
|-damage|p2a: Gholdengo|89/100|[from] Sandstorm
|-heal|p2b: Rillaboom|42/100|[from] Grassy Terrain
|-heal|p2a: Gholdengo|95/100|[from] Grassy Terrain
|upkeep
|turn|2
|
|t:|1757018192
|switch|p1a: Volcarona|Volcarona, L50, F, shiny|100/100
|switch|p2b: Arcanine|Arcanine-Hisui, L50, M|100/100
|-ability|p2b: Arcanine|Intimidate|boost
|-unboost|p1a: Volcarona|atk|1
|-unboost|p1b: Excadrill|atk|1
|move|p1b: Excadrill|Protect|p1b: Excadrill
|-singleturn|p1b: Excadrill|Protect
|move|p2a: Gholdengo|Shadow Ball|p1b: Excadrill
|-activate|p1b: Excadrill|move: Protect
|
|-weather|Sandstorm|[upkeep]
|-damage|p1a: Volcarona|95/100|[from] Sandstorm
|-damage|p2a: Gholdengo|89/100|[from] Sandstorm
|-heal|p1a: Volcarona|100/100|[from] Grassy Terrain
|-heal|p2a: Gholdengo|95/100|[from] Grassy Terrain
|upkeep
|turn|3
|inactive|Goat pincurchin has 30 seconds left.
|
|t:|1757018221
|move|p2b: Arcanine|Protect|p2b: Arcanine
|-singleturn|p2b: Arcanine|Protect
|move|p1b: Excadrill|High Horsepower|p2b: Arcanine
|-activate|p2b: Arcanine|move: Protect
|move|p1a: Volcarona|Quiver Dance|p1a: Volcarona
|-boost|p1a: Volcarona|spa|1
|-boost|p1a: Volcarona|spd|1
|-boost|p1a: Volcarona|spe|1
|move|p2a: Gholdengo|Shadow Ball|p1b: Excadrill
|-enditem|p1b: Excadrill|Focus Sash
|-damage|p1b: Excadrill|1/100
|
|-weather|Sandstorm|[upkeep]
|-damage|p1a: Volcarona|95/100|[from] Sandstorm
|-damage|p2a: Gholdengo|89/100|[from] Sandstorm
|-heal|p1b: Excadrill|7/100|[from] Grassy Terrain
|-heal|p1a: Volcarona|100/100|[from] Grassy Terrain
|-heal|p2a: Gholdengo|95/100|[from] Grassy Terrain
|upkeep
|turn|4
|
|t:|1757018238
|move|p2b: Arcanine|Extreme Speed|p1b: Excadrill
|-resisted|p1b: Excadrill
|-damage|p1b: Excadrill|0 fnt
|faint|p1b: Excadrill
|move|p1a: Volcarona|Heat Wave|p2a: Gholdengo|[spread] p2b
|-miss|p1a: Volcarona|p2a: Gholdengo
|-resisted|p2b: Arcanine
|-damage|p2b: Arcanine|90/100
|move|p2a: Gholdengo|Shadow Ball|p1a: Volcarona
|-damage|p1a: Volcarona|53/100
|
|-weather|Sandstorm|[upkeep]
|-damage|p1a: Volcarona|47/100|[from] Sandstorm
|-damage|p2a: Gholdengo|89/100|[from] Sandstorm
|-enditem|p1a: Volcarona|Sitrus Berry|[eat]
|-heal|p1a: Volcarona|72/100|[from] item: Sitrus Berry
|-heal|p1a: Volcarona|78/100|[from] Grassy Terrain
|-heal|p2b: Arcanine|96/100|[from] Grassy Terrain
|-heal|p2a: Gholdengo|95/100|[from] Grassy Terrain
|upkeep
|
|t:|1757018243
|switch|p1b: Tyranitar|Tyranitar, L50, F, tera:Flying|95/100
|turn|5
|inactive|Goat pincurchin has 30 seconds left.
|
|t:|1757018271
|move|p1a: Volcarona|Quiver Dance|p1a: Volcarona
|-boost|p1a: Volcarona|spa|1
|-boost|p1a: Volcarona|spd|1
|-boost|p1a: Volcarona|spe|1
|move|p1b: Tyranitar|Rock Slide|p2a: Gholdengo|[spread] p2a,p2b
|-supereffective|p2b: Arcanine
|-damage|p2a: Gholdengo|76/100
|-damage|p2b: Arcanine|15/100
|move|p2b: Arcanine|Rock Slide|p1a: Volcarona|[spread] p1a,p1b
|-supereffective|p1a: Volcarona
|-supereffective|p1b: Tyranitar
|-damage|p1a: Volcarona|0 fnt
|-damage|p1b: Tyranitar|46/100
|faint|p1a: Volcarona
|move|p2a: Gholdengo|Make It Rain|p1b: Tyranitar
|-damage|p1b: Tyranitar|0 fnt
|-unboost|p2a: Gholdengo|spa|1
|faint|p1b: Tyranitar
|
|-weather|none
|-heal|p2b: Arcanine|21/100|[from] Grassy Terrain
|-heal|p2a: Gholdengo|82/100|[from] Grassy Terrain
|-fieldend|move: Grassy Terrain
|upkeep
|-message|Lego Darth Malgus forfeited.
|
|win|Goat pincurchin
||Lego Darth Malgus is ready for game 2.
|inactive|Goat pincurchin has 30 seconds to confirm battle start!
||Goat pincurchin is ready for game 2.
|uhtml|next|Next: Game 2 of 3
