|j|☆Muichiro25
|j|☆lux raymundi
|html|Muichiro25lux raymundi    
|uhtml|bestof|Game 1 of a best-of-3
|t:|1782678482
|gametype|doubles
|player|p1|Muichiro25|n|1289
|player|p2|lux raymundi|169|1239
|gen|9
|tier|[Gen 9 Champions] VGC 2026 Reg M-B (Bo3)
|rated|
|rule|Species Clause: Limit one of each Pokémon
|rule|Item Clause: Limit 1 of each item
|clearpoke
|poke|p1|Basculegion, L50, M|
|poke|p1|Garchomp, L50, M|
|poke|p1|Charizard, L50, M|
|poke|p1|Kingambit, L50, M|
|poke|p1|Gholdengo, L50|
|poke|p1|Whimsicott, L50, F|
|poke|p2|Garchomp, L50, M|
|poke|p2|Sneasler, L50, F|
|poke|p2|Sinistcha, L50|
|poke|p2|Eelektross, L50, F|
|poke|p2|Delphox, L50, F|
|poke|p2|Basculegion, L50, M|
|teampreview|4
|showteam|p1|Basculegion||ChoiceScarf|Adaptability|AquaJet,LastRespects,WaveCrash,FlipTurn|Jolly||M|||50|]Garchomp||LifeOrb|RoughSkin|DragonClaw,Earthquake,Protect,RockTomb|Jolly||M|||50|]Charizard||CharizarditeY|Blaze|Protect,HeatWave,WeatherBall,SolarBeam|Modest||M|||50|]Kingambit||BlackGlasses|Defiant|SuckerPunch,KowtowCleave,Protect,LowKick|Adamant||M|||50|]Gholdengo||MetalCoat|GoodasGold|Protect,NastyPlot,ShadowBall,MakeItRain|Modest|||||50|]Whimsicott||FocusSash|Prankster|Tailwind,Moonblast,Protect,Encore|Timid||F|||50|
|showteam|p2|Garchomp||LifeOrb|RoughSkin|Earthquake,RockTomb,DragonClaw,Protect|Jolly||M|||50|]Sneasler||FocusSash|Unburden|FakeOut,CloseCombat,DireClaw,Protect|Jolly||F|||50|]Sinistcha||SitrusBerry|Hospitality|MatchaGotcha,RagePowder,TrickRoom,Protect|Bold|||||50|]Eelektross||Eelektrossite|Levitate|Protect,Electroweb,Flamethrower,Thunderbolt|Timid||F|||50|]Delphox||Delphoxite|Blaze|NastyPlot,HeatWave,Psychic,Protect|Timid||F|||50|]Basculegion||ChoiceScarf|Adaptability|FlipTurn,AquaJet,WaveCrash,LastRespects|Jolly||M|||50|
|inactive|Battle timer is ON: inactive players will automatically lose when time's up. (requested by Muichiro25)
|
|t:|1782678507
|teamsize|p1|4
|teamsize|p2|4
|start
|switch|p1a: Whimsicott|Whimsicott, L50, F|100/100
|switch|p1b: Basculegion|Basculegion, L50, M|100/100
|switch|p2a: Garchomp|Garchomp, L50, M|100/100
|switch|p2b: Eelektross|Eelektross, L50, F|100/100
|turn|1
|
|t:|1782678527
|detailschange|p2b: Eelektross|Eelektross-Mega, L50, F
|-mega|p2b: Eelektross|Eelektross|Eelektrossite
|move|p1a: Whimsicott|Protect|p1a: Whimsicott
|-singleturn|p1a: Whimsicott|Protect
|move|p1b: Basculegion|Flip Turn|p2b: Eelektross
|-damage|p2b: Eelektross|46/100
|
|t:|1782678534
|switch|p1b: Garchomp|Garchomp, L50, M|100/100|[from] Flip Turn
|move|p2a: Garchomp|Earthquake|p1b: Garchomp|[spread] p1b
|-activate|p1a: Whimsicott|move: Protect
|-immune|p2b: Eelektross|[from] ability: Levitate
|-damage|p1b: Garchomp|53/100
|-damage|p2a: Garchomp|90/100|[from] item: Life Orb
|move|p2b: Eelektross|Electroweb|p1b: Garchomp|[spread] 
|-activate|p1a: Whimsicott|move: Protect
|-immune|p1b: Garchomp
|
|upkeep
|turn|2
|
|t:|1782678559
|switch|p2b: Sinistcha|Sinistcha, L50|100/100
|-heal|p2a: Garchomp|100/100|[from] ability: Hospitality|[of] p2b: Sinistcha
|move|p1a: Whimsicott|Tailwind|p1a: Whimsicott
|-sidestart|p1: Muichiro25|move: Tailwind
|move|p1b: Garchomp|Dragon Claw|p2a: Garchomp
|-supereffective|p2a: Garchomp|1
|-damage|p2a: Garchomp|4/100
|-damage|p1b: Garchomp|41/100|[from] ability: Rough Skin|[of] p2a: Garchomp
|-damage|p1b: Garchomp|31/100|[from] item: Life Orb
|move|p2a: Garchomp|Dragon Claw|p1b: Garchomp
|-supereffective|p1b: Garchomp|1
|-damage|p1b: Garchomp|0 fnt
|-damage|p2a: Garchomp|0 fnt|[from] ability: Rough Skin|[of] p1b: Garchomp
|faint|p1b: Garchomp
|faint|p2a: Garchomp
|
|upkeep
|
|t:|1782678575
|switch|p1b: Kingambit|Kingambit, L50, M|100/100
|switch|p2a: Eelektross|Eelektross-Mega, L50, F|46/100
|turn|3
|
|t:|1782678592
|move|p1b: Kingambit|Protect|p1b: Kingambit
|-singleturn|p1b: Kingambit|Protect
|move|p2b: Sinistcha|Rage Powder|p2b: Sinistcha
|-singleturn|p2b: Sinistcha|move: Rage Powder
|move|p1a: Whimsicott|Moonblast|p2a: Eelektross
|-damage|p2a: Eelektross|2/100
|move|p2a: Eelektross|Flamethrower|p1b: Kingambit
|-activate|p1b: Kingambit|move: Protect
|
|upkeep
|turn|4
|
|t:|1782678603
|switch|p2a: Sneasler|Sneasler, L50, F|100/100
|move|p1a: Whimsicott|Moonblast|p2a: Sneasler
|-damage|p2a: Sneasler|50/100g
|move|p1b: Kingambit|Kowtow Cleave|p2b: Sinistcha
|-supereffective|p2b: Sinistcha|1
|-damage|p2b: Sinistcha|1/100
|-enditem|p2b: Sinistcha|Sitrus Berry|[eat]
|-heal|p2b: Sinistcha|25/100|[from] item: Sitrus Berry
|move|p2b: Sinistcha|Matcha Gotcha|p1a: Whimsicott|[spread] p1a
|-miss|p2b: Sinistcha|p1b: Kingambit
|-resisted|p1a: Whimsicott|1
|-damage|p1a: Whimsicott|81/100
|-heal|p2b: Sinistcha|33/100|[from] drain|[of] p1a: Whimsicott
|
|upkeep
|turn|5
|inactive|Muichiro25 has 30 seconds left.
|inactive|Muichiro25 has 20 seconds left.
|
|t:|1782678641
|move|p1a: Whimsicott|Moonblast|p2a: Sneasler
|-damage|p2a: Sneasler|1/100
|move|p2a: Sneasler|Dire Claw|p1a: Whimsicott
|-supereffective|p1a: Whimsicott|2
|-damage|p1a: Whimsicott|0 fnt
|faint|p1a: Whimsicott
|move|p1b: Kingambit|Kowtow Cleave|p2a: Sneasler
|-resisted|p2a: Sneasler|1
|-damage|p2a: Sneasler|0 fnt
|faint|p2a: Sneasler
|move|p2b: Sinistcha|Matcha Gotcha|p1b: Kingambit
|-resisted|p1b: Kingambit|1
|-damage|p1b: Kingambit|84/100
|-heal|p2b: Sinistcha|42/100|[from] drain|[of] p1b: Kingambit
|
|-sideend|p1: Muichiro25|move: Tailwind
|upkeep
|
|t:|1782678646
|switch|p2a: Eelektross|Eelektross-Mega, L50, F|2/100
|switch|p1a: Basculegion|Basculegion, L50, M|100/100
|turn|6
|
|t:|1782678658
|move|p2b: Sinistcha|Rage Powder|p2b: Sinistcha
|-singleturn|p2b: Sinistcha|move: Rage Powder
|move|p1a: Basculegion|Last Respects|p2b: Sinistcha
|-supereffective|p2b: Sinistcha|1
|-damage|p2b: Sinistcha|0 fnt
|faint|p2b: Sinistcha
|move|p2a: Eelektross|Electroweb|p1a: Basculegion|[spread] p1a,p1b
|-supereffective|p1a: Basculegion|1
|-damage|p1a: Basculegion|51/100
|-damage|p1b: Kingambit|62/100
|-unboost|p1a: Basculegion|spe|1
|-unboost|p1b: Kingambit|spe|1
|-ability|p1b: Kingambit|Defiant|boost
|-boost|p1b: Kingambit|atk|2
|move|p1b: Kingambit|Kowtow Cleave|p2a: Eelektross
|-damage|p2a: Eelektross|0 fnt
|faint|p2a: Eelektross
|
|win|Muichiro25
