|j|☆Fractured_Pixels
|j|☆ground tera
|html|Fractured_Pixelsground tera    
|uhtml|bestof|Game 1 of a best-of-3
|t:|1783104163
|gametype|doubles
|player|p1|Fractured_Pixels|102|1000
|player|p2|ground tera|170|1049
|gen|9
|tier|[Gen 9 Champions] VGC 2026 Reg M-B (Bo3)
|rated|
|rule|Species Clause: Limit one of each Pokémon
|rule|Item Clause: Limit 1 of each item
|clearpoke
|poke|p1|Staraptor, L50, F|
|poke|p1|Whimsicott, L50, F|
|poke|p1|Incineroar, L50, F|
|poke|p1|Raichu, L50, M|
|poke|p1|Archaludon, L50, F|
|poke|p1|Sinistcha-Masterpiece, L50|
|poke|p2|Archaludon, L50, F|
|poke|p2|Floette-Eternal, L50, F|
|poke|p2|Incineroar, L50, F|
|poke|p2|Pelipper, L50, F|
|poke|p2|Sinistcha, L50|
|poke|p2|Swampert, L50, M|
|teampreview|4
|showteam|p1|Staraptor||Staraptite|Intimidate|Protect,CloseCombat,BraveBird,Roost|Adamant||F|||50|]Whimsicott||FocusSash|Prankster|Charm,Tailwind,Protect,Moonblast|Bold||F|||50|]Incineroar||LifeOrb|Intimidate|DarkestLariat,FlareBlitz,FakeOut,Protect|Adamant||F|||50|]Raichu||RaichuniteY|LightningRod|ZapCannon,FocusBlast,Protect,DazzlingGleam|Timid||M|||50|]Archaludon||DragonFang|Stamina|ElectroShot,DracoMeteor,FlashCannon,Protect|Timid||F|||50|]Sinistcha-Masterpiece||SitrusBerry|Hospitality|MatchaGotcha,StrengthSap,LifeDew,Protect|Bold|||||50|
|showteam|p2|Archaludon||Leftovers|Stamina|Protect,ElectroShot,DracoMeteor,FlashCannon|Modest||F|||50|]Floette-Eternal||Floettite|FlowerVeil|Protect,Moonblast,DazzlingGleam,CalmMind|Modest||F|||50|]Incineroar||PasshoBerry|Intimidate|FakeOut,PartingShot,FlareBlitz,ThroatChop|Careful||F|||50|]Pelipper||LifeOrb|Drizzle|Tailwind,WeatherBall,Hurricane,HelpingHand|Modest||F|||50|]Sinistcha||SitrusBerry|Hospitality|Protect,MatchaGotcha,RagePowder,TrickRoom|Bold|||||50|]Swampert||Swampertite|Torrent|Protect,WaveCrash,HighHorsepower,IcePunch|Adamant||M|||50|
|
|t:|1783104190
|teamsize|p1|4
|teamsize|p2|4
|start
|switch|p1a: Raichu|Raichu, L50, M|100/100
|switch|p1b: Whimsicott|Whimsicott, L50, F|100/100
|switch|p2a: Incineroar|Incineroar, L50, F|100/100
|switch|p2b: Floette|Floette-Eternal, L50, F|100/100
|-ability|p2a: Incineroar|Intimidate|boost
|-unboost|p1a: Raichu|atk|1
|-unboost|p1b: Whimsicott|atk|1
|turn|1
|
|t:|1783104215
|detailschange|p1a: Raichu|Raichu-Mega-Y, L50, M
|-mega|p1a: Raichu|Raichu|Raichunite Y
|detailschange|p2b: Floette|Floette-Mega, L50, F
|-mega|p2b: Floette|Floette|Floettite
|-ability|p2b: Floette|Fairy Aura
|move|p1a: Raichu|Protect|p1a: Raichu
|-singleturn|p1a: Raichu|Protect
|move|p2a: Incineroar|Fake Out|p1b: Whimsicott
|-damage|p1b: Whimsicott|91/100
|cant|p1b: Whimsicott|flinch
|move|p2b: Floette|Moonblast|p1a: Raichu
|-activate|p1a: Raichu|move: Protect
|
|upkeep
|turn|2
|
|t:|1783104230
|move|p2b: Floette|Protect|p2b: Floette
|-singleturn|p2b: Floette|Protect
|move|p1b: Whimsicott|Tailwind|p1b: Whimsicott
|-sidestart|p1: Fractured_Pixels|move: Tailwind
|move|p1a: Raichu|Zap Cannon|p2b: Floette
|-activate|p2b: Floette|move: Protect
|move|p2a: Incineroar|Flare Blitz|p1a: Raichu
|-damage|p1a: Raichu|9/100
|-status|p1a: Raichu|brn
|-damage|p2a: Incineroar|79/100|[from] Recoil
|
|-damage|p1a: Raichu|3/100 brn|[from] brn
|upkeep
|turn|3
|
|t:|1783104249
|switch|p2b: Sinistcha|Sinistcha, L50|100/100
|-heal|p2a: Incineroar|100/100|[from] ability: Hospitality|[of] p2b: Sinistcha
|move|p1a: Raichu|Zap Cannon|p2a: Incineroar
|-damage|p2a: Incineroar|37/100
|-status|p2a: Incineroar|par
|move|p1b: Whimsicott|Moonblast|p2a: Incineroar
|-damage|p2a: Incineroar|16/100 par
|move|p2a: Incineroar|Flare Blitz|p1b: Whimsicott
|-supereffective|p1b: Whimsicott|1
|-damage|p1b: Whimsicott|8/100
|-damage|p2a: Incineroar|0 fnt|[from] Recoil
|faint|p2a: Incineroar
|
|-damage|p1a: Raichu|0 fnt|[from] brn
|faint|p1a: Raichu
|upkeep
|
|t:|1783104267
|switch|p1a: Archaludon|Archaludon, L50, F|100/100
|switch|p2a: Floette|Floette-Mega, L50, F|100/100
|-ability|p2a: Floette|Fairy Aura
|turn|4
|
|t:|1783104293
|move|p1b: Whimsicott|Protect|p1b: Whimsicott
|-singleturn|p1b: Whimsicott|Protect
|move|p2b: Sinistcha|Rage Powder|p2b: Sinistcha
|-singleturn|p2b: Sinistcha|move: Rage Powder
|move|p1a: Archaludon|Flash Cannon|p2b: Sinistcha
|-damage|p2b: Sinistcha|59/100
|move|p2a: Floette|Dazzling Gleam|p1b: Whimsicott|[spread] p1a
|-activate|p1b: Whimsicott|move: Protect
|-damage|p1a: Archaludon|33/100
|-ability|p1a: Archaludon|Stamina|boost
|-boost|p1a: Archaludon|def|1
|
|upkeep
|turn|5
|
|t:|1783104309
|move|p2b: Sinistcha|Rage Powder|p2b: Sinistcha
|-singleturn|p2b: Sinistcha|move: Rage Powder
|move|p1a: Archaludon|Flash Cannon|p2b: Sinistcha
|-damage|p2b: Sinistcha|19/100
|-unboost|p2b: Sinistcha|spd|1
|-enditem|p2b: Sinistcha|Sitrus Berry|[eat]
|-heal|p2b: Sinistcha|44/100|[from] item: Sitrus Berry
|move|p1b: Whimsicott|Moonblast|p2a: Floette
|-damage|p2a: Floette|71/100
|move|p2a: Floette|Dazzling Gleam|p1b: Whimsicott|[spread] p1a,p1b
|-damage|p1a: Archaludon|0 fnt
|-damage|p1b: Whimsicott|0 fnt
|faint|p1a: Archaludon
|faint|p1b: Whimsicott
|
|-sideend|p1: Fractured_Pixels|move: Tailwind
|upkeep
|-message|Fractured_Pixels forfeited.
|raw|Fractured_Pixels's rating: 1000 → 1000(+0 for losing)
|raw|ground tera's rating: 1049 → 1077(+28 for winning)
|
|win|ground tera
|l|☆Fractured_Pixels
|player|p1|
