|j|☆ncsha
|j|☆Gunkly
|html|ncshaGunkly    
|uhtml|bestof|Game 3 of a best-of-3
|t:|1784481516
|gametype|doubles
|player|p1|ncsha|wallace|
|player|p2|Gunkly|265|
|gen|9
|tier|[Gen 9 Champions] VGC 2026 Reg M-B (Bo3)
|rule|Species Clause: Limit one of each Pokémon
|rule|Item Clause: Limit 1 of each item
|clearpoke
|poke|p1|Charizard, L50, F|
|poke|p1|Vileplume, L50, M|
|poke|p1|Empoleon, L50, F|
|poke|p1|Rotom-Heat, L50|
|poke|p1|Excadrill, L50, F|
|poke|p1|Meowstic-F, L50, F|
|poke|p2|Starmie, L50|
|poke|p2|Grimmsnarl, L50, M|
|poke|p2|Golurk, L50|
|poke|p2|Drampa, L50, F|
|poke|p2|Zoroark-Hisui, L50, M|
|poke|p2|Sinistcha, L50|
|teampreview|4
|showteam|p1|Charizard||CharizarditeY|Blaze|HeatWave,SolarBeam,Protect,RockSlide|Hasty||F|||50|]Vileplume||FocusSash|Chlorophyll|StunSpore,SleepPowder,GigaDrain,Protect|Timid||M|||50|]Empoleon||ExpertBelt|Competitive|IceBeam,HydroPump,FlashCannon,ThroatChop|Sassy||F|||50|]Rotom-Heat||SitrusBerry|Levitate|DarkPulse,Thunderbolt,Overheat,VoltSwitch|Timid|||||50|]Excadrill||LifeOrb|MoldBreaker|Earthquake,EarthPower,RockSlide,Protect|Hasty||F|||50|]Meowstic-F||ChoiceScarf|Competitive|DarkPulse,Psychic,ShadowBall,AlluringVoice|Timid||F|||50|
|showteam|p2|Starmie||ExpertBelt|NaturalCure|Psychic,Thunderbolt,TrickRoom,RainDance|Calm|||||50|]Grimmsnarl||LightClay|Prankster|LightScreen,FakeOut,PartingShot,Crunch|Sassy||M|||50|]Golurk||Golurkite|IronFist|Protect,Poltergeist,RockSlide,Earthquake|Sassy|||||50|]Drampa||Drampanite|CloudNine|Protect,DragonPulse,Thunderbolt,HyperVoice|Quiet||F|||50|]Zoroark-Hisui||FocusSash|Illusion|Comeuppance,RainDance,HyperVoice,ShadowBall|Mild||M|||50|]Sinistcha||SitrusBerry|Hospitality|LifeDew,ShadowBall,TrickRoom,RagePowder|Calm|||||50|
|j| PinguNootxNoot
|j| giby0520
|
|t:|1784481593
|teamsize|p1|4
|teamsize|p2|4
|start
|switch|p1a: Empoleon|Empoleon, L50, F|100/100
|switch|p1b: Rotom|Rotom-Heat, L50|100/100
|switch|p2a: Grimmsnarl|Grimmsnarl, L50, M|100/100
|switch|p2b: Drampa|Drampa, L50, F|100/100
|turn|1
|
|t:|1784481633
|switch|p1a: Meowstic|Meowstic-F, L50, F|100/100
|move|p2a: Grimmsnarl|Fake Out|p1b: Rotom
|-damage|p1b: Rotom|85/100
|cant|p1b: Rotom|flinch
|move|p2b: Drampa|Comeuppance||[still]
|-fail|p2b: Drampa
|
|upkeep
|turn|2
|
|t:|1784481650
|move|p2a: Grimmsnarl|Light Screen|p2a: Grimmsnarl
|-sidestart|p2: Gunkly|move: Light Screen
|move|p1a: Meowstic|Alluring Voice|p2b: Drampa
|-damage|p2b: Drampa|80/100
|replace|p2b: Zoroark|Zoroark-Hisui, L50, M
|-end|p2b: Zoroark|Illusion
|move|p1b: Rotom|Volt Switch|p2a: Grimmsnarl
|-damage|p2a: Grimmsnarl|83/100
|
|t:|1784481670
|switch|p1b: Empoleon|Empoleon, L50, F|100/100|[from] Volt Switch
|move|p2b: Zoroark|Shadow Ball|p1a: Meowstic
|-supereffective|p1a: Meowstic|1
|-damage|p1a: Meowstic|0 fnt
|faint|p1a: Meowstic
|
|upkeep
|
|t:|1784481677
|switch|p1a: Charizard|Charizard, L50, F|100/100
|turn|3
|
|t:|1784481688
|detailschange|p1a: Charizard|Charizard-Mega-Y, L50, F
|-mega|p1a: Charizard|Charizard|Charizardite Y
|-weather|SunnyDay|[from] ability: Drought|[of] p1a: Charizard
|move|p1a: Charizard|Protect|p1a: Charizard
|-singleturn|p1a: Charizard|Protect
|move|p2a: Grimmsnarl|Parting Shot|p1a: Charizard
|-activate|p1a: Charizard|move: Protect
|move|p2b: Zoroark|Rain Dance|p2b: Zoroark
|-weather|RainDance
|move|p1b: Empoleon|Ice Beam|p2b: Zoroark
|-damage|p2b: Zoroark|61/100
|
|-weather|RainDance|[upkeep]
|upkeep
|turn|4
|
|t:|1784481714
|switch|p1a: Rotom|Rotom-Heat, L50|85/100
|move|p2a: Grimmsnarl|Parting Shot|p1a: Rotom
|-unboost|p1a: Rotom|atk|1
|-unboost|p1a: Rotom|spa|1
|
|t:|1784481719
|switch|p2a: Sinistcha|Sinistcha, L50|100/100|[from] Parting Shot
|-heal|p2b: Zoroark|85/100|[from] ability: Hospitality|[of] p2a: Sinistcha
|move|p2b: Zoroark|Shadow Ball|p1a: Rotom
|-damage|p1a: Rotom|28/100
|-enditem|p1a: Rotom|Sitrus Berry|[eat]
|-heal|p1a: Rotom|52/100|[from] item: Sitrus Berry
|move|p1b: Empoleon|Throat Chop|p2b: Zoroark
|-supereffective|p2b: Zoroark|1
|-damage|p2b: Zoroark|19/100
|-start|p2b: Zoroark|Throat Chop|[silent]
|
|-weather|RainDance|[upkeep]
|upkeep
|turn|5
|
|t:|1784481747
|switch|p1a: Charizard|Charizard-Mega-Y, L50, F|100/100
|-weather|SunnyDay|[from] ability: Drought|[of] p1a: Charizard
|move|p2a: Sinistcha|Rage Powder|p2a: Sinistcha
|-singleturn|p2a: Sinistcha|move: Rage Powder
|move|p2b: Zoroark|Shadow Ball|p1a: Charizard
|-damage|p1a: Charizard|60/100
|move|p1b: Empoleon|Ice Beam|p2a: Sinistcha
|-supereffective|p2a: Sinistcha|1
|-damage|p2a: Sinistcha|65/100
|
|-weather|SunnyDay|[upkeep]
|-end|p2b: Zoroark|Throat Chop|[silent]
|upkeep
|turn|6
|
|t:|1784481768
|move|p1a: Charizard|Heat Wave|p2b: Zoroark|[spread] p2a,p2b
|-supereffective|p2a: Sinistcha|1
|-damage|p2a: Sinistcha|0 fnt
|-damage|p2b: Zoroark|0 fnt
|faint|p2a: Sinistcha
|faint|p2b: Zoroark
|move|p1b: Empoleon|Throat Chop|p2: Sinistcha|[notarget]
|-fail|p1b: Empoleon
|
|-weather|SunnyDay|[upkeep]
|upkeep
|
|t:|1784481777
|switch|p2b: Grimmsnarl|Grimmsnarl, L50, M|83/100
|switch|p2a: Drampa|Drampa, L50, F|100/100
|-ability|p2a: Drampa|Cloud Nine
|turn|7
|
|t:|1784481809
|switch|p1a: Rotom|Rotom-Heat, L50|52/100
|move|p2b: Grimmsnarl|Fake Out|p1a: Rotom
|-damage|p1a: Rotom|38/100
|move|p1b: Empoleon|Ice Beam|p2a: Drampa
|-supereffective|p2a: Drampa|1
|-damage|p2a: Drampa|61/100
|-status|p2a: Drampa|frz
|cant|p2a: Drampa|frz
|
|-weather|SunnyDay|[upkeep]
|upkeep
|turn|8
|
|t:|1784481847
|detailschange|p2a: Drampa|Drampa-Mega, L50, F
|-mega|p2a: Drampa|Drampa|Drampanite
|move|p1a: Rotom|Volt Switch|p2a: Drampa
|-resisted|p2a: Drampa|1
|-damage|p2a: Drampa|51/100 frz
|
|t:|1784481851
|switch|p1a: Charizard|Charizard-Mega-Y, L50, F|60/100|[from] Volt Switch
|move|p2b: Grimmsnarl|Crunch|p1a: Charizard
|-damage|p1a: Charizard|12/100
|move|p1b: Empoleon|Ice Beam|p2a: Drampa
|-supereffective|p2a: Drampa|1
|-damage|p2a: Drampa|22/100 frz
|-ability|p2a: Drampa|Berserk|boost
|-boost|p2a: Drampa|spa|1
|cant|p2a: Drampa|frz
|
|-weather|SunnyDay|[upkeep]
|upkeep
|turn|9
|
|t:|1784481871
|-curestatus|p2a: Drampa|frz|[msg]
|move|p2a: Drampa|Protect|p2a: Drampa
|-singleturn|p2a: Drampa|Protect
|move|p1a: Charizard|Heat Wave|p2a: Drampa|[spread] p2b
|-activate|p2a: Drampa|move: Protect
|-damage|p2b: Grimmsnarl|50/100y
|move|p2b: Grimmsnarl|Crunch|p1a: Charizard
|-damage|p1a: Charizard|0 fnt
|faint|p1a: Charizard
|move|p1b: Empoleon|Flash Cannon|p2b: Grimmsnarl
|-supereffective|p2b: Grimmsnarl|1
|-damage|p2b: Grimmsnarl|8/100
|
|-weather|none
|-sideend|p2: Gunkly|move: Light Screen
|upkeep
|
|t:|1784481884
|switch|p1a: Rotom|Rotom-Heat, L50|38/100
|turn|10
|
|t:|1784481922
|move|p2b: Grimmsnarl|Light Screen|p2b: Grimmsnarl
|-sidestart|p2: Gunkly|move: Light Screen
|move|p1a: Rotom|Thunderbolt|p2b: Grimmsnarl
|-damage|p2b: Grimmsnarl|0 fnt
|faint|p2b: Grimmsnarl
|move|p1b: Empoleon|Ice Beam|p2a: Drampa
|-supereffective|p2a: Drampa|1
|-damage|p2a: Drampa|0 fnt
|faint|p2a: Drampa
|
|win|ncsha
