|j|☆Kyooby
|j|☆ruddyreboot
|html|Kyoobyruddyreboot    
|uhtml|bestof|Game 1 of a best-of-3
|t:|1757673738
|gametype|doubles
|player|p1|Kyooby|volkner|1133
|player|p2|ruddyreboot|crasherwake|1127
|gen|9
|tier|[Gen 9] VGC 2025 Reg H (Bo3)
|rated|
|rule|Species Clause: Limit one of each Pokémon
|rule|Item Clause: Limit 1 of each item
|clearpoke
|poke|p1|Sinistcha, L50|
|poke|p1|Archaludon, L50, M|
|poke|p1|Pelipper, L50, M|
|poke|p1|Basculegion, L50, M|
|poke|p1|Hydreigon, L50, M|
|poke|p1|Electrode-Hisui, L50|
|poke|p2|Gallade, L50, M|
|poke|p2|Indeedee-F, L50, F|
|poke|p2|Armarouge, L50, F|
|poke|p2|Torkoal, L50, M|
|poke|p2|Ursaluna, L50, F|
|poke|p2|Grimmsnarl, L50, M|
|teampreview|4
|showteam|p1|Sinistcha||SitrusBerry|Hospitality|MatchaGotcha,StrengthSap,RagePowder,TrickRoom||||||50|,,,,,Fire]Archaludon||AssaultVest|Stamina|DragonPulse,FlashCannon,ElectroShot,BodyPress|||M|||50|,,,,,Bug]Pelipper||FocusSash|Drizzle|WeatherBall,Hurricane,Tailwind,Protect|||M|||50|,,,,,Stellar]Basculegion||LifeOrb|SwiftSwim|WaveCrash,LastRespects,AquaJet,Protect|||M|||50|,,,,,Grass]Hydreigon||ScopeLens|Levitate|DracoMeteor,DarkPulse,FocusEnergy,Protect|||M|||50|,,,,,Steel]Electrode-Hisui||LoadedDice|Soundproof|BulletSeed,Electroweb,Taunt,RainDance||||||50|,,,,,Ghost
|showteam|p2|Gallade||ClearAmulet|Sharpness|SacredSword,PsychoCut,WideGuard,TrickRoom|||M|||50|,,,,,Grass]Indeedee-F||SafetyGoggles|PsychicSurge|FollowMe,TrickRoom,SkillSwap,Psychic|||F|||50|,,,,,Water]Armarouge||LifeOrb|FlashFire|HeatWave,ExpandingForce,ArmorCannon,TrickRoom|||F|||50|,,,,,Grass]Torkoal||Charcoal|Drought|Eruption,ClearSmog,Protect,WeatherBall|||M|||50|,,,,,Fire]Ursaluna||FlameOrb|Guts|Facade,HeadlongRush,Protect,Earthquake|||F|||50|,,,,,Ghost]Grimmsnarl||CovertCloak|Prankster|ThroatChop,FakeOut,Imprison,SpiritBreak|||M|||50|,,,,,Ghost
|inactive|Battle timer is ON: inactive players will automatically lose when time's up. (requested by ruddyreboot)
|inactive|Kyooby also wants the timer to be on.
|inactive|Kyooby has 60 seconds left.
|
|t:|1757673781
|teamsize|p1|4
|teamsize|p2|4
|start
|switch|p1a: Hydreigon|Hydreigon, L50, M|100/100
|switch|p1b: Basculegion|Basculegion, L50, M|100/100
|switch|p2a: Gallade|Gallade, L50, M|100/100
|switch|p2b: Indeedee|Indeedee-F, L50, F|100/100
|-fieldstart|move: Psychic Terrain|[from] ability: Psychic Surge|[of] p2b: Indeedee
|turn|1
|
|t:|1757673798
|switch|p1a: Sinistcha|Sinistcha, L50|100/100
|-terastallize|p2a: Gallade|Grass
|move|p1b: Basculegion|Wave Crash|p2a: Gallade
|-resisted|p2a: Gallade
|-damage|p2a: Gallade|54/100
|-damage|p1b: Basculegion|87/100|[from] Recoil
|-damage|p1b: Basculegion|77/100|[from] item: Life Orb
|move|p2a: Gallade|Sacred Sword|p1a: Sinistcha
|-immune|p1a: Sinistcha
|move|p2b: Indeedee|Trick Room|p2b: Indeedee
|-fieldstart|move: Trick Room|[of] p2b: Indeedee
|
|upkeep
|turn|2
|
|t:|1757673816
|move|p1b: Basculegion|Protect|p1b: Basculegion
|-singleturn|p1b: Basculegion|Protect
|move|p2a: Gallade|Psycho Cut|p1a: Sinistcha
|-crit|p1a: Sinistcha
|-damage|p1a: Sinistcha|7/100
|-enditem|p1a: Sinistcha|Sitrus Berry|[eat]
|-heal|p1a: Sinistcha|32/100|[from] item: Sitrus Berry
|move|p1a: Sinistcha|Strength Sap|p2a: Gallade
|-fail|p2a: Gallade|unboost|[from] item: Clear Amulet|[of] p2a: Gallade
|-heal|p1a: Sinistcha|100/100
|move|p2b: Indeedee|Psychic|p1a: Sinistcha
|-damage|p1a: Sinistcha|66/100
|
|upkeep
|turn|3
|
|t:|1757673836
|move|p1a: Sinistcha|Rage Powder|p1a: Sinistcha
|-singleturn|p1a: Sinistcha|move: Rage Powder
|move|p2a: Gallade|Psycho Cut|p1a: Sinistcha
|-damage|p1a: Sinistcha|10/100
|move|p2b: Indeedee|Psychic|p1a: Sinistcha
|-damage|p1a: Sinistcha|0 fnt
|faint|p1a: Sinistcha
|move|p1b: Basculegion|Last Respects|p2a: Gallade
|-damage|p2a: Gallade|0 fnt
|faint|p2a: Gallade
|-damage|p1b: Basculegion|67/100|[from] item: Life Orb
|
|upkeep
|
|t:|1757673848
|switch|p2a: Ursaluna|Ursaluna, L50, F|100/100
|switch|p1a: Hydreigon|Hydreigon, L50, M|100/100
|turn|4
|
|t:|1757673865
|switch|p2b: Torkoal|Torkoal, L50, M|100/100
|-weather|SunnyDay|[from] ability: Drought|[of] p2b: Torkoal
|-terastallize|p1a: Hydreigon|Steel
|move|p2a: Ursaluna|Headlong Rush|p1b: Basculegion
|-damage|p1b: Basculegion|0 fnt
|-unboost|p2a: Ursaluna|def|1
|-unboost|p2a: Ursaluna|spd|1
|faint|p1b: Basculegion
|move|p1a: Hydreigon|Focus Energy|p1a: Hydreigon
|-start|p1a: Hydreigon|move: Focus Energy
|
|-weather|SunnyDay|[upkeep]
|-status|p2a: Ursaluna|brn|[from] item: Flame Orb
|upkeep
|
|t:|1757673877
|switch|p1b: Pelipper|Pelipper, L50, M|100/100
|-weather|RainDance|[from] ability: Drizzle|[of] p1b: Pelipper
|turn|5
|inactive|Kyooby has 30 seconds left.
|
|t:|1757673906
|switch|p2b: Indeedee|Indeedee-F, L50, F|100/100
|move|p1b: Pelipper|Protect|p1b: Pelipper
|-singleturn|p1b: Pelipper|Protect
|move|p1a: Hydreigon|Protect|p1a: Hydreigon
|-singleturn|p1a: Hydreigon|Protect
|move|p2a: Ursaluna|Facade|p1b: Pelipper
|-activate|p1b: Pelipper|move: Protect
|
|-weather|RainDance|[upkeep]
|-damage|p2a: Ursaluna|95/100 brn|[from] brn
|-fieldend|move: Trick Room
|-fieldend|move: Psychic Terrain
|upkeep
|turn|6
|
|t:|1757673924
|switch|p2a: Torkoal|Torkoal, L50, M|100/100
|-weather|SunnyDay|[from] ability: Drought|[of] p2a: Torkoal
|move|p1a: Hydreigon|Dark Pulse|p2b: Indeedee
|-supereffective|p2b: Indeedee
|-crit|p2b: Indeedee
|-damage|p2b: Indeedee|0 fnt
|faint|p2b: Indeedee
|move|p1b: Pelipper|Weather Ball|p2a: Torkoal
|-resisted|p2a: Torkoal
|-damage|p2a: Torkoal|72/100
|
|-weather|SunnyDay|[upkeep]
|upkeep
|
|t:|1757673930
|switch|p2b: Ursaluna|Ursaluna, L50, F|95/100 brn
|turn|7
|
|t:|1757673952
|move|p2a: Torkoal|Protect|p2a: Torkoal
|-singleturn|p2a: Torkoal|Protect
|move|p1a: Hydreigon|Draco Meteor|p2a: Torkoal
|-activate|p2a: Torkoal|move: Protect
|move|p1b: Pelipper|Weather Ball|p2a: Torkoal
|-activate|p2a: Torkoal|move: Protect
|move|p2b: Ursaluna|Facade|p1b: Pelipper
|-enditem|p1b: Pelipper|Focus Sash
|-damage|p1b: Pelipper|1/100
|
|-weather|SunnyDay|[upkeep]
|-damage|p2b: Ursaluna|89/100 brn|[from] brn
|upkeep
|turn|8
|
|t:|1757673972
|move|p1a: Hydreigon|Draco Meteor|p2a: Torkoal
|-crit|p2a: Torkoal
|-damage|p2a: Torkoal|0 fnt
|-unboost|p1a: Hydreigon|spa|2
|faint|p2a: Torkoal
|move|p1b: Pelipper|Weather Ball|p2b: Ursaluna
|-damage|p2b: Ursaluna|48/100 brn
|move|p2b: Ursaluna|Facade|p1b: Pelipper
|-damage|p1b: Pelipper|0 fnt
|faint|p1b: Pelipper
|
|-weather|SunnyDay|[upkeep]
|-damage|p2b: Ursaluna|42/100 brn|[from] brn
|upkeep
|turn|9
|-message|ruddyreboot forfeited.
|
|win|Kyooby
||ruddyreboot is ready for game 2.
||Kyooby is ready for game 2.
|uhtml|next|Next: Game 2 of 3
