|j|☆Mosephir
|j|☆stjuin
|html|Mosephirstjuin    
|uhtml|bestof|Game 2 of a best-of-3
|t:|1785087928
|gametype|doubles
|player|p1|Mosephir|1|
|player|p2|stjuin|102|
|gen|9
|tier|[Gen 9 Champions] VGC 2026 Reg M-B (Bo3)
|rule|Species Clause: Limit one of each Pokémon
|rule|Item Clause: Limit 1 of each item
|clearpoke
|poke|p1|Raichu, L50, F|
|poke|p1|Archaludon, L50, M|
|poke|p1|Lycanroc-Dusk, L50, M|
|poke|p1|Sableye, L50, M|
|poke|p1|Overqwil, L50, F|
|poke|p1|Decidueye-Hisui, L50, F|
|poke|p2|Sinistcha, L50|
|poke|p2|Floette-Eternal, L50, F|
|poke|p2|Kangaskhan, L50, F|
|poke|p2|Aerodactyl, L50, F|
|poke|p2|Hippowdon, L50, M|
|poke|p2|Houndstone, L50, F|
|teampreview|4
|showteam|p1|Raichu||RaichuniteX|LightningRod|Protect,KnockOff,VoltTackle,DrainPunch|Jolly||F|||50|]Archaludon||FocusSash|Stalwart|FlashCannon,AuraSphere,Protect,DarkPulse|Timid||M|||50|]Lycanroc-Dusk||ChoiceScarf|ToughClaws|Crunch,PsychicFangs,IronHead,CloseCombat|Jolly||M|||50|]Sableye||RoseliBerry|Prankster|SkillSwap,PsychUp,FoulPlay,WillOWisp|Careful||M|||50|]Overqwil||Leftovers|Intimidate|Stockpile,Minimize,BarbBarrage,Protect|Jolly||F|||50|]Decidueye-Hisui||ScopeLens|Scrappy|LeafBlade,TripleArrows,Protect,BraveBird|Adamant||F|||50|
|showteam|p2|Sinistcha||ColburBerry|Hospitality|TrickRoom,MatchaGotcha,RagePowder,Protect|Relaxed|||||50|]Floette-Eternal||Floettite|FlowerVeil|DazzlingGleam,Protect,CalmMind,Moonblast|Timid||F|||50|]Kangaskhan||Kangaskhanite|Scrappy|FakeOut,ThunderPunch,IcePunch,DrainPunch|Jolly||F|||50|]Aerodactyl||FocusSash|RockHead|RockSlide,Tailwind,DualWingbeat,Protect|Jolly||F|||50|]Hippowdon||Leftovers|SandStream|HighHorsepower,Yawn,Protect,RockSlide|Impish||M|||50|]Houndstone||LifeOrb|SandRush|LastRespects,Protect,WillOWisp,BodyPress|Jolly||F|||50|
|
|t:|1785087939
|teamsize|p1|4
|teamsize|p2|4
|start
|switch|p1a: Overqwil|Overqwil, L50, F|100/100
|switch|p1b: Sableye|Sableye, L50, M|100/100
|switch|p2a: Hippowdon|Hippowdon, L50, M|100/100
|switch|p2b: Houndstone|Houndstone, L50, F|100/100
|-ability|p1a: Overqwil|Intimidate|boost
|-unboost|p2a: Hippowdon|atk|1
|-unboost|p2b: Houndstone|atk|1
|-weather|Sandstorm|[from] ability: Sand Stream|[of] p2a: Hippowdon
|turn|1
|
|t:|1785088006
|move|p1b: Sableye|Skill Swap|p1a: Overqwil
|-activate|p1b: Sableye|Skill Swap|||[of] p1a: Overqwil
|-ability|p1b: Sableye|Intimidate|boost
|-unboost|p2a: Hippowdon|atk|1
|-unboost|p2b: Houndstone|atk|1
|move|p1a: Overqwil|Minimize|p1a: Overqwil
|-boost|p1a: Overqwil|evasion|2
|move|p2b: Houndstone|Last Respects|p1b: Sableye
|-damage|p1b: Sableye|84/100
|-damage|p2b: Houndstone|90/100|[from] item: Life Orb
|move|p2a: Hippowdon|High Horsepower|p1b: Sableye
|-damage|p1b: Sableye|59/100
|
|-weather|Sandstorm|[upkeep]
|-damage|p1a: Overqwil|93/100|[from] Sandstorm
|-damage|p1b: Sableye|53/100|[from] Sandstorm
|-heal|p1a: Overqwil|100/100|[from] item: Leftovers
|upkeep
|turn|2
|
|t:|1785088029
|move|p1a: Overqwil|Minimize|p1a: Overqwil
|-boost|p1a: Overqwil|evasion|2
|move|p2b: Houndstone|Will-O-Wisp|p1a: Overqwil|[miss]
|-miss|p2b: Houndstone|p1a: Overqwil
|move|p1b: Sableye|Psych Up|p1a: Overqwil
|-copyboost|p1b: Sableye|p1a: Overqwil|[from] move: Psych Up
|move|p2a: Hippowdon|Yawn|p1a: Overqwil
|-start|p1a: Overqwil|move: Yawn|[of] p2a: Hippowdon
|
|-weather|Sandstorm|[upkeep]
|-damage|p1a: Overqwil|93/100|[from] Sandstorm
|-damage|p1b: Sableye|47/100|[from] Sandstorm
|-heal|p1a: Overqwil|100/100|[from] item: Leftovers
|upkeep
|turn|3
|
|t:|1785088086
|move|p1a: Overqwil|Stockpile|p1a: Overqwil
|-start|p1a: Overqwil|stockpile1
|-boost|p1a: Overqwil|def|1
|-boost|p1a: Overqwil|spd|1
|move|p2b: Houndstone|Last Respects|p1b: Sableye
|-damage|p1b: Sableye|33/100
|-damage|p2b: Houndstone|81/100|[from] item: Life Orb
|move|p1b: Sableye|Skill Swap|p1a: Overqwil
|-activate|p1b: Sableye|Skill Swap|||[of] p1a: Overqwil
|-ability|p1a: Overqwil|Intimidate|boost
|-unboost|p2a: Hippowdon|atk|1
|-unboost|p2b: Houndstone|atk|1
|move|p2a: Hippowdon|Rock Slide|p1a: Overqwil|[spread] 
|-miss|p2a: Hippowdon|p1a: Overqwil
|-miss|p2a: Hippowdon|p1b: Sableye
|
|-weather|Sandstorm|[upkeep]
|-damage|p1a: Overqwil|93/100|[from] Sandstorm
|-damage|p1b: Sableye|27/100|[from] Sandstorm
|-heal|p1a: Overqwil|100/100|[from] item: Leftovers
|-end|p1a: Overqwil|move: Yawn|[silent]
|-status|p1a: Overqwil|slp
|upkeep
|turn|4
|
|t:|1785088126
|switch|p2b: Floette|Floette-Eternal, L50, F|100/100
|move|p1b: Sableye|Will-O-Wisp|p2b: Floette
|-status|p2b: Floette|brn
|cant|p1a: Overqwil|slp
|move|p2a: Hippowdon|Yawn|p1b: Sableye
|-start|p1b: Sableye|move: Yawn|[of] p2a: Hippowdon
|
|-weather|Sandstorm|[upkeep]
|-damage|p2b: Floette|94/100 brn|[from] Sandstorm
|-damage|p1a: Overqwil|93/100 slp|[from] Sandstorm
|-damage|p1b: Sableye|21/100|[from] Sandstorm
|-heal|p1a: Overqwil|100/100 slp|[from] item: Leftovers
|-damage|p2b: Floette|88/100 brn|[from] brn
|upkeep
|turn|5
|
|t:|1785088166
|switch|p1b: Archaludon|Archaludon, L50, M|100/100
|detailschange|p2b: Floette|Floette-Mega, L50, F
|-mega|p2b: Floette|Floette|Floettite
|-ability|p2b: Floette|Fairy Aura
|move|p2b: Floette|Moonblast|p1a: Overqwil
|-damage|p1a: Overqwil|24/100 slp
|cant|p1a: Overqwil|slp
|move|p2a: Hippowdon|High Horsepower|p1a: Overqwil|[miss]
|-miss|p2a: Hippowdon|p1a: Overqwil
|
|-weather|none
|-heal|p1a: Overqwil|30/100 slp|[from] item: Leftovers
|-damage|p2b: Floette|82/100 brn|[from] brn
|upkeep
|turn|6
|
|t:|1785088204
|-curestatus|p1a: Overqwil|slp|[msg]
|move|p1a: Overqwil|Protect|p1a: Overqwil
|-singleturn|p1a: Overqwil|Protect
|move|p2b: Floette|Moonblast|p1b: Archaludon
|-enditem|p1b: Archaludon|Focus Sash
|-damage|p1b: Archaludon|1/100
|move|p1b: Archaludon|Flash Cannon|p2b: Floette
|-supereffective|p2b: Floette|1
|-damage|p2b: Floette|10/100 brn
|move|p2a: Hippowdon|High Horsepower|p1b: Archaludon
|-supereffective|p1b: Archaludon|1
|-damage|p1b: Archaludon|0 fnt
|faint|p1b: Archaludon
|
|-heal|p1a: Overqwil|36/100|[from] item: Leftovers
|-damage|p2b: Floette|4/100 brn|[from] brn
|upkeep
|
|t:|1785088221
|switch|p1b: Sableye|Sableye, L50, M|21/100
|turn|7
|
|t:|1785088244
|switch|p2a: Sinistcha|Sinistcha, L50|100/100
|-heal|p2b: Floette|29/100 brn|[from] ability: Hospitality|[of] p2a: Sinistcha
|move|p1b: Sableye|Psych Up|p1a: Overqwil
|-copyboost|p1b: Sableye|p1a: Overqwil|[from] move: Psych Up
|move|p2b: Floette|Dazzling Gleam|p1b: Sableye|[spread] p1a,p1b
|-supereffective|p1b: Sableye|1
|-enditem|p1b: Sableye|Roseli Berry|[eat]
|-enditem|p1b: Sableye|Roseli Berry|[weaken]
|-damage|p1a: Overqwil|0 fnt
|-damage|p1b: Sableye|0 fnt
|faint|p1a: Overqwil
|faint|p1b: Sableye
|
|-damage|p2b: Floette|23/100 brn|[from] brn
|upkeep
|
|t:|1785088265
|switch|p1a: Decidueye|Decidueye-Hisui, L50, F|100/100
|turn|8
|
|t:|1785088306
|switch|p2a: Hippowdon|Hippowdon, L50, M|100/100
|-weather|Sandstorm|[from] ability: Sand Stream|[of] p2a: Hippowdon
|move|p2b: Floette|Moonblast|p1a: Decidueye
|-supereffective|p1a: Decidueye|1
|-damage|p1a: Decidueye|0 fnt
|faint|p1a: Decidueye
|
|win|stjuin
|c|☆stjuin|gg
