|j|☆dogggybears
|j|☆Gambling42699
|html|dogggybearsGambling42699    
|uhtml|bestof|Game 1 of a best-of-3
|t:|1757118012
|gametype|doubles
|player|p1|dogggybears|roxie|1276
|player|p2|Gambling42699|giovanni|1473
|gen|9
|tier|[Gen 9] VGC 2025 Reg H (Bo3)
|rated|
|rule|Species Clause: Limit one of each Pokémon
|rule|Item Clause: Limit 1 of each item
|clearpoke
|poke|p1|Sneasler, L50, F|
|poke|p1|Indeedee, L50, M|
|poke|p1|Volcarona, L50, F|
|poke|p1|Ursaluna-Bloodmoon, L50, M|
|poke|p1|Annihilape, L50, M|
|poke|p1|Tyranitar, L50, M|
|poke|p2|Ninetales-Alola, L50, M|
|poke|p2|Ursaluna-Bloodmoon, L50, M|
|poke|p2|Maushold-Four, L50|
|poke|p2|Annihilape, L50, M|
|poke|p2|Klefki, L50, F|
|poke|p2|Sinistcha-Masterpiece, L50|
|teampreview|4
|showteam|p1|Sneasler||PsychicSeed|Unburden|CloseCombat,DireClaw,ThroatChop,Protect|||F|||50|,,,,,Dark]Indeedee||ChoiceScarf|PsychicSurge|ExpandingForce,TeraBlast,Trick,Protect|||M|||50|,,,,,Psychic]Volcarona||SitrusBerry|FlameBody|Overheat,StruggleBug,RagePowder,Tailwind|||F|||50|,,,,,Grass]Ursaluna-Bloodmoon||LifeOrb|MindsEye|BloodMoon,HyperVoice,EarthPower,Protect|||M|||50|,,,,,Normal]Annihilape||SafetyGoggles|Defiant|CloseCombat,RageFist,Taunt,FinalGambit|||M|||50|,,,,,Fairy]Tyranitar||AssaultVest|SandStream|RockSlide,KnockOff,TeraBlast,LowKick|||M|||50|,,,,,Flying
|showteam|p2|Ninetales-Alola||FocusSash|SnowWarning|Blizzard,FreezeDry,Encore,Protect|||M|||50|,,,,,Ghost]Ursaluna-Bloodmoon||AssaultVest|MindsEye|BloodMoon,EarthPower,HyperVoice,VacuumWave|||M|||50|,,,,,Water]Maushold-Four||SafetyGoggles|FriendGuard|BeatUp,Taunt,FollowMe,Protect||||||50|,,,,,Ghost]Annihilape||Leftovers|Defiant|DrainPunch,RageFist,BulkUp,Protect|||M|||50|,,,,,Fire]Klefki||LightClay|Prankster|DazzlingGleam,Reflect,LightScreen,MistyTerrain|||F|||50|,,,,,Ghost]Sinistcha-Masterpiece||SitrusBerry|Hospitality|MatchaGotcha,RagePowder,LifeDew,TrickRoom||||||50|,,,,,Water
|inactive|Battle timer is ON: inactive players will automatically lose when time's up. (requested by Gambling42699)
|
|t:|1757118055
|teamsize|p1|4
|teamsize|p2|4
|start
|switch|p1a: Volcarona|Volcarona, L50, F|100/100
|switch|p1b: Ursaluna|Ursaluna-Bloodmoon, L50, M|100/100
|switch|p2a: Ursaluna|Ursaluna-Bloodmoon, L50, M|100/100
|switch|p2b: Klefki|Klefki, L50, F|100/100
|turn|1
|
|t:|1757118074
|move|p2b: Klefki|Light Screen|p2b: Klefki
|-sidestart|p2: Gambling42699|move: Light Screen
|move|p1a: Volcarona|Struggle Bug|p2a: Ursaluna|[spread] p2a,p2b
|-resisted|p2b: Klefki
|-damage|p2a: Ursaluna|93/100
|-damage|p2b: Klefki|97/100
|-unboost|p2a: Ursaluna|spa|1
|-unboost|p2b: Klefki|spa|1
|move|p1b: Ursaluna|Earth Power|p2b: Klefki
|-supereffective|p2b: Klefki
|-damage|p2b: Klefki|2/100
|-damage|p1b: Ursaluna|91/100|[from] item: Life Orb
|move|p2a: Ursaluna|Blood Moon|p1b: Ursaluna
|-damage|p1b: Ursaluna|27/100
|
|upkeep
|turn|2
|
|t:|1757118099
|switch|p2b: Sinistcha|Sinistcha-Masterpiece, L50|100/100
|-heal|p2a: Ursaluna|100/100|[from] ability: Hospitality|[of] p2b: Sinistcha
|move|p1b: Ursaluna|Protect|p1b: Ursaluna
|-singleturn|p1b: Ursaluna|Protect
|move|p1a: Volcarona|Tailwind|p1a: Volcarona
|-sidestart|p1: dogggybears|move: Tailwind
|move|p2a: Ursaluna|Hyper Voice|p1a: Volcarona|[spread] p1a
|-activate|p1b: Ursaluna|move: Protect
|-damage|p1a: Volcarona|79/100
|
|upkeep
|turn|3
|inactive|dogggybears has 30 seconds left.
|inactive|dogggybears has 20 seconds left.
|
|t:|1757118137
|move|p1a: Volcarona|Struggle Bug|p2a: Ursaluna|[spread] p2a,p2b
|-damage|p2a: Ursaluna|93/100
|-damage|p2b: Sinistcha|89/100
|-unboost|p2a: Ursaluna|spa|1
|-unboost|p2b: Sinistcha|spa|1
|move|p1b: Ursaluna|Blood Moon|p2a: Ursaluna
|-damage|p2a: Ursaluna|47/100
|-damage|p1b: Ursaluna|17/100|[from] item: Life Orb
|move|p2a: Ursaluna|Hyper Voice|p1b: Ursaluna|[spread] p1a,p1b
|-damage|p1a: Volcarona|60/100
|-damage|p1b: Ursaluna|0 fnt
|faint|p1b: Ursaluna
|move|p2b: Sinistcha|Trick Room|p2b: Sinistcha
|-fieldstart|move: Trick Room|[of] p2b: Sinistcha
|
|upkeep
|
|t:|1757118147
|switch|p1b: Sneasler|Sneasler, L50, F|100/100
|turn|4
|
|t:|1757118160
|switch|p2a: Annihilape|Annihilape, L50, M|100/100
|switch|p2b: Klefki|Klefki, L50, F|2/100
|move|p1a: Volcarona|Rage Powder|p1a: Volcarona
|-singleturn|p1a: Volcarona|move: Rage Powder
|move|p1b: Sneasler|Close Combat|p2a: Annihilape
|-immune|p2a: Annihilape
|
|upkeep
|turn|5
|
|t:|1757118175
|move|p1a: Volcarona|Rage Powder|p1a: Volcarona
|-singleturn|p1a: Volcarona|move: Rage Powder
|move|p2b: Klefki|Misty Terrain|p2b: Klefki
|-fieldstart|move: Misty Terrain
|move|p2a: Annihilape|Bulk Up|p2a: Annihilape
|-boost|p2a: Annihilape|atk|1
|-boost|p2a: Annihilape|def|1
|move|p1b: Sneasler|Throat Chop|p2b: Klefki
|-resisted|p2b: Klefki
|-damage|p2b: Klefki|0 fnt
|faint|p2b: Klefki
|
|-sideend|p1: dogggybears|move: Tailwind
|upkeep
|
|t:|1757118188
|switch|p2b: Sinistcha|Sinistcha-Masterpiece, L50|89/100
|turn|6
|
|t:|1757118198
|switch|p2b: Ursaluna|Ursaluna-Bloodmoon, L50, M|47/100
|-terastallize|p2a: Annihilape|Fire
|move|p2a: Annihilape|Rage Fist|p1b: Sneasler
|-damage|p1b: Sneasler|46/100
|move|p1a: Volcarona|Overheat|p2b: Ursaluna
|-damage|p2b: Ursaluna|23/100
|-unboost|p1a: Volcarona|spa|2
|move|p1b: Sneasler|Dire Claw|p2a: Annihilape
|-damage|p2a: Annihilape|71/100
|
|-heal|p2a: Annihilape|78/100|[from] item: Leftovers
|upkeep
|turn|7
|inactive|dogggybears has 30 seconds left.
|
|t:|1757118223
|switch|p2b: Sinistcha|Sinistcha-Masterpiece, L50|89/100
|-heal|p2a: Annihilape|100/100|[from] ability: Hospitality|[of] p2b: Sinistcha
|move|p1b: Sneasler|Protect|p1b: Sneasler
|-singleturn|p1b: Sneasler|Protect
|move|p2a: Annihilape|Rage Fist|p1a: Volcarona
|-damage|p1a: Volcarona|0 fnt
|faint|p1a: Volcarona
|
|-fieldend|move: Trick Room
|upkeep
|
|t:|1757118227
|switch|p1a: Indeedee|Indeedee, L50, M|100/100
|-fieldstart|move: Psychic Terrain|[from] ability: Psychic Surge|[of] p1a: Indeedee
|-enditem|p1b: Sneasler|Psychic Seed
|-boost|p1b: Sneasler|spd|1|[from] item: Psychic Seed
|turn|8
|
|t:|1757118239
|-terastallize|p1a: Indeedee|Psychic
|move|p1b: Sneasler|Protect||[still]
|-fail|p1b: Sneasler
|move|p1a: Indeedee|Expanding Force|p2b: Sinistcha|[spread] p2a,p2b
|-damage|p2a: Annihilape|56/100
|-damage|p2b: Sinistcha|40/100
|-enditem|p2b: Sinistcha|Sitrus Berry|[eat]
|-heal|p2b: Sinistcha|65/100|[from] item: Sitrus Berry
|move|p2a: Annihilape|Drain Punch|p1b: Sneasler
|-resisted|p1b: Sneasler
|-damage|p1b: Sneasler|3/100
|-heal|p2a: Annihilape|72/100|[from] drain|[of] p1b: Sneasler
|move|p2b: Sinistcha|Trick Room|p2b: Sinistcha
|-fieldstart|move: Trick Room|[of] p2b: Sinistcha
|
|-heal|p2a: Annihilape|78/100|[from] item: Leftovers
|-sideend|p2: Gambling42699|move: Light Screen
|upkeep
|turn|9
|
|t:|1757118253
|move|p2b: Sinistcha|Matcha Gotcha|p1b: Sneasler|[spread] p1a,p1b
|-resisted|p1b: Sneasler
|-damage|p1a: Indeedee|64/100
|-heal|p2b: Sinistcha|79/100|[from] drain|[of] p1a: Indeedee
|-damage|p1b: Sneasler|0 fnt
|-heal|p2b: Sinistcha|80/100|[from] drain|[of] p1b: Sneasler
|faint|p1b: Sneasler
|move|p2a: Annihilape|Drain Punch|p1a: Indeedee
|-resisted|p1a: Indeedee
|-damage|p1a: Indeedee|13/100
|-heal|p2a: Annihilape|95/100|[from] drain|[of] p1a: Indeedee
|move|p1a: Indeedee|Expanding Force|p2b: Sinistcha|[spread] p2a,p2b
|-damage|p2a: Annihilape|26/100
|-damage|p2b: Sinistcha|9/100
|
|-heal|p2a: Annihilape|33/100|[from] item: Leftovers
|upkeep
|turn|10
|
|t:|1757118260
|move|p2b: Sinistcha|Matcha Gotcha|p1a: Indeedee
|-damage|p1a: Indeedee|0 fnt
|-heal|p2b: Sinistcha|15/100|[from] drain|[of] p1a: Indeedee
|faint|p1a: Indeedee
|
|win|Gambling42699
||dogggybears is ready for game 2.
||Gambling42699 is ready for game 2.
|uhtml|next|Next: Game 2 of 3
|l|☆Gambling42699
|player|p2|
