|j|☆zachlobbed
|j|☆sig.kire
|html|zachlobbedsig.kire    
|uhtml|bestof|Game 3 of a best-of-3
|t:|1784490179
|gametype|doubles
|player|p1|zachlobbed|brock|1232
|player|p2|sig.kire|ghetsis-gen5bw|1156
|gen|9
|tier|[Gen 9 Champions] VGC 2026 Reg M-B (Bo3)
|rated|
|rule|Species Clause: Limit one of each Pokémon
|rule|Item Clause: Limit 1 of each item
|clearpoke
|poke|p1|Charizard, L50, M|
|poke|p1|Floette-Eternal, L50, F|
|poke|p1|Whimsicott, L50, F|
|poke|p1|Garchomp, L50, F|
|poke|p1|Basculegion, L50, M|
|poke|p1|Kingambit, L50, M|
|poke|p2|Delphox, L50, F|
|poke|p2|Staraptor, L50, F|
|poke|p2|Whimsicott, L50, M|
|poke|p2|Garchomp, L50, M|
|poke|p2|Maushold, L50|
|poke|p2|Sinistcha, L50|
|teampreview|4
|showteam|p1|Charizard||CharizarditeY|Blaze|Protect,HeatWave,SolarBeam,WeatherBall|Modest||M|||50|]Floette-Eternal||Floettite|FlowerVeil|Protect,LightofRuin,Moonblast,DazzlingGleam|Timid||F|||50|]Whimsicott||FocusSash|Prankster|Protect,Tailwind,Moonblast,Encore|Timid||F|||50|]Garchomp||LifeOrb|RoughSkin|Protect,DragonClaw,Earthquake,RockSlide|Jolly||F|||50|]Basculegion||MysticWater|Adaptability|Protect,AquaJet,WaveCrash,LastRespects|Adamant||M|||50|]Kingambit||BlackGlasses|Defiant|Protect,LowKick,SuckerPunch,KowtowCleave|Adamant||M|||50|
|showteam|p2|Delphox||Delphoxite|Blaze|HeatWave,NastyPlot,Psyshock,Protect|Timid||F|||50|]Staraptor||Staraptite|Intimidate|CloseCombat,Protect,BraveBird,QuickAttack|Jolly||F|||50|]Whimsicott||FocusSash|Prankster|Tailwind,Charm,Moonblast,Protect|Bold||M|||50|]Garchomp||LifeOrb|RoughSkin|Earthquake,RockSlide,Protect,PoisonJab|Jolly||M|||50|]Maushold||ChopleBerry|FriendGuard|Feint,FollowMe,HelpingHand,Protect|Jolly|||||50|]Sinistcha||KasibBerry|Hospitality|MatchaGotcha,LifeDew,Protect,RagePowder|Bold|||||50|
|inactive|Battle timer is ON: inactive players will automatically lose when time's up. (requested by zachlobbed)
|
|t:|1784490203
|teamsize|p1|4
|teamsize|p2|4
|start
|switch|p1a: Whimsicott|Whimsicott, L50, F|100/100
|switch|p1b: Basculegion|Basculegion, L50, M|100/100
|switch|p2a: Delphox|Delphox, L50, F|100/100
|switch|p2b: Maushold|Maushold, L50|100/100
|turn|1
|
|t:|1784490218
|detailschange|p2a: Delphox|Delphox-Mega, L50, F
|-mega|p2a: Delphox|Delphox|Delphoxite
|move|p2b: Maushold|Follow Me|p2b: Maushold
|-singleturn|p2b: Maushold|move: Follow Me
|move|p1a: Whimsicott|Tailwind|p1a: Whimsicott
|-sidestart|p1: zachlobbed|move: Tailwind
|move|p1b: Basculegion|Wave Crash|p2b: Maushold
|-damage|p2b: Maushold|0 fnt
|faint|p2b: Maushold
|-damage|p1b: Basculegion|69/100|[from] Recoil
|move|p2a: Delphox|Nasty Plot|p2a: Delphox
|-boost|p2a: Delphox|spa|2
|
|upkeep
|
|t:|1784490222
|switch|p2b: Whimsicott|Whimsicott, L50, M|100/100
|turn|2
|
|t:|1784490232
|switch|p1b: Charizard|Charizard, L50, M|100/100
|move|p2a: Delphox|Protect|p2a: Delphox
|-singleturn|p2a: Delphox|Protect
|move|p1a: Whimsicott|Encore|p2a: Delphox
|-activate|p2a: Delphox|move: Protect
|move|p2b: Whimsicott|Tailwind|p2b: Whimsicott
|-sidestart|p2: sig.kire|move: Tailwind
|
|upkeep
|turn|3
|
|t:|1784490243
|switch|p2a: Sinistcha|Sinistcha, L50|100/100
|detailschange|p1b: Charizard|Charizard-Mega-Y, L50, M
|-mega|p1b: Charizard|Charizard|Charizardite Y
|-weather|SunnyDay|[from] ability: Drought|[of] p1b: Charizard
|move|p1a: Whimsicott|Encore|p2b: Whimsicott
|-start|p2b: Whimsicott|Encore
|move|p2b: Whimsicott|Tailwind||[still]
|-fail|p2b: Whimsicott
|move|p1b: Charizard|Heat Wave|p2a: Sinistcha|[spread] p2a,p2b
|-supereffective|p2a: Sinistcha|1
|-supereffective|p2b: Whimsicott|1
|-damage|p2a: Sinistcha|0 fnt
|-enditem|p2b: Whimsicott|Focus Sash
|-damage|p2b: Whimsicott|1/100
|faint|p2a: Sinistcha
|
|-weather|SunnyDay|[upkeep]
|upkeep
|
|t:|1784490244
|switch|p2a: Delphox|Delphox-Mega, L50, F|100/100
|turn|4
|
|t:|1784490252
|move|p1a: Whimsicott|Protect|p1a: Whimsicott
|-singleturn|p1a: Whimsicott|Protect
|move|p2b: Whimsicott|Tailwind||[still]
|-fail|p2b: Whimsicott
|move|p2a: Delphox|Heat Wave|p1b: Charizard|[spread] p1b
|-activate|p1a: Whimsicott|move: Protect
|-resisted|p1b: Charizard|1
|-damage|p1b: Charizard|66/100
|move|p1b: Charizard|Heat Wave|p2a: Delphox|[spread] p2a,p2b
|-resisted|p2a: Delphox|1
|-supereffective|p2b: Whimsicott|1
|-damage|p2a: Delphox|69/100
|-damage|p2b: Whimsicott|0 fnt
|faint|p2b: Whimsicott
|
|-weather|SunnyDay|[upkeep]
|-sideend|p1: zachlobbed|move: Tailwind
|upkeep
|turn|5
|
|t:|1784490258
|move|p1a: Whimsicott|Tailwind|p1a: Whimsicott
|-sidestart|p1: zachlobbed|move: Tailwind
|move|p2a: Delphox|Heat Wave|p1b: Charizard|[spread] p1a,p1b
|-supereffective|p1a: Whimsicott|1
|-resisted|p1b: Charizard|1
|-enditem|p1a: Whimsicott|Focus Sash
|-damage|p1a: Whimsicott|1/100
|-damage|p1b: Charizard|34/100
|move|p1b: Charizard|Weather Ball|p2a: Delphox
|-resisted|p2a: Delphox|1
|-damage|p2a: Delphox|27/100
|
|-weather|SunnyDay|[upkeep]
|-sideend|p2: sig.kire|move: Tailwind
|upkeep
|turn|6
|-message|sig.kire forfeited.
|
|win|zachlobbed
|raw|zachlobbed's rating: 1232 → 1252(+20 for winning)
|raw|sig.kire's rating: 1156 → 1136(-20 for losing)
