|j|☆Drzuloaga
|j|☆DilluVGC
|html|DrzuloagaDilluVGC    
|uhtml|bestof|Game 2 of a best-of-3
|t:|1784642682
|gametype|doubles
|player|p1|Drzuloaga|170|1045
|player|p2|DilluVGC|blaine|1100
|gen|9
|tier|[Gen 9 Champions] VGC 2026 Reg M-B (Bo3)
|rated|
|rule|Species Clause: Limit one of each Pokémon
|rule|Item Clause: Limit 1 of each item
|clearpoke
|poke|p1|Gengar, L50, M|
|poke|p1|Tinkaton, L50, F, shiny|
|poke|p1|Incineroar, L50, M|
|poke|p1|Kingambit, L50, M, shiny|
|poke|p1|Altaria, L50, F|
|poke|p1|Annihilape, L50, F|
|poke|p2|Tyranitar, L50, F|
|poke|p2|Excadrill, L50, F|
|poke|p2|Milotic, L50, F|
|poke|p2|Gholdengo, L50|
|poke|p2|Sinistcha-Masterpiece, L50|
|poke|p2|Staraptor, L50, F|
|teampreview|4
|showteam|p1|Gengar||Gengarite|CursedBody|Protect,PerishSong,ShadowBall,Disable|Timid||M|||50|]Tinkaton||ShucaBerry|MoldBreaker|Protect,FakeOut,Encore,GigatonHammer|Jolly||F|||50|]Incineroar||PasshoBerry|Intimidate|Protect,FakeOut,PartingShot,ThroatChop|Relaxed||M|||50|]Kingambit||BlackGlasses|Defiant|Protect,SuckerPunch,SwordsDance,KowtowCleave|Adamant||M|||50|]Altaria||Leftovers|CloudNine|Protect,PerishSong,WillOWisp,FireSpin|Bold||F|||50|]Annihilape||ChoiceScarf|Defiant|Uturn,CloseCombat,IcePunch,PhantomForce|Adamant||F|||50|
|showteam|p2|Tyranitar||Tyranitarite|SandStream|KnockOff,RockSlide,HighHorsepower,Protect|Jolly||F|||50|]Excadrill||FocusSash|SandRush|Earthquake,IronHead,RockSlide,Protect|Jolly||F|||50|]Milotic||SitrusBerry|Competitive|Scald,IcyWind,IceBeam,Protect|Calm||F|||50|]Gholdengo||LifeOrb|GoodasGold|MakeItRain,ShadowBall,NastyPlot,Protect|Modest|||||50|]Sinistcha-Masterpiece||ColburBerry|Hospitality|MatchaGotcha,ShadowBall,Protect,RagePowder|Bold|||||50|]Staraptor||Staraptite|Intimidate|CloseCombat,BraveBird,Tailwind,Protect|Jolly||F|||50|
|
|t:|1784642709
|teamsize|p1|4
|teamsize|p2|4
|start
|switch|p1a: Incineroar|Incineroar, L50, M|100/100
|switch|p1b: Gengar|Gengar, L50, M|100/100
|switch|p2a: Milotic|Milotic, L50, F|100/100
|switch|p2b: Staraptor|Staraptor, L50, F|100/100
|-ability|p2b: Staraptor|Intimidate|boost
|-unboost|p1a: Incineroar|atk|1
|-unboost|p1b: Gengar|atk|1
|-ability|p1a: Incineroar|Intimidate|boost
|-unboost|p2a: Milotic|atk|1
|-ability|p2a: Milotic|Competitive|boost
|-boost|p2a: Milotic|spa|2
|-unboost|p2b: Staraptor|atk|1
|turn|1
|
|t:|1784642727
|detailschange|p2b: Staraptor|Staraptor-Mega, L50, F
|-mega|p2b: Staraptor|Staraptor|Staraptite
|detailschange|p1b: Gengar|Gengar-Mega, L50, M
|-mega|p1b: Gengar|Gengar|Gengarite
|move|p1a: Incineroar|Fake Out|p2b: Staraptor
|-damage|p2b: Staraptor|92/100
|cant|p2b: Staraptor|flinch
|move|p1b: Gengar|Perish Song|p1b: Gengar
|-start|p1a: Incineroar|perish3|[silent]
|-start|p1b: Gengar|perish3|[silent]
|-start|p2a: Milotic|perish3|[silent]
|-start|p2b: Staraptor|perish3|[silent]
|-fieldactivate|move: Perish Song
|move|p2a: Milotic|Scald|p1a: Incineroar
|-supereffective|p1a: Incineroar|1
|-enditem|p1a: Incineroar|Passho Berry|[eat]
|-enditem|p1a: Incineroar|Passho Berry|[weaken]
|-damage|p1a: Incineroar|53/100
|
|-start|p2b: Staraptor|perish3
|-start|p1b: Gengar|perish3
|-start|p2a: Milotic|perish3
|-start|p1a: Incineroar|perish3
|upkeep
|turn|2
|
|t:|1784642750
|move|p1b: Gengar|Protect|p1b: Gengar
|-singleturn|p1b: Gengar|Protect
|move|p1a: Incineroar|Protect|p1a: Incineroar
|-singleturn|p1a: Incineroar|Protect
|move|p2b: Staraptor|Brave Bird|p1b: Gengar
|-activate|p1b: Gengar|move: Protect
|move|p2a: Milotic|Scald|p1a: Incineroar
|-activate|p1a: Incineroar|move: Protect
|
|-start|p2b: Staraptor|perish2
|-start|p1b: Gengar|perish2
|-start|p2a: Milotic|perish2
|-start|p1a: Incineroar|perish2
|upkeep
|turn|3
|
|t:|1784642796
|switch|p1b: Kingambit|Kingambit, L50, M, shiny|100/100
|move|p2b: Staraptor|Brave Bird|p1b: Kingambit
|-resisted|p1b: Kingambit|1
|-crit|p1b: Kingambit
|-damage|p1b: Kingambit|71/100
|-damage|p2b: Staraptor|82/100|[from] Recoil
|move|p2a: Milotic|Scald|p1b: Kingambit
|-damage|p1b: Kingambit|12/100
|-status|p1b: Kingambit|brn
|move|p1a: Incineroar|Parting Shot|p2b: Staraptor
|-boost|p2b: Staraptor|atk|1
|-boost|p2b: Staraptor|spa|1
|
|t:|1784642809
|switch|p1a: Gengar|Gengar-Mega, L50, M|100/100|[from] Parting Shot
|
|-damage|p1b: Kingambit|6/100 brn|[from] brn
|-start|p2b: Staraptor|perish1
|-start|p2a: Milotic|perish1
|upkeep
|turn|4
|
|t:|1784642828
|move|p1a: Gengar|Protect|p1a: Gengar
|-singleturn|p1a: Gengar|Protect
|move|p2b: Staraptor|Tailwind|p2b: Staraptor
|-sidestart|p2: DilluVGC|move: Tailwind
|move|p2a: Milotic|Icy Wind|p1b: Kingambit|[spread] p1b
|-activate|p1a: Gengar|move: Protect
|-resisted|p1b: Kingambit|1
|-damage|p1b: Kingambit|0 fnt
|faint|p1b: Kingambit
|
|-start|p2b: Staraptor|perish0
|-start|p2a: Milotic|perish0
|faint|p2b: Staraptor
|faint|p2a: Milotic
|upkeep
|
|t:|1784642844
|switch|p2b: Gholdengo|Gholdengo, L50|100/100
|switch|p2a: Tyranitar|Tyranitar, L50, F|100/100
|switch|p1b: Incineroar|Incineroar, L50, M|53/100
|-weather|Sandstorm|[from] ability: Sand Stream|[of] p2a: Tyranitar
|-ability|p1b: Incineroar|Intimidate|boost
|-unboost|p2a: Tyranitar|atk|1
|-unboost|p2b: Gholdengo|atk|1
|turn|5
|
|t:|1784642874
|move|p1b: Incineroar|Fake Out|p2a: Tyranitar
|-resisted|p2a: Tyranitar|1
|-damage|p2a: Tyranitar|95/100
|cant|p2a: Tyranitar|flinch
|move|p2b: Gholdengo|Shadow Ball|p1a: Gengar
|-supereffective|p1a: Gengar|1
|-crit|p1a: Gengar
|-damage|p1a: Gengar|0 fnt
|faint|p1a: Gengar
|-damage|p2b: Gholdengo|90/100|[from] item: Life Orb
|
|-weather|Sandstorm|[upkeep]
|-damage|p1b: Incineroar|47/100|[from] Sandstorm
|upkeep
|
|t:|1784642885
|switch|p1a: Tinkaton|Tinkaton, L50, F, shiny|100/100
|-ability|p1a: Tinkaton|Mold Breaker
|turn|6
|
|t:|1784642911
|move|p1a: Tinkaton|Fake Out|p2a: Tyranitar
|-resisted|p2a: Tyranitar|1
|-damage|p2a: Tyranitar|92/100
|cant|p2a: Tyranitar|flinch
|move|p2b: Gholdengo|Make It Rain|p1a: Tinkaton|[spread] p1a,p1b
|-resisted|p1b: Incineroar|1
|-damage|p1a: Tinkaton|52/100
|-damage|p1b: Incineroar|25/100
|-unboost|p2b: Gholdengo|spa|2
|-damage|p2b: Gholdengo|80/100|[from] item: Life Orb
|move|p1b: Incineroar|Throat Chop|p2b: Gholdengo
|-supereffective|p2b: Gholdengo|1
|-damage|p2b: Gholdengo|29/100
|-start|p2b: Gholdengo|Throat Chop|[silent]
|
|-weather|Sandstorm|[upkeep]
|-damage|p1b: Incineroar|19/100|[from] Sandstorm
|upkeep
|turn|7
|
|t:|1784642958
|move|p2a: Tyranitar|High Horsepower|p1a: Tinkaton
|-supereffective|p1a: Tinkaton|1
|-enditem|p1a: Tinkaton|Shuca Berry|[eat]
|-enditem|p1a: Tinkaton|Shuca Berry|[weaken]
|-damage|p1a: Tinkaton|27/100
|move|p2b: Gholdengo|Make It Rain|p1a: Tinkaton|[spread] p1a,p1b
|-resisted|p1b: Incineroar|1
|-damage|p1a: Tinkaton|0 fnt
|-damage|p1b: Incineroar|7/100
|-unboost|p2b: Gholdengo|spa|2
|faint|p1a: Tinkaton
|-damage|p2b: Gholdengo|19/100|[from] item: Life Orb
|move|p1b: Incineroar|Throat Chop|p2b: Gholdengo
|-supereffective|p2b: Gholdengo|1
|-damage|p2b: Gholdengo|0 fnt
|faint|p2b: Gholdengo
|
|-weather|Sandstorm|[upkeep]
|-damage|p1b: Incineroar|1/100|[from] Sandstorm
|-sideend|p2: DilluVGC|move: Tailwind
|upkeep
|turn|8
|c|☆DilluVGC|gg
|
|t:|1784642978
|move|p2a: Tyranitar|Rock Slide|p1b: Incineroar
|-supereffective|p1b: Incineroar|1
|-damage|p1b: Incineroar|0 fnt
|faint|p1b: Incineroar
|
|win|DilluVGC
|raw|Drzuloaga's rating: 1045 → 1031(-14 for losing)
|raw|DilluVGC's rating: 1100 → 1121(+21 for winning)
|c|☆Drzuloaga|Gg
|l|☆Drzuloaga
|player|p1|
