|j|☆sum1dum
|j|☆chan chai rap xiec
|html|sum1dumchan chai rap xiec    
|uhtml|bestof|Game 2 of a best-of-3
|t:|1784079061
|gametype|doubles
|player|p1|sum1dum|rosa|1158
|player|p2|chan chai rap xiec|101|1049
|gen|9
|tier|[Gen 9 Champions] VGC 2026 Reg M-B (Bo3)
|rated|
|rule|Species Clause: Limit one of each Pokémon
|rule|Item Clause: Limit 1 of each item
|clearpoke
|poke|p1|Gliscor, L50, F|
|poke|p1|Primarina, L50, M|
|poke|p1|Metagross, L50|
|poke|p1|Ninetales-Alola, L50, F|
|poke|p1|Incineroar, L50, F|
|poke|p1|Sinistcha, L50|
|poke|p2|Sceptile, L50, F|
|poke|p2|Rotom-Heat, L50|
|poke|p2|Farigiraf, L50, M|
|poke|p2|Ninetales-Alola, L50, M|
|poke|p2|Aegislash, L50, M|
|poke|p2|Slowbro, L50, F|
|teampreview|4
|showteam|p1|Gliscor||LifeOrb|HyperCutter|DualWingbeat,HighHorsepower,Protect,RockSlide|Jolly||F|||50|]Primarina||Leftovers|LiquidVoice|CalmMind,HyperVoice,Moonblast,Protect|Modest||M|||50|]Metagross||Metagrossite|ClearBody|BulletPunch,IronHead,Protect,PsychicFangs|Jolly|||||50|]Ninetales-Alola||LightClay|SnowWarning|AuroraVeil,FreezeDry,Moonblast,Protect|Timid||F|||50|]Incineroar||ChopleBerry|Intimidate|FakeOut,FlareBlitz,DarkestLariat,PartingShot|Impish||F|||50|]Sinistcha||SitrusBerry|Hospitality|MatchaGotcha,Protect,LifeDew,RagePowder|Bold|||||50|
|showteam|p2|Sceptile||Sceptilite|Overgrow|Protect,EnergyBall,EarthPower,DragonPulse|Timid||F|||50|]Rotom-Heat||ChoiceScarf|Levitate|Overheat,Discharge,Electroweb,Trick|Naive|||||50|]Farigiraf||SitrusBerry|ArmorTail|AllySwitch,TrickRoom,TwinBeam,HelpingHand|Relaxed||M|||50|]Ninetales-Alola||LifeOrb|SnowWarning|Blizzard,Protect,FreezeDry,DazzlingGleam|Timid||M|||50|]Aegislash||MentalHerb|StanceChange|Poltergeist,IronHead,KingsShield,ShadowSneak|Adamant||M|||50|]Slowbro||Slowbronite|Oblivious|BodyPress,StoredPower,IronDefense,SlackOff|Sassy||F|||50|
|inactive|Battle timer is ON: inactive players will automatically lose when time's up. (requested by sum1dum)
|
|t:|1784079083
|teamsize|p1|4
|teamsize|p2|4
|start
|switch|p1a: Bravery|Gliscor, L50, F|100/100
|switch|p1b: Justice|Incineroar, L50, F|100/100
|switch|p2a: Ninetales|Ninetales-Alola, L50, M|100/100
|switch|p2b: Sceptile|Sceptile, L50, F|100/100
|-weather|Snowscape|[from] ability: Snow Warning|[of] p2a: Ninetales
|-ability|p1b: Justice|Intimidate|boost
|-unboost|p2a: Ninetales|atk|1
|-unboost|p2b: Sceptile|atk|1
|turn|1
|
|t:|1784079099
|move|p2b: Sceptile|Protect|p2b: Sceptile
|-singleturn|p2b: Sceptile|Protect
|move|p2a: Ninetales|Protect|p2a: Ninetales
|-singleturn|p2a: Ninetales|Protect
|move|p1a: Bravery|Protect|p1a: Bravery
|-singleturn|p1a: Bravery|Protect
|move|p1b: Justice|Flare Blitz|p2a: Ninetales
|-activate|p2a: Ninetales|move: Protect
|
|-weather|Snowscape|[upkeep]
|upkeep
|turn|2
|
|t:|1784079111
|switch|p1a: Integrity|Ninetales-Alola, L50, F|100/100
|detailschange|p2b: Sceptile|Sceptile-Mega, L50, F
|-mega|p2b: Sceptile|Sceptile|Sceptilite
|move|p2b: Sceptile|Earth Power|p1b: Justice
|-supereffective|p1b: Justice|1
|-damage|p1b: Justice|45/100
|move|p2a: Ninetales|Blizzard|p1b: Justice|[spread] p1a,p1b
|-resisted|p1a: Integrity|1
|-resisted|p1b: Justice|1
|-damage|p1a: Integrity|76/100
|-damage|p1b: Justice|30/100
|-status|p1b: Justice|frz
|-damage|p2a: Ninetales|90/100|[from] item: Life Orb
|-curestatus|p1b: Justice|frz|[from] move: Flare Blitz
|move|p1b: Justice|Flare Blitz|p2a: Ninetales
|-supereffective|p2a: Ninetales|1
|-damage|p2a: Ninetales|0 fnt
|faint|p2a: Ninetales
|-damage|p1b: Justice|7/100|[from] Recoil
|
|-weather|Snowscape|[upkeep]
|upkeep
|inactive|chan chai rap xiec has 30 seconds left.
|inactive|chan chai rap xiec has 20 seconds left.
|
|t:|1784079150
|switch|p2a: Rotom|Rotom-Heat, L50|100/100
|turn|3
|
|t:|1784079165
|switch|p1b: Kindness|Sinistcha, L50|100/100
|-heal|p1a: Integrity|100/100|[from] ability: Hospitality|[of] p1b: Kindness
|move|p1a: Integrity|Protect|p1a: Integrity
|-singleturn|p1a: Integrity|Protect
|move|p2a: Rotom|Discharge|p1a: Integrity|[spread] p1b
|-activate|p1a: Integrity|move: Protect
|-ability|p2b: Sceptile|Lightning Rod|boost
|-boost|p2b: Sceptile|spa|1
|-resisted|p1b: Kindness|1
|-damage|p1b: Kindness|87/100
|move|p2b: Sceptile|Energy Ball|p1a: Integrity
|-activate|p1a: Integrity|move: Protect
|
|-weather|Snowscape|[upkeep]
|upkeep
|turn|4
|
|t:|1784079182
|move|p1b: Kindness|Rage Powder|p1b: Kindness
|-singleturn|p1b: Kindness|move: Rage Powder
|move|p2a: Rotom|Discharge|p1a: Integrity|[spread] p1a,p1b
|-ability|p2b: Sceptile|Lightning Rod|boost
|-boost|p2b: Sceptile|spa|1
|-resisted|p1b: Kindness|1
|-damage|p1a: Integrity|67/100
|-damage|p1b: Kindness|75/100
|move|p2b: Sceptile|Energy Ball|p1a: Integrity
|-damage|p1a: Integrity|0 fnt
|faint|p1a: Integrity
|
|-weather|Snowscape|[upkeep]
|upkeep
|c|☆sum1dum|I always forget that
|
|t:|1784079207
|switch|p1a: Bravery|Gliscor, L50, F|100/100
|turn|5
|c|☆chan chai rap xiec|haha so do i
|inactive|sum1dum has 30 seconds left.
|
|t:|1784079237
|switch|p1b: Justice|Incineroar, L50, F|7/100
|-ability|p1b: Justice|Intimidate|boost
|-unboost|p2a: Rotom|atk|1
|-unboost|p2b: Sceptile|atk|1
|move|p1a: Bravery|Protect|p1a: Bravery
|-singleturn|p1a: Bravery|Protect
|move|p2a: Rotom|Discharge|p1a: Bravery|[spread] p1b
|-activate|p1a: Bravery|move: Protect
|-ability|p2b: Sceptile|Lightning Rod|boost
|-boost|p2b: Sceptile|spa|1
|-damage|p1b: Justice|0 fnt
|faint|p1b: Justice
|move|p2b: Sceptile|Energy Ball|p1a: Bravery
|-activate|p1a: Bravery|move: Protect
|
|-weather|none
|upkeep
|
|t:|1784079240
|switch|p1b: Kindness|Sinistcha, L50|75/100
|turn|6
|-message|sum1dum forfeited.
|
|win|chan chai rap xiec
