|j|☆54Rook54
|j|☆iota_002
|html|54Rook54iota_002    
|uhtml|bestof|Game 2 of a best-of-3
|t:|1785461051
|gametype|doubles
|player|p1|54Rook54|dawn|1161
|player|p2|iota_002|ethan|1090
|gen|9
|tier|[Gen 9 Champions] VGC 2026 Reg M-B (Bo3)
|rated|
|rule|Species Clause: Limit one of each Pokémon
|rule|Item Clause: Limit 1 of each item
|clearpoke
|poke|p1|Pelipper, L50, F|
|poke|p1|Swampert, L50, M|
|poke|p1|Basculegion, L50, M|
|poke|p1|Archaludon, L50, F|
|poke|p1|Sinistcha, L50|
|poke|p1|Kingambit, L50, F|
|poke|p2|Beedrill, L50, M|
|poke|p2|Aegislash, L50, M|
|poke|p2|Talonflame, L50, F|
|poke|p2|Gardevoir, L50, F|
|poke|p2|Glimmora, L50, F|
|poke|p2|Weavile, L50, F|
|teampreview|4
|showteam|p1|Pelipper||DampRock|Drizzle|Hurricane,WeatherBall,WideGuard,Protect|Bold||F|||50|]Swampert||Swampertite|Torrent|Liquidation,HighHorsepower,IcePunch,Protect|Adamant||M|||50|]Basculegion||MysticWater|Adaptability|WaveCrash,LastRespects,AquaJet,FlipTurn|Adamant||M|||50|]Archaludon||SitrusBerry|Stamina|ElectroShot,FlashCannon,DragonPulse,Protect|Timid||F|||50|]Sinistcha||Leftovers|Hospitality|MatchaGotcha,RagePowder,StrengthSap,Protect|Bold|||||50|]Kingambit||BlackGlasses|Defiant|KowtowCleave,SuckerPunch,IronHead,Protect|Adamant||F|||50|
|showteam|p2|Beedrill||Beedrillite|Sniper|Uturn,PoisonJab,DrillRun,Protect|Jolly||M|||50|]Aegislash||SitrusBerry|StanceChange|Poltergeist,SacredSword,WideGuard,KingsShield|Brave||M|||50|]Talonflame||SharpBeak|GaleWings|DualWingbeat,Tailwind,QuickGuard,Taunt|Jolly||F|||50|]Gardevoir||ExpertBelt|Trace|Thunderbolt,Moonblast,Encore,Protect|Modest||F|||50|]Glimmora||FocusSash|ToxicDebris|EnergyBall,PowerGem,EarthPower,SpikyShield|Modest||F|||50|]Weavile||KingsRock|Pressure|FakeOut,Fling,KnockOff,IceSpinner|Jolly||F|||50|
|inactive|Battle timer is ON: inactive players will automatically lose when time's up. (requested by 54Rook54)
|
|t:|1785461068
|teamsize|p1|4
|teamsize|p2|4
|start
|switch|p1a: Pelipper|Pelipper, L50, F|100/100
|switch|p1b: Swampert|Swampert, L50, M|100/100
|switch|p2a: Glimmora|Glimmora, L50, F|100/100
|switch|p2b: Weavile|Weavile, L50, F|100/100
|-ability|p2b: Weavile|Pressure
|-weather|RainDance|[from] ability: Drizzle|[of] p1a: Pelipper
|turn|1
|
|t:|1785461088
|detailschange|p1b: Swampert|Swampert-Mega, L50, M
|-mega|p1b: Swampert|Swampert|Swampertite
|move|p2b: Weavile|Fake Out|p1b: Swampert
|-crit|p1b: Swampert
|-damage|p1b: Swampert|80/100
|cant|p1b: Swampert|flinch
|move|p2a: Glimmora|Energy Ball|p1b: Swampert
|-supereffective|p1b: Swampert|2
|-damage|p1b: Swampert|0 fnt
|faint|p1b: Swampert
|move|p1a: Pelipper|Weather Ball|p2a: Glimmora
|-supereffective|p2a: Glimmora|1
|-crit|p2a: Glimmora
|-enditem|p2a: Glimmora|Focus Sash
|-damage|p2a: Glimmora|1/100
|
|-weather|RainDance|[upkeep]
|upkeep
|
|t:|1785461102
|switch|p1b: Archaludon|Archaludon, L50, F|100/100
|turn|2
|
|t:|1785461112
|move|p2b: Weavile|Fling|p1b: Archaludon
|-crit|p1b: Archaludon
|-damage|p1b: Archaludon|83/100
|-ability|p1b: Archaludon|Stamina|boost
|-boost|p1b: Archaludon|def|1
|-enditem|p2b: Weavile|King's Rock|[from] move: Fling
|move|p2a: Glimmora|Earth Power|p1b: Archaludon
|-supereffective|p1b: Archaludon|1
|-damage|p1b: Archaludon|3/100
|-unboost|p1b: Archaludon|spd|1
|-ability|p1b: Archaludon|Stamina|boost
|-boost|p1b: Archaludon|def|1
|-enditem|p1b: Archaludon|Sitrus Berry|[eat]
|-heal|p1b: Archaludon|27/100|[from] item: Sitrus Berry
|move|p1a: Pelipper|Weather Ball|p2b: Weavile
|-damage|p2b: Weavile|22/100
|cant|p1b: Archaludon|flinch
|
|-weather|RainDance|[upkeep]
|upkeep
|turn|3
|
|t:|1785461137
|move|p2a: Glimmora|Spiky Shield|p2a: Glimmora
|-singleturn|p2a: Glimmora|move: Protect
|move|p1b: Archaludon|Protect|p1b: Archaludon
|-singleturn|p1b: Archaludon|Protect
|move|p2b: Weavile|Knock Off|p1b: Archaludon
|-activate|p1b: Archaludon|move: Protect
|move|p1a: Pelipper|Weather Ball|p2b: Weavile
|-damage|p2b: Weavile|0 fnt
|faint|p2b: Weavile
|
|-weather|RainDance|[upkeep]
|upkeep
|
|t:|1785461152
|switch|p2b: Aegislash|Aegislash, L50, M|100/100
|turn|4
|
|t:|1785461165
|move|p2a: Glimmora|Power Gem|p1a: Pelipper
|-supereffective|p1a: Pelipper|1
|-damage|p1a: Pelipper|0 fnt
|faint|p1a: Pelipper
|move|p1b: Archaludon|Electro Shot||[still]
|-prepare|p1b: Archaludon|Electro Shot
|-boost|p1b: Archaludon|spa|1
|-anim|p1b: Archaludon|Electro Shot|p2b: Aegislash
|-damage|p2b: Aegislash|43/100
|-enditem|p2b: Aegislash|Sitrus Berry|[eat]
|-heal|p2b: Aegislash|68/100|[from] item: Sitrus Berry
|-formechange|p2b: Aegislash|Aegislash-Blade|
|move|p2b: Aegislash|Sacred Sword|p1b: Archaludon
|-supereffective|p1b: Archaludon|1
|-damage|p1b: Archaludon|0 fnt
|faint|p1b: Archaludon
|
|-weather|RainDance|[upkeep]
|upkeep
|
|t:|1785461168
|switch|p1b: Basculegion|Basculegion, L50, M|100/100
|turn|5
|
|t:|1785461185
|-formechange|p2b: Aegislash|Aegislash|
|move|p2b: Aegislash|King's Shield|p2b: Aegislash
|-singleturn|p2b: Aegislash|Protect
|move|p1b: Basculegion|Aqua Jet|p2a: Glimmora
|-supereffective|p2a: Glimmora|1
|-damage|p2a: Glimmora|0 fnt
|-activate|p2a: Glimmora|ability: Toxic Debris
|-sidestart|p1: 54Rook54|move: Toxic Spikes
|faint|p2a: Glimmora
|
|-weather|RainDance|[upkeep]
|upkeep
|
|t:|1785461194
|switch|p2a: Talonflame|Talonflame, L50, F|100/100
|turn|6
|
|t:|1785461200
|move|p2a: Talonflame|Tailwind|p2a: Talonflame
|-sidestart|p2: iota_002|move: Tailwind
|-formechange|p2b: Aegislash|Aegislash-Blade|
|move|p2b: Aegislash|Poltergeist|p1b: Basculegion
|-activate|p1b: Basculegion|move: Poltergeist|Mystic Water
|-supereffective|p1b: Basculegion|1
|-damage|p1b: Basculegion|0 fnt
|faint|p1b: Basculegion
|
|win|iota_002
|raw|54Rook54's rating: 1161 → 1131(-30 for losing)
|raw|iota_002's rating: 1090 → 1122(+32 for winning)
|l|☆54Rook54
|player|p1|
