|j|☆theson1909
|j|☆Chelicerate1
|html|theson1909Chelicerate1    
|uhtml|bestof|Game 2 of a best-of-3
|t:|1784528241
|gametype|doubles
|player|p1|theson1909|1|1359
|player|p2|Chelicerate1|ethan|1378
|gen|9
|tier|[Gen 9 Champions] VGC 2026 Reg M-B (Bo3)
|rated|
|rule|Species Clause: Limit one of each Pokémon
|rule|Item Clause: Limit 1 of each item
|clearpoke
|poke|p1|Charizard, L50, M|
|poke|p1|Grimmsnarl, L50, M|
|poke|p1|Pelipper, L50, F|
|poke|p1|Archaludon, L50, M|
|poke|p1|Basculegion, L50, M|
|poke|p1|Venusaur, L50, M|
|poke|p2|Metagross, L50|
|poke|p2|Incineroar, L50, M|
|poke|p2|Sinistcha, L50|
|poke|p2|Tyranitar, L50, F|
|poke|p2|Excadrill, L50, F|
|poke|p2|Dragonite, L50, M|
|teampreview|4
|showteam|p1|Charizard||CharizarditeY|Blaze|HeatWave,WeatherBall,SolarBeam,Protect|Modest||M|||50|]Grimmsnarl||LightClay|Prankster|SpiritBreak,Reflect,LightScreen,PartingShot|Sassy||M|||50|]Pelipper||SitrusBerry|Drizzle|WeatherBall,Hurricane,Tailwind,Protect|Modest||F|||50|]Archaludon||Leftovers|Stamina|FlashCannon,DragonPulse,ElectroShot,Protect|Calm||M|||50|]Basculegion||ChoiceScarf|Adaptability|WaveCrash,AquaJet,LastRespects,FlipTurn|Jolly||M|||50|]Venusaur||FocusSash|Chlorophyll|SludgeBomb,EarthPower,SleepPowder,Protect|Modest||M|||50|
|showteam|p2|Metagross||Metagrossite|ClearBody|PsychicFangs,BodyPress,CosmicPower,Rest|Impish|||||50|]Incineroar||SitrusBerry|Intimidate|FlareBlitz,DarkestLariat,PartingShot,FakeOut|Careful||M|||50|]Sinistcha||KasibBerry|Hospitality|MatchaGotcha,RagePowder,TrickRoom,Protect|Bold|||||50|]Tyranitar||ChoiceScarf|SandStream|RockSlide,KnockOff,IcePunch,LowKick|Jolly||F|||50|]Excadrill||FocusSash|SandRush|Earthquake,IronHead,RockSlide,Protect|Adamant||F|||50|]Dragonite||Dragoninite|Multiscale|DragonPulse,HeatWave,Tailwind,Protect|Modest||M|||50|
|inactive|Battle timer is ON: inactive players will automatically lose when time's up. (requested by Chelicerate1)
|inactive|theson1909 has 60 seconds left.
|inactive|Chelicerate1 has 60 seconds left.
|
|t:|1784528292
|teamsize|p1|4
|teamsize|p2|4
|start
|switch|p1a: Charizard|Charizard, L50, M|100/100
|switch|p1b: Basculegion|Basculegion, L50, M|100/100
|switch|p2a: Metagross|Metagross, L50|100/100
|switch|p2b: Excadrill|Excadrill, L50, F|100/100
|turn|1
|
|t:|1784528308
|switch|p2a: Tyranitar|Tyranitar, L50, F|100/100
|-weather|Sandstorm|[from] ability: Sand Stream|[of] p2a: Tyranitar
|move|p2b: Excadrill|Rock Slide|p1a: Charizard|[spread] p1a,p1b
|-supereffective|p1a: Charizard|2
|-damage|p1a: Charizard|8/100
|-damage|p1b: Basculegion|70/100
|cant|p1b: Basculegion|flinch
|cant|p1a: Charizard|flinch
|
|-weather|Sandstorm|[upkeep]
|-damage|p1b: Basculegion|64/100|[from] Sandstorm
|-damage|p1a: Charizard|2/100|[from] Sandstorm
|upkeep
|turn|2
|
|t:|1784528333
|detailschange|p1a: Charizard|Charizard-Mega-Y, L50, M
|-mega|p1a: Charizard|Charizard|Charizardite Y
|-weather|SunnyDay|[from] ability: Drought|[of] p1a: Charizard
|move|p1a: Charizard|Protect|p1a: Charizard
|-singleturn|p1a: Charizard|Protect
|move|p1b: Basculegion|Flip Turn|p2b: Excadrill
|-supereffective|p2b: Excadrill|1
|-damage|p2b: Excadrill|41/100
|
|t:|1784528343
|switch|p1b: Venusaur|Venusaur, L50, M|100/100|[from] Flip Turn
|move|p2a: Tyranitar|Knock Off|p1b: Venusaur
|-damage|p1b: Venusaur|35/100
|-enditem|p1b: Venusaur|Focus Sash|[from] move: Knock Off|[of] p2a: Tyranitar
|move|p2b: Excadrill|Iron Head|p1a: Charizard
|-activate|p1a: Charizard|move: Protect
|
|-weather|SunnyDay|[upkeep]
|upkeep
|turn|3
|inactive|Chelicerate1 has 30 seconds left.
|inactive|theson1909 has 30 seconds left.
|inactive|Chelicerate1 has 20 seconds left.
|inactive|theson1909 has 20 seconds left.
|inactive|Chelicerate1 has 15 seconds left.
|
|t:|1784528386
|switch|p2a: Sinistcha|Sinistcha, L50|100/100
|-heal|p2b: Excadrill|66/100|[from] ability: Hospitality|[of] p2a: Sinistcha
|switch|p1a: Basculegion|Basculegion, L50, M|64/100
|move|p2b: Excadrill|Protect|p2b: Excadrill
|-singleturn|p2b: Excadrill|Protect
|move|p1b: Venusaur|Sleep Powder|p2a: Sinistcha
|-immune|p2a: Sinistcha
|
|-weather|SunnyDay|[upkeep]
|upkeep
|turn|4
|
|t:|1784528404
|switch|p2a: Tyranitar|Tyranitar, L50, F|100/100
|-weather|Sandstorm|[from] ability: Sand Stream|[of] p2a: Tyranitar
|move|p2b: Excadrill|Rock Slide|p1a: Basculegion|[spread] p1a,p1b
|-damage|p1a: Basculegion|35/100
|-damage|p1b: Venusaur|5/100
|move|p1a: Basculegion|Flip Turn|p2b: Excadrill
|-supereffective|p2b: Excadrill|1
|-damage|p2b: Excadrill|0 fnt
|faint|p2b: Excadrill
|
|t:|1784528413
|switch|p1a: Pelipper|Pelipper, L50, F|100/100|[from] Flip Turn
|-weather|RainDance|[from] ability: Drizzle|[of] p1a: Pelipper
|move|p1b: Venusaur|Sludge Bomb|p2a: Tyranitar
|-resisted|p2a: Tyranitar|1
|-damage|p2a: Tyranitar|77/100
|
|-weather|RainDance|[upkeep]
|upkeep
|
|t:|1784528425
|switch|p2b: Metagross|Metagross, L50|100/100
|turn|5
|
|t:|1784528444
|detailschange|p2b: Metagross|Metagross-Mega, L50
|-mega|p2b: Metagross|Metagross|Metagrossite
|move|p2a: Tyranitar|Rock Slide|p1b: Venusaur|[spread] p1a,p1b
|-supereffective|p1a: Pelipper|1
|-damage|p1a: Pelipper|37/100
|-damage|p1b: Venusaur|0 fnt
|-enditem|p1a: Pelipper|Sitrus Berry|[eat]
|-heal|p1a: Pelipper|62/100|[from] item: Sitrus Berry
|faint|p1b: Venusaur
|move|p2b: Metagross|Cosmic Power|p2b: Metagross
|-boost|p2b: Metagross|def|1
|-boost|p2b: Metagross|spd|1
|move|p1a: Pelipper|Tailwind|p1a: Pelipper
|-sidestart|p1: theson1909|move: Tailwind
|
|-weather|RainDance|[upkeep]
|upkeep
|
|t:|1784528457
|switch|p1b: Basculegion|Basculegion, L50, M|35/100
|turn|6
|
|t:|1784528468
|switch|p2a: Sinistcha|Sinistcha, L50|100/100
|move|p1b: Basculegion|Wave Crash|p2b: Metagross
|-damage|p2b: Metagross|57/100
|-damage|p1b: Basculegion|22/100|[from] Recoil
|move|p1a: Pelipper|Weather Ball|p2a: Sinistcha
|-resisted|p2a: Sinistcha|1
|-damage|p2a: Sinistcha|73/100
|move|p2b: Metagross|Cosmic Power|p2b: Metagross
|-boost|p2b: Metagross|def|1
|-boost|p2b: Metagross|spd|1
|
|-weather|RainDance|[upkeep]
|upkeep
|turn|7
|
|t:|1784528491
|move|p2a: Sinistcha|Rage Powder|p2a: Sinistcha
|-singleturn|p2a: Sinistcha|move: Rage Powder
|move|p1b: Basculegion|Wave Crash|p2a: Sinistcha
|-resisted|p2a: Sinistcha|1
|-damage|p2a: Sinistcha|23/100
|-damage|p1b: Basculegion|7/100|[from] Recoil
|move|p1a: Pelipper|Hurricane|p2a: Sinistcha
|-supereffective|p2a: Sinistcha|1
|-damage|p2a: Sinistcha|0 fnt
|faint|p2a: Sinistcha
|move|p2b: Metagross|Cosmic Power|p2b: Metagross
|-boost|p2b: Metagross|def|1
|-boost|p2b: Metagross|spd|1
|
|-weather|RainDance|[upkeep]
|upkeep
|
|t:|1784528506
|switch|p2a: Tyranitar|Tyranitar, L50, F|77/100
|-weather|Sandstorm|[from] ability: Sand Stream|[of] p2a: Tyranitar
|turn|8
|
|t:|1784528530
|move|p1a: Pelipper|Protect|p1a: Pelipper
|-singleturn|p1a: Pelipper|Protect
|move|p1b: Basculegion|Wave Crash|p2a: Tyranitar
|-supereffective|p2a: Tyranitar|1
|-damage|p2a: Tyranitar|0 fnt
|faint|p2a: Tyranitar
|-damage|p1b: Basculegion|0 fnt|[from] Recoil
|faint|p1b: Basculegion
|move|p2b: Metagross|Rest|p2b: Metagross
|-status|p2b: Metagross|slp|[from] move: Rest
|-heal|p2b: Metagross|100/100 slp|[silent]
|
|-weather|Sandstorm|[upkeep]
|-damage|p1a: Pelipper|56/100|[from] Sandstorm
|-sideend|p1: theson1909|move: Tailwind
|upkeep
|
|t:|1784528537
|switch|p1b: Charizard|Charizard-Mega-Y, L50, M|2/100
|-weather|SunnyDay|[from] ability: Drought|[of] p1b: Charizard
|turn|9
|
|t:|1784528548
|cant|p2b: Metagross|slp
|move|p1b: Charizard|Weather Ball|p2b: Metagross
|-supereffective|p2b: Metagross|1
|-damage|p2b: Metagross|34/100 slp
|move|p1a: Pelipper|Tailwind|p1a: Pelipper
|-sidestart|p1: theson1909|move: Tailwind
|
|-weather|SunnyDay|[upkeep]
|upkeep
|turn|10
|
|t:|1784528556
|move|p1b: Charizard|Heat Wave|p2b: Metagross
|-supereffective|p2b: Metagross|1
|-damage|p2b: Metagross|0 fnt
|faint|p2b: Metagross
|
|win|theson1909
||theson1909 is ready for game 3.
