|j|☆UpstartMannekin
|j|☆flameblade_0012
|html|UpstartMannekinflameblade_0012    
|uhtml|bestof|Game 1 of a best-of-3
|t:|1784392085
|gametype|doubles
|player|p1|UpstartMannekin|cheren|1110
|player|p2|flameblade_0012|dawn-gen4pt|1088
|gen|9
|tier|[Gen 9 Champions] VGC 2026 Reg M-B (Bo3)
|rated|
|rule|Species Clause: Limit one of each Pokémon
|rule|Item Clause: Limit 1 of each item
|clearpoke
|poke|p1|Froslass, L50, F|
|poke|p1|Dragonite, L50, F|
|poke|p1|Toxapex, L50, M|
|poke|p1|Sneasler, L50, M|
|poke|p1|Kingambit, L50, F|
|poke|p1|Blaziken, L50, M|
|poke|p2|Raichu, L50, F|
|poke|p2|Whimsicott, L50, M|
|poke|p2|Garchomp, L50, F|
|poke|p2|Farigiraf, L50, M|
|poke|p2|Basculegion, L50, M|
|poke|p2|Ceruledge, L50, M|
|teampreview|4
|showteam|p1|Froslass||Froslassite|CursedBody|Blizzard,ShadowBall,AuroraVeil,Protect|Timid||F|||50|]Dragonite||LifeOrb|InnerFocus|DragonClaw,ExtremeSpeed,LowKick,Protect|Adamant||F|||50|]Toxapex||Leftovers|Regenerator|Infestation,Toxic,WideGuard,BanefulBunker|Bold||M|||50|]Sneasler||FocusSash|PoisonTouch|CloseCombat,PoisonJab,FakeOut,Protect|Jolly||M|||50|]Kingambit||BlackGlasses|Defiant|KowtowCleave,IronHead,SuckerPunch,Protect|Adamant||F|||50|]Blaziken||Blazikenite|SpeedBoost|CloseCombat,FlareBlitz,RockSlide,Protect|Adamant||M|||50|
|showteam|p2|Raichu||RaichuniteY|LightningRod|FakeOut,ZapCannon,Protect,FocusBlast|Modest||F|||50|]Whimsicott||FocusSash|Prankster|Tailwind,Moonblast,Protect,Encore|Timid||M|||50|]Garchomp||LifeOrb|RoughSkin|RockSlide,DragonClaw,StompingTantrum,Protect|Adamant||F|||50|]Farigiraf||ColburBerry|ArmorTail|TrickRoom,Psychic,HyperVoice,Protect|Serious||M|||50|]Basculegion||MysticWater|Adaptability|WaveCrash,AquaJet,Protect,LastRespects|Adamant||M|||50|]Ceruledge||Leftovers|FlashFire|BulkUp,BitterBlade,ShadowSneak,ShadowClaw|Adamant||M|||50|
|inactive|Battle timer is ON: inactive players will automatically lose when time's up. (requested by flameblade_0012)
|
|t:|1784392115
|teamsize|p1|4
|teamsize|p2|4
|start
|switch|p1a: Sneasler|Sneasler, L50, M|100/100
|switch|p1b: Froslass|Froslass, L50, F|100/100
|switch|p2a: Raichu|Raichu, L50, F|100/100
|switch|p2b: Whimsicott|Whimsicott, L50, M|100/100
|turn|1
|
|t:|1784392136
|switch|p2b: Farigiraf|Farigiraf, L50, M|100/100
|detailschange|p1b: Froslass|Froslass-Mega, L50, F
|-mega|p1b: Froslass|Froslass|Froslassite
|-weather|Snowscape|[from] ability: Snow Warning|[of] p1b: Froslass
|detailschange|p2a: Raichu|Raichu-Mega-Y, L50, F
|-mega|p2a: Raichu|Raichu|Raichunite Y
|move|p1a: Sneasler|Poison Jab|p2b: Farigiraf
|-damage|p2b: Farigiraf|57/100
|move|p1b: Froslass|Blizzard|p2b: Farigiraf|[spread] p2a,p2b
|-damage|p2a: Raichu|49/100
|-damage|p2b: Farigiraf|16/100
|move|p2a: Raichu|Zap Cannon|p1b: Froslass
|-damage|p1b: Froslass|14/100
|-status|p1b: Froslass|par
|
|-weather|Snowscape|[upkeep]
|upkeep
|turn|2
|inactive|UpstartMannekin has 30 seconds left.
|inactive|flameblade_0012 has 30 seconds left.
|inactive|flameblade_0012 has 20 seconds left.
|inactive|flameblade_0012 has 15 seconds left.
|inactive|flameblade_0012 has 10 seconds left.
|
|t:|1784392183
|move|p1a: Sneasler|Poison Jab|p2b: Farigiraf
|-damage|p2b: Farigiraf|0 fnt
|faint|p2b: Farigiraf
|move|p2a: Raichu|Zap Cannon|p1a: Sneasler
|-enditem|p1a: Sneasler|Focus Sash
|-damage|p1a: Sneasler|1/100
|-status|p1a: Sneasler|par
|move|p1b: Froslass|Blizzard|p2a: Raichu
|-damage|p2a: Raichu|0 fnt
|faint|p2a: Raichu
|
|-weather|Snowscape|[upkeep]
|upkeep
|
|t:|1784392194
|switch|p2a: Garchomp|Garchomp, L50, F|100/100
|switch|p2b: Whimsicott|Whimsicott, L50, M|100/100
|turn|3
|
|t:|1784392208
|move|p2b: Whimsicott|Tailwind|p2b: Whimsicott
|-sidestart|p2: flameblade_0012|move: Tailwind
|move|p2a: Garchomp|Rock Slide|p1a: Sneasler|[spread] p1a,p1b
|-resisted|p1a: Sneasler|1
|-supereffective|p1b: Froslass|1
|-crit|p1b: Froslass
|-damage|p1a: Sneasler|0 fnt
|-damage|p1b: Froslass|0 fnt
|faint|p1a: Sneasler
|faint|p1b: Froslass
|-damage|p2a: Garchomp|90/100|[from] item: Life Orb
|
|-weather|Snowscape|[upkeep]
|upkeep
|
|t:|1784392211
|switch|p1a: Kingambit|Kingambit, L50, F|100/100
|switch|p1b: Dragonite|Dragonite, L50, F|100/100
|turn|4
|inactive|flameblade_0012 has 30 seconds left.
|
|t:|1784392242
|move|p1b: Dragonite|Protect|p1b: Dragonite
|-singleturn|p1b: Dragonite|Protect
|move|p2b: Whimsicott|Moonblast|p1b: Dragonite
|-activate|p1b: Dragonite|move: Protect
|move|p2a: Garchomp|Stomping Tantrum|p1a: Kingambit
|-supereffective|p1a: Kingambit|1
|-damage|p1a: Kingambit|32/100
|-damage|p2a: Garchomp|80/100|[from] item: Life Orb
|move|p1a: Kingambit|Kowtow Cleave|p2a: Garchomp
|-damage|p2a: Garchomp|29/100
|-damage|p1a: Kingambit|20/100y|[from] ability: Rough Skin|[of] p2a: Garchomp
|
|-weather|Snowscape|[upkeep]
|upkeep
|turn|5
|inactive|flameblade_0012 has 30 seconds left.
|inactive|flameblade_0012 has 20 seconds left.
|
|t:|1784392278
|move|p2a: Garchomp|Protect|p2a: Garchomp
|-singleturn|p2a: Garchomp|Protect
|move|p1b: Dragonite|Extreme Speed|p2b: Whimsicott
|-damage|p2b: Whimsicott|43/100
|-damage|p1b: Dragonite|90/100|[from] item: Life Orb
|move|p2b: Whimsicott|Encore|p1b: Dragonite
|-start|p1b: Dragonite|Encore
|move|p1a: Kingambit|Sucker Punch||[still]
|-fail|p1a: Kingambit
|
|-weather|none
|upkeep
|turn|6
|
|t:|1784392301
|move|p1b: Dragonite|Extreme Speed|p2b: Whimsicott
|-damage|p2b: Whimsicott|0 fnt
|faint|p2b: Whimsicott
|-damage|p1b: Dragonite|80/100|[from] item: Life Orb
|move|p1a: Kingambit|Sucker Punch|p2a: Garchomp
|-damage|p2a: Garchomp|0 fnt
|-damage|p1a: Kingambit|8/100|[from] ability: Rough Skin|[of] p2a: Garchomp
|faint|p2a: Garchomp
|
|win|UpstartMannekin
||UpstartMannekin is ready for game 2.
||flameblade_0012 is ready for game 2.
|uhtml|next|Next: Game 2 of 3
|l|☆flameblade_0012
|player|p2|
