|j|☆stanhoff
|j|☆Cyclondo3
|html|stanhoffCyclondo3    
|uhtml|bestof|Game 2 of a best-of-3
|t:|1757788947
|gametype|doubles
|player|p1|stanhoff|falkner|1110
|player|p2|Cyclondo3|hilbert|1014
|gen|9
|tier|[Gen 9] VGC 2025 Reg H (Bo3)
|rated|
|rule|Species Clause: Limit one of each Pokémon
|rule|Item Clause: Limit 1 of each item
|clearpoke
|poke|p1|Hatterene, L50, F|
|poke|p1|Indeedee-F, L50, F|
|poke|p1|Sneasler, L50, M|
|poke|p1|Excadrill, L50, M|
|poke|p1|Tyranitar, L50, F|
|poke|p1|Amoonguss, L50, M|
|poke|p2|Sableye, L50, M|
|poke|p2|Vivillon, L50, F|
|poke|p2|Rillaboom, L50, M|
|poke|p2|Jolteon, L50, M|
|poke|p2|Sneasler, L50, F|
|poke|p2|Ninetales, L50, M|
|teampreview|4
|showteam|p1|Hatterene||LifeOrb|MagicBounce|Protect,TrickRoom,ExpandingForce,DazzlingGleam|||F|||50|,,,,,Psychic]Indeedee-F||SafetyGoggles|PsychicSurge|FollowMe,HelpingHand,Psychic,TrickRoom|||F|||50|,,,,,Fairy]Sneasler||PsychicSeed|Unburden|DireClaw,CloseCombat,ThroatChop,Protect|||M|||50|,,,,,Dark]Excadrill||FocusSash|SandRush|Earthquake,IronHead,HighHorsepower,Protect|||M|||50|,,,,,Ground]Tyranitar||AirBalloon|SandStream|RockSlide,LowKick,KnockOff,Protect|||F|||50|,,,,,Flying]Amoonguss||RockyHelmet|Regenerator|Spore,RagePowder,SludgeBomb,ClearSmog|||M|||50|,,,,,Water
|showteam|p2|Sableye||SafetyGoggles|Prankster|Protect,Gravity,Disable,Encore|||M|||50|,,,,,Dark]Vivillon||FocusSash|CompoundEyes|Protect,SleepPowder,StruggleBug,Hurricane|||F|||50|,,,,,Grass]Rillaboom||AssaultVest|GrassySurge|Uturn,FakeOut,KnockOff,GrassyGlide|||M|||50|,,,,,Fire]Jolteon||ChoiceSpecs|QuickFeet|VoltSwitch,Thunderbolt,WeatherBall,TeraBlast|||M|||50|,,,,,Ice]Sneasler||GrassySeed|Unburden|Protect,FakeOut,CloseCombat,GunkShot|||F|||50|,,,,,Dark]Ninetales||CovertCloak|Drought|Protect,NastyPlot,Flamethrower,SolarBeam|||M|||50|,,,,,Grass
|inactive|Battle timer is ON: inactive players will automatically lose when time's up. (requested by Cyclondo3)
|c|☆Cyclondo3|Glhf
|
|t:|1757788970
|teamsize|p1|4
|teamsize|p2|4
|start
|switch|p1a: Hatterene|Hatterene, L50, F|100/100
|switch|p1b: Indeedee|Indeedee-F, L50, F|100/100
|switch|p2a: Vivillon|Vivillon, L50, F|100/100
|switch|p2b: Rillaboom|Rillaboom, L50, M|100/100
|-fieldstart|move: Psychic Terrain|[from] ability: Psychic Surge|[of] p1b: Indeedee
|-fieldstart|move: Grassy Terrain|[from] ability: Grassy Surge|[of] p2b: Rillaboom
|turn|1
|
|t:|1757788994
|switch|p1b: Amoonguss|Amoonguss, L50, M|100/100
|move|p1a: Hatterene|Protect|p1a: Hatterene
|-singleturn|p1a: Hatterene|Protect
|move|p2b: Rillaboom|Fake Out|p1a: Hatterene
|-activate|p1a: Hatterene|move: Protect
|move|p2a: Vivillon|Sleep Powder|p1b: Amoonguss
|-immune|p1b: Amoonguss
|
|upkeep
|turn|2
|
|t:|1757789019
|move|p1b: Amoonguss|Rage Powder|p1b: Amoonguss
|-singleturn|p1b: Amoonguss|move: Rage Powder
|move|p2a: Vivillon|Hurricane|p1b: Amoonguss
|-supereffective|p1b: Amoonguss
|-damage|p1b: Amoonguss|22/100
|move|p2b: Rillaboom|Knock Off|p1a: Hatterene
|-damage|p1a: Hatterene|58/100
|-enditem|p1a: Hatterene|Life Orb|[from] move: Knock Off|[of] p2b: Rillaboom
|move|p1a: Hatterene|Trick Room|p1a: Hatterene
|-fieldstart|move: Trick Room|[of] p1a: Hatterene
|
|-heal|p1a: Hatterene|64/100|[from] Grassy Terrain
|-heal|p1b: Amoonguss|28/100|[from] Grassy Terrain
|upkeep
|turn|3
|inactive|stanhoff has 30 seconds left.
|inactive|Cyclondo3 has 30 seconds left.
|
|t:|1757789048
|switch|p1b: Indeedee|Indeedee-F, L50, F|100/100
|-fieldstart|move: Psychic Terrain|[from] ability: Psychic Surge|[of] p1b: Indeedee
|switch|p2b: Sneasler|Sneasler, L50, F|100/100
|-terastallize|p1a: Hatterene|Psychic
|move|p1a: Hatterene|Expanding Force|p2b: Sneasler|[spread] p2a,p2b
|-supereffective|p2b: Sneasler
|-enditem|p2a: Vivillon|Focus Sash
|-damage|p2a: Vivillon|1/100
|-damage|p2b: Sneasler|0 fnt
|faint|p2b: Sneasler
|move|p2a: Vivillon|Hurricane|p1b: Indeedee
|-damage|p1b: Indeedee|59/100
|-start|p1b: Indeedee|confusion
|
|upkeep
|
|t:|1757789061
|switch|p2b: Rillaboom|Rillaboom, L50, M|100/100
|-fieldstart|move: Grassy Terrain|[from] ability: Grassy Surge|[of] p2b: Rillaboom
|turn|4
|
|t:|1757789078
|switch|p1b: Amoonguss|Amoonguss, L50, M|61/100
|move|p1a: Hatterene|Protect|p1a: Hatterene
|-singleturn|p1a: Hatterene|Protect
|move|p2b: Rillaboom|Knock Off|p1b: Amoonguss
|-damage|p1b: Amoonguss|29/100
|-damage|p2b: Rillaboom|84/100|[from] item: Rocky Helmet|[of] p1b: Amoonguss
|-enditem|p1b: Amoonguss|Rocky Helmet|[from] move: Knock Off|[of] p2b: Rillaboom
|move|p2a: Vivillon|Struggle Bug|p1a: Hatterene|[spread] p1b
|-activate|p1a: Hatterene|move: Protect
|-damage|p1b: Amoonguss|17/100
|-unboost|p1b: Amoonguss|spa|1
|
|-heal|p1a: Hatterene|70/100|[from] Grassy Terrain
|-heal|p1b: Amoonguss|23/100|[from] Grassy Terrain
|-heal|p2b: Rillaboom|90/100|[from] Grassy Terrain
|upkeep
|turn|5
|inactive|Cyclondo3 has 30 seconds left.
|inactive|Cyclondo3 has 20 seconds left.
|inactive|Cyclondo3 has 15 seconds left.
|
|t:|1757789122
|move|p2a: Vivillon|Protect|p2a: Vivillon
|-singleturn|p2a: Vivillon|Protect
|move|p1a: Hatterene|Dazzling Gleam|p2b: Rillaboom|[spread] p2b
|-activate|p2a: Vivillon|move: Protect
|-damage|p2b: Rillaboom|62/100
|move|p1b: Amoonguss|Sludge Bomb|p2b: Rillaboom
|-supereffective|p2b: Rillaboom
|-damage|p2b: Rillaboom|32/100
|move|p2b: Rillaboom|U-turn|p1a: Hatterene
|-supereffective|p1a: Hatterene
|-damage|p1a: Hatterene|5/100
|
|t:|1757789134
|switch|p2b: Jolteon|Jolteon, L50, M|100/100|[from] U-turn
|
|-heal|p1a: Hatterene|11/100|[from] Grassy Terrain
|-heal|p1b: Amoonguss|29/100|[from] Grassy Terrain
|upkeep
|turn|6
|
|t:|1757789148
|switch|p2a: Rillaboom|Rillaboom, L50, M|32/100
|move|p1a: Hatterene|Dazzling Gleam|p2b: Jolteon|[spread] p2a,p2b
|-damage|p2a: Rillaboom|6/100
|-damage|p2b: Jolteon|55/100
|move|p1b: Amoonguss|Sludge Bomb|p2b: Jolteon
|-damage|p2b: Jolteon|33/100
|move|p2b: Jolteon|Volt Switch|p1a: Hatterene
|-damage|p1a: Hatterene|0 fnt
|faint|p1a: Hatterene
|
|t:|1757789161
|switch|p2b: Vivillon|Vivillon, L50, F|1/100|[from] Volt Switch
|
|-heal|p1b: Amoonguss|34/100|[from] Grassy Terrain
|-heal|p2a: Rillaboom|12/100|[from] Grassy Terrain
|-fieldend|move: Trick Room
|upkeep
|
|t:|1757789167
|switch|p1a: Indeedee|Indeedee-F, L50, F|59/100
|-fieldstart|move: Psychic Terrain|[from] ability: Psychic Surge|[of] p1a: Indeedee
|turn|7
|inactive|stanhoff has 30 seconds left.
|
|t:|1757789201
|switch|p1b: Sneasler|Sneasler, L50, M|100/100
|-enditem|p1b: Sneasler|Psychic Seed
|-boost|p1b: Sneasler|spd|1|[from] item: Psychic Seed
|move|p1a: Indeedee|Follow Me|p1a: Indeedee
|-singleturn|p1a: Indeedee|move: Follow Me
|move|p2b: Vivillon|Hurricane|p1a: Indeedee
|-damage|p1a: Indeedee|13/100
|move|p2a: Rillaboom|U-turn|p1a: Indeedee
|-supereffective|p1a: Indeedee
|-damage|p1a: Indeedee|0 fnt
|faint|p1a: Indeedee
|
|t:|1757789213
|switch|p2a: Jolteon|Jolteon, L50, M|33/100|[from] U-turn
|
|upkeep
|
|t:|1757789214
|switch|p1a: Amoonguss|Amoonguss, L50, M|67/100
|turn|8
|
|t:|1757789237
|-terastallize|p2a: Jolteon|Ice
|move|p1a: Amoonguss|Rage Powder|p1a: Amoonguss
|-singleturn|p1a: Amoonguss|move: Rage Powder
|move|p1b: Sneasler|Dire Claw|p2a: Jolteon
|-damage|p2a: Jolteon|0 fnt
|faint|p2a: Jolteon
|move|p2b: Vivillon|Hurricane|p1a: Amoonguss
|-supereffective|p1a: Amoonguss
|-damage|p1a: Amoonguss|0 fnt
|faint|p1a: Amoonguss
|
|upkeep
|
|t:|1757789247
|switch|p2a: Rillaboom|Rillaboom, L50, M|12/100
|-fieldstart|move: Grassy Terrain|[from] ability: Grassy Surge|[of] p2a: Rillaboom
|turn|9
|inactive|Cyclondo3 has 30 seconds left.
|
|t:|1757789272
|move|p1b: Sneasler|Protect|p1b: Sneasler
|-singleturn|p1b: Sneasler|Protect
|move|p2a: Rillaboom|Fake Out|p1b: Sneasler
|-activate|p1b: Sneasler|move: Protect
|move|p2b: Vivillon|Hurricane|p1b: Sneasler
|-activate|p1b: Sneasler|move: Protect
|
|-heal|p2a: Rillaboom|18/100|[from] Grassy Terrain
|upkeep
|turn|10
|inactive|Cyclondo3 has 30 seconds left.
|inactive|stanhoff has 30 seconds left.
|inactive|Cyclondo3 has 20 seconds left.
|inactive|Cyclondo3 has 15 seconds left.
|inactive|Cyclondo3 has 10 seconds left.
|
|t:|1757789318
|move|p2b: Vivillon|Protect|p2b: Vivillon
|-singleturn|p2b: Vivillon|Protect
|move|p2a: Rillaboom|Grassy Glide|p1b: Sneasler
|-resisted|p1b: Sneasler
|-damage|p1b: Sneasler|70/100
|move|p1b: Sneasler|Dire Claw|p2b: Vivillon
|-activate|p2b: Vivillon|move: Protect
|
|-heal|p1b: Sneasler|75/100|[from] Grassy Terrain
|-heal|p2a: Rillaboom|24/100|[from] Grassy Terrain
|upkeep
|turn|11
|inactive|Cyclondo3 has 30 seconds left.
|
|t:|1757789344
|move|p2a: Rillaboom|Grassy Glide|p1b: Sneasler
|-resisted|p1b: Sneasler
|-damage|p1b: Sneasler|45/100
|move|p1b: Sneasler|Dire Claw|p2b: Vivillon
|-damage|p2b: Vivillon|0 fnt
|faint|p2b: Vivillon
|
|-heal|p1b: Sneasler|51/100|[from] Grassy Terrain
|-heal|p2a: Rillaboom|29/100|[from] Grassy Terrain
|upkeep
|turn|12
|
|t:|1757789361
|move|p2a: Rillaboom|Grassy Glide|p1b: Sneasler
|-resisted|p1b: Sneasler
|-damage|p1b: Sneasler|17/100
|move|p1b: Sneasler|Dire Claw|p2a: Rillaboom
|-supereffective|p2a: Rillaboom
|-damage|p2a: Rillaboom|0 fnt
|faint|p2a: Rillaboom
|
|win|stanhoff
|raw|stanhoff's rating: 1110 → 1128(+18 for winning)
|raw|Cyclondo3's rating: 1014 → 1005(-9 for losing)
|c|☆Cyclondo3|Gg wp
|l|☆Cyclondo3
|player|p2|
