|j|☆testdigi
|j|‽NicClassic
|html|testdigiNicClassic    
|uhtml|bestof|Game 2 of a best-of-3
|t:|1784827700
|gametype|doubles
|player|p1|testdigi|101|1094
|player|p2|NicClassic|169|1046
|gen|9
|tier|[Gen 9 Champions] VGC 2026 Reg M-B (Bo3)
|rated|
|rule|Species Clause: Limit one of each Pokémon
|rule|Item Clause: Limit 1 of each item
|clearpoke
|poke|p1|Raichu, L50, M|
|poke|p1|Toxapex, L50, F|
|poke|p1|Mamoswine, L50, F|
|poke|p1|Sylveon, L50, M|
|poke|p1|Corviknight, L50, F|
|poke|p1|Basculegion, L50, M|
|poke|p2|Venusaur, L50, F|
|poke|p2|Charizard, L50, M|
|poke|p2|Garchomp, L50, F|
|poke|p2|Annihilape, L50, M|
|poke|p2|Incineroar, L50, F|
|poke|p2|Toxapex, L50, F|
|teampreview|4
|showteam|p1|Raichu||RaichuniteY|LightningRod|ZapCannon,FocusBlast,FakeOut,Protect|Timid||M|||50|]Toxapex||Leftovers|Regenerator|Infestation,Toxic,WideGuard,BanefulBunker|Relaxed||F|||50|]Mamoswine||LifeOrb|Oblivious|StompingTantrum,IceShard,RockSlide,Protect|Adamant||F|||50|]Sylveon||FairyFeather|Pixilate|HyperVoice,QuickAttack,Yawn,Detect|Modest||M|||50|]Corviknight||OccaBerry|MirrorArmor|IronHead,BraveBird,Tailwind,Protect|Adamant||F|||50|]Basculegion||FocusSash|Adaptability|LastRespects,Liquidation,AquaJet,Protect|Adamant||M|||50|
|showteam|p2|Venusaur||LifeOrb|Chlorophyll|SolarBeam,SludgeBomb,EarthPower,Protect|Modest||F|||50|]Charizard||CharizarditeY|Blaze|HeatWave,WeatherBall,HelpingHand,Protect|Modest||M|||50|]Garchomp||ChoiceScarf|RoughSkin|DragonClaw,Earthquake,RockSlide,StompingTantrum|Adamant||F|||50|]Annihilape||FocusSash|Defiant|PhantomForce,CloseCombat,RockTomb,Protect|Jolly||M|||50|]Incineroar||SitrusBerry|Intimidate|FakeOut,ThroatChop,FlareBlitz,PartingShot|Impish||F|||50|]Toxapex||Leftovers|Regenerator|Infestation,Toxic,BanefulBunker,WideGuard|Impish||F|||50|
|inactive|Battle timer is ON: inactive players will automatically lose when time's up. (requested by testdigi)
|inactive|NicClassic has 60 seconds left.
|
|t:|1784827752
|teamsize|p1|4
|teamsize|p2|4
|start
|switch|p1a: Corviknight|Corviknight, L50, F|100/100
|switch|p1b: Raichu|Raichu, L50, M|100/100
|switch|p2a: Incineroar|Incineroar, L50, F|100/100
|switch|p2b: Toxapex|Toxapex, L50, F|100/100
|-ability|p2a: Incineroar|Intimidate|boost
|-ability|p1a: Corviknight|Mirror Armor
|-unboost|p2a: Incineroar|atk|1
|-unboost|p1b: Raichu|atk|1
|turn|1
|inactive|NicClassic has 30 seconds left.
|inactive|NicClassic has 20 seconds left.
|
|t:|1784827792
|move|p1b: Raichu|Protect|p1b: Raichu
|-singleturn|p1b: Raichu|Protect
|move|p1a: Corviknight|Protect|p1a: Corviknight
|-singleturn|p1a: Corviknight|Protect
|move|p2a: Incineroar|Fake Out|p1b: Raichu
|-activate|p1b: Raichu|move: Protect
|move|p2b: Toxapex|Infestation|p1a: Corviknight
|-activate|p1a: Corviknight|move: Protect
|
|upkeep
|turn|2
|
|t:|1784827809
|detailschange|p1b: Raichu|Raichu-Mega-Y, L50, M
|-mega|p1b: Raichu|Raichu|Raichunite Y
|move|p2b: Toxapex|Baneful Bunker|p2b: Toxapex
|-singleturn|p2b: Toxapex|move: Protect
|move|p1b: Raichu|Focus Blast|p2a: Incineroar
|-supereffective|p2a: Incineroar|1
|-damage|p2a: Incineroar|12/100
|-enditem|p2a: Incineroar|Sitrus Berry|[eat]
|-heal|p2a: Incineroar|37/100|[from] item: Sitrus Berry
|move|p1a: Corviknight|Tailwind|p1a: Corviknight
|-sidestart|p1: testdigi|move: Tailwind
|move|p2a: Incineroar|Parting Shot|p1b: Raichu
|-unboost|p1b: Raichu|atk|1
|-unboost|p1b: Raichu|spa|1
|
|t:|1784827818
|switch|p2a: Charizard|Charizard, L50, M|100/100|[from] Parting Shot
|
|upkeep
|turn|3
|
|t:|1784827839
|switch|p2b: Incineroar|Incineroar, L50, F|37/100
|-ability|p2b: Incineroar|Intimidate|boost
|-ability|p1a: Corviknight|Mirror Armor
|-unboost|p2b: Incineroar|atk|1
|-unboost|p1b: Raichu|atk|1
|detailschange|p2a: Charizard|Charizard-Mega-Y, L50, M
|-mega|p2a: Charizard|Charizard|Charizardite Y
|-weather|SunnyDay|[from] ability: Drought|[of] p2a: Charizard
|move|p1b: Raichu|Protect|p1b: Raichu
|-singleturn|p1b: Raichu|Protect
|move|p2a: Charizard|Protect|p2a: Charizard
|-singleturn|p2a: Charizard|Protect
|move|p1a: Corviknight|Brave Bird|p2a: Charizard
|-activate|p2a: Charizard|move: Protect
|
|-weather|SunnyDay|[upkeep]
|upkeep
|turn|4
|inactive|NicClassic has 30 seconds left.
|inactive|NicClassic has 20 seconds left.
|
|t:|1784827875
|switch|p1b: Sylveon|Sylveon, L50, M|100/100
|move|p1a: Corviknight|Protect|p1a: Corviknight
|-singleturn|p1a: Corviknight|Protect
|move|p2b: Incineroar|Fake Out|p1b: Sylveon
|-damage|p1b: Sylveon|93/100
|move|p2a: Charizard|Heat Wave|p1a: Corviknight|[spread] p1b
|-activate|p1a: Corviknight|move: Protect
|-damage|p1b: Sylveon|46/100
|
|-weather|SunnyDay|[upkeep]
|upkeep
|turn|5
|
|t:|1784827895
|switch|p2a: Toxapex|Toxapex, L50, F|100/100
|move|p1a: Corviknight|Brave Bird|p2a: Toxapex
|-damage|p2a: Toxapex|53/100
|-damage|p1a: Corviknight|90/100|[from] Recoil
|move|p1b: Sylveon|Yawn|p2a: Toxapex
|-start|p2a: Toxapex|move: Yawn|[of] p1b: Sylveon
|move|p2b: Incineroar|Flare Blitz|p1a: Corviknight
|-supereffective|p1a: Corviknight|1
|-enditem|p1a: Corviknight|Occa Berry|[eat]
|-enditem|p1a: Corviknight|Occa Berry|[weaken]
|-damage|p1a: Corviknight|53/100
|-damage|p2b: Incineroar|22/100|[from] Recoil
|
|-weather|SunnyDay|[upkeep]
|-heal|p2a: Toxapex|59/100|[from] item: Leftovers
|-sideend|p1: testdigi|move: Tailwind
|upkeep
|turn|6
|
|t:|1784827918
|switch|p2b: Charizard|Charizard-Mega-Y, L50, M|100/100
|move|p1b: Sylveon|Detect|p1b: Sylveon
|-singleturn|p1b: Sylveon|Protect
|move|p2a: Toxapex|Wide Guard|p2a: Toxapex
|-singleturn|p2a: Toxapex|Wide Guard
|move|p1a: Corviknight|Tailwind|p1a: Corviknight
|-sidestart|p1: testdigi|move: Tailwind
|
|-weather|SunnyDay|[upkeep]
|-heal|p2a: Toxapex|64/100|[from] item: Leftovers
|-end|p2a: Toxapex|move: Yawn|[silent]
|-status|p2a: Toxapex|slp
|upkeep
|turn|7
|
|t:|1784827938
|move|p2b: Charizard|Protect|p2b: Charizard
|-singleturn|p2b: Charizard|Protect
|move|p1a: Corviknight|Brave Bird|p2b: Charizard
|-activate|p2b: Charizard|move: Protect
|move|p1b: Sylveon|Yawn|p2b: Charizard
|-activate|p2b: Charizard|move: Protect
|cant|p2a: Toxapex|slp
|
|-weather|none
|-heal|p2a: Toxapex|70/100 slp|[from] item: Leftovers
|upkeep
|turn|8
|
|t:|1784827959
|move|p1a: Corviknight|Brave Bird|p2b: Charizard
|-damage|p2b: Charizard|25/100
|-damage|p1a: Corviknight|35/100|[from] Recoil
|move|p1b: Sylveon|Hyper Voice|p2a: Toxapex|[spread] p2a,p2b
|-resisted|p2a: Toxapex|1
|-resisted|p2b: Charizard|1
|-damage|p2a: Toxapex|46/100 slp
|-damage|p2b: Charizard|1/100
|move|p2b: Charizard|Heat Wave|p1b: Sylveon|[spread] p1a,p1b
|-supereffective|p1a: Corviknight|1
|-damage|p1a: Corviknight|0 fnt
|-damage|p1b: Sylveon|17/100
|faint|p1a: Corviknight
|-curestatus|p2a: Toxapex|slp|[msg]
|move|p2a: Toxapex|Toxic|p1b: Sylveon
|-status|p1b: Sylveon|tox
|
|-heal|p2a: Toxapex|52/100|[from] item: Leftovers
|-damage|p1b: Sylveon|12/100 tox|[from] psn
|upkeep
|
|t:|1784827967
|switch|p1a: Raichu|Raichu-Mega-Y, L50, M|100/100
|turn|9
|
|t:|1784827980
|move|p1a: Raichu|Protect|p1a: Raichu
|-singleturn|p1a: Raichu|Protect
|move|p2b: Charizard|Protect|p2b: Charizard
|-singleturn|p2b: Charizard|Protect
|move|p2a: Toxapex|Baneful Bunker|p2a: Toxapex
|-singleturn|p2a: Toxapex|move: Protect
|move|p1b: Sylveon|Yawn|p2a: Toxapex
|-activate|p2a: Toxapex|move: Protect
|
|-heal|p2a: Toxapex|57/100|[from] item: Leftovers
|-damage|p1b: Sylveon|1/100 tox|[from] psn
|-sideend|p1: testdigi|move: Tailwind
|upkeep
|turn|10
|inactive|NicClassic has 30 seconds left.
|inactive|NicClassic has 20 seconds left.
|inactive|NicClassic has 15 seconds left.
|
|t:|1784828024
|switch|p2b: Incineroar|Incineroar, L50, F|22/100
|-ability|p2b: Incineroar|Intimidate|boost
|-unboost|p1a: Raichu|atk|1
|-unboost|p1b: Sylveon|atk|1
|move|p1b: Sylveon|Quick Attack|p2b: Incineroar
|-damage|p2b: Incineroar|13/100
|move|p1a: Raichu|Zap Cannon|p2a: Toxapex
|-supereffective|p2a: Toxapex|1
|-damage|p2a: Toxapex|0 fnt
|faint|p2a: Toxapex
|
|-damage|p1b: Sylveon|0 fnt|[from] psn
|faint|p1b: Sylveon
|upkeep
|
|t:|1784828037
|switch|p1b: Mamoswine|Mamoswine, L50, F|100/100
|switch|p2a: Venusaur|Venusaur, L50, F|100/100
|turn|11
|inactive|testdigi has 30 seconds left.
|inactive|NicClassic has 30 seconds left.
|
|t:|1784828071
|switch|p2b: Charizard|Charizard-Mega-Y, L50, M|1/100
|-weather|SunnyDay|[from] ability: Drought|[of] p2b: Charizard
|move|p1a: Raichu|Protect|p1a: Raichu
|-singleturn|p1a: Raichu|Protect
|move|p1b: Mamoswine|Protect|p1b: Mamoswine
|-singleturn|p1b: Mamoswine|Protect
|move|p2a: Venusaur|Solar Beam||[still]
|-prepare|p2a: Venusaur|Solar Beam
|-anim|p2a: Venusaur|Solar Beam|p1b: Mamoswine
|-activate|p1b: Mamoswine|move: Protect
|
|-weather|SunnyDay|[upkeep]
|upkeep
|turn|12
|inactive|NicClassic has 30 seconds left.
|inactive|testdigi has 30 seconds left.
|inactive|NicClassic has 20 seconds left.
|
|t:|1784828111
|move|p2b: Charizard|Protect|p2b: Charizard
|-singleturn|p2b: Charizard|Protect
|move|p1b: Mamoswine|Ice Shard|p2b: Charizard
|-activate|p2b: Charizard|move: Protect
|move|p2a: Venusaur|Solar Beam||[still]
|-prepare|p2a: Venusaur|Solar Beam
|-anim|p2a: Venusaur|Solar Beam|p1b: Mamoswine
|-supereffective|p1b: Mamoswine|1
|-damage|p1b: Mamoswine|0 fnt
|faint|p1b: Mamoswine
|-damage|p2a: Venusaur|90/100|[from] item: Life Orb
|move|p1a: Raichu|Zap Cannon|p2a: Venusaur
|-resisted|p2a: Venusaur|1
|-damage|p2a: Venusaur|57/100
|-status|p2a: Venusaur|par
|
|-weather|SunnyDay|[upkeep]
|upkeep
|turn|13
|inactive|NicClassic has 30 seconds left.
|inactive|testdigi has 30 seconds left.
|
|t:|1784828142
|move|p2b: Charizard|Helping Hand|p2a: Venusaur
|-singleturn|p2a: Venusaur|Helping Hand|[of] p2b: Charizard
|move|p1a: Raichu|Protect|p1a: Raichu
|-singleturn|p1a: Raichu|Protect
|move|p2a: Venusaur|Earth Power|p1a: Raichu
|-activate|p1a: Raichu|move: Protect
|
|-weather|SunnyDay|[upkeep]
|upkeep
|turn|14
|
|t:|1784828152
|move|p2b: Charizard|Helping Hand|p2a: Venusaur
|-singleturn|p2a: Venusaur|Helping Hand|[of] p2b: Charizard
|move|p1a: Raichu|Zap Cannon|p2b: Charizard
|-supereffective|p2b: Charizard|1
|-damage|p2b: Charizard|0 fnt
|faint|p2b: Charizard
|move|p2a: Venusaur|Earth Power|p1a: Raichu
|-supereffective|p1a: Raichu|1
|-damage|p1a: Raichu|0 fnt
|faint|p1a: Raichu
|-damage|p2a: Venusaur|47/100 par|[from] item: Life Orb
|
|win|NicClassic
||testdigi is ready for game 3.
|inactive|NicClassic has 30 seconds to confirm battle start!
||NicClassic is ready for game 3.
|uhtml|next|Next: Game 3 of 3
