|j|☆DanielSantosgg
|j|☆Glimme
|html|DanielSantosggGlimme    
|uhtml|bestof|Game 2 of a best-of-3
|t:|1782585480
|gametype|doubles
|player|p1|DanielSantosgg|skier|1131
|player|p2|Glimme|169|1284
|gen|9
|tier|[Gen 9 Champions] VGC 2026 Reg M-B (Bo3)
|rated|
|rule|Species Clause: Limit one of each Pokémon
|rule|Item Clause: Limit 1 of each item
|clearpoke
|poke|p1|Talonflame, L50, F|
|poke|p1|Rotom-Wash, L50|
|poke|p1|Ninetales-Alola, L50, F|
|poke|p1|Glimmora, L50, M|
|poke|p1|Kingambit, L50, F|
|poke|p1|Garchomp, L50, F|
|poke|p2|Charizard, L50, M, shiny|
|poke|p2|Farigiraf, L50, M, shiny|
|poke|p2|Kingambit, L50, M, shiny|
|poke|p2|Sylveon, L50, M, shiny|
|poke|p2|Aerodactyl, L50, M, shiny|
|poke|p2|Garchomp, L50, M, shiny|
|teampreview|4
|showteam|p1|Talonflame|||GaleWings|Acrobatics,Tailwind,FlareBlitz,Protect|Jolly||F|||50|]Rotom-Wash||Magnet|Levitate|Thunderbolt,HydroPump,WillOWisp,Protect|Modest|||||50|]Ninetales-Alola||NeverMeltIce|SnowWarning|Blizzard,FreezeDry,Moonblast,Protect|Timid||F|||50|]Glimmora||Glimmoranite|ToxicDebris|PowerGem,SludgeBomb,EarthPower,SpikyShield|Timid||M|||50|]Kingambit||ChopleBerry|Defiant|KowtowCleave,SuckerPunch,IronHead,Protect|Adamant||F|||50|]Garchomp||LifeOrb|RoughSkin|DragonClaw,StompingTantrum,Earthquake,RockTomb|Jolly||F|||50|
|showteam|p2|Charizard||CharizarditeY|SolarPower|Protect,WeatherBall,HeatWave,SolarBeam|Modest||M|||50|]Farigiraf||ExpertBelt|ArmorTail|HelpingHand,TwinBeam,Thunderbolt,TrickRoom|Bold||M|||50|]Kingambit||FocusSash|Defiant|KowtowCleave,SuckerPunch,IronHead,LowKick|Adamant||M|||50|]Sylveon||FairyFeather|Pixilate|Detect,HyperVoice,HyperBeam,QuickAttack|Modest||M|||50|]Aerodactyl||Aerodactylite|Unnerve|IceFang,RockSlide,DualWingbeat,Tailwind|Jolly||M|||50|]Garchomp||LifeOrb|RoughSkin|Protect,RockSlide,DragonClaw,Earthquake|Adamant||M|||50|
|inactive|Battle timer is ON: inactive players will automatically lose when time's up. (requested by Glimme)
|inactive|DanielSantosgg has 60 seconds left.
|
|t:|1782585516
|teamsize|p1|4
|teamsize|p2|4
|start
|switch|p1a: Kingambit|Kingambit, L50, F|100/100
|switch|p1b: Rotom|Rotom-Wash, L50|100/100
|switch|p2a: Aerodactyl|Aerodactyl, L50, M, shiny|100/100
|switch|p2b: Garchomp|Garchomp, L50, M, shiny|100/100
|-ability|p2a: Aerodactyl|Unnerve
|turn|1
|
|t:|1782585538
|move|p2b: Garchomp|Protect|p2b: Garchomp
|-singleturn|p2b: Garchomp|Protect
|move|p1a: Kingambit|Protect|p1a: Kingambit
|-singleturn|p1a: Kingambit|Protect
|move|p2a: Aerodactyl|Tailwind|p2a: Aerodactyl
|-sidestart|p2: Glimme|move: Tailwind
|move|p1b: Rotom|Will-O-Wisp|p2b: Garchomp
|-activate|p2b: Garchomp|move: Protect
|
|upkeep
|turn|2
|inactive|DanielSantosgg has 30 seconds left.
|inactive|DanielSantosgg has 20 seconds left.
|inactive|DanielSantosgg has 15 seconds left.
|inactive|DanielSantosgg has 10 seconds left.
|
|t:|1782585587
|switch|p2b: Charizard|Charizard, L50, M, shiny|100/100
|switch|p1a: Ninetales|Ninetales-Alola, L50, F|100/100
|-weather|Snowscape|[from] ability: Snow Warning|[of] p1a: Ninetales
|move|p2a: Aerodactyl|Rock Slide|p1b: Rotom|[spread] p1a,p1b
|-supereffective|p1a: Ninetales|1
|-damage|p1a: Ninetales|65/100
|-damage|p1b: Rotom|78/100
|cant|p1b: Rotom|flinch
|
|-weather|Snowscape|[upkeep]
|upkeep
|turn|3
|
|t:|1782585607
|move|p1a: Ninetales|Protect|p1a: Ninetales
|-singleturn|p1a: Ninetales|Protect
|move|p2a: Aerodactyl|Rock Slide|p1b: Rotom|[spread] p1b
|-activate|p1a: Ninetales|move: Protect
|-damage|p1b: Rotom|57/100
|move|p2b: Charizard|Heat Wave|p1b: Rotom|[spread] p1b
|-activate|p1a: Ninetales|move: Protect
|-resisted|p1b: Rotom|1
|-damage|p1b: Rotom|40/100
|move|p1b: Rotom|Thunderbolt|p2b: Charizard
|-supereffective|p2b: Charizard|1
|-damage|p2b: Charizard|0 fnt
|faint|p2b: Charizard
|
|-weather|Snowscape|[upkeep]
|upkeep
|
|t:|1782585610
|switch|p2b: Garchomp|Garchomp, L50, M, shiny|100/100
|turn|4
|
|t:|1782585632
|detailschange|p2a: Aerodactyl|Aerodactyl-Mega, L50, M, shiny
|-mega|p2a: Aerodactyl|Aerodactyl|Aerodactylite
|move|p2a: Aerodactyl|Rock Slide|p1b: Rotom|[spread] p1a,p1b
|-supereffective|p1a: Ninetales|1
|-damage|p1a: Ninetales|19/100
|-damage|p1b: Rotom|12/100
|move|p2b: Garchomp|Rock Slide|p1b: Rotom|[spread] p1a,p1b
|-supereffective|p1a: Ninetales|1
|-crit|p1b: Rotom
|-damage|p1a: Ninetales|0 fnt
|-damage|p1b: Rotom|0 fnt
|faint|p1a: Ninetales
|faint|p1b: Rotom
|-damage|p2b: Garchomp|90/100|[from] item: Life Orb
|
|-weather|Snowscape|[upkeep]
|-sideend|p2: Glimme|move: Tailwind
|upkeep
|
|t:|1782585648
|switch|p1a: Garchomp|Garchomp, L50, F|100/100
|switch|p1b: Kingambit|Kingambit, L50, F|100/100
|turn|5
|
|t:|1782585658
|move|p2a: Aerodactyl|Tailwind|p2a: Aerodactyl
|-sidestart|p2: Glimme|move: Tailwind
|move|p2b: Garchomp|Dragon Claw|p1a: Garchomp
|-supereffective|p1a: Garchomp|1
|-damage|p1a: Garchomp|0 fnt
|-damage|p2b: Garchomp|78/100|[from] ability: Rough Skin|[of] p1a: Garchomp
|faint|p1a: Garchomp
|-damage|p2b: Garchomp|68/100|[from] item: Life Orb
|move|p1b: Kingambit|Iron Head|p2a: Aerodactyl
|-supereffective|p2a: Aerodactyl|1
|-damage|p2a: Aerodactyl|0 fnt
|faint|p2a: Aerodactyl
|
|-weather|Snowscape|[upkeep]
|upkeep
|
|t:|1782585660
|switch|p2a: Kingambit|Kingambit, L50, M, shiny|100/100
|turn|6
|inactive|DanielSantosgg has 30 seconds left.
|
|t:|1782585687
|move|p1b: Kingambit|Sucker Punch|p2b: Garchomp
|-damage|p2b: Garchomp|32/100
|-damage|p1b: Kingambit|87/100|[from] ability: Rough Skin|[of] p2b: Garchomp
|move|p2b: Garchomp|Rock Slide|p1b: Kingambit
|-resisted|p1b: Kingambit|1
|-damage|p1b: Kingambit|75/100
|-damage|p2b: Garchomp|23/100|[from] item: Life Orb
|move|p2a: Kingambit|Low Kick|p1b: Kingambit
|-supereffective|p1b: Kingambit|2
|-enditem|p1b: Kingambit|Chople Berry|[eat]
|-enditem|p1b: Kingambit|Chople Berry|[weaken]
|-damage|p1b: Kingambit|20/100y
|
|-weather|none
|upkeep
|turn|7
|
|t:|1782585702
|move|p2b: Garchomp|Protect|p2b: Garchomp
|-singleturn|p2b: Garchomp|Protect
|move|p1b: Kingambit|Protect|p1b: Kingambit
|-singleturn|p1b: Kingambit|Protect
|move|p2a: Kingambit|Low Kick|p1b: Kingambit
|-activate|p1b: Kingambit|move: Protect
|
|upkeep
|turn|8
|
|t:|1782585712
|move|p2b: Garchomp|Protect||[still]
|-fail|p2b: Garchomp
|move|p2a: Kingambit|Low Kick|p1b: Kingambit
|-supereffective|p1b: Kingambit|2
|-damage|p1b: Kingambit|0 fnt
|faint|p1b: Kingambit
|
|win|Glimme
