|j|☆pink spoon
|j|☆TheRealEmilyRose
|html|pink spoonTheRealEmilyRose    
|uhtml|bestof|Game 3 of a best-of-3
|t:|1783530941
|gametype|doubles
|player|p1|pink spoon|parasollady|
|player|p2|TheRealEmilyRose|dawn|
|gen|9
|tier|[Gen 9 Champions] VGC 2026 Reg M-B (Bo3)
|rule|Species Clause: Limit one of each Pokémon
|rule|Item Clause: Limit 1 of each item
|clearpoke
|poke|p1|Mawile, L50, M|
|poke|p1|Whimsicott, L50, M|
|poke|p1|Primarina, L50, F|
|poke|p1|Incineroar, L50, F|
|poke|p1|Farigiraf, L50, F|
|poke|p1|Delphox, L50, M|
|poke|p2|Charizard, L50, F|
|poke|p2|Aerodactyl, L50, M|
|poke|p2|Garchomp, L50, F|
|poke|p2|Farigiraf, L50, F|
|poke|p2|Sylveon, L50, M|
|poke|p2|Kingambit, L50, M|
|teampreview|4
|showteam|p1|Mawile||Mawilite|HyperCutter|PlayRough,SuckerPunch,SwordsDance,Protect|Brave||M|||50|]Whimsicott||FocusSash|Prankster|Moonblast,Tailwind,Encore,Protect|Timid||M|||50|]Primarina||MysticWater|LiquidVoice|HyperVoice,Moonblast,CalmMind,Protect|Modest||F|||50|]Incineroar||WhiteHerb|Intimidate|FlareBlitz,ThroatChop,CloseCombat,FakeOut|Adamant||F|||50|]Farigiraf||SitrusBerry|ArmorTail|Psychic,RainDance,TrickRoom,Protect|Bold||F|||50|]Delphox||Delphoxite|Blaze|HeatWave,Psyshock,NastyPlot,Protect|Timid||M|||50|
|showteam|p2|Charizard||CharizarditeY|Blaze|HeatWave,WeatherBall,SolarBeam,Protect|Timid||F|||50|]Aerodactyl||Aerodactylite|Unnerve|RockSlide,IceFang,Tailwind,Protect|Jolly||M|||50|]Garchomp||LifeOrb|RoughSkin|Earthquake,DragonClaw,RockSlide,Protect|Jolly||F|||50|]Farigiraf||ColburBerry|ArmorTail|TwinBeam,Thunderbolt,TrickRoom,HelpingHand|Relaxed||F|||50|]Sylveon||FairyFeather|Pixilate|HyperVoice,HyperBeam,QuickAttack,Detect|Quiet||M|||50|]Kingambit||FocusSash|Defiant|KowtowCleave,SuckerPunch,IronHead,LowKick|Adamant||M|||50|
|inactive|Battle timer is ON: inactive players will automatically lose when time's up. (requested by TheRealEmilyRose)
|inactive|TheRealEmilyRose has 60 seconds left.
|
|t:|1783530981
|teamsize|p1|4
|teamsize|p2|4
|start
|switch|p1a: Primarina|Primarina, L50, F|100/100
|switch|p1b: Incineroar|Incineroar, L50, F|100/100
|switch|p2a: Kingambit|Kingambit, L50, M|100/100
|switch|p2b: Charizard|Charizard, L50, F|100/100
|-ability|p1b: Incineroar|Intimidate|boost
|-unboost|p2a: Kingambit|atk|1
|-ability|p2a: Kingambit|Defiant|boost
|-boost|p2a: Kingambit|atk|2
|-unboost|p2b: Charizard|atk|1
|turn|1
|inactive|TheRealEmilyRose has 30 seconds left.
|inactive|pink spoon has 30 seconds left.
|inactive|TheRealEmilyRose has 20 seconds left.
|inactive|pink spoon has 20 seconds left.
|inactive|TheRealEmilyRose has 15 seconds left.
|inactive|pink spoon has 15 seconds left.
|inactive|TheRealEmilyRose has 10 seconds left.
|
|t:|1783531029
|detailschange|p2b: Charizard|Charizard-Mega-Y, L50, F
|-mega|p2b: Charizard|Charizard|Charizardite Y
|-weather|SunnyDay|[from] ability: Drought|[of] p2b: Charizard
|move|p2b: Charizard|Protect|p2b: Charizard
|-singleturn|p2b: Charizard|Protect
|move|p1b: Incineroar|Fake Out|p2b: Charizard
|-activate|p2b: Charizard|move: Protect
|move|p1a: Primarina|Hyper Voice|p2b: Charizard|[spread] p2a
|-activate|p2b: Charizard|move: Protect
|-damage|p2a: Kingambit|74/100
|move|p2a: Kingambit|Low Kick|p1b: Incineroar
|-supereffective|p1b: Incineroar|1
|-damage|p1b: Incineroar|0 fnt
|faint|p1b: Incineroar
|
|-weather|SunnyDay|[upkeep]
|upkeep
|
|t:|1783531046
|switch|p1b: Farigiraf|Farigiraf, L50, F|100/100
|turn|2
|
|t:|1783531059
|move|p1a: Primarina|Protect|p1a: Primarina
|-singleturn|p1a: Primarina|Protect
|move|p2b: Charizard|Solar Beam||[still]
|-prepare|p2b: Charizard|Solar Beam
|-anim|p2b: Charizard|Solar Beam|p1a: Primarina
|-activate|p1a: Primarina|move: Protect
|move|p1b: Farigiraf|Rain Dance|p1b: Farigiraf
|-weather|RainDance
|move|p2a: Kingambit|Kowtow Cleave|p1b: Farigiraf
|-supereffective|p1b: Farigiraf|1
|-damage|p1b: Farigiraf|0 fnt
|faint|p1b: Farigiraf
|
|-weather|RainDance|[upkeep]
|upkeep
|
|t:|1783531068
|switch|p1b: Mawile|Mawile, L50, M|100/100
|turn|3
|
|t:|1783531085
|switch|p2b: Farigiraf|Farigiraf, L50, F|100/100
|detailschange|p1b: Mawile|Mawile-Mega, L50, M
|-mega|p1b: Mawile|Mawile|Mawilite
|move|p1a: Primarina|Hyper Voice|p2b: Farigiraf|[spread] p2a,p2b
|-damage|p2a: Kingambit|0 fnt
|-damage|p2b: Farigiraf|33/100
|faint|p2a: Kingambit
|move|p1b: Mawile|Swords Dance|p1b: Mawile
|-boost|p1b: Mawile|atk|2
|
|-weather|RainDance|[upkeep]
|upkeep
|
|t:|1783531095
|switch|p2a: Charizard|Charizard-Mega-Y, L50, F|100/100
|-weather|SunnyDay|[from] ability: Drought|[of] p2a: Charizard
|turn|4
|
|t:|1783531112
|move|p1b: Mawile|Protect|p1b: Mawile
|-singleturn|p1b: Mawile|Protect
|move|p2a: Charizard|Weather Ball|p1b: Mawile
|-activate|p1b: Mawile|move: Protect
|move|p1a: Primarina|Moonblast|p2b: Farigiraf
|-damage|p2b: Farigiraf|0 fnt
|faint|p2b: Farigiraf
|
|-weather|SunnyDay|[upkeep]
|upkeep
|
|t:|1783531121
|switch|p2b: Garchomp|Garchomp, L50, F|100/100
|turn|5
|inactive|pink spoon has 30 seconds left.
|inactive|pink spoon has 20 seconds left.
|
|t:|1783531158
|move|p2a: Charizard|Protect|p2a: Charizard
|-singleturn|p2a: Charizard|Protect
|move|p1b: Mawile|Sucker Punch|p2b: Garchomp
|-damage|p2b: Garchomp|14/100
|-damage|p1b: Mawile|87/100|[from] ability: Rough Skin|[of] p2b: Garchomp
|move|p2b: Garchomp|Earthquake|p1b: Mawile|[spread] p1a,p1b
|-activate|p2a: Charizard|move: Protect
|-supereffective|p1b: Mawile|1
|-damage|p1a: Primarina|31/100
|-damage|p1b: Mawile|0 fnt
|faint|p1b: Mawile
|-damage|p2b: Garchomp|4/100|[from] item: Life Orb
|move|p1a: Primarina|Hyper Voice|p2b: Garchomp|[spread] p2b
|-activate|p2a: Charizard|move: Protect
|-damage|p2b: Garchomp|0 fnt
|faint|p2b: Garchomp
|
|-weather|SunnyDay|[upkeep]
|upkeep
|turn|6
|
|t:|1783531178
|move|p1a: Primarina|Protect|p1a: Primarina
|-singleturn|p1a: Primarina|Protect
|move|p2a: Charizard|Solar Beam||[still]
|-prepare|p2a: Charizard|Solar Beam
|-anim|p2a: Charizard|Solar Beam|p1a: Primarina
|-activate|p1a: Primarina|move: Protect
|
|-weather|SunnyDay|[upkeep]
|upkeep
|turn|7
|
|t:|1783531185
|move|p1a: Primarina|Protect|p1a: Primarina
|-singleturn|p1a: Primarina|Protect
|move|p2a: Charizard|Solar Beam||[still]
|-prepare|p2a: Charizard|Solar Beam
|-anim|p2a: Charizard|Solar Beam|p1a: Primarina
|-activate|p1a: Primarina|move: Protect
|
|-weather|SunnyDay|[upkeep]
|upkeep
|turn|8
|
|t:|1783531194
|move|p1a: Primarina|Protect||[still]
|-fail|p1a: Primarina
|move|p2a: Charizard|Solar Beam||[still]
|-prepare|p2a: Charizard|Solar Beam
|-anim|p2a: Charizard|Solar Beam|p1a: Primarina
|-supereffective|p1a: Primarina|1
|-damage|p1a: Primarina|0 fnt
|faint|p1a: Primarina
|
|win|TheRealEmilyRose
|c|☆pink spoon|gg
|c|☆TheRealEmilyRose|ggs
