|j|☆Raboot is cute
|j|☆kulllllllllle
|html|Raboot is cutekulllllllllle    
|uhtml|bestof|Game 2 of a best-of-3
|t:|1782389676
|gametype|doubles
|player|p1|Raboot is cute|2|1000
|player|p2|kulllllllllle|swimmer-gen4dp|1046
|gen|9
|tier|[Gen 9 Champions] VGC 2026 Reg M-B (Bo3)
|rated|
|rule|Species Clause: Limit one of each Pokémon
|rule|Item Clause: Limit 1 of each item
|clearpoke
|poke|p1|Whimsicott, L50, M|
|poke|p1|Kangaskhan, L50, F|
|poke|p1|Farigiraf, L50, M|
|poke|p1|Typhlosion-Hisui, L50, M|
|poke|p1|Basculegion, L50, M|
|poke|p1|Sneasler, L50, M|
|poke|p2|Annihilape, L50, F|
|poke|p2|Maushold, L50|
|poke|p2|Sinistcha, L50|
|poke|p2|Froslass, L50, F|
|poke|p2|Ninetales-Alola, L50, M|
|poke|p2|Charizard, L50, F|
|teampreview|4
|showteam|p1|Whimsicott||MentalHerb|Prankster|Moonblast,Tailwind,SunnyDay,Protect|Bold||M|||50|]Kangaskhan||Kangaskhanite|Scrappy|FakeOut,DoubleEdge,LowKick,Protect|Adamant||F|||50|]Farigiraf||LifeOrb|ArmorTail|HyperVoice,TwinBeam,TrickRoom,Protect|Quiet||M|||50|]Typhlosion-Hisui||ChoiceScarf|Frisk|Eruption,HeatWave,Overheat,ShadowBall|Timid||M|||50|]Basculegion||FocusSash|Adaptability|WaveCrash,LastRespects,AquaJet,Protect|Adamant||M|||50|]Sneasler||WhiteHerb|Unburden|FakeOut,CloseCombat,DireClaw,Protect|Adamant||M|||50|
|showteam|p2|Annihilape||BrightPowder|Defiant|RageFist,DrainPunch,BulkUp,Protect|Adamant||F|||50|]Maushold||FocusSash|FriendGuard|FollowMe,Taunt,BeatUp,AfterYou|Jolly|||||50|]Sinistcha||SitrusBerry|Hospitality|RagePowder,LifeDew,MatchaGotcha,TrickRoom|Relaxed|||||50|]Froslass||Froslassite|SnowCloak|AuroraVeil,Blizzard,Haze,ShadowBall|Timid||F|||50|]Ninetales-Alola||LifeOrb|SnowWarning|Blizzard,FreezeDry,Disable,Moonblast|Timid||M|||50|]Charizard||CharizarditeY|Blaze|Flamethrower,SolarBeam,Overheat,FlameCharge|Timid||F|||50|
|inactive|Battle timer is ON: inactive players will automatically lose when time's up. (requested by Raboot is cute)
|inactive|kulllllllllle has 60 seconds left.
|inactive|kulllllllllle has 30 seconds left.
|
|t:|1782389746
|teamsize|p1|4
|teamsize|p2|4
|start
|switch|p1a: Whimsicott|Whimsicott, L50, M|100/100
|switch|p1b: Typhlosion|Typhlosion-Hisui, L50, M|100/100
|switch|p2a: Maushold|Maushold, L50|100/100
|switch|p2b: Charizard|Charizard, L50, F|100/100
|-item|p2a: Maushold|Focus Sash|[from] ability: Frisk|[of] p1b: Typhlosion
|-item|p2b: Charizard|Charizardite Y|[from] ability: Frisk|[of] p1b: Typhlosion
|turn|1
|
|t:|1782389768
|detailschange|p2b: Charizard|Charizard-Mega-Y, L50, F
|-mega|p2b: Charizard|Charizard|Charizardite Y
|-weather|SunnyDay|[from] ability: Drought|[of] p2b: Charizard
|move|p1a: Whimsicott|Protect|p1a: Whimsicott
|-singleturn|p1a: Whimsicott|Protect
|move|p1b: Typhlosion|Eruption|p2a: Maushold|[spread] p2a,p2b
|-resisted|p2b: Charizard|1
|-damage|p2a: Maushold|3/100
|-damage|p2b: Charizard|68/100
|move|p2a: Maushold|Beat Up|p1b: Typhlosion
|-supereffective|p1b: Typhlosion|1
|-damage|p1b: Typhlosion|92/100
|-supereffective|p1b: Typhlosion|1
|-damage|p1b: Typhlosion|84/100
|-supereffective|p1b: Typhlosion|1
|-damage|p1b: Typhlosion|74/100
|-supereffective|p1b: Typhlosion|1
|-damage|p1b: Typhlosion|68/100
|-hitcount|p1b: Typhlosion|4
|move|p2b: Charizard|Flamethrower|p1a: Whimsicott
|-activate|p1a: Whimsicott|move: Protect
|
|-weather|SunnyDay|[upkeep]
|upkeep
|turn|2
|inactive|kulllllllllle has 30 seconds left.
|inactive|kulllllllllle has 20 seconds left.
|
|t:|1782389808
|switch|p2a: Annihilape|Annihilape, L50, F|100/100
|move|p1a: Whimsicott|Tailwind|p1a: Whimsicott
|-sidestart|p1: Raboot is cute|move: Tailwind
|move|p1b: Typhlosion|Eruption|p2b: Charizard|[spread] p2b
|-miss|p1b: Typhlosion|p2a: Annihilape
|-resisted|p2b: Charizard|1
|-damage|p2b: Charizard|38/100
|move|p2b: Charizard|Flamethrower|p1a: Whimsicott
|-supereffective|p1a: Whimsicott|1
|-damage|p1a: Whimsicott|0 fnt
|faint|p1a: Whimsicott
|
|-weather|SunnyDay|[upkeep]
|upkeep
|
|t:|1782389820
|switch|p1a: Basculegion|Basculegion, L50, M|100/100
|turn|3
|inactive|kulllllllllle has 30 seconds left.
|inactive|kulllllllllle has 20 seconds left.
|inactive|kulllllllllle has 15 seconds left.
|inactive|kulllllllllle has 10 seconds left.
|inactive|kulllllllllle has 5 seconds left.
|
|t:|1782389873
|move|p2a: Annihilape|Protect|p2a: Annihilape
|-singleturn|p2a: Annihilape|Protect
|move|p1b: Typhlosion|Eruption|p2b: Charizard|[spread] p2b
|-activate|p2a: Annihilape|move: Protect
|-resisted|p2b: Charizard|1
|-damage|p2b: Charizard|9/100
|move|p1a: Basculegion|Last Respects|p2b: Charizard
|-damage|p2b: Charizard|0 fnt
|faint|p2b: Charizard
|
|-weather|SunnyDay|[upkeep]
|upkeep
|inactive|kulllllllllle has 30 seconds left.
|
|t:|1782389904
|switch|p2b: Maushold|Maushold, L50|3/100
|turn|4
|
|t:|1782389920
|move|p1b: Typhlosion|Eruption|p2b: Maushold|[spread] p2a,p2b
|-damage|p2a: Annihilape|60/100
|-damage|p2b: Maushold|0 fnt
|faint|p2b: Maushold
|move|p1a: Basculegion|Last Respects|p2a: Annihilape
|-supereffective|p2a: Annihilape|1
|-damage|p2a: Annihilape|0 fnt
|faint|p2a: Annihilape
|
|-weather|SunnyDay|[upkeep]
|upkeep
|
|t:|1782389923
|switch|p2b: Sinistcha|Sinistcha, L50|100/100
|turn|5
|
|t:|1782389938
|move|p1b: Typhlosion|Eruption|p2b: Sinistcha
|-supereffective|p2b: Sinistcha|1
|-damage|p2b: Sinistcha|0 fnt
|faint|p2b: Sinistcha
|
|win|Raboot is cute
