|j|☆wade connects
|j|☆Jakobtc
|html|wade connectsJakobtc    
|uhtml|bestof|Game 1 of a best-of-3
|t:|1756783805
|gametype|doubles
|player|p1|wade connects|1|1140
|player|p2|Jakobtc|riley|1216
|gen|9
|tier|[Gen 9] VGC 2025 Reg H (Bo3)
|rated|
|rule|Species Clause: Limit one of each Pokémon
|rule|Item Clause: Limit 1 of each item
|clearpoke
|poke|p1|Malamar, L50, F|
|poke|p1|Indeedee-F, L50, F|
|poke|p1|Hatterene, L50, F|
|poke|p1|Torkoal, L50, M|
|poke|p1|Ursaluna, L50, M|
|poke|p1|Lilligant-Hisui, L50, F|
|poke|p2|Gholdengo, L50|
|poke|p2|Incineroar, L50, M|
|poke|p2|Porygon2, L50|
|poke|p2|Ursaluna, L50, M|
|poke|p2|Kilowattrel, L50, M|
|poke|p2|Sneasler, L50, M|
|teampreview|4
|showteam|p1|Malamar||SafetyGoggles|Contrary|Protect,TrickRoom,Superpower,KnockOff|||F|||50|,,,,,Water]Indeedee-F||PsychicSeed|PsychicSurge|Protect,HelpingHand,FollowMe,TrickRoom|||F|||50|,,,,,Grass]Hatterene||LifeOrb|MagicBounce|Protect,TrickRoom,ExpandingForce,DazzlingGleam|||F|||50|,,,,,Water]Torkoal||Charcoal|Drought|Protect,Overheat,Eruption,HeatWave|||M|||50|,,,,,Fire]Ursaluna||FlameOrb|Guts|Protect,Facade,HeadlongRush,SwordsDance|||M|||50|,,,,,Ghost]Lilligant-Hisui||FocusSash|Chlorophyll|AfterYou,SleepPowder,LeafBlade,CloseCombat|||F|||50|,,,,,Ghost
|showteam|p2|Gholdengo||LifeOrb|GoodasGold|MakeItRain,ShadowBall,NastyPlot,Protect||||||50|,,,,,Water]Incineroar||SafetyGoggles|Intimidate|FakeOut,FlareBlitz,KnockOff,PartingShot|||M|||50|,,,,,Bug]Porygon2||Eviolite|Download|TeraBlast,IceBeam,TrickRoom,Recover||||||50|,,,,,Fighting]Ursaluna||FlameOrb|Guts|Facade,HeadlongRush,Earthquake,Protect|||M|||50|,,,,,Ghost]Kilowattrel||FocusSash|Competitive|AirSlash,Thunderbolt,Tailwind,Protect|||M|||50|,,,,,Ghost]Sneasler||WhiteHerb|Unburden|DireClaw,CloseCombat,Taunt,Protect|||M|||50|,,,,,Stellar
|c|☆Jakobtc|glhf
|c|☆wade connects|u2
|inactive|Battle timer is ON: inactive players will automatically lose when time's up. (requested by wade connects)
|inactive|Jakobtc has 60 seconds left.
|inactive|Jakobtc has 30 seconds left.
|inactive|Jakobtc has 20 seconds left.
|inactive|Jakobtc has 15 seconds left.
|inactive|Jakobtc has 10 seconds left.
|inactive|Jakobtc has 5 seconds left.
|
|t:|1756783948
|teamsize|p1|4
|teamsize|p2|4
|start
|switch|p1a: Hatterene|Hatterene, L50, F|100/100
|switch|p1b: Indeedee|Indeedee-F, L50, F, shiny|100/100
|switch|p2a: Incineroar|Incineroar, L50, M|100/100
|switch|p2b: Gholdengo|Gholdengo, L50|100/100
|-ability|p2a: Incineroar|Intimidate|boost
|-unboost|p1a: Hatterene|atk|1
|-unboost|p1b: Indeedee|atk|1
|-fieldstart|move: Psychic Terrain|[from] ability: Psychic Surge|[of] p1b: Indeedee
|-enditem|p1b: Indeedee|Psychic Seed
|-boost|p1b: Indeedee|spd|1|[from] item: Psychic Seed
|turn|1
|inactive|Jakobtc has 30 seconds left.
|
|t:|1756783980
|-terastallize|p1a: Hatterene|Water
|move|p1b: Indeedee|Follow Me|p1b: Indeedee
|-singleturn|p1b: Indeedee|move: Follow Me
|move|p2b: Gholdengo|Nasty Plot|p2b: Gholdengo
|-boost|p2b: Gholdengo|spa|2
|move|p2a: Incineroar|Knock Off|p1b: Indeedee
|-supereffective|p1b: Indeedee
|-damage|p1b: Indeedee|36/100
|move|p1a: Hatterene|Trick Room|p1a: Hatterene
|-fieldstart|move: Trick Room|[of] p1a: Hatterene
|
|upkeep
|turn|2
|inactive|Jakobtc has 30 seconds left.
|
|t:|1756784012
|move|p1a: Hatterene|Protect|p1a: Hatterene
|-singleturn|p1a: Hatterene|Protect
|move|p1b: Indeedee|Follow Me|p1b: Indeedee
|-singleturn|p1b: Indeedee|move: Follow Me
|move|p2a: Incineroar|Parting Shot|p1b: Indeedee
|-unboost|p1b: Indeedee|atk|1
|-unboost|p1b: Indeedee|spa|1
|
|t:|1756784034
|switch|p2a: Porygon2|Porygon2, L50, shiny|100/100|[from] Parting Shot
|-ability|p2a: Porygon2|Download|boost
|-boost|p2a: Porygon2|atk|1
|move|p2b: Gholdengo|Shadow Ball|p1b: Indeedee
|-immune|p1b: Indeedee
|
|upkeep
|turn|3
|
|t:|1756784054
|move|p1b: Indeedee|Helping Hand|p1a: Hatterene
|-singleturn|p1a: Hatterene|Helping Hand|[of] p1b: Indeedee
|move|p1a: Hatterene|Expanding Force|p2b: Gholdengo|[spread] p2a,p2b
|-resisted|p2b: Gholdengo
|-damage|p2a: Porygon2|15/100
|-damage|p2b: Gholdengo|43/100
|-damage|p1a: Hatterene|91/100|[from] item: Life Orb
|move|p2b: Gholdengo|Make It Rain|p1a: Hatterene|[spread] p1a,p1b
|-resisted|p1a: Hatterene
|-damage|p1a: Hatterene|27/100
|-damage|p1b: Indeedee|0 fnt
|-unboost|p2b: Gholdengo|spa|1
|faint|p1b: Indeedee
|-damage|p2b: Gholdengo|33/100|[from] item: Life Orb
|move|p2a: Porygon2|Trick Room|p2a: Porygon2
|-fieldend|move: Trick Room
|
|upkeep
|
|t:|1756784070
|switch|p1b: Torkoal|Torkoal, L50, M|100/100
|-weather|SunnyDay|[from] ability: Drought|[of] p1b: Torkoal
|turn|4
|inactive|Jakobtc has 30 seconds left.
|inactive|Jakobtc has 20 seconds left.
|inactive|Jakobtc has 15 seconds left.
|
|t:|1756784115
|move|p1a: Hatterene|Protect|p1a: Hatterene
|-singleturn|p1a: Hatterene|Protect
|move|p2b: Gholdengo|Make It Rain|p1b: Torkoal|[spread] p1b
|-activate|p1a: Hatterene|move: Protect
|-resisted|p1b: Torkoal
|-damage|p1b: Torkoal|41/100
|-unboost|p2b: Gholdengo|spa|1
|-damage|p2b: Gholdengo|24/100|[from] item: Life Orb
|move|p2a: Porygon2|Recover|p2a: Porygon2
|-heal|p2a: Porygon2|65/100
|move|p1b: Torkoal|Heat Wave|p2a: Porygon2|[spread] p2a,p2b
|-supereffective|p2b: Gholdengo
|-damage|p2a: Porygon2|29/100
|-damage|p2b: Gholdengo|0 fnt
|faint|p2b: Gholdengo
|
|-weather|SunnyDay|[upkeep]
|upkeep
|
|t:|1756784133
|switch|p2b: Kilowattrel|Kilowattrel, L50, M|100/100
|turn|5
|
|t:|1756784154
|switch|p1a: Malamar|Malamar, L50, F, shiny|100/100
|move|p2b: Kilowattrel|Thunderbolt|p1a: Malamar
|-damage|p1a: Malamar|58/100
|move|p2a: Porygon2|Tera Blast|p1b: Torkoal
|-damage|p1b: Torkoal|0 fnt
|faint|p1b: Torkoal
|
|-weather|SunnyDay|[upkeep]
|-fieldend|move: Psychic Terrain
|upkeep
|
|t:|1756784164
|switch|p1b: Hatterene|Hatterene, L50, F, tera:Water|27/100
|turn|6
|inactive|Jakobtc has 30 seconds left.
|inactive|Jakobtc has 20 seconds left.
|inactive|Jakobtc has 15 seconds left.
|inactive|Jakobtc has 10 seconds left.
|
|t:|1756784209
|move|p1a: Malamar|Protect|p1a: Malamar
|-singleturn|p1a: Malamar|Protect
|move|p2b: Kilowattrel|Thunderbolt|p1a: Malamar
|-activate|p1a: Malamar|move: Protect
|move|p2a: Porygon2|Recover|p2a: Porygon2
|-heal|p2a: Porygon2|79/100
|move|p1b: Hatterene|Trick Room|p1b: Hatterene
|-fieldstart|move: Trick Room|[of] p1b: Hatterene
|
|-weather|SunnyDay|[upkeep]
|upkeep
|turn|7
|
|t:|1756784225
|move|p1b: Hatterene|Expanding Force|p2a: Porygon2
|-damage|p2a: Porygon2|38/100
|-damage|p1b: Hatterene|17/100|[from] item: Life Orb
|move|p1a: Malamar|Superpower|p2a: Porygon2
|-supereffective|p2a: Porygon2
|-damage|p2a: Porygon2|0 fnt
|-boost|p1a: Malamar|atk|1
|-boost|p1a: Malamar|def|1
|faint|p2a: Porygon2
|move|p2b: Kilowattrel|Thunderbolt|p1a: Malamar
|-damage|p1a: Malamar|12/100
|-status|p1a: Malamar|par
|
|-weather|SunnyDay|[upkeep]
|upkeep
|
|t:|1756784243
|switch|p2a: Incineroar|Incineroar, L50, M|100/100
|-ability|p2a: Incineroar|Intimidate|boost
|-boost|p1a: Malamar|atk|1
|-unboost|p1b: Hatterene|atk|1
|turn|8
|
|t:|1756784255
|move|p1b: Hatterene|Protect|p1b: Hatterene
|-singleturn|p1b: Hatterene|Protect
|move|p1a: Malamar|Protect|p1a: Malamar
|-singleturn|p1a: Malamar|Protect
|move|p2a: Incineroar|Fake Out|p1a: Malamar
|-activate|p1a: Malamar|move: Protect
|move|p2b: Kilowattrel|Thunderbolt|p1b: Hatterene
|-activate|p1b: Hatterene|move: Protect
|
|-weather|none
|upkeep
|turn|9
|
|t:|1756784277
|-terastallize|p2a: Incineroar|Bug
|move|p1b: Hatterene|Dazzling Gleam|p2a: Incineroar|[spread] p2a,p2b
|-damage|p2a: Incineroar|55/100
|-damage|p2b: Kilowattrel|22/100
|-damage|p1b: Hatterene|7/100|[from] item: Life Orb
|cant|p1a: Malamar|par
|move|p2a: Incineroar|Knock Off|p1a: Malamar
|-damage|p1a: Malamar|0 fnt
|-enditem|p1a: Malamar|Safety Goggles|[from] move: Knock Off|[of] p2a: Incineroar
|faint|p1a: Malamar
|move|p2b: Kilowattrel|Thunderbolt|p1b: Hatterene
|-supereffective|p1b: Hatterene
|-damage|p1b: Hatterene|0 fnt
|faint|p1b: Hatterene
|
|win|Jakobtc
|inactive|wade connects has 30 seconds to confirm battle start!
|inactive|Jakobtc has 30 seconds to confirm battle start!
||wade connects is ready for game 2.
