|j|☆irishshyguy
|j|☆robotarmadillo
|html|irishshyguyrobotarmadillo    
|uhtml|bestof|Game 1 of a best-of-3
|t:|1782678231
|gametype|doubles
|player|p1|irishshyguy|ninjaboy|
|player|p2|robotarmadillo|lucas|
|gen|9
|tier|[Gen 9 Champions] VGC 2026 Reg M-B (Bo3)
|rule|Species Clause: Limit one of each Pokémon
|rule|Item Clause: Limit 1 of each item
|clearpoke
|poke|p1|Farigiraf, L50, F|
|poke|p1|Gardevoir, L50, M|
|poke|p1|Diggersby, L50, M|
|poke|p1|Incineroar, L50, M|
|poke|p1|Sneasler, L50, M|
|poke|p1|Samurott, L50, M|
|poke|p2|Kingambit, L50, F|
|poke|p2|Whimsicott, L50, M|
|poke|p2|Charizard, L50, F|
|poke|p2|Sandaconda, L50, M|
|poke|p2|Feraligatr, L50, M|
|poke|p2|Froslass, L50, F|
|teampreview|4
|showteam|p1|Farigiraf||Leftovers|ArmorTail|TrickRoom,PsychicNoise,DazzlingGleam,Protect|Sassy||F|||50|]Gardevoir||Gardevoirite|Trace|HyperVoice,TrickRoom,Psychic,Protect|Sassy||M|||50|]Diggersby||LifeOrb|HugePower|HighHorsepower,Uturn,Facade,Protect|Jolly||M|||50|]Incineroar||SitrusBerry|Intimidate|FakeOut,PartingShot,FlareBlitz,DarkestLariat|Adamant||M|||50|]Sneasler||FocusSash|Pressure|CloseCombat,DireClaw,Feint,Protect|Jolly||M|||50|]Samurott||MuscleBand|Torrent|RazorShell,AquaJet,SacredSword,Megahorn|Adamant||M|||50|
|showteam|p2|Kingambit||BlackGlasses|Defiant|KowtowCleave,IronHead,SuckerPunch,Protect|Adamant||F|||50|]Whimsicott||FocusSash|Prankster|Tailwind,Moonblast,Encore,Protect|Bold||M|||50|]Charizard||CharizarditeX|SolarPower|FlareBlitz,DragonClaw,DragonDance,Protect|Adamant||F|||50|]Sandaconda||Leftovers|SandSpit|HighHorsepower,Glare,RockSlide,Protect|Impish||M|||50|]Feraligatr||LifeOrb|SheerForce|IcePunch,Crunch,Protect,Liquidation|Adamant||M|||50|]Froslass||ExpertBelt|SnowCloak|IcyWind,ShadowBall,WillOWisp,DestinyBond|Timid||F|||50|
|
|t:|1782678477
|teamsize|p1|4
|teamsize|p2|4
|start
|switch|p1a: Incineroar|Incineroar, L50, M|100/100
|switch|p1b: Farigiraf|Farigiraf, L50, F|100/100
|switch|p2a: Whimsicott|Whimsicott, L50, M|100/100
|switch|p2b: Kingambit|Kingambit, L50, F|100/100
|-ability|p1a: Incineroar|Intimidate|boost
|-unboost|p2a: Whimsicott|atk|1
|-unboost|p2b: Kingambit|atk|1
|-ability|p2b: Kingambit|Defiant|boost
|-boost|p2b: Kingambit|atk|2
|turn|1
|
|t:|1782678556
|move|p1a: Incineroar|Fake Out|p2b: Kingambit
|-resisted|p2b: Kingambit|1
|-damage|p2b: Kingambit|94/100
|move|p2a: Whimsicott|Tailwind|p2a: Whimsicott
|-sidestart|p2: robotarmadillo|move: Tailwind
|cant|p2b: Kingambit|flinch
|move|p1b: Farigiraf|Trick Room|p1b: Farigiraf
|-fieldstart|move: Trick Room|[of] p1b: Farigiraf
|
|upkeep
|turn|2
|
|t:|1782678645
|move|p2a: Whimsicott|Encore||[still]
|cant|p1b: Farigiraf|ability: Armor Tail|Encore|[of] p2a: Whimsicott
|move|p1b: Farigiraf|Dazzling Gleam|p2b: Kingambit|[spread] p2a,p2b
|-damage|p2a: Whimsicott|80/100
|-damage|p2b: Kingambit|80/100
|move|p1a: Incineroar|Parting Shot|p2b: Kingambit
|-unboost|p2b: Kingambit|atk|1
|-ability|p2b: Kingambit|Defiant|boost
|-boost|p2b: Kingambit|atk|2
|-unboost|p2b: Kingambit|spa|1
|-ability|p2b: Kingambit|Defiant|boost
|-boost|p2b: Kingambit|atk|2
|
|t:|1782678707
|switch|p1a: Diggersby|Diggersby, L50, M|100/100|[from] Parting Shot
|move|p2b: Kingambit|Iron Head|p1b: Farigiraf
|-damage|p1b: Farigiraf|0 fnt
|faint|p1b: Farigiraf
|
|upkeep
|
|t:|1782678743
|switch|p1b: Gardevoir|Gardevoir, L50, M|100/100
|-ability|p1b: Gardevoir|Defiant|Trace|[from] ability: Trace|[of] p2b: Kingambit
|turn|3
|
|t:|1782678869
|detailschange|p1b: Gardevoir|Gardevoir-Mega, L50, M
|-mega|p1b: Gardevoir|Gardevoir|Gardevoirite
|move|p1b: Gardevoir|Protect|p1b: Gardevoir
|-singleturn|p1b: Gardevoir|Protect
|move|p2b: Kingambit|Kowtow Cleave|p1b: Gardevoir
|-activate|p1b: Gardevoir|move: Protect
|move|p1a: Diggersby|High Horsepower|p2b: Kingambit
|-supereffective|p2b: Kingambit|1
|-damage|p2b: Kingambit|0 fnt
|faint|p2b: Kingambit
|-damage|p1a: Diggersby|90/100|[from] item: Life Orb
|move|p2a: Whimsicott|Moonblast|p1a: Diggersby
|-damage|p1a: Diggersby|50/100g
|
|upkeep
|
|t:|1782678926
|switch|p2b: Feraligatr|Feraligatr, L50, M|100/100
|turn|4
|
|t:|1782679016
|move|p1b: Gardevoir|Hyper Voice|p2b: Feraligatr|[spread] p2a,p2b
|-damage|p2a: Whimsicott|22/100
|-damage|p2b: Feraligatr|51/100
|move|p1a: Diggersby|Facade|p2b: Feraligatr
|-damage|p2b: Feraligatr|0 fnt
|faint|p2b: Feraligatr
|-damage|p1a: Diggersby|40/100|[from] item: Life Orb
|move|p2a: Whimsicott|Moonblast|p1a: Diggersby
|-damage|p1a: Diggersby|4/100
|
|-sideend|p2: robotarmadillo|move: Tailwind
|upkeep
|
|t:|1782679028
|switch|p2b: Charizard|Charizard, L50, F|100/100
|turn|5
|
|t:|1782679147
|detailschange|p2b: Charizard|Charizard-Mega-X, L50, F
|-mega|p2b: Charizard|Charizard|Charizardite X
|move|p1b: Gardevoir|Hyper Voice|p2a: Whimsicott|[spread] p2a,p2b
|-damage|p2a: Whimsicott|0 fnt
|-damage|p2b: Charizard|47/100
|faint|p2a: Whimsicott
|move|p1a: Diggersby|High Horsepower|p2b: Charizard|[miss]
|-miss|p1a: Diggersby|p2b: Charizard
|move|p2b: Charizard|Flare Blitz|p1b: Gardevoir
|-damage|p1b: Gardevoir|0 fnt
|faint|p1b: Gardevoir
|-damage|p2b: Charizard|10/100|[from] Recoil
|
|-fieldend|move: Trick Room
|upkeep
|
|t:|1782679161
|switch|p1b: Incineroar|Incineroar, L50, M|100/100
|-ability|p1b: Incineroar|Intimidate|boost
|-unboost|p2b: Charizard|atk|1
|turn|6
|
|t:|1782679297
|move|p1b: Incineroar|Fake Out|p2b: Charizard
|-damage|p2b: Charizard|0 fnt
|faint|p2b: Charizard
|
|win|irishshyguy
|inactive|irishshyguy has 30 seconds to confirm battle start!
|inactive|robotarmadillo has 30 seconds to confirm battle start!
||irishshyguy is ready for game 2.
||robotarmadillo is ready for game 2.
|uhtml|next|Next: Game 2 of 3
