|j|☆LadylikeMiked97
|j|☆negaifreak
|html|LadylikeMiked97negaifreak    
|uhtml|bestof|Game 1 of a best-of-3
|t:|1756254797
|gametype|doubles
|player|p1|LadylikeMiked97|102|1028
|player|p2|negaifreak|nate|1104
|gen|9
|tier|[Gen 9] VGC 2025 Reg H (Bo3)
|rated|
|rule|Species Clause: Limit one of each Pokémon
|rule|Item Clause: Limit 1 of each item
|clearpoke
|poke|p1|Grimmsnarl, L50, M|
|poke|p1|Annihilape, L50, M|
|poke|p1|Vivillon, L50, M|
|poke|p1|Gastrodon, L50, F|
|poke|p1|Garchomp, L50, F|
|poke|p1|Volcarona, L50, F|
|poke|p2|Ceruledge, L50, F|
|poke|p2|Sneasler, L50, F|
|poke|p2|Rillaboom, L50, M|
|poke|p2|Salamence, L50, M|
|poke|p2|Milotic, L50, F|
|poke|p2|Ninetales-Alola, L50, M|
|teampreview|4
|showteam|p1|Grimmsnarl||LightClay|Prankster|LightScreen,SpiritBreak,ThunderWave,Reflect|||M|||50|,,,,,Dark]Annihilape||SafetyGoggles|Defiant|BulkUp,RageFist,DrainPunch,Protect|||M|||50|,,,,,Ghost]Vivillon||FocusSash|CompoundEyes|Hurricane,SleepPowder,RagePowder,Tailwind|||M|||50|,,,,,Ghost]Gastrodon||AssaultVest|StormDrain|IceBeam,WeatherBall,SludgeBomb,EarthPower|||F|||50|,,,,,Fire]Garchomp||LifeOrb|RoughSkin|DragonClaw,RockSlide,Protect,StompingTantrum|||F|||50|,,,,,Steel]Volcarona||Leftovers|FlameBody|TeraBlast,HeatWave,Protect,QuiverDance|||F|||50|,,,,,Fairy
|showteam|p2|Ceruledge||ClearAmulet|FlashFire|BitterBlade,ShadowSneak,BulkUp,Protect|||F|||50|,,,,,Grass]Sneasler||GrassySeed|Unburden|DireClaw,CloseCombat,Coaching,Protect|||F|||50|,,,,,Stellar]Rillaboom||AssaultVest|GrassySurge|FakeOut,GrassyGlide,WoodHammer,HighHorsepower|||M|||50|,,,,,Fire]Salamence||LifeOrb|Intimidate|AirSlash,DracoMeteor,Tailwind,Protect|||M|||50|,,,,,Steel]Milotic||Leftovers|Competitive|Scald,IceBeam,Haze,Protect|||F|||50|,,,,,Dragon]Ninetales-Alola||FocusSash|SnowWarning|FreezeDry,Moonblast,AuroraVeil,Protect|||M|||50|,,,,,Ice
|
|t:|1756254880
|teamsize|p1|4
|teamsize|p2|4
|start
|switch|p1a: Grimmsnarl|Grimmsnarl, L50, M|100/100
|switch|p1b: Annihilape|Annihilape, L50, M|100/100
|switch|p2a: Sneasler|Sneasler, L50, F|100/100
|switch|p2b: Rillaboom|Rillaboom, L50, M|100/100
|-fieldstart|move: Grassy Terrain|[from] ability: Grassy Surge|[of] p2b: Rillaboom
|-enditem|p2a: Sneasler|Grassy Seed
|-boost|p2a: Sneasler|def|1|[from] item: Grassy Seed
|turn|1
|c|☆negaifreak|GLHF
|c|☆negaifreak|I don't care
|
|t:|1756254914
|move|p2b: Rillaboom|Fake Out|p1a: Grimmsnarl
|-damage|p1a: Grimmsnarl|84/100
|cant|p1a: Grimmsnarl|flinch
|move|p2a: Sneasler|Coaching|p2b: Rillaboom
|-boost|p2b: Rillaboom|atk|1
|-boost|p2b: Rillaboom|def|1
|move|p1b: Annihilape|Bulk Up|p1b: Annihilape
|-boost|p1b: Annihilape|atk|1
|-boost|p1b: Annihilape|def|1
|
|-heal|p1a: Grimmsnarl|90/100|[from] Grassy Terrain
|upkeep
|turn|2
|
|t:|1756254955
|move|p1a: Grimmsnarl|Reflect|p1a: Grimmsnarl
|-sidestart|p1: LadylikeMiked97|Reflect
|move|p2a: Sneasler|Dire Claw|p1a: Grimmsnarl
|-supereffective|p1a: Grimmsnarl
|-damage|p1a: Grimmsnarl|6/100
|move|p2b: Rillaboom|Wood Hammer|p1b: Annihilape
|-crit|p1b: Annihilape
|-damage|p1b: Annihilape|0 fnt
|faint|p1b: Annihilape
|-damage|p2b: Rillaboom|60/100|[from] Recoil
|
|-heal|p2b: Rillaboom|67/100|[from] Grassy Terrain
|-heal|p1a: Grimmsnarl|12/100|[from] Grassy Terrain
|upkeep
|
|t:|1756254975
|switch|p1b: Gastrodon|Gastrodon, L50, F|100/100
|turn|3
|
|t:|1756255000
|-terastallize|p1b: Gastrodon|Fire
|move|p2b: Rillaboom|Grassy Glide|p1a: Grimmsnarl
|-damage|p1a: Grimmsnarl|0 fnt
|faint|p1a: Grimmsnarl
|move|p2a: Sneasler|Coaching|p2b: Rillaboom
|-boost|p2b: Rillaboom|atk|1
|-boost|p2b: Rillaboom|def|1
|move|p1b: Gastrodon|Ice Beam|p2b: Rillaboom
|-supereffective|p2b: Rillaboom
|-damage|p2b: Rillaboom|28/100
|-status|p2b: Rillaboom|frz
|
|-heal|p2b: Rillaboom|34/100 frz|[from] Grassy Terrain
|upkeep
|
|t:|1756255015
|switch|p1a: Garchomp|Garchomp, L50, F|100/100
|turn|4
|
|t:|1756255046
|move|p2a: Sneasler|Dire Claw|p1b: Gastrodon
|-damage|p1b: Gastrodon|66/100
|move|p1a: Garchomp|Rock Slide|p2b: Rillaboom|[spread] p2a,p2b
|-resisted|p2a: Sneasler
|-damage|p2a: Sneasler|88/100
|-damage|p2b: Rillaboom|21/100 frz
|-damage|p1a: Garchomp|91/100|[from] item: Life Orb
|cant|p2b: Rillaboom|frz
|move|p1b: Gastrodon|Ice Beam|p2b: Rillaboom
|-supereffective|p2b: Rillaboom
|-damage|p2b: Rillaboom|0 fnt
|faint|p2b: Rillaboom
|
|-heal|p2a: Sneasler|94/100|[from] Grassy Terrain
|-heal|p1a: Garchomp|97/100|[from] Grassy Terrain
|-heal|p1b: Gastrodon|72/100|[from] Grassy Terrain
|upkeep
|
|t:|1756255061
|switch|p2b: Ninetales|Ninetales-Alola, L50, M|100/100
|-weather|Snowscape|[from] ability: Snow Warning|[of] p2b: Ninetales
|turn|5
|
|t:|1756255087
|-terastallize|p2a: Sneasler|Stellar
|move|p2a: Sneasler|Dire Claw|p1b: Gastrodon
|-damage|p1b: Gastrodon|23/100
|move|p2b: Ninetales|Freeze-Dry|p1a: Garchomp
|-supereffective|p1a: Garchomp
|-damage|p1a: Garchomp|0 fnt
|faint|p1a: Garchomp
|move|p1b: Gastrodon|Sludge Bomb|p2b: Ninetales
|-supereffective|p2b: Ninetales
|-damage|p2b: Ninetales|29/100
|
|-weather|Snowscape|[upkeep]
|-heal|p2a: Sneasler|99/100|[from] Grassy Terrain
|-heal|p2b: Ninetales|35/100|[from] Grassy Terrain
|-heal|p1b: Gastrodon|29/100|[from] Grassy Terrain
|-fieldend|move: Grassy Terrain
|upkeep
|turn|6
|
|t:|1756255123
|move|p2a: Sneasler|Dire Claw|p1b: Gastrodon
|-damage|p1b: Gastrodon|0 fnt
|faint|p1b: Gastrodon
|
|win|negaifreak
||negaifreak is ready for game 2.
|inactive|LadylikeMiked97 has 30 seconds to confirm battle start!
|inactive|LadylikeMiked97 has 20 seconds to confirm battle start!
|raw|LadylikeMiked97's rating: 1028 → 1017(-11 for losing)
|raw|negaifreak's rating: 1104 → 1124(+20 for winning)
|l|☆LadylikeMiked97
|player|p1|
