|j|☆eastyliam67
|j|☆Lightoz
|html|eastyliam67Lightoz    
|uhtml|bestof|Game 2 of a best-of-3
|t:|1785327146
|gametype|doubles
|player|p1|eastyliam67|unknownf|1530
|player|p2|Lightoz|blue-gen2|1531
|gen|9
|tier|[Gen 9 Champions] VGC 2026 Reg M-B (Bo3)
|rated|
|rule|Species Clause: Limit one of each Pokémon
|rule|Item Clause: Limit 1 of each item
|clearpoke
|poke|p1|Charizard, L50, M|
|poke|p1|Garchomp, L50, F|
|poke|p1|Whimsicott, L50, M|
|poke|p1|Basculegion, L50, M|
|poke|p1|Floette-Eternal, L50, F|
|poke|p1|Kingambit, L50, F|
|poke|p2|Raichu, L50, F|
|poke|p2|Kingambit, L50, F, shiny|
|poke|p2|Basculegion, L50, M|
|poke|p2|Aerodactyl, L50, F|
|poke|p2|Farigiraf, L50, F|
|poke|p2|Sylveon, L50, F, shiny|
|teampreview|4
|showteam|p1|Charizard||CharizarditeY|Blaze|HeatWave,SolarBeam,WeatherBall,Protect|Modest||M|||50|]Garchomp||LifeOrb|RoughSkin|DragonClaw,StompingTantrum,RockSlide,Protect|Jolly||F|||50|]Whimsicott||FocusSash|Prankster|Moonblast,Tailwind,Encore,Protect|Timid||M|||50|]Basculegion||MysticWater|Adaptability|WaveCrash,AquaJet,Protect,LastRespects|Adamant||M|||50|]Floette-Eternal||Floettite|FlowerVeil|Moonblast,DazzlingGleam,LightofRuin,Protect|Modest||F|||50|]Kingambit||ChopleBerry|Defiant|KowtowCleave,LowKick,SuckerPunch,IronHead|Adamant||F|||50|
|showteam|p2|Raichu||RaichuniteY|LightningRod|ZapCannon,FocusBlast,FakeOut,Protect|Timid||F|||50|]Kingambit||FocusSash|Defiant|KowtowCleave,SuckerPunch,IronHead,LowKick|Adamant||F|||50|]Basculegion||LifeOrb|Adaptability|LastRespects,WaveCrash,AquaJet,Protect|Adamant||M|||50|]Aerodactyl||Aerodactylite|Unnerve|RockSlide,DualWingbeat,Tailwind,IceFang|Jolly||F|||50|]Farigiraf||SitrusBerry|ArmorTail|Psychic,Thunderbolt,TrickRoom,Protect|Bold||F|||50|]Sylveon||FairyFeather|Pixilate|HyperVoice,HyperBeam,QuickAttack,Detect|Modest||F|||50|
|inactive|Battle timer is ON: inactive players will automatically lose when time's up. (requested by Lightoz)
|
|t:|1785327189
|teamsize|p1|4
|teamsize|p2|4
|start
|switch|p1a: Whimsicott|Whimsicott, L50, M|100/100
|switch|p1b: Floette|Floette-Eternal, L50, F|100/100
|switch|p2a: Kingambit|Kingambit, L50, F, shiny|100/100
|switch|p2b: Sylveon|Sylveon, L50, F, shiny|100/100
|turn|1
|inactive|eastyliam67 has 30 seconds left.
|inactive|eastyliam67 has 20 seconds left.
|inactive|eastyliam67 has 15 seconds left.
|inactive|eastyliam67 has 10 seconds left.
|inactive|eastyliam67 has 5 seconds left.
|
|t:|1785327243
|detailschange|p1b: Floette|Floette-Mega, L50, F
|-mega|p1b: Floette|Floette|Floettite
|-ability|p1b: Floette|Fairy Aura
|move|p2a: Kingambit|Sucker Punch|p1a: Whimsicott
|-resisted|p1a: Whimsicott|1
|-damage|p1a: Whimsicott|69/100
|move|p1a: Whimsicott|Moonblast|p2b: Sylveon
|-damage|p2b: Sylveon|62/100
|move|p1b: Floette|Moonblast|p2b: Sylveon
|-damage|p2b: Sylveon|2/100
|move|p2b: Sylveon|Hyper Voice|p1b: Floette|[spread] p1a,p1b
|-damage|p1a: Whimsicott|0 fnt
|-damage|p1b: Floette|50/100g
|faint|p1a: Whimsicott
|
|upkeep
|
|t:|1785327267
|switch|p1a: Garchomp|Garchomp, L50, F|100/100
|turn|2
|inactive|eastyliam67 has 30 seconds left.
|inactive|eastyliam67 has 20 seconds left.
|inactive|Lightoz has 30 seconds left.
|inactive|eastyliam67 has 15 seconds left.
|
|t:|1785327310
|switch|p2a: Aerodactyl|Aerodactyl, L50, F|100/100
|-ability|p2a: Aerodactyl|Unnerve
|move|p2b: Sylveon|Detect|p2b: Sylveon
|-singleturn|p2b: Sylveon|Protect
|move|p1a: Garchomp|Stomping Tantrum|p2a: Aerodactyl
|-immune|p2a: Aerodactyl
|move|p1b: Floette|Dazzling Gleam|p2a: Aerodactyl|[spread] p2a
|-activate|p2b: Sylveon|move: Protect
|-damage|p2a: Aerodactyl|36/100
|
|upkeep
|turn|3
|inactive|eastyliam67 has 30 seconds left.
|
|t:|1785327336
|detailschange|p2a: Aerodactyl|Aerodactyl-Mega, L50, F
|-mega|p2a: Aerodactyl|Aerodactyl|Aerodactylite
|move|p1a: Garchomp|Protect|p1a: Garchomp
|-singleturn|p1a: Garchomp|Protect
|move|p2a: Aerodactyl|Tailwind|p2a: Aerodactyl
|-sidestart|p2: Lightoz|move: Tailwind
|move|p2b: Sylveon|Hyper Voice|p1b: Floette|[spread] p1b
|-activate|p1a: Garchomp|move: Protect
|-damage|p1b: Floette|0 fnt
|faint|p1b: Floette
|
|upkeep
|
|t:|1785327347
|switch|p1b: Kingambit|Kingambit, L50, F|100/100
|turn|4
|
|t:|1785327361
|move|p1b: Kingambit|Sucker Punch|p2b: Sylveon
|-resisted|p2b: Sylveon|1
|-damage|p2b: Sylveon|0 fnt
|faint|p2b: Sylveon
|move|p2a: Aerodactyl|Ice Fang|p1a: Garchomp
|-supereffective|p1a: Garchomp|2
|-damage|p1a: Garchomp|0 fnt
|-damage|p2a: Aerodactyl|24/100|[from] ability: Rough Skin|[of] p1a: Garchomp
|faint|p1a: Garchomp
|
|upkeep
|
|t:|1785327364
|switch|p2b: Kingambit|Kingambit, L50, F, shiny|100/100
|turn|5
|
|t:|1785327370
|move|p2a: Aerodactyl|Dual Wingbeat|p1b: Kingambit
|-resisted|p1b: Kingambit|1
|-crit|p1b: Kingambit
|-damage|p1b: Kingambit|87/100
|-resisted|p1b: Kingambit|1
|-damage|p1b: Kingambit|77/100
|-hitcount|p1b: Kingambit|2
|move|p2b: Kingambit|Low Kick|p1b: Kingambit
|-supereffective|p1b: Kingambit|2
|-enditem|p1b: Kingambit|Chople Berry|[eat]
|-enditem|p1b: Kingambit|Chople Berry|[weaken]
|-damage|p1b: Kingambit|18/100
|move|p1b: Kingambit|Low Kick|p2b: Kingambit
|-supereffective|p2b: Kingambit|2
|-enditem|p2b: Kingambit|Focus Sash
|-damage|p2b: Kingambit|1/100
|
|upkeep
|turn|6
|
|t:|1785327383
|move|p2a: Aerodactyl|Dual Wingbeat|p1b: Kingambit
|-resisted|p1b: Kingambit|1
|-damage|p1b: Kingambit|10/100
|-resisted|p1b: Kingambit|1
|-damage|p1b: Kingambit|1/100
|-hitcount|p1b: Kingambit|2
|move|p2b: Kingambit|Low Kick|p1b: Kingambit
|-supereffective|p1b: Kingambit|2
|-damage|p1b: Kingambit|0 fnt
|faint|p1b: Kingambit
|
|win|Lightoz
||Lightoz is ready for game 3.
|inactive|eastyliam67 has 30 seconds to confirm battle start!
|inactive|eastyliam67 has 20 seconds to confirm battle start!
|inactive|eastyliam67 has 10 seconds to confirm battle start!
|uhtml|next|Next: Game 3 of 3
|l|☆Lightoz
|player|p2|
|l|☆eastyliam67
|player|p1|
|j|☆eastyliam67
|player|p1|eastyliam67|unknownf|
