|j|☆thaduck
|j|☆sedrav
|html|thaducksedrav    
|uhtml|bestof|Game 1 of a best-of-3
|t:|1785796606
|gametype|doubles
|player|p1|thaduck|ghetsis|1356
|player|p2|sedrav|hilbert|1293
|gen|9
|tier|[Gen 9 Champions] VGC 2026 Reg M-B (Bo3)
|rated|
|rule|Species Clause: Limit one of each Pokémon
|rule|Item Clause: Limit 1 of each item
|clearpoke
|poke|p1|Delphox, L50, F|
|poke|p1|Blastoise, L50, M|
|poke|p1|Sneasler, L50, F|
|poke|p1|Kingambit, L50, F|
|poke|p1|Incineroar, L50, F|
|poke|p1|Sinistcha, L50|
|poke|p2|Tyranitar, L50, M|
|poke|p2|Excadrill, L50, M|
|poke|p2|Milotic, L50, M|
|poke|p2|Sinistcha, L50|
|poke|p2|Staraptor, L50, M|
|poke|p2|Gholdengo, L50|
|teampreview|4
|showteam|p1|Delphox||Delphoxite|Blaze|HeatWave,Psychic,NastyPlot,Protect|Timid||F|||50|]Blastoise||Blastoisinite|Torrent|WaterSpout,DarkPulse,ShellSmash,Protect|Modest||M|||50|]Sneasler||FocusSash|PoisonTouch|FakeOut,PoisonJab,CloseCombat,QuickGuard|Jolly||F|||50|]Kingambit||LifeOrb|Defiant|KowtowCleave,SuckerPunch,SwordsDance,Protect|Adamant||F|||50|]Incineroar||SitrusBerry|Intimidate|FakeOut,FlareBlitz,HelpingHand,PartingShot|Impish||F|||50|]Sinistcha||ColburBerry|Hospitality|MatchaGotcha,RagePowder,TrickRoom,Protect|Bold|||||50|
|showteam|p2|Tyranitar||Tyranitarite|SandStream|KnockOff,RockSlide,LowKick,Protect|Jolly||M|||50|]Excadrill||FocusSash|SandRush|HighHorsepower,IronHead,RockSlide,Protect|Adamant||M|||50|]Milotic||SitrusBerry|Competitive|Scald,Haze,IceBeam,Protect|Bold||M|||50|]Sinistcha||ColburBerry|Hospitality|MatchaGotcha,ShadowBall,Protect,RagePowder|Bold|||||50|]Staraptor||Staraptite|Intimidate|CloseCombat,BraveBird,Tailwind,Protect|Jolly||M|||50|]Gholdengo||LifeOrb|GoodasGold|MakeItRain,ShadowBall,NastyPlot,Protect|Modest|||||50|
|inactive|Battle timer is ON: inactive players will automatically lose when time's up. (requested by sedrav)
|inactive|sedrav has 60 seconds left.
|
|t:|1785796671
|teamsize|p1|4
|teamsize|p2|4
|start
|switch|p1a: Blastoise|Blastoise, L50, M|100/100
|switch|p1b: Sneasler|Sneasler, L50, F|100/100
|switch|p2a: Sinistcha|Sinistcha, L50|100/100
|switch|p2b: Excadrill|Excadrill, L50, M|100/100
|turn|1
|
|t:|1785796691
|switch|p2b: Milotic|Milotic, L50, M|100/100
|switch|p1a: Incineroar|Incineroar, L50, F|100/100
|-ability|p1a: Incineroar|Intimidate|boost
|-unboost|p2a: Sinistcha|atk|1
|-unboost|p2b: Milotic|atk|1
|-ability|p2b: Milotic|Competitive|boost
|-boost|p2b: Milotic|spa|2
|move|p1b: Sneasler|Poison Jab|p2a: Sinistcha
|-damage|p2a: Sinistcha|65/100
|move|p2a: Sinistcha|Matcha Gotcha|p1b: Sneasler|[spread] p1a,p1b
|-resisted|p1a: Incineroar|1
|-resisted|p1b: Sneasler|1
|-damage|p1a: Incineroar|89/100
|-heal|p2a: Sinistcha|72/100|[from] drain|[of] p1a: Incineroar
|-damage|p1b: Sneasler|82/100
|-heal|p2a: Sinistcha|80/100|[from] drain|[of] p1b: Sneasler
|
|upkeep
|turn|2
|inactive|sedrav has 30 seconds left.
|inactive|sedrav has 20 seconds left.
|
|t:|1785796727
|switch|p2a: Excadrill|Excadrill, L50, M|100/100
|move|p1a: Incineroar|Fake Out|p2b: Milotic
|-damage|p2b: Milotic|90/100
|move|p1b: Sneasler|Close Combat|p2b: Milotic
|-damage|p2b: Milotic|35/100
|-unboost|p1b: Sneasler|def|1
|-unboost|p1b: Sneasler|spd|1
|-status|p2b: Milotic|psn|[from] ability: Poison Touch|[of] p1b: Sneasler
|-enditem|p2b: Milotic|Sitrus Berry|[eat]
|-heal|p2b: Milotic|59/100 psn|[from] item: Sitrus Berry
|cant|p2b: Milotic|flinch
|
|-damage|p2b: Milotic|47/100 psn|[from] psn
|upkeep
|turn|3
|
|t:|1785796750
|switch|p2a: Sinistcha|Sinistcha, L50|80/100
|-heal|p2b: Milotic|72/100 psn|[from] ability: Hospitality|[of] p2a: Sinistcha
|move|p1b: Sneasler|Close Combat|p2b: Milotic
|-damage|p2b: Milotic|19/100 psn
|-unboost|p1b: Sneasler|def|1
|-unboost|p1b: Sneasler|spd|1
|move|p2b: Milotic|Scald|p1a: Incineroar
|-supereffective|p1a: Incineroar|1
|-damage|p1a: Incineroar|0 fnt
|faint|p1a: Incineroar
|
|-damage|p2b: Milotic|7/100 psn|[from] psn
|upkeep
|
|t:|1785796772
|switch|p1a: Kingambit|Kingambit, L50, F|100/100
|turn|4
|
|t:|1785796780
|move|p1a: Kingambit|Protect|p1a: Kingambit
|-singleturn|p1a: Kingambit|Protect
|move|p2a: Sinistcha|Rage Powder|p2a: Sinistcha
|-singleturn|p2a: Sinistcha|move: Rage Powder
|move|p1b: Sneasler|Poison Jab|p2a: Sinistcha
|-damage|p2a: Sinistcha|44/100
|-status|p2a: Sinistcha|psn|[from] ability: Poison Touch|[of] p1b: Sneasler
|move|p2b: Milotic|Scald|p1a: Kingambit
|-activate|p1a: Kingambit|move: Protect
|
|-damage|p2b: Milotic|0 fnt|[from] psn
|faint|p2b: Milotic
|-damage|p2a: Sinistcha|32/100 psn|[from] psn
|upkeep
|
|t:|1785796789
|switch|p2b: Staraptor|Staraptor, L50, M|100/100
|-ability|p2b: Staraptor|Intimidate|boost
|-unboost|p1a: Kingambit|atk|1
|-ability|p1a: Kingambit|Defiant|boost
|-boost|p1a: Kingambit|atk|2
|-unboost|p1b: Sneasler|atk|1
|turn|5
|inactive|thaduck has 30 seconds left.
|inactive|thaduck has 20 seconds left.
|l|☆thaduck
|inactive|thaduck disconnected and has a minute to reconnect!
|player|p1|
|inactive|thaduck has 15 seconds left.
|inactive|thaduck has 10 seconds left.
|inactive|thaduck has 5 seconds left.
|j|☆thaduck
|inactive|thaduck reconnected and has 5 seconds left.
|player|p1|thaduck|ghetsis|
|
|t:|1785796844
|detailschange|p2b: Staraptor|Staraptor-Mega, L50, M
|-mega|p2b: Staraptor|Staraptor|Staraptite
|move|p2a: Sinistcha|Rage Powder|p2a: Sinistcha
|-singleturn|p2a: Sinistcha|move: Rage Powder
|move|p1b: Sneasler|Poison Jab|p2a: Sinistcha
|-crit|p2a: Sinistcha
|-damage|p2a: Sinistcha|0 fnt
|faint|p2a: Sinistcha
|move|p2b: Staraptor|Close Combat|p1a: Kingambit
|-supereffective|p1a: Kingambit|2
|-damage|p1a: Kingambit|0 fnt
|-boost|p2b: Staraptor|def|1
|-boost|p2b: Staraptor|spd|1
|faint|p1a: Kingambit
|
|upkeep
|
|t:|1785796855
|switch|p2a: Excadrill|Excadrill, L50, M|100/100
|switch|p1a: Blastoise|Blastoise, L50, M|100/100
|turn|6
|
|t:|1785796870
|detailschange|p1a: Blastoise|Blastoise-Mega, L50, M
|-mega|p1a: Blastoise|Blastoise|Blastoisinite
|move|p1b: Sneasler|Poison Jab|p2b: Staraptor
|-damage|p2b: Staraptor|83/100
|move|p2b: Staraptor|Tailwind|p2b: Staraptor
|-sidestart|p2: sedrav|move: Tailwind
|move|p2a: Excadrill|High Horsepower|p1b: Sneasler
|-supereffective|p1b: Sneasler|1
|-damage|p1b: Sneasler|0 fnt
|faint|p1b: Sneasler
|move|p1a: Blastoise|Water Spout|p2a: Excadrill|[spread] p2a,p2b
|-supereffective|p2a: Excadrill|1
|-enditem|p2a: Excadrill|Focus Sash
|-damage|p2a: Excadrill|1/100
|-damage|p2b: Staraptor|41/100
|
|upkeep
|turn|7
|
|t:|1785796887
|move|p1a: Blastoise|Protect|p1a: Blastoise
|-singleturn|p1a: Blastoise|Protect
|move|p2b: Staraptor|Close Combat|p1a: Blastoise
|-activate|p1a: Blastoise|move: Protect
|move|p2a: Excadrill|Rock Slide|p1a: Blastoise
|-activate|p1a: Blastoise|move: Protect
|
|upkeep
|turn|8
|
|t:|1785796890
|move|p2b: Staraptor|Close Combat|p1a: Blastoise
|-damage|p1a: Blastoise|55/100
|-boost|p2b: Staraptor|def|1
|-boost|p2b: Staraptor|spd|1
|move|p2a: Excadrill|Rock Slide|p1a: Blastoise
|-damage|p1a: Blastoise|32/100
|cant|p1a: Blastoise|flinch
|
|upkeep
|turn|9
|
|t:|1785796903
|move|p2b: Staraptor|Close Combat|p1a: Blastoise
|-damage|p1a: Blastoise|0 fnt
|-boost|p2b: Staraptor|def|1
|-boost|p2b: Staraptor|spd|1
|faint|p1a: Blastoise
|
|win|sedrav
||thaduck is ready for game 2.
||sedrav is ready for game 2.
|uhtml|next|Next: Game 2 of 3
