|j|☆theonlyambipomfan
|j|☆guillelona
|html|theonlyambipomfanguillelona    
|uhtml|bestof|Game 1 of a best-of-3
|t:|1785626743
|gametype|doubles
|player|p1|theonlyambipomfan|volkner|1163
|player|p2|guillelona|1|1245
|gen|9
|tier|[Gen 9 Champions] VGC 2026 Reg M-B (Bo3)
|rated|
|rule|Species Clause: Limit one of each Pokémon
|rule|Item Clause: Limit 1 of each item
|clearpoke
|poke|p1|Glimmora, L50, F, shiny|
|poke|p1|Whimsicott, L50, M|
|poke|p1|Incineroar, L50, F, shiny|
|poke|p1|Rotom-Frost, L50|
|poke|p1|Froslass, L50, F|
|poke|p1|Beartic, L50, M|
|poke|p2|Charizard, L50, M|
|poke|p2|Glimmora, L50, M|
|poke|p2|Whimsicott, L50, F|
|poke|p2|Ninetales-Alola, L50, F|
|poke|p2|Kingambit, L50, M|
|poke|p2|Kommo-o, L50, M|
|teampreview|4
|showteam|p1|Glimmora||Glimmoranite|ToxicDebris|SludgeBomb,PowerGem,EarthPower,SpikyShield|Timid||F|||50|]Whimsicott||FocusSash|Prankster|Tailwind,Encore,GrassKnot,Protect|Bold||M|||50|]Incineroar||ExpertBelt|Intimidate|FakeOut,FlareBlitz,PartingShot,DarkestLariat|Adamant||F|||50|]Rotom-Frost||ChoiceScarf|Levitate|WillOWisp,VoltSwitch,Thunderbolt,Blizzard|Timid|||||50|]Froslass||Froslassite|CursedBody|Blizzard,AuroraVeil,ShadowBall,Protect|Timid||F|||50|]Beartic||LifeOrb|SlushRush|Superpower,IcicleCrash,StoneEdge,Protect|Adamant||M|||50|
|showteam|p2|Charizard||CharizarditeY|Blaze|HeatWave,WeatherBall,SolarBeam,Protect|Modest||M|||50|]Glimmora||Glimmoranite|ToxicDebris|SludgeBomb,PowerGem,EarthPower,SpikyShield|Modest||M|||50|]Whimsicott||FocusSash|Prankster|Moonblast,Tailwind,Encore,Protect|Timid||F|||50|]Ninetales-Alola||NeverMeltIce|SnowWarning|Blizzard,FreezeDry,Disable,Protect|Timid||F|||50|]Kingambit||BlackGlasses|Defiant|KowtowCleave,SuckerPunch,IronHead,Protect|Adamant||M|||50|]Kommo-o||LifeOrb|Overcoat|ClangingScales,AuraSphere,VacuumWave,Protect|Modest||M|||50|
|inactive|Battle timer is ON: inactive players will automatically lose when time's up. (requested by theonlyambipomfan)
|inactive|guillelona has 60 seconds left.
|
|t:|1785626792
|teamsize|p1|4
|teamsize|p2|4
|start
|switch|p1a: Whimsicott|Whimsicott, L50, M|100/100
|switch|p1b: Rotom|Rotom-Frost, L50|100/100
|switch|p2a: Kingambit|Kingambit, L50, M|100/100
|switch|p2b: Glimmora|Glimmora, L50, M|100/100
|turn|1
|c|☆theonlyambipomfan|glhf
|
|t:|1785626808
|detailschange|p2b: Glimmora|Glimmora-Mega, L50, M
|-mega|p2b: Glimmora|Glimmora|Glimmoranite
|move|p1a: Whimsicott|Tailwind|p1a: Whimsicott
|-sidestart|p1: theonlyambipomfan|move: Tailwind
|move|p1b: Rotom|Will-O-Wisp|p2a: Kingambit
|-status|p2a: Kingambit|brn
|move|p2b: Glimmora|Power Gem|p1b: Rotom
|-supereffective|p1b: Rotom|1
|-damage|p1b: Rotom|0 fnt
|faint|p1b: Rotom
|move|p2a: Kingambit|Iron Head|p1a: Whimsicott
|-supereffective|p1a: Whimsicott|1
|-damage|p1a: Whimsicott|60/100
|
|-damage|p2a: Kingambit|93/100 brn|[from] brn
|upkeep
|
|t:|1785626825
|switch|p1b: Beartic|Beartic, L50, M|100/100
|turn|2
|
|t:|1785626848
|move|p1b: Beartic|Protect|p1b: Beartic
|-singleturn|p1b: Beartic|Protect
|move|p1a: Whimsicott|Grass Knot|p2b: Glimmora
|-damage|p2b: Glimmora|69/100
|move|p2b: Glimmora|Power Gem|p1b: Beartic
|-activate|p1b: Beartic|move: Protect
|move|p2a: Kingambit|Iron Head|p1a: Whimsicott
|-supereffective|p1a: Whimsicott|1
|-damage|p1a: Whimsicott|20/100y
|
|-damage|p2a: Kingambit|87/100 brn|[from] brn
|upkeep
|turn|3
|
|t:|1785626872
|move|p2b: Glimmora|Spiky Shield|p2b: Glimmora
|-singleturn|p2b: Glimmora|move: Protect
|move|p1a: Whimsicott|Grass Knot|p2b: Glimmora
|-activate|p2b: Glimmora|move: Protect
|-damage|p1a: Whimsicott|8/100|[from] Spiky Shield|[of] p2b: Glimmora
|move|p1b: Beartic|Icicle Crash|p2b: Glimmora
|-activate|p2b: Glimmora|move: Protect
|move|p2a: Kingambit|Iron Head|p1a: Whimsicott
|-supereffective|p1a: Whimsicott|1
|-damage|p1a: Whimsicott|0 fnt
|faint|p1a: Whimsicott
|
|-damage|p2a: Kingambit|81/100 brn|[from] brn
|upkeep
|
|t:|1785626885
|switch|p1a: Froslass|Froslass, L50, F|100/100
|turn|4
|
|t:|1785626908
|switch|p2b: Charizard|Charizard, L50, M|100/100
|detailschange|p1a: Froslass|Froslass-Mega, L50, F
|-mega|p1a: Froslass|Froslass|Froslassite
|-weather|Snowscape|[from] ability: Snow Warning|[of] p1a: Froslass
|move|p1a: Froslass|Aurora Veil|p1a: Froslass
|-sidestart|p1: theonlyambipomfan|move: Aurora Veil
|move|p1b: Beartic|Icicle Crash|p2b: Charizard
|-damage|p2b: Charizard|36/100
|-damage|p1b: Beartic|90/100|[from] item: Life Orb
|move|p2a: Kingambit|Kowtow Cleave|p1a: Froslass
|-supereffective|p1a: Froslass|1
|-damage|p1a: Froslass|55/100
|
|-weather|Snowscape|[upkeep]
|-damage|p2a: Kingambit|75/100 brn|[from] brn
|-sideend|p1: theonlyambipomfan|move: Tailwind
|upkeep
|turn|5
|
|t:|1785626929
|move|p1a: Froslass|Protect|p1a: Froslass
|-singleturn|p1a: Froslass|Protect
|move|p1b: Beartic|Stone Edge|p2b: Charizard
|-supereffective|p2b: Charizard|2
|-crit|p2b: Charizard
|-damage|p2b: Charizard|0 fnt
|faint|p2b: Charizard
|-damage|p1b: Beartic|80/100|[from] item: Life Orb
|move|p2a: Kingambit|Kowtow Cleave|p1a: Froslass
|-activate|p1a: Froslass|move: Protect
|
|-weather|Snowscape|[upkeep]
|-damage|p2a: Kingambit|69/100 brn|[from] brn
|upkeep
|
|t:|1785626939
|switch|p2b: Kommo-o|Kommo-o, L50, M|100/100
|turn|6
|
|t:|1785626959
|move|p1a: Froslass|Blizzard|p2b: Kommo-o|[spread] p2a,p2b
|-resisted|p2a: Kingambit|1
|-supereffective|p2b: Kommo-o|1
|-damage|p2a: Kingambit|43/100 brn
|-damage|p2b: Kommo-o|4/100
|move|p1b: Beartic|Superpower|p2a: Kingambit
|-supereffective|p2a: Kingambit|2
|-damage|p2a: Kingambit|0 fnt
|-unboost|p1b: Beartic|atk|1
|-unboost|p1b: Beartic|def|1
|faint|p2a: Kingambit
|-damage|p1b: Beartic|71/100|[from] item: Life Orb
|move|p2b: Kommo-o|Clanging Scales|p1b: Beartic|[spread] p1a,p1b
|-damage|p1a: Froslass|11/100
|-damage|p1b: Beartic|29/100
|-unboost|p2b: Kommo-o|def|1
|-damage|p2b: Kommo-o|0 fnt|[from] item: Life Orb
|faint|p2b: Kommo-o
|
|-weather|Snowscape|[upkeep]
|upkeep
|
|t:|1785626975
|switch|p2b: Glimmora|Glimmora-Mega, L50, M|69/100
|turn|7
|
|t:|1785626985
|move|p1a: Froslass|Blizzard|p2b: Glimmora
|-damage|p2b: Glimmora|5/100
|move|p1b: Beartic|Icicle Crash|p2b: Glimmora
|-damage|p2b: Glimmora|0 fnt
|faint|p2b: Glimmora
|-damage|p1b: Beartic|19/100|[from] item: Life Orb
|
|win|theonlyambipomfan
||theonlyambipomfan is ready for game 2.
|l|☆guillelona
|player|p2|
||guillelona is ready for game 2.
|uhtml|next|Next: Game 2 of 3
|l|☆theonlyambipomfan
|player|p1|
|j|☆guillelona
|player|p2|guillelona|1|
