|j|☆mumu2
|j|☆PatuDucc
|html|mumu2PatuDucc    
|uhtml|bestof|Game 1 of a best-of-3
|t:|1785282424
|gametype|doubles
|player|p1|mumu2|cyclistf|
|player|p2|PatuDucc|ingo|
|gen|9
|tier|[Gen 9 Champions] VGC 2026 Reg M-B (Bo3)
|rule|Species Clause: Limit one of each Pokémon
|rule|Item Clause: Limit 1 of each item
|clearpoke
|poke|p1|Tyranitar, L50, F|
|poke|p1|Excadrill, L50, F|
|poke|p1|Hydreigon, L50, M|
|poke|p1|Ninetales-Alola, L50, F|
|poke|p1|Skarmory, L50, M|
|poke|p1|Rotom-Wash, L50|
|poke|p2|Starmie, L50, shiny|
|poke|p2|Talonflame, L50, F|
|poke|p2|Maushold, L50|
|poke|p2|Scizor, L50, M|
|poke|p2|Hydreigon, L50, M, shiny|
|poke|p2|Manectric, L50, F, shiny|
|teampreview|4
|showteam|p1|Tyranitar||Tyranitarite|SandStream|RockSlide,KnockOff,Earthquake,Protect|Adamant||F|||50|]Excadrill||LifeOrb|SandRush|Earthquake,IronHead,RockSlide,Protect|Adamant||F|||50|]Hydreigon||ChoiceScarf|Levitate|DracoMeteor,DarkPulse,Snarl,HeatWave|Modest||M|||50|]Ninetales-Alola||NeverMeltIce|SnowWarning|Blizzard,FreezeDry,Moonblast,Protect|Timid||F|||50|]Skarmory||Skarmorite|Sturdy|BraveBird,Taunt,IronHead,Tailwind|Jolly||M|||50|]Rotom-Wash||SitrusBerry|Levitate|Discharge,HydroPump,VoltSwitch,WillOWisp|Modest|||||50|
|showteam|p2|Starmie||Starminite|NaturalCure|PsychoCut,AquaJet,IceSpinner,Protect|Jolly|||||50|]Talonflame||SharpBeak|GaleWings|BraveBird,FlareBlitz,Tailwind,Protect|Jolly||F|||50|]Maushold||SitrusBerry|FriendGuard|SuperFang,HelpingHand,FollowMe,Protect|Impish|||||50|]Scizor||MetalCoat|Technician|BulletPunch,BugBite,SwordsDance,Protect|Adamant||M|||50|]Hydreigon||ChoiceScarf|Levitate|DragonPulse,DarkPulse,EarthPower,HeatWave|Modest||M|||50|]Manectric||Manectite|LightningRod|Thunderbolt,Snarl,VoltSwitch,Protect|Timid||F|||50|
|j| FIR Zants
|
|t:|1785282658
|teamsize|p1|4
|teamsize|p2|4
|start
|switch|p1a: Hydreigon|Hydreigon, L50, M|100/100
|switch|p1b: Excadrill|Excadrill, L50, F|100/100
|switch|p2a: Starmie|Starmie, L50, shiny|100/100
|switch|p2b: Talonflame|Talonflame, L50, F|100/100
|turn|1
|
|t:|1785282800
|switch|p1a: Rotom|Rotom-Wash, L50|100/100
|detailschange|p2a: Starmie|Starmie-Mega, L50, shiny
|-mega|p2a: Starmie|Starmie|Starminite
|move|p2b: Talonflame|Tailwind|p2b: Talonflame
|-sidestart|p2: PatuDucc|move: Tailwind
|move|p2a: Starmie|Aqua Jet|p1b: Excadrill
|-supereffective|p1b: Excadrill|1
|-damage|p1b: Excadrill|13/100
|move|p1b: Excadrill|Rock Slide|p2b: Talonflame|[spread] p2a,p2b
|-supereffective|p2b: Talonflame|2
|-damage|p2a: Starmie|64/100
|-damage|p2b: Talonflame|0 fnt
|faint|p2b: Talonflame
|-damage|p1b: Excadrill|3/100|[from] item: Life Orb
|
|upkeep
|
|t:|1785282820
|switch|p2b: Manectric|Manectric, L50, F, shiny|100/100
|turn|2
|
|t:|1785282881
|switch|p1b: Hydreigon|Hydreigon, L50, M|100/100
|move|p2a: Starmie|Protect|p2a: Starmie
|-singleturn|p2a: Starmie|Protect
|move|p2b: Manectric|Snarl|p1b: Hydreigon|[spread] p1a,p1b
|-resisted|p1b: Hydreigon|1
|-damage|p1a: Rotom|88/100
|-damage|p1b: Hydreigon|94/100
|-unboost|p1a: Rotom|spa|1
|-unboost|p1b: Hydreigon|spa|1
|move|p1a: Rotom|Will-O-Wisp|p2a: Starmie
|-activate|p2a: Starmie|move: Protect
|
|upkeep
|turn|3
|
|t:|1785282937
|switch|p1b: Excadrill|Excadrill, L50, F|3/100
|move|p2a: Starmie|Ice Spinner|p1b: Excadrill
|-damage|p1b: Excadrill|0 fnt
|faint|p1b: Excadrill
|move|p2b: Manectric|Thunderbolt|p1a: Rotom
|-damage|p1a: Rotom|52/100
|move|p1a: Rotom|Will-O-Wisp|p2a: Starmie
|-status|p2a: Starmie|brn
|
|-damage|p2a: Starmie|59/100 brn|[from] brn
|upkeep
|
|t:|1785282950
|switch|p1b: Tyranitar|Tyranitar, L50, F|100/100
|-weather|Sandstorm|[from] ability: Sand Stream|[of] p1b: Tyranitar
|turn|4
|
|t:|1785283026
|switch|p2a: Maushold|Maushold, L50|100/100
|detailschange|p1b: Tyranitar|Tyranitar-Mega, L50, F
|-mega|p1b: Tyranitar|Tyranitar|Tyranitarite
|move|p2b: Manectric|Protect|p2b: Manectric
|-singleturn|p2b: Manectric|Protect
|move|p1b: Tyranitar|Protect|p1b: Tyranitar
|-singleturn|p1b: Tyranitar|Protect
|move|p1a: Rotom|Hydro Pump|p2b: Manectric
|-activate|p2b: Manectric|move: Protect
|
|-weather|Sandstorm|[upkeep]
|-damage|p2b: Manectric|93/100|[from] Sandstorm
|-damage|p2a: Maushold|93/100|[from] Sandstorm
|-damage|p1a: Rotom|46/100|[from] Sandstorm
|-enditem|p1a: Rotom|Sitrus Berry|[eat]
|-heal|p1a: Rotom|71/100|[from] item: Sitrus Berry
|-sideend|p2: PatuDucc|move: Tailwind
|upkeep
|turn|5
|
|t:|1785283082
|move|p2b: Manectric|Thunderbolt|p1b: Tyranitar
|-damage|p1b: Tyranitar|85/100
|move|p2a: Maushold|Super Fang|p1b: Tyranitar
|-damage|p1b: Tyranitar|42/100
|move|p1a: Rotom|Hydro Pump|p2b: Manectric|[miss]
|-miss|p1a: Rotom|p2b: Manectric
|move|p1b: Tyranitar|Earthquake|p2a: Maushold|[spread] p2a,p2b
|-immune|p1a: Rotom|[from] ability: Levitate
|-supereffective|p2b: Manectric|1
|-damage|p2a: Maushold|57/100
|-damage|p2b: Manectric|11/100
|
|-weather|Sandstorm|[upkeep]
|-damage|p2b: Manectric|5/100|[from] Sandstorm
|-damage|p2a: Maushold|51/100|[from] Sandstorm
|-damage|p1a: Rotom|65/100|[from] Sandstorm
|upkeep
|turn|6
|
|t:|1785283156
|move|p2a: Maushold|Protect|p2a: Maushold
|-singleturn|p2a: Maushold|Protect
|move|p1b: Tyranitar|Protect|p1b: Tyranitar
|-singleturn|p1b: Tyranitar|Protect
|move|p2b: Manectric|Snarl|p1b: Tyranitar|[spread] p1a
|-activate|p1b: Tyranitar|move: Protect
|-damage|p1a: Rotom|54/100
|-unboost|p1a: Rotom|spa|1
|move|p1a: Rotom|Volt Switch|p2b: Manectric
|-ability|p2b: Manectric|Lightning Rod|boost
|-boost|p2b: Manectric|spa|1
|
|-weather|Sandstorm|[upkeep]
|-damage|p2b: Manectric|0 fnt|[from] Sandstorm
|-damage|p2a: Maushold|45/100|[from] Sandstorm
|-damage|p1a: Rotom|48/100|[from] Sandstorm
|-enditem|p2a: Maushold|Sitrus Berry|[eat]
|-heal|p2a: Maushold|70/100|[from] item: Sitrus Berry
|faint|p2b: Manectric
|upkeep
|
|t:|1785283173
|switch|p2b: Starmie|Starmie-Mega, L50, shiny|59/100 brn
|turn|7
|
|t:|1785283230
|move|p2a: Maushold|Helping Hand|p2b: Starmie
|-singleturn|p2b: Starmie|Helping Hand|[of] p2a: Maushold
|move|p2b: Starmie|Aqua Jet|p1b: Tyranitar
|-supereffective|p1b: Tyranitar|1
|-damage|p1b: Tyranitar|8/100
|move|p1a: Rotom|Volt Switch|p2b: Starmie
|-supereffective|p2b: Starmie|1
|-damage|p2b: Starmie|28/100 brn
|
|t:|1785283239
|switch|p1a: Hydreigon|Hydreigon, L50, M|94/100|[from] Volt Switch
|move|p1b: Tyranitar|Knock Off|p2b: Starmie
|-supereffective|p2b: Starmie|1
|-damage|p2b: Starmie|0 fnt
|faint|p2b: Starmie
|
|-weather|Sandstorm|[upkeep]
|-damage|p1a: Hydreigon|88/100|[from] Sandstorm
|-damage|p2a: Maushold|64/100|[from] Sandstorm
|upkeep
|turn|8
|
|t:|1785283253
|move|p1a: Hydreigon|Dark Pulse|p2a: Maushold
|-damage|p2a: Maushold|22/100
|move|p2a: Maushold|Super Fang|p1a: Hydreigon
|-damage|p1a: Hydreigon|44/100
|move|p1b: Tyranitar|Knock Off|p2a: Maushold
|-damage|p2a: Maushold|0 fnt
|faint|p2a: Maushold
|
|win|mumu2
|l| FIR Zants
||mumu2 is ready for game 2.
|inactive|PatuDucc has 30 seconds to confirm battle start!
|inactive|PatuDucc has 20 seconds to confirm battle start!
||PatuDucc is ready for game 2.
|uhtml|next|Next: Game 2 of 3
