|j|ŌśåMetal Legs Solid
|j|ŌśåTemporalDonut
|html|Metal Legs SolidTemporalDonut    
|uhtml|bestof|Game 1 of a best-of-3
|t:|1784921786
|gametype|doubles
|player|p1|Metal Legs Solid|byron|
|player|p2|TemporalDonut|ingo|
|gen|9
|tier|[Gen 9 Champions] VGC 2026 Reg M-B (Bo3)
|rule|Species Clause: Limit one of each Pok├®mon
|rule|Item Clause: Limit 1 of each item
|clearpoke
|poke|p1|Gyarados, L50, F|
|poke|p1|Raichu, L50, F|
|poke|p1|Gholdengo, L50|
|poke|p1|Sinistcha, L50|
|poke|p1|Sneasler, L50, M|
|poke|p1|Pelipper, L50, F|
|poke|p2|Chandelure, L50, M|
|poke|p2|Milotic, L50, F|
|poke|p2|Maushold, L50|
|poke|p2|Hydrapple, L50, F|
|poke|p2|Grimmsnarl, L50, M|
|poke|p2|Staraptor, L50, M|
|teampreview|4
|showteam|p1|Gyarados||Gyaradosite|Intimidate|Waterfall,Crunch,DragonDance,Protect|Adamant||F|||50|]Raichu||RaichuniteY|LightningRod|FakeOut,ZapCannon,FocusBlast,Protect|Timid||F|||50|]Gholdengo||Leftovers|GoodasGold|MakeItRain,ShadowBall,NastyPlot,Protect|Modest|||||50|]Sinistcha||ColburBerry|Hospitality|MatchaGotcha,LifeDew,RagePowder,TrickRoom|Sassy|||||50|]Sneasler||FocusSash|Unburden|FakeOut,CloseCombat,DireClaw,Coaching|Jolly||M|||50|]Pelipper||SitrusBerry|Drizzle|WeatherBall,Tailwind,Hurricane,WideGuard|Modest||F|||50|
|showteam|p2|Chandelure||Chandelurite|FlashFire|CalmMind,HeatWave,ShadowBall,Protect|Bold||M|||50|]Milotic||ZoomLens|Competitive|MuddyWater,Coil,Hypnosis,LifeDew|Relaxed||F|||50|]Maushold||SitrusBerry|FriendGuard|SuperFang,Charm,FollowMe,Protect|Jolly|||||50|]Hydrapple||Leftovers|SupersweetSyrup|FickleBeam,PollenPuff,Yawn,Protect|Calm||F|||50|]Grimmsnarl||LightClay|Prankster|SpiritBreak,Reflect,LightScreen,PartingShot|Relaxed||M|||50|]Staraptor||Staraptite|Intimidate|CloseCombat,BraveBird,Roost,Protect|Adamant||M|||50|
|c|ŌśåTemporalDonut|let's send out match notifs
|c|ŌśåMetal Legs Solid|no idea how to do that
|c|ŌśåMetal Legs Solid|LOL
|c|ŌśåTemporalDonut|i just throw the link in the team server lol
|c|ŌśåTemporalDonut|we're both on some bs here huh
|c|ŌśåMetal Legs Solid|oh alright, yea already did that myself
|c|ŌśåMetal Legs Solid|yessir LOL
|j| tung cubed
|c|ŌśåMetal Legs Solid|you ready to start timer?
|c|ŌśåTemporalDonut|aye aye
|inactive|Battle timer is ON: inactive players will automatically lose when time's up. (requested by Metal Legs Solid)
|c|ŌśåMetal Legs Solid|glhf!
|c|ŌśåTemporalDonut|u2
|inactive|Metal Legs Solid has 60 seconds left.
|
|t:|1784921949
|teamsize|p1|4
|teamsize|p2|4
|start
|switch|p1a: Gyarados|Gyarados, L50, F|100/100
|switch|p1b: Sneasler|Sneasler, L50, M|100/100
|switch|p2a: Grimmsnarl|Grimmsnarl, L50, M|100/100
|switch|p2b: Hydrapple|Hydrapple, L50, F|100/100
|-ability|p1a: Gyarados|Intimidate|boost
|-unboost|p2a: Grimmsnarl|atk|1
|-unboost|p2b: Hydrapple|atk|1
|-ability|p2b: Hydrapple|Supersweet Syrup
|-unboost|p1a: Gyarados|evasion|1
|-unboost|p1b: Sneasler|evasion|1
|turn|1
|j| Shmon
|l| Shmon
|inactive|Metal Legs Solid has 30 seconds left.
|inactive|TemporalDonut has 30 seconds left.
|l| tung cubed
|j| gentlemangarby
|
|t:|1784921984
|move|p1b: Sneasler|Fake Out|p2b: Hydrapple
|-damage|p2b: Hydrapple|89/100
|move|p2a: Grimmsnarl|Reflect|p2a: Grimmsnarl
|-sidestart|p2: TemporalDonut|Reflect
|move|p1a: Gyarados|Dragon Dance|p1a: Gyarados
|-boost|p1a: Gyarados|atk|1
|-boost|p1a: Gyarados|spe|1
|cant|p2b: Hydrapple|flinch
|
|-heal|p2b: Hydrapple|96/100|[from] item: Leftovers
|upkeep
|turn|2
|j| tung cubed
|j| sap sipper farig
|inactive|Metal Legs Solid has 30 seconds left.
|
|t:|1784922010
|move|p2a: Grimmsnarl|Parting Shot|p1b: Sneasler
|-unboost|p1b: Sneasler|atk|1
|-unboost|p1b: Sneasler|spa|1
|
|t:|1784922015
|switch|p2a: Chandelure|Chandelure, L50, M|100/100|[from] Parting Shot
|move|p1a: Gyarados|Dragon Dance|p1a: Gyarados
|-boost|p1a: Gyarados|atk|1
|-boost|p1a: Gyarados|spe|1
|move|p1b: Sneasler|Dire Claw|p2b: Hydrapple
|-supereffective|p2b: Hydrapple|1
|-damage|p2b: Hydrapple|66/100
|-status|p2b: Hydrapple|slp
|cant|p2b: Hydrapple|slp
|
|-heal|p2b: Hydrapple|73/100 slp|[from] item: Leftovers
|upkeep
|turn|3
|c|ŌśåTemporalDonut|uh oh
|inactive|Metal Legs Solid has 30 seconds left.
|inactive|TemporalDonut has 30 seconds left.
|
|t:|1784922041
|switch|p2a: Milotic|Milotic, L50, F|100/100
|move|p1a: Gyarados|Waterfall|p2a: Milotic
|-resisted|p2a: Milotic|1
|-damage|p2a: Milotic|77/100
|move|p1b: Sneasler|Coaching|p1a: Gyarados
|-boost|p1a: Gyarados|atk|1
|-boost|p1a: Gyarados|def|1
|cant|p2b: Hydrapple|slp
|
|-heal|p2b: Hydrapple|79/100 slp|[from] item: Leftovers
|upkeep
|turn|4
|l| tung cubed
|j| tung cubed
|inactive|Metal Legs Solid has 30 seconds left.
|inactive|TemporalDonut has 30 seconds left.
|
|t:|1784922069
|move|p1a: Gyarados|Crunch|p2a: Milotic
|-damage|p2a: Milotic|40/100
|move|p1b: Sneasler|Close Combat|p2a: Milotic
|-damage|p2a: Milotic|17/100
|-unboost|p1b: Sneasler|def|1
|-unboost|p1b: Sneasler|spd|1
|move|p2a: Milotic|Hypnosis|p1a: Gyarados
|-status|p1a: Gyarados|slp|[from] move: Hypnosis
|-curestatus|p2b: Hydrapple|slp|[msg]
|move|p2b: Hydrapple|Yawn|p1b: Sneasler
|-start|p1b: Sneasler|move: Yawn|[of] p2b: Hydrapple
|
|-heal|p2b: Hydrapple|85/100|[from] item: Leftovers
|upkeep
|turn|5
|l| tung cubed
|j| tung cubed
|inactive|Metal Legs Solid has 30 seconds left.
|inactive|TemporalDonut has 30 seconds left.
|
|t:|1784922102
|switch|p1b: Sinistcha|Sinistcha, L50|100/100
|switch|p2a: Chandelure|Chandelure, L50, M|100/100
|cant|p1a: Gyarados|slp
|move|p2b: Hydrapple|Fickle Beam|p1a: Gyarados
|-damage|p1a: Gyarados|67/100 slp
|
|-heal|p2b: Hydrapple|91/100|[from] item: Leftovers
|upkeep
|turn|6
|inactive|Metal Legs Solid has 30 seconds left.
|inactive|TemporalDonut has 30 seconds left.
|
|t:|1784922130
|switch|p1b: Sneasler|Sneasler, L50, M|100/100
|detailschange|p2a: Chandelure|Chandelure-Mega, L50, M
|-mega|p2a: Chandelure|Chandelure|Chandelurite
|cant|p1a: Gyarados|slp
|move|p2a: Chandelure|Heat Wave|p1b: Sneasler|[spread] p1a,p1b
|-resisted|p1a: Gyarados|1
|-damage|p1a: Gyarados|46/100 slp
|-damage|p1b: Sneasler|38/100
|move|p2b: Hydrapple|Yawn|p1b: Sneasler
|-start|p1b: Sneasler|move: Yawn|[of] p2b: Hydrapple
|
|-heal|p2b: Hydrapple|98/100|[from] item: Leftovers
|upkeep
|turn|7
|
|t:|1784922152
|move|p2a: Chandelure|Protect|p2a: Chandelure
|-singleturn|p2a: Chandelure|Protect
|-curestatus|p1a: Gyarados|slp|[msg]
|move|p1a: Gyarados|Crunch|p2b: Hydrapple
|-damage|p2b: Hydrapple|63/100
|move|p1b: Sneasler|Dire Claw|p2b: Hydrapple
|-supereffective|p2b: Hydrapple|1
|-damage|p2b: Hydrapple|20/100y
|-status|p2b: Hydrapple|psn
|move|p2b: Hydrapple|Fickle Beam|p1a: Gyarados|[anim] Fickle Beam All Out
|-activate|p2b: Hydrapple|move: Fickle Beam
|-damage|p1a: Gyarados|0 fnt
|faint|p1a: Gyarados
|
|-heal|p2b: Hydrapple|26/100 psn|[from] item: Leftovers
|-damage|p2b: Hydrapple|14/100 psn|[from] psn
|-end|p1b: Sneasler|move: Yawn|[silent]
|-status|p1b: Sneasler|slp
|upkeep
|l| tung cubed
|j| tung cubed
|
|t:|1784922174
|switch|p1a: Raichu|Raichu, L50, F|100/100
|turn|8
|
|t:|1784922189
|detailschange|p1a: Raichu|Raichu-Mega-Y, L50, F
|-mega|p1a: Raichu|Raichu|Raichunite Y
|move|p1a: Raichu|Zap Cannon|p2a: Chandelure
|-damage|p2a: Chandelure|43/100
|-status|p2a: Chandelure|par
|cant|p1b: Sneasler|slp
|move|p2b: Hydrapple|Pollen Puff|p2a: Chandelure
|-heal|p2a: Chandelure|93/100 par
|cant|p2a: Chandelure|par
|
|-heal|p2b: Hydrapple|20/100y psn|[from] item: Leftovers
|-damage|p2b: Hydrapple|8/100 psn|[from] psn
|-sideend|p2: TemporalDonut|Reflect
|upkeep
|turn|9
|inactive|TemporalDonut has 30 seconds left.
|c|ŌśåMetal Legs Solid|the status in this game is off the charts lol
|
|t:|1784922215
|move|p1a: Raichu|Zap Cannon|p2a: Chandelure
|-crit|p2a: Chandelure
|-damage|p2a: Chandelure|0 fnt
|faint|p2a: Chandelure
|-curestatus|p1b: Sneasler|slp|[msg]
|move|p1b: Sneasler|Dire Claw|p2b: Hydrapple
|-supereffective|p2b: Hydrapple|1
|-damage|p2b: Hydrapple|0 fnt
|-fail|p2b: Hydrapple|psn
|faint|p2b: Hydrapple
|
|upkeep
|c|ŌśåMetal Legs Solid|oh my god
|c|ŌśåTemporalDonut|oh my god
|c|ŌśåTemporalDonut|HELP
|c|ŌśåMetal Legs Solid|LMFAOOOO
|l| tung cubed
|c|ŌśåTemporalDonut|I LOST MY LAST SET TO MISSING WILL O WISP 6 TIMES I'M HAVING FLASHBACKS
|c|ŌśåMetal Legs Solid|nah im sorry for that
|inactive|TemporalDonut has 30 seconds left.
|
|t:|1784922240
|switch|p2a: Grimmsnarl|Grimmsnarl, L50, M|100/100
|switch|p2b: Milotic|Milotic, L50, F|17/100
|turn|10
|j| tung cubed
|
|t:|1784922259
|move|p1a: Raichu|Zap Cannon|p2b: Milotic
|-supereffective|p2b: Milotic|1
|-crit|p2b: Milotic
|-damage|p2b: Milotic|0 fnt
|faint|p2b: Milotic
|move|p1b: Sneasler|Dire Claw|p2a: Grimmsnarl
|-supereffective|p2a: Grimmsnarl|1
|-damage|p2a: Grimmsnarl|30/100
|move|p2a: Grimmsnarl|Spirit Break|p1a: Raichu
|-damage|p1a: Raichu|47/100
|-unboost|p1a: Raichu|spa|1
|
|upkeep
|turn|11
|-message|TemporalDonut forfeited.
|
|win|Metal Legs Solid
||TemporalDonut is ready for game 2.
||Metal Legs Solid is ready for game 2.
|uhtml|next|Next: Game 2 of 3
|l| tung cubed
|j| reg-minecraft
|j| Sloth diesel
|l| Sloth diesel
|l| sap sipper farig
|l| gentlemangarby
|l|ŌśåTemporalDonut
|player|p2|
