|j|☆Felixavi
|j|☆Alysonz
|html|FelixaviAlysonz    
|uhtml|bestof|Game 2 of a best-of-3
|t:|1784293176
|gametype|doubles
|player|p1|Felixavi|giovanni|1081
|player|p2|Alysonz|steven|1000
|gen|9
|tier|[Gen 9 Champions] VGC 2026 Reg M-B (Bo3)
|rated|
|rule|Species Clause: Limit one of each Pokémon
|rule|Item Clause: Limit 1 of each item
|clearpoke
|poke|p1|Garchomp, L50, F|
|poke|p1|Delphox, L50, F|
|poke|p1|Sinistcha, L50|
|poke|p1|Whimsicott, L50, M|
|poke|p1|Toxapex, L50, F|
|poke|p1|Grimmsnarl, L50, M|
|poke|p2|Tyranitar, L50, M|
|poke|p2|Pelipper, L50, M|
|poke|p2|Aerodactyl, L50, F|
|poke|p2|Scizor, L50, F|
|poke|p2|Swampert, L50, M|
|poke|p2|Eelektross, L50, M|
|teampreview|4
|showteam|p1|Garchomp||LifeOrb|RoughSkin|Earthquake,RockSlide,DragonClaw,Protect|Adamant||F|||50|]Delphox||Delphoxite|Blaze|Protect,HeatWave,Psyshock,NastyPlot|Bold||F|||50|]Sinistcha||SitrusBerry|Hospitality|TrickRoom,MatchaGotcha,RagePowder,Protect|Bold|||||50|]Whimsicott||FocusSash|Prankster|Tailwind,SunnyDay,Moonblast,Protect|Modest||M|||50|]Toxapex||Leftovers|Regenerator|Toxic,Infestation,BanefulBunker,PainSplit|Bold||F|||50|]Grimmsnarl||LightClay|Prankster|PartingShot,LightScreen,Reflect,FakeOut|Careful||M|||50|
|showteam|p2|Tyranitar||Tyranitarite|SandStream|Earthquake,KnockOff,LowKick,Protect|Adamant||M|||50|]Pelipper||DampRock|Drizzle|Protect,Hurricane,IceBeam,Surf|Modest||M|||50|]Aerodactyl||FocusSash|Unnerve|Protect,Tailwind,DualWingbeat,RockSlide|Jolly||F|||50|]Scizor||Leftovers|Technician|BulletPunch,CloseCombat,BugBite,Protect|Adamant||F|||50|]Swampert||Swampertite|Damp|Earthquake,WaveCrash,IcePunch,Protect|Jolly||M|||50|]Eelektross||Eelektrossite|Levitate|Thunder,Flamethrower,GigaDrain,Protect|Modest||M|||50|
|inactive|Battle timer is ON: inactive players will automatically lose when time's up. (requested by Alysonz)
|j| Lidorkork
|inactive|Felixavi has 60 seconds left.
|inactive|Alysonz has 60 seconds left.
|
|t:|1784293225
|teamsize|p1|4
|teamsize|p2|4
|start
|switch|p1a: Whimsicott|Whimsicott, L50, M|100/100
|switch|p1b: Delphox|Delphox, L50, F|100/100
|switch|p2a: Scizor|Scizor, L50, F|100/100
|switch|p2b: Tyranitar|Tyranitar, L50, M|100/100
|-weather|Sandstorm|[from] ability: Sand Stream|[of] p2b: Tyranitar
|turn|1
|inactive|Alysonz has 30 seconds left.
|
|t:|1784293257
|switch|p2a: Pelipper|Pelipper, L50, M|100/100
|-weather|RainDance|[from] ability: Drizzle|[of] p2a: Pelipper
|detailschange|p1b: Delphox|Delphox-Mega, L50, F
|-mega|p1b: Delphox|Delphox|Delphoxite
|move|p1a: Whimsicott|Sunny Day|p1a: Whimsicott
|-weather|SunnyDay
|move|p1b: Delphox|Heat Wave|p2b: Tyranitar|[spread] p2a,p2b
|-resisted|p2a: Pelipper|1
|-resisted|p2b: Tyranitar|1
|-damage|p2a: Pelipper|55/100
|-damage|p2b: Tyranitar|77/100
|-status|p2a: Pelipper|brn
|move|p2b: Tyranitar|Knock Off|p1b: Delphox
|-supereffective|p1b: Delphox|1
|-damage|p1b: Delphox|32/100
|
|-weather|SunnyDay|[upkeep]
|-damage|p2a: Pelipper|49/100 brn|[from] brn
|upkeep
|turn|2
|inactive|Felixavi has 30 seconds left.
|inactive|Felixavi has 20 seconds left.
|inactive|Felixavi has 15 seconds left.
|inactive|Felixavi has 10 seconds left.
|inactive|Felixavi has 5 seconds left.
|
|t:|1784293309
|detailschange|p2b: Tyranitar|Tyranitar-Mega, L50, M
|-mega|p2b: Tyranitar|Tyranitar|Tyranitarite
|-weather|Sandstorm|[from] ability: Sand Stream|[of] p2b: Tyranitar
|move|p1b: Delphox|Protect|p1b: Delphox
|-singleturn|p1b: Delphox|Protect
|move|p1a: Whimsicott|Moonblast|p2b: Tyranitar
|-supereffective|p2b: Tyranitar|1
|-damage|p2b: Tyranitar|38/100
|move|p2a: Pelipper|Ice Beam|p1a: Whimsicott
|-supereffective|p1a: Whimsicott|1
|-damage|p1a: Whimsicott|17/100
|move|p2b: Tyranitar|Knock Off|p1b: Delphox
|-activate|p1b: Delphox|move: Protect
|
|-weather|Sandstorm|[upkeep]
|-damage|p1b: Delphox|26/100|[from] Sandstorm
|-damage|p1a: Whimsicott|11/100|[from] Sandstorm
|-damage|p2a: Pelipper|43/100 brn|[from] Sandstorm
|-damage|p2a: Pelipper|37/100 brn|[from] brn
|upkeep
|turn|3
|
|t:|1784293331
|move|p2b: Tyranitar|Protect|p2b: Tyranitar
|-singleturn|p2b: Tyranitar|Protect
|move|p1b: Delphox|Psyshock|p2a: Pelipper
|-crit|p2a: Pelipper
|-damage|p2a: Pelipper|0 fnt
|faint|p2a: Pelipper
|move|p1a: Whimsicott|Moonblast|p2b: Tyranitar
|-activate|p2b: Tyranitar|move: Protect
|
|-weather|Sandstorm|[upkeep]
|-damage|p1b: Delphox|20/100r|[from] Sandstorm
|-damage|p1a: Whimsicott|5/100|[from] Sandstorm
|upkeep
|
|t:|1784293346
|switch|p2a: Scizor|Scizor, L50, F|100/100
|turn|4
|inactive|Felixavi has 30 seconds left.
|
|t:|1784293374
|switch|p2b: Swampert|Swampert, L50, M|100/100
|move|p1a: Whimsicott|Tailwind|p1a: Whimsicott
|-sidestart|p1: Felixavi|move: Tailwind
|move|p2a: Scizor|Bullet Punch|p1b: Delphox
|-resisted|p1b: Delphox|1
|-damage|p1b: Delphox|5/100
|move|p1b: Delphox|Heat Wave|p2a: Scizor|[spread] p2a,p2b
|-supereffective|p2a: Scizor|2
|-resisted|p2b: Swampert|1
|-damage|p2a: Scizor|0 fnt
|-damage|p2b: Swampert|81/100
|faint|p2a: Scizor
|
|-weather|Sandstorm|[upkeep]
|-damage|p1b: Delphox|0 fnt|[from] Sandstorm
|-damage|p1a: Whimsicott|0 fnt|[from] Sandstorm
|faint|p1b: Delphox
|faint|p1a: Whimsicott
|upkeep
|
|t:|1784293389
|switch|p1b: Garchomp|Garchomp, L50, F|100/100
|switch|p1a: Sinistcha|Sinistcha, L50|100/100
|switch|p2a: Tyranitar|Tyranitar-Mega, L50, M|38/100
|turn|5
|inactive|Felixavi has 30 seconds left.
|inactive|Felixavi has 20 seconds left.
|
|t:|1784293425
|move|p1a: Sinistcha|Protect|p1a: Sinistcha
|-singleturn|p1a: Sinistcha|Protect
|move|p1b: Garchomp|Earthquake|p2a: Tyranitar|[spread] p2a,p2b
|-activate|p1a: Sinistcha|move: Protect
|-supereffective|p2a: Tyranitar|1
|-damage|p2a: Tyranitar|0 fnt
|-damage|p2b: Swampert|19/100
|faint|p2a: Tyranitar
|-damage|p1b: Garchomp|90/100|[from] item: Life Orb
|move|p2b: Swampert|Ice Punch|p1b: Garchomp
|-supereffective|p1b: Garchomp|2
|-damage|p1b: Garchomp|0 fnt
|-damage|p2b: Swampert|6/100|[from] ability: Rough Skin|[of] p1b: Garchomp
|faint|p1b: Garchomp
|
|-weather|Sandstorm|[upkeep]
|-damage|p1a: Sinistcha|93/100|[from] Sandstorm
|upkeep
|turn|6
|inactive|Alysonz has 30 seconds left.
|
|t:|1784293456
|move|p1a: Sinistcha|Matcha Gotcha|p2b: Swampert
|-supereffective|p2b: Swampert|2
|-damage|p2b: Swampert|0 fnt
|-heal|p1a: Sinistcha|97/100|[from] drain|[of] p2b: Swampert
|faint|p2b: Swampert
|
|win|Felixavi
|raw|Felixavi's rating: 1081 → 1102(+21 for winning)
|raw|Alysonz's rating: 1000 → 1000(+0 for losing)
