|j|☆EATSOUL
|j|☆natsukivgc
|html|EATSOULnatsukivgc    
|uhtml|bestof|Game 1 of a best-of-3
|t:|1785415180
|gametype|doubles
|player|p1|EATSOUL|101|1186
|player|p2|natsukivgc|265|1150
|gen|9
|tier|[Gen 9 Champions] VGC 2026 Reg M-B (Bo3)
|rated|
|rule|Species Clause: Limit one of each Pokémon
|rule|Item Clause: Limit 1 of each item
|clearpoke
|poke|p1|Goodra-Hisui, L50, M|
|poke|p1|Pelipper, L50, M|
|poke|p1|Oranguru, L50, F|
|poke|p1|Grimmsnarl, L50, M|
|poke|p1|Golurk, L50|
|poke|p1|Snorlax, L50, M|
|poke|p2|Charizard, L50, M|
|poke|p2|Sneasler, L50, M|
|poke|p2|Kingambit, L50, F|
|poke|p2|Dragonite, L50, F|
|poke|p2|Floette-Eternal, L50, F|
|poke|p2|Whimsicott, L50, M|
|teampreview|4
|showteam|p1|Goodra-Hisui||Leftovers|SapSipper|GyroBall,FirePunch,Curse,Protect|Brave||M|||50|]Pelipper||LifeOrb|Drizzle|WeatherBall,Hurricane,HelpingHand,Protect|Quiet||M|||50|]Oranguru||MentalHerb|InnerFocus|Psychic,WonderRoom,TrickRoom,Instruct|Sassy||F|||50|]Grimmsnarl||BrightPowder|Prankster|SpiritBreak,PartingShot,FakeTears,Swagger|Sassy||M|||50|]Golurk||Golurkite|NoGuard|HammerArm,HeadlongRush,Poltergeist,Protect|Brave|||||50|]Snorlax||SitrusBerry|ThickFat|Curse,Fissure,LastResort|Impish||M|||50|
|showteam|p2|Charizard||CharizarditeY|Blaze|HeatWave,SolarBeam,WeatherBall,Protect|Modest||M|||50|]Sneasler||WhiteHerb|Unburden|CloseCombat,DireClaw,FakeOut,Coaching|Jolly||M|||50|]Kingambit||BlackGlasses|Defiant|KowtowCleave,SuckerPunch,SwordsDance,Protect|Adamant||F|||50|]Dragonite||LifeOrb|InnerFocus|DragonClaw,LowKick,ExtremeSpeed,Protect|Adamant||F|||50|]Floette-Eternal||Floettite|FlowerVeil|Moonblast,DazzlingGleam,LightofRuin,Protect|Modest||F|||50|]Whimsicott||FocusSash|Prankster|Moonblast,Tailwind,Encore,Protect|Timid||M|||50|
|inactive|Battle timer is ON: inactive players will automatically lose when time's up. (requested by EATSOUL)
|
|t:|1785415221
|teamsize|p1|4
|teamsize|p2|4
|start
|switch|p1a: Goodra|Goodra-Hisui, L50, M|100/100
|switch|p1b: Oranguru|Oranguru, L50, F|100/100
|switch|p2a: Sneasler|Sneasler, L50, M|100/100
|switch|p2b: Kingambit|Kingambit, L50, F|100/100
|turn|1
|inactive|natsukivgc has 30 seconds left.
|
|t:|1785415252
|move|p2a: Sneasler|Close Combat|p1a: Goodra
|-supereffective|p1a: Goodra|1
|-crit|p1a: Goodra
|-damage|p1a: Goodra|0 fnt
|-unboost|p2a: Sneasler|def|1
|-unboost|p2a: Sneasler|spd|1
|faint|p1a: Goodra
|-enditem|p2a: Sneasler|White Herb
|-clearnegativeboost|p2a: Sneasler|[silent]
|move|p1b: Oranguru|Psychic|p2a: Sneasler
|-supereffective|p2a: Sneasler|2
|-damage|p2a: Sneasler|0 fnt
|faint|p2a: Sneasler
|move|p2b: Kingambit|Kowtow Cleave|p1b: Oranguru
|-supereffective|p1b: Oranguru|1
|-damage|p1b: Oranguru|17/100
|
|upkeep
|
|t:|1785415270
|switch|p2a: Dragonite|Dragonite, L50, F|100/100
|switch|p1a: Pelipper|Pelipper, L50, M|100/100
|-weather|RainDance|[from] ability: Drizzle|[of] p1a: Pelipper
|turn|2
|
|t:|1785415297
|move|p2a: Dragonite|Extreme Speed|p1b: Oranguru
|-damage|p1b: Oranguru|0 fnt
|faint|p1b: Oranguru
|-damage|p2a: Dragonite|90/100|[from] item: Life Orb
|move|p1a: Pelipper|Weather Ball|p2b: Kingambit
|-damage|p2b: Kingambit|32/100
|-damage|p1a: Pelipper|90/100|[from] item: Life Orb
|move|p2b: Kingambit|Swords Dance|p2b: Kingambit
|-boost|p2b: Kingambit|atk|2
|
|-weather|RainDance|[upkeep]
|upkeep
|
|t:|1785415309
|switch|p1b: Grimmsnarl|Grimmsnarl, L50, M|100/100
|turn|3
|
|t:|1785415327
|switch|p2a: Charizard|Charizard, L50, M|100/100
|move|p1a: Pelipper|Protect|p1a: Pelipper
|-singleturn|p1a: Pelipper|Protect
|move|p2b: Kingambit|Sucker Punch||[still]
|-fail|p2b: Kingambit
|move|p1b: Grimmsnarl|Spirit Break|p2a: Charizard
|-resisted|p2a: Charizard|1
|-damage|p2a: Charizard|84/100
|-unboost|p2a: Charizard|spa|1
|
|-weather|RainDance|[upkeep]
|upkeep
|turn|4
|inactive|natsukivgc has 30 seconds left.
|
|t:|1785415355
|detailschange|p2a: Charizard|Charizard-Mega-Y, L50, M
|-mega|p2a: Charizard|Charizard|Charizardite Y
|-weather|SunnyDay|[from] ability: Drought|[of] p2a: Charizard
|move|p1a: Pelipper|Helping Hand|p1b: Grimmsnarl
|-singleturn|p1b: Grimmsnarl|Helping Hand|[of] p1a: Pelipper
|move|p2a: Charizard|Heat Wave|p1b: Grimmsnarl|[spread] p1a,p1b
|-resisted|p1a: Pelipper|1
|-damage|p1a: Pelipper|61/100
|-damage|p1b: Grimmsnarl|58/100
|move|p1b: Grimmsnarl|Spirit Break|p2b: Kingambit
|-damage|p2b: Kingambit|0 fnt
|faint|p2b: Kingambit
|
|-weather|SunnyDay|[upkeep]
|upkeep
|
|t:|1785415367
|switch|p2b: Dragonite|Dragonite, L50, F|90/100
|turn|5
|inactive|EATSOUL has 30 seconds left.
|inactive|EATSOUL has 20 seconds left.
|
|t:|1785415402
|move|p2b: Dragonite|Extreme Speed|p1a: Pelipper
|-damage|p1a: Pelipper|20/100y
|-damage|p2b: Dragonite|81/100|[from] item: Life Orb
|move|p2a: Charizard|Heat Wave|p1b: Grimmsnarl|[spread] p1a,p1b
|-resisted|p1a: Pelipper|1
|-damage|p1a: Pelipper|0 fnt
|-damage|p1b: Grimmsnarl|13/100
|faint|p1a: Pelipper
|move|p1b: Grimmsnarl|Spirit Break|p2b: Dragonite
|-supereffective|p2b: Dragonite|1
|-damage|p2b: Dragonite|17/100
|-unboost|p2b: Dragonite|spa|1
|
|-weather|SunnyDay|[upkeep]
|upkeep
|turn|6
|-message|EATSOUL forfeited.
|
|win|natsukivgc
