|j|☆sbhaga34
|j|☆Rock slap
|html|sbhaga34Rock slap    
|uhtml|bestof|Game 2 of a best-of-3
|t:|1757647065
|gametype|doubles
|player|p1|sbhaga34|hugh|1328
|player|p2|Rock slap|hiker-gen4|1276
|gen|9
|tier|[Gen 9] VGC 2025 Reg H (Bo3)
|rated|
|rule|Species Clause: Limit one of each Pokémon
|rule|Item Clause: Limit 1 of each item
|clearpoke
|poke|p1|Indeedee-F, L50, F|
|poke|p1|Talonflame, L50, F|
|poke|p1|Tyranitar, L50, M|
|poke|p1|Excadrill, L50, F|
|poke|p1|Gardevoir, L50, F|
|poke|p1|Ursaluna-Bloodmoon, L50, M|
|poke|p2|Kommo-o, L50, M|
|poke|p2|Incineroar, L50, F|
|poke|p2|Rillaboom, L50, F|
|poke|p2|Volcarona, L50, M|
|poke|p2|Electabuzz, L50, M|
|poke|p2|Golduck, L50, M|
|teampreview|4
|showteam|p1|Indeedee-F||SafetyGoggles|PsychicSurge|FollowMe,TrickRoom,HelpingHand,Psychic|||F|||50|,,,,,Fairy]Talonflame||CovertCloak|GaleWings|Tailwind,Taunt,FlareBlitz,BraveBird|||F|||50|,,,,,Grass]Tyranitar||WeaknessPolicy|SandStream|RockSlide,KnockOff,LowKick,Protect|||M|||50|,,,,,Flying]Excadrill||FocusSash|SandRush|Earthquake,IronHead,SwordsDance,Protect|||F|||50|,,,,,Ground]Gardevoir||ChoiceScarf|Telepathy|ExpandingForce,Gravity,Moonblast,IcyWind|||F|||50|,,,,,Psychic]Ursaluna-Bloodmoon||SilkScarf|MindsEye|BloodMoon,HyperVoice,EarthPower,Protect|||M|||50|,,,,,Normal
|showteam|p2|Kommo-o||ThroatSpray|Soundproof|ClangingScales,FlashCannon,ClangorousSoul,Protect|||M|||50|,,,,,Steel]Incineroar||SafetyGoggles|Intimidate|FakeOut,KnockOff,PartingShot,FlareBlitz|||F|||50|,,,,,Ghost]Rillaboom||AssaultVest|GrassySurge|FakeOut,WoodHammer,HighHorsepower,GrassyGlide|||F|||50|,,,,,Water]Volcarona||SitrusBerry|FlameBody|QuiverDance,HeatWave,TeraBlast,Protect|||M|||50|,,,,,Fairy]Electabuzz||Eviolite|VitalSpirit|Protect,Electroweb,Taunt,FollowMe|||M|||50|,,,,,Fairy]Golduck||CovertCloak|CloudNine|IcyWind,SimpleBeam,HelpingHand,Encore|||M|||50|,,,,,Poison
|inactive|Battle timer is ON: inactive players will automatically lose when time's up. (requested by sbhaga34)
|inactive|Rock slap has 60 seconds left.
|
|t:|1757647106
|teamsize|p1|4
|teamsize|p2|4
|start
|switch|p1a: Excadrill|Excadrill, L50, F, shiny|100/100
|switch|p1b: Gardevoir|Gardevoir, L50, F, shiny|100/100
|switch|p2a: Golduck|Golduck, L50, M|100/100
|switch|p2b: Incineroar|Incineroar, L50, F|100/100
|-ability|p2a: Golduck|Cloud Nine
|-ability|p2b: Incineroar|Intimidate|boost
|-unboost|p1a: Excadrill|atk|1
|-unboost|p1b: Gardevoir|atk|1
|turn|1
|inactive|sbhaga34 has 30 seconds left.
|
|t:|1757647143
|switch|p1b: Indeedee|Indeedee-F, L50, F|100/100
|-fieldstart|move: Psychic Terrain|[from] ability: Psychic Surge|[of] p1b: Indeedee
|switch|p1a: Tyranitar|Tyranitar, L50, M|100/100
|-weather|Sandstorm|[from] ability: Sand Stream|[of] p1a: Tyranitar
|switch|p2b: Rillaboom|Rillaboom, L50, F|100/100
|-fieldstart|move: Grassy Terrain|[from] ability: Grassy Surge|[of] p2b: Rillaboom
|move|p2a: Golduck|Icy Wind|p1b: Indeedee|[spread] p1a
|-miss|p2a: Golduck|p1b: Indeedee
|-damage|p1a: Tyranitar|91/100
|-unboost|p1a: Tyranitar|spe|1
|
|-weather|Sandstorm|[upkeep]
|-heal|p1a: Tyranitar|97/100|[from] Grassy Terrain
|upkeep
|turn|2
|inactive|sbhaga34 has 30 seconds left.
|inactive|Rock slap has 30 seconds left.
|inactive|sbhaga34 has 20 seconds left.
|
|t:|1757647179
|switch|p2a: Incineroar|Incineroar, L50, F|100/100
|-ability|p2a: Incineroar|Intimidate|boost
|-unboost|p1a: Tyranitar|atk|1
|-unboost|p1b: Indeedee|atk|1
|switch|p1b: Gardevoir|Gardevoir, L50, F, shiny|100/100
|move|p2b: Rillaboom|Fake Out|p1a: Tyranitar
|-resisted|p1a: Tyranitar
|-damage|p1a: Tyranitar|92/100
|cant|p1a: Tyranitar|flinch
|
|-weather|Sandstorm|[upkeep]
|-damage|p1b: Gardevoir|95/100|[from] Sandstorm
|-damage|p2b: Rillaboom|95/100|[from] Sandstorm
|-heal|p1b: Gardevoir|100/100|[from] Grassy Terrain
|-heal|p2b: Rillaboom|100/100|[from] Grassy Terrain
|-heal|p1a: Tyranitar|98/100|[from] Grassy Terrain
|upkeep
|turn|3
|inactive|Rock slap has 30 seconds left.
|inactive|Rock slap has 20 seconds left.
|inactive|Rock slap has 15 seconds left.
|inactive|Rock slap has 10 seconds left.
|
|t:|1757647228
|switch|p2b: Golduck|Golduck, L50, M|100/100
|-ability|p2b: Golduck|Cloud Nine
|switch|p1a: Indeedee|Indeedee-F, L50, F|100/100
|-fieldstart|move: Psychic Terrain|[from] ability: Psychic Surge|[of] p1a: Indeedee
|-terastallize|p1b: Gardevoir|Psychic
|move|p1b: Gardevoir|Expanding Force|p2a: Incineroar|[spread] p2b
|-immune|p2a: Incineroar
|-damage|p2b: Golduck|20/100
|move|p2a: Incineroar|Knock Off|p1a: Indeedee
|-supereffective|p1a: Indeedee
|-damage|p1a: Indeedee|6/100
|-enditem|p1a: Indeedee|Safety Goggles|[from] move: Knock Off|[of] p2a: Incineroar
|
|-weather|Sandstorm|[upkeep]
|upkeep
|turn|4
|inactive|sbhaga34 has 30 seconds left.
|
|t:|1757647256
|switch|p1b: Excadrill|Excadrill, L50, F, shiny|100/100
|switch|p2b: Rillaboom|Rillaboom, L50, F|100/100
|-fieldstart|move: Grassy Terrain|[from] ability: Grassy Surge|[of] p2b: Rillaboom
|switch|p1a: Tyranitar|Tyranitar, L50, M|98/100
|move|p2a: Incineroar|Knock Off|p1b: Excadrill
|-damage|p1b: Excadrill|45/100
|-enditem|p1b: Excadrill|Focus Sash|[from] move: Knock Off|[of] p2a: Incineroar
|
|-weather|Sandstorm|[upkeep]
|-damage|p2b: Rillaboom|95/100|[from] Sandstorm
|-heal|p1b: Excadrill|51/100|[from] Grassy Terrain
|-heal|p2b: Rillaboom|100/100|[from] Grassy Terrain
|-heal|p1a: Tyranitar|100/100|[from] Grassy Terrain
|upkeep
|turn|5
|inactive|Rock slap has 30 seconds left.
|inactive|sbhaga34 has 30 seconds left.
|inactive|Rock slap has 20 seconds left.
|inactive|Rock slap has 15 seconds left.
|inactive|Rock slap has 10 seconds left.
|
|t:|1757647301
|switch|p2b: Golduck|Golduck, L50, M|20/100
|-ability|p2b: Golduck|Cloud Nine
|switch|p1a: Indeedee|Indeedee-F, L50, F|6/100
|-fieldstart|move: Psychic Terrain|[from] ability: Psychic Surge|[of] p1a: Indeedee
|-terastallize|p2a: Incineroar|Ghost
|move|p1b: Excadrill|Iron Head|p2b: Golduck
|-resisted|p2b: Golduck
|-damage|p2b: Golduck|0 fnt
|faint|p2b: Golduck
|move|p2a: Incineroar|Flare Blitz|p1b: Excadrill
|-supereffective|p1b: Excadrill
|-damage|p1b: Excadrill|0 fnt
|faint|p1b: Excadrill
|-damage|p2a: Incineroar|85/100|[from] Recoil
|
|-weather|none
|upkeep
|
|t:|1757647320
|switch|p1b: Tyranitar|Tyranitar, L50, M|100/100
|switch|p2b: Rillaboom|Rillaboom, L50, F|100/100
|-fieldstart|move: Grassy Terrain|[from] ability: Grassy Surge|[of] p2b: Rillaboom
|-weather|Sandstorm|[from] ability: Sand Stream|[of] p1b: Tyranitar
|turn|6
|
|t:|1757647330
|switch|p1a: Gardevoir|Gardevoir, L50, F, shiny, tera:Psychic|100/100
|move|p2b: Rillaboom|Fake Out|p1b: Tyranitar
|-resisted|p1b: Tyranitar
|-damage|p1b: Tyranitar|95/100
|cant|p1b: Tyranitar|flinch
|move|p2a: Incineroar|Knock Off|p1a: Gardevoir
|-supereffective|p1a: Gardevoir
|-damage|p1a: Gardevoir|0 fnt
|-enditem|p1a: Gardevoir|Choice Scarf|[from] move: Knock Off|[of] p2a: Incineroar
|faint|p1a: Gardevoir
|
|-weather|Sandstorm|[upkeep]
|-damage|p2b: Rillaboom|95/100|[from] Sandstorm
|-heal|p2b: Rillaboom|100/100|[from] Grassy Terrain
|-heal|p1b: Tyranitar|100/100|[from] Grassy Terrain
|-heal|p2a: Incineroar|91/100|[from] Grassy Terrain
|upkeep
|-message|sbhaga34 forfeited.
|
|win|Rock slap
|raw|sbhaga34's rating: 1328 → 1305(-23 for losing)
|raw|Rock slap's rating: 1276 → 1305(+29 for winning)
|l|☆sbhaga34
|player|p1|
