|j|☆Frankieon
|j|☆mamoswinefanboi
|html|Frankieonmamoswinefanboi    
|uhtml|bestof|Game 2 of a best-of-3
|t:|1757910887
|gametype|doubles
|player|p1|Frankieon|acetrainerf-gen4dp|1265
|player|p2|mamoswinefanboi|preschooler|1476
|gen|9
|tier|[Gen 9] VGC 2025 Reg H (Bo3)
|rated|
|rule|Species Clause: Limit one of each Pokémon
|rule|Item Clause: Limit 1 of each item
|clearpoke
|poke|p1|Gholdengo, L50|
|poke|p1|Grimmsnarl, L50, M|
|poke|p1|Archaludon, L50, F|
|poke|p1|Pelipper, L50, F|
|poke|p1|Ursaluna, L50, M|
|poke|p1|Sinistcha, L50|
|poke|p2|Rillaboom, L50, M|
|poke|p2|Incineroar, L50, M|
|poke|p2|Ursaluna-Bloodmoon, L50, M|
|poke|p2|Sneasler, L50, M|
|poke|p2|Dondozo, L50, F|
|poke|p2|Gholdengo, L50|
|teampreview|4
|showteam|p1|Gholdengo||Leftovers|GoodasGold|MakeItRain,ShadowBall,NastyPlot,Protect||||||50|,,,,,Water]Grimmsnarl||LightClay|Prankster|LightScreen,Reflect,ThunderWave,SpiritBreak|||M|||50|,,,,,Ghost]Archaludon||AssaultVest|Stamina|DracoMeteor,ElectroShot,BodyPress,FlashCannon|||F|||50|,,,,,Electric]Pelipper||FocusSash|Drizzle|MuddyWater,Hurricane,Tailwind,Protect|||F|||50|,,,,,Ghost]Ursaluna||FlameOrb|Guts|Facade,HeadlongRush,Earthquake,Protect|||M|||50|,,,,,Ghost]Sinistcha||SitrusBerry|Hospitality|TrickRoom,MatchaGotcha,LifeDew,RagePowder||||||50|,,,,,Dark
|showteam|p2|Rillaboom||MiracleSeed|GrassySurge|WoodHammer,FakeOut,GrassyGlide,HighHorsepower|||M|||50|,,,,,Grass]Incineroar||SafetyGoggles|Intimidate|FakeOut,FlareBlitz,KnockOff,PartingShot|||M|||50|,,,,,Ghost]Ursaluna-Bloodmoon||AssaultVest|MindsEye|BloodMoon,EarthPower,HyperVoice,VacuumWave|||M|||50|,,,,,Electric]Sneasler||GrassySeed|Unburden|CloseCombat,Acrobatics,SwordsDance,Protect|||M|||50|,,,,,Flying]Dondozo||Leftovers|Unaware|Protect,WaveCrash,Fissure,Yawn|||F|||50|,,,,,Bug]Gholdengo||LifeOrb|GoodasGold|MakeItRain,ShadowBall,NastyPlot,Protect||||||50|,,,,,Water
|
|t:|1757910919
|teamsize|p1|4
|teamsize|p2|4
|start
|switch|p1a: Pelipper|Pelipper, L50, F|100/100
|switch|p1b: Ursaluna|Ursaluna, L50, M|100/100
|switch|p2a: Ursaluna|Ursaluna-Bloodmoon, L50, M|100/100
|switch|p2b: Rillaboom|Rillaboom, L50, M|100/100
|-fieldstart|move: Grassy Terrain|[from] ability: Grassy Surge|[of] p2b: Rillaboom
|-weather|RainDance|[from] ability: Drizzle|[of] p1a: Pelipper
|turn|1
|
|t:|1757910938
|move|p1a: Pelipper|Protect|p1a: Pelipper
|-singleturn|p1a: Pelipper|Protect
|move|p1b: Ursaluna|Protect|p1b: Ursaluna
|-singleturn|p1b: Ursaluna|Protect
|move|p2a: Ursaluna|Vacuum Wave|p1a: Pelipper
|-activate|p1a: Pelipper|move: Protect
|move|p2b: Rillaboom|Wood Hammer|p1a: Pelipper
|-activate|p1a: Pelipper|move: Protect
|
|-weather|RainDance|[upkeep]
|-status|p1b: Ursaluna|brn|[from] item: Flame Orb
|upkeep
|turn|2
|
|t:|1757910970
|-terastallize|p1b: Ursaluna|Ghost
|move|p2b: Rillaboom|Wood Hammer|p1b: Ursaluna
|-damage|p1b: Ursaluna|22/100 brn
|-damage|p2b: Rillaboom|74/100|[from] Recoil
|move|p1a: Pelipper|Muddy Water|p2a: Ursaluna|[spread] p2a,p2b
|-supereffective|p2a: Ursaluna
|-resisted|p2b: Rillaboom
|-damage|p2a: Ursaluna|32/100
|-damage|p2b: Rillaboom|49/100
|move|p1b: Ursaluna|Facade|p2a: Ursaluna
|-damage|p2a: Ursaluna|0 fnt
|faint|p2a: Ursaluna
|
|-weather|RainDance|[upkeep]
|-heal|p2b: Rillaboom|55/100|[from] Grassy Terrain
|-heal|p1b: Ursaluna|28/100 brn|[from] Grassy Terrain
|-damage|p1b: Ursaluna|22/100 brn|[from] brn
|upkeep
|
|t:|1757910983
|switch|p2a: Dondozo|Dondozo, L50, F|100/100
|turn|3
|
|t:|1757911027
|switch|p1b: Archaludon|Archaludon, L50, F, shiny|100/100
|move|p2b: Rillaboom|Grassy Glide|p1a: Pelipper
|-damage|p1a: Pelipper|41/100
|move|p1a: Pelipper|Hurricane|p2b: Rillaboom
|-supereffective|p2b: Rillaboom
|-damage|p2b: Rillaboom|0 fnt
|faint|p2b: Rillaboom
|move|p2a: Dondozo|Wave Crash|p1a: Pelipper
|-resisted|p1a: Pelipper
|-damage|p1a: Pelipper|0 fnt
|faint|p1a: Pelipper
|-damage|p2a: Dondozo|93/100|[from] Recoil
|
|-weather|RainDance|[upkeep]
|-heal|p2a: Dondozo|99/100|[from] Grassy Terrain
|-heal|p2a: Dondozo|100/100|[from] item: Leftovers
|upkeep
|
|t:|1757911050
|switch|p2b: Incineroar|Incineroar, L50, M|100/100
|switch|p1a: Ursaluna|Ursaluna, L50, M, tera:Ghost|22/100 brn
|-ability|p2b: Incineroar|Intimidate|boost
|-unboost|p1a: Ursaluna|atk|1
|-unboost|p1b: Archaludon|atk|1
|turn|4
|
|t:|1757911078
|-terastallize|p2a: Dondozo|Bug
|move|p1b: Archaludon|Electro Shot||[still]
|-prepare|p1b: Archaludon|Electro Shot
|-boost|p1b: Archaludon|spa|1
|-anim|p1b: Archaludon|Electro Shot|p2b: Incineroar
|-damage|p2b: Incineroar|34/100
|move|p2b: Incineroar|Knock Off|p1a: Ursaluna
|-supereffective|p1a: Ursaluna
|-damage|p1a: Ursaluna|0 fnt
|-enditem|p1a: Ursaluna|Flame Orb|[from] move: Knock Off|[of] p2b: Incineroar
|faint|p1a: Ursaluna
|move|p2a: Dondozo|Yawn|p1b: Archaludon
|-start|p1b: Archaludon|move: Yawn|[of] p2a: Dondozo
|
|-weather|RainDance|[upkeep]
|-heal|p2b: Incineroar|40/100|[from] Grassy Terrain
|upkeep
|
|t:|1757911092
|switch|p1a: Sinistcha|Sinistcha, L50|100/100
|turn|5
|
|t:|1757911112
|move|p1b: Archaludon|Electro Shot||[still]
|-prepare|p1b: Archaludon|Electro Shot
|-boost|p1b: Archaludon|spa|1
|-anim|p1b: Archaludon|Electro Shot|p2b: Incineroar
|-damage|p2b: Incineroar|0 fnt
|faint|p2b: Incineroar
|move|p1a: Sinistcha|Matcha Gotcha|p2a: Dondozo
|-resisted|p2a: Dondozo
|-damage|p2a: Dondozo|84/100
|move|p2a: Dondozo|Yawn|p1a: Sinistcha
|-start|p1a: Sinistcha|move: Yawn|[of] p2a: Dondozo
|
|-weather|none
|-heal|p2a: Dondozo|90/100|[from] Grassy Terrain
|-heal|p2a: Dondozo|97/100|[from] item: Leftovers
|-end|p1b: Archaludon|move: Yawn|[silent]
|-status|p1b: Archaludon|slp
|-fieldend|move: Grassy Terrain
|upkeep
|turn|6
|
|t:|1757911140
|cant|p1b: Archaludon|slp
|move|p1a: Sinistcha|Matcha Gotcha|p2a: Dondozo
|-resisted|p2a: Dondozo
|-damage|p2a: Dondozo|83/100
|move|p2a: Dondozo|Fissure|p1b: Archaludon
|-damage|p1b: Archaludon|0 fnt
|faint|p1b: Archaludon
|-ohko
|
|-heal|p2a: Dondozo|90/100|[from] item: Leftovers
|-end|p1a: Sinistcha|move: Yawn|[silent]
|-status|p1a: Sinistcha|slp
|upkeep
|turn|7
|
|t:|1757911156
|cant|p1a: Sinistcha|slp
|move|p2a: Dondozo|Fissure|p1a: Sinistcha|[miss]
|-miss|p2a: Dondozo|p1a: Sinistcha
|
|-heal|p2a: Dondozo|96/100|[from] item: Leftovers
|upkeep
|turn|8
|
|t:|1757911163
|-curestatus|p1a: Sinistcha|slp|[msg]
|move|p1a: Sinistcha|Matcha Gotcha|p2a: Dondozo
|-resisted|p2a: Dondozo
|-damage|p2a: Dondozo|83/100
|move|p2a: Dondozo|Fissure|p1a: Sinistcha
|-damage|p1a: Sinistcha|0 fnt
|faint|p1a: Sinistcha
|-ohko
|
|win|mamoswinefanboi
||mamoswinefanboi is ready for game 3.
|inactive|Frankieon has 30 seconds to confirm battle start!
|inactive|Frankieon has 20 seconds to confirm battle start!
|inactive|Frankieon has 10 seconds to confirm battle start!
||Frankieon is ready for game 3.
|uhtml|next|Next: Game 3 of 3
|l|☆mamoswinefanboi
|player|p2|
