|j|☆ILoveMIR
|j|☆CazTheMazMartin
|html|ILoveMIRCazTheMazMartin    
|uhtml|bestof|Game 2 of a best-of-3
|t:|1783637460
|gametype|doubles
|player|p1|ILoveMIR|shauntal|1441
|player|p2|CazTheMazMartin|burgh|1387
|gen|9
|tier|[Gen 9 Champions] VGC 2026 Reg M-B (Bo3)
|rated|
|rule|Species Clause: Limit one of each Pokémon
|rule|Item Clause: Limit 1 of each item
|clearpoke
|poke|p1|Blaziken, L50, M|
|poke|p1|Ninetales-Alola, L50, F|
|poke|p1|Tsareena, L50, F|
|poke|p1|Milotic, L50, F|
|poke|p1|Talonflame, L50, M|
|poke|p1|Glimmora, L50, F|
|poke|p2|Vivillon-Fancy, L50, F|
|poke|p2|Farigiraf, L50, F|
|poke|p2|Kingambit, L50, F|
|poke|p2|Camerupt, L50, M|
|poke|p2|Sylveon, L50, M|
|poke|p2|Blastoise, L50, M|
|teampreview|4
|showteam|p1|Blaziken||Blazikenite|SpeedBoost|FlareBlitz,CloseCombat,RockSlide,Detect|Adamant||M|||50|]Ninetales-Alola||NeverMeltIce|SnowWarning|Blizzard,FreezeDry,Encore,Protect|Timid||F|||50|]Tsareena||WideLens|QueenlyMajesty|PowerWhip,TripleAxel,LowKick,Protect|Adamant||F|||50|]Milotic||ExpertBelt|Competitive|Scald,IceBeam,Recover,Protect|Modest||F|||50|]Talonflame|||GaleWings|Acrobatics,WillOWisp,Tailwind,Protect|Jolly||M|||50|]Glimmora||FocusSash|ToxicDebris|SludgeBomb,PowerGem,EarthPower,SpikyShield|Modest||F|||50|
|showteam|p2|Vivillon-Fancy||FocusSash|CompoundEyes|SleepPowder,Protect,RagePowder,Hurricane|Timid||F|||50|]Farigiraf||SitrusBerry|ArmorTail|Psychic,Thunderbolt,TrickRoom,Protect|Relaxed||F|||50|]Kingambit||BlackGlasses|Defiant|KowtowCleave,SuckerPunch,SwordsDance,Protect|Brave||F|||50|]Camerupt||Cameruptite|SolidRock|HeatWave,EarthPower,AncientPower,Protect|Quiet||M|||50|]Sylveon||LifeOrb|Pixilate|HyperVoice,HyperBeam,QuickAttack,Detect|Quiet||M|||50|]Blastoise||Blastoisinite|Torrent|FakeOut,ShellSmash,WaterSpout,DarkPulse|Modest||M|||50|
|inactive|Battle timer is ON: inactive players will automatically lose when time's up. (requested by ILoveMIR)
|inactive|ILoveMIR has 60 seconds left.
|
|t:|1783637512
|teamsize|p1|4
|teamsize|p2|4
|start
|switch|p1a: Tsareena|Tsareena, L50, F|100/100
|switch|p1b: Milotic|Milotic, L50, F|100/100
|switch|p2a: Vivillon|Vivillon-Fancy, L50, F|100/100
|switch|p2b: Farigiraf|Farigiraf, L50, F|100/100
|turn|1
|
|t:|1783637527
|move|p1a: Tsareena|Protect|p1a: Tsareena
|-singleturn|p1a: Tsareena|Protect
|move|p2a: Vivillon|Sleep Powder|p1b: Milotic
|-status|p1b: Milotic|slp|[from] move: Sleep Powder
|cant|p1b: Milotic|slp
|move|p2b: Farigiraf|Trick Room|p2b: Farigiraf
|-fieldstart|move: Trick Room|[of] p2b: Farigiraf
|
|upkeep
|turn|2
|
|t:|1783637538
|move|p2b: Farigiraf|Thunderbolt|p1b: Milotic
|-supereffective|p1b: Milotic|1
|-damage|p1b: Milotic|65/100 slp
|move|p1a: Tsareena|Triple Axel|p2a: Vivillon
|-supereffective|p2a: Vivillon|1
|-damage|p2a: Vivillon|69/100
|-supereffective|p2a: Vivillon|1
|-damage|p2a: Vivillon|10/100
|-supereffective|p2a: Vivillon|1
|-damage|p2a: Vivillon|0 fnt
|faint|p2a: Vivillon
|-hitcount|p2: Vivillon|3
|-curestatus|p1b: Milotic|slp|[msg]
|move|p1b: Milotic|Scald|p2b: Farigiraf
|-damage|p2b: Farigiraf|70/100
|
|upkeep
|
|t:|1783637545
|switch|p2a: Camerupt|Camerupt, L50, M|100/100
|turn|3
|
|t:|1783637554
|detailschange|p2a: Camerupt|Camerupt-Mega, L50, M
|-mega|p2a: Camerupt|Camerupt|Cameruptite
|move|p1a: Tsareena|Protect|p1a: Tsareena
|-singleturn|p1a: Tsareena|Protect
|move|p1b: Milotic|Protect|p1b: Milotic
|-singleturn|p1b: Milotic|Protect
|move|p2a: Camerupt|Heat Wave|p1b: Milotic|[spread] 
|-activate|p1a: Tsareena|move: Protect
|-activate|p1b: Milotic|move: Protect
|move|p2b: Farigiraf|Thunderbolt|p1b: Milotic
|-activate|p1b: Milotic|move: Protect
|
|upkeep
|turn|4
|
|t:|1783637570
|move|p2a: Camerupt|Heat Wave|p1b: Milotic|[spread] p1a,p1b
|-supereffective|p1a: Tsareena|1
|-resisted|p1b: Milotic|1
|-damage|p1a: Tsareena|0 fnt
|-damage|p1b: Milotic|44/100
|faint|p1a: Tsareena
|move|p2b: Farigiraf|Thunderbolt|p1b: Milotic
|-supereffective|p1b: Milotic|1
|-damage|p1b: Milotic|10/100
|move|p1b: Milotic|Scald|p2a: Camerupt
|-supereffective|p2a: Camerupt|2
|-damage|p2a: Camerupt|0 fnt
|faint|p2a: Camerupt
|
|upkeep
|
|t:|1783637578
|switch|p2a: Sylveon|Sylveon, L50, M|100/100
|switch|p1a: Glimmora|Glimmora, L50, F|100/100
|turn|5
|
|t:|1783637584
|move|p1a: Glimmora|Spiky Shield|p1a: Glimmora
|-singleturn|p1a: Glimmora|move: Protect
|move|p2a: Sylveon|Hyper Voice|p1b: Milotic|[spread] p1b
|-activate|p1a: Glimmora|move: Protect
|-damage|p1b: Milotic|0 fnt
|faint|p1b: Milotic
|-damage|p2a: Sylveon|90/100|[from] item: Life Orb
|move|p2b: Farigiraf|Psychic|p1a: Glimmora
|-activate|p1a: Glimmora|move: Protect
|
|-fieldend|move: Trick Room
|upkeep
|
|t:|1783637586
|switch|p1b: Blaziken|Blaziken, L50, M|100/100
|turn|6
|
|t:|1783637594
|detailschange|p1b: Blaziken|Blaziken-Mega, L50, M
|-mega|p1b: Blaziken|Blaziken|Blazikenite
|move|p2a: Sylveon|Detect|p2a: Sylveon
|-singleturn|p2a: Sylveon|Protect
|move|p1b: Blaziken|Flare Blitz|p2b: Farigiraf
|-damage|p2b: Farigiraf|0 fnt
|faint|p2b: Farigiraf
|-damage|p1b: Blaziken|68/100|[from] Recoil
|move|p1a: Glimmora|Sludge Bomb|p2a: Sylveon
|-activate|p2a: Sylveon|move: Protect
|
|-ability|p1b: Blaziken|Speed Boost|boost
|-boost|p1b: Blaziken|spe|1
|upkeep
|turn|7
|-message|CazTheMazMartin forfeited.
|
|win|ILoveMIR
