|j|☆Hikari.D9
|j|☆Reg H merchant
|html|Hikari.D9Reg H merchant    
|uhtml|bestof|Game 1 of a best-of-3
|t:|1757020761
|gametype|doubles
|player|p1|Hikari.D9|shadowtriad|1294
|player|p2|Reg H merchant|hilbert|1346
|gen|9
|tier|[Gen 9] VGC 2025 Reg H (Bo3)
|rated|
|rule|Species Clause: Limit one of each Pokémon
|rule|Item Clause: Limit 1 of each item
|clearpoke
|poke|p1|Rillaboom, L50, M|
|poke|p1|Ceruledge, L50, F|
|poke|p1|Ninetales-Alola, L50, M|
|poke|p1|Annihilape, L50, M|
|poke|p1|Electabuzz, L50, M|
|poke|p1|Ursaluna-Bloodmoon, L50, M|
|poke|p2|Electabuzz, L50, M|
|poke|p2|Sneasler, L50, F|
|poke|p2|Ursaluna-Bloodmoon, L50, M|
|poke|p2|Indeedee, L50, M|
|poke|p2|Incineroar, L50, F|
|poke|p2|Dragonite, L50, M|
|teampreview|4
|showteam|p1|Rillaboom||AssaultVest|GrassySurge|FakeOut,GrassyGlide,WoodHammer,HighHorsepower|||M|||50|,,,,,Fire]Ceruledge||GrassySeed|FlashFire|BitterBlade,ShadowSneak,SwordsDance,Protect|||F|||50|,,,,,Grass]Ninetales-Alola||FocusSash|SnowWarning|AuroraVeil,Blizzard,Encore,Protect|||M|||50|,,,,,Ghost]Annihilape||SafetyGoggles|Defiant|FinalGambit,CloseCombat,Coaching,RageFist|||M|||50|,,,,,Fire]Electabuzz||Eviolite|VitalSpirit|FollowMe,Taunt,Electroweb,Protect|||M|||50|,,,,,Ghost]Ursaluna-Bloodmoon||LifeOrb|MindsEye|BloodMoon,HyperVoice,EarthPower,Protect|||M|||50|,,,,,Ghost
|showteam|p2|Electabuzz||Eviolite|VitalSpirit|Electroweb,FollowMe,Taunt,Protect|||M|||50|,,,,,Dragon]Sneasler||PsychicSeed|Unburden|DireClaw,ThroatChop,CloseCombat,Protect|||F|||50|,,,,,Dark]Ursaluna-Bloodmoon||LifeOrb|MindsEye|HyperVoice,BloodMoon,EarthPower,Protect|||M|||50|,,,,,Normal]Indeedee||FocusSash|PsychicSurge|ExpandingForce,Protect,TrickRoom,HelpingHand|||M|||50|,,,,,Psychic]Incineroar||SafetyGoggles|Intimidate|FakeOut,KnockOff,FlareBlitz,PartingShot|||F|||50|,,,,,Ghost]Dragonite||LoadedDice|Multiscale|ScaleShot,Haze,Protect,Tailwind|||M|||50|,,,,,Fairy
|
|t:|1757020871
|teamsize|p1|4
|teamsize|p2|4
|start
|switch|p1a: Rillaboom|Rillaboom, L50, M|100/100
|switch|p1b: Annihilape|Annihilape, L50, M|100/100
|switch|p2a: Electabuzz|Electabuzz, L50, M|100/100
|switch|p2b: Ursaluna|Ursaluna-Bloodmoon, L50, M|100/100
|-fieldstart|move: Grassy Terrain|[from] ability: Grassy Surge|[of] p1a: Rillaboom
|turn|1
|
|t:|1757020890
|move|p2b: Ursaluna|Protect|p2b: Ursaluna
|-singleturn|p2b: Ursaluna|Protect
|move|p2a: Electabuzz|Electroweb|p1b: Annihilape|[spread] p1a,p1b
|-resisted|p1a: Rillaboom
|-damage|p1a: Rillaboom|95/100
|-damage|p1b: Annihilape|87/100
|-unboost|p1a: Rillaboom|spe|1
|-unboost|p1b: Annihilape|spe|1
|-ability|p1b: Annihilape|Defiant|boost
|-boost|p1b: Annihilape|atk|2
|move|p1b: Annihilape|Final Gambit|p2a: Electabuzz
|-damage|p2a: Electabuzz|0 fnt
|faint|p1b: Annihilape
|faint|p2a: Electabuzz
|move|p1a: Rillaboom|Wood Hammer|p2b: Ursaluna
|-activate|p2b: Ursaluna|move: Protect
|
|-heal|p1a: Rillaboom|100/100|[from] Grassy Terrain
|upkeep
|
|t:|1757020910
|switch|p2a: Indeedee|Indeedee, L50, M|100/100
|switch|p1b: Ninetales|Ninetales-Alola, L50, M|100/100
|-weather|Snowscape|[from] ability: Snow Warning|[of] p1b: Ninetales
|-fieldstart|move: Psychic Terrain|[from] ability: Psychic Surge|[of] p2a: Indeedee
|turn|2
|
|t:|1757020920
|switch|p1a: Electabuzz|Electabuzz, L50, M|100/100
|-terastallize|p2b: Ursaluna|Normal
|move|p1b: Ninetales|Protect|p1b: Ninetales
|-singleturn|p1b: Ninetales|Protect
|move|p2a: Indeedee|Expanding Force|p1a: Electabuzz|[spread] p1a
|-activate|p1b: Ninetales|move: Protect
|-damage|p1a: Electabuzz|63/100
|move|p2b: Ursaluna|Hyper Voice|p1b: Ninetales|[spread] p1a
|-activate|p1b: Ninetales|move: Protect
|-damage|p1a: Electabuzz|15/100
|-damage|p2b: Ursaluna|91/100|[from] item: Life Orb
|
|-weather|Snowscape|[upkeep]
|upkeep
|turn|3
|
|t:|1757020950
|switch|p1a: Rillaboom|Rillaboom, L50, M|100/100
|-fieldstart|move: Grassy Terrain|[from] ability: Grassy Surge|[of] p1a: Rillaboom
|move|p2a: Indeedee|Protect|p2a: Indeedee
|-singleturn|p2a: Indeedee|Protect
|move|p1b: Ninetales|Blizzard|p2b: Ursaluna|[spread] p2b
|-activate|p2a: Indeedee|move: Protect
|-crit|p2b: Ursaluna
|-damage|p2b: Ursaluna|27/100
|move|p2b: Ursaluna|Hyper Voice|p1a: Rillaboom|[spread] p1a,p1b
|-damage|p1a: Rillaboom|51/100
|-damage|p1b: Ninetales|22/100
|-damage|p2b: Ursaluna|18/100|[from] item: Life Orb
|
|-weather|Snowscape|[upkeep]
|-heal|p1b: Ninetales|28/100|[from] Grassy Terrain
|-heal|p1a: Rillaboom|57/100|[from] Grassy Terrain
|-heal|p2b: Ursaluna|24/100|[from] Grassy Terrain
|upkeep
|turn|4
|
|t:|1757020979
|move|p1a: Rillaboom|Grassy Glide|p2a: Indeedee
|-damage|p2a: Indeedee|22/100
|move|p1b: Ninetales|Blizzard|p2a: Indeedee|[spread] p2a,p2b
|-damage|p2a: Indeedee|0 fnt
|-damage|p2b: Ursaluna|0 fnt
|faint|p2a: Indeedee
|faint|p2b: Ursaluna
|
|-weather|Snowscape|[upkeep]
|-heal|p1b: Ninetales|34/100|[from] Grassy Terrain
|-heal|p1a: Rillaboom|63/100|[from] Grassy Terrain
|upkeep
|
|t:|1757020985
|switch|p2b: Sneasler|Sneasler, L50, F|100/100
|turn|5
|
|t:|1757021005
|move|p1b: Ninetales|Protect|p1b: Ninetales
|-singleturn|p1b: Ninetales|Protect
|move|p1a: Rillaboom|Grassy Glide|p2b: Sneasler
|-resisted|p2b: Sneasler
|-damage|p2b: Sneasler|69/100
|move|p2b: Sneasler|Dire Claw|p1a: Rillaboom
|-supereffective|p1a: Rillaboom
|-damage|p1a: Rillaboom|0 fnt
|faint|p1a: Rillaboom
|
|-weather|Snowscape|[upkeep]
|-heal|p1b: Ninetales|40/100|[from] Grassy Terrain
|-heal|p2b: Sneasler|75/100|[from] Grassy Terrain
|upkeep
|
|t:|1757021013
|switch|p1a: Electabuzz|Electabuzz, L50, M|15/100
|turn|6
|
|t:|1757021036
|move|p1a: Electabuzz|Follow Me|p1a: Electabuzz
|-singleturn|p1a: Electabuzz|move: Follow Me
|move|p1b: Ninetales|Blizzard|p2b: Sneasler
|-damage|p2b: Sneasler|17/100
|move|p2b: Sneasler|Dire Claw|p1a: Electabuzz
|-damage|p1a: Electabuzz|0 fnt
|faint|p1a: Electabuzz
|
|-weather|none
|-heal|p1b: Ninetales|46/100|[from] Grassy Terrain
|-heal|p2b: Sneasler|22/100|[from] Grassy Terrain
|upkeep
|turn|7
|
|t:|1757021046
|move|p1b: Ninetales|Blizzard|p2b: Sneasler
|-damage|p2b: Sneasler|0 fnt
|faint|p2b: Sneasler
|
|win|Hikari.D9
