|j|☆Filippo1226
|j|☆ZeGaboVGC
|html|Filippo1226ZeGaboVGC    
|uhtml|bestof|Game 1 of a best-of-3
|t:|1756299952
|gametype|doubles
|player|p1|Filippo1226|dragontamer|1185
|player|p2|ZeGaboVGC|benga|1193
|gen|9
|tier|[Gen 9] VGC 2025 Reg H (Bo3)
|rated|
|rule|Species Clause: Limit one of each Pokémon
|rule|Item Clause: Limit 1 of each item
|clearpoke
|poke|p1|Talonflame, L50, M|
|poke|p1|Kommo-o, L50, M|
|poke|p1|Mamoswine, L50, F|
|poke|p1|Gholdengo, L50|
|poke|p1|Persian-Alola, L50, F|
|poke|p1|Gallade, L50, M|
|poke|p2|Incineroar, L50, F|
|poke|p2|Amoonguss, L50, F|
|poke|p2|Ursaluna-Bloodmoon, L50, M|
|poke|p2|Sneasler, L50, M|
|poke|p2|Gholdengo, L50|
|poke|p2|Dragonite, L50, M|
|teampreview|4
|showteam|p1|Talonflame||CovertCloak|GaleWings|BraveBird,FlareBlitz,Tailwind,QuickGuard|||M|||50|,,,,,Stellar]Kommo-o||ChoiceSpecs|Bulletproof|ClangingScales,Flamethrower,AuraSphere,DracoMeteor|||M|||50|,,,,,Dragon]Mamoswine||LoadedDice|Oblivious|IcicleSpear,Earthquake,HighHorsepower,Protect|||F|||50|,,,,,Ground]Gholdengo||LifeOrb|GoodasGold|MakeItRain,ShadowBall,NastyPlot,Protect||||||50|,,,,,Water]Persian-Alola||AssaultVest|FurCoat|FoulPlay,FakeOut,IcyWind,Uturn|||F|||50|,,,,,Bug]Gallade||SitrusBerry|Sharpness|SacredSword,Imprison,TrickRoom,PsychoCut|||M|||50|,,,,,Dark
|showteam|p2|Incineroar||SafetyGoggles|Intimidate|FlareBlitz,KnockOff,PartingShot,FakeOut|||F|||50|,,,,,Ghost]Amoonguss||SitrusBerry|Regenerator|Spore,RagePowder,PollenPuff,Protect|||F|||50|,,,,,Dark]Ursaluna-Bloodmoon||AssaultVest|MindsEye|HyperVoice,BloodMoon,EarthPower,VacuumWave|||M|||50|,,,,,Water]Sneasler||FocusSash|Unburden|CloseCombat,DireClaw,ThroatChop,Protect|||M|||50|,,,,,Stellar]Gholdengo||LifeOrb|GoodasGold|MakeItRain,ShadowBall,NastyPlot,Protect||||||50|,,,,,Water]Dragonite||LoadedDice|Multiscale|ScaleShot,Tailwind,Haze,Protect|||M|||50|,,,,,Fairy
|inactive|Battle timer is ON: inactive players will automatically lose when time's up. (requested by ZeGaboVGC)
|inactive|ZeGaboVGC has 60 seconds left.
|inactive|ZeGaboVGC has 30 seconds left.
|inactive|ZeGaboVGC has 20 seconds left.
|
|t:|1756300024
|teamsize|p1|4
|teamsize|p2|4
|start
|switch|p1a: Talonflame|Talonflame, L50, M|100/100
|switch|p1b: Mamoswine|Mamoswine, L50, F|100/100
|switch|p2a: Dragonite|Dragonite, L50, M|100/100
|switch|p2b: Sneasler|Sneasler, L50, M|100/100
|turn|1
|inactive|ZeGaboVGC has 30 seconds left.
|
|t:|1756300050
|-terastallize|p2a: Dragonite|Fairy
|move|p2b: Sneasler|Protect|p2b: Sneasler
|-singleturn|p2b: Sneasler|Protect
|move|p1a: Talonflame|Tailwind|p1a: Talonflame
|-sidestart|p1: Filippo1226|move: Tailwind
|move|p1b: Mamoswine|Icicle Spear|p2b: Sneasler
|-activate|p2b: Sneasler|move: Protect
|move|p2a: Dragonite|Tailwind|p2a: Dragonite
|-sidestart|p2: ZeGaboVGC|move: Tailwind
|
|upkeep
|turn|2
|inactive|Filippo1226 has 30 seconds left.
|
|t:|1756300079
|switch|p2b: Incineroar|Incineroar, L50, F|100/100
|-ability|p2b: Incineroar|Intimidate|boost
|-unboost|p1a: Talonflame|atk|1
|-fail|p1b: Mamoswine|unboost|Attack|[from] ability: Oblivious|[of] p1b: Mamoswine
|-terastallize|p1b: Mamoswine|Ground
|move|p1a: Talonflame|Brave Bird|p2b: Incineroar
|-damage|p2b: Incineroar|75/100
|-damage|p1a: Talonflame|90/100|[from] Recoil
|move|p1b: Mamoswine|Earthquake|p2b: Incineroar|[spread] p2a,p2b
|-immune|p1a: Talonflame
|-supereffective|p2b: Incineroar
|-damage|p2a: Dragonite|70/100
|-damage|p2b: Incineroar|0 fnt
|faint|p2b: Incineroar
|move|p2a: Dragonite|Scale Shot|p1a: Talonflame
|-damage|p1a: Talonflame|68/100
|-damage|p1a: Talonflame|45/100
|-damage|p1a: Talonflame|24/100
|-damage|p1a: Talonflame|0 fnt
|faint|p1a: Talonflame
|-hitcount|p1: Talonflame|4
|-unboost|p2a: Dragonite|def|1
|-boost|p2a: Dragonite|spe|1
|
|upkeep
|
|t:|1756300095
|switch|p1a: Persian|Persian-Alola, L50, F|100/100
|switch|p2b: Sneasler|Sneasler, L50, M|100/100
|turn|3
|
|t:|1756300111
|move|p2b: Sneasler|Protect|p2b: Sneasler
|-singleturn|p2b: Sneasler|Protect
|move|p1a: Persian|Fake Out|p2a: Dragonite
|-damage|p2a: Dragonite|59/100
|cant|p2a: Dragonite|flinch
|move|p1b: Mamoswine|Icicle Spear|p2b: Sneasler
|-activate|p2b: Sneasler|move: Protect
|
|upkeep
|turn|4
|inactive|ZeGaboVGC has 30 seconds left.
|
|t:|1756300138
|move|p2a: Dragonite|Protect|p2a: Dragonite
|-singleturn|p2a: Dragonite|Protect
|move|p2b: Sneasler|Dire Claw|p1b: Mamoswine
|-resisted|p1b: Mamoswine
|-damage|p1b: Mamoswine|76/100
|move|p1a: Persian|Icy Wind|p2b: Sneasler|[spread] p2b
|-activate|p2a: Dragonite|move: Protect
|-damage|p2b: Sneasler|92/100
|-unboost|p2b: Sneasler|spe|1
|move|p1b: Mamoswine|Icicle Spear|p2a: Dragonite
|-activate|p2a: Dragonite|move: Protect
|
|-sideend|p2: ZeGaboVGC|move: Tailwind
|-sideend|p1: Filippo1226|move: Tailwind
|upkeep
|turn|5
|inactive|Filippo1226 has 30 seconds left.
|inactive|Filippo1226 has 20 seconds left.
|
|t:|1756300174
|switch|p1a: Gholdengo|Gholdengo, L50|100/100
|switch|p2b: Gholdengo|Gholdengo, L50|100/100
|move|p1b: Mamoswine|Protect|p1b: Mamoswine
|-singleturn|p1b: Mamoswine|Protect
|move|p2a: Dragonite|Tailwind|p2a: Dragonite
|-sidestart|p2: ZeGaboVGC|move: Tailwind
|
|upkeep
|turn|6
|
|t:|1756300199
|move|p1a: Gholdengo|Protect|p1a: Gholdengo
|-singleturn|p1a: Gholdengo|Protect
|move|p2a: Dragonite|Scale Shot|p1b: Mamoswine
|-damage|p1b: Mamoswine|58/100
|-damage|p1b: Mamoswine|41/100
|-damage|p1b: Mamoswine|25/100
|-damage|p1b: Mamoswine|5/100
|-hitcount|p1b: Mamoswine|4
|-unboost|p2a: Dragonite|def|1
|-boost|p2a: Dragonite|spe|1
|move|p2b: Gholdengo|Shadow Ball|p1b: Mamoswine
|-damage|p1b: Mamoswine|0 fnt
|faint|p1b: Mamoswine
|-damage|p2b: Gholdengo|91/100|[from] item: Life Orb
|
|upkeep
|
|t:|1756300204
|switch|p1b: Persian|Persian-Alola, L50, F|100/100
|turn|7
|-message|Filippo1226 forfeited.
|
|win|ZeGaboVGC
||Filippo1226 is ready for game 2.
