|j|☆dogecoine
|j|☆FunkleVGC
|html|dogecoineFunkleVGC    
|uhtml|bestof|Game 2 of a best-of-3
|t:|1784302045
|gametype|doubles
|player|p1|dogecoine|workerice|1060
|player|p2|FunkleVGC|fisherman-gen4|1040
|gen|9
|tier|[Gen 9 Champions] VGC 2026 Reg M-B (Bo3)
|rated|
|rule|Species Clause: Limit one of each Pokémon
|rule|Item Clause: Limit 1 of each item
|clearpoke
|poke|p1|Ninetales-Alola, L50, M|
|poke|p1|Mawile, L50, F|
|poke|p1|Gengar, L50, M|
|poke|p1|Lycanroc-Dusk, L50, M|
|poke|p1|Empoleon, L50, M, shiny|
|poke|p1|Clefable, L50, M, shiny|
|poke|p2|Froslass, L50, F, shiny|
|poke|p2|Scovillain, L50, M, shiny|
|poke|p2|Lycanroc-Dusk, L50, F, shiny|
|poke|p2|Kingambit, L50, M, shiny|
|poke|p2|Basculegion, L50, M, shiny|
|poke|p2|Sneasler, L50, F, shiny|
|teampreview|4
|showteam|p1|Ninetales-Alola||NeverMeltIce|SnowWarning|AuroraVeil,Blizzard,FreezeDry,Protect|Timid||M|||50|]Mawile||Mawilite|Intimidate|PlayRough,BrickBreak,IronHead,SuckerPunch|Adamant||F|||50|]Gengar||FocusSash|CursedBody|SludgeBomb,ShadowBall,Psychic,Taunt|Timid||M|||50|]Lycanroc-Dusk||LifeOrb|ToughClaws|RockSlide,CloseCombat,Accelerock,PsychicFangs|Adamant||M|||50|]Empoleon||MetalCoat|Competitive|FlashCannon,Surf,VacuumWave,Protect|Modest||M|||50|]Clefable||SitrusBerry|Unaware|DazzlingGleam,FollowMe,HelpingHand,Flamethrower|Bold||M|||50|
|showteam|p2|Froslass||Froslassite|CursedBody|Blizzard,ShadowBall,AuroraVeil,Protect|Modest||F|||50|]Scovillain||Scovillainite|Moody|Flamethrower,GigaDrain,RagePowder,Protect|Bold||M|||50|]Lycanroc-Dusk||FocusSash|ToughClaws|RockSlide,CloseCombat,Accelerock,Protect|Adamant||F|||50|]Kingambit||LifeOrb|Defiant|KowtowCleave,SuckerPunch,SwordsDance,Protect|Adamant||M|||50|]Basculegion||SitrusBerry|Adaptability|WaveCrash,LastRespects,AquaJet,Protect|Adamant||M|||50|]Sneasler||WhiteHerb|Unburden|GunkShot,CloseCombat,FakeOut,Protect|Adamant||F|||50|
|inactive|Battle timer is ON: inactive players will automatically lose when time's up. (requested by FunkleVGC)
|inactive|dogecoine has 60 seconds left.
|
|t:|1784302110
|teamsize|p1|4
|teamsize|p2|4
|start
|switch|p1a: Mawile|Mawile, L50, F|100/100
|switch|p1b: Clefable|Clefable, L50, M, shiny|100/100
|switch|p2a: Sneasler|Sneasler, L50, F, shiny|100/100
|switch|p2b: Kingambit|Kingambit, L50, M, shiny|100/100
|-ability|p1a: Mawile|Intimidate|boost
|-unboost|p2a: Sneasler|atk|1
|-unboost|p2b: Kingambit|atk|1
|-ability|p2b: Kingambit|Defiant|boost
|-boost|p2b: Kingambit|atk|2
|-enditem|p2a: Sneasler|White Herb
|-clearnegativeboost|p2a: Sneasler|[silent]
|turn|1
|inactive|FunkleVGC has 30 seconds left.
|inactive|FunkleVGC has 20 seconds left.
|inactive|FunkleVGC has 15 seconds left.
|inactive|FunkleVGC has 10 seconds left.
|inactive|FunkleVGC has 5 seconds left.
|
|t:|1784302161
|detailschange|p1a: Mawile|Mawile-Mega, L50, F
|-mega|p1a: Mawile|Mawile|Mawilite
|move|p1b: Clefable|Follow Me|p1b: Clefable
|-singleturn|p1b: Clefable|move: Follow Me
|move|p2a: Sneasler|Gunk Shot|p1b: Clefable
|-supereffective|p1b: Clefable|1
|-damage|p1b: Clefable|2/100
|-status|p1b: Clefable|psn
|-enditem|p1b: Clefable|Sitrus Berry|[eat]
|-heal|p1b: Clefable|26/100 psn|[from] item: Sitrus Berry
|move|p1a: Mawile|Brick Break|p2b: Kingambit
|-supereffective|p2b: Kingambit|2
|-damage|p2b: Kingambit|0 fnt
|faint|p2b: Kingambit
|
|-damage|p1b: Clefable|14/100 psn|[from] psn
|upkeep
|
|t:|1784302180
|switch|p2b: Froslass|Froslass, L50, F, shiny|100/100
|turn|2
|
|t:|1784302193
|detailschange|p2b: Froslass|Froslass-Mega, L50, F, shiny
|-mega|p2b: Froslass|Froslass|Froslassite
|-weather|Snowscape|[from] ability: Snow Warning|[of] p2b: Froslass
|move|p2a: Sneasler|Protect|p2a: Sneasler
|-singleturn|p2a: Sneasler|Protect
|move|p1b: Clefable|Follow Me|p1b: Clefable
|-singleturn|p1b: Clefable|move: Follow Me
|move|p2b: Froslass|Aurora Veil|p2b: Froslass
|-sidestart|p2: FunkleVGC|move: Aurora Veil
|move|p1a: Mawile|Iron Head|p2a: Sneasler
|-activate|p2a: Sneasler|move: Protect
|
|-weather|Snowscape|[upkeep]
|-damage|p1b: Clefable|2/100 psn|[from] psn
|upkeep
|turn|3
|inactive|FunkleVGC has 30 seconds left.
|
|t:|1784302219
|switch|p2a: Basculegion|Basculegion, L50, M, shiny|100/100
|move|p1b: Clefable|Follow Me|p1b: Clefable
|-singleturn|p1b: Clefable|move: Follow Me
|move|p2b: Froslass|Shadow Ball|p1b: Clefable
|-damage|p1b: Clefable|0 fnt
|faint|p1b: Clefable
|move|p1a: Mawile|Iron Head|p2b: Froslass
|-supereffective|p2b: Froslass|1
|-damage|p2b: Froslass|2/100
|
|-weather|Snowscape|[upkeep]
|upkeep
|
|t:|1784302238
|switch|p1b: Lycanroc|Lycanroc-Dusk, L50, M|100/100
|turn|4
|
|t:|1784302251
|move|p1a: Mawile|Sucker Punch|p2a: Basculegion
|-supereffective|p2a: Basculegion|1
|-damage|p2a: Basculegion|39/100
|-enditem|p2a: Basculegion|Sitrus Berry|[eat]
|-heal|p2a: Basculegion|64/100|[from] item: Sitrus Berry
|move|p2b: Froslass|Blizzard|p1a: Mawile|[spread] p1a,p1b
|-resisted|p1a: Mawile|1
|-damage|p1a: Mawile|73/100
|-damage|p1b: Lycanroc|23/100
|move|p1b: Lycanroc|Psychic Fangs|p2a: Basculegion
|-sideend|p2: FunkleVGC|move: Aurora Veil
|-damage|p2a: Basculegion|16/100
|-damage|p1b: Lycanroc|13/100|[from] item: Life Orb
|move|p2a: Basculegion|Last Respects|p1a: Mawile
|-damage|p1a: Mawile|10/100
|
|-weather|Snowscape|[upkeep]
|upkeep
|turn|5
|
|t:|1784302272
|switch|p2b: Sneasler|Sneasler, L50, F, shiny|100/100
|move|p1b: Lycanroc|Accelerock|p2a: Basculegion
|-damage|p2a: Basculegion|0 fnt
|faint|p2a: Basculegion
|-damage|p1b: Lycanroc|3/100|[from] item: Life Orb
|move|p1a: Mawile|Sucker Punch||[still]
|-fail|p1a: Mawile
|
|-weather|Snowscape|[upkeep]
|upkeep
|
|t:|1784302282
|switch|p2a: Froslass|Froslass-Mega, L50, F, shiny|2/100
|turn|6
|inactive|dogecoine has 30 seconds left.
|
|t:|1784302307
|move|p2b: Sneasler|Fake Out|p1b: Lycanroc
|-resisted|p1b: Lycanroc|1
|-damage|p1b: Lycanroc|0 fnt
|faint|p1b: Lycanroc
|move|p1a: Mawile|Sucker Punch|p2a: Froslass
|-supereffective|p2a: Froslass|1
|-damage|p2a: Froslass|0 fnt
|faint|p2a: Froslass
|
|-weather|none
|upkeep
|
|t:|1784302314
|switch|p1b: Gengar|Gengar, L50, M|100/100
|turn|7
|-message|FunkleVGC forfeited.
|
|win|dogecoine
|raw|dogecoine's rating: 1060 → 1089(+29 for winning)
|raw|FunkleVGC's rating: 1040 → 1025(-15 for losing)
