|j|☆B1g b3luga
|j|☆new mental
|html|B1g b3luganew mental    
|uhtml|bestof|Game 1 of a best-of-3
|t:|1783681619
|gametype|doubles
|player|p1|B1g b3luga|2|1133
|player|p2|new mental|volkner|1227
|gen|9
|tier|[Gen 9 Champions] VGC 2026 Reg M-B (Bo3)
|rated|
|rule|Species Clause: Limit one of each Pokémon
|rule|Item Clause: Limit 1 of each item
|clearpoke
|poke|p1|Delphox, L50, M, shiny|
|poke|p1|Floette-Eternal, L50, F|
|poke|p1|Garchomp, L50, M|
|poke|p1|Incineroar, L50, M|
|poke|p1|Sinistcha, L50|
|poke|p1|Maushold-Four, L50|
|poke|p2|Charizard, L50, M|
|poke|p2|Kingambit, L50, M|
|poke|p2|Sylveon, L50, F|
|poke|p2|Garchomp, L50, M|
|poke|p2|Aerodactyl, L50, F|
|poke|p2|Farigiraf, L50, F|
|teampreview|4
|showteam|p1|Delphox||Delphoxite|Blaze|HeatWave,Psychic,NastyPlot,Protect|Timid||M|||50|]Floette-Eternal||Floettite|FlowerVeil|DrainingKiss,CalmMind,DazzlingGleam,Protect|Modest||F|||50|]Garchomp||LifeOrb|RoughSkin|Earthquake,RockTomb,DragonClaw,Protect|Adamant||M|||50|]Incineroar||SitrusBerry|Intimidate|FlareBlitz,PartingShot,WillOWisp,FakeOut|Impish||M|||50|]Sinistcha||Leftovers|Hospitality|MatchaGotcha,RagePowder,LifeDew,Protect|Calm|||||50|]Maushold-Four||ChopleBerry|FriendGuard|SuperFang,FollowMe,Taunt,Protect|Bold|||||50|
|showteam|p2|Charizard||CharizarditeY|SolarPower|Protect,HeatWave,SolarBeam,WeatherBall|Modest||M|||50|]Kingambit||FocusSash|Defiant|IronHead,SuckerPunch,KowtowCleave,LowKick|Adamant||M|||50|]Sylveon||FairyFeather|Pixilate|Detect,HyperVoice,HyperBeam,QuickAttack|Modest||F|||50|]Garchomp||LifeOrb|RoughSkin|Protect,DragonClaw,Earthquake,RockSlide|Jolly||M|||50|]Aerodactyl||Aerodactylite|Unnerve|IceFang,RockSlide,Tailwind,DualWingbeat|Jolly||F|||50|]Farigiraf||SitrusBerry|ArmorTail|TrickRoom,Psychic,Thunderbolt,Roar|Bold||F|||50|
|inactive|Battle timer is ON: inactive players will automatically lose when time's up. (requested by B1g b3luga)
|inactive|new mental has 60 seconds left.
|inactive|new mental has 30 seconds left.
|inactive|new mental has 20 seconds left.
|inactive|new mental has 15 seconds left.
|inactive|new mental has 10 seconds left.
|
|t:|1783681705
|teamsize|p1|4
|teamsize|p2|4
|start
|switch|p1a: Floette|Floette-Eternal, L50, F|100/100
|switch|p1b: Maushold|Maushold-Four, L50|100/100
|switch|p2a: Aerodactyl|Aerodactyl, L50, F|100/100
|switch|p2b: Kingambit|Kingambit, L50, M|100/100
|-ability|p2a: Aerodactyl|Unnerve
|turn|1
|
|t:|1783681724
|detailschange|p2a: Aerodactyl|Aerodactyl-Mega, L50, F
|-mega|p2a: Aerodactyl|Aerodactyl|Aerodactylite
|detailschange|p1a: Floette|Floette-Mega, L50, F
|-mega|p1a: Floette|Floette|Floettite
|-ability|p1a: Floette|Fairy Aura
|move|p1b: Maushold|Follow Me|p1b: Maushold
|-singleturn|p1b: Maushold|move: Follow Me
|move|p2a: Aerodactyl|Tailwind|p2a: Aerodactyl
|-sidestart|p2: new mental|move: Tailwind
|move|p2b: Kingambit|Iron Head|p1b: Maushold
|-damage|p1b: Maushold|40/100
|move|p1a: Floette|Dazzling Gleam|p2b: Kingambit|[spread] p2a,p2b
|-damage|p2a: Aerodactyl|44/100
|-damage|p2b: Kingambit|47/100
|
|upkeep
|turn|2
|inactive|new mental has 30 seconds left.
|
|t:|1783681749
|switch|p1b: Incineroar|Incineroar, L50, M|100/100
|-ability|p1b: Incineroar|Intimidate|boost
|-unboost|p2a: Aerodactyl|atk|1
|-unboost|p2b: Kingambit|atk|1
|-ability|p2b: Kingambit|Defiant|boost
|-boost|p2b: Kingambit|atk|2
|move|p1a: Floette|Protect|p1a: Floette
|-singleturn|p1a: Floette|Protect
|move|p2a: Aerodactyl|Dual Wingbeat|p1b: Incineroar
|-damage|p1b: Incineroar|87/100
|-damage|p1b: Incineroar|73/100
|-hitcount|p1b: Incineroar|2
|move|p2b: Kingambit|Iron Head|p1a: Floette
|-activate|p1a: Floette|move: Protect
|
|upkeep
|turn|3
|inactive|B1g b3luga has 30 seconds left.
|inactive|B1g b3luga has 20 seconds left.
|inactive|B1g b3luga has 15 seconds left.
|
|t:|1783681790
|switch|p2a: Farigiraf|Farigiraf, L50, F|100/100
|switch|p1a: Sinistcha|Sinistcha, L50|100/100
|-heal|p1b: Incineroar|98/100|[from] ability: Hospitality|[of] p1a: Sinistcha
|move|p2b: Kingambit|Iron Head|p1a: Sinistcha
|-damage|p1a: Sinistcha|30/100
|move|p1b: Incineroar|Will-O-Wisp|p2b: Kingambit
|-status|p2b: Kingambit|brn
|
|-heal|p1a: Sinistcha|36/100|[from] item: Leftovers
|-damage|p2b: Kingambit|41/100 brn|[from] brn
|upkeep
|turn|4
|inactive|new mental has 30 seconds left.
|
|t:|1783681821
|move|p2b: Kingambit|Kowtow Cleave|p1a: Sinistcha
|-supereffective|p1a: Sinistcha|1
|-damage|p1a: Sinistcha|0 fnt
|faint|p1a: Sinistcha
|move|p2a: Farigiraf|Psychic|p1b: Incineroar
|-immune|p1b: Incineroar
|move|p1b: Incineroar|Parting Shot|p2a: Farigiraf
|-unboost|p2a: Farigiraf|atk|1
|-unboost|p2a: Farigiraf|spa|1
|
|t:|1783681829
|switch|p1b: Floette|Floette-Mega, L50, F|100/100|[from] Parting Shot
|-ability|p1b: Floette|Fairy Aura
|
|-damage|p2b: Kingambit|35/100 brn|[from] brn
|-sideend|p2: new mental|move: Tailwind
|upkeep
|
|t:|1783681831
|switch|p1a: Maushold|Maushold-Four, L50|40/100
|turn|5
|
|t:|1783681846
|move|p1a: Maushold|Taunt|p2a: Farigiraf
|-start|p2a: Farigiraf|move: Taunt
|move|p1b: Floette|Dazzling Gleam|p2a: Farigiraf|[spread] p2a,p2b
|-damage|p2a: Farigiraf|53/100
|-damage|p2b: Kingambit|0 fnt
|faint|p2b: Kingambit
|move|p2a: Farigiraf|Psychic|p1a: Maushold
|-damage|p1a: Maushold|14/100
|
|upkeep
|
|t:|1783681855
|switch|p2b: Aerodactyl|Aerodactyl-Mega, L50, F|44/100
|turn|6
|
|t:|1783681871
|switch|p1a: Incineroar|Incineroar, L50, M|98/100
|-ability|p1a: Incineroar|Intimidate|boost
|-unboost|p2a: Farigiraf|atk|1
|-unboost|p2b: Aerodactyl|atk|1
|move|p2b: Aerodactyl|Tailwind|p2b: Aerodactyl
|-sidestart|p2: new mental|move: Tailwind
|move|p2a: Farigiraf|Psychic|p1a: Incineroar
|-immune|p1a: Incineroar
|move|p1b: Floette|Dazzling Gleam|p2b: Aerodactyl|[spread] p2a,p2b
|-damage|p2a: Farigiraf|10/100
|-damage|p2b: Aerodactyl|0 fnt
|-enditem|p2a: Farigiraf|Sitrus Berry|[eat]
|-heal|p2a: Farigiraf|35/100|[from] item: Sitrus Berry
|faint|p2b: Aerodactyl
|
|upkeep
|-message|new mental forfeited.
|
|win|B1g b3luga
||new mental is ready for game 2.
|l|☆B1g b3luga
|player|p1|
|inactive|B1g b3luga has 30 seconds to confirm battle start!
||B1g b3luga is ready for game 2.
|uhtml|next|Next: Game 2 of 3
