|j|☆TheLambasEffigy
|j|☆blackstormgames
|html|TheLambasEffigyblackstormgames    
|uhtml|bestof|Game 2 of a best-of-3
|t:|1782714038
|gametype|doubles
|player|p1|TheLambasEffigy|101|1156
|player|p2|blackstormgames|lance|1149
|gen|9
|tier|[Gen 9 Champions] VGC 2026 Reg M-B (Bo3)
|rated|
|rule|Species Clause: Limit one of each Pokémon
|rule|Item Clause: Limit 1 of each item
|clearpoke
|poke|p1|Floette-Eternal, L50, F|
|poke|p1|Tinkaton, L50, F|
|poke|p1|Sinistcha, L50|
|poke|p1|Sneasler, L50, F|
|poke|p1|Kingambit, L50, F|
|poke|p1|Garchomp, L50, F|
|poke|p2|Sinistcha, L50|
|poke|p2|Incineroar, L50, F|
|poke|p2|Milotic, L50, M|
|poke|p2|Raichu, L50, M|
|poke|p2|Ceruledge, L50, M|
|poke|p2|Floette-Eternal, L50, F|
|teampreview|4
|showteam|p1|Floette-Eternal||Floettite|FlowerVeil|DazzlingGleam,DrainingKiss,Protect,LightofRuin|Modest||F|||50|]Tinkaton||OccaBerry|MoldBreaker|FakeOut,HelpingHand,Protect,GigatonHammer|Careful||F|||50|]Sinistcha||ColburBerry|Hospitality|MatchaGotcha,Imprison,Protect,TrickRoom|Sassy|||||50|]Sneasler||FocusSash|PoisonTouch|FakeOut,DireClaw,Protect,CloseCombat|Jolly||F|||50|]Kingambit||LifeOrb|Defiant|KowtowCleave,SuckerPunch,Protect,IronHead|Adamant||F|||50|]Garchomp||SitrusBerry|RoughSkin|RockSlide,StompingTantrum,Protect,SwordsDance|Jolly||F|||50|
|showteam|p2|Sinistcha||KasibBerry|Hospitality|MatchaGotcha,LifeDew,RagePowder,Protect|Calm|||||50|]Incineroar||SitrusBerry|Intimidate|FlareBlitz,ThroatChop,FakeOut,PartingShot|Careful||F|||50|]Milotic||Leftovers|Competitive|MuddyWater,Coil,Hypnosis,Protect|Bold||M|||50|]Raichu||RaichuniteY|LightningRod|ZapCannon,FocusBlast,Protect,FakeOut|Timid||M|||50|]Ceruledge||ColburBerry|FlashFire|BitterBlade,ShadowSneak,BulkUp,Protect|Adamant||M|||50|]Floette-Eternal||Floettite|FlowerVeil|DrainingKiss,DazzlingGleam,CalmMind,Protect|Modest||F|||50|
|
|t:|1782714068
|teamsize|p1|4
|teamsize|p2|4
|start
|switch|p1a: Kingambit|Kingambit, L50, F|100/100
|switch|p1b: Sinistcha|Sinistcha, L50|100/100
|switch|p2a: Ceruledge|Ceruledge, L50, M|100/100
|switch|p2b: Incineroar|Incineroar, L50, F|100/100
|-ability|p2b: Incineroar|Intimidate|boost
|-unboost|p1a: Kingambit|atk|1
|-ability|p1a: Kingambit|Defiant|boost
|-boost|p1a: Kingambit|atk|2
|-unboost|p1b: Sinistcha|atk|1
|turn|1
|
|t:|1782714097
|move|p1b: Sinistcha|Protect|p1b: Sinistcha
|-singleturn|p1b: Sinistcha|Protect
|move|p1a: Kingambit|Protect|p1a: Kingambit
|-singleturn|p1a: Kingambit|Protect
|move|p2a: Ceruledge|Bitter Blade|p1b: Sinistcha
|-activate|p1b: Sinistcha|move: Protect
|move|p2b: Incineroar|Flare Blitz|p1b: Sinistcha
|-activate|p1b: Sinistcha|move: Protect
|
|upkeep
|turn|2
|
|t:|1782714114
|switch|p1b: Garchomp|Garchomp, L50, F|100/100
|move|p1a: Kingambit|Sucker Punch|p2a: Ceruledge
|-supereffective|p2a: Ceruledge|1
|-enditem|p2a: Ceruledge|Colbur Berry|[eat]
|-enditem|p2a: Ceruledge|Colbur Berry|[weaken]
|-damage|p2a: Ceruledge|0 fnt
|faint|p2a: Ceruledge
|-damage|p1a: Kingambit|90/100|[from] item: Life Orb
|move|p2b: Incineroar|Flare Blitz|p1a: Kingambit
|-supereffective|p1a: Kingambit|1
|-damage|p1a: Kingambit|9/100
|-damage|p2b: Incineroar|75/100|[from] Recoil
|
|upkeep
|
|t:|1782714126
|switch|p2a: Floette|Floette-Eternal, L50, F|100/100
|turn|3
|
|t:|1782714145
|switch|p1b: Sinistcha|Sinistcha, L50|100/100
|-heal|p1a: Kingambit|33/100|[from] ability: Hospitality|[of] p1b: Sinistcha
|detailschange|p2a: Floette|Floette-Mega, L50, F
|-mega|p2a: Floette|Floette|Floettite
|-ability|p2a: Floette|Fairy Aura
|move|p1a: Kingambit|Protect|p1a: Kingambit
|-singleturn|p1a: Kingambit|Protect
|move|p2a: Floette|Dazzling Gleam|p1a: Kingambit|[spread] p1b
|-activate|p1a: Kingambit|move: Protect
|-damage|p1b: Sinistcha|58/100
|move|p2b: Incineroar|Parting Shot|p1b: Sinistcha
|-unboost|p1b: Sinistcha|atk|1
|-unboost|p1b: Sinistcha|spa|1
|
|t:|1782714167
|switch|p2b: Sinistcha|Sinistcha, L50|100/100|[from] Parting Shot
|
|upkeep
|turn|4
|
|t:|1782714183
|switch|p2b: Incineroar|Incineroar, L50, F|75/100
|-ability|p2b: Incineroar|Intimidate|boost
|-unboost|p1a: Kingambit|atk|1
|-ability|p1a: Kingambit|Defiant|boost
|-boost|p1a: Kingambit|atk|2
|-unboost|p1b: Sinistcha|atk|1
|switch|p1a: Floette|Floette-Eternal, L50, F|100/100
|move|p2a: Floette|Dazzling Gleam|p1b: Sinistcha|[spread] p1a,p1b
|-damage|p1a: Floette|56/100
|-damage|p1b: Sinistcha|15/100
|move|p1b: Sinistcha|Imprison|p1b: Sinistcha
|-start|p1b: Sinistcha|move: Imprison
|
|upkeep
|turn|5
|
|t:|1782714219
|detailschange|p1a: Floette|Floette-Mega, L50, F
|-mega|p1a: Floette|Floette|Floettite
|-ability|p1a: Floette|Fairy Aura
|move|p1a: Floette|Protect|p1a: Floette
|-singleturn|p1a: Floette|Protect
|move|p1b: Sinistcha|Protect|p1b: Sinistcha
|-singleturn|p1b: Sinistcha|Protect
|move|p2a: Floette|Dazzling Gleam|p1a: Floette|[spread] 
|-activate|p1a: Floette|move: Protect
|-activate|p1b: Sinistcha|move: Protect
|move|p2b: Incineroar|Parting Shot|p1a: Floette
|-activate|p1a: Floette|move: Protect
|
|upkeep
|turn|6
|
|t:|1782714245
|move|p1a: Floette|Light of Ruin|p2a: Floette
|-damage|p2a: Floette|20/100r
|-damage|p1a: Floette|8/100|[from] Recoil
|move|p2a: Floette|Dazzling Gleam|p1b: Sinistcha|[spread] p1a,p1b
|-damage|p1a: Floette|0 fnt
|-damage|p1b: Sinistcha|0 fnt
|faint|p1a: Floette
|faint|p1b: Sinistcha
|move|p2b: Incineroar|Parting Shot|p1: Floette|[notarget]
|-fail|p2b: Incineroar
|
|upkeep
|
|t:|1782714251
|switch|p1a: Kingambit|Kingambit, L50, F|33/100
|switch|p1b: Garchomp|Garchomp, L50, F|100/100
|turn|7
|
|t:|1782714266
|switch|p2b: Sinistcha|Sinistcha, L50|100/100
|-heal|p2a: Floette|45/100|[from] ability: Hospitality|[of] p2b: Sinistcha
|move|p1a: Kingambit|Sucker Punch|p2a: Floette
|-resisted|p2a: Floette|1
|-damage|p2a: Floette|13/100
|-damage|p1a: Kingambit|24/100|[from] item: Life Orb
|move|p1b: Garchomp|Rock Slide|p2b: Sinistcha|[spread] p2a,p2b
|-damage|p2a: Floette|0 fnt
|-damage|p2b: Sinistcha|84/100
|faint|p2a: Floette
|
|upkeep
|
|t:|1782714277
|switch|p2a: Incineroar|Incineroar, L50, F|75/100
|-ability|p2a: Incineroar|Intimidate|boost
|-unboost|p1a: Kingambit|atk|1
|-ability|p1a: Kingambit|Defiant|boost
|-boost|p1a: Kingambit|atk|2
|-unboost|p1b: Garchomp|atk|1
|turn|8
|-message|blackstormgames forfeited.
|
|win|TheLambasEffigy
|raw|TheLambasEffigy's rating: 1156 → 1180(+24 for winning)
|raw|blackstormgames's rating: 1149 → 1125(-24 for losing)
|l|☆blackstormgames
|player|p2|
