|j|☆EBnilla
|j|☆jazzareth
|html|EBnillajazzareth    
|uhtml|bestof|Game 1 of a best-of-3
|t:|1783438917
|gametype|doubles
|player|p1|EBnilla|backpacker|1146
|player|p2|jazzareth|2|1182
|gen|9
|tier|[Gen 9 Champions] VGC 2026 Reg M-B (Bo3)
|rated|
|rule|Species Clause: Limit one of each Pokémon
|rule|Item Clause: Limit 1 of each item
|clearpoke
|poke|p1|Floette-Eternal, L50, F|
|poke|p1|Grimmsnarl, L50, M|
|poke|p1|Espathra, L50, F|
|poke|p1|Sinistcha, L50|
|poke|p1|Annihilape, L50, F|
|poke|p1|Raichu, L50, F|
|poke|p2|Aerodactyl, L50, F|
|poke|p2|Garchomp, L50, F|
|poke|p2|Kingambit, L50, F|
|poke|p2|Charizard, L50, M|
|poke|p2|Sylveon, L50, F|
|poke|p2|Farigiraf, L50, M|
|teampreview|4
|showteam|p1|Floette-Eternal||Floettite|FlowerVeil|DazzlingGleam,DrainingKiss,CalmMind,Protect|Modest||F|||50|]Grimmsnarl||LightClay|Prankster|SpiritBreak,Reflect,LightScreen,PartingShot|Relaxed||M|||50|]Espathra||MentalHerb|SpeedBoost|LuminaCrash,BatonPass,CalmMind,Protect|Timid||F|||50|]Sinistcha||SitrusBerry|Hospitality|MatchaGotcha,RagePowder,GrassyTerrain,Protect|Sassy|||||50|]Annihilape||Leftovers|Defiant|RageFist,DrainPunch,BulkUp,Protect|Careful||F|||50|]Raichu||RaichuniteY|LightningRod|ZapCannon,FocusBlast,FakeOut,Protect|Timid||F|||50|
|showteam|p2|Aerodactyl||Aerodactylite|Unnerve|IceFang,RockSlide,Tailwind,DualWingbeat|Jolly||F|||50|]Garchomp||LifeOrb|RoughSkin|DragonClaw,StompingTantrum,Earthquake,Protect|Jolly||F|||50|]Kingambit||FocusSash|Defiant|SuckerPunch,KowtowCleave,IronHead,LowKick|Adamant||F|||50|]Charizard||CharizarditeY|Blaze|Protect,WeatherBall,HeatWave,SolarBeam|Modest||M|||50|]Sylveon||FairyFeather|Pixilate|Protect,HyperVoice,HyperBeam,QuickAttack|Modest||F|||50|]Farigiraf||SitrusBerry|ArmorTail|TrickRoom,Thunderbolt,Protect,TwinBeam|Bold||M|||50|
|inactive|Battle timer is ON: inactive players will automatically lose when time's up. (requested by EBnilla)
|inactive|jazzareth has 60 seconds left.
|
|t:|1783438971
|teamsize|p1|4
|teamsize|p2|4
|start
|switch|p1a: Grimmsnarl|Grimmsnarl, L50, M|100/100
|switch|p1b: Espathra|Espathra, L50, F|100/100
|switch|p2a: Aerodactyl|Aerodactyl, L50, F|100/100
|switch|p2b: Sylveon|Sylveon, L50, F|100/100
|-ability|p2a: Aerodactyl|Unnerve
|turn|1
|inactive|EBnilla has 30 seconds left.
|
|t:|1783439002
|detailschange|p2a: Aerodactyl|Aerodactyl-Mega, L50, F
|-mega|p2a: Aerodactyl|Aerodactyl|Aerodactylite
|move|p1a: Grimmsnarl|Light Screen|p1a: Grimmsnarl
|-sidestart|p1: EBnilla|move: Light Screen
|move|p2a: Aerodactyl|Rock Slide|p1a: Grimmsnarl|[spread] p1a,p1b
|-damage|p1a: Grimmsnarl|72/100
|-damage|p1b: Espathra|58/100
|move|p1b: Espathra|Calm Mind|p1b: Espathra
|-boost|p1b: Espathra|spa|1
|-boost|p1b: Espathra|spd|1
|move|p2b: Sylveon|Hyper Voice|p1a: Grimmsnarl|[spread] p1a,p1b
|-supereffective|p1a: Grimmsnarl|1
|-damage|p1a: Grimmsnarl|4/100
|-damage|p1b: Espathra|25/100
|
|-ability|p1b: Espathra|Speed Boost|boost
|-boost|p1b: Espathra|spe|1
|upkeep
|turn|2
|
|t:|1783439018
|move|p1b: Espathra|Protect|p1b: Espathra
|-singleturn|p1b: Espathra|Protect
|move|p1a: Grimmsnarl|Reflect|p1a: Grimmsnarl
|-sidestart|p1: EBnilla|Reflect
|move|p2a: Aerodactyl|Tailwind|p2a: Aerodactyl
|-sidestart|p2: jazzareth|move: Tailwind
|move|p2b: Sylveon|Hyper Voice|p1b: Espathra|[spread] p1a
|-activate|p1b: Espathra|move: Protect
|-supereffective|p1a: Grimmsnarl|1
|-damage|p1a: Grimmsnarl|0 fnt
|faint|p1a: Grimmsnarl
|
|-ability|p1b: Espathra|Speed Boost|boost
|-boost|p1b: Espathra|spe|1
|upkeep
|
|t:|1783439025
|switch|p1a: Raichu|Raichu, L50, F|100/100
|turn|3
|inactive|jazzareth has 30 seconds left.
|
|t:|1783439051
|move|p1a: Raichu|Fake Out|p2a: Aerodactyl
|-resisted|p2a: Aerodactyl|1
|-damage|p2a: Aerodactyl|96/100
|cant|p2a: Aerodactyl|flinch
|move|p1b: Espathra|Baton Pass|p1b: Espathra
|
|t:|1783439056
|switch|p1b: Floette|Floette-Eternal, L50, F|100/100|[from] Baton Pass
|move|p2b: Sylveon|Hyper Voice|p1b: Floette|[spread] p1a,p1b
|-damage|p1a: Raichu|51/100
|-damage|p1b: Floette|79/100
|
|upkeep
|turn|4
|
|t:|1783439074
|switch|p1a: Espathra|Espathra, L50, F|25/100
|detailschange|p1b: Floette|Floette-Mega, L50, F
|-mega|p1b: Floette|Floette|Floettite
|-ability|p1b: Floette|Fairy Aura
|move|p2a: Aerodactyl|Rock Slide|p1a: Espathra|[spread] p1a,p1b
|-damage|p1a: Espathra|0 fnt
|-damage|p1b: Floette|62/100
|faint|p1a: Espathra
|move|p1b: Floette|Draining Kiss|p2a: Aerodactyl
|-damage|p2a: Aerodactyl|28/100
|-heal|p1b: Floette|100/100|[from] drain|[of] p2a: Aerodactyl
|move|p2b: Sylveon|Hyper Voice|p1b: Floette
|-damage|p1b: Floette|63/100
|
|upkeep
|
|t:|1783439087
|switch|p1a: Raichu|Raichu, L50, F|51/100
|turn|5
|
|t:|1783439101
|move|p1a: Raichu|Fake Out|p2a: Aerodactyl
|-resisted|p2a: Aerodactyl|1
|-damage|p2a: Aerodactyl|24/100
|cant|p2a: Aerodactyl|flinch
|move|p1b: Floette|Dazzling Gleam|p2a: Aerodactyl|[spread] p2a,p2b
|-damage|p2a: Aerodactyl|0 fnt
|-damage|p2b: Sylveon|43/100
|faint|p2a: Aerodactyl
|move|p2b: Sylveon|Hyper Voice|p1b: Floette|[spread] p1a,p1b
|-damage|p1a: Raichu|0 fnt
|-damage|p1b: Floette|40/100
|faint|p1a: Raichu
|
|-sideend|p2: jazzareth|move: Tailwind
|upkeep
|
|t:|1783439114
|switch|p2a: Kingambit|Kingambit, L50, F|100/100
|turn|6
|
|t:|1783439125
|move|p1b: Floette|Draining Kiss|p2a: Kingambit
|-damage|p2a: Kingambit|23/100
|-heal|p1b: Floette|100/100|[from] drain|[of] p2a: Kingambit
|move|p2a: Kingambit|Iron Head|p1b: Floette
|-supereffective|p1b: Floette|1
|-damage|p1b: Floette|30/100
|move|p2b: Sylveon|Hyper Beam|p1b: Floette
|-damage|p1b: Floette|0 fnt
|-mustrecharge|p2b: Sylveon
|faint|p1b: Floette
|
|win|jazzareth
||EBnilla is ready for game 2.
|inactive|jazzareth has 30 seconds to confirm battle start!
