|j|☆KLOEEE
|j|☆pokefaqk
|html|KLOEEEpokefaqk    
|uhtml|bestof|Game 3 of a best-of-3
|t:|1756135093
|gametype|doubles
|player|p1|KLOEEE|caitlin-masters|1201
|player|p2|pokefaqk|169|1267
|gen|9
|tier|[Gen 9] VGC 2025 Reg H (Bo3)
|rated|
|rule|Species Clause: Limit one of each Pokémon
|rule|Item Clause: Limit 1 of each item
|clearpoke
|poke|p1|Archaludon, L50, F|
|poke|p1|Annihilape, L50, M|
|poke|p1|Maushold-Four, L50|
|poke|p1|Kingambit, L50, F|
|poke|p1|Talonflame, L50, F|
|poke|p1|Politoed, L50, F|
|poke|p2|Ursaluna, L50, F|
|poke|p2|Incineroar, L50, F|
|poke|p2|Archaludon, L50, F|
|poke|p2|Yanmega, L50, F|
|poke|p2|Farigiraf, L50, F|
|poke|p2|Annihilape, L50, M|
|teampreview|4
|showteam|p1|Archaludon||AssaultVest|Stamina|ElectroShot,BodyPress,FlashCannon,DracoMeteor|||F|||50|,,,,,Grass]Annihilape||SafetyGoggles|Defiant|DrainPunch,RageFist,BulkUp,Protect|||M|||50|,,,,,Water]Maushold-Four||BrightPowder|FriendGuard|FollowMe,BeatUp,Taunt,Protect||||||50|,,,,,Ghost]Kingambit||BlackGlasses|Defiant|KowtowCleave,SuckerPunch,Protect,SwordsDance|||F|||50|,,,,,Dark]Talonflame||CovertCloak|GaleWings|BraveBird,Tailwind,FlareBlitz,Taunt|||F|||50|,,,,,Ghost]Politoed||FocusSash|Drizzle|WeatherBall,Endeavor,PerishSong,Protect|||F|||50|,,,,,Water
|showteam|p2|Ursaluna||FlameOrb|Guts|Protect,Facade,HeadlongRush,Earthquake|||F|||50|,,,,,Ghost]Incineroar||AssaultVest|Intimidate|FakeOut,Uturn,KnockOff,FlareBlitz|||F|||50|,,,,,Grass]Archaludon||PowerHerb|Stalwart|DragonPulse,ElectroShot,Protect,Thunderbolt|||F|||50|,,,,,Electric]Yanmega||FocusSash|SpeedBoost|AirSlash,BugBuzz,Tailwind,Detect|||F|||50|,,,,,Ghost]Farigiraf||ThroatSpray|ArmorTail|HyperVoice,TrickRoom,Imprison,Psychic|||F|||50|,,,,,Water]Annihilape||SafetyGoggles|Defiant|FinalGambit,CloseCombat,RageFist,BulkUp|||M|||50|,,,,,Water
|inactive|Battle timer is ON: inactive players will automatically lose when time's up. (requested by pokefaqk)
|inactive|KLOEEE has 60 seconds left.
|
|t:|1756135148
|teamsize|p1|4
|teamsize|p2|4
|start
|switch|p1a: Archaludon|Archaludon, L50, F|100/100
|switch|p1b: Maushold|Maushold-Four, L50|100/100
|switch|p2a: Annihilape|Annihilape, L50, M|100/100
|switch|p2b: Archaludon|Archaludon, L50, F|100/100
|turn|1
|
|t:|1756135169
|-terastallize|p2b: Archaludon|Electric
|move|p1b: Maushold|Beat Up|p1a: Archaludon
|-damage|p1a: Archaludon|98/100
|-ability|p1a: Archaludon|Stamina|boost
|-boost|p1a: Archaludon|def|1
|-damage|p1a: Archaludon|97/100
|-ability|p1a: Archaludon|Stamina|boost
|-boost|p1a: Archaludon|def|1
|-damage|p1a: Archaludon|97/100
|-ability|p1a: Archaludon|Stamina|boost
|-boost|p1a: Archaludon|def|1
|-damage|p1a: Archaludon|96/100
|-ability|p1a: Archaludon|Stamina|boost
|-boost|p1a: Archaludon|def|1
|-hitcount|p1a: Archaludon|4
|move|p2a: Annihilape|Bulk Up|p2a: Annihilape
|-boost|p2a: Annihilape|atk|1
|-boost|p2a: Annihilape|def|1
|move|p2b: Archaludon|Electro Shot||[still]
|-prepare|p2b: Archaludon|Electro Shot
|-boost|p2b: Archaludon|spa|1
|-enditem|p2b: Archaludon|Power Herb
|-anim|p2b: Archaludon|Electro Shot|p1b: Maushold
|-damage|p1b: Maushold|0 fnt
|faint|p1b: Maushold
|move|p1a: Archaludon|Body Press|p2b: Archaludon
|-damage|p2b: Archaludon|49/100
|
|upkeep
|
|t:|1756135178
|switch|p1b: Politoed|Politoed, L50, F|100/100
|-weather|RainDance|[from] ability: Drizzle|[of] p1b: Politoed
|turn|2
|
|t:|1756135192
|move|p2a: Annihilape|Final Gambit|p1a: Archaludon
|-damage|p1a: Archaludon|0 fnt
|faint|p2a: Annihilape
|faint|p1a: Archaludon
|move|p1b: Politoed|Weather Ball|p2b: Archaludon
|-damage|p2b: Archaludon|0 fnt
|faint|p2b: Archaludon
|
|-weather|RainDance|[upkeep]
|upkeep
|
|t:|1756135199
|switch|p2a: Yanmega|Yanmega, L50, F|100/100
|switch|p2b: Ursaluna|Ursaluna, L50, F|100/100
|switch|p1a: Kingambit|Kingambit, L50, F, shiny|100/100
|turn|3
|inactive|KLOEEE has 30 seconds left.
|
|t:|1756135231
|move|p2a: Yanmega|Detect|p2a: Yanmega
|-singleturn|p2a: Yanmega|Protect
|move|p2b: Ursaluna|Protect|p2b: Ursaluna
|-singleturn|p2b: Ursaluna|Protect
|move|p1a: Kingambit|Protect|p1a: Kingambit
|-singleturn|p1a: Kingambit|Protect
|move|p1b: Politoed|Perish Song|p1b: Politoed
|-start|p1a: Kingambit|perish3|[silent]
|-start|p1b: Politoed|perish3|[silent]
|-start|p2a: Yanmega|perish3|[silent]
|-start|p2b: Ursaluna|perish3|[silent]
|-fieldactivate|move: Perish Song
|
|-weather|RainDance|[upkeep]
|-start|p2a: Yanmega|perish3
|-start|p1b: Politoed|perish3
|-start|p2b: Ursaluna|perish3
|-start|p1a: Kingambit|perish3
|-ability|p2a: Yanmega|Speed Boost|boost
|-boost|p2a: Yanmega|spe|1
|-status|p2b: Ursaluna|brn|[from] item: Flame Orb
|upkeep
|turn|4
|inactive|KLOEEE has 30 seconds left.
|
|t:|1756135256
|-terastallize|p1a: Kingambit|Dark
|move|p1a: Kingambit|Sucker Punch|p2b: Ursaluna
|-damage|p2b: Ursaluna|51/100 brn
|move|p2a: Yanmega|Bug Buzz|p1b: Politoed
|-damage|p1b: Politoed|57/100
|-unboost|p1b: Politoed|spd|1
|move|p1b: Politoed|Weather Ball|p2b: Ursaluna
|-supereffective|p2b: Ursaluna
|-damage|p2b: Ursaluna|0 fnt
|faint|p2b: Ursaluna
|
|-weather|RainDance|[upkeep]
|-start|p2a: Yanmega|perish2
|-start|p1b: Politoed|perish2
|-start|p1a: Kingambit|perish2
|-ability|p2a: Yanmega|Speed Boost|boost
|-boost|p2a: Yanmega|spe|1
|upkeep
|turn|5
|-message|pokefaqk forfeited.
|
|win|KLOEEE
|raw|KLOEEE's rating: 1201 → 1231(+30 for winning)
|raw|pokefaqk's rating: 1267 → 1237(-30 for losing)
|l|☆pokefaqk
|player|p2|
