|j|☆JoanGarcia12
|j|☆poison mouse
|html|JoanGarcia12poison mouse    
|uhtml|bestof|Game 2 of a best-of-3
|t:|1785152239
|gametype|doubles
|player|p1|JoanGarcia12|#smogonxnpa2025draftee|
|player|p2|poison mouse|tate|
|gen|9
|tier|[Gen 9 Champions] VGC 2026 Reg M-B (Bo3)
|rule|Species Clause: Limit one of each Pokémon
|rule|Item Clause: Limit 1 of each item
|clearpoke
|poke|p1|Floette-Eternal, L50, F|
|poke|p1|Sneasler, L50, M|
|poke|p1|Incineroar, L50, M|
|poke|p1|Kingambit, L50, M|
|poke|p1|Dragonite, L50, M|
|poke|p1|Palafin, L50, F|
|poke|p2|Tyranitar, L50, M|
|poke|p2|Excadrill, L50, F|
|poke|p2|Milotic, L50, M|
|poke|p2|Sinistcha, L50|
|poke|p2|Staraptor, L50, F|
|poke|p2|Gholdengo, L50|
|teampreview|4
|showteam|p1|Floette-Eternal||Floettite|FlowerVeil|CalmMind,DrainingKiss,DazzlingGleam,Protect|Bold||F|||50|]Sneasler||FocusSash|PoisonTouch|FakeOut,CloseCombat,DireClaw,Protect|Jolly||M|||50|]Incineroar||SitrusBerry|Intimidate|FakeOut,FlareBlitz,FireSpin,PartingShot|Careful||M|||50|]Kingambit||ChopleBerry|Defiant|KowtowCleave,SuckerPunch,SwordsDance,Protect|Adamant||M|||50|]Dragonite||LumBerry|Multiscale|FirePunch,Protect,ExtremeSpeed,DragonClaw|Adamant||M|||50|]Palafin||Leftovers|ZerotoHero|Protect,BulkUp,JetPunch,WaveCrash|Adamant||F|||50|
|showteam|p2|Tyranitar||Tyranitarite|SandStream|KnockOff,RockSlide,LowKick,Protect|Jolly||M|||50|]Excadrill||FocusSash|SandRush|HighHorsepower,IronHead,RockSlide,Protect|Adamant||F|||50|]Milotic||SitrusBerry|Competitive|Scald,IcyWind,IceBeam,Protect|Calm||M|||50|]Sinistcha||ColburBerry|Hospitality|MatchaGotcha,ShadowBall,Protect,RagePowder|Bold|||||50|]Staraptor||Staraptite|Intimidate|CloseCombat,BraveBird,Tailwind,Protect|Jolly||F|||50|]Gholdengo||LifeOrb|GoodasGold|MakeItRain,ShadowBall,NastyPlot,Protect|Modest|||||50|
|j| Sosad.97
|
|t:|1785152293
|teamsize|p1|4
|teamsize|p2|4
|start
|switch|p1a: Palafin|Palafin, L50, F|100/100
|switch|p1b: Kingambit|Kingambit, L50, M|100/100
|switch|p2a: Gholdengo|Gholdengo, L50|100/100
|switch|p2b: Staraptor|Staraptor, L50, F|100/100
|-ability|p2b: Staraptor|Intimidate|boost
|-unboost|p1a: Palafin|atk|1
|-unboost|p1b: Kingambit|atk|1
|-ability|p1b: Kingambit|Defiant|boost
|-boost|p1b: Kingambit|atk|2
|turn|1
|
|t:|1785152342
|detailschange|p1a: Palafin|Palafin-Hero, L50, F
|switch|p1a: Incineroar|Incineroar, L50, M|100/100
|-ability|p1a: Incineroar|Intimidate|boost
|-unboost|p2a: Gholdengo|atk|1
|-unboost|p2b: Staraptor|atk|1
|switch|p2a: Excadrill|Excadrill, L50, F|100/100
|detailschange|p2b: Staraptor|Staraptor-Mega, L50, F
|-mega|p2b: Staraptor|Staraptor|Staraptite
|move|p2b: Staraptor|Close Combat|p1a: Incineroar
|-supereffective|p1a: Incineroar|1
|-damage|p1a: Incineroar|40/100
|-boost|p2b: Staraptor|def|1
|-boost|p2b: Staraptor|spd|1
|-enditem|p1a: Incineroar|Sitrus Berry|[eat]
|-heal|p1a: Incineroar|65/100|[from] item: Sitrus Berry
|move|p1b: Kingambit|Kowtow Cleave|p2a: Excadrill
|-enditem|p2a: Excadrill|Focus Sash
|-damage|p2a: Excadrill|1/100
|
|upkeep
|turn|2
|
|t:|1785152357
|switch|p2a: Sinistcha|Sinistcha, L50|100/100
|move|p1a: Incineroar|Fake Out|p2b: Staraptor
|-damage|p2b: Staraptor|93/100
|cant|p2b: Staraptor|flinch
|move|p1b: Kingambit|Swords Dance|p1b: Kingambit
|-boost|p1b: Kingambit|atk|2
|
|upkeep
|turn|3
|
|t:|1785152371
|move|p2a: Sinistcha|Protect|p2a: Sinistcha
|-singleturn|p2a: Sinistcha|Protect
|move|p2b: Staraptor|Close Combat|p1b: Kingambit
|-supereffective|p1b: Kingambit|2
|-enditem|p1b: Kingambit|Chople Berry|[eat]
|-enditem|p1b: Kingambit|Chople Berry|[weaken]
|-damage|p1b: Kingambit|42/100
|-boost|p2b: Staraptor|def|1
|-boost|p2b: Staraptor|spd|1
|move|p1a: Incineroar|Fire Spin|p2b: Staraptor
|-damage|p2b: Staraptor|88/100
|-activate|p2b: Staraptor|move: Fire Spin|[of] p1a: Incineroar
|move|p1b: Kingambit|Kowtow Cleave|p2b: Staraptor
|-resisted|p2b: Staraptor|1
|-crit|p2b: Staraptor
|-damage|p2b: Staraptor|7/100
|
|-damage|p2b: Staraptor|0 fnt|[from] move: Fire Spin|[partiallytrapped]
|faint|p2b: Staraptor
|upkeep
|
|t:|1785152389
|switch|p2b: Excadrill|Excadrill, L50, F|1/100
|turn|4
|
|t:|1785152408
|move|p2a: Sinistcha|Rage Powder|p2a: Sinistcha
|-singleturn|p2a: Sinistcha|move: Rage Powder
|move|p2b: Excadrill|High Horsepower|p1b: Kingambit
|-supereffective|p1b: Kingambit|1
|-damage|p1b: Kingambit|0 fnt
|faint|p1b: Kingambit
|move|p1a: Incineroar|Flare Blitz|p2a: Sinistcha
|-supereffective|p2a: Sinistcha|1
|-damage|p2a: Sinistcha|24/100
|-damage|p1a: Incineroar|43/100|[from] Recoil
|
|upkeep
|
|t:|1785152413
|switch|p1b: Palafin|Palafin-Hero, L50, F|100/100
|-activate|p1b: Palafin|ability: Zero to Hero
|turn|5
|
|t:|1785152424
|switch|p1a: Floette|Floette-Eternal, L50, F|100/100
|move|p2a: Sinistcha|Rage Powder|p2a: Sinistcha
|-singleturn|p2a: Sinistcha|move: Rage Powder
|move|p2b: Excadrill|High Horsepower|p1a: Floette
|-damage|p1a: Floette|51/100
|move|p1b: Palafin|Wave Crash|p2a: Sinistcha
|-resisted|p2a: Sinistcha|1
|-damage|p2a: Sinistcha|0 fnt
|faint|p2a: Sinistcha
|-damage|p1b: Palafin|93/100|[from] Recoil
|
|-heal|p1b: Palafin|99/100|[from] item: Leftovers
|upkeep
|
|t:|1785152427
|switch|p2a: Gholdengo|Gholdengo, L50|100/100
|turn|6
|
|t:|1785152442
|detailschange|p1a: Floette|Floette-Mega, L50, F
|-mega|p1a: Floette|Floette|Floettite
|-ability|p1a: Floette|Fairy Aura
|move|p1b: Palafin|Jet Punch|p2a: Gholdengo
|-damage|p2a: Gholdengo|61/100
|move|p2b: Excadrill|Iron Head|p1a: Floette
|-supereffective|p1a: Floette|1
|-damage|p1a: Floette|0 fnt
|faint|p1a: Floette
|move|p2a: Gholdengo|Nasty Plot|p2a: Gholdengo
|-boost|p2a: Gholdengo|spa|2
|
|-heal|p1b: Palafin|100/100|[from] item: Leftovers
|upkeep
|
|t:|1785152447
|switch|p1a: Incineroar|Incineroar, L50, M|43/100
|-ability|p1a: Incineroar|Intimidate|boost
|-unboost|p2a: Gholdengo|atk|1
|-unboost|p2b: Excadrill|atk|1
|turn|7
|l| Sosad.97
|
|t:|1785152457
|move|p1b: Palafin|Jet Punch|p2b: Excadrill
|-supereffective|p2b: Excadrill|1
|-damage|p2b: Excadrill|0 fnt
|faint|p2b: Excadrill
|move|p2a: Gholdengo|Shadow Ball|p1b: Palafin
|-damage|p1b: Palafin|3/100
|-damage|p2a: Gholdengo|52/100|[from] item: Life Orb
|move|p1a: Incineroar|Flare Blitz|p2a: Gholdengo
|-supereffective|p2a: Gholdengo|1
|-damage|p2a: Gholdengo|0 fnt
|faint|p2a: Gholdengo
|-damage|p1a: Incineroar|27/100|[from] Recoil
|
|win|JoanGarcia12
|l|☆JoanGarcia12
|player|p1|
|j| Sosad.97
|j|☆JoanGarcia12
|player|p1|JoanGarcia12|#smogonxnpa2025draftee|
