|j|☆exessvgc
|j|‽Catfud
|html|exessvgcCatfud    
|uhtml|bestof|Game 2 of a best-of-3
|t:|1782340423
|gametype|doubles
|player|p1|exessvgc|lucas|1121
|player|p2|Catfud|lyra|1081
|gen|9
|tier|[Gen 9 Champions] VGC 2026 Reg M-B (Bo3)
|rated|
|rule|Species Clause: Limit one of each Pokémon
|rule|Item Clause: Limit 1 of each item
|clearpoke
|poke|p1|Charizard, L50, M|
|poke|p1|Sneasler, L50, F|
|poke|p1|Farigiraf, L50, F|
|poke|p1|Aerodactyl, L50, F|
|poke|p1|Kingambit, L50, F|
|poke|p1|Sylveon, L50, M|
|poke|p2|Kangaskhan, L50, F|
|poke|p2|Ceruledge, L50, F|
|poke|p2|Dragonite, L50, F|
|poke|p2|Hatterene, L50, F|
|poke|p2|Decidueye-Hisui, L50, F|
|poke|p2|Ninetales-Alola, L50, F|
|teampreview|4
|showteam|p1|Charizard||CharizarditeX|Blaze|DragonDance,DragonClaw,FlareBlitz,Protect|Jolly||M|||50|]Sneasler||WhiteHerb|Unburden|FakeOut,Protect,CloseCombat,DireClaw|Jolly||F|||50|]Farigiraf||SitrusBerry|ArmorTail|TrickRoom,Thunderbolt,HelpingHand,TwinBeam|Calm||F|||50|]Aerodactyl||FocusSash|Unnerve|RockSlide,Tailwind,DualWingbeat,Protect|Jolly||F|||50|]Kingambit||LifeOrb|Defiant|KowtowCleave,SuckerPunch,IronHead,Protect|Brave||F|||50|]Sylveon||FairyFeather|Pixilate|HyperVoice,HyperBeam,Protect,QuickAttack|Quiet||M|||50|
|showteam|p2|Kangaskhan||Kangaskhanite|Scrappy|FakeOut,DoubleEdge,HammerArm,Protect|Brave||F|||50|]Ceruledge||FocusSash|FlashFire|BitterBlade,Protect,ShadowSneak,SwordsDance|Adamant||F|||50|]Dragonite||Dragoninite|Multiscale|DragonPulse,AirSlash,Tailwind,Protect|Modest||F|||50|]Hatterene||Leftovers|MagicBounce|DazzlingGleam,Protect,Psychic,TrickRoom|Quiet||F|||50|]Decidueye-Hisui||BlackBelt|Scrappy|KnockOff,LeafBlade,TripleArrows,Protect|Brave||F|||50|]Ninetales-Alola||BabiriBerry|SnowWarning|AuroraVeil,FreezeDry,Moonblast,Protect|Timid||F|||50|
|
|t:|1782340438
|teamsize|p1|4
|teamsize|p2|4
|start
|switch|p1a: DINOSAUVO|Aerodactyl, L50, F|100/100
|switch|p1b: Sylveon|Sylveon, L50, M|100/100
|switch|p2a: Decidueye|Decidueye-Hisui, L50, F|100/100
|switch|p2b: Ceruledge|Ceruledge, L50, F|100/100
|-ability|p1a: DINOSAUVO|Unnerve
|turn|1
|
|t:|1782340461
|move|p1a: DINOSAUVO|Tailwind|p1a: DINOSAUVO
|-sidestart|p1: exessvgc|move: Tailwind
|move|p1b: Sylveon|Hyper Voice|p2b: Ceruledge|[spread] p2a,p2b
|-supereffective|p2a: Decidueye|1
|-resisted|p2b: Ceruledge|1
|-damage|p2a: Decidueye|10/100
|-damage|p2b: Ceruledge|68/100
|move|p2b: Ceruledge|Swords Dance|p2b: Ceruledge
|-boost|p2b: Ceruledge|atk|2
|move|p2a: Decidueye|Leaf Blade|p1a: DINOSAUVO
|-damage|p1a: DINOSAUVO|30/100
|
|upkeep
|turn|2
|
|t:|1782340477
|switch|p1b: LA GIRAFFA|Farigiraf, L50, F|100/100
|move|p2a: Decidueye|Protect|p2a: Decidueye
|-singleturn|p2a: Decidueye|Protect
|move|p2b: Ceruledge|Shadow Sneak||[still]
|cant|p1b: LA GIRAFFA|ability: Armor Tail|Shadow Sneak|[of] p2b: Ceruledge
|move|p1a: DINOSAUVO|Rock Slide|p2b: Ceruledge|[spread] 
|-activate|p2a: Decidueye|move: Protect
|-miss|p1a: DINOSAUVO|p2b: Ceruledge
|
|upkeep
|turn|3
|
|t:|1782340509
|move|p1b: LA GIRAFFA|Helping Hand|p1a: DINOSAUVO
|-singleturn|p1a: DINOSAUVO|Helping Hand|[of] p1b: LA GIRAFFA
|move|p1a: DINOSAUVO|Rock Slide|p2b: Ceruledge|[spread] p2a
|-miss|p1a: DINOSAUVO|p2b: Ceruledge
|-resisted|p2a: Decidueye|1
|-damage|p2a: Decidueye|0 fnt
|faint|p2a: Decidueye
|move|p2b: Ceruledge|Bitter Blade|p1b: LA GIRAFFA
|-damage|p1b: LA GIRAFFA|17/100
|-heal|p2b: Ceruledge|100/100|[from] drain|[of] p1b: LA GIRAFFA
|-enditem|p1b: LA GIRAFFA|Sitrus Berry|[eat]
|-heal|p1b: LA GIRAFFA|41/100|[from] item: Sitrus Berry
|
|upkeep
|
|t:|1782340524
|switch|p2a: Kangaskhan|Kangaskhan, L50, F|100/100
|turn|4
|
|t:|1782340537
|detailschange|p2a: Kangaskhan|Kangaskhan-Mega, L50, F
|-mega|p2a: Kangaskhan|Kangaskhan|Kangaskhanite
|move|p1b: LA GIRAFFA|Helping Hand|p1a: DINOSAUVO
|-singleturn|p1a: DINOSAUVO|Helping Hand|[of] p1b: LA GIRAFFA
|move|p1a: DINOSAUVO|Rock Slide|p2a: Kangaskhan|[spread] p2a,p2b
|-supereffective|p2b: Ceruledge|1
|-damage|p2a: Kangaskhan|69/100
|-enditem|p2b: Ceruledge|Focus Sash
|-damage|p2b: Ceruledge|1/100
|move|p2b: Ceruledge|Bitter Blade|p1b: LA GIRAFFA
|-damage|p1b: LA GIRAFFA|0 fnt
|-heal|p2b: Ceruledge|30/100|[from] drain|[of] p1b: LA GIRAFFA
|faint|p1b: LA GIRAFFA
|cant|p2a: Kangaskhan|flinch
|
|-sideend|p1: exessvgc|move: Tailwind
|upkeep
|
|t:|1782340556
|switch|p1b: Kingambit|Kingambit, L50, F|100/100
|turn|5
|
|t:|1782340588
|move|p1a: DINOSAUVO|Protect|p1a: DINOSAUVO
|-singleturn|p1a: DINOSAUVO|Protect
|move|p2b: Ceruledge|Shadow Sneak|p1a: DINOSAUVO
|-activate|p1a: DINOSAUVO|move: Protect
|move|p1b: Kingambit|Sucker Punch|p2a: Kangaskhan
|-damage|p2a: Kangaskhan|25/100
|-damage|p1b: Kingambit|90/100|[from] item: Life Orb
|move|p2a: Kangaskhan|Hammer Arm|p1b: Kingambit|[miss]
|-miss|p2a: Kangaskhan|p1b: Kingambit
|
|upkeep
|turn|6
|
|t:|1782340616
|switch|p1a: Sylveon|Sylveon, L50, M|100/100
|move|p2a: Kangaskhan|Protect|p2a: Kangaskhan
|-singleturn|p2a: Kangaskhan|Protect
|move|p2b: Ceruledge|Shadow Sneak|p1a: Sylveon
|-damage|p1a: Sylveon|49/100
|move|p1b: Kingambit|Sucker Punch||[still]
|-fail|p1b: Kingambit
|
|upkeep
|turn|7
|
|t:|1782340644
|move|p1a: Sylveon|Quick Attack|p2a: Kangaskhan
|-damage|p2a: Kangaskhan|14/100
|move|p1b: Kingambit|Sucker Punch|p2b: Ceruledge
|-supereffective|p2b: Ceruledge|1
|-damage|p2b: Ceruledge|0 fnt
|faint|p2b: Ceruledge
|-damage|p1b: Kingambit|80/100|[from] item: Life Orb
|move|p2a: Kangaskhan|Double-Edge|p1a: Sylveon
|-damage|p1a: Sylveon|0 fnt
|faint|p1a: Sylveon
|-damage|p2a: Kangaskhan|0 fnt|[from] Recoil
|faint|p2a: Kangaskhan
|
|upkeep
|
|t:|1782340662
|switch|p2b: Hatterene|Hatterene, L50, F|100/100
|switch|p1a: DINOSAUVO|Aerodactyl, L50, F|30/100
|-ability|p1a: DINOSAUVO|Unnerve
|turn|8
|
|t:|1782340672
|move|p1a: DINOSAUVO|Rock Slide|p2b: Hatterene
|-crit|p2b: Hatterene
|-damage|p2b: Hatterene|39/100
|move|p1b: Kingambit|Iron Head|p2b: Hatterene
|-supereffective|p2b: Hatterene|1
|-damage|p2b: Hatterene|0 fnt
|faint|p2b: Hatterene
|-damage|p1b: Kingambit|70/100|[from] item: Life Orb
|
|win|exessvgc
|raw|exessvgc's rating: 1121 → 1143(+22 for winning)
|raw|Catfud's rating: 1081 → 1061(-20 for losing)
|l|‽Catfud
|player|p2|
|l|☆exessvgc
|player|p1|
|j|☆exessvgc
|player|p1|exessvgc|lucas|
