|j|☆Morvs
|j|☆spyjus
|html|Morvsspyjus    
|uhtml|bestof|Game 2 of a best-of-3
|t:|1784833140
|gametype|doubles
|player|p1|Morvs|266|1101
|player|p2|spyjus|266|1054
|gen|9
|tier|[Gen 9 Champions] VGC 2026 Reg M-B (Bo3)
|rated|
|rule|Species Clause: Limit one of each Pokémon
|rule|Item Clause: Limit 1 of each item
|clearpoke
|poke|p1|Grimmsnarl, L50, M|
|poke|p1|Basculegion, L50, M|
|poke|p1|Venusaur, L50, F|
|poke|p1|Pelipper, L50, F|
|poke|p1|Archaludon, L50, M|
|poke|p1|Swampert, L50, M|
|poke|p2|Malamar, L50, M|
|poke|p2|Serperior, L50, M|
|poke|p2|Whimsicott, L50, F|
|poke|p2|Staraptor, L50, F|
|poke|p2|Grimmsnarl, L50, M|
|poke|p2|Toxapex, L50, M|
|teampreview|4
|showteam|p1|Grimmsnarl||LightClay|Prankster|SpiritBreak,Reflect,LightScreen,PartingShot|Careful||M|||50|]Basculegion||ChoiceScarf|Adaptability|WaveCrash,LastRespects,AquaJet,FlipTurn|Jolly||M|||50|]Venusaur||Venusaurite|Chlorophyll|GigaDrain,SludgeBomb,EarthPower,Protect|Modest||F|||50|]Pelipper||SitrusBerry|Drizzle|Hurricane,WeatherBall,Tailwind,RainDance|Modest||F|||50|]Archaludon||Leftovers|Stamina|FlashCannon,DragonPulse,ElectroShot,Protect|Modest||M|||50|]Swampert||Swampertite|Damp|WaveCrash,Earthquake,IcePunch,Protect|Adamant||M|||50|
|showteam|p2|Malamar||Malamarite|Contrary|Superpower,PsychoCut,RockSlide,Protect|Jolly||M|||50|]Serperior||MiracleSeed|Contrary|LeafStorm,DragonPulse,Protect,Taunt|Timid||M|||50|]Whimsicott||FocusSash|Prankster|Charm,Tailwind,DazzlingGleam,Protect|Bold||F|||50|]Staraptor||Staraptite|Intimidate|BlazeKick,CloseCombat,Protect,DualWingbeat|Jolly||F|||50|]Grimmsnarl||QuickClaw|Prankster|FakeOut,PartingShot,SpiritBreak,Taunt|Adamant||M|||50|]Toxapex||Leftovers|Regenerator|BanefulBunker,Venoshock,Toxic,Recover|Bold||M|||50|
|inactive|Battle timer is ON: inactive players will automatically lose when time's up. (requested by spyjus)
|
|t:|1784833157
|teamsize|p1|4
|teamsize|p2|4
|start
|switch|p1a: Pelipper|Pelipper, L50, F|100/100
|switch|p1b: Swampert|Swampert, L50, M|100/100
|switch|p2a: Malamar|Malamar, L50, M|100/100
|switch|p2b: Whimsicott|Whimsicott, L50, F|100/100
|-weather|RainDance|[from] ability: Drizzle|[of] p1a: Pelipper
|turn|1
|
|t:|1784833178
|detailschange|p2a: Malamar|Malamar-Mega, L50, M
|-mega|p2a: Malamar|Malamar|Malamarite
|detailschange|p1b: Swampert|Swampert-Mega, L50, M
|-mega|p1b: Swampert|Swampert|Swampertite
|move|p2b: Whimsicott|Charm|p2a: Malamar
|-boost|p2a: Malamar|atk|2
|move|p1b: Swampert|Wave Crash|p2a: Malamar
|-damage|p2a: Malamar|0 fnt
|faint|p2a: Malamar
|-damage|p1b: Swampert|72/100|[from] Recoil
|move|p1a: Pelipper|Tailwind|p1a: Pelipper
|-sidestart|p1: Morvs|move: Tailwind
|
|-weather|RainDance|[upkeep]
|upkeep
|
|t:|1784833190
|switch|p2a: Toxapex|Toxapex, L50, M|100/100
|turn|2
|
|t:|1784833208
|move|p2b: Whimsicott|Charm|p1b: Swampert
|-unboost|p1b: Swampert|atk|2
|move|p1b: Swampert|Earthquake|p2b: Whimsicott|[spread] p2a,p2b
|-immune|p1a: Pelipper
|-supereffective|p2a: Toxapex|1
|-resisted|p2b: Whimsicott|1
|-damage|p2a: Toxapex|68/100
|-damage|p2b: Whimsicott|91/100
|move|p1a: Pelipper|Hurricane|p2b: Whimsicott
|-supereffective|p2b: Whimsicott|1
|-crit|p2b: Whimsicott
|-damage|p2b: Whimsicott|0 fnt
|faint|p2b: Whimsicott
|move|p2a: Toxapex|Toxic|p1b: Swampert
|-status|p1b: Swampert|tox
|
|-weather|RainDance|[upkeep]
|-heal|p2a: Toxapex|73/100|[from] item: Leftovers
|-damage|p1b: Swampert|65/100 tox|[from] psn
|upkeep
|
|t:|1784833224
|switch|p2b: Staraptor|Staraptor, L50, F|100/100
|-ability|p2b: Staraptor|Intimidate|boost
|-unboost|p1a: Pelipper|atk|1
|-unboost|p1b: Swampert|atk|1
|turn|3
|
|t:|1784833244
|switch|p1b: Basculegion|Basculegion, L50, M|100/100
|move|p1a: Pelipper|Weather Ball|p2b: Staraptor
|-damage|p2b: Staraptor|6/100
|move|p2b: Staraptor|Dual Wingbeat|p1a: Pelipper
|-damage|p1a: Pelipper|76/100
|-damage|p1a: Pelipper|52/100
|-hitcount|p1a: Pelipper|2
|move|p2a: Toxapex|Toxic|p1a: Pelipper
|-status|p1a: Pelipper|tox
|
|-weather|RainDance|[upkeep]
|-heal|p2a: Toxapex|79/100|[from] item: Leftovers
|-damage|p1a: Pelipper|46/100 tox|[from] psn
|upkeep
|-enditem|p1a: Pelipper|Sitrus Berry|[eat]
|-heal|p1a: Pelipper|71/100 tox|[from] item: Sitrus Berry
|turn|4
|inactive|Morvs has 30 seconds left.
|
|t:|1784833275
|move|p2b: Staraptor|Protect|p2b: Staraptor
|-singleturn|p2b: Staraptor|Protect
|move|p1b: Basculegion|Flip Turn|p2b: Staraptor
|-activate|p2b: Staraptor|move: Protect
|move|p1a: Pelipper|Hurricane|p2a: Toxapex
|-damage|p2a: Toxapex|49/100
|move|p2a: Toxapex|Toxic|p1b: Basculegion
|-status|p1b: Basculegion|tox
|
|-weather|RainDance|[upkeep]
|-heal|p2a: Toxapex|54/100|[from] item: Leftovers
|-damage|p1b: Basculegion|93/100 tox|[from] psn
|-damage|p1a: Pelipper|59/100 tox|[from] psn
|-sideend|p1: Morvs|move: Tailwind
|upkeep
|turn|5
|
|t:|1784833293
|move|p1b: Basculegion|Flip Turn|p2b: Staraptor
|-damage|p2b: Staraptor|0 fnt
|faint|p2b: Staraptor
|
|t:|1784833298
|switch|p1b: Archaludon|Archaludon, L50, M|100/100|[from] Flip Turn
|move|p1a: Pelipper|Hurricane|p2a: Toxapex
|-damage|p2a: Toxapex|24/100
|move|p2a: Toxapex|Recover|p2a: Toxapex
|-heal|p2a: Toxapex|74/100
|
|-weather|none
|-heal|p2a: Toxapex|80/100|[from] item: Leftovers
|-damage|p1a: Pelipper|41/100 tox|[from] psn
|upkeep
|turn|6
|-message|spyjus forfeited.
|
|win|Morvs
|l|☆spyjus
|player|p2|
||spyjus is ready for game 3.
||Morvs is ready for game 3.
|uhtml|next|Next: Game 3 of 3
