|j|☆TehCruzeFan123
|j|☆nefifi
|html|TehCruzeFan123nefifi    
|uhtml|bestof|Game 2 of a best-of-3
|t:|1784953513
|gametype|doubles
|player|p1|TehCruzeFan123|guzma|1083
|player|p2|nefifi|burglar|1141
|gen|9
|tier|[Gen 9 Champions] VGC 2026 Reg M-B (Bo3)
|rated|
|rule|Species Clause: Limit one of each Pokémon
|rule|Item Clause: Limit 1 of each item
|clearpoke
|poke|p1|Aerodactyl, L50, M|
|poke|p1|Hippowdon, L50, M|
|poke|p1|Gholdengo, L50|
|poke|p1|Sneasler, L50, F|
|poke|p1|Basculegion, L50, M|
|poke|p1|Floette-Eternal, L50, F|
|poke|p2|Primarina, L50, F|
|poke|p2|Liepard, L50, F, shiny|
|poke|p2|Volcarona, L50, M|
|poke|p2|Froslass, L50, F|
|poke|p2|Lycanroc-Dusk, L50, M|
|poke|p2|Metagross, L50, shiny|
|teampreview|4
|showteam|p1|Aerodactyl||Aerodactylite|RockHead|DualWingbeat,RockSlide,IceFang,Tailwind|Jolly||M|||50|]Hippowdon||Leftovers|SandStream|Protect,Yawn,HighHorsepower,StoneEdge|Adamant||M|||50|]Gholdengo||FocusSash|GoodasGold|Protect,MakeItRain,ShadowBall,NastyPlot|Modest|||||50|]Sneasler||WhiteHerb|Unburden|Protect,FakeOut,CloseCombat,DireClaw|Jolly||F|||50|]Basculegion||KasibBerry|Adaptability|Protect,WaveCrash,LastRespects,AquaJet|Adamant||M|||50|]Floette-Eternal||Floettite|FlowerVeil|Protect,Moonblast,DazzlingGleam,LightofRuin|Timid||F|||50|
|showteam|p2|Primarina||Metronome|LiquidVoice|HyperVoice,Moonblast,Psychic,Protect|Modest||F|||50|]Liepard||FocusSash|Prankster|Protect,FakeOut,ThunderWave,DarkPulse|Timid||F|||50|]Volcarona||ExpertBelt|FlameBody|QuiverDance,HeatWave,GigaDrain,Protect|Timid||M|||50|]Froslass||Froslassite|CursedBody|AuroraVeil,Blizzard,Protect,Hex|Modest||F|||50|]Lycanroc-Dusk||WideLens|ToughClaws|Accelerock,RockSlide,Protect,CloseCombat|Jolly||M|||50|]Metagross||Metagrossite|ClearBody|IcePunch,PsychicFangs,Protect,BulletPunch|Adamant|||||50|
|inactive|Battle timer is ON: inactive players will automatically lose when time's up. (requested by TehCruzeFan123)
|inactive|TehCruzeFan123 has 60 seconds left.
|inactive|nefifi has 60 seconds left.
|
|t:|1784953563
|teamsize|p1|4
|teamsize|p2|4
|start
|switch|p1a: Hippowdon|Hippowdon, L50, M|100/100
|switch|p1b: Aerodactyl|Aerodactyl, L50, M|100/100
|switch|p2a: Volcarona|Volcarona, L50, M|100/100
|switch|p2b: Froslass|Froslass, L50, F|100/100
|-weather|Sandstorm|[from] ability: Sand Stream|[of] p1a: Hippowdon
|turn|1
|
|t:|1784953578
|switch|p2a: Primarina|Primarina, L50, F|100/100
|switch|p1a: Gholdengo|Gholdengo, L50|100/100
|detailschange|p1b: Aerodactyl|Aerodactyl-Mega, L50, M
|-mega|p1b: Aerodactyl|Aerodactyl|Aerodactylite
|detailschange|p2b: Froslass|Froslass-Mega, L50, F
|-mega|p2b: Froslass|Froslass|Froslassite
|-weather|Snowscape|[from] ability: Snow Warning|[of] p2b: Froslass
|move|p1b: Aerodactyl|Rock Slide|p2b: Froslass|[spread] p2a,p2b
|-crit|p2a: Primarina
|-supereffective|p2b: Froslass|1
|-damage|p2a: Primarina|40/100
|-damage|p2b: Froslass|33/100
|move|p2b: Froslass|Blizzard|p1a: Gholdengo|[spread] p1a,p1b
|-resisted|p1a: Gholdengo|1
|-supereffective|p1b: Aerodactyl|1
|-damage|p1a: Gholdengo|71/100
|-damage|p1b: Aerodactyl|0 fnt
|faint|p1b: Aerodactyl
|
|-weather|Snowscape|[upkeep]
|upkeep
|inactive|TehCruzeFan123 has 30 seconds left.
|
|t:|1784953604
|switch|p1b: Basculegion|Basculegion, L50, M|100/100
|turn|2
|inactive|nefifi has 30 seconds left.
|
|t:|1784953633
|switch|p1a: Hippowdon|Hippowdon, L50, M|100/100
|-weather|Sandstorm|[from] ability: Sand Stream|[of] p1a: Hippowdon
|switch|p2a: Liepard|Liepard, L50, F, shiny|100/100
|move|p2b: Froslass|Protect|p2b: Froslass
|-singleturn|p2b: Froslass|Protect
|move|p1b: Basculegion|Aqua Jet|p2b: Froslass
|-activate|p2b: Froslass|move: Protect
|
|-weather|Sandstorm|[upkeep]
|-damage|p2a: Liepard|94/100|[from] Sandstorm
|-damage|p2b: Froslass|27/100|[from] Sandstorm
|-damage|p1b: Basculegion|93/100|[from] Sandstorm
|upkeep
|turn|3
|
|t:|1784953650
|switch|p2b: Primarina|Primarina, L50, F|40/100
|move|p1b: Basculegion|Aqua Jet|p2b: Primarina
|-resisted|p2b: Primarina|1
|-damage|p2b: Primarina|21/100
|move|p2a: Liepard|Dark Pulse|p1b: Basculegion
|-supereffective|p1b: Basculegion|1
|-damage|p1b: Basculegion|25/100
|move|p1a: Hippowdon|High Horsepower|p2b: Primarina
|-damage|p2b: Primarina|0 fnt
|faint|p2b: Primarina
|
|-weather|Sandstorm|[upkeep]
|-damage|p2a: Liepard|88/100|[from] Sandstorm
|-damage|p1b: Basculegion|18/100|[from] Sandstorm
|upkeep
|
|t:|1784953667
|switch|p2b: Froslass|Froslass-Mega, L50, F|27/100
|-weather|Snowscape|[from] ability: Snow Warning|[of] p2b: Froslass
|turn|4
|inactive|TehCruzeFan123 has 30 seconds left.
|
|t:|1784953696
|move|p2b: Froslass|Protect|p2b: Froslass
|-singleturn|p2b: Froslass|Protect
|move|p1b: Basculegion|Protect|p1b: Basculegion
|-singleturn|p1b: Basculegion|Protect
|move|p2a: Liepard|Dark Pulse|p1b: Basculegion
|-activate|p1b: Basculegion|move: Protect
|move|p1a: Hippowdon|High Horsepower|p2b: Froslass
|-activate|p2b: Froslass|move: Protect
|
|-weather|Snowscape|[upkeep]
|upkeep
|turn|5
|
|t:|1784953718
|move|p1b: Basculegion|Aqua Jet|p2b: Froslass
|-damage|p2b: Froslass|0 fnt
|faint|p2b: Froslass
|move|p2a: Liepard|Dark Pulse|p1b: Basculegion
|-supereffective|p1b: Basculegion|1
|-damage|p1b: Basculegion|0 fnt
|faint|p1b: Basculegion
|move|p1a: Hippowdon|High Horsepower|p2a: Liepard
|-damage|p2a: Liepard|3/100
|
|-weather|Snowscape|[upkeep]
|upkeep
|
|t:|1784953729
|switch|p2b: Volcarona|Volcarona, L50, M|100/100
|switch|p1b: Gholdengo|Gholdengo, L50|71/100
|turn|6
|
|t:|1784953740
|move|p1b: Gholdengo|Protect|p1b: Gholdengo
|-singleturn|p1b: Gholdengo|Protect
|move|p2a: Liepard|Dark Pulse|p1b: Gholdengo
|-activate|p1b: Gholdengo|move: Protect
|move|p2b: Volcarona|Giga Drain|p1a: Hippowdon
|-supereffective|p1a: Hippowdon|1
|-damage|p1a: Hippowdon|41/100
|move|p1a: Hippowdon|Stone Edge|p2b: Volcarona
|-supereffective|p2b: Volcarona|2
|-crit|p2b: Volcarona
|-damage|p2b: Volcarona|0 fnt
|faint|p2b: Volcarona
|
|-weather|Snowscape|[upkeep]
|-heal|p1a: Hippowdon|47/100|[from] item: Leftovers
|upkeep
|turn|7
|
|t:|1784953757
|move|p2a: Liepard|Dark Pulse|p1b: Gholdengo
|-supereffective|p1b: Gholdengo|1
|-damage|p1b: Gholdengo|0 fnt
|faint|p1b: Gholdengo
|move|p1a: Hippowdon|High Horsepower|p2a: Liepard
|-damage|p2a: Liepard|0 fnt
|faint|p2a: Liepard
|
|win|TehCruzeFan123
|raw|TehCruzeFan123's rating: 1083 → 1115(+32 for winning)
|raw|nefifi's rating: 1141 → 1112(-29 for losing)
