|j|☆naronxx
|j|☆chefbenboyrd
|html|naronxxchefbenboyrd    
|uhtml|bestof|Game 3 of a best-of-3
|t:|1756857548
|gametype|doubles
|player|p1|naronxx|169|1000
|player|p2|chefbenboyrd|brawly|1085
|gen|9
|tier|[Gen 9] VGC 2025 Reg H (Bo3)
|rated|
|rule|Species Clause: Limit one of each Pokémon
|rule|Item Clause: Limit 1 of each item
|clearpoke
|poke|p1|Mimikyu, L50, F|
|poke|p1|Gholdengo, L50|
|poke|p1|Amoonguss, L50, F|
|poke|p1|Volcarona, L50, M|
|poke|p1|Rillaboom, L50, F|
|poke|p1|Dragonite, L50, M|
|poke|p2|Whimsicott, L50, F|
|poke|p2|Hydreigon, L50, M|
|poke|p2|Grimmsnarl, L50, M|
|poke|p2|Incineroar, L50, F|
|poke|p2|Gholdengo, L50|
|poke|p2|Annihilape, L50, F|
|teampreview|4
|showteam|p1|Mimikyu||MentalHerb|Disguise|ShadowClaw,PlayRough,TrickRoom,WillOWisp|||F|||50|,,,,,Normal]Gholdengo||ChoiceScarf|GoodasGold|Protect,Trick,MakeItRain,ShadowBall||||||50|,,,,,Water]Amoonguss||SitrusBerry|Regenerator|Protect,Spore,RagePowder,SludgeBomb|||F|||50|,,,,,Grass]Volcarona||Leftovers|FlameBody|Protect,QuiverDance,FieryDance,TeraBlast|||M|||50|,,,,,Fairy]Rillaboom||AssaultVest|GrassySurge|WoodHammer,HighHorsepower,GrassyGlide,FakeOut|||F|||50|,,,,,Water]Dragonite||LoadedDice|InnerFocus|Protect,Haze,ExtremeSpeed,ScaleShot|||M|||50|,,,,,Steel
|showteam|p2|Whimsicott||FocusSash|Prankster|SunnyDay,Encore,Tailwind,Moonblast|||F|||50|,,,,,Ghost]Hydreigon||ChoiceSpecs|Levitate|HeatWave,DracoMeteor,Snarl,DarkPulse|||M|||50|,,,,,Fire]Grimmsnarl||LightClay|Prankster|SpiritBreak,Reflect,LightScreen,ThunderWave|||M|||50|,,,,,Steel]Incineroar||SafetyGoggles|Intimidate|KnockOff,FakeOut,PartingShot,FlareBlitz|||F|||50|,,,,,Ghost]Gholdengo||LifeOrb|GoodasGold|Protect,MakeItRain,ShadowBall,NastyPlot||||||50|,,,,,Water]Annihilape||SitrusBerry|Defiant|Protect,Taunt,RageFist,DrainPunch|||F|||50|,,,,,Fairy
|inactive|Battle timer is ON: inactive players will automatically lose when time's up. (requested by chefbenboyrd)
|
|t:|1756857582
|teamsize|p1|4
|teamsize|p2|4
|start
|switch|p1a: Gholdengo|Gholdengo, L50|100/100
|switch|p1b: Rillaboom|Rillaboom, L50, F|100/100
|switch|p2a: Incineroar|Incineroar, L50, F|100/100
|switch|p2b: Gholdengo|Gholdengo, L50|100/100
|-fieldstart|move: Grassy Terrain|[from] ability: Grassy Surge|[of] p1b: Rillaboom
|-ability|p2a: Incineroar|Intimidate|boost
|-unboost|p1a: Gholdengo|atk|1
|-unboost|p1b: Rillaboom|atk|1
|turn|1
|inactive|naronxx has 30 seconds left.
|inactive|chefbenboyrd has 30 seconds left.
|inactive|chefbenboyrd has 20 seconds left.
|
|t:|1756857619
|-terastallize|p1a: Gholdengo|Water
|move|p2b: Gholdengo|Protect|p2b: Gholdengo
|-singleturn|p2b: Gholdengo|Protect
|move|p1b: Rillaboom|Fake Out|p2a: Incineroar
|-damage|p2a: Incineroar|92/100
|cant|p2a: Incineroar|flinch
|move|p1a: Gholdengo|Shadow Ball|p2b: Gholdengo
|-activate|p2b: Gholdengo|move: Protect
|
|-heal|p2a: Incineroar|98/100|[from] Grassy Terrain
|upkeep
|turn|2
|inactive|naronxx has 30 seconds left.
|inactive|chefbenboyrd has 30 seconds left.
|
|t:|1756857653
|switch|p2b: Hydreigon|Hydreigon, L50, M|100/100
|move|p1a: Gholdengo|Shadow Ball|p2b: Hydreigon
|-resisted|p2b: Hydreigon
|-damage|p2b: Hydreigon|75/100
|move|p1b: Rillaboom|High Horsepower|p2a: Incineroar|[miss]
|-miss|p1b: Rillaboom|p2a: Incineroar
|move|p2a: Incineroar|Flare Blitz|p1b: Rillaboom
|-supereffective|p1b: Rillaboom
|-crit|p1b: Rillaboom
|-damage|p1b: Rillaboom|0 fnt
|faint|p1b: Rillaboom
|-damage|p2a: Incineroar|65/100|[from] Recoil
|
|-heal|p2a: Incineroar|71/100|[from] Grassy Terrain
|upkeep
|
|t:|1756857674
|switch|p1b: Dragonite|Dragonite, L50, M|100/100
|turn|3
|inactive|naronxx has 30 seconds left.
|inactive|naronxx has 20 seconds left.
|
|t:|1756857712
|switch|p2a: Whimsicott|Whimsicott, L50, F|100/100
|-terastallize|p2b: Hydreigon|Fire
|move|p1b: Dragonite|Protect|p1b: Dragonite
|-singleturn|p1b: Dragonite|Protect
|move|p1a: Gholdengo|Shadow Ball|p2b: Hydreigon
|-damage|p2b: Hydreigon|31/100
|move|p2b: Hydreigon|Draco Meteor|p1b: Dragonite
|-activate|p1b: Dragonite|move: Protect
|
|upkeep
|turn|4
|inactive|naronxx has 30 seconds left.
|
|t:|1756857745
|switch|p1b: Mimikyu|Mimikyu, L50, F|100/100
|move|p2a: Whimsicott|Tailwind|p2a: Whimsicott
|-sidestart|p2: chefbenboyrd|move: Tailwind
|move|p2b: Hydreigon|Draco Meteor|p1b: Mimikyu
|-immune|p1b: Mimikyu
|move|p1a: Gholdengo|Shadow Ball|p2b: Hydreigon
|-crit|p2b: Hydreigon
|-damage|p2b: Hydreigon|0 fnt
|faint|p2b: Hydreigon
|
|upkeep
|
|t:|1756857752
|switch|p2b: Gholdengo|Gholdengo, L50|100/100
|turn|5
|inactive|naronxx has 30 seconds left.
|inactive|chefbenboyrd has 30 seconds left.
|
|t:|1756857786
|move|p2b: Gholdengo|Protect|p2b: Gholdengo
|-singleturn|p2b: Gholdengo|Protect
|move|p2a: Whimsicott|Moonblast|p1b: Mimikyu
|-activate|p1b: Mimikyu|ability: Disguise
|-damage|p1b: Mimikyu|100/100
|detailschange|p1b: Mimikyu|Mimikyu-Busted, L50, F
|-damage|p1b: Mimikyu|88/100|[from] pokemon: Mimikyu-Busted
|move|p1a: Gholdengo|Shadow Ball|p2b: Gholdengo
|-activate|p2b: Gholdengo|move: Protect
|move|p1b: Mimikyu|Trick Room|p1b: Mimikyu
|-fieldstart|move: Trick Room|[of] p1b: Mimikyu
|
|-heal|p1b: Mimikyu|94/100|[from] Grassy Terrain
|-fieldend|move: Grassy Terrain
|upkeep
|turn|6
|
|t:|1756857805
|switch|p2b: Incineroar|Incineroar, L50, F|71/100
|-ability|p2b: Incineroar|Intimidate|boost
|-unboost|p1a: Gholdengo|atk|1
|-unboost|p1b: Mimikyu|atk|1
|move|p2a: Whimsicott|Encore|p1b: Mimikyu
|-start|p1b: Mimikyu|Encore
|-enditem|p1b: Mimikyu|Mental Herb
|-end|p1b: Mimikyu|Encore
|move|p1b: Mimikyu|Shadow Claw|p2b: Incineroar
|-resisted|p2b: Incineroar
|-crit|p2b: Incineroar
|-damage|p2b: Incineroar|53/100
|move|p1a: Gholdengo|Shadow Ball|p2b: Incineroar
|-resisted|p2b: Incineroar
|-damage|p2b: Incineroar|33/100
|
|upkeep
|turn|7
|inactive|naronxx has 30 seconds left.
|inactive|chefbenboyrd has 30 seconds left.
|inactive|chefbenboyrd has 20 seconds left.
|
|t:|1756857849
|switch|p1a: Dragonite|Dragonite, L50, M|100/100
|move|p1b: Mimikyu|Play Rough|p2b: Incineroar
|-crit|p2b: Incineroar
|-damage|p2b: Incineroar|0 fnt
|faint|p2b: Incineroar
|move|p2a: Whimsicott|Moonblast|p1b: Mimikyu
|-damage|p1b: Mimikyu|59/100
|
|-sideend|p2: chefbenboyrd|move: Tailwind
|upkeep
|
|t:|1756857854
|switch|p2b: Gholdengo|Gholdengo, L50|100/100
|turn|8
|
|t:|1756857875
|move|p1a: Dragonite|Extreme Speed|p2a: Whimsicott
|-damage|p2a: Whimsicott|52/100
|move|p2a: Whimsicott|Encore|p1b: Mimikyu
|-start|p1b: Mimikyu|Encore
|move|p1b: Mimikyu|Play Rough|p2a: Whimsicott
|-damage|p2a: Whimsicott|16/100
|-unboost|p2a: Whimsicott|atk|1
|move|p2b: Gholdengo|Nasty Plot|p2b: Gholdengo
|-boost|p2b: Gholdengo|spa|2
|
|upkeep
|turn|9
|inactive|naronxx has 30 seconds left.
|
|t:|1756857903
|move|p2a: Whimsicott|Tailwind|p2a: Whimsicott
|-sidestart|p2: chefbenboyrd|move: Tailwind
|move|p1a: Dragonite|Scale Shot|p2b: Gholdengo|[miss]
|-miss|p1a: Dragonite|p2b: Gholdengo
|move|p1b: Mimikyu|Play Rough|p2b: Gholdengo
|-resisted|p2b: Gholdengo
|-damage|p2b: Gholdengo|89/100
|move|p2b: Gholdengo|Make It Rain|p1b: Mimikyu|[spread] p1a,p1b
|-supereffective|p1b: Mimikyu
|-damage|p1a: Dragonite|0 fnt
|-damage|p1b: Mimikyu|0 fnt
|-unboost|p2b: Gholdengo|spa|1
|faint|p1a: Dragonite
|faint|p1b: Mimikyu
|-damage|p2b: Gholdengo|80/100|[from] item: Life Orb
|
|-fieldend|move: Trick Room
|upkeep
|
|t:|1756857919
|switch|p1a: Gholdengo|Gholdengo, L50, tera:Water|100/100
|turn|10
|
|t:|1756857935
|move|p1a: Gholdengo|Protect|p1a: Gholdengo
|-singleturn|p1a: Gholdengo|Protect
|move|p2a: Whimsicott|Moonblast|p1a: Gholdengo
|-activate|p1a: Gholdengo|move: Protect
|move|p2b: Gholdengo|Make It Rain|p1a: Gholdengo
|-activate|p1a: Gholdengo|move: Protect
|
|upkeep
|turn|11
|
|t:|1756857949
|move|p1a: Gholdengo|Protect||[still]
|-fail|p1a: Gholdengo
|move|p2a: Whimsicott|Moonblast|p1a: Gholdengo
|-damage|p1a: Gholdengo|57/100
|move|p2b: Gholdengo|Make It Rain|p1a: Gholdengo
|-resisted|p1a: Gholdengo
|-crit|p1a: Gholdengo
|-damage|p1a: Gholdengo|0 fnt
|-unboost|p2b: Gholdengo|spa|1
|faint|p1a: Gholdengo
|-damage|p2b: Gholdengo|70/100|[from] item: Life Orb
|
|win|chefbenboyrd
|raw|naronxx's rating: 1000 → 1000(+0 for losing)
|raw|chefbenboyrd's rating: 1085 → 1106(+21 for winning)
