|j|☆ryoshino
|j|☆JustAddBacon
|html|ryoshinoJustAddBacon    
|uhtml|bestof|Game 2 of a best-of-3
|t:|1756605069
|gametype|doubles
|player|p1|ryoshino|2|1048
|player|p2|JustAddBacon|palmer|1056
|gen|9
|tier|[Gen 9] VGC 2025 Reg H (Bo3)
|rated|
|rule|Species Clause: Limit one of each Pokémon
|rule|Item Clause: Limit 1 of each item
|clearpoke
|poke|p1|Porygon2, L50|
|poke|p1|Dragonite, L50, F|
|poke|p1|Annihilape, L50, F|
|poke|p1|Incineroar, L50, F|
|poke|p1|Ursaluna, L50, F|
|poke|p1|Amoonguss, L50, F|
|poke|p2|Grimmsnarl, L50, M|
|poke|p2|Spiritomb, L50, F|
|poke|p2|Scrafty, L50, M|
|poke|p2|Sinistcha-Masterpiece, L50|
|poke|p2|Gothitelle, L50, F|
|poke|p2|Incineroar, L50, M|
|teampreview|4
|showteam|p1|Porygon2||Eviolite|Download|TeraBlast,IceBeam,Recover,TrickRoom||||||50|,,,,,Fighting]Dragonite||LoadedDice|InnerFocus|ExtremeSpeed,ScaleShot,Tailwind,Protect|||F|||50|,,,,,Normal]Annihilape||ChoiceScarf|Defiant|RageFist,CloseCombat,FinalGambit,Coaching|||F|||50|,,,,,Fire]Incineroar||SafetyGoggles|Intimidate|FlareBlitz,KnockOff,PartingShot,FakeOut|||F|||50|,,,,,Ghost]Ursaluna||FlameOrb|Guts|Facade,HeadlongRush,Earthquake,Protect|||F|||50|,,,,,Ghost]Amoonguss||RockyHelmet|Regenerator|Spore,RagePowder,ClearSmog,PollenPuff|||F|||50|,,,,,Water
|showteam|p2|Grimmsnarl||LightClay|Prankster|SpiritBreak,LightScreen,Reflect,FakeOut|||M|||50|,,,,,Ghost]Spiritomb||Leftovers|Pressure|TrickRoom,Protect,Snarl,ShadowBall|||F|||50|,,,,,Ghost]Scrafty||SitrusBerry|Moxie|FakeOut,DrainPunch,KnockOff,Detect|||M|||50|,,,,,Poison]Sinistcha-Masterpiece||BigRoot|Hospitality|RagePowder,TrickRoom,MatchaGotcha,Scald||||||50|,,,,,Water]Gothitelle||MentalHerb|ShadowTag|FakeOut,TrickRoom,Psychic,Protect|||F|||50|,,,,,Grass]Incineroar||SafetyGoggles|Intimidate|FakeOut,PartingShot,KnockOff,FlareBlitz|||M|||50|,,,,,Water
|inactive|Battle timer is ON: inactive players will automatically lose when time's up. (requested by ryoshino)
|inactive|ryoshino has 60 seconds left.
|inactive|JustAddBacon has 60 seconds left.
|inactive|ryoshino has 30 seconds left.
|inactive|JustAddBacon has 30 seconds left.
|inactive|ryoshino has 20 seconds left.
|inactive|JustAddBacon has 20 seconds left.
|inactive|JustAddBacon has 15 seconds left.
|inactive|JustAddBacon has 10 seconds left.
|inactive|JustAddBacon has 5 seconds left.
|
|t:|1756605156
|teamsize|p1|4
|teamsize|p2|4
|start
|switch|p1a: Amoonguss|Amoonguss, L50, F, shiny|100/100
|switch|p1b: Incineroar|Incineroar, L50, F, shiny|100/100
|switch|p2a: Sinistcha|Sinistcha-Masterpiece, L50|100/100
|switch|p2b: Grimmsnarl|Grimmsnarl, L50, M|100/100
|-ability|p1b: Incineroar|Intimidate|boost
|-unboost|p2a: Sinistcha|atk|1
|-unboost|p2b: Grimmsnarl|atk|1
|turn|1
|inactive|JustAddBacon has 30 seconds left.
|inactive|JustAddBacon has 20 seconds left.
|
|t:|1756605195
|move|p2b: Grimmsnarl|Reflect|p2b: Grimmsnarl
|-sidestart|p2: JustAddBacon|Reflect
|move|p1b: Incineroar|Knock Off|p2a: Sinistcha
|-supereffective|p2a: Sinistcha
|-damage|p2a: Sinistcha|47/100
|-enditem|p2a: Sinistcha|Big Root|[from] move: Knock Off|[of] p1b: Incineroar
|move|p2a: Sinistcha|Scald|p1b: Incineroar
|-supereffective|p1b: Incineroar
|-damage|p1b: Incineroar|55/100
|move|p1a: Amoonguss|Spore|p2b: Grimmsnarl
|-status|p2b: Grimmsnarl|slp|[from] move: Spore
|
|upkeep
|turn|2
|
|t:|1756605222
|cant|p2b: Grimmsnarl|slp
|move|p1b: Incineroar|Parting Shot|p2b: Grimmsnarl
|-unboost|p2b: Grimmsnarl|atk|1
|-unboost|p2b: Grimmsnarl|spa|1
|
|t:|1756605224
|switch|p1b: Porygon2|Porygon2, L50, shiny|100/100|[from] Parting Shot
|-ability|p1b: Porygon2|Download|boost
|-boost|p1b: Porygon2|spa|1
|move|p2a: Sinistcha|Scald|p1b: Porygon2
|-damage|p1b: Porygon2|85/100
|move|p1a: Amoonguss|Pollen Puff|p1b: Porygon2
|-heal|p1b: Porygon2|100/100
|
|upkeep
|turn|3
|
|t:|1756605246
|switch|p1a: Incineroar|Incineroar, L50, F, shiny|55/100
|-ability|p1a: Incineroar|Intimidate|boost
|-unboost|p2a: Sinistcha|atk|1
|-unboost|p2b: Grimmsnarl|atk|1
|cant|p2b: Grimmsnarl|slp
|move|p1b: Porygon2|Ice Beam|p2a: Sinistcha
|-supereffective|p2a: Sinistcha
|-damage|p2a: Sinistcha|0 fnt
|faint|p2a: Sinistcha
|
|upkeep
|
|t:|1756605258
|switch|p2a: Scrafty|Scrafty, L50, M|100/100
|turn|4
|
|t:|1756605281
|-terastallize|p1b: Porygon2|Fighting
|-terastallize|p2a: Scrafty|Poison
|-curestatus|p2b: Grimmsnarl|slp|[msg]
|move|p2b: Grimmsnarl|Light Screen|p2b: Grimmsnarl
|-sidestart|p2: JustAddBacon|move: Light Screen
|move|p1a: Incineroar|Parting Shot|p2b: Grimmsnarl
|-unboost|p2b: Grimmsnarl|atk|1
|-unboost|p2b: Grimmsnarl|spa|1
|
|t:|1756605287
|switch|p1a: Ursaluna|Ursaluna, L50, F|100/100|[from] Parting Shot
|move|p1b: Porygon2|Tera Blast|p2a: Scrafty|[anim] Tera Blast Fighting
|-resisted|p2a: Scrafty
|-damage|p2a: Scrafty|87/100
|move|p2a: Scrafty|Knock Off|p1b: Porygon2
|-resisted|p1b: Porygon2
|-crit|p1b: Porygon2
|-damage|p1b: Porygon2|80/100
|-enditem|p1b: Porygon2|Eviolite|[from] move: Knock Off|[of] p2a: Scrafty
|
|-status|p1a: Ursaluna|brn|[from] item: Flame Orb
|upkeep
|turn|5
|inactive|JustAddBacon has 30 seconds left.
|
|t:|1756605318
|switch|p1b: Incineroar|Incineroar, L50, F, shiny|55/100
|-ability|p1b: Incineroar|Intimidate|boost
|-unboost|p2a: Scrafty|atk|1
|-unboost|p2b: Grimmsnarl|atk|1
|switch|p2b: Spiritomb|Spiritomb, L50, F|100/100
|-ability|p2b: Spiritomb|Pressure
|move|p1a: Ursaluna|Headlong Rush|p2a: Scrafty
|-supereffective|p2a: Scrafty
|-damage|p2a: Scrafty|0 fnt
|-unboost|p1a: Ursaluna|def|1
|-unboost|p1a: Ursaluna|spd|1
|faint|p2a: Scrafty
|
|-damage|p1a: Ursaluna|95/100 brn|[from] brn
|upkeep
|
|t:|1756605332
|switch|p2a: Grimmsnarl|Grimmsnarl, L50, M|100/100
|turn|6
|inactive|JustAddBacon has 30 seconds left.
|
|t:|1756605359
|switch|p1a: Amoonguss|Amoonguss, L50, F, shiny|100/100
|move|p1b: Incineroar|Knock Off|p2b: Spiritomb
|-damage|p2b: Spiritomb|69/100
|-enditem|p2b: Spiritomb|Leftovers|[from] move: Knock Off|[of] p1b: Incineroar
|move|p2a: Grimmsnarl|Spirit Break|p1a: Amoonguss
|-resisted|p1a: Amoonguss
|-damage|p1a: Amoonguss|86/100
|-unboost|p1a: Amoonguss|spa|1
|-damage|p2a: Grimmsnarl|84/100|[from] item: Rocky Helmet|[of] p1a: Amoonguss
|move|p2b: Spiritomb|Trick Room|p2b: Spiritomb
|-fieldstart|move: Trick Room|[of] p2b: Spiritomb
|
|upkeep
|turn|7
|-message|JustAddBacon forfeited.
|
|win|ryoshino
|l|☆JustAddBacon
|player|p2|
||JustAddBacon is ready for game 3.
||ryoshino is ready for game 3.
|uhtml|next|Next: Game 3 of 3
|j|☆JustAddBacon
|player|p2|JustAddBacon|palmer|
|l|☆ryoshino
|player|p1|
