|j|☆Jess(ie)a
|j|‽bretmeister13
|html|Jess(ie)abretmeister13    
|uhtml|bestof|Game 1 of a best-of-3
|t:|1785176821
|gametype|doubles
|player|p1|Jess(ie)a|2|1065
|player|p2|bretmeister13|2|1103
|gen|9
|tier|[Gen 9 Champions] VGC 2026 Reg M-B (Bo3)
|rated|
|rule|Species Clause: Limit one of each Pokémon
|rule|Item Clause: Limit 1 of each item
|clearpoke
|poke|p1|Milotic, L50, M|
|poke|p1|Mamoswine, L50, F|
|poke|p1|Froslass, L50, F|
|poke|p1|Ninetales-Alola, L50, F|
|poke|p1|Sneasler, L50, M|
|poke|p1|Lucario, L50, F|
|poke|p2|Malamar, L50, M|
|poke|p2|Whimsicott, L50, F|
|poke|p2|Ceruledge, L50, F|
|poke|p2|Basculegion, L50, M|
|poke|p2|Vileplume, L50, F|
|poke|p2|Mawile, L50, M|
|teampreview|4
|showteam|p1|Milotic||SitrusBerry|Competitive|Recover,Scald,Haze,IcyWind|Calm||M|||50|]Mamoswine||ChoiceScarf|Oblivious|RockSlide,HighHorsepower,IcicleCrash,KnockOff|Adamant||F|||50|]Froslass||Froslassite|CursedBody|ShadowBall,Disable,Blizzard,Protect|Timid||F|||50|]Ninetales-Alola||LightClay|SnowWarning|AuroraVeil,Blizzard,Encore,Protect|Timid||F|||50|]Sneasler||LifeOrb|PoisonTouch|CloseCombat,DireClaw,FakeOut,Protect|Jolly||M|||50|]Lucario||Lucarionite|Justified|ExtremeSpeed,CloseCombat,RockSlide,Protect|Jolly||F|||50|
|showteam|p2|Malamar||Malamarite|Contrary|KnockOff,Superpower,Protect,TrickRoom|Adamant||M|||50|]Whimsicott||FocusSash|Prankster|Tailwind,Moonblast,FakeTears,Charm|Modest||F|||50|]Ceruledge||Leftovers|FlashFire|BulkUp,BitterBlade,ShadowSneak,Protect|Adamant||F|||50|]Basculegion||ChoiceScarf|SwiftSwim|LastRespects,WaveCrash,FlipTurn,AquaJet|Adamant||M|||50|]Vileplume||WideLens|Chlorophyll|LeafStorm,Protect,SleepPowder,SludgeBomb|Calm||F|||50|]Mawile||Mawilite|SheerForce|KnockOff,PlayRough,RockSlide,Protect|Adamant||M|||50|
|inactive|Battle timer is ON: inactive players will automatically lose when time's up. (requested by Jess(ie)a)
|inactive|Jess(ie)a has 60 seconds left.
|
|t:|1785176864
|teamsize|p1|4
|teamsize|p2|4
|start
|switch|p1a: Mamoswine|Mamoswine, L50, F|100/100
|switch|p1b: Froslass|Froslass, L50, F|100/100
|switch|p2a: Ceruledge|Ceruledge, L50, F|100/100
|switch|p2b: Basculegion|Basculegion, L50, M|100/100
|turn|1
|inactive|Jess(ie)a has 30 seconds left.
|
|t:|1785176890
|detailschange|p1b: Froslass|Froslass-Mega, L50, F
|-mega|p1b: Froslass|Froslass|Froslassite
|-weather|Snowscape|[from] ability: Snow Warning|[of] p1b: Froslass
|move|p2b: Basculegion|Flip Turn|p1a: Mamoswine
|-supereffective|p1a: Mamoswine|1
|-damage|p1a: Mamoswine|55/100
|
|t:|1785176897
|switch|p2b: Mawile|Mawile, L50, M|100/100|[from] Flip Turn
|move|p1a: Mamoswine|Rock Slide|p2b: Mawile|[spread] p2a,p2b
|-supereffective|p2a: Ceruledge|1
|-resisted|p2b: Mawile|1
|-damage|p2a: Ceruledge|55/100
|-damage|p2b: Mawile|87/100
|move|p1b: Froslass|Shadow Ball|p2b: Mawile
|-damage|p2b: Mawile|10/100
|-unboost|p2b: Mawile|spd|1
|cant|p2a: Ceruledge|flinch
|
|-weather|Snowscape|[upkeep]
|-heal|p2a: Ceruledge|61/100|[from] item: Leftovers
|upkeep
|turn|2
|
|t:|1785176916
|move|p2a: Ceruledge|Shadow Sneak|p1b: Froslass
|-supereffective|p1b: Froslass|1
|-damage|p1b: Froslass|53/100
|move|p1a: Mamoswine|Rock Slide|p2a: Ceruledge|[spread] p2b
|-miss|p1a: Mamoswine|p2a: Ceruledge
|-resisted|p2b: Mawile|1
|-damage|p2b: Mawile|0 fnt
|faint|p2b: Mawile
|move|p1b: Froslass|Shadow Ball|p2a: Ceruledge
|-supereffective|p2a: Ceruledge|1
|-damage|p2a: Ceruledge|0 fnt
|faint|p2a: Ceruledge
|
|-weather|Snowscape|[upkeep]
|upkeep
|
|t:|1785176919
|switch|p2a: Basculegion|Basculegion, L50, M|100/100
|switch|p2b: Whimsicott|Whimsicott, L50, F|100/100
|turn|3
|inactive|Jess(ie)a has 30 seconds left.
|
|t:|1785176944
|move|p1b: Froslass|Protect|p1b: Froslass
|-singleturn|p1b: Froslass|Protect
|move|p2b: Whimsicott|Charm|p1a: Mamoswine
|-unboost|p1a: Mamoswine|atk|2
|move|p2a: Basculegion|Last Respects|p1b: Froslass
|-activate|p1b: Froslass|move: Protect
|move|p1a: Mamoswine|Rock Slide|p2b: Whimsicott|[spread] p2a,p2b
|-damage|p2a: Basculegion|87/100
|-damage|p2b: Whimsicott|86/100
|
|-weather|Snowscape|[upkeep]
|upkeep
|turn|4
|
|t:|1785176964
|switch|p1a: Sneasler|Sneasler, L50, M|100/100
|move|p2b: Whimsicott|Charm|p1a: Sneasler
|-unboost|p1a: Sneasler|atk|2
|move|p2a: Basculegion|Last Respects|p1b: Froslass
|-supereffective|p1b: Froslass|1
|-damage|p1b: Froslass|0 fnt
|faint|p1b: Froslass
|
|-weather|Snowscape|[upkeep]
|upkeep
|
|t:|1785176975
|switch|p1b: Mamoswine|Mamoswine, L50, F|55/100
|turn|5
|inactive|bretmeister13 has 30 seconds left.
|
|t:|1785177000
|move|p1a: Sneasler|Fake Out|p2b: Whimsicott
|-damage|p2b: Whimsicott|72/100
|-status|p2b: Whimsicott|psn|[from] ability: Poison Touch|[of] p1a: Sneasler
|-damage|p1a: Sneasler|90/100|[from] item: Life Orb
|cant|p2b: Whimsicott|flinch
|move|p2a: Basculegion|Last Respects|p1a: Sneasler
|-damage|p1a: Sneasler|0 fnt
|faint|p1a: Sneasler
|move|p1b: Mamoswine|Knock Off|p2a: Basculegion
|-supereffective|p2a: Basculegion|1
|-damage|p2a: Basculegion|2/100
|-enditem|p2a: Basculegion|Choice Scarf|[from] move: Knock Off|[of] p1b: Mamoswine
|
|-weather|none
|-damage|p2b: Whimsicott|59/100 psn|[from] psn
|upkeep
|
|t:|1785177014
|switch|p1a: Ninetales|Ninetales-Alola, L50, F|100/100
|-weather|Snowscape|[from] ability: Snow Warning|[of] p1a: Ninetales
|turn|6
|
|t:|1785177022
|move|p2b: Whimsicott|Charm|p1b: Mamoswine
|-unboost|p1b: Mamoswine|atk|2
|move|p1b: Mamoswine|Knock Off|p2a: Basculegion
|-supereffective|p2a: Basculegion|1
|-damage|p2a: Basculegion|0 fnt
|faint|p2a: Basculegion
|move|p1a: Ninetales|Blizzard|p2b: Whimsicott
|-supereffective|p2b: Whimsicott|1
|-damage|p2b: Whimsicott|0 fnt
|faint|p2b: Whimsicott
|
|win|Jess(ie)a
||Jess(ie)a is ready for game 2.
|inactive|bretmeister13 has 30 seconds to confirm battle start!
||bretmeister13 is ready for game 2.
|uhtml|next|Next: Game 2 of 3
|j| tedidn
