|j|Ōśåsnickers23
|j|Ōśågreenlightdmp
|html|snickers23greenlightdmp    
|uhtml|bestof|Game 2 of a best-of-3
|t:|1756241014
|gametype|doubles
|player|p1|snickers23|266|1083
|player|p2|greenlightdmp|266|1087
|gen|9
|tier|[Gen 9] VGC 2025 Reg H (Bo3)
|rated|
|rule|Species Clause: Limit one of each Pok├®mon
|rule|Item Clause: Limit 1 of each item
|clearpoke
|poke|p1|Gholdengo, L50|
|poke|p1|Sneasler, L50, M|
|poke|p1|Incineroar, L50, F|
|poke|p1|Amoonguss, L50, M|
|poke|p1|Dragonite, L50, M|
|poke|p1|Ursaluna-Bloodmoon, L50, M|
|poke|p2|Sneasler, L50, F|
|poke|p2|Rillaboom, L50, M|
|poke|p2|Volcarona, L50, F|
|poke|p2|Dragonite, L50, M|
|poke|p2|Basculegion, L50, M|
|poke|p2|Kingambit, L50, F|
|teampreview|4
|showteam|p1|Gholdengo||LifeOrb|GoodasGold|MakeItRain,ShadowBall,NastyPlot,Protect||||||50|,,,,,Steel]Sneasler||FocusSash|PoisonTouch|FakeOut,CloseCombat,DireClaw,Protect|||M|||50|,,,,,Stellar]Incineroar||SafetyGoggles|Intimidate|FakeOut,FlareBlitz,KnockOff,PartingShot|||F|||50|,,,,,Ghost]Amoonguss||SitrusBerry|Regenerator|Spore,RagePowder,SludgeBomb,Protect|||M|||50|,,,,,Water]Dragonite||LoadedDice|Multiscale|ScaleShot,Haze,Tailwind,Protect|||M|||50|,,,,,Fairy]Ursaluna-Bloodmoon||AssaultVest|MindsEye|HyperVoice,BloodMoon,EarthPower,VacuumWave|||M|||50|,,,,,Normal
|showteam|p2|Sneasler||FocusSash|Unburden|CloseCombat,DireClaw,FakeOut,Protect|||F|||50|,,,,,Stellar]Rillaboom||AssaultVest|GrassySurge|WoodHammer,GrassyGlide,HighHorsepower,FakeOut|||M|||50|,,,,,Fire]Volcarona||CovertCloak|FlameBody|HeatWave,TeraBlast,QuiverDance,Protect|||F|||50|,,,,,Fairy]Dragonite||LoadedDice|Multiscale|ScaleShot,IronHead,Protect,Haze|||M|||50|,,,,,Steel]Basculegion||ChoiceScarf|Adaptability|FlipTurn,LastRespects,WaveCrash,AquaJet|||M|||50|,,,,,Grass]Kingambit||SafetyGoggles|Defiant|KowtowCleave,SuckerPunch,SwordsDance,Protect|||F|||50|,,,,,Dark
|
|t:|1756241071
|teamsize|p1|4
|teamsize|p2|4
|start
|switch|p1a: Dragonite|Dragonite, L50, M|100/100
|switch|p1b: Sneasler|Sneasler, L50, M|100/100
|switch|p2a: Basculegion|Basculegion, L50, M|100/100
|switch|p2b: Kingambit|Kingambit, L50, F|100/100
|turn|1
|
|t:|1756241095
|switch|p2b: Volcarona|Volcarona, L50, F|100/100
|move|p1b: Sneasler|Fake Out|p2b: Volcarona
|-damage|p2b: Volcarona|83/100
|-status|p1b: Sneasler|brn|[from] ability: Flame Body|[of] p2b: Volcarona
|move|p2a: Basculegion|Flip Turn|p1a: Dragonite
|-resisted|p1a: Dragonite
|-crit|p1a: Dragonite
|-damage|p1a: Dragonite|84/100
|
|t:|1756241108
|switch|p2a: Kingambit|Kingambit, L50, F|100/100|[from] Flip Turn
|move|p1a: Dragonite|Scale Shot|p2a: Kingambit
|-resisted|p2a: Kingambit
|-damage|p2a: Kingambit|94/100
|-resisted|p2a: Kingambit
|-damage|p2a: Kingambit|89/100
|-resisted|p2a: Kingambit
|-damage|p2a: Kingambit|84/100
|-resisted|p2a: Kingambit
|-damage|p2a: Kingambit|78/100
|-resisted|p2a: Kingambit
|-damage|p2a: Kingambit|72/100
|-hitcount|p2a: Kingambit|5
|-unboost|p1a: Dragonite|def|1
|-boost|p1a: Dragonite|spe|1
|
|-damage|p1b: Sneasler|95/100 brn|[from] brn
|upkeep
|turn|2
|l|Ōśågreenlightdmp
|player|p2|
|j|Ōśågreenlightdmp
|player|p2|greenlightdmp|266|
|
|t:|1756241155
|switch|p2a: Basculegion|Basculegion, L50, M|100/100
|move|p2b: Volcarona|Protect|p2b: Volcarona
|-singleturn|p2b: Volcarona|Protect
|move|p1a: Dragonite|Tailwind|p1a: Dragonite
|-sidestart|p1: snickers23|move: Tailwind
|move|p1b: Sneasler|Close Combat|p2a: Basculegion
|-immune|p2a: Basculegion
|
|-damage|p1b: Sneasler|89/100 brn|[from] brn
|upkeep
|turn|3
|
|t:|1756241196
|-terastallize|p2b: Volcarona|Fairy
|move|p1a: Dragonite|Scale Shot|p2b: Volcarona
|-immune|p2b: Volcarona
|move|p1b: Sneasler|Dire Claw|p2b: Volcarona
|-supereffective|p2b: Volcarona
|-damage|p2b: Volcarona|33/100
|move|p2a: Basculegion|Wave Crash|p1b: Sneasler
|-damage|p1b: Sneasler|0 fnt
|faint|p1b: Sneasler
|-damage|p2a: Basculegion|77/100|[from] Recoil
|move|p2b: Volcarona|Tera Blast|p1a: Dragonite|[anim] Tera Blast Fairy
|-supereffective|p1a: Dragonite
|-damage|p1a: Dragonite|0 fnt
|faint|p1a: Dragonite
|
|upkeep
|
|t:|1756241211
|switch|p1b: Ursaluna|Ursaluna-Bloodmoon, L50, M|100/100
|switch|p1a: Amoonguss|Amoonguss, L50, M|100/100
|turn|4
|
|t:|1756241238
|switch|p2b: Rillaboom|Rillaboom, L50, M|100/100
|-fieldstart|move: Grassy Terrain|[from] ability: Grassy Surge|[of] p2b: Rillaboom
|-terastallize|p1a: Amoonguss|Water
|move|p2a: Basculegion|Wave Crash|p1b: Ursaluna
|-supereffective|p1b: Ursaluna
|-damage|p1b: Ursaluna|0 fnt
|faint|p1b: Ursaluna
|-damage|p2a: Basculegion|45/100|[from] Recoil
|move|p1a: Amoonguss|Sludge Bomb|p2b: Rillaboom
|-supereffective|p2b: Rillaboom
|-damage|p2b: Rillaboom|57/100
|
|-heal|p2a: Basculegion|51/100|[from] Grassy Terrain
|-heal|p2b: Rillaboom|63/100|[from] Grassy Terrain
|upkeep
|turn|5
|-message|snickers23 forfeited.
|raw|snickers23's rating: 1083 → 1061(-22 for losing)
|raw|greenlightdmp's rating: 1087 → 1114(+27 for winning)
|
|win|greenlightdmp
|l|Ōśåsnickers23
|player|p1|
|l|Ōśågreenlightdmp
|player|p2|
|j|Ōśågreenlightdmp
|player|p2|greenlightdmp|266|
