|j|☆EDJPP
|j|☆nicophantom
|html|EDJPPnicophantom    
|uhtml|bestof|Game 1 of a best-of-3
|t:|1783103734
|gametype|doubles
|player|p1|EDJPP|volkner|1042
|player|p2|nicophantom|169|1000
|gen|9
|tier|[Gen 9 Champions] VGC 2026 Reg M-B (Bo3)
|rated|
|rule|Species Clause: Limit one of each Pokémon
|rule|Item Clause: Limit 1 of each item
|clearpoke
|poke|p1|Charizard, L50, M|
|poke|p1|Venusaur, L50, F|
|poke|p1|Basculegion, L50, M|
|poke|p1|Farigiraf, L50, M|
|poke|p1|Typhlosion-Hisui, L50, F|
|poke|p1|Sneasler, L50, M|
|poke|p2|Staraptor, L50, M|
|poke|p2|Charizard, L50, M|
|poke|p2|Garchomp, L50, M|
|poke|p2|Raichu, L50, M|
|poke|p2|Gholdengo, L50|
|poke|p2|Sylveon, L50, F|
|teampreview|4
|showteam|p1|Charizard||CharizarditeY|SolarPower|HeatWave,SolarBeam,WeatherBall,Protect|Modest||M|||50|]Venusaur||Venusaurite|Chlorophyll|GigaDrain,SludgeBomb,EarthPower,SleepPowder|Modest||F|||50|]Basculegion||MysticWater|Adaptability|WaveCrash,AquaJet,LastRespects,Protect|Adamant||M|||50|]Farigiraf||FocusSash|ArmorTail|Roar,Psychic,Thunderbolt,Protect|Quiet||M|||50|]Typhlosion-Hisui||ChoiceScarf|Blaze|Eruption,HeatWave,Overheat,InfernalParade|Timid||F|||50|]Sneasler||WhiteHerb|Unburden|FakeOut,Protect,DireClaw,CloseCombat|Jolly||M|||50|
|showteam|p2|Staraptor||Staraptite|Intimidate|CloseCombat,BraveBird,Roost,Protect|Jolly||M|||50|]Charizard||CharizarditeY|Blaze|HeatWave,WeatherBall,SolarBeam,Protect|Modest||M|||50|]Garchomp||LifeOrb|RoughSkin|DragonClaw,Earthquake,RockSlide,Protect|Jolly||M|||50|]Raichu||FocusSash|LightningRod|VoltSwitch,Charm,Encore,FakeOut|Timid||M|||50|]Gholdengo||ChoiceScarf|GoodasGold|MakeItRain,ShadowBall,PowerGem,Trick|Timid|||||50|]Sylveon||FairyFeather|Pixilate|HyperBeam,HyperVoice,QuickAttack,Protect|Modest||F|||50|
|inactive|Battle timer is ON: inactive players will automatically lose when time's up. (requested by EDJPP)
|inactive|nicophantom has 60 seconds left.
|
|t:|1783103776
|teamsize|p1|4
|teamsize|p2|4
|start
|switch|p1a: Basculegion|Basculegion, L50, M|100/100
|switch|p1b: Venusaur|Venusaur, L50, F|100/100
|switch|p2a: Garchomp|Garchomp, L50, M|100/100
|switch|p2b: Gholdengo|Gholdengo, L50|100/100
|turn|1
|inactive|EDJPP has 30 seconds left.
|
|t:|1783103802
|detailschange|p1b: Venusaur|Venusaur-Mega, L50, F
|-mega|p1b: Venusaur|Venusaur|Venusaurite
|move|p2b: Gholdengo|Shadow Ball|p1a: Basculegion
|-supereffective|p1a: Basculegion|1
|-damage|p1a: Basculegion|7/100
|move|p2a: Garchomp|Dragon Claw|p1a: Basculegion
|-damage|p1a: Basculegion|0 fnt
|faint|p1a: Basculegion
|-damage|p2a: Garchomp|90/100|[from] item: Life Orb
|move|p1b: Venusaur|Earth Power|p2b: Gholdengo
|-supereffective|p2b: Gholdengo|1
|-damage|p2b: Gholdengo|22/100
|
|upkeep
|
|t:|1783103815
|switch|p1a: Typhlosion|Typhlosion-Hisui, L50, F|100/100
|turn|2
|
|t:|1783103825
|switch|p2b: Charizard|Charizard, L50, M|100/100
|move|p1a: Typhlosion|Eruption|p2b: Charizard|[spread] p2a,p2b
|-resisted|p2a: Garchomp|1
|-resisted|p2b: Charizard|1
|-damage|p2a: Garchomp|60/100
|-damage|p2b: Charizard|70/100
|move|p2a: Garchomp|Earthquake|p1a: Typhlosion|[spread] p1a,p1b
|-immune|p2b: Charizard
|-supereffective|p1a: Typhlosion|1
|-damage|p1a: Typhlosion|0 fnt
|-damage|p1b: Venusaur|63/100
|faint|p1a: Typhlosion
|-damage|p2a: Garchomp|50/100g|[from] item: Life Orb
|move|p1b: Venusaur|Giga Drain|p2a: Garchomp
|-damage|p2a: Garchomp|4/100
|-heal|p1b: Venusaur|87/100|[from] drain|[of] p2a: Garchomp
|
|upkeep
|
|t:|1783103828
|switch|p1a: Sneasler|Sneasler, L50, M|100/100
|turn|3
|
|t:|1783103850
|switch|p2a: Gholdengo|Gholdengo, L50|22/100
|detailschange|p2b: Charizard|Charizard-Mega-Y, L50, M
|-mega|p2b: Charizard|Charizard|Charizardite Y
|-weather|SunnyDay|[from] ability: Drought|[of] p2b: Charizard
|move|p1a: Sneasler|Protect|p1a: Sneasler
|-singleturn|p1a: Sneasler|Protect
|move|p2b: Charizard|Heat Wave|p1b: Venusaur|[spread] p1b
|-activate|p1a: Sneasler|move: Protect
|-supereffective|p1b: Venusaur|1
|-damage|p1b: Venusaur|41/100
|move|p1b: Venusaur|Giga Drain|p2a: Gholdengo
|-resisted|p2a: Gholdengo|1
|-damage|p2a: Gholdengo|0 fnt
|-heal|p1b: Venusaur|51/100|[from] drain|[of] p2a: Gholdengo
|faint|p2a: Gholdengo
|
|-weather|SunnyDay|[upkeep]
|upkeep
|
|t:|1783103867
|switch|p2a: Raichu|Raichu, L50, M|100/100
|turn|4
|
|t:|1783103889
|move|p2a: Raichu|Fake Out|p1a: Sneasler
|-damage|p1a: Sneasler|87/100
|cant|p1a: Sneasler|flinch
|move|p2b: Charizard|Weather Ball|p1b: Venusaur
|-supereffective|p1b: Venusaur|1
|-damage|p1b: Venusaur|0 fnt
|faint|p1b: Venusaur
|
|-weather|SunnyDay|[upkeep]
|upkeep
|turn|5
|
|t:|1783103901
|move|p1a: Sneasler|Dire Claw|p2b: Charizard
|-damage|p2b: Charizard|30/100
|-status|p2b: Charizard|slp
|move|p2a: Raichu|Volt Switch|p1a: Sneasler
|-damage|p1a: Sneasler|52/100
|
|t:|1783103909
|switch|p2a: Garchomp|Garchomp, L50, M|4/100|[from] Volt Switch
|cant|p2b: Charizard|slp
|
|-weather|SunnyDay|[upkeep]
|upkeep
|turn|6
|
|t:|1783103918
|move|p1a: Sneasler|Close Combat|p2b: Charizard
|-resisted|p2b: Charizard|1
|-damage|p2b: Charizard|0 fnt
|-unboost|p1a: Sneasler|def|1
|-unboost|p1a: Sneasler|spd|1
|faint|p2b: Charizard
|-enditem|p1a: Sneasler|White Herb
|-clearnegativeboost|p1a: Sneasler|[silent]
|move|p2a: Garchomp|Earthquake|p1a: Sneasler
|-supereffective|p1a: Sneasler|1
|-damage|p1a: Sneasler|0 fnt
|faint|p1a: Sneasler
|-damage|p2a: Garchomp|0 fnt|[from] item: Life Orb
|faint|p2a: Garchomp
|
|win|nicophantom
||EDJPP is ready for game 2.
|inactive|nicophantom has 30 seconds to confirm battle start!
|l|☆nicophantom
|player|p2|
