|j|☆tin19
|j|☆bartcr0987
|html|tin19bartcr0987    
|uhtml|bestof|Game 3 of a best-of-3
|t:|1783566281
|gametype|doubles
|player|p1|tin19|colress|
|player|p2|bartcr0987|102|
|gen|9
|tier|[Gen 9 Champions] VGC 2026 Reg M-B (Bo3)
|rule|Species Clause: Limit one of each Pokémon
|rule|Item Clause: Limit 1 of each item
|clearpoke
|poke|p1|Archaludon, L50, M, shiny|
|poke|p1|Pelipper, L50, F, shiny|
|poke|p1|Swampert, L50, F, shiny|
|poke|p1|Floette-Eternal, L50, F|
|poke|p1|Meowscarada, L50, M, shiny|
|poke|p1|Farigiraf, L50, F, shiny|
|poke|p2|Charizard, L50, M, shiny|
|poke|p2|Sneasler, L50, M, shiny|
|poke|p2|Floette-Eternal, L50, F|
|poke|p2|Kingambit, L50, F, shiny|
|poke|p2|Basculegion, L50, M|
|poke|p2|Farigiraf, L50, M|
|teampreview|4
|showteam|p1|Archaludon||LifeOrb|Stalwart|DracoMeteor,FlashCannon,ElectroShot,Protect|Modest||M|||50|]Pelipper||DampRock|Drizzle|Tailwind,MuddyWater,Hurricane,Protect|Modest||F|||50|]Swampert||Swampertite|Damp|HighHorsepower,WaveCrash,IcePunch,Protect|Adamant||F|||50|]Floette-Eternal||ChoiceScarf|FlowerVeil|Moonblast,Psychic,LightofRuin,RainDance|Modest||F|||50|]Meowscarada||FocusSash|Protean|FlowerTrick,KnockOff,TripleAxel,Protect|Adamant||M|||50|]Farigiraf||SitrusBerry|ArmorTail|PsychicNoise,HelpingHand,Roar,TrickRoom|Bold||F|||50|
|showteam|p2|Charizard||CharizarditeY|SolarPower|HeatWave,SolarBeam,WeatherBall,Protect|Timid||M|||50|]Sneasler||FocusSash|PoisonTouch|DireClaw,CloseCombat,Protect,FakeOut|Jolly||M|||50|]Floette-Eternal||Floettite|FlowerVeil|Moonblast,DazzlingGleam,LightofRuin,Protect|Modest||F|||50|]Kingambit||BlackGlasses|Defiant|KowtowCleave,SuckerPunch,SwordsDance,Protect|Adamant||F|||50|]Basculegion||ChoiceScarf|Adaptability|LastRespects,WaveCrash,AquaJet,FlipTurn|Jolly||M|||50|]Farigiraf||SitrusBerry|ArmorTail|TrickRoom,FoulPlay,Psychic,RainDance|Bold||M|||50|
|inactive|Battle timer is ON: inactive players will automatically lose when time's up. (requested by tin19)
|
|t:|1783566301
|teamsize|p1|4
|teamsize|p2|4
|start
|switch|p1a: Pelipper|Pelipper, L50, F, shiny|100/100
|switch|p1b: Swampert|Swampert, L50, F, shiny|100/100
|switch|p2a: Sneasler|Sneasler, L50, M, shiny|100/100
|switch|p2b: Kingambit|Kingambit, L50, F, shiny|100/100
|-weather|RainDance|[from] ability: Drizzle|[of] p1a: Pelipper
|turn|1
|
|t:|1783566319
|move|p1b: Swampert|Protect|p1b: Swampert
|-singleturn|p1b: Swampert|Protect
|move|p2a: Sneasler|Fake Out|p1b: Swampert
|-activate|p1b: Swampert|move: Protect
|move|p1a: Pelipper|Tailwind|p1a: Pelipper
|-sidestart|p1: tin19|move: Tailwind
|move|p2b: Kingambit|Swords Dance|p2b: Kingambit
|-boost|p2b: Kingambit|atk|2
|
|-weather|RainDance|[upkeep]
|upkeep
|turn|2
|inactive|bartcr0987 has 30 seconds left.
|inactive|tin19 has 30 seconds left.
|inactive|bartcr0987 has 20 seconds left.
|inactive|bartcr0987 has 15 seconds left.
|
|t:|1783566364
|switch|p1b: Farigiraf|Farigiraf, L50, F, shiny|100/100
|move|p2a: Sneasler|Protect|p2a: Sneasler
|-singleturn|p2a: Sneasler|Protect
|move|p2b: Kingambit|Sucker Punch||[still]
|cant|p1b: Farigiraf|ability: Armor Tail|Sucker Punch|[of] p2b: Kingambit
|move|p1a: Pelipper|Muddy Water|p2b: Kingambit|[spread] p2b
|-activate|p2a: Sneasler|move: Protect
|-damage|p2b: Kingambit|60/100
|
|-weather|RainDance|[upkeep]
|upkeep
|turn|3
|
|t:|1783566386
|move|p1a: Pelipper|Muddy Water|p2b: Kingambit|[spread] p2b
|-miss|p1a: Pelipper|p2a: Sneasler
|-damage|p2b: Kingambit|24/100
|-unboost|p2b: Kingambit|accuracy|1
|-ability|p2b: Kingambit|Defiant|boost
|-boost|p2b: Kingambit|atk|2
|move|p2a: Sneasler|Close Combat|p1b: Farigiraf
|-damage|p1b: Farigiraf|55/100
|-unboost|p2a: Sneasler|def|1
|-unboost|p2a: Sneasler|spd|1
|move|p2b: Kingambit|Kowtow Cleave|p1b: Farigiraf
|-supereffective|p1b: Farigiraf|1
|-damage|p1b: Farigiraf|0 fnt
|faint|p1b: Farigiraf
|
|-weather|RainDance|[upkeep]
|upkeep
|
|t:|1783566407
|switch|p1b: Meowscarada|Meowscarada, L50, M, shiny|100/100
|turn|4
|
|t:|1783566422
|switch|p1a: Swampert|Swampert, L50, F, shiny|100/100
|move|p2a: Sneasler|Protect|p2a: Sneasler
|-singleturn|p2a: Sneasler|Protect
|move|p2b: Kingambit|Protect|p2b: Kingambit
|-singleturn|p2b: Kingambit|Protect
|move|p1b: Meowscarada|Knock Off|p2b: Kingambit
|-start|p1b: Meowscarada|typechange|Dark|[from] ability: Protean
|-activate|p2b: Kingambit|move: Protect
|
|-weather|RainDance|[upkeep]
|-sideend|p1: tin19|move: Tailwind
|upkeep
|turn|5
|
|t:|1783566447
|detailschange|p1a: Swampert|Swampert-Mega, L50, F, shiny
|-mega|p1a: Swampert|Swampert|Swampertite
|move|p2b: Kingambit|Sucker Punch|p1a: Swampert|[miss]
|-miss|p2b: Kingambit|p1a: Swampert
|move|p1a: Swampert|High Horsepower|p2b: Kingambit
|-supereffective|p2b: Kingambit|1
|-damage|p2b: Kingambit|0 fnt
|faint|p2b: Kingambit
|move|p2a: Sneasler|Dire Claw|p1b: Meowscarada
|-damage|p1b: Meowscarada|29/100
|move|p1b: Meowscarada|Triple Axel|p2a: Sneasler
|-damage|p2a: Sneasler|80/100
|-damage|p2a: Sneasler|42/100
|-damage|p2a: Sneasler|0 fnt
|faint|p2a: Sneasler
|-hitcount|p2: Sneasler|3
|
|-weather|RainDance|[upkeep]
|upkeep
|
|t:|1783566458
|switch|p2a: Oscar|Basculegion, L50, M|100/100
|switch|p2b: Charizard|Charizard, L50, M, shiny|100/100
|turn|6
|inactive|tin19 has 30 seconds left.
|inactive|bartcr0987 has 30 seconds left.
|
|t:|1783566490
|move|p1a: Swampert|Protect|p1a: Swampert
|-singleturn|p1a: Swampert|Protect
|move|p1b: Meowscarada|Protect|p1b: Meowscarada
|-singleturn|p1b: Meowscarada|Protect
|move|p2b: Charizard|Protect|p2b: Charizard
|-singleturn|p2b: Charizard|Protect
|move|p2a: Oscar|Wave Crash|p1b: Meowscarada
|-activate|p1b: Meowscarada|move: Protect
|
|-weather|RainDance|[upkeep]
|upkeep
|turn|7
|inactive|tin19 has 30 seconds left.
|inactive|bartcr0987 has 30 seconds left.
|inactive|tin19 has 20 seconds left.
|inactive|bartcr0987 has 20 seconds left.
|inactive|tin19 has 15 seconds left.
|inactive|bartcr0987 has 15 seconds left.
|
|t:|1783566533
|switch|p1a: Pelipper|Pelipper, L50, F, shiny|100/100
|move|p2b: Charizard|Protect||[still]
|-fail|p2b: Charizard
|move|p2a: Oscar|Wave Crash|p1b: Meowscarada
|-damage|p1b: Meowscarada|0 fnt
|faint|p1b: Meowscarada
|-damage|p2a: Oscar|92/100|[from] Recoil
|
|-weather|RainDance|[upkeep]
|upkeep
|
|t:|1783566545
|switch|p1b: Swampert|Swampert-Mega, L50, F, shiny|100/100
|turn|8
|inactive|bartcr0987 has 30 seconds left.
|
|t:|1783566575
|detailschange|p2b: Charizard|Charizard-Mega-Y, L50, M, shiny
|-mega|p2b: Charizard|Charizard|Charizardite Y
|-weather|SunnyDay|[from] ability: Drought|[of] p2b: Charizard
|move|p1b: Swampert|Protect|p1b: Swampert
|-singleturn|p1b: Swampert|Protect
|move|p2a: Oscar|Wave Crash|p1a: Pelipper
|-resisted|p1a: Pelipper|1
|-damage|p1a: Pelipper|80/100
|-damage|p2a: Oscar|86/100|[from] Recoil
|move|p2b: Charizard|Solar Beam||[still]
|-prepare|p2b: Charizard|Solar Beam
|-anim|p2b: Charizard|Solar Beam|p1b: Swampert
|-activate|p1b: Swampert|move: Protect
|move|p1a: Pelipper|Tailwind|p1a: Pelipper
|-sidestart|p1: tin19|move: Tailwind
|
|-weather|SunnyDay|[upkeep]
|upkeep
|turn|9
|inactive|tin19 has 30 seconds left.
|
|t:|1783566603
|move|p1b: Swampert|Wave Crash|p2b: Charizard
|-supereffective|p2b: Charizard|1
|-damage|p2b: Charizard|5/100
|-damage|p1b: Swampert|75/100|[from] Recoil
|move|p1a: Pelipper|Hurricane|p2b: Charizard|[miss]
|-miss|p1a: Pelipper|p2b: Charizard
|move|p2a: Oscar|Wave Crash|p1a: Pelipper
|-resisted|p1a: Pelipper|1
|-damage|p1a: Pelipper|61/100
|-damage|p2a: Oscar|81/100|[from] Recoil
|move|p2b: Charizard|Solar Beam||[still]
|-prepare|p2b: Charizard|Solar Beam
|-anim|p2b: Charizard|Solar Beam|p1b: Swampert
|-supereffective|p1b: Swampert|2
|-damage|p1b: Swampert|0 fnt
|faint|p1b: Swampert
|
|-weather|SunnyDay|[upkeep]
|upkeep
|turn|10
|
|t:|1783566624
|move|p2b: Charizard|Protect|p2b: Charizard
|-singleturn|p2b: Charizard|Protect
|move|p1a: Pelipper|Hurricane|p2a: Oscar
|-damage|p2a: Oscar|29/100
|move|p2a: Oscar|Wave Crash|p1a: Pelipper
|-resisted|p1a: Pelipper|1
|-damage|p1a: Pelipper|40/100
|-damage|p2a: Oscar|23/100|[from] Recoil
|
|-weather|SunnyDay|[upkeep]
|upkeep
|turn|11
|
|t:|1783566642
|move|p1a: Pelipper|Muddy Water|p2b: Charizard|[spread] p2b
|-miss|p1a: Pelipper|p2a: Oscar
|-supereffective|p2b: Charizard|1
|-damage|p2b: Charizard|0 fnt
|faint|p2b: Charizard
|move|p2a: Oscar|Wave Crash|p1a: Pelipper
|-resisted|p1a: Pelipper|1
|-damage|p1a: Pelipper|20/100y
|-damage|p2a: Oscar|17/100|[from] Recoil
|
|-weather|SunnyDay|[upkeep]
|-sideend|p1: tin19|move: Tailwind
|upkeep
|turn|12
|
|t:|1783566658
|move|p2a: Oscar|Wave Crash|p1a: Pelipper
|-resisted|p1a: Pelipper|1
|-damage|p1a: Pelipper|1/100
|-damage|p2a: Oscar|12/100|[from] Recoil
|move|p1a: Pelipper|Hurricane|p2a: Oscar|[miss]
|-miss|p1a: Pelipper|p2a: Oscar
|
|-weather|none
|upkeep
|turn|13
|
|t:|1783566668
|move|p2a: Oscar|Wave Crash|p1a: Pelipper
|-resisted|p1a: Pelipper|1
|-damage|p1a: Pelipper|0 fnt
|faint|p1a: Pelipper
|-damage|p2a: Oscar|11/100|[from] Recoil
|
|win|bartcr0987
|c|☆bartcr0987|gg
