|j|☆Sneaselpink
|j|☆prod_axel
|html|Sneaselpinkprod_axel    
|uhtml|bestof|Game 1 of a best-of-3
|t:|1785839704
|gametype|doubles
|player|p1|Sneaselpink|silver|1048
|player|p2|prod_axel|265|1134
|gen|9
|tier|[Gen 9 Champions] VGC 2026 Reg M-B (Bo3)
|rated|
|rule|Species Clause: Limit one of each Pokémon
|rule|Item Clause: Limit 1 of each item
|clearpoke
|poke|p1|Delphox, L50, F|
|poke|p1|Pelipper, L50, F|
|poke|p1|Weavile, L50, M|
|poke|p1|Sinistcha, L50|
|poke|p1|Swampert, L50, M|
|poke|p1|Archaludon, L50, M|
|poke|p2|Charizard, L50, F|
|poke|p2|Garchomp, L50, M|
|poke|p2|Floette-Eternal, L50, F|
|poke|p2|Kingambit, L50, M|
|poke|p2|Whimsicott, L50, F|
|poke|p2|Basculegion, L50, M|
|teampreview|4
|showteam|p1|Delphox||Delphoxite|Blaze|NastyPlot,Psychic,HeatWave,Protect|Timid||F|||50|]Pelipper||LifeOrb|Drizzle|WeatherBall,Hurricane,Tailwind,Protect|Modest||F|||50|]Weavile||FocusSash|Pickpocket|IceSpinner,KnockOff,LowKick,FakeOut|Jolly||M|||50|]Sinistcha||SitrusBerry|Hospitality|MatchaGotcha,RagePowder,TrickRoom,Protect|Bold|||||50|]Swampert||Swampertite|Torrent|WaveCrash,HighHorsepower,Earthquake,Protect|Adamant||M|||50|]Archaludon||Leftovers|Stamina|ElectroShot,AuraSphere,FlashCannon,Protect|Modest||M|||50|
|showteam|p2|Charizard||CharizarditeY|Blaze|HeatWave,WeatherBall,SolarBeam,Protect|Modest||F|||50|]Garchomp||LifeOrb|SandVeil|StompingTantrum,DragonClaw,RockSlide,Protect|Jolly||M|||50|]Floette-Eternal||Floettite|FlowerVeil|Moonblast,DazzlingGleam,LightofRuin,Protect|Modest||F|||50|]Kingambit||ChopleBerry|Defiant|KowtowCleave,SuckerPunch,IronHead,LowKick|Adamant||M|||50|]Whimsicott||FocusSash|Prankster|Moonblast,Tailwind,Encore,Protect|Timid||F|||50|]Basculegion||MysticWater|SwiftSwim|WaveCrash,AquaJet,LastRespects,Protect|Adamant||M|||50|
|inactive|Battle timer is ON: inactive players will automatically lose when time's up. (requested by prod_axel)
|inactive|Sneaselpink has 60 seconds left.
|inactive|prod_axel has 60 seconds left.
|inactive|Sneaselpink has 30 seconds left.
|
|t:|1785839774
|teamsize|p1|4
|teamsize|p2|4
|start
|switch|p1a: Mountain Dew|Sinistcha, L50|100/100
|switch|p1b: Hermoine Granger|Delphox, L50, F|100/100
|switch|p2a: Floette|Floette-Eternal, L50, F|100/100
|switch|p2b: Whimsicott|Whimsicott, L50, F|100/100
|turn|1
|inactive|prod_axel has 30 seconds left.
|inactive|prod_axel has 20 seconds left.
|inactive|prod_axel has 15 seconds left.
|inactive|prod_axel has 10 seconds left.
|inactive|prod_axel has 5 seconds left.
|
|t:|1785839825
|detailschange|p1b: Hermoine Granger|Delphox-Mega, L50, F
|-mega|p1b: Hermoine Granger|Delphox|Delphoxite
|detailschange|p2a: Floette|Floette-Mega, L50, F
|-mega|p2a: Floette|Floette|Floettite
|-ability|p2a: Floette|Fairy Aura
|move|p1b: Hermoine Granger|Heat Wave|p2b: Whimsicott|[spread] p2a,p2b
|-supereffective|p2b: Whimsicott|1
|-damage|p2a: Floette|67/100
|-enditem|p2b: Whimsicott|Focus Sash
|-damage|p2b: Whimsicott|1/100
|move|p2b: Whimsicott|Moonblast|p1b: Hermoine Granger
|-resisted|p1b: Hermoine Granger|1
|-damage|p1b: Hermoine Granger|78/100
|move|p2a: Floette|Light of Ruin|p1b: Hermoine Granger
|-resisted|p1b: Hermoine Granger|1
|-damage|p1b: Hermoine Granger|30/100
|-damage|p2a: Floette|43/100|[from] Recoil
|move|p1a: Mountain Dew|Trick Room|p1a: Mountain Dew
|-fieldstart|move: Trick Room|[of] p1a: Mountain Dew
|
|upkeep
|turn|2
|inactive|prod_axel has 30 seconds left.
|inactive|prod_axel has 20 seconds left.
|inactive|prod_axel has 15 seconds left.
|
|t:|1785839867
|switch|p1b: Goatipper|Pelipper, L50, F|100/100
|-weather|RainDance|[from] ability: Drizzle|[of] p1b: Goatipper
|move|p1a: Mountain Dew|Matcha Gotcha|p2b: Whimsicott|[spread] p2a,p2b
|-resisted|p2b: Whimsicott|1
|-damage|p2a: Floette|22/100
|-damage|p2b: Whimsicott|0 fnt
|faint|p2b: Whimsicott
|move|p2a: Floette|Dazzling Gleam|p1b: Goatipper|[spread] p1a,p1b
|-damage|p1a: Mountain Dew|52/100
|-damage|p1b: Goatipper|22/100
|
|-weather|RainDance|[upkeep]
|upkeep
|
|t:|1785839872
|switch|p2b: Basculegion|Basculegion, L50, M|100/100
|turn|3
|inactive|prod_axel has 30 seconds left.
|
|t:|1785839900
|move|p2b: Basculegion|Aqua Jet|p1b: Goatipper
|-resisted|p1b: Goatipper|1
|-damage|p1b: Goatipper|3/100
|move|p1a: Mountain Dew|Matcha Gotcha|p2a: Floette|[spread] p2b
|-miss|p1a: Mountain Dew|p2a: Floette
|-supereffective|p2b: Basculegion|1
|-damage|p2b: Basculegion|47/100
|-heal|p1a: Mountain Dew|83/100|[from] drain|[of] p2b: Basculegion
|-status|p2b: Basculegion|brn
|move|p1b: Goatipper|Hurricane|p2b: Basculegion
|-damage|p2b: Basculegion|0 fnt
|faint|p2b: Basculegion
|-damage|p1b: Goatipper|0 fnt|[from] item: Life Orb
|faint|p1b: Goatipper
|move|p2a: Floette|Moonblast|p1a: Mountain Dew
|-damage|p1a: Mountain Dew|0 fnt
|faint|p1a: Mountain Dew
|
|-weather|RainDance|[upkeep]
|upkeep
|
|t:|1785839919
|switch|p1a: SNEAS|Weavile, L50, M|100/100
|switch|p1b: Hermoine Granger|Delphox-Mega, L50, F|30/100
|switch|p2b: Garchomp|Garchomp, L50, M|100/100
|turn|4
|inactive|Sneaselpink has 30 seconds left.
|
|t:|1785839951
|move|p1a: SNEAS|Fake Out|p2a: Floette
|-damage|p2a: Floette|7/100
|cant|p2a: Floette|flinch
|move|p2b: Garchomp|Rock Slide|p1a: SNEAS|[spread] p1a,p1b
|-supereffective|p1a: SNEAS|1
|-supereffective|p1b: Hermoine Granger|1
|-damage|p1a: SNEAS|13/100
|-damage|p1b: Hermoine Granger|0 fnt
|faint|p1b: Hermoine Granger
|-damage|p2b: Garchomp|90/100|[from] item: Life Orb
|
|-weather|RainDance|[upkeep]
|upkeep
|turn|5
|
|t:|1785839967
|move|p2a: Floette|Moonblast|p1a: SNEAS
|-supereffective|p1a: SNEAS|1
|-damage|p1a: SNEAS|0 fnt
|faint|p1a: SNEAS
|
|win|prod_axel
