|j|☆SideB33563356
|j|☆AchievedWave07
|html|SideB33563356AchievedWave07    
|uhtml|bestof|Game 2 of a best-of-3
|t:|1784169440
|gametype|doubles
|player|p1|SideB33563356|1|
|player|p2|AchievedWave07|ingo|
|gen|9
|tier|[Gen 9 Champions] VGC 2026 Reg M-B (Bo3)
|rule|Species Clause: Limit one of each Pokémon
|rule|Item Clause: Limit 1 of each item
|clearpoke
|poke|p1|Metagross, L50|
|poke|p1|Talonflame, L50, M|
|poke|p1|Basculegion, L50, M|
|poke|p1|Kingambit, L50, F|
|poke|p1|Hydreigon, L50, F|
|poke|p1|Ninetales-Alola, L50, F|
|poke|p2|Politoed, L50, M|
|poke|p2|Charizard, L50, M, shiny|
|poke|p2|Archaludon, L50, F, shiny|
|poke|p2|Venusaur, L50, M|
|poke|p2|Metagross, L50|
|poke|p2|Grimmsnarl, L50, M|
|teampreview|4
|showteam|p1|Metagross||Metagrossite|ClearBody|MeteorMash,PsychicFangs,BulletPunch,Protect|Jolly|||||50|]Talonflame||SharpBeak|GaleWings|BraveBird,WillOWisp,Tailwind,Protect|Jolly||M|||50|]Basculegion||LifeOrb|Adaptability|WaveCrash,LastRespects,AquaJet,Protect|Jolly||M|||50|]Kingambit||BlackGlasses|Defiant|KowtowCleave,LowKick,SuckerPunch,Protect|Adamant||F|||50|]Hydreigon||ChoiceScarf|Levitate|DarkPulse,DracoMeteor,Snarl,EarthPower|Modest||F|||50|]Ninetales-Alola||FocusSash|SnowWarning|Blizzard,FreezeDry,Encore,Protect|Timid||F|||50|
|showteam|p2|Politoed||SitrusBerry|Drizzle|EarthPower,Blizzard,HyperVoice,Surf|Modest||M|||50|]Charizard||CharizarditeY|Blaze|AirSlash,Protect,HeatWave,SolarBeam|Timid||M|||50|]Archaludon||Leftovers|Stamina|ElectroShot,FlashCannon,DragonPulse,Protect|Modest||F|||50|]Venusaur||WideLens|Chlorophyll|SludgeBomb,EarthPower,SleepPowder,Protect|Timid||M|||50|]Metagross||Metagrossite|ClearBody|IronHead,PsychicFangs,IcePunch,Protect|Jolly|||||50|]Grimmsnarl||LightClay|Prankster|SpiritBreak,Reflect,LightScreen,PartingShot|Sassy||M|||50|
|
|t:|1784169494
|teamsize|p1|4
|teamsize|p2|4
|start
|switch|p1a: Computah|Metagross, L50|100/100
|switch|p1b: Trae Young|Talonflame, L50, M|100/100
|switch|p2a: Grimmsnarl|Grimmsnarl, L50, M|100/100
|switch|p2b: Archaludon|Archaludon, L50, F, shiny|100/100
|turn|1
|j| WrathofSharath
|
|t:|1784169526
|switch|p2a: Charizard|Charizard, L50, M, shiny|100/100
|move|p1b: Trae Young|Tailwind|p1b: Trae Young
|-sidestart|p1: SideB33563356|move: Tailwind
|move|p1a: Computah|Meteor Mash|p2a: Charizard
|-resisted|p2a: Charizard|1
|-damage|p2a: Charizard|69/100
|move|p2b: Archaludon|Electro Shot||[still]
|-prepare|p2b: Archaludon|Electro Shot
|-boost|p2b: Archaludon|spa|1
|
|upkeep
|turn|2
|
|t:|1784169559
|detailschange|p1a: Computah|Metagross-Mega, L50
|-mega|p1a: Computah|Metagross|Metagrossite
|detailschange|p2a: Charizard|Charizard-Mega-Y, L50, M, shiny
|-mega|p2a: Charizard|Charizard|Charizardite Y
|-weather|SunnyDay|[from] ability: Drought|[of] p2a: Charizard
|move|p1b: Trae Young|Protect|p1b: Trae Young
|-singleturn|p1b: Trae Young|Protect
|move|p1a: Computah|Psychic Fangs|p2a: Charizard
|-damage|p2a: Charizard|0 fnt
|faint|p2a: Charizard
|move|p2b: Archaludon|Electro Shot|p1b: Trae Young|[from] lockedmove
|-activate|p1b: Trae Young|move: Protect
|
|-weather|SunnyDay|[upkeep]
|upkeep
|
|t:|1784169574
|switch|p2a: Metagross|Metagross, L50|100/100
|turn|3
|
|t:|1784169614
|move|p1b: Trae Young|Will-O-Wisp|p2a: Metagross
|-status|p2a: Metagross|brn
|move|p1a: Computah|Meteor Mash|p2a: Metagross
|-resisted|p2a: Metagross|1
|-damage|p2a: Metagross|70/100 brn
|move|p2b: Archaludon|Dragon Pulse|p1b: Trae Young
|-damage|p1b: Trae Young|0 fnt
|faint|p1b: Trae Young
|move|p2a: Metagross|Ice Punch|p1a: Computah
|-resisted|p1a: Computah|1
|-damage|p1a: Computah|95/100
|
|-weather|SunnyDay|[upkeep]
|-damage|p2a: Metagross|64/100 brn|[from] brn
|upkeep
|
|t:|1784169651
|switch|p1b: knickswinthechip!|Hydreigon, L50, F|100/100
|turn|4
|
|t:|1784169675
|move|p2a: Metagross|Protect|p2a: Metagross
|-singleturn|p2a: Metagross|Protect
|move|p1b: knickswinthechip!|Earth Power|p2b: Archaludon
|-supereffective|p2b: Archaludon|1
|-damage|p2b: Archaludon|0 fnt
|faint|p2b: Archaludon
|move|p1a: Computah|Psychic Fangs|p2a: Metagross
|-activate|p2a: Metagross|move: Protect
|
|-weather|SunnyDay|[upkeep]
|-damage|p2a: Metagross|59/100 brn|[from] brn
|-sideend|p1: SideB33563356|move: Tailwind
|upkeep
|
|t:|1784169685
|switch|p2b: Grimmsnarl|Grimmsnarl, L50, M|100/100
|turn|5
|
|t:|1784169698
|move|p1b: knickswinthechip!|Earth Power|p2a: Metagross
|-supereffective|p2a: Metagross|1
|-damage|p2a: Metagross|0 fnt
|faint|p2a: Metagross
|move|p1a: Computah|Meteor Mash|p2b: Grimmsnarl
|-supereffective|p2b: Grimmsnarl|1
|-damage|p2b: Grimmsnarl|0 fnt
|faint|p2b: Grimmsnarl
|
|win|SideB33563356
|l| WrathofSharath
|l|☆AchievedWave07
|player|p2|
