|j|☆beckybug
|j|☆tang de maracuja
|html|beckybugtang de maracuja    
|uhtml|bestof|Game 2 of a best-of-3
|t:|1784735428
|gametype|doubles
|player|p1|beckybug|briar|1332
|player|p2|tang de maracuja|morty|1287
|gen|9
|tier|[Gen 9 Champions] VGC 2026 Reg M-B (Bo3)
|rated|
|rule|Species Clause: Limit one of each Pokémon
|rule|Item Clause: Limit 1 of each item
|clearpoke
|poke|p1|Charizard, L50, M|
|poke|p1|Venusaur, L50, M|
|poke|p1|Pelipper, L50, M|
|poke|p1|Archaludon, L50, M|
|poke|p1|Grimmsnarl, L50, M|
|poke|p1|Basculegion, L50, M|
|poke|p2|Sinistcha, L50|
|poke|p2|Gholdengo, L50|
|poke|p2|Incineroar, L50, F|
|poke|p2|Staraptor, L50, F|
|poke|p2|Arcanine-Hisui, L50, F|
|poke|p2|Ninetales-Alola, L50, F|
|teampreview|4
|showteam|p1|Charizard||CharizarditeY|Blaze|WeatherBall,HeatWave,SolarBeam,Protect|Modest||M|||50|]Venusaur||FocusSash|Chlorophyll|SludgeBomb,EarthPower,SleepPowder,Protect|Modest||M|||50|]Pelipper||SitrusBerry|Drizzle|WeatherBall,Hurricane,Tailwind,Protect|Modest||M|||50|]Archaludon||Leftovers|Stamina|FlashCannon,DragonPulse,ElectroShot,Protect|Calm||M|||50|]Grimmsnarl||LightClay|Prankster|SpiritBreak,PartingShot,Reflect,LightScreen|Sassy||M|||50|]Basculegion||ChoiceScarf|Adaptability|WaveCrash,LastRespects,AquaJet,FlipTurn|Jolly||M|||50|
|showteam|p2|Sinistcha||ColburBerry|Hospitality|MatchaGotcha,RagePowder,TrickRoom,StrengthSap|Calm|||||50|]Gholdengo||LifeOrb|GoodasGold|Protect,MakeItRain,ShadowBall,NastyPlot|Modest|||||50|]Incineroar||SitrusBerry|Intimidate|PartingShot,FlareBlitz,DarkestLariat,FakeOut|Careful||F|||50|]Staraptor||Staraptite|Intimidate|Protect,CloseCombat,BraveBird,Roost|Jolly||F|||50|]Arcanine-Hisui||FocusSash|RockHead|Protect,HeadSmash,FlareBlitz,ExtremeSpeed|Jolly||F|||50|]Ninetales-Alola||NeverMeltIce|SnowWarning|Protect,Blizzard,FreezeDry,AuroraVeil|Timid||F|||50|
|inactive|Battle timer is ON: inactive players will automatically lose when time's up. (requested by tang de maracuja)
|inactive|tang de maracuja has 60 seconds left.
|
|t:|1784735475
|teamsize|p1|4
|teamsize|p2|4
|start
|switch|p1a: Charizard|Charizard, L50, M|100/100
|switch|p1b: Venusaur|Venusaur, L50, M|100/100
|switch|p2a: Staraptor|Staraptor, L50, F|100/100
|switch|p2b: Incineroar|Incineroar, L50, F|100/100
|-ability|p2a: Staraptor|Intimidate|boost
|-unboost|p1a: Charizard|atk|1
|-unboost|p1b: Venusaur|atk|1
|-ability|p2b: Incineroar|Intimidate|boost
|-unboost|p1a: Charizard|atk|1
|-unboost|p1b: Venusaur|atk|1
|turn|1
|inactive|tang de maracuja has 30 seconds left.
|
|t:|1784735504
|detailschange|p2a: Staraptor|Staraptor-Mega, L50, F
|-mega|p2a: Staraptor|Staraptor|Staraptite
|detailschange|p1a: Charizard|Charizard-Mega-Y, L50, M
|-mega|p1a: Charizard|Charizard|Charizardite Y
|-weather|SunnyDay|[from] ability: Drought|[of] p1a: Charizard
|move|p1b: Venusaur|Protect|p1b: Venusaur
|-singleturn|p1b: Venusaur|Protect
|move|p2b: Incineroar|Fake Out|p1b: Venusaur
|-activate|p1b: Venusaur|move: Protect
|move|p2a: Staraptor|Close Combat|p1a: Charizard
|-resisted|p1a: Charizard|1
|-damage|p1a: Charizard|70/100
|-boost|p2a: Staraptor|def|1
|-boost|p2a: Staraptor|spd|1
|move|p1a: Charizard|Heat Wave|p2b: Incineroar|[spread] p2b
|-miss|p1a: Charizard|p2a: Staraptor
|-resisted|p2b: Incineroar|1
|-damage|p2b: Incineroar|73/100
|
|-weather|SunnyDay|[upkeep]
|upkeep
|turn|2
|inactive|tang de maracuja has 30 seconds left.
|inactive|tang de maracuja has 20 seconds left.
|
|t:|1784735544
|move|p2a: Staraptor|Protect|p2a: Staraptor
|-singleturn|p2a: Staraptor|Protect
|move|p1b: Venusaur|Sleep Powder|p2b: Incineroar|[miss]
|-miss|p1b: Venusaur|p2b: Incineroar
|move|p1a: Charizard|Weather Ball|p2a: Staraptor
|-activate|p2a: Staraptor|move: Protect
|move|p2b: Incineroar|Parting Shot|p1b: Venusaur
|-unboost|p1b: Venusaur|atk|1
|-unboost|p1b: Venusaur|spa|1
|
|t:|1784735551
|switch|p2b: Ninetales|Ninetales-Alola, L50, F|100/100|[from] Parting Shot
|-weather|Snowscape|[from] ability: Snow Warning|[of] p2b: Ninetales
|
|-weather|Snowscape|[upkeep]
|upkeep
|turn|3
|
|t:|1784735562
|switch|p2b: Incineroar|Incineroar, L50, F|73/100
|-ability|p2b: Incineroar|Intimidate|boost
|-unboost|p1a: Charizard|atk|1
|-unboost|p1b: Venusaur|atk|1
|switch|p1b: Archaludon|Archaludon, L50, M|100/100
|move|p2a: Staraptor|Close Combat|p1a: Charizard
|-resisted|p1a: Charizard|1
|-damage|p1a: Charizard|42/100
|-boost|p2a: Staraptor|def|1
|-boost|p2a: Staraptor|spd|1
|move|p1a: Charizard|Heat Wave|p2b: Incineroar|[spread] p2b
|-miss|p1a: Charizard|p2a: Staraptor
|-resisted|p2b: Incineroar|1
|-damage|p2b: Incineroar|55/100
|
|-weather|Snowscape|[upkeep]
|upkeep
|turn|4
|inactive|tang de maracuja has 30 seconds left.
|inactive|tang de maracuja has 20 seconds left.
|inactive|tang de maracuja has 15 seconds left.
|inactive|tang de maracuja has 10 seconds left.
|
|t:|1784735611
|switch|p1a: Pelipper|Pelipper, L50, M|100/100
|-weather|RainDance|[from] ability: Drizzle|[of] p1a: Pelipper
|move|p2a: Staraptor|Close Combat|p1b: Archaludon
|-supereffective|p1b: Archaludon|1
|-damage|p1b: Archaludon|20/100y
|-boost|p2a: Staraptor|def|1
|-boost|p2a: Staraptor|spd|1
|-ability|p1b: Archaludon|Stamina|boost
|-boost|p1b: Archaludon|def|1
|move|p1b: Archaludon|Electro Shot||[still]
|-prepare|p1b: Archaludon|Electro Shot
|-boost|p1b: Archaludon|spa|1
|-anim|p1b: Archaludon|Electro Shot|p2a: Staraptor
|-supereffective|p2a: Staraptor|1
|-damage|p2a: Staraptor|54/100
|move|p2b: Incineroar|Parting Shot|p1a: Pelipper
|-unboost|p1a: Pelipper|atk|1
|-unboost|p1a: Pelipper|spa|1
|
|t:|1784735632
|switch|p2b: Arcanine|Arcanine-Hisui, L50, F|100/100|[from] Parting Shot
|
|-weather|RainDance|[upkeep]
|-heal|p1b: Archaludon|26/100|[from] item: Leftovers
|upkeep
|turn|5
|
|t:|1784735647
|move|p1b: Archaludon|Protect|p1b: Archaludon
|-singleturn|p1b: Archaludon|Protect
|move|p2a: Staraptor|Close Combat|p1b: Archaludon
|-activate|p1b: Archaludon|move: Protect
|move|p2b: Arcanine|Head Smash|p1a: Pelipper
|-supereffective|p1a: Pelipper|1
|-damage|p1a: Pelipper|0 fnt
|faint|p1a: Pelipper
|
|-weather|RainDance|[upkeep]
|-heal|p1b: Archaludon|32/100|[from] item: Leftovers
|upkeep
|
|t:|1784735660
|switch|p1a: Venusaur|Venusaur, L50, M|100/100
|turn|6
|inactive|tang de maracuja has 30 seconds left.
|inactive|tang de maracuja has 20 seconds left.
|
|t:|1784735696
|move|p2a: Staraptor|Close Combat|p1b: Archaludon
|-supereffective|p1b: Archaludon|1
|-damage|p1b: Archaludon|0 fnt
|-boost|p2a: Staraptor|def|1
|-boost|p2a: Staraptor|spd|1
|faint|p1b: Archaludon
|move|p2b: Arcanine|Flare Blitz|p1a: Venusaur
|-supereffective|p1a: Venusaur|1
|-damage|p1a: Venusaur|26/100
|move|p1a: Venusaur|Sleep Powder|p2b: Arcanine|[miss]
|-miss|p1a: Venusaur|p2b: Arcanine
|
|-weather|RainDance|[upkeep]
|upkeep
|-message|beckybug forfeited.
|
|win|tang de maracuja
||beckybug is ready for game 3.
||tang de maracuja is ready for game 3.
|uhtml|next|Next: Game 3 of 3
|l|☆beckybug
|player|p1|
