|j|☆iiiiiook
|j|☆FreemanGordon
|html|iiiiiookFreemanGordon    
|uhtml|bestof|Game 1 of a best-of-3
|t:|1784698441
|gametype|doubles
|player|p1|iiiiiook|ethan|1042
|player|p2|FreemanGordon|170|1138
|gen|9
|tier|[Gen 9 Champions] VGC 2026 Reg M-B (Bo3)
|rated|
|rule|Species Clause: Limit one of each Pokémon
|rule|Item Clause: Limit 1 of each item
|clearpoke
|poke|p1|Tyranitar, L50, M|
|poke|p1|Incineroar, L50, M|
|poke|p1|Aerodactyl, L50, F|
|poke|p1|Glimmora, L50, F|
|poke|p1|Excadrill, L50, F|
|poke|p1|Rhyperior, L50, M|
|poke|p2|Ninetales-Alola, L50, M|
|poke|p2|Metagross, L50|
|poke|p2|Farigiraf, L50, F|
|poke|p2|Hydreigon, L50, F|
|poke|p2|Annihilape, L50, F|
|poke|p2|Floette-Eternal, L50, F|
|teampreview|4
|showteam|p1|Tyranitar||BlackGlasses|SandStream|DragonDance,KnockOff,RockSlide,Protect|Adamant||M|||50|]Incineroar||SitrusBerry|Intimidate|FakeOut,PartingShot,FlareBlitz,WillOWisp|Careful||M|||50|]Aerodactyl||LifeOrb|RockHead|DragonDance,Tailwind,RockSlide,IronHead|Adamant||F|||50|]Glimmora||Glimmoranite|ToxicDebris|SludgeBomb,EarthPower,PowerGem,SpikyShield|Timid||F|||50|]Excadrill||ZoomLens|SandRush|RockSlide,Earthquake,SwordsDance,DrillRun|Adamant||F|||50|]Rhyperior||Leftovers|SolidRock|BodyPress,HighHorsepower,RockSlide,Earthquake|Adamant||M|||50|
|showteam|p2|Ninetales-Alola||ChoiceScarf|SnowWarning|Blizzard,FreezeDry,Moonblast,Psyshock|Modest||M|||50|]Metagross||Metagrossite|ClearBody|Protect,IronHead,PsychicFangs,BodyPress|Jolly|||||50|]Farigiraf||SitrusBerry|ArmorTail|HelpingHand,Protect,TwinBeam,Thunderbolt|Calm||F|||50|]Hydreigon||LifeOrb|Levitate|Protect,DracoMeteor,EarthPower,DarkPulse|Timid||F|||50|]Annihilape||FocusSash|Defiant|Protect,PhantomForce,CloseCombat,RockTomb|Jolly||F|||50|]Floette-Eternal||Floettite|FlowerVeil|Protect,LightofRuin,DazzlingGleam,Moonblast|Serious||F|||50|
|inactive|Battle timer is ON: inactive players will automatically lose when time's up. (requested by iiiiiook)
|inactive|FreemanGordon has 60 seconds left.
|
|t:|1784698552
|teamsize|p1|4
|teamsize|p2|4
|start
|switch|p1a: Tyranitar|Tyranitar, L50, M|100/100
|switch|p1b: Aerodactyl|Aerodactyl, L50, F|100/100
|switch|p2a: Metagross|Metagross, L50|100/100
|switch|p2b: Annihilape|Annihilape, L50, F|100/100
|-weather|Sandstorm|[from] ability: Sand Stream|[of] p1a: Tyranitar
|turn|1
|inactive|FreemanGordon has 30 seconds left.
|
|t:|1784698578
|detailschange|p2a: Metagross|Metagross-Mega, L50
|-mega|p2a: Metagross|Metagross|Metagrossite
|move|p1a: Tyranitar|Protect|p1a: Tyranitar
|-singleturn|p1a: Tyranitar|Protect
|move|p1b: Aerodactyl|Tailwind|p1b: Aerodactyl
|-sidestart|p1: iiiiiook|move: Tailwind
|move|p2a: Metagross|Iron Head|p1b: Aerodactyl
|-supereffective|p1b: Aerodactyl|1
|-damage|p1b: Aerodactyl|0 fnt
|faint|p1b: Aerodactyl
|move|p2b: Annihilape|Close Combat|p1a: Tyranitar
|-activate|p1a: Tyranitar|move: Protect
|
|-weather|Sandstorm|[upkeep]
|-damage|p2b: Annihilape|94/100|[from] Sandstorm
|upkeep
|
|t:|1784698598
|switch|p1b: Glimmora|Glimmora, L50, F|100/100
|turn|2
|
|t:|1784698613
|detailschange|p1b: Glimmora|Glimmora-Mega, L50, F
|-mega|p1b: Glimmora|Glimmora|Glimmoranite
|move|p2a: Metagross|Protect|p2a: Metagross
|-singleturn|p2a: Metagross|Protect
|move|p1b: Glimmora|Earth Power|p2a: Metagross
|-activate|p2a: Metagross|move: Protect
|move|p1a: Tyranitar|Rock Slide|p2a: Metagross|[spread] 
|-activate|p2a: Metagross|move: Protect
|-miss|p1a: Tyranitar|p2b: Annihilape
|move|p2b: Annihilape|Phantom Force||[still]
|-prepare|p2b: Annihilape|Phantom Force
|
|-weather|Sandstorm|[upkeep]
|-damage|p2b: Annihilape|88/100|[from] Sandstorm
|upkeep
|turn|3
|
|t:|1784698636
|switch|p2a: Hydreigon|Hydreigon, L50, F|100/100
|move|p1b: Glimmora|Earth Power|p2a: Hydreigon
|-immune|p2a: Hydreigon|[from] ability: Levitate
|move|p1a: Tyranitar|Knock Off|p2a: Hydreigon
|-resisted|p2a: Hydreigon|1
|-damage|p2a: Hydreigon|60/100
|-enditem|p2a: Hydreigon|Life Orb|[from] move: Knock Off|[of] p1a: Tyranitar
|move|p2b: Annihilape|Phantom Force|p1b: Glimmora|[from] lockedmove
|-damage|p1b: Glimmora|52/100
|
|-weather|Sandstorm|[upkeep]
|-damage|p2a: Hydreigon|55/100|[from] Sandstorm
|-damage|p2b: Annihilape|82/100|[from] Sandstorm
|upkeep
|turn|4
|inactive|iiiiiook has 30 seconds left.
|
|t:|1784698670
|move|p1b: Glimmora|Power Gem|p2b: Annihilape
|-resisted|p2b: Annihilape|1
|-damage|p2b: Annihilape|48/100
|move|p2a: Hydreigon|Earth Power|p1b: Glimmora
|-supereffective|p1b: Glimmora|2
|-damage|p1b: Glimmora|0 fnt
|faint|p1b: Glimmora
|move|p1a: Tyranitar|Rock Slide|p2a: Hydreigon|[spread] p2a,p2b
|-resisted|p2b: Annihilape|1
|-damage|p2a: Hydreigon|20/100y
|-damage|p2b: Annihilape|29/100
|move|p2b: Annihilape|Close Combat|p1a: Tyranitar
|-supereffective|p1a: Tyranitar|2
|-damage|p1a: Tyranitar|0 fnt
|-unboost|p2b: Annihilape|def|1
|-unboost|p2b: Annihilape|spd|1
|faint|p1a: Tyranitar
|
|-weather|Sandstorm|[upkeep]
|-damage|p2a: Hydreigon|14/100|[from] Sandstorm
|-damage|p2b: Annihilape|24/100|[from] Sandstorm
|-sideend|p1: iiiiiook|move: Tailwind
|upkeep
|inactive|iiiiiook has 30 seconds left.
|
|t:|1784698696
|switch|p1a: Excadrill|Excadrill, L50, F|100/100
|turn|5
|
|t:|1784698703
|switch|p2b: Ninetales|Ninetales-Alola, L50, M|100/100
|-weather|Snowscape|[from] ability: Snow Warning|[of] p2b: Ninetales
|move|p2a: Hydreigon|Earth Power|p1a: Excadrill
|-supereffective|p1a: Excadrill|1
|-damage|p1a: Excadrill|12/100
|move|p1a: Excadrill|Rock Slide|p2a: Hydreigon|[spread] p2a,p2b
|-crit|p2a: Hydreigon
|-supereffective|p2b: Ninetales|1
|-damage|p2a: Hydreigon|0 fnt
|-damage|p2b: Ninetales|57/100
|faint|p2a: Hydreigon
|
|-weather|Snowscape|[upkeep]
|upkeep
|
|t:|1784698715
|switch|p2a: Annihilape|Annihilape, L50, F|24/100
|turn|6
|
|t:|1784698719
|move|p2b: Ninetales|Blizzard|p1a: Excadrill
|-damage|p1a: Excadrill|0 fnt
|faint|p1a: Excadrill
|
|win|FreemanGordon
||iiiiiook is ready for game 2.
