|j|‽acebaltasar25
|j|☆lox1sm
|html|acebaltasar25lox1sm    
|uhtml|bestof|Game 3 of a best-of-3
|t:|1782474930
|gametype|doubles
|player|p1|acebaltasar25|169|1127
|player|p2|lox1sm|veteran|1198
|gen|9
|tier|[Gen 9 Champions] VGC 2026 Reg M-B (Bo3)
|rated|
|rule|Species Clause: Limit one of each Pokémon
|rule|Item Clause: Limit 1 of each item
|clearpoke
|poke|p1|Farigiraf, L50, F|
|poke|p1|Staraptor, L50, F|
|poke|p1|Mawile, L50, M|
|poke|p1|Camerupt, L50, F|
|poke|p1|Eelektross, L50, F|
|poke|p1|Vivillon-Fancy, L50, M|
|poke|p2|Charizard, L50, F|
|poke|p2|Metagross, L50|
|poke|p2|Aerodactyl, L50, M|
|poke|p2|Garchomp, L50, M|
|poke|p2|Sylveon, L50, M|
|poke|p2|Kingambit, L50, F|
|teampreview|4
|showteam|p1|Farigiraf||SitrusBerry|ArmorTail|TwinBeam,HelpingHand,TrickRoom,Protect|Modest||F|||50|]Staraptor||ChoiceScarf|Intimidate|FinalGambit,BraveBird,CloseCombat,Uturn|Jolly||F|||50|]Mawile||Mawilite|HyperCutter|PlayRough,IronHead,SuckerPunch,Protect|Adamant||M|||50|]Camerupt||Cameruptite|SolidRock|HeatWave,AncientPower,EarthPower,Protect|Quiet||F|||50|]Eelektross||LifeOrb|Levitate|GrassKnot,Thunderbolt,Flamethrower,Protect|Quiet||F|||50|]Vivillon-Fancy||FocusSash|CompoundEyes|Hurricane,RagePowder,SleepPowder,Protect|Timid||M|||50|
|showteam|p2|Charizard||CharizarditeY|Blaze|HeatWave,WeatherBall,SolarBeam,Protect|Modest||F|||50|]Metagross||Metagrossite|ClearBody|IronHead,PsychicFangs,StompingTantrum,Protect|Jolly|||||50|]Aerodactyl||SitrusBerry|Unnerve|RockSlide,DualWingbeat,IceFang,Tailwind|Jolly||M|||50|]Garchomp||LifeOrb|RoughSkin|DragonClaw,Earthquake,RockSlide,Protect|Jolly||M|||50|]Sylveon||FairyFeather|Pixilate|HyperVoice,HyperBeam,QuickAttack,Protect|Modest||M|||50|]Kingambit||FocusSash|Defiant|KowtowCleave,SuckerPunch,IronHead,LowKick|Adamant||F|||50|
|
|t:|1782474945
|teamsize|p1|4
|teamsize|p2|4
|start
|switch|p1a: Vivillon|Vivillon-Fancy, L50, M|100/100
|switch|p1b: Farigiraf|Farigiraf, L50, F|100/100
|switch|p2a: Aerodactyl|Aerodactyl, L50, M|100/100
|switch|p2b: Charizard|Charizard, L50, F|100/100
|-ability|p2a: Aerodactyl|Unnerve
|turn|1
|
|t:|1782474997
|switch|p2a: Sylveon|Sylveon, L50, M|100/100
|move|p2b: Charizard|Protect|p2b: Charizard
|-singleturn|p2b: Charizard|Protect
|move|p1a: Vivillon|Rage Powder|p1a: Vivillon
|-singleturn|p1a: Vivillon|move: Rage Powder
|move|p1b: Farigiraf|Trick Room|p1b: Farigiraf
|-fieldstart|move: Trick Room|[of] p1b: Farigiraf
|
|upkeep
|turn|2
|
|t:|1782475030
|switch|p1b: Camerupt|Camerupt, L50, F|100/100
|detailschange|p2b: Charizard|Charizard-Mega-Y, L50, F
|-mega|p2b: Charizard|Charizard|Charizardite Y
|-weather|SunnyDay|[from] ability: Drought|[of] p2b: Charizard
|move|p1a: Vivillon|Rage Powder|p1a: Vivillon
|-singleturn|p1a: Vivillon|move: Rage Powder
|move|p2a: Sylveon|Hyper Voice|p1b: Camerupt|[spread] p1a,p1b
|-resisted|p1b: Camerupt|1
|-damage|p1a: Vivillon|1/100
|-damage|p1b: Camerupt|70/100
|move|p2b: Charizard|Heat Wave|p1b: Camerupt|[spread] p1a,p1b
|-supereffective|p1a: Vivillon|1
|-resisted|p1b: Camerupt|1
|-damage|p1a: Vivillon|0 fnt
|-damage|p1b: Camerupt|30/100
|faint|p1a: Vivillon
|
|-weather|SunnyDay|[upkeep]
|upkeep
|
|t:|1782475042
|switch|p1a: Eelektross|Eelektross, L50, F|100/100
|turn|3
|
|t:|1782475056
|detailschange|p1b: Camerupt|Camerupt-Mega, L50, F
|-mega|p1b: Camerupt|Camerupt|Cameruptite
|move|p2b: Charizard|Protect|p2b: Charizard
|-singleturn|p2b: Charizard|Protect
|move|p1b: Camerupt|Heat Wave|p2a: Sylveon|[spread] p2a
|-activate|p2b: Charizard|move: Protect
|-damage|p2a: Sylveon|35/100
|move|p1a: Eelektross|Thunderbolt|p2b: Charizard
|-activate|p2b: Charizard|move: Protect
|move|p2a: Sylveon|Hyper Voice|p1b: Camerupt|[spread] p1a,p1b
|-resisted|p1b: Camerupt|1
|-damage|p1a: Eelektross|46/100
|-damage|p1b: Camerupt|5/100
|
|-weather|SunnyDay|[upkeep]
|upkeep
|turn|4
|
|t:|1782475072
|switch|p2b: Garchomp|Garchomp, L50, M|100/100
|move|p2a: Sylveon|Protect|p2a: Sylveon
|-singleturn|p2a: Sylveon|Protect
|move|p1b: Camerupt|Heat Wave|p2a: Sylveon|[spread] p2b
|-activate|p2a: Sylveon|move: Protect
|-resisted|p2b: Garchomp|1
|-damage|p2b: Garchomp|55/100
|move|p1a: Eelektross|Thunderbolt|p2b: Garchomp
|-immune|p2b: Garchomp
|
|-weather|SunnyDay|[upkeep]
|upkeep
|turn|5
|
|t:|1782475108
|move|p2a: Sylveon|Quick Attack|p1b: Camerupt
|-resisted|p1b: Camerupt|1
|-damage|p1b: Camerupt|0 fnt
|faint|p1b: Camerupt
|move|p1a: Eelektross|Thunderbolt|p2a: Sylveon
|-damage|p2a: Sylveon|0 fnt
|faint|p2a: Sylveon
|-damage|p1a: Eelektross|36/100|[from] item: Life Orb
|move|p2b: Garchomp|Dragon Claw|p1a: Eelektross
|-damage|p1a: Eelektross|0 fnt
|faint|p1a: Eelektross
|-damage|p2b: Garchomp|45/100|[from] item: Life Orb
|
|-weather|SunnyDay|[upkeep]
|-fieldend|move: Trick Room
|upkeep
|
|t:|1782475125
|switch|p2a: Charizard|Charizard-Mega-Y, L50, F|100/100
|switch|p1b: Farigiraf|Farigiraf, L50, F|100/100
|turn|6
|-message|acebaltasar25 forfeited.
|
|win|lox1sm
|raw|acebaltasar25's rating: 1127 → 1107(-20 for losing)
|raw|lox1sm's rating: 1198 → 1218(+20 for winning)
|l|‽acebaltasar25
|player|p1|
