|j|☆Brutalandathebozz
|j|☆Vuultur
|html|BrutalandathebozzVuultur    
|uhtml|bestof|Game 3 of a best-of-3
|t:|1756296869
|gametype|doubles
|player|p1|Brutalandathebozz|170|1260
|player|p2|Vuultur|hilbert-wonderlauncher|1150
|gen|9
|tier|[Gen 9] VGC 2025 Reg H (Bo3)
|rated|
|rule|Species Clause: Limit one of each Pokémon
|rule|Item Clause: Limit 1 of each item
|clearpoke
|poke|p1|Salamence, L50, M|
|poke|p1|Sneasler, L50, M|
|poke|p1|Kingambit, L50, F|
|poke|p1|Primarina, L50, M|
|poke|p1|Electabuzz, L50, M|
|poke|p1|Rillaboom, L50, F|
|poke|p2|Pelipper, L50, F|
|poke|p2|Archaludon, L50, M|
|poke|p2|Annihilape, L50, M|
|poke|p2|Maushold, L50|
|poke|p2|Rillaboom, L50, F|
|poke|p2|Basculegion, L50, M|
|teampreview|4
|showteam|p1|Salamence||LifeOrb|Intimidate|DualWingbeat,DracoMeteor,Protect,Tailwind|||M|||50|,,,,,Stellar]Sneasler||FocusSash|PoisonTouch|FakeOut,CloseCombat,DireClaw,Protect|||M|||50|,,,,,Ghost]Kingambit||BlackGlasses|Defiant|KowtowCleave,SuckerPunch,Protect,SwordsDance|||F|||50|,,,,,Dark]Primarina||SitrusBerry|LiquidVoice|HyperVoice,Moonblast,Protect,Haze|||M|||50|,,,,,Poison]Electabuzz||Eviolite|VitalSpirit|Protect,Taunt,FollowMe,Electroweb|||M|||50|,,,,,Ghost]Rillaboom||AssaultVest|GrassySurge|WoodHammer,GrassyGlide,FakeOut,HighHorsepower|||F|||50|,,,,,Fire
|showteam|p2|Pelipper||FocusSash|Drizzle|WeatherBall,Hurricane,Protect,Tailwind|||F|||50|,,,,,Ghost]Archaludon||AssaultVest|Stamina|ElectroShot,DracoMeteor,FlashCannon,BodyPress|||M|||50|,,,,,Grass]Annihilape||SafetyGoggles|Defiant|RageFist,DrainPunch,BulkUp,Protect|||M|||50|,,,,,Fire]Maushold||SitrusBerry|FriendGuard|BeatUp,FollowMe,Taunt,Protect||||||50|,,,,,Ghost]Rillaboom||MiracleSeed|GrassySurge|FakeOut,GrassyGlide,WoodHammer,Uturn|||F|||50|,,,,,Fire]Basculegion||ChoiceBand|SwiftSwim|WaveCrash,AquaJet,LastRespects,FlipTurn|||M|||50|,,,,,Water
|inactive|Battle timer is ON: inactive players will automatically lose when time's up. (requested by Brutalandathebozz)
|j| P4sh1
|
|t:|1756296912
|teamsize|p1|4
|teamsize|p2|4
|start
|switch|p1a: Electabuzz|Electabuzz, L50, M|100/100
|switch|p1b: Kingambit|Kingambit, L50, F|100/100
|switch|p2a: Pelipper|Pelipper, L50, F|100/100
|switch|p2b: Archaludon|Archaludon, L50, M, shiny|100/100
|-weather|RainDance|[from] ability: Drizzle|[of] p2a: Pelipper
|turn|1
|inactive|Vuultur has 30 seconds left.
|
|t:|1756296937
|move|p1b: Kingambit|Protect|p1b: Kingambit
|-singleturn|p1b: Kingambit|Protect
|move|p1a: Electabuzz|Taunt|p2a: Pelipper
|-start|p2a: Pelipper|move: Taunt
|move|p2b: Archaludon|Electro Shot||[still]
|-prepare|p2b: Archaludon|Electro Shot
|-boost|p2b: Archaludon|spa|1
|-anim|p2b: Archaludon|Electro Shot|p1b: Kingambit
|-activate|p1b: Kingambit|move: Protect
|move|p2a: Pelipper|Weather Ball|p1b: Kingambit
|-activate|p1b: Kingambit|move: Protect
|
|-weather|RainDance|[upkeep]
|upkeep
|turn|2
|
|t:|1756296945
|move|p1a: Electabuzz|Follow Me|p1a: Electabuzz
|-singleturn|p1a: Electabuzz|move: Follow Me
|move|p2b: Archaludon|Electro Shot||[still]
|-prepare|p2b: Archaludon|Electro Shot
|-boost|p2b: Archaludon|spa|1
|-anim|p2b: Archaludon|Electro Shot|p1a: Electabuzz
|-resisted|p1a: Electabuzz
|-damage|p1a: Electabuzz|69/100
|move|p2a: Pelipper|Weather Ball|p1a: Electabuzz
|-damage|p1a: Electabuzz|14/100
|move|p1b: Kingambit|Swords Dance|p1b: Kingambit
|-boost|p1b: Kingambit|atk|2
|
|-weather|RainDance|[upkeep]
|upkeep
|turn|3
|inactive|Brutalandathebozz has 30 seconds left.
|inactive|Brutalandathebozz has 20 seconds left.
|inactive|Brutalandathebozz has 15 seconds left.
|inactive|Brutalandathebozz has 10 seconds left.
|inactive|Brutalandathebozz has 5 seconds left.
|
|t:|1756296995
|move|p1b: Kingambit|Protect|p1b: Kingambit
|-singleturn|p1b: Kingambit|Protect
|move|p1a: Electabuzz|Follow Me|p1a: Electabuzz
|-singleturn|p1a: Electabuzz|move: Follow Me
|move|p2b: Archaludon|Electro Shot||[still]
|-prepare|p2b: Archaludon|Electro Shot
|-boost|p2b: Archaludon|spa|1
|-anim|p2b: Archaludon|Electro Shot|p1a: Electabuzz
|-resisted|p1a: Electabuzz
|-damage|p1a: Electabuzz|0 fnt
|faint|p1a: Electabuzz
|move|p2a: Pelipper|Weather Ball|p1b: Kingambit
|-activate|p1b: Kingambit|move: Protect
|
|-weather|RainDance|[upkeep]
|-end|p2a: Pelipper|move: Taunt
|upkeep
|
|t:|1756297005
|switch|p1a: Sneasler|Sneasler, L50, M|100/100
|turn|4
|
|t:|1756297021
|-terastallize|p2a: Pelipper|Ghost
|-terastallize|p1b: Kingambit|Dark
|move|p1a: Sneasler|Fake Out|p2b: Archaludon
|-resisted|p2b: Archaludon
|-damage|p2b: Archaludon|95/100
|-ability|p2b: Archaludon|Stamina|boost
|-boost|p2b: Archaludon|def|1
|cant|p2b: Archaludon|flinch
|move|p2a: Pelipper|Tailwind|p2a: Pelipper
|-sidestart|p2: Vuultur|move: Tailwind
|move|p1b: Kingambit|Kowtow Cleave|p2b: Archaludon
|-damage|p2b: Archaludon|20/100
|-ability|p2b: Archaludon|Stamina|boost
|-boost|p2b: Archaludon|def|1
|
|-weather|RainDance|[upkeep]
|upkeep
|turn|5
|
|t:|1756297044
|switch|p2b: Rillaboom|Rillaboom, L50, F|100/100
|-fieldstart|move: Grassy Terrain|[from] ability: Grassy Surge|[of] p2b: Rillaboom
|move|p1a: Sneasler|Protect|p1a: Sneasler
|-singleturn|p1a: Sneasler|Protect
|move|p1b: Kingambit|Sucker Punch||[still]
|-fail|p1b: Kingambit
|move|p2a: Pelipper|Hurricane|p1a: Sneasler
|-activate|p1a: Sneasler|move: Protect
|
|-weather|none
|upkeep
|turn|6
|inactive|Vuultur has 30 seconds left.
|inactive|Brutalandathebozz has 30 seconds left.
|
|t:|1756297085
|switch|p1a: Primarina|Primarina, L50, M|100/100
|move|p2a: Pelipper|Hurricane|p1b: Kingambit|[miss]
|-miss|p2a: Pelipper|p1b: Kingambit
|move|p2b: Rillaboom|U-turn|p1b: Kingambit
|-supereffective|p1b: Kingambit
|-damage|p1b: Kingambit|62/100
|
|t:|1756297094
|switch|p2b: Archaludon|Archaludon, L50, M, shiny|20/100|[from] U-turn
|move|p1b: Kingambit|Kowtow Cleave|p2b: Archaludon
|-damage|p2b: Archaludon|0 fnt
|faint|p2b: Archaludon
|
|-heal|p1b: Kingambit|68/100|[from] Grassy Terrain
|upkeep
|
|t:|1756297099
|switch|p2b: Rillaboom|Rillaboom, L50, F|100/100
|turn|7
|inactive|Brutalandathebozz has 30 seconds left.
|
|t:|1756297131
|switch|p2a: Basculegion|Basculegion, L50, M|100/100
|move|p1b: Kingambit|Sucker Punch||[still]
|-fail|p1b: Kingambit
|move|p2b: Rillaboom|U-turn|p1b: Kingambit
|-supereffective|p1b: Kingambit
|-damage|p1b: Kingambit|30/100
|
|t:|1756297137
|switch|p2b: Pelipper|Pelipper, L50, F, tera:Ghost|100/100|[from] U-turn
|-weather|RainDance|[from] ability: Drizzle|[of] p2b: Pelipper
|move|p1a: Primarina|Moonblast|p2a: Basculegion
|-damage|p2a: Basculegion|51/100
|
|-weather|RainDance|[upkeep]
|-heal|p2a: Basculegion|57/100|[from] Grassy Terrain
|-heal|p1b: Kingambit|36/100|[from] Grassy Terrain
|-sideend|p2: Vuultur|move: Tailwind
|upkeep
|turn|8
|
|t:|1756297155
|move|p2a: Basculegion|Aqua Jet|p1b: Kingambit
|-damage|p1b: Kingambit|2/100
|move|p1b: Kingambit|Sucker Punch||[still]
|-fail|p1b: Kingambit
|move|p2b: Pelipper|Tailwind|p2b: Pelipper
|-sidestart|p2: Vuultur|move: Tailwind
|move|p1a: Primarina|Hyper Voice|p2b: Pelipper|[spread] p2a,p2b
|-resisted|p2a: Basculegion
|-crit|p2a: Basculegion
|-damage|p2a: Basculegion|13/100
|-damage|p2b: Pelipper|9/100
|
|-weather|RainDance|[upkeep]
|-heal|p2a: Basculegion|19/100|[from] Grassy Terrain
|-heal|p2b: Pelipper|15/100|[from] Grassy Terrain
|-heal|p1b: Kingambit|8/100|[from] Grassy Terrain
|upkeep
|turn|9
|
|t:|1756297177
|move|p2b: Pelipper|Protect|p2b: Pelipper
|-singleturn|p2b: Pelipper|Protect
|move|p2a: Basculegion|Aqua Jet|p1b: Kingambit
|-damage|p1b: Kingambit|0 fnt
|faint|p1b: Kingambit
|move|p1a: Primarina|Hyper Voice|p2a: Basculegion|[spread] p2a
|-activate|p2b: Pelipper|move: Protect
|-resisted|p2a: Basculegion
|-damage|p2a: Basculegion|0 fnt
|faint|p2a: Basculegion
|
|-weather|RainDance|[upkeep]
|-heal|p2b: Pelipper|21/100|[from] Grassy Terrain
|-fieldend|move: Grassy Terrain
|upkeep
|
|t:|1756297185
|switch|p2a: Rillaboom|Rillaboom, L50, F|100/100
|switch|p1b: Sneasler|Sneasler, L50, M|100/100
|-fieldstart|move: Grassy Terrain|[from] ability: Grassy Surge|[of] p2a: Rillaboom
|turn|10
|inactive|Brutalandathebozz has 30 seconds left.
|
|t:|1756297213
|move|p2a: Rillaboom|Fake Out|p1a: Primarina
|-damage|p1a: Primarina|84/100
|move|p2b: Pelipper|Hurricane|p1a: Primarina
|-damage|p1a: Primarina|43/100
|-start|p1a: Primarina|confusion
|-enditem|p1a: Primarina|Sitrus Berry|[eat]
|-heal|p1a: Primarina|67/100|[from] item: Sitrus Berry
|move|p1b: Sneasler|Dire Claw|p2b: Pelipper
|-resisted|p2b: Pelipper
|-damage|p2b: Pelipper|0 fnt
|faint|p2b: Pelipper
|cant|p1a: Primarina|flinch
|
|-weather|RainDance|[upkeep]
|-heal|p1a: Primarina|73/100|[from] Grassy Terrain
|upkeep
|turn|11
|
|t:|1756297234
|move|p1b: Sneasler|Protect|p1b: Sneasler
|-singleturn|p1b: Sneasler|Protect
|move|p2a: Rillaboom|Grassy Glide|p1a: Primarina
|-supereffective|p1a: Primarina
|-damage|p1a: Primarina|0 fnt
|faint|p1a: Primarina
|
|-weather|none
|-sideend|p2: Vuultur|move: Tailwind
|upkeep
|turn|12
|
|t:|1756297242
|move|p2a: Rillaboom|Grassy Glide|p1b: Sneasler
|-resisted|p1b: Sneasler
|-damage|p1b: Sneasler|64/100
|move|p1b: Sneasler|Dire Claw|p2a: Rillaboom
|-supereffective|p2a: Rillaboom
|-damage|p2a: Rillaboom|16/100
|-status|p2a: Rillaboom|psn|[from] ability: Poison Touch|[of] p1b: Sneasler
|
|-heal|p1b: Sneasler|70/100|[from] Grassy Terrain
|-heal|p2a: Rillaboom|22/100 psn|[from] Grassy Terrain
|-damage|p2a: Rillaboom|10/100 psn|[from] psn
|upkeep
|turn|13
|
|t:|1756297252
|move|p1b: Sneasler|Protect|p1b: Sneasler
|-singleturn|p1b: Sneasler|Protect
|move|p2a: Rillaboom|Grassy Glide|p1b: Sneasler
|-activate|p1b: Sneasler|move: Protect
|
|-heal|p1b: Sneasler|75/100|[from] Grassy Terrain
|-heal|p2a: Rillaboom|16/100 psn|[from] Grassy Terrain
|-damage|p2a: Rillaboom|3/100 psn|[from] psn
|upkeep
|turn|14
|
|t:|1756297262
|move|p2a: Rillaboom|Grassy Glide|p1b: Sneasler
|-resisted|p1b: Sneasler
|-damage|p1b: Sneasler|42/100
|move|p1b: Sneasler|Dire Claw|p2a: Rillaboom
|-supereffective|p2a: Rillaboom
|-damage|p2a: Rillaboom|0 fnt
|faint|p2a: Rillaboom
|
|win|Brutalandathebozz
|raw|Brutalandathebozz's rating: 1260 → 1277(+17 for winning)
|raw|Vuultur's rating: 1150 → 1133(-17 for losing)
|l|☆Vuultur
|player|p2|
|l| P4sh1
