|j|☆toxiccroc12
|j|☆celadonwhirlwind
|html|toxiccroc12celadonwhirlwind    
|uhtml|bestof|Game 2 of a best-of-3
|t:|1783880224
|gametype|doubles
|player|p1|toxiccroc12|2|1097
|player|p2|celadonwhirlwind|1|1167
|gen|9
|tier|[Gen 9 Champions] VGC 2026 Reg M-B (Bo3)
|rated|
|rule|Species Clause: Limit one of each Pokémon
|rule|Item Clause: Limit 1 of each item
|clearpoke
|poke|p1|Floette-Eternal, L50, F|
|poke|p1|Incineroar, L50, F|
|poke|p1|Sinistcha, L50|
|poke|p1|Delphox, L50, F|
|poke|p1|Sneasler, L50, F|
|poke|p1|Kingambit, L50, F|
|poke|p2|Froslass, L50, F|
|poke|p2|Scovillain, L50, M|
|poke|p2|Basculegion, L50, M|
|poke|p2|Kingambit, L50, F|
|poke|p2|Sneasler, L50, F|
|poke|p2|Lycanroc-Dusk, L50, F|
|teampreview|4
|showteam|p1|Floette-Eternal||Floettite|FlowerVeil|DazzlingGleam,DrainingKiss,CalmMind,Protect|Modest||F|||50|]Incineroar||SitrusBerry|Intimidate|FlareBlitz,FakeOut,PartingShot,HelpingHand|Impish||F|||50|]Sinistcha||OccaBerry|Hospitality|MatchaGotcha,RagePowder,TrickRoom,Protect|Relaxed|||||50|]Delphox||Delphoxite|Blaze|HeatWave,Psyshock,NastyPlot,Protect|Timid||F|||50|]Sneasler||FocusSash|PoisonTouch|PoisonJab,CloseCombat,FakeOut,QuickGuard|Jolly||F|||50|]Kingambit||BlackGlasses|Defiant|KowtowCleave,SuckerPunch,SwordsDance,Protect|Adamant||F|||50|
|showteam|p2|Froslass||Froslassite|CursedBody|Blizzard,ShadowBall,AuroraVeil,Protect|Timid||F|||50|]Scovillain||Scovillainite|Moody|Overheat,RagePowder,GigaDrain,Protect|Bold||M|||50|]Basculegion||SitrusBerry|Adaptability|LastRespects,WaveCrash,AquaJet,Protect|Adamant||M|||50|]Kingambit||LifeOrb|Defiant|KowtowCleave,SuckerPunch,SwordsDance,Protect|Adamant||F|||50|]Sneasler||WhiteHerb|Unburden|DireClaw,CloseCombat,FakeOut,Protect|Adamant||F|||50|]Lycanroc-Dusk||FocusSash|ToughClaws|RockSlide,Accelerock,CloseCombat,Protect|Adamant||F|||50|
|inactive|Battle timer is ON: inactive players will automatically lose when time's up. (requested by celadonwhirlwind)
|inactive|toxiccroc12 has 60 seconds left.
|
|t:|1783880272
|teamsize|p1|4
|teamsize|p2|4
|start
|switch|p1a: Delphox|Delphox, L50, F|100/100
|switch|p1b: Sneasler|Sneasler, L50, F|100/100
|switch|p2a: Scovillain|Scovillain, L50, M|100/100
|switch|p2b: Basculegion|Basculegion, L50, M|100/100
|turn|1
|inactive|celadonwhirlwind has 30 seconds left.
|inactive|toxiccroc12 has 30 seconds left.
|
|t:|1783880304
|detailschange|p1a: Delphox|Delphox-Mega, L50, F
|-mega|p1a: Delphox|Delphox|Delphoxite
|detailschange|p2a: Scovillain|Scovillain-Mega, L50, M
|-mega|p2a: Scovillain|Scovillain|Scovillainite
|move|p1a: Delphox|Protect|p1a: Delphox
|-singleturn|p1a: Delphox|Protect
|move|p2a: Scovillain|Protect|p2a: Scovillain
|-singleturn|p2a: Scovillain|Protect
|move|p1b: Sneasler|Poison Jab|p2a: Scovillain
|-activate|p2a: Scovillain|move: Protect
|move|p2b: Basculegion|Wave Crash|p1a: Delphox
|-activate|p1a: Delphox|move: Protect
|
|upkeep
|turn|2
|
|t:|1783880326
|switch|p1a: Kingambit|Kingambit, L50, F|100/100
|switch|p2a: Kingambit|Kingambit, L50, F|100/100
|move|p1b: Sneasler|Poison Jab|p2a: Kingambit
|-immune|p2a: Kingambit
|move|p2b: Basculegion|Wave Crash|p1a: Kingambit
|-damage|p1a: Kingambit|44/100
|-damage|p2b: Basculegion|82/100|[from] Recoil
|
|upkeep
|turn|3
|
|t:|1783880347
|switch|p2a: Scovillain|Scovillain-Mega, L50, M|100/100
|move|p2b: Basculegion|Protect|p2b: Basculegion
|-singleturn|p2b: Basculegion|Protect
|move|p1a: Kingambit|Sucker Punch||[still]
|-fail|p1a: Kingambit
|move|p1b: Sneasler|Poison Jab|p2a: Scovillain
|-supereffective|p2a: Scovillain|1
|-damage|p2a: Scovillain|12/100
|-status|p1b: Sneasler|brn|[from] ability: Spicy Spray|[of] p2a: Scovillain
|
|-damage|p1b: Sneasler|94/100 brn|[from] brn
|upkeep
|turn|4
|inactive|toxiccroc12 has 30 seconds left.
|
|t:|1783880375
|switch|p1b: Sinistcha|Sinistcha, L50|100/100
|-heal|p1a: Kingambit|69/100|[from] ability: Hospitality|[of] p1b: Sinistcha
|move|p2a: Scovillain|Protect|p2a: Scovillain
|-singleturn|p2a: Scovillain|Protect
|move|p2b: Basculegion|Aqua Jet|p1a: Kingambit
|-damage|p1a: Kingambit|49/100
|move|p1a: Kingambit|Swords Dance|p1a: Kingambit
|-boost|p1a: Kingambit|atk|2
|
|upkeep
|turn|5
|inactive|toxiccroc12 has 30 seconds left.
|inactive|celadonwhirlwind has 30 seconds left.
|inactive|toxiccroc12 has 20 seconds left.
|
|t:|1783880410
|switch|p2b: Kingambit|Kingambit, L50, F|100/100
|move|p1a: Kingambit|Protect|p1a: Kingambit
|-singleturn|p1a: Kingambit|Protect
|move|p2a: Scovillain|Rage Powder|p2a: Scovillain
|-singleturn|p2a: Scovillain|move: Rage Powder
|move|p1b: Sinistcha|Matcha Gotcha|p2a: Scovillain|[spread] p2a
|-miss|p1b: Sinistcha|p2b: Kingambit
|-resisted|p2a: Scovillain|2
|-damage|p2a: Scovillain|6/100
|-status|p1b: Sinistcha|brn|[from] ability: Spicy Spray|[of] p2a: Scovillain
|
|-damage|p1b: Sinistcha|93/100 brn|[from] brn
|upkeep
|turn|6
|inactive|toxiccroc12 has 30 seconds left.
|
|t:|1783880443
|switch|p1b: Sneasler|Sneasler, L50, F|94/100 brn
|move|p2a: Scovillain|Rage Powder|p2a: Scovillain
|-singleturn|p2a: Scovillain|move: Rage Powder
|move|p1a: Kingambit|Swords Dance|p1a: Kingambit
|-boost|p1a: Kingambit|atk|2
|move|p2b: Kingambit|Kowtow Cleave|p1b: Sneasler
|-resisted|p1b: Sneasler|1
|-damage|p1b: Sneasler|43/100 brn
|-damage|p2b: Kingambit|90/100|[from] item: Life Orb
|
|-damage|p1b: Sneasler|38/100 brn|[from] brn
|upkeep
|turn|7
|inactive|toxiccroc12 has 30 seconds left.
|inactive|celadonwhirlwind has 30 seconds left.
|
|t:|1783880473
|move|p2a: Scovillain|Protect|p2a: Scovillain
|-singleturn|p2a: Scovillain|Protect
|move|p2b: Kingambit|Protect|p2b: Kingambit
|-singleturn|p2b: Kingambit|Protect
|move|p1b: Sneasler|Close Combat|p2b: Kingambit
|-activate|p2b: Kingambit|move: Protect
|move|p1a: Kingambit|Kowtow Cleave|p2a: Scovillain
|-activate|p2a: Scovillain|move: Protect
|
|-damage|p1b: Sneasler|32/100 brn|[from] brn
|upkeep
|turn|8
|
|t:|1783880494
|switch|p1b: Sinistcha|Sinistcha, L50|93/100 brn
|-heal|p1a: Kingambit|73/100|[from] ability: Hospitality|[of] p1b: Sinistcha
|move|p1a: Kingambit|Protect|p1a: Kingambit
|-singleturn|p1a: Kingambit|Protect
|move|p2b: Kingambit|Sucker Punch||[still]
|-fail|p2b: Kingambit
|move|p2a: Scovillain|Overheat|p1a: Kingambit
|-activate|p1a: Kingambit|move: Protect
|
|-damage|p1b: Sinistcha|87/100 brn|[from] brn
|upkeep
|turn|9
|inactive|toxiccroc12 has 30 seconds left.
|
|t:|1783880524
|move|p1b: Sinistcha|Protect|p1b: Sinistcha
|-singleturn|p1b: Sinistcha|Protect
|move|p2a: Scovillain|Rage Powder|p2a: Scovillain
|-singleturn|p2a: Scovillain|move: Rage Powder
|move|p1a: Kingambit|Kowtow Cleave|p2a: Scovillain
|-damage|p2a: Scovillain|0 fnt
|-status|p1a: Kingambit|brn|[from] ability: Spicy Spray|[of] p2a: Scovillain
|faint|p2a: Scovillain
|move|p2b: Kingambit|Kowtow Cleave|p1b: Sinistcha
|-activate|p1b: Sinistcha|move: Protect
|
|-damage|p1b: Sinistcha|81/100 brn|[from] brn
|-damage|p1a: Kingambit|67/100 brn|[from] brn
|upkeep
|
|t:|1783880538
|switch|p2a: Basculegion|Basculegion, L50, M|82/100
|turn|10
|inactive|toxiccroc12 has 30 seconds left.
|
|t:|1783880565
|move|p2a: Basculegion|Protect|p2a: Basculegion
|-singleturn|p2a: Basculegion|Protect
|move|p1b: Sinistcha|Rage Powder|p1b: Sinistcha
|-singleturn|p1b: Sinistcha|move: Rage Powder
|move|p1a: Kingambit|Kowtow Cleave|p2a: Basculegion
|-activate|p2a: Basculegion|move: Protect
|move|p2b: Kingambit|Swords Dance|p2b: Kingambit
|-boost|p2b: Kingambit|atk|2
|
|-damage|p1b: Sinistcha|75/100 brn|[from] brn
|-damage|p1a: Kingambit|62/100 brn|[from] brn
|upkeep
|turn|11
|
|t:|1783880587
|switch|p2a: Sneasler|Sneasler, L50, F|100/100
|move|p1b: Sinistcha|Rage Powder|p1b: Sinistcha
|-singleturn|p1b: Sinistcha|move: Rage Powder
|move|p1a: Kingambit|Kowtow Cleave|p2a: Sneasler
|-resisted|p2a: Sneasler|1
|-damage|p2a: Sneasler|18/100
|move|p2b: Kingambit|Kowtow Cleave|p1b: Sinistcha
|-supereffective|p1b: Sinistcha|1
|-damage|p1b: Sinistcha|0 fnt
|faint|p1b: Sinistcha
|-damage|p2b: Kingambit|80/100|[from] item: Life Orb
|
|-damage|p1a: Kingambit|56/100 brn|[from] brn
|upkeep
|
|t:|1783880594
|switch|p1b: Delphox|Delphox-Mega, L50, F|100/100
|turn|12
|inactive|toxiccroc12 has 30 seconds left.
|
|t:|1783880623
|move|p2a: Sneasler|Fake Out|p1a: Kingambit
|-resisted|p1a: Kingambit|1
|-damage|p1a: Kingambit|50/100g brn
|cant|p1a: Kingambit|flinch
|move|p2b: Kingambit|Sucker Punch|p1b: Delphox
|-supereffective|p1b: Delphox|1
|-damage|p1b: Delphox|0 fnt
|faint|p1b: Delphox
|-damage|p2b: Kingambit|71/100|[from] item: Life Orb
|
|-damage|p1a: Kingambit|44/100 brn|[from] brn
|upkeep
|
|t:|1783880630
|switch|p1b: Sneasler|Sneasler, L50, F|32/100 brn
|turn|13
|
|t:|1783880653
|move|p2a: Sneasler|Protect|p2a: Sneasler
|-singleturn|p2a: Sneasler|Protect
|move|p2b: Kingambit|Protect|p2b: Kingambit
|-singleturn|p2b: Kingambit|Protect
|move|p1b: Sneasler|Fake Out|p2a: Sneasler
|-activate|p2a: Sneasler|move: Protect
|move|p1a: Kingambit|Kowtow Cleave|p2b: Kingambit
|-activate|p2b: Kingambit|move: Protect
|
|-damage|p1b: Sneasler|26/100 brn|[from] brn
|-damage|p1a: Kingambit|38/100 brn|[from] brn
|upkeep
|turn|14
|inactive|toxiccroc12 has 30 seconds left.
|inactive|toxiccroc12 has 20 seconds left.
|
|t:|1783880689
|move|p2b: Kingambit|Sucker Punch|p1b: Sneasler
|-resisted|p1b: Sneasler|1
|-damage|p1b: Sneasler|0 fnt
|faint|p1b: Sneasler
|-damage|p2b: Kingambit|61/100|[from] item: Life Orb
|move|p2a: Sneasler|Close Combat|p1a: Kingambit
|-supereffective|p1a: Kingambit|2
|-damage|p1a: Kingambit|0 fnt
|-unboost|p2a: Sneasler|def|1
|-unboost|p2a: Sneasler|spd|1
|faint|p1a: Kingambit
|
|win|celadonwhirlwind
|raw|toxiccroc12's rating: 1097 → 1077(-20 for losing)
|raw|celadonwhirlwind's rating: 1167 → 1187(+20 for winning)
|c|☆toxiccroc12|gg
|c|☆celadonwhirlwind|gg
