|j|☆CooledThePubbers
|j|☆MegaJouleVGC
|html|CooledThePubbersMegaJouleVGC    
|uhtml|bestof|Game 2 of a best-of-3
|t:|1785416838
|gametype|doubles
|player|p1|CooledThePubbers|2|1337
|player|p2|MegaJouleVGC|artist|1362
|gen|9
|tier|[Gen 9 Champions] VGC 2026 Reg M-B (Bo3)
|rated|
|rule|Species Clause: Limit one of each Pokémon
|rule|Item Clause: Limit 1 of each item
|clearpoke
|poke|p1|Lucario, L50, M|
|poke|p1|Delphox, L50, M|
|poke|p1|Basculegion, L50, M|
|poke|p1|Whimsicott, L50, F|
|poke|p1|Aerodactyl, L50, M|
|poke|p1|Kingambit, L50, F|
|poke|p2|Staraptor, L50, F|
|poke|p2|Whimsicott, L50, M|
|poke|p2|Kingambit, L50, M|
|poke|p2|Toxapex, L50, M|
|poke|p2|Sinistcha, L50|
|poke|p2|Incineroar, L50, F|
|teampreview|4
|showteam|p1|Lucario||FocusSash|InnerFocus|UpperHand,ExtremeSpeed,BulletPunch,CloseCombat|Jolly||M|||50|]Delphox||Delphoxite|Magician|HeatWave,Psychic,Substitute,Protect|Timid||M|||50|]Basculegion||ChoiceScarf|SwiftSwim|AquaJet,FlipTurn,WaveCrash,LastRespects|Jolly||M|||50|]Whimsicott||FairyFeather|Prankster|Moonblast,Tailwind,Encore,Protect|Timid||F|||50|]Aerodactyl||Aerodactylite|Unnerve|RockSlide,DualWingbeat,IceFang,Protect|Jolly||M|||50|]Kingambit||ChopleBerry|Defiant|KowtowCleave,SuckerPunch,SwordsDance,IronHead|Adamant||F|||50|
|showteam|p2|Staraptor||Staraptite|Intimidate|CloseCombat,BraveBird,Roost,Protect|Jolly||F|||50|]Whimsicott||FairyFeather|Prankster|Tailwind,Moonblast,Charm,Protect|Timid||M|||50|]Kingambit||FocusSash|Defiant|SuckerPunch,IronHead,KowtowCleave,Protect|Adamant||M|||50|]Toxapex||Leftovers|Regenerator|WideGuard,Toxic,Infestation,BanefulBunker|Sassy||M|||50|]Sinistcha||CobaBerry|Hospitality|TrickRoom,RagePowder,MatchaGotcha,Protect|Relaxed|||||50|]Incineroar||SitrusBerry|Intimidate|FakeOut,FlareBlitz,ThroatChop,PartingShot|Adamant||F|||50|
|inactive|Battle timer is ON: inactive players will automatically lose when time's up. (requested by CooledThePubbers)
|inactive|MegaJouleVGC also wants the timer to be on.
|inactive|CooledThePubbers has 60 seconds left.
|inactive|MegaJouleVGC has 60 seconds left.
|inactive|CooledThePubbers has 30 seconds left.
|
|t:|1785416901
|teamsize|p1|4
|teamsize|p2|4
|start
|switch|p1a: Delphox|Delphox, L50, M|100/100
|switch|p1b: Lucario|Lucario, L50, M|100/100
|switch|p2a: Sinistcha|Sinistcha, L50|100/100
|switch|p2b: Incineroar|Incineroar, L50, F|100/100
|-ability|p2b: Incineroar|Intimidate|boost
|-unboost|p1a: Delphox|atk|1
|-fail|p1b: Lucario|unboost|Attack|[from] ability: Inner Focus|[of] p1b: Lucario
|turn|1
|inactive|MegaJouleVGC has 30 seconds left.
|inactive|MegaJouleVGC has 20 seconds left.
|inactive|MegaJouleVGC has 15 seconds left.
|inactive|MegaJouleVGC has 10 seconds left.
|
|t:|1785416949
|detailschange|p1a: Delphox|Delphox-Mega, L50, M
|-mega|p1a: Delphox|Delphox|Delphoxite
|move|p1a: Delphox|Protect|p1a: Delphox
|-singleturn|p1a: Delphox|Protect
|move|p2a: Sinistcha|Rage Powder|p2a: Sinistcha
|-singleturn|p2a: Sinistcha|move: Rage Powder
|move|p1b: Lucario|Close Combat|p2a: Sinistcha
|-immune|p2a: Sinistcha
|move|p2b: Incineroar|Flare Blitz|p1b: Lucario
|-supereffective|p1b: Lucario|1
|-enditem|p1b: Lucario|Focus Sash
|-damage|p1b: Lucario|1/100
|-damage|p2b: Incineroar|73/100|[from] Recoil
|
|upkeep
|turn|2
|inactive|MegaJouleVGC has 30 seconds left.
|inactive|MegaJouleVGC has 20 seconds left.
|inactive|MegaJouleVGC has 15 seconds left.
|inactive|MegaJouleVGC has 10 seconds left.
|inactive|MegaJouleVGC has 5 seconds left.
|
|t:|1785417000
|switch|p2b: Staraptor|Staraptor, L50, F|100/100
|-ability|p2b: Staraptor|Intimidate|boost
|-unboost|p1a: Delphox|atk|1
|-fail|p1b: Lucario|unboost|Attack|[from] ability: Inner Focus|[of] p1b: Lucario
|move|p2a: Sinistcha|Protect|p2a: Sinistcha
|-singleturn|p2a: Sinistcha|Protect
|move|p1a: Delphox|Substitute|p1a: Delphox
|-start|p1a: Delphox|Substitute
|-damage|p1a: Delphox|75/100
|move|p1b: Lucario|Close Combat|p2b: Staraptor
|-damage|p2b: Staraptor|34/100
|-unboost|p1b: Lucario|def|1
|-unboost|p1b: Lucario|spd|1
|
|upkeep
|turn|3
|inactive|MegaJouleVGC has 30 seconds left.
|inactive|MegaJouleVGC has 20 seconds left.
|inactive|MegaJouleVGC has 15 seconds left.
|inactive|MegaJouleVGC has 10 seconds left.
|
|t:|1785417047
|switch|p1b: Whimsicott|Whimsicott, L50, F|100/100
|switch|p2a: Incineroar|Incineroar, L50, F|73/100
|-ability|p2a: Incineroar|Intimidate|boost
|-immune|p1a: Delphox
|-unboost|p1b: Whimsicott|atk|1
|move|p2b: Staraptor|Protect|p2b: Staraptor
|-singleturn|p2b: Staraptor|Protect
|move|p1a: Delphox|Heat Wave|p2b: Staraptor|[spread] p2a
|-activate|p2b: Staraptor|move: Protect
|-resisted|p2a: Incineroar|1
|-damage|p2a: Incineroar|54/100
|
|upkeep
|turn|4
|inactive|MegaJouleVGC has 30 seconds left.
|
|t:|1785417072
|switch|p1b: Basculegion|Basculegion, L50, M|100/100
|switch|p2b: Sinistcha|Sinistcha, L50|100/100
|-heal|p2a: Incineroar|78/100|[from] ability: Hospitality|[of] p2b: Sinistcha
|move|p1a: Delphox|Heat Wave|p2a: Incineroar|[spread] p2a,p2b
|-resisted|p2a: Incineroar|1
|-supereffective|p2b: Sinistcha|1
|-damage|p2a: Incineroar|60/100
|-damage|p2b: Sinistcha|7/100
|move|p2a: Incineroar|Throat Chop|p1a: Delphox
|-supereffective|p1a: Delphox|1
|-end|p1a: Delphox|Substitute
|
|upkeep
|turn|5
|inactive|MegaJouleVGC has 30 seconds left.
|
|t:|1785417098
|move|p2b: Sinistcha|Rage Powder|p2b: Sinistcha
|-singleturn|p2b: Sinistcha|move: Rage Powder
|move|p1b: Basculegion|Flip Turn|p2b: Sinistcha
|-resisted|p2b: Sinistcha|1
|-damage|p2b: Sinistcha|0 fnt
|faint|p2b: Sinistcha
|
|t:|1785417107
|switch|p1b: Whimsicott|Whimsicott, L50, F|100/100|[from] Flip Turn
|move|p1a: Delphox|Substitute|p1a: Delphox
|-start|p1a: Delphox|Substitute
|-damage|p1a: Delphox|50/100y
|move|p2a: Incineroar|Throat Chop|p1b: Whimsicott
|-resisted|p1b: Whimsicott|1
|-damage|p1b: Whimsicott|75/100
|-start|p1b: Whimsicott|Throat Chop|[silent]
|
|upkeep
|
|t:|1785417114
|switch|p2b: Kingambit|Kingambit, L50, M|100/100
|turn|6
|
|t:|1785417136
|move|p1a: Delphox|Protect|p1a: Delphox
|-singleturn|p1a: Delphox|Protect
|move|p2b: Kingambit|Protect|p2b: Kingambit
|-singleturn|p2b: Kingambit|Protect
|move|p1b: Whimsicott|Moonblast|p2b: Kingambit
|-activate|p2b: Kingambit|move: Protect
|move|p2a: Incineroar|Throat Chop|p1a: Delphox
|-activate|p1a: Delphox|move: Protect
|
|-end|p1b: Whimsicott|Throat Chop|[silent]
|upkeep
|turn|7
|
|t:|1785417154
|switch|p2b: Staraptor|Staraptor, L50, F|34/100
|-ability|p2b: Staraptor|Intimidate|boost
|-immune|p1a: Delphox
|-unboost|p1b: Whimsicott|atk|1
|move|p1a: Delphox|Heat Wave|p2a: Incineroar|[spread] p2a,p2b
|-resisted|p2a: Incineroar|1
|-damage|p2a: Incineroar|42/100
|-damage|p2b: Staraptor|0 fnt
|-enditem|p2a: Incineroar|Sitrus Berry|[eat]
|-heal|p2a: Incineroar|66/100|[from] item: Sitrus Berry
|faint|p2b: Staraptor
|move|p1b: Whimsicott|Moonblast|p2a: Incineroar
|-damage|p2a: Incineroar|31/100
|move|p2a: Incineroar|Throat Chop|p1a: Delphox
|-supereffective|p1a: Delphox|1
|-end|p1a: Delphox|Substitute
|
|upkeep
|
|t:|1785417160
|switch|p2b: Kingambit|Kingambit, L50, M|100/100
|turn|8
|inactive|MegaJouleVGC has 30 seconds left.
|
|t:|1785417188
|move|p1a: Delphox|Protect|p1a: Delphox
|-singleturn|p1a: Delphox|Protect
|move|p1b: Whimsicott|Moonblast|p2a: Incineroar
|-damage|p2a: Incineroar|1/100
|-unboost|p2a: Incineroar|spa|1
|move|p2b: Kingambit|Iron Head|p1b: Whimsicott
|-supereffective|p1b: Whimsicott|1
|-damage|p1b: Whimsicott|0 fnt
|faint|p1b: Whimsicott
|move|p2a: Incineroar|Throat Chop|p1a: Delphox
|-activate|p1a: Delphox|move: Protect
|
|upkeep
|
|t:|1785417196
|switch|p1b: Lucario|Lucario, L50, M|1/100
|turn|9
|
|t:|1785417212
|move|p2b: Kingambit|Protect|p2b: Kingambit
|-singleturn|p2b: Kingambit|Protect
|move|p1b: Lucario|Upper Hand||[still]
|-fail|p1b: Lucario
|move|p1a: Delphox|Heat Wave|p2b: Kingambit|[spread] p2a
|-activate|p2b: Kingambit|move: Protect
|-resisted|p2a: Incineroar|1
|-damage|p2a: Incineroar|0 fnt
|faint|p2a: Incineroar
|
|upkeep
|turn|10
|
|t:|1785417219
|move|p1b: Lucario|Upper Hand||[still]
|-fail|p1b: Lucario
|move|p1a: Delphox|Substitute|p1a: Delphox
|-start|p1a: Delphox|Substitute
|-damage|p1a: Delphox|25/100
|move|p2b: Kingambit|Kowtow Cleave|p1a: Delphox
|-supereffective|p1a: Delphox|1
|-end|p1a: Delphox|Substitute
|
|upkeep
|turn|11
|
|t:|1785417229
|move|p1b: Lucario|Upper Hand|p2b: Kingambit
|-supereffective|p2b: Kingambit|2
|-enditem|p2b: Kingambit|Focus Sash
|-damage|p2b: Kingambit|1/100
|cant|p2b: Kingambit|flinch
|move|p1a: Delphox|Heat Wave|p2b: Kingambit
|-supereffective|p2b: Kingambit|1
|-damage|p2b: Kingambit|0 fnt
|faint|p2b: Kingambit
|
|win|CooledThePubbers
|raw|CooledThePubbers's rating: 1337 → 1358(+21 for winning)
|raw|MegaJouleVGC's rating: 1362 → 1341(-21 for losing)
|l|☆MegaJouleVGC
|player|p2|
