|j|☆1karrow
|j|☆Fell Blue
|html|1karrowFell Blue    
|uhtml|bestof|Game 2 of a best-of-3
|t:|1782435225
|gametype|doubles
|player|p1|1karrow|cynthia-masters4|
|player|p2|Fell Blue|gwynn|
|gen|9
|tier|[Gen 9 Champions] VGC 2026 Reg M-B (Bo3)
|rule|Species Clause: Limit one of each Pokémon
|rule|Item Clause: Limit 1 of each item
|clearpoke
|poke|p1|Charizard, L50, F, shiny|
|poke|p1|Wyrdeer, L50, F|
|poke|p1|Kingambit, L50, F, shiny|
|poke|p1|Staraptor, L50, F|
|poke|p1|Sinistcha, L50|
|poke|p1|Incineroar, L50, F|
|poke|p2|Mawile, L50, F|
|poke|p2|Gyarados, L50, M|
|poke|p2|Farigiraf, L50, F|
|poke|p2|Torkoal, L50, M|
|poke|p2|Kangaskhan, L50, F|
|poke|p2|Basculegion, L50, M|
|teampreview|4
|showteam|p1|Charizard||CharizarditeY|Blaze|WeatherBall,HeatWave,Roost,Protect|Bold||F|||50|]Wyrdeer||BrightPowder|Intimidate|PsyshieldBash,HelpingHand,SkillSwap,Protect|Jolly||F|||50|]Kingambit||BlackGlasses|Defiant|KowtowCleave,SuckerPunch,SwordsDance,Protect|Adamant||F|||50|]Staraptor||ChoiceScarf|Intimidate|FinalGambit,CloseCombat,Uturn,BraveBird|Jolly||F|||50|]Sinistcha||Leftovers|Hospitality|MatchaGotcha,ShadowBall,CalmMind,Protect|Bold|||||50|]Incineroar||SitrusBerry|Intimidate|FakeOut,FlareBlitz,HelpingHand,PartingShot|Impish||F|||50|
|showteam|p2|Mawile||Mawilite|HyperCutter|PlayRough,SuckerPunch,Protect,IronHead|Adamant||F|||50|]Gyarados||ExpertBelt|Intimidate|PowerWhip,IceFang,Protect,StoneEdge|Adamant||M|||50|]Farigiraf||SitrusBerry|ArmorTail|HelpingHand,PsychicFangs,TrickRoom,Protect|Adamant||F|||50|]Torkoal||Charcoal|Drought|Eruption,WeatherBall,Protect,HeatWave|Quiet||M|||50|]Kangaskhan||SilkScarf|Scrappy|FakeOut,LastResort|Brave||F|||50|]Basculegion||FocusSash|Adaptability|AquaJet,Protect,LastRespects,Liquidation|Adamant||M|||50|
|inactive|Battle timer is ON: inactive players will automatically lose when time's up. (requested by 1karrow)
|
|t:|1782435253
|teamsize|p1|4
|teamsize|p2|4
|start
|switch|p1a: Scared?|Wyrdeer, L50, F|100/100
|switch|p1b: We Kow Sucker SD|Kingambit, L50, F, shiny|100/100
|switch|p2a: Farigiraf|Farigiraf, L50, F|100/100
|switch|p2b: child services|Kangaskhan, L50, F|100/100
|-ability|p1a: Scared?|Intimidate|boost
|-unboost|p2a: Farigiraf|atk|1
|-fail|p2b: child services|unboost|Attack|[from] ability: Scrappy|[of] p2b: child services
|turn|1
|
|t:|1782435264
|switch|p2b: i click heatwave|Torkoal, L50, M|100/100
|-weather|SunnyDay|[from] ability: Drought|[of] p2b: i click heatwave
|move|p1a: Scared?|Skill Swap|p2a: Farigiraf
|-activate|p1a: Scared?|Skill Swap|Armor Tail|Intimidate|[of] p2a: Farigiraf
|-ability|p2a: Farigiraf|Intimidate|boost
|-unboost|p1a: Scared?|atk|1
|-unboost|p1b: We Kow Sucker SD|atk|1
|-ability|p1b: We Kow Sucker SD|Defiant|boost
|-boost|p1b: We Kow Sucker SD|atk|2
|move|p1b: We Kow Sucker SD|Swords Dance|p1b: We Kow Sucker SD
|-boost|p1b: We Kow Sucker SD|atk|2
|move|p2a: Farigiraf|Trick Room|p2a: Farigiraf
|-fieldstart|move: Trick Room|[of] p2a: Farigiraf
|
|-weather|SunnyDay|[upkeep]
|upkeep
|turn|2
|
|t:|1782435285
|move|p2a: Farigiraf|Helping Hand|p2b: i click heatwave
|-singleturn|p2b: i click heatwave|Helping Hand|[of] p2a: Farigiraf
|move|p1b: We Kow Sucker SD|Sucker Punch|p2b: i click heatwave
|-damage|p2b: i click heatwave|3/100
|move|p2b: i click heatwave|Weather Ball|p1b: We Kow Sucker SD
|-supereffective|p1b: We Kow Sucker SD|1
|-damage|p1b: We Kow Sucker SD|0 fnt
|faint|p1b: We Kow Sucker SD
|move|p1a: Scared?|Psyshield Bash|p2a: Farigiraf
|-resisted|p2a: Farigiraf|1
|-damage|p2a: Farigiraf|91/100
|-boost|p1a: Scared?|def|1
|
|-weather|SunnyDay|[upkeep]
|upkeep
|
|t:|1782435303
|switch|p1b: Wolfeys Ol'Reliabl|Incineroar, L50, F|100/100
|-ability|p1b: Wolfeys Ol'Reliabl|Intimidate|boost
|-unboost|p2a: Farigiraf|atk|1
|-unboost|p2b: i click heatwave|atk|1
|turn|3
|inactive|1karrow has 30 seconds left.
|inactive|1karrow has 20 seconds left.
|inactive|1karrow has 15 seconds left.
|
|t:|1782435347
|move|p2b: i click heatwave|Protect|p2b: i click heatwave
|-singleturn|p2b: i click heatwave|Protect
|move|p2a: Farigiraf|Protect|p2a: Farigiraf
|-singleturn|p2a: Farigiraf|Protect
|move|p1a: Scared?|Protect|p1a: Scared?
|-singleturn|p1a: Scared?|Protect
|move|p1b: Wolfeys Ol'Reliabl|Flare Blitz|p2b: i click heatwave
|-activate|p2b: i click heatwave|move: Protect
|
|-weather|SunnyDay|[upkeep]
|upkeep
|turn|4
|
|t:|1782435359
|move|p2a: Farigiraf|Helping Hand|p2b: i click heatwave
|-singleturn|p2b: i click heatwave|Helping Hand|[of] p2a: Farigiraf
|move|p2b: i click heatwave|Weather Ball|p1a: Scared?
|-damage|p1a: Scared?|0 fnt
|faint|p1a: Scared?
|move|p1b: Wolfeys Ol'Reliabl|Flare Blitz|p2a: Farigiraf
|-damage|p2a: Farigiraf|33/100
|-status|p2a: Farigiraf|brn
|-enditem|p2a: Farigiraf|Sitrus Berry|[eat]
|-heal|p2a: Farigiraf|58/100 brn|[from] item: Sitrus Berry
|-damage|p1b: Wolfeys Ol'Reliabl|78/100|[from] Recoil
|
|-weather|SunnyDay|[upkeep]
|-damage|p2a: Farigiraf|52/100 brn|[from] brn
|upkeep
|
|t:|1782435366
|switch|p1a: Cha Morant|Sinistcha, L50|100/100
|-heal|p1b: Wolfeys Ol'Reliabl|100/100|[from] ability: Hospitality|[of] p1a: Cha Morant
|turn|5
|
|t:|1782435374
|move|p2a: Farigiraf|Helping Hand|p2b: i click heatwave
|-singleturn|p2b: i click heatwave|Helping Hand|[of] p2a: Farigiraf
|move|p1a: Cha Morant|Protect|p1a: Cha Morant
|-singleturn|p1a: Cha Morant|Protect
|move|p2b: i click heatwave|Heat Wave|p1b: Wolfeys Ol'Reliabl|[spread] p1b
|-activate|p1a: Cha Morant|move: Protect
|-resisted|p1b: Wolfeys Ol'Reliabl|1
|-damage|p1b: Wolfeys Ol'Reliabl|62/100
|move|p1b: Wolfeys Ol'Reliabl|Flare Blitz|p2a: Farigiraf
|-damage|p2a: Farigiraf|0 fnt
|faint|p2a: Farigiraf
|-damage|p1b: Wolfeys Ol'Reliabl|43/100|[from] Recoil
|-enditem|p1b: Wolfeys Ol'Reliabl|Sitrus Berry|[eat]
|-heal|p1b: Wolfeys Ol'Reliabl|67/100|[from] item: Sitrus Berry
|
|-weather|none
|-fieldend|move: Trick Room
|upkeep
|
|t:|1782435386
|switch|p2a: child services|Kangaskhan, L50, F|100/100
|turn|6
|
|t:|1782435396
|move|p2a: child services|Fake Out|p1a: Cha Morant
|-damage|p1a: Cha Morant|83/100
|cant|p1a: Cha Morant|flinch
|move|p1b: Wolfeys Ol'Reliabl|Flare Blitz|p2b: i click heatwave
|-resisted|p2b: i click heatwave|1
|-damage|p2b: i click heatwave|0 fnt
|faint|p2b: i click heatwave
|-damage|p1b: Wolfeys Ol'Reliabl|66/100|[from] Recoil
|
|-heal|p1a: Cha Morant|89/100|[from] item: Leftovers
|upkeep
|
|t:|1782435401
|switch|p2b: lasat respects|Gyarados, L50, M|100/100
|-ability|p2b: lasat respects|Intimidate|boost
|-unboost|p1a: Cha Morant|atk|1
|-unboost|p1b: Wolfeys Ol'Reliabl|atk|1
|turn|7
|
|t:|1782435408
|move|p1b: Wolfeys Ol'Reliabl|Helping Hand|p1a: Cha Morant
|-singleturn|p1a: Cha Morant|Helping Hand|[of] p1b: Wolfeys Ol'Reliabl
|move|p2b: lasat respects|Stone Edge|p1b: Wolfeys Ol'Reliabl
|-supereffective|p1b: Wolfeys Ol'Reliabl|1
|-damage|p1b: Wolfeys Ol'Reliabl|8/100
|move|p2a: child services|Last Resort|p1a: Cha Morant
|-damage|p1a: Cha Morant|31/100
|move|p1a: Cha Morant|Matcha Gotcha|p2a: child services|[spread] p2b
|-miss|p1a: Cha Morant|p2a: child services
|-damage|p2b: lasat respects|67/100
|-heal|p1a: Cha Morant|50/100y|[from] drain|[of] p2b: lasat respects
|
|-heal|p1a: Cha Morant|56/100|[from] item: Leftovers
|upkeep
|turn|8
|inactive|1karrow has 30 seconds left.
|
|t:|1782435433
|move|p1a: Cha Morant|Protect|p1a: Cha Morant
|-singleturn|p1a: Cha Morant|Protect
|move|p2b: lasat respects|Ice Fang|p1a: Cha Morant
|-activate|p1a: Cha Morant|move: Protect
|move|p2a: child services|Last Resort|p1b: Wolfeys Ol'Reliabl
|-damage|p1b: Wolfeys Ol'Reliabl|0 fnt
|faint|p1b: Wolfeys Ol'Reliabl
|
|-heal|p1a: Cha Morant|62/100|[from] item: Leftovers
|upkeep
|turn|9
|
|t:|1782435443
|move|p2b: lasat respects|Ice Fang|p1a: Cha Morant
|-supereffective|p1a: Cha Morant|1
|-damage|p1a: Cha Morant|23/100
|move|p2a: child services|Last Resort|p1a: Cha Morant
|-damage|p1a: Cha Morant|0 fnt
|faint|p1a: Cha Morant
|
|win|Fell Blue
|l|☆1karrow
|player|p1|
