|j|☆Advertisementish
|j|☆higigig
|html|Advertisementishhigigig    
|uhtml|bestof|Game 2 of a best-of-3
|t:|1756192538
|gametype|doubles
|player|p1|Advertisementish|n|1136
|player|p2|higigig|sisandbro|1218
|gen|9
|tier|[Gen 9] VGC 2025 Reg H (Bo3)
|rated|
|rule|Species Clause: Limit one of each Pokémon
|rule|Item Clause: Limit 1 of each item
|clearpoke
|poke|p1|Hatterene, L50, F|
|poke|p1|Indeedee-F, L50, F|
|poke|p1|Ursaluna, L50, F|
|poke|p1|Gallade, L50, M|
|poke|p1|Torkoal, L50, M|
|poke|p1|Lilligant-Hisui, L50, F|
|poke|p2|Sneasler, L50, F|
|poke|p2|Gholdengo, L50|
|poke|p2|Farigiraf, L50, F|
|poke|p2|Ursaluna-Bloodmoon, L50, M|
|poke|p2|Amoonguss, L50, F|
|poke|p2|Altaria, L50, F|
|teampreview|4
|showteam|p1|Hatterene||CovertCloak|MagicBounce|TeraBlast,DazzlingGleam,ExpandingForce,TrickRoom|||F|||50|,,,,,Fire]Indeedee-F||PsychicSeed|PsychicSurge|Psychic,FollowMe,HelpingHand,TrickRoom|||F|||50|,,,,,Grass]Ursaluna||FlameOrb|Guts|Facade,Earthquake,HeadlongRush,Protect|||F|||50|,,,,,Ghost]Gallade||ClearAmulet|Sharpness|PsychoCut,SacredSword,WideGuard,TrickRoom|||M|||50|,,,,,Grass]Torkoal||Charcoal|Drought|Eruption,HeatWave,WeatherBall,ClearSmog|||M|||50|,,,,,Fire]Lilligant-Hisui||FocusSash|Chlorophyll|SolarBlade,CloseCombat,AfterYou,SleepPowder|||F|||50|,,,,,Stellar
|showteam|p2|Sneasler||FocusSash|PoisonTouch|FakeOut,CloseCombat,DireClaw,Taunt|||F|||50|,,,,,Ghost]Gholdengo||ChoiceSpecs|GoodasGold|MakeItRain,ShadowBall,DazzlingGleam,PowerGem||||||50|,,,,,Steel]Farigiraf||MentalHerb|ArmorTail|Psychic,Imprison,HelpingHand,TrickRoom|||F|||50|,,,,,Grass]Ursaluna-Bloodmoon||ThroatSpray|MindsEye|HyperVoice,EarthPower,BloodMoon,Protect|||M|||50|,,,,,Normal]Amoonguss||SitrusBerry|Regenerator|SludgeBomb,PollenPuff,Spore,RagePowder|||F|||50|,,,,,Water]Altaria||CovertCloak|CloudNine|BreakingSwipe,HelpingHand,Haze,Tailwind|||F|||50|,,,,,Water
|inactive|Battle timer is ON: inactive players will automatically lose when time's up. (requested by higigig)
|inactive|Advertisementish also wants the timer to be on.
|inactive|Advertisementish has 60 seconds left.
|
|t:|1756192578
|teamsize|p1|4
|teamsize|p2|4
|start
|switch|p1a: Indeedee|Indeedee-F, L50, F|100/100
|switch|p1b: Hatterene|Hatterene, L50, F|100/100
|switch|p2a: Altaria|Altaria, L50, F|100/100
|switch|p2b: Sneasler|Sneasler, L50, F|100/100
|-ability|p2a: Altaria|Cloud Nine
|-fieldstart|move: Psychic Terrain|[from] ability: Psychic Surge|[of] p1a: Indeedee
|-enditem|p1a: Indeedee|Psychic Seed
|-boost|p1a: Indeedee|spd|1|[from] item: Psychic Seed
|turn|1
|inactive|higigig has 30 seconds left.
|
|t:|1756192611
|switch|p2a: Gholdengo|Gholdengo, L50|100/100
|move|p1a: Indeedee|Follow Me|p1a: Indeedee
|-singleturn|p1a: Indeedee|move: Follow Me
|move|p2b: Sneasler|Taunt|p1a: Indeedee
|-start|p1a: Indeedee|move: Taunt
|move|p1b: Hatterene|Trick Room|p1b: Hatterene
|-fieldstart|move: Trick Room|[of] p1b: Hatterene
|
|upkeep
|turn|2
|inactive|higigig has 30 seconds left.
|
|t:|1756192646
|switch|p2b: Altaria|Altaria, L50, F|100/100
|-ability|p2b: Altaria|Cloud Nine
|-terastallize|p1b: Hatterene|Fire
|-terastallize|p2a: Gholdengo|Steel
|move|p1b: Hatterene|Tera Blast|p2a: Gholdengo|[anim] Tera Blast Fire
|-supereffective|p2a: Gholdengo
|-damage|p2a: Gholdengo|13/100
|move|p1a: Indeedee|Psychic|p2b: Altaria
|-damage|p2b: Altaria|67/100
|move|p2a: Gholdengo|Make It Rain|p1a: Indeedee|[spread] p1a,p1b
|-resisted|p1b: Hatterene
|-damage|p1a: Indeedee|37/100
|-damage|p1b: Hatterene|43/100
|-unboost|p2a: Gholdengo|spa|1
|
|upkeep
|turn|3
|inactive|Advertisementish has 30 seconds left.
|inactive|higigig has 30 seconds left.
|inactive|higigig has 20 seconds left.
|inactive|higigig has 15 seconds left.
|
|t:|1756192689
|switch|p2a: Sneasler|Sneasler, L50, F|100/100
|move|p1b: Hatterene|Expanding Force|p2b: Altaria|[spread] p2a,p2b
|-supereffective|p2a: Sneasler
|-enditem|p2a: Sneasler|Focus Sash
|-damage|p2a: Sneasler|1/100
|-damage|p2b: Altaria|7/100
|move|p1a: Indeedee|Psychic|p2a: Sneasler
|-supereffective|p2a: Sneasler
|-damage|p2a: Sneasler|0 fnt
|faint|p2a: Sneasler
|move|p2b: Altaria|Breaking Swipe|p1a: Indeedee|[spread] p1a,p1b
|-damage|p1a: Indeedee|25/100
|-damage|p1b: Hatterene|30/100
|-unboost|p1a: Indeedee|atk|1
|
|upkeep
|
|t:|1756192700
|switch|p2a: Gholdengo|Gholdengo, L50, tera:Steel|13/100
|turn|4
|
|t:|1756192712
|move|p1b: Hatterene|Expanding Force|p2b: Altaria|[spread] p2a,p2b
|-resisted|p2a: Gholdengo
|-damage|p2a: Gholdengo|0 fnt
|-damage|p2b: Altaria|0 fnt
|faint|p2a: Gholdengo
|faint|p2b: Altaria
|move|p1a: Indeedee|Psychic|p2: Gholdengo|[notarget]
|-fail|p1a: Indeedee
|
|-end|p1a: Indeedee|move: Taunt
|upkeep
|
|t:|1756192715
|switch|p2b: Ursaluna|Ursaluna-Bloodmoon, L50, M|100/100
|turn|5
|
|t:|1756192724
|move|p2b: Ursaluna|Hyper Voice|p1b: Hatterene|[spread] p1a,p1b
|-damage|p1a: Indeedee|1/100
|-damage|p1b: Hatterene|0 fnt
|faint|p1b: Hatterene
|-enditem|p2b: Ursaluna|Throat Spray
|-boost|p2b: Ursaluna|spa|1|[from] item: Throat Spray
|move|p1a: Indeedee|Trick Room|p1a: Indeedee
|-fieldend|move: Trick Room
|
|-fieldend|move: Psychic Terrain
|upkeep
|
|t:|1756192747
|switch|p1b: Torkoal|Torkoal, L50, M|100/100
|-weather|SunnyDay|[from] ability: Drought|[of] p1b: Torkoal
|turn|6
|
|t:|1756192755
|move|p1a: Indeedee|Follow Me|p1a: Indeedee
|-singleturn|p1a: Indeedee|move: Follow Me
|move|p2b: Ursaluna|Hyper Voice|p1b: Torkoal|[spread] p1a,p1b
|-crit|p1a: Indeedee
|-damage|p1a: Indeedee|0 fnt
|-damage|p1b: Torkoal|19/100
|faint|p1a: Indeedee
|move|p1b: Torkoal|Weather Ball|p2b: Ursaluna
|-crit|p2b: Ursaluna
|-damage|p2b: Ursaluna|0 fnt
|faint|p2b: Ursaluna
|
|win|Advertisementish
|raw|Advertisementish's rating: 1136 → 1167(+31 for winning)
|raw|higigig's rating: 1218 → 1187(-31 for losing)
