|j|☆LorGhez
|j|☆JJack_Olanturn
|html|LorGhezJJack_Olanturn    
|uhtml|bestof|Game 1 of a best-of-3
|t:|1785353802
|gametype|doubles
|player|p1|LorGhez|169|1182
|player|p2|JJack_Olanturn|benga|1121
|gen|9
|tier|[Gen 9 Champions] VGC 2026 Reg M-B (Bo3)
|rated|
|rule|Species Clause: Limit one of each Pokémon
|rule|Item Clause: Limit 1 of each item
|clearpoke
|poke|p1|Tyranitar, L50, M|
|poke|p1|Excadrill, L50, M|
|poke|p1|Gholdengo, L50|
|poke|p1|Sinistcha, L50|
|poke|p1|Milotic, L50, M|
|poke|p1|Staraptor, L50, M|
|poke|p2|Tyranitar, L50, F, shiny|
|poke|p2|Houndstone, L50, M|
|poke|p2|Excadrill, L50, M|
|poke|p2|Hydreigon, L50, M|
|poke|p2|Staraptor, L50, F, shiny|
|poke|p2|Venusaur, L50, M|
|teampreview|4
|showteam|p1|Tyranitar||Tyranitarite|SandStream|RockSlide,KnockOff,LowKick,Protect|Adamant||M|||50|]Excadrill||FocusSash|SandRush|IronHead,HighHorsepower,RockSlide,Protect|Adamant||M|||50|]Gholdengo||LifeOrb|GoodasGold|ShadowBall,MakeItRain,NastyPlot,Protect|Modest|||||50|]Sinistcha||ColburBerry|Hospitality|MatchaGotcha,RagePowder,TrickRoom,Protect|Bold|||||50|]Milotic||SitrusBerry|Competitive|Scald,IceBeam,Haze,Protect|Modest||M|||50|]Staraptor||Staraptite|Intimidate|BraveBird,CloseCombat,Tailwind,Protect|Jolly||M|||50|
|showteam|p2|Tyranitar||ChoiceScarf|SandStream|RockSlide,KnockOff,IcePunch,LowKick|Jolly||F|||50|]Houndstone||SitrusBerry|SandRush|LastRespects,WillOWisp,AllySwitch,Protect|Adamant||M|||50|]Excadrill||FocusSash|SandRush|Earthquake,IronHead,RockSlide,Protect|Adamant||M|||50|]Hydreigon||LifeOrb|Levitate|Snarl,DragonPulse,HeatWave,Protect|Timid||M|||50|]Staraptor||Staraptite|Intimidate|CloseCombat,BraveBird,Tailwind,Protect|Jolly||F|||50|]Venusaur||Venusaurite|Chlorophyll|GigaDrain,SludgeBomb,EarthPower,Protect|Modest||M|||50|
|inactive|Battle timer is ON: inactive players will automatically lose when time's up. (requested by LorGhez)
|inactive|LorGhez has 60 seconds left.
|inactive|LorGhez has 30 seconds left.
|inactive|LorGhez has 20 seconds left.
|
|t:|1785353889
|teamsize|p1|4
|teamsize|p2|4
|start
|switch|p1a: Milotic|Milotic, L50, M|100/100
|switch|p1b: Staraptor|Staraptor, L50, M|100/100
|switch|p2a: Houndstone|Houndstone, L50, M|100/100
|switch|p2b: Sandman|Tyranitar, L50, F, shiny|100/100
|-weather|Sandstorm|[from] ability: Sand Stream|[of] p2b: Sandman
|-ability|p1b: Staraptor|Intimidate|boost
|-unboost|p2a: Houndstone|atk|1
|-unboost|p2b: Sandman|atk|1
|turn|1
|inactive|LorGhez has 30 seconds left.
|inactive|LorGhez has 20 seconds left.
|inactive|LorGhez has 15 seconds left.
|inactive|LorGhez has 10 seconds left.
|
|t:|1785353938
|detailschange|p1b: Staraptor|Staraptor-Mega, L50, M
|-mega|p1b: Staraptor|Staraptor|Staraptite
|move|p2a: Houndstone|Will-O-Wisp|p1b: Staraptor
|-status|p1b: Staraptor|brn
|move|p2b: Sandman|Knock Off|p1a: Milotic
|-damage|p1a: Milotic|64/100
|-enditem|p1a: Milotic|Sitrus Berry|[from] move: Knock Off|[of] p2b: Sandman
|move|p1b: Staraptor|Close Combat|p2b: Sandman
|-supereffective|p2b: Sandman|2
|-crit|p2b: Sandman
|-damage|p2b: Sandman|0 fnt
|-boost|p1b: Staraptor|def|1
|-boost|p1b: Staraptor|spd|1
|faint|p2b: Sandman
|move|p1a: Milotic|Scald|p2a: Houndstone
|-damage|p2a: Houndstone|65/100
|
|-weather|Sandstorm|[upkeep]
|-damage|p1b: Staraptor|93/100 brn|[from] Sandstorm
|-damage|p1a: Milotic|58/100|[from] Sandstorm
|-damage|p1b: Staraptor|87/100 brn|[from] brn
|upkeep
|
|t:|1785353959
|switch|p2b: Venusaur|Venusaur, L50, M|100/100
|turn|2
|inactive|LorGhez has 30 seconds left.
|
|t:|1785353986
|detailschange|p2b: Venusaur|Venusaur-Mega, L50, M
|-mega|p2b: Venusaur|Venusaur|Venusaurite
|move|p2a: Houndstone|Protect|p2a: Houndstone
|-singleturn|p2a: Houndstone|Protect
|move|p2b: Venusaur|Protect|p2b: Venusaur
|-singleturn|p2b: Venusaur|Protect
|move|p1a: Milotic|Protect|p1a: Milotic
|-singleturn|p1a: Milotic|Protect
|move|p1b: Staraptor|Tailwind|p1b: Staraptor
|-sidestart|p1: LorGhez|move: Tailwind
|
|-weather|Sandstorm|[upkeep]
|-damage|p1b: Staraptor|81/100 brn|[from] Sandstorm
|-damage|p1a: Milotic|52/100|[from] Sandstorm
|-damage|p2b: Venusaur|94/100|[from] Sandstorm
|-damage|p1b: Staraptor|75/100 brn|[from] brn
|upkeep
|turn|3
|
|t:|1785354009
|move|p2a: Houndstone|Ally Switch|p2a: Houndstone
|swap|p2a: Houndstone|1|[from] move: Ally Switch
|move|p1b: Staraptor|Brave Bird|p2a: Venusaur
|-supereffective|p2a: Venusaur|1
|-damage|p2a: Venusaur|41/100
|-damage|p1b: Staraptor|58/100 brn|[from] Recoil
|move|p1a: Milotic|Ice Beam|p2a: Venusaur
|-supereffective|p2a: Venusaur|1
|-damage|p2a: Venusaur|20/100r
|move|p2a: Venusaur|Sludge Bomb|p1b: Staraptor
|-damage|p1b: Staraptor|28/100 brn
|
|-weather|Sandstorm|[upkeep]
|-damage|p1b: Staraptor|22/100 brn|[from] Sandstorm
|-damage|p1a: Milotic|46/100|[from] Sandstorm
|-damage|p2a: Venusaur|14/100|[from] Sandstorm
|-damage|p1b: Staraptor|16/100 brn|[from] brn
|upkeep
|turn|4
|
|t:|1785354034
|move|p2a: Venusaur|Protect|p2a: Venusaur
|-singleturn|p2a: Venusaur|Protect
|move|p1b: Staraptor|Brave Bird|p2a: Venusaur
|-activate|p2a: Venusaur|move: Protect
|move|p1a: Milotic|Scald|p2b: Houndstone
|-damage|p2b: Houndstone|32/100
|-status|p2b: Houndstone|brn
|-enditem|p2b: Houndstone|Sitrus Berry|[eat]
|-heal|p2b: Houndstone|57/100 brn|[from] item: Sitrus Berry
|move|p2b: Houndstone|Last Respects|p1b: Staraptor
|-damage|p1b: Staraptor|8/100 brn
|
|-weather|Sandstorm|[upkeep]
|-damage|p1b: Staraptor|2/100 brn|[from] Sandstorm
|-damage|p1a: Milotic|40/100|[from] Sandstorm
|-damage|p2a: Venusaur|8/100|[from] Sandstorm
|-damage|p1b: Staraptor|0 fnt|[from] brn
|faint|p1b: Staraptor
|-damage|p2b: Houndstone|51/100 brn|[from] brn
|upkeep
|
|t:|1785354053
|switch|p1b: Tyranitar|Tyranitar, L50, M|100/100
|turn|5
|
|t:|1785354061
|switch|p2a: Hydreigon|Hydreigon, L50, M|100/100
|move|p2b: Houndstone|Protect|p2b: Houndstone
|-singleturn|p2b: Houndstone|Protect
|move|p1a: Milotic|Scald|p2b: Houndstone
|-activate|p2b: Houndstone|move: Protect
|move|p1b: Tyranitar|Rock Slide|p2a: Hydreigon|[spread] 
|-activate|p2b: Houndstone|move: Protect
|-miss|p1b: Tyranitar|p2a: Hydreigon
|
|-weather|none
|-damage|p2b: Houndstone|45/100 brn|[from] brn
|-sideend|p1: LorGhez|move: Tailwind
|upkeep
|turn|6
|
|t:|1785354083
|move|p2a: Hydreigon|Dragon Pulse|p1a: Milotic
|-damage|p1a: Milotic|5/100
|-damage|p2a: Hydreigon|90/100|[from] item: Life Orb
|move|p1a: Milotic|Ice Beam|p2a: Hydreigon
|-supereffective|p2a: Hydreigon|1
|-damage|p2a: Hydreigon|43/100
|move|p2b: Houndstone|Will-O-Wisp|p1b: Tyranitar|[miss]
|-miss|p2b: Houndstone|p1b: Tyranitar
|move|p1b: Tyranitar|Knock Off|p2b: Houndstone
|-supereffective|p2b: Houndstone|1
|-damage|p2b: Houndstone|0 fnt
|faint|p2b: Houndstone
|
|upkeep
|
|t:|1785354095
|switch|p2b: Venusaur|Venusaur-Mega, L50, M|8/100
|turn|7
|
|t:|1785354111
|move|p2b: Venusaur|Protect|p2b: Venusaur
|-singleturn|p2b: Venusaur|Protect
|move|p1a: Milotic|Protect|p1a: Milotic
|-singleturn|p1a: Milotic|Protect
|move|p2a: Hydreigon|Heat Wave|p1b: Tyranitar|[spread] p1b
|-activate|p1a: Milotic|move: Protect
|-resisted|p1b: Tyranitar|1
|-damage|p1b: Tyranitar|88/100
|-damage|p2a: Hydreigon|33/100|[from] item: Life Orb
|move|p1b: Tyranitar|Low Kick|p2a: Hydreigon
|-supereffective|p2a: Hydreigon|1
|-damage|p2a: Hydreigon|0 fnt
|faint|p2a: Hydreigon
|
|upkeep
|turn|8
|
|t:|1785354128
|move|p2b: Venusaur|Giga Drain|p1b: Tyranitar
|-supereffective|p1b: Tyranitar|1
|-damage|p1b: Tyranitar|10/100
|-heal|p2b: Venusaur|48/100|[from] drain|[of] p1b: Tyranitar
|move|p1a: Milotic|Ice Beam|p2b: Venusaur
|-supereffective|p2b: Venusaur|1
|-damage|p2b: Venusaur|28/100
|-status|p2b: Venusaur|frz
|move|p1b: Tyranitar|Knock Off|p2b: Venusaur
|-damage|p2b: Venusaur|1/100 frz
|
|upkeep
|turn|9
|
|t:|1785354144
|cant|p2b: Venusaur|frz
|move|p1a: Milotic|Ice Beam|p2b: Venusaur
|-supereffective|p2b: Venusaur|1
|-damage|p2b: Venusaur|0 fnt
|faint|p2b: Venusaur
|
|win|LorGhez
|l|☆JJack_Olanturn
|player|p2|
|raw|LorGhez's rating: 1182 → 1203(+21 for winning)
|raw|JJack_Olanturn's rating: 1121 → 1100(-21 for losing)
