|j|☆Avjack_vgc
|j|☆DimensionalFool
|html|Avjack_vgcDimensionalFool    
|uhtml|bestof|Game 1 of a best-of-3
|t:|1757851274
|gametype|doubles
|player|p1|Avjack_vgc|2|1149
|player|p2|DimensionalFool|1|1175
|gen|9
|tier|[Gen 9] VGC 2025 Reg H (Bo3)
|rated|
|rule|Species Clause: Limit one of each Pokémon
|rule|Item Clause: Limit 1 of each item
|clearpoke
|poke|p1|Ludicolo, L50, M|
|poke|p1|Archaludon, L50, M|
|poke|p1|Politoed, L50, F|
|poke|p1|Incineroar, L50, M|
|poke|p1|Whimsicott, L50, M|
|poke|p1|Annihilape, L50, F|
|poke|p2|Basculegion, L50, M|
|poke|p2|Pelipper, L50, F|
|poke|p2|Amoonguss, L50, F|
|poke|p2|Gholdengo, L50|
|poke|p2|Decidueye-Hisui, L50, F|
|poke|p2|Overqwil, L50, F|
|teampreview|4
|showteam|p1|Ludicolo||LoadedDice|SwiftSwim|FakeOut,Encore,BulletSeed,Surf|||M|||50|,,,,,Steel]Archaludon||AssaultVest|Stamina|ElectroShot,BodyPress,DragonPulse,FlashCannon|||M|||50|,,,,,Bug]Politoed||ChoiceSpecs|Drizzle|IceBeam,EarthPower,WeatherBall,Surf|||F|||50|,,,,,Grass]Incineroar||SafetyGoggles|Intimidate|FakeOut,Uturn,KnockOff,Protect|||M|||50|,,,,,Ghost]Whimsicott||CovertCloak|Prankster|Tailwind,LightScreen,BeatUp,Moonblast|||M|||50|,,,,,Steel]Annihilape||SitrusBerry|Defiant|Protect,FinalGambit,CloseCombat,RageFist|||F|||50|,,,,,Water
|showteam|p2|Basculegion||LifeOrb|SwiftSwim|WaveCrash,LastRespects,AquaJet,Protect|||M|||50|,,,,,Ghost]Pelipper||FocusSash|Drizzle|WeatherBall,Hurricane,Tailwind,Protect|||F|||50|,,,,,Grass]Amoonguss||RockyHelmet|Regenerator|PollenPuff,Spore,ClearSmog,RagePowder|||F|||50|,,,,,Water]Gholdengo||ChoiceSpecs|GoodasGold|MakeItRain,ShadowBall,Thunderbolt,Trick||||||50|,,,,,Steel]Decidueye-Hisui||AssaultVest|Scrappy|LeafBlade,TripleArrows,SuckerPunch,BraveBird|||F|||50|,,,,,Steel]Overqwil||ChoiceBand|SwiftSwim|GunkShot,Crunch,Liquidation,SelfDestruct|||F|||50|,,,,,Normal
|inactive|Battle timer is ON: inactive players will automatically lose when time's up. (requested by DimensionalFool)
|inactive|Avjack_vgc also wants the timer to be on.
|inactive|DimensionalFool has 60 seconds left.
|
|t:|1757851317
|teamsize|p1|4
|teamsize|p2|4
|start
|switch|p1a: Ludicolo|Ludicolo, L50, M, shiny|100/100
|switch|p1b: Politoed|Politoed, L50, F, shiny|100/100
|switch|p2a: Pelipper|Pelipper, L50, F|100/100
|switch|p2b: Amoonguss|Amoonguss, L50, F|100/100
|-weather|RainDance|[from] ability: Drizzle|[of] p2a: Pelipper
|turn|1
|inactive|Avjack_vgc has 30 seconds left.
|
|t:|1757851348
|-terastallize|p1b: Politoed|Grass
|move|p1a: Ludicolo|Fake Out|p2a: Pelipper
|-damage|p2a: Pelipper|92/100
|cant|p2a: Pelipper|flinch
|move|p1b: Politoed|Ice Beam|p2b: Amoonguss
|-supereffective|p2b: Amoonguss
|-damage|p2b: Amoonguss|27/100
|move|p2b: Amoonguss|Spore|p1b: Politoed
|-immune|p1b: Politoed
|
|-weather|RainDance|[upkeep]
|upkeep
|turn|2
|inactive|Avjack_vgc has 30 seconds left.
|
|t:|1757851375
|switch|p1b: Incineroar|Incineroar, L50, M|100/100
|-ability|p1b: Incineroar|Intimidate|boost
|-unboost|p2a: Pelipper|atk|1
|-unboost|p2b: Amoonguss|atk|1
|switch|p2b: Gholdengo|Gholdengo, L50|100/100
|move|p1a: Ludicolo|Encore|p2b: Gholdengo
|-immune|p2b: Gholdengo|[from] ability: Good as Gold
|move|p2a: Pelipper|Tailwind|p2a: Pelipper
|-sidestart|p2: DimensionalFool|move: Tailwind
|
|-weather|RainDance|[upkeep]
|upkeep
|turn|3
|
|t:|1757851397
|move|p1b: Incineroar|Protect|p1b: Incineroar
|-singleturn|p1b: Incineroar|Protect
|move|p1a: Ludicolo|Surf|p2b: Gholdengo|[spread] p2a,p2b
|-activate|p1b: Incineroar|move: Protect
|-resisted|p2a: Pelipper
|-damage|p2a: Pelipper|59/100
|-damage|p2b: Gholdengo|60/100
|move|p2b: Gholdengo|Trick|p1b: Incineroar
|-activate|p1b: Incineroar|move: Protect
|move|p2a: Pelipper|Hurricane|p1a: Ludicolo
|-supereffective|p1a: Ludicolo
|-damage|p1a: Ludicolo|0 fnt
|faint|p1a: Ludicolo
|
|-weather|RainDance|[upkeep]
|upkeep
|
|t:|1757851413
|switch|p1a: Politoed|Politoed, L50, F, shiny, tera:Grass|100/100
|turn|4
|
|t:|1757851427
|switch|p1a: Archaludon|Archaludon, L50, M, shiny|100/100
|move|p2b: Gholdengo|Trick|p1a: Archaludon
|-activate|p2b: Gholdengo|move: Trick|[of] p1a: Archaludon
|-item|p1a: Archaludon|Choice Specs|[from] move: Trick
|-item|p2b: Gholdengo|Assault Vest|[from] move: Trick
|move|p2a: Pelipper|Weather Ball|p1b: Incineroar
|-supereffective|p1b: Incineroar
|-damage|p1b: Incineroar|0 fnt
|faint|p1b: Incineroar
|
|-weather|RainDance|[upkeep]
|upkeep
|
|t:|1757851439
|switch|p1b: Politoed|Politoed, L50, F, shiny, tera:Grass|100/100
|turn|5
|
|t:|1757851460
|move|p2a: Pelipper|Protect|p2a: Pelipper
|-singleturn|p2a: Pelipper|Protect
|move|p2b: Gholdengo|Make It Rain|p1a: Archaludon|[spread] p1a,p1b
|-resisted|p1a: Archaludon
|-damage|p1a: Archaludon|78/100
|-damage|p1b: Politoed|58/100
|-unboost|p2b: Gholdengo|spa|1
|-ability|p1a: Archaludon|Stamina|boost
|-boost|p1a: Archaludon|def|1
|move|p1a: Archaludon|Dragon Pulse|p2a: Pelipper
|-activate|p2a: Pelipper|move: Protect
|move|p1b: Politoed|Weather Ball|p2b: Gholdengo
|-damage|p2b: Gholdengo|0 fnt
|faint|p2b: Gholdengo
|
|-weather|none
|-sideend|p2: DimensionalFool|move: Tailwind
|upkeep
|
|t:|1757851479
|switch|p2b: Amoonguss|Amoonguss, L50, F|60/100
|turn|6
|
|t:|1757851485
|-terastallize|p2b: Amoonguss|Water
|move|p2b: Amoonguss|Rage Powder|p2b: Amoonguss
|-singleturn|p2b: Amoonguss|move: Rage Powder
|move|p2a: Pelipper|Tailwind|p2a: Pelipper
|-sidestart|p2: DimensionalFool|move: Tailwind
|move|p1a: Archaludon|Dragon Pulse|p2b: Amoonguss
|-damage|p2b: Amoonguss|9/100
|move|p1b: Politoed|Weather Ball|p2a: Pelipper
|-damage|p2a: Pelipper|15/100
|
|upkeep
|turn|7
|
|t:|1757851504
|move|p2a: Pelipper|Protect|p2a: Pelipper
|-singleturn|p2a: Pelipper|Protect
|move|p1a: Archaludon|Dragon Pulse|p2b: Amoonguss
|-damage|p2b: Amoonguss|0 fnt
|faint|p2b: Amoonguss
|move|p1b: Politoed|Weather Ball|p2a: Pelipper
|-activate|p2a: Pelipper|move: Protect
|
|upkeep
|
|t:|1757851509
|switch|p2b: Decidueye|Decidueye-Hisui, L50, F|100/100
|turn|8
|
|t:|1757851519
|move|p2a: Pelipper|Hurricane|p1b: Politoed|[miss]
|-miss|p2a: Pelipper|p1b: Politoed
|move|p2b: Decidueye|Triple Arrows|p1a: Archaludon
|-supereffective|p1a: Archaludon
|-damage|p1a: Archaludon|35/100
|-unboost|p1a: Archaludon|def|1
|-ability|p1a: Archaludon|Stamina|boost
|-boost|p1a: Archaludon|def|1
|move|p1a: Archaludon|Dragon Pulse|p2b: Decidueye
|-damage|p2b: Decidueye|63/100
|move|p1b: Politoed|Weather Ball|p2a: Pelipper
|-damage|p2a: Pelipper|0 fnt
|faint|p2a: Pelipper
|
|upkeep
|turn|9
|
|t:|1757851538
|move|p2b: Decidueye|Triple Arrows|p1a: Archaludon
|-supereffective|p1a: Archaludon
|-crit|p1a: Archaludon
|-damage|p1a: Archaludon|0 fnt
|faint|p1a: Archaludon
|move|p1b: Politoed|Weather Ball|p2b: Decidueye
|-crit|p2b: Decidueye
|-damage|p2b: Decidueye|40/100
|
|-sideend|p2: DimensionalFool|move: Tailwind
|upkeep
|turn|10
|
|t:|1757851550
|move|p2b: Decidueye|Brave Bird|p1b: Politoed
|-supereffective|p1b: Politoed
|-damage|p1b: Politoed|0 fnt
|faint|p1b: Politoed
|-damage|p2b: Decidueye|18/100|[from] Recoil
|
|win|DimensionalFool
||Avjack_vgc is ready for game 2.
||DimensionalFool is ready for game 2.
|uhtml|next|Next: Game 2 of 3
