|j|☆OssiGT
|j|☆Agf79
|html|OssiGTAgf79    
|uhtml|bestof|Game 1 of a best-of-3
|t:|1784123033
|gametype|doubles
|player|p1|OssiGT|colress|1278
|player|p2|Agf79|2|1198
|gen|9
|tier|[Gen 9 Champions] VGC 2026 Reg M-B (Bo3)
|rated|
|rule|Species Clause: Limit one of each Pokémon
|rule|Item Clause: Limit 1 of each item
|clearpoke
|poke|p1|Raichu, L50, F|
|poke|p1|Ninetales-Alola, L50, M|
|poke|p1|Sinistcha, L50|
|poke|p1|Ceruledge, L50, F|
|poke|p1|Milotic, L50, M|
|poke|p1|Incineroar, L50, M|
|poke|p2|Staraptor, L50, M|
|poke|p2|Gholdengo, L50|
|poke|p2|Sylveon, L50, M|
|poke|p2|Garchomp, L50, F|
|poke|p2|Sinistcha-Masterpiece, L50|
|poke|p2|Grimmsnarl, L50, M|
|teampreview|4
|showteam|p1|Raichu||RaichuniteY|LightningRod|ZapCannon,FocusBlast,FakeOut,Protect|Timid||F|||50|]Ninetales-Alola||NeverMeltIce|SnowWarning|Protect,FreezeDry,Blizzard,AuroraVeil|Timid||M|||50|]Sinistcha||KasibBerry|Hospitality|MatchaGotcha,LifeDew,RagePowder,Protect|Relaxed|||||50|]Ceruledge||ColburBerry|FlashFire|BitterBlade,ShadowSneak,BulkUp,Protect|Adamant||F|||50|]Milotic||Leftovers|Competitive|MuddyWater,Coil,Hypnosis,Protect|Calm||M|||50|]Incineroar||SitrusBerry|Intimidate|FlareBlitz,ThroatChop,FakeOut,PartingShot|Impish||M|||50|
|showteam|p2|Staraptor||Staraptite|Intimidate|CloseCombat,BraveBird,Tailwind,Protect|Jolly||M|||50|]Gholdengo||Leftovers|GoodasGold|MakeItRain,ShadowBall,NastyPlot,Protect|Modest|||||50|]Sylveon||FairyFeather|Pixilate|HyperVoice,Detect,HyperBeam,QuickAttack|Modest||M|||50|]Garchomp||LifeOrb|RoughSkin|Earthquake,Protect,DragonClaw,RockSlide|Jolly||F|||50|]Sinistcha-Masterpiece||SitrusBerry|Hospitality|MatchaGotcha,RagePowder,TrickRoom,LifeDew|Bold|||||50|]Grimmsnarl||LightClay|Prankster|Reflect,LightScreen,PartingShot,FoulPlay|Calm||M|||50|
|inactive|Battle timer is ON: inactive players will automatically lose when time's up. (requested by OssiGT)
|inactive|Agf79 has 60 seconds left.
|
|t:|1784123101
|teamsize|p1|4
|teamsize|p2|4
|start
|switch|p1a: Raichu|Raichu, L50, F|100/100
|switch|p1b: Ninetales|Ninetales-Alola, L50, M|100/100
|switch|p2a: Grimmsnarl|Grimmsnarl, L50, M|100/100
|switch|p2b: Staraptor|Staraptor, L50, M|100/100
|-weather|Snowscape|[from] ability: Snow Warning|[of] p1b: Ninetales
|-ability|p2b: Staraptor|Intimidate|boost
|-unboost|p1a: Raichu|atk|1
|-unboost|p1b: Ninetales|atk|1
|turn|1
|l|☆Agf79
|inactive|Agf79 disconnected and has a minute to reconnect!
|player|p2|
|inactive|Agf79 has 30 seconds left.
|inactive|Agf79 has 20 seconds left.
|inactive|Agf79 has 15 seconds left.
|j|☆Agf79
|inactive|Agf79 reconnected and has 15 seconds left.
|player|p2|Agf79|2|
|inactive|Agf79 has 10 seconds left.
|
|t:|1784123151
|switch|p1a: Incineroar|Incineroar, L50, M|100/100
|-ability|p1a: Incineroar|Intimidate|boost
|-unboost|p2a: Grimmsnarl|atk|1
|-unboost|p2b: Staraptor|atk|1
|detailschange|p2b: Staraptor|Staraptor-Mega, L50, M
|-mega|p2b: Staraptor|Staraptor|Staraptite
|move|p2b: Staraptor|Protect|p2b: Staraptor
|-singleturn|p2b: Staraptor|Protect
|move|p2a: Grimmsnarl|Light Screen|p2a: Grimmsnarl
|-sidestart|p2: Agf79|move: Light Screen
|move|p1b: Ninetales|Blizzard|p2a: Grimmsnarl|[spread] p2a
|-activate|p2b: Staraptor|move: Protect
|-damage|p2a: Grimmsnarl|79/100
|
|-weather|Snowscape|[upkeep]
|upkeep
|turn|2
|
|t:|1784123172
|switch|p2b: Gholdengo|Gholdengo, L50|100/100
|move|p1a: Incineroar|Fake Out|p2a: Grimmsnarl
|-damage|p2a: Grimmsnarl|68/100
|cant|p2a: Grimmsnarl|flinch
|move|p1b: Ninetales|Blizzard|p2b: Gholdengo|[spread] p2a,p2b
|-resisted|p2b: Gholdengo|1
|-damage|p2a: Grimmsnarl|48/100
|-damage|p2b: Gholdengo|89/100
|
|-weather|Snowscape|[upkeep]
|-heal|p2b: Gholdengo|95/100|[from] item: Leftovers
|upkeep
|turn|3
|
|t:|1784123195
|switch|p1b: Ceruledge|Ceruledge, L50, F|100/100
|move|p2b: Gholdengo|Protect|p2b: Gholdengo
|-singleturn|p2b: Gholdengo|Protect
|move|p2a: Grimmsnarl|Reflect|p2a: Grimmsnarl
|-sidestart|p2: Agf79|Reflect
|move|p1a: Incineroar|Flare Blitz|p2b: Gholdengo
|-activate|p2b: Gholdengo|move: Protect
|
|-weather|Snowscape|[upkeep]
|-heal|p2b: Gholdengo|100/100|[from] item: Leftovers
|upkeep
|turn|4
|
|t:|1784123209
|switch|p2b: Sinistcha|Sinistcha-Masterpiece, L50|100/100
|-heal|p2a: Grimmsnarl|73/100|[from] ability: Hospitality|[of] p2b: Sinistcha
|move|p1b: Ceruledge|Shadow Sneak|p2b: Sinistcha
|-supereffective|p2b: Sinistcha|1
|-damage|p2b: Sinistcha|77/100
|move|p1a: Incineroar|Flare Blitz|p2b: Sinistcha
|-supereffective|p2b: Sinistcha|1
|-damage|p2b: Sinistcha|29/100
|-enditem|p2b: Sinistcha|Sitrus Berry|[eat]
|-heal|p2b: Sinistcha|54/100|[from] item: Sitrus Berry
|-damage|p1a: Incineroar|86/100|[from] Recoil
|move|p2a: Grimmsnarl|Foul Play|p1b: Ceruledge
|-supereffective|p1b: Ceruledge|1
|-enditem|p1b: Ceruledge|Colbur Berry|[eat]
|-enditem|p1b: Ceruledge|Colbur Berry|[weaken]
|-damage|p1b: Ceruledge|45/100
|
|-weather|Snowscape|[upkeep]
|upkeep
|turn|5
|
|t:|1784123234
|move|p1b: Ceruledge|Bitter Blade|p2b: Sinistcha
|-supereffective|p2b: Sinistcha|1
|-damage|p2b: Sinistcha|2/100
|-heal|p1b: Ceruledge|70/100|[from] drain|[of] p2b: Sinistcha
|move|p2b: Sinistcha|Life Dew|p2b: Sinistcha|[spread] p2a,p2b
|-heal|p2a: Grimmsnarl|98/100
|-heal|p2b: Sinistcha|27/100
|move|p1a: Incineroar|Flare Blitz|p2a: Grimmsnarl
|-damage|p2a: Grimmsnarl|64/100
|-damage|p1a: Incineroar|74/100|[from] Recoil
|move|p2a: Grimmsnarl|Foul Play|p1b: Ceruledge
|-supereffective|p1b: Ceruledge|1
|-damage|p1b: Ceruledge|0 fnt
|faint|p1b: Ceruledge
|
|-weather|none
|upkeep
|
|t:|1784123242
|switch|p1b: Ninetales|Ninetales-Alola, L50, M|100/100
|-weather|Snowscape|[from] ability: Snow Warning|[of] p1b: Ninetales
|turn|6
|
|t:|1784123259
|move|p1b: Ninetales|Protect|p1b: Ninetales
|-singleturn|p1b: Ninetales|Protect
|move|p2a: Grimmsnarl|Parting Shot|p1b: Ninetales
|-activate|p1b: Ninetales|move: Protect
|move|p2b: Sinistcha|Matcha Gotcha|p1a: Incineroar|[spread] p1a
|-activate|p1b: Ninetales|move: Protect
|-resisted|p1a: Incineroar|1
|-damage|p1a: Incineroar|64/100
|-heal|p2b: Sinistcha|33/100|[from] drain|[of] p1a: Incineroar
|move|p1a: Incineroar|Parting Shot|p2a: Grimmsnarl
|-unboost|p2a: Grimmsnarl|atk|1
|-unboost|p2a: Grimmsnarl|spa|1
|
|t:|1784123266
|switch|p1a: Raichu|Raichu, L50, F|100/100|[from] Parting Shot
|
|-weather|Snowscape|[upkeep]
|upkeep
|turn|7
|
|t:|1784123275
|switch|p2a: Gholdengo|Gholdengo, L50|100/100
|detailschange|p1a: Raichu|Raichu-Mega-Y, L50, F
|-mega|p1a: Raichu|Raichu|Raichunite Y
|move|p1a: Raichu|Fake Out|p2a: Gholdengo
|-immune|p2a: Gholdengo
|move|p1b: Ninetales|Blizzard|p2b: Sinistcha|[spread] p2a,p2b
|-resisted|p2a: Gholdengo|1
|-supereffective|p2b: Sinistcha|1
|-damage|p2a: Gholdengo|90/100
|-damage|p2b: Sinistcha|0 fnt
|faint|p2b: Sinistcha
|
|-weather|Snowscape|[upkeep]
|-heal|p2a: Gholdengo|96/100|[from] item: Leftovers
|upkeep
|
|t:|1784123288
|switch|p2b: Grimmsnarl|Grimmsnarl, L50, M|64/100
|turn|8
|
|t:|1784123305
|move|p1b: Ninetales|Protect|p1b: Ninetales
|-singleturn|p1b: Ninetales|Protect
|move|p1a: Raichu|Zap Cannon|p2b: Grimmsnarl
|-damage|p2b: Grimmsnarl|30/100
|-status|p2b: Grimmsnarl|par
|move|p2a: Gholdengo|Nasty Plot|p2a: Gholdengo
|-boost|p2a: Gholdengo|spa|2
|move|p2b: Grimmsnarl|Foul Play|p1a: Raichu
|-damage|p1a: Raichu|58/100
|
|-weather|Snowscape|[upkeep]
|-heal|p2a: Gholdengo|100/100|[from] item: Leftovers
|-sideend|p2: Agf79|move: Light Screen
|upkeep
|turn|9
|
|t:|1784123316
|switch|p1b: Incineroar|Incineroar, L50, M|64/100
|-ability|p1b: Incineroar|Intimidate|boost
|-unboost|p2a: Gholdengo|atk|1
|-unboost|p2b: Grimmsnarl|atk|1
|move|p2b: Grimmsnarl|Light Screen|p2b: Grimmsnarl
|-sidestart|p2: Agf79|move: Light Screen
|move|p1a: Raichu|Zap Cannon|p2a: Gholdengo
|-damage|p2a: Gholdengo|65/100
|-status|p2a: Gholdengo|par
|move|p2a: Gholdengo|Make It Rain|p1b: Incineroar|[spread] p1a,p1b
|-resisted|p1a: Raichu|1
|-resisted|p1b: Incineroar|1
|-damage|p1a: Raichu|0 fnt
|-damage|p1b: Incineroar|22/100
|-unboost|p2a: Gholdengo|spa|2
|-enditem|p1b: Incineroar|Sitrus Berry|[eat]
|-heal|p1b: Incineroar|47/100|[from] item: Sitrus Berry
|faint|p1a: Raichu
|
|-weather|Snowscape|[upkeep]
|-heal|p2a: Gholdengo|71/100 par|[from] item: Leftovers
|upkeep
|
|t:|1784123319
|switch|p1a: Ninetales|Ninetales-Alola, L50, M|100/100
|turn|10
|
|t:|1784123336
|move|p2b: Grimmsnarl|Parting Shot|p1a: Ninetales
|-unboost|p1a: Ninetales|atk|1
|-unboost|p1a: Ninetales|spa|1
|
|t:|1784123339
|switch|p2b: Staraptor|Staraptor-Mega, L50, M|100/100|[from] Parting Shot
|move|p1a: Ninetales|Blizzard|p2b: Staraptor|[spread] p2a,p2b
|-resisted|p2a: Gholdengo|1
|-supereffective|p2b: Staraptor|1
|-damage|p2a: Gholdengo|64/100 par
|-damage|p2b: Staraptor|66/100
|move|p1b: Incineroar|Flare Blitz|p2a: Gholdengo
|-supereffective|p2a: Gholdengo|1
|-damage|p2a: Gholdengo|3/100 par
|-damage|p1b: Incineroar|28/100|[from] Recoil
|move|p2a: Gholdengo|Make It Rain|p1a: Ninetales|[spread] p1a,p1b
|-supereffective|p1a: Ninetales|2
|-resisted|p1b: Incineroar|1
|-damage|p1a: Ninetales|0 fnt
|-damage|p1b: Incineroar|4/100
|-unboost|p2a: Gholdengo|spa|2
|faint|p1a: Ninetales
|
|-weather|none
|-heal|p2a: Gholdengo|9/100 par|[from] item: Leftovers
|-sideend|p2: Agf79|Reflect
|upkeep
|turn|11
|-message|OssiGT forfeited.
|
|win|Agf79
||OssiGT is ready for game 2.
||Agf79 is ready for game 2.
|uhtml|next|Next: Game 2 of 3
