|j|☆Refanner
|j|☆K1rbyChaos
|html|RefannerK1rbyChaos    
|uhtml|bestof|Game 1 of a best-of-3
|t:|1756737974
|gametype|doubles
|player|p1|Refanner|102|1172
|player|p2|K1rbyChaos|n|1089
|gen|9
|tier|[Gen 9] VGC 2025 Reg H (Bo3)
|rated|
|rule|Species Clause: Limit one of each Pokémon
|rule|Item Clause: Limit 1 of each item
|clearpoke
|poke|p1|Garchomp, L50, F|
|poke|p1|Incineroar, L50, M|
|poke|p1|Tyranitar, L50, M|
|poke|p1|Gholdengo, L50|
|poke|p1|Primarina, L50, F|
|poke|p1|Talonflame, L50, F|
|poke|p2|Gyarados, L50, M|
|poke|p2|Garchomp, L50, M|
|poke|p2|Annihilape, L50, M|
|poke|p2|Magmar, L50, F|
|poke|p2|Rillaboom, L50, M|
|poke|p2|Gardevoir, L50, F|
|teampreview|4
|showteam|p1|Garchomp||LifeOrb|RoughSkin|Earthquake,DragonClaw,StompingTantrum,Protect|||F|||50|,,,,,Fire]Incineroar||SitrusBerry|Intimidate|FlareBlitz,KnockOff,PartingShot,FakeOut|||M|||50|,,,,,Grass]Tyranitar||AssaultVest|SandStream|KnockOff,RockSlide,TeraBlast,LowKick|||M|||50|,,,,,Flying]Gholdengo||Leftovers|GoodasGold|MakeItRain,ShadowBall,NastyPlot,Protect||||||50|,,,,,Flying]Primarina||MagoBerry|LiquidVoice|HyperVoice,Moonblast,CalmMind,Protect|||F|||50|,,,,,Poison]Talonflame||CovertCloak|GaleWings|BraveBird,Tailwind,WillOWisp,Taunt|||F|||50|,,,,,Flying
|showteam|p2|Gyarados||SitrusBerry|Intimidate|Crunch,Protect,Waterfall,DragonDance|||M|||50|,,,,,Dark]Garchomp||ClearAmulet|RoughSkin|Earthquake,DragonClaw,StompingTantrum,Protect|||M|||50|,,,,,Fire]Annihilape||ChoiceScarf|Defiant|ShadowClaw,SmackDown,CloseCombat,FinalGambit|||M|||50|,,,,,Grass]Magmar||Eviolite|FlameBody|FollowMe,BurningJealousy,Protect,HelpingHand|||F|||50|,,,,,Ghost]Rillaboom||AssaultVest|GrassySurge|FakeOut,HighHorsepower,WoodHammer,GrassyGlide|||M|||50|,,,,,Fire]Gardevoir||ChoiceSpecs|Telepathy|DazzlingGleam,Psychic,Moonblast,MysticalFire|||F|||50|,,,,,Fire
|inactive|Battle timer is ON: inactive players will automatically lose when time's up. (requested by K1rbyChaos)
|inactive|Refanner has 60 seconds left.
|inactive|K1rbyChaos has 60 seconds left.
|
|t:|1756738028
|teamsize|p1|4
|teamsize|p2|4
|start
|switch|p1a: Primarina|Primarina, L50, F|100/100
|switch|p1b: Talonflame|Talonflame, L50, F|100/100
|switch|p2a: Rillaboom|Rillaboom, L50, M|100/100
|switch|p2b: Annihilape|Annihilape, L50, M|100/100
|-fieldstart|move: Grassy Terrain|[from] ability: Grassy Surge|[of] p2a: Rillaboom
|turn|1
|inactive|Refanner has 30 seconds left.
|inactive|Refanner has 20 seconds left.
|
|t:|1756738064
|move|p1a: Primarina|Protect|p1a: Primarina
|-singleturn|p1a: Primarina|Protect
|move|p2a: Rillaboom|Fake Out|p1b: Talonflame
|-damage|p1b: Talonflame|80/100
|move|p2b: Annihilape|Smack Down|p1b: Talonflame
|-supereffective|p1b: Talonflame
|-damage|p1b: Talonflame|0 fnt
|faint|p1b: Talonflame
|
|upkeep
|
|t:|1756738075
|switch|p1b: Garchomp|Garchomp, L50, F|100/100
|turn|2
|inactive|Refanner has 30 seconds left.
|inactive|Refanner has 20 seconds left.
|inactive|Refanner has 15 seconds left.
|
|t:|1756738117
|switch|p2b: Gyarados|Gyarados, L50, M|100/100
|-ability|p2b: Gyarados|Intimidate|boost
|-unboost|p1a: Primarina|atk|1
|-unboost|p1b: Garchomp|atk|1
|-terastallize|p1a: Primarina|Poison
|move|p1b: Garchomp|Dragon Claw|p2a: Rillaboom
|-damage|p2a: Rillaboom|66/100
|-damage|p1b: Garchomp|91/100|[from] item: Life Orb
|move|p2a: Rillaboom|Wood Hammer|p1a: Primarina
|-resisted|p1a: Primarina
|-damage|p1a: Primarina|56/100
|-damage|p2a: Rillaboom|53/100|[from] Recoil
|move|p1a: Primarina|Moonblast|p2a: Rillaboom
|-damage|p2a: Rillaboom|20/100
|
|-heal|p1b: Garchomp|97/100|[from] Grassy Terrain
|-heal|p2a: Rillaboom|26/100|[from] Grassy Terrain
|-heal|p1a: Primarina|62/100|[from] Grassy Terrain
|upkeep
|turn|3
|inactive|Refanner has 30 seconds left.
|
|t:|1756738145
|move|p1b: Garchomp|Dragon Claw|p2b: Gyarados
|-damage|p2b: Gyarados|57/100
|-damage|p1b: Garchomp|87/100|[from] item: Life Orb
|move|p2b: Gyarados|Dragon Dance|p2b: Gyarados
|-boost|p2b: Gyarados|atk|1
|-boost|p2b: Gyarados|spe|1
|move|p2a: Rillaboom|Wood Hammer|p1b: Garchomp
|-damage|p1b: Garchomp|15/100
|-damage|p2a: Rillaboom|14/100|[from] ability: Rough Skin|[of] p1b: Garchomp
|-damage|p2a: Rillaboom|0 fnt|[from] Recoil
|faint|p2a: Rillaboom
|move|p1a: Primarina|Moonblast|p2b: Gyarados
|-damage|p2b: Gyarados|20/100
|-enditem|p2b: Gyarados|Sitrus Berry|[eat]
|-heal|p2b: Gyarados|45/100|[from] item: Sitrus Berry
|
|-heal|p1b: Garchomp|21/100|[from] Grassy Terrain
|-heal|p1a: Primarina|68/100|[from] Grassy Terrain
|upkeep
|
|t:|1756738152
|switch|p2a: Garchomp|Garchomp, L50, M|100/100
|turn|4
|inactive|Refanner has 30 seconds left.
|inactive|K1rbyChaos has 30 seconds left.
|inactive|Refanner has 20 seconds left.
|
|t:|1756738191
|move|p2b: Gyarados|Protect|p2b: Gyarados
|-singleturn|p2b: Gyarados|Protect
|move|p1b: Garchomp|Protect|p1b: Garchomp
|-singleturn|p1b: Garchomp|Protect
|move|p2a: Garchomp|Earthquake|p1a: Primarina|[spread] p1a
|-activate|p2b: Gyarados|move: Protect
|-activate|p1b: Garchomp|move: Protect
|-supereffective|p1a: Primarina
|-damage|p1a: Primarina|20/100
|-enditem|p1a: Primarina|Mago Berry|[eat]
|-heal|p1a: Primarina|53/100|[from] item: Mago Berry
|move|p1a: Primarina|Moonblast|p2a: Garchomp
|-supereffective|p2a: Garchomp
|-damage|p2a: Garchomp|0 fnt
|faint|p2a: Garchomp
|
|-heal|p1b: Garchomp|27/100|[from] Grassy Terrain
|-heal|p1a: Primarina|59/100|[from] Grassy Terrain
|upkeep
|
|t:|1756738203
|switch|p2a: Annihilape|Annihilape, L50, M|100/100
|turn|5
|
|t:|1756738223
|-terastallize|p2a: Annihilape|Grass
|move|p2a: Annihilape|Shadow Claw|p1b: Garchomp
|-damage|p1b: Garchomp|0 fnt
|-damage|p2a: Annihilape|88/100|[from] ability: Rough Skin|[of] p1b: Garchomp
|faint|p1b: Garchomp
|move|p2b: Gyarados|Waterfall|p1a: Primarina
|-damage|p1a: Primarina|0 fnt
|faint|p1a: Primarina
|
|-heal|p2a: Annihilape|94/100|[from] Grassy Terrain
|-fieldend|move: Grassy Terrain
|upkeep
|
|t:|1756738232
|switch|p1b: Gholdengo|Gholdengo, L50|100/100
|turn|6
|
|t:|1756738249
|move|p2a: Annihilape|Shadow Claw|p1b: Gholdengo
|-supereffective|p1b: Gholdengo
|-damage|p1b: Gholdengo|43/100
|move|p2b: Gyarados|Crunch|p1b: Gholdengo
|-supereffective|p1b: Gholdengo
|-damage|p1b: Gholdengo|0 fnt
|faint|p1b: Gholdengo
|
|win|K1rbyChaos
||Refanner is ready for game 2.
||K1rbyChaos is ready for game 2.
|uhtml|next|Next: Game 2 of 3
|l|☆K1rbyChaos
|player|p2|
