|j|☆1700 for rogue
|j|☆AN555GEL
|html|1700 for rogueAN555GEL    
|uhtml|bestof|Game 1 of a best-of-3
|t:|1756592417
|gametype|doubles
|player|p1|1700 for rogue|scientist-gen4|1221
|player|p2|AN555GEL|169|1250
|gen|9
|tier|[Gen 9] VGC 2025 Reg H (Bo3)
|rated|
|rule|Species Clause: Limit one of each Pokémon
|rule|Item Clause: Limit 1 of each item
|clearpoke
|poke|p1|Goodra-Hisui, L50, M|
|poke|p1|Gengar, L50, M|
|poke|p1|Hitmontop, L50, M|
|poke|p1|Rillaboom, L50, F|
|poke|p1|Gothitelle, L50, M|
|poke|p1|Primarina, L50, F|
|poke|p2|Dragonite, L50, M|
|poke|p2|Ursaluna, L50, M|
|poke|p2|Archaludon, L50, M|
|poke|p2|Sinistcha-Masterpiece, L50|
|poke|p2|Pelipper, L50, F|
|poke|p2|Gholdengo, L50|
|teampreview|4
|showteam|p1|Goodra-Hisui||Leftovers|ShellArmor|BodyPress,AcidArmor,DracoMeteor,Protect|||M|||50|,,,,,Fairy]Gengar||FocusSash|CursedBody|SludgeBomb,ShadowBall,PerishSong,Protect|||M|||50|,,,,,Normal]Hitmontop||CovertCloak|Intimidate|FakeOut,CloseCombat,SuckerPunch,WideGuard|||M|||50|,,,,,Steel]Rillaboom||AssaultVest|GrassySurge|WoodHammer,FakeOut,Uturn,GrassyGlide|||F|||50|,,,,,Grass]Gothitelle||SitrusBerry|ShadowTag|FakeOut,Protect,TrickRoom,Psychic|||M|||50|,,,,,Dark]Primarina||ThroatSpray|LiquidVoice|HyperVoice,Moonblast,PerishSong,Protect|||F|||50|,,,,,Poison
|showteam|p2|Dragonite||LoadedDice|Multiscale|ScaleShot,Protect,Tailwind,Haze|||M|||50|,,,,,Fairy]Ursaluna||FlameOrb|Guts|Facade,HeadlongRush,Earthquake,Protect|||M|||50|,,,,,Ghost]Archaludon||AssaultVest|Stamina|BodyPress,Snarl,ElectroShot,FlashCannon|||M|||50|,,,,,Fighting]Sinistcha-Masterpiece||SitrusBerry|Hospitality|MatchaGotcha,RagePowder,TrickRoom,LifeDew||||||50|,,,,,Dark]Pelipper||FocusSash|Drizzle|MuddyWater,Hurricane,Tailwind,Protect|||F|||50|,,,,,Ghost]Gholdengo||ChoiceScarf|GoodasGold|MakeItRain,TeraBlast,ShadowBall,Trick||||||50|,,,,,Water
|inactive|Battle timer is ON: inactive players will automatically lose when time's up. (requested by 1700 for rogue)
|inactive|AN555GEL has 60 seconds left.
|
|t:|1756592474
|teamsize|p1|4
|teamsize|p2|4
|start
|switch|p1a: Gengar|Gengar, L50, M|100/100
|switch|p1b: Hitmontop|Hitmontop, L50, M|100/100
|switch|p2a: Gholdengo|Gholdengo, L50|100/100
|switch|p2b: Pelipper|Pelipper, L50, F, shiny|100/100
|-weather|RainDance|[from] ability: Drizzle|[of] p2b: Pelipper
|-ability|p1b: Hitmontop|Intimidate|boost
|-unboost|p2a: Gholdengo|atk|1
|-unboost|p2b: Pelipper|atk|1
|turn|1
|
|t:|1756592498
|-terastallize|p2b: Pelipper|Ghost
|move|p1a: Gengar|Protect|p1a: Gengar
|-singleturn|p1a: Gengar|Protect
|move|p1b: Hitmontop|Sucker Punch||[still]
|-fail|p1b: Hitmontop
|move|p2a: Gholdengo|Trick|p1a: Gengar
|-activate|p1a: Gengar|move: Protect
|move|p2b: Pelipper|Hurricane|p1b: Hitmontop
|-supereffective|p1b: Hitmontop
|-damage|p1b: Hitmontop|8/100
|
|-weather|RainDance|[upkeep]
|upkeep
|turn|2
|
|t:|1756592515
|move|p1b: Hitmontop|Sucker Punch||[still]
|-fail|p1b: Hitmontop
|move|p2a: Gholdengo|Trick|p1a: Gengar
|-activate|p2a: Gholdengo|move: Trick|[of] p1a: Gengar
|-item|p1a: Gengar|Choice Scarf|[from] move: Trick
|-item|p2a: Gholdengo|Focus Sash|[from] move: Trick
|move|p1a: Gengar|Shadow Ball|p2a: Gholdengo
|-supereffective|p2a: Gholdengo
|-enditem|p2a: Gholdengo|Focus Sash
|-damage|p2a: Gholdengo|1/100
|move|p2b: Pelipper|Tailwind|p2b: Pelipper
|-sidestart|p2: AN555GEL|move: Tailwind
|
|-weather|RainDance|[upkeep]
|upkeep
|turn|3
|
|t:|1756592532
|switch|p2a: Archaludon|Archaludon, L50, M|100/100
|move|p1b: Hitmontop|Sucker Punch||[still]
|-fail|p1b: Hitmontop
|move|p1a: Gengar|Shadow Ball|p2b: Pelipper
|-supereffective|p2b: Pelipper
|-enditem|p2b: Pelipper|Focus Sash
|-damage|p2b: Pelipper|1/100
|move|p2b: Pelipper|Muddy Water|p1b: Hitmontop|[spread] p1a,p1b
|-damage|p1a: Gengar|20/100
|-damage|p1b: Hitmontop|0 fnt
|-unboost|p1a: Gengar|accuracy|1
|faint|p1b: Hitmontop
|
|-weather|RainDance|[upkeep]
|upkeep
|
|t:|1756592544
|switch|p1b: Primarina|Primarina, L50, F|100/100
|turn|4
|
|t:|1756592566
|-terastallize|p1b: Primarina|Poison
|move|p2b: Pelipper|Protect|p2b: Pelipper
|-singleturn|p2b: Pelipper|Protect
|move|p1a: Gengar|Shadow Ball|p2b: Pelipper
|-activate|p2b: Pelipper|move: Protect
|move|p2a: Archaludon|Snarl|p1a: Gengar|[spread] p1a,p1b
|-supereffective|p1a: Gengar
|-damage|p1a: Gengar|0 fnt
|-damage|p1b: Primarina|91/100
|-unboost|p1b: Primarina|spa|1
|faint|p1a: Gengar
|move|p1b: Primarina|Hyper Voice|p2a: Archaludon|[spread] p2a
|-activate|p2b: Pelipper|move: Protect
|-resisted|p2a: Archaludon
|-damage|p2a: Archaludon|89/100
|-ability|p2a: Archaludon|Stamina|boost
|-boost|p2a: Archaludon|def|1
|-enditem|p1b: Primarina|Throat Spray
|-boost|p1b: Primarina|spa|1|[from] item: Throat Spray
|
|-weather|RainDance|[upkeep]
|upkeep
|
|t:|1756592575
|switch|p1a: monke oooo|Rillaboom, L50, F|100/100
|-fieldstart|move: Grassy Terrain|[from] ability: Grassy Surge|[of] p1a: monke oooo
|turn|5
|
|t:|1756592588
|switch|p2b: Sinistcha|Sinistcha-Masterpiece, L50|100/100
|-heal|p2a: Archaludon|100/100|[from] ability: Hospitality|[of] p2b: Sinistcha
|move|p1a: monke oooo|Fake Out|p2a: Archaludon
|-resisted|p2a: Archaludon
|-damage|p2a: Archaludon|97/100
|-ability|p2a: Archaludon|Stamina|boost
|-boost|p2a: Archaludon|def|1
|cant|p2a: Archaludon|flinch
|move|p1b: Primarina|Moonblast|p2a: Archaludon
|-damage|p2a: Archaludon|63/100
|-ability|p2a: Archaludon|Stamina|boost
|-boost|p2a: Archaludon|def|1
|
|-weather|none
|-heal|p2a: Archaludon|69/100|[from] Grassy Terrain
|-heal|p1b: Primarina|97/100|[from] Grassy Terrain
|-sideend|p2: AN555GEL|move: Tailwind
|upkeep
|turn|6
|
|t:|1756592605
|move|p1a: monke oooo|Wood Hammer|p2b: Sinistcha
|-resisted|p2b: Sinistcha
|-damage|p2b: Sinistcha|65/100
|-damage|p1a: monke oooo|90/100|[from] Recoil
|move|p2a: Archaludon|Snarl|p1b: Primarina|[spread] p1a,p1b
|-damage|p1a: monke oooo|81/100
|-damage|p1b: Primarina|87/100
|-unboost|p1a: monke oooo|spa|1
|-unboost|p1b: Primarina|spa|1
|move|p2b: Sinistcha|Life Dew|p2b: Sinistcha|[spread] p2a,p2b
|-heal|p2a: Archaludon|94/100
|-heal|p2b: Sinistcha|90/100
|move|p1b: Primarina|Moonblast|p2a: Archaludon
|-damage|p2a: Archaludon|68/100
|-ability|p2a: Archaludon|Stamina|boost
|-boost|p2a: Archaludon|def|1
|
|-heal|p1a: monke oooo|87/100|[from] Grassy Terrain
|-heal|p2a: Archaludon|74/100|[from] Grassy Terrain
|-heal|p2b: Sinistcha|97/100|[from] Grassy Terrain
|-heal|p1b: Primarina|92/100|[from] Grassy Terrain
|upkeep
|turn|7
|-message|1700 for rogue forfeited.
|
|win|AN555GEL
||1700 for rogue is ready for game 2.
|inactive|AN555GEL has 30 seconds to confirm battle start!
