|j|☆resetrose
|j|☆masticant3
|html|resetrosemasticant3    
|uhtml|bestof|Game 1 of a best-of-3
|t:|1785963823
|gametype|doubles
|player|p1|resetrose|101|
|player|p2|masticant3|cress|
|gen|9
|tier|[Gen 9 Champions] VGC 2026 Reg M-B (Bo3)
|rule|Species Clause: Limit one of each Pokémon
|rule|Item Clause: Limit 1 of each item
|clearpoke
|poke|p1|Forretress, L50, F|
|poke|p1|Torkoal, L50, M|
|poke|p1|Lycanroc-Midnight, L50, F|
|poke|p1|Gourgeist-Super, L50, M|
|poke|p1|Simipour, L50, F|
|poke|p1|Farigiraf, L50, F|
|poke|p2|Sceptile, L50, F|
|poke|p2|Rotom-Heat, L50|
|poke|p2|Vivillon, L50, M|
|poke|p2|Basculegion, L50, M|
|poke|p2|Lopunny, L50, F|
|poke|p2|Simisear, L50, F|
|teampreview|4
|showteam|p1|Forretress||IronBall|Sturdy|PainSplit,SunnyDay,GyroBall,HelpingHand|Brave||F|||50|]Torkoal||Charcoal|Drought|Eruption,WeatherBall,EarthPower,Protect|Quiet||M|||50|]Lycanroc-Midnight||ChoiceScarf|NoGuard|KnockOff,StoneEdge,Snarl,PlayRough|Jolly||F|||50|]Gourgeist-Super||OccaBerry|Frisk|PowerWhip,Poltergeist,WillOWisp,TrickRoom|Brave||M|||50|]Simipour||FocusSash|Torrent|FakeOut,FlipTurn,Scald,IceBeam|Timid||F|||50|]Farigiraf||SitrusBerry|ArmorTail|AllySwitch,TrickRoom,Thunderbolt,Psychic|Quiet||F|||50|
|showteam|p2|Sceptile||Sceptilite|Overgrow|Protect,LeafStorm,EarthPower,VacuumWave|Modest||F|||50|]Rotom-Heat||ChoiceScarf|Levitate|Discharge,Overheat,VoltSwitch,DarkPulse|Modest|||||50|]Vivillon||SitrusBerry|ShieldDust|Protect,RagePowder,SleepPowder,Hurricane|Timid||M|||50|]Basculegion||LifeOrb|SwiftSwim|Protect,AquaJet,WaveCrash,LastRespects|Jolly||M|||50|]Lopunny||SilkScarf|Limber|FakeOut,Uturn,QuickAttack,Encore|Adamant||F|||50|]Simisear||FocusSash|Blaze|FakeOut,RockSlide,Overheat,Protect|Naughty||F|||50|
|inactive|Battle timer is ON: inactive players will automatically lose when time's up. (requested by masticant3)
|
|t:|1785963851
|teamsize|p1|4
|teamsize|p2|4
|start
|switch|p1a: Gourgeist|Gourgeist-Super, L50, M|100/100
|switch|p1b: Farigiraf|Farigiraf, L50, F|100/100
|switch|p2a: Sceptile|Sceptile, L50, F|100/100
|switch|p2b: Rotom|Rotom-Heat, L50|100/100
|-item|p2a: Sceptile|Sceptilite|[from] ability: Frisk|[of] p1a: Gourgeist
|-item|p2b: Rotom|Choice Scarf|[from] ability: Frisk|[of] p1a: Gourgeist
|turn|1
|inactive|resetrose has 30 seconds left.
|
|t:|1785963880
|detailschange|p2a: Sceptile|Sceptile-Mega, L50, F
|-mega|p2a: Sceptile|Sceptile|Sceptilite
|move|p1b: Farigiraf|Ally Switch|p1b: Farigiraf
|swap|p1b: Farigiraf|0|[from] move: Ally Switch
|move|p2b: Rotom|Discharge|p1b: Gourgeist|[spread] p1a,p1b
|-ability|p2a: Sceptile|Lightning Rod|boost
|-boost|p2a: Sceptile|spa|1
|-resisted|p1b: Gourgeist|1
|-damage|p1a: Farigiraf|75/100
|-damage|p1b: Gourgeist|83/100
|-status|p1b: Gourgeist|par
|move|p2a: Sceptile|Leaf Storm|p1b: Gourgeist
|-resisted|p1b: Gourgeist|1
|-damage|p1b: Gourgeist|26/100 par
|-unboost|p2a: Sceptile|spa|2
|move|p1b: Gourgeist|Trick Room|p1b: Gourgeist
|-fieldstart|move: Trick Room|[of] p1b: Gourgeist
|
|upkeep
|turn|2
|inactive|resetrose has 30 seconds left.
|inactive|masticant3 has 30 seconds left.
|
|t:|1785963909
|switch|p2b: Lopunny|Lopunny, L50, F|100/100
|move|p2a: Sceptile|Protect|p2a: Sceptile
|-singleturn|p2a: Sceptile|Protect
|move|p1b: Gourgeist|Poltergeist|p2a: Sceptile
|-activate|p2a: Sceptile|move: Protect
|move|p1a: Farigiraf|Psychic|p2b: Lopunny
|-damage|p2b: Lopunny|61/100
|
|upkeep
|turn|3
|inactive|resetrose has 30 seconds left.
|
|t:|1785963938
|switch|p1a: Torkoal|Torkoal, L50, M|100/100
|-weather|SunnyDay|[from] ability: Drought|[of] p1a: Torkoal
|move|p1b: Gourgeist|Poltergeist|p2a: Sceptile
|-activate|p2a: Sceptile|move: Poltergeist|Sceptilite
|-damage|p2a: Sceptile|19/100
|move|p2b: Lopunny|U-turn|p1a: Torkoal
|-resisted|p1a: Torkoal|1
|-damage|p1a: Torkoal|92/100
|
|t:|1785963947
|switch|p2b: Basculegion|Basculegion, L50, M|100/100|[from] U-turn
|move|p2a: Sceptile|Leaf Storm|p1b: Gourgeist
|-resisted|p1b: Gourgeist|1
|-damage|p1b: Gourgeist|0 fnt
|-unboost|p2a: Sceptile|spa|2
|faint|p1b: Gourgeist
|
|-weather|SunnyDay|[upkeep]
|upkeep
|
|t:|1785963956
|switch|p1b: Farigiraf|Farigiraf, L50, F|75/100
|turn|4
|
|t:|1785963979
|switch|p2a: Rotom|Rotom-Heat, L50|100/100
|move|p1b: Farigiraf|Ally Switch|p1b: Farigiraf
|swap|p1b: Farigiraf|0|[from] move: Ally Switch
|move|p1b: Torkoal|Eruption|p2a: Rotom|[spread] p2a,p2b
|-resisted|p2a: Rotom|1
|-resisted|p2b: Basculegion|1
|-damage|p2a: Rotom|49/100
|-damage|p2b: Basculegion|51/100
|move|p2b: Basculegion|Wave Crash|p1a: Farigiraf
|-damage|p1a: Farigiraf|39/100
|-enditem|p1a: Farigiraf|Sitrus Berry|[eat]
|-heal|p1a: Farigiraf|64/100|[from] item: Sitrus Berry
|-damage|p2b: Basculegion|39/100|[from] Recoil
|-damage|p2b: Basculegion|29/100|[from] item: Life Orb
|
|-weather|SunnyDay|[upkeep]
|upkeep
|turn|5
|
|t:|1785964000
|move|p2b: Basculegion|Protect|p2b: Basculegion
|-singleturn|p2b: Basculegion|Protect
|move|p1b: Torkoal|Eruption|p2b: Basculegion|[spread] p2a
|-activate|p2b: Basculegion|move: Protect
|-resisted|p2a: Rotom|1
|-damage|p2a: Rotom|1/100
|move|p1a: Farigiraf|Thunderbolt|p2b: Basculegion
|-activate|p2b: Basculegion|move: Protect
|move|p2a: Rotom|Dark Pulse|p1a: Farigiraf
|-supereffective|p1a: Farigiraf|1
|-damage|p1a: Farigiraf|20/100y
|
|-weather|SunnyDay|[upkeep]
|-fieldend|move: Trick Room
|upkeep
|turn|6
|
|t:|1785964025
|switch|p2b: Lopunny|Lopunny, L50, F|61/100
|switch|p1b: Forretress|Forretress, L50, F|100/100
|move|p1a: Farigiraf|Ally Switch|p1a: Farigiraf
|swap|p1a: Farigiraf|1|[from] move: Ally Switch
|move|p2a: Rotom|Dark Pulse|p1a: Forretress
|-damage|p1a: Forretress|65/100
|
|-weather|SunnyDay|[upkeep]
|upkeep
|turn|7
|
|t:|1785964045
|switch|p1b: Torkoal|Torkoal, L50, M|92/100
|move|p2a: Rotom|Dark Pulse|p1a: Forretress
|-damage|p1a: Forretress|31/100
|move|p2b: Lopunny|Encore||[still]
|-fail|p2b: Lopunny
|move|p1a: Forretress|Gyro Ball|p2b: Lopunny
|-damage|p2b: Lopunny|0 fnt
|faint|p2b: Lopunny
|
|-weather|none
|upkeep
|
|t:|1785964056
|switch|p2b: Basculegion|Basculegion, L50, M|29/100
|turn|8
|
|t:|1785964068
|move|p1b: Torkoal|Protect|p1b: Torkoal
|-singleturn|p1b: Torkoal|Protect
|move|p2b: Basculegion|Aqua Jet|p1b: Torkoal
|-activate|p1b: Torkoal|move: Protect
|move|p2a: Rotom|Dark Pulse|p1a: Forretress
|-damage|p1a: Forretress|0 fnt
|faint|p1a: Forretress
|
|upkeep
|
|t:|1785964076
|switch|p1a: Farigiraf|Farigiraf, L50, F|20/100y
|turn|9
|
|t:|1785964095
|move|p2a: Rotom|Dark Pulse|p1b: Torkoal
|-damage|p1b: Torkoal|56/100
|move|p2b: Basculegion|Wave Crash|p1a: Farigiraf
|-damage|p1a: Farigiraf|0 fnt
|faint|p1a: Farigiraf
|-damage|p2b: Basculegion|22/100|[from] Recoil
|-damage|p2b: Basculegion|13/100|[from] item: Life Orb
|move|p1b: Torkoal|Eruption|p2a: Rotom|[spread] p2a,p2b
|-resisted|p2a: Rotom|1
|-resisted|p2b: Basculegion|1
|-damage|p2a: Rotom|0 fnt
|-damage|p2b: Basculegion|0 fnt
|faint|p2a: Rotom
|faint|p2b: Basculegion
|
|upkeep
|
|t:|1785964110
|switch|p2a: Sceptile|Sceptile-Mega, L50, F|19/100
|turn|10
|
|t:|1785964120
|move|p1b: Torkoal|Protect|p1b: Torkoal
|-singleturn|p1b: Torkoal|Protect
|move|p2a: Sceptile|Earth Power|p1b: Torkoal
|-activate|p1b: Torkoal|move: Protect
|
|upkeep
|turn|11
|
|t:|1785964132
|move|p2a: Sceptile|Earth Power|p1b: Torkoal
|-supereffective|p1b: Torkoal|1
|-damage|p1b: Torkoal|0 fnt
|faint|p1b: Torkoal
|
|win|masticant3
||resetrose is ready for game 2.
