|j|☆f81malla
|j|☆bandicoot25
|html|f81mallabandicoot25    
|uhtml|bestof|Game 2 of a best-of-3
|t:|1783626674
|gametype|doubles
|player|p1|f81malla|grimsley|1346
|player|p2|bandicoot25|blaine|1309
|gen|9
|tier|[Gen 9 Champions] VGC 2026 Reg M-B (Bo3)
|rated|
|rule|Species Clause: Limit one of each Pokémon
|rule|Item Clause: Limit 1 of each item
|clearpoke
|poke|p1|Mawile, L50, M, shiny|
|poke|p1|Raichu, L50, M|
|poke|p1|Sinistcha, L50|
|poke|p1|Milotic, L50, M, shiny|
|poke|p1|Ceruledge, L50, M, shiny|
|poke|p1|Incineroar, L50, M, shiny|
|poke|p2|Charizard, L50, F|
|poke|p2|Garchomp, L50, M|
|poke|p2|Sylveon, L50, F|
|poke|p2|Farigiraf, L50, M|
|poke|p2|Kingambit, L50, M|
|poke|p2|Aerodactyl, L50, F|
|teampreview|4
|showteam|p1|Mawile||Mawilite|HyperCutter|PlayRough,SuckerPunch,SwordsDance,Protect|Adamant||M|||50|]Raichu||RaichuniteY|LightningRod|ZapCannon,FocusBlast,FakeOut,Protect|Timid||M|||50|]Sinistcha||KasibBerry|Hospitality|Protect,RagePowder,MatchaGotcha,LifeDew|Calm|||||50|]Milotic||Leftovers|Competitive|Coil,MuddyWater,Hypnosis,Protect|Bold||M|||50|]Ceruledge||ColburBerry|FlashFire|BulkUp,Protect,ShadowSneak,BitterBlade|Adamant||M|||50|]Incineroar||SitrusBerry|Intimidate|FakeOut,ThroatChop,FlareBlitz,PartingShot|Impish||M|||50|
|showteam|p2|Charizard||CharizarditeY|Blaze|Protect,HeatWave,WeatherBall,SolarBeam|Timid||F|||50|]Garchomp||LifeOrb|RoughSkin|Protect,DragonClaw,StompingTantrum,Earthquake|Jolly||M|||50|]Sylveon||FairyFeather|Pixilate|Detect,QuickAttack,HyperVoice,HyperBeam|Modest||F|||50|]Farigiraf||SitrusBerry|ArmorTail|TwinBeam,Thunderbolt,Roar,TrickRoom|Bold||M|||50|]Kingambit||FocusSash|Defiant|KowtowCleave,IronHead,SuckerPunch,LowKick|Adamant||M|||50|]Aerodactyl||Aerodactylite|RockHead|RockSlide,DualWingbeat,IceFang,Tailwind|Jolly||F|||50|
|inactive|Battle timer is ON: inactive players will automatically lose when time's up. (requested by f81malla)
|j| f27 bufflucario
|inactive|f81malla has 60 seconds left.
|c| f27 bufflucario|haga historia
|
|t:|1783626724
|teamsize|p1|4
|teamsize|p2|4
|start
|switch|p1a: Milotic|Milotic, L50, M, shiny|100/100
|switch|p1b: Ceruledge|Ceruledge, L50, M, shiny|100/100
|switch|p2a: Charizard|Charizard, L50, F|100/100
|switch|p2b: Farigiraf|Farigiraf, L50, M|100/100
|turn|1
|inactive|bandicoot25 has 30 seconds left.
|
|t:|1783626750
|switch|p1a: Incineroar|Incineroar, L50, M, shiny|100/100
|-ability|p1a: Incineroar|Intimidate|boost
|-unboost|p2a: Charizard|atk|1
|-unboost|p2b: Farigiraf|atk|1
|detailschange|p2a: Charizard|Charizard-Mega-Y, L50, F
|-mega|p2a: Charizard|Charizard|Charizardite Y
|-weather|SunnyDay|[from] ability: Drought|[of] p2a: Charizard
|move|p2a: Charizard|Solar Beam||[still]
|-prepare|p2a: Charizard|Solar Beam
|-anim|p2a: Charizard|Solar Beam|p1a: Incineroar
|-resisted|p1a: Incineroar|1
|-crit|p1a: Incineroar
|-damage|p1a: Incineroar|69/100
|move|p1b: Ceruledge|Bitter Blade|p2b: Farigiraf
|-damage|p2b: Farigiraf|36/100
|-enditem|p2b: Farigiraf|Sitrus Berry|[eat]
|-heal|p2b: Farigiraf|61/100|[from] item: Sitrus Berry
|move|p2b: Farigiraf|Roar|p1b: Ceruledge
|drag|p1b: Milotic|Milotic, L50, M, shiny|100/100
|
|-weather|SunnyDay|[upkeep]
|upkeep
|turn|2
|inactive|f81malla has 30 seconds left.
|inactive|bandicoot25 has 30 seconds left.
|inactive|f81malla has 20 seconds left.
|inactive|f81malla has 15 seconds left.
|
|t:|1783626791
|switch|p1b: Ceruledge|Ceruledge, L50, M, shiny|100/100
|switch|p2b: Garchomp|Garchomp, L50, M|100/100
|move|p2a: Charizard|Solar Beam||[still]
|-prepare|p2a: Charizard|Solar Beam
|-anim|p2a: Charizard|Solar Beam|p1b: Ceruledge
|-resisted|p1b: Ceruledge|1
|-damage|p1b: Ceruledge|77/100
|move|p1a: Incineroar|Flare Blitz|p2b: Garchomp
|-resisted|p2b: Garchomp|1
|-damage|p2b: Garchomp|66/100
|-damage|p1a: Incineroar|56/100|[from] ability: Rough Skin|[of] p2b: Garchomp
|-damage|p1a: Incineroar|47/100|[from] Recoil
|-enditem|p1a: Incineroar|Sitrus Berry|[eat]
|-heal|p1a: Incineroar|71/100|[from] item: Sitrus Berry
|
|-weather|SunnyDay|[upkeep]
|upkeep
|turn|3
|inactive|bandicoot25 has 30 seconds left.
|
|t:|1783626819
|switch|p2a: Kingambit|Kingambit, L50, M|100/100
|switch|p1b: Sinistcha|Sinistcha, L50|100/100
|-heal|p1a: Incineroar|96/100|[from] ability: Hospitality|[of] p1b: Sinistcha
|move|p2b: Garchomp|Stomping Tantrum|p1a: Incineroar
|-supereffective|p1a: Incineroar|1
|-crit|p1a: Incineroar
|-damage|p1a: Incineroar|0 fnt
|faint|p1a: Incineroar
|-damage|p2b: Garchomp|56/100|[from] item: Life Orb
|
|-weather|SunnyDay|[upkeep]
|upkeep
|c|☆f81malla|Critico ahora noo
|
|t:|1783626844
|switch|p1a: Milotic|Milotic, L50, M, shiny|100/100
|turn|4
|
|t:|1783626863
|move|p1b: Sinistcha|Protect|p1b: Sinistcha
|-singleturn|p1b: Sinistcha|Protect
|move|p2b: Garchomp|Stomping Tantrum|p1a: Milotic
|-damage|p1a: Milotic|63/100
|-damage|p2b: Garchomp|46/100|[from] item: Life Orb
|move|p1a: Milotic|Coil|p1a: Milotic
|-boost|p1a: Milotic|atk|1
|-boost|p1a: Milotic|def|1
|-boost|p1a: Milotic|accuracy|1
|move|p2a: Kingambit|Kowtow Cleave|p1b: Sinistcha
|-activate|p1b: Sinistcha|move: Protect
|
|-weather|SunnyDay|[upkeep]
|-heal|p1a: Milotic|69/100|[from] item: Leftovers
|upkeep
|turn|5
|
|t:|1783626878
|move|p1b: Sinistcha|Rage Powder|p1b: Sinistcha
|-singleturn|p1b: Sinistcha|move: Rage Powder
|move|p2b: Garchomp|Dragon Claw|p1b: Sinistcha
|-damage|p1b: Sinistcha|51/100
|-damage|p2b: Garchomp|36/100|[from] item: Life Orb
|move|p1a: Milotic|Hypnosis|p2a: Kingambit|[miss]
|-miss|p1a: Milotic|p2a: Kingambit
|move|p2a: Kingambit|Kowtow Cleave|p1b: Sinistcha
|-supereffective|p1b: Sinistcha|1
|-damage|p1b: Sinistcha|0 fnt
|faint|p1b: Sinistcha
|
|-weather|none
|-heal|p1a: Milotic|75/100|[from] item: Leftovers
|upkeep
|
|t:|1783626886
|switch|p1b: Ceruledge|Ceruledge, L50, M, shiny|77/100
|turn|6
|c| f27 bufflucario|noooooooooo
|c| f27 bufflucario|vaya miss
|
|t:|1783626908
|move|p1b: Ceruledge|Protect|p1b: Ceruledge
|-singleturn|p1b: Ceruledge|Protect
|move|p2b: Garchomp|Dragon Claw|p1a: Milotic
|-damage|p1a: Milotic|47/100
|-damage|p2b: Garchomp|27/100|[from] item: Life Orb
|move|p1a: Milotic|Muddy Water|p2a: Kingambit|[spread] p2a,p2b
|-damage|p2a: Kingambit|75/100
|-damage|p2b: Garchomp|2/100
|-unboost|p2a: Kingambit|accuracy|1
|-ability|p2a: Kingambit|Defiant|boost
|-boost|p2a: Kingambit|atk|2
|move|p2a: Kingambit|Kowtow Cleave|p1b: Ceruledge
|-activate|p1b: Ceruledge|move: Protect
|
|-heal|p1a: Milotic|53/100|[from] item: Leftovers
|upkeep
|turn|7
|
|t:|1783626924
|move|p1b: Ceruledge|Shadow Sneak|p2b: Garchomp
|-damage|p2b: Garchomp|0 fnt
|-damage|p1b: Ceruledge|64/100|[from] ability: Rough Skin|[of] p2b: Garchomp
|faint|p2b: Garchomp
|move|p2a: Kingambit|Sucker Punch||[still]
|-fail|p2a: Kingambit
|move|p1a: Milotic|Hypnosis|p2a: Kingambit
|-status|p2a: Kingambit|slp|[from] move: Hypnosis
|
|-heal|p1a: Milotic|59/100|[from] item: Leftovers
|upkeep
|
|t:|1783626933
|switch|p2b: Charizard|Charizard-Mega-Y, L50, F|100/100
|-weather|SunnyDay|[from] ability: Drought|[of] p2b: Charizard
|turn|8
|
|t:|1783626943
|move|p2b: Charizard|Protect|p2b: Charizard
|-singleturn|p2b: Charizard|Protect
|cant|p2a: Kingambit|slp
|move|p1b: Ceruledge|Bitter Blade|p2a: Kingambit
|-supereffective|p2a: Kingambit|1
|-damage|p2a: Kingambit|0 fnt
|-heal|p1b: Ceruledge|100/100|[from] drain|[of] p2a: Kingambit
|faint|p2a: Kingambit
|move|p1a: Milotic|Hypnosis|p2b: Charizard
|-activate|p2b: Charizard|move: Protect
|
|-weather|SunnyDay|[upkeep]
|-heal|p1a: Milotic|65/100|[from] item: Leftovers
|upkeep
|
|t:|1783626950
|switch|p2a: Farigiraf|Farigiraf, L50, M|61/100
|turn|9
|c|☆f81malla|VAMOOOS
|c| f27 bufflucario|te lo regalo
|j| f09 Ton
|c| f27 bufflucario|que grande
|
|t:|1783626962
|move|p1a: Milotic|Protect|p1a: Milotic
|-singleturn|p1a: Milotic|Protect
|move|p2b: Charizard|Solar Beam||[still]
|-prepare|p2b: Charizard|Solar Beam
|-anim|p2b: Charizard|Solar Beam|p1a: Milotic
|-activate|p1a: Milotic|move: Protect
|move|p1b: Ceruledge|Bitter Blade|p2a: Farigiraf
|-damage|p2a: Farigiraf|0 fnt
|faint|p2a: Farigiraf
|
|-weather|SunnyDay|[upkeep]
|-heal|p1a: Milotic|71/100|[from] item: Leftovers
|upkeep
|turn|10
|c| f27 bufflucario|AURA
|-message|bandicoot25 forfeited.
|
|win|f81malla
|raw|f81malla's rating: 1346 → 1364(+18 for winning)
|raw|bandicoot25's rating: 1309 → 1291(-18 for losing)
|c|☆f81malla|Aura
|l|☆bandicoot25
|player|p2|
