|j|☆Snivii
|j|☆galloway2001
|html|Sniviigalloway2001    
|uhtml|bestof|Game 2 of a best-of-3
|t:|1785949044
|gametype|doubles
|player|p1|Snivii|1|1172
|player|p2|galloway2001|265|1287
|gen|9
|tier|[Gen 9 Champions] VGC 2026 Reg M-B (Bo3)
|rated|
|rule|Species Clause: Limit one of each Pokémon
|rule|Item Clause: Limit 1 of each item
|clearpoke
|poke|p1|Serperior, L50, F|
|poke|p1|Grimmsnarl, L50, M|
|poke|p1|Staraptor, L50, M|
|poke|p1|Whimsicott, L50, M|
|poke|p1|Blastoise, L50, F|
|poke|p1|Skeledirge, L50, F|
|poke|p2|Scovillain, L50, M|
|poke|p2|Lycanroc-Dusk, L50, F|
|poke|p2|Kingambit, L50, F|
|poke|p2|Basculegion, L50, M|
|poke|p2|Sneasler, L50, F|
|poke|p2|Froslass, L50, F|
|teampreview|4
|showteam|p1|Serperior||WideLens|Contrary|LeafStorm,Glare,Protect,GastroAcid|Timid||F|||50|]Grimmsnarl||LightClay|Prankster|SpiritBreak,LightScreen,Reflect,PartingShot|Careful||M|||50|]Staraptor||Staraptite|Intimidate|BraveBird,CloseCombat,Roost,Protect|Jolly||M|||50|]Whimsicott||FocusSash|Prankster|Moonblast,Charm,Encore,Tailwind|Timid||M|||50|]Blastoise||Blastoisinite|Torrent|WaterSpout,AuraSphere,WaterPulse,Protect|Modest||F|||50|]Skeledirge||Leftovers|Unaware|TorchSong,ShadowBall,Yawn,Snarl|Quiet||F|||50|
|showteam|p2|Scovillain||Scovillainite|Moody|Protect,Overheat,GigaDrain,RagePowder|Modest||M|||50|]Lycanroc-Dusk||FocusSash|ToughClaws|Protect,Accelerock,RockSlide,CloseCombat|Adamant||F|||50|]Kingambit||BlackGlasses|Defiant|Protect,KowtowCleave,IronHead,SuckerPunch|Adamant||F|||50|]Basculegion||SitrusBerry|Adaptability|Protect,LastRespects,WaveCrash,AquaJet|Adamant||M|||50|]Sneasler||WhiteHerb|Unburden|FakeOut,GunkShot,CloseCombat,Protect|Adamant||F|||50|]Froslass||Froslassite|CursedBody|Blizzard,ShadowBall,AuroraVeil,Protect|Modest||F|||50|
|
|t:|1785949056
|teamsize|p1|4
|teamsize|p2|4
|start
|switch|p1a: Staraptor|Staraptor, L50, M|100/100
|switch|p1b: Grimmsnarl|Grimmsnarl, L50, M|100/100
|switch|p2a: Froslass|Froslass, L50, F|100/100
|switch|p2b: Sneasler|Sneasler, L50, F|100/100
|-ability|p1a: Staraptor|Intimidate|boost
|-unboost|p2a: Froslass|atk|1
|-unboost|p2b: Sneasler|atk|1
|-enditem|p2b: Sneasler|White Herb
|-clearnegativeboost|p2b: Sneasler|[silent]
|turn|1
|
|t:|1785949064
|switch|p1a: Skeledirge|Skeledirge, L50, F|100/100
|detailschange|p2a: Froslass|Froslass-Mega, L50, F
|-mega|p2a: Froslass|Froslass|Froslassite
|-weather|Snowscape|[from] ability: Snow Warning|[of] p2a: Froslass
|move|p2b: Sneasler|Fake Out|p1b: Grimmsnarl
|-damage|p1b: Grimmsnarl|85/100
|cant|p1b: Grimmsnarl|flinch
|move|p2a: Froslass|Blizzard|p1b: Grimmsnarl|[spread] p1a,p1b
|-resisted|p1a: Skeledirge|1
|-damage|p1a: Skeledirge|80/100
|-damage|p1b: Grimmsnarl|46/100
|
|-weather|Snowscape|[upkeep]
|-heal|p1a: Skeledirge|86/100|[from] item: Leftovers
|upkeep
|turn|2
|
|t:|1785949081
|switch|p1a: Staraptor|Staraptor, L50, M|100/100
|-ability|p1a: Staraptor|Intimidate|boost
|-unboost|p2a: Froslass|atk|1
|-unboost|p2b: Sneasler|atk|1
|move|p1b: Grimmsnarl|Reflect|p1b: Grimmsnarl
|-sidestart|p1: Snivii|Reflect
|move|p2b: Sneasler|Gunk Shot|p1a: Staraptor|[miss]
|-miss|p2b: Sneasler|p1a: Staraptor
|move|p2a: Froslass|Shadow Ball|p1a: Staraptor
|-immune|p1a: Staraptor
|
|-weather|Snowscape|[upkeep]
|upkeep
|turn|3
|
|t:|1785949098
|detailschange|p1a: Staraptor|Staraptor-Mega, L50, M
|-mega|p1a: Staraptor|Staraptor|Staraptite
|move|p2b: Sneasler|Protect|p2b: Sneasler
|-singleturn|p2b: Sneasler|Protect
|move|p1b: Grimmsnarl|Light Screen|p1b: Grimmsnarl
|-sidestart|p1: Snivii|move: Light Screen
|move|p1a: Staraptor|Close Combat|p2b: Sneasler
|-activate|p2b: Sneasler|move: Protect
|move|p2a: Froslass|Blizzard|p1b: Grimmsnarl|[spread] p1a,p1b
|-supereffective|p1a: Staraptor|1
|-damage|p1a: Staraptor|33/100
|-damage|p1b: Grimmsnarl|19/100
|
|-weather|Snowscape|[upkeep]
|upkeep
|turn|4
|
|t:|1785949110
|switch|p2b: Basculegion|Basculegion, L50, M|100/100
|move|p1b: Grimmsnarl|Parting Shot|p2a: Froslass
|-unboost|p2a: Froslass|atk|1
|-unboost|p2a: Froslass|spa|1
|
|t:|1785949113
|switch|p1b: Whimsicott|Whimsicott, L50, M|100/100|[from] Parting Shot
|move|p1a: Staraptor|Close Combat|p2b: Basculegion
|-immune|p2b: Basculegion
|move|p2a: Froslass|Blizzard|p1a: Staraptor|[spread] p1a,p1b
|-supereffective|p1a: Staraptor|1
|-supereffective|p1b: Whimsicott|1
|-damage|p1a: Staraptor|0 fnt
|-damage|p1b: Whimsicott|35/100
|faint|p1a: Staraptor
|
|-weather|Snowscape|[upkeep]
|upkeep
|
|t:|1785949115
|switch|p1a: Skeledirge|Skeledirge, L50, F|86/100
|turn|5
|
|t:|1785949126
|move|p1b: Whimsicott|Encore|p2a: Froslass
|-start|p2a: Froslass|Encore
|move|p2a: Froslass|Blizzard|p1b: Whimsicott|[spread] p1a,p1b
|-resisted|p1a: Skeledirge|1
|-supereffective|p1b: Whimsicott|1
|-damage|p1a: Skeledirge|73/100
|-damage|p1b: Whimsicott|0 fnt
|faint|p1b: Whimsicott
|move|p2b: Basculegion|Wave Crash|p1a: Skeledirge
|-supereffective|p1a: Skeledirge|1
|-damage|p1a: Skeledirge|0 fnt
|faint|p1a: Skeledirge
|-damage|p2b: Basculegion|75/100|[from] Recoil
|
|-weather|none
|upkeep
|-message|Snivii forfeited.
|
|win|galloway2001
|raw|Snivii's rating: 1172 → 1155(-17 for losing)
|raw|galloway2001's rating: 1287 → 1304(+17 for winning)
|l|☆Snivii
|player|p1|
