|j|☆MenOfStrat
|j|☆Bobbo1
|html|MenOfStratBobbo1    
|uhtml|bestof|Game 2 of a best-of-3
|t:|1756913905
|gametype|doubles
|player|p1|MenOfStrat|li|1225
|player|p2|Bobbo1|ghetsis|1152
|gen|9
|tier|[Gen 9] VGC 2025 Reg H (Bo3)
|rated|
|rule|Species Clause: Limit one of each Pokémon
|rule|Item Clause: Limit 1 of each item
|clearpoke
|poke|p1|Sneasler, L50, M|
|poke|p1|Indeedee, L50, M|
|poke|p1|Volcarona, L50, M|
|poke|p1|Ursaluna-Bloodmoon, L50, M|
|poke|p1|Annihilape, L50, F|
|poke|p1|Tyranitar, L50, M|
|poke|p2|Palafin, L50, F|
|poke|p2|Incineroar, L50, F|
|poke|p2|Rillaboom, L50, F|
|poke|p2|Volcarona, L50, F|
|poke|p2|Ninetales-Alola, L50, F|
|poke|p2|Gholdengo, L50|
|teampreview|4
|showteam|p1|Sneasler||PsychicSeed|Unburden|CloseCombat,DireClaw,ThroatChop,Protect|||M|||50|,,,,,Dark]Indeedee||ChoiceScarf|PsychicSurge|ExpandingForce,TeraBlast,Trick,Protect|||M|||50|,,,,,Psychic]Volcarona||SitrusBerry|FlameBody|Overheat,StruggleBug,RagePowder,Tailwind|||M|||50|,,,,,Fairy]Ursaluna-Bloodmoon||LifeOrb|MindsEye|BloodMoon,HyperVoice,EarthPower,Protect|||M|||50|,,,,,Normal]Annihilape||SafetyGoggles|Defiant|CloseCombat,RageFist,Taunt,FinalGambit|||F|||50|,,,,,Fairy]Tyranitar||AssaultVest|SandStream|RockSlide,KnockOff,TeraBlast,LowKick|||M|||50|,,,,,Flying
|showteam|p2|Palafin||MysticWater|ZerotoHero|IcePunch,JetPunch,WaveCrash,Protect|||F|||50|,,,,,Water]Incineroar||SafetyGoggles|Intimidate|FakeOut,KnockOff,FlareBlitz,PartingShot|||F|||50|,,,,,Ghost]Rillaboom||AssaultVest|GrassySurge|FakeOut,GrassyGlide,WoodHammer,Uturn|||F|||50|,,,,,Fire]Volcarona||GrassySeed|FlameBody|QuiverDance,FieryDance,GigaDrain,Protect|||F|||50|,,,,,Grass]Ninetales-Alola||LightClay|SnowWarning|AuroraVeil,Blizzard,Moonblast,Protect|||F|||50|,,,,,Fire]Gholdengo||LifeOrb|GoodasGold|NastyPlot,MakeItRain,ShadowBall,Protect||||||50|,,,,,Water
|
|t:|1756913954
|teamsize|p1|4
|teamsize|p2|4
|start
|switch|p1a: Annihilape|Annihilape, L50, F|100/100
|switch|p1b: Ursaluna|Ursaluna-Bloodmoon, L50, M|100/100
|switch|p2a: Volcarona|Volcarona, L50, F|100/100
|switch|p2b: Rillaboom|Rillaboom, L50, F|100/100
|-fieldstart|move: Grassy Terrain|[from] ability: Grassy Surge|[of] p2b: Rillaboom
|-enditem|p2a: Volcarona|Grassy Seed
|-boost|p2a: Volcarona|def|1|[from] item: Grassy Seed
|turn|1
|
|t:|1756913979
|move|p1b: Ursaluna|Protect|p1b: Ursaluna
|-singleturn|p1b: Ursaluna|Protect
|move|p2b: Rillaboom|Fake Out|p1b: Ursaluna
|-activate|p1b: Ursaluna|move: Protect
|move|p1a: Annihilape|Taunt|p2a: Volcarona
|-start|p2a: Volcarona|move: Taunt
|cant|p2a: Volcarona|move: Taunt|Quiver Dance
|
|upkeep
|turn|2
|
|t:|1756914007
|-terastallize|p1b: Ursaluna|Normal
|move|p1a: Annihilape|Close Combat|p2b: Rillaboom
|-damage|p2b: Rillaboom|60/100
|-unboost|p1a: Annihilape|def|1
|-unboost|p1a: Annihilape|spd|1
|move|p2a: Volcarona|Fiery Dance|p1b: Ursaluna
|-damage|p1b: Ursaluna|50/100
|move|p2b: Rillaboom|Wood Hammer|p1b: Ursaluna
|-damage|p1b: Ursaluna|0 fnt
|faint|p1b: Ursaluna
|-damage|p2b: Rillaboom|45/100|[from] Recoil
|
|-heal|p2b: Rillaboom|51/100|[from] Grassy Terrain
|upkeep
|
|t:|1756914019
|switch|p1b: Indeedee|Indeedee, L50, M|100/100
|-fieldstart|move: Psychic Terrain|[from] ability: Psychic Surge|[of] p1b: Indeedee
|turn|3
|
|t:|1756914046
|switch|p1a: Sneasler|Sneasler, L50, M|100/100
|-enditem|p1a: Sneasler|Psychic Seed
|-boost|p1a: Sneasler|spd|1|[from] item: Psychic Seed
|switch|p2b: Gholdengo|Gholdengo, L50|100/100
|move|p1b: Indeedee|Expanding Force|p2a: Volcarona|[spread] p2a,p2b
|-resisted|p2b: Gholdengo
|-damage|p2a: Volcarona|48/100
|-damage|p2b: Gholdengo|75/100
|move|p2a: Volcarona|Fiery Dance|p1a: Sneasler
|-damage|p1a: Sneasler|67/100
|
|-end|p2a: Volcarona|move: Taunt
|upkeep
|turn|4
|
|t:|1756914071
|switch|p2b: Incineroar|Incineroar, L50, F|100/100
|-ability|p2b: Incineroar|Intimidate|boost
|-unboost|p1a: Sneasler|atk|1
|-unboost|p1b: Indeedee|atk|1
|move|p2a: Volcarona|Protect|p2a: Volcarona
|-singleturn|p2a: Volcarona|Protect
|move|p1a: Sneasler|Throat Chop|p2b: Incineroar
|-resisted|p2b: Incineroar
|-damage|p2b: Incineroar|90/100
|-start|p2b: Incineroar|Throat Chop|[silent]
|move|p1b: Indeedee|Expanding Force|p2b: Incineroar|[spread] 
|-activate|p2a: Volcarona|move: Protect
|-immune|p2b: Incineroar
|
|upkeep
|turn|5
|
|t:|1756914097
|switch|p2a: Rillaboom|Rillaboom, L50, F|51/100
|-fieldstart|move: Grassy Terrain|[from] ability: Grassy Surge|[of] p2a: Rillaboom
|-terastallize|p2b: Incineroar|Ghost
|move|p1a: Sneasler|Dire Claw|p2a: Rillaboom
|-supereffective|p2a: Rillaboom
|-damage|p2a: Rillaboom|0 fnt
|faint|p2a: Rillaboom
|move|p1b: Indeedee|Expanding Force|p2b: Incineroar
|-damage|p2b: Incineroar|59/100
|move|p2b: Incineroar|Knock Off|p1b: Indeedee
|-supereffective|p1b: Indeedee
|-damage|p1b: Indeedee|0 fnt
|-enditem|p1b: Indeedee|Choice Scarf|[from] move: Knock Off|[of] p2b: Incineroar
|faint|p1b: Indeedee
|
|-heal|p1a: Sneasler|73/100|[from] Grassy Terrain
|-heal|p2b: Incineroar|65/100|[from] Grassy Terrain
|-end|p2b: Incineroar|Throat Chop|[silent]
|upkeep
|
|t:|1756914118
|switch|p1b: Annihilape|Annihilape, L50, F|100/100
|switch|p2a: Volcarona|Volcarona, L50, F|48/100
|turn|6
|
|t:|1756914163
|switch|p2a: Gholdengo|Gholdengo, L50|75/100
|move|p1a: Sneasler|Throat Chop|p2b: Incineroar
|-supereffective|p2b: Incineroar
|-crit|p2b: Incineroar
|-damage|p2b: Incineroar|0 fnt
|faint|p2b: Incineroar
|move|p1b: Annihilape|Rage Fist|p2a: Gholdengo
|-supereffective|p2a: Gholdengo
|-damage|p2a: Gholdengo|33/100
|
|-heal|p1a: Sneasler|79/100|[from] Grassy Terrain
|-heal|p2a: Gholdengo|38/100|[from] Grassy Terrain
|upkeep
|
|t:|1756914171
|switch|p2b: Volcarona|Volcarona, L50, F|48/100
|turn|7
|inactive|Battle timer is ON: inactive players will automatically lose when time's up. (requested by Bobbo1)
|
|t:|1756914223
|move|p2a: Gholdengo|Protect|p2a: Gholdengo
|-singleturn|p2a: Gholdengo|Protect
|move|p1a: Sneasler|Throat Chop|p2a: Gholdengo
|-activate|p2a: Gholdengo|move: Protect
|move|p1b: Annihilape|Taunt|p2b: Volcarona
|-start|p2b: Volcarona|move: Taunt
|move|p2b: Volcarona|Giga Drain|p1b: Annihilape
|-damage|p1b: Annihilape|72/100
|-heal|p2b: Volcarona|64/100|[from] drain|[of] p1b: Annihilape
|
|-heal|p1a: Sneasler|84/100|[from] Grassy Terrain
|-heal|p1b: Annihilape|78/100|[from] Grassy Terrain
|-heal|p2b: Volcarona|70/100|[from] Grassy Terrain
|-heal|p2a: Gholdengo|44/100|[from] Grassy Terrain
|upkeep
|turn|8
|
|t:|1756914248
|move|p1a: Sneasler|Dire Claw|p2b: Volcarona
|-damage|p2b: Volcarona|34/100
|-status|p2b: Volcarona|par
|-status|p1a: Sneasler|brn|[from] ability: Flame Body|[of] p2b: Volcarona
|move|p1b: Annihilape|Rage Fist|p2a: Gholdengo
|-supereffective|p2a: Gholdengo
|-damage|p2a: Gholdengo|0 fnt
|faint|p2a: Gholdengo
|move|p2b: Volcarona|Fiery Dance|p1b: Annihilape
|-damage|p1b: Annihilape|38/100
|
|-heal|p1a: Sneasler|90/100 brn|[from] Grassy Terrain
|-heal|p1b: Annihilape|44/100|[from] Grassy Terrain
|-heal|p2b: Volcarona|41/100 par|[from] Grassy Terrain
|-damage|p1a: Sneasler|84/100 brn|[from] brn
|upkeep
|turn|9
|
|t:|1756914263
|move|p1a: Sneasler|Dire Claw|p2b: Volcarona
|-damage|p2b: Volcarona|23/100 par
|move|p1b: Annihilape|Rage Fist|p2b: Volcarona
|-damage|p2b: Volcarona|0 fnt
|faint|p2b: Volcarona
|
|win|MenOfStrat
|raw|MenOfStrat's rating: 1225 → 1245(+20 for winning)
|raw|Bobbo1's rating: 1152 → 1132(-20 for losing)
|l|☆Bobbo1
|player|p2|
