|j|☆tatsulol
|j|☆Koraidonkoalition
|html|tatsulolKoraidonkoalition    
|uhtml|bestof|Game 1 of a best-of-3
|t:|1785493500
|gametype|doubles
|player|p1|tatsulol|170|1042
|player|p2|Koraidonkoalition|colress|1151
|gen|9
|tier|[Gen 9 Champions] VGC 2026 Reg M-B (Bo3)
|rated|
|rule|Species Clause: Limit one of each Pokémon
|rule|Item Clause: Limit 1 of each item
|clearpoke
|poke|p1|Staraptor, L50, M|
|poke|p1|Milotic, L50, F|
|poke|p1|Tyranitar, L50, M|
|poke|p1|Excadrill, L50, M|
|poke|p1|Sinistcha, L50|
|poke|p1|Raichu, L50, M|
|poke|p2|Delphox, L50, F|
|poke|p2|Garchomp, L50, F|
|poke|p2|Sneasler, L50, F|
|poke|p2|Staraptor, L50, M|
|poke|p2|Kingambit, L50, M|
|poke|p2|Whimsicott, L50, M|
|teampreview|4
|showteam|p1|Staraptor||Staraptite|Intimidate|BraveBird,CloseCombat,Tailwind,Protect|Jolly||M|||50|]Milotic||SitrusBerry|Competitive|Scald,IceBeam,IcyWind,Recover|Modest||F|||50|]Tyranitar||ChoiceScarf|SandStream|RockSlide,KnockOff,LowKick,IcePunch|Jolly||M|||50|]Excadrill||FocusSash|SandRush|HighHorsepower,IronHead,RockSlide,Protect|Adamant||M|||50|]Sinistcha||ColburBerry|Hospitality|MatchaGotcha,RagePowder,TrickRoom,Protect|Bold|||||50|]Raichu||RaichuniteY|Static|ZapCannon,FocusBlast,FakeOut,Protect|Modest||M|||50|
|showteam|p2|Delphox||Delphoxite|Blaze|HeatWave,Psychic,Substitute,Protect|Modest||F|||50|]Garchomp||LifeOrb|RoughSkin|Earthquake,DragonClaw,RockSlide,Protect|Jolly||F|||50|]Sneasler||FocusSash|Unburden|CloseCombat,DireClaw,RockTomb,FakeOut|Naive||F|||50|]Staraptor||Staraptite|Intimidate|CloseCombat,DualWingbeat,Roost,Protect|Jolly||M|||50|]Kingambit||ChopleBerry|Defiant|KowtowCleave,SuckerPunch,IronHead,LowKick|Adamant||M|||50|]Whimsicott||OccaBerry|Prankster|Moonblast,Charm,Tailwind,LightScreen|Timid||M|||50|
|inactive|Battle timer is ON: inactive players will automatically lose when time's up. (requested by tatsulol)
|inactive|tatsulol has 60 seconds left.
|
|t:|1785493568
|teamsize|p1|4
|teamsize|p2|4
|start
|switch|p1a: Raichu|Raichu, L50, M|100/100
|switch|p1b: Staraptor|Staraptor, L50, M|100/100
|switch|p2a: Staraptor|Staraptor, L50, M|100/100
|switch|p2b: Whimsicott|Whimsicott, L50, M|100/100
|-ability|p2a: Staraptor|Intimidate|boost
|-unboost|p1a: Raichu|atk|1
|-unboost|p1b: Staraptor|atk|1
|-ability|p1b: Staraptor|Intimidate|boost
|-unboost|p2a: Staraptor|atk|1
|-unboost|p2b: Whimsicott|atk|1
|turn|1
|
|t:|1785493586
|detailschange|p2a: Staraptor|Staraptor-Mega, L50, M
|-mega|p2a: Staraptor|Staraptor|Staraptite
|detailschange|p1a: Raichu|Raichu-Mega-Y, L50, M
|-mega|p1a: Raichu|Raichu|Raichunite Y
|move|p1a: Raichu|Fake Out|p2a: Staraptor
|-damage|p2a: Staraptor|93/100
|move|p2b: Whimsicott|Tailwind|p2b: Whimsicott
|-sidestart|p2: Koraidonkoalition|move: Tailwind
|cant|p2a: Staraptor|flinch
|move|p1b: Staraptor|Tailwind|p1b: Staraptor
|-sidestart|p1: tatsulol|move: Tailwind
|
|upkeep
|turn|2
|
|t:|1785493604
|switch|p2a: Garchomp|Garchomp, L50, F|100/100
|move|p1a: Raichu|Zap Cannon|p2a: Garchomp
|-immune|p2a: Garchomp
|move|p2b: Whimsicott|Moonblast|p1b: Staraptor
|-damage|p1b: Staraptor|61/100
|move|p1b: Staraptor|Brave Bird|p2b: Whimsicott
|-supereffective|p2b: Whimsicott|1
|-damage|p2b: Whimsicott|26/100
|-damage|p1b: Staraptor|40/100|[from] Recoil
|
|upkeep
|turn|3
|inactive|tatsulol has 30 seconds left.
|inactive|tatsulol has 20 seconds left.
|inactive|tatsulol has 15 seconds left.
|inactive|tatsulol has 10 seconds left.
|
|t:|1785493649
|switch|p1b: Milotic|Milotic, L50, F|100/100
|move|p1a: Raichu|Protect|p1a: Raichu
|-singleturn|p1a: Raichu|Protect
|move|p2b: Whimsicott|Light Screen|p2b: Whimsicott
|-sidestart|p2: Koraidonkoalition|move: Light Screen
|move|p2a: Garchomp|Dragon Claw|p1b: Milotic
|-damage|p1b: Milotic|48/100
|-enditem|p1b: Milotic|Sitrus Berry|[eat]
|-heal|p1b: Milotic|72/100|[from] item: Sitrus Berry
|-damage|p2a: Garchomp|90/100|[from] item: Life Orb
|
|upkeep
|turn|4
|inactive|Koraidonkoalition has 30 seconds left.
|
|t:|1785493678
|switch|p2a: Staraptor|Staraptor-Mega, L50, M|93/100
|move|p1a: Raichu|Zap Cannon|p2b: Whimsicott
|-resisted|p2b: Whimsicott|1
|-damage|p2b: Whimsicott|0 fnt
|faint|p2b: Whimsicott
|move|p1b: Milotic|Ice Beam|p2a: Staraptor
|-supereffective|p2a: Staraptor|1
|-damage|p2a: Staraptor|56/100
|
|-sideend|p2: Koraidonkoalition|move: Tailwind
|-sideend|p1: tatsulol|move: Tailwind
|upkeep
|
|t:|1785493686
|switch|p2b: Sneasler|Sneasler, L50, F|100/100
|turn|5
|
|t:|1785493710
|switch|p1b: Tyranitar|Tyranitar, L50, M|100/100
|-weather|Sandstorm|[from] ability: Sand Stream|[of] p1b: Tyranitar
|move|p1a: Raichu|Protect|p1a: Raichu
|-singleturn|p1a: Raichu|Protect
|move|p2b: Sneasler|Rock Tomb|p2a: Staraptor
|-damage|p2a: Staraptor|33/100
|-boost|p2a: Staraptor|spe|1
|move|p2a: Staraptor|Close Combat|p1b: Tyranitar
|-supereffective|p1b: Tyranitar|2
|-damage|p1b: Tyranitar|0 fnt
|-boost|p2a: Staraptor|def|1
|-boost|p2a: Staraptor|spd|1
|faint|p1b: Tyranitar
|
|-weather|Sandstorm|[upkeep]
|-damage|p2a: Staraptor|27/100|[from] Sandstorm
|-damage|p2b: Sneasler|94/100|[from] Sandstorm
|-damage|p1a: Raichu|94/100|[from] Sandstorm
|upkeep
|
|t:|1785493729
|switch|p1b: Milotic|Milotic, L50, F|72/100
|turn|6
|
|t:|1785493745
|move|p2a: Staraptor|Protect|p2a: Staraptor
|-singleturn|p2a: Staraptor|Protect
|move|p2b: Sneasler|Close Combat|p1b: Milotic
|-damage|p1b: Milotic|16/100
|-unboost|p2b: Sneasler|def|1
|-unboost|p2b: Sneasler|spd|1
|move|p1a: Raichu|Zap Cannon|p2a: Staraptor
|-activate|p2a: Staraptor|move: Protect
|move|p1b: Milotic|Scald|p2b: Sneasler
|-damage|p2b: Sneasler|45/100
|-status|p2b: Sneasler|brn
|
|-weather|Sandstorm|[upkeep]
|-damage|p2a: Staraptor|20/100y|[from] Sandstorm
|-damage|p2b: Sneasler|40/100 brn|[from] Sandstorm
|-damage|p1a: Raichu|88/100|[from] Sandstorm
|-damage|p1b: Milotic|10/100|[from] Sandstorm
|-damage|p2b: Sneasler|34/100 brn|[from] brn
|upkeep
|turn|7
|inactive|tatsulol has 30 seconds left.
|
|t:|1785493774
|move|p2a: Staraptor|Close Combat|p1a: Raichu
|-damage|p1a: Raichu|0 fnt
|-boost|p2a: Staraptor|def|1
|-boost|p2a: Staraptor|spd|1
|faint|p1a: Raichu
|move|p2b: Sneasler|Close Combat|p1b: Milotic
|-damage|p1b: Milotic|0 fnt
|-unboost|p2b: Sneasler|def|1
|-unboost|p2b: Sneasler|spd|1
|faint|p1b: Milotic
|
|-weather|Sandstorm|[upkeep]
|-damage|p2a: Staraptor|14/100|[from] Sandstorm
|-damage|p2b: Sneasler|28/100 brn|[from] Sandstorm
|-damage|p2b: Sneasler|22/100 brn|[from] brn
|-sideend|p2: Koraidonkoalition|move: Light Screen
|upkeep
|
|t:|1785493777
|switch|p1b: Staraptor|Staraptor, L50, M|40/100
|-ability|p1b: Staraptor|Intimidate|boost
|-boost|p2a: Staraptor|atk|1
|-unboost|p2b: Sneasler|atk|1
|turn|8
|
|t:|1785493783
|move|p2a: Staraptor|Close Combat|p1b: Staraptor
|-crit|p1b: Staraptor
|-damage|p1b: Staraptor|0 fnt
|-boost|p2a: Staraptor|def|1
|-boost|p2a: Staraptor|spd|1
|faint|p1b: Staraptor
|
|win|Koraidonkoalition
