|j|☆Noyomi
|j|☆gio0314
|html|Noyomigio0314    
|uhtml|bestof|Game 2 of a best-of-3
|t:|1785115369
|gametype|doubles
|player|p1|Noyomi|pokemonrangerf|
|player|p2|gio0314|102|
|gen|9
|tier|[Gen 9 Champions] VGC 2026 Reg M-B (Bo3)
|rule|Species Clause: Limit one of each Pokémon
|rule|Item Clause: Limit 1 of each item
|clearpoke
|poke|p1|Charizard, L50, F|
|poke|p1|Garchomp, L50, F|
|poke|p1|Sneasler, L50, F|
|poke|p1|Venusaur, L50, F|
|poke|p1|Milotic, L50, F|
|poke|p1|Ampharos, L50, M|
|poke|p2|Lucario, L50, F|
|poke|p2|Sableye, L50, M|
|poke|p2|Lycanroc-Dusk, L50, M|
|poke|p2|Luxray, L50, M|
|poke|p2|Hydreigon, L50, F|
|poke|p2|Talonflame, L50, F|
|teampreview|4
|showteam|p1|Charizard||CharizarditeY|Blaze|HeatWave,SolarBeam,Protect,ScorchingSands|Timid||F|||50|]Garchomp||SitrusBerry|RoughSkin|Earthquake,DragonClaw,Protect,RockSlide|Adamant||F|||50|]Sneasler||WhiteHerb|Unburden|CloseCombat,DireClaw,FakeOut,Protect|Adamant||F|||50|]Venusaur||FocusSash|Chlorophyll|SleepPowder,SludgeBomb,Protect,GigaDrain|Timid||F|||50|]Milotic||Leftovers|Competitive|Scald,IcyWind,Protect,LifeDew|Bold||F|||50|]Ampharos||Ampharosite|Static|DragonPulse,ParabolicCharge,Protect,LightScreen|Modest||M|||50|
|showteam|p2|Lucario||Lucarionite|InnerFocus|CloseCombat,MeteorMash,Protect,Crunch|Jolly||F|||50|]Sableye||SitrusBerry|Prankster|Reflect,KnockOff,Encore,LightScreen|Careful||M|||50|]Lycanroc-Dusk||LifeOrb|ToughClaws|RockSlide,Accelerock,CloseCombat,Protect|Jolly||M|||50|]Luxray||ShucaBerry|Intimidate|Superpower,HelpingHand,Protect,WildCharge|Adamant||M|||50|]Hydreigon||FocusSash|Levitate|EarthPower,DracoMeteor,DarkPulse,Protect|Modest||F|||50|]Talonflame|||GaleWings|Acrobatics,Tailwind,FlareBlitz,Uturn|Jolly||F|||50|
|j| nagc_17
|
|t:|1785115509
|teamsize|p1|4
|teamsize|p2|4
|start
|switch|p1a: Ku-chau|Sneasler, L50, F|100/100
|switch|p1b: Chi|Ampharos, L50, M|100/100
|switch|p2a: Like a rock|Lycanroc-Dusk, L50, M|100/100
|switch|p2b: Negreiron|Hydreigon, L50, F|100/100
|turn|1
|
|t:|1785115542
|switch|p2a: Lucyfah|Luxray, L50, M|100/100
|-ability|p2a: Lucyfah|Intimidate|boost
|-unboost|p1a: Ku-chau|atk|1
|-unboost|p1b: Chi|atk|1
|-enditem|p1a: Ku-chau|White Herb
|-clearnegativeboost|p1a: Ku-chau|[silent]
|detailschange|p1b: Chi|Ampharos-Mega, L50, M
|-mega|p1b: Chi|Ampharos|Ampharosite
|-ability|p1b: Chi|Mold Breaker
|move|p1a: Ku-chau|Fake Out|p2a: Lucyfah
|-damage|p2a: Lucyfah|81/100
|move|p2b: Negreiron|Draco Meteor|p1b: Chi
|-supereffective|p1b: Chi|1
|-damage|p1b: Chi|0 fnt
|-unboost|p2b: Negreiron|spa|2
|faint|p1b: Chi
|
|upkeep
|
|t:|1785115563
|switch|p1b: Sssssss|Milotic, L50, F|100/100
|turn|2
|
|t:|1785115579
|move|p1a: Ku-chau|Close Combat|p2b: Negreiron
|-supereffective|p2b: Negreiron|1
|-enditem|p2b: Negreiron|Focus Sash
|-damage|p2b: Negreiron|1/100
|-unboost|p1a: Ku-chau|def|1
|-unboost|p1a: Ku-chau|spd|1
|move|p2b: Negreiron|Dark Pulse|p1b: Sssssss
|-damage|p1b: Sssssss|85/100
|move|p1b: Sssssss|Icy Wind|p2a: Lucyfah|[spread] p2a,p2b
|-supereffective|p2b: Negreiron|1
|-damage|p2a: Lucyfah|70/100
|-damage|p2b: Negreiron|0 fnt
|-unboost|p2a: Lucyfah|spe|1
|faint|p2b: Negreiron
|move|p2a: Lucyfah|Wild Charge|p1b: Sssssss
|-supereffective|p1b: Sssssss|1
|-damage|p1b: Sssssss|1/100
|-damage|p2a: Lucyfah|47/100|[from] Recoil
|
|-heal|p1b: Sssssss|6/100|[from] item: Leftovers
|upkeep
|
|t:|1785115618
|switch|p2b: Lukas|Lucario, L50, F|100/100
|turn|3
|
|t:|1785115637
|detailschange|p2b: Lukas|Lucario-Mega, L50, F
|-mega|p2b: Lukas|Lucario|Lucarionite
|move|p1a: Ku-chau|Protect|p1a: Ku-chau
|-singleturn|p1a: Ku-chau|Protect
|move|p2b: Lukas|Protect|p2b: Lukas
|-singleturn|p2b: Lukas|Protect
|move|p1b: Sssssss|Scald|p2a: Lucyfah
|-damage|p2a: Lucyfah|17/100
|move|p2a: Lucyfah|Wild Charge|p1a: Ku-chau
|-activate|p1a: Ku-chau|move: Protect
|
|-heal|p1b: Sssssss|12/100|[from] item: Leftovers
|upkeep
|turn|4
|
|t:|1785115724
|switch|p2b: Like a rock|Lycanroc-Dusk, L50, M|100/100
|move|p1b: Sssssss|Protect|p1b: Sssssss
|-singleturn|p1b: Sssssss|Protect
|move|p1a: Ku-chau|Close Combat|p2b: Like a rock
|-supereffective|p2b: Like a rock|1
|-damage|p2b: Like a rock|0 fnt
|-unboost|p1a: Ku-chau|def|1
|-unboost|p1a: Ku-chau|spd|1
|faint|p2b: Like a rock
|move|p2a: Lucyfah|Wild Charge|p1b: Sssssss
|-activate|p1b: Sssssss|move: Protect
|
|-heal|p1b: Sssssss|18/100|[from] item: Leftovers
|upkeep
|
|t:|1785115740
|switch|p2b: Lukas|Lucario-Mega, L50, F|100/100
|turn|5
|
|t:|1785115767
|move|p1a: Ku-chau|Protect|p1a: Ku-chau
|-singleturn|p1a: Ku-chau|Protect
|move|p2b: Lukas|Close Combat|p1a: Ku-chau
|-activate|p1a: Ku-chau|move: Protect
|move|p1b: Sssssss|Scald|p2a: Lucyfah
|-damage|p2a: Lucyfah|0 fnt
|faint|p2a: Lucyfah
|
|-heal|p1b: Sssssss|24/100|[from] item: Leftovers
|upkeep
|turn|6
|
|t:|1785115785
|move|p1a: Ku-chau|Close Combat|p2b: Lukas
|-supereffective|p2b: Lukas|1
|-damage|p2b: Lukas|0 fnt
|-unboost|p1a: Ku-chau|def|1
|-unboost|p1a: Ku-chau|spd|1
|faint|p2b: Lukas
|
|win|Noyomi
