|j|☆Leacenh
|j|☆natsukivgc
|html|Leacenhnatsukivgc    
|uhtml|bestof|Game 1 of a best-of-3
|t:|1786028838
|gametype|doubles
|player|p1|Leacenh|266|1133
|player|p2|natsukivgc|101|1211
|gen|9
|tier|[Gen 9 Champions] VGC 2026 Reg M-B (Bo3)
|rated|
|rule|Species Clause: Limit one of each Pokémon
|rule|Item Clause: Limit 1 of each item
|clearpoke
|poke|p1|Charizard, L50, F|
|poke|p1|Garchomp, L50, F|
|poke|p1|Venusaur, L50, F|
|poke|p1|Incineroar, L50, F|
|poke|p1|Sylveon, L50, F|
|poke|p1|Raichu, L50, M|
|poke|p2|Garchomp, L50, M|
|poke|p2|Venusaur, L50, F|
|poke|p2|Incineroar, L50, M|
|poke|p2|Charizard, L50, M|
|poke|p2|Toxapex, L50, M|
|poke|p2|Annihilape, L50, F|
|teampreview|4
|showteam|p1|Charizard||CharizarditeY|Blaze|HeatWave,WeatherBall,HelpingHand,Protect|Modest||F|||50|]Garchomp||ChoiceScarf|RoughSkin|DragonClaw,Earthquake,StompingTantrum,RockSlide|Adamant||F|||50|]Venusaur||LifeOrb|Chlorophyll|EnergyBall,SludgeBomb,EarthPower,Protect|Modest||F|||50|]Incineroar||SitrusBerry|Intimidate|FlareBlitz,ThroatChop,FakeOut,PartingShot|Bold||F|||50|]Sylveon||FairyFeather|Pixilate|HyperVoice,QuickAttack,Yawn,Detect|Modest||F|||50|]Raichu||RaichuniteY|LightningRod|Protect,FakeOut,FocusBlast,ZapCannon|Timid||M|||50|
|showteam|p2|Garchomp||ChoiceScarf|RoughSkin|Earthquake,DragonClaw,StompingTantrum,RockSlide|Adamant||M|||50|]Venusaur||LifeOrb|Chlorophyll|SolarBeam,SludgeBomb,EarthPower,Protect|Modest||F|||50|]Incineroar||SitrusBerry|Intimidate|FlareBlitz,ThroatChop,FakeOut,PartingShot|Impish||M|||50|]Charizard||CharizarditeY|Blaze|HeatWave,WeatherBall,Protect,HelpingHand|Modest||M|||50|]Toxapex||Leftovers|Regenerator|Infestation,Toxic,WideGuard,BanefulBunker|Bold||M|||50|]Annihilape||FocusSash|Defiant|CloseCombat,PhantomForce,RockTomb,Protect|Jolly||F|||50|
|
|t:|1786028891
|teamsize|p1|4
|teamsize|p2|4
|start
|switch|p1a: Raichu|Raichu, L50, M|100/100
|switch|p1b: Garchomp|Garchomp, L50, F|100/100
|switch|p2a: Garchomp|Garchomp, L50, M|100/100
|switch|p2b: Incineroar|Incineroar, L50, M|100/100
|-ability|p2b: Incineroar|Intimidate|boost
|-unboost|p1a: Raichu|atk|1
|-unboost|p1b: Garchomp|atk|1
|turn|1
|
|t:|1786028911
|switch|p1b: Incineroar|Incineroar, L50, F|100/100
|-ability|p1b: Incineroar|Intimidate|boost
|-unboost|p2a: Garchomp|atk|1
|-unboost|p2b: Incineroar|atk|1
|move|p1a: Raichu|Protect|p1a: Raichu
|-singleturn|p1a: Raichu|Protect
|move|p2b: Incineroar|Fake Out|p1b: Incineroar
|-damage|p1b: Incineroar|93/100
|move|p2a: Garchomp|Dragon Claw|p1b: Incineroar
|-damage|p1b: Incineroar|73/100
|
|upkeep
|turn|2
|
|t:|1786028945
|detailschange|p1a: Raichu|Raichu-Mega-Y, L50, M
|-mega|p1a: Raichu|Raichu|Raichunite Y
|move|p1b: Incineroar|Fake Out|p2b: Incineroar
|-damage|p2b: Incineroar|93/100
|move|p2a: Garchomp|Dragon Claw|p1a: Raichu
|-damage|p1a: Raichu|47/100
|move|p1a: Raichu|Zap Cannon|p2b: Incineroar
|-damage|p2b: Incineroar|40/100
|-status|p2b: Incineroar|par
|-enditem|p2b: Incineroar|Sitrus Berry|[eat]
|-heal|p2b: Incineroar|64/100 par|[from] item: Sitrus Berry
|cant|p2b: Incineroar|flinch
|
|upkeep
|turn|3
|
|t:|1786028974
|move|p1a: Raichu|Protect|p1a: Raichu
|-singleturn|p1a: Raichu|Protect
|move|p2a: Garchomp|Dragon Claw|p1a: Raichu
|-activate|p1a: Raichu|move: Protect
|move|p1b: Incineroar|Parting Shot|p2a: Garchomp
|-unboost|p2a: Garchomp|atk|1
|-unboost|p2a: Garchomp|spa|1
|
|t:|1786028982
|switch|p1b: Garchomp|Garchomp, L50, F|100/100|[from] Parting Shot
|move|p2b: Incineroar|Flare Blitz|p1a: Raichu
|-activate|p1a: Raichu|move: Protect
|
|upkeep
|turn|4
|
|t:|1786028993
|switch|p2a: Toxapex|Toxapex, L50, M|100/100
|move|p1b: Garchomp|Dragon Claw|p2a: Toxapex
|-damage|p2a: Toxapex|71/100
|move|p1a: Raichu|Focus Blast|p2b: Incineroar
|-supereffective|p2b: Incineroar|1
|-damage|p2b: Incineroar|0 fnt
|faint|p2b: Incineroar
|
|-heal|p2a: Toxapex|77/100|[from] item: Leftovers
|upkeep
|
|t:|1786029010
|switch|p2b: Garchomp|Garchomp, L50, M|100/100
|turn|5
|
|t:|1786029026
|switch|p1a: Incineroar|Incineroar, L50, F|73/100
|-ability|p1a: Incineroar|Intimidate|boost
|-unboost|p2a: Toxapex|atk|1
|-unboost|p2b: Garchomp|atk|1
|move|p2a: Toxapex|Baneful Bunker|p2a: Toxapex
|-singleturn|p2a: Toxapex|move: Protect
|move|p2b: Garchomp|Dragon Claw|p1a: Incineroar
|-damage|p1a: Incineroar|53/100
|move|p1b: Garchomp|Dragon Claw|p2b: Garchomp
|-supereffective|p2b: Garchomp|1
|-damage|p2b: Garchomp|14/100
|-damage|p1b: Garchomp|87/100|[from] ability: Rough Skin|[of] p2b: Garchomp
|
|-heal|p2a: Toxapex|82/100|[from] item: Leftovers
|upkeep
|turn|6
|
|t:|1786029052
|switch|p2b: Charizard|Charizard, L50, M|100/100
|move|p1a: Incineroar|Fake Out|p2a: Toxapex
|-damage|p2a: Toxapex|76/100
|move|p1b: Garchomp|Dragon Claw|p2b: Charizard
|-damage|p2b: Charizard|58/100
|cant|p2a: Toxapex|flinch
|
|-heal|p2a: Toxapex|82/100|[from] item: Leftovers
|upkeep
|turn|7
|
|t:|1786029080
|detailschange|p2b: Charizard|Charizard-Mega-Y, L50, M
|-mega|p2b: Charizard|Charizard|Charizardite Y
|-weather|SunnyDay|[from] ability: Drought|[of] p2b: Charizard
|move|p1b: Garchomp|Dragon Claw|p2a: Toxapex
|-crit|p2a: Toxapex
|-damage|p2a: Toxapex|36/100
|move|p2b: Charizard|Heat Wave|p1a: Incineroar|[spread] p1a,p1b
|-resisted|p1a: Incineroar|1
|-resisted|p1b: Garchomp|1
|-damage|p1a: Incineroar|26/100
|-damage|p1b: Garchomp|56/100
|-enditem|p1a: Incineroar|Sitrus Berry|[eat]
|-heal|p1a: Incineroar|51/100|[from] item: Sitrus Berry
|move|p1a: Incineroar|Parting Shot|p2b: Charizard
|-unboost|p2b: Charizard|atk|1
|-unboost|p2b: Charizard|spa|1
|
|t:|1786029097
|switch|p1a: Venusaur|Venusaur, L50, F|100/100|[from] Parting Shot
|move|p2a: Toxapex|Toxic|p1b: Garchomp
|-status|p1b: Garchomp|tox
|
|-weather|SunnyDay|[upkeep]
|-heal|p2a: Toxapex|42/100|[from] item: Leftovers
|-damage|p1b: Garchomp|50/100g tox|[from] psn
|upkeep
|turn|8
|
|t:|1786029127
|move|p2b: Charizard|Protect|p2b: Charizard
|-singleturn|p2b: Charizard|Protect
|move|p2a: Toxapex|Baneful Bunker|p2a: Toxapex
|-singleturn|p2a: Toxapex|move: Protect
|move|p1a: Venusaur|Sludge Bomb|p2b: Charizard
|-activate|p2b: Charizard|move: Protect
|move|p1b: Garchomp|Dragon Claw|p2b: Charizard
|-activate|p2b: Charizard|move: Protect
|
|-weather|SunnyDay|[upkeep]
|-heal|p2a: Toxapex|47/100|[from] item: Leftovers
|-damage|p1b: Garchomp|38/100 tox|[from] psn
|upkeep
|turn|9
|
|t:|1786029150
|-heal|p2a: Toxapex|80/100|[from] ability: Regenerator|[silent]
|switch|p2a: Garchomp|Garchomp, L50, M|14/100
|move|p1a: Venusaur|Sludge Bomb|p2b: Charizard
|-damage|p2b: Charizard|5/100
|-status|p2b: Charizard|psn
|-damage|p1a: Venusaur|90/100|[from] item: Life Orb
|move|p1b: Garchomp|Dragon Claw|p2b: Charizard
|-damage|p2b: Charizard|0 fnt
|faint|p2b: Charizard
|
|-weather|SunnyDay|[upkeep]
|-damage|p1b: Garchomp|21/100 tox|[from] psn
|upkeep
|
|t:|1786029163
|switch|p2b: Toxapex|Toxapex, L50, M|80/100
|turn|10
|
|t:|1786029194
|move|p1a: Venusaur|Energy Ball|p2a: Garchomp
|-damage|p2a: Garchomp|0 fnt
|faint|p2a: Garchomp
|-damage|p1a: Venusaur|80/100|[from] item: Life Orb
|move|p1b: Garchomp|Dragon Claw|p2b: Toxapex
|-damage|p2b: Toxapex|50/100g
|move|p2b: Toxapex|Infestation|p1a: Venusaur
|-damage|p1a: Venusaur|76/100
|-activate|p1a: Venusaur|move: Infestation|[of] p2b: Toxapex
|
|-weather|SunnyDay|[upkeep]
|-heal|p2b: Toxapex|56/100|[from] item: Leftovers
|-damage|p1b: Garchomp|0 fnt|[from] psn
|faint|p1b: Garchomp
|-damage|p1a: Venusaur|64/100|[from] move: Infestation|[partiallytrapped]
|upkeep
|
|t:|1786029209
|switch|p1b: Raichu|Raichu-Mega-Y, L50, M|47/100
|turn|11
|
|t:|1786029218
|move|p2b: Toxapex|Baneful Bunker|p2b: Toxapex
|-singleturn|p2b: Toxapex|move: Protect
|move|p1a: Venusaur|Earth Power|p2b: Toxapex
|-activate|p2b: Toxapex|move: Protect
|move|p1b: Raichu|Zap Cannon|p2b: Toxapex
|-activate|p2b: Toxapex|move: Protect
|
|-weather|none
|-heal|p2b: Toxapex|61/100|[from] item: Leftovers
|-damage|p1a: Venusaur|52/100|[from] move: Infestation|[partiallytrapped]
|upkeep
|turn|12
|
|t:|1786029238
|move|p1b: Raichu|Zap Cannon|p2b: Toxapex
|-supereffective|p2b: Toxapex|1
|-damage|p2b: Toxapex|0 fnt
|faint|p2b: Toxapex
|
|win|Leacenh
