|j|☆b7blastoise
|j|☆INT JAGUARR
|html|b7blastoiseINT JAGUARR    
|uhtml|bestof|Game 1 of a best-of-3
|t:|1784503074
|gametype|doubles
|player|p1|b7blastoise|lance|
|player|p2|INT JAGUARR|ethan|
|gen|9
|tier|[Gen 9 Champions] VGC 2026 Reg M-B (Bo3)
|rule|Species Clause: Limit one of each Pokémon
|rule|Item Clause: Limit 1 of each item
|clearpoke
|poke|p1|Staraptor, L50, F|
|poke|p1|Maushold-Four, L50|
|poke|p1|Basculegion, L50, M|
|poke|p1|Delphox, L50, F|
|poke|p1|Ninetales-Alola, L50, M|
|poke|p1|Kingambit, L50, M|
|poke|p2|Gardevoir, L50, F, shiny|
|poke|p2|Maushold, L50, shiny|
|poke|p2|Kingambit, L50, F, shiny|
|poke|p2|Talonflame, L50, M|
|poke|p2|Basculegion, L50, M|
|poke|p2|Kommo-o, L50, M|
|teampreview|4
|showteam|p1|Staraptor||Staraptite|Intimidate|Protect,Tailwind,CloseCombat,BraveBird|Adamant||F|||50|]Maushold-Four||FocusSash|FriendGuard|Protect,SuperFang,FollowMe,Encore|Jolly|||||50|]Basculegion||ChoiceScarf|Adaptability|WaveCrash,FlipTurn,AquaJet,LastRespects|Jolly||M|||50|]Delphox||Delphoxite|Blaze|Protect,Substitute,HeatWave,Psyshock|Timid||F|||50|]Ninetales-Alola||NeverMeltIce|SnowWarning|Protect,IcyWind,Blizzard,FreezeDry|Timid||M|||50|]Kingambit||BlackGlasses|Defiant|Protect,IronHead,SuckerPunch,KowtowCleave|Adamant||M|||50|
|showteam|p2|Gardevoir||Gardevoirite|Trace|HyperVoice,Protect,VacuumWave,Psyshock|Modest||F|||50|]Maushold||FocusSash|FriendGuard|FollowMe,Protect,Taunt,SuperFang|Timid|||||50|]Kingambit||BlackGlasses|Defiant|KowtowCleave,Protect,LowKick,SuckerPunch|Adamant||F|||50|]Talonflame||SharpBeak|GaleWings|BraveBird,Protect,Tailwind,QuickGuard|Adamant||M|||50|]Basculegion||ChoiceScarf|Adaptability|WaveCrash,FlipTurn,AquaJet,LastRespects|Jolly||M|||50|]Kommo-o||LifeOrb|Soundproof|ClangingScales,AuraSphere,DracoMeteor,Protect|Modest||M|||50|
|inactive|Battle timer is ON: inactive players will automatically lose when time's up. (requested by INT JAGUARR)
|inactive|b7blastoise has 60 seconds left.
|inactive|INT JAGUARR has 60 seconds left.
|
|t:|1784503119
|teamsize|p1|4
|teamsize|p2|4
|start
|switch|p1a: Delphox|Delphox, L50, F|100/100
|switch|p1b: Kingambit|Kingambit, L50, M|100/100
|switch|p2a: Gardevoir|Gardevoir, L50, F, shiny|100/100
|switch|p2b: Maushold|Maushold, L50, shiny|100/100
|-ability|p2a: Gardevoir|Defiant|Trace|[from] ability: Trace|[of] p1b: Kingambit
|turn|1
|inactive|b7blastoise has 30 seconds left.
|inactive|INT JAGUARR has 30 seconds left.
|inactive|INT JAGUARR has 20 seconds left.
|
|t:|1784503156
|switch|p1b: Basculegion|Basculegion, L50, M|100/100
|detailschange|p1a: Delphox|Delphox-Mega, L50, F
|-mega|p1a: Delphox|Delphox|Delphoxite
|detailschange|p2a: Gardevoir|Gardevoir-Mega, L50, F, shiny
|-mega|p2a: Gardevoir|Gardevoir|Gardevoirite
|move|p1a: Delphox|Heat Wave|p2b: Maushold|[spread] p2a,p2b
|-damage|p2a: Gardevoir|68/100
|-damage|p2b: Maushold|54/100
|move|p2b: Maushold|Super Fang|p1b: Basculegion
|-immune|p1b: Basculegion
|move|p2a: Gardevoir|Hyper Voice|p1b: Basculegion|[spread] p1a,p1b
|-resisted|p1a: Delphox|1
|-damage|p1a: Delphox|75/100
|-damage|p1b: Basculegion|37/100
|
|upkeep
|turn|2
|inactive|b7blastoise has 30 seconds left.
|inactive|INT JAGUARR has 30 seconds left.
|
|t:|1784503188
|move|p2b: Maushold|Protect|p2b: Maushold
|-singleturn|p2b: Maushold|Protect
|move|p1b: Basculegion|Flip Turn|p2a: Gardevoir
|-damage|p2a: Gardevoir|22/100
|
|t:|1784503195
|switch|p1b: Kingambit|Kingambit, L50, M|100/100|[from] Flip Turn
|move|p1a: Delphox|Heat Wave|p2b: Maushold|[spread] p2a
|-activate|p2b: Maushold|move: Protect
|-damage|p2a: Gardevoir|0 fnt
|faint|p2a: Gardevoir
|
|upkeep
|
|t:|1784503203
|switch|p2a: Kingambit|Kingambit, L50, F, shiny|100/100
|turn|3
|
|t:|1784503224
|move|p1a: Delphox|Substitute|p1a: Delphox
|-start|p1a: Delphox|Substitute
|-damage|p1a: Delphox|50/100g
|move|p2b: Maushold|Super Fang|p1a: Delphox
|-end|p1a: Delphox|Substitute
|move|p2a: Kingambit|Low Kick|p1b: Kingambit
|-supereffective|p1b: Kingambit|2
|-damage|p1b: Kingambit|0 fnt
|faint|p1b: Kingambit
|
|upkeep
|
|t:|1784503236
|switch|p1b: Basculegion|Basculegion, L50, M|37/100
|turn|4
|
|t:|1784503257
|move|p1a: Delphox|Protect|p1a: Delphox
|-singleturn|p1a: Delphox|Protect
|move|p2b: Maushold|Follow Me|p2b: Maushold
|-singleturn|p2b: Maushold|move: Follow Me
|move|p1b: Basculegion|Aqua Jet|p2b: Maushold
|-damage|p2b: Maushold|15/100
|move|p2a: Kingambit|Sucker Punch||[still]
|-fail|p2a: Kingambit
|
|upkeep
|turn|5
|
|t:|1784503276
|switch|p1b: Ninetales|Ninetales-Alola, L50, M|100/100
|-weather|Snowscape|[from] ability: Snow Warning|[of] p1b: Ninetales
|move|p2b: Maushold|Protect|p2b: Maushold
|-singleturn|p2b: Maushold|Protect
|move|p2a: Kingambit|Sucker Punch||[still]
|-fail|p2a: Kingambit
|move|p1a: Delphox|Substitute|p1a: Delphox
|-start|p1a: Delphox|Substitute
|-damage|p1a: Delphox|26/100
|
|-weather|Snowscape|[upkeep]
|upkeep
|turn|6
|
|t:|1784503297
|switch|p2a: Basculegion|Basculegion, L50, M|100/100
|move|p1a: Delphox|Heat Wave|p2b: Maushold|[spread] p2a,p2b
|-resisted|p2a: Basculegion|1
|-crit|p2b: Maushold
|-damage|p2a: Basculegion|82/100
|-damage|p2b: Maushold|0 fnt
|faint|p2b: Maushold
|move|p1b: Ninetales|Blizzard|p2a: Basculegion
|-resisted|p2a: Basculegion|1
|-damage|p2a: Basculegion|55/100
|-status|p2a: Basculegion|frz
|
|-weather|Snowscape|[upkeep]
|upkeep
|
|t:|1784503308
|switch|p2b: Kingambit|Kingambit, L50, F, shiny|100/100
|turn|7
|
|t:|1784503317
|move|p1a: Delphox|Protect|p1a: Delphox
|-singleturn|p1a: Delphox|Protect
|move|p2b: Kingambit|Sucker Punch||[still]
|-fail|p2b: Kingambit
|cant|p2a: Basculegion|frz
|move|p1b: Ninetales|Freeze-Dry|p2a: Basculegion
|-supereffective|p2a: Basculegion|1
|-damage|p2a: Basculegion|0 fnt
|faint|p2a: Basculegion
|
|-weather|Snowscape|[upkeep]
|upkeep
|turn|8
|
|t:|1784503331
|move|p1a: Delphox|Heat Wave|p2b: Kingambit|[miss]
|-miss|p1a: Delphox|p2b: Kingambit
|move|p1b: Ninetales|Blizzard|p2b: Kingambit
|-resisted|p2b: Kingambit|1
|-damage|p2b: Kingambit|73/100
|move|p2b: Kingambit|Kowtow Cleave|p1a: Delphox
|-supereffective|p1a: Delphox|1
|-end|p1a: Delphox|Substitute
|
|-weather|Snowscape|[upkeep]
|upkeep
|turn|9
|
|t:|1784503343
|switch|p1a: Basculegion|Basculegion, L50, M|37/100
|move|p1b: Ninetales|Blizzard|p2b: Kingambit
|-resisted|p2b: Kingambit|1
|-damage|p2b: Kingambit|47/100
|move|p2b: Kingambit|Kowtow Cleave|p1a: Basculegion
|-supereffective|p1a: Basculegion|1
|-damage|p1a: Basculegion|0 fnt
|faint|p1a: Basculegion
|
|-weather|none
|upkeep
|
|t:|1784503353
|switch|p1a: Delphox|Delphox-Mega, L50, F|26/100
|turn|10
|
|t:|1784503364
|move|p2b: Kingambit|Sucker Punch||[still]
|-fail|p2b: Kingambit
|move|p1a: Delphox|Substitute|p1a: Delphox
|-start|p1a: Delphox|Substitute
|-damage|p1a: Delphox|1/100
|move|p1b: Ninetales|Freeze-Dry|p2b: Kingambit
|-resisted|p2b: Kingambit|1
|-damage|p2b: Kingambit|30/100
|
|upkeep
|turn|11
|
|t:|1784503374
|move|p1a: Delphox|Heat Wave|p2b: Kingambit
|-supereffective|p2b: Kingambit|1
|-damage|p2b: Kingambit|0 fnt
|faint|p2b: Kingambit
|
|win|b7blastoise
||b7blastoise is ready for game 2.
||INT JAGUARR is ready for game 2.
|uhtml|next|Next: Game 2 of 3
|l|☆b7blastoise
|player|p1|
