|j|☆Purgatory12
|j|☆Verdas1128
|html|Purgatory12Verdas1128    
|uhtml|bestof|Game 3 of a best-of-3
|t:|1784065313
|gametype|doubles
|player|p1|Purgatory12|1|1091
|player|p2|Verdas1128|rei|1000
|gen|9
|tier|[Gen 9 Champions] VGC 2026 Reg M-B (Bo3)
|rated|
|rule|Species Clause: Limit one of each Pokémon
|rule|Item Clause: Limit 1 of each item
|clearpoke
|poke|p1|Aerodactyl, L50, M|
|poke|p1|Venusaur, L50, F|
|poke|p1|Charizard, L50, F|
|poke|p1|Garchomp, L50, M|
|poke|p1|Basculegion, L50, M|
|poke|p1|Raichu, L50, F|
|poke|p2|Metagross, L50|
|poke|p2|Pelipper, L50, F|
|poke|p2|Swampert, L50, M|
|poke|p2|Archaludon, L50, F|
|poke|p2|Sinistcha-Masterpiece, L50|
|poke|p2|Grimmsnarl, L50, M|
|teampreview|4
|showteam|p1|Aerodactyl||Aerodactylite|Unnerve|Tailwind,RockSlide,DualWingbeat,Protect|Jolly||M|||50|]Venusaur||FocusSash|Chlorophyll|GigaDrain,SludgeBomb,SleepPowder,Protect|Modest||F|||50|]Charizard||CharizarditeY|Blaze|WeatherBall,HeatWave,Protect,SolarBeam|Timid||F|||50|]Garchomp||LifeOrb|RoughSkin|Earthquake,RockSlide,DragonClaw,Protect|Jolly||M|||50|]Basculegion||ChoiceScarf|Adaptability|FlipTurn,WaveCrash,LastRespects,AquaJet|Jolly||M|||50|]Raichu||RaichuniteY|Static|ZapCannon,FocusBlast,Protect,FakeOut|Timid||F|||50|
|showteam|p2|Metagross||Metagrossite|ClearBody|BodyPress,IronHead,PsychicFangs,Protect|Jolly|||||50|]Pelipper||DampRock|Drizzle|Tailwind,WideGuard,Protect,WeatherBall|Modest||F|||50|]Swampert||Swampertite|Torrent|IcePunch,WaveCrash,Earthquake,Protect|Jolly||M|||50|]Archaludon||Leftovers|Stamina|ElectroShot,FlashCannon,DragonPulse,Protect|Modest||F|||50|]Sinistcha-Masterpiece||SitrusBerry|Hospitality|MatchaGotcha,Protect,RagePowder,ShadowBall|Bold|||||50|]Grimmsnarl||LightClay|Prankster|LightScreen,Reflect,Protect,SpiritBreak|Impish||M|||50|
|inactive|Battle timer is ON: inactive players will automatically lose when time's up. (requested by Verdas1128)
|inactive|Purgatory12 has 60 seconds left.
|
|t:|1784065352
|teamsize|p1|4
|teamsize|p2|4
|start
|switch|p1a: Charizard|Charizard, L50, F|100/100
|switch|p1b: Venusaur|Venusaur, L50, F|100/100
|switch|p2a: Archaludon|Archaludon, L50, F|100/100
|switch|p2b: Pelipper|Pelipper, L50, F|100/100
|-weather|RainDance|[from] ability: Drizzle|[of] p2b: Pelipper
|turn|1
|inactive|Purgatory12 has 30 seconds left.
|inactive|Verdas1128 has 30 seconds left.
|
|t:|1784065389
|switch|p2b: Swampert|Swampert, L50, M|100/100
|detailschange|p1a: Charizard|Charizard-Mega-Y, L50, F
|-mega|p1a: Charizard|Charizard|Charizardite Y
|-weather|SunnyDay|[from] ability: Drought|[of] p1a: Charizard
|move|p2a: Archaludon|Protect|p2a: Archaludon
|-singleturn|p2a: Archaludon|Protect
|move|p1b: Venusaur|Sleep Powder|p2a: Archaludon
|-activate|p2a: Archaludon|move: Protect
|move|p1a: Charizard|Heat Wave|p2a: Archaludon|[spread] 
|-activate|p2a: Archaludon|move: Protect
|-miss|p1a: Charizard|p2b: Swampert
|
|-weather|SunnyDay|[upkeep]
|upkeep
|turn|2
|
|t:|1784065407
|switch|p1a: Basculegion|Basculegion, L50, M|100/100
|switch|p2b: Pelipper|Pelipper, L50, F|100/100
|-weather|RainDance|[from] ability: Drizzle|[of] p2b: Pelipper
|move|p1b: Venusaur|Protect|p1b: Venusaur
|-singleturn|p1b: Venusaur|Protect
|move|p2a: Archaludon|Electro Shot||[still]
|-prepare|p2a: Archaludon|Electro Shot
|-boost|p2a: Archaludon|spa|1
|-anim|p2a: Archaludon|Electro Shot|p1b: Venusaur
|-activate|p1b: Venusaur|move: Protect
|
|-weather|RainDance|[upkeep]
|upkeep
|turn|3
|inactive|Purgatory12 has 30 seconds left.
|inactive|Purgatory12 has 20 seconds left.
|
|t:|1784065443
|move|p2a: Archaludon|Protect|p2a: Archaludon
|-singleturn|p2a: Archaludon|Protect
|move|p1a: Basculegion|Flip Turn|p2b: Pelipper
|-resisted|p2b: Pelipper|1
|-damage|p2b: Pelipper|67/100
|
|t:|1784065447
|switch|p1a: Charizard|Charizard-Mega-Y, L50, F|100/100|[from] Flip Turn
|-weather|SunnyDay|[from] ability: Drought|[of] p1a: Charizard
|move|p1b: Venusaur|Sleep Powder|p2a: Archaludon
|-activate|p2a: Archaludon|move: Protect
|move|p2b: Pelipper|Tailwind|p2b: Pelipper
|-sidestart|p2: Verdas1128|move: Tailwind
|
|-weather|SunnyDay|[upkeep]
|upkeep
|turn|4
|inactive|Purgatory12 has 30 seconds left.
|inactive|Verdas1128 has 30 seconds left.
|inactive|Purgatory12 has 20 seconds left.
|inactive|Verdas1128 has 20 seconds left.
|inactive|Purgatory12 has 15 seconds left.
|inactive|Purgatory12 has 10 seconds left.
|inactive|Verdas1128 has 15 seconds left.
|inactive|Purgatory12 has 5 seconds left.
|
|t:|1784065501
|move|p2b: Pelipper|Wide Guard|p2b: Pelipper
|-singleturn|p2b: Pelipper|Wide Guard
|move|p1b: Venusaur|Sleep Powder|p2b: Pelipper
|-status|p2b: Pelipper|slp|[from] move: Sleep Powder
|move|p2a: Archaludon|Dragon Pulse|p1a: Charizard
|-damage|p1a: Charizard|36/100
|move|p1a: Charizard|Weather Ball|p2a: Archaludon
|-damage|p2a: Archaludon|1/100
|-ability|p2a: Archaludon|Stamina|boost
|-boost|p2a: Archaludon|def|1
|
|-weather|SunnyDay|[upkeep]
|-heal|p2a: Archaludon|7/100|[from] item: Leftovers
|upkeep
|turn|5
|inactive|Purgatory12 has 30 seconds left.
|
|t:|1784065530
|switch|p2b: Sinistcha|Sinistcha-Masterpiece, L50|100/100
|-heal|p2a: Archaludon|32/100|[from] ability: Hospitality|[of] p2b: Sinistcha
|move|p1b: Venusaur|Giga Drain|p2a: Archaludon
|-resisted|p2a: Archaludon|2
|-damage|p2a: Archaludon|22/100
|-ability|p2a: Archaludon|Stamina|boost
|-boost|p2a: Archaludon|def|1
|move|p2a: Archaludon|Dragon Pulse|p1a: Charizard
|-damage|p1a: Charizard|0 fnt
|faint|p1a: Charizard
|
|-weather|SunnyDay|[upkeep]
|-heal|p2a: Archaludon|28/100|[from] item: Leftovers
|upkeep
|inactive|Purgatory12 has 30 seconds left.
|inactive|Purgatory12 has 20 seconds left.
|
|t:|1784065566
|switch|p1a: Aerodactyl|Aerodactyl, L50, M|100/100
|-ability|p1a: Aerodactyl|Unnerve
|turn|6
|
|t:|1784065591
|switch|p2b: Pelipper|Pelipper, L50, F|67/100 slp
|-weather|RainDance|[from] ability: Drizzle|[of] p2b: Pelipper
|move|p1a: Aerodactyl|Protect|p1a: Aerodactyl
|-singleturn|p1a: Aerodactyl|Protect
|move|p2a: Archaludon|Dragon Pulse|p1b: Venusaur
|-damage|p1b: Venusaur|26/100
|move|p1b: Venusaur|Sleep Powder|p2a: Archaludon
|-status|p2a: Archaludon|slp|[from] move: Sleep Powder
|
|-weather|RainDance|[upkeep]
|-heal|p2a: Archaludon|34/100 slp|[from] item: Leftovers
|-sideend|p2: Verdas1128|move: Tailwind
|upkeep
|turn|7
|inactive|Purgatory12 has 30 seconds left.
|
|t:|1784065618
|switch|p2b: Sinistcha|Sinistcha-Masterpiece, L50|100/100
|-heal|p2a: Archaludon|59/100 slp|[from] ability: Hospitality|[of] p2b: Sinistcha
|move|p1a: Aerodactyl|Dual Wingbeat|p2b: Sinistcha
|-supereffective|p2b: Sinistcha|1
|-damage|p2b: Sinistcha|71/100
|-supereffective|p2b: Sinistcha|1
|-damage|p2b: Sinistcha|43/100
|-hitcount|p2b: Sinistcha|2
|move|p1b: Venusaur|Giga Drain|p2b: Sinistcha
|-resisted|p2b: Sinistcha|1
|-damage|p2b: Sinistcha|28/100
|-heal|p1b: Venusaur|35/100|[from] drain|[of] p2b: Sinistcha
|cant|p2a: Archaludon|slp
|
|-weather|RainDance|[upkeep]
|-heal|p2a: Archaludon|65/100 slp|[from] item: Leftovers
|upkeep
|turn|8
|
|t:|1784065646
|cant|p2a: Archaludon|slp
|move|p2b: Sinistcha|Protect|p2b: Sinistcha
|-singleturn|p2b: Sinistcha|Protect
|move|p1a: Aerodactyl|Tailwind|p1a: Aerodactyl
|-sidestart|p1: Purgatory12|move: Tailwind
|move|p1b: Venusaur|Sludge Bomb|p2b: Sinistcha
|-activate|p2b: Sinistcha|move: Protect
|
|-weather|RainDance|[upkeep]
|-heal|p2a: Archaludon|71/100 slp|[from] item: Leftovers
|upkeep
|turn|9
|inactive|Purgatory12 has 30 seconds left.
|inactive|Verdas1128 has 30 seconds left.
|
|t:|1784065680
|switch|p2b: Pelipper|Pelipper, L50, F|67/100 slp
|move|p1a: Aerodactyl|Dual Wingbeat|p2b: Pelipper
|-damage|p2b: Pelipper|49/100 slp
|-damage|p2b: Pelipper|31/100 slp
|-hitcount|p2b: Pelipper|2
|move|p1b: Venusaur|Sludge Bomb|p2b: Pelipper
|-damage|p2b: Pelipper|0 fnt
|faint|p2b: Pelipper
|-curestatus|p2a: Archaludon|slp|[msg]
|move|p2a: Archaludon|Flash Cannon|p1a: Aerodactyl
|-supereffective|p1a: Aerodactyl|1
|-damage|p1a: Aerodactyl|0 fnt
|faint|p1a: Aerodactyl
|
|-weather|RainDance|[upkeep]
|-heal|p2a: Archaludon|77/100|[from] item: Leftovers
|upkeep
|
|t:|1784065695
|switch|p1a: Basculegion|Basculegion, L50, M|100/100
|switch|p2b: Sinistcha|Sinistcha-Masterpiece, L50|28/100
|-enditem|p2b: Sinistcha|Sitrus Berry|[eat]
|-heal|p2b: Sinistcha|52/100|[from] item: Sitrus Berry
|-heal|p2a: Archaludon|100/100|[from] ability: Hospitality|[of] p2b: Sinistcha
|turn|10
|
|t:|1784065710
|move|p2a: Archaludon|Protect|p2a: Archaludon
|-singleturn|p2a: Archaludon|Protect
|move|p2b: Sinistcha|Protect|p2b: Sinistcha
|-singleturn|p2b: Sinistcha|Protect
|move|p1a: Basculegion|Last Respects|p2b: Sinistcha
|-activate|p2b: Sinistcha|move: Protect
|move|p1b: Venusaur|Sleep Powder|p2a: Archaludon
|-activate|p2a: Archaludon|move: Protect
|
|-weather|RainDance|[upkeep]
|upkeep
|turn|11
|
|t:|1784065724
|move|p1a: Basculegion|Last Respects|p2b: Sinistcha
|-supereffective|p2b: Sinistcha|1
|-damage|p2b: Sinistcha|0 fnt
|faint|p2b: Sinistcha
|move|p1b: Venusaur|Sleep Powder|p2a: Archaludon
|-status|p2a: Archaludon|slp|[from] move: Sleep Powder
|cant|p2a: Archaludon|slp
|
|-weather|RainDance|[upkeep]
|-sideend|p1: Purgatory12|move: Tailwind
|upkeep
|
|t:|1784065728
|switch|p2b: Swampert|Swampert, L50, M|100/100
|turn|12
|inactive|Purgatory12 has 30 seconds left.
|inactive|Purgatory12 has 20 seconds left.
|
|t:|1784065769
|detailschange|p2b: Swampert|Swampert-Mega, L50, M
|-mega|p2b: Swampert|Swampert|Swampertite
|move|p1b: Venusaur|Protect|p1b: Venusaur
|-singleturn|p1b: Venusaur|Protect
|move|p2b: Swampert|Earthquake|p1a: Basculegion|[spread] p2a,p1a
|-activate|p1b: Venusaur|move: Protect
|-supereffective|p2a: Archaludon|1
|-damage|p2a: Archaludon|65/100 slp
|-damage|p1a: Basculegion|41/100
|-ability|p2a: Archaludon|Stamina|boost
|-boost|p2a: Archaludon|def|1
|move|p1a: Basculegion|Last Respects|p2a: Archaludon
|-damage|p2a: Archaludon|36/100 slp
|-ability|p2a: Archaludon|Stamina|boost
|-boost|p2a: Archaludon|def|1
|cant|p2a: Archaludon|slp
|
|-weather|RainDance|[upkeep]
|-heal|p2a: Archaludon|42/100 slp|[from] item: Leftovers
|upkeep
|turn|13
|
|t:|1784065784
|move|p2b: Swampert|Earthquake|p1b: Venusaur|[spread] p2a,p1a,p1b
|-supereffective|p2a: Archaludon|1
|-crit|p1b: Venusaur
|-damage|p2a: Archaludon|21/100 slp
|-damage|p1a: Basculegion|0 fnt
|-damage|p1b: Venusaur|0 fnt
|-ability|p2a: Archaludon|Stamina|boost
|-boost|p2a: Archaludon|def|1
|faint|p1a: Basculegion
|faint|p1b: Venusaur
|
|win|Verdas1128
|raw|Purgatory12's rating: 1091 → 1061(-30 for losing)
|raw|Verdas1128's rating: 1000 → 1050(+50 for winning)
|c|☆Verdas1128|gg
|l|☆Purgatory12
|player|p1|
