|j|☆Olciax34
|j|☆Luiismixx
|html|Olciax34Luiismixx    
|uhtml|bestof|Game 1 of a best-of-3
|t:|1783377652
|gametype|doubles
|player|p1|Olciax34|clair|1235
|player|p2|Luiismixx|2|1208
|gen|9
|tier|[Gen 9 Champions] VGC 2026 Reg M-B (Bo3)
|rated|
|rule|Species Clause: Limit one of each Pokémon
|rule|Item Clause: Limit 1 of each item
|clearpoke
|poke|p1|Garchomp, L50, M|
|poke|p1|Typhlosion-Hisui, L50, F|
|poke|p1|Whimsicott, L50, F|
|poke|p1|Floette-Eternal, L50, F|
|poke|p1|Kingambit, L50, M|
|poke|p1|Staraptor, L50, F|
|poke|p2|Floette-Eternal, L50, F|
|poke|p2|Charizard, L50, F|
|poke|p2|Whimsicott, L50, M|
|poke|p2|Garchomp, L50, F|
|poke|p2|Basculegion, L50, M|
|poke|p2|Kingambit, L50, M|
|teampreview|4
|showteam|p1|Garchomp||LifeOrb|RoughSkin|Earthquake,RockSlide,DragonClaw,Protect|Jolly||M|||50|]Typhlosion-Hisui||ChoiceScarf|Blaze|Eruption,HeatWave,ShadowBall,Overheat|Modest||F|||50|]Whimsicott||FocusSash|Prankster|Moonblast,Tailwind,Charm,Protect|Timid||F|||50|]Floette-Eternal||Floettite|FlowerVeil|DazzlingGleam,DrainingKiss,CalmMind,Protect|Modest||F|||50|]Kingambit||ChopleBerry|Defiant|IronHead,SuckerPunch,KowtowCleave,LowKick|Adamant||M|||50|]Staraptor||Staraptite|Intimidate|BraveBird,CloseCombat,Roost,Protect|Jolly||F|||50|
|showteam|p2|Floette-Eternal||Floettite|FlowerVeil|Moonblast,DazzlingGleam,LightofRuin,Protect|Modest||F|||50|]Charizard||CharizarditeY|Blaze|HeatWave,WeatherBall,SolarBeam,Protect|Modest||F|||50|]Whimsicott||FocusSash|Prankster|Moonblast,Tailwind,Encore,Protect|Timid||M|||50|]Garchomp||LifeOrb|RoughSkin|DragonClaw,StompingTantrum,RockSlide,Protect|Jolly||F|||50|]Basculegion||MysticWater|Adaptability|WaveCrash,LastRespects,AquaJet,Protect|Adamant||M|||50|]Kingambit||ChopleBerry|Defiant|KowtowCleave,IronHead,SuckerPunch,LowKick|Adamant||M|||50|
|inactive|Battle timer is ON: inactive players will automatically lose when time's up. (requested by Olciax34)
|inactive|Olciax34 has 60 seconds left.
|inactive|Luiismixx has 60 seconds left.
|inactive|Olciax34 has 30 seconds left.
|inactive|Olciax34 has 20 seconds left.
|inactive|Olciax34 has 15 seconds left.
|
|t:|1783377730
|teamsize|p1|4
|teamsize|p2|4
|start
|switch|p1a: Garchomp|Garchomp, L50, M|100/100
|switch|p1b: Kingambit|Kingambit, L50, M|100/100
|switch|p2a: Whimsicott|Whimsicott, L50, M|100/100
|switch|p2b: Floette|Floette-Eternal, L50, F|100/100
|turn|1
|
|t:|1783377751
|switch|p2b: Kingambit|Kingambit, L50, M|100/100
|move|p1a: Garchomp|Protect|p1a: Garchomp
|-singleturn|p1a: Garchomp|Protect
|move|p2a: Whimsicott|Tailwind|p2a: Whimsicott
|-sidestart|p2: Luiismixx|move: Tailwind
|move|p1b: Kingambit|Iron Head|p2b: Kingambit
|-resisted|p2b: Kingambit|1
|-damage|p2b: Kingambit|82/100
|
|upkeep
|turn|2
|inactive|Luiismixx has 30 seconds left.
|inactive|Luiismixx has 20 seconds left.
|inactive|Olciax34 has 30 seconds left.
|inactive|Luiismixx has 15 seconds left.
|
|t:|1783377793
|move|p2a: Whimsicott|Moonblast|p1b: Kingambit
|-damage|p1b: Kingambit|66/100
|move|p1a: Garchomp|Earthquake|p2b: Kingambit|[spread] p1b,p2a,p2b
|-supereffective|p1b: Kingambit|1
|-resisted|p2a: Whimsicott|1
|-supereffective|p2b: Kingambit|1
|-damage|p1b: Kingambit|0 fnt
|-damage|p2a: Whimsicott|59/100
|-damage|p2b: Kingambit|12/100
|faint|p1b: Kingambit
|-damage|p1a: Garchomp|90/100|[from] item: Life Orb
|move|p2b: Kingambit|Low Kick|p1a: Garchomp
|-damage|p1a: Garchomp|57/100
|-damage|p2b: Kingambit|0 fnt|[from] ability: Rough Skin|[of] p1a: Garchomp
|faint|p2b: Kingambit
|
|upkeep
|
|t:|1783377809
|switch|p2b: Floette|Floette-Eternal, L50, F|100/100
|switch|p1b: Floette|Floette-Eternal, L50, F|100/100
|turn|3
|
|t:|1783377826
|detailschange|p2b: Floette|Floette-Mega, L50, F
|-mega|p2b: Floette|Floette|Floettite
|-ability|p2b: Floette|Fairy Aura
|detailschange|p1b: Floette|Floette-Mega, L50, F
|-mega|p1b: Floette|Floette|Floettite
|-ability|p1b: Floette|Fairy Aura
|move|p1a: Garchomp|Protect|p1a: Garchomp
|-singleturn|p1a: Garchomp|Protect
|move|p2a: Whimsicott|Moonblast|p1a: Garchomp
|-activate|p1a: Garchomp|move: Protect
|move|p2b: Floette|Dazzling Gleam|p1a: Garchomp|[spread] p1b
|-activate|p1a: Garchomp|move: Protect
|-damage|p1b: Floette|63/100
|move|p1b: Floette|Draining Kiss|p2a: Whimsicott
|-damage|p2a: Whimsicott|0 fnt
|-heal|p1b: Floette|100/100|[from] drain|[of] p2a: Whimsicott
|faint|p2a: Whimsicott
|
|upkeep
|
|t:|1783377843
|switch|p2a: Garchomp|Garchomp, L50, F|100/100
|turn|4
|
|t:|1783377863
|switch|p1a: Staraptor|Staraptor, L50, F|100/100
|-ability|p1a: Staraptor|Intimidate|boost
|-unboost|p2a: Garchomp|atk|1
|-unboost|p2b: Floette|atk|1
|move|p1b: Floette|Protect|p1b: Floette
|-singleturn|p1b: Floette|Protect
|move|p2a: Garchomp|Stomping Tantrum|p1b: Floette
|-activate|p1b: Floette|move: Protect
|move|p2b: Floette|Dazzling Gleam|p1a: Staraptor|[spread] p1a
|-activate|p1b: Floette|move: Protect
|-damage|p1a: Staraptor|25/100
|
|-sideend|p2: Luiismixx|move: Tailwind
|upkeep
|turn|5
|inactive|Luiismixx has 30 seconds left.
|
|t:|1783377897
|move|p2a: Garchomp|Rock Slide|p1a: Staraptor|[spread] p1a,p1b
|-supereffective|p1a: Staraptor|1
|-damage|p1a: Staraptor|0 fnt
|-damage|p1b: Floette|83/100
|faint|p1a: Staraptor
|-damage|p2a: Garchomp|90/100|[from] item: Life Orb
|move|p2b: Floette|Dazzling Gleam|p1b: Floette
|-damage|p1b: Floette|28/100
|cant|p1b: Floette|flinch
|
|upkeep
|
|t:|1783377907
|switch|p1a: Garchomp|Garchomp, L50, M|57/100
|turn|6
|c|☆Olciax34|another flinch lose
|c|☆Olciax34|love it
|
|t:|1783377920
|move|p2a: Garchomp|Dragon Claw|p1a: Garchomp
|-supereffective|p1a: Garchomp|1
|-damage|p1a: Garchomp|0 fnt
|-damage|p2a: Garchomp|78/100|[from] ability: Rough Skin|[of] p1a: Garchomp
|faint|p1a: Garchomp
|-damage|p2a: Garchomp|68/100|[from] item: Life Orb
|move|p2b: Floette|Dazzling Gleam|p1b: Floette
|-damage|p1b: Floette|0 fnt
|faint|p1b: Floette
|
|win|Luiismixx
