|j|☆PackagecameNMail
|j|☆Duckieduckie
|html|PackagecameNMailDuckieduckie    
|uhtml|bestof|Game 1 of a best-of-3
|t:|1784637300
|gametype|doubles
|player|p1|PackagecameNMail|rood|1000
|player|p2|Duckieduckie|170|1000
|gen|9
|tier|[Gen 9 Champions] VGC 2026 Reg M-B (Bo3)
|rated|
|rule|Species Clause: Limit one of each Pokémon
|rule|Item Clause: Limit 1 of each item
|clearpoke
|poke|p1|Sableye, L50, F, shiny|
|poke|p1|Scrafty, L50, F, shiny|
|poke|p1|Incineroar, L50, M|
|poke|p1|Victreebel, L50, F, shiny|
|poke|p1|Aerodactyl, L50, M, shiny|
|poke|p1|Slowbro-Galar, L50, F, shiny|
|poke|p2|Staraptor, L50, M|
|poke|p2|Talonflame, L50, F|
|poke|p2|Grimmsnarl, L50, M|
|poke|p2|Incineroar, L50, M|
|poke|p2|Sinistcha, L50|
|poke|p2|Dragapult, L50, F|
|teampreview|4
|showteam|p1|Sableye||MentalHerb|Stall|SkillSwap,FakeOut,KnockOff,Protect|Careful||F|||50|]Scrafty||Scraftinite|Intimidate|KnockOff,UpperHand,LowKick,Protect|Adamant||F|||50|]Incineroar||SitrusBerry|Intimidate|FakeOut,PartingShot,FlareBlitz,DarkestLariat|Impish||M|||50|]Victreebel||Victreebelite|Chlorophyll|SludgeBomb,Protect,GigaDrain,SuckerPunch|Mild||F|||50|]Aerodactyl||KingsRock|Unnerve|RockSlide,Tailwind,WideGuard,IronHead|Jolly||M|||50|]Slowbro-Galar||QuickClaw|QuickDraw|ShellSideArm,FutureSight,Whirlpool,AcidSpray|Quiet||F|||50|
|showteam|p2|Staraptor||Staraptite|Intimidate|CloseCombat,AerialAce,Roost,Substitute|Adamant||M|||50|]Talonflame||ChartiBerry|FlameBody|Taunt,Defog,Uturn,Tailwind|Jolly||F|||50|]Grimmsnarl||LightClay|Prankster|Taunt,Reflect,LightScreen,PartingShot|Calm||M|||50|]Incineroar||Leftovers|Intimidate|WillOWisp,PartingShot,FakeOut,DarkestLariat|Careful||M|||50|]Sinistcha||FocusSash|Hospitality|StrengthSap,ShadowBall,Protect,LifeDew|Bold|||||50|]Dragapult||LifeOrb|ClearBody|ShadowBall,DracoMeteor,Uturn,Disable|Timid||F|||50|
|inactive|Battle timer is ON: inactive players will automatically lose when time's up. (requested by Duckieduckie)
|
|t:|1784637333
|teamsize|p1|4
|teamsize|p2|4
|start
|switch|p1a: Sableye|Sableye, L50, F, shiny|100/100
|switch|p1b: Slowbro|Slowbro-Galar, L50, F, shiny|100/100
|switch|p2a: Grimmsnarl|Grimmsnarl, L50, M|100/100
|switch|p2b: Staraptor|Staraptor, L50, M|100/100
|-ability|p2b: Staraptor|Intimidate|boost
|-unboost|p1a: Sableye|atk|1
|-unboost|p1b: Slowbro|atk|1
|turn|1
|inactive|PackagecameNMail has 30 seconds left.
|inactive|Duckieduckie has 30 seconds left.
|-activate|p1b: Slowbro|ability: Quick Draw
|
|t:|1784637366
|detailschange|p2b: Staraptor|Staraptor-Mega, L50, M
|-mega|p2b: Staraptor|Staraptor|Staraptite
|move|p2a: Grimmsnarl|Taunt|p1a: Sableye
|-hint|Since gen 7, Dark is immune to Prankster moves.
|-immune|p1a: Sableye
|move|p1b: Slowbro|Future Sight|p2b: Staraptor
|-start|p1b: Slowbro|move: Future Sight
|move|p2b: Staraptor|Substitute|p2b: Staraptor
|-start|p2b: Staraptor|Substitute
|-damage|p2b: Staraptor|75/100
|move|p1a: Sableye|Skill Swap|p2b: Staraptor
|-activate|p1a: Sableye|Skill Swap|Contrary|Stall|[of] p2b: Staraptor
|
|upkeep
|turn|2
|inactive|PackagecameNMail has 30 seconds left.
|inactive|PackagecameNMail has 20 seconds left.
|inactive|PackagecameNMail has 15 seconds left.
|inactive|PackagecameNMail has 10 seconds left.
|inactive|PackagecameNMail has 5 seconds left.
|-activate|p1b: Slowbro|ability: Quick Draw
|
|t:|1784637421
|switch|p2b: Dragapult|Dragapult, L50, F|100/100
|move|p2a: Grimmsnarl|Parting Shot|p2b: Dragapult
|-fail|p2b: Dragapult|unboost|[from] ability: Clear Body|[of] p2b: Dragapult
|move|p1b: Slowbro|Acid Spray|p2a: Grimmsnarl
|-supereffective|p2a: Grimmsnarl|1
|-damage|p2a: Grimmsnarl|69/100
|-unboost|p2a: Grimmsnarl|spd|2
|move|p1a: Sableye|Knock Off|p2a: Grimmsnarl
|-resisted|p2a: Grimmsnarl|2
|-damage|p2a: Grimmsnarl|64/100
|-enditem|p2a: Grimmsnarl|Light Clay|[from] move: Knock Off|[of] p1a: Sableye
|
|upkeep
|turn|3
|inactive|PackagecameNMail has 30 seconds left.
|inactive|PackagecameNMail has 20 seconds left.
|inactive|PackagecameNMail has 15 seconds left.
|-activate|p1b: Slowbro|ability: Quick Draw
|
|t:|1784637463
|switch|p2a: Talonflame|Talonflame, L50, F|100/100
|move|p1b: Slowbro|Shell Side Arm|p2a: Talonflame|[anim] Shell Side Arm Special
|-crit|p2a: Talonflame
|-damage|p2a: Talonflame|20/100r
|-hint|Special Shell Side Arm
|move|p2b: Dragapult|U-turn|p1b: Slowbro
|-damage|p1b: Slowbro|75/100
|-damage|p2b: Dragapult|90/100|[from] item: Life Orb
|
|t:|1784637473
|switch|p2b: Grimmsnarl|Grimmsnarl, L50, M|64/100|[from] U-turn
|move|p1a: Sableye|Skill Swap|p2a: Talonflame
|-activate|p1a: Sableye|Skill Swap|Flame Body|Contrary|[of] p2a: Talonflame
|
|-end|p2b: Grimmsnarl|move: Future Sight
|-immune|p2b: Grimmsnarl
|upkeep
|turn|4
|inactive|PackagecameNMail has 30 seconds left.
|-activate|p1b: Slowbro|item: Quick Claw
|
|t:|1784637507
|move|p2b: Grimmsnarl|Parting Shot|p1b: Slowbro
|-unboost|p1b: Slowbro|atk|1
|-unboost|p1b: Slowbro|spa|1
|
|t:|1784637515
|switch|p2b: Dragapult|Dragapult, L50, F|90/100|[from] Parting Shot
|move|p1b: Slowbro|Future Sight|p2a: Talonflame
|-start|p1b: Slowbro|move: Future Sight
|move|p2a: Talonflame|Taunt|p1a: Sableye
|-start|p1a: Sableye|move: Taunt
|-enditem|p1a: Sableye|Mental Herb
|-end|p1a: Sableye|move: Taunt
|move|p1a: Sableye|Knock Off|p2a: Talonflame
|-damage|p2a: Talonflame|0 fnt
|-enditem|p2a: Talonflame|Charti Berry|[from] move: Knock Off|[of] p1a: Sableye
|faint|p2a: Talonflame
|
|upkeep
|
|t:|1784637518
|switch|p2a: Staraptor|Staraptor-Mega, L50, M|75/100
|turn|5
|inactive|PackagecameNMail has 30 seconds left.
|inactive|PackagecameNMail has 20 seconds left.
|
|t:|1784637557
|move|p2b: Dragapult|Shadow Ball|p1b: Slowbro
|-supereffective|p1b: Slowbro|1
|-damage|p1b: Slowbro|0 fnt
|faint|p1b: Slowbro
|-damage|p2b: Dragapult|80/100|[from] item: Life Orb
|move|p2a: Staraptor|Aerial Ace|p1a: Sableye
|-damage|p1a: Sableye|61/100
|-status|p2a: Staraptor|brn|[from] ability: Flame Body|[of] p1a: Sableye
|move|p1a: Sableye|Skill Swap|p2a: Staraptor
|-activate|p1a: Sableye|Skill Swap|Contrary|Flame Body|[of] p2a: Staraptor
|
|-damage|p2a: Staraptor|68/100 brn|[from] brn
|upkeep
|inactive|PackagecameNMail has 30 seconds left.
|
|t:|1784637582
|switch|p1b: Scrafty|Scrafty, L50, F, shiny|100/100
|-ability|p1b: Scrafty|Intimidate|boost
|-unboost|p2a: Staraptor|atk|1
|-fail|p2b: Dragapult|unboost|[from] ability: Clear Body|[of] p2b: Dragapult
|turn|6
|
|t:|1784637604
|detailschange|p1b: Scrafty|Scrafty-Mega, L50, F, shiny
|-mega|p1b: Scrafty|Scrafty|Scraftinite
|-ability|p1b: Scrafty|Intimidate|boost
|-unboost|p2a: Staraptor|atk|1
|-fail|p2b: Dragapult|unboost|[from] ability: Clear Body|[of] p2b: Dragapult
|move|p2b: Dragapult|Draco Meteor|p1b: Scrafty
|-damage|p1b: Scrafty|42/100
|-unboost|p2b: Dragapult|spa|2
|-damage|p2b: Dragapult|70/100|[from] item: Life Orb
|move|p2a: Staraptor|Close Combat|p1b: Scrafty
|-supereffective|p1b: Scrafty|1
|-damage|p1b: Scrafty|14/100
|-unboost|p2a: Staraptor|def|1
|-unboost|p2a: Staraptor|spd|1
|move|p1b: Scrafty|Knock Off|p2b: Dragapult
|-supereffective|p2b: Dragapult|1
|-damage|p2b: Dragapult|0 fnt
|-enditem|p2b: Dragapult|Life Orb|[from] move: Knock Off|[of] p1b: Scrafty
|faint|p2b: Dragapult
|move|p1a: Sableye|Knock Off|p2a: Staraptor
|-resisted|p2a: Staraptor|1
|-damage|p2a: Staraptor|58/100 brn
|
|-end|p2a: Staraptor|move: Future Sight
|-supereffective|p2a: Staraptor|1
|-damage|p2a: Staraptor|0 fnt
|faint|p2a: Staraptor
|upkeep
|
|t:|1784637617
|switch|p2b: Grimmsnarl|Grimmsnarl, L50, M|64/100
|turn|7
|-message|Duckieduckie forfeited.
|raw|PackagecameNMail's rating: 1000 → 1040(+40 for winning)
|raw|Duckieduckie's rating: 1000 → 1000(+0 for losing)
|
|win|PackagecameNMail
|l|☆Duckieduckie
|player|p2|
