|j|☆entei enthusiast
|j|☆private eyeZ
|html|entei enthusiastprivate eyeZ    
|uhtml|bestof|Game 2 of a best-of-3
|t:|1783994912
|gametype|doubles
|player|p1|entei enthusiast|kamado-armor|1277
|player|p2|private eyeZ|lass-gen4dp|1480
|gen|9
|tier|[Gen 9 Champions] VGC 2026 Reg M-B (Bo3)
|rated|
|rule|Species Clause: Limit one of each Pokémon
|rule|Item Clause: Limit 1 of each item
|clearpoke
|poke|p1|Mawile, L50, M|
|poke|p1|Charizard, L50, F|
|poke|p1|Farigiraf, L50, M|
|poke|p1|Garchomp, L50, M|
|poke|p1|Venusaur, L50, M|
|poke|p1|Basculegion, L50, M|
|poke|p2|Arcanine-Hisui, L50, F|
|poke|p2|Abomasnow, L50, F|
|poke|p2|Farigiraf, L50, M|
|poke|p2|Floette-Eternal, L50, F|
|poke|p2|Garchomp, L50, M|
|poke|p2|Corviknight, L50, F|
|teampreview|4
|showteam|p1|Mawile||Mawilite|HyperCutter|PlayRough,RockSlide,SuckerPunch,Protect|Adamant||M|||50|]Charizard||CharizarditeY|Blaze|WeatherBall,HeatWave,HelpingHand,Protect|Modest||F|||50|]Farigiraf||ColburBerry|ArmorTail|Psychic,Thunderbolt,TrickRoom,HelpingHand|Bold||M|||50|]Garchomp||ChoiceScarf|RoughSkin|DragonClaw,Earthquake,RockSlide,StompingTantrum|Adamant||M|||50|]Venusaur||LifeOrb|Chlorophyll|SludgeBomb,SolarBeam,EarthPower,Protect|Modest||M|||50|]Basculegion||SitrusBerry|Adaptability|WaveCrash,AquaJet,LastRespects,Protect|Adamant||M|||50|
|showteam|p2|Arcanine-Hisui||FocusSash|RockHead|HeadSmash,FlareBlitz,Protect,ExtremeSpeed|Jolly||F|||50|]Abomasnow||Abomasite|SnowWarning|Blizzard,EarthPower,Protect,EnergyBall|Modest||F|||50|]Farigiraf||SitrusBerry|ArmorTail|Thunderbolt,Psychic,HelpingHand,TrickRoom|Sassy||M|||50|]Floette-Eternal||Floettite|FlowerVeil|LightofRuin,Moonblast,DazzlingGleam,Protect|Timid||F|||50|]Garchomp||LifeOrb|RoughSkin|Earthquake,StompingTantrum,Protect,DragonClaw|Jolly||M|||50|]Corviknight||OccaBerry|MirrorArmor|IronHead,Protect,BraveBird,Tailwind|Adamant||F|||50|
|inactive|Battle timer is ON: inactive players will automatically lose when time's up. (requested by entei enthusiast)
|
|t:|1783994938
|teamsize|p1|4
|teamsize|p2|4
|start
|switch|p1a: Garchomp|Garchomp, L50, M|100/100
|switch|p1b: Mawile|Mawile, L50, M|100/100
|switch|p2a: Floette|Floette-Eternal, L50, F|100/100
|switch|p2b: Arcanine|Arcanine-Hisui, L50, F|100/100
|turn|1
|inactive|entei enthusiast has 30 seconds left.
|inactive|entei enthusiast has 20 seconds left.
|
|t:|1783994975
|detailschange|p1b: Mawile|Mawile-Mega, L50, M
|-mega|p1b: Mawile|Mawile|Mawilite
|move|p2b: Arcanine|Protect|p2b: Arcanine
|-singleturn|p2b: Arcanine|Protect
|move|p1b: Mawile|Sucker Punch||[still]
|-fail|p1b: Mawile
|move|p1a: Garchomp|Rock Slide|p2b: Arcanine|[spread] p2a
|-activate|p2b: Arcanine|move: Protect
|-damage|p2a: Floette|69/100
|move|p2a: Floette|Moonblast|p1a: Garchomp
|-supereffective|p1a: Garchomp|1
|-damage|p1a: Garchomp|0 fnt
|faint|p1a: Garchomp
|
|upkeep
|
|t:|1783994980
|switch|p1a: Basculegion|Basculegion, L50, M|100/100
|turn|2
|
|t:|1783994998
|switch|p2a: Farigiraf|Farigiraf, L50, M|100/100
|switch|p1b: Farigiraf|Farigiraf, L50, M|100/100
|move|p2b: Arcanine|Flare Blitz|p1b: Farigiraf
|-damage|p1b: Farigiraf|53/100
|move|p1a: Basculegion|Last Respects|p2a: Farigiraf
|-immune|p2a: Farigiraf
|
|upkeep
|turn|3
|
|t:|1783995017
|move|p2a: Farigiraf|Helping Hand|p2b: Arcanine
|-singleturn|p2b: Arcanine|Helping Hand|[of] p2a: Farigiraf
|move|p2b: Arcanine|Head Smash|p1a: Basculegion|[miss]
|-miss|p2b: Arcanine|p1a: Basculegion
|move|p1a: Basculegion|Wave Crash|p2b: Arcanine
|-supereffective|p2b: Arcanine|2
|-enditem|p2b: Arcanine|Focus Sash
|-damage|p2b: Arcanine|1/100
|-damage|p1a: Basculegion|74/100|[from] Recoil
|move|p1b: Farigiraf|Trick Room|p1b: Farigiraf
|-fieldstart|move: Trick Room|[of] p1b: Farigiraf
|
|upkeep
|turn|4
|inactive|private eyeZ has 30 seconds left.
|inactive|entei enthusiast has 30 seconds left.
|
|t:|1783995056
|switch|p2b: Abomasnow|Abomasnow, L50, F|100/100
|-weather|Snowscape|[from] ability: Snow Warning|[of] p2b: Abomasnow
|move|p2a: Farigiraf|Thunderbolt|p1a: Basculegion
|-supereffective|p1a: Basculegion|1
|-damage|p1a: Basculegion|24/100
|-enditem|p1a: Basculegion|Sitrus Berry|[eat]
|-heal|p1a: Basculegion|49/100|[from] item: Sitrus Berry
|move|p1b: Farigiraf|Psychic|p2a: Farigiraf
|-resisted|p2a: Farigiraf|1
|-damage|p2a: Farigiraf|86/100
|move|p1a: Basculegion|Last Respects|p2b: Abomasnow
|-damage|p2b: Abomasnow|56/100
|
|-weather|Snowscape|[upkeep]
|upkeep
|turn|5
|
|t:|1783995083
|switch|p1a: Mawile|Mawile-Mega, L50, M|100/100
|detailschange|p2b: Abomasnow|Abomasnow-Mega, L50, F
|-mega|p2b: Abomasnow|Abomasnow|Abomasite
|move|p2a: Farigiraf|Helping Hand|p2b: Abomasnow
|-singleturn|p2b: Abomasnow|Helping Hand|[of] p2a: Farigiraf
|move|p2b: Abomasnow|Blizzard|p1a: Mawile|[spread] p1a,p1b
|-resisted|p1a: Mawile|1
|-damage|p1a: Mawile|51/100
|-damage|p1b: Farigiraf|0 fnt
|faint|p1b: Farigiraf
|
|-weather|Snowscape|[upkeep]
|upkeep
|
|t:|1783995093
|switch|p1b: Basculegion|Basculegion, L50, M|49/100
|turn|6
|
|t:|1783995111
|move|p2b: Abomasnow|Earth Power|p1a: Mawile
|-supereffective|p1a: Mawile|1
|-damage|p1a: Mawile|0 fnt
|faint|p1a: Mawile
|move|p2a: Farigiraf|Thunderbolt|p1b: Basculegion
|-supereffective|p1b: Basculegion|1
|-damage|p1b: Basculegion|4/100
|move|p1b: Basculegion|Last Respects|p2b: Abomasnow
|-damage|p2b: Abomasnow|0 fnt
|faint|p2b: Abomasnow
|
|-weather|Snowscape|[upkeep]
|upkeep
|
|t:|1783995125
|switch|p2b: Floette|Floette-Eternal, L50, F|69/100
|turn|7
|
|t:|1783995132
|move|p2a: Farigiraf|Thunderbolt|p1b: Basculegion
|-supereffective|p1b: Basculegion|1
|-damage|p1b: Basculegion|0 fnt
|faint|p1b: Basculegion
|
|win|private eyeZ
|raw|entei enthusiast's rating: 1277 → 1265(-12 for losing)
|raw|private eyeZ's rating: 1480 → 1489(+9 for winning)
