|j|☆JaLax06
|j|☆elchechin
|html|JaLax06elchechin    
|uhtml|bestof|Game 2 of a best-of-3
|t:|1782607090
|gametype|doubles
|player|p1|JaLax06|1|
|player|p2|elchechin|169|
|gen|9
|tier|[Gen 9 Champions] VGC 2026 Reg M-B (Bo3)
|rule|Species Clause: Limit one of each Pokémon
|rule|Item Clause: Limit 1 of each item
|clearpoke
|poke|p1|Raichu, L50, F|
|poke|p1|Pelipper, L50, M|
|poke|p1|Swampert, L50, F|
|poke|p1|Archaludon, L50, M|
|poke|p1|Basculegion, L50, M|
|poke|p1|Sinistcha, L50|
|poke|p2|Grimmsnarl, L50, M|
|poke|p2|Swampert, L50, F|
|poke|p2|Pelipper, L50, F|
|poke|p2|Archaludon, L50, M|
|poke|p2|Sinistcha, L50|
|poke|p2|Metagross, L50|
|teampreview|4
|showteam|p1|Raichu||RaichuniteY|LightningRod|ZapCannon,FakeOut,VoltSwitch,FocusBlast|Timid||F|||50|]Pelipper||FocusSash|Drizzle|WeatherBall,Tailwind,WideGuard,IceBeam|Modest||M|||50|]Swampert||Swampertite|Torrent|Earthquake,WaveCrash,Protect,IcePunch|Adamant||F|||50|]Archaludon||Leftovers|Stamina|ElectroShot,DragonPulse,Protect,FlashCannon|Modest||M|||50|]Basculegion||LifeOrb|SwiftSwim|AquaJet,LastRespects,WaveCrash,Protect|Adamant||M|||50|]Sinistcha||SitrusBerry|Hospitality|Protect,RagePowder,MatchaGotcha,LifeDew|Calm|||||50|
|showteam|p2|Grimmsnarl||LightClay|Prankster|FoulPlay,PartingShot,LightScreen,Reflect|Calm||M|||50|]Swampert||Swampertite|Damp|Protect,IcePunch,WaveCrash,Earthquake|Adamant||F|||50|]Pelipper||SitrusBerry|Drizzle|WideGuard,Tailwind,WeatherBall,Hurricane|Modest||F|||50|]Archaludon||Leftovers|Stamina|Protect,ElectroShot,FlashCannon,DragonPulse|Modest||M|||50|]Sinistcha||CobaBerry|Hospitality|Protect,TrickRoom,MatchaGotcha,RagePowder|Relaxed|||||50|]Metagross||Metagrossite|ClearBody|Protect,BodyPress,PsychicFangs,IronHead|Jolly|||||50|
|
|t:|1782607182
|teamsize|p1|4
|teamsize|p2|4
|start
|switch|p1a: Raichu|Raichu, L50, F|100/100
|switch|p1b: Pelipper|Pelipper, L50, M|100/100
|switch|p2a: Grimmsnarl|Grimmsnarl, L50, M|100/100
|switch|p2b: Swampert|Swampert, L50, F|100/100
|-weather|RainDance|[from] ability: Drizzle|[of] p1b: Pelipper
|turn|1
|
|t:|1782607221
|switch|p2a: Pelipper|Pelipper, L50, F|100/100
|detailschange|p1a: Raichu|Raichu-Mega-Y, L50, F
|-mega|p1a: Raichu|Raichu|Raichunite Y
|detailschange|p2b: Swampert|Swampert-Mega, L50, F
|-mega|p2b: Swampert|Swampert|Swampertite
|move|p1a: Raichu|Fake Out|p2b: Swampert
|-damage|p2b: Swampert|91/100
|cant|p2b: Swampert|flinch
|move|p1b: Pelipper|Weather Ball|p2b: Swampert
|-damage|p2b: Swampert|27/100
|
|-weather|RainDance|[upkeep]
|upkeep
|turn|2
|
|t:|1782607315
|switch|p1a: Sinistcha|Sinistcha, L50|100/100
|switch|p2a: Grimmsnarl|Grimmsnarl, L50, M|100/100
|move|p2b: Swampert|Earthquake|p1a: Sinistcha|[spread] p2a,p1a
|-immune|p1b: Pelipper
|-resisted|p1a: Sinistcha|1
|-damage|p2a: Grimmsnarl|54/100
|-damage|p1a: Sinistcha|80/100
|move|p1b: Pelipper|Tailwind|p1b: Pelipper
|-sidestart|p1: JaLax06|move: Tailwind
|
|-weather|RainDance|[upkeep]
|upkeep
|turn|3
|
|t:|1782607352
|switch|p2a: Pelipper|Pelipper, L50, F|100/100
|move|p2b: Swampert|Protect|p2b: Swampert
|-singleturn|p2b: Swampert|Protect
|move|p1b: Pelipper|Ice Beam|p2b: Swampert
|-activate|p2b: Swampert|move: Protect
|move|p1a: Sinistcha|Matcha Gotcha|p2a: Pelipper|[spread] p2a
|-activate|p2b: Swampert|move: Protect
|-damage|p2a: Pelipper|70/100
|-heal|p1a: Sinistcha|94/100|[from] drain|[of] p2a: Pelipper
|
|-weather|RainDance|[upkeep]
|upkeep
|turn|4
|
|t:|1782607378
|switch|p2b: Archaludon|Archaludon, L50, M|100/100
|move|p1a: Sinistcha|Protect|p1a: Sinistcha
|-singleturn|p1a: Sinistcha|Protect
|move|p1b: Pelipper|Ice Beam|p2a: Pelipper
|-damage|p2a: Pelipper|37/100
|-status|p2a: Pelipper|frz
|-enditem|p2a: Pelipper|Sitrus Berry|[eat]
|-heal|p2a: Pelipper|61/100 frz|[from] item: Sitrus Berry
|cant|p2a: Pelipper|frz
|
|-weather|RainDance|[upkeep]
|upkeep
|turn|5
|
|t:|1782607417
|move|p1b: Pelipper|Ice Beam|p2b: Archaludon
|-crit|p2b: Archaludon
|-damage|p2b: Archaludon|59/100
|-ability|p2b: Archaludon|Stamina|boost
|-boost|p2b: Archaludon|def|1
|move|p1a: Sinistcha|Matcha Gotcha|p2b: Archaludon|[spread] p2a,p2b
|-resisted|p2b: Archaludon|2
|-damage|p2a: Pelipper|34/100 frz
|-heal|p1a: Sinistcha|100/100|[from] drain|[of] p2a: Pelipper
|-damage|p2b: Archaludon|54/100
|-ability|p2b: Archaludon|Stamina|boost
|-boost|p2b: Archaludon|def|1
|-curestatus|p2a: Pelipper|frz|[msg]
|move|p2b: Archaludon|Flash Cannon|p1b: Pelipper
|-resisted|p1b: Pelipper|1
|-damage|p1b: Pelipper|65/100
|move|p2a: Pelipper|Tailwind|p2a: Pelipper
|-sidestart|p2: elchechin|move: Tailwind
|
|-weather|none
|-heal|p2b: Archaludon|60/100|[from] item: Leftovers
|-sideend|p1: JaLax06|move: Tailwind
|upkeep
|turn|6
|
|t:|1782607469
|move|p2b: Archaludon|Flash Cannon|p1a: Sinistcha
|-damage|p1a: Sinistcha|64/100
|-unboost|p1a: Sinistcha|spd|1
|move|p2a: Pelipper|Hurricane|p1a: Sinistcha
|-supereffective|p1a: Sinistcha|1
|-damage|p1a: Sinistcha|0 fnt
|faint|p1a: Sinistcha
|move|p1b: Pelipper|Tailwind|p1b: Pelipper
|-sidestart|p1: JaLax06|move: Tailwind
|
|-heal|p2b: Archaludon|67/100|[from] item: Leftovers
|upkeep
|
|t:|1782607477
|switch|p1a: Raichu|Raichu-Mega-Y, L50, F|100/100
|turn|7
|
|t:|1782607522
|switch|p2a: Grimmsnarl|Grimmsnarl, L50, M|54/100
|move|p2b: Archaludon|Protect|p2b: Archaludon
|-singleturn|p2b: Archaludon|Protect
|move|p1a: Raichu|Focus Blast|p2b: Archaludon
|-activate|p2b: Archaludon|move: Protect
|move|p1b: Pelipper|Ice Beam|p2a: Grimmsnarl
|-damage|p2a: Grimmsnarl|31/100
|
|-heal|p2b: Archaludon|73/100|[from] item: Leftovers
|upkeep
|turn|8
|
|t:|1782607556
|move|p2a: Grimmsnarl|Light Screen|p2a: Grimmsnarl
|-sidestart|p2: elchechin|move: Light Screen
|move|p1a: Raichu|Focus Blast|p2b: Archaludon
|-supereffective|p2b: Archaludon|1
|-damage|p2b: Archaludon|10/100
|-ability|p2b: Archaludon|Stamina|boost
|-boost|p2b: Archaludon|def|1
|move|p1b: Pelipper|Ice Beam|p2b: Archaludon
|-crit|p2b: Archaludon
|-damage|p2b: Archaludon|0 fnt
|faint|p2b: Archaludon
|
|-sideend|p2: elchechin|move: Tailwind
|upkeep
|
|t:|1782607577
|switch|p2b: Pelipper|Pelipper, L50, F|34/100
|-weather|RainDance|[from] ability: Drizzle|[of] p2b: Pelipper
|turn|9
|
|t:|1782607615
|switch|p2b: Swampert|Swampert-Mega, L50, F|27/100
|move|p1a: Raichu|Volt Switch|p2b: Swampert
|-immune|p2b: Swampert
|move|p1b: Pelipper|Weather Ball|p2a: Grimmsnarl
|-damage|p2a: Grimmsnarl|0 fnt
|faint|p2a: Grimmsnarl
|
|-weather|RainDance|[upkeep]
|-sideend|p1: JaLax06|move: Tailwind
|upkeep
|
|t:|1782607625
|switch|p2a: Pelipper|Pelipper, L50, F|34/100
|turn|10
|
|t:|1782607651
|switch|p1a: Archaludon|Archaludon, L50, M|100/100
|move|p2b: Swampert|Wave Crash|p1a: Archaludon
|-resisted|p1a: Archaludon|1
|-damage|p1a: Archaludon|59/100
|-ability|p1a: Archaludon|Stamina|boost
|-boost|p1a: Archaludon|def|1
|-damage|p2b: Swampert|14/100|[from] Recoil
|move|p1b: Pelipper|Weather Ball|p2b: Swampert
|-damage|p2b: Swampert|0 fnt
|faint|p2b: Swampert
|move|p2a: Pelipper|Tailwind|p2a: Pelipper
|-sidestart|p2: elchechin|move: Tailwind
|
|-weather|RainDance|[upkeep]
|-heal|p1a: Archaludon|65/100|[from] item: Leftovers
|upkeep
|turn|11
|
|t:|1782607667
|move|p2a: Pelipper|Wide Guard|p2a: Pelipper
|-singleturn|p2a: Pelipper|Wide Guard
|move|p1b: Pelipper|Ice Beam|p2a: Pelipper
|-damage|p2a: Pelipper|13/100
|move|p1a: Archaludon|Electro Shot||[still]
|-prepare|p1a: Archaludon|Electro Shot
|-boost|p1a: Archaludon|spa|1
|-anim|p1a: Archaludon|Electro Shot|p2a: Pelipper
|-supereffective|p2a: Pelipper|2
|-damage|p2a: Pelipper|0 fnt
|faint|p2a: Pelipper
|
|win|JaLax06
||JaLax06 is ready for game 3.
|inactive|elchechin has 30 seconds to confirm battle start!
||elchechin is ready for game 3.
|uhtml|next|Next: Game 3 of 3
