|j|☆spellbreakvgc
|j|☆Sambu17
|html|spellbreakvgcSambu17    
|uhtml|bestof|Game 2 of a best-of-3
|t:|1756808516
|gametype|doubles
|player|p1|spellbreakvgc|lance|1151
|player|p2|Sambu17|266|1270
|gen|9
|tier|[Gen 9] VGC 2025 Reg H (Bo3)
|rated|
|rule|Species Clause: Limit one of each Pokémon
|rule|Item Clause: Limit 1 of each item
|clearpoke
|poke|p1|Garchomp, L50, F|
|poke|p1|Weezing-Galar, L50, F|
|poke|p1|Archaludon, L50, F|
|poke|p1|Gholdengo, L50|
|poke|p1|Talonflame, L50, M|
|poke|p1|Annihilape, L50, F|
|poke|p2|Whimsicott, L50, M|
|poke|p2|Gholdengo, L50|
|poke|p2|Ursaluna-Bloodmoon, L50, M|
|poke|p2|Pelipper, L50, F|
|poke|p2|Archaludon, L50, M|
|poke|p2|Basculegion, L50, M|
|teampreview|4
|showteam|p1|Garchomp||LifeOrb|RoughSkin|DragonClaw,Earthquake,StompingTantrum,Protect|||F|||50|,,,,,Ground]Weezing-Galar||FocusSash|NeutralizingGas|Protect,SludgeBomb,Taunt,StrangeSteam|||F|||50|,,,,,Flying]Archaludon||PowerHerb|Sturdy|ElectroShot,Thunderbolt,DracoMeteor,Protect|||F|||50|,,,,,Electric]Gholdengo||ChoiceSpecs|GoodasGold|ShadowBall,DazzlingGleam,PowerGem,MakeItRain||||||50|,,,,,Fairy]Talonflame||CovertCloak|GaleWings|Tailwind,DualWingbeat,WillOWisp,FlareBlitz|||M|||50|,,,,,Stellar]Annihilape||AssaultVest|Defiant|CloseCombat,RageFist,FinalGambit,IcePunch|||F|||50|,,,,,Grass
|showteam|p2|Whimsicott||CovertCloak|Prankster|Moonblast,Taunt,FakeTears,Tailwind|||M|||50|,,,,,Steel]Gholdengo||LifeOrb|GoodasGold|MakeItRain,ShadowBall,TeraBlast,Protect||||||50|,,,,,Fighting]Ursaluna-Bloodmoon||AssaultVest|MindsEye|HyperVoice,BloodMoon,EarthPower,VacuumWave|||M|||50|,,,,,Normal]Pelipper||JabocaBerry|Drizzle|WideGuard,Hurricane,MuddyWater,Tailwind|||F|||50|,,,,,Steel]Archaludon||PowerHerb|Sturdy|ElectroShot,DracoMeteor,FlashCannon,Protect|||M|||50|,,,,,Ghost]Basculegion||FocusSash|Adaptability|Liquidation,LastRespects,AquaJet,Protect|||M|||50|,,,,,Ghost
|inactive|Battle timer is ON: inactive players will automatically lose when time's up. (requested by spellbreakvgc)
|inactive|spellbreakvgc has 60 seconds left.
|
|t:|1756808573
|teamsize|p1|4
|teamsize|p2|4
|start
|switch|p1a: Talonflame|Talonflame, L50, M|100/100
|switch|p1b: Annihilape|Annihilape, L50, F|100/100
|switch|p2a: Whimsicott|Whimsicott, L50, M|100/100
|switch|p2b: Gholdengo|Gholdengo, L50|100/100
|turn|1
|inactive|Sambu17 has 30 seconds left.
|inactive|Sambu17 has 20 seconds left.
|inactive|Sambu17 has 15 seconds left.
|inactive|Sambu17 has 10 seconds left.
|inactive|Sambu17 has 5 seconds left.
|
|t:|1756808625
|switch|p2a: Pelipper|Pelipper, L50, F|100/100
|-weather|RainDance|[from] ability: Drizzle|[of] p2a: Pelipper
|-terastallize|p1b: Annihilape|Grass
|move|p1a: Talonflame|Tailwind|p1a: Talonflame
|-sidestart|p1: spellbreakvgc|move: Tailwind
|move|p1b: Annihilape|Rage Fist|p2b: Gholdengo
|-supereffective|p2b: Gholdengo
|-damage|p2b: Gholdengo|48/100
|move|p2b: Gholdengo|Shadow Ball|p1b: Annihilape
|-damage|p1b: Annihilape|57/100
|-damage|p2b: Gholdengo|38/100|[from] item: Life Orb
|
|-weather|RainDance|[upkeep]
|upkeep
|turn|2
|inactive|spellbreakvgc has 30 seconds left.
|
|t:|1756808653
|move|p1a: Talonflame|Dual Wingbeat|p2a: Pelipper
|-damage|p2a: Pelipper|82/100
|-enditem|p2a: Pelipper|Jaboca Berry|[eat]
|-damage|p1a: Talonflame|88/100|[from] item: Jaboca Berry|[of] p2a: Pelipper
|-damage|p2a: Pelipper|64/100
|-hitcount|p2a: Pelipper|2
|move|p1b: Annihilape|Rage Fist|p2a: Pelipper
|-damage|p2a: Pelipper|8/100
|move|p2b: Gholdengo|Make It Rain|p1b: Annihilape|[spread] p1a,p1b
|-resisted|p1a: Talonflame
|-damage|p1a: Talonflame|37/100
|-damage|p1b: Annihilape|15/100
|-unboost|p2b: Gholdengo|spa|1
|-damage|p2b: Gholdengo|28/100|[from] item: Life Orb
|move|p2a: Pelipper|Tailwind|p2a: Pelipper
|-sidestart|p2: Sambu17|move: Tailwind
|
|-weather|RainDance|[upkeep]
|upkeep
|turn|3
|inactive|spellbreakvgc has 30 seconds left.
|
|t:|1756808678
|switch|p1a: Archaludon|Archaludon, L50, F|100/100
|move|p2b: Gholdengo|Protect|p2b: Gholdengo
|-singleturn|p2b: Gholdengo|Protect
|move|p1b: Annihilape|Rage Fist|p2b: Gholdengo
|-activate|p2b: Gholdengo|move: Protect
|move|p2a: Pelipper|Muddy Water|p1a: Archaludon|[spread] p1a,p1b
|-resisted|p1a: Archaludon
|-resisted|p1b: Annihilape
|-damage|p1a: Archaludon|69/100
|-damage|p1b: Annihilape|0 fnt
|-unboost|p1a: Archaludon|accuracy|1
|faint|p1b: Annihilape
|
|-weather|RainDance|[upkeep]
|upkeep
|
|t:|1756808697
|switch|p1b: Gholdengo|Gholdengo, L50|100/100
|turn|4
|
|t:|1756808723
|switch|p1a: Talonflame|Talonflame, L50, M|37/100
|move|p1b: Gholdengo|Dazzling Gleam|p2a: Pelipper|[spread] p2a,p2b
|-resisted|p2b: Gholdengo
|-damage|p2a: Pelipper|0 fnt
|-damage|p2b: Gholdengo|11/100
|faint|p2a: Pelipper
|move|p2b: Gholdengo|Shadow Ball|p1b: Gholdengo
|-supereffective|p1b: Gholdengo
|-damage|p1b: Gholdengo|12/100
|-unboost|p1b: Gholdengo|spd|1
|-damage|p2b: Gholdengo|1/100|[from] item: Life Orb
|
|-weather|RainDance|[upkeep]
|-sideend|p1: spellbreakvgc|move: Tailwind
|upkeep
|
|t:|1756808737
|switch|p2a: Whimsicott|Whimsicott, L50, M|100/100
|turn|5
|-message|spellbreakvgc forfeited.
|
|win|Sambu17
