|j|☆ItsYaBoiGuz
|j|☆astonished_25
|html|ItsYaBoiGuzastonished_25    
|uhtml|bestof|Game 1 of a best-of-3
|t:|1785974917
|gametype|doubles
|player|p1|ItsYaBoiGuz|giovanni|
|player|p2|astonished_25|unknown|
|gen|9
|tier|[Gen 9 Champions] VGC 2026 Reg M-B (Bo3)
|rule|Species Clause: Limit one of each Pokémon
|rule|Item Clause: Limit 1 of each item
|clearpoke
|poke|p1|Blaziken, L50, F|
|poke|p1|Froslass, L50, F|
|poke|p1|Kingambit, L50, M|
|poke|p1|Sinistcha-Masterpiece, L50, shiny|
|poke|p1|Sneasler, L50, F|
|poke|p1|Dragonite, L50, M|
|poke|p2|Sinistcha, L50|
|poke|p2|Incineroar, L50, M|
|poke|p2|Floette-Eternal, L50, F|
|poke|p2|Staraptor, L50, M|
|poke|p2|Kingambit, L50, M|
|poke|p2|Maushold, L50|
|teampreview|4
|showteam|p1|Blaziken||Blazikenite|SpeedBoost|Detect,FlareBlitz,CloseCombat,SwordsDance|Adamant||F|||50|]Froslass||Froslassite|SnowCloak|AuroraVeil,Protect,ShadowBall,Blizzard|Timid||F|||50|]Kingambit||BlackGlasses|Defiant|KowtowCleave,SuckerPunch,IronHead,Protect|Adamant||M|||50|]Sinistcha-Masterpiece||SitrusBerry|Hospitality|MatchaGotcha,Protect,RagePowder,LifeDew|Bold|||||50|]Sneasler||FocusSash|PoisonTouch|CloseCombat,PoisonJab,Coaching,FakeOut|Jolly||F|||50|]Dragonite||LifeOrb|InnerFocus|Tailwind,ExtremeSpeed,Protect,DragonClaw|Adamant||M|||50|
|showteam|p2|Sinistcha||ColburBerry|Hospitality|MatchaGotcha,RagePowder,TrickRoom,LifeDew|Relaxed|||||50|]Incineroar||PasshoBerry|Intimidate|ThroatChop,FlareBlitz,PartingShot,FakeOut|Adamant||M|||50|]Floette-Eternal||Floettite|FlowerVeil|Protect,CalmMind,Moonblast,DazzlingGleam|Modest||F|||50|]Staraptor||Staraptite|Intimidate|CloseCombat,DualWingbeat,Roost,Protect|Jolly||M|||50|]Kingambit||LifeOrb|Defiant|SuckerPunch,IronHead,KowtowCleave,Protect|Brave||M|||50|]Maushold||ChopleBerry|FriendGuard|Feint,FollowMe,Protect,BabyDollEyes|Bold|||||50|
|inactive|Battle timer is ON: inactive players will automatically lose when time's up. (requested by ItsYaBoiGuz)
|inactive|astonished_25 also wants the timer to be on.
|inactive|ItsYaBoiGuz has 60 seconds left.
|inactive|astonished_25 has 60 seconds left.
|c|☆ItsYaBoiGuz|glhf
|
|t:|1785974963
|teamsize|p1|4
|teamsize|p2|4
|start
|switch|p1a: Sinistcha|Sinistcha-Masterpiece, L50, shiny|100/100
|switch|p1b: Froslass|Froslass, L50, F|100/100
|switch|p2a: Sinistcha|Sinistcha, L50|100/100
|switch|p2b: Maushold|Maushold, L50|100/100
|turn|1
|
|t:|1785974974
|detailschange|p1b: Froslass|Froslass-Mega, L50, F
|-mega|p1b: Froslass|Froslass|Froslassite
|-weather|Snowscape|[from] ability: Snow Warning|[of] p1b: Froslass
|move|p2b: Maushold|Follow Me|p2b: Maushold
|-singleturn|p2b: Maushold|move: Follow Me
|move|p1b: Froslass|Blizzard|p2a: Sinistcha|[spread] p2a,p2b
|-supereffective|p2a: Sinistcha|1
|-damage|p2a: Sinistcha|39/100
|-damage|p2b: Maushold|58/100
|move|p1a: Sinistcha|Matcha Gotcha|p2b: Maushold|[spread] p2a,p2b
|-resisted|p2a: Sinistcha|1
|-damage|p2a: Sinistcha|30/100
|-damage|p2b: Maushold|30/100
|-status|p2a: Sinistcha|brn
|move|p2a: Sinistcha|Trick Room|p2a: Sinistcha
|-fieldstart|move: Trick Room|[of] p2a: Sinistcha
|
|-weather|Snowscape|[upkeep]
|-damage|p2a: Sinistcha|24/100 brn|[from] brn
|upkeep
|turn|2
|
|t:|1785974985
|switch|p2b: Kingambit|Kingambit, L50, M|100/100
|move|p2a: Sinistcha|Matcha Gotcha|p1a: Sinistcha|[spread] 
|-miss|p2a: Sinistcha|p1a: Sinistcha
|-miss|p2a: Sinistcha|p1b: Froslass
|move|p1a: Sinistcha|Matcha Gotcha|p2a: Sinistcha|[spread] p2a,p2b
|-resisted|p2a: Sinistcha|1
|-resisted|p2b: Kingambit|1
|-damage|p2a: Sinistcha|12/100 brn
|-damage|p2b: Kingambit|88/100
|-status|p2b: Kingambit|brn
|move|p1b: Froslass|Blizzard|p2b: Kingambit|[spread] p2a,p2b
|-supereffective|p2a: Sinistcha|1
|-resisted|p2b: Kingambit|1
|-damage|p2a: Sinistcha|0 fnt
|-damage|p2b: Kingambit|68/100 brn
|faint|p2a: Sinistcha
|
|-weather|Snowscape|[upkeep]
|-damage|p2b: Kingambit|62/100 brn|[from] brn
|upkeep
|
|t:|1785974988
|switch|p2a: Floette|Floette-Eternal, L50, F|100/100
|turn|3
|c|☆astonished_25|Ptm
|
|t:|1785975002
|detailschange|p2a: Floette|Floette-Mega, L50, F
|-mega|p2a: Floette|Floette|Floettite
|-ability|p2a: Floette|Fairy Aura
|move|p2b: Kingambit|Kowtow Cleave|p1a: Sinistcha
|-supereffective|p1a: Sinistcha|1
|-damage|p1a: Sinistcha|46/100
|-enditem|p1a: Sinistcha|Sitrus Berry|[eat]
|-heal|p1a: Sinistcha|71/100|[from] item: Sitrus Berry
|-damage|p2b: Kingambit|52/100 brn|[from] item: Life Orb
|move|p1a: Sinistcha|Matcha Gotcha|p2b: Kingambit|[spread] p2a
|-miss|p1a: Sinistcha|p2b: Kingambit
|-damage|p2a: Floette|81/100
|-heal|p1a: Sinistcha|80/100|[from] drain|[of] p2a: Floette
|-status|p2a: Floette|brn
|move|p2a: Floette|Calm Mind|p2a: Floette
|-boost|p2a: Floette|spa|1
|-boost|p2a: Floette|spd|1
|move|p1b: Froslass|Aurora Veil|p1b: Froslass
|-sidestart|p1: ItsYaBoiGuz|move: Aurora Veil
|
|-weather|Snowscape|[upkeep]
|-damage|p2b: Kingambit|47/100 brn|[from] brn
|-damage|p2a: Floette|75/100 brn|[from] brn
|upkeep
|turn|4
|c|☆ItsYaBoiGuz|damn
|c|☆ItsYaBoiGuz|xd
|
|t:|1785975015
|move|p1a: Sinistcha|Rage Powder|p1a: Sinistcha
|-singleturn|p1a: Sinistcha|move: Rage Powder
|move|p2b: Kingambit|Kowtow Cleave|p1a: Sinistcha
|-supereffective|p1a: Sinistcha|1
|-damage|p1a: Sinistcha|49/100
|-damage|p2b: Kingambit|37/100 brn|[from] item: Life Orb
|move|p2a: Floette|Dazzling Gleam|p1b: Froslass|[spread] p1a,p1b
|-damage|p1a: Sinistcha|0 fnt
|-damage|p1b: Froslass|44/100
|faint|p1a: Sinistcha
|move|p1b: Froslass|Blizzard|p2b: Kingambit|[spread] p2a,p2b
|-resisted|p2b: Kingambit|1
|-damage|p2a: Floette|56/100 brn
|-damage|p2b: Kingambit|18/100 brn
|
|-weather|Snowscape|[upkeep]
|-damage|p2b: Kingambit|12/100 brn|[from] brn
|-damage|p2a: Floette|50/100g brn|[from] brn
|upkeep
|
|t:|1785975023
|switch|p1a: Kingambit|Kingambit, L50, M|100/100
|turn|5
|
|t:|1785975032
|move|p2a: Floette|Protect|p2a: Floette
|-singleturn|p2a: Floette|Protect
|move|p2b: Kingambit|Iron Head|p1b: Froslass
|-supereffective|p1b: Froslass|1
|-damage|p1b: Froslass|8/100
|-damage|p2b: Kingambit|3/100 brn|[from] item: Life Orb
|move|p1a: Kingambit|Iron Head|p2a: Floette
|-activate|p2a: Floette|move: Protect
|move|p1b: Froslass|Blizzard|p2b: Kingambit|[spread] p2b
|-activate|p2a: Floette|move: Protect
|-resisted|p2b: Kingambit|1
|-crit|p2b: Kingambit
|-damage|p2b: Kingambit|0 fnt
|faint|p2b: Kingambit
|
|-weather|none
|-damage|p2a: Floette|44/100 brn|[from] brn
|-fieldend|move: Trick Room
|upkeep
|
|t:|1785975036
|switch|p2b: Maushold|Maushold, L50|30/100
|turn|6
|
|t:|1785975046
|move|p2b: Maushold|Feint|p1a: Kingambit
|-resisted|p1a: Kingambit|1
|-damage|p1a: Kingambit|98/100
|move|p1b: Froslass|Blizzard|p2b: Maushold|[spread] p2a
|-miss|p1b: Froslass|p2b: Maushold
|-damage|p2a: Floette|31/100 brn
|move|p2a: Floette|Dazzling Gleam|p1a: Kingambit|[spread] p1a,p1b
|-damage|p1a: Kingambit|48/100
|-damage|p1b: Froslass|0 fnt
|faint|p1b: Froslass
|move|p1a: Kingambit|Kowtow Cleave|p2b: Maushold
|-damage|p2b: Maushold|0 fnt
|faint|p2b: Maushold
|
|-damage|p2a: Floette|25/100 brn|[from] brn
|upkeep
|
|t:|1785975054
|switch|p1b: Sneasler|Sneasler, L50, F|100/100
|turn|7
|
|t:|1785975060
|move|p1b: Sneasler|Fake Out|p2a: Floette
|-damage|p2a: Floette|11/100 brn
|cant|p2a: Floette|flinch
|move|p1a: Kingambit|Iron Head|p2a: Floette
|-supereffective|p2a: Floette|1
|-damage|p2a: Floette|0 fnt
|faint|p2a: Floette
|
|win|ItsYaBoiGuz
||ItsYaBoiGuz is ready for game 2.
||astonished_25 is ready for game 2.
|uhtml|next|Next: Game 2 of 3
