|j|☆M00ncell
|j|☆Sculked
|html|M00ncellSculked    
|uhtml|bestof|Game 2 of a best-of-3
|t:|1783328149
|gametype|doubles
|player|p1|M00ncell|plasmagrunt|
|player|p2|Sculked|will|
|gen|9
|tier|[Gen 9 Champions] VGC 2026 Reg M-B (Bo3)
|rule|Species Clause: Limit one of each Pokémon
|rule|Item Clause: Limit 1 of each item
|clearpoke
|poke|p1|Staraptor, L50, M|
|poke|p1|Whimsicott, L50, M|
|poke|p1|Garchomp, L50, M|
|poke|p1|Basculegion, L50, M|
|poke|p1|Incineroar, L50, F|
|poke|p1|Charizard, L50, M|
|poke|p2|Blastoise, L50, M|
|poke|p2|Meowstic, L50, M|
|poke|p2|Raichu, L50, M|
|poke|p2|Dragonite, L50, F|
|poke|p2|Farigiraf, L50, M, shiny|
|poke|p2|Staraptor, L50, M, shiny|
|teampreview|4
|showteam|p1|Staraptor||Staraptite|Intimidate|CloseCombat,BraveBird,Protect,Roost|Jolly||M|||50|]Whimsicott||FocusSash|Prankster|Moonblast,Tailwind,Encore,Protect|Timid||M|||50|]Garchomp||LifeOrb|RoughSkin|DragonClaw,Protect,Earthquake,RockSlide|Jolly||M|||50|]Basculegion||ChoiceScarf|Adaptability|LastRespects,AquaJet,WaveCrash,FlipTurn|Adamant||M|||50|]Incineroar||SitrusBerry|Intimidate|FakeOut,PartingShot,FlareBlitz,ThroatChop|Careful||F|||50|]Charizard||CharizarditeY|Blaze|Protect,HeatWave,SolarBeam,WeatherBall|Modest||M|||50|
|showteam|p2|Blastoise||WhiteHerb|RainDish|ShellSmash,TerrainPulse,AuraSphere,Protect|Modest||M|||50|]Meowstic||BrightPowder|Prankster|PsychicTerrain,ExpandingForce,BatonPass,CalmMind|Modest||M|||50|]Raichu||RaichuniteY|LightningRod|ZapCannon,Discharge,Protect,FocusBlast|Bold||M|||50|]Dragonite||LifeOrb|Multiscale|IceSpinner,DragonDance,ExtremeSpeed,Earthquake|Jolly||F|||50|]Farigiraf||SitrusBerry|CudChew|PsychicTerrain,EnergyBall,ExpandingForce,Wish|Bold||M|||50|]Staraptor||BlackBelt|Intimidate|CloseCombat,Roost,SteelWing,BlazeKick|Jolly||M|||50|
|
|t:|1783328244
|teamsize|p1|4
|teamsize|p2|4
|start
|switch|p1a: Incineroar|Incineroar, L50, F|100/100
|switch|p1b: Basculegion|Basculegion, L50, M|100/100
|switch|p2a: Meowstic|Meowstic, L50, M|100/100
|switch|p2b: Mocha|Staraptor, L50, M, shiny|100/100
|-ability|p2b: Mocha|Intimidate|boost
|-unboost|p1a: Incineroar|atk|1
|-unboost|p1b: Basculegion|atk|1
|-ability|p1a: Incineroar|Intimidate|boost
|-unboost|p2a: Meowstic|atk|1
|-unboost|p2b: Mocha|atk|1
|turn|1
|
|t:|1783328276
|move|p1a: Incineroar|Fake Out|p2a: Meowstic
|-damage|p2a: Meowstic|91/100
|cant|p2a: Meowstic|flinch
|move|p1b: Basculegion|Flip Turn|p2a: Meowstic|[miss]
|-miss|p1b: Basculegion|p2a: Meowstic
|move|p2b: Mocha|Close Combat|p1a: Incineroar
|-supereffective|p1a: Incineroar|1
|-crit|p1a: Incineroar
|-damage|p1a: Incineroar|0 fnt
|-unboost|p2b: Mocha|def|1
|-unboost|p2b: Mocha|spd|1
|faint|p1a: Incineroar
|
|upkeep
|
|t:|1783328296
|switch|p1a: Charizard|Charizard, L50, M|100/100
|turn|2
|
|t:|1783328312
|switch|p2b: Rhubarb|Farigiraf, L50, M, shiny|100/100
|detailschange|p1a: Charizard|Charizard-Mega-Y, L50, M
|-mega|p1a: Charizard|Charizard|Charizardite Y
|-weather|SunnyDay|[from] ability: Drought|[of] p1a: Charizard
|move|p1a: Charizard|Protect|p1a: Charizard
|-singleturn|p1a: Charizard|Protect
|move|p2a: Meowstic|Calm Mind|p2a: Meowstic
|-boost|p2a: Meowstic|spa|1
|-boost|p2a: Meowstic|spd|1
|move|p1b: Basculegion|Flip Turn|p2b: Rhubarb
|-damage|p2b: Rhubarb|86/100
|
|t:|1783328320
|switch|p1b: Whimsicott|Whimsicott, L50, M|100/100|[from] Flip Turn
|
|-weather|SunnyDay|[upkeep]
|upkeep
|turn|3
|
|t:|1783328345
|switch|p2b: Maple|Raichu, L50, M|100/100
|move|p1b: Whimsicott|Encore|p2a: Meowstic
|-start|p2a: Meowstic|Encore
|move|p2a: Meowstic|Calm Mind|p2a: Meowstic
|-boost|p2a: Meowstic|spa|1
|-boost|p2a: Meowstic|spd|1
|move|p1a: Charizard|Heat Wave|p2a: Meowstic|[spread] p2a,p2b
|-damage|p2a: Meowstic|54/100
|-damage|p2b: Maple|24/100
|
|-weather|SunnyDay|[upkeep]
|upkeep
|turn|4
|
|t:|1783328363
|detailschange|p2b: Maple|Raichu-Mega-Y, L50, M
|-mega|p2b: Maple|Raichu|Raichunite Y
|move|p1a: Charizard|Protect|p1a: Charizard
|-singleturn|p1a: Charizard|Protect
|move|p1b: Whimsicott|Tailwind|p1b: Whimsicott
|-sidestart|p1: M00ncell|move: Tailwind
|move|p2a: Meowstic|Calm Mind|p2a: Meowstic
|-boost|p2a: Meowstic|spa|1
|-boost|p2a: Meowstic|spd|1
|move|p2b: Maple|Zap Cannon|p1a: Charizard
|-activate|p1a: Charizard|move: Protect
|
|-weather|SunnyDay|[upkeep]
|upkeep
|turn|5
|
|t:|1783328381
|switch|p2b: Mocha|Staraptor, L50, M, shiny|100/100
|-ability|p2b: Mocha|Intimidate|boost
|-unboost|p1a: Charizard|atk|1
|-unboost|p1b: Whimsicott|atk|1
|switch|p2a: Rhubarb|Farigiraf, L50, M, shiny|86/100
|move|p1b: Whimsicott|Moonblast|p2b: Mocha
|-damage|p2b: Mocha|47/100
|move|p1a: Charizard|Heat Wave|p2b: Mocha|[spread] p2b
|-miss|p1a: Charizard|p2a: Rhubarb
|-damage|p2b: Mocha|0 fnt
|faint|p2b: Mocha
|
|-weather|SunnyDay|[upkeep]
|upkeep
|
|t:|1783328396
|switch|p2b: Meowstic|Meowstic, L50, M|54/100
|turn|6
|
|t:|1783328432
|move|p2b: Meowstic|Psychic Terrain|p2b: Meowstic
|-fieldstart|move: Psychic Terrain
|move|p1b: Whimsicott|Moonblast|p2b: Meowstic
|-crit|p2b: Meowstic
|-damage|p2b: Meowstic|0 fnt
|faint|p2b: Meowstic
|move|p1a: Charizard|Heat Wave|p2a: Rhubarb
|-damage|p2a: Rhubarb|25/100
|-enditem|p2a: Rhubarb|Sitrus Berry|[eat]
|-heal|p2a: Rhubarb|50/100g|[from] item: Sitrus Berry
|move|p2a: Rhubarb|Wish|p2a: Rhubarb
|
|-weather|none
|upkeep
|
|t:|1783328445
|switch|p2b: Maple|Raichu-Mega-Y, L50, M|24/100
|turn|7
|
|t:|1783328465
|move|p1b: Whimsicott|Encore|p2a: Rhubarb
|-activate|p2a: Rhubarb|move: Psychic Terrain
|move|p1a: Charizard|Heat Wave|p2b: Maple|[spread] p2a,p2b
|-damage|p2a: Rhubarb|19/100
|-damage|p2b: Maple|0 fnt
|faint|p2b: Maple
|move|p2a: Rhubarb|Expanding Force|p1b: Whimsicott|[spread] p1a,p1b
|-damage|p1a: Charizard|65/100
|-damage|p1b: Whimsicott|27/100
|
|-heal|p2a: Rhubarb|69/100|[from] move: Wish|[wisher] Rhubarb
|-sideend|p1: M00ncell|move: Tailwind
|-activate|p2a: Rhubarb|ability: Cud Chew
|-enditem|p2a: Rhubarb|Sitrus Berry|[eat]
|-heal|p2a: Rhubarb|93/100|[from] item: Sitrus Berry
|upkeep
|turn|8
|
|t:|1783328480
|move|p1b: Whimsicott|Moonblast|p2a: Rhubarb
|-damage|p2a: Rhubarb|64/100
|move|p1a: Charizard|Heat Wave|p2a: Rhubarb
|-damage|p2a: Rhubarb|22/100
|move|p2a: Rhubarb|Expanding Force|p1a: Charizard|[spread] p1a,p1b
|-damage|p1a: Charizard|25/100
|-damage|p1b: Whimsicott|0 fnt
|faint|p1b: Whimsicott
|
|upkeep
|
|t:|1783328487
|switch|p1b: Basculegion|Basculegion, L50, M|100/100
|turn|9
|
|t:|1783328494
|move|p1b: Basculegion|Wave Crash|p2a: Rhubarb
|-damage|p2a: Rhubarb|0 fnt
|faint|p2a: Rhubarb
|-damage|p1b: Basculegion|91/100|[from] Recoil
|
|win|M00ncell
|c|☆M00ncell|gg
