|j|â˜†axcoquette
|j|â˜†genkiwashere
|html|axcoquettegenkiwashere    
|uhtml|bestof|Game 2 of a best-of-3
|t:|1783886380
|gametype|doubles
|player|p1|axcoquette|maid|1139
|player|p2|genkiwashere|169|1047
|gen|9
|tier|[Gen 9 Champions] VGC 2026 Reg M-B (Bo3)
|rated|
|rule|Species Clause: Limit one of each PokÃ©mon
|rule|Item Clause: Limit 1 of each item
|clearpoke
|poke|p1|Delphox, L50, M|
|poke|p1|Sneasler, L50, F|
|poke|p1|Sinistcha, L50|
|poke|p1|Incineroar, L50, M|
|poke|p1|Kingambit, L50, M|
|poke|p1|Floette-Eternal, L50, F|
|poke|p2|Gardevoir, L50, M|
|poke|p2|Sylveon, L50, M|
|poke|p2|Primarina, L50, F|
|poke|p2|Rotom-Mow, L50|
|poke|p2|Tauros-Paldea-Blaze, L50, M|
|poke|p2|Dragonite, L50, M|
|teampreview|4
|showteam|p1|Delphox||Delphoxite|Blaze|NastyPlot,HeatWave,Psychic|Timid||M|||50|]Sneasler||FocusSash|PoisonTouch|FakeOut,PoisonJab,CloseCombat,Protect|Jolly||F|||50|]Sinistcha||KasibBerry|Hospitality|Protect,RagePowder,MatchaGotcha,LifeDew|Bold|||||50|]Incineroar||SitrusBerry|Intimidate|FakeOut,FlareBlitz,HelpingHand,PartingShot|Careful||M|||50|]Kingambit||BlackGlasses|Defiant|KowtowCleave,SwordsDance,SuckerPunch,Protect|Adamant||M|||50|]Floette-Eternal||Floettite|FlowerVeil|Moonblast,DazzlingGleam,CalmMind,Protect|Modest||F|||50|
|showteam|p2|Gardevoir||Gardevoirite|Trace|Round,HyperVoice,Thunderbolt,AuraSphere|Timid||M|||50|]Sylveon||KebiaBerry|Pixilate|Round,Roar,HyperVoice,ShadowBall|Modest||M|||50|]Primarina||WacanBerry|LiquidVoice|Round,HyperVoice,IceBeam,WeatherBall|Modest||F|||50|]Rotom-Mow||Leftovers|Levitate|ShadowBall,Thunderbolt,LeafStorm,WillOWisp|Timid|||||50|]Tauros-Paldea-Blaze||ExpertBelt|Intimidate|DrillRun,CloseCombat,RagingBull,FlareBlitz|Jolly||M|||50|]Dragonite||Dragoninite|Multiscale|DracoMeteor,FocusBlast,Hurricane,HydroPump|Modest||M|||50|
|inactive|Battle timer is ON: inactive players will automatically lose when time's up. (requested by axcoquette)
|
|t:|1783886388
|teamsize|p1|4
|teamsize|p2|4
|start
|switch|p1a: Floette|Floette-Eternal, L50, F|100/100
|switch|p1b: Sneasler|Sneasler, L50, F|100/100
|switch|p2a: Dragonite|Dragonite, L50, M|100/100
|switch|p2b: Sylveon|Sylveon, L50, M|100/100
|turn|1
|
|t:|1783886407
|detailschange|p1a: Floette|Floette-Mega, L50, F
|-mega|p1a: Floette|Floette|Floettite
|-ability|p1a: Floette|Fairy Aura
|detailschange|p2a: Dragonite|Dragonite-Mega, L50, M
|-mega|p2a: Dragonite|Dragonite|Dragoninite
|move|p1b: Sneasler|Fake Out|p2a: Dragonite
|-damage|p2a: Dragonite|94/100
|move|p1a: Floette|Calm Mind|p1a: Floette
|-boost|p1a: Floette|spa|1
|-boost|p1a: Floette|spd|1
|cant|p2a: Dragonite|flinch
|move|p2b: Sylveon|Hyper Voice|p1b: Sneasler|[spread] p1a,p1b
|-crit|p1a: Floette
|-damage|p1a: Floette|25/100
|-damage|p1b: Sneasler|28/100
|
|upkeep
|turn|2
|
|t:|1783886428
|move|p1b: Sneasler|Poison Jab|p2b: Sylveon
|-supereffective|p2b: Sylveon|1
|-enditem|p2b: Sylveon|Kebia Berry|[eat]
|-enditem|p2b: Sylveon|Kebia Berry|[weaken]
|-damage|p2b: Sylveon|47/100
|-status|p2b: Sylveon|psn|[from] ability: Poison Touch|[of] p1b: Sneasler
|move|p1a: Floette|Dazzling Gleam|p2a: Dragonite|[spread] p2a,p2b
|-supereffective|p2a: Dragonite|1
|-damage|p2a: Dragonite|0 fnt
|-damage|p2b: Sylveon|3/100 psn
|faint|p2a: Dragonite
|move|p2b: Sylveon|Hyper Voice|p1b: Sneasler|[spread] p1a,p1b
|-damage|p1a: Floette|0 fnt
|-damage|p1b: Sneasler|0 fnt
|faint|p1a: Floette
|faint|p1b: Sneasler
|
|-damage|p2b: Sylveon|0 fnt|[from] psn
|faint|p2b: Sylveon
|upkeep
|
|t:|1783886443
|switch|p1b: Sinistcha|Sinistcha, L50|100/100
|switch|p1a: Kingambit|Kingambit, L50, M|100/100
|switch|p2a: Primarina|Primarina, L50, F|100/100
|switch|p2b: Rotom|Rotom-Mow, L50|100/100
|turn|3
|inactive|axcoquette has 30 seconds left.
|inactive|axcoquette has 20 seconds left.
|
|t:|1783886479
|move|p1a: Kingambit|Sucker Punch|p2a: Primarina
|-resisted|p2a: Primarina|1
|-damage|p2a: Primarina|67/100
|move|p2b: Rotom|Shadow Ball|p1b: Sinistcha
|-supereffective|p1b: Sinistcha|1
|-enditem|p1b: Sinistcha|Kasib Berry|[eat]
|-enditem|p1b: Sinistcha|Kasib Berry|[weaken]
|-damage|p1b: Sinistcha|73/100
|move|p1b: Sinistcha|Matcha Gotcha|p2a: Primarina|[spread] p2a,p2b
|-supereffective|p2a: Primarina|1
|-resisted|p2b: Rotom|1
|-damage|p2a: Primarina|22/100
|-heal|p1b: Sinistcha|96/100|[from] drain|[of] p2a: Primarina
|-damage|p2b: Rotom|82/100
|-heal|p1b: Sinistcha|100/100|[from] drain|[of] p2b: Rotom
|move|p2a: Primarina|Ice Beam|p1b: Sinistcha
|-supereffective|p1b: Sinistcha|1
|-damage|p1b: Sinistcha|25/100
|-status|p1b: Sinistcha|frz
|
|-heal|p2b: Rotom|88/100|[from] item: Leftovers
|upkeep
|turn|4
|c|â˜†genkiwashere|sorry for the freeze
|inactive|genkiwashere has 30 seconds left.
|c|â˜†axcoquette|all good part of the game
|
|t:|1783886509
|move|p1a: Kingambit|Sucker Punch|p2a: Primarina
|-resisted|p2a: Primarina|1
|-damage|p2a: Primarina|0 fnt
|faint|p2a: Primarina
|move|p2b: Rotom|Thunderbolt|p1a: Kingambit
|-damage|p1a: Kingambit|57/100
|-curestatus|p1b: Sinistcha|frz|[from] move: Matcha Gotcha
|move|p1b: Sinistcha|Matcha Gotcha|p2b: Rotom
|-resisted|p2b: Rotom|1
|-damage|p2b: Rotom|68/100
|-heal|p1b: Sinistcha|33/100|[from] drain|[of] p2b: Rotom
|-status|p2b: Rotom|brn
|
|-heal|p2b: Rotom|74/100 brn|[from] item: Leftovers
|-damage|p2b: Rotom|68/100 brn|[from] brn
|upkeep
|turn|5
|inactive|axcoquette has 30 seconds left.
|inactive|genkiwashere has 30 seconds left.
|inactive|genkiwashere has 20 seconds left.
|c|â˜†genkiwashere|trying to experiment with different mons trying to build a round team. I guess I may want to wait for porygon z to be added
|
|t:|1783886548
|move|p1a: Kingambit|Sucker Punch|p2b: Rotom
|-damage|p2b: Rotom|0 fnt
|faint|p2b: Rotom
|
|win|axcoquette
|raw|axcoquette's rating: 1139 → 1158(+19 for winning)
|raw|genkiwashere's rating: 1047 → 1034(-13 for losing)
