|j|☆axew1555
|j|☆JakeL57
|html|axew1555JakeL57    
|uhtml|bestof|Game 1 of a best-of-3
|t:|1783895501
|gametype|doubles
|player|p1|axew1555|2|
|player|p2|JakeL57|266|
|gen|9
|tier|[Gen 9 Champions] VGC 2026 Reg M-B (Bo3)
|rule|Species Clause: Limit one of each Pokémon
|rule|Item Clause: Limit 1 of each item
|clearpoke
|poke|p1|Scovillain, L50, F, shiny|
|poke|p1|Toxapex, L50, F, shiny|
|poke|p1|Glimmora, L50, M, shiny|
|poke|p1|Rotom-Wash, L50, shiny|
|poke|p1|Noivern, L50, M, shiny|
|poke|p1|Volcarona, L50, F, shiny|
|poke|p2|Sinistcha, L50|
|poke|p2|Chesnaught, L50, F|
|poke|p2|Grimmsnarl, L50, M|
|poke|p2|Politoed, L50, M|
|poke|p2|Basculegion, L50, M|
|poke|p2|Archaludon, L50, F|
|teampreview|4
|showteam|p1|Scovillain||Scovillainite|Chlorophyll|FireSpin,LeechSeed,Protect,Flamethrower|Modest||F|||50|]Toxapex||SitrusBerry|Regenerator|WideGuard,BanefulBunker,Infestation,Toxic|Impish||F|||50|]Glimmora||FocusSash|ToxicDebris|MortalSpin,EarthPower,SpikyShield,Venoshock|Modest||M|||50|]Rotom-Wash||ChoiceScarf|Levitate|HydroPump,VoltSwitch,Trick,Electroweb|Modest|||||50|]Noivern||ZoomLens|Infiltrator|DracoMeteor,Tailwind,Hurricane,FocusBlast|Timid||M|||50|]Volcarona||LifeOrb|FlameBody|QuiverDance,HeatWave,BugBuzz,Protect|Modest||F|||50|
|showteam|p2|Sinistcha||SitrusBerry|Hospitality|MatchaGotcha,RagePowder,TrickRoom,Protect|Serious|||||50|]Chesnaught||Chesnaughtite|Bulletproof|SpikyShield,BodyPress,WoodHammer,IronDefense|Impish||F|||50|]Grimmsnarl||LightClay|Prankster|PartingShot,Reflect,LightScreen,SpiritBreak|Careful||M|||50|]Politoed||DampRock|Drizzle|Protect,WeatherBall,PerishSong,Encore|Serious||M|||50|]Basculegion||LifeOrb|SwiftSwim|LastRespects,AquaJet,WaveCrash,Protect|Jolly||M|||50|]Archaludon||Leftovers|Stamina|ElectroShot,FlashCannon,Protect,DragonPulse|Timid||F|||50|
|
|t:|1783895588
|teamsize|p1|4
|teamsize|p2|4
|start
|switch|p1a: Glimmora|Glimmora, L50, M, shiny|100/100
|switch|p1b: Rotom|Rotom-Wash, L50, shiny|100/100
|switch|p2a: Politoed|Politoed, L50, M|100/100
|switch|p2b: Basculegion|Basculegion, L50, M|100/100
|-weather|RainDance|[from] ability: Drizzle|[of] p2a: Politoed
|turn|1
|
|t:|1783895613
|move|p2b: Basculegion|Last Respects|p1b: Rotom
|-damage|p1b: Rotom|64/100
|-damage|p2b: Basculegion|90/100|[from] item: Life Orb
|move|p1b: Rotom|Electroweb|p2a: Politoed|[spread] p2a
|-miss|p1b: Rotom|p2b: Basculegion
|-supereffective|p2a: Politoed|1
|-damage|p2a: Politoed|71/100
|-unboost|p2a: Politoed|spe|1
|move|p1a: Glimmora|Mortal Spin|p2b: Basculegion|[spread] p2a,p2b
|-resisted|p2b: Basculegion|1
|-damage|p2a: Politoed|66/100
|-damage|p2b: Basculegion|87/100
|-status|p2a: Politoed|psn
|-status|p2b: Basculegion|psn
|move|p2a: Politoed|Encore|p1a: Glimmora
|-start|p1a: Glimmora|Encore
|
|-weather|RainDance|[upkeep]
|-damage|p2b: Basculegion|75/100 psn|[from] psn
|-damage|p2a: Politoed|54/100 psn|[from] psn
|upkeep
|turn|2
|
|t:|1783895673
|move|p2a: Politoed|Protect|p2a: Politoed
|-singleturn|p2a: Politoed|Protect
|move|p2b: Basculegion|Wave Crash|p1a: Glimmora
|-supereffective|p1a: Glimmora|1
|-enditem|p1a: Glimmora|Focus Sash
|-damage|p1a: Glimmora|1/100
|-activate|p1a: Glimmora|ability: Toxic Debris
|-sidestart|p2: JakeL57|move: Toxic Spikes
|-damage|p2b: Basculegion|43/100 psn|[from] Recoil
|-damage|p2b: Basculegion|34/100 psn|[from] item: Life Orb
|move|p1b: Rotom|Electroweb|p2a: Politoed|[spread] p2b
|-activate|p2a: Politoed|move: Protect
|-supereffective|p2b: Basculegion|1
|-damage|p2b: Basculegion|0 fnt
|faint|p2b: Basculegion
|move|p1a: Glimmora|Mortal Spin|p2a: Politoed
|-activate|p2a: Politoed|move: Protect
|
|-weather|RainDance|[upkeep]
|-damage|p2a: Politoed|42/100 psn|[from] psn
|upkeep
|
|t:|1783895693
|switch|p2b: Sinistcha|Sinistcha, L50|100/100
|-status|p2b: Sinistcha|psn
|-heal|p2a: Politoed|67/100 psn|[from] ability: Hospitality|[of] p2b: Sinistcha
|turn|3
|
|t:|1783895712
|switch|p1a: Toxapex|Toxapex, L50, F, shiny|100/100
|move|p1b: Rotom|Electroweb|p2a: Politoed|[spread] p2a,p2b
|-supereffective|p2a: Politoed|1
|-resisted|p2b: Sinistcha|1
|-damage|p2a: Politoed|35/100 psn
|-damage|p2b: Sinistcha|87/100 psn
|-unboost|p2a: Politoed|spe|1
|-unboost|p2b: Sinistcha|spe|1
|move|p2b: Sinistcha|Matcha Gotcha|p1a: Toxapex|[spread] p1a,p1b
|-supereffective|p1b: Rotom|1
|-damage|p1a: Toxapex|80/100
|-heal|p2b: Sinistcha|94/100 psn|[from] drain|[of] p1a: Toxapex
|-damage|p1b: Rotom|1/100
|-heal|p2b: Sinistcha|100/100 psn|[from] drain|[of] p1b: Rotom
|-status|p1a: Toxapex|brn
|move|p2a: Politoed|Weather Ball|p1a: Toxapex
|-resisted|p1a: Toxapex|1
|-damage|p1a: Toxapex|56/100 brn
|
|-weather|RainDance|[upkeep]
|-damage|p2b: Sinistcha|87/100 psn|[from] psn
|-damage|p2a: Politoed|23/100 psn|[from] psn
|-damage|p1a: Toxapex|51/100 brn|[from] brn
|upkeep
|turn|4
|
|t:|1783895749
|move|p2a: Politoed|Protect|p2a: Politoed
|-singleturn|p2a: Politoed|Protect
|move|p1b: Rotom|Electroweb|p2a: Politoed|[spread] p2b
|-activate|p2a: Politoed|move: Protect
|-resisted|p2b: Sinistcha|1
|-damage|p2b: Sinistcha|74/100 psn
|-unboost|p2b: Sinistcha|spe|1
|move|p1a: Toxapex|Infestation|p2b: Sinistcha
|-crit|p2b: Sinistcha
|-damage|p2b: Sinistcha|70/100 psn
|-activate|p2b: Sinistcha|move: Infestation|[of] p1a: Toxapex
|move|p2b: Sinistcha|Matcha Gotcha|p1b: Rotom|[spread] p1a,p1b
|-supereffective|p1b: Rotom|1
|-damage|p1a: Toxapex|29/100 brn
|-heal|p2b: Sinistcha|78/100 psn|[from] drain|[of] p1a: Toxapex
|-damage|p1b: Rotom|0 fnt
|-heal|p2b: Sinistcha|78/100 psn|[from] drain|[of] p1b: Rotom
|-enditem|p1a: Toxapex|Sitrus Berry|[eat]
|-heal|p1a: Toxapex|53/100 brn|[from] item: Sitrus Berry
|faint|p1b: Rotom
|
|-weather|RainDance|[upkeep]
|-damage|p2a: Politoed|11/100 psn|[from] psn
|-damage|p2b: Sinistcha|66/100 psn|[from] psn
|-damage|p1a: Toxapex|48/100 brn|[from] brn
|-damage|p2b: Sinistcha|53/100 psn|[from] move: Infestation|[partiallytrapped]
|upkeep
|
|t:|1783895776
|switch|p1b: Glimmora|Glimmora, L50, M, shiny|1/100
|turn|5
|
|t:|1783895795
|move|p1a: Toxapex|Wide Guard|p1a: Toxapex
|-singleturn|p1a: Toxapex|Wide Guard
|move|p1b: Glimmora|Venoshock|p2a: Politoed
|-damage|p2a: Politoed|0 fnt
|faint|p2a: Politoed
|move|p2b: Sinistcha|Matcha Gotcha|p1a: Toxapex|[spread] 
|-activate|p1a: Toxapex|move: Wide Guard
|-activate|p1b: Glimmora|move: Wide Guard
|
|-weather|RainDance|[upkeep]
|-damage|p2b: Sinistcha|41/100 psn|[from] psn
|-damage|p1a: Toxapex|42/100 brn|[from] brn
|-damage|p2b: Sinistcha|29/100 psn|[from] move: Infestation|[partiallytrapped]
|upkeep
|-enditem|p2b: Sinistcha|Sitrus Berry|[eat]
|-heal|p2b: Sinistcha|53/100 psn|[from] item: Sitrus Berry
|
|t:|1783895810
|switch|p2a: Archaludon|Archaludon, L50, F|100/100
|turn|6
|
|t:|1783895831
|move|p1b: Glimmora|Spiky Shield|p1b: Glimmora
|-singleturn|p1b: Glimmora|move: Protect
|move|p2a: Archaludon|Electro Shot||[still]
|-prepare|p2a: Archaludon|Electro Shot
|-boost|p2a: Archaludon|spa|1
|-anim|p2a: Archaludon|Electro Shot|p1a: Toxapex
|-supereffective|p1a: Toxapex|1
|-damage|p1a: Toxapex|0 fnt
|faint|p1a: Toxapex
|move|p2b: Sinistcha|Matcha Gotcha|p1b: Glimmora
|-activate|p1b: Glimmora|move: Protect
|
|-weather|RainDance|[upkeep]
|-damage|p2b: Sinistcha|41/100 psn|[from] psn
|-end|p2b: Sinistcha|Infestation|[partiallytrapped]|[silent]
|upkeep
|
|t:|1783895845
|switch|p1a: Volcarona|Volcarona, L50, F, shiny|100/100
|turn|7
|
|t:|1783895861
|move|p2a: Archaludon|Electro Shot||[still]
|-prepare|p2a: Archaludon|Electro Shot
|-boost|p2a: Archaludon|spa|1
|-anim|p2a: Archaludon|Electro Shot|p1a: Volcarona
|-damage|p1a: Volcarona|10/100
|move|p1a: Volcarona|Heat Wave|p2a: Archaludon|[spread] p2a,p2b
|-supereffective|p2b: Sinistcha|1
|-damage|p2a: Archaludon|61/100
|-damage|p2b: Sinistcha|0 fnt
|-ability|p2a: Archaludon|Stamina|boost
|-boost|p2a: Archaludon|def|1
|faint|p2b: Sinistcha
|-damage|p1a: Volcarona|1/100|[from] item: Life Orb
|move|p1b: Glimmora|Earth Power|p2a: Archaludon
|-supereffective|p2a: Archaludon|1
|-damage|p2a: Archaludon|0 fnt
|faint|p2a: Archaludon
|
|win|axew1555
|inactive|axew1555 has 30 seconds to confirm battle start!
|inactive|JakeL57 has 30 seconds to confirm battle start!
|inactive|axew1555 has 20 seconds to confirm battle start!
|inactive|JakeL57 has 20 seconds to confirm battle start!
|l|☆JakeL57
|player|p2|
|inactive|axew1555 has 10 seconds to confirm battle start!
|inactive|JakeL57 has 10 seconds to confirm battle start!
|l|☆axew1555
|player|p1|
||JakeL57 is ready for game 2.
|inactive|axew1555 has 0 seconds to confirm battle start!
||axew1555 is ready for game 2.
|uhtml|next|Next: Game 2 of 3
|j|☆axew1555
|player|p1|axew1555|2|
|j|☆JakeL57
|player|p2|JakeL57|266|
