|j|☆natsukivgc
|j|☆olafac
|html|natsukivgcolafac    
|uhtml|bestof|Game 3 of a best-of-3
|t:|1785472407
|gametype|doubles
|player|p1|natsukivgc|1|1083
|player|p2|olafac|cyrus|1043
|gen|9
|tier|[Gen 9 Champions] VGC 2026 Reg M-B (Bo3)
|rated|
|rule|Species Clause: Limit one of each Pokémon
|rule|Item Clause: Limit 1 of each item
|clearpoke
|poke|p1|Charizard, L50, F|
|poke|p1|Sneasler, L50, F|
|poke|p1|Kingambit, L50, M|
|poke|p1|Dragonite, L50, M|
|poke|p1|Floette-Eternal, L50, F|
|poke|p1|Whimsicott, L50, M|
|poke|p2|Ceruledge, L50, M|
|poke|p2|Raichu, L50, F|
|poke|p2|Incineroar, L50, M|
|poke|p2|Sylveon, L50, F|
|poke|p2|Lopunny, L50, F|
|poke|p2|Sinistcha, L50|
|teampreview|4
|showteam|p1|Charizard||CharizarditeY|Blaze|HeatWave,SolarBeam,WeatherBall,Protect|Modest||F|||50|]Sneasler||WhiteHerb|Unburden|CloseCombat,DireClaw,FakeOut,Coaching|Jolly||F|||50|]Kingambit||BlackGlasses|Defiant|KowtowCleave,SuckerPunch,SwordsDance,Protect|Adamant||M|||50|]Dragonite||LifeOrb|InnerFocus|DragonClaw,LowKick,ExtremeSpeed,Protect|Adamant||M|||50|]Floette-Eternal||Floettite|FlowerVeil|Moonblast,DazzlingGleam,LightofRuin,Protect|Modest||F|||50|]Whimsicott||FocusSash|Prankster|Moonblast,Tailwind,Encore,Protect|Timid||M|||50|
|showteam|p2|Ceruledge||FocusSash|WeakArmor|BitterBlade,ShadowSneak,SwordsDance,CloseCombat|Jolly||M|||50|]Raichu||RaichuniteY|LightningRod|ZapCannon,FocusBlast,Protect,NastyPlot|Hasty||F|||50|]Incineroar||SitrusBerry|Intimidate|FlareBlitz,PartingShot,FakeOut,DarkestLariat|Adamant||M|||50|]Sylveon||FairyFeather|Pixilate|HyperVoice,HyperBeam,CalmMind,Protect|Modest||F|||50|]Lopunny||Lopunnite|Limber|Acrobatics,FakeOut,CloseCombat,Protect|Jolly||F|||50|]Sinistcha||Leftovers|Hospitality|MatchaGotcha,RagePowder,ShadowBall,Protect|Bold|||||50|
|
|t:|1785472421
|teamsize|p1|4
|teamsize|p2|4
|start
|switch|p1a: Sneasler|Sneasler, L50, F|100/100
|switch|p1b: Dragonite|Dragonite, L50, M|100/100
|switch|p2a: Sylveon|Sylveon, L50, F|100/100
|switch|p2b: Ceruledge|Ceruledge, L50, M|100/100
|turn|1
|
|t:|1785472443
|switch|p1b: Whimsicott|Whimsicott, L50, M|100/100
|move|p2a: Sylveon|Protect|p2a: Sylveon
|-singleturn|p2a: Sylveon|Protect
|move|p1a: Sneasler|Fake Out|p2a: Sylveon
|-activate|p2a: Sylveon|move: Protect
|move|p2b: Ceruledge|Swords Dance|p2b: Ceruledge
|-boost|p2b: Ceruledge|atk|2
|
|upkeep
|turn|2
|
|t:|1785472458
|switch|p2a: Incineroar|Incineroar, L50, M|100/100
|-ability|p2a: Incineroar|Intimidate|boost
|-unboost|p1a: Sneasler|atk|1
|-unboost|p1b: Whimsicott|atk|1
|-enditem|p1a: Sneasler|White Herb
|-clearnegativeboost|p1a: Sneasler|[silent]
|move|p1b: Whimsicott|Encore|p2b: Ceruledge
|-start|p2b: Ceruledge|Encore
|move|p1a: Sneasler|Dire Claw|p2a: Incineroar
|-damage|p2a: Incineroar|56/100
|move|p2b: Ceruledge|Swords Dance|p2b: Ceruledge
|-boost|p2b: Ceruledge|atk|2
|
|upkeep
|turn|3
|
|t:|1785472478
|move|p1a: Sneasler|Close Combat|p2a: Incineroar
|-supereffective|p2a: Incineroar|1
|-damage|p2a: Incineroar|0 fnt
|-unboost|p1a: Sneasler|def|1
|-unboost|p1a: Sneasler|spd|1
|faint|p2a: Incineroar
|move|p1b: Whimsicott|Moonblast|p2b: Ceruledge
|-resisted|p2b: Ceruledge|1
|-damage|p2b: Ceruledge|79/100
|move|p2b: Ceruledge|Swords Dance|p2b: Ceruledge
|-boost|p2b: Ceruledge|atk|2
|
|upkeep
|
|t:|1785472502
|switch|p2a: Sylveon|Sylveon, L50, F|100/100
|turn|4
|
|t:|1785472526
|move|p1b: Whimsicott|Tailwind|p1b: Whimsicott
|-sidestart|p1: natsukivgc|move: Tailwind
|move|p1a: Sneasler|Dire Claw|p2a: Sylveon
|-supereffective|p2a: Sylveon|1
|-damage|p2a: Sylveon|1/100
|move|p2b: Ceruledge|Swords Dance|p2b: Ceruledge
|-boost|p2b: Ceruledge|atk|0
|move|p2a: Sylveon|Hyper Voice|p1a: Sneasler|[spread] p1a,p1b
|-damage|p1a: Sneasler|0 fnt
|-damage|p1b: Whimsicott|16/100
|faint|p1a: Sneasler
|
|-end|p2b: Ceruledge|Encore
|upkeep
|
|t:|1785472541
|switch|p1a: Dragonite|Dragonite, L50, M|100/100
|turn|5
|
|t:|1785472550
|move|p2a: Sylveon|Protect|p2a: Sylveon
|-singleturn|p2a: Sylveon|Protect
|move|p1a: Dragonite|Extreme Speed|p2a: Sylveon
|-activate|p2a: Sylveon|move: Protect
|move|p1b: Whimsicott|Encore|p2b: Ceruledge
|-start|p2b: Ceruledge|Encore
|move|p2b: Ceruledge|Swords Dance|p2b: Ceruledge
|-boost|p2b: Ceruledge|atk|0
|
|upkeep
|turn|6
|
|t:|1785472585
|move|p1b: Whimsicott|Moonblast|p2a: Sylveon
|-damage|p2a: Sylveon|0 fnt
|faint|p2a: Sylveon
|move|p1a: Dragonite|Dragon Claw|p2b: Ceruledge
|-crit|p2b: Ceruledge
|-damage|p2b: Ceruledge|0 fnt
|faint|p2b: Ceruledge
|-damage|p1a: Dragonite|90/100|[from] item: Life Orb
|
|upkeep
|
|t:|1785472591
|switch|p2b: Raichu|Raichu, L50, F|100/100
|turn|7
|
|t:|1785472619
|detailschange|p2b: Raichu|Raichu-Mega-Y, L50, F
|-mega|p2b: Raichu|Raichu|Raichunite Y
|move|p1b: Whimsicott|Protect|p1b: Whimsicott
|-singleturn|p1b: Whimsicott|Protect
|move|p1a: Dragonite|Dragon Claw|p2b: Raichu
|-damage|p2b: Raichu|0 fnt
|faint|p2b: Raichu
|-damage|p1a: Dragonite|81/100|[from] item: Life Orb
|
|win|natsukivgc
|raw|natsukivgc's rating: 1083 → 1107(+24 for winning)
|raw|olafac's rating: 1043 → 1028(-15 for losing)
