|j|☆Bruneauxx
|j|☆chamoy-pt2
|html|Bruneauxxchamoy-pt2    
|uhtml|bestof|Game 3 of a best-of-3
|t:|1756518730
|gametype|doubles
|player|p1|Bruneauxx|fisherman-gen4|1147
|player|p2|chamoy-pt2|riley|1164
|gen|9
|tier|[Gen 9] VGC 2025 Reg H (Bo3)
|rated|
|rule|Species Clause: Limit one of each Pokémon
|rule|Item Clause: Limit 1 of each item
|clearpoke
|poke|p1|Braviary-Hisui, L50, M|
|poke|p1|Sneasler, L50, F|
|poke|p1|Indeedee-F, L50, F|
|poke|p1|Pelipper, L50, M|
|poke|p1|Archaludon, L50, F|
|poke|p1|Garchomp, L50, F|
|poke|p2|Incineroar, L50, M|
|poke|p2|Dragapult, L50, F|
|poke|p2|Whimsicott, L50, F|
|poke|p2|Typhlosion-Hisui, L50, M|
|poke|p2|Annihilape, L50, M|
|poke|p2|Indeedee, L50, M|
|teampreview|4
|showteam|p1|Braviary-Hisui||TwistedSpoon|TintedLens|ExpandingForce,AirSlash,EsperWing,Protect|||M|||50|,,,,,Psychic]Sneasler||PsychicSeed|Unburden|DireClaw,CloseCombat,ThroatChop,Protect|||F|||50|,,,,,Dark]Indeedee-F||SafetyGoggles|PsychicSurge|DazzlingGleam,FollowMe,TrickRoom,HelpingHand|||F|||50|,,,,,Fairy]Pelipper||FocusSash|Drizzle|Hurricane,WeatherBall,Tailwind,Protect|||M|||50|,,,,,Stellar]Archaludon||AssaultVest|Stamina|ElectroShot,Snarl,DragonPulse,BodyPress|||F|||50|,,,,,Grass]Garchomp||ClearAmulet|RoughSkin|Earthquake,ScaleShot,RockSlide,Protect|||F|||50|,,,,,Ground
|showteam|p2|Incineroar||SafetyGoggles|Intimidate|FakeOut,PartingShot,KnockOff,HelpingHand|||M|||50|,,,,,Water]Dragapult||ChoiceBand|ClearBody|DragonDarts,PhantomForce,SuckerPunch,Uturn|||F|||50|,,,,,Dragon]Whimsicott||CovertCloak|Prankster|Tailwind,Moonblast,SunnyDay,BeatUp|||F|||50|,,,,,Water]Typhlosion-Hisui||ChoiceSpecs|Blaze|Eruption,HeatWave,ShadowBall,Overheat|||M|||50|,,,,,Fire]Annihilape||SitrusBerry|Defiant|RageFist,DrainPunch,BulkUp,Protect|||M|||50|,,,,,Fire]Indeedee||FocusSash|PsychicSurge|ExpandingForce,TrickRoom,Imprison,Protect|||M|||50|,,,,,Psychic
|
|t:|1756518761
|teamsize|p1|4
|teamsize|p2|4
|start
|switch|p1a: Indeedee|Indeedee-F, L50, F|100/100
|switch|p1b: Garchomp|Garchomp, L50, F|100/100
|switch|p2a: Whimsicott|Whimsicott, L50, F|100/100
|switch|p2b: Annihilape|Annihilape, L50, M|100/100
|-fieldstart|move: Psychic Terrain|[from] ability: Psychic Surge|[of] p1a: Indeedee
|turn|1
|inactive|Battle timer is ON: inactive players will automatically lose when time's up. (requested by Bruneauxx)
|
|t:|1756518785
|move|p1a: Indeedee|Follow Me|p1a: Indeedee
|-singleturn|p1a: Indeedee|move: Follow Me
|move|p2a: Whimsicott|Moonblast|p1a: Indeedee
|-damage|p1a: Indeedee|75/100
|move|p1b: Garchomp|Scale Shot|p2b: Annihilape
|-damage|p2b: Annihilape|88/100
|-damage|p2b: Annihilape|73/100
|-crit|p2b: Annihilape
|-damage|p2b: Annihilape|54/100
|-crit|p2b: Annihilape
|-damage|p2b: Annihilape|32/100
|-enditem|p2b: Annihilape|Sitrus Berry|[eat]
|-heal|p2b: Annihilape|57/100|[from] item: Sitrus Berry
|-hitcount|p2b: Annihilape|4
|-unboost|p1b: Garchomp|def|1
|-boost|p1b: Garchomp|spe|1
|move|p2b: Annihilape|Bulk Up|p2b: Annihilape
|-boost|p2b: Annihilape|atk|1
|-boost|p2b: Annihilape|def|1
|
|upkeep
|turn|2
|inactive|chamoy-pt2 has 30 seconds left.
|
|t:|1756518817
|switch|p2a: Incineroar|Incineroar, L50, M|100/100
|-ability|p2a: Incineroar|Intimidate|boost
|-unboost|p1a: Indeedee|atk|1
|-fail|p1b: Garchomp|unboost|[from] item: Clear Amulet|[of] p1b: Garchomp
|move|p1a: Indeedee|Follow Me|p1a: Indeedee
|-singleturn|p1a: Indeedee|move: Follow Me
|move|p1b: Garchomp|Scale Shot|p2b: Annihilape
|-damage|p2b: Annihilape|47/100
|-damage|p2b: Annihilape|38/100
|-damage|p2b: Annihilape|28/100
|-hitcount|p2b: Annihilape|3
|-unboost|p1b: Garchomp|def|1
|-boost|p1b: Garchomp|spe|1
|move|p2b: Annihilape|Drain Punch|p1a: Indeedee
|-damage|p1a: Indeedee|24/100
|-heal|p2b: Annihilape|49/100|[from] drain|[of] p1a: Indeedee
|
|upkeep
|turn|3
|
|t:|1756518836
|-terastallize|p1b: Garchomp|Ground
|move|p1a: Indeedee|Helping Hand|p1b: Garchomp
|-singleturn|p1b: Garchomp|Helping Hand|[of] p1a: Indeedee
|move|p2b: Annihilape|Protect|p2b: Annihilape
|-singleturn|p2b: Annihilape|Protect
|move|p1b: Garchomp|Earthquake|p2b: Annihilape|[spread] p1a,p2a
|-activate|p2b: Annihilape|move: Protect
|-supereffective|p2a: Incineroar
|-damage|p1a: Indeedee|0 fnt
|-damage|p2a: Incineroar|0 fnt
|faint|p1a: Indeedee
|faint|p2a: Incineroar
|
|upkeep
|
|t:|1756518847
|switch|p1a: Sneasler|Sneasler, L50, F|100/100
|switch|p2a: Whimsicott|Whimsicott, L50, F|100/100
|-enditem|p1a: Sneasler|Psychic Seed
|-boost|p1a: Sneasler|spd|1|[from] item: Psychic Seed
|turn|4
|
|t:|1756518866
|move|p1a: Sneasler|Protect|p1a: Sneasler
|-singleturn|p1a: Sneasler|Protect
|move|p2a: Whimsicott|Tailwind|p2a: Whimsicott
|-sidestart|p2: chamoy-pt2|move: Tailwind
|move|p1b: Garchomp|Earthquake|p2a: Whimsicott|[spread] p2a,p2b
|-activate|p1a: Sneasler|move: Protect
|-resisted|p2a: Whimsicott
|-damage|p2a: Whimsicott|68/100
|-damage|p2b: Annihilape|13/100
|move|p2b: Annihilape|Rage Fist|p1b: Garchomp
|-damage|p1b: Garchomp|0 fnt
|-damage|p2b: Annihilape|0 fnt|[from] ability: Rough Skin|[of] p1b: Garchomp
|faint|p1b: Garchomp
|faint|p2b: Annihilape
|
|upkeep
|
|t:|1756518880
|switch|p1b: Archaludon|Archaludon, L50, F|100/100
|switch|p2b: Dragapult|Dragapult, L50, F|100/100
|turn|5
|
|t:|1756518898
|-terastallize|p2b: Dragapult|Dragon
|move|p2b: Dragapult|Dragon Darts|p1a: Sneasler
|-damage|p1a: Sneasler|11/100
|-anim|p2b: Dragapult|Dragon Darts|p1b: Archaludon
|-damage|p1b: Archaludon|59/100
|-ability|p1b: Archaludon|Stamina|boost
|-boost|p1b: Archaludon|def|1
|move|p1a: Sneasler|Dire Claw|p2a: Whimsicott
|-supereffective|p2a: Whimsicott
|-damage|p2a: Whimsicott|0 fnt
|faint|p2a: Whimsicott
|move|p1b: Archaludon|Dragon Pulse|p2b: Dragapult
|-supereffective|p2b: Dragapult
|-damage|p2b: Dragapult|0 fnt
|faint|p2b: Dragapult
|
|win|Bruneauxx
|raw|Bruneauxx's rating: 1147 → 1173(+26 for winning)
|raw|chamoy-pt2's rating: 1164 → 1138(-26 for losing)
|l|☆chamoy-pt2
|player|p2|
