|j|☆blizzardspamming
|j|☆GexVGC
|html|blizzardspammingGexVGC    
|uhtml|bestof|Game 2 of a best-of-3
|t:|1783306380
|gametype|doubles
|player|p1|blizzardspamming|clair|1167
|player|p2|GexVGC|169|1199
|gen|9
|tier|[Gen 9 Champions] VGC 2026 Reg M-B (Bo3)
|rated|
|rule|Species Clause: Limit one of each Pokémon
|rule|Item Clause: Limit 1 of each item
|clearpoke
|poke|p1|Gengar, L50, F|
|poke|p1|Ninetales-Alola, L50, F|
|poke|p1|Incineroar, L50, M|
|poke|p1|Gholdengo, L50|
|poke|p1|Sneasler, L50, F|
|poke|p1|Dragonite, L50, M|
|poke|p2|Metagross, L50, shiny|
|poke|p2|Maushold, L50|
|poke|p2|Sneasler, L50, M|
|poke|p2|Blastoise, L50, F|
|poke|p2|Pelipper, L50, F|
|poke|p2|Grimmsnarl, L50, M|
|teampreview|4
|showteam|p1|Gengar||Gengarite|CursedBody|ShadowBall,SludgeBomb,Disable,Protect|Modest||F|||50|]Ninetales-Alola||NeverMeltIce|SnowWarning|Blizzard,FreezeDry,Encore,Protect|Timid||F|||50|]Incineroar||SitrusBerry|Intimidate|FakeOut,FlareBlitz,LashOut,PartingShot|Sassy||M|||50|]Gholdengo||Leftovers|GoodasGold|MakeItRain,ShadowBall,NastyPlot,Protect|Modest|||||50|]Sneasler||FocusSash|PoisonTouch|FakeOut,CloseCombat,DireClaw,Protect|Jolly||F|||50|]Dragonite||Dragoninite|InnerFocus|DracoMeteor,Flamethrower,Thunderbolt,Tailwind|Modest||M|||50|
|showteam|p2|Metagross||Metagrossite|ClearBody|IronDefense,IronHead,PsychicFangs,BodyPress|Jolly|||||50|]Maushold||ChopleBerry|FriendGuard|Feint,FollowMe,Protect,SuperFang|Impish|||||50|]Sneasler||FocusSash|Unburden|CloseCombat,DireClaw,FakeOut,Protect|Jolly||M|||50|]Blastoise||Blastoisinite|RainDish|DarkPulse,Protect,ShellSmash,WaterSpout|Modest||F|||50|]Pelipper||SitrusBerry|Drizzle|WideGuard,Hurricane,MuddyWater,Tailwind|Modest||F|||50|]Grimmsnarl||LightClay|Prankster|FakeOut,Reflect,LightScreen,PartingShot|Careful||M|||50|
|inactive|Battle timer is ON: inactive players will automatically lose when time's up. (requested by GexVGC)
|
|t:|1783306412
|teamsize|p1|4
|teamsize|p2|4
|start
|switch|p1a: Incineroar|Incineroar, L50, M|100/100
|switch|p1b: Dragonite|Dragonite, L50, M|100/100
|switch|p2a: Sneasler|Sneasler, L50, M|100/100
|switch|p2b: Pelipper|Pelipper, L50, F|100/100
|-weather|RainDance|[from] ability: Drizzle|[of] p2b: Pelipper
|-ability|p1a: Incineroar|Intimidate|boost
|-unboost|p2a: Sneasler|atk|1
|-unboost|p2b: Pelipper|atk|1
|turn|1
|
|t:|1783306430
|switch|p2b: Maushold|Maushold, L50|100/100
|switch|p1a: Gholdengo|Gholdengo, L50|100/100
|move|p2a: Sneasler|Fake Out|p1a: Gholdengo
|-immune|p1a: Gholdengo
|move|p1b: Dragonite|Thunderbolt|p2b: Maushold
|-damage|p2b: Maushold|67/100
|
|-weather|RainDance|[upkeep]
|upkeep
|turn|2
|
|t:|1783306450
|switch|p1b: Incineroar|Incineroar, L50, M|100/100
|-ability|p1b: Incineroar|Intimidate|boost
|-unboost|p2a: Sneasler|atk|1
|-unboost|p2b: Maushold|atk|1
|move|p2a: Sneasler|Dire Claw|p1b: Incineroar
|-damage|p1b: Incineroar|81/100
|-status|p1b: Incineroar|psn
|move|p2b: Maushold|Super Fang|p1b: Incineroar
|-damage|p1b: Incineroar|40/100 psn
|-enditem|p1b: Incineroar|Sitrus Berry|[eat]
|-heal|p1b: Incineroar|65/100 psn|[from] item: Sitrus Berry
|move|p1a: Gholdengo|Nasty Plot|p1a: Gholdengo
|-boost|p1a: Gholdengo|spa|2
|
|-weather|RainDance|[upkeep]
|-damage|p1b: Incineroar|53/100 psn|[from] psn
|upkeep
|turn|3
|
|t:|1783306469
|move|p2a: Sneasler|Protect|p2a: Sneasler
|-singleturn|p2a: Sneasler|Protect
|move|p2b: Maushold|Protect|p2b: Maushold
|-singleturn|p2b: Maushold|Protect
|move|p1b: Incineroar|Fake Out|p2a: Sneasler
|-activate|p2a: Sneasler|move: Protect
|move|p1a: Gholdengo|Nasty Plot|p1a: Gholdengo
|-boost|p1a: Gholdengo|spa|2
|
|-weather|RainDance|[upkeep]
|-damage|p1b: Incineroar|40/100 psn|[from] psn
|upkeep
|turn|4
|
|t:|1783306490
|switch|p1b: Sneasler|Sneasler, L50, F|100/100
|move|p2a: Sneasler|Close Combat|p1b: Sneasler
|-resisted|p1b: Sneasler|1
|-damage|p1b: Sneasler|71/100
|-unboost|p2a: Sneasler|def|1
|-unboost|p2a: Sneasler|spd|1
|move|p2b: Maushold|Super Fang|p1b: Sneasler
|-damage|p1b: Sneasler|35/100
|move|p1a: Gholdengo|Make It Rain|p2a: Sneasler|[spread] p2a,p2b
|-crit|p2b: Maushold
|-enditem|p2a: Sneasler|Focus Sash
|-damage|p2a: Sneasler|1/100
|-damage|p2b: Maushold|0 fnt
|-unboost|p1a: Gholdengo|spa|2
|faint|p2b: Maushold
|
|-weather|RainDance|[upkeep]
|upkeep
|inactive|GexVGC has 30 seconds left.
|
|t:|1783306519
|switch|p2b: Pelipper|Pelipper, L50, F|100/100
|turn|5
|
|t:|1783306523
|move|p1b: Sneasler|Fake Out|p2b: Pelipper
|-crit|p2b: Pelipper
|-damage|p2b: Pelipper|76/100
|move|p2a: Sneasler|Close Combat|p1b: Sneasler
|-resisted|p1b: Sneasler|1
|-damage|p1b: Sneasler|10/100
|-unboost|p2a: Sneasler|def|1
|-unboost|p2a: Sneasler|spd|1
|move|p1a: Gholdengo|Shadow Ball|p2b: Pelipper
|-damage|p2b: Pelipper|0 fnt
|faint|p2b: Pelipper
|
|-weather|none
|upkeep
|
|t:|1783306528
|switch|p2b: Blastoise|Blastoise, L50, F|100/100
|turn|6
|inactive|blizzardspamming has 30 seconds left.
|
|t:|1783306554
|detailschange|p2b: Blastoise|Blastoise-Mega, L50, F
|-mega|p2b: Blastoise|Blastoise|Blastoisinite
|move|p1a: Gholdengo|Protect|p1a: Gholdengo
|-singleturn|p1a: Gholdengo|Protect
|move|p2a: Sneasler|Close Combat|p1b: Sneasler
|-resisted|p1b: Sneasler|1
|-damage|p1b: Sneasler|0 fnt
|-unboost|p2a: Sneasler|def|1
|-unboost|p2a: Sneasler|spd|1
|faint|p1b: Sneasler
|move|p2b: Blastoise|Water Spout|p1a: Gholdengo
|-activate|p1a: Gholdengo|move: Protect
|
|upkeep
|
|t:|1783306562
|switch|p1b: Dragonite|Dragonite, L50, M|100/100
|turn|7
|
|t:|1783306583
|switch|p1a: Incineroar|Incineroar, L50, M|40/100 psn
|-ability|p1a: Incineroar|Intimidate|boost
|-unboost|p2a: Sneasler|atk|1
|-unboost|p2b: Blastoise|atk|1
|detailschange|p1b: Dragonite|Dragonite-Mega, L50, M
|-mega|p1b: Dragonite|Dragonite|Dragoninite
|move|p2a: Sneasler|Dire Claw|p1b: Dragonite
|-damage|p1b: Dragonite|92/100
|move|p1b: Dragonite|Tailwind|p1b: Dragonite
|-sidestart|p1: blizzardspamming|move: Tailwind
|move|p2b: Blastoise|Water Spout|p1b: Dragonite|[spread] p1a,p1b
|-supereffective|p1a: Incineroar|1
|-resisted|p1b: Dragonite|1
|-damage|p1a: Incineroar|0 fnt
|-damage|p1b: Dragonite|64/100
|faint|p1a: Incineroar
|
|upkeep
|
|t:|1783306594
|switch|p1a: Gholdengo|Gholdengo, L50|100/100
|turn|8
|
|t:|1783306605
|move|p2b: Blastoise|Protect|p2b: Blastoise
|-singleturn|p2b: Blastoise|Protect
|move|p2a: Sneasler|Dire Claw|p1b: Dragonite
|-damage|p1b: Dragonite|50/100y
|move|p1b: Dragonite|Thunderbolt|p2b: Blastoise
|-activate|p2b: Blastoise|move: Protect
|move|p1a: Gholdengo|Shadow Ball|p2a: Sneasler
|-damage|p2a: Sneasler|0 fnt
|faint|p2a: Sneasler
|
|upkeep
|turn|9
|
|t:|1783306617
|move|p1b: Dragonite|Thunderbolt|p2b: Blastoise
|-supereffective|p2b: Blastoise|1
|-damage|p2b: Blastoise|31/100
|move|p1a: Gholdengo|Shadow Ball|p2b: Blastoise
|-damage|p2b: Blastoise|0 fnt
|faint|p2b: Blastoise
|
|win|blizzardspamming
|raw|blizzardspamming's rating: 1167 → 1194(+27 for winning)
|raw|GexVGC's rating: 1199 → 1172(-27 for losing)
|c|☆GexVGC|gg
|l|☆GexVGC
|player|p2|
