|j|☆beeetch
|j|☆kingambitstan
|html|beeetchkingambitstan    
|uhtml|bestof|Game 2 of a best-of-3
|t:|1784375711
|gametype|doubles
|player|p1|beeetch|169|1110
|player|p2|kingambitstan|rika|1106
|gen|9
|tier|[Gen 9 Champions] VGC 2026 Reg M-B (Bo3)
|rated|
|rule|Species Clause: Limit one of each Pokémon
|rule|Item Clause: Limit 1 of each item
|clearpoke
|poke|p1|Milotic, L50, F|
|poke|p1|Incineroar, L50, F|
|poke|p1|Hydreigon, L50, M|
|poke|p1|Sylveon, L50, M|
|poke|p1|Sneasler, L50, F|
|poke|p1|Aerodactyl, L50, F|
|poke|p2|Incineroar, L50, M|
|poke|p2|Milotic, L50, F|
|poke|p2|Sinistcha-Masterpiece, L50|
|poke|p2|Sylveon, L50, F|
|poke|p2|Metagross, L50|
|poke|p2|Garchomp, L50, F|
|teampreview|4
|showteam|p1|Milotic||Leftovers|Competitive|MuddyWater,Coil,Hypnosis,Protect|Bold||F|||50|]Incineroar||SitrusBerry|Intimidate|FlareBlitz,DarkestLariat,FakeOut,PartingShot|Impish||F|||50|]Hydreigon||ChoiceScarf|Levitate|HeatWave,Snarl,DarkPulse,EarthPower|Modest||M|||50|]Sylveon||FairyFeather|Pixilate|HyperBeam,HyperVoice,QuickAttack,Protect|Modest||M|||50|]Sneasler||WhiteHerb|Unburden|Protect,DireClaw,CloseCombat,FakeOut|Adamant||F|||50|]Aerodactyl||Aerodactylite|Unnerve|Protect,RockSlide,ThunderFang,Tailwind|Jolly||F|||50|
|showteam|p2|Incineroar||SitrusBerry|Intimidate|FlareBlitz,DarkestLariat,FakeOut,PartingShot|Careful||M|||50|]Milotic||Leftovers|Competitive|MuddyWater,Hypnosis,Coil,LifeDew|Bold||F|||50|]Sinistcha-Masterpiece||ColburBerry|Hospitality|MatchaGotcha,RagePowder,TrickRoom,Protect|Bold|||||50|]Sylveon||FairyFeather|Pixilate|HyperVoice,Moonblast,QuickAttack,Protect|Modest||F|||50|]Metagross||Metagrossite|ClearBody|IronHead,PsychicFangs,BrickBreak,Protect|Jolly|||||50|]Garchomp||LifeOrb|RoughSkin|RockSlide,StompingTantrum,DragonClaw,Protect|Jolly||F|||50|
|inactive|Battle timer is ON: inactive players will automatically lose when time's up. (requested by kingambitstan)
|
|t:|1784375721
|teamsize|p1|4
|teamsize|p2|4
|start
|switch|p1a: Milotic|Milotic, L50, F|100/100
|switch|p1b: Sneasler|Sneasler, L50, F|100/100
|switch|p2a: Milotic|Milotic, L50, F|100/100
|switch|p2b: Metagross|Metagross, L50|100/100
|turn|1
|
|t:|1784375732
|detailschange|p2b: Metagross|Metagross-Mega, L50
|-mega|p2b: Metagross|Metagross|Metagrossite
|move|p2b: Metagross|Psychic Fangs|p1b: Sneasler
|-supereffective|p1b: Sneasler|2
|-crit|p1b: Sneasler
|-damage|p1b: Sneasler|0 fnt
|faint|p1b: Sneasler
|move|p2a: Milotic|Coil|p2a: Milotic
|-boost|p2a: Milotic|atk|1
|-boost|p2a: Milotic|def|1
|-boost|p2a: Milotic|accuracy|1
|move|p1a: Milotic|Coil|p1a: Milotic
|-boost|p1a: Milotic|atk|1
|-boost|p1a: Milotic|def|1
|-boost|p1a: Milotic|accuracy|1
|
|upkeep
|
|t:|1784375738
|switch|p1b: Hydreigon|Hydreigon, L50, M|100/100
|turn|2
|
|t:|1784375751
|move|p2b: Metagross|Protect|p2b: Metagross
|-singleturn|p2b: Metagross|Protect
|move|p1b: Hydreigon|Dark Pulse|p2b: Metagross
|-activate|p2b: Metagross|move: Protect
|move|p2a: Milotic|Hypnosis|p1a: Milotic
|-status|p1a: Milotic|slp|[from] move: Hypnosis
|cant|p1a: Milotic|slp
|
|upkeep
|turn|3
|
|t:|1784375762
|switch|p2b: Sylveon|Sylveon, L50, F|100/100
|move|p1b: Hydreigon|Dark Pulse|p2b: Sylveon
|-resisted|p2b: Sylveon|1
|-damage|p2b: Sylveon|85/100
|move|p2a: Milotic|Coil|p2a: Milotic
|-boost|p2a: Milotic|atk|1
|-boost|p2a: Milotic|def|1
|-boost|p2a: Milotic|accuracy|1
|cant|p1a: Milotic|slp
|
|upkeep
|turn|4
|
|t:|1784375772
|switch|p1b: Sylveon|Sylveon, L50, M|100/100
|move|p2a: Milotic|Hypnosis|p1b: Sylveon
|-status|p1b: Sylveon|slp|[from] move: Hypnosis
|-curestatus|p1a: Milotic|slp|[msg]
|move|p1a: Milotic|Coil|p1a: Milotic
|-boost|p1a: Milotic|atk|1
|-boost|p1a: Milotic|def|1
|-boost|p1a: Milotic|accuracy|1
|move|p2b: Sylveon|Hyper Voice|p1a: Milotic|[spread] p1a,p1b
|-damage|p1a: Milotic|67/100
|-damage|p1b: Sylveon|66/100 slp
|
|-heal|p1a: Milotic|73/100|[from] item: Leftovers
|upkeep
|turn|5
|
|t:|1784375782
|move|p2a: Milotic|Hypnosis|p1a: Milotic
|-status|p1a: Milotic|slp|[from] move: Hypnosis
|cant|p1a: Milotic|slp
|cant|p1b: Sylveon|slp
|move|p2b: Sylveon|Hyper Voice|p1b: Sylveon|[spread] p1a,p1b
|-damage|p1a: Milotic|42/100 slp
|-damage|p1b: Sylveon|27/100 slp
|
|-heal|p1a: Milotic|48/100 slp|[from] item: Leftovers
|upkeep
|turn|6
|
|t:|1784375799
|move|p2a: Milotic|Muddy Water|p1a: Milotic|[spread] p1a,p1b
|-resisted|p1a: Milotic|1
|-damage|p1a: Milotic|40/100 slp
|-damage|p1b: Sylveon|7/100 slp
|-unboost|p1a: Milotic|accuracy|1
|-ability|p1a: Milotic|Competitive|boost
|-boost|p1a: Milotic|spa|2
|cant|p1a: Milotic|slp
|cant|p1b: Sylveon|slp
|move|p2b: Sylveon|Hyper Voice|p1a: Milotic|[spread] p1a,p1b
|-damage|p1a: Milotic|10/100 slp
|-damage|p1b: Sylveon|0 fnt
|faint|p1b: Sylveon
|
|-heal|p1a: Milotic|16/100 slp|[from] item: Leftovers
|upkeep
|
|t:|1784375802
|switch|p1b: Hydreigon|Hydreigon, L50, M|100/100
|turn|7
|
|t:|1784375820
|move|p1b: Hydreigon|Dark Pulse|p2a: Milotic
|-damage|p2a: Milotic|70/100
|move|p2a: Milotic|Muddy Water|p1a: Milotic|[spread] p1a,p1b
|-resisted|p1a: Milotic|1
|-crit|p1a: Milotic
|-resisted|p1b: Hydreigon|1
|-damage|p1a: Milotic|4/100 slp
|-damage|p1b: Hydreigon|86/100
|-unboost|p1b: Hydreigon|accuracy|1
|-curestatus|p1a: Milotic|slp|[msg]
|move|p1a: Milotic|Hypnosis|p2b: Sylveon
|-status|p2b: Sylveon|slp|[from] move: Hypnosis
|cant|p2b: Sylveon|slp
|
|-heal|p2a: Milotic|76/100|[from] item: Leftovers
|-heal|p1a: Milotic|10/100|[from] item: Leftovers
|upkeep
|turn|8
|
|t:|1784375838
|cant|p2b: Sylveon|slp
|move|p1b: Hydreigon|Dark Pulse|p2a: Milotic
|-damage|p2a: Milotic|45/100
|move|p2a: Milotic|Muddy Water|p1b: Hydreigon|[spread] p1a,p1b
|-resisted|p1a: Milotic|1
|-resisted|p1b: Hydreigon|1
|-damage|p1a: Milotic|3/100
|-damage|p1b: Hydreigon|73/100
|move|p1a: Milotic|Hypnosis|p2a: Milotic|[miss]
|-miss|p1a: Milotic|p2a: Milotic
|
|-heal|p2a: Milotic|51/100|[from] item: Leftovers
|-heal|p1a: Milotic|9/100|[from] item: Leftovers
|upkeep
|turn|9
|
|t:|1784375856
|move|p1b: Hydreigon|Dark Pulse|p2a: Milotic|[miss]
|-miss|p1b: Hydreigon|p2a: Milotic
|move|p2a: Milotic|Hypnosis|p1a: Milotic
|-status|p1a: Milotic|slp|[from] move: Hypnosis
|cant|p1a: Milotic|slp
|-curestatus|p2b: Sylveon|slp|[msg]
|move|p2b: Sylveon|Hyper Voice|p1b: Hydreigon|[spread] p1a,p1b
|-supereffective|p1b: Hydreigon|2
|-damage|p1a: Milotic|0 fnt
|-damage|p1b: Hydreigon|0 fnt
|faint|p1a: Milotic
|faint|p1b: Hydreigon
|
|win|kingambitstan
