|j|☆mysteriousmeatman
|j|☆DkayMM
|html|mysteriousmeatmanDkayMM    
|uhtml|bestof|Game 3 of a best-of-3
|t:|1756988322
|gametype|doubles
|player|p1|mysteriousmeatman|infielder|1009
|player|p2|DkayMM|1|1000
|gen|9
|tier|[Gen 9] VGC 2025 Reg H (Bo3)
|rated|
|rule|Species Clause: Limit one of each Pokémon
|rule|Item Clause: Limit 1 of each item
|clearpoke
|poke|p1|Honchkrow, L50, M|
|poke|p1|Azumarill, L50, F|
|poke|p1|Incineroar, L50, M|
|poke|p1|Gothitelle, L50, M|
|poke|p1|Weezing-Galar, L50, M|
|poke|p1|Farigiraf, L50, F|
|poke|p2|Charizard, L50, M|
|poke|p2|Torkoal, L50, M|
|poke|p2|Porygon2, L50|
|poke|p2|Incineroar, L50, F|
|poke|p2|Jumpluff, L50, M|
|poke|p2|Ursaluna, L50, M|
|teampreview|4
|showteam|p1|Honchkrow||FocusSash|SuperLuck|NightSlash,SuckerPunch,Protect,PerishSong|||M|||50|,,,,,Dark]Azumarill||SitrusBerry|HugePower|PlayRough,AquaJet,BellyDrum,Protect|||F|||50|,,,,,Water]Incineroar||SafetyGoggles|Intimidate|FakeOut,KnockOff,PartingShot,Protect|||M|||50|,,,,,Ghost]Gothitelle||AbilityShield|ShadowTag|FakeOut,Psychic,TrickRoom,Protect|||M|||50|,,,,,Dark]Weezing-Galar||CovertCloak|NeutralizingGas|DazzlingGleam,SludgeBomb,Haze,Protect|||M|||50|,,,,,Poison]Farigiraf||ThroatSpray|ArmorTail|HyperVoice,TeraBlast,TrickRoom,Protect|||F|||50|,,,,,Dragon
|showteam|p2|Charizard||ChoiceSpecs|SolarPower|HeatWave,Overheat,WeatherBall,AirSlash|||M|||50|,,,,,Ghost]Torkoal||EjectPack|Drought|Eruption,Overheat,HelpingHand,Protect|||M|||50|,,,,,Fire]Porygon2||Eviolite|Download|TeraBlast,IceBeam,Recover,TrickRoom||||||50|,,,,,Fighting]Incineroar||SitrusBerry|Intimidate|FlareBlitz,KnockOff,FakeOut,PartingShot|||F|||50|,,,,,Ghost]Jumpluff||CovertCloak|Chlorophyll|SleepPowder,SunnyDay,RagePowder,Tailwind|||M|||50|,,,,,Water]Ursaluna||FlameOrb|Guts|HeadlongRush,Facade,Earthquake,Protect|||M|||50|,,,,,Ghost
|inactive|Battle timer is ON: inactive players will automatically lose when time's up. (requested by DkayMM)
|
|t:|1756988349
|teamsize|p1|4
|teamsize|p2|4
|start
|switch|p1a: Azumarill|Azumarill, L50, F, shiny|100/100
|switch|p1b: Weezing|Weezing-Galar, L50, M, shiny|100/100
|switch|p2a: Charizard|Charizard, L50, M|100/100
|switch|p2b: Porygon2|Porygon2, L50|100/100
|-ability|p1b: Weezing|Neutralizing Gas
|turn|1
|inactive|DkayMM has 30 seconds left.
|inactive|DkayMM has 20 seconds left.
|inactive|DkayMM has 15 seconds left.
|inactive|DkayMM has 10 seconds left.
|inactive|DkayMM has 5 seconds left.
|
|t:|1756988403
|move|p2a: Charizard|Air Slash|p1a: Azumarill
|-damage|p1a: Azumarill|52/100
|move|p1b: Weezing|Sludge Bomb|p2a: Charizard
|-damage|p2a: Charizard|65/100
|cant|p1a: Azumarill|flinch
|move|p2b: Porygon2|Trick Room|p2b: Porygon2
|-fieldstart|move: Trick Room|[of] p2b: Porygon2
|
|upkeep
|turn|2
|inactive|DkayMM has 30 seconds left.
|
|t:|1756988435
|-terastallize|p1a: Azumarill|Water
|move|p1a: Azumarill|Aqua Jet|p2a: Charizard
|-supereffective|p2a: Charizard
|-damage|p2a: Charizard|18/100
|move|p1b: Weezing|Sludge Bomb|p2b: Porygon2
|-damage|p2b: Porygon2|82/100
|move|p2b: Porygon2|Tera Blast|p1a: Azumarill
|-damage|p1a: Azumarill|12/100
|-enditem|p1a: Azumarill|Sitrus Berry|[eat]
|-heal|p1a: Azumarill|37/100|[from] item: Sitrus Berry
|move|p2a: Charizard|Air Slash|p1a: Azumarill|[miss]
|-miss|p2a: Charizard|p1a: Azumarill
|
|upkeep
|turn|3
|inactive|DkayMM has 30 seconds left.
|
|t:|1756988469
|move|p1a: Azumarill|Play Rough|p2a: Charizard
|-resisted|p2a: Charizard
|-damage|p2a: Charizard|0 fnt
|faint|p2a: Charizard
|move|p1b: Weezing|Sludge Bomb|p2b: Porygon2
|-damage|p2b: Porygon2|63/100
|move|p2b: Porygon2|Tera Blast|p1a: Azumarill
|-damage|p1a: Azumarill|0 fnt
|faint|p1a: Azumarill
|
|upkeep
|
|t:|1756988483
|switch|p1a: Incineroar|Incineroar, L50, M, shiny|100/100
|switch|p2a: Torkoal|Torkoal, L50, M|100/100
|turn|4
|inactive|DkayMM has 30 seconds left.
|
|t:|1756988514
|switch|p2a: Ursaluna|Ursaluna, L50, M|100/100
|move|p1a: Incineroar|Fake Out|p2a: Ursaluna
|-damage|p2a: Ursaluna|92/100
|move|p1b: Weezing|Sludge Bomb|p2b: Porygon2
|-damage|p2b: Porygon2|44/100
|move|p2b: Porygon2|Recover|p2b: Porygon2
|-heal|p2b: Porygon2|94/100
|
|-status|p2a: Ursaluna|brn|[from] item: Flame Orb
|upkeep
|turn|5
|inactive|DkayMM has 30 seconds left.
|
|t:|1756988544
|-terastallize|p2b: Porygon2|Fighting
|move|p1b: Weezing|Sludge Bomb|p2b: Porygon2
|-damage|p2b: Porygon2|75/100
|move|p1a: Incineroar|Parting Shot|p2a: Ursaluna
|-unboost|p2a: Ursaluna|atk|1
|-unboost|p2a: Ursaluna|spa|1
|
|t:|1756988550
|switch|p1a: Honchkrow|Honchkrow, L50, M, shiny|100/100|[from] Parting Shot
|move|p2b: Porygon2|Tera Blast|p1a: Honchkrow|[anim] Tera Blast Fighting
|-damage|p1a: Honchkrow|64/100
|move|p2a: Ursaluna|Headlong Rush|p1b: Weezing
|-supereffective|p1b: Weezing
|-damage|p1b: Weezing|71/100
|-unboost|p2a: Ursaluna|def|1
|-unboost|p2a: Ursaluna|spd|1
|
|-damage|p2a: Ursaluna|86/100 brn|[from] brn
|-fieldend|move: Trick Room
|upkeep
|turn|6
|inactive|DkayMM has 30 seconds left.
|
|t:|1756988576
|switch|p2a: Torkoal|Torkoal, L50, M|100/100
|move|p1a: Honchkrow|Night Slash|p2a: Torkoal
|-damage|p2a: Torkoal|77/100
|move|p1b: Weezing|Sludge Bomb|p2b: Porygon2
|-damage|p2b: Porygon2|58/100
|-status|p2b: Porygon2|psn
|move|p2b: Porygon2|Trick Room|p2b: Porygon2
|-fieldstart|move: Trick Room|[of] p2b: Porygon2
|
|-damage|p2b: Porygon2|45/100 psn|[from] psn
|upkeep
|turn|7
|inactive|DkayMM has 30 seconds left.
|
|t:|1756988611
|move|p1a: Honchkrow|Sucker Punch|p2a: Torkoal
|-damage|p2a: Torkoal|56/100
|move|p2a: Torkoal|Overheat|p1b: Weezing|[miss]
|-miss|p2a: Torkoal|p1b: Weezing
|move|p1b: Weezing|Dazzling Gleam|p2a: Torkoal|[spread] p2a,p2b
|-resisted|p2a: Torkoal
|-crit|p2a: Torkoal
|-supereffective|p2b: Porygon2
|-damage|p2a: Torkoal|38/100
|-damage|p2b: Porygon2|22/100 psn
|move|p2b: Porygon2|Recover|p2b: Porygon2
|-heal|p2b: Porygon2|72/100 psn
|
|-damage|p2b: Porygon2|60/100 psn|[from] psn
|upkeep
|turn|8
|
|t:|1756988633
|move|p1a: Honchkrow|Sucker Punch|p2a: Torkoal
|-damage|p2a: Torkoal|16/100
|move|p2a: Torkoal|Overheat|p1b: Weezing
|-damage|p1b: Weezing|0 fnt
|-unboost|p2a: Torkoal|spa|2
|faint|p1b: Weezing
|-end|p1b: Weezing|ability: Neutralizing Gas
|-weather|SunnyDay|[from] ability: Drought|[of] p2a: Torkoal
|-ability|p2b: Porygon2|Download|boost
|-boost|p2b: Porygon2|atk|1
|-enditem|p2a: Torkoal|Eject Pack
|
|t:|1756988644
|switch|p2a: Ursaluna|Ursaluna, L50, M|86/100 brn
|move|p2b: Porygon2|Ice Beam|p1a: Honchkrow
|-supereffective|p1a: Honchkrow
|-damage|p1a: Honchkrow|11/100
|
|-weather|SunnyDay|[upkeep]
|-damage|p2b: Porygon2|47/100 psn|[from] psn
|-damage|p2a: Ursaluna|80/100 brn|[from] brn
|upkeep
|
|t:|1756988653
|switch|p1b: Incineroar|Incineroar, L50, M, shiny|100/100
|-ability|p1b: Incineroar|Intimidate|boost
|-unboost|p2a: Ursaluna|atk|1
|-unboost|p2b: Porygon2|atk|1
|turn|9
|
|t:|1756988664
|move|p2a: Ursaluna|Protect|p2a: Ursaluna
|-singleturn|p2a: Ursaluna|Protect
|move|p1a: Honchkrow|Protect|p1a: Honchkrow
|-singleturn|p1a: Honchkrow|Protect
|move|p1b: Incineroar|Knock Off|p2a: Ursaluna
|-activate|p2a: Ursaluna|move: Protect
|move|p2b: Porygon2|Recover|p2b: Porygon2
|-heal|p2b: Porygon2|97/100 psn
|
|-weather|SunnyDay|[upkeep]
|-damage|p2b: Porygon2|85/100 psn|[from] psn
|-damage|p2a: Ursaluna|74/100 brn|[from] brn
|upkeep
|turn|10
|
|t:|1756988688
|move|p1a: Honchkrow|Sucker Punch|p2a: Ursaluna
|-damage|p2a: Ursaluna|53/100 brn
|move|p1b: Incineroar|Knock Off|p2a: Ursaluna
|-damage|p2a: Ursaluna|23/100 brn
|-enditem|p2a: Ursaluna|Flame Orb|[from] move: Knock Off|[of] p1b: Incineroar
|move|p2b: Porygon2|Tera Blast|p1b: Incineroar|[anim] Tera Blast Fighting
|-supereffective|p1b: Incineroar
|-damage|p1b: Incineroar|49/100
|move|p2a: Ursaluna|Headlong Rush|p1b: Incineroar
|-supereffective|p1b: Incineroar
|-damage|p1b: Incineroar|0 fnt
|-unboost|p2a: Ursaluna|def|1
|-unboost|p2a: Ursaluna|spd|1
|faint|p1b: Incineroar
|
|-weather|SunnyDay|[upkeep]
|-damage|p2b: Porygon2|72/100 psn|[from] psn
|-damage|p2a: Ursaluna|17/100 brn|[from] brn
|-fieldend|move: Trick Room
|upkeep
|turn|11
|
|t:|1756988706
|move|p1a: Honchkrow|Night Slash|p2a: Ursaluna
|-crit|p2a: Ursaluna
|-damage|p2a: Ursaluna|0 fnt
|faint|p2a: Ursaluna
|move|p2b: Porygon2|Ice Beam|p1a: Honchkrow
|-supereffective|p1a: Honchkrow
|-damage|p1a: Honchkrow|0 fnt
|faint|p1a: Honchkrow
|
|win|DkayMM
|raw|mysteriousmeatman's rating: 1009 → 1000(-9 for losing)
|raw|DkayMM's rating: 1000 → 1041(+41 for winning)
|l|☆mysteriousmeatman
|player|p1|
