|j|☆naibot2814
|j|☆Snowsquall brute
|html|naibot2814Snowsquall brute    
|uhtml|bestof|Game 3 of a best-of-3
|t:|1784262333
|gametype|doubles
|player|p1|naibot2814|colress|1434
|player|p2|Snowsquall brute|170|1386
|gen|9
|tier|[Gen 9 Champions] VGC 2026 Reg M-B (Bo3)
|rated|
|rule|Species Clause: Limit one of each Pokémon
|rule|Item Clause: Limit 1 of each item
|clearpoke
|poke|p1|Blastoise, L50, M|
|poke|p1|Incineroar, L50, M|
|poke|p1|Sneasler, L50, M|
|poke|p1|Sinistcha, L50|
|poke|p1|Kingambit, L50, M, shiny|
|poke|p1|Delphox, L50, F|
|poke|p2|Staraptor, L50, F|
|poke|p2|Glimmora, L50, M|
|poke|p2|Kingambit, L50, F|
|poke|p2|Dragapult, L50, F|
|poke|p2|Rotom-Heat, L50|
|poke|p2|Araquanid, L50, M|
|teampreview|4
|showteam|p1|Blastoise||Blastoisinite|Torrent|WaterSpout,DarkPulse,ShellSmash,Protect|Modest||M|||50|]Incineroar||SitrusBerry|Intimidate|FakeOut,FlareBlitz,DarkestLariat,PartingShot|Careful||M|||50|]Sneasler||FocusSash|PoisonTouch|FakeOut,CloseCombat,PoisonJab,RockTomb|Jolly||M|||50|]Sinistcha||KasibBerry|Hospitality|MatchaGotcha,TrickRoom,RagePowder,Protect|Bold|||||50|]Kingambit||BlackGlasses|Defiant|KowtowCleave,SuckerPunch,SwordsDance,Protect|Adamant||M|||50|]Delphox||Delphoxite|Blaze|HeatWave,Psyshock,NastyPlot,Protect|Timid||F|||50|
|showteam|p2|Staraptor||Staraptite|Intimidate|BraveBird,CloseCombat,Roost,Protect|Impish||F|||50|]Glimmora||Glimmoranite|ToxicDebris|SludgeBomb,PowerGem,EarthPower,SpikyShield|Bold||M|||50|]Kingambit||BlackGlasses|Defiant|IronHead,KowtowCleave,SuckerPunch,Protect|Adamant||F|||50|]Dragapult||FocusSash|CursedBody|DracoMeteor,WillOWisp,Hex,Protect|Timid||F|||50|]Rotom-Heat||PasshoBerry|Levitate|SunnyDay,Overheat,Thunderbolt,Protect|Modest|||||50|]Araquanid||BabiriBerry|WaterBubble|Facade|Serious||M|||50|
|
|t:|1784262344
|teamsize|p1|4
|teamsize|p2|4
|start
|switch|p1a: Blastoise|Blastoise, L50, M|100/100
|switch|p1b: Sinistcha|Sinistcha, L50|100/100
|switch|p2a: Rotom|Rotom-Heat, L50|100/100
|switch|p2b: Staraptor|Staraptor, L50, F|100/100
|-ability|p2b: Staraptor|Intimidate|boost
|-unboost|p1a: Blastoise|atk|1
|-unboost|p1b: Sinistcha|atk|1
|turn|1
|
|t:|1784262364
|switch|p1b: Incineroar|Incineroar, L50, M|100/100
|-ability|p1b: Incineroar|Intimidate|boost
|-unboost|p2a: Rotom|atk|1
|-unboost|p2b: Staraptor|atk|1
|detailschange|p2b: Staraptor|Staraptor-Mega, L50, F
|-mega|p2b: Staraptor|Staraptor|Staraptite
|move|p1a: Blastoise|Protect|p1a: Blastoise
|-singleturn|p1a: Blastoise|Protect
|move|p2b: Staraptor|Brave Bird|p1b: Incineroar
|-damage|p1b: Incineroar|71/100
|-damage|p2b: Staraptor|90/100|[from] Recoil
|move|p2a: Rotom|Sunny Day|p2a: Rotom
|-weather|SunnyDay
|
|-weather|SunnyDay|[upkeep]
|upkeep
|turn|2
|
|t:|1784262369
|detailschange|p1a: Blastoise|Blastoise-Mega, L50, M
|-mega|p1a: Blastoise|Blastoise|Blastoisinite
|move|p1b: Incineroar|Fake Out|p2a: Rotom
|-damage|p2a: Rotom|87/100
|move|p2b: Staraptor|Close Combat|p1a: Blastoise
|-damage|p1a: Blastoise|65/100
|-boost|p2b: Staraptor|def|1
|-boost|p2b: Staraptor|spd|1
|cant|p2a: Rotom|flinch
|move|p1a: Blastoise|Shell Smash|p1a: Blastoise
|-unboost|p1a: Blastoise|def|1
|-unboost|p1a: Blastoise|spd|1
|-boost|p1a: Blastoise|atk|2
|-boost|p1a: Blastoise|spa|2
|-boost|p1a: Blastoise|spe|2
|
|-weather|SunnyDay|[upkeep]
|upkeep
|turn|3
|
|t:|1784262387
|move|p1a: Blastoise|Protect|p1a: Blastoise
|-singleturn|p1a: Blastoise|Protect
|move|p2b: Staraptor|Close Combat|p1a: Blastoise
|-activate|p1a: Blastoise|move: Protect
|move|p2a: Rotom|Overheat|p1b: Incineroar
|-resisted|p1b: Incineroar|1
|-damage|p1b: Incineroar|41/100
|-unboost|p2a: Rotom|spa|2
|-enditem|p1b: Incineroar|Sitrus Berry|[eat]
|-heal|p1b: Incineroar|66/100|[from] item: Sitrus Berry
|move|p1b: Incineroar|Parting Shot|p2b: Staraptor
|-boost|p2b: Staraptor|atk|1
|-boost|p2b: Staraptor|spa|1
|
|t:|1784262394
|switch|p1b: Sinistcha|Sinistcha, L50|100/100|[from] Parting Shot
|-heal|p1a: Blastoise|90/100|[from] ability: Hospitality|[of] p1b: Sinistcha
|
|-weather|SunnyDay|[upkeep]
|upkeep
|turn|4
|
|t:|1784262407
|move|p1b: Sinistcha|Rage Powder|p1b: Sinistcha
|-singleturn|p1b: Sinistcha|move: Rage Powder
|move|p1a: Blastoise|Dark Pulse|p2a: Rotom
|-damage|p2a: Rotom|0 fnt
|faint|p2a: Rotom
|move|p2b: Staraptor|Brave Bird|p1b: Sinistcha
|-supereffective|p1b: Sinistcha|1
|-damage|p1b: Sinistcha|12/100
|-damage|p2b: Staraptor|63/100|[from] Recoil
|
|-weather|SunnyDay|[upkeep]
|upkeep
|
|t:|1784262411
|switch|p2a: Kingambit|Kingambit, L50, F|100/100
|turn|5
|
|t:|1784262420
|move|p1a: Blastoise|Protect|p1a: Blastoise
|-singleturn|p1a: Blastoise|Protect
|move|p1b: Sinistcha|Protect|p1b: Sinistcha
|-singleturn|p1b: Sinistcha|Protect
|move|p2b: Staraptor|Roost|p2b: Staraptor
|-heal|p2b: Staraptor|100/100
|-singleturn|p2b: Staraptor|move: Roost
|move|p2a: Kingambit|Kowtow Cleave|p1a: Blastoise
|-activate|p1a: Blastoise|move: Protect
|
|-weather|none
|upkeep
|turn|6
|
|t:|1784262426
|move|p2a: Kingambit|Protect|p2a: Kingambit
|-singleturn|p2a: Kingambit|Protect
|move|p1b: Sinistcha|Rage Powder|p1b: Sinistcha
|-singleturn|p1b: Sinistcha|move: Rage Powder
|move|p1a: Blastoise|Water Spout|p2b: Staraptor|[spread] p2b
|-activate|p2a: Kingambit|move: Protect
|-damage|p2b: Staraptor|34/100
|move|p2b: Staraptor|Brave Bird|p1b: Sinistcha
|-supereffective|p1b: Sinistcha|1
|-damage|p1b: Sinistcha|0 fnt
|faint|p1b: Sinistcha
|-damage|p2b: Staraptor|30/100|[from] Recoil
|
|upkeep
|
|t:|1784262430
|switch|p1b: Sneasler|Sneasler, L50, M|100/100
|turn|7
|
|t:|1784262433
|switch|p2a: Dragapult|Dragapult, L50, F|100/100
|move|p2b: Staraptor|Protect|p2b: Staraptor
|-singleturn|p2b: Staraptor|Protect
|move|p1b: Sneasler|Fake Out|p2a: Dragapult
|-immune|p2a: Dragapult
|move|p1a: Blastoise|Water Spout|p2a: Dragapult|[spread] p2a
|-activate|p2b: Staraptor|move: Protect
|-resisted|p2a: Dragapult|1
|-damage|p2a: Dragapult|14/100
|
|upkeep
|turn|8
|-message|Snowsquall brute forfeited.
|
|win|naibot2814
|raw|naibot2814's rating: 1434 → 1451(+17 for winning)
|raw|Snowsquall brute's rating: 1386 → 1369(-17 for losing)
|l|☆Snowsquall brute
|player|p2|
