|j|☆huyfgj
|j|☆matrod
|html|huyfgjmatrod    
|uhtml|bestof|Game 1 of a best-of-3
|t:|1756185054
|gametype|doubles
|player|p1|huyfgj|101|1193
|player|p2|matrod|steven|1296
|gen|9
|tier|[Gen 9] VGC 2025 Reg H (Bo3)
|rated|
|rule|Species Clause: Limit one of each Pokémon
|rule|Item Clause: Limit 1 of each item
|clearpoke
|poke|p1|Torkoal, L50, F|
|poke|p1|Indeedee-F, L50, F|
|poke|p1|Hatterene, L50, F|
|poke|p1|Ursaluna, L50, M|
|poke|p1|Garganacl, L50, M|
|poke|p1|Annihilape, L50, M|
|poke|p2|Incineroar, L50, M|
|poke|p2|Amoonguss, L50, M|
|poke|p2|Pelipper, L50, F|
|poke|p2|Archaludon, L50, M|
|poke|p2|Gholdengo, L50|
|poke|p2|Palafin, L50, M|
|teampreview|4
|showteam|p1|Torkoal||ChoiceSpecs|Drought|Eruption,WeatherBall,SolarBeam,EarthPower|||F|||50|,,,,,Fire]Indeedee-F||MentalHerb|PsychicSurge|TrickRoom,HelpingHand,DazzlingGleam,FollowMe|||F|||50|,,,,,Fairy]Hatterene||FocusSash|MagicBounce|ExpandingForce,TrickRoom,Protect,DazzlingGleam|||F|||50|,,,,,Water]Ursaluna||FlameOrb|Guts|Earthquake,Facade,Protect,HeadlongRush|||M|||50|,,,,,Fairy]Garganacl||Leftovers|PurifyingSalt|SaltCure,WideGuard,Recover,Protect|||M|||50|,,,,,Rock]Annihilape||ChoiceScarf|VitalSpirit|FinalGambit,CloseCombat,RageFist,Curse|||M|||50|,,,,,Fighting
|showteam|p2|Incineroar||SafetyGoggles|Intimidate|KnockOff,FakeOut,FlareBlitz,Uturn|||M|||50|,,,,,Water]Amoonguss||SitrusBerry|Regenerator|Spore,Protect,RagePowder,PollenPuff|||M|||50|,,,,,Psychic]Pelipper||FocusSash|Drizzle|MuddyWater,Hurricane,Tailwind,Protect|||F|||50|,,,,,Ground]Archaludon||AssaultVest|Stamina|ElectroShot,DracoMeteor,FlashCannon,BodyPress|||M|||50|,,,,,Bug]Gholdengo||LifeOrb|GoodasGold|MakeItRain,ShadowBall,NastyPlot,Protect||||||50|,,,,,Water]Palafin||MysticWater|ZerotoHero|WaveCrash,JetPunch,Haze,Protect|||M|||50|,,,,,Water
|inactive|Battle timer is ON: inactive players will automatically lose when time's up. (requested by huyfgj)
|
|t:|1756185130
|teamsize|p1|4
|teamsize|p2|4
|start
|switch|p1a: Garganacl|Garganacl, L50, M|100/100
|switch|p1b: Hatterene|Hatterene, L50, F, shiny|100/100
|switch|p2a: Amoonguss|Amoonguss, L50, M, shiny|100/100
|switch|p2b: Gholdengo|Gholdengo, L50|100/100
|turn|1
|inactive|huyfgj has 30 seconds left.
|inactive|matrod has 30 seconds left.
|inactive|huyfgj has 20 seconds left.
|inactive|matrod has 20 seconds left.
|inactive|huyfgj has 15 seconds left.
|
|t:|1756185173
|-terastallize|p1b: Hatterene|Water
|move|p2a: Amoonguss|Protect|p2a: Amoonguss
|-singleturn|p2a: Amoonguss|Protect
|move|p2b: Gholdengo|Nasty Plot|p2b: Gholdengo
|-boost|p2b: Gholdengo|spa|2
|move|p1a: Garganacl|Salt Cure|p2b: Gholdengo
|-resisted|p2b: Gholdengo
|-damage|p2b: Gholdengo|94/100
|-start|p2b: Gholdengo|Salt Cure
|move|p1b: Hatterene|Trick Room|p1b: Hatterene
|-fieldstart|move: Trick Room|[of] p1b: Hatterene
|
|-damage|p2b: Gholdengo|70/100|[from] Salt Cure
|upkeep
|turn|2
|l|☆matrod
|inactive|matrod disconnected and has a minute to reconnect!
|player|p2|
|inactive|huyfgj has 30 seconds left.
|inactive|matrod has 30 seconds left.
|inactive|huyfgj has 20 seconds left.
|inactive|matrod has 20 seconds left.
|inactive|huyfgj has 15 seconds left.
|inactive|matrod has 15 seconds left.
|inactive|matrod has 10 seconds left.
|inactive|matrod has 5 seconds left.
|j|☆matrod
|inactive|matrod reconnected and has 5 seconds left.
|player|p2|matrod|steven|
|
|t:|1756185228
|move|p1b: Hatterene|Protect|p1b: Hatterene
|-singleturn|p1b: Hatterene|Protect
|move|p1a: Garganacl|Salt Cure|p2b: Gholdengo
|-resisted|p2b: Gholdengo
|-damage|p2b: Gholdengo|63/100
|move|p2a: Amoonguss|Spore|p1b: Hatterene
|-activate|p1b: Hatterene|move: Protect
|move|p2b: Gholdengo|Make It Rain|p1a: Garganacl|[spread] p1a
|-activate|p1b: Hatterene|move: Protect
|-supereffective|p1a: Garganacl
|-damage|p1a: Garganacl|0 fnt
|-unboost|p2b: Gholdengo|spa|1
|faint|p1a: Garganacl
|-damage|p2b: Gholdengo|53/100|[from] item: Life Orb
|
|-damage|p2b: Gholdengo|28/100|[from] Salt Cure
|upkeep
|
|t:|1756185244
|switch|p1a: Ursaluna|Ursaluna, L50, M|100/100
|turn|3
|l|☆matrod
|inactive|matrod disconnected and has a minute to reconnect!
|player|p2|
|j|☆matrod
|inactive|matrod reconnected and has 35 seconds left.
|player|p2|matrod|steven|
|inactive|matrod has 30 seconds left.
|
|t:|1756185279
|switch|p2b: Incineroar|Incineroar, L50, M|100/100
|-ability|p2b: Incineroar|Intimidate|boost
|-unboost|p1a: Ursaluna|atk|1
|-unboost|p1b: Hatterene|atk|1
|-terastallize|p2a: Amoonguss|Psychic
|move|p1a: Ursaluna|Protect|p1a: Ursaluna
|-singleturn|p1a: Ursaluna|Protect
|move|p1b: Hatterene|Expanding Force|p2b: Incineroar
|-immune|p2b: Incineroar
|move|p2a: Amoonguss|Spore|p1a: Ursaluna
|-activate|p1a: Ursaluna|move: Protect
|
|-status|p1a: Ursaluna|brn|[from] item: Flame Orb
|upkeep
|turn|4
|inactive|matrod has 30 seconds left.
|
|t:|1756185312
|move|p2b: Incineroar|Fake Out|p1a: Ursaluna
|-damage|p1a: Ursaluna|92/100 brn
|move|p1b: Hatterene|Dazzling Gleam|p2b: Incineroar|[spread] p2a,p2b
|-damage|p2a: Amoonguss|75/100
|-damage|p2b: Incineroar|69/100
|cant|p1a: Ursaluna|flinch
|move|p2a: Amoonguss|Pollen Puff|p2b: Incineroar
|-heal|p2b: Incineroar|100/100
|
|-damage|p1a: Ursaluna|86/100 brn|[from] brn
|upkeep
|turn|5
|
|t:|1756185326
|move|p2a: Amoonguss|Rage Powder|p2a: Amoonguss
|-singleturn|p2a: Amoonguss|move: Rage Powder
|move|p1b: Hatterene|Dazzling Gleam|p2b: Incineroar|[spread] p2a,p2b
|-damage|p2a: Amoonguss|49/100
|-damage|p2b: Incineroar|70/100
|-enditem|p2a: Amoonguss|Sitrus Berry|[eat]
|-heal|p2a: Amoonguss|74/100|[from] item: Sitrus Berry
|move|p1a: Ursaluna|Headlong Rush|p2a: Amoonguss
|-crit|p2a: Amoonguss
|-damage|p2a: Amoonguss|0 fnt
|-unboost|p1a: Ursaluna|def|1
|-unboost|p1a: Ursaluna|spd|1
|faint|p2a: Amoonguss
|move|p2b: Incineroar|Knock Off|p1b: Hatterene
|-damage|p1b: Hatterene|56/100
|-enditem|p1b: Hatterene|Focus Sash|[from] move: Knock Off|[of] p2b: Incineroar
|
|-damage|p1a: Ursaluna|80/100 brn|[from] brn
|-fieldend|move: Trick Room
|upkeep
|
|t:|1756185337
|switch|p2a: Pelipper|Pelipper, L50, F|100/100
|-weather|RainDance|[from] ability: Drizzle|[of] p2a: Pelipper
|turn|6
|
|t:|1756185350
|switch|p1b: Torkoal|Torkoal, L50, F|100/100
|-weather|SunnyDay|[from] ability: Drought|[of] p1b: Torkoal
|move|p2a: Pelipper|Hurricane|p1b: Torkoal
|-damage|p1b: Torkoal|41/100
|move|p2b: Incineroar|U-turn|p1a: Ursaluna
|-damage|p1a: Ursaluna|58/100 brn
|
|t:|1756185357
|switch|p2b: Gholdengo|Gholdengo, L50|28/100|[from] U-turn
|move|p1a: Ursaluna|Headlong Rush|p2b: Gholdengo
|-supereffective|p2b: Gholdengo
|-damage|p2b: Gholdengo|0 fnt
|-unboost|p1a: Ursaluna|def|1
|-unboost|p1a: Ursaluna|spd|1
|faint|p2b: Gholdengo
|
|-weather|SunnyDay|[upkeep]
|-damage|p1a: Ursaluna|52/100 brn|[from] brn
|upkeep
|
|t:|1756185358
|switch|p2b: Incineroar|Incineroar, L50, M|70/100
|-ability|p2b: Incineroar|Intimidate|boost
|-unboost|p1a: Ursaluna|atk|1
|-unboost|p1b: Torkoal|atk|1
|turn|7
|
|t:|1756185366
|switch|p1a: Hatterene|Hatterene, L50, F, shiny, tera:Water|56/100
|move|p2b: Incineroar|Fake Out|p1b: Torkoal
|-damage|p1b: Torkoal|32/100
|move|p2a: Pelipper|Muddy Water|p1a: Hatterene|[spread] p1a,p1b
|-resisted|p1a: Hatterene
|-supereffective|p1b: Torkoal
|-damage|p1a: Hatterene|49/100
|-damage|p1b: Torkoal|0 fnt
|faint|p1b: Torkoal
|
|-weather|SunnyDay|[upkeep]
|upkeep
|
|t:|1756185369
|switch|p1b: Ursaluna|Ursaluna, L50, M|52/100 brn
|turn|8
|inactive|matrod has 30 seconds left.
|inactive|matrod has 20 seconds left.
|inactive|matrod has 15 seconds left.
|inactive|matrod has 10 seconds left.
|inactive|matrod has 5 seconds left.
|
|t:|1756185422
|move|p1a: Hatterene|Protect|p1a: Hatterene
|-singleturn|p1a: Hatterene|Protect
|move|p2a: Pelipper|Muddy Water|p1a: Hatterene|[spread] p1b
|-activate|p1a: Hatterene|move: Protect
|-supereffective|p1b: Ursaluna
|-damage|p1b: Ursaluna|27/100 brn
|-unboost|p1b: Ursaluna|accuracy|1
|move|p2b: Incineroar|Knock Off|p1a: Hatterene
|-activate|p1a: Hatterene|move: Protect
|move|p1b: Ursaluna|Earthquake|p2a: Pelipper|[spread] p2b
|-activate|p1a: Hatterene|move: Protect
|-immune|p2a: Pelipper
|-supereffective|p2b: Incineroar
|-damage|p2b: Incineroar|0 fnt
|faint|p2b: Incineroar
|
|-weather|SunnyDay|[upkeep]
|-damage|p1b: Ursaluna|21/100 brn|[from] brn
|upkeep
|turn|9
|
|t:|1756185442
|move|p2a: Pelipper|Hurricane|p1a: Hatterene
|-damage|p1a: Hatterene|0 fnt
|faint|p1a: Hatterene
|move|p1b: Ursaluna|Facade|p2a: Pelipper
|-enditem|p2a: Pelipper|Focus Sash
|-damage|p2a: Pelipper|1/100
|
|-weather|SunnyDay|[upkeep]
|-damage|p1b: Ursaluna|15/100 brn|[from] brn
|upkeep
|turn|10
|
|t:|1756185450
|move|p2a: Pelipper|Protect|p2a: Pelipper
|-singleturn|p2a: Pelipper|Protect
|move|p1b: Ursaluna|Protect||[still]
|-fail|p1b: Ursaluna
|
|-weather|none
|-damage|p1b: Ursaluna|9/100 brn|[from] brn
|upkeep
|turn|11
|
|t:|1756185455
|move|p2a: Pelipper|Muddy Water|p1b: Ursaluna
|-supereffective|p1b: Ursaluna
|-damage|p1b: Ursaluna|0 fnt
|faint|p1b: Ursaluna
|
|win|matrod
||huyfgj is ready for game 2.
||matrod is ready for game 2.
|uhtml|next|Next: Game 2 of 3
