|j|‽fucc RNG
|j|☆Mikezy
|html|fucc RNGMikezy    
|uhtml|bestof|Game 1 of a best-of-3
|t:|1782402666
|gametype|doubles
|player|p1|fucc RNG|101|1083
|player|p2|Mikezy|266|1000
|gen|9
|tier|[Gen 9 Champions] VGC 2026 Reg M-B (Bo3)
|rated|
|rule|Species Clause: Limit one of each Pokémon
|rule|Item Clause: Limit 1 of each item
|clearpoke
|poke|p1|Talonflame, L50, M|
|poke|p1|Ninetales-Alola, L50, F|
|poke|p1|Sneasler, L50, F|
|poke|p1|Basculegion, L50, M|
|poke|p1|Garchomp, L50, F|
|poke|p1|Raichu, L50, M|
|poke|p2|Tyranitar, L50, M, shiny|
|poke|p2|Hawlucha, L50, M, shiny|
|poke|p2|Sinistcha-Masterpiece, L50, shiny|
|poke|p2|Excadrill, L50, M, shiny|
|poke|p2|Snorlax, L50, M, shiny|
|poke|p2|Incineroar, L50, M, shiny|
|teampreview|4
|showteam|p1|Talonflame||SharpBeak|GaleWings|BraveBird,FlareBlitz,Tailwind,QuickGuard|Jolly||M|||50|]Ninetales-Alola||NeverMeltIce|SnowWarning|Blizzard,FreezeDry,Disable,Protect|Timid||F|||50|]Sneasler||WhiteHerb|Unburden|CloseCombat,DireClaw,FakeOut,Protect|Jolly||F|||50|]Basculegion||FocusSash|Adaptability|LastRespects,Waterfall,AquaJet,Protect|Adamant||M|||50|]Garchomp||LifeOrb|RoughSkin|Earthquake,DragonClaw,RockSlide,Protect|Jolly||F|||50|]Raichu||RaichuniteY|LightningRod|ZapCannon,FocusBlast,Encore,Protect|Timid||M|||50|
|showteam|p2|Tyranitar||Tyranitarite|SandStream|Crunch,KnockOff,IcePunch,Protect|Adamant||M|||50|]Hawlucha||Hawluchanite|Limber|Entrainment,CloseCombat,Protect,BraveBird|Jolly||M|||50|]Sinistcha-Masterpiece||KasibBerry|Hospitality|MatchaGotcha,RagePowder,LifeDew,TrickRoom|Calm|||||50|]Excadrill||FocusSash|SandRush|Earthquake,RockSlide,Protect,IronHead|Adamant||M|||50|]Snorlax||Leftovers|ThickFat|Fissure,BodyPress,Stockpile,Protect|Relaxed||M|||50|]Incineroar||SitrusBerry|Intimidate|FakeOut,PartingShot,FlareBlitz,DarkestLariat|Careful||M|||50|
|inactive|Battle timer is ON: inactive players will automatically lose when time's up. (requested by Mikezy)
|inactive|fucc RNG has 60 seconds left.
|inactive|fucc RNG has 30 seconds left.
|
|t:|1782402736
|teamsize|p1|4
|teamsize|p2|4
|start
|switch|p1a: Sneasler|Sneasler, L50, F|100/100
|switch|p1b: Raichu|Raichu, L50, M|100/100
|switch|p2a: Hawlucha|Hawlucha, L50, M, shiny|100/100
|switch|p2b: Snorlax|Snorlax, L50, M, shiny|100/100
|turn|1
|inactive|fucc RNG has 30 seconds left.
|
|t:|1782402767
|detailschange|p1b: Raichu|Raichu-Mega-Y, L50, M
|-mega|p1b: Raichu|Raichu|Raichunite Y
|move|p2a: Hawlucha|Protect|p2a: Hawlucha
|-singleturn|p2a: Hawlucha|Protect
|move|p2b: Snorlax|Protect|p2b: Snorlax
|-singleturn|p2b: Snorlax|Protect
|move|p1a: Sneasler|Fake Out|p2b: Snorlax
|-activate|p2b: Snorlax|move: Protect
|move|p1b: Raichu|Zap Cannon|p2a: Hawlucha
|-activate|p2a: Hawlucha|move: Protect
|
|upkeep
|turn|2
|inactive|fucc RNG has 30 seconds left.
|
|t:|1782402796
|detailschange|p2a: Hawlucha|Hawlucha-Mega, L50, M, shiny
|-mega|p2a: Hawlucha|Hawlucha|Hawluchanite
|move|p1b: Raichu|Encore|p2a: Hawlucha
|-start|p2a: Hawlucha|Encore
|move|p2a: Hawlucha|Protect||[still]
|-fail|p2a: Hawlucha
|move|p1a: Sneasler|Close Combat|p2b: Snorlax
|-supereffective|p2b: Snorlax|1
|-damage|p2b: Snorlax|36/100
|-unboost|p1a: Sneasler|def|1
|-unboost|p1a: Sneasler|spd|1
|-enditem|p1a: Sneasler|White Herb
|-clearnegativeboost|p1a: Sneasler|[silent]
|move|p2b: Snorlax|Fissure|p1b: Raichu
|-damage|p1b: Raichu|0 fnt
|faint|p1b: Raichu
|-ohko
|
|-heal|p2b: Snorlax|42/100|[from] item: Leftovers
|upkeep
|
|t:|1782402816
|switch|p1b: Basculegion|Basculegion, L50, M|100/100
|turn|3
|
|t:|1782402831
|switch|p2a: Tyranitar|Tyranitar, L50, M, shiny|100/100
|-weather|Sandstorm|[from] ability: Sand Stream|[of] p2a: Tyranitar
|move|p1a: Sneasler|Close Combat|p2b: Snorlax
|-supereffective|p2b: Snorlax|1
|-damage|p2b: Snorlax|0 fnt
|-unboost|p1a: Sneasler|def|1
|-unboost|p1a: Sneasler|spd|1
|faint|p2b: Snorlax
|move|p1b: Basculegion|Last Respects|p2a: Tyranitar
|-resisted|p2a: Tyranitar|1
|-damage|p2a: Tyranitar|73/100
|
|-weather|Sandstorm|[upkeep]
|-damage|p1a: Sneasler|94/100|[from] Sandstorm
|-damage|p1b: Basculegion|93/100|[from] Sandstorm
|upkeep
|
|t:|1782402843
|switch|p2b: Excadrill|Excadrill, L50, M, shiny|100/100
|turn|4
|
|t:|1782402856
|move|p1b: Basculegion|Aqua Jet|p2b: Excadrill
|-supereffective|p2b: Excadrill|1
|-damage|p2b: Excadrill|14/100
|move|p1a: Sneasler|Close Combat|p2b: Excadrill
|-supereffective|p2b: Excadrill|1
|-damage|p2b: Excadrill|0 fnt
|-unboost|p1a: Sneasler|def|1
|-unboost|p1a: Sneasler|spd|1
|faint|p2b: Excadrill
|move|p2a: Tyranitar|Knock Off|p1b: Basculegion
|-supereffective|p1b: Basculegion|1
|-damage|p1b: Basculegion|0 fnt
|-enditem|p1b: Basculegion|Focus Sash|[from] move: Knock Off|[of] p2a: Tyranitar
|faint|p1b: Basculegion
|
|-weather|Sandstorm|[upkeep]
|-damage|p1a: Sneasler|88/100|[from] Sandstorm
|upkeep
|
|t:|1782402863
|switch|p2b: Hawlucha|Hawlucha-Mega, L50, M, shiny|100/100
|switch|p1b: Garchomp|Garchomp, L50, F|100/100
|turn|5
|
|t:|1782402877
|move|p1a: Sneasler|Protect|p1a: Sneasler
|-singleturn|p1a: Sneasler|Protect
|move|p2b: Hawlucha|Brave Bird|p1a: Sneasler
|-activate|p1a: Sneasler|move: Protect
|move|p1b: Garchomp|Dragon Claw|p2b: Hawlucha
|-damage|p2b: Hawlucha|33/100
|-damage|p1b: Garchomp|90/100|[from] item: Life Orb
|move|p2a: Tyranitar|Ice Punch|p1b: Garchomp
|-supereffective|p1b: Garchomp|2
|-damage|p1b: Garchomp|0 fnt
|-damage|p2a: Tyranitar|61/100|[from] ability: Rough Skin|[of] p1b: Garchomp
|faint|p1b: Garchomp
|
|-weather|Sandstorm|[upkeep]
|-damage|p1a: Sneasler|82/100|[from] Sandstorm
|-damage|p2b: Hawlucha|27/100|[from] Sandstorm
|upkeep
|turn|6
|
|t:|1782402895
|move|p1a: Sneasler|Dire Claw|p2b: Hawlucha
|-damage|p2b: Hawlucha|0 fnt
|faint|p2b: Hawlucha
|move|p2a: Tyranitar|Knock Off|p1a: Sneasler
|-resisted|p1a: Sneasler|1
|-damage|p1a: Sneasler|36/100
|
|-weather|Sandstorm|[upkeep]
|-damage|p1a: Sneasler|31/100|[from] Sandstorm
|upkeep
|turn|7
|
|t:|1782402905
|move|p1a: Sneasler|Close Combat|p2a: Tyranitar
|-supereffective|p2a: Tyranitar|2
|-damage|p2a: Tyranitar|0 fnt
|-unboost|p1a: Sneasler|def|1
|-unboost|p1a: Sneasler|spd|1
|faint|p2a: Tyranitar
|
|win|fucc RNG
|raw|fucc RNG's rating: 1083 → 1104(+21 for winning)
|raw|Mikezy's rating: 1000 → 1000(+0 for losing)
|l|☆Mikezy
|player|p2|
