|j|☆mariocansado
|j|☆Daniw9
|html|mariocansadoDaniw9    
|uhtml|bestof|Game 3 of a best-of-3
|t:|1756331562
|gametype|doubles
|player|p1|mariocansado|arven-v|1103
|player|p2|Daniw9|2|1169
|gen|9
|tier|[Gen 9] VGC 2025 Reg H (Bo3)
|rated|
|rule|Species Clause: Limit one of each Pokémon
|rule|Item Clause: Limit 1 of each item
|clearpoke
|poke|p1|Gholdengo, L50|
|poke|p1|Rillaboom, L50, M|
|poke|p1|Dragapult, L50, M|
|poke|p1|Electabuzz, L50, F|
|poke|p1|Volcarona, L50, M|
|poke|p1|Gyarados, L50, F|
|poke|p2|Garchomp, L50, M|
|poke|p2|Tyranitar, L50, F|
|poke|p2|Delphox, L50, F|
|poke|p2|Indeedee-F, L50, F|
|poke|p2|Gallade, L50, M|
|poke|p2|Whimsicott, L50, F|
|teampreview|4
|showteam|p1|Gholdengo||ChoiceScarf|GoodasGold|MakeItRain,ShadowBall,PowerGem,Trick||||||50|,,,,,Steel]Rillaboom||AssaultVest|GrassySurge|FakeOut,WoodHammer,GrassyGlide,Uturn|||M|||50|,,,,,Fire]Dragapult||ChoiceBand|ClearBody|DragonDarts,DragonClaw,PhantomForce,Uturn|||M|||50|,,,,,Dragon]Electabuzz||Eviolite|VitalSpirit|Electroweb,Taunt,FollowMe,Protect|||F|||50|,,,,,Ghost]Volcarona||Leftovers|FlameBody|HeatWave,QuiverDance,Protect,GigaDrain|||M|||50|,,,,,Grass]Gyarados||RockyHelmet|Intimidate|Waterfall,HelpingHand,ThunderWave,Protect|||F|||50|,,,,,Grass
|showteam|p2|Garchomp||LifeOrb|RoughSkin|Earthquake,StompingTantrum,Protect,DragonClaw|||M|||50|,,,,,Steel]Tyranitar||AssaultVest|SandStream|RockSlide,TeraBlast,KnockOff,LowKick|||F|||50|,,,,,Flying]Delphox||PsychicSeed|Magician|ExpandingForce,HeatWave,TeraBlast,Protect|||F|||50|,,,,,Fairy]Indeedee-F||SafetyGoggles|PsychicSurge|DazzlingGleam,TrickRoom,FollowMe,HelpingHand|||F|||50|,,,,,Water]Gallade||ClearAmulet|Sharpness|SacredSword,PsychoCut,TrickRoom,Protect|||M|||50|,,,,,Grass]Whimsicott||CovertCloak|Prankster|Moonblast,Tailwind,Encore,Protect|||F|||50|,,,,,Ghost
|inactive|Battle timer is ON: inactive players will automatically lose when time's up. (requested by Daniw9)
|
|t:|1756331595
|teamsize|p1|4
|teamsize|p2|4
|start
|switch|p1a: Gholdengo|Gholdengo, L50|100/100
|switch|p1b: Dragapult|Dragapult, L50, M|100/100
|switch|p2a: Delphox|Delphox, L50, F|100/100
|switch|p2b: Whimsicott|Whimsicott, L50, F|100/100
|turn|1
|inactive|mariocansado has 30 seconds left.
|
|t:|1756331625
|move|p2a: Delphox|Protect|p2a: Delphox
|-singleturn|p2a: Delphox|Protect
|move|p2b: Whimsicott|Tailwind|p2b: Whimsicott
|-sidestart|p2: Daniw9|move: Tailwind
|move|p1a: Gholdengo|Make It Rain|p2b: Whimsicott|[spread] p2b
|-activate|p2a: Delphox|move: Protect
|-supereffective|p2b: Whimsicott
|-damage|p2b: Whimsicott|0 fnt
|-unboost|p1a: Gholdengo|spa|1
|faint|p2b: Whimsicott
|move|p1b: Dragapult|Dragon Darts|p2a: Delphox
|-activate|p2a: Delphox|move: Protect
|
|upkeep
|
|t:|1756331635
|switch|p2b: Indeedee|Indeedee-F, L50, F|100/100
|-fieldstart|move: Psychic Terrain|[from] ability: Psychic Surge|[of] p2b: Indeedee
|-enditem|p2a: Delphox|Psychic Seed
|-boost|p2a: Delphox|spd|1|[from] item: Psychic Seed
|turn|2
|
|t:|1756331656
|switch|p1a: Big Jerry|Rillaboom, L50, M|100/100
|-fieldstart|move: Grassy Terrain|[from] ability: Grassy Surge|[of] p1a: Big Jerry
|switch|p1b: Gyarados|Gyarados, L50, F|100/100
|-ability|p1b: Gyarados|Intimidate|boost
|-unboost|p2a: Delphox|atk|1
|-unboost|p2b: Indeedee|atk|1
|-terastallize|p2a: Delphox|Fairy
|move|p2b: Indeedee|Helping Hand|p2a: Delphox
|-singleturn|p2a: Delphox|Helping Hand|[of] p2b: Indeedee
|move|p2a: Delphox|Heat Wave|p1a: Big Jerry|[spread] p1a,p1b
|-supereffective|p1a: Big Jerry
|-resisted|p1b: Gyarados
|-damage|p1a: Big Jerry|20/100
|-damage|p1b: Gyarados|78/100
|-item|p2a: Delphox|Assault Vest|[from] ability: Magician|[of] p1a: Big Jerry
|
|-heal|p1a: Big Jerry|26/100|[from] Grassy Terrain
|upkeep
|turn|3
|inactive|mariocansado has 30 seconds left.
|
|t:|1756331682
|switch|p2b: Gallade|Gallade, L50, M|100/100
|move|p1a: Big Jerry|Fake Out|p2a: Delphox
|-damage|p2a: Delphox|81/100
|cant|p2a: Delphox|flinch
|move|p1b: Gyarados|Waterfall|p2b: Gallade
|-damage|p2b: Gallade|47/100
|
|-heal|p2a: Delphox|87/100|[from] Grassy Terrain
|-heal|p2b: Gallade|53/100|[from] Grassy Terrain
|-heal|p1a: Big Jerry|32/100|[from] Grassy Terrain
|upkeep
|turn|4
|inactive|mariocansado has 30 seconds left.
|
|t:|1756331708
|switch|p2b: Indeedee|Indeedee-F, L50, F|100/100
|-fieldstart|move: Psychic Terrain|[from] ability: Psychic Surge|[of] p2b: Indeedee
|move|p2a: Delphox|Expanding Force|p1a: Big Jerry|[spread] p1a,p1b
|-damage|p1a: Big Jerry|0 fnt
|-damage|p1b: Gyarados|29/100
|faint|p1a: Big Jerry
|move|p1b: Gyarados|Waterfall|p2a: Delphox
|-damage|p2a: Delphox|27/100
|
|-sideend|p2: Daniw9|move: Tailwind
|upkeep
|
|t:|1756331715
|switch|p1a: Gholdengo|Gholdengo, L50|100/100
|turn|5
|
|t:|1756331729
|-terastallize|p1a: Gholdengo|Steel
|move|p1a: Gholdengo|Make It Rain|p2a: Delphox|[spread] p2a,p2b
|-supereffective|p2a: Delphox
|-damage|p2a: Delphox|0 fnt
|-damage|p2b: Indeedee|32/100
|-unboost|p1a: Gholdengo|spa|1
|faint|p2a: Delphox
|move|p1b: Gyarados|Waterfall|p2b: Indeedee
|-damage|p2b: Indeedee|0 fnt
|faint|p2b: Indeedee
|
|upkeep
|
|t:|1756331738
|switch|p2b: Gallade|Gallade, L50, M|53/100
|turn|6
|
|t:|1756331745
|switch|p1a: Dragapult|Dragapult, L50, M|100/100
|move|p1b: Gyarados|Waterfall|p2b: Gallade
|-damage|p2b: Gallade|0 fnt
|faint|p2b: Gallade
|
|win|mariocansado
|raw|mariocansado's rating: 1103 → 1133(+30 for winning)
|raw|Daniw9's rating: 1169 → 1139(-30 for losing)
