|j|☆battle sim trainer
|j|‽BigZorby
|html|battle sim trainerBigZorby    
|uhtml|bestof|Game 3 of a best-of-3
|t:|1756426089
|gametype|doubles
|player|p1|battle sim trainer|will|1066
|player|p2|BigZorby|265|1062
|gen|9
|tier|[Gen 9] VGC 2025 Reg H (Bo3)
|rated|
|rule|Species Clause: Limit one of each Pokémon
|rule|Item Clause: Limit 1 of each item
|clearpoke
|poke|p1|Raichu-Alola, L50, M|
|poke|p1|Toxtricity-Low-Key, L50, M|
|poke|p1|Pincurchin, L50, M|
|poke|p1|Araquanid, L50, F|
|poke|p1|Indeedee-F, L50, F|
|poke|p1|Bronzong, L50|
|poke|p2|Oranguru, L50, M|
|poke|p2|Torkoal, L50, M|
|poke|p2|Indeedee-F, L50, F|
|poke|p2|Gholdengo, L50|
|poke|p2|Ursaluna, L50, F|
|poke|p2|Hydreigon, L50, M|
|teampreview|4
|showteam|p1|Raichu-Alola||FocusSash|SurgeSurfer|Thunderbolt,VoltSwitch,FakeOut,ExpandingForce|||M|||50|,,,,,Ghost]Toxtricity-Low-Key||ChoiceSpecs|PunkRock|Overdrive,SludgeWave,Boomburst,Protect|||M|||50|,,,,,Electric]Pincurchin||EjectButton|ElectricSurge|SuckerPunch,RainDance,ZingZap,Protect|||M|||50|,,,,,Ghost]Araquanid||MysticWater|WaterBubble|Liquidation,WideGuard,Soak,Protect|||F|||50|,,,,,Water]Indeedee-F||MentalHerb|PsychicSurge|FollowMe,HelpingHand,TrickRoom,Psychic|||F|||50|,,,,,Ghost]Bronzong||ElectricSeed|Levitate|BodyPress,TrickRoom,Protect,IronDefense||||||50|,,,,,Fire
|showteam|p2|Oranguru||MentalHerb|InnerFocus|TrickRoom,Protect,Instruct,Encore|||M|||50|,,,,,Grass]Torkoal||Charcoal|Drought|BodyPress,Protect,Eruption,Overheat|||M|||50|,,,,,Fire]Indeedee-F||PsychicSeed|PsychicSurge|BatonPass,Protect,FollowMe,HelpingHand|||F|||50|,,,,,Psychic]Gholdengo||LifeOrb|GoodasGold|NastyPlot,ShadowBall,MakeItRain,Protect||||||50|,,,,,Water]Ursaluna||FlameOrb|Guts|Facade,Earthquake,HeadlongRush,Protect|||F|||50|,,,,,Ghost]Hydreigon||ChoiceSpecs|Levitate|DracoMeteor,HeatWave,DarkPulse,FlashCannon|||M|||50|,,,,,Steel
|j| byob rb
|l| byob rb
|
|t:|1756426135
|teamsize|p1|4
|teamsize|p2|4
|start
|switch|p1a: Hug me|Bronzong, L50, shiny|100/100
|switch|p1b: Spoderman|Araquanid, L50, F, shiny|100/100
|switch|p2a: Indeedee|Indeedee-F, L50, F|100/100
|switch|p2b: Hydreigon|Hydreigon, L50, M|100/100
|-fieldstart|move: Psychic Terrain|[from] ability: Psychic Surge|[of] p2a: Indeedee
|-enditem|p2a: Indeedee|Psychic Seed
|-boost|p2a: Indeedee|spd|1|[from] item: Psychic Seed
|turn|1
|
|t:|1756426165
|move|p2a: Indeedee|Helping Hand|p2b: Hydreigon
|-singleturn|p2b: Hydreigon|Helping Hand|[of] p2a: Indeedee
|move|p1a: Hug me|Protect|p1a: Hug me
|-singleturn|p1a: Hug me|Protect
|move|p2b: Hydreigon|Draco Meteor|p1b: Spoderman
|-damage|p1b: Spoderman|0 fnt
|-unboost|p2b: Hydreigon|spa|2
|faint|p1b: Spoderman
|
|upkeep
|c|☆battle sim trainer|ballsy! :O
|
|t:|1756426191
|switch|p1b: Thorn|Pincurchin, L50, M|100/100
|-fieldstart|move: Electric Terrain|[from] ability: Electric Surge|[of] p1b: Thorn
|-enditem|p1a: Hug me|Electric Seed
|-boost|p1a: Hug me|def|1|[from] item: Electric Seed
|turn|2
|
|t:|1756426213
|switch|p2b: Ursaluna|Ursaluna, L50, F|100/100
|-terastallize|p1a: Hug me|Fire
|move|p2a: Indeedee|Baton Pass|p2a: Indeedee
|
|t:|1756426221
|switch|p2a: Torkoal|Torkoal, L50, M|100/100|[from] Baton Pass
|-weather|SunnyDay|[from] ability: Drought|[of] p2a: Torkoal
|move|p1b: Thorn|Zing Zap|p2a: Torkoal
|-damage|p2a: Torkoal|72/100
|move|p1a: Hug me|Trick Room|p1a: Hug me
|-fieldstart|move: Trick Room|[of] p1a: Hug me
|
|-weather|SunnyDay|[upkeep]
|-status|p2b: Ursaluna|brn|[from] item: Flame Orb
|upkeep
|turn|3
|
|t:|1756426252
|move|p1b: Thorn|Rain Dance|p1b: Thorn
|-weather|RainDance
|move|p2a: Torkoal|Eruption|p1b: Thorn|[spread] p1a,p1b
|-resisted|p1a: Hug me
|-damage|p1a: Hug me|92/100
|-damage|p1b: Thorn|79/100
|-enditem|p1b: Thorn|Eject Button
|
|t:|1756426258
|switch|p1b: Hamon|Toxtricity-Low-Key, L50, M|100/100
|move|p1a: Hug me|Iron Defense|p1a: Hug me
|-boost|p1a: Hug me|def|2
|move|p2b: Ursaluna|Facade|p1b: Hamon
|-damage|p1b: Hamon|0 fnt
|faint|p1b: Hamon
|
|-weather|RainDance|[upkeep]
|-damage|p2b: Ursaluna|95/100 brn|[from] brn
|upkeep
|
|t:|1756426268
|switch|p1b: Thorn|Pincurchin, L50, M|79/100
|turn|4
|
|t:|1756426285
|-terastallize|p2b: Ursaluna|Ghost
|move|p1b: Thorn|Zing Zap|p2a: Torkoal
|-damage|p2a: Torkoal|44/100
|move|p2a: Torkoal|Body Press|p1b: Thorn
|-damage|p1b: Thorn|54/100
|move|p1a: Hug me|Body Press|p2b: Ursaluna
|-immune|p2b: Ursaluna
|move|p2b: Ursaluna|Facade|p1b: Thorn
|-damage|p1b: Thorn|0 fnt
|faint|p1b: Thorn
|
|-weather|RainDance|[upkeep]
|-damage|p2b: Ursaluna|89/100 brn|[from] brn
|upkeep
|turn|5
|-message|battle sim trainer forfeited.
|
|win|BigZorby
|raw|battle sim trainer's rating: 1066 → 1046(-20 for losing)
|raw|BigZorby's rating: 1062 → 1093(+31 for winning)
