|j|☆TsukiiVGC
|j|☆kurogamer7
|html|TsukiiVGCkurogamer7    
|uhtml|bestof|Game 1 of a best-of-3
|t:|1757795093
|gametype|doubles
|player|p1|TsukiiVGC|riley|1110
|player|p2|kurogamer7|nate|1036
|gen|9
|tier|[Gen 9] VGC 2025 Reg H (Bo3)
|rated|
|rule|Species Clause: Limit one of each Pokémon
|rule|Item Clause: Limit 1 of each item
|clearpoke
|poke|p1|Garchomp, L50, F|
|poke|p1|Gardevoir, L50, F|
|poke|p1|Talonflame, L50, F|
|poke|p1|Toxtricity, L50, M|
|poke|p1|Tsareena, L50, F|
|poke|p1|Basculegion, L50, M|
|poke|p2|Archaludon, L50, M|
|poke|p2|Tatsugiri-Droopy, L50, M|
|poke|p2|Dondozo, L50, M|
|poke|p2|Grimmsnarl, L50, M|
|poke|p2|Talonflame, L50, M|
|poke|p2|Kilowattrel, L50, M|
|teampreview|4
|showteam|p1|Garchomp||ClearAmulet|RoughSkin|Protect,Earthquake,DragonClaw,StompingTantrum|||F|||50|,,,,,Steel]Gardevoir||FocusSash|Telepathy|Protect,Psychic,TrickRoom,Imprison|||F|||50|,,,,,Ghost]Talonflame||SharpBeak|GaleWings|Protect,BraveBird,WillOWisp,Tailwind|||F|||50|,,,,,Ghost]Toxtricity||ChoiceSpecs|PunkRock|Overdrive,Boomburst,SludgeBomb,VoltSwitch|||M|||50|,,,,,Normal]Tsareena||WideLens|QueenlyMajesty|Protect,PowerWhip,TripleAxel,Taunt|||F|||50|,,,,,Ghost]Basculegion||ChoiceScarf|Adaptability|WaveCrash,LastRespects,FlipTurn,AquaJet|||M|||50|,,,,,Water
|showteam|p2|Archaludon||AssaultVest|Stamina|BodyPress,DragonPulse,Thunderbolt,FlashCannon|||M|||50|,,,,,Steel]Tatsugiri-Droopy||ToxicOrb|Commander|DragonPulse,Protect,IcyWind,Taunt|||M|||50|,,,,,Grass]Dondozo||Leftovers|Unaware|OrderUp,Waterfall,Substitute,Protect|||M|||50|,,,,,Steel]Grimmsnarl||CovertCloak|Prankster|SpiritBreak,Reflect,ThunderWave,LightScreen|||M|||50|,,,,,Dark]Talonflame||SitrusBerry|GaleWings|Protect,FlareBlitz,BraveBird,Tailwind|||M|||50|,,,,,Ghost]Kilowattrel||LifeOrb|WindPower|AirSlash,Discharge,Protect,Thunderbolt|||M|||50|,,,,,Electric
|
|t:|1757795154
|teamsize|p1|4
|teamsize|p2|4
|start
|switch|p1a: Talonflame|Talonflame, L50, F|100/100
|switch|p1b: Toxtricity|Toxtricity, L50, M|100/100
|switch|p2a: Kilowattrel|Kilowattrel, L50, M|100/100
|switch|p2b: Talonflame|Talonflame, L50, M|100/100
|turn|1
|
|t:|1757795186
|move|p1a: Talonflame|Tailwind|p1a: Talonflame
|-sidestart|p1: TsukiiVGC|move: Tailwind
|move|p2b: Talonflame|Tailwind|p2b: Talonflame
|-sidestart|p2: kurogamer7|move: Tailwind
|-start|p2a: Kilowattrel|Charge|Tailwind|[from] ability: Wind Power
|move|p2a: Kilowattrel|Thunderbolt|p1a: Talonflame
|-supereffective|p1a: Talonflame
|-damage|p1a: Talonflame|0 fnt
|faint|p1a: Talonflame
|-damage|p2a: Kilowattrel|91/100|[from] item: Life Orb
|-end|p2a: Kilowattrel|Charge|[silent]
|move|p1b: Toxtricity|Volt Switch|p2b: Talonflame
|-supereffective|p2b: Talonflame
|-damage|p2b: Talonflame|0 fnt
|faint|p2b: Talonflame
|
|t:|1757795200
|switch|p1b: Tsareena|Tsareena, L50, F|100/100|[from] Volt Switch
|
|upkeep
|
|t:|1757795216
|switch|p1a: Garchomp|Garchomp, L50, F|100/100
|switch|p2b: Dondozo|Dondozo, L50, M|100/100
|turn|2
|
|t:|1757795247
|-terastallize|p1a: Garchomp|Steel
|move|p1b: Tsareena|Protect|p1b: Tsareena
|-singleturn|p1b: Tsareena|Protect
|move|p2a: Kilowattrel|Air Slash|p1a: Garchomp
|-resisted|p1a: Garchomp
|-damage|p1a: Garchomp|77/100
|-damage|p2a: Kilowattrel|81/100|[from] item: Life Orb
|move|p1a: Garchomp|Dragon Claw|p2a: Kilowattrel
|-damage|p2a: Kilowattrel|13/100
|move|p2b: Dondozo|Order Up|p1a: Garchomp
|-resisted|p1a: Garchomp
|-damage|p1a: Garchomp|64/100
|
|upkeep
|turn|3
|
|t:|1757795274
|switch|p1b: Toxtricity|Toxtricity, L50, M|100/100
|move|p2b: Dondozo|Protect|p2b: Dondozo
|-singleturn|p2b: Dondozo|Protect
|move|p2a: Kilowattrel|Discharge|p1b: Toxtricity|[spread] p1a,p1b
|-activate|p2b: Dondozo|move: Protect
|-resisted|p1b: Toxtricity
|-damage|p1a: Garchomp|22/100
|-damage|p1b: Toxtricity|73/100
|-damage|p2a: Kilowattrel|4/100|[from] item: Life Orb
|move|p1a: Garchomp|Dragon Claw|p2a: Kilowattrel
|-damage|p2a: Kilowattrel|0 fnt
|faint|p2a: Kilowattrel
|
|upkeep
|
|t:|1757795287
|switch|p2a: Tatsugiri|Tatsugiri-Droopy, L50, M|100/100
|-activate|p2a: Tatsugiri|ability: Commander|[of] p2b: Dondozo
|-boost|p2b: Dondozo|atk|2
|-boost|p2b: Dondozo|spa|2
|-boost|p2b: Dondozo|spe|2
|-boost|p2b: Dondozo|def|2
|-boost|p2b: Dondozo|spd|2
|turn|4
|inactive|Battle timer is ON: inactive players will automatically lose when time's up. (requested by kurogamer7)
|
|t:|1757795321
|move|p1a: Garchomp|Dragon Claw|p2b: Dondozo
|-damage|p2b: Dondozo|88/100
|move|p1b: Toxtricity|Overdrive|p2a: Tatsugiri|[spread] p2b
|-miss|p1b: Toxtricity|p2a: Tatsugiri
|-supereffective|p2b: Dondozo
|-damage|p2b: Dondozo|33/100
|move|p2b: Dondozo|Order Up|p1b: Toxtricity
|-damage|p1b: Toxtricity|0 fnt
|faint|p1b: Toxtricity
|-boost|p2b: Dondozo|def|1
|
|-heal|p2b: Dondozo|39/100|[from] item: Leftovers
|-sideend|p2: kurogamer7|move: Tailwind
|-sideend|p1: TsukiiVGC|move: Tailwind
|-status|p2a: Tatsugiri|tox|[from] item: Toxic Orb
|upkeep
|
|t:|1757795324
|switch|p1b: Tsareena|Tsareena, L50, F|100/100
|turn|5
|
|t:|1757795348
|-terastallize|p2b: Dondozo|Steel
|move|p1a: Garchomp|Protect|p1a: Garchomp
|-singleturn|p1a: Garchomp|Protect
|move|p1b: Tsareena|Power Whip|p2b: Dondozo
|-resisted|p2b: Dondozo
|-damage|p2b: Dondozo|31/100
|move|p2b: Dondozo|Waterfall|p1a: Garchomp
|-activate|p1a: Garchomp|move: Protect
|
|-heal|p2b: Dondozo|37/100|[from] item: Leftovers
|-damage|p2a: Tatsugiri|94/100 tox|[from] psn
|upkeep
|turn|6
|inactive|TsukiiVGC has 30 seconds left.
|inactive|TsukiiVGC has 20 seconds left.
|
|t:|1757795386
|move|p1a: Garchomp|Stomping Tantrum|p2b: Dondozo
|-supereffective|p2b: Dondozo
|-damage|p2b: Dondozo|20/100
|move|p1b: Tsareena|Power Whip|p2b: Dondozo|[miss]
|-miss|p1b: Tsareena|p2b: Dondozo
|move|p2b: Dondozo|Waterfall|p1a: Garchomp
|-damage|p1a: Garchomp|0 fnt
|-damage|p2b: Dondozo|8/100|[from] ability: Rough Skin|[of] p1a: Garchomp
|faint|p1a: Garchomp
|
|-heal|p2b: Dondozo|13/100|[from] item: Leftovers
|-damage|p2a: Tatsugiri|82/100 tox|[from] psn
|upkeep
|turn|7
|
|t:|1757795400
|move|p1b: Tsareena|Power Whip|p2b: Dondozo
|-resisted|p2b: Dondozo
|-damage|p2b: Dondozo|6/100
|move|p2b: Dondozo|Order Up|p1b: Tsareena
|-damage|p1b: Tsareena|44/100
|-boost|p2b: Dondozo|def|1
|
|-heal|p2b: Dondozo|12/100|[from] item: Leftovers
|-damage|p2a: Tatsugiri|64/100 tox|[from] psn
|upkeep
|turn|8
|
|t:|1757795407
|move|p1b: Tsareena|Triple Axel|p2b: Dondozo
|-resisted|p2b: Dondozo
|-damage|p2b: Dondozo|11/100
|-resisted|p2b: Dondozo
|-crit|p2b: Dondozo
|-damage|p2b: Dondozo|6/100
|-resisted|p2b: Dondozo
|-damage|p2b: Dondozo|4/100
|-hitcount|p2b: Dondozo|3
|move|p2b: Dondozo|Order Up|p1b: Tsareena
|-damage|p1b: Tsareena|0 fnt
|faint|p1b: Tsareena
|
|win|kurogamer7
|l|☆kurogamer7
|player|p2|
||TsukiiVGC is ready for game 2.
|inactive|kurogamer7 has 30 seconds to confirm battle start!
