|j|‽EDJPP
|j|☆imsochove
|html|EDJPPimsochove    
|uhtml|bestof|Game 1 of a best-of-3
|t:|1785876399
|gametype|doubles
|player|p1|EDJPP|volkner|1177
|player|p2|imsochove|2|1236
|gen|9
|tier|[Gen 9 Champions] VGC 2026 Reg M-B (Bo3)
|rated|
|rule|Species Clause: Limit one of each Pokémon
|rule|Item Clause: Limit 1 of each item
|clearpoke
|poke|p1|Froslass, L50, F|
|poke|p1|Lycanroc-Dusk, L50, F|
|poke|p1|Sneasler, L50, F|
|poke|p1|Corviknight, L50, F|
|poke|p1|Garchomp, L50, F|
|poke|p1|Tsareena, L50, F|
|poke|p2|Staraptor, L50, F|
|poke|p2|Incineroar, L50, M|
|poke|p2|Toxapex, L50, F|
|poke|p2|Tyranitar, L50, F|
|poke|p2|Excadrill, L50, M|
|poke|p2|Venusaur, L50, F|
|teampreview|4
|showteam|p1|Froslass||Froslassite|SnowCloak|Blizzard,Protect,ShadowBall,AuroraVeil|Timid||F|||50|]Lycanroc-Dusk||ExpertBelt|ToughClaws|Accelerock,CloseCombat,RockSlide,Protect|Adamant||F|||50|]Sneasler||WhiteHerb|Unburden|CloseCombat,FakeOut,DireClaw,Protect|Jolly||F|||50|]Corviknight||Leftovers|MirrorArmor|BraveBird,Tailwind,IronHead,Roost|Adamant||F|||50|]Garchomp||ChoiceScarf|RoughSkin|StompingTantrum,DragonClaw,RockTomb,IronHead|Jolly||F|||50|]Tsareena||WideLens|QueenlyMajesty|Taunt,HighJumpKick,PowerWhip,Protect|Jolly||F|||50|
|showteam|p2|Staraptor||Staraptite|Intimidate|BraveBird,CloseCombat,Roost,Protect|Jolly||F|||50|]Incineroar||SitrusBerry|Intimidate|FakeOut,PartingShot,DarkestLariat,FlareBlitz|Sassy||M|||50|]Toxapex||Leftovers|Regenerator|Infestation,Toxic,WideGuard,BanefulBunker|Bold||F|||50|]Tyranitar||ChoiceScarf|SandStream|RockSlide,KnockOff,IcePunch,LowKick|Jolly||F|||50|]Excadrill||FocusSash|SandRush|HighHorsepower,RockSlide,IronHead,Protect|Jolly||M|||50|]Venusaur||Venusaurite|Overgrow|GigaDrain,EarthPower,SludgeBomb,Protect|Modest||F|||50|
|inactive|Battle timer is ON: inactive players will automatically lose when time's up. (requested by EDJPP)
|inactive|EDJPP has 60 seconds left.
|inactive|EDJPP has 30 seconds left.
|inactive|EDJPP has 20 seconds left.
|inactive|EDJPP has 15 seconds left.
|inactive|EDJPP has 10 seconds left.
|inactive|EDJPP has 5 seconds left.
|
|t:|1785876488
|teamsize|p1|4
|teamsize|p2|4
|start
|switch|p1a: Sneasler|Sneasler, L50, F|100/100
|switch|p1b: Garchomp|Garchomp, L50, F|100/100
|switch|p2a: Toxapex|Toxapex, L50, F|100/100
|switch|p2b: Staraptor|Staraptor, L50, F|100/100
|-ability|p2b: Staraptor|Intimidate|boost
|-unboost|p1a: Sneasler|atk|1
|-unboost|p1b: Garchomp|atk|1
|-enditem|p1a: Sneasler|White Herb
|-clearnegativeboost|p1a: Sneasler|[silent]
|turn|1
|inactive|EDJPP has 30 seconds left.
|inactive|EDJPP has 20 seconds left.
|inactive|EDJPP has 15 seconds left.
|inactive|EDJPP has 10 seconds left.
|
|t:|1785876534
|detailschange|p2b: Staraptor|Staraptor-Mega, L50, F
|-mega|p2b: Staraptor|Staraptor|Staraptite
|move|p2b: Staraptor|Protect|p2b: Staraptor
|-singleturn|p2b: Staraptor|Protect
|move|p2a: Toxapex|Baneful Bunker|p2a: Toxapex
|-singleturn|p2a: Toxapex|move: Protect
|move|p1a: Sneasler|Fake Out|p2a: Toxapex
|-activate|p2a: Toxapex|move: Protect
|move|p1b: Garchomp|Rock Tomb|p2b: Staraptor
|-activate|p2b: Staraptor|move: Protect
|
|upkeep
|turn|2
|
|t:|1785876554
|switch|p2a: Incineroar|Incineroar, L50, M|100/100
|-ability|p2a: Incineroar|Intimidate|boost
|-unboost|p1a: Sneasler|atk|1
|-unboost|p1b: Garchomp|atk|1
|move|p1a: Sneasler|Dire Claw|p2b: Staraptor
|-damage|p2b: Staraptor|74/100
|-status|p2b: Staraptor|slp
|move|p1b: Garchomp|Rock Tomb|p2b: Staraptor
|-damage|p2b: Staraptor|63/100 slp
|-boost|p2b: Staraptor|spe|1
|cant|p2b: Staraptor|slp
|
|upkeep
|turn|3
|
|t:|1785876572
|move|p1a: Sneasler|Close Combat|p2a: Incineroar
|-supereffective|p2a: Incineroar|1
|-damage|p2a: Incineroar|30/100
|-unboost|p1a: Sneasler|def|1
|-unboost|p1a: Sneasler|spd|1
|-enditem|p2a: Incineroar|Sitrus Berry|[eat]
|-heal|p2a: Incineroar|55/100|[from] item: Sitrus Berry
|cant|p2b: Staraptor|slp
|move|p1b: Garchomp|Rock Tomb|p2a: Incineroar
|-supereffective|p2a: Incineroar|1
|-damage|p2a: Incineroar|37/100
|-unboost|p2a: Incineroar|spe|1
|move|p2a: Incineroar|Parting Shot|p1b: Garchomp
|-unboost|p1b: Garchomp|atk|1
|-unboost|p1b: Garchomp|spa|1
|
|t:|1785876584
|switch|p2a: Toxapex|Toxapex, L50, F|100/100|[from] Parting Shot
|
|upkeep
|turn|4
|
|t:|1785876590
|switch|p1a: Froslass|Froslass, L50, F|100/100
|switch|p1b: Corviknight|Corviknight, L50, F|100/100
|-curestatus|p2b: Staraptor|slp|[msg]
|move|p2b: Staraptor|Close Combat|p1a: Froslass
|-immune|p1a: Froslass
|move|p2a: Toxapex|Infestation|p1b: Corviknight
|-resisted|p1b: Corviknight|2
|-damage|p1b: Corviknight|99/100
|-activate|p1b: Corviknight|move: Infestation|[of] p2a: Toxapex
|
|-heal|p1b: Corviknight|100/100|[from] item: Leftovers
|-damage|p1b: Corviknight|87/100|[from] move: Infestation|[partiallytrapped]
|upkeep
|turn|5
|
|t:|1785876609
|move|p1a: Froslass|Protect|p1a: Froslass
|-singleturn|p1a: Froslass|Protect
|move|p2a: Toxapex|Wide Guard|p2a: Toxapex
|-singleturn|p2a: Toxapex|Wide Guard
|move|p2b: Staraptor|Close Combat|p1b: Corviknight
|-damage|p1b: Corviknight|43/100
|-boost|p2b: Staraptor|def|1
|-boost|p2b: Staraptor|spd|1
|move|p1b: Corviknight|Tailwind|p1b: Corviknight
|-sidestart|p1: EDJPP|move: Tailwind
|
|-heal|p1b: Corviknight|49/100|[from] item: Leftovers
|-damage|p1b: Corviknight|37/100|[from] move: Infestation|[partiallytrapped]
|upkeep
|turn|6
|
|t:|1785876627
|detailschange|p1a: Froslass|Froslass-Mega, L50, F
|-mega|p1a: Froslass|Froslass|Froslassite
|-weather|Snowscape|[from] ability: Snow Warning|[of] p1a: Froslass
|move|p1a: Froslass|Shadow Ball|p2a: Toxapex
|-damage|p2a: Toxapex|66/100
|move|p2b: Staraptor|Close Combat|p1b: Corviknight
|-damage|p1b: Corviknight|0 fnt
|-boost|p2b: Staraptor|def|1
|-boost|p2b: Staraptor|spd|1
|faint|p1b: Corviknight
|move|p2a: Toxapex|Infestation|p1a: Froslass
|-resisted|p1a: Froslass|1
|-damage|p1a: Froslass|97/100
|-activate|p1a: Froslass|move: Infestation|[of] p2a: Toxapex
|
|-weather|Snowscape|[upkeep]
|-heal|p2a: Toxapex|72/100|[from] item: Leftovers
|-damage|p1a: Froslass|85/100|[from] move: Infestation|[partiallytrapped]
|upkeep
|
|t:|1785876633
|switch|p1b: Sneasler|Sneasler, L50, F|100/100
|turn|7
|
|t:|1785876657
|move|p2b: Staraptor|Protect|p2b: Staraptor
|-singleturn|p2b: Staraptor|Protect
|move|p2a: Toxapex|Baneful Bunker|p2a: Toxapex
|-singleturn|p2a: Toxapex|move: Protect
|move|p1b: Sneasler|Dire Claw|p2b: Staraptor
|-activate|p2b: Staraptor|move: Protect
|move|p1a: Froslass|Shadow Ball|p2b: Staraptor
|-activate|p2b: Staraptor|move: Protect
|
|-weather|Snowscape|[upkeep]
|-heal|p2a: Toxapex|78/100|[from] item: Leftovers
|-damage|p1a: Froslass|73/100|[from] move: Infestation|[partiallytrapped]
|upkeep
|turn|8
|
|t:|1785876674
|-heal|p2a: Toxapex|100/100|[from] ability: Regenerator|[silent]
|switch|p2a: Tyranitar|Tyranitar, L50, F|100/100
|-weather|Sandstorm|[from] ability: Sand Stream|[of] p2a: Tyranitar
|move|p1a: Froslass|Shadow Ball|p2a: Tyranitar
|-resisted|p2a: Tyranitar|1
|-damage|p2a: Tyranitar|86/100
|move|p1b: Sneasler|Dire Claw|p2a: Tyranitar
|-resisted|p2a: Tyranitar|1
|-damage|p2a: Tyranitar|67/100
|move|p2b: Staraptor|Brave Bird|p1b: Sneasler
|-supereffective|p1b: Sneasler|1
|-damage|p1b: Sneasler|0 fnt
|faint|p1b: Sneasler
|-damage|p2b: Staraptor|35/100|[from] Recoil
|
|-weather|Sandstorm|[upkeep]
|-damage|p1a: Froslass|67/100|[from] Sandstorm
|-damage|p2b: Staraptor|30/100|[from] Sandstorm
|-end|p1a: Froslass|Infestation|[partiallytrapped]|[silent]
|-sideend|p1: EDJPP|move: Tailwind
|upkeep
|
|t:|1785876689
|switch|p1b: Garchomp|Garchomp, L50, F|100/100
|turn|9
|
|t:|1785876700
|switch|p2a: Incineroar|Incineroar, L50, M|37/100
|-ability|p2a: Incineroar|Intimidate|boost
|-unboost|p1a: Froslass|atk|1
|-unboost|p1b: Garchomp|atk|1
|move|p2b: Staraptor|Protect|p2b: Staraptor
|-singleturn|p2b: Staraptor|Protect
|move|p1b: Garchomp|Stomping Tantrum|p2a: Incineroar
|-supereffective|p2a: Incineroar|1
|-damage|p2a: Incineroar|0 fnt
|faint|p2a: Incineroar
|move|p1a: Froslass|Blizzard|p2b: Staraptor
|-activate|p2b: Staraptor|move: Protect
|
|-weather|Sandstorm|[upkeep]
|-damage|p2b: Staraptor|24/100|[from] Sandstorm
|-damage|p1a: Froslass|61/100|[from] Sandstorm
|upkeep
|
|t:|1785876715
|switch|p2a: Tyranitar|Tyranitar, L50, F|67/100
|turn|10
|
|t:|1785876722
|move|p2b: Staraptor|Roost|p2b: Staraptor
|-heal|p2b: Staraptor|74/100
|-singleturn|p2b: Staraptor|move: Roost
|move|p1b: Garchomp|Stomping Tantrum|p2a: Tyranitar
|-supereffective|p2a: Tyranitar|1
|-damage|p2a: Tyranitar|15/100
|move|p1a: Froslass|Blizzard|p2b: Staraptor|[spread] p2a
|-miss|p1a: Froslass|p2b: Staraptor
|-damage|p2a: Tyranitar|0 fnt
|faint|p2a: Tyranitar
|
|-weather|Sandstorm|[upkeep]
|-damage|p2b: Staraptor|68/100|[from] Sandstorm
|-damage|p1a: Froslass|55/100|[from] Sandstorm
|upkeep
|
|t:|1785876730
|switch|p2a: Toxapex|Toxapex, L50, F|100/100
|turn|11
|
|t:|1785876744
|move|p2a: Toxapex|Baneful Bunker|p2a: Toxapex
|-singleturn|p2a: Toxapex|move: Protect
|move|p2b: Staraptor|Brave Bird|p1a: Froslass
|-damage|p1a: Froslass|0 fnt
|faint|p1a: Froslass
|-damage|p2b: Staraptor|54/100|[from] Recoil
|move|p1b: Garchomp|Stomping Tantrum|p2a: Toxapex
|-activate|p2a: Toxapex|move: Protect
|-status|p1b: Garchomp|psn
|
|-weather|Sandstorm|[upkeep]
|-damage|p2b: Staraptor|48/100|[from] Sandstorm
|-damage|p2a: Toxapex|94/100|[from] Sandstorm
|-heal|p2a: Toxapex|100/100|[from] item: Leftovers
|-damage|p1b: Garchomp|87/100 psn|[from] psn
|upkeep
|turn|12
|
|t:|1785876756
|move|p2b: Staraptor|Close Combat|p1b: Garchomp
|-crit|p1b: Garchomp
|-damage|p1b: Garchomp|8/100 psn
|-boost|p2b: Staraptor|def|1
|-boost|p2b: Staraptor|spd|1
|-damage|p2b: Staraptor|36/100|[from] ability: Rough Skin|[of] p1b: Garchomp
|move|p1b: Garchomp|Stomping Tantrum|p2a: Toxapex
|-supereffective|p2a: Toxapex|1
|-damage|p2a: Toxapex|64/100
|move|p2a: Toxapex|Infestation|p1b: Garchomp
|-damage|p1b: Garchomp|4/100 psn
|-activate|p1b: Garchomp|move: Infestation|[of] p2a: Toxapex
|-damage|p2a: Toxapex|52/100|[from] ability: Rough Skin|[of] p1b: Garchomp
|
|-weather|none
|-heal|p2a: Toxapex|57/100|[from] item: Leftovers
|-damage|p1b: Garchomp|0 fnt|[from] psn
|faint|p1b: Garchomp
|
|win|imsochove
||imsochove is ready for game 2.
|inactive|EDJPP has 30 seconds to confirm battle start!
