|j|â˜†quain4
|j|â˜†washingtongargacha
|html|quain4washingtongargacha    
|uhtml|bestof|Game 2 of a best-of-3
|t:|1756980909
|gametype|doubles
|player|p1|quain4|101|1245
|player|p2|washingtongargacha|2|1204
|gen|9
|tier|[Gen 9] VGC 2025 Reg H (Bo3)
|rated|
|rule|Species Clause: Limit one of each PokÃ©mon
|rule|Item Clause: Limit 1 of each item
|clearpoke
|poke|p1|Zoroark-Hisui, L50, F|
|poke|p1|Sneasler, L50, F|
|poke|p1|Perrserker, L50, M|
|poke|p1|Mandibuzz, L50, F|
|poke|p1|Scizor, L50, M|
|poke|p1|Archaludon, L50, F|
|poke|p2|Talonflame, L50, M|
|poke|p2|Gholdengo, L50|
|poke|p2|Dragonite, L50, F|
|poke|p2|Archaludon, L50, F|
|poke|p2|Tyranitar, L50, M|
|poke|p2|Garchomp, L50, M|
|teampreview|4
|showteam|p1|Zoroark-Hisui||FocusSash|Illusion|HyperVoice,NastyPlot,BitterMalice,Protect|||F|||50|,,,,,Normal]Sneasler||WhiteHerb|Unburden|FakeOut,DireClaw,CloseCombat,ThroatChop|||F|||50|,,,,,Dark]Perrserker||SafetyGoggles|SteelySpirit|FakeOut,IronHead,HelpingHand,Protect|||M|||50|,,,,,Flying]Mandibuzz||SitrusBerry|Overcoat|FoulPlay,Snarl,Roost,Tailwind|||F|||50|,,,,,Poison]Scizor||LifeOrb|Technician|BulletPunch,Protect,CloseCombat,Uturn|||M|||50|,,,,,Bug]Archaludon||PowerHerb|Sturdy|ElectroShot,Protect,DracoMeteor,FlashCannon|||F|||50|,,,,,Electric
|showteam|p2|Talonflame||CovertCloak|GaleWings|Tailwind,BraveBird,Taunt,WillOWisp|||M|||50|,,,,,Ghost]Gholdengo||ChoiceSpecs|GoodasGold|MakeItRain,SteelBeam,ShadowBall,PowerGem||||||50|,,,,,Steel]Dragonite||LoadedDice|Multiscale|ScaleShot,IceSpinner,Haze,Protect|||F|||50|,,,,,Steel]Archaludon||PowerHerb|Sturdy|FlashCannon,ElectroShot,DracoMeteor,Protect|||F|||50|,,,,,Flying]Tyranitar||AssaultVest|SandStream|KnockOff,RockSlide,TeraBlast,LowKick|||M|||50|,,,,,Flying]Garchomp||LifeOrb|RoughSkin|DragonClaw,StompingTantrum,Earthquake,Protect|||M|||50|,,,,,Steel
|inactive|Battle timer is ON: inactive players will automatically lose when time's up. (requested by quain4)
|l|â˜†quain4
|inactive|quain4 disconnected and has a minute to reconnect!
|player|p1|
|inactive|washingtongargacha has 60 seconds left.
|j|â˜†quain4
|inactive|quain4 reconnected and has 60 seconds left.
|player|p1|quain4|101|
|inactive|quain4 has 30 seconds left.
|inactive|quain4 has 20 seconds left.
|
|t:|1756980983
|teamsize|p1|4
|teamsize|p2|4
|start
|switch|p1a: Scizor|Scizor, L50, M|100/100
|switch|p1b: Archaludon|Archaludon, L50, F|100/100
|switch|p2a: Talonflame|Talonflame, L50, M|100/100
|switch|p2b: Gholdengo|Gholdengo, L50|100/100
|turn|1
|
|t:|1756981002
|-terastallize|p1b: Archaludon|Electric
|move|p1a: Scizor|Protect|p1a: Scizor
|-singleturn|p1a: Scizor|Protect
|move|p2a: Talonflame|Tailwind|p2a: Talonflame
|-sidestart|p2: washingtongargacha|move: Tailwind
|move|p2b: Gholdengo|Shadow Ball|p1b: Archaludon
|-ability|p1b: Archaludon|Sturdy
|-damage|p1b: Archaludon|1/100
|-unboost|p1b: Archaludon|spd|1
|move|p1b: Archaludon|Electro Shot||[still]
|-prepare|p1b: Archaludon|Electro Shot
|-boost|p1b: Archaludon|spa|1
|-enditem|p1b: Archaludon|Power Herb
|-anim|p1b: Archaludon|Electro Shot|p2b: Gholdengo
|-damage|p2b: Gholdengo|0 fnt
|faint|p2b: Gholdengo
|
|upkeep
|
|t:|1756981020
|switch|p2b: Garchomp|Garchomp, L50, M|100/100
|turn|2
|
|t:|1756981038
|switch|p1b: Perrserker|Perrserker, L50, M|100/100
|move|p2a: Talonflame|Brave Bird|p1a: Scizor
|-damage|p1a: Scizor|63/100
|-damage|p2a: Talonflame|88/100|[from] Recoil
|move|p1a: Scizor|Bullet Punch|p2b: Garchomp
|-damage|p2b: Garchomp|35/100
|-damage|p1a: Scizor|51/100|[from] ability: Rough Skin|[of] p2b: Garchomp
|-damage|p1a: Scizor|41/100|[from] item: Life Orb
|move|p2b: Garchomp|Earthquake|p1a: Scizor|[spread] p1a,p1b
|-immune|p2a: Talonflame
|-supereffective|p1b: Perrserker
|-damage|p1a: Scizor|0 fnt
|-damage|p1b: Perrserker|0 fnt
|faint|p1a: Scizor
|faint|p1b: Perrserker
|-damage|p2b: Garchomp|25/100|[from] item: Life Orb
|
|upkeep
|
|t:|1756981049
|switch|p1a: Archaludon|Archaludon, L50, F, tera:Electric|1/100
|switch|p1b: Sneasler|Sneasler, L50, F|100/100
|turn|3
|
|t:|1756981070
|move|p1b: Sneasler|Fake Out|p2b: Garchomp
|-damage|p2b: Garchomp|9/100
|-damage|p1b: Sneasler|88/100|[from] ability: Rough Skin|[of] p2b: Garchomp
|move|p2a: Talonflame|Brave Bird|p1b: Sneasler
|-supereffective|p1b: Sneasler
|-damage|p1b: Sneasler|0 fnt
|faint|p1b: Sneasler
|-damage|p2a: Talonflame|63/100|[from] Recoil
|cant|p2b: Garchomp|flinch
|move|p1a: Archaludon|Draco Meteor|p2a: Talonflame
|-damage|p2a: Talonflame|0 fnt
|-unboost|p1a: Archaludon|spa|2
|faint|p2a: Talonflame
|
|upkeep
|
|t:|1756981084
|switch|p2a: Dragonite|Dragonite, L50, F|100/100
|turn|4
|
|t:|1756981092
|move|p1a: Archaludon|Protect|p1a: Archaludon
|-singleturn|p1a: Archaludon|Protect
|move|p2b: Garchomp|Earthquake|p1a: Archaludon|[spread] 
|-activate|p1a: Archaludon|move: Protect
|-immune|p2a: Dragonite
|move|p2a: Dragonite|Scale Shot|p1a: Archaludon
|-activate|p1a: Archaludon|move: Protect
|
|-sideend|p2: washingtongargacha|move: Tailwind
|upkeep
|turn|5
|
|t:|1756981102
|move|p2b: Garchomp|Earthquake|p1a: Archaludon|[spread] p1a
|-immune|p2a: Dragonite
|-supereffective|p1a: Archaludon
|-damage|p1a: Archaludon|0 fnt
|faint|p1a: Archaludon
|-damage|p2b: Garchomp|0 fnt|[from] item: Life Orb
|faint|p2b: Garchomp
|
|win|washingtongargacha
