|j|☆AbacusStabacus
|j|☆PenguimSAL
|html|AbacusStabacusPenguimSAL    
|uhtml|bestof|Game 2 of a best-of-3
|t:|1786055616
|gametype|doubles
|player|p1|AbacusStabacus|169|1269
|player|p2|PenguimSAL|266|1219
|gen|9
|tier|[Gen 9 Champions] VGC 2026 Reg M-B (Bo3)
|rated|
|rule|Species Clause: Limit one of each Pokémon
|rule|Item Clause: Limit 1 of each item
|clearpoke
|poke|p1|Chandelure, L50, F|
|poke|p1|Sinistcha, L50|
|poke|p1|Torkoal, L50, M|
|poke|p1|Rotom-Wash, L50|
|poke|p1|Tyranitar, L50, M|
|poke|p1|Grimmsnarl, L50, M|
|poke|p2|Charizard, L50, F|
|poke|p2|Venusaur, L50, F|
|poke|p2|Garchomp, L50, F|
|poke|p2|Incineroar, L50, F|
|poke|p2|Toxapex, L50, F|
|poke|p2|Sylveon, L50, M|
|teampreview|4
|showteam|p1|Chandelure||Chandelurite|FlashFire|HeatWave,ShadowBall,EnergyBall,Protect|Modest||F|||50|]Sinistcha||FocusSash|Heatproof|MatchaGotcha,TrickRoom,ShadowBall,RagePowder|Quiet|||||50|]Torkoal||Charcoal|Drought|Eruption,HeatWave,SolarBeam,Protect|Quiet||M|||50|]Rotom-Wash||LifeOrb|Levitate|HydroPump,VoltSwitch,Protect,Thunderbolt|Quiet|||||50|]Tyranitar||Tyranitarite|SandStream|IcePunch,RockSlide,Protect,Superpower|Adamant||M|||50|]Grimmsnarl||LightClay|Prankster|FakeOut,PartingShot,LightScreen,ThroatChop|Brave||M|||50|
|showteam|p2|Charizard||CharizarditeY|Blaze|HeatWave,WeatherBall,AncientPower,Protect|Modest||F|||50|]Venusaur||LifeOrb|Chlorophyll|SolarBeam,SludgeBomb,EarthPower,Protect|Modest||F|||50|]Garchomp||ChoiceScarf|RoughSkin|DragonClaw,Earthquake,RockSlide,StompingTantrum|Adamant||F|||50|]Incineroar||SitrusBerry|Intimidate|FlareBlitz,ThroatChop,PartingShot,FakeOut|Impish||F|||50|]Toxapex||Leftovers|Regenerator|Toxic,Infestation,WideGuard,BanefulBunker|Bold||F|||50|]Sylveon||FairyFeather|Pixilate|HyperVoice,Yawn,Detect,QuickAttack|Modest||M|||50|
|inactive|Battle timer is ON: inactive players will automatically lose when time's up. (requested by AbacusStabacus)
|
|t:|1786055650
|teamsize|p1|4
|teamsize|p2|4
|start
|switch|p1a: Sinistcha|Sinistcha, L50|100/100
|switch|p1b: Grimmsnarl|Grimmsnarl, L50, M|100/100
|switch|p2a: Sylveon|Sylveon, L50, M|100/100
|switch|p2b: Charizard|Charizard, L50, F|100/100
|turn|1
|
|t:|1786055659
|detailschange|p2b: Charizard|Charizard-Mega-Y, L50, F
|-mega|p2b: Charizard|Charizard|Charizardite Y
|-weather|SunnyDay|[from] ability: Drought|[of] p2b: Charizard
|move|p1b: Grimmsnarl|Fake Out|p2a: Sylveon
|-damage|p2a: Sylveon|77/100
|move|p2b: Charizard|Heat Wave|p1a: Sinistcha|[spread] p1b
|-miss|p2b: Charizard|p1a: Sinistcha
|-damage|p1b: Grimmsnarl|35/100
|cant|p2a: Sylveon|flinch
|move|p1a: Sinistcha|Trick Room|p1a: Sinistcha
|-fieldstart|move: Trick Room|[of] p1a: Sinistcha
|
|-weather|SunnyDay|[upkeep]
|upkeep
|turn|2
|
|t:|1786055673
|move|p2a: Sylveon|Detect|p2a: Sylveon
|-singleturn|p2a: Sylveon|Protect
|move|p1b: Grimmsnarl|Throat Chop|p2a: Sylveon
|-activate|p2a: Sylveon|move: Protect
|move|p1a: Sinistcha|Shadow Ball|p2b: Charizard
|-damage|p2b: Charizard|60/100
|-unboost|p2b: Charizard|spd|1
|move|p2b: Charizard|Heat Wave|p1a: Sinistcha|[spread] p1b
|-miss|p2b: Charizard|p1a: Sinistcha
|-damage|p1b: Grimmsnarl|0 fnt
|faint|p1b: Grimmsnarl
|
|-weather|SunnyDay|[upkeep]
|upkeep
|
|t:|1786055685
|switch|p1b: Torkoal|Torkoal, L50, M|100/100
|turn|3
|
|t:|1786055696
|switch|p2a: Incineroar|Incineroar, L50, F|100/100
|-ability|p2a: Incineroar|Intimidate|boost
|-unboost|p1a: Sinistcha|atk|1
|-unboost|p1b: Torkoal|atk|1
|move|p1b: Torkoal|Eruption|p2b: Charizard|[spread] p2a,p2b
|-resisted|p2a: Incineroar|1
|-resisted|p2b: Charizard|1
|-damage|p2a: Incineroar|65/100
|-damage|p2b: Charizard|2/100
|move|p1a: Sinistcha|Shadow Ball|p2a: Incineroar
|-resisted|p2a: Incineroar|1
|-damage|p2a: Incineroar|48/100
|-enditem|p2a: Incineroar|Sitrus Berry|[eat]
|-heal|p2a: Incineroar|73/100|[from] item: Sitrus Berry
|move|p2b: Charizard|Heat Wave|p1a: Sinistcha|[spread] p1b
|-miss|p2b: Charizard|p1a: Sinistcha
|-resisted|p1b: Torkoal|1
|-damage|p1b: Torkoal|58/100
|
|-weather|SunnyDay|[upkeep]
|upkeep
|turn|4
|inactive|PenguimSAL has 30 seconds left.
|c|☆PenguimSAL|bro
|inactive|PenguimSAL has 20 seconds left.
|c|☆PenguimSAL|is that sinistcha the flash or what
|inactive|PenguimSAL has 15 seconds left.
|inactive|PenguimSAL has 10 seconds left.
|
|t:|1786055742
|move|p2b: Charizard|Protect|p2b: Charizard
|-singleturn|p2b: Charizard|Protect
|move|p1b: Torkoal|Heat Wave|p2a: Incineroar|[spread] p2a
|-activate|p2b: Charizard|move: Protect
|-resisted|p2a: Incineroar|1
|-crit|p2a: Incineroar
|-damage|p2a: Incineroar|38/100
|move|p1a: Sinistcha|Shadow Ball|p2b: Charizard
|-activate|p2b: Charizard|move: Protect
|move|p2a: Incineroar|Throat Chop|p1a: Sinistcha
|-supereffective|p1a: Sinistcha|1
|-damage|p1a: Sinistcha|42/100
|-start|p1a: Sinistcha|Throat Chop|[silent]
|
|-weather|SunnyDay|[upkeep]
|upkeep
|turn|5
|c|☆AbacusStabacus|my sinestcha is lionel ankles bro
|inactive|PenguimSAL has 30 seconds left.
|
|t:|1786055773
|switch|p2b: Sylveon|Sylveon, L50, M|77/100
|move|p1b: Torkoal|Heat Wave|p2a: Incineroar|[spread] p2b
|-miss|p1b: Torkoal|p2a: Incineroar
|-damage|p2b: Sylveon|33/100
|move|p1a: Sinistcha|Shadow Ball|p2a: Incineroar
|-resisted|p2a: Incineroar|1
|-damage|p2a: Incineroar|20/100y
|move|p2a: Incineroar|Parting Shot|p1b: Torkoal
|-unboost|p1b: Torkoal|atk|1
|-unboost|p1b: Torkoal|spa|1
|
|t:|1786055779
|switch|p2a: Garchomp|Garchomp, L50, F|100/100|[from] Parting Shot
|
|-weather|none
|-end|p1a: Sinistcha|Throat Chop|[silent]
|-fieldend|move: Trick Room
|upkeep
|turn|6
|inactive|AbacusStabacus has 30 seconds left.
|
|t:|1786055809
|move|p2a: Garchomp|Rock Slide|p1a: Sinistcha|[spread] p1a,p1b
|-supereffective|p1b: Torkoal|1
|-damage|p1a: Sinistcha|23/100
|-damage|p1b: Torkoal|23/100
|move|p2b: Sylveon|Hyper Voice|p1a: Sinistcha|[spread] p1a,p1b
|-resisted|p1b: Torkoal|1
|-crit|p1b: Torkoal
|-damage|p1a: Sinistcha|0 fnt
|-damage|p1b: Torkoal|0 fnt
|faint|p1a: Sinistcha
|faint|p1b: Torkoal
|
|upkeep
|
|t:|1786055815
|switch|p1b: Tyranitar|Tyranitar, L50, M|100/100
|-weather|Sandstorm|[from] ability: Sand Stream|[of] p1b: Tyranitar
|turn|7
|
|t:|1786055828
|detailschange|p1b: Tyranitar|Tyranitar-Mega, L50, M
|-mega|p1b: Tyranitar|Tyranitar|Tyranitarite
|move|p2a: Garchomp|Rock Slide|p1b: Tyranitar
|-damage|p1b: Tyranitar|83/100
|move|p2b: Sylveon|Yawn|p1b: Tyranitar
|-start|p1b: Tyranitar|move: Yawn|[of] p2b: Sylveon
|move|p1b: Tyranitar|Ice Punch|p2a: Garchomp
|-supereffective|p2a: Garchomp|2
|-damage|p2a: Garchomp|0 fnt
|-damage|p1b: Tyranitar|71/100|[from] ability: Rough Skin|[of] p2a: Garchomp
|faint|p2a: Garchomp
|
|-weather|Sandstorm|[upkeep]
|-damage|p2b: Sylveon|27/100|[from] Sandstorm
|upkeep
|
|t:|1786055840
|switch|p2a: Charizard|Charizard-Mega-Y, L50, F|2/100
|-weather|SunnyDay|[from] ability: Drought|[of] p2a: Charizard
|turn|8
|
|t:|1786055850
|move|p2a: Charizard|Protect|p2a: Charizard
|-singleturn|p2a: Charizard|Protect
|move|p2b: Sylveon|Detect|p2b: Sylveon
|-singleturn|p2b: Sylveon|Protect
|move|p1b: Tyranitar|Rock Slide|p2b: Sylveon|[spread] 
|-activate|p2a: Charizard|move: Protect
|-activate|p2b: Sylveon|move: Protect
|
|-weather|SunnyDay|[upkeep]
|-end|p1b: Tyranitar|move: Yawn|[silent]
|-status|p1b: Tyranitar|slp
|upkeep
|turn|9
|c|☆AbacusStabacus|if theres a ttar theres a way
|
|t:|1786055860
|move|p2a: Charizard|Weather Ball|p1b: Tyranitar
|-resisted|p1b: Tyranitar|1
|-damage|p1b: Tyranitar|40/100 slp
|move|p2b: Sylveon|Hyper Voice|p1b: Tyranitar
|-supereffective|p1b: Tyranitar|1
|-damage|p1b: Tyranitar|0 fnt
|faint|p1b: Tyranitar
|
|win|PenguimSAL
|c|☆AbacusStabacus|noooo
||AbacusStabacus is ready for game 3.
|inactive|PenguimSAL has 30 seconds to confirm battle start!
|c|☆PenguimSAL|ahahah
||PenguimSAL is ready for game 3.
|uhtml|next|Next: Game 3 of 3
|l|☆AbacusStabacus
|player|p1|
