|j|☆sadnessvgc
|j|☆MegaJouleVGC
|html|sadnessvgcMegaJouleVGC    
|uhtml|bestof|Game 3 of a best-of-3
|t:|1784022547
|gametype|doubles
|player|p1|sadnessvgc|agatha-gen1rb|1388
|player|p2|MegaJouleVGC|artist|1446
|gen|9
|tier|[Gen 9 Champions] VGC 2026 Reg M-B (Bo3)
|rated|
|rule|Species Clause: Limit one of each Pokémon
|rule|Item Clause: Limit 1 of each item
|clearpoke
|poke|p1|Garchomp, L50, F, shiny|
|poke|p1|Venusaur, L50, F, shiny|
|poke|p1|Incineroar, L50, M, shiny|
|poke|p1|Charizard, L50, M, shiny|
|poke|p1|Toxapex, L50, M, shiny|
|poke|p1|Annihilape, L50, M, shiny|
|poke|p2|Charizard, L50, M|
|poke|p2|Garchomp, L50, F|
|poke|p2|Toxapex, L50, F|
|poke|p2|Sinistcha, L50|
|poke|p2|Dragapult, L50, F|
|poke|p2|Incineroar, L50, F|
|teampreview|4
|showteam|p1|Garchomp||ChoiceScarf|RoughSkin|Earthquake,RockSlide,DragonClaw,StompingTantrum|Adamant||F|||50|]Venusaur||LifeOrb|Chlorophyll|SludgeBomb,SolarBeam,EarthPower,Protect|Modest||F|||50|]Incineroar||SitrusBerry|Intimidate|FakeOut,FlareBlitz,ThroatChop,PartingShot|Impish||M|||50|]Charizard||CharizarditeY|Blaze|HeatWave,WeatherBall,Protect,HelpingHand|Modest||M|||50|]Toxapex||Leftovers|Regenerator|Infestation,Toxic,WideGuard,BanefulBunker|Impish||M|||50|]Annihilape||FocusSash|Defiant|CloseCombat,PhantomForce,RockTomb,Protect|Jolly||M|||50|
|showteam|p2|Charizard||CharizarditeY|Blaze|HeatWave,WeatherBall,SolarBeam,Protect|Timid||M|||50|]Garchomp||LifeOrb|RoughSkin|Earthquake,RockSlide,DragonClaw,Protect|Adamant||F|||50|]Toxapex||Leftovers|Regenerator|WideGuard,Toxic,Infestation,BanefulBunker|Sassy||F|||50|]Sinistcha||CobaBerry|Hospitality|TrickRoom,RagePowder,MatchaGotcha,Protect|Relaxed|||||50|]Dragapult||FocusSash|ClearBody|DragonDance,DragonDarts,SteelWing,Protect|Jolly||F|||50|]Incineroar||SitrusBerry|Intimidate|FakeOut,FlareBlitz,ThroatChop,PartingShot|Adamant||F|||50|
|inactive|Battle timer is ON: inactive players will automatically lose when time's up. (requested by MegaJouleVGC)
|inactive|MegaJouleVGC has 60 seconds left.
|
|t:|1784022583
|teamsize|p1|4
|teamsize|p2|4
|start
|switch|p1a: Toxapex|Toxapex, L50, M, shiny|100/100
|switch|p1b: Charizard|Charizard, L50, M, shiny|100/100
|switch|p2a: Garchomp|Garchomp, L50, F|100/100
|switch|p2b: Toxapex|Toxapex, L50, F|100/100
|turn|1
|
|t:|1784022604
|move|p1b: Charizard|Protect|p1b: Charizard
|-singleturn|p1b: Charizard|Protect
|move|p2a: Garchomp|Rock Slide|p1b: Charizard|[spread] p1a
|-activate|p1b: Charizard|move: Protect
|-damage|p1a: Toxapex|80/100
|-damage|p2a: Garchomp|90/100|[from] item: Life Orb
|cant|p1a: Toxapex|flinch
|move|p2b: Toxapex|Infestation|p1a: Toxapex
|-resisted|p1a: Toxapex|1
|-damage|p1a: Toxapex|78/100
|-activate|p1a: Toxapex|move: Infestation|[of] p2b: Toxapex
|
|-heal|p1a: Toxapex|84/100|[from] item: Leftovers
|-damage|p1a: Toxapex|72/100|[from] move: Infestation|[partiallytrapped]
|upkeep
|turn|2
|
|t:|1784022625
|switch|p1b: Garchomp|Garchomp, L50, F, shiny|100/100
|move|p2a: Garchomp|Dragon Claw|p1a: Toxapex
|-damage|p1a: Toxapex|31/100
|-damage|p2a: Garchomp|80/100|[from] item: Life Orb
|move|p1a: Toxapex|Toxic|p2a: Garchomp
|-status|p2a: Garchomp|tox
|move|p2b: Toxapex|Toxic|p1b: Garchomp
|-status|p1b: Garchomp|tox
|
|-heal|p1a: Toxapex|37/100|[from] item: Leftovers
|-damage|p1b: Garchomp|93/100 tox|[from] psn
|-damage|p2a: Garchomp|75/100 tox|[from] psn
|-damage|p1a: Toxapex|25/100|[from] move: Infestation|[partiallytrapped]
|upkeep
|turn|3
|inactive|sadnessvgc has 30 seconds left.
|inactive|MegaJouleVGC has 30 seconds left.
|
|t:|1784022652
|move|p2b: Toxapex|Baneful Bunker|p2b: Toxapex
|-singleturn|p2b: Toxapex|move: Protect
|move|p1b: Garchomp|Dragon Claw|p2a: Garchomp
|-supereffective|p2a: Garchomp|1
|-damage|p2a: Garchomp|5/100 tox
|-damage|p1b: Garchomp|81/100 tox|[from] ability: Rough Skin|[of] p2a: Garchomp
|move|p2a: Garchomp|Dragon Claw|p1b: Garchomp
|-supereffective|p1b: Garchomp|1
|-damage|p1b: Garchomp|0 fnt
|-damage|p2a: Garchomp|0 fnt|[from] ability: Rough Skin|[of] p1b: Garchomp
|faint|p1b: Garchomp
|faint|p2a: Garchomp
|move|p1a: Toxapex|Infestation|p2b: Toxapex
|-activate|p2b: Toxapex|move: Protect
|
|-heal|p1a: Toxapex|31/100|[from] item: Leftovers
|-damage|p1a: Toxapex|19/100|[from] move: Infestation|[partiallytrapped]
|upkeep
|
|t:|1784022676
|switch|p1b: Charizard|Charizard, L50, M, shiny|100/100
|switch|p2a: Charizard|Charizard, L50, M|100/100
|turn|4
|
|t:|1784022701
|detailschange|p2a: Charizard|Charizard-Mega-Y, L50, M
|-mega|p2a: Charizard|Charizard|Charizardite Y
|-weather|SunnyDay|[from] ability: Drought|[of] p2a: Charizard
|detailschange|p1b: Charizard|Charizard-Mega-Y, L50, M, shiny
|-mega|p1b: Charizard|Charizard|Charizardite Y
|move|p1a: Toxapex|Baneful Bunker|p1a: Toxapex
|-singleturn|p1a: Toxapex|move: Protect
|move|p2a: Charizard|Heat Wave|p1a: Toxapex|[spread] p1b
|-activate|p1a: Toxapex|move: Protect
|-resisted|p1b: Charizard|1
|-damage|p1b: Charizard|72/100
|move|p1b: Charizard|Heat Wave|p2b: Toxapex|[spread] p2a,p2b
|-resisted|p2a: Charizard|1
|-resisted|p2b: Toxapex|1
|-damage|p2a: Charizard|72/100
|-damage|p2b: Toxapex|78/100
|move|p2b: Toxapex|Toxic|p1b: Charizard
|-status|p1b: Charizard|tox
|
|-weather|SunnyDay|[upkeep]
|-heal|p1a: Toxapex|24/100|[from] item: Leftovers
|-heal|p2b: Toxapex|84/100|[from] item: Leftovers
|-damage|p1b: Charizard|66/100 tox|[from] psn
|-damage|p1a: Toxapex|12/100|[from] move: Infestation|[partiallytrapped]
|upkeep
|turn|5
|
|t:|1784022725
|move|p1a: Toxapex|Wide Guard|p1a: Toxapex
|-singleturn|p1a: Toxapex|Wide Guard
|move|p2a: Charizard|Weather Ball|p1a: Toxapex
|-resisted|p1a: Toxapex|1
|-damage|p1a: Toxapex|0 fnt
|faint|p1a: Toxapex
|move|p1b: Charizard|Heat Wave|p2a: Charizard|[spread] p2a,p2b
|-resisted|p2a: Charizard|1
|-resisted|p2b: Toxapex|1
|-damage|p2a: Charizard|43/100
|-damage|p2b: Toxapex|64/100
|move|p2b: Toxapex|Infestation|p1b: Charizard
|-resisted|p1b: Charizard|2
|-damage|p1b: Charizard|66/100 tox
|-activate|p1b: Charizard|move: Infestation|[of] p2b: Toxapex
|
|-weather|SunnyDay|[upkeep]
|-heal|p2b: Toxapex|70/100|[from] item: Leftovers
|-damage|p1b: Charizard|54/100 tox|[from] psn
|-damage|p1b: Charizard|41/100 tox|[from] move: Infestation|[partiallytrapped]
|upkeep
|
|t:|1784022737
|switch|p1a: Venusaur|Venusaur, L50, F, shiny|100/100
|turn|6
|
|t:|1784022750
|switch|p2a: Incineroar|Incineroar, L50, F|100/100
|-ability|p2a: Incineroar|Intimidate|boost
|-unboost|p1a: Venusaur|atk|1
|-unboost|p1b: Charizard|atk|1
|move|p2b: Toxapex|Baneful Bunker|p2b: Toxapex
|-singleturn|p2b: Toxapex|move: Protect
|move|p1a: Venusaur|Sludge Bomb|p2a: Incineroar
|-damage|p2a: Incineroar|46/100
|-enditem|p2a: Incineroar|Sitrus Berry|[eat]
|-heal|p2a: Incineroar|71/100|[from] item: Sitrus Berry
|-damage|p1a: Venusaur|90/100|[from] item: Life Orb
|move|p1b: Charizard|Weather Ball|p2b: Toxapex
|-activate|p2b: Toxapex|move: Protect
|
|-weather|SunnyDay|[upkeep]
|-heal|p2b: Toxapex|75/100|[from] item: Leftovers
|-damage|p1b: Charizard|23/100 tox|[from] psn
|-damage|p1b: Charizard|11/100 tox|[from] move: Infestation|[partiallytrapped]
|upkeep
|turn|7
|
|t:|1784022769
|move|p2a: Incineroar|Fake Out|p1a: Venusaur
|-damage|p1a: Venusaur|75/100
|cant|p1a: Venusaur|flinch
|move|p1b: Charizard|Weather Ball|p2b: Toxapex
|-resisted|p2b: Toxapex|1
|-damage|p2b: Toxapex|45/100
|move|p2b: Toxapex|Infestation|p1a: Venusaur
|-damage|p1a: Venusaur|71/100
|-activate|p1a: Venusaur|move: Infestation|[of] p2b: Toxapex
|
|-weather|SunnyDay|[upkeep]
|-heal|p2b: Toxapex|50/100g|[from] item: Leftovers
|-damage|p1b: Charizard|0 fnt|[from] psn
|faint|p1b: Charizard
|-damage|p1a: Venusaur|59/100|[from] move: Infestation|[partiallytrapped]
|upkeep
|turn|8
|inactive|MegaJouleVGC has 30 seconds left.
|inactive|MegaJouleVGC has 20 seconds left.
|
|t:|1784022804
|switch|p2a: Charizard|Charizard-Mega-Y, L50, M|43/100
|move|p2b: Toxapex|Baneful Bunker|p2b: Toxapex
|-singleturn|p2b: Toxapex|move: Protect
|move|p1a: Venusaur|Earth Power|p2a: Charizard
|-immune|p2a: Charizard
|
|-weather|none
|-heal|p2b: Toxapex|56/100|[from] item: Leftovers
|-damage|p1a: Venusaur|47/100|[from] move: Infestation|[partiallytrapped]
|upkeep
|turn|9
|-message|sadnessvgc forfeited.
|
|win|MegaJouleVGC
|raw|sadnessvgc's rating: 1388 → 1371(-17 for losing)
|raw|MegaJouleVGC's rating: 1446 → 1463(+17 for winning)
|l|☆sadnessvgc
|player|p1|
|c|☆MegaJouleVGC|ggwp
