|j|☆inadomi
|j|☆MauryOF
|html|inadomiMauryOF    
|uhtml|bestof|Game 3 of a best-of-3
|t:|1757234551
|gametype|doubles
|player|p1|inadomi|lady-gen4|1176
|player|p2|MauryOF|clerk|1160
|gen|9
|tier|[Gen 9] VGC 2025 Reg H (Bo3)
|rated|
|rule|Species Clause: Limit one of each Pokémon
|rule|Item Clause: Limit 1 of each item
|clearpoke
|poke|p1|Indeedee, L50, M|
|poke|p1|Drifblim, L50, M|
|poke|p1|Volcarona, L50, F|
|poke|p1|Kommo-o, L50, M|
|poke|p1|Toxtricity, L50, M|
|poke|p1|Hydreigon, L50, M|
|poke|p2|Gastrodon-East, L50, M|
|poke|p2|Annihilape, L50, M|
|poke|p2|Torkoal, L50, M|
|poke|p2|Indeedee-F, L50, F|
|poke|p2|Exeggutor, L50, F|
|poke|p2|Typhlosion-Hisui, L50, M|
|teampreview|4
|showteam|p1|Indeedee||FocusSash|PsychicSurge|ExpandingForce,TeraBlast,Imprison,TrickRoom|||M|||50|,,,,,Ground]Drifblim||PsychicSeed|Unburden|Acrobatics,WillOWisp,StrengthSap,Tailwind|||M|||50|,,,,,Flying]Volcarona||LifeOrb|FlameBody|BugBuzz,HeatWave,TeraBlast,GigaDrain|||F|||50|,,,,,Fairy]Kommo-o||Leftovers|Soundproof|BodyPress,Flamethrower,IronDefense,Protect|||M|||50|,,,,,Fire]Toxtricity||ChoiceSpecs|PunkRock|Overdrive,SludgeBomb,Boomburst,VoltSwitch|||M|||50|,,,,,Normal]Hydreigon||AssaultVest|Levitate|DarkPulse,DracoMeteor,FlashCannon,Snarl|||M|||50|,,,,,Ghost
|showteam|p2|Gastrodon-East||Leftovers|StormDrain|Recover,Protect,EarthPower,IceBeam|||M|||50|,,,,,Grass]Annihilape||ChoiceScarf|Defiant|FinalGambit,Uturn,ShadowClaw,CloseCombat|||M|||50|,,,,,Fighting]Torkoal||EjectPack|Drought|Overheat,Protect,Eruption,HelpingHand|||M|||50|,,,,,Fire]Indeedee-F||SafetyGoggles|PsychicSurge|FollowMe,HelpingHand,Psychic,TrickRoom|||F|||50|,,,,,Fairy]Exeggutor||LifeOrb|Chlorophyll|ExpandingForce,TrickRoom,GigaDrain,Protect|||F|||50|,,,,,Psychic]Typhlosion-Hisui||Charcoal|Blaze|Eruption,HeatWave,ShadowBall,Protect|||M|||50|,,,,,Fire
|inactive|Battle timer is ON: inactive players will automatically lose when time's up. (requested by inadomi)
|inactive|MauryOF has 60 seconds left.
|inactive|MauryOF has 30 seconds left.
|inactive|MauryOF has 20 seconds left.
|
|t:|1757234625
|teamsize|p1|4
|teamsize|p2|4
|start
|switch|p1a: Indeedee|Indeedee, L50, M|100/100
|switch|p1b: Drifblim|Drifblim, L50, M|100/100
|switch|p2a: Indeedee|Indeedee-F, L50, F|100/100
|switch|p2b: Exeggutor|Exeggutor, L50, F|100/100
|-fieldstart|move: Psychic Terrain|[from] ability: Psychic Surge|[of] p1a: Indeedee
|-enditem|p1b: Drifblim|Psychic Seed
|-boost|p1b: Drifblim|spd|1|[from] item: Psychic Seed
|turn|1
|inactive|inadomi has 30 seconds left.
|inactive|MauryOF has 30 seconds left.
|inactive|inadomi has 20 seconds left.
|
|t:|1757234665
|-terastallize|p2b: Exeggutor|Psychic
|move|p1b: Drifblim|Acrobatics|p2b: Exeggutor
|-damage|p2b: Exeggutor|62/100
|move|p1a: Indeedee|Expanding Force|p2a: Indeedee|[spread] p2a,p2b
|-resisted|p2a: Indeedee
|-resisted|p2b: Exeggutor
|-damage|p2a: Indeedee|78/100
|-damage|p2b: Exeggutor|29/100
|move|p2b: Exeggutor|Expanding Force|p1b: Drifblim|[spread] p1a,p1b
|-resisted|p1a: Indeedee
|-crit|p1b: Drifblim
|-damage|p1a: Indeedee|21/100
|-damage|p1b: Drifblim|0 fnt
|faint|p1b: Drifblim
|-damage|p2b: Exeggutor|19/100|[from] item: Life Orb
|move|p2a: Indeedee|Psychic|p1a: Indeedee
|-resisted|p1a: Indeedee
|-damage|p1a: Indeedee|0 fnt
|faint|p1a: Indeedee
|
|upkeep
|
|t:|1757234681
|switch|p1a: Volcarona|Volcarona, L50, F|100/100
|switch|p1b: Hydreigon|Hydreigon, L50, M|100/100
|turn|2
|
|t:|1757234691
|switch|p2a: Torkoal|Torkoal, L50, M|100/100
|-weather|SunnyDay|[from] ability: Drought|[of] p2a: Torkoal
|move|p2b: Exeggutor|Expanding Force|p1b: Hydreigon|[spread] p1a
|-immune|p1b: Hydreigon
|-damage|p1a: Volcarona|0 fnt
|faint|p1a: Volcarona
|-damage|p2b: Exeggutor|9/100|[from] item: Life Orb
|move|p1b: Hydreigon|Snarl|p2a: Torkoal|[spread] p2a,p2b
|-supereffective|p2b: Exeggutor
|-damage|p2a: Torkoal|73/100
|-damage|p2b: Exeggutor|0 fnt
|-unboost|p2a: Torkoal|spa|1
|faint|p2b: Exeggutor
|-enditem|p2a: Torkoal|Eject Pack
|c|☆inadomi|jesus how did it do that
|
|t:|1757234709
|switch|p2a: Gastrodon|Gastrodon-East, L50, M|100/100
|
|-weather|SunnyDay|[upkeep]
|upkeep
|
|t:|1757234715
|switch|p2b: Indeedee|Indeedee-F, L50, F|78/100
|turn|3
|inactive|inadomi has 30 seconds left.
|
|t:|1757234741
|-terastallize|p1b: Hydreigon|Ghost
|move|p1b: Hydreigon|Snarl|p2b: Indeedee|[spread] p2a,p2b
|-supereffective|p2b: Indeedee
|-damage|p2a: Gastrodon|84/100
|-damage|p2b: Indeedee|41/100
|-unboost|p2a: Gastrodon|spa|1
|-unboost|p2b: Indeedee|spa|1
|move|p2a: Gastrodon|Ice Beam|p1b: Hydreigon
|-damage|p1b: Hydreigon|91/100
|move|p2b: Indeedee|Trick Room|p2b: Indeedee
|-fieldstart|move: Trick Room|[of] p2b: Indeedee
|
|-weather|SunnyDay|[upkeep]
|-heal|p2a: Gastrodon|90/100|[from] item: Leftovers
|upkeep
|turn|4
|
|t:|1757234761
|move|p2a: Gastrodon|Ice Beam|p1b: Hydreigon
|-damage|p1b: Hydreigon|81/100
|move|p2b: Indeedee|Psychic|p1b: Hydreigon
|-damage|p1b: Hydreigon|62/100
|move|p1b: Hydreigon|Snarl|p2a: Gastrodon|[spread] p2a,p2b
|-supereffective|p2b: Indeedee
|-damage|p2a: Gastrodon|72/100
|-damage|p2b: Indeedee|3/100
|-unboost|p2a: Gastrodon|spa|1
|-unboost|p2b: Indeedee|spa|1
|
|-weather|SunnyDay|[upkeep]
|-heal|p2a: Gastrodon|78/100|[from] item: Leftovers
|upkeep
|turn|5
|
|t:|1757234777
|move|p2a: Gastrodon|Ice Beam|p1b: Hydreigon
|-damage|p1b: Hydreigon|54/100
|move|p2b: Indeedee|Psychic|p1b: Hydreigon
|-damage|p1b: Hydreigon|40/100
|move|p1b: Hydreigon|Snarl|p2a: Gastrodon|[spread] p2a,p2b
|-supereffective|p2b: Indeedee
|-damage|p2a: Gastrodon|60/100
|-damage|p2b: Indeedee|0 fnt
|-unboost|p2a: Gastrodon|spa|1
|faint|p2b: Indeedee
|
|-weather|SunnyDay|[upkeep]
|-heal|p2a: Gastrodon|66/100|[from] item: Leftovers
|-fieldend|move: Psychic Terrain
|upkeep
|
|t:|1757234792
|switch|p2b: Torkoal|Torkoal, L50, M|73/100
|turn|6
|
|t:|1757234798
|move|p2b: Torkoal|Eruption|p1b: Hydreigon
|-damage|p1b: Hydreigon|0 fnt
|faint|p1b: Hydreigon
|
|win|MauryOF
|raw|inadomi's rating: 1176 → 1150(-26 for losing)
|raw|MauryOF's rating: 1160 → 1186(+26 for winning)
|c|☆inadomi|gg
|c|☆inadomi|wp
