|j|☆gohan92
|j|☆Kahizar
|html|gohan92Kahizar    
|uhtml|bestof|Game 1 of a best-of-3
|t:|1757726262
|gametype|doubles
|player|p1|gohan92|101|1320
|player|p2|Kahizar|1|1124
|gen|9
|tier|[Gen 9] VGC 2025 Reg H (Bo3)
|rated|
|rule|Species Clause: Limit one of each Pokémon
|rule|Item Clause: Limit 1 of each item
|clearpoke
|poke|p1|Gholdengo, L50|
|poke|p1|Archaludon, L50, M|
|poke|p1|Sneasler, L50, F|
|poke|p1|Pelipper, L50, F|
|poke|p1|Rillaboom, L50, F|
|poke|p1|Incineroar, L50, F|
|poke|p2|Ninetales-Alola, L50, F|
|poke|p2|Incineroar, L50, F|
|poke|p2|Murkrow, L50, F|
|poke|p2|Sneasler, L50, M|
|poke|p2|Rillaboom, L50, F|
|poke|p2|Gholdengo, L50|
|teampreview|4
|showteam|p1|Gholdengo||MetalCoat|GoodasGold|MakeItRain,ShadowBall,NastyPlot,Protect||||||50|,,,,,Fighting]Archaludon||PowerHerb|Sturdy|ElectroShot,DragonPulse,FlashCannon,Protect|||M|||50|,,,,,Electric]Sneasler||GrassySeed|Unburden|CloseCombat,DireClaw,ThroatChop,Protect|||F|||50|,,,,,Dark]Pelipper||ChoiceScarf|Drizzle|WeatherBall,Hurricane,MuddyWater,Tailwind|||F|||50|,,,,,Ghost]Rillaboom||AssaultVest|GrassySurge|FakeOut,WoodHammer,GrassyGlide,HighHorsepower|||F|||50|,,,,,Fire]Incineroar||SafetyGoggles|Intimidate|FakeOut,FlareBlitz,KnockOff,PartingShot|||F|||50|,,,,,Ghost
|showteam|p2|Ninetales-Alola||FocusSash|SnowWarning|AuroraVeil,Blizzard,Moonblast,Protect|||F|||50|,,,,,Water]Incineroar||SafetyGoggles|Intimidate|FlareBlitz,FakeOut,KnockOff,PartingShot|||F|||50|,,,,,Ghost]Murkrow||Eviolite|Prankster|Taunt,Tailwind,Haze,FoulPlay|||F|||50|,,,,,Ghost]Sneasler||ChoiceBand|PoisonTouch|CloseCombat,RockSlide,DireClaw,ThroatChop|||M|||50|,,,,,Dark]Rillaboom||AssaultVest|GrassySurge|WoodHammer,GrassyGlide,FakeOut,Uturn|||F|||50|,,,,,Fire]Gholdengo||LifeOrb|GoodasGold|MakeItRain,TeraBlast,NastyPlot,Protect||||||50|,,,,,Ground
|
|t:|1757726306
|teamsize|p1|4
|teamsize|p2|4
|start
|switch|p1a: Archaludon|Archaludon, L50, M|100/100
|switch|p1b: Incineroar|Incineroar, L50, F|100/100
|switch|p2a: Gholdengo|Gholdengo, L50|100/100
|switch|p2b: Incineroar|Incineroar, L50, F|100/100
|-ability|p1b: Incineroar|Intimidate|boost
|-unboost|p2a: Gholdengo|atk|1
|-unboost|p2b: Incineroar|atk|1
|-ability|p2b: Incineroar|Intimidate|boost
|-unboost|p1a: Archaludon|atk|1
|-unboost|p1b: Incineroar|atk|1
|turn|1
|
|t:|1757726340
|-terastallize|p1a: Archaludon|Electric
|move|p1b: Incineroar|Fake Out|p2b: Incineroar
|-damage|p2b: Incineroar|95/100
|cant|p2b: Incineroar|flinch
|move|p1a: Archaludon|Electro Shot||[still]
|-prepare|p1a: Archaludon|Electro Shot
|-boost|p1a: Archaludon|spa|1
|-enditem|p1a: Archaludon|Power Herb
|-anim|p1a: Archaludon|Electro Shot|p2a: Gholdengo
|-damage|p2a: Gholdengo|0 fnt
|faint|p2a: Gholdengo
|
|upkeep
|
|t:|1757726357
|switch|p2a: Sneasler|Sneasler, L50, M|100/100
|turn|2
|
|t:|1757726374
|switch|p1b: Sneasler|Sneasler, L50, F|100/100
|move|p1a: Archaludon|Protect|p1a: Archaludon
|-singleturn|p1a: Archaludon|Protect
|move|p2a: Sneasler|Close Combat|p1a: Archaludon
|-activate|p1a: Archaludon|move: Protect
|move|p2b: Incineroar|Parting Shot|p1a: Archaludon
|-activate|p1a: Archaludon|move: Protect
|
|upkeep
|turn|3
|
|t:|1757726407
|switch|p1b: Pelipper|Pelipper, L50, F|100/100
|-weather|RainDance|[from] ability: Drizzle|[of] p1b: Pelipper
|move|p2a: Sneasler|Close Combat|p1a: Archaludon
|-damage|p1a: Archaludon|11/100
|-unboost|p2a: Sneasler|def|1
|-unboost|p2a: Sneasler|spd|1
|-status|p1a: Archaludon|psn|[from] ability: Poison Touch|[of] p2a: Sneasler
|move|p1a: Archaludon|Electro Shot||[still]
|-prepare|p1a: Archaludon|Electro Shot
|-boost|p1a: Archaludon|spa|1
|-anim|p1a: Archaludon|Electro Shot|p2a: Sneasler
|-damage|p2a: Sneasler|0 fnt
|faint|p2a: Sneasler
|move|p2b: Incineroar|Parting Shot|p1b: Pelipper
|-unboost|p1b: Pelipper|atk|1
|-unboost|p1b: Pelipper|spa|1
|
|t:|1757726424
|switch|p2b: Ninetales|Ninetales-Alola, L50, F|100/100|[from] Parting Shot
|-weather|Snowscape|[from] ability: Snow Warning|[of] p2b: Ninetales
|
|-weather|Snowscape|[upkeep]
|-damage|p1a: Archaludon|0 fnt|[from] psn
|faint|p1a: Archaludon
|upkeep
|
|t:|1757726433
|switch|p2a: Incineroar|Incineroar, L50, F|95/100
|switch|p1a: Incineroar|Incineroar, L50, F|100/100
|-ability|p1a: Incineroar|Intimidate|boost
|-unboost|p2a: Incineroar|atk|1
|-unboost|p2b: Ninetales|atk|1
|-ability|p2a: Incineroar|Intimidate|boost
|-unboost|p1a: Incineroar|atk|1
|-unboost|p1b: Pelipper|atk|1
|turn|4
|
|t:|1757726487
|switch|p1b: Sneasler|Sneasler, L50, F|100/100
|-terastallize|p2b: Ninetales|Water
|move|p1a: Incineroar|Fake Out|p2b: Ninetales
|-damage|p2b: Ninetales|89/100
|cant|p2b: Ninetales|flinch
|move|p2a: Incineroar|Knock Off|p1b: Sneasler
|-resisted|p1b: Sneasler
|-damage|p1b: Sneasler|81/100
|-enditem|p1b: Sneasler|Grassy Seed|[from] move: Knock Off|[of] p2a: Incineroar
|
|-weather|Snowscape|[upkeep]
|upkeep
|turn|5
|
|t:|1757726518
|move|p1b: Sneasler|Close Combat|p2a: Incineroar
|-supereffective|p2a: Incineroar
|-damage|p2a: Incineroar|0 fnt
|-unboost|p1b: Sneasler|def|1
|-unboost|p1b: Sneasler|spd|1
|faint|p2a: Incineroar
|move|p2b: Ninetales|Blizzard|p1b: Sneasler|[spread] p1a,p1b
|-resisted|p1a: Incineroar
|-damage|p1a: Incineroar|88/100
|-damage|p1b: Sneasler|14/100
|move|p1a: Incineroar|Parting Shot|p2b: Ninetales
|-unboost|p2b: Ninetales|atk|1
|-unboost|p2b: Ninetales|spa|1
|
|t:|1757726530
|switch|p1a: Pelipper|Pelipper, L50, F|100/100|[from] Parting Shot
|-weather|RainDance|[from] ability: Drizzle|[of] p1a: Pelipper
|
|-weather|RainDance|[upkeep]
|upkeep
|turn|6
|
|t:|1757726546
|move|p1b: Sneasler|Protect|p1b: Sneasler
|-singleturn|p1b: Sneasler|Protect
|move|p1a: Pelipper|Hurricane|p2b: Ninetales
|-damage|p2b: Ninetales|34/100
|-start|p2b: Ninetales|confusion
|-activate|p2b: Ninetales|confusion
|move|p2b: Ninetales|Blizzard|p1b: Sneasler|[spread] p1a
|-activate|p1b: Sneasler|move: Protect
|-damage|p1a: Pelipper|63/100
|
|-weather|RainDance|[upkeep]
|upkeep
|turn|7
|
|t:|1757726559
|move|p1b: Sneasler|Close Combat|p2b: Ninetales
|-damage|p2b: Ninetales|0 fnt
|-unboost|p1b: Sneasler|def|1
|-unboost|p1b: Sneasler|spd|1
|faint|p2b: Ninetales
|
|win|gohan92
||Kahizar is ready for game 2.
||gohan92 is ready for game 2.
|uhtml|next|Next: Game 2 of 3
|l|☆gohan92
|player|p1|
