|j|☆eoKG
|j|☆CrapTalka
|html|eoKGCrapTalka    
|uhtml|bestof|Game 1 of a best-of-3
|t:|1784745131
|gametype|doubles
|player|p1|eoKG|morty|1000
|player|p2|CrapTalka|hiker|1000
|gen|9
|tier|[Gen 9 Champions] VGC 2026 Reg M-B (Bo3)
|rated|
|rule|Species Clause: Limit one of each Pokémon
|rule|Item Clause: Limit 1 of each item
|clearpoke
|poke|p1|Ceruledge, L50, M|
|poke|p1|Aerodactyl, L50, M|
|poke|p1|Meowscarada, L50, M|
|poke|p1|Greninja, L50, F|
|poke|p1|Metagross, L50|
|poke|p1|Hatterene, L50, F|
|poke|p2|Garchomp, L50, M, shiny|
|poke|p2|Staraptor, L50, F, shiny|
|poke|p2|Whimsicott, L50, F, shiny|
|poke|p2|Rotom-Heat, L50|
|poke|p2|Incineroar, L50, F, shiny|
|poke|p2|Gholdengo, L50|
|teampreview|4
|showteam|p1|Ceruledge||FocusSash|WeakArmor|BitterBlade,SwordsDance,ShadowClaw,CloseCombat|Adamant||M|||50|]Aerodactyl||Aerodactylite|RockHead|DualWingbeat,DragonDance,StoneEdge,IronHead|Jolly||M|||50|]Meowscarada||MuscleBand|Protean|FlowerTrick,KnockOff,PlayRough,TripleAxel|Jolly||M|||50|]Greninja||ChoiceScarf|Protean|Surf,DarkPulse,IceBeam,WaterShuriken|Modest||F|||50|]Metagross||Leftovers|ClearBody|BulletPunch,MeteorMash,Earthquake,PsychicFangs|Adamant|||||50|]Hatterene||FairyFeather|Healer|Psychic,Protect,MistyExplosion,GigaDrain|Modest||F|||50|
|showteam|p2|Garchomp||LifeOrb|RoughSkin|Earthquake,Protect,RockSlide,DragonClaw|Adamant||M|||50|]Staraptor||Staraptite|Intimidate|BraveBird,CloseCombat,Roost,Protect|Jolly||F|||50|]Whimsicott||FocusSash|Prankster|Moonblast,Tailwind,Tickle,FakeTears|Timid||F|||50|]Rotom-Heat||ChoiceScarf|Levitate|Discharge,Overheat,ShadowBall,Trick|Modest|||||50|]Incineroar||SitrusBerry|Intimidate|FakeOut,PartingShot,FlareBlitz,DarkestLariat|Impish||F|||50|]Gholdengo||WiseGlasses|GoodasGold|Protect,ShadowBall,MakeItRain,NastyPlot|Modest|||||50|
|
|t:|1784745153
|teamsize|p1|4
|teamsize|p2|4
|start
|switch|p1a: Greninja|Greninja, L50, F|100/100
|switch|p1b: Metagross|Metagross, L50|100/100
|switch|p2a: Incineroar|Incineroar, L50, F, shiny|100/100
|switch|p2b: Rotom|Rotom-Heat, L50|100/100
|-ability|p2a: Incineroar|Intimidate|boost
|-unboost|p1a: Greninja|atk|1
|-fail|p1b: Metagross|unboost|[from] ability: Clear Body|[of] p1b: Metagross
|turn|1
|
|t:|1784745176
|move|p2a: Incineroar|Fake Out|p1a: Greninja
|-damage|p1a: Greninja|82/100
|cant|p1a: Greninja|flinch
|move|p2b: Rotom|Overheat|p1b: Metagross|[miss]
|-miss|p2b: Rotom|p1b: Metagross
|move|p1b: Metagross|Psychic Fangs|p2b: Rotom
|-damage|p2b: Rotom|29/100
|
|upkeep
|turn|2
|
|t:|1784745196
|move|p1a: Greninja|Surf|p2b: Rotom|[spread] p1b,p2a,p2b
|-start|p1a: Greninja|typechange|Water|[from] ability: Protean
|-supereffective|p2a: Incineroar|1
|-supereffective|p2b: Rotom|1
|-damage|p1b: Metagross|65/100
|-damage|p2a: Incineroar|43/100
|-damage|p2b: Rotom|0 fnt
|-enditem|p2a: Incineroar|Sitrus Berry|[eat]
|-heal|p2a: Incineroar|68/100|[from] item: Sitrus Berry
|faint|p2b: Rotom
|move|p1b: Metagross|Psychic Fangs|p2a: Incineroar
|-immune|p2a: Incineroar
|move|p2a: Incineroar|Parting Shot|p1a: Greninja
|-unboost|p1a: Greninja|atk|1
|-unboost|p1a: Greninja|spa|1
|
|t:|1784745212
|switch|p2a: Whimsicott|Whimsicott, L50, F, shiny|100/100|[from] Parting Shot
|
|-heal|p1b: Metagross|71/100|[from] item: Leftovers
|upkeep
|
|t:|1784745213
|switch|p2b: Staraptor|Staraptor, L50, F, shiny|100/100
|-ability|p2b: Staraptor|Intimidate|boost
|-unboost|p1a: Greninja|atk|1
|-fail|p1b: Metagross|unboost|[from] ability: Clear Body|[of] p1b: Metagross
|turn|3
|
|t:|1784745240
|switch|p1a: Meowscarada|Meowscarada, L50, M|100/100
|detailschange|p2b: Staraptor|Staraptor-Mega, L50, F, shiny
|-mega|p2b: Staraptor|Staraptor|Staraptite
|move|p2a: Whimsicott|Tickle|p2b: Staraptor
|-boost|p2b: Staraptor|atk|1
|-boost|p2b: Staraptor|def|1
|move|p2b: Staraptor|Close Combat|p1b: Metagross
|-damage|p1b: Metagross|0 fnt
|-boost|p2b: Staraptor|def|1
|-boost|p2b: Staraptor|spd|1
|faint|p1b: Metagross
|
|upkeep
|
|t:|1784745257
|switch|p1b: Ceruledge|Ceruledge, L50, M|100/100
|turn|4
|
|t:|1784745276
|move|p2a: Whimsicott|Tickle|p1b: Ceruledge
|-unboost|p1b: Ceruledge|atk|1
|-unboost|p1b: Ceruledge|def|1
|move|p1a: Meowscarada|Play Rough|p2b: Staraptor
|-start|p1a: Meowscarada|typechange|Fairy|[from] ability: Protean
|-supereffective|p2b: Staraptor|1
|-damage|p2b: Staraptor|47/100
|move|p2b: Staraptor|Close Combat|p1a: Meowscarada
|-resisted|p1a: Meowscarada|1
|-damage|p1a: Meowscarada|28/100
|-boost|p2b: Staraptor|def|1
|-boost|p2b: Staraptor|spd|1
|move|p1b: Ceruledge|Swords Dance|p1b: Ceruledge
|-boost|p1b: Ceruledge|atk|2
|
|upkeep
|turn|5
|
|t:|1784745300
|move|p2a: Whimsicott|Tailwind|p2a: Whimsicott
|-sidestart|p2: CrapTalka|move: Tailwind
|move|p2b: Staraptor|Close Combat|p1a: Meowscarada
|-resisted|p1a: Meowscarada|1
|-damage|p1a: Meowscarada|0 fnt
|-boost|p2b: Staraptor|def|1
|-boost|p2b: Staraptor|spd|1
|faint|p1a: Meowscarada
|move|p1b: Ceruledge|Bitter Blade|p2b: Staraptor
|-damage|p2b: Staraptor|21/100
|
|upkeep
|
|t:|1784745306
|switch|p1a: Greninja|Greninja, L50, F|82/100
|turn|6
|
|t:|1784745317
|move|p2a: Whimsicott|Moonblast|p1a: Greninja
|-supereffective|p1a: Greninja|1
|-damage|p1a: Greninja|0 fnt
|faint|p1a: Greninja
|move|p2b: Staraptor|Brave Bird|p1b: Ceruledge
|-enditem|p1b: Ceruledge|Focus Sash
|-damage|p1b: Ceruledge|1/100
|-ability|p1b: Ceruledge|Weak Armor|boost
|-unboost|p1b: Ceruledge|def|1
|-boost|p1b: Ceruledge|spe|2
|-damage|p2b: Staraptor|0 fnt|[from] Recoil
|faint|p2b: Staraptor
|move|p1b: Ceruledge|Bitter Blade|p2a: Whimsicott
|-supereffective|p2a: Whimsicott|1
|-enditem|p2a: Whimsicott|Focus Sash
|-damage|p2a: Whimsicott|1/100
|-heal|p1b: Ceruledge|45/100|[from] drain|[of] p2a: Whimsicott
|
|upkeep
|
|t:|1784745325
|switch|p2b: Incineroar|Incineroar, L50, F, shiny|68/100
|-ability|p2b: Incineroar|Intimidate|boost
|-unboost|p1b: Ceruledge|atk|1
|turn|7
|
|t:|1784745339
|move|p2a: Whimsicott|Moonblast|p1b: Ceruledge
|-resisted|p1b: Ceruledge|1
|-damage|p1b: Ceruledge|23/100
|move|p1b: Ceruledge|Bitter Blade|p2b: Incineroar
|-resisted|p2b: Incineroar|1
|-damage|p2b: Incineroar|50/100y
|-heal|p1b: Ceruledge|35/100|[from] drain|[of] p2b: Incineroar
|move|p2b: Incineroar|Darkest Lariat|p1b: Ceruledge
|-supereffective|p1b: Ceruledge|1
|-damage|p1b: Ceruledge|0 fnt
|faint|p1b: Ceruledge
|
|win|CrapTalka
