|j|☆BigPMEP
|j|☆testdigi
|html|BigPMEPtestdigi    
|uhtml|bestof|Game 1 of a best-of-3
|t:|1785323622
|gametype|doubles
|player|p1|BigPMEP|fantina|1065
|player|p2|testdigi|169|1155
|gen|9
|tier|[Gen 9 Champions] VGC 2026 Reg M-B (Bo3)
|rated|
|rule|Species Clause: Limit one of each Pokémon
|rule|Item Clause: Limit 1 of each item
|clearpoke
|poke|p1|Meowstic, L50, M|
|poke|p1|Alakazam, L50, M, shiny|
|poke|p1|Dragonite, L50, M|
|poke|p1|Glimmora, L50, F|
|poke|p1|Tinkaton, L50, F|
|poke|p1|Blaziken, L50, M|
|poke|p2|Tyranitar, L50, F|
|poke|p2|Excadrill, L50, F|
|poke|p2|Gholdengo, L50, shiny|
|poke|p2|Milotic, L50, F, shiny|
|poke|p2|Sinistcha, L50|
|poke|p2|Staraptor, L50, F|
|teampreview|4
|showteam|p1|Meowstic||MentalHerb|Prankster|PsychicTerrain,HelpingHand,Reflect,LightScreen|Calm||M|||50|]Alakazam||Alakazite|MagicGuard|ExpandingForce,Protect,ShadowBall,DazzlingGleam|Timid||M|||50|]Dragonite||Dragoninite|Multiscale|Tailwind,DracoMeteor,Protect,AirSlash|Modest||M|||50|]Glimmora||PoisonBarb|ToxicDebris|SpikyShield,MortalSpin,EarthPower,Venoshock|Naive||F|||50|]Tinkaton||ShucaBerry|MoldBreaker|FakeOut,GigatonHammer,PlayRough,KnockOff|Jolly||F|||50|]Blaziken||FocusSash|SpeedBoost|SwordsDance,CloseCombat,BlazeKick,Detect|Adamant||M|||50|
|showteam|p2|Tyranitar||Tyranitarite|SandStream|RockSlide,KnockOff,LowKick,Protect|Jolly||F|||50|]Excadrill||FocusSash|SandRush|HighHorsepower,IronHead,RockSlide,Protect|Adamant||F|||50|]Gholdengo||LifeOrb|GoodasGold|ShadowBall,MakeItRain,NastyPlot,Protect|Modest|||||50|]Milotic||SitrusBerry|Competitive|Scald,IceBeam,IcyWind,Protect|Calm||F|||50|]Sinistcha||ColburBerry|Hospitality|MatchaGotcha,ShadowBall,RagePowder,Protect|Bold|||||50|]Staraptor||Staraptite|Intimidate|CloseCombat,BraveBird,Tailwind,Protect|Jolly||F|||50|
|inactive|Battle timer is ON: inactive players will automatically lose when time's up. (requested by BigPMEP)
|inactive|testdigi has 60 seconds left.
|
|t:|1785323713
|teamsize|p1|4
|teamsize|p2|4
|start
|switch|p1a: Glimmora|Glimmora, L50, F|100/100
|switch|p1b: Blaziken|Blaziken, L50, M|100/100
|switch|p2a: Gholdengo|Gholdengo, L50, shiny|100/100
|switch|p2b: Excadrill|Excadrill, L50, F|100/100
|turn|1
|
|t:|1785323736
|switch|p2a: Tyranitar|Tyranitar, L50, F|100/100
|-weather|Sandstorm|[from] ability: Sand Stream|[of] p2a: Tyranitar
|move|p1a: Glimmora|Spiky Shield|p1a: Glimmora
|-singleturn|p1a: Glimmora|move: Protect
|move|p1b: Blaziken|Detect|p1b: Blaziken
|-singleturn|p1b: Blaziken|Protect
|move|p2b: Excadrill|Rock Slide|p1a: Glimmora|[spread] 
|-activate|p1a: Glimmora|move: Protect
|-activate|p1b: Blaziken|move: Protect
|
|-weather|Sandstorm|[upkeep]
|-damage|p1b: Blaziken|94/100|[from] Sandstorm
|-ability|p1b: Blaziken|Speed Boost|boost
|-boost|p1b: Blaziken|spe|1
|upkeep
|turn|2
|inactive|BigPMEP has 30 seconds left.
|inactive|testdigi has 30 seconds left.
|
|t:|1785323768
|detailschange|p2a: Tyranitar|Tyranitar-Mega, L50, F
|-mega|p2a: Tyranitar|Tyranitar|Tyranitarite
|move|p2a: Tyranitar|Protect|p2a: Tyranitar
|-singleturn|p2a: Tyranitar|Protect
|move|p2b: Excadrill|High Horsepower|p1b: Blaziken
|-supereffective|p1b: Blaziken|1
|-damage|p1b: Blaziken|0 fnt
|faint|p1b: Blaziken
|move|p1a: Glimmora|Earth Power|p2a: Tyranitar
|-activate|p2a: Tyranitar|move: Protect
|
|-weather|Sandstorm|[upkeep]
|upkeep
|
|t:|1785323779
|switch|p1b: Meowstic|Meowstic, L50, M|100/100
|turn|3
|
|t:|1785323798
|move|p1b: Meowstic|Reflect|p1b: Meowstic
|-sidestart|p1: BigPMEP|Reflect
|move|p2b: Excadrill|Rock Slide|p1a: Glimmora|[spread] p1a,p1b
|-crit|p1b: Meowstic
|-damage|p1a: Glimmora|81/100
|-damage|p1b: Meowstic|60/100
|-activate|p1a: Glimmora|ability: Toxic Debris
|-sidestart|p2: testdigi|move: Toxic Spikes
|move|p1a: Glimmora|Earth Power|p2a: Tyranitar
|-supereffective|p2a: Tyranitar|1
|-damage|p2a: Tyranitar|67/100
|move|p2a: Tyranitar|Knock Off|p1b: Meowstic
|-supereffective|p1b: Meowstic|1
|-damage|p1b: Meowstic|0 fnt
|-enditem|p1b: Meowstic|Mental Herb|[from] move: Knock Off|[of] p2a: Tyranitar
|faint|p1b: Meowstic
|
|-weather|Sandstorm|[upkeep]
|upkeep
|
|t:|1785323813
|switch|p1b: Alakazam|Alakazam, L50, M, shiny|100/100
|turn|4
|inactive|testdigi has 30 seconds left.
|
|t:|1785323848
|detailschange|p1b: Alakazam|Alakazam-Mega, L50, M, shiny
|-mega|p1b: Alakazam|Alakazam|Alakazite
|-ability|p1b: Alakazam|Sand Stream|Trace|[from] ability: Trace|[of] p2a: Tyranitar
|move|p2a: Tyranitar|Protect|p2a: Tyranitar
|-singleturn|p2a: Tyranitar|Protect
|move|p2b: Excadrill|High Horsepower|p1a: Glimmora
|-supereffective|p1a: Glimmora|2
|-damage|p1a: Glimmora|0 fnt
|-activate|p1a: Glimmora|ability: Toxic Debris
|-sidestart|p2: testdigi|move: Toxic Spikes
|faint|p1a: Glimmora
|move|p1b: Alakazam|Dazzling Gleam|p2a: Tyranitar|[spread] p2b
|-activate|p2a: Tyranitar|move: Protect
|-resisted|p2b: Excadrill|1
|-damage|p2b: Excadrill|83/100
|
|-weather|Sandstorm|[upkeep]
|-damage|p1b: Alakazam|93/100|[from] Sandstorm
|upkeep
|turn|5
|-message|BigPMEP forfeited.
|
|win|testdigi
|l|☆BigPMEP
|player|p1|
||testdigi is ready for game 2.
|raw|BigPMEP's rating: 1065 → 1050(-15 for losing)
|raw|testdigi's rating: 1155 → 1174(+19 for winning)
