|j|☆pakaan64
|j|☆jonen
|html|pakaan64jonen    
|uhtml|bestof|Game 3 of a best-of-3
|t:|1756472381
|gametype|doubles
|player|p1|pakaan64|2|1104
|player|p2|jonen|ruinmaniac-gen3|1208
|gen|9
|tier|[Gen 9] VGC 2025 Reg H (Bo3)
|rated|
|rule|Species Clause: Limit one of each Pokémon
|rule|Item Clause: Limit 1 of each item
|clearpoke
|poke|p1|Ursaluna, L50, M|
|poke|p1|Indeedee-F, L50, F|
|poke|p1|Hydreigon, L50, F|
|poke|p1|Electabuzz, L50, M|
|poke|p1|Delphox, L50, F|
|poke|p1|Amoonguss, L50, F|
|poke|p2|Garchomp, L50, F|
|poke|p2|Weezing-Galar, L50, F|
|poke|p2|Archaludon, L50, F|
|poke|p2|Gholdengo, L50|
|poke|p2|Talonflame, L50, M|
|poke|p2|Annihilape, L50, F|
|teampreview|4
|showteam|p1|Ursaluna||FlameOrb|Guts|HeadlongRush,Protect,Earthquake,Facade|||M|||50|,,,,,Ghost]Indeedee-F||SitrusBerry|PsychicSurge|Protect,FollowMe,Psychic,TrickRoom|||F|||50|,,,,,Fairy]Hydreigon||CovertCloak|Levitate|Tailwind,DracoMeteor,DarkPulse,Protect|||F|||50|,,,,,Poison]Electabuzz||Eviolite|VitalSpirit|FollowMe,Protect,Electroweb,HelpingHand|||M|||50|,,,,,Fairy]Delphox||LifeOrb|Blaze|TeraBlast,ExpandingForce,Protect,HeatWave|||F|||50|,,,,,Fighting]Amoonguss||RockyHelmet|Regenerator|Spore,Protect,PollenPuff,SludgeBomb|||F|||50|,,,,,Fire
|showteam|p2|Garchomp||LifeOrb|RoughSkin|DragonClaw,Earthquake,StompingTantrum,Protect|||F|||50|,,,,,Ground]Weezing-Galar||FocusSash|NeutralizingGas|Protect,SludgeBomb,Taunt,StrangeSteam|||F|||50|,,,,,Flying]Archaludon||PowerHerb|Sturdy|ElectroShot,Thunderbolt,DracoMeteor,Protect|||F|||50|,,,,,Electric]Gholdengo||ChoiceSpecs|GoodasGold|ShadowBall,DazzlingGleam,PowerGem,MakeItRain||||||50|,,,,,Fairy]Talonflame||CovertCloak|GaleWings|Tailwind,DualWingbeat,WillOWisp,FlareBlitz|||M|||50|,,,,,Fairy]Annihilape||AssaultVest|Defiant|CloseCombat,RageFist,FinalGambit,IcePunch|||F|||50|,,,,,Grass
|
|t:|1756472401
|teamsize|p1|4
|teamsize|p2|4
|start
|switch|p1a: Indeedee|Indeedee-F, L50, F|100/100
|switch|p1b: Delphox|Delphox, L50, F|100/100
|switch|p2a: Talonflame|Talonflame, L50, M|100/100
|switch|p2b: Annihilape|Annihilape, L50, F|100/100
|-fieldstart|move: Psychic Terrain|[from] ability: Psychic Surge|[of] p1a: Indeedee
|turn|1
|
|t:|1756472415
|move|p1a: Indeedee|Follow Me|p1a: Indeedee
|-singleturn|p1a: Indeedee|move: Follow Me
|move|p2a: Talonflame|Tailwind|p2a: Talonflame
|-sidestart|p2: jonen|move: Tailwind
|move|p2b: Annihilape|Final Gambit|p1a: Indeedee
|-damage|p1a: Indeedee|0 fnt
|faint|p2b: Annihilape
|faint|p1a: Indeedee
|move|p1b: Delphox|Expanding Force|p2a: Talonflame
|-damage|p2a: Talonflame|0 fnt
|faint|p2a: Talonflame
|-damage|p1b: Delphox|90/100|[from] item: Life Orb
|
|upkeep
|
|t:|1756472431
|switch|p2a: Garchomp|Garchomp, L50, F|100/100
|switch|p2b: Gholdengo|Gholdengo, L50|100/100
|switch|p1a: Ursaluna|Ursaluna, L50, M|100/100
|turn|2
|
|t:|1756472451
|-terastallize|p2b: Gholdengo|Fairy
|move|p1b: Delphox|Protect|p1b: Delphox
|-singleturn|p1b: Delphox|Protect
|move|p1a: Ursaluna|Protect|p1a: Ursaluna
|-singleturn|p1a: Ursaluna|Protect
|move|p2a: Garchomp|Stomping Tantrum|p1b: Delphox
|-activate|p1b: Delphox|move: Protect
|move|p2b: Gholdengo|Dazzling Gleam|p1a: Ursaluna|[spread] 
|-activate|p1a: Ursaluna|move: Protect
|-activate|p1b: Delphox|move: Protect
|
|-status|p1a: Ursaluna|brn|[from] item: Flame Orb
|upkeep
|turn|3
|
|t:|1756472488
|switch|p1b: Electabuzz|Electabuzz, L50, M|100/100
|move|p2a: Garchomp|Earthquake|p1b: Electabuzz|[spread] p2b,p1a,p1b
|-crit|p2b: Gholdengo
|-supereffective|p1b: Electabuzz
|-damage|p2b: Gholdengo|21/100
|-damage|p1a: Ursaluna|65/100 brn
|-damage|p1b: Electabuzz|0 fnt
|faint|p1b: Electabuzz
|-damage|p2a: Garchomp|91/100|[from] item: Life Orb
|move|p2b: Gholdengo|Dazzling Gleam|p1a: Ursaluna
|-damage|p1a: Ursaluna|4/100 brn
|move|p1a: Ursaluna|Facade|p2b: Gholdengo
|-damage|p2b: Gholdengo|0 fnt
|faint|p2b: Gholdengo
|
|-damage|p1a: Ursaluna|0 fnt|[from] brn
|faint|p1a: Ursaluna
|upkeep
|
|t:|1756472498
|switch|p1b: Delphox|Delphox, L50, F|90/100
|turn|4
|
|t:|1756472514
|move|p1b: Delphox|Protect|p1b: Delphox
|-singleturn|p1b: Delphox|Protect
|move|p2a: Garchomp|Stomping Tantrum|p1b: Delphox
|-activate|p1b: Delphox|move: Protect
|
|-sideend|p2: jonen|move: Tailwind
|upkeep
|turn|5
|
|t:|1756472521
|move|p2a: Garchomp|Protect|p2a: Garchomp
|-singleturn|p2a: Garchomp|Protect
|move|p1b: Delphox|Expanding Force|p2a: Garchomp
|-activate|p2a: Garchomp|move: Protect
|
|-fieldend|move: Psychic Terrain
|upkeep
|turn|6
|
|t:|1756472541
|-terastallize|p1b: Delphox|Fighting
|move|p1b: Delphox|Tera Blast|p2a: Garchomp|[anim] Tera Blast Fighting
|-damage|p2a: Garchomp|39/100
|-damage|p1b: Delphox|80/100|[from] item: Life Orb
|move|p2a: Garchomp|Dragon Claw|p1b: Delphox
|-damage|p1b: Delphox|0 fnt
|faint|p1b: Delphox
|-damage|p2a: Garchomp|29/100|[from] item: Life Orb
|
|win|jonen
|raw|pakaan64's rating: 1104 → 1086(-18 for losing)
|raw|jonen's rating: 1208 → 1226(+18 for winning)
