|j|☆ZZSACHI
|j|☆ILoveMIR
|html|ZZSACHIILoveMIR    
|uhtml|bestof|Game 1 of a best-of-3
|t:|1783722698
|gametype|doubles
|player|p1|ZZSACHI|266|1375
|player|p2|ILoveMIR|shauntal|1441
|gen|9
|tier|[Gen 9 Champions] VGC 2026 Reg M-B (Bo3)
|rated|
|rule|Species Clause: Limit one of each Pokémon
|rule|Item Clause: Limit 1 of each item
|clearpoke
|poke|p1|Aerodactyl, L50, M|
|poke|p1|Garchomp, L50, M|
|poke|p1|Kingambit, L50, F|
|poke|p1|Charizard, L50, F|
|poke|p1|Sylveon, L50, M|
|poke|p1|Farigiraf, L50, M|
|poke|p2|Blaziken, L50, F|
|poke|p2|Toxapex, L50, F|
|poke|p2|Kingambit, L50, F|
|poke|p2|Sneasler, L50, M|
|poke|p2|Froslass, L50, F|
|poke|p2|Dragonite, L50, M|
|teampreview|4
|showteam|p1|Aerodactyl||Aerodactylite|Unnerve|IceFang,RockSlide,Tailwind,DualWingbeat|Jolly||M|||50|]Garchomp||LifeOrb|RoughSkin|DragonClaw,StompingTantrum,Earthquake,Protect|Jolly||M|||50|]Kingambit||FocusSash|Defiant|SuckerPunch,KowtowCleave,IronHead,LowKick|Adamant||F|||50|]Charizard||CharizarditeY|Blaze|Protect,WeatherBall,HeatWave,SolarBeam|Modest||F|||50|]Sylveon||FairyFeather|Pixilate|Detect,HyperVoice,HyperBeam,QuickAttack|Modest||M|||50|]Farigiraf||SitrusBerry|ArmorTail|TrickRoom,Thunderbolt,Roar,TwinBeam|Bold||M|||50|
|showteam|p2|Blaziken||Blazikenite|SpeedBoost|FlareBlitz,CloseCombat,RockSlide,Detect|Adamant||F|||50|]Toxapex||Leftovers|Regenerator|Infestation,Toxic,WideGuard,BanefulBunker|Calm||F|||50|]Kingambit||BlackGlasses|Defiant|SuckerPunch,KowtowCleave,IronHead,Protect|Adamant||F|||50|]Sneasler||FocusSash|PoisonTouch|FakeOut,CloseCombat,PoisonJab,Protect|Adamant||M|||50|]Froslass||Froslassite|CursedBody|Blizzard,ShadowBall,AuroraVeil,Protect|Modest||F|||50|]Dragonite||LifeOrb|InnerFocus|DragonClaw,LowKick,ExtremeSpeed,Protect|Adamant||M|||50|
|inactive|Battle timer is ON: inactive players will automatically lose when time's up. (requested by ILoveMIR)
|inactive|ZZSACHI has 60 seconds left.
|inactive|ILoveMIR has 60 seconds left.
|inactive|ILoveMIR has 30 seconds left.
|inactive|ILoveMIR has 20 seconds left.
|inactive|ILoveMIR has 15 seconds left.
|inactive|ILoveMIR has 10 seconds left.
|inactive|ILoveMIR has 5 seconds left.
|
|t:|1783722786
|teamsize|p1|4
|teamsize|p2|4
|start
|switch|p1a: Aerodactyl|Aerodactyl, L50, M|100/100
|switch|p1b: Kingambit|Kingambit, L50, F|100/100
|switch|p2a: Blaziken|Blaziken, L50, F|100/100
|switch|p2b: Toxapex|Toxapex, L50, F|100/100
|-ability|p1a: Aerodactyl|Unnerve
|turn|1
|
|t:|1783722808
|detailschange|p1a: Aerodactyl|Aerodactyl-Mega, L50, M
|-mega|p1a: Aerodactyl|Aerodactyl|Aerodactylite
|detailschange|p2a: Blaziken|Blaziken-Mega, L50, F
|-mega|p2a: Blaziken|Blaziken|Blazikenite
|move|p2a: Blaziken|Detect|p2a: Blaziken
|-singleturn|p2a: Blaziken|Protect
|move|p1a: Aerodactyl|Tailwind|p1a: Aerodactyl
|-sidestart|p1: ZZSACHI|move: Tailwind
|move|p1b: Kingambit|Kowtow Cleave|p2b: Toxapex
|-damage|p2b: Toxapex|61/100
|move|p2b: Toxapex|Infestation|p1b: Kingambit
|-damage|p1b: Kingambit|96/100
|-activate|p1b: Kingambit|move: Infestation|[of] p2b: Toxapex
|
|-heal|p2b: Toxapex|66/100|[from] item: Leftovers
|-damage|p1b: Kingambit|84/100|[from] move: Infestation|[partiallytrapped]
|-ability|p2a: Blaziken|Speed Boost|boost
|-boost|p2a: Blaziken|spe|1
|upkeep
|turn|2
|
|t:|1783722831
|switch|p2a: Dragonite|Dragonite, L50, M|100/100
|move|p1a: Aerodactyl|Dual Wingbeat|p2a: Dragonite
|-damage|p2a: Dragonite|72/100
|-damage|p2a: Dragonite|46/100
|-hitcount|p2a: Dragonite|2
|move|p1b: Kingambit|Kowtow Cleave|p2a: Dragonite
|-damage|p2a: Dragonite|0 fnt
|faint|p2a: Dragonite
|move|p2b: Toxapex|Infestation|p1a: Aerodactyl
|-resisted|p1a: Aerodactyl|1
|-damage|p1a: Aerodactyl|98/100
|-activate|p1a: Aerodactyl|move: Infestation|[of] p2b: Toxapex
|
|-heal|p2b: Toxapex|72/100|[from] item: Leftovers
|-damage|p1a: Aerodactyl|85/100|[from] move: Infestation|[partiallytrapped]
|-damage|p1b: Kingambit|71/100|[from] move: Infestation|[partiallytrapped]
|upkeep
|
|t:|1783722837
|switch|p2a: Kingambit|Kingambit, L50, F|100/100
|turn|3
|inactive|ZZSACHI has 30 seconds left.
|
|t:|1783722867
|move|p2a: Kingambit|Protect|p2a: Kingambit
|-singleturn|p2a: Kingambit|Protect
|move|p1a: Aerodactyl|Rock Slide|p2b: Toxapex|[spread] p2b
|-activate|p2a: Kingambit|move: Protect
|-damage|p2b: Toxapex|53/100
|move|p1b: Kingambit|Low Kick|p2a: Kingambit
|-activate|p2a: Kingambit|move: Protect
|move|p2b: Toxapex|Toxic|p1a: Aerodactyl
|-status|p1a: Aerodactyl|tox
|
|-heal|p2b: Toxapex|59/100|[from] item: Leftovers
|-damage|p1a: Aerodactyl|79/100 tox|[from] psn
|-damage|p1a: Aerodactyl|67/100 tox|[from] move: Infestation|[partiallytrapped]
|-damage|p1b: Kingambit|59/100|[from] move: Infestation|[partiallytrapped]
|upkeep
|turn|4
|
|t:|1783722882
|move|p2b: Toxapex|Baneful Bunker|p2b: Toxapex
|-singleturn|p2b: Toxapex|move: Protect
|move|p2a: Kingambit|Sucker Punch|p1a: Aerodactyl
|-damage|p1a: Aerodactyl|7/100 tox
|move|p1a: Aerodactyl|Rock Slide|p2a: Kingambit|[spread] 
|-activate|p2b: Toxapex|move: Protect
|-miss|p1a: Aerodactyl|p2a: Kingambit
|move|p1b: Kingambit|Low Kick|p2a: Kingambit
|-supereffective|p2a: Kingambit|2
|-damage|p2a: Kingambit|0 fnt
|faint|p2a: Kingambit
|
|-heal|p2b: Toxapex|64/100|[from] item: Leftovers
|-damage|p1a: Aerodactyl|0 fnt|[from] psn
|faint|p1a: Aerodactyl
|-damage|p1b: Kingambit|46/100|[from] move: Infestation|[partiallytrapped]
|-sideend|p1: ZZSACHI|move: Tailwind
|upkeep
|
|t:|1783722898
|switch|p1a: Farigiraf|Farigiraf, L50, M|100/100
|switch|p2a: Blaziken|Blaziken-Mega, L50, F|100/100
|turn|5
|inactive|ILoveMIR has 30 seconds left.
|
|t:|1783722925
|move|p1b: Kingambit|Sucker Punch|p2a: Blaziken
|-resisted|p2a: Blaziken|1
|-damage|p2a: Blaziken|71/100
|move|p2a: Blaziken|Flare Blitz|p1a: Farigiraf
|-damage|p1a: Farigiraf|34/100
|-enditem|p1a: Farigiraf|Sitrus Berry|[eat]
|-heal|p1a: Farigiraf|59/100|[from] item: Sitrus Berry
|-damage|p2a: Blaziken|40/100|[from] Recoil
|move|p2b: Toxapex|Infestation|p1a: Farigiraf
|-supereffective|p1a: Farigiraf|1
|-crit|p1a: Farigiraf
|-damage|p1a: Farigiraf|48/100
|-activate|p1a: Farigiraf|move: Infestation|[of] p2b: Toxapex
|move|p1a: Farigiraf|Trick Room|p1a: Farigiraf
|-fieldstart|move: Trick Room|[of] p1a: Farigiraf
|
|-heal|p2b: Toxapex|70/100|[from] item: Leftovers
|-damage|p1a: Farigiraf|35/100|[from] move: Infestation|[partiallytrapped]
|-end|p1b: Kingambit|Infestation|[partiallytrapped]
|-ability|p2a: Blaziken|Speed Boost|boost
|-boost|p2a: Blaziken|spe|1
|upkeep
|turn|6
|
|t:|1783722947
|move|p2b: Toxapex|Baneful Bunker|p2b: Toxapex
|-singleturn|p2b: Toxapex|move: Protect
|move|p2a: Blaziken|Detect|p2a: Blaziken
|-singleturn|p2a: Blaziken|Protect
|move|p1a: Farigiraf|Twin Beam|p2b: Toxapex
|-activate|p2b: Toxapex|move: Protect
|move|p1b: Kingambit|Kowtow Cleave|p2a: Blaziken
|-activate|p2a: Blaziken|move: Protect
|
|-heal|p2b: Toxapex|76/100|[from] item: Leftovers
|-damage|p1a: Farigiraf|23/100|[from] move: Infestation|[partiallytrapped]
|-ability|p2a: Blaziken|Speed Boost|boost
|-boost|p2a: Blaziken|spe|1
|upkeep
|turn|7
|inactive|ZZSACHI has 30 seconds left.
|inactive|ZZSACHI has 20 seconds left.
|inactive|ZZSACHI has 15 seconds left.
|
|t:|1783722993
|move|p2b: Toxapex|Infestation|p1b: Kingambit
|-damage|p1b: Kingambit|42/100
|-activate|p1b: Kingambit|move: Infestation|[of] p2b: Toxapex
|move|p1a: Farigiraf|Twin Beam|p2b: Toxapex
|-supereffective|p2b: Toxapex|1
|-damage|p2b: Toxapex|56/100
|-supereffective|p2b: Toxapex|1
|-damage|p2b: Toxapex|35/100
|-hitcount|p2b: Toxapex|2
|move|p1b: Kingambit|Kowtow Cleave|p2a: Blaziken
|-resisted|p2a: Blaziken|1
|-damage|p2a: Blaziken|8/100
|move|p2a: Blaziken|Close Combat|p1a: Farigiraf
|-damage|p1a: Farigiraf|0 fnt
|-unboost|p2a: Blaziken|def|1
|-unboost|p2a: Blaziken|spd|1
|faint|p1a: Farigiraf
|
|-heal|p2b: Toxapex|41/100|[from] item: Leftovers
|-damage|p1b: Kingambit|30/100|[from] move: Infestation|[partiallytrapped]
|-ability|p2a: Blaziken|Speed Boost|boost
|-boost|p2a: Blaziken|spe|1
|upkeep
|
|t:|1783723011
|switch|p1a: Sylveon|Sylveon, L50, M|100/100
|turn|8
|
|t:|1783723025
|move|p2a: Blaziken|Detect|p2a: Blaziken
|-singleturn|p2a: Blaziken|Protect
|move|p2b: Toxapex|Toxic|p1a: Sylveon
|-status|p1a: Sylveon|tox
|move|p1a: Sylveon|Hyper Voice|p2b: Toxapex|[spread] p2b
|-activate|p2a: Blaziken|move: Protect
|-resisted|p2b: Toxapex|1
|-damage|p2b: Toxapex|24/100
|move|p1b: Kingambit|Kowtow Cleave|p2b: Toxapex
|-damage|p2b: Toxapex|0 fnt
|faint|p2b: Toxapex
|
|-damage|p1a: Sylveon|93/100 tox|[from] psn
|-end|p1b: Kingambit|Infestation|[partiallytrapped]|[silent]
|-ability|p2a: Blaziken|Speed Boost|boost
|-boost|p2a: Blaziken|spe|1
|upkeep
|turn|9
|-message|ILoveMIR forfeited.
|
|win|ZZSACHI
