|j|☆Chochito Pelao
|j|☆xxsismoxx
|html|Chochito Pelaoxxsismoxx    
|uhtml|bestof|Game 1 of a best-of-3
|t:|1784656840
|gametype|doubles
|player|p1|Chochito Pelao|striker|
|player|p2|xxsismoxx|lance|
|gen|9
|tier|[Gen 9 Champions] VGC 2026 Reg M-B (Bo3)
|rule|Species Clause: Limit one of each Pokémon
|rule|Item Clause: Limit 1 of each item
|clearpoke
|poke|p1|Tyranitar, L50, F|
|poke|p1|Excadrill, L50, F|
|poke|p1|Gholdengo, L50|
|poke|p1|Sinistcha, L50|
|poke|p1|Staraptor, L50, F|
|poke|p1|Milotic, L50, F|
|poke|p2|Aerodactyl, L50, F|
|poke|p2|Garchomp, L50, F, shiny|
|poke|p2|Kingambit, L50, F, shiny|
|poke|p2|Charizard, L50, M, shiny|
|poke|p2|Sylveon, L50, F, shiny|
|poke|p2|Farigiraf, L50, M|
|teampreview|4
|showteam|p1|Tyranitar||Tyranitarite|SandStream|RockSlide,KnockOff,LowKick,Protect|Adamant||F|||50|]Excadrill||FocusSash|SandRush|IronHead,HighHorsepower,RockSlide,Protect|Adamant||F|||50|]Gholdengo||LifeOrb|GoodasGold|ShadowBall,MakeItRain,NastyPlot,Protect|Modest|||||50|]Sinistcha||ColburBerry|Hospitality|MatchaGotcha,RagePowder,TrickRoom,Protect|Bold|||||50|]Staraptor||Staraptite|Intimidate|BraveBird,CloseCombat,Tailwind,Protect|Jolly||F|||50|]Milotic||Leftovers|Competitive|MuddyWater,Hypnosis,Coil,Recover|Calm||F|||50|
|showteam|p2|Aerodactyl||Aerodactylite|Unnerve|IceFang,RockSlide,Tailwind,DualWingbeat|Jolly||F|||50|]Garchomp||LifeOrb|RoughSkin|DragonClaw,StompingTantrum,Earthquake,Protect|Jolly||F|||50|]Kingambit||FocusSash|Defiant|SuckerPunch,KowtowCleave,IronHead,LowKick|Adamant||F|||50|]Charizard||CharizarditeY|SolarPower|Protect,WeatherBall,HeatWave,SolarBeam|Modest||M|||50|]Sylveon||FairyFeather|Pixilate|Protect,HyperVoice,HyperBeam,QuickAttack|Modest||F|||50|]Farigiraf||SitrusBerry|ArmorTail|TrickRoom,Thunderbolt,Roar,Psychic|Relaxed||M|||50|
|j| qqcantabalarana
|c|☆Chochito Pelao|suerte!!
|j| Kingsman11
|c|☆Chochito Pelao|si quieres poner timer adelante
|
|t:|1784656929
|teamsize|p1|4
|teamsize|p2|4
|start
|switch|p1a: Tyranitar|Tyranitar, L50, F|100/100
|switch|p1b: Excadrill|Excadrill, L50, F|100/100
|switch|p2a: Garchomp|Garchomp, L50, F, shiny|100/100
|switch|p2b: Sylveon|Sylveon, L50, F, shiny|100/100
|-weather|Sandstorm|[from] ability: Sand Stream|[of] p1a: Tyranitar
|turn|1
|j| Shishio_Ax
|
|t:|1784656971
|move|p2b: Sylveon|Protect|p2b: Sylveon
|-singleturn|p2b: Sylveon|Protect
|move|p1b: Excadrill|High Horsepower|p2a: Garchomp
|-damage|p2a: Garchomp|39/100
|-damage|p1b: Excadrill|87/100|[from] ability: Rough Skin|[of] p2a: Garchomp
|move|p2a: Garchomp|Earthquake|p1a: Tyranitar|[spread] p1a,p1b
|-activate|p2b: Sylveon|move: Protect
|-supereffective|p1a: Tyranitar|1
|-supereffective|p1b: Excadrill|1
|-damage|p1a: Tyranitar|19/100
|-damage|p1b: Excadrill|0 fnt
|faint|p1b: Excadrill
|-damage|p2a: Garchomp|29/100|[from] item: Life Orb
|move|p1a: Tyranitar|Knock Off|p2a: Garchomp
|-damage|p2a: Garchomp|0 fnt
|-damage|p1a: Tyranitar|6/100|[from] ability: Rough Skin|[of] p2a: Garchomp
|-enditem|p2a: Garchomp|Life Orb|[from] move: Knock Off|[of] p1a: Tyranitar
|faint|p2a: Garchomp
|
|-weather|Sandstorm|[upkeep]
|-damage|p2b: Sylveon|93/100|[from] Sandstorm
|upkeep
|j| ChompyGM
|
|t:|1784656999
|switch|p2a: Charizard|Charizard, L50, M, shiny|100/100
|switch|p1b: Sinistcha|Sinistcha, L50|100/100
|-heal|p1a: Tyranitar|31/100|[from] ability: Hospitality|[of] p1b: Sinistcha
|turn|2
|
|t:|1784657030
|switch|p1b: Milotic|Milotic, L50, F|100/100
|move|p2a: Charizard|Protect|p2a: Charizard
|-singleturn|p2a: Charizard|Protect
|move|p1a: Tyranitar|Protect|p1a: Tyranitar
|-singleturn|p1a: Tyranitar|Protect
|move|p2b: Sylveon|Hyper Voice|p1b: Milotic|[spread] p1b
|-activate|p1a: Tyranitar|move: Protect
|-damage|p1b: Milotic|67/100
|
|-weather|Sandstorm|[upkeep]
|-damage|p2a: Charizard|93/100|[from] Sandstorm
|-damage|p1b: Milotic|61/100|[from] Sandstorm
|-damage|p2b: Sylveon|87/100|[from] Sandstorm
|-heal|p1b: Milotic|67/100|[from] item: Leftovers
|upkeep
|turn|3
|
|t:|1784657050
|switch|p2a: Kingambit|Kingambit, L50, F, shiny|100/100
|detailschange|p1a: Tyranitar|Tyranitar-Mega, L50, F
|-mega|p1a: Tyranitar|Tyranitar|Tyranitarite
|move|p1a: Tyranitar|Rock Slide|p2b: Sylveon|[spread] p2a,p2b
|-resisted|p2a: Kingambit|1
|-damage|p2a: Kingambit|85/100
|-damage|p2b: Sylveon|44/100
|move|p1b: Milotic|Hypnosis|p2b: Sylveon
|-status|p2b: Sylveon|slp|[from] move: Hypnosis
|cant|p2b: Sylveon|slp
|
|-weather|Sandstorm|[upkeep]
|-damage|p1b: Milotic|61/100|[from] Sandstorm
|-damage|p2b: Sylveon|38/100 slp|[from] Sandstorm
|-heal|p1b: Milotic|67/100|[from] item: Leftovers
|upkeep
|turn|4
|j| Pokemonalpha.es
|
|t:|1784657074
|move|p1a: Tyranitar|Low Kick|p2a: Kingambit
|-supereffective|p2a: Kingambit|2
|-crit|p2a: Kingambit
|-damage|p2a: Kingambit|0 fnt
|faint|p2a: Kingambit
|move|p1b: Milotic|Muddy Water|p2b: Sylveon
|-damage|p2b: Sylveon|12/100 slp
|-unboost|p2b: Sylveon|accuracy|1
|-curestatus|p2b: Sylveon|slp|[msg]
|move|p2b: Sylveon|Hyper Voice|p1b: Milotic|[spread] p1a,p1b
|-supereffective|p1a: Tyranitar|1
|-damage|p1a: Tyranitar|0 fnt
|-damage|p1b: Milotic|36/100
|faint|p1a: Tyranitar
|
|-weather|Sandstorm|[upkeep]
|-damage|p1b: Milotic|30/100|[from] Sandstorm
|-damage|p2b: Sylveon|6/100|[from] Sandstorm
|-heal|p1b: Milotic|36/100|[from] item: Leftovers
|upkeep
|
|t:|1784657081
|switch|p1a: Sinistcha|Sinistcha, L50|100/100
|switch|p2a: Charizard|Charizard, L50, M, shiny|93/100
|-heal|p1b: Milotic|60/100|[from] ability: Hospitality|[of] p1a: Sinistcha
|turn|5
|
|t:|1784657120
|detailschange|p2a: Charizard|Charizard-Mega-Y, L50, M, shiny
|-mega|p2a: Charizard|Charizard|Charizardite Y
|-weather|SunnyDay|[from] ability: Drought|[of] p2a: Charizard
|move|p2a: Charizard|Weather Ball|p1a: Sinistcha
|-supereffective|p1a: Sinistcha|1
|-damage|p1a: Sinistcha|0 fnt
|faint|p1a: Sinistcha
|move|p1b: Milotic|Hypnosis|p2a: Charizard|[miss]
|-miss|p1b: Milotic|p2a: Charizard
|move|p2b: Sylveon|Hyper Beam|p1b: Milotic
|-damage|p1b: Milotic|0 fnt
|-mustrecharge|p2b: Sylveon
|faint|p1b: Milotic
|
|win|xxsismoxx
||Chochito Pelao is ready for game 2.
|inactive|xxsismoxx has 30 seconds to confirm battle start!
||xxsismoxx is ready for game 2.
|uhtml|next|Next: Game 2 of 3
|j| gunsandroserade
|l|☆Chochito Pelao
|player|p1|
|l| ChompyGM
|l| gunsandroserade
|l| Shishio_Ax
|l| Pokemonalpha.es
|l| Kingsman11
|l| qqcantabalarana
|j| Ikerros2010
|l|☆xxsismoxx
|player|p2|
|j|☆xxsismoxx
|player|p2|xxsismoxx|lance|
