|j|☆RegiSIXSEVEN
|j|☆caverna1
|html|RegiSIXSEVENcaverna1    
|uhtml|bestof|Game 1 of a best-of-3
|t:|1783155784
|gametype|doubles
|player|p1|RegiSIXSEVEN|steven|1125
|player|p2|caverna1|boarder|1045
|gen|9
|tier|[Gen 9 Champions] VGC 2026 Reg M-B (Bo3)
|rated|
|rule|Species Clause: Limit one of each Pokémon
|rule|Item Clause: Limit 1 of each item
|clearpoke
|poke|p1|Gengar, L50, F, shiny|
|poke|p1|Swampert, L50, M, shiny|
|poke|p1|Incineroar, L50, M, shiny|
|poke|p1|Politoed, L50, F, shiny|
|poke|p1|Archaludon, L50, M, shiny|
|poke|p1|Vivillon-Elegant, L50, F, shiny|
|poke|p2|Sceptile, L50, F|
|poke|p2|Aerodactyl, L50, M|
|poke|p2|Gholdengo, L50|
|poke|p2|Rotom-Heat, L50|
|poke|p2|Pelipper, L50, F|
|poke|p2|Milotic, L50, F|
|teampreview|4
|showteam|p1|Gengar||Gengarite|CursedBody|ShadowBall,SludgeBomb,PerishSong,Protect|Timid||F|||50|]Swampert||Swampertite|Damp|WaveCrash,Earthquake,IcePunch,Protect|Adamant||M|||50|]Incineroar||PasshoBerry|Intimidate|FakeOut,ThroatChop,PartingShot,Protect|Sassy||M|||50|]Politoed||SitrusBerry|Drizzle|WeatherBall,Encore,PerishSong,Protect|Calm||F|||50|]Archaludon||Leftovers|Stamina|DragonPulse,FlashCannon,ElectroShot,Protect|Bold||M|||50|]Vivillon-Elegant||FocusSash|CompoundEyes|Hurricane,SleepPowder,RagePowder,Protect|Timid||F|||50|
|showteam|p2|Sceptile||Sceptilite|Overgrow|Protect,EarthPower,EnergyBall,VacuumWave|Timid||F|||50|]Aerodactyl||FocusSash|Unnerve|Tailwind,Earthquake,RockSlide,DualWingbeat|Jolly||M|||50|]Gholdengo||LifeOrb|GoodasGold|Protect,NastyPlot,ShadowBall,MakeItRain|Modest|||||50|]Rotom-Heat||ChoiceScarf|Levitate|Trick,Discharge,Overheat,Thunder|Timid|||||50|]Pelipper||SitrusBerry|Drizzle|Hurricane,Protect,WeatherBall,Tailwind|Modest||F|||50|]Milotic||Leftovers|Competitive|Protect,Scald,LifeDew,IcyWind|Bold||F|||50|
|inactive|Battle timer is ON: inactive players will automatically lose when time's up. (requested by RegiSIXSEVEN)
|inactive|caverna1 also wants the timer to be on.
|inactive|RegiSIXSEVEN has 60 seconds left.
|inactive|caverna1 has 60 seconds left.
|inactive|RegiSIXSEVEN has 30 seconds left.
|inactive|caverna1 has 30 seconds left.
|inactive|caverna1 has 20 seconds left.
|
|t:|1783155858
|teamsize|p1|4
|teamsize|p2|4
|start
|switch|p1a: Gengar|Gengar, L50, F, shiny|100/100
|switch|p1b: Incineroar|Incineroar, L50, M, shiny|100/100
|switch|p2a: Gholdengo|Gholdengo, L50|100/100
|switch|p2b: Pelipper|Pelipper, L50, F|100/100
|-weather|RainDance|[from] ability: Drizzle|[of] p2b: Pelipper
|-ability|p1b: Incineroar|Intimidate|boost
|-unboost|p2a: Gholdengo|atk|1
|-unboost|p2b: Pelipper|atk|1
|turn|1
|inactive|RegiSIXSEVEN has 30 seconds left.
|inactive|caverna1 has 30 seconds left.
|inactive|RegiSIXSEVEN has 20 seconds left.
|inactive|caverna1 has 20 seconds left.
|inactive|caverna1 has 15 seconds left.
|inactive|caverna1 has 10 seconds left.
|inactive|caverna1 has 5 seconds left.
|
|t:|1783155911
|detailschange|p1a: Gengar|Gengar-Mega, L50, F, shiny
|-mega|p1a: Gengar|Gengar|Gengarite
|move|p1b: Incineroar|Fake Out|p2b: Pelipper
|-damage|p2b: Pelipper|89/100
|move|p1a: Gengar|Shadow Ball|p2a: Gholdengo
|-supereffective|p2a: Gholdengo|1
|-damage|p2a: Gholdengo|17/100
|cant|p2b: Pelipper|flinch
|move|p2a: Gholdengo|Shadow Ball|p1a: Gengar
|-supereffective|p1a: Gengar|1
|-damage|p1a: Gengar|0 fnt
|faint|p1a: Gengar
|-damage|p2a: Gholdengo|7/100|[from] item: Life Orb
|
|-weather|RainDance|[upkeep]
|upkeep
|
|t:|1783155923
|switch|p1a: Archaludon|Archaludon, L50, M, shiny|100/100
|turn|2
|inactive|caverna1 has 30 seconds left.
|inactive|caverna1 has 20 seconds left.
|inactive|caverna1 has 15 seconds left.
|
|t:|1783155964
|switch|p2a: Sceptile|Sceptile, L50, F|100/100
|switch|p1b: Politoed|Politoed, L50, F, shiny|100/100
|move|p2b: Pelipper|Protect|p2b: Pelipper
|-singleturn|p2b: Pelipper|Protect
|move|p1a: Archaludon|Electro Shot||[still]
|-prepare|p1a: Archaludon|Electro Shot
|-boost|p1a: Archaludon|spa|1
|-anim|p1a: Archaludon|Electro Shot|p2b: Pelipper
|-activate|p2b: Pelipper|move: Protect
|
|-weather|RainDance|[upkeep]
|upkeep
|turn|3
|inactive|RegiSIXSEVEN has 30 seconds left.
|inactive|caverna1 has 30 seconds left.
|inactive|caverna1 has 20 seconds left.
|inactive|caverna1 has 15 seconds left.
|inactive|caverna1 has 10 seconds left.
|inactive|caverna1 has 5 seconds left.
|
|t:|1783156016
|switch|p1b: Incineroar|Incineroar, L50, M, shiny|100/100
|-ability|p1b: Incineroar|Intimidate|boost
|-unboost|p2a: Sceptile|atk|1
|-unboost|p2b: Pelipper|atk|1
|detailschange|p2a: Sceptile|Sceptile-Mega, L50, F
|-mega|p2a: Sceptile|Sceptile|Sceptilite
|move|p2a: Sceptile|Earth Power|p1a: Archaludon
|-supereffective|p1a: Archaludon|1
|-damage|p1a: Archaludon|44/100
|-ability|p1a: Archaludon|Stamina|boost
|-boost|p1a: Archaludon|def|1
|move|p2b: Pelipper|Tailwind|p2b: Pelipper
|-sidestart|p2: caverna1|move: Tailwind
|move|p1a: Archaludon|Dragon Pulse|p2a: Sceptile
|-supereffective|p2a: Sceptile|1
|-damage|p2a: Sceptile|0 fnt
|faint|p2a: Sceptile
|
|-weather|RainDance|[upkeep]
|-heal|p1a: Archaludon|50/100g|[from] item: Leftovers
|upkeep
|inactive|caverna1 has 30 seconds left.
|inactive|caverna1 has 20 seconds left.
|inactive|caverna1 has 15 seconds left.
|inactive|caverna1 has 10 seconds left.
|inactive|caverna1 has 5 seconds left.
|
|t:|1783156067
|switch|p2a: Gholdengo|Gholdengo, L50|7/100
|turn|4
|inactive|caverna1 has 30 seconds left.
|
|t:|1783156099
|switch|p1b: Politoed|Politoed, L50, F, shiny|100/100
|move|p1a: Archaludon|Protect|p1a: Archaludon
|-singleturn|p1a: Archaludon|Protect
|move|p2b: Pelipper|Weather Ball|p1b: Politoed
|-resisted|p1b: Politoed|1
|-damage|p1b: Politoed|76/100
|move|p2a: Gholdengo|Shadow Ball|p1a: Archaludon
|-activate|p1a: Archaludon|move: Protect
|
|-weather|RainDance|[upkeep]
|-heal|p1a: Archaludon|56/100|[from] item: Leftovers
|upkeep
|turn|5
|inactive|RegiSIXSEVEN has 30 seconds left.
|inactive|caverna1 has 30 seconds left.
|inactive|RegiSIXSEVEN has 20 seconds left.
|inactive|caverna1 has 20 seconds left.
|inactive|caverna1 has 15 seconds left.
|inactive|caverna1 has 10 seconds left.
|
|t:|1783156147
|switch|p1a: Incineroar|Incineroar, L50, M, shiny|100/100
|-ability|p1a: Incineroar|Intimidate|boost
|-unboost|p2a: Gholdengo|atk|1
|-unboost|p2b: Pelipper|atk|1
|move|p1b: Politoed|Protect|p1b: Politoed
|-singleturn|p1b: Politoed|Protect
|move|p2b: Pelipper|Weather Ball|p1a: Incineroar
|-supereffective|p1a: Incineroar|1
|-crit|p1a: Incineroar
|-enditem|p1a: Incineroar|Passho Berry|[eat]
|-enditem|p1a: Incineroar|Passho Berry|[weaken]
|-damage|p1a: Incineroar|37/100
|move|p2a: Gholdengo|Shadow Ball|p1a: Incineroar
|-resisted|p1a: Incineroar|1
|-damage|p1a: Incineroar|17/100
|-damage|p2a: Gholdengo|0 fnt|[from] item: Life Orb
|faint|p2a: Gholdengo
|
|-weather|none
|upkeep
|
|t:|1783156165
|switch|p2a: Milotic|Milotic, L50, F|100/100
|turn|6
|
|t:|1783156189
|move|p2b: Pelipper|Protect|p2b: Pelipper
|-singleturn|p2b: Pelipper|Protect
|move|p1a: Incineroar|Fake Out|p2b: Pelipper
|-activate|p2b: Pelipper|move: Protect
|move|p2a: Milotic|Icy Wind|p1b: Politoed|[spread] p1a
|-miss|p2a: Milotic|p1b: Politoed
|-resisted|p1a: Incineroar|1
|-damage|p1a: Incineroar|14/100
|-unboost|p1a: Incineroar|spe|1
|move|p1b: Politoed|Perish Song|p1b: Politoed
|-start|p1a: Incineroar|perish3|[silent]
|-start|p1b: Politoed|perish3|[silent]
|-start|p2a: Milotic|perish3|[silent]
|-start|p2b: Pelipper|perish3|[silent]
|-fieldactivate|move: Perish Song
|
|-start|p2a: Milotic|perish3
|-start|p2b: Pelipper|perish3
|-start|p1b: Politoed|perish3
|-start|p1a: Incineroar|perish3
|-sideend|p2: caverna1|move: Tailwind
|upkeep
|turn|7
|inactive|caverna1 has 30 seconds left.
|inactive|caverna1 has 20 seconds left.
|inactive|caverna1 has 15 seconds left.
|inactive|caverna1 has 10 seconds left.
|
|t:|1783156235
|move|p1b: Politoed|Protect|p1b: Politoed
|-singleturn|p1b: Politoed|Protect
|move|p1a: Incineroar|Protect|p1a: Incineroar
|-singleturn|p1a: Incineroar|Protect
|move|p2a: Milotic|Life Dew||[still]|[spread] p2a,p2b
|-fail|p2a: Milotic|heal
|-heal|p2b: Pelipper|100/100
|move|p2b: Pelipper|Hurricane|p1a: Incineroar
|-activate|p1a: Incineroar|move: Protect
|
|-start|p2a: Milotic|perish2
|-start|p2b: Pelipper|perish2
|-start|p1b: Politoed|perish2
|-start|p1a: Incineroar|perish2
|upkeep
|turn|8
|inactive|caverna1 has 30 seconds left.
|
|t:|1783156267
|move|p1b: Politoed|Protect|p1b: Politoed
|-singleturn|p1b: Politoed|Protect
|move|p1a: Incineroar|Protect||[still]
|-fail|p1a: Incineroar
|move|p2a: Milotic|Scald|p1a: Incineroar
|-supereffective|p1a: Incineroar|1
|-damage|p1a: Incineroar|0 fnt
|faint|p1a: Incineroar
|move|p2b: Pelipper|Hurricane|p1b: Politoed
|-activate|p1b: Politoed|move: Protect
|
|-start|p2a: Milotic|perish1
|-start|p2b: Pelipper|perish1
|-start|p1b: Politoed|perish1
|upkeep
|
|t:|1783156276
|switch|p1a: Archaludon|Archaludon, L50, M, shiny|56/100
|turn|9
|inactive|caverna1 has 30 seconds left.
|
|t:|1783156294
|move|p1a: Archaludon|Protect|p1a: Archaludon
|-singleturn|p1a: Archaludon|Protect
|move|p1b: Politoed|Protect||[still]
|-fail|p1b: Politoed
|move|p2a: Milotic|Scald|p1b: Politoed
|-resisted|p1b: Politoed|1
|-damage|p1b: Politoed|65/100
|move|p2b: Pelipper|Hurricane|p1b: Politoed
|-damage|p1b: Politoed|32/100
|-start|p1b: Politoed|confusion
|-enditem|p1b: Politoed|Sitrus Berry|[eat]
|-heal|p1b: Politoed|57/100|[from] item: Sitrus Berry
|
|-heal|p1a: Archaludon|62/100|[from] item: Leftovers
|-start|p2a: Milotic|perish0
|-start|p2b: Pelipper|perish0
|-start|p1b: Politoed|perish0
|faint|p2a: Milotic
|faint|p2b: Pelipper
|faint|p1b: Politoed
|
|win|RegiSIXSEVEN
||RegiSIXSEVEN is ready for game 2.
|inactive|caverna1 has 30 seconds to confirm battle start!
|inactive|caverna1 has 20 seconds to confirm battle start!
||caverna1 is ready for game 2.
|uhtml|next|Next: Game 2 of 3
