|j|☆fustor
|j|☆Le P VGC
|html|fustorLe P VGC    
|uhtml|bestof|Game 1 of a best-of-3
|t:|1757933001
|gametype|doubles
|player|p1|fustor|265|1145
|player|p2|Le P VGC|lucian|1223
|gen|9
|tier|[Gen 9] VGC 2025 Reg H (Bo3)
|rated|
|rule|Species Clause: Limit one of each Pokémon
|rule|Item Clause: Limit 1 of each item
|clearpoke
|poke|p1|Charizard, L50, F|
|poke|p1|Torkoal, L50, F|
|poke|p1|Porygon2, L50|
|poke|p1|Incineroar, L50, M|
|poke|p1|Jumpluff, L50, M|
|poke|p1|Ursaluna, L50, F|
|poke|p2|Talonflame, L50, F|
|poke|p2|Garchomp, L50, F|
|poke|p2|Gholdengo, L50|
|poke|p2|Tyranitar, L50, M|
|poke|p2|Amoonguss, L50, M|
|poke|p2|Milotic, L50, F|
|teampreview|4
|showteam|p1|Charizard||ChoiceSpecs|SolarPower|HeatWave,Overheat,WeatherBall,AirSlash|||F|||50|,,,,,Ghost]Torkoal||EjectPack|Drought|Eruption,Overheat,HelpingHand,Protect|||F|||50|,,,,,Fire]Porygon2||Eviolite|Download|TeraBlast,IceBeam,Recover,TrickRoom||||||50|,,,,,Fighting]Incineroar||SitrusBerry|Intimidate|FlareBlitz,KnockOff,FakeOut,PartingShot|||M|||50|,,,,,Ghost]Jumpluff||CovertCloak|Chlorophyll|SleepPowder,SunnyDay,RagePowder,Tailwind|||M|||50|,,,,,Water]Ursaluna||FlameOrb|Guts|HeadlongRush,Facade,Earthquake,Protect|||F|||50|,,,,,Ghost
|showteam|p2|Talonflame||CovertCloak|GaleWings|Tailwind,BraveBird,WillOWisp,Taunt|||F|||50|,,,,,Ghost]Garchomp||LifeOrb|RoughSkin|Earthquake,Protect,StompingTantrum,DragonClaw|||F|||50|,,,,,Steel]Gholdengo||ChoiceSpecs|GoodasGold|MakeItRain,Trick,ShadowBall,PowerGem||||||50|,,,,,Steel]Tyranitar||AssaultVest|SandStream|RockSlide,TeraBlast,KnockOff,LowKick|||M|||50|,,,,,Flying]Amoonguss||SitrusBerry|Regenerator|RagePowder,Protect,Spore,PollenPuff|||M|||50|,,,,,Water]Milotic||SafetyGoggles|Competitive|Scald,IcyWind,Protect,Haze|||F|||50|,,,,,Dragon
|inactive|Battle timer is ON: inactive players will automatically lose when time's up. (requested by fustor)
|inactive|fustor has 60 seconds left.
|
|t:|1757933066
|teamsize|p1|4
|teamsize|p2|4
|start
|switch|p1a: Jumpluff|Jumpluff, L50, M|100/100
|switch|p1b: Incineroar|Incineroar, L50, M|100/100
|switch|p2a: Talonflame|Talonflame, L50, F|100/100
|switch|p2b: Gholdengo|Gholdengo, L50|100/100
|-ability|p1b: Incineroar|Intimidate|boost
|-unboost|p2a: Talonflame|atk|1
|-unboost|p2b: Gholdengo|atk|1
|turn|1
|inactive|fustor has 30 seconds left.
|inactive|fustor has 20 seconds left.
|
|t:|1757933104
|move|p2a: Talonflame|Taunt|p1a: Jumpluff
|-start|p1a: Jumpluff|move: Taunt
|cant|p1a: Jumpluff|move: Taunt|Sunny Day
|move|p2b: Gholdengo|Power Gem|p1b: Incineroar
|-supereffective|p1b: Incineroar
|-damage|p1b: Incineroar|15/100
|-enditem|p1b: Incineroar|Sitrus Berry|[eat]
|-heal|p1b: Incineroar|40/100|[from] item: Sitrus Berry
|move|p1b: Incineroar|Flare Blitz|p2b: Gholdengo
|-supereffective|p2b: Gholdengo
|-damage|p2b: Gholdengo|0 fnt
|faint|p2b: Gholdengo
|-damage|p1b: Incineroar|14/100|[from] Recoil
|
|upkeep
|
|t:|1757933118
|switch|p2b: Milotic|Milotic, L50, F|100/100
|turn|2
|
|t:|1757933142
|switch|p1a: Porygon2|Porygon2, L50|100/100
|-ability|p1a: Porygon2|Download|boost
|-boost|p1a: Porygon2|atk|1
|move|p2a: Talonflame|Tailwind|p2a: Talonflame
|-sidestart|p2: Le P VGC|move: Tailwind
|move|p2b: Milotic|Scald|p1b: Incineroar
|-supereffective|p1b: Incineroar
|-damage|p1b: Incineroar|0 fnt
|faint|p1b: Incineroar
|
|upkeep
|j| GiselleSaintClaire
|
|t:|1757933152
|switch|p1b: Ursaluna|Ursaluna, L50, F|100/100
|turn|3
|
|t:|1757933174
|move|p1b: Ursaluna|Protect|p1b: Ursaluna
|-singleturn|p1b: Ursaluna|Protect
|move|p2a: Talonflame|Taunt|p1a: Porygon2
|-start|p1a: Porygon2|move: Taunt
|move|p2b: Milotic|Scald|p1b: Ursaluna
|-activate|p1b: Ursaluna|move: Protect
|move|p1a: Porygon2|Tera Blast|p2a: Talonflame
|-damage|p2a: Talonflame|51/100
|
|-status|p1b: Ursaluna|brn|[from] item: Flame Orb
|upkeep
|turn|4
|inactive|fustor has 30 seconds left.
|
|t:|1757933200
|switch|p1b: Jumpluff|Jumpluff, L50, M|100/100
|move|p2a: Talonflame|Brave Bird|p1b: Jumpluff
|-supereffective|p1b: Jumpluff
|-damage|p1b: Jumpluff|34/100
|-damage|p2a: Talonflame|29/100|[from] Recoil
|move|p2b: Milotic|Scald|p1b: Jumpluff
|-resisted|p1b: Jumpluff
|-damage|p1b: Jumpluff|18/100
|move|p1a: Porygon2|Tera Blast|p2a: Talonflame
|-damage|p2a: Talonflame|0 fnt
|faint|p2a: Talonflame
|
|upkeep
|
|t:|1757933212
|switch|p2a: Tyranitar|Tyranitar, L50, M|100/100
|-weather|Sandstorm|[from] ability: Sand Stream|[of] p2a: Tyranitar
|turn|5
|l| GiselleSaintClaire
|inactive|fustor has 30 seconds left.
|
|t:|1757933240
|move|p2b: Milotic|Icy Wind|p1a: Porygon2|[spread] p1a,p1b
|-supereffective|p1b: Jumpluff
|-damage|p1a: Porygon2|94/100
|-damage|p1b: Jumpluff|0 fnt
|-unboost|p1a: Porygon2|spe|1
|faint|p1b: Jumpluff
|move|p2a: Tyranitar|Knock Off|p1a: Porygon2
|-damage|p1a: Porygon2|59/100
|-enditem|p1a: Porygon2|Eviolite|[from] move: Knock Off|[of] p2a: Tyranitar
|move|p1a: Porygon2|Ice Beam|p2a: Tyranitar
|-damage|p2a: Tyranitar|89/100
|
|-weather|Sandstorm|[upkeep]
|-damage|p1a: Porygon2|53/100|[from] Sandstorm
|-end|p1a: Porygon2|move: Taunt
|-sideend|p2: Le P VGC|move: Tailwind
|upkeep
|
|t:|1757933254
|switch|p1b: Ursaluna|Ursaluna, L50, F|100/100 brn
|turn|6
|
|t:|1757933276
|-terastallize|p2a: Tyranitar|Flying
|-terastallize|p1b: Ursaluna|Ghost
|move|p2b: Milotic|Scald|p1a: Porygon2
|-damage|p1a: Porygon2|23/100
|move|p2a: Tyranitar|Tera Blast|p1a: Porygon2|[anim] Tera Blast Flying
|-damage|p1a: Porygon2|0 fnt
|faint|p1a: Porygon2
|move|p1b: Ursaluna|Earthquake|p2b: Milotic|[spread] p2b
|-immune|p2a: Tyranitar
|-damage|p2b: Milotic|48/100
|
|-weather|Sandstorm|[upkeep]
|-damage|p2a: Tyranitar|83/100|[from] Sandstorm
|-damage|p1b: Ursaluna|95/100 brn|[from] Sandstorm
|-damage|p1b: Ursaluna|89/100 brn|[from] brn
|upkeep
|turn|7
|
|t:|1757933293
|move|p2b: Milotic|Scald|p1b: Ursaluna
|-damage|p1b: Ursaluna|62/100 brn
|move|p2a: Tyranitar|Knock Off|p1b: Ursaluna
|-supereffective|p1b: Ursaluna
|-damage|p1b: Ursaluna|0 fnt
|-enditem|p1b: Ursaluna|Flame Orb|[from] move: Knock Off|[of] p2a: Tyranitar
|faint|p1b: Ursaluna
|
|win|Le P VGC
||fustor is ready for game 2.
||Le P VGC is ready for game 2.
|uhtml|next|Next: Game 2 of 3
|l|☆Le P VGC
|player|p2|
