|j|☆Awammy
|j|☆Braixen coxuda
|html|AwammyBraixen coxuda    
|uhtml|bestof|Game 3 of a best-of-3
|t:|1757776516
|gametype|doubles
|player|p1|Awammy|colress|
|player|p2|Braixen coxuda|caitlin|
|gen|9
|tier|[Gen 9] VGC 2025 Reg H (Bo3)
|rule|Species Clause: Limit one of each Pokémon
|rule|Item Clause: Limit 1 of each item
|clearpoke
|poke|p1|Rillaboom, L50, M|
|poke|p1|Kingambit, L50, F|
|poke|p1|Pelipper, L50, M|
|poke|p1|Archaludon, L50, M|
|poke|p1|Basculegion, L50, M|
|poke|p1|Amoonguss, L50, M|
|poke|p2|Rillaboom, L50, M|
|poke|p2|Ursaluna-Bloodmoon, L50, M|
|poke|p2|Basculegion, L50, M|
|poke|p2|Murkrow, L50, M|
|poke|p2|Pelipper, L50, F|
|poke|p2|Archaludon, L50, M|
|teampreview|4
|showteam|p1|Rillaboom||LoadedDice|GrassySurge|FakeOut,GrassyGlide,BulletSeed,Taunt|||M|||50|,,,,,Fire]Kingambit||SafetyGoggles|Defiant|KowtowCleave,SuckerPunch,SwordsDance,Protect|||F|||50|,,,,,Dark]Pelipper||FocusSash|Drizzle|Hurricane,WeatherBall,Tailwind,Protect|||M|||50|,,,,,Ground]Archaludon||AssaultVest|Stamina|ElectroShot,DragonPulse,FlashCannon,BodyPress|||M|||50|,,,,,Fairy]Basculegion||LifeOrb|SwiftSwim|WaveCrash,AquaJet,Protect,LastRespects|||M|||50|,,,,,Water]Amoonguss||SitrusBerry|Regenerator|Protect,Spore,RagePowder,PollenPuff|||M|||50|,,,,,Water
|showteam|p2|Rillaboom||MiracleSeed|GrassySurge|WoodHammer,GrassyGlide,Taunt,FakeOut|||M|||50|,,,,,Fire]Ursaluna-Bloodmoon||LifeOrb|MindsEye|HyperVoice,Protect,BloodMoon,EarthPower|||M|||50|,,,,,Normal]Basculegion||ChoiceBand|SwiftSwim|FlipTurn,WaveCrash,AquaJet,LastRespects|||M|||50|,,,,,Grass]Murkrow||Eviolite|Prankster|Tailwind,Haze,FoulPlay,RainDance|||M|||50|,,,,,Ghost]Pelipper||FocusSash|Drizzle|Hurricane,WeatherBall,Protect,WideGuard|||F|||50|,,,,,Stellar]Archaludon||AssaultVest|Stamina|BodyPress,ElectroShot,FlashCannon,DragonPulse|||M|||50|,,,,,Bug
|inactive|Battle timer is ON: inactive players will automatically lose when time's up. (requested by Braixen coxuda)
|inactive|Awammy also wants the timer to be on.
|inactive|Awammy has 60 seconds left.
|inactive|Awammy has 30 seconds left.
|
|t:|1757776582
|teamsize|p1|4
|teamsize|p2|4
|start
|switch|p1a: Rillaboom|Rillaboom, L50, M|100/100
|switch|p1b: Kingambit|Kingambit, L50, F, shiny|100/100
|switch|p2a: Ursaluna|Ursaluna-Bloodmoon, L50, M|100/100
|switch|p2b: Murkrow|Murkrow, L50, M|100/100
|-fieldstart|move: Grassy Terrain|[from] ability: Grassy Surge|[of] p1a: Rillaboom
|turn|1
|inactive|Awammy has 30 seconds left.
|inactive|Awammy has 20 seconds left.
|inactive|Awammy has 15 seconds left.
|
|t:|1757776624
|-terastallize|p2a: Ursaluna|Normal
|-terastallize|p1b: Kingambit|Dark
|move|p1a: Rillaboom|Taunt|p2b: Murkrow
|-start|p2b: Murkrow|move: Taunt
|move|p2b: Murkrow|Foul Play|p1a: Rillaboom
|-damage|p1a: Rillaboom|47/100
|move|p2a: Ursaluna|Hyper Voice|p1b: Kingambit|[spread] p1a,p1b
|-damage|p1a: Rillaboom|0 fnt
|-damage|p1b: Kingambit|34/100
|faint|p1a: Rillaboom
|-damage|p2a: Ursaluna|91/100|[from] item: Life Orb
|move|p1b: Kingambit|Swords Dance|p1b: Kingambit
|-boost|p1b: Kingambit|atk|2
|
|-heal|p2a: Ursaluna|97/100|[from] Grassy Terrain
|-heal|p1b: Kingambit|39/100|[from] Grassy Terrain
|upkeep
|
|t:|1757776642
|switch|p1a: Pelipper|Pelipper, L50, M, shiny|100/100
|-weather|RainDance|[from] ability: Drizzle|[of] p1a: Pelipper
|turn|2
|inactive|Awammy has 30 seconds left.
|
|t:|1757776672
|switch|p2a: Gendo|Archaludon, L50, M|100/100
|move|p1b: Kingambit|Sucker Punch||[still]
|-fail|p1b: Kingambit
|move|p1a: Pelipper|Weather Ball|p2b: Murkrow
|-damage|p2b: Murkrow|26/100
|move|p2b: Murkrow|Foul Play|p1b: Kingambit
|-resisted|p1b: Kingambit
|-damage|p1b: Kingambit|0 fnt
|faint|p1b: Kingambit
|
|-weather|RainDance|[upkeep]
|upkeep
|
|t:|1757776681
|switch|p1b: Archaludon|Archaludon, L50, M, shiny|100/100
|turn|3
|
|t:|1757776702
|move|p1a: Pelipper|Weather Ball|p2a: Gendo
|-resisted|p2a: Gendo
|-damage|p2a: Gendo|78/100
|-ability|p2a: Gendo|Stamina|boost
|-boost|p2a: Gendo|def|1
|move|p1b: Archaludon|Electro Shot||[still]
|-prepare|p1b: Archaludon|Electro Shot
|-boost|p1b: Archaludon|spa|1
|-anim|p1b: Archaludon|Electro Shot|p2b: Murkrow
|-supereffective|p2b: Murkrow
|-damage|p2b: Murkrow|0 fnt
|faint|p2b: Murkrow
|move|p2a: Gendo|Electro Shot||[still]
|-prepare|p2a: Gendo|Electro Shot
|-boost|p2a: Gendo|spa|1
|-anim|p2a: Gendo|Electro Shot|p1a: Pelipper
|-supereffective|p1a: Pelipper
|-enditem|p1a: Pelipper|Focus Sash
|-damage|p1a: Pelipper|1/100
|
|-weather|RainDance|[upkeep]
|-heal|p2a: Gendo|84/100|[from] Grassy Terrain
|upkeep
|
|t:|1757776705
|switch|p2b: Nobunaga|Basculegion, L50, M, shiny|100/100
|turn|4
|inactive|Awammy has 30 seconds left.
|inactive|Awammy has 20 seconds left.
|inactive|Awammy has 15 seconds left.
|inactive|Awammy has 10 seconds left.
|inactive|Awammy has 5 seconds left.
|
|t:|1757776757
|switch|p2b: Ursaluna|Ursaluna-Bloodmoon, L50, M, tera:Normal|97/100
|move|p1a: Pelipper|Protect|p1a: Pelipper
|-singleturn|p1a: Pelipper|Protect
|move|p1b: Archaludon|Electro Shot||[still]
|-prepare|p1b: Archaludon|Electro Shot
|-boost|p1b: Archaludon|spa|1
|-anim|p1b: Archaludon|Electro Shot|p2a: Gendo
|-resisted|p2a: Gendo
|-damage|p2a: Gendo|53/100
|-ability|p2a: Gendo|Stamina|boost
|-boost|p2a: Gendo|def|1
|move|p2a: Gendo|Electro Shot||[still]
|-prepare|p2a: Gendo|Electro Shot
|-boost|p2a: Gendo|spa|1
|-anim|p2a: Gendo|Electro Shot|p1a: Pelipper
|-activate|p1a: Pelipper|move: Protect
|
|-weather|RainDance|[upkeep]
|-heal|p2a: Gendo|59/100|[from] Grassy Terrain
|-heal|p2b: Ursaluna|100/100|[from] Grassy Terrain
|upkeep
|turn|5
|inactive|Awammy has 30 seconds left.
|inactive|Awammy has 20 seconds left.
|inactive|Awammy has 15 seconds left.
|
|t:|1757776799
|move|p1a: Pelipper|Weather Ball|p2b: Ursaluna
|-damage|p2b: Ursaluna|4/100
|move|p1b: Archaludon|Electro Shot||[still]
|-prepare|p1b: Archaludon|Electro Shot
|-boost|p1b: Archaludon|spa|1
|-anim|p1b: Archaludon|Electro Shot|p2b: Ursaluna
|-damage|p2b: Ursaluna|0 fnt
|faint|p2b: Ursaluna
|move|p2a: Gendo|Electro Shot||[still]
|-prepare|p2a: Gendo|Electro Shot
|-boost|p2a: Gendo|spa|1
|-anim|p2a: Gendo|Electro Shot|p1a: Pelipper
|-supereffective|p1a: Pelipper
|-damage|p1a: Pelipper|0 fnt
|faint|p1a: Pelipper
|
|-weather|RainDance|[upkeep]
|-heal|p2a: Gendo|64/100|[from] Grassy Terrain
|-fieldend|move: Grassy Terrain
|upkeep
|
|t:|1757776813
|switch|p2b: Nobunaga|Basculegion, L50, M, shiny|100/100
|turn|6
|
|t:|1757776823
|move|p2b: Nobunaga|Last Respects|p1b: Archaludon
|-damage|p1b: Archaludon|18/100
|-ability|p1b: Archaludon|Stamina|boost
|-boost|p1b: Archaludon|def|1
|move|p1b: Archaludon|Electro Shot||[still]
|-prepare|p1b: Archaludon|Electro Shot
|-boost|p1b: Archaludon|spa|1
|-anim|p1b: Archaludon|Electro Shot|p2b: Nobunaga
|-supereffective|p2b: Nobunaga
|-damage|p2b: Nobunaga|0 fnt
|faint|p2b: Nobunaga
|move|p2a: Gendo|Dragon Pulse|p1b: Archaludon
|-damage|p1b: Archaludon|0 fnt
|faint|p1b: Archaludon
|
|win|Braixen coxuda
