|j|☆andrewcips
|j|☆lewis94
|html|andrewcipslewis94    
|uhtml|bestof|Game 1 of a best-of-3
|t:|1756919681
|gametype|doubles
|player|p1|andrewcips|alder|1138
|player|p2|lewis94|ethan-gen2|1102
|gen|9
|tier|[Gen 9] VGC 2025 Reg H (Bo3)
|rated|
|rule|Species Clause: Limit one of each Pokémon
|rule|Item Clause: Limit 1 of each item
|clearpoke
|poke|p1|Annihilape, L50, F|
|poke|p1|Clefable, L50, F|
|poke|p1|Garchomp, L50, M|
|poke|p1|Whimsicott, L50, F|
|poke|p1|Hydreigon, L50, M|
|poke|p1|Gholdengo, L50|
|poke|p2|Talonflame, L50, M|
|poke|p2|Ursaluna-Bloodmoon, L50, M|
|poke|p2|Tyranitar, L50, M|
|poke|p2|Sneasler, L50, M|
|poke|p2|Indeedee, L50, M|
|poke|p2|Electabuzz, L50, F|
|teampreview|4
|showteam|p1|Annihilape||SafetyGoggles|Defiant|Protect,BulkUp,DrainPunch,RageFist|||F|||50|,,,,,Water]Clefable||SitrusBerry|Unaware|Protect,FollowMe,MistyTerrain,Moonblast|||F|||50|,,,,,Water]Garchomp||LifeOrb|RoughSkin|Protect,StompingTantrum,DragonClaw,Earthquake|||M|||50|,,,,,Steel]Whimsicott||FocusSash|Prankster|SunnyDay,Encore,Tailwind,Moonblast|||F|||50|,,,,,Ghost]Hydreigon||ChoiceSpecs|Levitate|HeatWave,Snarl,DarkPulse,DracoMeteor|||M|||50|,,,,,Fire]Gholdengo||MetalCoat|GoodasGold|Protect,NastyPlot,ShadowBall,MakeItRain||||||50|,,,,,Steel
|showteam|p2|Talonflame||CovertCloak|GaleWings|FlareBlitz,DualWingbeat,WillOWisp,Tailwind|||M|||50|,,,,,Fairy]Ursaluna-Bloodmoon||LifeOrb|MindsEye|BloodMoon,HyperVoice,EarthPower,Protect|||M|||50|,,,,,Normal]Tyranitar||AssaultVest|SandStream|RockSlide,KnockOff,TeraBlast,LowKick|||M|||50|,,,,,Flying]Sneasler||PsychicSeed|Unburden|DireClaw,CloseCombat,ThroatChop,Protect|||M|||50|,,,,,Dark]Indeedee||ChoiceScarf|PsychicSurge|ExpandingForce,TeraBlast,Protect,Trick|||M|||50|,,,,,Psychic]Electabuzz||Eviolite|VitalSpirit|Electroweb,FollowMe,Taunt,Protect|||F|||50|,,,,,Ghost
|inactive|Battle timer is ON: inactive players will automatically lose when time's up. (requested by lewis94)
|inactive|andrewcips has 60 seconds left.
|inactive|lewis94 has 60 seconds left.
|
|t:|1756919739
|teamsize|p1|4
|teamsize|p2|4
|start
|switch|p1a: Hydreigon|Hydreigon, L50, M|100/100
|switch|p1b: Annihilape|Annihilape, L50, F|100/100
|switch|p2a: Talonflame|Talonflame, L50, M|100/100
|switch|p2b: Ursaluna|Ursaluna-Bloodmoon, L50, M|100/100
|turn|1
|inactive|andrewcips has 30 seconds left.
|inactive|lewis94 has 30 seconds left.
|inactive|lewis94 has 20 seconds left.
|
|t:|1756919777
|-terastallize|p1b: Annihilape|Water
|move|p2a: Talonflame|Tailwind|p2a: Talonflame
|-sidestart|p2: lewis94|move: Tailwind
|move|p2b: Ursaluna|Blood Moon|p1b: Annihilape
|-damage|p1b: Annihilape|9/100
|-damage|p2b: Ursaluna|91/100|[from] item: Life Orb
|move|p1b: Annihilape|Bulk Up|p1b: Annihilape
|-boost|p1b: Annihilape|atk|1
|-boost|p1b: Annihilape|def|1
|move|p1a: Hydreigon|Snarl|p2b: Ursaluna|[spread] p2a,p2b
|-damage|p2a: Talonflame|54/100
|-damage|p2b: Ursaluna|42/100
|-unboost|p2b: Ursaluna|spa|1
|
|upkeep
|turn|2
|inactive|lewis94 has 30 seconds left.
|
|t:|1756919806
|move|p1b: Annihilape|Protect|p1b: Annihilape
|-singleturn|p1b: Annihilape|Protect
|move|p2a: Talonflame|Will-O-Wisp|p1a: Hydreigon
|-status|p1a: Hydreigon|brn
|move|p2b: Ursaluna|Hyper Voice|p1a: Hydreigon|[spread] p1a
|-activate|p1b: Annihilape|move: Protect
|-damage|p1a: Hydreigon|59/100 brn
|-damage|p2b: Ursaluna|32/100|[from] item: Life Orb
|move|p1a: Hydreigon|Snarl|p2b: Ursaluna|[spread] p2a,p2b
|-damage|p2a: Talonflame|6/100
|-damage|p2b: Ursaluna|0 fnt
|faint|p2b: Ursaluna
|
|-damage|p1a: Hydreigon|53/100 brn|[from] brn
|upkeep
|
|t:|1756919828
|switch|p2b: Sneasler|Sneasler, L50, M|100/100
|turn|3
|
|t:|1756919852
|move|p2a: Talonflame|Dual Wingbeat|p1b: Annihilape
|-damage|p1b: Annihilape|0 fnt
|faint|p1b: Annihilape
|-hitcount|p1: Annihilape|1
|move|p2b: Sneasler|Dire Claw|p1a: Hydreigon
|-damage|p1a: Hydreigon|0 fnt
|faint|p1a: Hydreigon
|
|upkeep
|
|t:|1756919859
|switch|p1b: Clefable|Clefable, L50, F|100/100
|switch|p1a: Garchomp|Garchomp, L50, M|100/100
|turn|4
|inactive|lewis94 has 30 seconds left.
|
|t:|1756919889
|move|p1a: Garchomp|Protect|p1a: Garchomp
|-singleturn|p1a: Garchomp|Protect
|move|p2a: Talonflame|Will-O-Wisp|p1a: Garchomp
|-activate|p1a: Garchomp|move: Protect
|move|p2b: Sneasler|Dire Claw|p1a: Garchomp
|-activate|p1a: Garchomp|move: Protect
|move|p1b: Clefable|Moonblast|p2a: Talonflame
|-resisted|p2a: Talonflame
|-damage|p2a: Talonflame|0 fnt
|faint|p2a: Talonflame
|
|-sideend|p2: lewis94|move: Tailwind
|upkeep
|
|t:|1756919901
|switch|p2a: Indeedee|Indeedee, L50, M|100/100
|-fieldstart|move: Psychic Terrain|[from] ability: Psychic Surge|[of] p2a: Indeedee
|-enditem|p2b: Sneasler|Psychic Seed
|-boost|p2b: Sneasler|spd|1|[from] item: Psychic Seed
|turn|5
|inactive|andrewcips has 30 seconds left.
|inactive|andrewcips has 20 seconds left.
|
|t:|1756919936
|-terastallize|p2a: Indeedee|Psychic
|move|p2b: Sneasler|Dire Claw|p1a: Garchomp
|-resisted|p1a: Garchomp
|-damage|p1a: Garchomp|78/100
|-status|p1a: Garchomp|psn
|-damage|p2b: Sneasler|89/100|[from] ability: Rough Skin|[of] p1a: Garchomp
|move|p2a: Indeedee|Expanding Force|p1b: Clefable|[spread] p1a,p1b
|-crit|p1b: Clefable
|-damage|p1a: Garchomp|0 fnt
|-damage|p1b: Clefable|0 fnt
|faint|p1a: Garchomp
|faint|p1b: Clefable
|
|win|lewis94
|inactive|andrewcips has 30 seconds to confirm battle start!
|inactive|lewis94 has 30 seconds to confirm battle start!
||andrewcips is ready for game 2.
||lewis94 is ready for game 2.
|uhtml|next|Next: Game 2 of 3
|l|☆andrewcips
|player|p1|
