|j|☆liluwuzivertttt
|j|☆neuesspielzeug
|html|liluwuziverttttneuesspielzeug    
|uhtml|bestof|Game 3 of a best-of-3
|t:|1784508193
|gametype|doubles
|player|p1|liluwuzivertttt|102|1072
|player|p2|neuesspielzeug|2|1131
|gen|9
|tier|[Gen 9 Champions] VGC 2026 Reg M-B (Bo3)
|rated|
|rule|Species Clause: Limit one of each Pokémon
|rule|Item Clause: Limit 1 of each item
|clearpoke
|poke|p1|Charizard, L50, M|
|poke|p1|Floette-Eternal, L50, F|
|poke|p1|Kingambit, L50, M|
|poke|p1|Garchomp, L50, M|
|poke|p1|Basculegion, L50, M|
|poke|p1|Whimsicott, L50, M|
|poke|p2|Scrafty, L50, M|
|poke|p2|Toxapex, L50, M|
|poke|p2|Meowstic-F, L50, F|
|poke|p2|Chandelure, L50, M|
|poke|p2|Hydreigon, L50, F|
|poke|p2|Sneasler, L50, M|
|teampreview|4
|showteam|p1|Charizard||CharizarditeY|Blaze|HeatWave,WeatherBall,SolarBeam,Protect|Modest||M|||50|]Floette-Eternal||Floettite|FlowerVeil|Moonblast,DazzlingGleam,LightofRuin,Protect|Modest||F|||50|]Kingambit||BlackGlasses|Defiant|KowtowCleave,IronHead,SuckerPunch,Protect|Adamant||M|||50|]Garchomp||LifeOrb|RoughSkin|DragonClaw,Earthquake,RockSlide,Protect|Jolly||M|||50|]Basculegion||MysticWater|Adaptability|WaveCrash,LastRespects,AquaJet,Protect|Adamant||M|||50|]Whimsicott||FocusSash|Prankster|Moonblast,Encore,Tailwind,Protect|Timid||M|||50|
|showteam|p2|Scrafty||Scraftinite|Intimidate|FakeOut,DrainPunch,KnockOff,PoisonJab|Careful||M|||50|]Toxapex||Leftovers|Regenerator|Infestation,Toxic,BanefulBunker,WideGuard|Bold||M|||50|]Meowstic-F||Meowsticite|KeenEye|PsychicTerrain,ExpandingForce,Protect,ShadowBall|Timid||F|||50|]Chandelure||FocusSash|FlashFire|EnergyBall,HeatWave,ShadowBall,Protect|Timid||M|||50|]Hydreigon||ChoiceScarf|Levitate|DracoMeteor,Snarl,DarkPulse,EarthPower|Modest||F|||50|]Sneasler||LifeOrb|PoisonTouch|FakeOut,CloseCombat,DireClaw,Protect|Jolly||M|||50|
|
|t:|1784508225
|teamsize|p1|4
|teamsize|p2|4
|start
|switch|p1a: Garchomp|Garchomp, L50, M|100/100
|switch|p1b: Basculegion|Basculegion, L50, M|100/100
|switch|p2a: Hydreigon|Hydreigon, L50, F|100/100
|switch|p2b: Toxapex|Toxapex, L50, M|100/100
|turn|1
|
|t:|1784508278
|move|p1b: Basculegion|Protect|p1b: Basculegion
|-singleturn|p1b: Basculegion|Protect
|move|p2a: Hydreigon|Draco Meteor|p1a: Garchomp
|-supereffective|p1a: Garchomp|1
|-damage|p1a: Garchomp|0 fnt
|-unboost|p2a: Hydreigon|spa|2
|faint|p1a: Garchomp
|move|p2b: Toxapex|Toxic|p1b: Basculegion
|-activate|p1b: Basculegion|move: Protect
|
|upkeep
|
|t:|1784508290
|switch|p1a: Floette|Floette-Eternal, L50, F|100/100
|turn|2
|
|t:|1784508310
|switch|p2a: Chandelure|Chandelure, L50, M|100/100
|detailschange|p1a: Floette|Floette-Mega, L50, F
|-mega|p1a: Floette|Floette|Floettite
|-ability|p1a: Floette|Fairy Aura
|move|p2b: Toxapex|Baneful Bunker|p2b: Toxapex
|-singleturn|p2b: Toxapex|move: Protect
|move|p1a: Floette|Moonblast|p2b: Toxapex
|-activate|p2b: Toxapex|move: Protect
|move|p1b: Basculegion|Last Respects|p2b: Toxapex
|-activate|p2b: Toxapex|move: Protect
|
|upkeep
|turn|3
|
|t:|1784508345
|move|p1a: Floette|Protect|p1a: Floette
|-singleturn|p1a: Floette|Protect
|move|p2a: Chandelure|Shadow Ball|p1b: Basculegion
|-supereffective|p1b: Basculegion|1
|-damage|p1b: Basculegion|0 fnt
|faint|p1b: Basculegion
|move|p2b: Toxapex|Toxic|p1a: Floette
|-activate|p1a: Floette|move: Protect
|
|upkeep
|
|t:|1784508359
|switch|p1b: Whimsicott|Whimsicott, L50, M|100/100
|turn|4
|
|t:|1784508366
|move|p1b: Whimsicott|Tailwind|p1b: Whimsicott
|-sidestart|p1: liluwuzivertttt|move: Tailwind
|move|p1a: Floette|Light of Ruin|p2a: Chandelure
|-resisted|p2a: Chandelure|1
|-damage|p2a: Chandelure|17/100
|-damage|p1a: Floette|63/100|[from] Recoil
|move|p2a: Chandelure|Heat Wave|p1b: Whimsicott|[spread] p1a,p1b
|-supereffective|p1b: Whimsicott|1
|-damage|p1a: Floette|31/100
|-enditem|p1b: Whimsicott|Focus Sash
|-damage|p1b: Whimsicott|1/100
|move|p2b: Toxapex|Toxic|p1a: Floette
|-status|p1a: Floette|tox
|
|-damage|p1a: Floette|25/100 tox|[from] psn
|upkeep
|turn|5
|
|t:|1784508409
|move|p2a: Chandelure|Protect|p2a: Chandelure
|-singleturn|p2a: Chandelure|Protect
|move|p1b: Whimsicott|Moonblast|p2b: Toxapex
|-resisted|p2b: Toxapex|1
|-damage|p2b: Toxapex|82/100
|move|p1a: Floette|Dazzling Gleam|p2b: Toxapex|[spread] p2b
|-activate|p2a: Chandelure|move: Protect
|-resisted|p2b: Toxapex|1
|-damage|p2b: Toxapex|63/100
|move|p2b: Toxapex|Infestation|p1a: Floette
|-resisted|p1a: Floette|1
|-damage|p1a: Floette|24/100 tox
|-activate|p1a: Floette|move: Infestation|[of] p2b: Toxapex
|
|-heal|p2b: Toxapex|69/100|[from] item: Leftovers
|-damage|p1a: Floette|12/100 tox|[from] psn
|-damage|p1a: Floette|1/100 tox|[from] move: Infestation|[partiallytrapped]
|upkeep
|turn|6
|
|t:|1784508441
|switch|p2a: Meowstic|Meowstic-F, L50, F|100/100
|move|p2b: Toxapex|Wide Guard|p2b: Toxapex
|-singleturn|p2b: Toxapex|Wide Guard
|move|p1b: Whimsicott|Moonblast|p2b: Toxapex
|-resisted|p2b: Toxapex|1
|-damage|p2b: Toxapex|52/100
|-unboost|p2b: Toxapex|spa|1
|move|p1a: Floette|Dazzling Gleam|p2a: Meowstic|[spread] 
|-activate|p2a: Meowstic|move: Wide Guard
|-activate|p2b: Toxapex|move: Wide Guard
|
|-heal|p2b: Toxapex|58/100|[from] item: Leftovers
|-damage|p1a: Floette|0 fnt|[from] psn
|faint|p1a: Floette
|upkeep
|turn|7
|inactive|Battle timer is ON: inactive players will automatically lose when time's up. (requested by neuesspielzeug)
|c|☆neuesspielzeug|cmon last move...
|inactive|liluwuzivertttt has 60 seconds left.
|inactive|liluwuzivertttt has 30 seconds left.
|c|☆neuesspielzeug|for real?
|inactive|liluwuzivertttt has 20 seconds left.
|inactive|liluwuzivertttt has 15 seconds left.
|inactive|liluwuzivertttt has 10 seconds left.
|inactive|liluwuzivertttt has 5 seconds left.
|
|t:|1784508625
|detailschange|p2a: Meowstic|Meowstic-F-Mega, L50, F
|-mega|p2a: Meowstic|Meowstic|Meowsticite
|-ability|p2a: Meowstic|Prankster|Trace|[from] ability: Trace|[of] p1b: Whimsicott
|move|p1b: Whimsicott|Moonblast|p2a: Meowstic
|-damage|p2a: Meowstic|62/100
|move|p2a: Meowstic|Expanding Force|p1b: Whimsicott
|-damage|p1b: Whimsicott|0 fnt
|faint|p1b: Whimsicott
|
|win|neuesspielzeug
|raw|liluwuzivertttt's rating: 1072 → 1055(-17 for losing)
|raw|neuesspielzeug's rating: 1131 → 1152(+21 for winning)
