|j|☆victorlien
|j|☆higigig
|html|victorlienhigigig    
|uhtml|bestof|Game 2 of a best-of-3
|t:|1756193148
|gametype|doubles
|player|p1|victorlien|blaine|1116
|player|p2|higigig|sisandbro|1187
|gen|9
|tier|[Gen 9] VGC 2025 Reg H (Bo3)
|rated|
|rule|Species Clause: Limit one of each Pokémon
|rule|Item Clause: Limit 1 of each item
|clearpoke
|poke|p1|Gholdengo, L50|
|poke|p1|Amoonguss, L50, F|
|poke|p1|Incineroar, L50, M|
|poke|p1|Porygon2, L50|
|poke|p1|Ursaluna, L50, M|
|poke|p1|Kilowattrel, L50, M|
|poke|p2|Sneasler, L50, F|
|poke|p2|Gholdengo, L50|
|poke|p2|Farigiraf, L50, F|
|poke|p2|Ursaluna-Bloodmoon, L50, M|
|poke|p2|Amoonguss, L50, F|
|poke|p2|Altaria, L50, M|
|teampreview|4
|showteam|p1|Gholdengo||LifeOrb|GoodasGold|MakeItRain,ShadowBall,NastyPlot,Protect||||||50|,,,,,Water]Amoonguss||RockyHelmet|Regenerator|Spore,PollenPuff,RagePowder,Protect|||F|||50|,,,,,Water]Incineroar||SafetyGoggles|Intimidate|FlareBlitz,KnockOff,FakeOut,PartingShot|||M|||50|,,,,,Bug]Porygon2||Eviolite|Download|TrickRoom,IceBeam,TeraBlast,Recover||||||50|,,,,,Fighting]Ursaluna||FlameOrb|Guts|Facade,HeadlongRush,Earthquake,Protect|||M|||50|,,,,,Ghost]Kilowattrel||FocusSash|Competitive|Protect,Thunderbolt,AirSlash,Tailwind|||M|||50|,,,,,Electric
|showteam|p2|Sneasler||FocusSash|PoisonTouch|FakeOut,CloseCombat,DireClaw,Taunt|||F|||50|,,,,,Ghost]Gholdengo||ChoiceSpecs|GoodasGold|MakeItRain,ShadowBall,DazzlingGleam,PowerGem||||||50|,,,,,Steel]Farigiraf||MentalHerb|ArmorTail|Psychic,Imprison,HelpingHand,TrickRoom|||F|||50|,,,,,Grass]Ursaluna-Bloodmoon||ThroatSpray|MindsEye|HyperVoice,EarthPower,BloodMoon,Protect|||M|||50|,,,,,Normal]Amoonguss||SitrusBerry|Regenerator|SludgeBomb,PollenPuff,Spore,RagePowder|||F|||50|,,,,,Water]Altaria||CovertCloak|CloudNine|BreakingSwipe,HelpingHand,Haze,Tailwind|||M|||50|,,,,,Water
|inactive|Battle timer is ON: inactive players will automatically lose when time's up. (requested by higigig)
|inactive|victorlien has 60 seconds left.
|
|t:|1756193192
|teamsize|p1|4
|teamsize|p2|4
|start
|switch|p1a: Porygon2|Porygon2, L50, shiny|100/100
|switch|p1b: Amoonguss|Amoonguss, L50, F|100/100
|switch|p2a: Altaria|Altaria, L50, M|100/100
|switch|p2b: Ursaluna|Ursaluna-Bloodmoon, L50, M|100/100
|-ability|p2a: Altaria|Cloud Nine
|-ability|p1a: Porygon2|Download|boost
|-boost|p1a: Porygon2|spa|1
|turn|1
|inactive|victorlien has 30 seconds left.
|inactive|higigig has 30 seconds left.
|inactive|higigig has 20 seconds left.
|inactive|higigig has 15 seconds left.
|inactive|higigig has 10 seconds left.
|
|t:|1756193239
|switch|p2a: Amoonguss|Amoonguss, L50, F|100/100
|move|p2b: Ursaluna|Protect|p2b: Ursaluna
|-singleturn|p2b: Ursaluna|Protect
|move|p1b: Amoonguss|Rage Powder|p1b: Amoonguss
|-singleturn|p1b: Amoonguss|move: Rage Powder
|move|p1a: Porygon2|Trick Room|p1a: Porygon2
|-fieldstart|move: Trick Room|[of] p1a: Porygon2
|
|upkeep
|turn|2
|inactive|higigig has 30 seconds left.
|inactive|higigig has 20 seconds left.
|inactive|higigig has 15 seconds left.
|
|t:|1756193283
|switch|p1b: Ursaluna|Ursaluna, L50, M|100/100
|switch|p2b: Gholdengo|Gholdengo, L50|100/100
|-terastallize|p1a: Porygon2|Fighting
|move|p2a: Amoonguss|Spore|p1a: Porygon2
|-status|p1a: Porygon2|slp|[from] move: Spore
|cant|p1a: Porygon2|slp
|
|-status|p1b: Ursaluna|brn|[from] item: Flame Orb
|upkeep
|turn|3
|inactive|victorlien has 30 seconds left.
|
|t:|1756193309
|-terastallize|p2b: Gholdengo|Steel
|move|p2a: Amoonguss|Rage Powder|p2a: Amoonguss
|-singleturn|p2a: Amoonguss|move: Rage Powder
|move|p1b: Ursaluna|Headlong Rush|p2a: Amoonguss
|-damage|p2a: Amoonguss|0 fnt
|-unboost|p1b: Ursaluna|def|1
|-unboost|p1b: Ursaluna|spd|1
|faint|p2a: Amoonguss
|cant|p1a: Porygon2|slp
|move|p2b: Gholdengo|Make It Rain|p1b: Ursaluna|[spread] p1a,p1b
|-damage|p1a: Porygon2|44/100 slp
|-damage|p1b: Ursaluna|0 fnt
|-unboost|p2b: Gholdengo|spa|1
|faint|p1b: Ursaluna
|
|upkeep
|
|t:|1756193327
|switch|p2a: Ursaluna|Ursaluna-Bloodmoon, L50, M|100/100
|switch|p1b: Amoonguss|Amoonguss, L50, F|100/100
|turn|4
|inactive|higigig has 30 seconds left.
|inactive|higigig has 20 seconds left.
|inactive|higigig has 15 seconds left.
|inactive|higigig has 10 seconds left.
|
|t:|1756193372
|switch|p2b: Altaria|Altaria, L50, M|100/100
|-ability|p2b: Altaria|Cloud Nine
|move|p1b: Amoonguss|Spore|p2a: Ursaluna
|-status|p2a: Ursaluna|slp|[from] move: Spore
|-curestatus|p1a: Porygon2|slp|[msg]
|move|p1a: Porygon2|Tera Blast|p2b: Altaria|[anim] Tera Blast Fighting
|-resisted|p2b: Altaria
|-damage|p2b: Altaria|77/100
|cant|p2a: Ursaluna|slp
|
|upkeep
|turn|5
|
|t:|1756193391
|cant|p2a: Ursaluna|slp
|move|p1b: Amoonguss|Spore|p2b: Altaria
|-status|p2b: Altaria|slp|[from] move: Spore
|move|p1a: Porygon2|Tera Blast|p2a: Ursaluna|[anim] Tera Blast Fighting
|-supereffective|p2a: Ursaluna
|-damage|p2a: Ursaluna|0 fnt
|faint|p2a: Ursaluna
|cant|p2b: Altaria|slp
|
|-fieldend|move: Trick Room
|upkeep
|
|t:|1756193397
|switch|p2a: Gholdengo|Gholdengo, L50, tera:Steel|100/100
|turn|6
|inactive|victorlien has 30 seconds left.
|
|t:|1756193431
|switch|p1a: Incineroar|Incineroar, L50, M|100/100
|-ability|p1a: Incineroar|Intimidate|boost
|-unboost|p2a: Gholdengo|atk|1
|-unboost|p2b: Altaria|atk|1
|move|p1b: Amoonguss|Protect|p1b: Amoonguss
|-singleturn|p1b: Amoonguss|Protect
|-curestatus|p2b: Altaria|slp|[msg]
|move|p2b: Altaria|Tailwind|p2b: Altaria
|-sidestart|p2: higigig|move: Tailwind
|move|p2a: Gholdengo|Shadow Ball|p1a: Incineroar
|-resisted|p1a: Incineroar
|-damage|p1a: Incineroar|72/100
|-unboost|p1a: Incineroar|spd|1
|
|upkeep
|turn|7
|inactive|victorlien has 30 seconds left.
|
|t:|1756193458
|move|p1a: Incineroar|Fake Out|p2a: Gholdengo
|-resisted|p2a: Gholdengo
|-damage|p2a: Gholdengo|94/100
|move|p2b: Altaria|Breaking Swipe|p1b: Amoonguss|[spread] p1a,p1b
|-damage|p1a: Incineroar|64/100
|-damage|p1b: Amoonguss|94/100
|-unboost|p1a: Incineroar|atk|1
|-unboost|p1b: Amoonguss|atk|1
|-damage|p2b: Altaria|60/100|[from] item: Rocky Helmet|[of] p1b: Amoonguss
|cant|p2a: Gholdengo|flinch
|move|p1b: Amoonguss|Spore|p2b: Altaria
|-status|p2b: Altaria|slp|[from] move: Spore
|
|upkeep
|turn|8
|
|t:|1756193476
|move|p1b: Amoonguss|Rage Powder|p1b: Amoonguss
|-singleturn|p1b: Amoonguss|move: Rage Powder
|cant|p2b: Altaria|slp
|move|p2a: Gholdengo|Shadow Ball|p1b: Amoonguss
|-damage|p1b: Amoonguss|32/100
|move|p1a: Incineroar|Flare Blitz|p2a: Gholdengo
|-supereffective|p2a: Gholdengo
|-damage|p2a: Gholdengo|25/100
|-damage|p1a: Incineroar|43/100|[from] Recoil
|
|upkeep
|turn|9
|
|t:|1756193490
|move|p1b: Amoonguss|Rage Powder|p1b: Amoonguss
|-singleturn|p1b: Amoonguss|move: Rage Powder
|cant|p2b: Altaria|slp
|move|p2a: Gholdengo|Shadow Ball|p1b: Amoonguss
|-damage|p1b: Amoonguss|0 fnt
|faint|p1b: Amoonguss
|move|p1a: Incineroar|Flare Blitz|p2a: Gholdengo
|-supereffective|p2a: Gholdengo
|-damage|p2a: Gholdengo|0 fnt
|faint|p2a: Gholdengo
|-damage|p1a: Incineroar|35/100|[from] Recoil
|
|-sideend|p2: higigig|move: Tailwind
|upkeep
|
|t:|1756193505
|switch|p1b: Porygon2|Porygon2, L50, shiny, tera:Fighting|44/100
|-ability|p1b: Porygon2|Download|boost
|-boost|p1b: Porygon2|atk|1
|turn|10
|-message|higigig forfeited.
|
|win|victorlien
|raw|victorlien's rating: 1116 → 1146(+30 for winning)
|raw|higigig's rating: 1187 → 1157(-30 for losing)
