|j|☆elmono11
|j|☆lux raymundi
|html|elmono11lux raymundi    
|uhtml|bestof|Game 2 of a best-of-3
|t:|1784065526
|gametype|doubles
|player|p1|elmono11|101|1372
|player|p2|lux raymundi|101|1308
|gen|9
|tier|[Gen 9 Champions] VGC 2026 Reg M-B (Bo3)
|rated|
|rule|Species Clause: Limit one of each Pokémon
|rule|Item Clause: Limit 1 of each item
|clearpoke
|poke|p1|Dragonite, L50, M|
|poke|p1|Sneasler, L50, M|
|poke|p1|Sinistcha, L50|
|poke|p1|Incineroar, L50, F|
|poke|p1|Floette-Eternal, L50, F|
|poke|p1|Kingambit, L50, M|
|poke|p2|Sneasler, L50, M|
|poke|p2|Blastoise, L50, M|
|poke|p2|Kingambit, L50, M|
|poke|p2|Incineroar, L50, M|
|poke|p2|Delphox, L50, F|
|poke|p2|Sinistcha, L50|
|teampreview|4
|showteam|p1|Dragonite||LumBerry|Multiscale|Protect,DragonClaw,ExtremeSpeed,FirePunch|Adamant||M|||50|]Sneasler||FocusSash|PoisonTouch|FakeOut,CloseCombat,PoisonJab,Coaching|Jolly||M|||50|]Sinistcha||Leftovers|Hospitality|TrickRoom,MatchaGotcha,RagePowder,Protect|Bold|||||50|]Incineroar||SitrusBerry|Intimidate|FlareBlitz,DarkestLariat,PartingShot,FakeOut|Careful||F|||50|]Floette-Eternal||Floettite|FlowerVeil|DazzlingGleam,DrainingKiss,CalmMind,Protect|Modest||F|||50|]Kingambit||BlackGlasses|Defiant|KowtowCleave,SwordsDance,SuckerPunch,Protect|Adamant||M|||50|
|showteam|p2|Sneasler||FocusSash|PoisonTouch|PoisonJab,CloseCombat,FakeOut,QuickGuard|Jolly||M|||50|]Blastoise||Blastoisinite|RainDish|DarkPulse,WaterSpout,ShellSmash,Protect|Modest||M|||50|]Kingambit||BlackGlasses|Defiant|KowtowCleave,SuckerPunch,SwordsDance,Protect|Adamant||M|||50|]Incineroar||SitrusBerry|Intimidate|FlareBlitz,HelpingHand,PartingShot,FakeOut|Careful||M|||50|]Delphox||Delphoxite|Blaze|HeatWave,NastyPlot,Psyshock,Protect|Modest||F|||50|]Sinistcha||KasibBerry|Hospitality|MatchaGotcha,RagePowder,TrickRoom,Protect|Bold|||||50|
|inactive|Battle timer is ON: inactive players will automatically lose when time's up. (requested by elmono11)
|inactive|elmono11 has 60 seconds left.
|
|t:|1784065568
|teamsize|p1|4
|teamsize|p2|4
|start
|switch|p1a: Floette|Floette-Eternal, L50, F|100/100
|switch|p1b: Sneasler|Sneasler, L50, M|100/100
|switch|p2a: Sneasler|Sneasler, L50, M|100/100
|switch|p2b: Delphox|Delphox, L50, F|100/100
|turn|1
|
|t:|1784065586
|detailschange|p2b: Delphox|Delphox-Mega, L50, F
|-mega|p2b: Delphox|Delphox|Delphoxite
|detailschange|p1a: Floette|Floette-Mega, L50, F
|-mega|p1a: Floette|Floette|Floettite
|-ability|p1a: Floette|Fairy Aura
|move|p2a: Sneasler|Fake Out|p1a: Floette
|-damage|p1a: Floette|86/100
|move|p1b: Sneasler|Fake Out|p2b: Delphox
|-damage|p2b: Delphox|82/100
|cant|p2b: Delphox|flinch
|cant|p1a: Floette|flinch
|
|upkeep
|turn|2
|inactive|lux raymundi has 30 seconds left.
|
|t:|1784065614
|switch|p1a: Kingambit|Kingambit, L50, M|100/100
|move|p1b: Sneasler|Poison Jab|p2b: Delphox
|-damage|p2b: Delphox|34/100
|move|p2a: Sneasler|Close Combat|p1b: Sneasler
|-resisted|p1b: Sneasler|1
|-damage|p1b: Sneasler|43/100
|-unboost|p2a: Sneasler|def|1
|-unboost|p2a: Sneasler|spd|1
|move|p2b: Delphox|Psyshock|p1b: Sneasler
|-supereffective|p1b: Sneasler|2
|-damage|p1b: Sneasler|0 fnt
|faint|p1b: Sneasler
|
|upkeep
|
|t:|1784065627
|switch|p1b: Incineroar|Incineroar, L50, F|100/100
|-ability|p1b: Incineroar|Intimidate|boost
|-unboost|p2a: Sneasler|atk|1
|-unboost|p2b: Delphox|atk|1
|turn|3
|
|t:|1784065635
|switch|p2a: Sinistcha|Sinistcha, L50|100/100
|-heal|p2b: Delphox|58/100|[from] ability: Hospitality|[of] p2a: Sinistcha
|move|p2b: Delphox|Protect|p2b: Delphox
|-singleturn|p2b: Delphox|Protect
|move|p1b: Incineroar|Parting Shot|p2a: Sinistcha
|-unboost|p2a: Sinistcha|atk|1
|-unboost|p2a: Sinistcha|spa|1
|
|t:|1784065640
|switch|p1b: Floette|Floette-Mega, L50, F|86/100|[from] Parting Shot
|-ability|p1b: Floette|Fairy Aura
|move|p1a: Kingambit|Swords Dance|p1a: Kingambit
|-boost|p1a: Kingambit|atk|2
|
|upkeep
|turn|4
|
|t:|1784065657
|move|p2a: Sinistcha|Rage Powder|p2a: Sinistcha
|-singleturn|p2a: Sinistcha|move: Rage Powder
|move|p2b: Delphox|Heat Wave|p1b: Floette|[spread] p1b
|-miss|p2b: Delphox|p1a: Kingambit
|-damage|p1b: Floette|53/100
|-status|p1b: Floette|brn
|move|p1b: Floette|Calm Mind|p1b: Floette
|-boost|p1b: Floette|spa|1
|-boost|p1b: Floette|spd|1
|move|p1a: Kingambit|Kowtow Cleave|p2a: Sinistcha
|-supereffective|p2a: Sinistcha|1
|-damage|p2a: Sinistcha|0 fnt
|faint|p2a: Sinistcha
|
|-damage|p1b: Floette|48/100 brn|[from] brn
|upkeep
|
|t:|1784065664
|switch|p2a: Sneasler|Sneasler, L50, M|100/100
|turn|5
|
|t:|1784065685
|move|p1a: Kingambit|Protect|p1a: Kingambit
|-singleturn|p1a: Kingambit|Protect
|move|p2a: Sneasler|Close Combat|p1a: Kingambit
|-activate|p1a: Kingambit|move: Protect
|move|p2b: Delphox|Psyshock|p1b: Floette
|-damage|p1b: Floette|3/100 brn
|move|p1b: Floette|Draining Kiss|p2a: Sneasler
|-damage|p2a: Sneasler|23/100
|-heal|p1b: Floette|54/100 brn|[from] drain|[of] p2a: Sneasler
|
|-damage|p1b: Floette|49/100 brn|[from] brn
|upkeep
|turn|6
|
|t:|1784065703
|move|p2a: Sneasler|Quick Guard|p2a: Sneasler
|-singleturn|p2a: Sneasler|Quick Guard
|move|p1a: Kingambit|Sucker Punch||[still]
|-fail|p1a: Kingambit
|move|p2b: Delphox|Heat Wave|p1b: Floette|[spread] p1a,p1b
|-supereffective|p1a: Kingambit|1
|-damage|p1a: Kingambit|15/100
|-damage|p1b: Floette|30/100 brn
|move|p1b: Floette|Draining Kiss|p2b: Delphox
|-resisted|p2b: Delphox|1
|-damage|p2b: Delphox|35/100
|-heal|p1b: Floette|48/100 brn|[from] drain|[of] p2b: Delphox
|
|-damage|p1b: Floette|42/100 brn|[from] brn
|upkeep
|turn|7
|inactive|elmono11 has 30 seconds left.
|
|t:|1784065728
|move|p1a: Kingambit|Sucker Punch|p2a: Sneasler
|-resisted|p2a: Sneasler|1
|-crit|p2a: Sneasler
|-damage|p2a: Sneasler|0 fnt
|faint|p2a: Sneasler
|move|p2b: Delphox|Heat Wave|p1a: Kingambit|[spread] p1a,p1b
|-supereffective|p1a: Kingambit|1
|-damage|p1a: Kingambit|0 fnt
|-damage|p1b: Floette|24/100 brn
|faint|p1a: Kingambit
|move|p1b: Floette|Dazzling Gleam|p2b: Delphox
|-resisted|p2b: Delphox|1
|-damage|p2b: Delphox|0 fnt
|faint|p2b: Delphox
|
|-damage|p1b: Floette|18/100 brn|[from] brn
|upkeep
|
|t:|1784065737
|switch|p2b: Incineroar|Incineroar, L50, M|100/100
|switch|p1a: Incineroar|Incineroar, L50, F|100/100
|-ability|p2b: Incineroar|Intimidate|boost
|-unboost|p1a: Incineroar|atk|1
|-unboost|p1b: Floette|atk|1
|-ability|p1a: Incineroar|Intimidate|boost
|-unboost|p2b: Incineroar|atk|1
|turn|8
|
|t:|1784065748
|move|p1b: Floette|Protect|p1b: Floette
|-singleturn|p1b: Floette|Protect
|move|p2b: Incineroar|Fake Out|p1b: Floette
|-activate|p1b: Floette|move: Protect
|move|p1a: Incineroar|Parting Shot|p2b: Incineroar
|-unboost|p2b: Incineroar|atk|1
|-unboost|p2b: Incineroar|spa|1
|
|-damage|p1b: Floette|13/100 brn|[from] brn
|upkeep
|turn|9
|
|t:|1784065755
|move|p1b: Floette|Draining Kiss|p2b: Incineroar
|-damage|p2b: Incineroar|50/100g
|-heal|p1b: Floette|56/100 brn|[from] drain|[of] p2b: Incineroar
|move|p2b: Incineroar|Flare Blitz|p1b: Floette
|-damage|p1b: Floette|33/100 brn
|-damage|p2b: Incineroar|44/100|[from] Recoil
|-enditem|p2b: Incineroar|Sitrus Berry|[eat]
|-heal|p2b: Incineroar|68/100|[from] item: Sitrus Berry
|move|p1a: Incineroar|Parting Shot|p2b: Incineroar
|-unboost|p2b: Incineroar|atk|1
|-unboost|p2b: Incineroar|spa|1
|
|-damage|p1b: Floette|28/100 brn|[from] brn
|upkeep
|turn|10
|
|t:|1784065763
|move|p1b: Floette|Draining Kiss|p2b: Incineroar
|-damage|p2b: Incineroar|24/100
|-heal|p1b: Floette|66/100 brn|[from] drain|[of] p2b: Incineroar
|move|p2b: Incineroar|Flare Blitz|p1b: Floette
|-damage|p1b: Floette|47/100 brn
|-damage|p2b: Incineroar|18/100|[from] Recoil
|move|p1a: Incineroar|Flare Blitz|p2b: Incineroar
|-resisted|p2b: Incineroar|1
|-damage|p2b: Incineroar|4/100
|-damage|p1a: Incineroar|95/100|[from] Recoil
|
|-damage|p1b: Floette|41/100 brn|[from] brn
|upkeep
|turn|11
|
|t:|1784065767
|move|p1b: Floette|Draining Kiss|p2b: Incineroar
|-damage|p2b: Incineroar|0 fnt
|-heal|p1b: Floette|46/100 brn|[from] drain|[of] p2b: Incineroar
|faint|p2b: Incineroar
|
|win|elmono11
