|j|☆Oblivionruler
|j|☆sum1dum
|html|Oblivionrulersum1dum    
|uhtml|bestof|Game 3 of a best-of-3
|t:|1783716680
|gametype|doubles
|player|p1|Oblivionruler|266|1158
|player|p2|sum1dum|rosa|1156
|gen|9
|tier|[Gen 9 Champions] VGC 2026 Reg M-B (Bo3)
|rated|
|rule|Species Clause: Limit one of each Pokémon
|rule|Item Clause: Limit 1 of each item
|clearpoke
|poke|p1|Whimsicott, L50, F|
|poke|p1|Raichu, L50, M|
|poke|p1|Mamoswine, L50, F|
|poke|p1|Sneasler, L50, M|
|poke|p1|Sylveon, L50, M|
|poke|p1|Gholdengo, L50|
|poke|p2|Gliscor, L50, F|
|poke|p2|Primarina, L50, M|
|poke|p2|Metagross, L50|
|poke|p2|Ninetales-Alola, L50, F|
|poke|p2|Incineroar, L50, M|
|poke|p2|Sinistcha, L50|
|teampreview|4
|showteam|p1|Whimsicott||FocusSash|Prankster|Moonblast,Tailwind,Encore,Protect|Modest||F|||50|]Raichu||RaichuniteY|LightningRod|FakeOut,ZapCannon,FocusBlast,Protect|Timid||M|||50|]Mamoswine||ExpertBelt|Oblivious|IceShard,IcicleCrash,HighHorsepower,Protect|Adamant||F|||50|]Sneasler||WhiteHerb|Unburden|DireClaw,CloseCombat,FakeOut,Protect|Jolly||M|||50|]Sylveon||FairyFeather|Pixilate|Protect,HyperBeam,Roar,HyperVoice|Modest||M|||50|]Gholdengo||LifeOrb|GoodasGold|MakeItRain,Protect,PowerGem,ShadowBall|Modest|||||50|
|showteam|p2|Gliscor||LifeOrb|HyperCutter|DualWingbeat,HighHorsepower,Protect,RockSlide|Jolly||F|||50|]Primarina||Leftovers|LiquidVoice|CalmMind,HyperVoice,Moonblast,Protect|Modest||M|||50|]Metagross||Metagrossite|ClearBody|BulletPunch,IronHead,Protect,PsychicFangs|Jolly|||||50|]Ninetales-Alola||LightClay|SnowWarning|AuroraVeil,FreezeDry,Moonblast,Protect|Timid||F|||50|]Incineroar||ChopleBerry|Intimidate|FakeOut,FlareBlitz,DarkestLariat,PartingShot|Impish||M|||50|]Sinistcha||SitrusBerry|Hospitality|MatchaGotcha,Protect,LifeDew,RagePowder|Bold|||||50|
|inactive|Battle timer is ON: inactive players will automatically lose when time's up. (requested by sum1dum)
|
|t:|1783716709
|teamsize|p1|4
|teamsize|p2|4
|start
|switch|p1a: Mamoswine|Mamoswine, L50, F|100/100
|switch|p1b: Sneasler|Sneasler, L50, M|100/100
|switch|p2a: Justice|Incineroar, L50, M|100/100
|switch|p2b: Patience|Primarina, L50, M|100/100
|-ability|p2a: Justice|Intimidate|boost
|-fail|p1a: Mamoswine|unboost|Attack|[from] ability: Oblivious|[of] p1a: Mamoswine
|-unboost|p1b: Sneasler|atk|1
|-enditem|p1b: Sneasler|White Herb
|-clearnegativeboost|p1b: Sneasler|[silent]
|turn|1
|inactive|Oblivionruler has 30 seconds left.
|inactive|sum1dum has 30 seconds left.
|
|t:|1783716742
|switch|p2a: Bravery|Gliscor, L50, F|100/100
|move|p2b: Patience|Protect|p2b: Patience
|-singleturn|p2b: Patience|Protect
|move|p1b: Sneasler|Fake Out|p2a: Bravery
|-crit|p2a: Bravery
|-damage|p2a: Bravery|79/100
|move|p1a: Mamoswine|High Horsepower|p2a: Bravery
|-immune|p2a: Bravery
|
|upkeep
|turn|2
|
|t:|1783716762
|move|p2a: Bravery|Protect|p2a: Bravery
|-singleturn|p2a: Bravery|Protect
|move|p1a: Mamoswine|Ice Shard|p2a: Bravery
|-activate|p2a: Bravery|move: Protect
|move|p1b: Sneasler|Dire Claw|p2b: Patience
|-supereffective|p2b: Patience|1
|-damage|p2b: Patience|16/100
|-status|p2b: Patience|psn
|move|p2b: Patience|Hyper Voice|p1b: Sneasler|[spread] p1a,p1b
|-supereffective|p1a: Mamoswine|1
|-damage|p1a: Mamoswine|5/100
|-damage|p1b: Sneasler|49/100
|
|-heal|p2b: Patience|22/100 psn|[from] item: Leftovers
|-damage|p2b: Patience|10/100 psn|[from] psn
|upkeep
|turn|3
|
|t:|1783716784
|switch|p2a: Justice|Incineroar, L50, M|100/100
|-ability|p2a: Justice|Intimidate|boost
|-fail|p1a: Mamoswine|unboost|Attack|[from] ability: Oblivious|[of] p1a: Mamoswine
|-unboost|p1b: Sneasler|atk|1
|move|p1a: Mamoswine|Ice Shard|p2a: Justice
|-resisted|p2a: Justice|1
|-damage|p2a: Justice|91/100
|move|p1b: Sneasler|Close Combat|p2a: Justice
|-supereffective|p2a: Justice|1
|-crit|p2a: Justice
|-enditem|p2a: Justice|Chople Berry|[eat]
|-enditem|p2a: Justice|Chople Berry|[weaken]
|-damage|p2a: Justice|21/100
|-unboost|p1b: Sneasler|def|1
|-unboost|p1b: Sneasler|spd|1
|move|p2b: Patience|Hyper Voice|p1b: Sneasler|[spread] p1a,p1b
|-supereffective|p1a: Mamoswine|1
|-damage|p1a: Mamoswine|0 fnt
|-damage|p1b: Sneasler|0 fnt
|faint|p1a: Mamoswine
|faint|p1b: Sneasler
|
|-heal|p2b: Patience|16/100 psn|[from] item: Leftovers
|-damage|p2b: Patience|3/100 psn|[from] psn
|upkeep
|
|t:|1783716801
|switch|p1b: Raichu|Raichu, L50, M|100/100
|switch|p1a: Whimsicott|Whimsicott, L50, F|100/100
|turn|4
|
|t:|1783716816
|move|p1a: Whimsicott|Protect|p1a: Whimsicott
|-singleturn|p1a: Whimsicott|Protect
|move|p1b: Raichu|Protect|p1b: Raichu
|-singleturn|p1b: Raichu|Protect
|move|p2a: Justice|Fake Out|p1a: Whimsicott
|-activate|p1a: Whimsicott|move: Protect
|move|p2b: Patience|Moonblast|p1a: Whimsicott
|-activate|p1a: Whimsicott|move: Protect
|
|-heal|p2b: Patience|9/100 psn|[from] item: Leftovers
|-damage|p2b: Patience|0 fnt|[from] psn
|faint|p2b: Patience
|upkeep
|
|t:|1783716818
|switch|p2b: Perserverance|Metagross, L50|100/100
|turn|5
|
|t:|1783716841
|detailschange|p1b: Raichu|Raichu-Mega-Y, L50, M
|-mega|p1b: Raichu|Raichu|Raichunite Y
|detailschange|p2b: Perserverance|Metagross-Mega, L50
|-mega|p2b: Perserverance|Metagross|Metagrossite
|move|p1a: Whimsicott|Tailwind|p1a: Whimsicott
|-sidestart|p1: Oblivionruler|move: Tailwind
|move|p1b: Raichu|Zap Cannon|p2b: Perserverance
|-damage|p2b: Perserverance|31/100
|-status|p2b: Perserverance|par
|move|p2b: Perserverance|Psychic Fangs|p1b: Raichu
|-damage|p1b: Raichu|10/100
|move|p2a: Justice|Flare Blitz|p1a: Whimsicott
|-supereffective|p1a: Whimsicott|1
|-enditem|p1a: Whimsicott|Focus Sash
|-damage|p1a: Whimsicott|1/100
|-damage|p2a: Justice|0 fnt|[from] Recoil
|faint|p2a: Justice
|
|upkeep
|
|t:|1783716843
|switch|p2a: Bravery|Gliscor, L50, F|79/100
|turn|6
|inactive|Oblivionruler has 30 seconds left.
|
|t:|1783716869
|move|p2b: Perserverance|Bullet Punch|p1a: Whimsicott
|-supereffective|p1a: Whimsicott|1
|-damage|p1a: Whimsicott|0 fnt
|faint|p1a: Whimsicott
|move|p1b: Raichu|Zap Cannon|p2b: Perserverance
|-damage|p2b: Perserverance|0 fnt
|faint|p2b: Perserverance
|move|p2a: Bravery|High Horsepower|p1b: Raichu
|-supereffective|p1b: Raichu|1
|-damage|p1b: Raichu|0 fnt
|faint|p1b: Raichu
|-damage|p2a: Bravery|69/100|[from] item: Life Orb
|
|win|sum1dum
|raw|Oblivionruler's rating: 1158 → 1133(-25 for losing)
|raw|sum1dum's rating: 1156 → 1181(+25 for winning)
