|j|☆GS Barnabe
|j|☆macrameee
|html|GS Barnabemacrameee    
|uhtml|bestof|Game 1 of a best-of-3
|t:|1785593146
|gametype|doubles
|player|p1|GS Barnabe|2|1193
|player|p2|macrameee|roark|1258
|gen|9
|tier|[Gen 9 Champions] VGC 2026 Reg M-B (Bo3)
|rated|
|rule|Species Clause: Limit one of each Pokémon
|rule|Item Clause: Limit 1 of each item
|clearpoke
|poke|p1|Meowstic, L50, M|
|poke|p1|Tyranitar, L50, F|
|poke|p1|Scovillain, L50, M|
|poke|p1|Houndstone, L50, M|
|poke|p1|Rotom-Wash, L50|
|poke|p1|Aerodactyl, L50, F|
|poke|p2|Kingambit, L50, F|
|poke|p2|Floette-Eternal, L50, F|
|poke|p2|Arcanine-Hisui, L50, F, shiny|
|poke|p2|Whimsicott, L50, M|
|poke|p2|Dragonite, L50, M, shiny|
|poke|p2|Basculegion, L50, M|
|teampreview|4
|showteam|p1|Meowstic||LightClay|Prankster|FakeOut,Reflect,LightScreen,PsychicNoise|Bold||M|||50|]Tyranitar||ChoiceScarf|SandStream|RockSlide,KnockOff,IcePunch,Superpower|Jolly||F|||50|]Scovillain||Scovillainite|Moody|Overheat,LeechSeed,RagePowder,Protect|Calm||M|||50|]Houndstone||SitrusBerry|SandRush|LastRespects,Disable,AllySwitch,Protect|Adamant||M|||50|]Rotom-Wash||Leftovers|Levitate|HydroPump,VoltSwitch,WillOWisp,Protect|Calm|||||50|]Aerodactyl||Aerodactylite|RockHead|RockSlide,DualWingbeat,Tailwind,Protect|Jolly||F|||50|
|showteam|p2|Kingambit||ChopleBerry|Defiant|Protect,KowtowCleave,IronHead,SuckerPunch|Adamant||F|||50|]Floette-Eternal||Floettite|FlowerVeil|Protect,Moonblast,DazzlingGleam,LightofRuin|Modest||F|||50|]Arcanine-Hisui||SitrusBerry|Intimidate|Protect,RockSlide,FlareBlitz,Howl|Adamant||F|||50|]Whimsicott||FocusSash|Prankster|Protect,Tailwind,Moonblast,Encore|Modest||M|||50|]Dragonite||DragonFang|InnerFocus|Protect,ExtremeSpeed,DragonClaw,LowKick|Adamant||M|||50|]Basculegion||ChoiceScarf|Adaptability|WaveCrash,AquaJet,FlipTurn,LastRespects|Jolly||M|||50|
|
|t:|1785593214
|teamsize|p1|4
|teamsize|p2|4
|start
|switch|p1a: Aerodactyl|Aerodactyl, L50, F|100/100
|switch|p1b: Rotom|Rotom-Wash, L50|100/100
|switch|p2a: Arcanine|Arcanine-Hisui, L50, F, shiny|100/100
|switch|p2b: Basculegion|Basculegion, L50, M|100/100
|-ability|p2a: Arcanine|Intimidate|boost
|-unboost|p1a: Aerodactyl|atk|1
|-unboost|p1b: Rotom|atk|1
|turn|1
|inactive|Battle timer is ON: inactive players will automatically lose when time's up. (requested by GS Barnabe)
|
|t:|1785593255
|move|p1a: Aerodactyl|Protect|p1a: Aerodactyl
|-singleturn|p1a: Aerodactyl|Protect
|move|p2b: Basculegion|Flip Turn|p1a: Aerodactyl
|-activate|p1a: Aerodactyl|move: Protect
|move|p1b: Rotom|Volt Switch|p2b: Basculegion
|-supereffective|p2b: Basculegion|1
|-damage|p2b: Basculegion|42/100
|
|t:|1785593266
|switch|p1b: Tyranitar|Tyranitar, L50, F|100/100|[from] Volt Switch
|-weather|Sandstorm|[from] ability: Sand Stream|[of] p1b: Tyranitar
|move|p2a: Arcanine|Howl|p2a: Arcanine|[spread] p2a,p2b
|-boost|p2a: Arcanine|atk|1
|-boost|p2b: Basculegion|atk|1
|
|-weather|Sandstorm|[upkeep]
|-damage|p2b: Basculegion|36/100|[from] Sandstorm
|upkeep
|turn|2
|inactive|macrameee has 30 seconds left.
|
|t:|1785593293
|switch|p2b: Kingambit|Kingambit, L50, F|100/100
|detailschange|p1a: Aerodactyl|Aerodactyl-Mega, L50, F
|-mega|p1a: Aerodactyl|Aerodactyl|Aerodactylite
|move|p1a: Aerodactyl|Rock Slide|p2a: Arcanine|[spread] p2a,p2b
|-supereffective|p2a: Arcanine|1
|-resisted|p2b: Kingambit|1
|-damage|p2a: Arcanine|63/100
|-damage|p2b: Kingambit|92/100
|move|p1b: Tyranitar|Rock Slide|p2b: Kingambit|[spread] p2a,p2b
|-supereffective|p2a: Arcanine|1
|-resisted|p2b: Kingambit|1
|-damage|p2a: Arcanine|9/100
|-damage|p2b: Kingambit|82/100
|-enditem|p2a: Arcanine|Sitrus Berry|[eat]
|-heal|p2a: Arcanine|34/100|[from] item: Sitrus Berry
|cant|p2a: Arcanine|flinch
|
|-weather|Sandstorm|[upkeep]
|upkeep
|turn|3
|inactive|GS Barnabe has 30 seconds left.
|inactive|macrameee has 30 seconds left.
|inactive|macrameee has 20 seconds left.
|
|t:|1785593332
|switch|p1b: Rotom|Rotom-Wash, L50|100/100
|move|p2a: Arcanine|Protect|p2a: Arcanine
|-singleturn|p2a: Arcanine|Protect
|move|p1a: Aerodactyl|Rock Slide|p2a: Arcanine|[spread] p2b
|-activate|p2a: Arcanine|move: Protect
|-resisted|p2b: Kingambit|1
|-crit|p2b: Kingambit
|-damage|p2b: Kingambit|66/100
|move|p2b: Kingambit|Iron Head|p1a: Aerodactyl
|-supereffective|p1a: Aerodactyl|1
|-damage|p1a: Aerodactyl|0 fnt
|faint|p1a: Aerodactyl
|
|-weather|Sandstorm|[upkeep]
|-damage|p1b: Rotom|94/100|[from] Sandstorm
|-heal|p1b: Rotom|100/100|[from] item: Leftovers
|upkeep
|
|t:|1785593352
|switch|p1a: Tyranitar|Tyranitar, L50, F|100/100
|turn|4
|inactive|macrameee has 30 seconds left.
|
|t:|1785593383
|move|p2b: Kingambit|Sucker Punch|p1b: Rotom
|-damage|p1b: Rotom|51/100
|move|p1a: Tyranitar|Superpower|p2b: Kingambit
|-supereffective|p2b: Kingambit|2
|-enditem|p2b: Kingambit|Chople Berry|[eat]
|-enditem|p2b: Kingambit|Chople Berry|[weaken]
|-damage|p2b: Kingambit|7/100
|-unboost|p1a: Tyranitar|atk|1
|-unboost|p1a: Tyranitar|def|1
|move|p1b: Rotom|Hydro Pump|p2a: Arcanine
|-supereffective|p2a: Arcanine|2
|-damage|p2a: Arcanine|0 fnt
|faint|p2a: Arcanine
|
|-weather|Sandstorm|[upkeep]
|-damage|p1b: Rotom|46/100|[from] Sandstorm
|-heal|p1b: Rotom|51/100|[from] item: Leftovers
|upkeep
|
|t:|1785593399
|switch|p2a: Basculegion|Basculegion, L50, M|36/100
|turn|5
|
|t:|1785593418
|switch|p1a: Houndstone|Houndstone, L50, M|100/100
|move|p2b: Kingambit|Sucker Punch|p1b: Rotom
|-damage|p1b: Rotom|5/100
|move|p2a: Basculegion|Flip Turn|p1a: Houndstone
|-damage|p1a: Houndstone|60/100
|
|t:|1785593425
|switch|p2a: Dragonite|Dragonite, L50, M, shiny|100/100|[from] Flip Turn
|move|p1b: Rotom|Volt Switch|p2a: Dragonite
|-damage|p2a: Dragonite|74/100
|
|t:|1785593435
|switch|p1b: Tyranitar|Tyranitar, L50, F|100/100|[from] Volt Switch
|
|-weather|none
|upkeep
|turn|6
|
|t:|1785593458
|move|p2a: Dragonite|Protect|p2a: Dragonite
|-singleturn|p2a: Dragonite|Protect
|move|p1a: Houndstone|Ally Switch|p1a: Houndstone
|swap|p1a: Houndstone|1|[from] move: Ally Switch
|move|p1a: Tyranitar|Rock Slide|p2a: Dragonite|[spread] p2b
|-activate|p2a: Dragonite|move: Protect
|-resisted|p2b: Kingambit|1
|-damage|p2b: Kingambit|0 fnt
|faint|p2b: Kingambit
|
|upkeep
|
|t:|1785593466
|switch|p2b: Basculegion|Basculegion, L50, M|36/100
|turn|7
|inactive|macrameee has 30 seconds left.
|
|t:|1785593493
|switch|p1a: Rotom|Rotom-Wash, L50|5/100
|move|p1b: Houndstone|Protect|p1b: Houndstone
|-singleturn|p1b: Houndstone|Protect
|move|p2b: Basculegion|Wave Crash|p1a: Rotom
|-resisted|p1a: Rotom|1
|-damage|p1a: Rotom|0 fnt
|faint|p1a: Rotom
|-damage|p2b: Basculegion|34/100|[from] Recoil
|move|p2a: Dragonite|Low Kick|p1b: Houndstone
|-activate|p1b: Houndstone|move: Protect
|
|upkeep
|
|t:|1785593507
|switch|p1a: Tyranitar|Tyranitar, L50, F|100/100
|-weather|Sandstorm|[from] ability: Sand Stream|[of] p1a: Tyranitar
|turn|8
|
|t:|1785593524
|move|p1b: Houndstone|Last Respects|p2b: Basculegion
|-supereffective|p2b: Basculegion|1
|-damage|p2b: Basculegion|0 fnt
|faint|p2b: Basculegion
|move|p1a: Tyranitar|Rock Slide|p2a: Dragonite
|-supereffective|p2a: Dragonite|1
|-damage|p2a: Dragonite|0 fnt
|faint|p2a: Dragonite
|
|win|GS Barnabe
