|j|☆idkFrosty
|j|☆ToastedArt
|html|idkFrostyToastedArt    
|uhtml|bestof|Game 1 of a best-of-3
|t:|1785278240
|gametype|doubles
|player|p1|idkFrosty|169|1067
|player|p2|ToastedArt|iris|1023
|gen|9
|tier|[Gen 9 Champions] VGC 2026 Reg M-B (Bo3)
|rated|
|rule|Species Clause: Limit one of each Pokémon
|rule|Item Clause: Limit 1 of each item
|clearpoke
|poke|p1|Ampharos, L50, F, shiny|
|poke|p1|Metagross, L50, shiny|
|poke|p1|Runerigus, L50, F, shiny|
|poke|p1|Clefable, L50, M, shiny|
|poke|p1|Rotom-Wash, L50|
|poke|p1|Chandelure, L50, M|
|poke|p2|Delphox, L50, M|
|poke|p2|Incineroar, L50, M|
|poke|p2|Sneasler, L50, M|
|poke|p2|Sinistcha, L50|
|poke|p2|Azumarill, L50, F|
|poke|p2|Maushold, L50|
|teampreview|4
|showteam|p1|Ampharos||Ampharosite|Static|ParabolicCharge,DragonPulse,Protect,Thunderbolt|Modest||F|||50|]Metagross||Metagrossite|ClearBody|PsychicFangs,MeteorMash,StompingTantrum,Protect|Jolly|||||50|]Runerigus||Leftovers|WanderingSpirit|TrickRoom,Curse,Poltergeist,ToxicSpikes|Relaxed||F|||50|]Clefable||SitrusBerry|CuteCharm|FollowMe,HelpingHand,DrainingKiss,Protect|Calm||M|||50|]Rotom-Wash||ChoiceScarf|Levitate|WillOWisp,VoltSwitch,RisingVoltage,HydroPump|Calm|||||50|]Chandelure||FocusSash|FlashFire|TrickRoom,HeatWave,ShadowBall,Protect|Sassy||M|||50|
|showteam|p2|Delphox||Delphoxite|Blaze|HeatWave,Psychic,NastyPlot,Protect|Modest||M|||50|]Incineroar||PasshoBerry|Intimidate|PartingShot,FakeOut,ThroatChop,FlareBlitz|Careful||M|||50|]Sneasler||FocusSash|PoisonTouch|PoisonJab,CloseCombat,FakeOut,QuickGuard|Adamant||M|||50|]Sinistcha||KasibBerry|Hospitality|MatchaGotcha,RagePowder,LifeDew,Protect|Bold|||||50|]Azumarill||SitrusBerry|HugePower|BellyDrum,AquaJet,KnockOff,Protect|Adamant||F|||50|]Maushold||ChopleBerry|FriendGuard|FollowMe,SuperFang,Feint,Protect|Impish|||||50|
|inactive|Battle timer is ON: inactive players will automatically lose when time's up. (requested by ToastedArt)
|inactive|ToastedArt has 60 seconds left.
|inactive|ToastedArt has 30 seconds left.
|
|t:|1785278303
|teamsize|p1|4
|teamsize|p2|4
|start
|switch|p1a: Metagross|Metagross, L50, shiny|100/100
|switch|p1b: Rotom|Rotom-Wash, L50|100/100
|switch|p2a: Azumarill|Azumarill, L50, F|100/100
|switch|p2b: Incineroar|Incineroar, L50, M|100/100
|-ability|p2b: Incineroar|Intimidate|boost
|-fail|p1a: Metagross|unboost|[from] ability: Clear Body|[of] p1a: Metagross
|-unboost|p1b: Rotom|atk|1
|turn|1
|inactive|idkFrosty has 30 seconds left.
|inactive|ToastedArt has 30 seconds left.
|
|t:|1785278330
|detailschange|p1a: Metagross|Metagross-Mega, L50, shiny
|-mega|p1a: Metagross|Metagross|Metagrossite
|move|p2b: Incineroar|Fake Out|p1b: Rotom
|-damage|p1b: Rotom|89/100
|move|p1a: Metagross|Stomping Tantrum|p2b: Incineroar
|-supereffective|p2b: Incineroar|1
|-damage|p2b: Incineroar|27/100
|cant|p1b: Rotom|flinch
|move|p2a: Azumarill|Belly Drum|p2a: Azumarill
|-damage|p2a: Azumarill|50/100y
|-setboost|p2a: Azumarill|atk|6|[from] move: Belly Drum
|-enditem|p2a: Azumarill|Sitrus Berry|[eat]
|-heal|p2a: Azumarill|74/100|[from] item: Sitrus Berry
|
|upkeep
|turn|2
|
|t:|1785278352
|switch|p2b: Sinistcha|Sinistcha, L50|100/100
|-heal|p2a: Azumarill|99/100|[from] ability: Hospitality|[of] p2b: Sinistcha
|move|p2a: Azumarill|Protect|p2a: Azumarill
|-singleturn|p2a: Azumarill|Protect
|move|p1a: Metagross|Stomping Tantrum|p2b: Sinistcha
|-resisted|p2b: Sinistcha|1
|-damage|p2b: Sinistcha|86/100
|move|p1b: Rotom|Will-O-Wisp|p2a: Azumarill
|-activate|p2a: Azumarill|move: Protect
|
|upkeep
|turn|3
|inactive|idkFrosty has 30 seconds left.
|
|t:|1785278380
|move|p2b: Sinistcha|Rage Powder|p2b: Sinistcha
|-singleturn|p2b: Sinistcha|move: Rage Powder
|move|p1a: Metagross|Meteor Mash|p2b: Sinistcha
|-damage|p2b: Sinistcha|35/100
|move|p1b: Rotom|Will-O-Wisp|p2b: Sinistcha
|-status|p2b: Sinistcha|brn
|move|p2a: Azumarill|Knock Off|p1a: Metagross
|-supereffective|p1a: Metagross|1
|-damage|p1a: Metagross|0 fnt
|faint|p1a: Metagross
|
|-damage|p2b: Sinistcha|29/100 brn|[from] brn
|upkeep
|
|t:|1785278394
|switch|p1a: Runerigus|Runerigus, L50, F, shiny|100/100
|turn|4
|
|t:|1785278406
|move|p2b: Sinistcha|Rage Powder|p2b: Sinistcha
|-singleturn|p2b: Sinistcha|move: Rage Powder
|move|p2a: Azumarill|Aqua Jet|p1a: Runerigus
|-supereffective|p1a: Runerigus|1
|-damage|p1a: Runerigus|0 fnt
|-activate|p2a: Azumarill|Skill Swap|Wandering Spirit|Huge Power|[of] p1a: Runerigus
|faint|p1a: Runerigus
|move|p1b: Rotom|Will-O-Wisp|p2b: Sinistcha
|-fail|p2b: Sinistcha|brn
|
|-damage|p2b: Sinistcha|23/100 brn|[from] brn
|upkeep
|
|t:|1785278416
|switch|p1a: Clefable|Clefable, L50, M, shiny|100/100
|turn|5
|
|t:|1785278425
|move|p2b: Sinistcha|Rage Powder|p2b: Sinistcha
|-singleturn|p2b: Sinistcha|move: Rage Powder
|move|p2a: Azumarill|Aqua Jet|p1a: Clefable
|-damage|p1a: Clefable|39/100
|-start|p2a: Azumarill|Attract|[from] ability: Cute Charm|[of] p1a: Clefable
|-enditem|p1a: Clefable|Sitrus Berry|[eat]
|-heal|p1a: Clefable|63/100|[from] item: Sitrus Berry
|move|p1b: Rotom|Will-O-Wisp|p2b: Sinistcha
|-fail|p2b: Sinistcha|brn
|move|p1a: Clefable|Draining Kiss|p2b: Sinistcha
|-damage|p2b: Sinistcha|4/100 brn
|-heal|p1a: Clefable|76/100|[from] drain|[of] p2b: Sinistcha
|
|-damage|p2b: Sinistcha|0 fnt|[from] brn
|faint|p2b: Sinistcha
|upkeep
|
|t:|1785278431
|switch|p2b: Incineroar|Incineroar, L50, M|27/100
|-ability|p2b: Incineroar|Intimidate|boost
|-unboost|p1a: Clefable|atk|1
|-unboost|p1b: Rotom|atk|1
|turn|6
|
|t:|1785278449
|move|p2b: Incineroar|Fake Out|p1b: Rotom
|-damage|p1b: Rotom|77/100
|-activate|p2a: Azumarill|move: Attract|[of] p1a: Clefable
|move|p2a: Azumarill|Aqua Jet|p1a: Clefable
|-damage|p1a: Clefable|15/100
|cant|p1b: Rotom|flinch
|move|p1a: Clefable|Draining Kiss|p2b: Incineroar
|-damage|p2b: Incineroar|13/100
|-heal|p1a: Clefable|25/100|[from] drain|[of] p2b: Incineroar
|
|upkeep
|turn|7
|
|t:|1785278474
|-activate|p2a: Azumarill|move: Attract|[of] p1a: Clefable
|cant|p2a: Azumarill|Attract
|move|p1b: Rotom|Will-O-Wisp|p2a: Azumarill
|-status|p2a: Azumarill|brn
|move|p2b: Incineroar|Flare Blitz|p1a: Clefable
|-damage|p1a: Clefable|0 fnt
|faint|p1a: Clefable
|-damage|p2b: Incineroar|5/100|[from] Recoil
|-end|p2a: Azumarill|Attract|[silent]
|
|-damage|p2a: Azumarill|93/100 brn|[from] brn
|upkeep
|turn|8
|
|t:|1785278487
|switch|p2b: Delphox|Delphox, L50, M|100/100
|move|p2a: Azumarill|Aqua Jet|p1b: Rotom
|-resisted|p1b: Rotom|1
|-damage|p1b: Rotom|63/100
|move|p1b: Rotom|Will-O-Wisp|p2a: Azumarill
|-fail|p2a: Azumarill|brn
|
|-damage|p2a: Azumarill|87/100 brn|[from] brn
|upkeep
|turn|9
|
|t:|1785278496
|detailschange|p2b: Delphox|Delphox-Mega, L50, M
|-mega|p2b: Delphox|Delphox|Delphoxite
|move|p2a: Azumarill|Aqua Jet|p1b: Rotom
|-resisted|p1b: Rotom|1
|-damage|p1b: Rotom|50/100g
|move|p2b: Delphox|Nasty Plot|p2b: Delphox
|-boost|p2b: Delphox|spa|2
|move|p1b: Rotom|Will-O-Wisp|p2a: Azumarill
|-fail|p2a: Azumarill|brn
|
|-damage|p2a: Azumarill|82/100 brn|[from] brn
|upkeep
|turn|10
|
|t:|1785278507
|move|p2a: Azumarill|Aqua Jet|p1b: Rotom
|-resisted|p1b: Rotom|1
|-damage|p1b: Rotom|36/100
|move|p2b: Delphox|Psychic|p1b: Rotom
|-damage|p1b: Rotom|0 fnt
|faint|p1b: Rotom
|
|win|ToastedArt
