|j|☆jmbasson
|j|☆glubglobs
|html|jmbassonglubglobs    
|uhtml|bestof|Game 1 of a best-of-3
|t:|1756402700
|gametype|doubles
|player|p1|jmbasson|elesa|1076
|player|p2|glubglobs|2|1166
|gen|9
|tier|[Gen 9] VGC 2025 Reg H (Bo3)
|rated|
|rule|Species Clause: Limit one of each Pokémon
|rule|Item Clause: Limit 1 of each item
|clearpoke
|poke|p1|Electabuzz, L50, M|
|poke|p1|Kingambit, L50, F|
|poke|p1|Volcarona, L50, M|
|poke|p1|Dragonite, L50, F|
|poke|p1|Sneasler, L50, F|
|poke|p1|Rillaboom, L50, M|
|poke|p2|Primarina, L50, F|
|poke|p2|Sneasler, L50, F|
|poke|p2|Electabuzz, L50, F|
|poke|p2|Kingambit, L50, M|
|poke|p2|Dragapult, L50, F|
|poke|p2|Rillaboom, L50, M|
|teampreview|4
|showteam|p1|Electabuzz||Eviolite|VitalSpirit|FollowMe,Thunderbolt,Taunt,Protect|||M|||50|,,,,,Ghost]Kingambit||BlackGlasses|Defiant|KowtowCleave,SuckerPunch,SwordsDance,Protect|||F|||50|,,,,,Dark]Volcarona||Leftovers|FlameBody|HeatWave,TeraBlast,QuiverDance,Protect|||M|||50|,,,,,Fairy]Dragonite||LoadedDice|Multiscale|ScaleShot,ExtremeSpeed,Haze,Protect|||F|||50|,,,,,Fairy]Sneasler||FocusSash|Unburden|DireClaw,CloseCombat,Coaching,FakeOut|||F|||50|,,,,,Stellar]Rillaboom||AssaultVest|GrassySurge|FakeOut,WoodHammer,GrassyGlide,HighHorsepower|||M|||50|,,,,,Fire
|showteam|p2|Primarina||ThroatSpray|LiquidVoice|Protect,Haze,HyperVoice,Moonblast|||F|||50|,,,,,Poison]Sneasler||FocusSash|PoisonTouch|Protect,NightSlash,DireClaw,CloseCombat|||F|||50|,,,,,Stellar]Electabuzz||Eviolite|VitalSpirit|Protect,FollowMe,Taunt,Electroweb|||F|||50|,,,,,Fairy]Kingambit||BlackGlasses|Defiant|Protect,SwordsDance,SuckerPunch,KowtowCleave|||M|||50|,,,,,Dark]Dragapult||ChoiceBand|ClearBody|Uturn,DragonDarts,PhantomForce,Outrage|||F|||50|,,,,,Dragon]Rillaboom||AssaultVest|GrassySurge|FakeOut,Uturn,GrassyGlide,WoodHammer|||M|||50|,,,,,Fire
|inactive|Battle timer is ON: inactive players will automatically lose when time's up. (requested by glubglobs)
|inactive|jmbasson has 60 seconds left.
|inactive|glubglobs has 60 seconds left.
|
|t:|1756402752
|teamsize|p1|4
|teamsize|p2|4
|start
|switch|p1a: Sneasler|Sneasler, L50, F|100/100
|switch|p1b: Electabuzz|Electabuzz, L50, M|100/100
|switch|p2a: Primarina|Primarina, L50, F|100/100
|switch|p2b: Kingambit|Kingambit, L50, M|100/100
|turn|1
|
|t:|1756402775
|switch|p2b: Sneasler|Sneasler, L50, F|100/100
|-terastallize|p2a: Primarina|Poison
|move|p1a: Sneasler|Fake Out|p2a: Primarina
|-crit|p2a: Primarina
|-damage|p2a: Primarina|76/100
|move|p1b: Electabuzz|Taunt|p2b: Sneasler
|-start|p2b: Sneasler|move: Taunt
|cant|p2a: Primarina|flinch
|
|upkeep
|turn|2
|inactive|jmbasson has 30 seconds left.
|inactive|jmbasson has 20 seconds left.
|
|t:|1756402815
|switch|p1a: Rillaboom|Rillaboom, L50, M|100/100
|-fieldstart|move: Grassy Terrain|[from] ability: Grassy Surge|[of] p1a: Rillaboom
|move|p1b: Electabuzz|Follow Me|p1b: Electabuzz
|-singleturn|p1b: Electabuzz|move: Follow Me
|move|p2b: Sneasler|Dire Claw|p1b: Electabuzz
|-damage|p1b: Electabuzz|63/100
|-status|p1b: Electabuzz|psn
|move|p2a: Primarina|Hyper Voice|p1a: Rillaboom|[spread] p1a,p1b
|-resisted|p1a: Rillaboom
|-damage|p1a: Rillaboom|88/100
|-damage|p1b: Electabuzz|38/100 psn
|-enditem|p2a: Primarina|Throat Spray
|-boost|p2a: Primarina|spa|1|[from] item: Throat Spray
|
|-heal|p1b: Electabuzz|44/100 psn|[from] Grassy Terrain
|-heal|p1a: Rillaboom|94/100|[from] Grassy Terrain
|-heal|p2a: Primarina|82/100|[from] Grassy Terrain
|-damage|p1b: Electabuzz|32/100 psn|[from] psn
|upkeep
|turn|3
|inactive|jmbasson has 30 seconds left.
|
|t:|1756402843
|move|p1b: Electabuzz|Follow Me|p1b: Electabuzz
|-singleturn|p1b: Electabuzz|move: Follow Me
|move|p2b: Sneasler|Dire Claw|p1b: Electabuzz
|-damage|p1b: Electabuzz|0 fnt
|faint|p1b: Electabuzz
|move|p1a: Rillaboom|High Horsepower|p2a: Primarina
|-supereffective|p2a: Primarina
|-damage|p2a: Primarina|5/100
|move|p2a: Primarina|Moonblast|p1a: Rillaboom
|-damage|p1a: Rillaboom|42/100
|
|-heal|p1a: Rillaboom|48/100|[from] Grassy Terrain
|-heal|p2a: Primarina|11/100|[from] Grassy Terrain
|-end|p2b: Sneasler|move: Taunt
|upkeep
|
|t:|1756402860
|switch|p1b: Sneasler|Sneasler, L50, F|100/100
|turn|4
|
|t:|1756402870
|move|p2a: Primarina|Protect|p2a: Primarina
|-singleturn|p2a: Primarina|Protect
|move|p1b: Sneasler|Fake Out|p2b: Sneasler
|-damage|p2b: Sneasler|77/100
|move|p1a: Rillaboom|Grassy Glide|p2a: Primarina
|-activate|p2a: Primarina|move: Protect
|cant|p2b: Sneasler|flinch
|
|-heal|p2b: Sneasler|83/100|[from] Grassy Terrain
|-heal|p1a: Rillaboom|53/100|[from] Grassy Terrain
|-heal|p2a: Primarina|17/100|[from] Grassy Terrain
|upkeep
|turn|5
|inactive|jmbasson has 30 seconds left.
|inactive|glubglobs has 30 seconds left.
|inactive|jmbasson has 20 seconds left.
|
|t:|1756402908
|-terastallize|p1b: Sneasler|Stellar
|move|p1a: Rillaboom|Grassy Glide|p2a: Primarina
|-resisted|p2a: Primarina
|-damage|p2a: Primarina|0 fnt
|faint|p2a: Primarina
|move|p1b: Sneasler|Dire Claw|p2b: Sneasler
|-resisted|p2b: Sneasler
|-damage|p2b: Sneasler|34/100
|move|p2b: Sneasler|Dire Claw|p1a: Rillaboom
|-supereffective|p1a: Rillaboom
|-damage|p1a: Rillaboom|0 fnt
|faint|p1a: Rillaboom
|
|-heal|p2b: Sneasler|40/100|[from] Grassy Terrain
|upkeep
|
|t:|1756402925
|switch|p1a: Volcarona|Volcarona, L50, M|100/100
|switch|p2a: Electabuzz|Electabuzz, L50, F|100/100
|turn|6
|
|t:|1756402939
|move|p2b: Sneasler|Protect|p2b: Sneasler
|-singleturn|p2b: Sneasler|Protect
|move|p1b: Sneasler|Coaching|p1a: Volcarona
|-boost|p1a: Volcarona|atk|1
|-boost|p1a: Volcarona|def|1
|move|p1a: Volcarona|Quiver Dance|p1a: Volcarona
|-boost|p1a: Volcarona|spa|1
|-boost|p1a: Volcarona|spd|1
|-boost|p1a: Volcarona|spe|1
|move|p2a: Electabuzz|Electroweb|p1a: Volcarona|[spread] p1a,p1b
|-damage|p1a: Volcarona|92/100
|-damage|p1b: Sneasler|80/100
|-unboost|p1a: Volcarona|spe|1
|-unboost|p1b: Sneasler|spe|1
|
|-heal|p2b: Sneasler|45/100|[from] Grassy Terrain
|-heal|p1a: Volcarona|98/100|[from] Grassy Terrain
|-heal|p1a: Volcarona|100/100|[from] item: Leftovers
|-heal|p1b: Sneasler|86/100|[from] Grassy Terrain
|-fieldend|move: Grassy Terrain
|upkeep
|turn|7
|inactive|jmbasson has 30 seconds left.
|
|t:|1756402968
|move|p2b: Sneasler|Dire Claw|p1a: Volcarona
|-damage|p1a: Volcarona|66/100
|-status|p1a: Volcarona|psn|[from] ability: Poison Touch|[of] p2b: Sneasler
|move|p1a: Volcarona|Heat Wave|p2a: Electabuzz|[spread] p2a,p2b
|-damage|p2a: Electabuzz|63/100
|-damage|p2b: Sneasler|0 fnt
|faint|p2b: Sneasler
|move|p2a: Electabuzz|Electroweb|p1a: Volcarona|[spread] p1a,p1b
|-damage|p1a: Volcarona|57/100 psn
|-damage|p1b: Sneasler|67/100
|-unboost|p1a: Volcarona|spe|1
|-unboost|p1b: Sneasler|spe|1
|move|p1b: Sneasler|Coaching|p1a: Volcarona
|-boost|p1a: Volcarona|atk|1
|-boost|p1a: Volcarona|def|1
|
|-heal|p1a: Volcarona|64/100 psn|[from] item: Leftovers
|-damage|p1a: Volcarona|51/100 psn|[from] psn
|upkeep
|
|t:|1756402987
|switch|p2b: Kingambit|Kingambit, L50, M|100/100
|turn|8
|
|t:|1756403006
|move|p2b: Kingambit|Protect|p2b: Kingambit
|-singleturn|p2b: Kingambit|Protect
|move|p2a: Electabuzz|Taunt|p1a: Volcarona
|-start|p1a: Volcarona|move: Taunt
|move|p1b: Sneasler|Close Combat|p2b: Kingambit
|-activate|p2b: Kingambit|move: Protect
|move|p1a: Volcarona|Heat Wave|p2b: Kingambit|[spread] p2a
|-activate|p2b: Kingambit|move: Protect
|-damage|p2a: Electabuzz|28/100
|
|-heal|p1a: Volcarona|57/100 psn|[from] item: Leftovers
|-damage|p1a: Volcarona|45/100 psn|[from] psn
|upkeep
|turn|9
|
|t:|1756403025
|move|p2a: Electabuzz|Electroweb|p1b: Sneasler|[spread] p1a,p1b
|-damage|p1a: Volcarona|36/100 psn
|-damage|p1b: Sneasler|48/100
|-unboost|p1a: Volcarona|spe|1
|-unboost|p1b: Sneasler|spe|1
|move|p1b: Sneasler|Close Combat|p2b: Kingambit
|-supereffective|p2b: Kingambit
|-damage|p2b: Kingambit|0 fnt
|-unboost|p1b: Sneasler|def|1
|-unboost|p1b: Sneasler|spd|1
|faint|p2b: Kingambit
|move|p1a: Volcarona|Heat Wave|p2a: Electabuzz
|-damage|p2a: Electabuzz|0 fnt
|faint|p2a: Electabuzz
|
|win|jmbasson
|l|☆jmbasson
|player|p1|
||jmbasson is ready for game 2.
|inactive|glubglobs has 30 seconds to confirm battle start!
||glubglobs is ready for game 2.
|uhtml|next|Next: Game 2 of 3
