|j|☆iron labubu
|j|☆laufey#1fan
|html|iron labubulaufey#1fan    
|uhtml|bestof|Game 1 of a best-of-3
|t:|1757110197
|gametype|doubles
|player|p1|iron labubu|grimsley-masters|1420
|player|p2|laufey#1fan|1|1287
|gen|9
|tier|[Gen 9] VGC 2025 Reg H (Bo3)
|rated|
|rule|Species Clause: Limit one of each Pokémon
|rule|Item Clause: Limit 1 of each item
|clearpoke
|poke|p1|Ninetales-Alola, L50, M|
|poke|p1|Gholdengo, L50|
|poke|p1|Dragonite, L50, F|
|poke|p1|Incineroar, L50, F|
|poke|p1|Rillaboom, L50, M|
|poke|p1|Annihilape, L50, M|
|poke|p2|Kingambit, L50, M|
|poke|p2|Ursaluna-Bloodmoon, L50, M|
|poke|p2|Sinistcha, L50|
|poke|p2|Ninetales-Alola, L50, M|
|poke|p2|Sneasler, L50, F|
|poke|p2|Dragonite, L50, M|
|teampreview|4
|showteam|p1|Ninetales-Alola||FocusSash|SnowWarning|Blizzard,AuroraVeil,Encore,Moonblast|||M|||50|,,,,,Ghost]Gholdengo||ChoiceScarf|GoodasGold|MakeItRain,ShadowBall,Trick,PowerGem||||||50|,,,,,Steel]Dragonite||LoadedDice|Multiscale|Protect,ScaleShot,Tailwind,Haze|||F|||50|,,,,,Fairy]Incineroar||SafetyGoggles|Intimidate|FakeOut,KnockOff,PartingShot,FlareBlitz|||F|||50|,,,,,Ghost]Rillaboom||AssaultVest|GrassySurge|GrassyGlide,FakeOut,WoodHammer,HighHorsepower|||M|||50|,,,,,Fire]Annihilape||Leftovers|Defiant|RageFist,DrainPunch,Protect,BulkUp|||M|||50|,,,,,Fire
|showteam|p2|Kingambit||BlackGlasses|Defiant|KowtowCleave,SwordsDance,SuckerPunch,Protect|||M|||50|,,,,,Fire]Ursaluna-Bloodmoon||AssaultVest|MindsEye|BloodMoon,EarthPower,HyperVoice,VacuumWave|||M|||50|,,,,,Water]Sinistcha||SitrusBerry|Hospitality|Protect,MatchaGotcha,TrickRoom,RagePowder||||||50|,,,,,Water]Ninetales-Alola||ChoiceSpecs|SnowWarning|Blizzard,Moonblast,FreezeDry,DazzlingGleam|||M|||50|,,,,,Ghost]Sneasler||FocusSash|Unburden|CloseCombat,DireClaw,Coaching,FakeOut|||F|||50|,,,,,Ghost]Dragonite||LoadedDice|Multiscale|Protect,ScaleShot,StompingTantrum,Haze|||M|||50|,,,,,Steel
|inactive|Battle timer is ON: inactive players will automatically lose when time's up. (requested by iron labubu)
|inactive|iron labubu has 60 seconds left.
|inactive|laufey#1fan has 60 seconds left.
|
|t:|1757110255
|teamsize|p1|4
|teamsize|p2|4
|start
|switch|p1a: it snew|Ninetales-Alola, L50, M|100/100
|switch|p1b: Annihilape|Annihilape, L50, M|100/100
|switch|p2a: Sneasler|Sneasler, L50, F|100/100
|switch|p2b: Kingambit|Kingambit, L50, M|100/100
|-weather|Snowscape|[from] ability: Snow Warning|[of] p1a: it snew
|turn|1
|inactive|laufey#1fan has 30 seconds left.
|inactive|laufey#1fan has 20 seconds left.
|inactive|laufey#1fan has 15 seconds left.
|
|t:|1757110297
|-terastallize|p1a: it snew|Ghost
|-terastallize|p2b: Kingambit|Fire
|move|p2a: Sneasler|Dire Claw|p1a: it snew
|-resisted|p1a: it snew
|-damage|p1a: it snew|68/100
|-status|p1a: it snew|par
|move|p1b: Annihilape|Bulk Up|p1b: Annihilape
|-boost|p1b: Annihilape|atk|1
|-boost|p1b: Annihilape|def|1
|move|p1a: it snew|Aurora Veil|p1a: it snew
|-sidestart|p1: iron labubu|move: Aurora Veil
|move|p2b: Kingambit|Swords Dance|p2b: Kingambit
|-boost|p2b: Kingambit|atk|2
|
|-weather|Snowscape|[upkeep]
|upkeep
|turn|2
|inactive|iron labubu has 30 seconds left.
|inactive|iron labubu has 20 seconds left.
|inactive|laufey#1fan has 30 seconds left.
|inactive|laufey#1fan has 20 seconds left.
|inactive|laufey#1fan has 15 seconds left.
|
|t:|1757110350
|move|p2b: Kingambit|Sucker Punch||[still]
|-fail|p2b: Kingambit
|move|p2a: Sneasler|Coaching|p2b: Kingambit
|-boost|p2b: Kingambit|atk|1
|-boost|p2b: Kingambit|def|1
|move|p1b: Annihilape|Bulk Up|p1b: Annihilape
|-boost|p1b: Annihilape|atk|1
|-boost|p1b: Annihilape|def|1
|move|p1a: it snew|Encore|p2b: Kingambit
|-start|p2b: Kingambit|Encore
|
|-weather|Snowscape|[upkeep]
|upkeep
|turn|3
|
|t:|1757110368
|switch|p1a: Rillaboom|Rillaboom, L50, M|100/100
|-fieldstart|move: Grassy Terrain|[from] ability: Grassy Surge|[of] p1a: Rillaboom
|move|p2b: Kingambit|Sucker Punch||[still]
|-fail|p2b: Kingambit
|move|p2a: Sneasler|Dire Claw|p1a: Rillaboom
|-supereffective|p1a: Rillaboom
|-damage|p1a: Rillaboom|50/100
|-status|p1a: Rillaboom|slp
|move|p1b: Annihilape|Bulk Up|p1b: Annihilape
|-boost|p1b: Annihilape|atk|1
|-boost|p1b: Annihilape|def|1
|
|-weather|Snowscape|[upkeep]
|-heal|p1a: Rillaboom|56/100 slp|[from] Grassy Terrain
|upkeep
|turn|4
|
|t:|1757110386
|move|p2b: Kingambit|Sucker Punch|p1b: Annihilape
|-damage|p1b: Annihilape|66/100
|move|p2a: Sneasler|Dire Claw|p1a: Rillaboom
|-supereffective|p1a: Rillaboom
|-damage|p1a: Rillaboom|1/100 slp
|move|p1b: Annihilape|Rage Fist|p2b: Kingambit
|-damage|p2b: Kingambit|37/100
|cant|p1a: Rillaboom|slp
|
|-weather|Snowscape|[upkeep]
|-heal|p1b: Annihilape|72/100|[from] Grassy Terrain
|-heal|p1b: Annihilape|78/100|[from] item: Leftovers
|-heal|p1a: Rillaboom|7/100 slp|[from] Grassy Terrain
|-heal|p2b: Kingambit|43/100|[from] Grassy Terrain
|upkeep
|turn|5
|
|t:|1757110405
|cant|p1a: Rillaboom|slp
|move|p2b: Kingambit|Sucker Punch|p1b: Annihilape
|-damage|p1b: Annihilape|45/100
|move|p2a: Sneasler|Dire Claw|p1a: Rillaboom
|-supereffective|p1a: Rillaboom
|-damage|p1a: Rillaboom|0 fnt
|faint|p1a: Rillaboom
|move|p1b: Annihilape|Rage Fist|p2b: Kingambit
|-damage|p2b: Kingambit|0 fnt
|faint|p2b: Kingambit
|
|-weather|none
|-heal|p1b: Annihilape|51/100|[from] Grassy Terrain
|-heal|p1b: Annihilape|57/100|[from] item: Leftovers
|-sideend|p1: iron labubu|move: Aurora Veil
|upkeep
|
|t:|1757110414
|switch|p1a: Incineroar|Incineroar, L50, F|100/100
|switch|p2b: Ninetales|Ninetales-Alola, L50, M|100/100
|-weather|Snowscape|[from] ability: Snow Warning|[of] p2b: Ninetales
|-ability|p1a: Incineroar|Intimidate|boost
|-unboost|p2a: Sneasler|atk|1
|-unboost|p2b: Ninetales|atk|1
|turn|6
|
|t:|1757110433
|switch|p2b: Dragonite|Dragonite, L50, M|100/100
|move|p1a: Incineroar|Fake Out|p2b: Dragonite
|-damage|p2b: Dragonite|94/100
|move|p2a: Sneasler|Dire Claw|p1a: Incineroar
|-damage|p1a: Incineroar|75/100
|-status|p1a: Incineroar|slp
|move|p1b: Annihilape|Drain Punch|p2b: Dragonite
|-resisted|p2b: Dragonite
|-damage|p2b: Dragonite|43/100
|-heal|p1b: Annihilape|79/100|[from] drain|[of] p2b: Dragonite
|
|-weather|Snowscape|[upkeep]
|-heal|p1b: Annihilape|85/100|[from] Grassy Terrain
|-heal|p1b: Annihilape|91/100|[from] item: Leftovers
|-heal|p1a: Incineroar|81/100 slp|[from] Grassy Terrain
|upkeep
|turn|7
|
|t:|1757110450
|switch|p1a: it snew|Ninetales-Alola, L50, M, tera:Ghost|68/100 par
|move|p1b: Annihilape|Protect|p1b: Annihilape
|-singleturn|p1b: Annihilape|Protect
|move|p2a: Sneasler|Dire Claw|p1b: Annihilape
|-activate|p1b: Annihilape|move: Protect
|move|p2b: Dragonite|Haze|p2b: Dragonite
|-clearallboost
|
|-weather|Snowscape|[upkeep]
|-heal|p1b: Annihilape|97/100|[from] Grassy Terrain
|-heal|p1b: Annihilape|100/100|[from] item: Leftovers
|-heal|p1a: it snew|74/100 par|[from] Grassy Terrain
|-fieldend|move: Grassy Terrain
|upkeep
|turn|8
|
|t:|1757110464
|switch|p1a: Incineroar|Incineroar, L50, F|81/100 slp
|-ability|p1a: Incineroar|Intimidate|boost
|-unboost|p2a: Sneasler|atk|1
|-unboost|p2b: Dragonite|atk|1
|move|p2a: Sneasler|Dire Claw|p1b: Annihilape
|-resisted|p1b: Annihilape
|-damage|p1b: Annihilape|87/100
|move|p2b: Dragonite|Scale Shot|p1a: Incineroar
|-damage|p1a: Incineroar|72/100 slp
|-damage|p1a: Incineroar|62/100 slp
|-damage|p1a: Incineroar|53/100 slp
|-damage|p1a: Incineroar|44/100 slp
|-hitcount|p1a: Incineroar|4
|-unboost|p2b: Dragonite|def|1
|-boost|p2b: Dragonite|spe|1
|move|p1b: Annihilape|Rage Fist|p2a: Sneasler
|-enditem|p2a: Sneasler|Focus Sash
|-damage|p2a: Sneasler|1/100
|
|-weather|Snowscape|[upkeep]
|-heal|p1b: Annihilape|93/100|[from] item: Leftovers
|upkeep
|turn|9
|inactive|iron labubu has 30 seconds left.
|inactive|laufey#1fan has 30 seconds left.
|
|t:|1757110493
|cant|p1a: Incineroar|slp
|move|p2a: Sneasler|Dire Claw|p1b: Annihilape
|-resisted|p1b: Annihilape
|-damage|p1b: Annihilape|79/100
|move|p2b: Dragonite|Stomping Tantrum|p1a: Incineroar
|-supereffective|p1a: Incineroar
|-damage|p1a: Incineroar|8/100 slp
|move|p1b: Annihilape|Rage Fist|p2b: Dragonite
|-damage|p2b: Dragonite|0 fnt
|faint|p2b: Dragonite
|
|-weather|Snowscape|[upkeep]
|-heal|p1b: Annihilape|85/100|[from] item: Leftovers
|upkeep
|
|t:|1757110500
|switch|p2b: Ninetales|Ninetales-Alola, L50, M|100/100
|turn|10
|inactive|laufey#1fan has 30 seconds left.
|inactive|laufey#1fan has 20 seconds left.
|inactive|laufey#1fan has 15 seconds left.
|inactive|laufey#1fan has 10 seconds left.
|inactive|laufey#1fan has 5 seconds left.
|
|t:|1757110551
|move|p1b: Annihilape|Protect|p1b: Annihilape
|-singleturn|p1b: Annihilape|Protect
|move|p2a: Sneasler|Dire Claw|p1b: Annihilape
|-activate|p1b: Annihilape|move: Protect
|move|p2b: Ninetales|Dazzling Gleam|p1b: Annihilape|[spread] p1a
|-activate|p1b: Annihilape|move: Protect
|-damage|p1a: Incineroar|0 fnt
|faint|p1a: Incineroar
|
|-weather|none
|-heal|p1b: Annihilape|91/100|[from] item: Leftovers
|upkeep
|
|t:|1757110557
|switch|p1a: it snew|Ninetales-Alola, L50, M, tera:Ghost|74/100 par
|-weather|Snowscape|[from] ability: Snow Warning|[of] p1a: it snew
|turn|11
|
|t:|1757110562
|move|p2a: Sneasler|Dire Claw|p1b: Annihilape
|-resisted|p1b: Annihilape
|-damage|p1b: Annihilape|76/100
|-status|p1b: Annihilape|slp
|move|p2b: Ninetales|Dazzling Gleam|p1a: it snew|[spread] p1a,p1b
|-supereffective|p1b: Annihilape
|-damage|p1a: it snew|33/100 par
|-damage|p1b: Annihilape|21/100 slp
|cant|p1b: Annihilape|slp
|move|p1a: it snew|Aurora Veil|p1a: it snew
|-sidestart|p1: iron labubu|move: Aurora Veil
|
|-weather|Snowscape|[upkeep]
|-heal|p1b: Annihilape|27/100 slp|[from] item: Leftovers
|upkeep
|turn|12
|c|☆iron labubu|congrats
|c|☆iron labubu|sneatler
|c|☆laufey#1fan|thank you
|-message|iron labubu forfeited.
|
|win|laufey#1fan
|l|☆iron labubu
|player|p1|
||iron labubu is ready for game 2.
||laufey#1fan is ready for game 2.
|uhtml|next|Next: Game 2 of 3
