|j|☆t3hsleepyshuckle
|j|☆3k Ligue Croissant
|html|t3hsleepyshuckle3k Ligue Croissant    
|uhtml|bestof|Game 2 of a best-of-3
|t:|1757630265
|gametype|doubles
|player|p1|t3hsleepyshuckle|bugcatcher-gen4dp|1133
|player|p2|3k Ligue Croissant|102|1167
|gen|9
|tier|[Gen 9] VGC 2025 Reg H (Bo3)
|rated|
|rule|Species Clause: Limit one of each Pokémon
|rule|Item Clause: Limit 1 of each item
|clearpoke
|poke|p1|Indeedee, L50, M|
|poke|p1|Sneasler, L50, F|
|poke|p1|Excadrill, L50, F|
|poke|p1|Tyranitar, L50, M|
|poke|p1|Corviknight, L50, F|
|poke|p1|Magmar, L50, F|
|poke|p2|Weavile, L50, F|
|poke|p2|Annihilape, L50, F|
|poke|p2|Coalossal, L50, M|
|poke|p2|Sinistcha, L50|
|poke|p2|Farigiraf, L50, F|
|poke|p2|Ninetales-Alola, L50, M|
|teampreview|4
|showteam|p1|Indeedee||ChoiceScarf|PsychicSurge|ExpandingForce,TeraBlast,Protect,Trick|||M|||50|,,,,,Psychic]Sneasler||WhiteHerb|Unburden|FakeOut,DireClaw,CloseCombat,Coaching|||F|||50|,,,,,Flying]Excadrill||FocusSash|SandRush|Protect,IronHead,Earthquake,SwordsDance|||F|||50|,,,,,Ground]Tyranitar||AssaultVest|SandStream|RockSlide,KnockOff,LowKick,TeraBlast|||M|||50|,,,,,Flying]Corviknight||PsychicSeed|MirrorArmor|BulkUp,BraveBird,PowerTrip,Roost|||F|||50|,,,,,Water]Magmar||Eviolite|VitalSpirit|FollowMe,HeatWave,Protect,Taunt|||F|||50|,,,,,Flying
|showteam|p2|Weavile||FocusSash|Pickpocket|Surf,FakeOut,KnockOff,TripleAxel|||F|||50|,,,,,Ghost]Annihilape||SafetyGoggles|Defiant|RageFist,DrainPunch,BulkUp,Protect|||F|||50|,,,,,Fire]Coalossal||WeaknessPolicy|SteamEngine|HeatWave,PowerGem,EarthPower,Protect|||M|||50|,,,,,Fire]Sinistcha||SitrusBerry|Hospitality|StrengthSap,LifeDew,RagePowder,MatchaGotcha||||||50|,,,,,Water]Farigiraf||ThroatSpray|ArmorTail|HyperVoice,DazzlingGleam,TrickRoom,SkillSwap|||F|||50|,,,,,Fairy]Ninetales-Alola||LightClay|SnowWarning|Blizzard,IcicleSpear,FreezeDry,AuroraVeil|||M|||50|,,,,,Ghost
|inactive|Battle timer is ON: inactive players will automatically lose when time's up. (requested by t3hsleepyshuckle)
|inactive|t3hsleepyshuckle has 60 seconds left.
|inactive|t3hsleepyshuckle has 30 seconds left.
|inactive|t3hsleepyshuckle has 20 seconds left.
|inactive|t3hsleepyshuckle has 15 seconds left.
|
|t:|1757630358
|teamsize|p1|4
|teamsize|p2|4
|start
|switch|p1a: Excadrill|Excadrill, L50, F|100/100
|switch|p1b: Tyranitar|Tyranitar, L50, M|100/100
|switch|p2a: Weavile|Weavile, L50, F|100/100
|switch|p2b: Coalossal|Coalossal, L50, M|100/100
|-weather|Sandstorm|[from] ability: Sand Stream|[of] p1b: Tyranitar
|turn|1
|inactive|t3hsleepyshuckle has 30 seconds left.
|inactive|t3hsleepyshuckle has 20 seconds left.
|inactive|t3hsleepyshuckle has 15 seconds left.
|inactive|t3hsleepyshuckle has 10 seconds left.
|inactive|t3hsleepyshuckle has 5 seconds left.
|
|t:|1757630411
|switch|p2b: Ninetales|Ninetales-Alola, L50, M|100/100
|-weather|Snowscape|[from] ability: Snow Warning|[of] p2b: Ninetales
|-terastallize|p1b: Tyranitar|Flying
|move|p2a: Weavile|Triple Axel|p1a: Excadrill
|-damage|p1a: Excadrill|86/100
|-damage|p1a: Excadrill|57/100
|-damage|p1a: Excadrill|17/100
|-hitcount|p1a: Excadrill|3
|move|p1a: Excadrill|Earthquake|p2a: Weavile|[spread] p2a,p2b
|-immune|p1b: Tyranitar
|-damage|p2a: Weavile|50/100
|-damage|p2b: Ninetales|70/100
|move|p1b: Tyranitar|Rock Slide|p2b: Ninetales|[spread] p2a,p2b
|-supereffective|p2a: Weavile
|-supereffective|p2b: Ninetales
|-damage|p2a: Weavile|0 fnt
|-damage|p2b: Ninetales|27/100
|faint|p2a: Weavile
|
|-weather|Snowscape|[upkeep]
|upkeep
|
|t:|1757630429
|switch|p2a: Annihilape|Annihilape, L50, F|100/100
|turn|2
|inactive|t3hsleepyshuckle has 30 seconds left.
|j| Arkhept
|
|t:|1757630458
|switch|p1b: Corviknight|Corviknight, L50, F|100/100
|move|p2b: Ninetales|Aurora Veil|p2b: Ninetales
|-sidestart|p2: 3k Ligue Croissant|move: Aurora Veil
|move|p2a: Annihilape|Bulk Up|p2a: Annihilape
|-boost|p2a: Annihilape|atk|1
|-boost|p2a: Annihilape|def|1
|move|p1a: Excadrill|Iron Head|p2b: Ninetales
|-supereffective|p2b: Ninetales
|-damage|p2b: Ninetales|0 fnt
|faint|p2b: Ninetales
|
|-weather|Snowscape|[upkeep]
|upkeep
|l| Arkhept
|
|t:|1757630467
|switch|p2b: Coalossal|Coalossal, L50, M|100/100
|turn|3
|inactive|t3hsleepyshuckle has 30 seconds left.
|inactive|t3hsleepyshuckle has 20 seconds left.
|inactive|t3hsleepyshuckle has 15 seconds left.
|inactive|t3hsleepyshuckle has 10 seconds left.
|
|t:|1757630512
|-terastallize|p2b: Coalossal|Fire
|move|p2a: Annihilape|Bulk Up|p2a: Annihilape
|-boost|p2a: Annihilape|atk|1
|-boost|p2a: Annihilape|def|1
|move|p1a: Excadrill|Swords Dance|p1a: Excadrill
|-boost|p1a: Excadrill|atk|2
|move|p1b: Corviknight|Bulk Up|p1b: Corviknight
|-boost|p1b: Corviknight|atk|1
|-boost|p1b: Corviknight|def|1
|move|p2b: Coalossal|Heat Wave|p1a: Excadrill|[spread] p1a,p1b
|-supereffective|p1a: Excadrill
|-supereffective|p1b: Corviknight
|-damage|p1a: Excadrill|0 fnt
|-damage|p1b: Corviknight|22/100
|faint|p1a: Excadrill
|
|-weather|Snowscape|[upkeep]
|upkeep
|
|t:|1757630532
|switch|p1a: Indeedee|Indeedee, L50, M|100/100
|-fieldstart|move: Psychic Terrain|[from] ability: Psychic Surge|[of] p1a: Indeedee
|-enditem|p1b: Corviknight|Psychic Seed
|-boost|p1b: Corviknight|spd|1|[from] item: Psychic Seed
|turn|4
|
|t:|1757630547
|move|p1a: Indeedee|Expanding Force|p2b: Coalossal|[spread] p2a,p2b
|-supereffective|p2a: Annihilape
|-damage|p2a: Annihilape|29/100
|-damage|p2b: Coalossal|63/100
|move|p2a: Annihilape|Drain Punch|p1a: Indeedee
|-damage|p1a: Indeedee|0 fnt
|-heal|p2a: Annihilape|61/100|[from] drain|[of] p1a: Indeedee
|faint|p1a: Indeedee
|move|p1b: Corviknight|Roost|p1b: Corviknight
|-heal|p1b: Corviknight|72/100
|-singleturn|p1b: Corviknight|move: Roost
|move|p2b: Coalossal|Heat Wave|p1b: Corviknight
|-supereffective|p1b: Corviknight
|-damage|p1b: Corviknight|0 fnt
|faint|p1b: Corviknight
|
|-weather|Snowscape|[upkeep]
|upkeep
|
|t:|1757630556
|switch|p1b: Tyranitar|Tyranitar, L50, M, tera:Flying|100/100
|-weather|Sandstorm|[from] ability: Sand Stream|[of] p1b: Tyranitar
|turn|5
|
|t:|1757630565
|move|p2a: Annihilape|Rage Fist|p1b: Tyranitar
|-crit|p1b: Tyranitar
|-damage|p1b: Tyranitar|0 fnt
|faint|p1b: Tyranitar
|
|win|3k Ligue Croissant
||3k Ligue Croissant is ready for game 3.
||t3hsleepyshuckle is ready for game 3.
|uhtml|next|Next: Game 3 of 3
