|j|☆jakattack626
|j|☆iLouca
|html|jakattack626iLouca    
|uhtml|bestof|Game 1 of a best-of-3
|t:|1756387847
|gametype|doubles
|player|p1|jakattack626|blaine|1048
|player|p2|iLouca|acetrainer|1091
|gen|9
|tier|[Gen 9] VGC 2025 Reg H (Bo3)
|rated|
|rule|Species Clause: Limit one of each Pokémon
|rule|Item Clause: Limit 1 of each item
|clearpoke
|poke|p1|Annihilape, L50, M|
|poke|p1|Ninetales-Alola, L50, M|
|poke|p1|Garchomp, L50, F|
|poke|p1|Dragonite, L50, M|
|poke|p1|Sneasler, L50, M|
|poke|p1|Incineroar, L50, F|
|poke|p2|Charizard, L50, M|
|poke|p2|Dragapult, L50, M|
|poke|p2|Ursaluna, L50, M|
|poke|p2|Incineroar, L50, M|
|poke|p2|Whimsicott, L50, F|
|poke|p2|Torkoal, L50, M|
|teampreview|4
|showteam|p1|Annihilape||AssaultVest|Defiant|RageFist,DrainPunch,RockTomb,FinalGambit|||M|||50|,,,,,Fire]Ninetales-Alola||ChoiceSpecs|SnowWarning|Blizzard,Moonblast,FreezeDry,IcyWind|||M|||50|,,,,,Ghost]Garchomp||LifeOrb|RoughSkin|Earthquake,StompingTantrum,DragonClaw,Protect|||F|||50|,,,,,Steel]Dragonite||LoadedDice|Multiscale|ScaleShot,Tailwind,Protect,Haze|||M|||50|,,,,,Fairy]Sneasler||FocusSash|Unburden|CloseCombat,DireClaw,FakeOut,Coaching|||M|||50|,,,,,Ghost]Incineroar||SafetyGoggles|Intimidate|KnockOff,Taunt,FakeOut,PartingShot|||F|||50|,,,,,Fairy
|showteam|p2|Charizard||ChoiceSpecs|SolarPower|HeatWave,Overheat,AirSlash,SolarBeam|||M|||50|,,,,,Ghost]Dragapult||ChoiceBand|ClearBody|DragonDarts,PhantomForce,SuckerPunch,Uturn|||M|||50|,,,,,Dragon]Ursaluna||FlameOrb|Guts|Facade,HeadlongRush,Earthquake,Protect|||M|||50|,,,,,Ghost]Incineroar||AssaultVest|Intimidate|FlareBlitz,KnockOff,FakeOut,Uturn|||M|||50|,,,,,Bug]Whimsicott||FocusSash|Prankster|Endeavor,SunnyDay,Tailwind,TrickRoom|||F|||50|,,,,,Ghost]Torkoal||EjectPack|Drought|Eruption,Overheat,HelpingHand,Protect|||M|||50|,,,,,Fire
|
|t:|1756387949
|teamsize|p1|4
|teamsize|p2|4
|start
|switch|p1a: Sneasler|Sneasler, L50, M, shiny|100/100
|switch|p1b: Annihilape|Annihilape, L50, M, shiny|100/100
|switch|p2a: Incineroar|Incineroar, L50, M|100/100
|switch|p2b: Whimsicott|Whimsicott, L50, F|100/100
|-ability|p2a: Incineroar|Intimidate|boost
|-unboost|p1a: Sneasler|atk|1
|-unboost|p1b: Annihilape|atk|1
|-ability|p1b: Annihilape|Defiant|boost
|-boost|p1b: Annihilape|atk|2
|turn|1
|
|t:|1756387995
|-terastallize|p1b: Annihilape|Fire
|move|p2b: Whimsicott|Tailwind|p2b: Whimsicott
|-sidestart|p2: iLouca|move: Tailwind
|move|p2a: Incineroar|U-turn|p1b: Annihilape
|-resisted|p1b: Annihilape
|-damage|p1b: Annihilape|91/100
|inactive|Battle timer is ON: inactive players will automatically lose when time's up. (requested by jakattack626)
|
|t:|1756388024
|switch|p2a: Charizard|Charizard, L50, M|100/100|[from] U-turn
|move|p1a: Sneasler|Dire Claw|p2b: Whimsicott
|-supereffective|p2b: Whimsicott
|-enditem|p2b: Whimsicott|Focus Sash
|-damage|p2b: Whimsicott|1/100
|move|p1b: Annihilape|Drain Punch|p2a: Charizard
|-resisted|p2a: Charizard
|-damage|p2a: Charizard|67/100
|-heal|p1b: Annihilape|100/100|[from] drain|[of] p2a: Charizard
|
|upkeep
|turn|2
|inactive|jakattack626 has 30 seconds left.
|inactive|iLouca has 30 seconds left.
|inactive|jakattack626 has 20 seconds left.
|inactive|iLouca has 20 seconds left.
|inactive|iLouca has 15 seconds left.
|inactive|iLouca has 10 seconds left.
|inactive|iLouca has 5 seconds left.
|
|t:|1756388079
|move|p2b: Whimsicott|Sunny Day|p2b: Whimsicott
|-weather|SunnyDay
|move|p2a: Charizard|Heat Wave|p1a: Sneasler|[spread] p1a,p1b
|-resisted|p1b: Annihilape
|-enditem|p1a: Sneasler|Focus Sash
|-damage|p1a: Sneasler|1/100
|-damage|p1b: Annihilape|68/100
|-status|p1a: Sneasler|brn
|move|p1a: Sneasler|Coaching|p1b: Annihilape
|-boost|p1b: Annihilape|atk|1
|-boost|p1b: Annihilape|def|1
|move|p1b: Annihilape|Rock Tomb|p2a: Charizard
|-supereffective|p2a: Charizard
|-damage|p2a: Charizard|0 fnt
|faint|p2a: Charizard
|
|-weather|SunnyDay|[upkeep]
|-damage|p1a: Sneasler|0 fnt|[from] brn
|faint|p1a: Sneasler
|upkeep
|inactive|iLouca has 30 seconds left.
|
|t:|1756388105
|switch|p1a: Dragonite|Dragonite, L50, M, shiny|100/100
|switch|p2a: Ursaluna|Ursaluna, L50, M|100/100
|turn|3
|inactive|iLouca has 30 seconds left.
|inactive|iLouca has 20 seconds left.
|
|t:|1756388144
|switch|p2a: Incineroar|Incineroar, L50, M|100/100
|-ability|p2a: Incineroar|Intimidate|boost
|-unboost|p1a: Dragonite|atk|1
|-unboost|p1b: Annihilape|atk|1
|-ability|p1b: Annihilape|Defiant|boost
|-boost|p1b: Annihilape|atk|2
|move|p2b: Whimsicott|Endeavor|p1b: Annihilape
|-damage|p1b: Annihilape|1/100
|move|p1b: Annihilape|Rage Fist|p2a: Incineroar
|-resisted|p2a: Incineroar
|-damage|p2a: Incineroar|4/100
|move|p1a: Dragonite|Tailwind|p1a: Dragonite
|-sidestart|p1: jakattack626|move: Tailwind
|
|-weather|SunnyDay|[upkeep]
|upkeep
|turn|4
|inactive|iLouca has 30 seconds left.
|inactive|iLouca has 20 seconds left.
|inactive|iLouca has 15 seconds left.
|inactive|iLouca has 10 seconds left.
|inactive|iLouca has 5 seconds left.
|
|t:|1756388199
|move|p1a: Dragonite|Protect|p1a: Dragonite
|-singleturn|p1a: Dragonite|Protect
|move|p2b: Whimsicott|Endeavor|p1a: Dragonite
|-activate|p1a: Dragonite|move: Protect
|move|p1b: Annihilape|Drain Punch|p2a: Incineroar
|-supereffective|p2a: Incineroar
|-damage|p2a: Incineroar|0 fnt
|-heal|p1b: Annihilape|3/100|[from] drain|[of] p2a: Incineroar
|faint|p2a: Incineroar
|
|-weather|SunnyDay|[upkeep]
|-sideend|p2: iLouca|move: Tailwind
|upkeep
|
|t:|1756388213
|switch|p2a: Ursaluna|Ursaluna, L50, M|100/100
|turn|5
|inactive|jakattack626 has 30 seconds left.
|
|t:|1756388244
|move|p2a: Ursaluna|Protect|p2a: Ursaluna
|-singleturn|p2a: Ursaluna|Protect
|move|p1b: Annihilape|Rage Fist|p2b: Whimsicott
|-crit|p2b: Whimsicott
|-damage|p2b: Whimsicott|0 fnt
|faint|p2b: Whimsicott
|move|p1a: Dragonite|Scale Shot|p2a: Ursaluna
|-activate|p2a: Ursaluna|move: Protect
|
|-weather|SunnyDay|[upkeep]
|-status|p2a: Ursaluna|brn|[from] item: Flame Orb
|upkeep
|turn|6
|
|t:|1756388263
|move|p1b: Annihilape|Drain Punch|p2a: Ursaluna
|-supereffective|p2a: Ursaluna
|-damage|p2a: Ursaluna|0 fnt
|-heal|p1b: Annihilape|56/100|[from] drain|[of] p2a: Ursaluna
|faint|p2a: Ursaluna
|
|win|jakattack626
||jakattack626 is ready for game 2.
|l|☆iLouca
|player|p2|
|inactive|iLouca has 30 seconds to confirm battle start!
|inactive|iLouca has 20 seconds to confirm battle start!
|inactive|iLouca has 10 seconds to confirm battle start!
|uhtml|next|Next: Game 2 of 3
