|j|☆FunkleVGC
|j|☆cesspollon
|html|FunkleVGCcesspollon    
|uhtml|bestof|Game 1 of a best-of-3
|t:|1782336129
|gametype|doubles
|player|p1|FunkleVGC|fisherman-gen4|1164
|player|p2|cesspollon|tuberf|1100
|gen|9
|tier|[Gen 9 Champions] VGC 2026 Reg M-B (Bo3)
|rated|
|rule|Species Clause: Limit one of each Pokémon
|rule|Item Clause: Limit 1 of each item
|clearpoke
|poke|p1|Froslass, L50, F, shiny|
|poke|p1|Scovillain, L50, M, shiny|
|poke|p1|Lycanroc-Dusk, L50, M, shiny|
|poke|p1|Kingambit, L50, F, shiny|
|poke|p1|Basculegion, L50, M, shiny|
|poke|p1|Sneasler, L50, F, shiny|
|poke|p2|Staraptor, L50, M, shiny|
|poke|p2|Sinistcha-Masterpiece, L50|
|poke|p2|Toxapex, L50, M|
|poke|p2|Grimmsnarl, L50, M, shiny|
|poke|p2|Manectric, L50, F|
|poke|p2|Incineroar, L50, F, shiny|
|teampreview|4
|showteam|p1|Froslass||Froslassite|CursedBody|Blizzard,ShadowBall,AuroraVeil,Protect|Modest||F|||50|]Scovillain||Scovillainite|Moody|Overheat,GigaDrain,RagePowder,Protect|Bold||M|||50|]Lycanroc-Dusk||FocusSash|ToughClaws|RockSlide,CloseCombat,Accelerock,Protect|Adamant||M|||50|]Kingambit||BlackGlasses|Defiant|KowtowCleave,SuckerPunch,SwordsDance,Protect|Adamant||F|||50|]Basculegion||SitrusBerry|Adaptability|WaveCrash,LastRespects,AquaJet,Protect|Adamant||M|||50|]Sneasler||WhiteHerb|Unburden|CloseCombat,GunkShot,FakeOut,Protect|Adamant||F|||50|
|showteam|p2|Staraptor||Staraptite|Intimidate|CloseCombat,BraveBird,Roost,Protect|Adamant||M|||50|]Sinistcha-Masterpiece||SitrusBerry|Hospitality|MatchaGotcha,RagePowder,LifeDew,StrengthSap|Calm|||||50|]Toxapex||ZoomLens|Regenerator|BanefulBunker,GunkShot,Toxic,WideGuard|Relaxed||M|||50|]Grimmsnarl||Leftovers|Prankster|FakeOut,PlayRough,ScaryFace,PartingShot|Brave||M|||50|]Manectric||FocusSash|LightningRod|Thunderbolt,VoltSwitch,ElectroBall,ScaryFace|Modest||F|||50|]Incineroar||ChopleBerry|Intimidate|DarkestLariat,FlareBlitz,FakeOut,PartingShot|Impish||F|||50|
|
|t:|1782336178
|teamsize|p1|4
|teamsize|p2|4
|start
|switch|p1a: Froslass|Froslass, L50, F, shiny|100/100
|switch|p1b: Kingambit|Kingambit, L50, F, shiny|100/100
|switch|p2a: Staraptor|Staraptor, L50, M, shiny|100/100
|switch|p2b: Grimmsnarl|Grimmsnarl, L50, M, shiny|100/100
|-ability|p2a: Staraptor|Intimidate|boost
|-unboost|p1a: Froslass|atk|1
|-unboost|p1b: Kingambit|atk|1
|-ability|p1b: Kingambit|Defiant|boost
|-boost|p1b: Kingambit|atk|2
|turn|1
|
|t:|1782336195
|detailschange|p1a: Froslass|Froslass-Mega, L50, F, shiny
|-mega|p1a: Froslass|Froslass|Froslassite
|-weather|Snowscape|[from] ability: Snow Warning|[of] p1a: Froslass
|detailschange|p2a: Staraptor|Staraptor-Mega, L50, M, shiny
|-mega|p2a: Staraptor|Staraptor|Staraptite
|move|p2b: Grimmsnarl|Scary Face|p2a: Staraptor
|-boost|p2a: Staraptor|spe|2
|move|p2a: Staraptor|Close Combat|p1b: Kingambit
|-supereffective|p1b: Kingambit|2
|-damage|p1b: Kingambit|0 fnt
|-boost|p2a: Staraptor|def|1
|-boost|p2a: Staraptor|spd|1
|faint|p1b: Kingambit
|move|p1a: Froslass|Blizzard|p2b: Grimmsnarl|[spread] p2a,p2b
|-supereffective|p2a: Staraptor|1
|-damage|p2a: Staraptor|35/100
|-damage|p2b: Grimmsnarl|58/100
|
|-weather|Snowscape|[upkeep]
|-heal|p2b: Grimmsnarl|64/100|[from] item: Leftovers
|upkeep
|
|t:|1782336213
|switch|p1b: Basculegion|Basculegion, L50, M, shiny|100/100
|turn|2
|
|t:|1782336223
|move|p2b: Grimmsnarl|Parting Shot|p2a: Staraptor
|-boost|p2a: Staraptor|atk|1
|-boost|p2a: Staraptor|spa|1
|
|t:|1782336227
|switch|p2b: Toxapex|Toxapex, L50, M|100/100|[from] Parting Shot
|move|p2a: Staraptor|Brave Bird|p1a: Froslass
|-damage|p1a: Froslass|0 fnt
|faint|p1a: Froslass
|-damage|p2a: Staraptor|5/100|[from] Recoil
|move|p1b: Basculegion|Wave Crash|p2b: Toxapex
|-resisted|p2b: Toxapex|1
|-damage|p2b: Toxapex|75/100
|-damage|p1b: Basculegion|94/100|[from] Recoil
|
|-weather|Snowscape|[upkeep]
|upkeep
|inactive|Battle timer is ON: inactive players will automatically lose when time's up. (requested by cesspollon)
|
|t:|1782336237
|switch|p1a: Lycanroc|Lycanroc-Dusk, L50, M, shiny|100/100
|turn|3
|
|t:|1782336251
|move|p2b: Toxapex|Wide Guard|p2b: Toxapex
|-singleturn|p2b: Toxapex|Wide Guard
|move|p1b: Basculegion|Aqua Jet|p2a: Staraptor
|-damage|p2a: Staraptor|0 fnt
|faint|p2a: Staraptor
|move|p1a: Lycanroc|Rock Slide|p2b: Toxapex
|-activate|p2b: Toxapex|move: Wide Guard
|
|-weather|Snowscape|[upkeep]
|upkeep
|
|t:|1782336264
|switch|p2a: Grimmsnarl|Grimmsnarl, L50, M, shiny|64/100
|turn|4
|
|t:|1782336283
|move|p2a: Grimmsnarl|Fake Out|p1a: Lycanroc
|-resisted|p1a: Lycanroc|1
|-damage|p1a: Lycanroc|90/100
|cant|p1a: Lycanroc|flinch
|move|p1b: Basculegion|Last Respects|p2b: Toxapex
|-damage|p2b: Toxapex|5/100
|move|p2b: Toxapex|Toxic|p1b: Basculegion
|-status|p1b: Basculegion|tox
|
|-weather|Snowscape|[upkeep]
|-heal|p2a: Grimmsnarl|70/100|[from] item: Leftovers
|-damage|p1b: Basculegion|88/100 tox|[from] psn
|upkeep
|turn|5
|inactive|cesspollon has 30 seconds left.
|
|t:|1782336315
|move|p2b: Toxapex|Baneful Bunker|p2b: Toxapex
|-singleturn|p2b: Toxapex|move: Protect
|move|p2a: Grimmsnarl|Parting Shot|p1b: Basculegion
|-unboost|p1b: Basculegion|atk|1
|-unboost|p1b: Basculegion|spa|1
|
|t:|1782336321
|switch|p2a: Sinistcha|Sinistcha-Masterpiece, L50|100/100|[from] Parting Shot
|-heal|p2b: Toxapex|29/100|[from] ability: Hospitality|[of] p2a: Sinistcha
|move|p1a: Lycanroc|Rock Slide|p2a: Sinistcha|[spread] p2a
|-activate|p2b: Toxapex|move: Protect
|-damage|p2a: Sinistcha|71/100
|move|p1b: Basculegion|Wave Crash|p2a: Sinistcha
|-resisted|p2a: Sinistcha|1
|-crit|p2a: Sinistcha
|-damage|p2a: Sinistcha|17/100
|-enditem|p2a: Sinistcha|Sitrus Berry|[eat]
|-heal|p2a: Sinistcha|42/100|[from] item: Sitrus Berry
|-damage|p1b: Basculegion|73/100 tox|[from] Recoil
|
|-weather|none
|-damage|p1b: Basculegion|61/100 tox|[from] psn
|upkeep
|turn|6
|inactive|cesspollon has 30 seconds left.
|
|t:|1782336352
|move|p2b: Toxapex|Wide Guard|p2b: Toxapex
|-singleturn|p2b: Toxapex|Wide Guard
|move|p1a: Lycanroc|Rock Slide|p2a: Sinistcha|[spread] 
|-activate|p2a: Sinistcha|move: Wide Guard
|-activate|p2b: Toxapex|move: Wide Guard
|move|p1b: Basculegion|Last Respects|p2b: Toxapex
|-damage|p2b: Toxapex|0 fnt
|faint|p2b: Toxapex
|move|p2a: Sinistcha|Strength Sap|p1b: Basculegion
|-unboost|p1b: Basculegion|atk|1
|-heal|p2a: Sinistcha|100/100
|
|-damage|p1b: Basculegion|43/100 tox|[from] psn
|upkeep
|-enditem|p1b: Basculegion|Sitrus Berry|[eat]
|-heal|p1b: Basculegion|68/100 tox|[from] item: Sitrus Berry
|inactive|cesspollon has 30 seconds left.
|inactive|cesspollon has 20 seconds left.
|
|t:|1782336389
|switch|p2b: Grimmsnarl|Grimmsnarl, L50, M, shiny|70/100
|turn|7
|
|t:|1782336397
|move|p1a: Lycanroc|Protect|p1a: Lycanroc
|-singleturn|p1a: Lycanroc|Protect
|move|p2b: Grimmsnarl|Fake Out|p1a: Lycanroc
|-activate|p1a: Lycanroc|move: Protect
|move|p1b: Basculegion|Last Respects|p2a: Sinistcha
|-supereffective|p2a: Sinistcha|1
|-damage|p2a: Sinistcha|16/100
|move|p2a: Sinistcha|Matcha Gotcha|p1b: Basculegion|[spread] p1b
|-activate|p1a: Lycanroc|move: Protect
|-supereffective|p1b: Basculegion|1
|-damage|p1b: Basculegion|21/100 tox
|-heal|p2a: Sinistcha|45/100|[from] drain|[of] p1b: Basculegion
|
|-heal|p2b: Grimmsnarl|76/100|[from] item: Leftovers
|-damage|p1b: Basculegion|0 fnt|[from] psn
|faint|p1b: Basculegion
|upkeep
|turn|8
|
|t:|1782336415
|move|p1a: Lycanroc|Rock Slide|p2b: Grimmsnarl|[spread] p2a,p2b
|-damage|p2a: Sinistcha|15/100
|-damage|p2b: Grimmsnarl|43/100
|move|p2a: Sinistcha|Matcha Gotcha|p1a: Lycanroc
|-supereffective|p1a: Lycanroc|1
|-damage|p1a: Lycanroc|0 fnt
|-heal|p2a: Sinistcha|53/100|[from] drain|[of] p1a: Lycanroc
|faint|p1a: Lycanroc
|
|win|cesspollon
