|j|☆ScrewSalesman
|j|☆Brendu04
|html|ScrewSalesmanBrendu04    
|uhtml|bestof|Game 1 of a best-of-3
|t:|1756441338
|gametype|doubles
|player|p1|ScrewSalesman|cynthia-gen4|1190
|player|p2|Brendu04|gambler|1209
|gen|9
|tier|[Gen 9] VGC 2025 Reg H (Bo3)
|rated|
|rule|Species Clause: Limit one of each Pokémon
|rule|Item Clause: Limit 1 of each item
|clearpoke
|poke|p1|Porygon2, L50|
|poke|p1|Incineroar, L50, M|
|poke|p1|Ursaluna, L50, F|
|poke|p1|Jumpluff, L50, M|
|poke|p1|Charizard, L50, M|
|poke|p1|Torkoal, L50, F|
|poke|p2|Sneasler, L50, M|
|poke|p2|Dondozo, L50, M|
|poke|p2|Baxcalibur, L50, M|
|poke|p2|Volcarona, L50, F|
|poke|p2|Rillaboom, L50, M|
|poke|p2|Kingambit, L50, F|
|teampreview|4
|showteam|p1|Porygon2||Eviolite|Download|TeraBlast,IceBeam,TrickRoom,Recover||||||50|,,,,,Fighting]Incineroar||SitrusBerry|Intimidate|FakeOut,KnockOff,FlareBlitz,PartingShot|||M|||50|,,,,,Ghost]Ursaluna||FlameOrb|Guts|HeadlongRush,Facade,Earthquake,Protect|||F|||50|,,,,,Ghost]Jumpluff||CovertCloak|Chlorophyll|RagePowder,PollenPuff,Tailwind,SleepPowder|||M|||50|,,,,,Water]Charizard||ChoiceSpecs|SolarPower|HeatWave,Overheat,WeatherBall,DragonPulse|||M|||50|,,,,,Ghost]Torkoal||EjectPack|Drought|Overheat,Eruption,HelpingHand,Protect|||F|||50|,,,,,Fire
|showteam|p2|Sneasler||FocusSash|Unburden|FakeOut,CloseCombat,DireClaw,Coaching|||M|||50|,,,,,Ghost]Dondozo||Leftovers|Unaware|Protect,Yawn,WaveCrash,Fissure|||M|||50|,,,,,Grass]Baxcalibur||LoadedDice|ThermalExchange|Protect,IceShard,ScaleShot,IcicleSpear|||M|||50|,,,,,Ghost]Volcarona||CovertCloak|FlameBody|QuiverDance,HeatWave,TeraBlast,RagePowder|||F|||50|,,,,,Fairy]Rillaboom||AssaultVest|GrassySurge|GrassyGlide,FakeOut,HighHorsepower,WoodHammer|||M|||50|,,,,,Fire]Kingambit||SafetyGoggles|Defiant|Protect,SwordsDance,KowtowCleave,SuckerPunch|||F|||50|,,,,,Dark
|inactive|Battle timer is ON: inactive players will automatically lose when time's up. (requested by ScrewSalesman)
|inactive|ScrewSalesman has 60 seconds left.
|
|t:|1756441373
|teamsize|p1|4
|teamsize|p2|4
|start
|switch|p1a: Incineroar|Incineroar, L50, M|100/100
|switch|p1b: Torkoal|Torkoal, L50, F|100/100
|switch|p2a: Kingambit|Kingambit, L50, F|100/100
|switch|p2b: Sneasler|Sneasler, L50, M|100/100
|-ability|p1a: Incineroar|Intimidate|boost
|-unboost|p2a: Kingambit|atk|1
|-ability|p2a: Kingambit|Defiant|boost
|-boost|p2a: Kingambit|atk|2
|-unboost|p2b: Sneasler|atk|1
|-weather|SunnyDay|[from] ability: Drought|[of] p1b: Torkoal
|turn|1
|inactive|ScrewSalesman has 30 seconds left.
|inactive|Brendu04 has 30 seconds left.
|
|t:|1756441401
|-terastallize|p2a: Kingambit|Dark
|move|p2b: Sneasler|Fake Out|p1a: Incineroar
|-damage|p1a: Incineroar|91/100
|move|p2a: Kingambit|Sucker Punch|p1b: Torkoal
|-damage|p1b: Torkoal|44/100
|cant|p1a: Incineroar|flinch
|move|p1b: Torkoal|Overheat|p2a: Kingambit
|-damage|p2a: Kingambit|30/100
|-unboost|p1b: Torkoal|spa|2
|-enditem|p1b: Torkoal|Eject Pack
|
|t:|1756441413
|switch|p1b: Porygon2|Porygon2, L50, shiny|100/100
|-ability|p1b: Porygon2|Download|boost
|-boost|p1b: Porygon2|atk|1
|
|-weather|SunnyDay|[upkeep]
|upkeep
|turn|2
|
|t:|1756441433
|-terastallize|p1b: Porygon2|Fighting
|move|p2a: Kingambit|Sucker Punch||[still]
|-fail|p2a: Kingambit
|move|p2b: Sneasler|Close Combat|p1a: Incineroar
|-supereffective|p1a: Incineroar
|-damage|p1a: Incineroar|17/100
|-unboost|p2b: Sneasler|def|1
|-unboost|p2b: Sneasler|spd|1
|-enditem|p1a: Incineroar|Sitrus Berry|[eat]
|-heal|p1a: Incineroar|42/100|[from] item: Sitrus Berry
|move|p1a: Incineroar|Parting Shot|p2b: Sneasler
|-unboost|p2b: Sneasler|atk|1
|-unboost|p2b: Sneasler|spa|1
|
|t:|1756441444
|switch|p1a: Ursaluna|Ursaluna, L50, F|100/100|[from] Parting Shot
|move|p1b: Porygon2|Trick Room|p1b: Porygon2
|-fieldstart|move: Trick Room|[of] p1b: Porygon2
|
|-weather|SunnyDay|[upkeep]
|-status|p1a: Ursaluna|brn|[from] item: Flame Orb
|upkeep
|turn|3
|
|t:|1756441464
|move|p1a: Ursaluna|Protect|p1a: Ursaluna
|-singleturn|p1a: Ursaluna|Protect
|move|p2a: Kingambit|Sucker Punch||[still]
|-fail|p2a: Kingambit
|move|p1b: Porygon2|Tera Blast|p2a: Kingambit|[anim] Tera Blast Fighting
|-supereffective|p2a: Kingambit
|-damage|p2a: Kingambit|0 fnt
|faint|p2a: Kingambit
|move|p2b: Sneasler|Close Combat|p1a: Ursaluna
|-activate|p1a: Ursaluna|move: Protect
|
|-weather|SunnyDay|[upkeep]
|-damage|p1a: Ursaluna|95/100 brn|[from] brn
|upkeep
|j| redshoes7
|
|t:|1756441471
|switch|p2a: Baxcalibur|Baxcalibur, L50, M|100/100
|turn|4
|l| redshoes7
|inactive|ScrewSalesman has 30 seconds left.
|
|t:|1756441498
|move|p2a: Baxcalibur|Protect|p2a: Baxcalibur
|-singleturn|p2a: Baxcalibur|Protect
|move|p1b: Porygon2|Tera Blast|p2b: Sneasler|[anim] Tera Blast Fighting
|-resisted|p2b: Sneasler
|-damage|p2b: Sneasler|64/100
|move|p1a: Ursaluna|Earthquake|p2b: Sneasler|[spread] p1b,p2b
|-activate|p2a: Baxcalibur|move: Protect
|-supereffective|p2b: Sneasler
|-damage|p1b: Porygon2|56/100
|-damage|p2b: Sneasler|0 fnt
|faint|p2b: Sneasler
|
|-weather|SunnyDay|[upkeep]
|-damage|p1a: Ursaluna|89/100 brn|[from] brn
|upkeep
|
|t:|1756441505
|switch|p2b: Dondozo|Dondozo, L50, M|100/100
|turn|5
|
|t:|1756441520
|move|p2b: Dondozo|Fissure|p1a: Ursaluna
|-damage|p1a: Ursaluna|0 fnt
|faint|p1a: Ursaluna
|-ohko
|move|p1b: Porygon2|Tera Blast|p2a: Baxcalibur|[anim] Tera Blast Fighting
|-supereffective|p2a: Baxcalibur
|-crit|p2a: Baxcalibur
|-damage|p2a: Baxcalibur|0 fnt
|faint|p2a: Baxcalibur
|
|-weather|none
|upkeep
|
|t:|1756441527
|switch|p1a: Incineroar|Incineroar, L50, M|42/100
|-ability|p1a: Incineroar|Intimidate|boost
|-unboost|p2b: Dondozo|atk|1
|turn|6
|
|t:|1756441532
|move|p2b: Dondozo|Protect|p2b: Dondozo
|-singleturn|p2b: Dondozo|Protect
|move|p1a: Incineroar|Fake Out|p2b: Dondozo
|-activate|p2b: Dondozo|move: Protect
|move|p1b: Porygon2|Recover|p1b: Porygon2
|-heal|p1b: Porygon2|100/100
|
|-fieldend|move: Trick Room
|upkeep
|turn|7
|
|t:|1756441539
|move|p1a: Incineroar|Knock Off|p2b: Dondozo
|-damage|p2b: Dondozo|71/100
|-enditem|p2b: Dondozo|Leftovers|[from] move: Knock Off|[of] p1a: Incineroar
|move|p1b: Porygon2|Tera Blast|p2b: Dondozo|[anim] Tera Blast Fighting
|-damage|p2b: Dondozo|42/100
|move|p2b: Dondozo|Wave Crash|p1a: Incineroar
|-supereffective|p1a: Incineroar
|-damage|p1a: Incineroar|0 fnt
|faint|p1a: Incineroar
|-damage|p2b: Dondozo|32/100|[from] Recoil
|
|upkeep
|
|t:|1756441546
|switch|p1a: Torkoal|Torkoal, L50, F|44/100
|-weather|SunnyDay|[from] ability: Drought|[of] p1a: Torkoal
|turn|8
|j| redshoes7
|l| redshoes7
|
|t:|1756441551
|move|p1a: Torkoal|Helping Hand|p1b: Porygon2
|-singleturn|p1b: Porygon2|Helping Hand|[of] p1a: Torkoal
|move|p1b: Porygon2|Tera Blast|p2b: Dondozo|[anim] Tera Blast Fighting
|-damage|p2b: Dondozo|0 fnt
|faint|p2b: Dondozo
|
|win|ScrewSalesman
||Brendu04 is ready for game 2.
||ScrewSalesman is ready for game 2.
|uhtml|next|Next: Game 2 of 3
|l|☆Brendu04
|player|p2|
