|j|☆Camerupt4Ever
|j|☆PokeMooney
|html|Camerupt4EverPokeMooney    
|uhtml|bestof|Game 3 of a best-of-3
|t:|1756650046
|gametype|doubles
|player|p1|Camerupt4Ever|flannery|1116
|player|p2|PokeMooney|giovanni|1160
|gen|9
|tier|[Gen 9] VGC 2025 Reg H (Bo3)
|rated|
|rule|Species Clause: Limit one of each Pokémon
|rule|Item Clause: Limit 1 of each item
|clearpoke
|poke|p1|Wyrdeer, L50, F|
|poke|p1|Indeedee-F, L50, F|
|poke|p1|Annihilape, L50, F|
|poke|p1|Torkoal, L50, F|
|poke|p1|Delphox, L50, F|
|poke|p1|Kingambit, L50, F|
|poke|p2|Garchomp, L50, F|
|poke|p2|Gholdengo, L50|
|poke|p2|Talonflame, L50, M|
|poke|p2|Weezing-Galar, L50, F|
|poke|p2|Gyarados, L50, M|
|poke|p2|Amoonguss, L50, F|
|teampreview|4
|showteam|p1|Wyrdeer||Leftovers|Intimidate|Protect,TrickRoom,ExpandingForce,EarthPower|||F|||50|,,,,,Ground]Indeedee-F||RockyHelmet|PsychicSurge|Imprison,FollowMe,TrickRoom,Psychic|||F|||50|,,,,,Grass]Annihilape||SafetyGoggles|Defiant|DrainPunch,Taunt,RageFist,Protect|||F|||50|,,,,,Fire]Torkoal||Charcoal|Drought|Eruption,HelpingHand,Protect,WeatherBall|||F|||50|,,,,,Grass]Delphox||ChoiceScarf|Blaze|HeatWave,ExpandingForce,DazzlingGleam,Flamethrower|||F|||50|,,,,,Fairy]Kingambit||AssaultVest|Defiant|KowtowCleave,SuckerPunch,IronHead,LowKick|||F|||50|,,,,,Poison
|showteam|p2|Garchomp||LifeOrb|RoughSkin|Earthquake,StompingTantrum,DragonClaw,Protect|||F|||50|,,,,,Steel]Gholdengo||MetalCoat|GoodasGold|MakeItRain,ShadowBall,NastyPlot,Protect||||||50|,,,,,Flying]Talonflame||CovertCloak|GaleWings|DualWingbeat,WillOWisp,FlareBlitz,Tailwind|||M|||50|,,,,,Stellar]Weezing-Galar||ChoiceSpecs|NeutralizingGas|SludgeBomb,StrangeSteam,DazzlingGleam,Flamethrower|||F|||50|,,,,,Grass]Gyarados||AbilityShield|Intimidate|Waterfall,Protect,ThunderWave,Taunt|||M|||50|,,,,,Grass]Amoonguss||SitrusBerry|Regenerator|Spore,RagePowder,PollenPuff,Protect|||F|||50|,,,,,Water
|
|t:|1756650086
|teamsize|p1|4
|teamsize|p2|4
|start
|switch|p1a: Indeedee|Indeedee-F, L50, F|100/100
|switch|p1b: Wyrdeer|Wyrdeer, L50, F|100/100
|switch|p2a: Weezing|Weezing-Galar, L50, F|100/100
|switch|p2b: Gyarados|Gyarados, L50, M|100/100
|-ability|p2a: Weezing|Neutralizing Gas
|-block|p2b: Gyarados|item: Ability Shield
|-ability|p2b: Gyarados|Intimidate|boost
|-unboost|p1a: Indeedee|atk|1
|-unboost|p1b: Wyrdeer|atk|1
|turn|1
|
|t:|1756650133
|move|p1a: Indeedee|Follow Me|p1a: Indeedee
|-singleturn|p1a: Indeedee|move: Follow Me
|move|p2b: Gyarados|Taunt|p1a: Indeedee
|-start|p1a: Indeedee|move: Taunt
|move|p2a: Weezing|Sludge Bomb|p1a: Indeedee
|-damage|p1a: Indeedee|39/100
|-status|p1a: Indeedee|psn
|move|p1b: Wyrdeer|Trick Room|p1b: Wyrdeer
|-fieldstart|move: Trick Room|[of] p1b: Wyrdeer
|
|-damage|p1a: Indeedee|26/100 psn|[from] psn
|upkeep
|turn|2
|
|t:|1756650165
|-terastallize|p2a: Weezing|Grass
|move|p2b: Gyarados|Protect|p2b: Gyarados
|-singleturn|p2b: Gyarados|Protect
|move|p1b: Wyrdeer|Expanding Force|p2a: Weezing
|-damage|p2a: Weezing|44/100
|move|p1a: Indeedee|Psychic|p2a: Weezing
|-damage|p2a: Weezing|2/100
|move|p2a: Weezing|Sludge Bomb|p1b: Wyrdeer
|-damage|p1b: Wyrdeer|41/100
|-status|p1b: Wyrdeer|psn
|
|-heal|p1b: Wyrdeer|48/100 psn|[from] item: Leftovers
|-damage|p1b: Wyrdeer|35/100 psn|[from] psn
|-damage|p1a: Indeedee|14/100 psn|[from] psn
|upkeep
|turn|3
|
|t:|1756650243
|switch|p1b: Kingambit|Kingambit, L50, F|100/100
|switch|p2b: Garchomp|Garchomp, L50, F|100/100
|move|p1a: Indeedee|Psychic|p2a: Weezing
|-damage|p2a: Weezing|0 fnt
|faint|p2a: Weezing
|-end|p2a: Weezing|ability: Neutralizing Gas
|-fieldstart|move: Psychic Terrain|[from] ability: Psychic Surge|[of] p1a: Indeedee
|
|-damage|p1a: Indeedee|2/100 psn|[from] psn
|upkeep
|
|t:|1756650292
|switch|p2a: Gyarados|Gyarados, L50, M|100/100
|-ability|p2a: Gyarados|Intimidate|boost
|-unboost|p1a: Indeedee|atk|1
|-unboost|p1b: Kingambit|atk|1
|-ability|p1b: Kingambit|Defiant|boost
|-boost|p1b: Kingambit|atk|2
|turn|4
|
|t:|1756650339
|switch|p1a: Wyrdeer|Wyrdeer, L50, F|35/100 psn
|-ability|p1a: Wyrdeer|Intimidate|boost
|-unboost|p2a: Gyarados|atk|1
|-unboost|p2b: Garchomp|atk|1
|move|p1b: Kingambit|Kowtow Cleave|p2b: Garchomp
|-damage|p2b: Garchomp|23/100
|-damage|p1b: Kingambit|88/100|[from] ability: Rough Skin|[of] p2b: Garchomp
|move|p2a: Gyarados|Waterfall|p1b: Kingambit
|-damage|p1b: Kingambit|71/100
|move|p2b: Garchomp|Earthquake|p1a: Wyrdeer|[spread] p1a,p1b
|-immune|p2a: Gyarados
|-supereffective|p1b: Kingambit
|-damage|p1a: Wyrdeer|0 fnt
|-damage|p1b: Kingambit|22/100
|faint|p1a: Wyrdeer
|-damage|p2b: Garchomp|13/100|[from] item: Life Orb
|
|upkeep
|
|t:|1756650360
|switch|p1a: Torkoal|Torkoal, L50, F|100/100
|-weather|SunnyDay|[from] ability: Drought|[of] p1a: Torkoal
|turn|5
|
|t:|1756650385
|move|p2a: Gyarados|Protect|p2a: Gyarados
|-singleturn|p2a: Gyarados|Protect
|move|p2b: Garchomp|Protect|p2b: Garchomp
|-singleturn|p2b: Garchomp|Protect
|move|p1a: Torkoal|Weather Ball|p2b: Garchomp
|-activate|p2b: Garchomp|move: Protect
|move|p1b: Kingambit|Kowtow Cleave|p2a: Gyarados
|-activate|p2a: Gyarados|move: Protect
|
|-weather|SunnyDay|[upkeep]
|-fieldend|move: Trick Room
|upkeep
|turn|6
|
|t:|1756650420
|switch|p2b: Talonflame|Talonflame, L50, M|100/100
|-terastallize|p1a: Torkoal|Grass
|move|p1b: Kingambit|Sucker Punch||[still]
|-fail|p1b: Kingambit
|move|p2a: Gyarados|Waterfall|p1b: Kingambit
|-damage|p1b: Kingambit|15/100
|move|p1a: Torkoal|Eruption|p2b: Talonflame|[spread] p2a,p2b
|-resisted|p2a: Gyarados
|-resisted|p2b: Talonflame
|-damage|p2a: Gyarados|70/100
|-damage|p2b: Talonflame|30/100
|
|-weather|SunnyDay|[upkeep]
|upkeep
|turn|7
|
|t:|1756650499
|switch|p2b: Garchomp|Garchomp, L50, F|13/100
|move|p1b: Kingambit|Sucker Punch||[still]
|-fail|p1b: Kingambit
|move|p2a: Gyarados|Waterfall|p1b: Kingambit
|-damage|p1b: Kingambit|6/100
|move|p1a: Torkoal|Eruption|p2a: Gyarados|[spread] p2a,p2b
|-resisted|p2a: Gyarados
|-resisted|p2b: Garchomp
|-damage|p2a: Gyarados|41/100
|-damage|p2b: Garchomp|0 fnt
|faint|p2b: Garchomp
|
|-weather|SunnyDay|[upkeep]
|-fieldend|move: Psychic Terrain
|upkeep
|
|t:|1756650517
|switch|p2b: Talonflame|Talonflame, L50, M|30/100
|turn|8
|
|t:|1756650532
|move|p2a: Gyarados|Protect|p2a: Gyarados
|-singleturn|p2a: Gyarados|Protect
|move|p1b: Kingambit|Sucker Punch|p2b: Talonflame
|-damage|p2b: Talonflame|0 fnt
|faint|p2b: Talonflame
|move|p1a: Torkoal|Eruption|p2a: Gyarados
|-activate|p2a: Gyarados|move: Protect
|
|-weather|SunnyDay|[upkeep]
|upkeep
|turn|9
|-message|PokeMooney forfeited.
|
|win|Camerupt4Ever
|raw|Camerupt4Ever's rating: 1116 → 1144(+28 for winning)
|raw|PokeMooney's rating: 1160 → 1132(-28 for losing)
|l|☆PokeMooney
|player|p2|
|l|☆Camerupt4Ever
|player|p1|
|j|☆Camerupt4Ever
|player|p1|Camerupt4Ever|flannery|
