|j|☆castoriceball
|j|☆master 792
|html|castoriceballmaster 792    
|uhtml|bestof|Game 1 of a best-of-3
|t:|1785647502
|gametype|doubles
|player|p1|castoriceball|miku-flying|1260
|player|p2|master 792|red|1285
|gen|9
|tier|[Gen 9 Champions] VGC 2026 Reg M-B (Bo3)
|rated|
|rule|Species Clause: Limit one of each Pokémon
|rule|Item Clause: Limit 1 of each item
|clearpoke
|poke|p1|Garchomp, L50, F|
|poke|p1|Floette-Eternal, L50, F|
|poke|p1|Grimmsnarl, L50, M|
|poke|p1|Incineroar, L50, M|
|poke|p1|Metagross, L50|
|poke|p1|Hydreigon, L50, M|
|poke|p2|Charizard, L50, M|
|poke|p2|Whimsicott, L50, F, shiny|
|poke|p2|Basculegion, L50, M, shiny|
|poke|p2|Garchomp, L50, M, shiny|
|poke|p2|Kingambit, L50, F|
|poke|p2|Floette-Eternal, L50, F|
|teampreview|4
|showteam|p1|Garchomp||SitrusBerry|RoughSkin|Earthquake,DragonClaw,RockSlide,Protect|Adamant||F|||50|]Floette-Eternal||Floettite|FlowerVeil|DrainingKiss,DazzlingGleam,CalmMind,Protect|Modest||F|||50|]Grimmsnarl||LightClay|Prankster|SpiritBreak,Reflect,LightScreen,PartingShot|Careful||M|||50|]Incineroar||Charcoal|Intimidate|FlareBlitz,ThroatChop,FakeOut,PartingShot|Adamant||M|||50|]Metagross||Metagrossite|ClearBody|Protect,PsychicFangs,IronHead,StompingTantrum|Jolly|||||50|]Hydreigon||ChoiceScarf|Levitate|DarkPulse,DracoMeteor,Snarl,EarthPower|Modest||M|||50|
|showteam|p2|Charizard||CharizarditeY|Blaze|HeatWave,WeatherBall,SolarBeam,Protect|Modest||M|||50|]Whimsicott||FocusSash|Prankster|Moonblast,Encore,Tailwind,Protect|Timid||F|||50|]Basculegion||LifeOrb|Adaptability|WaveCrash,LastRespects,AquaJet,Protect|Adamant||M|||50|]Garchomp||SitrusBerry|RoughSkin|PoisonJab,Earthquake,RockSlide,DragonClaw|Adamant||M|||50|]Kingambit||BlackGlasses|Defiant|KowtowCleave,LowKick,SuckerPunch,Protect|Adamant||F|||50|]Floette-Eternal||Floettite|FlowerVeil|Moonblast,DazzlingGleam,HelpingHand,Protect|Modest||F|||50|
|inactive|Battle timer is ON: inactive players will automatically lose when time's up. (requested by master 792)
|
|t:|1785647577
|teamsize|p1|4
|teamsize|p2|4
|start
|switch|p1a: Grimmsnarl|Grimmsnarl, L50, M|100/100
|switch|p1b: Floette|Floette-Eternal, L50, F|100/100
|switch|p2a: Whimsicott|Whimsicott, L50, F, shiny|100/100
|switch|p2b: Kingambit|Kingambit, L50, F|100/100
|turn|1
|inactive|castoriceball has 30 seconds left.
|inactive|castoriceball has 20 seconds left.
|
|t:|1785647614
|detailschange|p1b: Floette|Floette-Mega, L50, F
|-mega|p1b: Floette|Floette|Floettite
|-ability|p1b: Floette|Fairy Aura
|move|p1b: Floette|Protect|p1b: Floette
|-singleturn|p1b: Floette|Protect
|move|p2a: Whimsicott|Tailwind|p2a: Whimsicott
|-sidestart|p2: master 792|move: Tailwind
|move|p1a: Grimmsnarl|Light Screen|p1a: Grimmsnarl
|-sidestart|p1: castoriceball|move: Light Screen
|move|p2b: Kingambit|Kowtow Cleave|p1b: Floette
|-activate|p1b: Floette|move: Protect
|
|upkeep
|turn|2
|
|t:|1785647632
|switch|p1b: Hydreigon|Hydreigon, L50, M|100/100
|move|p2a: Whimsicott|Encore|p1b: Hydreigon
|-hint|Since gen 7, Dark is immune to Prankster moves.
|-immune|p1b: Hydreigon
|move|p1a: Grimmsnarl|Reflect|p1a: Grimmsnarl
|-sidestart|p1: castoriceball|Reflect
|move|p2b: Kingambit|Kowtow Cleave|p1a: Grimmsnarl
|-resisted|p1a: Grimmsnarl|2
|-damage|p1a: Grimmsnarl|90/100
|
|upkeep
|turn|3
|inactive|castoriceball has 30 seconds left.
|
|t:|1785647667
|switch|p1b: Floette|Floette-Mega, L50, F|100/100
|-ability|p1b: Floette|Fairy Aura
|move|p2a: Whimsicott|Moonblast|p1b: Floette
|-damage|p1b: Floette|79/100
|move|p2b: Kingambit|Kowtow Cleave|p1b: Floette
|-resisted|p1b: Floette|1
|-damage|p1b: Floette|60/100
|move|p1a: Grimmsnarl|Spirit Break|p2a: Whimsicott
|-damage|p2a: Whimsicott|42/100
|-unboost|p2a: Whimsicott|spa|1
|
|upkeep
|turn|4
|inactive|castoriceball has 30 seconds left.
|inactive|castoriceball has 20 seconds left.
|
|t:|1785647705
|move|p2a: Whimsicott|Protect|p2a: Whimsicott
|-singleturn|p2a: Whimsicott|Protect
|move|p1b: Floette|Protect|p1b: Floette
|-singleturn|p1b: Floette|Protect
|move|p2b: Kingambit|Kowtow Cleave|p1b: Floette
|-activate|p1b: Floette|move: Protect
|move|p1a: Grimmsnarl|Spirit Break|p2a: Whimsicott
|-activate|p2a: Whimsicott|move: Protect
|
|-sideend|p2: master 792|move: Tailwind
|upkeep
|turn|5
|
|t:|1785647715
|move|p2a: Whimsicott|Tailwind|p2a: Whimsicott
|-sidestart|p2: master 792|move: Tailwind
|move|p2b: Kingambit|Kowtow Cleave|p1b: Floette
|-resisted|p1b: Floette|1
|-damage|p1b: Floette|39/100
|move|p1b: Floette|Calm Mind|p1b: Floette
|-boost|p1b: Floette|spa|1
|-boost|p1b: Floette|spd|1
|move|p1a: Grimmsnarl|Spirit Break|p2a: Whimsicott
|-damage|p2a: Whimsicott|0 fnt
|faint|p2a: Whimsicott
|
|upkeep
|
|t:|1785647720
|switch|p2a: Floette|Floette-Eternal, L50, F|100/100
|turn|6
|
|t:|1785647727
|detailschange|p2a: Floette|Floette-Mega, L50, F
|-mega|p2a: Floette|Floette|Floettite
|-ability|p2a: Floette|Fairy Aura
|move|p2a: Floette|Dazzling Gleam|p1a: Grimmsnarl|[spread] p1a,p1b
|-supereffective|p1a: Grimmsnarl|1
|-damage|p1a: Grimmsnarl|27/100
|-damage|p1b: Floette|23/100
|move|p2b: Kingambit|Kowtow Cleave|p1a: Grimmsnarl
|-resisted|p1a: Grimmsnarl|2
|-damage|p1a: Grimmsnarl|16/100
|move|p1b: Floette|Draining Kiss|p2b: Kingambit
|-damage|p2b: Kingambit|45/100
|-heal|p1b: Floette|69/100|[from] drain|[of] p2b: Kingambit
|move|p1a: Grimmsnarl|Spirit Break|p2a: Floette
|-damage|p2a: Floette|45/100
|-unboost|p2a: Floette|spa|1
|
|upkeep
|turn|7
|c|☆master 792|naaa con pantallas cualquira
|inactive|castoriceball has 30 seconds left.
|
|t:|1785647753
|move|p2a: Floette|Dazzling Gleam|p1a: Grimmsnarl|[spread] p1a,p1b
|-supereffective|p1a: Grimmsnarl|1
|-damage|p1a: Grimmsnarl|0 fnt
|-damage|p1b: Floette|57/100
|faint|p1a: Grimmsnarl
|move|p2b: Kingambit|Kowtow Cleave|p1b: Floette
|-resisted|p1b: Floette|1
|-damage|p1b: Floette|34/100
|move|p1b: Floette|Dazzling Gleam|p2a: Floette|[spread] p2a,p2b
|-damage|p2a: Floette|0 fnt
|-damage|p2b: Kingambit|0 fnt
|faint|p2a: Floette
|faint|p2b: Kingambit
|
|upkeep
|
|t:|1785647760
|switch|p1a: Hydreigon|Hydreigon, L50, M|100/100
|switch|p2b: Garchomp|Garchomp, L50, M, shiny|100/100
|turn|8
|
|t:|1785647769
|move|p2b: Garchomp|Poison Jab|p1b: Floette
|-supereffective|p1b: Floette|1
|-damage|p1b: Floette|0 fnt
|faint|p1b: Floette
|move|p1a: Hydreigon|Draco Meteor|p2b: Garchomp
|-supereffective|p2b: Garchomp|1
|-damage|p2b: Garchomp|0 fnt
|-unboost|p1a: Hydreigon|spa|2
|faint|p2b: Garchomp
|
|win|castoriceball
||master 792 is ready for game 2.
