|j|☆magmastormvgc
|j|☆MrGreen3432
|html|magmastormvgcMrGreen3432    
|uhtml|bestof|Game 2 of a best-of-3
|t:|1757798959
|gametype|doubles
|player|p1|magmastormvgc|turo-ai|1183
|player|p2|MrGreen3432|101|1198
|gen|9
|tier|[Gen 9] VGC 2025 Reg H (Bo3)
|rated|
|rule|Species Clause: Limit one of each Pokémon
|rule|Item Clause: Limit 1 of each item
|clearpoke
|poke|p1|Dragonite, L50, M|
|poke|p1|Gholdengo, L50|
|poke|p1|Ursaluna-Bloodmoon, L50, M|
|poke|p1|Annihilape, L50, M|
|poke|p1|Maushold-Four, L50|
|poke|p1|Rillaboom, L50, M|
|poke|p2|Garchomp, L50, M|
|poke|p2|Sneasler, L50, F|
|poke|p2|Misdreavus, L50, M|
|poke|p2|Gothitelle, L50, M|
|poke|p2|Amoonguss, L50, M|
|poke|p2|Incineroar, L50, M|
|teampreview|4
|showteam|p1|Dragonite||LoadedDice|Multiscale|ScaleShot,Tailwind,Haze,Protect|||M|||50|,,,,,Fairy]Gholdengo||LifeOrb|GoodasGold|MakeItRain,ShadowBall,NastyPlot,Protect||||||50|,,,,,Water]Ursaluna-Bloodmoon||AssaultVest|MindsEye|BloodMoon,EarthPower,HyperVoice,VacuumWave|||M|||50|,,,,,Water]Annihilape||SitrusBerry|Defiant|DrainPunch,RageFist,BulkUp,Protect|||M|||50|,,,,,Fire]Maushold-Four||FocusSash|FriendGuard|SuperFang,BeatUp,FollowMe,Protect||||||50|,,,,,Ghost]Rillaboom||MiracleSeed|GrassySurge|WoodHammer,GrassyGlide,HighHorsepower,FakeOut|||M|||50|,,,,,Fire
|showteam|p2|Garchomp||LifeOrb|RoughSkin|Protect,Earthquake,StompingTantrum,DragonClaw|||M|||50|,,,,,Stellar]Sneasler||FocusSash|Unburden|Protect,DireClaw,CloseCombat,ThroatChop|||F|||50|,,,,,Dark]Misdreavus||Eviolite|Levitate|Protect,PerishSong,WillOWisp,ShadowBall|||M|||50|,,,,,Steel]Gothitelle||SitrusBerry|ShadowTag|Protect,FakeOut,TrickRoom,Psychic|||M|||50|,,,,,Dark]Amoonguss||EjectButton|Regenerator|Protect,RagePowder,Spore,PollenPuff|||M|||50|,,,,,Fairy]Incineroar||SafetyGoggles|Intimidate|Protect,FakeOut,PartingShot,KnockOff|||M|||50|,,,,,Ghost
|inactive|Battle timer is ON: inactive players will automatically lose when time's up. (requested by MrGreen3432)
|inactive|MrGreen3432 has 60 seconds left.
|inactive|magmastormvgc has 60 seconds left.
|inactive|MrGreen3432 has 30 seconds left.
|inactive|magmastormvgc has 30 seconds left.
|inactive|MrGreen3432 has 20 seconds left.
|inactive|MrGreen3432 has 15 seconds left.
|
|t:|1757799040
|teamsize|p1|4
|teamsize|p2|4
|start
|switch|p1a: Rillaboom|Rillaboom, L50, M|100/100
|switch|p1b: Gholdengo|Gholdengo, L50|100/100
|switch|p2a: Sneasler|Sneasler, L50, F|100/100
|switch|p2b: Misdreavus|Misdreavus, L50, M|100/100
|-fieldstart|move: Grassy Terrain|[from] ability: Grassy Surge|[of] p1a: Rillaboom
|turn|1
|
|t:|1757799064
|-terastallize|p2b: Misdreavus|Steel
|move|p2a: Sneasler|Protect|p2a: Sneasler
|-singleturn|p2a: Sneasler|Protect
|move|p1a: Rillaboom|Fake Out|p2a: Sneasler
|-activate|p2a: Sneasler|move: Protect
|move|p1b: Gholdengo|Nasty Plot|p1b: Gholdengo
|-boost|p1b: Gholdengo|spa|2
|move|p2b: Misdreavus|Will-O-Wisp|p1a: Rillaboom
|-status|p1a: Rillaboom|brn
|
|-damage|p1a: Rillaboom|94/100 brn|[from] brn
|upkeep
|turn|2
|inactive|magmastormvgc has 30 seconds left.
|inactive|MrGreen3432 has 30 seconds left.
|inactive|magmastormvgc has 20 seconds left.
|inactive|magmastormvgc has 15 seconds left.
|
|t:|1757799105
|move|p2a: Sneasler|Dire Claw|p1b: Gholdengo
|-immune|p1b: Gholdengo
|move|p1b: Gholdengo|Make It Rain|p2b: Misdreavus|[spread] p2a,p2b
|-resisted|p2b: Misdreavus
|-enditem|p2a: Sneasler|Focus Sash
|-damage|p2a: Sneasler|1/100
|-damage|p2b: Misdreavus|66/100
|-unboost|p1b: Gholdengo|spa|1
|-damage|p1b: Gholdengo|91/100|[from] item: Life Orb
|move|p1a: Rillaboom|Wood Hammer|p2b: Misdreavus
|-resisted|p2b: Misdreavus
|-damage|p2b: Misdreavus|44/100
|-damage|p1a: Rillaboom|88/100 brn|[from] Recoil
|move|p2b: Misdreavus|Shadow Ball|p1b: Gholdengo
|-supereffective|p1b: Gholdengo
|-damage|p1b: Gholdengo|40/100
|
|-heal|p2a: Sneasler|7/100|[from] Grassy Terrain
|-heal|p1b: Gholdengo|46/100|[from] Grassy Terrain
|-heal|p1a: Rillaboom|94/100 brn|[from] Grassy Terrain
|-damage|p1a: Rillaboom|88/100 brn|[from] brn
|upkeep
|turn|3
|inactive|magmastormvgc has 30 seconds left.
|inactive|MrGreen3432 has 30 seconds left.
|
|t:|1757799133
|switch|p1a: Maushold|Maushold-Four, L50|100/100
|move|p2a: Sneasler|Dire Claw|p1a: Maushold
|-damage|p1a: Maushold|47/100
|move|p1b: Gholdengo|Make It Rain|p2a: Sneasler|[spread] p2a,p2b
|-resisted|p2b: Misdreavus
|-damage|p2a: Sneasler|0 fnt
|-damage|p2b: Misdreavus|18/100
|-unboost|p1b: Gholdengo|spa|1
|faint|p2a: Sneasler
|-damage|p1b: Gholdengo|37/100|[from] item: Life Orb
|move|p2b: Misdreavus|Shadow Ball|p1b: Gholdengo
|-supereffective|p1b: Gholdengo
|-damage|p1b: Gholdengo|0 fnt
|faint|p1b: Gholdengo
|
|-heal|p1a: Maushold|53/100|[from] Grassy Terrain
|upkeep
|
|t:|1757799151
|switch|p2a: Gothitelle|Gothitelle, L50, M|100/100
|switch|p1b: Dragonite|Dragonite, L50, M|100/100
|turn|4
|inactive|magmastormvgc has 30 seconds left.
|
|t:|1757799177
|move|p1b: Dragonite|Protect|p1b: Dragonite
|-singleturn|p1b: Dragonite|Protect
|move|p2a: Gothitelle|Fake Out|p1b: Dragonite
|-activate|p1b: Dragonite|move: Protect
|move|p1a: Maushold|Super Fang|p2a: Gothitelle
|-damage|p2a: Gothitelle|51/100
|move|p2b: Misdreavus|Perish Song|p2b: Misdreavus
|-start|p1a: Maushold|perish3|[silent]
|-start|p1b: Dragonite|perish3|[silent]
|-start|p2a: Gothitelle|perish3|[silent]
|-start|p2b: Misdreavus|perish3|[silent]
|-fieldactivate|move: Perish Song
|
|-heal|p1a: Maushold|59/100|[from] Grassy Terrain
|-heal|p2a: Gothitelle|57/100|[from] Grassy Terrain
|-start|p1a: Maushold|perish3
|-start|p1b: Dragonite|perish3
|-start|p2b: Misdreavus|perish3
|-start|p2a: Gothitelle|perish3
|upkeep
|turn|5
|
|t:|1757799199
|move|p2b: Misdreavus|Protect|p2b: Misdreavus
|-singleturn|p2b: Misdreavus|Protect
|move|p2a: Gothitelle|Protect|p2a: Gothitelle
|-singleturn|p2a: Gothitelle|Protect
|move|p1a: Maushold|Follow Me|p1a: Maushold
|-singleturn|p1a: Maushold|move: Follow Me
|move|p1b: Dragonite|Scale Shot|p2a: Gothitelle
|-activate|p2a: Gothitelle|move: Protect
|
|-heal|p1a: Maushold|65/100|[from] Grassy Terrain
|-heal|p2a: Gothitelle|63/100|[from] Grassy Terrain
|-start|p1a: Maushold|perish2
|-start|p1b: Dragonite|perish2
|-start|p2b: Misdreavus|perish2
|-start|p2a: Gothitelle|perish2
|-fieldend|move: Grassy Terrain
|upkeep
|turn|6
|
|t:|1757799221
|switch|p2a: Amoonguss|Amoonguss, L50, M|100/100
|move|p1a: Maushold|Follow Me|p1a: Maushold
|-singleturn|p1a: Maushold|move: Follow Me
|move|p1b: Dragonite|Scale Shot|p2a: Amoonguss
|-damage|p2a: Amoonguss|89/100
|-damage|p2a: Amoonguss|78/100
|-damage|p2a: Amoonguss|66/100
|-damage|p2a: Amoonguss|55/100
|-hitcount|p2a: Amoonguss|4
|-enditem|p2a: Amoonguss|Eject Button
|-unboost|p1b: Dragonite|def|1
|-boost|p1b: Dragonite|spe|1
|
|t:|1757799229
|switch|p2a: Gothitelle|Gothitelle, L50, M|63/100
|move|p2b: Misdreavus|Will-O-Wisp|p1a: Maushold
|-status|p1a: Maushold|brn
|
|-damage|p1a: Maushold|59/100 brn|[from] brn
|-start|p1b: Dragonite|perish1
|-start|p1a: Maushold|perish1
|-start|p2b: Misdreavus|perish1
|upkeep
|turn|7
|
|t:|1757799250
|switch|p2b: Amoonguss|Amoonguss, L50, M|88/100
|move|p2a: Gothitelle|Fake Out|p1b: Dragonite
|-damage|p1b: Dragonite|97/100
|cant|p1b: Dragonite|flinch
|move|p1a: Maushold|Super Fang|p2a: Gothitelle|[miss]
|-miss|p1a: Maushold|p2a: Gothitelle
|
|-damage|p1a: Maushold|53/100 brn|[from] brn
|-start|p1b: Dragonite|perish0
|-start|p1a: Maushold|perish0
|upkeep
|faint|p1b: Dragonite
|faint|p1a: Maushold
|
|t:|1757799263
|switch|p1b: Rillaboom|Rillaboom, L50, M|88/100 brn
|-fieldstart|move: Grassy Terrain|[from] ability: Grassy Surge|[of] p1b: Rillaboom
|turn|8
|
|t:|1757799281
|move|p1b: Rillaboom|High Horsepower|p2b: Amoonguss
|-damage|p2b: Amoonguss|75/100
|move|p2a: Gothitelle|Psychic|p1b: Rillaboom
|-damage|p1b: Rillaboom|53/100 brn
|move|p2b: Amoonguss|Pollen Puff|p2a: Gothitelle
|-heal|p2a: Gothitelle|100/100
|
|-heal|p1b: Rillaboom|59/100 brn|[from] Grassy Terrain
|-heal|p2b: Amoonguss|81/100|[from] Grassy Terrain
|-damage|p1b: Rillaboom|53/100 brn|[from] brn
|upkeep
|turn|9
|
|t:|1757799293
|move|p1b: Rillaboom|Wood Hammer|p2a: Gothitelle
|-damage|p2a: Gothitelle|53/100
|-damage|p1b: Rillaboom|39/100 brn|[from] Recoil
|move|p2a: Gothitelle|Psychic|p1b: Rillaboom
|-damage|p1b: Rillaboom|6/100 brn
|-unboost|p1b: Rillaboom|spd|1
|move|p2b: Amoonguss|Pollen Puff|p1b: Rillaboom
|-supereffective|p1b: Rillaboom
|-damage|p1b: Rillaboom|0 fnt
|faint|p1b: Rillaboom
|
|win|MrGreen3432
|raw|magmastormvgc's rating: 1183 → 1159(-24 for losing)
|raw|MrGreen3432's rating: 1198 → 1222(+24 for winning)
|c|☆magmastormvgc|gg
