|j|☆Los Ramirez
|j|☆gianlucone
|html|Los Ramirezgianlucone    
|uhtml|bestof|Game 2 of a best-of-3
|t:|1783012103
|gametype|doubles
|player|p1|Los Ramirez|will|1278
|player|p2|gianlucone|170|1197
|gen|9
|tier|[Gen 9 Champions] VGC 2026 Reg M-B (Bo3)
|rated|
|rule|Species Clause: Limit one of each Pokémon
|rule|Item Clause: Limit 1 of each item
|clearpoke
|poke|p1|Floette-Eternal, L50, F|
|poke|p1|Incineroar, L50, F|
|poke|p1|Sinistcha, L50|
|poke|p1|Ditto, L50|
|poke|p1|Blaziken, L50, F|
|poke|p1|Sneasler, L50, F|
|poke|p2|Staraptor, L50, F|
|poke|p2|Grimmsnarl, L50, M|
|poke|p2|Incineroar, L50, F|
|poke|p2|Sinistcha, L50|
|poke|p2|Excadrill, L50, F|
|poke|p2|Primarina, L50, M|
|teampreview|4
|showteam|p1|Floette-Eternal||Floettite|FlowerVeil|Protect,DazzlingGleam,CalmMind,DrainingKiss|Modest||F|||50|]Incineroar||PasshoBerry|Intimidate|FakeOut,FlareBlitz,PartingShot,ThroatChop|Impish||F|||50|]Sinistcha||KasibBerry|Hospitality|LifeDew,MatchaGotcha,RagePowder,TrickRoom|Calm|||||50|]Ditto||FocusSash|Imposter|Transform|Timid|||||50|]Blaziken||Blazikenite|SpeedBoost|Protect,FlareBlitz,CloseCombat,SwordsDance|Adamant||F|||50|]Sneasler||WhiteHerb|Unburden|Protect,CloseCombat,DireClaw,FakeOut|Jolly||F|||50|
|showteam|p2|Staraptor||Staraptite|Intimidate|CloseCombat,BraveBird,Roost,Protect|Jolly||F|||50|]Grimmsnarl||LightClay|Prankster|Reflect,LightScreen,PartingShot,SpiritBreak|Impish||M|||50|]Incineroar||SitrusBerry|Intimidate|FakeOut,PartingShot,DarkestLariat,FlareBlitz|Impish||F|||50|]Sinistcha||ColburBerry|Hospitality|MatchaGotcha,RagePowder,TrickRoom,ShadowBall|Calm|||||50|]Excadrill||Excadrite|SandRush|HighHorsepower,IronHead,RockSlide,Protect|Adamant||F|||50|]Primarina||LifeOrb|LiquidVoice|HyperVoice,Moonblast,IceBeam,Protect|Modest||M|||50|
|inactive|Battle timer is ON: inactive players will automatically lose when time's up. (requested by gianlucone)
|inactive|Los Ramirez also wants the timer to be on.
|
|t:|1783012122
|teamsize|p1|4
|teamsize|p2|4
|start
|switch|p1a: Incineroar|Incineroar, L50, F|100/100
|switch|p1b: Floette|Floette-Eternal, L50, F|100/100
|switch|p2a: Grimmsnarl|Grimmsnarl, L50, M|100/100
|switch|p2b: Incineroar|Incineroar, L50, F|100/100
|-ability|p1a: Incineroar|Intimidate|boost
|-unboost|p2a: Grimmsnarl|atk|1
|-unboost|p2b: Incineroar|atk|1
|-ability|p2b: Incineroar|Intimidate|boost
|-unboost|p1a: Incineroar|atk|1
|-unboost|p1b: Floette|atk|1
|turn|1
|
|t:|1783012141
|move|p2a: Grimmsnarl|Light Screen|p2a: Grimmsnarl
|-sidestart|p2: gianlucone|move: Light Screen
|move|p1b: Floette|Calm Mind|p1b: Floette
|-boost|p1b: Floette|spa|1
|-boost|p1b: Floette|spd|1
|move|p1a: Incineroar|Parting Shot|p2b: Incineroar
|-unboost|p2b: Incineroar|atk|1
|-unboost|p2b: Incineroar|spa|1
|
|t:|1783012148
|switch|p1a: Sinistcha|Sinistcha, L50|100/100|[from] Parting Shot
|move|p2b: Incineroar|Parting Shot|p1b: Floette
|-unboost|p1b: Floette|atk|1
|-unboost|p1b: Floette|spa|1
|
|t:|1783012153
|switch|p2b: Primarina|Primarina, L50, M|100/100|[from] Parting Shot
|
|upkeep
|turn|2
|
|t:|1783012163
|detailschange|p1b: Floette|Floette-Mega, L50, F
|-mega|p1b: Floette|Floette|Floettite
|-ability|p1b: Floette|Fairy Aura
|move|p1b: Floette|Dazzling Gleam|p2a: Grimmsnarl|[spread] p2a,p2b
|-supereffective|p2a: Grimmsnarl|1
|-damage|p2a: Grimmsnarl|42/100
|-damage|p2b: Primarina|74/100
|move|p1a: Sinistcha|Matcha Gotcha|p2b: Primarina|[spread] p2a,p2b
|-supereffective|p2b: Primarina|1
|-damage|p2a: Grimmsnarl|26/100
|-damage|p2b: Primarina|46/100
|-status|p2a: Grimmsnarl|brn
|move|p2a: Grimmsnarl|Spirit Break|p1b: Floette
|-damage|p1b: Floette|86/100
|-unboost|p1b: Floette|spa|1
|move|p2b: Primarina|Moonblast|p1a: Sinistcha
|-damage|p1a: Sinistcha|23/100
|-damage|p2b: Primarina|36/100|[from] item: Life Orb
|
|-damage|p2a: Grimmsnarl|20/100y brn|[from] brn
|upkeep
|turn|3
|inactive|Los Ramirez has 30 seconds left.
|inactive|gianlucone has 30 seconds left.
|
|t:|1783012194
|move|p2a: Grimmsnarl|Parting Shot|p1a: Sinistcha
|-unboost|p1a: Sinistcha|atk|1
|-unboost|p1a: Sinistcha|spa|1
|
|t:|1783012198
|switch|p2a: Incineroar|Incineroar, L50, F|100/100|[from] Parting Shot
|-ability|p2a: Incineroar|Intimidate|boost
|-unboost|p1a: Sinistcha|atk|1
|-unboost|p1b: Floette|atk|1
|move|p1b: Floette|Dazzling Gleam|p2a: Incineroar|[spread] p2a,p2b
|-damage|p2a: Incineroar|84/100
|-damage|p2b: Primarina|20/100y
|move|p1a: Sinistcha|Matcha Gotcha|p2b: Primarina|[spread] p2a
|-miss|p1a: Sinistcha|p2b: Primarina
|-resisted|p2a: Incineroar|1
|-damage|p2a: Incineroar|79/100
|-heal|p1a: Sinistcha|26/100|[from] drain|[of] p2a: Incineroar
|move|p2b: Primarina|Moonblast|p1b: Floette
|-damage|p1b: Floette|47/100
|-damage|p2b: Primarina|10/100|[from] item: Life Orb
|
|upkeep
|turn|4
|inactive|gianlucone has 30 seconds left.
|
|t:|1783012224
|move|p1b: Floette|Protect|p1b: Floette
|-singleturn|p1b: Floette|Protect
|move|p1a: Sinistcha|Matcha Gotcha|p2b: Primarina|[spread] p2a,p2b
|-resisted|p2a: Incineroar|1
|-supereffective|p2b: Primarina|1
|-damage|p2a: Incineroar|74/100
|-heal|p1a: Sinistcha|29/100|[from] drain|[of] p2a: Incineroar
|-damage|p2b: Primarina|0 fnt
|-heal|p1a: Sinistcha|35/100|[from] drain|[of] p2b: Primarina
|faint|p2b: Primarina
|move|p2a: Incineroar|Parting Shot|p1a: Sinistcha
|-unboost|p1a: Sinistcha|atk|1
|-unboost|p1a: Sinistcha|spa|1
|
|t:|1783012242
|switch|p2a: Excadrill|Excadrill, L50, F|100/100|[from] Parting Shot
|
|upkeep
|
|t:|1783012243
|switch|p2b: Incineroar|Incineroar, L50, F|74/100
|-ability|p2b: Incineroar|Intimidate|boost
|-unboost|p1a: Sinistcha|atk|1
|-unboost|p1b: Floette|atk|1
|turn|5
|
|t:|1783012259
|switch|p1b: Incineroar|Incineroar, L50, F|100/100
|-ability|p1b: Incineroar|Intimidate|boost
|-unboost|p2a: Excadrill|atk|1
|-unboost|p2b: Incineroar|atk|1
|switch|p1a: Ditto|Ditto, L50|100/100
|-transform|p1a: Ditto|p2b: Incineroar|[from] ability: Imposter
|-ability|p1a: Ditto|Intimidate|boost
|-unboost|p2a: Excadrill|atk|1
|-unboost|p2b: Incineroar|atk|1
|detailschange|p2a: Excadrill|Excadrill-Mega, L50, F
|-mega|p2a: Excadrill|Excadrill|Excadrite
|move|p2a: Excadrill|High Horsepower|p1a: Ditto
|-supereffective|p1a: Ditto|1
|-damage|p1a: Ditto|41/100
|move|p2b: Incineroar|Flare Blitz|p1b: Incineroar
|-resisted|p1b: Incineroar|1
|-damage|p1b: Incineroar|91/100
|-damage|p2b: Incineroar|71/100|[from] Recoil
|
|upkeep
|turn|6
|
|t:|1783012281
|switch|p2a: Grimmsnarl|Grimmsnarl, L50, M|20/100y brn
|move|p1a: Ditto|Fake Out|p2b: Incineroar
|-damage|p2b: Incineroar|65/100
|move|p1b: Incineroar|Flare Blitz|p2a: Grimmsnarl
|-damage|p2a: Grimmsnarl|0 fnt
|faint|p2a: Grimmsnarl
|-damage|p1b: Incineroar|84/100|[from] Recoil
|cant|p2b: Incineroar|flinch
|
|upkeep
|
|t:|1783012298
|switch|p2a: Excadrill|Excadrill-Mega, L50, F|100/100
|turn|7
|
|t:|1783012309
|switch|p1b: Sinistcha|Sinistcha, L50|35/100
|-heal|p1a: Ditto|66/100|[from] ability: Hospitality|[of] p1b: Sinistcha
|switch|p1a: Floette|Floette-Mega, L50, F|47/100
|-ability|p1a: Floette|Fairy Aura
|move|p2a: Excadrill|High Horsepower|p1b: Sinistcha
|-resisted|p1b: Sinistcha|1
|-damage|p1b: Sinistcha|7/100
|move|p2b: Incineroar|Parting Shot|p1b: Sinistcha
|-unboost|p1b: Sinistcha|atk|1
|-unboost|p1b: Sinistcha|spa|1
|
|upkeep
|turn|8
|inactive|gianlucone has 30 seconds left.
|
|t:|1783012334
|move|p1b: Sinistcha|Rage Powder|p1b: Sinistcha
|-singleturn|p1b: Sinistcha|move: Rage Powder
|move|p1a: Floette|Dazzling Gleam|p2a: Excadrill|[spread] p2a,p2b
|-resisted|p2a: Excadrill|1
|-damage|p2a: Excadrill|85/100
|-damage|p2b: Incineroar|40/100
|-enditem|p2b: Incineroar|Sitrus Berry|[eat]
|-heal|p2b: Incineroar|64/100|[from] item: Sitrus Berry
|move|p2a: Excadrill|Rock Slide|p1a: Floette|[spread] p1a,p1b
|-damage|p1a: Floette|22/100
|-damage|p1b: Sinistcha|0 fnt
|faint|p1b: Sinistcha
|move|p2b: Incineroar|Flare Blitz|p1a: Floette
|-damage|p1a: Floette|0 fnt
|faint|p1a: Floette
|-damage|p2b: Incineroar|57/100|[from] Recoil
|
|-sideend|p2: gianlucone|move: Light Screen
|upkeep
|j| Woops I Choked
|
|t:|1783012344
|switch|p1a: Incineroar|Incineroar, L50, F|84/100
|switch|p1b: Ditto|Ditto, L50|66/100
|-transform|p1b: Ditto|p2a: Excadrill|[from] ability: Imposter
|-ability|p1a: Incineroar|Intimidate|boost
|-unboost|p2a: Excadrill|atk|1
|-unboost|p2b: Incineroar|atk|1
|turn|9
|
|t:|1783012367
|move|p1a: Incineroar|Fake Out|p2a: Excadrill
|-resisted|p2a: Excadrill|1
|-damage|p2a: Excadrill|81/100
|move|p1b: Ditto|High Horsepower|p2b: Incineroar
|-supereffective|p2b: Incineroar|1
|-damage|p2b: Incineroar|0 fnt
|faint|p2b: Incineroar
|cant|p2a: Excadrill|flinch
|
|upkeep
|turn|10
|
|t:|1783012385
|move|p2a: Excadrill|High Horsepower|p1b: Ditto
|-supereffective|p1b: Ditto|1
|-damage|p1b: Ditto|0 fnt
|faint|p1b: Ditto
|move|p1a: Incineroar|Flare Blitz|p2a: Excadrill
|-supereffective|p2a: Excadrill|1
|-damage|p2a: Excadrill|5/100
|-damage|p1a: Incineroar|58/100|[from] Recoil
|
|upkeep
|turn|11
|
|t:|1783012407
|move|p2a: Excadrill|High Horsepower|p1a: Incineroar
|-supereffective|p1a: Incineroar|1
|-damage|p1a: Incineroar|0 fnt
|faint|p1a: Incineroar
|
|win|gianlucone
