|j|☆natsukivgc
|j|☆Kennedywuzhere
|html|natsukivgcKennedywuzhere    
|uhtml|bestof|Game 1 of a best-of-3
|t:|1786113333
|gametype|doubles
|player|p1|natsukivgc|101|1225
|player|p2|Kennedywuzhere|2|1150
|gen|9
|tier|[Gen 9 Champions] VGC 2026 Reg M-B (Bo3)
|rated|
|rule|Species Clause: Limit one of each Pokémon
|rule|Item Clause: Limit 1 of each item
|clearpoke
|poke|p1|Garchomp, L50, F|
|poke|p1|Venusaur, L50, M|
|poke|p1|Incineroar, L50, F|
|poke|p1|Charizard, L50, M|
|poke|p1|Toxapex, L50, M|
|poke|p1|Annihilape, L50, F|
|poke|p2|Milotic, L50, F|
|poke|p2|Annihilape, L50, M, shiny|
|poke|p2|Charizard, L50, M, shiny|
|poke|p2|Sinistcha-Masterpiece, L50, shiny|
|poke|p2|Staraptor, L50, F|
|poke|p2|Sneasler, L50, F, shiny|
|teampreview|4
|showteam|p1|Garchomp||ChoiceScarf|RoughSkin|Earthquake,DragonClaw,StompingTantrum,RockSlide|Adamant||F|||50|]Venusaur||LifeOrb|Chlorophyll|SolarBeam,SludgeBomb,EarthPower,Protect|Modest||M|||50|]Incineroar||SitrusBerry|Intimidate|FlareBlitz,ThroatChop,FakeOut,PartingShot|Impish||F|||50|]Charizard||CharizarditeY|Blaze|HeatWave,WeatherBall,Protect,HelpingHand|Modest||M|||50|]Toxapex||Leftovers|Regenerator|Infestation,Toxic,WideGuard,BanefulBunker|Bold||M|||50|]Annihilape||FocusSash|Defiant|CloseCombat,PhantomForce,RockTomb,Protect|Jolly||F|||50|
|showteam|p2|Milotic||QuickClaw|Competitive|Tickle,Protect,Scald,Recover|Calm||F|||50|]Annihilape||LifeOrb|Defiant|BulkUp,DrainPunch,RageFist,PoisonJab|Adamant||M|||50|]Charizard||CharizarditeY|Blaze|HeatWave,FocusBlast,Protect,IronTail|Timid||M|||50|]Sinistcha-Masterpiece||Leftovers|Hospitality|MatchaGotcha,RagePowder,Protect,ShadowBall|Timid|||||50|]Staraptor||Staraptite|Intimidate|CloseCombat,Protect,DualWingbeat,Roost|Adamant||F|||50|]Sneasler||WhiteHerb|Unburden|CloseCombat,DireClaw,FakeOut,Toxic|Careful||F|||50|
|
|t:|1786113385
|teamsize|p1|4
|teamsize|p2|4
|start
|switch|p1a: Venusaur|Venusaur, L50, M|100/100
|switch|p1b: Charizard|Charizard, L50, M|100/100
|switch|p2a: Annihilape|Annihilape, L50, M, shiny|100/100
|switch|p2b: Sneasler|Sneasler, L50, F, shiny|100/100
|turn|1
|
|t:|1786113409
|detailschange|p1b: Charizard|Charizard-Mega-Y, L50, M
|-mega|p1b: Charizard|Charizard|Charizardite Y
|-weather|SunnyDay|[from] ability: Drought|[of] p1b: Charizard
|move|p2b: Sneasler|Fake Out|p1b: Charizard
|-damage|p1b: Charizard|87/100
|move|p1a: Venusaur|Earth Power|p2b: Sneasler
|-supereffective|p2b: Sneasler|1
|-damage|p2b: Sneasler|22/100
|-unboost|p2b: Sneasler|spd|1
|-damage|p1a: Venusaur|90/100|[from] item: Life Orb
|-enditem|p2b: Sneasler|White Herb
|-clearnegativeboost|p2b: Sneasler|[silent]
|cant|p1b: Charizard|flinch
|move|p2a: Annihilape|Rage Fist|p1b: Charizard
|-damage|p1b: Charizard|51/100
|-damage|p2a: Annihilape|90/100|[from] item: Life Orb
|
|-weather|SunnyDay|[upkeep]
|upkeep
|turn|2
|
|t:|1786113467
|move|p2b: Sneasler|Dire Claw|p1b: Charizard
|-damage|p1b: Charizard|17/100
|move|p1a: Venusaur|Sludge Bomb|p2b: Sneasler
|-resisted|p2b: Sneasler|1
|-damage|p2b: Sneasler|0 fnt
|faint|p2b: Sneasler
|-damage|p1a: Venusaur|81/100|[from] item: Life Orb
|move|p1b: Charizard|Weather Ball|p2a: Annihilape
|-damage|p2a: Annihilape|6/100
|move|p2a: Annihilape|Poison Jab|p1b: Charizard
|-damage|p1b: Charizard|0 fnt
|faint|p1b: Charizard
|-damage|p2a: Annihilape|0 fnt|[from] item: Life Orb
|faint|p2a: Annihilape
|
|-weather|SunnyDay|[upkeep]
|upkeep
|
|t:|1786113501
|switch|p2b: Sinistcha|Sinistcha-Masterpiece, L50, shiny|100/100
|switch|p1b: Incineroar|Incineroar, L50, F|100/100
|switch|p2a: Staraptor|Staraptor, L50, F|100/100
|-ability|p2a: Staraptor|Intimidate|boost
|-unboost|p1a: Venusaur|atk|1
|-unboost|p1b: Incineroar|atk|1
|-ability|p1b: Incineroar|Intimidate|boost
|-unboost|p2a: Staraptor|atk|1
|-unboost|p2b: Sinistcha|atk|1
|turn|3
|
|t:|1786113531
|switch|p1b: Annihilape|Annihilape, L50, F|100/100
|move|p2a: Staraptor|Protect|p2a: Staraptor
|-singleturn|p2a: Staraptor|Protect
|move|p2b: Sinistcha|Protect|p2b: Sinistcha
|-singleturn|p2b: Sinistcha|Protect
|move|p1a: Venusaur|Sludge Bomb|p2b: Sinistcha
|-activate|p2b: Sinistcha|move: Protect
|
|-weather|SunnyDay|[upkeep]
|upkeep
|turn|4
|
|t:|1786113563
|detailschange|p2a: Staraptor|Staraptor-Mega, L50, F
|-mega|p2a: Staraptor|Staraptor|Staraptite
|move|p1a: Venusaur|Sludge Bomb|p2b: Sinistcha
|-crit|p2b: Sinistcha
|-damage|p2b: Sinistcha|5/100
|-damage|p1a: Venusaur|71/100|[from] item: Life Orb
|move|p1b: Annihilape|Rock Tomb|p2a: Staraptor
|-damage|p2a: Staraptor|78/100
|-boost|p2a: Staraptor|spe|1
|move|p2a: Staraptor|Close Combat|p1a: Venusaur
|-resisted|p1a: Venusaur|1
|-damage|p1a: Venusaur|45/100
|-boost|p2a: Staraptor|def|1
|-boost|p2a: Staraptor|spd|1
|move|p2b: Sinistcha|Shadow Ball|p1b: Annihilape
|-supereffective|p1b: Annihilape|1
|-damage|p1b: Annihilape|30/100
|
|-weather|SunnyDay|[upkeep]
|-heal|p2b: Sinistcha|11/100|[from] item: Leftovers
|upkeep
|turn|5
|
|t:|1786113597
|move|p1a: Venusaur|Sludge Bomb|p2a: Staraptor
|-damage|p2a: Staraptor|34/100
|-damage|p1a: Venusaur|35/100|[from] item: Life Orb
|move|p2a: Staraptor|Close Combat|p1a: Venusaur
|-resisted|p1a: Venusaur|1
|-damage|p1a: Venusaur|7/100
|-boost|p2a: Staraptor|def|1
|-boost|p2a: Staraptor|spd|1
|move|p1b: Annihilape|Phantom Force||[still]
|-prepare|p1b: Annihilape|Phantom Force
|move|p2b: Sinistcha|Matcha Gotcha|p1a: Venusaur|[spread] p1a
|-miss|p2b: Sinistcha|p1b: Annihilape
|-resisted|p1a: Venusaur|2
|-damage|p1a: Venusaur|1/100
|-heal|p2b: Sinistcha|15/100|[from] drain|[of] p1a: Venusaur
|
|-weather|none
|-heal|p2b: Sinistcha|21/100|[from] item: Leftovers
|upkeep
|turn|6
|
|t:|1786113632
|move|p2b: Sinistcha|Rage Powder|p2b: Sinistcha
|-singleturn|p2b: Sinistcha|move: Rage Powder
|move|p2a: Staraptor|Roost|p2a: Staraptor
|-heal|p2a: Staraptor|84/100
|-singleturn|p2a: Staraptor|move: Roost
|move|p1b: Annihilape|Phantom Force|p2b: Sinistcha|[from] lockedmove
|-supereffective|p2b: Sinistcha|1
|-damage|p2b: Sinistcha|0 fnt
|faint|p2b: Sinistcha
|move|p1a: Venusaur|Sludge Bomb|p2a: Staraptor
|-damage|p2a: Staraptor|54/100
|-status|p2a: Staraptor|psn
|-damage|p1a: Venusaur|0 fnt|[from] item: Life Orb
|faint|p1a: Venusaur
|
|-damage|p2a: Staraptor|41/100 psn|[from] psn
|upkeep
|
|t:|1786113647
|switch|p1a: Incineroar|Incineroar, L50, F|100/100
|-ability|p1a: Incineroar|Intimidate|boost
|-boost|p2a: Staraptor|atk|1
|turn|7
|
|t:|1786113688
|move|p2a: Staraptor|Protect|p2a: Staraptor
|-singleturn|p2a: Staraptor|Protect
|move|p1a: Incineroar|Fake Out|p2a: Staraptor
|-activate|p2a: Staraptor|move: Protect
|move|p1b: Annihilape|Close Combat|p2a: Staraptor
|-activate|p2a: Staraptor|move: Protect
|
|-damage|p2a: Staraptor|29/100 psn|[from] psn
|upkeep
|turn|8
|
|t:|1786113703
|move|p2a: Staraptor|Roost|p2a: Staraptor
|-heal|p2a: Staraptor|79/100 psn
|-singleturn|p2a: Staraptor|move: Roost
|move|p1b: Annihilape|Close Combat|p2a: Staraptor
|-damage|p2a: Staraptor|47/100 psn
|-unboost|p1b: Annihilape|def|1
|-unboost|p1b: Annihilape|spd|1
|move|p1a: Incineroar|Flare Blitz|p2a: Staraptor
|-damage|p2a: Staraptor|24/100 psn
|-damage|p1a: Incineroar|93/100|[from] Recoil
|
|-damage|p2a: Staraptor|12/100 psn|[from] psn
|upkeep
|turn|9
|
|t:|1786113718
|move|p2a: Staraptor|Roost|p2a: Staraptor
|-heal|p2a: Staraptor|62/100 psn
|-singleturn|p2a: Staraptor|move: Roost
|move|p1b: Annihilape|Close Combat|p2a: Staraptor
|-damage|p2a: Staraptor|31/100 psn
|-unboost|p1b: Annihilape|def|1
|-unboost|p1b: Annihilape|spd|1
|move|p1a: Incineroar|Flare Blitz|p2a: Staraptor
|-damage|p2a: Staraptor|4/100 psn
|-damage|p1a: Incineroar|86/100|[from] Recoil
|
|-damage|p2a: Staraptor|0 fnt|[from] psn
|faint|p2a: Staraptor
|
|win|natsukivgc
