|j|☆NerdConsultant
|j|☆NathanaelW19
|html|NerdConsultantNathanaelW19    
|uhtml|bestof|Game 3 of a best-of-3
|t:|1782595704
|gametype|doubles
|player|p1|NerdConsultant|roxie|1177
|player|p2|NathanaelW19|dragontamer|1099
|gen|9
|tier|[Gen 9 Champions] VGC 2026 Reg M-B (Bo3)
|rated|
|rule|Species Clause: Limit one of each Pokémon
|rule|Item Clause: Limit 1 of each item
|clearpoke
|poke|p1|Raichu, L50, M|
|poke|p1|Sinistcha, L50|
|poke|p1|Incineroar, L50, M, shiny|
|poke|p1|Milotic, L50, F|
|poke|p1|Ceruledge, L50, F|
|poke|p1|Mawile, L50, F|
|poke|p2|Dragalge, L50, M, shiny|
|poke|p2|Sinistcha-Masterpiece, L50, shiny|
|poke|p2|Incineroar, L50, M, shiny|
|poke|p2|Grimmsnarl, L50, M, shiny|
|poke|p2|Staraptor, L50, F, shiny|
|poke|p2|Garchomp, L50, M, shiny|
|teampreview|4
|showteam|p1|Raichu||RaichuniteY|LightningRod|Protect,ZapCannon,FocusBlast,FakeOut|Timid||M|||50|]Sinistcha||KasibBerry|Hospitality|Protect,MatchaGotcha,LifeDew,RagePowder|Relaxed|||||50|]Incineroar||SitrusBerry|Intimidate|FlareBlitz,ThroatChop,FakeOut,PartingShot|Impish||M|||50|]Milotic||Leftovers|Competitive|MuddyWater,Coil,Hypnosis,Protect|Calm||F|||50|]Ceruledge||ColburBerry|FlashFire|BitterBlade,ShadowSneak,BulkUp,Protect|Adamant||F|||50|]Mawile||Mawilite|HyperCutter|Protect,PlayRough,SuckerPunch,SwordsDance|Adamant||F|||50|
|showteam|p2|Dragalge||Dragalgite|Adaptability|DracoMeteor,SludgeBomb,Haze,Protect|Quiet||M|||50|]Sinistcha-Masterpiece||CobaBerry|Hospitality|RagePowder,MatchaGotcha,TrickRoom,Protect|Relaxed|||||50|]Incineroar||ChopleBerry|Intimidate|FakeOut,DarkestLariat,FlareBlitz,PartingShot|Impish||M|||50|]Grimmsnarl||LightClay|Prankster|Reflect,LightScreen,PartingShot,SpiritBreak|Impish||M|||50|]Staraptor||Staraptite|Intimidate|CloseCombat,BraveBird,Roost,Protect|Jolly||F|||50|]Garchomp||LifeOrb|RoughSkin|Earthquake,RockSlide,StompingTantrum,Protect|Jolly||M|||50|
|inactive|Battle timer is ON: inactive players will automatically lose when time's up. (requested by NathanaelW19)
|
|t:|1782595727
|teamsize|p1|4
|teamsize|p2|4
|start
|switch|p1a: Mawile|Mawile, L50, F|100/100
|switch|p1b: Milotic|Milotic, L50, F|100/100
|switch|p2a: Garchomp|Garchomp, L50, M, shiny|100/100
|switch|p2b: Sinistcha|Sinistcha-Masterpiece, L50, shiny|100/100
|turn|1
|
|t:|1782595738
|switch|p1b: Incineroar|Incineroar, L50, M, shiny|100/100
|-ability|p1b: Incineroar|Intimidate|boost
|-unboost|p2a: Garchomp|atk|1
|-unboost|p2b: Sinistcha|atk|1
|move|p1a: Mawile|Protect|p1a: Mawile
|-singleturn|p1a: Mawile|Protect
|move|p2a: Garchomp|Stomping Tantrum|p1a: Mawile
|-activate|p1a: Mawile|move: Protect
|move|p2b: Sinistcha|Matcha Gotcha|p1b: Incineroar|[spread] 
|-activate|p1a: Mawile|move: Protect
|-miss|p2b: Sinistcha|p1b: Incineroar
|
|upkeep
|turn|2
|
|t:|1782595756
|switch|p2a: Grimmsnarl|Grimmsnarl, L50, M, shiny|100/100
|switch|p2b: Dragalge|Dragalge, L50, M, shiny|100/100
|detailschange|p1a: Mawile|Mawile-Mega, L50, F
|-mega|p1a: Mawile|Mawile|Mawilite
|move|p1b: Incineroar|Fake Out|p2a: Grimmsnarl
|-damage|p2a: Grimmsnarl|90/100
|move|p1a: Mawile|Swords Dance|p1a: Mawile
|-boost|p1a: Mawile|atk|2
|
|upkeep
|turn|3
|
|t:|1782595772
|detailschange|p2b: Dragalge|Dragalge-Mega, L50, M, shiny
|-mega|p2b: Dragalge|Dragalge|Dragalgite
|move|p2a: Grimmsnarl|Reflect|p2a: Grimmsnarl
|-sidestart|p2: NathanaelW19|Reflect
|move|p1b: Incineroar|Parting Shot|p2a: Grimmsnarl
|-unboost|p2a: Grimmsnarl|atk|1
|-unboost|p2a: Grimmsnarl|spa|1
|
|t:|1782595780
|switch|p1b: Milotic|Milotic, L50, F|100/100|[from] Parting Shot
|move|p1a: Mawile|Play Rough|p2b: Dragalge
|-damage|p2b: Dragalge|7/100
|move|p2b: Dragalge|Haze|p2b: Dragalge
|-clearallboost
|
|upkeep
|turn|4
|
|t:|1782595797
|move|p2b: Dragalge|Protect|p2b: Dragalge
|-singleturn|p2b: Dragalge|Protect
|move|p2a: Grimmsnarl|Parting Shot|p1a: Mawile
|-unboost|p1a: Mawile|atk|1
|-unboost|p1a: Mawile|spa|1
|
|t:|1782595800
|switch|p2a: Sinistcha|Sinistcha-Masterpiece, L50, shiny|100/100|[from] Parting Shot
|-heal|p2b: Dragalge|32/100|[from] ability: Hospitality|[of] p2a: Sinistcha
|move|p1b: Milotic|Muddy Water|p2b: Dragalge|[spread] p2a
|-activate|p2b: Dragalge|move: Protect
|-resisted|p2a: Sinistcha|1
|-damage|p2a: Sinistcha|86/100
|move|p1a: Mawile|Play Rough|p2b: Dragalge
|-activate|p2b: Dragalge|move: Protect
|
|upkeep
|turn|5
|
|t:|1782595820
|switch|p1b: Incineroar|Incineroar, L50, M, shiny|100/100
|-ability|p1b: Incineroar|Intimidate|boost
|-unboost|p2a: Sinistcha|atk|1
|-unboost|p2b: Dragalge|atk|1
|-heal|p2b: Dragalge|65/100|[from] ability: Regenerator|[silent]
|switch|p2b: Grimmsnarl|Grimmsnarl, L50, M, shiny|90/100
|move|p2a: Sinistcha|Matcha Gotcha|p1a: Mawile|[spread] p1a,p1b
|-resisted|p1a: Mawile|1
|-resisted|p1b: Incineroar|1
|-damage|p1a: Mawile|89/100
|-heal|p2a: Sinistcha|91/100|[from] drain|[of] p1a: Mawile
|-damage|p1b: Incineroar|89/100
|-heal|p2a: Sinistcha|97/100|[from] drain|[of] p1b: Incineroar
|move|p1a: Mawile|Swords Dance|p1a: Mawile
|-boost|p1a: Mawile|atk|2
|
|upkeep
|turn|6
|
|t:|1782595840
|switch|p2a: Garchomp|Garchomp, L50, M, shiny|100/100
|move|p1a: Mawile|Protect|p1a: Mawile
|-singleturn|p1a: Mawile|Protect
|move|p2b: Grimmsnarl|Parting Shot|p1a: Mawile
|-activate|p1a: Mawile|move: Protect
|move|p1b: Incineroar|Flare Blitz|p2a: Garchomp
|-resisted|p2a: Garchomp|1
|-damage|p2a: Garchomp|85/100
|-damage|p1b: Incineroar|77/100|[from] ability: Rough Skin|[of] p2a: Garchomp
|-damage|p1b: Incineroar|72/100|[from] Recoil
|
|upkeep
|turn|7
|
|t:|1782595864
|switch|p1b: Sinistcha|Sinistcha, L50|100/100
|-heal|p1a: Mawile|100/100|[from] ability: Hospitality|[of] p1b: Sinistcha
|switch|p2b: Sinistcha|Sinistcha-Masterpiece, L50, shiny|97/100
|-heal|p2a: Garchomp|100/100|[from] ability: Hospitality|[of] p2b: Sinistcha
|move|p1a: Mawile|Sucker Punch|p2a: Garchomp
|-damage|p2a: Garchomp|64/100
|-damage|p1a: Mawile|87/100|[from] ability: Rough Skin|[of] p2a: Garchomp
|move|p2a: Garchomp|Stomping Tantrum|p1a: Mawile
|-supereffective|p1a: Mawile|1
|-damage|p1a: Mawile|0 fnt
|faint|p1a: Mawile
|-damage|p2a: Garchomp|54/100|[from] item: Life Orb
|
|upkeep
|-message|NerdConsultant forfeited.
|
|win|NathanaelW19
|raw|NerdConsultant's rating: 1177 → 1146(-31 for losing)
|raw|NathanaelW19's rating: 1099 → 1130(+31 for winning)
