|j|☆D_Bastial
|j|☆Tanisha
|html|D_BastialTanisha    
|uhtml|bestof|Game 1 of a best-of-3
|t:|1757093183
|gametype|doubles
|player|p1|D_Bastial|clay|1151
|player|p2|Tanisha|jupiter|1251
|gen|9
|tier|[Gen 9] VGC 2025 Reg H (Bo3)
|rated|
|rule|Species Clause: Limit one of each Pokémon
|rule|Item Clause: Limit 1 of each item
|clearpoke
|poke|p1|Kommo-o, L50, F|
|poke|p1|Sinistcha-Masterpiece, L50|
|poke|p1|Electabuzz, L50, M|
|poke|p1|Incineroar, L50, M|
|poke|p1|Whimsicott, L50, F|
|poke|p1|Annihilape, L50, F|
|poke|p2|Dragonite, L50, M|
|poke|p2|Ninetales-Alola, L50, M|
|poke|p2|Rillaboom, L50, M|
|poke|p2|Gholdengo, L50|
|poke|p2|Annihilape, L50, F|
|poke|p2|Ursaluna-Bloodmoon, L50, M|
|teampreview|4
|showteam|p1|Kommo-o||ThroatSpray|Soundproof|ClangorousSoul,Protect,Flamethrower,ClangingScales|||F|||50|,,,,,Fire]Sinistcha-Masterpiece||EjectButton|Hospitality|MatchaGotcha,TrickRoom,LifeDew,RagePowder||||||50|,,,,,Water]Electabuzz||Eviolite|VitalSpirit|Electroweb,FollowMe,Feint,Taunt|||M|||50|,,,,,Grass]Incineroar||AssaultVest|Intimidate|Uturn,FakeOut,FlareBlitz,KnockOff|||M|||50|,,,,,Ghost]Whimsicott||CovertCloak|Prankster|Tailwind,Encore,Moonblast,BeatUp|||F|||50|,,,,,Steel]Annihilape||ChoiceScarf|Defiant|FinalGambit,RageFist,Uturn,CloseCombat|||F|||50|,,,,,Ghost
|showteam|p2|Dragonite||LoadedDice|Multiscale|ScaleShot,ExtremeSpeed,Haze,Protect|||M|||50|,,,,,Fairy]Ninetales-Alola||LightClay|SnowWarning|IcicleSpear,AuroraVeil,Blizzard,IcyWind|||M|||50|,,,,,Ghost]Rillaboom||MiracleSeed|GrassySurge|WoodHammer,GrassyGlide,FakeOut,Protect|||M|||50|,,,,,Grass]Gholdengo||LifeOrb|GoodasGold|MakeItRain,ShadowBall,NastyPlot,Protect||||||50|,,,,,Water]Annihilape||SafetyGoggles|Defiant|RageFist,DrainPunch,BulkUp,Protect|||F|||50|,,,,,Fire]Ursaluna-Bloodmoon||AssaultVest|MindsEye|BloodMoon,HyperVoice,EarthPower,VacuumWave|||M|||50|,,,,,Ghost
|
|t:|1757093244
|teamsize|p1|4
|teamsize|p2|4
|start
|switch|p1a: Whimsicott|Whimsicott, L50, F|100/100
|switch|p1b: Annihilape|Annihilape, L50, F|100/100
|switch|p2a: Ninetales|Ninetales-Alola, L50, M|100/100
|switch|p2b: Dragonite|Dragonite, L50, M|100/100
|-weather|Snowscape|[from] ability: Snow Warning|[of] p2a: Ninetales
|turn|1
|
|t:|1757093288
|move|p1a: Whimsicott|Beat Up|p1b: Annihilape
|-damage|p1b: Annihilape|99/100
|-damage|p1b: Annihilape|96/100
|-damage|p1b: Annihilape|93/100
|-damage|p1b: Annihilape|91/100
|-hitcount|p1b: Annihilape|4
|move|p1b: Annihilape|Rage Fist|p2b: Dragonite
|-damage|p2b: Dragonite|32/100
|move|p2a: Ninetales|Aurora Veil|p2a: Ninetales
|-sidestart|p2: Tanisha|move: Aurora Veil
|move|p2b: Dragonite|Scale Shot|p1b: Annihilape
|-damage|p1b: Annihilape|76/100
|-damage|p1b: Annihilape|61/100
|-damage|p1b: Annihilape|45/100
|-damage|p1b: Annihilape|30/100
|-damage|p1b: Annihilape|14/100
|-hitcount|p1b: Annihilape|5
|-unboost|p2b: Dragonite|def|1
|-boost|p2b: Dragonite|spe|1
|
|-weather|Snowscape|[upkeep]
|upkeep
|turn|2
|
|t:|1757093329
|switch|p2a: Ursaluna|Ursaluna-Bloodmoon, L50, M|100/100
|move|p2b: Dragonite|Protect|p2b: Dragonite
|-singleturn|p2b: Dragonite|Protect
|move|p1a: Whimsicott|Encore||[still]
|-fail|p1a: Whimsicott
|move|p1b: Annihilape|Rage Fist|p2b: Dragonite
|-activate|p2b: Dragonite|move: Protect
|
|-weather|Snowscape|[upkeep]
|upkeep
|turn|3
|
|t:|1757093393
|switch|p1b: Sinistcha|Sinistcha-Masterpiece, L50|100/100
|move|p2b: Dragonite|Extreme Speed|p1a: Whimsicott
|-damage|p1a: Whimsicott|54/100
|move|p1a: Whimsicott|Moonblast|p2b: Dragonite
|-supereffective|p2b: Dragonite
|-damage|p2b: Dragonite|0 fnt
|faint|p2b: Dragonite
|move|p2a: Ursaluna|Hyper Voice|p1a: Whimsicott|[spread] p1a,p1b
|-damage|p1a: Whimsicott|5/100
|-damage|p1b: Sinistcha|72/100
|-enditem|p1b: Sinistcha|Eject Button
|
|t:|1757093418
|switch|p1b: Annihilape|Annihilape, L50, F|14/100
|
|-weather|Snowscape|[upkeep]
|upkeep
|
|t:|1757093428
|switch|p2b: Gholdengo|Gholdengo, L50|100/100
|turn|4
|
|t:|1757093464
|switch|p1b: Kommo-o|Kommo-o, L50, F|100/100
|move|p2b: Gholdengo|Protect|p2b: Gholdengo
|-singleturn|p2b: Gholdengo|Protect
|move|p1a: Whimsicott|Tailwind|p1a: Whimsicott
|-sidestart|p1: D_Bastial|move: Tailwind
|move|p2a: Ursaluna|Hyper Voice|p1a: Whimsicott|[spread] p1a
|-immune|p1b: Kommo-o|[from] ability: Soundproof
|-damage|p1a: Whimsicott|0 fnt
|faint|p1a: Whimsicott
|
|-weather|Snowscape|[upkeep]
|upkeep
|
|t:|1757093530
|switch|p1a: Annihilape|Annihilape, L50, F|14/100
|turn|5
|
|t:|1757093567
|switch|p2b: Ninetales|Ninetales-Alola, L50, M|100/100
|move|p1a: Annihilape|Rage Fist|p2b: Ninetales
|-damage|p2b: Ninetales|4/100
|move|p1b: Kommo-o|Clangorous Soul|p1b: Kommo-o
|-boost|p1b: Kommo-o|atk|1
|-boost|p1b: Kommo-o|def|1
|-boost|p1b: Kommo-o|spa|1
|-boost|p1b: Kommo-o|spd|1
|-boost|p1b: Kommo-o|spe|1
|-damage|p1b: Kommo-o|68/100
|-enditem|p1b: Kommo-o|Throat Spray
|-boost|p1b: Kommo-o|spa|1|[from] item: Throat Spray
|move|p2a: Ursaluna|Earth Power|p1a: Annihilape
|-damage|p1a: Annihilape|0 fnt
|faint|p1a: Annihilape
|
|-weather|none
|upkeep
|
|t:|1757093583
|switch|p1a: Sinistcha|Sinistcha-Masterpiece, L50|72/100
|-heal|p1b: Kommo-o|93/100|[from] ability: Hospitality|[of] p1a: Sinistcha
|turn|6
|
|t:|1757093605
|move|p1b: Kommo-o|Clanging Scales|p2a: Ursaluna|[spread] p2a
|-immune|p2b: Ninetales
|-damage|p2a: Ursaluna|66/100
|-unboost|p1b: Kommo-o|def|1
|move|p1a: Sinistcha|Matcha Gotcha|p2a: Ursaluna|[spread] p2b
|-miss|p1a: Sinistcha|p2a: Ursaluna
|-damage|p2b: Ninetales|0 fnt
|-heal|p1a: Sinistcha|73/100|[from] drain|[of] p2b: Ninetales
|faint|p2b: Ninetales
|move|p2a: Ursaluna|Blood Moon|p1a: Sinistcha
|-damage|p1a: Sinistcha|13/100
|
|upkeep
|
|t:|1757093619
|switch|p2b: Gholdengo|Gholdengo, L50|100/100
|turn|7
|
|t:|1757093643
|-terastallize|p1b: Kommo-o|Fire
|-terastallize|p2b: Gholdengo|Water
|move|p1b: Kommo-o|Clanging Scales|p2b: Gholdengo|[spread] p2a,p2b
|-damage|p2a: Ursaluna|33/100
|-damage|p2b: Gholdengo|42/100
|-unboost|p1b: Kommo-o|def|1
|move|p1a: Sinistcha|Matcha Gotcha|p2b: Gholdengo|[spread] p2a,p2b
|-supereffective|p2a: Ursaluna
|-supereffective|p2b: Gholdengo
|-damage|p2a: Ursaluna|10/100
|-heal|p1a: Sinistcha|27/100|[from] drain|[of] p2a: Ursaluna
|-damage|p2b: Gholdengo|6/100
|-heal|p1a: Sinistcha|45/100|[from] drain|[of] p2b: Gholdengo
|-status|p2a: Ursaluna|brn
|move|p2b: Gholdengo|Make It Rain|p1a: Sinistcha|[spread] p1a,p1b
|-resisted|p1b: Kommo-o
|-damage|p1a: Sinistcha|0 fnt
|-damage|p1b: Kommo-o|69/100
|-unboost|p2b: Gholdengo|spa|1
|faint|p1a: Sinistcha
|-damage|p2b: Gholdengo|0 fnt|[from] item: Life Orb
|faint|p2b: Gholdengo
|move|p2a: Ursaluna|Earth Power|p1b: Kommo-o
|-supereffective|p1b: Kommo-o
|-damage|p1b: Kommo-o|0 fnt
|faint|p1b: Kommo-o
|
|win|Tanisha
|inactive|D_Bastial has 30 seconds to confirm battle start!
|inactive|Tanisha has 30 seconds to confirm battle start!
||Tanisha is ready for game 2.
|inactive|D_Bastial has 20 seconds to confirm battle start!
