|j|☆Ferdrizzy
|j|☆sogreenitslime
|html|Ferdrizzysogreenitslime    
|uhtml|bestof|Game 2 of a best-of-3
|t:|1783132597
|gametype|doubles
|player|p1|Ferdrizzy|169|1049
|player|p2|sogreenitslime|pokemaniac|1125
|gen|9
|tier|[Gen 9 Champions] VGC 2026 Reg M-B (Bo3)
|rated|
|rule|Species Clause: Limit one of each Pokémon
|rule|Item Clause: Limit 1 of each item
|clearpoke
|poke|p1|Tyranitar, L50, F|
|poke|p1|Excadrill, L50, M|
|poke|p1|Rotom-Wash, L50|
|poke|p1|Blaziken, L50, F|
|poke|p1|Noivern, L50, M|
|poke|p1|Grimmsnarl, L50, M|
|poke|p2|Aerodactyl, L50, F|
|poke|p2|Rotom-Wash, L50|
|poke|p2|Sceptile, L50, M|
|poke|p2|Kingambit, L50, M|
|poke|p2|Ninetales-Alola, L50, F|
|poke|p2|Incineroar, L50, M|
|teampreview|4
|showteam|p1|Tyranitar||Tyranitarite|SandStream|RockSlide,KnockOff,DragonDance,Protect|Adamant||F|||50|]Excadrill||LifeOrb|SandRush|RockSlide,Earthquake,IronHead,Protect|Jolly||M|||50|]Rotom-Wash||SitrusBerry|Levitate|HydroPump,Thunderbolt,Electroweb,VoltSwitch|Bold|||||50|]Blaziken||Blazikenite|Blaze|FlareBlitz,CloseCombat,BulkUp,Protect|Adamant||F|||50|]Noivern||BrightPowder|Infiltrator|Tailwind,DracoMeteor,Hurricane,Protect|Timid||M|||50|]Grimmsnarl||MentalHerb|Prankster|PartingShot,FakeOut,SpiritBreak,Reflect|Careful||M|||50|
|showteam|p2|Aerodactyl||Aerodactylite|Unnerve|Tailwind,RockSlide,DualWingbeat,Protect|Jolly||F|||50|]Rotom-Wash||ChoiceScarf|Levitate|VoltSwitch,Discharge,Electroweb,HydroPump|Timid|||||50|]Sceptile||Sceptilite|Overgrow|EnergyBall,EarthPower,DragonPulse,Protect|Timid||M|||50|]Kingambit||ChopleBerry|Defiant|KowtowCleave,SuckerPunch,IronHead,Protect|Adamant||M|||50|]Ninetales-Alola||NeverMeltIce|SnowWarning|Blizzard,AuroraVeil,Protect,Moonblast|Bold||F|||50|]Incineroar||SitrusBerry|Intimidate|WillOWisp,FlareBlitz,PartingShot,FakeOut|Careful||M|||50|
|inactive|Battle timer is ON: inactive players will automatically lose when time's up. (requested by Ferdrizzy)
|inactive|Ferdrizzy has 60 seconds left.
|inactive|sogreenitslime has 60 seconds left.
|
|t:|1783132645
|teamsize|p1|4
|teamsize|p2|4
|start
|switch|p1a: Grimmsnarl|Grimmsnarl, L50, M|100/100
|switch|p1b: Rotom|Rotom-Wash, L50|100/100
|switch|p2a: Aerodactyl|Aerodactyl, L50, F|100/100
|switch|p2b: Incineroar|Incineroar, L50, M|100/100
|-ability|p2a: Aerodactyl|Unnerve
|-ability|p2b: Incineroar|Intimidate|boost
|-unboost|p1a: Grimmsnarl|atk|1
|-unboost|p1b: Rotom|atk|1
|turn|1
|inactive|Ferdrizzy has 30 seconds left.
|
|t:|1783132674
|move|p1a: Grimmsnarl|Fake Out|p2a: Aerodactyl
|-resisted|p2a: Aerodactyl|1
|-damage|p2a: Aerodactyl|94/100
|move|p2b: Incineroar|Fake Out|p1a: Grimmsnarl
|-damage|p1a: Grimmsnarl|88/100
|cant|p2a: Aerodactyl|flinch
|move|p1b: Rotom|Electroweb|p2a: Aerodactyl|[spread] p2a,p2b
|-supereffective|p2a: Aerodactyl|1
|-damage|p2a: Aerodactyl|52/100
|-damage|p2b: Incineroar|89/100
|-unboost|p2a: Aerodactyl|spe|1
|-unboost|p2b: Incineroar|spe|1
|
|upkeep
|turn|2
|inactive|Ferdrizzy has 30 seconds left.
|
|t:|1783132700
|move|p1a: Grimmsnarl|Reflect|p1a: Grimmsnarl
|-sidestart|p1: Ferdrizzy|Reflect
|move|p2a: Aerodactyl|Tailwind|p2a: Aerodactyl
|-sidestart|p2: sogreenitslime|move: Tailwind
|move|p1b: Rotom|Volt Switch|p2b: Incineroar
|-damage|p2b: Incineroar|71/100
|
|t:|1783132711
|switch|p1b: Blaziken|Blaziken, L50, F|100/100|[from] Volt Switch
|move|p2b: Incineroar|Parting Shot|p1b: Blaziken
|-unboost|p1b: Blaziken|atk|1
|-unboost|p1b: Blaziken|spa|1
|
|t:|1783132721
|switch|p2b: Rotom|Rotom-Wash, L50|100/100|[from] Parting Shot
|
|upkeep
|turn|3
|
|t:|1783132737
|switch|p1b: Rotom|Rotom-Wash, L50|100/100
|move|p1a: Grimmsnarl|Parting Shot|p2b: Rotom
|-unboost|p2b: Rotom|atk|1
|-unboost|p2b: Rotom|spa|1
|
|t:|1783132745
|switch|p1a: Blaziken|Blaziken, L50, F|100/100|[from] Parting Shot
|move|p2b: Rotom|Hydro Pump|p1b: Rotom
|-resisted|p1b: Rotom|1
|-damage|p1b: Rotom|83/100
|move|p2a: Aerodactyl|Rock Slide|p1a: Blaziken|[spread] p1a,p1b
|-damage|p1a: Blaziken|72/100
|-damage|p1b: Rotom|67/100
|
|upkeep
|turn|4
|inactive|Ferdrizzy has 30 seconds left.
|inactive|Ferdrizzy has 20 seconds left.
|
|t:|1783132782
|switch|p2b: Incineroar|Incineroar, L50, M|71/100
|-ability|p2b: Incineroar|Intimidate|boost
|-unboost|p1a: Blaziken|atk|1
|-unboost|p1b: Rotom|atk|1
|detailschange|p1a: Blaziken|Blaziken-Mega, L50, F
|-mega|p1a: Blaziken|Blaziken|Blazikenite
|move|p1a: Blaziken|Protect|p1a: Blaziken
|-singleturn|p1a: Blaziken|Protect
|move|p2a: Aerodactyl|Rock Slide|p1a: Blaziken|[spread] p1b
|-activate|p1a: Blaziken|move: Protect
|-damage|p1b: Rotom|52/100
|move|p1b: Rotom|Thunderbolt|p2b: Incineroar
|-damage|p2b: Incineroar|49/100
|-enditem|p2b: Incineroar|Sitrus Berry|[eat]
|-heal|p2b: Incineroar|73/100|[from] item: Sitrus Berry
|
|-ability|p1a: Blaziken|Speed Boost|boost
|-boost|p1a: Blaziken|spe|1
|upkeep
|turn|5
|inactive|Ferdrizzy has 30 seconds left.
|inactive|Ferdrizzy has 20 seconds left.
|inactive|Ferdrizzy has 15 seconds left.
|
|t:|1783132827
|move|p2b: Incineroar|Fake Out|p1a: Blaziken
|-damage|p1a: Blaziken|62/100
|move|p2a: Aerodactyl|Dual Wingbeat|p1a: Blaziken
|-supereffective|p1a: Blaziken|1
|-damage|p1a: Blaziken|26/100
|-supereffective|p1a: Blaziken|1
|-damage|p1a: Blaziken|0 fnt
|faint|p1a: Blaziken
|-hitcount|p1: Blaziken|2
|move|p1b: Rotom|Hydro Pump|p2a: Aerodactyl
|-supereffective|p2a: Aerodactyl|1
|-damage|p2a: Aerodactyl|0 fnt
|faint|p2a: Aerodactyl
|
|-sideend|p2: sogreenitslime|move: Tailwind
|upkeep
|
|t:|1783132847
|switch|p2a: Rotom|Rotom-Wash, L50|100/100
|switch|p1a: Tyranitar|Tyranitar, L50, F|100/100
|-weather|Sandstorm|[from] ability: Sand Stream|[of] p1a: Tyranitar
|turn|6
|
|t:|1783132865
|move|p2a: Rotom|Discharge|p1b: Rotom|[spread] p2b,p1a,p1b
|-damage|p2b: Incineroar|55/100
|-damage|p1a: Tyranitar|84/100
|-damage|p1b: Rotom|29/100
|-status|p1a: Tyranitar|par
|-enditem|p1b: Rotom|Sitrus Berry|[eat]
|-heal|p1b: Rotom|53/100|[from] item: Sitrus Berry
|move|p1b: Rotom|Volt Switch|p2a: Rotom
|-damage|p2a: Rotom|64/100
|
|t:|1783132875
|switch|p1b: Grimmsnarl|Grimmsnarl, L50, M|88/100|[from] Volt Switch
|move|p2b: Incineroar|Will-O-Wisp||[still]
|-fail|p2b: Incineroar
|move|p1a: Tyranitar|Rock Slide|p2b: Incineroar|[spread] p2a,p2b
|-supereffective|p2b: Incineroar|1
|-damage|p2a: Rotom|23/100
|-damage|p2b: Incineroar|0 fnt
|faint|p2b: Incineroar
|
|-weather|Sandstorm|[upkeep]
|-damage|p2a: Rotom|18/100|[from] Sandstorm
|-damage|p1b: Grimmsnarl|82/100|[from] Sandstorm
|-sideend|p1: Ferdrizzy|Reflect
|upkeep
|
|t:|1783132886
|switch|p2b: Sceptile|Sceptile, L50, M|100/100
|turn|7
|inactive|Ferdrizzy has 30 seconds left.
|inactive|Ferdrizzy has 20 seconds left.
|inactive|Ferdrizzy has 15 seconds left.
|inactive|Ferdrizzy has 10 seconds left.
|
|t:|1783132935
|detailschange|p2b: Sceptile|Sceptile-Mega, L50, M
|-mega|p2b: Sceptile|Sceptile|Sceptilite
|move|p1a: Tyranitar|Protect|p1a: Tyranitar
|-singleturn|p1a: Tyranitar|Protect
|move|p1b: Grimmsnarl|Fake Out|p2a: Rotom
|-damage|p2a: Rotom|4/100
|cant|p2a: Rotom|flinch
|move|p2b: Sceptile|Energy Ball|p1a: Tyranitar
|-activate|p1a: Tyranitar|move: Protect
|
|-weather|Sandstorm|[upkeep]
|-damage|p2a: Rotom|0 fnt|[from] Sandstorm
|-damage|p2b: Sceptile|93/100|[from] Sandstorm
|-damage|p1b: Grimmsnarl|76/100|[from] Sandstorm
|faint|p2a: Rotom
|upkeep
|turn|8
|inactive|Ferdrizzy has 30 seconds left.
|inactive|Ferdrizzy has 20 seconds left.
|
|t:|1783132974
|move|p2b: Sceptile|Energy Ball|p1a: Tyranitar
|-supereffective|p1a: Tyranitar|1
|-damage|p1a: Tyranitar|19/100 par
|move|p1b: Grimmsnarl|Spirit Break|p2b: Sceptile
|-supereffective|p2b: Sceptile|1
|-damage|p2b: Sceptile|2/100
|-unboost|p2b: Sceptile|spa|1
|move|p1a: Tyranitar|Rock Slide|p2b: Sceptile
|-damage|p2b: Sceptile|0 fnt
|faint|p2b: Sceptile
|
|win|Ferdrizzy
|raw|Ferdrizzy's rating: 1049 → 1089(+40 for winning)
|raw|sogreenitslime's rating: 1125 → 1095(-30 for losing)
