|j|☆Not_Paint
|j|☆KodeBeast0526
|html|Not_PaintKodeBeast0526    
|uhtml|bestof|Game 1 of a best-of-3
|t:|1784679273
|gametype|doubles
|player|p1|Not_Paint|yellow|1231
|player|p2|KodeBeast0526|hiker|1267
|gen|9
|tier|[Gen 9 Champions] VGC 2026 Reg M-B (Bo3)
|rated|
|rule|Species Clause: Limit one of each Pokémon
|rule|Item Clause: Limit 1 of each item
|clearpoke
|poke|p1|Maushold, L50|
|poke|p1|Annihilape, L50, F|
|poke|p1|Archaludon, L50, M|
|poke|p1|Pelipper, L50, M|
|poke|p1|Swampert, L50, F|
|poke|p1|Sylveon, L50, F|
|poke|p2|Aerodactyl, L50, M|
|poke|p2|Kingambit, L50, M|
|poke|p2|Sylveon, L50, M|
|poke|p2|Garchomp, L50, M|
|poke|p2|Charizard, L50, M|
|poke|p2|Farigiraf, L50, F, shiny|
|teampreview|4
|showteam|p1|Maushold||SitrusBerry|FriendGuard|BeatUp,SuperFang,FollowMe,Protect|Timid|||||50|]Annihilape||Leftovers|Defiant|DrainPunch,RageFist,BulkUp,Protect|Adamant||F|||50|]Archaludon||WhiteHerb|Stamina|DracoMeteor,ElectroShot,FlashCannon,Protect|Modest||M|||50|]Pelipper||FocusSash|Drizzle|Tailwind,Protect,WeatherBall,Hurricane|Timid||M|||50|]Swampert||Swampertite|Torrent|WaveCrash,Earthquake,Protect,FlipTurn|Jolly||F|||50|]Sylveon||FairyFeather|Pixilate|HyperVoice,HyperBeam,Protect,QuickAttack|Modest||F|||50|
|showteam|p2|Aerodactyl||Aerodactylite|Unnerve|RockSlide,IceFang,Tailwind,WideGuard|Jolly||M|||50|]Kingambit||FocusSash|Defiant|KowtowCleave,SuckerPunch,IronHead,LowKick|Adamant||M|||50|]Sylveon||FairyFeather|Pixilate|Detect,HyperVoice,HyperBeam,QuickAttack|Modest||M|||50|]Garchomp||LifeOrb|RoughSkin|Earthquake,DragonClaw,StompingTantrum,Protect|Jolly||M|||50|]Charizard||CharizarditeY|Blaze|Protect,HeatWave,SolarBeam,WeatherBall|Modest||M|||50|]Farigiraf||SitrusBerry|ArmorTail|Thunderbolt,PsychicNoise,TrickRoom,HelpingHand|Bold||F|||50|
|inactive|Battle timer is ON: inactive players will automatically lose when time's up. (requested by KodeBeast0526)
|
|t:|1784679331
|teamsize|p1|4
|teamsize|p2|4
|start
|switch|p1a: Archaludon|Archaludon, L50, M|100/100
|switch|p1b: Pelipper|Pelipper, L50, M|100/100
|switch|p2a: Farigiraf|Farigiraf, L50, F, shiny|100/100
|switch|p2b: Sylveon|Sylveon, L50, M|100/100
|-weather|RainDance|[from] ability: Drizzle|[of] p1b: Pelipper
|turn|1
|
|t:|1784679354
|move|p1b: Pelipper|Weather Ball|p2a: Farigiraf
|-damage|p2a: Farigiraf|44/100
|-enditem|p2a: Farigiraf|Sitrus Berry|[eat]
|-heal|p2a: Farigiraf|69/100|[from] item: Sitrus Berry
|move|p1a: Archaludon|Electro Shot||[still]
|-prepare|p1a: Archaludon|Electro Shot
|-boost|p1a: Archaludon|spa|1
|-anim|p1a: Archaludon|Electro Shot|p2a: Farigiraf
|-damage|p2a: Farigiraf|0 fnt
|faint|p2a: Farigiraf
|move|p2b: Sylveon|Hyper Beam|p1a: Archaludon
|-damage|p1a: Archaludon|0 fnt
|-mustrecharge|p2b: Sylveon
|faint|p1a: Archaludon
|
|-weather|RainDance|[upkeep]
|upkeep
|
|t:|1784679366
|switch|p1a: Swampert|Swampert, L50, F|100/100
|switch|p2a: Charizard|Charizard, L50, M|100/100
|turn|2
|inactive|KodeBeast0526 has 30 seconds left.
|
|t:|1784679393
|switch|p2a: Kingambit|Kingambit, L50, M|100/100
|move|p1a: Swampert|Protect|p1a: Swampert
|-singleturn|p1a: Swampert|Protect
|move|p1b: Pelipper|Tailwind|p1b: Pelipper
|-sidestart|p1: Not_Paint|move: Tailwind
|cant|p2b: Sylveon|recharge
|
|-weather|RainDance|[upkeep]
|upkeep
|turn|3
|
|t:|1784679409
|detailschange|p1a: Swampert|Swampert-Mega, L50, F
|-mega|p1a: Swampert|Swampert|Swampertite
|move|p2a: Kingambit|Sucker Punch|p1a: Swampert
|-damage|p1a: Swampert|61/100
|move|p1a: Swampert|Earthquake|p2a: Kingambit|[spread] p2a,p2b
|-immune|p1b: Pelipper
|-supereffective|p2a: Kingambit|1
|-damage|p2a: Kingambit|29/100
|-damage|p2b: Sylveon|50/100y
|move|p1b: Pelipper|Hurricane|p2b: Sylveon
|-damage|p2b: Sylveon|15/100
|-start|p2b: Sylveon|confusion
|-activate|p2b: Sylveon|confusion
|-damage|p2b: Sylveon|7/100|[from] confusion
|
|-weather|RainDance|[upkeep]
|upkeep
|turn|4
|
|t:|1784679425
|-activate|p2b: Sylveon|confusion
|-damage|p2b: Sylveon|1/100|[from] confusion
|move|p2a: Kingambit|Sucker Punch|p1a: Swampert
|-crit|p1a: Swampert
|-damage|p1a: Swampert|6/100
|move|p1a: Swampert|Earthquake|p2a: Kingambit|[spread] p2a,p2b
|-immune|p1b: Pelipper
|-supereffective|p2a: Kingambit|1
|-damage|p2a: Kingambit|0 fnt
|-damage|p2b: Sylveon|0 fnt
|faint|p2a: Kingambit
|faint|p2b: Sylveon
|move|p1b: Pelipper|Weather Ball|p2: Kingambit|[notarget]
|-fail|p1b: Pelipper
|
|-weather|RainDance|[upkeep]
|upkeep
|
|t:|1784679431
|switch|p2b: Charizard|Charizard, L50, M|100/100
|turn|5
|
|t:|1784679435
|detailschange|p2b: Charizard|Charizard-Mega-Y, L50, M
|-mega|p2b: Charizard|Charizard|Charizardite Y
|-weather|SunnyDay|[from] ability: Drought|[of] p2b: Charizard
|move|p1a: Swampert|Wave Crash|p2b: Charizard
|-supereffective|p2b: Charizard|1
|-damage|p2b: Charizard|28/100
|-damage|p1a: Swampert|0 fnt|[from] Recoil
|faint|p1a: Swampert
|move|p1b: Pelipper|Weather Ball|p2b: Charizard
|-resisted|p2b: Charizard|1
|-damage|p2b: Charizard|10/100
|move|p2b: Charizard|Heat Wave|p1b: Pelipper
|-resisted|p1b: Pelipper|1
|-damage|p1b: Pelipper|25/100
|
|-weather|SunnyDay|[upkeep]
|-sideend|p1: Not_Paint|move: Tailwind
|upkeep
|
|t:|1784679436
|switch|p1a: Cream|Maushold, L50|100/100
|turn|6
|
|t:|1784679454
|move|p1b: Pelipper|Protect|p1b: Pelipper
|-singleturn|p1b: Pelipper|Protect
|move|p1a: Cream|Beat Up|p2b: Charizard
|-damage|p2b: Charizard|7/100
|-damage|p2b: Charizard|5/100
|-hitcount|p2b: Charizard|2
|move|p2b: Charizard|Heat Wave|p1b: Pelipper|[spread] p1a
|-activate|p1b: Pelipper|move: Protect
|-damage|p1a: Cream|26/100
|-enditem|p1a: Cream|Sitrus Berry|[eat]
|-heal|p1a: Cream|50/100g|[from] item: Sitrus Berry
|
|-weather|SunnyDay|[upkeep]
|upkeep
|turn|7
|
|t:|1784679461
|move|p1a: Cream|Beat Up|p2b: Charizard
|-damage|p2b: Charizard|3/100
|-damage|p2b: Charizard|1/100
|-hitcount|p2b: Charizard|2
|move|p2b: Charizard|Heat Wave|p1a: Cream|[spread] p1a,p1b
|-resisted|p1b: Pelipper|1
|-damage|p1a: Cream|0 fnt
|-damage|p1b: Pelipper|0 fnt
|faint|p1a: Cream
|faint|p1b: Pelipper
|
|win|KodeBeast0526
||Not_Paint is ready for game 2.
