|j|☆Z4RDEL
|j|☆failandimprove5
|html|Z4RDELfailandimprove5    
|uhtml|bestof|Game 2 of a best-of-3
|t:|1784589420
|gametype|doubles
|player|p1|Z4RDEL|miku-fire|1361
|player|p2|failandimprove5|2|1337
|gen|9
|tier|[Gen 9 Champions] VGC 2026 Reg M-B (Bo3)
|rated|
|rule|Species Clause: Limit one of each Pokémon
|rule|Item Clause: Limit 1 of each item
|clearpoke
|poke|p1|Tyranitar, L50, M|
|poke|p1|Charizard, L50, M|
|poke|p1|Excadrill, L50, F|
|poke|p1|Basculegion, L50, M|
|poke|p1|Whimsicott, L50, F|
|poke|p1|Sneasler, L50, M|
|poke|p2|Kingambit, L50, M|
|poke|p2|Sneasler, L50, M|
|poke|p2|Froslass, L50, F|
|poke|p2|Lycanroc-Dusk, L50, F|
|poke|p2|Basculegion, L50, M|
|poke|p2|Scovillain, L50, M|
|teampreview|4
|showteam|p1|Tyranitar||Tyranitarite|SandStream|Protect,KnockOff,RockSlide,LowKick|Adamant||M|||50|]Charizard||CharizarditeY|Blaze|SolarBeam,WeatherBall,HeatWave,Protect|Modest||M|||50|]Excadrill||FocusSash|SandRush|RockSlide,IronHead,Protect,HighHorsepower|Jolly||F|||50|]Basculegion||ChoiceScarf|Adaptability|LastRespects,WaveCrash,AquaJet,FlipTurn|Jolly||M|||50|]Whimsicott||BabiriBerry|Prankster|Protect,Moonblast,Tailwind,Encore|Timid||F|||50|]Sneasler||WhiteHerb|Unburden|Protect,FakeOut,CloseCombat,DireClaw|Adamant||M|||50|
|showteam|p2|Kingambit||LifeOrb|Defiant|KowtowCleave,SuckerPunch,SwordsDance,Protect|Adamant||M|||50|]Sneasler||WhiteHerb|Unburden|FakeOut,CloseCombat,GunkShot,Protect|Adamant||M|||50|]Froslass||Froslassite|SnowCloak|Blizzard,AuroraVeil,ShadowBall,Protect|Timid||F|||50|]Lycanroc-Dusk||FocusSash|ToughClaws|CloseCombat,RockSlide,Accelerock,Protect|Adamant||F|||50|]Basculegion||SitrusBerry|Adaptability|LastRespects,AquaJet,WaveCrash,Protect|Adamant||M|||50|]Scovillain||Scovillainite|Moody|Overheat,GigaDrain,RagePowder,Protect|Bold||M|||50|
|inactive|Battle timer is ON: inactive players will automatically lose when time's up. (requested by Z4RDEL)
|inactive|Z4RDEL has 60 seconds left.
|inactive|failandimprove5 has 60 seconds left.
|inactive|failandimprove5 has 30 seconds left.
|
|t:|1784589486
|teamsize|p1|4
|teamsize|p2|4
|start
|switch|p1a: Charizard|Charizard, L50, M|100/100
|switch|p1b: Whimsicott|Whimsicott, L50, F|100/100
|switch|p2a: Scovillain|Scovillain, L50, M|100/100
|switch|p2b: Sneasler|Sneasler, L50, M|100/100
|turn|1
|
|t:|1784589504
|detailschange|p2a: Scovillain|Scovillain-Mega, L50, M
|-mega|p2a: Scovillain|Scovillain|Scovillainite
|move|p1b: Whimsicott|Protect|p1b: Whimsicott
|-singleturn|p1b: Whimsicott|Protect
|move|p1a: Charizard|Protect|p1a: Charizard
|-singleturn|p1a: Charizard|Protect
|move|p2b: Sneasler|Fake Out|p1a: Charizard
|-activate|p1a: Charizard|move: Protect
|move|p2a: Scovillain|Overheat|p1b: Whimsicott
|-activate|p1b: Whimsicott|move: Protect
|
|upkeep
|turn|2
|inactive|Z4RDEL has 30 seconds left.
|
|t:|1784589529
|switch|p1b: Basculegion|Basculegion, L50, M|100/100
|switch|p2b: Basculegion|Basculegion, L50, M|100/100
|detailschange|p1a: Charizard|Charizard-Mega-Y, L50, M
|-mega|p1a: Charizard|Charizard|Charizardite Y
|-weather|SunnyDay|[from] ability: Drought|[of] p1a: Charizard
|move|p1a: Charizard|Heat Wave|p2a: Scovillain|[spread] p2a,p2b
|-resisted|p2b: Basculegion|1
|-damage|p2a: Scovillain|30/100
|-damage|p2b: Basculegion|69/100
|-status|p2b: Basculegion|brn
|-immune|p1a: Charizard
|move|p2a: Scovillain|Overheat|p1b: Basculegion
|-resisted|p1b: Basculegion|1
|-damage|p1b: Basculegion|47/100
|-unboost|p2a: Scovillain|spa|2
|
|-weather|SunnyDay|[upkeep]
|-damage|p2b: Basculegion|63/100 brn|[from] brn
|upkeep
|turn|3
|inactive|Z4RDEL has 30 seconds left.
|inactive|failandimprove5 has 30 seconds left.
|inactive|Z4RDEL has 20 seconds left.
|inactive|failandimprove5 has 20 seconds left.
|inactive|failandimprove5 has 15 seconds left.
|inactive|failandimprove5 has 10 seconds left.
|
|t:|1784589579
|switch|p1b: Whimsicott|Whimsicott, L50, F|100/100
|move|p2a: Scovillain|Protect|p2a: Scovillain
|-singleturn|p2a: Scovillain|Protect
|move|p1a: Charizard|Solar Beam||[still]
|-prepare|p1a: Charizard|Solar Beam
|-anim|p1a: Charizard|Solar Beam|p2b: Basculegion
|-supereffective|p2b: Basculegion|1
|-damage|p2b: Basculegion|0 fnt
|faint|p2b: Basculegion
|
|-weather|SunnyDay|[upkeep]
|upkeep
|
|t:|1784589594
|switch|p2b: Kingambit|Kingambit, L50, M|100/100
|turn|4
|
|t:|1784589598
|switch|p2a: Sneasler|Sneasler, L50, M|100/100
|move|p1b: Whimsicott|Protect|p1b: Whimsicott
|-singleturn|p1b: Whimsicott|Protect
|move|p1a: Charizard|Protect|p1a: Charizard
|-singleturn|p1a: Charizard|Protect
|move|p2b: Kingambit|Protect||[still]
|-fail|p2b: Kingambit
|
|-weather|SunnyDay|[upkeep]
|upkeep
|turn|5
|l|☆Z4RDEL
|inactive|Z4RDEL disconnected and has a minute to reconnect!
|player|p1|
|inactive|Z4RDEL has 30 seconds left.
|j|☆Z4RDEL
|inactive|Z4RDEL reconnected and has 30 seconds left.
|player|p1|Z4RDEL|miku-fire|
|inactive|Z4RDEL has 20 seconds left.
|inactive|Z4RDEL has 15 seconds left.
|inactive|Z4RDEL has 10 seconds left.
|
|t:|1784589645
|switch|p1b: Basculegion|Basculegion, L50, M|47/100
|switch|p1a: Sneasler|Sneasler, L50, M|100/100
|move|p2a: Sneasler|Fake Out|p1a: Sneasler
|-damage|p1a: Sneasler|77/100
|move|p2b: Kingambit|Swords Dance|p2b: Kingambit
|-boost|p2b: Kingambit|atk|2
|
|-weather|SunnyDay|[upkeep]
|upkeep
|turn|6
|inactive|Z4RDEL has 30 seconds left.
|inactive|failandimprove5 has 30 seconds left.
|
|t:|1784589678
|switch|p1a: Whimsicott|Whimsicott, L50, F|100/100
|switch|p2a: Scovillain|Scovillain-Mega, L50, M|30/100
|move|p2b: Kingambit|Protect|p2b: Kingambit
|-singleturn|p2b: Kingambit|Protect
|move|p1b: Basculegion|Flip Turn|p2a: Scovillain
|-crit|p2a: Scovillain
|-damage|p2a: Scovillain|5/100
|-status|p1b: Basculegion|brn|[from] ability: Spicy Spray|[of] p2a: Scovillain
|
|t:|1784589691
|switch|p1b: Sneasler|Sneasler, L50, M|77/100|[from] Flip Turn
|
|-weather|none
|upkeep
|turn|7
|inactive|failandimprove5 has 30 seconds left.
|inactive|failandimprove5 has 20 seconds left.
|
|t:|1784589729
|move|p1b: Sneasler|Fake Out|p2b: Kingambit
|-resisted|p2b: Kingambit|1
|-damage|p2b: Kingambit|94/100
|move|p2a: Scovillain|Rage Powder|p2a: Scovillain
|-singleturn|p2a: Scovillain|move: Rage Powder
|move|p1a: Whimsicott|Moonblast|p2a: Scovillain
|-resisted|p2a: Scovillain|1
|-damage|p2a: Scovillain|0 fnt
|-status|p1a: Whimsicott|brn|[from] ability: Spicy Spray|[of] p2a: Scovillain
|faint|p2a: Scovillain
|cant|p2b: Kingambit|flinch
|
|-damage|p1a: Whimsicott|94/100 brn|[from] brn
|upkeep
|
|t:|1784589730
|switch|p2a: Sneasler|Sneasler, L50, M|100/100
|turn|8
|
|t:|1784589748
|switch|p1b: Basculegion|Basculegion, L50, M|47/100 brn
|move|p1a: Whimsicott|Protect|p1a: Whimsicott
|-singleturn|p1a: Whimsicott|Protect
|move|p2b: Kingambit|Sucker Punch||[still]
|-fail|p2b: Kingambit
|move|p2a: Sneasler|Gunk Shot|p1a: Whimsicott
|-activate|p1a: Whimsicott|move: Protect
|
|-damage|p1b: Basculegion|41/100 brn|[from] brn
|-damage|p1a: Whimsicott|88/100 brn|[from] brn
|upkeep
|turn|9
|inactive|Z4RDEL has 30 seconds left.
|
|t:|1784589778
|move|p1b: Basculegion|Aqua Jet|p2a: Sneasler
|-damage|p2a: Sneasler|83/100
|move|p1a: Whimsicott|Tailwind|p1a: Whimsicott
|-sidestart|p1: Z4RDEL|move: Tailwind
|move|p2a: Sneasler|Gunk Shot|p1b: Basculegion
|-resisted|p1b: Basculegion|1
|-damage|p1b: Basculegion|2/100 brn
|move|p2b: Kingambit|Kowtow Cleave|p1a: Whimsicott
|-resisted|p1a: Whimsicott|1
|-damage|p1a: Whimsicott|0 fnt
|faint|p1a: Whimsicott
|-damage|p2b: Kingambit|84/100|[from] item: Life Orb
|
|-damage|p1b: Basculegion|0 fnt|[from] brn
|faint|p1b: Basculegion
|upkeep
|
|t:|1784589789
|switch|p1a: Sneasler|Sneasler, L50, M|77/100
|switch|p1b: Charizard|Charizard-Mega-Y, L50, M|100/100
|-weather|SunnyDay|[from] ability: Drought|[of] p1b: Charizard
|turn|10
|
|t:|1784589812
|move|p2a: Sneasler|Protect|p2a: Sneasler
|-singleturn|p2a: Sneasler|Protect
|move|p2b: Kingambit|Protect|p2b: Kingambit
|-singleturn|p2b: Kingambit|Protect
|move|p1a: Sneasler|Fake Out|p2b: Kingambit
|-activate|p2b: Kingambit|move: Protect
|move|p1b: Charizard|Heat Wave|p2b: Kingambit|[spread] 
|-activate|p2a: Sneasler|move: Protect
|-activate|p2b: Kingambit|move: Protect
|
|-weather|SunnyDay|[upkeep]
|upkeep
|turn|11
|inactive|failandimprove5 has 30 seconds left.
|inactive|failandimprove5 has 20 seconds left.
|inactive|failandimprove5 has 15 seconds left.
|inactive|failandimprove5 has 10 seconds left.
|
|t:|1784589858
|move|p2b: Kingambit|Sucker Punch|p1a: Sneasler
|-resisted|p1a: Sneasler|1
|-damage|p1a: Sneasler|0 fnt
|faint|p1a: Sneasler
|-damage|p2b: Kingambit|74/100|[from] item: Life Orb
|move|p1b: Charizard|Heat Wave|p2a: Sneasler|[spread] p2a
|-miss|p1b: Charizard|p2b: Kingambit
|-damage|p2a: Sneasler|10/100
|move|p2a: Sneasler|Gunk Shot|p1b: Charizard
|-damage|p1b: Charizard|40/100
|
|-weather|SunnyDay|[upkeep]
|upkeep
|turn|12
|c|☆Z4RDEL|Not real
|-message|Z4RDEL forfeited.
|raw|Z4RDEL's rating: 1361 → 1340(-21 for losing)
|raw|failandimprove5's rating: 1337 → 1358(+21 for winning)
|
|win|failandimprove5
