|j|☆totaldestroy
|j|☆NahuuH
|html|totaldestroyNahuuH    
|uhtml|bestof|Game 2 of a best-of-3
|t:|1782975153
|gametype|doubles
|player|p1|totaldestroy|gambler|1183
|player|p2|NahuuH|2|1140
|gen|9
|tier|[Gen 9 Champions] VGC 2026 Reg M-B (Bo3)
|rated|
|rule|Species Clause: Limit one of each Pokémon
|rule|Item Clause: Limit 1 of each item
|clearpoke
|poke|p1|Zoroark-Hisui, L50, F|
|poke|p1|Glimmora, L50, F|
|poke|p1|Basculegion, L50, M|
|poke|p1|Sinistcha, L50|
|poke|p1|Kingambit, L50, M|
|poke|p1|Dragonite, L50, M|
|poke|p2|Blastoise, L50, F|
|poke|p2|Incineroar, L50, F|
|poke|p2|Kingambit, L50, M|
|poke|p2|Sneasler, L50, M|
|poke|p2|Sinistcha, L50|
|poke|p2|Delphox, L50, M|
|teampreview|4
|showteam|p1|Zoroark-Hisui||FocusSash|Illusion|Protect,IcyWind,BitterMalice,FocusBlast|Timid||F|||50|]Glimmora||LifeOrb|ToxicDebris|DazzlingGleam,PowerGem,SludgeBomb,Protect|Modest||F|||50|]Basculegion||SitrusBerry|Adaptability|WaveCrash,AquaJet,LastRespects,Protect|Adamant||M|||50|]Sinistcha||OccaBerry|Hospitality|TrickRoom,MatchaGotcha,RagePowder,Protect|Relaxed|||||50|]Kingambit||ExpertBelt|Defiant|LowKick,IronHead,Protect,KowtowCleave|Jolly||M|||50|]Dragonite||Dragoninite|Multiscale|Tailwind,DragonPulse,Thunderbolt,Protect|Modest||M|||50|
|showteam|p2|Blastoise||Blastoisinite|RainDish|WaterSpout,ShellSmash,Protect,DarkPulse|Modest||F|||50|]Incineroar||SitrusBerry|Intimidate|FlareBlitz,FakeOut,PartingShot,HelpingHand|Impish||F|||50|]Kingambit||BlackGlasses|Defiant|KowtowCleave,SuckerPunch,SwordsDance,Protect|Adamant||M|||50|]Sneasler||FocusSash|PoisonTouch|DireClaw,CloseCombat,FakeOut,QuickGuard|Jolly||M|||50|]Sinistcha||OccaBerry|Hospitality|MatchaGotcha,RagePowder,TrickRoom,Protect|Bold|||||50|]Delphox||Delphoxite|Blaze|HeatWave,Psyshock,NastyPlot,Protect|Timid||M|||50|
|
|t:|1782975180
|teamsize|p1|4
|teamsize|p2|4
|start
|switch|p1a: head|Kingambit, L50, M|100/100
|switch|p1b: cuddle bug!|Dragonite, L50, M|100/100
|switch|p2a: Delphox|Delphox, L50, M|100/100
|switch|p2b: Sneasler|Sneasler, L50, M|100/100
|turn|1
|inactive|Battle timer is ON: inactive players will automatically lose when time's up. (requested by NahuuH)
|
|t:|1782975212
|detailschange|p2a: Delphox|Delphox-Mega, L50, M
|-mega|p2a: Delphox|Delphox|Delphoxite
|move|p1a: head|Protect|p1a: head
|-singleturn|p1a: head|Protect
|move|p2b: Sneasler|Fake Out|p1b: cuddle bug!
|-immune|p1b: cuddle bug!
|move|p2a: Delphox|Heat Wave|p1b: cuddle bug!|[spread] p1b
|-activate|p1a: head|move: Protect
|-damage|p1b: cuddle bug!|12/100
|replace|p1b: fantastic mr|Zoroark-Hisui, L50, F
|-end|p1b: fantastic mr|Illusion
|move|p1b: fantastic mr|Icy Wind|p2a: Delphox|[spread] p2a,p2b
|-resisted|p2a: Delphox|1
|-damage|p2a: Delphox|93/100
|-damage|p2b: Sneasler|81/100
|-unboost|p2a: Delphox|spe|1
|-unboost|p2b: Sneasler|spe|1
|
|upkeep
|turn|2
|inactive|totaldestroy has 30 seconds left.
|
|t:|1782975246
|switch|p2a: Sinistcha|Sinistcha, L50|100/100
|-heal|p2b: Sneasler|100/100|[from] ability: Hospitality|[of] p2a: Sinistcha
|move|p1b: fantastic mr|Bitter Malice|p2b: Sneasler
|-damage|p2b: Sneasler|50/100g
|-unboost|p2b: Sneasler|atk|1
|move|p2b: Sneasler|Close Combat|p1a: head
|-supereffective|p1a: head|2
|-damage|p1a: head|0 fnt
|-unboost|p2b: Sneasler|def|1
|-unboost|p2b: Sneasler|spd|1
|faint|p1a: head
|
|upkeep
|
|t:|1782975261
|switch|p1a: the shiggy wiggy|Glimmora, L50, F|100/100
|turn|3
|
|t:|1782975279
|move|p1b: fantastic mr|Bitter Malice|p2a: Sinistcha
|-supereffective|p2a: Sinistcha|1
|-damage|p2a: Sinistcha|24/100
|-unboost|p2a: Sinistcha|atk|1
|move|p2b: Sneasler|Dire Claw|p1a: the shiggy wiggy
|-resisted|p1a: the shiggy wiggy|2
|-damage|p1a: the shiggy wiggy|92/100
|-status|p1a: the shiggy wiggy|slp
|-activate|p1a: the shiggy wiggy|ability: Toxic Debris
|-sidestart|p2: NahuuH|move: Toxic Spikes
|cant|p1a: the shiggy wiggy|slp
|move|p2a: Sinistcha|Matcha Gotcha|p1b: fantastic mr|[spread] p1a,p1b
|-damage|p1a: the shiggy wiggy|64/100 slp
|-heal|p2a: Sinistcha|37/100|[from] drain|[of] p1a: the shiggy wiggy
|-damage|p1b: fantastic mr|0 fnt
|-heal|p2a: Sinistcha|42/100|[from] drain|[of] p1b: fantastic mr
|faint|p1b: fantastic mr
|
|upkeep
|
|t:|1782975293
|switch|p1b: cuddle bug!|Dragonite, L50, M|100/100
|turn|4
|
|t:|1782975299
|detailschange|p1b: cuddle bug!|Dragonite-Mega, L50, M
|-mega|p1b: cuddle bug!|Dragonite|Dragoninite
|move|p2b: Sneasler|Dire Claw|p1b: cuddle bug!
|-damage|p1b: cuddle bug!|87/100
|-status|p1b: cuddle bug!|psn|[from] ability: Poison Touch|[of] p2b: Sneasler
|move|p1b: cuddle bug!|Tailwind|p1b: cuddle bug!
|-sidestart|p1: totaldestroy|move: Tailwind
|cant|p1a: the shiggy wiggy|slp
|move|p2a: Sinistcha|Matcha Gotcha|p1a: the shiggy wiggy|[spread] p1a,p1b
|-resisted|p1b: cuddle bug!|2
|-damage|p1a: the shiggy wiggy|37/100 slp
|-heal|p2a: Sinistcha|56/100|[from] drain|[of] p1a: the shiggy wiggy
|-damage|p1b: cuddle bug!|83/100 psn
|-heal|p2a: Sinistcha|58/100|[from] drain|[of] p1b: cuddle bug!
|
|-damage|p1b: cuddle bug!|71/100 psn|[from] psn
|upkeep
|turn|5
|inactive|NahuuH has 30 seconds left.
|
|t:|1782975326
|move|p1b: cuddle bug!|Dragon Pulse|p2a: Sinistcha
|-damage|p2a: Sinistcha|2/100
|-curestatus|p1a: the shiggy wiggy|slp|[msg]
|move|p1a: the shiggy wiggy|Dazzling Gleam|p2a: Sinistcha|[spread] p2a,p2b
|-damage|p2a: Sinistcha|0 fnt
|-damage|p2b: Sneasler|0 fnt
|faint|p2a: Sinistcha
|faint|p2b: Sneasler
|-damage|p1a: the shiggy wiggy|27/100|[from] item: Life Orb
|
|-damage|p1b: cuddle bug!|59/100 psn|[from] psn
|upkeep
|
|t:|1782975334
|switch|p2b: Kingambit|Kingambit, L50, M|100/100
|switch|p2a: Delphox|Delphox-Mega, L50, M|93/100
|turn|6
|
|t:|1782975342
|move|p2a: Delphox|Protect|p2a: Delphox
|-singleturn|p2a: Delphox|Protect
|move|p2b: Kingambit|Sucker Punch|p1a: the shiggy wiggy
|-damage|p1a: the shiggy wiggy|0 fnt
|-activate|p1a: the shiggy wiggy|ability: Toxic Debris
|-sidestart|p2: NahuuH|move: Toxic Spikes
|faint|p1a: the shiggy wiggy
|move|p1b: cuddle bug!|Thunderbolt|p2b: Kingambit
|-damage|p2b: Kingambit|64/100
|
|-damage|p1b: cuddle bug!|46/100 psn|[from] psn
|upkeep
|turn|7
|
|t:|1782975352
|move|p2b: Kingambit|Sucker Punch|p1b: cuddle bug!
|-damage|p1b: cuddle bug!|5/100 psn
|move|p1b: cuddle bug!|Dragon Pulse|p2a: Delphox
|-damage|p2a: Delphox|42/100
|move|p2a: Delphox|Psyshock|p1b: cuddle bug!
|-damage|p1b: cuddle bug!|0 fnt
|faint|p1b: cuddle bug!
|
|win|NahuuH
|l|☆totaldestroy
|player|p1|
||NahuuH is ready for game 3.
||totaldestroy is ready for game 3.
|uhtml|next|Next: Game 3 of 3
|j|☆totaldestroy
|player|p1|totaldestroy|gambler|
