|j|☆clare_chan1738
|j|☆budster16
|html|clare_chan1738budster16    
|uhtml|bestof|Game 1 of a best-of-3
|t:|1783446825
|gametype|doubles
|player|p1|clare_chan1738|dawn-gen4pt|
|player|p2|budster16|silver|
|gen|9
|tier|[Gen 9 Champions] VGC 2026 Reg M-B (Bo3)
|rule|Species Clause: Limit one of each Pokémon
|rule|Item Clause: Limit 1 of each item
|clearpoke
|poke|p1|Aerodactyl, L50, M|
|poke|p1|Decidueye-Hisui, L50, M|
|poke|p1|Sneasler, L50, M, shiny|
|poke|p1|Volcarona, L50, M|
|poke|p1|Hatterene, L50, F|
|poke|p1|Banette, L50, F, shiny|
|poke|p2|Conkeldurr, L50, M|
|poke|p2|Skeledirge, L50, M|
|poke|p2|Leafeon, L50, F|
|poke|p2|Barbaracle, L50, M|
|poke|p2|Infernape, L50, F|
|poke|p2|Pyroar, L50, F|
|teampreview|4
|showteam|p1|Aerodactyl||Aerodactylite|Unnerve|DualWingbeat,RockSlide,Tailwind,Protect|Jolly||M|||50|]Decidueye-Hisui||ScopeLens|Scrappy|TripleArrows,LeafBlade,SuckerPunch,Protect|Jolly||M|||50|]Sneasler||WhiteHerb|Unburden|FakeOut,DireClaw,CloseCombat,Protect|Adamant||M|||50|]Volcarona||FocusSash|FlameBody|QuiverDance,FieryDance,BugBuzz,Protect|Timid||M|||50|]Hatterene||QuickClaw|MagicBounce|Psychic,DazzlingGleam,ShadowBall,Protect|Modest||F|||50|]Banette||Banettite|CursedBody|DestinyBond,Encore,Disable,Poltergeist|Adamant||F|||50|
|showteam|p2|Conkeldurr||LifeOrb|SheerForce|CloseCombat,RockSlide,IcePunch,MachPunch|Adamant||M|||50|]Skeledirge||Leftovers|Unaware|TorchSong,ShadowBall,SlackOff,Protect|Modest||M|||50|]Leafeon||MiracleSeed|Chlorophyll|SolarBlade,SwordsDance,SunnyDay,KnockOff|Adamant||F|||50|]Barbaracle||Barbaracite|ToughClaws|RockSlide,CloseCombat,ShellSmash,Protect|Adamant||M|||50|]Infernape||FocusSash|Blaze|FakeOut,FlareBlitz,CloseCombat,SunnyDay|Jolly||F|||50|]Pyroar||Pyroarite|Unnerve|HeatWave,Overheat,ScorchingSands,Protect|Timid||F|||50|
|j| InfiniKnight
|c| InfiniKnight|I'll get match links
|
|t:|1783446864
|teamsize|p1|4
|teamsize|p2|4
|start
|switch|p1a: Sneasler|Sneasler, L50, M, shiny|100/100
|switch|p1b: Rock Immune|Volcarona, L50, M|100/100
|switch|p2a: Punc Hands|Barbaracle, L50, M|100/100
|switch|p2b: Conk's FO User|Infernape, L50, F|100/100
|turn|1
|c|☆clare_chan1738|I was gon get em but thanks if u can
|
|t:|1783446920
|detailschange|p2a: Punc Hands|Barbaracle-Mega, L50, M
|-mega|p2a: Punc Hands|Barbaracle|Barbaracite
|move|p1b: Rock Immune|Protect|p1b: Rock Immune
|-singleturn|p1b: Rock Immune|Protect
|move|p2b: Conk's FO User|Fake Out|p1b: Rock Immune
|-activate|p1b: Rock Immune|move: Protect
|move|p1a: Sneasler|Close Combat|p2a: Punc Hands
|-supereffective|p2a: Punc Hands|1
|-damage|p2a: Punc Hands|0 fnt
|-unboost|p1a: Sneasler|def|1
|-unboost|p1a: Sneasler|spd|1
|faint|p2a: Punc Hands
|-enditem|p1a: Sneasler|White Herb
|-clearnegativeboost|p1a: Sneasler|[silent]
|
|upkeep
|
|t:|1783446939
|switch|p2a: Conk|Conkeldurr, L50, M|100/100
|turn|2
|c| InfiniKnight|I dont tihnk ron realizes its currently live since yall aint in call
|
|t:|1783446972
|switch|p1b: Banette|Banette, L50, F, shiny|100/100
|move|p1a: Sneasler|Close Combat|p2a: Conk
|-damage|p2a: Conk|44/100
|-unboost|p1a: Sneasler|def|1
|-unboost|p1a: Sneasler|spd|1
|move|p2b: Conk's FO User|Flare Blitz|p1b: Banette
|-damage|p1b: Banette|0 fnt
|faint|p1b: Banette
|-damage|p2b: Conk's FO User|69/100|[from] Recoil
|move|p2a: Conk|Rock Slide|p1a: Sneasler
|-resisted|p1a: Sneasler|1
|-damage|p1a: Sneasler|41/100
|
|upkeep
|
|t:|1783446986
|switch|p1b: Rock Immune|Volcarona, L50, M|100/100
|turn|3
|j| ChocoHammy
|
|t:|1783447028
|move|p1a: Sneasler|Close Combat|p2b: Conk's FO User
|-damage|p2b: Conk's FO User|0 fnt
|-unboost|p1a: Sneasler|def|1
|-unboost|p1a: Sneasler|spd|1
|faint|p2b: Conk's FO User
|move|p1b: Rock Immune|Quiver Dance|p1b: Rock Immune
|-boost|p1b: Rock Immune|spa|1
|-boost|p1b: Rock Immune|spd|1
|-boost|p1b: Rock Immune|spe|1
|move|p2a: Conk|Rock Slide|p1a: Sneasler|[spread] p1a
|-miss|p2a: Conk|p1b: Rock Immune
|-resisted|p1a: Sneasler|1
|-crit|p1a: Sneasler
|-damage|p1a: Sneasler|0 fnt
|faint|p1a: Sneasler
|
|upkeep
|
|t:|1783447042
|switch|p2b: Conk's Civic|Skeledirge, L50, M|100/100
|switch|p1a: Aerodactyl|Aerodactyl, L50, M|100/100
|-ability|p1a: Aerodactyl|Unnerve
|turn|4
|c| ChocoHammy|I came in at the right time lol
|
|t:|1783447060
|detailschange|p1a: Aerodactyl|Aerodactyl-Mega, L50, M
|-mega|p1a: Aerodactyl|Aerodactyl|Aerodactylite
|move|p1b: Rock Immune|Fiery Dance|p2a: Conk
|-damage|p2a: Conk|0 fnt
|faint|p2a: Conk
|move|p1a: Aerodactyl|Rock Slide|p2b: Conk's Civic
|-supereffective|p2b: Conk's Civic|1
|-damage|p2b: Conk's Civic|35/100
|move|p2b: Conk's Civic|Torch Song|p1b: Rock Immune
|-damage|p1b: Rock Immune|61/100
|-boost|p2b: Conk's Civic|spa|1
|
|-heal|p2b: Conk's Civic|41/100|[from] item: Leftovers
|upkeep
|turn|5
|
|t:|1783447079
|move|p1b: Rock Immune|Fiery Dance|p2b: Conk's Civic
|-resisted|p2b: Conk's Civic|1
|-damage|p2b: Conk's Civic|19/100
|move|p1a: Aerodactyl|Rock Slide|p2b: Conk's Civic
|-supereffective|p2b: Conk's Civic|1
|-crit|p2b: Conk's Civic
|-damage|p2b: Conk's Civic|0 fnt
|faint|p2b: Conk's Civic
|
|win|clare_chan1738
||clare_chan1738 is ready for game 2.
|inactive|budster16 has 30 seconds to confirm battle start!
