|j|☆WashYoButt
|j|☆ErikT007
|html|WashYoButtErikT007    
|uhtml|bestof|Game 3 of a best-of-3
|t:|1757704607
|gametype|doubles
|player|p1|WashYoButt|ariana|1132
|player|p2|ErikT007|lucas-gen4pt|1130
|gen|9
|tier|[Gen 9] VGC 2025 Reg H (Bo3)
|rated|
|rule|Species Clause: Limit one of each Pokémon
|rule|Item Clause: Limit 1 of each item
|clearpoke
|poke|p1|Gholdengo, L50|
|poke|p1|Basculegion, L50, M|
|poke|p1|Amoonguss, L50, F|
|poke|p1|Kommo-o, L50, F|
|poke|p1|Ninetales-Alola, L50, F|
|poke|p1|Incineroar, L50, M|
|poke|p2|Leafeon, L50, M|
|poke|p2|Floatzel, L50, M|
|poke|p2|Politoed, L50, M|
|poke|p2|Sneasler, L50, M|
|poke|p2|Archaludon, L50, M|
|poke|p2|Rillaboom, L50, F|
|teampreview|4
|showteam|p1|Gholdengo||LifeOrb|GoodasGold|Protect,NastyPlot,ShadowBall,MakeItRain||||||50|,,,,,Water]Basculegion||ChoiceScarf|Adaptability|WaveCrash,LastRespects,AquaJet,FlipTurn|||M|||50|,,,,,Grass]Amoonguss||RockyHelmet|Regenerator|Spore,PollenPuff,RagePowder,ClearSmog|||F|||50|,,,,,Water]Kommo-o||Leftovers|Overcoat|IronDefense,BodyPress,Flamethrower,Protect|||F|||50|,,,,,Fire]Ninetales-Alola||FocusSash|SnowWarning|Protect,Moonblast,Blizzard,FreezeDry|||F|||50|,,,,,Ghost]Incineroar||SafetyGoggles|Intimidate|KnockOff,FlareBlitz,FakeOut,PartingShot|||M|||50|,,,,,Ghost
|showteam|p2|Leafeon||CovertCloak|Chlorophyll|RainDance,KnockOff,Yawn,HelpingHand|||M|||50|,,,,,Dark]Floatzel||ChoiceBand|SwiftSwim|IceSpinner,WaveCrash,Crunch,AquaJet|||M|||50|,,,,,Ice]Politoed||SitrusBerry|Drizzle|Haze,EarthPower,IceBeam,WeatherBall|||M|||50|,,,,,Grass]Sneasler||GrassySeed|Unburden|Acrobatics,Protect,DireClaw,CloseCombat|||M|||50|,,,,,Ghost]Archaludon||PowerHerb|Stalwart|ElectroShot,DragonPulse,FlashCannon,Protect|||M|||50|,,,,,Electric]Rillaboom||AssaultVest|GrassySurge|FakeOut,GrassyGlide,WoodHammer,StompingTantrum|||F|||50|,,,,,Ghost
|
|t:|1757704620
|teamsize|p1|4
|teamsize|p2|4
|start
|switch|p1a: Incineroar|Incineroar, L50, M|100/100
|switch|p1b: Gholdengo|Gholdengo, L50|100/100
|switch|p2a: Archaludon|Archaludon, L50, M|100/100
|switch|p2b: Rillaboom|Rillaboom, L50, F|100/100
|-fieldstart|move: Grassy Terrain|[from] ability: Grassy Surge|[of] p2b: Rillaboom
|-ability|p1a: Incineroar|Intimidate|boost
|-unboost|p2a: Archaludon|atk|1
|-unboost|p2b: Rillaboom|atk|1
|turn|1
|inactive|Battle timer is ON: inactive players will automatically lose when time's up. (requested by WashYoButt)
|
|t:|1757704630
|move|p2a: Archaludon|Protect|p2a: Archaludon
|-singleturn|p2a: Archaludon|Protect
|move|p1b: Gholdengo|Protect|p1b: Gholdengo
|-singleturn|p1b: Gholdengo|Protect
|move|p2b: Rillaboom|Stomping Tantrum|p1b: Gholdengo
|-activate|p1b: Gholdengo|move: Protect
|move|p1a: Incineroar|Parting Shot|p2a: Archaludon
|-activate|p2a: Archaludon|move: Protect
|
|upkeep
|turn|2
|
|t:|1757704643
|-terastallize|p2a: Archaludon|Electric
|move|p2a: Archaludon|Electro Shot||[still]
|-prepare|p2a: Archaludon|Electro Shot
|-boost|p2a: Archaludon|spa|1
|-enditem|p2a: Archaludon|Power Herb
|-anim|p2a: Archaludon|Electro Shot|p1b: Gholdengo
|-damage|p1b: Gholdengo|0 fnt
|faint|p1b: Gholdengo
|move|p2b: Rillaboom|Stomping Tantrum|p1a: Incineroar
|-supereffective|p1a: Incineroar
|-damage|p1a: Incineroar|73/100
|move|p1a: Incineroar|Parting Shot|p2a: Archaludon
|-unboost|p2a: Archaludon|atk|1
|-unboost|p2a: Archaludon|spa|1
|
|t:|1757704650
|switch|p1a: Ninetales|Ninetales-Alola, L50, F|100/100|[from] Parting Shot
|-weather|Snowscape|[from] ability: Snow Warning|[of] p1a: Ninetales
|
|-weather|Snowscape|[upkeep]
|upkeep
|
|t:|1757704652
|switch|p1b: Incineroar|Incineroar, L50, M|73/100
|-ability|p1b: Incineroar|Intimidate|boost
|-unboost|p2a: Archaludon|atk|1
|-unboost|p2b: Rillaboom|atk|1
|turn|3
|
|t:|1757704665
|switch|p2b: Politoed|Politoed, L50, M|100/100
|-weather|RainDance|[from] ability: Drizzle|[of] p2b: Politoed
|move|p2a: Archaludon|Protect|p2a: Archaludon
|-singleturn|p2a: Archaludon|Protect
|move|p1a: Ninetales|Blizzard|p2b: Politoed|[spread] 
|-activate|p2a: Archaludon|move: Protect
|-miss|p1a: Ninetales|p2b: Politoed
|move|p1b: Incineroar|Flare Blitz|p2a: Archaludon
|-activate|p2a: Archaludon|move: Protect
|
|-weather|RainDance|[upkeep]
|-heal|p1b: Incineroar|79/100|[from] Grassy Terrain
|upkeep
|turn|4
|
|t:|1757704685
|switch|p1a: Basculegion|Basculegion, L50, M|100/100
|move|p2a: Archaludon|Flash Cannon|p1a: Basculegion
|-resisted|p1a: Basculegion
|-damage|p1a: Basculegion|78/100
|move|p2b: Politoed|Weather Ball|p1b: Incineroar
|-supereffective|p1b: Incineroar
|-damage|p1b: Incineroar|3/100
|move|p1b: Incineroar|Parting Shot|p2a: Archaludon
|-unboost|p2a: Archaludon|atk|1
|-unboost|p2a: Archaludon|spa|1
|
|t:|1757704693
|switch|p1b: Ninetales|Ninetales-Alola, L50, F|100/100|[from] Parting Shot
|-weather|Snowscape|[from] ability: Snow Warning|[of] p1b: Ninetales
|
|-weather|Snowscape|[upkeep]
|-heal|p1a: Basculegion|84/100|[from] Grassy Terrain
|upkeep
|turn|5
|inactive|ErikT007 has 30 seconds left.
|
|t:|1757704727
|move|p1a: Basculegion|Last Respects|p2a: Archaludon
|-damage|p2a: Archaludon|41/100
|move|p1b: Ninetales|Blizzard|p2a: Archaludon|[spread] p2a,p2b
|-crit|p2a: Archaludon
|-resisted|p2b: Politoed
|-damage|p2a: Archaludon|0 fnt
|-damage|p2b: Politoed|90/100
|faint|p2a: Archaludon
|move|p2b: Politoed|Earth Power|p1a: Basculegion
|-damage|p1a: Basculegion|62/100
|
|-weather|Snowscape|[upkeep]
|-heal|p1a: Basculegion|68/100|[from] Grassy Terrain
|-heal|p2b: Politoed|96/100|[from] Grassy Terrain
|-fieldend|move: Grassy Terrain
|upkeep
|
|t:|1757704733
|switch|p2a: Rillaboom|Rillaboom, L50, F|100/100
|-fieldstart|move: Grassy Terrain|[from] ability: Grassy Surge|[of] p2a: Rillaboom
|turn|6
|
|t:|1757704741
|switch|p1a: Incineroar|Incineroar, L50, M|3/100
|-ability|p1a: Incineroar|Intimidate|boost
|-unboost|p2a: Rillaboom|atk|1
|-unboost|p2b: Politoed|atk|1
|move|p1b: Ninetales|Blizzard|p2a: Rillaboom|[spread] p2a,p2b
|-supereffective|p2a: Rillaboom
|-crit|p2a: Rillaboom
|-resisted|p2b: Politoed
|-damage|p2a: Rillaboom|28/100
|-damage|p2b: Politoed|86/100
|move|p2a: Rillaboom|Stomping Tantrum|p1a: Incineroar
|-supereffective|p1a: Incineroar
|-damage|p1a: Incineroar|0 fnt
|faint|p1a: Incineroar
|move|p2b: Politoed|Earth Power|p1b: Ninetales
|-damage|p1b: Ninetales|78/100
|
|-weather|Snowscape|[upkeep]
|-heal|p1b: Ninetales|84/100|[from] Grassy Terrain
|-heal|p2a: Rillaboom|34/100|[from] Grassy Terrain
|-heal|p2b: Politoed|93/100|[from] Grassy Terrain
|upkeep
|
|t:|1757704751
|switch|p1a: Basculegion|Basculegion, L50, M|68/100
|turn|7
|
|t:|1757704766
|-terastallize|p1a: Basculegion|Grass
|move|p2a: Rillaboom|Grassy Glide|p1a: Basculegion
|-resisted|p1a: Basculegion
|-damage|p1a: Basculegion|52/100
|move|p1a: Basculegion|Last Respects|p2b: Politoed
|-damage|p2b: Politoed|5/100
|-enditem|p2b: Politoed|Sitrus Berry|[eat]
|-heal|p2b: Politoed|30/100|[from] item: Sitrus Berry
|move|p1b: Ninetales|Blizzard|p2b: Politoed|[spread] p2a,p2b
|-supereffective|p2a: Rillaboom
|-resisted|p2b: Politoed
|-damage|p2a: Rillaboom|0 fnt
|-damage|p2b: Politoed|20/100
|faint|p2a: Rillaboom
|move|p2b: Politoed|Earth Power|p1a: Basculegion
|-resisted|p1a: Basculegion
|-damage|p1a: Basculegion|42/100
|
|-weather|Snowscape|[upkeep]
|-heal|p1a: Basculegion|48/100|[from] Grassy Terrain
|-heal|p1b: Ninetales|90/100|[from] Grassy Terrain
|-heal|p2b: Politoed|27/100|[from] Grassy Terrain
|upkeep
|
|t:|1757704770
|switch|p2a: Sneasler|Sneasler, L50, M|100/100
|-enditem|p2a: Sneasler|Grassy Seed
|-boost|p2a: Sneasler|def|1|[from] item: Grassy Seed
|turn|8
|
|t:|1757704784
|move|p2a: Sneasler|Dire Claw|p1a: Basculegion
|-supereffective|p1a: Basculegion
|-damage|p1a: Basculegion|0 fnt
|faint|p1a: Basculegion
|move|p1b: Ninetales|Blizzard|p2a: Sneasler|[spread] p2a,p2b
|-resisted|p2b: Politoed
|-damage|p2a: Sneasler|57/100
|-damage|p2b: Politoed|16/100
|move|p2b: Politoed|Earth Power|p1b: Ninetales
|-damage|p1b: Ninetales|65/100
|
|-weather|none
|-heal|p2a: Sneasler|63/100|[from] Grassy Terrain
|-heal|p1b: Ninetales|71/100|[from] Grassy Terrain
|-heal|p2b: Politoed|22/100|[from] Grassy Terrain
|upkeep
|turn|9
|
|t:|1757704800
|move|p2a: Sneasler|Dire Claw|p1b: Ninetales
|-supereffective|p1b: Ninetales
|-damage|p1b: Ninetales|0 fnt
|faint|p1b: Ninetales
|
|win|ErikT007
|raw|WashYoButt's rating: 1132 → 1107(-25 for losing)
|raw|ErikT007's rating: 1130 → 1155(+25 for winning)
|l|☆ErikT007
|player|p2|
