|j|☆Farigi no Raf
|j|☆DewosZz
|html|Farigi no RafDewosZz    
|uhtml|bestof|Game 1 of a best-of-3
|t:|1757174730
|gametype|doubles
|player|p1|Farigi no Raf|vince|1364
|player|p2|DewosZz|266|1268
|gen|9
|tier|[Gen 9] VGC 2025 Reg H (Bo3)
|rated|
|rule|Species Clause: Limit one of each Pokémon
|rule|Item Clause: Limit 1 of each item
|clearpoke
|poke|p1|Dragonite, L50, F|
|poke|p1|Gholdengo, L50|
|poke|p1|Sneasler, L50, F|
|poke|p1|Rillaboom, L50, M|
|poke|p1|Ursaluna-Bloodmoon, L50, M|
|poke|p1|Magmar, L50, F|
|poke|p2|Annihilape, L50, F|
|poke|p2|Sinistcha, L50|
|poke|p2|Maushold-Four, L50|
|poke|p2|Klefki, L50, M|
|poke|p2|Ursaluna-Bloodmoon, L50, M|
|poke|p2|Ninetales-Alola, L50, F|
|teampreview|4
|showteam|p1|Dragonite||LoadedDice|Multiscale|ScaleShot,Tailwind,ExtremeSpeed,Protect|||F|||50|,,,,,Fairy]Gholdengo||LifeOrb|GoodasGold|MakeItRain,ShadowBall,NastyPlot,Protect||||||50|,,,,,Water]Sneasler||FocusSash|PoisonTouch|CloseCombat,DireClaw,Coaching,FakeOut|||F|||50|,,,,,Ghost]Rillaboom||AssaultVest|GrassySurge|WoodHammer,FakeOut,GrassyGlide,HighHorsepower|||M|||50|,,,,,Fire]Ursaluna-Bloodmoon||SilkScarf|MindsEye|HyperVoice,EarthPower,BloodMoon,Protect|||M|||50|,,,,,Water]Magmar||Eviolite|VitalSpirit|FollowMe,BurningJealousy,ClearSmog,Protect|||F|||50|,,,,,Dragon
|showteam|p2|Annihilape||Leftovers|Defiant|Protect,BulkUp,DrainPunch,RageFist|||F|||50|,,,,,Fire]Sinistcha||SitrusBerry|Hospitality|MatchaGotcha,TrickRoom,LifeDew,RagePowder||||||50|,,,,,Water]Maushold-Four||SafetyGoggles|FriendGuard|FollowMe,Taunt,BeatUp,Protect||||||50|,,,,,Ghost]Klefki||LightClay|Prankster|Reflect,LightScreen,MistyTerrain,DazzlingGleam|||M|||50|,,,,,Ghost]Ursaluna-Bloodmoon||AssaultVest|MindsEye|BloodMoon,HyperVoice,EarthPower,VacuumWave|||M|||50|,,,,,Water]Ninetales-Alola||FocusSash|SnowWarning|Protect,Encore,FreezeDry,Blizzard|||F|||50|,,,,,Ghost
|
|t:|1757174797
|teamsize|p1|4
|teamsize|p2|4
|start
|switch|p1a: Magmar|Magmar, L50, F|100/100
|switch|p1b: Dragonite|Dragonite, L50, F|100/100
|switch|p2a: Maushold|Maushold-Four, L50|100/100
|switch|p2b: Annihilape|Annihilape, L50, F, shiny|100/100
|turn|1
|
|t:|1757174814
|switch|p2a: Klefki|Klefki, L50, M|100/100
|move|p2b: Annihilape|Bulk Up|p2b: Annihilape
|-boost|p2b: Annihilape|atk|1
|-boost|p2b: Annihilape|def|1
|move|p1b: Dragonite|Scale Shot|p2a: Klefki
|-immune|p2a: Klefki
|move|p1a: Magmar|Burning Jealousy|p2b: Annihilape|[spread] p2a,p2b
|-supereffective|p2a: Klefki
|-damage|p2a: Klefki|66/100
|-damage|p2b: Annihilape|84/100
|-status|p2b: Annihilape|brn
|
|-heal|p2b: Annihilape|90/100 brn|[from] item: Leftovers
|-damage|p2b: Annihilape|84/100 brn|[from] brn
|upkeep
|turn|2
|
|t:|1757174844
|switch|p1b: Sneasler|Sneasler, L50, F|100/100
|move|p2a: Klefki|Reflect|p2a: Klefki
|-sidestart|p2: DewosZz|Reflect
|move|p2b: Annihilape|Bulk Up|p2b: Annihilape
|-boost|p2b: Annihilape|atk|1
|-boost|p2b: Annihilape|def|1
|move|p1a: Magmar|Clear Smog|p2b: Annihilape
|-resisted|p2b: Annihilape
|-damage|p2b: Annihilape|79/100 brn
|-clearboost|p2b: Annihilape
|
|-heal|p2b: Annihilape|86/100 brn|[from] item: Leftovers
|-damage|p2b: Annihilape|79/100 brn|[from] brn
|upkeep
|turn|3
|
|t:|1757174857
|move|p2a: Klefki|Misty Terrain|p2a: Klefki
|-fieldstart|move: Misty Terrain
|move|p1b: Sneasler|Close Combat|p2a: Klefki
|-damage|p2a: Klefki|22/100
|-unboost|p1b: Sneasler|def|1
|-unboost|p1b: Sneasler|spd|1
|move|p2b: Annihilape|Rage Fist|p1b: Sneasler
|-damage|p1b: Sneasler|27/100
|move|p1a: Magmar|Burning Jealousy|p2a: Klefki|[spread] p2a,p2b
|-supereffective|p2a: Klefki
|-damage|p2a: Klefki|0 fnt
|-damage|p2b: Annihilape|62/100 brn
|faint|p2a: Klefki
|
|-heal|p2b: Annihilape|68/100 brn|[from] item: Leftovers
|-damage|p2b: Annihilape|62/100 brn|[from] brn
|upkeep
|
|t:|1757174862
|switch|p2a: Maushold|Maushold-Four, L50|100/100
|turn|4
|
|t:|1757174874
|move|p1a: Magmar|Follow Me|p1a: Magmar
|-singleturn|p1a: Magmar|move: Follow Me
|move|p1b: Sneasler|Dire Claw|p2a: Maushold
|-damage|p2a: Maushold|70/100
|move|p2a: Maushold|Beat Up|p1a: Magmar
|-crit|p1a: Magmar
|-damage|p1a: Magmar|98/100
|-damage|p1a: Magmar|96/100
|-hitcount|p1a: Magmar|2
|move|p2b: Annihilape|Rage Fist|p1a: Magmar
|-damage|p1a: Magmar|69/100
|
|-heal|p2b: Annihilape|68/100 brn|[from] item: Leftovers
|-damage|p2b: Annihilape|62/100 brn|[from] brn
|upkeep
|turn|5
|
|t:|1757174883
|move|p1a: Magmar|Follow Me|p1a: Magmar
|-singleturn|p1a: Magmar|move: Follow Me
|move|p1b: Sneasler|Close Combat|p2a: Maushold
|-supereffective|p2a: Maushold
|-crit|p2a: Maushold
|-damage|p2a: Maushold|0 fnt
|-unboost|p1b: Sneasler|def|1
|-unboost|p1b: Sneasler|spd|1
|faint|p2a: Maushold
|move|p2b: Annihilape|Rage Fist|p1a: Magmar
|-damage|p1a: Magmar|42/100
|
|-heal|p2b: Annihilape|68/100 brn|[from] item: Leftovers
|-damage|p2b: Annihilape|62/100 brn|[from] brn
|upkeep
|
|t:|1757174888
|switch|p2a: Ninetales|Ninetales-Alola, L50, F, shiny|100/100
|-weather|Snowscape|[from] ability: Snow Warning|[of] p2a: Ninetales
|turn|6
|
|t:|1757174897
|-terastallize|p2a: Ninetales|Ghost
|move|p1b: Sneasler|Dire Claw|p2a: Ninetales
|-resisted|p2a: Ninetales
|-damage|p2a: Ninetales|79/100
|move|p2a: Ninetales|Blizzard|p1b: Sneasler|[spread] p1a,p1b
|-resisted|p1a: Magmar
|-crit|p1a: Magmar
|-damage|p1a: Magmar|25/100
|-damage|p1b: Sneasler|0 fnt
|faint|p1b: Sneasler
|move|p2b: Annihilape|Rage Fist|p1a: Magmar
|-damage|p1a: Magmar|0 fnt
|faint|p1a: Magmar
|
|-weather|Snowscape|[upkeep]
|-heal|p2b: Annihilape|68/100 brn|[from] item: Leftovers
|-damage|p2b: Annihilape|62/100 brn|[from] brn
|upkeep
|
|t:|1757174910
|switch|p1b: Dragonite|Dragonite, L50, F|100/100
|switch|p1a: Gholdengo|Gholdengo, L50|100/100
|turn|7
|
|t:|1757174921
|-terastallize|p1b: Dragonite|Fairy
|move|p1a: Gholdengo|Protect|p1a: Gholdengo
|-singleturn|p1a: Gholdengo|Protect
|move|p2a: Ninetales|Blizzard|p1a: Gholdengo|[spread] p1b
|-activate|p1a: Gholdengo|move: Protect
|-damage|p1b: Dragonite|85/100
|move|p2b: Annihilape|Rage Fist|p1b: Dragonite
|-damage|p1b: Dragonite|38/100
|move|p1b: Dragonite|Tailwind|p1b: Dragonite
|-sidestart|p1: Farigi no Raf|move: Tailwind
|
|-weather|Snowscape|[upkeep]
|-heal|p2b: Annihilape|68/100 brn|[from] item: Leftovers
|-damage|p2b: Annihilape|62/100 brn|[from] brn
|-fieldend|Misty Terrain
|upkeep
|turn|8
|
|t:|1757174952
|move|p1a: Gholdengo|Shadow Ball|p2b: Annihilape
|-supereffective|p2b: Annihilape
|-damage|p2b: Annihilape|0 fnt
|faint|p2b: Annihilape
|-damage|p1a: Gholdengo|91/100|[from] item: Life Orb
|move|p1b: Dragonite|Scale Shot|p2a: Ninetales
|-damage|p2a: Ninetales|64/100
|-damage|p2a: Ninetales|50/100
|-damage|p2a: Ninetales|35/100
|-damage|p2a: Ninetales|19/100
|-damage|p2a: Ninetales|5/100
|-hitcount|p2a: Ninetales|5
|-unboost|p1b: Dragonite|def|1
|-boost|p1b: Dragonite|spe|1
|move|p2a: Ninetales|Blizzard|p1a: Gholdengo|[spread] p1a,p1b
|-resisted|p1a: Gholdengo
|-damage|p1a: Gholdengo|76/100
|-damage|p1b: Dragonite|4/100
|
|-weather|Snowscape|[upkeep]
|upkeep
|turn|9
|
|t:|1757174974
|move|p1b: Dragonite|Extreme Speed|p2a: Ninetales
|-immune|p2a: Ninetales
|move|p1a: Gholdengo|Shadow Ball|p2a: Ninetales
|-supereffective|p2a: Ninetales
|-damage|p2a: Ninetales|0 fnt
|faint|p2a: Ninetales
|-damage|p1a: Gholdengo|66/100|[from] item: Life Orb
|
|win|Farigi no Raf
