|j|☆legndrygoatedXD69
|j|☆silkyvgc
|html|legndrygoatedXD69silkyvgc    
|uhtml|bestof|Game 2 of a best-of-3
|t:|1785473414
|gametype|doubles
|player|p1|legndrygoatedXD69|169|1098
|player|p2|silkyvgc|fisherman-gen4|1036
|gen|9
|tier|[Gen 9 Champions] VGC 2026 Reg M-B (Bo3)
|rated|
|rule|Species Clause: Limit one of each Pokémon
|rule|Item Clause: Limit 1 of each item
|clearpoke
|poke|p1|Whimsicott, L50, M|
|poke|p1|Pyroar, L50, M|
|poke|p1|Torkoal, L50, M|
|poke|p1|Hydreigon, L50, F, shiny|
|poke|p1|Farigiraf, L50, F|
|poke|p1|Scrafty, L50, M, shiny|
|poke|p2|Rampardos, L50, F|
|poke|p2|Farigiraf, L50, M, shiny|
|poke|p2|Mamoswine, L50, M, shiny|
|poke|p2|Incineroar, L50, M, shiny|
|poke|p2|Tsareena, L50, F, shiny|
|poke|p2|Slowbro, L50, F, shiny|
|teampreview|4
|showteam|p1|Whimsicott||FocusSash|Prankster|Tailwind,Moonblast,SunnyDay,Protect|Timid||M|||50|]Pyroar||Pyroarite|Unnerve|HeatWave,Overheat,SolarBeam,Protect|Timid||M|||50|]Torkoal||HeatRock|Drought|BurningJealousy,Yawn,WeatherBall,Protect|Quiet||M|||50|]Hydreigon||LifeOrb|Levitate|DracoMeteor,DarkPulse,EarthPower,Snarl|Timid||F|||50|]Farigiraf||ColburBerry|ArmorTail|Psychic,Thunderbolt,TrickRoom,Imprison|Modest||F|||50|]Scrafty||Scraftinite|Intimidate|FakeOut,KnockOff,DrainPunch,IcePunch|Adamant||M|||50|
|showteam|p2|Rampardos||LifeOrb|SheerForce|RockSlide,HammerArm,IceBeam,Protect|Brave||F|||50|]Farigiraf||ColburBerry|ArmorTail|TwinBeam,Thunderbolt,TrickRoom,HelpingHand|Relaxed||M|||50|]Mamoswine||FocusSash|ThickFat|IceShard,HighHorsepower,KnockOff,IronHead|Adamant||M|||50|]Incineroar||SitrusBerry|Intimidate|DarkestLariat,FakeOut,PartingShot,FlareBlitz|Impish||M|||50|]Tsareena||IronBall|QueenlyMajesty|SeedBomb,Fling,Acrobatics,Protect|Impish||F|||50|]Slowbro||Slowbronite|Oblivious|SlackOff,TrickRoom,Psychic,Scald|Quiet||F|||50|
|c|☆silkyvgc|glhf!
|
|t:|1785473465
|teamsize|p1|4
|teamsize|p2|4
|start
|switch|p1a: Hydreigon|Hydreigon, L50, F, shiny|100/100
|switch|p1b: Scrafty|Scrafty, L50, M, shiny|100/100
|switch|p2a: Mamoswine|Mamoswine, L50, M, shiny|100/100
|switch|p2b: Incineroar|Incineroar, L50, M, shiny|100/100
|-ability|p2b: Incineroar|Intimidate|boost
|-unboost|p1a: Hydreigon|atk|1
|-unboost|p1b: Scrafty|atk|1
|-ability|p1b: Scrafty|Intimidate|boost
|-unboost|p2a: Mamoswine|atk|1
|-unboost|p2b: Incineroar|atk|1
|turn|1
|
|t:|1785473493
|switch|p1a: Farigiraf|Farigiraf, L50, F|100/100
|switch|p2a: Slowbro|Slowbro, L50, F, shiny|100/100
|detailschange|p1b: Scrafty|Scrafty-Mega, L50, M, shiny
|-mega|p1b: Scrafty|Scrafty|Scraftinite
|-ability|p1b: Scrafty|Intimidate|boost
|-fail|p2a: Slowbro|unboost|Attack|[from] ability: Oblivious|[of] p2a: Slowbro
|-unboost|p2b: Incineroar|atk|1
|move|p2b: Incineroar|Fake Out||[still]
|cant|p1a: Farigiraf|ability: Armor Tail|Fake Out|[of] p2b: Incineroar
|move|p1b: Scrafty|Drain Punch|p2a: Slowbro
|-resisted|p2a: Slowbro|1
|-crit|p2a: Slowbro
|-damage|p2a: Slowbro|78/100
|
|upkeep
|turn|2
|
|t:|1785473528
|detailschange|p2a: Slowbro|Slowbro-Mega, L50, F, shiny
|-mega|p2a: Slowbro|Slowbro|Slowbronite
|move|p1b: Scrafty|Drain Punch|p2b: Incineroar
|-supereffective|p2b: Incineroar|1
|-damage|p2b: Incineroar|49/100
|-enditem|p2b: Incineroar|Sitrus Berry|[eat]
|-heal|p2b: Incineroar|74/100|[from] item: Sitrus Berry
|move|p1a: Farigiraf|Imprison|p1a: Farigiraf
|-start|p1a: Farigiraf|move: Imprison
|move|p2b: Incineroar|Parting Shot|p1b: Scrafty
|-unboost|p1b: Scrafty|atk|1
|-unboost|p1b: Scrafty|spa|1
|
|t:|1785473542
|switch|p2b: Mamoswine|Mamoswine, L50, M, shiny|100/100|[from] Parting Shot
|move|p2a: Slowbro|Scald|p1b: Scrafty
|-damage|p1b: Scrafty|66/100
|
|upkeep
|turn|3
|
|t:|1785473565
|move|p2b: Mamoswine|Ice Shard||[still]
|cant|p1a: Farigiraf|ability: Armor Tail|Ice Shard|[of] p2b: Mamoswine
|move|p1b: Scrafty|Drain Punch|p2b: Mamoswine
|-supereffective|p2b: Mamoswine|1
|-damage|p2b: Mamoswine|44/100
|-heal|p1b: Scrafty|96/100|[from] drain|[of] p2b: Mamoswine
|move|p1a: Farigiraf|Psychic|p2b: Mamoswine
|-damage|p2b: Mamoswine|0 fnt
|faint|p2b: Mamoswine
|move|p2a: Slowbro|Scald|p1b: Scrafty
|-damage|p1b: Scrafty|68/100
|
|upkeep
|
|t:|1785473577
|switch|p2b: Incineroar|Incineroar, L50, M, shiny|74/100
|-ability|p2b: Incineroar|Intimidate|boost
|-unboost|p1a: Farigiraf|atk|1
|-unboost|p1b: Scrafty|atk|1
|turn|4
|
|t:|1785473594
|switch|p1b: Hydreigon|Hydreigon, L50, F, shiny|100/100
|move|p1a: Farigiraf|Thunderbolt|p2a: Slowbro
|-supereffective|p2a: Slowbro|1
|-damage|p2a: Slowbro|26/100
|move|p2b: Incineroar|Parting Shot|p1b: Hydreigon
|-unboost|p1b: Hydreigon|atk|1
|-unboost|p1b: Hydreigon|spa|1
|
|t:|1785473603
|switch|p2b: Rampardos|Rampardos, L50, F|100/100|[from] Parting Shot
|move|p2a: Slowbro|Scald|p1b: Hydreigon
|-resisted|p1b: Hydreigon|1
|-damage|p1b: Hydreigon|79/100
|-status|p1b: Hydreigon|brn
|
|-damage|p1b: Hydreigon|73/100 brn|[from] brn
|upkeep
|turn|5
|
|t:|1785473619
|move|p2b: Rampardos|Protect|p2b: Rampardos
|-singleturn|p2b: Rampardos|Protect
|move|p1b: Hydreigon|Earth Power|p2b: Rampardos
|-activate|p2b: Rampardos|move: Protect
|move|p1a: Farigiraf|Psychic|p2b: Rampardos
|-activate|p2b: Rampardos|move: Protect
|move|p2a: Slowbro|Slack Off|p2a: Slowbro
|-heal|p2a: Slowbro|76/100
|
|-damage|p1b: Hydreigon|68/100 brn|[from] brn
|upkeep
|turn|6
|
|t:|1785473646
|move|p1b: Hydreigon|Earth Power|p2b: Rampardos
|-supereffective|p2b: Rampardos|1
|-damage|p2b: Rampardos|17/100
|-damage|p1b: Hydreigon|58/100 brn|[from] item: Life Orb
|move|p1a: Farigiraf|Psychic|p2b: Rampardos
|-damage|p2b: Rampardos|0 fnt
|faint|p2b: Rampardos
|move|p2a: Slowbro|Scald|p1b: Hydreigon
|-resisted|p1b: Hydreigon|1
|-damage|p1b: Hydreigon|39/100 brn
|
|-damage|p1b: Hydreigon|33/100 brn|[from] brn
|upkeep
|
|t:|1785473658
|switch|p2b: Incineroar|Incineroar, L50, M, shiny|74/100
|-ability|p2b: Incineroar|Intimidate|boost
|-unboost|p1a: Farigiraf|atk|1
|-unboost|p1b: Hydreigon|atk|1
|turn|7
|
|t:|1785473673
|move|p1b: Hydreigon|Dark Pulse|p2a: Slowbro
|-supereffective|p2a: Slowbro|1
|-damage|p2a: Slowbro|2/100
|-damage|p1b: Hydreigon|23/100 brn|[from] item: Life Orb
|move|p1a: Farigiraf|Thunderbolt|p2a: Slowbro
|-supereffective|p2a: Slowbro|1
|-damage|p2a: Slowbro|0 fnt
|faint|p2a: Slowbro
|move|p2b: Incineroar|Darkest Lariat|p1a: Farigiraf
|-supereffective|p1a: Farigiraf|1
|-enditem|p1a: Farigiraf|Colbur Berry|[eat]
|-enditem|p1a: Farigiraf|Colbur Berry|[weaken]
|-damage|p1a: Farigiraf|65/100
|
|-damage|p1b: Hydreigon|17/100 brn|[from] brn
|upkeep
|turn|8
|inactive|Battle timer is ON: inactive players will automatically lose when time's up. (requested by legndrygoatedXD69)
|
|t:|1785473687
|switch|p1b: Scrafty|Scrafty-Mega, L50, M, shiny|68/100
|-ability|p1b: Scrafty|Intimidate|boost
|-unboost|p2b: Incineroar|atk|1
|move|p1a: Farigiraf|Thunderbolt|p2b: Incineroar
|-damage|p2b: Incineroar|48/100
|move|p2b: Incineroar|Darkest Lariat|p1a: Farigiraf
|-supereffective|p1a: Farigiraf|1
|-damage|p1a: Farigiraf|16/100
|
|upkeep
|turn|9
|
|t:|1785473700
|move|p1b: Scrafty|Fake Out|p2b: Incineroar
|-damage|p2b: Incineroar|34/100
|move|p1a: Farigiraf|Thunderbolt|p2b: Incineroar
|-damage|p2b: Incineroar|6/100
|cant|p2b: Incineroar|flinch
|
|upkeep
|turn|10
|c|☆silkyvgc|ggvwp
|
|t:|1785473708
|move|p1b: Scrafty|Knock Off|p2b: Incineroar
|-resisted|p2b: Incineroar|1
|-damage|p2b: Incineroar|0 fnt
|faint|p2b: Incineroar
|
|win|legndrygoatedXD69
|raw|legndrygoatedXD69's rating: 1098 → 1119(+21 for winning)
|raw|silkyvgc's rating: 1036 → 1023(-13 for losing)
|l|☆legndrygoatedXD69
|player|p1|
