|j|☆birds over plates
|j|☆Il Mule
|html|birds over platesIl Mule    
|uhtml|bestof|Game 3 of a best-of-3
|t:|1755507994
|gametype|doubles
|player|p1|birds over plates|101|1135
|player|p2|Il Mule|salvatore|1182
|gen|9
|tier|[Gen 9] VGC 2025 Reg H (Bo3)
|rated|
|rule|Species Clause: Limit one of each Pokémon
|rule|Item Clause: Limit 1 of each item
|clearpoke
|poke|p1|Vivillon-Pokeball, L50, F|
|poke|p1|Kingambit, L50, F|
|poke|p1|Garchomp, L50, F|
|poke|p1|Primarina, L50, M|
|poke|p1|Talonflame, L50, M|
|poke|p1|Archaludon, L50, M|
|poke|p2|Corviknight, L50, M|
|poke|p2|Garchomp, L50, M|
|poke|p2|Tyranitar, L50, M|
|poke|p2|Gholdengo, L50|
|poke|p2|Sneasler, L50, M|
|poke|p2|Incineroar, L50, M|
|teampreview|4
|showteam|p1|Vivillon-Pokeball||FocusSash|CompoundEyes|Hurricane,SleepPowder,RagePowder,Protect|||F|||50|,,,,,Ghost]Kingambit||AssaultVest|Defiant|Assurance,SuckerPunch,TeraBlast,LowKick|||F|||50|,,,,,Flying]Garchomp||LifeOrb|RoughSkin|Earthquake,StompingTantrum,DragonClaw,Protect|||F|||50|,,,,,Steel]Primarina||MysticWater|LiquidVoice|HyperVoice,Moonblast,Haze,Protect|||M|||50|,,,,,Poison]Talonflame||CovertCloak|GaleWings|BraveBird,WillOWisp,Taunt,Tailwind|||M|||50|,,,,,Ghost]Archaludon||PowerHerb|Sturdy|FlashCannon,DracoMeteor,ElectroShot,Protect|||M|||50|,,,,,Stellar
|showteam|p2|Corviknight||CovertCloak|MirrorArmor|BraveBird,Taunt,Roost,Tailwind|||M|||50|,,,,,Fire]Garchomp||ClearAmulet|RoughSkin|Earthquake,DragonClaw,StompingTantrum,Protect|||M|||50|,,,,,Ground]Tyranitar||AssaultVest|SandStream|RockSlide,KnockOff,TeraBlast,LowKick|||M|||50|,,,,,Flying]Gholdengo||LifeOrb|GoodasGold|MakeItRain,ShadowBall,NastyPlot,Protect||||||50|,,,,,Water]Sneasler||WhiteHerb|Unburden|DireClaw,CloseCombat,Coaching,Protect|||M|||50|,,,,,Ghost]Incineroar||SitrusBerry|Intimidate|FlareBlitz,WillOWisp,PartingShot,FakeOut|||M|||50|,,,,,Grass
|
|t:|1755508028
|teamsize|p1|4
|teamsize|p2|4
|start
|switch|p1a: Vivillon|Vivillon-Pokeball, L50, F|100/100
|switch|p1b: Kingambit|Kingambit, L50, F|100/100
|switch|p2a: Tyranitar|Tyranitar, L50, M|100/100
|switch|p2b: Incineroar|Incineroar, L50, M|100/100
|-weather|Sandstorm|[from] ability: Sand Stream|[of] p2a: Tyranitar
|-ability|p2b: Incineroar|Intimidate|boost
|-unboost|p1a: Vivillon|atk|1
|-unboost|p1b: Kingambit|atk|1
|-ability|p1b: Kingambit|Defiant|boost
|-boost|p1b: Kingambit|atk|2
|turn|1
|
|t:|1755508052
|-terastallize|p1a: Vivillon|Ghost
|move|p2b: Incineroar|Fake Out|p1b: Kingambit
|-resisted|p1b: Kingambit
|-damage|p1b: Kingambit|96/100
|move|p1a: Vivillon|Sleep Powder|p2a: Tyranitar
|-status|p2a: Tyranitar|slp|[from] move: Sleep Powder
|cant|p2a: Tyranitar|slp
|cant|p1b: Kingambit|flinch
|
|-weather|Sandstorm|[upkeep]
|-damage|p1a: Vivillon|95/100|[from] Sandstorm
|-damage|p2b: Incineroar|94/100|[from] Sandstorm
|upkeep
|turn|2
|
|t:|1755508067
|-terastallize|p2a: Tyranitar|Flying
|move|p1a: Vivillon|Sleep Powder|p2b: Incineroar
|-status|p2b: Incineroar|slp|[from] move: Sleep Powder
|cant|p2a: Tyranitar|slp
|cant|p2b: Incineroar|slp
|move|p1b: Kingambit|Low Kick|p2a: Tyranitar
|-resisted|p2a: Tyranitar
|-crit|p2a: Tyranitar
|-damage|p2a: Tyranitar|57/100 slp
|
|-weather|Sandstorm|[upkeep]
|-damage|p1a: Vivillon|89/100|[from] Sandstorm
|-damage|p2a: Tyranitar|51/100 slp|[from] Sandstorm
|-damage|p2b: Incineroar|88/100 slp|[from] Sandstorm
|upkeep
|turn|3
|
|t:|1755508082
|switch|p2a: Sneasler|Sneasler, L50, M|100/100
|move|p1b: Kingambit|Sucker Punch||[still]
|-fail|p1b: Kingambit
|move|p1a: Vivillon|Hurricane|p2b: Incineroar
|-damage|p2b: Incineroar|55/100 slp
|cant|p2b: Incineroar|slp
|
|-weather|Sandstorm|[upkeep]
|-damage|p2a: Sneasler|95/100|[from] Sandstorm
|-damage|p1a: Vivillon|83/100|[from] Sandstorm
|-damage|p2b: Incineroar|49/100 slp|[from] Sandstorm
|-enditem|p2b: Incineroar|Sitrus Berry|[eat]
|-heal|p2b: Incineroar|74/100 slp|[from] item: Sitrus Berry
|upkeep
|turn|4
|
|t:|1755508110
|move|p1a: Vivillon|Rage Powder|p1a: Vivillon
|-singleturn|p1a: Vivillon|move: Rage Powder
|move|p2a: Sneasler|Coaching|p2b: Incineroar
|-boost|p2b: Incineroar|atk|1
|-boost|p2b: Incineroar|def|1
|-curestatus|p2b: Incineroar|slp|[msg]
|move|p2b: Incineroar|Flare Blitz|p1a: Vivillon
|-damage|p1a: Vivillon|0 fnt
|faint|p1a: Vivillon
|-damage|p2b: Incineroar|53/100|[from] Recoil
|move|p1b: Kingambit|Assurance|p2a: Sneasler
|-resisted|p2a: Sneasler
|-damage|p2a: Sneasler|54/100
|
|-weather|Sandstorm|[upkeep]
|-damage|p2a: Sneasler|48/100|[from] Sandstorm
|-damage|p2b: Incineroar|47/100|[from] Sandstorm
|upkeep
|
|t:|1755508114
|switch|p1a: Talonflame|Talonflame, L50, M|100/100
|turn|5
|
|t:|1755508141
|move|p2a: Sneasler|Protect|p2a: Sneasler
|-singleturn|p2a: Sneasler|Protect
|move|p1a: Talonflame|Brave Bird|p2b: Incineroar
|-damage|p2b: Incineroar|24/100
|-damage|p1a: Talonflame|92/100|[from] Recoil
|move|p1b: Kingambit|Sucker Punch||[still]
|-fail|p1b: Kingambit
|move|p2b: Incineroar|Will-O-Wisp|p1b: Kingambit
|-status|p1b: Kingambit|brn
|
|-weather|none
|-damage|p1b: Kingambit|90/100 brn|[from] brn
|upkeep
|turn|6
|
|t:|1755508166
|switch|p2a: Tyranitar|Tyranitar, L50, M, tera:Flying|51/100 slp
|-weather|Sandstorm|[from] ability: Sand Stream|[of] p2a: Tyranitar
|switch|p1b: Archaludon|Archaludon, L50, M|100/100
|move|p1a: Talonflame|Brave Bird|p2a: Tyranitar
|-damage|p2a: Tyranitar|17/100 slp
|-damage|p1a: Talonflame|80/100|[from] Recoil
|move|p2b: Incineroar|Parting Shot|p1a: Talonflame
|-unboost|p1a: Talonflame|atk|1
|-unboost|p1a: Talonflame|spa|1
|
|t:|1755508177
|switch|p2b: Garchomp|Garchomp, L50, M|100/100|[from] Parting Shot
|
|-weather|Sandstorm|[upkeep]
|-damage|p1a: Talonflame|74/100|[from] Sandstorm
|-damage|p2a: Tyranitar|11/100 slp|[from] Sandstorm
|upkeep
|turn|7
|
|t:|1755508198
|move|p2b: Garchomp|Protect|p2b: Garchomp
|-singleturn|p2b: Garchomp|Protect
|move|p1a: Talonflame|Will-O-Wisp|p2b: Garchomp
|-activate|p2b: Garchomp|move: Protect
|move|p1b: Archaludon|Electro Shot||[still]
|-prepare|p1b: Archaludon|Electro Shot
|-boost|p1b: Archaludon|spa|1
|-enditem|p1b: Archaludon|Power Herb
|-anim|p1b: Archaludon|Electro Shot|p2a: Tyranitar
|-supereffective|p2a: Tyranitar
|-damage|p2a: Tyranitar|0 fnt
|faint|p2a: Tyranitar
|
|-weather|Sandstorm|[upkeep]
|-damage|p1a: Talonflame|68/100|[from] Sandstorm
|upkeep
|
|t:|1755508210
|switch|p2a: Incineroar|Incineroar, L50, M|24/100
|-ability|p2a: Incineroar|Intimidate|boost
|-unboost|p1a: Talonflame|atk|1
|-unboost|p1b: Archaludon|atk|1
|turn|8
|
|t:|1755508224
|move|p1b: Archaludon|Protect|p1b: Archaludon
|-singleturn|p1b: Archaludon|Protect
|move|p1a: Talonflame|Tailwind|p1a: Talonflame
|-sidestart|p1: birds over plates|move: Tailwind
|move|p2b: Garchomp|Dragon Claw|p1a: Talonflame
|-crit|p1a: Talonflame
|-damage|p1a: Talonflame|0 fnt
|faint|p1a: Talonflame
|move|p2a: Incineroar|Flare Blitz|p1b: Archaludon
|-activate|p1b: Archaludon|move: Protect
|
|-weather|Sandstorm|[upkeep]
|-damage|p2a: Incineroar|18/100|[from] Sandstorm
|upkeep
|
|t:|1755508228
|switch|p1a: Kingambit|Kingambit, L50, F|90/100 brn
|turn|9
|
|t:|1755508267
|move|p2b: Garchomp|Protect|p2b: Garchomp
|-singleturn|p2b: Garchomp|Protect
|move|p1b: Archaludon|Draco Meteor|p2b: Garchomp
|-activate|p2b: Garchomp|move: Protect
|move|p1a: Kingambit|Low Kick|p2a: Incineroar
|-supereffective|p2a: Incineroar
|-damage|p2a: Incineroar|0 fnt
|faint|p2a: Incineroar
|
|-weather|Sandstorm|[upkeep]
|-damage|p1a: Kingambit|85/100 brn|[from] brn
|upkeep
|
|t:|1755508276
|switch|p2a: Sneasler|Sneasler, L50, M|48/100
|turn|10
|
|t:|1755508290
|move|p1a: Kingambit|Sucker Punch|p2a: Sneasler
|-resisted|p2a: Sneasler
|-damage|p2a: Sneasler|34/100
|move|p1b: Archaludon|Draco Meteor|p2b: Garchomp
|-supereffective|p2b: Garchomp
|-damage|p2b: Garchomp|0 fnt
|-unboost|p1b: Archaludon|spa|2
|faint|p2b: Garchomp
|move|p2a: Sneasler|Close Combat|p1a: Kingambit
|-supereffective|p1a: Kingambit
|-damage|p1a: Kingambit|0 fnt
|-unboost|p2a: Sneasler|def|1
|-unboost|p2a: Sneasler|spd|1
|faint|p1a: Kingambit
|-enditem|p2a: Sneasler|White Herb
|-clearnegativeboost|p2a: Sneasler|[silent]
|
|-weather|none
|upkeep
|turn|11
|
|t:|1755508301
|move|p2a: Sneasler|Close Combat|p1b: Archaludon
|-supereffective|p1b: Archaludon
|-ability|p1b: Archaludon|Sturdy
|-damage|p1b: Archaludon|1/100
|-unboost|p2a: Sneasler|def|1
|-unboost|p2a: Sneasler|spd|1
|move|p1b: Archaludon|Flash Cannon|p2a: Sneasler
|-crit|p2a: Sneasler
|-damage|p2a: Sneasler|0 fnt
|faint|p2a: Sneasler
|
|win|birds over plates
|raw|birds over plates's rating: 1135 → 1163(+28 for winning)
|raw|Il Mule's rating: 1182 → 1154(-28 for losing)
|l|☆Il Mule
|player|p2|
