|j|☆tyho45
|j|☆Refanner
|html|tyho45Refanner    
|uhtml|bestof|Game 3 of a best-of-3
|t:|1782744181
|gametype|doubles
|player|p1|tyho45|n|1147
|player|p2|Refanner|102|1147
|gen|9
|tier|[Gen 9 Champions] VGC 2026 Reg M-B (Bo3)
|rated|
|rule|Species Clause: Limit one of each Pokémon
|rule|Item Clause: Limit 1 of each item
|clearpoke
|poke|p1|Araquanid, L50, F|
|poke|p1|Staraptor, L50, M, shiny|
|poke|p1|Farigiraf, L50, M, shiny|
|poke|p1|Vileplume, L50, M|
|poke|p1|Torkoal, L50, F, shiny|
|poke|p1|Mawile, L50, F, shiny|
|poke|p2|Staraptor, L50, F|
|poke|p2|Grimmsnarl, L50, M|
|poke|p2|Incineroar, L50, F|
|poke|p2|Sinistcha, L50|
|poke|p2|Metagross, L50|
|poke|p2|Milotic, L50, M|
|teampreview|4
|showteam|p1|Araquanid||MysticWater|WaterBubble|LeechLife,Liquidation,WideGuard,Protect|Adamant||F|||50|]Staraptor||ChoiceScarf|Intimidate|Uturn,FinalGambit,CloseCombat,BraveBird|Jolly||M|||50|]Farigiraf||SitrusBerry|ArmorTail|TrickRoom,Psychic,Thunderbolt,Protect|Modest||M|||50|]Vileplume||FocusSash|Chlorophyll|SolarBeam,AfterYou,SleepPowder,Protect|Timid||M|||50|]Torkoal||Charcoal|Drought|Protect,Eruption,WeatherBall,EarthPower|Modest||F|||50|]Mawile||Mawilite|Intimidate|IronHead,Protect,PlayRough,SuckerPunch|Impish||F|||50|
|showteam|p2|Staraptor||Staraptite|Intimidate|CloseCombat,BraveBird,Roost,Protect|Adamant||F|||50|]Grimmsnarl||RoseliBerry|Prankster|FoulPlay,ScaryFace,FakeOut,PartingShot|Careful||M|||50|]Incineroar||SitrusBerry|Intimidate|FlareBlitz,ThroatChop,PartingShot,FakeOut|Careful||F|||50|]Sinistcha||KasibBerry|Hospitality|MatchaGotcha,RagePowder,TrickRoom,Protect|Bold|||||50|]Metagross||Metagrossite|ClearBody|IronHead,PsychicFangs,StompingTantrum,Protect|Jolly|||||50|]Milotic||WideLens|Competitive|MuddyWater,Coil,Hypnosis,LifeDew|Calm||M|||50|
|
|t:|1782744240
|teamsize|p1|4
|teamsize|p2|4
|start
|switch|p1a: Torkoal|Torkoal, L50, F, shiny|100/100
|switch|p1b: Farigiraf|Farigiraf, L50, M, shiny|100/100
|switch|p2a: Incineroar|Incineroar, L50, F|100/100
|switch|p2b: Milotic|Milotic, L50, M|100/100
|-ability|p2a: Incineroar|Intimidate|boost
|-unboost|p1a: Torkoal|atk|1
|-unboost|p1b: Farigiraf|atk|1
|-weather|SunnyDay|[from] ability: Drought|[of] p1a: Torkoal
|turn|1
|
|t:|1782744257
|move|p2b: Milotic|Coil|p2b: Milotic
|-boost|p2b: Milotic|atk|1
|-boost|p2b: Milotic|def|1
|-boost|p2b: Milotic|accuracy|1
|move|p2a: Incineroar|Parting Shot|p1a: Torkoal
|-unboost|p1a: Torkoal|atk|1
|-unboost|p1a: Torkoal|spa|1
|inactive|Battle timer is ON: inactive players will automatically lose when time's up. (requested by tyho45)
|
|t:|1782744263
|switch|p2a: Grimmsnarl|Grimmsnarl, L50, M|100/100|[from] Parting Shot
|move|p1a: Torkoal|Earth Power|p2a: Grimmsnarl
|-damage|p2a: Grimmsnarl|82/100
|move|p1b: Farigiraf|Trick Room|p1b: Farigiraf
|-fieldstart|move: Trick Room|[of] p1b: Farigiraf
|
|-weather|SunnyDay|[upkeep]
|upkeep
|turn|2
|
|t:|1782744287
|move|p1b: Farigiraf|Protect|p1b: Farigiraf
|-singleturn|p1b: Farigiraf|Protect
|move|p1a: Torkoal|Eruption|p2a: Grimmsnarl|[spread] p2a,p2b
|-resisted|p2b: Milotic|1
|-damage|p2a: Grimmsnarl|31/100
|-damage|p2b: Milotic|80/100
|move|p2a: Grimmsnarl|Foul Play|p1b: Farigiraf
|-activate|p1b: Farigiraf|move: Protect
|move|p2b: Milotic|Hypnosis|p1a: Torkoal
|-status|p1a: Torkoal|slp|[from] move: Hypnosis
|
|-weather|SunnyDay|[upkeep]
|upkeep
|turn|3
|inactive|tyho45 has 30 seconds left.
|inactive|Refanner has 30 seconds left.
|
|t:|1782744315
|switch|p2a: Incineroar|Incineroar, L50, F|100/100
|-ability|p2a: Incineroar|Intimidate|boost
|-unboost|p1a: Torkoal|atk|1
|-unboost|p1b: Farigiraf|atk|1
|cant|p1a: Torkoal|slp
|move|p1b: Farigiraf|Thunderbolt|p2b: Milotic
|-supereffective|p2b: Milotic|1
|-crit|p2b: Milotic
|-damage|p2b: Milotic|24/100
|move|p2b: Milotic|Hypnosis|p1b: Farigiraf
|-status|p1b: Farigiraf|slp|[from] move: Hypnosis
|
|-weather|SunnyDay|[upkeep]
|upkeep
|turn|4
|
|t:|1782744337
|cant|p1a: Torkoal|slp
|move|p2a: Incineroar|Throat Chop|p1a: Torkoal
|-damage|p1a: Torkoal|74/100 slp
|-start|p1a: Torkoal|Throat Chop|[silent]
|cant|p1b: Farigiraf|slp
|move|p2b: Milotic|Life Dew||[still]|[spread] p2a,p2b
|-fail|p2a: Incineroar|heal
|-heal|p2b: Milotic|50/100y
|
|-weather|SunnyDay|[upkeep]
|upkeep
|turn|5
|inactive|Refanner has 30 seconds left.
|
|t:|1782744368
|-curestatus|p1a: Torkoal|slp|[msg]
|move|p1a: Torkoal|Earth Power|p2b: Milotic
|-damage|p2b: Milotic|37/100
|-curestatus|p1b: Farigiraf|slp|[msg]
|move|p1b: Farigiraf|Thunderbolt|p2b: Milotic
|-supereffective|p2b: Milotic|1
|-damage|p2b: Milotic|2/100
|move|p2a: Incineroar|Parting Shot|p1b: Farigiraf
|-unboost|p1b: Farigiraf|atk|1
|-unboost|p1b: Farigiraf|spa|1
|
|t:|1782744382
|switch|p2a: Metagross|Metagross, L50|100/100|[from] Parting Shot
|move|p2b: Milotic|Life Dew||[still]|[spread] p2a,p2b
|-fail|p2a: Metagross|heal
|-heal|p2b: Milotic|28/100
|
|-weather|none
|-end|p1a: Torkoal|Throat Chop|[silent]
|-fieldend|move: Trick Room
|upkeep
|turn|6
|inactive|Refanner has 30 seconds left.
|
|t:|1782744412
|detailschange|p2a: Metagross|Metagross-Mega, L50
|-mega|p2a: Metagross|Metagross|Metagrossite
|move|p2a: Metagross|Stomping Tantrum|p1a: Torkoal
|-supereffective|p1a: Torkoal|1
|-damage|p1a: Torkoal|25/100
|move|p2b: Milotic|Hypnosis|p1b: Farigiraf
|-status|p1b: Farigiraf|slp|[from] move: Hypnosis
|cant|p1b: Farigiraf|slp
|move|p1a: Torkoal|Eruption|p2a: Metagross|[spread] p2a,p2b
|-supereffective|p2a: Metagross|1
|-resisted|p2b: Milotic|1
|-damage|p2a: Metagross|77/100
|-damage|p2b: Milotic|24/100
|
|upkeep
|turn|7
|
|t:|1782744428
|move|p2a: Metagross|Stomping Tantrum|p1a: Torkoal
|-supereffective|p1a: Torkoal|1
|-damage|p1a: Torkoal|0 fnt
|faint|p1a: Torkoal
|move|p2b: Milotic|Life Dew|p2b: Milotic|[spread] p2a,p2b
|-heal|p2a: Metagross|100/100
|-heal|p2b: Milotic|50/100y
|cant|p1b: Farigiraf|slp
|
|upkeep
|
|t:|1782744436
|switch|p1a: Vileplume|Vileplume, L50, M|100/100
|turn|8
|
|t:|1782744445
|move|p2a: Metagross|Psychic Fangs|p1a: Vileplume
|-supereffective|p1a: Vileplume|1
|-enditem|p1a: Vileplume|Focus Sash
|-damage|p1a: Vileplume|1/100
|move|p1a: Vileplume|Sleep Powder|p2b: Milotic
|-status|p2b: Milotic|slp|[from] move: Sleep Powder
|cant|p2b: Milotic|slp
|-curestatus|p1b: Farigiraf|slp|[msg]
|move|p1b: Farigiraf|Thunderbolt|p2b: Milotic
|-supereffective|p2b: Milotic|1
|-damage|p2b: Milotic|25/100 slp
|
|upkeep
|turn|9
|
|t:|1782744469
|move|p2a: Metagross|Iron Head|p1b: Farigiraf
|-damage|p1b: Farigiraf|52/100
|move|p1a: Vileplume|Sleep Powder|p2a: Metagross|[miss]
|-miss|p1a: Vileplume|p2a: Metagross
|cant|p2b: Milotic|slp
|move|p1b: Farigiraf|Thunderbolt|p2b: Milotic
|-supereffective|p2b: Milotic|1
|-damage|p2b: Milotic|0 fnt
|faint|p2b: Milotic
|
|upkeep
|
|t:|1782744483
|switch|p2b: Incineroar|Incineroar, L50, F|100/100
|-ability|p2b: Incineroar|Intimidate|boost
|-unboost|p1a: Vileplume|atk|1
|-unboost|p1b: Farigiraf|atk|1
|turn|10
|inactive|tyho45 has 30 seconds left.
|inactive|tyho45 has 20 seconds left.
|inactive|tyho45 has 15 seconds left.
|
|t:|1782744524
|switch|p1a: Mawile|Mawile, L50, F, shiny|100/100
|-ability|p1a: Mawile|Intimidate|boost
|-unboost|p2a: Metagross|atk|1
|-unboost|p2b: Incineroar|atk|1
|move|p2b: Incineroar|Fake Out||[still]
|cant|p1b: Farigiraf|ability: Armor Tail|Fake Out|[of] p2b: Incineroar
|move|p2a: Metagross|Iron Head|p1b: Farigiraf
|-damage|p1b: Farigiraf|17/100
|-enditem|p1b: Farigiraf|Sitrus Berry|[eat]
|-heal|p1b: Farigiraf|41/100|[from] item: Sitrus Berry
|move|p1b: Farigiraf|Trick Room|p1b: Farigiraf
|-fieldstart|move: Trick Room|[of] p1b: Farigiraf
|
|upkeep
|turn|11
|inactive|tyho45 has 30 seconds left.
|inactive|tyho45 has 20 seconds left.
|
|t:|1782744563
|detailschange|p1a: Mawile|Mawile-Mega, L50, F, shiny
|-mega|p1a: Mawile|Mawile|Mawilite
|move|p1a: Mawile|Sucker Punch|p2a: Metagross
|-supereffective|p2a: Metagross|1
|-damage|p2a: Metagross|46/100
|move|p1b: Farigiraf|Thunderbolt|p2b: Incineroar
|-damage|p2b: Incineroar|85/100
|move|p2b: Incineroar|Flare Blitz|p1a: Mawile
|-supereffective|p1a: Mawile|1
|-damage|p1a: Mawile|54/100
|-damage|p2b: Incineroar|73/100|[from] Recoil
|move|p2a: Metagross|Stomping Tantrum|p1a: Mawile
|-supereffective|p1a: Mawile|1
|-damage|p1a: Mawile|21/100
|
|upkeep
|turn|12
|
|t:|1782744586
|switch|p2a: Grimmsnarl|Grimmsnarl, L50, M|31/100
|move|p1a: Mawile|Play Rough|p2b: Incineroar
|-damage|p2b: Incineroar|15/100
|-enditem|p2b: Incineroar|Sitrus Berry|[eat]
|-heal|p2b: Incineroar|40/100|[from] item: Sitrus Berry
|move|p1b: Farigiraf|Thunderbolt|p2b: Incineroar
|-damage|p2b: Incineroar|27/100
|-status|p2b: Incineroar|par
|move|p2b: Incineroar|Throat Chop|p1b: Farigiraf
|-supereffective|p1b: Farigiraf|1
|-damage|p1b: Farigiraf|1/100
|-start|p1b: Farigiraf|Throat Chop|[silent]
|
|upkeep
|turn|13
|inactive|tyho45 has 30 seconds left.
|inactive|Refanner has 30 seconds left.
|
|t:|1782744615
|move|p1a: Mawile|Sucker Punch|p2b: Incineroar
|-resisted|p2b: Incineroar|1
|-damage|p2b: Incineroar|13/100 par
|move|p2b: Incineroar|Flare Blitz|p1a: Mawile
|-supereffective|p1a: Mawile|1
|-damage|p1a: Mawile|0 fnt
|faint|p1a: Mawile
|-damage|p2b: Incineroar|8/100 par|[from] Recoil
|move|p1b: Farigiraf|Thunderbolt|p2a: Grimmsnarl
|-damage|p2a: Grimmsnarl|14/100
|-status|p2a: Grimmsnarl|par
|move|p2a: Grimmsnarl|Foul Play|p1b: Farigiraf
|-supereffective|p1b: Farigiraf|1
|-damage|p1b: Farigiraf|0 fnt
|faint|p1b: Farigiraf
|
|upkeep
|-message|tyho45 forfeited.
|
|win|Refanner
|raw|tyho45's rating: 1147 → 1122(-25 for losing)
|raw|Refanner's rating: 1147 → 1172(+25 for winning)
|l|☆tyho45
|player|p1|
