|j|☆James Murphy
|j|☆Zero_BlazeVGC
|html|James MurphyZero_BlazeVGC    
|uhtml|bestof|Game 3 of a best-of-3
|t:|1756235124
|gametype|doubles
|player|p1|James Murphy|101|
|player|p2|Zero_BlazeVGC|flint|
|gen|9
|tier|[Gen 9] VGC 2025 Reg H (Bo3)
|rule|Species Clause: Limit one of each Pokémon
|rule|Item Clause: Limit 1 of each item
|clearpoke
|poke|p1|Archaludon, L50, F|
|poke|p1|Dragonite, L50, M|
|poke|p1|Ursaluna, L50, F|
|poke|p1|Pelipper, L50, F|
|poke|p1|Sinistcha, L50|
|poke|p1|Incineroar, L50, F|
|poke|p2|Rillaboom, L50, M|
|poke|p2|Dragonite, L50, F|
|poke|p2|Sneasler, L50, M|
|poke|p2|Ninetales-Alola, L50, M|
|poke|p2|Kingambit, L50, M|
|poke|p2|Magmar, L50, F|
|teampreview|4
|showteam|p1|Archaludon||AssaultVest|Stamina|ElectroShot,DragonPulse,BodyPress,FlashCannon|||F|||50|,,,,,Bug]Dragonite||LoadedDice|Multiscale|ScaleShot,Tailwind,Haze,Protect|||M|||50|,,,,,Fairy]Ursaluna||FlameOrb|Guts|Earthquake,Facade,HeadlongRush,Protect|||F|||50|,,,,,Fairy]Pelipper||FocusSash|Drizzle|MuddyWater,Hurricane,Tailwind,Protect|||F|||50|,,,,,Ground]Sinistcha||SitrusBerry|Hospitality|MatchaGotcha,RagePowder,TrickRoom,LifeDew||||||50|,,,,,Dark]Incineroar||SafetyGoggles|Intimidate|FakeOut,FlareBlitz,KnockOff,PartingShot|||F|||50|,,,,,Ghost
|showteam|p2|Rillaboom||AssaultVest|GrassySurge|WoodHammer,GrassyGlide,HighHorsepower,FakeOut|||M|||50|,,,,,Fire]Dragonite||LoadedDice|Multiscale|Protect,ScaleShot,LowKick,Haze|||F|||50|,,,,,Fairy]Sneasler||WhiteHerb|Unburden|Protect,DireClaw,CloseCombat,Coaching|||M|||50|,,,,,Ghost]Ninetales-Alola||ChoiceSpecs|SnowWarning|Blizzard,IcyWind,Moonblast,FreezeDry|||M|||50|,,,,,Ghost]Kingambit||SafetyGoggles|Defiant|Protect,KowtowCleave,SuckerPunch,SwordsDance|||M|||50|,,,,,Dark]Magmar||Eviolite|VitalSpirit|Protect,FollowMe,Overheat,WillOWisp|||F|||50|,,,,,Dragon
|inactive|Battle timer is ON: inactive players will automatically lose when time's up. (requested by Zero_BlazeVGC)
|j| Illumina_ProfTiPl
|inactive|James Murphy has 60 seconds left.
|inactive|Zero_BlazeVGC has 60 seconds left.
|
|t:|1756235177
|teamsize|p1|4
|teamsize|p2|4
|start
|switch|p1a: Dragonite|Dragonite, L50, M|100/100
|switch|p1b: Ursaluna|Ursaluna, L50, F|100/100
|switch|p2a: Monke|Rillaboom, L50, M, shiny|100/100
|switch|p2b: Noah's BFF|Sneasler, L50, M, shiny|100/100
|-fieldstart|move: Grassy Terrain|[from] ability: Grassy Surge|[of] p2a: Monke
|turn|1
|inactive|Zero_BlazeVGC has 30 seconds left.
|
|t:|1756235204
|move|p1a: Dragonite|Protect|p1a: Dragonite
|-singleturn|p1a: Dragonite|Protect
|move|p1b: Ursaluna|Protect|p1b: Ursaluna
|-singleturn|p1b: Ursaluna|Protect
|move|p2a: Monke|Fake Out|p1a: Dragonite
|-activate|p1a: Dragonite|move: Protect
|move|p2b: Noah's BFF|Coaching|p2a: Monke
|-boost|p2a: Monke|atk|1
|-boost|p2a: Monke|def|1
|
|-status|p1b: Ursaluna|brn|[from] item: Flame Orb
|upkeep
|turn|2
|inactive|James Murphy has 30 seconds left.
|inactive|Zero_BlazeVGC has 30 seconds left.
|inactive|James Murphy has 20 seconds left.
|inactive|James Murphy has 15 seconds left.
|inactive|James Murphy has 10 seconds left.
|inactive|Zero_BlazeVGC has 20 seconds left.
|inactive|Zero_BlazeVGC has 15 seconds left.
|
|t:|1756235254
|-terastallize|p1b: Ursaluna|Fairy
|move|p2b: Noah's BFF|Dire Claw|p1a: Dragonite
|-damage|p1a: Dragonite|81/100
|-status|p1a: Dragonite|slp
|cant|p1a: Dragonite|slp
|move|p2a: Monke|Wood Hammer|p1b: Ursaluna
|-damage|p1b: Ursaluna|18/100 brn
|-damage|p2a: Monke|72/100|[from] Recoil
|move|p1b: Ursaluna|Facade|p2a: Monke
|-damage|p2a: Monke|0 fnt
|faint|p2a: Monke
|
|-heal|p1b: Ursaluna|24/100 brn|[from] Grassy Terrain
|-damage|p1b: Ursaluna|18/100 brn|[from] brn
|upkeep
|
|t:|1756235269
|switch|p2a: 90% = 50%|Dragonite, L50, F, shiny|100/100
|turn|3
|inactive|James Murphy has 30 seconds left.
|inactive|Zero_BlazeVGC has 30 seconds left.
|inactive|James Murphy has 20 seconds left.
|inactive|James Murphy has 15 seconds left.
|inactive|James Murphy has 10 seconds left.
|
|t:|1756235317
|-terastallize|p2a: 90% = 50%|Fairy
|move|p1b: Ursaluna|Protect|p1b: Ursaluna
|-singleturn|p1b: Ursaluna|Protect
|move|p2b: Noah's BFF|Close Combat|p1b: Ursaluna
|-activate|p1b: Ursaluna|move: Protect
|-curestatus|p1a: Dragonite|slp|[msg]
|move|p1a: Dragonite|Scale Shot|p2a: 90% = 50%
|-immune|p2a: 90% = 50%
|move|p2a: 90% = 50%|Scale Shot|p1a: Dragonite
|-supereffective|p1a: Dragonite
|-damage|p1a: Dragonite|45/100
|-supereffective|p1a: Dragonite
|-damage|p1a: Dragonite|9/100
|-supereffective|p1a: Dragonite
|-damage|p1a: Dragonite|0 fnt
|faint|p1a: Dragonite
|-hitcount|p1: Dragonite|3
|-unboost|p2a: 90% = 50%|def|1
|-boost|p2a: 90% = 50%|spe|1
|
|-heal|p1b: Ursaluna|24/100 brn|[from] Grassy Terrain
|-damage|p1b: Ursaluna|18/100 brn|[from] brn
|upkeep
|inactive|James Murphy has 30 seconds left.
|
|t:|1756235346
|switch|p1a: Pelipper|Pelipper, L50, F|100/100
|-weather|RainDance|[from] ability: Drizzle|[of] p1a: Pelipper
|turn|4
|
|t:|1756235367
|move|p2a: 90% = 50%|Scale Shot|p1a: Pelipper
|-damage|p1a: Pelipper|80/100
|-damage|p1a: Pelipper|62/100
|-damage|p1a: Pelipper|41/100
|-damage|p1a: Pelipper|23/100
|-hitcount|p1a: Pelipper|4
|-unboost|p2a: 90% = 50%|def|1
|-boost|p2a: 90% = 50%|spe|1
|move|p2b: Noah's BFF|Close Combat|p1b: Ursaluna
|-resisted|p1b: Ursaluna
|-damage|p1b: Ursaluna|0 fnt
|-unboost|p2b: Noah's BFF|def|1
|-unboost|p2b: Noah's BFF|spd|1
|faint|p1b: Ursaluna
|-enditem|p2b: Noah's BFF|White Herb
|-clearnegativeboost|p2b: Noah's BFF|[silent]
|move|p1a: Pelipper|Hurricane|p2b: Noah's BFF
|-supereffective|p2b: Noah's BFF
|-damage|p2b: Noah's BFF|0 fnt
|faint|p2b: Noah's BFF
|
|-weather|RainDance|[upkeep]
|upkeep
|
|t:|1756235389
|switch|p2b: Hi peli|Ninetales-Alola, L50, M, shiny|100/100
|switch|p1b: Archaludon|Archaludon, L50, F|100/100
|-weather|Snowscape|[from] ability: Snow Warning|[of] p2b: Hi peli
|turn|5
|
|t:|1756235412
|move|p1a: Pelipper|Protect|p1a: Pelipper
|-singleturn|p1a: Pelipper|Protect
|move|p2a: 90% = 50%|Scale Shot|p1a: Pelipper
|-activate|p1a: Pelipper|move: Protect
|move|p2b: Hi peli|Blizzard|p1b: Archaludon|[spread] p1b
|-activate|p1a: Pelipper|move: Protect
|-damage|p1b: Archaludon|62/100
|-ability|p1b: Archaludon|Stamina|boost
|-boost|p1b: Archaludon|def|1
|move|p1b: Archaludon|Flash Cannon|p2b: Hi peli
|-supereffective|p2b: Hi peli
|-damage|p2b: Hi peli|0 fnt
|faint|p2b: Hi peli
|
|-weather|Snowscape|[upkeep]
|-heal|p1b: Archaludon|68/100|[from] Grassy Terrain
|-fieldend|move: Grassy Terrain
|upkeep
|turn|6
|inactive|James Murphy has 30 seconds left.
|
|t:|1756235443
|move|p2a: 90% = 50%|Scale Shot|p1a: Pelipper
|-damage|p1a: Pelipper|4/100
|-damage|p1a: Pelipper|0 fnt
|faint|p1a: Pelipper
|-hitcount|p1: Pelipper|2
|-unboost|p2a: 90% = 50%|def|1
|-boost|p2a: 90% = 50%|spe|1
|move|p1b: Archaludon|Flash Cannon|p2a: 90% = 50%
|-supereffective|p2a: 90% = 50%
|-damage|p2a: 90% = 50%|68/100
|
|-weather|Snowscape|[upkeep]
|upkeep
|turn|7
|
|t:|1756235459
|move|p2a: 90% = 50%|Low Kick|p1b: Archaludon
|-supereffective|p1b: Archaludon
|-damage|p1b: Archaludon|41/100
|-ability|p1b: Archaludon|Stamina|boost
|-boost|p1b: Archaludon|def|1
|move|p1b: Archaludon|Flash Cannon|p2a: 90% = 50%
|-supereffective|p2a: 90% = 50%
|-damage|p2a: 90% = 50%|0 fnt
|faint|p2a: 90% = 50%
|
|win|James Murphy
|c|☆Zero_BlazeVGC|ggs
|c|☆James Murphy|this was tough
|l| Illumina_ProfTiPl
