|j|☆HeroOfHydrangea
|j|☆Oriozz
|html|HeroOfHydrangeaOriozz    
|uhtml|bestof|Game 1 of a best-of-3
|t:|1783815143
|gametype|doubles
|player|p1|HeroOfHydrangea|101|1168
|player|p2|Oriozz|101|1184
|gen|9
|tier|[Gen 9 Champions] VGC 2026 Reg M-B (Bo3)
|rated|
|rule|Species Clause: Limit one of each Pokémon
|rule|Item Clause: Limit 1 of each item
|clearpoke
|poke|p1|Blastoise, L50, F|
|poke|p1|Sneasler, L50, F|
|poke|p1|Kingambit, L50, M|
|poke|p1|Incineroar, L50, M|
|poke|p1|Delphox, L50, F|
|poke|p1|Sinistcha, L50|
|poke|p2|Kingambit, L50, M|
|poke|p2|Floette-Eternal, L50, F|
|poke|p2|Sneasler, L50, F|
|poke|p2|Incineroar, L50, F|
|poke|p2|Garchomp, L50, F|
|poke|p2|Sinistcha, L50|
|teampreview|4
|showteam|p1|Blastoise||Blastoisinite|Torrent|WaterSpout,DarkPulse,ShellSmash,Protect|Modest||F|||50|]Sneasler||FocusSash|PoisonTouch|CloseCombat,DireClaw,FakeOut,QuickGuard|Jolly||F|||50|]Kingambit||BlackGlasses|Defiant|KowtowCleave,SuckerPunch,SwordsDance,Protect|Adamant||M|||50|]Incineroar||SitrusBerry|Intimidate|FlareBlitz,HelpingHand,PartingShot,FakeOut|Careful||M|||50|]Delphox||Delphoxite|Blaze|HeatWave,Psyshock,NastyPlot,Protect|Modest||F|||50|]Sinistcha||KasibBerry|Hospitality|MatchaGotcha,RagePowder,TrickRoom,Protect|Bold|||||50|
|showteam|p2|Kingambit||ChopleBerry|Defiant|KowtowCleave,Protect,SuckerPunch,IronHead|Adamant||M|||50|]Floette-Eternal||Floettite|FlowerVeil|DazzlingGleam,DrainingKiss,Protect,CalmMind|Bold||F|||50|]Sneasler||FocusSash|Unburden|FakeOut,DireClaw,CloseCombat,Coaching|Jolly||F|||50|]Incineroar||Leftovers|Intimidate|FakeOut,FlareBlitz,PartingShot,HelpingHand|Careful||F|||50|]Garchomp||Garchompite|RoughSkin|Earthquake,StompingTantrum,RockSlide,Protect|Adamant||F|||50|]Sinistcha||SitrusBerry|Hospitality|Protect,MatchaGotcha,TrickRoom,RagePowder|Bold|||||50|
|inactive|Battle timer is ON: inactive players will automatically lose when time's up. (requested by Oriozz)
|inactive|HeroOfHydrangea also wants the timer to be on.
|inactive|HeroOfHydrangea has 60 seconds left.
|inactive|Oriozz has 60 seconds left.
|inactive|Oriozz has 30 seconds left.
|inactive|Oriozz has 20 seconds left.
|inactive|Oriozz has 15 seconds left.
|inactive|Oriozz has 10 seconds left.
|
|t:|1783815226
|teamsize|p1|4
|teamsize|p2|4
|start
|switch|p1a: Sneasler|Sneasler, L50, F|100/100
|switch|p1b: Incineroar|Incineroar, L50, M|100/100
|switch|p2a: Sinistcha|Sinistcha, L50|100/100
|switch|p2b: Kingambit|Kingambit, L50, M|100/100
|-ability|p1b: Incineroar|Intimidate|boost
|-unboost|p2a: Sinistcha|atk|1
|-unboost|p2b: Kingambit|atk|1
|-ability|p2b: Kingambit|Defiant|boost
|-boost|p2b: Kingambit|atk|2
|turn|1
|inactive|HeroOfHydrangea has 30 seconds left.
|inactive|Oriozz has 30 seconds left.
|inactive|HeroOfHydrangea has 20 seconds left.
|inactive|Oriozz has 20 seconds left.
|inactive|HeroOfHydrangea has 15 seconds left.
|inactive|Oriozz has 15 seconds left.
|
|t:|1783815270
|switch|p2a: Incineroar|Incineroar, L50, F|100/100
|-ability|p2a: Incineroar|Intimidate|boost
|-unboost|p1a: Sneasler|atk|1
|-unboost|p1b: Incineroar|atk|1
|move|p2b: Kingambit|Protect|p2b: Kingambit
|-singleturn|p2b: Kingambit|Protect
|move|p1a: Sneasler|Dire Claw|p2a: Incineroar
|-damage|p2a: Incineroar|76/100
|move|p1b: Incineroar|Flare Blitz|p2b: Kingambit
|-activate|p2b: Kingambit|move: Protect
|
|-heal|p2a: Incineroar|82/100|[from] item: Leftovers
|upkeep
|turn|2
|inactive|HeroOfHydrangea has 30 seconds left.
|inactive|Oriozz has 30 seconds left.
|inactive|HeroOfHydrangea has 20 seconds left.
|inactive|Oriozz has 20 seconds left.
|inactive|HeroOfHydrangea has 15 seconds left.
|inactive|Oriozz has 15 seconds left.
|
|t:|1783815315
|switch|p1a: Sinistcha|Sinistcha, L50|100/100
|switch|p2b: Garchomp|Garchomp, L50, F|100/100
|move|p1b: Incineroar|Flare Blitz|p2b: Garchomp
|-resisted|p2b: Garchomp|1
|-damage|p2b: Garchomp|85/100
|-damage|p1b: Incineroar|87/100|[from] ability: Rough Skin|[of] p2b: Garchomp
|-damage|p1b: Incineroar|83/100|[from] Recoil
|move|p2a: Incineroar|Flare Blitz|p1a: Sinistcha
|-supereffective|p1a: Sinistcha|1
|-damage|p1a: Sinistcha|15/100
|-damage|p2a: Incineroar|57/100|[from] Recoil
|
|-heal|p2a: Incineroar|63/100|[from] item: Leftovers
|upkeep
|turn|3
|inactive|HeroOfHydrangea has 30 seconds left.
|inactive|Oriozz has 30 seconds left.
|inactive|Oriozz has 20 seconds left.
|inactive|Oriozz has 15 seconds left.
|inactive|Oriozz has 10 seconds left.
|
|t:|1783815361
|move|p2b: Garchomp|Protect|p2b: Garchomp
|-singleturn|p2b: Garchomp|Protect
|move|p1a: Sinistcha|Protect|p1a: Sinistcha
|-singleturn|p1a: Sinistcha|Protect
|move|p1b: Incineroar|Parting Shot|p2b: Garchomp
|-activate|p2b: Garchomp|move: Protect
|move|p2a: Incineroar|Flare Blitz|p1a: Sinistcha
|-activate|p1a: Sinistcha|move: Protect
|
|-heal|p2a: Incineroar|69/100|[from] item: Leftovers
|upkeep
|turn|4
|inactive|Oriozz has 30 seconds left.
|
|t:|1783815390
|detailschange|p2b: Garchomp|Garchomp-Mega, L50, F
|-mega|p2b: Garchomp|Garchomp|Garchompite
|move|p1a: Sinistcha|Protect||[still]
|-fail|p1a: Sinistcha
|move|p2b: Garchomp|Rock Slide|p1a: Sinistcha|[spread] p1a,p1b
|-supereffective|p1b: Incineroar|1
|-damage|p1a: Sinistcha|0 fnt
|-damage|p1b: Incineroar|31/100
|-enditem|p1b: Incineroar|Sitrus Berry|[eat]
|-heal|p1b: Incineroar|56/100|[from] item: Sitrus Berry
|faint|p1a: Sinistcha
|move|p1b: Incineroar|Parting Shot|p2b: Garchomp
|-unboost|p2b: Garchomp|atk|1
|-unboost|p2b: Garchomp|spa|1
|
|t:|1783815412
|switch|p1b: Delphox|Delphox, L50, F|100/100|[from] Parting Shot
|move|p2a: Incineroar|Flare Blitz|p1b: Delphox
|-resisted|p1b: Delphox|1
|-damage|p1b: Delphox|69/100
|-damage|p2a: Incineroar|60/100|[from] Recoil
|
|-heal|p2a: Incineroar|66/100|[from] item: Leftovers
|upkeep
|
|t:|1783815418
|switch|p1a: Incineroar|Incineroar, L50, M|56/100
|-ability|p1a: Incineroar|Intimidate|boost
|-unboost|p2a: Incineroar|atk|1
|-unboost|p2b: Garchomp|atk|1
|turn|5
|
|t:|1783815439
|switch|p2b: Kingambit|Kingambit, L50, M|100/100
|detailschange|p1b: Delphox|Delphox-Mega, L50, F
|-mega|p1b: Delphox|Delphox|Delphoxite
|move|p1a: Incineroar|Fake Out|p2b: Kingambit
|-resisted|p2b: Kingambit|1
|-damage|p2b: Kingambit|96/100
|move|p1b: Delphox|Nasty Plot|p1b: Delphox
|-boost|p1b: Delphox|spa|2
|move|p2a: Incineroar|Parting Shot|p1b: Delphox
|-unboost|p1b: Delphox|atk|1
|-unboost|p1b: Delphox|spa|1
|
|t:|1783815458
|switch|p2a: Garchomp|Garchomp-Mega, L50, F|85/100|[from] Parting Shot
|
|upkeep
|turn|6
|inactive|HeroOfHydrangea has 30 seconds left.
|inactive|Oriozz has 30 seconds left.
|
|t:|1783815485
|move|p1b: Delphox|Protect|p1b: Delphox
|-singleturn|p1b: Delphox|Protect
|move|p2b: Kingambit|Sucker Punch||[still]
|-fail|p2b: Kingambit
|move|p2a: Garchomp|Rock Slide|p1a: Incineroar|[spread] 
|-activate|p1b: Delphox|move: Protect
|-miss|p2a: Garchomp|p1a: Incineroar
|move|p1a: Incineroar|Parting Shot|p2a: Garchomp
|-unboost|p2a: Garchomp|atk|1
|-unboost|p2a: Garchomp|spa|1
|
|t:|1783815497
|switch|p1a: Sneasler|Sneasler, L50, F|100/100|[from] Parting Shot
|
|upkeep
|turn|7
|inactive|Oriozz has 30 seconds left.
|
|t:|1783815528
|move|p2b: Kingambit|Protect|p2b: Kingambit
|-singleturn|p2b: Kingambit|Protect
|move|p1a: Sneasler|Fake Out|p2a: Garchomp
|-damage|p2a: Garchomp|74/100
|move|p1b: Delphox|Nasty Plot|p1b: Delphox
|-boost|p1b: Delphox|spa|2
|cant|p2a: Garchomp|flinch
|
|upkeep
|turn|8
|inactive|Oriozz has 30 seconds left.
|inactive|Oriozz has 20 seconds left.
|inactive|Oriozz has 15 seconds left.
|inactive|HeroOfHydrangea has 30 seconds left.
|inactive|Oriozz has 10 seconds left.
|inactive|HeroOfHydrangea has 20 seconds left.
|
|t:|1783815587
|switch|p2b: Incineroar|Incineroar, L50, F|66/100
|-ability|p2b: Incineroar|Intimidate|boost
|-unboost|p1a: Sneasler|atk|1
|-unboost|p1b: Delphox|atk|1
|move|p1a: Sneasler|Quick Guard|p1a: Sneasler
|-singleturn|p1a: Sneasler|Quick Guard
|move|p1b: Delphox|Psyshock|p2a: Garchomp
|-crit|p2a: Garchomp
|-damage|p2a: Garchomp|0 fnt
|faint|p2a: Garchomp
|
|-heal|p2b: Incineroar|72/100|[from] item: Leftovers
|upkeep
|
|t:|1783815603
|switch|p2a: Kingambit|Kingambit, L50, M|96/100
|turn|9
|inactive|Oriozz has 30 seconds left.
|inactive|HeroOfHydrangea has 30 seconds left.
|inactive|Oriozz has 20 seconds left.
|inactive|Oriozz has 15 seconds left.
|
|t:|1783815646
|move|p1b: Delphox|Protect|p1b: Delphox
|-singleturn|p1b: Delphox|Protect
|move|p2a: Kingambit|Protect|p2a: Kingambit
|-singleturn|p2a: Kingambit|Protect
|move|p1a: Sneasler|Quick Guard|p1a: Sneasler
|-singleturn|p1a: Sneasler|Quick Guard
|move|p2b: Incineroar|Flare Blitz|p1b: Delphox
|-activate|p1b: Delphox|move: Protect
|
|-heal|p2b: Incineroar|78/100|[from] item: Leftovers
|upkeep
|turn|10
|
|t:|1783815667
|switch|p2a: Sinistcha|Sinistcha, L50|100/100
|-heal|p2b: Incineroar|100/100|[from] ability: Hospitality|[of] p2a: Sinistcha
|move|p1a: Sneasler|Quick Guard|p1a: Sneasler
|-singleturn|p1a: Sneasler|Quick Guard
|move|p1b: Delphox|Heat Wave|p2b: Incineroar|[spread] p2a,p2b
|-supereffective|p2a: Sinistcha|1
|-resisted|p2b: Incineroar|1
|-damage|p2a: Sinistcha|0 fnt
|-damage|p2b: Incineroar|63/100
|faint|p2a: Sinistcha
|move|p2b: Incineroar|Flare Blitz|p1a: Sneasler
|-damage|p1a: Sneasler|19/100
|-damage|p2b: Incineroar|43/100|[from] Recoil
|
|-heal|p2b: Incineroar|49/100|[from] item: Leftovers
|upkeep
|
|t:|1783815681
|switch|p2a: Kingambit|Kingambit, L50, M|96/100
|turn|11
|inactive|Oriozz has 30 seconds left.
|
|t:|1783815706
|move|p2a: Kingambit|Protect|p2a: Kingambit
|-singleturn|p2a: Kingambit|Protect
|move|p1a: Sneasler|Quick Guard|p1a: Sneasler
|-singleturn|p1a: Sneasler|Quick Guard
|move|p1b: Delphox|Heat Wave|p2b: Incineroar|[spread] p2b
|-activate|p2a: Kingambit|move: Protect
|-resisted|p2b: Incineroar|1
|-damage|p2b: Incineroar|12/100
|move|p2b: Incineroar|Flare Blitz|p1a: Sneasler
|-damage|p1a: Sneasler|0 fnt
|faint|p1a: Sneasler
|-damage|p2b: Incineroar|7/100|[from] Recoil
|
|-heal|p2b: Incineroar|13/100|[from] item: Leftovers
|upkeep
|
|t:|1783815717
|switch|p1a: Incineroar|Incineroar, L50, M|56/100
|-ability|p1a: Incineroar|Intimidate|boost
|-unboost|p2a: Kingambit|atk|1
|-ability|p2a: Kingambit|Defiant|boost
|-boost|p2a: Kingambit|atk|2
|-unboost|p2b: Incineroar|atk|1
|turn|12
|inactive|Oriozz has 25 seconds left this turn.
|inactive|Oriozz has 20 seconds left.
|inactive|Oriozz has 15 seconds left.
|inactive|Oriozz has 10 seconds left.
|inactive|Oriozz has 5 seconds left.
|-message|Oriozz lost due to inactivity.
|
|win|HeroOfHydrangea
||Oriozz is ready for game 2.
|inactive|HeroOfHydrangea has 30 seconds to confirm battle start!
||HeroOfHydrangea is ready for game 2.
|uhtml|next|Next: Game 2 of 3
|l|☆Oriozz
|player|p2|
|j|☆Oriozz
|player|p2|Oriozz|101|
|l|☆HeroOfHydrangea
|player|p1|
