|j|☆Aseguradoras Gomez
|j|☆JNEST
|html|Aseguradoras GomezJNEST    
|uhtml|bestof|Game 1 of a best-of-3
|t:|1756419307
|gametype|doubles
|player|p1|Aseguradoras Gomez|iono|1153
|player|p2|JNEST|veteran-gen4|1223
|gen|9
|tier|[Gen 9] VGC 2025 Reg H (Bo3)
|rated|
|rule|Species Clause: Limit one of each Pokémon
|rule|Item Clause: Limit 1 of each item
|clearpoke
|poke|p1|Stonjourner, L50, F|
|poke|p1|Dragonite, L50, F|
|poke|p1|Kingambit, L50, M|
|poke|p1|Rillaboom, L50, M|
|poke|p1|Kommo-o, L50, M|
|poke|p1|Electabuzz, L50, F|
|poke|p2|Weezing, L50, M|
|poke|p2|Indeedee, L50, M|
|poke|p2|Ursaluna-Bloodmoon, L50, M|
|poke|p2|Annihilape, L50, M|
|poke|p2|Tyranitar, L50, M|
|poke|p2|Corviknight, L50, F|
|teampreview|4
|showteam|p1|Stonjourner||FocusSash|PowerSpot|RockSlide,StealthRock,WideGuard,Protect|||F|||50|,,,,,Ghost]Dragonite||ChoiceBand|InnerFocus|ExtremeSpeed,Outrage,StompingTantrum,IronHead|||F|||50|,,,,,Normal]Kingambit||BlackGlasses|Defiant|Assurance,SuckerPunch,SwordsDance,Protect|||M|||50|,,,,,Dark]Rillaboom||AssaultVest|GrassySurge|GrassyGlide,WoodHammer,FakeOut,Uturn|||M|||50|,,,,,Fire]Kommo-o||ThroatSpray|Soundproof|ClangingScales,AuraSphere,ClangorousSoul,Protect|||M|||50|,,,,,Steel]Electabuzz||Eviolite|VitalSpirit|Electroweb,Taunt,FollowMe,Protect|||F|||50|,,,,,Ghost
|showteam|p2|Weezing||SitrusBerry|NeutralizingGas|Protect,Taunt,WillOWisp,SludgeBomb|||M|||50|,,,,,Ghost]Indeedee||ChoiceScarf|PsychicSurge|ExpandingForce,TeraBlast,Trick,HyperVoice|||M|||50|,,,,,Fighting]Ursaluna-Bloodmoon||LifeOrb|MindsEye|Protect,HyperVoice,EarthPower,BloodMoon|||M|||50|,,,,,Normal]Annihilape||SafetyGoggles|Defiant|Taunt,RageFist,CloseCombat,FinalGambit|||M|||50|,,,,,Fairy]Tyranitar||AssaultVest|SandStream|RockSlide,KnockOff,TeraBlast,LowKick|||M|||50|,,,,,Flying]Corviknight||Leftovers|MirrorArmor|BraveBird,Tailwind,Roost,BulkUp|||F|||50|,,,,,Dragon
|inactive|Battle timer is ON: inactive players will automatically lose when time's up. (requested by JNEST)
|inactive|Aseguradoras Gomez has 60 seconds left.
|inactive|JNEST has 60 seconds left.
|
|t:|1756419356
|teamsize|p1|4
|teamsize|p2|4
|start
|switch|p1a: Electabuzz|Electabuzz, L50, F|100/100
|switch|p1b: Kommo-o|Kommo-o, L50, M, shiny|100/100
|switch|p2a: Indeedee|Indeedee, L50, M|100/100
|switch|p2b: Tyranitar|Tyranitar, L50, M|100/100
|-fieldstart|move: Psychic Terrain|[from] ability: Psychic Surge|[of] p2a: Indeedee
|-weather|Sandstorm|[from] ability: Sand Stream|[of] p2b: Tyranitar
|turn|1
|
|t:|1756419376
|switch|p1b: Kingambit|Kingambit, L50, M|100/100
|-terastallize|p2b: Tyranitar|Flying
|move|p2a: Indeedee|Expanding Force|p1b: Kingambit|[spread] p1a
|-immune|p1b: Kingambit
|-damage|p1a: Electabuzz|55/100
|move|p1a: Electabuzz|Electroweb|p2b: Tyranitar|[spread] p2a,p2b
|-supereffective|p2b: Tyranitar
|-damage|p2a: Indeedee|81/100
|-damage|p2b: Tyranitar|82/100
|-unboost|p2a: Indeedee|spe|1
|-unboost|p2b: Tyranitar|spe|1
|move|p2b: Tyranitar|Knock Off|p1b: Kingambit
|-resisted|p1b: Kingambit
|-damage|p1b: Kingambit|77/100
|-enditem|p1b: Kingambit|Black Glasses|[from] move: Knock Off|[of] p2b: Tyranitar
|
|-weather|Sandstorm|[upkeep]
|-damage|p2a: Indeedee|75/100|[from] Sandstorm
|-damage|p1a: Electabuzz|49/100|[from] Sandstorm
|-damage|p2b: Tyranitar|76/100|[from] Sandstorm
|upkeep
|turn|2
|inactive|Aseguradoras Gomez has 30 seconds left.
|
|t:|1756419407
|switch|p2a: Annihilape|Annihilape, L50, M|100/100
|move|p1a: Electabuzz|Electroweb|p2a: Annihilape|[spread] p2a,p2b
|-supereffective|p2b: Tyranitar
|-damage|p2a: Annihilape|87/100
|-damage|p2b: Tyranitar|59/100
|-unboost|p2a: Annihilape|spe|1
|-ability|p2a: Annihilape|Defiant|boost
|-boost|p2a: Annihilape|atk|2
|-unboost|p2b: Tyranitar|spe|1
|move|p1b: Kingambit|Assurance|p2b: Tyranitar
|-damage|p2b: Tyranitar|0 fnt
|faint|p2b: Tyranitar
|
|-weather|Sandstorm|[upkeep]
|-damage|p1a: Electabuzz|43/100|[from] Sandstorm
|upkeep
|
|t:|1756419419
|switch|p2b: Ursaluna|Ursaluna-Bloodmoon, L50, M|100/100
|turn|3
|
|t:|1756419432
|move|p1a: Electabuzz|Electroweb|p2a: Annihilape|[spread] p2a
|-immune|p2b: Ursaluna
|-damage|p2a: Annihilape|74/100
|-unboost|p2a: Annihilape|spe|1
|-ability|p2a: Annihilape|Defiant|boost
|-boost|p2a: Annihilape|atk|2
|move|p2b: Ursaluna|Earth Power|p1b: Kingambit
|-supereffective|p1b: Kingambit
|-damage|p1b: Kingambit|0 fnt
|faint|p1b: Kingambit
|-damage|p2b: Ursaluna|91/100|[from] item: Life Orb
|move|p2a: Annihilape|Rage Fist|p1a: Electabuzz
|-damage|p1a: Electabuzz|0 fnt
|faint|p1a: Electabuzz
|
|-weather|Sandstorm|[upkeep]
|upkeep
|
|t:|1756419441
|switch|p1a: Kommo-o|Kommo-o, L50, M, shiny|100/100
|switch|p1b: Rillaboom|Rillaboom, L50, M|100/100
|-fieldstart|move: Grassy Terrain|[from] ability: Grassy Surge|[of] p1b: Rillaboom
|turn|4
|
|t:|1756419459
|switch|p2b: Indeedee|Indeedee, L50, M|75/100
|-fieldstart|move: Psychic Terrain|[from] ability: Psychic Surge|[of] p2b: Indeedee
|move|p1a: Kommo-o|Clanging Scales|p2a: Annihilape|[spread] p2a,p2b
|-damage|p2a: Annihilape|35/100
|-damage|p2b: Indeedee|21/100
|-unboost|p1a: Kommo-o|def|1
|-enditem|p1a: Kommo-o|Throat Spray
|-boost|p1a: Kommo-o|spa|1|[from] item: Throat Spray
|move|p1b: Rillaboom|Grassy Glide|p2a: Annihilape
|-damage|p2a: Annihilape|10/100
|move|p2a: Annihilape|Rage Fist|p1a: Kommo-o
|-damage|p1a: Kommo-o|0 fnt
|faint|p1a: Kommo-o
|
|-weather|Sandstorm|[upkeep]
|-damage|p2b: Indeedee|15/100|[from] Sandstorm
|-damage|p1b: Rillaboom|95/100|[from] Sandstorm
|upkeep
|turn|5
|
|t:|1756419480
|move|p2b: Indeedee|Expanding Force|p1b: Rillaboom
|-damage|p1b: Rillaboom|44/100
|move|p1b: Rillaboom|Grassy Glide|p2b: Indeedee
|-damage|p2b: Indeedee|0 fnt
|faint|p2b: Indeedee
|move|p2a: Annihilape|Rage Fist|p1b: Rillaboom
|-damage|p1b: Rillaboom|0 fnt
|faint|p1b: Rillaboom
|
|win|JNEST
||Aseguradoras Gomez is ready for game 2.
