|j|鈽員aco2685
|j|鈽咷3N13
|html|Taco2685G3N13    
|uhtml|bestof|Game 2 of a best-of-3
|t:|1785073747
|gametype|doubles
|player|p1|Taco2685|red|1122
|player|p2|G3N13|n|1144
|gen|9
|tier|[Gen 9 Champions] VGC 2026 Reg M-B (Bo3)
|rated|
|rule|Species Clause: Limit one of each Pok茅mon
|rule|Item Clause: Limit 1 of each item
|clearpoke
|poke|p1|Charizard, L50, M, shiny|
|poke|p1|Swampert, L50, M|
|poke|p1|Whimsicott, L50, M|
|poke|p1|Pelipper, L50, F|
|poke|p1|Sinistcha-Masterpiece, L50|
|poke|p1|Archaludon, L50, M|
|poke|p2|Hydreigon, L50, F|
|poke|p2|Ninetales-Alola, L50, M|
|poke|p2|Sinistcha, L50|
|poke|p2|Raichu, L50, F|
|poke|p2|Floette-Eternal, L50, F|
|poke|p2|Mamoswine, L50, F|
|teampreview|4
|showteam|p1|Charizard||CharizarditeY|SolarPower|HeatWave,Hurricane,Protect,SolarBeam|Modest||M|||50|]Swampert||Swampertite|Damp|IcePunch,HighHorsepower,WaveCrash,Protect|Adamant||M|||50|]Whimsicott||FocusSash|Prankster|Tailwind,SunnyDay,Encore,Moonblast|Timid||M|||50|]Pelipper||WacanBerry|Drizzle|Hurricane,WeatherBall,Protect,Tailwind|Modest||F|||50|]Sinistcha-Masterpiece||SitrusBerry|Hospitality|MatchaGotcha,ShadowBall,Protect,TrickRoom|Modest|||||50|]Archaludon||Leftovers|Stamina|DragonPulse,ElectroShot,FlashCannon,Protect|Calm||M|||50|
|showteam|p2|Hydreigon||HabanBerry|Levitate|DracoMeteor,DarkPulse,Tailwind,Protect|Timid||F|||50|]Ninetales-Alola||FocusSash|SnowWarning|AuroraVeil,Blizzard,FreezeDry,Protect|Timid||M|||50|]Sinistcha||SitrusBerry|Hospitality|MatchaGotcha,RagePowder,TrickRoom,Protect|Relaxed|||||50|]Raichu||RaichuniteY|LightningRod|FakeOut,FocusBlast,ZapCannon,Protect|Hasty||F|||50|]Floette-Eternal||Floettite|FlowerVeil|DrainingKiss,DazzlingGleam,Protect,CalmMind|Timid||F|||50|]Mamoswine||LifeOrb|Oblivious|Earthquake,RockSlide,IcicleCrash,IceShard|Jolly||F|||50|
|
|t:|1785073765
|teamsize|p1|4
|teamsize|p2|4
|start
|switch|p1a: Whimsicott|Whimsicott, L50, M|100/100
|switch|p1b: Charizard|Charizard, L50, M, shiny|100/100
|switch|p2a: Hydreigon|Hydreigon, L50, F|100/100
|switch|p2b: Raichu|Raichu, L50, F|100/100
|turn|1
|
|t:|1785073786
|detailschange|p2b: Raichu|Raichu-Mega-Y, L50, F
|-mega|p2b: Raichu|Raichu|Raichunite Y
|move|p1b: Charizard|Protect|p1b: Charizard
|-singleturn|p1b: Charizard|Protect
|move|p1a: Whimsicott|Tailwind|p1a: Whimsicott
|-sidestart|p1: Taco2685|move: Tailwind
|move|p2b: Raichu|Zap Cannon|p1a: Whimsicott
|-resisted|p1a: Whimsicott|1
|-damage|p1a: Whimsicott|43/100
|-status|p1a: Whimsicott|par
|move|p2a: Hydreigon|Tailwind|p2a: Hydreigon
|-sidestart|p2: G3N13|move: Tailwind
|
|upkeep
|turn|2
|
|t:|1785073810
|switch|p1b: Swampert|Swampert, L50, M|100/100
|move|p2b: Raichu|Zap Cannon|p1b: Swampert
|-immune|p1b: Swampert
|move|p2a: Hydreigon|Draco Meteor|p1b: Swampert
|-damage|p1b: Swampert|24/100
|-unboost|p2a: Hydreigon|spa|2
|move|p1a: Whimsicott|Moonblast|p2a: Hydreigon
|-supereffective|p2a: Hydreigon|2
|-damage|p2a: Hydreigon|0 fnt
|faint|p2a: Hydreigon
|
|upkeep
|
|t:|1785073822
|switch|p2a: Ninetales|Ninetales-Alola, L50, M|100/100
|-weather|Snowscape|[from] ability: Snow Warning|[of] p2a: Ninetales
|turn|3
|
|t:|1785073841
|switch|p2a: Sinistcha|Sinistcha, L50|100/100
|switch|p1a: Pelipper|Pelipper, L50, F|100/100
|-weather|RainDance|[from] ability: Drizzle|[of] p1a: Pelipper
|detailschange|p1b: Swampert|Swampert-Mega, L50, M
|-mega|p1b: Swampert|Swampert|Swampertite
|move|p2b: Raichu|Protect|p2b: Raichu
|-singleturn|p2b: Raichu|Protect
|move|p1b: Swampert|High Horsepower|p2b: Raichu
|-activate|p2b: Raichu|move: Protect
|
|-weather|RainDance|[upkeep]
|upkeep
|turn|4
|
|t:|1785073870
|switch|p2a: Ninetales|Ninetales-Alola, L50, M|100/100
|-weather|Snowscape|[from] ability: Snow Warning|[of] p2a: Ninetales
|move|p2b: Raichu|Zap Cannon|p1a: Pelipper
|-supereffective|p1a: Pelipper|2
|-enditem|p1a: Pelipper|Wacan Berry|[eat]
|-enditem|p1a: Pelipper|Wacan Berry|[weaken]
|-damage|p1a: Pelipper|0 fnt
|faint|p1a: Pelipper
|move|p1b: Swampert|Ice Punch|p2a: Ninetales
|-resisted|p2a: Ninetales|1
|-damage|p2a: Ninetales|83/100
|
|-weather|Snowscape|[upkeep]
|-sideend|p2: G3N13|move: Tailwind
|-sideend|p1: Taco2685|move: Tailwind
|upkeep
|
|t:|1785073886
|switch|p1a: Whimsicott|Whimsicott, L50, M|43/100 par
|turn|5
|
|t:|1785073900
|switch|p2b: Sinistcha|Sinistcha, L50|100/100
|-heal|p2a: Ninetales|100/100|[from] ability: Hospitality|[of] p2b: Sinistcha
|move|p1a: Whimsicott|Tailwind|p1a: Whimsicott
|-sidestart|p1: Taco2685|move: Tailwind
|move|p1b: Swampert|High Horsepower|p2b: Sinistcha
|-resisted|p2b: Sinistcha|1
|-damage|p2b: Sinistcha|78/100
|move|p2a: Ninetales|Blizzard|p1b: Swampert|[spread] p1a,p1b
|-supereffective|p1a: Whimsicott|1
|-damage|p1a: Whimsicott|0 fnt
|-damage|p1b: Swampert|0 fnt
|faint|p1a: Whimsicott
|faint|p1b: Swampert
|
|-weather|Snowscape|[upkeep]
|upkeep
|
|t:|1785074046
|switch|p1a: Charizard|Charizard, L50, M, shiny|100/100
|turn|6
|c|鈽咷3N13|Bro if you take more then 5 more minutes I will just put the timer on
|
|t:|1785074501
|move|p1a: Charizard|Heat Wave|p2a: Ninetales|[spread] p2a,p2b
|-supereffective|p2a: Ninetales|1
|-supereffective|p2b: Sinistcha|1
|-damage|p2a: Ninetales|15/100
|-damage|p2b: Sinistcha|0 fnt
|faint|p2b: Sinistcha
|move|p2a: Ninetales|Blizzard|p1a: Charizard
|-damage|p1a: Charizard|45/100
|-status|p1a: Charizard|frz
|
|-weather|Snowscape|[upkeep]
|upkeep
|c|鈽咷3N13|This is taking quite some time
|l|鈽咷3N13
|player|p2|
|c|鈽員aco2685|sorry
|j|鈽咷3N13
|player|p2|G3N13|n|
|
|t:|1785074535
|switch|p2b: Raichu|Raichu-Mega-Y, L50, F|100/100
|turn|7
|
|t:|1785074550
|move|p2b: Raichu|Fake Out|p1a: Charizard
|-damage|p1a: Charizard|31/100 frz
|-curestatus|p1a: Charizard|frz|[msg]
|cant|p1a: Charizard|flinch
|move|p2a: Ninetales|Aurora Veil|p2a: Ninetales
|-sidestart|p2: G3N13|move: Aurora Veil
|
|-weather|Snowscape|[upkeep]
|upkeep
|turn|8
|
|t:|1785074606
|move|p2b: Raichu|Protect|p2b: Raichu
|-singleturn|p2b: Raichu|Protect
|move|p2a: Ninetales|Protect|p2a: Ninetales
|-singleturn|p2a: Ninetales|Protect
|move|p1a: Charizard|Heat Wave|p2b: Raichu|[spread] 
|-activate|p2a: Ninetales|move: Protect
|-activate|p2b: Raichu|move: Protect
|
|-weather|none
|-sideend|p1: Taco2685|move: Tailwind
|upkeep
|turn|9
|
|t:|1785074640
|move|p1a: Charizard|Protect|p1a: Charizard
|-singleturn|p1a: Charizard|Protect
|move|p2b: Raichu|Zap Cannon|p1a: Charizard
|-activate|p1a: Charizard|move: Protect
|move|p2a: Ninetales|Freeze-Dry|p1a: Charizard
|-activate|p1a: Charizard|move: Protect
|
|upkeep
|turn|10
|
|t:|1785074647
|move|p2b: Raichu|Zap Cannon|p1a: Charizard
|-supereffective|p1a: Charizard|1
|-damage|p1a: Charizard|0 fnt
|faint|p1a: Charizard
|
|win|G3N13
||Taco2685 is ready for game 3.
