|j|☆Diamondscyther
|j|☆wat2199
|html|Diamondscytherwat2199    
|uhtml|bestof|Game 1 of a best-of-3
|t:|1784334033
|gametype|doubles
|player|p1|Diamondscyther|larry|1092
|player|p2|wat2199|nurse|1133
|gen|9
|tier|[Gen 9 Champions] VGC 2026 Reg M-B (Bo3)
|rated|
|rule|Species Clause: Limit one of each Pokémon
|rule|Item Clause: Limit 1 of each item
|clearpoke
|poke|p1|Froslass, L50, F|
|poke|p1|Dragonite, L50, M|
|poke|p1|Toxapex, L50, M|
|poke|p1|Sneasler, L50, F|
|poke|p1|Kingambit, L50, M|
|poke|p1|Blaziken, L50, M|
|poke|p2|Mimikyu, L50, F, shiny|
|poke|p2|Camerupt, L50, M, shiny|
|poke|p2|Torkoal, L50, M|
|poke|p2|Vivillon, L50, M|
|poke|p2|Conkeldurr, L50, F|
|poke|p2|Staraptor, L50, M|
|teampreview|4
|showteam|p1|Froslass||Froslassite|CursedBody|Blizzard,ShadowBall,AuroraVeil,Protect|Timid||F|||50|]Dragonite||LifeOrb|InnerFocus|DragonClaw,ExtremeSpeed,LowKick,Protect|Adamant||M|||50|]Toxapex||Leftovers|Regenerator|Infestation,Toxic,WideGuard,BanefulBunker|Bold||M|||50|]Sneasler||FocusSash|PoisonTouch|PoisonJab,CloseCombat,FakeOut,Protect|Jolly||F|||50|]Kingambit||BlackGlasses|Defiant|SuckerPunch,KowtowCleave,IronHead,Protect|Adamant||M|||50|]Blaziken||Blazikenite|SpeedBoost|FlareBlitz,CloseCombat,RockSlide,Protect|Adamant||M|||50|
|showteam|p2|Mimikyu||MentalHerb|Disguise|ShadowSneak,PlayRough,Taunt,TrickRoom|Brave||F|||50|]Camerupt||Cameruptite|SolidRock|HeatWave,EarthPower,AncientPower,Protect|Quiet||M|||50|]Torkoal||SitrusBerry|Drought|Eruption,SolarBeam,SunnyDay,Protect|Relaxed||M|||50|]Vivillon||FocusSash|CompoundEyes|Hurricane,RagePowder,SleepPowder,Protect|Modest||M|||50|]Conkeldurr||LifeOrb|IronFist|HammerArm,ThunderPunch,IcePunch,Protect|Brave||F|||50|]Staraptor||ChoiceScarf|Intimidate|DoubleEdge,BraveBird,CloseCombat,FinalGambit|Jolly||M|||50|
|inactive|Battle timer is ON: inactive players will automatically lose when time's up. (requested by Diamondscyther)
|inactive|wat2199 also wants the timer to be on.
|inactive|Diamondscyther has 60 seconds left.
|inactive|wat2199 has 60 seconds left.
|
|t:|1784334079
|teamsize|p1|4
|teamsize|p2|4
|start
|switch|p1a: Froslass|Froslass, L50, F|100/100
|switch|p1b: Blaziken|Blaziken, L50, M|100/100
|switch|p2a: Nue|Vivillon, L50, M|100/100
|switch|p2b: Kenjaku|Mimikyu, L50, F, shiny|100/100
|turn|1
|
|t:|1784334094
|detailschange|p1a: Froslass|Froslass-Mega, L50, F
|-mega|p1a: Froslass|Froslass|Froslassite
|-weather|Snowscape|[from] ability: Snow Warning|[of] p1a: Froslass
|move|p1a: Froslass|Aurora Veil|p1a: Froslass
|-sidestart|p1: Diamondscyther|move: Aurora Veil
|move|p2a: Nue|Hurricane|p1b: Blaziken
|-supereffective|p1b: Blaziken|1
|-damage|p1b: Blaziken|7/100
|move|p1b: Blaziken|Rock Slide|p2a: Nue|[spread] p2a,p2b
|-supereffective|p2a: Nue|2
|-enditem|p2a: Nue|Focus Sash
|-damage|p2a: Nue|1/100
|-activate|p2b: Kenjaku|ability: Disguise
|-damage|p2b: Kenjaku|100/100
|detailschange|p2b: Kenjaku|Mimikyu-Busted, L50, F, shiny
|-damage|p2b: Kenjaku|87/100|[from] pokemon: Mimikyu-Busted
|move|p2b: Kenjaku|Trick Room|p2b: Kenjaku
|-fieldstart|move: Trick Room|[of] p2b: Kenjaku
|
|-weather|Snowscape|[upkeep]
|-ability|p1b: Blaziken|Speed Boost|boost
|-boost|p1b: Blaziken|spe|1
|upkeep
|turn|2
|inactive|wat2199 has 30 seconds left.
|
|t:|1784334123
|move|p2b: Kenjaku|Shadow Sneak|p1b: Blaziken
|-damage|p1b: Blaziken|0 fnt
|faint|p1b: Blaziken
|move|p2a: Nue|Sleep Powder|p1a: Froslass
|-status|p1a: Froslass|slp|[from] move: Sleep Powder
|cant|p1a: Froslass|slp
|
|-weather|Snowscape|[upkeep]
|upkeep
|
|t:|1784334125
|switch|p1b: Dragonite|Dragonite, L50, M|100/100
|turn|3
|inactive|wat2199 has 30 seconds left.
|
|t:|1784334152
|move|p1b: Dragonite|Protect|p1b: Dragonite
|-singleturn|p1b: Dragonite|Protect
|move|p2a: Nue|Protect|p2a: Nue
|-singleturn|p2a: Nue|Protect
|move|p2b: Kenjaku|Shadow Sneak|p1a: Froslass
|-supereffective|p1a: Froslass|1
|-damage|p1a: Froslass|74/100 slp
|cant|p1a: Froslass|slp
|
|-weather|Snowscape|[upkeep]
|upkeep
|turn|4
|
|t:|1784334170
|move|p1b: Dragonite|Extreme Speed|p2a: Nue
|-damage|p2a: Nue|0 fnt
|faint|p2a: Nue
|-damage|p1b: Dragonite|90/100|[from] item: Life Orb
|move|p2b: Kenjaku|Shadow Sneak|p1b: Dragonite
|-damage|p1b: Dragonite|76/100
|-curestatus|p1a: Froslass|slp|[msg]
|move|p1a: Froslass|Shadow Ball|p2b: Kenjaku
|-supereffective|p2b: Kenjaku|1
|-damage|p2b: Kenjaku|1/100
|
|-weather|Snowscape|[upkeep]
|upkeep
|
|t:|1784334185
|switch|p2a: Jogo|Camerupt, L50, M, shiny|100/100
|turn|5
|inactive|Diamondscyther has 30 seconds left.
|inactive|Diamondscyther has 20 seconds left.
|inactive|Diamondscyther has 15 seconds left.
|
|t:|1784334227
|detailschange|p2a: Jogo|Camerupt-Mega, L50, M, shiny
|-mega|p2a: Jogo|Camerupt|Cameruptite
|move|p1a: Froslass|Protect|p1a: Froslass
|-singleturn|p1a: Froslass|Protect
|move|p2a: Jogo|Heat Wave|p1a: Froslass|[spread] p1b
|-activate|p1a: Froslass|move: Protect
|-resisted|p1b: Dragonite|1
|-crit|p1b: Dragonite
|-damage|p1b: Dragonite|38/100
|move|p2b: Kenjaku|Play Rough|p1b: Dragonite
|-supereffective|p1b: Dragonite|1
|-damage|p1b: Dragonite|0 fnt
|faint|p1b: Dragonite
|
|-weather|none
|-sideend|p1: Diamondscyther|move: Aurora Veil
|-fieldend|move: Trick Room
|upkeep
|
|t:|1784334238
|switch|p1b: Kingambit|Kingambit, L50, M|100/100
|turn|6
|
|t:|1784334259
|move|p1a: Froslass|Blizzard|p2a: Jogo|[spread] p2b
|-miss|p1a: Froslass|p2a: Jogo
|-damage|p2b: Kenjaku|0 fnt
|faint|p2b: Kenjaku
|move|p1b: Kingambit|Kowtow Cleave|p2a: Jogo
|-damage|p2a: Jogo|45/100
|move|p2a: Jogo|Heat Wave|p1a: Froslass|[spread] p1a
|-miss|p2a: Jogo|p1b: Kingambit
|-supereffective|p1a: Froslass|1
|-damage|p1a: Froslass|0 fnt
|faint|p1a: Froslass
|
|upkeep
|
|t:|1784334271
|switch|p2b: Bird Strike|Staraptor, L50, M|100/100
|-ability|p2b: Bird Strike|Intimidate|boost
|-unboost|p1b: Kingambit|atk|1
|-ability|p1b: Kingambit|Defiant|boost
|-boost|p1b: Kingambit|atk|2
|turn|7
|inactive|wat2199 has 30 seconds left.
|
|t:|1784334300
|move|p1b: Kingambit|Sucker Punch|p2a: Jogo
|-damage|p2a: Jogo|0 fnt
|faint|p2a: Jogo
|move|p2b: Bird Strike|Close Combat|p1b: Kingambit
|-supereffective|p1b: Kingambit|2
|-damage|p1b: Kingambit|0 fnt
|-unboost|p2b: Bird Strike|def|1
|-unboost|p2b: Bird Strike|spd|1
|faint|p1b: Kingambit
|
|win|wat2199
||Diamondscyther is ready for game 2.
|inactive|wat2199 has 30 seconds to confirm battle start!
||wat2199 is ready for game 2.
|uhtml|next|Next: Game 2 of 3
|l|☆Diamondscyther
|player|p1|
