|j|☆paperclip007
|j|☆Drmwvr
|html|paperclip007Drmwvr    
|uhtml|bestof|Game 2 of a best-of-3
|t:|1757718964
|gametype|doubles
|player|p1|paperclip007|rocketgruntf|
|player|p2|Drmwvr|nemona-s|
|gen|9
|tier|[Gen 9] VGC 2025 Reg H (Bo3)
|rule|Species Clause: Limit one of each Pokémon
|rule|Item Clause: Limit 1 of each item
|clearpoke
|poke|p1|Toxapex, L50, M|
|poke|p1|Grafaiai, L50, F|
|poke|p1|Weezing-Galar, L50, F|
|poke|p1|Incineroar, L50, M|
|poke|p1|Hippowdon, L50, M|
|poke|p1|Sinistcha, L50|
|poke|p2|Dragonite, L50, F|
|poke|p2|Gholdengo, L50|
|poke|p2|Amoonguss, L50, F|
|poke|p2|Incineroar, L50, F|
|poke|p2|Sneasler, L50, F|
|poke|p2|Archaludon, L50, F|
|teampreview|4
|showteam|p1|Toxapex||Leftovers|Regenerator|BanefulBunker,WideGuard,Infestation,Toxic|||M|||50|,,,,,Grass]Grafaiai||FocusSash|Prankster|Toxic,Encore,SuperFang,KnockOff|||F|||50|,,,,,Dark]Weezing-Galar||SitrusBerry|NeutralizingGas|WillOWisp,StrangeSteam,Protect,Haze|||F|||50|,,,,,Water]Incineroar||SafetyGoggles|Intimidate|PartingShot,WillOWisp,FakeOut,KnockOff|||M|||50|,,,,,Fire]Hippowdon||RockyHelmet|SandStream|Yawn,SandTomb,RockSlide,Protect|||M|||50|,,,,,Water]Sinistcha||CovertCloak|Hospitality|TrickRoom,MatchaGotcha,ShadowBall,Protect||||||50|,,,,,Grass
|showteam|p2|Dragonite||LoadedDice|Multiscale|ScaleShot,ExtremeSpeed,Tailwind,Protect|||F|||50|,,,,,Fairy]Gholdengo||ChoiceSpecs|GoodasGold|MakeItRain,ShadowBall,Thunderbolt,Trick||||||50|,,,,,Dragon]Amoonguss||SitrusBerry|Regenerator|Spore,RagePowder,SludgeBomb,Protect|||F|||50|,,,,,Psychic]Incineroar||RockyHelmet|Intimidate|FlareBlitz,KnockOff,PartingShot,FakeOut|||F|||50|,,,,,Grass]Sneasler||FocusSash|Unburden|CloseCombat,DireClaw,FakeOut,Protect|||F|||50|,,,,,Dark]Archaludon||AssaultVest|Stamina|FlashCannon,DracoMeteor,Snarl,BodyPress|||F|||50|,,,,,Water
|j| jscullan
|j| drillcurlsaresexy
|
|t:|1757719116
|teamsize|p1|4
|teamsize|p2|4
|start
|switch|p1a: Hippowdon|Hippowdon, L50, M|100/100
|switch|p1b: Toxapex|Toxapex, L50, M|100/100
|switch|p2a: Dragonite|Dragonite, L50, F|100/100
|switch|p2b: Sneasler|Sneasler, L50, F|100/100
|-weather|Sandstorm|[from] ability: Sand Stream|[of] p1a: Hippowdon
|turn|1
|
|t:|1757719193
|move|p1b: Toxapex|Baneful Bunker|p1b: Toxapex
|-singleturn|p1b: Toxapex|move: Protect
|move|p2b: Sneasler|Dire Claw|p1a: Hippowdon
|-resisted|p1a: Hippowdon
|-crit|p1a: Hippowdon
|-damage|p1a: Hippowdon|78/100
|-status|p1a: Hippowdon|slp
|-damage|p2b: Sneasler|84/100|[from] item: Rocky Helmet|[of] p1a: Hippowdon
|move|p2a: Dragonite|Scale Shot|p1b: Toxapex
|-activate|p1b: Toxapex|move: Protect
|cant|p1a: Hippowdon|slp
|
|-weather|Sandstorm|[upkeep]
|-damage|p2b: Sneasler|79/100|[from] Sandstorm
|-damage|p2a: Dragonite|95/100|[from] Sandstorm
|-damage|p1b: Toxapex|95/100|[from] Sandstorm
|-heal|p1b: Toxapex|100/100|[from] item: Leftovers
|upkeep
|turn|2
|
|t:|1757719218
|switch|p1a: Incineroar|Incineroar, L50, M|100/100
|-ability|p1a: Incineroar|Intimidate|boost
|-unboost|p2a: Dragonite|atk|1
|-unboost|p2b: Sneasler|atk|1
|move|p2b: Sneasler|Dire Claw|p1b: Toxapex
|-resisted|p1b: Toxapex
|-damage|p1b: Toxapex|89/100
|move|p2a: Dragonite|Scale Shot|p1a: Incineroar
|-damage|p1a: Incineroar|90/100
|-damage|p1a: Incineroar|80/100
|-damage|p1a: Incineroar|70/100
|-damage|p1a: Incineroar|61/100
|-hitcount|p1a: Incineroar|4
|-unboost|p2a: Dragonite|def|1
|-boost|p2a: Dragonite|spe|1
|move|p1b: Toxapex|Toxic|p2a: Dragonite
|-status|p2a: Dragonite|tox
|
|-weather|Sandstorm|[upkeep]
|-damage|p2a: Dragonite|89/100 tox|[from] Sandstorm
|-damage|p2b: Sneasler|73/100|[from] Sandstorm
|-damage|p1b: Toxapex|83/100|[from] Sandstorm
|-heal|p1b: Toxapex|89/100|[from] item: Leftovers
|-damage|p2a: Dragonite|83/100 tox|[from] psn
|upkeep
|turn|3
|
|t:|1757719258
|switch|p2a: Incineroar|Incineroar, L50, F|100/100
|-ability|p2a: Incineroar|Intimidate|boost
|-unboost|p1a: Incineroar|atk|1
|-unboost|p1b: Toxapex|atk|1
|move|p2b: Sneasler|Protect|p2b: Sneasler
|-singleturn|p2b: Sneasler|Protect
|move|p1a: Incineroar|Fake Out|p2b: Sneasler
|-activate|p2b: Sneasler|move: Protect
|move|p1b: Toxapex|Infestation|p2a: Incineroar
|-damage|p2a: Incineroar|98/100
|-activate|p2a: Incineroar|move: Infestation|[of] p1b: Toxapex
|-damage|p1b: Toxapex|72/100|[from] item: Rocky Helmet|[of] p2a: Incineroar
|
|-weather|Sandstorm|[upkeep]
|-damage|p2b: Sneasler|67/100|[from] Sandstorm
|-damage|p2a: Incineroar|92/100|[from] Sandstorm
|-damage|p1b: Toxapex|67/100|[from] Sandstorm
|-heal|p1b: Toxapex|72/100|[from] item: Leftovers
|-damage|p2a: Incineroar|80/100|[from] move: Infestation|[partiallytrapped]
|upkeep
|turn|4
|
|t:|1757719295
|move|p1b: Toxapex|Baneful Bunker|p1b: Toxapex
|-singleturn|p1b: Toxapex|move: Protect
|move|p2b: Sneasler|Close Combat|p1a: Incineroar
|-supereffective|p1a: Incineroar
|-damage|p1a: Incineroar|0 fnt
|-unboost|p2b: Sneasler|def|1
|-unboost|p2b: Sneasler|spd|1
|faint|p1a: Incineroar
|move|p2a: Incineroar|Knock Off|p1b: Toxapex
|-activate|p1b: Toxapex|move: Protect
|-status|p2a: Incineroar|psn
|
|-weather|Sandstorm|[upkeep]
|-damage|p2b: Sneasler|61/100|[from] Sandstorm
|-damage|p2a: Incineroar|74/100 psn|[from] Sandstorm
|-damage|p1b: Toxapex|67/100|[from] Sandstorm
|-heal|p1b: Toxapex|72/100|[from] item: Leftovers
|-damage|p2a: Incineroar|61/100 psn|[from] psn
|-damage|p2a: Incineroar|49/100 psn|[from] move: Infestation|[partiallytrapped]
|upkeep
|
|t:|1757719313
|switch|p1a: Weezing|Weezing-Galar, L50, F|100/100
|-ability|p1a: Weezing|Neutralizing Gas
|turn|5
|
|t:|1757719336
|switch|p2b: Dragonite|Dragonite, L50, F|83/100 tox
|-terastallize|p1a: Weezing|Water
|move|p2a: Incineroar|Knock Off|p1a: Weezing
|-damage|p1a: Weezing|66/100
|-enditem|p1a: Weezing|Sitrus Berry|[from] move: Knock Off|[of] p2a: Incineroar
|move|p1a: Weezing|Strange Steam|p2b: Dragonite
|-supereffective|p2b: Dragonite
|-damage|p2b: Dragonite|28/100 tox
|-start|p2b: Dragonite|confusion
|move|p1b: Toxapex|Toxic|p2b: Dragonite
|-fail|p2b: Dragonite|tox
|
|-weather|none
|-heal|p1b: Toxapex|78/100|[from] item: Leftovers
|-damage|p2b: Dragonite|22/100 tox|[from] psn
|-damage|p2a: Incineroar|36/100 psn|[from] psn
|-damage|p2a: Incineroar|24/100 psn|[from] move: Infestation|[partiallytrapped]
|upkeep
|turn|6
|
|t:|1757719385
|move|p1a: Weezing|Protect|p1a: Weezing
|-singleturn|p1a: Weezing|Protect
|move|p1b: Toxapex|Baneful Bunker|p1b: Toxapex
|-singleturn|p1b: Toxapex|move: Protect
|-activate|p2b: Dragonite|confusion
|move|p2b: Dragonite|Scale Shot|p1b: Toxapex
|-activate|p1b: Toxapex|move: Protect
|move|p2a: Incineroar|Knock Off|p1a: Weezing
|-activate|p1a: Weezing|move: Protect
|
|-heal|p1b: Toxapex|84/100|[from] item: Leftovers
|-damage|p2b: Dragonite|10/100 tox|[from] psn
|-damage|p2a: Incineroar|11/100 psn|[from] psn
|-damage|p2a: Incineroar|0 fnt|[from] move: Infestation|[partiallytrapped]
|faint|p2a: Incineroar
|upkeep
|
|t:|1757719403
|switch|p2a: Gholdengo|Gholdengo, L50|100/100
|turn|7
|
|t:|1757719435
|move|p1a: Weezing|Protect||[still]
|-fail|p1a: Weezing
|-activate|p2b: Dragonite|confusion
|move|p2b: Dragonite|Extreme Speed|p1a: Weezing
|-damage|p1a: Weezing|38/100
|move|p2a: Gholdengo|Thunderbolt|p1b: Toxapex
|-supereffective|p1b: Toxapex
|-damage|p1b: Toxapex|16/100
|move|p1b: Toxapex|Toxic|p2a: Gholdengo
|-immune|p2a: Gholdengo
|
|-heal|p1b: Toxapex|22/100|[from] item: Leftovers
|-damage|p2b: Dragonite|0 fnt|[from] psn
|faint|p2b: Dragonite
|upkeep
|
|t:|1757719449
|switch|p2b: Sneasler|Sneasler, L50, F|61/100
|turn|8
|
|t:|1757719484
|-end|p1a: Weezing|ability: Neutralizing Gas
|switch|p1a: Hippowdon|Hippowdon, L50, M|78/100 slp
|-weather|Sandstorm|[from] ability: Sand Stream|[of] p1a: Hippowdon
|move|p1b: Toxapex|Wide Guard|p1b: Toxapex
|-singleturn|p1b: Toxapex|Wide Guard
|move|p2b: Sneasler|Dire Claw|p1a: Hippowdon
|-resisted|p1a: Hippowdon
|-damage|p1a: Hippowdon|63/100 slp
|-damage|p2b: Sneasler|45/100|[from] item: Rocky Helmet|[of] p1a: Hippowdon
|move|p2a: Gholdengo|Thunderbolt|p1b: Toxapex
|-supereffective|p1b: Toxapex
|-damage|p1b: Toxapex|0 fnt
|faint|p1b: Toxapex
|
|-weather|Sandstorm|[upkeep]
|-damage|p2b: Sneasler|39/100|[from] Sandstorm
|upkeep
|
|t:|1757719499
|switch|p1b: Weezing|Weezing-Galar, L50, F, tera:Water|38/100
|-ability|p1b: Weezing|Neutralizing Gas
|turn|9
|
|t:|1757719521
|move|p2b: Sneasler|Close Combat|p1a: Hippowdon
|-damage|p1a: Hippowdon|14/100 slp
|-unboost|p2b: Sneasler|def|1
|-unboost|p2b: Sneasler|spd|1
|-damage|p2b: Sneasler|23/100|[from] item: Rocky Helmet|[of] p1a: Hippowdon
|move|p2a: Gholdengo|Thunderbolt|p1b: Weezing
|-supereffective|p1b: Weezing
|-damage|p1b: Weezing|0 fnt
|faint|p1b: Weezing
|-end|p1b: Weezing|ability: Neutralizing Gas
|cant|p1a: Hippowdon|slp
|
|-weather|Sandstorm|[upkeep]
|-damage|p2b: Sneasler|17/100|[from] Sandstorm
|upkeep
|turn|10
|
|t:|1757719547
|cant|p1a: Hippowdon|slp
|move|p2b: Sneasler|Close Combat|p1a: Hippowdon
|-crit|p1a: Hippowdon
|-damage|p1a: Hippowdon|0 fnt
|-unboost|p2b: Sneasler|def|1
|-unboost|p2b: Sneasler|spd|1
|-damage|p2b: Sneasler|1/100|[from] item: Rocky Helmet|[of] p1a: Hippowdon
|faint|p1a: Hippowdon
|
|win|Drmwvr
|l|☆paperclip007
|player|p1|
|l| drillcurlsaresexy
|l| jscullan
