|j|☆maxspeedincineroar
|j|☆sedrav
|html|maxspeedincineroarsedrav    
|uhtml|bestof|Game 2 of a best-of-3
|t:|1785784076
|gametype|doubles
|player|p1|maxspeedincineroar|169|1222
|player|p2|sedrav|hilbert|1230
|gen|9
|tier|[Gen 9 Champions] VGC 2026 Reg M-B (Bo3)
|rated|
|rule|Species Clause: Limit one of each Pokémon
|rule|Item Clause: Limit 1 of each item
|clearpoke
|poke|p1|Pelipper, L50, M|
|poke|p1|Archaludon, L50, M, shiny|
|poke|p1|Charizard, L50, M|
|poke|p1|Venusaur, L50, F|
|poke|p1|Basculegion, L50, M|
|poke|p1|Grimmsnarl, L50, M|
|poke|p2|Tyranitar, L50, M|
|poke|p2|Excadrill, L50, F|
|poke|p2|Milotic, L50, M|
|poke|p2|Sinistcha, L50|
|poke|p2|Staraptor, L50, M|
|poke|p2|Gholdengo, L50|
|teampreview|4
|showteam|p1|Pelipper||SitrusBerry|Drizzle|WeatherBall,Hurricane,Tailwind,WideGuard|Modest||M|||50|]Archaludon||Leftovers|Stamina|Protect,DragonPulse,FlashCannon,ElectroShot|Modest||M|||50|]Charizard||CharizarditeY|Blaze|Protect,WeatherBall,HeatWave,Hurricane|Modest||M|||50|]Venusaur||FocusSash|Chlorophyll|Protect,LeafStorm,SludgeBomb,SleepPowder|Modest||F|||50|]Basculegion||ChoiceScarf|Adaptability|WaveCrash,FlipTurn,LastRespects,AquaJet|Jolly||M|||50|]Grimmsnarl||LightClay|Prankster|SpiritBreak,PartingShot,Reflect,LightScreen|Careful||M|||50|
|showteam|p2|Tyranitar||Tyranitarite|SandStream|KnockOff,RockSlide,LowKick,Protect|Jolly||M|||50|]Excadrill||FocusSash|SandRush|HighHorsepower,IronHead,RockSlide,Protect|Adamant||F|||50|]Milotic||SitrusBerry|Competitive|Scald,Haze,IceBeam,Protect|Bold||M|||50|]Sinistcha||ColburBerry|Hospitality|MatchaGotcha,ShadowBall,Protect,RagePowder|Bold|||||50|]Staraptor||Staraptite|Intimidate|CloseCombat,BraveBird,Tailwind,Protect|Jolly||M|||50|]Gholdengo||LifeOrb|GoodasGold|MakeItRain,ShadowBall,NastyPlot,Protect|Modest|||||50|
|inactive|Battle timer is ON: inactive players will automatically lose when time's up. (requested by sedrav)
|
|t:|1785784106
|teamsize|p1|4
|teamsize|p2|4
|start
|switch|p1a: Venusaur|Venusaur, L50, F|100/100
|switch|p1b: Charizard|Charizard, L50, M|100/100
|switch|p2a: Tyranitar|Tyranitar, L50, M|100/100
|switch|p2b: Staraptor|Staraptor, L50, M|100/100
|-ability|p2b: Staraptor|Intimidate|boost
|-unboost|p1a: Venusaur|atk|1
|-unboost|p1b: Charizard|atk|1
|-weather|Sandstorm|[from] ability: Sand Stream|[of] p2a: Tyranitar
|turn|1
|inactive|maxspeedincineroar has 30 seconds left.
|inactive|sedrav has 30 seconds left.
|
|t:|1785784140
|move|p1b: Charizard|Protect|p1b: Charizard
|-singleturn|p1b: Charizard|Protect
|move|p2a: Tyranitar|Protect|p2a: Tyranitar
|-singleturn|p2a: Tyranitar|Protect
|move|p2b: Staraptor|Tailwind|p2b: Staraptor
|-sidestart|p2: sedrav|move: Tailwind
|move|p1a: Venusaur|Sleep Powder|p2b: Staraptor
|-status|p2b: Staraptor|slp|[from] move: Sleep Powder
|
|-weather|Sandstorm|[upkeep]
|-damage|p2b: Staraptor|94/100 slp|[from] Sandstorm
|-damage|p1b: Charizard|94/100|[from] Sandstorm
|-damage|p1a: Venusaur|94/100|[from] Sandstorm
|upkeep
|turn|2
|inactive|maxspeedincineroar has 30 seconds left.
|inactive|sedrav has 30 seconds left.
|
|t:|1785784170
|switch|p2a: Sinistcha|Sinistcha, L50|100/100
|-heal|p2b: Staraptor|100/100 slp|[from] ability: Hospitality|[of] p2a: Sinistcha
|switch|p1b: Pelipper|Pelipper, L50, M|100/100
|-weather|RainDance|[from] ability: Drizzle|[of] p1b: Pelipper
|cant|p2b: Staraptor|slp
|move|p1a: Venusaur|Sludge Bomb|p2b: Staraptor
|-damage|p2b: Staraptor|38/100 slp
|
|-weather|RainDance|[upkeep]
|upkeep
|turn|3
|inactive|maxspeedincineroar has 30 seconds left.
|inactive|sedrav has 30 seconds left.
|
|t:|1785784198
|switch|p2a: Milotic|Milotic, L50, M|100/100
|cant|p2b: Staraptor|slp
|move|p1a: Venusaur|Leaf Storm|p2b: Staraptor
|-resisted|p2b: Staraptor|1
|-damage|p2b: Staraptor|0 fnt
|-unboost|p1a: Venusaur|spa|2
|faint|p2b: Staraptor
|move|p1b: Pelipper|Tailwind|p1b: Pelipper
|-sidestart|p1: maxspeedincineroar|move: Tailwind
|
|-weather|RainDance|[upkeep]
|upkeep
|
|t:|1785784206
|switch|p2b: Tyranitar|Tyranitar, L50, M|100/100
|-weather|Sandstorm|[from] ability: Sand Stream|[of] p2b: Tyranitar
|turn|4
|
|t:|1785784229
|move|p1a: Venusaur|Sleep Powder|p2b: Tyranitar|[miss]
|-miss|p1a: Venusaur|p2b: Tyranitar
|move|p2b: Tyranitar|Knock Off|p1b: Pelipper
|-damage|p1b: Pelipper|49/100
|-enditem|p1b: Pelipper|Sitrus Berry|[from] move: Knock Off|[of] p2b: Tyranitar
|move|p2a: Milotic|Ice Beam|p1a: Venusaur
|-supereffective|p1a: Venusaur|1
|-damage|p1a: Venusaur|39/100
|move|p1b: Pelipper|Weather Ball|p2b: Tyranitar
|-crit|p2b: Tyranitar
|-damage|p2b: Tyranitar|72/100
|
|-weather|Sandstorm|[upkeep]
|-damage|p1a: Venusaur|33/100|[from] Sandstorm
|-damage|p2a: Milotic|94/100|[from] Sandstorm
|-damage|p1b: Pelipper|43/100|[from] Sandstorm
|-sideend|p2: sedrav|move: Tailwind
|upkeep
|turn|5
|inactive|sedrav has 30 seconds left.
|inactive|sedrav has 20 seconds left.
|inactive|sedrav has 15 seconds left.
|
|t:|1785784270
|move|p1b: Pelipper|Wide Guard|p1b: Pelipper
|-singleturn|p1b: Pelipper|Wide Guard
|move|p1a: Venusaur|Sleep Powder|p2a: Milotic
|-status|p2a: Milotic|slp|[from] move: Sleep Powder
|move|p2b: Tyranitar|Rock Slide|p1a: Venusaur|[spread] 
|-activate|p1a: Venusaur|move: Wide Guard
|-activate|p1b: Pelipper|move: Wide Guard
|cant|p2a: Milotic|slp
|
|-weather|Sandstorm|[upkeep]
|-damage|p1a: Venusaur|28/100|[from] Sandstorm
|-damage|p1b: Pelipper|37/100|[from] Sandstorm
|-damage|p2a: Milotic|88/100 slp|[from] Sandstorm
|upkeep
|turn|6
|
|t:|1785784285
|move|p1a: Venusaur|Leaf Storm|p2b: Tyranitar
|-supereffective|p2b: Tyranitar|1
|-damage|p2b: Tyranitar|37/100
|-unboost|p1a: Venusaur|spa|2
|move|p1b: Pelipper|Weather Ball|p2b: Tyranitar
|-damage|p2b: Tyranitar|19/100
|move|p2b: Tyranitar|Rock Slide|p1a: Venusaur|[spread] p1a,p1b
|-supereffective|p1b: Pelipper|1
|-damage|p1a: Venusaur|0 fnt
|-damage|p1b: Pelipper|0 fnt
|faint|p1a: Venusaur
|faint|p1b: Pelipper
|-curestatus|p2a: Milotic|slp|[msg]
|move|p2a: Milotic|Ice Beam|p1: Venusaur|[notarget]
|-fail|p2a: Milotic
|
|-weather|Sandstorm|[upkeep]
|-damage|p2a: Milotic|82/100|[from] Sandstorm
|-sideend|p1: maxspeedincineroar|move: Tailwind
|upkeep
|inactive|maxspeedincineroar has 30 seconds left.
|
|t:|1785784313
|switch|p1a: Charizard|Charizard, L50, M|94/100
|switch|p1b: Basculegion|Basculegion, L50, M|100/100
|turn|7
|inactive|sedrav has 30 seconds left.
|
|t:|1785784338
|switch|p2a: Sinistcha|Sinistcha, L50|100/100
|-heal|p2b: Tyranitar|44/100|[from] ability: Hospitality|[of] p2a: Sinistcha
|detailschange|p1a: Charizard|Charizard-Mega-Y, L50, M
|-mega|p1a: Charizard|Charizard|Charizardite Y
|-weather|SunnyDay|[from] ability: Drought|[of] p1a: Charizard
|move|p2b: Tyranitar|Protect|p2b: Tyranitar
|-singleturn|p2b: Tyranitar|Protect
|move|p1b: Basculegion|Last Respects|p2a: Sinistcha
|-supereffective|p2a: Sinistcha|1
|-damage|p2a: Sinistcha|0 fnt
|faint|p2a: Sinistcha
|move|p1a: Charizard|Weather Ball|p2b: Tyranitar
|-activate|p2b: Tyranitar|move: Protect
|
|-weather|SunnyDay|[upkeep]
|upkeep
|
|t:|1785784351
|switch|p2a: Milotic|Milotic, L50, M|82/100
|turn|8
|
|t:|1785784358
|detailschange|p2b: Tyranitar|Tyranitar-Mega, L50, M
|-mega|p2b: Tyranitar|Tyranitar|Tyranitarite
|-weather|Sandstorm|[from] ability: Sand Stream|[of] p2b: Tyranitar
|move|p1b: Basculegion|Last Respects|p2b: Tyranitar
|-resisted|p2b: Tyranitar|1
|-damage|p2b: Tyranitar|12/100
|move|p2b: Tyranitar|Knock Off|p1b: Basculegion
|-supereffective|p1b: Basculegion|1
|-crit|p1b: Basculegion
|-damage|p1b: Basculegion|0 fnt
|-enditem|p1b: Basculegion|Choice Scarf|[from] move: Knock Off|[of] p2b: Tyranitar
|faint|p1b: Basculegion
|move|p1a: Charizard|Weather Ball|p2b: Tyranitar
|-damage|p2b: Tyranitar|0 fnt
|faint|p2b: Tyranitar
|move|p2a: Milotic|Scald|p1a: Charizard
|-supereffective|p1a: Charizard|1
|-damage|p1a: Charizard|31/100
|
|-weather|Sandstorm|[upkeep]
|-damage|p1a: Charizard|25/100|[from] Sandstorm
|-damage|p2a: Milotic|76/100|[from] Sandstorm
|upkeep
|turn|9
|
|t:|1785784380
|move|p1a: Charizard|Protect|p1a: Charizard
|-singleturn|p1a: Charizard|Protect
|move|p2a: Milotic|Scald|p1a: Charizard
|-activate|p1a: Charizard|move: Protect
|
|-weather|Sandstorm|[upkeep]
|-damage|p1a: Charizard|19/100|[from] Sandstorm
|-damage|p2a: Milotic|70/100|[from] Sandstorm
|upkeep
|turn|10
|
|t:|1785784384
|move|p1a: Charizard|Hurricane|p2a: Milotic
|-damage|p2a: Milotic|19/100
|-enditem|p2a: Milotic|Sitrus Berry|[eat]
|-heal|p2a: Milotic|44/100|[from] item: Sitrus Berry
|move|p2a: Milotic|Scald|p1a: Charizard
|-supereffective|p1a: Charizard|1
|-damage|p1a: Charizard|0 fnt
|faint|p1a: Charizard
|
|win|sedrav
||maxspeedincineroar is ready for game 3.
||sedrav is ready for game 3.
|uhtml|next|Next: Game 3 of 3
|l|☆maxspeedincineroar
|player|p1|
