|j|☆snailboss
|j|☆Mahdrescher
|html|snailbossMahdrescher    
|uhtml|bestof|Game 2 of a best-of-3
|t:|1756411364
|gametype|doubles
|player|p1|snailboss|hilda-wonderlauncher|1244
|player|p2|Mahdrescher|265|1410
|gen|9
|tier|[Gen 9] VGC 2025 Reg H (Bo3)
|rated|
|rule|Species Clause: Limit one of each Pokémon
|rule|Item Clause: Limit 1 of each item
|clearpoke
|poke|p1|Kingambit, L50, M|
|poke|p1|Rillaboom, L50, F|
|poke|p1|Volcarona, L50, M|
|poke|p1|Tauros-Paldea-Aqua, L50, M|
|poke|p1|Electabuzz, L50, M|
|poke|p1|Ninetales-Alola, L50, M|
|poke|p2|Rillaboom, L50, F|
|poke|p2|Electabuzz, L50, M|
|poke|p2|Archaludon, L50, M|
|poke|p2|Kingambit, L50, M|
|poke|p2|Pelipper, L50, M|
|poke|p2|Basculegion, L50, M|
|teampreview|4
|showteam|p1|Kingambit||BlackGlasses|Defiant|SuckerPunch,KowtowCleave,SwordsDance,Protect|||M|||50|,,,,,Ghost]Rillaboom||AssaultVest|GrassySurge|FakeOut,GrassyGlide,WoodHammer,HighHorsepower|||F|||50|,,,,,Fire]Volcarona||CovertCloak|FlameBody|QuiverDance,HeatWave,GigaDrain,Protect|||M|||50|,,,,,Grass]Tauros-Paldea-Aqua||GrassySeed|Intimidate|WaveCrash,BodyPress,Protect,AquaJet|||M|||50|,,,,,Fire]Electabuzz||Eviolite|VitalSpirit|HelpingHand,Thunderbolt,Protect,FollowMe|||M|||50|,,,,,Fairy]Ninetales-Alola||FocusSash|SnowWarning|Protect,Encore,FreezeDry,Disable|||M|||50|,,,,,Ghost
|showteam|p2|Rillaboom||LoadedDice|GrassySurge|BulletSeed,GrassyGlide,HighHorsepower,FakeOut|||F|||50|,,,,,Fire]Electabuzz||Eviolite|VitalSpirit|Electroweb,Taunt,FollowMe,Protect|||M|||50|,,,,,Ghost]Archaludon||AssaultVest|Stamina|ElectroShot,BodyPress,FlashCannon,DragonPulse|||M|||50|,,,,,Bug]Kingambit||BlackGlasses|Defiant|KowtowCleave,SuckerPunch,SwordsDance,Protect|||M|||50|,,,,,Dark]Pelipper||FocusSash|Drizzle|WeatherBall,Hurricane,Tailwind,Protect|||M|||50|,,,,,Ghost]Basculegion||ChoiceBand|SwiftSwim|WaveCrash,AquaJet,FlipTurn,LastRespects|||M|||50|,,,,,Grass
|
|t:|1756411393
|teamsize|p1|4
|teamsize|p2|4
|start
|switch|p1a: Kingambit|Kingambit, L50, M|100/100
|switch|p1b: Rillaboom|Rillaboom, L50, F|100/100
|switch|p2a: Gaia|Rillaboom, L50, F|100/100
|switch|p2b: Hephaistos|Archaludon, L50, M|100/100
|-fieldstart|move: Grassy Terrain|[from] ability: Grassy Surge|[of] p2a: Gaia
|turn|1
|
|t:|1756411436
|-terastallize|p2b: Hephaistos|Bug
|-terastallize|p1a: Kingambit|Ghost
|move|p1b: Rillaboom|Fake Out|p2a: Gaia
|-damage|p2a: Gaia|88/100
|cant|p2a: Gaia|flinch
|move|p2b: Hephaistos|Body Press|p1a: Kingambit
|-immune|p1a: Kingambit
|move|p1a: Kingambit|Swords Dance|p1a: Kingambit
|-boost|p1a: Kingambit|atk|2
|
|-heal|p2a: Gaia|94/100|[from] Grassy Terrain
|upkeep
|turn|2
|
|t:|1756411491
|switch|p2b: Poseidon|Basculegion, L50, M|100/100
|move|p1b: Rillaboom|Grassy Glide|p2b: Poseidon
|-supereffective|p2b: Poseidon
|-damage|p2b: Poseidon|11/100
|move|p1a: Kingambit|Sucker Punch||[still]
|-fail|p1a: Kingambit
|move|p2a: Gaia|Bullet Seed|p1a: Kingambit
|-damage|p1a: Kingambit|86/100
|-damage|p1a: Kingambit|73/100
|-damage|p1a: Kingambit|59/100
|-damage|p1a: Kingambit|46/100
|-hitcount|p1a: Kingambit|4
|
|-heal|p2b: Poseidon|17/100|[from] Grassy Terrain
|-heal|p2a: Gaia|99/100|[from] Grassy Terrain
|-heal|p1a: Kingambit|52/100|[from] Grassy Terrain
|upkeep
|turn|3
|
|t:|1756411522
|switch|p2b: Hephaistos|Archaludon, L50, M, tera:Bug|100/100
|move|p1b: Rillaboom|Grassy Glide|p2b: Hephaistos
|-resisted|p2b: Hephaistos
|-damage|p2b: Hephaistos|86/100
|-ability|p2b: Hephaistos|Stamina|boost
|-boost|p2b: Hephaistos|def|1
|move|p1a: Kingambit|Sucker Punch|p2a: Gaia
|-damage|p2a: Gaia|0 fnt
|faint|p2a: Gaia
|
|-heal|p2b: Hephaistos|92/100|[from] Grassy Terrain
|-heal|p1a: Kingambit|58/100|[from] Grassy Terrain
|upkeep
|
|t:|1756411534
|switch|p2a: Ikarus|Pelipper, L50, M|100/100
|-weather|RainDance|[from] ability: Drizzle|[of] p2a: Ikarus
|turn|4
|
|t:|1756411559
|move|p2a: Ikarus|Protect|p2a: Ikarus
|-singleturn|p2a: Ikarus|Protect
|move|p1a: Kingambit|Sucker Punch|p2b: Hephaistos
|-damage|p2b: Hephaistos|42/100
|-ability|p2b: Hephaistos|Stamina|boost
|-boost|p2b: Hephaistos|def|1
|move|p2b: Hephaistos|Flash Cannon|p1b: Rillaboom
|-damage|p1b: Rillaboom|73/100
|move|p1b: Rillaboom|Wood Hammer|p2a: Ikarus
|-activate|p2a: Ikarus|move: Protect
|
|-weather|RainDance|[upkeep]
|-heal|p2b: Hephaistos|48/100|[from] Grassy Terrain
|-heal|p1b: Rillaboom|78/100|[from] Grassy Terrain
|-heal|p1a: Kingambit|64/100|[from] Grassy Terrain
|upkeep
|turn|5
|-message|Mahdrescher forfeited.
|
|win|snailboss
|l|☆Mahdrescher
|player|p2|
||Mahdrescher is ready for game 3.
