|j|☆naibot2814
|j|☆Betonthecrit
|html|naibot2814Betonthecrit    
|uhtml|bestof|Game 2 of a best-of-3
|t:|1784060784
|gametype|doubles
|player|p1|naibot2814|colress|1339
|player|p2|Betonthecrit|170|1324
|gen|9
|tier|[Gen 9 Champions] VGC 2026 Reg M-B (Bo3)
|rated|
|rule|Species Clause: Limit one of each Pokémon
|rule|Item Clause: Limit 1 of each item
|clearpoke
|poke|p1|Blastoise, L50, M|
|poke|p1|Incineroar, L50, M|
|poke|p1|Sneasler, L50, M|
|poke|p1|Sinistcha, L50|
|poke|p1|Kingambit, L50, M, shiny|
|poke|p1|Delphox, L50, F|
|poke|p2|Froslass, L50, F|
|poke|p2|Dragonite, L50, F|
|poke|p2|Toxapex, L50, F|
|poke|p2|Sneasler, L50, F|
|poke|p2|Kingambit, L50, M|
|poke|p2|Blaziken, L50, F|
|teampreview|4
|showteam|p1|Blastoise||Blastoisinite|Torrent|WaterSpout,DarkPulse,ShellSmash,Protect|Modest||M|||50|]Incineroar||SitrusBerry|Intimidate|FakeOut,FlareBlitz,DarkestLariat,PartingShot|Careful||M|||50|]Sneasler||FocusSash|PoisonTouch|FakeOut,CloseCombat,PoisonJab,RockTomb|Jolly||M|||50|]Sinistcha||KasibBerry|Hospitality|MatchaGotcha,TrickRoom,RagePowder,Protect|Bold|||||50|]Kingambit||BlackGlasses|Defiant|KowtowCleave,SuckerPunch,SwordsDance,Protect|Adamant||M|||50|]Delphox||Delphoxite|Blaze|HeatWave,Psyshock,NastyPlot,Protect|Timid||F|||50|
|showteam|p2|Froslass||Froslassite|CursedBody|Blizzard,ShadowBall,AuroraVeil,Protect|Timid||F|||50|]Dragonite||LifeOrb|InnerFocus|DragonClaw,ExtremeSpeed,LowKick,Protect|Adamant||F|||50|]Toxapex||Leftovers|Regenerator|Infestation,Toxic,WideGuard,BanefulBunker|Bold||F|||50|]Sneasler||FocusSash|PoisonTouch|CloseCombat,PoisonJab,FakeOut,Protect|Jolly||F|||50|]Kingambit||BlackGlasses|Defiant|KowtowCleave,IronHead,SuckerPunch,Protect|Adamant||M|||50|]Blaziken||Blazikenite|SpeedBoost|CloseCombat,FlareBlitz,RockSlide,Protect|Adamant||F|||50|
|inactive|Battle timer is ON: inactive players will automatically lose when time's up. (requested by Betonthecrit)
|inactive|naibot2814 has 60 seconds left.
|
|t:|1784060814
|teamsize|p1|4
|teamsize|p2|4
|start
|switch|p1a: Delphox|Delphox, L50, F|100/100
|switch|p1b: Sneasler|Sneasler, L50, M|100/100
|switch|p2a: Dragonite|Dragonite, L50, F|100/100
|switch|p2b: Sneasler|Sneasler, L50, F|100/100
|turn|1
|
|t:|1784060829
|detailschange|p1a: Delphox|Delphox-Mega, L50, F
|-mega|p1a: Delphox|Delphox|Delphoxite
|move|p1a: Delphox|Heat Wave|p2a: Dragonite|[spread] p2a,p2b
|-resisted|p2a: Dragonite|1
|-damage|p2a: Dragonite|83/100
|-damage|p2b: Sneasler|47/100
|move|p1b: Sneasler|Rock Tomb|p2a: Dragonite
|-supereffective|p2a: Dragonite|1
|-damage|p2a: Dragonite|45/100
|-unboost|p2a: Dragonite|spe|1
|move|p2b: Sneasler|Poison Jab|p1a: Delphox
|-damage|p1a: Delphox|36/100
|-status|p1a: Delphox|psn
|move|p2a: Dragonite|Dragon Claw|p1a: Delphox
|-damage|p1a: Delphox|0 fnt
|faint|p1a: Delphox
|-damage|p2a: Dragonite|36/100|[from] item: Life Orb
|
|upkeep
|
|t:|1784060843
|switch|p1a: Kingambit|Kingambit, L50, M, shiny|100/100
|turn|2
|
|t:|1784060860
|switch|p2a: Toxapex|Toxapex, L50, F|100/100
|move|p2b: Sneasler|Protect|p2b: Sneasler
|-singleturn|p2b: Sneasler|Protect
|move|p1a: Kingambit|Protect|p1a: Kingambit
|-singleturn|p1a: Kingambit|Protect
|move|p1b: Sneasler|Close Combat|p2b: Sneasler
|-activate|p2b: Sneasler|move: Protect
|
|upkeep
|turn|3
|
|t:|1784060870
|switch|p2b: Froslass|Froslass, L50, F|100/100
|move|p1b: Sneasler|Close Combat|p2b: Froslass
|-immune|p2b: Froslass
|move|p1a: Kingambit|Swords Dance|p1a: Kingambit
|-boost|p1a: Kingambit|atk|2
|move|p2a: Toxapex|Infestation|p1a: Kingambit
|-damage|p1a: Kingambit|96/100
|-activate|p1a: Kingambit|move: Infestation|[of] p2a: Toxapex
|
|-damage|p1a: Kingambit|84/100|[from] move: Infestation|[partiallytrapped]
|upkeep
|turn|4
|
|t:|1784060890
|switch|p1b: Sinistcha|Sinistcha, L50|100/100
|-heal|p1a: Kingambit|100/100|[from] ability: Hospitality|[of] p1b: Sinistcha
|detailschange|p2b: Froslass|Froslass-Mega, L50, F
|-mega|p2b: Froslass|Froslass|Froslassite
|-weather|Snowscape|[from] ability: Snow Warning|[of] p2b: Froslass
|move|p2b: Froslass|Aurora Veil|p2b: Froslass
|-sidestart|p2: Betonthecrit|move: Aurora Veil
|move|p1a: Kingambit|Kowtow Cleave|p2a: Toxapex
|-damage|p2a: Toxapex|47/100
|move|p2a: Toxapex|Infestation|p1b: Sinistcha
|-damage|p1b: Sinistcha|97/100
|-activate|p1b: Sinistcha|move: Infestation|[of] p2a: Toxapex
|
|-weather|Snowscape|[upkeep]
|-heal|p2a: Toxapex|52/100|[from] item: Leftovers
|-damage|p1b: Sinistcha|84/100|[from] move: Infestation|[partiallytrapped]
|-damage|p1a: Kingambit|87/100|[from] move: Infestation|[partiallytrapped]
|upkeep
|turn|5
|
|t:|1784060907
|move|p1a: Kingambit|Sucker Punch|p2b: Froslass
|-supereffective|p2b: Froslass|1
|-damage|p2b: Froslass|0 fnt
|faint|p2b: Froslass
|move|p2a: Toxapex|Toxic|p1b: Sinistcha
|-status|p1b: Sinistcha|tox
|move|p1b: Sinistcha|Trick Room|p1b: Sinistcha
|-fieldstart|move: Trick Room|[of] p1b: Sinistcha
|
|-weather|Snowscape|[upkeep]
|-heal|p2a: Toxapex|58/100|[from] item: Leftovers
|-damage|p1b: Sinistcha|78/100 tox|[from] psn
|-damage|p1a: Kingambit|75/100|[from] move: Infestation|[partiallytrapped]
|-damage|p1b: Sinistcha|66/100 tox|[from] move: Infestation|[partiallytrapped]
|upkeep
|
|t:|1784060910
|switch|p2b: Dragonite|Dragonite, L50, F|36/100
|turn|6
|-message|Betonthecrit forfeited.
|
|win|naibot2814
||Betonthecrit is ready for game 3.
||naibot2814 is ready for game 3.
|uhtml|next|Next: Game 3 of 3
|l|☆Betonthecrit
|player|p2|
