|j|☆moth.o
|j|☆MarMarteau
|html|moth.oMarMarteau    
|uhtml|bestof|Game 1 of a best-of-3
|t:|1756639798
|gametype|doubles
|player|p1|moth.o|roxie|1106
|player|p2|MarMarteau|psychic-gen3|1120
|gen|9
|tier|[Gen 9] VGC 2025 Reg H (Bo3)
|rated|
|rule|Species Clause: Limit one of each Pokémon
|rule|Item Clause: Limit 1 of each item
|clearpoke
|poke|p1|Arcanine-Hisui, L50, M|
|poke|p1|Indeedee-F, L50, F|
|poke|p1|Gallade, L50, M|
|poke|p1|Gholdengo, L50|
|poke|p1|Whimsicott, L50, M|
|poke|p1|Hydreigon, L50, F|
|poke|p2|Electabuzz, L50, M|
|poke|p2|Kingambit, L50, F|
|poke|p2|Volcarona, L50, M|
|poke|p2|Dragonite, L50, F|
|poke|p2|Sneasler, L50, F|
|poke|p2|Rillaboom, L50, F|
|teampreview|4
|showteam|p1|Arcanine-Hisui||SafetyGoggles|Intimidate|RockSlide,FlareBlitz,ExtremeSpeed,Protect|||M|||50|,,,,,Fairy]Indeedee-F||SitrusBerry|PsychicSurge|TrickRoom,FollowMe,Psychic,HelpingHand|||F|||50|,,,,,Fairy]Gallade||LifeOrb|Sharpness|Protect,NightSlash,SacredSword,PsychoCut|||M|||50|,,,,,Grass]Gholdengo||ChoiceSpecs|GoodasGold|Trick,ShadowBall,MakeItRain,PowerGem||||||50|,,,,,Water]Whimsicott||CovertCloak|Prankster|SunnyDay,Moonblast,Encore,Tailwind|||M|||50|,,,,,Dark]Hydreigon||AssaultVest|Levitate|Uturn,Snarl,DarkPulse,DracoMeteor|||F|||50|,,,,,Ghost
|showteam|p2|Electabuzz||Eviolite|VitalSpirit|FollowMe,Thunderbolt,Taunt,Protect|||M|||50|,,,,,Ghost]Kingambit||BlackGlasses|Defiant|KowtowCleave,SuckerPunch,SwordsDance,Protect|||F|||50|,,,,,Dark]Volcarona||Leftovers|FlameBody|HeatWave,TeraBlast,QuiverDance,Protect|||M|||50|,,,,,Fairy]Dragonite||LoadedDice|Multiscale|ScaleShot,ExtremeSpeed,Haze,Protect|||F|||50|,,,,,Fairy]Sneasler||FocusSash|Unburden|DireClaw,CloseCombat,Coaching,FakeOut|||F|||50|,,,,,Stellar]Rillaboom||AssaultVest|GrassySurge|FakeOut,WoodHammer,GrassyGlide,HighHorsepower|||F|||50|,,,,,Fire
|inactive|Battle timer is ON: inactive players will automatically lose when time's up. (requested by MarMarteau)
|inactive|moth.o has 60 seconds left.
|inactive|MarMarteau has 60 seconds left.
|inactive|MarMarteau has 30 seconds left.
|inactive|MarMarteau has 20 seconds left.
|inactive|MarMarteau has 15 seconds left.
|
|t:|1756639880
|teamsize|p1|4
|teamsize|p2|4
|start
|switch|p1a: Galantería|Gallade, L50, M, shiny|100/100
|switch|p1b: Servidumbre|Indeedee-F, L50, F|100/100
|switch|p2a: Electabuzz|Electabuzz, L50, M|100/100
|switch|p2b: Sneasler|Sneasler, L50, F|100/100
|-fieldstart|move: Psychic Terrain|[from] ability: Psychic Surge|[of] p1b: Servidumbre
|turn|1
|inactive|MarMarteau has 30 seconds left.
|inactive|MarMarteau has 20 seconds left.
|inactive|MarMarteau has 15 seconds left.
|inactive|MarMarteau has 10 seconds left.
|inactive|MarMarteau has 5 seconds left.
|
|t:|1756639932
|switch|p2a: Rillaboom|Rillaboom, L50, F|100/100
|-fieldstart|move: Grassy Terrain|[from] ability: Grassy Surge|[of] p2a: Rillaboom
|move|p1b: Servidumbre|Helping Hand|p1a: Galantería
|-singleturn|p1a: Galantería|Helping Hand|[of] p1b: Servidumbre
|move|p2b: Sneasler|Dire Claw|p1a: Galantería
|-damage|p1a: Galantería|22/100
|-status|p1a: Galantería|par
|move|p1a: Galantería|Psycho Cut|p2a: Rillaboom
|-damage|p2a: Rillaboom|0 fnt
|faint|p2a: Rillaboom
|-damage|p1a: Galantería|12/100 par|[from] item: Life Orb
|
|-heal|p1a: Galantería|18/100 par|[from] Grassy Terrain
|upkeep
|
|t:|1756639946
|switch|p2a: Volcarona|Volcarona, L50, M|100/100
|turn|2
|inactive|MarMarteau has 30 seconds left.
|
|t:|1756639976
|switch|p1a: Fenrir|Arcanine-Hisui, L50, M|100/100
|-ability|p1a: Fenrir|Intimidate|boost
|-unboost|p2a: Volcarona|atk|1
|-unboost|p2b: Sneasler|atk|1
|move|p2b: Sneasler|Coaching|p2a: Volcarona
|-boost|p2a: Volcarona|atk|1
|-boost|p2a: Volcarona|def|1
|move|p2a: Volcarona|Quiver Dance|p2a: Volcarona
|-boost|p2a: Volcarona|spa|1
|-boost|p2a: Volcarona|spd|1
|-boost|p2a: Volcarona|spe|1
|move|p1b: Servidumbre|Trick Room|p1b: Servidumbre
|-fieldstart|move: Trick Room|[of] p1b: Servidumbre
|
|upkeep
|turn|3
|
|t:|1756640000
|-terastallize|p2a: Volcarona|Fairy
|move|p1b: Servidumbre|Psychic|p2b: Sneasler
|-supereffective|p2b: Sneasler
|-enditem|p2b: Sneasler|Focus Sash
|-damage|p2b: Sneasler|1/100
|move|p1a: Fenrir|Rock Slide|p2a: Volcarona|[spread] p2a,p2b
|-resisted|p2b: Sneasler
|-damage|p2a: Volcarona|81/100
|-damage|p2b: Sneasler|0 fnt
|faint|p2b: Sneasler
|cant|p2a: Volcarona|flinch
|
|-heal|p2a: Volcarona|87/100|[from] Grassy Terrain
|-heal|p2a: Volcarona|94/100|[from] item: Leftovers
|upkeep
|
|t:|1756640012
|switch|p2b: Electabuzz|Electabuzz, L50, M|100/100
|turn|4
|
|t:|1756640030
|switch|p1b: Galantería|Gallade, L50, M, shiny|18/100 par
|move|p2b: Electabuzz|Thunderbolt|p1a: Fenrir
|-damage|p1a: Fenrir|65/100
|move|p1a: Fenrir|Flare Blitz|p2b: Electabuzz
|-damage|p2b: Electabuzz|56/100
|-damage|p1a: Fenrir|50/100|[from] Recoil
|move|p2a: Volcarona|Heat Wave|p1b: Galantería|[spread] p1a,p1b
|-resisted|p1a: Fenrir
|-damage|p1a: Fenrir|36/100
|-damage|p1b: Galantería|0 fnt
|faint|p1b: Galantería
|
|-heal|p2b: Electabuzz|62/100|[from] Grassy Terrain
|-heal|p1a: Fenrir|42/100|[from] Grassy Terrain
|-heal|p2a: Volcarona|99/100|[from] Grassy Terrain
|-heal|p2a: Volcarona|100/100|[from] item: Leftovers
|upkeep
|
|t:|1756640049
|switch|p1b: Tesorero|Gholdengo, L50|100/100
|turn|5
|
|t:|1756640067
|-terastallize|p1b: Tesorero|Water
|move|p2b: Electabuzz|Follow Me|p2b: Electabuzz
|-singleturn|p2b: Electabuzz|move: Follow Me
|move|p1b: Tesorero|Make It Rain|p2a: Volcarona|[spread] p2a,p2b
|-supereffective|p2a: Volcarona
|-resisted|p2b: Electabuzz
|-damage|p2a: Volcarona|6/100
|-damage|p2b: Electabuzz|31/100
|-unboost|p1b: Tesorero|spa|1
|move|p1a: Fenrir|Rock Slide|p2b: Electabuzz|[spread] p2a,p2b
|-damage|p2a: Volcarona|0 fnt
|-damage|p2b: Electabuzz|9/100
|faint|p2a: Volcarona
|
|-heal|p2b: Electabuzz|15/100|[from] Grassy Terrain
|-heal|p1a: Fenrir|48/100|[from] Grassy Terrain
|-fieldend|move: Grassy Terrain
|upkeep
|turn|6
|-message|MarMarteau forfeited.
|
|win|moth.o
|l|☆MarMarteau
|player|p2|
||MarMarteau is ready for game 2.
|inactive|moth.o has 30 seconds to confirm battle start!
||moth.o is ready for game 2.
|uhtml|next|Next: Game 2 of 3
