|j|☆DAVID867
|j|☆worldenddominat0r
|html|DAVID867worldenddominat0r    
|uhtml|bestof|Game 1 of a best-of-3
|t:|1782266012
|gametype|doubles
|player|p1|DAVID867|102|1077
|player|p2|worldenddominat0r|maid-gen6|1155
|gen|9
|tier|[Gen 9 Champions] VGC 2026 Reg M-B (Bo3)
|rated|
|rule|Species Clause: Limit one of each Pokémon
|rule|Item Clause: Limit 1 of each item
|clearpoke
|poke|p1|Metagross, L50|
|poke|p1|Sneasler, L50, M|
|poke|p1|Whimsicott, L50, M|
|poke|p1|Farigiraf, L50, M|
|poke|p1|Garchomp, L50, M|
|poke|p1|Blaziken, L50, M|
|poke|p2|Staraptor, L50, F|
|poke|p2|Maushold-Four, L50|
|poke|p2|Ninetales-Alola, L50, F|
|poke|p2|Delphox, L50, F|
|poke|p2|Basculegion, L50, M|
|poke|p2|Kingambit, L50, F|
|teampreview|4
|showteam|p1|Metagross||Metagrossite|ClearBody|IronHead,PsychicFangs,IcePunch,Protect|Adamant|||||50|]Sneasler||WhiteHerb|Unburden|CloseCombat,DireClaw,Coaching,FakeOut|Jolly||M|||50|]Whimsicott||FocusSash|Prankster|Tailwind,Moonblast,Charm,SunnyDay|Timid||M|||50|]Farigiraf||SitrusBerry|ArmorTail|EnergyBall,Psychic,Roar,TrickRoom|Bold||M|||50|]Garchomp||ChoiceScarf|RoughSkin|RockSlide,Earthquake,StompingTantrum,DragonClaw|Adamant||M|||50|]Blaziken||Blazikenite|SpeedBoost|RockSlide,FlareBlitz,CloseCombat,Protect|Adamant||M|||50|
|showteam|p2|Staraptor||Staraptite|Intimidate|CloseCombat,BraveBird,Protect,Tailwind|Adamant||F|||50|]Maushold-Four||FocusSash|FriendGuard|SuperFang,Protect,FollowMe,Encore|Jolly|||||50|]Ninetales-Alola||NeverMeltIce|SnowWarning|Blizzard,FreezeDry,IcyWind,Protect|Timid||F|||50|]Delphox||Delphoxite|Blaze|HeatWave,Psyshock,Protect,Substitute|Timid||F|||50|]Basculegion||ChoiceScarf|Adaptability|WaveCrash,LastRespects,FlipTurn,AquaJet|Jolly||M|||50|]Kingambit||BlackGlasses|Defiant|KowtowCleave,SuckerPunch,IronHead,Protect|Adamant||F|||50|
|inactive|Battle timer is ON: inactive players will automatically lose when time's up. (requested by worldenddominat0r)
|inactive|DAVID867 has 60 seconds left.
|inactive|worldenddominat0r has 60 seconds left.
|inactive|DAVID867 has 30 seconds left.
|inactive|worldenddominat0r has 30 seconds left.
|inactive|DAVID867 has 20 seconds left.
|inactive|DAVID867 has 15 seconds left.
|
|t:|1782266091
|teamsize|p1|4
|teamsize|p2|4
|start
|switch|p1a: Farigiraf|Farigiraf, L50, M|100/100
|switch|p1b: Whimsicott|Whimsicott, L50, M|100/100
|switch|p2a: Basculegion|Basculegion, L50, M|100/100
|switch|p2b: Maushold|Maushold-Four, L50|100/100
|turn|1
|inactive|worldenddominat0r has 30 seconds left.
|inactive|worldenddominat0r has 20 seconds left.
|inactive|worldenddominat0r has 15 seconds left.
|inactive|worldenddominat0r has 10 seconds left.
|
|t:|1782266137
|move|p1b: Whimsicott|Charm|p2a: Basculegion
|-unboost|p2a: Basculegion|atk|2
|move|p2a: Basculegion|Wave Crash|p1a: Farigiraf
|-damage|p1a: Farigiraf|72/100
|-damage|p2a: Basculegion|89/100|[from] Recoil
|move|p2b: Maushold|Encore|p1b: Whimsicott
|-start|p1b: Whimsicott|Encore
|move|p1a: Farigiraf|Trick Room|p1a: Farigiraf
|-fieldstart|move: Trick Room|[of] p1a: Farigiraf
|
|upkeep
|turn|2
|inactive|DAVID867 has 30 seconds left.
|inactive|worldenddominat0r has 30 seconds left.
|inactive|DAVID867 has 20 seconds left.
|inactive|worldenddominat0r has 20 seconds left.
|inactive|DAVID867 has 15 seconds left.
|inactive|worldenddominat0r has 15 seconds left.
|inactive|worldenddominat0r has 10 seconds left.
|
|t:|1782266185
|switch|p1b: Sneasler|Sneasler, L50, M|100/100
|switch|p2a: Staraptor|Staraptor, L50, F|100/100
|-ability|p2a: Staraptor|Intimidate|boost
|-unboost|p1a: Farigiraf|atk|1
|-unboost|p1b: Sneasler|atk|1
|-enditem|p1b: Sneasler|White Herb
|-clearnegativeboost|p1b: Sneasler|[silent]
|move|p1a: Farigiraf|Energy Ball|p2a: Staraptor
|-resisted|p2a: Staraptor|1
|-damage|p2a: Staraptor|86/100
|move|p2b: Maushold|Encore|p1a: Farigiraf
|-start|p1a: Farigiraf|Encore
|
|upkeep
|turn|3
|inactive|worldenddominat0r has 30 seconds left.
|inactive|DAVID867 has 30 seconds left.
|inactive|worldenddominat0r has 20 seconds left.
|inactive|DAVID867 has 20 seconds left.
|inactive|worldenddominat0r has 15 seconds left.
|inactive|worldenddominat0r has 10 seconds left.
|inactive|DAVID867 has 15 seconds left.
|inactive|worldenddominat0r has 5 seconds left.
|
|t:|1782266243
|switch|p1a: Whimsicott|Whimsicott, L50, M|100/100
|detailschange|p2a: Staraptor|Staraptor-Mega, L50, F
|-mega|p2a: Staraptor|Staraptor|Staraptite
|move|p2b: Maushold|Protect|p2b: Maushold
|-singleturn|p2b: Maushold|Protect
|move|p1b: Sneasler|Fake Out|p2a: Staraptor
|-damage|p2a: Staraptor|76/100
|cant|p2a: Staraptor|flinch
|
|upkeep
|turn|4
|inactive|worldenddominat0r has 30 seconds left.
|inactive|worldenddominat0r has 20 seconds left.
|inactive|worldenddominat0r has 15 seconds left.
|inactive|worldenddominat0r has 10 seconds left.
|
|t:|1782266288
|move|p1a: Whimsicott|Charm|p2a: Staraptor
|-boost|p2a: Staraptor|atk|2
|move|p2a: Staraptor|Brave Bird|p1b: Sneasler
|-supereffective|p1b: Sneasler|1
|-damage|p1b: Sneasler|0 fnt
|faint|p1b: Sneasler
|-damage|p2a: Staraptor|47/100|[from] Recoil
|move|p2b: Maushold|Encore|p1a: Whimsicott
|-start|p1a: Whimsicott|Encore
|
|upkeep
|
|t:|1782266304
|switch|p1b: Metagross|Metagross, L50|100/100
|turn|5
|
|t:|1782266311
|detailschange|p1b: Metagross|Metagross-Mega, L50
|-mega|p1b: Metagross|Metagross|Metagrossite
|move|p2a: Staraptor|Protect|p2a: Staraptor
|-singleturn|p2a: Staraptor|Protect
|move|p1a: Whimsicott|Charm|p2b: Maushold
|-unboost|p2b: Maushold|atk|2
|move|p1b: Metagross|Psychic Fangs|p2a: Staraptor
|-activate|p2a: Staraptor|move: Protect
|move|p2b: Maushold|Super Fang|p1b: Metagross
|-damage|p1b: Metagross|50/100y
|
|-fieldend|move: Trick Room
|upkeep
|turn|6
|
|t:|1782266338
|switch|p1a: Farigiraf|Farigiraf, L50, M|72/100
|move|p1b: Metagross|Protect|p1b: Metagross
|-singleturn|p1b: Metagross|Protect
|move|p2b: Maushold|Super Fang|p1a: Farigiraf
|-damage|p1a: Farigiraf|36/100
|-enditem|p1a: Farigiraf|Sitrus Berry|[eat]
|-heal|p1a: Farigiraf|60/100|[from] item: Sitrus Berry
|move|p2a: Staraptor|Close Combat|p1b: Metagross
|-activate|p1b: Metagross|move: Protect
|
|upkeep
|turn|7
|inactive|DAVID867 has 30 seconds left.
|inactive|worldenddominat0r has 30 seconds left.
|inactive|worldenddominat0r has 20 seconds left.
|
|t:|1782266374
|switch|p1b: Whimsicott|Whimsicott, L50, M|100/100
|move|p2b: Maushold|Super Fang|p1b: Whimsicott
|-damage|p1b: Whimsicott|50/100g
|move|p2a: Staraptor|Close Combat|p1b: Whimsicott
|-resisted|p1b: Whimsicott|1
|-damage|p1b: Whimsicott|0 fnt
|-boost|p2a: Staraptor|def|1
|-boost|p2a: Staraptor|spd|1
|faint|p1b: Whimsicott
|move|p1a: Farigiraf|Psychic|p2a: Staraptor
|-supereffective|p2a: Staraptor|1
|-damage|p2a: Staraptor|6/100
|
|upkeep
|
|t:|1782266387
|switch|p1b: Metagross|Metagross-Mega, L50|50/100y
|turn|8
|
|t:|1782266400
|move|p1b: Metagross|Protect|p1b: Metagross
|-singleturn|p1b: Metagross|Protect
|move|p2b: Maushold|Follow Me|p2b: Maushold
|-singleturn|p2b: Maushold|move: Follow Me
|move|p2a: Staraptor|Close Combat|p1a: Farigiraf
|-damage|p1a: Farigiraf|0 fnt
|-boost|p2a: Staraptor|def|1
|-boost|p2a: Staraptor|spd|1
|faint|p1a: Farigiraf
|
|upkeep
|turn|9
|
|t:|1782266410
|move|p2b: Maushold|Follow Me|p2b: Maushold
|-singleturn|p2b: Maushold|move: Follow Me
|move|p2a: Staraptor|Close Combat|p1b: Metagross
|-crit|p1b: Metagross
|-damage|p1b: Metagross|0 fnt
|-boost|p2a: Staraptor|def|1
|-boost|p2a: Staraptor|spd|1
|faint|p1b: Metagross
|
|win|worldenddominat0r
||DAVID867 is ready for game 2.
