|j|☆trinton07
|j|☆TPShame
|html|trinton07TPShame    
|uhtml|bestof|Game 1 of a best-of-3
|t:|1785953713
|gametype|doubles
|player|p1|trinton07|101|1243
|player|p2|TPShame|giovanni|1149
|gen|9
|tier|[Gen 9 Champions] VGC 2026 Reg M-B (Bo3)
|rated|
|rule|Species Clause: Limit one of each Pokémon
|rule|Item Clause: Limit 1 of each item
|clearpoke
|poke|p1|Gengar, L50, M|
|poke|p1|Archaludon, L50, M|
|poke|p1|Politoed, L50, M|
|poke|p1|Swampert, L50, F|
|poke|p1|Incineroar, L50, F|
|poke|p1|Sinistcha, L50|
|poke|p2|Kingambit, L50, F, shiny|
|poke|p2|Ninetales-Alola, L50, F|
|poke|p2|Incineroar, L50, F, shiny|
|poke|p2|Dragonite, L50, M|
|poke|p2|Sneasler, L50, M|
|poke|p2|Gengar, L50, M, shiny|
|teampreview|4
|showteam|p1|Gengar||Gengarite|CursedBody|ShadowBall,SludgeBomb,PerishSong,Protect|Modest||M|||50|]Archaludon||Leftovers|Stamina|ElectroShot,DragonPulse,FlashCannon,Protect|Bold||M|||50|]Politoed||SitrusBerry|Drizzle|WeatherBall,Hypnosis,PerishSong,Protect|Calm||M|||50|]Swampert||Swampertite|Torrent|WaveCrash,Earthquake,IcePunch,Protect|Adamant||F|||50|]Incineroar||PasshoBerry|Intimidate|ThroatChop,FakeOut,PartingShot,Protect|Impish||F|||50|]Sinistcha||FocusSash|Hospitality|RagePowder,LifeDew,ShadowBall,Protect|Calm|||||50|
|showteam|p2|Kingambit||BlackGlasses|Defiant|KowtowCleave,SuckerPunch,LowKick,Protect|Adamant||F|||50|]Ninetales-Alola||ChoiceScarf|SnowWarning|Blizzard,FreezeDry,IcyWind,Encore|Timid||F|||50|]Incineroar||SitrusBerry|Intimidate|FlareBlitz,ThroatChop,FakeOut,PartingShot|Impish||F|||50|]Dragonite||LifeOrb|InnerFocus|DragonClaw,Superpower,ExtremeSpeed,Protect|Adamant||M|||50|]Sneasler||FocusSash|Unburden|CloseCombat,DireClaw,RockSlide,Protect|Adamant||M|||50|]Gengar||Gengarite|CursedBody|SludgeBomb,ShadowBall,Substitute,Protect|Modest||M|||50|
|inactive|Battle timer is ON: inactive players will automatically lose when time's up. (requested by TPShame)
|inactive|TPShame has 60 seconds left.
|
|t:|1785953778
|teamsize|p1|4
|teamsize|p2|4
|start
|switch|p1a: Swampert|Swampert, L50, F|100/100
|switch|p1b: Archaludon|Archaludon, L50, M|100/100
|switch|p2a: Kingambit|Kingambit, L50, F, shiny|100/100
|switch|p2b: Gengar|Gengar, L50, M, shiny|100/100
|turn|1
|inactive|TPShame has 30 seconds left.
|inactive|TPShame has 20 seconds left.
|inactive|TPShame has 15 seconds left.
|
|t:|1785953822
|detailschange|p2b: Gengar|Gengar-Mega, L50, M, shiny
|-mega|p2b: Gengar|Gengar|Gengarite
|detailschange|p1a: Swampert|Swampert-Mega, L50, F
|-mega|p1a: Swampert|Swampert|Swampertite
|move|p1b: Archaludon|Protect|p1b: Archaludon
|-singleturn|p1b: Archaludon|Protect
|move|p2b: Gengar|Shadow Ball|p1b: Archaludon
|-activate|p1b: Archaludon|move: Protect
|move|p1a: Swampert|Earthquake|p2b: Gengar|[spread] p2a,p2b
|-activate|p1b: Archaludon|move: Protect
|-supereffective|p2a: Kingambit|1
|-supereffective|p2b: Gengar|1
|-damage|p2a: Kingambit|35/100
|-damage|p2b: Gengar|0 fnt
|faint|p2b: Gengar
|move|p2a: Kingambit|Kowtow Cleave|p1b: Archaludon
|-activate|p1b: Archaludon|move: Protect
|
|upkeep
|
|t:|1785953831
|switch|p2b: Ninetales|Ninetales-Alola, L50, F|100/100
|-weather|Snowscape|[from] ability: Snow Warning|[of] p2b: Ninetales
|turn|2
|
|t:|1785953856
|switch|p1b: Politoed|Politoed, L50, M|100/100
|-weather|RainDance|[from] ability: Drizzle|[of] p1b: Politoed
|move|p2a: Kingambit|Protect|p2a: Kingambit
|-singleturn|p2a: Kingambit|Protect
|move|p2b: Ninetales|Freeze-Dry|p1a: Swampert
|-supereffective|p1a: Swampert|2
|-damage|p1a: Swampert|0 fnt
|faint|p1a: Swampert
|
|-weather|RainDance|[upkeep]
|upkeep
|
|t:|1785953868
|switch|p1a: Archaludon|Archaludon, L50, M|100/100
|turn|3
|
|t:|1785953876
|switch|p2b: Incineroar|Incineroar, L50, F, shiny|100/100
|-ability|p2b: Incineroar|Intimidate|boost
|-unboost|p1a: Archaludon|atk|1
|-unboost|p1b: Politoed|atk|1
|move|p1a: Archaludon|Flash Cannon|p2b: Incineroar
|-resisted|p2b: Incineroar|1
|-crit|p2b: Incineroar
|-damage|p2b: Incineroar|76/100
|move|p1b: Politoed|Weather Ball|p2a: Kingambit
|-damage|p2a: Kingambit|0 fnt
|faint|p2a: Kingambit
|
|-weather|RainDance|[upkeep]
|upkeep
|
|t:|1785953883
|switch|p2a: Ninetales|Ninetales-Alola, L50, F|100/100
|-weather|Snowscape|[from] ability: Snow Warning|[of] p2a: Ninetales
|turn|4
|
|t:|1785953892
|move|p1a: Archaludon|Protect|p1a: Archaludon
|-singleturn|p1a: Archaludon|Protect
|move|p2b: Incineroar|Fake Out|p1a: Archaludon
|-activate|p1a: Archaludon|move: Protect
|move|p2a: Ninetales|Blizzard|p1a: Archaludon|[spread] p1b
|-activate|p1a: Archaludon|move: Protect
|-resisted|p1b: Politoed|1
|-damage|p1b: Politoed|89/100
|move|p1b: Politoed|Perish Song|p1b: Politoed
|-start|p1a: Archaludon|perish3|[silent]
|-start|p1b: Politoed|perish3|[silent]
|-start|p2a: Ninetales|perish3|[silent]
|-start|p2b: Incineroar|perish3|[silent]
|-fieldactivate|move: Perish Song
|
|-weather|Snowscape|[upkeep]
|-start|p2a: Ninetales|perish3
|-start|p1a: Archaludon|perish3
|-start|p1b: Politoed|perish3
|-start|p2b: Incineroar|perish3
|upkeep
|turn|5
|
|t:|1785953913
|switch|p1a: Sinistcha|Sinistcha, L50|100/100
|-heal|p1b: Politoed|100/100|[from] ability: Hospitality|[of] p1a: Sinistcha
|move|p1b: Politoed|Protect|p1b: Politoed
|-singleturn|p1b: Politoed|Protect
|move|p2a: Ninetales|Blizzard|p1a: Sinistcha|[spread] p1a
|-activate|p1b: Politoed|move: Protect
|-supereffective|p1a: Sinistcha|1
|-damage|p1a: Sinistcha|52/100
|move|p2b: Incineroar|Flare Blitz|p1a: Sinistcha
|-supereffective|p1a: Sinistcha|1
|-damage|p1a: Sinistcha|0 fnt
|faint|p1a: Sinistcha
|-damage|p2b: Incineroar|61/100|[from] Recoil
|
|-weather|Snowscape|[upkeep]
|-start|p2a: Ninetales|perish2
|-start|p1b: Politoed|perish2
|-start|p2b: Incineroar|perish2
|upkeep
|
|t:|1785953930
|switch|p1a: Archaludon|Archaludon, L50, M|100/100
|turn|6
|
|t:|1785953950
|move|p1a: Archaludon|Protect|p1a: Archaludon
|-singleturn|p1a: Archaludon|Protect
|move|p2a: Ninetales|Blizzard|p1a: Archaludon|[spread] p1b
|-activate|p1a: Archaludon|move: Protect
|-resisted|p1b: Politoed|1
|-damage|p1b: Politoed|89/100
|move|p1b: Politoed|Hypnosis|p2a: Ninetales
|-status|p2a: Ninetales|slp|[from] move: Hypnosis
|move|p2b: Incineroar|Throat Chop|p1b: Politoed
|-damage|p1b: Politoed|61/100
|-start|p1b: Politoed|Throat Chop|[silent]
|
|-weather|Snowscape|[upkeep]
|-start|p2a: Ninetales|perish1
|-start|p1b: Politoed|perish1
|-start|p2b: Incineroar|perish1
|upkeep
|turn|7
|-message|TPShame forfeited.
|
|win|trinton07
