|j|☆Pelosis
|j|☆chocokoala vgc
|html|Pelosischocokoala vgc    
|uhtml|bestof|Game 2 of a best-of-3
|t:|1784728461
|gametype|doubles
|player|p1|Pelosis|266|1202
|player|p2|chocokoala vgc|benga|1228
|gen|9
|tier|[Gen 9 Champions] VGC 2026 Reg M-B (Bo3)
|rated|
|rule|Species Clause: Limit one of each Pokémon
|rule|Item Clause: Limit 1 of each item
|clearpoke
|poke|p1|Mawile, L50, F|
|poke|p1|Farigiraf, L50, F|
|poke|p1|Incineroar, L50, M|
|poke|p1|Torkoal, L50, F|
|poke|p1|Venusaur, L50, F|
|poke|p1|Scrafty, L50, M|
|poke|p2|Scovillain, L50, M|
|poke|p2|Primarina, L50, M|
|poke|p2|Aerodactyl, L50, M|
|poke|p2|Garchomp, L50, F|
|poke|p2|Gholdengo, L50|
|poke|p2|Grimmsnarl, L50, M|
|teampreview|4
|showteam|p1|Mawile||Mawilite|HyperCutter|Protect,PlayRough,RockSlide,SuckerPunch|Brave||F|||50|]Farigiraf||SitrusBerry|ArmorTail|TrickRoom,TwinBeam,Thunderbolt,HelpingHand|Quiet||F|||50|]Incineroar||WhiteHerb|Intimidate|FakeOut,CloseCombat,FlareBlitz,DarkestLariat|Brave||M|||50|]Torkoal||Charcoal|Drought|Protect,Eruption,HeatWave,WeatherBall|Quiet||F|||50|]Venusaur||FocusSash|Chlorophyll|SleepPowder,EarthPower,EnergyBall,SludgeBomb|Modest||F|||50|]Scrafty||Scraftinite|Intimidate|FakeOut,CloseCombat,KnockOff,IcePunch|Brave||M|||50|
|showteam|p2|Scovillain||Scovillainite|Moody|Flamethrower,GigaDrain,Protect,RagePowder|Bold||M|||50|]Primarina||Leftovers|LiquidVoice|HyperVoice,Moonblast,Protect,CalmMind|Modest||M|||50|]Aerodactyl||Aerodactylite|Unnerve|RockSlide,DualWingbeat,Protect,Tailwind|Jolly||M|||50|]Garchomp||SoftSand|RoughSkin|Earthquake,StompingTantrum,Protect,DragonClaw|Jolly||F|||50|]Gholdengo||LifeOrb|GoodasGold|MakeItRain,ShadowBall,Protect,NastyPlot|Modest|||||50|]Grimmsnarl||LightClay|Prankster|LightScreen,Reflect,PartingShot,SpiritBreak|Sassy||M|||50|
|inactive|Battle timer is ON: inactive players will automatically lose when time's up. (requested by chocokoala vgc)
|inactive|Pelosis has 60 seconds left.
|
|t:|1784728512
|teamsize|p1|4
|teamsize|p2|4
|start
|switch|p1a: Farigiraf|Farigiraf, L50, F|100/100
|switch|p1b: Incineroar|Incineroar, L50, M|100/100
|switch|p2a: Grimmsnarl|Grimmsnarl, L50, M|100/100
|switch|p2b: Primarina|Primarina, L50, M|100/100
|-ability|p1b: Incineroar|Intimidate|boost
|-unboost|p2a: Grimmsnarl|atk|1
|-unboost|p2b: Primarina|atk|1
|turn|1
|
|t:|1784728533
|move|p1b: Incineroar|Fake Out|p2b: Primarina
|-crit|p2b: Primarina
|-damage|p2b: Primarina|74/100
|move|p2a: Grimmsnarl|Light Screen|p2a: Grimmsnarl
|-sidestart|p2: chocokoala vgc|move: Light Screen
|cant|p2b: Primarina|flinch
|move|p1a: Farigiraf|Trick Room|p1a: Farigiraf
|-fieldstart|move: Trick Room|[of] p1a: Farigiraf
|
|-heal|p2b: Primarina|80/100|[from] item: Leftovers
|upkeep
|turn|2
|inactive|Pelosis has 30 seconds left.
|inactive|Pelosis has 20 seconds left.
|
|t:|1784728568
|switch|p1a: Torkoal|Torkoal, L50, F|100/100
|-weather|SunnyDay|[from] ability: Drought|[of] p1a: Torkoal
|move|p2b: Primarina|Protect|p2b: Primarina
|-singleturn|p2b: Primarina|Protect
|move|p2a: Grimmsnarl|Reflect|p2a: Grimmsnarl
|-sidestart|p2: chocokoala vgc|Reflect
|move|p1b: Incineroar|Flare Blitz|p2b: Primarina
|-activate|p2b: Primarina|move: Protect
|
|-weather|SunnyDay|[upkeep]
|-heal|p2b: Primarina|86/100|[from] item: Leftovers
|upkeep
|turn|3
|inactive|Pelosis has 30 seconds left.
|
|t:|1784728594
|switch|p1b: Farigiraf|Farigiraf, L50, F|100/100
|move|p2a: Grimmsnarl|Parting Shot||[still]
|cant|p1b: Farigiraf|ability: Armor Tail|Parting Shot|[of] p2a: Grimmsnarl
|move|p1a: Torkoal|Eruption|p2b: Primarina|[spread] p2a,p2b
|-resisted|p2b: Primarina|1
|-damage|p2a: Grimmsnarl|54/100
|-damage|p2b: Primarina|60/100
|move|p2b: Primarina|Calm Mind|p2b: Primarina
|-boost|p2b: Primarina|spa|1
|-boost|p2b: Primarina|spd|1
|
|-weather|SunnyDay|[upkeep]
|-heal|p2b: Primarina|66/100|[from] item: Leftovers
|upkeep
|turn|4
|
|t:|1784728610
|move|p2b: Primarina|Protect|p2b: Primarina
|-singleturn|p2b: Primarina|Protect
|move|p1a: Torkoal|Eruption|p2a: Grimmsnarl|[spread] p2a
|-activate|p2b: Primarina|move: Protect
|-damage|p2a: Grimmsnarl|7/100
|move|p2a: Grimmsnarl|Spirit Break|p1b: Farigiraf
|-damage|p1b: Farigiraf|79/100
|-unboost|p1b: Farigiraf|spa|1
|move|p1b: Farigiraf|Thunderbolt|p2b: Primarina
|-activate|p2b: Primarina|move: Protect
|
|-weather|SunnyDay|[upkeep]
|-heal|p2b: Primarina|72/100|[from] item: Leftovers
|upkeep
|turn|5
|
|t:|1784728626
|move|p1a: Torkoal|Eruption|p2a: Grimmsnarl|[spread] p2a,p2b
|-resisted|p2b: Primarina|1
|-damage|p2a: Grimmsnarl|0 fnt
|-damage|p2b: Primarina|57/100
|faint|p2a: Grimmsnarl
|move|p1b: Farigiraf|Thunderbolt|p2b: Primarina
|-supereffective|p2b: Primarina|1
|-damage|p2b: Primarina|42/100
|move|p2b: Primarina|Calm Mind|p2b: Primarina
|-boost|p2b: Primarina|spa|1
|-boost|p2b: Primarina|spd|1
|
|-weather|SunnyDay|[upkeep]
|-heal|p2b: Primarina|48/100|[from] item: Leftovers
|-fieldend|move: Trick Room
|upkeep
|
|t:|1784728637
|switch|p2a: Aerodactyl|Aerodactyl, L50, M|100/100
|-ability|p2a: Aerodactyl|Unnerve
|turn|6
|
|t:|1784728647
|switch|p1a: Incineroar|Incineroar, L50, M|100/100
|-ability|p1a: Incineroar|Intimidate|boost
|-unboost|p2a: Aerodactyl|atk|1
|-unboost|p2b: Primarina|atk|1
|detailschange|p2a: Aerodactyl|Aerodactyl-Mega, L50, M
|-mega|p2a: Aerodactyl|Aerodactyl|Aerodactylite
|move|p2a: Aerodactyl|Rock Slide|p1a: Incineroar|[spread] p1a,p1b
|-supereffective|p1a: Incineroar|1
|-damage|p1a: Incineroar|63/100
|-damage|p1b: Farigiraf|60/100
|move|p2b: Primarina|Moonblast|p1b: Farigiraf
|-crit|p1b: Farigiraf
|-damage|p1b: Farigiraf|0 fnt
|faint|p1b: Farigiraf
|
|-weather|none
|-heal|p2b: Primarina|54/100|[from] item: Leftovers
|upkeep
|
|t:|1784728665
|switch|p1b: Scrafty|Scrafty, L50, M|100/100
|-ability|p1b: Scrafty|Intimidate|boost
|-unboost|p2a: Aerodactyl|atk|1
|-unboost|p2b: Primarina|atk|1
|turn|7
|inactive|Pelosis has 30 seconds left.
|inactive|Pelosis has 20 seconds left.
|inactive|Pelosis has 15 seconds left.
|inactive|Pelosis has 10 seconds left.
|
|t:|1784728710
|switch|p2a: Gholdengo|Gholdengo, L50|100/100
|detailschange|p1b: Scrafty|Scrafty-Mega, L50, M
|-mega|p1b: Scrafty|Scrafty|Scraftinite
|-ability|p1b: Scrafty|Intimidate|boost
|-unboost|p2a: Gholdengo|atk|1
|-unboost|p2b: Primarina|atk|1
|move|p2b: Primarina|Protect|p2b: Primarina
|-singleturn|p2b: Primarina|Protect
|move|p1a: Incineroar|Fake Out|p2b: Primarina
|-activate|p2b: Primarina|move: Protect
|move|p1b: Scrafty|Close Combat|p2a: Gholdengo
|-immune|p2a: Gholdengo
|
|-heal|p2b: Primarina|60/100|[from] item: Leftovers
|upkeep
|turn|8
|
|t:|1784728730
|switch|p1b: Torkoal|Torkoal, L50, F|100/100
|-weather|SunnyDay|[from] ability: Drought|[of] p1b: Torkoal
|move|p2a: Gholdengo|Shadow Ball|p1b: Torkoal
|-damage|p1b: Torkoal|23/100
|-damage|p2a: Gholdengo|90/100|[from] item: Life Orb
|move|p2b: Primarina|Hyper Voice|p1b: Torkoal|[spread] p1a,p1b
|-supereffective|p1a: Incineroar|1
|-supereffective|p1b: Torkoal|1
|-damage|p1a: Incineroar|0 fnt
|-damage|p1b: Torkoal|0 fnt
|faint|p1a: Incineroar
|faint|p1b: Torkoal
|
|-weather|SunnyDay|[upkeep]
|-heal|p2b: Primarina|66/100|[from] item: Leftovers
|-sideend|p2: chocokoala vgc|move: Light Screen
|upkeep
|c|☆Pelosis|gg
|
|t:|1784728746
|switch|p1b: Scrafty|Scrafty-Mega, L50, M|100/100
|-ability|p1b: Scrafty|Intimidate|boost
|-unboost|p2a: Gholdengo|atk|1
|-unboost|p2b: Primarina|atk|1
|turn|9
|
|t:|1784728751
|switch|p2a: Aerodactyl|Aerodactyl-Mega, L50, M|100/100
|move|p2b: Primarina|Protect|p2b: Primarina
|-singleturn|p2b: Primarina|Protect
|move|p1b: Scrafty|Knock Off|p2a: Aerodactyl
|-damage|p2a: Aerodactyl|66/100
|
|-weather|SunnyDay|[upkeep]
|-heal|p2b: Primarina|72/100|[from] item: Leftovers
|-sideend|p2: chocokoala vgc|Reflect
|upkeep
|turn|10
|c|☆chocokoala vgc|gg
|
|t:|1784728762
|move|p2a: Aerodactyl|Tailwind|p2a: Aerodactyl
|-sidestart|p2: chocokoala vgc|move: Tailwind
|move|p2b: Primarina|Moonblast|p1b: Scrafty
|-supereffective|p1b: Scrafty|2
|-damage|p1b: Scrafty|0 fnt
|faint|p1b: Scrafty
|
|win|chocokoala vgc
|raw|Pelosis's rating: 1202 → 1179(-23 for losing)
|raw|chocokoala vgc's rating: 1228 → 1251(+23 for winning)
