|j|☆kimius64
|j|‽xvisss
|html|kimius64xvisss    
|uhtml|bestof|Game 2 of a best-of-3
|t:|1782225916
|gametype|doubles
|player|p1|kimius64|iris-gen5bw2|1134
|player|p2|xvisss|2|1034
|gen|9
|tier|[Gen 9 Champions] VGC 2026 Reg M-B (Bo3)
|rated|
|rule|Species Clause: Limit one of each Pokémon
|rule|Item Clause: Limit 1 of each item
|clearpoke
|poke|p1|Sneasler, L50, M|
|poke|p1|Mawile, L50, F, shiny|
|poke|p1|Sinistcha, L50|
|poke|p1|Delphox, L50, F|
|poke|p1|Whimsicott, L50, M, shiny|
|poke|p1|Garchomp, L50, M|
|poke|p2|Swampert, L50, F|
|poke|p2|Pelipper, L50, F|
|poke|p2|Archaludon, L50, M|
|poke|p2|Grimmsnarl, L50, M|
|poke|p2|Sinistcha, L50|
|poke|p2|Floette-Eternal, L50, F|
|teampreview|4
|showteam|p1|Sneasler||WhiteHerb|Unburden|FakeOut,CloseCombat,DireClaw,Coaching|Jolly||M|||50|]Mawile||Mawilite|HyperCutter|SuckerPunch,PlayRough,Protect,SwordsDance|Brave||F|||50|]Sinistcha||CobaBerry|Hospitality|TrickRoom,LifeDew,LeafStorm,RagePowder|Sassy|||||50|]Delphox||Delphoxite|Blaze|CalmMind,Protect,HeatWave,Psychic|Timid||F|||50|]Whimsicott||FocusSash|Prankster|Tailwind,Moonblast,SunnyDay,Protect|Timid||M|||50|]Garchomp||LifeOrb|RoughSkin|Earthquake,DragonClaw,RockSlide,Protect|Jolly||M|||50|
|showteam|p2|Swampert||Swampertite|Torrent|Earthquake,RockSlide,Liquidation,Protect|Adamant||F|||50|]Pelipper||DampRock|Drizzle|Tailwind,Hurricane,WeatherBall,Protect|Bold||F|||50|]Archaludon||Leftovers|Stamina|ElectroShot,DragonPulse,FlashCannon,Protect|Timid||M|||50|]Grimmsnarl||LightClay|Prankster|SpiritBreak,PartingShot,Reflect,LightScreen|Careful||M|||50|]Sinistcha||SitrusBerry|Hospitality|MatchaGotcha,LifeDew,Protect,RagePowder|Bold|||||50|]Floette-Eternal||Floettite|FlowerVeil|Moonblast,CalmMind,Protect,DazzlingGleam|Timid||F|||50|
|
|t:|1782225964
|teamsize|p1|4
|teamsize|p2|4
|start
|switch|p1a: Sneasler|Sneasler, L50, M|100/100
|switch|p1b: Sinistcha|Sinistcha, L50|100/100
|switch|p2a: Swampert|Swampert, L50, F|100/100
|switch|p2b: Pelipper|Pelipper, L50, F|100/100
|-weather|RainDance|[from] ability: Drizzle|[of] p2b: Pelipper
|turn|1
|
|t:|1782225995
|detailschange|p2a: Swampert|Swampert-Mega, L50, F
|-mega|p2a: Swampert|Swampert|Swampertite
|move|p2b: Pelipper|Protect|p2b: Pelipper
|-singleturn|p2b: Pelipper|Protect
|move|p1a: Sneasler|Fake Out|p2b: Pelipper
|-activate|p2b: Pelipper|move: Protect
|move|p2a: Swampert|Earthquake|p1a: Sneasler|[spread] p1a,p1b
|-activate|p2b: Pelipper|move: Protect
|-supereffective|p1a: Sneasler|1
|-resisted|p1b: Sinistcha|1
|-damage|p1a: Sneasler|0 fnt
|-damage|p1b: Sinistcha|76/100
|faint|p1a: Sneasler
|move|p1b: Sinistcha|Leaf Storm|p2a: Swampert
|-supereffective|p2a: Swampert|2
|-damage|p2a: Swampert|0 fnt
|-unboost|p1b: Sinistcha|spa|2
|faint|p2a: Swampert
|
|-weather|RainDance|[upkeep]
|upkeep
|
|t:|1782226015
|switch|p1a: Delphox|Delphox, L50, F|100/100
|switch|p2a: Archaludon|Archaludon, L50, M|100/100
|turn|2
|
|t:|1782226039
|detailschange|p1a: Delphox|Delphox-Mega, L50, F
|-mega|p1a: Delphox|Delphox|Delphoxite
|move|p1b: Sinistcha|Rage Powder|p1b: Sinistcha
|-singleturn|p1b: Sinistcha|move: Rage Powder
|move|p1a: Delphox|Calm Mind|p1a: Delphox
|-boost|p1a: Delphox|spa|1
|-boost|p1a: Delphox|spd|1
|move|p2a: Archaludon|Electro Shot||[still]
|-prepare|p2a: Archaludon|Electro Shot
|-boost|p2a: Archaludon|spa|1
|-anim|p2a: Archaludon|Electro Shot|p1b: Sinistcha
|-resisted|p1b: Sinistcha|1
|-damage|p1b: Sinistcha|50/100y
|move|p2b: Pelipper|Weather Ball|p1b: Sinistcha
|-resisted|p1b: Sinistcha|1
|-damage|p1b: Sinistcha|26/100
|
|-weather|RainDance|[upkeep]
|upkeep
|turn|3
|
|t:|1782226069
|move|p1a: Delphox|Protect|p1a: Delphox
|-singleturn|p1a: Delphox|Protect
|move|p2a: Archaludon|Dragon Pulse|p1b: Sinistcha
|-damage|p1b: Sinistcha|0 fnt
|faint|p1b: Sinistcha
|move|p2b: Pelipper|Hurricane|p1a: Delphox
|-activate|p1a: Delphox|move: Protect
|
|-weather|RainDance|[upkeep]
|upkeep
|
|t:|1782226073
|switch|p1b: Whimsicott|Whimsicott, L50, M, shiny|100/100
|turn|4
|
|t:|1782226092
|move|p1b: Whimsicott|Sunny Day|p1b: Whimsicott
|-weather|SunnyDay
|move|p1a: Delphox|Heat Wave|p2a: Archaludon|[spread] p2a,p2b
|-resisted|p2b: Pelipper|1
|-damage|p2a: Archaludon|0 fnt
|-damage|p2b: Pelipper|40/100
|faint|p2a: Archaludon
|move|p2b: Pelipper|Hurricane|p1b: Whimsicott
|-supereffective|p1b: Whimsicott|1
|-enditem|p1b: Whimsicott|Focus Sash
|-damage|p1b: Whimsicott|1/100
|-start|p1b: Whimsicott|confusion
|
|-weather|SunnyDay|[upkeep]
|upkeep
|
|t:|1782226103
|switch|p2a: Sinistcha|Sinistcha, L50|100/100
|-heal|p2b: Pelipper|65/100|[from] ability: Hospitality|[of] p2a: Sinistcha
|turn|5
|
|t:|1782226131
|move|p2a: Sinistcha|Protect|p2a: Sinistcha
|-singleturn|p2a: Sinistcha|Protect
|move|p1a: Delphox|Heat Wave|p2b: Pelipper|[spread] p2b
|-activate|p2a: Sinistcha|move: Protect
|-resisted|p2b: Pelipper|1
|-damage|p2b: Pelipper|3/100
|-activate|p1b: Whimsicott|confusion
|-damage|p1b: Whimsicott|0 fnt|[from] confusion
|faint|p1b: Whimsicott
|move|p2b: Pelipper|Weather Ball|p1a: Delphox
|-resisted|p1a: Delphox|1
|-damage|p1a: Delphox|90/100
|
|-weather|SunnyDay|[upkeep]
|upkeep
|turn|6
|
|t:|1782226159
|move|p2b: Pelipper|Protect|p2b: Pelipper
|-singleturn|p2b: Pelipper|Protect
|move|p1a: Delphox|Heat Wave|p2a: Sinistcha|[spread] p2a
|-activate|p2b: Pelipper|move: Protect
|-supereffective|p2a: Sinistcha|1
|-damage|p2a: Sinistcha|0 fnt
|faint|p2a: Sinistcha
|
|-weather|SunnyDay|[upkeep]
|upkeep
|turn|7
|
|t:|1782226171
|move|p1a: Delphox|Calm Mind|p1a: Delphox
|-boost|p1a: Delphox|spa|1
|-boost|p1a: Delphox|spd|1
|move|p2b: Pelipper|Tailwind|p2b: Pelipper
|-sidestart|p2: xvisss|move: Tailwind
|
|-weather|SunnyDay|[upkeep]
|upkeep
|turn|8
|
|t:|1782226178
|move|p1a: Delphox|Calm Mind|p1a: Delphox
|-boost|p1a: Delphox|spa|1
|-boost|p1a: Delphox|spd|1
|move|p2b: Pelipper|Tailwind||[still]
|-fail|p2b: Pelipper
|
|-weather|none
|upkeep
|turn|9
|
|t:|1782226187
|move|p1a: Delphox|Psychic|p2b: Pelipper
|-damage|p2b: Pelipper|0 fnt
|faint|p2b: Pelipper
|
|win|kimius64
|raw|kimius64's rating: 1134 → 1152(+18 for winning)
|raw|xvisss's rating: 1034 → 1023(-11 for losing)
|l|‽xvisss
|player|p2|
