|j|☆NotThinkingVGC
|j|☆TrainerDonut
|html|NotThinkingVGCTrainerDonut    
|uhtml|bestof|Game 2 of a best-of-3
|t:|1783335065
|gametype|doubles
|player|p1|NotThinkingVGC|volkner|1100
|player|p2|TrainerDonut|barry|1075
|gen|9
|tier|[Gen 9 Champions] VGC 2026 Reg M-B (Bo3)
|rated|
|rule|Species Clause: Limit one of each Pokémon
|rule|Item Clause: Limit 1 of each item
|clearpoke
|poke|p1|Blastoise, L50, F|
|poke|p1|Delphox, L50, F|
|poke|p1|Incineroar, L50, F|
|poke|p1|Sinistcha-Masterpiece, L50|
|poke|p1|Maushold, L50|
|poke|p1|Sneasler, L50, F|
|poke|p2|Charizard, L50, M, shiny|
|poke|p2|Garchomp, L50, M|
|poke|p2|Venusaur, L50, M|
|poke|p2|Whimsicott, L50, F|
|poke|p2|Sylveon, L50, F|
|poke|p2|Empoleon, L50, F|
|teampreview|4
|showteam|p1|Blastoise||Blastoisinite|RainDish|Protect,WaterSpout,DarkPulse,ShellSmash|Modest||F|||50|]Delphox||Delphoxite|Blaze|HeatWave,Psyshock,NastyPlot,Protect|Modest||F|||50|]Incineroar||PasshoBerry|Intimidate|PartingShot,FakeOut,FlareBlitz,DarkestLariat|Impish||F|||50|]Sinistcha-Masterpiece||KasibBerry|Hospitality|MatchaGotcha,Protect,LifeDew,RagePowder|Bold|||||50|]Maushold||FocusSash|FriendGuard|Protect,FollowMe,SuperFang,Encore|Jolly|||||50|]Sneasler||WhiteHerb|Unburden|GunkShot,FakeOut,CloseCombat,Protect|Jolly||F|||50|
|showteam|p2|Charizard||CharizarditeY|SolarPower|HeatWave,SolarBeam,Protect,WeatherBall|Timid||M|||50|]Garchomp||Garchompite|RoughSkin|Earthquake,DragonClaw,PoisonJab,RockSlide|Jolly||M|||50|]Venusaur||YacheBerry|Chlorophyll|SleepPowder,LeafStorm,SludgeBomb,Protect|Timid||M|||50|]Whimsicott||FocusSash|Prankster|Tailwind,Encore,Moonblast,SunnyDay|Timid||F|||50|]Sylveon||ChoiceScarf|Pixilate|HyperVoice,Psychic,ShadowBall,Protect|Modest||F|||50|]Empoleon||Leftovers|Competitive|Surf,Protect,Haze,KnockOff|Calm||F|||50|
|inactive|Battle timer is ON: inactive players will automatically lose when time's up. (requested by NotThinkingVGC)
|
|t:|1783335092
|teamsize|p1|4
|teamsize|p2|4
|start
|switch|p1a: Delphox|Delphox, L50, F|100/100
|switch|p1b: Sneasler|Sneasler, L50, F|100/100
|switch|p2a: Charizard|Charizard, L50, M, shiny|100/100
|switch|p2b: Sylveon|Sylveon, L50, F|100/100
|turn|1
|inactive|TrainerDonut has 30 seconds left.
|
|t:|1783335125
|detailschange|p2a: Charizard|Charizard-Mega-Y, L50, M, shiny
|-mega|p2a: Charizard|Charizard|Charizardite Y
|-weather|SunnyDay|[from] ability: Drought|[of] p2a: Charizard
|detailschange|p1a: Delphox|Delphox-Mega, L50, F
|-mega|p1a: Delphox|Delphox|Delphoxite
|move|p1a: Delphox|Nasty Plot|p1a: Delphox
|-boost|p1a: Delphox|spa|2
|move|p1b: Sneasler|Gunk Shot|p2b: Sylveon
|-supereffective|p2b: Sylveon|1
|-crit|p2b: Sylveon
|-damage|p2b: Sylveon|0 fnt
|faint|p2b: Sylveon
|move|p2a: Charizard|Weather Ball|p1b: Sneasler
|-damage|p1b: Sneasler|1/100
|
|-weather|SunnyDay|[upkeep]
|upkeep
|
|t:|1783335141
|switch|p2b: Venusaur|Venusaur, L50, M|100/100
|turn|2
|
|t:|1783335156
|move|p1a: Delphox|Protect|p1a: Delphox
|-singleturn|p1a: Delphox|Protect
|move|p2b: Venusaur|Sleep Powder|p1a: Delphox
|-activate|p1a: Delphox|move: Protect
|move|p1b: Sneasler|Gunk Shot|p2b: Venusaur|[miss]
|-miss|p1b: Sneasler|p2b: Venusaur
|move|p2a: Charizard|Heat Wave|p1a: Delphox|[spread] p1b
|-activate|p1a: Delphox|move: Protect
|-damage|p1b: Sneasler|0 fnt
|faint|p1b: Sneasler
|
|-weather|SunnyDay|[upkeep]
|upkeep
|
|t:|1783335167
|switch|p1b: Maushold|Maushold, L50|100/100
|turn|3
|
|t:|1783335178
|move|p1b: Maushold|Follow Me|p1b: Maushold
|-singleturn|p1b: Maushold|move: Follow Me
|move|p2b: Venusaur|Sleep Powder|p1b: Maushold
|-status|p1b: Maushold|slp|[from] move: Sleep Powder
|move|p1a: Delphox|Heat Wave|p2b: Venusaur|[spread] p2a,p2b
|-resisted|p2a: Charizard|1
|-supereffective|p2b: Venusaur|1
|-damage|p2a: Charizard|27/100
|-damage|p2b: Venusaur|0 fnt
|faint|p2b: Venusaur
|move|p2a: Charizard|Weather Ball|p1b: Maushold
|-enditem|p1b: Maushold|Focus Sash
|-damage|p1b: Maushold|1/100 slp
|
|-weather|SunnyDay|[upkeep]
|upkeep
|
|t:|1783335190
|switch|p2b: Empoleon|Empoleon, L50, F|100/100
|turn|4
|
|t:|1783335200
|move|p2a: Charizard|Protect|p2a: Charizard
|-singleturn|p2a: Charizard|Protect
|cant|p1b: Maushold|slp
|move|p1a: Delphox|Heat Wave|p2b: Empoleon|[spread] p2b
|-activate|p2a: Charizard|move: Protect
|-damage|p2b: Empoleon|6/100
|move|p2b: Empoleon|Surf|p1a: Delphox|[spread] p1a,p1b
|-activate|p2a: Charizard|move: Protect
|-supereffective|p1a: Delphox|1
|-damage|p1a: Delphox|83/100
|-damage|p1b: Maushold|0 fnt
|faint|p1b: Maushold
|
|-weather|SunnyDay|[upkeep]
|-heal|p2b: Empoleon|12/100|[from] item: Leftovers
|upkeep
|
|t:|1783335203
|switch|p1b: Sinistcha|Sinistcha-Masterpiece, L50|100/100
|-heal|p1a: Delphox|100/100|[from] ability: Hospitality|[of] p1b: Sinistcha
|turn|5
|
|t:|1783335223
|move|p1b: Sinistcha|Protect|p1b: Sinistcha
|-singleturn|p1b: Sinistcha|Protect
|move|p1a: Delphox|Heat Wave|p2b: Empoleon|[spread] p2a,p2b
|-resisted|p2a: Charizard|1
|-damage|p2a: Charizard|0 fnt
|-damage|p2b: Empoleon|0 fnt
|faint|p2a: Charizard
|faint|p2b: Empoleon
|
|win|NotThinkingVGC
|raw|NotThinkingVGC's rating: 1100 → 1123(+23 for winning)
|raw|TrainerDonut's rating: 1075 → 1055(-20 for losing)
