|j|☆sbhaga34
|j|☆SunFakeout
|html|sbhaga34SunFakeout    
|uhtml|bestof|Game 1 of a best-of-3
|t:|1784657878
|gametype|doubles
|player|p1|sbhaga34|hugh|1385
|player|p2|SunFakeout|266|1530
|gen|9
|tier|[Gen 9 Champions] VGC 2026 Reg M-B (Bo3)
|rated|
|rule|Species Clause: Limit one of each Pokémon
|rule|Item Clause: Limit 1 of each item
|clearpoke
|poke|p1|Excadrill, L50, F|
|poke|p1|Tyranitar, L50, F|
|poke|p1|Corviknight, L50, F|
|poke|p1|Rotom-Wash, L50|
|poke|p1|Chandelure, L50, M|
|poke|p1|Scovillain, L50, M|
|poke|p2|Staraptor, L50, M|
|poke|p2|Glimmora, L50, F|
|poke|p2|Kingambit, L50, F|
|poke|p2|Raichu, L50, M|
|poke|p2|Farigiraf, L50, F|
|poke|p2|Sylveon, L50, F|
|teampreview|4
|showteam|p1|Excadrill||FocusSash|SandRush|Earthquake,IronHead,SwordsDance,Protect|Adamant||F|||50|]Tyranitar||Tyranitarite|SandStream|RockSlide,KnockOff,LowKick,Protect|Adamant||F|||50|]Corviknight||SharpBeak|MirrorArmor|BraveBird,Tailwind,BulkUp,Roost|Careful||F|||50|]Rotom-Wash||ChoiceScarf|Levitate|VoltSwitch,Thunderbolt,Electroweb,HydroPump|Timid|||||50|]Chandelure||ShucaBerry|FlashFire|HeatWave,ShadowBall,TrickRoom,Protect|Modest||M|||50|]Scovillain||Scovillainite|Chlorophyll|RagePowder,Overheat,GigaDrain,Protect|Calm||M|||50|
|showteam|p2|Staraptor||Staraptite|Intimidate|DualWingbeat,CloseCombat,Tailwind,Protect|Jolly||M|||50|]Glimmora||FocusSash|ToxicDebris|PowerGem,SludgeBomb,EarthPower,SpikyShield|Modest||F|||50|]Kingambit||LifeOrb|Defiant|KowtowCleave,SuckerPunch,SwordsDance,Protect|Adamant||F|||50|]Raichu||RaichuniteY|LightningRod|ZapCannon,FocusBlast,FakeOut,Protect|Timid||M|||50|]Farigiraf||SitrusBerry|ArmorTail|Psychic,HelpingHand,TrickRoom,Protect|Calm||F|||50|]Sylveon||FairyFeather|Pixilate|HyperVoice,HyperBeam,QuickAttack,Detect|Modest||F|||50|
|
|t:|1784657926
|teamsize|p1|4
|teamsize|p2|4
|start
|switch|p1a: Scovillain|Scovillain, L50, M|100/100
|switch|p1b: Chandelure|Chandelure, L50, M|100/100
|switch|p2a: Staraptor|Staraptor, L50, M|100/100
|switch|p2b: Glimmora|Glimmora, L50, F|100/100
|-ability|p2a: Staraptor|Intimidate|boost
|-unboost|p1a: Scovillain|atk|1
|-unboost|p1b: Chandelure|atk|1
|turn|1
|inactive|Battle timer is ON: inactive players will automatically lose when time's up. (requested by sbhaga34)
|
|t:|1784657972
|switch|p1a: Tyranitar|Tyranitar, L50, F|100/100
|-weather|Sandstorm|[from] ability: Sand Stream|[of] p1a: Tyranitar
|move|p2a: Staraptor|Protect|p2a: Staraptor
|-singleturn|p2a: Staraptor|Protect
|move|p2b: Glimmora|Sludge Bomb|p1a: Tyranitar
|-resisted|p1a: Tyranitar|1
|-damage|p1a: Tyranitar|84/100
|move|p1b: Chandelure|Trick Room|p1b: Chandelure
|-fieldstart|move: Trick Room|[of] p1b: Chandelure
|
|-weather|Sandstorm|[upkeep]
|-damage|p1b: Chandelure|94/100|[from] Sandstorm
|-damage|p2a: Staraptor|93/100|[from] Sandstorm
|upkeep
|turn|2
|
|t:|1784657994
|detailschange|p1a: Tyranitar|Tyranitar-Mega, L50, F
|-mega|p1a: Tyranitar|Tyranitar|Tyranitarite
|detailschange|p2a: Staraptor|Staraptor-Mega, L50, M
|-mega|p2a: Staraptor|Staraptor|Staraptite
|move|p1b: Chandelure|Heat Wave|p2a: Staraptor|[spread] p2a,p2b
|-resisted|p2b: Glimmora|1
|-damage|p2a: Staraptor|46/100
|-damage|p2b: Glimmora|79/100
|move|p1a: Tyranitar|Rock Slide|p2b: Glimmora|[spread] p2a,p2b
|-damage|p2a: Staraptor|14/100
|-damage|p2b: Glimmora|38/100
|-activate|p2b: Glimmora|ability: Toxic Debris
|-sidestart|p1: sbhaga34|move: Toxic Spikes
|move|p2b: Glimmora|Power Gem|p1b: Chandelure
|-supereffective|p1b: Chandelure|1
|-crit|p1b: Chandelure
|-damage|p1b: Chandelure|0 fnt
|faint|p1b: Chandelure
|cant|p2a: Staraptor|flinch
|
|-weather|Sandstorm|[upkeep]
|-damage|p2a: Staraptor|8/100|[from] Sandstorm
|upkeep
|
|t:|1784658014
|switch|p1b: Excadrill|Excadrill, L50, F|100/100
|turn|3
|
|t:|1784658031
|move|p1a: Tyranitar|Rock Slide|p2a: Staraptor|[spread] p2a
|-miss|p1a: Tyranitar|p2b: Glimmora
|-damage|p2a: Staraptor|0 fnt
|faint|p2a: Staraptor
|move|p2b: Glimmora|Earth Power|p1b: Excadrill
|-supereffective|p1b: Excadrill|1
|-damage|p1b: Excadrill|12/100
|move|p1b: Excadrill|Swords Dance|p1b: Excadrill
|-boost|p1b: Excadrill|atk|2
|
|-weather|Sandstorm|[upkeep]
|upkeep
|
|t:|1784658036
|switch|p2a: Kingambit|Kingambit, L50, F|100/100
|turn|4
|
|t:|1784658046
|move|p2a: Kingambit|Protect|p2a: Kingambit
|-singleturn|p2a: Kingambit|Protect
|move|p1b: Excadrill|Protect|p1b: Excadrill
|-singleturn|p1b: Excadrill|Protect
|move|p1a: Tyranitar|Low Kick|p2a: Kingambit
|-activate|p2a: Kingambit|move: Protect
|move|p2b: Glimmora|Earth Power|p1a: Tyranitar
|-supereffective|p1a: Tyranitar|1
|-damage|p1a: Tyranitar|47/100
|
|-weather|Sandstorm|[upkeep]
|upkeep
|turn|5
|
|t:|1784658068
|switch|p1b: Scovillain|Scovillain, L50, M|100/100
|-status|p1b: Scovillain|psn
|move|p2a: Kingambit|Kowtow Cleave|p1b: Scovillain
|-damage|p1b: Scovillain|18/100 psn
|-damage|p2a: Kingambit|90/100|[from] item: Life Orb
|move|p1a: Tyranitar|Rock Slide|p2a: Kingambit|[spread] p2a,p2b
|-resisted|p2a: Kingambit|1
|-damage|p2a: Kingambit|76/100
|-damage|p2b: Glimmora|0 fnt
|-activate|p2b: Glimmora|ability: Toxic Debris
|-sidestart|p1: sbhaga34|move: Toxic Spikes
|faint|p2b: Glimmora
|
|-weather|none
|-damage|p1b: Scovillain|6/100 psn|[from] psn
|-fieldend|move: Trick Room
|upkeep
|
|t:|1784658079
|switch|p2b: Farigiraf|Farigiraf, L50, F|100/100
|turn|6
|
|t:|1784658096
|move|p2a: Kingambit|Protect|p2a: Kingambit
|-singleturn|p2a: Kingambit|Protect
|move|p1a: Tyranitar|Knock Off|p2b: Farigiraf
|-supereffective|p2b: Farigiraf|1
|-damage|p2b: Farigiraf|0 fnt
|-enditem|p2b: Farigiraf|Sitrus Berry|[from] move: Knock Off|[of] p1a: Tyranitar
|faint|p2b: Farigiraf
|move|p1b: Scovillain|Overheat|p2a: Kingambit
|-activate|p2a: Kingambit|move: Protect
|
|-damage|p1b: Scovillain|0 fnt|[from] psn
|faint|p1b: Scovillain
|upkeep
|
|t:|1784658101
|switch|p1b: Excadrill|Excadrill, L50, F|12/100
|turn|7
|-message|SunFakeout forfeited.
|
|win|sbhaga34
