|j|☆TheLackluster7
|j|☆Daniw9
|html|TheLackluster7Daniw9    
|uhtml|bestof|Game 2 of a best-of-3
|t:|1756924140
|gametype|doubles
|player|p1|TheLackluster7|juggler|1145
|player|p2|Daniw9|1|1216
|gen|9
|tier|[Gen 9] VGC 2025 Reg H (Bo3)
|rated|
|rule|Species Clause: Limit one of each Pokémon
|rule|Item Clause: Limit 1 of each item
|clearpoke
|poke|p1|Pelipper, L50, M|
|poke|p1|Kingdra, L50, M|
|poke|p1|Archaludon, L50, M|
|poke|p1|Rillaboom, L50, F|
|poke|p1|Zoroark-Hisui, L50, M|
|poke|p1|Gastrodon, L50, M|
|poke|p2|Garchomp, L50, F|
|poke|p2|Tyranitar, L50, F|
|poke|p2|Indeedee-F, L50, F|
|poke|p2|Gardevoir, L50, M|
|poke|p2|Sneasler, L50, F|
|poke|p2|Talonflame, L50, F|
|teampreview|4
|showteam|p1|Pelipper||CovertCloak|Drizzle|WideGuard,Tailwind,Hurricane,WeatherBall|||M|||50|,,,,,Electric]Kingdra||LifeOrb|SwiftSwim|IceBeam,Surf,DragonPulse,Protect|||M|||50|,,,,,Poison]Archaludon||AssaultVest|Stamina|BodyPress,ElectroShot,DragonPulse,Snarl|||M|||50|,,,,,Grass]Rillaboom||MiracleSeed|GrassySurge|HighHorsepower,FakeOut,GrassyGlide,WoodHammer|||F|||50|,,,,,Fire]Zoroark-Hisui||FocusSash|Illusion|Protect,HyperVoice,ShadowBall,NastyPlot|||M|||50|,,,,,Stellar]Gastrodon||Leftovers|StormDrain|IceBeam,Protect,Surf,EarthPower|||M|||50|,,,,,Poison
|showteam|p2|Garchomp||ClearAmulet|SandVeil|Earthquake,StompingTantrum,Protect,DragonClaw|||F|||50|,,,,,Steel]Tyranitar||AssaultVest|SandStream|RockSlide,TeraBlast,KnockOff,LowKick|||F|||50|,,,,,Flying]Indeedee-F||SafetyGoggles|PsychicSurge|DazzlingGleam,TrickRoom,FollowMe,HelpingHand|||F|||50|,,,,,Water]Gardevoir||ChoiceScarf|Telepathy|IcyWind,Moonblast,ExpandingForce,MysticalFire|||M|||50|,,,,,Fire]Sneasler||PsychicSeed|Unburden|CloseCombat,DireClaw,Protect,ThroatChop|||F|||50|,,,,,Dark]Talonflame||CovertCloak|GaleWings|Tailwind,DualWingbeat,FlareBlitz,Taunt|||F|||50|,,,,,Flying
|
|t:|1756924163
|teamsize|p1|4
|teamsize|p2|4
|start
|switch|p1a: Pelipper|Pelipper, L50, M|100/100
|switch|p1b: Kingdra|Kingdra, L50, M|100/100
|switch|p2a: Gardevoir|Gardevoir, L50, M|100/100
|switch|p2b: Indeedee|Indeedee-F, L50, F|100/100
|-weather|RainDance|[from] ability: Drizzle|[of] p1a: Pelipper
|-fieldstart|move: Psychic Terrain|[from] ability: Psychic Surge|[of] p2b: Indeedee
|turn|1
|
|t:|1756924228
|switch|p1a: Rillaboom|Rillaboom, L50, F|100/100
|-fieldstart|move: Grassy Terrain|[from] ability: Grassy Surge|[of] p1a: Rillaboom
|switch|p2b: Tyranitar|Tyranitar, L50, F|100/100
|-weather|Sandstorm|[from] ability: Sand Stream|[of] p2b: Tyranitar
|move|p1b: Kingdra|Protect|p1b: Kingdra
|-singleturn|p1b: Kingdra|Protect
|move|p2a: Gardevoir|Expanding Force|p1a: Rillaboom
|-damage|p1a: Rillaboom|48/100
|
|-weather|Sandstorm|[upkeep]
|-damage|p2a: Gardevoir|94/100|[from] Sandstorm
|-damage|p1b: Kingdra|95/100|[from] Sandstorm
|-damage|p1a: Rillaboom|43/100|[from] Sandstorm
|-heal|p2a: Gardevoir|100/100|[from] Grassy Terrain
|-heal|p1b: Kingdra|100/100|[from] Grassy Terrain
|-heal|p1a: Rillaboom|48/100|[from] Grassy Terrain
|upkeep
|turn|2
|
|t:|1756924267
|switch|p1a: Archaludon|Archaludon, L50, M|100/100
|switch|p2b: Indeedee|Indeedee-F, L50, F|100/100
|-fieldstart|move: Psychic Terrain|[from] ability: Psychic Surge|[of] p2b: Indeedee
|move|p2a: Gardevoir|Expanding Force|p1a: Archaludon|[spread] p1a,p1b
|-resisted|p1a: Archaludon
|-damage|p1a: Archaludon|79/100
|-damage|p1b: Kingdra|22/100
|-ability|p1a: Archaludon|Stamina|boost
|-boost|p1a: Archaludon|def|1
|move|p1b: Kingdra|Surf|p2a: Gardevoir|[spread] p1a,p2a,p2b
|-resisted|p1a: Archaludon
|-crit|p1a: Archaludon
|-damage|p1a: Archaludon|61/100
|-damage|p2a: Gardevoir|59/100
|-damage|p2b: Indeedee|62/100
|-ability|p1a: Archaludon|Stamina|boost
|-boost|p1a: Archaludon|def|1
|-damage|p1b: Kingdra|12/100|[from] item: Life Orb
|
|-weather|Sandstorm|[upkeep]
|-damage|p2a: Gardevoir|53/100|[from] Sandstorm
|-damage|p1b: Kingdra|6/100|[from] Sandstorm
|upkeep
|turn|3
|
|t:|1756924304
|switch|p1b: Pelipper|Pelipper, L50, M|100/100
|-weather|RainDance|[from] ability: Drizzle|[of] p1b: Pelipper
|switch|p2b: Tyranitar|Tyranitar, L50, F|100/100
|-weather|Sandstorm|[from] ability: Sand Stream|[of] p2b: Tyranitar
|move|p2a: Gardevoir|Expanding Force|p1a: Archaludon|[spread] p1a,p1b
|-resisted|p1a: Archaludon
|-crit|p1b: Pelipper
|-damage|p1a: Archaludon|39/100
|-damage|p1b: Pelipper|0 fnt
|-ability|p1a: Archaludon|Stamina|boost
|-boost|p1a: Archaludon|def|1
|faint|p1b: Pelipper
|move|p1a: Archaludon|Electro Shot||[still]
|-prepare|p1a: Archaludon|Electro Shot
|-boost|p1a: Archaludon|spa|1
|
|-weather|Sandstorm|[upkeep]
|-damage|p2a: Gardevoir|46/100|[from] Sandstorm
|upkeep
|
|t:|1756924316
|switch|p1b: Rillaboom|Rillaboom, L50, F|48/100
|-fieldstart|move: Grassy Terrain|[from] ability: Grassy Surge|[of] p1b: Rillaboom
|turn|4
|
|t:|1756924324
|switch|p1b: Kingdra|Kingdra, L50, M|6/100
|switch|p2b: Indeedee|Indeedee-F, L50, F|62/100
|-fieldstart|move: Psychic Terrain|[from] ability: Psychic Surge|[of] p2b: Indeedee
|move|p2a: Gardevoir|Expanding Force|p1b: Kingdra|[spread] p1a,p1b
|-resisted|p1a: Archaludon
|-damage|p1a: Archaludon|17/100
|-damage|p1b: Kingdra|0 fnt
|-ability|p1a: Archaludon|Stamina|boost
|-boost|p1a: Archaludon|def|1
|faint|p1b: Kingdra
|move|p1a: Archaludon|Electro Shot|p2b: Indeedee|[from] lockedmove
|-damage|p2b: Indeedee|5/100
|
|-weather|Sandstorm|[upkeep]
|-damage|p2a: Gardevoir|40/100|[from] Sandstorm
|upkeep
|
|t:|1756924334
|switch|p1b: Rillaboom|Rillaboom, L50, F|48/100
|-fieldstart|move: Grassy Terrain|[from] ability: Grassy Surge|[of] p1b: Rillaboom
|turn|5
|
|t:|1756924355
|switch|p2a: Tyranitar|Tyranitar, L50, F|100/100
|switch|p2b: Sneasler|Sneasler, L50, F|100/100
|move|p1b: Rillaboom|Grassy Glide|p2a: Tyranitar
|-supereffective|p2a: Tyranitar
|-damage|p2a: Tyranitar|30/100
|move|p1a: Archaludon|Body Press|p2b: Sneasler
|-resisted|p2b: Sneasler
|-damage|p2b: Sneasler|40/100
|
|-weather|Sandstorm|[upkeep]
|-damage|p2b: Sneasler|35/100|[from] Sandstorm
|-damage|p1b: Rillaboom|43/100|[from] Sandstorm
|-heal|p2b: Sneasler|40/100|[from] Grassy Terrain
|-heal|p1b: Rillaboom|48/100|[from] Grassy Terrain
|-heal|p2a: Tyranitar|35/100|[from] Grassy Terrain
|-heal|p1a: Archaludon|23/100|[from] Grassy Terrain
|upkeep
|turn|6
|
|t:|1756924383
|switch|p2a: Indeedee|Indeedee-F, L50, F|5/100
|-fieldstart|move: Psychic Terrain|[from] ability: Psychic Surge|[of] p2a: Indeedee
|-enditem|p2b: Sneasler|Psychic Seed
|-boost|p2b: Sneasler|spd|1|[from] item: Psychic Seed
|-terastallize|p1b: Rillaboom|Fire
|move|p2b: Sneasler|Close Combat|p1a: Archaludon
|-supereffective|p1a: Archaludon
|-damage|p1a: Archaludon|0 fnt
|-unboost|p2b: Sneasler|def|1
|-unboost|p2b: Sneasler|spd|1
|faint|p1a: Archaludon
|move|p1b: Rillaboom|High Horsepower|p2b: Sneasler
|-supereffective|p2b: Sneasler
|-damage|p2b: Sneasler|0 fnt
|faint|p2b: Sneasler
|
|-weather|Sandstorm|[upkeep]
|-damage|p1b: Rillaboom|43/100|[from] Sandstorm
|upkeep
|c|☆TheLackluster7|ggs
|
|t:|1756924397
|switch|p2b: Gardevoir|Gardevoir, L50, M|40/100
|turn|7
|-message|TheLackluster7 forfeited.
|
|win|Daniw9
|raw|TheLackluster7's rating: 1145 → 1125(-20 for losing)
|raw|Daniw9's rating: 1216 → 1236(+20 for winning)
|l|☆TheLackluster7
|player|p1|
