|j|☆zanquettao
|j|☆Garden Monke
|html|zanquettaoGarden Monke    
|uhtml|bestof|Game 3 of a best-of-3
|t:|1784495355
|gametype|doubles
|player|p1|zanquettao|hilda-wonderlauncher|1132
|player|p2|Garden Monke|giacomo|1150
|gen|9
|tier|[Gen 9 Champions] VGC 2026 Reg M-B (Bo3)
|rated|
|rule|Species Clause: Limit one of each Pokémon
|rule|Item Clause: Limit 1 of each item
|clearpoke
|poke|p1|Farigiraf, L50, M, shiny|
|poke|p1|Incineroar, L50, M, shiny|
|poke|p1|Torkoal, L50, M|
|poke|p1|Sinistcha-Masterpiece, L50|
|poke|p1|Primarina, L50, F|
|poke|p1|Mawile, L50, M|
|poke|p2|Incineroar, L50, F|
|poke|p2|Sinistcha, L50|
|poke|p2|Gengar, L50, M|
|poke|p2|Swampert, L50, F|
|poke|p2|Politoed, L50, F|
|poke|p2|Archaludon, L50, F|
|teampreview|4
|showteam|p1|Farigiraf||ColburBerry|ArmorTail|TrickRoom,ConfuseRay,HelpingHand,Protect|Relaxed||M|||50|]Incineroar||ExpertBelt|Intimidate|CloseCombat,FlareBlitz,FakeOut,DarkestLariat|Brave||M|||50|]Torkoal||Charcoal|Drought|Eruption,BodyPress,SolarBeam,Protect|Quiet||M|||50|]Sinistcha-Masterpiece||FocusSash|Hospitality|TrickRoom,MatchaGotcha,ShadowBall,Protect|Quiet|||||50|]Primarina||LifeOrb|LiquidVoice|HyperVoice,DazzlingGleam,IceBeam,Protect|Quiet||F|||50|]Mawile||Mawilite|HyperCutter|SuckerPunch,PlayRough,IronHead,BodySlam|Brave||M|||50|
|showteam|p2|Incineroar||PasshoBerry|Intimidate|ThroatChop,FakeOut,PartingShot,Protect|Sassy||F|||50|]Sinistcha||ColburBerry|Hospitality|MatchaGotcha,RagePowder,TrickRoom,Protect|Calm|||||50|]Gengar||Gengarite|CursedBody|ShadowBall,Disable,PerishSong,Protect|Timid||M|||50|]Swampert||Swampertite|Damp|WaveCrash,HighHorsepower,IcePunch,Protect|Adamant||F|||50|]Politoed||SitrusBerry|Drizzle|WeatherBall,Encore,PerishSong,Protect|Calm||F|||50|]Archaludon||Leftovers|Stamina|ElectroShot,DragonPulse,FlashCannon,Protect|Modest||F|||50|
|inactive|Battle timer is ON: inactive players will automatically lose when time's up. (requested by zanquettao)
|inactive|Garden Monke also wants the timer to be on.
|inactive|zanquettao has 60 seconds left.
|
|t:|1784495393
|teamsize|p1|4
|teamsize|p2|4
|start
|switch|p1a: Incineroar|Incineroar, L50, M, shiny|100/100
|switch|p1b: Farigiraf|Farigiraf, L50, M, shiny|100/100
|switch|p2a: Gengar|Gengar, L50, M|100/100
|switch|p2b: Incineroar|Incineroar, L50, F|100/100
|-ability|p1a: Incineroar|Intimidate|boost
|-unboost|p2a: Gengar|atk|1
|-unboost|p2b: Incineroar|atk|1
|-ability|p2b: Incineroar|Intimidate|boost
|-unboost|p1a: Incineroar|atk|1
|-unboost|p1b: Farigiraf|atk|1
|turn|1
|inactive|Garden Monke has 30 seconds left.
|
|t:|1784495420
|detailschange|p2a: Gengar|Gengar-Mega, L50, M
|-mega|p2a: Gengar|Gengar|Gengarite
|move|p2a: Gengar|Protect|p2a: Gengar
|-singleturn|p2a: Gengar|Protect
|move|p1a: Incineroar|Fake Out|p2b: Incineroar
|-damage|p2b: Incineroar|92/100
|cant|p2b: Incineroar|flinch
|move|p1b: Farigiraf|Trick Room|p1b: Farigiraf
|-fieldstart|move: Trick Room|[of] p1b: Farigiraf
|
|upkeep
|turn|2
|
|t:|1784495438
|switch|p2a: Politoed|Politoed, L50, F|100/100
|-weather|RainDance|[from] ability: Drizzle|[of] p2a: Politoed
|move|p1b: Farigiraf|Helping Hand|p1a: Incineroar
|-singleturn|p1a: Incineroar|Helping Hand|[of] p1b: Farigiraf
|move|p1a: Incineroar|Darkest Lariat|p2a: Politoed
|-damage|p2a: Politoed|61/100
|move|p2b: Incineroar|Throat Chop|p1b: Farigiraf
|-supereffective|p1b: Farigiraf|1
|-enditem|p1b: Farigiraf|Colbur Berry|[eat]
|-enditem|p1b: Farigiraf|Colbur Berry|[weaken]
|-damage|p1b: Farigiraf|85/100
|-start|p1b: Farigiraf|Throat Chop|[silent]
|
|-weather|RainDance|[upkeep]
|upkeep
|turn|3
|
|t:|1784495459
|move|p1a: Incineroar|Close Combat|p2b: Incineroar
|-supereffective|p2b: Incineroar|1
|-damage|p2b: Incineroar|37/100
|-unboost|p1a: Incineroar|def|1
|-unboost|p1a: Incineroar|spd|1
|move|p1b: Farigiraf|Confuse Ray|p2a: Politoed
|-start|p2a: Politoed|confusion
|move|p2b: Incineroar|Parting Shot|p1a: Incineroar
|-unboost|p1a: Incineroar|atk|1
|-unboost|p1a: Incineroar|spa|1
|
|t:|1784495472
|switch|p2b: Sinistcha|Sinistcha, L50|100/100|[from] Parting Shot
|-heal|p2a: Politoed|86/100|[from] ability: Hospitality|[of] p2b: Sinistcha
|-activate|p2a: Politoed|confusion
|move|p2a: Politoed|Weather Ball|p1a: Incineroar
|-supereffective|p1a: Incineroar|1
|-damage|p1a: Incineroar|0 fnt
|faint|p1a: Incineroar
|
|-weather|RainDance|[upkeep]
|-end|p1b: Farigiraf|Throat Chop|[silent]
|upkeep
|
|t:|1784495482
|switch|p1a: Sinistcha|Sinistcha-Masterpiece, L50|100/100
|-heal|p1b: Farigiraf|100/100|[from] ability: Hospitality|[of] p1a: Sinistcha
|turn|4
|
|t:|1784495496
|move|p1b: Farigiraf|Confuse Ray|p2b: Sinistcha
|-start|p2b: Sinistcha|confusion
|move|p1a: Sinistcha|Shadow Ball|p2b: Sinistcha
|-supereffective|p2b: Sinistcha|1
|-damage|p2b: Sinistcha|17/100
|-activate|p2b: Sinistcha|confusion
|move|p2b: Sinistcha|Matcha Gotcha|p1a: Sinistcha|[spread] p1a
|-miss|p2b: Sinistcha|p1b: Farigiraf
|-resisted|p1a: Sinistcha|1
|-crit|p1a: Sinistcha
|-damage|p1a: Sinistcha|80/100
|-heal|p2b: Sinistcha|27/100|[from] drain|[of] p1a: Sinistcha
|-activate|p2a: Politoed|confusion
|move|p2a: Politoed|Weather Ball|p1b: Farigiraf
|-damage|p1b: Farigiraf|47/100
|
|-weather|RainDance|[upkeep]
|upkeep
|turn|5
|
|t:|1784495517
|switch|p2b: Incineroar|Incineroar, L50, F|37/100
|-ability|p2b: Incineroar|Intimidate|boost
|-unboost|p1a: Sinistcha|atk|1
|-unboost|p1b: Farigiraf|atk|1
|move|p1b: Farigiraf|Protect|p1b: Farigiraf
|-singleturn|p1b: Farigiraf|Protect
|-activate|p2a: Politoed|confusion
|move|p2a: Politoed|Protect|p2a: Politoed
|-singleturn|p2a: Politoed|Protect
|move|p1a: Sinistcha|Shadow Ball|p2b: Incineroar
|-resisted|p2b: Incineroar|1
|-damage|p2b: Incineroar|20/100r
|-unboost|p2b: Incineroar|spd|1
|
|-weather|RainDance|[upkeep]
|-fieldend|move: Trick Room
|upkeep
|turn|6
|
|t:|1784495537
|switch|p2a: Sinistcha|Sinistcha, L50|27/100
|-heal|p2b: Incineroar|45/100|[from] ability: Hospitality|[of] p2a: Sinistcha
|move|p1a: Sinistcha|Matcha Gotcha|p2b: Incineroar|[spread] p2a,p2b
|-resisted|p2a: Sinistcha|1
|-resisted|p2b: Incineroar|1
|-damage|p2a: Sinistcha|13/100
|-heal|p1a: Sinistcha|87/100|[from] drain|[of] p2a: Sinistcha
|-damage|p2b: Incineroar|26/100
|-heal|p1a: Sinistcha|98/100|[from] drain|[of] p2b: Incineroar
|move|p2b: Incineroar|Throat Chop|p1b: Farigiraf
|-supereffective|p1b: Farigiraf|1
|-damage|p1b: Farigiraf|4/100
|-start|p1b: Farigiraf|Throat Chop|[silent]
|move|p1b: Farigiraf|Trick Room|p1b: Farigiraf
|-fieldstart|move: Trick Room|[of] p1b: Farigiraf
|
|-weather|none
|upkeep
|turn|7
|
|t:|1784495557
|move|p1b: Farigiraf|Helping Hand|p1a: Sinistcha
|-singleturn|p1a: Sinistcha|Helping Hand|[of] p1b: Farigiraf
|move|p2b: Incineroar|Parting Shot|p1a: Sinistcha
|-unboost|p1a: Sinistcha|atk|1
|-unboost|p1a: Sinistcha|spa|1
|
|t:|1784495566
|switch|p2b: Gengar|Gengar-Mega, L50, M|100/100|[from] Parting Shot
|move|p1a: Sinistcha|Matcha Gotcha|p2a: Sinistcha|[spread] p2a,p2b
|-resisted|p2a: Sinistcha|1
|-resisted|p2b: Gengar|1
|-damage|p2a: Sinistcha|0 fnt
|-heal|p1a: Sinistcha|100/100|[from] drain|[of] p2a: Sinistcha
|-damage|p2b: Gengar|83/100
|-status|p2b: Gengar|brn
|faint|p2a: Sinistcha
|
|-damage|p2b: Gengar|77/100 brn|[from] brn
|-end|p1b: Farigiraf|Throat Chop|[silent]
|upkeep
|
|t:|1784495577
|switch|p2a: Incineroar|Incineroar, L50, F|26/100
|-ability|p2a: Incineroar|Intimidate|boost
|-unboost|p1a: Sinistcha|atk|1
|-unboost|p1b: Farigiraf|atk|1
|turn|8
|inactive|Garden Monke has 30 seconds left.
|
|t:|1784495604
|move|p1b: Farigiraf|Helping Hand|p1a: Sinistcha
|-singleturn|p1a: Sinistcha|Helping Hand|[of] p1b: Farigiraf
|move|p2b: Gengar|Protect|p2b: Gengar
|-singleturn|p2b: Gengar|Protect
|move|p2a: Incineroar|Throat Chop|p1b: Farigiraf
|-supereffective|p1b: Farigiraf|1
|-damage|p1b: Farigiraf|0 fnt
|faint|p1b: Farigiraf
|move|p1a: Sinistcha|Shadow Ball|p2b: Gengar
|-activate|p2b: Gengar|move: Protect
|
|-damage|p2b: Gengar|71/100 brn|[from] brn
|upkeep
|
|t:|1784495612
|switch|p1b: Primarina|Primarina, L50, F|100/100
|turn|9
|
|t:|1784495629
|switch|p2b: Politoed|Politoed, L50, F|86/100
|-weather|RainDance|[from] ability: Drizzle|[of] p2b: Politoed
|move|p1b: Primarina|Hyper Voice|p2a: Incineroar|[spread] p2a,p2b
|-supereffective|p2a: Incineroar|1
|-enditem|p2a: Incineroar|Passho Berry|[eat]
|-enditem|p2a: Incineroar|Passho Berry|[weaken]
|-resisted|p2b: Politoed|1
|-damage|p2a: Incineroar|0 fnt
|-damage|p2b: Politoed|61/100
|faint|p2a: Incineroar
|-damage|p1b: Primarina|90/100|[from] item: Life Orb
|move|p1a: Sinistcha|Shadow Ball|p2b: Politoed
|-damage|p2b: Politoed|40/100
|-unboost|p2b: Politoed|spd|1
|-enditem|p2b: Politoed|Sitrus Berry|[eat]
|-heal|p2b: Politoed|65/100|[from] item: Sitrus Berry
|
|-weather|RainDance|[upkeep]
|upkeep
|
|t:|1784495640
|switch|p2a: Gengar|Gengar-Mega, L50, M|71/100 brn
|turn|10
|
|t:|1784495660
|move|p2b: Politoed|Protect|p2b: Politoed
|-singleturn|p2b: Politoed|Protect
|move|p2a: Gengar|Protect|p2a: Gengar
|-singleturn|p2a: Gengar|Protect
|move|p1b: Primarina|Hyper Voice|p2b: Politoed|[spread] 
|-activate|p2a: Gengar|move: Protect
|-activate|p2b: Politoed|move: Protect
|move|p1a: Sinistcha|Matcha Gotcha|p2b: Politoed|[spread] 
|-activate|p2a: Gengar|move: Protect
|-activate|p2b: Politoed|move: Protect
|
|-weather|RainDance|[upkeep]
|-damage|p2a: Gengar|65/100 brn|[from] brn
|-fieldend|move: Trick Room
|upkeep
|turn|11
|
|t:|1784495675
|move|p2a: Gengar|Disable|p1a: Sinistcha
|-start|p1a: Sinistcha|Disable|Matcha Gotcha
|move|p2b: Politoed|Encore|p1a: Sinistcha
|-start|p1a: Sinistcha|Encore
|cant|p1a: Sinistcha|Disable|Matcha Gotcha
|move|p1b: Primarina|Hyper Voice|p2b: Politoed|[spread] p2a,p2b
|-resisted|p2b: Politoed|1
|-damage|p2a: Gengar|0 fnt
|-damage|p2b: Politoed|21/100
|faint|p2a: Gengar
|-damage|p1b: Primarina|80/100|[from] item: Life Orb
|
|-weather|RainDance|[upkeep]
|upkeep
|turn|12
|inactive|Garden Monke has 30 seconds left.
|-message|Garden Monke forfeited.
|
|win|zanquettao
|raw|zanquettao's rating: 1132 → 1158(+26 for winning)
|raw|Garden Monke's rating: 1150 → 1124(-26 for losing)
|l|☆zanquettao
|player|p1|
