|j|☆disobedient_vgc
|j|☆mazelu01
|html|disobedient_vgcmazelu01    
|uhtml|bestof|Game 2 of a best-of-3
|t:|1786032062
|gametype|doubles
|player|p1|disobedient_vgc|leon|1083
|player|p2|mazelu01|2|1055
|gen|9
|tier|[Gen 9 Champions] VGC 2026 Reg M-B (Bo3)
|rated|
|rule|Species Clause: Limit one of each Pokémon
|rule|Item Clause: Limit 1 of each item
|clearpoke
|poke|p1|Gengar, L50, M|
|poke|p1|Incineroar, L50, M, shiny|
|poke|p1|Vivillon-Sandstorm, L50, F|
|poke|p1|Politoed, L50, F|
|poke|p1|Archaludon, L50, F, shiny|
|poke|p1|Swampert, L50, M, shiny|
|poke|p2|Staraptor, L50, F|
|poke|p2|Delphox, L50, F|
|poke|p2|Whimsicott, L50, F|
|poke|p2|Glimmora, L50, F|
|poke|p2|Garchomp, L50, M|
|poke|p2|Kingambit, L50, M|
|teampreview|4
|showteam|p1|Gengar||Gengarite|CursedBody|Protect,PerishSong,ShadowBall,SludgeBomb|Timid||M|||50|]Incineroar||PasshoBerry|Intimidate|FakeOut,Protect,PartingShot,ThroatChop|Sassy||M|||50|]Vivillon-Sandstorm||FocusSash|FriendGuard|Protect,RagePowder,SleepPowder,Hurricane|Timid||F|||50|]Politoed||SitrusBerry|Drizzle|Protect,PerishSong,Encore,WeatherBall|Calm||F|||50|]Archaludon||Leftovers|Stamina|Protect,ElectroShot,DragonPulse,FlashCannon|Calm||F|||50|]Swampert||Swampertite|Torrent|Protect,WaveCrash,Earthquake,IcePunch|Adamant||M|||50|
|showteam|p2|Staraptor||Staraptite|Intimidate|BraveBird,CloseCombat,Roost,Protect|Jolly||F|||50|]Delphox||Delphoxite|Blaze|HeatWave,Psychic,Encore,Protect|Timid||F|||50|]Whimsicott||OccaBerry|Prankster|Moonblast,Tailwind,Charm,LightScreen|Timid||F|||50|]Glimmora||FocusSash|ToxicDebris|PowerGem,SludgeBomb,EarthPower,SpikyShield|Timid||F|||50|]Garchomp||LifeOrb|RoughSkin|DragonClaw,Earthquake,RockSlide,Protect|Jolly||M|||50|]Kingambit||ChopleBerry|Defiant|KowtowCleave,IronHead,SuckerPunch,LowKick|Adamant||M|||50|
|inactive|Battle timer is ON: inactive players will automatically lose when time's up. (requested by mazelu01)
|
|t:|1786032122
|teamsize|p1|4
|teamsize|p2|4
|start
|switch|p1a: Politoed|Politoed, L50, F|100/100
|switch|p1b: Swampert|Swampert, L50, M, shiny|100/100
|switch|p2a: Whimsicott|Whimsicott, L50, F|100/100
|switch|p2b: Garchomp|Garchomp, L50, M|100/100
|-weather|RainDance|[from] ability: Drizzle|[of] p1a: Politoed
|turn|1
|j| weird alttt
|
|t:|1786032146
|switch|p1a: Incineroar|Incineroar, L50, M, shiny|100/100
|-ability|p1a: Incineroar|Intimidate|boost
|-unboost|p2a: Whimsicott|atk|1
|-unboost|p2b: Garchomp|atk|1
|detailschange|p1b: Swampert|Swampert-Mega, L50, M, shiny
|-mega|p1b: Swampert|Swampert|Swampertite
|move|p2b: Garchomp|Protect|p2b: Garchomp
|-singleturn|p2b: Garchomp|Protect
|move|p2a: Whimsicott|Charm|p1b: Swampert
|-unboost|p1b: Swampert|atk|2
|move|p1b: Swampert|Ice Punch|p2b: Garchomp
|-activate|p2b: Garchomp|move: Protect
|
|-weather|RainDance|[upkeep]
|upkeep
|turn|2
|inactive|disobedient_vgc has 30 seconds left.
|inactive|mazelu01 has 30 seconds left.
|inactive|disobedient_vgc has 20 seconds left.
|inactive|disobedient_vgc has 15 seconds left.
|
|t:|1786032189
|switch|p2b: Kingambit|Kingambit, L50, M|100/100
|move|p1a: Incineroar|Fake Out|p2b: Kingambit
|-resisted|p2b: Kingambit|1
|-damage|p2b: Kingambit|96/100
|move|p2a: Whimsicott|Tailwind|p2a: Whimsicott
|-sidestart|p2: mazelu01|move: Tailwind
|move|p1b: Swampert|Ice Punch|p2b: Kingambit
|-resisted|p2b: Kingambit|1
|-damage|p2b: Kingambit|90/100
|
|-weather|RainDance|[upkeep]
|upkeep
|turn|3
|
|t:|1786032206
|switch|p1b: Archaludon|Archaludon, L50, F, shiny|100/100
|move|p2a: Whimsicott|Charm|p1b: Archaludon
|-unboost|p1b: Archaludon|atk|2
|move|p2b: Kingambit|Low Kick|p1a: Incineroar
|-supereffective|p1a: Incineroar|1
|-damage|p1a: Incineroar|52/100
|move|p1a: Incineroar|Parting Shot|p2a: Whimsicott
|-unboost|p2a: Whimsicott|atk|1
|-unboost|p2a: Whimsicott|spa|1
|
|t:|1786032216
|switch|p1a: Swampert|Swampert-Mega, L50, M, shiny|100/100|[from] Parting Shot
|
|-weather|RainDance|[upkeep]
|upkeep
|turn|4
|inactive|disobedient_vgc has 30 seconds left.
|inactive|mazelu01 has 30 seconds left.
|inactive|disobedient_vgc has 20 seconds left.
|inactive|mazelu01 has 20 seconds left.
|
|t:|1786032254
|switch|p2b: Staraptor|Staraptor, L50, F|100/100
|-ability|p2b: Staraptor|Intimidate|boost
|-unboost|p1a: Swampert|atk|1
|-unboost|p1b: Archaludon|atk|1
|move|p2a: Whimsicott|Light Screen|p2a: Whimsicott
|-sidestart|p2: mazelu01|move: Light Screen
|move|p1a: Swampert|Ice Punch|p2a: Whimsicott
|-supereffective|p2a: Whimsicott|1
|-damage|p2a: Whimsicott|40/100
|move|p1b: Archaludon|Electro Shot||[still]
|-prepare|p1b: Archaludon|Electro Shot
|-boost|p1b: Archaludon|spa|1
|-anim|p1b: Archaludon|Electro Shot|p2a: Whimsicott
|-resisted|p2a: Whimsicott|1
|-damage|p2a: Whimsicott|16/100
|
|-weather|RainDance|[upkeep]
|upkeep
|turn|5
|inactive|disobedient_vgc has 30 seconds left.
|inactive|mazelu01 has 30 seconds left.
|inactive|mazelu01 has 20 seconds left.
|
|t:|1786032290
|switch|p1a: Incineroar|Incineroar, L50, M, shiny|52/100
|-ability|p1a: Incineroar|Intimidate|boost
|-unboost|p2a: Whimsicott|atk|1
|-unboost|p2b: Staraptor|atk|1
|detailschange|p2b: Staraptor|Staraptor-Mega, L50, F
|-mega|p2b: Staraptor|Staraptor|Staraptite
|move|p2a: Whimsicott|Charm|p1a: Incineroar
|-hint|Since gen 7, Dark is immune to Prankster moves.
|-immune|p1a: Incineroar
|move|p2b: Staraptor|Close Combat|p1b: Archaludon
|-supereffective|p1b: Archaludon|1
|-damage|p1b: Archaludon|45/100
|-boost|p2b: Staraptor|def|1
|-boost|p2b: Staraptor|spd|1
|-ability|p1b: Archaludon|Stamina|boost
|-boost|p1b: Archaludon|def|1
|move|p1b: Archaludon|Electro Shot||[still]
|-prepare|p1b: Archaludon|Electro Shot
|-boost|p1b: Archaludon|spa|1
|-anim|p1b: Archaludon|Electro Shot|p2b: Staraptor
|-supereffective|p2b: Staraptor|1
|-damage|p2b: Staraptor|30/100
|
|-weather|none
|-heal|p1b: Archaludon|51/100|[from] item: Leftovers
|-sideend|p2: mazelu01|move: Tailwind
|upkeep
|turn|6
|inactive|disobedient_vgc has 30 seconds left.
|inactive|mazelu01 has 30 seconds left.
|
|t:|1786032320
|move|p2b: Staraptor|Protect|p2b: Staraptor
|-singleturn|p2b: Staraptor|Protect
|move|p1a: Incineroar|Fake Out|p2b: Staraptor
|-activate|p2b: Staraptor|move: Protect
|move|p2a: Whimsicott|Tailwind|p2a: Whimsicott
|-sidestart|p2: mazelu01|move: Tailwind
|move|p1b: Archaludon|Flash Cannon|p2a: Whimsicott
|-supereffective|p2a: Whimsicott|1
|-damage|p2a: Whimsicott|0 fnt
|faint|p2a: Whimsicott
|
|-heal|p1b: Archaludon|57/100|[from] item: Leftovers
|upkeep
|
|t:|1786032333
|switch|p2a: Garchomp|Garchomp, L50, M|100/100
|turn|7
|inactive|disobedient_vgc has 30 seconds left.
|
|t:|1786032366
|switch|p2b: Kingambit|Kingambit, L50, M|90/100
|switch|p1a: Politoed|Politoed, L50, F|100/100
|-weather|RainDance|[from] ability: Drizzle|[of] p1a: Politoed
|move|p2a: Garchomp|Protect|p2a: Garchomp
|-singleturn|p2a: Garchomp|Protect
|move|p1b: Archaludon|Protect||[still]
|-fail|p1b: Archaludon
|
|-weather|RainDance|[upkeep]
|-heal|p1b: Archaludon|63/100|[from] item: Leftovers
|upkeep
|turn|8
|inactive|mazelu01 has 30 seconds left.
|inactive|disobedient_vgc has 30 seconds left.
|inactive|disobedient_vgc has 20 seconds left.
|inactive|disobedient_vgc has 15 seconds left.
|inactive|disobedient_vgc has 10 seconds left.
|
|t:|1786032420
|move|p2a: Garchomp|Dragon Claw|p1b: Archaludon
|-damage|p1b: Archaludon|39/100
|-ability|p1b: Archaludon|Stamina|boost
|-boost|p1b: Archaludon|def|1
|-damage|p2a: Garchomp|90/100|[from] item: Life Orb
|move|p2b: Kingambit|Kowtow Cleave|p1a: Politoed
|-damage|p1a: Politoed|55/100
|move|p1b: Archaludon|Electro Shot||[still]
|-prepare|p1b: Archaludon|Electro Shot
|-boost|p1b: Archaludon|spa|1
|-anim|p1b: Archaludon|Electro Shot|p2b: Kingambit
|-damage|p2b: Kingambit|35/100
|move|p1a: Politoed|Weather Ball|p2b: Kingambit
|-damage|p2b: Kingambit|2/100
|
|-weather|RainDance|[upkeep]
|-heal|p1b: Archaludon|45/100|[from] item: Leftovers
|-sideend|p2: mazelu01|move: Light Screen
|upkeep
|turn|9
|inactive|mazelu01 has 30 seconds left.
|
|t:|1786032446
|switch|p2a: Staraptor|Staraptor-Mega, L50, F|30/100
|switch|p1a: Incineroar|Incineroar, L50, M, shiny|52/100
|-ability|p1a: Incineroar|Intimidate|boost
|-boost|p2a: Staraptor|atk|1
|-unboost|p2b: Kingambit|atk|1
|-ability|p2b: Kingambit|Defiant|boost
|-boost|p2b: Kingambit|atk|2
|move|p1b: Archaludon|Protect|p1b: Archaludon
|-singleturn|p1b: Archaludon|Protect
|move|p2b: Kingambit|Kowtow Cleave|p1a: Incineroar
|-resisted|p1a: Incineroar|1
|-damage|p1a: Incineroar|22/100
|
|-weather|RainDance|[upkeep]
|-heal|p1b: Archaludon|51/100|[from] item: Leftovers
|-sideend|p2: mazelu01|move: Tailwind
|upkeep
|turn|10
|inactive|mazelu01 has 30 seconds left.
|inactive|mazelu01 has 20 seconds left.
|inactive|mazelu01 has 15 seconds left.
|inactive|mazelu01 has 10 seconds left.
|
|t:|1786032495
|move|p2a: Staraptor|Protect|p2a: Staraptor
|-singleturn|p2a: Staraptor|Protect
|move|p1a: Incineroar|Fake Out|p2a: Staraptor
|-activate|p2a: Staraptor|move: Protect
|move|p1b: Archaludon|Dragon Pulse|p2b: Kingambit
|-resisted|p2b: Kingambit|1
|-damage|p2b: Kingambit|0 fnt
|faint|p2b: Kingambit
|
|-weather|RainDance|[upkeep]
|-heal|p1b: Archaludon|57/100|[from] item: Leftovers
|upkeep
|
|t:|1786032505
|switch|p2b: Garchomp|Garchomp, L50, M|90/100
|turn|11
|inactive|disobedient_vgc has 30 seconds left.
|
|t:|1786032532
|move|p1b: Archaludon|Protect|p1b: Archaludon
|-singleturn|p1b: Archaludon|Protect
|move|p2a: Staraptor|Roost|p2a: Staraptor
|-heal|p2a: Staraptor|81/100
|-singleturn|p2a: Staraptor|move: Roost
|move|p2b: Garchomp|Dragon Claw|p1a: Incineroar
|-damage|p1a: Incineroar|0 fnt
|faint|p1a: Incineroar
|-damage|p2b: Garchomp|80/100|[from] item: Life Orb
|
|-weather|none
|-heal|p1b: Archaludon|63/100|[from] item: Leftovers
|upkeep
|
|t:|1786032549
|switch|p1a: Swampert|Swampert-Mega, L50, M, shiny|100/100
|turn|12
|inactive|disobedient_vgc has 30 seconds left.
|inactive|mazelu01 has 30 seconds left.
|
|t:|1786032584
|move|p2a: Staraptor|Close Combat|p1b: Archaludon
|-supereffective|p1b: Archaludon|1
|-damage|p1b: Archaludon|0 fnt
|-boost|p2a: Staraptor|def|1
|-boost|p2a: Staraptor|spd|1
|faint|p1b: Archaludon
|move|p2b: Garchomp|Rock Slide|p1a: Swampert
|-resisted|p1a: Swampert|1
|-damage|p1a: Swampert|84/100
|-damage|p2b: Garchomp|70/100|[from] item: Life Orb
|move|p1a: Swampert|Wave Crash|p2a: Staraptor
|-damage|p2a: Staraptor|32/100
|-damage|p1a: Swampert|68/100|[from] Recoil
|
|upkeep
|
|t:|1786032601
|switch|p1b: Politoed|Politoed, L50, F|55/100
|-weather|RainDance|[from] ability: Drizzle|[of] p1b: Politoed
|turn|13
|
|t:|1786032623
|move|p2a: Staraptor|Protect|p2a: Staraptor
|-singleturn|p2a: Staraptor|Protect
|move|p1a: Swampert|Wave Crash|p2a: Staraptor
|-activate|p2a: Staraptor|move: Protect
|move|p2b: Garchomp|Dragon Claw|p1a: Swampert
|-damage|p1a: Swampert|19/100
|-damage|p2b: Garchomp|61/100|[from] item: Life Orb
|move|p1b: Politoed|Perish Song|p1b: Politoed
|-start|p1a: Swampert|perish3|[silent]
|-start|p1b: Politoed|perish3|[silent]
|-start|p2a: Staraptor|perish3|[silent]
|-start|p2b: Garchomp|perish3|[silent]
|-fieldactivate|move: Perish Song
|
|-weather|RainDance|[upkeep]
|-start|p1a: Swampert|perish3
|-start|p2a: Staraptor|perish3
|-start|p2b: Garchomp|perish3
|-start|p1b: Politoed|perish3
|upkeep
|turn|14
|inactive|disobedient_vgc has 30 seconds left.
|inactive|disobedient_vgc has 20 seconds left.
|inactive|disobedient_vgc has 15 seconds left.
|inactive|disobedient_vgc has 10 seconds left.
|inactive|mazelu01 has 30 seconds left.
|inactive|disobedient_vgc has 5 seconds left.
|-message|disobedient_vgc lost due to inactivity.
|
|win|mazelu01
