|j|☆DonDeLenguas
|j|☆The median voter
|html|DonDeLenguasThe median voter    
|uhtml|bestof|Game 2 of a best-of-3
|t:|1755817776
|gametype|doubles
|player|p1|DonDeLenguas|169|1233
|player|p2|The median voter|scientist-gen4dp|1301
|gen|9
|tier|[Gen 9] VGC 2025 Reg H (Bo3)
|rated|
|rule|Species Clause: Limit one of each Pokémon
|rule|Item Clause: Limit 1 of each item
|clearpoke
|poke|p1|Kilowattrel, L50, F|
|poke|p1|Garchomp, L50, M|
|poke|p1|Gardevoir, L50, F|
|poke|p1|Incineroar, L50, F|
|poke|p1|Gholdengo, L50|
|poke|p1|Weezing, L50, M|
|poke|p2|Kommo-o, L50, F|
|poke|p2|Volcarona, L50, F|
|poke|p2|Rillaboom, L50, M|
|poke|p2|Kingambit, L50, M|
|poke|p2|Ninetales-Alola, L50, M|
|poke|p2|Arcanine-Hisui, L50, F|
|teampreview|4
|showteam|p1|Kilowattrel||FocusSash|Competitive|Protect,Tailwind,AirSlash,Discharge|||F|||50|,,,,,Ghost]Garchomp||LifeOrb|RoughSkin|Protect,DragonClaw,StompingTantrum,Earthquake|||M|||50|,,,,,Ground]Gardevoir||ChoiceScarf|Telepathy|Moonblast,DazzlingGleam,ExpandingForce,MysticalFire|||F|||50|,,,,,Fire]Incineroar||AbilityShield|Intimidate|FakeOut,FlareBlitz,KnockOff,PartingShot|||F|||50|,,,,,Grass]Gholdengo||AirBalloon|GoodasGold|Protect,ShadowBall,MakeItRain,NastyPlot||||||50|,,,,,Flying]Weezing||SitrusBerry|NeutralizingGas|Protect,SludgeBomb,WillOWisp,Haze|||M|||50|,,,,,Water
|showteam|p2|Kommo-o||GrassySeed|Overcoat|BodyPress,Taunt,Protect,Flamethrower|||F|||50|,,,,,Fire]Volcarona||SitrusBerry|FlameBody|HeatWave,TeraBlast,QuiverDance,Protect|||F|||50|,,,,,Water]Rillaboom||AssaultVest|GrassySurge|FakeOut,GrassyGlide,WoodHammer,HighHorsepower|||M|||50|,,,,,Fire]Kingambit||BlackGlasses|Defiant|KowtowCleave,SuckerPunch,SwordsDance,Protect|||M|||50|,,,,,Dark]Ninetales-Alola||LifeOrb|SnowWarning|Blizzard,Protect,AuroraVeil,FreezeDry|||M|||50|,,,,,Ghost]Arcanine-Hisui||FocusSash|Intimidate|RockSlide,FlareBlitz,ExtremeSpeed,Protect|||F|||50|,,,,,Ghost
|
|t:|1755817796
|teamsize|p1|4
|teamsize|p2|4
|start
|switch|p1a: Incineroar|Incineroar, L50, F|100/100
|switch|p1b: Weezing|Weezing, L50, M|100/100
|switch|p2a: Ninetales|Ninetales-Alola, L50, M|100/100
|switch|p2b: Volcarona|Volcarona, L50, F|100/100
|-ability|p1b: Weezing|Neutralizing Gas
|-block|p1a: Incineroar|item: Ability Shield
|-ability|p1a: Incineroar|Intimidate|boost
|-unboost|p2a: Ninetales|atk|1
|-unboost|p2b: Volcarona|atk|1
|turn|1
|
|t:|1755817844
|move|p2b: Volcarona|Protect|p2b: Volcarona
|-singleturn|p2b: Volcarona|Protect
|move|p1a: Incineroar|Fake Out|p2b: Volcarona
|-activate|p2b: Volcarona|move: Protect
|move|p2a: Ninetales|Blizzard|p1a: Incineroar|[spread] p1a,p1b
|-resisted|p1a: Incineroar
|-damage|p1a: Incineroar|81/100
|-damage|p1b: Weezing|56/100
|-status|p1a: Incineroar|frz
|-status|p1b: Weezing|frz
|-damage|p2a: Ninetales|91/100|[from] item: Life Orb
|-curestatus|p1b: Weezing|frz|[msg]
|move|p1b: Weezing|Sludge Bomb|p2a: Ninetales
|-supereffective|p2a: Ninetales
|-damage|p2a: Ninetales|25/100
|
|upkeep
|turn|2
|
|t:|1755817893
|switch|p2a: Kingambit|Kingambit, L50, M|100/100
|move|p2b: Volcarona|Quiver Dance|p2b: Volcarona
|-boost|p2b: Volcarona|spa|1
|-boost|p2b: Volcarona|spd|1
|-boost|p2b: Volcarona|spe|1
|move|p1b: Weezing|Sludge Bomb|p2a: Kingambit
|-immune|p2a: Kingambit
|-curestatus|p1a: Incineroar|frz|[from] move: Flare Blitz
|move|p1a: Incineroar|Flare Blitz|p2b: Volcarona
|-damage|p2b: Volcarona|46/100
|-enditem|p2b: Volcarona|Sitrus Berry|[eat]
|-heal|p2b: Volcarona|71/100|[from] item: Sitrus Berry
|-damage|p1a: Incineroar|63/100|[from] Recoil
|
|upkeep
|turn|3
|
|t:|1755817920
|switch|p1a: Garchomp|Garchomp, L50, M|100/100
|move|p2b: Volcarona|Heat Wave|p1b: Weezing|[spread] p1a,p1b
|-resisted|p1a: Garchomp
|-damage|p1a: Garchomp|72/100
|-damage|p1b: Weezing|0 fnt
|faint|p1b: Weezing
|-end|p1b: Weezing|ability: Neutralizing Gas
|move|p2a: Kingambit|Swords Dance|p2a: Kingambit
|-boost|p2a: Kingambit|atk|2
|
|upkeep
|
|t:|1755817928
|switch|p1b: Kilowattrel|Kilowattrel, L50, F|100/100
|turn|4
|
|t:|1755817939
|move|p1a: Garchomp|Protect|p1a: Garchomp
|-singleturn|p1a: Garchomp|Protect
|move|p2a: Kingambit|Sucker Punch||[still]
|-fail|p2a: Kingambit
|move|p2b: Volcarona|Heat Wave|p1b: Kilowattrel|[spread] p1b
|-activate|p1a: Garchomp|move: Protect
|-enditem|p1b: Kilowattrel|Focus Sash
|-damage|p1b: Kilowattrel|1/100
|move|p1b: Kilowattrel|Discharge|p2b: Volcarona|[spread] p2a,p2b
|-activate|p1a: Garchomp|move: Protect
|-damage|p2a: Kingambit|74/100
|-damage|p2b: Volcarona|55/100
|
|upkeep
|turn|5
|
|t:|1755817960
|switch|p1a: Incineroar|Incineroar, L50, F|63/100
|-ability|p1a: Incineroar|Intimidate|boost
|-unboost|p2a: Kingambit|atk|1
|-ability|p2a: Kingambit|Defiant|boost
|-boost|p2a: Kingambit|atk|2
|-unboost|p2b: Volcarona|atk|1
|move|p1b: Kilowattrel|Protect|p1b: Kilowattrel
|-singleturn|p1b: Kilowattrel|Protect
|move|p2a: Kingambit|Sucker Punch||[still]
|-fail|p2a: Kingambit
|move|p2b: Volcarona|Heat Wave|p1b: Kilowattrel|[spread] p1a
|-activate|p1b: Kilowattrel|move: Protect
|-resisted|p1a: Incineroar
|-damage|p1a: Incineroar|37/100
|
|upkeep
|turn|6
|
|t:|1755817991
|move|p1a: Incineroar|Fake Out|p2b: Volcarona
|-damage|p2b: Volcarona|41/100
|cant|p2b: Volcarona|flinch
|move|p1b: Kilowattrel|Tailwind|p1b: Kilowattrel
|-sidestart|p1: DonDeLenguas|move: Tailwind
|move|p2a: Kingambit|Kowtow Cleave|p1b: Kilowattrel
|-damage|p1b: Kilowattrel|0 fnt
|faint|p1b: Kilowattrel
|
|upkeep
|
|t:|1755818000
|switch|p1b: Garchomp|Garchomp, L50, M|72/100
|turn|7
|
|t:|1755818005
|-terastallize|p1b: Garchomp|Ground
|move|p2a: Kingambit|Sucker Punch|p1b: Garchomp
|-damage|p1b: Garchomp|0 fnt
|-damage|p2a: Kingambit|62/100|[from] ability: Rough Skin|[of] p1b: Garchomp
|faint|p1b: Garchomp
|move|p2b: Volcarona|Quiver Dance|p2b: Volcarona
|-boost|p2b: Volcarona|spa|1
|-boost|p2b: Volcarona|spd|1
|-boost|p2b: Volcarona|spe|1
|move|p1a: Incineroar|Flare Blitz|p2b: Volcarona
|-damage|p2b: Volcarona|0 fnt
|faint|p2b: Volcarona
|-damage|p1a: Incineroar|24/100|[from] Recoil
|
|upkeep
|
|t:|1755818011
|switch|p2b: Rillaboom|Rillaboom, L50, M|100/100
|-fieldstart|move: Grassy Terrain|[from] ability: Grassy Surge|[of] p2b: Rillaboom
|turn|8
|inactive|Battle timer is ON: inactive players will automatically lose when time's up. (requested by The median voter)
|
|t:|1755818038
|move|p2b: Rillaboom|Fake Out|p1a: Incineroar
|-damage|p1a: Incineroar|14/100
|cant|p1a: Incineroar|flinch
|move|p2a: Kingambit|Kowtow Cleave|p1a: Incineroar
|-resisted|p1a: Incineroar
|-damage|p1a: Incineroar|0 fnt
|faint|p1a: Incineroar
|
|win|The median voter
|raw|DonDeLenguas's rating: 1233 → 1213(-20 for losing)
|raw|The median voter's rating: 1301 → 1317(+16 for winning)
|l|☆The median voter
|player|p2|
