|j|☆Pareng Khufra
|j|☆jeanryupr
|html|Pareng Khufrajeanryupr    
|uhtml|bestof|Game 1 of a best-of-3
|t:|1786155329
|gametype|doubles
|player|p1|Pareng Khufra|101|1293
|player|p2|jeanryupr|1|1286
|gen|9
|tier|[Gen 9 Champions] VGC 2026 Reg M-B (Bo3)
|rated|
|rule|Species Clause: Limit one of each Pokémon
|rule|Item Clause: Limit 1 of each item
|clearpoke
|poke|p1|Houndoom, L50, M|
|poke|p1|Venusaur, L50, F|
|poke|p1|Torkoal, L50, M|
|poke|p1|Annihilape, L50, F|
|poke|p1|Farigiraf, L50, F|
|poke|p1|Kangaskhan, L50, F|
|poke|p2|Staraptor, L50, M|
|poke|p2|Glimmora, L50, F|
|poke|p2|Whimsicott, L50, F|
|poke|p2|Kingambit, L50, M|
|poke|p2|Garchomp, L50, M|
|poke|p2|Delphox, L50, M|
|teampreview|4
|showteam|p1|Houndoom||Houndoominite|FlashFire|HeatWave,DarkPulse,Protect,Overheat|Timid||M|||50|]Venusaur||LifeOrb|Chlorophyll|Protect,SludgeBomb,SolarBeam,EarthPower|Modest||F|||50|]Torkoal||Charcoal|Drought|Eruption,WeatherBall,HelpingHand,Protect|Quiet||M|||50|]Annihilape||ChoiceScarf|Defiant|Uturn,RockSlide,IcePunch,CloseCombat|Jolly||F|||50|]Farigiraf||SitrusBerry|ArmorTail|Psychic,TrickRoom,Protect,Thunderbolt|Bold||F|||50|]Kangaskhan||Kangaskhanite|Scrappy|FakeOut,DoubleEdge,IcePunch,LowKick|Adamant||F|||50|
|showteam|p2|Staraptor||Staraptite|Intimidate|CloseCombat,BraveBird,Roost,Protect|Jolly||M|||50|]Glimmora||FocusSash|ToxicDebris|PowerGem,SludgeBomb,EarthPower,SpikyShield|Modest||F|||50|]Whimsicott||OccaBerry|Prankster|Tailwind,Moonblast,Charm,LightScreen|Timid||F|||50|]Kingambit||LifeOrb|Defiant|KowtowCleave,IronHead,Protect,SuckerPunch|Adamant||M|||50|]Garchomp||ChoiceScarf|RoughSkin|Earthquake,DragonClaw,RockSlide,StompingTantrum|Adamant||M|||50|]Delphox||Delphoxite|Blaze|HeatWave,Psychic,Encore,Protect|Timid||M|||50|
|
|t:|1786155365
|teamsize|p1|4
|teamsize|p2|4
|start
|switch|p1a: Annihilape|Annihilape, L50, F|100/100
|switch|p1b: Houndoom|Houndoom, L50, M|100/100
|switch|p2a: Garchomp|Garchomp, L50, M|100/100
|switch|p2b: Delphox|Delphox, L50, M|100/100
|turn|1
|
|t:|1786155378
|detailschange|p2b: Delphox|Delphox-Mega, L50, M
|-mega|p2b: Delphox|Delphox|Delphoxite
|detailschange|p1b: Houndoom|Houndoom-Mega, L50, M
|-mega|p1b: Houndoom|Houndoom|Houndoominite
|move|p2b: Delphox|Protect|p2b: Delphox
|-singleturn|p2b: Delphox|Protect
|move|p1a: Annihilape|Ice Punch|p2a: Garchomp
|-supereffective|p2a: Garchomp|2
|-damage|p2a: Garchomp|10/100
|-damage|p1a: Annihilape|87/100|[from] ability: Rough Skin|[of] p2a: Garchomp
|move|p2a: Garchomp|Earthquake|p1b: Houndoom|[spread] p1a,p1b
|-activate|p2b: Delphox|move: Protect
|-supereffective|p1b: Houndoom|1
|-damage|p1a: Annihilape|40/100
|-damage|p1b: Houndoom|0 fnt
|faint|p1b: Houndoom
|
|upkeep
|
|t:|1786155392
|switch|p1b: Farigiraf|Farigiraf, L50, F|100/100
|turn|2
|
|t:|1786155407
|switch|p2a: Kingambit|Kingambit, L50, M|100/100
|move|p1a: Annihilape|Ice Punch|p2a: Kingambit
|-resisted|p2a: Kingambit|1
|-damage|p2a: Kingambit|91/100
|-status|p2a: Kingambit|frz
|move|p2b: Delphox|Heat Wave|p1a: Annihilape|[spread] p1a,p1b
|-damage|p1a: Annihilape|0 fnt
|-damage|p1b: Farigiraf|57/100
|faint|p1a: Annihilape
|move|p1b: Farigiraf|Trick Room|p1b: Farigiraf
|-fieldstart|move: Trick Room|[of] p1b: Farigiraf
|
|upkeep
|
|t:|1786155417
|switch|p1a: Torkoal|Torkoal, L50, M|100/100
|-weather|SunnyDay|[from] ability: Drought|[of] p1a: Torkoal
|turn|3
|
|t:|1786155426
|move|p1a: Torkoal|Eruption|p2b: Delphox|[spread] p2a,p2b
|-supereffective|p2a: Kingambit|1
|-resisted|p2b: Delphox|1
|-damage|p2a: Kingambit|0 fnt
|-damage|p2b: Delphox|54/100
|faint|p2a: Kingambit
|move|p1b: Farigiraf|Thunderbolt|p2b: Delphox
|-damage|p2b: Delphox|30/100
|move|p2b: Delphox|Psychic|p1a: Torkoal
|-damage|p1a: Torkoal|28/100
|
|-weather|SunnyDay|[upkeep]
|upkeep
|
|t:|1786155438
|switch|p2a: Garchomp|Garchomp, L50, M|10/100
|turn|4
|
|t:|1786155448
|move|p2b: Delphox|Protect|p2b: Delphox
|-singleturn|p2b: Delphox|Protect
|move|p1a: Torkoal|Eruption|p2a: Garchomp|[spread] p2a
|-activate|p2b: Delphox|move: Protect
|-resisted|p2a: Garchomp|1
|-damage|p2a: Garchomp|0 fnt
|faint|p2a: Garchomp
|move|p1b: Farigiraf|Thunderbolt|p2b: Delphox
|-activate|p2b: Delphox|move: Protect
|
|-weather|SunnyDay|[upkeep]
|upkeep
|
|t:|1786155459
|switch|p2a: Glimmora|Glimmora, L50, F|100/100
|turn|5
|
|t:|1786155472
|move|p1a: Torkoal|Eruption|p2a: Glimmora|[spread] p2a,p2b
|-resisted|p2a: Glimmora|1
|-resisted|p2b: Delphox|1
|-damage|p2a: Glimmora|85/100
|-damage|p2b: Delphox|18/100
|move|p1b: Farigiraf|Psychic|p2a: Glimmora
|-supereffective|p2a: Glimmora|1
|-damage|p2a: Glimmora|0 fnt
|faint|p2a: Glimmora
|move|p2b: Delphox|Heat Wave|p1a: Torkoal|[spread] p1a,p1b
|-resisted|p1a: Torkoal|1
|-damage|p1a: Torkoal|0 fnt
|-damage|p1b: Farigiraf|0 fnt
|faint|p1a: Torkoal
|faint|p1b: Farigiraf
|
|win|jeanryupr
