|j|☆Pokecraft15
|j|☆Mr James Freak
|html|Pokecraft15Mr James Freak    
|uhtml|bestof|Game 3 of a best-of-3
|t:|1784147174
|gametype|doubles
|player|p1|Pokecraft15|hilbert-wonderlauncher|1258
|player|p2|Mr James Freak|scientist|1304
|gen|9
|tier|[Gen 9 Champions] VGC 2026 Reg M-B (Bo3)
|rated|
|rule|Species Clause: Limit one of each Pokémon
|rule|Item Clause: Limit 1 of each item
|clearpoke
|poke|p1|Froslass, L50, F|
|poke|p1|Aerodactyl, L50, M|
|poke|p1|Milotic, L50, F|
|poke|p1|Incineroar, L50, F|
|poke|p1|Sinistcha-Masterpiece, L50|
|poke|p1|Weavile, L50, M|
|poke|p2|Sinistcha-Masterpiece, L50, shiny|
|poke|p2|Sneasler, L50, M, shiny|
|poke|p2|Delphox, L50, M, shiny|
|poke|p2|Kingambit, L50, F, shiny|
|poke|p2|Incineroar, L50, M, shiny|
|poke|p2|Ninetales-Alola, L50, F, shiny|
|teampreview|4
|showteam|p1|Froslass||Froslassite|SnowCloak|Blizzard,ShadowBall,Thunderbolt,Protect|Modest||F|||50|]Aerodactyl||FocusSash|Unnerve|RockSlide,DualWingbeat,WideGuard,Tailwind|Jolly||M|||50|]Milotic||MysticWater|Competitive|MuddyWater,IcyWind,Coil,Protect|Serious||F|||50|]Incineroar||ChopleBerry|Intimidate|FlareBlitz,ThroatChop,PartingShot,FakeOut|Adamant||F|||50|]Sinistcha-Masterpiece||SitrusBerry|Hospitality|RagePowder,MatchaGotcha,TrickRoom,Protect|Modest|||||50|]Weavile||NeverMeltIce|Pressure|TripleAxel,NightSlash,FakeOut,Protect|Jolly||M|||50|
|showteam|p2|Sinistcha-Masterpiece||OccaBerry|Hospitality|MatchaGotcha,RagePowder,TrickRoom,Protect|Bold|||||50|]Sneasler||WhiteHerb|Unburden|CloseCombat,DireClaw,FakeOut,QuickGuard|Jolly||M|||50|]Delphox||Delphoxite|Blaze|HeatWave,Psyshock,NastyPlot,Protect|Timid||M|||50|]Kingambit||ChopleBerry|Defiant|KowtowCleave,SuckerPunch,LowKick,Protect|Adamant||F|||50|]Incineroar||PasshoBerry|Intimidate|FakeOut,PartingShot,FlareBlitz,ThroatChop|Careful||M|||50|]Ninetales-Alola||FocusSash|SnowWarning|Blizzard,FreezeDry,Encore,Protect|Timid||F|||50|
|inactive|Battle timer is ON: inactive players will automatically lose when time's up. (requested by Pokecraft15)
|c|☆Pokecraft15|glhf
|inactive|Mr James Freak has 60 seconds left.
|
|t:|1784147212
|teamsize|p1|4
|teamsize|p2|4
|start
|switch|p1a: Milotic|Milotic, L50, F|100/100
|switch|p1b: Weavile|Weavile, L50, M|100/100
|switch|p2a: Kingambit|Kingambit, L50, F, shiny|100/100
|switch|p2b: Sneasler|Sneasler, L50, M, shiny|100/100
|-ability|p1b: Weavile|Pressure
|turn|1
|inactive|Pokecraft15 has 30 seconds left.
|
|t:|1784147241
|move|p1b: Weavile|Protect|p1b: Weavile
|-singleturn|p1b: Weavile|Protect
|move|p1a: Milotic|Protect|p1a: Milotic
|-singleturn|p1a: Milotic|Protect
|move|p2b: Sneasler|Close Combat|p1a: Milotic
|-activate|p1a: Milotic|move: Protect
|move|p2a: Kingambit|Kowtow Cleave|p1a: Milotic
|-activate|p1a: Milotic|move: Protect
|
|upkeep
|turn|2
|
|t:|1784147256
|move|p1b: Weavile|Triple Axel|p2b: Sneasler
|-damage|p2b: Sneasler|80/100
|-hitcount|p2b: Sneasler|1
|move|p2b: Sneasler|Close Combat|p1b: Weavile
|-supereffective|p1b: Weavile|2
|-damage|p1b: Weavile|0 fnt
|-unboost|p2b: Sneasler|def|1
|-unboost|p2b: Sneasler|spd|1
|faint|p1b: Weavile
|-enditem|p2b: Sneasler|White Herb
|-clearnegativeboost|p2b: Sneasler|[silent]
|move|p1a: Milotic|Muddy Water|p2b: Sneasler|[spread] p2a,p2b
|-damage|p2a: Kingambit|66/100
|-damage|p2b: Sneasler|33/100
|-unboost|p2a: Kingambit|accuracy|1
|-ability|p2a: Kingambit|Defiant|boost
|-boost|p2a: Kingambit|atk|2
|-unboost|p2b: Sneasler|accuracy|1
|move|p2a: Kingambit|Kowtow Cleave|p1a: Milotic
|-damage|p1a: Milotic|0 fnt
|faint|p1a: Milotic
|
|upkeep
|
|t:|1784147264
|switch|p1b: Incineroar|Incineroar, L50, F|100/100
|switch|p1a: Aerodactyl|Aerodactyl, L50, M|100/100
|-ability|p1a: Aerodactyl|Unnerve
|-ability|p1b: Incineroar|Intimidate|boost
|-unboost|p2a: Kingambit|atk|1
|-ability|p2a: Kingambit|Defiant|boost
|-boost|p2a: Kingambit|atk|2
|-unboost|p2b: Sneasler|atk|1
|turn|3
|
|t:|1784147289
|move|p2b: Sneasler|Close Combat|p1b: Incineroar
|-supereffective|p1b: Incineroar|1
|-enditem|p1b: Incineroar|Chople Berry|[eat]
|-enditem|p1b: Incineroar|Chople Berry|[weaken]
|-damage|p1b: Incineroar|57/100
|-unboost|p2b: Sneasler|def|1
|-unboost|p2b: Sneasler|spd|1
|move|p1a: Aerodactyl|Tailwind|p1a: Aerodactyl
|-sidestart|p1: Pokecraft15|move: Tailwind
|move|p1b: Incineroar|Flare Blitz|p2a: Kingambit
|-supereffective|p2a: Kingambit|1
|-damage|p2a: Kingambit|0 fnt
|faint|p2a: Kingambit
|-damage|p1b: Incineroar|32/100|[from] Recoil
|
|upkeep
|
|t:|1784147301
|switch|p2a: Sinistcha|Sinistcha-Masterpiece, L50, shiny|100/100
|-heal|p2b: Sneasler|58/100|[from] ability: Hospitality|[of] p2a: Sinistcha
|turn|4
|
|t:|1784147314
|move|p2a: Sinistcha|Rage Powder|p2a: Sinistcha
|-singleturn|p2a: Sinistcha|move: Rage Powder
|move|p1a: Aerodactyl|Dual Wingbeat|p2a: Sinistcha
|-supereffective|p2a: Sinistcha|1
|-damage|p2a: Sinistcha|71/100
|-supereffective|p2a: Sinistcha|1
|-damage|p2a: Sinistcha|44/100
|-hitcount|p2a: Sinistcha|2
|move|p2b: Sneasler|Close Combat|p1a: Aerodactyl
|-damage|p1a: Aerodactyl|26/100
|-unboost|p2b: Sneasler|def|1
|-unboost|p2b: Sneasler|spd|1
|move|p1b: Incineroar|Throat Chop|p2a: Sinistcha
|-supereffective|p2a: Sinistcha|1
|-damage|p2a: Sinistcha|0 fnt
|faint|p2a: Sinistcha
|
|upkeep
|
|t:|1784147327
|switch|p2a: Delphox|Delphox, L50, M, shiny|100/100
|turn|5
|
|t:|1784147336
|detailschange|p2a: Delphox|Delphox-Mega, L50, M, shiny
|-mega|p2a: Delphox|Delphox|Delphoxite
|move|p1a: Aerodactyl|Dual Wingbeat|p2b: Sneasler
|-supereffective|p2b: Sneasler|1
|-damage|p2b: Sneasler|0 fnt
|faint|p2b: Sneasler
|-hitcount|p2: Sneasler|1
|move|p2a: Delphox|Psyshock|p1a: Aerodactyl
|-damage|p1a: Aerodactyl|0 fnt
|faint|p1a: Aerodactyl
|move|p1b: Incineroar|Throat Chop|p2a: Delphox
|-supereffective|p2a: Delphox|1
|-damage|p2a: Delphox|5/100
|-start|p2a: Delphox|Throat Chop|[silent]
|
|upkeep
|turn|6
|c|☆Pokecraft15|ggwp
|
|t:|1784147350
|move|p2a: Delphox|Protect|p2a: Delphox
|-singleturn|p2a: Delphox|Protect
|move|p1b: Incineroar|Throat Chop|p2a: Delphox
|-activate|p2a: Delphox|move: Protect
|
|-end|p2a: Delphox|Throat Chop|[silent]
|-sideend|p1: Pokecraft15|move: Tailwind
|upkeep
|turn|7
|
|t:|1784147353
|move|p2a: Delphox|Heat Wave|p1b: Incineroar
|-resisted|p1b: Incineroar|1
|-damage|p1b: Incineroar|9/100
|move|p1b: Incineroar|Throat Chop|p2a: Delphox
|-supereffective|p2a: Delphox|1
|-damage|p2a: Delphox|0 fnt
|faint|p2a: Delphox
|
|win|Pokecraft15
|raw|Pokecraft15's rating: 1258 → 1286(+28 for winning)
|raw|Mr James Freak's rating: 1304 → 1281(-23 for losing)
|l|☆Mr James Freak
|player|p2|
