|j|☆shinyweavile97
|j|☆Miss Elysia
|html|shinyweavile97Miss Elysia    
|uhtml|bestof|Game 1 of a best-of-3
|t:|1782546498
|gametype|doubles
|player|p1|shinyweavile97|170|1167
|player|p2|Miss Elysia|diantha|1065
|gen|9
|tier|[Gen 9 Champions] VGC 2026 Reg M-B (Bo3)
|rated|
|rule|Species Clause: Limit one of each Pokémon
|rule|Item Clause: Limit 1 of each item
|clearpoke
|poke|p1|Rotom-Heat, L50|
|poke|p1|Sceptile, L50, F|
|poke|p1|Basculegion, L50, M|
|poke|p1|Pelipper, L50, M|
|poke|p1|Swampert, L50, F|
|poke|p1|Archaludon, L50, F|
|poke|p2|Swampert, L50, F|
|poke|p2|Archaludon, L50, F|
|poke|p2|Klefki, L50, M|
|poke|p2|Sinistcha, L50|
|poke|p2|Annihilape, L50, M|
|poke|p2|Maushold, L50|
|teampreview|4
|showteam|p1|Rotom-Heat||ChoiceScarf|Levitate|Discharge,Overheat,Trick,VoltSwitch|Timid|||||50|]Sceptile||Sceptilite|Overgrow|LeafStorm,DragonPulse,EarthPower,Protect|Timid||F|||50|]Basculegion||MysticWater|SwiftSwim|WaveCrash,LastRespects,AquaJet,Protect|Adamant||M|||50|]Pelipper||FocusSash|Drizzle|WeatherBall,Hurricane,Tailwind,Protect|Timid||M|||50|]Swampert||Swampertite|Torrent|Liquidation,Earthquake,IcePunch,Protect|Jolly||F|||50|]Archaludon||Leftovers|Stamina|ElectroShot,DragonPulse,FlashCannon,Protect|Modest||F|||50|
|showteam|p2|Swampert||Swampertite|Damp|WaveCrash,HighHorsepower,IcePunch,Protect|Adamant||F|||50|]Archaludon||Leftovers|Stamina|DragonPulse,ElectroShot,FlashCannon,Protect|Modest||F|||50|]Klefki||OccaBerry|Prankster|RainDance,LightScreen,Reflect,FoulPlay|Bold||M|||50|]Sinistcha||KasibBerry|Hospitality|RagePowder,LifeDew,TrickRoom,MatchaGotcha|Relaxed|||||50|]Annihilape||SitrusBerry|Defiant|RageFist,DrainPunch,BulkUp,Protect|Adamant||M|||50|]Maushold||ChopleBerry|FriendGuard|BeatUp,FollowMe,SuperFang,Protect|Jolly|||||50|
|inactive|Battle timer is ON: inactive players will automatically lose when time's up. (requested by Miss Elysia)
|inactive|shinyweavile97 has 60 seconds left.
|inactive|Miss Elysia has 60 seconds left.
|
|t:|1782546542
|teamsize|p1|4
|teamsize|p2|4
|start
|switch|p1a: Rotom|Rotom-Heat, L50|100/100
|switch|p1b: Sceptile|Sceptile, L50, F|100/100
|switch|p2a: Annihilape|Annihilape, L50, M|100/100
|switch|p2b: Maushold|Maushold, L50|100/100
|turn|1
|inactive|Miss Elysia has 30 seconds left.
|
|t:|1782546571
|detailschange|p1b: Sceptile|Sceptile-Mega, L50, F
|-mega|p1b: Sceptile|Sceptile|Sceptilite
|move|p1a: Rotom|Discharge|p2b: Maushold|[spread] p2a,p2b
|-ability|p1b: Sceptile|Lightning Rod|boost
|-boost|p1b: Sceptile|spa|1
|-damage|p2a: Annihilape|83/100
|-damage|p2b: Maushold|65/100
|-status|p2a: Annihilape|par
|move|p1b: Sceptile|Dragon Pulse|p2b: Maushold
|-damage|p2b: Maushold|0 fnt
|faint|p2b: Maushold
|move|p2a: Annihilape|Rage Fist|p1b: Sceptile
|-damage|p1b: Sceptile|32/100
|
|upkeep
|
|t:|1782546587
|switch|p2b: Sinistcha|Sinistcha, L50|100/100
|-heal|p2a: Annihilape|100/100 par|[from] ability: Hospitality|[of] p2b: Sinistcha
|turn|2
|
|t:|1782546596
|move|p1a: Rotom|Discharge|p2a: Annihilape|[spread] p2a,p2b
|-ability|p1b: Sceptile|Lightning Rod|boost
|-boost|p1b: Sceptile|spa|1
|-resisted|p2b: Sinistcha|1
|-damage|p2a: Annihilape|79/100 par
|-damage|p2b: Sinistcha|85/100
|-status|p2b: Sinistcha|par
|move|p1b: Sceptile|Dragon Pulse|p2b: Sinistcha
|-damage|p2b: Sinistcha|2/100 par
|move|p2a: Annihilape|Rage Fist|p1b: Sceptile
|-damage|p1b: Sceptile|0 fnt
|faint|p1b: Sceptile
|move|p2b: Sinistcha|Trick Room|p2b: Sinistcha
|-fieldstart|move: Trick Room|[of] p2b: Sinistcha
|
|upkeep
|
|t:|1782546614
|switch|p1b: Archaludon|Archaludon, L50, F|100/100
|turn|3
|
|t:|1782546632
|switch|p1a: Pelipper|Pelipper, L50, M|100/100
|-weather|RainDance|[from] ability: Drizzle|[of] p1a: Pelipper
|move|p2b: Sinistcha|Life Dew|p2b: Sinistcha|[spread] p2a,p2b
|-heal|p2a: Annihilape|100/100 par
|-heal|p2b: Sinistcha|28/100 par
|move|p2a: Annihilape|Rage Fist|p1a: Pelipper
|-damage|p1a: Pelipper|18/100
|move|p1b: Archaludon|Electro Shot||[still]
|-prepare|p1b: Archaludon|Electro Shot
|-boost|p1b: Archaludon|spa|1
|-anim|p1b: Archaludon|Electro Shot|p2a: Annihilape
|-damage|p2a: Annihilape|46/100 par
|-enditem|p2a: Annihilape|Sitrus Berry|[eat]
|-heal|p2a: Annihilape|71/100 par|[from] item: Sitrus Berry
|
|-weather|RainDance|[upkeep]
|upkeep
|turn|4
|
|t:|1782546654
|move|p2b: Sinistcha|Matcha Gotcha|p1a: Pelipper|[spread] p1a,p1b
|-resisted|p1b: Archaludon|2
|-damage|p1a: Pelipper|0 fnt
|-heal|p2b: Sinistcha|35/100 par|[from] drain|[of] p1a: Pelipper
|-damage|p1b: Archaludon|93/100
|-heal|p2b: Sinistcha|38/100 par|[from] drain|[of] p1b: Archaludon
|-ability|p1b: Archaludon|Stamina|boost
|-boost|p1b: Archaludon|def|1
|faint|p1a: Pelipper
|move|p2a: Annihilape|Rage Fist|p1b: Archaludon
|-damage|p1b: Archaludon|48/100
|-ability|p1b: Archaludon|Stamina|boost
|-boost|p1b: Archaludon|def|1
|move|p1b: Archaludon|Electro Shot||[still]
|-prepare|p1b: Archaludon|Electro Shot
|-boost|p1b: Archaludon|spa|1
|-anim|p1b: Archaludon|Electro Shot|p2b: Sinistcha
|-resisted|p2b: Sinistcha|1
|-damage|p2b: Sinistcha|0 fnt
|faint|p2b: Sinistcha
|
|-weather|RainDance|[upkeep]
|-heal|p1b: Archaludon|55/100|[from] item: Leftovers
|upkeep
|
|t:|1782546671
|switch|p2b: Archaludon|Archaludon, L50, F|100/100
|switch|p1a: Rotom|Rotom-Heat, L50|100/100
|turn|5
|inactive|shinyweavile97 has 30 seconds left.
|
|t:|1782546698
|move|p2a: Annihilape|Rage Fist|p1b: Archaludon
|-damage|p1b: Archaludon|17/100
|-ability|p1b: Archaludon|Stamina|boost
|-boost|p1b: Archaludon|def|1
|move|p2b: Archaludon|Electro Shot||[still]
|-prepare|p2b: Archaludon|Electro Shot
|-boost|p2b: Archaludon|spa|1
|-anim|p2b: Archaludon|Electro Shot|p1a: Rotom
|-resisted|p1a: Rotom|1
|-damage|p1a: Rotom|57/100
|move|p1b: Archaludon|Dragon Pulse|p2b: Archaludon
|-damage|p2b: Archaludon|0 fnt
|faint|p2b: Archaludon
|move|p1a: Rotom|Trick|p2a: Annihilape
|-activate|p1a: Rotom|move: Trick|[of] p2a: Annihilape
|-item|p2a: Annihilape|Choice Scarf|[from] move: Trick
|-enditem|p1a: Rotom|Choice Scarf|[silent]|[from] move: Trick
|
|-weather|RainDance|[upkeep]
|-heal|p1b: Archaludon|23/100|[from] item: Leftovers
|upkeep
|turn|6
|inactive|shinyweavile97 has 30 seconds left.
|inactive|shinyweavile97 has 20 seconds left.
|inactive|shinyweavile97 has 15 seconds left.
|
|t:|1782546743
|move|p2a: Annihilape|Rage Fist|p1a: Rotom
|-damage|p1a: Rotom|0 fnt
|faint|p1a: Rotom
|move|p1b: Archaludon|Electro Shot||[still]
|-prepare|p1b: Archaludon|Electro Shot
|-boost|p1b: Archaludon|spa|1
|-anim|p1b: Archaludon|Electro Shot|p2a: Annihilape
|-damage|p2a: Annihilape|0 fnt
|faint|p2a: Annihilape
|
|win|shinyweavile97
