|j|☆jiaco5
|j|☆IceyMochi
|html|jiaco5IceyMochi    
|uhtml|bestof|Game 2 of a best-of-3
|t:|1783995738
|gametype|doubles
|player|p1|jiaco5|102|1259
|player|p2|IceyMochi|caitlin|1216
|gen|9
|tier|[Gen 9 Champions] VGC 2026 Reg M-B (Bo3)
|rated|
|rule|Species Clause: Limit one of each Pokémon
|rule|Item Clause: Limit 1 of each item
|clearpoke
|poke|p1|Blastoise, L50, F|
|poke|p1|Sinistcha, L50|
|poke|p1|Delphox, L50, F|
|poke|p1|Sneasler, L50, F|
|poke|p1|Incineroar, L50, F|
|poke|p1|Kingambit, L50, M|
|poke|p2|Froslass, L50, F, shiny|
|poke|p2|Whimsicott, L50, F|
|poke|p2|Basculegion, L50, M|
|poke|p2|Kingambit, L50, M|
|poke|p2|Armarouge, L50, F|
|poke|p2|Farigiraf, L50, F|
|teampreview|4
|showteam|p1|Blastoise||Blastoisinite|RainDish|WaterSpout,DarkPulse,ShellSmash,Protect|Modest||F|||50|]Sinistcha||OccaBerry|Hospitality|MatchaGotcha,TrickRoom,RagePowder,Protect|Relaxed|||||50|]Delphox||Delphoxite|Blaze|HeatWave,Psyshock,NastyPlot,Protect|Timid||F|||50|]Sneasler||FocusSash|PoisonTouch|CloseCombat,DireClaw,FakeOut,QuickGuard|Jolly||F|||50|]Incineroar||SitrusBerry|Intimidate|FlareBlitz,FakeOut,ThroatChop,PartingShot|Impish||F|||50|]Kingambit||BlackGlasses|Defiant|KowtowCleave,SuckerPunch,SwordsDance,Protect|Adamant||M|||50|
|showteam|p2|Froslass||Froslassite|CursedBody|Protect,NastyPlot,Blizzard,ShadowBall|Timid||F|||50|]Whimsicott||FocusSash|Prankster|Tailwind,Encore,Moonblast,Protect|Bold||F|||50|]Basculegion||MysticWater|Adaptability|WaveCrash,LastRespects,AquaJet,Protect|Adamant||M|||50|]Kingambit||BlackGlasses|Defiant|SuckerPunch,KowtowCleave,IronHead,LowKick|Adamant||M|||50|]Armarouge||LifeOrb|FlashFire|WideGuard,HeatWave,EnergyBall,Psychic|Quiet||F|||50|]Farigiraf||SitrusBerry|ArmorTail|TrickRoom,HelpingHand,HyperVoice,AllySwitch|Sassy||F|||50|
|
|t:|1783995770
|teamsize|p1|4
|teamsize|p2|4
|start
|switch|p1a: Sneasler|Sneasler, L50, F|100/100
|switch|p1b: Kingambit|Kingambit, L50, M|100/100
|switch|p2a: Kingambit|Kingambit, L50, M|100/100
|switch|p2b: Farigiraf|Farigiraf, L50, F|100/100
|turn|1
|
|t:|1783995787
|switch|p1b: Sinistcha|Sinistcha, L50|100/100
|move|p2b: Farigiraf|Ally Switch|p2b: Farigiraf
|swap|p2b: Farigiraf|0|[from] move: Ally Switch
|move|p1a: Sneasler|Close Combat|p2b: Kingambit
|-supereffective|p2b: Kingambit|2
|-damage|p2b: Kingambit|0 fnt
|-unboost|p1a: Sneasler|def|1
|-unboost|p1a: Sneasler|spd|1
|faint|p2b: Kingambit
|
|upkeep
|
|t:|1783995794
|switch|p2b: Vanilla|Froslass, L50, F, shiny|100/100
|turn|2
|
|t:|1783995806
|switch|p1b: Kingambit|Kingambit, L50, M|100/100
|detailschange|p2b: Vanilla|Froslass-Mega, L50, F, shiny
|-mega|p2b: Vanilla|Froslass|Froslassite
|-weather|Snowscape|[from] ability: Snow Warning|[of] p2b: Vanilla
|move|p2a: Farigiraf|Helping Hand|p2b: Vanilla
|-singleturn|p2b: Vanilla|Helping Hand|[of] p2a: Farigiraf
|move|p1a: Sneasler|Close Combat|p2a: Farigiraf
|-damage|p2a: Farigiraf|40/100
|-unboost|p1a: Sneasler|def|1
|-unboost|p1a: Sneasler|spd|1
|-enditem|p2a: Farigiraf|Sitrus Berry|[eat]
|-heal|p2a: Farigiraf|64/100|[from] item: Sitrus Berry
|move|p2b: Vanilla|Blizzard|p1b: Kingambit|[spread] p1a,p1b
|-resisted|p1b: Kingambit|1
|-enditem|p1a: Sneasler|Focus Sash
|-damage|p1a: Sneasler|1/100
|-damage|p1b: Kingambit|65/100
|
|-weather|Snowscape|[upkeep]
|upkeep
|turn|3
|
|t:|1783995831
|move|p1b: Kingambit|Protect|p1b: Kingambit
|-singleturn|p1b: Kingambit|Protect
|move|p2b: Vanilla|Blizzard|p1a: Sneasler|[spread] p1a
|-activate|p1b: Kingambit|move: Protect
|-damage|p1a: Sneasler|0 fnt
|faint|p1a: Sneasler
|move|p2a: Farigiraf|Hyper Voice|p1b: Kingambit
|-activate|p1b: Kingambit|move: Protect
|
|-weather|Snowscape|[upkeep]
|upkeep
|
|t:|1783995840
|switch|p1a: Blastoise|Blastoise, L50, F|100/100
|turn|4
|
|t:|1783995849
|detailschange|p1a: Blastoise|Blastoise-Mega, L50, F
|-mega|p1a: Blastoise|Blastoise|Blastoisinite
|move|p2b: Vanilla|Blizzard|p1b: Kingambit|[spread] p1a,p1b
|-resisted|p1a: Blastoise|1
|-resisted|p1b: Kingambit|1
|-damage|p1a: Blastoise|78/100
|-damage|p1b: Kingambit|44/100
|move|p1a: Blastoise|Dark Pulse|p2b: Vanilla
|-supereffective|p2b: Vanilla|1
|-damage|p2b: Vanilla|0 fnt
|faint|p2b: Vanilla
|move|p1b: Kingambit|Kowtow Cleave|p2a: Farigiraf
|-supereffective|p2a: Farigiraf|1
|-damage|p2a: Farigiraf|0 fnt
|faint|p2a: Farigiraf
|
|-weather|Snowscape|[upkeep]
|upkeep
|
|t:|1783995860
|switch|p2b: Armarouge|Armarouge, L50, F|100/100
|turn|5
|
|t:|1783995868
|move|p1b: Kingambit|Sucker Punch|p2b: Armarouge
|-supereffective|p2b: Armarouge|1
|-damage|p2b: Armarouge|11/100
|move|p1a: Blastoise|Dark Pulse|p2b: Armarouge
|-supereffective|p2b: Armarouge|1
|-damage|p2b: Armarouge|0 fnt
|faint|p2b: Armarouge
|
|win|jiaco5
|raw|jiaco5's rating: 1259 → 1281(+22 for winning)
|raw|IceyMochi's rating: 1216 → 1194(-22 for losing)
|c|☆IceyMochi|gg
