|j|☆cowboyoctopus
|j|☆Chocokoala VGC
|html|cowboyoctopusChocokoala VGC    
|uhtml|bestof|Game 2 of a best-of-3
|t:|1782492664
|gametype|doubles
|player|p1|cowboyoctopus|bellelba|1239
|player|p2|Chocokoala VGC|aaron|1256
|gen|9
|tier|[Gen 9 Champions] VGC 2026 Reg M-B (Bo3)
|rated|
|rule|Species Clause: Limit one of each Pokémon
|rule|Item Clause: Limit 1 of each item
|clearpoke
|poke|p1|Meganium, L50, M|
|poke|p1|Tyranitar, L50, M|
|poke|p1|Excadrill, L50, M|
|poke|p1|Aerodactyl, L50, F|
|poke|p1|Volcarona, L50, F|
|poke|p1|Sneasler, L50, F|
|poke|p2|Primarina, L50, F|
|poke|p2|Metagross, L50|
|poke|p2|Incineroar, L50, F|
|poke|p2|Sinistcha, L50|
|poke|p2|Aerodactyl, L50, F|
|poke|p2|Garchomp, L50, M|
|teampreview|4
|showteam|p1|Meganium||Meganiumite|Overgrow|SolarBeam,WeatherBall,Synthesis,Protect|Modest||M|||50|]Tyranitar||Tyranitarite|SandStream|RockSlide,KnockOff,LowKick,Protect|Brave||M|||50|]Excadrill||LifeOrb|SandRush|Earthquake,RockSlide,IronHead,Protect|Adamant||M|||50|]Aerodactyl||FocusSash|RockHead|RockSlide,DualWingbeat,StoneEdge,Protect|Jolly||F|||50|]Volcarona||SitrusBerry|FlameBody|RagePowder,HeatWave,WillOWisp,Protect|Bold||F|||50|]Sneasler||WhiteHerb|Unburden|FakeOut,DireClaw,CloseCombat,Protect|Jolly||F|||50|
|showteam|p2|Primarina||Leftovers|LiquidVoice|HyperVoice,Moonblast,Protect,CalmMind|Modest||F|||50|]Metagross||Metagrossite|ClearBody|MeteorMash,PsychicFangs,Protect,StompingTantrum|Adamant|||||50|]Incineroar||SitrusBerry|Intimidate|FakeOut,PartingShot,FlareBlitz,ThroatChop|Careful||F|||50|]Sinistcha||KasibBerry|Hospitality|MatchaGotcha,RagePowder,LifeDew,TrickRoom|Sassy|||||50|]Aerodactyl||Aerodactylite|RockHead|RockSlide,DualWingbeat,Protect,Tailwind|Jolly||F|||50|]Garchomp||LifeOrb|RoughSkin|Earthquake,StompingTantrum,Protect,DragonClaw|Adamant||M|||50|
|inactive|Battle timer is ON: inactive players will automatically lose when time's up. (requested by cowboyoctopus)
|inactive|Chocokoala VGC also wants the timer to be on.
|inactive|cowboyoctopus has 60 seconds left.
|
|t:|1782492707
|teamsize|p1|4
|teamsize|p2|4
|start
|switch|p1a: Volcarona|Volcarona, L50, F|100/100
|switch|p1b: Meganium|Meganium, L50, M|100/100
|switch|p2a: Garchomp|Garchomp, L50, M|100/100
|switch|p2b: Metagross|Metagross, L50|100/100
|turn|1
|
|t:|1782492727
|detailschange|p2b: Metagross|Metagross-Mega, L50
|-mega|p2b: Metagross|Metagross|Metagrossite
|detailschange|p1b: Meganium|Meganium-Mega, L50, M
|-mega|p1b: Meganium|Meganium|Meganiumite
|move|p2b: Metagross|Protect|p2b: Metagross
|-singleturn|p2b: Metagross|Protect
|move|p1b: Meganium|Protect|p1b: Meganium
|-singleturn|p1b: Meganium|Protect
|move|p2a: Garchomp|Earthquake|p1b: Meganium|[spread] p1a
|-activate|p2b: Metagross|move: Protect
|-activate|p1b: Meganium|move: Protect
|-damage|p1a: Volcarona|49/100
|-enditem|p1a: Volcarona|Sitrus Berry|[eat]
|-heal|p1a: Volcarona|74/100|[from] item: Sitrus Berry
|-damage|p2a: Garchomp|90/100|[from] item: Life Orb
|move|p1a: Volcarona|Heat Wave|p2a: Garchomp|[spread] p2a
|-activate|p2b: Metagross|move: Protect
|-resisted|p2a: Garchomp|1
|-damage|p2a: Garchomp|74/100
|-status|p2a: Garchomp|brn
|
|-damage|p2a: Garchomp|68/100 brn|[from] brn
|upkeep
|turn|2
|inactive|Chocokoala VGC has 30 seconds left.
|
|t:|1782492753
|switch|p2b: Decidueye?|Sinistcha, L50|100/100
|-heal|p2a: Garchomp|92/100 brn|[from] ability: Hospitality|[of] p2b: Decidueye?
|move|p1a: Volcarona|Rage Powder|p1a: Volcarona
|-singleturn|p1a: Volcarona|move: Rage Powder
|move|p2a: Garchomp|Dragon Claw|p1a: Volcarona
|-crit|p1a: Volcarona
|-damage|p1a: Volcarona|35/100
|-damage|p2a: Garchomp|83/100 brn|[from] item: Life Orb
|move|p1b: Meganium|Weather Ball|p2b: Decidueye?
|-supereffective|p2b: Decidueye?|1
|-damage|p2b: Decidueye?|0 fnt
|faint|p2b: Decidueye?
|
|-damage|p2a: Garchomp|77/100 brn|[from] brn
|upkeep
|
|t:|1782492766
|switch|p2b: Incineroar|Incineroar, L50, F|100/100
|-ability|p2b: Incineroar|Intimidate|boost
|-unboost|p1a: Volcarona|atk|1
|-unboost|p1b: Meganium|atk|1
|turn|3
|
|t:|1782492775
|move|p1a: Volcarona|Protect|p1a: Volcarona
|-singleturn|p1a: Volcarona|Protect
|move|p1b: Meganium|Protect|p1b: Meganium
|-singleturn|p1b: Meganium|Protect
|move|p2b: Incineroar|Fake Out|p1b: Meganium
|-activate|p1b: Meganium|move: Protect
|move|p2a: Garchomp|Dragon Claw|p1a: Volcarona
|-activate|p1a: Volcarona|move: Protect
|
|-damage|p2a: Garchomp|71/100 brn|[from] brn
|upkeep
|turn|4
|
|t:|1782492785
|move|p1a: Volcarona|Rage Powder|p1a: Volcarona
|-singleturn|p1a: Volcarona|move: Rage Powder
|move|p2a: Garchomp|Dragon Claw|p1a: Volcarona
|-damage|p1a: Volcarona|11/100
|-damage|p2a: Garchomp|61/100 brn|[from] item: Life Orb
|move|p1b: Meganium|Solar Beam||[still]
|-prepare|p1b: Meganium|Solar Beam
|-activate|p1b: Meganium|ability: Mega Sol
|-anim|p1b: Meganium|Solar Beam|p2a: Garchomp
|-damage|p2a: Garchomp|0 fnt
|faint|p2a: Garchomp
|move|p2b: Incineroar|Flare Blitz|p1a: Volcarona
|-damage|p1a: Volcarona|0 fnt
|faint|p1a: Volcarona
|-damage|p2b: Incineroar|96/100|[from] Recoil
|
|upkeep
|
|t:|1782492795
|switch|p2a: Metagross|Metagross-Mega, L50|100/100
|switch|p1a: Tyranitar|Tyranitar, L50, M|100/100
|-weather|Sandstorm|[from] ability: Sand Stream|[of] p1a: Tyranitar
|turn|5
|
|t:|1782492819
|move|p2a: Metagross|Meteor Mash|p1b: Meganium|[miss]
|-miss|p2a: Metagross|p1b: Meganium
|move|p1b: Meganium|Weather Ball|p2a: Metagross
|-supereffective|p2a: Metagross|1
|-damage|p2a: Metagross|0 fnt
|faint|p2a: Metagross
|move|p2b: Incineroar|Parting Shot|p1a: Tyranitar
|-unboost|p1a: Tyranitar|atk|1
|-unboost|p1a: Tyranitar|spa|1
|move|p1a: Tyranitar|Rock Slide|p2b: Incineroar
|-supereffective|p2b: Incineroar|1
|-damage|p2b: Incineroar|49/100
|-enditem|p2b: Incineroar|Sitrus Berry|[eat]
|-heal|p2b: Incineroar|73/100|[from] item: Sitrus Berry
|
|-weather|Sandstorm|[upkeep]
|-damage|p1b: Meganium|94/100|[from] Sandstorm
|-damage|p2b: Incineroar|67/100|[from] Sandstorm
|upkeep
|turn|6
|
|t:|1782492832
|move|p1b: Meganium|Solar Beam||[still]
|-prepare|p1b: Meganium|Solar Beam
|-activate|p1b: Meganium|ability: Mega Sol
|-anim|p1b: Meganium|Solar Beam|p2b: Incineroar
|-resisted|p2b: Incineroar|1
|-damage|p2b: Incineroar|40/100
|move|p2b: Incineroar|Parting Shot|p1a: Tyranitar
|-unboost|p1a: Tyranitar|atk|1
|-unboost|p1a: Tyranitar|spa|1
|move|p1a: Tyranitar|Rock Slide|p2b: Incineroar
|-supereffective|p2b: Incineroar|1
|-damage|p2b: Incineroar|1/100
|
|-weather|Sandstorm|[upkeep]
|-damage|p1b: Meganium|88/100|[from] Sandstorm
|-damage|p2b: Incineroar|0 fnt|[from] Sandstorm
|faint|p2b: Incineroar
|
|win|cowboyoctopus
