|j|☆TrashTest6116
|j|☆Esah
|html|TrashTest6116Esah    
|uhtml|bestof|Game 2 of a best-of-3
|t:|1783695904
|gametype|doubles
|player|p1|TrashTest6116|colress|1000
|player|p2|Esah|clair|1000
|gen|9
|tier|[Gen 9 Champions] VGC 2026 Reg M-B (Bo3)
|rated|
|rule|Species Clause: Limit one of each Pokémon
|rule|Item Clause: Limit 1 of each item
|clearpoke
|poke|p1|Blastoise, L50, F|
|poke|p1|Delphox, L50, M|
|poke|p1|Incineroar, L50, F|
|poke|p1|Sneasler, L50, M|
|poke|p1|Sinistcha-Masterpiece, L50|
|poke|p1|Kingambit, L50, F|
|poke|p2|Kingambit, L50, F|
|poke|p2|Basculegion, L50, M|
|poke|p2|Sylveon, L50, F|
|poke|p2|Sceptile, L50, M|
|poke|p2|Charizard, L50, M|
|poke|p2|Ditto, L50|
|teampreview|4
|showteam|p1|Blastoise||Blastoisinite|Torrent|Protect,ShellSmash,WaterSpout,DarkPulse|Modest||F|||50|]Delphox||Delphoxite|Blaze|Protect,NastyPlot,HeatWave,Psyshock|Timid||M|||50|]Incineroar||SitrusBerry|Intimidate|FakeOut,FlareBlitz,HelpingHand,PartingShot|Impish||F|||50|]Sneasler||FocusSash|PoisonTouch|CloseCombat,PoisonJab,FakeOut,QuickGuard|Jolly||M|||50|]Sinistcha-Masterpiece||OccaBerry|Hospitality|Protect,MatchaGotcha,RagePowder,LifeDew|Bold|||||50|]Kingambit||LifeOrb|Defiant|KowtowCleave,SuckerPunch,SwordsDance,Protect|Adamant||F|||50|
|showteam|p2|Kingambit||ChopleBerry|Defiant|KowtowCleave,SuckerPunch,IronHead,Protect|Brave||F|||50|]Basculegion||ChoiceScarf|Adaptability|FlipTurn,WaveCrash,Protect,LastRespects|Jolly||M|||50|]Sylveon||FairyFeather|Pixilate|HyperVoice,HyperBeam,Yawn,Detect|Timid||F|||50|]Sceptile||Sceptilite|Overgrow|Protect,LeafStorm,DragonPulse,EarthPower|Timid||M|||50|]Charizard||CharizarditeX|SolarPower|FlareBlitz,DragonClaw,DragonDance,Protect|Adamant||M|||50|]Ditto||FocusSash|Imposter|Transform|Serious|||||50|
|inactive|Battle timer is ON: inactive players will automatically lose when time's up. (requested by Esah)
|
|t:|1783695961
|teamsize|p1|4
|teamsize|p2|4
|start
|switch|p1a: Delphox|Delphox, L50, M|100/100
|switch|p1b: Sneasler|Sneasler, L50, M|100/100
|switch|p2a: Kingambit|Kingambit, L50, F|100/100
|switch|p2b: Basculegion|Basculegion, L50, M|100/100
|turn|1
|inactive|TrashTest6116 has 30 seconds left.
|inactive|TrashTest6116 has 20 seconds left.
|inactive|TrashTest6116 has 15 seconds left.
|
|t:|1783696004
|switch|p1b: Incineroar|Incineroar, L50, F|100/100
|-ability|p1b: Incineroar|Intimidate|boost
|-unboost|p2a: Kingambit|atk|1
|-ability|p2a: Kingambit|Defiant|boost
|-boost|p2a: Kingambit|atk|2
|-unboost|p2b: Basculegion|atk|1
|move|p1a: Delphox|Protect|p1a: Delphox
|-singleturn|p1a: Delphox|Protect
|move|p2a: Kingambit|Protect|p2a: Kingambit
|-singleturn|p2a: Kingambit|Protect
|move|p2b: Basculegion|Wave Crash|p1a: Delphox
|-activate|p1a: Delphox|move: Protect
|
|upkeep
|turn|2
|
|t:|1783696028
|switch|p1a: Sinistcha|Sinistcha-Masterpiece, L50|100/100
|move|p2a: Kingambit|Sucker Punch||[still]
|-fail|p2a: Kingambit
|move|p2b: Basculegion|Wave Crash|p1a: Sinistcha
|-resisted|p1a: Sinistcha|1
|-damage|p1a: Sinistcha|80/100
|-damage|p2b: Basculegion|93/100|[from] Recoil
|move|p1b: Incineroar|Flare Blitz|p2a: Kingambit
|-supereffective|p2a: Kingambit|1
|-damage|p2a: Kingambit|34/100
|-damage|p1b: Incineroar|78/100|[from] Recoil
|
|upkeep
|turn|3
|inactive|TrashTest6116 has 30 seconds left.
|
|t:|1783696056
|move|p1b: Incineroar|Helping Hand|p1a: Sinistcha
|-singleturn|p1a: Sinistcha|Helping Hand|[of] p1b: Incineroar
|move|p2a: Kingambit|Protect|p2a: Kingambit
|-singleturn|p2a: Kingambit|Protect
|move|p2b: Basculegion|Wave Crash|p1b: Incineroar
|-supereffective|p1b: Incineroar|1
|-damage|p1b: Incineroar|2/100
|-enditem|p1b: Incineroar|Sitrus Berry|[eat]
|-heal|p1b: Incineroar|27/100|[from] item: Sitrus Berry
|-damage|p2b: Basculegion|68/100|[from] Recoil
|move|p1a: Sinistcha|Matcha Gotcha|p2a: Kingambit|[spread] p2b
|-activate|p2a: Kingambit|move: Protect
|-supereffective|p2b: Basculegion|1
|-damage|p2b: Basculegion|0 fnt
|-heal|p1a: Sinistcha|100/100|[from] drain|[of] p2b: Basculegion
|faint|p2b: Basculegion
|
|upkeep
|
|t:|1783696078
|switch|p2b: Charizard|Charizard, L50, M|100/100
|turn|4
|inactive|TrashTest6116 has 30 seconds left.
|
|t:|1783696107
|switch|p1a: Sneasler|Sneasler, L50, M|100/100
|detailschange|p2b: Charizard|Charizard-Mega-X, L50, M
|-mega|p2b: Charizard|Charizard|Charizardite X
|move|p2b: Charizard|Dragon Claw|p1b: Incineroar
|-damage|p1b: Incineroar|0 fnt
|faint|p1b: Incineroar
|move|p2a: Kingambit|Kowtow Cleave|p1a: Sneasler
|-resisted|p1a: Sneasler|1
|-crit|p1a: Sneasler
|-damage|p1a: Sneasler|11/100
|
|upkeep
|
|t:|1783696112
|switch|p1b: Delphox|Delphox, L50, M|100/100
|turn|5
|
|t:|1783696121
|detailschange|p1b: Delphox|Delphox-Mega, L50, M
|-mega|p1b: Delphox|Delphox|Delphoxite
|move|p2b: Charizard|Protect|p2b: Charizard
|-singleturn|p2b: Charizard|Protect
|move|p2a: Kingambit|Protect|p2a: Kingambit
|-singleturn|p2a: Kingambit|Protect
|move|p1a: Sneasler|Fake Out|p2b: Charizard
|-activate|p2b: Charizard|move: Protect
|move|p1b: Delphox|Nasty Plot|p1b: Delphox
|-boost|p1b: Delphox|spa|2
|
|upkeep
|turn|6
|
|t:|1783696140
|move|p1a: Sneasler|Quick Guard|p1a: Sneasler
|-singleturn|p1a: Sneasler|Quick Guard
|move|p2a: Kingambit|Sucker Punch|p1b: Delphox
|-activate|p1b: Delphox|move: Quick Guard
|move|p1b: Delphox|Heat Wave|p2a: Kingambit|[spread] p2b
|-miss|p1b: Delphox|p2a: Kingambit
|-resisted|p2b: Charizard|2
|-damage|p2b: Charizard|73/100
|move|p2b: Charizard|Dragon Claw|p1a: Sneasler
|-damage|p1a: Sneasler|0 fnt
|faint|p1a: Sneasler
|
|upkeep
|
|t:|1783696148
|switch|p1a: Sinistcha|Sinistcha-Masterpiece, L50|100/100
|turn|7
|
|t:|1783696157
|move|p1a: Sinistcha|Rage Powder|p1a: Sinistcha
|-singleturn|p1a: Sinistcha|move: Rage Powder
|move|p2a: Kingambit|Sucker Punch||[still]
|-fail|p2a: Kingambit
|move|p1b: Delphox|Heat Wave|p2b: Charizard|[spread] p2a,p2b
|-supereffective|p2a: Kingambit|1
|-resisted|p2b: Charizard|2
|-damage|p2a: Kingambit|0 fnt
|-damage|p2b: Charizard|49/100
|faint|p2a: Kingambit
|move|p2b: Charizard|Flare Blitz|p1a: Sinistcha
|-supereffective|p1a: Sinistcha|1
|-enditem|p1a: Sinistcha|Occa Berry|[eat]
|-enditem|p1a: Sinistcha|Occa Berry|[weaken]
|-damage|p1a: Sinistcha|29/100
|-damage|p2b: Charizard|21/100|[from] Recoil
|
|upkeep
|
|t:|1783696171
|switch|p2a: Ditto|Ditto, L50|100/100
|-transform|p2a: Ditto|p1b: Delphox|[from] ability: Imposter
|turn|8
|
|t:|1783696182
|move|p2b: Charizard|Protect|p2b: Charizard
|-singleturn|p2b: Charizard|Protect
|move|p1a: Sinistcha|Protect|p1a: Sinistcha
|-singleturn|p1a: Sinistcha|Protect
|move|p2a: Ditto|Heat Wave|p1b: Delphox|[spread] p1b
|-activate|p1a: Sinistcha|move: Protect
|-resisted|p1b: Delphox|1
|-damage|p1b: Delphox|55/100
|move|p1b: Delphox|Heat Wave|p2b: Charizard|[spread] p2a
|-activate|p2b: Charizard|move: Protect
|-resisted|p2a: Ditto|1
|-damage|p2a: Ditto|60/100
|
|upkeep
|turn|9
|inactive|Esah has 30 seconds left.
|
|t:|1783696208
|move|p2a: Ditto|Heat Wave|p1b: Delphox|[spread] p1a,p1b
|-supereffective|p1a: Sinistcha|1
|-crit|p1a: Sinistcha
|-resisted|p1b: Delphox|1
|-crit|p1b: Delphox
|-damage|p1a: Sinistcha|0 fnt
|-damage|p1b: Delphox|0 fnt
|faint|p1a: Sinistcha
|faint|p1b: Delphox
|
|win|Esah
|raw|TrashTest6116's rating: 1000 → 1000(+0 for losing)
|raw|Esah's rating: 1000 → 1040(+40 for winning)
