|j|☆jnyxie
|j|☆2474wawa
|html|jnyxie2474wawa    
|uhtml|bestof|Game 2 of a best-of-3
|t:|1784407898
|gametype|doubles
|player|p1|jnyxie|lady|
|player|p2|2474wawa|caitlin|
|gen|9
|tier|[Gen 9 Champions] VGC 2026 Reg M-B (Bo3)
|rule|Species Clause: Limit one of each Pokémon
|rule|Item Clause: Limit 1 of each item
|clearpoke
|poke|p1|Floette-Eternal, L50, F|
|poke|p1|Mawile, L50, F, shiny|
|poke|p1|Ninetales-Alola, L50, F, shiny|
|poke|p1|Primarina, L50, F, shiny|
|poke|p1|Whimsicott, L50, F|
|poke|p1|Klefki, L50, F, shiny|
|poke|p2|Liepard, L50, M|
|poke|p2|Incineroar, L50, M|
|poke|p2|Tyranitar, L50, M|
|poke|p2|Weavile, L50, M|
|poke|p2|Sableye, L50, F|
|poke|p2|Overqwil, L50, M|
|teampreview|4
|showteam|p1|Floette-Eternal||Floettite|FlowerVeil|CalmMind,Protect,DrainingKiss,PollenPuff|Timid||F|||50|]Mawile||Mawilite|HyperCutter|PlayRough,SuckerPunch,RockSlide,Protect|Adamant||F|||50|]Ninetales-Alola||NeverMeltIce|SnowWarning|Blizzard,FreezeDry,Protect,Encore|Timid||F|||50|]Primarina||Leftovers|LiquidVoice|HyperVoice,EnergyBall,Protect,ShadowBall|Modest||F|||50|]Whimsicott||MentalHerb|Prankster|Tailwind,FakeTears,Moonblast,Protect|Bold||F|||50|]Klefki||LightClay|Prankster|TrickRoom,Protect,Reflect,DrainingKiss|Relaxed||F|||50|
|showteam|p2|Liepard||ChopleBerry|Prankster|FakeOut,Encore,Yawn,Taunt|Impish||M|||50|]Incineroar||SitrusBerry|Intimidate|FakeOut,WillOWisp,FlareBlitz,PartingShot|Impish||M|||50|]Tyranitar||Tyranitarite|SandStream|HighHorsepower,RockSlide,DragonDance,Protect|Adamant||M|||50|]Weavile||FocusSash|Pickpocket|KnockOff,FakeOut,TripleAxel,LowKick|Jolly||M|||50|]Sableye||RoseliBerry|Prankster|RainDance,WillOWisp,FakeOut,Encore|Careful||F|||50|]Overqwil||LifeOrb|SwiftSwim|Crunch,PoisonJab,Liquidation,Protect|Adamant||M|||50|
|j| sparklefabulous
|c| sparklefabulous|hey
|c| sparklefabulous|watch out
|c| sparklefabulous|t tar strong
|c| sparklefabulous|my friend jnyxie told me
|c|☆2474wawa|mf ttar is carrying me
|
|t:|1784407947
|teamsize|p1|4
|teamsize|p2|4
|start
|switch|p1a: Big Keys|Klefki, L50, F, shiny|100/100
|switch|p1b: Big Tail (1)|Primarina, L50, F, shiny|100/100
|switch|p2a: runt|Sableye, L50, F|100/100
|switch|p2b: nuclear bomb|Overqwil, L50, M|100/100
|turn|1
|
|t:|1784407970
|move|p2a: runt|Fake Out|p1a: Big Keys
|-resisted|p1a: Big Keys|1
|-damage|p1a: Big Keys|96/100
|move|p2b: nuclear bomb|Poison Jab|p1b: Big Tail (1)
|-supereffective|p1b: Big Tail (1)|1
|-damage|p1b: Big Tail (1)|0 fnt
|faint|p1b: Big Tail (1)
|-damage|p2b: nuclear bomb|90/100|[from] item: Life Orb
|cant|p1a: Big Keys|flinch
|
|upkeep
|
|t:|1784407984
|switch|p1b: Big Tails (9)|Ninetales-Alola, L50, F, shiny|100/100
|-weather|Snowscape|[from] ability: Snow Warning|[of] p1b: Big Tails (9)
|turn|2
|
|t:|1784408000
|move|p1a: Big Keys|Reflect|p1a: Big Keys
|-sidestart|p1: jnyxie|Reflect
|move|p2a: runt|Rain Dance|p2a: runt
|-weather|RainDance
|move|p2b: nuclear bomb|Poison Jab|p1b: Big Tails (9)
|-supereffective|p1b: Big Tails (9)|1
|-damage|p1b: Big Tails (9)|0 fnt
|faint|p1b: Big Tails (9)
|-damage|p2b: nuclear bomb|80/100|[from] item: Life Orb
|
|-weather|RainDance|[upkeep]
|upkeep
|
|t:|1784408010
|switch|p1b: Big Jaws|Mawile, L50, F, shiny|100/100
|turn|3
|
|t:|1784408024
|detailschange|p1b: Big Jaws|Mawile-Mega, L50, F, shiny
|-mega|p1b: Big Jaws|Mawile|Mawilite
|move|p2a: runt|Will-O-Wisp|p1b: Big Jaws
|-status|p1b: Big Jaws|brn
|move|p2b: nuclear bomb|Liquidation|p1a: Big Keys
|-damage|p1a: Big Keys|63/100
|-damage|p2b: nuclear bomb|70/100|[from] item: Life Orb
|move|p1b: Big Jaws|Play Rough|p2a: runt
|-supereffective|p2a: runt|1
|-enditem|p2a: runt|Roseli Berry|[eat]
|-enditem|p2a: runt|Roseli Berry|[weaken]
|-damage|p2a: runt|38/100
|-unboost|p2a: runt|atk|1
|move|p1a: Big Keys|Trick Room|p1a: Big Keys
|-fieldstart|move: Trick Room|[of] p1a: Big Keys
|
|-weather|RainDance|[upkeep]
|-damage|p1b: Big Jaws|94/100 brn|[from] brn
|upkeep
|turn|4
|
|t:|1784408063
|move|p2a: runt|Encore|p1a: Big Keys
|-start|p1a: Big Keys|Encore
|move|p1b: Big Jaws|Play Rough|p2b: nuclear bomb
|-damage|p2b: nuclear bomb|25/100
|move|p2b: nuclear bomb|Liquidation|p1b: Big Jaws
|-damage|p1b: Big Jaws|58/100 brn
|-damage|p2b: nuclear bomb|16/100|[from] item: Life Orb
|move|p1a: Big Keys|Trick Room|p1a: Big Keys
|-fieldend|move: Trick Room
|
|-weather|RainDance|[upkeep]
|-damage|p1b: Big Jaws|52/100 brn|[from] brn
|upkeep
|turn|5
|
|t:|1784408081
|switch|p2a: dog creature|Incineroar, L50, M|100/100
|-ability|p2a: dog creature|Intimidate|boost
|-unboost|p1a: Big Keys|atk|1
|-unboost|p1b: Big Jaws|atk|1
|move|p1b: Big Jaws|Sucker Punch|p2b: nuclear bomb
|-resisted|p2b: nuclear bomb|1
|-damage|p2b: nuclear bomb|7/100
|move|p2b: nuclear bomb|Liquidation|p1b: Big Jaws
|-damage|p1b: Big Jaws|13/100 brn
|-unboost|p1b: Big Jaws|def|1
|-damage|p2b: nuclear bomb|0 fnt|[from] item: Life Orb
|faint|p2b: nuclear bomb
|move|p1a: Big Keys|Trick Room|p1a: Big Keys
|-fieldstart|move: Trick Room|[of] p1a: Big Keys
|
|-weather|RainDance|[upkeep]
|-damage|p1b: Big Jaws|7/100 brn|[from] brn
|upkeep
|
|t:|1784408097
|switch|p2b: runt|Sableye, L50, F|38/100
|turn|6
|
|t:|1784408104
|move|p2b: runt|Fake Out|p1b: Big Jaws
|-resisted|p1b: Big Jaws|1
|-damage|p1b: Big Jaws|4/100 brn
|move|p2a: dog creature|Fake Out|p1a: Big Keys
|-resisted|p1a: Big Keys|1
|-damage|p1a: Big Keys|60/100
|cant|p1b: Big Jaws|flinch
|cant|p1a: Big Keys|flinch
|
|-weather|none
|-damage|p1b: Big Jaws|0 fnt|[from] brn
|faint|p1b: Big Jaws
|-end|p1a: Big Keys|Encore
|upkeep
|turn|7
|
|t:|1784408127
|move|p2b: runt|Will-O-Wisp|p1a: Big Keys|[miss]
|-miss|p2b: runt|p1a: Big Keys
|move|p2a: dog creature|Flare Blitz|p1a: Big Keys
|-supereffective|p1a: Big Keys|1
|-damage|p1a: Big Keys|6/100
|-damage|p2a: dog creature|85/100|[from] Recoil
|move|p1a: Big Keys|Draining Kiss|p2b: runt
|-supereffective|p2b: runt|1
|-damage|p2b: runt|6/100
|-heal|p1a: Big Keys|29/100|[from] drain|[of] p2b: runt
|
|upkeep
|turn|8
|c|☆2474wawa|gg
|
|t:|1784408141
|move|p1a: Big Keys|Protect|p1a: Big Keys
|-singleturn|p1a: Big Keys|Protect
|move|p2b: runt|Will-O-Wisp|p1a: Big Keys
|-activate|p1a: Big Keys|move: Protect
|move|p2a: dog creature|Flare Blitz|p1a: Big Keys
|-activate|p1a: Big Keys|move: Protect
|
|upkeep
|turn|9
|
|t:|1784408152
|move|p2b: runt|Encore|p1a: Big Keys
|-start|p1a: Big Keys|Encore
|move|p1a: Big Keys|Protect||[still]
|-fail|p1a: Big Keys
|move|p2a: dog creature|Flare Blitz|p1a: Big Keys
|-supereffective|p1a: Big Keys|1
|-damage|p1a: Big Keys|0 fnt
|faint|p1a: Big Keys
|-damage|p2a: dog creature|77/100|[from] Recoil
|
|win|2474wawa
|l|☆jnyxie
|player|p1|
|l| sparklefabulous
