|j|☆totsbite4
|j|☆Champ B
|html|totsbite4Champ B    
|uhtml|bestof|Game 3 of a best-of-3
|t:|1756773491
|gametype|doubles
|player|p1|totsbite4|jogger|1266
|player|p2|Champ B|1|1236
|gen|9
|tier|[Gen 9] VGC 2025 Reg H (Bo3)
|rated|
|rule|Species Clause: Limit one of each Pokémon
|rule|Item Clause: Limit 1 of each item
|clearpoke
|poke|p1|Kommo-o, L50, F|
|poke|p1|Electabuzz, L50, F|
|poke|p1|Primarina, L50, F|
|poke|p1|Talonflame, L50, F|
|poke|p1|Rillaboom, L50, M|
|poke|p1|Sneasler, L50, F|
|poke|p2|Sneasler, L50, M|
|poke|p2|Dragapult, L50, M|
|poke|p2|Primarina, L50, F|
|poke|p2|Rillaboom, L50, F|
|poke|p2|Kingambit, L50, F|
|poke|p2|Magmar, L50, F|
|teampreview|4
|showteam|p1|Kommo-o||ThroatSpray|Soundproof|ClangingScales,Flamethrower,ClangorousSoul,Protect|||F|||50|,,,,,Fire]Electabuzz||Eviolite|VitalSpirit|FollowMe,Electroweb,Taunt,Protect|||F|||50|,,,,,Ghost]Primarina||LifeOrb|LiquidVoice|HyperVoice,Moonblast,Haze,Protect|||F|||50|,,,,,Poison]Talonflame||SharpBeak|GaleWings|BraveBird,WillOWisp,Tailwind,Protect|||F|||50|,,,,,Ghost]Rillaboom||AssaultVest|GrassySurge|GrassyGlide,WoodHammer,FakeOut,Uturn|||M|||50|,,,,,Fire]Sneasler||FocusSash|Unburden|DireClaw,CloseCombat,ThroatChop,Protect|||F|||50|,,,,,Dark
|showteam|p2|Sneasler||FocusSash|PoisonTouch|CloseCombat,DireClaw,FakeOut,Protect|||M|||50|,,,,,Stellar]Dragapult||ChoiceBand|ClearBody|DragonDarts,TeraBlast,PhantomForce,Uturn|||M|||50|,,,,,Ghost]Primarina||SitrusBerry|LiquidVoice|HyperVoice,Moonblast,Haze,Protect|||F|||50|,,,,,Water]Rillaboom||AssaultVest|GrassySurge|WoodHammer,GrassyGlide,HighHorsepower,FakeOut|||F|||50|,,,,,Fire]Kingambit||BlackGlasses|Defiant|KowtowCleave,SuckerPunch,SwordsDance,Protect|||F|||50|,,,,,Ghost]Magmar||Eviolite|VitalSpirit|Overheat,WillOWisp,FollowMe,Protect|||F|||50|,,,,,Ghost
|inactive|Battle timer is ON: inactive players will automatically lose when time's up. (requested by Champ B)
|
|t:|1756773512
|teamsize|p1|4
|teamsize|p2|4
|start
|switch|p1a: Electabuzz|Electabuzz, L50, F|100/100
|switch|p1b: Primarina|Primarina, L50, F|100/100
|switch|p2a: Sneasler|Sneasler, L50, M|100/100
|switch|p2b: Kingambit|Kingambit, L50, F|100/100
|turn|1
|
|t:|1756773536
|move|p1b: Primarina|Protect|p1b: Primarina
|-singleturn|p1b: Primarina|Protect
|move|p2a: Sneasler|Fake Out|p1a: Electabuzz
|-damage|p1a: Electabuzz|90/100
|cant|p1a: Electabuzz|flinch
|move|p2b: Kingambit|Swords Dance|p2b: Kingambit
|-boost|p2b: Kingambit|atk|2
|
|upkeep
|turn|2
|
|t:|1756773551
|move|p1a: Electabuzz|Follow Me|p1a: Electabuzz
|-singleturn|p1a: Electabuzz|move: Follow Me
|move|p2a: Sneasler|Dire Claw|p1a: Electabuzz
|-damage|p1a: Electabuzz|57/100
|move|p1b: Primarina|Haze|p1b: Primarina
|-clearallboost
|move|p2b: Kingambit|Kowtow Cleave|p1a: Electabuzz
|-crit|p1a: Electabuzz
|-damage|p1a: Electabuzz|0 fnt
|faint|p1a: Electabuzz
|
|upkeep
|c|☆totsbite4|Stop cheating
|
|t:|1756773569
|switch|p1a: Kommo-o|Kommo-o, L50, F|100/100
|turn|3
|c|☆Champ B|another one
|
|t:|1756773577
|-terastallize|p1b: Primarina|Poison
|move|p2a: Sneasler|Dire Claw|p1a: Kommo-o
|-damage|p1a: Kommo-o|64/100
|-status|p1a: Kommo-o|par
|move|p1b: Primarina|Hyper Voice|p2a: Sneasler|[spread] p2a,p2b
|-damage|p2a: Sneasler|33/100
|-damage|p2b: Kingambit|61/100
|-damage|p1b: Primarina|91/100|[from] item: Life Orb
|move|p1a: Kommo-o|Clangorous Soul|p1a: Kommo-o
|-boost|p1a: Kommo-o|atk|1
|-boost|p1a: Kommo-o|def|1
|-boost|p1a: Kommo-o|spa|1
|-boost|p1a: Kommo-o|spd|1
|-boost|p1a: Kommo-o|spe|1
|-damage|p1a: Kommo-o|31/100 par
|-enditem|p1a: Kommo-o|Throat Spray
|-boost|p1a: Kommo-o|spa|1|[from] item: Throat Spray
|move|p2b: Kingambit|Kowtow Cleave|p1a: Kommo-o
|-resisted|p1a: Kommo-o
|-damage|p1a: Kommo-o|16/100 par
|
|upkeep
|turn|4
|inactive|totsbite4 has 30 seconds left.
|
|t:|1756773603
|move|p1a: Kommo-o|Protect|p1a: Kommo-o
|-singleturn|p1a: Kommo-o|Protect
|move|p2b: Kingambit|Protect|p2b: Kingambit
|-singleturn|p2b: Kingambit|Protect
|move|p2a: Sneasler|Dire Claw|p1b: Primarina
|-resisted|p1b: Primarina
|-damage|p1b: Primarina|64/100
|move|p1b: Primarina|Moonblast|p2b: Kingambit
|-activate|p2b: Kingambit|move: Protect
|
|upkeep
|turn|5
|
|t:|1756773618
|move|p2a: Sneasler|Dire Claw|p1b: Primarina
|-resisted|p1b: Primarina
|-damage|p1b: Primarina|37/100
|move|p1a: Kommo-o|Clangorous Soul||[still]
|-fail|p1a: Kommo-o
|move|p1b: Primarina|Moonblast|p2b: Kingambit
|-damage|p2b: Kingambit|0 fnt
|faint|p2b: Kingambit
|-damage|p1b: Primarina|28/100|[from] item: Life Orb
|
|upkeep
|
|t:|1756773623
|switch|p2b: Dragapult|Dragapult, L50, M|100/100
|turn|6
|
|t:|1756773658
|-terastallize|p2b: Dragapult|Ghost
|move|p2b: Dragapult|Tera Blast|p1a: Kommo-o|[anim] Tera Blast Ghost
|-damage|p1a: Kommo-o|0 fnt
|faint|p1a: Kommo-o
|move|p2a: Sneasler|Close Combat|p1b: Primarina
|-resisted|p1b: Primarina
|-damage|p1b: Primarina|0 fnt
|-unboost|p2a: Sneasler|def|1
|-unboost|p2a: Sneasler|spd|1
|faint|p1b: Primarina
|
|upkeep
|
|t:|1756773670
|switch|p1b: Sneasler|Sneasler, L50, F|100/100
|turn|7
|
|t:|1756773675
|move|p2b: Dragapult|Tera Blast|p1b: Sneasler|[anim] Tera Blast Ghost
|-enditem|p1b: Sneasler|Focus Sash
|-damage|p1b: Sneasler|1/100
|move|p1b: Sneasler|Dire Claw|p2a: Sneasler
|-resisted|p2a: Sneasler
|-damage|p2a: Sneasler|0 fnt
|faint|p2a: Sneasler
|
|upkeep
|
|t:|1756773679
|switch|p2a: Magmar|Magmar, L50, F|100/100
|turn|8
|c|☆totsbite4|I don't like playing with cheaters
|inactive|totsbite4 has 30 seconds left.
|-message|totsbite4 forfeited.
|
|win|Champ B
|raw|totsbite4's rating: 1266 → 1239(-27 for losing)
|raw|Champ B's rating: 1236 → 1263(+27 for winning)
|c|☆Champ B|whelp
