|j|☆tobi217
|j|☆ULYSSEMAGERANGS
|html|tobi217ULYSSEMAGERANGS    
|uhtml|bestof|Game 3 of a best-of-3
|t:|1785865335
|gametype|doubles
|player|p1|tobi217|brawly|1086
|player|p2|ULYSSEMAGERANGS|cynthia-gen4|1060
|gen|9
|tier|[Gen 9 Champions] VGC 2026 Reg M-B (Bo3)
|rated|
|rule|Species Clause: Limit one of each Pokémon
|rule|Item Clause: Limit 1 of each item
|clearpoke
|poke|p1|Floette-Eternal, L50, F|
|poke|p1|Maushold-Four, L50|
|poke|p1|Sinistcha-Masterpiece, L50|
|poke|p1|Delphox, L50, M|
|poke|p1|Incineroar, L50, F|
|poke|p1|Hydreigon, L50, F|
|poke|p2|Garchomp, L50, M, shiny|
|poke|p2|Grimmsnarl, L50, M, shiny|
|poke|p2|Charizard, L50, M, shiny|
|poke|p2|Sylveon, L50, F, shiny|
|poke|p2|Metagross, L50, shiny|
|poke|p2|Incineroar, L50, M, shiny|
|teampreview|4
|showteam|p1|Floette-Eternal||Floettite|FlowerVeil|Protect,CalmMind,DazzlingGleam,DrainingKiss|Modest||F|||50|]Maushold-Four||ChopleBerry|FriendGuard|FollowMe,Taunt,Feint,SuperFang|Jolly|||||50|]Sinistcha-Masterpiece||KasibBerry|Hospitality|Protect,TrickRoom,MatchaGotcha,RagePowder|Bold|||||50|]Delphox||Delphoxite|Blaze|Protect,NastyPlot,HeatWave,Psyshock|Timid||M|||50|]Incineroar||SitrusBerry|Intimidate|FakeOut,PartingShot,FlareBlitz,ThroatChop|Impish||F|||50|]Hydreigon||ChoiceScarf|Levitate|DarkPulse,Snarl,EarthPower,DracoMeteor|Modest||F|||50|
|showteam|p2|Garchomp||Garchompite|RoughSkin|DragonClaw,Earthquake,RockSlide,StompingTantrum|Adamant||M|||50|]Grimmsnarl||LightClay|Prankster|LightScreen,Reflect,SpiritBreak,FoulPlay|Careful||M|||50|]Charizard||CharizarditeY|Blaze|Flamethrower,Hurricane,HeatWave,SolarBeam|Modest||M|||50|]Sylveon||LifeOrb|Pixilate|HyperVoice,Moonblast,MysticalFire,Protect|Modest||F|||50|]Metagross||Metagrossite|ClearBody|BodyPress,IronHead,PsychicFangs,IcePunch|Jolly|||||50|]Incineroar||PasshoBerry|Intimidate|FakeOut,FlareBlitz,DarkestLariat,CloseCombat|Adamant||M|||50|
|inactive|Battle timer is ON: inactive players will automatically lose when time's up. (requested by ULYSSEMAGERANGS)
|
|t:|1785865364
|teamsize|p1|4
|teamsize|p2|4
|start
|switch|p1a: Delphox|Delphox, L50, M|100/100
|switch|p1b: Maushold|Maushold-Four, L50|100/100
|switch|p2a: Sylveon|Sylveon, L50, F, shiny|100/100
|switch|p2b: Grimmsnarl|Grimmsnarl, L50, M, shiny|100/100
|turn|1
|inactive|tobi217 has 30 seconds left.
|
|t:|1785865390
|detailschange|p1a: Delphox|Delphox-Mega, L50, M
|-mega|p1a: Delphox|Delphox|Delphoxite
|move|p2b: Grimmsnarl|Light Screen|p2b: Grimmsnarl
|-sidestart|p2: ULYSSEMAGERANGS|move: Light Screen
|move|p1a: Delphox|Nasty Plot|p1a: Delphox
|-boost|p1a: Delphox|spa|2
|move|p1b: Maushold|Super Fang|p2a: Sylveon
|-damage|p2a: Sylveon|50/100y
|move|p2a: Sylveon|Moonblast|p1b: Maushold
|-damage|p1b: Maushold|24/100
|-damage|p2a: Sylveon|40/100|[from] item: Life Orb
|
|upkeep
|turn|2
|
|t:|1785865413
|switch|p2a: Incineroar|Incineroar, L50, M, shiny|100/100
|-ability|p2a: Incineroar|Intimidate|boost
|-unboost|p1a: Delphox|atk|1
|-unboost|p1b: Maushold|atk|1
|move|p1b: Maushold|Feint|p2a: Incineroar
|-damage|p2a: Incineroar|94/100
|move|p2b: Grimmsnarl|Reflect|p2b: Grimmsnarl
|-sidestart|p2: ULYSSEMAGERANGS|Reflect
|move|p1a: Delphox|Heat Wave|p2a: Incineroar|[spread] p2a,p2b
|-resisted|p2a: Incineroar|1
|-damage|p2a: Incineroar|70/100
|-damage|p2b: Grimmsnarl|57/100
|-status|p2b: Grimmsnarl|brn
|
|-damage|p2b: Grimmsnarl|51/100 brn|[from] brn
|upkeep
|turn|3
|inactive|tobi217 has 30 seconds left.
|
|t:|1785865445
|move|p1a: Delphox|Heat Wave|p2a: Incineroar|[spread] p2a,p2b
|-resisted|p2a: Incineroar|1
|-damage|p2a: Incineroar|43/100
|-damage|p2b: Grimmsnarl|10/100 brn
|move|p1b: Maushold|Super Fang|p2a: Incineroar
|-damage|p2a: Incineroar|21/100
|move|p2b: Grimmsnarl|Spirit Break|p1b: Maushold
|-damage|p1b: Maushold|6/100
|-unboost|p1b: Maushold|spa|1
|move|p2a: Incineroar|Darkest Lariat|p1a: Delphox
|-supereffective|p1a: Delphox|1
|-damage|p1a: Delphox|5/100
|
|-damage|p2b: Grimmsnarl|4/100 brn|[from] brn
|upkeep
|turn|4
|inactive|tobi217 has 30 seconds left.
|
|t:|1785865472
|switch|p1b: Sinistcha|Sinistcha-Masterpiece, L50|100/100
|-heal|p1a: Delphox|30/100|[from] ability: Hospitality|[of] p1b: Sinistcha
|move|p1a: Delphox|Heat Wave|p2b: Grimmsnarl|[spread] p2a,p2b
|-resisted|p2a: Incineroar|1
|-damage|p2a: Incineroar|0 fnt
|-damage|p2b: Grimmsnarl|0 fnt
|faint|p2a: Incineroar
|faint|p2b: Grimmsnarl
|
|upkeep
|
|t:|1785865480
|switch|p2a: Metagross|Metagross, L50, shiny|100/100
|switch|p2b: Sylveon|Sylveon, L50, F, shiny|40/100
|turn|5
|
|t:|1785865500
|detailschange|p2a: Metagross|Metagross-Mega, L50, shiny
|-mega|p2a: Metagross|Metagross|Metagrossite
|move|p1b: Sinistcha|Rage Powder|p1b: Sinistcha
|-singleturn|p1b: Sinistcha|move: Rage Powder
|move|p1a: Delphox|Heat Wave|p2b: Sylveon|[spread] p2b
|-miss|p1a: Delphox|p2a: Metagross
|-damage|p2b: Sylveon|4/100
|-status|p2b: Sylveon|brn
|move|p2a: Metagross|Ice Punch|p1b: Sinistcha
|-supereffective|p1b: Sinistcha|1
|-damage|p1b: Sinistcha|41/100
|move|p2b: Sylveon|Hyper Voice|p1b: Sinistcha|[spread] p1a,p1b
|-resisted|p1a: Delphox|1
|-damage|p1a: Delphox|7/100
|-damage|p1b: Sinistcha|0 fnt
|faint|p1b: Sinistcha
|-damage|p2b: Sylveon|0 fnt|[from] item: Life Orb
|faint|p2b: Sylveon
|
|upkeep
|
|t:|1785865519
|switch|p1b: Incineroar|Incineroar, L50, F|100/100
|-ability|p1b: Incineroar|Intimidate|boost
|-unboost|p2a: Metagross|atk|1
|turn|6
|-message|ULYSSEMAGERANGS forfeited.
|
|win|tobi217
|raw|tobi217's rating: 1086 → 1111(+25 for winning)
|raw|ULYSSEMAGERANGS's rating: 1060 → 1042(-18 for losing)
|l|☆ULYSSEMAGERANGS
|player|p2|
