|j|☆noriaki kasai
|j|☆sbhaga34
|html|noriaki kasaisbhaga34    
|uhtml|bestof|Game 1 of a best-of-3
|t:|1757174152
|gametype|doubles
|player|p1|noriaki kasai|swimmer-gen4dp|1351
|player|p2|sbhaga34|hugh|1256
|gen|9
|tier|[Gen 9] VGC 2025 Reg H (Bo3)
|rated|
|rule|Species Clause: Limit one of each Pokémon
|rule|Item Clause: Limit 1 of each item
|clearpoke
|poke|p1|Annihilape, L50, F|
|poke|p1|Sinistcha, L50|
|poke|p1|Maushold-Four, L50|
|poke|p1|Klefki, L50, M|
|poke|p1|Ursaluna-Bloodmoon, L50, M|
|poke|p1|Ninetales-Alola, L50, F|
|poke|p2|Indeedee-F, L50, F|
|poke|p2|Murkrow, L50, M|
|poke|p2|Tyranitar, L50, F|
|poke|p2|Excadrill, L50, F|
|poke|p2|Gardevoir, L50, F|
|poke|p2|Ursaluna-Bloodmoon, L50, M|
|teampreview|4
|showteam|p1|Annihilape||Leftovers|Defiant|Protect,BulkUp,DrainPunch,RageFist|||F|||50|,,,,,Fire]Sinistcha||SitrusBerry|Hospitality|MatchaGotcha,TrickRoom,LifeDew,RagePowder||||||50|,,,,,Water]Maushold-Four||FocusSash|FriendGuard|FollowMe,Taunt,BeatUp,Protect||||||50|,,,,,Ghost]Klefki||LightClay|Prankster|Reflect,LightScreen,MistyTerrain,DazzlingGleam|||M|||50|,,,,,Ghost]Ursaluna-Bloodmoon||AssaultVest|MindsEye|BloodMoon,HyperVoice,EarthPower,VacuumWave|||M|||50|,,,,,Water]Ninetales-Alola||ChoiceSpecs|SnowWarning|Blizzard,IcyWind,FreezeDry,Moonblast|||F|||50|,,,,,Ghost
|showteam|p2|Indeedee-F||SafetyGoggles|PsychicSurge|FollowMe,TrickRoom,HelpingHand,Psychic|||F|||50|,,,,,Fairy]Murkrow||Eviolite|Prankster|Tailwind,Haze,BraveBird,FoulPlay|||M|||50|,,,,,Ghost]Tyranitar||WeaknessPolicy|SandStream|RockSlide,KnockOff,LowKick,Protect|||F|||50|,,,,,Flying]Excadrill||FocusSash|SandRush|Earthquake,IronHead,SwordsDance,Protect|||F|||50|,,,,,Ground]Gardevoir||ChoiceScarf|Telepathy|ExpandingForce,DazzlingGleam,Moonblast,IcyWind|||F|||50|,,,,,Psychic]Ursaluna-Bloodmoon||AssaultVest|MindsEye|BloodMoon,HyperVoice,EarthPower,Snarl|||M|||50|,,,,,Electric
|
|t:|1757174184
|teamsize|p1|4
|teamsize|p2|4
|start
|switch|p1a: Klefki|Klefki, L50, M|100/100
|switch|p1b: Ursaluna|Ursaluna-Bloodmoon, L50, M|100/100
|switch|p2a: Indeedee|Indeedee-F, L50, F|100/100
|switch|p2b: Excadrill|Excadrill, L50, F, shiny|100/100
|-fieldstart|move: Psychic Terrain|[from] ability: Psychic Surge|[of] p2a: Indeedee
|turn|1
|inactive|Battle timer is ON: inactive players will automatically lose when time's up. (requested by sbhaga34)
|
|t:|1757174242
|move|p2a: Indeedee|Follow Me|p2a: Indeedee
|-singleturn|p2a: Indeedee|move: Follow Me
|move|p1a: Klefki|Reflect|p1a: Klefki
|-sidestart|p1: noriaki kasai|Reflect
|move|p2b: Excadrill|Swords Dance|p2b: Excadrill
|-boost|p2b: Excadrill|atk|2
|move|p1b: Ursaluna|Blood Moon|p2a: Indeedee
|-damage|p2a: Indeedee|39/100
|
|upkeep
|turn|2
|
|t:|1757174264
|switch|p2a: Gardevoir|Gardevoir, L50, F, shiny|100/100
|-terastallize|p2b: Excadrill|Ground
|move|p1a: Klefki|Light Screen|p1a: Klefki
|-sidestart|p1: noriaki kasai|move: Light Screen
|move|p2b: Excadrill|Earthquake|p1a: Klefki|[spread] p1a,p1b
|-activate|p2a: Gardevoir|ability: Telepathy
|-supereffective|p1a: Klefki
|-damage|p1a: Klefki|0 fnt
|-damage|p1b: Ursaluna|52/100
|faint|p1a: Klefki
|move|p1b: Ursaluna|Hyper Voice|p2b: Excadrill|[spread] p2a,p2b
|-damage|p2a: Gardevoir|66/100
|-damage|p2b: Excadrill|47/100
|
|upkeep
|
|t:|1757174289
|switch|p1a: Annihilape|Annihilape, L50, F, shiny|100/100
|turn|3
|inactive|noriaki kasai has 30 seconds left.
|inactive|noriaki kasai has 20 seconds left.
|inactive|noriaki kasai has 15 seconds left.
|inactive|noriaki kasai has 10 seconds left.
|
|t:|1757174334
|switch|p1b: Ninetales|Ninetales-Alola, L50, F, shiny|100/100
|-weather|Snowscape|[from] ability: Snow Warning|[of] p1b: Ninetales
|move|p2a: Gardevoir|Expanding Force|p1a: Annihilape|[spread] p1a,p1b
|-supereffective|p1a: Annihilape
|-damage|p1a: Annihilape|27/100
|-damage|p1b: Ninetales|52/100
|move|p1a: Annihilape|Drain Punch|p2b: Excadrill
|-crit|p2b: Excadrill
|-damage|p2b: Excadrill|0 fnt
|-heal|p1a: Annihilape|49/100|[from] drain|[of] p2b: Excadrill
|faint|p2b: Excadrill
|
|-weather|Snowscape|[upkeep]
|-heal|p1a: Annihilape|55/100|[from] item: Leftovers
|upkeep
|
|t:|1757174352
|switch|p2b: Indeedee|Indeedee-F, L50, F|39/100
|turn|4
|inactive|noriaki kasai has 30 seconds left.
|inactive|noriaki kasai has 20 seconds left.
|inactive|noriaki kasai has 15 seconds left.
|inactive|noriaki kasai has 10 seconds left.
|
|t:|1757174398
|move|p2b: Indeedee|Helping Hand|p2a: Gardevoir
|-singleturn|p2a: Gardevoir|Helping Hand|[of] p2b: Indeedee
|move|p1a: Annihilape|Protect|p1a: Annihilape
|-singleturn|p1a: Annihilape|Protect
|move|p2a: Gardevoir|Expanding Force|p1a: Annihilape|[spread] p1b
|-activate|p1a: Annihilape|move: Protect
|-damage|p1b: Ninetales|0 fnt
|faint|p1b: Ninetales
|
|-weather|Snowscape|[upkeep]
|-heal|p1a: Annihilape|61/100|[from] item: Leftovers
|upkeep
|
|t:|1757174405
|switch|p1b: Ursaluna|Ursaluna-Bloodmoon, L50, M|52/100
|turn|5
|
|t:|1757174421
|-terastallize|p1a: Annihilape|Fire
|move|p2b: Indeedee|Helping Hand|p2a: Gardevoir
|-singleturn|p2a: Gardevoir|Helping Hand|[of] p2b: Indeedee
|move|p2a: Gardevoir|Expanding Force|p1a: Annihilape|[spread] p1a,p1b
|-damage|p1a: Annihilape|7/100
|-damage|p1b: Ursaluna|17/100
|move|p1a: Annihilape|Rage Fist|p2a: Gardevoir
|-supereffective|p2a: Gardevoir
|-damage|p2a: Gardevoir|0 fnt
|faint|p2a: Gardevoir
|move|p1b: Ursaluna|Earth Power|p2b: Indeedee
|-damage|p2b: Indeedee|0 fnt
|faint|p2b: Indeedee
|
|-weather|Snowscape|[upkeep]
|-heal|p1a: Annihilape|13/100|[from] item: Leftovers
|-fieldend|move: Psychic Terrain
|upkeep
|-message|sbhaga34 forfeited.
|
|win|noriaki kasai
