|j|☆Pelosis
|j|☆OccultistApe
|html|PelosisOccultistApe    
|uhtml|bestof|Game 1 of a best-of-3
|t:|1784313556
|gametype|doubles
|player|p1|Pelosis|266|1123
|player|p2|OccultistApe|ethan|1045
|gen|9
|tier|[Gen 9 Champions] VGC 2026 Reg M-B (Bo3)
|rated|
|rule|Species Clause: Limit one of each Pokémon
|rule|Item Clause: Limit 1 of each item
|clearpoke
|poke|p1|Metagross, L50|
|poke|p1|Hydreigon, L50, F|
|poke|p1|Talonflame, L50, F|
|poke|p1|Sylveon, L50, M|
|poke|p1|Sneasler, L50, F|
|poke|p1|Ninetales-Alola, L50, M|
|poke|p2|Sableye, L50, M|
|poke|p2|Milotic, L50, M|
|poke|p2|Scovillain, L50, M|
|poke|p2|Annihilape, L50, M|
|poke|p2|Bellibolt, L50, M|
|poke|p2|Scizor, L50, F|
|teampreview|4
|showteam|p1|Metagross||Metagrossite|ClearBody|Protect,IronHead,ThunderPunch,PsychicFangs|Jolly|||||50|]Hydreigon||ChoiceScarf|Levitate|Snarl,DragonPulse,DarkPulse,EarthPower|Modest||F|||50|]Talonflame||SharpBeak|GaleWings|Protect,DualWingbeat,Tailwind,FlareBlitz|Adamant||F|||50|]Sylveon||FairyFeather|Pixilate|Protect,DrainingKiss,HyperVoice,CalmMind|Modest||M|||50|]Sneasler||FocusSash|Unburden|FakeOut,DireClaw,CloseCombat,Coaching|Jolly||F|||50|]Ninetales-Alola||LightClay|SnowWarning|Protect,AuroraVeil,Blizzard,FreezeDry|Timid||M|||50|
|showteam|p2|Sableye||LightClay|Prankster|Reflect,LightScreen,Encore,Snarl|Calm||M|||50|]Milotic||Leftovers|Competitive|Recover,Scald,IceBeam,Haze|Modest||M|||50|]Scovillain||Scovillainite|Moody|Flamethrower,GigaDrain,RagePowder,Protect|Bold||M|||50|]Annihilape||KasibBerry|Defiant|BulkUp,DrainPunch,RageFist,Protect|Adamant||M|||50|]Bellibolt||SitrusBerry|Electromorphosis|Thunderbolt,Soak,SlackOff,Protect|Calm||M|||50|]Scizor||Scizorite|Technician|SwordsDance,BulletPunch,BugBite,Roost|Adamant||F|||50|
|inactive|Battle timer is ON: inactive players will automatically lose when time's up. (requested by Pelosis)
|inactive|Pelosis has 60 seconds left.
|inactive|OccultistApe has 60 seconds left.
|inactive|Pelosis has 30 seconds left.
|inactive|Pelosis has 20 seconds left.
|inactive|Pelosis has 15 seconds left.
|
|t:|1784313659
|teamsize|p1|4
|teamsize|p2|4
|start
|switch|p1a: Talonflame|Talonflame, L50, F|100/100
|switch|p1b: Ninetales|Ninetales-Alola, L50, M|100/100
|switch|p2a: Sableye|Sableye, L50, M|100/100
|switch|p2b: Scovillain|Scovillain, L50, M|100/100
|-weather|Snowscape|[from] ability: Snow Warning|[of] p1b: Ninetales
|turn|1
|
|t:|1784313683
|detailschange|p2b: Scovillain|Scovillain-Mega, L50, M
|-mega|p2b: Scovillain|Scovillain|Scovillainite
|move|p1a: Talonflame|Dual Wingbeat|p2b: Scovillain
|-supereffective|p2b: Scovillain|1
|-damage|p2b: Scovillain|63/100
|-immune|p1a: Talonflame
|-supereffective|p2b: Scovillain|1
|-damage|p2b: Scovillain|27/100
|-immune|p1a: Talonflame
|-hitcount|p2b: Scovillain|2
|move|p2a: Sableye|Reflect|p2a: Sableye
|-sidestart|p2: OccultistApe|Reflect
|move|p1b: Ninetales|Blizzard|p2a: Sableye|[spread] p2a,p2b
|-damage|p2a: Sableye|66/100
|-damage|p2b: Scovillain|0 fnt
|-status|p1b: Ninetales|brn|[from] ability: Spicy Spray|[of] p2b: Scovillain
|faint|p2b: Scovillain
|
|-weather|Snowscape|[upkeep]
|-damage|p1b: Ninetales|94/100 brn|[from] brn
|upkeep
|
|t:|1784313696
|switch|p2b: Scizor|Scizor, L50, F|100/100
|turn|2
|
|t:|1784313710
|move|p2b: Scizor|Bullet Punch|p1b: Ninetales
|-supereffective|p1b: Ninetales|2
|-damage|p1b: Ninetales|0 fnt
|faint|p1b: Ninetales
|move|p2a: Sableye|Encore|p1a: Talonflame
|-start|p1a: Talonflame|Encore
|move|p1a: Talonflame|Dual Wingbeat|p2a: Sableye|[miss]
|-miss|p1a: Talonflame|p2a: Sableye
|
|-weather|Snowscape|[upkeep]
|upkeep
|
|t:|1784313721
|switch|p1b: Metagross|Metagross, L50|100/100
|turn|3
|inactive|Pelosis has 30 seconds left.
|
|t:|1784313748
|detailschange|p1b: Metagross|Metagross-Mega, L50
|-mega|p1b: Metagross|Metagross|Metagrossite
|move|p1a: Talonflame|Dual Wingbeat|p2b: Scizor
|-damage|p2b: Scizor|85/100
|-damage|p2b: Scizor|72/100
|-hitcount|p2b: Scizor|2
|move|p1b: Metagross|Psychic Fangs|p2a: Sableye
|-immune|p2a: Sableye
|move|p2b: Scizor|Swords Dance|p2b: Scizor
|-boost|p2b: Scizor|atk|2
|move|p2a: Sableye|Snarl|p1a: Talonflame|[spread] p1a
|-miss|p2a: Sableye|p1b: Metagross
|-damage|p1a: Talonflame|83/100
|-unboost|p1a: Talonflame|spa|1
|
|-weather|Snowscape|[upkeep]
|upkeep
|turn|4
|
|t:|1784313772
|move|p1a: Talonflame|Dual Wingbeat|p2b: Scizor|[miss]
|-miss|p1a: Talonflame|p2b: Scizor
|move|p1b: Metagross|Psychic Fangs|p2b: Scizor
|-sideend|p2: OccultistApe|Reflect
|-resisted|p2b: Scizor|1
|-damage|p2b: Scizor|45/100
|move|p2b: Scizor|Bug Bite|p1b: Metagross
|-damage|p1b: Metagross|28/100
|move|p2a: Sableye|Snarl|p1b: Metagross|[spread] p1a,p1b
|-crit|p1a: Talonflame
|-supereffective|p1b: Metagross|1
|-damage|p1a: Talonflame|59/100
|-damage|p1b: Metagross|10/100
|-unboost|p1a: Talonflame|spa|1
|-unboost|p1b: Metagross|spa|1
|
|-weather|Snowscape|[upkeep]
|-end|p1a: Talonflame|Encore
|upkeep
|turn|5
|
|t:|1784313793
|move|p2b: Scizor|Bullet Punch|p1b: Metagross
|-resisted|p1b: Metagross|1
|-crit|p1b: Metagross
|-damage|p1b: Metagross|0 fnt
|faint|p1b: Metagross
|move|p2a: Sableye|Encore|p1a: Talonflame
|-start|p1a: Talonflame|Encore
|move|p1a: Talonflame|Dual Wingbeat|p2a: Sableye
|-damage|p2a: Sableye|35/100
|-damage|p2a: Sableye|6/100
|-hitcount|p2a: Sableye|2
|
|-weather|none
|upkeep
|
|t:|1784313803
|switch|p1b: Sylveon|Sylveon, L50, M|100/100
|turn|6
|
|t:|1784313812
|move|p2b: Scizor|Bullet Punch|p1b: Sylveon
|-supereffective|p1b: Sylveon|1
|-damage|p1b: Sylveon|0 fnt
|faint|p1b: Sylveon
|move|p2a: Sableye|Reflect|p2a: Sableye
|-sidestart|p2: OccultistApe|Reflect
|move|p1a: Talonflame|Dual Wingbeat|p2b: Scizor
|-damage|p2b: Scizor|31/100
|-damage|p2b: Scizor|18/100
|-hitcount|p2b: Scizor|2
|
|upkeep
|turn|7
|inactive|Pelosis has 30 seconds left.
|
|t:|1784313838
|move|p2b: Scizor|Bullet Punch|p1a: Talonflame
|-resisted|p1a: Talonflame|1
|-damage|p1a: Talonflame|10/100
|move|p1a: Talonflame|Dual Wingbeat|p2b: Scizor|[miss]
|-miss|p1a: Talonflame|p2b: Scizor
|move|p2a: Sableye|Snarl|p1a: Talonflame
|-damage|p1a: Talonflame|0 fnt
|faint|p1a: Talonflame
|
|win|OccultistApe
|l|☆OccultistApe
|player|p2|
||OccultistApe is ready for game 2.
|inactive|Pelosis has 30 seconds to confirm battle start!
