|j|☆Ja-Orange
|j|☆teyvgc
|html|Ja-Orangeteyvgc    
|uhtml|bestof|Game 2 of a best-of-3
|t:|1783208224
|gametype|doubles
|player|p1|Ja-Orange|guzma|
|player|p2|teyvgc|1|
|gen|9
|tier|[Gen 9 Champions] VGC 2026 Reg M-B (Bo3)
|rule|Species Clause: Limit one of each Pokémon
|rule|Item Clause: Limit 1 of each item
|clearpoke
|poke|p1|Gengar, L50, M, shiny|
|poke|p1|Maushold-Four, L50|
|poke|p1|Annihilape, L50, F, shiny|
|poke|p1|Incineroar, L50, F, shiny|
|poke|p1|Hydreigon, L50, M|
|poke|p1|Ninetales-Alola, L50, F|
|poke|p2|Excadrill, L50, M|
|poke|p2|Tyranitar, L50, M|
|poke|p2|Staraptor, L50, F|
|poke|p2|Sinistcha, L50|
|poke|p2|Milotic, L50, F|
|poke|p2|Gholdengo, L50|
|teampreview|4
|showteam|p1|Gengar||Gengarite|CursedBody|Protect,ShadowBall,PerishSong,Disable|Modest||M|||50|]Maushold-Four||FocusSash|FriendGuard|Protect,FollowMe,BeatUp,Encore|Jolly|||||50|]Annihilape||Leftovers|Defiant|Protect,BulkUp,DrainPunch,RageFist|Jolly||F|||50|]Incineroar||SitrusBerry|Intimidate|FakeOut,FlareBlitz,PartingShot,Protect|Careful||F|||50|]Hydreigon||ChoiceScarf|Levitate|DracoMeteor,DarkPulse,EarthPower,Snarl|Modest||M|||50|]Ninetales-Alola||NeverMeltIce|SnowWarning|Protect,Encore,Blizzard,FreezeDry|Timid||F|||50|
|showteam|p2|Excadrill||FocusSash|SandRush|HighHorsepower,IronHead,RockSlide,Protect|Adamant||M|||50|]Tyranitar||Tyranitarite|SandStream|RockSlide,KnockOff,DragonDance,Protect|Adamant||M|||50|]Staraptor||Staraptite|Intimidate|BraveBird,CloseCombat,Tailwind,Protect|Jolly||F|||50|]Sinistcha||SitrusBerry|Hospitality|MatchaGotcha,RagePowder,LifeDew,TrickRoom|Calm|||||50|]Milotic||Leftovers|Competitive|Scald,IceBeam,Recover,Protect|Modest||F|||50|]Gholdengo||LifeOrb|GoodasGold|MakeItRain,ShadowBall,NastyPlot,Protect|Modest|||||50|
|inactive|Battle timer is ON: inactive players will automatically lose when time's up. (requested by Ja-Orange)
|inactive|teyvgc has 60 seconds left.
|
|t:|1783208258
|teamsize|p1|4
|teamsize|p2|4
|start
|switch|p1a: Maushold|Maushold-Four, L50|100/100
|switch|p1b: Annihilape|Annihilape, L50, F, shiny|100/100
|switch|p2a: Tyranitar|Tyranitar, L50, M|100/100
|switch|p2b: Excadrill|Excadrill, L50, M|100/100
|-weather|Sandstorm|[from] ability: Sand Stream|[of] p2a: Tyranitar
|turn|1
|
|t:|1783208278
|switch|p1a: Incineroar|Incineroar, L50, F, shiny|100/100
|-ability|p1a: Incineroar|Intimidate|boost
|-unboost|p2a: Tyranitar|atk|1
|-unboost|p2b: Excadrill|atk|1
|switch|p2a: Staraptor|Staraptor, L50, F|100/100
|-ability|p2a: Staraptor|Intimidate|boost
|-unboost|p1a: Incineroar|atk|1
|-unboost|p1b: Annihilape|atk|1
|-ability|p1b: Annihilape|Defiant|boost
|-boost|p1b: Annihilape|atk|2
|move|p2b: Excadrill|High Horsepower|p1b: Annihilape
|-damage|p1b: Annihilape|61/100
|move|p1b: Annihilape|Bulk Up|p1b: Annihilape
|-boost|p1b: Annihilape|atk|1
|-boost|p1b: Annihilape|def|1
|
|-weather|Sandstorm|[upkeep]
|-damage|p2a: Staraptor|93/100|[from] Sandstorm
|-damage|p1b: Annihilape|54/100|[from] Sandstorm
|-damage|p1a: Incineroar|94/100|[from] Sandstorm
|-heal|p1b: Annihilape|61/100|[from] item: Leftovers
|upkeep
|turn|2
|inactive|teyvgc has 30 seconds left.
|inactive|teyvgc has 20 seconds left.
|
|t:|1783208315
|switch|p2b: Sinistcha|Sinistcha, L50|100/100
|-heal|p2a: Staraptor|100/100|[from] ability: Hospitality|[of] p2b: Sinistcha
|move|p2a: Staraptor|Protect|p2a: Staraptor
|-singleturn|p2a: Staraptor|Protect
|move|p1a: Incineroar|Fake Out|p2a: Staraptor
|-activate|p2a: Staraptor|move: Protect
|move|p1b: Annihilape|Bulk Up|p1b: Annihilape
|-boost|p1b: Annihilape|atk|1
|-boost|p1b: Annihilape|def|1
|
|-weather|Sandstorm|[upkeep]
|-damage|p2a: Staraptor|93/100|[from] Sandstorm
|-damage|p1b: Annihilape|54/100|[from] Sandstorm
|-damage|p1a: Incineroar|88/100|[from] Sandstorm
|-damage|p2b: Sinistcha|93/100|[from] Sandstorm
|-heal|p1b: Annihilape|61/100|[from] item: Leftovers
|upkeep
|turn|3
|
|t:|1783208335
|switch|p1a: Gengar|Gengar, L50, M, shiny|100/100
|detailschange|p2a: Staraptor|Staraptor-Mega, L50, F
|-mega|p2a: Staraptor|Staraptor|Staraptite
|move|p2b: Sinistcha|Rage Powder|p2b: Sinistcha
|-singleturn|p2b: Sinistcha|move: Rage Powder
|move|p2a: Staraptor|Close Combat|p1a: Gengar
|-immune|p1a: Gengar
|move|p1b: Annihilape|Rage Fist|p2b: Sinistcha
|-supereffective|p2b: Sinistcha|1
|-damage|p2b: Sinistcha|0 fnt
|faint|p2b: Sinistcha
|
|-weather|Sandstorm|[upkeep]
|-damage|p2a: Staraptor|87/100|[from] Sandstorm
|-damage|p1b: Annihilape|54/100|[from] Sandstorm
|-damage|p1a: Gengar|94/100|[from] Sandstorm
|-heal|p1b: Annihilape|61/100|[from] item: Leftovers
|upkeep
|
|t:|1783208343
|switch|p2b: Excadrill|Excadrill, L50, M|100/100
|turn|4
|
|t:|1783208366
|switch|p1a: Maushold|Maushold-Four, L50|100/100
|move|p2b: Excadrill|Rock Slide|p1a: Maushold|[spread] p1a,p1b
|-resisted|p1b: Annihilape|1
|-damage|p1a: Maushold|70/100
|-damage|p1b: Annihilape|56/100
|move|p2a: Staraptor|Brave Bird|p1b: Annihilape
|-supereffective|p1b: Annihilape|1
|-damage|p1b: Annihilape|10/100
|-damage|p2a: Staraptor|70/100|[from] Recoil
|move|p1b: Annihilape|Drain Punch|p2b: Excadrill
|-supereffective|p2b: Excadrill|1
|-enditem|p2b: Excadrill|Focus Sash
|-damage|p2b: Excadrill|1/100
|-heal|p1b: Annihilape|54/100|[from] drain|[of] p2b: Excadrill
|
|-weather|Sandstorm|[upkeep]
|-damage|p1a: Maushold|64/100|[from] Sandstorm
|-damage|p2a: Staraptor|64/100|[from] Sandstorm
|-damage|p1b: Annihilape|48/100|[from] Sandstorm
|-heal|p1b: Annihilape|54/100|[from] item: Leftovers
|upkeep
|turn|5
|
|t:|1783208388
|move|p1a: Maushold|Follow Me|p1a: Maushold
|-singleturn|p1a: Maushold|move: Follow Me
|move|p2b: Excadrill|Rock Slide|p1a: Maushold|[spread] p1a
|-miss|p2b: Excadrill|p1b: Annihilape
|-damage|p1a: Maushold|38/100
|move|p2a: Staraptor|Tailwind|p2a: Staraptor
|-sidestart|p2: teyvgc|move: Tailwind
|move|p1b: Annihilape|Rage Fist|p2a: Staraptor
|-damage|p2a: Staraptor|0 fnt
|faint|p2a: Staraptor
|
|-weather|none
|-heal|p1b: Annihilape|61/100|[from] item: Leftovers
|upkeep
|
|t:|1783208398
|switch|p2a: Tyranitar|Tyranitar, L50, M|100/100
|-weather|Sandstorm|[from] ability: Sand Stream|[of] p2a: Tyranitar
|turn|6
|
|t:|1783208407
|switch|p1a: Incineroar|Incineroar, L50, F, shiny|88/100
|-ability|p1a: Incineroar|Intimidate|boost
|-unboost|p2a: Tyranitar|atk|1
|-unboost|p2b: Excadrill|atk|1
|move|p2b: Excadrill|Rock Slide|p1b: Annihilape|[spread] p1a,p1b
|-supereffective|p1a: Incineroar|1
|-resisted|p1b: Annihilape|1
|-damage|p1a: Incineroar|58/100
|-damage|p1b: Annihilape|57/100
|move|p2a: Tyranitar|Rock Slide|p1b: Annihilape|[spread] p1a,p1b
|-supereffective|p1a: Incineroar|1
|-resisted|p1b: Annihilape|1
|-damage|p1a: Incineroar|16/100
|-damage|p1b: Annihilape|52/100
|-enditem|p1a: Incineroar|Sitrus Berry|[eat]
|-heal|p1a: Incineroar|41/100|[from] item: Sitrus Berry
|cant|p1b: Annihilape|flinch
|
|-weather|Sandstorm|[upkeep]
|-damage|p1b: Annihilape|46/100|[from] Sandstorm
|-damage|p1a: Incineroar|35/100|[from] Sandstorm
|-heal|p1b: Annihilape|52/100|[from] item: Leftovers
|upkeep
|turn|7
|
|t:|1783208429
|move|p2b: Excadrill|Protect|p2b: Excadrill
|-singleturn|p2b: Excadrill|Protect
|move|p2a: Tyranitar|Protect|p2a: Tyranitar
|-singleturn|p2a: Tyranitar|Protect
|move|p1a: Incineroar|Fake Out|p2b: Excadrill
|-activate|p2b: Excadrill|move: Protect
|move|p1b: Annihilape|Drain Punch|p2a: Tyranitar
|-activate|p2a: Tyranitar|move: Protect
|
|-weather|Sandstorm|[upkeep]
|-damage|p1b: Annihilape|46/100|[from] Sandstorm
|-damage|p1a: Incineroar|29/100|[from] Sandstorm
|-heal|p1b: Annihilape|52/100|[from] item: Leftovers
|upkeep
|turn|8
|
|t:|1783208441
|switch|p1a: Maushold|Maushold-Four, L50|38/100
|move|p2b: Excadrill|Rock Slide|p1a: Maushold|[spread] p1a,p1b
|-resisted|p1b: Annihilape|1
|-damage|p1a: Maushold|20/100y
|-damage|p1b: Annihilape|49/100
|move|p2a: Tyranitar|Rock Slide|p1a: Maushold|[spread] p1a,p1b
|-resisted|p1b: Annihilape|1
|-damage|p1a: Maushold|0 fnt
|-damage|p1b: Annihilape|45/100
|faint|p1a: Maushold
|move|p1b: Annihilape|Drain Punch|p2a: Tyranitar
|-supereffective|p2a: Tyranitar|2
|-damage|p2a: Tyranitar|0 fnt
|-heal|p1b: Annihilape|93/100|[from] drain|[of] p2a: Tyranitar
|faint|p2a: Tyranitar
|
|-weather|Sandstorm|[upkeep]
|-damage|p1b: Annihilape|87/100|[from] Sandstorm
|-heal|p1b: Annihilape|93/100|[from] item: Leftovers
|-sideend|p2: teyvgc|move: Tailwind
|upkeep
|
|t:|1783208456
|switch|p1a: Incineroar|Incineroar, L50, F, shiny|29/100
|-ability|p1a: Incineroar|Intimidate|boost
|-unboost|p2b: Excadrill|atk|1
|turn|9
|c|☆teyvgc|Peak mons gg
|c|☆Ja-Orange|gg
|-message|teyvgc forfeited.
|
|win|Ja-Orange
