|j|☆FakeOutPlot
|j|☆HolgerD
|html|FakeOutPlotHolgerD    
|uhtml|bestof|Game 1 of a best-of-3
|t:|1757177030
|gametype|doubles
|player|p1|FakeOutPlot|iris|1436
|player|p2|HolgerD|1|1398
|gen|9
|tier|[Gen 9] VGC 2025 Reg H (Bo3)
|rated|
|rule|Species Clause: Limit one of each Pokémon
|rule|Item Clause: Limit 1 of each item
|clearpoke
|poke|p1|Gholdengo, L50|
|poke|p1|Incineroar, L50, F|
|poke|p1|Sneasler, L50, M|
|poke|p1|Rillaboom, L50, M|
|poke|p1|Ursaluna-Bloodmoon, L50, M|
|poke|p1|Dragonite, L50, M|
|poke|p2|Maushold, L50|
|poke|p2|Pelipper, L50, M|
|poke|p2|Archaludon, L50, M|
|poke|p2|Ursaluna, L50, F|
|poke|p2|Sinistcha, L50|
|poke|p2|Basculegion, L50, M|
|teampreview|4
|showteam|p1|Gholdengo||LifeOrb|GoodasGold|MakeItRain,ShadowBall,NastyPlot,Protect||||||50|,,,,,Water]Incineroar||SafetyGoggles|Intimidate|FlareBlitz,KnockOff,PartingShot,FakeOut|||F|||50|,,,,,Ghost]Sneasler||FocusSash|PoisonTouch|CloseCombat,DireClaw,FakeOut,Protect|||M|||50|,,,,,Stellar]Rillaboom||AssaultVest|GrassySurge|WoodHammer,GrassyGlide,FakeOut,HighHorsepower|||M|||50|,,,,,Fire]Ursaluna-Bloodmoon||Leftovers|MindsEye|BloodMoon,EarthPower,CalmMind,Protect|||M|||50|,,,,,Electric]Dragonite||LoadedDice|Multiscale|ScaleShot,Tailwind,Haze,Protect|||M|||50|,,,,,Steel
|showteam|p2|Maushold||WideLens|Technician|PopulationBomb,FollowMe,Taunt,Protect||||||50|,,,,,Ghost]Pelipper||FocusSash|Drizzle|Hurricane,MuddyWater,Tailwind,Protect|||M|||50|,,,,,Ghost]Archaludon||AssaultVest|Stamina|DragonPulse,ElectroShot,BodyPress,FlashCannon|||M|||50|,,,,,Bug]Ursaluna||FlameOrb|Guts|Facade,HeadlongRush,Earthquake,Protect|||F|||50|,,,,,Ghost]Sinistcha||SitrusBerry|Hospitality|MatchaGotcha,LifeDew,RagePowder,TrickRoom||||||50|,,,,,Dark]Basculegion||ChoiceBand|SwiftSwim|AquaJet,FlipTurn,LastRespects,WaveCrash|||M|||50|,,,,,Water
|
|t:|1757177078
|teamsize|p1|4
|teamsize|p2|4
|start
|switch|p1a: Rillaboom|Rillaboom, L50, M|100/100
|switch|p1b: Ursaluna|Ursaluna-Bloodmoon, L50, M|100/100
|switch|p2a: Maushold|Maushold, L50|100/100
|switch|p2b: Pelipper|Pelipper, L50, M|100/100
|-weather|RainDance|[from] ability: Drizzle|[of] p2b: Pelipper
|-fieldstart|move: Grassy Terrain|[from] ability: Grassy Surge|[of] p1a: Rillaboom
|turn|1
|
|t:|1757177111
|-terastallize|p2a: Maushold|Ghost
|move|p1a: Rillaboom|Fake Out|p2b: Pelipper
|-damage|p2b: Pelipper|82/100
|move|p2a: Maushold|Population Bomb|p1a: Rillaboom
|-crit|p1a: Rillaboom
|-damage|p1a: Rillaboom|83/100
|-damage|p1a: Rillaboom|73/100
|-damage|p1a: Rillaboom|62/100
|-damage|p1a: Rillaboom|50/100
|-damage|p1a: Rillaboom|39/100
|-damage|p1a: Rillaboom|28/100
|-damage|p1a: Rillaboom|17/100
|-damage|p1a: Rillaboom|6/100
|-damage|p1a: Rillaboom|0 fnt
|faint|p1a: Rillaboom
|-hitcount|p1: Rillaboom|9
|cant|p2b: Pelipper|flinch
|move|p1b: Ursaluna|Blood Moon|p2a: Maushold
|-damage|p2a: Maushold|0 fnt
|faint|p2a: Maushold
|
|-weather|RainDance|[upkeep]
|upkeep
|
|t:|1757177137
|switch|p2a: Archaludon|Archaludon, L50, M|100/100
|switch|p1a: Dragonite|Dragonite, L50, M|100/100
|turn|2
|
|t:|1757177163
|switch|p2a: Sinistcha|Sinistcha, L50|100/100
|-heal|p2b: Pelipper|100/100|[from] ability: Hospitality|[of] p2a: Sinistcha
|-terastallize|p1b: Ursaluna|Electric
|move|p1a: Dragonite|Tailwind|p1a: Dragonite
|-sidestart|p1: FakeOutPlot|move: Tailwind
|move|p1b: Ursaluna|Earth Power|p2a: Sinistcha
|-resisted|p2a: Sinistcha
|-damage|p2a: Sinistcha|81/100
|move|p2b: Pelipper|Tailwind|p2b: Pelipper
|-sidestart|p2: HolgerD|move: Tailwind
|
|-weather|RainDance|[upkeep]
|-heal|p2a: Sinistcha|87/100|[from] Grassy Terrain
|upkeep
|turn|3
|
|t:|1757177184
|move|p1a: Dragonite|Scale Shot|p2b: Pelipper
|-crit|p2b: Pelipper
|-damage|p2b: Pelipper|74/100
|-damage|p2b: Pelipper|53/100
|-damage|p2b: Pelipper|34/100
|-damage|p2b: Pelipper|16/100
|-hitcount|p2b: Pelipper|4
|-unboost|p1a: Dragonite|def|1
|-boost|p1a: Dragonite|spe|1
|move|p2b: Pelipper|Muddy Water|p1a: Dragonite|[spread] p1b
|-miss|p2b: Pelipper|p1a: Dragonite
|-damage|p1b: Ursaluna|57/100
|move|p1b: Ursaluna|Calm Mind|p1b: Ursaluna
|-boost|p1b: Ursaluna|spa|1
|-boost|p1b: Ursaluna|spd|1
|move|p2a: Sinistcha|Matcha Gotcha|p1b: Ursaluna|[spread] p1a,p1b
|-resisted|p1a: Dragonite
|-damage|p1a: Dragonite|97/100
|-heal|p2a: Sinistcha|89/100|[from] drain|[of] p1a: Dragonite
|-damage|p1b: Ursaluna|37/100
|-heal|p2a: Sinistcha|100/100|[from] drain|[of] p1b: Ursaluna
|
|-weather|RainDance|[upkeep]
|-heal|p1b: Ursaluna|43/100|[from] Grassy Terrain
|-heal|p1b: Ursaluna|49/100|[from] item: Leftovers
|upkeep
|turn|4
|
|t:|1757177226
|switch|p2a: Archaludon|Archaludon, L50, M|100/100
|move|p2b: Pelipper|Protect|p2b: Pelipper
|-singleturn|p2b: Pelipper|Protect
|move|p1a: Dragonite|Scale Shot|p2b: Pelipper
|-activate|p2b: Pelipper|move: Protect
|move|p1b: Ursaluna|Blood Moon|p2a: Archaludon
|-resisted|p2a: Archaludon
|-damage|p2a: Archaludon|68/100
|-ability|p2a: Archaludon|Stamina|boost
|-boost|p2a: Archaludon|def|1
|
|-weather|RainDance|[upkeep]
|-heal|p2a: Archaludon|74/100|[from] Grassy Terrain
|-heal|p1b: Ursaluna|55/100|[from] Grassy Terrain
|-heal|p1b: Ursaluna|62/100|[from] item: Leftovers
|upkeep
|turn|5
|
|t:|1757177242
|switch|p2b: Sinistcha|Sinistcha, L50|100/100
|-heal|p2a: Archaludon|99/100|[from] ability: Hospitality|[of] p2b: Sinistcha
|move|p1a: Dragonite|Scale Shot|p2b: Sinistcha
|-damage|p2b: Sinistcha|87/100
|-damage|p2b: Sinistcha|72/100
|-damage|p2b: Sinistcha|58/100
|-damage|p2b: Sinistcha|45/100
|-enditem|p2b: Sinistcha|Sitrus Berry|[eat]
|-heal|p2b: Sinistcha|70/100|[from] item: Sitrus Berry
|-hitcount|p2b: Sinistcha|4
|-unboost|p1a: Dragonite|def|1
|-boost|p1a: Dragonite|spe|1
|move|p2a: Archaludon|Electro Shot||[still]
|-prepare|p2a: Archaludon|Electro Shot
|-boost|p2a: Archaludon|spa|1
|-anim|p2a: Archaludon|Electro Shot|p1a: Dragonite
|-damage|p1a: Dragonite|36/100
|move|p1b: Ursaluna|Earth Power|p2a: Archaludon
|-supereffective|p2a: Archaludon
|-damage|p2a: Archaludon|0 fnt
|faint|p2a: Archaludon
|
|-weather|none
|-heal|p1b: Ursaluna|68/100|[from] Grassy Terrain
|-heal|p1b: Ursaluna|74/100|[from] item: Leftovers
|-heal|p2b: Sinistcha|76/100|[from] Grassy Terrain
|-sideend|p2: HolgerD|move: Tailwind
|-sideend|p1: FakeOutPlot|move: Tailwind
|-fieldend|move: Grassy Terrain
|upkeep
|
|t:|1757177264
|switch|p2a: Pelipper|Pelipper, L50, M|16/100
|-weather|RainDance|[from] ability: Drizzle|[of] p2a: Pelipper
|turn|6
|
|t:|1757177276
|move|p2a: Pelipper|Protect|p2a: Pelipper
|-singleturn|p2a: Pelipper|Protect
|move|p1a: Dragonite|Tailwind|p1a: Dragonite
|-sidestart|p1: FakeOutPlot|move: Tailwind
|move|p1b: Ursaluna|Blood Moon|p2b: Sinistcha
|-damage|p2b: Sinistcha|0 fnt
|faint|p2b: Sinistcha
|
|-weather|RainDance|[upkeep]
|-heal|p1b: Ursaluna|80/100|[from] item: Leftovers
|upkeep
|turn|7
|-message|HolgerD forfeited.
|
|win|FakeOutPlot
|l|☆HolgerD
|player|p2|
||FakeOutPlot is ready for game 2.
||HolgerD is ready for game 2.
|uhtml|next|Next: Game 2 of 3
|j|☆HolgerD
|player|p2|HolgerD|1|
