|j|☆wimpshrimp
|j|☆Cristante Terabug
|html|wimpshrimpCristante Terabug    
|uhtml|bestof|Game 2 of a best-of-3
|t:|1756764666
|gametype|doubles
|player|p1|wimpshrimp|102|1086
|player|p2|Cristante Terabug|kieran-champion|1209
|gen|9
|tier|[Gen 9] VGC 2025 Reg H (Bo3)
|rated|
|rule|Species Clause: Limit one of each Pokémon
|rule|Item Clause: Limit 1 of each item
|clearpoke
|poke|p1|Dragapult, L50, F|
|poke|p1|Farigiraf, L50, F|
|poke|p1|Primarina, L50, F|
|poke|p1|Amoonguss, L50, F|
|poke|p1|Kingambit, L50, M|
|poke|p1|Incineroar, L50, M|
|poke|p2|Incineroar, L50, M|
|poke|p2|Pelipper, L50, M|
|poke|p2|Archaludon, L50, M|
|poke|p2|Dragonite, L50, M|
|poke|p2|Sinistcha, L50|
|poke|p2|Ursaluna, L50, F|
|teampreview|4
|showteam|p1|Dragapult||ChoiceBand|ClearBody|DragonDarts,Uturn,PhantomForce,TeraBlast|||F|||50|,,,,,Ghost]Farigiraf||SafetyGoggles|ArmorTail|AllySwitch,TrickRoom,Psychic,Protect|||F|||50|,,,,,Fairy]Primarina||ThroatSpray|LiquidVoice|Protect,Moonblast,HyperVoice,Haze|||F|||50|,,,,,Grass]Amoonguss||SitrusBerry|Regenerator|Spore,RagePowder,PollenPuff,Protect|||F|||50|,,,,,Water]Kingambit||AssaultVest|Defiant|Assurance,SuckerPunch,IronHead,LowKick|||M|||50|,,,,,Flying]Incineroar||CovertCloak|Intimidate|FakeOut,FlareBlitz,PartingShot,KnockOff|||M|||50|,,,,,Ghost
|showteam|p2|Incineroar||SafetyGoggles|Intimidate|FakeOut,PartingShot,KnockOff,Taunt|||M|||50|,,,,,Ghost]Pelipper||FocusSash|Drizzle|Hurricane,MuddyWater,Tailwind,Protect|||M|||50|,,,,,Ghost]Archaludon||AssaultVest|Stamina|ElectroShot,Snarl,FlashCannon,BodyPress|||M|||50|,,,,,Bug]Dragonite||LoadedDice|Multiscale|ScaleShot,Tailwind,Haze,Protect|||M|||50|,,,,,Fairy]Sinistcha||SitrusBerry|Hospitality|MatchaGotcha,RagePowder,LifeDew,TrickRoom||||||50|,,,,,Dark]Ursaluna||FlameOrb|Guts|Earthquake,Facade,HeadlongRush,Protect|||F|||50|,,,,,Ghost
|inactive|Battle timer is ON: inactive players will automatically lose when time's up. (requested by Cristante Terabug)
|
|t:|1756764692
|teamsize|p1|4
|teamsize|p2|4
|start
|switch|p1a: Incineroar|Incineroar, L50, M|100/100
|switch|p1b: Dragapult|Dragapult, L50, F|100/100
|switch|p2a: Paolo|Dragonite, L50, M|100/100
|switch|p2b: Olmo|Ursaluna, L50, F|100/100
|-ability|p1a: Incineroar|Intimidate|boost
|-unboost|p2a: Paolo|atk|1
|-unboost|p2b: Olmo|atk|1
|turn|1
|
|t:|1756764713
|switch|p1a: Kingambit|Kingambit, L50, M|100/100
|move|p2a: Paolo|Protect|p2a: Paolo
|-singleturn|p2a: Paolo|Protect
|move|p2b: Olmo|Protect|p2b: Olmo
|-singleturn|p2b: Olmo|Protect
|move|p1b: Dragapult|Dragon Darts|p2a: Paolo
|-activate|p2b: Olmo|move: Protect
|
|-status|p2b: Olmo|brn|[from] item: Flame Orb
|upkeep
|turn|2
|inactive|Cristante Terabug has 30 seconds left.
|inactive|wimpshrimp has 30 seconds left.
|inactive|wimpshrimp has 20 seconds left.
|
|t:|1756764758
|switch|p1b: Incineroar|Incineroar, L50, M|100/100
|-ability|p1b: Incineroar|Intimidate|boost
|-unboost|p2a: Paolo|atk|1
|-unboost|p2b: Olmo|atk|1
|move|p2a: Paolo|Scale Shot|p1b: Incineroar
|-damage|p1b: Incineroar|93/100
|-damage|p1b: Incineroar|87/100
|-damage|p1b: Incineroar|81/100
|-damage|p1b: Incineroar|75/100
|-hitcount|p1b: Incineroar|4
|-unboost|p2a: Paolo|def|1
|-boost|p2a: Paolo|spe|1
|move|p2b: Olmo|Headlong Rush|p1a: Kingambit
|-supereffective|p1a: Kingambit
|-damage|p1a: Kingambit|22/100
|-unboost|p2b: Olmo|def|1
|-unboost|p2b: Olmo|spd|1
|move|p1a: Kingambit|Low Kick|p2b: Olmo
|-supereffective|p2b: Olmo
|-damage|p2b: Olmo|0 fnt
|faint|p2b: Olmo
|
|upkeep
|
|t:|1756764779
|switch|p2b: Silvano|Pelipper, L50, M, shiny|100/100
|-weather|RainDance|[from] ability: Drizzle|[of] p2b: Silvano
|turn|3
|
|t:|1756764792
|switch|p2a: Luca|Archaludon, L50, M|100/100
|-terastallize|p2b: Silvano|Ghost
|move|p1b: Incineroar|Fake Out|p2b: Silvano
|-immune|p2b: Silvano
|move|p2b: Silvano|Muddy Water|p1a: Kingambit|[spread] p1a,p1b
|-supereffective|p1b: Incineroar
|-damage|p1a: Kingambit|0 fnt
|-damage|p1b: Incineroar|3/100
|faint|p1a: Kingambit
|
|-weather|RainDance|[upkeep]
|upkeep
|
|t:|1756764807
|switch|p1a: Dragapult|Dragapult, L50, F|100/100
|turn|4
|
|t:|1756764821
|move|p1a: Dragapult|U-turn|p2b: Silvano
|-resisted|p2b: Silvano
|-damage|p2b: Silvano|78/100
|
|t:|1756764823
|switch|p1a: Primarina|Primarina, L50, F|100/100|[from] U-turn
|move|p2a: Luca|Snarl|p1a: Primarina|[spread] p1a
|-miss|p2a: Luca|p1b: Incineroar
|-resisted|p1a: Primarina
|-damage|p1a: Primarina|95/100
|-unboost|p1a: Primarina|spa|1
|move|p2b: Silvano|Hurricane|p1a: Primarina
|-damage|p1a: Primarina|45/100
|move|p1b: Incineroar|Knock Off|p2a: Luca
|-damage|p2a: Luca|73/100
|-ability|p2a: Luca|Stamina|boost
|-boost|p2a: Luca|def|1
|-enditem|p2a: Luca|Assault Vest|[from] move: Knock Off|[of] p1b: Incineroar
|
|-weather|RainDance|[upkeep]
|upkeep
|turn|5
|
|t:|1756764850
|move|p2a: Luca|Electro Shot||[still]
|-prepare|p2a: Luca|Electro Shot
|-boost|p2a: Luca|spa|1
|-anim|p2a: Luca|Electro Shot|p1a: Primarina
|-supereffective|p1a: Primarina
|-damage|p1a: Primarina|0 fnt
|faint|p1a: Primarina
|move|p2b: Silvano|Muddy Water|p1b: Incineroar
|-supereffective|p1b: Incineroar
|-damage|p1b: Incineroar|0 fnt
|faint|p1b: Incineroar
|
|-weather|RainDance|[upkeep]
|upkeep
|
|t:|1756764862
|switch|p1b: Dragapult|Dragapult, L50, F|100/100
|turn|6
|
|t:|1756764883
|-terastallize|p1b: Dragapult|Ghost
|move|p1b: Dragapult|Phantom Force||[still]
|-prepare|p1b: Dragapult|Phantom Force
|move|p2a: Luca|Flash Cannon|p1b: Dragapult|[miss]
|-miss|p2a: Luca|p1b: Dragapult
|move|p2b: Silvano|Hurricane|p1b: Dragapult|[miss]
|-miss|p2b: Silvano|p1b: Dragapult
|
|-weather|RainDance|[upkeep]
|upkeep
|turn|7
|
|t:|1756764893
|move|p1b: Dragapult|Phantom Force|p2b: Silvano|[from] lockedmove
|-supereffective|p2b: Silvano
|-damage|p2b: Silvano|0 fnt
|faint|p2b: Silvano
|move|p2a: Luca|Electro Shot||[still]
|-prepare|p2a: Luca|Electro Shot
|-boost|p2a: Luca|spa|1
|-anim|p2a: Luca|Electro Shot|p1b: Dragapult
|-damage|p1b: Dragapult|0 fnt
|faint|p1b: Dragapult
|
|win|Cristante Terabug
|raw|wimpshrimp's rating: 1086 → 1071(-15 for losing)
|raw|Cristante Terabug's rating: 1209 → 1226(+17 for winning)
