|j|☆Capitan-N
|j|☆NotNiceface
|html|Capitan-NNotNiceface    
|uhtml|bestof|Game 1 of a best-of-3
|t:|1756237661
|gametype|doubles
|player|p1|Capitan-N|n|1103
|player|p2|NotNiceface|170|1083
|gen|9
|tier|[Gen 9] VGC 2025 Reg H (Bo3)
|rated|
|rule|Species Clause: Limit one of each Pokémon
|rule|Item Clause: Limit 1 of each item
|clearpoke
|poke|p1|Pelipper, L50, F|
|poke|p1|Archaludon, L50, F|
|poke|p1|Basculegion, L50, M|
|poke|p1|Incineroar, L50, M|
|poke|p1|Ludicolo, L50, F|
|poke|p1|Garganacl, L50, F|
|poke|p2|Primarina, L50, F|
|poke|p2|Rillaboom, L50, M|
|poke|p2|Sneasler, L50, F|
|poke|p2|Dragapult, L50, M|
|poke|p2|Electabuzz, L50, F|
|poke|p2|Kingambit, L50, M|
|teampreview|4
|showteam|p1|Pelipper||FocusSash|Drizzle|Hurricane,Protect,WeatherBall,WideGuard|||F|||50|,,,,,Grass]Archaludon||AssaultVest|Stamina|BodyPress,DracoMeteor,ElectroShot,Snarl|||F|||50|,,,,,Grass]Basculegion||ChoiceScarf|Adaptability|LastRespects,WaveCrash,FlipTurn,TeraBlast|||M|||50|,,,,,Ground]Incineroar||SafetyGoggles|Intimidate|FakeOut,Taunt,KnockOff,Uturn|||M|||50|,,,,,Bug]Ludicolo||ChoiceSpecs|SwiftSwim|MuddyWater,IcyWind,WeatherBall,EnergyBall|||F|||50|,,,,,Steel]Garganacl||Leftovers|PurifyingSalt|BodyPress,Recover,IronDefense,SaltCure|||F|||50|,,,,,Ghost
|showteam|p2|Primarina||LifeOrb|LiquidVoice|HyperVoice,Moonblast,Haze,Protect|||F|||50|,,,,,Poison]Rillaboom||AssaultVest|GrassySurge|WoodHammer,GrassyGlide,Uturn,FakeOut|||M|||50|,,,,,Fire]Sneasler||FocusSash|PoisonTouch|DireClaw,CloseCombat,FakeOut,Protect|||F|||50|,,,,,Stellar]Dragapult||ChoiceBand|ClearBody|DragonDarts,Uturn,PhantomForce,TeraBlast|||M|||50|,,,,,Fire]Electabuzz||Eviolite|VitalSpirit|FollowMe,Electroweb,Taunt,Protect|||F|||50|,,,,,Ghost]Kingambit||BlackGlasses|Defiant|KowtowCleave,SuckerPunch,SwordsDance,Protect|||M|||50|,,,,,Dark
|
|t:|1756237696
|teamsize|p1|4
|teamsize|p2|4
|start
|switch|p1a: Basculegion|Basculegion, L50, M|100/100
|switch|p1b: Garganacl|Garganacl, L50, F, shiny|100/100
|switch|p2a: Electabuzz|Electabuzz, L50, F|100/100
|switch|p2b: Rillaboom|Rillaboom, L50, M|100/100
|-fieldstart|move: Grassy Terrain|[from] ability: Grassy Surge|[of] p2b: Rillaboom
|turn|1
|
|t:|1756237747
|switch|p1a: Archaludon|Archaludon, L50, F|100/100
|move|p2a: Electabuzz|Follow Me|p2a: Electabuzz
|-singleturn|p2a: Electabuzz|move: Follow Me
|move|p2b: Rillaboom|Wood Hammer|p1a: Archaludon
|-resisted|p1a: Archaludon
|-damage|p1a: Archaludon|86/100
|-ability|p1a: Archaludon|Stamina|boost
|-boost|p1a: Archaludon|def|1
|-damage|p2b: Rillaboom|96/100|[from] Recoil
|move|p1b: Garganacl|Iron Defense|p1b: Garganacl
|-boost|p1b: Garganacl|def|2
|
|-heal|p2b: Rillaboom|100/100|[from] Grassy Terrain
|-heal|p1a: Archaludon|92/100|[from] Grassy Terrain
|upkeep
|turn|2
|
|t:|1756237776
|-terastallize|p1b: Garganacl|Ghost
|move|p2a: Electabuzz|Taunt|p1b: Garganacl
|-start|p1b: Garganacl|move: Taunt
|move|p2b: Rillaboom|U-turn|p1b: Garganacl
|-resisted|p1b: Garganacl
|-damage|p1b: Garganacl|97/100
|
|t:|1756237785
|switch|p2b: Primarina|Primarina, L50, F|100/100|[from] U-turn
|move|p1a: Archaludon|Body Press|p2b: Primarina
|-resisted|p2b: Primarina
|-damage|p2b: Primarina|82/100
|move|p1b: Garganacl|Body Press|p2b: Primarina
|-resisted|p2b: Primarina
|-damage|p2b: Primarina|55/100
|
|-heal|p1a: Archaludon|98/100|[from] Grassy Terrain
|-heal|p2b: Primarina|61/100|[from] Grassy Terrain
|-heal|p1b: Garganacl|100/100|[from] Grassy Terrain
|upkeep
|turn|3
|
|t:|1756237802
|move|p2a: Electabuzz|Follow Me|p2a: Electabuzz
|-singleturn|p2a: Electabuzz|move: Follow Me
|move|p1a: Archaludon|Snarl|p2b: Primarina|[spread] p2a,p2b
|-resisted|p2b: Primarina
|-damage|p2a: Electabuzz|89/100
|-damage|p2b: Primarina|55/100
|-unboost|p2a: Electabuzz|spa|1
|-unboost|p2b: Primarina|spa|1
|move|p2b: Primarina|Haze|p2b: Primarina
|-clearallboost
|move|p1b: Garganacl|Salt Cure|p2a: Electabuzz
|-damage|p2a: Electabuzz|77/100
|-start|p2a: Electabuzz|Salt Cure
|
|-heal|p2a: Electabuzz|82/100|[from] Grassy Terrain
|-heal|p1a: Archaludon|100/100|[from] Grassy Terrain
|-heal|p2b: Primarina|61/100|[from] Grassy Terrain
|-damage|p2a: Electabuzz|70/100|[from] Salt Cure
|upkeep
|turn|4
|
|t:|1756237824
|move|p2a: Electabuzz|Taunt|p1a: Archaludon
|-start|p1a: Archaludon|move: Taunt
|move|p1a: Archaludon|Snarl|p2b: Primarina|[spread] p2a,p2b
|-resisted|p2b: Primarina
|-damage|p2a: Electabuzz|60/100
|-damage|p2b: Primarina|55/100
|-unboost|p2a: Electabuzz|spa|1
|-unboost|p2b: Primarina|spa|1
|move|p2b: Primarina|Hyper Voice|p1a: Archaludon|[spread] p1a,p1b
|-resisted|p1a: Archaludon
|-damage|p1a: Archaludon|90/100
|-damage|p1b: Garganacl|79/100
|-ability|p1a: Archaludon|Stamina|boost
|-boost|p1a: Archaludon|def|1
|-damage|p2b: Primarina|46/100|[from] item: Life Orb
|move|p1b: Garganacl|Salt Cure|p2b: Primarina
|-damage|p2b: Primarina|29/100
|-start|p2b: Primarina|Salt Cure
|
|-heal|p2a: Electabuzz|66/100|[from] Grassy Terrain
|-heal|p1a: Archaludon|96/100|[from] Grassy Terrain
|-heal|p2b: Primarina|35/100|[from] Grassy Terrain
|-heal|p1b: Garganacl|85/100|[from] Grassy Terrain
|-heal|p1b: Garganacl|91/100|[from] item: Leftovers
|-damage|p2a: Electabuzz|54/100|[from] Salt Cure
|-damage|p2b: Primarina|11/100|[from] Salt Cure
|-end|p1b: Garganacl|move: Taunt
|upkeep
|turn|5
|
|t:|1756237858
|switch|p2b: Sneasler|Sneasler, L50, F|100/100
|move|p2a: Electabuzz|Protect|p2a: Electabuzz
|-singleturn|p2a: Electabuzz|Protect
|move|p1a: Archaludon|Body Press|p2a: Electabuzz
|-activate|p2a: Electabuzz|move: Protect
|move|p1b: Garganacl|Iron Defense|p1b: Garganacl
|-boost|p1b: Garganacl|def|2
|
|-heal|p2a: Electabuzz|60/100|[from] Grassy Terrain
|-heal|p1a: Archaludon|100/100|[from] Grassy Terrain
|-heal|p1b: Garganacl|97/100|[from] Grassy Terrain
|-heal|p1b: Garganacl|100/100|[from] item: Leftovers
|-damage|p2a: Electabuzz|47/100|[from] Salt Cure
|-fieldend|move: Grassy Terrain
|upkeep
|turn|6
|
|t:|1756237879
|switch|p1a: Basculegion|Basculegion, L50, M|100/100
|move|p2b: Sneasler|Close Combat|p1a: Basculegion
|-immune|p1a: Basculegion
|move|p2a: Electabuzz|Electroweb|p1b: Garganacl|[spread] p1a,p1b
|-supereffective|p1a: Basculegion
|-damage|p1a: Basculegion|78/100
|-damage|p1b: Garganacl|94/100
|-unboost|p1a: Basculegion|spe|1
|-unboost|p1b: Garganacl|spe|1
|move|p1b: Garganacl|Salt Cure|p2b: Sneasler
|-resisted|p2b: Sneasler
|-damage|p2b: Sneasler|88/100
|-start|p2b: Sneasler|Salt Cure
|
|-heal|p1b: Garganacl|99/100|[from] item: Leftovers
|-damage|p2b: Sneasler|76/100|[from] Salt Cure
|-damage|p2a: Electabuzz|35/100|[from] Salt Cure
|upkeep
|turn|7
|
|t:|1756237911
|switch|p2a: Rillaboom|Rillaboom, L50, M|100/100
|-fieldstart|move: Grassy Terrain|[from] ability: Grassy Surge|[of] p2a: Rillaboom
|move|p2b: Sneasler|Dire Claw|p1b: Garganacl
|-resisted|p1b: Garganacl
|-damage|p1b: Garganacl|94/100
|move|p1a: Basculegion|Flip Turn|p2a: Rillaboom
|-resisted|p2a: Rillaboom
|-damage|p2a: Rillaboom|80/100
|
|t:|1756237921
|switch|p1a: Archaludon|Archaludon, L50, F|100/100|[from] Flip Turn
|move|p1b: Garganacl|Body Press|p2a: Rillaboom
|-damage|p2a: Rillaboom|35/100
|
|-heal|p2b: Sneasler|82/100|[from] Grassy Terrain
|-heal|p2a: Rillaboom|41/100|[from] Grassy Terrain
|-heal|p1b: Garganacl|99/100|[from] Grassy Terrain
|-heal|p1b: Garganacl|100/100|[from] item: Leftovers
|-damage|p2b: Sneasler|70/100|[from] Salt Cure
|upkeep
|turn|8
|
|t:|1756237965
|move|p2a: Rillaboom|Fake Out|p1a: Archaludon
|-resisted|p1a: Archaludon
|-damage|p1a: Archaludon|95/100
|-ability|p1a: Archaludon|Stamina|boost
|-boost|p1a: Archaludon|def|1
|move|p2b: Sneasler|Dire Claw|p1b: Garganacl
|-resisted|p1b: Garganacl
|-damage|p1b: Garganacl|94/100
|cant|p1a: Archaludon|flinch
|move|p1b: Garganacl|Body Press|p2b: Sneasler
|-resisted|p2b: Sneasler
|-damage|p2b: Sneasler|28/100
|
|-heal|p2b: Sneasler|33/100|[from] Grassy Terrain
|-heal|p2a: Rillaboom|46/100|[from] Grassy Terrain
|-heal|p1a: Archaludon|100/100|[from] Grassy Terrain
|-heal|p1b: Garganacl|99/100|[from] Grassy Terrain
|-heal|p1b: Garganacl|100/100|[from] item: Leftovers
|-damage|p2b: Sneasler|21/100|[from] Salt Cure
|upkeep
|turn|9
|
|t:|1756237990
|move|p2b: Sneasler|Dire Claw|p1b: Garganacl
|-resisted|p1b: Garganacl
|-damage|p1b: Garganacl|93/100
|move|p2a: Rillaboom|U-turn|p1a: Archaludon
|-resisted|p1a: Archaludon
|-damage|p1a: Archaludon|95/100
|-ability|p1a: Archaludon|Stamina|boost
|-boost|p1a: Archaludon|def|1
|
|t:|1756237997
|switch|p2a: Electabuzz|Electabuzz, L50, F|35/100|[from] U-turn
|move|p1a: Archaludon|Draco Meteor|p2a: Electabuzz
|-damage|p2a: Electabuzz|0 fnt
|-unboost|p1a: Archaludon|spa|2
|faint|p2a: Electabuzz
|move|p1b: Garganacl|Body Press|p2b: Sneasler
|-resisted|p2b: Sneasler
|-damage|p2b: Sneasler|0 fnt
|faint|p2b: Sneasler
|
|-heal|p1a: Archaludon|100/100|[from] Grassy Terrain
|-heal|p1b: Garganacl|99/100|[from] Grassy Terrain
|-heal|p1b: Garganacl|100/100|[from] item: Leftovers
|upkeep
|
|t:|1756238022
|switch|p2b: Rillaboom|Rillaboom, L50, M|46/100
|switch|p2a: Primarina|Primarina, L50, F|11/100
|turn|10
|
|t:|1756238054
|switch|p1a: Basculegion|Basculegion, L50, M|78/100
|move|p2b: Rillaboom|Wood Hammer|p1b: Garganacl
|-damage|p1b: Garganacl|78/100
|-damage|p2b: Rillaboom|39/100|[from] Recoil
|move|p2a: Primarina|Haze|p2a: Primarina
|-clearallboost
|move|p1b: Garganacl|Salt Cure|p2a: Primarina
|-damage|p2a: Primarina|0 fnt
|faint|p2a: Primarina
|
|-heal|p1a: Basculegion|84/100|[from] Grassy Terrain
|-heal|p2b: Rillaboom|45/100|[from] Grassy Terrain
|-heal|p1b: Garganacl|84/100|[from] Grassy Terrain
|-heal|p1b: Garganacl|90/100|[from] item: Leftovers
|upkeep
|turn|11
|
|t:|1756238072
|switch|p1a: Archaludon|Archaludon, L50, F|100/100
|move|p2b: Rillaboom|Grassy Glide|p1a: Archaludon
|-resisted|p1a: Archaludon
|-damage|p1a: Archaludon|95/100
|-ability|p1a: Archaludon|Stamina|boost
|-boost|p1a: Archaludon|def|1
|move|p1b: Garganacl|Iron Defense|p1b: Garganacl
|-boost|p1b: Garganacl|def|2
|
|-heal|p2b: Rillaboom|51/100|[from] Grassy Terrain
|-heal|p1a: Archaludon|100/100|[from] Grassy Terrain
|-heal|p1b: Garganacl|96/100|[from] Grassy Terrain
|-heal|p1b: Garganacl|100/100|[from] item: Leftovers
|-fieldend|move: Grassy Terrain
|upkeep
|turn|12
|
|t:|1756238091
|move|p2b: Rillaboom|Wood Hammer|p1b: Garganacl
|-damage|p1b: Garganacl|82/100
|-damage|p2b: Rillaboom|45/100|[from] Recoil
|move|p1a: Archaludon|Draco Meteor|p2b: Rillaboom
|-damage|p2b: Rillaboom|1/100
|-unboost|p1a: Archaludon|spa|2
|move|p1b: Garganacl|Body Press|p2b: Rillaboom
|-damage|p2b: Rillaboom|0 fnt
|faint|p2b: Rillaboom
|
|win|Capitan-N
||NotNiceface is ready for game 2.
