|j|☆Luian VGC
|j|☆NextTimeMustDo
|html|Luian VGCNextTimeMustDo    
|uhtml|bestof|Game 3 of a best-of-3
|t:|1757251190
|gametype|doubles
|player|p1|Luian VGC|ingo|
|player|p2|NextTimeMustDo|skyla|
|gen|9
|tier|[Gen 9] VGC 2025 Reg H (Bo3)
|rule|Species Clause: Limit one of each Pokémon
|rule|Item Clause: Limit 1 of each item
|clearpoke
|poke|p1|Incineroar, L50, M|
|poke|p1|Sylveon, L50, F|
|poke|p1|Garchomp, L50, F|
|poke|p1|Amoonguss, L50, F|
|poke|p1|Sneasler, L50, M|
|poke|p1|Kilowattrel, L50, F|
|poke|p2|Dragonite, L50, F|
|poke|p2|Ursaluna-Bloodmoon, L50, M|
|poke|p2|Archaludon, L50, F|
|poke|p2|Whimsicott, L50, F|
|poke|p2|Gholdengo, L50|
|poke|p2|Incineroar, L50, M|
|teampreview|4
|showteam|p1|Incineroar||SafetyGoggles|Intimidate|KnockOff,FakeOut,FlareBlitz,PartingShot|||M|||50|,,,,,Ghost]Sylveon||Leftovers|Pixilate|HyperVoice,CalmMind,TeraBlast,Protect|||F|||50|,,,,,Fire]Garchomp||LifeOrb|RoughSkin|StompingTantrum,DragonClaw,Earthquake,Protect|||F|||50|,,,,,Ground]Amoonguss||SitrusBerry|Regenerator|RagePowder,Spore,PollenPuff,ClearSmog|||F|||50|,,,,,Water]Sneasler||ClearAmulet|PoisonTouch|DireClaw,CloseCombat,Protect,FakeOut|||M|||50|,,,,,Dark]Kilowattrel||FocusSash|WindPower|Thunderbolt,Tailwind,Discharge,AirSlash|||F|||50|,,,,,Ghost
|showteam|p2|Dragonite||LoadedDice|Multiscale|ScaleShot,ExtremeSpeed,IceSpinner,Protect|||F|||50|,,,,,Fairy]Ursaluna-Bloodmoon||AssaultVest|MindsEye|BloodMoon,HyperVoice,EarthPower,VacuumWave|||M|||50|,,,,,Water]Archaludon||PowerHerb|Sturdy|ElectroShot,FlashCannon,DracoMeteor,Protect|||F|||50|,,,,,Stellar]Whimsicott||CovertCloak|Prankster|FakeTears,Tailwind,Encore,Moonblast|||F|||50|,,,,,Poison]Gholdengo||ChoiceSpecs|GoodasGold|MakeItRain,ShadowBall,PowerGem,SteelBeam||||||50|,,,,,Steel]Incineroar||MirrorHerb|Intimidate|FakeOut,PartingShot,KnockOff,FlareBlitz|||M|||50|,,,,,Ghost
|j| Sjy3310
|j| limilin
|
|t:|1757251222
|teamsize|p1|4
|teamsize|p2|4
|start
|switch|p1a: Kilowattrel|Kilowattrel, L50, F|100/100
|switch|p1b: Garchomp|Garchomp, L50, F|100/100
|switch|p2a: Whimsicott|Whimsicott, L50, F|100/100
|switch|p2b: Gholdengo|Gholdengo, L50|100/100
|turn|1
|j| KKCWind
|j| Glaceon0404
|j| SheNeedsSpace
|
|t:|1757251266
|switch|p1b: Incineroar|Incineroar, L50, M|100/100
|-ability|p1b: Incineroar|Intimidate|boost
|-unboost|p2a: Whimsicott|atk|1
|-unboost|p2b: Gholdengo|atk|1
|move|p1a: Kilowattrel|Tailwind|p1a: Kilowattrel
|-sidestart|p1: Luian VGC|move: Tailwind
|-start|p1a: Kilowattrel|Charge|Tailwind|[from] ability: Wind Power
|move|p2a: Whimsicott|Moonblast|p1a: Kilowattrel
|-damage|p1a: Kilowattrel|49/100
|-unboost|p1a: Kilowattrel|spa|1
|move|p2b: Gholdengo|Power Gem|p1a: Kilowattrel
|-supereffective|p1a: Kilowattrel
|-damage|p1a: Kilowattrel|0 fnt
|faint|p1a: Kilowattrel
|
|upkeep
|
|t:|1757251294
|switch|p1a: Sylveon|Sylveon, L50, F|100/100
|turn|2
|
|t:|1757251320
|move|p2a: Whimsicott|Tailwind|p2a: Whimsicott
|-sidestart|p2: NextTimeMustDo|move: Tailwind
|move|p2b: Gholdengo|Power Gem|p1b: Incineroar
|-supereffective|p1b: Incineroar
|-damage|p1b: Incineroar|26/100
|move|p1b: Incineroar|Flare Blitz|p2a: Whimsicott
|-supereffective|p2a: Whimsicott
|-damage|p2a: Whimsicott|0 fnt
|faint|p2a: Whimsicott
|-damage|p1b: Incineroar|0 fnt|[from] Recoil
|faint|p1b: Incineroar
|move|p1a: Sylveon|Calm Mind|p1a: Sylveon
|-boost|p1a: Sylveon|spa|1
|-boost|p1a: Sylveon|spd|1
|
|upkeep
|
|t:|1757251334
|switch|p2a: Incineroar|Incineroar, L50, M|100/100
|switch|p1b: Garchomp|Garchomp, L50, F|100/100
|-ability|p2a: Incineroar|Intimidate|boost
|-unboost|p1a: Sylveon|atk|1
|-unboost|p1b: Garchomp|atk|1
|turn|3
|
|t:|1757251374
|move|p1b: Garchomp|Dragon Claw|p2b: Gholdengo
|-resisted|p2b: Gholdengo
|-damage|p2b: Gholdengo|80/100
|-damage|p1b: Garchomp|91/100|[from] item: Life Orb
|move|p2b: Gholdengo|Power Gem|p1a: Sylveon
|-damage|p1a: Sylveon|76/100
|move|p2a: Incineroar|Parting Shot|p1a: Sylveon
|-unboost|p1a: Sylveon|atk|1
|-unboost|p1a: Sylveon|spa|1
|
|t:|1757251383
|switch|p2a: Dragonite|Dragonite, L50, F|100/100|[from] Parting Shot
|move|p1a: Sylveon|Hyper Voice|p2a: Dragonite|[spread] p2a,p2b
|-supereffective|p2a: Dragonite
|-resisted|p2b: Gholdengo
|-damage|p2a: Dragonite|60/100
|-damage|p2b: Gholdengo|54/100
|
|-heal|p1a: Sylveon|82/100|[from] item: Leftovers
|upkeep
|turn|4
|j| fujishimamegumi
|
|t:|1757251441
|switch|p2b: Incineroar|Incineroar, L50, M|100/100
|-ability|p2b: Incineroar|Intimidate|boost
|-unboost|p1a: Sylveon|atk|1
|-unboost|p1b: Garchomp|atk|1
|move|p2a: Dragonite|Protect|p2a: Dragonite
|-singleturn|p2a: Dragonite|Protect
|move|p1b: Garchomp|Stomping Tantrum|p2b: Incineroar
|-supereffective|p2b: Incineroar
|-damage|p2b: Incineroar|53/100
|-damage|p1b: Garchomp|81/100|[from] item: Life Orb
|move|p1a: Sylveon|Hyper Voice|p2b: Incineroar|[spread] p2b
|-activate|p2a: Dragonite|move: Protect
|-damage|p2b: Incineroar|18/100
|
|-heal|p1a: Sylveon|89/100|[from] item: Leftovers
|-sideend|p1: Luian VGC|move: Tailwind
|upkeep
|turn|5
|
|t:|1757251474
|switch|p2b: Gholdengo|Gholdengo, L50|54/100
|move|p1b: Garchomp|Protect|p1b: Garchomp
|-singleturn|p1b: Garchomp|Protect
|move|p1a: Sylveon|Protect|p1a: Sylveon
|-singleturn|p1a: Sylveon|Protect
|move|p2a: Dragonite|Scale Shot|p1b: Garchomp
|-activate|p1b: Garchomp|move: Protect
|
|-heal|p1a: Sylveon|95/100|[from] item: Leftovers
|-sideend|p2: NextTimeMustDo|move: Tailwind
|upkeep
|turn|6
|
|t:|1757251513
|-terastallize|p1b: Garchomp|Ground
|-terastallize|p2a: Dragonite|Fairy
|move|p1b: Garchomp|Stomping Tantrum|p2b: Gholdengo
|-supereffective|p2b: Gholdengo
|-damage|p2b: Gholdengo|0 fnt
|faint|p2b: Gholdengo
|-damage|p1b: Garchomp|72/100|[from] item: Life Orb
|move|p2a: Dragonite|Ice Spinner|p1b: Garchomp
|-supereffective|p1b: Garchomp
|-damage|p1b: Garchomp|6/100
|-damage|p2a: Dragonite|48/100|[from] ability: Rough Skin|[of] p1b: Garchomp
|move|p1a: Sylveon|Hyper Voice|p2a: Dragonite
|-damage|p2a: Dragonite|0 fnt
|faint|p2a: Dragonite
|
|-heal|p1a: Sylveon|100/100|[from] item: Leftovers
|upkeep
|
|t:|1757251530
|switch|p2b: Incineroar|Incineroar, L50, M|18/100
|-ability|p2b: Incineroar|Intimidate|boost
|-unboost|p1a: Sylveon|atk|1
|-unboost|p1b: Garchomp|atk|1
|turn|7
|
|t:|1757251541
|move|p1b: Garchomp|Stomping Tantrum|p2b: Incineroar
|-supereffective|p2b: Incineroar
|-damage|p2b: Incineroar|0 fnt
|faint|p2b: Incineroar
|-damage|p1b: Garchomp|0 fnt|[from] item: Life Orb
|faint|p1b: Garchomp
|
|win|Luian VGC
|c|☆NextTimeMustDo|感謝指教
|l| limilin
|l| KKCWind
|c|☆Luian VGC|謝謝指教
|l|☆Luian VGC
|player|p1|
|j|☆Luian VGC
|player|p1|Luian VGC|ingo|
|l|☆Luian VGC
|player|p1|
|j|☆Luian VGC
|player|p1|Luian VGC|ingo|
|l|☆Luian VGC
|player|p1|
|j| MadaHayai
|l| MadaHayai
|l|☆NextTimeMustDo
|player|p2|
|j|☆Luian VGC
|player|p1|Luian VGC|ingo|
|j| DiGuaaa
|l| DiGuaaa
|l|☆Luian VGC
|player|p1|
|j|☆Luian VGC
|player|p1|Luian VGC|ingo|
|l|☆Luian VGC
|player|p1|
|l| fujishimamegumi
|l| Glaceon0404
|j| goodryan2630
