|j|☆goodwyn
|j|☆catnip enthusiast
|html|goodwyncatnip enthusiast    
|uhtml|bestof|Game 1 of a best-of-3
|t:|1757206261
|gametype|doubles
|player|p1|goodwyn|169|1250
|player|p2|catnip enthusiast|bianca|1355
|gen|9
|tier|[Gen 9] VGC 2025 Reg H (Bo3)
|rated|
|rule|Species Clause: Limit one of each Pokémon
|rule|Item Clause: Limit 1 of each item
|clearpoke
|poke|p1|Volcarona, L50, M|
|poke|p1|Dragonite, L50, F|
|poke|p1|Sneasler, L50, M|
|poke|p1|Dondozo, L50, M|
|poke|p1|Kingambit, L50, M|
|poke|p1|Rillaboom, L50, F|
|poke|p2|Delphox, L50, M|
|poke|p2|Sneasler, L50, F|
|poke|p2|Garchomp, L50, F|
|poke|p2|Tyranitar, L50, F|
|poke|p2|Indeedee-F, L50, F|
|poke|p2|Murkrow, L50, M|
|teampreview|4
|showteam|p1|Volcarona||SitrusBerry|FlameBody|HeatWave,TeraBlast,QuiverDance,Protect|||M|||50|,,,,,Fairy]Dragonite||LoadedDice|Multiscale|ScaleShot,ExtremeSpeed,Haze,Protect|||F|||50|,,,,,Fairy]Sneasler||GrassySeed|Unburden|DireClaw,CloseCombat,Coaching,Protect|||M|||50|,,,,,Stellar]Dondozo||Leftovers|Unaware|WaveCrash,Yawn,Fissure,Protect|||M|||50|,,,,,Poison]Kingambit||SafetyGoggles|Defiant|KowtowCleave,SuckerPunch,SwordsDance,Protect|||M|||50|,,,,,Fire]Rillaboom||AssaultVest|GrassySurge|WoodHammer,GrassyGlide,FakeOut,HighHorsepower|||F|||50|,,,,,Fire
|showteam|p2|Delphox||ChoiceSpecs|Blaze|ExpandingForce,Overheat,TeraBlast,Flamethrower|||M|||50|,,,,,Fighting]Sneasler||PsychicSeed|Unburden|CloseCombat,DireClaw,ThroatChop,Protect|||F|||50|,,,,,Stellar]Garchomp||LifeOrb|RoughSkin|DragonClaw,StompingTantrum,Earthquake,Protect|||F|||50|,,,,,Ground]Tyranitar||AssaultVest|SandStream|RockSlide,KnockOff,LowKick,TeraBlast|||F|||50|,,,,,Flying]Indeedee-F||SitrusBerry|PsychicSurge|HelpingHand,TrickRoom,FollowMe,Psychic|||F|||50|,,,,,Fairy]Murkrow||CovertCloak|Prankster|Tailwind,ThunderWave,FoulPlay,Haze|||M|||50|,,,,,Steel
|
|t:|1757206309
|teamsize|p1|4
|teamsize|p2|4
|start
|switch|p1a: Dragonite|Dragonite, L50, F|100/100
|switch|p1b: Sneasler|Sneasler, L50, M|100/100
|switch|p2a: Lars|Tyranitar, L50, F|100/100
|switch|p2b: Indeedee|Indeedee-F, L50, F|100/100
|-fieldstart|move: Psychic Terrain|[from] ability: Psychic Surge|[of] p2b: Indeedee
|-weather|Sandstorm|[from] ability: Sand Stream|[of] p2a: Lars
|turn|1
|
|t:|1757206333
|move|p2b: Indeedee|Follow Me|p2b: Indeedee
|-singleturn|p2b: Indeedee|move: Follow Me
|move|p1b: Sneasler|Coaching|p1a: Dragonite
|-boost|p1a: Dragonite|atk|1
|-boost|p1a: Dragonite|def|1
|move|p1a: Dragonite|Scale Shot|p2b: Indeedee
|-damage|p2b: Indeedee|80/100
|-damage|p2b: Indeedee|57/100
|-damage|p2b: Indeedee|35/100
|-enditem|p2b: Indeedee|Sitrus Berry|[eat]
|-heal|p2b: Indeedee|60/100|[from] item: Sitrus Berry
|-damage|p2b: Indeedee|39/100
|-damage|p2b: Indeedee|19/100
|-hitcount|p2b: Indeedee|5
|-unboost|p1a: Dragonite|def|1
|-boost|p1a: Dragonite|spe|1
|move|p2a: Lars|Knock Off|p1a: Dragonite
|-damage|p1a: Dragonite|67/100
|-enditem|p1a: Dragonite|Loaded Dice|[from] move: Knock Off|[of] p2a: Lars
|
|-weather|Sandstorm|[upkeep]
|-damage|p1a: Dragonite|61/100|[from] Sandstorm
|-damage|p1b: Sneasler|95/100|[from] Sandstorm
|-damage|p2b: Indeedee|12/100|[from] Sandstorm
|upkeep
|turn|2
|
|t:|1757206381
|-terastallize|p1a: Dragonite|Fairy
|-terastallize|p2a: Lars|Flying
|move|p1a: Dragonite|Scale Shot|p2b: Indeedee
|-damage|p2b: Indeedee|0 fnt
|faint|p2b: Indeedee
|-hitcount|p2: Indeedee|1
|-unboost|p1a: Dragonite|def|1
|-boost|p1a: Dragonite|spe|1
|move|p1b: Sneasler|Close Combat|p2a: Lars
|-resisted|p2a: Lars
|-damage|p2a: Lars|74/100
|-unboost|p1b: Sneasler|def|1
|-unboost|p1b: Sneasler|spd|1
|move|p2a: Lars|Rock Slide|p1b: Sneasler|[spread] p1b
|-miss|p2a: Lars|p1a: Dragonite
|-resisted|p1b: Sneasler
|-damage|p1b: Sneasler|53/100
|
|-weather|Sandstorm|[upkeep]
|-damage|p1a: Dragonite|56/100|[from] Sandstorm
|-damage|p1b: Sneasler|47/100|[from] Sandstorm
|-damage|p2a: Lars|68/100|[from] Sandstorm
|upkeep
|
|t:|1757206393
|switch|p2b: Baddies Africa|Sneasler, L50, F|100/100
|-enditem|p2b: Baddies Africa|Psychic Seed
|-boost|p2b: Baddies Africa|spd|1|[from] item: Psychic Seed
|turn|3
|
|t:|1757206414
|switch|p2a: New Magic Wand|Delphox, L50, M, shiny|100/100
|move|p1a: Dragonite|Protect|p1a: Dragonite
|-singleturn|p1a: Dragonite|Protect
|move|p2b: Baddies Africa|Dire Claw|p1a: Dragonite
|-activate|p1a: Dragonite|move: Protect
|move|p1b: Sneasler|Coaching|p1a: Dragonite
|-boost|p1a: Dragonite|atk|1
|-boost|p1a: Dragonite|def|1
|
|-weather|Sandstorm|[upkeep]
|-damage|p2b: Baddies Africa|95/100|[from] Sandstorm
|-damage|p1a: Dragonite|50/100|[from] Sandstorm
|-damage|p1b: Sneasler|41/100|[from] Sandstorm
|-damage|p2a: New Magic Wand|94/100|[from] Sandstorm
|upkeep
|turn|4
|
|t:|1757206438
|switch|p1b: Rillaboom|Rillaboom, L50, F|100/100
|-fieldstart|move: Grassy Terrain|[from] ability: Grassy Surge|[of] p1b: Rillaboom
|move|p1a: Dragonite|Extreme Speed|p2b: Baddies Africa
|-damage|p2b: Baddies Africa|0 fnt
|faint|p2b: Baddies Africa
|move|p2a: New Magic Wand|Flamethrower|p1a: Dragonite
|-crit|p1a: Dragonite
|-damage|p1a: Dragonite|0 fnt
|faint|p1a: Dragonite
|
|-weather|Sandstorm|[upkeep]
|-damage|p2a: New Magic Wand|88/100|[from] Sandstorm
|-damage|p1b: Rillaboom|95/100|[from] Sandstorm
|-heal|p2a: New Magic Wand|94/100|[from] Grassy Terrain
|-heal|p1b: Rillaboom|100/100|[from] Grassy Terrain
|upkeep
|
|t:|1757206465
|switch|p2b: Lars|Tyranitar, L50, F, tera:Flying|68/100
|switch|p1a: Kingambit|Kingambit, L50, M|100/100
|turn|5
|
|t:|1757206504
|switch|p1b: Sneasler|Sneasler, L50, M|41/100
|-enditem|p1b: Sneasler|Grassy Seed
|-boost|p1b: Sneasler|def|1|[from] item: Grassy Seed
|move|p1a: Kingambit|Sucker Punch|p2a: New Magic Wand
|-supereffective|p2a: New Magic Wand
|-damage|p2a: New Magic Wand|0 fnt
|faint|p2a: New Magic Wand
|move|p2b: Lars|Low Kick|p1a: Kingambit
|-supereffective|p1a: Kingambit
|-damage|p1a: Kingambit|0 fnt
|faint|p1a: Kingambit
|
|-weather|none
|-heal|p1b: Sneasler|47/100|[from] Grassy Terrain
|upkeep
|
|t:|1757206511
|switch|p1a: Rillaboom|Rillaboom, L50, F|100/100
|turn|6
|
|t:|1757206517
|move|p1a: Rillaboom|Fake Out|p2b: Lars
|-damage|p2b: Lars|57/100
|move|p1b: Sneasler|Dire Claw|p2b: Lars
|-damage|p2b: Lars|17/100
|cant|p2b: Lars|flinch
|
|-heal|p1b: Sneasler|53/100|[from] Grassy Terrain
|upkeep
|turn|7
|-message|catnip enthusiast forfeited.
|
|win|goodwyn
|l|☆catnip enthusiast
|player|p2|
||catnip enthusiast is ready for game 2.
||catnip enthusiast is ready for game 2.
||goodwyn is ready for game 2.
|uhtml|next|Next: Game 2 of 3
