|j|ŌśåRICHARDHAVOC
|j|ŌśåCorkscrewRacer
|html|RICHARDHAVOCCorkscrewRacer    
|uhtml|bestof|Game 1 of a best-of-3
|t:|1756440075
|gametype|doubles
|player|p1|RICHARDHAVOC|102|1249
|player|p2|CorkscrewRacer|102|1111
|gen|9
|tier|[Gen 9] VGC 2025 Reg H (Bo3)
|rated|
|rule|Species Clause: Limit one of each Pok├®mon
|rule|Item Clause: Limit 1 of each item
|clearpoke
|poke|p1|Whimsicott, L50, M|
|poke|p1|Garchomp, L50, M|
|poke|p1|Gholdengo, L50|
|poke|p1|Incineroar, L50, M|
|poke|p1|Dragonite, L50, M|
|poke|p1|Sneasler, L50, F|
|poke|p2|Sneasler, L50, M|
|poke|p2|Dragapult, L50, F|
|poke|p2|Dondozo, L50, M|
|poke|p2|Tatsugiri, L50, F|
|poke|p2|Incineroar, L50, F|
|poke|p2|Rillaboom, L50, M|
|teampreview|4
|showteam|p1|Whimsicott||FocusSash|Prankster|Moonblast,Tailwind,Encore,Protect|||M|||50|,,,,,Ghost]Garchomp||LifeOrb|RoughSkin|Earthquake,DragonClaw,StompingTantrum,Protect|||M|||50|,,,,,Ground]Gholdengo||ChoiceSpecs|GoodasGold|MakeItRain,ShadowBall,Trick,Protect||||||50|,,,,,Flying]Incineroar||SafetyGoggles|Intimidate|FakeOut,FlareBlitz,KnockOff,PartingShot|||M|||50|,,,,,Ghost]Dragonite||ChoiceBand|InnerFocus|ExtremeSpeed,AerialAce,IceSpinner,Outrage|||M|||50|,,,,,Normal]Sneasler||WhiteHerb|Unburden|FakeOut,DireClaw,CloseCombat,Protect|||F|||50|,,,,,Stellar
|showteam|p2|Sneasler||GrassySeed|Unburden|DireClaw,CloseCombat,Protect,FakeOut|||M|||50|,,,,,Ghost]Dragapult||ChoiceBand|ClearBody|DragonDarts,Outrage,PhantomForce,Uturn|||F|||50|,,,,,Dragon]Dondozo||Leftovers|Unaware|WaveCrash,HeavySlam,OrderUp,Protect|||M|||50|,,,,,Grass]Tatsugiri||LifeOrb|Commander|DracoMeteor,MuddyWater,IcyWind,Protect|||F|||50|,,,,,Stellar]Incineroar||AssaultVest|Intimidate|FakeOut,FlareBlitz,KnockOff,Uturn|||F|||50|,,,,,Ghost]Rillaboom||MiracleSeed|GrassySurge|GrassyGlide,WoodHammer,FakeOut,Taunt|||M|||50|,,,,,Fire
|j| BLiiNDProdiigy
|c| BLiiNDProdiigy|CHEF
|c|ŌśåRICHARDHAVOC|sup charlie
|c|ŌśåCorkscrewRacer|HowŌĆÖve ya been?
|c|ŌśåRICHARDHAVOC|been good
|c|ŌśåCorkscrewRacer|Cool.
|
|t:|1756440147
|teamsize|p1|4
|teamsize|p2|4
|start
|switch|p1a: Whimsicott|Whimsicott, L50, M, shiny|100/100
|switch|p1b: Garchomp|Garchomp, L50, M, shiny|100/100
|switch|p2a: Dragapult|Dragapult, L50, F|100/100
|switch|p2b: Dondozo|Dondozo, L50, M|100/100
|turn|1
|
|t:|1756440182
|move|p1a: Whimsicott|Protect|p1a: Whimsicott
|-singleturn|p1a: Whimsicott|Protect
|move|p1b: Garchomp|Protect|p1b: Garchomp
|-singleturn|p1b: Garchomp|Protect
|move|p2a: Dragapult|U-turn|p1a: Whimsicott
|-activate|p1a: Whimsicott|move: Protect
|move|p2b: Dondozo|Heavy Slam|p1a: Whimsicott
|-activate|p1a: Whimsicott|move: Protect
|
|upkeep
|turn|2
|
|t:|1756440215
|move|p1a: Whimsicott|Tailwind|p1a: Whimsicott
|-sidestart|p1: RICHARDHAVOC|move: Tailwind
|move|p1b: Garchomp|Dragon Claw|p2a: Dragapult
|-supereffective|p2a: Dragapult
|-damage|p2a: Dragapult|0 fnt
|faint|p2a: Dragapult
|-damage|p1b: Garchomp|91/100|[from] item: Life Orb
|move|p2b: Dondozo|Wave Crash|p1b: Garchomp
|-damage|p1b: Garchomp|35/100
|-damage|p2b: Dondozo|88/100|[from] ability: Rough Skin|[of] p1b: Garchomp
|-damage|p2b: Dondozo|73/100|[from] Recoil
|
|-heal|p2b: Dondozo|79/100|[from] item: Leftovers
|upkeep
|
|t:|1756440231
|switch|p2a: Tatsugiri|Tatsugiri, L50, F|100/100
|-activate|p2a: Tatsugiri|ability: Commander|[of] p2b: Dondozo
|-boost|p2b: Dondozo|atk|2
|-boost|p2b: Dondozo|spa|2
|-boost|p2b: Dondozo|spe|2
|-boost|p2b: Dondozo|def|2
|-boost|p2b: Dondozo|spd|2
|turn|3
|
|t:|1756440277
|move|p1a: Whimsicott|Protect|p1a: Whimsicott
|-singleturn|p1a: Whimsicott|Protect
|move|p1b: Garchomp|Protect|p1b: Garchomp
|-singleturn|p1b: Garchomp|Protect
|move|p2b: Dondozo|Heavy Slam|p1a: Whimsicott
|-activate|p1a: Whimsicott|move: Protect
|
|-heal|p2b: Dondozo|85/100|[from] item: Leftovers
|upkeep
|turn|4
|
|t:|1756440297
|switch|p1b: Incineroar|Incineroar, L50, M, shiny|100/100
|-ability|p1b: Incineroar|Intimidate|boost
|-unboost|p2a: Tatsugiri|atk|1
|-unboost|p2b: Dondozo|atk|1
|move|p1a: Whimsicott|Encore|p2b: Dondozo
|-start|p2b: Dondozo|Encore
|move|p2b: Dondozo|Heavy Slam|p1a: Whimsicott
|-supereffective|p1a: Whimsicott
|-enditem|p1a: Whimsicott|Focus Sash
|-damage|p1a: Whimsicott|1/100
|
|-heal|p2b: Dondozo|92/100|[from] item: Leftovers
|upkeep
|turn|5
|
|t:|1756440320
|move|p1b: Incineroar|Fake Out|p2b: Dondozo
|-damage|p2b: Dondozo|88/100
|move|p1a: Whimsicott|Moonblast|p2b: Dondozo
|-damage|p2b: Dondozo|66/100
|-unboost|p2b: Dondozo|spa|1
|cant|p2b: Dondozo|flinch
|
|-heal|p2b: Dondozo|73/100|[from] item: Leftovers
|-sideend|p1: RICHARDHAVOC|move: Tailwind
|upkeep
|turn|6
|
|t:|1756440332
|move|p1a: Whimsicott|Protect|p1a: Whimsicott
|-singleturn|p1a: Whimsicott|Protect
|move|p2b: Dondozo|Heavy Slam|p1a: Whimsicott
|-activate|p1a: Whimsicott|move: Protect
|move|p1b: Incineroar|Parting Shot|p2b: Dondozo
|-unboost|p2b: Dondozo|atk|1
|-unboost|p2b: Dondozo|spa|1
|
|t:|1756440339
|switch|p1b: Gholdengo|Gholdengo, L50, shiny|100/100|[from] Parting Shot
|
|-heal|p2b: Dondozo|79/100|[from] item: Leftovers
|-end|p2b: Dondozo|Encore
|upkeep
|turn|7
|
|t:|1756440361
|move|p1a: Whimsicott|Encore|p2b: Dondozo
|-start|p2b: Dondozo|Encore
|move|p2b: Dondozo|Heavy Slam|p1a: Whimsicott
|-supereffective|p1a: Whimsicott
|-damage|p1a: Whimsicott|0 fnt
|faint|p1a: Whimsicott
|move|p1b: Gholdengo|Shadow Ball|p2b: Dondozo
|-damage|p2b: Dondozo|42/100
|
|-heal|p2b: Dondozo|48/100|[from] item: Leftovers
|upkeep
|
|t:|1756440369
|switch|p1a: Incineroar|Incineroar, L50, M, shiny|100/100
|-ability|p1a: Incineroar|Intimidate|boost
|-unboost|p2a: Tatsugiri|atk|1
|-unboost|p2b: Dondozo|atk|1
|turn|8
|
|t:|1756440378
|move|p1a: Incineroar|Fake Out|p2b: Dondozo
|-damage|p2b: Dondozo|44/100
|cant|p2b: Dondozo|flinch
|move|p1b: Gholdengo|Shadow Ball|p2b: Dondozo
|-damage|p2b: Dondozo|11/100
|
|-heal|p2b: Dondozo|17/100|[from] item: Leftovers
|upkeep
|turn|9
|
|t:|1756440406
|move|p2b: Dondozo|Heavy Slam|p1a: Incineroar
|-resisted|p1a: Incineroar
|-damage|p1a: Incineroar|95/100
|move|p1b: Gholdengo|Shadow Ball|p2b: Dondozo
|-damage|p2b: Dondozo|0 fnt
|faint|p2b: Dondozo
|move|p1a: Incineroar|Parting Shot|p2a: Tatsugiri
|-unboost|p2a: Tatsugiri|atk|1
|-unboost|p2a: Tatsugiri|spa|1
|
|t:|1756440413
|switch|p1a: Garchomp|Garchomp, L50, M, shiny|35/100|[from] Parting Shot
|
|upkeep
|
|t:|1756440420
|switch|p2b: Incineroar|Incineroar, L50, F|100/100
|-ability|p2b: Incineroar|Intimidate|boost
|-unboost|p1a: Garchomp|atk|1
|-unboost|p1b: Gholdengo|atk|1
|turn|10
|
|t:|1756440448
|switch|p1a: Incineroar|Incineroar, L50, M, shiny|95/100
|-ability|p1a: Incineroar|Intimidate|boost
|-unboost|p2a: Tatsugiri|atk|1
|-unboost|p2b: Incineroar|atk|1
|-terastallize|p1b: Gholdengo|Flying
|-terastallize|p2a: Tatsugiri|Stellar
|move|p2b: Incineroar|Fake Out|p1a: Incineroar
|-crit|p1a: Incineroar
|-damage|p1a: Incineroar|76/100
|move|p1b: Gholdengo|Shadow Ball|p2a: Tatsugiri
|-damage|p2a: Tatsugiri|23/100
|-unboost|p2a: Tatsugiri|spd|1
|move|p2a: Tatsugiri|Muddy Water|p1b: Gholdengo|[spread] p1a
|-miss|p2a: Tatsugiri|p1b: Gholdengo
|-supereffective|p1a: Incineroar
|-damage|p1a: Incineroar|16/100
|-unboost|p1a: Incineroar|accuracy|1
|-damage|p2a: Tatsugiri|13/100|[from] item: Life Orb
|
|upkeep
|turn|11
|
|t:|1756440500
|move|p2a: Tatsugiri|Protect|p2a: Tatsugiri
|-singleturn|p2a: Tatsugiri|Protect
|move|p1a: Incineroar|Fake Out|p2b: Incineroar|[miss]
|-miss|p1a: Incineroar|p2b: Incineroar
|move|p1b: Gholdengo|Shadow Ball|p2a: Tatsugiri
|-activate|p2a: Tatsugiri|move: Protect
|move|p2b: Incineroar|Flare Blitz|p1b: Gholdengo
|-damage|p1b: Gholdengo|56/100
|-damage|p2b: Incineroar|89/100|[from] Recoil
|
|upkeep
|turn|12
|
|t:|1756440522
|move|p2a: Tatsugiri|Protect||[still]
|-fail|p2a: Tatsugiri
|move|p1b: Gholdengo|Shadow Ball|p2a: Tatsugiri
|-damage|p2a: Tatsugiri|0 fnt
|faint|p2a: Tatsugiri
|move|p1a: Incineroar|Parting Shot|p2b: Incineroar
|-unboost|p2b: Incineroar|atk|1
|-unboost|p2b: Incineroar|spa|1
|
|t:|1756440527
|switch|p1a: Garchomp|Garchomp, L50, M, shiny|35/100|[from] Parting Shot
|move|p2b: Incineroar|Knock Off|p1a: Garchomp
|-damage|p1a: Garchomp|12/100
|-damage|p2b: Incineroar|76/100|[from] ability: Rough Skin|[of] p1a: Garchomp
|-enditem|p1a: Garchomp|Life Orb|[from] move: Knock Off|[of] p2b: Incineroar
|
|upkeep
|turn|13
|
|t:|1756440542
|move|p1a: Garchomp|Earthquake|p2b: Incineroar|[spread] p2b
|-immune|p1b: Gholdengo
|-supereffective|p2b: Incineroar
|-damage|p2b: Incineroar|0 fnt
|faint|p2b: Incineroar
|
|win|RICHARDHAVOC
||RICHARDHAVOC is ready for game 2.
||CorkscrewRacer is ready for game 2.
|uhtml|next|Next: Game 2 of 3
|l| BLiiNDProdiigy
