|j|☆LimYYY
|j|☆starsmile
|html|LimYYYstarsmile    
|uhtml|bestof|Game 1 of a best-of-3
|t:|1785592970
|gametype|doubles
|player|p1|LimYYY|101|
|player|p2|starsmile|schoolkid-gen4|
|gen|9
|tier|[Gen 9 Champions] VGC 2026 Reg M-B (Bo3)
|rule|Species Clause: Limit one of each Pokémon
|rule|Item Clause: Limit 1 of each item
|clearpoke
|poke|p1|Kangaskhan, L50, F, shiny|
|poke|p1|Toxapex, L50, M|
|poke|p1|Incineroar, L50, M|
|poke|p1|Grimmsnarl, L50, M, shiny|
|poke|p1|Pelipper, L50, F|
|poke|p1|Archaludon, L50, F|
|poke|p2|Charizard, L50, M, shiny|
|poke|p2|Maushold, L50|
|poke|p2|Garchomp, L50, F|
|poke|p2|Whimsicott, L50, M|
|poke|p2|Annihilape, L50, F|
|poke|p2|Floette-Eternal, L50, F|
|teampreview|4
|showteam|p1|Kangaskhan||Kangaskhanite|Scrappy|BodySlam,FakeOut,RockSlide,SuckerPunch|Adamant||F|||50|]Toxapex||QuickClaw|Regenerator|Infestation,WideGuard,Recover,IcyWind|Calm||M|||50|]Incineroar||PasshoBerry|Intimidate|FlareBlitz,DarkestLariat,FakeOut,PartingShot|Impish||M|||50|]Grimmsnarl||LightClay|Prankster|SpiritBreak,LightScreen,Reflect,PartingShot|Jolly||M|||50|]Pelipper||FocusSash|Drizzle|WeatherBall,Hurricane,Tailwind,WideGuard|Timid||F|||50|]Archaludon||Leftovers|Stamina|DragonPulse,ElectroShot,Protect,FlashCannon|Modest||F|||50|
|showteam|p2|Charizard||CharizarditeY|Blaze|HeatWave,WeatherBall,SolarBeam,Protect|Modest||M|||50|]Maushold||WideLens|Technician|PopulationBomb,Taunt,FollowMe,Protect|Jolly|||||50|]Garchomp||LifeOrb|RoughSkin|Earthquake,DragonClaw,RockSlide,Protect|Jolly||F|||50|]Whimsicott||SitrusBerry|Prankster|Moonblast,Tailwind,WorrySeed,SunnyDay|Bold||M|||50|]Annihilape||FocusSash|Defiant|CloseCombat,RageFist,IcePunch,Protect|Adamant||F|||50|]Floette-Eternal||Floettite|FlowerVeil|DazzlingGleam,Moonblast,LightofRuin,Protect|Modest||F|||50|
|j| Luian VGC
|j| hanfugun
|j| Jason0103
|j| eight-clouds
|l| eight-clouds
|j| eight-clouds
|
|t:|1785593048
|teamsize|p1|4
|teamsize|p2|4
|start
|switch|p1a: Kangaskhan|Kangaskhan, L50, F, shiny|100/100
|switch|p1b: Grimmsnarl|Grimmsnarl, L50, M, shiny|100/100
|switch|p2a: 林北不好惹|Annihilape, L50, F|100/100
|switch|p2b: 我只開8槍|Maushold, L50|100/100
|turn|1
|j| Tera Ozone
|j| Hankk1995
|
|t:|1785593108
|move|p2a: 林北不好惹|Protect|p2a: 林北不好惹
|-singleturn|p2a: 林北不好惹|Protect
|move|p1b: Grimmsnarl|Reflect|p1b: Grimmsnarl
|-sidestart|p1: LimYYY|Reflect
|move|p2b: 我只開8槍|Population Bomb|p1b: Grimmsnarl
|-damage|p1b: Grimmsnarl|91/100
|-damage|p1b: Grimmsnarl|81/100
|-damage|p1b: Grimmsnarl|72/100
|-damage|p1b: Grimmsnarl|62/100
|-damage|p1b: Grimmsnarl|54/100
|-damage|p1b: Grimmsnarl|45/100
|-damage|p1b: Grimmsnarl|35/100
|-damage|p1b: Grimmsnarl|25/100
|-damage|p1b: Grimmsnarl|16/100
|-damage|p1b: Grimmsnarl|6/100
|-hitcount|p1b: Grimmsnarl|10
|move|p1a: Kangaskhan|Body Slam|p2b: 我只開8槍
|-damage|p2b: 我只開8槍|38/100
|
|upkeep
|turn|2
|
|t:|1785593152
|detailschange|p1a: Kangaskhan|Kangaskhan-Mega, L50, F, shiny
|-mega|p1a: Kangaskhan|Kangaskhan|Kangaskhanite
|move|p1b: Grimmsnarl|Light Screen|p1b: Grimmsnarl
|-sidestart|p1: LimYYY|move: Light Screen
|move|p2b: 我只開8槍|Population Bomb|p1b: Grimmsnarl
|-crit|p1b: Grimmsnarl
|-damage|p1b: Grimmsnarl|0 fnt
|faint|p1b: Grimmsnarl
|-hitcount|p1: Grimmsnarl|1
|move|p2a: 林北不好惹|Close Combat|p1a: Kangaskhan
|-supereffective|p1a: Kangaskhan|1
|-damage|p1a: Kangaskhan|26/100
|-unboost|p2a: 林北不好惹|def|1
|-unboost|p2a: 林北不好惹|spd|1
|move|p1a: Kangaskhan|Body Slam|p2b: 我只開8槍
|-damage|p2b: 我只開8槍|0 fnt
|faint|p2b: 我只開8槍
|
|upkeep
|inactive|Battle timer is ON: inactive players will automatically lose when time's up. (requested by LimYYY)
|
|t:|1785593177
|switch|p2b: 黑龍大欸|Charizard, L50, M, shiny|100/100
|switch|p1b: Archaludon|Archaludon, L50, F|100/100
|turn|3
|j| FongSC
|l| FongSC
|inactive|starsmile has 30 seconds left.
|
|t:|1785593208
|switch|p1a: Pelipper|Pelipper, L50, F|100/100
|-weather|RainDance|[from] ability: Drizzle|[of] p1a: Pelipper
|move|p2a: 林北不好惹|Close Combat|p1b: Archaludon
|-supereffective|p1b: Archaludon|1
|-damage|p1b: Archaludon|38/100
|-unboost|p2a: 林北不好惹|def|1
|-unboost|p2a: 林北不好惹|spd|1
|-ability|p1b: Archaludon|Stamina|boost
|-boost|p1b: Archaludon|def|1
|move|p2b: 黑龍大欸|Weather Ball|p1a: Pelipper
|-resisted|p1a: Pelipper|1
|-damage|p1a: Pelipper|80/100
|move|p1b: Archaludon|Electro Shot||[still]
|-prepare|p1b: Archaludon|Electro Shot
|-boost|p1b: Archaludon|spa|1
|-anim|p1b: Archaludon|Electro Shot|p2b: 黑龍大欸
|-supereffective|p2b: 黑龍大欸|1
|-damage|p2b: 黑龍大欸|0 fnt
|faint|p2b: 黑龍大欸
|
|-weather|RainDance|[upkeep]
|-heal|p1b: Archaludon|44/100|[from] item: Leftovers
|upkeep
|
|t:|1785593231
|switch|p2b: 吉祥物|Whimsicott, L50, M|100/100
|turn|4
|inactive|starsmile has 30 seconds left.
|
|t:|1785593265
|move|p1b: Archaludon|Protect|p1b: Archaludon
|-singleturn|p1b: Archaludon|Protect
|move|p2b: 吉祥物|Sunny Day|p2b: 吉祥物
|-weather|SunnyDay
|move|p2a: 林北不好惹|Close Combat|p1b: Archaludon
|-activate|p1b: Archaludon|move: Protect
|move|p1a: Pelipper|Hurricane|p2b: 吉祥物|[miss]
|-miss|p1a: Pelipper|p2b: 吉祥物
|
|-weather|SunnyDay|[upkeep]
|-heal|p1b: Archaludon|50/100g|[from] item: Leftovers
|upkeep
|turn|5
|inactive|LimYYY has 30 seconds left.
|inactive|starsmile has 30 seconds left.
|
|t:|1785593300
|move|p2a: 林北不好惹|Close Combat|p1a: Pelipper
|-resisted|p1a: Pelipper|1
|-damage|p1a: Pelipper|57/100
|-unboost|p2a: 林北不好惹|def|1
|-unboost|p2a: 林北不好惹|spd|1
|move|p2b: 吉祥物|Moonblast|p1b: Archaludon
|-crit|p1b: Archaludon
|-damage|p1b: Archaludon|0 fnt
|faint|p1b: Archaludon
|move|p1a: Pelipper|Weather Ball|p2b: 吉祥物
|-supereffective|p2b: 吉祥物|1
|-damage|p2b: 吉祥物|23/100
|-enditem|p2b: 吉祥物|Sitrus Berry|[eat]
|-heal|p2b: 吉祥物|47/100|[from] item: Sitrus Berry
|
|-weather|SunnyDay|[upkeep]
|upkeep
|
|t:|1785593310
|switch|p1b: Kangaskhan|Kangaskhan-Mega, L50, F, shiny|26/100
|turn|6
|l| eight-clouds
|inactive|starsmile has 30 seconds left.
|
|t:|1785593344
|move|p1b: Kangaskhan|Sucker Punch|p2a: 林北不好惹
|-damage|p2a: 林北不好惹|27/100
|-damage|p2a: 林北不好惹|11/100
|-hitcount|p2a: 林北不好惹|2
|move|p2a: 林北不好惹|Rage Fist|p1a: Pelipper
|-damage|p1a: Pelipper|4/100
|move|p2b: 吉祥物|Moonblast|p1b: Kangaskhan
|-damage|p1b: Kangaskhan|11/100
|move|p1a: Pelipper|Weather Ball|p2b: 吉祥物
|-supereffective|p2b: 吉祥物|1
|-damage|p2b: 吉祥物|0 fnt
|faint|p2b: 吉祥物
|
|-weather|SunnyDay|[upkeep]
|upkeep
|turn|7
|
|t:|1785593363
|move|p2a: 林北不好惹|Protect|p2a: 林北不好惹
|-singleturn|p2a: 林北不好惹|Protect
|move|p1b: Kangaskhan|Sucker Punch||[still]
|-fail|p1b: Kangaskhan
|move|p1a: Pelipper|Weather Ball|p2a: 林北不好惹
|-activate|p2a: 林北不好惹|move: Protect
|
|-weather|SunnyDay|[upkeep]
|upkeep
|turn|8
|
|t:|1785593376
|move|p1b: Kangaskhan|Sucker Punch|p2a: 林北不好惹
|-damage|p2a: 林北不好惹|0 fnt
|faint|p2a: 林北不好惹
|
|win|LimYYY
||LimYYY is ready for game 2.
||starsmile is ready for game 2.
|uhtml|next|Next: Game 2 of 3
|l| Tera Ozone
|l| hanfugun
|j| hanfugun
|l| hanfugun
|l| Luian VGC
|l|☆starsmile
|player|p2|
|j| benlulu
|l|☆LimYYY
|player|p1|
|j| hanfugun
|l| hanfugun
|j| Luian VGC
|l| Luian VGC
|j| Luian VGC
|l| Luian VGC
|l| Hankk1995
|j|☆LimYYY
|player|p1|LimYYY|101|
