|j|☆mysteriousmothman
|j|☆TheRealKenKaniff
|html|mysteriousmothmanTheRealKenKaniff    
|uhtml|bestof|Game 1 of a best-of-3
|t:|1756152623
|gametype|doubles
|player|p1|mysteriousmothman|skier|1182
|player|p2|TheRealKenKaniff|cynthia|1262
|gen|9
|tier|[Gen 9] VGC 2025 Reg H (Bo3)
|rated|
|rule|Species Clause: Limit one of each Pokémon
|rule|Item Clause: Limit 1 of each item
|clearpoke
|poke|p1|Porygon2, L50|
|poke|p1|Hydreigon, L50, F|
|poke|p1|Incineroar, L50, M|
|poke|p1|Garchomp, L50, F|
|poke|p1|Amoonguss, L50, M|
|poke|p1|Gholdengo, L50|
|poke|p2|Sneasler, L50, F|
|poke|p2|Ursaluna-Bloodmoon, L50, M|
|poke|p2|Gholdengo, L50|
|poke|p2|Amoonguss, L50, M|
|poke|p2|Tyranitar, L50, F|
|poke|p2|Whimsicott, L50, M|
|teampreview|4
|showteam|p1|Porygon2||Eviolite|Download|TeraBlast,IceBeam,TrickRoom,Recover||||||50|,,,,,Fighting]Hydreigon||SafetyGoggles|Levitate|Snarl,DracoMeteor,Tailwind,Protect|||F|||50|,,,,,Ghost]Incineroar||SitrusBerry|Intimidate|FlareBlitz,KnockOff,PartingShot,FakeOut|||M|||50|,,,,,Grass]Garchomp||LoadedDice|RoughSkin|ScaleShot,Earthquake,StompingTantrum,Protect|||F|||50|,,,,,Fire]Amoonguss||CovertCloak|Regenerator|PollenPuff,Spore,RagePowder,Protect|||M|||50|,,,,,Fire]Gholdengo||MetalCoat|GoodasGold|MakeItRain,ShadowBall,NastyPlot,Protect||||||50|,,,,,Flying
|showteam|p2|Sneasler||WhiteHerb|Unburden|Protect,DireClaw,CloseCombat,FakeOut|||F|||50|,,,,,Stellar]Ursaluna-Bloodmoon||LifeOrb|MindsEye|Protect,HyperVoice,EarthPower,BloodMoon|||M|||50|,,,,,Normal]Gholdengo||MetalCoat|GoodasGold|Protect,MakeItRain,ShadowBall,NastyPlot||||||50|,,,,,Steel]Amoonguss||MentalHerb|Regenerator|Protect,RagePowder,PollenPuff,Spore|||M|||50|,,,,,Water]Tyranitar||AssaultVest|SandStream|RockSlide,KnockOff,HighHorsepower,LowKick|||F|||50|,,,,,Ghost]Whimsicott||FocusSash|Prankster|Moonblast,Tailwind,Encore,Endeavor|||M|||50|,,,,,Ghost
|inactive|Battle timer is ON: inactive players will automatically lose when time's up. (requested by TheRealKenKaniff)
|inactive|mysteriousmothman has 60 seconds left.
|inactive|TheRealKenKaniff has 60 seconds left.
|inactive|mysteriousmothman has 30 seconds left.
|inactive|TheRealKenKaniff has 30 seconds left.
|inactive|mysteriousmothman has 20 seconds left.
|inactive|mysteriousmothman has 15 seconds left.
|inactive|mysteriousmothman has 10 seconds left.
|
|t:|1756152704
|teamsize|p1|4
|teamsize|p2|4
|start
|switch|p1a: Incineroar|Incineroar, L50, M, shiny|100/100
|switch|p1b: Hydreigon|Hydreigon, L50, F, shiny|100/100
|switch|p2a: Sneasler|Sneasler, L50, F|100/100
|switch|p2b: Gholdengo|Gholdengo, L50|100/100
|-ability|p1a: Incineroar|Intimidate|boost
|-unboost|p2a: Sneasler|atk|1
|-unboost|p2b: Gholdengo|atk|1
|-enditem|p2a: Sneasler|White Herb
|-clearnegativeboost|p2a: Sneasler|[silent]
|turn|1
|inactive|TheRealKenKaniff has 30 seconds left.
|inactive|TheRealKenKaniff has 20 seconds left.
|inactive|TheRealKenKaniff has 15 seconds left.
|
|t:|1756152748
|switch|p1a: Gholdengo|Gholdengo, L50, shiny|100/100
|-terastallize|p1b: Hydreigon|Ghost
|-terastallize|p2b: Gholdengo|Steel
|move|p2a: Sneasler|Fake Out|p1a: Gholdengo
|-immune|p1a: Gholdengo
|move|p1b: Hydreigon|Tailwind|p1b: Hydreigon
|-sidestart|p1: mysteriousmothman|move: Tailwind
|move|p2b: Gholdengo|Nasty Plot|p2b: Gholdengo
|-boost|p2b: Gholdengo|spa|2
|
|upkeep
|turn|2
|inactive|TheRealKenKaniff has 30 seconds left.
|inactive|mysteriousmothman has 30 seconds left.
|inactive|TheRealKenKaniff has 20 seconds left.
|inactive|TheRealKenKaniff has 15 seconds left.
|inactive|TheRealKenKaniff has 10 seconds left.
|
|t:|1756152795
|move|p1a: Gholdengo|Protect|p1a: Gholdengo
|-singleturn|p1a: Gholdengo|Protect
|move|p2a: Sneasler|Dire Claw|p1b: Hydreigon
|-resisted|p1b: Hydreigon
|-damage|p1b: Hydreigon|77/100
|move|p1b: Hydreigon|Snarl|p2b: Gholdengo|[spread] p2a,p2b
|-resisted|p2a: Sneasler
|-damage|p2a: Sneasler|86/100
|-damage|p2b: Gholdengo|82/100
|-unboost|p2a: Sneasler|spa|1
|-unboost|p2b: Gholdengo|spa|1
|move|p2b: Gholdengo|Make It Rain|p1a: Gholdengo|[spread] p1b
|-activate|p1a: Gholdengo|move: Protect
|-damage|p1b: Hydreigon|0 fnt
|-unboost|p2b: Gholdengo|spa|1
|faint|p1b: Hydreigon
|
|upkeep
|
|t:|1756152811
|switch|p1b: Incineroar|Incineroar, L50, M, shiny|100/100
|-ability|p1b: Incineroar|Intimidate|boost
|-unboost|p2a: Sneasler|atk|1
|-unboost|p2b: Gholdengo|atk|1
|turn|3
|inactive|TheRealKenKaniff has 30 seconds left.
|inactive|TheRealKenKaniff has 20 seconds left.
|
|t:|1756152847
|move|p2a: Sneasler|Close Combat|p1b: Incineroar
|-supereffective|p1b: Incineroar
|-damage|p1b: Incineroar|21/100
|-unboost|p2a: Sneasler|def|1
|-unboost|p2a: Sneasler|spd|1
|-enditem|p1b: Incineroar|Sitrus Berry|[eat]
|-heal|p1b: Incineroar|46/100|[from] item: Sitrus Berry
|move|p1b: Incineroar|Flare Blitz|p2b: Gholdengo
|-supereffective|p2b: Gholdengo
|-damage|p2b: Gholdengo|0 fnt
|faint|p2b: Gholdengo
|-damage|p1b: Incineroar|21/100|[from] Recoil
|move|p1a: Gholdengo|Nasty Plot|p1a: Gholdengo
|-boost|p1a: Gholdengo|spa|2
|
|upkeep
|
|t:|1756152859
|switch|p2b: Whimsicott|Whimsicott, L50, M|100/100
|turn|4
|inactive|mysteriousmothman has 30 seconds left.
|inactive|TheRealKenKaniff has 30 seconds left.
|
|t:|1756152894
|move|p2b: Whimsicott|Tailwind|p2b: Whimsicott
|-sidestart|p2: TheRealKenKaniff|move: Tailwind
|move|p2a: Sneasler|Close Combat|p1b: Incineroar
|-supereffective|p1b: Incineroar
|-damage|p1b: Incineroar|0 fnt
|-unboost|p2a: Sneasler|def|1
|-unboost|p2a: Sneasler|spd|1
|faint|p1b: Incineroar
|move|p1a: Gholdengo|Make It Rain|p2a: Sneasler|[spread] p2a,p2b
|-supereffective|p2b: Whimsicott
|-damage|p2a: Sneasler|0 fnt
|-enditem|p2b: Whimsicott|Focus Sash
|-damage|p2b: Whimsicott|1/100
|-unboost|p1a: Gholdengo|spa|1
|faint|p2a: Sneasler
|
|-sideend|p1: mysteriousmothman|move: Tailwind
|upkeep
|
|t:|1756152909
|switch|p2a: Ursaluna|Ursaluna-Bloodmoon, L50, M|100/100
|switch|p1b: Porygon2|Porygon2, L50, shiny|100/100
|-ability|p1b: Porygon2|Download|boost
|-boost|p1b: Porygon2|spa|1
|turn|5
|inactive|mysteriousmothman has 30 seconds left.
|inactive|TheRealKenKaniff has 30 seconds left.
|inactive|mysteriousmothman has 20 seconds left.
|
|t:|1756152948
|move|p1a: Gholdengo|Protect|p1a: Gholdengo
|-singleturn|p1a: Gholdengo|Protect
|move|p2b: Whimsicott|Endeavor|p1b: Porygon2
|-damage|p1b: Porygon2|1/100
|move|p2a: Ursaluna|Earth Power|p1a: Gholdengo
|-activate|p1a: Gholdengo|move: Protect
|move|p1b: Porygon2|Trick Room|p1b: Porygon2
|-fieldstart|move: Trick Room|[of] p1b: Porygon2
|
|upkeep
|turn|6
|
|t:|1756152966
|move|p2b: Whimsicott|Encore|p1b: Porygon2
|-start|p1b: Porygon2|Encore
|move|p1b: Porygon2|Trick Room|p1b: Porygon2
|-fieldend|move: Trick Room
|move|p2a: Ursaluna|Earth Power|p1a: Gholdengo
|-supereffective|p1a: Gholdengo
|-damage|p1a: Gholdengo|0 fnt
|faint|p1a: Gholdengo
|-damage|p2a: Ursaluna|91/100|[from] item: Life Orb
|
|upkeep
|turn|7
|-message|mysteriousmothman forfeited.
|
|win|TheRealKenKaniff
||mysteriousmothman is ready for game 2.
