|j|☆jscullan
|j|☆drmwvr
|html|jscullandrmwvr    
|uhtml|bestof|Game 2 of a best-of-3
|t:|1783194563
|gametype|doubles
|player|p1|jscullan|170|
|player|p2|drmwvr|nemona-s|
|gen|9
|tier|[Gen 9 Champions] VGC 2026 Reg M-B (Bo3)
|rule|Species Clause: Limit one of each Pokémon
|rule|Item Clause: Limit 1 of each item
|clearpoke
|poke|p1|Meganium, L50, F|
|poke|p1|Grimmsnarl, L50, M|
|poke|p1|Talonflame, L50, F|
|poke|p1|Tyranitar, L50, M|
|poke|p1|Gallade, L50, M|
|poke|p1|Kingambit, L50, F|
|poke|p2|Charizard, L50, F|
|poke|p2|Floette-Eternal, L50, F|
|poke|p2|Whimsicott, L50, M|
|poke|p2|Garchomp, L50, M|
|poke|p2|Basculegion, L50, M|
|poke|p2|Kingambit, L50, F|
|teampreview|4
|showteam|p1|Meganium||Meganiumite|LeafGuard|SolarBeam,Synthesis,WeatherBall,DazzlingGleam|Modest||F|||50|]Grimmsnarl||LightClay|Prankster|LightScreen,Reflect,PartingShot,SpiritBreak|Impish||M|||50|]Talonflame||FocusSash|GaleWings|Tailwind,Roost,BraveBird,FlareBlitz|Adamant||F|||50|]Tyranitar||Tyranitarite|SandStream|StoneEdge,Crunch,StompingTantrum,Protect|Adamant||M|||50|]Gallade||MuscleBand|Sharpness|Protect,SacredSword,PsychoCut,SwordsDance|Adamant||M|||50|]Kingambit||BlackGlasses|Defiant|IronHead,SuckerPunch,KowtowCleave,Protect|Adamant||F|||50|
|showteam|p2|Charizard||CharizarditeY|SolarPower|HeatWave,SolarBeam,WeatherBall,Protect|Timid||F|||50|]Floette-Eternal||Floettite|FlowerVeil|Moonblast,DazzlingGleam,Psychic,Protect|Modest||F|||50|]Whimsicott||FairyFeather|Prankster|Moonblast,Tailwind,Encore,Protect|Timid||M|||50|]Garchomp||LumBerry|RoughSkin|DragonClaw,StompingTantrum,RockSlide,Protect|Adamant||M|||50|]Basculegion||SitrusBerry|Adaptability|WaveCrash,AquaJet,LastRespects,Protect|Adamant||M|||50|]Kingambit||BlackGlasses|Defiant|KowtowCleave,SuckerPunch,IronHead,Protect|Brave||F|||50|
|j| JacintheJasimp
|
|t:|1783194616
|teamsize|p1|4
|teamsize|p2|4
|start
|switch|p1a: Birb|Talonflame, L50, F|100/100
|switch|p1b: Kingumby|Kingambit, L50, F|100/100
|switch|p2a: Garchomp|Garchomp, L50, M|100/100
|switch|p2b: Basculegion|Basculegion, L50, M|100/100
|turn|1
|
|t:|1783194636
|move|p1a: Birb|Brave Bird|p2a: Garchomp
|-damage|p2a: Garchomp|53/100
|-damage|p1a: Birb|87/100|[from] ability: Rough Skin|[of] p2a: Garchomp
|-damage|p1a: Birb|69/100|[from] Recoil
|move|p2b: Basculegion|Aqua Jet|p1a: Birb
|-supereffective|p1a: Birb|1
|-damage|p1a: Birb|0 fnt
|faint|p1a: Birb
|move|p1b: Kingumby|Sucker Punch|p2a: Garchomp
|-damage|p2a: Garchomp|13/100
|-damage|p1b: Kingumby|88/100|[from] ability: Rough Skin|[of] p2a: Garchomp
|move|p2a: Garchomp|Rock Slide|p1b: Kingumby
|-resisted|p1b: Kingumby|1
|-damage|p1b: Kingumby|77/100
|
|upkeep
|
|t:|1783194653
|switch|p1a: BGHM|Grimmsnarl, L50, M|100/100
|turn|2
|
|t:|1783194672
|switch|p2a: Kingambit|Kingambit, L50, F|100/100
|move|p1a: BGHM|Reflect|p1a: BGHM
|-sidestart|p1: jscullan|Reflect
|move|p2b: Basculegion|Wave Crash|p1b: Kingumby
|-damage|p1b: Kingumby|36/100
|-damage|p2b: Basculegion|88/100|[from] Recoil
|move|p1b: Kingumby|Kowtow Cleave|p2b: Basculegion
|-supereffective|p2b: Basculegion|1
|-damage|p2b: Basculegion|0 fnt
|faint|p2b: Basculegion
|
|upkeep
|
|t:|1783194686
|switch|p2b: Charizard|Charizard, L50, F|100/100
|turn|3
|
|t:|1783194755
|move|p2b: Charizard|Protect|p2b: Charizard
|-singleturn|p2b: Charizard|Protect
|move|p1a: BGHM|Light Screen|p1a: BGHM
|-sidestart|p1: jscullan|move: Light Screen
|move|p1b: Kingumby|Sucker Punch||[still]
|-fail|p1b: Kingumby
|move|p2a: Kingambit|Iron Head|p1a: BGHM
|-supereffective|p1a: BGHM|1
|-damage|p1a: BGHM|41/100
|
|upkeep
|turn|4
|
|t:|1783194793
|detailschange|p2b: Charizard|Charizard-Mega-Y, L50, F
|-mega|p2b: Charizard|Charizard|Charizardite Y
|-weather|SunnyDay|[from] ability: Drought|[of] p2b: Charizard
|move|p1b: Kingumby|Sucker Punch|p2b: Charizard
|-damage|p2b: Charizard|29/100
|move|p2b: Charizard|Weather Ball|p1b: Kingumby
|-supereffective|p1b: Kingumby|1
|-damage|p1b: Kingumby|0 fnt
|faint|p1b: Kingumby
|move|p1a: BGHM|Spirit Break|p2a: Kingambit
|-damage|p2a: Kingambit|75/100
|-unboost|p2a: Kingambit|spa|1
|-ability|p2a: Kingambit|Defiant|boost
|-boost|p2a: Kingambit|atk|2
|move|p2a: Kingambit|Iron Head|p1a: BGHM
|-supereffective|p1a: BGHM|1
|-damage|p1a: BGHM|0 fnt
|faint|p1a: BGHM
|
|-weather|SunnyDay|[upkeep]
|upkeep
|
|t:|1783194812
|switch|p1a: Y|Tyranitar, L50, M|100/100
|-weather|Sandstorm|[from] ability: Sand Stream|[of] p1a: Y
|turn|5
|
|t:|1783194829
|switch|p2b: Garchomp|Garchomp, L50, M|13/100
|detailschange|p1a: Y|Tyranitar-Mega, L50, M
|-mega|p1a: Y|Tyranitar|Tyranitarite
|move|p1a: Y|Crunch|p2b: Garchomp
|-damage|p2b: Garchomp|0 fnt
|-damage|p1a: Y|88/100|[from] ability: Rough Skin|[of] p2b: Garchomp
|faint|p2b: Garchomp
|move|p2a: Kingambit|Iron Head|p1a: Y
|-supereffective|p1a: Y|1
|-damage|p1a: Y|14/100
|
|-weather|Sandstorm|[upkeep]
|upkeep
|
|t:|1783194840
|switch|p2b: Charizard|Charizard-Mega-Y, L50, F|29/100
|-weather|SunnyDay|[from] ability: Drought|[of] p2b: Charizard
|turn|6
|
|t:|1783194853
|move|p1a: Y|Protect|p1a: Y
|-singleturn|p1a: Y|Protect
|move|p2b: Charizard|Solar Beam||[still]
|-prepare|p2b: Charizard|Solar Beam
|-anim|p2b: Charizard|Solar Beam|p1a: Y
|-activate|p1a: Y|move: Protect
|move|p2a: Kingambit|Iron Head|p1a: Y
|-activate|p1a: Y|move: Protect
|
|-weather|SunnyDay|[upkeep]
|upkeep
|turn|7
|
|t:|1783194867
|move|p2b: Charizard|Solar Beam||[still]
|-prepare|p2b: Charizard|Solar Beam
|-anim|p2b: Charizard|Solar Beam|p1a: Y
|-supereffective|p1a: Y|1
|-damage|p1a: Y|0 fnt
|faint|p1a: Y
|
|win|drmwvr
|l|☆jscullan
|player|p1|
