|j|☆viivnz
|j|☆sedrav
|html|viivnzsedrav    
|uhtml|bestof|Game 3 of a best-of-3
|t:|1756430215
|gametype|doubles
|player|p1|viivnz|1|1196
|player|p2|sedrav|hilbert|1230
|gen|9
|tier|[Gen 9] VGC 2025 Reg H (Bo3)
|rated|
|rule|Species Clause: Limit one of each Pokémon
|rule|Item Clause: Limit 1 of each item
|clearpoke
|poke|p1|Indeedee-F, L50, F|
|poke|p1|Armarouge, L50, M|
|poke|p1|Ursaluna, L50, M|
|poke|p1|Porygon2, L50|
|poke|p1|Annihilape, L50, F|
|poke|p1|Tyranitar, L50, F|
|poke|p2|Dragonite, L50, F|
|poke|p2|Rillaboom, L50, F|
|poke|p2|Arcanine-Hisui, L50, M|
|poke|p2|Sneasler, L50, F|
|poke|p2|Ninetales-Alola, L50, M|
|poke|p2|Gholdengo, L50|
|teampreview|4
|showteam|p1|Indeedee-F||SafetyGoggles|PsychicSurge|DazzlingGleam,TrickRoom,FollowMe,HelpingHand|||F|||50|,,,,,Fairy]Armarouge||LifeOrb|FlashFire|HeatWave,ExpandingForce,ArmorCannon,TrickRoom|||M|||50|,,,,,Grass]Ursaluna||FlameOrb|Guts|HeadlongRush,Facade,Substitute,Protect|||M|||50|,,,,,Ground]Porygon2||Eviolite|Download|TeraBlast,IceBeam,TrickRoom,Recover||||||50|,,,,,Ground]Annihilape||ChoiceScarf|Defiant|CloseCombat,RageFist,FinalGambit,Coaching|||F|||50|,,,,,Dark]Tyranitar||AssaultVest|SandStream|RockSlide,KnockOff,HighHorsepower,TeraBlast|||F|||50|,,,,,Flying
|showteam|p2|Dragonite||LoadedDice|Multiscale|ScaleShot,Tailwind,StompingTantrum,Protect|||F|||50|,,,,,Ground]Rillaboom||AssaultVest|GrassySurge|DrumBeating,GrassyGlide,HighHorsepower,FakeOut|||F|||50|,,,,,Fire]Arcanine-Hisui||ClearAmulet|Intimidate|FlareBlitz,RockSlide,ExtremeSpeed,Protect|||M|||50|,,,,,Water]Sneasler||WhiteHerb|Unburden|CloseCombat,DireClaw,Coaching,Protect|||F|||50|,,,,,Ghost]Ninetales-Alola||FocusSash|SnowWarning|Blizzard,Encore,IcyWind,AuroraVeil|||M|||50|,,,,,Ghost]Gholdengo||GrassySeed|GoodasGold|MakeItRain,ShadowBall,NastyPlot,Protect||||||50|,,,,,Water
|inactive|Battle timer is ON: inactive players will automatically lose when time's up. (requested by sedrav)
|
|t:|1756430249
|teamsize|p1|4
|teamsize|p2|4
|start
|switch|p1a: Porygon2|Porygon2, L50|100/100
|switch|p1b: Annihilape|Annihilape, L50, F|100/100
|switch|p2a: Rillaboom|Rillaboom, L50, F|100/100
|switch|p2b: Gholdengo|Gholdengo, L50|100/100
|-fieldstart|move: Grassy Terrain|[from] ability: Grassy Surge|[of] p2a: Rillaboom
|-enditem|p2b: Gholdengo|Grassy Seed
|-boost|p2b: Gholdengo|def|1|[from] item: Grassy Seed
|-ability|p1a: Porygon2|Download|boost
|-boost|p1a: Porygon2|spa|1
|turn|1
|
|t:|1756430271
|move|p2a: Rillaboom|Fake Out|p1a: Porygon2
|-damage|p1a: Porygon2|92/100
|move|p1b: Annihilape|Final Gambit|p2a: Rillaboom
|-damage|p2a: Rillaboom|0 fnt
|faint|p1b: Annihilape
|faint|p2a: Rillaboom
|move|p2b: Gholdengo|Nasty Plot|p2b: Gholdengo
|-boost|p2b: Gholdengo|spa|2
|cant|p1a: Porygon2|flinch
|
|-heal|p1a: Porygon2|98/100|[from] Grassy Terrain
|upkeep
|
|t:|1756430296
|switch|p1b: Indeedee|Indeedee-F, L50, F|100/100
|switch|p2a: Sneasler|Sneasler, L50, F|100/100
|-fieldstart|move: Psychic Terrain|[from] ability: Psychic Surge|[of] p1b: Indeedee
|turn|2
|
|t:|1756430318
|switch|p2a: Ninetales|Ninetales-Alola, L50, M|100/100
|-weather|Snowscape|[from] ability: Snow Warning|[of] p2a: Ninetales
|move|p1b: Indeedee|Follow Me|p1b: Indeedee
|-singleturn|p1b: Indeedee|move: Follow Me
|move|p2b: Gholdengo|Nasty Plot|p2b: Gholdengo
|-boost|p2b: Gholdengo|spa|2
|move|p1a: Porygon2|Trick Room|p1a: Porygon2
|-fieldstart|move: Trick Room|[of] p1a: Porygon2
|
|-weather|Snowscape|[upkeep]
|upkeep
|turn|3
|inactive|viivnz has 30 seconds left.
|
|t:|1756430347
|switch|p1b: Armarouge|Armarouge, L50, M|100/100
|-terastallize|p1a: Porygon2|Ground
|move|p2b: Gholdengo|Protect|p2b: Gholdengo
|-singleturn|p2b: Gholdengo|Protect
|move|p1a: Porygon2|Tera Blast|p2b: Gholdengo|[anim] Tera Blast Ground
|-activate|p2b: Gholdengo|move: Protect
|move|p2a: Ninetales|Aurora Veil|p2a: Ninetales
|-sidestart|p2: sedrav|move: Aurora Veil
|
|-weather|Snowscape|[upkeep]
|upkeep
|turn|4
|inactive|sedrav has 30 seconds left.
|
|t:|1756430379
|-terastallize|p2b: Gholdengo|Water
|move|p1b: Armarouge|Expanding Force|p2b: Gholdengo|[spread] p2a,p2b
|-damage|p2a: Ninetales|28/100
|-damage|p2b: Gholdengo|44/100
|-damage|p1b: Armarouge|91/100|[from] item: Life Orb
|move|p1a: Porygon2|Tera Blast|p2b: Gholdengo|[anim] Tera Blast Ground
|-damage|p2b: Gholdengo|9/100
|move|p2b: Gholdengo|Shadow Ball|p1b: Armarouge
|-supereffective|p1b: Armarouge
|-damage|p1b: Armarouge|0 fnt
|faint|p1b: Armarouge
|move|p2a: Ninetales|Blizzard|p1a: Porygon2
|-supereffective|p1a: Porygon2
|-damage|p1a: Porygon2|42/100
|-status|p1a: Porygon2|frz
|
|-weather|Snowscape|[upkeep]
|upkeep
|
|t:|1756430388
|switch|p1b: Indeedee|Indeedee-F, L50, F|100/100
|turn|5
|inactive|sedrav has 30 seconds left.
|
|t:|1756430420
|move|p2b: Gholdengo|Protect|p2b: Gholdengo
|-singleturn|p2b: Gholdengo|Protect
|move|p1b: Indeedee|Dazzling Gleam|p2a: Ninetales|[spread] p2a
|-activate|p2b: Gholdengo|move: Protect
|-damage|p2a: Ninetales|18/100
|-curestatus|p1a: Porygon2|frz|[msg]
|move|p1a: Porygon2|Recover|p1a: Porygon2
|-heal|p1a: Porygon2|92/100
|move|p2a: Ninetales|Blizzard|p1b: Indeedee|[spread] p1a,p1b
|-supereffective|p1a: Porygon2
|-damage|p1a: Porygon2|57/100
|-damage|p1b: Indeedee|68/100
|
|-weather|Snowscape|[upkeep]
|upkeep
|turn|6
|inactive|sedrav has 30 seconds left.
|inactive|viivnz has 30 seconds left.
|
|t:|1756430457
|move|p2b: Gholdengo|Protect||[still]
|-fail|p2b: Gholdengo
|move|p1a: Porygon2|Tera Blast|p2a: Ninetales|[anim] Tera Blast Ground
|-damage|p2a: Ninetales|0 fnt
|faint|p2a: Ninetales
|move|p1b: Indeedee|Dazzling Gleam|p2b: Gholdengo
|-damage|p2b: Gholdengo|0 fnt
|faint|p2b: Gholdengo
|
|-weather|none
|-fieldend|move: Trick Room
|-fieldend|move: Psychic Terrain
|upkeep
|
|t:|1756430468
|switch|p2b: Sneasler|Sneasler, L50, F|100/100
|turn|7
|
|t:|1756430473
|move|p1b: Indeedee|Follow Me|p1b: Indeedee
|-singleturn|p1b: Indeedee|move: Follow Me
|move|p2b: Sneasler|Close Combat|p1b: Indeedee
|-crit|p1b: Indeedee
|-damage|p1b: Indeedee|0 fnt
|-unboost|p2b: Sneasler|def|1
|-unboost|p2b: Sneasler|spd|1
|faint|p1b: Indeedee
|-enditem|p2b: Sneasler|White Herb
|-clearnegativeboost|p2b: Sneasler|[silent]
|move|p1a: Porygon2|Tera Blast|p2b: Sneasler|[anim] Tera Blast Ground
|-supereffective|p2b: Sneasler
|-damage|p2b: Sneasler|19/100
|
|-sideend|p2: sedrav|move: Aurora Veil
|upkeep
|turn|8
|inactive|sedrav has 30 seconds left.
|
|t:|1756430503
|move|p2b: Sneasler|Close Combat|p1a: Porygon2
|-crit|p1a: Porygon2
|-damage|p1a: Porygon2|0 fnt
|-unboost|p2b: Sneasler|def|1
|-unboost|p2b: Sneasler|spd|1
|faint|p1a: Porygon2
|
|win|sedrav
|raw|viivnz's rating: 1196 → 1173(-23 for losing)
|raw|sedrav's rating: 1230 → 1253(+23 for winning)
