|j|☆monsoonisbest
|j|☆nyakugan
|html|monsoonisbestnyakugan    
|uhtml|bestof|Game 3 of a best-of-3
|t:|1756926106
|gametype|doubles
|player|p1|monsoonisbest|101|
|player|p2|nyakugan|psychic|
|gen|9
|tier|[Gen 9] VGC 2025 Reg H (Bo3)
|rule|Species Clause: Limit one of each Pokémon
|rule|Item Clause: Limit 1 of each item
|clearpoke
|poke|p1|Garchomp, L50, F|
|poke|p1|Jumpluff, L50, M|
|poke|p1|Torkoal, L50, F|
|poke|p1|Dragonite, L50, F|
|poke|p1|Typhlosion-Hisui, L50, F|
|poke|p1|Kingambit, L50, F|
|poke|p2|Dragapult, L50, M|
|poke|p2|Sneasler, L50, M|
|poke|p2|Volcarona, L50, F|
|poke|p2|Incineroar, L50, M|
|poke|p2|Rillaboom, L50, M|
|poke|p2|Kingambit, L50, M|
|teampreview|4
|showteam|p1|Garchomp||LifeOrb|RoughSkin|DragonClaw,StompingTantrum,Earthquake,Protect|||F|||50|,,,,,Fire]Jumpluff||CovertCloak|Chlorophyll|LeafStorm,SleepPowder,Encore,Tailwind|||M|||50|,,,,,Water]Torkoal||EjectPack|Drought|Overheat,BurningJealousy,HelpingHand,Protect|||F|||50|,,,,,Flying]Dragonite||LoadedDice|Multiscale|ScaleShot,ExtremeSpeed,IceSpinner,Protect|||F|||50|,,,,,Fairy]Typhlosion-Hisui||ChoiceSpecs|Blaze|Eruption,ShadowBall,HeatWave,Overheat|||F|||50|,,,,,Fire]Kingambit||AssaultVest|Defiant|SuckerPunch,Assurance,IronHead,LowKick|||F|||50|,,,,,Flying
|showteam|p2|Dragapult||ChoiceBand|ClearBody|DragonDarts,Outrage,PhantomForce,Uturn|||M|||50|,,,,,Dragon]Sneasler||FocusSash|Unburden|CloseCombat,DireClaw,Coaching,Protect|||M|||50|,,,,,Stellar]Volcarona||GrassySeed|FlameBody|FieryDance,TeraBlast,QuiverDance,Protect|||F|||50|,,,,,Fairy]Incineroar||SafetyGoggles|Intimidate|KnockOff,FakeOut,Taunt,PartingShot|||M|||50|,,,,,Ghost]Rillaboom||AssaultVest|GrassySurge|WoodHammer,GrassyGlide,Uturn,FakeOut|||M|||50|,,,,,Fire]Kingambit||BlackGlasses|Defiant|KowtowCleave,SuckerPunch,SwordsDance,Protect|||M|||50|,,,,,Dark
|
|t:|1756926149
|teamsize|p1|4
|teamsize|p2|4
|start
|switch|p1a: Jumpluff|Jumpluff, L50, M|100/100
|switch|p1b: Torkoal|Torkoal, L50, F|100/100
|switch|p2a: Volcarona|Volcarona, L50, F|100/100
|switch|p2b: Rillaboom|Rillaboom, L50, M|100/100
|-fieldstart|move: Grassy Terrain|[from] ability: Grassy Surge|[of] p2b: Rillaboom
|-enditem|p2a: Volcarona|Grassy Seed
|-boost|p2a: Volcarona|def|1|[from] item: Grassy Seed
|-weather|SunnyDay|[from] ability: Drought|[of] p1b: Torkoal
|turn|1
|inactive|Battle timer is ON: inactive players will automatically lose when time's up. (requested by monsoonisbest)
|
|t:|1756926214
|switch|p2a: Incineroar|Incineroar, L50, M|100/100
|-ability|p2a: Incineroar|Intimidate|boost
|-unboost|p1a: Jumpluff|atk|1
|-unboost|p1b: Torkoal|atk|1
|-enditem|p1b: Torkoal|Eject Pack
|
|t:|1756926222
|switch|p1b: Typhlosion|Typhlosion-Hisui, L50, F|100/100
|move|p1a: Jumpluff|Sleep Powder|p2a: Incineroar
|-activate|p2a: Incineroar|item: Safety Goggles|Sleep Powder
|move|p2b: Rillaboom|Wood Hammer|p1b: Typhlosion
|-resisted|p1b: Typhlosion
|-damage|p1b: Typhlosion|39/100
|-damage|p2b: Rillaboom|85/100|[from] Recoil
|
|-weather|SunnyDay|[upkeep]
|-heal|p1b: Typhlosion|45/100|[from] Grassy Terrain
|-heal|p2b: Rillaboom|91/100|[from] Grassy Terrain
|upkeep
|turn|2
|inactive|nyakugan has 30 seconds left.
|inactive|nyakugan has 20 seconds left.
|
|t:|1756926259
|switch|p1a: Torkoal|Torkoal, L50, F|100/100
|switch|p2b: Sneasler|Sneasler, L50, M, shiny|100/100
|move|p1b: Typhlosion|Heat Wave|p2a: Incineroar|[spread] p2b
|-miss|p1b: Typhlosion|p2a: Incineroar
|-damage|p2b: Sneasler|4/100
|move|p2a: Incineroar|Knock Off|p1b: Typhlosion
|-supereffective|p1b: Typhlosion
|-damage|p1b: Typhlosion|0 fnt
|-enditem|p1b: Typhlosion|Choice Specs|[from] move: Knock Off|[of] p2a: Incineroar
|faint|p1b: Typhlosion
|
|-weather|SunnyDay|[upkeep]
|-heal|p2b: Sneasler|9/100|[from] Grassy Terrain
|upkeep
|
|t:|1756926274
|switch|p1b: Garchomp|Garchomp, L50, F|100/100
|turn|3
|inactive|nyakugan has 30 seconds left.
|inactive|nyakugan has 20 seconds left.
|inactive|nyakugan has 15 seconds left.
|inactive|nyakugan has 10 seconds left.
|inactive|nyakugan has 5 seconds left.
|
|t:|1756926330
|-terastallize|p2a: Incineroar|Ghost
|move|p2b: Sneasler|Close Combat|p1a: Torkoal
|-damage|p1a: Torkoal|51/100
|-unboost|p2b: Sneasler|def|1
|-unboost|p2b: Sneasler|spd|1
|move|p1b: Garchomp|Stomping Tantrum|p2a: Incineroar
|-damage|p2a: Incineroar|49/100
|-damage|p1b: Garchomp|91/100|[from] item: Life Orb
|move|p2a: Incineroar|Knock Off|p1b: Garchomp
|-damage|p1b: Garchomp|52/100
|-damage|p2a: Incineroar|37/100|[from] ability: Rough Skin|[of] p1b: Garchomp
|-enditem|p1b: Garchomp|Life Orb|[from] move: Knock Off|[of] p2a: Incineroar
|move|p1a: Torkoal|Burning Jealousy|p2a: Incineroar|[spread] p2a,p2b
|-damage|p2a: Incineroar|11/100
|-damage|p2b: Sneasler|0 fnt
|faint|p2b: Sneasler
|
|-weather|SunnyDay|[upkeep]
|-heal|p1b: Garchomp|58/100|[from] Grassy Terrain
|-heal|p2a: Incineroar|18/100|[from] Grassy Terrain
|-heal|p1a: Torkoal|58/100|[from] Grassy Terrain
|upkeep
|inactive|nyakugan has 30 seconds left.
|
|t:|1756926356
|switch|p2b: Volcarona|Volcarona, L50, F|100/100
|turn|4
|
|t:|1756926382
|switch|p2a: Rillaboom|Rillaboom, L50, M|91/100
|move|p1b: Garchomp|Dragon Claw|p2a: Rillaboom
|-damage|p2a: Rillaboom|53/100
|move|p2b: Volcarona|Fiery Dance|p1a: Torkoal
|-resisted|p1a: Torkoal
|-damage|p1a: Torkoal|19/100
|move|p1a: Torkoal|Overheat|p2a: Rillaboom
|-supereffective|p2a: Rillaboom
|-damage|p2a: Rillaboom|0 fnt
|-unboost|p1a: Torkoal|spa|2
|faint|p2a: Rillaboom
|
|-weather|SunnyDay|[upkeep]
|-heal|p1b: Garchomp|64/100|[from] Grassy Terrain
|-heal|p1a: Torkoal|25/100|[from] Grassy Terrain
|upkeep
|
|t:|1756926391
|switch|p2a: Incineroar|Incineroar, L50, M, tera:Ghost|18/100
|-ability|p2a: Incineroar|Intimidate|boost
|-unboost|p1a: Torkoal|atk|1
|-unboost|p1b: Garchomp|atk|1
|turn|5
|
|t:|1756926412
|move|p1b: Garchomp|Protect|p1b: Garchomp
|-singleturn|p1b: Garchomp|Protect
|move|p2a: Incineroar|Fake Out|p1b: Garchomp
|-activate|p1b: Garchomp|move: Protect
|move|p2b: Volcarona|Fiery Dance|p1a: Torkoal
|-resisted|p1a: Torkoal
|-damage|p1a: Torkoal|0 fnt
|-boost|p2b: Volcarona|spa|1
|faint|p1a: Torkoal
|
|-weather|none
|-heal|p1b: Garchomp|70/100|[from] Grassy Terrain
|-heal|p2a: Incineroar|24/100|[from] Grassy Terrain
|-fieldend|move: Grassy Terrain
|upkeep
|
|t:|1756926418
|switch|p1a: Jumpluff|Jumpluff, L50, M|100/100
|turn|6
|inactive|nyakugan has 30 seconds left.
|
|t:|1756926452
|-terastallize|p1a: Jumpluff|Water
|move|p1a: Jumpluff|Sleep Powder|p2b: Volcarona|[miss]
|-miss|p1a: Jumpluff|p2b: Volcarona
|move|p1b: Garchomp|Dragon Claw|p2a: Incineroar
|-damage|p2a: Incineroar|0 fnt
|faint|p2a: Incineroar
|move|p2b: Volcarona|Tera Blast|p1b: Garchomp
|-damage|p1b: Garchomp|21/100
|
|upkeep
|turn|7
|
|t:|1756926471
|move|p1b: Garchomp|Protect|p1b: Garchomp
|-singleturn|p1b: Garchomp|Protect
|move|p2b: Volcarona|Protect|p2b: Volcarona
|-singleturn|p2b: Volcarona|Protect
|move|p1a: Jumpluff|Sleep Powder|p2b: Volcarona
|-activate|p2b: Volcarona|move: Protect
|
|upkeep
|turn|8
|
|t:|1756926480
|move|p1a: Jumpluff|Encore|p2b: Volcarona
|-start|p2b: Volcarona|Encore
|move|p1b: Garchomp|Dragon Claw|p2b: Volcarona
|-damage|p2b: Volcarona|67/100
|-status|p1b: Garchomp|brn|[from] ability: Flame Body|[of] p2b: Volcarona
|move|p2b: Volcarona|Protect||[still]
|-fail|p2b: Volcarona
|
|-damage|p1b: Garchomp|15/100 brn|[from] brn
|upkeep
|turn|9
|
|t:|1756926490
|move|p2b: Volcarona|Protect|p2b: Volcarona
|-singleturn|p2b: Volcarona|Protect
|move|p1b: Garchomp|Dragon Claw|p2b: Volcarona
|-activate|p2b: Volcarona|move: Protect
|move|p1a: Jumpluff|Leaf Storm|p2b: Volcarona
|-activate|p2b: Volcarona|move: Protect
|
|-damage|p1b: Garchomp|9/100 brn|[from] brn
|upkeep
|turn|10
|
|t:|1756926502
|move|p2b: Volcarona|Protect|p2b: Volcarona
|-singleturn|p2b: Volcarona|Protect
|move|p1b: Garchomp|Dragon Claw|p2b: Volcarona
|-activate|p2b: Volcarona|move: Protect
|move|p1a: Jumpluff|Leaf Storm|p2b: Volcarona
|-activate|p2b: Volcarona|move: Protect
|
|-damage|p1b: Garchomp|3/100 brn|[from] brn
|-end|p2b: Volcarona|Encore
|upkeep
|turn|11
|
|t:|1756926524
|move|p1b: Garchomp|Dragon Claw|p2b: Volcarona
|-crit|p2b: Volcarona
|-damage|p2b: Volcarona|30/100
|move|p1a: Jumpluff|Leaf Storm|p2b: Volcarona
|-resisted|p2b: Volcarona
|-damage|p2b: Volcarona|23/100
|-unboost|p1a: Jumpluff|spa|2
|move|p2b: Volcarona|Tera Blast|p1a: Jumpluff
|-damage|p1a: Jumpluff|60/100
|
|-damage|p1b: Garchomp|0 fnt|[from] brn
|faint|p1b: Garchomp
|upkeep
|turn|12
|
|t:|1756926539
|move|p1a: Jumpluff|Sleep Powder|p2b: Volcarona
|-status|p2b: Volcarona|slp|[from] move: Sleep Powder
|cant|p2b: Volcarona|slp
|
|upkeep
|turn|13
|
|t:|1756926545
|move|p1a: Jumpluff|Leaf Storm|p2b: Volcarona
|-resisted|p2b: Volcarona
|-damage|p2b: Volcarona|20/100 slp
|-unboost|p1a: Jumpluff|spa|2
|-curestatus|p2b: Volcarona|slp|[msg]
|move|p2b: Volcarona|Tera Blast|p1a: Jumpluff
|-damage|p1a: Jumpluff|21/100
|
|upkeep
|turn|14
|
|t:|1756926554
|move|p1a: Jumpluff|Sleep Powder|p2b: Volcarona|[miss]
|-miss|p1a: Jumpluff|p2b: Volcarona
|move|p2b: Volcarona|Tera Blast|p1a: Jumpluff
|-damage|p1a: Jumpluff|0 fnt
|faint|p1a: Jumpluff
|
|win|nyakugan
|c|☆nyakugan|ggs
|c|☆monsoonisbest|i guess
|c|☆nyakugan|you guess what
