|j|☆rycully
|html|Nolancarp27rycully    
|uhtml|bestof|Game 2 of a best-of-3
|t:|1783476590
|gametype|doubles
|player|p1|Nolancarp27|cyrus|1000
|player|p2|rycully|morty|1000
|gen|9
|tier|[Gen 9 Champions] VGC 2026 Reg M-B (Bo3)
|rated|
|rule|Species Clause: Limit one of each Pokémon
|rule|Item Clause: Limit 1 of each item
|clearpoke
|poke|p1|Floette-Eternal, L50, F|
|poke|p1|Charizard, L50, F, shiny|
|poke|p1|Kingambit, L50, M|
|poke|p1|Whimsicott, L50, F|
|poke|p1|Basculegion, L50, M|
|poke|p1|Garchomp, L50, F|
|poke|p2|Grimmsnarl, L50, M|
|poke|p2|Hydreigon, L50, F|
|poke|p2|Garchomp, L50, M|
|poke|p2|Metagross, L50|
|poke|p2|Charizard, L50, M|
|poke|p2|Toxapex, L50, M|
|teampreview|4
|showteam|p1|Floette-Eternal||Floettite|FlowerVeil|LightofRuin,Moonblast,DazzlingGleam,Protect|Timid||F|||50|]Charizard||CharizarditeY|Blaze|SolarBeam,HeatWave,WeatherBall,Protect|Modest||F|||50|]Kingambit||BlackGlasses|Defiant|IronHead,Protect,KowtowCleave,SuckerPunch|Adamant||M|||50|]Whimsicott||FocusSash|Prankster|Moonblast,Tailwind,Encore,Protect|Timid||F|||50|]Basculegion||MysticWater|Adaptability|WaveCrash,Protect,LastRespects,AquaJet|Adamant||M|||50|]Garchomp||LifeOrb|RoughSkin|Earthquake,RockSlide,Protect,DragonClaw|Jolly||F|||50|
|showteam|p2|Grimmsnarl||RoseliBerry|Prankster|FakeOut,FoulPlay,Reflect,PartingShot|Sassy||M|||50|]Hydreigon||ChoiceScarf|Levitate|DarkPulse,DracoMeteor,Snarl,HeatWave|Modest||F|||50|]Garchomp||SitrusBerry|RoughSkin|Earthquake,DragonClaw,RockSlide,Protect|Adamant||M|||50|]Metagross||Metagrossite|ClearBody|IronHead,BulletPunch,HammerArm,Protect|Adamant|||||50|]Charizard||CharizarditeY|Blaze|HeatWave,SolarBeam,WeatherBall,Protect|Timid||M|||50|]Toxapex||Leftovers|Regenerator|Infestation,Toxic,WideGuard,BanefulBunker|Impish||M|||50|
|inactive|Battle timer is ON: inactive players will automatically lose when time's up. (requested by rycully)
|inactive|Nolancarp27 disconnected and has a minute to reconnect!
|inactive|Nolancarp27 has 30 seconds to reconnect!
|inactive|Nolancarp27 has 20 seconds to reconnect!
|inactive|Nolancarp27 has 15 seconds to reconnect!
|inactive|Nolancarp27 has 10 seconds to reconnect!
|inactive|Nolancarp27 has 5 seconds to reconnect!
|j|☆Nolancarp27
|inactive|Nolancarp27 reconnected and has 35 seconds left.
|player|p1|Nolancarp27|cyrus|
|inactive|Nolancarp27 has 30 seconds left.
|inactive|Nolancarp27 has 20 seconds left.
|inactive|Nolancarp27 has 15 seconds left.
|inactive|Nolancarp27 has 10 seconds left.
|
|t:|1783476678
|teamsize|p1|4
|teamsize|p2|4
|start
|switch|p1a: Garchomp|Garchomp, L50, F|100/100
|switch|p1b: Basculegion|Basculegion, L50, M|100/100
|switch|p2a: Grimmsnarl|Grimmsnarl, L50, M|100/100
|switch|p2b: Metagross|Metagross, L50|100/100
|turn|1
|
|t:|1783476697
|move|p2b: Metagross|Protect|p2b: Metagross
|-singleturn|p2b: Metagross|Protect
|move|p1a: Garchomp|Earthquake|p2b: Metagross|[spread] p1b,p2a
|-activate|p2b: Metagross|move: Protect
|-damage|p1b: Basculegion|45/100
|-damage|p2a: Grimmsnarl|54/100
|-damage|p1a: Garchomp|90/100|[from] item: Life Orb
|move|p1b: Basculegion|Last Respects|p2b: Metagross
|-activate|p2b: Metagross|move: Protect
|move|p2a: Grimmsnarl|Foul Play|p1b: Basculegion
|-supereffective|p1b: Basculegion|1
|-damage|p1b: Basculegion|0 fnt
|faint|p1b: Basculegion
|
|upkeep
|
|t:|1783476705
|switch|p1b: Zuko|Charizard, L50, F, shiny|100/100
|turn|2
|
|t:|1783476719
|switch|p2b: Toxapex|Toxapex, L50, M|100/100
|detailschange|p1b: Zuko|Charizard-Mega-Y, L50, F, shiny
|-mega|p1b: Zuko|Charizard|Charizardite Y
|-weather|SunnyDay|[from] ability: Drought|[of] p1b: Zuko
|move|p2a: Grimmsnarl|Parting Shot|p1b: Zuko
|-unboost|p1b: Zuko|atk|1
|-unboost|p1b: Zuko|spa|1
|
|t:|1783476728
|switch|p2a: Garchomp|Garchomp, L50, M|100/100|[from] Parting Shot
|move|p1a: Garchomp|Rock Slide|p2b: Toxapex|[spread] p2a,p2b
|-resisted|p2a: Garchomp|1
|-damage|p2a: Garchomp|89/100
|-damage|p2b: Toxapex|84/100
|-damage|p1a: Garchomp|80/100|[from] item: Life Orb
|move|p1b: Zuko|Heat Wave|p2b: Toxapex|[spread] p2a,p2b
|-resisted|p2a: Garchomp|1
|-resisted|p2b: Toxapex|1
|-damage|p2a: Garchomp|70/100
|-damage|p2b: Toxapex|68/100
|
|-weather|SunnyDay|[upkeep]
|-heal|p2b: Toxapex|73/100|[from] item: Leftovers
|upkeep
|turn|3
|inactive|Nolancarp27 has 30 seconds left.
|
|t:|1783476754
|move|p2a: Garchomp|Protect|p2a: Garchomp
|-singleturn|p2a: Garchomp|Protect
|move|p1a: Garchomp|Dragon Claw|p2a: Garchomp
|-activate|p2a: Garchomp|move: Protect
|move|p1b: Zuko|Heat Wave|p2a: Garchomp|[spread] p2b
|-activate|p2a: Garchomp|move: Protect
|-resisted|p2b: Toxapex|1
|-damage|p2b: Toxapex|56/100
|move|p2b: Toxapex|Infestation|p1b: Zuko
|-resisted|p1b: Zuko|2
|-damage|p1b: Zuko|99/100
|-activate|p1b: Zuko|move: Infestation|[of] p2b: Toxapex
|
|-weather|SunnyDay|[upkeep]
|-heal|p2b: Toxapex|62/100|[from] item: Leftovers
|-damage|p1b: Zuko|87/100|[from] move: Infestation|[partiallytrapped]
|upkeep
|turn|4
|
|t:|1783476771
|move|p2b: Toxapex|Wide Guard|p2b: Toxapex
|-singleturn|p2b: Toxapex|Wide Guard
|move|p1a: Garchomp|Earthquake|p2a: Garchomp|[spread] 
|-activate|p2a: Garchomp|move: Wide Guard
|-activate|p2b: Toxapex|move: Wide Guard
|-immune|p1b: Zuko
|move|p2a: Garchomp|Rock Slide|p1a: Garchomp|[spread] p1a,p1b
|-resisted|p1a: Garchomp|1
|-supereffective|p1b: Zuko|2
|-damage|p1a: Garchomp|70/100
|-damage|p1b: Zuko|14/100
|cant|p1b: Zuko|flinch
|
|-weather|SunnyDay|[upkeep]
|-heal|p2b: Toxapex|68/100|[from] item: Leftovers
|-damage|p1b: Zuko|2/100|[from] move: Infestation|[partiallytrapped]
|upkeep
|turn|5
|inactive|rycully has 30 seconds left.
|
|t:|1783476797
|move|p2b: Toxapex|Baneful Bunker||[still]
|-fail|p2b: Toxapex
|move|p1a: Garchomp|Dragon Claw|p2a: Garchomp
|-supereffective|p2a: Garchomp|1
|-damage|p2a: Garchomp|0 fnt
|-damage|p1a: Garchomp|58/100|[from] ability: Rough Skin|[of] p2a: Garchomp
|faint|p2a: Garchomp
|-damage|p1a: Garchomp|48/100|[from] item: Life Orb
|move|p1b: Zuko|Solar Beam||[still]
|-prepare|p1b: Zuko|Solar Beam
|-anim|p1b: Zuko|Solar Beam|p2b: Toxapex
|-crit|p2b: Toxapex
|-damage|p2b: Toxapex|14/100
|
|-weather|SunnyDay|[upkeep]
|-heal|p2b: Toxapex|20/100y|[from] item: Leftovers
|-damage|p1b: Zuko|0 fnt|[from] move: Infestation|[partiallytrapped]
|faint|p1b: Zuko
|upkeep
|
|t:|1783476813
|switch|p2a: Grimmsnarl|Grimmsnarl, L50, M|54/100
|switch|p1b: Whimsicott|Whimsicott, L50, F|100/100
|turn|6
|
|t:|1783476824
|move|p1b: Whimsicott|Protect|p1b: Whimsicott
|-singleturn|p1b: Whimsicott|Protect
|move|p1a: Garchomp|Protect|p1a: Garchomp
|-singleturn|p1a: Garchomp|Protect
|move|p2a: Grimmsnarl|Fake Out|p1a: Garchomp
|-activate|p1a: Garchomp|move: Protect
|move|p2b: Toxapex|Toxic|p1a: Garchomp
|-activate|p1a: Garchomp|move: Protect
|
|-weather|none
|-heal|p2b: Toxapex|26/100|[from] item: Leftovers
|upkeep
|turn|7
|
|t:|1783476846
|move|p2b: Toxapex|Baneful Bunker|p2b: Toxapex
|-singleturn|p2b: Toxapex|move: Protect
|move|p2a: Grimmsnarl|Reflect|p2a: Grimmsnarl
|-sidestart|p2: rycully|Reflect
|move|p1b: Whimsicott|Moonblast|p2a: Grimmsnarl
|-supereffective|p2a: Grimmsnarl|1
|-enditem|p2a: Grimmsnarl|Roseli Berry|[eat]
|-enditem|p2a: Grimmsnarl|Roseli Berry|[weaken]
|-damage|p2a: Grimmsnarl|19/100
|move|p1a: Garchomp|Dragon Claw|p2b: Toxapex
|-activate|p2b: Toxapex|move: Protect
|-status|p1a: Garchomp|psn
|
|-heal|p2b: Toxapex|31/100|[from] item: Leftovers
|-damage|p1a: Garchomp|36/100 psn|[from] psn
|upkeep
|turn|8
|
|t:|1783476870
|move|p2b: Toxapex|Wide Guard|p2b: Toxapex
|-singleturn|p2b: Toxapex|Wide Guard
|move|p1b: Whimsicott|Tailwind|p1b: Whimsicott
|-sidestart|p1: Nolancarp27|move: Tailwind
|move|p2a: Grimmsnarl|Parting Shot|p1a: Garchomp
|-unboost|p1a: Garchomp|atk|1
|-unboost|p1a: Garchomp|spa|1
|
|t:|1783476877
|switch|p2a: Metagross|Metagross, L50|100/100|[from] Parting Shot
|move|p1a: Garchomp|Earthquake|p2a: Metagross|[spread] p1b
|-activate|p2a: Metagross|move: Wide Guard
|-activate|p2b: Toxapex|move: Wide Guard
|-resisted|p1b: Whimsicott|1
|-damage|p1b: Whimsicott|77/100
|-damage|p1a: Garchomp|26/100 psn|[from] item: Life Orb
|
|-heal|p2b: Toxapex|37/100|[from] item: Leftovers
|-damage|p1a: Garchomp|14/100 psn|[from] psn
|upkeep
|turn|9
|inactive|Nolancarp27 has 30 seconds left.
|
|t:|1783476904
|detailschange|p2a: Metagross|Metagross-Mega, L50
|-mega|p2a: Metagross|Metagross|Metagrossite
|move|p2b: Toxapex|Wide Guard|p2b: Toxapex
|-singleturn|p2b: Toxapex|Wide Guard
|move|p1b: Whimsicott|Encore|p2b: Toxapex
|-start|p2b: Toxapex|Encore
|move|p2a: Metagross|Bullet Punch|p1b: Whimsicott
|-supereffective|p1b: Whimsicott|1
|-damage|p1b: Whimsicott|0 fnt
|faint|p1b: Whimsicott
|move|p1a: Garchomp|Dragon Claw|p2a: Metagross
|-resisted|p2a: Metagross|1
|-damage|p2a: Metagross|91/100
|-damage|p1a: Garchomp|4/100 psn|[from] item: Life Orb
|
|-heal|p2b: Toxapex|43/100|[from] item: Leftovers
|-damage|p1a: Garchomp|0 fnt|[from] psn
|faint|p1a: Garchomp
|
|win|rycully
|raw|Nolancarp27's rating: 1000 → 1000(+0 for losing)
|raw|rycully's rating: 1000 → 1040(+40 for winning)
|c|☆rycully|gg
|l|☆Nolancarp27
|player|p1|
