|j|☆Gyaradostyranitar
|j|☆dambro222
|html|Gyaradostyranitardambro222    
|uhtml|bestof|Game 2 of a best-of-3
|t:|1756285182
|gametype|doubles
|player|p1|Gyaradostyranitar|adaman|1159
|player|p2|dambro222|ethan|1161
|gen|9
|tier|[Gen 9] VGC 2025 Reg H (Bo3)
|rated|
|rule|Species Clause: Limit one of each Pokémon
|rule|Item Clause: Limit 1 of each item
|clearpoke
|poke|p1|Sneasler, L50, M|
|poke|p1|Electabuzz, L50, M|
|poke|p1|Kingambit, L50, M|
|poke|p1|Rillaboom, L50, M|
|poke|p1|Volcarona, L50, F|
|poke|p1|Dragonite, L50, M|
|poke|p2|Dragonite, L50, M|
|poke|p2|Volcarona, L50, F|
|poke|p2|Sneasler, L50, M|
|poke|p2|Rillaboom, L50, M|
|poke|p2|Electabuzz, L50, M|
|poke|p2|Kingambit, L50, M|
|teampreview|4
|showteam|p1|Sneasler||FocusSash|PoisonTouch|DireClaw,Coaching,Protect,CloseCombat|||M|||50|,,,,,Stellar]Electabuzz||Eviolite|VitalSpirit|FollowMe,Electroweb,Taunt,Protect|||M|||50|,,,,,Ghost]Kingambit||BlackGlasses|Defiant|KowtowCleave,SwordsDance,SuckerPunch,Protect|||M|||50|,,,,,Dark]Rillaboom||AssaultVest|GrassySurge|WoodHammer,Uturn,GrassyGlide,FakeOut|||M|||50|,,,,,Water]Volcarona||CovertCloak|FlameBody|HeatWave,TeraBlast,QuiverDance,Protect|||F|||50|,,,,,Fairy]Dragonite||LoadedDice|Multiscale|ScaleShot,Haze,Tailwind,Protect|||M|||50|,,,,,Steel
|showteam|p2|Dragonite||LoadedDice|Multiscale|ScaleShot,ExtremeSpeed,Haze,Protect|||M|||50|,,,,,Fairy]Volcarona||CovertCloak|FlameBody|HeatWave,TeraBlast,QuiverDance,Protect|||F|||50|,,,,,Fairy]Sneasler||FocusSash|Unburden|CloseCombat,DireClaw,Coaching,Protect|||M|||50|,,,,,Stellar]Rillaboom||AssaultVest|GrassySurge|WoodHammer,GrassyGlide,HighHorsepower,FakeOut|||M|||50|,,,,,Water]Electabuzz||Eviolite|VitalSpirit|Electroweb,FollowMe,Taunt,Protect|||M|||50|,,,,,Ghost]Kingambit||BlackGlasses|Defiant|KowtowCleave,SuckerPunch,SwordsDance,Protect|||M|||50|,,,,,Dark
|inactive|Battle timer is ON: inactive players will automatically lose when time's up. (requested by Gyaradostyranitar)
|inactive|dambro222 also wants the timer to be on.
|
|t:|1756285195
|teamsize|p1|4
|teamsize|p2|4
|start
|switch|p1a: Volcarona|Volcarona, L50, F|100/100
|switch|p1b: Dragonite|Dragonite, L50, M|100/100
|switch|p2a: Volcarona|Volcarona, L50, F|100/100
|switch|p2b: Electabuzz|Electabuzz, L50, M|100/100
|turn|1
|
|t:|1756285214
|-terastallize|p2a: Volcarona|Fairy
|move|p2a: Volcarona|Quiver Dance|p2a: Volcarona
|-boost|p2a: Volcarona|spa|1
|-boost|p2a: Volcarona|spd|1
|-boost|p2a: Volcarona|spe|1
|move|p2b: Electabuzz|Taunt|p1a: Volcarona
|-start|p1a: Volcarona|move: Taunt
|move|p1b: Dragonite|Tailwind|p1b: Dragonite
|-sidestart|p1: Gyaradostyranitar|move: Tailwind
|cant|p1a: Volcarona|move: Taunt|Quiver Dance
|
|upkeep
|turn|2
|
|t:|1756285237
|move|p1b: Dragonite|Haze|p1b: Dragonite
|-clearallboost
|move|p1a: Volcarona|Heat Wave|p2a: Volcarona|[spread] p2a,p2b
|-damage|p2a: Volcarona|68/100
|-damage|p2b: Electabuzz|72/100
|move|p2a: Volcarona|Tera Blast|p1b: Dragonite|[anim] Tera Blast Fairy
|-supereffective|p1b: Dragonite
|-damage|p1b: Dragonite|55/100
|move|p2b: Electabuzz|Taunt|p1b: Dragonite
|-start|p1b: Dragonite|move: Taunt
|
|upkeep
|turn|3
|
|t:|1756285259
|move|p1b: Dragonite|Scale Shot|p2b: Electabuzz
|-damage|p2b: Electabuzz|61/100
|-crit|p2b: Electabuzz
|-damage|p2b: Electabuzz|46/100
|-damage|p2b: Electabuzz|33/100
|-damage|p2b: Electabuzz|22/100
|-hitcount|p2b: Electabuzz|4
|-unboost|p1b: Dragonite|def|1
|-boost|p1b: Dragonite|spe|1
|move|p1a: Volcarona|Heat Wave|p2b: Electabuzz|[spread] p2a,p2b
|-damage|p2a: Volcarona|33/100
|-damage|p2b: Electabuzz|0 fnt
|faint|p2b: Electabuzz
|move|p2a: Volcarona|Quiver Dance|p2a: Volcarona
|-boost|p2a: Volcarona|spa|1
|-boost|p2a: Volcarona|spd|1
|-boost|p2a: Volcarona|spe|1
|
|-end|p1a: Volcarona|move: Taunt
|upkeep
|
|t:|1756285281
|switch|p2b: Rillaboom|Rillaboom, L50, M|100/100
|-fieldstart|move: Grassy Terrain|[from] ability: Grassy Surge|[of] p2b: Rillaboom
|turn|4
|
|t:|1756285301
|move|p2b: Rillaboom|Fake Out|p1b: Dragonite
|-damage|p1b: Dragonite|28/100
|cant|p1b: Dragonite|flinch
|move|p1a: Volcarona|Quiver Dance|p1a: Volcarona
|-boost|p1a: Volcarona|spa|1
|-boost|p1a: Volcarona|spd|1
|-boost|p1a: Volcarona|spe|1
|move|p2a: Volcarona|Heat Wave|p1a: Volcarona|[spread] p1a,p1b
|-resisted|p1b: Dragonite
|-damage|p1a: Volcarona|69/100
|-damage|p1b: Dragonite|0 fnt
|faint|p1b: Dragonite
|
|-heal|p1a: Volcarona|75/100|[from] Grassy Terrain
|-heal|p2a: Volcarona|39/100|[from] Grassy Terrain
|-sideend|p1: Gyaradostyranitar|move: Tailwind
|upkeep
|
|t:|1756285314
|switch|p1b: Sneasler|Sneasler, L50, M|100/100
|turn|5
|
|t:|1756285325
|move|p2a: Volcarona|Protect|p2a: Volcarona
|-singleturn|p2a: Volcarona|Protect
|move|p1b: Sneasler|Protect|p1b: Sneasler
|-singleturn|p1b: Sneasler|Protect
|move|p2b: Rillaboom|Grassy Glide|p1b: Sneasler
|-activate|p1b: Sneasler|move: Protect
|move|p1a: Volcarona|Heat Wave|p2a: Volcarona|[spread] 
|-activate|p2a: Volcarona|move: Protect
|-miss|p1a: Volcarona|p2b: Rillaboom
|
|-heal|p2a: Volcarona|45/100|[from] Grassy Terrain
|-heal|p1a: Volcarona|81/100|[from] Grassy Terrain
|upkeep
|turn|6
|
|t:|1756285346
|move|p2b: Rillaboom|Grassy Glide|p1b: Sneasler
|-resisted|p1b: Sneasler
|-damage|p1b: Sneasler|69/100
|move|p2a: Volcarona|Tera Blast|p1b: Sneasler|[anim] Tera Blast Fairy
|-damage|p1b: Sneasler|0 fnt
|faint|p1b: Sneasler
|move|p1a: Volcarona|Heat Wave|p2a: Volcarona|[spread] p2a,p2b
|-supereffective|p2b: Rillaboom
|-damage|p2a: Volcarona|9/100
|-damage|p2b: Rillaboom|19/100
|-status|p2b: Rillaboom|brn
|
|-heal|p2a: Volcarona|15/100|[from] Grassy Terrain
|-heal|p1a: Volcarona|87/100|[from] Grassy Terrain
|-heal|p2b: Rillaboom|25/100 brn|[from] Grassy Terrain
|-damage|p2b: Rillaboom|19/100 brn|[from] brn
|upkeep
|
|t:|1756285361
|switch|p1b: Electabuzz|Electabuzz, L50, M|100/100
|turn|7
|
|t:|1756285376
|move|p1b: Electabuzz|Follow Me|p1b: Electabuzz
|-singleturn|p1b: Electabuzz|move: Follow Me
|move|p2b: Rillaboom|Grassy Glide|p1b: Electabuzz
|-damage|p1b: Electabuzz|87/100
|move|p2a: Volcarona|Heat Wave|p1a: Volcarona|[spread] p1a,p1b
|-damage|p1a: Volcarona|53/100
|-damage|p1b: Electabuzz|41/100
|move|p1a: Volcarona|Quiver Dance|p1a: Volcarona
|-boost|p1a: Volcarona|spa|1
|-boost|p1a: Volcarona|spd|1
|-boost|p1a: Volcarona|spe|1
|
|-heal|p1a: Volcarona|59/100|[from] Grassy Terrain
|-heal|p2a: Volcarona|21/100|[from] Grassy Terrain
|-heal|p1b: Electabuzz|46/100|[from] Grassy Terrain
|-heal|p2b: Rillaboom|25/100 brn|[from] Grassy Terrain
|-damage|p2b: Rillaboom|19/100 brn|[from] brn
|upkeep
|turn|8
|inactive|dambro222 has 30 seconds left.
|
|t:|1756285405
|switch|p2b: Sneasler|Sneasler, L50, M|100/100
|move|p2a: Volcarona|Protect|p2a: Volcarona
|-singleturn|p2a: Volcarona|Protect
|move|p1b: Electabuzz|Protect|p1b: Electabuzz
|-singleturn|p1b: Electabuzz|Protect
|move|p1a: Volcarona|Heat Wave|p2a: Volcarona|[spread] p2b
|-activate|p2a: Volcarona|move: Protect
|-enditem|p2b: Sneasler|Focus Sash
|-damage|p2b: Sneasler|1/100
|
|-heal|p2b: Sneasler|7/100|[from] Grassy Terrain
|-heal|p1a: Volcarona|65/100|[from] Grassy Terrain
|-heal|p2a: Volcarona|28/100|[from] Grassy Terrain
|-heal|p1b: Electabuzz|52/100|[from] Grassy Terrain
|-fieldend|move: Grassy Terrain
|upkeep
|turn|9
|inactive|dambro222 has 30 seconds left.
|inactive|dambro222 has 20 seconds left.
|
|t:|1756285442
|move|p2a: Volcarona|Protect||[still]
|-fail|p2a: Volcarona
|move|p2b: Sneasler|Close Combat|p1b: Electabuzz
|-damage|p1b: Electabuzz|3/100
|-unboost|p2b: Sneasler|def|1
|-unboost|p2b: Sneasler|spd|1
|move|p1a: Volcarona|Heat Wave|p2b: Sneasler|[spread] p2a,p2b
|-damage|p2a: Volcarona|0 fnt
|-damage|p2b: Sneasler|0 fnt
|faint|p2a: Volcarona
|faint|p2b: Sneasler
|move|p1b: Electabuzz|Electroweb|p2: Volcarona|[notarget]
|-fail|p1b: Electabuzz
|
|upkeep
|-message|dambro222 forfeited.
|
|win|Gyaradostyranitar
|l|☆dambro222
|player|p2|
||dambro222 is ready for game 3.
|inactive|Gyaradostyranitar has 30 seconds to confirm battle start!
||Gyaradostyranitar is ready for game 3.
|uhtml|next|Next: Game 3 of 3
|j|☆dambro222
|player|p2|dambro222|ethan|
