|j|☆NoiceDynamite
|j|☆page-rk
|html|NoiceDynamitepage-rk    
|uhtml|bestof|Game 2 of a best-of-3
|t:|1757815521
|gametype|doubles
|player|p1|NoiceDynamite|cynthia|1025
|player|p2|page-rk|170|1045
|gen|9
|tier|[Gen 9] VGC 2025 Reg H (Bo3)
|rated|
|rule|Species Clause: Limit one of each Pokémon
|rule|Item Clause: Limit 1 of each item
|clearpoke
|poke|p1|Garchomp, L50, F|
|poke|p1|Gholdengo, L50|
|poke|p1|Weezing-Galar, L50, M|
|poke|p1|Talonflame, L50, F|
|poke|p1|Archaludon, L50, F|
|poke|p1|Annihilape, L50, M|
|poke|p2|Dragapult, L50, F|
|poke|p2|Kingambit, L50, F|
|poke|p2|Ninetales-Alola, L50, F|
|poke|p2|Dragonite, L50, F|
|poke|p2|Indeedee-F, L50, F|
|poke|p2|Ursaluna-Bloodmoon, L50, M|
|teampreview|4
|showteam|p1|Garchomp||LifeOrb|RoughSkin|DragonClaw,Earthquake,StompingTantrum,Protect|||F|||50|,,,,,Ground]Gholdengo||ChoiceSpecs|GoodasGold|DazzlingGleam,ShadowBall,PowerGem,MakeItRain||||||50|,,,,,Fairy]Weezing-Galar||FocusSash|NeutralizingGas|Protect,SludgeBomb,StrangeSteam,Taunt|||M|||50|,,,,,Flying]Talonflame||CovertCloak|GaleWings|Tailwind,DualWingbeat,WillOWisp,FlareBlitz|||F|||50|,,,,,Stellar]Archaludon||PowerHerb|Sturdy|ElectroShot,Thunderbolt,DracoMeteor,Protect|||F|||50|,,,,,Electric]Annihilape||AssaultVest|Defiant|CloseCombat,RageFist,FinalGambit,IcePunch|||M|||50|,,,,,Grass
|showteam|p2|Dragapult||ChoiceBand|Infiltrator|DragonDarts,Outrage,PhantomForce,Uturn|||F|||50|,,,,,Dragon]Kingambit||AssaultVest|Defiant|IronHead,KowtowCleave,LowKick,SuckerPunch|||F|||50|,,,,,Fire]Ninetales-Alola||FocusSash|SnowWarning|Blizzard,FreezeDry,Moonblast,Protect|||F|||50|,,,,,Water]Dragonite||LoadedDice|Multiscale|Haze,ScaleShot,Tailwind,Protect|||F|||50|,,,,,Fire]Indeedee-F||SitrusBerry|PsychicSurge|AlluringVoice,TrickRoom,SkillSwap,FollowMe|||F|||50|,,,,,Fairy]Ursaluna-Bloodmoon||LifeOrb|MindsEye|BloodMoon,EarthPower,HyperVoice,Protect|||M|||50|,,,,,Normal
|
|t:|1757815547
|teamsize|p1|4
|teamsize|p2|4
|start
|switch|p1a: Gholdengo|Gholdengo, L50|100/100
|switch|p1b: Annihilape|Annihilape, L50, M|100/100
|switch|p2a: Dragapult|Dragapult, L50, F, shiny|100/100
|switch|p2b: Ursaluna|Ursaluna-Bloodmoon, L50, M|100/100
|turn|1
|
|t:|1757815586
|-terastallize|p1a: Gholdengo|Fairy
|move|p2b: Ursaluna|Protect|p2b: Ursaluna
|-singleturn|p2b: Ursaluna|Protect
|move|p2a: Dragapult|Phantom Force||[still]
|-prepare|p2a: Dragapult|Phantom Force
|move|p1b: Annihilape|Final Gambit|p2b: Ursaluna
|-activate|p2b: Ursaluna|move: Protect
|move|p1a: Gholdengo|Dazzling Gleam|p2b: Ursaluna|[spread] 
|-miss|p1a: Gholdengo|p2a: Dragapult
|-activate|p2b: Ursaluna|move: Protect
|
|upkeep
|turn|2
|
|t:|1757815613
|switch|p2b: Ninetales|Ninetales-Alola, L50, F, shiny|100/100
|-weather|Snowscape|[from] ability: Snow Warning|[of] p2b: Ninetales
|move|p2a: Dragapult|Phantom Force|p1b: Annihilape|[from] lockedmove
|-supereffective|p1b: Annihilape
|-damage|p1b: Annihilape|0 fnt
|faint|p1b: Annihilape
|move|p1a: Gholdengo|Dazzling Gleam|p2a: Dragapult|[spread] p2a,p2b
|-supereffective|p2a: Dragapult
|-damage|p2a: Dragapult|0 fnt
|-damage|p2b: Ninetales|41/100
|faint|p2a: Dragapult
|
|-weather|Snowscape|[upkeep]
|upkeep
|
|t:|1757815632
|switch|p2a: Kingambit|Kingambit, L50, F, shiny|100/100
|switch|p1b: Weezing|Weezing-Galar, L50, M|100/100
|-ability|p1b: Weezing|Neutralizing Gas
|turn|3
|inactive|Battle timer is ON: inactive players will automatically lose when time's up. (requested by NoiceDynamite)
|
|t:|1757815677
|-terastallize|p2a: Kingambit|Fire
|move|p2b: Ninetales|Protect|p2b: Ninetales
|-singleturn|p2b: Ninetales|Protect
|move|p1a: Gholdengo|Dazzling Gleam|p2a: Kingambit|[spread] p2a
|-activate|p2b: Ninetales|move: Protect
|-resisted|p2a: Kingambit
|-damage|p2a: Kingambit|85/100
|move|p1b: Weezing|Strange Steam|p2a: Kingambit
|-resisted|p2a: Kingambit
|-damage|p2a: Kingambit|73/100
|move|p2a: Kingambit|Iron Head|p1b: Weezing
|-supereffective|p1b: Weezing
|-damage|p1b: Weezing|10/100
|
|-weather|Snowscape|[upkeep]
|upkeep
|turn|4
|
|t:|1757815694
|move|p1b: Weezing|Protect|p1b: Weezing
|-singleturn|p1b: Weezing|Protect
|move|p2b: Ninetales|Blizzard|p1a: Gholdengo|[spread] p1a
|-activate|p1b: Weezing|move: Protect
|-damage|p1a: Gholdengo|68/100
|move|p1a: Gholdengo|Dazzling Gleam|p2a: Kingambit|[spread] p2a,p2b
|-resisted|p2a: Kingambit
|-damage|p2a: Kingambit|59/100
|-damage|p2b: Ninetales|0 fnt
|faint|p2b: Ninetales
|move|p2a: Kingambit|Iron Head|p1a: Gholdengo
|-supereffective|p1a: Gholdengo
|-damage|p1a: Gholdengo|0 fnt
|faint|p1a: Gholdengo
|
|-weather|Snowscape|[upkeep]
|upkeep
|
|t:|1757815707
|switch|p2b: Ursaluna|Ursaluna-Bloodmoon, L50, M|100/100
|switch|p1a: Garchomp|Garchomp, L50, F|100/100
|turn|5
|
|t:|1757815724
|move|p1b: Weezing|Protect||[still]
|-fail|p1b: Weezing
|move|p2a: Kingambit|Sucker Punch|p1a: Garchomp
|-damage|p1a: Garchomp|59/100
|move|p1a: Garchomp|Stomping Tantrum|p2a: Kingambit
|-supereffective|p2a: Kingambit
|-damage|p2a: Kingambit|0 fnt
|faint|p2a: Kingambit
|-damage|p1a: Garchomp|49/100|[from] item: Life Orb
|move|p2b: Ursaluna|Hyper Voice|p1b: Weezing|[spread] p1a,p1b
|-damage|p1a: Garchomp|0 fnt
|-damage|p1b: Weezing|0 fnt
|faint|p1a: Garchomp
|faint|p1b: Weezing
|-end|p1b: Weezing|ability: Neutralizing Gas
|-damage|p2b: Ursaluna|91/100|[from] item: Life Orb
|
|win|page-rk
|raw|NoiceDynamite's rating: 1025 → 1012(-13 for losing)
|raw|page-rk's rating: 1045 → 1076(+31 for winning)
