|j|☆SengarBlade
|j|☆middleagedpotato
|html|SengarBlademiddleagedpotato    
|uhtml|bestof|Game 3 of a best-of-3
|t:|1757850268
|gametype|doubles
|player|p1|SengarBlade|preschooler|
|player|p2|middleagedpotato|dawn-gen4pt|
|gen|9
|tier|[Gen 9] VGC 2025 Reg H (Bo3)
|rule|Species Clause: Limit one of each Pokémon
|rule|Item Clause: Limit 1 of each item
|clearpoke
|poke|p1|Murkrow, L50, M|
|poke|p1|Tyranitar, L50, M|
|poke|p1|Lycanroc, L50, M|
|poke|p1|Decidueye-Hisui, L50, M|
|poke|p1|Clefable, L50, M|
|poke|p1|Hydreigon, L50, F|
|poke|p2|Smeargle, L50, M|
|poke|p2|Amoonguss, L50, M|
|poke|p2|Gardevoir, L50, F|
|poke|p2|Ursaluna, L50, F|
|poke|p2|Azumarill, L50, F|
|poke|p2|Sneasler, L50, F|
|teampreview|4
|showteam|p1|Murkrow||Eviolite|Prankster|FoulPlay,Tailwind,Haze,Protect|||M|||50|,,,,,Steel]Tyranitar||ClearAmulet|SandStream|RockSlide,KnockOff,TeraBlast,Protect|||M|||50|,,,,,Flying]Lycanroc||FocusSash|SandRush|RockSlide,Accelerock,Endeavor,Endure|||M|||50|,,,,,Ghost]Decidueye-Hisui||LifeOrb|Scrappy|CloseCombat,LeafBlade,UpperHand,Protect|||M|||50|,,,,,Ghost]Clefable||SafetyGoggles|Unaware|Moonblast,FollowMe,HelpingHand,Protect|||M|||50|,,,,,Water]Hydreigon||AguavBerry|Levitate|DracoMeteor,DarkPulse,Snarl,Protect|||F|||50|,,,,,Poison
|showteam|p2|Smeargle||FocusSash|Moody|Imprison,Transform,Protect,Spore|||M|||50|,,,,,Ghost]Amoonguss||RockyHelmet|Regenerator|Spore,RagePowder,PollenPuff,Protect|||M|||50|,,,,,Ghost]Gardevoir||Leftovers|Telepathy|Imprison,Protect,TrickRoom,DazzlingGleam|||F|||50|,,,,,Fairy]Ursaluna||FlameOrb|Guts|Protect,Facade,Earthquake,Crunch|||F|||50|,,,,,Ghost]Azumarill||AssaultVest|HugePower|AquaTail,AquaJet,PlayRough,IceSpinner|||F|||50|,,,,,Water]Sneasler||WhiteHerb|Unburden|CloseCombat,DireClaw,Protect,Uturn|||F|||50|,,,,,Dark
|
|t:|1757850285
|teamsize|p1|4
|teamsize|p2|4
|start
|switch|p1a: Murkrow|Murkrow, L50, M|100/100
|switch|p1b: Tyranitar|Tyranitar, L50, M|100/100
|switch|p2a: Smeargle|Smeargle, L50, M|100/100
|switch|p2b: Amoonguss|Amoonguss, L50, M|100/100
|-weather|Sandstorm|[from] ability: Sand Stream|[of] p1b: Tyranitar
|turn|1
|
|t:|1757850305
|move|p2a: Smeargle|Protect|p2a: Smeargle
|-singleturn|p2a: Smeargle|Protect
|move|p1a: Murkrow|Foul Play|p2a: Smeargle
|-activate|p2a: Smeargle|move: Protect
|move|p1b: Tyranitar|Rock Slide|p2a: Smeargle|[spread] p2b
|-activate|p2a: Smeargle|move: Protect
|-damage|p2b: Amoonguss|68/100
|cant|p2b: Amoonguss|flinch
|
|-weather|Sandstorm|[upkeep]
|-damage|p2a: Smeargle|94/100|[from] Sandstorm
|-damage|p1a: Murkrow|94/100|[from] Sandstorm
|-damage|p2b: Amoonguss|63/100|[from] Sandstorm
|-ability|p2a: Smeargle|Moody|boost
|-boost|p2a: Smeargle|def|2
|-unboost|p2a: Smeargle|spd|1
|upkeep
|turn|2
|
|t:|1757850352
|move|p1a: Murkrow|Tailwind|p1a: Murkrow
|-sidestart|p1: SengarBlade|move: Tailwind
|move|p1b: Tyranitar|Rock Slide|p2a: Smeargle|[spread] p2a,p2b
|-damage|p2a: Smeargle|60/100
|-damage|p2b: Amoonguss|32/100
|move|p2a: Smeargle|Spore|p1a: Murkrow
|-status|p1a: Murkrow|slp|[from] move: Spore
|move|p2b: Amoonguss|Spore|p1b: Tyranitar
|-status|p1b: Tyranitar|slp|[from] move: Spore
|
|-weather|Sandstorm|[upkeep]
|-damage|p1a: Murkrow|88/100 slp|[from] Sandstorm
|-damage|p2a: Smeargle|54/100|[from] Sandstorm
|-damage|p2b: Amoonguss|26/100|[from] Sandstorm
|-ability|p2a: Smeargle|Moody|boost
|-boost|p2a: Smeargle|spa|2
|-unboost|p2a: Smeargle|spd|1
|upkeep
|turn|3
|
|t:|1757850382
|switch|p2b: Ursaluna|Ursaluna, L50, F|100/100
|cant|p1a: Murkrow|slp
|cant|p1b: Tyranitar|slp
|move|p2a: Smeargle|Imprison|p2a: Smeargle
|-start|p2a: Smeargle|move: Imprison
|
|-weather|Sandstorm|[upkeep]
|-damage|p1a: Murkrow|82/100 slp|[from] Sandstorm
|-damage|p2a: Smeargle|47/100|[from] Sandstorm
|-ability|p2a: Smeargle|Moody|boost
|-boost|p2a: Smeargle|spe|2
|-unboost|p2a: Smeargle|spa|1
|-status|p2b: Ursaluna|brn|[from] item: Flame Orb
|upkeep
|turn|4
|
|t:|1757850409
|-terastallize|p1b: Tyranitar|Flying
|move|p2a: Smeargle|Protect|p2a: Smeargle
|-singleturn|p2a: Smeargle|Protect
|cant|p1a: Murkrow|slp
|cant|p1b: Tyranitar|slp
|move|p2b: Ursaluna|Facade|p1a: Murkrow
|-damage|p1a: Murkrow|0 fnt
|faint|p1a: Murkrow
|
|-weather|Sandstorm|[upkeep]
|-damage|p2a: Smeargle|41/100|[from] Sandstorm
|-damage|p1b: Tyranitar|94/100 slp|[from] Sandstorm
|-damage|p2b: Ursaluna|95/100 brn|[from] brn
|-ability|p2a: Smeargle|Moody|boost
|-boost|p2a: Smeargle|spa|2
|-unboost|p2a: Smeargle|spd|1
|upkeep
|
|t:|1757850426
|switch|p1a: Lycanroc|Lycanroc, L50, M|100/100
|turn|5
|
|t:|1757850450
|move|p1a: Lycanroc|Rock Slide|p2a: Smeargle|[spread] p2a,p2b
|-resisted|p2b: Ursaluna
|-crit|p2b: Ursaluna
|-damage|p2a: Smeargle|9/100
|-damage|p2b: Ursaluna|76/100 brn
|cant|p2a: Smeargle|flinch
|-curestatus|p1b: Tyranitar|slp|[msg]
|move|p1b: Tyranitar|Rock Slide|p2a: Smeargle|[spread] p2b
|-miss|p1b: Tyranitar|p2a: Smeargle
|-resisted|p2b: Ursaluna
|-damage|p2b: Ursaluna|62/100 brn
|cant|p2b: Ursaluna|flinch
|
|-weather|none
|-damage|p2b: Ursaluna|57/100 brn|[from] brn
|-sideend|p1: SengarBlade|move: Tailwind
|-ability|p2a: Smeargle|Moody|boost
|-boost|p2a: Smeargle|spd|2
|-unboost|p2a: Smeargle|spa|1
|upkeep
|turn|6
|
|t:|1757850474
|move|p2a: Smeargle|Protect|p2a: Smeargle
|-singleturn|p2a: Smeargle|Protect
|move|p1a: Lycanroc|Rock Slide|p2a: Smeargle|[spread] p2b
|-activate|p2a: Smeargle|move: Protect
|-resisted|p2b: Ursaluna
|-damage|p2b: Ursaluna|43/100 brn
|move|p1b: Tyranitar|Rock Slide|p2b: Ursaluna|[spread] p2b
|-activate|p2a: Smeargle|move: Protect
|-resisted|p2b: Ursaluna
|-damage|p2b: Ursaluna|30/100 brn
|cant|p2b: Ursaluna|flinch
|
|-damage|p2b: Ursaluna|24/100 brn|[from] brn
|-ability|p2a: Smeargle|Moody|boost
|-boost|p2a: Smeargle|spd|2
|-unboost|p2a: Smeargle|spe|1
|upkeep
|turn|7
|
|t:|1757850511
|move|p2a: Smeargle|Protect|p2a: Smeargle
|-singleturn|p2a: Smeargle|Protect
|move|p1a: Lycanroc|Rock Slide|p2b: Ursaluna|[spread] p2b
|-activate|p2a: Smeargle|move: Protect
|-resisted|p2b: Ursaluna
|-damage|p2b: Ursaluna|12/100 brn
|move|p1b: Tyranitar|Tera Blast|p2b: Ursaluna|[anim] Tera Blast Flying
|-damage|p2b: Ursaluna|0 fnt
|faint|p2b: Ursaluna
|
|-ability|p2a: Smeargle|Moody|boost
|-boost|p2a: Smeargle|spd|2
|-unboost|p2a: Smeargle|spe|1
|upkeep
|
|t:|1757850527
|switch|p2b: Azumarill|Azumarill, L50, F|100/100
|turn|8
|
|t:|1757850558
|switch|p1b: Decidueye|Decidueye-Hisui, L50, M|100/100
|move|p1a: Lycanroc|Accelerock|p2a: Smeargle
|-damage|p2a: Smeargle|0 fnt
|faint|p2a: Smeargle
|move|p2b: Azumarill|Ice Spinner|p1b: Decidueye
|-supereffective|p1b: Decidueye
|-damage|p1b: Decidueye|32/100
|
|upkeep
|
|t:|1757850569
|switch|p2a: Amoonguss|Amoonguss, L50, M|59/100
|turn|9
|
|t:|1757850587
|switch|p1a: Tyranitar|Tyranitar, L50, M, tera:Flying|94/100
|-weather|Sandstorm|[from] ability: Sand Stream|[of] p1a: Tyranitar
|move|p1b: Decidueye|Leaf Blade|p2b: Azumarill
|-supereffective|p2b: Azumarill
|-damage|p2b: Azumarill|0 fnt
|faint|p2b: Azumarill
|-damage|p1b: Decidueye|22/100|[from] item: Life Orb
|move|p2a: Amoonguss|Spore|p1a: Tyranitar
|-status|p1a: Tyranitar|slp|[from] move: Spore
|
|-weather|Sandstorm|[upkeep]
|-damage|p1a: Tyranitar|88/100 slp|[from] Sandstorm
|-damage|p1b: Decidueye|16/100|[from] Sandstorm
|-damage|p2a: Amoonguss|54/100|[from] Sandstorm
|upkeep
|turn|10
|-message|middleagedpotato forfeited.
|
|win|SengarBlade
