|j|☆pikatrod
|j|☆Axo of DOOM
|html|pikatrodAxo of DOOM    
|uhtml|bestof|Game 1 of a best-of-3
|t:|1784091532
|gametype|doubles
|player|p1|pikatrod|102|1343
|player|p2|Axo of DOOM|crasherwake|1366
|gen|9
|tier|[Gen 9 Champions] VGC 2026 Reg M-B (Bo3)
|rated|
|rule|Species Clause: Limit one of each Pokémon
|rule|Item Clause: Limit 1 of each item
|clearpoke
|poke|p1|Kingambit, L50, M|
|poke|p1|Charizard, L50, F|
|poke|p1|Aerodactyl, L50, M|
|poke|p1|Farigiraf, L50, F|
|poke|p1|Garchomp, L50, M|
|poke|p1|Sylveon, L50, F|
|poke|p2|Sinistcha, L50|
|poke|p2|Incineroar, L50, F|
|poke|p2|Milotic, L50, M|
|poke|p2|Raichu, L50, F|
|poke|p2|Floette-Eternal, L50, F|
|poke|p2|Ceruledge, L50, F|
|teampreview|4
|showteam|p1|Kingambit||FocusSash|Defiant|KowtowCleave,IronHead,SuckerPunch,LowKick|Adamant||M|||50|]Charizard||CharizarditeY|Blaze|HeatWave,SolarBeam,WeatherBall,Protect|Modest||F|||50|]Aerodactyl||Aerodactylite|Unnerve|RockSlide,DualWingbeat,IceFang,Tailwind|Jolly||M|||50|]Farigiraf||SitrusBerry|ArmorTail|TwinBeam,Thunderbolt,TrickRoom,Roar|Bold||F|||50|]Garchomp||LifeOrb|RoughSkin|Earthquake,DragonClaw,StompingTantrum,Protect|Jolly||M|||50|]Sylveon||FairyFeather|Pixilate|HyperVoice,HyperBeam,QuickAttack,Protect|Modest||F|||50|
|showteam|p2|Sinistcha||KasibBerry|Hospitality|MatchaGotcha,LifeDew,RagePowder,Protect|Relaxed|||||50|]Incineroar||SitrusBerry|Intimidate|FlareBlitz,ThroatChop,FakeOut,PartingShot|Impish||F|||50|]Milotic||Leftovers|Competitive|MuddyWater,Coil,Hypnosis,Protect|Calm||M|||50|]Raichu||RaichuniteY|LightningRod|ZapCannon,FocusBlast,FakeOut,Protect|Timid||F|||50|]Floette-Eternal||Floettite|FlowerVeil|DazzlingGleam,DrainingKiss,CalmMind,Protect|Timid||F|||50|]Ceruledge||ColburBerry|FlashFire|BitterBlade,ShadowSneak,BulkUp,Protect|Adamant||F|||50|
|inactive|Battle timer is ON: inactive players will automatically lose when time's up. (requested by Axo of DOOM)
|
|t:|1784091567
|teamsize|p1|4
|teamsize|p2|4
|start
|switch|p1a: Aerodactyl|Aerodactyl, L50, M|100/100
|switch|p1b: Garchomp|Garchomp, L50, M|100/100
|switch|p2a: Incineroar|Incineroar, L50, F|100/100
|switch|p2b: Milotic|Milotic, L50, M|100/100
|-ability|p1a: Aerodactyl|Unnerve
|-ability|p2a: Incineroar|Intimidate|boost
|-unboost|p1a: Aerodactyl|atk|1
|-unboost|p1b: Garchomp|atk|1
|turn|1
|
|t:|1784091587
|detailschange|p1a: Aerodactyl|Aerodactyl-Mega, L50, M
|-mega|p1a: Aerodactyl|Aerodactyl|Aerodactylite
|move|p2a: Incineroar|Fake Out|p1b: Garchomp
|-damage|p1b: Garchomp|89/100
|-damage|p2a: Incineroar|87/100|[from] ability: Rough Skin|[of] p1b: Garchomp
|move|p1a: Aerodactyl|Rock Slide|p2b: Milotic|[spread] p2a,p2b
|-supereffective|p2a: Incineroar|1
|-damage|p2a: Incineroar|54/100
|-damage|p2b: Milotic|82/100
|cant|p1b: Garchomp|flinch
|move|p2b: Milotic|Coil|p2b: Milotic
|-boost|p2b: Milotic|atk|1
|-boost|p2b: Milotic|def|1
|-boost|p2b: Milotic|accuracy|1
|
|-heal|p2b: Milotic|88/100|[from] item: Leftovers
|upkeep
|turn|2
|inactive|Axo of DOOM has 30 seconds left.
|
|t:|1784091619
|switch|p1a: Kingambit|Kingambit, L50, M|100/100
|move|p1b: Garchomp|Stomping Tantrum|p2a: Incineroar
|-supereffective|p2a: Incineroar|1
|-damage|p2a: Incineroar|0 fnt
|faint|p2a: Incineroar
|-damage|p1b: Garchomp|79/100|[from] item: Life Orb
|move|p2b: Milotic|Coil|p2b: Milotic
|-boost|p2b: Milotic|atk|1
|-boost|p2b: Milotic|def|1
|-boost|p2b: Milotic|accuracy|1
|
|-heal|p2b: Milotic|94/100|[from] item: Leftovers
|upkeep
|
|t:|1784091636
|switch|p2a: Ceruledge|Ceruledge, L50, F|100/100
|turn|3
|
|t:|1784091647
|move|p1b: Garchomp|Stomping Tantrum|p2a: Ceruledge
|-supereffective|p2a: Ceruledge|1
|-crit|p2a: Ceruledge
|-damage|p2a: Ceruledge|0 fnt
|faint|p2a: Ceruledge
|-damage|p1b: Garchomp|69/100|[from] item: Life Orb
|move|p2b: Milotic|Hypnosis|p1a: Kingambit
|-status|p1a: Kingambit|slp|[from] move: Hypnosis
|cant|p1a: Kingambit|slp
|
|-heal|p2b: Milotic|100/100|[from] item: Leftovers
|upkeep
|
|t:|1784091654
|switch|p2a: Sinistcha|Sinistcha, L50|100/100
|turn|4
|
|t:|1784091665
|move|p1b: Garchomp|Protect|p1b: Garchomp
|-singleturn|p1b: Garchomp|Protect
|move|p2b: Milotic|Muddy Water|p1a: Kingambit|[spread] p1a
|-activate|p1b: Garchomp|move: Protect
|-damage|p1a: Kingambit|74/100 slp
|-unboost|p1a: Kingambit|accuracy|1
|-ability|p1a: Kingambit|Defiant|boost
|-boost|p1a: Kingambit|atk|2
|cant|p1a: Kingambit|slp
|move|p2a: Sinistcha|Matcha Gotcha|p1b: Garchomp|[spread] p1a
|-activate|p1b: Garchomp|move: Protect
|-resisted|p1a: Kingambit|1
|-damage|p1a: Kingambit|59/100 slp
|
|upkeep
|turn|5
|inactive|Axo of DOOM has 30 seconds left.
|
|t:|1784091692
|move|p2a: Sinistcha|Protect|p2a: Sinistcha
|-singleturn|p2a: Sinistcha|Protect
|move|p1b: Garchomp|Dragon Claw|p2b: Milotic
|-damage|p2b: Milotic|84/100
|-damage|p1b: Garchomp|60/100|[from] item: Life Orb
|move|p2b: Milotic|Muddy Water|p1a: Kingambit|[spread] p1a,p1b
|-damage|p1a: Kingambit|33/100 slp
|-damage|p1b: Garchomp|35/100
|-unboost|p1b: Garchomp|accuracy|1
|-curestatus|p1a: Kingambit|slp|[msg]
|move|p1a: Kingambit|Kowtow Cleave|p2a: Sinistcha
|-activate|p2a: Sinistcha|move: Protect
|
|-heal|p2b: Milotic|90/100|[from] item: Leftovers
|upkeep
|turn|6
|
|t:|1784091716
|move|p1b: Garchomp|Dragon Claw|p2b: Milotic
|-damage|p2b: Milotic|74/100
|-damage|p1b: Garchomp|25/100|[from] item: Life Orb
|move|p2b: Milotic|Hypnosis|p1a: Kingambit
|-status|p1a: Kingambit|slp|[from] move: Hypnosis
|cant|p1a: Kingambit|slp
|move|p2a: Sinistcha|Life Dew||[still]|[spread] p2a,p2b
|-fail|p2a: Sinistcha|heal
|-heal|p2b: Milotic|100/100
|
|upkeep
|turn|7
|
|t:|1784091729
|move|p1b: Garchomp|Dragon Claw|p2b: Milotic|[miss]
|-miss|p1b: Garchomp|p2b: Milotic
|move|p2b: Milotic|Muddy Water|p1b: Garchomp|[spread] p1a,p1b
|-damage|p1a: Kingambit|5/100 slp
|-damage|p1b: Garchomp|1/100
|-curestatus|p1a: Kingambit|slp|[msg]
|move|p1a: Kingambit|Kowtow Cleave|p2a: Sinistcha
|-supereffective|p2a: Sinistcha|1
|-damage|p2a: Sinistcha|0 fnt
|faint|p2a: Sinistcha
|
|upkeep
|turn|8
|
|t:|1784091743
|move|p1b: Garchomp|Dragon Claw|p2b: Milotic
|-damage|p2b: Milotic|84/100
|-damage|p1b: Garchomp|0 fnt|[from] item: Life Orb
|faint|p1b: Garchomp
|move|p2b: Milotic|Hypnosis|p1a: Kingambit
|-status|p1a: Kingambit|slp|[from] move: Hypnosis
|cant|p1a: Kingambit|slp
|
|-heal|p2b: Milotic|90/100|[from] item: Leftovers
|upkeep
|
|t:|1784091752
|switch|p1b: Farigiraf|Farigiraf, L50, F|100/100
|turn|9
|
|t:|1784091761
|cant|p1a: Kingambit|slp
|move|p2b: Milotic|Hypnosis|p1b: Farigiraf
|-status|p1b: Farigiraf|slp|[from] move: Hypnosis
|cant|p1b: Farigiraf|slp
|
|-heal|p2b: Milotic|96/100|[from] item: Leftovers
|upkeep
|turn|10
|
|t:|1784091767
|-curestatus|p1a: Kingambit|slp|[msg]
|move|p1a: Kingambit|Sucker Punch|p2b: Milotic
|-damage|p2b: Milotic|58/100
|move|p2b: Milotic|Muddy Water|p1a: Kingambit|[spread] p1a,p1b
|-damage|p1a: Kingambit|0 fnt
|-damage|p1b: Farigiraf|77/100 slp
|-unboost|p1b: Farigiraf|accuracy|1
|faint|p1a: Kingambit
|cant|p1b: Farigiraf|slp
|
|-heal|p2b: Milotic|64/100|[from] item: Leftovers
|upkeep
|
|t:|1784091772
|switch|p1a: Aerodactyl|Aerodactyl-Mega, L50, M|100/100
|turn|11
|
|t:|1784091780
|move|p1a: Aerodactyl|Rock Slide|p2b: Milotic
|-damage|p2b: Milotic|48/100
|move|p2b: Milotic|Hypnosis|p1a: Aerodactyl
|-status|p1a: Aerodactyl|slp|[from] move: Hypnosis
|-curestatus|p1b: Farigiraf|slp|[msg]
|move|p1b: Farigiraf|Thunderbolt|p2b: Milotic
|-supereffective|p2b: Milotic|1
|-damage|p2b: Milotic|20/100y
|
|-heal|p2b: Milotic|26/100|[from] item: Leftovers
|upkeep
|turn|12
|
|t:|1784091792
|cant|p1a: Aerodactyl|slp
|move|p2b: Milotic|Hypnosis|p1b: Farigiraf
|-status|p1b: Farigiraf|slp|[from] move: Hypnosis
|cant|p1b: Farigiraf|slp
|
|-heal|p2b: Milotic|32/100|[from] item: Leftovers
|upkeep
|turn|13
|
|t:|1784091799
|cant|p1a: Aerodactyl|slp
|move|p2b: Milotic|Muddy Water|p1b: Farigiraf|[spread] p1a,p1b
|-supereffective|p1a: Aerodactyl|1
|-damage|p1a: Aerodactyl|46/100 slp
|-damage|p1b: Farigiraf|55/100 slp
|cant|p1b: Farigiraf|slp
|
|-heal|p2b: Milotic|38/100|[from] item: Leftovers
|upkeep
|turn|14
|
|t:|1784091812
|move|p2b: Milotic|Protect|p2b: Milotic
|-singleturn|p2b: Milotic|Protect
|-curestatus|p1a: Aerodactyl|slp|[msg]
|move|p1a: Aerodactyl|Rock Slide|p2b: Milotic
|-activate|p2b: Milotic|move: Protect
|-curestatus|p1b: Farigiraf|slp|[msg]
|move|p1b: Farigiraf|Thunderbolt|p2b: Milotic
|-activate|p2b: Milotic|move: Protect
|
|-heal|p2b: Milotic|44/100|[from] item: Leftovers
|upkeep
|turn|15
|
|t:|1784091821
|move|p1a: Aerodactyl|Rock Slide|p2b: Milotic
|-damage|p2b: Milotic|27/100
|cant|p2b: Milotic|flinch
|move|p1b: Farigiraf|Thunderbolt|p2b: Milotic|[miss]
|-miss|p1b: Farigiraf|p2b: Milotic
|
|-heal|p2b: Milotic|33/100|[from] item: Leftovers
|upkeep
|turn|16
|
|t:|1784091829
|move|p2b: Milotic|Protect|p2b: Milotic
|-singleturn|p2b: Milotic|Protect
|move|p1a: Aerodactyl|Rock Slide|p2b: Milotic
|-activate|p2b: Milotic|move: Protect
|move|p1b: Farigiraf|Thunderbolt|p2b: Milotic
|-activate|p2b: Milotic|move: Protect
|
|-heal|p2b: Milotic|39/100|[from] item: Leftovers
|upkeep
|turn|17
|
|t:|1784091839
|move|p1a: Aerodactyl|Rock Slide|p2b: Milotic
|-damage|p2b: Milotic|22/100
|cant|p2b: Milotic|flinch
|move|p1b: Farigiraf|Thunderbolt|p2b: Milotic
|-supereffective|p2b: Milotic|1
|-damage|p2b: Milotic|0 fnt
|faint|p2b: Milotic
|
|win|pikatrod
||Axo of DOOM is ready for game 2.
||pikatrod is ready for game 2.
|uhtml|next|Next: Game 2 of 3
|l|☆Axo of DOOM
|player|p2|
|l|☆pikatrod
|player|p1|
|j|☆pikatrod
|player|p1|pikatrod|102|
