|j|☆Etchebest Marx
|j|☆AFGAzalea
|html|Etchebest MarxAFGAzalea    
|uhtml|bestof|Game 2 of a best-of-3
|t:|1756745500
|gametype|doubles
|player|p1|Etchebest Marx|miku-ground|1000
|player|p2|AFGAzalea|winona|1000
|gen|9
|tier|[Gen 9] VGC 2025 Reg H (Bo3)
|rated|
|rule|Species Clause: Limit one of each Pokémon
|rule|Item Clause: Limit 1 of each item
|clearpoke
|poke|p1|Amoonguss, L50, F|
|poke|p1|Ursaluna, L50, F|
|poke|p1|Hydreigon, L50, F|
|poke|p1|Incineroar, L50, F|
|poke|p1|Porygon2, L50|
|poke|p1|Gholdengo, L50|
|poke|p2|Volcarona, L50, F|
|poke|p2|Hypno, L50, F|
|poke|p2|Maushold, L50|
|poke|p2|Grimmsnarl, L50, M|
|poke|p2|Glimmora, L50, M|
|poke|p2|Annihilape, L50, M|
|teampreview|4
|showteam|p1|Amoonguss||RockyHelmet|Regenerator|PollenPuff,Spore,RagePowder,Protect|||F|||50|,,,,,Fairy]Ursaluna||FlameOrb|Guts|Facade,HeadlongRush,Earthquake,Protect|||F|||50|,,,,,Ghost]Hydreigon||SafetyGoggles|Levitate|DracoMeteor,Snarl,Tailwind,Protect|||F|||50|,,,,,Ghost]Incineroar||AssaultVest|Intimidate|FakeOut,KnockOff,FlareBlitz,Uturn|||F|||50|,,,,,Ghost]Porygon2||Eviolite|Download|TeraBlast,IceBeam,Recover,TrickRoom||||||50|,,,,,Fighting]Gholdengo||MetalCoat|GoodasGold|MakeItRain,ShadowBall,NastyPlot,Protect||||||50|,,,,,Water
|showteam|p2|Volcarona||Leftovers|FlameBody|HeatWave,QuiverDance,GigaDrain,Protect|||F|||50|,,,,,Grass]Hypno||AguavBerry|Insomnia|ExpandingForce,Haze,Imprison,TrickRoom|||F|||50|,,,,,Ghost]Maushold||SafetyGoggles|FriendGuard|Taunt,Protect,BeatUp,FollowMe||||||50|,,,,,Fairy]Grimmsnarl||LightClay|Prankster|SpiritBreak,LightScreen,Reflect,ThunderWave|||M|||50|,,,,,Ghost]Glimmora||AssaultVest|ToxicDebris|MortalSpin,PowerGem,SludgeBomb,EarthPower|||M|||50|,,,,,Steel]Annihilape||SitrusBerry|Defiant|RageFist,DrainPunch,Protect,BulkUp|||M|||50|,,,,,Water
|
|t:|1756745546
|teamsize|p1|4
|teamsize|p2|4
|start
|switch|p1a: Hydreigon|Hydreigon, L50, F|100/100
|switch|p1b: Ursaluna|Ursaluna, L50, F|100/100
|switch|p2a: Grimmsnarl|Grimmsnarl, L50, M, shiny|100/100
|switch|p2b: Annihilape|Annihilape, L50, M, shiny|100/100
|turn|1
|
|t:|1756745596
|move|p1a: Hydreigon|Protect|p1a: Hydreigon
|-singleturn|p1a: Hydreigon|Protect
|move|p2a: Grimmsnarl|Light Screen|p2a: Grimmsnarl
|-sidestart|p2: AFGAzalea|move: Light Screen
|move|p2b: Annihilape|Bulk Up|p2b: Annihilape
|-boost|p2b: Annihilape|atk|1
|-boost|p2b: Annihilape|def|1
|move|p1b: Ursaluna|Earthquake|p2b: Annihilape|[spread] p2a,p2b
|-activate|p1a: Hydreigon|move: Protect
|-damage|p2a: Grimmsnarl|50/100
|-damage|p2b: Annihilape|71/100
|
|-status|p1b: Ursaluna|brn|[from] item: Flame Orb
|upkeep
|turn|2
|inactive|Battle timer is ON: inactive players will automatically lose when time's up. (requested by AFGAzalea)
|
|t:|1756745623
|switch|p1b: Gholdengo|Gholdengo, L50|100/100
|move|p2b: Annihilape|Protect|p2b: Annihilape
|-singleturn|p2b: Annihilape|Protect
|move|p2a: Grimmsnarl|Reflect|p2a: Grimmsnarl
|-sidestart|p2: AFGAzalea|Reflect
|move|p1a: Hydreigon|Tailwind|p1a: Hydreigon
|-sidestart|p1: Etchebest Marx|move: Tailwind
|
|upkeep
|turn|3
|inactive|AFGAzalea has 30 seconds left.
|
|t:|1756745657
|-terastallize|p2b: Annihilape|Water
|move|p1a: Hydreigon|Protect|p1a: Hydreigon
|-singleturn|p1a: Hydreigon|Protect
|move|p1b: Gholdengo|Nasty Plot|p1b: Gholdengo
|-boost|p1b: Gholdengo|spa|2
|move|p2b: Annihilape|Rage Fist|p1b: Gholdengo
|-supereffective|p1b: Gholdengo
|-damage|p1b: Gholdengo|0 fnt
|faint|p1b: Gholdengo
|move|p2a: Grimmsnarl|Spirit Break|p1a: Hydreigon
|-activate|p1a: Hydreigon|move: Protect
|
|upkeep
|
|t:|1756745674
|switch|p1b: Ursaluna|Ursaluna, L50, F|100/100 brn
|turn|4
|inactive|Etchebest Marx has 30 seconds left.
|inactive|AFGAzalea has 30 seconds left.
|inactive|Etchebest Marx has 20 seconds left.
|inactive|Etchebest Marx has 15 seconds left.
|inactive|Etchebest Marx has 10 seconds left.
|
|t:|1756745722
|-terastallize|p1b: Ursaluna|Ghost
|move|p2b: Annihilape|Protect|p2b: Annihilape
|-singleturn|p2b: Annihilape|Protect
|move|p1a: Hydreigon|Draco Meteor|p2b: Annihilape
|-activate|p2b: Annihilape|move: Protect
|move|p1b: Ursaluna|Facade|p2b: Annihilape
|-activate|p2b: Annihilape|move: Protect
|move|p2a: Grimmsnarl|Spirit Break|p1a: Hydreigon
|-supereffective|p1a: Hydreigon
|-damage|p1a: Hydreigon|0 fnt
|faint|p1a: Hydreigon
|
|-damage|p1b: Ursaluna|95/100 brn|[from] brn
|upkeep
|
|t:|1756745728
|switch|p1a: Incineroar|Incineroar, L50, F, shiny|100/100
|-ability|p1a: Incineroar|Intimidate|boost
|-unboost|p2a: Grimmsnarl|atk|1
|-unboost|p2b: Annihilape|atk|1
|-ability|p2b: Annihilape|Defiant|boost
|-boost|p2b: Annihilape|atk|2
|turn|5
|inactive|AFGAzalea has 30 seconds left.
|
|t:|1756745761
|move|p1a: Incineroar|Fake Out|p2b: Annihilape
|-damage|p2b: Annihilape|66/100
|move|p1b: Ursaluna|Facade|p2b: Annihilape
|-damage|p2b: Annihilape|16/100
|-enditem|p2b: Annihilape|Sitrus Berry|[eat]
|-heal|p2b: Annihilape|41/100|[from] item: Sitrus Berry
|cant|p2b: Annihilape|flinch
|move|p2a: Grimmsnarl|Spirit Break|p1b: Ursaluna
|-damage|p1b: Ursaluna|79/100 brn
|-unboost|p1b: Ursaluna|spa|1
|
|-damage|p1b: Ursaluna|73/100 brn|[from] brn
|-sideend|p1: Etchebest Marx|move: Tailwind
|upkeep
|turn|6
|-message|Etchebest Marx forfeited.
|
|win|AFGAzalea
|raw|Etchebest Marx's rating: 1000 → 1000(+0 for losing)
|raw|AFGAzalea's rating: 1000 → 1040(+40 for winning)
|l|☆Etchebest Marx
|player|p1|
