|j|☆Sapitoch 4
|j|☆SwagbossVillage
|html|Sapitoch 4SwagbossVillage    
|uhtml|bestof|Game 2 of a best-of-3
|t:|1782324938
|gametype|doubles
|player|p1|Sapitoch 4|101|1134
|player|p2|SwagbossVillage|1|1047
|gen|9
|tier|[Gen 9 Champions] VGC 2026 Reg M-B (Bo3)
|rated|
|rule|Species Clause: Limit one of each Pokémon
|rule|Item Clause: Limit 1 of each item
|clearpoke
|poke|p1|Gengar, L50, F|
|poke|p1|Whimsicott, L50, M|
|poke|p1|Incineroar, L50, M|
|poke|p1|Dragonite, L50, F|
|poke|p1|Politoed, L50, F|
|poke|p1|Sneasler, L50, F|
|poke|p2|Hydreigon, L50, M|
|poke|p2|Mr. Rime, L50, M, shiny|
|poke|p2|Metagross, L50|
|poke|p2|Charizard, L50, F|
|poke|p2|Grimmsnarl, L50, M|
|poke|p2|Toxapex, L50, F|
|teampreview|4
|showteam|p1|Gengar||Gengarite|CursedBody|ShadowBall,SludgeBomb,Disable,Protect|Timid||F|||50|]Whimsicott||FocusSash|Prankster|Protect,EnergyBall,Tailwind,Encore|Bold||M|||50|]Incineroar||PasshoBerry|Intimidate|FakeOut,FlareBlitz,DarkestLariat,PartingShot|Jolly||M|||50|]Dragonite||DragonFang|Multiscale|DragonClaw,LowKick,Protect,ExtremeSpeed|Adamant||F|||50|]Politoed||MysticWater|Drizzle|WeatherBall,MuddyWater,Protect,Encore|Modest||F|||50|]Sneasler||WhiteHerb|Unburden|CloseCombat,FakeOut,Protect,DireClaw|Jolly||F|||50|
|showteam|p2|Hydreigon||ChoiceScarf|Levitate|HeatWave,DarkPulse,DracoMeteor,Snarl|Modest||M|||50|]Mr. Rime||FocusSash|ScreenCleaner|FakeOut,Blizzard,Protect,SunnyDay|Serious||M|||50|]Metagross||Metagrossite|ClearBody|IronHead,HammerArm,BulletPunch,Protect|Adamant|||||50|]Charizard||CharizarditeY|Blaze|Protect,HeatWave,SolarBeam,WeatherBall|Timid||F|||50|]Grimmsnarl||RoseliBerry|Prankster|FakeOut,FoulPlay,Reflect,PartingShot|Sassy||M|||50|]Toxapex||Leftovers|Regenerator|Infestation,Toxic,BanefulBunker,WideGuard|Bold||F|||50|
|
|t:|1782324969
|teamsize|p1|4
|teamsize|p2|4
|start
|switch|p1a: Gengar|Gengar, L50, F|100/100
|switch|p1b: Sneasler|Sneasler, L50, F|100/100
|switch|p2a: Hydreigon|Hydreigon, L50, M|100/100
|switch|p2b: Grimmsnarl|Grimmsnarl, L50, M|100/100
|turn|1
|
|t:|1782324987
|detailschange|p1a: Gengar|Gengar-Mega, L50, F
|-mega|p1a: Gengar|Gengar|Gengarite
|move|p1b: Sneasler|Fake Out|p2a: Hydreigon
|-damage|p2a: Hydreigon|83/100
|cant|p2a: Hydreigon|flinch
|move|p1a: Gengar|Sludge Bomb|p2b: Grimmsnarl
|-supereffective|p2b: Grimmsnarl|1
|-damage|p2b: Grimmsnarl|13/100
|move|p2b: Grimmsnarl|Foul Play|p1a: Gengar
|-supereffective|p1a: Gengar|1
|-damage|p1a: Gengar|55/100
|
|upkeep
|turn|2
|
|t:|1782325006
|switch|p1a: Incineroar|Incineroar, L50, M|100/100
|-ability|p1a: Incineroar|Intimidate|boost
|-unboost|p2a: Hydreigon|atk|1
|-unboost|p2b: Grimmsnarl|atk|1
|move|p2b: Grimmsnarl|Parting Shot|p1b: Sneasler
|-unboost|p1b: Sneasler|atk|1
|-unboost|p1b: Sneasler|spa|1
|
|t:|1782325014
|switch|p2b: Toxapex|Toxapex, L50, F|100/100|[from] Parting Shot
|-enditem|p1b: Sneasler|White Herb
|-clearnegativeboost|p1b: Sneasler|[silent]
|move|p1b: Sneasler|Close Combat|p2a: Hydreigon
|-supereffective|p2a: Hydreigon|1
|-damage|p2a: Hydreigon|0 fnt
|-unboost|p1b: Sneasler|def|1
|-unboost|p1b: Sneasler|spd|1
|faint|p2a: Hydreigon
|
|upkeep
|
|t:|1782325026
|switch|p2a: Grimmsnarl|Grimmsnarl, L50, M|13/100
|turn|3
|
|t:|1782325052
|move|p1a: Incineroar|Fake Out|p2b: Toxapex
|-damage|p2b: Toxapex|92/100
|move|p2a: Grimmsnarl|Reflect|p2a: Grimmsnarl
|-sidestart|p2: SwagbossVillage|Reflect
|move|p1b: Sneasler|Dire Claw|p2a: Grimmsnarl
|-supereffective|p2a: Grimmsnarl|1
|-damage|p2a: Grimmsnarl|0 fnt
|faint|p2a: Grimmsnarl
|cant|p2b: Toxapex|flinch
|
|-heal|p2b: Toxapex|98/100|[from] item: Leftovers
|upkeep
|
|t:|1782325064
|switch|p2a: Charizard|Charizard, L50, F|100/100
|turn|4
|
|t:|1782325075
|detailschange|p2a: Charizard|Charizard-Mega-Y, L50, F
|-mega|p2a: Charizard|Charizard|Charizardite Y
|-weather|SunnyDay|[from] ability: Drought|[of] p2a: Charizard
|move|p1b: Sneasler|Protect|p1b: Sneasler
|-singleturn|p1b: Sneasler|Protect
|move|p2a: Charizard|Weather Ball|p1a: Incineroar
|-resisted|p1a: Incineroar|1
|-damage|p1a: Incineroar|70/100
|move|p1a: Incineroar|Parting Shot|p2a: Charizard
|-unboost|p2a: Charizard|atk|1
|-unboost|p2a: Charizard|spa|1
|
|t:|1782325084
|switch|p1a: Politoed|Politoed, L50, F|100/100|[from] Parting Shot
|-weather|RainDance|[from] ability: Drizzle|[of] p1a: Politoed
|move|p2b: Toxapex|Toxic|p1a: Politoed
|-status|p1a: Politoed|tox
|
|-weather|RainDance|[upkeep]
|-heal|p2b: Toxapex|100/100|[from] item: Leftovers
|-damage|p1a: Politoed|93/100 tox|[from] psn
|upkeep
|turn|5
|
|t:|1782325102
|switch|p1b: Gengar|Gengar-Mega, L50, F|55/100
|move|p2a: Charizard|Weather Ball|p1b: Gengar
|-damage|p1b: Gengar|17/100
|move|p1a: Politoed|Encore|p2b: Toxapex
|-start|p2b: Toxapex|Encore
|move|p2b: Toxapex|Toxic|p1a: Politoed
|-fail|p1a: Politoed|tox
|
|-weather|RainDance|[upkeep]
|-damage|p1a: Politoed|81/100 tox|[from] psn
|upkeep
|turn|6
|
|t:|1782325120
|move|p1b: Gengar|Disable|p2b: Toxapex
|-start|p2b: Toxapex|Disable|Toxic
|move|p2a: Charizard|Heat Wave|p1a: Politoed|[spread] p1a,p1b
|-resisted|p1a: Politoed|1
|-damage|p1a: Politoed|76/100 tox
|-damage|p1b: Gengar|4/100
|move|p1a: Politoed|Weather Ball|p2a: Charizard
|-supereffective|p2a: Charizard|1
|-crit|p2a: Charizard
|-damage|p2a: Charizard|0 fnt
|faint|p2a: Charizard
|cant|p2b: Toxapex|Disable|Toxic
|
|-weather|RainDance|[upkeep]
|-damage|p1a: Politoed|57/100 tox|[from] psn
|upkeep
|turn|7
|-message|SwagbossVillage forfeited.
|
|win|Sapitoch 4
|raw|Sapitoch 4's rating: 1134 → 1153(+19 for winning)
|raw|SwagbossVillage's rating: 1047 → 1034(-13 for losing)
|l|☆SwagbossVillage
|player|p2|
