|j|☆mesochob0
|j|☆washingtongargacha
|html|mesochob0washingtongargacha    
|uhtml|bestof|Game 2 of a best-of-3
|t:|1757188332
|gametype|doubles
|player|p1|mesochob0|169|1267
|player|p2|washingtongargacha|169|1129
|gen|9
|tier|[Gen 9] VGC 2025 Reg H (Bo3)
|rated|
|rule|Species Clause: Limit one of each Pokémon
|rule|Item Clause: Limit 1 of each item
|clearpoke
|poke|p1|Torkoal, L50, M|
|poke|p1|Indeedee-F, L50, F|
|poke|p1|Hatterene, L50, F|
|poke|p1|Sneasler, L50, F|
|poke|p1|Typhlosion, L50, F|
|poke|p1|Ursaluna-Bloodmoon, L50, M|
|poke|p2|Talonflame, L50, M|
|poke|p2|Gholdengo, L50|
|poke|p2|Dragonite, L50, F|
|poke|p2|Archaludon, L50, F|
|poke|p2|Tyranitar, L50, M|
|poke|p2|Garchomp, L50, F|
|teampreview|4
|showteam|p1|Torkoal||ChoiceSpecs|Drought|Eruption,WeatherBall,EarthPower,SolarBeam|||M|||50|,,,,,Fire]Indeedee-F||EjectButton|PsychicSurge|FollowMe,TrickRoom,Psychic,HelpingHand|||F|||50|,,,,,Steel]Hatterene||LifeOrb|MagicBounce|ExpandingForce,DazzlingGleam,Protect,TrickRoom|||F|||50|,,,,,Water]Sneasler||PsychicSeed|Unburden|CloseCombat,DireClaw,Protect,ThroatChop|||F|||50|,,,,,Dark]Typhlosion||ChoiceScarf|FlashFire|Eruption,HeatWave,ShadowBall,ScorchingSands|||F|||50|,,,,,Fire]Ursaluna-Bloodmoon||AssaultVest|MindsEye|BloodMoon,EarthPower,HyperVoice,Moonblast|||M|||50|,,,,,Fairy
|showteam|p2|Talonflame||CovertCloak|GaleWings|Tailwind,DualWingbeat,Taunt,FlareBlitz|||M|||50|,,,,,Ghost]Gholdengo||ChoiceSpecs|GoodasGold|MakeItRain,SteelBeam,ShadowBall,PowerGem||||||50|,,,,,Flying]Dragonite||LoadedDice|Multiscale|ScaleShot,IceSpinner,Haze,Protect|||F|||50|,,,,,Steel]Archaludon||PowerHerb|Sturdy|FlashCannon,ElectroShot,DracoMeteor,Protect|||F|||50|,,,,,Flying]Tyranitar||AssaultVest|SandStream|KnockOff,RockSlide,TeraBlast,LowKick|||M|||50|,,,,,Flying]Garchomp||LifeOrb|RoughSkin|DragonClaw,StompingTantrum,Earthquake,Protect|||F|||50|,,,,,Steel
|
|t:|1757188365
|teamsize|p1|4
|teamsize|p2|4
|start
|switch|p1a: Hatterene|Hatterene, L50, F|100/100
|switch|p1b: Torkoal|Torkoal, L50, M|100/100
|switch|p2a: Gholdengo|Gholdengo, L50|100/100
|switch|p2b: Garchomp|Garchomp, L50, F|100/100
|-weather|SunnyDay|[from] ability: Drought|[of] p1b: Torkoal
|turn|1
|
|t:|1757188402
|switch|p1b: Indeedee|Indeedee-F, L50, F|100/100
|-fieldstart|move: Psychic Terrain|[from] ability: Psychic Surge|[of] p1b: Indeedee
|-terastallize|p2a: Gholdengo|Flying
|move|p1a: Hatterene|Protect|p1a: Hatterene
|-singleturn|p1a: Hatterene|Protect
|move|p2b: Garchomp|Earthquake|p1b: Indeedee|[spread] p1b
|-activate|p1a: Hatterene|move: Protect
|-immune|p2a: Gholdengo
|-damage|p1b: Indeedee|56/100
|-enditem|p1b: Indeedee|Eject Button
|-damage|p2b: Garchomp|91/100|[from] item: Life Orb
|
|t:|1757188419
|switch|p1b: Sneasler|Sneasler, L50, F|100/100
|-enditem|p1b: Sneasler|Psychic Seed
|-boost|p1b: Sneasler|spd|1|[from] item: Psychic Seed
|move|p2a: Gholdengo|Shadow Ball|p1a: Hatterene
|-activate|p1a: Hatterene|move: Protect
|
|-weather|SunnyDay|[upkeep]
|upkeep
|turn|2
|
|t:|1757188465
|switch|p1a: Indeedee|Indeedee-F, L50, F|56/100
|-terastallize|p1b: Sneasler|Dark
|move|p1b: Sneasler|Throat Chop|p2b: Garchomp
|-damage|p2b: Garchomp|40/100
|-start|p2b: Garchomp|Throat Chop|[silent]
|-damage|p1b: Sneasler|88/100|[from] ability: Rough Skin|[of] p2b: Garchomp
|move|p2b: Garchomp|Earthquake|p1a: Indeedee|[spread] p1a,p1b
|-immune|p2a: Gholdengo
|-damage|p1a: Indeedee|12/100
|-damage|p1b: Sneasler|0 fnt
|faint|p1b: Sneasler
|-damage|p2b: Garchomp|30/100|[from] item: Life Orb
|move|p2a: Gholdengo|Shadow Ball|p1a: Indeedee
|-immune|p1a: Indeedee
|
|-weather|SunnyDay|[upkeep]
|upkeep
|
|t:|1757188492
|switch|p1b: Hatterene|Hatterene, L50, F|100/100
|turn|3
|
|t:|1757188516
|switch|p2a: Dragonite|Dragonite, L50, F|100/100
|move|p1a: Indeedee|Follow Me|p1a: Indeedee
|-singleturn|p1a: Indeedee|move: Follow Me
|move|p2b: Garchomp|Earthquake|p1a: Indeedee|[spread] p1a,p1b
|-immune|p2a: Dragonite
|-damage|p1a: Indeedee|0 fnt
|-damage|p1b: Hatterene|45/100
|faint|p1a: Indeedee
|-damage|p2b: Garchomp|20/100|[from] item: Life Orb
|move|p1b: Hatterene|Trick Room|p1b: Hatterene
|-fieldstart|move: Trick Room|[of] p1b: Hatterene
|
|-weather|SunnyDay|[upkeep]
|-end|p2b: Garchomp|Throat Chop|[silent]
|upkeep
|
|t:|1757188531
|switch|p1a: Torkoal|Torkoal, L50, M|100/100
|turn|4
|
|t:|1757188542
|switch|p2b: Tyranitar|Tyranitar, L50, M|100/100
|-weather|Sandstorm|[from] ability: Sand Stream|[of] p2b: Tyranitar
|move|p2a: Dragonite|Protect|p2a: Dragonite
|-singleturn|p2a: Dragonite|Protect
|move|p1a: Torkoal|Eruption|p2b: Tyranitar|[spread] p2b
|-activate|p2a: Dragonite|move: Protect
|-resisted|p2b: Tyranitar
|-damage|p2b: Tyranitar|86/100
|move|p1b: Hatterene|Dazzling Gleam|p2a: Dragonite|[spread] p2b
|-activate|p2a: Dragonite|move: Protect
|-supereffective|p2b: Tyranitar
|-damage|p2b: Tyranitar|52/100
|-damage|p1b: Hatterene|35/100|[from] item: Life Orb
|
|-weather|Sandstorm|[upkeep]
|-damage|p1a: Torkoal|94/100|[from] Sandstorm
|-damage|p1b: Hatterene|29/100|[from] Sandstorm
|-damage|p2a: Dragonite|95/100|[from] Sandstorm
|upkeep
|turn|5
|
|t:|1757188572
|move|p1a: Torkoal|Eruption|p2b: Tyranitar|[spread] p2a,p2b
|-resisted|p2a: Dragonite
|-resisted|p2b: Tyranitar
|-damage|p2a: Dragonite|60/100
|-damage|p2b: Tyranitar|38/100
|move|p1b: Hatterene|Dazzling Gleam|p2b: Tyranitar|[spread] p2a,p2b
|-supereffective|p2a: Dragonite
|-supereffective|p2b: Tyranitar
|-damage|p2a: Dragonite|0 fnt
|-damage|p2b: Tyranitar|4/100
|faint|p2a: Dragonite
|-damage|p1b: Hatterene|19/100|[from] item: Life Orb
|move|p2b: Tyranitar|Rock Slide|p1a: Torkoal|[spread] p1a,p1b
|-supereffective|p1a: Torkoal
|-damage|p1a: Torkoal|46/100
|-damage|p1b: Hatterene|0 fnt
|faint|p1b: Hatterene
|
|-weather|Sandstorm|[upkeep]
|-damage|p1a: Torkoal|39/100|[from] Sandstorm
|-fieldend|move: Psychic Terrain
|upkeep
|-message|mesochob0 forfeited.
|raw|mesochob0's rating: 1267 → 1233(-34 for losing)
|raw|washingtongargacha's rating: 1129 → 1163(+34 for winning)
|
|win|washingtongargacha
