|j|☆DashingSceptile
|j|☆Lamburrito
|html|DashingSceptileLamburrito    
|uhtml|bestof|Game 1 of a best-of-3
|t:|1782273876
|gametype|doubles
|player|p1|DashingSceptile|kieran-champion|
|player|p2|Lamburrito|marlon|
|gen|9
|tier|[Gen 9 Champions] VGC 2026 Reg M-B (Bo3)
|rule|Species Clause: Limit one of each Pokémon
|rule|Item Clause: Limit 1 of each item
|clearpoke
|poke|p1|Barbaracle, L50, F, shiny|
|poke|p1|Kingambit, L50, M, shiny|
|poke|p1|Maushold, L50|
|poke|p1|Basculegion, L50, M, shiny|
|poke|p1|Floette-Eternal, L50, F|
|poke|p1|Sneasler, L50, F, shiny|
|poke|p2|Scrafty, L50, M, shiny|
|poke|p2|Trevenant, L50, M, shiny|
|poke|p2|Reuniclus, L50, M, shiny|
|poke|p2|Blastoise, L50, M, shiny|
|poke|p2|Staraptor, L50, F, shiny|
|poke|p2|Scizor, L50, F|
|teampreview|4
|showteam|p1|Barbaracle||Barbaracite|ToughClaws|ShellSmash,Protect,CloseCombat,RockSlide|Adamant||F|||50|]Kingambit||ChopleBerry|Defiant|KowtowCleave,LowKick,SuckerPunch,Protect|Adamant||M|||50|]Maushold||FocusSash|FriendGuard|FollowMe,Protect,SuperFang,Taunt|Jolly|||||50|]Basculegion||ChoiceScarf|Adaptability|FlipTurn,WaveCrash,LastRespects,AquaJet|Jolly||M|||50|]Floette-Eternal||Floettite|FlowerVeil|Moonblast,DazzlingGleam,CalmMind,Protect|Timid||F|||50|]Sneasler||WhiteHerb|Unburden|FakeOut,CloseCombat,DireClaw,Protect|Jolly||F|||50|
|showteam|p2|Scrafty||Scraftinite|Intimidate|Crunch,DrainPunch,Coaching,Protect|Brave||M|||50|]Trevenant||KasibBerry|NaturalCure|Poltergeist,DrainPunch,TrickRoom,Protect|Adamant||M|||50|]Reuniclus||LifeOrb|MagicGuard|Psychic,Superpower,RainDance,TrickRoom|Quiet||M|||50|]Blastoise||Blastoisinite|Torrent|WaterSpout,DarkPulse,Protect,ShellSmash|Modest||M|||50|]Staraptor||ChoiceScarf|Intimidate|FinalGambit,DualWingbeat,CloseCombat,Tailwind|Jolly||F|||50|]Scizor||SitrusBerry|Technician|BulletPunch,BugBite,QuickGuard,Protect|Adamant||F|||50|
|c|☆DashingSceptile|lets do this
|
|t:|1782273932
|teamsize|p1|4
|teamsize|p2|4
|start
|switch|p1a: FAMILY|Maushold, L50|100/100
|switch|p1b: 3000 YEARS|Floette-Eternal, L50, F|100/100
|switch|p2a: Dont Do It|Staraptor, L50, F, shiny|100/100
|switch|p2b: Scizor|Scizor, L50, F|100/100
|-ability|p2a: Dont Do It|Intimidate|boost
|-unboost|p1a: FAMILY|atk|1
|-unboost|p1b: 3000 YEARS|atk|1
|turn|1
|
|t:|1782273982
|switch|p2a: Bob The Blob|Reuniclus, L50, M, shiny|100/100
|switch|p1b: PRESS F|Basculegion, L50, M, shiny|100/100
|move|p1a: FAMILY|Protect|p1a: FAMILY
|-singleturn|p1a: FAMILY|Protect
|move|p2b: Scizor|Bullet Punch|p1b: PRESS F
|-resisted|p1b: PRESS F|1
|-damage|p1b: PRESS F|84/100
|
|upkeep
|turn|2
|
|t:|1782274019
|move|p1b: PRESS F|Flip Turn|p2b: Scizor
|-damage|p2b: Scizor|59/100
|
|t:|1782274023
|switch|p1b: Kuroki|Kingambit, L50, M, shiny|100/100|[from] Flip Turn
|move|p1a: FAMILY|Taunt|p2a: Bob The Blob
|-start|p2a: Bob The Blob|move: Taunt
|move|p2b: Scizor|Bug Bite|p1a: FAMILY
|-damage|p1a: FAMILY|36/100
|move|p2a: Bob The Blob|Superpower|p1b: Kuroki
|-supereffective|p1b: Kuroki|2
|-enditem|p1b: Kuroki|Chople Berry|[eat]
|-enditem|p1b: Kuroki|Chople Berry|[weaken]
|-damage|p1b: Kuroki|66/100
|-unboost|p2a: Bob The Blob|atk|1
|-unboost|p2a: Bob The Blob|def|1
|
|upkeep
|turn|3
|
|t:|1782274053
|move|p1a: FAMILY|Follow Me|p1a: FAMILY
|-singleturn|p1a: FAMILY|move: Follow Me
|move|p1b: Kuroki|Kowtow Cleave|p2a: Bob The Blob
|-supereffective|p2a: Bob The Blob|1
|-damage|p2a: Bob The Blob|0 fnt
|faint|p2a: Bob The Blob
|move|p2b: Scizor|Bug Bite|p1a: FAMILY
|-damage|p1a: FAMILY|0 fnt
|faint|p1a: FAMILY
|
|upkeep
|
|t:|1782274074
|switch|p1a: 3000 YEARS|Floette-Eternal, L50, F|100/100
|switch|p2a: Blake|Blastoise, L50, M, shiny|100/100
|turn|4
|
|t:|1782274096
|detailschange|p2a: Blake|Blastoise-Mega, L50, M, shiny
|-mega|p2a: Blake|Blastoise|Blastoisinite
|move|p1a: 3000 YEARS|Protect|p1a: 3000 YEARS
|-singleturn|p1a: 3000 YEARS|Protect
|move|p2a: Blake|Protect|p2a: Blake
|-singleturn|p2a: Blake|Protect
|move|p1b: Kuroki|Kowtow Cleave|p2a: Blake
|-activate|p2a: Blake|move: Protect
|move|p2b: Scizor|Bug Bite|p1b: Kuroki
|-damage|p1b: Kuroki|27/100
|
|upkeep
|turn|5
|
|t:|1782274121
|switch|p1a: PRESS F|Basculegion, L50, M, shiny|84/100
|move|p2a: Blake|Dark Pulse|p1a: PRESS F
|-supereffective|p1a: PRESS F|1
|-damage|p1a: PRESS F|0 fnt
|faint|p1a: PRESS F
|move|p1b: Kuroki|Kowtow Cleave|p2a: Blake
|-damage|p2a: Blake|53/100
|move|p2b: Scizor|Bug Bite|p1b: Kuroki
|-damage|p1b: Kuroki|0 fnt
|faint|p1b: Kuroki
|
|upkeep
|
|t:|1782274134
|switch|p1b: 3000 YEARS|Floette-Eternal, L50, F|100/100
|turn|6
|
|t:|1782274141
|detailschange|p1b: 3000 YEARS|Floette-Mega, L50, F
|-mega|p1b: 3000 YEARS|Floette|Floettite
|-ability|p1b: 3000 YEARS|Fairy Aura
|move|p2b: Scizor|Bullet Punch|p1b: 3000 YEARS
|-supereffective|p1b: 3000 YEARS|1
|-damage|p1b: 3000 YEARS|7/100
|move|p1b: 3000 YEARS|Moonblast|p2b: Scizor
|-resisted|p2b: Scizor|1
|-damage|p2b: Scizor|18/100
|-enditem|p2b: Scizor|Sitrus Berry|[eat]
|-heal|p2b: Scizor|43/100|[from] item: Sitrus Berry
|move|p2a: Blake|Shell Smash|p2a: Blake
|-unboost|p2a: Blake|def|1
|-unboost|p2a: Blake|spd|1
|-boost|p2a: Blake|atk|2
|-boost|p2a: Blake|spa|2
|-boost|p2a: Blake|spe|2
|
|upkeep
|turn|7
|c|☆DashingSceptile|Nah wtf is that read
|c|☆Lamburrito|you have too
|
|t:|1782274160
|move|p2b: Scizor|Bullet Punch|p1b: 3000 YEARS
|-supereffective|p1b: 3000 YEARS|1
|-damage|p1b: 3000 YEARS|0 fnt
|faint|p1b: 3000 YEARS
|
|win|Lamburrito
||DashingSceptile is ready for game 2.
||Lamburrito is ready for game 2.
|uhtml|next|Next: Game 2 of 3
