|j|☆moth.o
|j|☆TG511
|html|moth.oTG511    
|uhtml|bestof|Game 2 of a best-of-3
|t:|1785400383
|gametype|doubles
|player|p1|moth.o|roxie|1292
|player|p2|TG511|koga|1350
|gen|9
|tier|[Gen 9 Champions] VGC 2026 Reg M-B (Bo3)
|rated|
|rule|Species Clause: Limit one of each Pokémon
|rule|Item Clause: Limit 1 of each item
|clearpoke
|poke|p1|Raichu, L50, F|
|poke|p1|Grimmsnarl, L50, M|
|poke|p1|Staraptor, L50, F|
|poke|p1|Sinistcha, L50|
|poke|p1|Pelipper, L50, F|
|poke|p1|Archaludon, L50, F|
|poke|p2|Raichu, L50, F, shiny|
|poke|p2|Charizard, L50, M, shiny|
|poke|p2|Sinistcha, L50, shiny|
|poke|p2|Sneasler, L50, M, shiny|
|poke|p2|Ninetales-Alola, L50, M, shiny|
|poke|p2|Kingambit, L50, M, shiny|
|teampreview|4
|showteam|p1|Raichu||RaichuniteX|LightningRod|FakeOut,Feint,VoltSwitch,VoltTackle|Jolly||F|||50|]Grimmsnarl||LightClay|Prankster|PartingShot,SpiritBreak,Reflect,LightScreen|Careful||M|||50|]Staraptor||Staraptite|Intimidate|Protect,CloseCombat,BraveBird|Jolly||F|||50|]Sinistcha||SitrusBerry|Hospitality|RagePowder,LifeDew,MatchaGotcha,ShadowBall|Bold|||||50|]Pelipper||FocusSash|Drizzle|Protect,Tailwind,WeatherBall,Hurricane|Modest||F|||50|]Archaludon||Leftovers|Stamina|Protect,FlashCannon,ElectroShot,DragonPulse|Bold||F|||50|
|showteam|p2|Raichu||RaichuniteY|LightningRod|FakeOut,ZapCannon,FocusBlast,Protect|Timid||F|||50|]Charizard||CharizarditeX|Blaze|FlareBlitz,DragonClaw,DragonDance,Protect|Adamant||M|||50|]Sinistcha||OccaBerry|Hospitality|MatchaGotcha,RagePowder,LifeDew,Protect|Bold|||||50|]Sneasler||FocusSash|Unburden|FakeOut,DireClaw,Coaching,CloseCombat|Jolly||M|||50|]Ninetales-Alola||NeverMeltIce|SnowWarning|Blizzard,FreezeDry,AuroraVeil,Protect|Timid||M|||50|]Kingambit||BlackGlasses|Defiant|KowtowCleave,SuckerPunch,SwordsDance,Protect|Adamant||M|||50|
|inactive|Battle timer is ON: inactive players will automatically lose when time's up. (requested by TG511)
|
|t:|1785400402
|teamsize|p1|4
|teamsize|p2|4
|start
|switch|p1a: Raichu|Raichu, L50, F|100/100
|switch|p1b: Grimmsnarl|Grimmsnarl, L50, M|100/100
|switch|p2a: Charizard|Charizard, L50, M, shiny|100/100
|switch|p2b: Sneasler|Sneasler, L50, M, shiny|100/100
|turn|1
|
|t:|1785400425
|detailschange|p1a: Raichu|Raichu-Mega-X, L50, F
|-mega|p1a: Raichu|Raichu|Raichunite X
|-fieldstart|move: Electric Terrain|[from] ability: Electric Surge|[of] p1a: Raichu
|detailschange|p2a: Charizard|Charizard-Mega-X, L50, M, shiny
|-mega|p2a: Charizard|Charizard|Charizardite X
|move|p1a: Raichu|Fake Out|p2a: Charizard
|-damage|p2a: Charizard|86/100
|move|p1b: Grimmsnarl|Light Screen|p1b: Grimmsnarl
|-sidestart|p1: moth.o|move: Light Screen
|move|p2b: Sneasler|Coaching|p2a: Charizard
|-boost|p2a: Charizard|atk|1
|-boost|p2a: Charizard|def|1
|cant|p2a: Charizard|flinch
|
|upkeep
|turn|2
|inactive|moth.o has 30 seconds left.
|
|t:|1785400451
|move|p1b: Grimmsnarl|Reflect|p1b: Grimmsnarl
|-sidestart|p1: moth.o|Reflect
|move|p2b: Sneasler|Coaching|p2a: Charizard
|-boost|p2a: Charizard|atk|1
|-boost|p2a: Charizard|def|1
|move|p1a: Raichu|Volt Switch|p2a: Charizard
|-resisted|p2a: Charizard|1
|-damage|p2a: Charizard|71/100
|
|t:|1785400459
|switch|p1a: Pelipper|Pelipper, L50, F|100/100|[from] Volt Switch
|-weather|RainDance|[from] ability: Drizzle|[of] p1a: Pelipper
|move|p2a: Charizard|Dragon Dance|p2a: Charizard
|-boost|p2a: Charizard|atk|1
|-boost|p2a: Charizard|spe|1
|
|-weather|RainDance|[upkeep]
|upkeep
|turn|3
|
|t:|1785400474
|move|p1b: Grimmsnarl|Parting Shot|p2a: Charizard
|-unboost|p2a: Charizard|atk|1
|-unboost|p2a: Charizard|spa|1
|
|t:|1785400477
|switch|p1b: Archaludon|Archaludon, L50, F|100/100|[from] Parting Shot
|move|p2a: Charizard|Dragon Claw|p1a: Pelipper
|-damage|p1a: Pelipper|1/100
|move|p2b: Sneasler|Dire Claw|p1a: Pelipper
|-damage|p1a: Pelipper|0 fnt
|faint|p1a: Pelipper
|
|-weather|RainDance|[upkeep]
|upkeep
|
|t:|1785400491
|switch|p1a: Raichu|Raichu-Mega-X, L50, F|100/100
|turn|4
|
|t:|1785400501
|move|p2a: Charizard|Protect|p2a: Charizard
|-singleturn|p2a: Charizard|Protect
|move|p1a: Raichu|Feint|p2a: Charizard
|-activate|p2a: Charizard|move: Feint
|-damage|p2a: Charizard|66/100
|move|p2b: Sneasler|Coaching|p2a: Charizard
|-boost|p2a: Charizard|atk|1
|-boost|p2a: Charizard|def|1
|move|p1b: Archaludon|Dragon Pulse|p2a: Charizard
|-supereffective|p2a: Charizard|1
|-damage|p2a: Charizard|0 fnt
|faint|p2a: Charizard
|
|-weather|RainDance|[upkeep]
|upkeep
|
|t:|1785400509
|switch|p2a: Ninetales|Ninetales-Alola, L50, M, shiny|100/100
|-weather|Snowscape|[from] ability: Snow Warning|[of] p2a: Ninetales
|turn|5
|
|t:|1785400522
|move|p2b: Sneasler|Close Combat|p1b: Archaludon
|-supereffective|p1b: Archaludon|1
|-damage|p1b: Archaludon|50/100g
|-unboost|p2b: Sneasler|def|1
|-unboost|p2b: Sneasler|spd|1
|-ability|p1b: Archaludon|Stamina|boost
|-boost|p1b: Archaludon|def|1
|move|p1a: Raichu|Volt Tackle|p2b: Sneasler
|-enditem|p2b: Sneasler|Focus Sash
|-damage|p2b: Sneasler|1/100
|-damage|p1a: Raichu|67/100|[from] Recoil
|move|p2a: Ninetales|Blizzard|p1b: Archaludon|[spread] p1a,p1b
|-damage|p1a: Raichu|39/100
|-damage|p1b: Archaludon|25/100
|-ability|p1b: Archaludon|Stamina|boost
|-boost|p1b: Archaludon|def|1
|move|p1b: Archaludon|Flash Cannon|p2a: Ninetales
|-supereffective|p2a: Ninetales|2
|-damage|p2a: Ninetales|0 fnt
|faint|p2a: Ninetales
|
|-weather|Snowscape|[upkeep]
|-heal|p1b: Archaludon|31/100|[from] item: Leftovers
|-fieldend|move: Electric Terrain
|upkeep
|
|t:|1785400527
|switch|p2a: Sinistcha|Sinistcha, L50, shiny|100/100
|-heal|p2b: Sneasler|25/100|[from] ability: Hospitality|[of] p2a: Sinistcha
|turn|6
|inactive|moth.o has 30 seconds left.
|
|t:|1785400560
|switch|p1b: Grimmsnarl|Grimmsnarl, L50, M|100/100
|move|p2a: Sinistcha|Rage Powder|p2a: Sinistcha
|-singleturn|p2a: Sinistcha|move: Rage Powder
|move|p2b: Sneasler|Close Combat|p1b: Grimmsnarl
|-damage|p1b: Grimmsnarl|56/100
|-unboost|p2b: Sneasler|def|1
|-unboost|p2b: Sneasler|spd|1
|move|p1a: Raichu|Volt Switch|p2a: Sinistcha
|-resisted|p2a: Sinistcha|1
|-damage|p2a: Sinistcha|89/100
|
|t:|1785400573
|switch|p1a: Archaludon|Archaludon, L50, F|31/100|[from] Volt Switch
|
|-weather|Snowscape|[upkeep]
|-heal|p1a: Archaludon|37/100|[from] item: Leftovers
|upkeep
|turn|7
|
|t:|1785400586
|move|p1a: Archaludon|Protect|p1a: Archaludon
|-singleturn|p1a: Archaludon|Protect
|move|p2a: Sinistcha|Rage Powder|p2a: Sinistcha
|-singleturn|p2a: Sinistcha|move: Rage Powder
|move|p2b: Sneasler|Close Combat|p1a: Archaludon
|-activate|p1a: Archaludon|move: Protect
|move|p1b: Grimmsnarl|Spirit Break|p2a: Sinistcha
|-damage|p2a: Sinistcha|66/100
|-unboost|p2a: Sinistcha|spa|1
|
|-weather|Snowscape|[upkeep]
|-heal|p1a: Archaludon|43/100|[from] item: Leftovers
|upkeep
|turn|8
|
|t:|1785400604
|move|p2a: Sinistcha|Rage Powder|p2a: Sinistcha
|-singleturn|p2a: Sinistcha|move: Rage Powder
|move|p1b: Grimmsnarl|Parting Shot|p2a: Sinistcha
|-unboost|p2a: Sinistcha|atk|1
|-unboost|p2a: Sinistcha|spa|1
|
|t:|1785400608
|switch|p1b: Raichu|Raichu-Mega-X, L50, F|39/100|[from] Parting Shot
|-fieldstart|move: Electric Terrain|[from] ability: Electric Surge|[of] p1b: Raichu
|move|p2b: Sneasler|Close Combat|p1a: Archaludon
|-supereffective|p1a: Archaludon|1
|-damage|p1a: Archaludon|0 fnt
|-unboost|p2b: Sneasler|def|1
|-unboost|p2b: Sneasler|spd|1
|faint|p1a: Archaludon
|
|-weather|Snowscape|[upkeep]
|-sideend|p1: moth.o|move: Light Screen
|upkeep
|
|t:|1785400619
|switch|p1a: Grimmsnarl|Grimmsnarl, L50, M|56/100
|turn|9
|
|t:|1785400633
|move|p1b: Raichu|Fake Out|p2b: Sneasler
|-damage|p2b: Sneasler|0 fnt
|faint|p2b: Sneasler
|move|p2a: Sinistcha|Rage Powder|p2a: Sinistcha
|-singleturn|p2a: Sinistcha|move: Rage Powder
|move|p1a: Grimmsnarl|Spirit Break|p2a: Sinistcha
|-damage|p2a: Sinistcha|43/100
|-unboost|p2a: Sinistcha|spa|1
|
|-weather|none
|-sideend|p1: moth.o|Reflect
|upkeep
|turn|10
|
|t:|1785400646
|move|p1a: Grimmsnarl|Light Screen|p1a: Grimmsnarl
|-sidestart|p1: moth.o|move: Light Screen
|move|p1b: Raichu|Volt Switch|p2a: Sinistcha
|-resisted|p2a: Sinistcha|1
|-damage|p2a: Sinistcha|26/100
|move|p2a: Sinistcha|Matcha Gotcha|p1a: Grimmsnarl|[spread] p1a,p1b
|-damage|p1a: Grimmsnarl|50/100y
|-heal|p2a: Sinistcha|30/100|[from] drain|[of] p1a: Grimmsnarl
|-damage|p1b: Raichu|31/100
|-heal|p2a: Sinistcha|34/100|[from] drain|[of] p1b: Raichu
|-status|p1b: Raichu|brn
|
|-damage|p1b: Raichu|25/100 brn|[from] brn
|upkeep
|turn|11
|l|☆TG511
|inactive|TG511 disconnected and has a minute to reconnect!
|player|p2|
|inactive|TG511 has 30 seconds left.
|inactive|TG511 has 20 seconds left.
|inactive|TG511 has 15 seconds left.
|inactive|TG511 has 10 seconds left.
|inactive|TG511 has 5 seconds left.
|-message|TG511 lost due to inactivity.
|
|win|moth.o
|raw|moth.o's rating: 1292 → 1321(+29 for winning)
|raw|TG511's rating: 1350 → 1327(-23 for losing)
|j|☆TG511
|player|p2|TG511|koga|
|l|☆TG511
|player|p2|
