|j|☆aefrmm
|j|☆sorecruiser
|html|aefrmmsorecruiser    
|uhtml|bestof|Game 3 of a best-of-3
|t:|1756182162
|gametype|doubles
|player|p1|aefrmm|pokemonrangerf-gen4|
|player|p2|sorecruiser|furisodegirl-black|
|gen|9
|tier|[Gen 9] VGC 2025 Reg H (Bo3)
|rule|Species Clause: Limit one of each Pokémon
|rule|Item Clause: Limit 1 of each item
|clearpoke
|poke|p1|Ninetales-Alola, L50, F|
|poke|p1|Basculegion, L50, M|
|poke|p1|Magmar, L50, M|
|poke|p1|Sneasler, L50, M|
|poke|p1|Rillaboom, L50, M|
|poke|p1|Kingambit, L50, M|
|poke|p2|Whimsicott, L50, M|
|poke|p2|Rillaboom, L50, M|
|poke|p2|Farigiraf, L50, M|
|poke|p2|Incineroar, L50, M|
|poke|p2|Sneasler, L50, F|
|poke|p2|Dragapult, L50, M|
|teampreview|4
|showteam|p1|Ninetales-Alola||LifeOrb|SnowWarning|Blizzard,FreezeDry,Encore,Protect|||F|||50|,,,,,Ghost]Basculegion||ChoiceScarf|Adaptability|WaveCrash,LastRespects,FlipTurn,TeraBlast|||M|||50|,,,,,Fighting]Magmar||Eviolite|VitalSpirit|Taunt,HeatWave,FollowMe,Protect|||M|||50|,,,,,Water]Sneasler||FocusSash|PoisonTouch|CloseCombat,DireClaw,FakeOut,Protect|||M|||50|,,,,,Stellar]Rillaboom||AssaultVest|GrassySurge|WoodHammer,GrassyGlide,Uturn,FakeOut|||M|||50|,,,,,Water]Kingambit||BlackGlasses|Defiant|KowtowCleave,SuckerPunch,SwordsDance,Protect|||M|||50|,,,,,Fire
|showteam|p2|Whimsicott||CovertCloak|Prankster|Tailwind,Encore,LightScreen,Moonblast|||M|||50|,,,,,Dark]Rillaboom||AssaultVest|GrassySurge|Uturn,GrassyGlide,WoodHammer,FakeOut|||M|||50|,,,,,Water]Farigiraf||SafetyGoggles|ArmorTail|PsychicNoise,FoulPlay,HelpingHand,TrickRoom|||M|||50|,,,,,Water]Incineroar||RockyHelmet|Intimidate|FakeOut,FlareBlitz,PartingShot,ThroatChop|||M|||50|,,,,,Bug]Sneasler||FocusSash|Unburden|DireClaw,CloseCombat,Uturn,Protect|||F|||50|,,,,,Dark]Dragapult||ChoiceSpecs|ClearBody|ShadowBall,Infestation,Flamethrower,DracoMeteor|||M|||50|,,,,,Ghost
|inactive|Battle timer is ON: inactive players will automatically lose when time's up. (requested by aefrmm)
|inactive|aefrmm has 60 seconds left.
|inactive|sorecruiser has 60 seconds left.
|inactive|aefrmm has 30 seconds left.
|inactive|sorecruiser has 30 seconds left.
|inactive|aefrmm has 20 seconds left.
|inactive|sorecruiser has 20 seconds left.
|
|t:|1756182235
|teamsize|p1|4
|teamsize|p2|4
|start
|switch|p1a: Ninetales|Ninetales-Alola, L50, F|100/100
|switch|p1b: Basculegion|Basculegion, L50, M|100/100
|switch|p2a: Whimsicott|Whimsicott, L50, M|100/100
|switch|p2b: Sneasler|Sneasler, L50, F|100/100
|-weather|Snowscape|[from] ability: Snow Warning|[of] p1a: Ninetales
|turn|1
|inactive|aefrmm has 30 seconds left.
|inactive|sorecruiser has 30 seconds left.
|inactive|aefrmm has 20 seconds left.
|inactive|sorecruiser has 20 seconds left.
|inactive|aefrmm has 15 seconds left.
|inactive|sorecruiser has 15 seconds left.
|inactive|aefrmm has 10 seconds left.
|
|t:|1756182281
|-terastallize|p1a: Ninetales|Ghost
|move|p2a: Whimsicott|Tailwind|p2a: Whimsicott
|-sidestart|p2: sorecruiser|move: Tailwind
|move|p2b: Sneasler|Dire Claw|p1a: Ninetales
|-resisted|p1a: Ninetales
|-damage|p1a: Ninetales|68/100
|-status|p1a: Ninetales|psn
|move|p1b: Basculegion|Flip Turn|p2b: Sneasler
|-damage|p2b: Sneasler|27/100
|
|t:|1756182291
|switch|p1b: Magmar|Magmar, L50, M|100/100|[from] Flip Turn
|move|p1a: Ninetales|Encore|p2a: Whimsicott
|-start|p2a: Whimsicott|Encore
|
|-weather|Snowscape|[upkeep]
|-damage|p1a: Ninetales|56/100 psn|[from] psn
|upkeep
|turn|2
|inactive|sorecruiser has 30 seconds left.
|inactive|sorecruiser has 20 seconds left.
|
|t:|1756182331
|switch|p2a: Rillaboom|Rillaboom, L50, M|100/100
|-fieldstart|move: Grassy Terrain|[from] ability: Grassy Surge|[of] p2a: Rillaboom
|move|p1b: Magmar|Follow Me|p1b: Magmar
|-singleturn|p1b: Magmar|move: Follow Me
|move|p2b: Sneasler|Close Combat|p1b: Magmar
|-damage|p1b: Magmar|53/100
|-unboost|p2b: Sneasler|def|1
|-unboost|p2b: Sneasler|spd|1
|move|p1a: Ninetales|Blizzard|p2a: Rillaboom|[spread] p2a,p2b
|-supereffective|p2a: Rillaboom
|-damage|p2a: Rillaboom|34/100
|-damage|p2b: Sneasler|0 fnt
|faint|p2b: Sneasler
|-damage|p1a: Ninetales|46/100 psn|[from] item: Life Orb
|
|-weather|Snowscape|[upkeep]
|-heal|p2a: Rillaboom|41/100|[from] Grassy Terrain
|-heal|p1a: Ninetales|53/100 psn|[from] Grassy Terrain
|-heal|p1b: Magmar|59/100|[from] Grassy Terrain
|-damage|p1a: Ninetales|40/100 psn|[from] psn
|upkeep
|
|t:|1756182344
|switch|p2b: Dragapult|Dragapult, L50, M|100/100
|turn|3
|
|t:|1756182355
|-terastallize|p2b: Dragapult|Ghost
|move|p1a: Ninetales|Protect|p1a: Ninetales
|-singleturn|p1a: Ninetales|Protect
|move|p2a: Rillaboom|Fake Out|p1b: Magmar
|-damage|p1b: Magmar|48/100
|move|p2b: Dragapult|Shadow Ball|p1a: Ninetales
|-activate|p1a: Ninetales|move: Protect
|cant|p1b: Magmar|flinch
|
|-weather|Snowscape|[upkeep]
|-heal|p2a: Rillaboom|47/100|[from] Grassy Terrain
|-heal|p1a: Ninetales|46/100 psn|[from] Grassy Terrain
|-heal|p1b: Magmar|54/100|[from] Grassy Terrain
|-damage|p1a: Ninetales|34/100 psn|[from] psn
|upkeep
|turn|4
|
|t:|1756182379
|move|p1b: Magmar|Follow Me|p1b: Magmar
|-singleturn|p1b: Magmar|move: Follow Me
|move|p2a: Rillaboom|Grassy Glide|p1b: Magmar
|-resisted|p1b: Magmar
|-crit|p1b: Magmar
|-damage|p1b: Magmar|33/100
|move|p2b: Dragapult|Shadow Ball|p1b: Magmar
|-damage|p1b: Magmar|0 fnt
|faint|p1b: Magmar
|move|p1a: Ninetales|Blizzard|p2a: Rillaboom|[spread] p2a,p2b
|-supereffective|p2a: Rillaboom
|-damage|p2a: Rillaboom|0 fnt
|-damage|p2b: Dragapult|40/100
|faint|p2a: Rillaboom
|-damage|p1a: Ninetales|25/100 psn|[from] item: Life Orb
|
|-weather|Snowscape|[upkeep]
|-heal|p2b: Dragapult|46/100|[from] Grassy Terrain
|-heal|p1a: Ninetales|31/100 psn|[from] Grassy Terrain
|-damage|p1a: Ninetales|19/100 psn|[from] psn
|-sideend|p2: sorecruiser|move: Tailwind
|upkeep
|
|t:|1756182395
|switch|p1b: Sneasler|Sneasler, L50, M|100/100
|switch|p2a: Whimsicott|Whimsicott, L50, M|100/100
|turn|5
|
|t:|1756182413
|move|p1a: Ninetales|Protect|p1a: Ninetales
|-singleturn|p1a: Ninetales|Protect
|move|p2b: Dragapult|Shadow Ball|p1b: Sneasler
|-enditem|p1b: Sneasler|Focus Sash
|-damage|p1b: Sneasler|1/100
|move|p2a: Whimsicott|Moonblast|p1a: Ninetales
|-activate|p1a: Ninetales|move: Protect
|move|p1b: Sneasler|Dire Claw|p2b: Dragapult
|-resisted|p2b: Dragapult
|-damage|p2b: Dragapult|15/100
|-status|p2b: Dragapult|psn|[from] ability: Poison Touch|[of] p1b: Sneasler
|
|-weather|none
|-heal|p2b: Dragapult|21/100 psn|[from] Grassy Terrain
|-heal|p1a: Ninetales|25/100 psn|[from] Grassy Terrain
|-heal|p1b: Sneasler|7/100|[from] Grassy Terrain
|-damage|p2b: Dragapult|9/100 psn|[from] psn
|-damage|p1a: Ninetales|13/100 psn|[from] psn
|upkeep
|turn|6
|
|t:|1756182433
|move|p1b: Sneasler|Protect|p1b: Sneasler
|-singleturn|p1b: Sneasler|Protect
|move|p2a: Whimsicott|Encore|p1a: Ninetales
|-start|p1a: Ninetales|Encore
|move|p2b: Dragapult|Shadow Ball|p1b: Sneasler
|-activate|p1b: Sneasler|move: Protect
|move|p1a: Ninetales|Protect||[still]
|-fail|p1a: Ninetales
|
|-heal|p2b: Dragapult|15/100 psn|[from] Grassy Terrain
|-heal|p1a: Ninetales|19/100 psn|[from] Grassy Terrain
|-heal|p1b: Sneasler|13/100|[from] Grassy Terrain
|-damage|p2b: Dragapult|3/100 psn|[from] psn
|-damage|p1a: Ninetales|7/100 psn|[from] psn
|-fieldend|move: Grassy Terrain
|upkeep
|turn|7
|
|t:|1756182456
|move|p1a: Ninetales|Protect|p1a: Ninetales
|-singleturn|p1a: Ninetales|Protect
|move|p2a: Whimsicott|Encore|p1b: Sneasler
|-start|p1b: Sneasler|Encore
|move|p2b: Dragapult|Shadow Ball|p1a: Ninetales
|-activate|p1a: Ninetales|move: Protect
|move|p1b: Sneasler|Protect||[still]
|-fail|p1b: Sneasler
|
|-damage|p2b: Dragapult|0 fnt|[from] psn
|faint|p2b: Dragapult
|-damage|p1a: Ninetales|0 fnt|[from] psn
|faint|p1a: Ninetales
|upkeep
|
|t:|1756182467
|switch|p1a: Basculegion|Basculegion, L50, M|100/100
|turn|8
|
|t:|1756182474
|move|p1b: Sneasler|Protect|p1b: Sneasler
|-singleturn|p1b: Sneasler|Protect
|move|p1a: Basculegion|Last Respects|p2a: Whimsicott
|-damage|p2a: Whimsicott|0 fnt
|faint|p2a: Whimsicott
|
|win|aefrmm
|l|☆sorecruiser
|player|p2|
