|j|☆leons husband
|j|☆DINOLONK
|html|leons husbandDINOLONK    
|uhtml|bestof|Game 1 of a best-of-3
|t:|1782577565
|gametype|doubles
|player|p1|leons husband|scientistf|1250
|player|p2|DINOLONK|parasollady-gen4|1168
|gen|9
|tier|[Gen 9 Champions] VGC 2026 Reg M-B (Bo3)
|rated|
|rule|Species Clause: Limit one of each Pokémon
|rule|Item Clause: Limit 1 of each item
|clearpoke
|poke|p1|Charizard, L50, M, shiny|
|poke|p1|Floette-Eternal, L50, F|
|poke|p1|Whimsicott, L50, M, shiny|
|poke|p1|Garchomp, L50, F, shiny|
|poke|p1|Basculegion, L50, M, shiny|
|poke|p1|Kingambit, L50, F, shiny|
|poke|p2|Hydreigon, L50, F|
|poke|p2|Garchomp, L50, M|
|poke|p2|Metagross, L50|
|poke|p2|Charizard, L50, M|
|poke|p2|Grimmsnarl, L50, M|
|poke|p2|Toxapex, L50, F|
|teampreview|4
|showteam|p1|Charizard||CharizarditeY|Blaze|HeatWave,WeatherBall,SolarBeam,Protect|Modest||M|||50|]Floette-Eternal||Floettite|FlowerVeil|LightofRuin,Moonblast,DazzlingGleam,Protect|Modest||F|||50|]Whimsicott||FairyFeather|Prankster|Tailwind,Encore,Moonblast,Protect|Modest||M|||50|]Garchomp||LifeOrb|RoughSkin|DragonClaw,Protect,Earthquake,RockSlide|Adamant||F|||50|]Basculegion||FocusSash|Adaptability|Liquidation,Protect,AquaJet,LastRespects|Adamant||M|||50|]Kingambit||BlackGlasses|Defiant|SuckerPunch,KowtowCleave,IronHead,Protect|Adamant||F|||50|
|showteam|p2|Hydreigon||ChoiceScarf|Levitate|HeatWave,DarkPulse,DracoMeteor,Snarl|Modest||F|||50|]Garchomp||SitrusBerry|RoughSkin|Earthquake,RockSlide,DragonClaw,Protect|Adamant||M|||50|]Metagross||Metagrossite|ClearBody|IronHead,HammerArm,BulletPunch,Protect|Adamant|||||50|]Charizard||CharizarditeY|Blaze|Protect,HeatWave,SolarBeam,WeatherBall|Timid||M|||50|]Grimmsnarl||RoseliBerry|Prankster|FakeOut,FoulPlay,Reflect,PartingShot|Sassy||M|||50|]Toxapex||Leftovers|Regenerator|Infestation,Toxic,BanefulBunker,WideGuard|Bold||F|||50|
|inactive|Battle timer is ON: inactive players will automatically lose when time's up. (requested by DINOLONK)
|inactive|DINOLONK has 60 seconds left.
|inactive|DINOLONK has 30 seconds left.
|
|t:|1782577633
|teamsize|p1|4
|teamsize|p2|4
|start
|switch|p1a: mulan|Kingambit, L50, F, shiny|100/100
|switch|p1b: Cait Sith|Whimsicott, L50, M, shiny|100/100
|switch|p2a: Charizard|Charizard, L50, M|100/100
|switch|p2b: Grimmsnarl|Grimmsnarl, L50, M|100/100
|turn|1
|
|t:|1782577647
|detailschange|p2a: Charizard|Charizard-Mega-Y, L50, M
|-mega|p2a: Charizard|Charizard|Charizardite Y
|-weather|SunnyDay|[from] ability: Drought|[of] p2a: Charizard
|move|p1a: mulan|Protect|p1a: mulan
|-singleturn|p1a: mulan|Protect
|move|p2b: Grimmsnarl|Fake Out|p1b: Cait Sith
|-damage|p1b: Cait Sith|84/100
|cant|p1b: Cait Sith|flinch
|move|p2a: Charizard|Heat Wave|p1b: Cait Sith|[spread] p1b
|-activate|p1a: mulan|move: Protect
|-supereffective|p1b: Cait Sith|1
|-damage|p1b: Cait Sith|0 fnt
|faint|p1b: Cait Sith
|
|-weather|SunnyDay|[upkeep]
|upkeep
|
|t:|1782577649
|switch|p1b: Garchomp|Garchomp, L50, F, shiny|100/100
|turn|2
|
|t:|1782577662
|move|p2b: Grimmsnarl|Reflect|p2b: Grimmsnarl
|-sidestart|p2: DINOLONK|Reflect
|move|p2a: Charizard|Weather Ball|p1a: mulan
|-supereffective|p1a: mulan|1
|-damage|p1a: mulan|0 fnt
|faint|p1a: mulan
|move|p1b: Garchomp|Rock Slide|p2b: Grimmsnarl|[spread] p2a,p2b
|-supereffective|p2a: Charizard|2
|-damage|p2a: Charizard|21/100
|-damage|p2b: Grimmsnarl|81/100
|-damage|p1b: Garchomp|90/100|[from] item: Life Orb
|
|-weather|SunnyDay|[upkeep]
|upkeep
|
|t:|1782577665
|switch|p1a: mimi|Floette-Eternal, L50, F|100/100
|turn|3
|
|t:|1782577684
|detailschange|p1a: mimi|Floette-Mega, L50, F
|-mega|p1a: mimi|Floette|Floettite
|-ability|p1a: mimi|Fairy Aura
|move|p2b: Grimmsnarl|Parting Shot|p1b: Garchomp
|-unboost|p1b: Garchomp|atk|1
|-unboost|p1b: Garchomp|spa|1
|
|t:|1782577686
|switch|p2b: Toxapex|Toxapex, L50, F|100/100|[from] Parting Shot
|move|p2a: Charizard|Weather Ball|p1a: mimi
|-damage|p1a: mimi|39/100
|move|p1b: Garchomp|Rock Slide|p2a: Charizard|[spread] p2a,p2b
|-supereffective|p2a: Charizard|2
|-damage|p2a: Charizard|0 fnt
|-damage|p2b: Toxapex|91/100
|faint|p2a: Charizard
|-damage|p1b: Garchomp|80/100|[from] item: Life Orb
|move|p1a: mimi|Dazzling Gleam|p2b: Toxapex
|-resisted|p2b: Toxapex|1
|-damage|p2b: Toxapex|66/100
|
|-weather|SunnyDay|[upkeep]
|-heal|p2b: Toxapex|71/100|[from] item: Leftovers
|upkeep
|
|t:|1782577687
|switch|p2a: Grimmsnarl|Grimmsnarl, L50, M|81/100
|turn|4
|
|t:|1782577702
|move|p2a: Grimmsnarl|Fake Out|p1b: Garchomp
|-damage|p1b: Garchomp|69/100
|-damage|p2a: Grimmsnarl|68/100|[from] ability: Rough Skin|[of] p1b: Garchomp
|cant|p1b: Garchomp|flinch
|move|p1a: mimi|Moonblast|p2a: Grimmsnarl
|-supereffective|p2a: Grimmsnarl|1
|-enditem|p2a: Grimmsnarl|Roseli Berry|[eat]
|-enditem|p2a: Grimmsnarl|Roseli Berry|[weaken]
|-damage|p2a: Grimmsnarl|0 fnt
|faint|p2a: Grimmsnarl
|move|p2b: Toxapex|Infestation|p1b: Garchomp
|-damage|p1b: Garchomp|65/100
|-activate|p1b: Garchomp|move: Infestation|[of] p2b: Toxapex
|-damage|p2b: Toxapex|59/100|[from] ability: Rough Skin|[of] p1b: Garchomp
|
|-weather|SunnyDay|[upkeep]
|-heal|p2b: Toxapex|65/100|[from] item: Leftovers
|-damage|p1b: Garchomp|53/100|[from] move: Infestation|[partiallytrapped]
|upkeep
|
|t:|1782577704
|switch|p2a: Garchomp|Garchomp, L50, M|100/100
|turn|5
|
|t:|1782577724
|move|p2b: Toxapex|Baneful Bunker|p2b: Toxapex
|-singleturn|p2b: Toxapex|move: Protect
|move|p1b: Garchomp|Dragon Claw|p2b: Toxapex
|-activate|p2b: Toxapex|move: Protect
|-status|p1b: Garchomp|psn
|move|p2a: Garchomp|Earthquake|p1b: Garchomp|[spread] p1a,p1b
|-activate|p2b: Toxapex|move: Protect
|-crit|p1b: Garchomp
|-damage|p1a: mimi|0 fnt
|-damage|p1b: Garchomp|0 fnt
|faint|p1a: mimi
|faint|p1b: Garchomp
|
|win|DINOLONK
