|j|☆aygguan
|j|☆isthis6thgood
|html|aygguanisthis6thgood    
|uhtml|bestof|Game 2 of a best-of-3
|t:|1785681630
|gametype|doubles
|player|p1|aygguan|265|1152
|player|p2|isthis6thgood|170|1208
|gen|9
|tier|[Gen 9 Champions] VGC 2026 Reg M-B (Bo3)
|rated|
|rule|Species Clause: Limit one of each Pokémon
|rule|Item Clause: Limit 1 of each item
|clearpoke
|poke|p1|Charizard, L50, M|
|poke|p1|Sylveon, L50, M|
|poke|p1|Farigiraf, L50, F|
|poke|p1|Aerodactyl, L50, M|
|poke|p1|Kingambit, L50, F|
|poke|p1|Garchomp, L50, M|
|poke|p2|Swampert, L50, F|
|poke|p2|Mawile, L50, F|
|poke|p2|Pelipper, L50, M|
|poke|p2|Archaludon, L50, M|
|poke|p2|Sableye, L50, F, shiny|
|poke|p2|Farigiraf, L50, M, shiny|
|teampreview|4
|showteam|p1|Charizard||CharizarditeY|SolarPower|Protect,WeatherBall,SolarBeam,HeatWave|Modest||M|||50|]Sylveon||FairyFeather|Pixilate|Protect,HyperVoice,QuickAttack,HyperBeam|Modest||M|||50|]Farigiraf||SitrusBerry|ArmorTail|TrickRoom,TwinBeam,Roar,Thunderbolt|Bold||F|||50|]Aerodactyl||Aerodactylite|Unnerve|RockSlide,IceFang,Tailwind,DualWingbeat|Jolly||M|||50|]Kingambit||FocusSash|Defiant|KowtowCleave,IronHead,LowKick,SuckerPunch|Adamant||F|||50|]Garchomp||LifeOrb|SandVeil|Protect,Earthquake,DragonClaw,StompingTantrum|Jolly||M|||50|
|showteam|p2|Swampert||Swampertite|Damp|Protect,IcePunch,WaveCrash,Earthquake|Adamant||F|||50|]Mawile||Mawilite|Intimidate|Protect,RockSlide,SuckerPunch,PlayRough|Adamant||F|||50|]Pelipper||FocusSash|Drizzle|Tailwind,WideGuard,WeatherBall,Hurricane|Modest||M|||50|]Archaludon||Leftovers|Stamina|Protect,ElectroShot,FlashCannon,DragonPulse|Modest||M|||50|]Sableye||RoseliBerry|Prankster|LightScreen,FoulPlay,RainDance,Reflect|Sassy||F|||50|]Farigiraf||SitrusBerry|ArmorTail|Roar,TrickRoom,Psychic,Thunderbolt|Relaxed||M|||50|
|inactive|Battle timer is ON: inactive players will automatically lose when time's up. (requested by isthis6thgood)
|
|t:|1785681661
|teamsize|p1|4
|teamsize|p2|4
|start
|switch|p1a: Garchomp|Garchomp, L50, M|100/100
|switch|p1b: Farigiraf|Farigiraf, L50, F|100/100
|switch|p2a: Archaludon|Archaludon, L50, M|100/100
|switch|p2b: Sableye|Sableye, L50, F, shiny|100/100
|turn|1
|inactive|aygguan has 30 seconds left.
|
|t:|1785681687
|move|p2b: Sableye|Reflect|p2b: Sableye
|-sidestart|p2: isthis6thgood|Reflect
|move|p1a: Garchomp|Dragon Claw|p2b: Sableye
|-damage|p2b: Sableye|56/100
|-damage|p1a: Garchomp|90/100|[from] item: Life Orb
|move|p2a: Archaludon|Dragon Pulse|p1a: Garchomp
|-supereffective|p1a: Garchomp|1
|-damage|p1a: Garchomp|0 fnt
|faint|p1a: Garchomp
|move|p1b: Farigiraf|Roar|p2a: Archaludon
|drag|p2a: Pelipper|Pelipper, L50, M|100/100
|-weather|RainDance|[from] ability: Drizzle|[of] p2a: Pelipper
|
|-weather|RainDance|[upkeep]
|upkeep
|
|t:|1785681696
|switch|p1a: Sylveon|Sylveon, L50, M|100/100
|turn|2
|
|t:|1785681705
|move|p2b: Sableye|Light Screen|p2b: Sableye
|-sidestart|p2: isthis6thgood|move: Light Screen
|move|p2a: Pelipper|Weather Ball|p1a: Sylveon
|-damage|p1a: Sylveon|46/100
|move|p1a: Sylveon|Hyper Voice|p2a: Pelipper|[spread] p2a,p2b
|-supereffective|p2b: Sableye|1
|-enditem|p2b: Sableye|Roseli Berry|[eat]
|-enditem|p2b: Sableye|Roseli Berry|[weaken]
|-damage|p2a: Pelipper|37/100
|-damage|p2b: Sableye|19/100
|move|p1b: Farigiraf|Thunderbolt|p2a: Pelipper
|-supereffective|p2a: Pelipper|2
|-damage|p2a: Pelipper|0 fnt
|faint|p2a: Pelipper
|
|-weather|RainDance|[upkeep]
|upkeep
|
|t:|1785681723
|switch|p2a: Archaludon|Archaludon, L50, M|100/100
|turn|3
|
|t:|1785681732
|switch|p2b: Swampert|Swampert, L50, F|100/100
|move|p1a: Sylveon|Protect|p1a: Sylveon
|-singleturn|p1a: Sylveon|Protect
|move|p2a: Archaludon|Electro Shot||[still]
|-prepare|p2a: Archaludon|Electro Shot
|-boost|p2a: Archaludon|spa|1
|-anim|p2a: Archaludon|Electro Shot|p1a: Sylveon
|-activate|p1a: Sylveon|move: Protect
|move|p1b: Farigiraf|Trick Room|p1b: Farigiraf
|-fieldstart|move: Trick Room|[of] p1b: Farigiraf
|
|-weather|RainDance|[upkeep]
|upkeep
|turn|4
|
|t:|1785681750
|detailschange|p2b: Swampert|Swampert-Mega, L50, F
|-mega|p2b: Swampert|Swampert|Swampertite
|move|p1b: Farigiraf|Twin Beam|p2a: Archaludon
|-resisted|p2a: Archaludon|1
|-damage|p2a: Archaludon|94/100
|-ability|p2a: Archaludon|Stamina|boost
|-boost|p2a: Archaludon|def|1
|-resisted|p2a: Archaludon|1
|-damage|p2a: Archaludon|89/100
|-ability|p2a: Archaludon|Stamina|boost
|-boost|p2a: Archaludon|def|1
|-hitcount|p2a: Archaludon|2
|move|p1a: Sylveon|Hyper Voice|p2b: Swampert|[spread] p2a,p2b
|-damage|p2a: Archaludon|58/100
|-damage|p2b: Swampert|68/100
|-ability|p2a: Archaludon|Stamina|boost
|-boost|p2a: Archaludon|def|1
|move|p2a: Archaludon|Flash Cannon|p1a: Sylveon
|-supereffective|p1a: Sylveon|1
|-damage|p1a: Sylveon|0 fnt
|faint|p1a: Sylveon
|move|p2b: Swampert|Wave Crash|p1b: Farigiraf
|-damage|p1b: Farigiraf|10/100
|-enditem|p1b: Farigiraf|Sitrus Berry|[eat]
|-heal|p1b: Farigiraf|35/100|[from] item: Sitrus Berry
|-damage|p2b: Swampert|34/100|[from] Recoil
|
|-weather|RainDance|[upkeep]
|-heal|p2a: Archaludon|64/100|[from] item: Leftovers
|upkeep
|
|t:|1785681762
|switch|p1a: Charizard|Charizard, L50, M|100/100
|turn|5
|inactive|isthis6thgood has 30 seconds left.
|inactive|isthis6thgood has 20 seconds left.
|inactive|isthis6thgood has 15 seconds left.
|inactive|isthis6thgood has 10 seconds left.
|inactive|isthis6thgood has 5 seconds left.
|
|t:|1785681812
|move|p2a: Archaludon|Protect|p2a: Archaludon
|-singleturn|p2a: Archaludon|Protect
|move|p1a: Charizard|Protect|p1a: Charizard
|-singleturn|p1a: Charizard|Protect
|move|p1b: Farigiraf|Twin Beam|p2b: Swampert
|-damage|p2b: Swampert|24/100
|-damage|p2b: Swampert|15/100
|-hitcount|p2b: Swampert|2
|move|p2b: Swampert|Wave Crash|p1a: Charizard
|-activate|p1a: Charizard|move: Protect
|
|-weather|none
|-heal|p2a: Archaludon|71/100|[from] item: Leftovers
|-sideend|p2: isthis6thgood|Reflect
|upkeep
|turn|6
|inactive|isthis6thgood has 30 seconds left.
|
|t:|1785681841
|detailschange|p1a: Charizard|Charizard-Mega-Y, L50, M
|-mega|p1a: Charizard|Charizard|Charizardite Y
|-weather|SunnyDay|[from] ability: Drought|[of] p1a: Charizard
|move|p2b: Swampert|Wave Crash|p1a: Charizard
|-supereffective|p1a: Charizard|1
|-damage|p1a: Charizard|29/100
|-damage|p2b: Swampert|0 fnt|[from] Recoil
|faint|p2b: Swampert
|move|p2a: Archaludon|Dragon Pulse|p1a: Charizard
|-damage|p1a: Charizard|0 fnt
|faint|p1a: Charizard
|move|p1b: Farigiraf|Roar|p2a: Archaludon
|drag|p2a: Sableye|Sableye, L50, F, shiny|19/100
|
|-weather|SunnyDay|[upkeep]
|-sideend|p2: isthis6thgood|move: Light Screen
|upkeep
|l|☆aygguan
|inactive|aygguan disconnected and has a minute to reconnect!
|player|p1|
|
|t:|1785681854
|switch|p2b: Archaludon|Archaludon, L50, M|71/100
|turn|7
|c|☆isthis6thgood|forfeit the match, bitch
|c|☆isthis6thgood|have some manners
|inactive|aygguan has 30 seconds left.
|inactive|aygguan has 20 seconds left.
|inactive|aygguan has 15 seconds left.
|inactive|aygguan has 10 seconds left.
|inactive|aygguan has 5 seconds left.
|c|☆isthis6thgood|asshole
|-message|aygguan lost due to inactivity.
|
|win|isthis6thgood
|raw|aygguan's rating: 1152 → 1131(-21 for losing)
|raw|isthis6thgood's rating: 1208 → 1229(+21 for winning)
