|j|☆spearow's nest
|j|☆Bigboyblue3451
|html|spearow's nestBigboyblue3451    
|uhtml|bestof|Game 3 of a best-of-3
|t:|1755097663
|gametype|doubles
|player|p1|spearow's nest|lance|1198
|player|p2|Bigboyblue3451|2|1179
|gen|9
|tier|[Gen 9] VGC 2025 Reg H (Bo3)
|rated|
|rule|Species Clause: Limit one of each Pokémon
|rule|Item Clause: Limit 1 of each item
|clearpoke
|poke|p1|Sneasler, L50, F|
|poke|p1|Rillaboom, L50, M|
|poke|p1|Kingambit, L50, F|
|poke|p1|Magmar, L50, F|
|poke|p1|Dragapult, L50, F|
|poke|p1|Gastrodon, L50, F|
|poke|p2|Pelipper, L50, F|
|poke|p2|Archaludon, L50, M|
|poke|p2|Annihilape, L50, M|
|poke|p2|Maushold-Four, L50|
|poke|p2|Incineroar, L50, M|
|poke|p2|Rillaboom, L50, F|
|teampreview|4
|showteam|p1|Sneasler||FocusSash|PoisonTouch|CloseCombat,DireClaw,FakeOut,Protect|||F|||50|,,,,,Stellar]Rillaboom||AssaultVest|GrassySurge|WoodHammer,GrassyGlide,HighHorsepower,FakeOut|||M|||50|,,,,,Fire]Kingambit||BlackGlasses|Defiant|KowtowCleave,SuckerPunch,SwordsDance,Protect|||F|||50|,,,,,Ghost]Magmar||Eviolite|VitalSpirit|Overheat,WillOWisp,FollowMe,Protect|||F|||50|,,,,,Ghost]Dragapult||ChoiceBand|ClearBody|DragonDarts,TeraBlast,PhantomForce,Uturn|||F|||50|,,,,,Ghost]Gastrodon||Leftovers|StormDrain|Protect,EarthPower,IceBeam,Yawn|||F|||50|,,,,,Psychic
|showteam|p2|Pelipper||FocusSash|Drizzle|Hurricane,MuddyWater,Tailwind,Protect|||F|||50|,,,,,Ghost]Archaludon||AssaultVest|Stamina|ElectroShot,Snarl,DracoMeteor,BodyPress|||M|||50|,,,,,Bug]Annihilape||Leftovers|Defiant|RageFist,DrainPunch,BulkUp,Protect|||M|||50|,,,,,Fire]Maushold-Four||WideLens|Technician|PopulationBomb,FollowMe,Taunt,Protect||||||50|,,,,,Ghost]Incineroar||SafetyGoggles|Intimidate|FlareBlitz,FakeOut,KnockOff,PartingShot|||M|||50|,,,,,Ghost]Rillaboom||LoadedDice|GrassySurge|FakeOut,GrassyGlide,Uturn,BulletSeed|||F|||50|,,,,,Fire
|
|t:|1755097709
|teamsize|p1|4
|teamsize|p2|4
|start
|switch|p1a: Sneasler|Sneasler, L50, F|100/100
|switch|p1b: Gastrodon|Gastrodon, L50, F|100/100
|switch|p2a: Maushold|Maushold-Four, L50|100/100
|switch|p2b: Rillaboom|Rillaboom, L50, F|100/100
|-fieldstart|move: Grassy Terrain|[from] ability: Grassy Surge|[of] p2b: Rillaboom
|turn|1
|
|t:|1755097728
|switch|p2a: Archaludon|Archaludon, L50, M|100/100
|move|p1a: Sneasler|Protect|p1a: Sneasler
|-singleturn|p1a: Sneasler|Protect
|move|p1b: Gastrodon|Protect|p1b: Gastrodon
|-singleturn|p1b: Gastrodon|Protect
|move|p2b: Rillaboom|Bullet Seed|p2a: Archaludon
|-resisted|p2a: Archaludon
|-damage|p2a: Archaludon|97/100
|-ability|p2a: Archaludon|Stamina|boost
|-boost|p2a: Archaludon|def|1
|-resisted|p2a: Archaludon
|-damage|p2a: Archaludon|95/100
|-ability|p2a: Archaludon|Stamina|boost
|-boost|p2a: Archaludon|def|1
|-resisted|p2a: Archaludon
|-damage|p2a: Archaludon|94/100
|-ability|p2a: Archaludon|Stamina|boost
|-boost|p2a: Archaludon|def|1
|-resisted|p2a: Archaludon
|-damage|p2a: Archaludon|93/100
|-ability|p2a: Archaludon|Stamina|boost
|-boost|p2a: Archaludon|def|1
|-hitcount|p2a: Archaludon|4
|
|-heal|p2a: Archaludon|99/100|[from] Grassy Terrain
|upkeep
|turn|2
|
|t:|1755097769
|switch|p1b: Kingambit|Kingambit, L50, F|100/100
|-terastallize|p1a: Sneasler|Stellar
|move|p1a: Sneasler|Dire Claw|p2b: Rillaboom
|-supereffective|p2b: Rillaboom
|-damage|p2b: Rillaboom|0 fnt
|faint|p2b: Rillaboom
|move|p2a: Archaludon|Draco Meteor|p1b: Kingambit
|-resisted|p1b: Kingambit
|-damage|p1b: Kingambit|72/100
|-unboost|p2a: Archaludon|spa|2
|
|-heal|p2a: Archaludon|100/100|[from] Grassy Terrain
|-heal|p1b: Kingambit|78/100|[from] Grassy Terrain
|upkeep
|
|t:|1755097784
|switch|p2b: Pelipper|Pelipper, L50, F|100/100
|-weather|RainDance|[from] ability: Drizzle|[of] p2b: Pelipper
|turn|3
|
|t:|1755097800
|move|p1b: Kingambit|Sucker Punch||[still]
|-fail|p1b: Kingambit
|move|p1a: Sneasler|Dire Claw|p2b: Pelipper
|-damage|p2b: Pelipper|42/100
|-status|p2b: Pelipper|par
|move|p2a: Archaludon|Body Press|p1b: Kingambit
|-supereffective|p1b: Kingambit
|-damage|p1b: Kingambit|0 fnt
|faint|p1b: Kingambit
|cant|p2b: Pelipper|par
|
|-weather|RainDance|[upkeep]
|upkeep
|
|t:|1755097811
|switch|p1b: Gastrodon|Gastrodon, L50, F|100/100
|turn|4
|
|t:|1755097835
|move|p1a: Sneasler|Dire Claw|p2b: Pelipper
|-damage|p2b: Pelipper|0 fnt
|faint|p2b: Pelipper
|move|p2a: Archaludon|Electro Shot||[still]
|-prepare|p2a: Archaludon|Electro Shot
|-boost|p2a: Archaludon|spa|1
|-anim|p2a: Archaludon|Electro Shot|p1a: Sneasler
|-crit|p1a: Sneasler
|-damage|p1a: Sneasler|21/100
|move|p1b: Gastrodon|Yawn|p2a: Archaludon
|-start|p2a: Archaludon|move: Yawn|[of] p1b: Gastrodon
|
|-weather|RainDance|[upkeep]
|-heal|p1a: Sneasler|27/100|[from] Grassy Terrain
|upkeep
|
|t:|1755097839
|switch|p2b: Maushold|Maushold-Four, L50|100/100
|turn|5
|
|t:|1755097864
|move|p1b: Gastrodon|Protect|p1b: Gastrodon
|-singleturn|p1b: Gastrodon|Protect
|move|p1a: Sneasler|Close Combat|p2b: Maushold
|-supereffective|p2b: Maushold
|-damage|p2b: Maushold|0 fnt
|-unboost|p1a: Sneasler|def|1
|-unboost|p1a: Sneasler|spd|1
|faint|p2b: Maushold
|move|p2a: Archaludon|Electro Shot||[still]
|-prepare|p2a: Archaludon|Electro Shot
|-boost|p2a: Archaludon|spa|1
|-anim|p2a: Archaludon|Electro Shot|p1a: Sneasler
|-damage|p1a: Sneasler|0 fnt
|faint|p1a: Sneasler
|
|-weather|RainDance|[upkeep]
|-end|p2a: Archaludon|move: Yawn|[silent]
|-status|p2a: Archaludon|slp
|-fieldend|move: Grassy Terrain
|upkeep
|
|t:|1755097870
|switch|p1a: Dragapult|Dragapult, L50, F|100/100
|turn|6
|
|t:|1755097883
|-terastallize|p2a: Archaludon|Bug
|move|p1a: Dragapult|Phantom Force||[still]
|-prepare|p1a: Dragapult|Phantom Force
|cant|p2a: Archaludon|slp
|move|p1b: Gastrodon|Earth Power|p2a: Archaludon
|-resisted|p2a: Archaludon
|-damage|p2a: Archaludon|91/100 slp
|-unboost|p2a: Archaludon|spd|1
|-ability|p2a: Archaludon|Stamina|boost
|-boost|p2a: Archaludon|def|1
|
|-weather|RainDance|[upkeep]
|upkeep
|turn|7
|
|t:|1755097898
|move|p1a: Dragapult|Phantom Force|p2a: Archaludon|[from] lockedmove
|-damage|p2a: Archaludon|78/100 slp
|-ability|p2a: Archaludon|Stamina|boost
|-boost|p2a: Archaludon|def|1
|-curestatus|p2a: Archaludon|slp|[msg]
|move|p2a: Archaludon|Snarl|p1b: Gastrodon|[spread] p1a,p1b
|-supereffective|p1a: Dragapult
|-damage|p1a: Dragapult|65/100
|-damage|p1b: Gastrodon|88/100
|-unboost|p1b: Gastrodon|spa|1
|move|p1b: Gastrodon|Ice Beam|p2a: Archaludon
|-damage|p2a: Archaludon|65/100
|
|-weather|none
|-heal|p1b: Gastrodon|94/100|[from] item: Leftovers
|upkeep
|turn|8
|
|t:|1755097920
|move|p1a: Dragapult|Phantom Force||[still]
|-prepare|p1a: Dragapult|Phantom Force
|move|p2a: Archaludon|Snarl|p1b: Gastrodon|[spread] p1b
|-miss|p2a: Archaludon|p1a: Dragapult
|-damage|p1b: Gastrodon|82/100
|-unboost|p1b: Gastrodon|spa|1
|move|p1b: Gastrodon|Yawn|p2a: Archaludon
|-start|p2a: Archaludon|move: Yawn|[of] p1b: Gastrodon
|
|-heal|p1b: Gastrodon|88/100|[from] item: Leftovers
|upkeep
|turn|9
|
|t:|1755097949
|move|p1b: Gastrodon|Protect|p1b: Gastrodon
|-singleturn|p1b: Gastrodon|Protect
|move|p1a: Dragapult|Phantom Force|p2a: Archaludon|[from] lockedmove
|-crit|p2a: Archaludon
|-damage|p2a: Archaludon|0 fnt
|faint|p2a: Archaludon
|
|win|spearow's nest
|raw|spearow's nest's rating: 1198 → 1222(+24 for winning)
|raw|Bigboyblue3451's rating: 1179 → 1155(-24 for losing)
|l|☆Bigboyblue3451
|player|p2|
