|j|☆TrainerChrxs
|j|☆Daniw9
|html|TrainerChrxsDaniw9    
|uhtml|bestof|Game 3 of a best-of-3
|t:|1756338891
|gametype|doubles
|player|p1|TrainerChrxs|psychic-gen4|1262
|player|p2|Daniw9|2|1135
|gen|9
|tier|[Gen 9] VGC 2025 Reg H (Bo3)
|rated|
|rule|Species Clause: Limit one of each Pokémon
|rule|Item Clause: Limit 1 of each item
|clearpoke
|poke|p1|Orthworm, L50, M|
|poke|p1|Grimmsnarl, L50, M|
|poke|p1|Dragonite, L50, M|
|poke|p1|Indeedee-F, L50, F|
|poke|p1|Armarouge, L50, M|
|poke|p1|Ursaluna, L50, M|
|poke|p2|Garchomp, L50, F|
|poke|p2|Tyranitar, L50, F|
|poke|p2|Delphox, L50, F|
|poke|p2|Indeedee-F, L50, F|
|poke|p2|Gallade, L50, M|
|poke|p2|Whimsicott, L50, F|
|teampreview|4
|showteam|p1|Orthworm||SitrusBerry|EarthEater|Protect,BodyPress,HelpingHand,ShedTail|||M|||50|,,,,,Fire]Grimmsnarl||LightClay|Prankster|SpiritBreak,Reflect,LightScreen,PartingShot|||M|||50|,,,,,Ghost]Dragonite||ChoiceBand|Multiscale|Outrage,ExtremeSpeed,Earthquake,TeraBlast|||M|||50|,,,,,Flying]Indeedee-F||MentalHerb|PsychicSurge|FollowMe,TrickRoom,DazzlingGleam,HelpingHand|||F|||50|,,,,,Grass]Armarouge||LifeOrb|FlashFire|Protect,ArmorCannon,ExpandingForce,TrickRoom|||M|||50|,,,,,Grass]Ursaluna||FlameOrb|Guts|Protect,Facade,Earthquake,HeadlongRush|||M|||50|,,,,,Ghost
|showteam|p2|Garchomp||LifeOrb|SandVeil|Earthquake,StompingTantrum,Protect,DragonClaw|||F|||50|,,,,,Steel]Tyranitar||AssaultVest|SandStream|RockSlide,TeraBlast,KnockOff,LowKick|||F|||50|,,,,,Flying]Delphox||PsychicSeed|Magician|ExpandingForce,HeatWave,TeraBlast,Protect|||F|||50|,,,,,Fairy]Indeedee-F||SafetyGoggles|PsychicSurge|DazzlingGleam,TrickRoom,FollowMe,HelpingHand|||F|||50|,,,,,Water]Gallade||ClearAmulet|Sharpness|SacredSword,PsychoCut,TrickRoom,Protect|||M|||50|,,,,,Grass]Whimsicott||CovertCloak|Prankster|Moonblast,Tailwind,Encore,Protect|||F|||50|,,,,,Ghost
|
|t:|1756338924
|teamsize|p1|4
|teamsize|p2|4
|start
|switch|p1a: Grimmsnarl|Grimmsnarl, L50, M|100/100
|switch|p1b: Orthworm|Orthworm, L50, M, shiny|100/100
|switch|p2a: Delphox|Delphox, L50, F|100/100
|switch|p2b: Tyranitar|Tyranitar, L50, F|100/100
|-weather|Sandstorm|[from] ability: Sand Stream|[of] p2b: Tyranitar
|turn|1
|
|t:|1756338958
|-terastallize|p2b: Tyranitar|Flying
|move|p1b: Orthworm|Protect|p1b: Orthworm
|-singleturn|p1b: Orthworm|Protect
|move|p1a: Grimmsnarl|Light Screen|p1a: Grimmsnarl
|-sidestart|p1: TrainerChrxs|move: Light Screen
|move|p2a: Delphox|Heat Wave|p1a: Grimmsnarl|[spread] p1a
|-activate|p1b: Orthworm|move: Protect
|-damage|p1a: Grimmsnarl|79/100
|-status|p1a: Grimmsnarl|brn
|move|p2b: Tyranitar|Rock Slide|p1a: Grimmsnarl|[spread] p1a
|-activate|p1b: Orthworm|move: Protect
|-damage|p1a: Grimmsnarl|47/100 brn
|
|-weather|Sandstorm|[upkeep]
|-damage|p2a: Delphox|95/100|[from] Sandstorm
|-damage|p2b: Tyranitar|95/100|[from] Sandstorm
|-damage|p1a: Grimmsnarl|41/100 brn|[from] Sandstorm
|-damage|p1a: Grimmsnarl|35/100 brn|[from] brn
|upkeep
|turn|2
|
|t:|1756338980
|move|p1a: Grimmsnarl|Reflect|p1a: Grimmsnarl
|-sidestart|p1: TrainerChrxs|Reflect
|move|p2a: Delphox|Heat Wave|p1a: Grimmsnarl|[spread] p1a,p1b
|-supereffective|p1b: Orthworm
|-damage|p1a: Grimmsnarl|15/100 brn
|-damage|p1b: Orthworm|32/100
|-enditem|p1b: Orthworm|Sitrus Berry|[eat]
|-heal|p1b: Orthworm|57/100|[from] item: Sitrus Berry
|move|p1b: Orthworm|Shed Tail|p1b: Orthworm
|-start|p1b: Orthworm|Substitute|[from] move: Shed Tail
|-damage|p1b: Orthworm|7/100
|
|t:|1756338989
|switch|p1b: Dragonite|Dragonite, L50, M|100/100|[from] Shed Tail
|move|p2b: Tyranitar|Low Kick|p1b: Dragonite
|-resisted|p1b: Dragonite
|-activate|p1b: Dragonite|move: Substitute|[damage]
|
|-weather|Sandstorm|[upkeep]
|-damage|p2a: Delphox|89/100|[from] Sandstorm
|-damage|p1b: Dragonite|94/100|[from] Sandstorm
|-damage|p2b: Tyranitar|89/100|[from] Sandstorm
|-damage|p1a: Grimmsnarl|9/100 brn|[from] Sandstorm
|-damage|p1a: Grimmsnarl|3/100 brn|[from] brn
|upkeep
|turn|3
|
|t:|1756339014
|move|p2a: Delphox|Protect|p2a: Delphox
|-singleturn|p2a: Delphox|Protect
|move|p1a: Grimmsnarl|Parting Shot|p2b: Tyranitar
|-unboost|p2b: Tyranitar|atk|1
|-unboost|p2b: Tyranitar|spa|1
|
|t:|1756339018
|switch|p1a: Ursaluna|Ursaluna, L50, M|100/100|[from] Parting Shot
|move|p1b: Dragonite|Outrage|p2b: Tyranitar
|-damage|p2b: Tyranitar|13/100
|move|p2b: Tyranitar|Rock Slide|p1a: Ursaluna|[spread] p1a,p1b
|-supereffective|p1b: Dragonite
|-end|p1b: Dragonite|Substitute
|-resisted|p1a: Ursaluna
|-damage|p1a: Ursaluna|95/100
|
|-weather|Sandstorm|[upkeep]
|-damage|p2a: Delphox|83/100|[from] Sandstorm
|-damage|p1b: Dragonite|88/100|[from] Sandstorm
|-damage|p2b: Tyranitar|7/100|[from] Sandstorm
|-status|p1a: Ursaluna|brn|[from] item: Flame Orb
|upkeep
|turn|4
|
|t:|1756339042
|move|p2a: Delphox|Expanding Force|p1b: Dragonite
|-damage|p1b: Dragonite|63/100
|move|p1b: Dragonite|Outrage|p2b: Tyranitar|[from] lockedmove
|-damage|p2b: Tyranitar|0 fnt
|faint|p2b: Tyranitar
|move|p1a: Ursaluna|Facade|p2a: Delphox
|-damage|p2a: Delphox|0 fnt
|faint|p2a: Delphox
|
|-weather|Sandstorm|[upkeep]
|-damage|p1b: Dragonite|57/100|[from] Sandstorm
|-damage|p1a: Ursaluna|89/100 brn|[from] brn
|upkeep
|
|t:|1756339047
|switch|p2a: Garchomp|Garchomp, L50, F|100/100
|switch|p2b: Gallade|Gallade, L50, M|100/100
|turn|5
|
|t:|1756339084
|-terastallize|p1a: Ursaluna|Ghost
|move|p2a: Garchomp|Dragon Claw|p1b: Dragonite
|-supereffective|p1b: Dragonite
|-damage|p1b: Dragonite|0 fnt
|faint|p1b: Dragonite
|-damage|p2a: Garchomp|91/100|[from] item: Life Orb
|move|p2b: Gallade|Psycho Cut|p1a: Ursaluna
|-damage|p1a: Ursaluna|61/100 brn
|move|p1a: Ursaluna|Facade|p2b: Gallade
|-damage|p2b: Gallade|0 fnt
|faint|p2b: Gallade
|
|-weather|none
|-damage|p1a: Ursaluna|56/100 brn|[from] brn
|upkeep
|
|t:|1756339098
|switch|p1b: Grimmsnarl|Grimmsnarl, L50, M|3/100 brn
|turn|6
|
|t:|1756339105
|move|p2a: Garchomp|Protect|p2a: Garchomp
|-singleturn|p2a: Garchomp|Protect
|move|p1b: Grimmsnarl|Parting Shot|p2a: Garchomp
|-activate|p2a: Garchomp|move: Protect
|move|p1a: Ursaluna|Earthquake|p2a: Garchomp|[spread] p1b
|-activate|p2a: Garchomp|move: Protect
|-damage|p1b: Grimmsnarl|0 fnt
|faint|p1b: Grimmsnarl
|
|-damage|p1a: Ursaluna|50/100 brn|[from] brn
|upkeep
|
|t:|1756339107
|switch|p1b: Orthworm|Orthworm, L50, M, shiny|7/100
|turn|7
|
|t:|1756339132
|move|p1b: Orthworm|Helping Hand|p1a: Ursaluna
|-singleturn|p1a: Ursaluna|Helping Hand|[of] p1b: Orthworm
|move|p2a: Garchomp|Dragon Claw|p1b: Orthworm
|-resisted|p1b: Orthworm
|-damage|p1b: Orthworm|0 fnt
|faint|p1b: Orthworm
|-damage|p2a: Garchomp|81/100|[from] item: Life Orb
|move|p1a: Ursaluna|Facade|p2a: Garchomp
|-damage|p2a: Garchomp|0 fnt
|faint|p2a: Garchomp
|
|win|TrainerChrxs
|raw|TrainerChrxs's rating: 1262 → 1278(+16 for winning)
|raw|Daniw9's rating: 1135 → 1119(-16 for losing)
|l|☆TrainerChrxs
|player|p1|
