|j|☆pimi19
|j|☆ZXMaverickHunter
|html|pimi19ZXMaverickHunter    
|uhtml|bestof|Game 1 of a best-of-3
|t:|1756331964
|gametype|doubles
|player|p1|pimi19|170|1198
|player|p2|ZXMaverickHunter|flint|1100
|gen|9
|tier|[Gen 9] VGC 2025 Reg H (Bo3)
|rated|
|rule|Species Clause: Limit one of each Pokémon
|rule|Item Clause: Limit 1 of each item
|clearpoke
|poke|p1|Ursaluna-Bloodmoon, L50, M|
|poke|p1|Porygon2, L50|
|poke|p1|Amoonguss, L50, F|
|poke|p1|Incineroar, L50, F|
|poke|p1|Dragapult, L50, M|
|poke|p1|Sneasler, L50, M|
|poke|p2|Rillaboom, L50, M|
|poke|p2|Dragonite, L50, M|
|poke|p2|Sneasler, L50, M|
|poke|p2|Ninetales-Alola, L50, F|
|poke|p2|Kingambit, L50, F|
|poke|p2|Magmar, L50, M|
|teampreview|4
|showteam|p1|Ursaluna-Bloodmoon||AssaultVest|MindsEye|BloodMoon,HyperVoice,EarthPower,VacuumWave|||M|||50|,,,,,Normal]Porygon2||Eviolite|Trace|IceBeam,Thunderbolt,Recover,TrickRoom||||||50|,,,,,Ghost]Amoonguss||CovertCloak|Regenerator|Spore,RagePowder,PollenPuff,SludgeBomb|||F|||50|,,,,,Water]Incineroar||SafetyGoggles|Intimidate|KnockOff,FakeOut,PartingShot,FlareBlitz|||F|||50|,,,,,Ghost]Dragapult||ChoiceBand|ClearBody|DragonDarts,Outrage,PhantomForce,Uturn|||M|||50|,,,,,Dragon]Sneasler||FocusSash|PoisonTouch|CloseCombat,DireClaw,ThroatChop,FakeOut|||M|||50|,,,,,Dark
|showteam|p2|Rillaboom||AssaultVest|GrassySurge|WoodHammer,GrassyGlide,HighHorsepower,FakeOut|||M|||50|,,,,,Fire]Dragonite||LoadedDice|Multiscale|Protect,ScaleShot,LowKick,Haze|||M|||50|,,,,,Fairy]Sneasler||WhiteHerb|Unburden|Protect,DireClaw,CloseCombat,Coaching|||M|||50|,,,,,Ghost]Ninetales-Alola||ChoiceSpecs|SnowWarning|Blizzard,IcyWind,Moonblast,FreezeDry|||F|||50|,,,,,Ghost]Kingambit||SafetyGoggles|Defiant|Protect,KowtowCleave,SuckerPunch,SwordsDance|||F|||50|,,,,,Dark]Magmar||Eviolite|VitalSpirit|Protect,FollowMe,Overheat,WillOWisp|||M|||50|,,,,,Dragon
|inactive|Battle timer is ON: inactive players will automatically lose when time's up. (requested by ZXMaverickHunter)
|inactive|ZXMaverickHunter has 60 seconds left.
|inactive|ZXMaverickHunter has 30 seconds left.
|
|t:|1756332051
|teamsize|p1|4
|teamsize|p2|4
|start
|switch|p1a: Dragapult|Dragapult, L50, M|100/100
|switch|p1b: Sneasler|Sneasler, L50, M|100/100
|switch|p2a: Kingambling|Kingambit, L50, F, shiny|100/100
|switch|p2b: Mogmar|Magmar, L50, M, shiny|100/100
|turn|1
|inactive|ZXMaverickHunter has 30 seconds left.
|inactive|ZXMaverickHunter has 20 seconds left.
|inactive|ZXMaverickHunter has 15 seconds left.
|inactive|ZXMaverickHunter has 10 seconds left.
|inactive|ZXMaverickHunter has 5 seconds left.
|
|t:|1756332104
|move|p1b: Sneasler|Fake Out|p2a: Kingambling
|-resisted|p2a: Kingambling
|-damage|p2a: Kingambling|95/100
|move|p1a: Dragapult|Dragon Darts|p2b: Mogmar
|-damage|p2b: Mogmar|63/100
|-anim|p1a: Dragapult|Dragon Darts|p2a: Kingambling
|-resisted|p2a: Kingambling
|-damage|p2a: Kingambling|80/100
|move|p2b: Mogmar|Will-O-Wisp|p1b: Sneasler
|-status|p1b: Sneasler|brn
|cant|p2a: Kingambling|flinch
|
|-damage|p1b: Sneasler|95/100 brn|[from] brn
|upkeep
|turn|2
|inactive|ZXMaverickHunter has 30 seconds left.
|inactive|ZXMaverickHunter has 20 seconds left.
|inactive|ZXMaverickHunter has 15 seconds left.
|inactive|ZXMaverickHunter has 10 seconds left.
|
|t:|1756332153
|switch|p2a: Hi peli|Ninetales-Alola, L50, F, shiny|100/100
|-weather|Snowscape|[from] ability: Snow Warning|[of] p2a: Hi peli
|-terastallize|p1a: Dragapult|Dragon
|move|p2b: Mogmar|Protect|p2b: Mogmar
|-singleturn|p2b: Mogmar|Protect
|move|p1a: Dragapult|Dragon Darts|p2b: Mogmar
|-immune|p2a: Hi peli
|move|p1b: Sneasler|Close Combat|p2a: Hi peli
|-damage|p2a: Hi peli|73/100
|-unboost|p1b: Sneasler|def|1
|-unboost|p1b: Sneasler|spd|1
|-status|p2a: Hi peli|psn|[from] ability: Poison Touch|[of] p1b: Sneasler
|
|-weather|Snowscape|[upkeep]
|-damage|p2a: Hi peli|61/100 psn|[from] psn
|-damage|p1b: Sneasler|89/100 brn|[from] brn
|upkeep
|turn|3
|inactive|ZXMaverickHunter has 30 seconds left.
|
|t:|1756332183
|-terastallize|p2a: Hi peli|Ghost
|move|p2b: Mogmar|Follow Me|p2b: Mogmar
|-singleturn|p2b: Mogmar|move: Follow Me
|move|p1a: Dragapult|Dragon Darts|p2b: Mogmar
|-damage|p2b: Mogmar|19/100
|-anim|p1a: Dragapult|Dragon Darts|p2b: Mogmar
|-damage|p2b: Mogmar|0 fnt
|faint|p2b: Mogmar
|move|p1b: Sneasler|Dire Claw|p2a: Hi peli
|-resisted|p2a: Hi peli
|-damage|p2a: Hi peli|44/100 psn
|move|p2a: Hi peli|Blizzard|p1a: Dragapult|[spread] p1a,p1b
|-supereffective|p1a: Dragapult
|-damage|p1a: Dragapult|0 fnt
|-damage|p1b: Sneasler|0 fnt
|faint|p1a: Dragapult
|faint|p1b: Sneasler
|
|-weather|Snowscape|[upkeep]
|-damage|p2a: Hi peli|32/100 psn|[from] psn
|upkeep
|
|t:|1756332204
|switch|p1a: Ursaluna|Ursaluna-Bloodmoon, L50, M|100/100
|switch|p1b: Amoonguss|Amoonguss, L50, F|100/100
|switch|p2b: Kingambling|Kingambit, L50, F, shiny|80/100
|turn|4
|
|t:|1756332221
|move|p2b: Kingambling|Protect|p2b: Kingambling
|-singleturn|p2b: Kingambling|Protect
|move|p1a: Ursaluna|Vacuum Wave|p2a: Hi peli
|-damage|p2a: Hi peli|15/100 psn
|move|p2a: Hi peli|Blizzard|p1b: Amoonguss|[spread] p1a,p1b
|-supereffective|p1a: Ursaluna
|-supereffective|p1b: Amoonguss
|-damage|p1a: Ursaluna|41/100
|-damage|p1b: Amoonguss|22/100
|move|p1b: Amoonguss|Spore|p2b: Kingambling
|-activate|p2b: Kingambling|move: Protect
|
|-weather|Snowscape|[upkeep]
|-damage|p2a: Hi peli|3/100 psn|[from] psn
|upkeep
|turn|5
|inactive|ZXMaverickHunter has 30 seconds left.
|
|t:|1756332252
|switch|p2a: Noah's BFF|Sneasler, L50, M, shiny|100/100
|move|p1a: Ursaluna|Vacuum Wave|p2a: Noah's BFF
|-resisted|p2a: Noah's BFF
|-damage|p2a: Noah's BFF|91/100
|move|p2b: Kingambling|Kowtow Cleave|p1b: Amoonguss
|-damage|p1b: Amoonguss|0 fnt
|faint|p1b: Amoonguss
|
|-weather|Snowscape|[upkeep]
|upkeep
|turn|6
|inactive|ZXMaverickHunter has 30 seconds left.
|
|t:|1756332284
|move|p1a: Ursaluna|Vacuum Wave|p2b: Kingambling
|-supereffective|p2b: Kingambling
|-damage|p2b: Kingambling|20/100
|move|p2b: Kingambling|Sucker Punch||[still]
|-fail|p2b: Kingambling
|move|p2a: Noah's BFF|Close Combat|p1a: Ursaluna
|-supereffective|p1a: Ursaluna
|-damage|p1a: Ursaluna|0 fnt
|-unboost|p2a: Noah's BFF|def|1
|-unboost|p2a: Noah's BFF|spd|1
|faint|p1a: Ursaluna
|-enditem|p2a: Noah's BFF|White Herb
|-clearnegativeboost|p2a: Noah's BFF|[silent]
|
|win|ZXMaverickHunter
||pimi19 is ready for game 2.
|inactive|ZXMaverickHunter has 30 seconds to confirm battle start!
|inactive|ZXMaverickHunter has 20 seconds to confirm battle start!
||ZXMaverickHunter is ready for game 2.
|uhtml|next|Next: Game 2 of 3
