|j|☆magmastormvgc
|j|☆chestnot
|html|magmastormvgcchestnot    
|uhtml|bestof|Game 1 of a best-of-3
|t:|1757710736
|gametype|doubles
|player|p1|magmastormvgc|turo-ai|1113
|player|p2|chestnot|collector|1077
|gen|9
|tier|[Gen 9] VGC 2025 Reg H (Bo3)
|rated|
|rule|Species Clause: Limit one of each Pokémon
|rule|Item Clause: Limit 1 of each item
|clearpoke
|poke|p1|Dragonite, L50, F|
|poke|p1|Gholdengo, L50|
|poke|p1|Ursaluna-Bloodmoon, L50, M|
|poke|p1|Annihilape, L50, F|
|poke|p1|Maushold-Four, L50|
|poke|p1|Rillaboom, L50, F|
|poke|p2|Arcanine-Hisui, L50, M|
|poke|p2|Tyranitar, L50, M|
|poke|p2|Excadrill, L50, F|
|poke|p2|Indeedee, L50, M|
|poke|p2|Avalugg-Hisui, L50, F|
|poke|p2|Annihilape, L50, M|
|teampreview|4
|showteam|p1|Dragonite||LoadedDice|Multiscale|ScaleShot,Tailwind,Haze,Protect|||F|||50|,,,,,Fairy]Gholdengo||LifeOrb|GoodasGold|MakeItRain,ShadowBall,NastyPlot,Protect||||||50|,,,,,Water]Ursaluna-Bloodmoon||AssaultVest|MindsEye|BloodMoon,EarthPower,HyperVoice,VacuumWave|||M|||50|,,,,,Water]Annihilape||SitrusBerry|Defiant|DrainPunch,RageFist,BulkUp,Protect|||F|||50|,,,,,Fire]Maushold-Four||FocusSash|FriendGuard|SuperFang,BeatUp,FollowMe,Protect||||||50|,,,,,Ghost]Rillaboom||MiracleSeed|GrassySurge|WoodHammer,GrassyGlide,HighHorsepower,FakeOut|||F|||50|,,,,,Fire
|showteam|p2|Arcanine-Hisui||AssaultVest|Intimidate|ExtremeSpeed,RockSlide,FlareBlitz,Snarl|||M|||50|,,,,,Fire]Tyranitar||Leftovers|SandStream|KnockOff,Taunt,TeraBlast,Protect|||M|||50|,,,,,Fairy]Excadrill||ClearAmulet|SandRush|IronHead,HighHorsepower,SwordsDance,Protect|||F|||50|,,,,,Ground]Indeedee||ChoiceScarf|PsychicSurge|ExpandingForce,Trick,Psychic,HyperVoice|||M|||50|,,,,,Psychic]Avalugg-Hisui||PsychicSeed|StrongJaw|StoneEdge,WideGuard,IceFang,Protect|||F|||50|,,,,,Steel]Annihilape||SafetyGoggles|Defiant|RageFist,BulkUp,DrainPunch,Protect|||M|||50|,,,,,Fighting
|inactive|Battle timer is ON: inactive players will automatically lose when time's up. (requested by chestnot)
|inactive|magmastormvgc has 60 seconds left.
|inactive|magmastormvgc has 30 seconds left.
|inactive|magmastormvgc has 20 seconds left.
|
|t:|1757710807
|teamsize|p1|4
|teamsize|p2|4
|start
|switch|p1a: Rillaboom|Rillaboom, L50, F|100/100
|switch|p1b: Gholdengo|Gholdengo, L50|100/100
|switch|p2a: Tyranitar|Tyranitar, L50, M|100/100
|switch|p2b: Avalugg|Avalugg-Hisui, L50, F|100/100
|-fieldstart|move: Grassy Terrain|[from] ability: Grassy Surge|[of] p1a: Rillaboom
|-weather|Sandstorm|[from] ability: Sand Stream|[of] p2a: Tyranitar
|turn|1
|inactive|magmastormvgc has 30 seconds left.
|inactive|chestnot has 30 seconds left.
|
|t:|1757710837
|move|p1b: Gholdengo|Protect|p1b: Gholdengo
|-singleturn|p1b: Gholdengo|Protect
|move|p2a: Tyranitar|Protect|p2a: Tyranitar
|-singleturn|p2a: Tyranitar|Protect
|move|p2b: Avalugg|Protect|p2b: Avalugg
|-singleturn|p2b: Avalugg|Protect
|move|p1a: Rillaboom|Wood Hammer|p2a: Tyranitar
|-activate|p2a: Tyranitar|move: Protect
|
|-weather|Sandstorm|[upkeep]
|-damage|p1a: Rillaboom|94/100|[from] Sandstorm
|-heal|p1a: Rillaboom|100/100|[from] Grassy Terrain
|upkeep
|turn|2
|inactive|magmastormvgc has 30 seconds left.
|inactive|chestnot has 30 seconds left.
|inactive|magmastormvgc has 20 seconds left.
|
|t:|1757710875
|-terastallize|p1b: Gholdengo|Water
|-terastallize|p2a: Tyranitar|Fairy
|move|p2b: Avalugg|Wide Guard|p2b: Avalugg
|-singleturn|p2b: Avalugg|Wide Guard
|move|p1b: Gholdengo|Nasty Plot|p1b: Gholdengo
|-boost|p1b: Gholdengo|spa|2
|move|p1a: Rillaboom|Wood Hammer|p2a: Tyranitar
|-damage|p2a: Tyranitar|22/100
|-damage|p1a: Rillaboom|74/100|[from] Recoil
|move|p2a: Tyranitar|Knock Off|p1b: Gholdengo
|-damage|p1b: Gholdengo|56/100
|-enditem|p1b: Gholdengo|Life Orb|[from] move: Knock Off|[of] p2a: Tyranitar
|
|-weather|Sandstorm|[upkeep]
|-damage|p1b: Gholdengo|50/100|[from] Sandstorm
|-damage|p1a: Rillaboom|68/100|[from] Sandstorm
|-damage|p2a: Tyranitar|16/100|[from] Sandstorm
|-heal|p1b: Gholdengo|56/100|[from] Grassy Terrain
|-heal|p1a: Rillaboom|74/100|[from] Grassy Terrain
|-heal|p2a: Tyranitar|22/100|[from] Grassy Terrain
|-heal|p2a: Tyranitar|28/100|[from] item: Leftovers
|upkeep
|turn|3
|inactive|magmastormvgc has 30 seconds left.
|inactive|chestnot has 30 seconds left.
|inactive|chestnot has 20 seconds left.
|
|t:|1757710911
|move|p1b: Gholdengo|Shadow Ball|p2a: Tyranitar
|-damage|p2a: Tyranitar|0 fnt
|faint|p2a: Tyranitar
|move|p1a: Rillaboom|High Horsepower|p2b: Avalugg
|-supereffective|p2b: Avalugg
|-damage|p2b: Avalugg|63/100
|move|p2b: Avalugg|Ice Fang|p1a: Rillaboom
|-supereffective|p1a: Rillaboom
|-damage|p1a: Rillaboom|0 fnt
|faint|p1a: Rillaboom
|
|-weather|Sandstorm|[upkeep]
|-damage|p1b: Gholdengo|50/100|[from] Sandstorm
|-heal|p1b: Gholdengo|56/100|[from] Grassy Terrain
|-heal|p2b: Avalugg|69/100|[from] Grassy Terrain
|upkeep
|
|t:|1757710925
|switch|p1a: Maushold|Maushold-Four, L50|100/100
|switch|p2a: Indeedee|Indeedee, L50, M|100/100
|-fieldstart|move: Psychic Terrain|[from] ability: Psychic Surge|[of] p2a: Indeedee
|-enditem|p2b: Avalugg|Psychic Seed
|-boost|p2b: Avalugg|spd|1|[from] item: Psychic Seed
|turn|4
|inactive|magmastormvgc has 30 seconds left.
|inactive|chestnot has 30 seconds left.
|
|t:|1757710957
|move|p2b: Avalugg|Wide Guard|p2b: Avalugg
|-singleturn|p2b: Avalugg|Wide Guard
|move|p2a: Indeedee|Expanding Force|p1b: Gholdengo|[spread] p1a,p1b
|-damage|p1a: Maushold|32/100
|-damage|p1b: Gholdengo|13/100
|move|p1a: Maushold|Super Fang|p2a: Indeedee
|-damage|p2a: Indeedee|51/100
|move|p1b: Gholdengo|Shadow Ball|p2b: Avalugg
|-damage|p2b: Avalugg|30/100
|-unboost|p2b: Avalugg|spd|1
|
|-weather|Sandstorm|[upkeep]
|-damage|p2a: Indeedee|45/100|[from] Sandstorm
|-damage|p1a: Maushold|26/100|[from] Sandstorm
|-damage|p1b: Gholdengo|7/100|[from] Sandstorm
|upkeep
|turn|5
|inactive|magmastormvgc has 30 seconds left.
|inactive|magmastormvgc has 20 seconds left.
|
|t:|1757710993
|move|p1b: Gholdengo|Protect|p1b: Gholdengo
|-singleturn|p1b: Gholdengo|Protect
|move|p2a: Indeedee|Expanding Force|p1b: Gholdengo|[spread] p1a
|-activate|p1b: Gholdengo|move: Protect
|-damage|p1a: Maushold|0 fnt
|faint|p1a: Maushold
|move|p2b: Avalugg|Stone Edge|p1b: Gholdengo
|-activate|p1b: Gholdengo|move: Protect
|
|-weather|none
|upkeep
|
|t:|1757711002
|switch|p1a: Dragonite|Dragonite, L50, F|100/100
|turn|6
|inactive|magmastormvgc has 30 seconds left.
|
|t:|1757711032
|move|p1b: Gholdengo|Protect||[still]
|-fail|p1b: Gholdengo
|move|p2a: Indeedee|Expanding Force|p1a: Dragonite|[spread] p1a,p1b
|-damage|p1a: Dragonite|74/100
|-damage|p1b: Gholdengo|0 fnt
|faint|p1b: Gholdengo
|move|p1a: Dragonite|Tailwind|p1a: Dragonite
|-sidestart|p1: magmastormvgc|move: Tailwind
|move|p2b: Avalugg|Ice Fang|p1a: Dragonite
|-supereffective|p1a: Dragonite
|-damage|p1a: Dragonite|0 fnt
|faint|p1a: Dragonite
|
|win|chestnot
|inactive|magmastormvgc has 30 seconds to confirm battle start!
|inactive|chestnot has 30 seconds to confirm battle start!
||magmastormvgc is ready for game 2.
||chestnot is ready for game 2.
|uhtml|next|Next: Game 2 of 3
