|j|☆gortland
|j|☆Dragonite miss
|html|gortlandDragonite miss    
|uhtml|bestof|Game 3 of a best-of-3
|t:|1755457893
|gametype|doubles
|player|p1|gortland|winona|1261
|player|p2|Dragonite miss|170|1423
|gen|9
|tier|[Gen 9] VGC 2025 Reg H (Bo3)
|rated|
|rule|Species Clause: Limit one of each Pokémon
|rule|Item Clause: Limit 1 of each item
|clearpoke
|poke|p1|Ninetales-Alola, L50, F|
|poke|p1|Ursaluna-Bloodmoon, L50, M|
|poke|p1|Gholdengo, L50|
|poke|p1|Amoonguss, L50, M|
|poke|p1|Annihilape, L50, F|
|poke|p1|Dragonite, L50, M|
|poke|p2|Ursaluna-Bloodmoon, L50, M|
|poke|p2|Gholdengo, L50|
|poke|p2|Incineroar, L50, F|
|poke|p2|Clefable, L50, M|
|poke|p2|Dragonite, L50, M|
|poke|p2|Annihilape, L50, F|
|teampreview|4
|showteam|p1|Ninetales-Alola||LightClay|SnowWarning|IcyWind,Blizzard,AuroraVeil,Encore|||F|||50|,,,,,Ghost]Ursaluna-Bloodmoon||AssaultVest|MindsEye|BloodMoon,EarthPower,HyperVoice,VacuumWave|||M|||50|,,,,,Ghost]Gholdengo||LifeOrb|GoodasGold|Protect,NastyPlot,MakeItRain,ShadowBall||||||50|,,,,,Water]Amoonguss||CovertCloak|Regenerator|Spore,RagePowder,SludgeBomb,Protect|||M|||50|,,,,,Psychic]Annihilape||SafetyGoggles|Defiant|RageFist,BulkUp,DrainPunch,Protect|||F|||50|,,,,,Fire]Dragonite||LoadedDice|Multiscale|ScaleShot,Tailwind,Haze,Protect|||M|||50|,,,,,Fairy
|showteam|p2|Ursaluna-Bloodmoon||AssaultVest|MindsEye|HyperVoice,EarthPower,BloodMoon,VacuumWave|||M|||50|,,,,,Water]Gholdengo||LifeOrb|GoodasGold|MakeItRain,ShadowBall,NastyPlot,Protect||||||50|,,,,,Water]Incineroar||SafetyGoggles|Intimidate|FlareBlitz,KnockOff,PartingShot,FakeOut|||F|||50|,,,,,Ghost]Clefable||SitrusBerry|Unaware|Moonblast,MistyTerrain,FollowMe,Protect|||M|||50|,,,,,Water]Dragonite||LoadedDice|Multiscale|ScaleShot,Tailwind,Haze,Protect|||M|||50|,,,,,Steel]Annihilape||FocusSash|Defiant|CloseCombat,RageFist,Coaching,FinalGambit|||F|||50|,,,,,Grass
|
|t:|1755457934
|teamsize|p1|4
|teamsize|p2|4
|start
|switch|p1a: Annihilape|Annihilape, L50, F|100/100
|switch|p1b: Ninetales|Ninetales-Alola, L50, F|100/100
|switch|p2a: Dragonite|Dragonite, L50, M|100/100
|switch|p2b: Gholdengo|Gholdengo, L50|100/100
|-weather|Snowscape|[from] ability: Snow Warning|[of] p1b: Ninetales
|turn|1
|inactive|Battle timer is ON: inactive players will automatically lose when time's up. (requested by Dragonite miss)
|
|t:|1755457953
|-terastallize|p2a: Dragonite|Steel
|-terastallize|p1a: Annihilape|Fire
|move|p1b: Ninetales|Aurora Veil|p1b: Ninetales
|-sidestart|p1: gortland|move: Aurora Veil
|move|p2b: Gholdengo|Nasty Plot|p2b: Gholdengo
|-boost|p2b: Gholdengo|spa|2
|move|p2a: Dragonite|Tailwind|p2a: Dragonite
|-sidestart|p2: Dragonite miss|move: Tailwind
|move|p1a: Annihilape|Bulk Up|p1a: Annihilape
|-boost|p1a: Annihilape|atk|1
|-boost|p1a: Annihilape|def|1
|
|-weather|Snowscape|[upkeep]
|upkeep
|turn|2
|inactive|gortland has 30 seconds left.
|inactive|Dragonite miss has 30 seconds left.
|inactive|Dragonite miss has 20 seconds left.
|
|t:|1755457993
|switch|p2a: Ursaluna|Ursaluna-Bloodmoon, L50, M|100/100
|move|p2b: Gholdengo|Make It Rain|p1a: Annihilape|[spread] p1a,p1b
|-resisted|p1a: Annihilape
|-supereffective|p1b: Ninetales
|-damage|p1a: Annihilape|74/100
|-damage|p1b: Ninetales|0 fnt
|-unboost|p2b: Gholdengo|spa|1
|faint|p1b: Ninetales
|-damage|p2b: Gholdengo|91/100|[from] item: Life Orb
|move|p1a: Annihilape|Rage Fist|p2b: Gholdengo
|-supereffective|p2b: Gholdengo
|-damage|p2b: Gholdengo|0 fnt
|faint|p2b: Gholdengo
|
|-weather|Snowscape|[upkeep]
|upkeep
|inactive|gortland has 30 seconds left.
|
|t:|1755458018
|switch|p1b: Dragonite|Dragonite, L50, M|100/100
|switch|p2b: Dragonite|Dragonite, L50, M, tera:Steel|100/100
|turn|3
|
|t:|1755458034
|move|p1a: Annihilape|Protect|p1a: Annihilape
|-singleturn|p1a: Annihilape|Protect
|move|p2b: Dragonite|Scale Shot|p1b: Dragonite
|-supereffective|p1b: Dragonite
|-damage|p1b: Dragonite|89/100
|-supereffective|p1b: Dragonite
|-damage|p1b: Dragonite|68/100
|-supereffective|p1b: Dragonite
|-damage|p1b: Dragonite|46/100
|-supereffective|p1b: Dragonite
|-damage|p1b: Dragonite|24/100
|-hitcount|p1b: Dragonite|4
|-unboost|p2b: Dragonite|def|1
|-boost|p2b: Dragonite|spe|1
|move|p2a: Ursaluna|Blood Moon|p1b: Dragonite
|-damage|p1b: Dragonite|0 fnt
|faint|p1b: Dragonite
|
|-weather|Snowscape|[upkeep]
|upkeep
|
|t:|1755458048
|switch|p1b: Gholdengo|Gholdengo, L50|100/100
|turn|4
|
|t:|1755458056
|move|p1a: Annihilape|Protect||[still]
|-fail|p1a: Annihilape
|move|p2b: Dragonite|Scale Shot|p1a: Annihilape
|-damage|p1a: Annihilape|67/100
|-damage|p1a: Annihilape|60/100
|-damage|p1a: Annihilape|54/100
|-damage|p1a: Annihilape|47/100
|-damage|p1a: Annihilape|40/100
|-hitcount|p1a: Annihilape|5
|-unboost|p2b: Dragonite|def|1
|-boost|p2b: Dragonite|spe|1
|move|p2a: Ursaluna|Earth Power|p1a: Annihilape
|-supereffective|p1a: Annihilape
|-damage|p1a: Annihilape|0 fnt
|faint|p1a: Annihilape
|move|p1b: Gholdengo|Nasty Plot|p1b: Gholdengo
|-boost|p1b: Gholdengo|spa|2
|
|-weather|Snowscape|[upkeep]
|-sideend|p2: Dragonite miss|move: Tailwind
|upkeep
|turn|5
|
|t:|1755458070
|move|p2b: Dragonite|Tailwind|p2b: Dragonite
|-sidestart|p2: Dragonite miss|move: Tailwind
|move|p2a: Ursaluna|Earth Power|p1b: Gholdengo
|-supereffective|p1b: Gholdengo
|-damage|p1b: Gholdengo|26/100
|move|p1b: Gholdengo|Make It Rain|p2a: Ursaluna|[spread] p2a,p2b
|-resisted|p2b: Dragonite
|-damage|p2a: Ursaluna|30/100
|-damage|p2b: Dragonite|70/100
|-unboost|p1b: Gholdengo|spa|1
|-damage|p1b: Gholdengo|17/100|[from] item: Life Orb
|
|-weather|none
|upkeep
|turn|6
|-message|gortland forfeited.
|
|win|Dragonite miss
|raw|gortland's rating: 1261 → 1247(-14 for losing)
|raw|Dragonite miss's rating: 1423 → 1434(+11 for winning)
|l|☆gortland
|player|p1|
