|j|☆Nazuwu
|j|☆TanzendesToast
|html|NazuwuTanzendesToast    
|uhtml|bestof|Game 2 of a best-of-3
|t:|1757786524
|gametype|doubles
|player|p1|Nazuwu|roxie|
|player|p2|TanzendesToast|caitlin|
|gen|9
|tier|[Gen 9] VGC 2025 Reg H (Bo3)
|rule|Species Clause: Limit one of each Pokémon
|rule|Item Clause: Limit 1 of each item
|clearpoke
|poke|p1|Kingambit, L50, F|
|poke|p1|Primarina, L50, M|
|poke|p1|Sneasler, L50, F|
|poke|p1|Magmar, L50, F|
|poke|p1|Rillaboom, L50, M|
|poke|p1|Dragapult, L50, M|
|poke|p2|Comfey, L50, M|
|poke|p2|Pelipper, L50, M|
|poke|p2|Archaludon, L50, F|
|poke|p2|Kingdra, L50, M|
|poke|p2|Weezing-Galar, L50, F|
|poke|p2|Toedscruel, L50, F|
|teampreview|4
|showteam|p1|Kingambit||BlackGlasses|Defiant|KowtowCleave,SuckerPunch,SwordsDance,Protect|||F|||50|,,,,,Dark]Primarina||SitrusBerry|LiquidVoice|HyperVoice,Moonblast,Haze,Protect|||M|||50|,,,,,Poison]Sneasler||FocusSash|PoisonTouch|CloseCombat,DireClaw,FakeOut,Protect|||F|||50|,,,,,Ghost]Magmar||Eviolite|VitalSpirit|Overheat,WillOWisp,FollowMe,Protect|||F|||50|,,,,,Ghost]Rillaboom||AssaultVest|GrassySurge|WoodHammer,GrassyGlide,HighHorsepower,FakeOut|||M|||50|,,,,,Fire]Dragapult||ChoiceBand|ClearBody|DragonDarts,PhantomForce,Outrage,Uturn|||M|||50|,,,,,Dragon
|showteam|p2|Comfey||SafetyGoggles|Triage|DrainingKiss,FloralHealing,LightScreen,Protect|||M|||50|,,,,,Steel]Pelipper||ChoiceScarf|Drizzle|Hurricane,Tailwind,WeatherBall,Uturn|||M|||50|,,,,,Ghost]Archaludon||AssaultVest|Stamina|ElectroShot,BodyPress,FlashCannon,Snarl|||F|||50|,,,,,Grass]Kingdra||LifeOrb|SwiftSwim|WeatherBall,Surf,DracoMeteor,Protect|||M|||50|,,,,,Steel]Weezing-Galar||SitrusBerry|NeutralizingGas|Protect,SludgeBomb,DazzlingGleam,Taunt|||F|||50|,,,,,Ghost]Toedscruel||CovertCloak|MyceliumMight|Spore,BulletSeed,EarthPower,Protect|||F|||50|,,,,,Water
|j| luggi8787
|j| Faabow
|j| Nils2078
|inactive|Battle timer is ON: inactive players will automatically lose when time's up. (requested by Nazuwu)
|
|t:|1757786568
|teamsize|p1|4
|teamsize|p2|4
|start
|switch|p1a: Kingambit|Kingambit, L50, F|100/100
|switch|p1b: Rillaboom|Rillaboom, L50, M|100/100
|switch|p2a: Pelipper|Pelipper, L50, M|100/100
|switch|p2b: Kingdra|Kingdra, L50, M|100/100
|-weather|RainDance|[from] ability: Drizzle|[of] p2a: Pelipper
|-fieldstart|move: Grassy Terrain|[from] ability: Grassy Surge|[of] p1b: Rillaboom
|turn|1
|inactive|Nazuwu has 30 seconds left.
|inactive|TanzendesToast has 30 seconds left.
|inactive|Nazuwu has 20 seconds left.
|inactive|TanzendesToast has 20 seconds left.
|inactive|TanzendesToast has 15 seconds left.
|
|t:|1757786613
|move|p2b: Kingdra|Protect|p2b: Kingdra
|-singleturn|p2b: Kingdra|Protect
|move|p1a: Kingambit|Protect|p1a: Kingambit
|-singleturn|p1a: Kingambit|Protect
|move|p1b: Rillaboom|Fake Out|p2a: Pelipper
|-damage|p2a: Pelipper|80/100
|cant|p2a: Pelipper|flinch
|
|-weather|RainDance|[upkeep]
|upkeep
|turn|2
|inactive|Nazuwu has 30 seconds left.
|inactive|TanzendesToast has 30 seconds left.
|inactive|TanzendesToast has 20 seconds left.
|
|t:|1757786652
|move|p1b: Rillaboom|Grassy Glide|p2b: Kingdra
|-damage|p2b: Kingdra|56/100
|move|p1a: Kingambit|Sucker Punch|p2a: Pelipper
|-damage|p2a: Pelipper|12/100
|move|p2b: Kingdra|Surf|p1b: Rillaboom|[spread] p2a,p1a,p1b
|-resisted|p2a: Pelipper
|-resisted|p1b: Rillaboom
|-damage|p2a: Pelipper|0 fnt
|-damage|p1a: Kingambit|38/100
|-damage|p1b: Rillaboom|80/100
|faint|p2a: Pelipper
|-damage|p2b: Kingdra|46/100|[from] item: Life Orb
|
|-weather|RainDance|[upkeep]
|-heal|p2b: Kingdra|52/100|[from] Grassy Terrain
|-heal|p1b: Rillaboom|85/100|[from] Grassy Terrain
|-heal|p1a: Kingambit|44/100|[from] Grassy Terrain
|upkeep
|
|t:|1757786666
|switch|p2a: Archaludon|Archaludon, L50, F|100/100
|turn|3
|inactive|TanzendesToast has 30 seconds left.
|inactive|TanzendesToast has 20 seconds left.
|
|t:|1757786702
|move|p2b: Kingdra|Protect|p2b: Kingdra
|-singleturn|p2b: Kingdra|Protect
|move|p1a: Kingambit|Protect|p1a: Kingambit
|-singleturn|p1a: Kingambit|Protect
|move|p2a: Archaludon|Electro Shot||[still]
|-prepare|p2a: Archaludon|Electro Shot
|-boost|p2a: Archaludon|spa|1
|-anim|p2a: Archaludon|Electro Shot|p1a: Kingambit
|-activate|p1a: Kingambit|move: Protect
|move|p1b: Rillaboom|High Horsepower|p2b: Kingdra
|-activate|p2b: Kingdra|move: Protect
|
|-weather|RainDance|[upkeep]
|-heal|p2b: Kingdra|58/100|[from] Grassy Terrain
|-heal|p1b: Rillaboom|91/100|[from] Grassy Terrain
|-heal|p1a: Kingambit|50/100|[from] Grassy Terrain
|upkeep
|turn|4
|inactive|Nazuwu has 30 seconds left.
|inactive|TanzendesToast has 30 seconds left.
|inactive|TanzendesToast has 20 seconds left.
|inactive|TanzendesToast has 15 seconds left.
|inactive|TanzendesToast has 10 seconds left.
|
|t:|1757786751
|move|p1a: Kingambit|Sucker Punch|p2a: Archaludon
|-damage|p2a: Archaludon|66/100
|-ability|p2a: Archaludon|Stamina|boost
|-boost|p2a: Archaludon|def|1
|move|p2b: Kingdra|Surf|p1b: Rillaboom|[spread] p2a,p1a,p1b
|-resisted|p2a: Archaludon
|-resisted|p1b: Rillaboom
|-damage|p2a: Archaludon|43/100
|-damage|p1a: Kingambit|0 fnt
|-damage|p1b: Rillaboom|68/100
|-ability|p2a: Archaludon|Stamina|boost
|-boost|p2a: Archaludon|def|1
|faint|p1a: Kingambit
|-damage|p2b: Kingdra|48/100|[from] item: Life Orb
|move|p2a: Archaludon|Electro Shot||[still]
|-prepare|p2a: Archaludon|Electro Shot
|-boost|p2a: Archaludon|spa|1
|-anim|p2a: Archaludon|Electro Shot|p1b: Rillaboom
|-resisted|p1b: Rillaboom
|-damage|p1b: Rillaboom|37/100
|move|p1b: Rillaboom|High Horsepower|p2b: Kingdra
|-damage|p2b: Kingdra|5/100
|
|-weather|RainDance|[upkeep]
|-heal|p2b: Kingdra|11/100|[from] Grassy Terrain
|-heal|p2a: Archaludon|49/100|[from] Grassy Terrain
|-heal|p1b: Rillaboom|42/100|[from] Grassy Terrain
|upkeep
|
|t:|1757786775
|switch|p1a: Sneasler|Sneasler, L50, F|100/100
|turn|5
|inactive|TanzendesToast has 30 seconds left.
|inactive|TanzendesToast has 20 seconds left.
|inactive|TanzendesToast has 15 seconds left.
|inactive|TanzendesToast has 10 seconds left.
|
|t:|1757786822
|move|p1a: Sneasler|Fake Out|p2a: Archaludon
|-resisted|p2a: Archaludon
|-damage|p2a: Archaludon|46/100
|-ability|p2a: Archaludon|Stamina|boost
|-boost|p2a: Archaludon|def|1
|move|p1b: Rillaboom|Fake Out||[still]
|-hint|Fake Out only works on your first turn out.
|-fail|p1b: Rillaboom
|move|p2b: Kingdra|Weather Ball|p1a: Sneasler
|-enditem|p1a: Sneasler|Focus Sash
|-damage|p1a: Sneasler|1/100
|-damage|p2b: Kingdra|1/100|[from] item: Life Orb
|cant|p2a: Archaludon|flinch
|
|-weather|none
|-heal|p2b: Kingdra|7/100|[from] Grassy Terrain
|-heal|p1a: Sneasler|7/100|[from] Grassy Terrain
|-heal|p2a: Archaludon|52/100|[from] Grassy Terrain
|-heal|p1b: Rillaboom|48/100|[from] Grassy Terrain
|-fieldend|move: Grassy Terrain
|upkeep
|turn|6
|inactive|Nazuwu has 30 seconds left.
|inactive|TanzendesToast has 30 seconds left.
|inactive|Nazuwu has 20 seconds left.
|inactive|TanzendesToast has 20 seconds left.
|inactive|Nazuwu has 15 seconds left.
|inactive|TanzendesToast has 15 seconds left.
|inactive|TanzendesToast has 10 seconds left.
|
|t:|1757786872
|move|p1a: Sneasler|Close Combat|p2a: Archaludon
|-supereffective|p2a: Archaludon
|-damage|p2a: Archaludon|16/100
|-unboost|p1a: Sneasler|def|1
|-unboost|p1a: Sneasler|spd|1
|-ability|p2a: Archaludon|Stamina|boost
|-boost|p2a: Archaludon|def|1
|move|p2b: Kingdra|Weather Ball|p1a: Sneasler
|-damage|p1a: Sneasler|0 fnt
|faint|p1a: Sneasler
|-damage|p2b: Kingdra|0 fnt|[from] item: Life Orb
|faint|p2b: Kingdra
|move|p2a: Archaludon|Snarl|p1b: Rillaboom
|-damage|p1b: Rillaboom|19/100
|-unboost|p1b: Rillaboom|spa|1
|move|p1b: Rillaboom|Grassy Glide|p2a: Archaludon
|-resisted|p2a: Archaludon
|-damage|p2a: Archaludon|15/100
|-ability|p2a: Archaludon|Stamina|boost
|-boost|p2a: Archaludon|def|1
|
|upkeep
|
|t:|1757786890
|switch|p1a: Primarina|Primarina, L50, M|100/100
|switch|p2b: Comfey|Comfey, L50, M|100/100
|turn|7
|inactive|Nazuwu has 30 seconds left.
|inactive|TanzendesToast has 30 seconds left.
|inactive|TanzendesToast has 20 seconds left.
|inactive|TanzendesToast has 15 seconds left.
|inactive|TanzendesToast has 10 seconds left.
|
|t:|1757786940
|-terastallize|p2a: Archaludon|Grass
|-terastallize|p1a: Primarina|Poison
|move|p2b: Comfey|Floral Healing|p2a: Archaludon
|-heal|p2a: Archaludon|65/100
|move|p2a: Archaludon|Flash Cannon|p1a: Primarina
|-damage|p1a: Primarina|29/100
|-enditem|p1a: Primarina|Sitrus Berry|[eat]
|-heal|p1a: Primarina|54/100|[from] item: Sitrus Berry
|move|p1b: Rillaboom|High Horsepower|p2b: Comfey
|-damage|p2b: Comfey|63/100
|move|p1a: Primarina|Hyper Voice|p2a: Archaludon|[spread] p2a,p2b
|-resisted|p2a: Archaludon
|-damage|p2a: Archaludon|51/100
|-damage|p2b: Comfey|32/100
|-ability|p2a: Archaludon|Stamina|boost
|-boost|p2a: Archaludon|def|1
|
|upkeep
|turn|8
|inactive|TanzendesToast has 30 seconds left.
|
|t:|1757786967
|move|p1a: Primarina|Protect|p1a: Primarina
|-singleturn|p1a: Primarina|Protect
|move|p2b: Comfey|Floral Healing|p2a: Archaludon
|-heal|p2a: Archaludon|100/100
|move|p2a: Archaludon|Flash Cannon|p1a: Primarina
|-activate|p1a: Primarina|move: Protect
|move|p1b: Rillaboom|High Horsepower|p2a: Archaludon
|-resisted|p2a: Archaludon
|-damage|p2a: Archaludon|97/100
|
|upkeep
|turn|9
|
|t:|1757786984
|move|p2b: Comfey|Draining Kiss|p1b: Rillaboom
|-damage|p1b: Rillaboom|7/100
|-heal|p2b: Comfey|44/100|[from] drain|[of] p1b: Rillaboom
|move|p2a: Archaludon|Flash Cannon|p1a: Primarina
|-damage|p1a: Primarina|0 fnt
|faint|p1a: Primarina
|move|p1b: Rillaboom|High Horsepower|p2b: Comfey
|-damage|p2b: Comfey|7/100
|
|upkeep
|turn|10
|
|t:|1757787009
|move|p2b: Comfey|Draining Kiss|p1b: Rillaboom
|-damage|p1b: Rillaboom|0 fnt
|-heal|p2b: Comfey|14/100|[from] drain|[of] p1b: Rillaboom
|faint|p1b: Rillaboom
|
|win|TanzendesToast
|c|☆TanzendesToast|gg
|c| luggi8787|gg
|l| Faabow
