|j|☆saboyita
|j|☆marcosdeltasena31
|html|saboyitamarcosdeltasena31    
|uhtml|bestof|Game 2 of a best-of-3
|t:|1756764702
|gametype|doubles
|player|p1|saboyita|grimsley|1166
|player|p2|marcosdeltasena31|hilbert|1332
|gen|9
|tier|[Gen 9] VGC 2025 Reg H (Bo3)
|rated|
|rule|Species Clause: Limit one of each Pokémon
|rule|Item Clause: Limit 1 of each item
|clearpoke
|poke|p1|Amoonguss, L50, F|
|poke|p1|Hydreigon, L50, M|
|poke|p1|Whimsicott, L50, F|
|poke|p1|Maushold-Four, L50|
|poke|p1|Annihilape, L50, M|
|poke|p1|Ursaluna-Bloodmoon, L50, M|
|poke|p2|Dragonite, L50, F|
|poke|p2|Sneasler, L50, F|
|poke|p2|Volcarona, L50, F|
|poke|p2|Rillaboom, L50, M|
|poke|p2|Kingambit, L50, F|
|poke|p2|Electabuzz, L50, F|
|teampreview|4
|showteam|p1|Amoonguss||MentalHerb|Regenerator|ClearSmog,Spore,RagePowder,Protect|||F|||50|,,,,,Water]Hydreigon||ChoiceSpecs|Levitate|Snarl,HeatWave,DarkPulse,DracoMeteor|||M|||50|,,,,,Ghost]Whimsicott||CovertCloak|Prankster|BeatUp,Encore,HelpingHand,Tailwind|||F|||50|,,,,,Dark]Maushold-Four||WideLens|Technician|PopulationBomb,Taunt,FollowMe,Protect||||||50|,,,,,Ghost]Annihilape||Leftovers|Defiant|RageFist,CloseCombat,FinalGambit,Protect|||M|||50|,,,,,Fire]Ursaluna-Bloodmoon||LifeOrb|MindsEye|HyperVoice,EarthPower,BloodMoon,Protect|||M|||50|,,,,,Water
|showteam|p2|Dragonite||LoadedDice|Multiscale|ScaleShot,ExtremeSpeed,Haze,Protect|||F|||50|,,,,,Fairy]Sneasler||FocusSash|PoisonTouch|DireClaw,CloseCombat,FakeOut,Coaching|||F|||50|,,,,,Ghost]Volcarona||CovertCloak|FlameBody|HeatWave,TeraBlast,QuiverDance,Protect|||F|||50|,,,,,Fairy]Rillaboom||AssaultVest|GrassySurge|WoodHammer,FakeOut,GrassyGlide,HighHorsepower|||M|||50|,,,,,Fire]Kingambit||BlackGlasses|Defiant|KowtowCleave,SwordsDance,SuckerPunch,Protect|||F|||50|,,,,,Dark]Electabuzz||Eviolite|VitalSpirit|Electroweb,FollowMe,Taunt,Protect|||F|||50|,,,,,Ghost
|inactive|Battle timer is ON: inactive players will automatically lose when time's up. (requested by saboyita)
|inactive|saboyita has 60 seconds left.
|
|t:|1756764750
|teamsize|p1|4
|teamsize|p2|4
|start
|switch|p1a: Ursaluna|Ursaluna-Bloodmoon, L50, M|100/100
|switch|p1b: Maushold|Maushold-Four, L50|100/100
|switch|p2a: Dragonite|Dragonite, L50, F|100/100
|switch|p2b: Electabuzz|Electabuzz, L50, F|100/100
|turn|1
|
|t:|1756764764
|switch|p1a: Whimsicott|Whimsicott, L50, F|100/100
|move|p2b: Electabuzz|Protect|p2b: Electabuzz
|-singleturn|p2b: Electabuzz|Protect
|move|p2a: Dragonite|Protect|p2a: Dragonite
|-singleturn|p2a: Dragonite|Protect
|move|p1b: Maushold|Taunt|p2b: Electabuzz
|-activate|p2b: Electabuzz|move: Protect
|
|upkeep
|turn|2
|inactive|saboyita has 30 seconds left.
|
|t:|1756764790
|move|p1a: Whimsicott|Helping Hand|p1b: Maushold
|-singleturn|p1b: Maushold|Helping Hand|[of] p1a: Whimsicott
|move|p2b: Electabuzz|Follow Me|p2b: Electabuzz
|-singleturn|p2b: Electabuzz|move: Follow Me
|move|p1b: Maushold|Population Bomb|p2b: Electabuzz
|-damage|p2b: Electabuzz|88/100
|-damage|p2b: Electabuzz|74/100
|-damage|p2b: Electabuzz|61/100
|-damage|p2b: Electabuzz|48/100
|-damage|p2b: Electabuzz|36/100
|-damage|p2b: Electabuzz|22/100
|-damage|p2b: Electabuzz|9/100
|-crit|p2b: Electabuzz
|-damage|p2b: Electabuzz|0 fnt
|faint|p2b: Electabuzz
|-hitcount|p2: Electabuzz|8
|move|p2a: Dragonite|Scale Shot|p1b: Maushold
|-damage|p1b: Maushold|76/100
|-damage|p1b: Maushold|52/100
|-damage|p1b: Maushold|30/100
|-damage|p1b: Maushold|6/100
|-hitcount|p1b: Maushold|4
|-unboost|p2a: Dragonite|def|1
|-boost|p2a: Dragonite|spe|1
|
|upkeep
|
|t:|1756764798
|switch|p2b: Kingambit|Kingambit, L50, F|100/100
|turn|3
|inactive|saboyita has 30 seconds left.
|
|t:|1756764830
|switch|p1a: Annihilape|Annihilape, L50, M|100/100
|-terastallize|p1b: Maushold|Ghost
|move|p2a: Dragonite|Extreme Speed|p1a: Annihilape
|-immune|p1a: Annihilape
|move|p2b: Kingambit|Sucker Punch||[still]
|-fail|p2b: Kingambit
|move|p1b: Maushold|Taunt|p2b: Kingambit
|-start|p2b: Kingambit|move: Taunt
|
|upkeep
|turn|4
|inactive|saboyita has 30 seconds left.
|
|t:|1756764860
|move|p1b: Maushold|Protect|p1b: Maushold
|-singleturn|p1b: Maushold|Protect
|move|p2b: Kingambit|Sucker Punch||[still]
|-fail|p2b: Kingambit
|move|p2a: Dragonite|Scale Shot|p1a: Annihilape
|-damage|p1a: Annihilape|85/100
|-damage|p1a: Annihilape|68/100
|-damage|p1a: Annihilape|51/100
|-damage|p1a: Annihilape|35/100
|-hitcount|p1a: Annihilape|4
|-unboost|p2a: Dragonite|def|1
|-boost|p2a: Dragonite|spe|1
|move|p1a: Annihilape|Close Combat|p2b: Kingambit
|-supereffective|p2b: Kingambit
|-damage|p2b: Kingambit|0 fnt
|-unboost|p1a: Annihilape|def|1
|-unboost|p1a: Annihilape|spd|1
|faint|p2b: Kingambit
|
|-heal|p1a: Annihilape|42/100|[from] item: Leftovers
|upkeep
|
|t:|1756764865
|switch|p2b: Sneasler|Sneasler, L50, F|100/100
|turn|5
|inactive|saboyita has 30 seconds left.
|inactive|saboyita has 20 seconds left.
|inactive|saboyita has 15 seconds left.
|inactive|saboyita has 10 seconds left.
|
|t:|1756764913
|switch|p1b: Ursaluna|Ursaluna-Bloodmoon, L50, M|100/100
|move|p2a: Dragonite|Scale Shot|p1b: Ursaluna
|-damage|p1b: Ursaluna|90/100
|-damage|p1b: Ursaluna|80/100
|-damage|p1b: Ursaluna|70/100
|-damage|p1b: Ursaluna|59/100
|-hitcount|p1b: Ursaluna|4
|-unboost|p2a: Dragonite|def|1
|-boost|p2a: Dragonite|spe|1
|move|p2b: Sneasler|Dire Claw|p1a: Annihilape
|-resisted|p1a: Annihilape
|-damage|p1a: Annihilape|9/100
|-status|p1a: Annihilape|slp
|cant|p1a: Annihilape|slp
|
|-heal|p1a: Annihilape|15/100 slp|[from] item: Leftovers
|upkeep
|turn|6
|inactive|saboyita has 30 seconds left.
|inactive|marcosdeltasena31 has 30 seconds left.
|
|t:|1756764944
|move|p1b: Ursaluna|Protect|p1b: Ursaluna
|-singleturn|p1b: Ursaluna|Protect
|move|p2a: Dragonite|Scale Shot|p1b: Ursaluna
|-activate|p1b: Ursaluna|move: Protect
|move|p2b: Sneasler|Close Combat|p1b: Ursaluna
|-activate|p1b: Ursaluna|move: Protect
|-curestatus|p1a: Annihilape|slp|[msg]
|move|p1a: Annihilape|Rage Fist|p2b: Sneasler
|-enditem|p2b: Sneasler|Focus Sash
|-damage|p2b: Sneasler|1/100
|
|-heal|p1a: Annihilape|22/100|[from] item: Leftovers
|upkeep
|turn|7
|inactive|saboyita has 30 seconds left.
|
|t:|1756764972
|move|p2a: Dragonite|Scale Shot|p1a: Annihilape
|-damage|p1a: Annihilape|0 fnt
|faint|p1a: Annihilape
|-hitcount|p1: Annihilape|1
|-unboost|p2a: Dragonite|def|1
|-boost|p2a: Dragonite|spe|1
|move|p2b: Sneasler|Close Combat|p1b: Ursaluna
|-supereffective|p1b: Ursaluna
|-damage|p1b: Ursaluna|0 fnt
|-unboost|p2b: Sneasler|def|1
|-unboost|p2b: Sneasler|spd|1
|faint|p1b: Ursaluna
|
|upkeep
|
|t:|1756764981
|switch|p1a: Whimsicott|Whimsicott, L50, F|100/100
|switch|p1b: Maushold|Maushold-Four, L50, tera:Ghost|6/100
|turn|8
|inactive|saboyita has 30 seconds left.
|
|t:|1756765008
|move|p1b: Maushold|Protect|p1b: Maushold
|-singleturn|p1b: Maushold|Protect
|move|p2a: Dragonite|Scale Shot|p1b: Maushold
|-activate|p1b: Maushold|move: Protect
|move|p2b: Sneasler|Dire Claw|p1b: Maushold
|-activate|p1b: Maushold|move: Protect
|move|p1a: Whimsicott|Beat Up|p2b: Sneasler
|-resisted|p2b: Sneasler
|-damage|p2b: Sneasler|0 fnt
|faint|p2b: Sneasler
|-hitcount|p2: Sneasler|1
|
|upkeep
|turn|9
|
|t:|1756765024
|move|p1a: Whimsicott|Tailwind|p1a: Whimsicott
|-sidestart|p1: saboyita|move: Tailwind
|move|p2a: Dragonite|Scale Shot|p1b: Maushold
|-damage|p1b: Maushold|0 fnt
|faint|p1b: Maushold
|-hitcount|p1: Maushold|1
|-unboost|p2a: Dragonite|def|1
|-boost|p2a: Dragonite|spe|1
|
|upkeep
|turn|10
|
|t:|1756765037
|move|p2a: Dragonite|Haze|p2a: Dragonite
|-clearallboost
|move|p1a: Whimsicott|Beat Up|p2a: Dragonite
|-damage|p2a: Dragonite|99/100
|-hitcount|p2a: Dragonite|1
|
|upkeep
|turn|11
|
|t:|1756765043
|move|p2a: Dragonite|Extreme Speed|p1a: Whimsicott
|-damage|p1a: Whimsicott|62/100
|move|p1a: Whimsicott|Beat Up|p2a: Dragonite
|-damage|p2a: Dragonite|98/100
|-hitcount|p2a: Dragonite|1
|
|upkeep
|turn|12
|
|t:|1756765047
|move|p2a: Dragonite|Extreme Speed|p1a: Whimsicott
|-damage|p1a: Whimsicott|24/100
|move|p1a: Whimsicott|Beat Up|p2a: Dragonite
|-damage|p2a: Dragonite|96/100
|-hitcount|p2a: Dragonite|1
|
|-sideend|p1: saboyita|move: Tailwind
|upkeep
|turn|13
|
|t:|1756765051
|move|p2a: Dragonite|Extreme Speed|p1a: Whimsicott
|-damage|p1a: Whimsicott|0 fnt
|faint|p1a: Whimsicott
|
|win|marcosdeltasena31
|raw|saboyita's rating: 1166 → 1152(-14 for losing)
|raw|marcosdeltasena31's rating: 1332 → 1343(+11 for winning)
