|j|☆ChuckConde
|j|☆zootvgc
|html|ChuckCondezootvgc    
|uhtml|bestof|Game 2 of a best-of-3
|t:|1757120543
|gametype|doubles
|player|p1|ChuckConde|brycenman|1021
|player|p2|zootvgc|170|1061
|gen|9
|tier|[Gen 9] VGC 2025 Reg H (Bo3)
|rated|
|rule|Species Clause: Limit one of each Pokémon
|rule|Item Clause: Limit 1 of each item
|clearpoke
|poke|p1|Politoed, L50, F|
|poke|p1|Gothitelle, L50, M|
|poke|p1|Incineroar, L50, F|
|poke|p1|Amoonguss, L50, F|
|poke|p1|Kingdra, L50, M|
|poke|p1|Archaludon, L50, F|
|poke|p2|Dragonite, L50, F|
|poke|p2|Gholdengo, L50|
|poke|p2|Rillaboom, L50, M|
|poke|p2|Ursaluna-Bloodmoon, L50, M|
|poke|p2|Maushold, L50|
|poke|p2|Annihilape, L50, M|
|teampreview|4
|showteam|p1|Politoed||Leftovers|Drizzle|Protect,WeatherBall,PerishSong,Encore|||F|||50|,,,,,Grass]Gothitelle||SitrusBerry|ShadowTag|Protect,Psychic,FakeOut,TrickRoom|||M|||50|,,,,,Dark]Incineroar||SafetyGoggles|Intimidate|Protect,KnockOff,FakeOut,PartingShot|||F|||50|,,,,,Ghost]Amoonguss||EjectButton|Regenerator|Protect,RagePowder,PollenPuff,Spore|||F|||50|,,,,,Fairy]Kingdra||LifeOrb|SwiftSwim|Protect,WeatherBall,DracoMeteor,MuddyWater|||M|||50|,,,,,Stellar]Archaludon||PowerHerb|Sturdy|Protect,ElectroShot,DragonPulse,FlashCannon|||F|||50|,,,,,Electric
|showteam|p2|Dragonite||LoadedDice|Multiscale|ScaleShot,Haze,Protect,Tailwind|||F|||50|,,,,,Fairy]Gholdengo||LifeOrb|GoodasGold|MakeItRain,Protect,ShadowBall,NastyPlot||||||50|,,,,,Water]Rillaboom||MiracleSeed|GrassySurge|GrassyGlide,WoodHammer,FakeOut,HighHorsepower|||M|||50|,,,,,Fire]Ursaluna-Bloodmoon||AssaultVest|MindsEye|BloodMoon,HyperVoice,EarthPower,VacuumWave|||M|||50|,,,,,Water]Maushold||FocusSash|FriendGuard|Protect,SuperFang,BeatUp,FollowMe||||||50|,,,,,Ghost]Annihilape||SitrusBerry|Defiant|RageFist,BulkUp,Protect,DrainPunch|||M|||50|,,,,,Fire
|inactive|Battle timer is ON: inactive players will automatically lose when time's up. (requested by zootvgc)
|inactive|zootvgc has 60 seconds left.
|
|t:|1757120592
|teamsize|p1|4
|teamsize|p2|4
|start
|switch|p1a: Amoonguss|Amoonguss, L50, F|100/100
|switch|p1b: Gothitelle|Gothitelle, L50, M|100/100
|switch|p2a: Annihilape|Annihilape, L50, M|100/100
|switch|p2b: Rillaboom|Rillaboom, L50, M|100/100
|-fieldstart|move: Grassy Terrain|[from] ability: Grassy Surge|[of] p2b: Rillaboom
|turn|1
|
|t:|1757120616
|switch|p2a: Gholdengo|Gholdengo, L50|100/100
|move|p2b: Rillaboom|Wood Hammer|p1b: Gothitelle
|-damage|p1b: Gothitelle|23/100
|-enditem|p1b: Gothitelle|Sitrus Berry|[eat]
|-heal|p1b: Gothitelle|47/100|[from] item: Sitrus Berry
|-damage|p2b: Rillaboom|78/100|[from] Recoil
|move|p1a: Amoonguss|Spore|p2a: Gholdengo
|-immune|p2a: Gholdengo|[from] ability: Good as Gold
|move|p1b: Gothitelle|Trick Room|p1b: Gothitelle
|-fieldstart|move: Trick Room|[of] p1b: Gothitelle
|
|-heal|p1b: Gothitelle|54/100|[from] Grassy Terrain
|-heal|p2b: Rillaboom|84/100|[from] Grassy Terrain
|upkeep
|turn|2
|inactive|ChuckConde has 30 seconds left.
|inactive|zootvgc has 30 seconds left.
|inactive|ChuckConde has 20 seconds left.
|inactive|zootvgc has 20 seconds left.
|inactive|zootvgc has 15 seconds left.
|inactive|zootvgc has 10 seconds left.
|inactive|ChuckConde has 15 seconds left.
|inactive|zootvgc has 5 seconds left.
|
|t:|1757120668
|switch|p1a: Politoed|Politoed, L50, F|100/100
|-weather|RainDance|[from] ability: Drizzle|[of] p1a: Politoed
|switch|p1b: Incineroar|Incineroar, L50, F|100/100
|-ability|p1b: Incineroar|Intimidate|boost
|-unboost|p2a: Gholdengo|atk|1
|-unboost|p2b: Rillaboom|atk|1
|move|p2b: Rillaboom|Wood Hammer|p1b: Incineroar
|-resisted|p1b: Incineroar
|-damage|p1b: Incineroar|74/100
|-damage|p2b: Rillaboom|75/100|[from] Recoil
|move|p2a: Gholdengo|Nasty Plot|p2a: Gholdengo
|-boost|p2a: Gholdengo|spa|2
|
|-weather|RainDance|[upkeep]
|-heal|p1b: Incineroar|80/100|[from] Grassy Terrain
|-heal|p2b: Rillaboom|81/100|[from] Grassy Terrain
|upkeep
|turn|3
|inactive|ChuckConde has 30 seconds left.
|inactive|zootvgc has 30 seconds left.
|inactive|zootvgc has 20 seconds left.
|inactive|zootvgc has 15 seconds left.
|inactive|zootvgc has 10 seconds left.
|
|t:|1757120713
|-terastallize|p1a: Politoed|Grass
|move|p2a: Gholdengo|Protect|p2a: Gholdengo
|-singleturn|p2a: Gholdengo|Protect
|move|p1b: Incineroar|Knock Off|p2a: Gholdengo
|-activate|p2a: Gholdengo|move: Protect
|move|p1a: Politoed|Weather Ball|p2a: Gholdengo
|-activate|p2a: Gholdengo|move: Protect
|move|p2b: Rillaboom|Wood Hammer|p1a: Politoed
|-resisted|p1a: Politoed
|-damage|p1a: Politoed|69/100
|-damage|p2b: Rillaboom|71/100|[from] Recoil
|
|-weather|RainDance|[upkeep]
|-heal|p1b: Incineroar|86/100|[from] Grassy Terrain
|-heal|p1a: Politoed|75/100|[from] Grassy Terrain
|-heal|p1a: Politoed|81/100|[from] item: Leftovers
|-heal|p2b: Rillaboom|76/100|[from] Grassy Terrain
|upkeep
|turn|4
|inactive|zootvgc has 30 seconds left.
|inactive|zootvgc has 20 seconds left.
|
|t:|1757120751
|switch|p1b: Gothitelle|Gothitelle, L50, M|54/100
|switch|p2b: Ursaluna|Ursaluna-Bloodmoon, L50, M|100/100
|switch|p2a: Annihilape|Annihilape, L50, M|100/100
|move|p1a: Politoed|Perish Song|p1a: Politoed
|-start|p1a: Politoed|perish3|[silent]
|-start|p1b: Gothitelle|perish3|[silent]
|-start|p2a: Annihilape|perish3|[silent]
|-start|p2b: Ursaluna|perish3|[silent]
|-fieldactivate|move: Perish Song
|
|-weather|RainDance|[upkeep]
|-heal|p1b: Gothitelle|60/100|[from] Grassy Terrain
|-heal|p1a: Politoed|87/100|[from] Grassy Terrain
|-heal|p1a: Politoed|93/100|[from] item: Leftovers
|-start|p1b: Gothitelle|perish3
|-start|p2b: Ursaluna|perish3
|-start|p1a: Politoed|perish3
|-start|p2a: Annihilape|perish3
|upkeep
|turn|5
|inactive|ChuckConde has 30 seconds left.
|inactive|zootvgc has 30 seconds left.
|inactive|zootvgc has 20 seconds left.
|inactive|zootvgc has 15 seconds left.
|inactive|ChuckConde has 20 seconds left.
|inactive|zootvgc has 10 seconds left.
|inactive|zootvgc has 5 seconds left.
|
|t:|1757120806
|move|p1b: Gothitelle|Fake Out|p2b: Ursaluna
|-damage|p2b: Ursaluna|96/100
|cant|p2b: Ursaluna|flinch
|move|p1a: Politoed|Weather Ball|p2a: Annihilape
|-damage|p2a: Annihilape|49/100
|-enditem|p2a: Annihilape|Sitrus Berry|[eat]
|-heal|p2a: Annihilape|74/100|[from] item: Sitrus Berry
|move|p2a: Annihilape|Rage Fist|p1b: Gothitelle
|-supereffective|p1b: Gothitelle
|-damage|p1b: Gothitelle|0 fnt
|faint|p1b: Gothitelle
|
|-weather|RainDance|[upkeep]
|-heal|p2b: Ursaluna|100/100|[from] Grassy Terrain
|-heal|p1a: Politoed|99/100|[from] Grassy Terrain
|-heal|p1a: Politoed|100/100|[from] item: Leftovers
|-heal|p2a: Annihilape|80/100|[from] Grassy Terrain
|-start|p2b: Ursaluna|perish2
|-start|p1a: Politoed|perish2
|-start|p2a: Annihilape|perish2
|-fieldend|move: Trick Room
|-fieldend|move: Grassy Terrain
|upkeep
|-message|ChuckConde forfeited.
|
|win|zootvgc
|raw|ChuckConde's rating: 1021 → 1009(-12 for losing)
|raw|zootvgc's rating: 1061 → 1088(+27 for winning)
|l|☆ChuckConde
|player|p1|
