|j|☆nicven
|j|☆Il mule
|html|nicvenIl mule    
|uhtml|bestof|Game 2 of a best-of-3
|t:|1756219520
|gametype|doubles
|player|p1|nicven|266|1444
|player|p2|Il mule|salvatore|1537
|gen|9
|tier|[Gen 9] VGC 2025 Reg H (Bo3)
|rated|
|rule|Species Clause: Limit one of each Pokémon
|rule|Item Clause: Limit 1 of each item
|clearpoke
|poke|p1|Gholdengo, L50|
|poke|p1|Rillaboom, L50, F|
|poke|p1|Dragonite, L50, F|
|poke|p1|Ninetales-Alola, L50, M|
|poke|p1|Annihilape, L50, F|
|poke|p1|Magmar, L50, M|
|poke|p2|Corviknight, L50, M|
|poke|p2|Garchomp, L50, M|
|poke|p2|Tyranitar, L50, M|
|poke|p2|Gholdengo, L50|
|poke|p2|Sneasler, L50, M|
|poke|p2|Incineroar, L50, M|
|teampreview|4
|showteam|p1|Gholdengo||GrassySeed|GoodasGold|MakeItRain,ShadowBall,NastyPlot,Protect||||||50|,,,,,Water]Rillaboom||AssaultVest|GrassySurge|DrumBeating,GrassyGlide,FakeOut,HighHorsepower|||F|||50|,,,,,Fire]Dragonite||LoadedDice|Multiscale|ScaleShot,StompingTantrum,Tailwind,Protect|||F|||50|,,,,,Ground]Ninetales-Alola||FocusSash|SnowWarning|Blizzard,AuroraVeil,IcicleSpear,IcyWind|||M|||50|,,,,,Ghost]Annihilape||SafetyGoggles|Defiant|RageFist,DrainPunch,BulkUp,Protect|||F|||50|,,,,,Fire]Magmar||Eviolite|FlameBody|HeatWave,ClearSmog,FollowMe,Protect|||M|||50|,,,,,Fairy
|showteam|p2|Corviknight||CovertCloak|MirrorArmor|BraveBird,Taunt,Roost,Tailwind|||M|||50|,,,,,Dragon]Garchomp||ClearAmulet|RoughSkin|Earthquake,DragonClaw,StompingTantrum,Protect|||M|||50|,,,,,Steel]Tyranitar||AssaultVest|SandStream|RockSlide,KnockOff,TeraBlast,LowKick|||M|||50|,,,,,Flying]Gholdengo||LifeOrb|GoodasGold|MakeItRain,ShadowBall,NastyPlot,Protect||||||50|,,,,,Water]Sneasler||WhiteHerb|Unburden|DireClaw,CloseCombat,Coaching,Protect|||M|||50|,,,,,Ghost]Incineroar||SitrusBerry|Intimidate|FlareBlitz,WillOWisp,PartingShot,FakeOut|||M|||50|,,,,,Grass
|inactive|Battle timer is ON: inactive players will automatically lose when time's up. (requested by Il mule)
|
|t:|1756219585
|teamsize|p1|4
|teamsize|p2|4
|start
|switch|p1a: Gholdengo|Gholdengo, L50|100/100
|switch|p1b: Rillaboom|Rillaboom, L50, F|100/100
|switch|p2a: Garchomp|Garchomp, L50, M|100/100
|switch|p2b: Sneasler|Sneasler, L50, M|100/100
|-fieldstart|move: Grassy Terrain|[from] ability: Grassy Surge|[of] p1b: Rillaboom
|-enditem|p1a: Gholdengo|Grassy Seed
|-boost|p1a: Gholdengo|def|1|[from] item: Grassy Seed
|turn|1
|inactive|nicven has 30 seconds left.
|inactive|nicven has 20 seconds left.
|inactive|nicven has 15 seconds left.
|
|t:|1756219630
|move|p1b: Rillaboom|Fake Out|p2a: Garchomp
|-damage|p2a: Garchomp|88/100
|-damage|p1b: Rillaboom|88/100|[from] ability: Rough Skin|[of] p2a: Garchomp
|move|p2b: Sneasler|Coaching|p2a: Garchomp
|-boost|p2a: Garchomp|atk|1
|-boost|p2a: Garchomp|def|1
|cant|p2a: Garchomp|flinch
|move|p1a: Gholdengo|Nasty Plot|p1a: Gholdengo
|-boost|p1a: Gholdengo|spa|2
|
|-heal|p2a: Garchomp|94/100|[from] Grassy Terrain
|-heal|p1b: Rillaboom|94/100|[from] Grassy Terrain
|upkeep
|turn|2
|inactive|nicven has 30 seconds left.
|inactive|nicven has 20 seconds left.
|inactive|Il mule has 30 seconds left.
|inactive|nicven has 15 seconds left.
|inactive|nicven has 10 seconds left.
|inactive|nicven has 5 seconds left.
|
|t:|1756219682
|-terastallize|p2a: Garchomp|Steel
|move|p1a: Gholdengo|Protect|p1a: Gholdengo
|-singleturn|p1a: Gholdengo|Protect
|move|p2b: Sneasler|Dire Claw|p1b: Rillaboom
|-supereffective|p1b: Rillaboom
|-damage|p1b: Rillaboom|14/100
|-status|p1b: Rillaboom|slp
|move|p2a: Garchomp|Stomping Tantrum|p1a: Gholdengo
|-activate|p1a: Gholdengo|move: Protect
|cant|p1b: Rillaboom|slp
|
|-heal|p2a: Garchomp|99/100|[from] Grassy Terrain
|-heal|p1b: Rillaboom|20/100 slp|[from] Grassy Terrain
|upkeep
|turn|3
|inactive|nicven has 30 seconds left.
|inactive|nicven has 20 seconds left.
|inactive|nicven has 15 seconds left.
|inactive|nicven has 10 seconds left.
|
|t:|1756219727
|-terastallize|p1a: Gholdengo|Water
|move|p2b: Sneasler|Coaching|p2a: Garchomp
|-boost|p2a: Garchomp|atk|1
|-boost|p2a: Garchomp|def|1
|move|p2a: Garchomp|Stomping Tantrum|p1a: Gholdengo
|-damage|p1a: Gholdengo|47/100
|cant|p1b: Rillaboom|slp
|move|p1a: Gholdengo|Make It Rain|p2b: Sneasler|[spread] p2a,p2b
|-resisted|p2a: Garchomp
|-damage|p2a: Garchomp|54/100
|-damage|p2b: Sneasler|0 fnt
|-unboost|p1a: Gholdengo|spa|1
|faint|p2b: Sneasler
|
|-heal|p2a: Garchomp|60/100|[from] Grassy Terrain
|-heal|p1b: Rillaboom|26/100 slp|[from] Grassy Terrain
|-heal|p1a: Gholdengo|53/100|[from] Grassy Terrain
|upkeep
|
|t:|1756219752
|switch|p2b: Corviknight|Corviknight, L50, M, shiny|100/100
|turn|4
|inactive|nicven has 30 seconds left.
|inactive|nicven has 20 seconds left.
|inactive|nicven has 15 seconds left.
|inactive|nicven has 10 seconds left.
|
|t:|1756219798
|switch|p1a: Ninetales|Ninetales-Alola, L50, M|100/100
|-weather|Snowscape|[from] ability: Snow Warning|[of] p1a: Ninetales
|move|p2a: Garchomp|Dragon Claw|p1a: Ninetales
|-immune|p1a: Ninetales
|cant|p1b: Rillaboom|slp
|move|p2b: Corviknight|Tailwind|p2b: Corviknight
|-sidestart|p2: Il mule|move: Tailwind
|
|-weather|Snowscape|[upkeep]
|-heal|p2a: Garchomp|66/100|[from] Grassy Terrain
|-heal|p1b: Rillaboom|32/100 slp|[from] Grassy Terrain
|upkeep
|turn|5
|
|t:|1756219822
|switch|p2b: Tyranitar|Tyranitar, L50, M|100/100
|-weather|Sandstorm|[from] ability: Sand Stream|[of] p2b: Tyranitar
|move|p2a: Garchomp|Stomping Tantrum|p1a: Ninetales
|-enditem|p1a: Ninetales|Focus Sash
|-damage|p1a: Ninetales|1/100
|move|p1a: Ninetales|Blizzard|p2b: Tyranitar|[spread] 
|-miss|p1a: Ninetales|p2a: Garchomp
|-miss|p1a: Ninetales|p2b: Tyranitar
|-curestatus|p1b: Rillaboom|slp|[msg]
|move|p1b: Rillaboom|High Horsepower|p2a: Garchomp
|-supereffective|p2a: Garchomp
|-damage|p2a: Garchomp|35/100
|-damage|p1b: Rillaboom|20/100|[from] ability: Rough Skin|[of] p2a: Garchomp
|
|-weather|Sandstorm|[upkeep]
|-damage|p1a: Ninetales|0 fnt|[from] Sandstorm
|-damage|p1b: Rillaboom|14/100|[from] Sandstorm
|faint|p1a: Ninetales
|-heal|p2a: Garchomp|41/100|[from] Grassy Terrain
|-heal|p1b: Rillaboom|20/100|[from] Grassy Terrain
|-fieldend|move: Grassy Terrain
|upkeep
|
|t:|1756219846
|switch|p1a: Dragonite|Dragonite, L50, F|100/100
|turn|6
|
|t:|1756219866
|switch|p1b: Gholdengo|Gholdengo, L50, tera:Water|53/100
|move|p1a: Dragonite|Protect|p1a: Dragonite
|-singleturn|p1a: Dragonite|Protect
|move|p2a: Garchomp|Dragon Claw|p1a: Dragonite
|-activate|p1a: Dragonite|move: Protect
|move|p2b: Tyranitar|Rock Slide|p1b: Gholdengo|[spread] p1b
|-activate|p1a: Dragonite|move: Protect
|-damage|p1b: Gholdengo|23/100
|
|-weather|Sandstorm|[upkeep]
|-damage|p1b: Gholdengo|17/100|[from] Sandstorm
|-damage|p1a: Dragonite|95/100|[from] Sandstorm
|upkeep
|turn|7
|inactive|nicven has 30 seconds left.
|inactive|nicven has 20 seconds left.
|
|t:|1756219902
|move|p1b: Gholdengo|Protect|p1b: Gholdengo
|-singleturn|p1b: Gholdengo|Protect
|move|p2a: Garchomp|Dragon Claw|p1a: Dragonite
|-supereffective|p1a: Dragonite
|-damage|p1a: Dragonite|0 fnt
|faint|p1a: Dragonite
|move|p2b: Tyranitar|Knock Off|p1b: Gholdengo
|-activate|p1b: Gholdengo|move: Protect
|
|-weather|Sandstorm|[upkeep]
|-damage|p1b: Gholdengo|11/100|[from] Sandstorm
|-sideend|p2: Il mule|move: Tailwind
|upkeep
|
|t:|1756219907
|switch|p1a: Rillaboom|Rillaboom, L50, F|20/100
|-fieldstart|move: Grassy Terrain|[from] ability: Grassy Surge|[of] p1a: Rillaboom
|turn|8
|
|t:|1756219923
|move|p1a: Rillaboom|Fake Out|p2a: Garchomp
|-resisted|p2a: Garchomp
|-damage|p2a: Garchomp|38/100
|-damage|p1a: Rillaboom|7/100|[from] ability: Rough Skin|[of] p2a: Garchomp
|cant|p2a: Garchomp|flinch
|move|p1b: Gholdengo|Make It Rain|p2b: Tyranitar|[spread] p2a,p2b
|-resisted|p2a: Garchomp
|-supereffective|p2b: Tyranitar
|-damage|p2a: Garchomp|14/100
|-damage|p2b: Tyranitar|60/100
|-unboost|p1b: Gholdengo|spa|1
|move|p2b: Tyranitar|Knock Off|p1b: Gholdengo
|-damage|p1b: Gholdengo|0 fnt
|faint|p1b: Gholdengo
|
|-weather|Sandstorm|[upkeep]
|-damage|p1a: Rillaboom|2/100|[from] Sandstorm
|-heal|p2a: Garchomp|20/100|[from] Grassy Terrain
|-heal|p1a: Rillaboom|7/100|[from] Grassy Terrain
|-heal|p2b: Tyranitar|65/100|[from] Grassy Terrain
|upkeep
|turn|9
|-message|nicven forfeited.
|
|win|Il mule
|raw|nicven's rating: 1444 → 1429(-15 for losing)
|raw|Il mule's rating: 1537 → 1552(+15 for winning)
|l|☆nicven
|player|p1|
