|j|☆subhamcheee
|j|☆Senli
|html|subhamcheeeSenli    
|uhtml|bestof|Game 2 of a best-of-3
|t:|1786027934
|gametype|doubles
|player|p1|subhamcheee|cynthia|1262
|player|p2|Senli|florian-bb|1190
|gen|9
|tier|[Gen 9 Champions] VGC 2026 Reg M-B (Bo3)
|rated|
|rule|Species Clause: Limit one of each Pokémon
|rule|Item Clause: Limit 1 of each item
|clearpoke
|poke|p1|Gardevoir, L50, F, shiny|
|poke|p1|Meowstic, L50, M|
|poke|p1|Sneasler, L50, F|
|poke|p1|Torkoal, L50, F|
|poke|p1|Armarouge, L50, F, shiny|
|poke|p1|Basculegion, L50, M|
|poke|p2|Staraptor, L50, M, shiny|
|poke|p2|Glimmora, L50, F, shiny|
|poke|p2|Kingambit, L50, M, shiny|
|poke|p2|Whimsicott, L50, F, shiny|
|poke|p2|Delphox, L50, M, shiny|
|poke|p2|Garchomp, L50, F, shiny|
|teampreview|4
|showteam|p1|Gardevoir||Gardevoirite|Trace|Protect,ShadowBall,ExpandingForce,HyperVoice|Modest||F|||50|]Meowstic||FocusSash|Prankster|FakeOut,Protect,PsychicTerrain,ExpandingForce|Timid||M|||50|]Sneasler||WhiteHerb|Unburden|FakeOut,Protect,PoisonJab,CloseCombat|Adamant||F|||50|]Torkoal||Charcoal|Drought|Protect,HelpingHand,WeatherBall,Eruption|Modest||F|||50|]Armarouge||ColburBerry|FlashFire|SolarBeam,TrickRoom,ExpandingForce,ArmorCannon|Quiet||F|||50|]Basculegion||ChoiceScarf|Adaptability|WaveCrash,LastRespects,AquaJet,FlipTurn|Jolly||M|||50|
|showteam|p2|Staraptor||Staraptite|Intimidate|CloseCombat,BraveBird,Roost,Protect|Jolly||M|||50|]Glimmora||FocusSash|ToxicDebris|PowerGem,SludgeBomb,EarthPower,SpikyShield|Timid||F|||50|]Kingambit||ChopleBerry|Defiant|KowtowCleave,IronHead,LowKick,SuckerPunch|Adamant||M|||50|]Whimsicott||OccaBerry|Prankster|Tailwind,Moonblast,Charm,LightScreen|Timid||F|||50|]Delphox||Delphoxite|Blaze|HeatWave,Psychic,Substitute,Protect|Timid||M|||50|]Garchomp||ChoiceScarf|RoughSkin|DragonClaw,RockSlide,Earthquake,StompingTantrum|Jolly||F|||50|
|inactive|Battle timer is ON: inactive players will automatically lose when time's up. (requested by Senli)
|
|t:|1786027964
|teamsize|p1|4
|teamsize|p2|4
|start
|switch|p1a: Meowstic|Meowstic, L50, M|100/100
|switch|p1b: Gardevoir|Gardevoir, L50, F, shiny|100/100
|switch|p2a: Garchomp|Garchomp, L50, F, shiny|100/100
|switch|p2b: Delphox|Delphox, L50, M, shiny|100/100
|-ability|p1b: Gardevoir|Blaze|Trace|[from] ability: Trace|[of] p2b: Delphox
|turn|1
|
|t:|1786027985
|detailschange|p2b: Delphox|Delphox-Mega, L50, M, shiny
|-mega|p2b: Delphox|Delphox|Delphoxite
|detailschange|p1b: Gardevoir|Gardevoir-Mega, L50, F, shiny
|-mega|p1b: Gardevoir|Gardevoir|Gardevoirite
|move|p1a: Meowstic|Fake Out|p2b: Delphox
|-damage|p2b: Delphox|93/100
|move|p2a: Garchomp|Rock Slide|p1a: Meowstic|[spread] p1a,p1b
|-damage|p1a: Meowstic|69/100
|-damage|p1b: Gardevoir|69/100
|cant|p2b: Delphox|flinch
|move|p1b: Gardevoir|Hyper Voice|p2b: Delphox|[spread] p2a,p2b
|-supereffective|p2a: Garchomp|1
|-resisted|p2b: Delphox|1
|-damage|p2a: Garchomp|3/100
|-damage|p2b: Delphox|72/100
|
|upkeep
|turn|2
|
|t:|1786028007
|move|p1a: Meowstic|Psychic Terrain|p1a: Meowstic
|-fieldstart|move: Psychic Terrain
|move|p2a: Garchomp|Rock Slide|p1b: Gardevoir|[spread] p1a,p1b
|-damage|p1a: Meowstic|42/100
|-damage|p1b: Gardevoir|44/100
|move|p2b: Delphox|Heat Wave|p1b: Gardevoir|[spread] p1a
|-miss|p2b: Delphox|p1b: Gardevoir
|-damage|p1a: Meowstic|0 fnt
|faint|p1a: Meowstic
|cant|p1b: Gardevoir|flinch
|
|upkeep
|
|t:|1786028022
|switch|p1a: Armarouge|Armarouge, L50, F, shiny|100/100
|turn|3
|
|t:|1786028036
|move|p2a: Garchomp|Rock Slide|p1a: Armarouge|[spread] p1a,p1b
|-supereffective|p1a: Armarouge|1
|-damage|p1a: Armarouge|63/100
|-damage|p1b: Gardevoir|14/100
|move|p2b: Delphox|Psychic|p1a: Armarouge
|-resisted|p1a: Armarouge|1
|-damage|p1a: Armarouge|33/100
|cant|p1b: Gardevoir|flinch
|move|p1a: Armarouge|Expanding Force|p2b: Delphox|[spread] p2a,p2b
|-resisted|p2b: Delphox|1
|-damage|p2a: Garchomp|0 fnt
|-damage|p2b: Delphox|42/100
|faint|p2a: Garchomp
|
|upkeep
|
|t:|1786028048
|switch|p2a: Whimsicott|Whimsicott, L50, F, shiny|100/100
|turn|4
|
|t:|1786028064
|switch|p1b: Sneasler|Sneasler, L50, F|100/100
|move|p2a: Whimsicott|Tailwind|p2a: Whimsicott
|-sidestart|p2: Senli|move: Tailwind
|move|p2b: Delphox|Heat Wave|p1a: Armarouge|[spread] p1b
|-start|p1a: Armarouge|ability: Flash Fire
|-damage|p1b: Sneasler|42/100
|move|p1a: Armarouge|Expanding Force|p2a: Whimsicott|[spread] p2a,p2b
|-resisted|p2b: Delphox|1
|-damage|p2a: Whimsicott|10/100
|-damage|p2b: Delphox|11/100
|
|upkeep
|turn|5
|
|t:|1786028087
|switch|p2a: Kingambit|Kingambit, L50, M, shiny|100/100
|move|p2b: Delphox|Protect|p2b: Delphox
|-singleturn|p2b: Delphox|Protect
|move|p1b: Sneasler|Protect|p1b: Sneasler
|-singleturn|p1b: Sneasler|Protect
|move|p1a: Armarouge|Expanding Force|p2a: Kingambit|[spread] 
|-activate|p2b: Delphox|move: Protect
|-immune|p2a: Kingambit
|
|upkeep
|turn|6
|
|t:|1786028109
|move|p2b: Delphox|Psychic|p1b: Sneasler
|-supereffective|p1b: Sneasler|2
|-crit|p1b: Sneasler
|-damage|p1b: Sneasler|0 fnt
|faint|p1b: Sneasler
|move|p2a: Kingambit|Kowtow Cleave|p1a: Armarouge
|-supereffective|p1a: Armarouge|1
|-enditem|p1a: Armarouge|Colbur Berry|[eat]
|-enditem|p1a: Armarouge|Colbur Berry|[weaken]
|-damage|p1a: Armarouge|0 fnt
|faint|p1a: Armarouge
|
|-fieldend|move: Psychic Terrain
|upkeep
|-message|subhamcheee forfeited.
|
|win|Senli
|raw|subhamcheee's rating: 1262 → 1232(-30 for losing)
|raw|Senli's rating: 1190 → 1220(+30 for winning)
|l|☆subhamcheee
|player|p1|
