|j|☆torie123
|j|☆los dura
|html|torie123los dura    
|uhtml|bestof|Game 1 of a best-of-3
|t:|1782674162
|gametype|doubles
|player|p1|torie123|swimmer|
|player|p2|los dura|lucas|
|gen|9
|tier|[Gen 9 Champions] VGC 2026 Reg M-B (Bo3)
|rule|Species Clause: Limit one of each Pokémon
|rule|Item Clause: Limit 1 of each item
|clearpoke
|poke|p1|Grimmsnarl, L50, M|
|poke|p1|Metagross, L50|
|poke|p1|Archaludon, L50, M|
|poke|p1|Pelipper, L50, M|
|poke|p1|Sinistcha, L50|
|poke|p1|Swampert, L50, M|
|poke|p2|Swampert, L50, M|
|poke|p2|Pelipper, L50, M|
|poke|p2|Archaludon, L50, M|
|poke|p2|Sinistcha, L50|
|poke|p2|Grimmsnarl, L50, M|
|poke|p2|Metagross, L50|
|teampreview|4
|showteam|p1|Grimmsnarl||LightClay|Prankster|FoulPlay,Reflect,LightScreen,PartingShot|Careful||M|||50|]Metagross||Metagrossite|ClearBody|IronHead,PsychicFangs,BodyPress,Protect|Jolly|||||50|]Archaludon||Leftovers|Stamina|ElectroShot,DragonPulse,FlashCannon,Protect|Modest||M|||50|]Pelipper||SitrusBerry|Drizzle|Hurricane,WeatherBall,Tailwind,Protect|Modest||M|||50|]Sinistcha||CobaBerry|Hospitality|MatchaGotcha,RagePowder,TrickRoom,Protect|Relaxed|||||50|]Swampert||Swampertite|Torrent|WaveCrash,Earthquake,IcePunch,Protect|Adamant||M|||50|
|showteam|p2|Swampert||Swampertite|Damp|WaveCrash,Earthquake,IcePunch,Protect|Adamant||M|||50|]Pelipper||FocusSash|Drizzle|WeatherBall,Hurricane,WideGuard,Tailwind|Modest||M|||50|]Archaludon||Leftovers|Stamina|ElectroShot,DragonPulse,FlashCannon,Protect|Modest||M|||50|]Sinistcha||SitrusBerry|Hospitality|MatchaGotcha,RagePowder,TrickRoom,Protect|Bold|||||50|]Grimmsnarl||LightClay|Prankster|SpiritBreak,Reflect,LightScreen,PartingShot|Careful||M|||50|]Metagross||Metagrossite|ClearBody|MeteorMash,PsychicFangs,BodyPress,Protect|Jolly|||||50|
|inactive|Battle timer is ON: inactive players will automatically lose when time's up. (requested by los dura)
|inactive|torie123 also wants the timer to be on.
|j| Ome Henk
|c|☆torie123|nice hahaha
|inactive|los dura no longer wants the timer on, but the timer is staying on because torie123 still does.
|c|☆torie123|glhf
|j| Pietplezier7
|c|☆los dura|glhf
|c| Ome Henk|wat is t met de weather mirrors deze set
|inactive|torie123 has 60 seconds left.
|inactive|los dura has 60 seconds left.
|j| Fenerbasje
|j| Thuglife0172
|inactive|torie123 has 30 seconds left.
|inactive|los dura has 30 seconds left.
|inactive|torie123 has 20 seconds left.
|inactive|los dura has 20 seconds left.
|inactive|torie123 has 15 seconds left.
|inactive|los dura has 15 seconds left.
|inactive|torie123 has 10 seconds left.
|inactive|torie123 has 5 seconds left.
|
|t:|1782674251
|teamsize|p1|4
|teamsize|p2|4
|start
|switch|p1a: Grimmsnarl|Grimmsnarl, L50, M|100/100
|switch|p1b: Metagross|Metagross, L50|100/100
|switch|p2a: Grimmsnarl|Grimmsnarl, L50, M|100/100
|switch|p2b: Swampert|Swampert, L50, M|100/100
|turn|1
|c| Thuglife0172|Vraag me af wat SANDer gaat brengen
|j| LOS OgyZ
|c| Ome Henk|dat moet wel snow zijn
|j| LOS TiggelWiggel
|inactive|torie123 has 30 seconds left.
|inactive|los dura has 30 seconds left.
|inactive|torie123 has 20 seconds left.
|inactive|los dura has 20 seconds left.
|
|t:|1782674290
|detailschange|p1b: Metagross|Metagross-Mega, L50
|-mega|p1b: Metagross|Metagross|Metagrossite
|move|p2b: Swampert|Protect|p2b: Swampert
|-singleturn|p2b: Swampert|Protect
|move|p2a: Grimmsnarl|Reflect|p2a: Grimmsnarl
|-sidestart|p2: los dura|Reflect
|move|p1a: Grimmsnarl|Reflect|p1a: Grimmsnarl
|-sidestart|p1: torie123|Reflect
|move|p1b: Metagross|Psychic Fangs|p2b: Swampert
|-activate|p2b: Swampert|move: Protect
|
|upkeep
|turn|2
|l| LOS TiggelWiggel
|inactive|torie123 has 30 seconds left.
|inactive|los dura has 30 seconds left.
|j| LOS TiggelWiggel
|inactive|torie123 has 20 seconds left.
|inactive|los dura has 20 seconds left.
|
|t:|1782674327
|switch|p2a: Pelipper|Pelipper, L50, M|100/100
|-weather|RainDance|[from] ability: Drizzle|[of] p2a: Pelipper
|detailschange|p2b: Swampert|Swampert-Mega, L50, M
|-mega|p2b: Swampert|Swampert|Swampertite
|move|p1b: Metagross|Protect|p1b: Metagross
|-singleturn|p1b: Metagross|Protect
|move|p1a: Grimmsnarl|Parting Shot|p2b: Swampert
|-unboost|p2b: Swampert|atk|1
|-unboost|p2b: Swampert|spa|1
|
|t:|1782674336
|switch|p1a: Sinistcha|Sinistcha, L50|100/100|[from] Parting Shot
|move|p2b: Swampert|Earthquake|p1a: Sinistcha|[spread] p1a
|-activate|p1b: Metagross|move: Protect
|-immune|p2a: Pelipper
|-resisted|p1a: Sinistcha|1
|-damage|p1a: Sinistcha|90/100
|
|-weather|RainDance|[upkeep]
|upkeep
|turn|3
|l| LOS TiggelWiggel
|inactive|torie123 has 30 seconds left.
|inactive|los dura has 30 seconds left.
|j| LOS TiggelWiggel
|inactive|torie123 has 20 seconds left.
|inactive|los dura has 20 seconds left.
|inactive|torie123 has 15 seconds left.
|inactive|los dura has 15 seconds left.
|inactive|torie123 has 10 seconds left.
|
|t:|1782674382
|switch|p2b: Grimmsnarl|Grimmsnarl, L50, M|100/100
|switch|p1b: Grimmsnarl|Grimmsnarl, L50, M|100/100
|move|p1a: Sinistcha|Protect|p1a: Sinistcha
|-singleturn|p1a: Sinistcha|Protect
|move|p2a: Pelipper|Weather Ball|p1b: Grimmsnarl
|-damage|p1b: Grimmsnarl|40/100
|
|-weather|RainDance|[upkeep]
|upkeep
|turn|4
|l| LOS TiggelWiggel
|inactive|torie123 has 30 seconds left.
|inactive|los dura has 30 seconds left.
|j| LOS TiggelWiggel
|
|t:|1782674415
|switch|p1a: Metagross|Metagross-Mega, L50|100/100
|move|p1b: Grimmsnarl|Light Screen|p1b: Grimmsnarl
|-sidestart|p1: torie123|move: Light Screen
|move|p2a: Pelipper|Weather Ball|p1b: Grimmsnarl
|-damage|p1b: Grimmsnarl|0 fnt
|faint|p1b: Grimmsnarl
|move|p2b: Grimmsnarl|Spirit Break|p1a: Metagross
|-resisted|p1a: Metagross|1
|-damage|p1a: Metagross|92/100
|-unboost|p1a: Metagross|spa|1
|
|-weather|RainDance|[upkeep]
|upkeep
|
|t:|1782674429
|switch|p1b: Pelipper|Pelipper, L50, M|100/100
|turn|5
|l| LOS TiggelWiggel
|inactive|los dura has 30 seconds left.
|j| LOS TiggelWiggel
|
|t:|1782674461
|move|p2b: Grimmsnarl|Parting Shot|p1a: Metagross
|-unboost|p1a: Metagross|atk|1
|-unboost|p1a: Metagross|spa|1
|
|t:|1782674469
|switch|p2b: Sinistcha|Sinistcha, L50|100/100|[from] Parting Shot
|move|p1a: Metagross|Iron Head|p2b: Sinistcha
|-damage|p2b: Sinistcha|78/100
|move|p2a: Pelipper|Tailwind|p2a: Pelipper
|-sidestart|p2: los dura|move: Tailwind
|move|p1b: Pelipper|Hurricane|p2a: Pelipper
|-damage|p2a: Pelipper|23/100
|
|-weather|RainDance|[upkeep]
|upkeep
|turn|6
|l| LOS TiggelWiggel
|inactive|torie123 has 30 seconds left.
|inactive|los dura has 30 seconds left.
|j| LOS TiggelWiggel
|inactive|los dura has 20 seconds left.
|
|t:|1782674507
|move|p2a: Pelipper|Hurricane|p1a: Metagross
|-resisted|p1a: Metagross|1
|-damage|p1a: Metagross|75/100
|move|p2b: Sinistcha|Matcha Gotcha|p1b: Pelipper|[spread] p1b
|-miss|p2b: Sinistcha|p1a: Metagross
|-damage|p1b: Pelipper|80/100
|-heal|p2b: Sinistcha|87/100|[from] drain|[of] p1b: Pelipper
|move|p1a: Metagross|Psychic Fangs|p2b: Sinistcha
|-sideend|p2: los dura|Reflect
|-damage|p2b: Sinistcha|56/100
|move|p1b: Pelipper|Tailwind|p1b: Pelipper
|-sidestart|p1: torie123|move: Tailwind
|
|-weather|none
|upkeep
|turn|7
|inactive|torie123 has 30 seconds left.
|inactive|los dura has 30 seconds left.
|inactive|los dura has 20 seconds left.
|
|t:|1782674544
|switch|p1a: Sinistcha|Sinistcha, L50|90/100
|-heal|p1b: Pelipper|100/100|[from] ability: Hospitality|[of] p1a: Sinistcha
|switch|p2a: Grimmsnarl|Grimmsnarl, L50, M|100/100
|move|p1b: Pelipper|Weather Ball|p2a: Grimmsnarl
|-damage|p2a: Grimmsnarl|88/100
|move|p2b: Sinistcha|Trick Room|p2b: Sinistcha
|-fieldstart|move: Trick Room|[of] p2b: Sinistcha
|
|upkeep
|turn|8
|l| LOS TiggelWiggel
|
|t:|1782674563
|switch|p1b: Metagross|Metagross-Mega, L50|75/100
|move|p2a: Grimmsnarl|Light Screen|p2a: Grimmsnarl
|-sidestart|p2: los dura|move: Light Screen
|move|p2b: Sinistcha|Matcha Gotcha|p1a: Sinistcha|[spread] p1a,p1b
|-resisted|p1a: Sinistcha|1
|-crit|p1a: Sinistcha
|-resisted|p1b: Metagross|1
|-damage|p1a: Sinistcha|71/100
|-heal|p2b: Sinistcha|65/100|[from] drain|[of] p1a: Sinistcha
|-damage|p1b: Metagross|66/100
|-heal|p2b: Sinistcha|70/100|[from] drain|[of] p1b: Metagross
|-status|p1a: Sinistcha|brn
|move|p1a: Sinistcha|Trick Room|p1a: Sinistcha
|-fieldend|move: Trick Room
|
|-damage|p1a: Sinistcha|65/100 brn|[from] brn
|-sideend|p1: torie123|Reflect
|-sideend|p2: los dura|move: Tailwind
|upkeep
|turn|9
|j| LOS TiggelWiggel
|l| Pietplezier7
|inactive|torie123 has 30 seconds left.
|c| Fenerbasje|Dat was tricky
|inactive|torie123 has 20 seconds left.
|
|t:|1782674600
|move|p2a: Grimmsnarl|Parting Shot|p1b: Metagross
|-unboost|p1b: Metagross|atk|1
|-unboost|p1b: Metagross|spa|1
|
|t:|1782674607
|switch|p2a: Pelipper|Pelipper, L50, M|23/100|[from] Parting Shot
|-weather|RainDance|[from] ability: Drizzle|[of] p2a: Pelipper
|move|p1b: Metagross|Psychic Fangs|p2b: Sinistcha
|-sideend|p2: los dura|move: Light Screen
|-damage|p2b: Sinistcha|37/100
|-enditem|p2b: Sinistcha|Sitrus Berry|[eat]
|-heal|p2b: Sinistcha|62/100|[from] item: Sitrus Berry
|move|p1a: Sinistcha|Matcha Gotcha|p2a: Pelipper|[spread] p2a,p2b
|-crit|p2a: Pelipper
|-resisted|p2b: Sinistcha|1
|-damage|p2a: Pelipper|0 fnt
|-heal|p1a: Sinistcha|74/100 brn|[from] drain|[of] p2a: Pelipper
|-damage|p2b: Sinistcha|50/100y
|-heal|p1a: Sinistcha|80/100 brn|[from] drain|[of] p2b: Sinistcha
|faint|p2a: Pelipper
|move|p2b: Sinistcha|Matcha Gotcha|p1b: Metagross|[spread] p1a,p1b
|-resisted|p1a: Sinistcha|1
|-resisted|p1b: Metagross|1
|-damage|p1a: Sinistcha|73/100 brn
|-heal|p2b: Sinistcha|53/100|[from] drain|[of] p1a: Sinistcha
|-damage|p1b: Metagross|58/100
|-heal|p2b: Sinistcha|57/100|[from] drain|[of] p1b: Metagross
|
|-weather|RainDance|[upkeep]
|-damage|p1a: Sinistcha|66/100 brn|[from] brn
|-sideend|p1: torie123|move: Tailwind
|upkeep
|l| LOS TiggelWiggel
|j| Pietplezier7
|inactive|los dura has 30 seconds left.
|j| LOS TiggelWiggel
|
|t:|1782674640
|switch|p2a: Swampert|Swampert-Mega, L50, M|100/100
|turn|10
|l| LOS TiggelWiggel
|j| LOS TiggelWiggel
|
|t:|1782674663
|switch|p1b: Pelipper|Pelipper, L50, M|100/100
|move|p2b: Sinistcha|Rage Powder|p2b: Sinistcha
|-singleturn|p2b: Sinistcha|move: Rage Powder
|move|p2a: Swampert|Ice Punch|p1a: Sinistcha
|-supereffective|p1a: Sinistcha|1
|-damage|p1a: Sinistcha|7/100 brn
|move|p1a: Sinistcha|Matcha Gotcha|p2a: Swampert|[spread] p2a,p2b
|-supereffective|p2a: Swampert|2
|-resisted|p2b: Sinistcha|1
|-damage|p2a: Swampert|11/100
|-heal|p1a: Sinistcha|51/100 brn|[from] drain|[of] p2a: Swampert
|-damage|p2b: Sinistcha|46/100
|-heal|p1a: Sinistcha|56/100 brn|[from] drain|[of] p2b: Sinistcha
|
|-weather|RainDance|[upkeep]
|-damage|p1a: Sinistcha|50/100g brn|[from] brn
|upkeep
|turn|11
|l| LOS TiggelWiggel
|j| LOS TiggelWiggel
|inactive|torie123 has 30 seconds left.
|inactive|torie123 has 20 seconds left.
|inactive|torie123 has 15 seconds left.
|inactive|torie123 has 10 seconds left.
|inactive|los dura has 30 seconds left.
|l| Pietplezier7
|
|t:|1782674713
|move|p2a: Swampert|Protect|p2a: Swampert
|-singleturn|p2a: Swampert|Protect
|move|p1a: Sinistcha|Protect|p1a: Sinistcha
|-singleturn|p1a: Sinistcha|Protect
|move|p1b: Pelipper|Hurricane|p2a: Swampert
|-activate|p2a: Swampert|move: Protect
|move|p2b: Sinistcha|Trick Room|p2b: Sinistcha
|-fieldstart|move: Trick Room|[of] p2b: Sinistcha
|
|-weather|RainDance|[upkeep]
|-damage|p1a: Sinistcha|44/100 brn|[from] brn
|-sideend|p1: torie123|move: Light Screen
|upkeep
|turn|12
|j| Pietplezier7
|
|t:|1782674728
|switch|p2a: Grimmsnarl|Grimmsnarl, L50, M|88/100
|move|p1a: Sinistcha|Matcha Gotcha|p2b: Sinistcha|[spread] p2a,p2b
|-resisted|p2b: Sinistcha|1
|-damage|p2a: Grimmsnarl|67/100
|-heal|p1a: Sinistcha|56/100 brn|[from] drain|[of] p2a: Grimmsnarl
|-damage|p2b: Sinistcha|34/100
|-heal|p1a: Sinistcha|62/100 brn|[from] drain|[of] p2b: Sinistcha
|-status|p2b: Sinistcha|brn
|move|p2b: Sinistcha|Matcha Gotcha|p1a: Sinistcha|[spread] p1a,p1b
|-resisted|p1a: Sinistcha|1
|-damage|p1a: Sinistcha|51/100 brn
|-heal|p2b: Sinistcha|40/100 brn|[from] drain|[of] p1a: Sinistcha
|-damage|p1b: Pelipper|68/100
|-heal|p2b: Sinistcha|55/100 brn|[from] drain|[of] p1b: Pelipper
|move|p1b: Pelipper|Hurricane|p2b: Sinistcha
|-supereffective|p2b: Sinistcha|1
|-damage|p2b: Sinistcha|0 fnt
|faint|p2b: Sinistcha
|
|-weather|RainDance|[upkeep]
|-damage|p1a: Sinistcha|45/100 brn|[from] brn
|upkeep
|
|t:|1782674748
|switch|p2b: Swampert|Swampert-Mega, L50, M|11/100
|turn|13
|inactive|los dura has 30 seconds left.
|
|t:|1782674761
|move|p2a: Grimmsnarl|Light Screen|p2a: Grimmsnarl
|-sidestart|p2: los dura|move: Light Screen
|move|p1a: Sinistcha|Matcha Gotcha|p2b: Swampert|[spread] p2b
|-miss|p1a: Sinistcha|p2a: Grimmsnarl
|-supereffective|p2b: Swampert|2
|-damage|p2b: Swampert|0 fnt
|-heal|p1a: Sinistcha|51/100 brn|[from] drain|[of] p2b: Swampert
|faint|p2b: Swampert
|move|p1b: Pelipper|Hurricane|p2a: Grimmsnarl
|-damage|p2a: Grimmsnarl|42/100
|-start|p2a: Grimmsnarl|confusion
|
|-weather|none
|-damage|p1a: Sinistcha|45/100 brn|[from] brn
|upkeep
|turn|14
|inactive|los dura has 30 seconds left this turn.
|inactive|los dura has 20 seconds left.
|inactive|torie123 has 30 seconds left.
|l| Pietplezier7
|inactive|torie123 has 20 seconds left.
|
|t:|1782674799
|move|p1b: Pelipper|Protect|p1b: Pelipper
|-singleturn|p1b: Pelipper|Protect
|-activate|p2a: Grimmsnarl|confusion
|move|p2a: Grimmsnarl|Spirit Break|p1b: Pelipper
|-activate|p1b: Pelipper|move: Protect
|move|p1a: Sinistcha|Matcha Gotcha|p2a: Grimmsnarl
|-damage|p2a: Grimmsnarl|22/100
|-heal|p1a: Sinistcha|56/100 brn|[from] drain|[of] p2a: Grimmsnarl
|
|-damage|p1a: Sinistcha|50/100g brn|[from] brn
|upkeep
|turn|15
|inactive|los dura has 20 seconds left this turn.
|inactive|los dura has 15 seconds left.
|inactive|torie123 has 30 seconds left.
|inactive|los dura has 10 seconds left.
|inactive|los dura has 5 seconds left.
|j| Pietplezier7
|inactive|torie123 has 20 seconds left.
|
|t:|1782674820
|-end|p2a: Grimmsnarl|confusion
|move|p2a: Grimmsnarl|Spirit Break|p1a: Sinistcha
|-damage|p1a: Sinistcha|24/100 brn
|-unboost|p1a: Sinistcha|spa|1
|move|p1a: Sinistcha|Matcha Gotcha|p2a: Grimmsnarl
|-damage|p2a: Grimmsnarl|10/100
|-heal|p1a: Sinistcha|31/100 brn|[from] drain|[of] p2a: Grimmsnarl
|move|p1b: Pelipper|Weather Ball|p2a: Grimmsnarl
|-damage|p2a: Grimmsnarl|2/100
|
|-damage|p1a: Sinistcha|25/100 brn|[from] brn
|-fieldend|move: Trick Room
|upkeep
|turn|16
|inactive|torie123 has 20 seconds left this turn.
|inactive|los dura has 5 seconds left this turn.
|inactive|torie123 has 15 seconds left.
|-message|los dura lost due to inactivity.
|
|win|torie123
||los dura is ready for game 2.
|inactive|torie123 has 30 seconds to confirm battle start!
||torie123 is ready for game 2.
|uhtml|next|Next: Game 2 of 3
|l| LOS TiggelWiggel
|j| LOS TiggelWiggel
|l| LOS TiggelWiggel
|j| LOS TiggelWiggel
|l| LOS TiggelWiggel
|l| Fenerbasje
|l|☆los dura
|player|p2|
|l| Thuglife0172
|l| Pietplezier7
|l| LOS OgyZ
|l| Ome Henk
|j| Ome Henk
