|j|☆Adongeezy22
|j|☆raineyluvsu
|html|Adongeezy22raineyluvsu    
|uhtml|bestof|Game 1 of a best-of-3
|t:|1782593605
|gametype|doubles
|player|p1|Adongeezy22|2|1000
|player|p2|raineyluvsu|1|1000
|gen|9
|tier|[Gen 9 Champions] VGC 2026 Reg M-B (Bo3)
|rated|
|rule|Species Clause: Limit one of each Pokémon
|rule|Item Clause: Limit 1 of each item
|clearpoke
|poke|p1|Dragalge, L50, F, shiny|
|poke|p1|Sinistcha, L50, shiny|
|poke|p1|Grimmsnarl, L50, M, shiny|
|poke|p1|Gholdengo, L50, shiny|
|poke|p1|Staraptor, L50, F, shiny|
|poke|p1|Incineroar, L50, F, shiny|
|poke|p2|Metagross, L50|
|poke|p2|Basculegion, L50, M|
|poke|p2|Blaziken, L50, M|
|poke|p2|Politoed, L50, M|
|poke|p2|Tsareena, L50, F|
|poke|p2|Kingambit, L50, M|
|teampreview|4
|showteam|p1|Dragalge||Dragalgite|Adaptability|SludgeBomb,DracoMeteor,ShadowBall,Protect|Modest||F|||50|]Sinistcha||SitrusBerry|Hospitality|RagePowder,MatchaGotcha,TrickRoom,LifeDew|Calm|||||50|]Grimmsnarl||LightClay|Prankster|LightScreen,PartingShot,Reflect,SpiritBreak|Calm||M|||50|]Gholdengo||LifeOrb|GoodasGold|MakeItRain,ShadowBall,Protect,NastyPlot|Modest|||||50|]Staraptor||Staraptite|Intimidate|CloseCombat,Protect,Tailwind,BraveBird|Jolly||F|||50|]Incineroar||Charcoal|Intimidate|FakeOut,DarkestLariat,FlareBlitz,PartingShot|Careful||F|||50|
|showteam|p2|Metagross||Metagrossite|ClearBody|IronHead,PsychicFangs,StompingTantrum,Protect|Jolly|||||50|]Basculegion||LifeOrb|Adaptability|WaveCrash,LastRespects,AquaJet,Protect|Jolly||M|||50|]Blaziken||FocusSash|SpeedBoost|Overheat,AuraSphere,Coaching,Detect|Modest||M|||50|]Politoed||SitrusBerry|Drizzle|WeatherBall,IceBeam,PerishSong,Protect|Bold||M|||50|]Tsareena||ChoiceScarf|QueenlyMajesty|TropKick,TripleAxel,LowKick,Uturn|Jolly||F|||50|]Kingambit||BlackGlasses|Defiant|KowtowCleave,SuckerPunch,SwordsDance,Protect|Brave||M|||50|
|inactive|Battle timer is ON: inactive players will automatically lose when time's up. (requested by raineyluvsu)
|
|t:|1782593656
|teamsize|p1|4
|teamsize|p2|4
|start
|switch|p1a: Sinistcha|Sinistcha, L50, shiny|100/100
|switch|p1b: Grimmsnarl|Grimmsnarl, L50, M, shiny|100/100
|switch|p2a: Metagross|Metagross, L50|100/100
|switch|p2b: Blaziken|Blaziken, L50, M|100/100
|turn|1
|
|t:|1782593678
|detailschange|p2a: Metagross|Metagross-Mega, L50
|-mega|p2a: Metagross|Metagross|Metagrossite
|move|p2a: Metagross|Protect|p2a: Metagross
|-singleturn|p2a: Metagross|Protect
|move|p1b: Grimmsnarl|Reflect|p1b: Grimmsnarl
|-sidestart|p1: Adongeezy22|Reflect
|move|p2b: Blaziken|Coaching|p2a: Metagross
|-boost|p2a: Metagross|atk|1
|-boost|p2a: Metagross|def|1
|move|p1a: Sinistcha|Trick Room|p1a: Sinistcha
|-fieldstart|move: Trick Room|[of] p1a: Sinistcha
|
|-ability|p2b: Blaziken|Speed Boost|boost
|-boost|p2b: Blaziken|spe|1
|upkeep
|turn|2
|
|t:|1782593704
|move|p1a: Sinistcha|Rage Powder|p1a: Sinistcha
|-singleturn|p1a: Sinistcha|move: Rage Powder
|move|p1b: Grimmsnarl|Parting Shot|p2a: Metagross
|-unboost|p2a: Metagross|atk|1
|-unboost|p2a: Metagross|spa|1
|
|t:|1782593708
|switch|p1b: Dragalge|Dragalge, L50, F, shiny|100/100|[from] Parting Shot
|move|p2a: Metagross|Psychic Fangs|p1a: Sinistcha
|-sideend|p1: Adongeezy22|Reflect
|-damage|p1a: Sinistcha|47/100
|-enditem|p1a: Sinistcha|Sitrus Berry|[eat]
|-heal|p1a: Sinistcha|71/100|[from] item: Sitrus Berry
|move|p2b: Blaziken|Coaching|p2a: Metagross
|-boost|p2a: Metagross|atk|1
|-boost|p2a: Metagross|def|1
|
|-ability|p2b: Blaziken|Speed Boost|boost
|-boost|p2b: Blaziken|spe|1
|upkeep
|turn|3
|
|t:|1782593726
|detailschange|p1b: Dragalge|Dragalge-Mega, L50, F, shiny
|-mega|p1b: Dragalge|Dragalge|Dragalgite
|move|p2a: Metagross|Protect|p2a: Metagross
|-singleturn|p2a: Metagross|Protect
|move|p1a: Sinistcha|Rage Powder|p1a: Sinistcha
|-singleturn|p1a: Sinistcha|move: Rage Powder
|move|p1b: Dragalge|Shadow Ball|p2a: Metagross
|-activate|p2a: Metagross|move: Protect
|move|p2b: Blaziken|Overheat|p1a: Sinistcha
|-supereffective|p1a: Sinistcha|1
|-damage|p1a: Sinistcha|0 fnt
|-unboost|p2b: Blaziken|spa|2
|faint|p1a: Sinistcha
|
|-ability|p2b: Blaziken|Speed Boost|boost
|-boost|p2b: Blaziken|spe|1
|upkeep
|
|t:|1782593733
|switch|p1a: Grimmsnarl|Grimmsnarl, L50, M, shiny|100/100
|turn|4
|
|t:|1782593744
|switch|p2b: Tsareena|Tsareena, L50, F|100/100
|move|p1a: Grimmsnarl|Reflect|p1a: Grimmsnarl
|-sidestart|p1: Adongeezy22|Reflect
|move|p1b: Dragalge|Shadow Ball|p2a: Metagross
|-supereffective|p2a: Metagross|1
|-damage|p2a: Metagross|31/100
|move|p2a: Metagross|Psychic Fangs|p1b: Dragalge
|-sideend|p1: Adongeezy22|Reflect
|-supereffective|p1b: Dragalge|1
|-damage|p1b: Dragalge|0 fnt
|faint|p1b: Dragalge
|
|upkeep
|
|t:|1782593755
|switch|p1b: Gholdengo|Gholdengo, L50, shiny|100/100
|turn|5
|
|t:|1782593774
|move|p2a: Metagross|Protect|p2a: Metagross
|-singleturn|p2a: Metagross|Protect
|move|p1a: Grimmsnarl|Spirit Break|p2a: Metagross
|-activate|p2a: Metagross|move: Protect
|move|p1b: Gholdengo|Nasty Plot|p1b: Gholdengo
|-boost|p1b: Gholdengo|spa|2
|move|p2b: Tsareena|Trop Kick|p1a: Grimmsnarl
|-damage|p1a: Grimmsnarl|44/100
|-unboost|p1a: Grimmsnarl|atk|1
|
|-fieldend|move: Trick Room
|upkeep
|turn|6
|
|t:|1782593792
|move|p2b: Tsareena|Trop Kick|p1a: Grimmsnarl
|-damage|p1a: Grimmsnarl|0 fnt
|faint|p1a: Grimmsnarl
|move|p2a: Metagross|Stomping Tantrum|p1b: Gholdengo
|-supereffective|p1b: Gholdengo|1
|-damage|p1b: Gholdengo|0 fnt
|faint|p1b: Gholdengo
|
|win|raineyluvsu
|l|☆Adongeezy22
|player|p1|
