|j|☆zweeta
|j|☆grop_vgc
|html|zweetagrop_vgc    
|uhtml|bestof|Game 2 of a best-of-3
|t:|1756767888
|gametype|doubles
|player|p1|zweeta|pokekid|1214
|player|p2|grop_vgc|102|1279
|gen|9
|tier|[Gen 9] VGC 2025 Reg H (Bo3)
|rated|
|rule|Species Clause: Limit one of each Pokémon
|rule|Item Clause: Limit 1 of each item
|clearpoke
|poke|p1|Gholdengo, L50|
|poke|p1|Ursaluna, L50, M|
|poke|p1|Sinistcha, L50|
|poke|p1|Sneasler, L50, M|
|poke|p1|Dragonite, L50, F|
|poke|p1|Incineroar, L50, F|
|poke|p2|Corviknight, L50, F|
|poke|p2|Palafin, L50, F|
|poke|p2|Garchomp, L50, F|
|poke|p2|Tyranitar, L50, F|
|poke|p2|Sinistcha, L50|
|poke|p2|Ursaluna-Bloodmoon, L50, M|
|teampreview|4
|showteam|p1|Gholdengo||LifeOrb|GoodasGold|MakeItRain,ShadowBall,NastyPlot,Protect||||||50|,,,,,Water]Ursaluna||FlameOrb|Guts|Facade,HeadlongRush,Earthquake,Protect|||M|||50|,,,,,Ghost]Sinistcha||SitrusBerry|Hospitality|MatchaGotcha,LifeDew,RagePowder,TrickRoom||||||50|,,,,,Dark]Sneasler||FocusSash|PoisonTouch|DireClaw,CloseCombat,Coaching,Protect|||M|||50|,,,,,Flying]Dragonite||LoadedDice|Multiscale|ScaleShot,Haze,Tailwind,Protect|||F|||50|,,,,,Fairy]Incineroar||SafetyGoggles|Intimidate|FakeOut,FlareBlitz,KnockOff,PartingShot|||F|||50|,,,,,Ghost
|showteam|p2|Corviknight||Leftovers|MirrorArmor|BodyPress,BraveBird,Tailwind,IronDefense|||F|||50|,,,,,Fire]Palafin||MysticWater|ZerotoHero|JetPunch,WaveCrash,Haze,Protect|||F|||50|,,,,,Water]Garchomp||LifeOrb|SandVeil|DragonClaw,Earthquake,SwordsDance,Protect|||F|||50|,,,,,Stellar]Tyranitar||AssaultVest|SandStream|RockSlide,KnockOff,LowKick,TeraBlast|||F|||50|,,,,,Flying]Sinistcha||SitrusBerry|Hospitality|MatchaGotcha,Hex,RagePowder,TrickRoom||||||50|,,,,,Water]Ursaluna-Bloodmoon||ThroatSpray|MindsEye|BloodMoon,HyperVoice,EarthPower,Protect|||M|||50|,,,,,Normal
|inactive|Battle timer is ON: inactive players will automatically lose when time's up. (requested by zweeta)
|
|t:|1756767918
|teamsize|p1|4
|teamsize|p2|4
|start
|switch|p1a: Gholdengo|Gholdengo, L50, shiny|100/100
|switch|p1b: Incineroar|Incineroar, L50, F|100/100
|switch|p2a: Tyranitar|Tyranitar, L50, F|100/100
|switch|p2b: Garchomp|Garchomp, L50, F|100/100
|-ability|p1b: Incineroar|Intimidate|boost
|-unboost|p2a: Tyranitar|atk|1
|-unboost|p2b: Garchomp|atk|1
|-weather|Sandstorm|[from] ability: Sand Stream|[of] p2a: Tyranitar
|turn|1
|
|t:|1756767930
|-terastallize|p1a: Gholdengo|Water
|-terastallize|p2a: Tyranitar|Flying
|move|p2b: Garchomp|Earthquake|p1a: Gholdengo|[spread] p1a,p1b
|-immune|p2a: Tyranitar
|-supereffective|p1b: Incineroar
|-damage|p1a: Gholdengo|64/100
|-damage|p1b: Incineroar|33/100
|-damage|p2b: Garchomp|91/100|[from] item: Life Orb
|move|p1a: Gholdengo|Make It Rain|p2a: Tyranitar|[spread] p2a
|-miss|p1a: Gholdengo|p2b: Garchomp
|-damage|p2a: Tyranitar|64/100
|-unboost|p1a: Gholdengo|spa|1
|-damage|p1a: Gholdengo|54/100|[from] item: Life Orb
|move|p1b: Incineroar|Parting Shot|p2a: Tyranitar
|-unboost|p2a: Tyranitar|atk|1
|-unboost|p2a: Tyranitar|spa|1
|
|t:|1756767936
|switch|p1b: Sinistcha|Sinistcha, L50|100/100|[from] Parting Shot
|-heal|p1a: Gholdengo|79/100|[from] ability: Hospitality|[of] p1b: Sinistcha
|move|p2a: Tyranitar|Knock Off|p1a: Gholdengo
|-damage|p1a: Gholdengo|47/100
|-enditem|p1a: Gholdengo|Life Orb|[from] move: Knock Off|[of] p2a: Tyranitar
|
|-weather|Sandstorm|[upkeep]
|-damage|p1a: Gholdengo|41/100|[from] Sandstorm
|-damage|p2a: Tyranitar|57/100|[from] Sandstorm
|-damage|p1b: Sinistcha|94/100|[from] Sandstorm
|upkeep
|turn|2
|inactive|zweeta has 30 seconds left.
|inactive|grop_vgc has 30 seconds left.
|inactive|grop_vgc has 20 seconds left.
|inactive|grop_vgc has 15 seconds left.
|
|t:|1756767979
|move|p2b: Garchomp|Earthquake|p1a: Gholdengo|[spread] p1a,p1b
|-immune|p2a: Tyranitar
|-resisted|p1b: Sinistcha
|-damage|p1a: Gholdengo|5/100
|-damage|p1b: Sinistcha|79/100
|-damage|p2b: Garchomp|81/100|[from] item: Life Orb
|move|p1a: Gholdengo|Make It Rain|p2a: Tyranitar|[spread] p2a
|-miss|p1a: Gholdengo|p2b: Garchomp
|-damage|p2a: Tyranitar|39/100
|-unboost|p1a: Gholdengo|spa|1
|move|p2a: Tyranitar|Rock Slide|p1b: Sinistcha|[spread] p1a
|-miss|p2a: Tyranitar|p1b: Sinistcha
|-damage|p1a: Gholdengo|0 fnt
|faint|p1a: Gholdengo
|move|p1b: Sinistcha|Matcha Gotcha|p2a: Tyranitar|[spread] p2a,p2b
|-resisted|p2a: Tyranitar
|-damage|p2a: Tyranitar|31/100
|-heal|p1b: Sinistcha|84/100|[from] drain|[of] p2a: Tyranitar
|-damage|p2b: Garchomp|52/100
|-heal|p1b: Sinistcha|98/100|[from] drain|[of] p2b: Garchomp
|
|-weather|Sandstorm|[upkeep]
|-damage|p2a: Tyranitar|24/100|[from] Sandstorm
|-damage|p1b: Sinistcha|92/100|[from] Sandstorm
|upkeep
|
|t:|1756767991
|switch|p1a: Incineroar|Incineroar, L50, F|33/100
|-ability|p1a: Incineroar|Intimidate|boost
|-unboost|p2a: Tyranitar|atk|1
|-unboost|p2b: Garchomp|atk|1
|turn|3
|
|t:|1756768014
|switch|p2a: Sinistcha|Sinistcha, L50|100/100
|-heal|p2b: Garchomp|77/100|[from] ability: Hospitality|[of] p2a: Sinistcha
|move|p1a: Incineroar|Fake Out|p2b: Garchomp
|-damage|p2b: Garchomp|64/100
|cant|p2b: Garchomp|flinch
|move|p1b: Sinistcha|Trick Room|p1b: Sinistcha
|-fieldstart|move: Trick Room|[of] p1b: Sinistcha
|
|-weather|Sandstorm|[upkeep]
|-damage|p2a: Sinistcha|94/100|[from] Sandstorm
|-damage|p1b: Sinistcha|86/100|[from] Sandstorm
|upkeep
|turn|4
|
|t:|1756768030
|move|p1b: Sinistcha|Life Dew|p1b: Sinistcha|[spread] p1a,p1b
|-heal|p1a: Incineroar|58/100
|-heal|p1b: Sinistcha|100/100
|move|p1a: Incineroar|Knock Off|p2a: Sinistcha
|-supereffective|p2a: Sinistcha
|-damage|p2a: Sinistcha|36/100
|-enditem|p2a: Sinistcha|Sitrus Berry|[from] move: Knock Off|[of] p1a: Incineroar
|move|p2b: Garchomp|Swords Dance|p2b: Garchomp
|-boost|p2b: Garchomp|atk|2
|move|p2a: Sinistcha|Trick Room|p2a: Sinistcha
|-fieldend|move: Trick Room
|
|-weather|Sandstorm|[upkeep]
|-damage|p2a: Sinistcha|30/100|[from] Sandstorm
|-damage|p1b: Sinistcha|94/100|[from] Sandstorm
|upkeep
|turn|5
|inactive|grop_vgc has 30 seconds left.
|inactive|grop_vgc has 20 seconds left.
|
|t:|1756768066
|switch|p1a: Dragonite|Dragonite, L50, F, shiny|100/100
|switch|p2a: Tyranitar|Tyranitar, L50, F, tera:Flying|24/100
|move|p2b: Garchomp|Earthquake|p1b: Sinistcha|[spread] p1b
|-immune|p2a: Tyranitar
|-immune|p1a: Dragonite
|-resisted|p1b: Sinistcha
|-damage|p1b: Sinistcha|70/100
|-damage|p2b: Garchomp|54/100|[from] item: Life Orb
|move|p1b: Sinistcha|Trick Room|p1b: Sinistcha
|-fieldstart|move: Trick Room|[of] p1b: Sinistcha
|
|-weather|none
|upkeep
|turn|6
|
|t:|1756768091
|switch|p2b: Sinistcha|Sinistcha, L50|30/100
|-heal|p2a: Tyranitar|49/100|[from] ability: Hospitality|[of] p2b: Sinistcha
|move|p1b: Sinistcha|Matcha Gotcha|p2b: Sinistcha|[spread] p2a,p2b
|-resisted|p2a: Tyranitar
|-resisted|p2b: Sinistcha
|-damage|p2a: Tyranitar|43/100
|-heal|p1b: Sinistcha|74/100|[from] drain|[of] p2a: Tyranitar
|-damage|p2b: Sinistcha|16/100
|-heal|p1b: Sinistcha|81/100|[from] drain|[of] p2b: Sinistcha
|-status|p2b: Sinistcha|brn
|move|p2a: Tyranitar|Knock Off|p1a: Dragonite
|-damage|p1a: Dragonite|68/100
|-enditem|p1a: Dragonite|Loaded Dice|[from] move: Knock Off|[of] p2a: Tyranitar
|move|p1a: Dragonite|Scale Shot|p2a: Tyranitar
|-damage|p2a: Tyranitar|30/100
|-damage|p2a: Tyranitar|19/100
|-damage|p2a: Tyranitar|6/100
|-hitcount|p2a: Tyranitar|3
|-unboost|p1a: Dragonite|def|1
|-boost|p1a: Dragonite|spe|1
|
|-damage|p2b: Sinistcha|9/100 brn|[from] brn
|upkeep
|turn|7
|inactive|grop_vgc has 30 seconds left.
|
|t:|1756768121
|move|p1a: Dragonite|Protect|p1a: Dragonite
|-singleturn|p1a: Dragonite|Protect
|move|p1b: Sinistcha|Matcha Gotcha|p2b: Sinistcha|[spread] p2a
|-miss|p1b: Sinistcha|p2b: Sinistcha
|-resisted|p2a: Tyranitar
|-damage|p2a: Tyranitar|0 fnt
|-heal|p1b: Sinistcha|84/100|[from] drain|[of] p2a: Tyranitar
|faint|p2a: Tyranitar
|move|p2b: Sinistcha|Matcha Gotcha|p1b: Sinistcha|[spread] p1b
|-activate|p1a: Dragonite|move: Protect
|-resisted|p1b: Sinistcha
|-damage|p1b: Sinistcha|73/100
|-heal|p2b: Sinistcha|15/100 brn|[from] drain|[of] p1b: Sinistcha
|
|-damage|p2b: Sinistcha|9/100 brn|[from] brn
|upkeep
|
|t:|1756768124
|switch|p2a: Garchomp|Garchomp, L50, F|54/100
|turn|8
|inactive|grop_vgc has 30 seconds left.
|
|t:|1756768158
|move|p1b: Sinistcha|Rage Powder|p1b: Sinistcha
|-singleturn|p1b: Sinistcha|move: Rage Powder
|move|p2b: Sinistcha|Hex|p1b: Sinistcha
|-supereffective|p1b: Sinistcha
|-damage|p1b: Sinistcha|22/100
|-enditem|p1b: Sinistcha|Sitrus Berry|[eat]
|-heal|p1b: Sinistcha|47/100|[from] item: Sitrus Berry
|move|p2a: Garchomp|Dragon Claw|p1b: Sinistcha
|-damage|p1b: Sinistcha|0 fnt
|faint|p1b: Sinistcha
|-damage|p2a: Garchomp|44/100|[from] item: Life Orb
|move|p1a: Dragonite|Scale Shot|p2a: Garchomp
|-supereffective|p2a: Garchomp
|-damage|p2a: Garchomp|14/100
|-supereffective|p2a: Garchomp
|-damage|p2a: Garchomp|0 fnt
|faint|p2a: Garchomp
|-hitcount|p2: Garchomp|2
|-unboost|p1a: Dragonite|def|1
|-boost|p1a: Dragonite|spe|1
|
|-damage|p2b: Sinistcha|3/100 brn|[from] brn
|upkeep
|
|t:|1756768169
|switch|p1b: Incineroar|Incineroar, L50, F|58/100
|switch|p2a: Ursaluna|Ursaluna-Bloodmoon, L50, M|100/100
|-ability|p1b: Incineroar|Intimidate|boost
|-unboost|p2a: Ursaluna|atk|1
|-unboost|p2b: Sinistcha|atk|1
|turn|9
|
|t:|1756768181
|move|p1b: Incineroar|Fake Out|p2a: Ursaluna
|-damage|p2a: Ursaluna|91/100
|cant|p2a: Ursaluna|flinch
|move|p2b: Sinistcha|Matcha Gotcha|p1b: Incineroar|[spread] p1a,p1b
|-resisted|p1a: Dragonite
|-resisted|p1b: Incineroar
|-damage|p1a: Dragonite|62/100
|-heal|p2b: Sinistcha|6/100 brn|[from] drain|[of] p1a: Dragonite
|-damage|p1b: Incineroar|47/100
|-heal|p2b: Sinistcha|12/100 brn|[from] drain|[of] p1b: Incineroar
|move|p1a: Dragonite|Scale Shot|p2b: Sinistcha
|-damage|p2b: Sinistcha|1/100 brn
|-damage|p2b: Sinistcha|0 fnt
|faint|p2b: Sinistcha
|-hitcount|p2: Sinistcha|2
|-unboost|p1a: Dragonite|def|1
|-boost|p1a: Dragonite|spe|1
|
|-fieldend|move: Trick Room
|upkeep
|turn|10
|
|t:|1756768187
|move|p1a: Dragonite|Scale Shot|p2a: Ursaluna
|-damage|p2a: Ursaluna|79/100
|-damage|p2a: Ursaluna|68/100
|-hitcount|p2a: Ursaluna|2
|-unboost|p1a: Dragonite|def|1
|-boost|p1a: Dragonite|spe|1
|move|p1b: Incineroar|Flare Blitz|p2a: Ursaluna
|-damage|p2a: Ursaluna|31/100
|-damage|p1b: Incineroar|35/100|[from] Recoil
|move|p2a: Ursaluna|Hyper Voice|p1a: Dragonite|[spread] p1a,p1b
|-damage|p1a: Dragonite|17/100
|-damage|p1b: Incineroar|0 fnt
|faint|p1b: Incineroar
|-enditem|p2a: Ursaluna|Throat Spray
|-boost|p2a: Ursaluna|spa|1|[from] item: Throat Spray
|
|upkeep
|turn|11
|
|t:|1756768201
|move|p1a: Dragonite|Scale Shot|p2a: Ursaluna
|-damage|p2a: Ursaluna|20/100
|-damage|p2a: Ursaluna|9/100
|-damage|p2a: Ursaluna|0 fnt
|faint|p2a: Ursaluna
|-hitcount|p2: Ursaluna|3
|
|win|zweeta
|raw|zweeta's rating: 1214 → 1244(+30 for winning)
|raw|grop_vgc's rating: 1279 → 1249(-30 for losing)
|l|☆grop_vgc
|player|p2|
