|j|☆thebusinesspiggy2
|j|☆Skwovetboi
|html|thebusinesspiggy2Skwovetboi    
|uhtml|bestof|Game 2 of a best-of-3
|t:|1757729269
|gametype|doubles
|player|p1|thebusinesspiggy2|iris-gen5bw2|
|player|p2|Skwovetboi|turo-ai|
|gen|9
|tier|[Gen 9] VGC 2025 Reg H (Bo3)
|rule|Species Clause: Limit one of each Pokémon
|rule|Item Clause: Limit 1 of each item
|clearpoke
|poke|p1|Electrode, L50|
|poke|p1|Serperior, L50, M|
|poke|p1|Murkrow, L50, F|
|poke|p1|Arcanine-Hisui, L50, M|
|poke|p1|Bisharp, L50, F|
|poke|p1|Baxcalibur, L50, F|
|poke|p2|Altaria, L50, M|
|poke|p2|Chandelure, L50, M|
|poke|p2|Tauros-Paldea-Aqua, L50, M|
|poke|p2|Glimmora, L50, F|
|poke|p2|Arboliva, L50, M|
|poke|p2|Grimmsnarl, L50, M|
|teampreview|4
|showteam|p1|Electrode||CovertCloak|Soundproof|Electroweb,FoulPlay,EerieImpulse,Taunt||||||50|,,,,,Dark]Serperior||ChoiceSpecs|Contrary|LeafStorm,FrenzyPlant,TeraBlast,DragonPulse|||M|||50|,,,,,Stellar]Murkrow||FocusSash|Prankster|Tailwind,FeatherDance,FoulPlay,Quash|||F|||50|,,,,,Ghost]Arcanine-Hisui||SafetyGoggles|Intimidate|FlareBlitz,HeadSmash,RockSlide,Protect|||M|||50|,,,,,Dragon]Bisharp||Eviolite|Defiant|IronHead,ThroatChop,SuckerPunch,Protect|||F|||50|,,,,,Water]Baxcalibur||LifeOrb|ThermalExchange|IcicleCrash,GlaiveRush,HighHorsepower,Protect|||F|||50|,,,,,Steel
|showteam|p2|Altaria||ChoiceBand|CloudNine|BraveBird,DualWingbeat,PlayRough,BreakingSwipe|||M|||50|,,,,,Fairy]Chandelure||ChoiceScarf|Infiltrator|ShadowBall,HeatWave,Flamethrower,Trick|||M|||50|,,,,,Fire]Tauros-Paldea-Aqua||LifeOrb|Intimidate|WaveCrash,CloseCombat,AquaJet,Protect|||M|||50|,,,,,Water]Glimmora||AssaultVest|ToxicDebris|PowerGem,SludgeBomb,EarthPower,MortalSpin|||F|||50|,,,,,Water]Arboliva||Leftovers|SeedSower|LeechSeed,Protect,GigaDrain,StrengthSap|||M|||50|,,,,,Water]Grimmsnarl||LightClay|Prankster|FakeTears,Reflect,LightScreen,FoulPlay|||M|||50|,,,,,Ghost
|
|t:|1757729286
|teamsize|p1|4
|teamsize|p2|4
|start
|switch|p1a: Dung Defender|Electrode, L50|100/100
|switch|p1b: Sheo|Bisharp, L50, F|100/100
|switch|p2a: Star Dream|Chandelure, L50, M|100/100
|switch|p2b: Marx|Grimmsnarl, L50, M|100/100
|turn|1
|
|t:|1757729299
|-terastallize|p2a: Star Dream|Fire
|-terastallize|p1b: Sheo|Water
|move|p2b: Marx|Reflect|p2b: Marx
|-sidestart|p2: Skwovetboi|Reflect
|move|p1a: Dung Defender|Taunt|p2b: Marx
|-start|p2b: Marx|move: Taunt
|move|p2a: Star Dream|Heat Wave|p1a: Dung Defender|[spread] p1a,p1b
|-resisted|p1b: Sheo
|-damage|p1a: Dung Defender|32/100
|-damage|p1b: Sheo|73/100
|move|p1b: Sheo|Throat Chop|p2a: Star Dream
|-crit|p2a: Star Dream
|-damage|p2a: Star Dream|8/100
|-start|p2a: Star Dream|Throat Chop|[silent]
|
|upkeep
|turn|2
|c|☆thebusinesspiggy2|sry
|
|t:|1757729321
|move|p1a: Dung Defender|Electroweb|p2b: Marx|[spread] p2a,p2b
|-damage|p2a: Star Dream|0 fnt
|-damage|p2b: Marx|89/100
|-unboost|p2b: Marx|spe|1
|faint|p2a: Star Dream
|move|p1b: Sheo|Iron Head|p2b: Marx
|-supereffective|p2b: Marx
|-damage|p2b: Marx|35/100
|move|p2b: Marx|Foul Play|p1b: Sheo
|-damage|p1b: Sheo|34/100
|
|upkeep
|
|t:|1757729341
|switch|p2a: Queen Sectonia|Glimmora, L50, F, shiny|100/100
|turn|3
|
|t:|1757729357
|move|p1a: Dung Defender|Eerie Impulse|p2a: Queen Sectonia
|-unboost|p2a: Queen Sectonia|spa|2
|move|p2a: Queen Sectonia|Sludge Bomb|p1b: Sheo
|-damage|p1b: Sheo|10/100
|-status|p1b: Sheo|psn
|move|p1b: Sheo|Iron Head|p2a: Queen Sectonia
|-supereffective|p2a: Queen Sectonia
|-damage|p2a: Queen Sectonia|36/100
|-activate|p2a: Queen Sectonia|ability: Toxic Debris
|-sidestart|p1: thebusinesspiggy2|move: Toxic Spikes
|move|p2b: Marx|Foul Play|p1a: Dung Defender
|-crit|p1a: Dung Defender
|-damage|p1a: Dung Defender|5/100
|
|-damage|p1b: Sheo|0 fnt|[from] psn
|faint|p1b: Sheo
|upkeep
|
|t:|1757729374
|switch|p1b: Mossy|Serperior, L50, M, shiny|100/100
|-status|p1b: Mossy|psn
|turn|4
|c|☆thebusinesspiggy2|PLEASE SERPERIOR
|c|☆thebusinesspiggy2|I BEG YOU
|
|t:|1757729414
|switch|p2a: Heavy Lobster|Tauros-Paldea-Aqua, L50, M|100/100
|-ability|p2a: Heavy Lobster|Intimidate|boost
|-unboost|p1a: Dung Defender|atk|1
|-boost|p1b: Mossy|atk|1
|move|p1a: Dung Defender|Eerie Impulse|p1b: Mossy
|-boost|p1b: Mossy|spa|2
|move|p1b: Mossy|Leaf Storm|p2a: Heavy Lobster
|-supereffective|p2a: Heavy Lobster
|-damage|p2a: Heavy Lobster|0 fnt
|-boost|p1b: Mossy|spa|2
|faint|p2a: Heavy Lobster
|move|p2b: Marx|Foul Play|p1a: Dung Defender
|-damage|p1a: Dung Defender|0 fnt
|faint|p1a: Dung Defender
|
|-damage|p1b: Mossy|89/100 psn|[from] psn
|-end|p2b: Marx|move: Taunt
|upkeep
|
|t:|1757729437
|switch|p1a: Last Judge|Arcanine-Hisui, L50, M, shiny|100/100
|switch|p2a: Queen Sectonia|Glimmora, L50, F, shiny|36/100
|-status|p1a: Last Judge|psn
|-ability|p1a: Last Judge|Intimidate|boost
|-unboost|p2a: Queen Sectonia|atk|1
|-unboost|p2b: Marx|atk|1
|turn|5
|
|t:|1757729444
|move|p2b: Marx|Light Screen|p2b: Marx
|-sidestart|p2: Skwovetboi|move: Light Screen
|move|p1b: Mossy|Leaf Storm|p2a: Queen Sectonia
|-damage|p2a: Queen Sectonia|0 fnt
|-boost|p1b: Mossy|spa|2
|faint|p2a: Queen Sectonia
|move|p1a: Last Judge|Flare Blitz|p2b: Marx
|-damage|p2b: Marx|1/100
|-damage|p1a: Last Judge|90/100 psn|[from] Recoil
|
|-damage|p1b: Mossy|77/100 psn|[from] psn
|-damage|p1a: Last Judge|77/100 psn|[from] psn
|upkeep
|turn|6
|c|☆thebusinesspiggy2|GGWP
|c|☆thebusinesspiggy2|sorry for hax
|j| sheepie_sheep
|
|t:|1757729474
|move|p1b: Mossy|Leaf Storm|p2b: Marx|[miss]
|-miss|p1b: Mossy|p2b: Marx
|move|p1a: Last Judge|Head Smash|p2b: Marx
|-damage|p2b: Marx|0 fnt
|faint|p2b: Marx
|-damage|p1a: Last Judge|77/100 psn|[from] Recoil
|
|win|thebusinesspiggy2
