|j|☆WHERE IS MY WALLET
|j|☆Yenabi
|html|WHERE IS MY WALLETYenabi    
|uhtml|bestof|Game 3 of a best-of-3
|t:|1756413592
|gametype|doubles
|player|p1|WHERE IS MY WALLET|miku-fire|1126
|player|p2|Yenabi|1|1097
|gen|9
|tier|[Gen 9] VGC 2025 Reg H (Bo3)
|rated|
|rule|Species Clause: Limit one of each Pokémon
|rule|Item Clause: Limit 1 of each item
|clearpoke
|poke|p1|Garganacl, L50, M|
|poke|p1|Dondozo, L50, M|
|poke|p1|Sneasler, L50, F|
|poke|p1|Ninetales-Alola, L50, F|
|poke|p1|Incineroar, L50, F|
|poke|p1|Tatsugiri, L50, M|
|poke|p2|Archaludon, L50, F|
|poke|p2|Dragonite, L50, M|
|poke|p2|Pelipper, L50, F|
|poke|p2|Ursaluna, L50, M|
|poke|p2|Sinistcha, L50|
|poke|p2|Gholdengo, L50|
|teampreview|4
|showteam|p1|Garganacl||MarangaBerry|PurifyingSalt|SaltCure,StealthRock,Protect,Recover|||M|||50|,,,,,Flying]Dondozo||Leftovers|Unaware|OrderUp,Yawn,WaveCrash,Protect|||M|||50|,,,,,Grass]Sneasler||FocusSash|PoisonTouch|DireClaw,CloseCombat,Coaching,Protect|||F|||50|,,,,,Ghost]Ninetales-Alola||NeverMeltIce|SnowWarning|Blizzard,FreezeDry,Protect,AuroraVeil|||F|||50|,,,,,Ice]Incineroar||AssaultVest|Intimidate|FlareBlitz,KnockOff,FakeOut,DrainPunch|||F|||50|,,,,,Grass]Tatsugiri||ChoiceScarf|Commander|MuddyWater,IcyWind,DragonPulse,DracoMeteor|||M|||50|,,,,,Stellar
|showteam|p2|Archaludon||AssaultVest|Stamina|FlashCannon,BodyPress,ElectroShot,Snarl|||F|||50|,,,,,Fighting]Dragonite||LoadedDice|Multiscale|ScaleShot,Tailwind,Haze,Protect|||M|||50|,,,,,Fairy]Pelipper||FocusSash|Drizzle|MuddyWater,Hurricane,Tailwind,Protect|||F|||50|,,,,,Ghost]Ursaluna||FlameOrb|Guts|Facade,HeadlongRush,Earthquake,Protect|||M|||50|,,,,,Ghost]Sinistcha||SitrusBerry|Hospitality|MatchaGotcha,LifeDew,RagePowder,TrickRoom||||||50|,,,,,Dark]Gholdengo||ChoiceScarf|GoodasGold|MakeItRain,ShadowBall,PowerGem,Trick||||||50|,,,,,Flying
|j| Arkhept
|l| Arkhept
|l|☆WHERE IS MY WALLET
|player|p1|
|j|☆WHERE IS MY WALLET
|player|p1|WHERE IS MY WALLET|miku-fire|
|l|☆WHERE IS MY WALLET
|player|p1|
|j|☆WHERE IS MY WALLET
|player|p1|WHERE IS MY WALLET|miku-fire|
|l|☆WHERE IS MY WALLET
|player|p1|
|j|☆WHERE IS MY WALLET
|player|p1|WHERE IS MY WALLET|miku-fire|
|inactive|Battle timer is ON: inactive players will automatically lose when time's up. (requested by WHERE IS MY WALLET)
|
|t:|1756413700
|teamsize|p1|4
|teamsize|p2|4
|start
|switch|p1a: Garganacl|Garganacl, L50, M|100/100
|switch|p1b: Dondozo|Dondozo, L50, M|100/100
|switch|p2a: Archaludon|Archaludon, L50, F|100/100
|switch|p2b: Ursaluna|Ursaluna, L50, M|100/100
|turn|1
|l|☆WHERE IS MY WALLET
|inactive|WHERE IS MY WALLET disconnected and has a minute to reconnect!
|player|p1|
|j|☆WHERE IS MY WALLET
|inactive|WHERE IS MY WALLET reconnected and has 35 seconds left.
|player|p1|WHERE IS MY WALLET|miku-fire|
|inactive|WHERE IS MY WALLET has 30 seconds left.
|inactive|Yenabi has 30 seconds left.
|inactive|WHERE IS MY WALLET has 20 seconds left.
|inactive|WHERE IS MY WALLET has 15 seconds left.
|inactive|WHERE IS MY WALLET has 10 seconds left.
|
|t:|1756413746
|switch|p2a: Sinistcha|Sinistcha, L50|100/100
|-terastallize|p1a: Garganacl|Flying
|move|p2b: Ursaluna|Protect|p2b: Ursaluna
|-singleturn|p2b: Ursaluna|Protect
|move|p1b: Dondozo|Yawn|p2a: Sinistcha
|-start|p2a: Sinistcha|move: Yawn|[of] p1b: Dondozo
|move|p1a: Garganacl|Salt Cure|p2a: Sinistcha
|-damage|p2a: Sinistcha|88/100
|-start|p2a: Sinistcha|Salt Cure
|
|-damage|p2a: Sinistcha|76/100|[from] Salt Cure
|-status|p2b: Ursaluna|brn|[from] item: Flame Orb
|upkeep
|turn|2
|l|☆WHERE IS MY WALLET
|inactive|WHERE IS MY WALLET disconnected and has a minute to reconnect!
|player|p1|
|j|☆WHERE IS MY WALLET
|inactive|WHERE IS MY WALLET reconnected and has 35 seconds left.
|player|p1|WHERE IS MY WALLET|miku-fire|
|inactive|WHERE IS MY WALLET has 30 seconds left.
|inactive|Yenabi has 30 seconds left.
|inactive|Yenabi has 20 seconds left.
|inactive|Yenabi has 15 seconds left.
|inactive|WHERE IS MY WALLET has 20 seconds left.
|inactive|Yenabi has 10 seconds left.
|inactive|Yenabi has 5 seconds left.
|
|t:|1756413798
|switch|p2a: Archaludon|Archaludon, L50, F|100/100
|-terastallize|p2b: Ursaluna|Ghost
|move|p1b: Dondozo|Protect|p1b: Dondozo
|-singleturn|p1b: Dondozo|Protect
|move|p1a: Garganacl|Protect|p1a: Garganacl
|-singleturn|p1a: Garganacl|Protect
|move|p2b: Ursaluna|Facade|p1a: Garganacl
|-activate|p1a: Garganacl|move: Protect
|
|-damage|p2b: Ursaluna|94/100 brn|[from] brn
|upkeep
|turn|3
|l|☆WHERE IS MY WALLET
|inactive|WHERE IS MY WALLET disconnected and has a minute to reconnect!
|player|p1|
|j|☆WHERE IS MY WALLET
|inactive|WHERE IS MY WALLET reconnected and has 35 seconds left.
|player|p1|WHERE IS MY WALLET|miku-fire|
|inactive|WHERE IS MY WALLET has 30 seconds left.
|
|t:|1756413824
|switch|p1a: Tatsugiri|Tatsugiri, L50, M|100/100
|-activate|p1a: Tatsugiri|ability: Commander|[of] p1b: Dondozo
|-boost|p1b: Dondozo|atk|2
|-boost|p1b: Dondozo|spa|2
|-boost|p1b: Dondozo|spe|2
|-boost|p1b: Dondozo|def|2
|-boost|p1b: Dondozo|spd|2
|move|p1b: Dondozo|Order Up|p2b: Ursaluna
|-damage|p2b: Ursaluna|57/100 brn
|-boost|p1b: Dondozo|atk|1
|move|p2a: Archaludon|Body Press|p1b: Dondozo
|-damage|p1b: Dondozo|93/100
|move|p2b: Ursaluna|Facade|p1b: Dondozo
|-damage|p1b: Dondozo|54/100
|
|-heal|p1b: Dondozo|60/100|[from] item: Leftovers
|-damage|p2b: Ursaluna|51/100 brn|[from] brn
|upkeep
|turn|4
|l|☆WHERE IS MY WALLET
|inactive|WHERE IS MY WALLET disconnected and has a minute to reconnect!
|player|p1|
|j|☆WHERE IS MY WALLET
|inactive|WHERE IS MY WALLET reconnected and has 35 seconds left.
|player|p1|WHERE IS MY WALLET|miku-fire|
|inactive|WHERE IS MY WALLET has 30 seconds left.
|inactive|Yenabi has 30 seconds left.
|
|t:|1756413855
|switch|p2b: Pelipper|Pelipper, L50, F|100/100
|-weather|RainDance|[from] ability: Drizzle|[of] p2b: Pelipper
|move|p1b: Dondozo|Order Up|p2a: Archaludon
|-damage|p2a: Archaludon|68/100
|-ability|p2a: Archaludon|Stamina|boost
|-boost|p2a: Archaludon|def|1
|-boost|p1b: Dondozo|atk|1
|move|p2a: Archaludon|Electro Shot||[still]
|-prepare|p2a: Archaludon|Electro Shot
|-boost|p2a: Archaludon|spa|1
|-anim|p2a: Archaludon|Electro Shot|p1b: Dondozo
|-supereffective|p1b: Dondozo
|-damage|p1b: Dondozo|27/100
|
|-weather|RainDance|[upkeep]
|-heal|p1b: Dondozo|34/100|[from] item: Leftovers
|upkeep
|turn|5
|inactive|Yenabi has 30 seconds left.
|
|t:|1756413880
|move|p2b: Pelipper|Tailwind|p2b: Pelipper
|-sidestart|p2: Yenabi|move: Tailwind
|move|p2a: Archaludon|Electro Shot||[still]
|-prepare|p2a: Archaludon|Electro Shot
|-boost|p2a: Archaludon|spa|1
|-anim|p2a: Archaludon|Electro Shot|p1b: Dondozo
|-supereffective|p1b: Dondozo
|-damage|p1b: Dondozo|6/100
|move|p1b: Dondozo|Order Up|p2b: Pelipper
|-damage|p2b: Pelipper|16/100
|-boost|p1b: Dondozo|atk|1
|
|-weather|RainDance|[upkeep]
|-heal|p1b: Dondozo|12/100|[from] item: Leftovers
|upkeep
|turn|6
|inactive|Yenabi has 30 seconds left.
|
|t:|1756413907
|move|p1b: Dondozo|Protect|p1b: Dondozo
|-singleturn|p1b: Dondozo|Protect
|move|p2b: Pelipper|Hurricane|p1b: Dondozo
|-activate|p1b: Dondozo|move: Protect
|move|p2a: Archaludon|Electro Shot||[still]
|-prepare|p2a: Archaludon|Electro Shot
|-boost|p2a: Archaludon|spa|1
|-anim|p2a: Archaludon|Electro Shot|p1b: Dondozo
|-activate|p1b: Dondozo|move: Protect
|
|-weather|RainDance|[upkeep]
|-heal|p1b: Dondozo|19/100|[from] item: Leftovers
|upkeep
|turn|7
|
|t:|1756413928
|switch|p2b: Sinistcha|Sinistcha, L50|76/100
|-heal|p2a: Archaludon|93/100|[from] ability: Hospitality|[of] p2b: Sinistcha
|move|p1b: Dondozo|Protect||[still]
|-fail|p1b: Dondozo
|move|p2a: Archaludon|Electro Shot||[still]
|-prepare|p2a: Archaludon|Electro Shot
|-boost|p2a: Archaludon|spa|1
|-anim|p2a: Archaludon|Electro Shot|p1b: Dondozo
|-supereffective|p1b: Dondozo
|-damage|p1b: Dondozo|0 fnt
|faint|p1b: Dondozo
|
|-weather|RainDance|[upkeep]
|upkeep
|
|t:|1756413938
|switch|p1b: Garganacl|Garganacl, L50, M, tera:Flying|100/100
|turn|8
|l|☆WHERE IS MY WALLET
|inactive|WHERE IS MY WALLET disconnected and has a minute to reconnect!
|player|p1|
|inactive|Yenabi has 30 seconds left.
|
|t:|1756413963
|switch|p1a: Ninetales|Ninetales-Alola, L50, F|100/100
|-weather|Snowscape|[from] ability: Snow Warning|[of] p1a: Ninetales
|move|p2a: Archaludon|Body Press|p1a: Ninetales
|-damage|p1a: Ninetales|63/100
|move|p2b: Sinistcha|Matcha Gotcha|p1b: Garganacl|[spread] p1a,p1b
|-resisted|p1b: Garganacl
|-damage|p1a: Ninetales|34/100
|-heal|p2b: Sinistcha|88/100|[from] drain|[of] p1a: Ninetales
|-damage|p1b: Garganacl|92/100
|-heal|p2b: Sinistcha|93/100|[from] drain|[of] p1b: Garganacl
|-status|p1a: Ninetales|brn
|-enditem|p1b: Garganacl|Maranga Berry|[eat]
|-boost|p1b: Garganacl|spd|1|[from] item: Maranga Berry
|move|p1b: Garganacl|Stealth Rock|p2a: Archaludon
|-sidestart|p2: Yenabi|move: Stealth Rock
|
|-weather|Snowscape|[upkeep]
|-damage|p1a: Ninetales|29/100 brn|[from] brn
|-sideend|p2: Yenabi|move: Tailwind
|upkeep
|turn|9
|j|☆WHERE IS MY WALLET
|inactive|WHERE IS MY WALLET reconnected and has 55 seconds left.
|player|p1|WHERE IS MY WALLET|miku-fire|
|inactive|Yenabi has 30 seconds left.
|inactive|Yenabi has 20 seconds left.
|inactive|Yenabi has 15 seconds left.
|
|t:|1756414007
|switch|p2b: Pelipper|Pelipper, L50, F|16/100
|-damage|p2b: Pelipper|0 fnt|[from] Stealth Rock
|faint|p2b: Pelipper
|move|p1a: Ninetales|Protect|p1a: Ninetales
|-singleturn|p1a: Ninetales|Protect
|move|p2a: Archaludon|Flash Cannon|p1a: Ninetales
|-activate|p1a: Ninetales|move: Protect
|move|p1b: Garganacl|Salt Cure|p2a: Archaludon
|-resisted|p2a: Archaludon
|-damage|p2a: Archaludon|90/100
|-start|p2a: Archaludon|Salt Cure
|-ability|p2a: Archaludon|Stamina|boost
|-boost|p2a: Archaludon|def|1
|
|-weather|Snowscape|[upkeep]
|-damage|p1a: Ninetales|23/100 brn|[from] brn
|-damage|p2a: Archaludon|65/100|[from] Salt Cure
|upkeep
|l|☆WHERE IS MY WALLET
|inactive|WHERE IS MY WALLET disconnected and has a minute to reconnect!
|player|p1|
|
|t:|1756414029
|switch|p2b: Ursaluna|Ursaluna, L50, M, tera:Ghost|51/100 brn
|-damage|p2b: Ursaluna|38/100 brn|[from] Stealth Rock
|turn|10
|j|☆WHERE IS MY WALLET
|inactive|WHERE IS MY WALLET reconnected and has 45 seconds left.
|player|p1|WHERE IS MY WALLET|miku-fire|
|
|t:|1756414050
|move|p1a: Ninetales|Blizzard|p2b: Ursaluna|[spread] p2a,p2b
|-crit|p2b: Ursaluna
|-damage|p2a: Archaludon|40/100
|-damage|p2b: Ursaluna|0 fnt
|-ability|p2a: Archaludon|Stamina|boost
|-boost|p2a: Archaludon|def|1
|faint|p2b: Ursaluna
|move|p2a: Archaludon|Flash Cannon|p1a: Ninetales
|-supereffective|p1a: Ninetales
|-damage|p1a: Ninetales|0 fnt
|faint|p1a: Ninetales
|move|p1b: Garganacl|Salt Cure|p2a: Archaludon
|-resisted|p2a: Archaludon
|-damage|p2a: Archaludon|38/100
|-ability|p2a: Archaludon|Stamina|boost
|-boost|p2a: Archaludon|def|1
|
|-weather|Snowscape|[upkeep]
|-damage|p2a: Archaludon|13/100|[from] Salt Cure
|upkeep
|
|t:|1756414062
|switch|p1a: Tatsugiri|Tatsugiri, L50, M|100/100
|switch|p2b: Sinistcha|Sinistcha, L50|93/100
|-damage|p2b: Sinistcha|81/100|[from] Stealth Rock
|-heal|p2a: Archaludon|38/100|[from] ability: Hospitality|[of] p2b: Sinistcha
|turn|11
|inactive|Yenabi has 30 seconds left.
|inactive|Yenabi has 20 seconds left.
|
|t:|1756414101
|move|p2b: Sinistcha|Rage Powder|p2b: Sinistcha
|-singleturn|p2b: Sinistcha|move: Rage Powder
|move|p1a: Tatsugiri|Draco Meteor|p2b: Sinistcha
|-damage|p2b: Sinistcha|21/100
|-unboost|p1a: Tatsugiri|spa|2
|-enditem|p2b: Sinistcha|Sitrus Berry|[eat]
|-heal|p2b: Sinistcha|46/100|[from] item: Sitrus Berry
|move|p2a: Archaludon|Body Press|p1a: Tatsugiri
|-damage|p1a: Tatsugiri|0 fnt
|faint|p1a: Tatsugiri
|move|p1b: Garganacl|Salt Cure|p2b: Sinistcha
|-damage|p2b: Sinistcha|33/100
|-start|p2b: Sinistcha|Salt Cure
|
|-weather|Snowscape|[upkeep]
|-damage|p2a: Archaludon|13/100|[from] Salt Cure
|-damage|p2b: Sinistcha|20/100|[from] Salt Cure
|upkeep
|turn|12
|
|t:|1756414122
|move|p2a: Archaludon|Flash Cannon|p1b: Garganacl
|-damage|p1b: Garganacl|47/100
|move|p2b: Sinistcha|Life Dew|p2b: Sinistcha|[spread] p2a,p2b
|-heal|p2a: Archaludon|38/100
|-heal|p2b: Sinistcha|45/100
|move|p1b: Garganacl|Recover|p1b: Garganacl
|-heal|p1b: Garganacl|97/100
|
|-weather|none
|-damage|p2a: Archaludon|13/100|[from] Salt Cure
|-damage|p2b: Sinistcha|33/100|[from] Salt Cure
|upkeep
|turn|13
|
|t:|1756414134
|move|p2a: Archaludon|Flash Cannon|p1b: Garganacl
|-damage|p1b: Garganacl|56/100
|move|p2b: Sinistcha|Life Dew|p2b: Sinistcha|[spread] p2a,p2b
|-heal|p2a: Archaludon|38/100
|-heal|p2b: Sinistcha|58/100
|move|p1b: Garganacl|Salt Cure|p2a: Archaludon
|-resisted|p2a: Archaludon
|-damage|p2a: Archaludon|37/100
|-ability|p2a: Archaludon|Stamina|boost
|-boost|p2a: Archaludon|def|1
|
|-damage|p2a: Archaludon|12/100|[from] Salt Cure
|-damage|p2b: Sinistcha|46/100|[from] Salt Cure
|upkeep
|turn|14
|
|t:|1756414147
|move|p2a: Archaludon|Flash Cannon|p1b: Garganacl
|-damage|p1b: Garganacl|10/100
|move|p2b: Sinistcha|Life Dew|p2b: Sinistcha|[spread] p2a,p2b
|-heal|p2a: Archaludon|37/100
|-heal|p2b: Sinistcha|71/100
|move|p1b: Garganacl|Recover|p1b: Garganacl
|-heal|p1b: Garganacl|60/100
|
|-damage|p2a: Archaludon|12/100|[from] Salt Cure
|-damage|p2b: Sinistcha|59/100|[from] Salt Cure
|upkeep
|turn|15
|inactive|Yenabi has 30 seconds left.
|inactive|Yenabi has 20 seconds left.
|
|t:|1756414162
|move|p2a: Archaludon|Electro Shot||[still]
|-prepare|p2a: Archaludon|Electro Shot
|-boost|p2a: Archaludon|spa|1
|move|p2b: Sinistcha|Life Dew|p2b: Sinistcha|[spread] p2a,p2b
|-heal|p2a: Archaludon|37/100
|-heal|p2b: Sinistcha|84/100
|move|p1b: Garganacl|Recover|p1b: Garganacl
|-heal|p1b: Garganacl|100/100
|
|-damage|p2a: Archaludon|12/100|[from] Salt Cure
|-damage|p2b: Sinistcha|72/100|[from] Salt Cure
|upkeep
|turn|16
|inactive|Yenabi has 20 seconds left this turn.
|inactive|Yenabi has 15 seconds left.
|inactive|Yenabi has 10 seconds left.
|
|t:|1756414174
|move|p1b: Garganacl|Protect|p1b: Garganacl
|-singleturn|p1b: Garganacl|Protect
|move|p2a: Archaludon|Electro Shot|p1b: Garganacl|[from] lockedmove
|-activate|p1b: Garganacl|move: Protect
|move|p2b: Sinistcha|Life Dew|p2b: Sinistcha|[spread] p2a,p2b
|-heal|p2a: Archaludon|37/100
|-heal|p2b: Sinistcha|97/100
|
|-damage|p2a: Archaludon|12/100|[from] Salt Cure
|-damage|p2b: Sinistcha|85/100|[from] Salt Cure
|upkeep
|turn|17
|inactive|Yenabi has 10 seconds left this turn.
|
|t:|1756414178
|move|p2a: Archaludon|Electro Shot||[still]
|-prepare|p2a: Archaludon|Electro Shot
|-boost|p2a: Archaludon|spa|1
|move|p2b: Sinistcha|Life Dew|p2b: Sinistcha|[spread] p2a,p2b
|-heal|p2a: Archaludon|37/100
|-heal|p2b: Sinistcha|100/100
|move|p1b: Garganacl|Recover||[still]
|-fail|p1b: Garganacl|heal
|
|-damage|p2a: Archaludon|12/100|[from] Salt Cure
|-damage|p2b: Sinistcha|88/100|[from] Salt Cure
|upkeep
|turn|18
|inactive|Yenabi has 10 seconds left this turn.
|
|t:|1756414182
|move|p1b: Garganacl|Protect|p1b: Garganacl
|-singleturn|p1b: Garganacl|Protect
|move|p2a: Archaludon|Electro Shot|p1b: Garganacl|[from] lockedmove
|-activate|p1b: Garganacl|move: Protect
|move|p2b: Sinistcha|Life Dew|p2b: Sinistcha|[spread] p2a,p2b
|-heal|p2a: Archaludon|37/100
|-heal|p2b: Sinistcha|100/100
|
|-damage|p2a: Archaludon|12/100|[from] Salt Cure
|-damage|p2b: Sinistcha|88/100|[from] Salt Cure
|upkeep
|turn|19
|inactive|Yenabi has 10 seconds left this turn.
|
|t:|1756414190
|move|p2a: Archaludon|Flash Cannon|p1b: Garganacl
|-damage|p1b: Garganacl|43/100
|move|p2b: Sinistcha|Life Dew|p2b: Sinistcha|[spread] p2a,p2b
|-heal|p2a: Archaludon|37/100
|-heal|p2b: Sinistcha|100/100
|move|p1b: Garganacl|Recover|p1b: Garganacl
|-heal|p1b: Garganacl|93/100
|
|-damage|p2a: Archaludon|12/100|[from] Salt Cure
|-damage|p2b: Sinistcha|88/100|[from] Salt Cure
|upkeep
|turn|20
|inactive|Yenabi has 10 seconds left this turn.
|
|t:|1756414195
|move|p1b: Garganacl|Protect|p1b: Garganacl
|-singleturn|p1b: Garganacl|Protect
|move|p2a: Archaludon|Flash Cannon|p1b: Garganacl
|-activate|p1b: Garganacl|move: Protect
|move|p2b: Sinistcha|Life Dew|p2b: Sinistcha|[spread] p2a,p2b
|-heal|p2a: Archaludon|37/100
|-heal|p2b: Sinistcha|100/100
|
|-damage|p2a: Archaludon|12/100|[from] Salt Cure
|-damage|p2b: Sinistcha|88/100|[from] Salt Cure
|upkeep
|turn|21
|inactive|Yenabi has 10 seconds left this turn.
|
|t:|1756414198
|move|p2a: Archaludon|Flash Cannon|p1b: Garganacl
|-damage|p1b: Garganacl|32/100
|-unboost|p1b: Garganacl|spd|1
|move|p2b: Sinistcha|Life Dew|p2b: Sinistcha|[spread] p2a,p2b
|-heal|p2a: Archaludon|37/100
|-heal|p2b: Sinistcha|100/100
|move|p1b: Garganacl|Salt Cure|p2b: Sinistcha
|-damage|p2b: Sinistcha|88/100
|
|-damage|p2a: Archaludon|12/100|[from] Salt Cure
|-damage|p2b: Sinistcha|76/100|[from] Salt Cure
|upkeep
|turn|22
|inactive|Yenabi has 10 seconds left this turn.
|inactive|Yenabi has 5 seconds left.
|
|t:|1756414204
|move|p2a: Archaludon|Flash Cannon|p1b: Garganacl
|-damage|p1b: Garganacl|0 fnt
|faint|p1b: Garganacl
|
|win|Yenabi
|raw|WHERE IS MY WALLET's rating: 1126 → 1099(-27 for losing)
|raw|Yenabi's rating: 1097 → 1125(+28 for winning)
