|j|☆PickledogVGC
|j|☆ApolloLou
|html|PickledogVGCApolloLou    
|uhtml|bestof|Game 3 of a best-of-3
|t:|1756414663
|gametype|doubles
|player|p1|PickledogVGC|roughneck|
|player|p2|ApolloLou|birch|
|gen|9
|tier|[Gen 9] VGC 2025 Reg H (Bo3)
|rule|Species Clause: Limit one of each Pokémon
|rule|Item Clause: Limit 1 of each item
|clearpoke
|poke|p1|Toedscruel, L50, F|
|poke|p1|Weezing-Galar, L50, M|
|poke|p1|Kingambit, L50, F|
|poke|p1|Sneasler, L50, F|
|poke|p1|Ursaluna-Bloodmoon, L50, M|
|poke|p1|Incineroar, L50, M|
|poke|p2|Sneasler, L50, F|
|poke|p2|Indeedee, L50, M|
|poke|p2|Annihilape, L50, F|
|poke|p2|Electabuzz, L50, F|
|poke|p2|Hypno, L50, M|
|poke|p2|Ursaluna, L50, F|
|teampreview|4
|showteam|p1|Toedscruel||CovertCloak|MyceliumMight|Spore,EarthPower,AcidSpray,RagePowder|||F|||50|,,,,,Water]Weezing-Galar||ChoiceSpecs|NeutralizingGas|DazzlingGleam,SludgeBomb,StrangeSteam,Flamethrower|||M|||50|,,,,,Ghost]Kingambit||SafetyGoggles|Defiant|KowtowCleave,SuckerPunch,Protect,SwordsDance|||F|||50|,,,,,Flying]Sneasler||FocusSash|Unburden|FakeOut,DireClaw,ThroatChop,CloseCombat|||F|||50|,,,,,Stellar]Ursaluna-Bloodmoon||LifeOrb|MindsEye|HyperVoice,EarthPower,BloodMoon,Protect|||M|||50|,,,,,Ghost]Incineroar||AbilityShield|Intimidate|KnockOff,PartingShot,FlareBlitz,FakeOut|||M|||50|,,,,,Ghost
|showteam|p2|Sneasler||PsychicSeed|Unburden|DireClaw,Protect,ThroatChop,CloseCombat|||F|||50|,,,,,Dark]Indeedee||FocusSash|PsychicSurge|ExpandingForce,TrickRoom,TeraBlast,Protect|||M|||50|,,,,,Ground]Annihilape||SitrusBerry|Defiant|RageFist,DrainPunch,BulkUp,Protect|||F|||50|,,,,,Steel]Electabuzz||Eviolite|VitalSpirit|FollowMe,Electroweb,Protect,Taunt|||F|||50|,,,,,Fairy]Hypno||RoomService|Insomnia|ExpandingForce,Haze,Hex,TrickRoom|||M|||50|,,,,,Ghost]Ursaluna||FlameOrb|Guts|Facade,HeadlongRush,Earthquake,Protect|||F|||50|,,,,,Normal
|inactive|Battle timer is ON: inactive players will automatically lose when time's up. (requested by PickledogVGC)
|inactive|PickledogVGC has 60 seconds left.
|
|t:|1756414711
|teamsize|p1|4
|teamsize|p2|4
|start
|switch|p1a: Baguette?|Incineroar, L50, M|100/100
|switch|p1b: Ben|Weezing-Galar, L50, M, shiny|100/100
|switch|p2a: Indeedee|Indeedee, L50, M|100/100
|switch|p2b: Electabuzz|Electabuzz, L50, F|100/100
|-ability|p1b: Ben|Neutralizing Gas
|-block|p1a: Baguette?|item: Ability Shield
|-ability|p1a: Baguette?|Intimidate|boost
|-unboost|p2a: Indeedee|atk|1
|-unboost|p2b: Electabuzz|atk|1
|turn|1
|inactive|PickledogVGC has 30 seconds left.
|inactive|ApolloLou has 30 seconds left.
|inactive|PickledogVGC has 20 seconds left.
|
|t:|1756414750
|switch|p2b: Sneasler|Sneasler, L50, F|100/100
|move|p2a: Indeedee|Protect|p2a: Indeedee
|-singleturn|p2a: Indeedee|Protect
|move|p1a: Baguette?|Fake Out|p2a: Indeedee
|-activate|p2a: Indeedee|move: Protect
|move|p1b: Ben|Dazzling Gleam|p2a: Indeedee|[spread] p2b
|-activate|p2a: Indeedee|move: Protect
|-damage|p2b: Sneasler|50/100
|
|upkeep
|turn|2
|inactive|ApolloLou has 30 seconds left.
|
|t:|1756414776
|switch|p1a: PinkPonyClub|Sneasler, L50, F|100/100
|move|p2b: Sneasler|Dire Claw|p1b: Ben
|-damage|p1b: Ben|55/100
|move|p2a: Indeedee|Expanding Force|p1b: Ben
|-supereffective|p1b: Ben
|-damage|p1b: Ben|0 fnt
|faint|p1b: Ben
|-end|p1b: Ben|ability: Neutralizing Gas
|-fieldstart|move: Psychic Terrain|[from] ability: Psychic Surge|[of] p2a: Indeedee
|-enditem|p2b: Sneasler|Psychic Seed
|-boost|p2b: Sneasler|spd|1|[from] item: Psychic Seed
|
|upkeep
|inactive|PickledogVGC has 30 seconds left.
|
|t:|1756414809
|switch|p1b: Baguette?|Incineroar, L50, M|100/100
|-ability|p1b: Baguette?|Intimidate|boost
|-unboost|p2a: Indeedee|atk|1
|-unboost|p2b: Sneasler|atk|1
|turn|3
|inactive|PickledogVGC has 30 seconds left.
|
|t:|1756414842
|move|p2b: Sneasler|Dire Claw|p1a: PinkPonyClub
|-resisted|p1a: PinkPonyClub
|-damage|p1a: PinkPonyClub|73/100
|move|p1a: PinkPonyClub|Throat Chop|p2a: Indeedee
|-supereffective|p2a: Indeedee
|-crit|p2a: Indeedee
|-enditem|p2a: Indeedee|Focus Sash
|-damage|p2a: Indeedee|1/100
|-start|p2a: Indeedee|Throat Chop|[silent]
|move|p2a: Indeedee|Expanding Force|p1a: PinkPonyClub|[spread] p1a
|-immune|p1b: Baguette?
|-supereffective|p1a: PinkPonyClub
|-damage|p1a: PinkPonyClub|0 fnt
|faint|p1a: PinkPonyClub
|move|p1b: Baguette?|Knock Off|p2a: Indeedee
|-supereffective|p2a: Indeedee
|-damage|p2a: Indeedee|0 fnt
|faint|p2a: Indeedee
|
|upkeep
|
|t:|1756414865
|switch|p1a: Scooby Doo|Ursaluna-Bloodmoon, L50, M|100/100
|switch|p2a: Electabuzz|Electabuzz, L50, F|100/100
|turn|4
|inactive|PickledogVGC has 30 seconds left.
|
|t:|1756414896
|move|p2b: Sneasler|Protect|p2b: Sneasler
|-singleturn|p2b: Sneasler|Protect
|move|p1a: Scooby Doo|Protect|p1a: Scooby Doo
|-singleturn|p1a: Scooby Doo|Protect
|move|p2a: Electabuzz|Taunt|p1a: Scooby Doo
|-activate|p1a: Scooby Doo|move: Protect
|move|p1b: Baguette?|Knock Off|p2a: Electabuzz
|-damage|p2a: Electabuzz|60/100
|-enditem|p2a: Electabuzz|Eviolite|[from] move: Knock Off|[of] p1b: Baguette?
|
|upkeep
|turn|5
|inactive|PickledogVGC has 30 seconds left.
|
|t:|1756414921
|switch|p2b: Annihilape|Annihilape, L50, F|100/100
|-terastallize|p1a: Scooby Doo|Ghost
|move|p2a: Electabuzz|Taunt|p1a: Scooby Doo
|-start|p1a: Scooby Doo|move: Taunt
|move|p1a: Scooby Doo|Blood Moon|p2a: Electabuzz
|-damage|p2a: Electabuzz|0 fnt
|faint|p2a: Electabuzz
|-damage|p1a: Scooby Doo|91/100|[from] item: Life Orb
|move|p1b: Baguette?|Flare Blitz|p2b: Annihilape
|-damage|p2b: Annihilape|38/100
|-enditem|p2b: Annihilape|Sitrus Berry|[eat]
|-heal|p2b: Annihilape|62/100|[from] item: Sitrus Berry
|-damage|p1b: Baguette?|79/100|[from] Recoil
|
|upkeep
|
|t:|1756414937
|switch|p2a: Sneasler|Sneasler, L50, F|50/100
|turn|6
|
|t:|1756414955
|move|p2a: Sneasler|Close Combat|p1b: Baguette?
|-supereffective|p1b: Baguette?
|-damage|p1b: Baguette?|0 fnt
|-unboost|p2a: Sneasler|def|1
|-unboost|p2a: Sneasler|spd|1
|faint|p1b: Baguette?
|move|p2b: Annihilape|Rage Fist|p1a: Scooby Doo
|-supereffective|p1a: Scooby Doo
|-damage|p1a: Scooby Doo|13/100
|move|p1a: Scooby Doo|Hyper Voice|p2b: Annihilape|[spread] p2a,p2b
|-damage|p2a: Sneasler|0 fnt
|-damage|p2b: Annihilape|19/100
|faint|p2a: Sneasler
|-damage|p1a: Scooby Doo|3/100|[from] item: Life Orb
|
|-fieldend|move: Psychic Terrain
|upkeep
|turn|7
|
|t:|1756414971
|move|p2b: Annihilape|Rage Fist|p1a: Scooby Doo
|-supereffective|p1a: Scooby Doo
|-damage|p1a: Scooby Doo|0 fnt
|faint|p1a: Scooby Doo
|
|win|ApolloLou
|l|☆ApolloLou
|player|p2|
|j|☆ApolloLou
|player|p2|ApolloLou|birch|
|l|☆ApolloLou
|player|p2|
|l|☆PickledogVGC
|player|p1|
|j|☆PickledogVGC
|player|p1|PickledogVGC|roughneck|
