|j|☆MidoMidori
|j|☆pablittoo
|html|MidoMidoripablittoo    
|uhtml|bestof|Game 3 of a best-of-3
|t:|1756318350
|gametype|doubles
|player|p1|MidoMidori|roxanne-gen6|1266
|player|p2|pablittoo|blackbelt-gen4dp|1316
|gen|9
|tier|[Gen 9] VGC 2025 Reg H (Bo3)
|rated|
|rule|Species Clause: Limit one of each Pokémon
|rule|Item Clause: Limit 1 of each item
|clearpoke
|poke|p1|Sneasler, L50, M|
|poke|p1|Indeedee, L50, M|
|poke|p1|Volcarona, L50, M|
|poke|p1|Ursaluna-Bloodmoon, L50, M|
|poke|p1|Annihilape, L50, M|
|poke|p1|Tyranitar, L50, M|
|poke|p2|Dragonite, L50, F|
|poke|p2|Ursaluna-Bloodmoon, L50, M|
|poke|p2|Electabuzz, L50, M|
|poke|p2|Indeedee, L50, M|
|poke|p2|Sneasler, L50, F|
|poke|p2|Annihilape, L50, M|
|teampreview|4
|showteam|p1|Sneasler||PsychicSeed|Unburden|CloseCombat,DireClaw,ThroatChop,Protect|||M|||50|,,,,,Dark]Indeedee||ChoiceScarf|PsychicSurge|ExpandingForce,TeraBlast,Trick,Protect|||M|||50|,,,,,Psychic]Volcarona||SitrusBerry|FlameBody|Overheat,StruggleBug,RagePowder,Tailwind|||M|||50|,,,,,Grass]Ursaluna-Bloodmoon||LifeOrb|MindsEye|BloodMoon,HyperVoice,EarthPower,Protect|||M|||50|,,,,,Normal]Annihilape||SafetyGoggles|Defiant|CloseCombat,RageFist,Taunt,FinalGambit|||M|||50|,,,,,Fairy]Tyranitar||AssaultVest|SandStream|RockSlide,KnockOff,TeraBlast,LowKick|||M|||50|,,,,,Flying
|showteam|p2|Dragonite||LoadedDice|Multiscale|ScaleShot,Tailwind,Protect,Haze|||F|||50|,,,,,Fairy]Ursaluna-Bloodmoon||LifeOrb|MindsEye|BloodMoon,HyperVoice,Protect,EarthPower|||M|||50|,,,,,Normal]Electabuzz||Eviolite|VitalSpirit|FollowMe,Taunt,Protect,Electroweb|||M|||50|,,,,,Fairy]Indeedee||FocusSash|PsychicSurge|ExpandingForce,Imprison,Protect,TrickRoom|||M|||50|,,,,,Psychic]Sneasler||PsychicSeed|Unburden|DireClaw,CloseCombat,Protect,ThroatChop|||F|||50|,,,,,Dark]Annihilape||ChoiceScarf|Defiant|FinalGambit,Uturn,CloseCombat,ShadowClaw|||M|||50|,,,,,Grass
|
|t:|1756318392
|teamsize|p1|4
|teamsize|p2|4
|start
|switch|p1a: Volcarona|Volcarona, L50, M|100/100
|switch|p1b: Ursaluna|Ursaluna-Bloodmoon, L50, M|100/100
|switch|p2a: Electabuzz|Electabuzz, L50, M|100/100
|switch|p2b: Sneasler|Sneasler, L50, F|100/100
|turn|1
|
|t:|1756318400
|move|p1b: Ursaluna|Protect|p1b: Ursaluna
|-singleturn|p1b: Ursaluna|Protect
|move|p2b: Sneasler|Dire Claw|p1a: Volcarona
|-damage|p1a: Volcarona|45/100
|-status|p2b: Sneasler|brn|[from] ability: Flame Body|[of] p1a: Volcarona
|-enditem|p1a: Volcarona|Sitrus Berry|[eat]
|-heal|p1a: Volcarona|70/100|[from] item: Sitrus Berry
|move|p1a: Volcarona|Tailwind|p1a: Volcarona
|-sidestart|p1: MidoMidori|move: Tailwind
|move|p2a: Electabuzz|Taunt|p1a: Volcarona
|-start|p1a: Volcarona|move: Taunt
|
|-damage|p2b: Sneasler|95/100 brn|[from] brn
|upkeep
|turn|2
|
|t:|1756318416
|switch|p2a: Dragonite|Dragonite, L50, F|100/100
|-terastallize|p1b: Ursaluna|Normal
|move|p1a: Volcarona|Overheat|p2b: Sneasler
|-damage|p2b: Sneasler|19/100 brn
|-unboost|p1a: Volcarona|spa|2
|move|p1b: Ursaluna|Blood Moon|p2b: Sneasler
|-damage|p2b: Sneasler|0 fnt
|faint|p2b: Sneasler
|-damage|p1b: Ursaluna|91/100|[from] item: Life Orb
|
|upkeep
|
|t:|1756318439
|switch|p2b: Electabuzz|Electabuzz, L50, M|100/100
|turn|3
|
|t:|1756318444
|move|p2b: Electabuzz|Protect|p2b: Electabuzz
|-singleturn|p2b: Electabuzz|Protect
|move|p1a: Volcarona|Struggle Bug|p2b: Electabuzz|[spread] p2a
|-activate|p2b: Electabuzz|move: Protect
|-resisted|p2a: Dragonite
|-damage|p2a: Dragonite|98/100
|-unboost|p2a: Dragonite|spa|1
|move|p1b: Ursaluna|Hyper Voice|p2b: Electabuzz|[spread] p2a
|-activate|p2b: Electabuzz|move: Protect
|-damage|p2a: Dragonite|26/100
|-damage|p1b: Ursaluna|81/100|[from] item: Life Orb
|move|p2a: Dragonite|Scale Shot|p1b: Ursaluna
|-crit|p1b: Ursaluna
|-damage|p1b: Ursaluna|62/100
|-damage|p1b: Ursaluna|51/100
|-damage|p1b: Ursaluna|40/100
|-damage|p1b: Ursaluna|28/100
|-damage|p1b: Ursaluna|17/100
|-hitcount|p1b: Ursaluna|5
|-unboost|p2a: Dragonite|def|1
|-boost|p2a: Dragonite|spe|1
|
|upkeep
|turn|4
|
|t:|1756318463
|-terastallize|p2b: Electabuzz|Fairy
|move|p2a: Dragonite|Protect|p2a: Dragonite
|-singleturn|p2a: Dragonite|Protect
|move|p1a: Volcarona|Struggle Bug|p2a: Dragonite|[spread] p2b
|-activate|p2a: Dragonite|move: Protect
|-resisted|p2b: Electabuzz
|-damage|p2b: Electabuzz|97/100
|-unboost|p2b: Electabuzz|spa|1
|move|p1b: Ursaluna|Hyper Voice|p2a: Dragonite|[spread] p2b
|-activate|p2a: Dragonite|move: Protect
|-damage|p2b: Electabuzz|35/100
|-damage|p1b: Ursaluna|7/100|[from] item: Life Orb
|move|p2b: Electabuzz|Electroweb|p1b: Ursaluna|[spread] p1a,p1b
|-damage|p1a: Volcarona|61/100
|-damage|p1b: Ursaluna|0 fnt
|-unboost|p1a: Volcarona|spe|1
|faint|p1b: Ursaluna
|
|-end|p1a: Volcarona|move: Taunt
|-sideend|p1: MidoMidori|move: Tailwind
|upkeep
|
|t:|1756318471
|switch|p1b: Indeedee|Indeedee, L50, M|100/100
|-fieldstart|move: Psychic Terrain|[from] ability: Psychic Surge|[of] p1b: Indeedee
|turn|5
|
|t:|1756318491
|move|p2a: Dragonite|Protect||[still]
|-fail|p2a: Dragonite
|move|p1b: Indeedee|Expanding Force|p2a: Dragonite|[spread] p2a,p2b
|-crit|p2b: Electabuzz
|-damage|p2a: Dragonite|0 fnt
|-damage|p2b: Electabuzz|0 fnt
|faint|p2a: Dragonite
|faint|p2b: Electabuzz
|move|p1a: Volcarona|Overheat|p2: Dragonite|[notarget]
|-fail|p1a: Volcarona
|
|upkeep
|
|t:|1756318496
|switch|p2b: Indeedee|Indeedee, L50, M|100/100
|turn|6
|
|t:|1756318499
|move|p1b: Indeedee|Expanding Force|p2b: Indeedee
|-resisted|p2b: Indeedee
|-damage|p2b: Indeedee|48/100
|move|p2b: Indeedee|Expanding Force|p1b: Indeedee|[spread] p1a,p1b
|-resisted|p1b: Indeedee
|-damage|p1a: Volcarona|12/100
|-damage|p1b: Indeedee|66/100
|move|p1a: Volcarona|Struggle Bug|p2b: Indeedee
|-supereffective|p2b: Indeedee
|-damage|p2b: Indeedee|15/100
|-unboost|p2b: Indeedee|spa|1
|
|upkeep
|turn|7
|-message|pablittoo forfeited.
|
|win|MidoMidori
|raw|MidoMidori's rating: 1266 → 1295(+29 for winning)
|raw|pablittoo's rating: 1316 → 1293(-23 for losing)
|l|☆pablittoo
|player|p2|
