|j|☆RUSH-PANG
|j|☆Harry Hard TR
|html|RUSH-PANGHarry Hard TR    
|uhtml|bestof|Game 3 of a best-of-3
|t:|1785474492
|gametype|doubles
|player|p1|RUSH-PANG|2|1164
|player|p2|Harry Hard TR|lass-gen8|1172
|gen|9
|tier|[Gen 9 Champions] VGC 2026 Reg M-B (Bo3)
|rated|
|rule|Species Clause: Limit one of each Pokémon
|rule|Item Clause: Limit 1 of each item
|clearpoke
|poke|p1|Chandelure, L50, F|
|poke|p1|Hawlucha, L50, M|
|poke|p1|Sinistcha, L50|
|poke|p1|Incineroar, L50, F|
|poke|p1|Snorlax, L50, F|
|poke|p1|Primarina, L50, F|
|poke|p2|Gardevoir, L50, M|
|poke|p2|Meowstic, L50, M|
|poke|p2|Archaludon, L50, F|
|poke|p2|Pelipper, L50, F|
|poke|p2|Zoroark-Hisui, L50, F|
|poke|p2|Swampert, L50, F|
|teampreview|4
|showteam|p1|Chandelure||Chandelurite|Infiltrator|Protect,EnergyBall,ShadowBall,HeatWave|Modest||F|||50|]Hawlucha||Hawluchanite|Limber|Entrainment,BraveBird,CloseCombat,Detect|Jolly||M|||50|]Sinistcha||FocusSash|Hospitality|RagePowder,MatchaGotcha,TrickRoom,Protect|Modest|||||50|]Incineroar||SitrusBerry|Intimidate|FakeOut,PartingShot,DarkestLariat,FlareBlitz|Adamant||F|||50|]Snorlax||Leftovers|ThickFat|Stockpile,Protect,Fissure,BodyPress|Relaxed||F|||50|]Primarina||LifeOrb|LiquidVoice|HyperVoice,Moonblast,Protect,IceBeam|Modest||F|||50|
|showteam|p2|Gardevoir||Gardevoirite|Synchronize|Protect,HyperVoice,ExpandingForce,AuraSphere|Modest||M|||50|]Meowstic||LightClay|Prankster|PsychicNoise,PsychicTerrain,LightScreen,Reflect|Bold||M|||50|]Archaludon||Leftovers|Stamina|Protect,DragonPulse,FlashCannon,ElectroShot|Calm||F|||50|]Pelipper||SitrusBerry|Drizzle|WideGuard,WeatherBall,Hurricane,Tailwind|Bold||F|||50|]Zoroark-Hisui||FocusSash|Illusion|Protect,BitterMalice,IcyWind,Taunt|Timid||F|||50|]Swampert||Swampertite|Torrent|Protect,WaveCrash,Earthquake,IcePunch|Adamant||F|||50|
|
|t:|1785474536
|teamsize|p1|4
|teamsize|p2|4
|start
|switch|p1a: Sinistcha|Sinistcha, L50|100/100
|switch|p1b: Hawlucha|Hawlucha, L50, M|100/100
|switch|p2a: Swampert|Swampert, L50, F|100/100
|switch|p2b: Archaludon|Archaludon, L50, F|100/100
|turn|1
|
|t:|1785474574
|switch|p1a: Snorlax|Snorlax, L50, F|100/100
|detailschange|p1b: Hawlucha|Hawlucha-Mega, L50, M
|-mega|p1b: Hawlucha|Hawlucha|Hawluchanite
|detailschange|p2a: Swampert|Swampert-Mega, L50, F
|-mega|p2a: Swampert|Swampert|Swampertite
|move|p1b: Hawlucha|Entrainment|p1a: Snorlax
|-ability|p1a: Snorlax|No Guard|Thick Fat|[from] move: Entrainment|[of] p1b: Hawlucha
|move|p2b: Archaludon|Bitter Malice|p1a: Snorlax
|-immune|p1a: Snorlax
|move|p2a: Swampert|Wave Crash|p1b: Hawlucha
|-damage|p1b: Hawlucha|13/100
|-damage|p2a: Swampert|74/100|[from] Recoil
|
|upkeep
|turn|2
|
|t:|1785474600
|switch|p2a: Pelipper|Pelipper, L50, F|100/100
|-weather|RainDance|[from] ability: Drizzle|[of] p2a: Pelipper
|move|p1b: Hawlucha|Brave Bird|p2b: Archaludon
|-enditem|p2b: Archaludon|Focus Sash
|-damage|p2b: Archaludon|1/100
|replace|p2b: Zoroark|Zoroark-Hisui, L50, F
|-end|p2b: Zoroark|Illusion
|-damage|p1b: Hawlucha|0 fnt|[from] Recoil
|faint|p1b: Hawlucha
|move|p2b: Zoroark|Icy Wind|p1a: Snorlax
|-damage|p1a: Snorlax|87/100
|-unboost|p1a: Snorlax|spe|1
|move|p1a: Snorlax|Fissure|p2a: Pelipper
|-immune|p2a: Pelipper
|
|-weather|RainDance|[upkeep]
|-heal|p1a: Snorlax|93/100|[from] item: Leftovers
|upkeep
|
|t:|1785474610
|switch|p1b: Sinistcha|Sinistcha, L50|100/100
|-heal|p1a: Snorlax|100/100|[from] ability: Hospitality|[of] p1b: Sinistcha
|turn|3
|
|t:|1785474619
|move|p2b: Zoroark|Taunt|p1b: Sinistcha
|-start|p1b: Sinistcha|move: Taunt
|move|p2a: Pelipper|Hurricane|p1b: Sinistcha
|-supereffective|p1b: Sinistcha|1
|-damage|p1b: Sinistcha|32/100
|move|p1a: Snorlax|Stockpile|p1a: Snorlax
|-start|p1a: Snorlax|stockpile1
|-boost|p1a: Snorlax|def|1
|-boost|p1a: Snorlax|spd|1
|cant|p1b: Sinistcha|move: Taunt|Trick Room
|
|-weather|RainDance|[upkeep]
|upkeep
|turn|4
|
|t:|1785474639
|move|p2b: Zoroark|Taunt|p1a: Snorlax
|-start|p1a: Snorlax|move: Taunt
|move|p1b: Sinistcha|Matcha Gotcha|p2a: Pelipper|[spread] p2a,p2b
|-damage|p2a: Pelipper|69/100
|-heal|p1b: Sinistcha|47/100|[from] drain|[of] p2a: Pelipper
|-damage|p2b: Zoroark|0 fnt
|-heal|p1b: Sinistcha|47/100|[from] drain|[of] p2b: Zoroark
|faint|p2b: Zoroark
|move|p2a: Pelipper|Hurricane|p1b: Sinistcha
|-supereffective|p1b: Sinistcha|1
|-damage|p1b: Sinistcha|0 fnt
|faint|p1b: Sinistcha
|cant|p1a: Snorlax|move: Taunt|Stockpile
|
|-weather|RainDance|[upkeep]
|upkeep
|
|t:|1785474653
|switch|p2b: Archaludon|Archaludon, L50, F|100/100
|switch|p1b: Incineroar|Incineroar, L50, F|100/100
|-ability|p1b: Incineroar|Intimidate|boost
|-unboost|p2a: Pelipper|atk|1
|-unboost|p2b: Archaludon|atk|1
|turn|5
|
|t:|1785474663
|move|p2b: Archaludon|Protect|p2b: Archaludon
|-singleturn|p2b: Archaludon|Protect
|move|p1b: Incineroar|Fake Out|p2a: Pelipper
|-damage|p2a: Pelipper|56/100
|cant|p2a: Pelipper|flinch
|move|p1a: Snorlax|Fissure|p2b: Archaludon
|-activate|p2b: Archaludon|move: Protect
|
|-weather|RainDance|[upkeep]
|upkeep
|turn|6
|
|t:|1785474682
|switch|p2a: Swampert|Swampert-Mega, L50, F|74/100
|move|p2b: Archaludon|Electro Shot||[still]
|-prepare|p2b: Archaludon|Electro Shot
|-boost|p2b: Archaludon|spa|1
|-anim|p2b: Archaludon|Electro Shot|p1a: Snorlax
|-damage|p1a: Snorlax|77/100
|move|p1b: Incineroar|Darkest Lariat|p2a: Swampert
|-damage|p2a: Swampert|35/100
|move|p1a: Snorlax|Fissure|p2b: Archaludon
|-damage|p2b: Archaludon|0 fnt
|faint|p2b: Archaludon
|-ohko
|
|-weather|none
|-heal|p1a: Snorlax|83/100|[from] item: Leftovers
|-end|p1a: Snorlax|move: Taunt
|upkeep
|
|t:|1785474689
|switch|p2b: Pelipper|Pelipper, L50, F|56/100
|-weather|RainDance|[from] ability: Drizzle|[of] p2b: Pelipper
|turn|7
|
|t:|1785474727
|move|p2a: Swampert|Wave Crash|p1a: Snorlax
|-damage|p1a: Snorlax|34/100
|-damage|p2a: Swampert|12/100|[from] Recoil
|move|p2b: Pelipper|Weather Ball|p1a: Snorlax
|-damage|p1a: Snorlax|11/100
|move|p1b: Incineroar|Darkest Lariat|p2a: Swampert
|-damage|p2a: Swampert|0 fnt
|faint|p2a: Swampert
|move|p1a: Snorlax|Fissure|p2b: Pelipper
|-immune|p2b: Pelipper
|
|-weather|RainDance|[upkeep]
|-heal|p1a: Snorlax|17/100|[from] item: Leftovers
|upkeep
|turn|8
|
|t:|1785474743
|move|p2b: Pelipper|Weather Ball|p1b: Incineroar
|-supereffective|p1b: Incineroar|1
|-damage|p1b: Incineroar|6/100
|-enditem|p1b: Incineroar|Sitrus Berry|[eat]
|-heal|p1b: Incineroar|31/100|[from] item: Sitrus Berry
|move|p1b: Incineroar|Darkest Lariat|p2b: Pelipper
|-damage|p2b: Pelipper|13/100
|-enditem|p2b: Pelipper|Sitrus Berry|[eat]
|-heal|p2b: Pelipper|37/100|[from] item: Sitrus Berry
|move|p1a: Snorlax|Body Press|p2b: Pelipper
|-resisted|p2b: Pelipper|1
|-crit|p2b: Pelipper
|-damage|p2b: Pelipper|17/100
|
|-weather|RainDance|[upkeep]
|-heal|p1a: Snorlax|23/100|[from] item: Leftovers
|upkeep
|turn|9
|
|t:|1785474769
|move|p2b: Pelipper|Weather Ball|p1b: Incineroar
|-supereffective|p1b: Incineroar|1
|-damage|p1b: Incineroar|0 fnt
|faint|p1b: Incineroar
|move|p1a: Snorlax|Body Press|p2b: Pelipper
|-resisted|p2b: Pelipper|1
|-damage|p2b: Pelipper|1/100
|
|-weather|RainDance|[upkeep]
|-heal|p1a: Snorlax|29/100|[from] item: Leftovers
|upkeep
|turn|10
|
|t:|1785474778
|move|p1a: Snorlax|Protect|p1a: Snorlax
|-singleturn|p1a: Snorlax|Protect
|move|p2b: Pelipper|Weather Ball|p1a: Snorlax
|-activate|p1a: Snorlax|move: Protect
|
|-weather|RainDance|[upkeep]
|-heal|p1a: Snorlax|35/100|[from] item: Leftovers
|upkeep
|turn|11
|
|t:|1785474790
|move|p2b: Pelipper|Hurricane|p1a: Snorlax
|-damage|p1a: Snorlax|20/100y
|-start|p1a: Snorlax|confusion
|-activate|p1a: Snorlax|confusion
|move|p1a: Snorlax|Body Press|p2b: Pelipper
|-resisted|p2b: Pelipper|1
|-damage|p2b: Pelipper|0 fnt
|faint|p2b: Pelipper
|
|win|RUSH-PANG
|raw|RUSH-PANG's rating: 1164 → 1190(+26 for winning)
|raw|Harry Hard TR's rating: 1172 → 1146(-26 for losing)
