|j|☆zaharba
|j|☆Straxll
|html|zaharbaStraxll    
|uhtml|bestof|Game 1 of a best-of-3
|t:|1783533598
|gametype|doubles
|player|p1|zaharba|170|1153
|player|p2|Straxll|rocketgrunt|1023
|gen|9
|tier|[Gen 9 Champions] VGC 2026 Reg M-B (Bo3)
|rated|
|rule|Species Clause: Limit one of each Pokémon
|rule|Item Clause: Limit 1 of each item
|clearpoke
|poke|p1|Raichu, L50, M, shiny|
|poke|p1|Vivillon, L50, F|
|poke|p1|Ninetales-Alola, L50, F, shiny|
|poke|p1|Tyranitar, L50, M|
|poke|p1|Basculegion-F, L50, F|
|poke|p1|Talonflame, L50, M|
|poke|p2|Charizard, L50, F|
|poke|p2|Staraptor, L50, M|
|poke|p2|Gholdengo, L50|
|poke|p2|Whimsicott, L50, F|
|poke|p2|Garchomp, L50, M|
|poke|p2|Basculegion, L50, M|
|teampreview|4
|showteam|p1|Raichu||RaichuniteY|LightningRod|FocusBlast,ZapCannon,UpperHand,FakeOut|Timid||M|||50|]Vivillon||ChoiceScarf|CompoundEyes|SleepPowder,RagePowder,Hurricane,Tailwind|Timid||F|||50|]Ninetales-Alola||NeverMeltIce|SnowWarning|Protect,FreezeDry,Blizzard,Encore|Timid||F|||50|]Tyranitar||FocusSash|SandStream|RockSlide,HighHorsepower,Protect,DragonDance|Jolly||M|||50|]Basculegion-F||SpellTag|Adaptability|Protect,Hex,HydroPump,MuddyWater|Modest||F|||50|]Talonflame||LifeOrb|GaleWings|Whirlwind,BraveBird,Overheat,Tailwind|Naive||M|||50|
|showteam|p2|Charizard||CharizarditeY|Blaze|HeatWave,Protect,SolarBeam,WeatherBall|Timid||F|||50|]Staraptor||Staraptite|Intimidate|Protect,Roost,DualWingbeat,CloseCombat|Adamant||M|||50|]Gholdengo||ChoiceScarf|GoodasGold|ShadowBall,MakeItRain,Trick,PowerGem|Timid|||||50|]Whimsicott||FocusSash|Prankster|Protect,Tailwind,Charm,Moonblast|Bold||F|||50|]Garchomp||LifeOrb|RoughSkin|RockSlide,DragonClaw,EarthPower,Protect|Naive||M|||50|]Basculegion||MysticWater|Adaptability|Protect,AquaJet,LastRespects,WaveCrash|Adamant||M|||50|
|inactive|Battle timer is ON: inactive players will automatically lose when time's up. (requested by zaharba)
|inactive|zaharba has 60 seconds left.
|inactive|Straxll has 60 seconds left.
|inactive|zaharba has 30 seconds left.
|inactive|zaharba has 20 seconds left.
|inactive|zaharba has 15 seconds left.
|
|t:|1783533678
|teamsize|p1|4
|teamsize|p2|4
|start
|switch|p1a: Raichu|Raichu, L50, M, shiny|100/100
|switch|p1b: Talonflame|Talonflame, L50, M|100/100
|switch|p2a: Staraptor|Staraptor, L50, M|100/100
|switch|p2b: Whimsicott|Whimsicott, L50, F|100/100
|-ability|p2a: Staraptor|Intimidate|boost
|-unboost|p1a: Raichu|atk|1
|-unboost|p1b: Talonflame|atk|1
|turn|1
|inactive|zaharba has 30 seconds left.
|inactive|Straxll has 30 seconds left.
|inactive|zaharba has 20 seconds left.
|inactive|Straxll has 20 seconds left.
|
|t:|1783533718
|switch|p2b: Garchomp|Garchomp, L50, M|100/100
|detailschange|p1a: Raichu|Raichu-Mega-Y, L50, M, shiny
|-mega|p1a: Raichu|Raichu|Raichunite Y
|detailschange|p2a: Staraptor|Staraptor-Mega, L50, M
|-mega|p2a: Staraptor|Staraptor|Staraptite
|move|p1a: Raichu|Fake Out|p2b: Garchomp
|-crit|p2b: Garchomp
|-damage|p2b: Garchomp|86/100
|-damage|p1a: Raichu|88/100|[from] ability: Rough Skin|[of] p2b: Garchomp
|move|p1b: Talonflame|Tailwind|p1b: Talonflame
|-sidestart|p1: zaharba|move: Tailwind
|move|p2a: Staraptor|Close Combat|p1a: Raichu
|-damage|p1a: Raichu|0 fnt
|-boost|p2a: Staraptor|def|1
|-boost|p2a: Staraptor|spd|1
|faint|p1a: Raichu
|
|upkeep
|
|t:|1783533733
|switch|p1a: Ninetales|Ninetales-Alola, L50, F, shiny|100/100
|-weather|Snowscape|[from] ability: Snow Warning|[of] p1a: Ninetales
|turn|2
|inactive|Straxll has 30 seconds left.
|inactive|Straxll has 20 seconds left.
|inactive|Straxll has 15 seconds left.
|inactive|Straxll has 10 seconds left.
|inactive|Straxll has 5 seconds left.
|
|t:|1783533788
|move|p1a: Ninetales|Protect|p1a: Ninetales
|-singleturn|p1a: Ninetales|Protect
|move|p2a: Staraptor|Protect|p2a: Staraptor
|-singleturn|p2a: Staraptor|Protect
|move|p1b: Talonflame|Brave Bird|p2a: Staraptor
|-activate|p2a: Staraptor|move: Protect
|move|p2b: Garchomp|Rock Slide|p1b: Talonflame|[spread] p1b
|-activate|p1a: Ninetales|move: Protect
|-supereffective|p1b: Talonflame|2
|-damage|p1b: Talonflame|0 fnt
|faint|p1b: Talonflame
|-damage|p2b: Garchomp|77/100|[from] item: Life Orb
|
|-weather|Snowscape|[upkeep]
|upkeep
|
|t:|1783533802
|switch|p1b: Basculegion|Basculegion-F, L50, F|100/100
|turn|3
|
|t:|1783533815
|move|p2b: Garchomp|Protect|p2b: Garchomp
|-singleturn|p2b: Garchomp|Protect
|move|p1a: Ninetales|Blizzard|p2b: Garchomp|[spread] p2a
|-activate|p2b: Garchomp|move: Protect
|-supereffective|p2a: Staraptor|1
|-damage|p2a: Staraptor|54/100
|move|p1b: Basculegion|Muddy Water|p2a: Staraptor|[spread] p2a
|-activate|p2b: Garchomp|move: Protect
|-damage|p2a: Staraptor|27/100
|move|p2a: Staraptor|Close Combat|p1a: Ninetales
|-damage|p1a: Ninetales|25/100
|-boost|p2a: Staraptor|def|1
|-boost|p2a: Staraptor|spd|1
|
|-weather|Snowscape|[upkeep]
|upkeep
|turn|4
|
|t:|1783533840
|switch|p2b: Whimsicott|Whimsicott, L50, F|100/100
|switch|p2a: Gholdengo|Gholdengo, L50|100/100
|move|p1a: Ninetales|Blizzard|p2a: Gholdengo|[spread] p2a,p2b
|-resisted|p2a: Gholdengo|1
|-supereffective|p2b: Whimsicott|1
|-damage|p2a: Gholdengo|78/100
|-enditem|p2b: Whimsicott|Focus Sash
|-damage|p2b: Whimsicott|1/100
|-status|p2b: Whimsicott|frz
|move|p1b: Basculegion|Muddy Water|p2a: Gholdengo|[spread] p2a,p2b
|-resisted|p2b: Whimsicott|1
|-damage|p2a: Gholdengo|28/100
|-damage|p2b: Whimsicott|0 fnt
|faint|p2b: Whimsicott
|
|-weather|Snowscape|[upkeep]
|-sideend|p1: zaharba|move: Tailwind
|upkeep
|
|t:|1783533864
|switch|p2b: Garchomp|Garchomp, L50, M|77/100
|turn|5
|
|t:|1783533887
|move|p1a: Ninetales|Protect|p1a: Ninetales
|-singleturn|p1a: Ninetales|Protect
|move|p2b: Garchomp|Protect|p2b: Garchomp
|-singleturn|p2b: Garchomp|Protect
|move|p2a: Gholdengo|Make It Rain|p1b: Basculegion|[spread] p1b
|-activate|p1a: Ninetales|move: Protect
|-resisted|p1b: Basculegion|1
|-damage|p1b: Basculegion|74/100
|-unboost|p2a: Gholdengo|spa|2
|move|p1b: Basculegion|Muddy Water|p2b: Garchomp|[spread] p2a
|-activate|p2b: Garchomp|move: Protect
|-damage|p2a: Gholdengo|0 fnt
|faint|p2a: Gholdengo
|
|-weather|Snowscape|[upkeep]
|upkeep
|
|t:|1783533906
|switch|p2a: Staraptor|Staraptor-Mega, L50, M|27/100
|turn|6
|
|t:|1783533926
|move|p2b: Garchomp|Protect|p2b: Garchomp
|-singleturn|p2b: Garchomp|Protect
|move|p1a: Ninetales|Blizzard|p2a: Staraptor|[spread] p2a
|-activate|p2b: Garchomp|move: Protect
|-supereffective|p2a: Staraptor|1
|-damage|p2a: Staraptor|0 fnt
|faint|p2a: Staraptor
|move|p1b: Basculegion|Muddy Water|p2b: Garchomp
|-activate|p2b: Garchomp|move: Protect
|
|-weather|none
|upkeep
|turn|7
|
|t:|1783533948
|move|p1a: Ninetales|Freeze-Dry|p2b: Garchomp
|-supereffective|p2b: Garchomp|2
|-damage|p2b: Garchomp|0 fnt
|faint|p2b: Garchomp
|
|win|zaharba
||zaharba is ready for game 2.
|inactive|Straxll has 30 seconds to confirm battle start!
|inactive|Straxll has 20 seconds to confirm battle start!
|inactive|Straxll has 10 seconds to confirm battle start!
|uhtml|next|Next: Game 2 of 3
