|j|☆StonyJLover
|j|☆xdi8723
|html|StonyJLoverxdi8723    
|uhtml|bestof|Game 1 of a best-of-3
|t:|1785879695
|gametype|doubles
|player|p1|StonyJLover|roark|1007
|player|p2|xdi8723|265|1087
|gen|9
|tier|[Gen 9 Champions] VGC 2026 Reg M-B (Bo3)
|rated|
|rule|Species Clause: Limit one of each Pokémon
|rule|Item Clause: Limit 1 of each item
|clearpoke
|poke|p1|Staraptor, L50, M|
|poke|p1|Sinistcha, L50|
|poke|p1|Delphox, L50, F|
|poke|p1|Dragonite, L50, M|
|poke|p1|Garchomp, L50, F|
|poke|p1|Raichu, L50, M|
|poke|p2|Archaludon, L50, F|
|poke|p2|Pelipper, L50, M|
|poke|p2|Grimmsnarl, L50, M|
|poke|p2|Sinistcha, L50|
|poke|p2|Swampert, L50, M|
|poke|p2|Lycanroc-Dusk, L50, M|
|teampreview|4
|showteam|p1|Staraptor||Staraptite|Intimidate|CloseCombat,DualWingbeat,Protect,Facade|Adamant||M|||50|]Sinistcha||Leftovers|Hospitality|StrengthSap,MatchaGotcha,RagePowder,Protect|Bold|||||50|]Delphox||Delphoxite|Blaze|HeatWave,Psychic,Protect,NastyPlot|Serious||F|||50|]Dragonite||SitrusBerry|Multiscale|ExtremeSpeed,HelpingHand,Tailwind,DragonClaw|Careful||M|||50|]Garchomp||LifeOrb|RoughSkin|Earthquake,DragonClaw,RockSlide,Protect|Adamant||F|||50|]Raichu||KingsRock|LightningRod|FakeOut,Fling,Nuzzle,Encore|Careful||M|||50|
|showteam|p2|Archaludon||Leftovers|Stamina|ElectroShot,AuraSphere,FlashCannon,Protect|Modest||F|||50|]Pelipper||SitrusBerry|Drizzle|Tailwind,WeatherBall,Hurricane,WideGuard|Modest||M|||50|]Grimmsnarl||LightClay|Prankster|PartingShot,SpiritBreak,Reflect,LightScreen|Calm||M|||50|]Sinistcha||KasibBerry|Hospitality|MatchaGotcha,LifeDew,RagePowder,TrickRoom|Calm|||||50|]Swampert||Swampertite|Torrent|WaveCrash,Earthquake,IcePunch,Protect|Adamant||M|||50|]Lycanroc-Dusk||FocusSash|ToughClaws|Protect,RockSlide,Accelerock,CloseCombat|Jolly||M|||50|
|
|t:|1785879743
|teamsize|p1|4
|teamsize|p2|4
|start
|switch|p1a: Raichu|Raichu, L50, M|100/100
|switch|p1b: Delphox|Delphox, L50, F|100/100
|switch|p2a: Archaludon|Archaludon, L50, F|100/100
|switch|p2b: Pelipper|Pelipper, L50, M|100/100
|-weather|RainDance|[from] ability: Drizzle|[of] p2b: Pelipper
|turn|1
|
|t:|1785879764
|switch|p2b: Grimmsnarl|Grimmsnarl, L50, M|100/100
|move|p1b: Delphox|Protect|p1b: Delphox
|-singleturn|p1b: Delphox|Protect
|move|p1a: Raichu|Fake Out|p2b: Grimmsnarl
|-damage|p2b: Grimmsnarl|91/100
|move|p2a: Archaludon|Aura Sphere|p1a: Raichu
|-damage|p1a: Raichu|70/100
|
|-weather|RainDance|[upkeep]
|upkeep
|turn|2
|
|t:|1785879791
|switch|p1b: Sinistcha|Sinistcha, L50|100/100
|-heal|p1a: Raichu|95/100|[from] ability: Hospitality|[of] p1b: Sinistcha
|switch|p2a: Swampert|Swampert, L50, M|100/100
|move|p2b: Grimmsnarl|Light Screen|p2b: Grimmsnarl
|-sidestart|p2: xdi8723|move: Light Screen
|move|p1a: Raichu|Fling|p2a: Swampert
|-damage|p2a: Swampert|93/100
|-enditem|p1a: Raichu|King's Rock|[from] move: Fling
|
|-weather|RainDance|[upkeep]
|upkeep
|turn|3
|
|t:|1785879809
|switch|p1a: Garchomp|Garchomp, L50, F|100/100
|detailschange|p2a: Swampert|Swampert-Mega, L50, M
|-mega|p2a: Swampert|Swampert|Swampertite
|move|p2b: Grimmsnarl|Parting Shot|p1a: Garchomp
|-unboost|p1a: Garchomp|atk|1
|-unboost|p1a: Garchomp|spa|1
|
|t:|1785879815
|switch|p2b: Pelipper|Pelipper, L50, M|100/100|[from] Parting Shot
|move|p2a: Swampert|Earthquake|p1b: Sinistcha|[spread] p1a,p1b
|-immune|p2b: Pelipper
|-resisted|p1b: Sinistcha|1
|-damage|p1a: Garchomp|61/100
|-damage|p1b: Sinistcha|82/100
|move|p1b: Sinistcha|Matcha Gotcha|p2a: Swampert|[spread] p2b
|-miss|p1b: Sinistcha|p2a: Swampert
|-damage|p2b: Pelipper|81/100
|-heal|p1b: Sinistcha|91/100|[from] drain|[of] p2b: Pelipper
|
|-weather|RainDance|[upkeep]
|-heal|p1b: Sinistcha|97/100|[from] item: Leftovers
|upkeep
|turn|4
|
|t:|1785879838
|move|p1b: Sinistcha|Protect|p1b: Sinistcha
|-singleturn|p1b: Sinistcha|Protect
|move|p2a: Swampert|Earthquake|p1b: Sinistcha|[spread] p1a
|-activate|p1b: Sinistcha|move: Protect
|-immune|p2b: Pelipper
|-damage|p1a: Garchomp|20/100r
|move|p1a: Garchomp|Rock Slide|p2a: Swampert|[spread] p2a,p2b
|-resisted|p2a: Swampert|1
|-supereffective|p2b: Pelipper|1
|-damage|p2a: Swampert|86/100
|-damage|p2b: Pelipper|44/100
|-enditem|p2b: Pelipper|Sitrus Berry|[eat]
|-heal|p2b: Pelipper|68/100|[from] item: Sitrus Berry
|-damage|p1a: Garchomp|10/100|[from] item: Life Orb
|move|p2b: Pelipper|Hurricane|p1b: Sinistcha
|-activate|p1b: Sinistcha|move: Protect
|
|-weather|RainDance|[upkeep]
|-heal|p1b: Sinistcha|100/100|[from] item: Leftovers
|upkeep
|turn|5
|
|t:|1785879882
|move|p1a: Garchomp|Protect|p1a: Garchomp
|-singleturn|p1a: Garchomp|Protect
|move|p2b: Pelipper|Wide Guard|p2b: Pelipper
|-singleturn|p2b: Pelipper|Wide Guard
|move|p2a: Swampert|Earthquake|p1b: Sinistcha|[spread] p1b
|-activate|p2b: Pelipper|move: Wide Guard
|-activate|p1a: Garchomp|move: Protect
|-resisted|p1b: Sinistcha|1
|-damage|p1b: Sinistcha|84/100
|move|p1b: Sinistcha|Matcha Gotcha|p2b: Pelipper|[spread] 
|-activate|p2a: Swampert|move: Wide Guard
|-activate|p2b: Pelipper|move: Wide Guard
|
|-weather|none
|-heal|p1b: Sinistcha|90/100|[from] item: Leftovers
|upkeep
|turn|6
|-message|StonyJLover forfeited.
|raw|StonyJLover's rating: 1007 → 1000(-7 for losing)
|raw|xdi8723's rating: 1087 → 1108(+21 for winning)
|
|win|xdi8723
|l|☆StonyJLover
|player|p1|
