|j|☆bartcr0987
|j|☆lolgz
|html|bartcr0987lolgz    
|uhtml|bestof|Game 1 of a best-of-3
|t:|1782268316
|gametype|doubles
|player|p1|bartcr0987|266|1120
|player|p2|lolgz|dawn|1099
|gen|9
|tier|[Gen 9 Champions] VGC 2026 Reg M-B (Bo3)
|rated|
|rule|Species Clause: Limit one of each Pokémon
|rule|Item Clause: Limit 1 of each item
|clearpoke
|poke|p1|Sinistcha, L50|
|poke|p1|Charizard, L50, M, shiny|
|poke|p1|Sneasler, L50, M, shiny|
|poke|p1|Eelektross, L50, M|
|poke|p1|Whimsicott, L50, M|
|poke|p1|Kingambit, L50, F, shiny|
|poke|p2|Torkoal, L50, M|
|poke|p2|Vileplume, L50, M|
|poke|p2|Charizard, L50, M|
|poke|p2|Garchomp, L50, M|
|poke|p2|Farigiraf, L50, M|
|poke|p2|Mawile, L50, M|
|teampreview|4
|showteam|p1|Sinistcha||Leftovers|Hospitality|MatchaGotcha,TrickRoom,Protect,RagePowder|Sassy|||||50|]Charizard||CharizarditeY|SolarPower|HeatWave,SolarBeam,WeatherBall,Protect|Timid||M|||50|]Sneasler||WhiteHerb|Unburden|DireClaw,CloseCombat,Protect,FakeOut|Adamant||M|||50|]Eelektross||Eelektrossite|Levitate|ThunderPunch,DrainPunch,Coil,Protect|Adamant||M|||50|]Whimsicott||FocusSash|Prankster|Moonblast,Tailwind,Encore,Protect|Modest||M|||50|]Kingambit||BlackGlasses|Defiant|KowtowCleave,SuckerPunch,SwordsDance,Protect|Adamant||F|||50|
|showteam|p2|Torkoal||Charcoal|Drought|Eruption,WeatherBall,EarthPower,Protect|Quiet||M|||50|]Vileplume||FocusSash|Chlorophyll|EnergyBall,SludgeBomb,SleepPowder,AfterYou|Timid||M|||50|]Charizard||CharizarditeY|Blaze|HeatWave,WeatherBall,SolarBeam,Protect|Timid||M|||50|]Garchomp||LifeOrb|RoughSkin|Earthquake,RockSlide,DragonClaw,Protect|Jolly||M|||50|]Farigiraf||SitrusBerry|ArmorTail|TrickRoom,Protect,Psychic,HelpingHand|Bold||M|||50|]Mawile||Mawilite|Intimidate|SuckerPunch,PlayRough,SwordsDance,Protect|Brave||M|||50|
|inactive|Battle timer is ON: inactive players will automatically lose when time's up. (requested by lolgz)
|inactive|bartcr0987 has 60 seconds left.
|inactive|lolgz has 60 seconds left.
|inactive|bartcr0987 has 30 seconds left.
|inactive|bartcr0987 has 20 seconds left.
|
|t:|1782268388
|teamsize|p1|4
|teamsize|p2|4
|start
|switch|p1a: Whimsicott|Whimsicott, L50, M|100/100
|switch|p1b: Charizard|Charizard, L50, M, shiny|100/100
|switch|p2a: Farigiraf|Farigiraf, L50, M|100/100
|switch|p2b: Torkoal|Torkoal, L50, M|100/100
|-weather|SunnyDay|[from] ability: Drought|[of] p2b: Torkoal
|turn|1
|inactive|bartcr0987 has 30 seconds left.
|inactive|lolgz has 30 seconds left.
|inactive|lolgz has 20 seconds left.
|
|t:|1782268425
|detailschange|p1b: Charizard|Charizard-Mega-Y, L50, M, shiny
|-mega|p1b: Charizard|Charizard|Charizardite Y
|move|p2a: Farigiraf|Protect|p2a: Farigiraf
|-singleturn|p2a: Farigiraf|Protect
|move|p1a: Whimsicott|Moonblast|p2a: Farigiraf
|-activate|p2a: Farigiraf|move: Protect
|move|p1b: Charizard|Weather Ball|p2a: Farigiraf
|-activate|p2a: Farigiraf|move: Protect
|move|p2b: Torkoal|Eruption|p1b: Charizard|[spread] p1a,p1b
|-supereffective|p1a: Whimsicott|1
|-resisted|p1b: Charizard|1
|-crit|p1b: Charizard
|-enditem|p1a: Whimsicott|Focus Sash
|-damage|p1a: Whimsicott|1/100
|-damage|p1b: Charizard|26/100
|
|-weather|SunnyDay|[upkeep]
|upkeep
|turn|2
|
|t:|1782268444
|switch|p2a: Garchomp|Garchomp, L50, M|100/100
|move|p1a: Whimsicott|Moonblast|p2a: Garchomp
|-supereffective|p2a: Garchomp|1
|-damage|p2a: Garchomp|20/100y
|-unboost|p2a: Garchomp|spa|1
|move|p1b: Charizard|Weather Ball|p2a: Garchomp
|-resisted|p2a: Garchomp|1
|-damage|p2a: Garchomp|0 fnt
|faint|p2a: Garchomp
|move|p2b: Torkoal|Eruption|p1b: Charizard|[spread] p1a,p1b
|-supereffective|p1a: Whimsicott|1
|-resisted|p1b: Charizard|1
|-damage|p1a: Whimsicott|0 fnt
|-damage|p1b: Charizard|0 fnt
|faint|p1a: Whimsicott
|faint|p1b: Charizard
|
|-weather|SunnyDay|[upkeep]
|upkeep
|
|t:|1782268459
|switch|p2a: Farigiraf|Farigiraf, L50, M|100/100
|switch|p1a: Sneasler|Sneasler, L50, M, shiny|100/100
|switch|p1b: Eelektross|Eelektross, L50, M|100/100
|turn|3
|
|t:|1782268473
|move|p1a: Sneasler|Dire Claw|p2a: Farigiraf
|-damage|p2a: Farigiraf|61/100
|move|p1b: Eelektross|Coil|p1b: Eelektross
|-boost|p1b: Eelektross|atk|1
|-boost|p1b: Eelektross|def|1
|-boost|p1b: Eelektross|accuracy|1
|move|p2b: Torkoal|Weather Ball|p1b: Eelektross
|-damage|p1b: Eelektross|15/100
|move|p2a: Farigiraf|Trick Room|p2a: Farigiraf
|-fieldstart|move: Trick Room|[of] p2a: Farigiraf
|
|-weather|SunnyDay|[upkeep]
|upkeep
|turn|4
|
|t:|1782268481
|move|p1b: Eelektross|Protect|p1b: Eelektross
|-singleturn|p1b: Eelektross|Protect
|move|p1a: Sneasler|Protect|p1a: Sneasler
|-singleturn|p1a: Sneasler|Protect
|move|p2b: Torkoal|Eruption|p1a: Sneasler|[spread] 
|-activate|p1a: Sneasler|move: Protect
|-activate|p1b: Eelektross|move: Protect
|move|p2a: Farigiraf|Psychic|p1a: Sneasler
|-activate|p1a: Sneasler|move: Protect
|
|-weather|SunnyDay|[upkeep]
|upkeep
|turn|5
|-message|bartcr0987 forfeited.
|
|win|lolgz
