|j|‽AIRegMB
|j|☆exessvgc
|html|AIRegMBexessvgc    
|uhtml|bestof|Game 1 of a best-of-3
|t:|1782378658
|gametype|doubles
|player|p1|AIRegMB|alec-anime|1224
|player|p2|exessvgc|lucas|1172
|gen|9
|tier|[Gen 9 Champions] VGC 2026 Reg M-B (Bo3)
|rated|
|rule|Species Clause: Limit one of each Pokémon
|rule|Item Clause: Limit 1 of each item
|clearpoke
|poke|p1|Sinistcha, L50|
|poke|p1|Ceruledge, L50, F|
|poke|p1|Incineroar, L50, F, shiny|
|poke|p1|Ninetales-Alola, L50, M|
|poke|p1|Annihilape, L50, M|
|poke|p1|Scovillain, L50, F|
|poke|p2|Charizard, L50, M|
|poke|p2|Sneasler, L50, F|
|poke|p2|Farigiraf, L50, F|
|poke|p2|Aerodactyl, L50, F|
|poke|p2|Kingambit, L50, F|
|poke|p2|Sylveon, L50, M|
|teampreview|4
|showteam|p1|Sinistcha||KasibBerry|Hospitality|RagePowder,MatchaGotcha,TrickRoom,Protect|Bold|||||50|]Ceruledge||ColburBerry|FlashFire|BulkUp,BitterBlade,ShadowSneak,Protect|Adamant||F|||50|]Incineroar||SitrusBerry|Intimidate|FakeOut,FlareBlitz,ThroatChop,PartingShot|Impish||F|||50|]Ninetales-Alola||NeverMeltIce|SnowWarning|Blizzard,FreezeDry,AuroraVeil,Protect|Timid||M|||50|]Annihilape||FocusSash|Defiant|RageFist,CloseCombat,Coaching,Taunt|Adamant||M|||50|]Scovillain||Scovillainite|Moody|RagePowder,GigaDrain,Overheat,Protect|Calm||F|||50|
|showteam|p2|Charizard||CharizarditeX|Blaze|DragonDance,DragonClaw,FlareBlitz,Protect|Jolly||M|||50|]Sneasler||WhiteHerb|Unburden|FakeOut,Protect,CloseCombat,DireClaw|Jolly||F|||50|]Farigiraf||SitrusBerry|ArmorTail|TrickRoom,Thunderbolt,HelpingHand,TwinBeam|Calm||F|||50|]Aerodactyl||FocusSash|Unnerve|RockSlide,Tailwind,DualWingbeat,Protect|Jolly||F|||50|]Kingambit||LifeOrb|Defiant|KowtowCleave,SuckerPunch,IronHead,Protect|Brave||F|||50|]Sylveon||FairyFeather|Pixilate|HyperVoice,HyperBeam,Protect,QuickAttack|Quiet||M|||50|
|inactive|Battle timer is ON: inactive players will automatically lose when time's up. (requested by exessvgc)
|
|t:|1782378743
|teamsize|p1|4
|teamsize|p2|4
|start
|switch|p1a: Ceruledge|Ceruledge, L50, F|100/100
|switch|p1b: Scovillain|Scovillain, L50, F|100/100
|switch|p2a: DINOSAUVO|Aerodactyl, L50, F|100/100
|switch|p2b: LA GIRAFFA|Farigiraf, L50, F|100/100
|-ability|p2a: DINOSAUVO|Unnerve
|turn|1
|inactive|exessvgc has 30 seconds left.
|inactive|exessvgc has 20 seconds left.
|
|t:|1782378779
|switch|p1a: Incineroar|Incineroar, L50, F, shiny|100/100
|-ability|p1a: Incineroar|Intimidate|boost
|-unboost|p2a: DINOSAUVO|atk|1
|-unboost|p2b: LA GIRAFFA|atk|1
|detailschange|p1b: Scovillain|Scovillain-Mega, L50, F
|-mega|p1b: Scovillain|Scovillain|Scovillainite
|move|p2a: DINOSAUVO|Tailwind|p2a: DINOSAUVO
|-sidestart|p2: exessvgc|move: Tailwind
|move|p2b: LA GIRAFFA|Twin Beam|p1a: Incineroar
|-immune|p1a: Incineroar
|move|p1b: Scovillain|Giga Drain|p2a: DINOSAUVO
|-damage|p2a: DINOSAUVO|55/100
|
|upkeep
|turn|2
|
|t:|1782378797
|move|p2b: LA GIRAFFA|Helping Hand|p2a: DINOSAUVO
|-singleturn|p2a: DINOSAUVO|Helping Hand|[of] p2b: LA GIRAFFA
|move|p2a: DINOSAUVO|Rock Slide|p1a: Incineroar|[spread] p1a
|-miss|p2a: DINOSAUVO|p1b: Scovillain
|-supereffective|p1a: Incineroar|1
|-damage|p1a: Incineroar|60/100
|move|p1b: Scovillain|Giga Drain|p2a: DINOSAUVO
|-damage|p2a: DINOSAUVO|3/100
|cant|p1a: Incineroar|flinch
|
|upkeep
|turn|3
|
|t:|1782378819
|move|p2b: LA GIRAFFA|Helping Hand|p2a: DINOSAUVO
|-singleturn|p2a: DINOSAUVO|Helping Hand|[of] p2b: LA GIRAFFA
|move|p2a: DINOSAUVO|Rock Slide|p1b: Scovillain|[spread] p1a,p1b
|-supereffective|p1a: Incineroar|1
|-supereffective|p1b: Scovillain|1
|-damage|p1a: Incineroar|23/100
|-damage|p1b: Scovillain|46/100
|-status|p2a: DINOSAUVO|brn|[from] ability: Spicy Spray|[of] p1b: Scovillain
|move|p1b: Scovillain|Giga Drain|p2b: LA GIRAFFA
|-damage|p2b: LA GIRAFFA|72/100
|-heal|p1b: Scovillain|63/100|[from] drain|[of] p2b: LA GIRAFFA
|move|p1a: Incineroar|Throat Chop|p2b: LA GIRAFFA
|-supereffective|p2b: LA GIRAFFA|1
|-damage|p2b: LA GIRAFFA|20/100y
|-start|p2b: LA GIRAFFA|Throat Chop|[silent]
|-enditem|p2b: LA GIRAFFA|Sitrus Berry|[eat]
|-heal|p2b: LA GIRAFFA|45/100|[from] item: Sitrus Berry
|
|-damage|p2a: DINOSAUVO|0 fnt|[from] brn
|faint|p2a: DINOSAUVO
|upkeep
|-enditem|p1a: Incineroar|Sitrus Berry|[eat]
|-heal|p1a: Incineroar|48/100|[from] item: Sitrus Berry
|
|t:|1782378828
|switch|p2a: Sylveon|Sylveon, L50, M|100/100
|turn|4
|
|t:|1782378849
|switch|p1a: Sinistcha|Sinistcha, L50|100/100
|-heal|p1b: Scovillain|88/100|[from] ability: Hospitality|[of] p1a: Sinistcha
|move|p2b: LA GIRAFFA|Helping Hand|p2a: Sylveon
|-singleturn|p2a: Sylveon|Helping Hand|[of] p2b: LA GIRAFFA
|move|p2a: Sylveon|Hyper Voice|p1a: Sinistcha|[spread] p1a,p1b
|-resisted|p1b: Scovillain|1
|-crit|p1b: Scovillain
|-damage|p1a: Sinistcha|20/100y
|-damage|p1b: Scovillain|30/100
|-status|p2a: Sylveon|brn|[from] ability: Spicy Spray|[of] p1b: Scovillain
|move|p1b: Scovillain|Overheat|p2b: LA GIRAFFA
|-damage|p2b: LA GIRAFFA|0 fnt
|-unboost|p1b: Scovillain|spa|2
|faint|p2b: LA GIRAFFA
|
|-damage|p2a: Sylveon|94/100 brn|[from] brn
|-sideend|p2: exessvgc|move: Tailwind
|upkeep
|
|t:|1782378853
|switch|p2b: Kingambit|Kingambit, L50, F|100/100
|turn|5
|inactive|AIRegMB has 30 seconds left.
|
|t:|1782378887
|move|p2b: Kingambit|Sucker Punch|p1a: Sinistcha
|-supereffective|p1a: Sinistcha|1
|-damage|p1a: Sinistcha|0 fnt
|faint|p1a: Sinistcha
|-damage|p2b: Kingambit|90/100|[from] item: Life Orb
|move|p1b: Scovillain|Overheat|p2b: Kingambit
|-supereffective|p2b: Kingambit|1
|-damage|p2b: Kingambit|39/100
|-unboost|p1b: Scovillain|spa|2
|move|p2a: Sylveon|Hyper Voice|p1b: Scovillain
|-resisted|p1b: Scovillain|1
|-damage|p1b: Scovillain|0 fnt
|faint|p1b: Scovillain
|
|-damage|p2a: Sylveon|88/100 brn|[from] brn
|upkeep
|
|t:|1782378895
|switch|p1b: Incineroar|Incineroar, L50, F, shiny|48/100
|switch|p1a: Ceruledge|Ceruledge, L50, F|100/100
|-ability|p1b: Incineroar|Intimidate|boost
|-unboost|p2a: Sylveon|atk|1
|-unboost|p2b: Kingambit|atk|1
|-ability|p2b: Kingambit|Defiant|boost
|-boost|p2b: Kingambit|atk|2
|turn|6
|
|t:|1782378929
|move|p2b: Kingambit|Sucker Punch|p1a: Ceruledge
|-supereffective|p1a: Ceruledge|1
|-crit|p1a: Ceruledge
|-enditem|p1a: Ceruledge|Colbur Berry|[eat]
|-enditem|p1a: Ceruledge|Colbur Berry|[weaken]
|-damage|p1a: Ceruledge|0 fnt
|faint|p1a: Ceruledge
|-damage|p2b: Kingambit|29/100|[from] item: Life Orb
|move|p1b: Incineroar|Flare Blitz|p2b: Kingambit
|-supereffective|p2b: Kingambit|1
|-damage|p2b: Kingambit|0 fnt
|faint|p2b: Kingambit
|-damage|p1b: Incineroar|39/100|[from] Recoil
|move|p2a: Sylveon|Hyper Voice|p1b: Incineroar
|-damage|p1b: Incineroar|0 fnt
|faint|p1b: Incineroar
|
|win|exessvgc
||AIRegMB is ready for game 2.
|inactive|exessvgc has 30 seconds to confirm battle start!
||exessvgc is ready for game 2.
|uhtml|next|Next: Game 2 of 3
|l|☆exessvgc
|player|p2|
|l|‽AIRegMB
|player|p1|
|j|☆exessvgc
|player|p2|exessvgc|lucas|
