|j|☆Lorido
|j|☆junky00
|html|Loridojunky00    
|uhtml|bestof|Game 2 of a best-of-3
|t:|1784722491
|gametype|doubles
|player|p1|Lorido|169|1154
|player|p2|junky00|101|1240
|gen|9
|tier|[Gen 9 Champions] VGC 2026 Reg M-B (Bo3)
|rated|
|rule|Species Clause: Limit one of each Pokémon
|rule|Item Clause: Limit 1 of each item
|clearpoke
|poke|p1|Aerodactyl, L50, F|
|poke|p1|Kingambit, L50, F|
|poke|p1|Sylveon, L50, M|
|poke|p1|Charizard, L50, M|
|poke|p1|Garchomp, L50, F|
|poke|p1|Farigiraf, L50, F|
|poke|p2|Gholdengo, L50|
|poke|p2|Incineroar, L50, F|
|poke|p2|Sneasler, L50, F|
|poke|p2|Gengar, L50, M|
|poke|p2|Sinistcha, L50|
|poke|p2|Toxapex, L50, M|
|teampreview|4
|showteam|p1|Aerodactyl||Aerodactylite|Unnerve|RockSlide,DualWingbeat,IceFang,Tailwind|Jolly||F|||50|]Kingambit||BlackGlasses|Defiant|KowtowCleave,IronHead,SuckerPunch,LowKick|Jolly||F|||50|]Sylveon||FairyFeather|Pixilate|HyperVoice,QuickAttack,HyperBeam,Detect|Modest||M|||50|]Charizard||CharizarditeY|Blaze|HeatWave,WeatherBall,SolarBeam,Protect|Modest||M|||50|]Garchomp||LifeOrb|RoughSkin|DragonClaw,Earthquake,RockSlide,Protect|Jolly||F|||50|]Farigiraf||SitrusBerry|ArmorTail|TwinBeam,Thunderbolt,TrickRoom,HelpingHand|Relaxed||F|||50|
|showteam|p2|Gholdengo||MetalCoat|GoodasGold|MakeItRain,ShadowBall,NastyPlot,Protect|Calm|||||50|]Incineroar||SitrusBerry|Intimidate|FakeOut,FlareBlitz,PartingShot,Protect|Brave||F|||50|]Sneasler||FocusSash|PoisonTouch|FakeOut,CloseCombat,DireClaw,QuickGuard|Jolly||F|||50|]Gengar||Gengarite|CursedBody|ShadowBall,Disable,PerishSong,Protect|Calm||M|||50|]Sinistcha||ColburBerry|Hospitality|MatchaGotcha,RagePowder,Hex,TrickRoom|Calm|||||50|]Toxapex||Leftovers|Regenerator|Toxic,Infestation,WideGuard,BanefulBunker|Calm||M|||50|
|inactive|Battle timer is ON: inactive players will automatically lose when time's up. (requested by Lorido)
|
|t:|1784722522
|teamsize|p1|4
|teamsize|p2|4
|start
|switch|p1a: Kingambit|Kingambit, L50, F|100/100
|switch|p1b: Farigiraf|Farigiraf, L50, F|100/100
|switch|p2a: Sneasler|Sneasler, L50, F|100/100
|switch|p2b: Gengar|Gengar, L50, M|100/100
|turn|1
|
|t:|1784722542
|detailschange|p2b: Gengar|Gengar-Mega, L50, M
|-mega|p2b: Gengar|Gengar|Gengarite
|move|p2a: Sneasler|Close Combat|p1a: Kingambit
|-supereffective|p1a: Kingambit|2
|-damage|p1a: Kingambit|0 fnt
|-unboost|p2a: Sneasler|def|1
|-unboost|p2a: Sneasler|spd|1
|faint|p1a: Kingambit
|move|p2b: Gengar|Shadow Ball|p1b: Farigiraf
|-immune|p1b: Farigiraf
|move|p1b: Farigiraf|Trick Room|p1b: Farigiraf
|-fieldstart|move: Trick Room|[of] p1b: Farigiraf
|
|upkeep
|
|t:|1784722554
|switch|p1a: Charizard|Charizard, L50, M|100/100
|turn|2
|
|t:|1784722578
|switch|p2a: Incineroar|Incineroar, L50, F|100/100
|-ability|p2a: Incineroar|Intimidate|boost
|-unboost|p1a: Charizard|atk|1
|-unboost|p1b: Farigiraf|atk|1
|detailschange|p1a: Charizard|Charizard-Mega-Y, L50, M
|-mega|p1a: Charizard|Charizard|Charizardite Y
|-weather|SunnyDay|[from] ability: Drought|[of] p1a: Charizard
|move|p2b: Gengar|Protect|p2b: Gengar
|-singleturn|p2b: Gengar|Protect
|move|p1b: Farigiraf|Twin Beam|p2a: Incineroar
|-immune|p2a: Incineroar
|move|p1a: Charizard|Weather Ball|p2b: Gengar
|-activate|p2b: Gengar|move: Protect
|
|-weather|SunnyDay|[upkeep]
|upkeep
|turn|3
|inactive|junky00 has 30 seconds left.
|
|t:|1784722603
|switch|p2b: Sneasler|Sneasler, L50, F|100/100
|move|p2a: Incineroar|Parting Shot|p1a: Charizard
|-unboost|p1a: Charizard|atk|1
|-unboost|p1a: Charizard|spa|1
|
|t:|1784722609
|switch|p2a: Gengar|Gengar-Mega, L50, M|100/100|[from] Parting Shot
|move|p1b: Farigiraf|Twin Beam|p2b: Sneasler
|-supereffective|p2b: Sneasler|2
|-damage|p2b: Sneasler|15/100
|-supereffective|p2b: Sneasler|2
|-damage|p2b: Sneasler|0 fnt
|faint|p2b: Sneasler
|-hitcount|p2: Sneasler|2
|move|p1a: Charizard|Weather Ball|p2a: Gengar
|-damage|p2a: Gengar|42/100
|
|-weather|SunnyDay|[upkeep]
|upkeep
|
|t:|1784722619
|switch|p2b: Incineroar|Incineroar, L50, F|100/100
|-ability|p2b: Incineroar|Intimidate|boost
|-unboost|p1a: Charizard|atk|1
|-unboost|p1b: Farigiraf|atk|1
|turn|4
|
|t:|1784722637
|move|p2a: Gengar|Protect|p2a: Gengar
|-singleturn|p2a: Gengar|Protect
|move|p1b: Farigiraf|Thunderbolt|p2b: Incineroar
|-damage|p2b: Incineroar|80/100
|move|p2b: Incineroar|Parting Shot|p1a: Charizard
|-unboost|p1a: Charizard|atk|1
|-unboost|p1a: Charizard|spa|1
|
|t:|1784722644
|switch|p2b: Sinistcha|Sinistcha, L50|100/100|[from] Parting Shot
|-heal|p2a: Gengar|67/100|[from] ability: Hospitality|[of] p2b: Sinistcha
|move|p1a: Charizard|Weather Ball|p2b: Sinistcha
|-supereffective|p2b: Sinistcha|1
|-damage|p2b: Sinistcha|2/100
|
|-weather|SunnyDay|[upkeep]
|upkeep
|turn|5
|inactive|Lorido has 30 seconds left.
|
|t:|1784722669
|switch|p2b: Incineroar|Incineroar, L50, F|80/100
|-ability|p2b: Incineroar|Intimidate|boost
|-unboost|p1a: Charizard|atk|1
|-unboost|p1b: Farigiraf|atk|1
|move|p1b: Farigiraf|Twin Beam|p2b: Incineroar
|-immune|p2b: Incineroar
|move|p1a: Charizard|Weather Ball|p2b: Incineroar
|-resisted|p2b: Incineroar|1
|-damage|p2b: Incineroar|61/100
|move|p2a: Gengar|Disable|p1a: Charizard
|-start|p1a: Charizard|Disable|Weather Ball
|
|-weather|SunnyDay|[upkeep]
|-fieldend|move: Trick Room
|upkeep
|turn|6
|
|t:|1784722691
|move|p2a: Gengar|Perish Song|p2a: Gengar
|-start|p1a: Charizard|perish3|[silent]
|-start|p1b: Farigiraf|perish3|[silent]
|-start|p2a: Gengar|perish3|[silent]
|-start|p2b: Incineroar|perish3|[silent]
|-fieldactivate|move: Perish Song
|move|p1a: Charizard|Heat Wave|p2b: Incineroar|[spread] p2a,p2b
|-resisted|p2b: Incineroar|1
|-damage|p2a: Gengar|36/100
|-damage|p2b: Incineroar|47/100
|-enditem|p2b: Incineroar|Sitrus Berry|[eat]
|-heal|p2b: Incineroar|72/100|[from] item: Sitrus Berry
|move|p2b: Incineroar|Parting Shot|p1a: Charizard
|-unboost|p1a: Charizard|atk|1
|-unboost|p1a: Charizard|spa|1
|
|t:|1784722701
|switch|p2b: Sinistcha|Sinistcha, L50|2/100|[from] Parting Shot
|-heal|p2a: Gengar|61/100|[from] ability: Hospitality|[of] p2b: Sinistcha
|move|p1b: Farigiraf|Twin Beam|p2a: Gengar
|-supereffective|p2a: Gengar|1
|-damage|p2a: Gengar|27/100
|-supereffective|p2a: Gengar|1
|-damage|p2a: Gengar|0 fnt
|faint|p2a: Gengar
|-hitcount|p2: Gengar|2
|
|-weather|none
|-start|p1a: Charizard|perish3
|-start|p1b: Farigiraf|perish3
|upkeep
|
|t:|1784722710
|switch|p2a: Incineroar|Incineroar, L50, F|72/100
|-ability|p2a: Incineroar|Intimidate|boost
|-unboost|p1a: Charizard|atk|0
|-unboost|p1b: Farigiraf|atk|1
|turn|7
|
|t:|1784722730
|move|p2b: Sinistcha|Rage Powder|p2b: Sinistcha
|-singleturn|p2b: Sinistcha|move: Rage Powder
|move|p1a: Charizard|Heat Wave|p2a: Incineroar|[spread] p2a,p2b
|-resisted|p2a: Incineroar|1
|-supereffective|p2b: Sinistcha|1
|-damage|p2a: Incineroar|65/100
|-damage|p2b: Sinistcha|0 fnt
|faint|p2b: Sinistcha
|move|p2a: Incineroar|Parting Shot|p1a: Charizard
|-unboost|p1a: Charizard|atk|0
|-unboost|p1a: Charizard|spa|1
|move|p1b: Farigiraf|Thunderbolt|p2a: Incineroar
|-damage|p2a: Incineroar|45/100
|
|-start|p1a: Charizard|perish2
|-start|p1b: Farigiraf|perish2
|upkeep
|turn|8
|
|t:|1784722751
|switch|p1a: Garchomp|Garchomp, L50, F|100/100
|move|p2a: Incineroar|Protect|p2a: Incineroar
|-singleturn|p2a: Incineroar|Protect
|move|p1b: Farigiraf|Thunderbolt|p2a: Incineroar
|-activate|p2a: Incineroar|move: Protect
|
|-start|p1b: Farigiraf|perish1
|upkeep
|turn|9
|-message|junky00 forfeited.
|
|win|Lorido
|raw|Lorido's rating: 1154 → 1185(+31 for winning)
|raw|junky00's rating: 1240 → 1209(-31 for losing)
