|j|☆Kiyoshit
|j|☆Emboar17
|html|KiyoshitEmboar17    
|uhtml|bestof|Game 3 of a best-of-3
|t:|1756476935
|gametype|doubles
|player|p1|Kiyoshit|alder|1000
|player|p2|Emboar17|acetrainer-gen4dp|1090
|gen|9
|tier|[Gen 9] VGC 2025 Reg H (Bo3)
|rated|
|rule|Species Clause: Limit one of each Pokémon
|rule|Item Clause: Limit 1 of each item
|clearpoke
|poke|p1|Incineroar, L50, M|
|poke|p1|Amoonguss, L50, F|
|poke|p1|Ursaluna-Bloodmoon, L50, M|
|poke|p1|Dragonite, L50, M|
|poke|p1|Sneasler, L50, F|
|poke|p1|Gholdengo, L50|
|poke|p2|Incineroar, L50, M|
|poke|p2|Ursaluna, L50, M|
|poke|p2|Gholdengo, L50|
|poke|p2|Flamigo, L50, M|
|poke|p2|Sneasler, L50, F|
|poke|p2|Farigiraf, L50, F|
|teampreview|4
|showteam|p1|Incineroar||SafetyGoggles|Intimidate|FlareBlitz,KnockOff,FakeOut,PartingShot|||M|||50|,,,,,Ghost]Amoonguss||SitrusBerry|Regenerator|PollenPuff,Spore,RagePowder,Protect|||F|||50|,,,,,Psychic]Ursaluna-Bloodmoon||AssaultVest|MindsEye|HyperVoice,BloodMoon,EarthPower,VacuumWave|||M|||50|,,,,,Water]Dragonite||LoadedDice|Multiscale|ScaleShot,Tailwind,Haze,Protect|||M|||50|,,,,,Fairy]Sneasler||FocusSash|Unburden|CloseCombat,DireClaw,ThroatChop,Protect|||F|||50|,,,,,Stellar]Gholdengo||LifeOrb|GoodasGold|MakeItRain,ShadowBall,NastyPlot,Protect||||||50|,,,,,Water
|showteam|p2|Incineroar||SafetyGoggles|Intimidate|KnockOff,FlareBlitz,PartingShot,FakeOut|||M|||50|,,,,,Ghost]Ursaluna||FlameOrb|Guts|Facade,HeadlongRush,Earthquake,Protect|||M|||50|,,,,,Fairy]Gholdengo||LifeOrb|GoodasGold|MakeItRain,ShadowBall,NastyPlot,Protect||||||50|,,,,,Dragon]Flamigo||FocusSash|Scrappy|CloseCombat,BraveBird,WideGuard,Protect|||M|||50|,,,,,Ghost]Sneasler||WhiteHerb|PoisonTouch|DireClaw,CloseCombat,FakeOut,Protect|||F|||50|,,,,,Stellar]Farigiraf||ThroatSpray|ArmorTail|HyperVoice,TrickRoom,Protect,Psychic|||F|||50|,,,,,Fairy
|j| RamiM50
|
|t:|1756477031
|teamsize|p1|4
|teamsize|p2|4
|start
|switch|p1a: Dragonite|Dragonite, L50, M|100/100
|switch|p1b: Ursaluna|Ursaluna-Bloodmoon, L50, M|100/100
|switch|p2a: Incineroar|Incineroar, L50, M, shiny|100/100
|switch|p2b: Gholdengo|Gholdengo, L50, shiny|100/100
|-ability|p2a: Incineroar|Intimidate|boost
|-unboost|p1a: Dragonite|atk|1
|-unboost|p1b: Ursaluna|atk|1
|turn|1
|
|t:|1756477076
|move|p2b: Gholdengo|Protect|p2b: Gholdengo
|-singleturn|p2b: Gholdengo|Protect
|move|p1a: Dragonite|Tailwind|p1a: Dragonite
|-sidestart|p1: Kiyoshit|move: Tailwind
|move|p1b: Ursaluna|Earth Power|p2b: Gholdengo
|-activate|p2b: Gholdengo|move: Protect
|move|p2a: Incineroar|Parting Shot|p1b: Ursaluna
|-unboost|p1b: Ursaluna|atk|1
|-unboost|p1b: Ursaluna|spa|1
|
|t:|1756477087
|switch|p2a: Sneasler|Sneasler, L50, F|100/100|[from] Parting Shot
|
|upkeep
|turn|2
|
|t:|1756477109
|-terastallize|p1b: Ursaluna|Water
|move|p2a: Sneasler|Fake Out|p1a: Dragonite
|-damage|p1a: Dragonite|92/100
|-status|p1a: Dragonite|psn|[from] ability: Poison Touch|[of] p2a: Sneasler
|cant|p1a: Dragonite|flinch
|move|p1b: Ursaluna|Earth Power|p2b: Gholdengo
|-supereffective|p2b: Gholdengo
|-damage|p2b: Gholdengo|22/100
|move|p2b: Gholdengo|Make It Rain|p1a: Dragonite|[spread] p1a,p1b
|-resisted|p1b: Ursaluna
|-damage|p1a: Dragonite|27/100 psn
|-damage|p1b: Ursaluna|83/100
|-unboost|p2b: Gholdengo|spa|1
|-damage|p2b: Gholdengo|12/100|[from] item: Life Orb
|
|-damage|p1a: Dragonite|15/100 psn|[from] psn
|upkeep
|turn|3
|
|t:|1756477131
|switch|p2b: Flamigo|Flamigo, L50, M, shiny|100/100
|move|p2a: Sneasler|Protect|p2a: Sneasler
|-singleturn|p2a: Sneasler|Protect
|move|p1a: Dragonite|Haze|p1a: Dragonite
|-clearallboost
|move|p1b: Ursaluna|Hyper Voice|p2a: Sneasler|[spread] p2b
|-activate|p2a: Sneasler|move: Protect
|-damage|p2b: Flamigo|37/100
|
|-damage|p1a: Dragonite|3/100 psn|[from] psn
|upkeep
|turn|4
|
|t:|1756477151
|switch|p2a: Gholdengo|Gholdengo, L50, shiny|12/100
|move|p2b: Flamigo|Protect|p2b: Flamigo
|-singleturn|p2b: Flamigo|Protect
|move|p1a: Dragonite|Scale Shot|p2b: Flamigo
|-activate|p2b: Flamigo|move: Protect
|move|p1b: Ursaluna|Blood Moon|p2a: Gholdengo
|-resisted|p2a: Gholdengo
|-damage|p2a: Gholdengo|0 fnt
|faint|p2a: Gholdengo
|
|-damage|p1a: Dragonite|0 fnt|[from] psn
|faint|p1a: Dragonite
|-sideend|p1: Kiyoshit|move: Tailwind
|upkeep
|
|t:|1756477173
|switch|p2a: Sneasler|Sneasler, L50, F|100/100
|switch|p1a: Sneasler|Sneasler, L50, F|100/100
|turn|5
|
|t:|1756477236
|move|p1a: Sneasler|Protect|p1a: Sneasler
|-singleturn|p1a: Sneasler|Protect
|move|p2a: Sneasler|Fake Out|p1a: Sneasler
|-activate|p1a: Sneasler|move: Protect
|move|p2b: Flamigo|Close Combat|p1b: Ursaluna
|-damage|p1b: Ursaluna|42/100
|-unboost|p2b: Flamigo|def|1
|-unboost|p2b: Flamigo|spd|1
|move|p1b: Ursaluna|Earth Power|p2a: Sneasler
|-supereffective|p2a: Sneasler
|-damage|p2a: Sneasler|0 fnt
|faint|p2a: Sneasler
|
|upkeep
|
|t:|1756477246
|switch|p2a: Incineroar|Incineroar, L50, M, shiny|100/100
|-ability|p2a: Incineroar|Intimidate|boost
|-unboost|p1a: Sneasler|atk|1
|-unboost|p1b: Ursaluna|atk|1
|turn|6
|
|t:|1756477285
|switch|p1a: Amoonguss|Amoonguss, L50, F|100/100
|move|p2a: Incineroar|Fake Out|p1a: Amoonguss
|-damage|p1a: Amoonguss|89/100
|move|p2b: Flamigo|Close Combat|p1b: Ursaluna
|-damage|p1b: Ursaluna|0 fnt
|-unboost|p2b: Flamigo|def|1
|-unboost|p2b: Flamigo|spd|1
|faint|p1b: Ursaluna
|
|upkeep
|
|t:|1756477293
|switch|p1b: Sneasler|Sneasler, L50, F|100/100
|turn|7
|
|t:|1756477323
|-terastallize|p2a: Incineroar|Ghost
|move|p2b: Flamigo|Protect|p2b: Flamigo
|-singleturn|p2b: Flamigo|Protect
|move|p1a: Amoonguss|Rage Powder|p1a: Amoonguss
|-singleturn|p1a: Amoonguss|move: Rage Powder
|move|p1b: Sneasler|Close Combat|p2a: Incineroar
|-immune|p2a: Incineroar
|move|p2a: Incineroar|Flare Blitz|p1a: Amoonguss
|-supereffective|p1a: Amoonguss
|-damage|p1a: Amoonguss|0 fnt
|faint|p1a: Amoonguss
|-damage|p2a: Incineroar|67/100|[from] Recoil
|
|upkeep
|turn|8
|
|t:|1756477354
|move|p1b: Sneasler|Dire Claw|p2b: Flamigo
|-damage|p2b: Flamigo|0 fnt
|faint|p2b: Flamigo
|move|p2a: Incineroar|Knock Off|p1b: Sneasler
|-resisted|p1b: Sneasler
|-damage|p1b: Sneasler|64/100
|-enditem|p1b: Sneasler|Focus Sash|[from] move: Knock Off|[of] p2a: Incineroar
|
|upkeep
|turn|9
|
|t:|1756477368
|move|p1b: Sneasler|Throat Chop|p2a: Incineroar
|-supereffective|p2a: Incineroar
|-damage|p2a: Incineroar|9/100
|-start|p2a: Incineroar|Throat Chop|[silent]
|move|p2a: Incineroar|Flare Blitz|p1b: Sneasler
|-damage|p1b: Sneasler|0 fnt
|faint|p1b: Sneasler
|-damage|p2a: Incineroar|0 fnt|[from] Recoil
|faint|p2a: Incineroar
|
|win|Emboar17
|raw|Kiyoshit's rating: 1000 → 1000(+0 for losing)
|raw|Emboar17's rating: 1090 → 1110(+20 for winning)
|l| RamiM50
|l|☆Emboar17
|player|p2|
