|j|☆Prepucio Santos
|j|☆Kiryu86
|html|Prepucio SantosKiryu86    
|uhtml|bestof|Game 1 of a best-of-3
|t:|1784317689
|gametype|doubles
|player|p1|Prepucio Santos|striker|1285
|player|p2|Kiryu86|169|1206
|gen|9
|tier|[Gen 9 Champions] VGC 2026 Reg M-B (Bo3)
|rated|
|rule|Species Clause: Limit one of each Pokémon
|rule|Item Clause: Limit 1 of each item
|clearpoke
|poke|p1|Swampert, L50, M|
|poke|p1|Floette-Eternal, L50, F|
|poke|p1|Pelipper, L50, F|
|poke|p1|Grimmsnarl, L50, M|
|poke|p1|Sinistcha, L50|
|poke|p1|Archaludon, L50, M|
|poke|p2|Dragonite, L50, F, shiny|
|poke|p2|Talonflame, L50, F|
|poke|p2|Scizor, L50, F|
|poke|p2|Tauros-Paldea-Aqua, L50, M|
|poke|p2|Kingambit, L50, F|
|poke|p2|Hatterene, L50, F|
|teampreview|4
|showteam|p1|Swampert||Swampertite|Torrent|WaveCrash,Earthquake,IcePunch,Protect|Adamant||M|||50|]Floette-Eternal||Floettite|FlowerVeil|Moonblast,DazzlingGleam,CalmMind,Protect|Modest||F|||50|]Pelipper||SitrusBerry|Drizzle|Hurricane,WeatherBall,Tailwind,WideGuard|Modest||F|||50|]Grimmsnarl||LightClay|Prankster|Reflect,LightScreen,PartingShot,FoulPlay|Careful||M|||50|]Sinistcha||CobaBerry|Hospitality|MatchaGotcha,LifeDew,TrickRoom,RagePowder|Relaxed|||||50|]Archaludon||Leftovers|Stamina|ElectroShot,DragonPulse,FlashCannon,Protect|Modest||M|||50|
|showteam|p2|Dragonite||Dragoninite|Multiscale|Hurricane,DracoMeteor,Protect,Thunderbolt|Timid||F|||50|]Talonflame||FocusSash|GaleWings|FlareBlitz,BraveBird,Tailwind,Protect|Jolly||F|||50|]Scizor||Scizorite|Technician|BugBite,BulletPunch,Protect,CloseCombat|Adamant||F|||50|]Tauros-Paldea-Aqua||ChoiceScarf|Intimidate|CloseCombat,RagingBull,HighHorsepower,RockSlide|Adamant||M|||50|]Kingambit||BlackGlasses|Defiant|KowtowCleave,IronHead,SuckerPunch,Protect|Adamant||F|||50|]Hatterene||LifeOrb|MagicBounce|Psychic,MysticalFire,DazzlingGleam,TrickRoom|Quiet||F|||50|
|inactive|Battle timer is ON: inactive players will automatically lose when time's up. (requested by Kiryu86)
|inactive|Prepucio Santos has 60 seconds left.
|inactive|Kiryu86 has 60 seconds left.
|
|t:|1784317739
|teamsize|p1|4
|teamsize|p2|4
|start
|switch|p1a: Pelipper|Pelipper, L50, F|100/100
|switch|p1b: Archaludon|Archaludon, L50, M|100/100
|switch|p2a: Tauros|Tauros-Paldea-Aqua, L50, M|100/100
|switch|p2b: Dragonite|Dragonite, L50, F, shiny|100/100
|-ability|p2a: Tauros|Intimidate|boost
|-unboost|p1a: Pelipper|atk|1
|-unboost|p1b: Archaludon|atk|1
|-weather|RainDance|[from] ability: Drizzle|[of] p1a: Pelipper
|turn|1
|
|t:|1784317756
|detailschange|p2b: Dragonite|Dragonite-Mega, L50, F, shiny
|-mega|p2b: Dragonite|Dragonite|Dragoninite
|move|p1b: Archaludon|Protect|p1b: Archaludon
|-singleturn|p1b: Archaludon|Protect
|move|p2a: Tauros|Close Combat|p1b: Archaludon
|-activate|p1b: Archaludon|move: Protect
|move|p2b: Dragonite|Thunderbolt|p1a: Pelipper
|-supereffective|p1a: Pelipper|2
|-damage|p1a: Pelipper|0 fnt
|faint|p1a: Pelipper
|
|-weather|RainDance|[upkeep]
|upkeep
|
|t:|1784317774
|switch|p1a: Swampert|Swampert, L50, M|100/100
|turn|2
|
|t:|1784317786
|detailschange|p1a: Swampert|Swampert-Mega, L50, M
|-mega|p1a: Swampert|Swampert|Swampertite
|move|p1a: Swampert|Ice Punch|p2b: Dragonite
|-supereffective|p2b: Dragonite|2
|-damage|p2b: Dragonite|42/100
|move|p2a: Tauros|Close Combat|p1b: Archaludon
|-supereffective|p1b: Archaludon|1
|-damage|p1b: Archaludon|8/100
|-unboost|p2a: Tauros|def|1
|-unboost|p2a: Tauros|spd|1
|-ability|p1b: Archaludon|Stamina|boost
|-boost|p1b: Archaludon|def|1
|move|p2b: Dragonite|Draco Meteor|p1a: Swampert
|-damage|p1a: Swampert|33/100
|-unboost|p2b: Dragonite|spa|2
|move|p1b: Archaludon|Electro Shot||[still]
|-prepare|p1b: Archaludon|Electro Shot
|-boost|p1b: Archaludon|spa|1
|-anim|p1b: Archaludon|Electro Shot|p2a: Tauros
|-supereffective|p2a: Tauros|1
|-damage|p2a: Tauros|0 fnt
|faint|p2a: Tauros
|
|-weather|RainDance|[upkeep]
|-heal|p1b: Archaludon|14/100|[from] item: Leftovers
|upkeep
|
|t:|1784317804
|switch|p2a: Talonflame|Talonflame, L50, F|100/100
|turn|3
|inactive|Kiryu86 has 30 seconds left.
|
|t:|1784317844
|move|p2b: Dragonite|Protect|p2b: Dragonite
|-singleturn|p2b: Dragonite|Protect
|move|p2a: Talonflame|Tailwind|p2a: Talonflame
|-sidestart|p2: Kiryu86|move: Tailwind
|move|p1a: Swampert|Ice Punch|p2b: Dragonite
|-activate|p2b: Dragonite|move: Protect
|move|p1b: Archaludon|Electro Shot||[still]
|-prepare|p1b: Archaludon|Electro Shot
|-boost|p1b: Archaludon|spa|1
|-anim|p1b: Archaludon|Electro Shot|p2a: Talonflame
|-supereffective|p2a: Talonflame|1
|-enditem|p2a: Talonflame|Focus Sash
|-damage|p2a: Talonflame|1/100
|
|-weather|RainDance|[upkeep]
|-heal|p1b: Archaludon|20/100y|[from] item: Leftovers
|upkeep
|turn|4
|
|t:|1784317865
|switch|p1a: Sinistcha|Sinistcha, L50|100/100
|-heal|p1b: Archaludon|45/100|[from] ability: Hospitality|[of] p1a: Sinistcha
|move|p2a: Talonflame|Brave Bird|p1a: Sinistcha
|-supereffective|p1a: Sinistcha|1
|-enditem|p1a: Sinistcha|Coba Berry|[eat]
|-enditem|p1a: Sinistcha|Coba Berry|[weaken]
|-damage|p1a: Sinistcha|60/100
|-damage|p2a: Talonflame|0 fnt|[from] Recoil
|faint|p2a: Talonflame
|move|p2b: Dragonite|Hurricane|p1b: Archaludon
|-resisted|p1b: Archaludon|1
|-damage|p1b: Archaludon|30/100
|-start|p1b: Archaludon|confusion
|-ability|p1b: Archaludon|Stamina|boost
|-boost|p1b: Archaludon|def|1
|-activate|p1b: Archaludon|confusion
|move|p1b: Archaludon|Electro Shot||[still]
|-prepare|p1b: Archaludon|Electro Shot
|-boost|p1b: Archaludon|spa|1
|-anim|p1b: Archaludon|Electro Shot|p2b: Dragonite
|-damage|p2b: Dragonite|0 fnt
|faint|p2b: Dragonite
|
|-weather|RainDance|[upkeep]
|-heal|p1b: Archaludon|37/100|[from] item: Leftovers
|upkeep
|
|t:|1784317872
|switch|p2b: Kingambit|Kingambit, L50, F|100/100
|turn|5
|inactive|Prepucio Santos has 30 seconds left.
|
|t:|1784317902
|move|p2b: Kingambit|Kowtow Cleave|p1a: Sinistcha
|-supereffective|p1a: Sinistcha|1
|-damage|p1a: Sinistcha|0 fnt
|faint|p1a: Sinistcha
|-activate|p1b: Archaludon|confusion
|move|p1b: Archaludon|Electro Shot||[still]
|-prepare|p1b: Archaludon|Electro Shot
|-boost|p1b: Archaludon|spa|1
|-anim|p1b: Archaludon|Electro Shot|p2b: Kingambit
|-damage|p2b: Kingambit|0 fnt
|faint|p2b: Kingambit
|
|win|Prepucio Santos
||Prepucio Santos is ready for game 2.
|inactive|Kiryu86 has 30 seconds to confirm battle start!
||Kiryu86 is ready for game 2.
|uhtml|next|Next: Game 2 of 3
