|j|☆el1azsm
|j|☆hexagonfoot
|html|el1azsmhexagonfoot    
|uhtml|bestof|Game 2 of a best-of-3
|t:|1757831770
|gametype|doubles
|player|p1|el1azsm|proton|1087
|player|p2|hexagonfoot|caitlin|1200
|gen|9
|tier|[Gen 9] VGC 2025 Reg H (Bo3)
|rated|
|rule|Species Clause: Limit one of each Pokémon
|rule|Item Clause: Limit 1 of each item
|clearpoke
|poke|p1|Chesnaught, L50, F|
|poke|p1|Indeedee-F, L50, F|
|poke|p1|Dragonite, L50, M|
|poke|p1|Gholdengo, L50|
|poke|p1|Amoonguss, L50, F|
|poke|p1|Kingambit, L50, F|
|poke|p2|Gholdengo, L50|
|poke|p2|Sneasler, L50, M|
|poke|p2|Rillaboom, L50, M|
|poke|p2|Dragonite, L50, F|
|poke|p2|Ninetales-Alola, L50, F|
|poke|p2|Arcanine-Hisui, L50, M|
|teampreview|4
|showteam|p1|Chesnaught||PsychicSeed|Bulletproof|SpikyShield,KnockOff,BulkUp,BodyPress|||F|||50|,,,,,Water]Indeedee-F||SafetyGoggles|PsychicSurge|Protect,FollowMe,HelpingHand,AlluringVoice|||F|||50|,,,,,Fairy]Dragonite||LoadedDice|Multiscale|Protect,Tailwind,ScaleShot,ExtremeSpeed|||M|||50|,,,,,Normal]Gholdengo||FocusSash|GoodasGold|Protect,MakeItRain,ShadowBall,NastyPlot||||||50|,,,,,Water]Amoonguss||RockyHelmet|Regenerator|Protect,RagePowder,Spore,ClearSmog|||F|||50|,,,,,Water]Kingambit||AssaultVest|Defiant|IronHead,KowtowCleave,SuckerPunch,TeraBlast|||F|||50|,,,,,Flying
|showteam|p2|Gholdengo||GrassySeed|GoodasGold|NastyPlot,MakeItRain,ShadowBall,Protect||||||50|,,,,,Water]Sneasler||WhiteHerb|Unburden|CloseCombat,DireClaw,Coaching,Protect|||M|||50|,,,,,Ghost]Rillaboom||AssaultVest|GrassySurge|FakeOut,GrassyGlide,DrumBeating,HighHorsepower|||M|||50|,,,,,Fire]Dragonite||LoadedDice|Multiscale|ScaleShot,StompingTantrum,Tailwind,Protect|||F|||50|,,,,,Ground]Ninetales-Alola||FocusSash|SnowWarning|Blizzard,IcyWind,Encore,AuroraVeil|||F|||50|,,,,,Ghost]Arcanine-Hisui||ClearAmulet|Intimidate|RockSlide,FlareBlitz,ExtremeSpeed,Protect|||M|||50|,,,,,Water
|
|t:|1757831818
|teamsize|p1|4
|teamsize|p2|4
|start
|switch|p1a: Gholdengo|Gholdengo, L50|100/100
|switch|p1b: Indeedee|Indeedee-F, L50, F|100/100
|switch|p2a: Canada Water|Ninetales-Alola, L50, F|100/100
|switch|p2b: Barking Riverside|Arcanine-Hisui, L50, M|100/100
|-weather|Snowscape|[from] ability: Snow Warning|[of] p2a: Canada Water
|-ability|p2b: Barking Riverside|Intimidate|boost
|-unboost|p1a: Gholdengo|atk|1
|-unboost|p1b: Indeedee|atk|1
|-fieldstart|move: Psychic Terrain|[from] ability: Psychic Surge|[of] p1b: Indeedee
|turn|1
|
|t:|1757831843
|switch|p2a: Hampstead Heath|Rillaboom, L50, M|100/100
|-fieldstart|move: Grassy Terrain|[from] ability: Grassy Surge|[of] p2a: Hampstead Heath
|move|p1b: Indeedee|Follow Me|p1b: Indeedee
|-singleturn|p1b: Indeedee|move: Follow Me
|move|p2b: Barking Riverside|Rock Slide|p1a: Gholdengo|[spread] p1a,p1b
|-resisted|p1a: Gholdengo
|-damage|p1a: Gholdengo|84/100
|-damage|p1b: Indeedee|73/100
|move|p1a: Gholdengo|Nasty Plot|p1a: Gholdengo
|-boost|p1a: Gholdengo|spa|2
|
|-weather|Snowscape|[upkeep]
|-heal|p1a: Gholdengo|90/100|[from] Grassy Terrain
|-heal|p1b: Indeedee|79/100|[from] Grassy Terrain
|upkeep
|turn|2
|
|t:|1757831867
|move|p1a: Gholdengo|Protect|p1a: Gholdengo
|-singleturn|p1a: Gholdengo|Protect
|move|p1b: Indeedee|Protect|p1b: Indeedee
|-singleturn|p1b: Indeedee|Protect
|move|p2b: Barking Riverside|Flare Blitz|p1a: Gholdengo
|-activate|p1a: Gholdengo|move: Protect
|move|p2a: Hampstead Heath|High Horsepower|p1a: Gholdengo
|-activate|p1a: Gholdengo|move: Protect
|
|-weather|Snowscape|[upkeep]
|-heal|p1a: Gholdengo|96/100|[from] Grassy Terrain
|-heal|p1b: Indeedee|86/100|[from] Grassy Terrain
|upkeep
|turn|3
|
|t:|1757831884
|move|p1b: Indeedee|Follow Me|p1b: Indeedee
|-singleturn|p1b: Indeedee|move: Follow Me
|move|p2b: Barking Riverside|Flare Blitz|p1b: Indeedee
|-damage|p1b: Indeedee|29/100
|-damage|p2b: Barking Riverside|81/100|[from] Recoil
|move|p2a: Hampstead Heath|Drum Beating|p1b: Indeedee
|-crit|p1b: Indeedee
|-damage|p1b: Indeedee|0 fnt
|faint|p1b: Indeedee
|move|p1a: Gholdengo|Make It Rain|p2a: Hampstead Heath|[spread] p2a,p2b
|-crit|p2b: Barking Riverside
|-damage|p2a: Hampstead Heath|27/100
|-damage|p2b: Barking Riverside|0 fnt
|-unboost|p1a: Gholdengo|spa|1
|faint|p2b: Barking Riverside
|
|-weather|Snowscape|[upkeep]
|-heal|p2a: Hampstead Heath|33/100|[from] Grassy Terrain
|-heal|p1a: Gholdengo|100/100|[from] Grassy Terrain
|upkeep
|
|t:|1757831927
|switch|p2b: Canada Water|Ninetales-Alola, L50, F|100/100
|switch|p1b: Kingambit|Kingambit, L50, F|100/100
|turn|4
|
|t:|1757831961
|move|p1b: Kingambit|Sucker Punch|p2a: Hampstead Heath
|-damage|p2a: Hampstead Heath|0 fnt
|faint|p2a: Hampstead Heath
|move|p2b: Canada Water|Blizzard|p1a: Gholdengo|[spread] p1a,p1b
|-resisted|p1a: Gholdengo
|-resisted|p1b: Kingambit
|-damage|p1a: Gholdengo|82/100
|-damage|p1b: Kingambit|91/100
|move|p1a: Gholdengo|Nasty Plot|p1a: Gholdengo
|-boost|p1a: Gholdengo|spa|2
|
|-weather|Snowscape|[upkeep]
|-heal|p1a: Gholdengo|88/100|[from] Grassy Terrain
|-heal|p1b: Kingambit|97/100|[from] Grassy Terrain
|upkeep
|
|t:|1757831969
|switch|p2a: Euston|Sneasler, L50, M|100/100
|turn|5
|
|t:|1757831981
|move|p1a: Gholdengo|Protect|p1a: Gholdengo
|-singleturn|p1a: Gholdengo|Protect
|move|p2b: Canada Water|Blizzard|p1a: Gholdengo|[spread] p1b
|-activate|p1a: Gholdengo|move: Protect
|-resisted|p1b: Kingambit
|-damage|p1b: Kingambit|87/100
|move|p2a: Euston|Close Combat|p1b: Kingambit
|-supereffective|p1b: Kingambit
|-crit|p1b: Kingambit
|-damage|p1b: Kingambit|0 fnt
|-unboost|p2a: Euston|def|1
|-unboost|p2a: Euston|spd|1
|faint|p1b: Kingambit
|-enditem|p2a: Euston|White Herb
|-clearnegativeboost|p2a: Euston|[silent]
|
|-weather|none
|-heal|p1a: Gholdengo|94/100|[from] Grassy Terrain
|-fieldend|move: Grassy Terrain
|upkeep
|
|t:|1757831997
|switch|p1b: Chesnaught|Chesnaught, L50, F|100/100
|turn|6
|
|t:|1757832025
|-terastallize|p1b: Chesnaught|Water
|move|p2a: Euston|Dire Claw|p1b: Chesnaught
|-damage|p1b: Chesnaught|74/100
|move|p2b: Canada Water|Blizzard|p1a: Gholdengo|[spread] p1a
|-miss|p2b: Canada Water|p1b: Chesnaught
|-resisted|p1a: Gholdengo
|-damage|p1a: Gholdengo|75/100
|move|p1a: Gholdengo|Make It Rain|p2a: Euston|[spread] p2a,p2b
|-supereffective|p2b: Canada Water
|-damage|p2a: Euston|0 fnt
|-enditem|p2b: Canada Water|Focus Sash
|-damage|p2b: Canada Water|1/100
|-unboost|p1a: Gholdengo|spa|1
|faint|p2a: Euston
|move|p1b: Chesnaught|Knock Off|p2b: Canada Water
|-resisted|p2b: Canada Water
|-damage|p2b: Canada Water|0 fnt
|faint|p2b: Canada Water
|
|win|el1azsm
||hexagonfoot is ready for game 3.
|inactive|el1azsm has 30 seconds to confirm battle start!
|inactive|el1azsm has 20 seconds to confirm battle start!
|l|☆el1azsm
|player|p1|
||el1azsm is ready for game 3.
|uhtml|next|Next: Game 3 of 3
