|j|Ōśåmeikh_neiht
|j|Ōśåimonx6pace!
|html|meikh_neihtimonx6pace!    
|uhtml|bestof|Game 1 of a best-of-3
|t:|1783046645
|gametype|doubles
|player|p1|meikh_neiht|lucas|1321
|player|p2|imonx6pace!|rocketgrunt|1215
|gen|9
|tier|[Gen 9 Champions] VGC 2026 Reg M-B (Bo3)
|rated|
|rule|Species Clause: Limit one of each Pok├®mon
|rule|Item Clause: Limit 1 of each item
|clearpoke
|poke|p1|Staraptor, L50, F|
|poke|p1|Sinistcha, L50|
|poke|p1|Maushold, L50|
|poke|p1|Kingambit, L50, M|
|poke|p1|Sneasler, L50, F|
|poke|p1|Delphox, L50, F|
|poke|p2|Floette-Eternal, L50, F|
|poke|p2|Sinistcha, L50|
|poke|p2|Sneasler, L50, M|
|poke|p2|Basculegion, L50, M|
|poke|p2|Kingambit, L50, F|
|poke|p2|Talonflame, L50, M|
|teampreview|4
|showteam|p1|Staraptor||Staraptite|Intimidate|CloseCombat,BraveBird,Roost,Protect|Adamant||F|||50|]Sinistcha||SitrusBerry|Hospitality|RagePowder,MatchaGotcha,StrengthSap,LifeDew|Calm|||||50|]Maushold||ChopleBerry|FriendGuard|Encore,Charm,FollowMe,Protect|Timid|||||50|]Kingambit||OccaBerry|Defiant|KowtowCleave,SuckerPunch,SwordsDance,Protect|Adamant||M|||50|]Sneasler||WhiteHerb|Unburden|DireClaw,Protect,FakeOut,CloseCombat|Jolly||F|||50|]Delphox||Delphoxite|Blaze|HeatWave,Psyshock,NastyPlot,Protect|Timid||F|||50|
|showteam|p2|Floette-Eternal||Floettite|FlowerVeil|CalmMind,Moonblast,DazzlingGleam,Protect|Bold||F|||50|]Sinistcha||SitrusBerry|Hospitality|MatchaGotcha,RagePowder,LifeDew,TrickRoom|Calm|||||50|]Sneasler||WhiteHerb|Unburden|FakeOut,GunkShot,CloseCombat,Protect|Jolly||M|||50|]Basculegion||ChoiceScarf|Adaptability|FlipTurn,WaveCrash,AquaJet,LastRespects|Jolly||M|||50|]Kingambit||ChopleBerry|Defiant|KowtowCleave,SuckerPunch,IronHead,Protect|Adamant||F|||50|]Talonflame||FocusSash|GaleWings|Protect,Tailwind,DualWingbeat,FlareBlitz|Jolly||M|||50|
|inactive|Battle timer is ON: inactive players will automatically lose when time's up. (requested by imonx6pace!)
|inactive|meikh_neiht has 60 seconds left.
|
|t:|1783046728
|teamsize|p1|4
|teamsize|p2|4
|start
|switch|p1a: Delphox|Delphox, L50, F|100/100
|switch|p1b: Maushold|Maushold, L50|100/100
|switch|p2a: Sinistcha|Sinistcha, L50|100/100
|switch|p2b: Sneasler|Sneasler, L50, M|100/100
|turn|1
|inactive|meikh_neiht has 30 seconds left.
|inactive|meikh_neiht has 20 seconds left.
|inactive|meikh_neiht has 15 seconds left.
|
|t:|1783046770
|switch|p2b: Floette|Floette-Eternal, L50, F|100/100
|detailschange|p1a: Delphox|Delphox-Mega, L50, F
|-mega|p1a: Delphox|Delphox|Delphoxite
|move|p1a: Delphox|Nasty Plot|p1a: Delphox
|-boost|p1a: Delphox|spa|2
|move|p1b: Maushold|Encore||[still]
|-fail|p1b: Maushold
|move|p2a: Sinistcha|Trick Room|p2a: Sinistcha
|-fieldstart|move: Trick Room|[of] p2a: Sinistcha
|
|upkeep
|turn|2
|inactive|meikh_neiht has 30 seconds left.
|
|t:|1783046795
|detailschange|p2b: Floette|Floette-Mega, L50, F
|-mega|p2b: Floette|Floette|Floettite
|-ability|p2b: Floette|Fairy Aura
|move|p2a: Sinistcha|Rage Powder|p2a: Sinistcha
|-singleturn|p2a: Sinistcha|move: Rage Powder
|move|p1b: Maushold|Follow Me|p1b: Maushold
|-singleturn|p1b: Maushold|move: Follow Me
|move|p2b: Floette|Calm Mind|p2b: Floette
|-boost|p2b: Floette|spa|1
|-boost|p2b: Floette|spd|1
|move|p1a: Delphox|Heat Wave|p2a: Sinistcha|[spread] p2a,p2b
|-supereffective|p2a: Sinistcha|1
|-crit|p2b: Floette
|-damage|p2a: Sinistcha|0 fnt
|-damage|p2b: Floette|12/100
|faint|p2a: Sinistcha
|
|upkeep
|c|Ōśåmeikh_neiht|oof
|c|Ōśåmeikh_neiht|sorry
|c|Ōśåimonx6pace!|why are you sorry??
|
|t:|1783046814
|switch|p2a: Kingambit|Kingambit, L50, F|100/100
|turn|3
|c|Ōśåmeikh_neiht|crit
|c|Ōśåimonx6pace!|it happens dont apologize lol
|
|t:|1783046830
|move|p1b: Maushold|Protect|p1b: Maushold
|-singleturn|p1b: Maushold|Protect
|move|p1a: Delphox|Protect|p1a: Delphox
|-singleturn|p1a: Delphox|Protect
|move|p2a: Kingambit|Kowtow Cleave|p1a: Delphox
|-activate|p1a: Delphox|move: Protect
|move|p2b: Floette|Dazzling Gleam|p1b: Maushold|[spread] 
|-activate|p1a: Delphox|move: Protect
|-activate|p1b: Maushold|move: Protect
|
|upkeep
|turn|4
|
|t:|1783046840
|move|p2a: Kingambit|Protect|p2a: Kingambit
|-singleturn|p2a: Kingambit|Protect
|move|p1b: Maushold|Follow Me|p1b: Maushold
|-singleturn|p1b: Maushold|move: Follow Me
|move|p2b: Floette|Dazzling Gleam|p1a: Delphox|[spread] p1a,p1b
|-resisted|p1a: Delphox|1
|-damage|p1a: Delphox|82/100
|-damage|p1b: Maushold|23/100
|move|p1a: Delphox|Heat Wave|p2b: Floette|[spread] p2b
|-activate|p2a: Kingambit|move: Protect
|-damage|p2b: Floette|0 fnt
|faint|p2b: Floette
|
|upkeep
|
|t:|1783046845
|switch|p2b: Sneasler|Sneasler, L50, M|100/100
|turn|5
|
|t:|1783046855
|move|p1b: Maushold|Protect|p1b: Maushold
|-singleturn|p1b: Maushold|Protect
|move|p1a: Delphox|Protect|p1a: Delphox
|-singleturn|p1a: Delphox|Protect
|move|p2a: Kingambit|Kowtow Cleave|p1a: Delphox
|-activate|p1a: Delphox|move: Protect
|move|p2b: Sneasler|Close Combat|p1b: Maushold
|-activate|p1b: Maushold|move: Protect
|
|-fieldend|move: Trick Room
|upkeep
|turn|6
|
|t:|1783046868
|move|p2a: Kingambit|Protect|p2a: Kingambit
|-singleturn|p2a: Kingambit|Protect
|move|p1b: Maushold|Follow Me|p1b: Maushold
|-singleturn|p1b: Maushold|move: Follow Me
|move|p1a: Delphox|Heat Wave|p2b: Sneasler|[spread] p2b
|-activate|p2a: Kingambit|move: Protect
|-damage|p2b: Sneasler|0 fnt
|faint|p2b: Sneasler
|
|upkeep
|turn|7
|-message|imonx6pace! forfeited.
|
|win|meikh_neiht
|l|Ōśåimonx6pace!
|player|p2|
||imonx6pace! is ready for game 2.
|j|Ōśåimonx6pace!
|player|p2|imonx6pace!|rocketgrunt|
||meikh_neiht is ready for game 2.
|uhtml|next|Next: Game 2 of 3
|l|Ōśåimonx6pace!
|player|p2|
