|j|☆Inteligent8pro
|j|☆Bass pro stan
|html|Inteligent8proBass pro stan    
|uhtml|bestof|Game 1 of a best-of-3
|t:|1786118953
|gametype|doubles
|player|p1|Inteligent8pro|elesa|1210
|player|p2|Bass pro stan|fisherman-gen4|1289
|gen|9
|tier|[Gen 9 Champions] VGC 2026 Reg M-B (Bo3)
|rated|
|rule|Species Clause: Limit one of each Pokémon
|rule|Item Clause: Limit 1 of each item
|clearpoke
|poke|p1|Blaziken, L50, M|
|poke|p1|Venusaur, L50, M|
|poke|p1|Kingambit, L50, F|
|poke|p1|Ninetales-Alola, L50, M|
|poke|p1|Lycanroc-Dusk, L50, F|
|poke|p1|Basculegion, L50, M|
|poke|p2|Vaporeon, L50, F|
|poke|p2|Heliolisk, L50, M|
|poke|p2|Politoed, L50, F|
|poke|p2|Dragonite, L50, M|
|poke|p2|Scovillain, L50, M|
|poke|p2|Toxicroak, L50, M|
|teampreview|4
|showteam|p1|Blaziken||Blazikenite|SpeedBoost|FlareBlitz,CloseCombat,RockSlide,Detect|Adamant||M|||50|]Venusaur||Venusaurite|Chlorophyll|GigaDrain,SludgeBomb,EarthPower,Protect|Modest||M|||50|]Kingambit||LifeOrb|Defiant|KowtowCleave,SuckerPunch,IronHead,Protect|Adamant||F|||50|]Ninetales-Alola||NeverMeltIce|SnowWarning|Blizzard,FreezeDry,Encore,Protect|Timid||M|||50|]Lycanroc-Dusk||FocusSash|ToughClaws|RockSlide,Accelerock,CloseCombat,Protect|Adamant||F|||50|]Basculegion||ChoiceScarf|Adaptability|LastRespects,WaveCrash,AquaJet,FlipTurn|Jolly||M|||50|
|showteam|p2|Vaporeon||Leftovers|WaterAbsorb|CalmMind,Protect,Surf,IceBeam|Modest||F|||50|]Heliolisk||ChoiceScarf|DrySkin|Surf,ShedTail,Thunderbolt,HyperVoice|Timid||M|||50|]Politoed||LifeOrb|Drizzle|Surf,EarthPower,IceBeam,Protect|Modest||F|||50|]Dragonite||Dragoninite|Multiscale|Protect,DragonPulse,Surf,Hurricane|Modest||M|||50|]Scovillain||Scovillainite|Moody|Protect,RagePowder,Overheat,LeechSeed|Calm||M|||50|]Toxicroak||ShucaBerry|DrySkin|FakeOut,CloseCombat,GunkShot,Protect|Adamant||M|||50|
|inactive|Battle timer is ON: inactive players will automatically lose when time's up. (requested by Bass pro stan)
|inactive|Inteligent8pro has 60 seconds left.
|inactive|Bass pro stan has 60 seconds left.
|inactive|Inteligent8pro has 30 seconds left.
|inactive|Bass pro stan has 30 seconds left.
|
|t:|1786119014
|teamsize|p1|4
|teamsize|p2|4
|start
|switch|p1a: Venusaur|Venusaur, L50, M|100/100
|switch|p1b: Basculegion|Basculegion, L50, M|100/100
|switch|p2a: Heliolisk|Heliolisk, L50, M|100/100
|switch|p2b: Toxicroak|Toxicroak, L50, M|100/100
|turn|1
|inactive|Inteligent8pro has 30 seconds left.
|
|t:|1786119048
|switch|p1b: Kingambit|Kingambit, L50, F|100/100
|detailschange|p1a: Venusaur|Venusaur-Mega, L50, M
|-mega|p1a: Venusaur|Venusaur|Venusaurite
|move|p2b: Toxicroak|Fake Out|p1a: Venusaur
|-damage|p1a: Venusaur|90/100
|move|p2a: Heliolisk|Thunderbolt|p1b: Kingambit
|-damage|p1b: Kingambit|59/100
|cant|p1a: Venusaur|flinch
|
|upkeep
|turn|2
|inactive|Inteligent8pro has 30 seconds left.
|inactive|Bass pro stan has 30 seconds left.
|
|t:|1786119083
|move|p1b: Kingambit|Protect|p1b: Kingambit
|-singleturn|p1b: Kingambit|Protect
|move|p2a: Heliolisk|Thunderbolt|p1a: Venusaur
|-resisted|p1a: Venusaur|1
|-damage|p1a: Venusaur|73/100
|move|p2b: Toxicroak|Gunk Shot|p1a: Venusaur
|-damage|p1a: Venusaur|32/100
|move|p1a: Venusaur|Earth Power|p2a: Heliolisk
|-supereffective|p2a: Heliolisk|1
|-damage|p2a: Heliolisk|19/100
|
|upkeep
|turn|3
|inactive|Inteligent8pro has 30 seconds left.
|inactive|Bass pro stan has 30 seconds left.
|
|t:|1786119115
|switch|p2a: Dragonite|Dragonite, L50, M|100/100
|move|p1b: Kingambit|Sucker Punch||[still]
|-fail|p1b: Kingambit
|move|p2b: Toxicroak|Gunk Shot|p1a: Venusaur
|-damage|p1a: Venusaur|0 fnt
|faint|p1a: Venusaur
|
|upkeep
|
|t:|1786119123
|switch|p1a: Ninetales|Ninetales-Alola, L50, M|100/100
|-weather|Snowscape|[from] ability: Snow Warning|[of] p1a: Ninetales
|turn|4
|
|t:|1786119137
|switch|p2a: Politoed|Politoed, L50, F|100/100
|-weather|RainDance|[from] ability: Drizzle|[of] p2a: Politoed
|move|p1b: Kingambit|Sucker Punch||[still]
|-fail|p1b: Kingambit
|move|p1a: Ninetales|Blizzard|p2a: Politoed|[spread] p2a
|-miss|p1a: Ninetales|p2b: Toxicroak
|-resisted|p2a: Politoed|1
|-damage|p2a: Politoed|82/100
|move|p2b: Toxicroak|Gunk Shot|p1a: Ninetales
|-supereffective|p1a: Ninetales|1
|-damage|p1a: Ninetales|0 fnt
|faint|p1a: Ninetales
|
|-weather|RainDance|[upkeep]
|upkeep
|
|t:|1786119150
|switch|p1a: Basculegion|Basculegion, L50, M|100/100
|turn|5
|
|t:|1786119164
|move|p1a: Basculegion|Last Respects|p2b: Toxicroak
|-damage|p2b: Toxicroak|0 fnt
|faint|p2b: Toxicroak
|move|p2a: Politoed|Earth Power|p1b: Kingambit
|-supereffective|p1b: Kingambit|1
|-damage|p1b: Kingambit|0 fnt
|faint|p1b: Kingambit
|-damage|p2a: Politoed|72/100|[from] item: Life Orb
|
|-weather|RainDance|[upkeep]
|upkeep
|
|t:|1786119168
|switch|p2b: Heliolisk|Heliolisk, L50, M|19/100
|turn|6
|
|t:|1786119181
|move|p2b: Heliolisk|Thunderbolt|p1a: Basculegion
|-supereffective|p1a: Basculegion|1
|-damage|p1a: Basculegion|2/100
|move|p1a: Basculegion|Last Respects|p2a: Politoed
|-damage|p2a: Politoed|0 fnt
|faint|p2a: Politoed
|
|-weather|RainDance|[upkeep]
|-heal|p2b: Heliolisk|31/100|[from] ability: Dry Skin
|upkeep
|
|t:|1786119183
|switch|p2a: Dragonite|Dragonite, L50, M|100/100
|turn|7
|
|t:|1786119192
|move|p2a: Dragonite|Protect|p2a: Dragonite
|-singleturn|p2a: Dragonite|Protect
|move|p2b: Heliolisk|Thunderbolt|p1a: Basculegion
|-supereffective|p1a: Basculegion|1
|-damage|p1a: Basculegion|0 fnt
|faint|p1a: Basculegion
|
|win|Bass pro stan
