|j|☆Jaybird112233
|j|☆geminiduality2
|html|Jaybird112233geminiduality2    
|uhtml|bestof|Game 2 of a best-of-3
|t:|1785113835
|gametype|doubles
|player|p1|Jaybird112233|naveen|
|player|p2|geminiduality2|caitlin|
|gen|9
|tier|[Gen 9 Champions] VGC 2026 Reg M-B (Bo3)
|rule|Species Clause: Limit one of each Pokémon
|rule|Item Clause: Limit 1 of each item
|clearpoke
|poke|p1|Altaria, L50, F, shiny|
|poke|p1|Sinistcha, L50|
|poke|p1|Tyranitar, L50, F, shiny|
|poke|p1|Rotom-Heat, L50, shiny|
|poke|p1|Slowbro, L50, M|
|poke|p1|Aggron, L50, F|
|poke|p2|Whimsicott, L50, F, shiny|
|poke|p2|Greninja, L50, F|
|poke|p2|Froslass, L50, F, shiny|
|poke|p2|Sinistcha-Masterpiece, L50|
|poke|p2|Empoleon, L50, M|
|poke|p2|Incineroar, L50, M|
|teampreview|4
|showteam|p1|Altaria||Altarianite|CloudNine|HyperVoice,DracoMeteor,HyperBeam,Protect|Quiet||F|||50|]Sinistcha||SitrusBerry|Hospitality|MatchaGotcha,LifeDew,RagePowder,TrickRoom|Calm|||||50|]Tyranitar||Tyranitarite|SandStream|KnockOff,RockSlide,LowKick,Protect|Adamant||F|||50|]Rotom-Heat||WhiteHerb|Levitate|Thunderbolt,Overheat,LightScreen,VoltSwitch|Modest|||||50|]Slowbro||Leftovers|Regenerator|HealPulse,TrickRoom,Scald,Protect|Relaxed||M|||50|]Aggron||Aggronite|Sturdy|IronDefense,BodyPress,HeavySlam,Protect|Impish||F|||50|
|showteam|p2|Whimsicott||MentalHerb|Prankster|Encore,Moonblast,Tailwind,HelpingHand|Bold||F|||50|]Greninja||Greninjite|Protean|HydroPump,GunkShot,Extrasensory,IceBeam|Hasty||F|||50|]Froslass||Froslassite|CursedBody|Blizzard,ShadowBall,Protect,AuroraVeil|Timid||F|||50|]Sinistcha-Masterpiece||Leftovers|Hospitality|RagePowder,StrengthSap,MatchaGotcha,ShadowBall|Calm|||||50|]Empoleon||LifeOrb|Competitive|Blizzard,HydroPump,FlashCannon,AquaJet|Modest||M|||50|]Incineroar||SitrusBerry|Intimidate|FakeOut,FlareBlitz,PartingShot,BrickBreak|Careful||M|||50|
|j| terosath
|j| seafan13
|j| Bingus Von Bongus
|
|t:|1785113904
|teamsize|p1|4
|teamsize|p2|4
|start
|switch|p1a: Air Fryer|Rotom-Heat, L50, shiny|100/100
|switch|p1b: Ferrous|Aggron, L50, F|100/100
|switch|p2a: Iceheart|Froslass, L50, F, shiny|100/100
|switch|p2b: Prankster|Whimsicott, L50, F, shiny|100/100
|turn|1
|
|t:|1785113979
|detailschange|p2a: Iceheart|Froslass-Mega, L50, F, shiny
|-mega|p2a: Iceheart|Froslass|Froslassite
|-weather|Snowscape|[from] ability: Snow Warning|[of] p2a: Iceheart
|detailschange|p1b: Ferrous|Aggron-Mega, L50, F
|-mega|p1b: Ferrous|Aggron|Aggronite
|move|p2a: Iceheart|Aurora Veil|p2a: Iceheart
|-sidestart|p2: geminiduality2|move: Aurora Veil
|move|p2b: Prankster|Moonblast|p1a: Air Fryer
|-resisted|p1a: Air Fryer|1
|-damage|p1a: Air Fryer|86/100
|move|p1a: Air Fryer|Overheat|p2b: Prankster
|-supereffective|p2b: Prankster|1
|-damage|p2b: Prankster|0 fnt
|-unboost|p1a: Air Fryer|spa|2
|faint|p2b: Prankster
|-enditem|p1a: Air Fryer|White Herb
|-clearnegativeboost|p1a: Air Fryer|[silent]
|move|p1b: Ferrous|Heavy Slam|p2a: Iceheart
|-supereffective|p2a: Iceheart|1
|-damage|p2a: Iceheart|28/100
|
|-weather|Snowscape|[upkeep]
|upkeep
|
|t:|1785113997
|switch|p2b: Tea Time|Sinistcha-Masterpiece, L50|100/100
|-heal|p2a: Iceheart|53/100|[from] ability: Hospitality|[of] p2b: Tea Time
|turn|2
|
|t:|1785114033
|move|p2b: Tea Time|Rage Powder|p2b: Tea Time
|-singleturn|p2b: Tea Time|move: Rage Powder
|move|p2a: Iceheart|Blizzard|p1b: Ferrous|[spread] p1a,p1b
|-resisted|p1a: Air Fryer|1
|-resisted|p1b: Ferrous|1
|-damage|p1a: Air Fryer|61/100
|-damage|p1b: Ferrous|74/100
|-status|p1a: Air Fryer|frz
|cant|p1a: Air Fryer|frz
|move|p1b: Ferrous|Heavy Slam|p2b: Tea Time
|-damage|p2b: Tea Time|64/100
|
|-weather|Snowscape|[upkeep]
|-heal|p2b: Tea Time|70/100|[from] item: Leftovers
|upkeep
|turn|3
|
|t:|1785114051
|switch|p1a: Cuppa Tay|Sinistcha, L50|100/100
|-heal|p1b: Ferrous|98/100|[from] ability: Hospitality|[of] p1a: Cuppa Tay
|move|p2a: Iceheart|Shadow Ball|p1b: Ferrous
|-damage|p1b: Ferrous|47/100
|move|p2b: Tea Time|Shadow Ball|p1a: Cuppa Tay
|-supereffective|p1a: Cuppa Tay|1
|-damage|p1a: Cuppa Tay|49/100
|-unboost|p1a: Cuppa Tay|spd|1
|-enditem|p1a: Cuppa Tay|Sitrus Berry|[eat]
|-heal|p1a: Cuppa Tay|74/100|[from] item: Sitrus Berry
|move|p1b: Ferrous|Iron Defense|p1b: Ferrous
|-boost|p1b: Ferrous|def|2
|
|-weather|Snowscape|[upkeep]
|-heal|p2b: Tea Time|76/100|[from] item: Leftovers
|upkeep
|turn|4
|
|t:|1785114071
|move|p1a: Cuppa Tay|Rage Powder|p1a: Cuppa Tay
|-singleturn|p1a: Cuppa Tay|move: Rage Powder
|move|p2a: Iceheart|Shadow Ball|p1a: Cuppa Tay
|-supereffective|p1a: Cuppa Tay|1
|-damage|p1a: Cuppa Tay|0 fnt
|faint|p1a: Cuppa Tay
|move|p2b: Tea Time|Shadow Ball|p1b: Ferrous
|-damage|p1b: Ferrous|11/100
|move|p1b: Ferrous|Heavy Slam|p2a: Iceheart
|-supereffective|p2a: Iceheart|1
|-damage|p2a: Iceheart|0 fnt
|faint|p2a: Iceheart
|
|-weather|Snowscape|[upkeep]
|-heal|p2b: Tea Time|82/100|[from] item: Leftovers
|upkeep
|
|t:|1785114085
|switch|p2a: My Ninja Way|Greninja, L50, F|100/100
|switch|p1a: Chomps|Tyranitar, L50, F, shiny|100/100
|-weather|Sandstorm|[from] ability: Sand Stream|[of] p1a: Chomps
|turn|5
|
|t:|1785114109
|move|p1b: Ferrous|Protect|p1b: Ferrous
|-singleturn|p1b: Ferrous|Protect
|move|p2a: My Ninja Way|Hydro Pump|p1a: Chomps
|-start|p2a: My Ninja Way|typechange|Water|[from] ability: Protean
|-supereffective|p1a: Chomps|1
|-damage|p1a: Chomps|49/100
|move|p2b: Tea Time|Matcha Gotcha|p1b: Ferrous|[spread] p1a
|-activate|p1b: Ferrous|move: Protect
|-supereffective|p1a: Chomps|1
|-damage|p1a: Chomps|23/100
|-heal|p2b: Tea Time|97/100|[from] drain|[of] p1a: Chomps
|-status|p1a: Chomps|brn
|move|p1a: Chomps|Knock Off|p2b: Tea Time
|-supereffective|p2b: Tea Time|1
|-damage|p2b: Tea Time|59/100
|-enditem|p2b: Tea Time|Leftovers|[from] move: Knock Off|[of] p1a: Chomps
|
|-weather|Sandstorm|[upkeep]
|-damage|p2a: My Ninja Way|93/100|[from] Sandstorm
|-damage|p2b: Tea Time|53/100|[from] Sandstorm
|-damage|p1a: Chomps|17/100 brn|[from] brn
|-sideend|p2: geminiduality2|move: Aurora Veil
|upkeep
|turn|6
|
|t:|1785114157
|move|p2a: My Ninja Way|Hydro Pump|p1b: Ferrous
|-damage|p1b: Ferrous|0 fnt
|faint|p1b: Ferrous
|move|p2b: Tea Time|Matcha Gotcha|p1a: Chomps
|-supereffective|p1a: Chomps|1
|-damage|p1a: Chomps|0 fnt
|-heal|p2b: Tea Time|64/100|[from] drain|[of] p1a: Chomps
|faint|p1a: Chomps
|
|-weather|Sandstorm|[upkeep]
|-damage|p2a: My Ninja Way|87/100|[from] Sandstorm
|-damage|p2b: Tea Time|57/100|[from] Sandstorm
|upkeep
|
|t:|1785114169
|switch|p1b: Air Fryer|Rotom-Heat, L50, shiny|61/100 frz
|turn|7
|
|t:|1785114179
|move|p2a: My Ninja Way|Extrasensory|p1b: Air Fryer
|-damage|p1b: Air Fryer|37/100 frz
|cant|p1b: Air Fryer|frz
|move|p2b: Tea Time|Shadow Ball|p1b: Air Fryer
|-damage|p1b: Air Fryer|3/100 frz
|
|-weather|Sandstorm|[upkeep]
|-damage|p2a: My Ninja Way|81/100|[from] Sandstorm
|-damage|p1b: Air Fryer|0 fnt|[from] Sandstorm
|-damage|p2b: Tea Time|51/100|[from] Sandstorm
|faint|p1b: Air Fryer
|
|win|geminiduality2
|inactive|Jaybird112233 has 30 seconds to confirm battle start!
|inactive|geminiduality2 has 30 seconds to confirm battle start!
||Jaybird112233 is ready for game 3.
