|j|☆Pelegats
|j|☆NicoHax
|html|PelegatsNicoHax    
|uhtml|bestof|Game 2 of a best-of-3
|t:|1756487660
|gametype|doubles
|player|p1|Pelegats|n|1233
|player|p2|NicoHax|ethan|1333
|gen|9
|tier|[Gen 9] VGC 2025 Reg H (Bo3)
|rated|
|rule|Species Clause: Limit one of each Pokémon
|rule|Item Clause: Limit 1 of each item
|clearpoke
|poke|p1|Gholdengo, L50|
|poke|p1|Sneasler, L50, M|
|poke|p1|Rillaboom, L50, F|
|poke|p1|Dragonite, L50, M|
|poke|p1|Ninetales-Alola, L50, F|
|poke|p1|Arcanine-Hisui, L50, F|
|poke|p2|Sneasler, L50, F|
|poke|p2|Volcarona, L50, F|
|poke|p2|Baxcalibur, L50, M|
|poke|p2|Rillaboom, L50, M|
|poke|p2|Kingambit, L50, M|
|poke|p2|Dondozo, L50, F|
|teampreview|4
|showteam|p1|Gholdengo||GrassySeed|GoodasGold|NastyPlot,MakeItRain,ShadowBall,Protect||||||50|,,,,,Water]Sneasler||WhiteHerb|Unburden|CloseCombat,DireClaw,Coaching,Protect|||M|||50|,,,,,Ghost]Rillaboom||AssaultVest|GrassySurge|FakeOut,GrassyGlide,DrumBeating,HighHorsepower|||F|||50|,,,,,Fire]Dragonite||LoadedDice|Multiscale|ScaleShot,StompingTantrum,Tailwind,Protect|||M|||50|,,,,,Ground]Ninetales-Alola||FocusSash|SnowWarning|Blizzard,IcyWind,Encore,AuroraVeil|||F|||50|,,,,,Ghost]Arcanine-Hisui||ClearAmulet|Intimidate|RockSlide,FlareBlitz,ExtremeSpeed,Protect|||F|||50|,,,,,Water
|showteam|p2|Sneasler||FocusSash|Unburden|CloseCombat,DireClaw,Coaching,Protect|||F|||50|,,,,,Stellar]Volcarona||CovertCloak|FlameBody|QuiverDance,HeatWave,TeraBlast,Protect|||F|||50|,,,,,Fairy]Baxcalibur||LoadedDice|ThermalExchange|Protect,IceShard,ScaleShot,IcicleSpear|||M|||50|,,,,,Ghost]Rillaboom||AssaultVest|GrassySurge|WoodHammer,GrassyGlide,HighHorsepower,FakeOut|||M|||50|,,,,,Water]Kingambit||SafetyGoggles|Defiant|KowtowCleave,SuckerPunch,SwordsDance,Protect|||M|||50|,,,,,Ghost]Dondozo||Leftovers|Unaware|Protect,Yawn,Liquidation,Fissure|||F|||50|,,,,,Poison
|inactive|Battle timer is ON: inactive players will automatically lose when time's up. (requested by Pelegats)
|
|t:|1756487667
|teamsize|p1|4
|teamsize|p2|4
|start
|switch|p1a: Sneasler|Sneasler, L50, M|100/100
|switch|p1b: Gholdengo|Gholdengo, L50|100/100
|switch|p2a: Jonathan|Rillaboom, L50, M|100/100
|switch|p2b: Kaisen|Kingambit, L50, M|100/100
|-fieldstart|move: Grassy Terrain|[from] ability: Grassy Surge|[of] p2a: Jonathan
|-enditem|p1b: Gholdengo|Grassy Seed
|-boost|p1b: Gholdengo|def|1|[from] item: Grassy Seed
|turn|1
|inactive|NicoHax has 30 seconds left.
|
|t:|1756487701
|-terastallize|p2b: Kaisen|Ghost
|move|p1a: Sneasler|Close Combat|p2b: Kaisen
|-immune|p2b: Kaisen
|move|p1b: Gholdengo|Nasty Plot|p1b: Gholdengo
|-boost|p1b: Gholdengo|spa|2
|move|p2a: Jonathan|High Horsepower|p1b: Gholdengo
|-supereffective|p1b: Gholdengo
|-damage|p1b: Gholdengo|57/100
|move|p2b: Kaisen|Swords Dance|p2b: Kaisen
|-boost|p2b: Kaisen|atk|2
|
|-heal|p1b: Gholdengo|63/100|[from] Grassy Terrain
|upkeep
|turn|2
|
|t:|1756487719
|move|p1b: Gholdengo|Protect|p1b: Gholdengo
|-singleturn|p1b: Gholdengo|Protect
|move|p2b: Kaisen|Sucker Punch||[still]
|-fail|p2b: Kaisen
|move|p1a: Sneasler|Dire Claw|p2a: Jonathan
|-supereffective|p2a: Jonathan
|-damage|p2a: Jonathan|22/100
|move|p2a: Jonathan|High Horsepower|p1a: Sneasler
|-supereffective|p1a: Sneasler
|-damage|p1a: Sneasler|18/100
|
|-heal|p1a: Sneasler|24/100|[from] Grassy Terrain
|-heal|p1b: Gholdengo|69/100|[from] Grassy Terrain
|-heal|p2a: Jonathan|28/100|[from] Grassy Terrain
|upkeep
|turn|3
|
|t:|1756487733
|-terastallize|p1b: Gholdengo|Water
|move|p2a: Jonathan|Grassy Glide|p1a: Sneasler
|-resisted|p1a: Sneasler
|-damage|p1a: Sneasler|2/100
|move|p2b: Kaisen|Sucker Punch|p1b: Gholdengo
|-damage|p1b: Gholdengo|14/100
|move|p1a: Sneasler|Dire Claw|p2a: Jonathan
|-supereffective|p2a: Jonathan
|-damage|p2a: Jonathan|0 fnt
|faint|p2a: Jonathan
|move|p1b: Gholdengo|Shadow Ball|p2b: Kaisen
|-supereffective|p2b: Kaisen
|-damage|p2b: Kaisen|0 fnt
|faint|p2b: Kaisen
|
|-heal|p1a: Sneasler|8/100|[from] Grassy Terrain
|-heal|p1b: Gholdengo|20/100|[from] Grassy Terrain
|upkeep
|
|t:|1756487740
|switch|p2a: Velosa|Volcarona, L50, F|100/100
|switch|p2b: Laertes|Sneasler, L50, F|100/100
|turn|4
|
|t:|1756487750
|move|p2b: Laertes|Dire Claw|p1a: Sneasler
|-resisted|p1a: Sneasler
|-damage|p1a: Sneasler|0 fnt
|faint|p1a: Sneasler
|move|p2a: Velosa|Tera Blast|p1b: Gholdengo
|-damage|p1b: Gholdengo|0 fnt
|faint|p1b: Gholdengo
|
|upkeep
|
|t:|1756487757
|switch|p1a: Rillaboom|Rillaboom, L50, F|100/100
|switch|p1b: Arcanine|Arcanine-Hisui, L50, F|100/100
|-ability|p1b: Arcanine|Intimidate|boost
|-unboost|p2a: Velosa|atk|1
|-unboost|p2b: Laertes|atk|1
|turn|5
|
|t:|1756487763
|move|p2b: Laertes|Protect|p2b: Laertes
|-singleturn|p2b: Laertes|Protect
|move|p2a: Velosa|Protect|p2a: Velosa
|-singleturn|p2a: Velosa|Protect
|move|p1a: Rillaboom|Fake Out|p2b: Laertes
|-activate|p2b: Laertes|move: Protect
|move|p1b: Arcanine|Rock Slide|p2b: Laertes|[spread] 
|-activate|p2a: Velosa|move: Protect
|-activate|p2b: Laertes|move: Protect
|
|-fieldend|move: Grassy Terrain
|upkeep
|turn|6
|
|t:|1756487774
|move|p2b: Laertes|Close Combat|p1b: Arcanine
|-supereffective|p1b: Arcanine
|-damage|p1b: Arcanine|0 fnt
|-unboost|p2b: Laertes|def|1
|-unboost|p2b: Laertes|spd|1
|faint|p1b: Arcanine
|move|p1a: Rillaboom|High Horsepower|p2b: Laertes
|-supereffective|p2b: Laertes
|-enditem|p2b: Laertes|Focus Sash
|-damage|p2b: Laertes|1/100
|move|p2a: Velosa|Heat Wave|p1a: Rillaboom
|-supereffective|p1a: Rillaboom
|-damage|p1a: Rillaboom|21/100
|-status|p1a: Rillaboom|brn
|
|-damage|p1a: Rillaboom|15/100 brn|[from] brn
|upkeep
|turn|7
|-message|Pelegats forfeited.
|
|win|NicoHax
|raw|Pelegats's rating: 1233 → 1215(-18 for losing)
|raw|NicoHax's rating: 1333 → 1347(+14 for winning)
|l|☆Pelegats
|player|p1|
