|j|☆Zoetron
|j|☆nikolasnaiz
|html|Zoetronnikolasnaiz    
|uhtml|bestof|Game 3 of a best-of-3
|t:|1756028212
|gametype|doubles
|player|p1|Zoetron|169|1268
|player|p2|nikolasnaiz|larry|1276
|gen|9
|tier|[Gen 9] VGC 2025 Reg H (Bo3)
|rated|
|rule|Species Clause: Limit one of each Pokémon
|rule|Item Clause: Limit 1 of each item
|clearpoke
|poke|p1|Gyarados, L50, M|
|poke|p1|Electabuzz, L50, M|
|poke|p1|Tyranitar, L50, M|
|poke|p1|Kommo-o, L50, M|
|poke|p1|Gholdengo, L50|
|poke|p1|Sinistcha, L50|
|poke|p2|Dragonite, L50, M|
|poke|p2|Ursaluna-Bloodmoon, L50, M|
|poke|p2|Annihilape, L50, M|
|poke|p2|Volcarona, L50, F|
|poke|p2|Rillaboom, L50, M|
|poke|p2|Incineroar, L50, M|
|teampreview|4
|showteam|p1|Gyarados||ClearAmulet|Intimidate|Waterfall,TeraBlast,DragonDance,Protect|||M|||50|,,,,,Flying]Electabuzz||Eviolite|VitalSpirit|Thunderbolt,Taunt,FollowMe,LightScreen|||M|||50|,,,,,Ghost]Tyranitar||AssaultVest|SandStream|RockSlide,LowKick,KnockOff,TeraBlast|||M|||50|,,,,,Flying]Kommo-o||ThroatSpray|Soundproof|ClangingScales,ClangorousSoul,Flamethrower,Protect|||M|||50|,,,,,Fire]Gholdengo||LifeOrb|GoodasGold|MakeItRain,ShadowBall,NastyPlot,Protect||||||50|,,,,,Water]Sinistcha||RockyHelmet|Hospitality|RagePowder,StrengthSap,EnergyBall,TrickRoom||||||50|,,,,,Fairy
|showteam|p2|Dragonite||LoadedDice|Multiscale|Protect,ScaleShot,Tailwind,Haze|||M|||50|,,,,,Steel]Ursaluna-Bloodmoon||FocusSash|MindsEye|Protect,BloodMoon,EarthPower,HyperVoice|||M|||50|,,,,,Normal]Annihilape||LumBerry|Defiant|Protect,RageFist,CloseCombat,Taunt|||M|||50|,,,,,Fire]Volcarona||CovertCloak|FlameBody|Protect,QuiverDance,HeatWave,TeraBlast|||F|||50|,,,,,Fairy]Rillaboom||AssaultVest|GrassySurge|FakeOut,WoodHammer,GrassyGlide,HighHorsepower|||M|||50|,,,,,Fire]Incineroar||SafetyGoggles|Intimidate|FakeOut,PartingShot,FlareBlitz,KnockOff|||M|||50|,,,,,Ghost
|inactive|Battle timer is ON: inactive players will automatically lose when time's up. (requested by nikolasnaiz)
|inactive|Zoetron has 60 seconds left.
|inactive|nikolasnaiz has 60 seconds left.
|
|t:|1756028253
|teamsize|p1|4
|teamsize|p2|4
|start
|switch|p1a: Tyranitar|Tyranitar, L50, M|100/100
|switch|p1b: Electabuzz|Electabuzz, L50, M|100/100
|switch|p2a: Annihilape|Annihilape, L50, M, shiny|100/100
|switch|p2b: Volcarona|Volcarona, L50, F|100/100
|-weather|Sandstorm|[from] ability: Sand Stream|[of] p1a: Tyranitar
|turn|1
|inactive|Zoetron has 30 seconds left.
|inactive|nikolasnaiz has 30 seconds left.
|inactive|Zoetron has 20 seconds left.
|inactive|Zoetron has 15 seconds left.
|inactive|Zoetron has 10 seconds left.
|
|t:|1756028301
|-terastallize|p2b: Volcarona|Fairy
|-terastallize|p1a: Tyranitar|Flying
|move|p2a: Annihilape|Protect|p2a: Annihilape
|-singleturn|p2a: Annihilape|Protect
|move|p1b: Electabuzz|Taunt|p2b: Volcarona
|-start|p2b: Volcarona|move: Taunt
|cant|p2b: Volcarona|move: Taunt|Quiver Dance
|move|p1a: Tyranitar|Tera Blast|p2a: Annihilape|[anim] Tera Blast Flying
|-activate|p2a: Annihilape|move: Protect
|
|-weather|Sandstorm|[upkeep]
|-damage|p1b: Electabuzz|95/100|[from] Sandstorm
|-damage|p2a: Annihilape|94/100|[from] Sandstorm
|-damage|p2b: Volcarona|94/100|[from] Sandstorm
|-damage|p1a: Tyranitar|95/100|[from] Sandstorm
|upkeep
|turn|2
|
|t:|1756028317
|switch|p2a: Dragonite|Dragonite, L50, M, shiny|100/100
|move|p1b: Electabuzz|Light Screen|p1b: Electabuzz
|-sidestart|p1: Zoetron|move: Light Screen
|move|p2b: Volcarona|Heat Wave|p1a: Tyranitar|[spread] p1a,p1b
|-damage|p1a: Tyranitar|81/100
|-damage|p1b: Electabuzz|77/100
|move|p1a: Tyranitar|Tera Blast|p2a: Dragonite|[anim] Tera Blast Flying
|-crit|p2a: Dragonite
|-damage|p2a: Dragonite|62/100
|
|-weather|Sandstorm|[upkeep]
|-damage|p1b: Electabuzz|71/100|[from] Sandstorm
|-damage|p2b: Volcarona|88/100|[from] Sandstorm
|-damage|p2a: Dragonite|56/100|[from] Sandstorm
|-damage|p1a: Tyranitar|75/100|[from] Sandstorm
|upkeep
|turn|3
|
|t:|1756028333
|move|p1b: Electabuzz|Follow Me|p1b: Electabuzz
|-singleturn|p1b: Electabuzz|move: Follow Me
|move|p2b: Volcarona|Heat Wave|p1a: Tyranitar|[spread] p1a,p1b
|-crit|p1b: Electabuzz
|-damage|p1a: Tyranitar|62/100
|-damage|p1b: Electabuzz|36/100
|move|p2a: Dragonite|Scale Shot|p1b: Electabuzz
|-damage|p1b: Electabuzz|21/100
|-damage|p1b: Electabuzz|6/100
|-damage|p1b: Electabuzz|0 fnt
|faint|p1b: Electabuzz
|-hitcount|p1: Electabuzz|3
|-unboost|p2a: Dragonite|def|1
|-boost|p2a: Dragonite|spe|1
|move|p1a: Tyranitar|Rock Slide|p2a: Dragonite|[spread] p2a,p2b
|-supereffective|p2a: Dragonite
|-damage|p2a: Dragonite|0 fnt
|-damage|p2b: Volcarona|50/100
|faint|p2a: Dragonite
|
|-weather|Sandstorm|[upkeep]
|-damage|p2b: Volcarona|44/100|[from] Sandstorm
|-damage|p1a: Tyranitar|56/100|[from] Sandstorm
|-end|p2b: Volcarona|move: Taunt
|upkeep
|
|t:|1756028353
|switch|p1b: Sinistcha|Sinistcha, L50|100/100
|switch|p2a: Ursaluna|Ursaluna-Bloodmoon, L50, M|100/100
|-heal|p1a: Tyranitar|81/100|[from] ability: Hospitality|[of] p1b: Sinistcha
|turn|4
|
|t:|1756028364
|move|p2b: Volcarona|Heat Wave|p1b: Sinistcha|[spread] p1a,p1b
|-supereffective|p1b: Sinistcha
|-crit|p1b: Sinistcha
|-damage|p1a: Tyranitar|69/100
|-damage|p1b: Sinistcha|0 fnt
|faint|p1b: Sinistcha
|move|p2a: Ursaluna|Hyper Voice|p1a: Tyranitar
|-damage|p1a: Tyranitar|50/100
|move|p1a: Tyranitar|Low Kick|p2a: Ursaluna
|-supereffective|p2a: Ursaluna
|-damage|p2a: Ursaluna|23/100
|
|-weather|Sandstorm|[upkeep]
|-damage|p2b: Volcarona|38/100|[from] Sandstorm
|-damage|p1a: Tyranitar|44/100|[from] Sandstorm
|upkeep
|
|t:|1756028377
|switch|p1b: Gholdengo|Gholdengo, L50|100/100
|turn|5
|
|t:|1756028392
|move|p2b: Volcarona|Protect|p2b: Volcarona
|-singleturn|p2b: Volcarona|Protect
|move|p2a: Ursaluna|Protect|p2a: Ursaluna
|-singleturn|p2a: Ursaluna|Protect
|move|p1b: Gholdengo|Make It Rain|p2a: Ursaluna|[spread] 
|-activate|p2a: Ursaluna|move: Protect
|-activate|p2b: Volcarona|move: Protect
|move|p1a: Tyranitar|Rock Slide|p2b: Volcarona|[spread] 
|-activate|p2a: Ursaluna|move: Protect
|-activate|p2b: Volcarona|move: Protect
|
|-weather|none
|upkeep
|turn|6
|
|t:|1756028416
|move|p2b: Volcarona|Heat Wave|p1a: Tyranitar|[spread] p1a
|-miss|p2b: Volcarona|p1b: Gholdengo
|-damage|p1a: Tyranitar|31/100
|move|p1b: Gholdengo|Make It Rain|p2b: Volcarona|[spread] p2a,p2b
|-supereffective|p2b: Volcarona
|-damage|p2a: Ursaluna|0 fnt
|-damage|p2b: Volcarona|0 fnt
|-unboost|p1b: Gholdengo|spa|1
|faint|p2a: Ursaluna
|faint|p2b: Volcarona
|-damage|p1b: Gholdengo|91/100|[from] item: Life Orb
|move|p1a: Tyranitar|Rock Slide|p2: Ursaluna|[notarget]
|-fail|p1a: Tyranitar
|
|-sideend|p1: Zoetron|move: Light Screen
|upkeep
|
|t:|1756028426
|switch|p2b: Annihilape|Annihilape, L50, M, shiny|94/100
|turn|7
|
|t:|1756028435
|move|p2b: Annihilape|Rage Fist|p1b: Gholdengo
|-supereffective|p1b: Gholdengo
|-damage|p1b: Gholdengo|42/100
|move|p1b: Gholdengo|Shadow Ball|p2b: Annihilape
|-supereffective|p2b: Annihilape
|-damage|p2b: Annihilape|25/100
|-damage|p1b: Gholdengo|32/100|[from] item: Life Orb
|move|p1a: Tyranitar|Tera Blast|p2b: Annihilape|[anim] Tera Blast Flying
|-supereffective|p2b: Annihilape
|-damage|p2b: Annihilape|0 fnt
|faint|p2b: Annihilape
|
|win|Zoetron
|raw|Zoetron's rating: 1268 → 1294(+26 for winning)
|raw|nikolasnaiz's rating: 1276 → 1250(-26 for losing)
