|j|☆xxAKIxx
|j|☆A_TerroneVGC
|html|xxAKIxxA_TerroneVGC    
|uhtml|bestof|Game 2 of a best-of-3
|t:|1756542114
|gametype|doubles
|player|p1|xxAKIxx|169|
|player|p2|A_TerroneVGC|265|
|gen|9
|tier|[Gen 9] VGC 2025 Reg H (Bo3)
|rule|Species Clause: Limit one of each Pokémon
|rule|Item Clause: Limit 1 of each item
|clearpoke
|poke|p1|Volcarona, L50, F|
|poke|p1|Primarina, L50, M|
|poke|p1|Tyranitar, L50, M|
|poke|p1|Excadrill, L50, F|
|poke|p1|Braviary, L50, M|
|poke|p1|Gothitelle, L50, M|
|poke|p2|Basculegion, L50, M|
|poke|p2|Gholdengo, L50|
|poke|p2|Archaludon, L50, M|
|poke|p2|Pelipper, L50, M|
|poke|p2|Incineroar, L50, M|
|poke|p2|Amoonguss, L50, M|
|teampreview|4
|showteam|p1|Volcarona||SitrusBerry|FlameBody|Protect,QuiverDance,HeatWave,GigaDrain|||F|||50|,,,,,Fairy]Primarina||MentalHerb|LiquidVoice|Haze,PerishSong,HyperVoice,Protect|||M|||50|,,,,,Water]Tyranitar||AssaultVest|SandStream|KnockOff,TeraBlast,RockSlide,BrickBreak|||M|||50|,,,,,Flying]Excadrill||LifeOrb|SandRush|Protect,IronHead,Earthquake,HighHorsepower|||F|||50|,,,,,Dragon]Braviary||SafetyGoggles|Defiant|DualWingbeat,Tailwind,Protect,Facade|||M|||50|,,,,,Ghost]Gothitelle||Leftovers|ShadowTag|TrickRoom,Protect,FakeOut,Psychic|||M|||50|,,,,,Water
|showteam|p2|Basculegion||ChoiceBand|SwiftSwim|WaveCrash,LastRespects,FlipTurn,AquaJet|||M|||50|,,,,,Water]Gholdengo||LifeOrb|GoodasGold|MakeItRain,ShadowBall,NastyPlot,Protect||||||50|,,,,,Water]Archaludon||AssaultVest|Stamina|FlashCannon,DracoMeteor,ElectroShot,BodyPress|||M|||50|,,,,,Bug]Pelipper||FocusSash|Drizzle|WeatherBall,Hurricane,Tailwind,Protect|||M|||50|,,,,,Ground]Incineroar||SafetyGoggles|Intimidate|FlareBlitz,KnockOff,FakeOut,PartingShot|||M|||50|,,,,,Ghost]Amoonguss||CovertCloak|Regenerator|PollenPuff,Spore,RagePowder,Protect|||M|||50|,,,,,Fairy
|
|t:|1756542166
|teamsize|p1|4
|teamsize|p2|4
|start
|switch|p1a: Gothitelle|Gothitelle, L50, M|100/100
|switch|p1b: Volcarona|Volcarona, L50, F|100/100
|switch|p2a: Gholdengo|Gholdengo, L50|100/100
|switch|p2b: Basculegion|Basculegion, L50, M|100/100
|turn|1
|
|t:|1756542200
|switch|p2a: Pelipper|Pelipper, L50, M|100/100
|-weather|RainDance|[from] ability: Drizzle|[of] p2a: Pelipper
|-terastallize|p1b: Volcarona|Fairy
|move|p1a: Gothitelle|Protect|p1a: Gothitelle
|-singleturn|p1a: Gothitelle|Protect
|move|p2b: Basculegion|Flip Turn|p1b: Volcarona
|-damage|p1b: Volcarona|9/100
|-enditem|p1b: Volcarona|Sitrus Berry|[eat]
|-heal|p1b: Volcarona|34/100|[from] item: Sitrus Berry
|
|t:|1756542213
|switch|p2b: Incineroar|Incineroar, L50, M|100/100|[from] Flip Turn
|-ability|p2b: Incineroar|Intimidate|boost
|-unboost|p1a: Gothitelle|atk|1
|-unboost|p1b: Volcarona|atk|1
|move|p1b: Volcarona|Quiver Dance|p1b: Volcarona
|-boost|p1b: Volcarona|spa|1
|-boost|p1b: Volcarona|spd|1
|-boost|p1b: Volcarona|spe|1
|
|-weather|RainDance|[upkeep]
|upkeep
|turn|2
|
|t:|1756542249
|switch|p1a: Tyranitar|Tyranitar, L50, M|100/100
|-weather|Sandstorm|[from] ability: Sand Stream|[of] p1a: Tyranitar
|move|p1b: Volcarona|Giga Drain|p2a: Pelipper
|-damage|p2a: Pelipper|37/100
|-heal|p1b: Volcarona|57/100|[from] drain|[of] p2a: Pelipper
|move|p2a: Pelipper|Tailwind|p2a: Pelipper
|-sidestart|p2: A_TerroneVGC|move: Tailwind
|move|p2b: Incineroar|Knock Off|p1a: Tyranitar
|-resisted|p1a: Tyranitar
|-damage|p1a: Tyranitar|80/100
|-enditem|p1a: Tyranitar|Assault Vest|[from] move: Knock Off|[of] p2b: Incineroar
|
|-weather|Sandstorm|[upkeep]
|-damage|p2a: Pelipper|31/100|[from] Sandstorm
|-damage|p1b: Volcarona|51/100|[from] Sandstorm
|upkeep
|turn|3
|
|t:|1756542286
|switch|p2a: Gholdengo|Gholdengo, L50|100/100
|switch|p1a: Braviary|Braviary, L50, M|100/100
|move|p1b: Volcarona|Giga Drain|p2a: Gholdengo
|-resisted|p2a: Gholdengo
|-crit|p2a: Gholdengo
|-damage|p2a: Gholdengo|69/100
|-heal|p1b: Volcarona|66/100|[from] drain|[of] p2a: Gholdengo
|move|p2b: Incineroar|Flare Blitz|p1b: Volcarona
|-damage|p1b: Volcarona|0 fnt
|faint|p1b: Volcarona
|-damage|p2b: Incineroar|80/100|[from] Recoil
|
|-weather|Sandstorm|[upkeep]
|upkeep
|
|t:|1756542305
|switch|p1b: Gothitelle|Gothitelle, L50, M|100/100
|turn|4
|
|t:|1756542319
|move|p1b: Gothitelle|Fake Out|p2b: Incineroar
|-damage|p2b: Incineroar|75/100
|move|p2a: Gholdengo|Nasty Plot|p2a: Gholdengo
|-boost|p2a: Gholdengo|spa|2
|cant|p2b: Incineroar|flinch
|move|p1a: Braviary|Tailwind|p1a: Braviary
|-sidestart|p1: xxAKIxx|move: Tailwind
|
|-weather|Sandstorm|[upkeep]
|-damage|p1b: Gothitelle|94/100|[from] Sandstorm
|-heal|p1b: Gothitelle|100/100|[from] item: Leftovers
|upkeep
|turn|5
|
|t:|1756542357
|move|p1b: Gothitelle|Protect|p1b: Gothitelle
|-singleturn|p1b: Gothitelle|Protect
|move|p2a: Gholdengo|Nasty Plot|p2a: Gholdengo
|-boost|p2a: Gholdengo|spa|2
|move|p1a: Braviary|Dual Wingbeat|p2b: Incineroar
|-crit|p2b: Incineroar
|-damage|p2b: Incineroar|51/100
|-damage|p2b: Incineroar|34/100
|-hitcount|p2b: Incineroar|2
|move|p2b: Incineroar|Knock Off|p1a: Braviary
|-damage|p1a: Braviary|44/100
|-enditem|p1a: Braviary|Safety Goggles|[from] move: Knock Off|[of] p2b: Incineroar
|
|-weather|Sandstorm|[upkeep]
|-damage|p1a: Braviary|38/100|[from] Sandstorm
|-damage|p1b: Gothitelle|94/100|[from] Sandstorm
|-heal|p1b: Gothitelle|100/100|[from] item: Leftovers
|-sideend|p2: A_TerroneVGC|move: Tailwind
|upkeep
|turn|6
|
|t:|1756542397
|move|p1a: Braviary|Dual Wingbeat|p2b: Incineroar
|-crit|p2b: Incineroar
|-damage|p2b: Incineroar|7/100
|-damage|p2b: Incineroar|0 fnt
|faint|p2b: Incineroar
|-hitcount|p2: Incineroar|2
|move|p2a: Gholdengo|Make It Rain|p1b: Gothitelle|[spread] p1a,p1b
|-damage|p1a: Braviary|0 fnt
|-damage|p1b: Gothitelle|0 fnt
|-unboost|p2a: Gholdengo|spa|1
|faint|p1a: Braviary
|faint|p1b: Gothitelle
|-damage|p2a: Gholdengo|60/100|[from] item: Life Orb
|
|-weather|none
|upkeep
|
|t:|1756542414
|switch|p1b: Tyranitar|Tyranitar, L50, M|80/100
|switch|p2b: Basculegion|Basculegion, L50, M|100/100
|-weather|Sandstorm|[from] ability: Sand Stream|[of] p1b: Tyranitar
|turn|7
|
|t:|1756542442
|switch|p2a: Pelipper|Pelipper, L50, M|31/100
|-weather|RainDance|[from] ability: Drizzle|[of] p2a: Pelipper
|-terastallize|p2b: Basculegion|Water
|move|p2b: Basculegion|Wave Crash|p1b: Tyranitar
|-supereffective|p1b: Tyranitar
|-damage|p1b: Tyranitar|0 fnt
|faint|p1b: Tyranitar
|-damage|p2b: Basculegion|77/100|[from] Recoil
|
|win|A_TerroneVGC
|l|☆xxAKIxx
|player|p1|
