|j|☆trevyah
|j|☆elmono11
|html|trevyahelmono11    
|uhtml|bestof|Game 1 of a best-of-3
|t:|1785613264
|gametype|doubles
|player|p1|trevyah|1|1472
|player|p2|elmono11|101|1387
|gen|9
|tier|[Gen 9 Champions] VGC 2026 Reg M-B (Bo3)
|rated|
|rule|Species Clause: Limit one of each Pokémon
|rule|Item Clause: Limit 1 of each item
|clearpoke
|poke|p1|Incineroar, L50, M|
|poke|p1|Toxapex, L50, F|
|poke|p1|Froslass, L50, F|
|poke|p1|Kingambit, L50, F|
|poke|p1|Garchomp, L50, M|
|poke|p1|Charizard, L50, M|
|poke|p2|Charizard, L50, M|
|poke|p2|Floette-Eternal, L50, F|
|poke|p2|Garchomp, L50, M|
|poke|p2|Kingambit, L50, M|
|poke|p2|Basculegion, L50, M|
|poke|p2|Whimsicott, L50, F|
|teampreview|4
|showteam|p1|Incineroar||SitrusBerry|Intimidate|FlareBlitz,ThroatChop,PartingShot,FakeOut|Careful||M|||50|]Toxapex||Leftovers|Regenerator|Toxic,Infestation,WideGuard,BanefulBunker|Impish||F|||50|]Froslass||Froslassite|CursedBody|Blizzard,ShadowBall,AuroraVeil,Protect|Modest||F|||50|]Kingambit||FocusSash|Defiant|KowtowCleave,LowKick,SuckerPunch,Protect|Adamant||F|||50|]Garchomp||LifeOrb|RoughSkin|DragonClaw,Earthquake,RockSlide,Protect|Jolly||M|||50|]Charizard||CharizarditeY|Blaze|HeatWave,WeatherBall,SolarBeam,Protect|Modest||M|||50|
|showteam|p2|Charizard||CharizarditeY|Blaze|HeatWave,WeatherBall,SolarBeam,Protect|Modest||M|||50|]Floette-Eternal||Floettite|FlowerVeil|Moonblast,DazzlingGleam,LightofRuin,Protect|Modest||F|||50|]Garchomp||LifeOrb|RoughSkin|Earthquake,DragonClaw,RockSlide,Protect|Jolly||M|||50|]Kingambit||BlackGlasses|Defiant|KowtowCleave,SuckerPunch,IronHead,Protect|Adamant||M|||50|]Basculegion||MysticWater|Adaptability|WaveCrash,LastRespects,AquaJet,Protect|Adamant||M|||50|]Whimsicott||FocusSash|Prankster|Moonblast,Tailwind,Encore,Protect|Timid||F|||50|
|inactive|Battle timer is ON: inactive players will automatically lose when time's up. (requested by elmono11)
|inactive|elmono11 has 60 seconds left.
|
|t:|1785613316
|teamsize|p1|4
|teamsize|p2|4
|start
|switch|p1a: Charizard|Charizard, L50, M|100/100
|switch|p1b: Toxapex|Toxapex, L50, F|100/100
|switch|p2a: Floette|Floette-Eternal, L50, F|100/100
|switch|p2b: Kingambit|Kingambit, L50, M|100/100
|turn|1
|inactive|trevyah has 30 seconds left.
|inactive|elmono11 has 30 seconds left.
|
|t:|1785613346
|switch|p2b: Whimsicott|Whimsicott, L50, F|100/100
|detailschange|p2a: Floette|Floette-Mega, L50, F
|-mega|p2a: Floette|Floette|Floettite
|-ability|p2a: Floette|Fairy Aura
|move|p1a: Charizard|Protect|p1a: Charizard
|-singleturn|p1a: Charizard|Protect
|move|p2a: Floette|Moonblast|p1b: Toxapex
|-resisted|p1b: Toxapex|1
|-damage|p1b: Toxapex|72/100
|move|p1b: Toxapex|Infestation|p2a: Floette
|-resisted|p2a: Floette|1
|-damage|p2a: Floette|98/100
|-activate|p2a: Floette|move: Infestation|[of] p1b: Toxapex
|
|-heal|p1b: Toxapex|78/100|[from] item: Leftovers
|-damage|p2a: Floette|86/100|[from] move: Infestation|[partiallytrapped]
|upkeep
|turn|2
|inactive|elmono11 has 30 seconds left.
|
|t:|1785613375
|switch|p1a: Incineroar|Incineroar, L50, M|100/100
|-ability|p1a: Incineroar|Intimidate|boost
|-unboost|p2a: Floette|atk|1
|-unboost|p2b: Whimsicott|atk|1
|move|p2b: Whimsicott|Moonblast|p1a: Incineroar
|-damage|p1a: Incineroar|60/100
|move|p2a: Floette|Moonblast|p1a: Incineroar
|-damage|p1a: Incineroar|0 fnt
|faint|p1a: Incineroar
|move|p1b: Toxapex|Infestation|p2b: Whimsicott
|-damage|p2b: Whimsicott|94/100
|-activate|p2b: Whimsicott|move: Infestation|[of] p1b: Toxapex
|
|-heal|p1b: Toxapex|84/100|[from] item: Leftovers
|-damage|p2b: Whimsicott|82/100|[from] move: Infestation|[partiallytrapped]
|-damage|p2a: Floette|74/100|[from] move: Infestation|[partiallytrapped]
|upkeep
|
|t:|1785613382
|switch|p1a: Charizard|Charizard, L50, M|100/100
|turn|3
|
|t:|1785613391
|detailschange|p1a: Charizard|Charizard-Mega-Y, L50, M
|-mega|p1a: Charizard|Charizard|Charizardite Y
|-weather|SunnyDay|[from] ability: Drought|[of] p1a: Charizard
|move|p2b: Whimsicott|Moonblast|p1b: Toxapex
|-resisted|p1b: Toxapex|1
|-damage|p1b: Toxapex|66/100
|move|p2a: Floette|Light of Ruin|p1b: Toxapex
|-resisted|p1b: Toxapex|1
|-damage|p1b: Toxapex|24/100
|-damage|p2a: Floette|52/100|[from] Recoil
|move|p1a: Charizard|Heat Wave|p2a: Floette|[spread] p2a
|-miss|p1a: Charizard|p2b: Whimsicott
|-damage|p2a: Floette|1/100
|move|p1b: Toxapex|Toxic|p2a: Floette
|-status|p2a: Floette|tox
|
|-weather|SunnyDay|[upkeep]
|-heal|p1b: Toxapex|30/100|[from] item: Leftovers
|-damage|p2a: Floette|0 fnt|[from] psn
|faint|p2a: Floette
|-damage|p2b: Whimsicott|70/100|[from] move: Infestation|[partiallytrapped]
|upkeep
|
|t:|1785613412
|switch|p2a: Garchomp|Garchomp, L50, M|100/100
|turn|4
|
|t:|1785613432
|move|p2b: Whimsicott|Protect|p2b: Whimsicott
|-singleturn|p2b: Whimsicott|Protect
|move|p1b: Toxapex|Baneful Bunker|p1b: Toxapex
|-singleturn|p1b: Toxapex|move: Protect
|move|p2a: Garchomp|Dragon Claw|p1a: Charizard
|-damage|p1a: Charizard|50/100g
|-damage|p2a: Garchomp|90/100|[from] item: Life Orb
|move|p1a: Charizard|Heat Wave|p2a: Garchomp|[spread] p2a
|-activate|p2b: Whimsicott|move: Protect
|-resisted|p2a: Garchomp|1
|-damage|p2a: Garchomp|55/100
|
|-weather|SunnyDay|[upkeep]
|-heal|p1b: Toxapex|36/100|[from] item: Leftovers
|-damage|p2b: Whimsicott|57/100|[from] move: Infestation|[partiallytrapped]
|upkeep
|turn|5
|
|t:|1785613442
|move|p1b: Toxapex|Wide Guard|p1b: Toxapex
|-singleturn|p1b: Toxapex|Wide Guard
|move|p2b: Whimsicott|Encore|p1b: Toxapex
|-start|p1b: Toxapex|Encore
|move|p2a: Garchomp|Rock Slide|p1a: Charizard|[spread] 
|-activate|p1a: Charizard|move: Wide Guard
|-activate|p1b: Toxapex|move: Wide Guard
|move|p1a: Charizard|Heat Wave|p2b: Whimsicott|[spread] p2a,p2b
|-resisted|p2a: Garchomp|1
|-supereffective|p2b: Whimsicott|1
|-damage|p2a: Garchomp|21/100
|-damage|p2b: Whimsicott|0 fnt
|-status|p2a: Garchomp|brn
|faint|p2b: Whimsicott
|
|-weather|SunnyDay|[upkeep]
|-heal|p1b: Toxapex|42/100|[from] item: Leftovers
|-damage|p2a: Garchomp|15/100 brn|[from] brn
|upkeep
|-message|elmono11 forfeited.
|
|win|trevyah
