|j|☆Trinton07
|j|☆p1ch1pichi
|html|Trinton07p1ch1pichi    
|uhtml|bestof|Game 3 of a best-of-3
|t:|1784651652
|gametype|doubles
|player|p1|Trinton07|265|1183
|player|p2|p1ch1pichi|n|1166
|gen|9
|tier|[Gen 9 Champions] VGC 2026 Reg M-B (Bo3)
|rated|
|rule|Species Clause: Limit one of each Pokémon
|rule|Item Clause: Limit 1 of each item
|clearpoke
|poke|p1|Charizard, L50, M|
|poke|p1|Pelipper, L50, F|
|poke|p1|Venusaur, L50, M|
|poke|p1|Archaludon, L50, F|
|poke|p1|Grimmsnarl, L50, M|
|poke|p1|Basculegion, L50, M|
|poke|p2|Staraptor, L50, F|
|poke|p2|Whimsicott, L50, F|
|poke|p2|Garchomp, L50, F|
|poke|p2|Gholdengo, L50|
|poke|p2|Typhlosion-Hisui, L50, F|
|poke|p2|Milotic, L50, M|
|teampreview|4
|showteam|p1|Charizard||CharizarditeY|Blaze|HeatWave,WeatherBall,SolarBeam,Protect|Modest||M|||50|]Pelipper||SitrusBerry|Drizzle|Hurricane,WeatherBall,WideGuard,Tailwind|Modest||F|||50|]Venusaur||FocusSash|Chlorophyll|SleepPowder,SludgeBomb,LeafStorm,Protect|Modest||M|||50|]Archaludon||Leftovers|Stamina|FlashCannon,DragonPulse,ElectroShot,Protect|Calm||F|||50|]Grimmsnarl||LightClay|Prankster|SpiritBreak,Reflect,LightScreen,PartingShot|Careful||M|||50|]Basculegion||ChoiceScarf|Adaptability|WaveCrash,LastRespects,FlipTurn,AquaJet|Jolly||M|||50|
|showteam|p2|Staraptor||Staraptite|Intimidate|BraveBird,CloseCombat,Roost,Protect|Jolly||F|||50|]Whimsicott||FocusSash|Prankster|Charm,Tailwind,Moonblast,WorrySeed|Timid||F|||50|]Garchomp||LifeOrb|RoughSkin|DragonClaw,StompingTantrum,RockSlide,Protect|Jolly||F|||50|]Gholdengo||WhiteHerb|GoodasGold|MakeItRain,ShadowBall,PowerGem,Protect|Modest|||||50|]Typhlosion-Hisui||ChoiceScarf|Frisk|Eruption,HeatWave,BurnUp,ShadowBall|Modest||F|||50|]Milotic||Leftovers|Competitive|Protect,Coil,Hypnosis,MuddyWater|Calm||M|||50|
|inactive|Battle timer is ON: inactive players will automatically lose when time's up. (requested by p1ch1pichi)
|
|t:|1784651663
|teamsize|p1|4
|teamsize|p2|4
|start
|switch|p1a: Archaludon|Archaludon, L50, F|100/100
|switch|p1b: Pelipper|Pelipper, L50, F|100/100
|switch|p2a: Staraptor|Staraptor, L50, F|100/100
|switch|p2b: Whimsicott|Whimsicott, L50, F|100/100
|-ability|p2a: Staraptor|Intimidate|boost
|-unboost|p1a: Archaludon|atk|1
|-unboost|p1b: Pelipper|atk|1
|-weather|RainDance|[from] ability: Drizzle|[of] p1b: Pelipper
|turn|1
|
|t:|1784651684
|detailschange|p2a: Staraptor|Staraptor-Mega, L50, F
|-mega|p2a: Staraptor|Staraptor|Staraptite
|move|p2a: Staraptor|Protect|p2a: Staraptor
|-singleturn|p2a: Staraptor|Protect
|move|p2b: Whimsicott|Worry Seed|p1a: Archaludon
|-ability|p1a: Archaludon|Insomnia|Stamina|[from] move: Worry Seed
|move|p1a: Archaludon|Flash Cannon|p2b: Whimsicott
|-supereffective|p2b: Whimsicott|1
|-enditem|p2b: Whimsicott|Focus Sash
|-damage|p2b: Whimsicott|1/100
|move|p1b: Pelipper|Hurricane|p2b: Whimsicott
|-supereffective|p2b: Whimsicott|1
|-damage|p2b: Whimsicott|0 fnt
|faint|p2b: Whimsicott
|
|-weather|RainDance|[upkeep]
|upkeep
|
|t:|1784651703
|switch|p2b: Gholdengo|Gholdengo, L50|100/100
|turn|2
|
|t:|1784651722
|move|p2a: Staraptor|Close Combat|p1a: Archaludon
|-supereffective|p1a: Archaludon|1
|-damage|p1a: Archaludon|2/100
|-boost|p2a: Staraptor|def|1
|-boost|p2a: Staraptor|spd|1
|move|p2b: Gholdengo|Power Gem|p1b: Pelipper
|-supereffective|p1b: Pelipper|1
|-damage|p1b: Pelipper|22/100
|-enditem|p1b: Pelipper|Sitrus Berry|[eat]
|-heal|p1b: Pelipper|46/100|[from] item: Sitrus Berry
|move|p1a: Archaludon|Electro Shot||[still]
|-prepare|p1a: Archaludon|Electro Shot
|-boost|p1a: Archaludon|spa|1
|-anim|p1a: Archaludon|Electro Shot|p2a: Staraptor
|-supereffective|p2a: Staraptor|1
|-damage|p2a: Staraptor|11/100
|move|p1b: Pelipper|Tailwind|p1b: Pelipper
|-sidestart|p1: Trinton07|move: Tailwind
|
|-weather|RainDance|[upkeep]
|-heal|p1a: Archaludon|8/100|[from] item: Leftovers
|upkeep
|turn|3
|inactive|Trinton07 has 30 seconds left.
|inactive|Trinton07 has 20 seconds left.
|
|t:|1784651761
|move|p2a: Staraptor|Protect|p2a: Staraptor
|-singleturn|p2a: Staraptor|Protect
|move|p1a: Archaludon|Electro Shot||[still]
|-prepare|p1a: Archaludon|Electro Shot
|-boost|p1a: Archaludon|spa|1
|-anim|p1a: Archaludon|Electro Shot|p2b: Gholdengo
|-damage|p2b: Gholdengo|7/100
|move|p1b: Pelipper|Hurricane|p2a: Staraptor
|-activate|p2a: Staraptor|move: Protect
|move|p2b: Gholdengo|Make It Rain|p1b: Pelipper|[spread] p1a,p1b
|-resisted|p1a: Archaludon|1
|-resisted|p1b: Pelipper|1
|-damage|p1a: Archaludon|0 fnt
|-damage|p1b: Pelipper|14/100
|-unboost|p2b: Gholdengo|spa|2
|faint|p1a: Archaludon
|-enditem|p2b: Gholdengo|White Herb
|-clearnegativeboost|p2b: Gholdengo|[silent]
|
|-weather|RainDance|[upkeep]
|upkeep
|
|t:|1784651782
|switch|p1a: Charizard|Charizard, L50, M|100/100
|turn|4
|
|t:|1784651802
|switch|p2a: Garchomp|Garchomp, L50, F|100/100
|detailschange|p1a: Charizard|Charizard-Mega-Y, L50, M
|-mega|p1a: Charizard|Charizard|Charizardite Y
|-weather|SunnyDay|[from] ability: Drought|[of] p1a: Charizard
|move|p2b: Gholdengo|Protect|p2b: Gholdengo
|-singleturn|p2b: Gholdengo|Protect
|move|p1a: Charizard|Heat Wave|p2b: Gholdengo|[spread] p2a
|-activate|p2b: Gholdengo|move: Protect
|-resisted|p2a: Garchomp|1
|-damage|p2a: Garchomp|66/100
|move|p1b: Pelipper|Weather Ball|p2a: Garchomp
|-resisted|p2a: Garchomp|1
|-damage|p2a: Garchomp|43/100
|
|-weather|SunnyDay|[upkeep]
|upkeep
|turn|5
|inactive|Trinton07 has 30 seconds left.
|inactive|p1ch1pichi has 30 seconds left.
|
|t:|1784651833
|switch|p2b: Staraptor|Staraptor-Mega, L50, F|11/100
|move|p2a: Garchomp|Protect|p2a: Garchomp
|-singleturn|p2a: Garchomp|Protect
|move|p1a: Charizard|Solar Beam||[still]
|-prepare|p1a: Charizard|Solar Beam
|-anim|p1a: Charizard|Solar Beam|p2a: Garchomp
|-activate|p2a: Garchomp|move: Protect
|move|p1b: Pelipper|Weather Ball|p2b: Staraptor
|-damage|p2b: Staraptor|0 fnt
|faint|p2b: Staraptor
|
|-weather|SunnyDay|[upkeep]
|-sideend|p1: Trinton07|move: Tailwind
|upkeep
|
|t:|1784651846
|switch|p2b: Gholdengo|Gholdengo, L50|7/100
|turn|6
|
|t:|1784651863
|move|p1b: Pelipper|Wide Guard|p1b: Pelipper
|-singleturn|p1b: Pelipper|Wide Guard
|move|p2a: Garchomp|Dragon Claw|p1b: Pelipper
|-crit|p1b: Pelipper
|-damage|p1b: Pelipper|0 fnt
|faint|p1b: Pelipper
|-damage|p2a: Garchomp|33/100|[from] item: Life Orb
|move|p2b: Gholdengo|Power Gem|p1a: Charizard
|-supereffective|p1a: Charizard|2
|-damage|p1a: Charizard|0 fnt
|faint|p1a: Charizard
|
|-weather|SunnyDay|[upkeep]
|upkeep
|
|t:|1784651879
|switch|p1a: Basculegion|Basculegion, L50, M|100/100
|turn|7
|
|t:|1784651886
|move|p2b: Gholdengo|Protect|p2b: Gholdengo
|-singleturn|p2b: Gholdengo|Protect
|move|p1a: Basculegion|Last Respects|p2b: Gholdengo
|-activate|p2b: Gholdengo|move: Protect
|move|p2a: Garchomp|Dragon Claw|p1a: Basculegion
|-damage|p1a: Basculegion|42/100
|-damage|p2a: Garchomp|24/100|[from] item: Life Orb
|
|-weather|SunnyDay|[upkeep]
|upkeep
|turn|8
|
|t:|1784651899
|move|p1a: Basculegion|Last Respects|p2b: Gholdengo
|-supereffective|p2b: Gholdengo|1
|-damage|p2b: Gholdengo|0 fnt
|faint|p2b: Gholdengo
|move|p2a: Garchomp|Dragon Claw|p1a: Basculegion
|-damage|p1a: Basculegion|0 fnt
|faint|p1a: Basculegion
|-damage|p2a: Garchomp|14/100|[from] item: Life Orb
|
|win|p1ch1pichi
|raw|Trinton07's rating: 1183 → 1157(-26 for losing)
|raw|p1ch1pichi's rating: 1166 → 1192(+26 for winning)
|l|☆Trinton07
|player|p1|
