|j|☆testdigi
|j|☆LGsniperz
|html|testdigiLGsniperz    
|uhtml|bestof|Game 2 of a best-of-3
|t:|1785155390
|gametype|doubles
|player|p1|testdigi|169|1208
|player|p2|LGsniperz|1|1129
|gen|9
|tier|[Gen 9 Champions] VGC 2026 Reg M-B (Bo3)
|rated|
|rule|Species Clause: Limit one of each Pokémon
|rule|Item Clause: Limit 1 of each item
|clearpoke
|poke|p1|Raichu, L50, M|
|poke|p1|Toxapex, L50, F|
|poke|p1|Mamoswine, L50, F|
|poke|p1|Sylveon, L50, M|
|poke|p1|Corviknight, L50, F|
|poke|p1|Basculegion, L50, M|
|poke|p2|Tyranitar, L50, F|
|poke|p2|Houndstone, L50, F|
|poke|p2|Milotic, L50, M|
|poke|p2|Klefki, L50, F|
|poke|p2|Staraptor, L50, M|
|poke|p2|Garchomp, L50, F|
|teampreview|4
|showteam|p1|Raichu||RaichuniteY|LightningRod|ZapCannon,FocusBlast,FakeOut,Protect|Timid||M|||50|]Toxapex||Leftovers|Regenerator|Infestation,Toxic,Recover,BanefulBunker|Relaxed||F|||50|]Mamoswine||LifeOrb|Oblivious|StompingTantrum,IceShard,RockSlide,Protect|Adamant||F|||50|]Sylveon||FairyFeather|Pixilate|HyperVoice,QuickAttack,Yawn,Detect|Modest||M|||50|]Corviknight||OccaBerry|MirrorArmor|IronHead,BraveBird,Tailwind,Protect|Adamant||F|||50|]Basculegion||FocusSash|Adaptability|LastRespects,Liquidation,AquaJet,Protect|Jolly||M|||50|
|showteam|p2|Tyranitar||Tyranitarite|SandStream|RockSlide,KnockOff,BrickBreak,Protect|Jolly||F|||50|]Houndstone||SitrusBerry|SandRush|LastRespects,PhantomForce,WillOWisp,Protect|Adamant||F|||50|]Milotic||Leftovers|Competitive|IceBeam,Scald,Protect,IcyWind|Bold||M|||50|]Klefki||LightClay|Prankster|Reflect,LightScreen,ThunderWave,Sandstorm|Impish||F|||50|]Staraptor||Staraptite|Intimidate|CloseCombat,Tailwind,BraveBird,Protect|Jolly||M|||50|]Garchomp||LifeOrb|RoughSkin|RockSlide,DragonClaw,StompingTantrum,Protect|Jolly||F|||50|
|inactive|Battle timer is ON: inactive players will automatically lose when time's up. (requested by testdigi)
|inactive|LGsniperz has 60 seconds left.
|
|t:|1785155464
|teamsize|p1|4
|teamsize|p2|4
|start
|switch|p1a: Mamoswine|Mamoswine, L50, F|100/100
|switch|p1b: Corviknight|Corviknight, L50, F|100/100
|switch|p2a: Staraptor|Staraptor, L50, M|100/100
|switch|p2b: Garchomp|Garchomp, L50, F|100/100
|-ability|p2a: Staraptor|Intimidate|boost
|-fail|p1a: Mamoswine|unboost|Attack|[from] ability: Oblivious|[of] p1a: Mamoswine
|-ability|p1b: Corviknight|Mirror Armor
|-unboost|p2a: Staraptor|atk|1
|turn|1
|inactive|LGsniperz has 30 seconds left.
|inactive|LGsniperz has 20 seconds left.
|
|t:|1785155501
|detailschange|p2a: Staraptor|Staraptor-Mega, L50, M
|-mega|p2a: Staraptor|Staraptor|Staraptite
|move|p1a: Mamoswine|Protect|p1a: Mamoswine
|-singleturn|p1a: Mamoswine|Protect
|move|p2a: Staraptor|Tailwind|p2a: Staraptor
|-sidestart|p2: LGsniperz|move: Tailwind
|move|p2b: Garchomp|Stomping Tantrum|p1a: Mamoswine
|-activate|p1a: Mamoswine|move: Protect
|move|p1b: Corviknight|Tailwind|p1b: Corviknight
|-sidestart|p1: testdigi|move: Tailwind
|
|upkeep
|turn|2
|inactive|testdigi has 30 seconds left.
|inactive|LGsniperz has 30 seconds left.
|inactive|testdigi has 20 seconds left.
|
|t:|1785155538
|move|p1a: Mamoswine|Ice Shard|p2b: Garchomp
|-supereffective|p2b: Garchomp|2
|-damage|p2b: Garchomp|0 fnt
|faint|p2b: Garchomp
|-damage|p1a: Mamoswine|90/100|[from] item: Life Orb
|move|p2a: Staraptor|Close Combat|p1b: Corviknight
|-damage|p1b: Corviknight|67/100
|-boost|p2a: Staraptor|def|1
|-boost|p2a: Staraptor|spd|1
|move|p1b: Corviknight|Brave Bird|p2a: Staraptor
|-supereffective|p2a: Staraptor|1
|-damage|p2a: Staraptor|42/100
|-damage|p1b: Corviknight|50/100g|[from] Recoil
|
|upkeep
|
|t:|1785155557
|switch|p2b: Klefki|Klefki, L50, F|100/100
|turn|3
|
|t:|1785155576
|move|p2b: Klefki|Reflect|p2b: Klefki
|-sidestart|p2: LGsniperz|Reflect
|move|p2a: Staraptor|Close Combat|p1b: Corviknight
|-damage|p1b: Corviknight|17/100
|-boost|p2a: Staraptor|def|1
|-boost|p2a: Staraptor|spd|1
|move|p1a: Mamoswine|Rock Slide|p2b: Klefki|[spread] p2b
|-miss|p1a: Mamoswine|p2a: Staraptor
|-resisted|p2b: Klefki|1
|-damage|p2b: Klefki|92/100
|-damage|p1a: Mamoswine|80/100|[from] item: Life Orb
|move|p1b: Corviknight|Brave Bird|p2a: Staraptor
|-supereffective|p2a: Staraptor|1
|-damage|p2a: Staraptor|10/100
|-damage|p1b: Corviknight|7/100|[from] Recoil
|
|upkeep
|turn|4
|inactive|LGsniperz has 30 seconds left.
|
|t:|1785155603
|switch|p2b: Tyranitar|Tyranitar, L50, F|100/100
|-weather|Sandstorm|[from] ability: Sand Stream|[of] p2b: Tyranitar
|move|p2a: Staraptor|Protect|p2a: Staraptor
|-singleturn|p2a: Staraptor|Protect
|move|p1b: Corviknight|Protect|p1b: Corviknight
|-singleturn|p1b: Corviknight|Protect
|move|p1a: Mamoswine|Ice Shard|p2a: Staraptor
|-activate|p2a: Staraptor|move: Protect
|
|-weather|Sandstorm|[upkeep]
|-damage|p2a: Staraptor|4/100|[from] Sandstorm
|-sideend|p1: testdigi|move: Tailwind
|-sideend|p2: LGsniperz|move: Tailwind
|upkeep
|turn|5
|
|t:|1785155624
|move|p1a: Mamoswine|Ice Shard|p2a: Staraptor
|-supereffective|p2a: Staraptor|1
|-damage|p2a: Staraptor|0 fnt
|faint|p2a: Staraptor
|-damage|p1a: Mamoswine|71/100|[from] item: Life Orb
|move|p2b: Tyranitar|Brick Break|p1a: Mamoswine
|-supereffective|p1a: Mamoswine|1
|-damage|p1a: Mamoswine|13/100
|move|p1b: Corviknight|Tailwind|p1b: Corviknight
|-sidestart|p1: testdigi|move: Tailwind
|
|-weather|Sandstorm|[upkeep]
|upkeep
|
|t:|1785155634
|switch|p2a: Klefki|Klefki, L50, F|92/100
|turn|6
|
|t:|1785155647
|move|p2b: Tyranitar|Protect|p2b: Tyranitar
|-singleturn|p2b: Tyranitar|Protect
|move|p2a: Klefki|Thunder Wave|p1b: Corviknight
|-status|p1b: Corviknight|par
|move|p1a: Mamoswine|Stomping Tantrum|p2a: Klefki
|-supereffective|p2a: Klefki|1
|-damage|p2a: Klefki|26/100
|-damage|p1a: Mamoswine|3/100|[from] item: Life Orb
|move|p1b: Corviknight|Iron Head|p2a: Klefki
|-damage|p2a: Klefki|7/100
|
|-weather|Sandstorm|[upkeep]
|upkeep
|turn|7
|
|t:|1785155668
|move|p1b: Corviknight|Protect|p1b: Corviknight
|-singleturn|p1b: Corviknight|Protect
|move|p1a: Mamoswine|Ice Shard|p2a: Klefki
|-resisted|p2a: Klefki|1
|-damage|p2a: Klefki|0 fnt
|faint|p2a: Klefki
|-damage|p1a: Mamoswine|0 fnt|[from] item: Life Orb
|faint|p1a: Mamoswine
|move|p2b: Tyranitar|Rock Slide|p1b: Corviknight
|-activate|p1b: Corviknight|move: Protect
|
|-weather|Sandstorm|[upkeep]
|upkeep
|
|t:|1785155675
|switch|p1a: Sylveon|Sylveon, L50, M|100/100
|turn|8
|
|t:|1785155683
|move|p1a: Sylveon|Hyper Voice|p2b: Tyranitar
|-supereffective|p2b: Tyranitar|1
|-damage|p2b: Tyranitar|20/100y
|move|p2b: Tyranitar|Rock Slide|p1b: Corviknight|[spread] p1b
|-miss|p2b: Tyranitar|p1a: Sylveon
|-damage|p1b: Corviknight|0 fnt
|faint|p1b: Corviknight
|
|-weather|none
|-sideend|p1: testdigi|move: Tailwind
|upkeep
|
|t:|1785155689
|switch|p1b: Raichu|Raichu, L50, M|100/100
|turn|9
|-message|LGsniperz forfeited.
|
|win|testdigi
