|j|â˜†Dike Guard
|j|â˜†MrPhoenixGC
|html|Dike GuardMrPhoenixGC    
|uhtml|bestof|Game 1 of a best-of-3
|t:|1783598894
|gametype|doubles
|player|p1|Dike Guard|266|1400
|player|p2|MrPhoenixGC|2|1301
|gen|9
|tier|[Gen 9 Champions] VGC 2026 Reg M-B (Bo3)
|rated|
|rule|Species Clause: Limit one of each PokÃ©mon
|rule|Item Clause: Limit 1 of each item
|clearpoke
|poke|p1|Incineroar, L50, M|
|poke|p1|Sinistcha, L50|
|poke|p1|Sneasler, L50, F|
|poke|p1|Kingambit, L50, M|
|poke|p1|Floette-Eternal, L50, F|
|poke|p1|Basculegion, L50, M|
|poke|p2|Charizard, L50, F|
|poke|p2|Kingambit, L50, M|
|poke|p2|Sylveon, L50, F|
|poke|p2|Garchomp, L50, M|
|poke|p2|Aerodactyl, L50, M|
|poke|p2|Farigiraf, L50, M|
|teampreview|4
|showteam|p1|Incineroar||SitrusBerry|Intimidate|FakeOut,FlareBlitz,HelpingHand,PartingShot|Careful||M|||50|]Sinistcha||KasibBerry|Hospitality|MatchaGotcha,TrickRoom,RagePowder,Protect|Bold|||||50|]Sneasler||FocusSash|PoisonTouch|PoisonJab,CloseCombat,Feint,FakeOut|Jolly||F|||50|]Kingambit||LifeOrb|Defiant|KowtowCleave,SuckerPunch,SwordsDance,Protect|Adamant||M|||50|]Floette-Eternal||Floettite|FlowerVeil|Moonblast,DazzlingGleam,CalmMind,Protect|Modest||F|||50|]Basculegion||ChoiceScarf|Adaptability|WaveCrash,LastRespects,FlipTurn,AquaJet|Jolly||M|||50|
|showteam|p2|Charizard||CharizarditeY|SolarPower|Protect,HeatWave,SolarBeam,WeatherBall|Modest||F|||50|]Kingambit||FocusSash|Defiant|IronHead,SuckerPunch,KowtowCleave,LowKick|Adamant||M|||50|]Sylveon||FairyFeather|Pixilate|Detect,HyperVoice,HyperBeam,QuickAttack|Modest||F|||50|]Garchomp||LifeOrb|RoughSkin|Protect,DragonClaw,Earthquake,RockSlide|Jolly||M|||50|]Aerodactyl||Aerodactylite|Unnerve|IceFang,RockSlide,Tailwind,DualWingbeat|Jolly||M|||50|]Farigiraf||SitrusBerry|ArmorTail|TrickRoom,Psychic,Thunderbolt,Protect|Bold||M|||50|
|
|t:|1783598925
|teamsize|p1|4
|teamsize|p2|4
|start
|switch|p1a: Floette|Floette-Eternal, L50, F|100/100
|switch|p1b: Sneasler|Sneasler, L50, F|100/100
|switch|p2a: Aerodactyl|Aerodactyl, L50, M|100/100
|switch|p2b: Kingambit|Kingambit, L50, M|100/100
|-ability|p2a: Aerodactyl|Unnerve
|turn|1
|
|t:|1783598947
|detailschange|p2a: Aerodactyl|Aerodactyl-Mega, L50, M
|-mega|p2a: Aerodactyl|Aerodactyl|Aerodactylite
|detailschange|p1a: Floette|Floette-Mega, L50, F
|-mega|p1a: Floette|Floette|Floettite
|-ability|p1a: Floette|Fairy Aura
|move|p1b: Sneasler|Fake Out|p2b: Kingambit
|-resisted|p2b: Kingambit|1
|-damage|p2b: Kingambit|93/100
|move|p2a: Aerodactyl|Dual Wingbeat|p1b: Sneasler
|-supereffective|p1b: Sneasler|1
|-damage|p1b: Sneasler|12/100
|-supereffective|p1b: Sneasler|1
|-damage|p1b: Sneasler|0 fnt
|faint|p1b: Sneasler
|-hitcount|p1: Sneasler|2
|move|p1a: Floette|Dazzling Gleam|p2a: Aerodactyl|[spread] p2a,p2b
|-damage|p2a: Aerodactyl|51/100
|-damage|p2b: Kingambit|38/100
|cant|p2b: Kingambit|flinch
|
|upkeep
|
|t:|1783598963
|switch|p1b: Incineroar|Incineroar, L50, M|100/100
|-ability|p1b: Incineroar|Intimidate|boost
|-unboost|p2a: Aerodactyl|atk|1
|-unboost|p2b: Kingambit|atk|1
|-ability|p2b: Kingambit|Defiant|boost
|-boost|p2b: Kingambit|atk|2
|turn|2
|
|t:|1783598986
|move|p1b: Incineroar|Fake Out|p2b: Kingambit
|-resisted|p2b: Kingambit|1
|-damage|p2b: Kingambit|34/100
|move|p2a: Aerodactyl|Tailwind|p2a: Aerodactyl
|-sidestart|p2: MrPhoenixGC|move: Tailwind
|cant|p2b: Kingambit|flinch
|move|p1a: Floette|Dazzling Gleam|p2b: Kingambit|[spread] p2a,p2b
|-damage|p2a: Aerodactyl|4/100
|-damage|p2b: Kingambit|0 fnt
|faint|p2b: Kingambit
|
|upkeep
|
|t:|1783599000
|switch|p2b: Sylveon|Sylveon, L50, F|100/100
|turn|3
|
|t:|1783599017
|move|p2a: Aerodactyl|Rock Slide|p1b: Incineroar|[spread] p1a,p1b
|-supereffective|p1b: Incineroar|1
|-damage|p1a: Floette|81/100
|-damage|p1b: Incineroar|73/100
|move|p2b: Sylveon|Hyper Voice|p1b: Incineroar|[spread] p1a,p1b
|-damage|p1a: Floette|38/100
|-damage|p1b: Incineroar|18/100
|-enditem|p1b: Incineroar|Sitrus Berry|[eat]
|-heal|p1b: Incineroar|43/100|[from] item: Sitrus Berry
|move|p1a: Floette|Dazzling Gleam|p2b: Sylveon|[spread] p2a,p2b
|-damage|p2a: Aerodactyl|0 fnt
|-damage|p2b: Sylveon|65/100
|faint|p2a: Aerodactyl
|cant|p1b: Incineroar|flinch
|
|upkeep
|
|t:|1783599033
|switch|p2a: Garchomp|Garchomp, L50, M|100/100
|turn|4
|
|t:|1783599041
|switch|p1b: Sinistcha|Sinistcha, L50|100/100
|-heal|p1a: Floette|63/100|[from] ability: Hospitality|[of] p1b: Sinistcha
|move|p2a: Garchomp|Protect|p2a: Garchomp
|-singleturn|p2a: Garchomp|Protect
|move|p1a: Floette|Protect|p1a: Floette
|-singleturn|p1a: Floette|Protect
|move|p2b: Sylveon|Hyper Voice|p1b: Sinistcha|[spread] p1b
|-activate|p1a: Floette|move: Protect
|-damage|p1b: Sinistcha|42/100
|
|upkeep
|turn|5
|
|t:|1783599088
|switch|p1a: Incineroar|Incineroar, L50, M|43/100
|-ability|p1a: Incineroar|Intimidate|boost
|-unboost|p2a: Garchomp|atk|1
|-unboost|p2b: Sylveon|atk|1
|move|p1b: Sinistcha|Protect|p1b: Sinistcha
|-singleturn|p1b: Sinistcha|Protect
|move|p2a: Garchomp|Rock Slide|p1a: Incineroar|[spread] p1a
|-activate|p1b: Sinistcha|move: Protect
|-supereffective|p1a: Incineroar|1
|-damage|p1a: Incineroar|18/100
|-damage|p2a: Garchomp|90/100|[from] item: Life Orb
|move|p2b: Sylveon|Hyper Voice|p1a: Incineroar|[spread] p1a
|-activate|p1b: Sinistcha|move: Protect
|-damage|p1a: Incineroar|0 fnt
|faint|p1a: Incineroar
|
|-sideend|p2: MrPhoenixGC|move: Tailwind
|upkeep
|
|t:|1783599106
|switch|p1a: Floette|Floette-Mega, L50, F|63/100
|-ability|p1a: Floette|Fairy Aura
|turn|6
|l|â˜†MrPhoenixGC
|player|p2|
|j|â˜†MrPhoenixGC
|player|p2|MrPhoenixGC|2|
|
|t:|1783599154
|move|p2a: Garchomp|Protect|p2a: Garchomp
|-singleturn|p2a: Garchomp|Protect
|move|p1a: Floette|Moonblast|p2b: Sylveon
|-damage|p2b: Sylveon|2/100
|-unboost|p2b: Sylveon|spa|1
|move|p2b: Sylveon|Hyper Voice|p1b: Sinistcha|[spread] p1a,p1b
|-damage|p1a: Floette|32/100
|-damage|p1b: Sinistcha|5/100
|move|p1b: Sinistcha|Matcha Gotcha|p2a: Garchomp|[spread] 
|-activate|p2a: Garchomp|move: Protect
|-miss|p1b: Sinistcha|p2b: Sylveon
|
|upkeep
|turn|7
|
|t:|1783599187
|move|p2b: Sylveon|Quick Attack|p1a: Floette
|-crit|p1a: Floette
|-damage|p1a: Floette|6/100
|move|p2a: Garchomp|Earthquake|p1b: Sinistcha|[spread] p2b,p1a,p1b
|-resisted|p1b: Sinistcha|1
|-damage|p2b: Sylveon|0 fnt
|-damage|p1a: Floette|0 fnt
|-damage|p1b: Sinistcha|0 fnt
|faint|p2b: Sylveon
|faint|p1a: Floette
|faint|p1b: Sinistcha
|-damage|p2a: Garchomp|80/100|[from] item: Life Orb
|
|win|MrPhoenixGC
||Dike Guard is ready for game 2.
|inactive|MrPhoenixGC has 30 seconds to confirm battle start!
||MrPhoenixGC is ready for game 2.
|uhtml|next|Next: Game 2 of 3
