|j|☆richardlt
|j|☆castoriceball
|html|richardltcastoriceball    
|uhtml|bestof|Game 3 of a best-of-3
|t:|1784325039
|gametype|doubles
|player|p1|richardlt|102|1192
|player|p2|castoriceball|miku-flying|1350
|gen|9
|tier|[Gen 9 Champions] VGC 2026 Reg M-B (Bo3)
|rated|
|rule|Species Clause: Limit one of each Pokémon
|rule|Item Clause: Limit 1 of each item
|clearpoke
|poke|p1|Blastoise, L50, M|
|poke|p1|Incineroar, L50, M|
|poke|p1|Sinistcha, L50|
|poke|p1|Farigiraf, L50, F|
|poke|p1|Sylveon, L50, M|
|poke|p1|Camerupt, L50, F|
|poke|p2|Sneasler, L50, M|
|poke|p2|Blastoise, L50, M|
|poke|p2|Kingambit, L50, M|
|poke|p2|Incineroar, L50, M|
|poke|p2|Delphox, L50, F|
|poke|p2|Sinistcha, L50|
|teampreview|4
|showteam|p1|Blastoise||Blastoisinite|RainDish|WaterSpout,DarkPulse,AuraSphere,FakeOut|Quiet||M|||50|]Incineroar||PasshoBerry|Intimidate|FlareBlitz,ThroatChop,FakeOut,Roar|Brave||M|||50|]Sinistcha||KasibBerry|Hospitality|MatchaGotcha,ShadowBall,RagePowder,TrickRoom|Relaxed|||||50|]Farigiraf||FocusSash|ArmorTail|Psyshock,Thunderbolt,NastyPlot,TrickRoom|Quiet||F|||50|]Sylveon||FairyFeather|Pixilate|HyperVoice,HyperBeam,QuickAttack,CalmMind|Quiet||M|||50|]Camerupt||Cameruptite|SolidRock|Eruption,EarthPower,AncientPower,Protect|Quiet||F|||50|
|showteam|p2|Sneasler||FocusSash|PoisonTouch|PoisonJab,CloseCombat,FakeOut,QuickGuard|Jolly||M|||50|]Blastoise||Blastoisinite|RainDish|DarkPulse,WaterSpout,ShellSmash,Protect|Modest||M|||50|]Kingambit||BlackGlasses|Defiant|KowtowCleave,SuckerPunch,SwordsDance,Protect|Adamant||M|||50|]Incineroar||SitrusBerry|Intimidate|FlareBlitz,HelpingHand,PartingShot,FakeOut|Adamant||M|||50|]Delphox||Delphoxite|Blaze|HeatWave,NastyPlot,Psyshock,Protect|Modest||F|||50|]Sinistcha||KasibBerry|Hospitality|MatchaGotcha,RagePowder,TrickRoom,Protect|Bold|||||50|
|inactive|Battle timer is ON: inactive players will automatically lose when time's up. (requested by richardlt)
|inactive|castoriceball has 60 seconds left.
|
|t:|1784325122
|teamsize|p1|4
|teamsize|p2|4
|start
|switch|p1a: Blastoise|Blastoise, L50, M|100/100
|switch|p1b: Farigiraf|Farigiraf, L50, F|100/100
|switch|p2a: Sinistcha|Sinistcha, L50|100/100
|switch|p2b: Blastoise|Blastoise, L50, M|100/100
|turn|1
|inactive|richardlt has 30 seconds left.
|inactive|richardlt has 20 seconds left.
|inactive|richardlt has 15 seconds left.
|inactive|richardlt has 10 seconds left.
|
|t:|1784325172
|switch|p1a: Incineroar|Incineroar, L50, M|100/100
|-ability|p1a: Incineroar|Intimidate|boost
|-unboost|p2a: Sinistcha|atk|1
|-unboost|p2b: Blastoise|atk|1
|detailschange|p2b: Blastoise|Blastoise-Mega, L50, M
|-mega|p2b: Blastoise|Blastoise|Blastoisinite
|move|p2b: Blastoise|Water Spout|p1b: Farigiraf|[spread] p1a,p1b
|-supereffective|p1a: Incineroar|1
|-enditem|p1a: Incineroar|Passho Berry|[eat]
|-enditem|p1a: Incineroar|Passho Berry|[weaken]
|-damage|p1a: Incineroar|40/100
|-damage|p1b: Farigiraf|36/100
|move|p2a: Sinistcha|Matcha Gotcha|p1b: Farigiraf|[spread] p1a,p1b
|-resisted|p1a: Incineroar|1
|-damage|p1a: Incineroar|28/100
|-damage|p1b: Farigiraf|11/100
|move|p1b: Farigiraf|Trick Room|p1b: Farigiraf
|-fieldstart|move: Trick Room|[of] p1b: Farigiraf
|
|upkeep
|turn|2
|inactive|richardlt has 30 seconds left.
|inactive|castoriceball has 30 seconds left.
|inactive|richardlt has 20 seconds left.
|inactive|castoriceball has 20 seconds left.
|inactive|richardlt has 15 seconds left.
|inactive|castoriceball has 15 seconds left.
|inactive|richardlt has 10 seconds left.
|inactive|richardlt has 5 seconds left.
|
|t:|1784325227
|switch|p1b: Sinistcha|Sinistcha, L50|100/100
|-heal|p1a: Incineroar|53/100|[from] ability: Hospitality|[of] p1b: Sinistcha
|move|p1a: Incineroar|Fake Out|p2b: Blastoise
|-crit|p2b: Blastoise
|-damage|p2b: Blastoise|78/100
|cant|p2b: Blastoise|flinch
|move|p2a: Sinistcha|Trick Room|p2a: Sinistcha
|-fieldend|move: Trick Room
|
|upkeep
|turn|3
|inactive|castoriceball has 30 seconds left.
|inactive|castoriceball has 20 seconds left.
|
|t:|1784325263
|move|p2b: Blastoise|Water Spout|p1a: Incineroar|[spread] p1a,p1b
|-supereffective|p1a: Incineroar|1
|-resisted|p1b: Sinistcha|1
|-damage|p1a: Incineroar|0 fnt
|-damage|p1b: Sinistcha|71/100
|faint|p1a: Incineroar
|move|p2a: Sinistcha|Matcha Gotcha|p1b: Sinistcha
|-resisted|p1b: Sinistcha|1
|-damage|p1b: Sinistcha|54/100
|-status|p1b: Sinistcha|brn
|move|p1b: Sinistcha|Matcha Gotcha|p2a: Sinistcha|[spread] p2a,p2b
|-resisted|p2a: Sinistcha|1
|-supereffective|p2b: Blastoise|1
|-damage|p2a: Sinistcha|88/100
|-heal|p1b: Sinistcha|59/100 brn|[from] drain|[of] p2a: Sinistcha
|-damage|p2b: Blastoise|31/100
|-heal|p1b: Sinistcha|80/100 brn|[from] drain|[of] p2b: Blastoise
|
|-damage|p1b: Sinistcha|74/100 brn|[from] brn
|upkeep
|
|t:|1784325283
|switch|p1a: Blastoise|Blastoise, L50, M|100/100
|turn|4
|inactive|richardlt has 30 seconds left.
|inactive|richardlt has 20 seconds left.
|
|t:|1784325319
|move|p1a: Blastoise|Fake Out|p2b: Blastoise
|-damage|p2b: Blastoise|23/100
|cant|p2b: Blastoise|flinch
|move|p2a: Sinistcha|Matcha Gotcha|p1a: Blastoise|[spread] p1a,p1b
|-supereffective|p1a: Blastoise|1
|-resisted|p1b: Sinistcha|1
|-damage|p1a: Blastoise|56/100
|-heal|p2a: Sinistcha|100/100|[from] drain|[of] p1a: Blastoise
|-damage|p1b: Sinistcha|59/100 brn
|-status|p1a: Blastoise|brn
|move|p1b: Sinistcha|Trick Room|p1b: Sinistcha
|-fieldstart|move: Trick Room|[of] p1b: Sinistcha
|
|-damage|p1b: Sinistcha|53/100 brn|[from] brn
|-damage|p1a: Blastoise|51/100 brn|[from] brn
|upkeep
|turn|5
|inactive|castoriceball has 30 seconds left.
|
|t:|1784325351
|switch|p2b: Sneasler|Sneasler, L50, M|100/100
|detailschange|p1a: Blastoise|Blastoise-Mega, L50, M
|-mega|p1a: Blastoise|Blastoise|Blastoisinite
|move|p2a: Sinistcha|Protect|p2a: Sinistcha
|-singleturn|p2a: Sinistcha|Protect
|move|p1b: Sinistcha|Matcha Gotcha|p2b: Sneasler|[spread] p2b
|-activate|p2a: Sinistcha|move: Protect
|-resisted|p2b: Sneasler|1
|-damage|p2b: Sneasler|84/100
|-heal|p1b: Sinistcha|59/100 brn|[from] drain|[of] p2b: Sneasler
|move|p1a: Blastoise|Dark Pulse|p2a: Sinistcha
|-activate|p2a: Sinistcha|move: Protect
|
|-damage|p1b: Sinistcha|53/100 brn|[from] brn
|-damage|p1a: Blastoise|45/100 brn|[from] brn
|upkeep
|turn|6
|
|t:|1784325372
|move|p2b: Sneasler|Fake Out|p1a: Blastoise
|-damage|p1a: Blastoise|32/100 brn
|move|p1b: Sinistcha|Rage Powder|p1b: Sinistcha
|-singleturn|p1b: Sinistcha|move: Rage Powder
|cant|p1a: Blastoise|flinch
|move|p2a: Sinistcha|Trick Room|p2a: Sinistcha
|-fieldend|move: Trick Room
|
|-damage|p1a: Blastoise|26/100 brn|[from] brn
|-damage|p1b: Sinistcha|47/100 brn|[from] brn
|upkeep
|turn|7
|c|☆castoriceball|gg
|inactive|richardlt has 30 seconds left.
|
|t:|1784325406
|move|p1b: Sinistcha|Rage Powder|p1b: Sinistcha
|-singleturn|p1b: Sinistcha|move: Rage Powder
|move|p2b: Sneasler|Poison Jab|p1b: Sinistcha
|-damage|p1b: Sinistcha|15/100 brn
|move|p2a: Sinistcha|Matcha Gotcha|p1b: Sinistcha|[spread] p1a,p1b
|-supereffective|p1a: Blastoise|1
|-resisted|p1b: Sinistcha|1
|-damage|p1a: Blastoise|0 fnt
|-damage|p1b: Sinistcha|1/100 brn
|faint|p1a: Blastoise
|
|-damage|p1b: Sinistcha|0 fnt|[from] brn
|faint|p1b: Sinistcha
|upkeep
|-message|richardlt forfeited.
|
|win|castoriceball
|raw|richardlt's rating: 1192 → 1178(-14 for losing)
|raw|castoriceball's rating: 1350 → 1361(+11 for winning)
|l|☆richardlt
|player|p1|
