|j|☆Chknadobovgc
|j|☆dr_sugus_vgc
|html|Chknadobovgcdr_sugus_vgc    
|uhtml|bestof|Game 2 of a best-of-3
|t:|1756553134
|gametype|doubles
|player|p1|Chknadobovgc|2|1061
|player|p2|dr_sugus_vgc|169|1133
|gen|9
|tier|[Gen 9] VGC 2025 Reg H (Bo3)
|rated|
|rule|Species Clause: Limit one of each Pokémon
|rule|Item Clause: Limit 1 of each item
|clearpoke
|poke|p1|Pelipper, L50, F|
|poke|p1|Archaludon, L50, M|
|poke|p1|Basculegion, L50, M|
|poke|p1|Dragonite, L50, M|
|poke|p1|Maushold, L50|
|poke|p1|Gholdengo, L50|
|poke|p2|Tyranitar, L50, F|
|poke|p2|Corviknight, L50, M|
|poke|p2|Weezing-Galar, L50, M|
|poke|p2|Garchomp, L50, F|
|poke|p2|Incineroar, L50, M|
|poke|p2|Sinistcha, L50|
|teampreview|4
|showteam|p1|Pelipper||FocusSash|Drizzle|WeatherBall,Hurricane,Tailwind,WideGuard|||F|||50|,,,,,Ghost]Archaludon||AssaultVest|Stamina|ElectroShot,DracoMeteor,FlashCannon,BodyPress|||M|||50|,,,,,Bug]Basculegion||LifeOrb|SwiftSwim|WaveCrash,LastRespects,FlipTurn,AquaJet|||M|||50|,,,,,Water]Dragonite||LoadedDice|Multiscale|ScaleShot,Tailwind,Haze,Protect|||M|||50|,,,,,Fairy]Maushold||SafetyGoggles|FriendGuard|BeatUp,Taunt,FollowMe,Protect||||||50|,,,,,Ghost]Gholdengo||ChoiceScarf|GoodasGold|MakeItRain,ShadowBall,Trick,Protect||||||50|,,,,,Steel
|showteam|p2|Tyranitar||AssaultVest|SandStream|RockSlide,LowKick,TeraBlast,KnockOff|||F|||50|,,,,,Flying]Corviknight||Leftovers|MirrorArmor|BraveBird,BulkUp,Roost,Tailwind|||M|||50|,,,,,Dragon]Weezing-Galar||SitrusBerry|MistySurge|DazzlingGleam,Taunt,Haze,Protect|||M|||50|,,,,,Steel]Garchomp||ClearAmulet|RoughSkin|PoisonJab,StompingTantrum,SwordsDance,Protect|||F|||50|,,,,,Ground]Incineroar||SafetyGoggles|Intimidate|FakeOut,KnockOff,FlareBlitz,PartingShot|||M|||50|,,,,,Ghost]Sinistcha||RockyHelmet|Hospitality|MatchaGotcha,RagePowder,TrickRoom,Protect||||||50|,,,,,Rock
|inactive|Battle timer is ON: inactive players will automatically lose when time's up. (requested by Chknadobovgc)
|
|t:|1756553153
|teamsize|p1|4
|teamsize|p2|4
|start
|switch|p1a: Basculegion|Basculegion, L50, M|100/100
|switch|p1b: Dragonite|Dragonite, L50, M|100/100
|switch|p2a: Sinistcha|Sinistcha, L50|100/100
|switch|p2b: Incineroar|Incineroar, L50, M|100/100
|-ability|p2b: Incineroar|Intimidate|boost
|-unboost|p1a: Basculegion|atk|1
|-unboost|p1b: Dragonite|atk|1
|turn|1
|inactive|Chknadobovgc has 30 seconds left.
|inactive|dr_sugus_vgc has 30 seconds left.
|inactive|Chknadobovgc has 20 seconds left.
|inactive|Chknadobovgc has 15 seconds left.
|
|t:|1756553197
|-terastallize|p1a: Basculegion|Water
|move|p2b: Incineroar|Fake Out|p1b: Dragonite
|-damage|p1b: Dragonite|95/100
|cant|p1b: Dragonite|flinch
|move|p1a: Basculegion|Flip Turn|p2b: Incineroar
|-supereffective|p2b: Incineroar
|-damage|p2b: Incineroar|31/100
|-damage|p1a: Basculegion|91/100|[from] item: Life Orb
|
|t:|1756553202
|switch|p1a: Pelipper|Pelipper, L50, F, shiny|100/100|[from] Flip Turn
|-weather|RainDance|[from] ability: Drizzle|[of] p1a: Pelipper
|move|p2a: Sinistcha|Trick Room|p2a: Sinistcha
|-fieldstart|move: Trick Room|[of] p2a: Sinistcha
|
|-weather|RainDance|[upkeep]
|upkeep
|turn|2
|
|t:|1756553224
|-terastallize|p2a: Sinistcha|Rock
|move|p2a: Sinistcha|Matcha Gotcha|p1b: Dragonite|[spread] p1a,p1b
|-resisted|p1b: Dragonite
|-damage|p1a: Pelipper|59/100
|-damage|p1b: Dragonite|87/100
|-status|p1a: Pelipper|brn
|move|p2b: Incineroar|Parting Shot|p1b: Dragonite
|-unboost|p1b: Dragonite|atk|1
|-unboost|p1b: Dragonite|spa|1
|
|t:|1756553233
|switch|p2b: Tyranitar|Tyranitar, L50, F|100/100|[from] Parting Shot
|-weather|Sandstorm|[from] ability: Sand Stream|[of] p2b: Tyranitar
|move|p1a: Pelipper|Hurricane|p2a: Sinistcha
|-resisted|p2a: Sinistcha
|-damage|p2a: Sinistcha|89/100
|-start|p2a: Sinistcha|confusion
|move|p1b: Dragonite|Scale Shot|p2a: Sinistcha
|-damage|p2a: Sinistcha|80/100
|-damage|p2a: Sinistcha|74/100
|-damage|p2a: Sinistcha|66/100
|-damage|p2a: Sinistcha|59/100
|-damage|p2a: Sinistcha|52/100
|-hitcount|p2a: Sinistcha|5
|-unboost|p1b: Dragonite|def|1
|-boost|p1b: Dragonite|spe|1
|
|-weather|Sandstorm|[upkeep]
|-damage|p1a: Pelipper|53/100 brn|[from] Sandstorm
|-damage|p1b: Dragonite|82/100|[from] Sandstorm
|-damage|p1a: Pelipper|47/100 brn|[from] brn
|upkeep
|turn|3
|inactive|dr_sugus_vgc has 30 seconds left.
|
|t:|1756553264
|switch|p2a: Incineroar|Incineroar, L50, M|31/100
|-ability|p2a: Incineroar|Intimidate|boost
|-unboost|p1a: Pelipper|atk|1
|-unboost|p1b: Dragonite|atk|1
|switch|p1a: Gholdengo|Gholdengo, L50, shiny|100/100
|move|p1b: Dragonite|Protect|p1b: Dragonite
|-singleturn|p1b: Dragonite|Protect
|move|p2b: Tyranitar|Knock Off|p1a: Gholdengo
|-supereffective|p1a: Gholdengo
|-damage|p1a: Gholdengo|0 fnt
|-enditem|p1a: Gholdengo|Choice Scarf|[from] move: Knock Off|[of] p2b: Tyranitar
|faint|p1a: Gholdengo
|
|-weather|Sandstorm|[upkeep]
|-damage|p1b: Dragonite|76/100|[from] Sandstorm
|upkeep
|
|t:|1756553284
|switch|p1a: Pelipper|Pelipper, L50, F, shiny|47/100 brn
|-weather|RainDance|[from] ability: Drizzle|[of] p1a: Pelipper
|turn|4
|
|t:|1756553300
|switch|p2b: Sinistcha|Sinistcha, L50, tera:Rock|52/100
|-heal|p2a: Incineroar|56/100|[from] ability: Hospitality|[of] p2b: Sinistcha
|switch|p1b: Basculegion|Basculegion, L50, M, tera:Water|91/100
|move|p1a: Pelipper|Wide Guard|p1a: Pelipper
|-singleturn|p1a: Pelipper|Wide Guard
|move|p2a: Incineroar|Parting Shot|p1a: Pelipper
|-unboost|p1a: Pelipper|atk|1
|-unboost|p1a: Pelipper|spa|1
|
|t:|1756553313
|switch|p2a: Tyranitar|Tyranitar, L50, F|100/100|[from] Parting Shot
|-weather|Sandstorm|[from] ability: Sand Stream|[of] p2a: Tyranitar
|
|-weather|Sandstorm|[upkeep]
|-damage|p1a: Pelipper|42/100 brn|[from] Sandstorm
|-damage|p1b: Basculegion|85/100|[from] Sandstorm
|-damage|p1a: Pelipper|36/100 brn|[from] brn
|upkeep
|turn|5
|
|t:|1756553327
|switch|p2b: Incineroar|Incineroar, L50, M|56/100
|-ability|p2b: Incineroar|Intimidate|boost
|-unboost|p1a: Pelipper|atk|1
|-unboost|p1b: Basculegion|atk|1
|switch|p1a: Dragonite|Dragonite, L50, M|76/100
|move|p2a: Tyranitar|Knock Off|p1b: Basculegion
|-damage|p1b: Basculegion|9/100
|-enditem|p1b: Basculegion|Life Orb|[from] move: Knock Off|[of] p2a: Tyranitar
|move|p1b: Basculegion|Flip Turn|p2b: Incineroar
|-supereffective|p2b: Incineroar
|-damage|p2b: Incineroar|4/100
|
|t:|1756553331
|switch|p1b: Pelipper|Pelipper, L50, F, shiny|36/100 brn|[from] Flip Turn
|-weather|RainDance|[from] ability: Drizzle|[of] p1b: Pelipper
|
|-weather|RainDance|[upkeep]
|-damage|p1b: Pelipper|31/100 brn|[from] brn
|-fieldend|move: Trick Room
|upkeep
|turn|6
|
|t:|1756553352
|switch|p2a: Sinistcha|Sinistcha, L50, tera:Rock|52/100
|-heal|p2b: Incineroar|29/100|[from] ability: Hospitality|[of] p2a: Sinistcha
|move|p2b: Incineroar|Fake Out|p1b: Pelipper
|-damage|p1b: Pelipper|17/100 brn
|move|p1a: Dragonite|Scale Shot|p2b: Incineroar
|-damage|p2b: Incineroar|15/100
|-damage|p2b: Incineroar|1/100
|-damage|p2b: Incineroar|0 fnt
|faint|p2b: Incineroar
|-hitcount|p2: Incineroar|3
|-unboost|p1a: Dragonite|def|1
|-boost|p1a: Dragonite|spe|1
|cant|p1b: Pelipper|flinch
|
|-weather|RainDance|[upkeep]
|-damage|p1b: Pelipper|11/100 brn|[from] brn
|upkeep
|inactive|dr_sugus_vgc has 30 seconds left.
|
|t:|1756553380
|switch|p2b: Tyranitar|Tyranitar, L50, F|100/100
|-weather|Sandstorm|[from] ability: Sand Stream|[of] p2b: Tyranitar
|turn|7
|
|t:|1756553400
|move|p2a: Sinistcha|Rage Powder|p2a: Sinistcha
|-singleturn|p2a: Sinistcha|move: Rage Powder
|move|p1a: Dragonite|Scale Shot|p2a: Sinistcha|[miss]
|-miss|p1a: Dragonite|p2a: Sinistcha
|move|p1b: Pelipper|Tailwind|p1b: Pelipper
|-sidestart|p1: Chknadobovgc|move: Tailwind
|move|p2b: Tyranitar|Knock Off|p1a: Dragonite
|-damage|p1a: Dragonite|0 fnt
|-enditem|p1a: Dragonite|Loaded Dice|[from] move: Knock Off|[of] p2b: Tyranitar
|faint|p1a: Dragonite
|
|-weather|Sandstorm|[upkeep]
|-damage|p1b: Pelipper|5/100 brn|[from] Sandstorm
|-damage|p1b: Pelipper|0 fnt|[from] brn
|faint|p1b: Pelipper
|upkeep
|
|t:|1756553405
|switch|p1b: Basculegion|Basculegion, L50, M, tera:Water|9/100
|turn|8
|-message|Chknadobovgc forfeited.
|
|win|dr_sugus_vgc
|raw|Chknadobovgc's rating: 1061 → 1046(-15 for losing)
|raw|dr_sugus_vgc's rating: 1133 → 1153(+20 for winning)
|l|☆Chknadobovgc
|player|p1|
|j|☆Chknadobovgc
|player|p1|Chknadobovgc|2|
|l|☆Chknadobovgc
|player|p1|
