|j|☆RICHARDHAVOC
|j|☆Money03
|html|RICHARDHAVOCMoney03    
|uhtml|bestof|Game 2 of a best-of-3
|t:|1757193063
|gametype|doubles
|player|p1|RICHARDHAVOC|2|1355
|player|p2|Money03|wattson|1345
|gen|9
|tier|[Gen 9] VGC 2025 Reg H (Bo3)
|rated|
|rule|Species Clause: Limit one of each Pokémon
|rule|Item Clause: Limit 1 of each item
|clearpoke
|poke|p1|Talonflame, L50, M|
|poke|p1|Garchomp, L50, M|
|poke|p1|Gholdengo, L50|
|poke|p1|Incineroar, L50, M|
|poke|p1|Sinistcha-Masterpiece, L50|
|poke|p1|Dragonite, L50, M|
|poke|p2|Arcanine-Hisui, L50, M|
|poke|p2|Rillaboom, L50, M|
|poke|p2|Dragonite, L50, M|
|poke|p2|Sneasler, L50, F|
|poke|p2|Ninetales-Alola, L50, F|
|poke|p2|Gholdengo, L50|
|teampreview|4
|showteam|p1|Talonflame||CovertCloak|GaleWings|Tailwind,WillOWisp,BraveBird,Taunt|||M|||50|,,,,,Flying]Garchomp||ClearAmulet|RoughSkin|Earthquake,StompingTantrum,DragonClaw,Protect|||M|||50|,,,,,Ground]Gholdengo||ChoiceSpecs|GoodasGold|MakeItRain,ShadowBall,Trick,Protect||||||50|,,,,,Flying]Incineroar||SafetyGoggles|Intimidate|FakeOut,FlareBlitz,KnockOff,PartingShot|||M|||50|,,,,,Ghost]Sinistcha-Masterpiece||SitrusBerry|Hospitality|MatchaGotcha,RagePowder,TrickRoom,StrengthSap||||||50|,,,,,Water]Dragonite||ChoiceBand|InnerFocus|ExtremeSpeed,IceSpinner,Outrage,LowKick|||M|||50|,,,,,Normal
|showteam|p2|Arcanine-Hisui||ClearAmulet|Intimidate|FlareBlitz,RockSlide,ExtremeSpeed,Protect|||M|||50|,,,,,Water]Rillaboom||AssaultVest|GrassySurge|DrumBeating,GrassyGlide,HighHorsepower,FakeOut|||M|||50|,,,,,Fire]Dragonite||LoadedDice|Multiscale|ScaleShot,StompingTantrum,Tailwind,Protect|||M|||50|,,,,,Ground]Sneasler||WhiteHerb|Unburden|DireClaw,CloseCombat,Coaching,Protect|||F|||50|,,,,,Ghost]Ninetales-Alola||FocusSash|SnowWarning|Blizzard,Encore,IcyWind,AuroraVeil|||F|||50|,,,,,Ghost]Gholdengo||GrassySeed|GoodasGold|MakeItRain,ShadowBall,NastyPlot,Protect||||||50|,,,,,Water
|
|t:|1757193117
|teamsize|p1|4
|teamsize|p2|4
|start
|switch|p1a: Talonflame|Talonflame, L50, M, shiny|100/100
|switch|p1b: Gholdengo|Gholdengo, L50, shiny|100/100
|switch|p2a: Arcanine|Arcanine-Hisui, L50, M|100/100
|switch|p2b: Dragonite|Dragonite, L50, M|100/100
|-ability|p2a: Arcanine|Intimidate|boost
|-unboost|p1a: Talonflame|atk|1
|-unboost|p1b: Gholdengo|atk|1
|turn|1
|
|t:|1757193154
|-terastallize|p2a: Arcanine|Water
|move|p1a: Talonflame|Tailwind|p1a: Talonflame
|-sidestart|p1: RICHARDHAVOC|move: Tailwind
|move|p1b: Gholdengo|Make It Rain|p2a: Arcanine|[spread] p2a,p2b
|-resisted|p2a: Arcanine
|-damage|p2a: Arcanine|55/100
|-damage|p2b: Dragonite|63/100
|-unboost|p1b: Gholdengo|spa|1
|move|p2a: Arcanine|Flare Blitz|p1b: Gholdengo
|-supereffective|p1b: Gholdengo
|-damage|p1b: Gholdengo|0 fnt
|faint|p1b: Gholdengo
|-damage|p2a: Arcanine|24/100|[from] Recoil
|move|p2b: Dragonite|Scale Shot|p1a: Talonflame
|-damage|p1a: Talonflame|79/100
|-damage|p1a: Talonflame|60/100
|-damage|p1a: Talonflame|39/100
|-damage|p1a: Talonflame|19/100
|-damage|p1a: Talonflame|0 fnt
|faint|p1a: Talonflame
|-hitcount|p1: Talonflame|5
|-unboost|p2b: Dragonite|def|1
|-boost|p2b: Dragonite|spe|1
|
|upkeep
|
|t:|1757193161
|switch|p1a: Garchomp|Garchomp, L50, M, shiny|100/100
|switch|p1b: Dragonite|Dragonite, L50, M|100/100
|turn|2
|
|t:|1757193198
|move|p2b: Dragonite|Protect|p2b: Dragonite
|-singleturn|p2b: Dragonite|Protect
|move|p2a: Arcanine|Protect|p2a: Arcanine
|-singleturn|p2a: Arcanine|Protect
|move|p1b: Dragonite|Extreme Speed|p2b: Dragonite
|-activate|p2b: Dragonite|move: Protect
|move|p1a: Garchomp|Dragon Claw|p2a: Arcanine
|-activate|p2a: Arcanine|move: Protect
|
|upkeep
|turn|3
|
|t:|1757193228
|move|p1b: Dragonite|Extreme Speed|p2b: Dragonite
|-damage|p2b: Dragonite|0 fnt
|faint|p2b: Dragonite
|move|p2a: Arcanine|Extreme Speed|p1b: Dragonite
|-damage|p1b: Dragonite|73/100
|move|p1a: Garchomp|Dragon Claw|p2a: Arcanine
|-damage|p2a: Arcanine|0 fnt
|faint|p2a: Arcanine
|
|upkeep
|
|t:|1757193238
|switch|p2a: Ninetales|Ninetales-Alola, L50, F|100/100
|switch|p2b: Rillaboom|Rillaboom, L50, M|100/100
|-weather|Snowscape|[from] ability: Snow Warning|[of] p2a: Ninetales
|-fieldstart|move: Grassy Terrain|[from] ability: Grassy Surge|[of] p2b: Rillaboom
|turn|4
|
|t:|1757193248
|-terastallize|p1b: Dragonite|Normal
|move|p2b: Rillaboom|Fake Out|p1a: Garchomp
|-damage|p1a: Garchomp|88/100
|-damage|p2b: Rillaboom|88/100|[from] ability: Rough Skin|[of] p1a: Garchomp
|move|p1b: Dragonite|Extreme Speed|p2a: Ninetales
|-damage|p2a: Ninetales|32/100
|cant|p1a: Garchomp|flinch
|move|p2a: Ninetales|Blizzard|p1a: Garchomp|[spread] p1a,p1b
|-supereffective|p1a: Garchomp
|-damage|p1a: Garchomp|0 fnt
|-damage|p1b: Dragonite|42/100
|faint|p1a: Garchomp
|
|-weather|Snowscape|[upkeep]
|-heal|p1b: Dragonite|48/100|[from] Grassy Terrain
|-heal|p2a: Ninetales|38/100|[from] Grassy Terrain
|-heal|p2b: Rillaboom|94/100|[from] Grassy Terrain
|-sideend|p1: RICHARDHAVOC|move: Tailwind
|upkeep
|turn|5
|
|t:|1757193281
|move|p1b: Dragonite|Extreme Speed|p2a: Ninetales
|-damage|p2a: Ninetales|0 fnt
|faint|p2a: Ninetales
|move|p2b: Rillaboom|Drum Beating|p1b: Dragonite
|-damage|p1b: Dragonite|0 fnt
|faint|p1b: Dragonite
|
|win|Money03
||Money03 is ready for game 3.
|inactive|RICHARDHAVOC has 30 seconds to confirm battle start!
||RICHARDHAVOC is ready for game 3.
|uhtml|next|Next: Game 3 of 3
|l|☆RICHARDHAVOC
|player|p1|
