|j|☆Pauliii23
|j|☆AN555GEL
|html|Pauliii23AN555GEL    
|uhtml|bestof|Game 2 of a best-of-3
|t:|1755170321
|gametype|doubles
|player|p1|Pauliii23|265|1195
|player|p2|AN555GEL|102|1161
|gen|9
|tier|[Gen 9] VGC 2025 Reg H (Bo3)
|rated|
|rule|Species Clause: Limit one of each Pokémon
|rule|Item Clause: Limit 1 of each item
|clearpoke
|poke|p1|Ursaluna-Bloodmoon, L50, M|
|poke|p1|Porygon2, L50|
|poke|p1|Dragapult, L50, F|
|poke|p1|Weezing, L50, M|
|poke|p1|Toedscruel, L50, M|
|poke|p1|Volcarona, L50, F|
|poke|p2|Archaludon, L50, M|
|poke|p2|Basculegion, L50, M|
|poke|p2|Pelipper, L50, F|
|poke|p2|Incineroar, L50, F|
|poke|p2|Amoonguss, L50, M|
|poke|p2|Gholdengo, L50|
|teampreview|4
|showteam|p1|Ursaluna-Bloodmoon||AssaultVest|MindsEye|BloodMoon,HyperVoice,EarthPower,VacuumWave|||M|||50|,,,,,Normal]Porygon2||Eviolite|Trace|IceBeam,Thunderbolt,Recover,TrickRoom||||||50|,,,,,Ghost]Dragapult||ChoiceBand|ClearBody|DragonDarts,Outrage,PhantomForce,Uturn|||F|||50|,,,,,Dragon]Weezing||SitrusBerry|NeutralizingGas|WillOWisp,SludgeBomb,Flamethrower,Protect|||M|||50|,,,,,Dark]Toedscruel||CovertCloak|MyceliumMight|Spore,RagePowder,EarthPower,AcidSpray|||M|||50|,,,,,Water]Volcarona||Leftovers|FlameBody|Tailwind,QuiverDance,GigaDrain,HeatWave|||F|||50|,,,,,Grass
|showteam|p2|Archaludon||AssaultVest|Stamina|ElectroShot,BodyPress,DragonPulse,Snarl|||M|||50|,,,,,Grass]Basculegion||ChoiceBand|SwiftSwim|WaveCrash,FlipTurn,LastRespects,AquaJet|||M|||50|,,,,,Water]Pelipper||FocusSash|Drizzle|WeatherBall,Hurricane,Tailwind,Protect|||F|||50|,,,,,Ghost]Incineroar||SafetyGoggles|Intimidate|FakeOut,KnockOff,Taunt,PartingShot|||F|||50|,,,,,Ghost]Amoonguss||MentalHerb|Regenerator|RagePowder,PollenPuff,Spore,Protect|||M|||50|,,,,,Water]Gholdengo||LifeOrb|GoodasGold|MakeItRain,NastyPlot,ShadowBall,Protect||||||50|,,,,,Water
|
|t:|1755170338
|teamsize|p1|4
|teamsize|p2|4
|start
|switch|p1a: Dragapult|Dragapult, L50, F|100/100
|switch|p1b: Porygon2|Porygon2, L50|100/100
|switch|p2a: Incineroar|Incineroar, L50, F|100/100
|switch|p2b: Gholdengo|Gholdengo, L50|100/100
|-ability|p1b: Porygon2|Good as Gold|[from] ability: Trace|[of] p2b: Gholdengo
|-ability|p2a: Incineroar|Intimidate|boost
|-fail|p1a: Dragapult|unboost|[from] ability: Clear Body|[of] p1a: Dragapult
|-unboost|p1b: Porygon2|atk|1
|turn|1
|
|t:|1755170370
|-terastallize|p1a: Dragapult|Dragon
|move|p2a: Incineroar|Fake Out|p1b: Porygon2
|-damage|p1b: Porygon2|94/100
|move|p1a: Dragapult|Phantom Force||[still]
|-prepare|p1a: Dragapult|Phantom Force
|move|p2b: Gholdengo|Make It Rain|p1b: Porygon2|[spread] p1b
|-miss|p2b: Gholdengo|p1a: Dragapult
|-damage|p1b: Porygon2|59/100
|-unboost|p2b: Gholdengo|spa|1
|-damage|p2b: Gholdengo|91/100|[from] item: Life Orb
|cant|p1b: Porygon2|flinch
|
|upkeep
|turn|2
|
|t:|1755170407
|move|p1a: Dragapult|Phantom Force|p2b: Gholdengo|[from] lockedmove
|-supereffective|p2b: Gholdengo
|-damage|p2b: Gholdengo|0 fnt
|faint|p2b: Gholdengo
|move|p2a: Incineroar|Taunt|p1b: Porygon2
|-immune|p1b: Porygon2|[from] ability: Good as Gold
|move|p1b: Porygon2|Thunderbolt|p2a: Incineroar
|-damage|p2a: Incineroar|82/100
|
|upkeep
|c|☆AN555GEL|reading is important
|
|t:|1755170433
|switch|p2b: Basculegion|Basculegion, L50, M|100/100
|turn|3
|
|t:|1755170469
|switch|p2a: Pelipper|Pelipper, L50, F|100/100
|-weather|RainDance|[from] ability: Drizzle|[of] p2a: Pelipper
|-terastallize|p2b: Basculegion|Water
|move|p2b: Basculegion|Wave Crash|p1a: Dragapult
|-resisted|p1a: Dragapult
|-damage|p1a: Dragapult|0 fnt
|faint|p1a: Dragapult
|-damage|p2b: Basculegion|73/100|[from] Recoil
|move|p1b: Porygon2|Thunderbolt|p2a: Pelipper
|-supereffective|p2a: Pelipper
|-enditem|p2a: Pelipper|Focus Sash
|-damage|p2a: Pelipper|1/100
|
|-weather|RainDance|[upkeep]
|upkeep
|
|t:|1755170487
|switch|p1a: Toedscruel|Toedscruel, L50, M|100/100
|turn|4
|
|t:|1755170504
|move|p2b: Basculegion|Wave Crash|p1b: Porygon2
|-damage|p1b: Porygon2|0 fnt
|faint|p1b: Porygon2
|-damage|p2b: Basculegion|54/100|[from] Recoil
|move|p1a: Toedscruel|Acid Spray|p2b: Basculegion
|-damage|p2b: Basculegion|44/100
|-unboost|p2b: Basculegion|spd|2
|move|p2a: Pelipper|Hurricane|p1a: Toedscruel
|-supereffective|p1a: Toedscruel
|-crit|p1a: Toedscruel
|-damage|p1a: Toedscruel|0 fnt
|faint|p1a: Toedscruel
|
|-weather|RainDance|[upkeep]
|upkeep
|
|t:|1755170508
|switch|p1b: Weezing|Weezing, L50, M|100/100
|-ability|p1b: Weezing|Neutralizing Gas
|turn|5
|
|t:|1755170523
|switch|p2b: Incineroar|Incineroar, L50, F|82/100
|move|p2a: Pelipper|Hurricane|p1b: Weezing
|-damage|p1b: Weezing|40/100
|-enditem|p1b: Weezing|Sitrus Berry|[eat]
|-heal|p1b: Weezing|65/100|[from] item: Sitrus Berry
|move|p1b: Weezing|Sludge Bomb|p2b: Incineroar
|-damage|p2b: Incineroar|58/100
|-status|p2b: Incineroar|psn
|
|-weather|RainDance|[upkeep]
|-damage|p2b: Incineroar|46/100 psn|[from] psn
|upkeep
|turn|6
|
|t:|1755170535
|move|p2b: Incineroar|Fake Out|p1b: Weezing
|-damage|p1b: Weezing|57/100
|move|p2a: Pelipper|Tailwind|p2a: Pelipper
|-sidestart|p2: AN555GEL|move: Tailwind
|cant|p1b: Weezing|flinch
|
|-weather|RainDance|[upkeep]
|-damage|p2b: Incineroar|34/100 psn|[from] psn
|upkeep
|turn|7
|
|t:|1755170556
|switch|p2b: Basculegion|Basculegion, L50, M, tera:Water|44/100
|move|p2a: Pelipper|Hurricane|p1b: Weezing
|-damage|p1b: Weezing|0 fnt
|faint|p1b: Weezing
|-end|p1b: Weezing|ability: Neutralizing Gas
|
|win|AN555GEL
|raw|Pauliii23's rating: 1195 → 1168(-27 for losing)
|raw|AN555GEL's rating: 1161 → 1188(+27 for winning)
|c|☆AN555GEL|gg
