|j|☆FoulScowl
|j|☆esther1234
|html|FoulScowlesther1234    
|uhtml|bestof|Game 1 of a best-of-3
|t:|1783126262
|gametype|doubles
|player|p1|FoulScowl|grimsley|1066
|player|p2|esther1234|170|1016
|gen|9
|tier|[Gen 9 Champions] VGC 2026 Reg M-B (Bo3)
|rated|
|rule|Species Clause: Limit one of each Pokémon
|rule|Item Clause: Limit 1 of each item
|clearpoke
|poke|p1|Scrafty, L50, M, shiny|
|poke|p1|Gholdengo, L50|
|poke|p1|Basculegion, L50, M|
|poke|p1|Charizard, L50, M, shiny|
|poke|p1|Garchomp, L50, M|
|poke|p1|Farigiraf, L50, F, shiny|
|poke|p2|Kommo-o, L50, M|
|poke|p2|Grimmsnarl, L50, M|
|poke|p2|Incineroar, L50, M|
|poke|p2|Starmie, L50|
|poke|p2|Kingambit, L50, M|
|poke|p2|Venusaur, L50, M|
|teampreview|4
|showteam|p1|Scrafty||Scraftinite|Intimidate|KnockOff,DrainPunch,FakeOut,IcePunch|Adamant||M|||50|]Gholdengo||KasibBerry|GoodasGold|MakeItRain,ShadowBall,NastyPlot,Protect|Modest|||||50|]Basculegion||FocusSash|Adaptability|WaveCrash,LastRespects,AquaJet,Protect|Adamant||M|||50|]Charizard||CharizarditeY|Blaze|HeatWave,SolarBeam,WeatherBall,Protect|Modest||M|||50|]Garchomp||ChoiceScarf|RoughSkin|DragonClaw,Earthquake,RockSlide,PoisonJab|Adamant||M|||50|]Farigiraf||ExpertBelt|ArmorTail|Psychic,Thunderbolt,TrickRoom,Protect|Quiet||F|||50|
|showteam|p2|Kommo-o||RoseliBerry|Bulletproof|IronHead,RockSlide,CloseCombat,Protect|Adamant||M|||50|]Grimmsnarl||ExpertBelt|Frisk|Taunt,DazzlingGleam,LightScreen,Reflect|Mild||M|||50|]Incineroar||SitrusBerry|Intimidate|FakeOut,Protect,FireBlast,Taunt|Modest||M|||50|]Starmie||Starminite|Analytic|Psychic,GrassKnot,Surf,Protect|Quiet|||||50|]Kingambit||ChopleBerry|Defiant|NightSlash,IronHead,Protect,BrickBreak|Adamant||M|||50|]Venusaur||Leftovers|Chlorophyll|LeafStorm,SleepPowder,SludgeBomb,Protect|Modest||M|||50|
|c|☆FoulScowl|u need to fix this team so bad
|c|☆FoulScowl|dont run special on incin
|c|☆FoulScowl|run kowtow on kingambit and drop brick break for low kick
|c|☆FoulScowl|and make starmie full physical
|
|t:|1783126379
|teamsize|p1|4
|teamsize|p2|4
|start
|switch|p1a: Scrafty|Scrafty, L50, M, shiny|100/100
|switch|p1b: Gholdengo|Gholdengo, L50|100/100
|switch|p2a: Starmie|Starmie, L50|100/100
|switch|p2b: Kingambit|Kingambit, L50, M|100/100
|-ability|p1a: Scrafty|Intimidate|boost
|-unboost|p2a: Starmie|atk|1
|-unboost|p2b: Kingambit|atk|1
|-ability|p2b: Kingambit|Defiant|boost
|-boost|p2b: Kingambit|atk|2
|turn|1
|
|t:|1783126409
|move|p2a: Starmie|Protect|p2a: Starmie
|-singleturn|p2a: Starmie|Protect
|move|p1a: Scrafty|Fake Out|p2b: Kingambit
|-resisted|p2b: Kingambit|1
|-damage|p2b: Kingambit|94/100
|move|p1b: Gholdengo|Nasty Plot|p1b: Gholdengo
|-boost|p1b: Gholdengo|spa|2
|cant|p2b: Kingambit|flinch
|
|upkeep
|turn|2
|
|t:|1783126427
|detailschange|p2a: Starmie|Starmie-Mega, L50
|-mega|p2a: Starmie|Starmie|Starminite
|detailschange|p1a: Scrafty|Scrafty-Mega, L50, M, shiny
|-mega|p1a: Scrafty|Scrafty|Scraftinite
|-ability|p1a: Scrafty|Intimidate|boost
|-unboost|p2a: Starmie|atk|1
|-unboost|p2b: Kingambit|atk|1
|-ability|p2b: Kingambit|Defiant|boost
|-boost|p2b: Kingambit|atk|2
|move|p2a: Starmie|Grass Knot|p1b: Gholdengo
|-resisted|p1b: Gholdengo|1
|-damage|p1b: Gholdengo|91/100
|move|p1b: Gholdengo|Shadow Ball|p2b: Kingambit
|-resisted|p2b: Kingambit|1
|-damage|p2b: Kingambit|51/100
|move|p1a: Scrafty|Drain Punch|p2b: Kingambit
|-supereffective|p2b: Kingambit|2
|-enditem|p2b: Kingambit|Chople Berry|[eat]
|-enditem|p2b: Kingambit|Chople Berry|[weaken]
|-damage|p2b: Kingambit|0 fnt
|faint|p2b: Kingambit
|
|upkeep
|
|t:|1783126445
|switch|p2b: Venusaur|Venusaur, L50, M|100/100
|turn|3
|
|t:|1783126461
|move|p2b: Venusaur|Sleep Powder|p1a: Scrafty
|-status|p1a: Scrafty|slp|[from] move: Sleep Powder
|move|p2a: Starmie|Grass Knot|p1b: Gholdengo
|-resisted|p1b: Gholdengo|1
|-damage|p1b: Gholdengo|80/100
|move|p1b: Gholdengo|Shadow Ball|p2b: Venusaur
|-damage|p2b: Venusaur|6/100
|cant|p1a: Scrafty|slp
|
|-heal|p2b: Venusaur|12/100|[from] item: Leftovers
|upkeep
|turn|4
|
|t:|1783126488
|move|p2b: Venusaur|Sludge Bomb|p1a: Scrafty
|-damage|p1a: Scrafty|63/100 slp
|move|p2a: Starmie|Psychic|p1b: Gholdengo
|-resisted|p1b: Gholdengo|1
|-damage|p1b: Gholdengo|57/100
|move|p1b: Gholdengo|Shadow Ball|p2b: Venusaur
|-damage|p2b: Venusaur|0 fnt
|faint|p2b: Venusaur
|cant|p1a: Scrafty|slp
|
|upkeep
|
|t:|1783126496
|switch|p2b: Kommo-o|Kommo-o, L50, M|100/100
|turn|5
|
|t:|1783126509
|move|p2a: Starmie|Psychic|p1a: Scrafty
|-immune|p1a: Scrafty
|move|p2b: Kommo-o|Rock Slide|p1b: Gholdengo|[spread] p1a,p1b
|-resisted|p1a: Scrafty|1
|-resisted|p1b: Gholdengo|1
|-damage|p1a: Scrafty|56/100 slp
|-damage|p1b: Gholdengo|48/100
|move|p1b: Gholdengo|Shadow Ball|p2a: Starmie
|-supereffective|p2a: Starmie|1
|-damage|p2a: Starmie|0 fnt
|faint|p2a: Starmie
|-curestatus|p1a: Scrafty|slp|[msg]
|cant|p1a: Scrafty|flinch
|
|upkeep
|turn|6
|
|t:|1783126528
|move|p2b: Kommo-o|Close Combat|p1a: Scrafty
|-supereffective|p1a: Scrafty|1
|-damage|p1a: Scrafty|0 fnt
|-unboost|p2b: Kommo-o|def|1
|-unboost|p2b: Kommo-o|spd|1
|faint|p1a: Scrafty
|move|p1b: Gholdengo|Make It Rain|p2b: Kommo-o
|-damage|p2b: Kommo-o|0 fnt
|-unboost|p1b: Gholdengo|spa|2
|faint|p2b: Kommo-o
|
|win|FoulScowl
||FoulScowl is ready for game 2.
|l|☆esther1234
|player|p2|
|inactive|esther1234 has 30 seconds to confirm battle start!
|raw|FoulScowl's rating: 1066 → 1092(+26 for winning)
|raw|esther1234's rating: 1016 → 1005(-11 for losing)
