|j|☆lateralvs
|j|☆Mortipherus
|html|lateralvsMortipherus    
|uhtml|bestof|Game 1 of a best-of-3
|t:|1756322431
|gametype|doubles
|player|p1|lateralvs|giovanni|
|player|p2|Mortipherus|biker-gen4|
|gen|9
|tier|[Gen 9] VGC 2025 Reg H (Bo3)
|rule|Species Clause: Limit one of each Pokémon
|rule|Item Clause: Limit 1 of each item
|clearpoke
|poke|p1|Ursaluna, L50, F|
|poke|p1|Gholdengo, L50|
|poke|p1|Porygon2, L50|
|poke|p1|Amoonguss, L50, F|
|poke|p1|Incineroar, L50, F|
|poke|p1|Hydreigon, L50, F|
|poke|p2|Hydrapple, L50, M|
|poke|p2|Arcanine-Hisui, L50, M|
|poke|p2|Gholdengo, L50|
|poke|p2|Electabuzz, L50, M|
|poke|p2|Indeedee, L50, M|
|poke|p2|Sneasler, L50, M|
|teampreview|4
|showteam|p1|Ursaluna||FlameOrb|Guts|Facade,Earthquake,HeadlongRush,Protect|||F|||50|,,,,,Fairy]Gholdengo||MetalCoat|GoodasGold|MakeItRain,ShadowBall,NastyPlot,Protect||||||50|,,,,,Flying]Porygon2||Eviolite|Download|TeraBlast,IceBeam,TrickRoom,Recover||||||50|,,,,,Fighting]Amoonguss||CovertCloak|Regenerator|PollenPuff,Spore,RagePowder,Protect|||F|||50|,,,,,Fire]Incineroar||SitrusBerry|Intimidate|FlareBlitz,KnockOff,PartingShot,FakeOut|||F|||50|,,,,,Grass]Hydreigon||SafetyGoggles|Levitate|DracoMeteor,Snarl,Tailwind,Protect|||F|||50|,,,,,Ghost
|showteam|p2|Hydrapple||AssaultVest|Regenerator|FickleBeam,EnergyBall,EarthPower,PollenPuff|||M|||50|,,,,,Bug]Arcanine-Hisui||ClearAmulet|Intimidate|Protect,ExtremeSpeed,FlareBlitz,RockSlide|||M|||50|,,,,,Grass]Gholdengo||LifeOrb|GoodasGold|Protect,NastyPlot,MakeItRain,ShadowBall||||||50|,,,,,Flying]Electabuzz||Eviolite|VitalSpirit|Protect,FollowMe,Taunt,Electroweb|||M|||50|,,,,,Dragon]Indeedee||FocusSash|PsychicSurge|Protect,TrickRoom,ExpandingForce,TeraBlast|||M|||50|,,,,,Ground]Sneasler||PsychicSeed|Unburden|Protect,ThroatChop,DireClaw,CloseCombat|||M|||50|,,,,,Dark
|
|t:|1756322513
|teamsize|p1|4
|teamsize|p2|4
|start
|switch|p1a: Incineroar|Incineroar, L50, F|100/100
|switch|p1b: Porygon2|Porygon2, L50|100/100
|switch|p2a: Indeedee|Indeedee, L50, M|100/100
|switch|p2b: Sneasler|Sneasler, L50, M|100/100
|-fieldstart|move: Psychic Terrain|[from] ability: Psychic Surge|[of] p2a: Indeedee
|-enditem|p2b: Sneasler|Psychic Seed
|-boost|p2b: Sneasler|spd|1|[from] item: Psychic Seed
|-ability|p1a: Incineroar|Intimidate|boost
|-unboost|p2a: Indeedee|atk|1
|-unboost|p2b: Sneasler|atk|1
|-ability|p1b: Porygon2|Download|boost
|-boost|p1b: Porygon2|atk|1
|turn|1
|
|t:|1756322544
|move|p2b: Sneasler|Close Combat|p1b: Porygon2
|-supereffective|p1b: Porygon2
|-crit|p1b: Porygon2
|-damage|p1b: Porygon2|0 fnt
|-unboost|p2b: Sneasler|def|1
|-unboost|p2b: Sneasler|spd|1
|faint|p1b: Porygon2
|move|p1a: Incineroar|Parting Shot|p2b: Sneasler
|-unboost|p2b: Sneasler|atk|1
|-unboost|p2b: Sneasler|spa|1
|
|t:|1756322558
|switch|p1a: Hydreigon|Hydreigon, L50, F|100/100|[from] Parting Shot
|move|p2a: Indeedee|Trick Room|p2a: Indeedee
|-fieldstart|move: Trick Room|[of] p2a: Indeedee
|
|upkeep
|
|t:|1756322563
|switch|p1b: Ursaluna|Ursaluna, L50, F|100/100
|turn|2
|
|t:|1756322604
|switch|p2b: Arcanine|Arcanine-Hisui, L50, M|100/100
|-ability|p2b: Arcanine|Intimidate|boost
|-unboost|p1a: Hydreigon|atk|1
|-unboost|p1b: Ursaluna|atk|1
|move|p1b: Ursaluna|Earthquake|p2a: Indeedee|[spread] p2a,p2b
|-immune|p1a: Hydreigon|[from] ability: Levitate
|-supereffective|p2b: Arcanine
|-damage|p2a: Indeedee|36/100
|-damage|p2b: Arcanine|0 fnt
|faint|p2b: Arcanine
|move|p1a: Hydreigon|Draco Meteor|p2a: Indeedee
|-damage|p2a: Indeedee|0 fnt
|-unboost|p1a: Hydreigon|spa|2
|faint|p2a: Indeedee
|
|-status|p1b: Ursaluna|brn|[from] item: Flame Orb
|upkeep
|
|t:|1756322619
|switch|p2b: Hydrapple|Hydrapple, L50, M|100/100
|switch|p2a: Sneasler|Sneasler, L50, M|100/100
|turn|3
|
|t:|1756322655
|switch|p1a: Incineroar|Incineroar, L50, F|100/100
|-ability|p1a: Incineroar|Intimidate|boost
|-unboost|p2a: Sneasler|atk|1
|-unboost|p2b: Hydrapple|atk|1
|-terastallize|p1b: Ursaluna|Fairy
|move|p2a: Sneasler|Protect|p2a: Sneasler
|-singleturn|p2a: Sneasler|Protect
|move|p2b: Hydrapple|Energy Ball|p1b: Ursaluna
|-damage|p1b: Ursaluna|57/100 brn
|move|p1b: Ursaluna|Headlong Rush|p2a: Sneasler
|-activate|p2a: Sneasler|move: Protect
|
|-damage|p1b: Ursaluna|52/100 brn|[from] brn
|upkeep
|turn|4
|
|t:|1756322685
|-terastallize|p2a: Sneasler|Dark
|move|p2b: Hydrapple|Energy Ball|p1b: Ursaluna
|-damage|p1b: Ursaluna|7/100 brn
|move|p1b: Ursaluna|Headlong Rush|p2a: Sneasler
|-damage|p2a: Sneasler|0 fnt
|-unboost|p1b: Ursaluna|def|1
|-unboost|p1b: Ursaluna|spd|1
|faint|p2a: Sneasler
|move|p1a: Incineroar|Parting Shot|p2b: Hydrapple
|-unboost|p2b: Hydrapple|atk|1
|-unboost|p2b: Hydrapple|spa|1
|
|t:|1756322694
|switch|p1a: Hydreigon|Hydreigon, L50, F|100/100|[from] Parting Shot
|
|-damage|p1b: Ursaluna|1/100 brn|[from] brn
|upkeep
|turn|5
|
|t:|1756322706
|move|p1a: Hydreigon|Protect|p1a: Hydreigon
|-singleturn|p1a: Hydreigon|Protect
|move|p2b: Hydrapple|Fickle Beam|p1a: Hydreigon
|-activate|p1a: Hydreigon|move: Protect
|move|p1b: Ursaluna|Headlong Rush|p2b: Hydrapple
|-resisted|p2b: Hydrapple
|-damage|p2b: Hydrapple|75/100
|-unboost|p1b: Ursaluna|def|1
|-unboost|p1b: Ursaluna|spd|1
|
|-damage|p1b: Ursaluna|0 fnt|[from] brn
|faint|p1b: Ursaluna
|-fieldend|move: Trick Room
|-fieldend|move: Psychic Terrain
|upkeep
|
|t:|1756322713
|switch|p1b: Incineroar|Incineroar, L50, F|100/100
|-ability|p1b: Incineroar|Intimidate|boost
|-unboost|p2b: Hydrapple|atk|1
|turn|6
|
|t:|1756322721
|move|p1b: Incineroar|Fake Out|p2b: Hydrapple
|-damage|p2b: Hydrapple|66/100
|move|p1a: Hydreigon|Draco Meteor|p2b: Hydrapple
|-supereffective|p2b: Hydrapple
|-damage|p2b: Hydrapple|0 fnt
|-unboost|p1a: Hydreigon|spa|2
|faint|p2b: Hydrapple
|
|win|lateralvs
||lateralvs is ready for game 2.
|inactive|Mortipherus has 30 seconds to confirm battle start!
||Mortipherus is ready for game 2.
|uhtml|next|Next: Game 2 of 3
