|j|☆Frakub
|j|☆SongokuVG Fr
|html|FrakubSongokuVG Fr    
|uhtml|bestof|Game 2 of a best-of-3
|t:|1756409520
|gametype|doubles
|player|p1|Frakub|acetrainer-gen4dp|1198
|player|p2|SongokuVG Fr|lucian|1188
|gen|9
|tier|[Gen 9] VGC 2025 Reg H (Bo3)
|rated|
|rule|Species Clause: Limit one of each Pokémon
|rule|Item Clause: Limit 1 of each item
|clearpoke
|poke|p1|Kingambit, L50, M|
|poke|p1|Rillaboom, L50, M|
|poke|p1|Ninetales-Alola, L50, F|
|poke|p1|Dragonite, L50, M|
|poke|p1|Magmar, L50, M|
|poke|p1|Sneasler, L50, M|
|poke|p2|Ursaluna, L50, F|
|poke|p2|Gholdengo, L50|
|poke|p2|Incineroar, L50, F|
|poke|p2|Porygon2, L50|
|poke|p2|Kilowattrel, L50, M|
|poke|p2|Tauros-Paldea-Aqua, L50, M|
|teampreview|4
|showteam|p1|Kingambit||BlackGlasses|Defiant|KowtowCleave,SuckerPunch,SwordsDance,Protect|||M|||50|,,,,,Dark]Rillaboom||AssaultVest|GrassySurge|WoodHammer,GrassyGlide,HighHorsepower,FakeOut|||M|||50|,,,,,Fire]Ninetales-Alola||LightClay|SnowWarning|Blizzard,FreezeDry,Protect,AuroraVeil|||F|||50|,,,,,Ghost]Dragonite||LoadedDice|Multiscale|ScaleShot,ExtremeSpeed,Haze,Protect|||M|||50|,,,,,Steel]Magmar||Eviolite|VitalSpirit|Taunt,Overheat,FollowMe,Protect|||M|||50|,,,,,Ghost]Sneasler||FocusSash|PoisonTouch|FakeOut,DireClaw,CloseCombat,Protect|||M|||50|,,,,,Ghost
|showteam|p2|Ursaluna||FlameOrb|Guts|Earthquake,Facade,HeadlongRush,Protect|||F|||50|,,,,,Ghost]Gholdengo||LifeOrb|GoodasGold|MakeItRain,ShadowBall,NastyPlot,Protect||||||50|,,,,,Water]Incineroar||SafetyGoggles|Intimidate|FakeOut,FlareBlitz,KnockOff,PartingShot|||F|||50|,,,,,Ghost]Porygon2||Eviolite|Download|TeraBlast,TrickRoom,Recover,IceBeam||||||50|,,,,,Fighting]Kilowattrel||FocusSash|Competitive|Tailwind,Protect,Thunderbolt,AirSlash|||M|||50|,,,,,Ghost]Tauros-Paldea-Aqua||MirrorHerb|Intimidate|CloseCombat,WaveCrash,Protect,AquaJet|||M|||50|,,,,,Water
|inactive|Battle timer is ON: inactive players will automatically lose when time's up. (requested by Frakub)
|
|t:|1756409541
|teamsize|p1|4
|teamsize|p2|4
|start
|switch|p1a: Kingambit|Kingambit, L50, M|100/100
|switch|p1b: Magmar|Magmar, L50, M|100/100
|switch|p2a: Kilowattrel|Kilowattrel, L50, M|100/100
|switch|p2b: Tauros|Tauros-Paldea-Aqua, L50, M|100/100
|-ability|p2b: Tauros|Intimidate|boost
|-unboost|p1a: Kingambit|atk|1
|-ability|p1a: Kingambit|Defiant|boost
|-boost|p1a: Kingambit|atk|2
|-unboost|p1b: Magmar|atk|1
|-enditem|p2b: Tauros|Mirror Herb
|-boost|p2b: Tauros|atk|2|[from] item: Mirror Herb
|turn|1
|inactive|SongokuVG Fr has 30 seconds left.
|inactive|SongokuVG Fr has 20 seconds left.
|inactive|SongokuVG Fr has 15 seconds left.
|
|t:|1756409585
|move|p1b: Magmar|Follow Me|p1b: Magmar
|-singleturn|p1b: Magmar|move: Follow Me
|move|p2a: Kilowattrel|Thunderbolt|p1b: Magmar
|-damage|p1b: Magmar|69/100
|move|p2b: Tauros|Wave Crash|p1b: Magmar
|-supereffective|p1b: Magmar
|-damage|p1b: Magmar|0 fnt
|faint|p1b: Magmar
|-damage|p2b: Tauros|75/100|[from] Recoil
|move|p1a: Kingambit|Swords Dance|p1a: Kingambit
|-boost|p1a: Kingambit|atk|2
|
|upkeep
|
|t:|1756409600
|switch|p1b: Rillaboom|Rillaboom, L50, M|100/100
|-fieldstart|move: Grassy Terrain|[from] ability: Grassy Surge|[of] p1b: Rillaboom
|turn|2
|
|t:|1756409619
|-terastallize|p1a: Kingambit|Dark
|move|p1b: Rillaboom|Fake Out|p2b: Tauros
|-damage|p2b: Tauros|60/100
|move|p2a: Kilowattrel|Air Slash|p1a: Kingambit
|-damage|p1a: Kingambit|65/100
|cant|p2b: Tauros|flinch
|cant|p1a: Kingambit|flinch
|
|-heal|p2b: Tauros|65/100|[from] Grassy Terrain
|-heal|p1a: Kingambit|71/100|[from] Grassy Terrain
|upkeep
|turn|3
|
|t:|1756409635
|move|p2b: Tauros|Aqua Jet|p1a: Kingambit
|-damage|p1a: Kingambit|46/100
|move|p1b: Rillaboom|Grassy Glide|p2b: Tauros
|-supereffective|p2b: Tauros
|-damage|p2b: Tauros|0 fnt
|faint|p2b: Tauros
|move|p1a: Kingambit|Sucker Punch|p2a: Kilowattrel
|-enditem|p2a: Kilowattrel|Focus Sash
|-damage|p2a: Kilowattrel|1/100
|move|p2a: Kilowattrel|Thunderbolt|p1a: Kingambit
|-damage|p1a: Kingambit|2/100
|
|-heal|p1a: Kingambit|8/100|[from] Grassy Terrain
|upkeep
|
|t:|1756409652
|switch|p2b: Porygon2|Porygon2, L50|100/100
|-ability|p2b: Porygon2|Download|boost
|-boost|p2b: Porygon2|spa|1
|turn|4
|
|t:|1756409678
|move|p2a: Kilowattrel|Protect|p2a: Kilowattrel
|-singleturn|p2a: Kilowattrel|Protect
|move|p1b: Rillaboom|Grassy Glide|p2a: Kilowattrel
|-activate|p2a: Kilowattrel|move: Protect
|move|p2b: Porygon2|Ice Beam|p1a: Kingambit
|-damage|p1a: Kingambit|0 fnt
|faint|p1a: Kingambit
|
|upkeep
|
|t:|1756409685
|switch|p1a: Sneasler|Sneasler, L50, M|100/100
|turn|5
|
|t:|1756409695
|move|p1a: Sneasler|Fake Out|p2b: Porygon2
|-damage|p2b: Porygon2|93/100
|move|p1b: Rillaboom|Grassy Glide|p2a: Kilowattrel
|-resisted|p2a: Kilowattrel
|-damage|p2a: Kilowattrel|0 fnt
|faint|p2a: Kilowattrel
|cant|p2b: Porygon2|flinch
|
|-heal|p2b: Porygon2|99/100|[from] Grassy Terrain
|upkeep
|
|t:|1756409699
|switch|p2a: Ursaluna|Ursaluna, L50, F|100/100
|turn|6
|
|t:|1756409713
|-terastallize|p2a: Ursaluna|Ghost
|move|p1a: Sneasler|Close Combat|p2b: Porygon2
|-supereffective|p2b: Porygon2
|-damage|p2b: Porygon2|35/100
|-unboost|p1a: Sneasler|def|1
|-unboost|p1a: Sneasler|spd|1
|-status|p2b: Porygon2|psn|[from] ability: Poison Touch|[of] p1a: Sneasler
|move|p1b: Rillaboom|Wood Hammer|p2a: Ursaluna
|-damage|p2a: Ursaluna|40/100
|-damage|p1b: Rillaboom|79/100|[from] Recoil
|move|p2a: Ursaluna|Earthquake|p1a: Sneasler|[spread] p2b,p1a,p1b
|-crit|p2b: Porygon2
|-supereffective|p1a: Sneasler
|-crit|p1a: Sneasler
|-resisted|p1b: Rillaboom
|-damage|p2b: Porygon2|18/100 psn
|-enditem|p1a: Sneasler|Focus Sash
|-damage|p1a: Sneasler|1/100
|-damage|p1b: Rillaboom|69/100
|move|p2b: Porygon2|Ice Beam|p1a: Sneasler
|-damage|p1a: Sneasler|0 fnt
|faint|p1a: Sneasler
|
|-heal|p1b: Rillaboom|74/100|[from] Grassy Terrain
|-heal|p2a: Ursaluna|46/100|[from] Grassy Terrain
|-heal|p2b: Porygon2|24/100 psn|[from] Grassy Terrain
|-damage|p2b: Porygon2|12/100 psn|[from] psn
|-fieldend|move: Grassy Terrain
|-status|p2a: Ursaluna|brn|[from] item: Flame Orb
|upkeep
|turn|7
|
|t:|1756409732
|move|p1b: Rillaboom|Wood Hammer|p2a: Ursaluna
|-damage|p2a: Ursaluna|1/100 brn
|-damage|p1b: Rillaboom|58/100|[from] Recoil
|move|p2a: Ursaluna|Facade|p1b: Rillaboom
|-damage|p1b: Rillaboom|0 fnt
|faint|p1b: Rillaboom
|
|win|SongokuVG Fr
|raw|Frakub's rating: 1198 → 1172(-26 for losing)
|raw|SongokuVG Fr's rating: 1188 → 1214(+26 for winning)
|c|☆Frakub|gg
|l|☆SongokuVG Fr
|player|p2|
