|j|â˜†SomeKidJon
|j|â˜†Reubz123
|html|SomeKidJonReubz123    
|uhtml|bestof|Game 1 of a best-of-3
|t:|1757626094
|gametype|doubles
|player|p1|SomeKidJon|scientistf|1131
|player|p2|Reubz123|265|1073
|gen|9
|tier|[Gen 9] VGC 2025 Reg H (Bo3)
|rated|
|rule|Species Clause: Limit one of each PokÃ©mon
|rule|Item Clause: Limit 1 of each item
|clearpoke
|poke|p1|Zoroark-Hisui, L50, M|
|poke|p1|Rillaboom, L50, M|
|poke|p1|Basculegion, L50, M|
|poke|p1|Pelipper, L50, M|
|poke|p1|Kingambit, L50, F|
|poke|p1|Farigiraf, L50, F|
|poke|p2|Archaludon, L50, M|
|poke|p2|Weavile, L50, F|
|poke|p2|Pelipper, L50, M|
|poke|p2|Basculegion, L50, M|
|poke|p2|Farigiraf, L50, M|
|poke|p2|Amoonguss, L50, F|
|teampreview|4
|showteam|p1|Zoroark-Hisui||ChoiceSpecs|Illusion|TeraBlast,HyperVoice,Snarl,ShadowBall|||M|||50|,,,,,Stellar]Rillaboom||AssaultVest|GrassySurge|FakeOut,WoodHammer,GrassyGlide,HighHorsepower|||M|||50|,,,,,Fire]Basculegion||ChoiceBand|SwiftSwim|WaveCrash,LastRespects,AquaJet,FlipTurn|||M|||50|,,,,,Water]Pelipper||FocusSash|Drizzle|HelpingHand,Tailwind,WeatherBall,Hurricane|||M|||50|,,,,,Grass]Kingambit||ChopleBerry|Defiant|KowtowCleave,SuckerPunch,SwordsDance,LowKick|||F|||50|,,,,,Dark]Farigiraf||SitrusBerry|ArmorTail|HelpingHand,TrickRoom,TwinBeam,FoulPlay|||F|||50|,,,,,Bug
|showteam|p2|Archaludon||AssaultVest|Stamina|ElectroShot,BodyPress,DracoMeteor,FlashCannon|||M|||50|,,,,,Bug]Weavile||FocusSash|Pickpocket|FakeOut,Snarl,IceSpinner,BeatUp|||F|||50|,,,,,Ghost]Pelipper||CovertCloak|Drizzle|Hurricane,WeatherBall,WideGuard,Tailwind|||M|||50|,,,,,Grass]Basculegion||ChoiceBand|SwiftSwim|WaveCrash,FlipTurn,AquaJet,LastRespects|||M|||50|,,,,,Water]Farigiraf||SafetyGoggles|ArmorTail|TwinBeam,HelpingHand,TrickRoom,Imprison|||M|||50|,,,,,Fairy]Amoonguss||SitrusBerry|Regenerator|Spore,RagePowder,PollenPuff,Protect|||F|||50|,,,,,Water
|
|t:|1757626174
|teamsize|p1|4
|teamsize|p2|4
|start
|switch|p1a: Sciel|Basculegion, L50, M|100/100
|switch|p1b: Monoco|Rillaboom, L50, M|100/100
|switch|p2a: Archaludon|Archaludon, L50, M|100/100
|switch|p2b: Weavile|Weavile, L50, F|100/100
|-fieldstart|move: Grassy Terrain|[from] ability: Grassy Surge|[of] p1b: Monoco
|turn|1
|l|â˜†SomeKidJon
|player|p1|
|inactive|Battle timer is ON: inactive players will automatically lose when time's up. (requested by Reubz123)
|j|â˜†SomeKidJon
|inactive|SomeKidJon reconnected and has 85 seconds left.
|player|p1|SomeKidJon|scientistf|
|
|t:|1757626219
|switch|p2b: Pelipper|Pelipper, L50, M|100/100
|-weather|RainDance|[from] ability: Drizzle|[of] p2b: Pelipper
|switch|p1b: Esquie|Pelipper, L50, M|100/100
|-terastallize|p1a: Sciel|Water
|move|p1a: Sciel|Wave Crash|p2a: Archaludon
|-resisted|p2a: Archaludon
|-damage|p2a: Archaludon|40/100
|-ability|p2a: Archaludon|Stamina|boost
|-boost|p2a: Archaludon|def|1
|-damage|p1a: Sciel|81/100|[from] Recoil
|move|p2a: Archaludon|Electro Shot||[still]
|-prepare|p2a: Archaludon|Electro Shot
|-boost|p2a: Archaludon|spa|1
|-anim|p2a: Archaludon|Electro Shot|p1a: Sciel
|-supereffective|p1a: Sciel
|-damage|p1a: Sciel|0 fnt
|faint|p1a: Sciel
|
|-weather|RainDance|[upkeep]
|-heal|p2a: Archaludon|46/100|[from] Grassy Terrain
|upkeep
|
|t:|1757626225
|switch|p1a: Maelle|Kingambit, L50, F, shiny|100/100
|turn|2
|inactive|Reubz123 has 30 seconds left.
|
|t:|1757626259
|move|p1b: Esquie|Hurricane|p2a: Archaludon
|-resisted|p2a: Archaludon
|-damage|p2a: Archaludon|30/100
|-start|p2a: Archaludon|confusion
|-ability|p2a: Archaludon|Stamina|boost
|-boost|p2a: Archaludon|def|1
|-activate|p2a: Archaludon|confusion
|move|p2a: Archaludon|Body Press|p1a: Maelle
|-supereffective|p1a: Maelle
|-enditem|p1a: Maelle|Chople Berry|[eat]
|-enditem|p1a: Maelle|Chople Berry|[weaken]
|-damage|p1a: Maelle|34/100
|move|p2b: Pelipper|Tailwind|p2b: Pelipper
|-sidestart|p2: Reubz123|move: Tailwind
|move|p1a: Maelle|Low Kick|p2a: Archaludon
|-supereffective|p2a: Archaludon
|-damage|p2a: Archaludon|7/100
|-ability|p2a: Archaludon|Stamina|boost
|-boost|p2a: Archaludon|def|1
|
|-weather|RainDance|[upkeep]
|-heal|p2a: Archaludon|13/100|[from] Grassy Terrain
|-heal|p1a: Maelle|40/100|[from] Grassy Terrain
|upkeep
|turn|3
|
|t:|1757626277
|move|p1b: Esquie|Helping Hand|p1a: Maelle
|-singleturn|p1a: Maelle|Helping Hand|[of] p1b: Esquie
|move|p1a: Maelle|Sucker Punch|p2a: Archaludon
|-damage|p2a: Archaludon|0 fnt
|faint|p2a: Archaludon
|move|p2b: Pelipper|Hurricane|p1a: Maelle
|-resisted|p1a: Maelle
|-damage|p1a: Maelle|16/100
|
|-weather|RainDance|[upkeep]
|-heal|p1a: Maelle|22/100|[from] Grassy Terrain
|upkeep
|c|â˜†Reubz123|misclick
|
|t:|1757626295
|switch|p2a: Farigiraf|Farigiraf, L50, M|100/100
|turn|4
|
|t:|1757626307
|switch|p1a: Monoco|Rillaboom, L50, M|100/100
|move|p2b: Pelipper|Hurricane|p1a: Monoco
|-supereffective|p1a: Monoco
|-damage|p1a: Monoco|34/100
|move|p2a: Farigiraf|Twin Beam|p1b: Esquie
|-damage|p1b: Esquie|73/100
|-damage|p1b: Esquie|45/100
|-hitcount|p1b: Esquie|2
|move|p1b: Esquie|Hurricane|p2b: Pelipper
|-damage|p2b: Pelipper|38/100
|
|-weather|RainDance|[upkeep]
|-heal|p1a: Monoco|40/100|[from] Grassy Terrain
|upkeep
|turn|5
|inactive|Reubz123 has 30 seconds left.
|
|t:|1757626332
|switch|p1a: Maelle|Kingambit, L50, F, shiny|22/100
|move|p2b: Pelipper|Hurricane|p1a: Maelle
|-resisted|p1a: Maelle
|-damage|p1a: Maelle|0 fnt
|faint|p1a: Maelle
|move|p2a: Farigiraf|Twin Beam|p1b: Esquie
|-damage|p1b: Esquie|13/100
|-damage|p1b: Esquie|0 fnt
|faint|p1b: Esquie
|-hitcount|p1: Esquie|2
|
|-weather|none
|-sideend|p2: Reubz123|move: Tailwind
|-fieldend|move: Grassy Terrain
|upkeep
|-message|SomeKidJon forfeited.
|raw|SomeKidJon's rating: 1131 → 1102(-29 for losing)
|raw|Reubz123's rating: 1073 → 1107(+34 for winning)
|
|win|Reubz123
