|j|☆Golurkin it
|j|☆Missed Ledgedash
|html|Golurkin itMissed Ledgedash    
|uhtml|bestof|Game 1 of a best-of-3
|t:|1784584684
|gametype|doubles
|player|p1|Golurkin it|2|1201
|player|p2|Missed Ledgedash|juan-gen3|1213
|gen|9
|tier|[Gen 9 Champions] VGC 2026 Reg M-B (Bo3)
|rated|
|rule|Species Clause: Limit one of each Pokémon
|rule|Item Clause: Limit 1 of each item
|clearpoke
|poke|p1|Tyranitar, L50, F|
|poke|p1|Gengar, L50, M|
|poke|p1|Rotom-Wash, L50|
|poke|p1|Incineroar, L50, M|
|poke|p1|Mamoswine, L50, F|
|poke|p1|Decidueye-Hisui, L50, F|
|poke|p2|Gengar, L50, F|
|poke|p2|Incineroar, L50, F|
|poke|p2|Swampert, L50, F|
|poke|p2|Politoed, L50, F|
|poke|p2|Archaludon, L50, M|
|poke|p2|Vivillon, L50, F|
|teampreview|4
|showteam|p1|Tyranitar||Tyranitarite|SandStream|Protect,Crunch,RockSlide,LowKick|Adamant||F|||50|]Gengar||Gengarite|CursedBody|Protect,SludgeBomb,ShadowBall,WillOWisp|Timid||M|||50|]Rotom-Wash||SitrusBerry|Levitate|Thunderbolt,VoltSwitch,HydroPump,Protect|Modest|||||50|]Incineroar||ShucaBerry|Intimidate|FakeOut,FlareBlitz,DarkestLariat,PartingShot|Impish||M|||50|]Mamoswine||FocusSash|Oblivious|IceShard,IcicleCrash,HighHorsepower,Protect|Adamant||F|||50|]Decidueye-Hisui||LifeOrb|Scrappy|Protect,BraveBird,TripleArrows,LeafBlade|Adamant||F|||50|
|showteam|p2|Gengar||Gengarite|CursedBody|Protect,ShadowBall,SludgeBomb,PerishSong|Timid||F|||50|]Incineroar||PasshoBerry|Intimidate|Protect,DarkestLariat,PartingShot,FakeOut|Relaxed||F|||50|]Swampert||Swampertite|Torrent|Protect,WaveCrash,HighHorsepower,IcePunch|Adamant||F|||50|]Politoed||SitrusBerry|Drizzle|Protect,WeatherBall,PerishSong,Encore|Calm||F|||50|]Archaludon||Leftovers|Stamina|Protect,DragonPulse,FlashCannon,ElectroShot|Bold||M|||50|]Vivillon||FocusSash|CompoundEyes|Protect,Hurricane,SleepPowder,RagePowder|Timid||F|||50|
|
|t:|1784584729
|teamsize|p1|4
|teamsize|p2|4
|start
|switch|p1a: Decidueye|Decidueye-Hisui, L50, F|100/100
|switch|p1b: Rotom|Rotom-Wash, L50|100/100
|switch|p2a: Incineroar|Incineroar, L50, F|100/100
|switch|p2b: Vivillon|Vivillon, L50, F|100/100
|-ability|p2a: Incineroar|Intimidate|boost
|-fail|p1a: Decidueye|unboost|Attack|[from] ability: Scrappy|[of] p1a: Decidueye
|-unboost|p1b: Rotom|atk|1
|turn|1
|
|t:|1784584751
|move|p1a: Decidueye|Protect|p1a: Decidueye
|-singleturn|p1a: Decidueye|Protect
|move|p2a: Incineroar|Fake Out|p1b: Rotom
|-damage|p1b: Rotom|89/100
|move|p2b: Vivillon|Hurricane|p1a: Decidueye
|-activate|p1a: Decidueye|move: Protect
|cant|p1b: Rotom|flinch
|
|upkeep
|turn|2
|
|t:|1784584767
|switch|p1a: Tyranitar|Tyranitar, L50, F|100/100
|-weather|Sandstorm|[from] ability: Sand Stream|[of] p1a: Tyranitar
|move|p2b: Vivillon|Hurricane|p1a: Tyranitar
|-resisted|p1a: Tyranitar|1
|-damage|p1a: Tyranitar|85/100
|move|p1b: Rotom|Volt Switch|p2b: Vivillon
|-supereffective|p2b: Vivillon|1
|-enditem|p2b: Vivillon|Focus Sash
|-damage|p2b: Vivillon|1/100
|
|t:|1784584777
|switch|p1b: Decidueye|Decidueye-Hisui, L50, F|100/100|[from] Volt Switch
|move|p2a: Incineroar|Parting Shot|p1b: Decidueye
|-unboost|p1b: Decidueye|atk|1
|-unboost|p1b: Decidueye|spa|1
|
|t:|1784584783
|switch|p2a: Swampert|Swampert, L50, F|100/100|[from] Parting Shot
|
|-weather|Sandstorm|[upkeep]
|-damage|p2b: Vivillon|0 fnt|[from] Sandstorm
|-damage|p1b: Decidueye|93/100|[from] Sandstorm
|faint|p2b: Vivillon
|upkeep
|
|t:|1784584789
|switch|p2b: Politoed|Politoed, L50, F|100/100
|-weather|RainDance|[from] ability: Drizzle|[of] p2b: Politoed
|turn|3
|
|t:|1784584839
|switch|p2b: Incineroar|Incineroar, L50, F|100/100
|-ability|p2b: Incineroar|Intimidate|boost
|-unboost|p1a: Tyranitar|atk|1
|-fail|p1b: Decidueye|unboost|Attack|[from] ability: Scrappy|[of] p1b: Decidueye
|detailschange|p1a: Tyranitar|Tyranitar-Mega, L50, F
|-mega|p1a: Tyranitar|Tyranitar|Tyranitarite
|-weather|Sandstorm|[from] ability: Sand Stream|[of] p1a: Tyranitar
|detailschange|p2a: Swampert|Swampert-Mega, L50, F
|-mega|p2a: Swampert|Swampert|Swampertite
|move|p2a: Swampert|Protect|p2a: Swampert
|-singleturn|p2a: Swampert|Protect
|move|p1a: Tyranitar|Rock Slide|p2b: Incineroar|[spread] p2b
|-activate|p2a: Swampert|move: Protect
|-supereffective|p2b: Incineroar|1
|-damage|p2b: Incineroar|61/100
|move|p1b: Decidueye|Leaf Blade|p2a: Swampert
|-activate|p2a: Swampert|move: Protect
|
|-weather|Sandstorm|[upkeep]
|-damage|p1b: Decidueye|87/100|[from] Sandstorm
|-damage|p2b: Incineroar|55/100|[from] Sandstorm
|upkeep
|turn|4
|
|t:|1784584858
|switch|p1a: Rotom|Rotom-Wash, L50|89/100
|switch|p2b: Politoed|Politoed, L50, F|100/100
|-weather|RainDance|[from] ability: Drizzle|[of] p2b: Politoed
|move|p1b: Decidueye|Protect|p1b: Decidueye
|-singleturn|p1b: Decidueye|Protect
|move|p2a: Swampert|Wave Crash|p1b: Decidueye
|-activate|p1b: Decidueye|move: Protect
|
|-weather|RainDance|[upkeep]
|upkeep
|turn|5
|
|t:|1784584900
|switch|p1b: Tyranitar|Tyranitar-Mega, L50, F|85/100
|-weather|Sandstorm|[from] ability: Sand Stream|[of] p1b: Tyranitar
|switch|p2b: Incineroar|Incineroar, L50, F|55/100
|-ability|p2b: Incineroar|Intimidate|boost
|-unboost|p1a: Rotom|atk|1
|-unboost|p1b: Tyranitar|atk|1
|move|p2a: Swampert|Ice Punch|p1b: Tyranitar
|-damage|p1b: Tyranitar|64/100
|move|p1a: Rotom|Volt Switch|p2b: Incineroar
|-damage|p2b: Incineroar|22/100
|
|t:|1784584917
|switch|p1a: Decidueye|Decidueye-Hisui, L50, F|87/100|[from] Volt Switch
|
|-weather|Sandstorm|[upkeep]
|-damage|p1a: Decidueye|81/100|[from] Sandstorm
|-damage|p2b: Incineroar|16/100|[from] Sandstorm
|upkeep
|turn|6
|
|t:|1784584941
|switch|p1b: Rotom|Rotom-Wash, L50|89/100
|switch|p2b: Politoed|Politoed, L50, F|100/100
|-weather|RainDance|[from] ability: Drizzle|[of] p2b: Politoed
|move|p1a: Decidueye|Protect|p1a: Decidueye
|-singleturn|p1a: Decidueye|Protect
|move|p2a: Swampert|Ice Punch|p1a: Decidueye
|-activate|p1a: Decidueye|move: Protect
|
|-weather|RainDance|[upkeep]
|upkeep
|turn|7
|
|t:|1784584960
|switch|p1a: Mamoswine|Mamoswine, L50, F|100/100
|move|p2b: Politoed|Protect|p2b: Politoed
|-singleturn|p2b: Politoed|Protect
|move|p2a: Swampert|Ice Punch|p1a: Mamoswine
|-damage|p1a: Mamoswine|64/100
|move|p1b: Rotom|Volt Switch|p2b: Politoed
|-activate|p2b: Politoed|move: Protect
|
|-weather|RainDance|[upkeep]
|upkeep
|turn|8
|
|t:|1784584976
|move|p2a: Swampert|Wave Crash|p1a: Mamoswine
|-supereffective|p1a: Mamoswine|1
|-damage|p1a: Mamoswine|0 fnt
|faint|p1a: Mamoswine
|-damage|p2a: Swampert|78/100|[from] Recoil
|move|p1b: Rotom|Volt Switch|p2b: Politoed
|-supereffective|p2b: Politoed|1
|-damage|p2b: Politoed|56/100
|
|t:|1784584979
|switch|p1b: Tyranitar|Tyranitar-Mega, L50, F|64/100|[from] Volt Switch
|-weather|Sandstorm|[from] ability: Sand Stream|[of] p1b: Tyranitar
|move|p2b: Politoed|Weather Ball|p1b: Tyranitar
|-damage|p1b: Tyranitar|51/100
|
|-weather|Sandstorm|[upkeep]
|-damage|p2b: Politoed|50/100g|[from] Sandstorm
|upkeep
|
|t:|1784584984
|switch|p1a: Decidueye|Decidueye-Hisui, L50, F|81/100
|turn|9
|
|t:|1784584998
|switch|p2b: Incineroar|Incineroar, L50, F|16/100
|-ability|p2b: Incineroar|Intimidate|boost
|-fail|p1a: Decidueye|unboost|Attack|[from] ability: Scrappy|[of] p1a: Decidueye
|-unboost|p1b: Tyranitar|atk|1
|move|p1b: Tyranitar|Rock Slide|p2a: Swampert|[spread] p2a,p2b
|-resisted|p2a: Swampert|1
|-supereffective|p2b: Incineroar|1
|-crit|p2b: Incineroar
|-damage|p2a: Swampert|66/100
|-damage|p2b: Incineroar|0 fnt
|faint|p2b: Incineroar
|move|p2a: Swampert|Ice Punch|p1a: Decidueye
|-supereffective|p1a: Decidueye|1
|-damage|p1a: Decidueye|1/100
|move|p1a: Decidueye|Leaf Blade|p2a: Swampert
|-supereffective|p2a: Swampert|2
|-damage|p2a: Swampert|0 fnt
|faint|p2a: Swampert
|-damage|p1a: Decidueye|0 fnt|[from] item: Life Orb
|faint|p1a: Decidueye
|
|-weather|Sandstorm|[upkeep]
|upkeep
|
|t:|1784585029
|switch|p1a: Rotom|Rotom-Wash, L50|89/100
|switch|p2b: Politoed|Politoed, L50, F|50/100g
|-weather|RainDance|[from] ability: Drizzle|[of] p2b: Politoed
|turn|10
|
|t:|1784585040
|move|p1b: Tyranitar|Rock Slide|p2b: Politoed
|-damage|p2b: Politoed|19/100
|-enditem|p2b: Politoed|Sitrus Berry|[eat]
|-heal|p2b: Politoed|44/100|[from] item: Sitrus Berry
|move|p1a: Rotom|Thunderbolt|p2b: Politoed
|-supereffective|p2b: Politoed|1
|-damage|p2b: Politoed|0 fnt
|faint|p2b: Politoed
|
|win|Golurkin it
