|j|☆kk1pper1314
|j|☆sweetlysunny
|html|kk1pper1314sweetlysunny    
|uhtml|bestof|Game 1 of a best-of-3
|t:|1783883255
|gametype|doubles
|player|p1|kk1pper1314|265|1279
|player|p2|sweetlysunny|serena|1117
|gen|9
|tier|[Gen 9 Champions] VGC 2026 Reg M-B (Bo3)
|rated|
|rule|Species Clause: Limit one of each Pokémon
|rule|Item Clause: Limit 1 of each item
|clearpoke
|poke|p1|Blaziken, L50, F|
|poke|p1|Aerodactyl, L50, F|
|poke|p1|Kingambit, L50, F|
|poke|p1|Basculegion, L50, M|
|poke|p1|Sylveon, L50, F|
|poke|p1|Torkoal, L50, F|
|poke|p2|Torkoal, L50, M|
|poke|p2|Pyroar, L50, F|
|poke|p2|Vileplume, L50, M|
|poke|p2|Scrafty, L50, F|
|poke|p2|Farigiraf, L50, M|
|poke|p2|Sylveon, L50, F|
|teampreview|4
|showteam|p1|Blaziken||Blazikenite|SpeedBoost|FlareBlitz,CloseCombat,Protect,RockSlide|Adamant||F|||50|]Aerodactyl||Aerodactylite|Unnerve|RockSlide,DualWingbeat,IceFang,Tailwind|Jolly||F|||50|]Kingambit||LifeOrb|Defiant|KowtowCleave,Protect,IronHead,SuckerPunch|Adamant||F|||50|]Basculegion||FocusSash|Adaptability|Liquidation,Protect,LastRespects,AquaJet|Adamant||M|||50|]Sylveon||FairyFeather|Pixilate|HyperVoice,Moonblast,QuickAttack,Protect|Modest||F|||50|]Torkoal||Leftovers|Drought|BurningJealousy,WeatherBall,Protect,Yawn|Relaxed||F|||50|
|showteam|p2|Torkoal||Charcoal|Drought|HeatWave,Eruption,HelpingHand,Protect|Quiet||M|||50|]Pyroar||Pyroarite|Unnerve|HeatWave,Overheat,ScorchingSands,Protect|Timid||F|||50|]Vileplume||FocusSash|Chlorophyll|EnergyBall,SludgeBomb,SleepPowder,AfterYou|Timid||M|||50|]Scrafty||Scraftinite|Intimidate|FakeOut,CloseCombat,PoisonJab,KnockOff|Brave||F|||50|]Farigiraf||SitrusBerry|ArmorTail|HyperVoice,Psychic,HelpingHand,TrickRoom|Bold||M|||50|]Sylveon||FairyFeather|Pixilate|HyperVoice,HyperBeam,QuickAttack,Protect|Quiet||F|||50|
|inactive|Battle timer is ON: inactive players will automatically lose when time's up. (requested by kk1pper1314)
|inactive|sweetlysunny also wants the timer to be on.
|inactive|kk1pper1314 has 60 seconds left.
|
|t:|1783883300
|teamsize|p1|4
|teamsize|p2|4
|start
|switch|p1a: Sylveon|Sylveon, L50, F|100/100
|switch|p1b: Aerodactyl|Aerodactyl, L50, F|100/100
|switch|p2a: Farigiraf|Farigiraf, L50, M|100/100
|switch|p2b: Scrafty|Scrafty, L50, F|100/100
|-ability|p1b: Aerodactyl|Unnerve
|-ability|p2b: Scrafty|Intimidate|boost
|-unboost|p1a: Sylveon|atk|1
|-unboost|p1b: Aerodactyl|atk|1
|turn|1
|
|t:|1783883318
|switch|p1b: Kingambit|Kingambit, L50, F|100/100
|detailschange|p2b: Scrafty|Scrafty-Mega, L50, F
|-mega|p2b: Scrafty|Scrafty|Scraftinite
|-ability|p2b: Scrafty|Intimidate|boost
|-unboost|p1a: Sylveon|atk|1
|-unboost|p1b: Kingambit|atk|1
|-ability|p1b: Kingambit|Defiant|boost
|-boost|p1b: Kingambit|atk|2
|move|p2b: Scrafty|Fake Out|p1a: Sylveon
|-damage|p1a: Sylveon|81/100
|cant|p1a: Sylveon|flinch
|move|p2a: Farigiraf|Trick Room|p2a: Farigiraf
|-fieldstart|move: Trick Room|[of] p2a: Farigiraf
|
|upkeep
|turn|2
|
|t:|1783883333
|move|p2b: Scrafty|Close Combat|p1b: Kingambit
|-supereffective|p1b: Kingambit|2
|-damage|p1b: Kingambit|0 fnt
|-unboost|p2b: Scrafty|def|1
|-unboost|p2b: Scrafty|spd|1
|faint|p1b: Kingambit
|move|p2a: Farigiraf|Hyper Voice|p1a: Sylveon
|-damage|p1a: Sylveon|56/100
|move|p1a: Sylveon|Hyper Voice|p2a: Farigiraf|[spread] p2a,p2b
|-supereffective|p2b: Scrafty|2
|-damage|p2a: Farigiraf|53/100
|-damage|p2b: Scrafty|0 fnt
|faint|p2b: Scrafty
|
|upkeep
|
|t:|1783883342
|switch|p1b: Aerodactyl|Aerodactyl, L50, F|100/100
|switch|p2b: Torkoal|Torkoal, L50, M|100/100
|-ability|p1b: Aerodactyl|Unnerve
|-weather|SunnyDay|[from] ability: Drought|[of] p2b: Torkoal
|turn|3
|
|t:|1783883350
|detailschange|p1b: Aerodactyl|Aerodactyl-Mega, L50, F
|-mega|p1b: Aerodactyl|Aerodactyl|Aerodactylite
|move|p1a: Sylveon|Protect|p1a: Sylveon
|-singleturn|p1a: Sylveon|Protect
|move|p2b: Torkoal|Eruption|p1b: Aerodactyl|[spread] p1b
|-activate|p1a: Sylveon|move: Protect
|-resisted|p1b: Aerodactyl|1
|-damage|p1b: Aerodactyl|55/100
|move|p2a: Farigiraf|Psychic|p1b: Aerodactyl
|-damage|p1b: Aerodactyl|20/100r
|move|p1b: Aerodactyl|Rock Slide|p2a: Farigiraf|[spread] p2b
|-miss|p1b: Aerodactyl|p2a: Farigiraf
|-supereffective|p2b: Torkoal|1
|-damage|p2b: Torkoal|61/100
|
|-weather|SunnyDay|[upkeep]
|upkeep
|turn|4
|
|t:|1783883373
|switch|p1b: Basculegion|Basculegion, L50, M|100/100
|move|p2b: Torkoal|Eruption|p1b: Basculegion|[spread] p1a,p1b
|-crit|p1a: Sylveon
|-resisted|p1b: Basculegion|1
|-damage|p1a: Sylveon|0 fnt
|-damage|p1b: Basculegion|71/100
|faint|p1a: Sylveon
|move|p2a: Farigiraf|Hyper Voice|p1b: Basculegion
|-immune|p1b: Basculegion
|
|-weather|SunnyDay|[upkeep]
|upkeep
|
|t:|1783883378
|switch|p1a: Aerodactyl|Aerodactyl-Mega, L50, F|20/100r
|turn|5
|
|t:|1783883388
|move|p2b: Torkoal|Eruption|p1b: Basculegion|[spread] p1a,p1b
|-resisted|p1a: Aerodactyl|1
|-resisted|p1b: Basculegion|1
|-damage|p1a: Aerodactyl|0 fnt
|-damage|p1b: Basculegion|41/100
|faint|p1a: Aerodactyl
|move|p2a: Farigiraf|Psychic|p1b: Basculegion
|-damage|p1b: Basculegion|0 fnt
|faint|p1b: Basculegion
|
|win|sweetlysunny
||kk1pper1314 is ready for game 2.
||sweetlysunny is ready for game 2.
|uhtml|next|Next: Game 2 of 3
|l|☆kk1pper1314
|player|p1|
