|j|☆beeetch
|j|☆no 1 lebron fan
|html|beeetchno 1 lebron fan    
|uhtml|bestof|Game 3 of a best-of-3
|t:|1755467826
|gametype|doubles
|player|p1|beeetch|beauty-gen4dp|1333
|player|p2|no 1 lebron fan|1|1217
|gen|9
|tier|[Gen 9] VGC 2025 Reg H (Bo3)
|rated|
|rule|Species Clause: Limit one of each Pokémon
|rule|Item Clause: Limit 1 of each item
|clearpoke
|poke|p1|Toedscruel, L50, F|
|poke|p1|Weezing-Galar, L50, M|
|poke|p1|Corviknight, L50, F|
|poke|p1|Pawmot, L50, M|
|poke|p1|Garchomp, L50, M|
|poke|p1|Typhlosion-Hisui, L50, F|
|poke|p2|Pelipper, L50, F|
|poke|p2|Archaludon, L50, F|
|poke|p2|Basculegion, L50, M|
|poke|p2|Gholdengo, L50|
|poke|p2|Maushold, L50|
|poke|p2|Dragonite, L50, F|
|teampreview|4
|showteam|p1|Toedscruel||CovertCloak|MyceliumMight|Spore,EarthPower,AcidSpray,RagePowder|||F|||50|,,,,,Water]Weezing-Galar||ChoiceSpecs|NeutralizingGas|DazzlingGleam,SludgeBomb,StrangeSteam,Flamethrower|||M|||50|,,,,,Fire]Corviknight||SitrusBerry|MirrorArmor|Protect,Tailwind,Roost,BraveBird|||F|||50|,,,,,Dragon]Pawmot||FocusSash|NaturalCure|Protect,CloseCombat,DoubleShock,FakeOut|||M|||50|,,,,,Electric]Garchomp||LifeOrb|RoughSkin|Protect,Earthquake,DragonClaw,StompingTantrum|||M|||50|,,,,,Ground]Typhlosion-Hisui||ChoiceScarf|Blaze|Eruption,SleepTalk,HeatWave,ShadowBall|||F|||50|,,,,,Fire
|showteam|p2|Pelipper||FocusSash|Drizzle|Tailwind,WeatherBall,Protect,Hurricane|||F|||50|,,,,,Ghost]Archaludon||AssaultVest|Stamina|ElectroShot,DragonPulse,FlashCannon,BodyPress|||F|||50|,,,,,Grass]Basculegion||ChoiceBand|SwiftSwim|WaveCrash,LastRespects,AquaJet,FlipTurn|||M|||50|,,,,,Water]Gholdengo||LifeOrb|GoodasGold|MakeItRain,ShadowBall,NastyPlot,Protect||||||50|,,,,,Water]Maushold||WideLens|Technician|PopulationBomb,FollowMe,Taunt,Protect||||||50|,,,,,Normal]Dragonite||LoadedDice|Multiscale|ScaleShot,Protect,Tailwind,Haze|||F|||50|,,,,,Fairy
|
|t:|1755467842
|teamsize|p1|4
|teamsize|p2|4
|start
|switch|p1a: Weezing|Weezing-Galar, L50, M|100/100
|switch|p1b: Typhlosion|Typhlosion-Hisui, L50, F|100/100
|switch|p2a: Maushold|Maushold, L50|100/100
|switch|p2b: Pelipper|Pelipper, L50, F|100/100
|-ability|p1a: Weezing|Neutralizing Gas
|turn|1
|inactive|Battle timer is ON: inactive players will automatically lose when time's up. (requested by no 1 lebron fan)
|inactive|beeetch has 60 seconds left.
|
|t:|1755467877
|move|p2a: Maushold|Protect|p2a: Maushold
|-singleturn|p2a: Maushold|Protect
|move|p1b: Typhlosion|Heat Wave|p2a: Maushold|[spread] p2b
|-activate|p2a: Maushold|move: Protect
|-resisted|p2b: Pelipper
|-damage|p2b: Pelipper|64/100
|move|p2b: Pelipper|Hurricane|p1b: Typhlosion
|-damage|p1b: Typhlosion|40/100
|move|p1a: Weezing|Dazzling Gleam|p2a: Maushold|[spread] p2b
|-activate|p2a: Maushold|move: Protect
|-damage|p2b: Pelipper|0 fnt
|faint|p2b: Pelipper
|
|upkeep
|
|t:|1755467896
|switch|p2b: Basculegion|Basculegion, L50, M|100/100
|turn|2
|
|t:|1755467905
|switch|p1b: Corviknight|Corviknight, L50, F|100/100
|-terastallize|p2a: Maushold|Normal
|move|p2b: Basculegion|Aqua Jet|p1b: Corviknight
|-damage|p1b: Corviknight|73/100
|move|p2a: Maushold|Population Bomb|p1a: Weezing
|-damage|p1a: Weezing|90/100
|-crit|p1a: Weezing
|-damage|p1a: Weezing|73/100
|-damage|p1a: Weezing|63/100
|-damage|p1a: Weezing|54/100
|-damage|p1a: Weezing|44/100
|-damage|p1a: Weezing|33/100
|-damage|p1a: Weezing|23/100
|-damage|p1a: Weezing|13/100
|-damage|p1a: Weezing|2/100
|-damage|p1a: Weezing|0 fnt
|faint|p1a: Weezing
|-end|p1a: Weezing|ability: Neutralizing Gas
|-hitcount|p1: Weezing|10
|
|upkeep
|
|t:|1755467918
|switch|p1a: Garchomp|Garchomp, L50, M|100/100
|turn|3
|inactive|no 1 lebron fan has 30 seconds left.
|
|t:|1755467945
|move|p2b: Basculegion|Aqua Jet|p1a: Garchomp
|-damage|p1a: Garchomp|69/100
|-damage|p2b: Basculegion|88/100|[from] ability: Rough Skin|[of] p1a: Garchomp
|move|p2a: Maushold|Population Bomb|p1a: Garchomp
|-damage|p1a: Garchomp|53/100
|-damage|p2a: Maushold|88/100|[from] ability: Rough Skin|[of] p1a: Garchomp
|-damage|p1a: Garchomp|39/100
|-damage|p2a: Maushold|76/100|[from] ability: Rough Skin|[of] p1a: Garchomp
|-damage|p1a: Garchomp|24/100
|-damage|p2a: Maushold|64/100|[from] ability: Rough Skin|[of] p1a: Garchomp
|-damage|p1a: Garchomp|8/100
|-damage|p2a: Maushold|52/100|[from] ability: Rough Skin|[of] p1a: Garchomp
|-damage|p1a: Garchomp|0 fnt
|-damage|p2a: Maushold|40/100|[from] ability: Rough Skin|[of] p1a: Garchomp
|faint|p1a: Garchomp
|-hitcount|p1: Garchomp|5
|move|p1b: Corviknight|Brave Bird|p2b: Basculegion
|-damage|p2b: Basculegion|34/100
|-damage|p1b: Corviknight|56/100|[from] Recoil
|
|upkeep
|
|t:|1755467958
|switch|p1a: Typhlosion|Typhlosion-Hisui, L50, F|40/100
|turn|4
|c|☆no 1 lebron fan|Ggwp
|
|t:|1755467969
|move|p2b: Basculegion|Aqua Jet|p1a: Typhlosion
|-supereffective|p1a: Typhlosion
|-damage|p1a: Typhlosion|0 fnt
|faint|p1a: Typhlosion
|move|p2a: Maushold|Population Bomb|p1b: Corviknight
|-resisted|p1b: Corviknight
|-damage|p1b: Corviknight|49/100
|-enditem|p1b: Corviknight|Sitrus Berry|[eat]
|-heal|p1b: Corviknight|74/100|[from] item: Sitrus Berry
|-resisted|p1b: Corviknight
|-damage|p1b: Corviknight|67/100
|-resisted|p1b: Corviknight
|-damage|p1b: Corviknight|60/100
|-resisted|p1b: Corviknight
|-damage|p1b: Corviknight|54/100
|-resisted|p1b: Corviknight
|-damage|p1b: Corviknight|47/100
|-resisted|p1b: Corviknight
|-damage|p1b: Corviknight|40/100
|-resisted|p1b: Corviknight
|-damage|p1b: Corviknight|33/100
|-resisted|p1b: Corviknight
|-damage|p1b: Corviknight|26/100
|-resisted|p1b: Corviknight
|-damage|p1b: Corviknight|20/100
|-resisted|p1b: Corviknight
|-damage|p1b: Corviknight|14/100
|-hitcount|p1b: Corviknight|10
|move|p1b: Corviknight|Tailwind|p1b: Corviknight
|-sidestart|p1: beeetch|move: Tailwind
|
|upkeep
|turn|5
|
|t:|1755467980
|move|p2b: Basculegion|Aqua Jet|p1b: Corviknight
|-damage|p1b: Corviknight|0 fnt
|faint|p1b: Corviknight
|
|win|no 1 lebron fan
|raw|beeetch's rating: 1333 → 1307(-26 for losing)
|raw|no 1 lebron fan's rating: 1217 → 1250(+33 for winning)
