|j|☆prince42
|j|☆Morty_METPA
|html|prince42Morty_METPA    
|uhtml|bestof|Game 2 of a best-of-3
|t:|1785861831
|gametype|doubles
|player|p1|prince42|pokefan-gen4|
|player|p2|Morty_METPA|caitlin|
|gen|9
|tier|[Gen 9 Champions] VGC 2026 Reg M-B (Bo3)
|rule|Species Clause: Limit one of each Pokémon
|rule|Item Clause: Limit 1 of each item
|clearpoke
|poke|p1|Runerigus, L50, M|
|poke|p1|Abomasnow, L50, M|
|poke|p1|Toucannon, L50, M|
|poke|p1|Steelix, L50, M|
|poke|p1|Simipour, L50, M|
|poke|p1|Slowbro, L50, F|
|poke|p2|Steelix, L50, M|
|poke|p2|Toucannon, L50, M|
|poke|p2|Simisear, L50, F|
|poke|p2|Zoroark, L50, F|
|poke|p2|Heliolisk, L50, F|
|poke|p2|Mr. Rime, L50, F|
|teampreview|4
|showteam|p1|Runerigus||SitrusBerry|WanderingSpirit|TrickRoom,ShadowBall,Protect,RockSlide|Relaxed||M|||50|]Abomasnow||Abomasite|SnowWarning|Blizzard,GigaDrain,IceShard,Protect|Quiet||M|||50|]Toucannon||KingsRock|SkillLink|BulletSeed,Protect,BraveBird,BeakBlast|Brave||M|||50|]Steelix||OccaBerry|RockHead|HighHorsepower,WideGuard,GyroBall,Protect|Relaxed||M|||50|]Simipour||FocusSash|Gluttony|FakeOut,RainDance,IceBeam,FlipTurn|Hasty||M|||50|]Slowbro||Leftovers|Regenerator|TrickRoom,Scald,PsychicNoise,Protect|Relaxed||F|||50|
|showteam|p2|Steelix||Steelixite|Sturdy|HeavySlam,HighHorsepower,Protect,Earthquake|Adamant||M|||50|]Toucannon||MentalHerb|SkillLink|Tailwind,Protect,BulletSeed,BeakBlast|Careful||M|||50|]Simisear||LifeOrb|Blaze|FlareBlitz,FakeOut,Protect,Superpower|Jolly||F|||50|]Zoroark||FocusSash|Illusion|DarkPulse,FocusBlast,Uturn,Protect|Timid||F|||50|]Heliolisk||WhiteHerb|DrySkin|Electroweb,Thunderbolt,GrassKnot,Protect|Timid||F|||50|]Mr. Rime||OccaBerry|ScreenCleaner|Psychic,FakeOut,TrickRoom,FreezeDry|Quiet||F|||50|
|
|t:|1785861894
|teamsize|p1|4
|teamsize|p2|4
|start
|switch|p1a: Simipour|Simipour, L50, M|100/100
|switch|p1b: Slowbro|Slowbro, L50, F|100/100
|switch|p2a: Застилил|Steelix, L50, M|100/100
|switch|p2b: Отлупи тапком|Heliolisk, L50, F|100/100
|turn|1
|
|t:|1785861928
|detailschange|p2a: Застилил|Steelix-Mega, L50, M
|-mega|p2a: Застилил|Steelix|Steelixite
|move|p1a: Simipour|Fake Out|p2b: Отлупи тапком
|-damage|p2b: Отлупи тапком|75/100
|cant|p2b: Отлупи тапком|flinch
|move|p2a: Застилил|High Horsepower|p1a: Simipour
|-enditem|p1a: Simipour|Focus Sash
|-damage|p1a: Simipour|1/100
|move|p1b: Slowbro|Trick Room|p1b: Slowbro
|-fieldstart|move: Trick Room|[of] p1b: Slowbro
|
|upkeep
|turn|2
|
|t:|1785861954
|move|p1b: Slowbro|Scald|p2a: Застилил
|-supereffective|p2a: Застилил|1
|-damage|p2a: Застилил|40/100
|-status|p2a: Застилил|brn
|move|p2a: Застилил|High Horsepower|p1b: Slowbro
|-crit|p1b: Slowbro
|-damage|p1b: Slowbro|75/100
|move|p1a: Simipour|Ice Beam|p2b: Отлупи тапком
|-damage|p2b: Отлупи тапком|47/100
|move|p2b: Отлупи тапком|Electroweb|p1b: Slowbro|[spread] p1a,p1b
|-supereffective|p1a: Simipour|1
|-supereffective|p1b: Slowbro|1
|-damage|p1a: Simipour|0 fnt
|-damage|p1b: Slowbro|36/100
|-unboost|p1b: Slowbro|spe|1
|faint|p1a: Simipour
|
|-heal|p1b: Slowbro|42/100|[from] item: Leftovers
|-damage|p2a: Застилил|34/100 brn|[from] brn
|upkeep
|
|t:|1785861987
|switch|p1a: Abomasnow|Abomasnow, L50, M|100/100
|-weather|Snowscape|[from] ability: Snow Warning|[of] p1a: Abomasnow
|turn|3
|
|t:|1785862032
|detailschange|p1a: Abomasnow|Abomasnow-Mega, L50, M
|-mega|p1a: Abomasnow|Abomasnow|Abomasite
|move|p2a: Застилил|Protect|p2a: Застилил
|-singleturn|p2a: Застилил|Protect
|move|p2b: Отлупи тапком|Protect|p2b: Отлупи тапком
|-singleturn|p2b: Отлупи тапком|Protect
|move|p1b: Slowbro|Scald|p2a: Застилил
|-activate|p2a: Застилил|move: Protect
|move|p1a: Abomasnow|Blizzard|p2b: Отлупи тапком|[spread] 
|-activate|p2a: Застилил|move: Protect
|-activate|p2b: Отлупи тапком|move: Protect
|
|-weather|Snowscape|[upkeep]
|-heal|p1b: Slowbro|48/100|[from] item: Leftovers
|-damage|p2a: Застилил|28/100 brn|[from] brn
|upkeep
|turn|4
|
|t:|1785862086
|move|p1b: Slowbro|Scald|p2a: Застилил
|-supereffective|p2a: Застилил|1
|-damage|p2a: Застилил|0 fnt
|faint|p2a: Застилил
|move|p1a: Abomasnow|Blizzard|p2b: Отлупи тапком
|-damage|p2b: Отлупи тапком|0 fnt
|faint|p2b: Отлупи тапком
|
|-weather|Snowscape|[upkeep]
|-heal|p1b: Slowbro|54/100|[from] item: Leftovers
|upkeep
|
|t:|1785862099
|switch|p2a: Обезьяна-Гриль|Simisear, L50, F|100/100
|switch|p2b: Не думал о Риме|Mr. Rime, L50, F|100/100
|turn|5
|
|t:|1785862135
|move|p1a: Abomasnow|Protect|p1a: Abomasnow
|-singleturn|p1a: Abomasnow|Protect
|move|p2b: Не думал о Риме|Fake Out|p1b: Slowbro
|-damage|p1b: Slowbro|49/100
|move|p2a: Обезьяна-Гриль|Fake Out|p1a: Abomasnow
|-activate|p1a: Abomasnow|move: Protect
|cant|p1b: Slowbro|flinch
|
|-weather|Snowscape|[upkeep]
|-heal|p1b: Slowbro|55/100|[from] item: Leftovers
|-fieldend|move: Trick Room
|upkeep
|turn|6
|
|t:|1785862161
|switch|p1a: Toucannon|Toucannon, L50, M|100/100
|move|p1b: Slowbro|Protect|p1b: Slowbro
|-singleturn|p1b: Slowbro|Protect
|move|p2a: Обезьяна-Гриль|Flare Blitz|p1a: Toucannon
|-crit|p1a: Toucannon
|-damage|p1a: Toucannon|0 fnt
|faint|p1a: Toucannon
|-damage|p2a: Обезьяна-Гриль|58/100|[from] Recoil
|-damage|p2a: Обезьяна-Гриль|49/100|[from] item: Life Orb
|move|p2b: Не думал о Риме|Freeze-Dry|p1b: Slowbro
|-activate|p1b: Slowbro|move: Protect
|
|-weather|Snowscape|[upkeep]
|-heal|p1b: Slowbro|61/100|[from] item: Leftovers
|upkeep
|c|☆Morty_METPA|Пк-пк
|
|t:|1785862178
|switch|p1a: Abomasnow|Abomasnow-Mega, L50, M|100/100
|turn|7
|
|t:|1785862215
|move|p1a: Abomasnow|Protect|p1a: Abomasnow
|-singleturn|p1a: Abomasnow|Protect
|move|p2a: Обезьяна-Гриль|Flare Blitz|p1a: Abomasnow
|-activate|p1a: Abomasnow|move: Protect
|move|p2b: Не думал о Риме|Freeze-Dry|p1b: Slowbro
|-supereffective|p1b: Slowbro|1
|-damage|p1b: Slowbro|0 fnt
|faint|p1b: Slowbro
|
|-weather|none
|upkeep
|turn|8
|
|t:|1785862232
|move|p2a: Обезьяна-Гриль|Flare Blitz|p1a: Abomasnow
|-supereffective|p1a: Abomasnow|2
|-damage|p1a: Abomasnow|0 fnt
|faint|p1a: Abomasnow
|-damage|p2a: Обезьяна-Гриль|5/100|[from] Recoil
|-damage|p2a: Обезьяна-Гриль|0 fnt|[from] item: Life Orb
|faint|p2a: Обезьяна-Гриль
|
|win|Morty_METPA
|c|☆prince42|gg
|c|☆Morty_METPA|wp
|c|☆prince42|Ты скинешь?
|l|☆prince42
|player|p1|
