|j|☆sebtct
|j|☆akahyden
|html|sebtctakahyden    
|uhtml|bestof|Game 3 of a best-of-3
|t:|1754819267
|gametype|doubles
|player|p1|sebtct|170|1283
|player|p2|akahyden|170|1196
|gen|9
|tier|[Gen 9] VGC 2025 Reg H (Bo3)
|rated|
|rule|Species Clause: Limit one of each Pokémon
|rule|Item Clause: Limit 1 of each item
|clearpoke
|poke|p1|Indeedee, L50, M|
|poke|p1|Hawlucha, L50, F|
|poke|p1|Annihilape, L50, M|
|poke|p1|Amoonguss, L50, F|
|poke|p1|Ninetales-Alola, L50, M|
|poke|p1|Hydreigon, L50, F|
|poke|p2|Incineroar, L50, F|
|poke|p2|Amoonguss, L50, M|
|poke|p2|Ursaluna-Bloodmoon, L50, M|
|poke|p2|Sneasler, L50, F|
|poke|p2|Gholdengo, L50|
|poke|p2|Dragonite, L50, M|
|teampreview|4
|showteam|p1|Indeedee||FocusSash|PsychicSurge|ExpandingForce,TrickRoom,Imprison,TeraBlast|||M|||50|,,,,,Ground]Hawlucha||PsychicSeed|Unburden|CloseCombat,Acrobatics,RockTomb,Protect|||F|||50|,,,,,Flying]Annihilape||ChoiceScarf|Defiant|FinalGambit,CloseCombat,RageFist,Uturn|||M|||50|,,,,,Ghost]Amoonguss||SitrusBerry|Regenerator|PollenPuff,Spore,RagePowder,ClearSmog|||F|||50|,,,,,Water]Ninetales-Alola||NeverMeltIce|SnowWarning|Blizzard,FreezeDry,Encore,Protect|||M|||50|,,,,,Ice]Hydreigon||AssaultVest|Levitate|DarkPulse,DracoMeteor,EarthPower,FlashCannon|||F|||50|,,,,,Ghost
|showteam|p2|Incineroar||SafetyGoggles|Intimidate|FlareBlitz,KnockOff,PartingShot,FakeOut|||F|||50|,,,,,Ghost]Amoonguss||SitrusBerry|Regenerator|Spore,RagePowder,PollenPuff,Protect|||M|||50|,,,,,Psychic]Ursaluna-Bloodmoon||AssaultVest|MindsEye|HyperVoice,BloodMoon,EarthPower,VacuumWave|||M|||50|,,,,,Water]Sneasler||FocusSash|Unburden|CloseCombat,DireClaw,ThroatChop,Protect|||F|||50|,,,,,Stellar]Gholdengo||LifeOrb|GoodasGold|MakeItRain,ShadowBall,NastyPlot,Protect||||||50|,,,,,Water]Dragonite||LoadedDice|Multiscale|ScaleShot,Tailwind,Haze,Protect|||M|||50|,,,,,Fairy
|inactive|Battle timer is ON: inactive players will automatically lose when time's up. (requested by sebtct)
|
|t:|1754819321
|teamsize|p1|4
|teamsize|p2|4
|start
|switch|p1a: Indeedee|Indeedee, L50, M|100/100
|switch|p1b: Annihilape|Annihilape, L50, M|100/100
|switch|p2a: Amoonguss|Amoonguss, L50, M|100/100
|switch|p2b: Dragonite|Dragonite, L50, M|100/100
|-fieldstart|move: Psychic Terrain|[from] ability: Psychic Surge|[of] p1a: Indeedee
|turn|1
|
|t:|1754819339
|move|p2a: Amoonguss|Rage Powder|p2a: Amoonguss
|-singleturn|p2a: Amoonguss|move: Rage Powder
|move|p1b: Annihilape|U-turn|p2a: Amoonguss
|-damage|p2a: Amoonguss|85/100
|
|t:|1754819343
|switch|p1b: Hydreigon|Hydreigon, L50, F|100/100|[from] U-turn
|move|p2b: Dragonite|Tailwind|p2b: Dragonite
|-sidestart|p2: akahyden|move: Tailwind
|move|p1a: Indeedee|Trick Room|p1a: Indeedee
|-fieldstart|move: Trick Room|[of] p1a: Indeedee
|
|upkeep
|turn|2
|
|t:|1754819371
|-terastallize|p2a: Amoonguss|Psychic
|-terastallize|p1b: Hydreigon|Ghost
|move|p2a: Amoonguss|Spore|p1b: Hydreigon
|-status|p1b: Hydreigon|slp|[from] move: Spore
|cant|p1b: Hydreigon|slp
|move|p1a: Indeedee|Expanding Force|p2b: Dragonite|[spread] p2a,p2b
|-resisted|p2a: Amoonguss
|-damage|p2a: Amoonguss|63/100
|-damage|p2b: Dragonite|74/100
|move|p2b: Dragonite|Scale Shot|p1a: Indeedee
|-damage|p1a: Indeedee|67/100
|-damage|p1a: Indeedee|36/100
|-damage|p1a: Indeedee|3/100
|-damage|p1a: Indeedee|0 fnt
|faint|p1a: Indeedee
|-hitcount|p1: Indeedee|4
|-unboost|p2b: Dragonite|def|1
|-boost|p2b: Dragonite|spe|1
|
|upkeep
|
|t:|1754819390
|switch|p1a: Hawlucha|Hawlucha, L50, F|100/100
|-enditem|p1a: Hawlucha|Psychic Seed
|-boost|p1a: Hawlucha|spd|1|[from] item: Psychic Seed
|turn|3
|
|t:|1754819407
|move|p1a: Hawlucha|Protect|p1a: Hawlucha
|-singleturn|p1a: Hawlucha|Protect
|move|p2a: Amoonguss|Rage Powder|p2a: Amoonguss
|-singleturn|p2a: Amoonguss|move: Rage Powder
|-curestatus|p1b: Hydreigon|slp|[msg]
|move|p1b: Hydreigon|Dark Pulse|p2a: Amoonguss
|-supereffective|p2a: Amoonguss
|-damage|p2a: Amoonguss|0 fnt
|faint|p2a: Amoonguss
|move|p2b: Dragonite|Scale Shot|p1b: Hydreigon
|-damage|p1b: Hydreigon|84/100
|-damage|p1b: Hydreigon|68/100
|-damage|p1b: Hydreigon|51/100
|-damage|p1b: Hydreigon|36/100
|-damage|p1b: Hydreigon|18/100
|-hitcount|p1b: Hydreigon|5
|-unboost|p2b: Dragonite|def|1
|-boost|p2b: Dragonite|spe|1
|
|upkeep
|
|t:|1754819416
|switch|p2a: Gholdengo|Gholdengo, L50|100/100
|turn|4
|inactive|sebtct has 30 seconds left.
|
|t:|1754819443
|move|p1b: Hydreigon|Dark Pulse|p2a: Gholdengo
|-supereffective|p2a: Gholdengo
|-damage|p2a: Gholdengo|4/100
|move|p2a: Gholdengo|Shadow Ball|p1b: Hydreigon
|-supereffective|p1b: Hydreigon
|-damage|p1b: Hydreigon|0 fnt
|faint|p1b: Hydreigon
|-damage|p2a: Gholdengo|0 fnt|[from] item: Life Orb
|faint|p2a: Gholdengo
|move|p1a: Hawlucha|Acrobatics|p2b: Dragonite
|-damage|p2b: Dragonite|0 fnt
|faint|p2b: Dragonite
|
|-sideend|p2: akahyden|move: Tailwind
|upkeep
|
|t:|1754819455
|switch|p2b: Sneasler|Sneasler, L50, F|100/100
|switch|p1b: Annihilape|Annihilape, L50, M|100/100
|turn|5
|
|t:|1754819466
|move|p2b: Sneasler|Throat Chop|p1b: Annihilape
|-damage|p1b: Annihilape|72/100
|-start|p1b: Annihilape|Throat Chop|[silent]
|move|p1b: Annihilape|Rage Fist|p2b: Sneasler
|-damage|p2b: Sneasler|33/100
|move|p1a: Hawlucha|Acrobatics|p2b: Sneasler
|-supereffective|p2b: Sneasler
|-damage|p2b: Sneasler|0 fnt
|faint|p2b: Sneasler
|
|win|sebtct
|raw|sebtct's rating: 1283 → 1302(+19 for winning)
|raw|akahyden's rating: 1196 → 1177(-19 for losing)
|l|☆sebtct
|player|p1|
