|j|☆new mental
|j|☆CazTheMazMartin
|html|new mentalCazTheMazMartin    
|uhtml|bestof|Game 2 of a best-of-3
|t:|1783417688
|gametype|doubles
|player|p1|new mental|volkner|1405
|player|p2|CazTheMazMartin|burgh|1310
|gen|9
|tier|[Gen 9 Champions] VGC 2026 Reg M-B (Bo3)
|rated|
|rule|Species Clause: Limit one of each Pokémon
|rule|Item Clause: Limit 1 of each item
|clearpoke
|poke|p1|Aerodactyl, L50, M|
|poke|p1|Garchomp, L50, F|
|poke|p1|Kingambit, L50, F|
|poke|p1|Charizard, L50, M|
|poke|p1|Sylveon, L50, F|
|poke|p1|Farigiraf, L50, M|
|poke|p2|Staraptor, L50, F|
|poke|p2|Delphox, L50, F|
|poke|p2|Kingambit, L50, M|
|poke|p2|Whimsicott, L50, M|
|poke|p2|Garchomp, L50, F|
|poke|p2|Toxapex, L50, F|
|teampreview|4
|showteam|p1|Aerodactyl||Aerodactylite|Unnerve|IceFang,RockSlide,Tailwind,DualWingbeat|Jolly||M|||50|]Garchomp||LifeOrb|RoughSkin|DragonClaw,StompingTantrum,Earthquake,Protect|Jolly||F|||50|]Kingambit||FocusSash|Defiant|SuckerPunch,KowtowCleave,IronHead,LowKick|Adamant||F|||50|]Charizard||CharizarditeY|SolarPower|Protect,HeatWave,SolarBeam,WeatherBall|Timid||M|||50|]Sylveon||FairyFeather|Pixilate|Protect,HyperVoice,HyperBeam,QuickAttack|Modest||F|||50|]Farigiraf||SitrusBerry|ArmorTail|TrickRoom,Thunderbolt,Psychic,Roar|Bold||M|||50|
|showteam|p2|Staraptor||Staraptite|Intimidate|CloseCombat,Roost,BraveBird,Protect|Adamant||F|||50|]Delphox||Delphoxite|Blaze|HeatWave,NastyPlot,Protect,Psyshock|Timid||F|||50|]Kingambit||OccaBerry|Defiant|KowtowCleave,SuckerPunch,IronHead,Protect|Adamant||M|||50|]Whimsicott||FocusSash|Prankster|Moonblast,Tailwind,Charm,Encore|Timid||M|||50|]Garchomp||LifeOrb|RoughSkin|Earthquake,DragonClaw,RockSlide,Protect|Jolly||F|||50|]Toxapex||Leftovers|Regenerator|Toxic,Infestation,BanefulBunker,WideGuard|Calm||F|||50|
|
|t:|1783417720
|teamsize|p1|4
|teamsize|p2|4
|start
|switch|p1a: Garchomp|Garchomp, L50, F|100/100
|switch|p1b: Kingambit|Kingambit, L50, F|100/100
|switch|p2a: Whimsicott|Whimsicott, L50, M|100/100
|switch|p2b: Staraptor|Staraptor, L50, F|100/100
|-ability|p2b: Staraptor|Intimidate|boost
|-unboost|p1a: Garchomp|atk|1
|-unboost|p1b: Kingambit|atk|1
|-ability|p1b: Kingambit|Defiant|boost
|-boost|p1b: Kingambit|atk|2
|turn|1
|
|t:|1783417732
|switch|p1a: Sylveon|Sylveon, L50, F|100/100
|detailschange|p2b: Staraptor|Staraptor-Mega, L50, F
|-mega|p2b: Staraptor|Staraptor|Staraptite
|move|p2a: Whimsicott|Moonblast|p1b: Kingambit
|-damage|p1b: Kingambit|58/100
|move|p2b: Staraptor|Close Combat|p1b: Kingambit
|-supereffective|p1b: Kingambit|2
|-damage|p1b: Kingambit|0 fnt
|-boost|p2b: Staraptor|def|1
|-boost|p2b: Staraptor|spd|1
|faint|p1b: Kingambit
|
|upkeep
|
|t:|1783417741
|switch|p1b: Charizard|Charizard, L50, M|100/100
|turn|2
|
|t:|1783417744
|detailschange|p1b: Charizard|Charizard-Mega-Y, L50, M
|-mega|p1b: Charizard|Charizard|Charizardite Y
|-weather|SunnyDay|[from] ability: Drought|[of] p1b: Charizard
|move|p2a: Whimsicott|Charm|p2b: Staraptor
|-boost|p2b: Staraptor|atk|2
|move|p2b: Staraptor|Brave Bird|p1a: Sylveon
|-damage|p1a: Sylveon|0 fnt
|faint|p1a: Sylveon
|-damage|p2b: Staraptor|65/100|[from] Recoil
|move|p1b: Charizard|Heat Wave|p2a: Whimsicott|[spread] p2a,p2b
|-supereffective|p2a: Whimsicott|1
|-enditem|p2a: Whimsicott|Focus Sash
|-damage|p2a: Whimsicott|1/100
|-damage|p2b: Staraptor|27/100
|
|-weather|SunnyDay|[upkeep]
|upkeep
|
|t:|1783417757
|switch|p1a: Garchomp|Garchomp, L50, F|100/100
|turn|3
|inactive|Battle timer is ON: inactive players will automatically lose when time's up. (requested by CazTheMazMartin)
|
|t:|1783417795
|move|p2b: Staraptor|Protect|p2b: Staraptor
|-singleturn|p2b: Staraptor|Protect
|move|p2a: Whimsicott|Tailwind|p2a: Whimsicott
|-sidestart|p2: CazTheMazMartin|move: Tailwind
|move|p1a: Garchomp|Dragon Claw|p2b: Staraptor
|-activate|p2b: Staraptor|move: Protect
|move|p1b: Charizard|Heat Wave|p2a: Whimsicott|[spread] 
|-activate|p2b: Staraptor|move: Protect
|-miss|p1b: Charizard|p2a: Whimsicott
|
|-weather|SunnyDay|[upkeep]
|upkeep
|turn|4
|
|t:|1783417807
|move|p1a: Garchomp|Protect|p1a: Garchomp
|-singleturn|p1a: Garchomp|Protect
|move|p2a: Whimsicott|Encore|p1a: Garchomp
|-activate|p1a: Garchomp|move: Protect
|move|p2b: Staraptor|Brave Bird|p1b: Charizard
|-damage|p1b: Charizard|0 fnt
|faint|p1b: Charizard
|-damage|p2b: Staraptor|0 fnt|[from] Recoil
|faint|p2b: Staraptor
|
|-weather|SunnyDay|[upkeep]
|upkeep
|
|t:|1783417809
|switch|p2b: Garchomp|Garchomp, L50, F|100/100
|turn|5
|-message|new mental forfeited.
|
|win|CazTheMazMartin
|raw|new mental's rating: 1405 → 1380(-25 for losing)
|raw|CazTheMazMartin's rating: 1310 → 1335(+25 for winning)
|l|☆CazTheMazMartin
|player|p2|
