|j|☆PhantomzTK
|j|☆lukashz
|html|PhantomzTKlukashz    
|uhtml|bestof|Game 1 of a best-of-3
|t:|1782956372
|gametype|doubles
|player|p1|PhantomzTK|caitlin|1315
|player|p2|lukashz|elesa|1324
|gen|9
|tier|[Gen 9 Champions] VGC 2026 Reg M-B (Bo3)
|rated|
|rule|Species Clause: Limit one of each Pokémon
|rule|Item Clause: Limit 1 of each item
|clearpoke
|poke|p1|Kingambit, L50, F|
|poke|p1|Sneasler, L50, F|
|poke|p1|Lycanroc-Dusk, L50, M|
|poke|p1|Scovillain, L50, M|
|poke|p1|Basculegion, L50, M|
|poke|p1|Froslass, L50, F|
|poke|p2|Chandelure, L50, F|
|poke|p2|Kangaskhan, L50, F|
|poke|p2|Basculegion, L50, M|
|poke|p2|Sylveon, L50, F|
|poke|p2|Kingambit, L50, F|
|poke|p2|Sneasler, L50, F|
|teampreview|4
|showteam|p1|Kingambit||BlackGlasses|Defiant|KowtowCleave,SuckerPunch,Protect,SwordsDance|Adamant||F|||50|]Sneasler||WhiteHerb|Unburden|CloseCombat,GunkShot,Protect,FakeOut|Jolly||F|||50|]Lycanroc-Dusk||FocusSash|ToughClaws|RockSlide,CloseCombat,Protect,Accelerock|Adamant||M|||50|]Scovillain||Scovillainite|Moody|Overheat,GigaDrain,Protect,RagePowder|Calm||M|||50|]Basculegion||SitrusBerry|Adaptability|WaveCrash,LastRespects,Protect,AquaJet|Adamant||M|||50|]Froslass||Froslassite|CursedBody|Blizzard,ShadowBall,Protect,AuroraVeil|Timid||F|||50|
|showteam|p2|Chandelure||FocusSash|FlashFire|HeatWave,ShadowBall,TrickRoom,Taunt|Quiet||F|||50|]Kangaskhan||Kangaskhanite|InnerFocus|FakeOut,Facade,DoubleEdge,SuckerPunch|Brave||F|||50|]Basculegion||MysticWater|Adaptability|WaveCrash,LastRespects,AquaJet,Protect|Brave||M|||50|]Sylveon||FairyFeather|Pixilate|HyperVoice,Protect,HyperBeam,QuickAttack|Quiet||F|||50|]Kingambit||BlackGlasses|Defiant|KowtowCleave,SuckerPunch,IronHead,LowKick|Brave||F|||50|]Sneasler||MentalHerb|Unburden|FakeOut,Coaching,CloseCombat,DireClaw|Jolly||F|||50|
|
|t:|1782956405
|teamsize|p1|4
|teamsize|p2|4
|start
|switch|p1a: Sneasler|Sneasler, L50, F|100/100
|switch|p1b: Scovillain|Scovillain, L50, M|100/100
|switch|p2a: Kingambit|Kingambit, L50, F|100/100
|switch|p2b: Sneasler|Sneasler, L50, F|100/100
|turn|1
|inactive|Battle timer is ON: inactive players will automatically lose when time's up. (requested by PhantomzTK)
|
|t:|1782956424
|switch|p2a: Chandelure|Chandelure, L50, F|100/100
|move|p1a: Sneasler|Fake Out|p2b: Sneasler
|-damage|p2b: Sneasler|78/100
|cant|p2b: Sneasler|flinch
|move|p1b: Scovillain|Overheat|p2a: Chandelure
|-start|p2a: Chandelure|ability: Flash Fire
|
|-ability|p1b: Scovillain|Moody|boost
|-boost|p1b: Scovillain|spa|2
|-unboost|p1b: Scovillain|def|1
|upkeep
|turn|2
|
|t:|1782956444
|switch|p1b: Basculegion|Basculegion, L50, M|100/100
|move|p2b: Sneasler|Dire Claw|p1b: Basculegion
|-resisted|p1b: Basculegion|1
|-damage|p1b: Basculegion|79/100
|move|p1a: Sneasler|Close Combat|p2b: Sneasler
|-resisted|p2b: Sneasler|1
|-damage|p2b: Sneasler|30/100
|-unboost|p1a: Sneasler|def|1
|-unboost|p1a: Sneasler|spd|1
|-enditem|p1a: Sneasler|White Herb
|-clearnegativeboost|p1a: Sneasler|[silent]
|move|p2a: Chandelure|Heat Wave|p1b: Basculegion|[spread] p1a,p1b
|-resisted|p1b: Basculegion|1
|-damage|p1a: Sneasler|3/100
|-damage|p1b: Basculegion|47/100
|-status|p1b: Basculegion|brn
|-enditem|p1b: Basculegion|Sitrus Berry|[eat]
|-heal|p1b: Basculegion|72/100 brn|[from] item: Sitrus Berry
|
|-damage|p1b: Basculegion|66/100 brn|[from] brn
|upkeep
|turn|3
|inactive|lukashz has 30 seconds left.
|
|t:|1782956472
|-end|p2a: Chandelure|ability: Flash Fire|[silent]
|switch|p2a: Kingambit|Kingambit, L50, F|100/100
|move|p1a: Sneasler|Protect|p1a: Sneasler
|-singleturn|p1a: Sneasler|Protect
|move|p2b: Sneasler|Coaching|p2a: Kingambit
|-boost|p2a: Kingambit|atk|1
|-boost|p2a: Kingambit|def|1
|move|p1b: Basculegion|Wave Crash|p2a: Kingambit
|-damage|p2a: Kingambit|79/100
|-damage|p1b: Basculegion|59/100 brn|[from] Recoil
|
|-damage|p1b: Basculegion|53/100 brn|[from] brn
|upkeep
|turn|4
|
|t:|1782956494
|switch|p1a: Kingambit|Kingambit, L50, F|100/100
|move|p1b: Basculegion|Aqua Jet|p1a: Kingambit
|-damage|p1a: Kingambit|89/100
|move|p2a: Kingambit|Sucker Punch||[still]
|-fail|p2a: Kingambit
|move|p2b: Sneasler|Dire Claw|p1a: Kingambit
|-immune|p1a: Kingambit
|
|-damage|p1b: Basculegion|47/100 brn|[from] brn
|upkeep
|turn|5
|
|t:|1782956516
|move|p1a: Kingambit|Protect|p1a: Kingambit
|-singleturn|p1a: Kingambit|Protect
|move|p1b: Basculegion|Aqua Jet|p2b: Sneasler
|-damage|p2b: Sneasler|9/100
|move|p2b: Sneasler|Close Combat|p1a: Kingambit
|-activate|p1a: Kingambit|move: Protect
|move|p2a: Kingambit|Low Kick|p1a: Kingambit
|-activate|p1a: Kingambit|move: Protect
|
|-damage|p1b: Basculegion|41/100 brn|[from] brn
|upkeep
|turn|6
|
|t:|1782956528
|switch|p1a: Sneasler|Sneasler, L50, F|3/100
|move|p1b: Basculegion|Aqua Jet|p2b: Sneasler
|-damage|p2b: Sneasler|0 fnt
|faint|p2b: Sneasler
|move|p2a: Kingambit|Low Kick|p1a: Sneasler
|-resisted|p1a: Sneasler|1
|-damage|p1a: Sneasler|0 fnt
|faint|p1a: Sneasler
|
|-damage|p1b: Basculegion|35/100 brn|[from] brn
|upkeep
|
|t:|1782956541
|switch|p1a: Scovillain|Scovillain, L50, M|100/100
|switch|p2b: Sylveon|Sylveon, L50, F|100/100
|turn|7
|
|t:|1782956555
|move|p1b: Basculegion|Protect|p1b: Basculegion
|-singleturn|p1b: Basculegion|Protect
|move|p1a: Scovillain|Protect|p1a: Scovillain
|-singleturn|p1a: Scovillain|Protect
|move|p2a: Kingambit|Sucker Punch||[still]
|-fail|p2a: Kingambit
|move|p2b: Sylveon|Hyper Voice|p1b: Basculegion|[spread] 
|-activate|p1a: Scovillain|move: Protect
|-activate|p1b: Basculegion|move: Protect
|
|-damage|p1b: Basculegion|29/100 brn|[from] brn
|-ability|p1a: Scovillain|Moody|boost
|-boost|p1a: Scovillain|def|2
|-unboost|p1a: Scovillain|spe|1
|upkeep
|turn|8
|
|t:|1782956565
|detailschange|p1a: Scovillain|Scovillain-Mega, L50, M
|-mega|p1a: Scovillain|Scovillain|Scovillainite
|move|p1a: Scovillain|Rage Powder|p1a: Scovillain
|-singleturn|p1a: Scovillain|move: Rage Powder
|move|p2a: Kingambit|Sucker Punch||[still]
|-fail|p2a: Kingambit
|move|p1b: Basculegion|Wave Crash|p2b: Sylveon
|-damage|p2b: Sylveon|51/100
|-damage|p1b: Basculegion|14/100 brn|[from] Recoil
|move|p2b: Sylveon|Hyper Voice|p1a: Scovillain|[spread] p1a,p1b
|-resisted|p1a: Scovillain|1
|-damage|p1a: Scovillain|78/100
|-damage|p1b: Basculegion|0 fnt
|-status|p2b: Sylveon|brn|[from] ability: Spicy Spray|[of] p1a: Scovillain
|faint|p1b: Basculegion
|
|-damage|p2b: Sylveon|45/100 brn|[from] brn
|upkeep
|
|t:|1782956568
|switch|p1b: Kingambit|Kingambit, L50, F|89/100
|turn|9
|
|t:|1782956590
|move|p1a: Scovillain|Rage Powder|p1a: Scovillain
|-singleturn|p1a: Scovillain|move: Rage Powder
|move|p2a: Kingambit|Sucker Punch||[still]
|-fail|p2a: Kingambit
|move|p2b: Sylveon|Hyper Voice|p1a: Scovillain|[spread] p1a,p1b
|-resisted|p1a: Scovillain|1
|-damage|p1a: Scovillain|56/100
|-damage|p1b: Kingambit|42/100
|move|p1b: Kingambit|Kowtow Cleave|p2b: Sylveon
|-resisted|p2b: Sylveon|1
|-damage|p2b: Sylveon|9/100 brn
|
|-damage|p2b: Sylveon|3/100 brn|[from] brn
|upkeep
|turn|10
|
|t:|1782956606
|move|p1b: Kingambit|Protect|p1b: Kingambit
|-singleturn|p1b: Kingambit|Protect
|move|p2a: Kingambit|Sucker Punch|p1a: Scovillain
|-damage|p1a: Scovillain|16/100
|-status|p2a: Kingambit|brn|[from] ability: Spicy Spray|[of] p1a: Scovillain
|move|p2b: Sylveon|Hyper Voice|p1b: Kingambit|[spread] p1a
|-activate|p1b: Kingambit|move: Protect
|-resisted|p1a: Scovillain|1
|-damage|p1a: Scovillain|0 fnt
|faint|p1a: Scovillain
|
|-damage|p2b: Sylveon|0 fnt|[from] brn
|faint|p2b: Sylveon
|-damage|p2a: Kingambit|73/100 brn|[from] brn
|upkeep
|
|t:|1782956613
|switch|p2b: Chandelure|Chandelure, L50, F|100/100
|turn|11
|
|t:|1782956619
|move|p1b: Kingambit|Sucker Punch|p2b: Chandelure
|-supereffective|p2b: Chandelure|1
|-enditem|p2b: Chandelure|Focus Sash
|-damage|p2b: Chandelure|1/100
|move|p2b: Chandelure|Heat Wave|p1b: Kingambit
|-supereffective|p1b: Kingambit|1
|-damage|p1b: Kingambit|0 fnt
|faint|p1b: Kingambit
|
|win|lukashz
||PhantomzTK is ready for game 2.
||lukashz is ready for game 2.
|uhtml|next|Next: Game 2 of 3
|l|☆PhantomzTK
|player|p1|
