|j|☆TheOneAndOnlyChat
|j|☆bighamsterbaseball
|html|TheOneAndOnlyChatbighamsterbaseball    
|uhtml|bestof|Game 1 of a best-of-3
|t:|1782262359
|gametype|doubles
|player|p1|TheOneAndOnlyChat|iono-masters|1067
|player|p2|bighamsterbaseball|pokemaniac|1164
|gen|9
|tier|[Gen 9 Champions] VGC 2026 Reg M-B (Bo3)
|rated|
|rule|Species Clause: Limit one of each Pokémon
|rule|Item Clause: Limit 1 of each item
|clearpoke
|poke|p1|Alakazam, L50, F|
|poke|p1|Meowstic, L50, M|
|poke|p1|Metagross, L50|
|poke|p1|Lycanroc-Dusk, L50, F|
|poke|p1|Sneasler, L50, F|
|poke|p1|Kingambit, L50, F|
|poke|p2|Pyroar, L50, F|
|poke|p2|Scrafty, L50, F|
|poke|p2|Torkoal, L50, F|
|poke|p2|Venusaur, L50, M|
|poke|p2|Farigiraf, L50, M|
|poke|p2|Mamoswine, L50, M|
|teampreview|4
|showteam|p1|Alakazam||Alakazite|InnerFocus|ExpandingForce,EnergyBall,Psychic,Protect|Modest||F|||50|]Meowstic||MentalHerb|Prankster|PsychicTerrain,HelpingHand,FakeOut,Protect|Calm||M|||50|]Metagross||Metagrossite|ClearBody|IronHead,PsychicFangs,Protect,BodyPress|Adamant|||||50|]Lycanroc-Dusk||FocusSash|ToughClaws|Accelerock,Protect,Taunt,Crunch|Adamant||F|||50|]Sneasler||WhiteHerb|Unburden|DireClaw,CloseCombat,FakeOut,Protect|Jolly||F|||50|]Kingambit||BlackGlasses|Defiant|SuckerPunch,KowtowCleave,SwordsDance,Protect|Adamant||F|||50|
|showteam|p2|Pyroar||Pyroarite|Unnerve|HeatWave,Overheat,Yawn,Protect|Timid||F|||50|]Scrafty||Scraftinite|Intimidate|FakeOut,DrainPunch,KnockOff,IcePunch|Adamant||F|||50|]Torkoal||HeatRock|Drought|Eruption,WeatherBall,HelpingHand,Protect|Quiet||F|||50|]Venusaur||LifeOrb|Chlorophyll|EnergyBall,SludgeBomb,EarthPower,Protect|Modest||M|||50|]Farigiraf||SitrusBerry|ArmorTail|Psychic,Thunderbolt,TrickRoom,Protect|Quiet||M|||50|]Mamoswine||FocusSash|Oblivious|IceShard,HighHorsepower,RockSlide,Protect|Adamant||M|||50|
|inactive|Battle timer is ON: inactive players will automatically lose when time's up. (requested by TheOneAndOnlyChat)
|c|☆TheOneAndOnlyChat|glhf
|
|t:|1782262408
|teamsize|p1|4
|teamsize|p2|4
|start
|switch|p1a: Metagross|Metagross, L50|100/100
|switch|p1b: Lycanroc|Lycanroc-Dusk, L50, F|100/100
|switch|p2a: Scrafty|Scrafty, L50, F|100/100
|switch|p2b: Farigiraf|Farigiraf, L50, M|100/100
|-ability|p2a: Scrafty|Intimidate|boost
|-fail|p1a: Metagross|unboost|[from] ability: Clear Body|[of] p1a: Metagross
|-unboost|p1b: Lycanroc|atk|1
|turn|1
|
|t:|1782262429
|detailschange|p1a: Metagross|Metagross-Mega, L50
|-mega|p1a: Metagross|Metagross|Metagrossite
|move|p2a: Scrafty|Fake Out|p1a: Metagross
|-resisted|p1a: Metagross|1
|-damage|p1a: Metagross|95/100
|move|p1b: Lycanroc|Taunt|p2b: Farigiraf
|-start|p2b: Farigiraf|move: Taunt
|cant|p1a: Metagross|flinch
|cant|p2b: Farigiraf|move: Taunt|Trick Room
|
|upkeep
|turn|2
|inactive|TheOneAndOnlyChat has 30 seconds left.
|inactive|bighamsterbaseball has 30 seconds left.
|inactive|bighamsterbaseball has 20 seconds left.
|
|t:|1782262468
|detailschange|p2a: Scrafty|Scrafty-Mega, L50, F
|-mega|p2a: Scrafty|Scrafty|Scraftinite
|-ability|p2a: Scrafty|Intimidate|boost
|-unboost|p1a: Metagross|atk|1
|-unboost|p1b: Lycanroc|atk|1
|move|p1b: Lycanroc|Crunch|p2b: Farigiraf
|-supereffective|p2b: Farigiraf|1
|-damage|p2b: Farigiraf|66/100
|-unboost|p2b: Farigiraf|def|1
|move|p1a: Metagross|Body Press|p2a: Scrafty
|-supereffective|p2a: Scrafty|1
|-damage|p2a: Scrafty|44/100
|move|p2a: Scrafty|Drain Punch|p1b: Lycanroc
|-supereffective|p1b: Lycanroc|1
|-enditem|p1b: Lycanroc|Focus Sash
|-damage|p1b: Lycanroc|1/100
|-heal|p2a: Scrafty|88/100|[from] drain|[of] p1b: Lycanroc
|move|p2b: Farigiraf|Psychic|p1b: Lycanroc
|-damage|p1b: Lycanroc|0 fnt
|faint|p1b: Lycanroc
|
|upkeep
|
|t:|1782262485
|switch|p1b: Sneasler|Sneasler, L50, F|100/100
|turn|3
|
|t:|1782262497
|switch|p2a: Mamoswine|Mamoswine, L50, M|100/100
|switch|p2b: Torkoal|Torkoal, L50, F|100/100
|-weather|SunnyDay|[from] ability: Drought|[of] p2b: Torkoal
|move|p1b: Sneasler|Close Combat|p2a: Mamoswine
|-supereffective|p2a: Mamoswine|1
|-enditem|p2a: Mamoswine|Focus Sash
|-damage|p2a: Mamoswine|1/100
|-unboost|p1b: Sneasler|def|1
|-unboost|p1b: Sneasler|spd|1
|-enditem|p1b: Sneasler|White Herb
|-clearnegativeboost|p1b: Sneasler|[silent]
|move|p1a: Metagross|Body Press|p2a: Mamoswine
|-supereffective|p2a: Mamoswine|1
|-damage|p2a: Mamoswine|0 fnt
|faint|p2a: Mamoswine
|
|-weather|SunnyDay|[upkeep]
|upkeep
|
|t:|1782262511
|switch|p2a: Scrafty|Scrafty-Mega, L50, F|88/100
|-ability|p2a: Scrafty|Intimidate|boost
|-unboost|p1a: Metagross|atk|1
|-unboost|p1b: Sneasler|atk|1
|turn|4
|
|t:|1782262520
|switch|p2a: Farigiraf|Farigiraf, L50, M|66/100
|move|p1b: Sneasler|Protect|p1b: Sneasler
|-singleturn|p1b: Sneasler|Protect
|move|p1a: Metagross|Protect|p1a: Metagross
|-singleturn|p1a: Metagross|Protect
|move|p2b: Torkoal|Eruption|p1a: Metagross|[spread] 
|-activate|p1a: Metagross|move: Protect
|-activate|p1b: Sneasler|move: Protect
|
|-weather|SunnyDay|[upkeep]
|upkeep
|turn|5
|
|t:|1782262540
|move|p2b: Torkoal|Protect|p2b: Torkoal
|-singleturn|p2b: Torkoal|Protect
|move|p1b: Sneasler|Close Combat|p2b: Torkoal
|-activate|p2b: Torkoal|move: Protect
|move|p1a: Metagross|Iron Head|p2a: Farigiraf
|-damage|p2a: Farigiraf|37/100
|-enditem|p2a: Farigiraf|Sitrus Berry|[eat]
|-heal|p2a: Farigiraf|61/100|[from] item: Sitrus Berry
|move|p2a: Farigiraf|Trick Room|p2a: Farigiraf
|-fieldstart|move: Trick Room|[of] p2a: Farigiraf
|
|-weather|SunnyDay|[upkeep]
|upkeep
|turn|6
|
|t:|1782262554
|move|p1a: Metagross|Protect|p1a: Metagross
|-singleturn|p1a: Metagross|Protect
|move|p2b: Torkoal|Eruption|p1b: Sneasler|[spread] p1b
|-activate|p1a: Metagross|move: Protect
|-damage|p1b: Sneasler|0 fnt
|faint|p1b: Sneasler
|move|p2a: Farigiraf|Psychic|p1a: Metagross
|-activate|p1a: Metagross|move: Protect
|
|-weather|SunnyDay|[upkeep]
|upkeep
|
|t:|1782262561
|switch|p1b: Kingambit|Kingambit, L50, F|100/100
|turn|7
|
|t:|1782262576
|move|p2b: Torkoal|Eruption|p1b: Kingambit|[spread] p1a,p1b
|-supereffective|p1a: Metagross|1
|-supereffective|p1b: Kingambit|1
|-damage|p1a: Metagross|0 fnt
|-damage|p1b: Kingambit|0 fnt
|faint|p1a: Metagross
|faint|p1b: Kingambit
|
|win|bighamsterbaseball
|c|☆TheOneAndOnlyChat|ggwp
||TheOneAndOnlyChat is ready for game 2.
||bighamsterbaseball is ready for game 2.
|uhtml|next|Next: Game 2 of 3
|l|☆TheOneAndOnlyChat
|player|p1|
