|j|☆MrMrvz
|j|☆cyanbalthy
|html|MrMrvzcyanbalthy    
|uhtml|bestof|Game 1 of a best-of-3
|t:|1785944147
|gametype|doubles
|player|p1|MrMrvz|ethan|1140
|player|p2|cyanbalthy|265|1248
|gen|9
|tier|[Gen 9 Champions] VGC 2026 Reg M-B (Bo3)
|rated|
|rule|Species Clause: Limit one of each Pokémon
|rule|Item Clause: Limit 1 of each item
|clearpoke
|poke|p1|Feraligatr, L50, M, shiny|
|poke|p1|Staraptor, L50, F|
|poke|p1|Whimsicott, L50, M|
|poke|p1|Glimmora, L50, F|
|poke|p1|Delphox, L50, M|
|poke|p1|Kingambit, L50, M, shiny|
|poke|p2|Delphox, L50, F|
|poke|p2|Raichu, L50, F|
|poke|p2|Primarina, L50, F|
|poke|p2|Incineroar, L50, F|
|poke|p2|Sinistcha, L50|
|poke|p2|Mamoswine, L50, F|
|teampreview|4
|showteam|p1|Feraligatr||LifeOrb|SheerForce|Liquidation,RockSlide,IcePunch,AquaJet|Adamant||M|||50|]Staraptor||Staraptite|Intimidate|BraveBird,CloseCombat,Roost,Protect|Jolly||F|||50|]Whimsicott||OccaBerry|Prankster|Tailwind,Moonblast,Charm,LightScreen|Timid||M|||50|]Glimmora||FocusSash|ToxicDebris|PowerGem,SludgeBomb,EarthPower,SpikyShield|Modest||F|||50|]Delphox||Delphoxite|Blaze|HeatWave,Psychic,Encore,Protect|Timid||M|||50|]Kingambit||ChopleBerry|Defiant|KowtowCleave,IronHead,LowKick,SuckerPunch|Adamant||M|||50|
|showteam|p2|Delphox||Delphoxite|Blaze|HeatWave,Psyshock,NastyPlot,Protect|Modest||F|||50|]Raichu||RaichuniteY|LightningRod|ZapCannon,FocusBlast,FakeOut,Protect|Timid||F|||50|]Primarina||Leftovers|LiquidVoice|HyperVoice,Moonblast,CalmMind,Protect|Modest||F|||50|]Incineroar||SitrusBerry|Intimidate|FlareBlitz,ThroatChop,PartingShot,FakeOut|Careful||F|||50|]Sinistcha||ColburBerry|Hospitality|MatchaGotcha,RagePowder,StrengthSap,Protect|Bold|||||50|]Mamoswine||ChoiceScarf|Oblivious|Earthquake,IcicleCrash,IceShard,RockSlide|Jolly||F|||50|
|
|t:|1785944191
|teamsize|p1|4
|teamsize|p2|4
|start
|switch|p1a: Glimmora|Glimmora, L50, F|100/100
|switch|p1b: Whimsicott|Whimsicott, L50, M|100/100
|switch|p2a: Raichu|Raichu, L50, F|100/100
|switch|p2b: Primarina|Primarina, L50, F|100/100
|turn|1
|inactive|Battle timer is ON: inactive players will automatically lose when time's up. (requested by cyanbalthy)
|
|t:|1785944238
|detailschange|p2a: Raichu|Raichu-Mega-Y, L50, F
|-mega|p2a: Raichu|Raichu|Raichunite Y
|move|p2a: Raichu|Fake Out|p1a: Glimmora
|-resisted|p1a: Glimmora|1
|-damage|p1a: Glimmora|94/100
|-activate|p1a: Glimmora|ability: Toxic Debris
|-sidestart|p2: cyanbalthy|move: Toxic Spikes
|move|p1b: Whimsicott|Tailwind|p1b: Whimsicott
|-sidestart|p1: MrMrvz|move: Tailwind
|cant|p1a: Glimmora|flinch
|move|p2b: Primarina|Calm Mind|p2b: Primarina
|-boost|p2b: Primarina|spa|1
|-boost|p2b: Primarina|spd|1
|
|upkeep
|turn|2
|inactive|cyanbalthy has 30 seconds left.
|
|t:|1785944266
|move|p2b: Primarina|Protect|p2b: Primarina
|-singleturn|p2b: Primarina|Protect
|move|p1b: Whimsicott|Light Screen|p1b: Whimsicott
|-sidestart|p1: MrMrvz|move: Light Screen
|move|p1a: Glimmora|Earth Power|p2a: Raichu
|-supereffective|p2a: Raichu|1
|-damage|p2a: Raichu|15/100
|move|p2a: Raichu|Zap Cannon|p1a: Glimmora
|-damage|p1a: Glimmora|42/100
|-status|p1a: Glimmora|par
|
|upkeep
|turn|3
|
|t:|1785944283
|move|p2a: Raichu|Protect|p2a: Raichu
|-singleturn|p2a: Raichu|Protect
|move|p1b: Whimsicott|Moonblast|p2a: Raichu
|-activate|p2a: Raichu|move: Protect
|move|p1a: Glimmora|Sludge Bomb|p2b: Primarina
|-supereffective|p2b: Primarina|1
|-damage|p2b: Primarina|34/100
|move|p2b: Primarina|Hyper Voice|p1a: Glimmora|[spread] p1a,p1b
|-supereffective|p1a: Glimmora|1
|-crit|p1a: Glimmora
|-resisted|p1b: Whimsicott|1
|-damage|p1a: Glimmora|0 fnt
|-damage|p1b: Whimsicott|77/100
|faint|p1a: Glimmora
|
|-heal|p2b: Primarina|40/100|[from] item: Leftovers
|upkeep
|
|t:|1785944298
|switch|p1a: Feraligatr|Feraligatr, L50, M, shiny|100/100
|turn|4
|
|t:|1785944312
|switch|p2a: Sinistcha|Sinistcha, L50|100/100
|-status|p2a: Sinistcha|psn
|-heal|p2b: Primarina|65/100|[from] ability: Hospitality|[of] p2a: Sinistcha
|move|p1b: Whimsicott|Moonblast|p2b: Primarina
|-damage|p2b: Primarina|51/100
|move|p1a: Feraligatr|Rock Slide|p2b: Primarina|[spread] p2a,p2b
|-damage|p2a: Sinistcha|78/100 psn
|-damage|p2b: Primarina|25/100
|move|p2b: Primarina|Moonblast|p1a: Feraligatr
|-damage|p1a: Feraligatr|59/100
|
|-heal|p2b: Primarina|32/100|[from] item: Leftovers
|-damage|p2a: Sinistcha|66/100 psn|[from] psn
|-sideend|p1: MrMrvz|move: Tailwind
|upkeep
|turn|5
|inactive|MrMrvz has 30 seconds left.
|inactive|MrMrvz has 20 seconds left.
|inactive|MrMrvz has 15 seconds left.
|
|t:|1785944358
|move|p2b: Primarina|Protect|p2b: Primarina
|-singleturn|p2b: Primarina|Protect
|move|p1b: Whimsicott|Moonblast|p2b: Primarina
|-activate|p2b: Primarina|move: Protect
|move|p1a: Feraligatr|Ice Punch|p2a: Sinistcha
|-supereffective|p2a: Sinistcha|1
|-damage|p2a: Sinistcha|3/100 psn
|move|p2a: Sinistcha|Matcha Gotcha|p1a: Feraligatr|[spread] p1a,p1b
|-supereffective|p1a: Feraligatr|1
|-resisted|p1b: Whimsicott|1
|-crit|p1b: Whimsicott
|-damage|p1a: Feraligatr|29/100
|-heal|p2a: Sinistcha|19/100 psn|[from] drain|[of] p1a: Feraligatr
|-damage|p1b: Whimsicott|53/100
|-heal|p2a: Sinistcha|30/100 psn|[from] drain|[of] p1b: Whimsicott
|
|-heal|p2b: Primarina|38/100|[from] item: Leftovers
|-damage|p2a: Sinistcha|17/100 psn|[from] psn
|upkeep
|turn|6
|inactive|cyanbalthy has 30 seconds left.
|inactive|cyanbalthy has 20 seconds left.
|inactive|cyanbalthy has 15 seconds left.
|
|t:|1785944402
|move|p2a: Sinistcha|Rage Powder|p2a: Sinistcha
|-singleturn|p2a: Sinistcha|move: Rage Powder
|move|p1b: Whimsicott|Tailwind|p1b: Whimsicott
|-sidestart|p1: MrMrvz|move: Tailwind
|move|p1a: Feraligatr|Rock Slide|p2b: Primarina|[spread] p2a,p2b
|-damage|p2a: Sinistcha|0 fnt
|-damage|p2b: Primarina|9/100
|faint|p2a: Sinistcha
|move|p2b: Primarina|Moonblast|p1a: Feraligatr
|-damage|p1a: Feraligatr|0 fnt
|faint|p1a: Feraligatr
|
|-heal|p2b: Primarina|15/100|[from] item: Leftovers
|-sideend|p1: MrMrvz|move: Light Screen
|upkeep
|
|t:|1785944415
|switch|p1a: Staraptor|Staraptor, L50, F|100/100
|switch|p2a: Raichu|Raichu-Mega-Y, L50, F|15/100
|-ability|p1a: Staraptor|Intimidate|boost
|-unboost|p2a: Raichu|atk|1
|-unboost|p2b: Primarina|atk|1
|-status|p2a: Raichu|psn
|turn|7
|inactive|MrMrvz has 30 seconds left.
|
|t:|1785944443
|detailschange|p1a: Staraptor|Staraptor-Mega, L50, F
|-mega|p1a: Staraptor|Staraptor|Staraptite
|move|p1a: Staraptor|Protect|p1a: Staraptor
|-singleturn|p1a: Staraptor|Protect
|move|p2a: Raichu|Fake Out|p1a: Staraptor
|-activate|p1a: Staraptor|move: Protect
|move|p1b: Whimsicott|Moonblast|p2b: Primarina
|-damage|p2b: Primarina|0 fnt
|faint|p2b: Primarina
|
|-damage|p2a: Raichu|3/100 psn|[from] psn
|upkeep
|
|t:|1785944453
|switch|p2b: Mamoswine|Mamoswine, L50, F|100/100
|-status|p2b: Mamoswine|psn
|turn|8
|
|t:|1785944463
|move|p1a: Staraptor|Close Combat|p2b: Mamoswine
|-supereffective|p2b: Mamoswine|1
|-damage|p2b: Mamoswine|0 fnt
|-boost|p1a: Staraptor|def|1
|-boost|p1a: Staraptor|spd|1
|faint|p2b: Mamoswine
|move|p1b: Whimsicott|Moonblast|p2a: Raichu
|-damage|p2a: Raichu|0 fnt
|faint|p2a: Raichu
|
|win|MrMrvz
||cyanbalthy is ready for game 2.
||MrMrvz is ready for game 2.
|uhtml|next|Next: Game 2 of 3
